  <div class='ocr_page' id='page_1' title='image "/cluster/home/n/w/nwhite01/storage/ocr_20150623/27/mdp.39015007065769/357.png"; bbox 0 0 3934 6218; ppageno 0'>
   <div class='ocr_carea' id='block_1_1' title="bbox 438 278 3675 353">
    <p class='ocr_par' dir='ltr' id='par_1_1' title="bbox 438 278 3675 353">
     <span class='ocr_line' id='line_1_1' title="bbox 438 278 3675 353; baseline 0.005 -16"><span class='ocrx_word' id='word_1_1' title='bbox 438 278 544 339; x_wconf 72' lang='grc' dir='ltr'><strong>6ῗό</strong></span> <span class='ocrx_word' id='word_1_2' title='bbox 1309 284 1368 342; x_wconf 84' lang='lat' dir='ltr'><strong>S.</strong></span> <span class='ocrx_word' id='word_1_3' title='bbox 1408 284 1776 341; x_wconf 71' lang='lat' dir='ltr'><strong>ATHANASII</strong></span> <span class='ocrx_word' id='word_1_4' title='bbox 1811 286 1960 343; x_wconf 88' lang='lat' dir='ltr'><strong>OPP.</strong></span> <span class='ocrx_word' id='word_1_5' title='bbox 2001 286 2181 344; x_wconf 77' lang='lat' dir='ltr'><strong>PARS</strong></span> <span class='ocrx_word' id='word_1_6' title='bbox 2219 287 2309 343; x_wconf 81' lang='lat' dir='ltr'><strong>Ill.</strong></span> <span class='ocrx_word' id='word_1_7' title='bbox 2341 318 2410 330; x_wconf 91' lang='lat'><strong>—</strong></span> <span class='ocrx_word' id='word_1_8' title='bbox 2444 287 2863 350; x_wconf 73' lang='lat' dir='ltr'><strong>EXEGETICA.</strong></span> <span class='ocrx_word' id='word_1_9' title='bbox 3571 296 3675 353; x_wconf 72' lang='lat'><strong>676</strong></span> 
     </span>
    </p>
   </div>
   <div class='ocr_carea' id='block_1_2' title="bbox 513 395 1973 472">
    <p class='ocr_par' dir='ltr' id='par_1_2' title="bbox 513 395 1376 465">
     <span class='ocr_line' id='line_1_2' title="bbox 513 395 1376 465; baseline 0.001 -12"><span class='ocrx_word' id='word_1_10' title='bbox 513 397 599 453; x_wconf 77' lang='lat' dir='ltr'><strong>M.</strong></span> <span class='ocrx_word' id='word_1_11' title='bbox 624 400 765 455; x_wconf 84' lang='lat' dir='ltr'><strong>Oves</strong></span> <span class='ocrx_word' id='word_1_12' title='bbox 792 404 846 452; x_wconf 88' lang='lat' dir='ltr'><strong>et</strong></span> <span class='ocrx_word' id='word_1_13' title='bbox 876 395 1043 452; x_wconf 80' lang='lat' dir='ltr'><strong>boves</strong></span> <span class='ocrx_word' id='word_1_14' title='bbox 1068 396 1376 465; x_wconf 87' lang='lat' dir='ltr'><strong>universas,</strong></span> 
     </span>
    </p>
   </div>
   <div class='ocr_carea' id='block_1_3' title="bbox 2147 395 3115 472">
    <p class='ocr_par' dir='ltr' id='par_1_3' title="bbox 2190 399 3115 472">
     <span class='ocr_line' id='line_1_3' title="bbox 2190 399 3115 472; baseline 0.006 -20"><span class='ocrx_word' id='word_1_15' title='bbox 2190 399 2276 453; x_wconf 71' lang='lat' dir='ltr'><strong>H.</strong></span> <span class='ocrx_word' id='word_1_16' title='bbox 2314 400 2567 472; x_wconf 81' lang='grc' dir='ltr'>Πρόσατα</span> <span class='ocrx_word' id='word_1_17' title='bbox 2600 403 2694 457; x_wconf 76' lang='grc' dir='ltr'><strong>καὶ</strong></span> <span class='ocrx_word' id='word_1_18' title='bbox 2723 402 2850 472; x_wconf 84' lang='grc' dir='ltr'>βόας</span> <span class='ocrx_word' id='word_1_19' title='bbox 2878 403 3115 471; x_wconf 81' lang='grc' dir='ltr'><strong>ἁπάσας,</strong></span> 
     </span>
    </p>
   </div>
   <div class='ocr_carea' id='block_1_4' title="bbox 510 488 1973 565">
    <p class='ocr_par' dir='ltr' id='par_1_4' title="bbox 510 488 1405 558">
     <span class='ocr_line' id='line_1_4' title="bbox 510 488 1405 558; baseline -0.003 -14"><span class='ocrx_word' id='word_1_20' title='bbox 510 488 600 545; x_wconf 81' lang='grc'><strong>15.</strong></span> <span class='ocrx_word' id='word_1_21' title='bbox 635 488 862 558; x_wconf 88' lang='lat' dir='ltr'><strong>Insuper</strong></span> <span class='ocrx_word' id='word_1_22' title='bbox 885 497 939 543; x_wconf 89' lang='lat' dir='ltr'><strong>et</strong></span> <span class='ocrx_word' id='word_1_23' title='bbox 961 503 1160 558; x_wconf 86' lang='lat' dir='ltr'><strong>pecora</strong></span> <span class='ocrx_word' id='word_1_24' title='bbox 1190 491 1405 558; x_wconf 89' lang='lat' dir='ltr'><strong>campi,</strong></span> 
     </span>
    </p>
   </div>
   <div class='ocr_carea' id='block_1_5' title="bbox 2147 488 3289 565">
    <p class='ocr_par' dir='ltr' id='par_1_5' title="bbox 2192 489 3289 565">
     <span class='ocr_line' id='line_1_5' title="bbox 2192 489 3289 565; baseline 0.005 -23"><span class='ocrx_word' id='word_1_25' title='bbox 2192 489 2276 542; x_wconf 89' lang='grc'><strong>15.</strong></span> <span class='ocrx_word' id='word_1_26' title='bbox 2309 490 2430 542; x_wconf 88' lang='grc' dir='ltr'><strong>Ἔτι</strong></span> <span class='ocrx_word' id='word_1_27' title='bbox 2454 490 2512 543; x_wconf 88' lang='grc' dir='ltr'><strong>δέ</strong></span> <span class='ocrx_word' id='word_1_28' title='bbox 2545 492 2641 545; x_wconf 68' lang='grc' dir='ltr'><strong>καὶ</strong></span> <span class='ocrx_word' id='word_1_29' title='bbox 2666 492 2733 545; x_wconf 81' lang='grc' dir='ltr'><strong>τὰ</strong></span> <span class='ocrx_word' id='word_1_30' title='bbox 2769 495 2939 565; x_wconf 82' lang='grc' dir='ltr'><strong>κτήνη</strong></span> <span class='ocrx_word' id='word_1_31' title='bbox 2966 494 3062 548; x_wconf 82' lang='grc' dir='ltr'>τοῦ</span> <span class='ocrx_word' id='word_1_32' title='bbox 3085 493 3289 562; x_wconf 74' lang='grc' dir='ltr'>πεδίου,</span> 
     </span>
    </p>
   </div>
   <div class='ocr_carea' id='block_1_6' title="bbox 544 578 1973 665">
    <p class='ocr_par' dir='ltr' id='par_1_6' title="bbox 544 578 1588 650">
     <span class='ocr_line' id='line_1_6' title="bbox 544 578 1588 650; baseline 0.002 -16"><span class='ocrx_word' id='word_1_33' title='bbox 544 578 600 634; x_wconf 84' lang='grc'><strong>6.</strong></span> <span class='ocrx_word' id='word_1_34' title='bbox 641 579 898 635; x_wconf 86' lang='lat' dir='ltr'><strong>Volucres</strong></span> <span class='ocrx_word' id='word_1_35' title='bbox 928 581 1073 645; x_wconf 87' lang='lat' dir='ltr'><strong>coeli,</strong></span> <span class='ocrx_word' id='word_1_36' title='bbox 1106 588 1161 634; x_wconf 92' lang='lat' dir='ltr'><strong>et</strong></span> <span class='ocrx_word' id='word_1_37' title='bbox 1195 580 1374 650; x_wconf 83' lang='lat' dir='ltr'><strong>pisces</strong></span> <span class='ocrx_word' id='word_1_38' title='bbox 1399 595 1588 645; x_wconf 84' lang='lat' dir='ltr'><strong>maris,</strong></span> 
     </span>
    </p>
   </div>
   <div class='ocr_carea' id='block_1_7' title="bbox 2147 578 3679 665">
    <p class='ocr_par' dir='ltr' id='par_1_7' title="bbox 2194 582 3679 665">
     <span class='ocr_line' id='line_1_7' title="bbox 2194 582 3679 665; baseline 0.009 -30"><span class='ocrx_word' id='word_1_39' title='bbox 2194 582 2279 638; x_wconf 87' lang='grc'><strong>16.</strong></span> <span class='ocrx_word' id='word_1_40' title='bbox 2308 584 2388 637; x_wconf 84' lang='grc' dir='ltr'><strong>Τὰ</strong></span> <span class='ocrx_word' id='word_1_41' title='bbox 2415 585 2636 640; x_wconf 82' lang='grc' dir='ltr'>πετεινὰ</span> <span class='ocrx_word' id='word_1_42' title='bbox 2674 586 2766 640; x_wconf 82' lang='grc' dir='ltr'>τοῦ</span> <span class='ocrx_word' id='word_1_43' title='bbox 2798 588 3051 660; x_wconf 75' lang='grc' dir='ltr'>οὐρανοῦ,</span> <span class='ocrx_word' id='word_1_44' title='bbox 3088 591 3327 654; x_wconf 75' lang='grc' dir='ltr'>καὶτοὺς</span> <span class='ocrx_word' id='word_1_45' title='bbox 3358 590 3555 665; x_wconf 78' lang='grc' dir='ltr'><strong>ἰχθύας</strong></span> <span class='ocrx_word' id='word_1_46' title='bbox 3583 593 3679 665; x_wconf 76' lang='grc' dir='ltr'>τῆς</span> 
     </span>
    </p>
   </div>
   <div class='ocr_carea' id='block_1_8' title="bbox 576 675 2401 749">
    <p class='ocr_par' dir='ltr' id='par_1_8' title="bbox 576 675 2401 749">
     <span class='ocr_line' id='line_1_8' title="bbox 576 675 2401 749; baseline 0.007 -30"><span class='ocrx_word' id='word_1_47' title='bbox 576 724 582 731; x_wconf 48' lang='grc'><strong>,</strong></span> <span class='ocrx_word' id='word_1_48' title='bbox 2111 675 2401 749; x_wconf 78' lang='grc' dir='ltr'><strong>θαλάσσης,</strong></span> 
     </span>
    </p>
   </div>
   <div class='ocr_carea' id='block_1_9' title="bbox 511 759 1973 844">
    <p class='ocr_par' dir='ltr' id='par_1_9' title="bbox 511 759 1614 831">
     <span class='ocr_line' id='line_1_9' title="bbox 511 759 1614 831; baseline -0.001 -16"><span class='ocrx_word' id='word_1_49' title='bbox 511 762 598 822; x_wconf 83' lang='grc'><strong>17.</strong></span> <span class='ocrx_word' id='word_1_50' title='bbox 626 761 730 828; x_wconf 80' lang='lat' dir='ltr'><strong>Qui</strong></span> <span class='ocrx_word' id='word_1_51' title='bbox 759 760 1136 831; x_wconf 89' lang='lat' dir='ltr'><strong>perambulant</strong></span> <span class='ocrx_word' id='word_1_52' title='bbox 1168 760 1393 816; x_wconf 78' lang='lat' dir='ltr'><strong>semitas</strong></span> <span class='ocrx_word' id='word_1_53' title='bbox 1426 759 1614 814; x_wconf 89' lang='lat' dir='ltr'><strong>maris.</strong></span> 
     </span>
    </p>
   </div>
   <div class='ocr_carea' id='block_1_10' title="bbox 2147 759 3404 844">
    <p class='ocr_par' dir='ltr' id='par_1_10' title="bbox 2182 769 3404 844">
     <span class='ocr_line' id='line_1_10' title="bbox 2182 769 3404 844; baseline 0.005 -21"><span class='ocrx_word' id='word_1_54' title='bbox 2182 770 2266 824; x_wconf 88' lang='grc'><strong>17.</strong></span> <span class='ocrx_word' id='word_1_55' title='bbox 2297 769 2378 823; x_wconf 81' lang='grc' dir='ltr'><strong>Τὰ</strong></span> <span class='ocrx_word' id='word_1_56' title='bbox 2400 769 2827 843; x_wconf 83' lang='grc' dir='ltr'>διαπορευόμενα</span> <span class='ocrx_word' id='word_1_57' title='bbox 2857 771 3076 844; x_wconf 78' lang='grc' dir='ltr'>τρίϐους</span> <span class='ocrx_word' id='word_1_58' title='bbox 3103 773 3404 829; x_wconf 85' lang='grc' dir='ltr'>θαλασσῶν.</span> 
     </span>
    </p>
   </div>
   <div class='ocr_carea' id='block_1_11' title="bbox 510 849 1973 940">
    <p class='ocr_par' dir='ltr' id='par_1_11' title="bbox 510 849 1973 921">
     <span class='ocr_line' id='line_1_11' title="bbox 510 849 1973 921; baseline 0.001 -16"><span class='ocrx_word' id='word_1_59' title='bbox 510 853 596 908; x_wconf 87' lang='grc'><strong>18.</strong></span> <span class='ocrx_word' id='word_1_60' title='bbox 633 852 858 906; x_wconf 87' lang='lat' dir='ltr'><strong>Domine</strong></span> <span class='ocrx_word' id='word_1_61' title='bbox 913 849 1178 905; x_wconf 86' lang='lat' dir='ltr'><strong>Dominus</strong></span> <span class='ocrx_word' id='word_1_62' title='bbox 1220 860 1428 915; x_wconf 90' lang='lat' dir='ltr'><strong>noster,</strong></span> <span class='ocrx_word' id='word_1_63' title='bbox 1491 866 1654 921; x_wconf 89' lang='lat' dir='ltr'><strong>quam</strong></span> <span class='ocrx_word' id='word_1_64' title='bbox 1688 851 1973 907; x_wconf 89' lang='lat' dir='ltr'><strong>admirabil</strong></span> 
     </span>
    </p>
   </div>
   <div class='ocr_carea' id='block_1_12' title="bbox 2147 849 3675 940">
    <p class='ocr_par' dir='ltr' id='par_1_12' title="bbox 2180 860 3675 940">
     <span class='ocr_line' id='line_1_12' title="bbox 2180 860 3675 940; baseline 0.004 -25"><span class='ocrx_word' id='word_1_65' title='bbox 2180 861 2265 915; x_wconf 94' lang='grc'><strong>18.</strong></span> <span class='ocrx_word' id='word_1_66' title='bbox 2297 860 2469 932; x_wconf 83' lang='grc' dir='ltr'>Κύριε</span> <span class='ocrx_word' id='word_1_67' title='bbox 2494 864 2521 915; x_wconf 78' lang='grc' dir='ltr'>ὁ</span> <span class='ocrx_word' id='word_1_68' title='bbox 2555 862 2757 935; x_wconf 84' lang='grc' dir='ltr'>Κύριος</span> <span class='ocrx_word' id='word_1_69' title='bbox 2782 865 2960 936; x_wconf 83' lang='grc' dir='ltr'>ἡμῶν,</span> <span class='ocrx_word' id='word_1_70' title='bbox 2987 864 3063 929; x_wconf 85' lang='grc' dir='ltr'><strong>ὡς</strong></span> <span class='ocrx_word' id='word_1_71' title='bbox 3089 864 3400 935; x_wconf 85' lang='grc' dir='ltr'>θαυμαστὸν</span> <span class='ocrx_word' id='word_1_72' title='bbox 3418 867 3480 920; x_wconf 80' lang='grc' dir='ltr'><strong>τὸ</strong></span> <span class='ocrx_word' id='word_1_73' title='bbox 3504 868 3675 940; x_wconf 71' lang='grc' dir='ltr'>ὄνομά</span> 
     </span>
    </p>
   </div>
   <div class='ocr_carea' id='block_1_13' title="bbox 436 942 1973 1029">
    <p class='ocr_par' dir='ltr' id='par_1_13' title="bbox 436 942 1539 1002">
     <span class='ocr_line' id='line_1_13' title="bbox 436 942 1539 1002; baseline -0.005 0"><span class='ocrx_word' id='word_1_74' title='bbox 436 958 523 1002; x_wconf 89' lang='lat' dir='ltr'><strong>est</strong></span> <span class='ocrx_word' id='word_1_75' title='bbox 552 960 751 1000; x_wconf 90' lang='lat' dir='ltr'><strong>nomen</strong></span> <span class='ocrx_word' id='word_1_76' title='bbox 782 948 935 997; x_wconf 85' lang='lat' dir='ltr'><strong>tu‘um</strong></span> <span class='ocrx_word' id='word_1_77' title='bbox 978 944 1031 997; x_wconf 92' lang='lat' dir='ltr'><strong>in</strong></span> <span class='ocrx_word' id='word_1_78' title='bbox 1070 942 1325 998; x_wconf 87' lang='lat' dir='ltr'><strong>universa</strong></span> <span class='ocrx_word' id='word_1_79' title='bbox 1356 943 1539 998; x_wconf 84' lang='lat' dir='ltr'><strong>terra!</strong></span> 
     </span>
    </p>
   </div>
   <div class='ocr_carea' id='block_1_14' title="bbox 2147 942 2682 1029">
    <p class='ocr_par' dir='ltr' id='par_1_14' title="bbox 2147 956 2682 1029">
     <span class='ocr_line' id='line_1_14' title="bbox 2147 956 2682 1029; baseline 0.006 -22"><span class='ocrx_word' id='word_1_80' title='bbox 2147 972 2202 1007; x_wconf 91' lang='grc' dir='ltr'><strong>ου</strong></span> <span class='ocrx_word' id='word_1_81' title='bbox 2233 956 2289 1008; x_wconf 83' lang='grc' dir='ltr'><strong>ὲν</strong></span> <span class='ocrx_word' id='word_1_82' title='bbox 2312 956 2461 1029; x_wconf 83' lang='grc' dir='ltr'>πάσῃ</span> <span class='ocrx_word' id='word_1_83' title='bbox 2492 958 2557 1027; x_wconf 78' lang='grc' dir='ltr'>τῇ</span> <span class='ocrx_word' id='word_1_84' title='bbox 2588 958 2682 1027; x_wconf 80' lang='grc' dir='ltr'><strong>γῇ.</strong></span> 
     </span>
    </p>
   </div>
   <div class='ocr_carea' id='block_1_15' title="bbox 577 1035 1973 1121">
    <p class='ocr_par' dir='ltr' id='par_1_15' title="bbox 577 1035 1863 1121">
     <span class='ocr_line' id='line_1_15' title="bbox 577 1035 1863 1121; baseline -0.002 -28"><span class='ocrx_word' id='word_1_85' title='bbox 577 1037 643 1093; x_wconf 86' lang='lat' dir='ltr'><strong>In</strong></span> <span class='ocrx_word' id='word_1_86' title='bbox 680 1038 834 1091; x_wconf 75' lang='lat' dir='ltr'><strong>linem</strong></span> <span class='ocrx_word' id='word_1_87' title='bbox 872 1053 965 1090; x_wconf 75' lang='lat' dir='ltr'><strong>vro</strong></span> <span class='ocrx_word' id='word_1_88' title='bbox 990 1036 1218 1121; x_wconf 57' lang='lat' dir='ltr'><strong>occultis</strong></span> <span class='ocrx_word' id='word_1_89' title='bbox 1244 1036 1372 1121; x_wconf 54' lang='lat' dir='ltr'><strong>ﬁlii,</strong></span> <span class='ocrx_word' id='word_1_90' title='bbox 1396 1035 1632 1106; x_wconf 79' lang='lat' dir='ltr'><strong>psalmus</strong></span> <span class='ocrx_word' id='word_1_91' title='bbox 1669 1035 1863 1090; x_wconf 77' lang='lat' dir='ltr'><strong>David.</strong></span> 
     </span>
    </p>
   </div>
   <div class='ocr_carea' id='block_1_16' title="bbox 2147 1035 3679 1121">
    <p class='ocr_par' dir='ltr' id='par_1_16' title="bbox 2147 1046 3679 1121">
     <span class='ocr_line' id='line_1_16' title="bbox 2147 1046 3679 1121; baseline 0.004 -21"><span class='ocrx_word' id='word_1_92' title='bbox 2147 1049 2212 1113; x_wconf 72' lang='grc' dir='ltr'><strong>ῗὶς</strong></span> <span class='ocrx_word' id='word_1_93' title='bbox 2237 1047 2303 1101; x_wconf 80' lang='grc' dir='ltr'>τὸ</span> <span class='ocrx_word' id='word_1_94' title='bbox 2332 1046 2506 1114; x_wconf 74' lang='grc' dir='ltr'>τέλος</span> <span class='ocrx_word' id='word_1_95' title='bbox 2535 1049 2687 1118; x_wconf 82' lang='grc' dir='ltr'><strong>ὑπὲρ</strong></span> <span class='ocrx_word' id='word_1_96' title='bbox 2724 1049 2841 1103; x_wconf 77' lang='grc' dir='ltr'><strong>τῶν</strong></span> <span class='ocrx_word' id='word_1_97' title='bbox 2870 1052 3139 1121; x_wconf 66' lang='grc' dir='ltr'>κρυφίων</span> <span class='ocrx_word' id='word_1_98' title='bbox 3168 1049 3278 1106; x_wconf 82' lang='grc' dir='ltr'>τοῦ</span> <span class='ocrx_word' id='word_1_99' title='bbox 3316 1051 3476 1116; x_wconf 80' lang='grc' dir='ltr'>υἱοῦ,</span> <span class='ocrx_word' id='word_1_100' title='bbox 3523 1054 3679 1119; x_wconf 69' lang='grc' dir='ltr'><strong>ψαλ-</strong></span> 
     </span>
    </p>
   </div>
   <div class='ocr_carea' id='block_1_17' title="bbox 1046 1118 1973 1202">
    <p class='ocr_par' dir='ltr' id='par_1_17' title="bbox 1046 1118 1395 1175">
     <span class='ocr_line' id='line_1_17' title="bbox 1046 1118 1395 1175; baseline 0 -1"><span class='ocrx_word' id='word_1_101' title='bbox 1046 1118 1250 1175; x_wconf 89' lang='lat' dir='ltr'><strong>PSAL.</strong></span> <span class='ocrx_word' id='word_1_102' title='bbox 1287 1118 1395 1174; x_wconf 85' lang='lat' dir='ltr'><strong>IX.</strong></span> 
     </span>
    </p>
   </div>
   <div class='ocr_carea' id='block_1_18' title="bbox 2147 1118 3269 1202">
    <p class='ocr_par' dir='ltr' id='par_1_18' title="bbox 2505 1118 3269 1202">
     <span class='ocr_line' id='line_1_18' title="bbox 2505 1118 3269 1202; baseline 0.005 -17"><span class='ocrx_word' id='word_1_103' title='bbox 2505 1133 2620 1202; x_wconf 79' lang='grc' dir='ltr'><strong>μὸς</strong></span> <span class='ocrx_word' id='word_1_104' title='bbox 2646 1133 2727 1199; x_wconf 82' lang='grc' dir='ltr'>τῷ</span> <span class='ocrx_word' id='word_1_105' title='bbox 2754 1118 2949 1188; x_wconf 77' lang='grc' dir='ltr'><strong>Δαϐίδ.</strong></span> <span class='ocrx_word' id='word_1_106' title='bbox 2983 1118 3155 1190; x_wconf 69' lang='grc' dir='ltr'><strong>ΨΑΛ.</strong></span> <span class='ocrx_word' id='word_1_107' title='bbox 3189 1137 3269 1190; x_wconf 75' lang='lat'><strong>8&#39;.</strong></span> 
     </span>
    </p>
   </div>
   <div class='ocr_carea' id='block_1_19' title="bbox 506 1210 1973 1299">
    <p class='ocr_par' dir='ltr' id='par_1_19' title="bbox 506 1210 1943 1276">
     <span class='ocr_line' id='line_1_19' title="bbox 506 1210 1943 1276; baseline -0.001 -11"><span class='ocrx_word' id='word_1_108' title='bbox 506 1210 559 1265; x_wconf 90' lang='grc'><strong>1.</strong></span> <span class='ocrx_word' id='word_1_109' title='bbox 590 1210 902 1265; x_wconf 83' lang='lat' dir='ltr'><strong>Conlitebor</strong></span> <span class='ocrx_word' id='word_1_110' title='bbox 932 1211 1050 1276; x_wconf 88' lang='lat' dir='ltr'><strong>tibi,</strong></span> <span class='ocrx_word' id='word_1_111' title='bbox 1085 1210 1333 1275; x_wconf 89' lang='lat' dir='ltr'><strong>Domine,</strong></span> <span class='ocrx_word' id='word_1_112' title='bbox 1367 1211 1422 1266; x_wconf 90' lang='lat' dir='ltr'><strong>in</strong></span> <span class='ocrx_word' id='word_1_113' title='bbox 1457 1219 1571 1267; x_wconf 90' lang='lat' dir='ltr'><strong>toto</strong></span> <span class='ocrx_word' id='word_1_114' title='bbox 1601 1210 1765 1265; x_wconf 90' lang='lat' dir='ltr'><strong>corde</strong></span> <span class='ocrx_word' id='word_1_115' title='bbox 1790 1224 1943 1275; x_wconf 92' lang='lat' dir='ltr'><strong>meo;</strong></span> 
     </span>
    </p>
   </div>
   <div class='ocr_carea' id='block_1_20' title="bbox 2147 1210 3674 1299">
    <p class='ocr_par' dir='ltr' id='par_1_20' title="bbox 2179 1223 3674 1299">
     <span class='ocr_line' id='line_1_20' title="bbox 2179 1223 3674 1299; baseline 0.004 -24"><span class='ocrx_word' id='word_1_116' title='bbox 2179 1223 2232 1276; x_wconf 92' lang='grc'><strong>1.</strong></span> <span class='ocrx_word' id='word_1_117' title='bbox 2268 1223 2760 1296; x_wconf 71' lang='grc' dir='ltr'>Ἐξομολογήσομαί</span> <span class='ocrx_word' id='word_1_118' title='bbox 2783 1243 2886 1289; x_wconf 82' lang='grc' dir='ltr'><strong>σοι,</strong></span> <span class='ocrx_word' id='word_1_119' title='bbox 2909 1225 3103 1298; x_wconf 80' lang='grc' dir='ltr'><strong>Κύριε,</strong></span> <span class='ocrx_word' id='word_1_120' title='bbox 3128 1228 3186 1280; x_wconf 83' lang='grc' dir='ltr'>ὲν</span> <span class='ocrx_word' id='word_1_121' title='bbox 3207 1225 3303 1299; x_wconf 75' lang='grc' dir='ltr'><strong>ὅλῃ</strong></span> <span class='ocrx_word' id='word_1_122' title='bbox 3331 1223 3529 1299; x_wconf 75' lang='grc' dir='ltr'>καρδίᾳ</span> <span class='ocrx_word' id='word_1_123' title='bbox 3554 1243 3674 1298; x_wconf 80' lang='grc' dir='ltr'>μου·</span> 
     </span>
    </p>
   </div>
   <div class='ocr_carea' id='block_1_21' title="bbox 506 1300 1973 1391">
    <p class='ocr_par' dir='ltr' id='par_1_21' title="bbox 506 1300 1492 1358">
     <span class='ocr_line' id='line_1_21' title="bbox 506 1300 1492 1358; baseline 0.001 -3"><span class='ocrx_word' id='word_1_124' title='bbox 506 1300 561 1358; x_wconf 79' lang='lat'><strong>2.</strong></span> <span class='ocrx_word' id='word_1_125' title='bbox 589 1301 833 1355; x_wconf 83' lang='lat' dir='ltr'><strong>Narrabo</strong></span> <span class='ocrx_word' id='word_1_126' title='bbox 867 1301 1050 1356; x_wconf 83' lang='lat' dir='ltr'><strong>omnia</strong></span> <span class='ocrx_word' id='word_1_127' title='bbox 1075 1300 1346 1355; x_wconf 83' lang='lat' dir='ltr'><strong>mirabilia</strong></span> <span class='ocrx_word' id='word_1_128' title='bbox 1377 1308 1492 1356; x_wconf 91' lang='lat' dir='ltr'><strong>tua.</strong></span> 
     </span>
    </p>
   </div>
   <div class='ocr_carea' id='block_1_22' title="bbox 2147 1300 3429 1391">
    <p class='ocr_par' dir='ltr' id='par_1_22' title="bbox 2176 1316 3429 1391">
     <span class='ocr_line' id='line_1_22' title="bbox 2176 1316 3429 1391; baseline 0.004 -22"><span class='ocrx_word' id='word_1_129' title='bbox 2176 1316 2230 1370; x_wconf 75' lang='grc'><strong>2.</strong></span> <span class='ocrx_word' id='word_1_130' title='bbox 2265 1317 2601 1388; x_wconf 79' lang='grc' dir='ltr'><strong>Διηγήσομαι</strong></span> <span class='ocrx_word' id='word_1_131' title='bbox 2641 1319 2815 1372; x_wconf 83' lang='grc' dir='ltr'>πάντα</span> <span class='ocrx_word' id='word_1_132' title='bbox 2840 1319 2908 1372; x_wconf 83' lang='grc' dir='ltr'>τὰ</span> <span class='ocrx_word' id='word_1_133' title='bbox 2937 1319 3217 1391; x_wconf 73' lang='grc' dir='ltr'>θαυμάσια</span> <span class='ocrx_word' id='word_1_134' title='bbox 3248 1337 3362 1374; x_wconf 88' lang='grc' dir='ltr'>σου.</span> <span class='ocrx_word' id='word_1_135' title='bbox 3424 1372 3429 1381; x_wconf 81' lang='grc'><strong>,</strong></span> 
     </span>
    </p>
   </div>
   <div class='ocr_carea' id='block_1_23' title="bbox 507 1392 1973 1482">
    <p class='ocr_par' dir='ltr' id='par_1_23' title="bbox 507 1392 1576 1457">
     <span class='ocr_line' id='line_1_23' title="bbox 507 1392 1576 1457; baseline -0.001 -8"><span class='ocrx_word' id='word_1_136' title='bbox 507 1394 561 1449; x_wconf 84' lang='grc'><strong>5.</strong></span> <span class='ocrx_word' id='word_1_137' title='bbox 592 1392 841 1450; x_wconf 78' lang='lat' dir='ltr'><strong>Laetabor</strong></span> <span class='ocrx_word' id='word_1_138' title='bbox 866 1403 920 1449; x_wconf 88' lang='lat' dir='ltr'><strong>et</strong></span> <span class='ocrx_word' id='word_1_139' title='bbox 951 1393 1237 1449; x_wconf 79' lang='lat' dir='ltr'><strong>exsultabo</strong></span> <span class='ocrx_word' id='word_1_140' title='bbox 1259 1393 1313 1446; x_wconf 91' lang='lat' dir='ltr'><strong>in</strong></span> <span class='ocrx_word' id='word_1_141' title='bbox 1359 1401 1441 1457; x_wconf 91' lang='lat' dir='ltr'><strong>te;</strong></span> <span class='ocrx_word' id='word_1_142' title='bbox 1570 1409 1576 1417; x_wconf 86' lang='lat'>&#39;</span> 
     </span>
    </p>
   </div>
   <div class='ocr_carea' id='block_1_24' title="bbox 2147 1392 3515 1482">
    <p class='ocr_par' dir='ltr' id='par_1_24' title="bbox 2176 1407 3515 1482">
     <span class='ocr_line' id='line_1_24' title="bbox 2176 1407 3515 1482; baseline 0.001 -21"><span class='ocrx_word' id='word_1_143' title='bbox 2176 1407 2227 1461; x_wconf 92' lang='grc'><strong>5.</strong></span> <span class='ocrx_word' id='word_1_144' title='bbox 2263 1408 2722 1480; x_wconf 82' lang='grc' dir='ltr'>Εὐφρανθήσομαι</span> <span class='ocrx_word' id='word_1_145' title='bbox 2750 1411 2845 1465; x_wconf 76' lang='grc' dir='ltr'><strong>καὶ</strong></span> <span class='ocrx_word' id='word_1_146' title='bbox 2873 1411 3272 1482; x_wconf 81' lang='grc' dir='ltr'>ἀγαλλιάσομαι</span> <span class='ocrx_word' id='word_1_147' title='bbox 3303 1414 3359 1464; x_wconf 85' lang='grc' dir='ltr'><strong>ἐν</strong></span> <span class='ocrx_word' id='word_1_148' title='bbox 3398 1410 3478 1465; x_wconf 82' lang='grc' dir='ltr'><strong>σοί</strong></span> <span class='ocrx_word' id='word_1_149' title='bbox 3500 1427 3515 1441; x_wconf 73' lang='grc' dir='ltr'><strong><em>ο</em></strong></span> 
     </span>
    </p>
   </div>
   <div class='ocr_carea' id='block_1_25' title="bbox 506 1483 1973 1573">
    <p class='ocr_par' dir='ltr' id='par_1_25' title="bbox 506 1483 1511 1551">
     <span class='ocr_line' id='line_1_25' title="bbox 506 1483 1511 1551; baseline -0.001 -12"><span class='ocrx_word' id='word_1_150' title='bbox 506 1483 562 1539; x_wconf 71' lang='grc'><strong>4.</strong></span> <span class='ocrx_word' id='word_1_151' title='bbox 586 1484 820 1540; x_wconf 86' lang='lat' dir='ltr'><strong>Psallam</strong></span> <span class='ocrx_word' id='word_1_152' title='bbox 850 1485 1057 1539; x_wconf 85' lang='lat' dir='ltr'><strong>nomini</strong></span> <span class='ocrx_word' id='word_1_153' title='bbox 1091 1493 1205 1551; x_wconf 87' lang='lat' dir='ltr'><strong>tuo,</strong></span> <span class='ocrx_word' id='word_1_154' title='bbox 1229 1483 1511 1540; x_wconf 86' lang='lat' dir='ltr'><strong>Altissime</strong></span> 
     </span>
    </p>
   </div>
   <div class='ocr_carea' id='block_1_26' title="bbox 2147 1483 3216 1573">
    <p class='ocr_par' dir='ltr' id='par_1_26' title="bbox 2174 1498 3216 1573">
     <span class='ocr_line' id='line_1_26' title="bbox 2174 1498 3216 1573; baseline 0.005 -22"><span class='ocrx_word' id='word_1_155' title='bbox 2174 1498 2228 1552; x_wconf 79' lang='grc'><strong>4.</strong></span> <span class='ocrx_word' id='word_1_156' title='bbox 2264 1499 2434 1552; x_wconf 81' lang='grc' dir='ltr'><strong>Ψαλῶ</strong></span> <span class='ocrx_word' id='word_1_157' title='bbox 2465 1500 2542 1572; x_wconf 82' lang='grc' dir='ltr'>τῷ</span> <span class='ocrx_word' id='word_1_158' title='bbox 2574 1501 2798 1572; x_wconf 81' lang='grc' dir='ltr'>ὀνόματί</span> <span class='ocrx_word' id='word_1_159' title='bbox 2820 1519 2936 1565; x_wconf 86' lang='grc' dir='ltr'>σου,</span> <span class='ocrx_word' id='word_1_160' title='bbox 2961 1503 3216 1573; x_wconf 53' lang='lat' dir='ltr'><strong>&quot;rupices,</strong></span> 
     </span>
    </p>
   </div>
   <div class='ocr_carea' id='block_1_27' title="bbox 507 1575 1973 1667">
    <p class='ocr_par' dir='ltr' id='par_1_27' title="bbox 507 1575 1933 1643">
     <span class='ocr_line' id='line_1_27' title="bbox 507 1575 1933 1643; baseline -0.001 -12"><span class='ocrx_word' id='word_1_161' title='bbox 507 1575 562 1631; x_wconf 92' lang='grc'><strong>5.</strong></span> <span class='ocrx_word' id='word_1_162' title='bbox 594 1577 651 1631; x_wconf 84' lang='grc' dir='ltr'><strong>1η</strong></span> <span class='ocrx_word' id='word_1_163' title='bbox 683 1577 1048 1632; x_wconf 88' lang='lat' dir='ltr'><strong>convertendo</strong></span> <span class='ocrx_word' id='word_1_164' title='bbox 1083 1577 1362 1632; x_wconf 89' lang='lat' dir='ltr'><strong>inimicum</strong></span> <span class='ocrx_word' id='word_1_165' title='bbox 1394 1590 1573 1630; x_wconf 89' lang='lat' dir='ltr'><strong>meum</strong></span> <span class='ocrx_word' id='word_1_166' title='bbox 1595 1582 1933 1643; x_wconf 83' lang='lat' dir='ltr'><strong>retrorsum;</strong></span> 
     </span>
    </p>
   </div>
   <div class='ocr_carea' id='block_1_28' title="bbox 2147 1575 3671 1667">
    <p class='ocr_par' dir='ltr' id='par_1_28' title="bbox 2172 1591 3671 1667">
     <span class='ocr_line' id='line_1_28' title="bbox 2172 1591 3671 1667; baseline 0.004 -22"><span class='ocrx_word' id='word_1_167' title='bbox 2172 1591 2224 1645; x_wconf 87' lang='lat'><strong>5.</strong></span> <span class='ocrx_word' id='word_1_168' title='bbox 2243 1591 2331 1644; x_wconf 82' lang='grc' dir='ltr'>Ἐν</span> <span class='ocrx_word' id='word_1_169' title='bbox 2343 1591 2421 1662; x_wconf 85' lang='grc' dir='ltr'><strong>τῷ</strong></span> <span class='ocrx_word' id='word_1_170' title='bbox 2435 1594 2849 1665; x_wconf 75' lang='grc' dir='ltr'><strong>ἀποστραφῆναι</strong></span> <span class='ocrx_word' id='word_1_171' title='bbox 2865 1594 2955 1647; x_wconf 74' lang='grc' dir='ltr'>τὸν</span> <span class='ocrx_word' id='word_1_172' title='bbox 2972 1595 3162 1666; x_wconf 84' lang='grc' dir='ltr'>ἐχθρόν</span> <span class='ocrx_word' id='word_1_173' title='bbox 3183 1613 3282 1667; x_wconf 85' lang='grc' dir='ltr'><strong>μου</strong></span> <span class='ocrx_word' id='word_1_174' title='bbox 3305 1596 3386 1661; x_wconf 69' lang='grc' dir='ltr'>εἰς</span> <span class='ocrx_word' id='word_1_175' title='bbox 3396 1597 3466 1651; x_wconf 84' lang='grc' dir='ltr'>τὰ</span> <span class='ocrx_word' id='word_1_176' title='bbox 3479 1598 3671 1657; x_wconf 82' lang='grc' dir='ltr'>ὀπισω.</span> 
     </span>
    </p>
   </div>
   <div class='ocr_carea' id='block_1_29' title="bbox 508 1663 3669 1761">
    <p class='ocr_par' dir='ltr' id='par_1_29' title="bbox 508 1663 3669 1761">
     <span class='ocr_line' id='line_1_29' title="bbox 508 1663 3669 1761; baseline 0.005 -30"><span class='ocrx_word' id='word_1_177' title='bbox 508 1667 563 1722; x_wconf 76' lang='grc' dir='ltr'><strong>6ο</strong></span> <span class='ocrx_word' id='word_1_178' title='bbox 593 1666 1040 1732; x_wconf 63' lang='grc' dir='ltr'><strong>Ῑιιίίνῐηδδυηῑιπ»</strong></span> <span class='ocrx_word' id='word_1_179' title='bbox 1073 1674 1128 1720; x_wconf 69' lang='grc' dir='ltr'><strong>ει</strong></span> <span class='ocrx_word' id='word_1_180' title='bbox 1161 1665 1418 1736; x_wconf 65' lang='grc' dir='ltr'><strong>Ρθτίδυηι</strong></span> <span class='ocrx_word' id='word_1_181' title='bbox 1437 1680 1466 1719; x_wconf 75' lang='grc'><strong>³</strong></span> <span class='ocrx_word' id='word_1_182' title='bbox 1496 1663 1636 1719; x_wconf 64' lang='lat' dir='ltr'><strong>faeie</strong></span> <span class='ocrx_word' id='word_1_183' title='bbox 1662 1672 1774 1718; x_wconf 67' lang='lat'><strong>“13-</strong></span> <span class='ocrx_word' id='word_1_184' title='bbox 2176 1680 2227 1734; x_wconf 89' lang='grc'><strong>6.</strong></span> <span class='ocrx_word' id='word_1_185' title='bbox 2247 1663 2643 1755; x_wconf 80' lang='grc' dir='ltr'>Ἀσθενήσουσι,</span> <span class='ocrx_word' id='word_1_186' title='bbox 2667 1663 2760 1738; x_wconf 65' lang='grc' dir='ltr'>καὶ.</span> <span class='ocrx_word' id='word_1_187' title='bbox 2776 1663 3102 1741; x_wconf 78' lang='grc' dir='ltr'>ἀπολοῦνται</span> <span class='ocrx_word' id='word_1_188' title='bbox 3120 1663 3226 1742; x_wconf 82' lang='grc' dir='ltr'><strong>ἀπὸ</strong></span> <span class='ocrx_word' id='word_1_189' title='bbox 3243 1689 3535 1761; x_wconf 82' lang='grc' dir='ltr'>προσώπου</span> <span class='ocrx_word' id='word_1_190' title='bbox 3558 1709 3669 1747; x_wconf 88' lang='grc' dir='ltr'>σου.</span> 
     </span>
    </p>
   </div>
   <div class='ocr_carea' id='block_1_30' title="bbox 503 1757 1973 1855">
    <p class='ocr_par' dir='ltr' id='par_1_30' title="bbox 503 1757 1973 1829">
     <span class='ocr_line' id='line_1_30' title="bbox 503 1757 1973 1829; baseline -0.002 -16"><span class='ocrx_word' id='word_1_191' title='bbox 503 1759 558 1813; x_wconf 90' lang='lat'><strong>7.</strong></span> <span class='ocrx_word' id='word_1_192' title='bbox 586 1759 852 1826; x_wconf 81' lang='lat' dir='ltr'><strong>Quoniam</strong></span> <span class='ocrx_word' id='word_1_193' title='bbox 906 1757 1082 1814; x_wconf 81' lang='lat' dir='ltr'><strong>fecisti</strong></span> <span class='ocrx_word' id='word_1_194' title='bbox 1126 1757 1393 1829; x_wconf 85' lang='lat' dir='ltr'><strong>judicium</strong></span> <span class='ocrx_word' id='word_1_195' title='bbox 1439 1772 1645 1822; x_wconf 89' lang='lat' dir='ltr'><strong>meum,</strong></span> <span class='ocrx_word' id='word_1_196' title='bbox 1696 1765 1751 1811; x_wconf 91' lang='lat' dir='ltr'><strong>et</strong></span> <span class='ocrx_word' id='word_1_197' title='bbox 1781 1772 1973 1813; x_wconf 81' lang='lat' dir='ltr'><strong>causan</strong></span> 
     </span>
    </p>
   </div>
   <div class='ocr_carea' id='block_1_31' title="bbox 2147 1757 3673 1855">
    <p class='ocr_par' dir='ltr' id='par_1_31' title="bbox 2176 1757 3673 1855">
     <span class='ocr_line' id='line_1_31' title="bbox 2176 1757 3673 1855; baseline 0.007 -29"><span class='ocrx_word' id='word_1_198' title='bbox 2176 1771 2228 1827; x_wconf 81' lang='lat'><strong>7.</strong></span> <span class='ocrx_word' id='word_1_199' title='bbox 2259 1774 2381 1827; x_wconf 86' lang='grc' dir='ltr'><strong>Ὅτι</strong></span> <span class='ocrx_word' id='word_1_200' title='bbox 2429 1775 2693 1848; x_wconf 80' lang='grc' dir='ltr'>ἐποίησας</span> <span class='ocrx_word' id='word_1_201' title='bbox 2745 1777 2843 1850; x_wconf 83' lang='grc' dir='ltr'>τὴν</span> <span class='ocrx_word' id='word_1_202' title='bbox 2895 1779 3074 1847; x_wconf 81' lang='grc' dir='ltr'><strong>κρίσιν</strong></span> <span class='ocrx_word' id='word_1_203' title='bbox 3119 1798 3220 1851; x_wconf 85' lang='grc' dir='ltr'><strong>μου</strong></span> <span class='ocrx_word' id='word_1_204' title='bbox 3258 1757 3351 1835; x_wconf 83' lang='grc' dir='ltr'>καὶ</span> <span class='ocrx_word' id='word_1_205' title='bbox 3389 1782 3488 1854; x_wconf 77' lang='grc' dir='ltr'>τὴν</span> <span class='ocrx_word' id='word_1_206' title='bbox 3522 1783 3673 1855; x_wconf 79' lang='grc' dir='ltr'>δίκην</span> 
     </span>
    </p>
   </div>
   <div class='ocr_carea' id='block_1_32' title="bbox 434 1864 1973 1935">
    <p class='ocr_par' dir='ltr' id='par_1_32' title="bbox 434 1864 891 1916">
     <span class='ocr_line' id='line_1_32' title="bbox 434 1864 891 1916; baseline 0.002 -13"><span class='ocrx_word' id='word_1_207' title='bbox 434 1864 610 1904; x_wconf 87' lang='lat' dir='ltr'><strong>meam</strong></span> <span class='ocrx_word' id='word_1_208' title='bbox 632 1866 647 1916; x_wconf 88' lang='lat'><strong>;</strong></span> <span class='ocrx_word' id='word_1_209' title='bbox 884 1864 891 1871; x_wconf 74' lang='lat'><strong><em>‘</em></strong></span> 
     </span>
    </p>
   </div>
   <div class='ocr_carea' id='block_1_33' title="bbox 2147 1864 2243 1935">
    <p class='ocr_par' dir='ltr' id='par_1_33' title="bbox 2147 1879 2243 1917">
     <span class='ocr_line' id='line_1_33' title="bbox 2147 1879 2243 1917; baseline 0 -1"><span class='ocrx_word' id='word_1_210' title='bbox 2147 1881 2212 1917; x_wconf 83' lang='grc' dir='ltr'><strong>.ου</strong></span> <span class='ocrx_word' id='word_1_211' title='bbox 2231 1879 2243 1892; x_wconf 86' lang='grc'><strong>¹</strong></span> 
     </span>
    </p>
   </div>
   <div class='ocr_carea' id='block_1_34' title="bbox 502 1939 1973 2034">
    <p class='ocr_par' dir='ltr' id='par_1_34' title="bbox 502 1939 1973 2013">
     <span class='ocr_line' id='line_1_34' title="bbox 502 1939 1973 2013; baseline 0.001 -18"><span class='ocrx_word' id='word_1_212' title='bbox 502 1940 556 1996; x_wconf 92' lang='grc'><strong>8.</strong></span> <span class='ocrx_word' id='word_1_213' title='bbox 590 1939 788 1996; x_wconf 87' lang='lat' dir='ltr'><strong>Sedisti</strong></span> <span class='ocrx_word' id='word_1_214' title='bbox 821 1956 984 2012; x_wconf 89' lang='lat' dir='ltr'><strong>super</strong></span> <span class='ocrx_word' id='word_1_215' title='bbox 1012 1942 1292 2007; x_wconf 75' lang='lat' dir='ltr'><strong>thronum,</strong></span> <span class='ocrx_word' id='word_1_216' title='bbox 1334 1941 1425 2012; x_wconf 87' lang='lat' dir='ltr'><strong>qui</strong></span> <span class='ocrx_word' id='word_1_217' title='bbox 1455 1940 1671 2013; x_wconf 87' lang='lat' dir='ltr'><strong>judicas</strong></span> <span class='ocrx_word' id='word_1_218' title='bbox 1708 1943 1973 2010; x_wconf 87' lang='lat' dir='ltr'><strong>justitiam</strong></span> 
     </span>
    </p>
   </div>
   <div class='ocr_carea' id='block_1_35' title="bbox 2147 1939 3605 2034">
    <p class='ocr_par' dir='ltr' id='par_1_35' title="bbox 2179 1956 3605 2034">
     <span class='ocr_line' id='line_1_35' title="bbox 2179 1956 3605 2034; baseline 0.004 -25"><span class='ocrx_word' id='word_1_219' title='bbox 2179 1956 2229 2009; x_wconf 91' lang='lat'><strong>8.</strong></span> <span class='ocrx_word' id='word_1_220' title='bbox 2273 1956 2560 2021; x_wconf 85' lang='grc' dir='ltr'>Ἐκάθισας</span> <span class='ocrx_word' id='word_1_221' title='bbox 2593 1958 2686 2011; x_wconf 70' lang='grc' dir='ltr'><strong>ἐπὶ</strong></span> <span class='ocrx_word' id='word_1_222' title='bbox 2720 1957 2930 2026; x_wconf 61' lang='lat' dir='ltr'><strong>096‘;on,</strong></span> <span class='ocrx_word' id='word_1_223' title='bbox 2963 1963 2992 2014; x_wconf 86' lang='grc' dir='ltr'>ὁ</span> <span class='ocrx_word' id='word_1_224' title='bbox 3019 1962 3221 2033; x_wconf 79' lang='grc' dir='ltr'>κρίνων</span> <span class='ocrx_word' id='word_1_225' title='bbox 3242 1962 3605 2034; x_wconf 72' lang='grc' dir='ltr'>δικαιοσύνην,</span> 
     </span>
    </p>
   </div>
   <div class='ocr_carea' id='block_1_36' title="bbox 503 2032 1973 2126">
    <p class='ocr_par' dir='ltr' id='par_1_36' title="bbox 503 2032 1655 2106">
     <span class='ocr_line' id='line_1_36' title="bbox 503 2032 1655 2106; baseline -0.001 -17"><span class='ocrx_word' id='word_1_226' title='bbox 503 2033 557 2089; x_wconf 92' lang='grc'><strong>9.</strong></span> <span class='ocrx_word' id='word_1_227' title='bbox 588 2032 881 2105; x_wconf 89' lang='lat' dir='ltr'><strong>lncrepasti</strong></span> <span class='ocrx_word' id='word_1_228' title='bbox 908 2044 1115 2106; x_wconf 79' lang='lat' dir='ltr'><strong>gentes,</strong></span> <span class='ocrx_word' id='word_1_229' title='bbox 1149 2045 1204 2090; x_wconf 91' lang='lat' dir='ltr'><strong>et</strong></span> <span class='ocrx_word' id='word_1_230' title='bbox 1231 2035 1391 2106; x_wconf 90' lang='lat' dir='ltr'><strong>periit</strong></span> <span class='ocrx_word' id='word_1_231' title='bbox 1420 2035 1655 2105; x_wconf 86' lang='lat' dir='ltr'><strong>impius;</strong></span> 
     </span>
    </p>
   </div>
   <div class='ocr_carea' id='block_1_37' title="bbox 2147 2032 3597 2126">
    <p class='ocr_par' dir='ltr' id='par_1_37' title="bbox 2176 2032 3597 2126">
     <span class='ocr_line' id='line_1_37' title="bbox 2176 2032 3597 2126; baseline 0.013 -28"><span class='ocrx_word' id='word_1_232' title='bbox 2176 2048 2229 2102; x_wconf 93' lang='lat'><strong>9.</strong></span> <span class='ocrx_word' id='word_1_233' title='bbox 2279 2049 2646 2120; x_wconf 83' lang='grc' dir='ltr'>Ἐπετίμησας</span> <span class='ocrx_word' id='word_1_234' title='bbox 2667 2049 2866 2115; x_wconf 77' lang='grc' dir='ltr'><strong>ἔθνεσι,</strong></span> <span class='ocrx_word' id='word_1_235' title='bbox 2900 2054 2991 2106; x_wconf 70' lang='grc' dir='ltr'><strong>καὶ</strong></span> <span class='ocrx_word' id='word_1_236' title='bbox 3025 2032 3269 2107; x_wconf 85' lang='grc' dir='ltr'>ἀπώλετο</span> <span class='ocrx_word' id='word_1_237' title='bbox 3304 2054 3333 2107; x_wconf 83' lang='grc' dir='ltr'>ὁ</span> <span class='ocrx_word' id='word_1_238' title='bbox 3367 2032 3597 2126; x_wconf 61' lang='grc' dir='ltr'><strong>ἀσεὸήξ’</strong></span> 
     </span>
    </p>
   </div>
   <div class='ocr_carea' id='block_1_38' title="bbox 504 2124 1973 2213">
    <p class='ocr_par' dir='ltr' id='par_1_38' title="bbox 504 2124 1968 2198">
     <span class='ocr_line' id='line_1_38' title="bbox 504 2124 1968 2198; baseline 0 -19"><span class='ocrx_word' id='word_1_239' title='bbox 504 2125 594 2179; x_wconf 88' lang='grc'><strong>10.</strong></span> <span class='ocrx_word' id='word_1_240' title='bbox 618 2124 827 2182; x_wconf 88' lang='lat' dir='ltr'><strong>Nomen</strong></span> <span class='ocrx_word' id='word_1_241' title='bbox 852 2128 972 2198; x_wconf 88' lang='lat' dir='ltr'><strong>ejus</strong></span> <span class='ocrx_word' id='word_1_242' title='bbox 987 2128 1240 2183; x_wconf 87' lang='lat' dir='ltr'><strong>delevisti</strong></span> <span class='ocrx_word' id='word_1_243' title='bbox 1266 2128 1318 2181; x_wconf 90' lang='lat' dir='ltr'><strong>in</strong></span> <span class='ocrx_word' id='word_1_244' title='bbox 1336 2136 1622 2190; x_wconf 69' lang='lat' dir='ltr'><strong>aeternum,</strong></span> <span class='ocrx_word' id='word_1_245' title='bbox 1658 2134 1712 2181; x_wconf 93' lang='lat' dir='ltr'><strong>et</strong></span> <span class='ocrx_word' id='word_1_246' title='bbox 1742 2126 1797 2180; x_wconf 92' lang='lat' dir='ltr'><strong>in</strong></span> <span class='ocrx_word' id='word_1_247' title='bbox 1828 2140 1968 2182; x_wconf 64' lang='lat' dir='ltr'><strong>saecu</strong></span> 
     </span>
    </p>
   </div>
   <div class='ocr_carea' id='block_1_39' title="bbox 2147 2124 3667 2213">
    <p class='ocr_par' dir='ltr' id='par_1_39' title="bbox 2179 2124 3667 2213">
     <span class='ocr_line' id='line_1_39' title="bbox 2179 2124 3667 2213; baseline 0.003 -21"><span class='ocrx_word' id='word_1_248' title='bbox 2179 2137 2264 2192; x_wconf 85' lang='grc'><strong>10.</strong></span> <span class='ocrx_word' id='word_1_249' title='bbox 2296 2137 2369 2191; x_wconf 84' lang='grc' dir='ltr'><strong>Τὸ</strong></span> <span class='ocrx_word' id='word_1_250' title='bbox 2399 2139 2568 2210; x_wconf 72' lang='grc' dir='ltr'>ὄνομα</span> <span class='ocrx_word' id='word_1_251' title='bbox 2592 2140 2755 2193; x_wconf 79' lang='grc' dir='ltr'>αὐτοῦ</span> <span class='ocrx_word' id='word_1_252' title='bbox 2790 2141 3076 2213; x_wconf 75' lang='grc' dir='ltr'>ἐξήλειψας</span> <span class='ocrx_word' id='word_1_253' title='bbox 3100 2145 3178 2207; x_wconf 76' lang='grc' dir='ltr'>εἰς</span> <span class='ocrx_word' id='word_1_254' title='bbox 3209 2144 3299 2197; x_wconf 81' lang='grc' dir='ltr'><strong>τὸν</strong></span> <span class='ocrx_word' id='word_1_255' title='bbox 3327 2124 3536 2211; x_wconf 59' lang='grc' dir='ltr'>αἰῶνα,</span> <span class='ocrx_word' id='word_1_256' title='bbox 3572 2146 3667 2198; x_wconf 74' lang='grc' dir='ltr'>καὶ</span> 
     </span>
    </p>
   </div>
   <div class='ocr_carea' id='block_1_40' title="bbox 429 2206 1973 2296">
    <p class='ocr_par' dir='ltr' id='par_1_40' title="bbox 429 2206 949 2273">
     <span class='ocr_line' id='line_1_40' title="bbox 429 2206 949 2273; baseline 0.012 -5"><span class='ocrx_word' id='word_1_257' title='bbox 429 2215 543 2271; x_wconf 88' lang='lat' dir='ltr'><strong>lum</strong></span> <span class='ocrx_word' id='word_1_258' title='bbox 574 2217 779 2273; x_wconf 73' lang='lat' dir='ltr'><strong>saeculi.</strong></span> <span class='ocrx_word' id='word_1_259' title='bbox 948 2206 949 2209; x_wconf 9' lang='grc' dir='ltr'><strong>η</strong></span> 
     </span>
    </p>
   </div>
   <div class='ocr_carea' id='block_1_41' title="bbox 2147 2206 3023 2296">
    <p class='ocr_par' dir='ltr' id='par_1_41' title="bbox 2147 2230 3023 2296">
     <span class='ocr_line' id='line_1_41' title="bbox 2147 2230 3023 2296; baseline 0.007 -15"><span class='ocrx_word' id='word_1_260' title='bbox 2147 2234 2182 2293; x_wconf 72' lang='grc' dir='ltr'><strong>ἱς</strong></span> <span class='ocrx_word' id='word_1_261' title='bbox 2204 2231 2294 2284; x_wconf 73' lang='grc' dir='ltr'>τὲν</span> <span class='ocrx_word' id='word_1_262' title='bbox 2330 2230 2502 2284; x_wconf 83' lang='grc' dir='ltr'>αἰῶνα</span> <span class='ocrx_word' id='word_1_263' title='bbox 2551 2231 2645 2285; x_wconf 80' lang='grc' dir='ltr'>τοῦ</span> <span class='ocrx_word' id='word_1_264' title='bbox 2677 2231 2892 2296; x_wconf 83' lang='grc' dir='ltr'>αἰῶνος.</span> <span class='ocrx_word' id='word_1_265' title='bbox 3014 2238 3023 2245; x_wconf 87' lang='grc'><strong><em>“</em></strong></span> 
     </span>
    </p>
   </div>
   <div class='ocr_carea' id='block_1_42' title="bbox 501 2308 1973 2400">
    <p class='ocr_par' dir='ltr' id='par_1_42' title="bbox 501 2308 1973 2370">
     <span class='ocr_line' id='line_1_42' title="bbox 501 2308 1973 2370; baseline 0.003 -9"><span class='ocrx_word' id='word_1_266' title='bbox 501 2308 589 2363; x_wconf 88' lang='grc'><strong>11.</strong></span> <span class='ocrx_word' id='word_1_267' title='bbox 617 2308 825 2365; x_wconf 89' lang='lat' dir='ltr'><strong>Inimici</strong></span> <span class='ocrx_word' id='word_1_268' title='bbox 853 2310 1166 2366; x_wconf 80' lang='lat' dir='ltr'><strong>defecerunt</strong></span> <span class='ocrx_word' id='word_1_269' title='bbox 1192 2312 1409 2370; x_wconf 65' lang='lat' dir='ltr'><strong>frameae</strong></span> <span class='ocrx_word' id='word_1_270' title='bbox 1456 2311 1510 2365; x_wconf 91' lang='lat' dir='ltr'><strong>in</strong></span> <span class='ocrx_word' id='word_1_271' title='bbox 1543 2311 1707 2367; x_wconf 81' lang='lat' dir='ltr'><strong>linem</strong></span> <span class='ocrx_word' id='word_1_272' title='bbox 1774 2320 1829 2367; x_wconf 92' lang='lat' dir='ltr'><strong>et</strong></span> <span class='ocrx_word' id='word_1_273' title='bbox 1863 2312 1973 2368; x_wconf 87' lang='lat' dir='ltr'><strong>civi</strong></span> 
     </span>
    </p>
   </div>
   <div class='ocr_carea' id='block_1_43' title="bbox 2147 2308 3668 2400">
    <p class='ocr_par' dir='ltr' id='par_1_43' title="bbox 2177 2323 3668 2400">
     <span class='ocr_line' id='line_1_43' title="bbox 2177 2323 3668 2400; baseline 0.008 -25"><span class='ocrx_word' id='word_1_274' title='bbox 2177 2323 2262 2376; x_wconf 88' lang='grc'><strong>11.</strong></span> <span class='ocrx_word' id='word_1_275' title='bbox 2291 2323 2397 2376; x_wconf 81' lang='grc' dir='ltr'>Τοῦ</span> <span class='ocrx_word' id='word_1_276' title='bbox 2431 2323 2621 2396; x_wconf 77' lang='grc' dir='ltr'>ἐχθροῦ</span> <span class='ocrx_word' id='word_1_277' title='bbox 2647 2325 2889 2392; x_wconf 77' lang='grc' dir='ltr'>ἐξέλιπον</span> <span class='ocrx_word' id='word_1_278' title='bbox 2914 2327 2968 2379; x_wconf 83' lang='grc' dir='ltr'><strong>αἱ</strong></span> <span class='ocrx_word' id='word_1_279' title='bbox 2995 2329 3254 2398; x_wconf 77' lang='grc' dir='ltr'>ῥομφαῖαι</span> <span class='ocrx_word' id='word_1_280' title='bbox 3271 2330 3351 2393; x_wconf 80' lang='grc' dir='ltr'>εἰς</span> <span class='ocrx_word' id='word_1_281' title='bbox 3381 2330 3550 2400; x_wconf 79' lang='grc' dir='ltr'>τέλος,</span> <span class='ocrx_word' id='word_1_282' title='bbox 3573 2334 3668 2387; x_wconf 77' lang='grc' dir='ltr'><strong>καὶ</strong></span> 
     </span>
    </p>
   </div>
   <div class='ocr_carea' id='block_1_44' title="bbox 428 2400 1973 2480">
    <p class='ocr_par' dir='ltr' id='par_1_44' title="bbox 428 2400 942 2458">
     <span class='ocr_line' id='line_1_44' title="bbox 428 2400 942 2458; baseline 0.006 -3"><span class='ocrx_word' id='word_1_283' title='bbox 428 2406 569 2456; x_wconf 85' lang='lat' dir='ltr'><strong>tates</strong></span> <span class='ocrx_word' id='word_1_284' title='bbox 601 2400 942 2458; x_wconf 80' lang='lat' dir='ltr'><strong>destruxisti.</strong></span> 
     </span>
    </p>
   </div>
   <div class='ocr_carea' id='block_1_45' title="bbox 2147 2400 2596 2480">
    <p class='ocr_par' dir='ltr' id='par_1_45' title="bbox 2147 2414 2596 2480">
     <span class='ocr_line' id='line_1_45' title="bbox 2147 2414 2596 2480; baseline 0.009 -14"><span class='ocrx_word' id='word_1_285' title='bbox 2147 2414 2287 2478; x_wconf 83' lang='grc' dir='ltr'><strong>όλεις</strong></span> <span class='ocrx_word' id='word_1_286' title='bbox 2325 2416 2596 2480; x_wconf 79' lang='grc' dir='ltr'>καθεῖλες.</span> 
     </span>
    </p>
   </div>
   <div class='ocr_carea' id='block_1_46' title="bbox 1544 2499 2550 2566">
    <p class='ocr_par' dir='ltr' id='par_1_46' title="bbox 1544 2499 2550 2566">
     <span class='ocr_line' id='line_1_46' title="bbox 1544 2499 2550 2566; baseline 0.012 -12"><span class='ocrx_word' id='word_1_287' title='bbox 1544 2499 1918 2556; x_wconf 75' lang='grc' dir='ltr'><strong>ΑΤΗΑΝΑδιι</strong></span> <span class='ocrx_word' id='word_1_288' title='bbox 1958 2503 2550 2566; x_wconf 79' lang='lat' dir='ltr'><strong>INTERPRETATIO.</strong></span> 
     </span>
    </p>
   </div>
   <div class='ocr_carea' id='block_1_47' title="bbox 500 2588 1973 2682">
    <p class='ocr_par' dir='ltr' id='par_1_47' title="bbox 500 2588 1973 2663">
     <span class='ocr_line' id='line_1_47' title="bbox 500 2588 1973 2663; baseline 0.005 -20"><span class='ocrx_word' id='word_1_289' title='bbox 500 2588 590 2655; x_wconf 68' lang='lat' dir='ltr'><strong>ﬂ,</strong></span> <span class='ocrx_word' id='word_1_290' title='bbox 618 2590 707 2644; x_wconf 82' lang='grc'><strong>15.</strong></span> <span class='ocrx_word' id='word_1_291' title='bbox 734 2588 1116 2647; x_wconf 83' lang='lat' dir='ltr'><strong>Diversitatem</strong></span> <span class='ocrx_word' id='word_1_292' title='bbox 1151 2592 1426 2663; x_wconf 84' lang='lat' dir='ltr'><strong>signiﬁcat</strong></span> <span class='ocrx_word' id='word_1_293' title='bbox 1465 2593 1752 2648; x_wconf 89' lang='lat' dir='ltr'><strong>hominum</strong></span> <span class='ocrx_word' id='word_1_294' title='bbox 1787 2594 1840 2649; x_wconf 92' lang='lat' dir='ltr'><strong>in</strong></span> <span class='ocrx_word' id='word_1_295' title='bbox 1871 2609 1973 2650; x_wconf 89' lang='lat' dir='ltr'><strong>eun</strong></span> 
     </span>
    </p>
   </div>
   <div class='ocr_carea' id='block_1_48' title="bbox 2147 2588 3669 2682">
    <p class='ocr_par' dir='ltr' id='par_1_48' title="bbox 2208 2600 3669 2682">
     <span class='ocr_line' id='line_1_48' title="bbox 2208 2600 3669 2682; baseline 0.007 -27"><span class='ocrx_word' id='word_1_296' title='bbox 2208 2600 2261 2665; x_wconf 73' lang='grc'><strong>4,</strong></span> <span class='ocrx_word' id='word_1_297' title='bbox 2289 2602 2374 2657; x_wconf 83' lang='grc'><strong>15.</strong></span> <span class='ocrx_word' id='word_1_298' title='bbox 2401 2603 2509 2675; x_wconf 84' lang='grc' dir='ltr'><strong>Τὴν</strong></span> <span class='ocrx_word' id='word_1_299' title='bbox 2533 2604 2792 2678; x_wconf 70' lang='grc' dir='ltr'>διαφορὰν</span> <span class='ocrx_word' id='word_1_300' title='bbox 2819 2605 2962 2675; x_wconf 84' lang='grc' dir='ltr'><strong>λέγει</strong></span> <span class='ocrx_word' id='word_1_301' title='bbox 2984 2608 3090 2662; x_wconf 85' lang='grc' dir='ltr'>τῶν</span> <span class='ocrx_word' id='word_1_302' title='bbox 3115 2607 3414 2682; x_wconf 72' lang='grc' dir='ltr'>ἀνθρώπων</span> <span class='ocrx_word' id='word_1_303' title='bbox 3437 2612 3548 2664; x_wconf 84' lang='grc' dir='ltr'>τῶν</span> <span class='ocrx_word' id='word_1_304' title='bbox 3577 2630 3669 2665; x_wconf 86' lang='grc' dir='ltr'><strong>πι-</strong></span> 
     </span>
    </p>
   </div>
   <div class='ocr_carea' id='block_1_49' title="bbox 428 2677 1973 2755">
    <p class='ocr_par' dir='ltr' id='par_1_49' title="bbox 428 2677 789 2734">
     <span class='ocr_line' id='line_1_49' title="bbox 428 2677 789 2734; baseline 0.003 -1"><span class='ocrx_word' id='word_1_305' title='bbox 428 2677 789 2734; x_wconf 85' lang='lat' dir='ltr'><strong>credentium.</strong></span> 
     </span>
    </p>
   </div>
   <div class='ocr_carea' id='block_1_50' title="bbox 2147 2677 2714 2755">
    <p class='ocr_par' dir='ltr' id='par_1_50' title="bbox 2147 2691 2714 2755">
     <span class='ocr_line' id='line_1_50' title="bbox 2147 2691 2714 2755; baseline 0.007 -12"><span class='ocrx_word' id='word_1_306' title='bbox 2147 2691 2398 2746; x_wconf 77' lang='grc' dir='ltr'>τευόντων</span> <span class='ocrx_word' id='word_1_307' title='bbox 2422 2694 2502 2755; x_wconf 80' lang='grc' dir='ltr'>εἰς</span> <span class='ocrx_word' id='word_1_308' title='bbox 2532 2694 2714 2747; x_wconf 82' lang='grc' dir='ltr'>αὐτόν.</span> 
     </span>
    </p>
   </div>
   <div class='ocr_carea' id='block_1_51' title="bbox 500 2768 1973 2868">
    <p class='ocr_par' dir='ltr' id='par_1_51' title="bbox 500 2768 1972 2840">
     <span class='ocr_line' id='line_1_51' title="bbox 500 2768 1972 2840; baseline 0.003 -15"><span class='ocrx_word' id='word_1_309' title='bbox 500 2769 591 2836; x_wconf 89' lang='grc'><strong>16,</strong></span> <span class='ocrx_word' id='word_1_310' title='bbox 624 2770 712 2825; x_wconf 90' lang='grc'><strong>17.</strong></span> <span class='ocrx_word' id='word_1_311' title='bbox 741 2770 882 2824; x_wconf 81' lang='lat' dir='ltr'><strong>Aves</strong></span> <span class='ocrx_word' id='word_1_312' title='bbox 904 2768 1026 2825; x_wconf 72' lang='grc' dir='ltr'><strong>(ιωιί</strong></span> <span class='ocrx_word' id='word_1_313' title='bbox 1053 2769 1407 2825; x_wconf 86' lang='lat' dir='ltr'><strong>nominateos</strong></span> <span class='ocrx_word' id='word_1_314' title='bbox 1428 2771 1522 2840; x_wconf 85' lang='lat' dir='ltr'><strong>qui</strong></span> <span class='ocrx_word' id='word_1_315' title='bbox 1545 2783 1779 2828; x_wconf 91' lang='lat' dir='ltr'><strong>mentem</strong></span> <span class='ocrx_word' id='word_1_316' title='bbox 1808 2788 1863 2828; x_wconf 84' lang='lat' dir='ltr'><strong>in</strong></span> <span class='ocrx_word' id='word_1_317' title='bbox 1887 2789 1972 2831; x_wconf 74' lang='lat' dir='ltr'><strong>ca:</strong></span> 
     </span>
    </p>
   </div>
   <div class='ocr_carea' id='block_1_52' title="bbox 2147 2768 3668 2868">
    <p class='ocr_par' dir='ltr' id='par_1_52' title="bbox 2174 2781 3668 2868">
     <span class='ocr_line' id='line_1_52' title="bbox 2174 2781 3668 2868; baseline 0.011 -33"><span class='ocrx_word' id='word_1_318' title='bbox 2174 2781 2261 2845; x_wconf 85' lang='grc'><strong>16,</strong></span> <span class='ocrx_word' id='word_1_319' title='bbox 2294 2784 2380 2836; x_wconf 85' lang='grc'><strong>17.</strong></span> <span class='ocrx_word' id='word_1_320' title='bbox 2408 2784 2490 2838; x_wconf 79' lang='grc' dir='ltr'><strong>Τὰ</strong></span> <span class='ocrx_word' id='word_1_321' title='bbox 2517 2786 2738 2840; x_wconf 79' lang='grc' dir='ltr'>πετεινὰ</span> <span class='ocrx_word' id='word_1_322' title='bbox 2761 2787 2853 2841; x_wconf 80' lang='grc' dir='ltr'><strong>τοῦ</strong></span> <span class='ocrx_word' id='word_1_323' title='bbox 2873 2791 3100 2861; x_wconf 77' lang='grc' dir='ltr'>οὐρανοῦ</span> <span class='ocrx_word' id='word_1_324' title='bbox 3125 2794 3270 2861; x_wconf 79' lang='grc' dir='ltr'><strong>λέγει</strong></span> <span class='ocrx_word' id='word_1_325' title='bbox 3301 2796 3425 2860; x_wconf 83' lang='grc' dir='ltr'>τοὺς</span> <span class='ocrx_word' id='word_1_326' title='bbox 3448 2796 3668 2868; x_wconf 79' lang='grc' dir='ltr'>ἔχοντας</span> 
     </span>
    </p>
   </div>
   <div class='ocr_carea' id='block_1_53' title="bbox 427 2860 1973 2959">
    <p class='ocr_par' dir='ltr' id='par_1_53' title="bbox 427 2860 1973 2936">
     <span class='ocr_line' id='line_1_53' title="bbox 427 2860 1973 2936; baseline 0.003 -19"><span class='ocrx_word' id='word_1_327' title='bbox 427 2860 658 2928; x_wconf 83' lang='lat' dir='ltr'><strong>lestibus</strong></span> <span class='ocrx_word' id='word_1_328' title='bbox 682 2860 912 2927; x_wconf 87' lang='lat' dir='ltr'><strong>habent;</strong></span> <span class='ocrx_word' id='word_1_329' title='bbox 942 2861 1121 2932; x_wconf 89' lang='lat' dir='ltr'><strong>pisces</strong></span> <span class='ocrx_word' id='word_1_330' title='bbox 1146 2870 1324 2916; x_wconf 90' lang='lat' dir='ltr'><strong>autem</strong></span> <span class='ocrx_word' id='word_1_331' title='bbox 1352 2864 1543 2929; x_wconf 89' lang='lat' dir='ltr'><strong>maris,</strong></span> <span class='ocrx_word' id='word_1_332' title='bbox 1567 2865 1659 2936; x_wconf 89' lang='lat' dir='ltr'><strong>qui</strong></span> <span class='ocrx_word' id='word_1_333' title='bbox 1692 2865 1747 2919; x_wconf 91' lang='lat' dir='ltr'><strong>in</strong></span> <span class='ocrx_word' id='word_1_334' title='bbox 1781 2867 1973 2922; x_wconf 82' lang='lat' dir='ltr'><strong>muudc</strong></span> 
     </span>
    </p>
   </div>
   <div class='ocr_carea' id='block_1_54' title="bbox 2147 2860 3670 2959">
    <p class='ocr_par' dir='ltr' id='par_1_54' title="bbox 2147 2860 3670 2959">
     <span class='ocr_line' id='line_1_54' title="bbox 2147 2860 3670 2959; baseline 0.011 -32"><span class='ocrx_word' id='word_1_335' title='bbox 2147 2872 2200 2945; x_wconf 70' lang='grc' dir='ltr'>ὴν</span> <span class='ocrx_word' id='word_1_336' title='bbox 2223 2875 2458 2930; x_wconf 86' lang='grc' dir='ltr'>διάνοιαν</span> <span class='ocrx_word' id='word_1_337' title='bbox 2485 2880 2564 2940; x_wconf 79' lang='grc' dir='ltr'>εἰς</span> <span class='ocrx_word' id='word_1_338' title='bbox 2584 2877 2653 2931; x_wconf 75' lang='grc' dir='ltr'>τὰ</span> <span class='ocrx_word' id='word_1_339' title='bbox 2677 2860 2972 2950; x_wconf 78' lang='grc' dir='ltr'>ἐπουράνια</span> <span class='ocrx_word' id='word_1_340' title='bbox 2994 2900 3006 2912; x_wconf 85' lang='grc'>·</span> <span class='ocrx_word' id='word_1_341' title='bbox 3047 2860 3235 2953; x_wconf 76' lang='grc' dir='ltr'>ἰχθύας</span> <span class='ocrx_word' id='word_1_342' title='bbox 3262 2887 3319 2940; x_wconf 80' lang='grc' dir='ltr'>δὲ</span> <span class='ocrx_word' id='word_1_343' title='bbox 3340 2888 3441 2959; x_wconf 86' lang='grc' dir='ltr'>τῆς</span> 
     </span>
    </p>
   </div>
   <div class='ocr_carea' id='block_1_55' title="bbox 434 2962 1973 3045">
    <p class='ocr_par' dir='ltr' id='par_1_55' title="bbox 434 2962 851 3010">
     <span class='ocr_line' id='line_1_55' title="bbox 434 2962 851 3010; baseline -0.005 0"><span class='ocrx_word' id='word_1_344' title='bbox 434 2962 851 3010; x_wconf 85' lang='lat' dir='ltr'><strong>conversantur.</strong></span> 
     </span>
    </p>
   </div>
   <div class='ocr_carea' id='block_1_56' title="bbox 2147 2962 3483 3045">
    <p class='ocr_par' dir='ltr' id='par_1_56' title="bbox 2147 2967 3483 3045">
     <span class='ocr_line' id='line_1_56' title="bbox 2147 2967 3483 3045; baseline 0.012 -29"><span class='ocrx_word' id='word_1_345' title='bbox 2147 2982 2206 3036; x_wconf 81' lang='grc' dir='ltr'><strong>ης</strong></span> <span class='ocrx_word' id='word_1_346' title='bbox 2236 2967 2360 3026; x_wconf 79' lang='grc' dir='ltr'>τοὺς</span> <span class='ocrx_word' id='word_1_347' title='bbox 2384 2969 2441 3019; x_wconf 87' lang='grc' dir='ltr'><strong>ἐν</strong></span> <span class='ocrx_word' id='word_1_348' title='bbox 2469 2967 2546 3038; x_wconf 80' lang='grc' dir='ltr'><strong>τῷ</strong></span> <span class='ocrx_word' id='word_1_349' title='bbox 2580 2968 2767 3039; x_wconf 84' lang='grc' dir='ltr'>κόσμῳ</span> <span class='ocrx_word' id='word_1_350' title='bbox 2799 2972 3316 3045; x_wconf 74' lang='grc' dir='ltr'>ἀναστρεφομένους.</span> <span class='ocrx_word' id='word_1_351' title='bbox 3478 2974 3483 2979; x_wconf 64' lang='grc'><em>’</em></span> 
     </span>
    </p>
   </div>
   <div class='ocr_carea' id='block_1_57' title="bbox 498 3042 1973 3144">
    <p class='ocr_par' dir='ltr' id='par_1_57' title="bbox 498 3042 1973 3120">
     <span class='ocr_line' id='line_1_57' title="bbox 498 3042 1973 3120; baseline 0.005 -22"><span class='ocrx_word' id='word_1_352' title='bbox 498 3043 587 3099; x_wconf 88' lang='grc'><strong>18.</strong></span> <span class='ocrx_word' id='word_1_353' title='bbox 618 3044 866 3106; x_wconf 88' lang='lat' dir='ltr'><strong>Domine,</strong></span> <span class='ocrx_word' id='word_1_354' title='bbox 897 3042 990 3113; x_wconf 88' lang='lat' dir='ltr'><strong>qui</strong></span> <span class='ocrx_word' id='word_1_355' title='bbox 1021 3043 1296 3099; x_wconf 89' lang='lat' dir='ltr'><strong>redemisti</strong></span> <span class='ocrx_word' id='word_1_356' title='bbox 1330 3060 1429 3100; x_wconf 83' lang='lat' dir='ltr'><strong>nos</strong></span> <span class='ocrx_word' id='word_1_357' title='bbox 1455 3046 1697 3116; x_wconf 91' lang='lat' dir='ltr'><strong>pretioso</strong></span> <span class='ocrx_word' id='word_1_358' title='bbox 1730 3051 1973 3120; x_wconf 63' lang='lat' dir='ltr'><strong>sanguini</strong></span> 
     </span>
    </p>
   </div>
   <div class='ocr_carea' id='block_1_58' title="bbox 2147 3042 3662 3144">
    <p class='ocr_par' dir='ltr' id='par_1_58' title="bbox 2172 3042 3662 3144">
     <span class='ocr_line' id='line_1_58' title="bbox 2172 3042 3662 3144; baseline 0.011 -34"><span class='ocrx_word' id='word_1_359' title='bbox 2172 3056 2254 3111; x_wconf 87' lang='grc'><strong>18.</strong></span> <span class='ocrx_word' id='word_1_360' title='bbox 2287 3058 2483 3130; x_wconf 79' lang='grc' dir='ltr'><strong>Κύριε,</strong></span> <span class='ocrx_word' id='word_1_361' title='bbox 2507 3063 2534 3114; x_wconf 82' lang='grc' dir='ltr'>ὁ</span> <span class='ocrx_word' id='word_1_362' title='bbox 2547 3061 2882 3134; x_wconf 77' lang='grc' dir='ltr'>ἐξαγοράσας</span> <span class='ocrx_word' id='word_1_363' title='bbox 2903 3067 3051 3136; x_wconf 80' lang='grc' dir='ltr'>ἡμᾶς</span> <span class='ocrx_word' id='word_1_364' title='bbox 3066 3042 3143 3139; x_wconf 66' lang='grc' dir='ltr'>τῷ</span> <span class='ocrx_word' id='word_1_365' title='bbox 3159 3071 3321 3141; x_wconf 78' lang='grc' dir='ltr'><strong>τιμίῳ</strong></span> <span class='ocrx_word' id='word_1_366' title='bbox 3342 3088 3434 3124; x_wconf 86' lang='grc' dir='ltr'><strong>σου</strong></span> <span class='ocrx_word' id='word_1_367' title='bbox 3448 3073 3662 3144; x_wconf 80' lang='grc' dir='ltr'>αἵματι,</span> 
     </span>
    </p>
   </div>
   <div class='ocr_carea' id='block_1_59' title="bbox 424 3135 1973 3231">
    <p class='ocr_par' dir='ltr' id='par_1_59' title="bbox 424 3135 1973 3207">
     <span class='ocr_line' id='line_1_59' title="bbox 424 3135 1973 3207; baseline 0.003 -16"><span class='ocrx_word' id='word_1_368' title='bbox 424 3143 542 3201; x_wconf 86' lang='lat' dir='ltr'><strong>tuo,</strong></span> <span class='ocrx_word' id='word_1_369' title='bbox 563 3151 726 3205; x_wconf 88' lang='lat' dir='ltr'><strong>quam</strong></span> <span class='ocrx_word' id='word_1_370' title='bbox 752 3135 1069 3191; x_wconf 87' lang='lat' dir='ltr'><strong>honorabile</strong></span> <span class='ocrx_word' id='word_1_371' title='bbox 1094 3144 1147 3190; x_wconf 84' lang='lat' dir='ltr'><strong>et</strong></span> <span class='ocrx_word' id='word_1_372' title='bbox 1166 3137 1459 3207; x_wconf 89' lang='lat' dir='ltr'><strong>gloriosum</strong></span> <span class='ocrx_word' id='word_1_373' title='bbox 1490 3147 1575 3194; x_wconf 91' lang='lat' dir='ltr'><strong>est</strong></span> <span class='ocrx_word' id='word_1_374' title='bbox 1609 3156 1807 3195; x_wconf 85' lang='lat' dir='ltr'><strong>nomen</strong></span> <span class='ocrx_word' id='word_1_375' title='bbox 1839 3151 1973 3196; x_wconf 87' lang='lat' dir='ltr'><strong>tuun</strong></span> 
     </span>
    </p>
   </div>
   <div class='ocr_carea' id='block_1_60' title="bbox 2147 3135 3665 3231">
    <p class='ocr_par' dir='ltr' id='par_1_60' title="bbox 2147 3135 3665 3231">
     <span class='ocr_line' id='line_1_60' title="bbox 2147 3135 3665 3231; baseline 0.014 -32"><span class='ocrx_word' id='word_1_376' title='bbox 2147 3164 2171 3210; x_wconf 92' lang='grc' dir='ltr'><strong>ς</strong></span> <span class='ocrx_word' id='word_1_377' title='bbox 2196 3147 2410 3220; x_wconf 80' lang='grc' dir='ltr'>ἔντιμον</span> <span class='ocrx_word' id='word_1_378' title='bbox 2459 3152 2552 3206; x_wconf 83' lang='grc' dir='ltr'><strong>καὶ</strong></span> <span class='ocrx_word' id='word_1_379' title='bbox 2579 3152 2784 3221; x_wconf 77' lang='grc' dir='ltr'>ἔνδοξον</span> <span class='ocrx_word' id='word_1_380' title='bbox 2815 3156 2878 3209; x_wconf 83' lang='grc' dir='ltr'><strong>τὸ</strong></span> <span class='ocrx_word' id='word_1_381' title='bbox 2923 3157 3094 3231; x_wconf 77' lang='grc' dir='ltr'>ὄνομά</span> <span class='ocrx_word' id='word_1_382' title='bbox 3115 3135 3238 3215; x_wconf 25' lang='grc' dir='ltr'>Ἰσου</span> <span class='ocrx_word' id='word_1_383' title='bbox 3292 3135 3354 3218; x_wconf 79' lang='grc' dir='ltr'><strong>ἐν</strong></span> <span class='ocrx_word' id='word_1_384' title='bbox 3392 3135 3527 3219; x_wconf 70' lang='grc' dir='ltr'>πᾶσι</span> <span class='ocrx_word' id='word_1_385' title='bbox 3552 3135 3665 3231; x_wconf 81' lang='grc' dir='ltr'>τοῖς</span> 
     </span>
    </p>
   </div>
   <div class='ocr_carea' id='block_1_61' title="bbox 425 3228 1973 3308">
    <p class='ocr_par' dir='ltr' id='par_1_61' title="bbox 425 3228 1095 3298">
     <span class='ocr_line' id='line_1_61' title="bbox 425 3228 1095 3298; baseline 0.001 -17"><span class='ocrx_word' id='word_1_386' title='bbox 425 3240 480 3294; x_wconf 76' lang='lat' dir='ltr'><strong>in</strong></span> <span class='ocrx_word' id='word_1_387' title='bbox 514 3228 768 3283; x_wconf 90' lang='lat' dir='ltr'><strong>omnibus</strong></span> <span class='ocrx_word' id='word_1_388' title='bbox 802 3228 1054 3298; x_wconf 83' lang='lat' dir='ltr'><strong>gentibus</strong></span> <span class='ocrx_word' id='word_1_389' title='bbox 1082 3232 1095 3281; x_wconf 76' lang='grc' dir='ltr'><strong>Ι</strong></span> 
     </span>
    </p>
   </div>
   <div class='ocr_carea' id='block_1_62' title="bbox 2147 3228 2437 3308">
    <p class='ocr_par' dir='ltr' id='par_1_62' title="bbox 2147 3237 2437 3308">
     <span class='ocr_line' id='line_1_62' title="bbox 2147 3237 2437 3308; baseline 0.021 -19"><span class='ocrx_word' id='word_1_390' title='bbox 2147 3237 2437 3308; x_wconf 72' lang='grc' dir='ltr'>νθρώποιςε</span> 
     </span>
    </p>
   </div>
   <div class='ocr_carea' id='block_1_63' title="bbox 507 3318 3662 3419">
    <p class='ocr_par' dir='ltr' id='par_1_63' title="bbox 507 3318 3662 3419">
     <span class='ocr_line' id='line_1_63' title="bbox 507 3318 3662 3419; baseline 0.011 -49"><span class='ocrx_word' id='word_1_391' title='bbox 507 3320 572 3373; x_wconf 88' lang='grc' dir='ltr'>Ἡ</span> <span class='ocrx_word' id='word_1_392' title='bbox 599 3319 934 3392; x_wconf 71' lang='grc' dir='ltr'><strong>προκειμένη</strong></span> <span class='ocrx_word' id='word_1_393' title='bbox 967 3318 1243 3419; x_wconf 64' lang='grc' dir='ltr'><strong>ἐπιγραφὴ</strong></span> <span class='ocrx_word' id='word_1_394' title='bbox 1269 3322 1318 3419; x_wconf 38' lang='grc' dir='ltr'><strong>ἡκ</strong></span> <span class='ocrx_word' id='word_1_395' title='bbox 1340 3321 1425 3375; x_wconf 86' lang='grc' dir='ltr'><strong>διὰ</strong></span> <span class='ocrx_word' id='word_1_396' title='bbox 1448 3322 1548 3392; x_wconf 81' lang='grc' dir='ltr'><strong>τῆς</strong></span> <span class='ocrx_word' id='word_1_397' title='bbox 1577 3324 1945 3397; x_wconf 79' lang='grc' dir='ltr'>κινναϐάρεως</span> <span class='ocrx_word' id='word_1_398' title='bbox 1978 3330 2216 3399; x_wconf 77' lang='grc' dir='ltr'><strong>περιέχει</strong></span> <span class='ocrx_word' id='word_1_399' title='bbox 2237 3348 2252 3363; x_wconf 80' lang='grc' dir='ltr'><strong>ο</strong></span> <span class='ocrx_word' id='word_1_400' title='bbox 2277 3334 2378 3399; x_wconf 79' lang='grc' dir='ltr'><strong>Εἰς</strong></span> <span class='ocrx_word' id='word_1_401' title='bbox 2403 3335 2468 3387; x_wconf 83' lang='grc' dir='ltr'>τὸ</span> <span class='ocrx_word' id='word_1_402' title='bbox 2499 3337 2692 3405; x_wconf 81' lang='grc' dir='ltr'><strong>τέλος,</strong></span> <span class='ocrx_word' id='word_1_403' title='bbox 2726 3341 2877 3410; x_wconf 74' lang='grc' dir='ltr'><strong>ὑπὲρ</strong></span> <span class='ocrx_word' id='word_1_404' title='bbox 2898 3346 3016 3397; x_wconf 82' lang='grc' dir='ltr'><strong>τῶν</strong></span> <span class='ocrx_word' id='word_1_405' title='bbox 3044 3348 3310 3415; x_wconf 62' lang='grc' dir='ltr'>κρυφίων</span> <span class='ocrx_word' id='word_1_406' title='bbox 3347 3348 3454 3404; x_wconf 84' lang='grc' dir='ltr'>τοῦ</span> <span class='ocrx_word' id='word_1_407' title='bbox 3505 3350 3662 3419; x_wconf 76' lang='grc' dir='ltr'>υἱοῦ,</span> 
     </span>
    </p>
   </div>
   <div class='ocr_carea' id='block_1_64' title="bbox 424 3412 3661 3515">
    <p class='ocr_par' dir='ltr' id='par_1_64' title="bbox 424 3412 3661 3515">
     <span class='ocr_line' id='line_1_64' title="bbox 424 3412 3661 3515; baseline 0.011 -52"><span class='ocrx_word' id='word_1_408' title='bbox 424 3414 666 3485; x_wconf 48' lang='lat' dir='ltr'><strong>masc</strong></span> <span class='ocrx_word' id='word_1_409' title='bbox 703 3415 784 3480; x_wconf 83' lang='grc' dir='ltr'>τῷ</span> <span class='ocrx_word' id='word_1_410' title='bbox 818 3414 1015 3468; x_wconf 78' lang='grc' dir='ltr'><strong>Δαϐίδ.</strong></span> <span class='ocrx_word' id='word_1_411' title='bbox 1043 3414 1212 3468; x_wconf 84' lang='grc' dir='ltr'>Τοῦτο</span> <span class='ocrx_word' id='word_1_412' title='bbox 1259 3412 1352 3470; x_wconf 79' lang='grc' dir='ltr'><strong>οὖν</strong></span> <span class='ocrx_word' id='word_1_413' title='bbox 1400 3418 1574 3486; x_wconf 79' lang='grc' dir='ltr'><strong>λέγει·</strong></span> <span class='ocrx_word' id='word_1_414' title='bbox 1629 3421 1745 3473; x_wconf 85' lang='grc' dir='ltr'><strong>Ἐπ’</strong></span> <span class='ocrx_word' id='word_1_415' title='bbox 1794 3421 2023 3492; x_wconf 78' lang='grc' dir='ltr'>ἐσχάτου</span> <span class='ocrx_word' id='word_1_416' title='bbox 2069 3424 2178 3478; x_wconf 83' lang='grc' dir='ltr'><strong>τῶν</strong></span> <span class='ocrx_word' id='word_1_417' title='bbox 2202 3428 2421 3498; x_wconf 82' lang='grc' dir='ltr'>ἡμερῶν</span> <span class='ocrx_word' id='word_1_418' title='bbox 2466 3431 2607 3504; x_wconf 81' lang='grc' dir='ltr'>ὑπὲρ</span> <span class='ocrx_word' id='word_1_419' title='bbox 2640 3436 2749 3490; x_wconf 85' lang='grc' dir='ltr'>τῶν</span> <span class='ocrx_word' id='word_1_420' title='bbox 2796 3412 3194 3510; x_wconf 76' lang='grc' dir='ltr'><strong>ἀκαταλήπτων</strong></span> <span class='ocrx_word' id='word_1_421' title='bbox 3225 3443 3538 3515; x_wconf 78' lang='grc' dir='ltr'>μυστηρίων</span> <span class='ocrx_word' id='word_1_422' title='bbox 3570 3412 3661 3497; x_wconf 66' lang='grc' dir='ltr'><strong>το5</strong></span> 
     </span>
    </p>
   </div>
   <div class='ocr_carea' id='block_1_65' title="bbox 425 3510 1638 3586">
    <p class='ocr_par' dir='ltr' id='par_1_65' title="bbox 425 3510 1638 3586">
     <span class='ocr_line' id='line_1_65' title="bbox 425 3510 1638 3586; baseline 0.007 -21"><span class='ocrx_word' id='word_1_423' title='bbox 425 3510 557 3565; x_wconf 82' lang='grc' dir='ltr'>Υἱοῦ</span> <span class='ocrx_word' id='word_1_424' title='bbox 592 3511 668 3582; x_wconf 90' lang='grc'><strong>(1)</strong></span> <span class='ocrx_word' id='word_1_425' title='bbox 689 3511 836 3580; x_wconf 82' lang='grc' dir='ltr'><strong>λέγει</strong></span> <span class='ocrx_word' id='word_1_426' title='bbox 874 3512 963 3565; x_wconf 81' lang='grc' dir='ltr'><strong>τὸν</strong></span> <span class='ocrx_word' id='word_1_427' title='bbox 996 3511 1210 3584; x_wconf 75' lang='grc' dir='ltr'>ψαλμὸν</span> <span class='ocrx_word' id='word_1_428' title='bbox 1245 3512 1324 3586; x_wconf 83' lang='grc' dir='ltr'>τῷ</span> <span class='ocrx_word' id='word_1_429' title='bbox 1350 3514 1427 3586; x_wconf 71' lang='grc'><strong>(2)</strong></span> <span class='ocrx_word' id='word_1_430' title='bbox 1454 3515 1638 3573; x_wconf 71' lang='grc' dir='ltr'>Δαϐίδ.</span> 
     </span>
    </p>
   </div>
   <div class='ocr_carea' id='block_1_66' title="bbox 497 3601 3662 3694">
    <p class='ocr_par' dir='ltr' id='par_1_66' title="bbox 497 3601 3662 3694">
     <span class='ocr_line' id='line_1_66' title="bbox 497 3601 3662 3694; baseline 0.008 -38"><span class='ocrx_word' id='word_1_431' title='bbox 497 3601 844 3673; x_wconf 86' lang='lat' dir='ltr'><strong>Titulus,qui</strong></span> <span class='ocrx_word' id='word_1_432' title='bbox 863 3602 1072 3672; x_wconf 88' lang='lat' dir='ltr'><strong>psalmo</strong></span> <span class='ocrx_word' id='word_1_433' title='bbox 1089 3604 1444 3674; x_wconf 68' lang='lat' dir='ltr'><strong>praeponitur,</strong></span> <span class='ocrx_word' id='word_1_434' title='bbox 1464 3606 1748 3662; x_wconf 86' lang='lat' dir='ltr'><strong>cinnabari</strong></span> <span class='ocrx_word' id='word_1_435' title='bbox 1763 3609 2020 3679; x_wconf 87' lang='lat' dir='ltr'><strong>scriptus,</strong></span> <span class='ocrx_word' id='word_1_436' title='bbox 2037 3612 2279 3668; x_wconf 87' lang='lat' dir='ltr'><strong>continet</strong></span> <span class='ocrx_word' id='word_1_437' title='bbox 2299 3632 2313 3667; x_wconf 90' lang='lat'><strong>:</strong></span> <span class='ocrx_word' id='word_1_438' title='bbox 2334 3612 2401 3669; x_wconf 87' lang='lat' dir='ltr'><strong>In</strong></span> <span class='ocrx_word' id='word_1_439' title='bbox 2415 3615 2594 3683; x_wconf 84' lang='lat' dir='ltr'><strong>ﬁnem,</strong></span> <span class='ocrx_word' id='word_1_440' title='bbox 2611 3635 2704 3689; x_wconf 84' lang='lat' dir='ltr'><strong>pro</strong></span> <span class='ocrx_word' id='word_1_441' title='bbox 2721 3622 2939 3676; x_wconf 80' lang='lat' dir='ltr'><strong>occultis</strong></span> <span class='ocrx_word' id='word_1_442' title='bbox 2950 3623 3074 3694; x_wconf 81' lang='lat' dir='ltr'><strong>ﬁlii,</strong></span> <span class='ocrx_word' id='word_1_443' title='bbox 3092 3624 3326 3694; x_wconf 76' lang='lat' dir='ltr'><strong>psalmus</strong></span> <span class='ocrx_word' id='word_1_444' title='bbox 3342 3626 3531 3686; x_wconf 76' lang='lat' dir='ltr'><strong>David.</strong></span> <span class='ocrx_word' id='word_1_445' title='bbox 3548 3625 3662 3685; x_wconf 84' lang='lat' dir='ltr'><strong>Hoc</strong></span> 
     </span>
    </p>
   </div>
   <div class='ocr_carea' id='block_1_67' title="bbox 423 3687 3657 3791">
    <p class='ocr_par' dir='ltr' id='par_1_67' title="bbox 423 3687 3657 3791">
     <span class='ocr_line' id='line_1_67' title="bbox 423 3687 3657 3791; baseline 0.008 -39"><span class='ocrx_word' id='word_1_446' title='bbox 423 3687 589 3768; x_wconf 80' lang='lat' dir='ltr'><strong>igitur</strong></span> <span class='ocrx_word' id='word_1_447' title='bbox 621 3696 890 3775; x_wconf 81' lang='lat' dir='ltr'><strong>signiﬁcat</strong></span> <span class='ocrx_word' id='word_1_448' title='bbox 921 3694 1018 3751; x_wconf 87' lang='lat' dir='ltr'><strong>:ln</strong></span> <span class='ocrx_word' id='word_1_449' title='bbox 1051 3698 1351 3755; x_wconf 84' lang='lat' dir='ltr'><strong>novissimo</strong></span> <span class='ocrx_word' id='word_1_450' title='bbox 1368 3699 1456 3755; x_wconf 88' lang='lat' dir='ltr'><strong>die</strong></span> <span class='ocrx_word' id='word_1_451' title='bbox 1475 3717 1575 3772; x_wconf 91' lang='lat' dir='ltr'><strong>pro</strong></span> <span class='ocrx_word' id='word_1_452' title='bbox 1596 3702 2240 3774; x_wconf 86' lang='lat' dir='ltr'><strong>incomprehensibilibus</strong></span> <span class='ocrx_word' id='word_1_453' title='bbox 2273 3712 2548 3781; x_wconf 88' lang='lat' dir='ltr'><strong>mysteriis</strong></span> <span class='ocrx_word' id='word_1_454' title='bbox 2580 3687 2701 3769; x_wconf 84' lang='lat' dir='ltr'><strong>Filii</strong></span> <span class='ocrx_word' id='word_1_455' title='bbox 2727 3687 3129 3783; x_wconf 74' lang='lat' dir='ltr'><strong>Dei,psalmum</strong></span> <span class='ocrx_word' id='word_1_456' title='bbox 3157 3720 3290 3776; x_wconf 88' lang='lat' dir='ltr'><strong>dicit</strong></span> <span class='ocrx_word' id='word_1_457' title='bbox 3320 3737 3443 3779; x_wconf 84' lang='lat' dir='ltr'><strong>esse</strong></span> <span class='ocrx_word' id='word_1_458' title='bbox 3469 3722 3657 3791; x_wconf 74' lang='lat' dir='ltr'><strong>David,</strong></span> 
     </span>
    </p>
   </div>
   <div class='ocr_carea' id='block_1_68' title="bbox 490 3786 1973 3886">
    <p class='ocr_par' dir='ltr' id='par_1_68' title="bbox 490 3786 1775 3862">
     <span class='ocr_line' id='line_1_68' title="bbox 490 3786 1775 3862; baseline 0.005 -19"><span class='ocrx_word' id='word_1_459' title='bbox 490 3790 542 3843; x_wconf 91' lang='grc'><strong>1.</strong></span> <span class='ocrx_word' id='word_1_460' title='bbox 566 3786 896 3856; x_wconf 86' lang='lat' dir='ltr'><strong>Enuntiabo,</strong></span> <span class='ocrx_word' id='word_1_461' title='bbox 931 3787 1177 3853; x_wconf 84' lang='lat' dir='ltr'><strong>Domine,</strong></span> <span class='ocrx_word' id='word_1_462' title='bbox 1210 3791 1266 3844; x_wconf 91' lang='lat' dir='ltr'><strong>in</strong></span> <span class='ocrx_word' id='word_1_463' title='bbox 1296 3800 1411 3847; x_wconf 87' lang='lat' dir='ltr'><strong>toto</strong></span> <span class='ocrx_word' id='word_1_464' title='bbox 1434 3795 1598 3851; x_wconf 91' lang='lat' dir='ltr'><strong>corde</strong></span> <span class='ocrx_word' id='word_1_465' title='bbox 1623 3811 1775 3862; x_wconf 90' lang='lat' dir='ltr'><strong>meo;</strong></span> 
     </span>
    </p>
   </div>
   <div class='ocr_carea' id='block_1_69' title="bbox 2147 3786 3330 3886">
    <p class='ocr_par' dir='ltr' id='par_1_69' title="bbox 2160 3801 3330 3886">
     <span class='ocr_line' id='line_1_69' title="bbox 2160 3801 3330 3886; baseline 0.012 -32"><span class='ocrx_word' id='word_1_466' title='bbox 2160 3801 2211 3855; x_wconf 94' lang='grc'><strong>1.</strong></span> <span class='ocrx_word' id='word_1_467' title='bbox 2254 3801 2502 3871; x_wconf 83' lang='grc' dir='ltr'><strong>Ἐξείπω,</strong></span> <span class='ocrx_word' id='word_1_468' title='bbox 2544 3807 2737 3880; x_wconf 85' lang='grc' dir='ltr'><strong>Κύριε,</strong></span> <span class='ocrx_word' id='word_1_469' title='bbox 2764 3813 2821 3864; x_wconf 82' lang='grc' dir='ltr'><strong>ἐν</strong></span> <span class='ocrx_word' id='word_1_470' title='bbox 2851 3812 2948 3885; x_wconf 80' lang='grc' dir='ltr'><strong>ὅλῃ</strong></span> <span class='ocrx_word' id='word_1_471' title='bbox 2972 3813 3164 3886; x_wconf 82' lang='grc' dir='ltr'>καρδίᾳ</span> <span class='ocrx_word' id='word_1_472' title='bbox 3195 3831 3296 3884; x_wconf 89' lang='grc' dir='ltr'><strong>μου</strong></span> <span class='ocrx_word' id='word_1_473' title='bbox 3316 3832 3330 3845; x_wconf 82' lang='grc'><em>’</em></span> 
     </span>
    </p>
   </div>
   <div class='ocr_carea' id='block_1_70' title="bbox 490 3881 1973 3981">
    <p class='ocr_par' dir='ltr' id='par_1_70' title="bbox 490 3881 1973 3953">
     <span class='ocr_line' id='line_1_70' title="bbox 490 3881 1973 3953; baseline 0.007 -17"><span class='ocrx_word' id='word_1_474' title='bbox 490 3881 545 3939; x_wconf 73' lang='lat'><strong>2.</strong></span> <span class='ocrx_word' id='word_1_475' title='bbox 575 3883 643 3937; x_wconf 90' lang='lat' dir='ltr'><strong>Et</strong></span> <span class='ocrx_word' id='word_1_476' title='bbox 664 3883 900 3937; x_wconf 81' lang='lat' dir='ltr'><strong>narrabo</strong></span> <span class='ocrx_word' id='word_1_477' title='bbox 923 3884 1105 3938; x_wconf 88' lang='lat' dir='ltr'><strong>omnia</strong></span> <span class='ocrx_word' id='word_1_478' title='bbox 1131 3884 1400 3940; x_wconf 89' lang='lat' dir='ltr'><strong>mirabilia</strong></span> <span class='ocrx_word' id='word_1_479' title='bbox 1423 3897 1536 3953; x_wconf 87' lang='lat' dir='ltr'><strong>tua,</strong></span> <span class='ocrx_word' id='word_1_480' title='bbox 1560 3891 1876 3947; x_wconf 83' lang='lat' dir='ltr'><strong>recordatus</strong></span> <span class='ocrx_word' id='word_1_481' title='bbox 1897 3906 1973 3946; x_wconf 86' lang='lat' dir='ltr'><strong>eo-</strong></span> 
     </span>
    </p>
   </div>
   <div class='ocr_carea' id='block_1_71' title="bbox 2147 3881 3657 3981">
    <p class='ocr_par' dir='ltr' id='par_1_71' title="bbox 2150 3881 3657 3981">
     <span class='ocr_line' id='line_1_71' title="bbox 2150 3881 3657 3981; baseline 0.012 -38"><span class='ocrx_word' id='word_1_482' title='bbox 2150 3888 2204 3945; x_wconf 76' lang='lat'><strong>2.</strong></span> <span class='ocrx_word' id='word_1_483' title='bbox 2237 3892 2347 3946; x_wconf 81' lang='lat' dir='ltr'><strong>Kal.</strong></span> <span class='ocrx_word' id='word_1_484' title='bbox 2371 3895 2701 3968; x_wconf 83' lang='grc' dir='ltr'>διηγήσομαι</span> <span class='ocrx_word' id='word_1_485' title='bbox 2733 3881 3010 3956; x_wconf 44' lang='grc' dir='ltr'>πάντα-τὰ</span> <span class='ocrx_word' id='word_1_486' title='bbox 3036 3881 3317 3975; x_wconf 51' lang='grc' dir='ltr'>Θαυμάσιά</span> <span class='ocrx_word' id='word_1_487' title='bbox 3351 3923 3445 3960; x_wconf 86' lang='grc' dir='ltr'><strong>σου</strong></span> <span class='ocrx_word' id='word_1_488' title='bbox 3468 3946 3483 3973; x_wconf 89' lang='grc'><strong>,</strong></span> <span class='ocrx_word' id='word_1_489' title='bbox 3523 3924 3657 3981; x_wconf 85' lang='grc' dir='ltr'>μνη-</span> 
     </span>
    </p>
   </div>
   <div class='ocr_carea' id='block_1_72' title="bbox 420 3977 1973 4070">
    <p class='ocr_par' dir='ltr' id='par_1_72' title="bbox 420 3977 1807 4046">
     <span class='ocr_line' id='line_1_72' title="bbox 420 3977 1807 4046; baseline 0.004 -16"><span class='ocrx_word' id='word_1_490' title='bbox 420 3988 543 4030; x_wconf 90' lang='lat' dir='ltr'><strong>rum</strong></span> <span class='ocrx_word' id='word_1_491' title='bbox 576 3990 698 4046; x_wconf 68' lang='lat' dir='ltr'><strong>quae</strong></span> <span class='ocrx_word' id='word_1_492' title='bbox 718 3991 748 4030; x_wconf 91' lang='lat' dir='ltr'><strong>a</strong></span> <span class='ocrx_word' id='word_1_493' title='bbox 779 3984 830 4031; x_wconf 90' lang='lat' dir='ltr'><strong>te</strong></span> <span class='ocrx_word' id='word_1_494' title='bbox 854 3992 951 4046; x_wconf 93' lang='lat' dir='ltr'><strong>pro</strong></span> <span class='ocrx_word' id='word_1_495' title='bbox 982 3978 1139 4032; x_wconf 87' lang='lat' dir='ltr'><strong>nobis</strong></span> <span class='ocrx_word' id='word_1_496' title='bbox 1168 3977 1309 4033; x_wconf 79' lang='lat' dir='ltr'><strong>facta</strong></span> <span class='ocrx_word' id='word_1_497' title='bbox 1343 3990 1490 4035; x_wconf 86' lang='lat' dir='ltr'><strong>sunt.</strong></span> <span class='ocrx_word' id='word_1_498' title='bbox 1784 3996 1807 4019; x_wconf 73' lang='grc' dir='ltr'><strong>ο</strong></span> 
     </span>
    </p>
   </div>
   <div class='ocr_carea' id='block_1_73' title="bbox 2147 3977 3412 4070">
    <p class='ocr_par' dir='ltr' id='par_1_73' title="bbox 2147 3984 3412 4070">
     <span class='ocr_line' id='line_1_73' title="bbox 2147 3984 3412 4070; baseline 0.016 -36"><span class='ocrx_word' id='word_1_499' title='bbox 2147 3984 2235 4048; x_wconf 69' lang='grc' dir='ltr'>ἐὶς</span> <span class='ocrx_word' id='word_1_500' title='bbox 2272 3984 2379 4038; x_wconf 86' lang='grc' dir='ltr'><strong>τῶν</strong></span> <span class='ocrx_word' id='word_1_501' title='bbox 2403 3989 2509 4041; x_wconf 80' lang='grc' dir='ltr'><strong>ὑπὸ</strong></span> <span class='ocrx_word' id='word_1_502' title='bbox 2540 3990 2632 4043; x_wconf 80' lang='grc' dir='ltr'>σοῦ</span> <span class='ocrx_word' id='word_1_503' title='bbox 2663 3995 3043 4065; x_wconf 82' lang='grc' dir='ltr'><strong>γεγενημένων</strong></span> <span class='ocrx_word' id='word_1_504' title='bbox 3066 3998 3205 4070; x_wconf 83' lang='grc' dir='ltr'>ὑπὲρ</span> <span class='ocrx_word' id='word_1_505' title='bbox 3236 3999 3412 4069; x_wconf 84' lang='grc' dir='ltr'><strong>ἡμῶν.</strong></span> 
     </span>
    </p>
   </div>
   <div class='ocr_carea' id='block_1_74' title="bbox 483 4064 1973 4166">
    <p class='ocr_par' dir='ltr' id='par_1_74' title="bbox 483 4064 1843 4139">
     <span class='ocr_line' id='line_1_74' title="bbox 483 4064 1843 4139; baseline 0.003 -17"><span class='ocrx_word' id='word_1_506' title='bbox 483 4067 537 4122; x_wconf 84' lang='grc'><strong>5.</strong></span> <span class='ocrx_word' id='word_1_507' title='bbox 574 4064 841 4134; x_wconf 71' lang='lat' dir='ltr'><strong>Lmtabor,</strong></span> <span class='ocrx_word' id='word_1_508' title='bbox 864 4075 919 4122; x_wconf 91' lang='lat' dir='ltr'><strong>et</strong></span> <span class='ocrx_word' id='word_1_509' title='bbox 947 4069 1230 4125; x_wconf 81' lang='lat' dir='ltr'><strong>exsultabo</strong></span> <span class='ocrx_word' id='word_1_510' title='bbox 1249 4069 1303 4124; x_wconf 90' lang='lat' dir='ltr'><strong>in</strong></span> <span class='ocrx_word' id='word_1_511' title='bbox 1331 4071 1709 4127; x_wconf 85' lang='lat' dir='ltr'><strong>recordatione</strong></span> <span class='ocrx_word' id='word_1_512' title='bbox 1737 4072 1843 4139; x_wconf 87' lang='lat' dir='ltr'><strong>lui;</strong></span> 
     </span>
    </p>
   </div>
   <div class='ocr_carea' id='block_1_75' title="bbox 2147 4064 3653 4166">
    <p class='ocr_par' dir='ltr' id='par_1_75' title="bbox 2147 4064 3653 4166">
     <span class='ocr_line' id='line_1_75' title="bbox 2147 4064 3653 4166; baseline 0.013 -37"><span class='ocrx_word' id='word_1_513' title='bbox 2147 4078 2199 4130; x_wconf 81' lang='grc'><strong>5.</strong></span> <span class='ocrx_word' id='word_1_514' title='bbox 2216 4077 2691 4153; x_wconf 76' lang='grc' dir='ltr'>Εὐφρανθήσομαι,</span> <span class='ocrx_word' id='word_1_515' title='bbox 2706 4086 2800 4139; x_wconf 77' lang='grc' dir='ltr'><strong>καὶ</strong></span> <span class='ocrx_word' id='word_1_516' title='bbox 2809 4064 3378 4165; x_wconf 69' lang='grc' dir='ltr'><strong>ὰγαλλιάσομαιὲπὶτῇ</strong></span> <span class='ocrx_word' id='word_1_517' title='bbox 3394 4095 3460 4165; x_wconf 77' lang='grc' dir='ltr'>σῇ</span> <span class='ocrx_word' id='word_1_518' title='bbox 3477 4093 3653 4166; x_wconf 75' lang='grc' dir='ltr'>μνείᾳ·</span> 
     </span>
    </p>
   </div>
   <div class='ocr_carea' id='block_1_76' title="bbox 488 4158 1973 4254">
    <p class='ocr_par' dir='ltr' id='par_1_76' title="bbox 488 4158 1714 4230">
     <span class='ocr_line' id='line_1_76' title="bbox 488 4158 1714 4230; baseline 0.002 -17"><span class='ocrx_word' id='word_1_519' title='bbox 488 4158 543 4213; x_wconf 79' lang='grc'><strong>4.</strong></span> <span class='ocrx_word' id='word_1_520' title='bbox 572 4160 638 4213; x_wconf 91' lang='lat' dir='ltr'><strong>Et</strong></span> <span class='ocrx_word' id='word_1_521' title='bbox 670 4161 955 4230; x_wconf 80' lang='lat' dir='ltr'><strong>magniﬁce</strong></span> <span class='ocrx_word' id='word_1_522' title='bbox 981 4171 1033 4216; x_wconf 91' lang='lat' dir='ltr'><strong>te</strong></span> <span class='ocrx_word' id='word_1_523' title='bbox 1062 4162 1319 4218; x_wconf 86' lang='lat' dir='ltr'><strong>laudabo.</strong></span> <span class='ocrx_word' id='word_1_524' title='bbox 1711 4210 1714 4216; x_wconf 41' lang='grc' dir='ltr'>λ</span> 
     </span>
    </p>
   </div>
   <div class='ocr_carea' id='block_1_77' title="bbox 2147 4158 3248 4254">
    <p class='ocr_par' dir='ltr' id='par_1_77' title="bbox 2154 4158 3248 4254">
     <span class='ocr_line' id='line_1_77' title="bbox 2154 4158 3248 4254; baseline 0.015 -31"><span class='ocrx_word' id='word_1_525' title='bbox 2154 4169 2208 4223; x_wconf 70' lang='grc'><strong>4.</strong></span> <span class='ocrx_word' id='word_1_526' title='bbox 2244 4173 2353 4225; x_wconf 80' lang='grc' dir='ltr'>Καὶ</span> <span class='ocrx_word' id='word_1_527' title='bbox 2390 4175 2686 4248; x_wconf 85' lang='grc' dir='ltr'>ἀνυμνήσω</span> <span class='ocrx_word' id='word_1_528' title='bbox 2712 4196 2769 4231; x_wconf 88' lang='grc' dir='ltr'>σε</span> <span class='ocrx_word' id='word_1_529' title='bbox 2796 4158 3248 4254; x_wconf 73' lang='grc' dir='ltr'><strong>μεγαλοπρεπῶς.</strong></span> 
     </span>
    </p>
   </div>
   <div class='ocr_carea' id='block_1_78' title="bbox 488 4249 1973 4337">
    <p class='ocr_par' dir='ltr' id='par_1_78' title="bbox 488 4249 1173 4321">
     <span class='ocr_line' id='line_1_78' title="bbox 488 4249 1173 4321; baseline 0.003 -16"><span class='ocrx_word' id='word_1_530' title='bbox 488 4250 543 4305; x_wconf 90' lang='grc'><strong>5.</strong></span> <span class='ocrx_word' id='word_1_531' title='bbox 576 4249 857 4306; x_wconf 89' lang='lat' dir='ltr'><strong>Diabolum</strong></span> <span class='ocrx_word' id='word_1_532' title='bbox 883 4252 1173 4321; x_wconf 82' lang='lat' dir='ltr'><strong>signiﬁcat.</strong></span> 
     </span>
    </p>
   </div>
   <div class='ocr_carea' id='block_1_79' title="bbox 2147 4249 2803 4337">
    <p class='ocr_par' dir='ltr' id='par_1_79' title="bbox 2151 4260 2803 4337">
     <span class='ocr_line' id='line_1_79' title="bbox 2151 4260 2803 4337; baseline 0.014 -23"><span class='ocrx_word' id='word_1_533' title='bbox 2151 4260 2203 4315; x_wconf 84' lang='lat'><strong>5.</strong></span> <span class='ocrx_word' id='word_1_534' title='bbox 2240 4263 2342 4317; x_wconf 80' lang='grc' dir='ltr'><strong>Τὸν</strong></span> <span class='ocrx_word' id='word_1_535' title='bbox 2365 4264 2610 4322; x_wconf 76' lang='grc' dir='ltr'>διάϐολον</span> <span class='ocrx_word' id='word_1_536' title='bbox 2637 4268 2803 4337; x_wconf 82' lang='grc' dir='ltr'><strong>λέγει.</strong></span> 
     </span>
    </p>
   </div>
   <div class='ocr_carea' id='block_1_80' title="bbox 489 4340 1973 4433">
    <p class='ocr_par' dir='ltr' id='par_1_80' title="bbox 489 4340 1076 4400">
     <span class='ocr_line' id='line_1_80' title="bbox 489 4340 1076 4400; baseline 0.007 -5"><span class='ocrx_word' id='word_1_537' title='bbox 489 4340 543 4396; x_wconf 84' lang='grc'><strong>6.</strong></span> <span class='ocrx_word' id='word_1_538' title='bbox 577 4341 661 4396; x_wconf 87' lang='lat' dir='ltr'><strong>Ab</strong></span> <span class='ocrx_word' id='word_1_539' title='bbox 690 4342 927 4397; x_wconf 84' lang='lat' dir='ltr'><strong>adventu</strong></span> <span class='ocrx_word' id='word_1_540' title='bbox 960 4353 1076 4400; x_wconf 91' lang='lat' dir='ltr'><strong>tuo.</strong></span> 
     </span>
    </p>
   </div>
   <div class='ocr_carea' id='block_1_81' title="bbox 2147 4340 2978 4433">
    <p class='ocr_par' dir='ltr' id='par_1_81' title="bbox 2150 4352 2978 4433">
     <span class='ocr_line' id='line_1_81' title="bbox 2150 4352 2978 4433; baseline 0.014 -26"><span class='ocrx_word' id='word_1_541' title='bbox 2150 4352 2204 4408; x_wconf 83' lang='grc'><strong>6.</strong></span> <span class='ocrx_word' id='word_1_542' title='bbox 2259 4355 2389 4409; x_wconf 81' lang='grc' dir='ltr'><strong>Ἀπὸ</strong></span> <span class='ocrx_word' id='word_1_543' title='bbox 2414 4359 2513 4430; x_wconf 84' lang='grc' dir='ltr'>τῆς</span> <span class='ocrx_word' id='word_1_544' title='bbox 2538 4363 2840 4433; x_wconf 86' lang='grc' dir='ltr'>παρουσίας</span> <span class='ocrx_word' id='word_1_545' title='bbox 2861 4382 2978 4421; x_wconf 87' lang='grc' dir='ltr'>σου.</span> 
     </span>
    </p>
   </div>
   <div class='ocr_carea' id='block_1_82' title="bbox 487 4428 1973 4532">
    <p class='ocr_par' dir='ltr' id='par_1_82' title="bbox 487 4428 1841 4502">
     <span class='ocr_line' id='line_1_82' title="bbox 487 4428 1841 4502; baseline 0.007 -19"><span class='ocrx_word' id='word_1_546' title='bbox 487 4429 543 4485; x_wconf 88' lang='grc'><strong>7.</strong></span> <span class='ocrx_word' id='word_1_547' title='bbox 574 4428 926 4501; x_wconf 87' lang='lat' dir='ltr'><strong>Consumptis</strong></span> <span class='ocrx_word' id='word_1_548' title='bbox 954 4433 1194 4490; x_wconf 86' lang='lat' dir='ltr'><strong>inimicis</strong></span> <span class='ocrx_word' id='word_1_549' title='bbox 1229 4437 1386 4502; x_wconf 90' lang='lat' dir='ltr'><strong>meis,</strong></span> <span class='ocrx_word' id='word_1_550' title='bbox 1417 4451 1506 4491; x_wconf 90' lang='lat' dir='ltr'><strong>me</strong></span> <span class='ocrx_word' id='word_1_551' title='bbox 1532 4437 1841 4494; x_wconf 88' lang='lat' dir='ltr'><strong>vindicasti.</strong></span> 
     </span>
    </p>
   </div>
   <div class='ocr_carea' id='block_1_83' title="bbox 2147 4428 3655 4532">
    <p class='ocr_par' dir='ltr' id='par_1_83' title="bbox 2151 4428 3655 4532">
     <span class='ocr_line' id='line_1_83' title="bbox 2151 4428 3655 4532; baseline 0.017 -36"><span class='ocrx_word' id='word_1_552' title='bbox 2151 4443 2203 4496; x_wconf 90' lang='lat'><strong>7.</strong></span> <span class='ocrx_word' id='word_1_553' title='bbox 2249 4428 2539 4518; x_wconf 82' lang='grc' dir='ltr'>Ἐποίησας</span> <span class='ocrx_word' id='word_1_554' title='bbox 2563 4428 2659 4523; x_wconf 65' lang='grc' dir='ltr'><strong>την</strong></span> <span class='ocrx_word' id='word_1_555' title='bbox 2686 4453 2964 4527; x_wconf 76' lang='grc' dir='ltr'>ἐκδίκησιν</span> <span class='ocrx_word' id='word_1_556' title='bbox 2998 4474 3098 4528; x_wconf 89' lang='grc' dir='ltr'>μου</span> <span class='ocrx_word' id='word_1_557' title='bbox 3122 4462 3512 4529; x_wconf 84' lang='grc' dir='ltr'>καταναλώσας</span> <span class='ocrx_word' id='word_1_558' title='bbox 3529 4484 3655 4532; x_wconf 91' lang='grc' dir='ltr'>τους</span> 
     </span>
    </p>
   </div>
   <div class='ocr_carea' id='block_1_84' title="bbox 2080 4536 2459 4611">
    <p class='ocr_par' dir='ltr' id='par_1_84' title="bbox 2080 4536 2459 4611">
     <span class='ocr_line' id='line_1_84' title="bbox 2080 4536 2459 4611; baseline 0.018 -23"><span class='ocrx_word' id='word_1_559' title='bbox 2080 4536 2309 4609; x_wconf 84' lang='grc' dir='ltr'>ἐχθρούς</span> <span class='ocrx_word' id='word_1_560' title='bbox 2335 4557 2459 4611; x_wconf 88' lang='grc' dir='ltr'>μου.</span> 
     </span>
    </p>
   </div>
   <div class='ocr_carea' id='block_1_85' title="bbox 2150 4626 3653 4717">
    <p class='ocr_par' dir='ltr' id='par_1_85' title="bbox 2150 4626 3653 4717">
     <span class='ocr_line' id='line_1_85' title="bbox 2150 4626 3653 4717; baseline 0.019 -39"><span class='ocrx_word' id='word_1_561' title='bbox 2150 4626 2201 4679; x_wconf 91' lang='grc'><strong>8.</strong></span> <span class='ocrx_word' id='word_1_562' title='bbox 2238 4629 2596 4700; x_wconf 83' lang='grc' dir='ltr'>Κατέστησας</span> <span class='ocrx_word' id='word_1_563' title='bbox 2650 4636 2779 4699; x_wconf 88' lang='grc' dir='ltr'>τοὺς</span> <span class='ocrx_word' id='word_1_564' title='bbox 2830 4637 3159 4706; x_wconf 86' lang='grc' dir='ltr'>ἀποστόλους</span> <span class='ocrx_word' id='word_1_565' title='bbox 3216 4660 3309 4699; x_wconf 88' lang='grc' dir='ltr'><strong>σου</strong></span> <span class='ocrx_word' id='word_1_566' title='bbox 3342 4649 3653 4717; x_wconf 47' lang='grc' dir='ltr'>,παιδευτὰς</span> 
     </span>
    </p>
   </div>
   <div class='ocr_carea' id='block_1_86' title="bbox 2078 4717 3401 4808">
    <p class='ocr_par' dir='ltr' id='par_1_86' title="bbox 2078 4717 3401 4808">
     <span class='ocr_line' id='line_1_86' title="bbox 2078 4717 3401 4808; baseline 0.018 -40"><span class='ocrx_word' id='word_1_567' title='bbox 2078 4717 2254 4808; x_wconf 78' lang='grc' dir='ltr'><strong>ἠμῷν,</strong></span> <span class='ocrx_word' id='word_1_568' title='bbox 2280 4720 2585 4778; x_wconf 87' lang='grc' dir='ltr'>ὁδιδάσκων</span> <span class='ocrx_word' id='word_1_569' title='bbox 2605 4725 2948 4801; x_wconf 83' lang='grc' dir='ltr'>δικαιοσύνην</span> <span class='ocrx_word' id='word_1_570' title='bbox 2981 4734 3270 4803; x_wconf 74' lang='grc' dir='ltr'>ἐργάζεται</span> <span class='ocrx_word' id='word_1_571' title='bbox 3302 4737 3401 4808; x_wconf 87' lang='grc'><strong>(5).</strong></span> 
     </span>
    </p>
   </div>
   <div class='ocr_carea' id='block_1_87' title="bbox 2144 4807 3650 4896">
    <p class='ocr_par' dir='ltr' id='par_1_87' title="bbox 2144 4807 3650 4896">
     <span class='ocr_line' id='line_1_87' title="bbox 2144 4807 3650 4896; baseline 0.016 -34"><span class='ocrx_word' id='word_1_572' title='bbox 2144 4807 2198 4864; x_wconf 92' lang='lat'><strong>9.</strong></span> <span class='ocrx_word' id='word_1_573' title='bbox 2242 4809 2628 4885; x_wconf 84' lang='grc' dir='ltr'>Ἐνουθέτησας</span> <span class='ocrx_word' id='word_1_574' title='bbox 2655 4817 2725 4872; x_wconf 82' lang='grc' dir='ltr'>τὰ</span> <span class='ocrx_word' id='word_1_575' title='bbox 2753 4818 2905 4890; x_wconf 79' lang='grc' dir='ltr'>ἔθνη,</span> <span class='ocrx_word' id='word_1_576' title='bbox 2932 4822 3026 4876; x_wconf 82' lang='grc' dir='ltr'><strong>τοῦ</strong></span> <span class='ocrx_word' id='word_1_577' title='bbox 3061 4825 3136 4895; x_wconf 84' lang='grc' dir='ltr'>μὴ</span> <span class='ocrx_word' id='word_1_578' title='bbox 3167 4807 3531 4896; x_wconf 83' lang='grc' dir='ltr'>ἁμαρτάνειν·</span> <span class='ocrx_word' id='word_1_579' title='bbox 3559 4834 3650 4886; x_wconf 81' lang='grc' dir='ltr'><strong>καὶ</strong></span> 
     </span>
    </p>
   </div>
   <div class='ocr_carea' id='block_1_88' title="bbox 487 4600 1973 4679">
    <p class='ocr_par' dir='ltr' id='par_1_88' title="bbox 487 4600 1973 4679">
     <span class='ocr_line' id='line_1_88' title="bbox 487 4600 1973 4679; baseline 0.007 -22"><span class='ocrx_word' id='word_1_580' title='bbox 487 4601 540 4657; x_wconf 92' lang='grc'><strong>8.</strong></span> <span class='ocrx_word' id='word_1_581' title='bbox 570 4600 916 4658; x_wconf 88' lang='lat' dir='ltr'><strong>Constituisti</strong></span> <span class='ocrx_word' id='word_1_582' title='bbox 943 4605 1217 4675; x_wconf 85' lang='lat' dir='ltr'><strong>apostolos</strong></span> <span class='ocrx_word' id='word_1_583' title='bbox 1247 4614 1382 4662; x_wconf 85' lang='lat' dir='ltr'><strong>tuos</strong></span> <span class='ocrx_word' id='word_1_584' title='bbox 1421 4607 1712 4678; x_wconf 87' lang='lat' dir='ltr'><strong>magistros</strong></span> <span class='ocrx_word' id='word_1_585' title='bbox 1738 4616 1973 4679; x_wconf 77' lang='lat' dir='ltr'><strong>nostros,</strong></span> 
     </span>
    </p>
   </div>
   <div class='ocr_carea' id='block_1_89' title="bbox 415 4690 1299 4765">
    <p class='ocr_par' dir='ltr' id='par_1_89' title="bbox 415 4690 1299 4765">
     <span class='ocr_line' id='line_1_89' title="bbox 415 4690 1299 4765; baseline 0.005 -18"><span class='ocrx_word' id='word_1_586' title='bbox 415 4690 618 4747; x_wconf 89' lang='lat' dir='ltr'><strong>docens</strong></span> <span class='ocrx_word' id='word_1_587' title='bbox 641 4708 746 4748; x_wconf 88' lang='lat' dir='ltr'><strong>nos</strong></span> <span class='ocrx_word' id='word_1_588' title='bbox 771 4694 982 4764; x_wconf 89' lang='lat' dir='ltr'><strong>operari</strong></span> <span class='ocrx_word' id='word_1_589' title='bbox 1005 4695 1299 4765; x_wconf 78' lang='lat' dir='ltr'><strong>justitiam.</strong></span> 
     </span>
    </p>
   </div>
   <div class='ocr_carea' id='block_1_90' title="bbox 486 4782 1953 4861">
    <p class='ocr_par' dir='ltr' id='par_1_90' title="bbox 486 4782 1953 4861">
     <span class='ocr_line' id='line_1_90' title="bbox 486 4782 1953 4861; baseline 0.006 -23"><span class='ocrx_word' id='word_1_590' title='bbox 486 4782 538 4838; x_wconf 93' lang='lat'><strong>9.</strong></span> <span class='ocrx_word' id='word_1_591' title='bbox 570 4782 645 4855; x_wconf 89' lang='lat' dir='ltr'><strong>(a)</strong></span> <span class='ocrx_word' id='word_1_592' title='bbox 681 4785 1026 4842; x_wconf 83' lang='lat' dir='ltr'><strong>Admonuisti</strong></span> <span class='ocrx_word' id='word_1_593' title='bbox 1075 4797 1262 4859; x_wconf 88' lang='lat' dir='ltr'><strong>gentes</strong></span> <span class='ocrx_word' id='word_1_594' title='bbox 1306 4802 1375 4842; x_wconf 92' lang='lat' dir='ltr'><strong>ne</strong></span> <span class='ocrx_word' id='word_1_595' title='bbox 1398 4797 1716 4859; x_wconf 85' lang='lat' dir='ltr'><strong>peccarent;</strong></span> <span class='ocrx_word' id='word_1_596' title='bbox 1745 4798 1799 4846; x_wconf 90' lang='lat' dir='ltr'><strong>et</strong></span> <span class='ocrx_word' id='word_1_597' title='bbox 1819 4794 1953 4861; x_wconf 84' lang='lat' dir='ltr'><strong>perii</strong></span> 
     </span>
    </p>
   </div>
   <div class='ocr_carea' id='block_1_91' title="bbox 412 4875 1973 4970">
    <p class='ocr_par' dir='ltr' id='par_1_91' title="bbox 412 4875 685 4931">
     <span class='ocr_line' id='line_1_91' title="bbox 412 4875 685 4931; baseline -0.004 0"><span class='ocrx_word' id='word_1_598' title='bbox 412 4875 685 4931; x_wconf 85' lang='lat' dir='ltr'><strong>diabolus.</strong></span> 
     </span>
    </p>
   </div>
   <div class='ocr_carea' id='block_1_92' title="bbox 2147 4875 2670 4970">
    <p class='ocr_par' dir='ltr' id='par_1_92' title="bbox 2147 4875 2670 4970">
     <span class='ocr_line' id='line_1_92' title="bbox 2147 4875 2670 4970; baseline 0.023 -22"><span class='ocrx_word' id='word_1_599' title='bbox 2147 4896 2322 4951; x_wconf 72' lang='grc' dir='ltr'>τώλετο</span> <span class='ocrx_word' id='word_1_600' title='bbox 2353 4902 2382 4953; x_wconf 84' lang='grc' dir='ltr'>ὁ</span> <span class='ocrx_word' id='word_1_601' title='bbox 2407 4875 2670 4970; x_wconf 67' lang='grc' dir='ltr'><strong>διάὲολός.</strong></span> 
     </span>
    </p>
   </div>
   <div class='ocr_carea' id='block_1_93' title="bbox 483 4968 1973 5074">
    <p class='ocr_par' dir='ltr' id='par_1_93' title="bbox 483 4968 1621 5040">
     <span class='ocr_line' id='line_1_93' title="bbox 483 4968 1621 5040; baseline 0.006 -17"><span class='ocrx_word' id='word_1_602' title='bbox 483 4968 573 5024; x_wconf 90' lang='grc'><strong>10.</strong></span> <span class='ocrx_word' id='word_1_603' title='bbox 602 4968 887 5025; x_wconf 88' lang='lat' dir='ltr'><strong>Diabolum</strong></span> <span class='ocrx_word' id='word_1_604' title='bbox 915 4972 1012 5040; x_wconf 86' lang='lat' dir='ltr'><strong>ait,</strong></span> <span class='ocrx_word' id='word_1_605' title='bbox 1036 4988 1099 5028; x_wconf 80' lang='lat' dir='ltr'><strong>ex</strong></span> <span class='ocrx_word' id='word_1_606' title='bbox 1139 4974 1278 5029; x_wconf 91' lang='lat' dir='ltr'><strong>libro</strong></span> <span class='ocrx_word' id='word_1_607' title='bbox 1308 4974 1621 5030; x_wconf 88' lang='lat' dir='ltr'><strong>viventium.</strong></span> 
     </span>
    </p>
   </div>
   <div class='ocr_carea' id='block_1_94' title="bbox 2147 4968 3420 5074">
    <p class='ocr_par' dir='ltr' id='par_1_94' title="bbox 2148 4968 3420 5074">
     <span class='ocr_line' id='line_1_94' title="bbox 2148 4968 3420 5074; baseline 0.019 -34"><span class='ocrx_word' id='word_1_608' title='bbox 2148 4987 2235 5045; x_wconf 83' lang='grc'><strong>10.</strong></span> <span class='ocrx_word' id='word_1_609' title='bbox 2274 4991 2377 5045; x_wconf 84' lang='grc' dir='ltr'>Τὸν</span> <span class='ocrx_word' id='word_1_610' title='bbox 2415 4968 2659 5051; x_wconf 80' lang='grc' dir='ltr'>διάϐολον</span> <span class='ocrx_word' id='word_1_611' title='bbox 2691 4999 2837 5068; x_wconf 79' lang='grc' dir='ltr'><strong>λέγει</strong></span> <span class='ocrx_word' id='word_1_612' title='bbox 2874 5004 2937 5055; x_wconf 82' lang='grc' dir='ltr'>ὲκ</span> <span class='ocrx_word' id='word_1_613' title='bbox 2971 5002 3152 5074; x_wconf 78' lang='grc' dir='ltr'>βίϐλου</span> <span class='ocrx_word' id='word_1_614' title='bbox 3181 5006 3420 5071; x_wconf 85' lang='grc' dir='ltr'>ζώντων.</span> 
     </span>
    </p>
   </div>
   <div class='ocr_carea' id='block_1_95' title="bbox 480 5058 1973 5171">
    <p class='ocr_par' dir='ltr' id='par_1_95' title="bbox 480 5058 1963 5140">
     <span class='ocr_line' id='line_1_95' title="bbox 480 5058 1963 5140; baseline 0.009 -28"><span class='ocrx_word' id='word_1_615' title='bbox 480 5058 568 5114; x_wconf 92' lang='grc'><strong>11.</strong></span> <span class='ocrx_word' id='word_1_616' title='bbox 594 5058 836 5119; x_wconf 72' lang='lat' dir='ltr'><strong>Virtutes</strong></span> <span class='ocrx_word' id='word_1_617' title='bbox 860 5062 1000 5134; x_wconf 89' lang='lat' dir='ltr'><strong>ejus,</strong></span> <span class='ocrx_word' id='word_1_618' title='bbox 1027 5072 1081 5119; x_wconf 90' lang='lat' dir='ltr'><strong>et</strong></span> <span class='ocrx_word' id='word_1_619' title='bbox 1108 5066 1470 5137; x_wconf 86' lang='lat' dir='ltr'><strong>principatus,</strong></span> <span class='ocrx_word' id='word_1_620' title='bbox 1498 5077 1555 5122; x_wconf 90' lang='lat' dir='ltr'><strong>et</strong></span> <span class='ocrx_word' id='word_1_621' title='bbox 1580 5077 1874 5140; x_wconf 81' lang='lat' dir='ltr'><strong>potestates</strong></span> <span class='ocrx_word' id='word_1_622' title='bbox 1899 5071 1963 5126; x_wconf 80' lang='lat' dir='ltr'><strong>si-</strong></span> 
     </span>
    </p>
   </div>
   <div class='ocr_carea' id='block_1_96' title="bbox 2147 5058 3645 5171">
    <p class='ocr_par' dir='ltr' id='par_1_96' title="bbox 2150 5058 3645 5171">
     <span class='ocr_line' id='line_1_96' title="bbox 2150 5058 3645 5171; baseline 0.019 -40"><span class='ocrx_word' id='word_1_623' title='bbox 2150 5077 2234 5132; x_wconf 90' lang='grc'><strong>11.</strong></span> <span class='ocrx_word' id='word_1_624' title='bbox 2272 5083 2383 5147; x_wconf 80' lang='grc' dir='ltr'><strong>Τὰς</strong></span> <span class='ocrx_word' id='word_1_625' title='bbox 2412 5085 2670 5157; x_wconf 87' lang='grc' dir='ltr'>δυνάμεις</span> <span class='ocrx_word' id='word_1_626' title='bbox 2698 5058 3004 5156; x_wconf 53' lang='grc' dir='ltr'>αὐτοῦέκάὶ</span> <span class='ocrx_word' id='word_1_627' title='bbox 3033 5058 3134 5160; x_wconf 79' lang='grc' dir='ltr'><strong>τὰς</strong></span> <span class='ocrx_word' id='word_1_628' title='bbox 3167 5058 3499 5169; x_wconf 24' lang='grc' dir='ltr'>ἆρχάςῖνκαὶ</span> <span class='ocrx_word' id='word_1_629' title='bbox 3547 5104 3645 5171; x_wconf 79' lang='grc' dir='ltr'>τὰς</span> 
     </span>
    </p>
   </div>
   <div class='ocr_carea' id='block_1_97' title="bbox 407 5151 1973 5243">
    <p class='ocr_par' dir='ltr' id='par_1_97' title="bbox 407 5151 654 5223">
     <span class='ocr_line' id='line_1_97' title="bbox 407 5151 654 5223; baseline 0.008 -16"><span class='ocrx_word' id='word_1_630' title='bbox 407 5151 654 5223; x_wconf 80' lang='lat' dir='ltr'><strong>gniﬁcat.</strong></span> 
     </span>
    </p>
   </div>
   <div class='ocr_carea' id='block_1_98' title="bbox 2147 5151 2503 5243">
    <p class='ocr_par' dir='ltr' id='par_1_98' title="bbox 2147 5173 2503 5243">
     <span class='ocr_line' id='line_1_98' title="bbox 2147 5173 2503 5243; baseline 0.02 -20"><span class='ocrx_word' id='word_1_631' title='bbox 2147 5173 2317 5237; x_wconf 82' lang='grc' dir='ltr'>›υσίας</span> <span class='ocrx_word' id='word_1_632' title='bbox 2337 5175 2503 5243; x_wconf 79' lang='grc' dir='ltr'><strong>λέγει.</strong></span> 
     </span>
    </p>
   </div>
   <div class='ocr_carea' id='block_1_99' title="bbox 1351 5250 2689 5333">
    <p class='ocr_par' dir='ltr' id='par_1_99' title="bbox 1351 5250 2689 5333">
     <span class='ocr_line' id='line_1_99' title="bbox 1351 5250 2689 5333; baseline 0.015 -21"><span class='ocrx_word' id='word_1_633' title='bbox 1351 5250 1653 5315; x_wconf 78' lang='lat' dir='ltr'><strong>Addenda</strong></span> <span class='ocrx_word' id='word_1_634' title='bbox 1683 5257 1746 5311; x_wconf 89' lang='lat' dir='ltr'><strong>et</strong></span> <span class='ocrx_word' id='word_1_635' title='bbox 1774 5253 2148 5333; x_wconf 82' lang='lat' dir='ltr'><strong>corrigenda</strong></span> <span class='ocrx_word' id='word_1_636' title='bbox 2199 5282 2277 5324; x_wconf 78' lang='lat' dir='ltr'><strong>ex</strong></span> <span class='ocrx_word' id='word_1_637' title='bbox 2312 5267 2450 5327; x_wconf 90' lang='lat' dir='ltr'><strong>cod.</strong></span> <span class='ocrx_word' id='word_1_638' title='bbox 2496 5271 2689 5332; x_wconf 80' lang='lat' dir='ltr'><strong>Vatic.</strong></span> 
     </span>
    </p>
   </div>
   <div class='ocr_carea' id='block_1_100' title="bbox 504 5339 1973 5435">
    <p class='ocr_par' dir='ltr' id='par_1_100' title="bbox 504 5339 1314 5435">
     <span class='ocr_line' id='line_1_100' title="bbox 504 5339 1314 5435; baseline 0.006 -40"><span class='ocrx_word' id='word_1_639' title='bbox 504 5339 557 5435; x_wconf 55' lang='grc' dir='ltr'><strong>ἒξ</strong></span> <span class='ocrx_word' id='word_1_640' title='bbox 586 5342 695 5435; x_wconf 54' lang='grc' dir='ltr'><strong>ζαῦ</strong></span> <span class='ocrx_word' id='word_1_641' title='bbox 714 5342 912 5435; x_wconf 45' lang='grc' dir='ltr'><em>Ιὶοῦέὶ</em></span> <span class='ocrx_word' id='word_1_642' title='bbox 925 5344 1076 5435; x_wconf 48' lang='lat' dir='ltr'><strong>deest</strong></span> <span class='ocrx_word' id='word_1_643' title='bbox 1107 5344 1161 5399; x_wconf 86' lang='lat' dir='ltr'><strong>in</strong></span> <span class='ocrx_word' id='word_1_644' title='bbox 1191 5346 1314 5401; x_wconf 87' lang='lat' dir='ltr'><strong>cod.</strong></span> 
     </span>
    </p>
   </div>
   <div class='ocr_carea' id='block_1_101' title="bbox 2147 5339 2636 5435">
    <p class='ocr_par' dir='ltr' id='par_1_101' title="bbox 2147 5360 2636 5435">
     <span class='ocr_line' id='line_1_101' title="bbox 2147 5360 2636 5435; baseline 0.016 -21"><span class='ocrx_word' id='word_1_645' title='bbox 2147 5360 2219 5431; x_wconf 84' lang='lat'><strong>(&#39;5)</strong></span> <span class='ocrx_word' id='word_1_646' title='bbox 2263 5363 2636 5435; x_wconf 73' lang='grc' dir='ltr'>Ἐργάζεσθαι.</span> 
     </span>
    </p>
   </div>
   <div class='ocr_carea' id='block_1_102' title="bbox 502 5410 1062 5480">
    <p class='ocr_par' dir='ltr' id='par_1_102' title="bbox 502 5410 1062 5480">
     <span class='ocr_line' id='line_1_102' title="bbox 502 5410 1062 5480; baseline 0.007 -17"><span class='ocrx_word' id='word_1_647' title='bbox 502 5410 556 5480; x_wconf 74' lang='lat'><strong>2)</strong></span> <span class='ocrx_word' id='word_1_648' title='bbox 599 5412 677 5476; x_wconf 76' lang='lat' dir='ltr'><strong>&#39;o,</strong></span> <span class='ocrx_word' id='word_1_649' title='bbox 708 5413 838 5467; x_wconf 88' lang='lat' dir='ltr'><strong>dicit</strong></span> <span class='ocrx_word' id='word_1_650' title='bbox 871 5414 1062 5469; x_wconf 80' lang='lat' dir='ltr'><strong>David.</strong></span> 
     </span>
    </p>
   </div>
  </div>
