3934 6218
359 312 463 370 6ῗ9

428 425 520 482 52.
558 422 926 494 Cognoscetur
953 419 1217 476 Dominus
1240 418 1445 490 judicia
1472 417 1700 473 faciens.

430 519 522 575 33.
560 516 619 572 In
648 515 908 587 operibus
938 528 1200 569 manuum
1232 527 1455 570 suarum
1502 509 1931 581 comprehensus

361 618 445 668 est
472 616 746 681 peccator.

433 701 522 756 54.
562 699 961 754 Convertantur
986 701 1304 777 peccatores
1332 693 1388 748 in
1408 691 1722 759 infernum;

432 791 521 847 55.
563 790 766 846 Omnes
793 797 988 861 gentes
1014 803 1137 858 qua:
1168 786 1565 843 obliviscuntur
1596 785 1785 841 Deum.

431 882 522 939 36.
564 881 833 950 Quoniam
865 895 972 934 non
999 880 1053 934 in
1084 879 1246 933 ﬁnem
1277 877 1480 933 oblivio
1506 877 1610 933 erit
1637 877 1930 947 pauperis:

435 975 526 1030 37.
565 973 831 1029 Patientia
862 986 1162 1043 pauperum
1190 985 1301 1025 non
1325 966 1522 1040 peribit
1547 968 1602 1022 in
1630 968 1819 1023 finem.

437 1154 524 1210 38.
565 1151 835 1223 Exsurge,
861 1150 1111 1216 Domine,
1136 1165 1248 1205 non
1279 1148 1617 1205 confortetur
1647 1147 1812 1203 homo
1841 1165 1855 1202 :

437 1246 527 1302 59.
567 1222 888 1302 iudicentur
919 1252 1108 1313 gentes
1140 1240 1194 1294 in
1225 1248 1518 1309 conspectu
1552 1248 1668 1294 tuo.

435 1335 525 1391 40.
568 1333 870 1397 Constitue,
899 1331 1144 1396 Domine,
1169 1331 1535 1402 legislatorem
1566 1344 1730 1400 super
1755 1342 1849 1386 eos
1883 1347 1897 1383 :

435 1425 524 1479 41.
566 1421 637 1479 Ut
661 1422 836 1479 sciant
868 1430 1054 1492 gentes
1084 1420 1343 1491 quoniam
1374 1420 1624 1476 homines
1652 1429 1799 1476 sunt.

436 1518 526 1574 42.
565 1516 786 1587 thuid,
818 1515 1065 1580 Domine,
1100 1513 1378 1569 recessisti
1410 1513 1609 1584 longe?

437 1609 526 1665 45.
568 1607 812 1664 Desoicis
837 1607 891 1661 in
916 1606 1435 1677 opportunitatibus,
1466 1605 1519 1659 in
1567 1603 1939 1660 tribulationi-

367 1700 509 1758 bus?
1016 1702 1019 1705 ’

442 1794 530 1848 44.
572 1792 710 1848 Dum
739 1792 983 1863 superbit
1010 1792 1231 1862 impius,
1264 1792 1574 1847 incenditur
1601 1805 1827 1861 pauper.

442 1969 529 2029 45.
569 1968 1119 2044 Comprelienduntur
1164 1973 1219 2027 in
1269 1971 1512 2029 consiliis
1553 1969 1751 2039 quibus
1796 1984 1943 2038 cogi-

369 2073 509 2121 tant.

442 2154 533 2211 46.
573 2154 841 2222 Quoniam
868 2155 1123 2210 laudatur
1152 2160 1406 2226 peccator
1426 2154 1480 2208 in
1512 2151 1798 2208 desideriis
1823 2150 1941 2205 ani-

376 2263 478 2303 mae
514 2262 648 2312 suae,

443 2337 534 2393 47.
576 2335 645 2390 Et
680 2336 900 2406 iniquus
926 2335 1293 2390 benedicitur.

442 2428 533 2482 48.
576 2426 933 2481 Exacerhavit
958 2424 1244 2479 Dominum
1278 2434 1568 2495 peccator;

443 2518 530 2573 49.
572 2515 887 2572 Secundum
909 2513 1315 2569 multitudinem
1342 2512 1436 2568 irae
1462 2529 1574 2569 suae
1590 2527 1698 2569 non
1716 2519 1940 2584 quaeret.

445 2711 534 2768 50.
572 2709 692 2767 Non
724 2718 809 2766 est
837 2709 978 2764 Deus
1004 2708 1057 2761 in
1092 2717 1387 2777 conspectu
1416 2707 1571 2779 ejus:

447 2803 536 2859 5i.
574 2802 875 2873 lnquinatze
907 2808 1032 2855 sunt
1064 2799 1163 2855 viae
1196 2801 1342 2857 illius
1375 2800 1430 2854 in
1469 2800 1617 2855 omni
1648 2808 1907 2871 tempore.

1229 304 1287 360 S.
1324 299 1705 360 ATHANASII
1741 298 1896 358 OPP.
1935 296 2120 352 PARS
2159 295 2249 351 Ill.
2283 323 2351 335 —-
2387 291 2798 349 EXEGETICA.

1951 419 2000 479 Α
2042 490 2052 503 ﬁ
2098 411 2186 466 32.
2220 409 2547 464 Γινώσκεται
2580 409 2783 481 Κύριος
2817 410 3056 481 κρίματα
3079 407 3271 464 ποιῶν.

3496 293 3596 350 680

2108 503 2198 558 55.
2253 504 2341 556 Ἐν
2388 505 2501 567 τοῖς
2526 502 2707 574 ἔργοις
2732 502 2840 555 τῶν
2870 502 3067 573 χειρῶν
3093 501 3259 557 αὐτοῦ
3294 502 3598 575 συνελήφθη

2033 598 2062 650 6
2085 596 2425 669 ἁμαρτωλός.

2101 690 2190 745 54.
2228 690 2758 761 Ἀποστραφήτωσαν
2789 689 2838 741 οἱ
2864 686 3179 758 ἁμαρτωλοὶ
3217 688 3296 751 εἰς
3324 685 3416 740 τὸν
3442 685 3595 758 ᾅδην·

2103 782 2191 836 55.
2221 780 2403 834 Πάντα
2425 779 2495 832 τὰ
2519 779 2644 851 ἔθνη
2669 779 2740 832 τὰ
2767 778 3230 850 ὲπιλανθανόμενα
3257 778 3353 832 τοῦ
3391 777 3546 832 Θεοῦ.

2105 873 2194 927 56.
2236 873 2356 926 ’Ότι
2384 872 2483 925 οὐκ
2515 874 2596 935 εἰς
2628 871 2778 936 τέλος
2804 871 3190 945 ὲπιλαθήσεται
3221 873 3249 925 6
3282 872 3495 941 πτωχός
3514 888 3529 901 '

2104 967 2196 1021 3'7.
2247 967 2314 1020 Ἠ
2340 964 2584 1037 ὑπομονὴ
2616 964 2725 1018 τῶν
2777 966 3022 1037 πενήτων
3072 966 3174 1018 οὐκ
3216 964 3497 1018 ἀπολεῖται
3524 964 3604 1028 εἰς

2033 1057 2201 1121 τέλος.

2107 1150 2194 1206 58.
2232 1149 2536 1222 Ἀνάστηθι,
2556 1150 2748 1221 Κύριε,
2775 1149 2847 1222 μὴ
2873 1149 3251 1223 κραταιούσθω
3278 1150 3563 1222 ἅνθρωπος
3581 1163 3597 1183 ⁸

2100 1243 2189 1299 59.
2231 1242 2591 1314 Κριθήτωσαν
2620 1242 2747 1312 ἔθνη
2776 1241 3006 1296 ἐνώπιόν
3034 1259 3148 1296 σου.

2103 1337 2191 1391 40.
2222 1336 2597 1407 Κατάστησον,
2632 1334 2823 1405 Κύριε,
2852 1333 3147 1406 νομοθέτην
3170 1335 3255 1388 ἐπ’
3285 1333 3509 1398 αὐτούς·

2036 1458 2041 1462 ~
2101 1429 2189 1483 41.
2226 1427 2520 1481 Γνὼτωσαν
2548 1425 2675 1497 ἔθνη
2708 1427 2789 1479 ὅτι
2828 1425 3103 1498 ἄνθρωποί
3130 1428 3292 1479 είσιν.

2106 1520 2194 1576 42.
2235 1521 2351 1573 ’Ἱνα
2386 1517 2461 1583 τί,
2490 1517 2686 1589 Κύριε,
2720 1517 3040 1589 ἀφέστηκας
3069 1518 3377 1590 μακρόθεν;

2105 1613 2193 1669 45.
2238 1612 2539 1683 Ὑπερορᾷς
2565 1612 2623 1664 ὲν
2656 1607 2976 1681 εὐκαιρίαις,
3009 1611 3066 1663 ὲν
3105 1609 3379 1680 θλίψεσιν;

1966 1804 2010 1859 Β
2108 1786 2197 1840 44.
2240 1785 2328 1839 Ἑν
2357 1783 2434 1855 τῷ
2486 1782 2985 1854 ὑπερηφανεύεσθαι
3028 1783 3118 1837 τὸν
3147 1782 3339 1855 ἀσεϐῆ,
3370 1783 3605 1856 ἐμπυρὶ-

2041 1878 2191 1945 ζεται
2214 1879 2243 1931 6
2272 1877 2507 1947 πτωχός.

2110 1970 2202 2026 45.
2261 1967 2731 2039 Συλλαμϐάνονται
2778 1967 2837 2019 ὲν
2888 1966 3208 2032 διαϐουλίοις
3228 2005 3245 2032 ,
3297 1962 3379 2031 οἷς
3425 1967 3603 2023 διαλο-

2041 2058 2304 2128 γίζονται.

2111 2152 2199 2207 46.
2233 2153 2353 2205 Ὅτι
2393 2151 2692 2205 ἐπαινεῖται
2737 2153 2765 2205 ὁ
2804 2151 3127 2225 ἁμαρτωλὸς
3175 2152 3234 2207 ἐν
3260 2155 3379 2217 ταῖς
3418 2152 3607 2209 ἐπιθυ·-

2045 2246 2196 2317 μίαις
2223 2245 2324 2314 τῆς
2347 2243 2526 2315 ψυχῆς
2554 2242 2718 2297 αὐτοῦ
2740 2262 2754 2277 ·

2115 2340 2205 2393 47.
2245 2339 2355 2392 Καὶ
2382 2340 2411 2391 6
2447 2336 2649 2390 ἀδικῶν
2673 2339 3051 2410 ἐνευλογείται.

2113 2432 2203 2487 48.
2238 2431 2533 2502 Παρώξυνε
2565 2430 2655 2483 τὸν
2698 2432 2899 2504 Κύριον
2931 2437 2959 2489 6
3003 2435 3321 2507 ἁμαρτωλός
3345 2451 3361 2466 ‘

2109 2525 2199 2580 49.
2233 2524 2390 2578 Κατὰ
2430 2524 2491 2576 τὸ
2522 2522 2725 2594 πλῆθος
2766 2526 2869 2597 τῆς
2913 2528 3081 2599 ὀργῆς
3116 2529 3279 2585 αὐτοῦ
3317 2529 3419 2584 οὐκ
3450 2525 3611 2601 ex“.

2041 2618 2225 2691 τήσει.

2112 2711 2201 2766 50.
2233 2712 2347 2766 Οὐκ
2374 2713 2520 2768 ἔστιν
2547 2718 2576 2768 6
2603 2715 2733 2781 Θεὸς
2761 2716 2987 2770 ἐνώπιον
3010 2714 3208 2783 αὐτοῦ·

2121 2803 2207 2859 51.
2240 2805 2600 2879 Βεὸηλοῦνται
2638 2811 2694 2863 αἱ
2715 2810 2824 2863 ὁδοὶ
2843 2810 3008 2865 αὐτοῦ
3033 2812 3089 2863 ὲν
3118 2809 3282 2863 παντί
3303 2807 3504 2880 καιρῷ.

1508 2955 1881 3013 ATHANASII
1919 2956 2498 3016 INTERPBETATIO.

444 3116 535 3176 '32.
569 3114 952 3186 Cognoverunt
994 3129 1206 3181 omnes,
1243 3111 1391 3185 quod
1446 3121 1628 3182 potest
1654 3113 1945 3169 vindictam
1975 3136 1981 3176 ε

2120 3121 2209 3177 52.
2261 3120 2606 3187 Ἐπέγνωσαν
2661 3119 2879 3186 πάντες,
2929 3122 3010 3176 ὄτι
3062 3121 3281 3178 δύναται
3334 3122 3613 3193 ἐκδίκησιν

376 3210 580 3267 facere.

447 3304 539 3358 33.
572 3300 767 3357 Cordis
793 3301 880 3356 sui
913 3301 1111 3371 inquit.

447 3393 538 3458 34,
567 3394 656 3451 55.
691 3394 894 3448 Omnes
923 3393 1068 3448 enim
1097 3399 1414 3462 peccatores,
1441 3390 1535 3461 qui
1562 3406 1706 3446 nunc
1726 3398 1872 3457 sunt,
1896 3390 1950 3445 in

378 3497 581 3543 terram
616 3495 993 3553 revertentur;
1048 3486 1308 3556 quoniam
1360 3483 1513 3540 obliti
1557 3489 1685 3539 sunt
1734 3482 1830 3538 Dei
1858 3482 1950 3553 qui

377 3579 584 3634 creavit
614 3593 732 3642 eos,
763 3584 819 3633 et
848 3576 1182 3633 descendent
1210 3577 1265 3631 in
1298 3574 1627 3647 profundum
1660 3572 1878 3629 inferni.

444 3670 536 3735 56,
570 3670 659 3728 57.
696 3668 996 3740 Pauperem
1029 3677 1086 3724 et
1112 3669 1353 3738 inopem,
1392 3675 1549 3722 vocat
1573 3667 1806 3737 justum.

445 3758 536 3815 38.
570 3757 729 3825 Veni,
755 3757 1007 3824 Domine,
1031 3772 1099 3812 ne
1121 3756 1287 3813 veluti
1307 3757 1432 3827 jure
1457 3770 1558 3811 suo
1590 3754 1823 3826 quisque
1854 3769 1952 3810 no-

375 3856 551 3906 strum
580 3848 749 3904 libere
774 3849 1106 3903 dominetur.

448 3939 537 3995 39.
557 3938 1047 4016 Demonstrentur,
1087 3938 1231 4009 quod
1263 3944 1511 4008 peccant.

449 4028 541 4084 40.
579 4029 969 4100 Legislatorem
997 4027 1288 4083 Dominum
1330 4036 1512 4084 vocat.

450 4123 539 4178 41.
578 4121 927 4194 Cognoscant
959 4137 1111 4178 suam
1138 4122 1541 4178 inﬁrmitatem.

448 4213 539 4269 42.
577 4213 762 4269 Sivisti
792 4229 893 4269 nos
926 4212 1207 4267 voluntate
1232 4223 1418 4269 nostra
1452 4213 1722 4268 incedere.

448 4303 538 4360 45.
578 4304 637 4359 1η
653 4305 1150 4375 opportunitatibus
1177 4303 1329 4372 dicit,
1347 4304 1598 4360 videlicet
1621 4320 1746 4361 cum
1773 4319 1947 4361 essem

379 4396 530 4451 omni
557 4396 762 4450 auxilio
795 4394 1110 4451 destitutus.

453 4490 538 4544 44.
572 4489 711 4543 Cum
754 4488 987 4558 insurgit
1039 4487 1289 4543 diabolus
1313 4487 1574 4544 adversus
1600 4487 1802 4558 justos,
1833 4488 1948 4544 bel-
1976 4459 2029 4519 D

379 4581 494 4636 lum
521 4594 711 4635 eorum
740 4579 1015 4634 mentibus
1044 4576 1209 4633 infert
1233 4595 1247 4632 :

451 4671 542 4727 45.
582 4671 648 4727 Et
669 4673 888 4726 demum
917 4671 1151 4741 quisque
1179 4670 1459 4724 hominum
1488 4670 1575 4725 his
1606 4670 1948 4741 cogitationi-

380 4760 749 4823 busitenetur,
787 4775 908 4830 quae
934 4775 965 4814 a
993 4758 1261 4829 Propheta
1296 4759 1679 4829 subjiciuntur.
1706 4788 1709 4791 π

449 4851 543 4915 46,
575 4852 665 4906 47.
720 4850 1104 4921 Unusquisque
1145 4865 1360 4914 eorum,
1410 4851 1505 4920 qui
1563 4851 1769 4921 aliquid
1819 4853 1948 4905 mali

379 4953 712 5018 perpetrant,
736 4953 791 5000 et
818 4945 1022 5001 divitiis
1047 4943 1346 5011 abundant,
1379 4945 1473 5014 qui
1531 4944 1740 5015 seipsos
1790 4960 1953 4999 mun-

380 5037 540 5093 danis
573 5035 961 5106 cupiditatibus
1010 5036 1254 5099 tradunt,
1305 5036 1598 5090 laudantur
1642 5043 1699 5091 et
1742 5036 1954 5107 gloriﬁ-

381 5141 575 5189 cantur
605 5131 674 5187 ab
703 5131 858 5202 ipsis.

450 5224 543 5288 48,
563 5222 653 5279 49.
681 5223 1036 5279 Vehementer
1066 5223 1284 5293 quidem
1311 5222 1575 5279 adversus
1603 5230 1945 5293 peccatorem

381 5315 670 5384 irascitur,
703 5332 922 5372 rursum
961 5324 1141 5371 autem
1170 5315 1499 5386 longanimis
1526 5322 1614 5370 est
1637 5330 1761 5370 cum
1788 5329 1876 5368 eo.

453 5404 543 5469 50,
577 5406 666 5460 54.
692 5402 796 5461 ‘llle
823 5417 1003 5462 autem
1027 5421 1135 5460 non
1163 5406 1468 5477 intelligens
1497 5405 1591 5460 Dei
1625 5405 1949 5475 longanimi-

381 5504 569 5561 tatem,
605 5511 714 5552 non
758 5498 864 5554 sibi
900 5498 1155 5568 proponit
1180 5496 1350 5553 Deum
1379 5497 1618 5566 iudicem
1667 5514 1825 5553 suum
1859 5496 1947 5552 fu-

380 5597 606 5656 turum;
633 5591 727 5646 sed
758 5591 974 5660 quidem
1009 5591 1064 5646 in
1096 5599 1377 5663 peccatum
1414 5605 1804 5663 usquequaque
1825 5606 1946 5662 spe-

382 5686 515 5735 ctat.

2051 3215 2249 3268 ποιεῖν.

2120 3302 2208 3355 55.
2251 3301 2364 3371 Τῆς
2396 3301 2622 3372 καρδίας
2648 3301 2813 3355 αὐτοῦ
2848 3302 3014 3372 λέγει.

2118 3393 2209 3456 54,
2242 3393 2329 3447 55.
2371 3394 2434 3446 OE
2465 3393 2572 3465 γὰρ
2608 3394 2758 3457 ὄντες
2787 3396 2868 3457 εἰς
2910 3394 3009 3466 τὴν
3049 3394 3156 3466 γῆν
3202 3396 3611 3463 ἀπελεύσονται,

2049 3486 2131 3538 ὅτι
2162 3484 2483 3539 ἐπελάθοντο
2528 3485 2620 3540 τοῦ
2667 3485 2801 3540 Θεοῦ
2840 3486 2933 3539 τοῦ
2966 3486 3248 3552 κτίσαντος
3272 3490 3491 3553 αὐτοὺς,
3521 3487 3613 3542 καὶ

2049 3576 2448 3647 καταδήσανται
2480 3578 2562 3639 είς
2587 3577 2837 3647 πυθμένα
2864 3578 3009 3650 ᾅδου.

2119 3669 2208 3736 56,
2237 3669 2324 3723 57.
2367 3666 2586 3741 Πτωχὸν
2619 3671 2713 3724 καὶ
2741 3668 2946 3743 πένητα
2975 3672 3066 3726 τὸν
3089 3671 3296 3726 δίκαιον
3321 3672 3491 3741 λέγει.

2028 3826 2040 3836 _
2120 3763 2206 3818 58.
2261 3762 2432 3829 Ἐλθὲ,
2468 3763 2661 3835 Κύριε,
2698 3763 2773 3834 μὴ
2822 3763 2898 3829 ὡς
2948 3764 3461 3837 αὐτοδεσποτησάτω
3487 3764 3613 3818 ἕκα-

2052 3868 2176 3919 στος
2206 3855 2381 3926 ἡμῶν.

2120 3948 2208 4003 59.
2248 3947 2642 4019 Δειχθήτωσαν,
2673 3949 2754 4001 ὅτι
2780 3948 3255 4022 διαμαρτάνουσιν.

2119 4040 2208 4094 40.
2250 4040 2563 4111 Νομοθέτην
2586 4040 2677 4093 τὸν
2709 4041 2910 4112 Κύριον
2938 4040 3128 4112 λέγει.⁴

2117 4131 2207 4185 44.
2260 4130 2553 4199 Ἐπιγνῶσι
2586 4131 2683 4203 τὴν
2714 4133 2919 4186 ἑαυτῶν
2948 4133 3249 4190 ἀσθένειαν.

2120 4221 2209 4276 42.
2251 4221 2450 4284 Εἴασας
2477 4223 2623 4293 ἡμᾶς
2648 4223 2727 4294 τῷ
2761 4224 3055 4296 βουλήματι
3085 4226 3241 4297 ἡμῶν
3269 4226 3611 4298 πορεύεσθαι.

2118 4313 2209 4367 45.
2244 4312 2583 4384 Ξὲκαιρίαις,
2609 4314 2774 4385 λέγει,
2797 4316 2994 4372 ὡσανεὶ
3014 4321 3073 4371 ὲν
3098 4317 3177 4388 τῷ
3204 4314 3342 4372 εἷναί
3370 4337 3438 4390 με
3457 4320 3613 4391 ἀϐοή-

2051 4402 2232 4474 θητον.

2121 4495 2210 4549 44.
2264 4497 2352 4550 Ἐν
2381 4496 2459 4568 τῷ
2484 4498 2906 4569 κατεπαίρεσθαι
2938 4500 3029 4554 τὸν
3056 4500 3299 4556 διάϐολον
3342 4502 3483 4556 κατὰ
3510 4499 3615 4554 τῶν

2052 4588 2296 4652 δικαίων,
2336 4589 2564 4659 πολεμεῖ
2590 4591 2772 4652 αὐτοῖς
2798 4591 2936 4645 κατὰ
2964 4593 3217 4648 διάνοιαν.

2123 4679 2213 4731 45.
2255 4681 2363 4732 Καὶ
2389 4681 2574 4734 λοιπὸν
2610 4682 2841 4747 ἕκαστος
2873 4683 2983 4737 τῶν
3012 4685 3322 4756 ἀνθρώπων
3338 4688 3617 4757 κρατεῖται

2053 4774 2332 4843 λογισμοῖς
2360 4776 2473 4837 τοῖς
2498 4775 2873 4847 ὑποκειμένοις
2910 4775 3015 4830 ὐπδ
3045 4779 3138 4833 τοῦ
3168 4780 3476 4850 Προφήτου.

2121 4863 2213 4929 46,
2256 4864 2345 4918 47.
2388 4865 2654 4929 Ἕκαστος
2709 4866 2815 4920 τῶν
2860 4869 3154 4923 ποιούντων
3203 4871 3371 4924 κακόν
3419 4887 3471 4923 τι
3529 4870 3617 4924 καὶ

2056 4954 2447 5021 πλουτούντων,
2481 4956 2575 5010 καὶ
2621 4960 2739 5020 ταῖς
2780 4957 3094 5029 ἐπιθυμίαις
3122 4960 3214 5013 τοῦ
3243 4961 3448 5030 κόσμου
3480 4962 3617 5015 ἐκδια-

2052 5048 2249 5103 δόντων
2293 5050 2536 5115 ἑαυτοὺς,
2566 5050 2865 5102 ἐπαινεῖται
2917 5052 3011 5105 καὶ
3054 5052 3352 5117 δοξάζεται.
3380 5052 3486 5107 ὑπὸ
3511 5051 3614 5105 τῶν

2053 5141 2253 5196 αὐτῶν.

2122 5231 2210 5296 48,
2238 5232 2329 5287 49.
2380 5231 2685 5303 Ὀργίζεται
2715 5231 2812 5302 μὲν
2852 5232 3103 5302 μεγάλως
3139 5233 3232 5287 ἐπὶ
3266 5233 3345 5305 τῷ
3370 5234 3615 5307 ἁμαρτά-

2048 5341 2222 5388 νοντι,
2250 5324 2590 5396 μακροθυμεῖ
2615 5323 2672 5377 δὲ
2702 5323 2862 5378 πάλιν
2888 5326 2975 5377 ἐπ’
3001 5323 3168 5396 αὐτῷ.

2120 5416 2211 5478 50,
2239 5416 2330 5471 51.
2384 5416 2619 5480 Ἐκεῖνος
2649 5415 2725 5479 δὲ,
2765 5415 2839 5486 μὴ
2875 5414 3067 5469 συνιὼν
3095 5415 3193 5487 τὴν
3216 5415 3313 5469 τοῦ
3337 5415 3471 5471 Θεοῦ
3516 5431 3613 5488 μαρ

2049 5505 2368 5577 προθυμίαν,
2397 5507 2457 5560 οὐ
2484 5506 2664 5579 τίθησι
2709 5507 2801 5561 τὸν
2842 5506 2974 5561 Θεὸν
3025 5508 3216 5579 κριτὴν
3264 5508 3465 5563 αὐτοῦ’
3501 5506 3614 5565 ἀλλ’

2048 5598 2138 5650 ἐπὶ
2170 5598 2268 5669 μὲν
2290 5601 2355 5671 τῇ
2383 5598 2625 5671 ἁμαρτίᾳ
2650 5602 2706 5654 ὲν
2739 5602 2901 5655 πᾶσιν
2924 5600 3034 5672 ὁρῶ
3062 5599 3227 5672 [6ρᾷ].
