3934 6218
278 376 373 431 681
1217 380 1306 436 DE
1346 380 1621 440 TlTULlS
1658 383 1831 441 PSAL

1934 385 2105 444 nun.
2144 310 2448 458 έὲίδλι..
2487 391 2580 446 Ix.
2890 378 2897 386 ’
3380 404 3486 462 csa

342 679 431 736 55.
460 674 683 730 Πάντων
712 675 818 729 τῶν
855 675 1062 747 ἐχθρῶν
1091 677 1255 730 αὐτοῦ
1283 683 1719 753 κατακυριεύσει.

2008 678 2094 732 55.
2136 676 2389 735 Omnium
2414 680 2757 738 inimicorum
2779 699 3003 743 suorum
3028 687 3416 749 dominabitur.

341 770 431 826 54.
469 764 601 822 Εἶπε
646 767 753 841 γὰρ
783 770 839 822 ἐν
862 769 1058 842 καρδίᾳ
1108 770 1268 823 αὐτοῦ
1294 788 1307 803 ·
1340 773 1412 825 οὐ
1470 775 1542 844 μὴ
1594 774 1830 828 σαλευθῶ

2006 769 2093 825 54.
2136 769 2281 826 Dixit
2310 771 2452 826 enim
2484 773 2539 826 in
2569 774 2729 829 corde
2750 789 2849 830 suo
2876 793 2889 830 :
2919 774 3039 833 Non
3069 782 3379 840 movebora
3399 801 3486 857 ge-

271 863 378 920 ἀπδ
402 862 593 932 γενεᾶς
623 862 702 924 είς
738 860 929 930 γενεὰν
958 860 1086 914 ἀνευ
1122 861 1315 916 κακοῦ.

1938 864 2216 918 neratione
2243 864 2295 918 in
2326 866 2725 935 generationem
2760 869 2877 923 sine
2907 872 3067 929 malo.
3442 922 3456 935 .

340 956 428 1011 55.
453 946 526 1008 O6
553 953 689 1025 ἀρᾶς
709 952 769 1005 :6
790 952 961 1024 στόμα
984 953 1145 1007 αὐτοῦ
1169 953 1348 1025 γέμει,
1372 956 1463 1008 καὶ
1489 956 1709 1029 πικρίας
1739 959 1830 1012 καὶ

2003 954 2091 1009 55.
2133 952 2301 1024 Cujus
2330 956 2700 1015 malcdictione
2725 975 2786 1016 os
2815 960 3032 1032 plenum
3064 974 3166 1032 est,
3199 976 3254 1023 et
3282 968 3484 1024 amari-

268 1044 418 1099 δόλου
427 1081 446 1109 ,

1936 1046 2138 1113 tudine,
2170 1053 2223 1100 rt
2250 1047 2395 1115 dolo,

337 1133 428 1190 56.
476 1132 610 1187 Ὑπὸ
640 1133 737 1204 τὴν
769 1132 1017 1202 γλῶσσαν
1040 1135 1202 1189 αὐτοῦ
1231 1136 1397 1203 κόπος
1426 1140 1520 1193 καὶ
1552 1140 1730 1204 πόνος.

1552 1140 1730 1204 πόνος.
2002 1138 2090 1192 56.
2134 1138 2245 1193 Sub
2271 1139 2453 1210 lingua
2483 1141 2622 1212 ejus,
2653 1143 2807 1199 labor
2836 1152 2892 1200 et
2915 1146 3088 1204 dolor.

335 1231 425 1286 57.
476 1230 800 1302 Ἐγκάθηται
832 1232 890 1286 ἐν
922 1231 1111 1303 ἐνέδρα
1138 1233 1273 1303 μετά
1306 1232 1609 1300 πλουσίων,
1714 1272 1720 1279 .

1522 1253 1575 1289 ον
1594 1275 1609 1300 ,
1714 1272 1720 1279 .
2001 1229 2089 1283 57.
2133 1228 2293 1285 Sedet
2323 1230 2378 1285 in
2407 1232 2620 1288 insidiis
2646 1249 2770 1290 cum
2799 1236 3075 1306 divitibus,

336 1324 425 1378 58.
479 1323 567 1377 ’Ev
595 1322 950 1394 ἀποκρύφοις,
986 1322 1079 1377 τοῦ
1112 1324 1425 1379 ἀποκτεῖναι
1460 1325 1654 1382 ἀθῶον.

2002 1320 2089 1374 58.
2133 1323 2191 1373 In
2227 1323 2474 1390 occultis,
2505 1331 2562 1378 ut
2584 1324 2878 1382 interliciat
2904 1329 3267 1387 innocentem.

337 1416 423 1472 59.
444 1418 507 1470 Ot
522 1416 784 1486 ὀφθαλμοὶ
805 1416 966 1469 αὑτοῦ
989 1419 1068 1481 εἰς
1082 1417 1171 1471 τόν
1190 1418 1395 1489 πένητα
1409 1419 1819 1474 ἀποϐλέπουσιν

1634 1436 1819 1474 τουσιν·
2000 1408 2088 1463 59.
2130 1406 2283 1465 Oculi
2307 1411 2425 1481 ejus
2452 1411 2506 1466 in
2536 1428 2825 1485 pauperem
2856 1418 3187 1488 respiciunt:

336 1509 423 1565 60.
477 1508 772 1583 Ἐνεδρεύει
801 1511 857 1562 ἐν
895 1508 1217 1582 ἀποκρύφῳ,
1239 1510 1315 1574 ὡς
1335 1511 1469 1565 λέων
1495 1513 1552 1566 ἐν
1589 1514 1656 1583 τῇ
1687 1512 1823 1582 μάν-

2000 1500 2088 1559 60.
2129 1498 2413 1557 lusidiatur
2440 1503 2493 1558 in
2525 1505 2858 1575 abscondito,
2887 1512 3042 1580 quasi
3068 1512 3151 1569 leo
3178 1513 3234 1568 in
3260 1513 3481 1585 spelun-

263 1600 365 1673 δρα
385 1600 574 1655 αὐτοῦ.
710 1616 714 1620 ‘

710 1616 714 1620 Δ
1928 1608 1990 1649 ca
2020 1609 2136 1649 sua.

339 1693 427 1748 6|.
466 1691 760 1762 Ἐνεδρεύει
782 1690 875 1744 τοῦ
907 1691 1150 1763 ἁρπάσαι
1183 1692 1420 1763 πτωχὸν,

2000 1684 2089 1740 6t.
2129 1685 2424 1744 lnsidiatur
2460 1700 2521 1746 ut
2551 1691 2726 1761 rapiat
2757 1707 3070 1763 pauperem,

331 1782 421 1838 69..
475 1784 741 1855 ’Δρπάσαι
771 1784 983 1854 πτωχὸν
1005 1786 1063 1837 ὲν
1092 1784 1166 1856 τῷ
1187 1785 1410 1839 ἐλκῦσαι
1429 1784 1608 1839 αὐτόν.

1996 1777 2085 1832 62.
2127 1776 2335 1850 Rapere
2366 1795 2654 1851 pauperem
2681 1781 2810 1836 dum
2839 1784 3065 1839 attrahit
3088 1799 3232 1841 eum.

331 1875 420 1930 63.
462 1876 550 1930 Ἐν
572 1879 639 1948 τῇ
673 1875 860 1946 παγίδι
886 1876 1051 1929 αὐτοῦ
1071 1876 1397 1931 ταπεινώσει
1426 1876 1592 1932 αὐτόν
1614 1893 1629 1910 ’
1851 1870 1884 1927 Ε

1509 1876 1592 1930 τόν
1614 1893 1629 1910 -
1851 1870 1896 1927 Β
1992 1866 2080 1923 65.
2123 1867 2179 1923 ln
2210 1869 2404 1941 laqueo
2436 1887 2537 1927 suo
2566 1872 2874 1929 humiliabit
2898 1889 3018 1930 eum
3048 1894 3062 1930 :

330 1966 417 2021 65.
448 1967 623 2041 Κύψει
651 1969 745 2021 καὶ
766 1973 1031 2033 πεσεῖται,
1048 1971 1104 2023 ἐν
1123 1968 1198 2040 τῷ
1218 1969 1377 2023 αὐτὸν
1399 1966 1821 2040 κατακυριεῦσαι

1994 1954 2082 2011 64.
2122 1957 2404 2015 lnclinabit
2434 1976 2492 2016 se
2515 1968 2569 2017 et
2597 1963 2772 2030 cadet,
2807 1978 2932 2018 cum
2980 1964 3290 2023 dominatus
3318 1965 3480 2023 fuerit

260 2058 368 2113 τῶν
389 2060 655 2131 πενήτων.

1922 2059 2242 2116 pauperum.

334 2150 421 2204 65.
441 2146 576 2205 Εἷπε
596 2151 703 2224 γάρ
717 2153 774 2207 ἐν
792 2154 988 2225 καρδίᾳ
1000 2153 1170 2208 αὑτοῦ
1188 2171 1202 2186 ·
1229 2153 1641 2226 Ἐπιλέλησταιό
1658 2146 1819 2218 Θεός.

1993 2139 2079 2193 65.
2120 2139 2268 2197 Dixit
2294 2142 2437 2196 enim
2473 2144 2527 2197 in
2560 2145 2721 2200 corde
2746 2161 2847 2201 suo
2879 2164 2894 2201 :
2930 2147 3139 2204 Oblitus
3159 2158 3240 2204 est
3262 2149 3402 2207 Deus
3430 2197 3442 2206 .

332 2238 419 2293 66.
468 2240 797 2313 Ἀπέστρεψε
832 2241 893 2295 τὸ
942 2242 1228 2313 πρόσωπον
1258 2242 1421 2295 αὑτοῦ
1470 2242 1561 2297 τοῦ
1595 2242 1668 2314 μὴ
1704 2241 1823 2313 βλέ-

1784 2242 1823 2295 ξ-
1995 2230 2084 2288 66.
2126 2232 2334 2289 Avertit
2357 2232 2548 2290 faciem
2581 2252 2736 2293 suam
2761 2253 2829 2293 ne
2863 2239 3039 2294 videat
3072 2240 3128 2294 in
3154 2242 3337 2295 tinem.

262 2344 384 2381 πειν
404 2330 485 2392 είς
503 2330 673 2392 τέλος.
2271 2356 2273 2359 ’

338 2348 384 2381 ιν
404 2348 485 2392 εις
503 2348 625 2383 τεΛυ
659 2372 673 2385 .

332 2418 421 2473 67.
449 2348 761 2492 Ἀνάσξηθι,
790 2421 960 2493 Κύριε
978 2424 1007 2476 6
1029 2423 1160 2488 Θεός
1193 2441 1316 2495 μου,
1342 2424 1612 2496 ὑψωθήτω
1636 2426 1670 2498 ἢ
1701 2424 1823 2498 χείρ

1993 2407 2079 2463 67.
2121 2408 2383 2481 Exsurge,
2420 2410 2649 2467 Domine
2690 2411 2832 2468 Deus
2863 2428 3037 2481 meus,
3072 2415 3339 2470 exaltetur
3366 2430 3479 2469 ma—

263 2522 381 2571 σου,
424 2509 501 2580 μὴ
544 2510 774 2584 ἐπιλάθῃ
798 2512 905 2566 τῶν
939 2516 1185 2583 πενήτων
1218 2533 1332 2570 σου.

1923 2515 2028 2555 nus
2062 2508 2176 2564 tua,
2204 2515 2271 2555 ue
2299 2502 2637 2557 obliviscaris
2669 2500 2965 2573 pauperum
2999 2513 3236 2560 tuorum.

326 2598 414 2655 68.
460 2601 680 2656 Ἕνεκεν
722 2604 867 2668 τίνος
897 2605 1213 2676 παρώξυνεν
1240 2610 1268 2661 6
1301 2606 1501 2678 ἀσεϐὴς
1527 2606 1617 2661 τὸν
1648 2605 1822 2676 Θεόν;

1805 2625 1822 2676 ε
1993 2590 2081 2647 68.
2123 2591 2349 2664 Propter
2374 2593 2506 2663 quid
2534 2597 2874 2665 exasperavit
2906 2597 3107 2667 impius
3134 2597 3341 2652 Deum?

334 2687 422 2746 69.
455 2687 587 2743 Εἶπε
613 2690 720 2763 γὰρ
750 2693 806 2746 ὲν
834 2693 1029 2765 καρδίᾳ
1060 2695 1245 2749 αὐτοῦ’
1272 2698 1384 2750 Οὐκ
1408 2696 1718 2768 ἐκζητήσει.

1995 2681 2084 2739 69.
2115 2682 2261 2739 Dixit
2291 2685 2433 2739 enim
2466 2685 2522 2740 in
2557 2687 2716 2743 corde
2741 2702 2868 2742 suo:
2897 2686 3013 2743 Non
3044 2689 3301 2759 requiret.

328 2778 419 2834 70.
445 2780 688 2849 Βλέπεις,
722 2784 803 2837 ὅτι
838 2785 901 2837 σὺ
938 2786 1099 2840 πόνον
1127 2786 1405 2859 καὶθυμὺν
1434 2791 1717 2854 κατανοεῖς
1736 2801 1751 2817 °

1997 2770 2083 2826 70.
2111 2769 2292 2839 Vides,
2331 2774 2584 2845 quoniam
2624 2783 2683 2830 tu
2711 2776 2948 2832 laborem
2982 2786 3035 2832 et
3074 2778 3314 2835 dolorem
3348 2792 3477 2834 con-

1925 2862 2153 2918 sideras.

1925 2877 2153 2929 sroeras,

329 2953 421 3009 71.
450 2954 556 3008 Τοῦ
584 2956 918 3028 παραδοῦναι
948 2959 1108 3014 αὑτὸν
1136 2961 1217 3022 είς
1243 2960 1428 3033 χεῖράς
1461 2976 1578 3016 σου.
1728 2994 1735 3001 ~

1470 2976 1578 3016 που,
1728 2994 1735 3001 η
1995 2958 2085 3012 71.
2118 2957 2192 3013 Ut
2218 2956 2398 3012 tradas
2426 2971 2552 3013 eum
2577 2958 2633 3012 in
2660 2973 2855 3016 manus
2881 2965 3023 3015 tuas.

306 3045 419 3099 r72.
450 3047 542 3100 Σοὶ
568 3049 1046 3117 ἐγκαταλέλειπται
1078 3053 1107 3106 6
1136 3053 1369 3125 πτωχός.

1999 3047 2088 3105 72.
2123 3045 2244 3104 Tibi
2268 3047 2555 3105 derelictus
2583 3056 2667 3107 est
2697 3064 2901 3121 pauper
2928 3069 2943 3105 :

1367 3226 1748 3284 ATIIANASII
1785 3225 2363 3284 INTERPRETATIO.

325 3400 414 3455 52.
452 3399 793 3474 Κεχώρισται
814 3402 883 3457 τὰ
896 3402 1238 3488 δικαιώματά
1255 3420 1347 3458 σου
1366 3404 1470 3458 ὑπὸ
1486 3402 1579 3457 τοῦ
1602 3402 1816 3476 ἐχθροῦ.
1845 3408 1878 3468 C

1863 3408 1889 3468 ζ
1992 3402 2079 3458 52.
2117 3400 2470 3459 Secesserunt
2494 3400 2913 3473 justiﬁcationes
2940 3410 3046 3458 tuae
3079 3401 3147 3457 ab
3175 3402 3416 3461 inimico.

324 3492 412 3550 55.
453 3494 675 3548 Πάντων
697 3494 805 3548 τῶν
836 3480 1138 3567 ἀνθρῶπων
1171 3496 1608 3569 κατακυριεύσει.

1559 3515 1608 3551 ;ι.
1991 3496 2080 3551 55.
2115 3494 2367 3552 Omnium
2398 3495 2680 3550 hominum
2712 3495 3112 3572 dominabitur._

324 3585 413 3640 54.
453 3582 587 3639 Εἷπε
634 3587 741 3661 γὰρ
789 3590 847 3642 ἐν
893 3591 958 3660 τῇ
1012 3589 1207 3662 καρδία
1254 3590 1416 3644 αὑτοῦ
1461 3594 1490 3645 6
1538 3590 1817 3655 διάϐολος·

1989 3588 2078 3644 54.
2114 3587 2260 3643 Dixit
2288 3588 2433 3644 enim
2458 3587 2514 3643 in
2546 3589 2707 3657 corde
2741 3604 2841 3644 suo
2867 3589 3113 3646 diabolus
3143 3608 3158 3645 :
3186 3588 3303 3645 Non
3329 3590 3473 3649 desi-

251 3680 366 3735 οὐκ
387 3680 453 3735 ἂν
471 3683 690 3737 ἀποστῶ
713 3684 819 3737 ἀπὸ
840 3684 934 3738 τοῦ
960 3682 1131 3738 κακοῦ
1156 3682 1261 3735 ἀπὸ
1286 3683 1478 3750 γενεᾶς
1507 3683 1588 3743 εἰς
1605 3682 1804 3751 γενεάν.

1705 3682 1817 3735 εάν.
1919 3687 2057 3734 stam
2086 3695 2116 3733 a
2140 3679 2283 3735 malo
2310 3695 2339 3733 a
2368 3679 2715 3749 generatione
2747 3681 2801 3733 in
2832 3682 3258 3751 generationem.

309 3773 399 3829 55.
419 3776 685 3846 Ἐκκοπῆς
700 3775 807 3848 γάρ
819 3777 912 3830 καὶ
926 3776 1207 3847 ἐπάρσεως
1218 3774 1373 3844 γέμει
1384 3774 1444 3827 τὸ
1457 3773 1626 3844 στόμα
1638 3774 1817 3828 αὑτοῦ.

2081 3768 2214 3824 Nam
2228 3768 2914 3840 perfractum,etjactantia:
2930 3772 3145 3841 plenum
3159 3779 3316 3836 estos
3331 3771 3469 3841 ejus.

319 3863 413 3919 56.
461 3865 549 3918 Ἐν
571 3867 636 3935 τῇ
663 3864 980 3934 διδασκαλία
1000 3863 1170 3921 ,αὑτοῦ
1199 3862 1545 3925 θάνατος’καὶ
1567 3862 1747 3934 ὀδύνη.

1586 3862 1747 3934 ὃδύνη.
1989 3860 2075 3915 56.
2112 3859 2170 3915 in
2201 3862 2443 3917 doctrina
2484 3861 2655 3932 ipsius
2690 3875 2858 3927 mors,
2891 3871 2944 3917 et
2965 3862 3139 3917 dolor.

322 3955 411 4011 57.
466 3955 761 4026 Ἐνεδρεύει
782 3958 861 4018 είς
877 3954 974 4017 τὰς
999 3954 1222 4025 καρδίας
1246 3953 1354 4007 τῶν
1376 3952 1584 4006 ἀσεϐῶν
1608 3953 1702 4006 καὶ
1722 3969 1821 4005 ποι·

1986 3954 2076 4011 57.
2110 3953 2398 4009 lnsidiatur
2427 3952 2481 4007 in
2507 3952 2761 4008 cordibus
2783 3953 3074 4017 malorum,
3099 3961 3259 4023 atque
3284 3952 3472 4023 impio-

250 4048 430 4120 νηρῶν
446 4046 541 4100 ἀνθ
549 4046 764 4118 ρώπων,
777 4045 1056 4117 διεγείρων
1074 4045 1267 4108 αὐτοὺς
1284 4043 1426 4097 κατά
1444 4044 1551 4097 τῶν
1570 4043 1803 4098 δικαίων.

1648 4043 1812 4098 ιαίων.
1914 4061 2037 4100 rum
2069 4044 2370 4109 hominum,
2401 4046 2644 4100 excitans
2673 4060 2766 4099 eos
2798 4054 2982 4099 contra
3005 4044 3201 4115 justos.

320 4138 410 4202 58,
439 4138 526 4193 59.
575 4138 855 4208 Ἐπιτηρεῖ
883 4137 942 4190 :6
978 4136 1079 4209 [δὲ]
1111 4136 1227 4200 πῶς
1260 4134 1421 4189 αὐτὸν
1454 4135 1727 4191 ἀπολέσει.

1986 4138 2073 4204 58,
2106 4137 2191 4193 59.
2233 4136 2498 4191 Observat
2522 4147 2701 4192 autem
2733 4136 3006 4207 quomodo
3032 4150 3154 4190 eum
3185 4134 3396 4204 perdat.

319 4228 508 4284 60-62.
550 4230 626 4281 Δι’
651 4228 994 4299 ἐνθυμήσεων
1037 4228 1131 4282 καὶ
1166 4225 1438 4298 λογισμῶν
1473 4226 1686 4297 ἀνόμων
1718 4226 1817 4297 ἁρ-

1983 4230 2171 4285 60-62.
2206 4228 2646 4298 Cupiditatibus,
2696 4236 2751 4282 et
2805 4226 3008 4296 iniquis
3052 4225 3467 4297 cogitationibus

252 4320 423 4374 πᾶσαι
453 4319 606 4390 ζητεῖ
634 4319 723 4373 τὸν
748 4319 976 4372 δίκαιον.

1914 4326 2108 4395 quaerit
2138 4338 2326 4393 rapere
2350 4321 2577 4392 justum.

321 4410 411 4474 63,
448 4410 534 4465 64.
578 4411 687 4464 Καὶ
721 4411 779 4462 ἐν
811 4409 887 4478 τῷ
917 4409 1079 4463 αὑτὸν
1112 4408 1442 4463 ταπεινῶσαι
1479 4407 1814 4478 πολεμοῦντα

1983 4417 2071 4480 65,
2105 4414 2194 4470 64.
2250 4414 2315 4469 Et
2338 4414 2466 4469 dum
2500 4429 2559 4468 se
2587 4402 2861 4482 deprimit,
2895 4418 2955 4465 ut
2980 4425 3177 4466 aeuum
3207 4410 3470 4467 adversus

250 4502 370 4565 τοὺς
394 4501 649 4565 δικαίους,
682 4501 843 4564 αὐτὸς
872 4504 1115 4555 πεσεῖται
1145 4502 1249 4554 ὑπὸ
1268 4502 1393 4564 τοὺς
1424 4500 1587 4565 πόδας
1613 4498 1803 4567 αὐτῶν¹

1913 4507 2086 4577 justos
2118 4513 2287 4576 gerat,
2320 4506 2433 4574 ipse
2464 4505 2620 4559 cadet
2645 4504 2746 4558 sub
2772 4517 2957 4557 eorum
2982 4503 3173 4571 pedes;
3208 4503 3466 4572 quoniam

251 4591 309 4644 ἐν
336 4590 416 4663 τῷ
437 4591 529 4645 τὸν
553 4592 683 4645 Θεὸν
710 4591 1089 4645 ἀντ’ίλαϐέσθαι
1118 4591 1223 4645 τῶν
1252 4590 1495 4644 δικαίων.

1002 4591 1089 4645 Θαι
1118 4591 1223 4645 τῶν
1252 4590 1495 4644 δικαίων.
1914 4597 2056 4653 Deus
2086 4597 2249 4667 justis
2286 4594 2555 4651 subvenit.

316 4679 406 4745 65,
441 4680 528 4734 66.
568 4678 700 4734 Εἷπε
723 4680 830 4751 γὰρ
860 4683 917 4734 ἐν
959 4680 1136 4751 ἐαυτῷ
1162 4682 1191 4733 6
1215 4679 1486 4743 διόιϐολος⁹
1530 4675 1810 4747 Ἐπιλέλη-
1844 4750 1869 4755 _

1982 4691 2071 4751 65,
2101 4689 2189 4744 66.
2224 4687 2367 4742 Dixit
2395 4687 2539 4741 enim
2586 4688 2637 4740 in
2674 4701 2732 4741 se
2777 4685 2894 4755 ipso
2933 4684 3181 4741 diabolus
3210 4702 3224 4740 :
3254 4683 3468 4741 Oblitus

250 4786 371 4849 σται
394 4773 423 4825 6
455 4772 585 4835 Θεὸς
609 4770 700 4825 τοῦ
724 4750 913 4839 γένους
951 4772 1059 4825 τῶν
1086 4750 1406 4844 ἀνθρώπων,
1434 4770 1686 4842 πρόνοιαν
1715 4770 1803 4823 αὺ-

1913 4793 1997 4838 est
2026 4782 2166 4837 Deus
2210 4778 2433 4835 humani
2483 4778 2716 4851 generis,
2767 4778 2968 4832 nullam
3030 4778 3096 4832 de
3154 4792 3220 4832 eo
3283 4793 3466 4832 curam

247 4861 355 4916 τῶν
388 4862 450 4916 οὐ
482 4865 733 4916 ποιεῖται.
1914 4875 2069 4946 gerit.

315 4955 406 5010 67.
447 4953 743 5026 Βουλήθητι
772 4953 1135 5018 ἐπιδείξασθαι
1168 4953 1264 5024 τὴν
1297 4951 1551 5020 πρόνοιάν
1584 4966 1677 5003 σου
1708 4948 1806 5020 τὴν

1982 4967 2069 5023 67.
2105 4965 2402 5023 Ostendere
2437 4965 2567 5020 velis
2591 4965 2982 5035 providentiam
3020 4974 3190 5030 tuam,
3215 4978 3375 5034 quam
3400 4962 3466 5017 do

244 5043 324 5107 είς
345 5045 495 5114 ἡμᾶς
513 5060 529 5074 ·
563 5042 637 5114 μὴ
663 5042 771 5095 τῶν
800 5041 1236 5095 ταπεινωθέντων
1265 5041 1360 5094 καὶ
1393 5038 1638 5110 βοώντων
1671 5036 1797 5109 πρὸς

1913 5058 2068 5113 nobis
2096 5058 2262 5112 habes
2292 5077 2304 5113 :
2339 5072 2404 5112 ne
2432 5056 2673 5125 deponas
2706 5056 3022 5110 memoriam
3052 5070 3258 5117 eorum,
3289 5053 3378 5123 qui
3408 5068 3465 5106 se

245 5134 308 5187 σὲ
332 5136 433 5207 τὴν
459 5135 675 5206 μνήμην
706 5133 1050 5205 καταλείψῃς.

1912 5145 2217 5213 humiliant,
2248 5153 2301 5199 et
2337 5145 2569 5199 clamant
2595 5144 2663 5198 ad
2696 5154 2763 5198 te.

314 5224 403 5280 68.
444 5226 597 5290 Τίνος
620 5225 778 5297 χάριν
808 5223 1154 5295 παρὼργισεν
1183 5226 1212 5278 6
1233 5221 1436 5293 ἀσεϐὴς
1463 5220 1554 5274 :6v
1580 5218 1747 5285 Θεόν’;

1463 5220 1554 5274 τὸν
1580 5218 1747 5285 Θεόνζ
1974 5235 2066 5301 68.
2108 5234 2286 5301 Quare
2323 5235 2552 5289 irritavit
2580 5235 2776 5304 impius
2808 5236 3015 5290 Deum?

313 5316 402 5371 69.
430 5313 566 5370 Εἶπε
607 5318 715 5386 γὰρ
759 5317 788 5368 ό
827 5315 1067 5379 διάϐολος
1111 5316 1168 5368 ἐν
1210 5312 1414 5383 ἐαυτιξν
1465 5311 1540 5364 O6
1580 5309 1802 5380 ζητήσει

1976 5326 2063 5382 69.
2095 5319 2238 5381 Βὶκίι
2261 5327 2403 5381 enim
2437 5326 2756 5381 diabolusin
2788 5342 2846 5382 se
2873 5325 2990 5395 ipso
3023 5340 3036 5376 :
3064 5322 3166 5390 Qui
3189 5328 3459 5381 errarunt,

239 5405 367 5469 τοὺς
397 5404 841 5475 πεπλανημένους
864 5407 892 5457 6
924 5404 1074 5467 Θεός.

924 5404 1074 5467 Θεός.
1907 5434 2014 5473 non
2048 5419 2282 5488 requiret
2307 5418 2464 5473 Deus.

316 5495 407 5560 70,
436 5495 525 5548 7L
561 5496 723 5567 Ὁρᾷς
766 5495 852 5561 σὺ,
880 5494 1070 5566 Κύριε,
1118 5494 1225 5547 τὸν
1243 5490 1434 5561 θυμόν
1453 5489 1678 5544 καὶτὸν
1698 5489 1803 5542 πόα

1976 5509 2062 5574 70,
2095 5509 2371 5564 7l.Vidcs
2411 5520 2491 5576 lu,
2536 5508 2782 5574 Domine,
2831 5507 3059 5560 dolorem
3113 5516 3163 5561 et
3208 5503 3459 5570 laborem,

242 5603 374 5650 νον,
406 5587 647 5640 τουτέστι
674 5587 764 5640 τὸν
803 5584 1064 5650 διάϐολον,
1099 5583 1430 5655 παραδοῦναι
1449 5580 1610 5637 αὑτὸν
1638 5582 1696 5638 ἐν
1732 5581 1795 5652 τῇ

1906 5601 2010 5656 hoc
2050 5607 2134 5654 est
2171 5599 2464 5666 diabolum,
2508 5611 2566 5655 ut
2615 5599 2791 5653 tradas
2835 5613 2959 5652 cum
3005 5598 3061 5652 in
3092 5598 3325 5653 adventu
3366 5606 3459 5652 tuo

244 5678 515 5751 παρουσίᾳ
542 5694 636 5731 σου
671 5678 776 5730 ὑπὸ
808 5677 908 5748 τὴν
942 5676 1193 5743 ἐξουσίαν
1220 5674 1326 5729 τῶν
1356 5673 1552 5743 ἁγίων.

1110 5677 1193 5731 ίαν
1220 5674 1326 5729 τῶν
1356 5673 1552 5743 ἁγίωνο
1906 5692 2008 5749 sub
2040 5700 2299 5761 potestate
2332 5700 2663 5747 sanctorum.

311 5768 403 5826 72.
432 5770 528 5834 Είς
557 5768 656 5841 τὴν
689 5769 787 5840 σὴν
818 5767 1065 5840 βοήθειαν
1094 5768 1291 5838 ἀφορᾷ.

1977 5781 2065 5835 72.
2095 5781 2331 5854 Respicit
2359 5783 2413 5838 in
2442 5782 2699 5837 auxilium
2733 5778 2903 5838 tuum.

532 5885 799 5945 ΡΑτιιοι..
832 5884 949 5946 Gn.
992 5883 1251 5948 XXVII.

3061 5876 3142 5937 22
