  <div class='ocr_page' id='page_1' title='image "/cluster/home/n/w/nwhite01/storage/ocr_20150623/27/mdp.39015007065769/361.png"; bbox 0 0 3934 6218; ppageno 0'>
   <div class='ocr_carea' id='block_1_1' title="bbox 420 314 523 373">
    <p class='ocr_par' dir='ltr' id='par_1_1' title="bbox 420 314 523 373">
     <span class='ocr_line' id='line_1_1' title="bbox 420 314 523 373; baseline 0.029 -3"><span class='ocrx_word' id='word_1_1' title='bbox 420 314 523 373; x_wconf 74' lang='lat'><strong>685</strong></span> 
     </span>
    </p>
   </div>
   <div class='ocr_carea' id='block_1_2' title="bbox 490 421 1382 495">
    <p class='ocr_par' dir='ltr' id='par_1_2' title="bbox 490 421 1382 495">
     <span class='ocr_line' id='line_1_2' title="bbox 490 421 1382 495; baseline -0.004 -14"><span class='ocrx_word' id='word_1_2' title='bbox 490 427 579 482; x_wconf 80' lang='lat'><strong>7‘5.</strong></span> <span class='ocrx_word' id='word_1_3' title='bbox 603 422 857 495; x_wconf 86' lang='lat' dir='ltr'><strong>Orphano</strong></span> <span class='ocrx_word' id='word_1_4' title='bbox 885 432 939 478; x_wconf 92' lang='lat' dir='ltr'><strong>tu</strong></span> <span class='ocrx_word' id='word_1_5' title='bbox 975 421 1119 478; x_wconf 80' lang='lat' dir='ltr'><strong>fuisti</strong></span> <span class='ocrx_word' id='word_1_6' title='bbox 1151 425 1382 494; x_wconf 88' lang='lat' dir='ltr'><strong>adjutor.</strong></span> 
     </span>
    </p>
   </div>
   <div class='ocr_carea' id='block_1_3' title="bbox 487 513 1854 585">
    <p class='ocr_par' dir='ltr' id='par_1_3' title="bbox 487 513 1854 585">
     <span class='ocr_line' id='line_1_3' title="bbox 487 513 1854 585; baseline -0.008 -10"><span class='ocrx_word' id='word_1_7' title='bbox 487 519 579 575; x_wconf 73' lang='lat'><strong>74.</strong></span> <span class='ocrx_word' id='word_1_8' title='bbox 605 517 838 572; x_wconf 83' lang='lat' dir='ltr'><strong>Comere</strong></span> <span class='ocrx_word' id='word_1_9' title='bbox 866 515 1143 570; x_wconf 81' lang='lat' dir='ltr'><strong>brachium</strong></span> <span class='ocrx_word' id='word_1_10' title='bbox 1175 515 1473 585; x_wconf 74' lang='lat' dir='ltr'><strong>peccatoris</strong></span> <span class='ocrx_word' id='word_1_11' title='bbox 1503 522 1555 568; x_wconf 90' lang='lat' dir='ltr'><strong>et</strong></span> <span class='ocrx_word' id='word_1_12' title='bbox 1587 513 1806 583; x_wconf 80' lang='lat' dir='ltr'><strong>maligni</strong></span> <span class='ocrx_word' id='word_1_13' title='bbox 1841 528 1854 564; x_wconf 89' lang='lat'>:</span> 
     </span>
    </p>
   </div>
   <div class='ocr_carea' id='block_1_4' title="bbox 493 691 1975 763">
    <p class='ocr_par' dir='ltr' id='par_1_4' title="bbox 493 691 1975 763">
     <span class='ocr_line' id='line_1_4' title="bbox 493 691 1975 763; baseline -0.002 -15"><span class='ocrx_word' id='word_1_14' title='bbox 493 691 582 748; x_wconf 79' lang='lat'><strong>75.</strong></span> <span class='ocrx_word' id='word_1_15' title='bbox 614 693 893 760; x_wconf 61' lang='lat' dir='ltr'><strong>Quaeretur</strong></span> <span class='ocrx_word' id='word_1_16' title='bbox 922 702 1200 763; x_wconf 89' lang='lat' dir='ltr'><strong>peccatum</strong></span> <span class='ocrx_word' id='word_1_17' title='bbox 1233 694 1395 755; x_wconf 86' lang='lat' dir='ltr'><strong>illius.</strong></span> <span class='ocrx_word' id='word_1_18' title='bbox 1425 703 1479 747; x_wconf 91' lang='lat' dir='ltr'><strong>et</strong></span> <span class='ocrx_word' id='word_1_19' title='bbox 1513 708 1618 747; x_wconf 86' lang='lat' dir='ltr'><strong>non</strong></span> <span class='ocrx_word' id='word_1_20' title='bbox 1654 692 1975 747; x_wconf 74' lang='lat' dir='ltr'><strong>invenietur.</strong></span> 
     </span>
    </p>
   </div>
   <div class='ocr_carea' id='block_1_5' title="bbox 497 783 1982 855">
    <p class='ocr_par' dir='ltr' id='par_1_5' title="bbox 497 783 1982 855">
     <span class='ocr_line' id='line_1_5' title="bbox 497 783 1982 855; baseline 0 -18"><span class='ocrx_word' id='word_1_21' title='bbox 497 784 584 839; x_wconf 97' lang='lat'><strong>76.</strong></span> <span class='ocrx_word' id='word_1_22' title='bbox 619 783 883 855; x_wconf 78' lang='lat' dir='ltr'><strong>Regnabit</strong></span> <span class='ocrx_word' id='word_1_23' title='bbox 923 783 1183 839; x_wconf 89' lang='lat' dir='ltr'><strong>Dominus</strong></span> <span class='ocrx_word' id='word_1_24' title='bbox 1218 785 1271 838; x_wconf 94' lang='lat' dir='ltr'><strong>in</strong></span> <span class='ocrx_word' id='word_1_25' title='bbox 1311 799 1596 849; x_wconf 62' lang='lat' dir='ltr'><strong>aeternum,</strong></span> <span class='ocrx_word' id='word_1_26' title='bbox 1636 792 1689 837; x_wconf 89' lang='lat' dir='ltr'><strong>et</strong></span> <span class='ocrx_word' id='word_1_27' title='bbox 1723 786 1776 837; x_wconf 88' lang='lat' dir='ltr'><strong>in</strong></span> <span class='ocrx_word' id='word_1_28' title='bbox 1814 798 1982 837; x_wconf 65' lang='lat' dir='ltr'><strong>saecu-</strong></span> 
     </span>
    </p>
   </div>
   <div class='ocr_carea' id='block_1_6' title="bbox 429 876 1577 933">
    <p class='ocr_par' dir='ltr' id='par_1_6' title="bbox 429 876 1577 933">
     <span class='ocr_line' id='line_1_6' title="bbox 429 876 1577 933; baseline -0.003 -2"><span class='ocrx_word' id='word_1_29' title='bbox 429 876 536 931; x_wconf 94' lang='lat' dir='ltr'><strong>lum</strong></span> <span class='ocrx_word' id='word_1_30' title='bbox 567 878 749 933; x_wconf 68' lang='lat' dir='ltr'><strong>saaculi</strong></span> <span class='ocrx_word' id='word_1_31' title='bbox 782 894 795 929; x_wconf 89' lang='lat'><strong>:</strong></span> <span class='ocrx_word' id='word_1_32' title='bbox 1571 881 1577 889; x_wconf 94' lang='lat'><strong>&#39;</strong></span> 
     </span>
    </p>
   </div>
   <div class='ocr_carea' id='block_1_7' title="bbox 495 968 1596 1043">
    <p class='ocr_par' dir='ltr' id='par_1_7' title="bbox 495 968 1596 1043">
     <span class='ocr_line' id='line_1_7' title="bbox 495 968 1596 1043; baseline -0.002 -19"><span class='ocrx_word' id='word_1_33' title='bbox 495 970 585 1025; x_wconf 81' lang='grc'><strong>77.</strong></span> <span class='ocrx_word' id='word_1_34' title='bbox 613 968 883 1034; x_wconf 85' lang='lat' dir='ltr'><strong>Perihitis,</strong></span> <span class='ocrx_word' id='word_1_35' title='bbox 918 980 1125 1043; x_wconf 87' lang='lat' dir='ltr'><strong>gentes.</strong></span> <span class='ocrx_word' id='word_1_36' title='bbox 1154 972 1220 1026; x_wconf 91' lang='lat' dir='ltr'><strong>de</strong></span> <span class='ocrx_word' id='word_1_37' title='bbox 1255 979 1395 1027; x_wconf 86' lang='lat' dir='ltr'><strong>terra</strong></span> <span class='ocrx_word' id='word_1_38' title='bbox 1430 973 1596 1027; x_wconf 89' lang='lat' dir='ltr'><strong>illius.</strong></span> 
     </span>
    </p>
   </div>
   <div class='ocr_carea' id='block_1_8' title="bbox 499 1061 1885 1139">
    <p class='ocr_par' dir='ltr' id='par_1_8' title="bbox 499 1061 1885 1139">
     <span class='ocr_line' id='line_1_8' title="bbox 499 1061 1885 1139; baseline 0 -23"><span class='ocrx_word' id='word_1_39' title='bbox 499 1061 584 1118; x_wconf 91' lang='lat'><strong>78.</strong></span> <span class='ocrx_word' id='word_1_40' title='bbox 617 1062 951 1118; x_wconf 87' lang='lat' dir='ltr'><strong>Desiderium</strong></span> <span class='ocrx_word' id='word_1_41' title='bbox 982 1079 1275 1134; x_wconf 57' lang='lat' dir='ltr'><strong>pauperum</strong></span> <span class='ocrx_word' id='word_1_42' title='bbox 1304 1064 1579 1139; x_wconf 83' lang='lat' dir='ltr'><strong>exaudivit</strong></span> <span class='ocrx_word' id='word_1_43' title='bbox 1606 1062 1885 1118; x_wconf 89' lang='lat' dir='ltr'><strong>Dominus.</strong></span> 
     </span>
    </p>
   </div>
   <div class='ocr_carea' id='block_1_9' title="bbox 498 1153 1983 1225">
    <p class='ocr_par' dir='ltr' id='par_1_9' title="bbox 498 1153 1983 1225">
     <span class='ocr_line' id='line_1_9' title="bbox 498 1153 1983 1225; baseline 0.003 -19"><span class='ocrx_word' id='word_1_44' title='bbox 498 1153 584 1211; x_wconf 89' lang='lat'><strong>79.</strong></span> <span class='ocrx_word' id='word_1_45' title='bbox 620 1153 997 1225; x_wconf 80' lang='lat' dir='ltr'><strong>Praeparationi</strong></span> <span class='ocrx_word' id='word_1_46' title='bbox 1027 1155 1207 1211; x_wconf 85' lang='lat' dir='ltr'><strong>cordis</strong></span> <span class='ocrx_word' id='word_1_47' title='bbox 1233 1171 1421 1211; x_wconf 89' lang='lat' dir='ltr'><strong>eorum</strong></span> <span class='ocrx_word' id='word_1_48' title='bbox 1452 1156 1677 1211; x_wconf 90' lang='lat' dir='ltr'><strong>attendit</strong></span> <span class='ocrx_word' id='word_1_49' title='bbox 1702 1156 1847 1211; x_wconf 82' lang='lat' dir='ltr'><strong>auris</strong></span> <span class='ocrx_word' id='word_1_50' title='bbox 1871 1164 1983 1210; x_wconf 90' lang='lat' dir='ltr'><strong>tua.</strong></span> 
     </span>
    </p>
   </div>
   <div class='ocr_carea' id='block_1_10' title="bbox 500 1333 1352 1407">
    <p class='ocr_par' dir='ltr' id='par_1_10' title="bbox 500 1333 1352 1407">
     <span class='ocr_line' id='line_1_10' title="bbox 500 1333 1352 1407; baseline -0.001 -18"><span class='ocrx_word' id='word_1_51' title='bbox 500 1333 589 1389; x_wconf 91' lang='lat'><strong>80.</strong></span> <span class='ocrx_word' id='word_1_52' title='bbox 615 1334 802 1407; x_wconf 80' lang='lat' dir='ltr'><strong>Judica</strong></span> <span class='ocrx_word' id='word_1_53' title='bbox 834 1334 1035 1405; x_wconf 86' lang='lat' dir='ltr'><strong>pupillo</strong></span> <span class='ocrx_word' id='word_1_54' title='bbox 1065 1343 1119 1390; x_wconf 90' lang='lat' dir='ltr'><strong>et</strong></span> <span class='ocrx_word' id='word_1_55' title='bbox 1144 1335 1352 1400; x_wconf 87' lang='lat' dir='ltr'><strong>humili,</strong></span> 
     </span>
    </p>
   </div>
   <div class='ocr_carea' id='block_1_11' title="bbox 500 1424 1987 1499">
    <p class='ocr_par' dir='ltr' id='par_1_11' title="bbox 500 1424 1987 1499">
     <span class='ocr_line' id='line_1_11' title="bbox 500 1424 1987 1499; baseline 0.001 -19"><span class='ocrx_word' id='word_1_56' title='bbox 500 1426 589 1481; x_wconf 80' lang='lat' dir='ltr'><strong>8L</strong></span> <span class='ocrx_word' id='word_1_57' title='bbox 621 1424 692 1481; x_wconf 84' lang='lat' dir='ltr'><strong>Ut</strong></span> <span class='ocrx_word' id='word_1_58' title='bbox 728 1443 835 1482; x_wconf 91' lang='lat' dir='ltr'><strong>non</strong></span> <span class='ocrx_word' id='word_1_59' title='bbox 885 1437 1121 1497; x_wconf 88' lang='lat' dir='ltr'><strong>apponat</strong></span> <span class='ocrx_word' id='word_1_60' title='bbox 1164 1430 1303 1483; x_wconf 90' lang='lat' dir='ltr'><strong>ultra</strong></span> <span class='ocrx_word' id='word_1_61' title='bbox 1346 1426 1693 1499; x_wconf 79' lang='lat' dir='ltr'><strong>magniﬁcare</strong></span> <span class='ocrx_word' id='word_1_62' title='bbox 1737 1442 1806 1483; x_wconf 82' lang='lat' dir='ltr'><strong>se</strong></span> <span class='ocrx_word' id='word_1_63' title='bbox 1826 1427 1987 1481; x_wconf 88' lang='lat' dir='ltr'><strong>homo</strong></span> 
     </span>
    </p>
   </div>
   <div class='ocr_carea' id='block_1_12' title="bbox 432 1528 831 1588">
    <p class='ocr_par' dir='ltr' id='par_1_12' title="bbox 432 1528 831 1588">
     <span class='ocr_line' id='line_1_12' title="bbox 432 1528 831 1588; baseline -0.005 -15"><span class='ocrx_word' id='word_1_64' title='bbox 432 1532 589 1588; x_wconf 72' lang='lat' dir='ltr'><strong>super</strong></span> <span class='ocrx_word' id='word_1_65' title='bbox 612 1528 831 1573; x_wconf 89' lang='lat' dir='ltr'><strong>terram.</strong></span> 
     </span>
    </p>
   </div>
   <div class='ocr_carea' id='block_1_13' title="bbox 645 1630 1779 1701">
    <p class='ocr_par' dir='ltr' id='par_1_13' title="bbox 645 1630 1779 1701">
     <span class='ocr_line' id='line_1_13' title="bbox 645 1630 1779 1701; baseline 0 -15"><span class='ocrx_word' id='word_1_66' title='bbox 645 1630 708 1686; x_wconf 88' lang='lat' dir='ltr'><strong>In</strong></span> <span class='ocrx_word' id='word_1_67' title='bbox 737 1633 892 1701; x_wconf 80' lang='lat' dir='ltr'><strong>linem</strong></span> <span class='ocrx_word' id='word_1_68' title='bbox 919 1632 1168 1687; x_wconf 79' lang='lat' dir='ltr'><strong>Paalmua</strong></span> <span class='ocrx_word' id='word_1_69' title='bbox 1194 1632 1383 1687; x_wconf 79' lang='lat' dir='ltr'><strong>Dauid.</strong></span> <span class='ocrx_word' id='word_1_70' title='bbox 1411 1630 1674 1688; x_wconf 81' lang='lat' dir='ltr'><strong>PSALM.</strong></span> <span class='ocrx_word' id='word_1_71' title='bbox 1705 1630 1779 1686; x_wconf 83' lang='grc' dir='ltr'><strong>Χ.</strong></span> 
     </span>
    </p>
   </div>
   <div class='ocr_carea' id='block_1_14' title="bbox 1254 302 2817 368">
    <p class='ocr_par' dir='ltr' id='par_1_14' title="bbox 1254 302 2817 368">
     <span class='ocr_line' id='line_1_14' title="bbox 1254 302 2817 368; baseline -0.008 0"><span class='ocrx_word' id='word_1_72' title='bbox 1254 311 1311 368; x_wconf 88' lang='lat' dir='ltr'><strong>S.</strong></span> <span class='ocrx_word' id='word_1_73' title='bbox 1351 310 1722 367; x_wconf 77' lang='lat' dir='ltr'><strong>ATIIANASII</strong></span> <span class='ocrx_word' id='word_1_74' title='bbox 1757 307 1906 365; x_wconf 84' lang='lat' dir='ltr'><strong>OPP.</strong></span> <span class='ocrx_word' id='word_1_75' title='bbox 1948 306 2130 362; x_wconf 76' lang='lat' dir='ltr'><strong>PARS</strong></span> <span class='ocrx_word' id='word_1_76' title='bbox 2168 305 2256 361; x_wconf 84' lang='lat' dir='ltr'><strong>Ill.</strong></span> <span class='ocrx_word' id='word_1_77' title='bbox 2296 336 2365 346; x_wconf 89' lang='lat'><strong>-—</strong></span> <span class='ocrx_word' id='word_1_78' title='bbox 2404 302 2817 360; x_wconf 71' lang='lat' dir='ltr'><strong>EXEGETICA.</strong></span> 
     </span>
    </p>
   </div>
   <div class='ocr_carea' id='block_1_15' title="bbox 1998 413 3033 490">
    <p class='ocr_par' dir='ltr' id='par_1_15' title="bbox 1998 413 3033 490">
     <span class='ocr_line' id='line_1_15' title="bbox 1998 413 3033 490; baseline -0.007 -16"><span class='ocrx_word' id='word_1_79' title='bbox 1998 425 2040 481; x_wconf 78' lang='grc' dir='ltr'><strong>Α</strong></span> <span class='ocrx_word' id='word_1_80' title='bbox 2144 418 2230 474; x_wconf 77' lang='grc'><strong>75.</strong></span> <span class='ocrx_word' id='word_1_81' title='bbox 2279 416 2525 490; x_wconf 80' lang='grc' dir='ltr'>Ὀρφανῷ</span> <span class='ocrx_word' id='word_1_82' title='bbox 2554 419 2617 472; x_wconf 82' lang='grc' dir='ltr'><strong>σὺ</strong></span> <span class='ocrx_word' id='word_1_83' title='bbox 2649 413 2791 488; x_wconf 80' lang='grc' dir='ltr'>ἦσθα</span> <span class='ocrx_word' id='word_1_84' title='bbox 2824 413 3033 485; x_wconf 77' lang='grc' dir='ltr'>βοηθός.</span> 
     </span>
    </p>
   </div>
   <div class='ocr_carea' id='block_1_16' title="bbox 3524 298 3625 355">
    <p class='ocr_par' dir='ltr' id='par_1_16' title="bbox 3524 298 3625 355">
     <span class='ocr_line' id='line_1_16' title="bbox 3524 298 3625 355; baseline 0.01 -1"><span class='ocrx_word' id='word_1_85' title='bbox 3524 298 3625 355; x_wconf 69' lang='grc'><strong>684</strong></span> 
     </span>
    </p>
   </div>
   <div class='ocr_carea' id='block_1_17' title="bbox 2146 504 3630 581">
    <p class='ocr_par' dir='ltr' id='par_1_17' title="bbox 2146 504 3630 581">
     <span class='ocr_line' id='line_1_17' title="bbox 2146 504 3630 581; baseline -0.002 -16"><span class='ocrx_word' id='word_1_86' title='bbox 2146 511 2233 565; x_wconf 72' lang='grc'><strong>74.</strong></span> <span class='ocrx_word' id='word_1_87' title='bbox 2263 509 2554 581; x_wconf 75' lang='grc' dir='ltr'>Σύντριψον</span> <span class='ocrx_word' id='word_1_88' title='bbox 2595 508 2685 562; x_wconf 85' lang='grc' dir='ltr'><strong>τὸν</strong></span> <span class='ocrx_word' id='word_1_89' title='bbox 2738 508 2994 580; x_wconf 83' lang='grc' dir='ltr'><strong>βραχίονα</strong></span> <span class='ocrx_word' id='word_1_90' title='bbox 3039 504 3130 559; x_wconf 79' lang='grc' dir='ltr'>τοῦ</span> <span class='ocrx_word' id='word_1_91' title='bbox 3176 504 3501 578; x_wconf 80' lang='grc' dir='ltr'>ἀμαρτωλοῦ</span> <span class='ocrx_word' id='word_1_92' title='bbox 3542 507 3630 563; x_wconf 69' lang='grc' dir='ltr'><strong>καὶ</strong></span> 
     </span>
    </p>
   </div>
   <div class='ocr_carea' id='block_1_18' title="bbox 2076 599 2365 671">
    <p class='ocr_par' dir='ltr' id='par_1_18' title="bbox 2076 599 2365 671">
     <span class='ocr_line' id='line_1_18' title="bbox 2076 599 2365 671; baseline -0.003 -18"><span class='ocrx_word' id='word_1_93' title='bbox 2076 599 2309 671; x_wconf 78' lang='grc' dir='ltr'>πονηροῦ</span> <span class='ocrx_word' id='word_1_94' title='bbox 2349 615 2365 630; x_wconf 81' lang='lat'>&#39;</span> 
     </span>
    </p>
   </div>
   <div class='ocr_carea' id='block_1_19' title="bbox 2147 648 3632 763">
    <p class='ocr_par' dir='ltr' id='par_1_19' title="bbox 2147 648 3632 763">
     <span class='ocr_line' id='line_1_19' title="bbox 2147 648 3632 763; baseline -0.001 -18"><span class='ocrx_word' id='word_1_95' title='bbox 2147 648 2662 763; x_wconf 44' lang='grc' dir='ltr'>7ἐῗιὲητηθήσεταιὴ</span> <span class='ocrx_word' id='word_1_96' title='bbox 2683 690 2922 762; x_wconf 85' lang='grc' dir='ltr'>ἁμαρτία</span> <span class='ocrx_word' id='word_1_97' title='bbox 2939 687 3124 751; x_wconf 79' lang='grc' dir='ltr'>αὐτοῦ,</span> <span class='ocrx_word' id='word_1_98' title='bbox 3137 648 3304 743; x_wconf 61' lang='grc' dir='ltr'>καὶᾍύ</span> <span class='ocrx_word' id='word_1_99' title='bbox 3329 689 3404 760; x_wconf 78' lang='grc' dir='ltr'>μὴ</span> <span class='ocrx_word' id='word_1_100' title='bbox 3418 690 3475 742; x_wconf 80' lang='grc' dir='ltr'><strong>εὑ</strong></span> <span class='ocrx_word' id='word_1_101' title='bbox 3484 689 3632 761; x_wconf 74' lang='grc' dir='ltr'>ρεθῇ.</span> 
     </span>
    </p>
   </div>
   <div class='ocr_carea' id='block_1_20' title="bbox 2150 781 3634 855">
    <p class='ocr_par' dir='ltr' id='par_1_20' title="bbox 2150 781 3634 855">
     <span class='ocr_line' id='line_1_20' title="bbox 2150 781 3634 855; baseline -0.003 -17"><span class='ocrx_word' id='word_1_102' title='bbox 2150 784 2236 838; x_wconf 83' lang='lat'><strong>76.</strong></span> <span class='ocrx_word' id='word_1_103' title='bbox 2273 782 2585 836; x_wconf 87' lang='grc' dir='ltr'>Βασιλεύσει</span> <span class='ocrx_word' id='word_1_104' title='bbox 2614 783 2816 855; x_wconf 82' lang='grc' dir='ltr'>Κύριος</span> <span class='ocrx_word' id='word_1_105' title='bbox 2857 784 2936 846; x_wconf 84' lang='grc' dir='ltr'><strong>είς</strong></span> <span class='ocrx_word' id='word_1_106' title='bbox 2968 782 3058 836; x_wconf 84' lang='grc' dir='ltr'><strong>τὸν</strong></span> <span class='ocrx_word' id='word_1_107' title='bbox 3090 781 3280 845; x_wconf 82' lang='grc' dir='ltr'>αἰῶνα,</span> <span class='ocrx_word' id='word_1_108' title='bbox 3309 782 3401 836; x_wconf 73' lang='grc' dir='ltr'>καὶ</span> <span class='ocrx_word' id='word_1_109' title='bbox 3434 786 3514 846; x_wconf 84' lang='grc' dir='ltr'><strong>είς</strong></span> <span class='ocrx_word' id='word_1_110' title='bbox 3550 784 3634 835; x_wconf 85' lang='grc' dir='ltr'>τὸν</span> 
     </span>
    </p>
   </div>
   <div class='ocr_carea' id='block_1_21' title="bbox 2079 874 2611 937">
    <p class='ocr_par' dir='ltr' id='par_1_21' title="bbox 2079 874 2611 937">
     <span class='ocr_line' id='line_1_21' title="bbox 2079 874 2611 937; baseline -0.006 -5"><span class='ocrx_word' id='word_1_111' title='bbox 2079 878 2251 933; x_wconf 78' lang='grc' dir='ltr'>αἰῶνα</span> <span class='ocrx_word' id='word_1_112' title='bbox 2275 874 2368 929; x_wconf 84' lang='grc' dir='ltr'>τοῦ</span> <span class='ocrx_word' id='word_1_113' title='bbox 2399 875 2611 937; x_wconf 83' lang='grc' dir='ltr'>αἰῶνος.</span> 
     </span>
    </p>
   </div>
   <div class='ocr_carea' id='block_1_22' title="bbox 2156 963 3360 1036">
    <p class='ocr_par' dir='ltr' id='par_1_22' title="bbox 2156 963 3360 1036">
     <span class='ocr_line' id='line_1_22' title="bbox 2156 963 3360 1036; baseline -0.002 -13"><span class='ocrx_word' id='word_1_114' title='bbox 2156 970 2239 1023; x_wconf 89' lang='lat'><strong>77.</strong></span> <span class='ocrx_word' id='word_1_115' title='bbox 2285 967 2612 1030; x_wconf 84' lang='grc' dir='ltr'>Ἀπολεῖσθε,</span> <span class='ocrx_word' id='word_1_116' title='bbox 2647 965 2795 1036; x_wconf 78' lang='grc' dir='ltr'>ἔθνη,</span> <span class='ocrx_word' id='word_1_117' title='bbox 2827 965 2891 1017; x_wconf 87' lang='grc' dir='ltr'><strong>ἐκ</strong></span> <span class='ocrx_word' id='word_1_118' title='bbox 2915 965 3015 1035; x_wconf 84' lang='grc' dir='ltr'><strong>τῆς</strong></span> <span class='ocrx_word' id='word_1_119' title='bbox 3044 963 3147 1035; x_wconf 80' lang='grc' dir='ltr'><strong>γῆς</strong></span> <span class='ocrx_word' id='word_1_120' title='bbox 3174 965 3360 1021; x_wconf 80' lang='grc' dir='ltr'>αὐτοῦ.</span> 
     </span>
    </p>
   </div>
   <div class='ocr_carea' id='block_1_23' title="bbox 2155 1056 3636 1131">
    <p class='ocr_par' dir='ltr' id='par_1_23' title="bbox 2155 1056 3636 1131">
     <span class='ocr_line' id='line_1_23' title="bbox 2155 1056 3636 1131; baseline -0.003 -16"><span class='ocrx_word' id='word_1_121' title='bbox 2155 1061 2242 1115; x_wconf 87' lang='lat'><strong>78.</strong></span> <span class='ocrx_word' id='word_1_122' title='bbox 2272 1061 2381 1131; x_wconf 86' lang='grc' dir='ltr'>Τὴν</span> <span class='ocrx_word' id='word_1_123' title='bbox 2408 1058 2697 1128; x_wconf 80' lang='grc' dir='ltr'>ἐπιθυμίαν</span> <span class='ocrx_word' id='word_1_124' title='bbox 2718 1056 2824 1109; x_wconf 80' lang='grc' dir='ltr'><strong>τῶν</strong></span> <span class='ocrx_word' id='word_1_125' title='bbox 2847 1057 3089 1126; x_wconf 84' lang='grc' dir='ltr'>πενήτων</span> <span class='ocrx_word' id='word_1_126' title='bbox 3113 1057 3395 1128; x_wconf 81' lang='grc' dir='ltr'>είσήκουσε</span> <span class='ocrx_word' id='word_1_127' title='bbox 3416 1056 3636 1129; x_wconf 86' lang='grc' dir='ltr'>Κύριος.</span> 
     </span>
    </p>
   </div>
   <div class='ocr_carea' id='block_1_24' title="bbox 2147 1146 3642 1223">
    <p class='ocr_par' dir='ltr' id='par_1_24' title="bbox 2147 1146 3642 1223">
     <span class='ocr_line' id='line_1_24' title="bbox 2147 1146 3642 1223; baseline -0.001 -18"><span class='ocrx_word' id='word_1_128' title='bbox 2147 1152 2236 1207; x_wconf 90' lang='grc'><strong>79.</strong></span> <span class='ocrx_word' id='word_1_129' title='bbox 2266 1152 2344 1223; x_wconf 80' lang='grc' dir='ltr'><strong>Τῇ</strong></span> <span class='ocrx_word' id='word_1_130' title='bbox 2370 1148 2651 1220; x_wconf 78' lang='grc' dir='ltr'><strong>ἑτοιμασίᾳ</strong></span> <span class='ocrx_word' id='word_1_131' title='bbox 2690 1147 2788 1219; x_wconf 80' lang='grc' dir='ltr'>τῆς</span> <span class='ocrx_word' id='word_1_132' title='bbox 2828 1146 3050 1219; x_wconf 81' lang='grc' dir='ltr'>καρδίας</span> <span class='ocrx_word' id='word_1_133' title='bbox 3081 1148 3258 1204; x_wconf 83' lang='grc' dir='ltr'>αὐτῶν</span> <span class='ocrx_word' id='word_1_134' title='bbox 3287 1149 3551 1221; x_wconf 84' lang='grc' dir='ltr'>προσέσχε</span> <span class='ocrx_word' id='word_1_135' title='bbox 3582 1161 3642 1203; x_wconf 83' lang='grc' dir='ltr'><strong>το</strong></span> 
     </span>
    </p>
   </div>
   <div class='ocr_carea' id='block_1_25' title="bbox 2083 1239 2318 1307">
    <p class='ocr_par' dir='ltr' id='par_1_25' title="bbox 2083 1239 2318 1307">
     <span class='ocr_line' id='line_1_25' title="bbox 2083 1239 2318 1307; baseline 0.004 -11"><span class='ocrx_word' id='word_1_136' title='bbox 2083 1239 2175 1307; x_wconf 79' lang='grc' dir='ltr'><strong>οὖς</strong></span> <span class='ocrx_word' id='word_1_137' title='bbox 2207 1260 2318 1297; x_wconf 90' lang='grc' dir='ltr'>σου.</span> 
     </span>
    </p>
   </div>
   <div class='ocr_carea' id='block_1_26' title="bbox 2157 1330 3126 1408">
    <p class='ocr_par' dir='ltr' id='par_1_26' title="bbox 2157 1330 3126 1408">
     <span class='ocr_line' id='line_1_26' title="bbox 2157 1330 3126 1408; baseline -0.007 -19"><span class='ocrx_word' id='word_1_138' title='bbox 2157 1335 2244 1391; x_wconf 90' lang='grc'><strong>80.</strong></span> <span class='ocrx_word' id='word_1_139' title='bbox 2276 1337 2471 1408; x_wconf 81' lang='grc' dir='ltr'>Κρῖναι</span> <span class='ocrx_word' id='word_1_140' title='bbox 2500 1331 2717 1405; x_wconf 72' lang='grc' dir='ltr'>ὀρφανῷ</span> <span class='ocrx_word' id='word_1_141' title='bbox 2748 1331 2841 1385; x_wconf 72' lang='grc' dir='ltr'><strong>καὶ</strong></span> <span class='ocrx_word' id='word_1_142' title='bbox 2869 1330 3126 1402; x_wconf 81' lang='grc' dir='ltr'>ταπεινῷ,</span> 
     </span>
    </p>
   </div>
   <div class='ocr_carea' id='block_1_27' title="bbox 2155 1423 3636 1499">
    <p class='ocr_par' dir='ltr' id='par_1_27' title="bbox 2155 1423 3636 1499">
     <span class='ocr_line' id='line_1_27' title="bbox 2155 1423 3636 1499; baseline -0.002 -17"><span class='ocrx_word' id='word_1_143' title='bbox 2155 1429 2243 1483; x_wconf 80' lang='grc'><strong>81.</strong></span> <span class='ocrx_word' id='word_1_144' title='bbox 2283 1430 2397 1481; x_wconf 81' lang='grc' dir='ltr'>Ἵνα</span> <span class='ocrx_word' id='word_1_145' title='bbox 2442 1426 2515 1499; x_wconf 83' lang='grc' dir='ltr'>μὴ</span> <span class='ocrx_word' id='word_1_146' title='bbox 2557 1423 2763 1497; x_wconf 80' lang='grc' dir='ltr'>προσθῇ</span> <span class='ocrx_word' id='word_1_147' title='bbox 2796 1423 2876 1476; x_wconf 71' lang='grc' dir='ltr'>ἔτι</span> <span class='ocrx_word' id='word_1_148' title='bbox 2918 1423 3010 1476; x_wconf 77' lang='grc' dir='ltr'>τοῦ</span> <span class='ocrx_word' id='word_1_149' title='bbox 3048 1424 3403 1495; x_wconf 76' lang='grc' dir='ltr'>μεγαλαυχεῖν</span> <span class='ocrx_word' id='word_1_150' title='bbox 3436 1426 3636 1498; x_wconf 80' lang='grc' dir='ltr'>ἄνθρω-</span> 
     </span>
    </p>
   </div>
   <div class='ocr_carea' id='block_1_28' title="bbox 2089 1518 2573 1591">
    <p class='ocr_par' dir='ltr' id='par_1_28' title="bbox 2089 1518 2573 1591">
     <span class='ocr_line' id='line_1_28' title="bbox 2089 1518 2573 1591; baseline -0.014 -5"><span class='ocrx_word' id='word_1_151' title='bbox 2089 1540 2187 1586; x_wconf 80' lang='grc' dir='ltr'>πος</span> <span class='ocrx_word' id='word_1_152' title='bbox 2216 1522 2307 1575; x_wconf 73' lang='grc' dir='ltr'><strong>ἐπὶ</strong></span> <span class='ocrx_word' id='word_1_153' title='bbox 2327 1521 2424 1591; x_wconf 80' lang='grc' dir='ltr'><strong>τῆς</strong></span> <span class='ocrx_word' id='word_1_154' title='bbox 2446 1518 2573 1588; x_wconf 80' lang='grc' dir='ltr'><strong>γῆς.</strong></span> 
     </span>
    </p>
   </div>
   <div class='ocr_carea' id='block_1_29' title="bbox 2193 1626 3541 1698">
    <p class='ocr_par' dir='ltr' id='par_1_29' title="bbox 2193 1626 3541 1698">
     <span class='ocr_line' id='line_1_29' title="bbox 2193 1626 3541 1698; baseline -0.002 -12"><span class='ocrx_word' id='word_1_155' title='bbox 2193 1635 2297 1698; x_wconf 82' lang='grc' dir='ltr'>Είς</span> <span class='ocrx_word' id='word_1_156' title='bbox 2323 1630 2388 1685; x_wconf 82' lang='grc' dir='ltr'>τὸ</span> <span class='ocrx_word' id='word_1_157' title='bbox 2414 1630 2585 1695; x_wconf 78' lang='grc' dir='ltr'>τέλος</span> <span class='ocrx_word' id='word_1_158' title='bbox 2613 1628 2853 1697; x_wconf 68' lang='grc' dir='ltr'>ψαλμός</span> <span class='ocrx_word' id='word_1_159' title='bbox 2880 1626 2959 1694; x_wconf 75' lang='grc' dir='ltr'>τῷ</span> <span class='ocrx_word' id='word_1_160' title='bbox 2987 1628 3181 1683; x_wconf 75' lang='grc' dir='ltr'>Δαϐίδ.</span> <span class='ocrx_word' id='word_1_161' title='bbox 3220 1632 3448 1685; x_wconf 81' lang='grc' dir='ltr'><strong>ΨΑΛΜ.</strong></span> <span class='ocrx_word' id='word_1_162' title='bbox 3476 1632 3541 1685; x_wconf 82' lang='grc'><strong>1⁷.</strong></span> 
     </span>
    </p>
   </div>
   <div class='ocr_carea' id='block_1_30' title="bbox 503 1738 2043 1821">
    <p class='ocr_par' dir='ltr' id='par_1_30' title="bbox 503 1743 2043 1821">
     <span class='ocr_line' id='line_1_30' title="bbox 503 1743 2043 1821; baseline 0 -22"><span class='ocrx_word' id='word_1_163' title='bbox 503 1745 553 1799; x_wconf 76' lang='grc'><strong>1.</strong></span> <span class='ocrx_word' id='word_1_164' title='bbox 569 1744 626 1799; x_wconf 85' lang='lat' dir='ltr'><strong>In</strong></span> <span class='ocrx_word' id='word_1_165' title='bbox 642 1743 868 1801; x_wconf 88' lang='lat' dir='ltr'><strong>Domino</strong></span> <span class='ocrx_word' id='word_1_166' title='bbox 883 1746 1114 1819; x_wconf 72' lang='lat' dir='ltr'><strong>confido,</strong></span> <span class='ocrx_word' id='word_1_167' title='bbox 1134 1746 1407 1816; x_wconf 89' lang='lat' dir='ltr'><strong>quomodo</strong></span> <span class='ocrx_word' id='word_1_168' title='bbox 1423 1746 1600 1802; x_wconf 89' lang='lat' dir='ltr'><strong>dicitis</strong></span> <span class='ocrx_word' id='word_1_169' title='bbox 1616 1746 1809 1800; x_wconf 71' lang='lat' dir='ltr'><strong>animae</strong></span> <span class='ocrx_word' id='word_1_170' title='bbox 1822 1759 1985 1800; x_wconf 65' lang='lat' dir='ltr'><strong>meae:</strong></span> <span class='ocrx_word' id='word_1_171' title='bbox 2021 1767 2043 1821; x_wconf 72' lang='grc' dir='ltr'>ι</span> 
     </span>
    </p>
   </div>
   <div class='ocr_carea' id='block_1_31' title="bbox 2162 1738 3647 1821">
    <p class='ocr_par' dir='ltr' id='par_1_31' title="bbox 2165 1738 3647 1812">
     <span class='ocr_line' id='line_1_31' title="bbox 2165 1738 3647 1812; baseline -0.004 -15"><span class='ocrx_word' id='word_1_172' title='bbox 2165 1744 2213 1797; x_wconf 87' lang='grc'><strong>1.</strong></span> <span class='ocrx_word' id='word_1_173' title='bbox 2232 1742 2354 1796; x_wconf 76' lang='grc' dir='ltr'>Ἐπὶ</span> <span class='ocrx_word' id='word_1_174' title='bbox 2369 1739 2446 1811; x_wconf 81' lang='grc' dir='ltr'><strong>τῷ</strong></span> <span class='ocrx_word' id='word_1_175' title='bbox 2458 1740 2645 1811; x_wconf 80' lang='grc' dir='ltr'>Κυρίῳ</span> <span class='ocrx_word' id='word_1_176' title='bbox 2662 1740 2915 1802; x_wconf 75' lang='grc' dir='ltr'>πέποιθα,</span> <span class='ocrx_word' id='word_1_177' title='bbox 2940 1738 3055 1802; x_wconf 83' lang='grc' dir='ltr'><strong>πῶς</strong></span> <span class='ocrx_word' id='word_1_178' title='bbox 3072 1741 3243 1810; x_wconf 85' lang='grc' dir='ltr'>ἐρεῖτε</span> <span class='ocrx_word' id='word_1_179' title='bbox 3265 1742 3330 1811; x_wconf 77' lang='grc' dir='ltr'>τῇ</span> <span class='ocrx_word' id='word_1_180' title='bbox 3344 1739 3491 1812; x_wconf 73' lang='grc' dir='ltr'>ψυχῇ</span> <span class='ocrx_word' id='word_1_181' title='bbox 3514 1756 3613 1810; x_wconf 87' lang='grc' dir='ltr'><strong>μου</strong></span> <span class='ocrx_word' id='word_1_182' title='bbox 3630 1753 3647 1771; x_wconf 80' lang='grc'><strong>”</strong></span> 
     </span>
    </p>
   </div>
   <div class='ocr_carea' id='block_1_32' title="bbox 499 1834 1714 1909">
    <p class='ocr_par' dir='ltr' id='par_1_32' title="bbox 499 1834 1714 1909">
     <span class='ocr_line' id='line_1_32' title="bbox 499 1834 1714 1909; baseline -0.002 -18"><span class='ocrx_word' id='word_1_183' title='bbox 499 1837 554 1892; x_wconf 79' lang='lat'><strong>2.</strong></span> <span class='ocrx_word' id='word_1_184' title='bbox 584 1836 932 1909; x_wconf 80' lang='lat' dir='ltr'><strong>Transmigra</strong></span> <span class='ocrx_word' id='word_1_185' title='bbox 966 1838 1020 1892; x_wconf 88' lang='lat' dir='ltr'><strong>in</strong></span> <span class='ocrx_word' id='word_1_186' title='bbox 1054 1846 1291 1893; x_wconf 89' lang='lat' dir='ltr'><strong>montem</strong></span> <span class='ocrx_word' id='word_1_187' title='bbox 1325 1836 1464 1892; x_wconf 87' lang='lat' dir='ltr'><strong>sicut</strong></span> <span class='ocrx_word' id='word_1_188' title='bbox 1489 1834 1714 1906; x_wconf 84' lang='lat' dir='ltr'><strong>passer?</strong></span> 
     </span>
    </p>
   </div>
   <div class='ocr_carea' id='block_1_33' title="bbox 499 1930 1955 2001">
    <p class='ocr_par' dir='ltr' id='par_1_33' title="bbox 499 1930 1955 2001">
     <span class='ocr_line' id='line_1_33' title="bbox 499 1930 1955 2001; baseline -0.003 -15"><span class='ocrx_word' id='word_1_189' title='bbox 499 1931 555 1986; x_wconf 82' lang='grc'><strong>5.</strong></span> <span class='ocrx_word' id='word_1_190' title='bbox 579 1930 847 1998; x_wconf 84' lang='lat' dir='ltr'><strong>Quoniam</strong></span> <span class='ocrx_word' id='word_1_191' title='bbox 877 1945 1001 1986; x_wconf 89' lang='lat' dir='ltr'><strong>ecce</strong></span> <span class='ocrx_word' id='word_1_192' title='bbox 1031 1940 1338 2001; x_wconf 86' lang='lat' dir='ltr'><strong>peceatores</strong></span> <span class='ocrx_word' id='word_1_193' title='bbox 1370 1930 1715 1984; x_wconf 89' lang='lat' dir='ltr'><strong>intenderunt</strong></span> <span class='ocrx_word' id='word_1_194' title='bbox 1740 1942 1955 1994; x_wconf 89' lang='lat' dir='ltr'><strong>arcum;</strong></span> 
     </span>
    </p>
   </div>
   <div class='ocr_carea' id='block_1_34' title="bbox 501 2021 1715 2094">
    <p class='ocr_par' dir='ltr' id='par_1_34' title="bbox 501 2021 1715 2094">
     <span class='ocr_line' id='line_1_34' title="bbox 501 2021 1715 2094; baseline -0.004 -15"><span class='ocrx_word' id='word_1_195' title='bbox 501 2024 557 2079; x_wconf 72' lang='grc'>4.</span> <span class='ocrx_word' id='word_1_196' title='bbox 583 2021 915 2094; x_wconf 77' lang='lat' dir='ltr'><strong>Paraverunt</strong></span> <span class='ocrx_word' id='word_1_197' title='bbox 943 2023 1166 2093; x_wconf 77' lang='lat' dir='ltr'><strong>sagittas</strong></span> <span class='ocrx_word' id='word_1_198' title='bbox 1195 2037 1323 2078; x_wconf 86' lang='lat' dir='ltr'><strong>suas</strong></span> <span class='ocrx_word' id='word_1_199' title='bbox 1352 2021 1405 2076; x_wconf 90' lang='lat' dir='ltr'><strong>in</strong></span> <span class='ocrx_word' id='word_1_200' title='bbox 1442 2022 1715 2093; x_wconf 80' lang='lat' dir='ltr'><strong>pharetra,</strong></span> 
     </span>
    </p>
   </div>
   <div class='ocr_carea' id='block_1_35' title="bbox 504 2114 1743 2187">
    <p class='ocr_par' dir='ltr' id='par_1_35' title="bbox 504 2114 1743 2187">
     <span class='ocr_line' id='line_1_35' title="bbox 504 2114 1743 2187; baseline -0.005 -16"><span class='ocrx_word' id='word_1_201' title='bbox 504 2115 557 2172; x_wconf 86' lang='lat'><strong>5.</strong></span> <span class='ocrx_word' id='word_1_202' title='bbox 586 2114 658 2172; x_wconf 88' lang='lat' dir='ltr'><strong>Ut</strong></span> <span class='ocrx_word' id='word_1_203' title='bbox 689 2117 943 2187; x_wconf 76' lang='lat' dir='ltr'><strong>sagittent</strong></span> <span class='ocrx_word' id='word_1_204' title='bbox 976 2117 1031 2171; x_wconf 87' lang='lat' dir='ltr'><strong>in</strong></span> <span class='ocrx_word' id='word_1_205' title='bbox 1063 2116 1297 2172; x_wconf 90' lang='lat' dir='ltr'><strong>obscuro</strong></span> <span class='ocrx_word' id='word_1_206' title='bbox 1326 2124 1503 2170; x_wconf 80' lang='lat' dir='ltr'><strong>rectos</strong></span> <span class='ocrx_word' id='word_1_207' title='bbox 1532 2114 1693 2169; x_wconf 89' lang='lat' dir='ltr'><strong>corde</strong></span> <span class='ocrx_word' id='word_1_208' title='bbox 1728 2129 1743 2165; x_wconf 88' lang='lat'><strong>:</strong></span> 
     </span>
    </p>
   </div>
   <div class='ocr_carea' id='block_1_36' title="bbox 502 2294 1874 2366">
    <p class='ocr_par' dir='ltr' id='par_1_36' title="bbox 502 2294 1874 2366">
     <span class='ocr_line' id='line_1_36' title="bbox 502 2294 1874 2366; baseline -0.003 -13"><span class='ocrx_word' id='word_1_209' title='bbox 502 2295 558 2353; x_wconf 86' lang='grc' dir='ltr'><strong>ϐ.</strong></span> <span class='ocrx_word' id='word_1_210' title='bbox 584 2296 848 2363; x_wconf 83' lang='lat' dir='ltr'><strong>Quoniam</strong></span> <span class='ocrx_word' id='word_1_211' title='bbox 872 2311 990 2366; x_wconf 68' lang='lat' dir='ltr'><strong>quae</strong></span> <span class='ocrx_word' id='word_1_212' title='bbox 1015 2294 1308 2366; x_wconf 80' lang='lat' dir='ltr'><strong>perfec1sti,</strong></span> <span class='ocrx_word' id='word_1_213' title='bbox 1335 2295 1437 2365; x_wconf 86' lang='lat' dir='ltr'><strong>ipsi</strong></span> <span class='ocrx_word' id='word_1_214' title='bbox 1471 2294 1874 2351; x_wconf 77' lang='lat' dir='ltr'><strong>destruxerunt.</strong></span> 
     </span>
    </p>
   </div>
   <div class='ocr_carea' id='block_1_37' title="bbox 506 2386 1334 2458">
    <p class='ocr_par' dir='ltr' id='par_1_37' title="bbox 506 2386 1334 2458">
     <span class='ocr_line' id='line_1_37' title="bbox 506 2386 1334 2458; baseline -0.001 -16"><span class='ocrx_word' id='word_1_215' title='bbox 506 2389 559 2443; x_wconf 91' lang='lat'><strong>7.</strong></span> <span class='ocrx_word' id='word_1_216' title='bbox 586 2386 774 2444; x_wconf 83' lang='lat' dir='ltr'><strong>Justus</strong></span> <span class='ocrx_word' id='word_1_217' title='bbox 803 2396 982 2444; x_wconf 85' lang='lat' dir='ltr'><strong>autem</strong></span> <span class='ocrx_word' id='word_1_218' title='bbox 1017 2388 1144 2458; x_wconf 84' lang='lat' dir='ltr'><strong>quid</strong></span> <span class='ocrx_word' id='word_1_219' title='bbox 1170 2387 1334 2444; x_wconf 81' lang='lat' dir='ltr'><strong>fecit?</strong></span> 
     </span>
    </p>
   </div>
   <div class='ocr_carea' id='block_1_38' title="bbox 504 2478 1561 2550">
    <p class='ocr_par' dir='ltr' id='par_1_38' title="bbox 504 2478 1561 2550">
     <span class='ocr_line' id='line_1_38' title="bbox 504 2478 1561 2550; baseline -0.004 -15"><span class='ocrx_word' id='word_1_220' title='bbox 504 2478 557 2535; x_wconf 92' lang='lat'><strong>8.</strong></span> <span class='ocrx_word' id='word_1_221' title='bbox 586 2478 847 2535; x_wconf 84' lang='lat' dir='ltr'><strong>Dominus</strong></span> <span class='ocrx_word' id='word_1_222' title='bbox 882 2480 934 2534; x_wconf 93' lang='lat' dir='ltr'><strong>in</strong></span> <span class='ocrx_word' id='word_1_223' title='bbox 966 2480 1167 2550; x_wconf 89' lang='lat' dir='ltr'><strong>templo</strong></span> <span class='ocrx_word' id='word_1_224' title='bbox 1200 2489 1391 2535; x_wconf 90' lang='lat' dir='ltr'><strong>sancto</strong></span> <span class='ocrx_word' id='word_1_225' title='bbox 1414 2495 1515 2536; x_wconf 88' lang='lat' dir='ltr'><strong>suo</strong></span> <span class='ocrx_word' id='word_1_226' title='bbox 1548 2498 1561 2531; x_wconf 91' lang='lat'>:</span> 
     </span>
    </p>
   </div>
   <div class='ocr_carea' id='block_1_39' title="bbox 2166 1831 3445 1903">
    <p class='ocr_par' dir='ltr' id='par_1_39' title="bbox 2166 1831 3445 1903">
     <span class='ocr_line' id='line_1_39' title="bbox 2166 1831 3445 1903; baseline -0.002 -15"><span class='ocrx_word' id='word_1_227' title='bbox 2166 1835 2221 1889; x_wconf 76' lang='lat'><strong>2.</strong></span> <span class='ocrx_word' id='word_1_228' title='bbox 2244 1831 2653 1888; x_wconf 85' lang='grc' dir='ltr'>Μεταναστεύου</span> <span class='ocrx_word' id='word_1_229' title='bbox 2682 1831 2774 1884; x_wconf 66' lang='grc' dir='ltr'><strong>ἐπὶ¹</strong></span> <span class='ocrx_word' id='word_1_230' title='bbox 2805 1831 2873 1885; x_wconf 74' lang='grc' dir='ltr'>τὰ</span> <span class='ocrx_word' id='word_1_231' title='bbox 2907 1831 3005 1903; x_wconf 79' lang='grc' dir='ltr'>ὅρη</span> <span class='ocrx_word' id='word_1_232' title='bbox 3033 1831 3107 1894; x_wconf 85' lang='grc' dir='ltr'>ὡς</span> <span class='ocrx_word' id='word_1_233' title='bbox 3135 1832 3445 1903; x_wconf 86' lang='grc' dir='ltr'>στρουθίον;</span> 
     </span>
    </p>
   </div>
   <div class='ocr_carea' id='block_1_40' title="bbox 2164 1921 3373 1994">
    <p class='ocr_par' dir='ltr' id='par_1_40' title="bbox 2164 1921 3373 1994">
     <span class='ocr_line' id='line_1_40' title="bbox 2164 1921 3373 1994; baseline -0.003 -14"><span class='ocrx_word' id='word_1_234' title='bbox 2164 1924 2217 1980; x_wconf 77' lang='grc'><strong>5.</strong></span> <span class='ocrx_word' id='word_1_235' title='bbox 2247 1925 2367 1978; x_wconf 81' lang='grc' dir='ltr'>Ὅτι</span> <span class='ocrx_word' id='word_1_236' title='bbox 2395 1924 2500 1977; x_wconf 78' lang='grc' dir='ltr'>ἰδοὺ</span> <span class='ocrx_word' id='word_1_237' title='bbox 2526 1925 2574 1976; x_wconf 70' lang='lat' dir='ltr'><strong>oi</strong></span> <span class='ocrx_word' id='word_1_238' title='bbox 2601 1922 2908 1994; x_wconf 76' lang='grc' dir='ltr'>ἁμαρτωλοὶ</span> <span class='ocrx_word' id='word_1_239' title='bbox 2935 1922 3201 1975; x_wconf 77' lang='grc' dir='ltr'>ἐνέτειναν</span> <span class='ocrx_word' id='word_1_240' title='bbox 3221 1921 3373 1988; x_wconf 80' lang='grc' dir='ltr'>τόξον</span> 
     </span>
    </p>
   </div>
   <div class='ocr_carea' id='block_1_41' title="bbox 2163 2015 3173 2089">
    <p class='ocr_par' dir='ltr' id='par_1_41' title="bbox 2163 2015 3173 2089">
     <span class='ocr_line' id='line_1_41' title="bbox 2163 2015 3173 2089; baseline -0.006 -16"><span class='ocrx_word' id='word_1_241' title='bbox 2163 2020 2217 2073; x_wconf 75' lang='grc'>4.</span> <span class='ocrx_word' id='word_1_242' title='bbox 2257 2016 2589 2089; x_wconf 84' lang='grc' dir='ltr'>Ἠτοίμασαν</span> <span class='ocrx_word' id='word_1_243' title='bbox 2622 2015 2749 2086; x_wconf 85' lang='grc' dir='ltr'><strong>βέλη</strong></span> <span class='ocrx_word' id='word_1_244' title='bbox 2771 2018 2848 2079; x_wconf 85' lang='grc' dir='ltr'><strong>είς</strong></span> <span class='ocrx_word' id='word_1_245' title='bbox 2876 2016 3173 2086; x_wconf 83' lang='grc' dir='ltr'>φαρέτραν,</span> 
     </span>
    </p>
   </div>
   <div class='ocr_carea' id='block_1_42' title="bbox 2167 2106 3649 2180">
    <p class='ocr_par' dir='ltr' id='par_1_42' title="bbox 2167 2106 3649 2180">
     <span class='ocr_line' id='line_1_42' title="bbox 2167 2106 3649 2180; baseline -0.003 -15"><span class='ocrx_word' id='word_1_246' title='bbox 2167 2111 2220 2166; x_wconf 82' lang='lat'><strong>5.</strong></span> <span class='ocrx_word' id='word_1_247' title='bbox 2249 2108 2355 2163; x_wconf 82' lang='grc' dir='ltr'>Τοῢ</span> <span class='ocrx_word' id='word_1_248' title='bbox 2384 2108 2771 2174; x_wconf 80' lang='grc' dir='ltr'>κατατοξεῦσαι</span> <span class='ocrx_word' id='word_1_249' title='bbox 2800 2110 2858 2161; x_wconf 91' lang='grc' dir='ltr'><strong>ἐν</strong></span> <span class='ocrx_word' id='word_1_250' title='bbox 2902 2110 3204 2180; x_wconf 80' lang='grc' dir='ltr'>σκοτομήνῃ</span> <span class='ocrx_word' id='word_1_251' title='bbox 3234 2108 3359 2171; x_wconf 84' lang='grc' dir='ltr'>τοὺς</span> <span class='ocrx_word' id='word_1_252' title='bbox 3389 2106 3566 2171; x_wconf 77' lang='grc' dir='ltr'>εὐθεις</span> <span class='ocrx_word' id='word_1_253' title='bbox 3586 2118 3649 2160; x_wconf 70' lang='grc' dir='ltr'>τ’</span> 
     </span>
    </p>
   </div>
   <div class='ocr_carea' id='block_1_43' title="bbox 2097 2203 2310 2276">
    <p class='ocr_par' dir='ltr' id='par_1_43' title="bbox 2097 2203 2310 2276">
     <span class='ocr_line' id='line_1_43' title="bbox 2097 2203 2310 2276; baseline -0.019 -16"><span class='ocrx_word' id='word_1_254' title='bbox 2097 2203 2310 2276; x_wconf 67' lang='grc' dir='ltr'>καρδίαι</span> 
     </span>
    </p>
   </div>
   <div class='ocr_carea' id='block_1_44' title="bbox 2166 2292 3374 2367">
    <p class='ocr_par' dir='ltr' id='par_1_44' title="bbox 2166 2292 3374 2367">
     <span class='ocr_line' id='line_1_44' title="bbox 2166 2292 3374 2367; baseline -0.003 -16"><span class='ocrx_word' id='word_1_255' title='bbox 2166 2295 2220 2354; x_wconf 89' lang='grc'>6.</span> <span class='ocrx_word' id='word_1_256' title='bbox 2254 2297 2372 2350; x_wconf 81' lang='grc' dir='ltr'>’Ότι</span> <span class='ocrx_word' id='word_1_257' title='bbox 2404 2294 2440 2350; x_wconf 77' lang='grc' dir='ltr'>ἃ</span> <span class='ocrx_word' id='word_1_258' title='bbox 2469 2296 2532 2349; x_wconf 83' lang='grc' dir='ltr'><strong>σὺ</strong></span> <span class='ocrx_word' id='word_1_259' title='bbox 2567 2293 2897 2367; x_wconf 80' lang='grc' dir='ltr'>κατηρτίσω,</span> <span class='ocrx_word' id='word_1_260' title='bbox 2928 2294 3080 2348; x_wconf 78' lang='grc' dir='ltr'>αὐτοὶ</span> <span class='ocrx_word' id='word_1_261' title='bbox 3112 2292 3374 2348; x_wconf 86' lang='grc' dir='ltr'>καθεῖλον.</span> 
     </span>
    </p>
   </div>
   <div class='ocr_carea' id='block_1_45' title="bbox 2169 2384 2995 2456">
    <p class='ocr_par' dir='ltr' id='par_1_45' title="bbox 2169 2384 2995 2456">
     <span class='ocr_line' id='line_1_45' title="bbox 2169 2384 2995 2456; baseline -0.008 -13"><span class='ocrx_word' id='word_1_262' title='bbox 2169 2388 2222 2443; x_wconf 93' lang='lat'><strong>7.</strong></span> <span class='ocrx_word' id='word_1_263' title='bbox 2262 2388 2322 2441; x_wconf 81' lang='lat'><strong>&#39;0</strong></span> <span class='ocrx_word' id='word_1_264' title='bbox 2352 2387 2407 2441; x_wconf 88' lang='grc' dir='ltr'>δὲ</span> <span class='ocrx_word' id='word_1_265' title='bbox 2437 2386 2639 2448; x_wconf 88' lang='grc' dir='ltr'>δίκαιος</span> <span class='ocrx_word' id='word_1_266' title='bbox 2660 2384 2712 2438; x_wconf 85' lang='grc' dir='ltr'><strong>τί</strong></span> <span class='ocrx_word' id='word_1_267' title='bbox 2742 2384 2995 2456; x_wconf 78' lang='grc' dir='ltr'>ἐποίησες</span> 
     </span>
    </p>
   </div>
   <div class='ocr_carea' id='block_1_46' title="bbox 2173 2474 3082 2552">
    <p class='ocr_par' dir='ltr' id='par_1_46' title="bbox 2173 2474 3082 2552">
     <span class='ocr_line' id='line_1_46' title="bbox 2173 2474 3082 2552; baseline -0.006 -17"><span class='ocrx_word' id='word_1_268' title='bbox 2173 2480 2225 2535; x_wconf 89' lang='grc'><strong>8.</strong></span> <span class='ocrx_word' id='word_1_269' title='bbox 2255 2480 2458 2552; x_wconf 83' lang='grc' dir='ltr'>Κύριος</span> <span class='ocrx_word' id='word_1_270' title='bbox 2490 2481 2547 2533; x_wconf 88' lang='grc' dir='ltr'><strong>ἐν</strong></span> <span class='ocrx_word' id='word_1_271' title='bbox 2574 2476 2685 2548; x_wconf 80' lang='grc' dir='ltr'><strong>ναῷ</strong></span> <span class='ocrx_word' id='word_1_272' title='bbox 2714 2475 2852 2547; x_wconf 82' lang='grc' dir='ltr'><strong>ἁγίῳ</strong></span> <span class='ocrx_word' id='word_1_273' title='bbox 2883 2474 3047 2530; x_wconf 80' lang='grc' dir='ltr'>αὐτοῦ</span> <span class='ocrx_word' id='word_1_274' title='bbox 3066 2491 3082 2508; x_wconf 85' lang='grc'>⁶</span> 
     </span>
    </p>
   </div>
   <div class='ocr_carea' id='block_1_47' title="bbox 1548 2612 2552 2672">
    <p class='ocr_par' dir='ltr' id='par_1_47' title="bbox 1548 2612 2552 2672">
     <span class='ocr_line' id='line_1_47' title="bbox 1548 2612 2552 2672; baseline 0.005 -5"><span class='ocrx_word' id='word_1_275' title='bbox 1548 2612 1927 2671; x_wconf 75' lang='grc' dir='ltr'><strong>ΑἸἪΑΝΑΞΙΙ</strong></span> <span class='ocrx_word' id='word_1_276' title='bbox 1967 2614 2552 2672; x_wconf 81' lang='lat' dir='ltr'><strong>INTERPRETATIO.</strong></span> 
     </span>
    </p>
   </div>
   <div class='ocr_carea' id='block_1_48' title="bbox 508 2724 1997 2803">
    <p class='ocr_par' dir='ltr' id='par_1_48' title="bbox 508 2724 1997 2803">
     <span class='ocr_line' id='line_1_48' title="bbox 508 2724 1997 2803; baseline 0 -14"><span class='ocrx_word' id='word_1_277' title='bbox 508 2734 597 2789; x_wconf 73' lang='lat'><strong>73.</strong></span> <span class='ocrx_word' id='word_1_278' title='bbox 626 2733 940 2803; x_wconf 88' lang='lat' dir='ltr'><strong>Orphanum</strong></span> <span class='ocrx_word' id='word_1_279' title='bbox 983 2732 1113 2787; x_wconf 88' lang='lat' dir='ltr'><strong>dicit</strong></span> <span class='ocrx_word' id='word_1_280' title='bbox 1145 2724 1303 2797; x_wconf 81' lang='lat' dir='ltr'><strong>eum,</strong></span> <span class='ocrx_word' id='word_1_281' title='bbox 1344 2730 1437 2802; x_wconf 89' lang='lat' dir='ltr'><strong>qui</strong></span> <span class='ocrx_word' id='word_1_282' title='bbox 1475 2744 1583 2785; x_wconf 88' lang='lat' dir='ltr'><strong>non</strong></span> <span class='ocrx_word' id='word_1_283' title='bbox 1616 2731 1777 2787; x_wconf 86' lang='lat' dir='ltr'><strong>habet</strong></span> <span class='ocrx_word' id='word_1_284' title='bbox 1804 2733 1997 2789; x_wconf 88' lang='lat' dir='ltr'><strong>huma-</strong></span> 
     </span>
    </p>
   </div>
   <div class='ocr_carea' id='block_1_49' title="bbox 443 2827 1369 2884">
    <p class='ocr_par' dir='ltr' id='par_1_49' title="bbox 443 2827 1369 2884">
     <span class='ocr_line' id='line_1_49' title="bbox 443 2827 1369 2884; baseline -0.009 0"><span class='ocrx_word' id='word_1_285' title='bbox 443 2842 573 2884; x_wconf 67' lang='lat' dir='ltr'><strong>num</strong></span> <span class='ocrx_word' id='word_1_286' title='bbox 607 2827 889 2881; x_wconf 80' lang='lat' dir='ltr'><strong>auxilium.</strong></span> <span class='ocrx_word' id='word_1_287' title='bbox 970 2862 975 2868; x_wconf 67' lang='grc' dir='ltr'><strong>ι</strong></span> <span class='ocrx_word' id='word_1_288' title='bbox 1366 2850 1369 2853; x_wconf 55' lang='grc' dir='ltr'><strong>ν</strong></span> 
     </span>
    </p>
   </div>
   <div class='ocr_carea' id='block_1_50' title="bbox 514 2916 1320 2972">
    <p class='ocr_par' dir='ltr' id='par_1_50' title="bbox 514 2916 1320 2972">
     <span class='ocr_line' id='line_1_50' title="bbox 514 2916 1320 2972; baseline 0.001 -3"><span class='ocrx_word' id='word_1_289' title='bbox 514 2917 601 2972; x_wconf 71' lang='grc'><strong>74.</strong></span> <span class='ocrx_word' id='word_1_290' title='bbox 635 2916 1069 2971; x_wconf 89' lang='lat' dir='ltr'><strong>Dominationem</strong></span> <span class='ocrx_word' id='word_1_291' title='bbox 1100 2916 1320 2971; x_wconf 88' lang='lat' dir='ltr'><strong>diaboli.</strong></span> 
     </span>
    </p>
   </div>
   <div class='ocr_carea' id='block_1_51' title="bbox 513 3006 2005 3078">
    <p class='ocr_par' dir='ltr' id='par_1_51' title="bbox 513 3006 2005 3078">
     <span class='ocr_line' id='line_1_51' title="bbox 513 3006 2005 3078; baseline 0 -16"><span class='ocrx_word' id='word_1_292' title='bbox 513 3009 601 3070; x_wconf 82' lang='lat'><strong>75.</strong></span> <span class='ocrx_word' id='word_1_293' title='bbox 631 3008 717 3063; x_wconf 89' lang='lat'><strong>76.</strong></span> <span class='ocrx_word' id='word_1_294' title='bbox 744 3006 1024 3074; x_wconf 62' lang='lat' dir='ltr'><strong>Quaeretur</strong></span> <span class='ocrx_word' id='word_1_295' title='bbox 1068 3016 1345 3078; x_wconf 89' lang='lat' dir='ltr'><strong>peccatum</strong></span> <span class='ocrx_word' id='word_1_296' title='bbox 1376 3006 1516 3077; x_wconf 86' lang='lat' dir='ltr'><strong>ejus,</strong></span> <span class='ocrx_word' id='word_1_297' title='bbox 1547 3016 1600 3063; x_wconf 86' lang='lat' dir='ltr'><strong>et</strong></span> <span class='ocrx_word' id='word_1_298' title='bbox 1628 3022 1735 3063; x_wconf 91' lang='lat' dir='ltr'><strong>non</strong></span> <span class='ocrx_word' id='word_1_299' title='bbox 1769 3008 2005 3078; x_wconf 88' lang='lat' dir='ltr'><strong>amplius</strong></span> 
     </span>
    </p>
   </div>
   <div class='ocr_carea' id='block_1_52' title="bbox 444 3099 2003 3172">
    <p class='ocr_par' dir='ltr' id='par_1_52' title="bbox 444 3099 2003 3172">
     <span class='ocr_line' id='line_1_52' title="bbox 444 3099 2003 3172; baseline -0.001 -16"><span class='ocrx_word' id='word_1_300' title='bbox 444 3100 559 3172; x_wconf 85' lang='lat' dir='ltr'><strong>ipse</strong></span> <span class='ocrx_word' id='word_1_301' title='bbox 601 3100 851 3156; x_wconf 87' lang='lat' dir='ltr'><strong>diabolus</strong></span> <span class='ocrx_word' id='word_1_302' title='bbox 898 3099 1232 3165; x_wconf 86' lang='lat' dir='ltr'><strong>invenietur;</strong></span> <span class='ocrx_word' id='word_1_303' title='bbox 1275 3099 1532 3169; x_wconf 91' lang='lat' dir='ltr'><strong>quoniam</strong></span> <span class='ocrx_word' id='word_1_304' title='bbox 1577 3100 1806 3155; x_wconf 90' lang='lat' dir='ltr'><strong>traditus</strong></span> <span class='ocrx_word' id='word_1_305' title='bbox 1836 3110 1919 3154; x_wconf 86' lang='lat' dir='ltr'><strong>est</strong></span> <span class='ocrx_word' id='word_1_306' title='bbox 1950 3100 2003 3154; x_wconf 91' lang='lat' dir='ltr'><strong>in</strong></span> 
     </span>
    </p>
   </div>
   <div class='ocr_carea' id='block_1_53' title="bbox 446 3188 2004 3263">
    <p class='ocr_par' dir='ltr' id='par_1_53' title="bbox 446 3188 2004 3263">
     <span class='ocr_line' id='line_1_53' title="bbox 446 3188 2004 3263; baseline 0 -18"><span class='ocrx_word' id='word_1_307' title='bbox 446 3188 620 3263; x_wconf 76' lang='lat' dir='ltr'><strong>ignem</strong></span> <span class='ocrx_word' id='word_1_308' title='bbox 643 3198 902 3246; x_wconf 70' lang='lat' dir='ltr'><strong>aeternum</strong></span> <span class='ocrx_word' id='word_1_309' title='bbox 933 3208 947 3245; x_wconf 88' lang='lat'><strong>:</strong></span> <span class='ocrx_word' id='word_1_310' title='bbox 972 3200 1024 3245; x_wconf 88' lang='lat' dir='ltr'><strong>et</strong></span> <span class='ocrx_word' id='word_1_311' title='bbox 1046 3192 1260 3245; x_wconf 87' lang='lat' dir='ltr'><strong>demum</strong></span> <span class='ocrx_word' id='word_1_312' title='bbox 1287 3189 1547 3247; x_wconf 81' lang='lat' dir='ltr'><strong>Dominus</strong></span> <span class='ocrx_word' id='word_1_313' title='bbox 1571 3191 1722 3247; x_wconf 91' lang='lat' dir='ltr'><strong>solus</strong></span> <span class='ocrx_word' id='word_1_314' title='bbox 1742 3191 2004 3263; x_wconf 75' lang='lat' dir='ltr'><strong>regnabit.</strong></span> 
     </span>
    </p>
   </div>
   <div class='ocr_carea' id='block_1_54' title="bbox 519 3367 2007 3442">
    <p class='ocr_par' dir='ltr' id='par_1_54' title="bbox 519 3367 2007 3442">
     <span class='ocr_line' id='line_1_54' title="bbox 519 3367 2007 3442; baseline 0.007 -22"><span class='ocrx_word' id='word_1_315' title='bbox 519 3367 604 3423; x_wconf 85' lang='lat'><strong>77.</strong></span> <span class='ocrx_word' id='word_1_316' title='bbox 642 3368 863 3431; x_wconf 86' lang='lat' dir='ltr'><strong>Gentes,</strong></span> <span class='ocrx_word' id='word_1_317' title='bbox 895 3384 1016 3440; x_wconf 79' lang='lat' dir='ltr'><strong>qua:</strong></span> <span class='ocrx_word' id='word_1_318' title='bbox 1056 3372 1105 3425; x_wconf 90' lang='lat' dir='ltr'><strong>ei</strong></span> <span class='ocrx_word' id='word_1_319' title='bbox 1134 3386 1242 3425; x_wconf 92' lang='lat' dir='ltr'><strong>non</strong></span> <span class='ocrx_word' id='word_1_320' title='bbox 1283 3370 1811 3442; x_wconf 86' lang='lat' dir='ltr'><strong>obtemperaverunt,</strong></span> <span class='ocrx_word' id='word_1_321' title='bbox 1845 3389 1876 3429; x_wconf 89' lang='lat' dir='ltr'><strong>a</strong></span> <span class='ocrx_word' id='word_1_322' title='bbox 1907 3390 2007 3431; x_wconf 90' lang='lat' dir='ltr'><strong>suo</strong></span> 
     </span>
    </p>
   </div>
   <div class='ocr_carea' id='block_1_55' title="bbox 449 3460 1199 3529">
    <p class='ocr_par' dir='ltr' id='par_1_55' title="bbox 449 3460 1199 3529">
     <span class='ocr_line' id='line_1_55' title="bbox 449 3460 1199 3529; baseline 0.001 -13"><span class='ocrx_word' id='word_1_323' title='bbox 449 3460 653 3516; x_wconf 80' lang='lat' dir='ltr'><strong>caelesti</strong></span> <span class='ocrx_word' id='word_1_324' title='bbox 682 3475 847 3529; x_wconf 80' lang='lat' dir='ltr'><strong>regno</strong></span> <span class='ocrx_word' id='word_1_325' title='bbox 876 3460 1199 3517; x_wconf 87' lang='lat' dir='ltr'><strong>alienantur.</strong></span> 
     </span>
    </p>
   </div>
   <div class='ocr_carea' id='block_1_56' title="bbox 521 3550 2011 3625">
    <p class='ocr_par' dir='ltr' id='par_1_56' title="bbox 521 3550 2011 3625">
     <span class='ocr_line' id='line_1_56' title="bbox 521 3550 2011 3625; baseline 0.006 -20"><span class='ocrx_word' id='word_1_326' title='bbox 521 3551 606 3607; x_wconf 91' lang='lat'><strong>78.</strong></span> <span class='ocrx_word' id='word_1_327' title='bbox 641 3550 977 3608; x_wconf 89' lang='lat' dir='ltr'><strong>Desiderium</strong></span> <span class='ocrx_word' id='word_1_328' title='bbox 1004 3570 1300 3625; x_wconf 90' lang='lat' dir='ltr'><strong>pauperum</strong></span> <span class='ocrx_word' id='word_1_329' title='bbox 1325 3557 1545 3613; x_wconf 79' lang='lat' dir='ltr'><strong>exaudit</strong></span> <span class='ocrx_word' id='word_1_330' title='bbox 1572 3557 1716 3616; x_wconf 80' lang='lat' dir='ltr'><strong>Deus</strong></span> <span class='ocrx_word' id='word_1_331' title='bbox 1744 3568 1800 3614; x_wconf 91' lang='lat' dir='ltr'><strong>et</strong></span> <span class='ocrx_word' id='word_1_332' title='bbox 1824 3558 2011 3614; x_wconf 86' lang='lat' dir='ltr'><strong>Domi-</strong></span> 
     </span>
    </p>
   </div>
   <div class='ocr_carea' id='block_1_57' title="bbox 451 3645 1939 3722">
    <p class='ocr_par' dir='ltr' id='par_1_57' title="bbox 451 3645 1939 3722">
     <span class='ocr_line' id='line_1_57' title="bbox 451 3645 1939 3722; baseline 0.006 -23"><span class='ocrx_word' id='word_1_333' title='bbox 451 3660 575 3712; x_wconf 88' lang='lat' dir='ltr'><strong>nus,</strong></span> <span class='ocrx_word' id='word_1_334' title='bbox 600 3645 855 3716; x_wconf 89' lang='lat' dir='ltr'><strong>quoniam</strong></span> <span class='ocrx_word' id='word_1_335' title='bbox 889 3662 1008 3717; x_wconf 69' lang='lat' dir='ltr'><strong>qua:</strong></span> <span class='ocrx_word' id='word_1_336' title='bbox 1040 3648 1141 3717; x_wconf 88' lang='lat' dir='ltr'><strong>ipsi</strong></span> <span class='ocrx_word' id='word_1_337' title='bbox 1179 3659 1328 3719; x_wconf 84' lang='lat' dir='ltr'><strong>grata</strong></span> <span class='ocrx_word' id='word_1_338' title='bbox 1361 3658 1491 3704; x_wconf 90' lang='lat' dir='ltr'><strong>sunt</strong></span> <span class='ocrx_word' id='word_1_339' title='bbox 1521 3652 1939 3722; x_wconf 87' lang='lat' dir='ltr'><strong>concupiscunt.</strong></span> 
     </span>
    </p>
   </div>
   <div class='ocr_carea' id='block_1_58' title="bbox 521 3826 2012 3900">
    <p class='ocr_par' dir='ltr' id='par_1_58' title="bbox 521 3826 2012 3900">
     <span class='ocr_line' id='line_1_58' title="bbox 521 3826 2012 3900; baseline 0.005 -20"><span class='ocrx_word' id='word_1_340' title='bbox 521 3826 609 3881; x_wconf 84' lang='lat'><strong>79.</strong></span> <span class='ocrx_word' id='word_1_341' title='bbox 637 3826 938 3882; x_wconf 86' lang='lat' dir='ltr'><strong>Clamorem</strong></span> <span class='ocrx_word' id='word_1_342' title='bbox 983 3843 1206 3890; x_wconf 84' lang='lat' dir='ltr'><strong>eorum.</strong></span> <span class='ocrx_word' id='word_1_343' title='bbox 1255 3829 1348 3900; x_wconf 89' lang='lat' dir='ltr'><strong>qui</strong></span> <span class='ocrx_word' id='word_1_344' title='bbox 1386 3830 1602 3885; x_wconf 88' lang='lat' dir='ltr'><strong>contriti</strong></span> <span class='ocrx_word' id='word_1_345' title='bbox 1644 3840 1698 3886; x_wconf 92' lang='lat' dir='ltr'><strong>et</strong></span> <span class='ocrx_word' id='word_1_346' title='bbox 1744 3829 2012 3887; x_wconf 87' lang='lat' dir='ltr'><strong>bumiliati</strong></span> 
     </span>
    </p>
   </div>
   <div class='ocr_carea' id='block_1_59' title="bbox 453 3919 1406 3986">
    <p class='ocr_par' dir='ltr' id='par_1_59' title="bbox 453 3919 1406 3986">
     <span class='ocr_line' id='line_1_59' title="bbox 453 3919 1406 3986; baseline 0 -11"><span class='ocrx_word' id='word_1_347' title='bbox 453 3926 582 3975; x_wconf 79' lang='lat' dir='ltr'><strong>sunt</strong></span> <span class='ocrx_word' id='word_1_348' title='bbox 604 3919 785 3986; x_wconf 90' lang='lat' dir='ltr'><strong>corde,</strong></span> <span class='ocrx_word' id='word_1_349' title='bbox 817 3921 1090 3976; x_wconf 81' lang='lat' dir='ltr'><strong>exaudivit</strong></span> <span class='ocrx_word' id='word_1_350' title='bbox 1116 3922 1264 3977; x_wconf 88' lang='lat' dir='ltr'><strong>auris</strong></span> <span class='ocrx_word' id='word_1_351' title='bbox 1295 3931 1406 3976; x_wconf 88' lang='lat' dir='ltr'><strong>tua.</strong></span> 
     </span>
    </p>
   </div>
   <div class='ocr_carea' id='block_1_60' title="bbox 524 4009 1833 4083">
    <p class='ocr_par' dir='ltr' id='par_1_60' title="bbox 524 4009 1833 4083">
     <span class='ocr_line' id='line_1_60' title="bbox 524 4009 1833 4083; baseline 0.002 -18"><span class='ocrx_word' id='word_1_352' title='bbox 524 4010 611 4065; x_wconf 89' lang='lat'><strong>80.</strong></span> <span class='ocrx_word' id='word_1_353' title='bbox 648 4009 867 4066; x_wconf 83' lang='lat' dir='ltr'><strong>Vindica</strong></span> <span class='ocrx_word' id='word_1_354' title='bbox 897 4026 1011 4080; x_wconf 90' lang='lat' dir='ltr'><strong>eos,</strong></span> <span class='ocrx_word' id='word_1_355' title='bbox 1041 4012 1134 4083; x_wconf 90' lang='lat' dir='ltr'><strong>qui</strong></span> <span class='ocrx_word' id='word_1_356' title='bbox 1164 4012 1424 4067; x_wconf 83' lang='lat' dir='ltr'><strong>auxilium</strong></span> <span class='ocrx_word' id='word_1_357' title='bbox 1461 4029 1569 4069; x_wconf 88' lang='lat' dir='ltr'><strong>non</strong></span> <span class='ocrx_word' id='word_1_358' title='bbox 1599 4012 1833 4081; x_wconf 83' lang='lat' dir='ltr'><strong>habent;</strong></span> 
     </span>
    </p>
   </div>
   <div class='ocr_carea' id='block_1_61' title="bbox 523 4100 2009 4176">
    <p class='ocr_par' dir='ltr' id='par_1_61' title="bbox 523 4100 2009 4176">
     <span class='ocr_line' id='line_1_61' title="bbox 523 4100 2009 4176; baseline 0.003 -21"><span class='ocrx_word' id='word_1_359' title='bbox 523 4101 607 4155; x_wconf 80' lang='lat' dir='ltr'><strong>8L</strong></span> <span class='ocrx_word' id='word_1_360' title='bbox 641 4100 720 4157; x_wconf 85' lang='lat' dir='ltr'><strong>Ne</strong></span> <span class='ocrx_word' id='word_1_361' title='bbox 746 4112 934 4157; x_wconf 87' lang='lat' dir='ltr'><strong>contra</strong></span> <span class='ocrx_word' id='word_1_362' title='bbox 968 4104 1114 4174; x_wconf 88' lang='lat' dir='ltr'><strong>ipsos</strong></span> <span class='ocrx_word' id='word_1_363' title='bbox 1145 4104 1426 4167; x_wconf 78' lang='lat' dir='ltr'><strong>diabolus,</strong></span> <span class='ocrx_word' id='word_1_364' title='bbox 1456 4113 1510 4161; x_wconf 84' lang='lat' dir='ltr'><strong>et</strong></span> <span class='ocrx_word' id='word_1_365' title='bbox 1538 4105 1633 4176; x_wconf 91' lang='lat' dir='ltr'><strong>qui</strong></span> <span class='ocrx_word' id='word_1_366' title='bbox 1664 4106 1732 4161; x_wconf 89' lang='lat' dir='ltr'><strong>ab</strong></span> <span class='ocrx_word' id='word_1_367' title='bbox 1765 4120 1831 4161; x_wconf 92' lang='lat' dir='ltr'><strong>eo</strong></span> <span class='ocrx_word' id='word_1_368' title='bbox 1860 4114 2009 4169; x_wconf 82' lang='lat' dir='ltr'><strong>sunt,</strong></span> 
     </span>
    </p>
   </div>
   <div class='ocr_carea' id='block_1_62' title="bbox 455 4194 1060 4265">
    <p class='ocr_par' dir='ltr' id='par_1_62' title="bbox 455 4194 1060 4265">
     <span class='ocr_line' id='line_1_62' title="bbox 455 4194 1060 4265; baseline 0 -15"><span class='ocrx_word' id='word_1_369' title='bbox 455 4194 770 4265; x_wconf 87' lang='lat' dir='ltr'><strong>superbiant</strong></span> <span class='ocrx_word' id='word_1_370' title='bbox 801 4197 854 4250; x_wconf 88' lang='lat' dir='ltr'><strong>in</strong></span> <span class='ocrx_word' id='word_1_371' title='bbox 882 4196 1060 4252; x_wconf 88' lang='lat' dir='ltr'><strong>terris.</strong></span> 
     </span>
    </p>
   </div>
   <div class='ocr_carea' id='block_1_63' title="bbox 2174 2728 3662 2807">
    <p class='ocr_par' dir='ltr' id='par_1_63' title="bbox 2174 2728 3662 2807">
     <span class='ocr_line' id='line_1_63' title="bbox 2174 2728 3662 2807; baseline -0.003 -18"><span class='ocrx_word' id='word_1_372' title='bbox 2174 2736 2262 2791; x_wconf 81' lang='grc'><strong>75.</strong></span> <span class='ocrx_word' id='word_1_373' title='bbox 2304 2734 2565 2806; x_wconf 83' lang='grc' dir='ltr'>Ὀρφανδν</span> <span class='ocrx_word' id='word_1_374' title='bbox 2596 2732 2744 2802; x_wconf 83' lang='grc' dir='ltr'>λέγει</span> <span class='ocrx_word' id='word_1_375' title='bbox 2788 2730 2887 2801; x_wconf 80' lang='grc' dir='ltr'>τὴν</span> <span class='ocrx_word' id='word_1_376' title='bbox 2927 2729 3271 2802; x_wconf 84' lang='grc' dir='ltr'>ἀνθρωπίνην</span> <span class='ocrx_word' id='word_1_377' title='bbox 3301 2728 3552 2801; x_wconf 81' lang='grc' dir='ltr'>βοήθειαν</span> <span class='ocrx_word' id='word_1_378' title='bbox 3589 2729 3662 2807; x_wconf 69' lang='grc' dir='ltr'>μὴ</span> 
     </span>
    </p>
   </div>
   <div class='ocr_carea' id='block_1_64' title="bbox 2032 2808 2314 2899">
    <p class='ocr_par' dir='ltr' id='par_1_64' title="bbox 2032 2808 2314 2899">
     <span class='ocr_line' id='line_1_64' title="bbox 2032 2808 2314 2899; baseline 0 -19"><span class='ocrx_word' id='word_1_379' title='bbox 2032 2808 2075 2869; x_wconf 80' lang='lat' dir='ltr'>c</span> <span class='ocrx_word' id='word_1_380' title='bbox 2107 2827 2314 2899; x_wconf 77' lang='grc' dir='ltr'>ἔχοντα.</span> 
     </span>
    </p>
   </div>
   <div class='ocr_carea' id='block_1_65' title="bbox 2175 2915 3138 2990">
    <p class='ocr_par' dir='ltr' id='par_1_65' title="bbox 2175 2915 3138 2990">
     <span class='ocr_line' id='line_1_65' title="bbox 2175 2915 3138 2990; baseline -0.007 -17"><span class='ocrx_word' id='word_1_381' title='bbox 2175 2920 2262 2981; x_wconf 67' lang='grc'><strong>74.</strong></span> <span class='ocrx_word' id='word_1_382' title='bbox 2287 2919 2396 2990; x_wconf 86' lang='grc' dir='ltr'><strong>Τὴν</strong></span> <span class='ocrx_word' id='word_1_383' title='bbox 2423 2918 2739 2973; x_wconf 80' lang='grc' dir='ltr'>δυναστείαν</span> <span class='ocrx_word' id='word_1_384' title='bbox 2763 2918 2856 2971; x_wconf 83' lang='grc' dir='ltr'>τοῦ</span> <span class='ocrx_word' id='word_1_385' title='bbox 2879 2915 3138 2973; x_wconf 77' lang='grc' dir='ltr'>διαϐόλου,</span> 
     </span>
    </p>
   </div>
   <div class='ocr_carea' id='block_1_66' title="bbox 2175 3005 3666 3081">
    <p class='ocr_par' dir='ltr' id='par_1_66' title="bbox 2175 3005 3666 3081">
     <span class='ocr_line' id='line_1_66' title="bbox 2175 3005 3666 3081; baseline -0.002 -18"><span class='ocrx_word' id='word_1_386' title='bbox 2175 3010 2264 3074; x_wconf 77' lang='grc'><strong>75,</strong></span> <span class='ocrx_word' id='word_1_387' title='bbox 2297 3009 2384 3063; x_wconf 86' lang='grc'><strong>76.</strong></span> <span class='ocrx_word' id='word_1_388' title='bbox 2417 3009 2789 3081; x_wconf 85' lang='grc' dir='ltr'>Ζητηθήσεται</span> <span class='ocrx_word' id='word_1_389' title='bbox 2834 3010 2866 3079; x_wconf 87' lang='grc' dir='ltr'>ἡ</span> <span class='ocrx_word' id='word_1_390' title='bbox 2918 3006 3158 3078; x_wconf 85' lang='grc' dir='ltr'>ἁμαρτία</span> <span class='ocrx_word' id='word_1_391' title='bbox 3204 3005 3399 3071; x_wconf 80' lang='grc' dir='ltr'>αὑτοῦ,</span> <span class='ocrx_word' id='word_1_392' title='bbox 3443 3007 3539 3060; x_wconf 76' lang='grc' dir='ltr'><strong>καὶ</strong></span> <span class='ocrx_word' id='word_1_393' title='bbox 3570 3006 3666 3060; x_wconf 79' lang='grc' dir='ltr'><strong>οὐκ</strong></span> 
     </span>
    </p>
   </div>
   <div class='ocr_carea' id='block_1_67' title="bbox 2107 3098 3665 3172">
    <p class='ocr_par' dir='ltr' id='par_1_67' title="bbox 2107 3098 3665 3172">
     <span class='ocr_line' id='line_1_67' title="bbox 2107 3098 3665 3172; baseline -0.001 -16"><span class='ocrx_word' id='word_1_394' title='bbox 2107 3102 2187 3156; x_wconf 74' lang='grc' dir='ltr'>ἔτι</span> <span class='ocrx_word' id='word_1_395' title='bbox 2216 3102 2378 3163; x_wconf 77' lang='grc' dir='ltr'>αὐτὸς</span> <span class='ocrx_word' id='word_1_396' title='bbox 2408 3103 2437 3154; x_wconf 97' lang='lat'><strong>6</strong></span> <span class='ocrx_word' id='word_1_397' title='bbox 2467 3100 2708 3165; x_wconf 79' lang='grc' dir='ltr'>διάϐολος</span> <span class='ocrx_word' id='word_1_398' title='bbox 2735 3101 2794 3153; x_wconf 87' lang='grc' dir='ltr'><strong>οὐ</strong></span> <span class='ocrx_word' id='word_1_399' title='bbox 2838 3101 2911 3170; x_wconf 82' lang='grc' dir='ltr'>μὴ</span> <span class='ocrx_word' id='word_1_400' title='bbox 2952 3099 3167 3171; x_wconf 67' lang='grc' dir='ltr'>εὑρεθῇ*</span> <span class='ocrx_word' id='word_1_401' title='bbox 3211 3099 3297 3153; x_wconf 82' lang='grc' dir='ltr'>διὰ</span> <span class='ocrx_word' id='word_1_402' title='bbox 3338 3098 3399 3152; x_wconf 82' lang='grc' dir='ltr'>τὺ</span> <span class='ocrx_word' id='word_1_403' title='bbox 3442 3099 3665 3172; x_wconf 84' lang='grc' dir='ltr'>παραδο-</span> 
     </span>
    </p>
   </div>
   <div class='ocr_carea' id='block_1_68' title="bbox 2110 3191 3668 3266">
    <p class='ocr_par' dir='ltr' id='par_1_68' title="bbox 2110 3191 3668 3266">
     <span class='ocr_line' id='line_1_68' title="bbox 2110 3191 3668 3266; baseline -0.001 -19"><span class='ocrx_word' id='word_1_404' title='bbox 2110 3193 2265 3266; x_wconf 85' lang='grc' dir='ltr'>θῆναι</span> <span class='ocrx_word' id='word_1_405' title='bbox 2296 3193 2456 3247; x_wconf 78' lang='grc' dir='ltr'>αὐτὺν</span> <span class='ocrx_word' id='word_1_406' title='bbox 2492 3194 2569 3263; x_wconf 85' lang='grc' dir='ltr'>τῷ</span> <span class='ocrx_word' id='word_1_407' title='bbox 2600 3192 2800 3263; x_wconf 81' lang='grc' dir='ltr'>αἰωνίῳ</span> <span class='ocrx_word' id='word_1_408' title='bbox 2829 3193 2982 3264; x_wconf 75' lang='grc' dir='ltr'>πυρὶ,</span> <span class='ocrx_word' id='word_1_409' title='bbox 3017 3194 3107 3247; x_wconf 77' lang='grc' dir='ltr'><strong>καὶ</strong></span> <span class='ocrx_word' id='word_1_410' title='bbox 3130 3191 3314 3245; x_wconf 72' lang='grc' dir='ltr'>λοιπὸν</span> <span class='ocrx_word' id='word_1_411' title='bbox 3344 3192 3551 3264; x_wconf 84' lang='grc' dir='ltr'>Κύριος</span> <span class='ocrx_word' id='word_1_412' title='bbox 3578 3192 3668 3264; x_wconf 81' lang='lat' dir='ltr'><strong>p.6-</strong></span> 
     </span>
    </p>
   </div>
   <div class='ocr_carea' id='block_1_69' title="bbox 2110 3286 2549 3356">
    <p class='ocr_par' dir='ltr' id='par_1_69' title="bbox 2110 3286 2549 3356">
     <span class='ocr_line' id='line_1_69' title="bbox 2110 3286 2549 3356; baseline -0.005 -16"><span class='ocrx_word' id='word_1_413' title='bbox 2110 3304 2196 3350; x_wconf 84' lang='grc' dir='ltr'><strong>νος</strong></span> <span class='ocrx_word' id='word_1_414' title='bbox 2225 3286 2549 3356; x_wconf 85' lang='grc' dir='ltr'>βασιλεύσει.</span> 
     </span>
    </p>
   </div>
   <div class='ocr_carea' id='block_1_70' title="bbox 2181 3374 3671 3450">
    <p class='ocr_par' dir='ltr' id='par_1_70' title="bbox 2181 3374 3671 3450">
     <span class='ocr_line' id='line_1_70' title="bbox 2181 3374 3671 3450; baseline -0.003 -16"><span class='ocrx_word' id='word_1_415' title='bbox 2181 3381 2268 3434; x_wconf 89' lang='grc'><strong>77.</strong></span> <span class='ocrx_word' id='word_1_416' title='bbox 2301 3380 2469 3450; x_wconf 88' lang='grc' dir='ltr'>Ἕθνη</span> <span class='ocrx_word' id='word_1_417' title='bbox 2502 3378 2570 3433; x_wconf 81' lang='grc' dir='ltr'>τὰ</span> <span class='ocrx_word' id='word_1_418' title='bbox 2619 3379 2692 3450; x_wconf 83' lang='grc' dir='ltr'>μὴ</span> <span class='ocrx_word' id='word_1_419' title='bbox 2742 3378 3034 3450; x_wconf 57' lang='grc' dir='ltr'>πειθόμενα</span> <span class='ocrx_word' id='word_1_420' title='bbox 3074 3374 3220 3447; x_wconf 78' lang='grc' dir='ltr'>αὑτῷ</span> <span class='ocrx_word' id='word_1_421' title='bbox 3270 3375 3671 3449; x_wconf 82' lang='grc' dir='ltr'>άλλοτριοῦνται</span> 
     </span>
    </p>
   </div>
   <div class='ocr_carea' id='block_1_71' title="bbox 2111 3441 3060 3541">
    <p class='ocr_par' dir='ltr' id='par_1_71' title="bbox 2111 3441 3060 3541">
     <span class='ocr_line' id='line_1_71' title="bbox 2111 3441 3060 3541; baseline -0.003 -20"><span class='ocrx_word' id='word_1_422' title='bbox 2111 3469 2208 3540; x_wconf 84' lang='grc' dir='ltr'><strong>τῆς</strong></span> <span class='ocrx_word' id='word_1_423' title='bbox 2236 3441 2554 3541; x_wconf 78' lang='grc' dir='ltr'>ἐπουρανίου</span> <span class='ocrx_word' id='word_1_424' title='bbox 2581 3441 2744 3523; x_wconf 60' lang='grc' dir='ltr'>αιδτοῦ</span> <span class='ocrx_word' id='word_1_425' title='bbox 2770 3441 3060 3537; x_wconf 62' lang='grc' dir='ltr'>βασιλείας.</span> 
     </span>
    </p>
   </div>
   <div class='ocr_carea' id='block_1_72' title="bbox 2186 3555 3671 3631">
    <p class='ocr_par' dir='ltr' id='par_1_72' title="bbox 2186 3555 3671 3631">
     <span class='ocr_line' id='line_1_72' title="bbox 2186 3555 3671 3631; baseline -0.003 -17"><span class='ocrx_word' id='word_1_426' title='bbox 2186 3561 2269 3615; x_wconf 90' lang='grc'><strong>78.</strong></span> <span class='ocrx_word' id='word_1_427' title='bbox 2298 3561 2407 3631; x_wconf 82' lang='grc' dir='ltr'>Τὴν</span> <span class='ocrx_word' id='word_1_428' title='bbox 2449 3559 2736 3631; x_wconf 77' lang='grc' dir='ltr'>ἐπιθυμίαν</span> <span class='ocrx_word' id='word_1_429' title='bbox 2766 3559 2873 3612; x_wconf 87' lang='grc' dir='ltr'>τῶν</span> <span class='ocrx_word' id='word_1_430' title='bbox 2907 3559 3151 3629; x_wconf 78' lang='grc' dir='ltr'>πενήτων</span> <span class='ocrx_word' id='word_1_431' title='bbox 3178 3555 3447 3611; x_wconf 83' lang='grc' dir='ltr'>είσακούει</span> <span class='ocrx_word' id='word_1_432' title='bbox 3478 3559 3509 3610; x_wconf 90' lang='lat'><strong>6</strong></span> <span class='ocrx_word' id='word_1_433' title='bbox 3544 3555 3671 3620; x_wconf 80' lang='grc' dir='ltr'>Θεὸς</span> 
     </span>
    </p>
   </div>
   <div class='ocr_carea' id='block_1_73' title="bbox 2113 3649 3670 3724">
    <p class='ocr_par' dir='ltr' id='par_1_73' title="bbox 2113 3649 3670 3724">
     <span class='ocr_line' id='line_1_73' title="bbox 2113 3649 3670 3724; baseline -0.001 -18"><span class='ocrx_word' id='word_1_434' title='bbox 2113 3652 2207 3706; x_wconf 77' lang='grc' dir='ltr'><strong>καὶ</strong></span> <span class='ocrx_word' id='word_1_435' title='bbox 2229 3651 2450 3724; x_wconf 83' lang='grc' dir='ltr'>Κύριος,</span> <span class='ocrx_word' id='word_1_436' title='bbox 2478 3650 2661 3722; x_wconf 82' lang='grc' dir='ltr'>ἐπειδὴ</span> <span class='ocrx_word' id='word_1_437' title='bbox 2700 3651 2768 3705; x_wconf 81' lang='grc' dir='ltr'><strong>τά</strong></span> <span class='ocrx_word' id='word_1_438' title='bbox 2810 3652 3011 3723; x_wconf 79' lang='grc' dir='ltr'>ἀστερὰ</span> <span class='ocrx_word' id='word_1_439' title='bbox 3037 3649 3286 3722; x_wconf 58' lang='grc' dir='ltr'>ιάρεστὰ]</span> <span class='ocrx_word' id='word_1_440' title='bbox 3313 3649 3459 3720; x_wconf 75' lang='grc' dir='ltr'>αὐτῷ</span> <span class='ocrx_word' id='word_1_441' title='bbox 3483 3649 3670 3704; x_wconf 86' lang='grc' dir='ltr'>ἐπιθυ-</span> 
     </span>
    </p>
   </div>
   <div class='ocr_carea' id='block_1_74' title="bbox 2118 3760 2297 3813">
    <p class='ocr_par' dir='ltr' id='par_1_74' title="bbox 2118 3760 2297 3813">
     <span class='ocr_line' id='line_1_74' title="bbox 2118 3760 2297 3813; baseline 0.017 -19"><span class='ocrx_word' id='word_1_442' title='bbox 2118 3760 2297 3813; x_wconf 90' lang='grc' dir='ltr'>μουσι.</span> 
     </span>
    </p>
   </div>
   <div class='ocr_carea' id='block_1_75' title="bbox 2186 3832 3675 3906">
    <p class='ocr_par' dir='ltr' id='par_1_75' title="bbox 2186 3832 3675 3906">
     <span class='ocr_line' id='line_1_75' title="bbox 2186 3832 3675 3906; baseline 0 -19"><span class='ocrx_word' id='word_1_443' title='bbox 2186 3833 2274 3888; x_wconf 85' lang='grc'><strong>79.</strong></span> <span class='ocrx_word' id='word_1_444' title='bbox 2303 3833 2422 3887; x_wconf 84' lang='grc' dir='ltr'><strong>Τῶν</strong></span> <span class='ocrx_word' id='word_1_445' title='bbox 2450 3834 2916 3906; x_wconf 76' lang='grc' dir='ltr'>συντετριμμένων</span> <span class='ocrx_word' id='word_1_446' title='bbox 2961 3833 3052 3886; x_wconf 79' lang='grc' dir='ltr'><strong>καὶ</strong></span> <span class='ocrx_word' id='word_1_447' title='bbox 3076 3832 3556 3904; x_wconf 86' lang='grc' dir='ltr'>τεταπεινωμένων</span> <span class='ocrx_word' id='word_1_448' title='bbox 3579 3832 3675 3905; x_wconf 80' lang='grc' dir='ltr'><strong>τὴν</strong></span> 
     </span>
    </p>
   </div>
   <div class='ocr_carea' id='block_1_76' title="bbox 2117 3920 3188 3996">
    <p class='ocr_par' dir='ltr' id='par_1_76' title="bbox 2117 3920 3188 3996">
     <span class='ocr_line' id='line_1_76' title="bbox 2117 3920 3188 3996; baseline 0 -18"><span class='ocrx_word' id='word_1_449' title='bbox 2117 3925 2340 3996; x_wconf 84' lang='grc' dir='ltr'>καρδίαν</span> <span class='ocrx_word' id='word_1_450' title='bbox 2370 3926 2566 3996; x_wconf 78' lang='grc' dir='ltr'>ἢκουσε</span> <span class='ocrx_word' id='word_1_451' title='bbox 2590 3926 2687 3993; x_wconf 82' lang='grc' dir='ltr'>τῆς</span> <span class='ocrx_word' id='word_1_452' title='bbox 2712 3925 2836 3995; x_wconf 81' lang='grc' dir='ltr'>βοῆς</span> <span class='ocrx_word' id='word_1_453' title='bbox 2861 3924 2921 3978; x_wconf 87' lang='grc' dir='ltr'>τὸ</span> <span class='ocrx_word' id='word_1_454' title='bbox 2952 3920 3043 3987; x_wconf 83' lang='grc' dir='ltr'><strong>οὖς</strong></span> <span class='ocrx_word' id='word_1_455' title='bbox 3074 3940 3188 3978; x_wconf 80' lang='grc' dir='ltr'>σου.</span> 
     </span>
    </p>
   </div>
   <div class='ocr_carea' id='block_1_77' title="bbox 2187 4013 3460 4088">
    <p class='ocr_par' dir='ltr' id='par_1_77' title="bbox 2187 4013 3460 4088">
     <span class='ocr_line' id='line_1_77' title="bbox 2187 4013 3460 4088; baseline -0.003 -17"><span class='ocrx_word' id='word_1_456' title='bbox 2187 4017 2274 4071; x_wconf 87' lang='lat'><strong>80.</strong></span> <span class='ocrx_word' id='word_1_457' title='bbox 2304 4018 2528 4088; x_wconf 88' lang='grc' dir='ltr'>Ποιῆσαι</span> <span class='ocrx_word' id='word_1_458' title='bbox 2553 4016 2649 4087; x_wconf 82' lang='grc' dir='ltr'>τὴν</span> <span class='ocrx_word' id='word_1_459' title='bbox 2678 4016 2951 4086; x_wconf 86' lang='grc' dir='ltr'>ἐκδίκησιν</span> <span class='ocrx_word' id='word_1_460' title='bbox 2979 4013 3086 4067; x_wconf 85' lang='grc' dir='ltr'><strong>τῶν</strong></span> <span class='ocrx_word' id='word_1_461' title='bbox 3113 4013 3427 4085; x_wconf 76' lang='grc' dir='ltr'>ἁϐοηθήτων</span> <span class='ocrx_word' id='word_1_462' title='bbox 3446 4028 3460 4042; x_wconf 85' lang='grc'><em>’</em></span> 
     </span>
    </p>
   </div>
   <div class='ocr_carea' id='block_1_78' title="bbox 2190 4105 3675 4180">
    <p class='ocr_par' dir='ltr' id='par_1_78' title="bbox 2190 4105 3675 4180">
     <span class='ocr_line' id='line_1_78' title="bbox 2190 4105 3675 4180; baseline -0.003 -16"><span class='ocrx_word' id='word_1_463' title='bbox 2190 4108 2278 4164; x_wconf 84' lang='grc'><strong>81.</strong></span> <span class='ocrx_word' id='word_1_464' title='bbox 2302 4109 2419 4162; x_wconf 82' lang='grc' dir='ltr'>Ἵνα</span> <span class='ocrx_word' id='word_1_465' title='bbox 2451 4108 2524 4180; x_wconf 83' lang='grc' dir='ltr'>μὴ</span> <span class='ocrx_word' id='word_1_466' title='bbox 2562 4107 2679 4162; x_wconf 84' lang='grc' dir='ltr'>κατ’</span> <span class='ocrx_word' id='word_1_467' title='bbox 2718 4109 2911 4171; x_wconf 77' lang='grc' dir='ltr'>αὐτοὺς</span> <span class='ocrx_word' id='word_1_468' title='bbox 2953 4107 2982 4159; x_wconf 90' lang='lat'><strong>6</strong></span> <span class='ocrx_word' id='word_1_469' title='bbox 3024 4105 3265 4170; x_wconf 79' lang='grc' dir='ltr'>διάϐολος</span> <span class='ocrx_word' id='word_1_470' title='bbox 3295 4107 3387 4160; x_wconf 78' lang='grc' dir='ltr'><strong>καὶ</strong></span> <span class='ocrx_word' id='word_1_471' title='bbox 3429 4108 3477 4159; x_wconf 79' lang='grc' dir='ltr'><strong>οἱ</strong></span> <span class='ocrx_word' id='word_1_472' title='bbox 3513 4105 3675 4160; x_wconf 78' lang='grc' dir='ltr'>αὐτοῦ</span> 
     </span>
    </p>
   </div>
   <div class='ocr_carea' id='block_1_79' title="bbox 2047 4195 3046 4272">
    <p class='ocr_par' dir='ltr' id='par_1_79' title="bbox 2047 4195 3046 4272">
     <span class='ocr_line' id='line_1_79' title="bbox 2047 4195 3046 4272; baseline -0.003 -17"><span class='ocrx_word' id='word_1_473' title='bbox 2047 4216 2090 4270; x_wconf 80' lang='grc' dir='ltr'>υ</span> <span class='ocrx_word' id='word_1_474' title='bbox 2121 4201 2487 4272; x_wconf 80' lang='grc' dir='ltr'>τετυφωμένοι</span> <span class='ocrx_word' id='word_1_475' title='bbox 2510 4195 2641 4254; x_wconf 81' lang='grc' dir='ltr'>ὦσιν</span> <span class='ocrx_word' id='word_1_476' title='bbox 2674 4200 2766 4253; x_wconf 72' lang='grc' dir='ltr'>ἐπὶ</span> <span class='ocrx_word' id='word_1_477' title='bbox 2796 4201 2891 4271; x_wconf 81' lang='grc' dir='ltr'><strong>τῆς</strong></span> <span class='ocrx_word' id='word_1_478' title='bbox 2922 4198 3046 4269; x_wconf 80' lang='grc' dir='ltr'>γῆς.</span> 
     </span>
    </p>
   </div>
   <div class='ocr_carea' id='block_1_80' title="bbox 536 4311 3681 4393">
    <p class='ocr_par' dir='ltr' id='par_1_80' title="bbox 536 4311 3681 4393">
     <span class='ocr_line' id='line_1_80' title="bbox 536 4311 3681 4393; baseline 0.002 -29"><span class='ocrx_word' id='word_1_479' title='bbox 536 4311 601 4365; x_wconf 87' lang='grc' dir='ltr'><strong><em>Ἦ</em></strong></span> <span class='ocrx_word' id='word_1_480' title='bbox 629 4315 960 4387; x_wconf 85' lang='grc' dir='ltr'>προκειμένη</span> <span class='ocrx_word' id='word_1_481' title='bbox 1006 4316 1283 4393; x_wconf 70' lang='grc' dir='ltr'>ἐπιγραφὴ</span> <span class='ocrx_word' id='word_1_482' title='bbox 1322 4320 1356 4390; x_wconf 79' lang='grc' dir='ltr'><strong>ἡ</strong></span> <span class='ocrx_word' id='word_1_483' title='bbox 1398 4316 1487 4371; x_wconf 82' lang='grc' dir='ltr'>διὰ</span> <span class='ocrx_word' id='word_1_484' title='bbox 1526 4318 1627 4389; x_wconf 84' lang='grc' dir='ltr'>τῆς</span> <span class='ocrx_word' id='word_1_485' title='bbox 1663 4319 2030 4390; x_wconf 80' lang='grc' dir='ltr'>κινναϐάρεως</span> <span class='ocrx_word' id='word_1_486' title='bbox 2057 4319 2317 4390; x_wconf 74' lang='grc' dir='ltr'>περιέχειο</span> <span class='ocrx_word' id='word_1_487' title='bbox 2348 4322 2451 4385; x_wconf 77' lang='grc' dir='ltr'><strong>Εἰς</strong></span> <span class='ocrx_word' id='word_1_488' title='bbox 2497 4317 2562 4373; x_wconf 85' lang='grc' dir='ltr'>τὸ</span> <span class='ocrx_word' id='word_1_489' title='bbox 2592 4317 2765 4383; x_wconf 75' lang='grc' dir='ltr'>τέλος</span> <span class='ocrx_word' id='word_1_490' title='bbox 2794 4315 3035 4386; x_wconf 70' lang='grc' dir='ltr'>ψαλμὸς</span> <span class='ocrx_word' id='word_1_491' title='bbox 3071 4312 3150 4380; x_wconf 83' lang='grc' dir='ltr'>τῷ</span> <span class='ocrx_word' id='word_1_492' title='bbox 3187 4313 3380 4375; x_wconf 76' lang='grc' dir='ltr'><strong>Δαϐὶδ,</strong></span> <span class='ocrx_word' id='word_1_493' title='bbox 3413 4315 3681 4370; x_wconf 76' lang='grc' dir='ltr'>τουτέστιν</span> 
     </span>
    </p>
   </div>
   <div class='ocr_carea' id='block_1_81' title="bbox 457 4405 3683 4488">
    <p class='ocr_par' dir='ltr' id='par_1_81' title="bbox 457 4405 3683 4488">
     <span class='ocr_line' id='line_1_81' title="bbox 457 4405 3683 4488; baseline 0.002 -28"><span class='ocrx_word' id='word_1_494' title='bbox 457 4405 542 4461; x_wconf 76' lang='grc' dir='ltr'>ἐπ’</span> <span class='ocrx_word' id='word_1_495' title='bbox 572 4408 811 4479; x_wconf 80' lang='grc' dir='ltr'>ἐσχάτων</span> <span class='ocrx_word' id='word_1_496' title='bbox 834 4410 942 4464; x_wconf 85' lang='grc' dir='ltr'>τῶν</span> <span class='ocrx_word' id='word_1_497' title='bbox 967 4414 1171 4483; x_wconf 85' lang='grc' dir='ltr'>χρόνων</span> <span class='ocrx_word' id='word_1_498' title='bbox 1204 4412 1416 4487; x_wconf 75' lang='grc' dir='ltr'>εἴρηται</span> <span class='ocrx_word' id='word_1_499' title='bbox 1453 4416 1481 4468; x_wconf 93' lang='lat'><strong>6</strong></span> <span class='ocrx_word' id='word_1_500' title='bbox 1506 4414 1715 4488; x_wconf 79' lang='grc' dir='ltr'>ψαλμδς</span> <span class='ocrx_word' id='word_1_501' title='bbox 1745 4416 1825 4480; x_wconf 83' lang='grc' dir='ltr'><strong>εἰς</strong></span> <span class='ocrx_word' id='word_1_502' title='bbox 1856 4417 1981 4480; x_wconf 83' lang='grc' dir='ltr'>τοὺς</span> <span class='ocrx_word' id='word_1_503' title='bbox 2011 4416 2198 4486; x_wconf 79' lang='grc' dir='ltr'>ἁγίους</span> <span class='ocrx_word' id='word_1_504' title='bbox 2242 4415 2336 4469; x_wconf 78' lang='grc' dir='ltr'><strong>τοῦ</strong></span> <span class='ocrx_word' id='word_1_505' title='bbox 2374 4414 2527 4469; x_wconf 79' lang='grc' dir='ltr'>Θεοῦ.</span> <span class='ocrx_word' id='word_1_506' title='bbox 2558 4413 2721 4468; x_wconf 75' lang='grc' dir='ltr'><strong>Δαὸὶδ</strong></span> <span class='ocrx_word' id='word_1_507' title='bbox 2745 4413 2852 4485; x_wconf 84' lang='grc' dir='ltr'>γὰρ</span> <span class='ocrx_word' id='word_1_508' title='bbox 2885 4410 3262 4483; x_wconf 77' lang='grc' dir='ltr'>ἑρμηνεύεται,</span> <span class='ocrx_word' id='word_1_509' title='bbox 3293 4411 3515 4465; x_wconf 82' lang='grc' dir='ltr'>τούτων</span> <span class='ocrx_word' id='word_1_510' title='bbox 3546 4412 3683 4468; x_wconf 77' lang='grc' dir='ltr'><strong>ἐπό-</strong></span> 
     </span>
    </p>
   </div>
   <div class='ocr_carea' id='block_1_82' title="bbox 458 4499 1252 4575">
    <p class='ocr_par' dir='ltr' id='par_1_82' title="bbox 458 4499 1252 4575">
     <span class='ocr_line' id='line_1_82' title="bbox 458 4499 1252 4575; baseline 0.01 -22"><span class='ocrx_word' id='word_1_511' title='bbox 458 4499 634 4567; x_wconf 76' lang='grc' dir='ltr'>θησα,</span> <span class='ocrx_word' id='word_1_512' title='bbox 666 4500 909 4556; x_wconf 82' lang='grc' dir='ltr'>τουτέστι</span> <span class='ocrx_word' id='word_1_513' title='bbox 934 4502 1042 4557; x_wconf 86' lang='grc' dir='ltr'><strong>τῶν</strong></span> <span class='ocrx_word' id='word_1_514' title='bbox 1064 4505 1252 4575; x_wconf 81' lang='grc' dir='ltr'>ἁγίων.</span> 
     </span>
    </p>
   </div>
   <div class='ocr_carea' id='block_1_83' title="bbox 3108 4519 3129 4531">
    <p class='ocr_par' dir='ltr' id='par_1_83' title="bbox 3108 4519 3129 4531">
     <span class='ocr_line' id='line_1_83' title="bbox 3108 4519 3129 4531; baseline 0 0"><span class='ocrx_word' id='word_1_515' title='bbox 3108 4519 3129 4531; x_wconf 69' lang='lat' dir='ltr'><strong>‘D</strong></span> 
     </span>
    </p>
   </div>
   <div class='ocr_carea' id='block_1_84' title="bbox 3084 4528 3167 4571">
    <p class='ocr_par' dir='ltr' id='par_1_84' title="bbox 3084 4528 3167 4571">
     <span class='ocr_line' id='line_1_84' title="bbox 3084 4528 3167 4571; baseline 0 -22"><span class='ocrx_word' id='word_1_516' title='bbox 3084 4528 3167 4571; x_wconf 59' lang='lat' dir='ltr'><strong>ea.»</strong></span> 
     </span>
    </p>
   </div>
   <div class='ocr_carea' id='block_1_85' title="bbox 529 4611 3687 4691">
    <p class='ocr_par' dir='ltr' id='par_1_85' title="bbox 529 4611 3687 4691">
     <span class='ocr_line' id='line_1_85' title="bbox 529 4611 3687 4691; baseline 0.003 -25"><span class='ocrx_word' id='word_1_517' title='bbox 529 4611 761 4678; x_wconf 87' lang='lat' dir='ltr'><strong>Titulus,</strong></span> <span class='ocrx_word' id='word_1_518' title='bbox 795 4618 886 4687; x_wconf 91' lang='lat' dir='ltr'><strong>qui</strong></span> <span class='ocrx_word' id='word_1_519' title='bbox 921 4619 1129 4689; x_wconf 88' lang='lat' dir='ltr'><strong>psalmo</strong></span> <span class='ocrx_word' id='word_1_520' title='bbox 1161 4622 1509 4691; x_wconf 70' lang='lat' dir='ltr'><strong>prmponitur,</strong></span> <span class='ocrx_word' id='word_1_521' title='bbox 1545 4620 1822 4676; x_wconf 88' lang='lat' dir='ltr'><strong>cinnabari</strong></span> <span class='ocrx_word' id='word_1_522' title='bbox 1856 4620 2090 4689; x_wconf 90' lang='lat' dir='ltr'><strong>scriptus</strong></span> <span class='ocrx_word' id='word_1_523' title='bbox 2120 4620 2357 4674; x_wconf 84' lang='lat' dir='ltr'><strong>continet</strong></span> <span class='ocrx_word' id='word_1_524' title='bbox 2392 4635 2405 4671; x_wconf 94' lang='lat'>:</span> <span class='ocrx_word' id='word_1_525' title='bbox 2442 4618 2507 4672; x_wconf 89' lang='lat' dir='ltr'><strong>In</strong></span> <span class='ocrx_word' id='word_1_526' title='bbox 2533 4618 2690 4689; x_wconf 82' lang='lat' dir='ltr'><strong>ﬁnem</strong></span> <span class='ocrx_word' id='word_1_527' title='bbox 2710 4622 2945 4690; x_wconf 80' lang='lat' dir='ltr'><strong>psalmus</strong></span> <span class='ocrx_word' id='word_1_528' title='bbox 2960 4621 3150 4688; x_wconf 82' lang='lat' dir='ltr'><strong>David,</strong></span> <span class='ocrx_word' id='word_1_529' title='bbox 3171 4623 3274 4679; x_wconf 89' lang='lat' dir='ltr'><strong>hoc</strong></span> <span class='ocrx_word' id='word_1_530' title='bbox 3305 4633 3387 4679; x_wconf 90' lang='lat' dir='ltr'><strong>est</strong></span> <span class='ocrx_word' id='word_1_531' title='bbox 3418 4623 3472 4677; x_wconf 89' lang='lat' dir='ltr'><strong>in</strong></span> <span class='ocrx_word' id='word_1_532' title='bbox 3508 4622 3687 4677; x_wconf 87' lang='lat' dir='ltr'><strong>novis-</strong></span> 
     </span>
    </p>
   </div>
   <div class='ocr_carea' id='block_1_86' title="bbox 461 4706 3619 4785">
    <p class='ocr_par' dir='ltr' id='par_1_86' title="bbox 461 4706 3619 4785">
     <span class='ocr_line' id='line_1_86' title="bbox 461 4706 3619 4785; baseline 0.003 -22"><span class='ocrx_word' id='word_1_533' title='bbox 461 4706 615 4764; x_wconf 82' lang='lat' dir='ltr'><strong>simis</strong></span> <span class='ocrx_word' id='word_1_534' title='bbox 635 4711 966 4780; x_wconf 85' lang='lat' dir='ltr'><strong>temporibus</strong></span> <span class='ocrx_word' id='word_1_535' title='bbox 979 4715 1224 4785; x_wconf 83' lang='lat' dir='ltr'><strong>psalmus</strong></span> <span class='ocrx_word' id='word_1_536' title='bbox 1245 4715 1442 4772; x_wconf 88' lang='lat' dir='ltr'><strong>dicitur</strong></span> <span class='ocrx_word' id='word_1_537' title='bbox 1464 4716 1529 4771; x_wconf 90' lang='lat' dir='ltr'><strong>de</strong></span> <span class='ocrx_word' id='word_1_538' title='bbox 1548 4716 1748 4772; x_wconf 89' lang='lat' dir='ltr'><strong>sanctis</strong></span> <span class='ocrx_word' id='word_1_539' title='bbox 1771 4715 1885 4770; x_wconf 91' lang='lat' dir='ltr'><strong>Dei.</strong></span> <span class='ocrx_word' id='word_1_540' title='bbox 1911 4714 2077 4771; x_wconf 82' lang='lat' dir='ltr'><strong>David</strong></span> <span class='ocrx_word' id='word_1_541' title='bbox 2101 4717 2244 4770; x_wconf 87' lang='lat' dir='ltr'><strong>enim</strong></span> <span class='ocrx_word' id='word_1_542' title='bbox 2264 4715 2669 4785; x_wconf 85' lang='lat' dir='ltr'><strong>interpretatur,</strong></span> <span class='ocrx_word' id='word_1_543' title='bbox 2691 4717 2783 4769; x_wconf 70' lang='lat' dir='ltr'><strong>Iros</strong></span> <span class='ocrx_word' id='word_1_544' title='bbox 2801 4719 3115 4785; x_wconf 75' lang='lat' dir='ltr'><strong>desideravi,</strong></span> <span class='ocrx_word' id='word_1_545' title='bbox 3148 4720 3252 4775; x_wconf 85' lang='lat' dir='ltr'><strong>hoc</strong></span> <span class='ocrx_word' id='word_1_546' title='bbox 3271 4728 3349 4775; x_wconf 87' lang='lat' dir='ltr'><strong>est</strong></span> <span class='ocrx_word' id='word_1_547' title='bbox 3380 4728 3619 4775; x_wconf 89' lang='lat' dir='ltr'><strong>sanctos.</strong></span> 
     </span>
    </p>
   </div>
   <div class='ocr_carea' id='block_1_87' title="bbox 522 4803 1552 4883">
    <p class='ocr_par' dir='ltr' id='par_1_87' title="bbox 522 4803 1552 4883">
     <span class='ocr_line' id='line_1_87' title="bbox 522 4803 1552 4883; baseline 0.011 -27"><span class='ocrx_word' id='word_1_548' title='bbox 522 4803 587 4858; x_wconf 62' lang='grc'><strong>⁴1.</strong></span> <span class='ocrx_word' id='word_1_549' title='bbox 623 4803 678 4859; x_wconf 87' lang='lat' dir='ltr'><strong>In</strong></span> <span class='ocrx_word' id='word_1_550' title='bbox 715 4805 822 4863; x_wconf 89' lang='lat' dir='ltr'><strong>Deo</strong></span> <span class='ocrx_word' id='word_1_551' title='bbox 848 4810 1079 4879; x_wconf 90' lang='lat' dir='ltr'><strong>speravi,</strong></span> <span class='ocrx_word' id='word_1_552' title='bbox 1113 4812 1242 4883; x_wconf 91' lang='lat' dir='ltr'><strong>quid</strong></span> <span class='ocrx_word' id='word_1_553' title='bbox 1275 4812 1552 4867; x_wconf 82' lang='lat' dir='ltr'><strong>suadetis?</strong></span> 
     </span>
    </p>
   </div>
   <div class='ocr_carea' id='block_1_88' title="bbox 450 4897 2023 4975">
    <p class='ocr_par' dir='ltr' id='par_1_88' title="bbox 450 4897 2023 4975">
     <span class='ocr_line' id='line_1_88' title="bbox 450 4897 2023 4975; baseline 0.003 -23"><span class='ocrx_word' id='word_1_554' title='bbox 450 4972 453 4975; x_wconf 17' lang='grc' dir='ltr'><em>Α</em></span> <span class='ocrx_word' id='word_1_555' title='bbox 532 4898 589 4953; x_wconf 76' lang='grc'><strong>2.</strong></span> <span class='ocrx_word' id='word_1_556' title='bbox 621 4897 828 4956; x_wconf 84' lang='lat' dir='ltr'><strong>Extolle</strong></span> <span class='ocrx_word' id='word_1_557' title='bbox 852 4904 1038 4958; x_wconf 91' lang='lat' dir='ltr'><strong>oculos</strong></span> <span class='ocrx_word' id='word_1_558' title='bbox 1068 4904 1263 4959; x_wconf 87' lang='lat' dir='ltr'><strong>mentis</strong></span> <span class='ocrx_word' id='word_1_559' title='bbox 1291 4912 1395 4959; x_wconf 66' lang='lat' dir='ltr'><strong>tuae</strong></span> <span class='ocrx_word' id='word_1_560' title='bbox 1427 4904 1493 4959; x_wconf 92' lang='lat' dir='ltr'><strong>ad</strong></span> <span class='ocrx_word' id='word_1_561' title='bbox 1521 4903 1780 4968; x_wconf 70' lang='lat' dir='ltr'><strong>coelestia,</strong></span> <span class='ocrx_word' id='word_1_562' title='bbox 1814 4913 1868 4958; x_wconf 90' lang='lat' dir='ltr'><strong>et</strong></span> <span class='ocrx_word' id='word_1_563' title='bbox 1897 4904 2023 4960; x_wconf 82' lang='lat' dir='ltr'><strong>nul-</strong></span> 
     </span>
    </p>
   </div>
   <div class='ocr_carea' id='block_1_89' title="bbox 465 4990 1602 5065">
    <p class='ocr_par' dir='ltr' id='par_1_89' title="bbox 465 4990 1602 5065">
     <span class='ocr_line' id='line_1_89' title="bbox 465 4990 1602 5065; baseline 0.004 -21"><span class='ocrx_word' id='word_1_564' title='bbox 465 4990 572 5045; x_wconf 80' lang='lat' dir='ltr'><strong>lam</strong></span> <span class='ocrx_word' id='word_1_565' title='bbox 604 4991 999 5049; x_wconf 88' lang='lat' dir='ltr'><strong>mundanarum</strong></span> <span class='ocrx_word' id='word_1_566' title='bbox 1028 5009 1209 5048; x_wconf 90' lang='lat' dir='ltr'><strong>rerum</strong></span> <span class='ocrx_word' id='word_1_567' title='bbox 1238 5010 1421 5050; x_wconf 89' lang='lat' dir='ltr'><strong>curam</strong></span> <span class='ocrx_word' id='word_1_568' title='bbox 1457 5010 1602 5065; x_wconf 81' lang='lat' dir='ltr'><strong>gere.</strong></span> 
     </span>
    </p>
   </div>
   <div class='ocr_carea' id='block_1_90' title="bbox 528 5082 2021 5158">
    <p class='ocr_par' dir='ltr' id='par_1_90' title="bbox 528 5082 2021 5158">
     <span class='ocr_line' id='line_1_90' title="bbox 528 5082 2021 5158; baseline 0.001 -21"><span class='ocrx_word' id='word_1_569' title='bbox 528 5082 613 5137; x_wconf 74' lang='lat'><strong>3—</strong></span> <span class='ocrx_word' id='word_1_570' title='bbox 635 5083 689 5138; x_wconf 79' lang='lat'><strong>5.</strong></span> <span class='ocrx_word' id='word_1_571' title='bbox 724 5082 988 5150; x_wconf 82' lang='lat' dir='ltr'><strong>Quoniam</strong></span> <span class='ocrx_word' id='word_1_572' title='bbox 1026 5085 1296 5141; x_wconf 58' lang='lat' dir='ltr'><strong>daemones</strong></span> <span class='ocrx_word' id='word_1_573' title='bbox 1336 5086 1656 5158; x_wconf 86' lang='lat' dir='ltr'><strong>cupiditates</strong></span> <span class='ocrx_word' id='word_1_574' title='bbox 1688 5094 1742 5140; x_wconf 86' lang='lat' dir='ltr'><strong>et</strong></span> <span class='ocrx_word' id='word_1_575' title='bbox 1775 5092 2021 5140; x_wconf 63' lang='lat' dir='ltr'><strong>ostenta-</strong></span> 
     </span>
    </p>
   </div>
   <div class='ocr_carea' id='block_1_91' title="bbox 464 5174 2021 5246">
    <p class='ocr_par' dir='ltr' id='par_1_91' title="bbox 464 5174 2021 5246">
     <span class='ocr_line' id='line_1_91' title="bbox 464 5174 2021 5246; baseline 0.003 -19"><span class='ocrx_word' id='word_1_576' title='bbox 464 5176 640 5230; x_wconf 87' lang='lat' dir='ltr'><strong>tiones</strong></span> <span class='ocrx_word' id='word_1_577' title='bbox 682 5174 842 5246; x_wconf 86' lang='lat' dir='ltr'><strong>hujus</strong></span> <span class='ocrx_word' id='word_1_578' title='bbox 873 5176 995 5231; x_wconf 65' lang='lat' dir='ltr'><strong>vitae</strong></span> <span class='ocrx_word' id='word_1_579' title='bbox 1034 5178 1332 5233; x_wconf 89' lang='lat' dir='ltr'><strong>immittunt</strong></span> <span class='ocrx_word' id='word_1_580' title='bbox 1362 5179 1500 5233; x_wconf 82' lang='lat' dir='ltr'><strong>inter</strong></span> <span class='ocrx_word' id='word_1_581' title='bbox 1543 5176 1794 5234; x_wconf 89' lang='lat' dir='ltr'><strong>tenebras</strong></span> <span class='ocrx_word' id='word_1_582' title='bbox 1833 5177 2021 5233; x_wconf 88' lang='lat' dir='ltr'><strong>mundi</strong></span> 
     </span>
    </p>
   </div>
   <div class='ocr_carea' id='block_1_92' title="bbox 462 5267 1039 5339">
    <p class='ocr_par' dir='ltr' id='par_1_92' title="bbox 462 5267 1039 5339">
     <span class='ocr_line' id='line_1_92' title="bbox 462 5267 1039 5339; baseline 0.002 -15"><span class='ocrx_word' id='word_1_583' title='bbox 462 5267 520 5324; x_wconf 85' lang='lat' dir='ltr'><strong>in</strong></span> <span class='ocrx_word' id='word_1_584' title='bbox 557 5269 722 5324; x_wconf 90' lang='lat' dir='ltr'><strong>corda</strong></span> <span class='ocrx_word' id='word_1_585' title='bbox 746 5268 1039 5339; x_wconf 78' lang='lat' dir='ltr'><strong>iustorum.</strong></span> 
     </span>
    </p>
   </div>
   <div class='ocr_carea' id='block_1_93' title="bbox 534 5358 2015 5432">
    <p class='ocr_par' dir='ltr' id='par_1_93' title="bbox 534 5358 2015 5432">
     <span class='ocr_line' id='line_1_93' title="bbox 534 5358 2015 5432; baseline 0.001 -20"><span class='ocrx_word' id='word_1_586' title='bbox 534 5358 587 5414; x_wconf 90' lang='lat'><strong>6.</strong></span> <span class='ocrx_word' id='word_1_587' title='bbox 621 5358 1041 5418; x_wconf 83' lang='lat' dir='ltr'><strong>Justiﬁcationes</strong></span> <span class='ocrx_word' id='word_1_588' title='bbox 1082 5359 1318 5427; x_wconf 87' lang='lat' dir='ltr'><strong>Domini,</strong></span> <span class='ocrx_word' id='word_1_589' title='bbox 1350 5377 1484 5432; x_wconf 82' lang='lat' dir='ltr'><strong>quas</strong></span> <span class='ocrx_word' id='word_1_590' title='bbox 1529 5361 1642 5430; x_wconf 88' lang='lat' dir='ltr'><strong>ipse</strong></span> <span class='ocrx_word' id='word_1_591' title='bbox 1668 5360 2015 5432; x_wconf 68' lang='lat' dir='ltr'><strong>praeparavit,</strong></span> 
     </span>
    </p>
   </div>
   <div class='ocr_carea' id='block_1_94' title="bbox 464 5451 1530 5520">
    <p class='ocr_par' dir='ltr' id='par_1_94' title="bbox 464 5451 1530 5520">
     <span class='ocr_line' id='line_1_94' title="bbox 464 5451 1530 5520; baseline 0.006 -16"><span class='ocrx_word' id='word_1_592' title='bbox 464 5451 569 5520; x_wconf 89' lang='lat' dir='ltr'><strong>ipsi</strong></span> <span class='ocrx_word' id='word_1_593' title='bbox 596 5454 998 5509; x_wconf 87' lang='lat' dir='ltr'><strong>subverterunt.</strong></span> <span class='ocrx_word' id='word_1_594' title='bbox 1528 5498 1530 5500; x_wconf 52' lang='grc' dir='ltr'><strong>τ</strong></span> 
     </span>
    </p>
   </div>
   <div class='ocr_carea' id='block_1_95' title="bbox 537 5544 1595 5618">
    <p class='ocr_par' dir='ltr' id='par_1_95' title="bbox 537 5544 1595 5618">
     <span class='ocr_line' id='line_1_95' title="bbox 537 5544 1595 5618; baseline 0.001 -21"><span class='ocrx_word' id='word_1_595' title='bbox 537 5544 590 5600; x_wconf 92' lang='lat'><strong>7.</strong></span> <span class='ocrx_word' id='word_1_596' title='bbox 620 5544 809 5602; x_wconf 84' lang='lat' dir='ltr'><strong>Justus</strong></span> <span class='ocrx_word' id='word_1_597' title='bbox 834 5558 1014 5604; x_wconf 86' lang='lat' dir='ltr'><strong>autem</strong></span> <span class='ocrx_word' id='word_1_598' title='bbox 1045 5548 1174 5618; x_wconf 81' lang='lat' dir='ltr'><strong>quid</strong></span> <span class='ocrx_word' id='word_1_599' title='bbox 1210 5549 1402 5602; x_wconf 91' lang='lat' dir='ltr'><strong>horum</strong></span> <span class='ocrx_word' id='word_1_600' title='bbox 1430 5545 1595 5602; x_wconf 81' lang='lat' dir='ltr'><strong>fecit?</strong></span> 
     </span>
    </p>
   </div>
   <div class='ocr_carea' id='block_1_96' title="bbox 538 5635 2024 5710">
    <p class='ocr_par' dir='ltr' id='par_1_96' title="bbox 538 5635 2024 5710">
     <span class='ocr_line' id='line_1_96' title="bbox 538 5635 2024 5710; baseline 0.001 -20"><span class='ocrx_word' id='word_1_601' title='bbox 538 5635 592 5691; x_wconf 91' lang='lat'><strong>8.</strong></span> <span class='ocrx_word' id='word_1_602' title='bbox 625 5635 884 5694; x_wconf 87' lang='lat' dir='ltr'><strong>Dominus</strong></span> <span class='ocrx_word' id='word_1_603' title='bbox 919 5655 1025 5696; x_wconf 87' lang='lat' dir='ltr'><strong>non</strong></span> <span class='ocrx_word' id='word_1_604' title='bbox 1063 5641 1117 5694; x_wconf 89' lang='lat' dir='ltr'><strong>in</strong></span> <span class='ocrx_word' id='word_1_605' title='bbox 1161 5640 1431 5710; x_wconf 83' lang='lat' dir='ltr'><strong>speluncis</strong></span> <span class='ocrx_word' id='word_1_606' title='bbox 1459 5638 1834 5695; x_wconf 81' lang='lat' dir='ltr'><strong>haereticorum</strong></span> <span class='ocrx_word' id='word_1_607' title='bbox 1868 5637 2024 5691; x_wconf 86' lang='lat' dir='ltr'><strong>inha-</strong></span> 
     </span>
    </p>
   </div>
   <div class='ocr_carea' id='block_1_97' title="bbox 468 5727 1433 5802">
    <p class='ocr_par' dir='ltr' id='par_1_97' title="bbox 468 5727 1433 5802">
     <span class='ocr_line' id='line_1_97' title="bbox 468 5727 1433 5802; baseline 0.007 -20"><span class='ocrx_word' id='word_1_608' title='bbox 468 5727 623 5793; x_wconf 85' lang='lat' dir='ltr'><strong>bitat,</strong></span> <span class='ocrx_word' id='word_1_609' title='bbox 658 5729 750 5785; x_wconf 89' lang='lat' dir='ltr'><strong>sed</strong></span> <span class='ocrx_word' id='word_1_610' title='bbox 784 5731 839 5785; x_wconf 90' lang='lat' dir='ltr'><strong>in</strong></span> <span class='ocrx_word' id='word_1_611' title='bbox 863 5732 1065 5802; x_wconf 85' lang='lat' dir='ltr'><strong>templo</strong></span> <span class='ocrx_word' id='word_1_612' title='bbox 1092 5740 1281 5789; x_wconf 83' lang='lat' dir='ltr'><strong>saneto</strong></span> <span class='ocrx_word' id='word_1_613' title='bbox 1310 5748 1433 5789; x_wconf 89' lang='lat' dir='ltr'><strong>suo.</strong></span> 
     </span>
    </p>
   </div>
   <div class='ocr_carea' id='block_1_98' title="bbox 2191 4808 3499 4883">
    <p class='ocr_par' dir='ltr' id='par_1_98' title="bbox 2191 4808 3499 4883">
     <span class='ocr_line' id='line_1_98' title="bbox 2191 4808 3499 4883; baseline 0 -19"><span class='ocrx_word' id='word_1_614' title='bbox 2191 4810 2242 4864; x_wconf 82' lang='grc'><strong>1.</strong></span> <span class='ocrx_word' id='word_1_615' title='bbox 2279 4811 2401 4862; x_wconf 73' lang='grc' dir='ltr'><strong>Ἐπὶ</strong></span> <span class='ocrx_word' id='word_1_616' title='bbox 2425 4808 2502 4879; x_wconf 82' lang='grc' dir='ltr'>τῷ</span> <span class='ocrx_word' id='word_1_617' title='bbox 2532 4811 2717 4883; x_wconf 83' lang='grc' dir='ltr'>Κυρίῳ</span> <span class='ocrx_word' id='word_1_618' title='bbox 2743 4811 2967 4882; x_wconf 73' lang='grc' dir='ltr'>ἤλπισα,</span> <span class='ocrx_word' id='word_1_619' title='bbox 2994 4812 3044 4865; x_wconf 87' lang='grc' dir='ltr'><strong>τί</strong></span> <span class='ocrx_word' id='word_1_620' title='bbox 3076 4812 3499 4883; x_wconf 77' lang='grc' dir='ltr'>συμϐουλεύετε;</span> 
     </span>
    </p>
   </div>
   <div class='ocr_carea' id='block_1_99' title="bbox 2196 4901 3688 4975">
    <p class='ocr_par' dir='ltr' id='par_1_99' title="bbox 2196 4901 3688 4975">
     <span class='ocr_line' id='line_1_99' title="bbox 2196 4901 3688 4975; baseline 0 -20"><span class='ocrx_word' id='word_1_621' title='bbox 2196 4901 2250 4956; x_wconf 71' lang='lat'><strong>2.</strong></span> <span class='ocrx_word' id='word_1_622' title='bbox 2281 4902 2345 4955; x_wconf 88' lang='grc' dir='ltr'><strong>’Ἐ</strong></span> <span class='ocrx_word' id='word_1_623' title='bbox 2356 4918 2520 4974; x_wconf 84' lang='grc' dir='ltr'>παρον</span> <span class='ocrx_word' id='word_1_624' title='bbox 2543 4903 2669 4965; x_wconf 81' lang='grc' dir='ltr'>τοὺς</span> <span class='ocrx_word' id='word_1_625' title='bbox 2696 4902 3005 4974; x_wconf 81' lang='grc' dir='ltr'>ὀφθαλμοὺς</span> <span class='ocrx_word' id='word_1_626' title='bbox 3024 4907 3122 4975; x_wconf 84' lang='grc' dir='ltr'>τῆς</span> <span class='ocrx_word' id='word_1_627' title='bbox 3145 4904 3379 4967; x_wconf 87' lang='grc' dir='ltr'>διανοίας</span> <span class='ocrx_word' id='word_1_628' title='bbox 3407 4921 3500 4957; x_wconf 88' lang='grc' dir='ltr'><strong>σου</strong></span> <span class='ocrx_word' id='word_1_629' title='bbox 3527 4905 3605 4967; x_wconf 85' lang='grc' dir='ltr'><strong>είς</strong></span> <span class='ocrx_word' id='word_1_630' title='bbox 3623 4901 3688 4955; x_wconf 73' lang='grc' dir='ltr'>τὰ</span> 
     </span>
    </p>
   </div>
   <div class='ocr_carea' id='block_1_100' title="bbox 2126 4992 3558 5066">
    <p class='ocr_par' dir='ltr' id='par_1_100' title="bbox 2126 4992 3558 5066">
     <span class='ocr_line' id='line_1_100' title="bbox 2126 4992 3558 5066; baseline 0.002 -21"><span class='ocrx_word' id='word_1_631' title='bbox 2126 4992 2443 5064; x_wconf 84' lang='grc' dir='ltr'>ἐπουράνια,</span> <span class='ocrx_word' id='word_1_632' title='bbox 2473 4995 2565 5046; x_wconf 72' lang='grc' dir='ltr'><strong>καὶ</strong></span> <span class='ocrx_word' id='word_1_633' title='bbox 2596 4993 2863 5065; x_wconf 85' lang='grc' dir='ltr'>μηδεμίαν</span> <span class='ocrx_word' id='word_1_634' title='bbox 2889 4993 2978 5064; x_wconf 77' lang='grc' dir='ltr'><strong>ἔχε</strong></span> <span class='ocrx_word' id='word_1_635' title='bbox 3004 4995 3257 5066; x_wconf 86' lang='grc' dir='ltr'>φροντίδα</span> <span class='ocrx_word' id='word_1_636' title='bbox 3282 4994 3558 5066; x_wconf 78' lang='grc' dir='ltr'>βιωτικήν.</span> 
     </span>
    </p>
   </div>
   <div class='ocr_carea' id='block_1_101' title="bbox 2198 5085 3690 5156">
    <p class='ocr_par' dir='ltr' id='par_1_101' title="bbox 2198 5085 3690 5156">
     <span class='ocr_line' id='line_1_101' title="bbox 2198 5085 3690 5156; baseline 0 -17"><span class='ocrx_word' id='word_1_637' title='bbox 2198 5085 2318 5139; x_wconf 77' lang='grc'><strong>5-5.</strong></span> <span class='ocrx_word' id='word_1_638' title='bbox 2374 5086 2496 5138; x_wconf 85' lang='grc' dir='ltr'>’Ὁτι</span> <span class='ocrx_word' id='word_1_639' title='bbox 2535 5085 2585 5137; x_wconf 84' lang='grc' dir='ltr'>οἱ</span> <span class='ocrx_word' id='word_1_640' title='bbox 2651 5085 2900 5156; x_wconf 83' lang='grc' dir='ltr'>δαίμονες</span> <span class='ocrx_word' id='word_1_641' title='bbox 2941 5085 3039 5148; x_wconf 82' lang='grc' dir='ltr'>τὰς</span> <span class='ocrx_word' id='word_1_642' title='bbox 3099 5086 3388 5156; x_wconf 83' lang='grc' dir='ltr'>ἐπιθυμίας</span> <span class='ocrx_word' id='word_1_643' title='bbox 3444 5087 3538 5139; x_wconf 74' lang='grc' dir='ltr'><strong>καὶ</strong></span> <span class='ocrx_word' id='word_1_644' title='bbox 3595 5087 3690 5150; x_wconf 62' lang='grc' dir='ltr'>τὰς</span> 
     </span>
    </p>
   </div>
   <div class='ocr_carea' id='block_1_102' title="bbox 2129 5175 3693 5251">
    <p class='ocr_par' dir='ltr' id='par_1_102' title="bbox 2129 5175 3693 5251">
     <span class='ocr_line' id='line_1_102' title="bbox 2129 5175 3693 5251; baseline 0.002 -21"><span class='ocrx_word' id='word_1_645' title='bbox 2129 5176 2445 5241; x_wconf 79' lang='grc' dir='ltr'>ἀλαζονείας</span> <span class='ocrx_word' id='word_1_646' title='bbox 2476 5175 2569 5229; x_wconf 85' lang='grc' dir='ltr'>τοῦ</span> <span class='ocrx_word' id='word_1_647' title='bbox 2606 5177 2720 5246; x_wconf 86' lang='grc' dir='ltr'>βίου</span> <span class='ocrx_word' id='word_1_648' title='bbox 2769 5178 3215 5248; x_wconf 84' lang='grc' dir='ltr'>καταπέμπουσιν</span> <span class='ocrx_word' id='word_1_649' title='bbox 3240 5179 3320 5241; x_wconf 89' lang='grc' dir='ltr'><strong>είς</strong></span> <span class='ocrx_word' id='word_1_650' title='bbox 3344 5178 3442 5242; x_wconf 78' lang='grc' dir='ltr'>τὰς</span> <span class='ocrx_word' id='word_1_651' title='bbox 3472 5178 3693 5251; x_wconf 81' lang='grc' dir='ltr'>καρδίας</span> 
     </span>
    </p>
   </div>
   <div class='ocr_carea' id='block_1_103' title="bbox 2128 5268 3277 5341">
    <p class='ocr_par' dir='ltr' id='par_1_103' title="bbox 2128 5268 3277 5341">
     <span class='ocr_line' id='line_1_103' title="bbox 2128 5268 3277 5341; baseline -0.001 -18"><span class='ocrx_word' id='word_1_652' title='bbox 2128 5269 2234 5324; x_wconf 85' lang='grc' dir='ltr'><strong>τῶν</strong></span> <span class='ocrx_word' id='word_1_653' title='bbox 2263 5269 2488 5323; x_wconf 82' lang='grc' dir='ltr'>δικαίων</span> <span class='ocrx_word' id='word_1_654' title='bbox 2522 5271 2578 5322; x_wconf 89' lang='grc' dir='ltr'><strong>ἐν</strong></span> <span class='ocrx_word' id='word_1_655' title='bbox 2615 5268 2693 5339; x_wconf 83' lang='grc' dir='ltr'>τῷ</span> <span class='ocrx_word' id='word_1_656' title='bbox 2724 5270 2904 5323; x_wconf 85' lang='grc' dir='ltr'>σκότει</span> <span class='ocrx_word' id='word_1_657' title='bbox 2933 5270 3026 5323; x_wconf 85' lang='grc' dir='ltr'>τοῦ</span> <span class='ocrx_word' id='word_1_658' title='bbox 3055 5271 3277 5341; x_wconf 85' lang='grc' dir='ltr'>κόσμου.</span> 
     </span>
    </p>
   </div>
   <div class='ocr_carea' id='block_1_104' title="bbox 2202 5358 3695 5435">
    <p class='ocr_par' dir='ltr' id='par_1_104' title="bbox 2202 5358 3695 5435">
     <span class='ocr_line' id='line_1_104' title="bbox 2202 5358 3695 5435; baseline -0.001 -19"><span class='ocrx_word' id='word_1_659' title='bbox 2202 5361 2254 5416; x_wconf 92' lang='grc'><strong>6.</strong></span> <span class='ocrx_word' id='word_1_660' title='bbox 2283 5362 2360 5415; x_wconf 80' lang='grc' dir='ltr'><strong>Τὰ</strong></span> <span class='ocrx_word' id='word_1_661' title='bbox 2390 5358 2728 5430; x_wconf 83' lang='grc' dir='ltr'>δικαιώματα</span> <span class='ocrx_word' id='word_1_662' title='bbox 2771 5361 2863 5415; x_wconf 78' lang='grc' dir='ltr'>τοῦ</span> <span class='ocrx_word' id='word_1_663' title='bbox 2906 5362 3130 5434; x_wconf 85' lang='grc' dir='ltr'>Κυρίου,</span> <span class='ocrx_word' id='word_1_664' title='bbox 3173 5361 3208 5416; x_wconf 82' lang='grc' dir='ltr'>ἃ</span> <span class='ocrx_word' id='word_1_665' title='bbox 3252 5360 3411 5425; x_wconf 79' lang='grc' dir='ltr'>αὐτὸς</span> <span class='ocrx_word' id='word_1_666' title='bbox 3438 5360 3695 5435; x_wconf 86' lang='grc' dir='ltr'>κατηρτί-</span> 
     </span>
    </p>
   </div>
   <div class='ocr_carea' id='block_1_105' title="bbox 2137 5453 2942 5525">
    <p class='ocr_par' dir='ltr' id='par_1_105' title="bbox 2137 5453 2942 5525">
     <span class='ocr_line' id='line_1_105' title="bbox 2137 5453 2942 5525; baseline 0.004 -18"><span class='ocrx_word' id='word_1_667' title='bbox 2137 5471 2283 5516; x_wconf 86' lang='grc' dir='ltr'>σατο,</span> <span class='ocrx_word' id='word_1_668' title='bbox 2318 5453 2471 5507; x_wconf 74' lang='grc' dir='ltr'>αὐτοὶ</span> <span class='ocrx_word' id='word_1_669' title='bbox 2496 5453 2942 5525; x_wconf 86' lang='grc' dir='ltr'>ἀπεστράφησαν.</span> 
     </span>
    </p>
   </div>
   <div class='ocr_carea' id='block_1_106' title="bbox 2204 5544 3523 5618">
    <p class='ocr_par' dir='ltr' id='par_1_106' title="bbox 2204 5544 3523 5618">
     <span class='ocr_line' id='line_1_106' title="bbox 2204 5544 3523 5618; baseline 0.001 -19"><span class='ocrx_word' id='word_1_670' title='bbox 2204 5547 2258 5599; x_wconf 92' lang='grc'><strong>7.</strong></span> <span class='ocrx_word' id='word_1_671' title='bbox 2303 5547 2360 5598; x_wconf 88' lang='lat'><strong>&#39;0</strong></span> <span class='ocrx_word' id='word_1_672' title='bbox 2385 5545 2442 5598; x_wconf 85' lang='grc' dir='ltr'><strong>δέ</strong></span> <span class='ocrx_word' id='word_1_673' title='bbox 2467 5545 2670 5610; x_wconf 85' lang='grc' dir='ltr'>δίκαιος</span> <span class='ocrx_word' id='word_1_674' title='bbox 2704 5548 2758 5600; x_wconf 87' lang='grc' dir='ltr'><strong>τί</strong></span> <span class='ocrx_word' id='word_1_675' title='bbox 2780 5546 2934 5600; x_wconf 80' lang='grc' dir='ltr'>τοῦτο</span> <span class='ocrx_word' id='word_1_676' title='bbox 2964 5544 3211 5618; x_wconf 85' lang='grc' dir='ltr'>[τούτων]</span> <span class='ocrx_word' id='word_1_677' title='bbox 3235 5545 3523 5615; x_wconf 86' lang='grc' dir='ltr'>ἐποίησεν;</span> 
     </span>
    </p>
   </div>
   <div class='ocr_carea' id='block_1_107' title="bbox 2207 5636 3695 5711">
    <p class='ocr_par' dir='ltr' id='par_1_107' title="bbox 2207 5636 3695 5711">
     <span class='ocr_line' id='line_1_107' title="bbox 2207 5636 3695 5711; baseline -0.001 -19"><span class='ocrx_word' id='word_1_678' title='bbox 2207 5637 2261 5694; x_wconf 85' lang='grc'><strong>8.</strong></span> <span class='ocrx_word' id='word_1_679' title='bbox 2290 5637 2494 5710; x_wconf 82' lang='grc' dir='ltr'>Κύριος</span> <span class='ocrx_word' id='word_1_680' title='bbox 2529 5641 2629 5693; x_wconf 86' lang='grc' dir='ltr'><strong>οὐκ</strong></span> <span class='ocrx_word' id='word_1_681' title='bbox 2666 5641 2725 5694; x_wconf 86' lang='grc' dir='ltr'><strong>ἐν</strong></span> <span class='ocrx_word' id='word_1_682' title='bbox 2767 5638 3047 5709; x_wconf 84' lang='grc' dir='ltr'>σπηλαίοις</span> <span class='ocrx_word' id='word_1_683' title='bbox 3090 5638 3380 5711; x_wconf 84' lang='grc' dir='ltr'>αίρετικῶν</span> <span class='ocrx_word' id='word_1_684' title='bbox 3424 5636 3695 5705; x_wconf 79' lang='grc' dir='ltr'>κατοικεῖ,</span> 
     </span>
    </p>
   </div>
   <div class='ocr_carea' id='block_1_108' title="bbox 2141 5729 2859 5797">
    <p class='ocr_par' dir='ltr' id='par_1_108' title="bbox 2141 5729 2859 5797">
     <span class='ocr_line' id='line_1_108' title="bbox 2141 5729 2859 5797; baseline 0 -13"><span class='ocrx_word' id='word_1_685' title='bbox 2141 5729 2253 5784; x_wconf 80' lang='grc' dir='ltr'>ἀλλ’</span> <span class='ocrx_word' id='word_1_686' title='bbox 2289 5731 2348 5785; x_wconf 77' lang='grc' dir='ltr'><strong>ἐν</strong></span> <span class='ocrx_word' id='word_1_687' title='bbox 2372 5730 2482 5787; x_wconf 82' lang='grc' dir='ltr'>ναῶ</span> <span class='ocrx_word' id='word_1_688' title='bbox 2514 5730 2653 5797; x_wconf 78' lang='grc' dir='ltr'>ἁγίῳ</span> <span class='ocrx_word' id='word_1_689' title='bbox 2678 5730 2859 5785; x_wconf 79' lang='grc' dir='ltr'>αὐτοῦ.</span> 
     </span>
    </p>
   </div>
  </div>
