3934 6218
338 287 441 343 687
522 270 527 289 ’
1145 277 1201 331 s.
1238 272 1607 331 ATHANASII
1644 271 1797 328 ore.
1838 270 1891 325 ιτ.

2002 272 2019 328 5
2061 269 2149 326 Ill.
2192 300 2261 312 —-
2298 263 2710 322 EXEGETICA.
3452 259 3555 317 688

409 404 461 458 8.
490 401 656 457 Labra
680 407 864 456 nostra
887 413 917 453 a
946 397 1103 453 nobis
1132 404 1274 452 sunt.

2073 387 2126 444 8.
2162 387 2243 442 Τὰ
2271 386 2421 459 χείλη
2451 382 2610 456 ἡμῶν
2642 381 2770 455 παρ’
2802 383 2933 452 ἡμῖν
2954 382 3087 436 ἐστι·

412 494 465 549 9.
496 494 631 560 Quis
663 502 846 547 noster
875 490 1136 545 Dominus
1163 487 1280 542 est?

2074 481 2127 537 9.
2164 480 2260 544 Τίς
2293 479 2447 550 ἡμῶν
2477 476 2679 546 Κύριός
2706 478 2887 540 ὲστιν;

413 586 497 640 10.
537 579 1343 655 Propter‘miseriam.inopum,

2075 573 2161 626 10.
2196 573 2419 625 Ἕνεκεν
2446 570 2543 641 τῆς
2566 567 2938 638 ταλαιπωρίας
2973 565 3079 618 τῶν
3106 562 3353 635 πτωχῶν,

414 677 498 731 11.
525 676 591 731 Ει
610 678 864 747 gemitum
894 685 1214 743 pauperum,

2072 664 2158 717 11.
2188 663 2296 716 Καὶ
2319 658 2412 714 τοῦ
2441 656 2741 729 στεναγμοῦ
2769 658 2874 711 τῶν
2900 657 3165 727 πενήτων,

415 772 501 826 l2.
531 769 683 826 Nunc
709 783 994 838 exsurgam
1039 765 1212 834 (dicit
1254 760 1555 830 Dominus)
1592 779 1603 813 :

2077 756 2161 810 12.
2196 755 2309 807 Νῦν
2332 753 2722 823 ἅναστήσομαι,
2757 747 2902 819 λέγει
2944 747 3145 818 Κύριος
3170 786 3186 815 ,

419 864 504 919 15.
537 863 742 918 Ponam
774 861 826 915 in
859 835 1112 916 salutari:
1148 857 1469 912 ﬁducialiter
1500 866 1653 923 agam
1688 850 1743 905 in
1777 863 1868 903 eo.

2077 849 2162 903 13.
2193 848 2438 918 Θήσομαι
2466 846 2522 899 ὲν
2542 841 2790 913 σωτηρίῳ
2809 858 2822 872 ·
2852 840 3295 913 παρρησιάσομαι
3317 839 3374 892 ἐν
3395 835 3558 908 αύτῷ.

417 954 506 1008 14.
539 953 764 1023 Eloquia
797 950 1045 1016 Domini,
1075 948 1287 1018 eloquia
1320 957 1496 1001 casta.

2078 940 2163 994 M.
2196 938 2275 993 Τὰ
2303 938 2462 1006 λόγια
2488 934 2719 1006 Κυρίου,
2751 934 2910 1002 λόγια
2940 933 3098 1001 ἁγνά.

416 1045 502 1100 15.
538 1049 834 1114 Argentum
858 1042 980 1112 igne
1002 1039 1393 1101 examinatum,
1420 1033 1704 1106 probatum
1725 1039 1904 1093 terrae,

1875 1047 1904 1093 ι,
2081 1033 2166 1087 15.
2200 1030 2485 1102 ’Ᾱργύριον
2514 1027 2928 1099 πεπυρωμένον,
2958 1026 3201 1098 δοκίμιον
3231 1027 3296 1097 τῇ
3323 1027 3428 1098 γῇ,

416 1137 503 1191 16.
531 1111 828 1207 Purgatum
860 1111 1192 1203 septuplum.

2077 1124 2160 1180 16.
2193 1122 2677 1194 Κεκαθαρισμένον
2712 1111 3115 1185 ἑπταπλασίως.

418 1228 507 1284 17.
539 1227 642 1295 Τυ,
677 1227 921 1292 Domine,
945 1224 1187 1282 servabis
1217 1236 1337 1288 nos,
1371 1231 1425 1277 et
1456 1218 1733 1275 custodies
1769 1231 1906 1299 nos,
1940 1270 1943 1271 ν

2080 1216 2166 1269 17.
2197 1216 2290 1280 Σὺ,
2322 1214 2514 1286 Κύριε,
2548 1212 2807 1284 φυλάξαις
2855 1214 3000 1283 ἡμᾶς
3024 1251 3039 1277 ,
3086 1212 3177 1265 καὶ
3217 1211 3571 1283 ὃιατηρήσαις

2010 1313 2155 1383 ἡμᾶς
2176 1349 2190 1375 ν

418 1412 507 1468 18.
540 1411 581 1465 Α
614 1420 961 1483 generatione
984 1412 1105 1477 hac,
1137 1418 1191 1465 et
1220 1411 1272 1464 in
1306 1418 1591 1464 aeternum.

2081 1401 2167 1457 18.
2211 1399 2343 1453 Ἀπὸ
2374 1400 2472 1471 τῆς
2511 1399 2701 1467 γενεᾶς
2730 1397 2954 1468 ταύτης,
2990 1396 3083 1449 καὶ⁵
3121 1395 3202 1459 είς
3230 1411 3319 1447 τον
3349 1411 3534 1448 αιωνα.

422 1505 509 1562 19.
543 1504 600 1560 In
632 1505 860 1561 circuitu
893 1503 1044 1573 impii
1078 1503 1393 1558 ambulant:

2085 1492 2168 1548 19.
2205 1490 2400 1561 Κύκλῳ
2427 1490 2476 1543 οί
2518 1488 2732 1552 ἀσεϐεῖς
2764 1485 3124 1560 περιπατοῦσι
3148 1500 3162 1516 ⁸

419 1594 510 1650 20.
573 1594 882 1651 Secundum
933 1594 1271 1649 altitudinem
1332 1602 1476 1648 tuam
1534 1584 1912 1659 multiplicasti

2083 1586 2172 1641 τι).
2208 1586 2365 1640 Κατὰ
2408 1585 2470 1638 τὸ
2507 1583 2638 1654 ὕψος
2704 1600 2797 1637 σου
2843 1579 3228 1652 ὲπολυὼρησας
3275 1579 3400 1644 τοὺς
3431 1579 3576 1642 υἱοὺς

354 1688 499 1745 ﬁlios
530 1683 833 1743 hominum.

2025 1680 2127 1735 τῶν
2160 1677 2256 1733 ἀνθ
2264 1676 2482 1750 ρώπων.
3561 1730 3578 1747 ᾗ

532 1777 599 1831 In
625 1778 779 1847 ﬁnem
811 1776 1042 1845 psalmus
1070 1773 1257 1830 David.
1291 1770 1553 1828 ΡδΑιΜ.
1585 1769 1732 1826 XII.

2085 1771 2189 1834 Εἰς
2213 1767 2277 1820 τὸ
2313 1765 2486 1832 τέλος
2517 1764 2755 1834 ψαλμὸς
2786 1761 2864 1828 τῷ
2897 1761 3089 1816 Δαϐίδ.
3141 1763 3370 1816 ΨΑΛΜ.
3403 1759 3516 1815 IB'.

427 1871 478 1927 1.
511 1867 829 1940 Usquequo,
859 1867 1104 1934 Domine,
1150 1865 1485 1921 Oblivisceris
1517 1878 1604 1919 me
1638 1864 1692 1918 in
1724 1861 1922 1917 ﬁnem?

2096 1858 2147 1910 1.
2176 1857 2325 1920 Ἕως
2351 1854 2502 1922 πότε,
2536 1855 2727 1925 Κύριε,
2764 1851 2996 1924 ἐπιλήσῃ
3032 1868 3133 1923 μου
3165 1852 3245 1915 είς
3290 1849 3477 1915 τέλος;

1466 2085 1835 2143 ATHANASII
1880 2062 2495 2140 INTERPRETA'I‘IO/

431 2298 485 2365 8,
510 2297 562 2353 9.
591 2295 717 2352 Haec
743 2296 973 2350 dixerint
1004 2294 1294 2357 daemones,
1317 2301 1611 2357 eorumque
1644 2301 1927 2356 sequaces.

2097 2284 2152 2350 8,
2176 2285 2228 2339 9.
2256 2284 2439 2338 Ταυτα
2465 2285 2514 2337 οί
2538 2282 2786 2354 δαίμονες
2812 2280 2877 2335 ἂν
2899 2281 3141 2335 εἴποισαν
3158 2278 3257 2350 (a),
3283 2279 3377 2334 καὶ
3397 2280 3448 2332 οί
3472 2278 3595 2334 τού.

432 2378 438 2384 ’
2028 2393 2138 2440 τοις
2165 2375 2438 2446 ἑπόμενοι.

436 2473 524 2529 10.
556 2472 783 2541 Propter
811 2470 1175 2526 inﬁrmitatem
1209 2466 1705 2538 pusillanimorum.

2101 2465 2188 2519 10.
2219 2467 2444 2519 Ἕνεκεν
2471 2465 2571 2535 τῆς
2601 2463 2884 2527 ἀσθενείας
2910 2462 3018 2516 τῶν
3047 2461 3400 2532 ὀλιγοψύχων.

439 2566 527 2621 11.
557 2563 859 2627 Justorum,
892 2562 986 2618 ait.
1342 2594 1347 2599 ›
1954 2573 1992 2633 c

1342 2594 1347 2599 .
1954 2573 2008 2633 ο·
2100 2557 2185 2612 11.
2214 2556 2332 2611 Τῶν
2359 2556 2602 2624 δικαίων,
2634 2557 2801 2624 λέγει.

443 2657 532 2711 12.
571 2656 640 2711 Ut
668 2656 974 2712 adveniam.
1658 2708 1664 2713 _

1658 2708 1664 2713 _
2107 2649 2195 2706 12.
2244 2649 2365 2704 Ἐπὶ
2397 2649 2458 2703 τὸ
2484 2647 2907 2720 παραγενέσθαι.

443 2748 530 2803 15.
562 2747 620 2802 In
648 2763 809 2803 cruce
830 2746 962 2800 dicit
986 2744 1310 2799 ﬁducialiter
1343 2756 1522 2813 agam,
1547 2749 1601 2797 et
1627 2738 1933 2810 triumpha-

2110 2740 2194 2793 15.
2230 2738 2319 2809 Τῷ
2350 2736 2588 2809 σταυρῷ,
2609 2739 2777 2806 λέγει,
2796 2738 3259 2811 παρρησιάσομαι,
3288 2738 3383 2789 καὶ
3414 2735 3601 2807 θριαμο

368 2841 440 2895 bo
494 2840 559 2894 de
607 2836 1000 2909 principatibus
1069 2846 1122 2890 et
1166 2835 1525 2907 potestatibus
1586 2832 1921 2888 tenebrarum

2048 2831 2218 2886 δεύσω
2249 2830 2345 2894 τὰς
2378 2830 2583 2902 ἀρχὰς,
2629 2831 2726 2895 τὰς
2779 2828 3021 2892 ἐξουσίας
3092 2827 3186 2881 τοῦ
3238 2827 3463 2893 σκότους
3514 2825 3601 2883 τοῦ

374 2932 539 3002 hujus
562 2930 769 2986 saeculi.

2043 2920 2239 2983 αἰῶνος
2263 2919 2469 2975 τούτου.

454 2994 644 3079 14-16.
675 3022 772 3078 Est
793 3029 1096 3092 argentum,
1124 3018 1268 3089 quod
1317 3017 1518 3087 septies
1567 3016 1695 3085 igne
1733 3012 1942 3069 exami-

2117 3007 2353 3065 14-16.
2387 3009 2574 3061 Ἔστιν
2625 3007 2885 3079 ἀργύριον
2951 3008 3079 3076 ὅπερ
3135 2994 3470 3077 πυρούμενον
3518 3005 3606 3060 ἒϐ-

376 3127 565 3175 natum
599 3114 824 3189 probius
868 3115 1086 3181 evadit;
1132 3114 1204 3167 ita
1259 3111 1419 3183 igitur
1459 3108 1676 3179 eloquia
1725 3104 1929 3161 Domini

2054 3104 2203 3174 iopov
2252 3101 2687 3172 θαυμαστότερον
2718 3102 2964 3169 γίνεται·
3003 3100 3171 3164 οὕτως
3213 3095 3305 3153 οῦν
3351 3099 3423 3154 τὰ
3452 3100 3607 3169 λόγια

375 3218 581 3282 septem
614 3209 806 3266 diebus
825 3207 1072 3278 probata,
1100 3206 1207 3282 hoc
1237 3212 1321 3258 est
1343 3200 1572 3271 singulis
1592 3199 1786 3255 diebus
1808 3210 1928 3267 pro-

2056 3195 2249 3267 Κυρίου
2282 3194 2339 3248 ὲν
2387 3195 2506 3257 ταῖς
2555 3194 2694 3247 ἑπτὰ
2740 3192 2972 3264 ἡμέραις
3015 3189 3456 3262 δοκιμαζόμενα,
3488 3208 3609 3245 του-

378 3304 588 3359 batiora
618 3300 970 3357 inveniuntur
998 3300 1065 3353 ab
1089 3280 1499 3377 exquirentibus
1525 3306 1611 3348 ea.

2057 3288 2191 3343 ιέστι
2223 3287 2344 3341 καθ’
2393 3288 2658 3359 ἑκάστην,
2715 3288 3055 3357 δοκιμώτερα
3100 3286 3443 3358 εὑρίσκοντο
3498 3289 3610 3353 τοῖς

2044 3380 2365 3453 ἐκζητοῦσιν
2391 3379 2550 3433 αὐτά.

450 3484 539 3548 17,
576 3483 660 3538 18.
689 3480 791 3545 Tu,
823 3479 1072 3544 Domine,
1104 3473 1470 3533 circumdabis
1492 3487 1613 3536 nos,
1644 3479 1699 3525 et
1740 3477 1943 3525 custo—

2120 3473 2209 3540 17,
2244 3473 2329 3526 18.
2368 3474 2460 3537 Σὺ,
2496 3472 2687 3543 Κύριε,
2722 3470 3029 3535 κυκλώσεις
3052 3473 3218 3543 ἡμᾶς,
3250 3473 3345 3526 καὶ
3374 3474 3585 3545 φρουρὴ

379 3577 496 3633 dies
524 3590 624 3630 nos
655 3588 821 3638 nunc,
852 3571 987 3626 et'in
1017 3568 1202 3624 futuro
1227 3564 1449 3622 saeculo.

2051 3583 2164 3629 σεις
2199 3567 2346 3638 ἡμᾶς
2376 3567 2434 3618 ὲν
2471 3564 2548 3636 τῷ
2573 3565 2666 3619 νῦν
2714 3566 2808 3618 καὶ
2836 3567 2894 3618 ὲν
2924 3565 3002 3636 τῷ
3030 3566 3272 3636 μέλλοντι
3299 3566 3478 3619 αίῶνι.

456 3667 541 3724 19.
576 3664 854 3722 Daemones
885 3658 1375 3719 circumambulant
1402 3656 1459 3711 in
1484 3653 1708 3720 mundo,
1739 3651 1853 3708 sive
1880 3649 1942 3706 in

2121 3655 2208 3711 19.
2248 3656 2336 3708 Ἐν
2364 3655 2442 3726 τῷ
2475 3656 2663 3726 κόσμῳ
2696 3655 2727 3726 ἦ
2753 3654 2812 3708 ὲν
2840 3658 2959 3719 ταῖς
2987 3656 3236 3736 καρδίαις
3269 3656 3374 3710 τῶν
3405 3655 3610 3729 ἀνθρώ-

385 3761 641 3817 cordibus
669 3758 975 3813 hominum.

2053 3765 2168 3802 πων
2200 3749 2249 3801 oi
2281 3747 2533 3818 δαίμονες
2565 3748 2946 3814 περιπατοῦσι.

453 3852 543 3908 20.
583 3851 827 3915 Domine,
876 3848 929 3903 in
968 3848 1167 3902 virtute
1206 3854 1296 3901 tua
1345 3845 1559 3901 traxisti
1606 3840 1672 3897 ad
1711 3840 1945 3912 teipsum

2123 3838 2213 3892 20.
2245 3839 2437 3911 Κύριε,
2474 3842 2530 3893 ἐν
2561 3842 2624 3911 τῇ
2651 3840 2879 3910 δυνάμει
2909 3858 3002 3894 σου
3028 3840 3282 3906 εἴλκυσας
3302 3841 3437 3913 πρὸς
3463 3857 3621 3896 σεαυ-

385 3944 529 4002 ﬁlios
559 3943 861 3999 hominum.

1985 3926 2029 3981 D
2057 3930 2149 3983 τὸν
2177 3931 2302 3996 τοὺς
2333 3931 2483 3994 υἱοὺς
2513 3930 2621 3983 τῶν
2654 3929 2975 4002 ἀνθρώπων.

469 4112 534 4168 Ἥ
561 4115 892 4187 προκειμένη
920 4114 1196 4187 ἐπιγραφὴ
1238 4115 1272 4186 ἡ
1319 4112 1407 4168 διὰ
1449 4115 1547 4186 τῆς
1600 4112 1966 4185 κινναϐάρεως
1996 4111 2269 4184 περιέχει·
2288 4113 2393 4178 Εἰς
2424 4114 2485 4167 τὸ
2520 4112 2696 4180 τέλος
2724 4115 2964 4183 ψαλμὸς
2997 4114 3079 4181 τῷ
3108 4115 3315 4170 Δαϐίδο
3349 4115 3622 4170 τουτέστιν

388 4211 470 4272 είς
502 4207 562 4261 τὸ
586 4207 737 4271 τέλος
763 4208 869 4260 τῶν
896 4206 1106 4260 αἰώνων
1132 4209 1159 4261 ὁ
1187 4205 1396 4276 ψαλμδς
1426 4198 1580 4269 οὗτος
1616 4207 1825 4277 εἴρηται
1852 4204 1930 4275 τῷ
1958 4204 2123 4276 ἱκανῷ
2161 4208 2226 4277 τῇ
2259 4208 2403 4278 χειρὶ
2430 4203 2509 4275 τῷ
2542 4205 2656 4276 Υἱῷ
2687 4205 2778 4259 τοῦ
2816 4206 2950 4259 Θεοῦ
2995 4207 3064 4260 τὰ
3110 4206 3258 4278 [τῷ]
3290 4207 3377 4261 διὰ
3406 4208 3505 4276 τῆς
3534 4206 3624 4260 δυ·-

390 4298 641 4362 ναστείας
660 4297 767 4351 τῶν
800 4297 1134 4368 παθημάτων
1164 4296 1327 4350 αὑτοῦ
1361 4298 1764 4368 καταργήσαντι
1792 4297 1882 4350 τὸν
1927 4295 2176 4362 θάνατον,
2207 4299 2299 4351 καὶ
2346 4298 2435 4351 τὸν
2465 4298 2527 4351 τὸ
2555 4300 2753 4370 κράτος
2790 4297 2977 4369 ἔχοντα
3025 4298 3214 4354 τούτου
3243 4299 3333 4353 τὸν
3360 4299 3623 4355 διάϐολον.

404 4388 674 4450 Ὡσαύτως
705 4387 761 4440 δὲ
787 4388 819 4457 ἠ
851 4386 987 4457 αὐτὴ
1012 4387 1312 4458 ἐπιγραφὴ,
1338 4386 1412 4451 ὡς
1437 4383 1613 4458 οἶμαι,
1646 4390 1861 4459 εῐρηται
1890 4387 1982 4439 καὶ
2006 4388 2085 4451 είς
2109 4387 2169 4440 τὸ
2206 4388 2360 4457 γένος
2386 4388 2495 4441 τῶν
2523 4387 2842 4459 ἀνθρώπων.
2879 4390 3032 4460 Ἔχει
3064 4391 3171 4462 γάρ
3194 4408 3207 4421 ·
3241 4394 3346 4458 Εἰς
3369 4390 3437 4445 τὸ
3455 4390 3628 4456 τέλος

393 4482 635 4556 ψαλμὸς
660 4481 740 4548 τῷ
768 4482 943 4536 Δαϐἰδ
965 4498 977 4512 ·
1015 4482 1213 4537 ὡσανεὶ
1245 4485 1326 4547 είς
1370 4484 1431 4537 τὸ
1475 4483 1626 4548 τέλος
1672 4482 1766 4535 τοῦ
1815 4481 2177 4554 πληρώματος
2206 4484 2314 4537 τῶν
2367 4483 2575 4555 καιρῶν
2617 4486 2645 4538 ό
2678 4484 2889 4555 ψαλμὸς
2918 4480 3071 4549 οὗτος
3103 4485 3316 4556 εἴρηται
3349 4485 3427 4557 τῷ
3463 4486 3626 4556 μόνῳ,

394 4576 539 4646 λέγω
570 4576 633 4649 δὴ
666 4576 744 4648 τῷ
775 4576 919 4645 γένει
950 4575 1054 4629 τῶν
1088 4576 1411 4648 ἀνθρώπων,
1458 4596 1529 4649 φη
1541 4579 1599 4648 μὶ
1646 4576 1711 4649 δὴ
1746 4576 1822 4648 τῷ
1852 4577 2159 4649 ἀϐοηθήτῳ.
2192 4580 2265 4633 Ού
2310 4580 2468 4650 μόνον
2495 4580 2604 4651 γὰρ
2636 4581 2798 4633 Δαὸὶδ
2829 4581 3188 4652 ἑρμηνεύεται
3222 4582 3426 4648 ἱκανός
3456 4589 3627 4652 χειρὶ,

396 4668 531 4723 ἀλλά
553 4669 647 4723 καὶ
673 4670 880 4739 μόνος,
908 4671 1044 4743 ὅπερ
1072 4672 1283 4743 ὑπῆρχε
1308 4670 1368 4723 τὸ
1399 4670 1552 4740 γένος
1579 4670 1695 4723 τῶν
1721 4669 2023 4743 ἀνθρώπων
2044 4672 2149 4742 πρὸ
2181 4672 2278 4744 τῆς
2301 4674 2603 4745 παρουσίας
2625 4673 2718 4727 τοῦ
2750 4674 2881 4727 Υἰοῦ
2914 4674 3007 4727 τοῦ
3044 4674 3198 4728 Θεοῦ.

469 4783 702 4849 Titulus,
737 4785 827 4853 qui
879 4785 1089 4853 psalmo
1124 4783 1486 4853 praamittitur.
1540 4781 1828 4837 cinnabari
1882 4785 2116 4854 scriptus
2160 4786 2441 4841 conlinet:
2486 4783 2552 4837 In
2596 4786 2773 4854 ﬁnem,
2807 4785 3042 4856 psalmus
3070 4785 3240 4840 David
3270 4802 3288 4841 :
3322 4788 3425 4841 hoc
3455 4796 3541 4844 est
3576 4787 3630 4843 in

398 4877 504 4933 ﬁne
535 4876 855 4933 saaculorum
886 4878 1126 4947 psalmus
1181 4879 1282 4931 iste
1339 4878 1516 4933 dictus
1576 4885 1661 4931 est
1707 4894 1872 4934 manu
1903 4882 2107 4950 potenti
2144 4880 2237 4934 Dei
2272 4879 2433 4945 Filio,
2466 4881 2556 4950 qui
2595 4881 2835 4950 potentia
2897 4897 3010 4936 suae
3056 4883 3329 4951 passionis
3364 4882 3636 4939 destruxit

397 4984 627 5031 mortem
671 4983 724 5029 et
755 4973 1049 5041 diabolum,
1085 4976 1179 5045 qui
1213 4975 1377 5043 hujus
1408 4982 1738 5045 potestatem
1776 4975 2027 5033 habebat.
2088 4975 2351 5032 Similiter
2400 4978 2586 5032 eadem
2634 4977 2941 5046 inscriptio,
2992 4985 3051 5031 ut
3080 4977 3354 5042 existimo,
3387 4978 3532 5034 dicta
3555 4988 3636 5035 est

396 5074 559 5128 etiam
592 5074 647 5127 in
670 5088 841 5144 genus
870 5073 1188 5127 humanum.
1217 5069 1389 5126 liabet
1415 5071 1564 5125 enim
1591 5089 1604 5125 :
1639 5071 1694 5124 in
1714 5072 1873 5139 ﬁnem
1906 5071 2141 5141 psalmus
2175 5073 2366 5140 David,
2405 5073 2656 5128 videlicet
2683 5073 2737 5127 in
2779 5073 2888 5128 ﬁne
2935 5073 3285 5142 plenitudinis
3328 5085 3633 5144 temporum

396 5168 639 5238 psalmus
676 5166 778 5221 iste
809 5166 985 5221 dictus
1007 5175 1087 5221 est
1103 5164 1175 5228 ei,
1203 5165 1292 5235 qui
1321 5166 1469 5220 solus
1500 5176 1646 5231 erat,
1695 5155 1902 5221 scilicet
1931 5178 2171 5220 humano
2214 5167 2416 5236 generi,
2449 5166 2594 5236 quod
2635 5166 2834 5231 solum,
2874 5166 3117 5234 inquam,
3150 5174 3205 5218 et
3237 5165 3441 5219 auxilio
3475 5167 3641 5231 desti,

400 5269 574 5313 tutum
595 5267 733 5314 erat.
776 5257 986 5312 Etenim
1017 5257 1187 5311 David
1218 5272 1327 5311 non
1388 5258 1549 5313 modo
1588 5257 1974 5329 interpretatur
2010 5275 2171 5313 manu
2203 5268 2410 5327 potens,
2433 5260 2525 5314 sed
2556 5259 2719 5313 etiam
2748 5257 2911 5325 solus,
2936 5257 3095 5328 quale
3121 5257 3225 5312 fuit
3253 5273 3422 5329 genus
3447 5259 3641 5316 huma-

400 5368 529 5409 num
553 5363 678 5409 ante
704 5354 995 5409 adventum
1026 5350 1149 5407 Filii
1182 5351 1301 5409 Dei.

476 5536 524 5590 1.
558 5536 636 5591 Ex
667 5554 898 5618 persona
926 5536 1278 5593 humanitatis
1323 5536 1590 5607 loquitur.

2143 5536 2193 5592 1.
2215 5592 2220 5601 ,
2239 5534 2331 5589 Ἐκ
2358 5533 2648 5589 προσώπου
2689 5535 2786 5604 τῆς
2815 5528 3230 5604 ἀνθρωπότητος
3256 5529 3425 5600 λέγει.

476 5712 553 5781 (a)
583 5713 895 5770 Εἵποισιιν.
936 5717 1095 5773 Forte
1137 5715 1378 5783 εἴπασαν,
1413 5725 1473 5772 ut
1506 5714 1737 5773 εἴδοσαν.
1761 5713 1923 5771 Εοιτ.
