3934 6218
382 403 483 463 691
1194 405 1253 463 s.
1289 407 1665 466 ATHANASII
1705 397 1853 466 orp;
1894 410 2074 467 PARS
2110 408 2201 466 ιιι.
2239 440 2307 452 -
2344 407 2752 465 EXEGETICA.
3496 398 3597 458 εει

445 536 513 608 ,5.
551 534 621 592 Ut
651 536 848 603 videat,
882 539 928 593 si
966 547 1060 594 est
1116 538 1462 611 intelligens,
1519 550 1612 595 aut
1664 544 1945 612 requirens

387 624 577 683 Deum.

2137 548 2170 599 ἰ.
2203 544 2307 597 Τοῦ
2338 543 2483 605 ἰδεῖν,
2513 543 2561 594 εἰ
2590 540 2704 594 ἔστι
2740 536 2956 605 συνιῶν,
2991 539 3025 607 ἥ
3056 536 3302 609 ἐκζητῶν
3329 532 3420 589 τὸν
3452 533 3601 590 Θεὸν.

2590 633 2616 661 δ

468 644 577 683 um.
2592 644 2616 661 υ
2995 661 2998 665 .

460 719 517 777 6.
551 718 751 778 Omnes
801 721 1260 789 declinaverunt,
1313 723 1476 778 simul
1535 725 1754 782 inutiles
1819 726 1947 782 facti

2137 726 2168 780 ἰ.
2196 724 2403 785 Πάντες
2429 718 2724 785 ἐξέκλιναν,
2753 717 2868 789 ἅμα
2896 714 3273 787 ἢχρειώθησαν
3298 728 3314 743 ’

392 821 553 869 sunt:

463 907 517 962 7.
547 907 667 963 Non
691 916 775 963 est
811 908 905 978 qui
937 907 1103 965 faciat
1128 910 1352 973 bonum,
1393 924 1501 964 non
1536 918 1620 966 est
1666 925 1838 981 usque
1885 911 1952 965 ad

2137 903 2175 956 ἵ.
2213 901 2325 954 Οὐκ
2342 897 2456 952 ἔστι
2473 897 2642 950 ποιῶν
2670 895 3039 971 χρηστότητα,
3063 893 3164 948 οὐκ
3188 891 3332 947 ἔστιν
3347 890 3452 955 ἓως
3468 891 3585 955 ἑνός

394 1015 586 1055 unum.

464 1093 516 1147 8.
552 1089 743 1148 Nonne
774 1103 1105 1164 cognoscent
1144 1110 1356 1161 omnes,
1407 1094 1501 1166 qui
1533 1103 1824 1166 operantur
1850 1093 1954 1147 ini-

2137 1077 2177 1131 Β.
2211 1075 2344 1145 Οὐχὶ
2371 1075 2665 1143 γνώσονται
2691 1072 2888 1135 πάντες
2915 1071 2965 1123 οἱ
2991 1067 3343 1141 ἐργαζόμενοι
3368 1066 3464 1139 τὴν
3485 1066 3608 1120 ἀνο-

394 1184 656 1253 quitatem
680 1228 695 1252 ,

2137 1186 2214 1232 ιν,

466 1276 520 1329 9.
552 1273 656 1340 Qui
685 1275 949 1331 devorant
968 1278 1180 1348 plebem
1200 1294 1378 1335 meam
1396 1279 1540 1336 sicut
1560 1295 1738 1336 escam
1762 1279 1954 1350 panis?

2137 1261 2174 1315 9.
2208 1261 2276 1315 Οῖ
2301 1259 2571 1322 ἐσθίοντες
2590 1257 2681 1311 τὸν
2712 1257 2837 1310 λαόν
2871 1273 2978 1327 μου
3007 1256 3064 1308 ὲν
3093 1251 3292 1326 βρώσει
3321 1252 3519 1324 ἄρτους

470 1366 556 1421 10.
594 1366 885 1431 Dominum
921 1385 1031 1425 non
1066 1370 1475 1427 invocaverunt.

2137 1352 2221 1406 l0.
2249 1350 2351 1403 Τὸν
2374 1348 2578 1420 Κύριον
2610 1348 2708 1400 οὐκ
2735 1343 3161 1431 ἐπεκαλέσαντοο

472 1458 561 1513 11.
592 1457 707 1515 Illic
739 1460 1148 1531 trepidaverunt
1197 1465 1415 1528 timore,
1451 1462 1545 1517 ubi
1578 1478 1684 1518 non
1732 1472 1848 1518 erat
1872 1461 1956 1527 pti-

2137 1443 2217 1496 II.
2258 1443 2408 1495 Ἐκεῖ
2437 1439 2736 1493 ὲδειλίασαν
2763 1437 2933 1507 φόϐῳ,
2957 1427 3016 1489 οὗ
3051 1435 3149 1488 οὐκ
3176 1427 3243 1503 ἦν
3273 1429 3436 1501 φόϐος
3459 1445 3473 1458 ·

398 1568 523 1608 mor
546 1572 559 1607 Ξ

2135 1620 2220 1675 12.
2256 1620 2378 1673 Ὅτι
2401 1617 2605 1689 Κύριος
2635 1633 2692 1670 εν
2712 1616 2875 1685 γενεᾷ
2899 1613 3142 1667 δικαίων.

2133 1714 2218 1768 15.
2249 1710 2452 1783 Βουλὴν
2479 1708 2692 1781 πτωχοῦ
2724 1704 3096 1778 κατῃσχύνατε
3118 1720 3133 1735 ο

1990 1786 2033 1841 Β
2133 1803 2219 1856 14.
2269 1802 2326 1856 ’0
2354 1802 2411 1854 δὲ
2440 1801 2641 1871 Κύριος
2676 1798 2829 1861 ἐλπὶς
2865 1793 3027 1850 αὑτοῦ
3062 1795 3197 1846 ἐστι.

2134 1894 2222 1948 15.
2245 1893 2342 1955 Τίς
2365 1891 2523 1945 δώσει
2551 1893 2613 1943 ἐκ
2634 1888 2770 1943 Σιὼν
2793 1888 2853 1940 τὸ
2890 1886 3153 1956 σωτήριον
3175 1879 3267 1936 τοῦ
3305 1877 3550 1950 ’ῐσραήλς

2136 1984 2222 2040 16.
2263 1985 2350 2038 Ἐν
2378 1983 2457 2054 τῷ
2502 1980 2829 2053 ἐπιστρέψαι
2872 1976 3076 2048 Κύριον
3121 1973 3218 2045 τὴν
3254 1966 3618 2041 αἰχμαλωσίαν

2063 2078 2158 2132 τοῦ
2181 2077 2323 2131 ’λαοῦ
2352 2074 2515 2130 αὐτοῦ
2544 2114 2558 2136 ,

2139 2168 2226 2223 17.
2276 2166 2689 2236 Ἀγαλλιάσεται
2754 2158 2950 2214 Ἰακὼϐ
2978 2201 2995 2226 ,
3045 2156 3137 2211 καὶ
3196 2149 3619 2224 εὐφρανθήσεται

473 1645 562 1699 12.
596 1644 866 1710 Quoniam
902 1648 1164 1704 Dominus
1191 1649 1246 1703 in
1286 1649 1637 1720 generatione
1660 1648 1955 1720 iustorum.

469 1736 556 1792 13.
593 1737 894 1793 Consilium
928 1741 1106 1810 inopis
1136 1739 1505 1807 confudistis;

470 1829 557 1884 14.
587 1830 657 1883 At
684 1827 955 1886 Dominus
981 1847 1108 1902 spes
1135 1832 1258 1902 ejus
1287 1842 1389 1887 est.

471 1923 560 1979 15.
593 1923 729 1991 Quis
761 1924 913 1979 dabit
936 1940 1002 1980 ex
1038 1924 1170 1982 Sion
1206 1927 1446 1981 salutare
1476 1924 1684 1981 Israel?

476 2016 563 2070 16.
597 2016 735 2072 Cum
785 2019 1043 2073 averterit
1075 2016 1342 2073 Dominus
1385 2017 1753 2089 captivitatem
1785 2017 1962 2088 plebis

404 2122 517 2163 suae
540 2148 555 2170 ,

478 2200 567 2253 17.
598 2199 904 2257 Exsultabit
937 2199 1106 2257 Iacob
1126 2241 1141 2266 ,
1173 2208 1228 2256 et
1252 2201 1528 2258 laetabitur
1561 2201 1751 2259 Israel.

2082 2258 2317 2313 Ἰσραήλ.

571 2354 636 2409 In
666 2357 825 2427 ﬁnem
851 2357 1086 2428 psalmus
1110 2357 1305 2413 David.
1333 2355 1598 2413 PSALM.
1634 2353 1795 2411 XIV.

2137 2277 2348 2417 ῒὲσὶῗῒὸ
2378 2348 2551 2414 τέλος
2582 2346 2825 2417 ψαλμὸς
2847 2344 2927 2411 τῷ
2950 2340 3146 2398 Δαϐίδ.
3178 2335 3412 2393 ΨΑΛΜ.
3434 2336 3541 2391 ΙΔ⁹.

480 2447 532 2502 1.
567 2446 816 2520 Domine,
840 2450 966 2521 quis
1006 2450 1273 2507 habitabit
1301 2449 1356 2505 in
1385 2447 1739 2505 tabernaculo
1769 2446 1910 2501 tuo?

2143 2444 2196 2498 1.
2226 2442 2421 2513 Κύριε,
2445 2442 2530 2507 τίς
2557 2441 2883 2512 παοοικήσει
2904 2439 2962 2493 ἐν
2983 2429 3403 2510 τῷκσκηνώματί
3429 2440 3555 2493 dou;

1532 2728 1903 2786 ATHANASII
1941 2726 2518 2785 INTERPRETATIO.

483 3047 538 3104 5.
572 3045 677 3113 Qui
707 3053 885 3102 mente
909 3045 1079 3101 Deum
1109 3047 1400 3118 concipiat,
1428 3046 1687 3117 illumque
1712 3052 1938 3116 quaerat.

2142 3047 2196 3102 5.
2235 3047 2379 3099 Ἀνω
2407 3044 2592 3097 λαϐεῖν
2617 3042 2708 3096 τὸν
2730 3041 2882 3104 Θεὸν,
2918 3039 3012 3093 καὶ
3038 3036 3219 3109 ζητεῖν
3255 3034 3463 3092 τοῦτον.

482 3140 536 3194 6.
577 3139 781 3194 Omnes
802 3148 1169 3204 recesserunt,
1198 3139 1362 3195 simul
1384 3137 1605 3194 inutiles
1632 3137 1757 3193 facti
1791 3145 1938 3203 sunt,

2147 3140 2199 3193 6.
2233 3139 2439 3200 Πάντες
2464 3135 2799 3205 ἀπέστησαν,
2832 3132 2949 3204 ἅμα
2981 3130 3239 3202 ἄχρηστοι
3267 3128 3530 3197 ἐγένοντο.

485 3233 535 3287 7.
567 3231 686 3288 Νοιι
712 3242 794 3288 est
834 3231 1038 3288 faciens
1083 3232 1310 3297 bonum,
1357 3247 1466 3287 non
1501 3240 1585 3287 est
1613 3246 1790 3302 neque
1829 3245 1958 3285 unus

2150 3228 2199 3283 7.
2230 3229 2342 3282 Οὐκ
2369 3227 2484 3279 ἔστι
2507 3224 2672 3278 ποιῶν
2706 3222 2928 3292 ἀγαθὸν,
2944 3222 3044 3274 οὐκ
3066 3219 3210 3273 ἔστιν
3237 3216 3341 3280 ἕως
3379 3214 3499 3278 ἑνὸς
3525 3210 3631 3266 τῶν

413 3339 626 3389 eorum,
652 3323 799 3392 quia
833 3321 944 3378 Deo
969 3323 1243 3378 deﬁciunt.

2137 3317 2515 3372 ιοστατούντων
2545 3315 2649 3369 ἀπὸ
2672 3313 2765 3368 τοῦ
2792 3311 2946 3366 Θεοῦ.

484 3413 539 3469 8.
575 3412 920 3482 lniquitatem
956 3419 1245 3483 operantes
1276 3425 1386 3466 non
1422 3419 1751 3483 cognoscent
1792 3409 1958 3465 Domi-

2150 3412 2203 3466 8.
2232 3413 2295 3465 Οἱ
2338 3409 2694 3481 ἐργαζόμενοι
2725 3407 2822 3478 τὴν
2862 3404 3088 3475 ἀνομίαν
3126 3402 3188 3455 οὐ
3218 3397 3514 3469 γνώσονται
3543 3392 3632 3448 τδν

414 3518 567 3557 num.

2137 3504 2298 3576 ύριον.

485 3596 543 3652 9.
572 3595 948 3666 Opprimentes
972 3596 1203 3667 justum.
1536 3608 1541 3621 '

2147 3595 2201 3650 9.
2235 3598 2297 3649 υἱ
2319 3593 2876 3654 καταδυναστεύοντες
2902 3589 2992 3644 τὸν
3017 3587 3238 3642 δίκαιον.

484 3689 572 3743 10.
603 3686 721 3744 Νοιι
757 3703 880 3743 eum
912 3699 1212 3759 posuerunt
1245 3688 1349 3745 sibi
1374 3687 1700 3763 adiutorem.
1801 3700 1827 3751 δ

2151 3687 2240 3742 10.
2276 3687 2389 3742 Οὐκ
2416 3687 2598 3741 ἔθεντο
2621 3684 2781 3738 αὐτὸν
2814 3680 3038 3754 βοηθόν..

457 3780 572 3833 ι11.
601 3778 678 3834 De
703 3780 909 3835 mundo
936 3779 1195 3850 loquitur.

2137 3780 2236 3843 11.
2270 3779 2367 3842 Εἰς
2404 3776 2493 3830 τὸν
2522 3774 2725 3846 κόσμον
2749 3771 2917 3840 λέγει.

492 3873 578 3927 12.
607 3871 666 3927 In
700 3873 877 3927 medio
907 3873 1151 3942 ipsorum
1188 3870 1511 3934 inambulat,
1537 3868 1592 3925 e't
1615 3869 1905 3925 inhabitat.

2146 3873 2236 3926 12.
2280 3872 2368 3923 Ἐν
2405 3869 2553 3940 μέσῳ
2576 3864 2752 3921 αὐτῶν
2784 3858 3167 3934 ὲμπεριπατεῖ,
3194 3872 3289 3910 και
3312 3851 3534 3907 ενοικεῖ.

488 3965 580 4020 15.
613 3963 732 4020 Non
756 3964 1043 4035 accepistis
1072 3963 1345 4030 justorum
1380 3962 1708 4017 doctrinam.

2150 3964 2236 4018 15.
2269 3962 2379 4034 Τὴν
2403 3957 2622 4030 διδαχὴν
2647 3956 2759 4010 τῶν
2788 3953 3009 4008 δικαίων
3038 3952 3136 4005 οὐκ
3161 3944 3433 4015 ἐδέξασθε.

488 4059 575 4113 14.
616 4057 859 4117 lEternae
889 4055 1287 4112 retributionis.

2152 4052 2235 4107 14.
2268 4053 2379 4122 Τῆς
2402 4048 2620 4103 αἰωνίου
2656 4043 3091 4117 μισθαποδοσίας.

487 4149 577 4205 15.
609 4148 726 4207 Nisi
755 4151 870 4220 ipse
892 4164 989 4219 per
1030 4163 1089 4205 se
1112 4148 1290 4218 ipsum
1319 4146 1574 4216 largietur
1601 4145 1834 4202 salutem
1858 4161 1958 4201 om.

2153 4145 2238 4199 15.
2271 4144 2335 4196 Et
2358 4141 2434 4213 μὴ
2465 4140 2625 4203 αὐτὸς
2669 4137 2734 4191 δι’
2772 4134 2965 4189 ἑαυτοῦ
3014 4133 3294 4204 χαρίσεται
3324 4128 3423 4200 τὴν
3468 4141 3637 4220 σωτηο

431 4243 598 4299 nibus
636 4243 690 4297 in
732 4258 856 4297 eum
901 4240 1289 4296 credentibus:
1324 4236 1489 4292 Israel
1539 4238 1683 4293 enim
1714 4239 1958 4308 interpret

2137 4255 2199 4292 αν
2231 4238 2342 4298 τοῖς
2362 4236 2442 4297 εἰς
2473 4232 2636 4286 αὐτὸν
2669 4226 3033 4282 πιστεύουσιν.
3075 4222 3290 4296 Ἰσραὴλ
3316 4220 3427 4290 γὰρ
3465 4218 3637 4290 ἑρμη-

419 4344 565 4390 tatur
588 4335 668 4391 vir
697 4336 873 4389 videns
900 4332 1063 4387 Deum
1083 4372 1098 4397 ,

2141 4326 2289 4378 ύεται
2315 4324 2470 4392 ἀνὴρ
2498 4320 2652 4391 ὁρῶν
2685 4320 2853 4374 Θεόν.

490 4427 577 4483 16.
615 4427 672 4481 in
708 4441 890 4491 cruce,
922 4425 1074 4480 dicit.

2152 4417 2239 4471 16.
2285 4417 2371 4470 Ἐν
2405 4415 2482 4485 τῷ
2510 4412 2746 4484 σταυρῷ,
2774 4412 2941 4479 λέγει.

488 4521 577 4573 17.
608 4487 885 4590 Populum
913 4518 1066 4583 dicit,
1111 4522 1205 4587 qui
1255 4533 1322 4572 ex
1371 4513 1575 4571 Iudaeis
1623 4525 1678 4569 et
1727 4515 1958 4585 gentibus

2154 4509 2240 4562 17.
2275 4508 2379 4560 Τὸν
2410 4505 2537 4558 λαὸν
2561 4502 2621 4568 ἐξ
2655 4503 2938 4567 Ἰουδαίων,
2966 4501 3059 4555 καὶ
3088 4498 3148 4564 ἐξ
3186 4497 3353 4551 ἐθνῶν
3382 4492 3641 4566 μέλλοντα

421 4583 729 4667 crediturus
766 4619 880 4666 est:
922 4609 1090 4665 Jacob
1116 4583 1260 4665 enim
1291 4606 1663 4677 supplantator
1712 4583 1958 4674 interpret

2137 4600 2361 4655 ιστεύειν
2383 4598 2550 4666 λέγει.
2589 4592 2784 4650 Ἰακὼὸ
2818 4591 2927 4664 γὰρ
2957 4588 3317 4677 πτερνιστὴς
3349 4583 3643 4677 ἑρμηνεύε-

423 4710 589 4769 tatur,
620 4702 811 4773 quales
838 4709 995 4757 erant
1041 4699 1245 4756 Judari:
1293 4673 1459 4754 Israel
1490 4704 1670 4751 autem
1699 4673 1871 4764 gentes
1903 4692 1958 4746 si!

2137 4706 2196 4751 ιι,
2245 4689 2380 4758 ὅπερ
2404 4681 2543 4756 ἦσαν
2568 4686 2616 4737 οἱ
2657 4681 2917 4746 Ἰουδαῖοι,
2946 4680 2995 4732 οἱ
3028 4676 3243 4749 Ἰσραὴλ
3274 4674 3402 4729 θετὰ
3443 4673 3644 4746 [Ἰσρα-

420 4794 661 4867 gniﬁcat.

2137 4789 2153 4833 ι
2197 4778 2252 4832 δὲ
2290 4776 2394 4848 τὰ]
2429 4775 2592 4842 ἔθνη.

504 4994 568 5047 Ἢ
597 4993 928 5066 προκειμένη
960 4995 1237 5066 ἐπιγραφὴ
1267 4997 1506 5066 περιέχει
1525 5008 1539 5022 ·
1561 4992 1667 5057 Εἰς
1693 4988 1762 5044 τὸ
1783 4986 1956 5051 τέλος
1992 4981 2235 5052 ψαλμὸς
2279 4981 2361 5047 τῷ
2405 4979 2601 5035 Δαϐίδ.
2630 4977 2800 5033 Τοῦτο
2839 4971 2930 5031 οὖν
2975 4972 3249 5066 σημαίνει,
3275 4970 3411 5039 ὅπερ
3435 4964 3646 5066 εἴρηται

419 5087 501 5152 είς
530 5053 655 5152 τοὺξ
685 5053 1023 5158 σωζομένους
1270 5053 1734 5158 ὲν.τῇ“συντελείᾳ
1757 5080 1850 5134 τοῦ
1883 5076 2093 5141 αἰῶνος.
2117 5074 2280 5128 Δαὸὶδ
2301 5073 2408 5143 γὰρ
2431 5070 2788 5143 ἑρμηνεύεται
2820 5064 3258 5158 πεενιέοθνιιιμένοςζ
3286 5057 3596 5158 ’τουτέστιν
3616 5053 3645 5104 ὁ

418 5146 578 5251 χορὸς
608 5146 715 5233 των
744 5146 933 5249 ἁγίων,
964 5146 1023 5231 ὃν
1063 5146 1327 5249 ὁ’Κύριος
1354 5146 1598 5247 ποθήσας
1621 5146 1878 5236 είς-τέλος
1905 5168 2188 5238 ἠγάπησεν
2219 5165 2434 5228 αὐτοὺς,
2469 5163 2562 5216 καὶ
2596 5160 2910 5233 παρέδωκεν
2938 5155 3098 5210 αὐτὸν
3130 5155 3210 5215 εἰς
3236 5150 3465 5203 θάνατον
3505 5146 3644 5215 ὑπὲρ

418 5275 514 5330 τοῦ
538 5274 913 5345 πεποθημένου
935 5271 1096 5345 χοροῦ
1118 5272 1224 5325 τῶν
1261 5270 1450 5339 ἁγίων.

493 5329 856 5436 Titulus,"qui
892 5329 1102 5437 psalmo
1135 5329 1491 5436 prmponitur,
1528 5360 1812 5416 continet:
1847 5358 1900 5411 in
1930 5356 2088 5426 ﬁnem
2131 5353 2367 5423 psalmus
2392 5348 2581 5403 David.
2619 5344 2732 5400 Hoc
2754 5350 2938 5397 autem
2973 5337 3262 5437 significat,
3287 5332 3434 5437 quod
3466 5329 3646 5437 dictus

422 5467 506 5515 est
532 5429 849 5522 deisanctis,
879 5429 973 5529 qui
1006 5429 1153 5514 salvi-
1175 5429 1312 5512 ﬁunt
1333 5458 1387 5511 in
1421 5451 1892 5511 consummatione
1924 5449 2127 5506 saeculi.
2183 5446 2351 5501 David
2382 5443 2526 5499 enim
2570 5443 2954 5509 interpretatur
2995 5430 3369 5529 desideratus:
3421 5429 3647 5529 h.oc.est

422 5550 624 5605 chorus
647 5514 983 5615 sanctorulm,
1015 5565 1176 5621 quem
1208 5548 1472 5604 Dominus
1492 5547 1804 5604 desiderans
1830 5558 2002 5615 usque
2022 5542 2080 5598 in
2102 5541 2260 5597 linem
2279 5537 2483 5603 dilexit,
2507 5544 2562 5591 et
2595 5531 2818 5621 tradidit
2848 5527 3009 5585 morti
3032 5540 3090 5581 se
3111 5524 3288 5594 ipsum
3311 5533 3412 5591 pro
3434 5514 3645 5604 deside-

424 5646 546 5696 rato
571 5649 883 5695 sanctorum
915 5643 1107 5696 choro.

499 5795 549 5850 1.
586 5793 643 5849 In
681 5794 898 5850 civitate
922 5807 1015 5851 tua
1048 5801 1258 5850 sancta.

2166 5782 2217 5837 1.
2259 5782 2345 5834 Ἐν
2375 5781 2438 5850 τῇ
2474 5776 2624 5831 πόλει
2660 5791 2752 5829 σου
2786 5775 2852 5844 τῇ
2880 5769 3027 5841 ἁγίᾳ.
