3934 6218
300 311 398 366 695
1199 309 1285 362 DE
1325 308 1602 365 TITULIS
1639 308 2082 364 PSALMORUM.
2117 302 2402 365 -"PS'A’L.
2446 303 2559 366 XV.
3403 314 3507 369 694

367 425 422 477 2.
455 424 523 476 Ἢ
552 422 635 486 τίς
664 423 1073 495 κατασκηνώσει
1107 427 1164 476 ἐν
1198 426 1312 493 ϐρει
1344 426 1481 494 ἁγίῳ
1510 443 1632 491 σου;
1890 431 1920 488 Α

1890 431 1937 488 Α
2029 427 2084 480 2.
2123 429 2230 482 Aut
2265 429 2387 498 quis
2419 428 2720 496 requiescet
2745 427 2796 482 in
2821 437 3004 482 monte
3031 439 3220 482 sancto
3249 428 3375 482 tuo?

371 514 425 569 5.
458 515 830 586 Πορευόμενος
853 518 1098 587 ἄμωμος,
1139 519 1232 570 καὶ
1273 518 1634 590 ἐργαζόμενος
1661 520 1863 574 δικαιο-

2035 521 2087 575 5.
2121 520 2224 587 Qui
2255 522 2555 590 ingreditur
2581 522 2698 576 sine
2739 522 2972 585 macula,
2994 530 3044 576 ct
3080 529 3335 590 operatur
3359 522 3518 592 justi-

305 608 472 678 σύνην

1962 613 2090 669 tiam
2115 632 2126 667 :

374 697 427 752 4.
460 697 650 750 Λαλῶν
671 698 926 767 ἀλήθειαν
953 700 1010 753 ὲν
1048 701 1244 772 καρδίᾳ
1274 700 1436 753 αὐτοῦ
1465 719 1478 734 ο

2035 706 2086 758 4.
2124 703 2225 770 Qui
2269 705 2508 774 loquitur
2535 704 2810 758 veritatem
2833 704 2886 757 in
2909 704 3072 759 corde
3105 719 3236 758 suo:

374 789 428 846 5.
470 791 567 852 ’ος
596 791 695 844 οὐκ
729 791 982 845 ἐδόλωσεν
1011 794 1067 846 ὲν
1101 793 1316 865 γλώσσῃ
1349 795 1510 848 αὑτοῦ
1535 837 1551 862 ,

2036 796 2090 850 5.
2125 794 2229 861 Qui
2263 809 2368 848 non
2401 796 2510 865 egit
2533 794 2713 849 dolum
2744 794 2797 848 in
2822 794 3001 864 lingua
3034 809 3165 850 sua:

377 882 430 937 6.
461 881 593 956 Οὑδέ
613 882 828 953 ἐποίησε
856 883 933 954 τῷ
968 884 1191 955 πλησίον
1236 886 1399 940 αὑτοῦ
1431 889 1598 941 κακόν
1623 902 1637 918 ⁶

1507 889 1598 941 κόν
1623 902 1637 918 ο
2038 887 2089 942 6.
2122 885 2232 942 Nec
2262 886 2390 941 fecit
2420 886 2669 956 proximo
2695 901 2794 942 suo
2824 886 3060 940 malum:

369 975 420 1028 7.
452 952 914 1045 Ka't'dvstorcpov‘
949 952 1284 1031 obxvéla6av
1331 981 1422 1032 ἐπὶ
1467 979 1593 1044 τοὺς
1641 980 1868 1050 ἔγγιστα

2042 979 2095 1032 7.
2128 976 2195 1032 Et
2217 952 2570 1048 opprobrium
2599 991 2705 1031 non
2727 975 2935 1045 accepit
2967 977 3223 1030 adversus
3245 979 3519 1044 proximos

306 1067 490 1123 αὑτοῦ.

1969 1084 2120 1124 SUOS.

381 1159 432 1217 8.
483 1160 857 1227 Ἑξουδένωται
893 1159 1120 1216 ἐνώπιον
1145 1162 1306 1215 αὐτοῦ
1337 1165 1781 1234 πονηρευόμενος·

2038 1163 2091 1217 8.
2126 1161 2206 1214 Ad
2251 1161 2482 1215 nihilum
2533 1160 2799 1217 deductus
2848 1170 2930 1215 est
2976 1160 3030 1214 in
3078 1170 3370 1216 consncctu
3405 1159 3521 1228 ejus

1946 1280 1951 1286 -
1969 1255 2266 1326 malignus:

381 1338 432 1392 9.
463 1337 601 1399 Τοὺς
627 1336 682 1389 δὲ
717 1337 1082 1409 φοϐουμένους
1109 1340 1198 1393 τὸν
1223 1341 1423 1413 Κύριον
1445 1341 1675 1407 δοξάζει.

2039 1346 2096 1402 9.
2127 1344 2404 1399 Timentes
2429 1353 2608 1400 autem
2651 1343 2939 1399 Dominum
2981 1342 3262 1414 gloriﬁcat.

383 1428 468 1482 10.
516 1430 573 1482 '0
596 1429 808 1498 ὀμνύων
833 1431 910 1501 τῷ
934 1433 1159 1502 πλησίον
1187 1433 1370 1498 αὐτοῦ,
1395 1436 1485 1487 καὶ
1513 1437 1608 1489 οὐκ
1641 1435 1865 1490 ἀθετῶν·

1793 1435 1865 1490 ὒν·
2046 1435 2134 1490 10.
2174 1435 2278 1500 Qui
2303 1435 2450 1505 jurat
2479 1434 2726 1505 proximo
2751 1451 2871 1502 suo,
2896 1445 2949 1490 et
2988 1452 3092 1490 non
3117 1434 3346 1504 decipit:

386 1518 469 1572 11.
506 1519 578 1571 Τὸ
611 1519 869 1590 ἀργύριον
895 1522 1056 1576 αὑτοῦ
1098 1524 1196 1576 οὐκ
1229 1524 1424 1578 ἔδωκεν
1450 1528 1541 1580 ἐπὶ
1569 1528 1729 1598 τόκῳ·

2045 1527 2132 1580 11.
2166 1526 2270 1593 Qui
2309 1527 2593 1596 pecuniam
2629 1542 2783 1582 suam
2812 1543 2921 1581 non
2950 1527 3095 1582 dedit
3121 1526 3188 1580 ad
3219 1542 3471 1581 usuram:

385 1609 468 1663 12.
501 1611 610 1663 Καὶ
636 1611 780 1682 δῶρα
807 1614 892 1666 ἐπ’
926 1614 1124 1678 ἀθώοις
1148 1617 1246 1670 οὐκ
1276 1617 1483 1672 ἔλαϐεν.

2045 1618 2130 1672 12.
2169 1617 2234 1671 Ει
2260 1633 2484 1672 munera
2519 1633 2677 1688 super
2710 1618 3026 1672 innocentes
3060 1633 3166 1673 non
3195 1617 3422 1686 accepit.

384 1705 465 1759 15.
509 1706 568 1758 Ὀ
593 1704 759 1757 ποιῶν
782 1706 957 1760 ταῦτα
983 1709 1042 1760 οὐ
1063 1709 1450 1782 σαλευθήσεται
1478 1713 1556 1776 είς
1568 1712 1657 1766 τὸν
1679 1713 1866 1768 αίῶνα.
1902 1765 1937 1823 Β

1942 1775 1944 1787 _
2045 1709 2132 1763 15.
2161 1708 2266 1774 Qui
2307 1708 2436 1764 facit
2472 1711 2606 1777 hazc,
2639 1724 2746 1763 non
2784 1710 3084 1765 movebitur
3117 1711 3170 1764 in
3215 1719 3495 1764 aeternum.

1942 1797 1945 1816 ι

460 1798 893 1886 ’Στηλογραφία
943 1817 1023 1884 τῷ
1065 1821 1260 1874 Δαϐίδ.
1317 1825 1544 1880 ΨΑΛΜ.
1578 1829 1690 1882 ΙΕ’.
1902 1798 1945 1823 υ

1902 1798 1945 1823 υ
2083 1824 2248 1877 Tituli
2279 1823 2549 1892 inscriptio
2577 1863 2592 1887 ,
2626 1823 2724 1891 ipsi
2762 1823 2956 1877 David.
3000 1823 3265 1879 PSALH.
3301 1824 3423 1879 XV.

384 1924 434 1978 1.
469 1923 701 1989 Φύλαξὸν
735 1944 824 1996 με,
853 1927 1055 1998 Κύριε·
1089 1932 1170 1983 ὅτι
1205 1933 1296 1985 ἐπὶ
1327 1934 1408 1987 σοὶ
1436 1937 1657 2006 ἠλπισα.

2048 1935 2098 1989 1.
2135 1933 2408 1989 Conserva
2427 1949 2534 1997 me,
2567 1933 2827 2001 Domine;
2855 1934 3112 2004 quoniam
3145 1934 3353 2004 speravi
3384 1934 3437 1988 in
3459 1942 3527 1989 te.

385 2014 439 2068 2.
470 2011 614 2068 Εἷπα
637 2015 714 2085 τῷ
750 2019 973 2089 Κυρίῳ’
1009 2021 1211 2092 Κύριός
1247 2043 1345 2094 μου
1376 2022 1425 2080 εί
1462 2030 1525 2081 σὺ
1547 2069 1561 2093 ,

2043 2027 2099 2081 2.
2139 2025 2258 2078 Dixi
2301 2024 2561 2080 Domino:
2605 2024 2745 2082 Deus
2772 2042 2924 2081 meus
2965 2041 3023 2080 es
3056 2035 3147 2090 tu,

385 2106 439 2160 5.
476 2107 595 2159 Ὅτι
625 2106 732 2160 τῶν
762 2109 980 2176 ἀγαθῶν
1013 2130 1112 2183 μου
1139 2115 1198 2167 οὑ
1226 2119 1412 2188 χρείαν
1440 2119 1602 2190 ἔχεις.

2045 2120 2098 2174 5.
2135 2118 2404 2184 Quoniam
2434 2118 2700 2174 bonorum
2735 2135 2977 2175 meorum
3019 2134 3127 2174 non
3155 2134 3298 2190 eges.

385 2197 442 2252 4.
474 2197 598 2262 Τοῖς
621 2197 796 2265 ἁγίοις
819 2203 929 2264 τοῖς
960 2203 1016 2256 ἐν
1044 2207 1107 2276 τῇ
1137 2208 1205 2277 γῇ
1239 2207 1425 2261 αὐτοῦ·
1458 2209 1878 2282 ἐθαυμάστωσεν

2050 2211 2106 2266 4.
2146 2209 2399 2276 Sanctis,
2447 2211 2542 2280 qui
2577 2219 2705 2266 sunt
2743 2211 2798 2266 in
2851 2219 2994 2266 terra
3028 2211 3178 2282 ejus.
3231 2210 3538 2267 miriﬁeavit

313 2292 590 2364 ὁςΚύριος,

1980 2303 2243 2358 Dominus
2265 2343 2279 2365 ,

396 2384 450 2440 5.
484 2385 668 2440 Πάντα
686 2385 752 2440 τὰ
789 2386 1064 2459 θελήματα
1083 2389 1245 2443 αὐτοῦ
1267 2392 1323 2444 ἐν
1346 2391 1543 2456 αὐτοῖς.

1490 2395 1543 2456 ῖς.
2053 2396 2108 2451 5.
2139 2393 2339 2451 Omnes
2361 2397 2668 2454 voluntates
2692 2412 2821 2454 suas
2854 2397 2907 2452 in
2945 2398 3043 2455 eis.

1433 2637 1808 2694 ATHANASII
1845 2639 2422 2700 INTERPRETATIO.

396 2855 453 2912 2.
499 2857 586 2912 Ἐν
612 2861 678 2930 τῇ
707 2861 818 2914 ἄνω
853 2860 1220 2932 Ἰερουσαλήμ.

2058 2865 2113 2920 2.
2143 2867 2202 2921 In
2234 2882 2468 2939 superna
2497 2866 2817 2924 Jerusalem.

397 2948 451 3004 5.
482 2950 852 3022 Πορευόμενος
879 2954 936 3005 ἐν
959 2952 1160 3019 πίστει,,
1185 2953 1278 3006 καὶ
1303 2955 1664 3027 ἐργαζόμενος
1684 2955 1886 3011 δικαιο-

1792 2973 1886 3010 ιιο-
2060 2958 2114 3012 5.
2144 2957 2453 3015 Procedens
2475 2961 2530 3014 in
2551 2959 2676 3029 ﬁde,
2708 2969 2762 3016 et
2792 2973 3023 3031 operans
3046 2960 3345 3031 justitiam:

325 3058 514 3112 συνην.
2232 3104 2238 3109 _

397 3133 452 3188 4.
501 3134 899 3208 Ἀνυποκρίτως
927 3135 1121 3201 οὕτως.
1919 3192 1950 3208 η

1919 3192 1956 3208 η
2065 3138 2117 3193 4.
2154 3137 2232 3193 lta
2254 3139 2374 3195 sine
2406 3140 2765 3197 simulatione.

397 3221 450 3276 5.
497 3222 555 3276 '0
583 3224 717 3296 πρὸς
737 3192 954 3288 ’πάντ-ας
979 3192 1297 3297 ἀνθρώπους
1335 3227 1555 3300 ἀγάπην
1585 3229 1746 3300 ἔχων.
1916 3192 1950 3249 C

1916 3192 1958 3249 ε
2065 3192 2118 3283 ἐ.
2152 3192 2292 3301 Erga
2313 3192 2507 3288 οὲηξιξέ
2520 3192 2778 3287 rga}...
2805 3231 3010 3286 habens
3034 3229 3373 3297 cliaritatem,

397 3312 452 3367 6.
489 3314 602 3367 Οὐκ
630 3314 801 3385 ἐχάρη
836 3315 1020 3378 κακῶς
1054 3315 1368 3386 πασχόντων
1409 3318 1518 3372 τῶν
1557 3319 1765 3390 ἐχθρῶν
1795 3319 1891 3372 αὐ-

2062 3321 2115 3376 6.
2149 3315 2268 3380 Non
2295 3325 2514 3396 gavisus
2547 3331 2630 3380 est
2651 3323 2810 3379 malis
2847 3339 3070 3379 suorum
3105 3323 3473 3388 inimicorum,

333 3425 420 3460 σου
431 3447 443 3460 .

400 3499 450 3552 7.
485 3498 622 3552 Οὔτε
649 3498 923 3553 ὠνείδισεν
951 3503 1145 3567 αὐτοὺς
1172 3505 1256 3574 ἐφ’
1287 3499 1368 3568 οἷς
1396 3507 1658 3579 ἥμαρτον.

2068 3501 2123 3556 7.
2154 3497 2341 3571 Neque
2363 3501 2714 3571 opprobravit
2737 3502 2817 3556 eis
2851 3516 2973 3571 quae
3002 3507 3380 3572 peccaverunt.

397 3589 451 3643 8.
497 3591 908 3662 Ἀνθιστάμενος
939 3593 1016 3664 τῷ
1041 3595 1179 3666 Θεῷ,
1210 3595 1378 3664 λέγει.
2064 3589 2118 3644 8ο
2157 3589 2266 3646 Deo
2295 3591 2579 3656 ΐθείειεηεν
2610 3592 2706 3648 ait.

401 3683 454 3736 9.
486 3683 643 3736 Αὐτῶ
677 3684 753 3754 τῷ
781 3686 1062 3754 φοϐεῖσθαι
1091 3689 1286 3753 αὐτοὺς
1317 3690 1499 3744 αὐτόν.

2065 3681 2236 3744 9.,οὺ
2267 3681 2321 3735 id
2352 3682 2726 3766 ipsumhquod
2750 3697 2872 3737 eum
2897 3682 3105 3736 timent.

403 3773 490 3828 10.
527 3775 616 3845 Μὴ
644 3775 988 3848 ψευδόμενος.
1923 3813 1931 3822 ν

1923 3813 1931 3822 .
2065 3772 2152 3827 10.
2183 3771 2305 3826 Non
2334 3774 2622 3827 mentiens.

400 3865 486 3918 11.
515 3865 702 3934 Πνίγει
750 3869 856 3938 γὰρ
901 3869 994 3921 τὸν
1043 3870 1252 3940 πτωχὸν
1280 3872 1307 3923 ὁ
1339 3871 1526 3932 τόκος·
1569 3871 1892 3942 πνιγομένου

2070 3863 2158 3918 11.
2196 3863 2438 3918 Suﬂ‘ocat
2478 3863 2622 3918 enim
2675 3878 2966 3933 pauperem
3023 3862 3238 3928 fcenus;
3299 3861 3556 3918 suﬂocato

328 3956 386 4007 δὲ
410 3954 503 4007 τοῦ
535 3957 774 4026 πτωχοῦ,
809 3960 910 4030 ὁρᾷ
941 3960 1138 4023 πάντες
1166 3960 1199 4030 ἠ
1228 3960 1470 4030 ἁμαρτία
1497 3961 1586 4014 τὸν
1607 3962 1696 4014 ἐπὶ
1723 3961 1881 4014 τόκωι

2002 3961 2184 4008 autem
2222 3967 2460 4023 paupere
2508 3967 2700 4008 omnes
2745 3955 2928 4008 vident
2959 3963 3241 4024 peccatum
3285 3952 3555 4008 fuaneran-

332 4043 657 4099 δανείσαντα
687 4047 888 4118 [ὁρῶσι
921 4049 1120 4114 πάντες
1143 4051 1241 4122 τὴν
1272 4051 1542 4123 ἁμαρτίαν
1566 4051 1658 4104 τοῦ
1690 4052 1780 4105 ἐπὶ
1809 4052 1885 4104 τό·

2004 4046 2110 4100 lis:
2146 4046 2254 4100 alio
2281 4044 2444 4100 modo
2474 4044 2763 4100 manifesta
2805 4045 2968 4100 etiam
3024 4045 3249 4100 avaritia
3293 4055 3399 4107 est,
3435 4060 3557 4100 cum

329 4151 443 4188 κων
475 4135 850 4211 δανείσαντος]
872 4156 886 4169 ⁸
935 4139 1106 4204 ἄλλως
1141 4159 1200 4194 τε
1247 4141 1341 4194 καὶ
1374 4142 1655 4208 πλεονεξία
1695 4143 1882 4216 σαφὴςἸ

1776 4143 1892 4216 φὴς,
1999 4137 2146 4207 quis,
2179 4152 2300 4207 qua:
2324 4136 2494 4203 dedit,
2528 4135 2644 4192 sola
2669 4137 2914 4206 accipere
2940 4150 3047 4190 non
3076 4134 3329 4190 sustinet.

329 4226 460 4279 ὅταν
480 4227 544 4280 ἄν
569 4244 671 4290 τις.
703 4227 739 4282 ἃ
759 4228 976 4292 δέδωκε,
1009 4232 1145 4301 μόνα
1176 4230 1358 4285 λαϐεῖν
1390 4232 1488 4285 οὐκ
1519 4233 1790 4303 ἀνέχεται.

410 4319 496 4372 12.
530 4319 666 4391 Περὶ
708 4321 802 4374 τοῦ
838 4323 1113 4386 παντελῶς
1150 4324 1312 4395 μηδὲν
1348 4323 1644 4395 λαμϐάνειν
1677 4324 1768 4378 τὸν
1807 4323 1898 4378 δα-

2069 4321 2154 4376 12.
2191 4319 2346 4388 Quod
2374 4321 2750 4376 nihilomnino
2787 4320 3032 4390 accipere
3067 4327 3302 4389 oportet.
3331 4315 3422 4386 qui
3444 4330 3559 4368 mu-

332 4409 582 4472 νείζοντα
632 4411 967 4483 χαρίσματος
998 4413 1183 4468 ἕνεκεν
1221 4415 1254 4486 ἢ
1284 4416 1444 4468 τόκου
1501 4415 1652 4487 παρά
1687 4415 1779 4468 τοῦ
1813 4415 1885 4469 δα-

2009 4423 2093 4470 luo
2144 4415 2254 4481 dat,
2305 4413 2386 4470 vel
2432 4413 2636 4486 gratiae,
2669 4414 2752 4468 vel
2791 4411 3018 4468 faenoris
3060 4425 3225 4466 causa
3255 4410 3324 4464 ab
3349 4423 3437 4476 eo,
3469 4405 3562 4476 qui

335 4500 665 4571 νειζομένου.
1540 4533 1544 4536 ~

1540 4533 1544 4536 ν
1927 4558 1977 4616 D
2001 4512 2299 4559 mutuatur.

417 4754 484 4806 Ἠ
512 4753 848 4825 προκειμένη
874 4755 1152 4826 ἐπιγραφὴ
1181 4756 1444 4826 περιέχει’
1483 4753 1901 4822 Στηλογραφία
1938 4749 2016 4816 τῷ
2062 4751 2239 4806 Δαϐἱδ
2263 4770 2275 4784 ο
2319 4752 2477 4806 τοῦτο
2501 4749 2594 4804 οὖν
2627 4750 2796 4819 λέγει,
2825 4749 2922 4812 τὰς
2949 4747 3058 4802 τῶν
3094 4746 3264 4815 ἁγίων
3299 4743 3566 4804 πολιτείας

337 4848 539 4920 στήλας
560 4848 867 4920 διαγράφει.
904 4849 1132 4920 Εἴρηται
1164 4845 1256 4903 οὖν
1285 4851 1312 4901 ὁ
1342 4849 1555 4920 ψαλμὸς
1580 4849 1730 4920 παρά
1753 4847 1844 4900 τοῦ
1877 4845 2042 4900 Δαϐὶδ
2070 4847 2149 4909 είς
2167 4845 2266 4908 τὰς
2289 4845 2394 4900 τῶν
2418 4845 2587 4914 ἁγίων
2615 4845 2834 4915 ἀρετάς.

411 4939 647 5006 Titulus,
683 4941 775 5010 qui
812 4941 1022 5010 psalmo
1055 4940 1404 5010 praeponitur,
1433 4940 1712 4994 continet:
1754 4937 1921 4991 Tituli
1955 4937 2229 5004 inscriptio
2259 4936 2362 5006 ipsi
2409 4935 2614 4998 David;
2669 4935 2774 4988 hoc
2808 4942 2987 4988 autem
3016 4931 3305 5002 signiﬁcat,
3339 4926 3566 4981 Sancto-

338 5043 462 5084 rum
497 5030 620 5083 vita:
653 5031 986 5092 institutum,
1025 5037 1078 5084 et
1106 5030 1575 5084 conversationem
1606 5029 1765 5099 quasi
1802 5029 1857 5082 in
1889 5028 2048 5098 cippo
2073 5027 2354 5083 describit.
2405 5026 2592 5081 Dictus
2619 5035 2702 5108 est
2748 5026 2912 5097 igitur
2945 5025 3240 5096 psalmusa
3271 5017 3470 5073 Davide
3499 5015 3566 5070 de

339 5122 633 5178 virtutibus
661 5131 988 5178 sanctorum.

421 5320 470 5372 1.
504 5321 626 5372 Ὅτι
659 5335 717 5370 σε
752 5317 951 5389 ἐθέμην
979 5317 1188 5388 βοηθὸν,
1222 5315 1453 5385 φύλαξόν
1482 5333 1568 5386 με.

2084 5317 2132 5370 1.
2167 5316 2438 5382 Quoniam
2469 5323 2520 5370 te
2548 5317 2706 5384 posui
2730 5315 3054 5385 adjutorem,
3082 5311 3293 5368 custodi
3320 5327 3427 5367 me.

416 5407 468 5463 2.
511 5409 754 5476 Ἐπέγνω
785 5410 806 5480 [
835 5410 1104 5475 Ἐπέγνων
1130 5406 1141 5478 j
1170 5407 1267 5477 τὴν
1284 5406 1475 5459 ἐαυτοῦ
1505 5406 1834 5460 δεσποτείαν.

1530 5406 1834 5460 ιεσποτείαν.
2081 5409 2136 5462 2.
2173 5407 2382 5477 Agnovi
2416 5407 2590 5476 ipsius
2621 5407 3083 5470 dominationem;

416 5501 470 5555 5.
497 5501 617 5553 Τῶν
641 5501 934 5570 χρημάτων
962 5517 1062 5570 μου
1093 5501 1152 5552 οὐ
1193 5499 1378 5569 χρείαν
1417 5498 1578 5569 ἔχεις.

1456 5517 1578 5569 (εις.
2083 5497 2138 5550 5.
2169 5495 2380 5550 Divitiis
2406 5497 2542 5551 mcis
2565 5512 2671 5550 non
2697 5495 2926 5563 indiges.
3007 5531 3009 5536 ς

423 5589 474 5643 4.
499 5590 636 5654 Τοὺς
660 5590 846 5656 ἁγίους
873 5589 1142 5654 ἐδόξασεν.

2081 5588 2136 5644 4.
2179 5587 2409 5642 Sanctos
2442 5585 2798 5657 glorilicavit;

423 5679 474 5733 5.
517 5682 602 5734 Ἐν
632 5683 744 5744 τοῖς
770 5679 942 5748 ἁγίοις
971 5680 1132 5733 αὑτοῦ
1159 5679 1226 5733 τὰ
1259 5679 1468 5749 αἱρετά.

2087 5681 2136 5733 5.
2183 5679 2241 5734 In
2278 5678 2480 5734 sanctis
2509 5679 2646 5747 ejus,
2695 5691 2814 5745 qua:
2861 5673 3288 5743 Optabiliasunt.
