3934 6218
431 276 528 334 695
1242 269 1707 339 S.ATHANASll
1745 282 1896 343 orp.
1938 283 2114 339 mus
2152 285 2240 340 Ill.
2281 317 2349 324 —
2384 282 2792 339 EXEGETICA.
3524 285 3625 344 696

496 396 552 453 6.
584 396 948 469 Multiplicatze
973 410 1100 456 sunt
1140 402 1478 467 inﬁrmitates
1511 417 1719 458 eorum.
2003 410 2048 465 Α

2003 410 2048 465 Α
2148 403 2198 456 6.
2245 401 2674 471 Ἑπληθύνθησαν
2703 403 2757 455 αἱ
2795 400 3062 454 ἀσθένειαι
3086 400 3280 456 αὐτῶν.

499 488 548 541 7.
588 486 783 545 Postea
822 493 1278 547 acceleraverunt.

2168 509 2210 548 ι.
2246 494 2397 548 Μετὰ
2419 494 2587 547 ταῦτα
2614 494 2891 564 ὲτάχυναν.

495 579 550 635 8.
582 579 699 636 Νοη
733 584 1074 654 congregabo
1112 587 1490 642 conventicula
1531 602 1718 641 eorum
1745 586 1811 641 de
1847 602 1974 642 san-

2155 587 2207 659 8.
2249 587 2322 639 Ού
2353 587 2425 659 μὴ
2451 586 2736 655 συναγάγω
2761 586 2857 649 τὰς
2885 584 3201 655 συναγωγὰς
3225 585 3401 643 αὐτῶν
3446 585 3506 656 ἐξ
3530 587 3622 671 οἱ·

425 664 678 736 guinibus
702 709 718 736 ,

2082 680 2263 749 μάτων
2284 720 2296 741 ,

495 759 549 814 9.
583 758 688 815 Nec
706 776 912 816 memor
931 777 1025 817 ero
1046 764 1325 833 nominum
1352 780 1539 822 eorum
1561 782 1657 823 uer
1684 767 1818 822 labia
1833 782 1969 823 mea.

2154 770 2213 824 9..
2241 770 2359 823 Οὐδ’
2407 770 2467 822 οὺ
2509 770 2581 841 μὴ
2619 771 2837 842 μνησθῶ
2868 770 2975 823 τῶν
3015 770 3289 842 ὀνομάτων
3332 771 3506 828 αὐτῶν
3534 773 3619 829 διὰ

2074 864 2289 933 χειλέων
2317 880 2434 932 μου.

496 929 584 983 10.
619 929 878 986 Dominus
899 949 1023 1003 pars
1043 934 1370 990 haereditatis
1390 951 1540 1003 meae,
1564 948 1615 993 et
1639 940 1822 996 calicis
1844 942 1965 1003 mei.

2075 929 2105 933 Η
2149 954 2236 1008 10.
2277 929 2479 1026 Κύριος
2512 957 2544 1026 ἡ
2575 955 2728 1027 μερὶς
2763 956 2862 1026 τῆς
2890 957 3245 1028 κληρονομιας
3284 976 3383 1029 μου
3409 958 3505 1011 καὶ
3528 954 3618 1012 τοῦ

2073 1047 2328 1117 ποτηρίου
2368 1063 2487 1116 μου.

492 1097 580 1151 11.
614 1096 694 1153 Tu
726 1104 915 1171 es,qui
943 1107 1198 1161 restitues
1225 1107 1586 1166 haereditatem
1616 1129 1789 1169 meam
1814 1117 1947 1171 mihi

2368 1096 2512 1186 ⁷ὁ
2550 1134 2922 1189 ἀποκαθιστιῶ
2977 1137 3074 1206 τὴν
3119 1138 3475 1211 κληρονομίαν
3518 1157 3616 1211 μου

2069 1222 2210 1292 ἐμοί.

484 1272 571 1326 12.
604 1273 782 1332 Funes
805 1280 1119 1337 ceciderunt
1142 1285 1272 1339 mihi
1307 1286 1361 1342 in
1399 1291 1699 1356 praeclaris:

2155 1313 2236 1366 12.
2270 1315 2480 1384 Σχοινία
2509 1315 2779 1370 ἐπέπεσὰν
2813 1335 2901 1387 μοι
2929 1321 2985 1372 ἐν
3014 1323 3125 1385 τοῖς
3148 1321 3482 1391 κρατίστοις·

486 1363 575 1420 15.
605 1366 818 1423 Etenim
845 1370 1130 1430 haereditas
1153 1392 1271 1431 mea
1302 1381 1560 1448 praeclara
1586 1391 1668 1438 est
1709 1385 1861 1440 mihi.

2140 1406 2228 1458 15.
2266 1406 2376 1459 Καὶ
2422 1407 2529 1479 γάρ
2561 1409 2594 1479 ή
2630 1408 2956 1481 κληρονομία
2999 1430 3098 1484 μου
3131 1414 3392 1486 κρατίστη
3428 1432 3518 1485 μοι
3560 1417 3614 1468 ὲ-

2068 1496 2198 1550 στίν.

483 1539 571 1596 14.
603 1539 925 1603 Benedicam
978 1548 1288 1621 Dominum,
1338 1555 1428 1625 qui
1474 1558 1663 1615 tribuit
1706 1561 1837 1616 mihi
1883 1563 1955 1617 in-

488 1632 685 1670 Ιοιιίιιηι

2140 1588 2227 1644 14.
2267 1588 2561 1661 Εὑλογήσω
2588 1594 2679 1647 τὸν
2710 1593 2913 1665 Κύριον
2940 1596 3027 1651 τὸν
3055 1601 3401 1656 συνετίσαντά
3426 1620 3514 1670 με,

412 1632 685 1689 tellectum
714 1678 729 1704 ,
2144 1632 2227 1644 ---
2268 1632 2560 1661 υ--ηι-ιν-οι
2599 1632 2677 1647 un
2712 1632 2933 1721 “qm.

482 1723 570 1781 15.
607 1725 834 1800 insuper
856 1741 911 1787 et
942 1747 1114 1790 usaue
1138 1751 1203 1790 ao
1226 1749 1432 1793 noctem
1464 1740 1851 1812 increpuerunt
1881 1762 1967 1802 me
1995 1745 2035 1800 B

2143 1743 2227 1798 15.
2268 1746 2388 1800 Ἔτι
2416 1747 2472 1801 δὲ
2504 1748 2598 1801 καὶ
2622 1749 2723 1813 ἕως
2756 1752 2944 1816 νυκτὸς
2985 1755 3303 1810 ἐπαίδευσαν
3344 1775 3409 1829 με
3454 1758 3504 1812 οἱ
3530 1776 3614 1814 νε-

409 1826 568 1870 renes
596 1818 721 1875 mei.

2067 1836 2191 1892 φοοί
2214 1854 2332 1892 μου.

467 1853 568 1870 ..νο
596 1853 721 1875 ιμυ..

467 1909 573 1983 η16.
608 1909 965 1973 Providebam
1034 1917 1319 1974 Dominum
1375 1923 1429 1977 in
1487 1934 1779 1995 conspectu
1841 1943 1962 1984 meo

2143 1853 2190 1889 οι
2253 1854 2333 1892 ου.

2067 1853 2645 2005 φρ1ϐξιΠροεωρώμην
2691 1935 2781 1989 τὸν
2836 1936 3037 2006 Κύριον
3092 1938 3316 1992 ἐνώπιόν
3368 1958 3468 2011 μου
3527 1941 3607 1997 διὰ

411 2010 646 2068 semper.

2066 2019 2263 2083 παντὸς
2287 2061 2300 2084 ,

484 2090 572 2145 17.
604 2092 869 2158 Quoniam
909 2115 940 2153 a
965 2102 1170 2158 dextris
1190 2113 1267 2159 est
1295 2105 1425 2161 mihi
1454 2121 1522 2163 ne
1555 2123 1921 2167 commoveor.

2130 2111 2215 2164 17.
2248 2112 2368 2166 ’Ότι
2399 2114 2462 2167 ἐκ
2494 2114 2681 2181 δεξιῶν
2716 2117 2815 2187 μού
2859 2119 3026 2185 ἐστιν,
3059 2120 3144 2174 ἵνα
3180 2122 3253 2194 μὴ
3279 2121 3536 2178 σαλευθῶ.

479 2182 568 2241 18.
601 2183 829 2261 Propter
852 2190 958 2247 hoc
980 2193 1220 2249 laetatum
1255 2207 1338 2252 est.
1370 2213 1464 2254 cor
1487 2215 1664 2255 meum
1686 2241 1704 2267 ,

2138 2202 2224 2258 18.
2264 2205 2361 2258 Διὰ
2389 2204 2546 2259 τοῦτο
2578 2182 2851 2280 εὐφράνθη
2879 2211 2912 2281 ὴ
2940 2182 3133 2282 καρδία
3166 2182 3296 2283 μου,

478 2274 567 2332 19.
596 2276 663 2332 Ει
685 2281 976 2339 exsultavit
1003 2285 1187 2356 lingua
1215 2303 1334 2343 mea
1358 2332 1372 2355 ,
1426 2298 1429 2301 “
2026 2324 2031 2330 ‘

2026 2324 2035 2330 -
2133 2294 2218 2351 19.
2250 2297 2359 2349 Καὶ
2393 2274 2756 2366 ἠγαλλιάσατο
2785 2274 3070 2370 ’ἔγ-γλῶσσά
3096 2274 3226 2374 μου,

469 2366 561 2423 20.
592 2367 821 2441 insuper
839 2382 892 2429 et
921 2391 1050 2433 caro
1084 2394 1205 2435 mea
1241 2381 1547 2452 requiescet
1575 2383 1630 2439 in
1659 2400 1753 2455 spe

2128 2386 2218 2440 20.
2259 2388 2379 2442 Ἔτι
2401 2389 2455 2443 δὲ
2484 2390 2578 2443 καὶ
2605 2392 2638 2462 ἡ
2671 2366 2816 2463 σάρξ.
2838 2366 2938 2461 μου
2965 2366 3367 2468 κατα-σκηνώσει
3393 2399 3477 2452 ἐπ’
3524 2397 3605 2452 ἐλ-

2062 2479 2166 2532 πίδο

469 2545 560 2601 21.
593 2548 860 2616 Quoniam
889 2570 998 2611 non
1030 2557 1371 2630 derelinques
1414 2561 1650 2616 animam
1684 2578 1858 2617 meam
1896 2564 1949 2618 in

458 2634 611 2688 feruo

2128 2572 2217 2626 2|.
2251 2572 2374 2625 ’Ότι
2424 2576 2521 2627 οὐκ
2565 2577 2975 2648 ἐγκαταλείψεις
3020 2579 3118 2651 τὴν
3157 2580 3331 2652 ψυχήν
3379 2598 3480 2652 μου
3527 2582 3604 2647 ei;

2059 2662 2177 2688 ω-..

399 2650 611 2691 ιηιενοο

464 2662 611 2691 ιειύυ

464 2727 554 2784 22.
585 2729 696 2788 Nec
726 2735 882 2792 dabis
934 2748 1180 2795 sanctum
1216 2748 1365 2796 tuum
1410 2743 1592 2798 Videre
1644 2744 1946 2813 corruptio-

2123 2681 2203 2727 ου,

2055 2662 2217 2809 ᾇδ22.
2252 2757 2386 2810 Οὐδὲ
2407 2757 2595 2824 δώσεις
2627 2761 2717 2815 τὸν
2745 2762 2888 2817 ὂσιόν
2917 2779 3009 2815 σου
3043 2762 3168 2818 ἰδεῖν
3192 2763 3502 2836 διαφθοράν.

398 2835 540 2877 uem.

462 2914 550 2971 25.
580 2910 748 2976 Notas
778 2923 910 2977 mibi
942 2923 1116 2982 fecisti
1150 2928 1266 2982 vias
1291 2925 1433 2996 vitaz,

2129 2936 2218 2990 25.
2257 2937 2586 3009 Ἐγνώρισάς
2608 2957 2695 3010 μοι
2724 2941 2875 3006 ὁδοὺς
2906 2941 3070 3015 ζωῆς.

1502 3129 1877 3191 ATHANASII
1911 3103 2493 3190 lNTERPRETATlO.

456 3302 510 3360 6.
548 3304 794 3377 Ipsorum
833 3310 1163 3373 tentationes
1189 3314 1560 3384 multiplicatae
1585 3324 1714 3372 sunt
1965 3321 2008 3377 C

1698 3324 1714 3370 ι
1965 3321 2008 3377 C
2113 3315 2167 3370 6.
2203 3316 2266 3368 Οἱ
2293 3317 2588 3386 πειρασμοὶ
2617 3317 2796 3372 αὐτῶν
2826 3316 3251 3389 ὲπληθύνθησαν.

457 3395 510 3453 7.
542 3396 735 3455 Postea
765 3403 1151 3462 transiverunt.

2096 3405 2169 3461 ~7.
2203 3404 2355 3458 Μετὰ
2377 3404 2548 3459 ταῦτα
2575 3406 2864 3477 παρῆλθον.

456 3488 511 3545 8.
550 3489 624 3545 De
649 3491 1006 3562 daemonibus,
1025 3496 1120 3553 ait.

2114 3496 2168 3550 8.
2206 3495 2325 3549 Τῶν
2348 3496 2639 3563 δαιμόνων,
2669 3496 2833 3567 λέγει.

455 3579 510 3634 9.
541 3580 993 3641 Adversariarum
1029 3597 1378 3659 potestatum,
1404 3591 1598 3662 inquit.

1575 3610 1598 3646 ι.
2035 3588 2045 3599 ⁸
2113 3590 2164 3644 9.
2195 3591 2314 3644 Τῶν
2347 3593 2602 3647 ἐναντίων
2625 3581 2925 3666 δυνάμεων,
2963 3597 3128 3665 λέγει.

456 3670 543 3726 10.
573 3671 834 3732 Dominus
861 3693 990 3748 pars
1031 3687 1085 3735 et.
1117 3689 1334 3738 aeternae
1362 3699 1497 3753 mea;
1547 3684 1937 3749 retributionis,

2114 3684 2199 3739 10.
2237 3683 2437 3756 Κύριος
2471 3686 2626 3756 μερὶς
2671 3688 2764 3741 καὶ
2800 3687 2901 3757 τῆς
2935 3690 3158 3754 αἰωνίας
3203 3708 3312 3762 μου
3336 3692 3596 3763 μισθαπο-

383 3769 437 3813 et
454 3761 713 3833 requietis
735 3780 887 3822 meae.

2038 3777 2220 3840 δοσίας
2251 3779 2345 3830 καὶ
2378 3777 2479 3848 τῆς
2512 3778 2867 3843 ἀναπαύσεώς
2896 3797 3015 3850 μου.
3209 3761 3226 3803 ί

454 3852 539 3909 11.
570 3852 796 3912 Ᾰῦιθτηε
827 3869 919 3915 tua
947 3861 1247 3933 refrigeria.

2108 3866 2196 3919 11.
2225 3865 2336 3929 Τὰς
2356 3866 2609 3931 αἰωνίους
2634 3884 2727 3921 σου
2756 3870 3107 3933 ἀναπαύσεις.

450 3945 538 3999 12.
569 3946 941 4019 Cogitationes
985 3953 1143 4009 bonae
1172 3956 1305 4009 mihi
1336 3967 1599 4013 venerunt
1627 3974 1657 4013 a
1682 3957 1932 4025 Domino,

2109 3955 2195 4009 12.
2228 3957 2490 4026 Λογισμοὶ
2517 3956 2709 4025 ἀγαθοὶ
2742 3953 2904 4029 ἦλθόν
2932 3977 3022 4031 μοι
3048 3960 3174 4030 περὶ
3223 3961 3243 4027 [
3268 3960 3453 4035 παρὰ]
3495 3961 3588 4016 τοῦ

378 4035 574 4105 inquit.
1544 4060 1554 4115 ς

1544 4060 1554 4115 ς
2034 4046 2261 4117 Κυρίου,
2291 4046 2455 4115 λέγει.

450 4127 536 4181 15.
569 4127 869 4189 Promissio
896 4137 1045 4205 regni
1072 4138 1339 4194 caelorum
1370 4149 1572 4196 aeterna
1604 4150 1708 4197 est.

2104 4136 2190 4190 15.
2239 4138 2304 4190 'H
2352 4139 2653 4208 ἐπαγγελία
2702 4141 2800 4212 τῆς
2853 4140 3127 4212 βασιλείας
3177 4141 3286 4196 τῶν
3348 4142 3587 4217 οὐρανῶν

2034 4228 2383 4300 ἀτελεύτητός
2410 4233 2575 4285 ἐστιν.

445 4308 534 4364 14.
565 4309 901 4387 cognoscam
933 4316 1109 4386 ipsum
1135 4337 1150 4372 :

2104 4319 2190 4374 14.
2234 4321 2633 4393 Ἑπιγνώσομαι
2666 4322 2826 4377 αὐτόν
2846 4340 2858 4353 ·

443 4399 532 4455 15.
564 4401 747 4461 Donec
795 4407 977 4476 quievi
1019 4425 1052 4466 a
1102 4414 1394 4471 mundanis
1443 4416 1643 4483 rebus;
1695 4427 1749 4472 et
1800 4427 1929 4473 tunc

2101 4411 2190 4469 15.
2226 4412 2377 4476 Ἕως
2408 4414 2451 4467 δ’
2476 4414 2540 4466 ἂν
2557 4413 2806 4485 ἡσύχασα
2830 4417 2895 4469 ὲκ
2925 4416 3031 4471 τῶν
3060 4418 3154 4472 τοῦ
3200 4420 3405 4491 κόσμου
3448 4438 3586 4494 πρα-

371 4507 533 4546 omne
561 4494 891 4552 desiderium
916 4515 1094 4556 meum
1128 4503 1183 4557 in
1213 4505 1330 4575 ipso
1355 4506 1474 4562 fuit.

2033 4504 2256 4575 γμάτων
2282 4521 2297 4536 ο
2331 4507 2425 4559 καὶ
2457 4507 2577 4559 τότε
2640 4510 2673 4579 ἡ
2716 4509 2980 4578 ἐπιθυμία
3031 4527 3131 4581 μου
3173 4513 3324 4566 πᾶσα
3367 4513 3586 4583 γέγονεν

2028 4596 2085 4648 ὲν
2110 4594 2275 4648 αὑτῶ.

441 4674 528 4730 16.
563 4676 682 4734 Prae
739 4681 911 4736 oculis
958 4698 1170 4755 semper
1198 4687 1363 4754 habui
1408 4687 1696 4747 Dominum
1744 4692 1924 4760 opitu-
1957 4672 1994 4727 n

2104 4686 2193 4766 16.
2227 4649 2339 4757 11ρὸ
2367 4687 2657 4758 ὀφθαλμῶν
2698 4706 2799 4759 μου
2835 4685 2976 4761 εἶχον
3004 4692 3231 4746 πάντοτε
3265 4693 3356 4746 τὸν
3382 4693 3580 4766 Κύριον

368 4766 569 4822 lantem
610 4770 766 4826 mihi.

2032 4762 2217 4832 ἀντιλα
2226 4778 2559 4849 μϐανὸμενόν
2593 4797 2715 4849 μου,

436 4861 526 4915 17.
564 4860 629 4916 Ει
660 4862 1016 4921 deducentem
1060 4883 1147 4924 me
1194 4868 1248 4924 in
1288 4870 1401 4926 vias
1432 4870 1706 4938 dexteras,
1754 4891 1820 4930 ne
1860 4876 1930 4930 ab

2105 4867 2193 4920 17.
2221 4867 2330 4920 Καὶ
2361 4868 2653 4936 ὀδηγοῦντα
2673 4870 2752 4928 εἰς
2771 4870 2869 4933 τὰς
2886 4872 3037 4936 ὁδοὺς
3059 4872 3155 4936 τὰς
3175 4873 3371 4940 δεξιὰς,
3401 4876 3485 4928 ἱνα
3508 4875 3577 4947 μὴ

363 4951 442 5005 eis
467 4950 755 5008 declinem.

2029 4958 2259 5012 ὲκκλίνω
2280 4959 2371 5011 ἀπ’
2391 4959 2585 5012 αὐτῶν.

433 5044 521 5097 18.
556 5043 852 5116 Propterea
884 5049 1155 5119 spirituali
1196 5052 1395 5122 gaudio
1426 5054 1664 5125 repletus
1691 5071 1808 5111 sum
1836 5075 1852 5111 :

2105 5050 2195 5106 18.
2222 5049 2320 5104 Διὰ
2351 5050 2509 5104 τοῦτο
2535 5052 2704 5120 χαοᾶς
2727 5053 3098 5125 πνευματικῆς
3126 5056 3271 5127 ἥμην
3304 5057 3582 5129 πεπληρω-

1748 5162 1751 5167 ·
2032 5143 2209 5213 μένος.

427 5220 516 5276 19.
555 5221 796 5278 Laudavi
828 5224 1004 5295 ipsum
1038 5242 1132 5283 ore
1161 5244 1318 5285 meo:

2102 5237 2190 5291 19.
2243 5236 2496 5302 Ἐδόξασα
2526 5238 2687 5290 αὐτὸν
2707 5239 2762 5291 ἐν
2791 5256 2869 5309 τῳ
2902 5240 3128 5311 στόματί
3160 5260 3281 5313 μου.

426 5312 517 5369 20.
549 5314 890 5386 Exspectabo
920 5323 1376 5379 resurrectionem
1416 5335 1775 5385 mortuorum.

1539 5335 1775 5385 tuorum.
2092 5328 2185 5383 20.
2218 5329 2509 5401 Προσδοκῶ
2539 5330 2829 5387 ἀνάστασιν
2853 5333 3092 5404 νεκρῶν.]

426 5406 517 5462 21.
549 5408 666 5463 Νοη
689 5412 967 5483 relinques
1001 5414 1148 5469 illam
1200 5416 1255 5470 in
1296 5420 1653 5490 receptaculis
1676 5422 1870 5478 mortis
1895 5460 1912 5487 ,

2096 5420 2189 5479 2i.
2212 5420 2322 5474 Οὐκ
2356 5419 2420 5474 ἂν
2455 5420 2621 5492 ἐάσῃς
2650 5421 2816 5493 αὐτὴν
2849 5425 2927 5485 είς
2962 5421 3032 5475 τὰ
3062 5427 3261 5494 ταμεῒα
3282 5426 3377 5482 τοῦ
3409 5426 3561 5482 θανά-

356 5497 449 5552 sed
481 5497 720 5556 liberans
742 5517 861 5557 eam
898 5505 1114 5561 educes.

2021 5529 2140 5577 του,
2177 5512 2310 5566 άλλὰ
2338 5514 2750 5585 λυτρωσάμενος
2771 5516 3064 5584 ἁναγάγεις
3085 5519 3271 5591 αὐτήν.

425 5586 516 5642 22.
554 5587 632 5644 De
659 5591 886 5649 Domino
913 5597 1172 5666 loquitur.

2090 5605 2178 5659 22.
2212 5606 2344 5677 Περὶ
2369 5605 2463 5659 τοῦ
2500 5606 2703 5678 Κυρίου
2737 5605 2900 5676 λέγει.

434 5677 523 5732 ες.
562 5678 834 5752 Praecepta
856 5694 947 5743 tua
975 5706 1060 5745 me
1085 5692 1336 5747 docuisti.

2088 5696 2179 5753 25.
2208 5698 2317 5760 Τὰς
2347 5700 2562 5763 ἐντολάς
2594 5718 2685 5754 σου
2717 5701 2956 5798 ἐδίδαξάς
2988 5720 3076 5773 με.
