3934 6218
244 329 334 389 697
1138 324 1233 381 DE
1265 323 1538 381 TITULIS
1576 320 2022 382 PSALMORUM.
2063 354 2126 364 -—
2172 320 2362 377 PSAL.
2402 319 2542 378 XVI.
3344 314 3451 374 698

299 445 385 500 24.
418 442 730 517 Πληρώσεις
756 462 824 517 με
852 443 1189 517 ευφροσύνης
1213 445 1351 516 μετὰ
1374 444 1467 499 τοῦ
1494 443 1782 515 προσώπου
1812 453 1852 508 Α

1701 461 1782 498 του
1812 453 1861 508 Α
1966 442 2054 496 24.
2089 438 2428 511 Adimplebis
2464 454 2549 494 me
2575 437 2761 493 laetitia
2783 452 2905 493 cum
2946 434 3094 491 vultu
3122 441 3254 489 tuo:

238 551 368 596 ’δῦν’

300 627 384 683 25.
415 627 784 699 Τερπνὸτητες
816 630 874 682 ἐν
907 631 971 700 τῇ
1006 628 1156 701 δεξιᾷ
1181 647 1273 683 σου
1305 631 1383 693 εἰς
1407 628 1577 691 τέλος.

1968 622 2059 676 25.
2094 618 2491 675 Delectationes
2519 617 2572 670 in
2603 616 2824 672 dextera
2862 623 2951 670 tua
2985 629 3158 684 usque
3186 611 3238 666 in
3264 611 3446 667 ﬁnem.

463 784 778 854 Προσευχὴ
810 783 889 851 τῷ
920 784 1113 839 Δαϐίδ.
1152 788 1380 840 ΨΑΛΜ.
1409 788 1533 853 [εἷ’.
1593 774 1597 779 ’

1593 774 1597 779 ’
2204 777 2391 833 Oratio
2423 772 2614 827 David.
2670 768 2933 825 PSALM.
2980 765 3140 823 XVI.

302 917 350 971 1.
376 918 720 979 Εἰσάκουσον,
751 918 942 991 Κύριε,
976 918 1317 981 δικαιοσύνης
1342 935 1448 979 ,μου
1469 934 1483 948 ·

1965 915 2015 969 1.
2052 912 2281 977 Exaudi,
2312 908 2560 972 Domine,
2585 908 2848 978 justitiam
2884 921 3056 961 meam
3092 923 3105 959 :

298 1009 346 1064 2.
377 1009 614 1079 Πρὸσχες
644 1012 708 1081 τῇ
734 1010 911 1082 δεήσει
948 1028 1048 1081 μου
1069 1026 1087 1041 ·

1960 1006 2014 1060 2.
2059 1004 2279 1058 Intende
2308 1001 2737 1070 deprecationem
2774 1013 2946 1051 meam
2979 1013 2993 1049 :

296 1101 346 1156 '5.
387 1099 663 1155 Ἐνὼτισαι
688 1103 786 1175 τὴν
818 1104 1124 1174 προσευχήν
1151 1120 1250 1175 μου
1279 1104 1380 1156 οὐκ
1399 1105 1454 1156 ἐν
1482 1102 1681 1174 χείλεσι
1702 1102 1786 1155 δο-

1963 1099 2017 1152 5.
2049 1096 2288 1151 Auribus
2315 1094 2529 1165 percipe
2555 1093 2853 1148 orationem
2877 1102 3051 1143 meam
3081 1100 3187 1142 non
3216 1085 3269 1141 in
3292 1083 3448 1141 labiis

237 1189 376 1257 λιοις.

1899 1190 2115 1245 dolosis.

298 1282 347 1337 4.
388 1284 479 1337 Ἐκ
511 1282 799 1355 προσώπου
833 1302 924 1337 σου
958 1285 1018 1338 τὸ
1046 1285 1220 1357 κρῖμα
1249 1302 1348 1356 μου
1381 1284 1611 1352 ἐξέλθοι·

1963 1285 2018 1336 4.
2047 1280 2122 1335 De
2154 1280 2303 1335 vultu
2336 1286 2431 1332 tuo
2456 1277 2720 1348 judicium
2745 1290 2922 1329 meum
2953 1272 3215 1344 prodeat:

298 1373 345 1428 5.
384 1374 444 1426 Ol
475 1373 741 1445 ὀφθαλμοί
772 1391 871 1438 μου
902 1374 1156 1428 ἰδέτωσαν
1192 1375 1491 1444 εύθύτητας
1535 1372 1783 1445 [ὀρθότη-

1349 1391 1491 1444 ητας
1535 1372 1783 1445 [ὀρθότη-
1970 1374 2021 1429 5.
2049 1372 2202 1429 Oculi
2233 1372 2337 1427 mei
2364 1370 2578 1428 videant
2601 1369 2902 1439 :equitates.

235 1480 324 1527 τας
356 1464 470 1520 cod.
506 1463 717 1536 Barb.].

298 1555 346 1612 6.
364 1556 715 1627 Ἐδοκίμασας
740 1557 835 1628 τὴν
859 1556 1082 1628 καρδίαν
1105 1574 1229 1631 μου,
1256 1554 1539 1624 ἐπεσκέψω
1561 1553 1752 1616 νυκτός
1769 1568 1783 1582 ’

1669 1553 1783 1616 τός’
1967 1554 2020 1608 6.
2052 1551 2303 1607 Probasti
2328 1565 2422 1605 cor
2444 1565 2647 1616 meum,
2681 1556 2735 1603 et
2757 1545 2986 1603 visitasti
3023 1551 3182 1598 nocte
3208 1559 3222 1597 :

296 1645 347 1699 7.
396 1646 713 1719 Ἐπύρωσάς
747 1666 835 1720 με,
866 1648 960 1701 καὶ
986 1649 1081 1718 οὐχ
1107 1647 1300 1719 εὑρέθη
1334 1648 1390 1700 ἐν
1423 1646 1544 1717 ἐμοὶ
1570 1645 1783 1700 ἁδικία’

1967 1645 2022 1699 7.
2051 1643 2178 1714 lgne
2211 1659 2297 1698 me
2330 1640 2655 1698 examinasti
2675 1679 2691 1706 ,
2726 1648 2780 1695 et
2804 1653 2912 1693 non
2941 1646 3025 1693 est
3044 1635 3258 1690 inventa
3285 1632 3339 1687 in
3368 1647 3454 1687 me

1897 1736 2154 1799 iniquitas
2178 1750 2192 1799 ;

299 1823 346 1879 8.
381 1825 564 1890 Ὅπως
594 1825 660 1878 ἂν
694 1825 768 1897 μὴ
789 1825 993 1898 λαλήσῃ
1023 1826 1083 1880 τὸ
1107 1826 1280 1896 στόμα
1315 1842 1415 1894 μου
1434 1823 1502 1878 τὰ
1527 1823 1661 1894 ἔργα
1681 1824 1788 1877 τῶν

236 1914 536 1971 ἀνθρώπων.

1897 1750 2192 1805 nuquuas;

1829 1802 1866 1856 Β
1965 1826 2018 1881 8.
2064 1824 2134 1880 Ut
2157 1840 2264 1880 non
2295 1825 2550 1895 loquatur
2587 1838 2650 1877 os
2676 1835 2856 1876 meum
2887 1833 3050 1889 opera
3082 1815 3382 1871 hominum.

328 1933 536 1988 ρωπων.

300 2009 348 2063 9.
382 2007 478 2061 Διὰ
508 2008 637 2072 τοὺς
660 2008 849 2079 λόγους
881 2009 988 2063 τῶν
1013 2008 1236 2081 χειλέων
1277 2025 1368 2062 σου
1402 2007 1513 2078 ἐγὼ
1551 2006 1791 2078 ἐφύλαξα

1970 2010 2024 2064 9.
2061 2007 2287 2078 Propter
2314 2006 2476 2062 verba
2500 2005 2787 2074 Llabtorum
2819 2011 3033 2059 tuorum
3065 2015 3166 2072 ego
3194 1995 3459 2055 custodivi

236 2098 372 2163 ὁδοὺς
404 2100 664 2173 σκληράς.
781 2112 790 2119 “

781 2112 790 2119 ’
1898 2101 2014 2155 vias
2039 2099 2224 2154 duras.

298 2191 719 2266 10.Κατάρτισαι
732 2194 799 2249 τὰ
812 2193 965 2265 διαϐή
975 2194 1118 2265 ματά
1131 2210 1231 2265 μου
1247 2193 1304 2246 ἐν
1315 2195 1438 2267 ταῖς
1453 2191 1658 2264 τριόοις
1675 2208 1789 2258 σου,

1631 2208 1789 2258 ςσου,
1969 2192 2055 2245 10.
2084 2189 2287 2244 Perﬁce
2318 2204 2536 2255 gressus
2558 2203 2709 2245 meos
2732 2188 2784 2242 in
2817 2186 3024 2242 semitis
3052 2184 3180 2251 tuis,

302 2284 382 2339 11.
412 2285 527 2340 Ἵνα
558 2286 637 2357 μὴ
659 2285 956 2340 σαλευθῶσι
988 2285 1057 2340 τὰ
1082 2284 1391 2358 διαῦήματά
1420 2301 1543 2356 μου.

1529 2325 1543 2338 .
1968 2284 2057 2336 11.
2087 2280 2159 2348 Ut
2186 2296 2294 2335 non
2326 2293 2646 2337 moveantur
2680 2279 2902 2351 vestigia
2939 2293 3077 2334 mea.

1314 2506 1690 2566 ATHANASII
1730 2504 2313 2563 INTERPRETATIO.

300 2703 385 2760 24.
411 2704 695 2780 Πληρωθῶ
724 2707 1081 2779 εὐφροσύνης,
1117 2707 1243 2777 ὅταν
1278 2708 1373 2761 ἴδω
1412 2708 1474 2761 τὸ
1502 2705 1792 2779 πρόσωπόν

1980 2707 2070 2762 24.
2105 2705 2373 2777 lmplehor
2398 2704 2605 2767 lzetitia,
2626 2719 2749 2760 cum
2774 2702 2959 2756 videro
3000 2699 3190 2755 faciem
3220 2706 3387 2754 tuam.

242 2811 324 2851 ωυ

297 2888 380 2946 25.
413 2891 572 2964 Χαρὸ.
604 2860 747 2974 μετὰ
771 2892 878 2947 τῶν
904 2894 1072 2962 ἁγίων
1104 2893 1412 2956 διαπαντός.
1817 2885 1850 2944 C

1817 2885 1861 2944 C
1970 2886 2062 2941 25.
2099 2880 2369 2939 Gaudium
2401 2889 2662 2937 aeternum
2691 2895 2812 2934 cum
2840 2876 3061 2934 sanctis.

310 3066 371 3120 Ἠ
400 3068 736 3143 προκειμένη
762 3065 1040 3139 ἐπιγραφὴ
1065 3042 1333 3136 περιέχειέ
1356 3060 1673 3133 Προσευχὴ
1704 3060 1783 3125 τῷ
1802 3057 1980 3113 Δαϐίδ
1998 3074 2012 3087 ·
2046 3054 2314 3119 τουτέστι,
2343 3051 2421 3123 τῷ
2446 3053 2559 3123 Υἱῷ
2580 3051 2675 3105 τοῦ
2699 3049 2857 3105 Θεοῦ.
2882 3050 3195 3122 Εἱρήκαμεν
3228 3047 3325 3118 μέν
3354 3043 3460 3114 γὰρ

237 3155 292 3214 ἐν
317 3162 422 3224 τοῖς
442 3135 765 3234 ’ἔμπρρσθεν
786 3202 801 3225 ,
833 3135 1409 3231 ὅτιπερ-ἑρμηνεύεται
1443 3155 1607 3209 Δαϐιδ
1632 3153 1827 3216 οὕτως,
1862 3148 2170 3219 ἀγαπητὸς
2188 3188 2203 3213 ,
2260 3147 2334 3209 ὠς
2363 3148 2428 3199 ἐκ
2457 3145 2643 3198 τούτου
2671 3141 3041 3214 λαμϐάνεσθαι
3080 3139 3139 3192 τὸ
3184 3137 3275 3191 τοῦ
3304 3135 3465 3216 Δαεῗιδ

237 3251 392 3325 ῦνομα
422 3257 499 3319 εἰς
520 3232 615 3309 τδν
645 3255 737 3309 τοῦ
766 3253 900 3308 Θεοῦ
936 3254 1195 3325 μονογενῆ
1230 3252 1357 3305 Υἱόν
1377 3268 1390 3282 ·
1424 3253 1558 3323 ὅπερ
1593 3249 1708 3302 ἐστι
1744 3247 1838 3302 καὶ
1863 3245 1972 3299 νῶν
2011 3242 2151 3317 [νῦν]
2183 3241 2472 3296 ὑπολαϐεῖν
2497 3259 2511 3271 ·
2543 3240 2681 3309 ὃτιὴ
2727 3236 2996 3310 προσευχὴ
3028 3236 3060 3305 ἡ
3098 3233 3357 3305 εἰρημένη
3404 3232 3463 3284 ἐν

239 3348 308 3421 τῷ
334 3350 526 3423 ψαλμῷ
557 3351 641 3423 τῷ
665 3350 780 3422 Υῐῷ
809 3350 901 3405 τοῦ
929 3349 1062 3404 Θεοῦ
1092 3350 1325 3421 εἴρηται.
1364 3349 1519 3400 Ἔστι
1547 3346 1590 3400 δ’
1616 3347 1708 3398 ὅτε
1737 3343 1832 3397 καὶ
1863 3341 2064 3413 ἑτέρως
2089 3341 2260 3393 εἰπεῖν
2292 3339 2369 3401 εἰς
2391 3334 2486 3407 τὴν
2524 3332 2886 3404 προκειμένην
2917 3329 3222 3400 ἐπιγραφὴν
3242 3367 3256 3392 ,
3279 3326 3465 3398 ἐπειδὴ

238 3446 322 3496 καὶ
345 3421 538 3516 ἑτέρως
565 3421 631 3498 to
654 3421 932 3499 1067Aa6‘t5
968 3444 1137 3515 ὄνομα
1171 3443 1531 3515 ἑρμηνεύεται
1577 3437 2010 3508 πεποθημένος,
2041 3437 2176 3503 ὅπερ
2207 3433 2500 3502 ἀναγκαῖον
2520 3430 2703 3483 λαϐεῖν
2730 3429 2808 3492 εἰς
2842 3428 2931 3480 τὸν
2960 3426 3067 3478 τῶν
3092 3424 3258 3492 ἁγίων
3284 3421 3465 3494 χορὸν,

238 3534 321 3589 τὸν
356 3537 457 3591 ὑπὸ
483 3536 578 3591 τοῦ
602 3534 742 3589 Θεοῦ
782 3535 1176 3605 πεποθημένον,
1210 3534 1285 3598 ὡς
1316 3534 1374 3588 δὲ
1402 3534 1597 3596 αὐτοὺς
1635 3532 1816 3601 λέγειν
1849 3530 1985 3602 πρὸς
2012 3528 2104 3582 τὸν
2136 3527 2264 3580 Υἱὸν
2296 3525 2390 3579 τοῦ
2422 3523 2555 3577 Θεοῦ
2583 3522 2673 3575 τὸν
2702 3517 3130 3589 ὑποτεταγμένον
3159 3515 3392 3586 ψαλμὸν.

301 3738 507 3795 Titulus
534 3737 865 3809 praepositus
895 3737 1134 3792 continet
1165 3756 1177 3790 :
1209 3737 1381 3790 oratio
1417 3735 1625 3801 David;
1654 3736 1755 3790 hoc
1783 3743 1868 3790 est
1893 3734 1990 3789 Dei
2030 3733 2188 3787 Filio.
2215 3729 2350 3786 Nam
2377 3727 2627 3798 superius
2660 3724 2916 3787 diximus,
2942 3721 3085 3790 quod
3112 3719 3275 3773 David
3301 3719 3469 3772 inter-

240 3844 473 3906 pretatur
505 3837 615 3891 hoc
653 3834 837 3901 modo,
874 3836 1121 3888 aitectus.
1159 3832 1298 3887 Hinc
1329 3842 1509 3888 autem
1537 3845 1640 3896 est,
1665 3843 1725 3889 ut
1760 3831 2061 3901 accipiatur
2090 3829 2156 3884 de
2186 3825 2468 3895 unigenito
2503 3822 2591 3876 Dei
2624 3820 2782 3884 Filio,
2813 3816 3266 3888 quemadmodum
3301 3814 3463 3869 etiam

241 3903 375 3984 nunc
404 3928 786 3999 accipiendum
816 3936 901 3982 est
932 3946 946 3982 :
979 3926 1205 3995 nempe,
1253 3920 1399 3995 quod
1428 3924 1628 3991 oratio,
1685 3940 1808 3995 quae
1838 3924 2050 3995 psalmo
2083 3919 2393 3974 continetur
2414 3956 2429 3979 ,
2474 3913 2617 3969 dicta
2644 3917 2728 3965 est
2758 3908 2850 3964 Dei
2880 3907 3035 3961 Filio.
3082 3904 3251 3958 Aliter
3299 3903 3463 3956 etiam

239 4026 483 4095 explicari
511 4034 695 4097 potest
732 4025 920 4080 eadem
949 4022 1255 4092 inscriptio,
1286 4022 1548 4092 quoniam
1575 4034 1628 4076 et
1667 3993 2057 4076 aliter'nomen
2083 4015 2250 4069 David
2290 4013 2694 4080 interpretatur,
2721 4016 2911 4071 nempe
2941 3998 3286 4059 desideratus,
3320 3993 3465 4064 quod

243 4136 452 4180 necesse
476 4135 562 4180 est
591 4123 841 4184 accipere
876 4122 944 4177 de
976 4131 1293 4189 sanctorum
1332 4121 1525 4188 choro,
1560 4121 1653 4191 qui
1679 4136 1707 4174 a
1738 4120 1850 4175 Deo
1878 4116 2219 4174 desideratus
2251 4122 2368 4174 est,
2402 4113 2476 4164 ita
2514 4115 2573 4161 ut
2610 4105 2711 4174 ipsi
2738 4103 2811 4157 ad
2831 4099 2923 4154 Dei
2950 4095 3146 4151 Filium
3171 4091 3464 4163 psalmum,

247 4219 328 4288 uti
370 4221 683 4291 subjicitur,
737 4218 939 4276 dicant.

301 4430 352 4485 1.
381 4431 493 4504 Τῆς
516 4432 738 4495 δικαίας
765 4449 864 4502 μου
895 4430 1178 4503 αἰτήσεως.

1981 4415 2035 4469 1.
2062 4413 2274 4468 Justam
2306 4425 2479 4465 meam
2507 4404 2942 4479 postulationem.

302 4520 353 4577 2.
384 4522 594 4595 Εὕτυχε
634 4523 793 4593 αὐτῇ.

1979 4509 2035 4564 2.
2061 4506 2336 4577 Propitius
2359 4509 2407 4559 ei
2434 4504 2535 4569 sis;

304 4612 356 4669 3.
401 4580 687 4669 ’Evdilrtaat
718 4580 814 4685 τήν
838 4613 1141 4686 προσευχήν
1177 4626 1277 4681 μου
1300 4607 1396 4679 τὴν
1422 4604 1698 4676 ἀληθινήν.

1982 4601 2036 4655 5.
2058 4597 2267 4655 Exaudi
2288 4594 2585 4650 orationem
2610 4605 2783 4645 meam
2803 4603 2910 4642 non
2938 4586 3136 4650 ﬁctam,
3155 4580 3246 4637 sed
3264 4594 3473 4636 veram.

300 4701 354 4760 4.
390 4705 475 4759 Ἐν
504 4708 572 4776 τῇ
604 4677 832 4775 ἀληθείᾳ
856 4677 947 4756 σου
970 4677 1269 4770 τὸδέλημά
1296 4677 1394 4769 μου
1419 4696 1576 4749 ἔστω.

1495 4713 1576 4748 ιω.
1980 4690 2034 4743 4.
2064 4687 2120 4741 Ιιι
2155 4686 2380 4741 veritate
2406 4693 2493 4737 tua
2521 4683 2772 4737 voluntas
2805 4694 2921 4732 mea
2962 4677 3048 4731 sit.

304 4796 353 4850 5.
383 4798 445 4851 Ol
477 4768 582 4869 τῆς
616 4768 841 4867 καρδίας
886 4813 985 4866 μου
1013 4768 1276 4864 ὀφθαλμοὶ
1300 4768 1507 4859 γνῶσιν
1537 4786 1809 4858 ἐχέτωσαν
1839 4782 1857 4838 1

1984 4781 2037 4836 5.
2070 4777 2222 4836 Oculi
2250 4777 2431 4833 cordis
2453 4775 2555 4829 mei
2587 4779 2918 4844 cognoscant
2939 4768 3268 4823 voluntatem
3300 4773 3477 4818 tuam.

240 4888 359 4960 περὶ
388 4891 447 4943 τὸ
477 4890 570 4944 σὺν
599 4890 831 4960 θέλημα.

302 4947 352 5034 ὁ.
382 4976 535 5043 Εἶδες
559 4979 662 5050 τὴν
686 4947 911 5050 δέάρδίαν
942 4994 1043 5049 μου
1069 4970 1233 5029 οὖσαν
1272 4976 1328 5027 ἐν
1363 4971 1685 5044 ἁμαρτίαις,
1716 4969 1809 5022 καὶ

1993 4961 2047 5017 6.
2082 4959 2275 5015 Vidisti
2324 4974 2419 5014 cor
2450 4972 2627 5012 meum
2656 4995 2671 5020 ,
2709 4952 2852 5024 quod
2886 4959 3003 5006 erat
3037 4951 3090 5005 in
3118 4947 3387 5019 peccatis,
3421 4952 3476 4999 et

241 5069 532 5143 ἐϐοήθησας
567 5089 684 5142 μοι.

1913 5070 2069 5125 opem
2099 5053 2234 5106 mihi
2264 5052 2458 5114 tulisti,

303 5127 357 5220 7.
391 5127 759 5235 ’ἐκαθαρισάς
789 5178 855 5232 με
874 5201 890 5225 ,
924 5158 1018 5213 καὶ
1047 5159 1143 5229 οὐχ
1169 5156 1361 5230 εὑρέθη
1380 5155 1436 5209 ἐν
1464 5153 1586 5225 ἐμοὶ
1606 5148 1805 5205 ἀδικία.

1983 5145 2034 5198 7.
2068 5144 2388 5199 Emundasti
2428 5157 2513 5196 me
2536 5182 2551 5208 ,
2581 5149 2635 5195 et
2665 5156 2772 5194 non
2807 5148 2890 5193 est
2917 5138 3128 5191 inventa
3161 5132 3216 5186 in
3245 5144 3330 5184 me
3368 5127 3473 5182 iui-

1909 5240 2109 5309 quitas.

302 5332 356 5392 8.
382 5336 575 5400 Ὅπως
613 5334 682 5389 ἂν
711 5334 783 5406 μὴ
825 5333 1033 5404 ποιήσω
1068 5330 1136 5383 τὰ
1171 5329 1307 5399 ἔργα
1335 5328 1444 5381 τῶν
1475 5324 1773 5399 ἀνθρώπων
1794 5366 1808 5379 .

1380 5328 1444 5381 ὒν
1475 5324 1773 5399 ἀνθρώπων
1794 5366 1808 5379 .
1994 5329 2047 5383 8.
2082 5327 2158 5381 Ne
2190 5326 2382 5381 faciam
2417 5340 2579 5395 opera
2610 5322 2889 5378 hominum
2921 5338 2933 5374 :

299 5424 350 5484 9.
381 5427 481 5481 Διὰ
508 5428 610 5491 τὰς
643 5402 968 5494 ἐπαγγελίας
997 5425 1094 5494 τῆς
1116 5422 1389 5495 βασιλείας
1425 5440 1518 5476 σου
1544 5420 1654 5489 ἐγὼ
1682 5419 1813 5489 ἐφύ-

1988 5422 2039 5477 9.
2077 5422 2304 5489 l’ropter
2335 5417 2726 5488 promissiones
2759 5413 2905 5484 regni
2956 5410 3031 5463 tui
3078 5421 3177 5476 ego
3207 5402 3473 5462 custodivi

236 5515 370 5584 λαξα
392 5518 460 5573 τὰ
492 5517 896 5590 προστάγματα
923 5534 1035 5569 σου.

773 5517 896 5571 ιατά
923 5534 1035 5569 σου.
1916 5521 2183 5584 praecepta
2217 5520 2326 5564 tua.

308 5609 393 5663 10.
411 5612 757 5683 Κατάρτισαι
772 5609 868 5681 τὴν
894 5609 1117 5680 καρδίαν
1142 5624 1240 5679 μου
1258 5608 1337 5670 εἰς
1363 5607 1431 5660 τὰ
1449 5602 1805 5674 δικαιώματα.

1683 5621 1805 5658 ατα.
1985 5601 2073 5657 10.
2112 5600 2315 5654 Perﬁce
2337 5615 2432 5654 cor
2457 5613 2633 5654 meum
2661 5596 2714 5650 in
2738 5589 3235 5664 justiﬁcationibus.

309 5700 393 5757 11.
412 5702 494 5756 Τὰ
506 5681 647 5774 ὀρθὰ
664 5703 753 5774 νοή
762 5699 905 5772 ματά
923 5718 1022 5772 μου
1041 5700 1216 5771 ἴναζμὴ
1234 5695 1536 5751 ἀποστῶσιν
1548 5696 1640 5750 ἀπ’
1654 5695 1805 5763 ἐμοῦ.

1803 5737 1805 5747 ,
1988 5694 2071 5748 11.
2103 5690 2252 5750 Recti
2274 5690 2565 5762 animimei
2590 5701 2784 5746 sensus
2809 5700 2877 5741 ne
2902 5699 2935 5739 a
2956 5696 3042 5739 me
3061 5681 3356 5738 discedant.
