3934 6218
429 312 537 374 699
1253 321 1312 376 S.
1354 322 1728 380 ATHANASII
1768 325 1919 383 OPP.
1962 327 1982 382 1

2107 330 2140 385 s
2178 331 2263 385 ιιι.
2302 365 2370 374 -
2409 318 2817 390 ΕιιἘοιεΤιαΑζ
3565 336 3660 393 700

503 435 588 489 l2.
622 434 736 506 Ego
780 435 1040 504 clamavi,
1082 441 1341 510 quoniam
1374 444 1645 500 exaudisti
1675 462 1781 511 me,
1816 447 1958 504 Deus
1990 470 2002 505 :
2036 459 2056 513 Α

2196 454 2276 507 12.
2329 455 2469 524 Ἐγὼ
2502 455 2792 529 ἐκέκραξα,
2830 458 2910 510 ὅτι
2944 456 3249 529 ἐπήκουσάς
3283 473 3406 526 μου,
3443 455 3471 506 ὀ
3497 453 3659 520 Θεός·

503 525 823 583 13.1nclina
860 545 1044 586 aurem
1089 542 1238 588 tuam
1267 535 1439 604 mihi,
1492 547 1544 592 et
1595 541 1784 593 exaudi
1833 543 1991 596 verba

2170 547 2254 601 15.
2295 548 2488 601 Κλῖνον
2523 549 2584 602 τὸ
2624 546 2716 612 οὖς
2766 567 2858 603 σου
2905 550 3066 620 ἐμοὶ,
3100 549 3193 602 καὶ
3219 547 3532 601 εἰσάκουσον
3558 547 3660 603 τῶν

434 635 574 674 mea.

2100 640 2359 709 ῥημάτων
2393 659 2511 711 μου.

505 714 591 767 14.
624 713 848 769 Miriﬁca
879 717 1284 772 misericordias
1316 727 1470 786 tuas,

2173 728 2257 782 H.
2293 729 2690 800 Θαυμάστωσον
2717 732 2784 785 τὰ
2822 732 2944 802 ὲλέη
2975 748 3067 784 σου
3087 771 3100 796 ,

502 806 588 861 15.
625 806 728 873 Qui
754 809 935 863 salvos
964 808 1096 865 facis
1128 821 1406 881 sperantes
1438 814 1491 867 in
1518 822 1604 869 te:

2174 818 2260 871 15.
2304 820 2361 871 ’0
2397 819 2581 882 σώζων
2605 823 2729 884 τοὺς
2759 822 3068 886 ἐλπίζοντας
3101 823 3191 874 ἐπὶ
3222 820 3301 874 σέ.

504 898 590 952 16.
626 901 671 951 Α
693 901 1073 957 resistentibus
1099 903 1333 959 dextera:
1361 915 1466 961 tuae
1486 946 1500 971 ,

2177 912 2267 965 16.
2314 912 2405 964 Ἐκ
2428 913 2535 965 τῶν
2563 915 2966 984 ἀνθεστηκότων
3001 918 3065 985 τῇ
3090 914 3239 986 δεξιᾷ
3260 932 3352 968 σου

505 990 593 1047 17.
626 992 848 1046 Custodi
883 1010 968 1047 me
1002 1003 1062 1048 ut
1091 996 1346 1065 pupillam
1382 1000 1544 1054 oculi.

2170 1002 2255 1055 17.
2287 1001 2520 1067 Φύλαξόν
2547 1021 2612 1074 με
2641 1004 2715 1066 ὡς
2748 1004 2912 1075 κόρην
2941 1004 3240 1075 ὀφθαλμοῦ.

505 1079 592 1132 18.
627 1079 740 1135 Sub
770 1082 958 1136 umbra
984 1084 1191 1138 alarum
1223 1093 1438 1142 tuarum
1463 1097 1710 1161 proteges
1737 1108 1852 1157 me,

2173 1090 2261 1144 18.
2303 1093 2390 1143 Ἐν
2417 1092 2591 1165 σκέπῃ
2619 1093 2726 1145 τῶν
2757 1093 3038 1166 πτερύγων
3074 1112 3165 1147 σου
3195 1094 3489 1159 σκεπάσεις
3517 1112 3605 1165 με,

506 1173 592 1228 19.
621 1175 667 1229 Α
693 1175 830 1231 facie
854 1177 1164 1247 impiorum,
1199 1181 1291 1250 qui
1318 1198 1404 1236 me
1429 1182 1757 1240 afﬂixerunt.

2170 1178 2254 1233 19.
2304 1180 2435 1234 Ἀπὸ
2463 1180 2751 1252 προσώπου
2798 1182 3007 1236 ἀσεϐῶν
3059 1184 3168 1237 τῶν
3216 1184 3660 1257 ταλαιπωρησάν·

2095 1288 2202 1324 των
2234 1289 2320 1343 με.

500 1349 590 1403 20.
626 1348 833 1407 Inimici
864 1354 967 1408 mei
999 1355 1233 1411 animam
1286 1373 1460 1413 meam
1495 1360 1986 1425 circumdederunt,

1949 1368 1986 1425 ι,
2164 1366 2255 1420 20.
2292 1367 2353 1420 Οἱ
2386 1365 2568 1437 ἐχθροί
2604 1384 2702 1437 μου
2727 1366 2825 1438 τὴν
2850 1366 3023 1439 ψυχήν
3058 1385 3157 1439 μου
3187 1369 3493 1443 περιέσχον,

502 1441 592 1496 21.
623 1442 848 1513 Adipem
881 1464 1038 1501 suum
1074 1451 1460 1506 concluserunt
1492 1471 1504 1506 :

2167 1458 2255 1510 2l.
2290 1457 2361 1510 Τὸ
2385 1458 2547 1530 στέαρ
2577 1458 2754 1512 αὐτῶν
2788 1460 3161 1513 συνέκλεισαν·

501 1534 591 1588 22.
622 1533 695 1589 Os
724 1550 911 1591 eorum
939 1539 1175 1594 locutum
1207 1551 1290 1596 est
1312 1544 1642 1612 superbiam.

2167 1549 2256 1602 22.
2282 1550 2353 1601 Τὸ
2384 1550 2554 1619 στόμα
2594 1551 2772 1603 αὐτῶν
2797 1551 3053 1621 ἐλάλησεν
3081 1551 3472 1625 ὑπερηφανίαν.

500 1628 591 1683 25.
623 1627 976 1700 Projicientcs
1003 1648 1088 1687 me
1109 1630 1252 1688 nunc
1274 1634 1748 1691 circumdederunt
1782 1652 1885 1691 me.

2166 1639 2254 1694 25.
2306 1639 2680 1704 Ἐκϐάλλοντές
2713 1658 2779 1711 με
2808 1640 2901 1695 νῦν
2935 1641 3376 1712 περιεκύκλωσάν
3405 1659 3494 1712 με.

503 1719 595 1777 24.
623 1723 823 1777 Uculos
853 1739 983 1779 suos
1017 1727 1615 1782 statueruntdeclinare
1662 1729 1716 1781 in
1770 1736 1989 1783 terram.

2168 1728 2257 1782 24.
2283 1729 2420 1793 Τοὺς
2439 1729 2748 1801 ὀφθαλμοὺς
2763 1732 2939 1785 αὐτῶν
2957 1731 3135 1786 ἔθεντο
3158 1733 3396 1786 ἐκκλῖναι
3414 1735 3471 1786 ἐν
3486 1735 3551 1805 τῇ
3570 1736 3658 1804 γῇ.

502 1812 592 1868 25.
616 1811 981 1884 Susceperunt
1011 1833 1115 1879 me,
1143 1819 1284 1874 sicut
1304 1819 1388 1874 leo
1406 1828 1626 1888 paratus
1641 1820 1706 1873 ad
1737 1821 1991 1889 praedam,
2026 1807 2055 1860 Ε

2163 1819 2253 1873 25.
2296 1819 2591 1874 ’Υπὲλαϐόν
2625 1838 2723 1891 με,
2758 1822 2888 1874 ὡσεὶ
2917 1822 3051 1875 λέων
3095 1823 3307 1894 ἕτοιμος
3339 1825 3420 1886 εἰς
3469 1822 3661 1894 θήραν,

503 1900 592 1958 26.
623 1902 688 1957 Et
713 1904 853 1959 sicut
883 1907 1096 1963 catulus
1124 1909 1297 1965 leonis
1331 1910 1582 1965 habitans
1619 1910 1673 1964 in
1703 1912 1920 1967 abditis.

2164 1908 2252 1962 26.
2291 1910 2400 1962 Kal.
2425 1909 2555 1962 ὡσεὶ
2587 1909 2821 1980 σκύμνος
2845 1911 3008 1965 οἰκῶν
3040 1913 3097 1964 ὲν
3122 1912 3474 1984 ἀποκρύφοις.

511 1992 600 2047 27.
636 1993 878 2065 Exsurge
900 2037 916 2062 ,
940 1996 1166 2053 Domine
1185 2041 1199 2066 ,
1228 2000 1460 2069 ιιι-ξυνειιί
1487 2014 1602 2064 eos,
1630 2006 1685 2055 et
1708 2000 1993 2069 supplanta

2160 1998 2247 2050 27.
2294 1998 2616 2069 Ἀνάστηθι,
2677 1999 2846 2072 Κύριε
2872 2040 2887 2064 ,
2954 2002 3262 2073 πρόφθασον
3299 2003 3535 2070 αὐτοὺς,
3571 2001 3664 2059 καὶ

435 2095 529 2137 eos
555 2100 568 2136 :
2099 2083 2454 2138 ὑποσκέλισον
2488 2085 2681 2150 αύτούς
2695 2104 2708 2116 ·

501 2169 588 2224 28.
624 2170 782 2243 Eripe
808 2176 1046 2232 animam
1073 2192 1247 2233 meam
1273 2179 1340 2233 ab
1371 2179 1570 2250 impio,

2165 2176 2254 2230 28.
2300 2177 2485 2230 Ῥῦσαι
2512 2178 2610 2248 τὴν
2637 2176 2813 2251 ψυχήν
2840 2198 2938 2251 μου
2963 2181 3069 2234 ἀπὸ
3102 2182 3347 2247 ἀσεϐοῦς,

502 2262 591 2319 29.
625 2264 848 2324 Framea
884 2278 973 2325 tua
1002 2270 1070 2325 ab
1094 2270 1329 2326 inimicis
1357 2287 1550 2327 manus
1576 2281 1719 2327 tuae:

2164 2267 2254 2321 29.
2295 2269 2563 2342 Ῥομφαίᾳ
2595 2289 2686 2324 σου
2716 2272 2822 2325 ἀπὸ
2847 2272 3056 2344 ἐχθρῶν
3081 2276 3177 2344 τῆς
3205 2277 3384 2347 χειρός
3419 2293 3514 2330 σου
3536 2294 3549 2307 ·

502 2354 591 2411 50.
627 2356 856 2414 Domine
883 2376 914 2414 a
939 2362 1126 2430 paucis
1158 2362 1224 2417 de
1252 2370 1393 2418 terra
1413 2406 1429 2432 ,

2165 2361 2255 2415 50.
2284 2360 2476 2434 Κύριε,
2507 2362 2615 2416 ἀπὸ
2637 2364 2830 2432 ὀλίγων
2870 2364 2978 2417 ἀπὸ
3004 2364 3137 2435 γῆς,

503 2444 593 2501 51.
629 2445 817 2504 Dividc
843 2466 937 2506 eos
975 2452 1028 2506 in
1069 2453 1178 2508 vita
1215 2469 1426 2510 eorum.

2167 2453 2256 2508 51.
2285 2454 2608 2526 Διαμέρισον
2634 2456 2829 2520 αὐτοὺς
2852 2457 2909 2510 ὲν
2943 2460 3008 2529 τῇ
3045 2457 3154 2529 ζωῇ
3182 2459 3379 2513 αὐτῶν.

505 2535 592 2592 52.
626 2538 692 2594 Ει
722 2540 789 2597 de
831 2542 1166 2601 absconditis
1203 2548 1309 2604 tuis
1340 2549 1666 2621 adimpletus
1693 2559 1778 2609 est
1805 2561 1994 2608 venter

2169 2547 2258 2600 52.
2291 2546 2402 2601 Kal.
2442 2546 2549 2601 τῶν
2579 2548 2972 2620 κεκρυμμένων
3006 2567 3100 2605 σου
3127 2551 3367 2623 ἐπλήσθη
3396 2553 3429 2624 ἡ
3454 2553 3663 2625 γαστὴρ

426 2641 618 2684 eorum
629 2673 643 2686 .

2096 2636 2277 2690 αὐτῶν
2296 2652 2308 2666 ·

501 2723 590 2779 55.
630 2722 865 2781 Saturati
892 2737 1020 2784 sunt
1049 2728 1193 2797 ﬁliis,

2167 2728 2258 2783 55.
2301 2727 2737 2800 Ἐχορτάσθησαν
2766 2727 2914 2793 υἱῶν,

505 2814 595 2870 54.
623 2814 688 2871 Et
715 2816 1039 2874 dimiserunt
1066 2820 1324 2891 reliquias
1351 2839 1479 2879 suas
1500 2826 1740 2895 parvulis
1766 2828 1902 2884 suis.

2162 2819 2252 2873 54,
2286 2820 2396 2873 Καὶ
2426 2820 2644 2892 ἀφῆκαν
2678 2819 2746 2901 τὰ
2767 2818 3066 2873 κατέιλοιπα
3093 2822 3204 2884 τοῖς
3236 2819 3443 2891 νηπίοις
3464 2817 3659 2874 αὐτῶν.

502 2906 590 2961 55.
615 2905 725 2980 Ego
746 2919 925 2964 autem
950 2912 1000 2965 in
1020 2911 1234 2982 justitia
1257 2916 1524 2983 apparebo
1544 2919 1856 2988 conspectui
1878 2929 1993 2988 tuo,

2168 2912 2254 2965 55.
2303 2910 2442 2980 Ἐγὼ
2477 2911 2534 2965 δὲ
2571 2912 2628 2965 ἐν
2660 2911 2973 2985 δικαιοσύνῃ
3001 2911 3308 2984 ὀφθήσομαι
3353 2912 3433 2983 τῷ
3490 2928 3660 2984 προσ-

2104 3004 2238 3068 ὡπῳ
2269 3022 2382 3068 σου,

502 3078 591 3135 56.
630 3080 882 3139 Satiabor
909 3100 1033 3141 cum
1062 3086 1374 3157 apparuerit
1402 3089 1534 3144 milli
1565 3090 1734 3162 gloria
1770 3101 1880 3148 tua.
2012 3137 2055 3193 ρ

2104 3024 2148 3057 ω
2269 3024 2382 3068 σου,

2273 3096 2727 3169 Χορτασθήσομαι
2746 3097 2804 3150 ἐν
2817 3095 2893 3167 τῷ
2908 3096 3135 3168 ὀφθῆναί
3153 3116 3240 3169 μοι
3258 3098 3355 3170 τὴν
3373 3098 3529 3167 δόξαν
3548 3115 3657 3156 σου.

1565 3228 1930 3285 ATHANASII
1968 3227 2533 3286 INTERPRETATiO.

509 3339 596 3395 12.
625 3339 916 3412 Propterea
941 3345 1006 3399 ad
1043 3355 1093 3400 te
1133 3347 1361 3403 clamavi
1413 3360 1670 3421 expertus
1708 3351 1821 3421 jam
1854 3352 1999 3423 quod

2177 3349 2262 3403 12.
2292 3347 2389 3402 Διὰ
2411 3346 2569 3400 τοῦτο
2587 3346 2785 3415 ἐϐόησα
2804 3345 2936 3418 πρὸς
2958 3345 3036 3408 σὲ,
3061 3344 3159 3415 ἤδη
3182 3344 3372 3416 πεῖράν
3390 3361 3484 3397 σου
3506 3344 3657 3414 ἔχων,

442 3430 667 3487 exaudis
700 3447 818 3497 eos,
850 3434 943 3503 qui
967 3443 1017 3490 te
1038 3437 1419 3506 deprecantur.

2101 3439 2181 3493 ὅτι
2207 3437 2511 3501 εἰσακούεις
2534 3436 2641 3491 τῶν
2666 3437 2934 3507 δεομένων
2967 3453 3078 3489 σου.

504 3523 588 3577 15.
615 3523 885 3596 Benignus
912 3528 1045 3581 mihi
1073 3540 1208 3594 esto,
1238 3541 1291 3586 et
1336 3532 1497 3604 imple
1530 3549 1651 3603 quae
1682 3550 1713 3588 a
1741 3543 1791 3590 te
1816 3549 1995 3605 posco.

2174 3529 2259 3583 15.
2280 3528 2352 3580 Εὐ
2362 3528 2527 3599 μενής
2550 3544 2635 3597 μοι
2659 3526 2838 3595 γενοῦ,
2861 3525 2955 3578 καὶ
2973 3526 3254 3597 πλήρωσον
3277 3525 3417 3596 ἅπερ
3433 3523 3567 3578 αίτῶ
3584 3540 3657 3578 σε.

506 3615 595 3679 14,
626 3616 712 3672 15.
745 3616 1028 3689 Magniﬁca
1054 3622 1483 3678 misericordiam
1518 3634 1666 3679 tuam
1700 3626 1755 3680 in
1785 3642 1890 3682 me.

1813 3642 1890 3682 ne.
2176 3620 2259 3674 14.
2295 3619 2382 3673 15.
2408 3618 2722 3687 Μεγάλυνον
2750 3618 2809 3671 τὸ
2839 3619 2986 3680 ἔλεός
3020 3634 3111 3669 σου
3146 3619 3225 3681 εἰς
3248 3617 3366 3687 ἐμέ.

505 3704 592 3760 16.
624 3707 710 3760 17.
752 3706 826 3763 De
851 3709 1188 3766 daemonibus
1213 3712 1453 3782 loquitur
1482 3732 1495 3768 :

2172 3709 2260 3777 16,
2295 3710 2381 3763 17.
2411 3710 2546 3780 Περὶ
2572 3709 2679 3762 τῶν
2712 3708 2980 3779 δαιμόνων
3012 3707 3178 3774 λέγει.

508 3798 594 3852 18.
632 3799 691 3853 1η
714 3799 1196 3869 justiﬁcationibus
1230 3805 1338 3860 tuis
1376 3806 1571 3876 adjuva
1604 3823 1716 3873 me;

2173 3802 2261 3857 18.
2305 3803 2393 3855 Ἐν
2417 3805 2528 3865 τοῖς
2551 3800 2879 3871 δικαιώμασί
2912 3817 3004 3852 σου
3036 3797 3297 3870 βοήθησόν
3326 3815 3434 3868 μοι.

509 3890 596 3945 19.
634 3890 969 3959 Daemonum,
1010 3896 1102 3964 qui
1140 3911 1362 3965 peccare
1389 3913 1474 3952 me
1507 3897 1768 3955 fecerunt.

2173 3892 2258 3948 19.
2287 3892 2406 3946 Τῶν
2431 3892 2695 3963 δαιμόνων
2724 3890 2828 3944 τῶν
2855 3889 3191 3961 ποιησάντων
3229 3886 3541 3959 ἁμαρτῆσαί
3576 3903 3661 3957 με.

503 3981 594 4035 20.
644 3982 939 4040 Daemones.

2168 3986 2256 4041 20.
2290 3988 2352 4041 Οἱ
2374 3986 2640 4059 δαίμονες.

500 4076 589 4132 21.
613 4076 924 4147 Voluptates
946 4092 1074 4135 suas
1089 4088 1395 4136 statuerunt
1413 4080 1684 4138 declinare
1700 4084 1752 4138 in
1779 4093 1998 4143 terram.

2173 4079 2263 4132 21.
2300 4078 2410 4143 Τὰς
2440 4079 2626 4149 ἡδονὰς
2653 4076 2830 4132 αὐτῶν
2856 4077 3035 4131 ἔθεντο
3058 4076 3301 4130 ἐκκλῖναι
3334 4076 3392 4129 ὲν
3414 4076 3483 4145 τῇ
3504 4076 3597 4145 γῇ.

506 4169 596 4221 22.
626 4169 958 4225 Putaverunt
986 4188 1044 4227 se
1074 4173 1203 4229 deos
1239 4189 1380 4228 esse.

2170 4170 2260 4226 22.
2303 4171 2603 4241 Ἡγήσαντο
2632 4170 2856 4232 ἑαυτοὺς
2882 4163 3021 4221 εἶναι
3049 4168 3220 4231 θεούς.
3300 4159 3304 4172 ’

503 4262 588 4314 25.
621 4262 1009 4319 Abstrahentes
1039 4280 1125 4320 me
1157 4282 1187 4319 a
1219 4274 1271 4320 te
1298 4267 1772 4324 circumdederunt
1803 4287 1907 4326 me.

2169 4263 2257 4315 25.
2296 4260 2731 4335 Ἀποσπάσαντές
2760 4277 2825 4330 με
2847 4260 2955 4313 ἀπὸ
2979 4257 3091 4322 σοῦ,
3111 4256 3549 4330 περιεκύκλωσάν
3577 4271 3663 4325 με.

509 4353 599 4408 24.
622 4354 921 4409 Consilium
944 4371 1130 4410 eorum
1156 4358 1483 4422 esteflicere,
1510 4369 1616 4414 uta
1641 4370 1691 4416 te
1710 4362 1998 4418 declinem.

2170 4353 2259 4407 24.
2278 4355 2338 4405 Ἡ
2360 4352 2518 4425 βουλὴ
2532 4352 2708 4405 αὐτῶν
2727 4354 2841 4404 ἐστι
2857 4351 3078 4421 ποιῆσαί
3095 4368 3159 4422 με
3177 4348 3535 4403 ἐκκλῖναιὰπὺ
3551 4345 3664 4400 σοῦ.

506 4445 599 4510 25,
633 4443 723 4500 26.
760 4445 915 4501 Sicut
965 4447 1084 4513 leo,
1133 4457 1188 4503 et
1222 4450 1435 4506 catulus
1468 4451 1715 4507 habitant
1749 4454 1800 4508 in
1837 4457 2001 4511 corde

2170 4445 2260 4508 25,
2294 4443 2384 4498 26.
2430 4444 2515 4508 Ὠς
2549 4443 2684 4496 λέων
2707 4482 2722 4507 ,
2761 4443 2852 4496 καὶ
2881 4442 2955 4505 ὡς
2978 4442 3212 4512 σκύμνος
3252 4440 3485 4495 οἰκοῦσιν
3516 4441 3573 4491 ὲν
3601 4440 3665 4509 τῇ

437 4553 580 4592 meo.

2103 4538 2300 4610 καρδίᾳ
2332 4553 2451 4607 μου.

506 4631 597 4684 27.
643 4630 801 4696 Veni,
860 4632 1126 4700 Domine,
1171 4644 1226 4689 ct
1279 4635 1523 4707 compedi
1564 4651 1660 4691 eos
1699 4637 1800 4691 sub
1838 4638 1998 4707 pedes
2029 4627 2059 4679 ῖ

2169 4630 2261 4684 27.
2309 4628 2478 4695 Ἑλθὲ,
2510 4627 2702 4699 Κύριε,
2732 4627 2825 4680 καὶ
2854 4625 3177 4697 συμπόδισον
3199 4624 3393 4687 αὐτοὺς
3423 4621 3525 4674 ὑπὸ
3542 4620 3664 4685 τοὺς

437 4739 605 4780 meos.

2105 4723 2269 4786 πόδας
2298 4739 2417 4792 μου.

505 4816 692 4871 28-51.
731 4815 980 4884 Domine,
1012 4819 1261 4874 celeriter
1284 4820 1509 4889 dispelle
1536 4835 1632 4876 eos
1659 4821 1726 4876 ab
1754 4822 1993 4877 homini-

2173 4837 2355 4893 28-51.
2411 4837 2613 4907 Κύριε,
2652 4838 2709 4890 ὲν
2738 4835 2891 4905 τάχει
2934 4833 3281 4888 διασκέδασον
3327 4830 3522 4893 αὐτοὺς
3562 4826 3666 4881 ἀπὸ

436 4907 582 5001 bus}
636 4998 661 5001 _
746 4999 756 5001 _
2100 4930 2207 4985 τῶν
2245 4929 2563 5001 ἀνθρώπων.

503 5000 594 5055 52.
636 4998 912 5071 Projectos
949 5002 1046 5057 abs
1081 5010 1132 5056 te
1155 5001 1571 5085 devoraverunt.

2177 5023 2266 5077 52.
2292 4998 2427 5084 Τοὺς
2460 5018 2858 5094 ἀπεῤῥιμένους
2886 5017 2992 5071 ἀπὸ
3029 5016 3121 5070 σοῦ
3156 5015 3442 5069 κατέπιαν.

504 5093 596 5158 55,
624 5092 714 5149 54.
740 5093 986 5149 Saturati
1015 5104 1181 5160 sunt,
1214 5095 1306 5150 sed
1342 5096 1564 5166 iniquis.
1712 5162 1716 5170 λ

2173 5116 2262 5179 55,
2292 5115 2380 5170 54.
2425 5092 2947 5183 Ἐχορτάσθησαν,
2998 5107 3133 5163 ἀλλὰ
3170 5107 3276 5160 τῶν
3308 5102 3665 5177 ἀνομούντων.

502 5186 591 5241 55.
631 5187 772 5241 Cum
797 5187 1003 5242 venerit
1023 5186 1273 5257 judicare
1302 5195 1524 5243 terram.

2172 5207 2261 5262 55.
2298 5208 2460 5261 Ὅταν
2488 5205 2613 5277 ἔλθη
2648 5206 2827 5277 κρῖναι
2854 5202 2949 5273 τὴν
2977 5200 3317 5270 οἰκουμένην.

504 5278 594 5332 '56.
621 5278 790 5335 Cibus
823 5294 977 5333 meus
1003 5319 1018 5344 ,
1054 5295 1173 5332 cum
1208 5280 1513 5348 apparuerit
1548 5280 1677 5333 mihi
1702 5280 1871 5350 gloria
1903 5289 1995 5334 tua

2171 5296 2260 5352 56.
2293 5298 2357 5349 Ἦ
2378 5297 2549 5366 τροφή
2591 5312 2691 5365 μου
2717 5334 2731 5359 ,
2762 5295 2831 5347 ἐν
2849 5292 2927 5357 τῷ
2947 5290 3202 5362 ὀφθῆναί
3216 5307 3315 5359 μοι
3347 5289 3460 5355 τὴν
3484 5286 3666 5351 δόξαν

433 5370 487 5423 in
531 5368 713 5427 futuro
741 5371 962 5437 saeculo,
995 5381 1078 5425 est
1107 5371 1162 5424 in
1190 5371 1374 5442 gloriae
1398 5379 1506 5427 tua:
1531 5372 1761 5428 visione.

2112 5406 2217 5442 σου
2244 5389 2300 5441 ὲν
2329 5388 2406 5459 τῷ
2442 5386 2684 5459 μέλλοντι
2713 5386 2900 5449 αἰῶνι,
2936 5384 3080 5438 ἐστὶν
3114 5385 3193 5447 εἰς
3224 5382 3283 5435 τὸ
3320 5383 3453 5456 όρᾷν
3479 5399 3547 5455 με
3572 5380 3665 5456 τὴν

2100 5481 2255 5546 δόξαν
2286 5497 2400 5535 σου.

1382 5615 1682 5677 Addenda
1723 5623 1785 5679 et
1817 5616 2187 5697 corrigenda
2237 5636 2314 5679 cx
2347 5617 2481 5680 cod.
2517 5616 2718 5680 Vatic.

520 5752 633 5824 (15)
669 5755 724 5808 Ἃ
751 5755 1075 5824 ἐλάλησεν.
1104 5757 1224 5814 Haec
1254 5760 1478 5817 delenda
1500 5760 1769 5817 videntur.
