3934 6218
294 365 391 426 701
1242 374 1329 430 DE
1369 372 1641 433 TITULIS
1681 375 1803 431 PSA
1821 370 2218 431 LMOBUMJ—
2240 367 2432 426 PSAL.
2470 364 2631 422 XVII.

3394 353 3501 409 76?.

291 484 391 549 Εἷς
422 482 487 537 τὸ
515 482 686 551 τέλος
740 484 844 552 τῷ’
870 487 1031 541 παιδὶ
1073 490 1291 557 Κιιοίου
1320 490 1397 556 τῷ
1428 492 1624 555 Δαὸὶδ,
1654 488 1692 543 ἁ
1722 488 1860 543 ἐλά-

2025 514 2027 540 :
2058 488 2242 558 'ﬁnem
2293 499 2450 555 puero
2471 521 2486 546 ,
2544 477 2758 533 Domini
2791 473 2989 541 David,
3023 485 3138 543 qua
3169 468 3370 521 locutus
3422 476 3501 522 est

361 579 518 642 λησε
548 574 627 642 τῷ
657 579 849 646 Κυρίῳ
882 579 1021 645 τοὺς
1045 581 1263 651 λόγους
1304 581 1411 650 τῆς
1451 582 1604 650 ᾠδῆς
1635 582 1853 649 ταύτης

363 668 433 722 ἐν
455 667 643 737 ἡμέρᾳ
667 663 706 740 ᾖ
736 671 1026 737 ἐρρύσατο
1053 671 1236 725 αὑτὸν
1264 676 1296 727 ό
1323 671 1536 741 Κύριος
1562 673 1629 726 ἐκ
1660 670 1855 741 χειρὸς

361 758 602 812 πάντων
621 760 739 813 τῶν
750 760 976 829 ἐχθρῶν
991 763 1192 829 αὐτοῦ,
1212 764 1306 818 καὶ
1330 765 1398 817 ἐκ
1418 763 1612 833 χειρὸς
1635 763 1851 826 Σαοὺλ,

365 852 462 904 καὶ
490 846 661 905 εἶπεν
678 868 691 882 ”
730 855 902 907 ΨΑΛ.
928 856 1052 908 1Ζ’.

366 942 419 997 1.
465 943 759 1014 Ἀγαπήσω
783 961 862 1010 σε,
888 946 1140 1018 Κύριε,ή
1177 947 1327 1017 ἰσχύς
1358 964 1480 1017 μου.

362 1029 418 1086 2.
446 1031 648 1105 Κύριος
677 1034 957 1105 στερέωμά
988 1052 1086 1106 μου
1109 1077 1125 1101 ,
1153 1038 1247 1089 καὶ
1273 1036 1556 1109 καταφυγὴ
1599 1051 1698 1106 μου
1718 1074 1734 1100 ,
1759 1035 1853 1088 καὶ

295 1120 500 1194 ῥύστης
530 1141 628 1194 μου
649 1164 665 1190 ,
986 1194 994 1201 Α

372 1211 427 1266 5.
467 1212 526 1265 '0
548 1212 678 1277 Θεός
701 1232 823 1286 μου,
857 1216 1048 1290 βοηθός
1081 1236 1203 1290 μου,
1237 1219 1329 1273 καὶ
1360 1217 1528 1271 ἐλπιῶ
1549 1218 1634 1270 ἐπ’
1663 1217 1850 1270 αὐτόν’

363 1300 420 1355 4.
455 1302 890 1379 ’Υπερασπιστής
922 1325 1055 1379 μου,
1094 1309 1188 1364 καὶ
1220 1309 1385 1382 κέρας
1410 1309 1679 1382 σωτηρίας
1729 1325 1851 1379 μου,

292 1393 387 1447 καὶ
411 1393 594 1466 ἅντιλή
603 1414 755 1470 πτωρ
786 1415 909 1469 μου.

362 1483 418 1538 5.
454 1484 626 1538 Αίνῶν
668 1487 1056 1560 ἐπικαλέσομαι
1087 1490 1178 1543 τὸν
1234 1490 1435 1563 Κύριον
1458 1530 1473 1555 ,
1520 1490 1613 1544 καὶ
1643 1491 1707 1542 ἐκ
1749 1487 1855 1541 τῶν

292 1574 503 1647 ἐχθρῶν
540 1594 639 1647 μου
672 1578 1003 1651 σωθήσομαι.

361 1664 416 1720 6.
452 1667 745 1738 Περιέσχον
772 1688 838 1739 με
873 1672 1056 1737 ὠδῖνες
1080 1673 1335 1739 Θανάτου,

2019 580 2242 636 Domino
2270 576 2419 629 verba
2443 572 2635 627 cantici
2663 570 2817 639 hujus
2844 570 2899 621 in
2917 567 3018 630 die,
3045 580 3146 635 qua
3171 560 3357 631 eripuit
3384 576 3501 613 eum

2020 669 2272 723 Dominus
2307 666 2370 718 de
2400 679 2558 718 manu
2589 661 2819 714 omnium
2840 656 3169 712 inimicorum
3199 651 3332 721 ejus,
3369 658 3415 702 et
3440 648 3503 702 de

2017 774 2175 812 manu
2207 754 2338 810 Saul
2356 796 2370 820 ,
2394 763 2441 808 et
2469 753 2604 807 dixit
2630 767 2648 806 :
2675 747 2877 804 PSAL.
2930 742 3124 800 XVII.

2026 934 2078 987 1.
2113 932 2339 1003 Diligam
2369 940 2441 998 te,
2467 930 2711 993 Domine,
2749 927 3006 983 fortitudo
3037 939 3173 979 mea.

2018 1025 2073 1079 2.
2106 1023 2365 1079 Dominus
2419 1022 2814 1076 ﬁrmamentum
2869 1032 3048 1073 meum
3076 1057 3092 1084 ,
3139 1023 3192 1070 et
3233 1012 3502 1084 refugium

1955 1127 2158 1170 meum.
2189 1119 2243 1165 et
2263 1111 2516 1165 liberator
2546 1123 2696 1162 meus
2712 1147 2726 1172 ,

2024 1204 2078 1257 '5.
2114 1202 2257 1257 Deus
2284 1216 2458 1262 meus,
2489 1198 2698 1270 adiutor
2728 1211 2902 1261 meus,
2929 1205 2981 1252 et
3002 1195 3224 1264 sperabo
3252 1194 3304 1249 in
3331 1208 3452 1248 eum
3484 1209 3500 1247 :

2026 1295 2081 1350 4.
2116 1292 2397 1346 Protector
2421 1306 2594 1353 meus,
2621 1294 2674 1343 et
2697 1302 2865 1341 cornu
2899 1285 3089 1340 salutis
3121 1298 3272 1349 meae,
3297 1290 3352 1337 et
3378 1296 3502 1336 sus-

1956 1392 2142 1452 ceptor
2168 1397 2340 1436 meus.
2520 1392 2525 1395 ‘

2020 1476 2074 1530 5.
2115 1473 2367 1528 Laudons
2412 1471 2670 1527 invocabo
2709 1469 3022 1535 Dominumi
3081 1476 3133 1522 et
3175 1466 3239 1521 ab
3269 1464 3503 1520 inimicis

1956 1567 2092 1621 meis
2119 1566 2299 1621 salvus
2327 1578 2440 1618 ero.

2027 1656 2081 1709 6.
2113 1656 2597 1710 Circumdederunt
2626 1668 2712 1706 me
2739 1651 2953 1706 dolores
2984 1647 3229 1713 mortis,’

2027 1748 2080 1801 7.
2117 1747 2184 1800 Et
2210 1754 2476 1801 torrentes
2510 1744 2811 1814 iniquitatis
2837 1742 3294 1797 conturbaverunt
3323 1754 3429 1795 me.

1877 1845 1921 1900 B
2024 1840 2078 1895 8.
2123 1838 2346 1894 Dolores
2370 1836 2564 1892 inferni
2592 1835 3060 1892 circumdederunt
3086 1848 3211 1887 me:

2024 1930 2077 1985 9.
2106 1928 2624 1996 Praaoccupaverunt
2649 1940 2735 1979 me
2764 1924 2941 1993 laquei
2975 1924 3185 1977 mortis.

365 1755 419 1811 7.
449 1759 559 1811 Καὶ
596 1760 881 1832 χείμαρροι
912 1764 1137 1835 ἀνομίας
1168 1765 1490 1837 ὲξετάραξάν
1518 1783 1604 1837 με.

362 1847 417 1904 8.
458 1850 655 1915 Ὦδῖνες
682 1851 805 1923 ᾅδου
836 1856 1277 1925 περιεκύκλωσάν
1308 1875 1395 1929 με’

363 1941 417 1997 9.
456 1943 805 2013 Προέιρθασάν
844 1964 909 2016 με
945 1949 1165 2016 παγίδες
1194 1948 1444 2003 θανάτου.

363 2028 450 2083 10.
468 2033 577 2084 Καὶ
587 2033 644 2085 ὲν
655 2032 728 2103 τῷ
741 2033 1013 2089 θλίϐεσθαί
1027 2053 1091 2106 με
1104 2035 1515 2111 ὲπεκᾳλεσάμην
1529 2037 1618 2090 τὸν
1634 2034 1855 2107 Κύριον

365 2119 454 2175 11.
484 2123 592 2177 Καὶ
618 2124 753 2194 πρὸς
780 2125 869 2176 τὸν
896 2112 1025 2179 Θεόν
1061 2142 1162 2195 μου
1196 2127 1481 2199 ἐκέκραξα.

366 2207 451 2264 1ἳ.
494 2212 763 2265 Ἤκουσεν
785 2214 848 2266 ἐκ
875 2214 1002 2267 ναοῦ
1029 2215 1182 2283 ἁγίου
1215 2215 1379 2269 αὑτοῦ
1410 2217 1592 2286 φωνῆς
1623 2229 1722 2285 μου
1742 2230 1757 2244 ⁸

2028 2021 2112 2076 10.
2145 2019 2202 2075 In
2234 2019 2581 2075 tribulatione
2617 2032 2733 2071 mea
2761 2015 3004 2070 invocavi
3041 2012 3329 2068 Dominum
3360 2030 3376 2068 :

2028 2115 2115 2169 11.
2146 2113 2213 2168 Et
2240 2114 2306 2168 ad
2339 2111 2509 2167 Deum
2539 2125 2717 2165 meum
2745 2107 2992 2163 clamavi.

2026 2204 2114 2260 19.
2156 2202 2221 2260 Ει
2267 2201 2543 2259 exaudivit
2582 2200 2649 2256 de
2701 2199 2897 2270 templo
2937 2205 3124 2254 sancto
3175 2212 3275 2254 suo
3320 2212 3507 2252 vocem

1958 2311 2131 2352 meam
2158 2313 2172 2350 Ξ

1401 2392 1779 2447 ΑΤΗΑΝΑ811
1817 2388 2404 2447 INTERPRETATIO.

376 2481 443 2535 Ἦ
475 2484 805 2558 προκειμένη
833 2487 1109 2560 ἐπιγραφὴ
1131 2489 1373 2562 περιέχει
1392 2504 1407 2519 ⁸
1445 2492 1550 2556 Είς
1574 2489 1641 2543 τὸ
1670 2489 1836 2555 τέλος
1859 2488 1940 2555 τῷ
1969 2487 2132 2542 παιδὶ
2156 2486 2374 2554 Κυρίου
2402 2483 2480 2550 τῷ
2500 2481 2706 2537 Δαϐίδο
2735 2481 3030 2543 τουτέστιν,
3058 2479 3093 2532 ἃ
3116 2477 3373 2550 ἐλάλησεν
3398 2476 3507 2549 (15)

293 2572 389 2627 ἐπὶ
422 2575 567 2630 τέλει
595 2576 702 2630 τῶν
739 2577 947 2632 αἰώνων
972 2579 1046 2651 τῷ
1077 2580 1374 2634 δουλεύοντι
1404 2581 1483 2653 τῷ
1503 2582 1690 2654 Κυρίῳ
1712 2580 1821 2651 λαῷ
1853 2579 2213 2652 πεποθημένῳ
2231 2595 2245 2608 ’
2277 2576 2435 2633 τοῦτο
2457 2575 2564 2648 γὰρ
2588 2573 2818 2628 ἐνταῦθα
2848 2571 3201 2645 ἑρμηνεύεται
3221 2570 3301 2634 τὸ,
3327 2568 3507 2636 Δαϐίδ.

294 2662 427 2721 Εἶτα
457 2669 539 2735 τὸ,
584 2673 651 2726 Ἀ
679 2673 945 2743 ὲλὰλησε
968 2673 1047 2741 τῷ
1070 2676 1261 2744 Κυρίῳ
1283 2676 1424 2743 τοὺς
1448 2677 1667 2746 λόγους
1693 2675 1795 2745 τῆ(
1831 2674 1991 2744 ᾠδῆς
2033 2675 2250 2741 ταύτης
2274 2672 2345 2726 ἐν
2370 2671 2558 2741 ἡμέρᾳ
2583 2664 2622 2741 ᾖ
2653 2669 2942 2738 ἐρρύσατο
2975 2665 3161 2721 αὐτὸν
3199 2666 3412 2733 Κύριος
3440 2663 3510 2717 ἐκ

290 2764 492 2833 χειρὸς
514 2765 752 2821 πάντων
768 2768 889 2824 τῶν
906 2771 1359 2840 ἐχθρῶνμὺτοῦ,
1387 2773 1529 2844 φημὶ
1552 2772 1614 2842 δὴ
1639 2774 1747 2825 τῶν
1771 2770 2096 2843 ἀκαθάρτων
2131 2769 2460 2841 πνευμάτων
2490 2766 2754 2838 ὲρῤύσατο
2778 2764 2956 2818 αὐτόν.
2986 2759 3118 2817 Εἶτα
3135 2780 3149 2794 ·
3173 2762 3281 2817 Καὶ
3303 2757 3513 2831 ἐχθρὸς

295 2851 384 2927 [ἐκ
413 2855 613 2929 χειρὸς]
648 2859 878 2912 Σαούλ·
922 2859 1057 2930 ὅπερ
1085 2860 1440 2931 ἑρμηνεύεται
1483 2861 1578 2914 καὶ
1605 2861 1803 2931 χειρὸς
1832 2861 1938 2915 τοῦ
1978 2861 2290 2925 διαϐόλου,
2338 2859 2431 2913 τοῦ
2464 2859 2778 2931 αἰτουμένου
2810 2857 2985 2911 πάντα
3029 2856 3308 2927 ἄνθρωπον
3337 2856 3415 2918 εἰς
3449 2854 3513 2909 τὸ

294 2948 556 3018 πειρᾶσαι
576 2965 590 2978 ο
625 2948 782 3002 τοῦτο
809 2949 916 3022 γὰρ
943 2950 1302 3022 ἑρμηνεύεται
1345 2952 1407 3004 τὸ
1459 2952 1634 3006 Σαοὺλ
1656 2992 1672 3016 ,
1707 2954 1950 3021 αιτητός
1989 2951 2284 3025 [αἱτητής].
2346 2950 2545 3015 Καθὼς
2574 2952 2739 3005 πάλαι
2767 2949 3091 3022 ἐπειράσατο
3117 2949 3209 3002 καὶ
3241 2947 3330 3002 τὸν
3368 2945 3509 3014 Ἰὼϐ,

293 3041 535 3113 ᾐτήσατο
562 3044 818 3113 πειρᾶσαι
849 3044 940 3097 καὶ
967 3045 1093 3109 τοὺς
1120 3047 1470 3111 ἀποστόλους,
1495 3046 1570 3111 ὡς
1592 3049 1620 3100 ὀ
1648 3047 1854 3118 Κύριος
1884 3047 2014 3124 αὐτὸ
2041 3047 2197 3102 τοῦτο
2223 3046 2299 3119 τῷ
2323 3047 2514 3119 Πέτρῳ
2538 3046 2684 3115 λέγει
2703 3064 2719 3079 ο
2763 3044 2970 3115 Πέτρε,
3010 3044 3189 3112 Πέτρε
3209 3082 3224 3108 ,
3259 3042 3515 3106 ποσάκις

295 3133 565 3204 ᾐτήσατο
595 3134 749 3206 ὑμᾶς
781 3137 815 3191 ό
837 3138 1104 3204 Σατανᾶς
1129 3139 1397 3194 σινιᾶσαι
1422 3141 1503 3208 ὡς
1529 3142 1635 3196 τὸν
1660 3141 1867 3196 uiror!

368 3246 584 3304 Titulus
606 3252 925 3320 praepositus
947 3256 1185 3309 continet
1211 3274 1222 3310 :
1248 3254 1311 3309 In
1345 3256 1499 3324 ﬁnem
1525 3273 1683 3325 puero
1705 3258 1914 3312 Domini
1938 3257 2104 3312 David
2133 3272 2152 3313 :
2175 3255 2289 3314 Hoc
2311 3266 2413 3323 est,
2442 3258 2496 3312 in
2523 3256 2629 3312 ﬁne
2663 3255 2980 3310 sarculorum
3013 3250 3264 3308 servienti
3287 3247 3516 3303 Domino

299 3344 504 3412 populo
531 3344 862 3400 desiderato.
918 3346 992 3402 Ita
1026 3348 1168 3403 enim
1208 3351 1294 3405 hic
1320 3350 1703 3420 interpretatur
1729 3351 1917 3408 David.
1965 3353 2166 3409 Deinde
2195 3374 2209 3409 :
2241 3370 2357 3425 quae
2388 3353 2590 3408 locutus
2620 3359 2696 3405 est
2723 3348 2941 3404 Domino
2961 3343 3112 3399 verba
3137 3341 3327 3396 cantici
3359 3340 3515 3409 hujus

297 3432 353 3483 in
387 3430 495 3497 die,
534 3448 638 3502 qua
687 3434 878 3503 eripuit
910 3451 1027 3489 eum
1061 3436 1312 3493 Dominus
1348 3439 1412 3492 de
1446 3455 1606 3494 manu
1635 3442 1864 3495 omnium
1900 3443 2231 3497 inimicorum
2257 3446 2370 3513 ejus
2397 3482 2413 3508 ,
2441 3439 2844 3497 immundorum
2872 3481 2887 3507 ,
2922 3438 3140 3507 inquam
3168 3478 3183 3502 ,
3226 3431 3514 3503 spirituum

302 3522 550 3578 liberavit
586 3539 731 3579 eum.
765 3524 959 3582 Postea
988 3549 999 3582 :
1025 3538 1071 3581 et
1099 3529 1164 3582 de
1199 3545 1361 3583 manu
1386 3529 1520 3585 Saul
1543 3547 1562 3584 :
1583 3533 1728 3603 quod
1761 3534 2176 3604 interpretatur,
2216 3544 2266 3590 et
2292 3536 2356 3589 de
2381 3551 2541 3588 manu
2567 3529 2786 3595 diaboli,
2825 3529 2916 3599 qui
2943 3527 3075 3597 petit
3101 3540 3314 3580 omnem
3344 3522 3520 3578 homi-

301 3633 424 3673 nem
454 3618 522 3673 ad
563 3635 686 3674 eum
719 3622 1052 3677 tentandum.
1116 3622 1246 3678 Saul
1274 3628 1416 3680 enim
1447 3626 1828 3697 interpretatur
1857 3631 2049 3699 petitus
2091 3630 2348 3704 [petitor].
2407 3627 2870 3697 Quemadmodum
2905 3626 3032 3679 olim
3065 3621 3286 3677 tentavit
3311 3629 3365 3674 et
3392 3618 3516 3684 Job,

300 3710 559 3779 expetivit
584 3718 790 3766 tentare
832 3714 992 3768 etiam
1028 3716 1303 3785 apostolos
1327 3759 1341 3782 ,
1372 3717 1516 3771 sicut
1544 3716 1808 3778 Dominus
1835 3724 1939 3779 hoc
1985 3725 2163 3794 ipsum
2199 3722 2361 3779 Petro
2387 3722 2519 3779 dixit
2560 3739 2575 3777 :
2619 3720 2801 3786 Petre,
2827 3717 3014 3783 Patre,
3060 3713 3259 3786 quoties
3286 3710 3517 3766 Satanas

300 3807 545 3873 expetivit
574 3823 683 3870 vos,
713 3818 772 3862 ut
803 3809 1055 3863 cribraret
1086 3811 1223 3863 sicut
1255 3812 1490 3864 triticum
1512 3812 1591 3865 “1

370 3894 423 3948 1.
450 3895 620 3948 Πόθον
658 3895 957 3967 ἐνδείξομαι
986 3899 1042 3950 ἐν
1075 3898 1195 3961 σοὶ,
1218 3898 1389 3970 Κύριε
1412 3938 1427 3964 ,
1459 3900 1488 3951 ὁ
1512 3899 1763 3970 δυναμῶν
1798 3915 1860 3970 με

2041 3900 2096 3954 1.
2119 3897 2384 3954 Aﬂectum
2412 3912 2595 3952 meum
2622 3894 2902 3952 ostendam
2934 3896 2987 3950 in
3019 3903 3091 3962 te,
3127 3895 3356 3951 Domine
3379 3936 3395 3959 ,
3425 3897 3519 3966 qui

303 3987 381 4051 είς
417 3988 594 4041 πᾶσαν
621 3988 907 4058 ἀρέσκειάν
933 4006 1054 4059 μου.

370 4077 426 4132 2.
456 4075 679 4150 Κύριος,
710 4079 1042 4150 διαχωρίζων
1072 4080 1164 4133 ἀπ’
1202 4079 1336 4151 ἐμοῦ
1369 4082 1547 4135 πᾶσαν
1583 4079 1868 4153 ἐπιϐουλὴν

301 4168 412 4223 τῶν
440 4169 648 4242 ἐχθρῶν
677 4188 777 4241 μου
798 4211 814 4236 ,
852 4171 911 4225 ὃν
940 4172 1140 4244 τρόπον
1166 4172 1472 4246 διαχωρίζει
1494 4172 1554 4225 τὸ
1588 4172 1869 4245 στερέωμα

304 4262 572 4334 ἀναμέσον
601 4263 791 4327 ὓδατος
816 4265 910 4316 καὶ
935 4263 1103 4317 ὕδατι.

374 4354 426 4408 5.
471 4354 529 4407 ’0
548 4353 680 4415 Θεός
712 4370 812 4423 μου
839 4353 1084 4423 ἀφαιρῶν
1110 4353 1204 4407 ἀπ’
1246 4350 1378 4423 ἐμοῦ
1408 4353 1515 4407 πᾶν
1545 4352 1708 4425 βάρος
1727 4392 1741 4418 ,
1772 4353 1871 4408 καὶ

304 4445 492 4501 ἐλπιῶ
516 4447 606 4500 ἐπ’
631 4449 836 4503 αὐτόν.

372 4538 426 4592 4.
452 4539 771 4610 Σκεπαστής
792 4556 912 4610 μου,
941 4540 1037 4592 καὶ
1059 4538 1306 4610 βασιλεὺς
1327 4541 1425 4610 τῆς
1447 4539 1718 4612 σωτηρίας
1746 4556 1868 4610 μου,

304 4632 397 4685 καὶ
429 4631 873 4701 ἀντιποιούμενός
901 4649 1021 4702 μου.

377 4722 429 4775 5.
458 4722 595 4792 Περὶ
624 4721 733 4776 τῶν
765 4721 1087 4794 ἀκαθάρτων
1118 4723 1438 4793 πνευμάτων
1467 4721 1633 4790 λέγει.

377 4813 430 4866 6.
459 4811 627 4885 Πέριξ
664 4812 763 4884 τῆς
793 4814 968 4885 ψυχῆς
1004 4832 1106 4885 μου
1163 4815 1492 4886 συνέστησαν
1532 4817 1587 4869 αἱ
1638 4814 1871 4868 ἐναντίαι

306 4903 582 4974 δυνάμεις.

377 4995 432 5051 7.
470 4996 559 5058 Ὠς
590 4993 831 5066 ῥεύματα
860 4993 1087 5060 ὑδάτων,
1112 4993 1283 5058 οὕτως
1307 4995 1601 5067 ὲνέρῤηξάν
1623 5012 1732 5067 μοι.

375 5087 430 5142 8.
465 5088 574 5140 Καὶ
605 5076 928 5158 ἐνθυμήσεις
985 5087 1280 5153 σκοτειναὶ,
1307 5087 1399 5140 καὶ
1431 5086 1687 5157 ζοφώδεις
1718 5104 1872 5160 περι-

308 5175 621 5230 εκύκλωσαν
646 5176 744 5245 τὴν
771 5175 998 5246 καρδίαν
1030 5192 1153 5246 μου.

1969 3992 2113 4048 vires
2137 3990 2272 4046 mihi
2307 3989 2501 4045 tribuis
2527 3988 2592 4043 ad
2620 4002 2835 4065 omnem
2861 4003 3034 4041 meam
3059 3987 3411 4042 voluntatem.

2037 4085 2091 4138 2.
2123 4082 2385 4137 Dominus
2409 4096 2665 4151 separaris
2687 4095 2715 4133 a
2742 4094 2828 4133 me
2853 4093 3039 4133 omnes
3083 4079 3308 4135 insidias
3340 4081 3522 4136 inimi-

1969 4191 2158 4232 corum
2189 4189 2457 4239 meorum,
2481 4170 2936 4242 quemadmodum
2963 4172 3357 4227 firmamentum
3386 4174 3523 4228 divi-

1969 4269 2050 4323 dit
2078 4284 2250 4338 aquas
2281 4267 2349 4321 ab
2386 4265 2565 4336 aquis.

2040 4360 2094 4414 5.
2130 4358 2274 4413 Deus
2326 4373 2482 4411 meus
2512 4354 2764 4411 auferens
2805 4366 2837 4407 a
2871 4367 2958 4408 me
3002 4369 3161 4410 omne
3194 4356 3442 4425 pondus,
3471 4366 3523 4412 et

1971 4448 2189 4518 sperabo
2225 4448 2283 4501 in
2314 4461 2451 4502 eum.

2042 4541 2097 4595 1.
2124 4539 2387 4596 Defensor
2409 4555 2562 4596 meus
2585 4580 2600 4606 .
2634 4549 2694 4596 et
2716 4556 2809 4597 rex
2847 4540 3039 4596 salutis
3068 4553 3221 4603 meae,
3249 4548 3302 4592 et
3327 4537 3524 4593 vindex

1972 4643 2145 4684 meus.
2894 4677 2897 4680 .

2045 4721 2099 4775 5.
2132 4719 2207 4775 De
2236 4719 2533 4775 immundis
2567 4720 2849 4790 Spiritibus
2880 4721 3136 4790 loquitur.

2045 4806 2099 4860 6.
2129 4806 2285 4861 Circa
2315 4809 2551 4862 animam
2587 4823 2761 4861 meam
2803 4808 3163 4863 constiterunt
3205 4808 3526 4866 adversariae

1972 4905 2286 4967 potestates.

2047 4986 2097 5042 7.
2117 4985 2398 5056 Tanquam
2417 5003 2679 5059 aquarum
2692 4987 2909 5055 ﬂuctus,
2926 4988 2998 5042 ita
3020 4988 3073 5041 in
3092 5003 3175 5042 me
3193 4987 3519 5056 irruperunt.

2046 5079 2100 5134 8.
2135 5078 2203 5135 Et
2247 5079 2547 5134 tenebrosa:
2567 5121 2583 5146 ,
2625 5088 2680 5133 et
2706 5079 3015 5149 caliginosae
3044 5079 3396 5147 cogitationes
3427 5093 3526 5133 cor

1977 5188 2157 5227 meum
2190 5171 2677 5226 circumdederunt.

374 5267 430 5323 9.
470 5265 944 5339 Ἑκραταιώθησαν
973 5267 1111 5338 ὑπὲρ
1138 5266 1238 5340 διμέ
1269 5267 1324 5321 at
1361 5267 1466 5337 τῶν
1494 5268 1748 5323 ἐναντίων
1772 5270 1860 5324 δυ-

2038 5263 2090 5317 9.
2123 5260 2473 5316 lnvaluerunt
2497 5273 2661 5329 super
2697 5276 2785 5315 me
2822 5259 3253 5315 adversariarum
3292 5267 3527 5329 potesta«

306 5357 521 5429 νάμεων
552 5357 795 5427 παγίδες.

376 5450 466 5505 10.
497 5450 591 5511 Εἰς
624 5449 873 5521 βοήθειάν
902 5467 1021 5520 μου.

381 5542 468 5595 11.
516 5542 605 5594 Ἐν
629 5541 774 5611 πόνῳ
804 5542 902 5612 τῆς
933 5541 1158 5613 καρδίας
1189 5559 1289 5612 μου
1314 5542 1532 5616 ὲόόησα.

377 5632 465 5687 12.
507 5632 604 5685 Ἕκ
632 5630 727 5686 τοῦ
755 5632 984 5703 οὐρανοῦ
1003 5632 1165 5703 λέγει.

378 5724 419 5755 ¹¹
458 5721 593 5778 Luc.
625 5739 759 5788 xm,
793 5723 880 5777 5|.

1963 5364 2079 5411 tum
2112 5354 2307 5422 laquei.

2047 5446 2134 5502 10.
2172 5444 2230 5499 ln
2266 5445 2524 5501 auxilium
2561 5460 2760 5501 meum.

2046 5541 2136 5596 11.
2172 5539 2233 5594 In
2265 5540 2448 5595 labore
2474 5539 2655 5596 cordis
2679 5538 2785 5594 mei
2821 5532 3070 5592 clamavi.

2044 5631 2129 5686 i2.
2166 5629 2241 5687 De
2269 5630 2407 5687 cmlo
2430 5630 2577 5685 dicit.
