3934 6218
387 278 496 337 705
1232 287 1288 342 S.
1331 287 1702 345 ATHANASII
1739 288 1890 346 OPP.
1931 288 1940 344 l

2064 288 2111 346 .S
2148 287 2235 344 111.
2269 318 2338 330 -
2372 284 2780 344 EXEGETICA.
3514 286 3617 343 τοι

462 398 549 455 15.
579 397 645 453 Et
673 400 881 457 clamor
912 419 1064 461 meus
1113 405 1166 459 in
1197 419 1490 479 conspectu
1519 410 1638 480 ejus
1661 452 1678 479 ,
1706 412 1949 469 introibit
1973 416 2015 476 Α

2120 410 2205 465 15.
2233 410 2344 463 Καὶ
2370 409 2404 480 ἡ
2433 408 2645 480 κραυγή
2677 424 2776 479 μου
2810 406 3038 464 ἐνώπιον
3062 408 3226 464 αὐτοῦ
3254 406 3612 463 εἰσελεύσεται

358 472 446 575 Ιξι]
474 505 636 546 aures
661 492 799 562 ejus.
1332 472 1350 479 ’
1549 472 1567 480 ⁷
1662 472 1675 479 ⁷

2048 499 2128 563 είς
2157 491 2227 553 τᾶ
2252 496 2365 550 ὦτα
2402 497 2584 551 αὑτοῦ.

464 578 552 633 14.
588 580 653 635 Et
680 593 951 639 commota
985 594 1087 652 est,
1119 595 1171 641 et
1194 592 1521 646 contremuit
1551 601 1726 658 terra;

2121 590 2210 644 14.
2248 590 2358 642 Kal
2388 588 2649 656 ἐσαλεύθη
2667 630 2682 655 ,
2712 588 2803 643 καὶ
2832 587 3087 659 ἔντρομος
3115 586 3345 660 ἐγενήθη
3376 590 3410 660 ὴ
3444 589 3517 662 γῆ
3536 607 3550 623 ο

466 672 554 726 15.
588 672 654 728 Et
680 673 1024 731 fundamenta
1058 680 1320 734 montium
1352 684 1667 739 conturbata
1698 695 1843 740 sunt.

2125 683 2214 737 15.
2248 680 2359 734 Kal
2383 680 2451 734 τὰ
2480 679 2699 751 θεμέλια
2725 680 2830 733 τῶν
2855 680 3022 752 ὀρέων
3050 680 3456 752 ἐταράχθησαν,

466 763 552 818 16.
590 763 654 818 Et
678 776 947 821 commota
979 778 1140 835 sunt;
1175 771 1435 839 quoniam
1470 773 1644 829 iratus
1665 784 1746 831 est
1774 777 1871 831 eis.

1830 792 1871 831 s.
2125 773 2212 829 16.
2249 772 2357 825 Καὶ
2383 771 2744 842 ἐσαλεύθησαν
2763 789 2776 802 ·
2804 774 2884 825 ὄτι
2906 771 3147 844 ὠργίσθη
3181 772 3383 837 αὐτοῖς.

469 852 554 906 17.
584 855 837 909 Ascendit
863 855 1046 912 finnus
1078 859 1129 912 in
1157 861 1237 916 ira
1274 862 1428 930 ejus;

2126 864 2213 918 17.
2256 861 2449 932 Ἀνέϐη
2481 861 2683 925 καπνὸς
2709 862 2765 913 ἐν
2791 861 2925 932 ὀργῇ
2963 858 3156 914 αὐτοῦ·

465 941 551 997 18.
594 942 659 996 Ει
685 945 824 1014 ignis
853 961 881 1000 a
911 947 1044 1002 facie
1074 949 1191 1018 ejus
1221 953 1552 1017 exardescet,

2127 953 2215 1009 18.
2238 952 2344 1007 Kal
2363 952 2471 1024 πῦρ
2500 951 2605 1004 ἀπὸ
2631 950 2918 1023 προσώπου
2938 950 3102 1004 αὐτοῦ
3119 948 3618 1020 καταφλεγΰσεται·

469 1034 557 1089 19.
592 1035 864 1092 Carbones
903 1041 1148 1096 succensi
1179 1050 1306 1097 sunt
1334 1044 1402 1098 ab
1432 1060 1514 1100 eo.

2130 1046 2219 1100 19.
2256 1043 2554 1116 Ἀνθρακες
2581 1043 2896 1114 άνήφθησαν
2921 1043 3016 1097 ἀπ’
3039 1043 3223 1098 αὑτοῦ.

465 1126 553 1181 20.
585 1125 650 1181 Et
674 1128 949 1184 inclinavit
977 1133 1163 1196 cados,
1205 1142 1257 1188 et
1279 1136 1556 1192 descendit
1591 1155 1604 1193 :

2125 1136 2216 1190 20.
2251 1135 2361 1189 Kal
2385 1135 2591 1188 ἔκλινεν
2622 1136 2901 1206 οὐρανοὺς,
2943 1136 3037 1188 καὶ
3065 1132 3301 1206 κατέϐη·

467 1217 555 1271 21.
588 1218 650 1272 Et
674 1220 848 1291 caligo
878 1222 979 1277 sub
1013 1225 1238 1292 pedibus
1267 1225 1403 1295 ejus.

2123 1227 2212 1281 21.
2249 1226 2355 1280 Kal
2380 1226 2574 1294 γνόφος
2604 1227 2706 1280 ὑπὸ
2732 1228 2856 1289 τοὺς
2879 1226 3041 1290 πόδας
3069 1223 3251 1279 αὐτοῦ.

462 1307 552 1362 22.
592 1307 659 1363 Ει
680 1313 925 1366 ascendit
953 1330 1114 1384 super
1139 1316 1440 1381 cherubim,
1470 1325 1524 1373 et
1545 1318 1782 1389 volavit;

2124 1316 2216 1373 22.
2246 1317 2354 1369 Kal
2380 1316 2551 1388 ἐπέϐη
2585 1316 2677 1369 ἐπὶ
2705 1298 2988 1387 χερουῧῈμ,
3024 1318 3117 1369 καὶ
3145 1314 3416 1388 ὲπετάσθη
3435 1332 3450 1349 ·

467 1399 558 1455 25.
592 1400 802 1458 Volavit
832 1408 994 1475 super
1030 1422 1235 1476 pennas
1260 1418 1563 1465 ventorum.

2124 1409 2213 1464 25.
2250 1404 2550 1481 Ἐπετάσθη
2580 1409 2675 1463 ἐπὶ
2702 1408 2984 1481 πτερύγων
3011 1408 3245 1479 ἀνέμων.

469 1492 560 1548 24.
594 1491 661 1549 Ει
691 1497 873 1566 posuit
895 1498 1145 1554 tenebras
1164 1540 1179 1564 ,
1207 1500 1490 1556 latibulum
1518 1519 1678 1559 suum
1707 1522 1720 1557 :

2122 1500 2212 1554 24.
2239 1498 2353 1553 Kal
2377 1499 2527 1553 ἔθετο
2553 1500 2740 1563 σκότος
2763 1499 3081 1570 ἀποκρυφὴν
3108 1496 3271 1553 αὐτοῦ
3290 1513 3304 1528 °

470 1585 560 1640 25.
601 1586 656 1642 In
687 1590 914 1646 circuitu
945 1591 1063 1661 ejus
1088 1594 1494 1650 tabernaculum
1526 1597 1645 1666 ejus
1665 1637 1680 1661 ,

1563 1597 1645 1665 ius
1665 1637 1680 1661 ,
2125 1591 2214 1647 25.
2251 1590 2448 1661 Κύκλῳ
2477 1589 2640 1645 αύτοῢ
2667 1594 2699 1662 ή
2727 1590 2897 1663 σκηνὴ
2920 1589 3081 1643 αὑτοῦ
3100 1631 3116 1656 ,

468 1674 559 1730 26.
593 1674 899 1736 Tencbrosa
934 1698 1072 1752 aqua
1111 1683 1166 1738 in
1201 1686 1436 1741 nubibus
1469 1687 1630 1742 aeris.

2125 1682 2214 1737 26.
2243 1683 2518 1737 Σκοτεινδν
2552 1681 2696 1754 ὕδωρ
2722 1685 2778 1737 ὲν
2802 1683 3052 1752 νεφέλαις
3078 1681 3271 1753 ἀέρων.

468 1765 558 1821 27.
587 1766 703 1825 Prae
729 1769 938 1845 fulgore
965 1775 1018 1829 in
1048 1787 1339 1847 conspectu
1376 1778 1499 1849 ejus
1525 1779 1696 1833 nubes
1729 1776 1957 1832 transie-
1989 1759 2021 1814 Ε

2129 1776 2218 1830 27.
2271 1776 2403 1829 Ἀπὸ
2453 1779 2550 1847 τῆς
2577 1776 2962 1847 τηλαυγήσεως
2993 1774 3220 1830 ὲνὼπιον
3250 1775 3415 1832 αὑτοῦ
3452 1778 3510 1831 ai
3540 1791 3628 1832 νε·-

398 1864 556 1921 runt,

2061 1861 2218 1931 φέλαι
2244 1860 2454 1931 διῆλθον
2474 1901 2488 1924 ,

416 1980 427 1991 -
465 1948 552 2005 28.
586 1949 825 2018 Grande,
865 1963 921 2010 et
953 1957 1215 2013 carbones
1240 1958 1400 2029 ignis.

2130 1953 2219 2009 28.
2259 1953 2500 2018 Χάλαζα,
2533 1952 2625 2006 καὶ
2654 1951 2921 2025 ἄνθρακες
2951 1952 3137 2024 πυρός.

468 2040 558 2096 29.
593 2041 659 2097 Et
690 2044 918 2100 intonuit
957 2048 1022 2103 de
1050 2050 1188 2104 ccelo
1223 2049 1520 2106 Dominus:

2131 2045 2222 2102 29.
2252 2045 2362 2100 Kal
2385 2044 2703 2116 ἐϐρόντησεν
2730 2043 2788 2110 ἐξ
2819 2045 3047 2115 ούρανοῦ
3079 2046 3106 2096 ὁ
3140 2042 3339 2116 Κύριος
3359 2061 3374 2077 ο

470 2132 559 2190 59.
589 2135 654 2197 Et
681 2136 993 2196 Altissimus
1020 2141 1166 2195 dedit
1191 2157 1377 2197 vocem
1408 2157 1561 2198 suam
1593 2161 1607 2197 :

2134 2137 2221 2193 50.
2257 2136 2365 2190 Kal
2393 2137 2421 2189 ὁ
2451 2135 2707 2204 ’Ύψιστος
2735 2135 2900 2189 ἔδωκε
2939 2129 3120 2207 φωνὴν
3152 2133 3315 2189 αὑτοῦ
3335 2151 3347 2165 ·

471 2227 559 2284 5|.
592 2228 739 2284 Misit
773 2231 997 2299 sagittas
1019 2248 1183 2300 suas;
1218 2243 1273 2288 et
1305 2234 1587 2304 dissipavit
1614 2249 1747 2290 eos:

2133 2232 2221 2287 51.
2270 2228 2641 2297 Ἐξαπέστειλε
2671 2218 2827 2301 βέλη,
2861 2230 2956 2284 καὶ
2980 2230 3300 2302 ὲσκόρπισεν
3325 2227 3523 2292 αύτούς
3541 2244 3555 2260 ·

471 2317 559 2372 52.
592 2318 657 2374 Ει
694 2319 910 2391 fulgura
944 2323 1354 2394 multiplicavit;
1391 2332 1444 2379 et
1475 2323 1816 2380 conturbavit
1839 2336 1953 2379 eos.

2131 2322 2219 2376 52.
2254 2321 2364 2375 Kal
2416 2320 2699 2393 ἀστραπὰς
2751 2320 3017 2392 ἐπλήθυνε
3044 2360 3058 2386 ,
3124 2320 3217 2375 καὶ
3276 2318 3630 2395 συνετάραξεν

2062 2409 2273 2474 αύτούς.
3554 2426 3559 2429 ·

470 2499 559 2557 55.
598 2500 667 2557 Et
698 2515 1068 2574 apparuerunt
1098 2504 1274 2563 fontes
1296 2522 1599 2579 aquarum;

2134 2505 2224 2560 55.
2255 2505 2365 2560 Kal
2394 2503 2652 2577 ὤφθησαν
2677 2505 2736 2558 al.
2763 2505 2935 2575 πηγαὶ
2963 2504 3072 2559 τῶν
3109 2503 3315 2559 ὑδάτων
3334 2520 3347 2535 ·

1517 2642 1895 2701 ΑΤΗΑΝΑειι
1928 2641 2508 2700 INTERPRETATIO.

478 2815 558 2876 l5.
588 2819 875 2881 Perveniat
901 2823 971 2879 ad
997 2839 1121 2880 eum
1152 2826 1477 2897 supplicatio
1506 2843 1627 2883 mea
1651 2867 1668 2896 ,
1696 2836 1750 2883 et
1786 2841 1955 2882 exau-

2134 2825 2220 2881 15.
2247 2823 2510 2879 Φθασάτω
2537 2823 2672 2896 πρὸς
2695 2823 2852 2877 αὐτὸν
2874 2825 2907 2895 ἡ
2932 2823 3109 2877 ίκεσία
3133 2841 3255 2894 μου,
3278 2823 3373 2878 καὶ
3392 2825 3637 2879 εἰσακου-

401 2911 539 2968 diar.
1349 2948 1352 2951 ι

2064 2917 2352 2988 σθήσομαι.

476 3001 560 3059 14.
586 3001 885 3062 Τοηοειτία
910 3025 926 3075 ;
1990 3063 2029 3079 ,-

1990 3063 2033 3079 Α
2141 3008 2227 3063 14.
2263 3007 2344 3061 Τὰ
2375 3008 2722 3079 καταχθόνια.

474 3097 563 3153 15.
588 3096 892 3155 Potestates
912 3063 1162 3158 'inimici.
1987 3063 2027 3126 C

1987 3063 2034 3126 Ο
2133 3099 2221 3155 15.
2255 3100 2319 3152 Αἱ
2341 3063 2597 3170 δυνάμὲις
2617 3098 2709 3152 τοῦ
2737 3097 2951 3169 ἐχθροῦ.

472 3187 561 3243 16.
591 3189 1047 3248 Contremuerunt
1077 3190 1499 3251 comminatione
1528 3196 1667 3267 ejus.

2135 3188 2219 3243 16.
2247 3190 2522 3259 ’Έντρομα
2562 3189 2879 3259 γεγένηνται
2913 3189 3000 3242 διὰ
3040 3190 3138 3262 τὴν
3170 3189 3396 3261 ἀπειλὴν
3443 3188 3627 3245 αὑτοῦ.

472 3280 562 3337 17.
598 3281 963 3351 Defecerunt,
1018 3284 1296 3355 perierunt
1327 3288 1631 3355 daemones,
1705 3295 1961 3357 tanquam

2130 3285 2217 3338 17.
2260 3285 2553 3350 Ἐξέλιπον,
2580 3282 2853 3337 ἀπώλοντο
2877 3285 2924 3337 οἱ
2956 3284 3205 3355 δαίμονες
3227 3284 3301 3347 ὡς
3329 3285 3559 3348 καπνός.

403 3367 608 3425 fumus.

479 3461 564 3516 18.
620 3461 873 3521 Videntes
923 3467 1066 3521 enim
1108 3468 1396 3524 Dominum
1448 3470 1502 3525 in
1550 3472 1785 3526 adventu
1821 3468 1961 3541 ejus,

2136 3467 2220 3522 18.
2272 3466 2536 3539 Ὀρῶντες
2569 3465 2676 3537 γὰρ
2710 3468 2800 3520 τὸν
2829 3465 3031 3535 Κύριον
3055 3467 3111 3519 ὲν
3136 3469 3202 3537 τῇ
3236 3467 3511 3538 παρουσία
3542 3465 3637 3520 αὐσ-

404 3566 727 3630 exarserunt
752 3573 783 3612 a
814 3556 951 3615 facie
978 3561 1167 3630 ipsius.

2061 3556 2178 3621 τοῦ,
2208 3557 2455 3611 ἐκαίοντο
2473 3557 2579 3610 ἀπὸ
2611 3555 2706 3609 τοῦ
2738 3554 3026 3628 προσώπου
3062 3554 3245 3611 αὐτοῦ.

475 3646 563 3703 19.
598 3647 888 3706 Sermones
922 3651 1157 3708 Domini.
1222 3638 1223 3641 η

2134 3649 2221 3705 19.
2259 3650 2322 3702 υἱ
2350 3648 2496 3717 λόγοι
2521 3647 2613 3701 τοῦ
2645 3649 2870 3719 Κυρίου.

474 3739 565 3795 20.
596 3740 661 3796 Et
696 3744 913 3800 advenit
942 3746 996 3800 in
1024 3756 1220 3803 terram
1240 3790 1255 3815 ,
1289 3757 1342 3804 et
1368 3748 1642 3819 implevit,
1668 3748 1811 3819 quod
1839 3762 1968 3819 pro-

2136 3743 2225 3798 20.
2257 3741 2367 3795 Kal
2399 3741 2725 3812 παρεγένετο
2753 3742 2846 3795 ὲπὶ
2867 3741 2964 3812 τῆς
2990 3741 3093 3811 γῆς
3114 3781 3129 3806 ,
3163 3740 3257 3795 καὶ
3282 3740 3637 3813 πεπλήρωκεν

404 3831 650 3888 miserat.

2064 3834 2092 3887 ὃ
2126 3833 2508 3904 ἐπηγγείλατο.

476 3926 566 3981 21.
596 3926 780 3999 Caligo
814 3930 1064 3987 diabolus
1089 3941 1193 3988 est.

2134 3926 2226 3980 21.
2263 3927 2500 3994 Γνόερος
2528 3926 2556 3977 ὁ
2586 3924 2827 3986 διάϐολός
2859 3926 3022 3978 ἐστιν.

477 4017 567 4085 22,
598 4019 687 4074 25.
717 4021 1009 4078 Cherubin:
1047 4026 1434 4096 interpretatur
1461 4026 1686 4097 cognitio
1706 4064 1721 4091 ,
1749 4035 1801 4082 et
1822 4025 1971 4080 intel-

2135 4018 2226 4086 22,
2259 4018 2349 4072 25.
2391 4016 2671 4087 Χερουϐὶμ
2700 4015 3057 4088 ἑρμηνεύεται
3096 4016 3318 4085 γνῶσις
3361 4016 3458 4070 καὶ
3496 4015 3638 4069 σύν-

407 4107 625 4179 ligentia
650 4128 667 4165 :
692 4128 857 4183 super
877 4116 1055 4185 justos
1088 4118 1251 4185 igitur
1289 4119 1420 4174 dicit
1447 4160 1461 4182 ,
1493 4121 1638 4190 quod
1689 4121 1960 4176 ascendit;

2085 4124 2216 4176 εσις·
2237 4112 2317 4174 εἰς
2342 4111 2467 4172 τοὺς
2490 4108 2728 4169 δικαίους
2756 4103 2847 4161 οὖν
2876 4106 3043 4175 λέγει,
3073 4108 3152 4161 ὅτι
3174 4106 3356 4175 ἐπέϐη
3377 4124 3391 4133 ·
3419 4106 3513 4160 καὶ
3535 4104 3638 4176 γὰρ

405 4205 606 4256 etenim
639 4204 886 4261 similiter
916 4212 1281 4279 apostolorum
1324 4212 1535 4267 animas
1586 4221 1760 4267 ventos
1812 4213 1958 4268 dixit.

2083 4201 2326 4271 ὶνὲμους
2346 4199 2443 4263 τὰς
2466 4199 2641 4269 ψυχας
2661 4198 2768 4252 τῶν
2791 4198 3099 4253 ἀποστόλων
3121 4198 3340 4269 εἴρηκεν
3359 4198 3636 4260 ὡσαύτως.

478 4296 568 4350 24.
600 4296 967 4355 Tcnebrarum
1001 4302 1141 4358 ﬁlios
1168 4318 1200 4357 a
1235 4320 1294 4360 se
1322 4304 1661 4364 abalienavit.

2139 4295 2228 4349 24.
2262 4294 2399 4357 Τοὺς
2425 4293 2518 4346 τοῦ
2548 4294 2770 4356 σκότους
2796 4292 3232 4363 ἀπηλλοτρίωσεν
3261 4290 3476 4345 ἑαυτοῦ.

477 4387 569 4441 25.
600 4388 812 4445 Fideles
835 4392 953 4460 ejus
1888 4456 1890 4458 ,
1998 4420 2030 4474 n

1888 4456 1890 4458 τ
1998 4420 2041 4474 D
2141 4386 2229 4441 25.
2265 4387 2327 4439 Οἱ
2357 4384 2535 4437 πιστοὶ
2559 4383 2742 4441 αὑτοῦ.

477 4477 567 4532 26.
608 4477 1204 4551 Sermoparabolarum
1236 4486 1287 4541 in
1318 4489 1614 4559 pmplietis.

2139 4479 2230 4533 26.
2273 4478 2332 4532 ’0
2375 4477 2530 4545 λόγος
2572 4476 2679 4530 τῶν
2720 4475 3039 4548 παραϐολῶν
3071 4478 3129 4530 ὲν
3171 4477 3284 4539 τοῖς
3315 4476 3635 4548 προφήταις.

481 4570 572 4625 27.
602 4572 741 4627 Ante
764 4576 1050 4630 adventum
1080 4578 1250 4647 ipsius
1278 4579 1491 4637 Domini
1522 4599 1700 4640 sermo
1741 4587 1971 4656 prophe-

2139 4572 2229 4626 27.
2262 4570 2374 4640 Πρὸ
2405 4570 2505 4639 τῆς
2536 4569 2835 4640 παρουσίας
2866 4568 3029 4621 αὑτοῦ
3064 4567 3158 4621 τοῦ
3198 4567 3400 4638 Κυρίου
3422 4568 3452 4621 ὁ
3489 4566 3639 4634 λόγος

411 4667 588 4716 tarum
626 4665 1000 4735 promulgatus
1029 4676 1128 4721 est.

2071 4663 2177 4716 τῶν
2212 4661 2502 4732 προφητῶν
2532 4661 2932 4732 προεκήρηττεν
2962 4657 3416 4731 [προεκηρύχθη].

481 4754 571 4808 28.
601 4754 889 4814 Sermones
912 4760 1293 4827 prophetarum
1325 4763 1614 4835 signiﬁcat,
1638 4767 1731 4838 qui
1753 4769 1973 4838 quidem

2137 4754 2228 4808 28.
2289 4752 2427 4816 Τοὺς
2473 4752 2662 4819 λόγους
2696 4751 2843 4819 λέγει
2876 4751 2982 4804 τῶν
3016 4749 3341 4822 προφητῶν,
3378 4747 3638 4822 σκληροὺς

414 4846 537 4900 duri
567 4857 740 4913 erant,
768 4859 1055 4906 exurentcs
1090 4863 1270 4907 autem
1302 4866 1624 4923 peccatores.

2079 4847 2174 4917 μὲν
2208 4844 2384 4907 ὄντας,
2417 4844 2666 4904 καίοντας
2691 4843 2746 4896 δὲ
2774 4846 2897 4907 τοὺς
2922 4843 3346 4913 ἁμαρτάνοντας.

482 4936 573 4994 29.
603 4937 845 4995 intonuit
875 4940 1109 5012 Spiritus
1135 4954 1357 5001 sanctus
1379 4947 1668 5002 adventum
1695 4965 1876 5006 suum.

2142 4936 2232 4990 29.
2268 4934 2577 5006 Ἐὅρόντισε
2607 4934 2667 4987 τὸ
2694 4935 2846 5004 ἆγιον
2894 4933 3117 5005 Πνεῦμα
3146 4933 3241 5005 τὴν
3263 4933 3459 4988 ἑαυτοῦ
3494 4949 3632 5006 παρ-

2076 5029 2281 5082 ουσίαν.
2324 5096 2327 5099 γ

484 5115 571 5171 50.
606 5118 911 5188 Apostolos.

2148 5120 2237 5175 50.
2273 5121 2411 5183 Τοὺς
2444 5118 2788 5182 ἀποστόλους.

487 5210 579 5266 5|.
608 5210 895 5279 Apostolos
926 5225 1112 5271 contra
1142 5217 1439 5275 daemones.

2149 5213 2236 5268 51.
2264 5213 2401 5275 Τοὺς
2428 5211 2753 5274 ἀποστόλους
2786 5209 2924 5263 κατὰ
2950 5208 3058 5262 τῶν
3086 5207 3372 5278 δαιμόνων.

487 5301 574 5355 52.
623 5301 1037 5371 Multiplicarit.
1102 5308 1297 5377 inquit,
1346 5310 1670 5379 loquentibus
1728 5307 1976 5378 apostolis

2150 5304 2239 5358 52.
2263 5303 2619 5369 Ἐπλήθυνε,
2646 5301 2813 5369 λέγει,
2837 5299 2902 5353 τὸ
2926 5300 3131 5354 λαϐεῖν
3161 5298 3258 5370 [τῷ
3279 5297 3483 5371 λαλεῖν]
3510 5296 3642 5363 τοὺς

416 5390 578 5444 uariis
609 5383 832 5461 linouis,
865 5407 1019 5464 prout
1049 5396 1283 5468 Spiritus
1306 5400 1468 5454 dabat
1497 5400 1667 5469 eloqui
1694 5400 1802 5452 illis
1818 5400 1883 5451 ²².

2090 5395 2457 5459 ἀποστόλους
2481 5393 2707 5461 ἑτέραις
2732 5392 3063 5462 γλώσσαις,
3094 5390 3287 5458 καθὼς
3309 5391 3376 5444 τὸ
3407 5380 3643 5460 Πνεῦμα

2079 5488 2277 5544 ἐδίδου
2304 5491 2505 5555 αὐτοῖς
2532 5491 3024 5563 ἀποφθέγγεσθαι.

490 5566 579 5631 55,
604 5566 691 5621 54.
733 5571 798 5627 Ει
820 5583 1217 5632 concurrerunt
1240 5590 1432 5631 omnes
1451 5618 1466 5644 ,
1490 5583 1545 5633 et
1572 5575 1822 5632 admirati
1851 5582 1982 5631 sunt

2152 5581 2240 5646 55,
2283 5582 2369 5635 54.
2423 5583 2532 5636 Kal
2581 5581 2910 5655 σύνεδραμον
2944 5582 3142 5645 πάντες
3164 5620 3180 5647 ,
3211 5581 3305 5636 καὶ
3341 5579 3644 5652 ἐθαύμαζον

497 5706 542 5737 ¹¹
567 5704 684 5761 Act.
723 5725 780 5770 ιι,
820 5710 867 5765 1.
