3934 6218
277 337 369 394 705
479 340 482 343 “

1141 338 1229 395 DE
1269 339 1541 396 TITULIS
1577 339 2028 398 PSALMORUM.
2065 370 2134 379 —
2167 339 2359 396 PSAL.
2390 339 2552 394 XVII.

3365 345 3467 403 706

335 451 417 509 54.
444 449 546 506 Kal
570 450 912 524 ἁνεκαλύφθη
941 453 1009 507 τὰ
1038 453 1260 527 θεμέλια
1283 457 1379 527 τῆς
1405 457 1725 529 οἰκουμένης
1747 504 1759 521 ,

1983 455 2070 512 54.
2108 454 2173 511 Ει
2206 456 2436 511 revelata
2466 465 2593 511 sunt
2622 453 2969 511 fundamenta
2997 442 3145 512 orbis
3167 465 3465 514 terrarum:

335 542 416 599 55.
452 541 578 594 Ἀπὸ
599 542 963 614 ὲπιτιμήσεώς
989 560 1105 609 σου,
1128 546 1320 618 Κυριε,

336 632 417 689 56.
458 632 582 686 Ἀπὸ
607 633 953 702 ὲμπνεύσεως
974 636 1278 705 πνεύματος
1299 638 1466 711 ὀργῆς
1489 656 1601 694 σου.

334 725 414 779 57.
454 721 850 788 Ἑξαπέστειλεν
886 725 945 792 ἐξ
977 725 1162 797 ὕψους,
1197 729 1288 781 καὶ
1313 729 1598 801 έλαϐἐιμεθ

333 815 413 869 58.
442 813 804 883 Προσελὸὤετό
841 832 907 886 με
935 816 992 883 ἐξ
1017 818 1222 871 ὑδάτων
1249 817 1473 873 πολλῶν.

331 903 412 959 59.
451 903 739 974 Ἐρῤύσατό
768 923 834 976 με
857 906 915 973 ἐξ
954 907 1161 980 ἐχθρῶν
1187 926 1292 981 μου
1320 909 1578 974 δυνατῶν,

331 996 411 1050 40.
440 997 546 1049 Kal
572 998 635 1050 ὲκ
658 997 765 1051 τῶν
791 998 1088 1068 μισούντων
1126 1015 1216 1071 με·
1468 992 1471 997 ’

327 1084 409 1141 41.
436 1085 550 1138 Ὅτι
582 1087 987 1159 ἐστερεώθησαν
1016 1090 1154 1162 ὑπὲρ
1183 1090 1299 1162 ἐμέ.

326 1176 407 1232 42.
440 1177 790 1248 Προέφθασάν
817 1198 884 1253 με
911 1182 969 1235 ὲν
992 1176 1174 1255 ἡμέρᾳ
1200 1183 1491 1249 κακώσεώς
1517 1203 1618 1257 μου
1636 1202 1651 1217 ’

326 1268 406 1324 45.
437 1270 542 1322 Καὶ
573 1270 789 1339 ἐγένετο
816 1271 1018 1344 Κύριος
1046 1274 1444 1347 ἁντιστήριγμά
1469 1294 1593 1349 μου.
1704 1258 1707 1261 ν

322 1362 404 1415 44.
435 1362 538 1415 Καὶ
563 1363 796 1435 ἐξήγαγέ
823 1382 889 1436 με
913 1367 993 1430 είς
1018 1366 1327 1439 πλατυσμόν
1347 1385 1360 1399 ·

320 1452 401 1507 45.
440 1454 683 1509 Ῥύσεταί
712 1474 800 1527 με,
833 1458 915 1511 ὅτι
945 1458 1173 1531 ἠθέλησέ
1206 1478 1292 1531 με.

315 1543 397 1599 46.
426 1546 531 1600 Καὶ
567 1547 932 1604 ἀνταποδώσει
961 1568 1051 1622 μοι
1081 1552 1283 1625 Κύριος
1310 1555 1449 1609 κατὰ
1471 1553 1568 1627 τὴν
1599 1555 1802 1609 δικαιο-

257 1635 404 1708 σύνην
430 1655 549 1708 μου,

316 1728 397 1782 47.
430 1731 536 1784 Καὶ
571 1730 715 1785 κατὰ
761 1732 859 1804 τὴν
896 1733 1260 1808 καθαριότητα
1307 1737 1414 1792 τῶν
1457 1740 1652 1812 χειρῶν
1701 1757 1800 1812 μου

254 1821 598 1876 ἀνταποδώσει
628 1840 739 1894 μοι.
1148 1846 1149 1849 η

310 1909 391 1964 48.
421 1911 540 1965 Ὅτι
571 1912 815 1983 ἐφύλαξα
838 1914 936 1979 τὰς
965 1915 1120 1980 ὁδοὺς
1151 1917 1354 1988 Κυρίου
1374 1961 1389 1985 ,

306 2001 384 2058 49.
411 2004 516 2057 Kal
540 2004 645 2058 οὐκ
671 2005 915 2076 ὴσέϐησα
942 2006 1050 2061 ἀπὸ
1077 2009 1171 2063 τοῦ
1205 2010 1338 2064 Θεοῦ
1376 2029 1477 2083 μου

311 2090 391 2145 50.
428 2093 546 2147 Ὀτι
573 2095 754 2148 πάντα
776 2094 842 2149 τὰ
875 2097 1116 2168 κρίματα
1141 2100 1303 2153 αὐτοῦ
1333 2101 1559 2156 ἐνώπιόν
1599 2121 1699 2175 μου
1722 2119 1737 2135 ⁸

307 2182 390 2236 51.
424 2185 530 2238 Καὶ
555 2185 630 2239 τὰ
655 2185 997 2259 δικαιώματα
1028 2189 1192 2244 αὐτοῦ
1230 2192 1329 2245 οὐκ
1360 2194 1672 2266 ἀπέστησαν
1701 2196 1795 2250 ἀπ’

246 2274 386 2344 ἐμοῦ.

306 2368 387 2423 52.
416 2370 523 2424 Kal
561 2371 757 2443 ἔσομαι
786 2372 1013 2444 ἄμωμος
1044 2376 1162 2445 μετ’
1193 2375 1376 2429 αὐτοῦ·

305 2461 385 2517 55.
416 2465 525 2518 Kal
553 2467 859 2538 φυλάξομαι
881 2468 988 2521 ἀπὸ
1016 2468 1114 2539 τῆς
1137 2468 1361 2540 ἀνομίας
1396 2461 1519 2542 μου.

305 2555 388 2611 54.
423 2559 531 2612 Kal
558 2559 929 2615 ἀνταποδώσει
964 2577 1053 2633 μοι
1080 2560 1281 2634 Κύριος
1311 2564 1453 2618 κατὰ
1471 2563 1569 2635 τὴν
1593 2564 1794 2620 δικαιο-

245 2646 392 2721 σύνην
421 2668 543 2723 μου,
556 2659 568 2696 t
578 2670 605 2723 λ

1983 550 2072 605 55.
2103 550 2185 603 Ab
2216 550 2581 618 increpatione
2609 558 2731 616 tua,
2766 548 3018 614 Domine,

1980 640 2070 696 56.
2103 641 2184 695 Ab
2212 641 2568 710 inspiratione
2598 640 2819 710 spiritus
2844 640 2936 695 irae
2961 654 3084 697 tuae.

1981 732 2069 787 57.
2101 730 2247 785 Misit
2277 732 2344 786 de
2372 746 2608 794 summo,
2635 741 2687 785 et
2713 732 2917 801 accepit
2947 746 3069 798 me;

1978 824 2066 880 58.
2089 823 2396 893 Assumpsit
2426 837 2513 878 me
2541 823 2606 878 de
2632 823 2787 893 aquis
2811 825 3013 878 multis.

1981 917 2069 971 59.
2101 916 2311 985 Eripuit
2336 931 2423 970 me
2451 916 2516 970 de
2545 915 2780 970 inimicis
2810 917 2943 970 meis
2974 915 3307 985 fortissimis,

1975 1010 2063 1064 40.
2093 1008 2158 1062 Ει
2189 1008 2255 1063 ab
2289 1008 2374 1073 iis,
2415 1008 2504 1078 qui
2544 1008 2777 1063 oderunt
2804 1024 2930 1064 me:

1973 1099 2062 1153 4|.
2096 1097 2364 1165 Quoniam
2396 1097 2681 1152 confortati
2711 1107 2838 1153 sunt
2871 1114 3034 1168 super
3064 1114 3170 1154 me.

1973 1188 2061 1243 42.
2096 1186 2479 1242 Pruevenerunt
2505 1202 2591 1242 me
2618 1189 2670 1240 in
2700 1187 2785 1242 die
2814 1188 3122 1243 afﬂictionis
3150 1203 3282 1244 mea:
3306 1205 3320 1220 '

1969 1280 2060 1334 45.
2093 1277 2160 1333 Et
2190 1277 2366 1333 factus
2395 1286 2481 1333 est
2515 1277 2775 1332 Dominus
2808 1288 3077 1348 protector
3111 1294 3313 1347 meus,

1974 1373 2061 1427 44.
2093 1372 2159 1426 Et
2188 1372 2371 1427 eduxit
2399 1387 2485 1426 me
2518 1371 2571 1425 in
2599 1371 2937 1426 latitudinem
2971 1389 2984 1426 :

1974 1466 2064 1521 45.
2102 1464 2319 1520 Salvum
2352 1481 2437 1520 me
2464 1463 2643 1532 faciet,
2673 1467 2928 1536 quoniam
2958 1465 3126 1519 voluit
3157 1479 3260 1518 me.

1971 1558 2060 1613 46.
2092 1558 2158 1613 Et
2204 1554 2463 1613 retribuet
2495 1558 2628 1613 mihi
2664 1556 2927 1612 Dominus
2959 1556 3254 1613 secundum
3294 1553 3459 1625 justi-

1902 1652 2030 1707 tiam
2060 1667 2238 1726 meam
2270 1669 2283 1704 :

1972 1744 2060 1798 47.
2094 1743 2160 1798 Et
2212 1744 2509 1800 secundum
2555 1744 2844 1816 puritatem
2898 1757 3157 1797 manuum
3210 1755 3454 1795 mearum

1831 1819 1873 1878 Β
1903 1834 2155 1888 retribuet
2184 1835 2340 1890 mihi.

1970 1926 2059 1981 48.
2095 1926 2235 1993 Quia
2266 1925 2535 1982 custodiri
2565 1924 2679 1978 vias
2706 1923 2921 1979 Domini
2953 1944 2966 1980 :

1968 2019 2056 2074 49.
2084 2017 2194 2073 Nec
2214 2017 2378 2087 impie
2417 2016 2559 2087 gessi
2591 2031 2620 2069 a
2655 2015 2764 2071 Deo
2799 2030 2955 2070 meo:

1969 2110 2055 2165 50.
2073 2108 2340 2175 Quoniam
2360 2109 2542 2164 omnia
2556 2107 2760 2179 judicia
2775 2107 2895 2176 ejus
2916 2105 2970 2160 in
2992 2113 3282 2175 conspectu
3300 2118 3420 2158 meo
3441 2122 3457 2158 .

1967 2202 2054 2257 5|.
2084 2199 2411 2272 Etjustitias
2440 2200 2560 2271 ejus
2590 2215 2701 2253 non
2733 2197 2903 2268 repuli
2929 2213 2959 2251 a
2991 2211 3095 2250 me.

1967 2380 2056 2435 52.
2082 2379 2147 2434 Et
2175 2394 2267 2434 cro
2302 2377 2680 2433 immaculatus
2709 2393 2831 2432 cum
2856 2391 2918 2430 eo
2947 2417 2959 2430 .

1967 2473 2055 2528 55.
2088 2472 2154 2527 Ει
2181 2471 2481 2527 observabo
2521 2462 2698 2525 me'ab
2734 2470 3014 2538 iniquitate
3043 2482 3180 2523 mea.

1964 2563 2051 2619 54.
2083 2562 2149 2616 Et
2176 2560 2433 2616 retribuet
2462 2560 2597 2614 mibi
2646 2556 2909 2614 Dominus
2951 2558 3249 2613 secundum
3291 2556 3457 2626 justi-

1894 2655 2024 2710 tiam
2061 2666 2262 2718 meam,

1340 2813 1714 2872 ATHANASII
1753 2767 2338 2871 ιΝΤΕΒΡιιΕΤᾸΤΙο.

238 2971 280 3022 ot
303 2972 675 3038 κατοικοῦντες
690 2974 1038 3048 Ἰερουσαλὴμ
1063 2974 1410 3048 θεωροῦντες,
1441 2976 1537 3031 καὶ
1567 2974 1789 3046 βλέπον-

1892 2972 2199 3028 habitantes
2240 2970 2542 3028 Jerusalem
2596 2971 3006 3027 considerantes
3033 3010 3049 3037 ,
3110 2977 3165 3023 et
3210 2966 3456 3024 videntes

236 3077 316 3125 τες
336 3064 453 3128 τοὺς
477 3067 811 3131 ἀποστόλους
831 3068 1120 3133 λαλοῦντας
1141 3068 1211 3121 τὰ
1232 3070 1490 3140 μεγαλεῖα
1508 3071 1602 3125 τοῦ
1625 3071 1785 3143 Θεοῦ·

1945 3064 2168 3132 mstolos
2205 3064 2489 3133 loquentes
2538 3062 2805 3132 inagnalia
2851 3061 3004 3117 Dei“
3039 3078 3052 3117 :
3086 3061 3253 3129 {eum
3282 3060 3450 3129 enim,

235 3155 411 3222 πηγὰς
439 3158 547 3229 γὰρ
589 3160 689 3212 καὶ
731 3159 969 3229 θεμέλια
992 3162 1187 3226 αὐτοὺς
1211 3162 1378 3232 λέγει.

297 3246 378 3301 55.
408 3248 539 3303 Ἀπὸ
575 3252 681 3323 τῆς
706 3251 1049 3316 διδασκαλίας
1078 3269 1192 3316 σου,

291 3337 374 3392 56.
396 3341 501 3394 Καὶ
516 3343 629 3396 ἀπὸ
646 3343 744 3414 τῆς
759 3344 1033 3416 ἐνεργείας
1052 3345 1145 3398 τοῦ
1164 3346 1301 3399 Πνεύ
1311 3365 1477 3418 ματος
1497 3350 1588 3405 τοῦ
1610 3353 1787 3422 ἁγίου.

291 3426 372 3490 57,
408 3430 494 3485 58.
541 3432 981 3505 Ἐὅαπτίσθησαν
1013 3433 1120 3506 γὰρ
1150 3437 1206 3489 ὲν
1231 3439 1295 3507 τῇ
1322 3439 1505 3510 ἡμέρᾳ
1533 3443 1630 3513 τῆς
1656 3444 1792 3496 Πεν-

230 3524 477 3595 τηκοστῆς
504 3525 663 3597 παρὰ
685 3525 793 3579 τῶν
825 3526 1136 3581 ἀποστόλων
1164 3527 1333 3600 ψυχαὶ
1362 3531 1438 3595 ὡς
1459 3534 1786 3604 τρισχίλιαι·

227 3610 304 3666 διὰ
327 3615 478 3669 τοῦτο
502 3616 656 3687 λέγει
687 3619 753 3671 ὲκ
785 3618 1074 3691 προσώπου
1101 3619 1207 3674 τῶν
1237 3626 1694 3681 πεπιστευκότων.

291 3705 374 3772 59,
407 3708 494 3764 40.
528 3711 791 3765 Τουτέστι
817 3712 927 3767 τῶν
949 3713 1237 3785 δαιμόνων.

287 3793 369 3849 41.
403 3800 781 3872 Ἐρρὐσθησαν
820 3801 928 3874 γὰρ
969 3802 1355 3872 βαπτισθέντες
1400 3806 1464 3858 ὲκ
1514 3805 1623 3861 τῶν
1657 3823 1788 3860 κατ-

226 3882 626 3953 εξουσιαζόντων
668 3890 845 3945 αὐτῶν
875 3892 1161 3963 δαιμόνων.

284 3974 369 4029 42.
404 3979 532 4033 Ὅτε
559 3980 822 4051 ἠσθένουν
848 3986 914 4054 τῇ
945 3982 1110 4055 ψυχῇ,
1144 3982 1487 4037 συνέκλεισαν
1523 4001 1609 4056 με.

288 4067 561 4133 45,44.Διὰ
577 4072 677 4126 τοῦ
695 4072 1064 4144 βαπτίσματος
1077 4074 1269 4145 ἔστησέ
1289 4091 1353 4146 με
1368 4076 1447 4139 είς
1462 4076 1783 4130 ἀνάπαυσιν.

283 4158 365 4215 45.
381 4163 498 4234 Ἀφ’
516 4161 579 4218 οῦ
597 4166 1023 4237 περιεποιήσατό
1041 4184 1129 4237 με,
1149 4166 1447 4238 ῥύσεταίζμε
1462 4167 1555 4221 τοῦ
1573 4168 1782 4222 λοιποῦ.

284 4249 366 4304 46.
398 4253 508 4307 Καὶ
532 4254 724 4309 λοιπὸν
755 4256 814 4309 ἐν
842 4255 920 4326 τῷ
949 4255 1126 4328 καιρῷ
1157 4257 1256 4328 τῆς
1289 4257 1522 4329 κρίσεως
1550 4261 1785 4314 ἀνταπο-

221 4342 363 4402 δώσει
398 4368 508 4420 μοι.

282 4438 364 4493 47.
392 4441 553 4497 Κατὰ
584 4444 688 4516 τὴν
718 4444 1083 4517 καθαριότητα
1112 4445 1220 4500 τῶν
1245 4444 1419 4517 ἔργων
1451 4464 1572 4519 μου.

279 4531 362 4586 48.
400 4535 513 4599 Τὰς
543 4538 767 4601 ἐντολὰς
793 4537 953 4592 αὐτοῦ
980 4538 1117 4609 ἔχων
1150 4540 1208 4592 ὲν
1239 4541 1303 4610 τῇ
1332 4541 1531 4612 καρδίᾳ
1559 4556 1682 4613 μου.

283 4622 365 4678 49.
388 4628 580 4692 Ἐκτὸς
607 4628 773 4683 αὐτοῦ
804 4630 974 4701 ἑτέρῳ
996 4631 1096 4684 οὐκ
1121 4631 1439 4702 ὲλόιτρευσα.

280 4712 363 4772 50.
394 4718 515 4772 Ὅτι
553 4720 711 4773 οῦδὲν
740 4718 849 4773 τῶν
871 4720 1097 4775 ἐντολῶν
1127 4721 1291 4775 αὑτοῦ
1326 4721 1632 4791 ἀπόϐλητόν
1663 4721 1782 4774 ἐστι

218 4808 337 4874 παρ’
359 4809 500 4879 ἐμοὶ,
529 4810 675 4865 ἀλλὰ
701 4811 807 4882 πρὸ
830 4810 1119 4884 ὀφθαλμῶν
1151 4830 1251 4883 μου
1282 4812 1390 4883 ἔχω
1422 4813 1579 4867 αὐτά.

277 4984 358 5038 51.
386 4989 499 5041 Kal
523 4988 594 5041 τὰ
631 4988 972 5060 δικαιώματα
1002 4989 1160 5044 αὐτοῦ
1188 4987 1545 5053 ἀδιαλείπτως
1576 4990 1769 5061 μελέτη

216 5075 306 5143 μού
340 5080 472 5132 ἐστι.

274 5166 357 5221 52.
391 5171 503 5224 Kal
528 5171 620 5224 ἀεὶ
650 5170 874 5235 ἄσπιλος
899 5170 1046 5241 αὐτῷ
1079 5169 1394 5242 τηρηθείην.

268 5257 353 5315 55.
390 5262 634 5335 Τηρήσω
658 5264 893 5334 ἐμαυτὸν
918 5263 1013 5317 τοῦ
1049 5262 1123 5335 μὴ
1148 5265 1458 5333 περιπεσεῖν
1490 5266 1612 5329 ταῖς
1642 5282 1770 5337 προε

204 5356 376 5429 τέραις
402 5377 502 5430 μου
528 5358 692 5413 ἐπιθυ
702 5361 868 5431 μίαις.

266 5448 450 5506 54-56.
491 5452 605 5506 Kal
639 5452 697 5503 ὲν
736 5453 804 5522 τῇ
836 5449 1019 5521 δικαίᾳ.
1054 5448 1214 5503 αὐτοῦ
1253 5449 1640 5520 μισθαποδοσίᾳ
1677 5467 1765 5521 μοι

1782 3202 1787 3207 .
1891 3167 1944 3211 et
1980 3157 2320 3226 fundamenta
2350 3171 2443 3211 eos
2475 3164 2651 3211 vocat.

1958 3248 2047 3302 55.
2074 3248 2121 3301 Α
2147 3247 2393 3302 doctrina
2426 3259 2537 3313 tua,
2898 3284 2899 3287 η

1959 3337 2049 3392 56.
2082 3336 2151 3390 Ει
2181 3339 2248 3392 ab
2281 3339 2596 3408 operatione
2627 3337 2858 3408 Spiritus
2882 3336 3076 3392 sancti.

1960 3432 2050 3499 57,
2080 3433 2168 3487 58.
2200 3432 2268 3488 Et
2299 3433 2583 3504 baptizata:
2622 3443 2751 3489 sunt
2780 3435 2832 3487 in
2876 3434 2965 3488 die
3015 3434 3357 3487 Pentecostes
3382 3430 3452 3484 ab

1891 3526 2153 3594 apostolis
2176 3527 2373 3581 animae
2394 3528 2550 3598 quasi
2577 3528 2677 3582 tria
2702 3527 2869 3582 millia
2893 3527 2916 3558 ι
2945 3544 2960 3582 :
2990 3534 3275 3597 propterea
3313 3522 3452 3592 haec,

1889 3617 2018 3671 dicit
2043 3632 2107 3670 ex
2139 3632 2370 3686 persona
2407 3632 2614 3682 eorum,
2644 3617 2738 3686 qui
2770 3616 3137 3671 crediderunt.

1956 3709 2045 3772 59,
2075 3710 2163 3763 40.
2195 3707 2307 3765 Hoc
2336 3719 2420 3766 est
2446 3710 2774 3764 daemonum.

1956 3801 2044 3858 4|.
2082 3800 2347 3871 Baptizati
2395 3802 2537 3855 cnim
2571 3801 2784 3855 liberati
2839 3807 2970 3856 sunt
2999 3799 3059 3871 aj
3082 3797 3446 3863 daemonibus,

1886 3890 1978 3960 qui
2008 3892 2087 3945 eis
2125 3891 2570 3945 dominabantur.

1952 3980 2040 4036 42.
2061 3983 2288 4047 Quando
2305 3983 2484 4036 anima
2510 3981 2757 4037 inﬁrmus
2773 3998 2920 4037 eram
2939 3981 3325 4037 concluserunt
3338 3995 3443 4034 me.

1951 4074 2043 4139 45,
2072 4073 2159 4127 44.
2203 4072 2307 4129 Per
2355 4073 2686 4143 baptismum
2714 4087 2799 4128 me
2831 4074 2883 4126 in
2915 4070 3103 4142 requie
3144 4069 3445 4126 constituit.

1953 4163 2151 4218 45.-Ex
2177 4178 2286 4233 quo
2317 4179 2402 4218 me
2433 4162 2744 4231 aequisivit,
2771 4163 3026 4231 deinceps
3056 4177 3143 4216 me
3177 4160 3445 4215 liberabit.

1950 4256 2040 4312 46.
2072 4255 2139 4311 Ει
2169 4256 2386 4312 demum
2412 4256 2599 4315 iudicii
2632 4265 2874 4325 tempore
2905 4256 3166 4311 retribuet
3185 4254 3337 4308 mihi.

1951 4433 2042 4491 47.
2095 4433 2401 4489 Secundum
2447 4435 2736 4503 puritatem
2767 4447 3011 4487 mearum
3045 4433 3446 4501 operationum.

1953 4527 2043 4582 48.
2079 4526 2350 4598 Pratcepta
2381 4528 2500 4597 ejus
2528 4527 2817 4581 babens‘in
2850 4525 3014 4580 corde
3043 4540 3185 4580 meo.

1952 4618 2041 4673 49.
2083 4618 2249 4674 Extra
2282 4634 2405 4672 eum
2438 4617 2571 4671 nulli
2609 4616 2696 4671 alii
2735 4617 2953 4670 servivi.

1952 4712 2040 4766 50.
2102 4710 2366 4777 Quoniam
2410 4709 2617 4763 nullum
2652 4723 2874 4762 suorum
2911 4719 3303 4778 praeceptorum
3353 4707 3450 4762 de-

1883 4802 2149 4871 spicatum
2188 4810 2273 4855 est
2304 4801 2592 4870 apud'me,
2649 4800 2741 4879 sed
2771 4815 2881 4868 pra:
2934 4799 3109 4855 oculis
3152 4801 3288 4854 mris
3329 4799 3444 4870 ipsa

1884 4894 2077 4948 babeo.

1952 4984 2039 5039 51.
2060 4982 2561 5054 Etjustiﬁcationes
2598 4983 2720 5053 ejus
2748 4982 2968 5039 assidua
2992 4982 3272 5039 meditatio
3323 4997 3440 5036 mea

1881 5082 2029 5129 sunt.

1920 5163 2039 5234 52.
2072 5161 2139 5217 Et
2174 5163 2293 5217 sine
2326 5162 2446 5217 labe
2478 5161 2579 5231 ipsi
2614 5176 2827 5232 semper
2854 5174 3101 5215 servatus
3133 5174 3279 5213 sum.

1951 5253 2038 5306 55.
2075 5251 2392 5307 Custodiam
2424 5266 2510 5305 me
2537 5251 2739 5321 ipsum,
2774 5265 2842 5305 ne
2866 5250 3109 5304 decidam
3150 5248 3203 5300 in
3233 5246 3444 5317 priores

1880 5359 2029 5399 meas
2060 5342 2399 5413 cupiditates.

1948 5435 2135 5490 54-56.
2172 5433 2238 5487 Et
2270 5434 2326 5487 in
2353 5434 2501 5503 justa
2526 5434 2648 5503 ejus
2678 5432 3036 5488 retributioite
3068 5429 3256 5483 reddet
3285 5429 3441 5497 mihi,

199 5537 374 5609 ἀποδῷ
420 5534 495 5595 ὧν
544 5542 896 5612 εἰργασάμην
942 5540 1170 5595 ἐνώπιον
1213 5540 1398 5605 αὐτοῦ,
1432 5544 1459 5595 ὁ
1492 5540 1774 5604 ἀποδιδοὺς

1945 5543 1998 5581 ta:
2026 5533 2279 5595 operatus
2302 5541 2424 5580 sum
2453 5540 2635 5580 coram
2666 5527 2804 5596 ipso,
2840 5524 2934 5595 qui
2964 5522 3259 5593 unicuique
3284 5523 3414 5578 retri

200 5629 404 5704 ἑκάστῳ
437 5634 586 5688 κατὰ
613 5633 688 5687 τὰ
709 5633 843 5704 ἔργα
875 5633 1060 5688 αὐτοῦ.

265 5744 309 5775 ³³
336 5746 457 5802 Act.
493 5763 556 5816 ιι,
592 5748 648 5801 7.
723 5747 769 5780 ἰ
794 5748 923 5803 ibid.
959 5746 1045 5801 tt.

1877 5618 1993 5674 buit
2024 5617 2322 5675 secundum
2349 5631 2515 5689 opera
2549 5618 2688 5688 ejus.
