3934 6218
485 320 597 379 767
1231 361 1236 363 -
1321 317 1379 374 S.
1420 313 1789 372 ATIiANASll
1822 312 1971 369 OPP.
2013 310 2194 367 PARS
2227 309 2314 365 Ill.
2349 338 2418 348 —
2455 303 2865 362 EXEGETICA.
3441 319 3444 321 λ
3598 297 3702 354 708

548 440 638 497 55.
678 438 744 496 Et
787 440 1085 497 secundum
1148 439 1434 511 puritatem
1482 452 1741 494 manuum
1791 450 2035 492 mearum
2065 439 2101 496 Α

2206 431 2296 489 55.
2336 432 2446 484 Καὶ
2488 428 2631 482 κατὰ
2661 427 2758 500 τὴν
2785 424 3156 497 καθαριότητα
3200 419 3308 477 τῶν
3351 417 3552 492 χειρῶν
3600 434 3699 490 μου

478 531 744 589 trctribuet
770 532 926 597 mihi,

2142 521 2508 579 ἀνταποδώσει
2544 538 2653 592 μοι,

550 621 638 676 56.
682 620 738 675 ln
766 631 1056 692 conspectu
1085 621 1365 677 oculorum
1392 622 1532 692 ejus.

2211 614 2297 669 56.
2351 612 2610 666 Ἐνώπιον
2632 610 2738 665 τῶν
2764 606 3057 680 ὀφθαλμῶν
3084 605 3267 661 αὐτοῦ.

552 714 640 769 57.
680 714 816 768 Cum
848 724 1036 770 sancto
1074 723 1295 770 sanctus
1324 715 1436 770 eris
1464 733 1479 770 :

1431 732 1436 767 ι
1464 733 1479 770 :
2213 708 2303 761 57.
2342 705 2497 760 Μετὰ
2525 705 2671 758 ὁσίου
2702 705 2844 767 ὅσιος
2867 701 2984 773 ἔσῃ,

552 805 638 860 58.
682 806 745 861 Et
774 822 899 862 cum
925 809 1040 862 viro
1068 808 1354 862 innocente
1387 808 1648 863 innocens
1676 805 1786 861 eris
1817 823 1831 859 :

2214 798 2300 854 58.
2340 797 2450 850 Kal
2481 795 2616 867 μετὰ
2643 794 2832 866 ἀνδρὸς
2864 791 3038 846 ἀθώου
3064 788 3239 853 ἀθῶος
3261 788 3386 860 ἔσῃ’

552 900 641 955 59.
683 898 747 954 Ει
778 915 902 955 cum
929 900 1101 957 electo
1129 902 1332 957 electus
1366 901 1476 957 eris
1501 920 1514 955 :

2215 890 2301 945 59.
2342 888 2453 943 Kal
2483 888 2619 959 μετὰ
2646 884 2899 940 ἐκλεαιτοῦ
2925 883 3177 945 ἐκλεκτὸς
3212 880 3336 953 ἐσῃ·

551 988 640 1047 60.
681 989 748 1044 Et
778 1007 900 1047 cum
930 1008 1182 1062 perverso
1209 993 1550 1063 perveneris.

2213 980 2302 1034 60.
2343 979 2450 1033 Kal
2474 978 2612 1051 μετὰ
2641 976 2897 1049 στρεϐλοῖ)
2923 975 3280 1049 διαστρέψεις.

553 1082 641 1141 61.
683 1081 953 1150 Quoniam
972 1094 1026 1138 tu
1044 1085 1299 1155 populum
1320 1084 1578 1139 humilem
1598 1083 1808 1139 salvum
1843 1080 2039 1138 facies:

1692 1099 1808 1138 vum
1843 1080 2039 1138 facies:
2215 1072 2303 1127 6|.
2345 1072 2465 1126 ’Ότι
2499 1074 2563 1126 σὺ
2591 1070 2720 1125 λαὸν
2754 1069 3006 1124 ταπεινὸν
3033 1067 3245 1131 σώσεις,

552 1174 641 1229 62.
682 1173 749 1229 Et
778 1177 969 1231 oculos
1003 1178 1363 1248 superborum
1394 1176 1727 1232 liumiliabis.

2214 1162 2303 1218 62.
2344 1163 2452 1219 Καὶ
2478 1163 2781 1234 ὀφθαλμοὺς
2812 1162 3169 1234 ὑπερηφάνων
3197 1155 3572 1221 ταπεινώσεις.

553 1266 643 1321 65.
684 1267 949 1333 Quoniam
1003 1247 1086 1323 tu,
1118 1268 1451 1323 illuminabis
1508 1267 1787 1322 lucernam
1845 1280 2042 1333 meam,

1852 1280 2042 1333 meam,
2217 1254 2305 1310 65.
2349 1254 2470 1308 Ὅτι
2500 1255 2562 1309 σὺ
2592 1256 2809 1323 φωτιεῖς
2836 1253 3025 1324 λύχνον
3063 1269 3185 1318 μου,
3218 1247 3405 1322 Κύριε.

482 1359 729 1417 Domine.

557 1454 645 1509 64.
687 1453 832 1510 Deus
857 1469 1036 1517 meus,
1067 1452 1397 1509 illuminabis
1425 1452 1674 1508 tenebras
1696 1465 1867 1506 meas.

2217 1436 2306 1493 64.
2359 1436 2415 1489 '0
2445 1434 2574 1499 Θεός
2609 1452 2729 1506 μου,
2761 1435 2978 1504 φωτιεῖς
3004 1432 3065 1486 τὸ
3091 1430 3277 1493 σκότος
3306 1445 3426 1500 μου.

552 1546 642 1602 ‘35.
682 1546 950 1613 Quoniam
980 1546 1034 1600 in
1065 1553 1117 1601 te
1148 1545 1348 1615 eripiar
1373 1559 1405 1599 a
1439 1543 1740 1600 tentatione
1767 1560 1781 1597 :

2216 1525 2306 1581 65.
2347 1525 2468 1578 ’Ότι
2499 1527 2558 1580 ἐν
2591 1525 2673 1579 col
2706 1523 3043 1596 ῥυσθήσομαι
3077 1521 3183 1575 ἀπὸ
3213 1515 3591 1589 πειρατηρίου,

556 1639 643 1694 66.
686 1612 752 1695 Et
783 1641 836 1694 in
868 1639 979 1694 Deo
1009 1654 1130 1694 meo
1161 1612 1528 1709 transgrediar
1558 1651 1800 1692 murum.

2217 1619 2306 1675 66.
2344 1620 2455 1672 Kal
2483 1620 2540 1673 ἐν
2569 1617 2645 1688 τῷ
2675 1616 2792 1688 Θεῷ
2820 1633 2919 1688 μου
2949 1615 3321 1686 ὑπερϐήσομαι
3347 1612 3544 1681 τεῖχος.

555 1733 642 1788 67.
685 1730 829 1788 Deus
862 1747 1014 1787 meus
1048 1700 1342 1800 impollutav
1356 1729 1443 1784 via
1469 1727 1624 1800 ejus:

2219 1710 2311 1767 67.
2360 1712 2417 1764 '0
2450 1710 2580 1773 Θεός
2615 1727 2738 1780 μου,
2768 1708 2995 1781 ἄμωμος
3022 1709 3054 1778 ἡ
3089 1706 3204 1768 ὁδὸς
3226 1700 3386 1758 αὑτοῦ
3410 1719 3425 1733 ο

555 1825 645 1881 68.
686 1823 915 1894 Eloquia
942 1822 1158 1877 Domini
1193 1822 1315 1891 igne
1350 1820 1682 1876 examinata:
2078 1812 2108 1867 li

2078 1812 2122 1867 Β
2220 1801 2308 1858 68.
2350 1802 2430 1855 Τὰ
2455 1801 2608 1870 λόγια
2632 1801 2834 1873 Κυρίου
2862 1800 3250 1873 πεπυρωμένα.

538 1919 645 1974 69.
685 1917 966 1971 Protector
997 1923 1082 1970 est
1110 1914 1355 1970 omnium
1384 1911 1717 1984 sperantium
1757 1910 1813 1966 in
1842 1925 1939 1967 se:

2219 1895 2308 1949 69.
2359 1894 2796 1967 ’Υπερασπιστής
2834 1896 2950 1949 ἐστι
2985 1893 3199 1947 πάντων
3240 1890 3345 1944 τῶν
3385 1883 3706 1950 ἐλπιζόντων

2148 1986 2235 2039 ἐπ’
2259 1986 2422 2040 αὐτόν
2438 2002 2454 2016 ·

557 2100 645 2155 70.
685 2100 951 2168 Quoniam
979 2098 1102 2169 quis
1139 2096 1280 2152 Deus
1307 2103 1499 2167 praeter
1531 2094 1823 2150 Dominum
1848 2093 1873 2147 ?

1734 2109 1823 2149 um
1848 2093 1873 2147 ?
2217 2082 2306 2138 70.
2348 2083 2467 2137 Ὅτι
2492 2083 2575 2147 τίς
2606 2082 2738 2146 Θεὸς
2764 2068 2906 2154 ’πλὴν
2932 2080 3025 2134 τοῦ
3051 2079 3287 2151 Κυρίου;

559 2191 647 2244 7i.
686 2190 797 2244 Aut
828 2188 951 2258 quis
989 2187 1131 2242 Deus
1163 2193 1353 2256 praeter
1387 2184 1555 2238 Deum
1582 2179 1875 2238 nostrum?

1796 2179 1875 2234 n?
2221 2173 2308 2228 71.
2352 2174 2423 2226 Ἦ
2446 2173 2528 2237 τίς
2558 2172 2690 2237 Θεὸς
2715 2171 2851 2245 πλὴν
2882 2173 2977 2226 τοῦ
3005 2170 3137 2225 Θεοῦ
3162 2169 3349 2242 ὴμῶνς

555 2284 646 2340 72.
686 2282 851 2346 Deus,
883 2279 976 2351 qui
1005 2278 1287 2351 praecinxit
1311 2292 1397 2332 me
1422 2277 1640 2339 virtute,

2181 2299 2191 2314 ι
2222 2266 2309 2322 72.
2361 2267 2418 2320 '0
2444 2265 2575 2331 Θεὸς
2598 2268 2628 2320 ὁ
2653 2264 3028 2338 περιζωννύων
3061 2281 3127 2335 με
3156 2263 3404 2334 δύναμιν,

559 2376 648 2431 73.
688 2375 754 2431 Et
780 2375 960 2446 posuit
989 2371 1389 2427 immaculatam
1422 2369 1564 2425 viam
1588 2378 1763 2423 meam
1789 2382 1805 2432 ;

1753 2381 1763 2420 ι
1789 2382 1805 2432 ;
2226 2356 2329 2414 73(
2351 2360 2460 2414 Καὶ
2485 2358 2635 2412 ἔθετο
2660 2359 2884 2430 ἄμωμον
2909 2358 3007 2429 τὴν
3031 2357 3148 2411 ὁδόν
3172 2374 3272 2428 μου
3291 2372 3306 2388 ·

559 2467 645 2523 74.
687 2443 797 2534 Qui
819 2464 1045 2537 perfecit
1071 2465 1232 2534 pedes
1262 2478 1412 2519 meos
1441 2471 1697 2530 tanquam
1726 2471 2006 2515 cervorum
2024 2497 2041 2523 ,

2224 2452 2310 2507 74.
2352 2450 2825 2523 Καταρτιξόμενος
2852 2450 2980 2513 τοὺς
3011 2449 3173 2512 πόδας
3201 2465 3303 2519 μου
3329 2445 3461 2501 ὡσεὶ
3490 2443 3705 2514 ἐλάφου,

559 2559 647 2616 75.
687 2558 755 2614 Ει
791 2574 954 2628 super
980 2557 1192 2614 excelsa
1228 2564 1474 2611 statuens
1500 2567 1627 2608 me:

2224 2543 2313 2617 75.
2351 2543 2463 2597 Kal
2489 2543 2583 2597 ἐπὶ
2606 2541 2675 2595 τὰ
2699 2540 2877 2612 ὑψηλὰ
2905 2538 3065 2593 ἱστῶν
3091 2556 3159 2610 με
3177 2553 3191 2567 ⁶

560 2651 648 2707 76.
685 2651 791 2718 Qui
819 2653 975 2707 docet
1002 2664 1197 2705 manus
1225 2662 1375 2703 meas
1400 2645 1469 2701 ad
1500 2644 1766 2716 praelium.

2221 2637 2313 2693 76.
2352 2636 2623 2691 Διδάσκων
2647 2636 2832 2707 χεῖράς
2866 2651 2963 2705 μου
2992 2633 3073 2696 είς
3100 2631 3349 2701 πόλεμον.

558 2743 648 2801 77.
689 2742 755 2799 Ει
789 2741 1019 2814 posuisti
1053 2755 1239 2795 arcum
1266 2753 1464 2795 aereum
1494 2736 1717 2796 brachia
1744 2748 1862 2790 mea
1893 2750 1908 2787 :

2224 2729 2313 2783 77.
2356 2729 2463 2782 Kal
2488 2726 2609 2782 ἔθου
2634 2726 2785 2792 τόξον
2808 2723 3041 2797 χαλκοῦν
3070 2724 3193 2786 τοὺς
3224 2718 3511 2794 βραχίονάς
3540 2732 3642 2788 μου
3660 2730 3673 2745 ·

1602 2866 1975 2926 ATHANASII
2019 2859 2604 2921 INTERPRETATIO.

560 2992 746 3051 57-60.
783 2990 900 3047 Hoc
927 2989 1081 3055 dicit,
1106 2988 1420 3059 quicunque
1466 2985 1739 3057 praesidet,
1786 2983 1951 3054 hujus
1998 2991 2054 3038 et

2227 2975 2419 3032 57-60.
2460 2974 2629 3029 Τοῦτο
2667 2972 2834 3041 λέγει,
2861 2972 3011 3036 ὅστις
3050 2967 3381 3041 προεδρεύει,
3406 2967 3599 3021 τούτου
3623 2964 3711 3021 καὶ

491 3103 672 3146 mores
705 3085 969 3149 imitatur,
995 3091 1050 3137 et.
1072 3080 1243 3150 partis
1273 3092 1500 3133 consors
1526 3076 1653 3134 erit.

2159 3071 2282 3133 τοὺς
2313 3068 2544 3140 τρόπους
2574 3067 2836 3138 μιμεῖται,
2867 3063 2962 3116 καὶ
3004 3065 3101 3135 τῆς
3132 3060 3345 3133 μερίδος
3372 3059 3596 3131 μέτοχος
3625 3075 3712 3128 γε·

2157 3163 2396 3233 νήσεται.

563 3268 654 3324 61.
695 3264 766 3321 Se
791 3264 857 3320 ad
892 3272 945 3318 te
968 3265 1362 3318 convertentes.
2033 3321 2037 3327 .
2083 3285 2116 3344 ε

2033 3321 2037 3327 ,
2083 3285 2126 3344 C
2228 3253 2314 3309 6|.
2355 3252 2494 3315 Τοὺς
2521 3249 2960 3321 ἐπιστρέφοντας.

561 3359 651 3414 62.
689 3357 1027 3421 Pemonum,
1057 3368 1355 3423 eorumque
1385 3357 1738 3407 sectatorum.
2087 3330 2114 3344 ”

2225 3343 2312 3398 62.
2353 3342 2473 3396 Τῶν
2505 3341 2793 3413 δαιμόνων,
2821 3339 2915 3393 καὶ
2952 3337 3060 3392 τῶν
3105 3332 3597 3401 ἐξακολουθοῦντων
3620 3330 3709 3386 αύ-

2153 3442 2285 3503 τοῖς.

563 3536 651 3591 65.
687 3533 886 3590 Oculos
918 3531 1115 3588 mentis
1143 3545 1299 3587 mete.

2224 3533 2310 3588 63.
2352 3532 2489 3596 Τοὺς
2519 3530 2827 3602 ὀφθαλμοὺς
2850 3530 2948 3602 τῆς
2975 3528 3210 3592 διανοίας
3236 3526 3400 3581 αὐτοῦ
3432 3524 3605 3597 [μου].

561 3628 651 3684 64.
690 3626 917 3682 Omnem
963 3625 1340 3696 cogitationem
1390 3636 1422 3676 a
1463 3616 1679 3676 diabolo
1708 3614 1847 3669 clam
1887 3612 1942 3665 in
1969 3623 2056 3664 me

2222 3622 2309 3676 64.
2352 3623 2537 3675 Πᾶσαν
2587 3619 2880 3690 ἐνθύμησιν
2910 3621 2967 3672 ἐν
3007 3617 3129 3688 ἐμοὶ
3162 3615 3565 3685 ὑποσπαρεῖσαν
3611 3607 3709 3662 ὑπὸ

494 3719 901 3777 disseminatam
929 3717 1094 3772 veluti
1120 3725 1227 3771 ate
1261 3713 1660 3784 procedentem,
1695 3707 1837 3760 hanc
1870 3711 2047 3759 notam

2155 3714 2246 3768 τοῦ
2271 3712 2515 3767 διαϐόλου
2546 3712 2621 3775 ὡς
2649 3710 2807 3781 δῆθεν
2838 3707 2989 3780 παρὰ
3013 3706 3108 3763 σοῦ
3131 3701 3314 3769 οὖσαν,
3344 3701 3549 3772 ταύτην
3574 3697 3708 3769 γνὼ-

495 3812 629 3868 mihi
656 3811 742 3867 fac
774 3811 1004 3866 alienam
1032 3824 1064 3864 a
1093 3817 1145 3864 te
1171 3820 1317 3873 esse,
1345 3812 1403 3859 ut
1428 3818 1551 3858 eam
1577 3798 1856 3870 repellam.

2158 3803 2303 3876 ρισόν
2334 3821 2423 3875 μοι
2449 3801 2732 3873 ἀλλοτρίαν
2767 3816 2861 3853 σου
2888 3798 3255 3870 ὑπάρχουσαν,
3280 3795 3366 3848 ἵνα
3387 3791 3589 3863 ταύτην
3612 3790 3711 3845 ἀπ-

2154 3895 2399 3967 ώσωμαι.

565 3994 653 4049 65.
693 3993 740 4047 A
769 3990 1135 4061 voluptatibus
1165 3989 1310 4043 vitae.

2223 3991 2315 4046 65.
2354 3988 2474 4044 Τῶν
2506 3987 2705 4060 ἡδονῶν
2731 3985 2824 4040 τοῦ
2852 3985 2988 4056 βίου.
3020 3972 3026 3981 ’

566 4085 655 4141 66.
697 4082 1000 4137 Diabolum.

2224 4083 2313 4137 66.
2353 4081 2455 4135 Τὸν
2482 4078 2742 4134 διάϐολον.

565 4176 656 4232 67.
699 4174 919 4244 Singula
940 4173 1058 4242 ejus
1076 4169 1329 4226 mandata
1347 4166 1551 4222 nullam
1577 4161 2055 4233 reprehensionem

2226 4162 2315 4227 67.
2353 4169 2576 4242 Μέμφιν
2607 4168 2860 4239 οὐδεμίαν
2884 4167 2995 4236 ἔχει
3027 4166 3228 4237 ἑκάστη
3255 4161 3441 4231 ἐντολὴ
3474 4159 3635 4214 αὐτοῦ
3654 4175 3667 4188 ·

497 4268 717 4324 habent.

568 4359 658 4415 68.
698 4357 913 4419 Munda,
940 4365 993 4410 et
1018 4351 1478 4424 splendidissima.

2228 4352 2317 4408 68.
2356 4350 2609 4423 Καθαρὰ,
2640 4348 3090 4421 ὑπερὲκλαμπρα.

568 4447 659 4503 69.
696 4445 915 4509 Scilicet
946 4453 1336 4514 propugnator,
1372 4437 1648 4506 defensor,
1676 4446 1882 4494 custos.

2227 4442 2316 4498 69.
2342 4441 2486 4495 Ἀντὶ
2517 4441 2608 4494 τοῦ
2642 4440 2972 4512 ὑπέρμαχος,
3015 4435 3341 4509 σκεπαστὴς,
3369 4434 3560 4506 φύλαξ.

575 4539 663 4605 70,
693 4538 784 4592 71.
822 4535 983 4591 Solus
1014 4533 1157 4589 Deus
1182 4547 1378 4598 verus;
1410 4531 1526 4602 ipse
1552 4539 1637 4585 est
1666 4528 1809 4585 Deus
1837 4528 1895 4582 in
1923 4526 2061 4583 coelo

2229 4531 2317 4596 70,
2350 4532 2439 4586 7i.
2484 4530 2652 4594 Μόνος
2690 4530 2821 4594 Θεὸς
2850 4528 3097 4599 ἀληθινός
3121 4545 3136 4561 ο
3170 4527 3331 4591 αὐτός
3359 4528 3476 4580 ἐστι
3503 4523 3635 4589 Θεὸς
3662 4524 3713 4576 ἐν

497 4640 553 4687 et
580 4630 633 4684 in
664 4638 826 4685 terra.

2088 4632 2132 4687 D
2159 4622 2370 4696 οὐρανῷ
2406 4622 2496 4675 καὶ
2529 4622 2620 4674 ἐπὶ
2650 4624 2769 4692 γῆς.

571 4722 659 4776 72.
695 4720 898 4791 Spiritu
933 4725 1142 4780 sancto,
1173 4715 1322 4770 dicit.

2233 4715 2319 4767 7‘2.
2362 4714 2434 4767 Τὸ
2466 4713 2618 4783 ἅγιον
2645 4709 2865 4782 Πνεῦμα
2889 4709 3054 4779 λέγει.

570 4815 658 4869 75.
691 4813 1042 4867 Aberrantem
1072 4824 1104 4863 a
1134 4822 1322 4878 scopo,
1354 4804 1670 4876 praecipiens
1697 4802 1903 4874 angelis
1920 4801 2056 4865 suis,

2232 4803 2321 4857 75.
2348 4803 2683 4856 Ἀπόσκοπον
2725 4802 3095 4872 ἐντειλάμενος
3134 4802 3245 4863 τοῖς
3289 4797 3542 4867 ἀγγέλοις
3566 4794 3716 4853 αὐτοῦ

500 4916 558 4962 ιιι
585 4921 670 4960 me
696 4902 1029 4958 custodirent
1045 4902 1113 4955 ³⁵.

1100 4941 1113 4955 ,
2161 4893 2534 4962 διαφυλάττειν
2566 4910 2653 4964 με.

572 4998 658 5053 74.
691 4995 896 5060 Effecit,
928 5002 989 5048 ut
1032 5008 1131 5062 ego
1164 5001 1440 5061 serpentes
1476 5000 1530 5045 et
1567 4989 1902 5059 scorpiones,
1941 4994 2060 5041 tan-

2234 4982 2322 5036 74.
2366 4984 2731 5046 Καταπατεῖν,
2755 4982 2848 5035 καὶ
2881 4981 3123 5051 φονεύειν
3143 4981 3272 5042 τοὺς
3296 4980 3464 5049 δφεας
3486 4984 3582 5033 καὶ
3605 4978 3722 5040 τοὺς

496 5107 659 5164 quam
692 5088 856 5154 cervi,
888 5085 1263 5142 conculcarem
1291 5092 1453 5155 atque
1479 5083 1801 5138 occiderem.

2167 5073 2458 5143 σκορπίους
2487 5071 2708 5143 ἐποίησέ
2743 5089 2830 5141 με,
2865 5072 2940 5136 ὡς
2965 5072 3088 5134 τοὺς
3111 5071 3360 5139 ἐλάφους.

567 5183 655 5239 75.
692 5182 866 5252 Super
895 5185 1162 5249 praecepta
1203 5191 1322 5230 sua.

2240 5164 2325 5217 75.
2354 5164 2475 5217 Ἐπὶ
2502 5164 2600 5226 τὰς
2631 5163 2846 5227 ἐντολὰς
2874 5161 3059 5217 αὐτοῦ.

569 5277 655 5331 76.
692 5249 922 5329 Mentem
951 5285 1149 5335 meam,
1195 5268 1370 5339 inquit
1406 5269 1605 5323 armari
1650 5276 1840 5325 contra
1868 5266 2062 5321 diabo-

2239 5257 2323 5309 76.
2365 5255 2474 5325 Τὴν
2521 5254 2754 5309 διάνοιάν
2801 5271 2901 5325 μου
2949 5253 3094 5322 λέγει
3116 5250 3439 5306 ὁπλίσασθαι
3473 5250 3616 5305 κατὰ
3642 5249 3726 5303 τοῦ

494 5369 629 5422 lum.

2165 5345 2426 5399 διαϐόλου.

570 5455 658 5512 77.
692 5455 940 5511 Validum
968 5450 1195 5507 effecisti
1244 5465 1339 5506 cor
1382 5466 1560 5506 meum
1615 5466 1682 5505 ne
1714 5465 1800 5505 me
1826 5448 1927 5504 tela
1957 5448 2061 5501 ini-

2235 5440 2323 5492 77.
2348 5439 2457 5511 Τὴν
2481 5439 2702 5510 καρδίαν
2727 5456 2825 5509 μου
2850 5439 3108 5508 ἐποίησας
3135 5435 3383 5508 ἰσχυρὰν,
3402 5436 3489 5491 ἵνα
3511 5434 3582 5489 τὰ
3608 5430 3726 5504 βέλη

502 5547 624 5600 mici
653 5548 1036 5601 interficerent.

2166 5528 2258 5581 τοῦ
2288 5528 2481 5601 ἐχθροῦ
2519 5529 2595 5600 μὴ
2623 5528 2910 5584 θανατοῦσι
2952 5546 3038 5599 με.

574 5697 619 5728 ’³
650 5697 792 5753 Psal.
834 5718 920 5765 xc,
955 5701 1041 5757 ll.
