3934 6218
270 327 368 380 τοι)
1146 328 1232 384 os
1273 326 1548 386 TITULIS
1586 304 2330 383 PSALMORUM.—PSAL.
2372 324 2537 381 xvn.
3386 328 3495 390 tto

336 441 426 498 78.
466 444 577 498 Kal.
607 444 811 508 ἔδωκάς
847 462 935 516 μοι
964 447 1377 519 ὑπερασπισμδν
1400 451 1689 521 σωτηρίας.
1858 451 1889 507 Δ

1858 451 1904 507 Α
2004 445 2087 499 78.
2130 444 2196 498 Ει
2228 445 2420 498 dedisti
2454 442 2585 497 mihi
2617 443 3002 513 protectionem
3037 444 3247 501 salutis.

342 536 427 589 79.
470 538 580 590 Kal.
609 541 641 609 ή
670 539 819 604 δεξιά
857 558 948 594 σου
984 540 1302 595 ἀντελάϐετό
1338 560 1458 613 μου·

1435 561 1458 581 η·
2008 537 2092 590 79.
2136 535 2200 590 Et
2232 537 2451 590 dextera
2482 546 2569 590 tua
2597 538 2835 606 suscepit
2862 552 2945 591 me
2975 555 2988 592 :

338 624 424 680 80.
466 628 577 680 Καὶ
606 630 639 699 ὴ
673 629 885 682 παιδεία
915 648 1008 683 σου
1038 631 1327 702 ἀνώρθωσέ
1363 650 1429 702 με
1467 634 1546 696 είς
1574 631 1723 696 τέλος
1746 649 1759 664 ·

2003 628 2091 683 80.
2133 627 2198 681 Et
2229 628 2515 695 disciplina
2547 638 2638 681 tua
2674 629 2908 683 correxit
2940 644 3027 684 me
3057 630 3111 683 in
3149 628 3307 684 tinem
3341 647 3353 683 :

340 717 427 774 81.
466 720 578 773 Καὶ
608 721 641 792 ἠ
673 722 885 774 παιδεία
916 738 1006 774 σου
1038 722 1171 792 αὐτή
1210 739 1276 792 με
1303 722 1518 788 διδάξει.

2004 721 2092 776 81.
2133 720 2199 775 Ει
2230 720 2511 800 disciplina
2547 729 2658 785 tua,
2696 720 2811 789 ipsa
2847 736 2931 775 me
2963 721 3198 776 docebit.

338 810 424 865 8‘2.
479 812 809 877 Ἐπλάτυνας
840 812 909 868 τὰ
939 814 1249 885 διαδήματα
1284 832 1384 885 μου
1421 815 1672 870 ὑποκάτω
1707 835 1832 889 μου,

1630 834 1672 869 ω
1707 835 1832 889 μου,
2004 809 2093 865 82.
2136 809 2381 864 Dilatasti
2415 825 2636 879 gressus
2663 825 2813 864 mens
2838 811 3030 865 subtus
3058 826 3183 865 me:

339 902 425 957 85.
467 904 577 957 Καὶ
610 905 709 958 ούκ
733 905 998 977 ἠσθένησε
1028 905 1098 959 τὰ
1124 906 1241 978 ῖχνη
1274 923 1397 976 μου.

2001 903 2089 956 85.
2132 901 2196 956 Et
2226 918 2332 957 non
2362 911 2491 957 sunt
2517 902 2788 957 inﬁrmata
2816 903 3041 973 vestigia
3074 919 3215 958 mea.

339 995 424 1050 84.
467 996 795 1063 Καταδιώξω
823 1000 946 1063 τοὺς
981 998 1206 1069 ἐχθρούς
1247 1015 1370 1069 μου,
1400 1000 1493 1053 καὶ
1532 998 1834 1070 καταλήψο-

2002 994 2090 1049 84.
2133 994 2436 1064 Persequar
2463 995 2714 1051 inimicos
2742 1010 2922 1061 meos;
2959 1006 3013 1049 et
3038 996 3491 1066 comprehendam

273 1104 369 1160 μαι
393 1089 590 1153 αύτούς
612 1106 626 1120 ο

539 1089 590 1153 3;
612 1106 626 1120 ο
1934 1085 2053 1141 illos
2077 1102 2092 1141 :

340 1179 427 1234 85.
468 1182 576 1234 Kal
607 1182 704 1235 οὐκ
728 1182 1235 1255 ἀποστραφὴσομαι,
1264 1185 1367 1248 ἕως
1394 1185 1459 1238 ἂν
1488 1185 1829 1240 ἐκλείπωσιν.

1605 1185 1829 1240 ;ίπωσιν,
2003 1177 2091 1232 85.
2133 1175 2198 1229 Et
2227 1177 2333 1230 hon
2369 1185 2657 1231 convertar
2688 1177 2859 1233 donec
2887 1179 3158 1233 deﬁciant.

338 1272 426 1327 86.
480 1272 745 1344 Ἐκθλίψω
775 1276 990 1339 αὐτοὺς,
1008 1277 1100 1329 καὶ
1128 1277 1189 1329 ού
1214 1275 1287 1347 μὴ
1314 1275 1573 1331 δύνωνται
1603 1277 1792 1348 στῆναι
1813 1293 1826 1304 ⁸

1746 1294 1792 1330 ιι
1813 1293 1826 1304 ·
2006 1268 2096 1323 86.
2137 1267 2484 1339 Confringam
2513 1268 2668 1337 illos;
2700 1285 2800 1325 nec
2832 1281 3086 1339 poterunt
3117 1280 3299 1325 stare:

340 1363 428 1418 87.
471 1364 768 1418 Πεσοῦνται
802 1366 903 1419 ὑπὸ
932 1367 1058 1430 τοὺς
1093 1366 1256 1432 πόδας
1288 1384 1411 1437 μου.

1399 1409 1411 1421 ,
2002 1358 2091 1414 87.
2128 1359 2335 1415 Cadent
2366 1361 2556 1415 subtus
2594 1361 2755 1430 pedes
2780 1356 2947 1417 meos.

341 1454 430 1511 88.
471 1457 580 1510 Kal.
614 1455 951 1529 mptécha;
978 1475 1044 1529 με
1068 1457 1295 1528 δύναμιν
1322 1460 1400 1522 είς
1424 1457 1657 1530 πόλεμον
1676 1475 1690 1489 ’

2002 1451 2088 1507 88.
2129 1450 2197 1506 Et
2221 1451 2550 1522 prazcinxisti
2580 1468 2663 1508 me
2697 1454 2896 1509 virtute
2933 1455 2997 1510 ad
3036 1454 3234 1509 bellum
3272 1473 3285 1510 :

337 1548 426 1602 89.
468 1548 829 1614 Συνεπόδισας
862 1550 1067 1612 πάντας
1100 1552 1224 1614 τοὺς
1255 1551 1719 1623 ἐπανισταμένους
1746 1553 1832 1605 ἐπ’

2002 1545 2091 1601 89.
2133 1544 2197 1600 Ει
2244 1547 2599 1616 supplantasti
2648 1562 2837 1604 omnes
2891 1549 3230 1619 insurgentes
3282 1551 3337 1603 in
3386 1564 3491 1617 me,

268 1637 366 1708 ἐμὲ
397 1637 651 1693 ὑποκάτω
686 1657 808 1711 μου.

708 1657 808 1694 ιου.
1934 1638 2127 1694 subtus
2155 1652 2261 1692 me.

331 1731 420 1786 90.
462 1731 571 1784 Kal.
596 1732 720 1796 τοὺς
749 1731 973 1805 ἐχθρούς
1001 1750 1101 1805 μου
1136 1733 1339 1797 ἔδωκάς
1372 1750 1462 1805 μοι
1492 1733 1658 1790 νῶτον
1676 1750 1692 1766 ⁸

2005 1729 2092 1784 90.
2134 1728 2199 1784 Ει
2233 1729 2486 1787 inimicos
2515 1745 2664 1785 meos
2693 1731 2888 1788 dedisti
2924 1734 3055 1787 mihi
3091 1734 3353 1789 dorsum:

334 1819 423 1875 91.
464 1822 572 1874 Καὶ
598 1824 724 1887 τοὺς
752 1823 1042 1894 μισοῦντάς
1079 1842 1146 1897 με
1174 1823 1592 1896 ἐξωλόθρευσας.
1862 1808 1887 1869 Ῑ

1862 1808 1909 1869 B
2003 1821 2093 1876 91.
2131 1819 2197 1876 Et
2230 1821 2473 1878 odieutes
2504 1837 2591 1877 me
2619 1823 2949 1893 disperdisti.
3338 1844 3342 1847 ·

332 1910 423 1967 92.
477 1913 829 1987 Ἑκέκραξαν,
860 1917 954 1970 καὶ
980 1918 1081 1971 οὐκ
1104 1912 1173 1989 ἦν
1199 1919 1227 1969 ὁ
1256 1915 1442 1980 σώζων
1461 1933 1475 1948 ο

2007 1914 2097 1972 92.
2135 1913 2541 1981 Clamaverunt,
2570 1931 2671 1971 nec
2698 1925 2812 1971 erat
2843 1918 2936 1986 qui
2971 1918 3149 1973 salvos
3181 1918 3412 1989 faceret;

332 2004 421 2061 93.
464 2006 609 2077 Πρὸς
634 2006 855 2079 Κύριον,
891 2009 987 2062 καὶ
1017 2009 1117 2062 οὐκ
1144 2010 1461 2081 εἰσήκουσεν
1492 2007 1689 2062 αὐτῶν.

2004 2007 2093 2062 95.
2130 2006 2213 2061 Ad
2251 2006 2578 2075 Dominum;
2610 2024 2707 2063 nec
2734 2009 3009 2065 exaudivit
3036 2026 3128 2066 eos
3354 1986 3362 2001 ³

331 2094 421 2151 94.
463 2097 573 2149 Kal.
619 2098 861 2152 λεπτυνῶ
893 2100 1087 2164 αὐτοὺς
1128 2099 1257 2156 ὡσεὶ
1290 2098 1449 2171 χνοῦν
1490 2098 1632 2153 κατά
1666 2099 1833 2170 πρόσ-

2006 2097 2096 2153 94.
2135 2097 2202 2155 Ει
2233 2100 2597 2155 comminuam
2629 2115 2725 2156 eos
2756 2110 2816 2156 ut
2840 2103 3116 2171 pulverem
3152 2114 3276 2159 ante
3303 2103 3495 2161 faciem

264 2205 408 2244 ωπον
432 2190 633 2261 ἀνέμου
651 2209 667 2224 ο

566 2208 633 2244 λου
651 2209 667 2224 ο
1937 2191 2078 2246 venti
2106 2210 2119 2247 :

333 2282 420 2338 95.
476 2285 561 2349 Ὧς
585 2284 752 2357 πηλὸν
776 2286 1043 2341 πλατειῶν
1070 2285 1242 2339 λεανῶ
1266 2286 1480 2350 αὐτούς.

2008 2283 2097 2339 95.
2140 2282 2214 2340 Ut
2243 2283 2418 2353 lutum
2446 2285 2746 2355 platearum
2776 2285 2966 2342 delebo
2999 2302 3114 2343 eos.

331 2376 421 2432 96.
474 2376 660 2431 Ῥῦσαί
694 2396 761 2450 με
790 2379 897 2433 ἀπὸ
924 2378 1242 2448 ἀντιλογιῶν
1274 2377 1405 2431 λαοῦ
1431 2396 1445 2410 ·

2010 2376 2099 2431 96.
2138 2376 2299 2447 Eripe
2327 2394 2413 2433 me
2439 2378 2506 2432 de
2536 2378 3057 2436 contradictionibus
3087 2380 3308 2450 populi:

330 2469 420 2525 97.
459 2470 834 2541 Καταστήσεις
867 2489 935 2542 με
968 2473 1047 2535 εἰς
1076 2470 1315 2541 κεφαλὴν
1338 2468 1525 2524 ἐθνῶν.

2005 2468 2095 2523 97.
2135 2468 2445 2526 Constitues
2475 2484 2561 2524 me
2590 2471 2644 2524 in
2678 2482 2839 2541 caput
2866 2472 3131 2543 gentium.

332 2561 420 2617 98.
461 2561 623 2626 Λαὸς,
649 2561 707 2615 ὃν
733 2563 832 2615 οὐκ
863 2562 1053 2631 ἔγνων,
1092 2560 1372 2615 ἐδούλευσέ
1406 2577 1514 2631 μοι.

2004 2560 2092 2615 98.
2138 2560 2378 2631 Populus
2412 2576 2574 2632 quem
2607 2577 2715 2616 non
2750 2563 2998 2633 cognovi,
3026 2564 3247 2619 servivit
3279 2564 3426 2618 mihi.

1373 2714 1743 2771 ATHANASII
1778 2714 2352 2773 INTERPRETATIO.

335 2873 422 2929 78.
439 2874 684 2939 Ἕδωκάς
723 2892 812 2946 μοι
854 2874 962 2947 γὰρ
1004 2876 1418 2949 ὑπερασπισμὸν
1463 2876 1553 2931 τὸν
1599 2876 1829 2949 σταυρόν

2005 2876 2091 2933 78.
2125 2876 2260 2932 Nam
2292 2877 2485 2937 dedisti
2515 2879 2648 2935 mihi
2681 2896 2897 2939 crucem
2949 2891 3099 2941 tuam
3128 2885 3182 2940 iu
3210 2888 3490 2956 protectio-

263 2982 358 3020 σου
367 3009 380 3021 .

1934 2986 2079 3027 nem.

337 3058 423 3115 79.
448 3059 506 3113 '0
540 3060 666 3124 Υίὸς
693 3076 785 3112 σου
819 3058 1140 3113 ἀντελάϐετό
1177 3076 1302 3129 μου.

2007 3066 2092 3122 79.
2129 3066 2301 3123 Filius
2333 3075 2459 3123 tuus
2495 3069 2733 3140 suscepit
2760 3084 2865 3124 me.

329 3151 421 3218 80,
452 3152 541 3206 81.
583 3152 655 3205 Τὸ
681 3150 991 3222 πτωχεῦσαί
1028 3166 1108 3211 σε,
1136 3149 1303 3217 λέγει,
1335 3149 1428 3202 καὶ
1460 3148 1710 3227 γενέσθαι
1737 3146 1831 3249 ἀν·-
1857 3196 1882 3255 ί

2005 3154 2095 3224 80,
2121 3156 2208 3212 81.
2264 3157 2561 3228 Pauperem
2588 3159 2776 3228 {inquit
2818 3166 2872 3213 et
2914 3159 3190 3216 hominem
3217 3170 3269 3217 te
3294 3160 3495 3218 factum

261 3239 481 3312 θρωπον
512 3241 801 3313 ἀνώρθωσέ
834 3259 921 3313 με,
963 3242 1054 3294 καὶ
1084 3239 1280 3305 διδάξει
1309 3257 1394 3311 με.
1747 3238 1758 3249 ’

1382 3279 1394 3292 .
1747 3238 1758 3249 ’
1859 3238 1899 3255 ν
1932 3261 2073 3309 esse.
2103 3248 2339 3304 correxit
2370 3264 2473 3315 me,
2512 3259 2566 3303 et
2593 3250 2806 3305 docebit
2830 3264 2935 3307 me.

331 3334 422 3390 82.
450 3334 781 3398 Ἐπλάτυνας
822 3334 918 3405 τὴν
950 3332 1176 3405 καρδίαν
1212 3350 1335 3405 μου,
1365 3331 1457 3386 τοῦ
1502 3331 1829 3404 πορεύεσθαί

2001 3338 2090 3395 82.
2126 3338 2369 3396 Dilatasti
2418 3356 2513 3396 cor
2562 3357 2763 3409 meum,
2801 3351 2862 3398 ut
2893 3346 3236 3412 procederem
3287 3346 3343 3401 in
3395 3345 3497 3403 viis

264 3444 332 3498 με
363 3428 423 3480 ἐν
460 3430 577 3490 ταῖς
603 3428 741 3490 ὁδοῖς
769 3443 884 3481 σου.

509 3430 577 3490 ιῖς
603 3428 741 3490 ὁδοῖς
769 3443 884 3481 σου.
1933 3429 2062 3485 tuis.

330 3518 420 3573 83.
460 3520 527 3572 Αἱ
556 3519 880 3591 ἐνθυμήσεις
912 3536 1034 3590 μου.

2002 3521 2090 3577 85.
2127 3520 2494 3594 Cogitationes
2520 3540 2675 3580 meae.

332 3613 422 3670 84.
467 3613 848 3684 Περιγένωμαι
882 3612 989 3666 τῶν
1021 3612 1293 3683 λογισμῶν
1323 3611 1417 3665 τοῦ
1441 3611 1636 3685 ἐχθροῦ
1669 3614 1725 3666 ἐν
1753 3612 1831 3683 τῷ

2001 3616 2092 3671 84.
2126 3616 2494 3673 Consiliorum
2543 3617 2771 3684 inimici,
2801 3631 2988 3672 eorum
3038 3617 3301 3675 malitiam
3348 3627 3497 3675 ante-

261 3705 467 3777 φθάσαι
504 3725 571 3778 με
600 3708 698 3779 τὴν
728 3707 924 3761 κακίαν
952 3706 1151 3761 αὐτῶν.

980 3706 1151 3761 ιύτῶν.
1930 3708 2189 3762 vertendo
2215 3709 2390 3762 victor
2419 3724 2533 3763 ero.

328 3799 421 3855 85.
463 3800 572 3854 Καὶ
596 3801 657 3853 ού
683 3799 960 3870 παύσομαι
986 3799 1092 3863 ἓως
1118 3798 1186 3853 ἂν
1215 3799 1521 3853 ἀνιστῶσιν.

1489 3817 1521 3852 ν.
2002 3798 2092 3853 85.
2122 3796 2233 3853 Nec
2262 3799 2508 3863 cessabo,
2543 3799 2716 3856 donec
2737 3801 3042 3872 insurgunt.

329 3891 421 3946 86.
459 3891 644 3959 Διώξω
673 3892 889 3957 αὐτοὺς,
915 3893 1009 3946 καὶ
1034 3892 1134 3944 οὐκ
1159 3892 1587 3963 ἀντιστήσονται.

1489 3909 1587 3945 ται.
2001 3887 2089 3942 86.
2121 3886 2420 3957 Persequar
2449 3904 2563 3952 eos,
2594 3904 2695 3944 nec
2725 3891 3042 3945 consistent.

332 3983 421 4038 87.
446 3983 729 4051 Ὑποτάξω
760 3985 954 4048 αὐτοὺς
987 3983 1079 4040 ὑπ’
1109 3983 1229 4054 ἐμέ.

2002 3979 2092 4033 87.
2127 3978 2241 4033 Sub
2268 3994 2352 4033 me
2381 3995 2476 4035 eos
2506 3980 2814 4048 subjiciam.

332 4073 424 4130 88.
464 4076 807 4148 Περιέζωσὰς
853 4093 919 4147 με
962 4075 1061 4147 τὴν
1087 4075 1246 4149 χάριν
1271 4074 1364 4129 τοῦ
1392 4074 1545 4142 ἁγίου
1578 4074 1827 4144 Πνεύμα-

2007 4069 2093 4125 88.
2124 4070 2466 4125 Prazcinxisti
2501 4086 2589 4125 me
2617 4072 2793 4142 gratia
2831 4072 3005 4128 sancti
3033 4072 3268 4144 Spiritus
3297 4072 3398 4139 tui,
3435 4080 3495 4127 ut

259 4167 355 4232 τός
402 4185 496 4221 σου
540 4170 599 4221 ἐν
640 4169 775 4239 αὐτῇ
827 4166 1163 4232 ὁπλίζεσθαι,
1202 4168 1294 4221 καὶ
1330 4166 1681 4222 ἀνθίστασθαι
1711 4169 1812 4228 ταῖς

1625 4184 1681 4222 αι
1711 4169 1833 4231 ταῖς
1931 4162 2049 4232 ipsa
2084 4172 2329 4218 armatus
2363 4162 2566 4218 diaboli
2597 4163 2812 4220 insidiis
2842 4165 3175 4221 resisterem.

265 4259 570 4331 μεθοδείαις
600 4258 693 4312 τοῦ
724 4258 991 4312 διαϐόλου.

334 4351 690 4415 89.*Έδωκάς
741 4368 829 4421 μοι
877 4350 1121 4415 ἐξουσίαν
1165 4354 1356 4407 πατεῖν
1415 4351 1598 4405 ἐπάνω
1658 4351 1831 4420 ὄφεων

2000 4345 2086 4402 89.
2137 4344 2464 4401 Potestatem
2516 4344 2650 4399 mihi
2699 4344 2893 4400 dedisti
2919 4344 3298 4401 deambulandi
3332 4361 3494 4417 super

259 4444 357 4498 καὶ
389 4444 684 4515 σκορπίων,
710 4444 806 4496 καὶ
832 4443 926 4497 ἐπὶ
954 4446 1133 4497 πᾶσαν
1162 4443 1389 4515 δύναμιν
1414 4444 1507 4497 τοῦ
1541 4443 1756 4516 ἐχθροῦ.

1940 4442 2211 4504 serpentes
2256 4442 2312 4489 et
2345 4435 2661 4501 scorpiones
2712 4443 2766 4490 et
2815 4450 2976 4505 super
3001 4450 3218 4492 omnem
3251 4447 3493 4507 potesta.

343 4524 353 4533 ’
1859 4545 1896 4599 n

1859 4545 1903 4599 ι)
1932 4534 2043 4581 lem
2066 4525 2289 4580 inimici.

331 4621 424 4678 90.
440 4621 686 4686 'Eﬁwxc'tg
712 4641 799 4695 μοι
826 4623 1021 4688 αὐτοὺς
1054 4621 1412 4694 ὑποχειρίους.
1488 4677 1502 4693 ,

1169 4621 1412 4694 χειρίους.
1488 4677 1502 4693 ,
2003 4613 2092 4669 90.
2128 4613 2236 4670 Eos
2267 4614 2397 4670 mibi
2423 4615 2722 4687 subiecisti.

332 4714 423 4770 9|.
464 4715 603 4777 Τοὺς
631 4713 922 4785 δαίμονας.

874 4732 922 4779 ς.
2003 4707 2091 4761 91.
2127 4706 2427 4762 Daemones.

332 4805 424 4871 9‘2,
451 4808 542 4862 95.
583 4806 738 4860 Κατά
779 4806 840 4859 τὸ
882 4806 1260 4879 γεγραμμένον
1289 4806 1347 4858 ἐν
1379 4805 1695 4876 Εύαγγελίῳ
1716 4823 1729 4835 ·
1773 4806 1835 4883 Τί

2003 4796 2092 4864 92,
2126 4798 2215 4853 95.
2255 4797 2724 4864 Quemadmodum
2773 4798 2827 4852 in
2886 4798 3178 4870 Evangelio
3233 4801 3490 4870 scriptum

257 4897 411 4967 ἡμῖν
435 4897 533 4951 καὶ
552 4897 671 4961 σοὶ,
714 4897 928 4966 Ἰησοῦ,
969 4897 1061 4952 Υἱέ
1088 4898 1192 4953 τοῦ
1222 4897 1367 4952 Θεοῦ
1395 4896 1501 4950 τοῦ
1530 4899 1795 4966 ὑψίστου

1939 4897 2017 4943 est
2051 4909 2063 4943 :
2096 4887 2234 4953 Quid
2260 4888 2428 4953 nobis,
2453 4898 2501 4943 et
2530 4888 2645 4954 tibi,
2670 4886 2799 4942 Jesu
2840 4886 2950 4942 Fili
2981 4887 3078 4943 Dei
3098 4888 3384 4945 altissimi?
3410 4907 3492 4944 ve-

255 4984 445 5059 ἦλθες
469 4989 582 5060 πρὸ
611 4990 816 5058 καιροῦ
846 4989 1177 5045 ἀπολέσθαι
1205 4988 1379 5057 ἡμᾶς.

1330 5009 1379 5054 ς,
1935 4980 2063 5034 nisti
2088 4991 2207 5033 ante
2237 4989 2435 5050 tempus
2465 4979 2676 5050 Perdere
2705 4996 2796 5033 nos
2816 4981 2881 5035 ”.

334 5081 429 5137 94.
450 5082 642 5135 Ἠνίκα
674 5083 971 5153 ἐμφυσήσω
996 5082 1174 5144 αὐτοῖς
1207 5081 1426 5149 ἀφανεῖς
1453 5080 1791 5150 γενήσονται.

1763 5099 1791 5133 ι,
2001 5071 2090 5125 94.
2124 5070 2261 5124 Cum
2292 5078 2479 5126 contra
2515 5087 2610 5127 eos
2650 5071 2934 5126 insuﬂlaho
2962 5072 3316 5142 disperibunt.

330 5152 423 5229 95.
448 5152 741 5245 Ἐξαλείψω
769 5174 961 5237 αὐτοὺς
994 5173 1057 5226 ἐκ
1088 5173 1184 5243 τῆς
1211 5171 1434 5240 καρδίας
1470 5188 1591 5243 μου.

1379 5189 1434 5235 ις
1470 5188 1591 5243 μου.
2001 5159 2090 5214 95.
2127 5159 2203 5214 Ex
2234 5162 2396 5215 corde
2418 5175 2539 5215 meo
2564 5161 2791 5216 abolebo
2816 5177 2932 5216 eos.

329 5265 425 5321 96.
450 5265 637 5320 Ῥῦσαί
673 5283 739 5337 με
782 5267 846 5321 ἐκ
875 5263 984 5318 τῶν
1014 5262 1576 5335 ἀντιστρατευομένων
1621 5262 1679 5315 ἐν
1720 5262 1832 5325 τοῖς

1998 5249 2084 5304 96.
2124 5250 2287 5321 Eripe
2333 5267 2421 5307 me
2465 5268 2532 5307 ex
2573 5253 2961 5324 voluptatibus,
2988 5268 3109 5324 qua:
3142 5253 3194 5307 in
3230 5253 3489 5309 membris

258 5358 486 5429 μέλεσίν
515 5373 614 5428 μου
646 5357 863 5429 ἡδονῶν.

1931 5342 2066 5396 meis
2097 5343 2329 5398 militant
2357 5353 2545 5399 contra
2577 5360 2683 5401 me.

328 5448 422 5503 97.
463 5448 888 5520 Κατακυριεύειν
918 5465 984 5519 με
1011 5446 1119 5500 τῶν
1142 5445 1369 5501 ἐθνικῶν
1395 5444 1665 5517 πράξεων.

2003 5430 2090 5488 97.
2121 5432 2202 5489 Ad
2228 5433 2616 5490 dominandum
2646 5435 2952 5490 actionibus
2978 5433 3311 5504 gentilitatis.

328 5539 424 5603 98,
449 5539 536 5595 99.
576 5540 710 5611 Περὶ
736 5538 830 5593 τοῦ
853 5537 1202 5611 κηρύγματος
1228 5534 1333 5590 τῶν
1356 5533 1522 5589 ἐθνῶν
1542 5534 1707 5603 λέγει,
1731 5540 1826 5587 καὶ

2002 5528 2090 5594 98,
2116 5528 2205 5583 99.
2237 5528 2310 5584 De
2338 5531 2738 5600 praedicatione,
2772 5545 2893 5599 quae
2918 5529 3166 5600 gentibus
3220 5528 3361 5587 facta
3407 5541 3488 5587 est

250 5628 363 5697 τῆς
395 5629 636 5697 ὑπακοῆς
664 5628 860 5682 αὐτῶν.

1936 5615 2196 5688 loquitur,
2234 5628 2287 5674 et
2313 5619 2379 5676 de
2403 5634 2586 5676 earum
2614 5618 2942 5675 obedientia.

324 5740 385 5775 ¹⁶
424 5739 607 5797 Matth.
632 5756 747 5808 vin,
779 5740 867 5798 29.
