3934 6218
410 353 509 411 ’111
1241 358 1297 413 S.
1338 356 1700 413 ATIIANASII
1737 356 1888 415 OPP.
1928 356 2110 413 PARS
2146 356 2233 427 Ill.
2275 388 2343 399 —
2382 356 2790 415 EXEGETICA.
3510 357 3616 417 712

475 469 564 527 99.
601 468 661 524 In
694 473 879 527 auditu
907 474 1054 528 auris
1088 473 1327 529 obedivit
1352 474 1506 528 mihi.
1984 493 2028 544 Α

1984 493 2033 544 Α
2131 474 2217 529 99.
2258 476 2353 538 Είς
2378 476 2544 545 ἀκοὴν
2572 474 2731 527 ὠτίου
2767 474 3040 546 ὑπήκουσέ
3074 491 3196 547 μου.

479 560 601 616 100.
640 560 758 616 Filii
794 564 1187 619 alieni-mentiti
1220 573 1345 619 sunt
1375 565 1511 619 mihi
1542 581 1558 619 :

2131 550 2252 619 100.
2295 566 2413 618 Υἱοὶ
2441 565 2703 637 ἀλλότριοι
2737 566 3028 633 ἐψεύσαντο
3061 584 3179 637 μοι·

479 652 600 707 101.
642 653 759 709 Filii
788 657 947 709 alieni
972 657 1249 710 inveterati
1285 664 1413 711 sunt
1441 675 1453 709 :

2129 655 2249 710 101.
2292 656 2409 709 Υἱοὶ
2437 656 2700 726 ἀλλότριοι
2732 657 3164 729 ἐπαλαιώθησαν,

480 746 601 800 102.
640 745 705 799 Ει
731 749 1168 803 clamlicaverunt
1190 765 1220 803 a
1246 748 1453 803 semitis
1480 747 1613 803 suis.

2131 746 2250 826 102.
2291 748 2397 800 Καὶ
2428 747 2700 818 ἐχὼλαναν
2723 749 2829 801 ἀπὸ
2860 749 2963 802 τῶν
2993 750 3195 822 τρίϐων
3226 751 3422 805 αὐτῶν.

482 839 601 893 105.
645 838 786 894 Vivit
816 841 1090 905 Dominus,
1121 850 1175 895 et
1205 841 1515 895 benedictus
1542 839 1683 895 Deus
1708 855 1902 895 meus:

1888 857 1902 894 :
2130 835 2252 888 105.
2292 838 2365 906 Ζῇ
2392 835 2614 908 Κύριος,
2645 837 2738 890 καὶ
2764 837 3049 909 εὐλογητὸς
3080 841 3108 892 6
3134 838 3265 901 Θεός
3294 857 3391 910 μου
3411 856 3424 870 ·

484 930 605 986 101.
646 934 711 985 Ει
738 933 1005 986 exaltetur
1036 932 1174 988 Deus
1209 934 1400 988 salutis
1431 948 1581 986 meae.

2131 928 2251 982 104.
2294 928 2403 982 Καὶ
2431 928 2695 1000 ὑψωθήτω
2722 930 2750 982 6
2781 929 2910 993 Θεὸς
2936 930 3034 1000 τῆς
3068 932 3338 1003 σωτηρίας
3357 950 3497 1004 μου,

480 1024 599 1078 105.
644 1023 801 1086 Deus,
834 1026 925 1093 qui
956 1027 1051 1079 das
1081 1027 1343 1080 vindictas
1375 1025 1503 1078 mihi
1530 1040 1544 1077 :

2131 1019 2252 1073 105.
2303 1021 2361 1073 Ὁ
2385 1020 2514 1085 Θεὸς
2545 1023 2573 1074 6
2600 1020 2770 1084 διδοὺς
2798 1022 3102 1092 ἐκδικήσεις
3127 1022 3270 1093 ἐμοὶ,
3393 1023 3396 1027 ’

478 1112 599 1167 106.
644 1112 708 1166 Et
741 1115 927 1169 sulrdis
953 1116 1173 1184 populos
1202 1118 1303 1171 sub
1331 1132 1416 1170 me
1442 1134 1456 1170 :

2131 1109 2251 1163 106.
2292 1111 2401 1164 Καὶ
2429 1109 2694 1174 ὑποτάξας
2722 1110 2881 1173 λαοὺς
2915 1112 3003 1163 ὑπ’
3028 1111 3146 1181 ἐμὲ,

481 1205 600 1259 107.
643 1204 920 1259 Libet-ator
949 1222 1100 1262 meus
1129 1209 1194 1260 de
1230 1207 1464 1261 inimicis
1494 1209 1628 1262 meis
1655 1203 1958 1260 iracundis:

1923 1217 1958 1252 ‘.:
2136 1201 2254 1255 107.
2306 1202 2361 1254 Ὀ
2398 1201 2598 1273 ρύστης
2636 1219 2734 1273 μου
2762 1201 2821 1266 ἐξ
2851 1202 3057 1274 ἐχθρῶν
3094 1222 3194 1274 μου
3228 1205 3476 1275 ὀργίλων.

483 1298 602 1351 108.
646 1299 705 1353 Et
733 1300 800 1353 ab
837 1299 1238 1369 insurgentibus
1269 1298 1321 1352 in
1356 1315 1459 1365 me,
1490 1297 1755 1353 exaltabis
1785 1310 1911 1351 me:

2132 1293 2253 1347 108.
2307 1294 2435 1347 Ἀπὸ
2455 1295 2560 1348 τῶν
2584 1295 3021 1351 ἐπανισταμένων
3041 1295 3124 1347 ἐπ’
3140 1296 3237 1367 ἐμὲ
3261 1296 3494 1366 ὑψώσεις
3519 1315 3610 1371 με’

483 1389 601 1445 109.
642 1389 686 1442 Α
716 1390 830 1443 viro
858 1391 1044 1460 iniquo
1077 1392 1275 1460 eripies
1306 1406 1406 1444 me.

2134 1382 2254 1439 109.
2308 1383 2437 1437 Ἀπὸ
2465 1384 2656 1455 ἀνδρὸς
2681 1383 2858 1436 ἀδίκου
2892 1383 3049 1455 ῥῦσαί
3076 1403 3162 1456 με.

485 1480 604 1535 110.
644 1480 933 1550 Propterea
963 1483 1260 1536 conlitebor
1293 1481 1388 1536 tibi
1421 1481 1476 1534 in
1505 1479 1838 1544 nationibus,
1864 1474 1966 1532 Do-

2134 1475 2253 1529 110.
2294 1474 2393 1527 Διά
2422 1473 2579 1526 τοῦτο
2608 1473 3063 1545 ἐξομολογησομαί
3092 1492 3171 1528 σοι
3198 1478 3255 1529 ἐν
3286 1475 3483 1542 ἔθνεσι,
3509 1476 3615 1532 Κύ-

413 1586 590 1638 mtne;
2071 1584 2172 1638 ριε,

485 1662 604 1716 111.
647 1660 711 1714 Et
741 1663 943 1716 nomini
978 1671 1069 1716 tuo
1103 1663 1369 1732 psalmum
1396 1664 1596 1717 dicam.

1527 1679 1596 1717 m.
2134 1660 2254 1713 111.
2296 1660 2404 1712 Καὶ
2429 1658 2505 1729 τῷ
2537 1659 2757 1730 ὀνόματί
2788 1677 2880 1712 σου
2912 1659 3080 1729 ψαλῶ.

478 1753 599 1807 112.
633 1752 979 1821 Magnificans
1009 1756 1213 1810 salutes
1251 1756 1391 1824 regis
1418 1756 1538 1824 ejus
1573 1774 1586 1810 :
2000 1820 2027 1824 A

2135 1751 2256 1804 112.
2295 1749 2622 1817 Μεγαλύνων
2641 1749 2736 1812 τὰς
2762 1749 3028 1819 σωτηρίας
3048 1749 3138 1802 τοῦ
3159 1749 3418 1820 βασιλέως
3435 1750 3613 1808 αὐτοῦ,

480 1848 600 1902 115.
634 1845 698 1901 Et
723 1820 927 1903 iaciens
960 1820 1386 1902 misericordiam
1416 1820 1621 1902 cbristo
1649 1862 1750 1903 suo
1771 1846 1960 1915 David,
1998 1820 2033 1876 Β

2138 1841 2260 1895 115.
2301 1841 2408 1893 Καὶ
2437 1840 2602 1893 ποιῶν
2631 1839 2775 1903 ἕλεος
2804 1840 2881 1911 τῷ
2913 1839 3115 1910 χριστῷ
3144 1840 3303 1893 αὑτοῦ
3333 1839 3410 1911 τῷ
3439 1840 3614 1905 Δασὶδ,

485 1938 606 1993 114.
640 1938 702 1993 Et
731 1939 925 1994 semini
952 1939 1069 2007 ejus
1100 1954 1273 2008 usque
1303 1939 1355 1992 in
1384 1938 1663 1993 sacculum.

2138 1932 2258 1987 114.
2298 1932 2407 1985 Καὶ
2430 1932 2506 2002 τῷ
2536 1932 2805 2002 σπέρματι
2838 1930 2998 1984 αὑτοῦ
3029 1931 3131 1994 ἓως
3155 1931 3363 1994 αἰῶνος.

792 2048 860 2103 In
888 2051 1041 2119 ﬁnem
1093 2048 1325 2119 psalmus
1382 2049 1574 2104 David.

2380 2051 2482 2115 Είς
2498 2048 2563 2101 τὸ
2584 2048 2753 2113 τέλος
2773 2049 3008 2116 ψωλμύς
3031 2044 3111 2111 τῷ
3132 2045 3304 2099 Δαϐίδ

928 2140 1187 2196 PSALM.
1242 2138 1453 2197 XVIII

2661 2141 2888 2194 ΨΑΛΜ.
2915 2141 3029 2191 IH'.

489 2232 538 2287 1.
572 2232 705 2287 Οωιί
730 2241 985 2287 enarrant
1026 2226 1252 2303 gloriam
1299 2231 1394 2286 Dei
1424 2250 1437 2285 :

2141 2229 2192 2285 1.
2233 2230 2295 2281 Οί
2332 2228 2549 2298 οὐρανοὶ
2577 2227 2881 2298 διηγοῦνται
2912 2227 3064 2293 δόξαν
3088 2225 3239 2279 Θεοῦ·

483 2323 539 2380 2.
586 2322 651 2378 Et
678 2338 838 2393 opera
882 2339 1143 2378 manuum
1179 2322 1297 2392 ejus
1340 2322 1624 2378 annuntiat
1660 2324 1971 2377 ﬁrmamen-

2133 2319 2187 2375 2.
2230 2319 2451 2386 Ποίησιν
2491 2319 2548 2371 δὲ
2590 2319 2786 2392 χειρῶν
2832 2319 2992 2372 αὑτοῦ
3042 2310 3356 2387 ἀναγγέλλει
3395 2316 3457 2370 τὸ
3507 2332 3620 2370 στε-

415 2421 552 2468 tum.

2069 2410 2277 2481 ρέωμα.

488 2507 539 2561 5.
573 2505 696 2561 Dies
719 2505 823 2560 diei
863 2513 1075 2560 eructat
1106 2505 1333 2560 verbum
1362 2523 1376 2559 ι

2132 2506 2185 2560 5.
2240 2505 2449 2576 Ἡμέρα
2471 2508 2537 2577 τῇ
2568 2504 2746 2577 ἡμέρᾳ
2774 2505 3055 2575 ἐρεύγεται
3089 2506 3237 2576 ῥῆμα
3256 2521 3268 2534 ⁸

487 2596 542 2651 4.
586 2596 651 2650 Ει
681 2612 787 2651 nox
827 2597 969 2651 nocti
1004 2596 1207 2650 indicat
1232 2596 1539 2650 scientiam.

2134 2595 2187 2650 4.
2228 2595 2340 2649 Καὶ
2368 2595 2463 2660 νὺξ
2486 2599 2638 2650 νυκτὶ
2669 2596 2986 2664 ἀναγγέλλει
3020 2595 3235 2665 γνῶσιν.

487 2689 542 2745 5.
577 2687 694 2743 Νοη
735 2696 863 2742 sunt
911 2689 1135 2758 loquelae
1181 2703 1355 2758 neque
1382 2703 1677 2755 sermones,
1714 2702 1953 2755 quorum

2144 2686 2199 2741 5.
2239 2687 2351 2740 Οὐκ
2376 2687 2480 2740 εἰσὶ
2511 2688 2688 2743 λαλιαὶ
2709 2689 2827 2743 οὐδὲ
2848 2689 3011 2758 λόγοι,
3036 2682 3241 2758 ὧνρύχὶ
3260 2687 3542 2742 ἀκούονται
3566 2688 3622 2742 σε

419 2797 526 2838 non
551 2783 835 2838 audiantur
862 2797 1020 2836 voces
1049 2796 1237 2836 eorum
1261 2799 1275 2835 :

932 2797 1020 2836 ces
1049 2796 1237 2836 eorum
1261 2799 1275 2835 :
2076 2778 2249 2848 φωναὶ
2280 2778 2456 2833 αὐτῶν
2471 2796 2484 2810 ·

1533 2930 1902 2988 ATHANASII
1938 2932 2511 2991 INTERPBETATIO.

493 3092 617 3161 100,
645 3092 764 3150 101.
794 3090 963 3147 Judaei
985 3092 1323 3147 desciverunt
1349 3106 1381 3145 a
1403 3090 1536 3154 Deo,
1563 3099 1616 3144 et
1637 3088 1797 3145 deleti
1820 3098 1967 3145 sunt.

2148 3090 2418 3155 100,101.
2460 3091 2520 3144 Οἱ
2560 3091 2795 3143 Ἰουδαῖοι
2844 3090 3154 3163 ἀπέστησαν
3199 3089 3304 3144 ἀπὸ
3346 3108 3440 3146 του
3470 3091 3621 3162 Θεοῦ,

2078 3182 2283 3243 atat-sl;
2310 3181 2608 3252 ἀφανισμὸν
2630 3181 2903 3250 γεγόνασι.

492 3271 613 3327 102.
647 3270 1021 3325 Claudicantes
1046 3283 1076 3321 a
1105 3267 1303 3322 divinis
1331 3267 1632 3337 praeceptis.

2151 3272 2271 3325 102.
2313 3272 2658 3336 Χωλάναντες
2681 3273 2786 3326 ἀπὸ
2810 3273 2917 3326 τῶν
2945 3273 3169 3328 ἐντολῶν
3195 3274 3286 3328 τοῦ
3317 3275 3473 3333 Θεοῦ.

495 3362 616 3417 105.
649 3360 763 3414 Etsi
796 3367 1010 3428 propter
1054 3372 1154 3411 nos
1198 3364 1444 3410 mortuus
1481 3365 1584 3420 est,
1612 3355 1742 3410 vivit
1769 3365 1970 3423 tamen,
2001 3393 2044 3451 ο

2149 3362 2268 3417 105.
2310 3363 2370 3415 EE
2401 3365 2490 3416 καὶ
2514 3363 2745 3416 ἀπέθανε
2778 3363 2845 3417 δι’
2876 3366 3038 3434 ἡμᾶς,
3072 3364 3204 3419 ἀλλὰ
3233 3366 3322 3439 ζῇ,
3354 3368 3448 3422 καὶ
3476 3368 3623 3423 εὐλο-

422 3461 478 3510 et
508 3453 819 3506 benedictus
846 3460 928 3504 est
956 3450 1008 3502 in
1043 3457 1325 3502 aeternum.

1168 3463 1325 3502 ‘num.
2075 3453 2238 3524 γητός
2273 3455 2384 3506 ἐστι
2417 3453 2482 3504 δι’
2512 3453 2721 3516 αἰῶνος.

493 3544 613 3598 101.
651 3542 716 3595 Et
733 3550 1042 3596 assumatur
1070 3541 1122 3593 in
1148 3539 1343 3595 emtum
1369 3537 1531 3603 Deus,
1555 3540 1647 3608 qui
1673 3538 1845 3593 salvat
1866 3554 1972 3593 me.

1843 3554 1972 3593 .me.
2144 3546 2262 3599 104.
2302 3544 2410 3597 Καὶ
2441 3543 2798 3615 ἀναληφθήτω
2822 3546 2850 3598 6
2881 3545 3010 3609 Θεὸς
3038 3545 3066 3597 6
3093 3544 3276 3610 σώζων
3309 3563 3396 3619 με.

495 3634 614 3689 105.
649 3631 789 3697 Vim,
825 3641 878 3686 et
910 3633 1199 3701 potentiam
1228 3630 1469 3701 praebens
1492 3630 1623 3685 mihi
1655 3639 1845 3685 contra
1877 3631 1974 3684 ad-

2143 3637 2265 3691 105.
2306 3637 2541 3707 Δύναμιν
2585 3638 2677 3691 καὶ
2719 3637 2961 3702 ἐξουσίαν
3003 3638 3176 3701 διδούς
3223 3657 3311 3708 μοι
3347 3644 3487 3695 κατὰ
3519 3640 3619 3695 τῶν

423 3727 693 3783 versarias
720 3733 1027 3794 potestates.

2075 3730 2328 3783 ἐναντίων
2359 3730 2656 3800 δυνάμεων.

499 3818 619 3872 100.
660 3817 1011 3872 Adversarias
1041 3822 1354 3885 pote5tates.

2147 3824 2265 3877 106.
2307 3823 2416 3886 Τάς
2441 3822 2682 3885 ἐναντίας
2709 3823 2981 3893 δυνάμεις.

495 3908 616 3963 107.
659 3906 732 3961 De
762 3907 892 3977 ipsis
921 3906 1217 3976 spiritibus.

2144 3915 2267 3968 107.
2307 3914 2424 3966 Τῶν
2458 3912 2632 3966 αὐτῶν
2660 3914 2997 3983 πνευμάτων.

494 4000 616 4054 108.
655 3999 697 4051 Α
725 3998 1165 4069 cogitationibus,
1197 3997 1390 4067 inquit.

2146 4007 2266 4060 108.
2308 4005 2427 4058 Τῶν
2460 4004 2753 4075 λογισμῶν,
2787 4004 2950 4073 λέγει.

495 4092 618 4146 109.
658 4091 702 4144 Α
733 4082 957 4145 SatanzT.
2145 4095 2265 4150 109.
2306 4095 2409 4146 Τοῦ
2440 4096 2666 4148 Σατανᾶ.

498 4181 619 4243 110,
650 4180 767 4233 111.
801 4179 1136 4233 Gloriﬁcabo
1169 4186 1241 4232 te.

1230 4217 1241 4230 -
2146 4185 2266 4247 110,
2296 4184 2671 4247 111..Δοξάσω
2705 4201 2783 4237 σε.

500 4272 620 4325 112.
675 4272 946 4325 Enarrans
979 4270 1367 4339 promissiones
1414 4268 1620 4338 populi.

2150 4276 2266 4329 112.
2307 4274 2663 4346 Διηγούμενος
2698 4277 2793 4339 τὰς
2823 4276 3148 4344 ἐπαγγελίας
3172 4275 3265 4329 τοῦ
3297 4276 3451 4330 λαοῦ.

500 4364 623 4425 115,
678 4362 797 4415 tu.
853 4361 1077 4431 Po’pulo,
1110 4362 1303 4432 inquit,
1355 4362 1552 4430 popqu
1604 4360 1910 4415 desiderato
1944 4377 1975 4416 a

2146 4366 2268 4424 115,
2302 4365 2421 4418 114.
2463 4364 2551 4434 Τῷ
2566 4363 2696 4434 λαῷ,
2718 4364 2895 4432 λέγει’
2926 4364 3002 4434 τῷ
3022 4363 3133 4434 λαῷ
3160 4363 3237 4434 τῷ
3267 4362 3626 4436 πεποθημενφ

430 4454 677 4518 Domino,
703 4462 755 4507 et
787 4453 903 4522 ejus
940 4453 1362 4521 operationibus,
1397 4451 1557 4505 David
1592 4451 1735 4505 enim
1769 4451 1977 4504 deside-

2076 4456 2179 4508 ὑπὸ
2211 4456 2432 4526 Κυρίου,
2459 4458 2550 4508 καὶ
2575 4459 2684 4518 τοῖς
2712 4455 2889 4527 ἔργοις
2917 4456 3099 4510 αὐτοῦ.
3131 4456 3289 4509 Δαὸὶδ
3317 4452 3624 4527 γὰρ’πεπο-

429 4554 574 4598 ratus
603 4544 1018 4612 interpretatur:
1064 4557 1248 4597 semen
1292 4551 1469 4597 autem
1501 4541 1619 4610 ejus
1646 4551 1771 4595 sunt
1812 4556 1974 4611 opera

2075 4546 2324 4615 θημένος
2355 4545 2707 4617 ἑρμηνεύεται
2724 4564 2736 4576 ·
2767 4548 2982 4620 σπέρμα
3014 4549 3069 4600 δέ
3095 4548 3257 4601 αὐτοῦ
3283 4548 3349 4602 τὰ
3376 4549 3512 4619 ἔργα
3537 4549 3626 4602 αὑ-

426 4635 545 4704 ejus
573 4633 739 4703 justa.
1269 4641 1273 4644 ’

2075 4633 2167 4686 τοῦ
2198 4634 2265 4687 τὰ
2287 4633 2465 4687 δίκαια
2491 4635 2739 4707 ὑπάρχει.
3419 4646 3425 4655 ⁴

510 4751 572 4803 Ἡ
606 4749 933 4820 προκειμένη
958 4747 1226 4818 ἐπιγραφὴ
1258 4746 1401 4818 ἠδιά
1430 4747 1527 4818 τῆς
1555 4745 1921 4817 κινναϐάρεως
1958 4749 2229 4822 περιέχει⁸
2263 4752 2367 4815 Εἰς
2403 4751 2469 4802 τὸ
2503 4749 2675 4818 τέλος
2710 4750 2788 4815 τῷ
2813 4751 3005 4809 Δαϐίδ.
3037 4753 3169 4824 Περὶ
3200 4754 3298 4823 τῆς
3328 4752 3624 4825 παρουσίας

427 4835 520 4894 οὖν
545 4840 635 4891 τοῦ
664 4839 859 4909 Κυρίου
891 4839 1035 4905 λέγει
1063 4839 1151 4890 τὸν
1175 4837 1384 4908 ψαλμὸν
1408 4838 1436 4889 6
1463 4836 1643 4899 Δαϐὶδ,
1676 4837 1767 4889 κα)⁵
1789 4839 1886 4907 τῆς
1913 4840 2217 4903 συντελείας
2247 4840 2340 4893 τοῦ
2372 4841 2585 4905 αἰῶνος.

496 4933 706 4987 Titulus
738 4932 1014 4985 cinnabari
1063 4932 1350 5000 inscriptus
1381 4931 1620 4985 continet
1652 4949 1664 4985 :
1700 4928 1765 4983 In
1808 4931 1965 4999 ﬁnem
1998 4931 2187 4987 David.
2219 4932 2375 4988 Canit
2404 4935 2565 5004 igitur
2600 4934 2743 4989 hunc
2785 4936 3050 5005 psalmum
3096 4935 3263 4993 David
3292 4938 3360 4995 de
3391 4938 3623 4996 adventu

431 5029 665 5094 Domini,
693 5036 743 5081 et
768 5027 834 5081 de
857 5027 1322 5081 consummatione
1352 5025 1554 5081 saeculi.

503 5121 555 5174 1.
585 5117 826 5187 Apostoli
865 5116 1143 5186 passiones
1185 5115 1324 5183 ejus.
1508 5115 1538 5119 ’⁷
2007 5121 2049 5175 D

2007 5121 2049 5175 ι)
2144 5116 2193 5170 1.
2235 5118 2296 5169 Οἱ
2326 5117 2607 5171 ἀπόστολοι
2632 5119 2698 5172 τά
2723 5120 3019 5190 παθήματα
3046 5122 3229 5179 αὑτοῦ.

497 5210 554 5265 2.
591 5208 910 5262 Sanctorum
956 5206 1354 5260 ﬁrmamentum
1386 5203 1670 5258 annuntiat
1707 5202 1975 5273 justitica-

2146 5208 2198 5261 2.
2242 5207 2315 5262 Τά
2361 5208 2698 5281 δικαιώματα
2731 5213 3043 5283 ἀναγγέλλει
3088 5217 3147 5271 τὸ
3197 5218 3482 5290 στερέωμα
3519 5218 3622 5274 τῶν

429 5302 605 5360 tiones
630 5299 768 5369 ejus.

713 5315 768 5353 ιε.
2077 5301 2266 5369 ἁγίων.

500 5391 555 5447 5.
590 5390 829 5461 Apostoli
862 5386 1075 5443 laudem
1108 5385 1322 5457 populo.

2147 5390 2199 5443 5.
2242 5390 2303 5441 υἱ
2334 5390 2614 5445 ἀπόστολοι
2647 5392 2723 5463 τῷ
2749 5393 2861 5465 λαῷ
2884 5397 2975 5449 τὸν
3008 5394 3170 5452 αἶνον.

502 5484 559 5538 4.
602 5484 881 5555 Propheta:
923 5481 1140 5536 Iudaeis.

2147 5481 2201 5533 4.
2242 5484 2302 5534 Οἱ
2335 5484 2603 5553 προφῆται
2630 5488 2738 5548 τοῖς
2780 5488 3065 5553 Ἰουδαίοις.

502 5575 557 5631 5.
606 5575 723 5631 Non
779 5586 864 5631 est
912 5576 1301 5645 qualiscunque
1352 5569 1600 5641 loquela,
1647 5578 1741 5624 aut
1802 5583 1979 5625 sermo

2155 5570 2206 5624 5.
2248 5573 2359 5624 Οὐκ
2391 5572 2533 5626 ἔστιν
2564 5574 2911 5646 οίαδηποτοῦν
2932 5579 3106 5645 λαλιά,
3130 5579 3162 5651 ἢ
3187 5580 3344 5648 λόγος
3369 5582 3477 5638 τῶν
3497 5584 3615 5636 ἀπο-

435 5666 819 5734 apostolorum,
854 5683 946 5722 seu
985 5666 1389 5736 prophetarum,
1433 5677 1663 5732 quorum
1711 5662 1976 5730 praedica-

2082 5662 2299 5726 στόλων,
2339 5662 2371 5732 ἢ
2412 5663 2517 5717 τῶν
2560 5668 2869 5737 προφητῶν,
2902 5663 2975 5723 ὧν
3020 5670 3144 5742 ἄχρι
3192 5672 3286 5724 τοῦ
3332 5672 3491 5746 δεῦρο
3527 5673 3618 5728 οὐκ

433 5763 609 5813 tiones
631 5771 798 5826 usque
826 5772 969 5812 nunc
1002 5758 1070 5812 ab
1105 5755 1416 5812 hominibus
1441 5769 1554 5809 non
1590 5752 1901 5809 audiuntur.

1863 5768 1901 5807 r.
2079 5754 2359 5809 ἀκούονται
2385 5754 2454 5810 τὰ
2477 5757 2802 5829 κηρύγματα
2829 5761 2931 5815 ὑπὸ
2959 5760 3066 5816 τῶν
3097 5761 3416 5821 ἀνθρώπων.
