3934 6218
271 345 373 406 7:3
1132 347 1220 403 DE
1259 341 1535 404 TlTULlS
1567 332 2016 401 PSALMORUM.
2057 375 2124 382 -
2158 339 2353 397 PSAL.
2397 331 2580 395 xvm.
3395 336 3501 398 m

336 461 390 518 6.
432 461 525 524 Είς
557 462 736 514 πᾶσαν
767 462 864 530 τὴν
890 460 992 530 γῆν
1019 461 1239 530 ἐξῆλθεν
1267 463 1294 514 ό
1315 459 1546 529 φθόγγος
1582 459 1760 512 αὐτῶν
1779 473 1793 487 °
1862 468 1889 521 Α

1779 473 1793 487 ο
1862 468 1906 522 Α
2003 458 2056 512 6.
2115 458 2171 511 ln
2195 471 2411 512 omnem
2440 465 2644 510 terram
2672 453 2843 508 exivit
2877 467 3048 510 sonus
3083 470 3315 511 eorum:

338 552 388 606 7.
431 551 538 604 Καὶ
568 554 647 615 είς
678 551 745 604 τὰ
794 553 1004 624 πέρατα
1048 553 1147 622 τῆς
1177 552 1497 623 οἰκουμένης
1527 552 1594 604 τὰ
1618 552 1836 622 ῥήματα

1709 568 1836 604 tam
2003 550 2053 603 7.
2116 551 2180 604 Et
2212 551 2265 603 in
2297 549 2432 604 ﬁnes
2464 548 2614 605 orbis
2649 559 2807 606 terrae
2850 549 3016 614 verba
3048 564 3262 604 eorum.

270 645 468 698 αὐτῶν.

335 735 388 789 8.
443 737 531 788 Ἐν
557 735 636 805 τῷ
664 735 798 807 ἡλίῳ
823 736 972 789 ἔθετο
1002 736 1064 792 τὸ
1093 737 1355 807 σκήνωμα
1385 736 1548 788 αυτοῦ
1569 748 1583 764 °

2009 722 2064 777 8.
2104 722 2160 776 ln
2189 723 2302 778 sole
2336 725 2522 792 posuit
2560 723 2972 778 tabernaculum
3003 739 3164 777 suum
3199 743 3241 802 ιη

338 831 390 884 9.
433 829 545 881 Καὶ
590 829 749 892 αὐτὸς
796 829 871 892 ὡς
913 831 1141 900 νυμφίος
1177 829 1602 899 ἐκπορευόμενος
1636 828 1698 880 ὲκ
1732 844 1836 879 πα-

2007 813 2060 868 9.
2111 813 2177 868 Et
2214 815 2329 884 ipse
2372 826 2630 884 umquam
2676 829 2912 884 sponsus
2953 815 3253 885 procedens
3284 816 3352 872 de
3380 815 3502 870 tha-

273 920 395 972 στοῦ
422 920 609 981 αὐτου,

1939 907 2084 960 lamo
2125 922 2227 962 suo
2245 947 2259 971 ,

343 1009 427 1065 10.
483 1008 888 1078 Ἀγαλλιάσεται
917 1011 993 1074 ὡς
1020 1009 1180 1080 γίγας
1205 1010 1429 1081 δραμεῖν
1455 1008 1573 1062 όδὸν
1602 1007 1764 1063 αὑτοῦ
1785 1025 1798 1039 ’

2009 1001 2095 1054 10.
2174 999 2479 1056 Exsultat-it
2531 1011 2590 1056 ut
2649 1001 2802 1072 gigas
2856 1000 2925 1055 ad
2977 1001 3301 1056 currendam
3354 1001 3499 1057 viam

1939 1106 2141 1144 suani:

233 1225 237 1230 .
339 1173 422 1226 11.
477 1173 595 1225 Ἀπ’
629 1172 795 1242 ἄκρου
827 1170 920 1224 τοῦ
947 1171 1232 1243 οὐρανοῦὴ
1276 1171 1452 1236 ἔξοδος
1486 1171 1674 1234 αὑτοῦ,

1486 1171 1674 1234 αὑτοῦ,
2009 1183 2091 1237 ll.
2126 1183 2169 1235 A
2199 1198 2412 1237 summo
2442 1186 2580 1238 ccelo
2612 1184 2850 1254 egressio
2880 1183 3017 1252 ejus,

341 1265 422 1317 12.
463 1264 570 1316 Καὶ
581 1262 640 1316 τὸ
657 1263 892 1329 κατάντη
901 1281 973 1332 μα
990 1263 1154 1316 αὑτοῦ
1172 1263 1273 1326 ἕως
1288 1265 1457 1333 ἄκρου
1477 1262 1569 1314 τοῦ
1587 1261 1832 1332 οὐρανοῦ·

2010 1275 2074 1328 12
2105 1273 2169 1328 Ει
2194 1290 2454 1330 occursus
2480 1276 2597 1345 ejus
2631 1290 2804 1346 usque
2834 1275 2900 1330 ad
2931 1286 3207 1332 summum
3248 1276 3370 1332 caeli
3411 1291 3425 1331 ι

338 1356 421 1409 15.
466 1357 574 1408 Καὶ
617 1356 717 1408 οὐκ
755 1355 900 1408 ἐστιν
942 1355 999 1418 ὃς
1033 1354 1471 1426 ἀποκρυεησεται
1496 1355 1592 1424 τῆς
1631 1353 1837 1424 Θέρμης

1736 1371 1837 1424 tu};
2013 1361 2096 1418 l3.
2127 1363 2234 1419 Nec
2258 1375 2338 1419 est
2363 1365 2455 1435 qui
2479 1381 2537 1421 se
2559 1365 2858 1421 abscondat
2885 1383 2916 1422 a
2939 1368 3119 1422 calore
3147 1367 3289 1438 ejus.

269 1465 451 1500 αυτου.

341 1538 425 1593 14.
480 1539 536 1592 Ὀ
553 1538 712 1608 νόμος
732 1537 934 1607 Κυρίου
957 1535 1204 1606 ἄμωμος,
1231 1535 1571 1608 ἐπιστρέφων
1591 1536 1766 1607 ψυχάς
1783 1552 1796 1566 ⁸

2003 1541 2087 1595 14.
2121 1539 2228 1594 Lex
2259 1539 2471 1595 Domini
2503 1542 2876 1610 immaculata,
2901 1552 3223 1598 convertens
3245 1543 3495 1598 animas:

340 1633 423 1687 15.
479 1633 541 1686 Ἠ
587 1631 857 1703 μαρτυρία
899 1631 1103 1701 Κυρίου
1160 1631 1359 1702 πιστὴ,
1411 1629 1702 1699 σοφίζουσα
1744 1631 1838 1701 νή-

2010 1635 2098 1688 15.
2173 1633 2570 1688 Testimonium
2625 1634 2842 1690 Domini
2913 1637 3108 1703 ﬁdele,
3177 1636 3497 1706 sapientiam

268 1743 390 1779 πια.
1937 1733 2200 1795 praestans
2229 1724 2492 1792 parvulis.

339 1817 424 1870 16.
468 1815 547 1868 Τὰ
593 1814 932 1886 δικαιώματα
980 1812 1184 1885 Κυρίου
1235 1812 1438 1876 εὐθέα,
1481 1812 1892 1884 εὐφραίνονται

2007 1815 2093 1868 16.
2149 1813 2382 1868 iustitiae
2426 1812 2640 1868 Domini
2680 1822 2862 1877 rectae,
2903 1814 3243 1869 laetiﬁcantes
3285 1813 3497 1868 corda:

267 1908 491 1979 καρδίαν
523 1924 538 1938 ·

337 1997 424 2051 17.
477 1997 540 2049 'Il
563 1995 746 2064 ἐντολὴ
768 1996 969 2066 Κυρίου
993 1995 1286 2066 τηλαυγὴς,
1307 1994 1612 2063 φωτίζουσα
1635 1993 1834 2063 ὀφθαλ-

2014 1993 2098 2047 17.
2133 1993 2462 2064 Prazceptum
2494 1994 2708 2050 Domini
2732 1996 2996 2060 lucidum,
3020 1996 3338 2053 illuminans
3365 2012 3499 2052 ocu-

309 2089 421 2151 οὑς.
1940 2085 2043 2141 los.

309 2107 421 2151 ομς.

269 2105 308 2160 μ
338 2181 422 2235 18.
450 2181 508 2234 '0
547 2179 706 2250 φόϐος
739 2177 940 2247 Κυρίου
975 2179 1137 2246 ἁγνὸς
1158 2217 1173 2244 ,
1221 2177 1488 2248 διαμένων
1542 2178 1622 2240 είς
1667 2175 1822 2229 αίῶνο

1944 2105 2043 2141 IUS.

2012 2177 2098 2232 18.
2141 2177 2326 2232 Timor
2357 2176 2569 2232 Domini
2595 2187 2834 2244 sanctus,
2868 2193 3196 2250 permanens
3233 2181 3289 2234 in
3321 2194 3497 2236 saecu-

268 2272 315 2322 διδ
328 2271 456 2333 ,ὒνος
475 2287 486 2302 ·

1938 2268 2049 2324 lum
2088 2270 2272 2324 saeculi
2303 2283 2316 2322 :

340 2362 422 2416 19.
464 2363 542 2415 Τὰ
569 2360 810 2432 κρίματα
833 2361 1036 2434 Κυρίου
1061 2359 1311 2431 ἀληθινὰ,
1335 2359 1724 2429 δεδικαιωμένα
1747 2361 1838 2412 ἐπὶ

2014 2360 2100 2414 19.
2155 2357 2368 2413 Judicia
2415 2359 2632 2414 Domini
2674 2375 2826 2425 vera,
2862 2359 3164 2430 iustiﬁcata
3197 2359 3253 2414 in
3298 2371 3500 2417 semet-

267 2452 326 2507 τὺ
359 2452 490 2507 αὐτὸ
507 2470 519 2482 ο

1937 2451 2056 2507 ipsa
2092 2467 2106 2503 :

359 2467 519 2507 αυτοο

334 2544 424 2599 ΞΟ.
453 2545 790 2616 Ἐπιθυμητά
821 2546 958 2616 ὑπὲρ
991 2544 1214 2617 χρυσίον
1247 2544 1340 2598 καὶ⁸
1369 2542 1513 2596 λίθον
1541 2542 1716 2612 τίμιον
1739 2560 1834 2596 πο-

1946 2469 1954 2504 l
2092 2467 2107 2503 2

1961 2467 2102 2597 Ρδὲο.
2137 2541 2524 2596 Desiderabilia
2561 2556 2726 2613 super
2760 2555 2978 2608 aurum,
3019 2552 3076 2597 et
3116 2541 3349 2613 lapidem
3377 2557 3499 2613 pre‘

267 2633 363 2689 λύν
386 2649 401 2665 ⁸

1940 2635 2140 2689 tiosum
2170 2633 2399 2686 multum
2432 2647 2447 2686 :

335 2727 426 2782 21.
469 2729 578 2781 Καὶ
608 2727 916 2800 γλυκύτερα
954 2728 1094 2802 ὑπὲρ
1123 2727 1243 2798 μέλι
1277 2726 1372 2779 καὶ
1403 2727 1612 2796 κηρίον.

1565 2745 1612 2780 ν.
2007 2725 2097 2779 21.
2130 2724 2197 2778 Ει
2225 2725 2464 2780 dulciora
2503 2740 2662 2796 super
2699 2727 2807 2781 mel
2837 2737 2891 2783 et
2914 2725 3118 2783 favum.

336 2823 425 2876 22.
469 2825 576 2876 Καὶ
602 2824 708 2895 γὰρ
731 2826 758 2876 ό
786 2823 965 2886 δοῦλός
1001 2840 1092 2876 σου
1123 2823 1381 2892 φυλάσσει
1420 2821 1586 2876 αὑτάο

2011 2819 2101 2872 29..
2153 2817 2369 2873 Etenim
2400 2829 2592 2874 serVus
2626 2827 2752 2875 tuus
2785 2821 3022 2876 custodit
3055 2835 3119 2876 ea
3147 2840 3161 2877 :

1388 3001 1765 3056 ATHANASII
1807 2999 2387 3059 INTERPRETATIO.

333 3183 392 3239 6.
431 3182 525 3245 Είς
569 3181 676 3234 πᾶν
715 3179 864 3244 ἔθνος
899 3180 993 3233 καὶ
1032 3179 1188 3248 γένος
1219 3179 1428 3251 διεδόθη
1458 3181 1491 3250 ἡ
1523 3179 1886 3245 διδασκαλία(

2013 3181 2064 3234 6.
2123 3179 2180 3234 1η
2214 3195 2404 3236 omnes
2430 3187 2636 3251 gentes,
2665 3195 2728 3237 ac
2756 3182 3004 3239 nationes
3037 3199 3228 3242 eorum
3261 3186 3503 3243 doctrina

268 3274 469 3330 αὐτῶν.

1941 3273 2297 3328 disseminata
2329 3281 2430 3328 est.

333 3367 389 3423 7.
431 3366 542 3420 Καὶ
591 3365 848 3434 περιῆλθε
892 3365 961 3420 τὰ
1011 3365 1231 3437 ῥήματα
1294 3362 1491 3428 αὐτῶν,
1523 3362 1650 3417 ἔνθα
1693 3365 1838 3418 ἐστὶν

2013 3365 2063 3419 7.
2123 3365 2187 3420 Ει
2218 3366 2380 3420 verba
2425 3381 2614 3420 eorum
2651 3377 3013 3436 pervenerunt
3064 3369 3504 3443 ubicunquatcr-

267 3460 358 3516 ἄνθ
369 3476 550 3532 ρωπος
587 3459 677 3511 ἐπὶ
707 3459 806 3528 τῆς
841 3459 962 3528 γῆς.

1937 3476 2121 3514 rarum
2155 3461 2402 3515 homines
2445 3469 2589 3517 sunt.

335 3550 388 3604 8.
417 3551 507 3602 Ἐν
536 3549 614 3618 τῷ
638 3548 749 3619 Υἱῴ
778 3548 929 3600 ἔθετο
954 3549 1079 3612 τοὺς
1105 3549 1346 3612 πιστούς.

1251 3549 1346 3612 mg.
2006 3554 2060 3609 8.
2097 3552 2310 3608 Fideles
2348 3554 2402 3607 in
2433 3553 2569 3609 Filio
2601 3554 2804 3624 posuit.

333 3646 386 3700 9.
413 3647 473 3699 Ὀ
503 3645 663 3709 αὑτός
693 3643 896 3716 Κύριος
923 3647 988 3698 ὲκ
1015 3641 1108 3695 τοῦ
1138 3639 1364 3711 οὐρανοῦ
1394 3637 1702 3712 ἐρχόμενος.

1500 3637 1702 3711 όμενος.
2006 3644 2059 3699 9.
2104 3643 2223 3714 Ipse
2253 3645 2518 3700 Dominus
2568 3661 2597 3700 e
2637 3646 2778 3700 ctelo
2812 3645 3053 3702 veniens.

336 3735 426 3791 10.
467 3737 576 3808 Τὴν
610 3736 907 3809 παρουσίαν
933 3733 1092 3788 αὐτοῦ
1124 3732 1397 3804 σημαίνει.

2021 3735 2106 3788 10.
2147 3737 2451 3791 Adventum
2487 3751 2647 3791 suum
2696 3737 2984 3806 significat.

335 3831 422 3884 11.
441 3828 571 3881 ’Ότε
603 3829 810 3881 ἔκλινεν
835 3828 1114 3898 οὐρανοὺς,
1145 3826 1238 3879 καὶ
1272 3825 1496 3895 κατέϐη.

2017 3829 2098 3881 ll.
2133 3829 2362 3894 Quando
2398 3827 2678 3883 inclinavit
2717 3829 2905 3891 cwlos.
2939 3839 2994 3883 et
3016 3828 3312 3886 descendit.

338 3922 426 3976 12.
471 3921 578 3992 Τὴν
611 3921 792 3974 ἄνοδον
822 3919 987 3973 αὐτοῦ
1021 3919 1186 3986 λέγει.

2017 3923 2101 3976 12.
2153 3923 2542 3978 Ascensionem
2576 3937 2731 3977 suam
2771 3921 3061 3992 signiﬁcat.

335 4012 423 4067 15.
469 4012 578 4083 Τὴν
613 4013 794 4065 πίστιν
831 4011 1015 4065 αὐτοῦ.

914 4011 1015 4065 τοῦ.
2015 4013 2100 4068 15.
2136 4014 2178 4065 Α
2212 4013 2314 4068 ﬁde
2349 4029 2467 4068 sua.

338 4102 424 4157 14.
452 4101 512 4155 '0
554 4101 681 4164 Υἱὸς
711 4101 804 4155 τοῦ
848 4101 982 4154 Θεοῦ
1029 4099 1430 4170 ἀναμάρτητος,
1460 4099 1535 4160 ὡς
1563 4097 1696 4161 Θεὸς
1723 4098 1841 4150 ἐπι-

2011 4104 2098 4156 14.
2154 4103 2323 4159 Filius
2357 4103 2448 4157 Dei
2477 4101 2864 4173 impeecabilis,
2911 4111 2971 4155 ut
2999 4101 3140 4158 Deus
3181 4108 3506 4158 convertens

273 4195 519 4266 στρέφων
549 4196 613 4248 ἐκ
645 4196 867 4258 σκότους
898 4193 996 4256 τὰς
1026 4192 1200 4262 ψυχὰς
1225 4191 1331 4244 τῶν
1359 4189 1657 4263 ἀνθρώπων
1684 4192 1761 4253 είς
1779 4189 1826 4242 τί

1952 4213 1968 4250 ι
2002 4195 2238 4250 tenebris
2276 4195 2489 4250 animas
2527 4193 2807 4248 hominum
2850 4193 2901 4246 in
2933 4193 3312 4248 admirabilem
3350 4211 3505 4250 suam

272 4287 382 4356 φῶς
416 4286 582 4340 αὑτοῦ
616 4286 676 4338 τὸ
704 4285 1033 4355 θαυμαστόν.

616 4286 676 4338 τὸ
704 4285 1033 4355 θαυμαστόν.
1941 4288 2137 4341 lucem.

340 4383 426 4435 15.
449 4380 577 4432 Ὅτε
601 4378 978 4449 ἐμαρτύρησεν
1008 4378 1065 4429 ὲν
1095 4373 1172 4444 τῷ
1201 4374 1314 4445 ὄρει
1336 4375 1362 4425 ὁ
1386 4372 1577 4442 Πατὴρ
1601 4372 1726 4441 περὶ
1751 4369 1838 4425 τοῦ

2013 4379 2099 4433 15.
2163 4377 2389 4443 Quando
2415 4376 2573 4431 Pater
2604 4377 2657 4430 in
2699 4389 2882 4432 monte
2920 4377 3295 4434 testimonium
3328 4379 3507 4448 perhi-

274 4470 396 4523 Υίοῦ
438 4469 626 4534 αὑτοῦ,
663 4471 744 4523 ὅτι
779 4468 939 4530 αὐτός
973 4469 1117 4520 ἐστιν
1142 4467 1170 4517 ὁ
1199 4463 1486 4535 μονογενὴς
1510 4462 1672 4515 αὐτοῦ
1690 4462 1827 4530 Υἱὸς²

1955 4471 2057 4526 iuit
2099 4471 2164 4524 de
2193 4469 2330 4524 Filio
2362 4485 2484 4533 suo,
2517 4469 2661 4540 quod
2707 4469 2822 4540 ipse
2859 4479 2944 4527 est
2995 4469 3166 4526 Filius
3209 4486 3346 4526 suus
3384 4471 3508 4530 uni-

274 4562 362 4615 καὶ
389 4559 728 4615 ἐπιστώσατο
756 4562 881 4622 τοὺς
917 4556 1162 4629 μαθητὰς
1196 4554 1380 4609 αὑτοῦ.

1869 4533 1912 4588 D
1945 4564 2176 4636 genitus,
2203 4571 2258 4617 et
2291 4563 2585 4633 discipulos
2619 4563 2738 4630 ejus
2778 4563 2830 4617 in
2864 4562 2968 4618 ﬁde
3000 4564 3365 4619 conﬁrmavit.

345 4653 427 4708 16.
477 4653 555 4706 Τὰ
590 4651 947 4720 δικαιώματα
977 4649 1194 4717 Κυρίου
1215 4645 1364 4699 οὐδὲν
1391 4644 1601 4714 ἔχουσιν
1632 4645 1839 4705 ἑαυτοῖς

2020 4647 2105 4701 16.
2165 4646 2405 4701 Justitiaz
2454 4647 2669 4700 Domini
2715 4646 2850 4700 nihil
2912 4662 3256 4716 perversum
3288 4647 3508 4714 habent,

277 4745 484 4798 σκολιὸν
509 4744 629 4796 οὐδὲ
657 4741 1110 4814 πραγγαλιῶδες,
1141 4737 1275 4791 ἀλλὰ
1305 4736 1480 4789 πάντα
1510 4734 1662 4806 ὀρθά.

1414 4753 1480 4788 τα
1510 4734 1662 4806 ὀρθά.
1949 4740 2084 4793 nihil
2111 4738 2423 4802 distortum,
2457 4739 2549 4792 sed
2584 4739 2768 4792 omnia
2800 4747 2965 4793 recta.

346 4842 430 4897 l7.
458 4841 521 4892 Ἠ
568 4838 753 4908 ἐντολὴ
786 4836 990 4908 Κυρίου
1038 4832 1270 4904 καθαρὰ,
1306 4829 1529 4900 ἰωμένη,
1571 4828 1664 4881 καὶ
1708 4826 1844 4898 λαμ-

2022 4831 2109 4886 17.
2161 4831 2362 4886 Purum
2394 4839 2477 4886 est
2509 4831 2825 4886 mandatum
2853 4829 3068 4885 Domini
3103 4845 3325 4893 sanans,
3354 4837 3406 4883 et
3445 4829 3507 4882 il-

277 4934 552 5005 πρόνουσα
583 4931 708 4993 τοὺς
731 4928 1041 4998 ὀφθαλμοὺς
1067 4925 1173 4978 τῶν
1200 4922 1457 4994 καρδιῶν.

1080 4925 1173 4978 τῶν
1200 4922 1457 4994 καρδιῶν.
1948 4923 2187 4977 lustrans
2213 4923 2402 4976 oculos
2432 4923 2633 4977 cordis.

347 5024 432 5078 18.
452 5021 620 5075 Ἔνθα
654 5023 682 5073 ὁ
710 5019 870 5089 φόϐος
901 5017 1125 5088 Κυρίου,
1155 5013 1315 5082 ἁγνὸς
1351 5014 1554 5072 ἐκεῖνος
1579 5011 1606 5062 ὁ
1638 5008 1843 5079 ἄνθρω-

2023 5017 2107 5071 18.
2166 5014 2270 5069 Ubi
2316 5024 2401 5070 est
2453 5016 2617 5068 timor
2651 5014 2883 5081 Domini,
2921 5027 3090 5085 purus
3133 5020 3314 5067 manet
3346 5012 3507 5067 homo

276 5130 372 5176 τως
404 5111 648 5182 διαμένει
673 5111 767 5164 καὶ
790 5111 850 5162 ὲν
874 5106 950 5177 τῷ
969 5106 1062 5159 νῦν
1093 5106 1186 5158 καί
1213 5101 1368 5172 ἐντῷ
1396 5099 1640 5172 μέλλοντι
1663 5098 1838 5152 αἰῶνιο
1947 5107 2056 5172 ille,
2083 5115 2137 5162 et
2162 5107 2214 5159 in
2243 5106 2496 5176 prmsenti
2525 5115 2578 5160 et
2609 5106 2662 5160 in
2697 5104 2882 5161 futuro
2905 5107 3124 5162 saeculo.

346 5205 432 5260 19.
474 5205 554 5256 Τά
584 5201 924 5270 θεσπίσματα
956 5197 1050 5250 τοῦ
1084 5195 1288 5268 Κυρίου
1319 5191 1520 5262 ἀψευδῆ
1558 5207 1841 5260 μεμαρτυ-

2021 5197 2105 5250 19.
2159 5193 2391 5248 Oracula
2416 5193 2630 5248 Domini
2663 5196 2782 5250 sine
2811 5195 3096 5249 mendacio
3121 5201 3174 5247 et
3201 5189 3508 5253 testiﬁcata,

279 5298 507 5368 ρημένα,
535 5297 616 5349 ὅτι
665 5294 794 5349 αὐτὸ
838 5292 994 5346 τοῦτό
1036 5291 1184 5342 ἐστιν
1213 5288 1242 5341 ό
1274 5286 1514 5353 λέγουσι,
1568 5283 1661 5336 καὶ
1695 5283 1832 5335 οὐδὲε.

1954 5287 2090 5358 quod
2118 5288 2220 5340 hoc
2259 5287 2434 5355 ipsum
2459 5294 2563 5349 est,
2593 5285 2738 5356 quod
2764 5285 3069 5352 enuntiant,
3100 5293 3156 5338 et
3176 5281 3310 5337 nihil
3339 5280 3507 5345 aliud,

276 5389 493 5458 ἕτερον’
527 5389 636 5442 εἴτε
663 5389 788 5458 περὶ
821 5387 920 5455 τῆς
951 5381 1390 5455 μισθαποδοσίας,
1423 5378 1531 5431 εἴτε
1571 5378 1698 5448 περὶ
1727 5377 1829 5448 κρί-

1952 5380 2060 5434 sive
2107 5379 2174 5434 de
2201 5376 2464 5432 mercedis
2491 5378 2871 5443 retributione,
2921 5381 3035 5431 sive
3072 5375 3140 5429 de
3181 5373 3390 5446 judicio
3444 5375 3505 5428 lo-

278 5495 414 5546 σεως
442 5480 770 5551 διηγοῦνται.

652 5497 770 5533 νται.
1948 5481 2205 5541 quatitur.

344 5573 435 5627 20.
480 5575 602 5635 Τοῖς
627 5569 940 5640 ἐκζητοῦσιν
967 5565 1155 5621 ταῦτα.

2022 5557 2110 5611 20.
2162 5556 2580 5625 Exquirentibus
2609 5556 2740 5610 haec.

345 5663 436 5718 2|.
477 5662 598 5725 Τοῖς
626 5661 894 5715 συνιοῦσιν
925 5659 1082 5714 αὑτά.

2026 5649 2118 5704 2|.
2177 5645 2607 5717 lntclligentibus
2641 5647 2780 5716 ipsa.

344 5755 439 5810 29..
467 5756 524 5809 '0
551 5754 732 5817 δοῦλός
764 5770 856 5806 σου
884 5751 1143 5824 ὑπάρχων
1173 5746 1432 5819 φυλάσσει
1465 5743 1622 5801 αὐτὰ.

1614 5783 1622 5801 .
2026 5735 2116 5797 29..
2172 5740 2275 5806 Qui
2310 5753 2500 5794 servus
2531 5745 2657 5794 tuus
2686 5748 2786 5806 est,
2817 5734 3050 5792 custodit
3084 5751 3167 5792 ea.

521 5872 794 5932 ΡΑτιιοι..
846 5868 964 5932 Gn.
1025 5868 1287 5929 XXV“.

3115 5852 3194 5913 23
