3934 6218
439 302 542 355 vis
1262 298 1317 354 S.
1356 294 1728 355 ATHANASII
1765 296 1913 356 OPP.
1947 297 2136 353 PARS
2173 297 2261 354 Ill.
2299 323 2370 339 -—
2403 295 2820 354 EXEGETICA.
3549 297 3652 355 716

506 423 596 480 25.
649 423 707 479 ln
739 421 1107 479 custodiendis
1135 421 1244 477 illis
1266 423 1558 479 retributio
1586 421 1776 477 multa.
2015 427 2059 485 Α

2015 427 2062 485 Α
2155 420 2244 476 25.
2272 421 2358 474 Ἐν
2381 420 2458 492 τῷ
2482 420 2771 490 φυλάσσειν
2798 419 2935 475 αὐτὰ
2962 419 3312 482 άνταπόδοσις
3339 417 3532 492 πολλὴ.

429 581 436 588 _
501 515 593 571 24.
635 513 840 569 Delicta
884 514 1006 584 quis
1039 513 1329 583 intelligit?

2161 512 2250 567 24.
2289 513 2712 584 Παραπτώματα
2740 512 2822 576 τίς
2854 513 3103 583 συνήσει;

497 608 595 662 25.
632 607 714 661 Ab
737 605 967 663 occultis
994 606 1132 662 meis
1156 605 1358 660 munda
1390 621 1478 661 me
1503 622 1517 660 :

2161 603 2252 657 25.
2279 603 2373 655 Ἐκ
2401 602 2510 654 τῶν
2541 601 2784 672 κρυφίων
2812 618 2911 672 μου
2945 600 3236 672 καθάρισόν
3271 617 3338 671 με
3357 617 3369 633 ·

503 699 592 752 26.
629 697 695 752 Et
723 698 790 752 ab
820 697 1011 753 alienis
1043 711 1204 768 parce
1243 711 1404 752 servo
1435 705 1550 751 tuo.

2161 695 2251 750 26.
2291 695 2400 748 Kal
2427 694 2534 747 ἀπὸ
2561 694 2850 765 ἀλλοτρίων
2879 696 3060 763 φεῖσαι
3085 693 3176 746 τοῦ
3214 692 3395 747 δούλου
3432 710 3543 752 σου,

505 788 595 842 27.
633 785 691 841 Si
728 785 834 842 mei
864 801 971 841 non
1007 784 1209 842 fuerint
1235 786 1519 853 dominati,
1553 793 1684 840 tunc
1730 783 1996 840 immacu-

2163 787 2254 842 27.
2280 785 2402 840 Ἐὰν
2431 787 2503 858 μή
2530 803 2629 856 μου
2655 785 3138 858 κατακυριεὺσωσι,
3153 786 3274 839 τότε
3293 785 3520 858 ἄμωμος
3542 786 3655 841 ἔσο·

440 880 580 932 latus
609 893 703 932 ero
735 895 748 932 :

2098 895 2194 950 μαι
2940 935 2943 942 .

505 969 595 1024 28.
631 968 699 1023 Et
732 967 1070 1024 emundabor
1107 984 1139 1024 a
1173 968 1374 1025 delicto
1403 968 1665 1024 maximo.

2162 970 2252 1026 28.
2292 971 2400 1023 Kal
2427 969 2896 1042 καθαρισθήσομαι
2925 969 3029 1023 ἀπὸ
3059 968 3332 1041 ἁμαρτίας
3359 969 3615 1041 μεγάλης.

509 1061 598 1115 29.
641 1059 707 1116 Et
733 1069 895 1116 erunt
934 1069 995 1116 ut
1026 1061 1395 1132 complaceant
1437 1061 1654 1132 eloquia
1699 1061 1813 1116 oris
1844 1059 1995 1116 mei:

2165 1063 2256 1118 29.
2296 1062 2405 1116 Καὶ
2437 1063 2646 1117 ἔσονται
2671 1063 2751 1126 είς
2777 1061 3022 1116 εὐδοκίαν
3050 1062 3118 1114 τὰ
3139 1061 3294 1131 λόγια
3325 1060 3419 1114 τοῦ
3456 1062 3653 1132 στόμα-

2097 1155 2187 1219 τός
2217 1171 2314 1224 μου

515 1243 604 1299 50.
670 1241 738 1298 Ει
766 1241 1047 1298 meditatio
1095 1241 1278 1298 cordis
1323 1243 1431 1298 mei
1483 1244 1537 1298 in
1582 1255 1874 1316 conspectu
1906 1255 1999 1302 tuo

2167 1245 2254 1300 50.
2294 1245 2402 1298 Kal
2445 1246 2478 1316 ἠ
2527 1243 2723 1316 μελέτη
2767 1245 2865 1315 τῆς
2905 1243 3130 1315 καρδίας
3173 1261 3272 1316 μου
3301 1243 3529 1300 ἐνώπιόν
3564 1259 3651 1297 σου

443 1351 673 1405 semper.

2099 1337 2403 1401 διαπαντός.

515 1429 602 1483 51.
657 1427 885 1484 Domine
915 1426 1132 1498 adiutor
1157 1442 1332 1494 meus,
1371 1437 1426 1484 et
1455 1429 1764 1499 redemptor
1821 1445 1996 1486 meus.

1822 1445 1996 1486 meus.
2165 1433 2252 1488 51.
2296 1433 2465 1505 Κύριε
2501 1431 2657 1504 βοηθέ
2693 1449 2814 1504 μου,
2848 1433 2940 1487 καὶ
2971 1432 3220 1504 λυτρωτὰ
3255 1449 3375 1503 μου.

603 1563 669 1618 In
695 1565 872 1633 ﬁnem,
922 1563 1155 1633 psalmus
1194 1562 1384 1619 David.
1422 1562 1632 1620 PSAL.
1681 1562 1840 1618 XIX.

2200 1569 2303 1632 Εἰς
2334 1567 2398 1620 τὸ
2430 1567 2621 1634 τέλος,
2650 1565 2888 1638 ψαλμός
2908 1564 2988 1633 τῷ
3019 1566 3211 1621 Δαείδ.
3242 1567 3412 1621 ΨΑΔ.
3439 1565 3548 1620 ῙΘί.

517 1700 567 1751 1.
607 1695 873 1751 Exaudiat
912 1704 962 1751 te
994 1695 1258 1751 Dominus
1301 1695 1356 1750 in
1385 1696 1472 1752 die
1511 1697 1925 1754 tribulationis:

2169 1699 2221 1754 1.
2248 1698 2569 1754 Ἐπακούσαι
2599 1717 2691 1753 σου
2718 1699 2920 1772 Κύριος
2942 1701 2998 1753 ὲν
3021 1701 3204 1772 ἡμέρᾳ
3232 1699 3462 1770 θλίψεως
3479 1714 3494 1729 ο

514 1786 568 1840 2.
602 1785 854 1857 Protegat
886 1793 938 1840 te
968 1801 1166 1841 nomen
1225 1784 1319 1841 Dei
1347 1784 1534 1841 Iacob.
2029 1783 2067 1838 Β

2032 1783 2073 1838 Β
2168 1791 2221 1845 2.
2247 1791 2645 1865 ’Υπερασπίσαι
2685 1810 2776 1846 σου
2808 1793 2869 1846 τὸ
2891 1793 3059 1864 ὄνομα
3085 1792 3179 1861 τοῦ
3207 1792 3342 1847 Θεοῦ
3378 1789 3585 1846 Ἰακώὄ.

515 1880 568 1933 5.
603 1877 776 1934 Mittat
809 1878 904 1933 tibi
939 1879 1203 1934 auxilium
1231 1879 1299 1934 de
1329 1889 1558 1935 sancto:

2170 1885 2222 1940 5.
2251 1884 2652 1951 Ἐξαποστείλαι
2681 1903 2761 1938 σοι
2793 1885 3038 1958 βοήθειαν
3068 1885 3127 1951 ἐξ
3157 1885 3341 1956 ἁγίου’

513 1970 570 2025 4.
603 1969 670 2025 Et
701 1970 769 2025 de
795 1970 926 2025 Sion
957 1979 1174 2026 tueatur
1215 1979 1286 2027 te.

2170 1977 2224 2031 4.
2265 1978 2374 2030 Kal
2404 1979 2469 2031 ἐκ
2501 1977 2640 2031 Σιὼν
2666 1978 2999 2032 ἀντιλάϐοιτό
3030 1991 3142 2032 σου·

517 2065 571 2118 5.
603 2062 808 2118 Memor
831 2061 900 2117 sit
928 2063 1105 2118 omnis
1134 2062 1388 2119 sacriﬁcii
1415 2062 1491 2118 tui
1520 2080 1534 2117 :

2175 2070 2226 2124 5.
2268 2069 2547 2141 Μνησθείη
2586 2070 2766 2141 πάσης
2796 2071 2985 2135 θυσίας
3017 2087 3141 2124 σου’

513 2153 566 2208 6.
606 2151 670 2207 Et
702 2152 1078 2207 holocaustum
1110 2160 1264 2207 tuum
1291 2151 1490 2222 pingue
1518 2151 1632 2205 ﬁat.

2174 2159 2225 2214 6.
2268 2160 2377 2214 Kal
2401 2159 2462 2214 τὸ
2483 2159 2838 2231 όλοκαύτωμά
2859 2177 2952 2213 σου
2980 2159 3239 2214 πιανάτω.

523 2246 575 2302 7.
611 2245 837 2300 Tribuat
870 2245 967 2300 tibi
1003 2245 1300 2300 secundum
1341 2259 1436 2300 cor
1462 2253 1612 2298 tuum
1648 2263 1661 2297 :

2175 2252 2229 2305 7.
2266 2251 2385 2324 Δῴη
2421 2269 2502 2306 σοι
2532 2252 2735 2324 Κύριος
2765 2251 2905 2306 κατὰ
2928 2254 3025 2324 τὴν
3053 2251 3276 2324 καρδίαν
3302 2266 3394 2304 σου

508 2338 566 2393 8.
601 2337 666 2393 Ει
691 2351 852 2393 omne
880 2337 1166 2393 consilium
1191 2345 1346 2390 tuum
1381 2335 1684 2390 conﬁrmet.

2173 2345 2225 2401 8.
2269 2345 2377 2398 Kal
2405 2347 2582 2398 πᾶσαν
2611 2344 2709 2416 τὴν
2739 2345 2932 2417 βουλήν
2963 2362 3056 2399 σου
3085 2343 3384 2414 πληρώσαι.

519 2427 573 2483 9.
611 2427 936 2482 Laetabimur
977 2429 1031 2481 in
1063 2425 1285 2483 salutari
1319 2434 1412 2479 tuo
1441 2442 1456 2478 :

2171 2437 2226 2494 9.
2253 2434 2718 2507 Ἀγαλλιασόμεθα
2749 2436 2841 2489 ἐπὶ
2867 2436 2944 2507 τῷ
2976 2436 3224 2507 σωτηρίῳ
3257 2451 3348 2488 σου
3369 2449 3382 2464 ·

521 2519 606 2575 10.
640 2519 713 2575 Et~
734 2521 787 2576 in
814 2519 1033 2576 nomine
1060 2519 1154 2575 Dei
1179 2520 1350 2576 nostri
1379 2515 1860 2590 magniﬁcabimur.

2172 2527 2258 2582 10.
2292 2528 2400 2581 Kal
2433 2528 2492 2581 ὲν
2532 2525 2752 2597 ὀνόματι
2795 2511 3000 2598 Κυρίου
3027 2527 3160 2581 Θεοῦ
3197 2526 3355 2598 ἡμῶν
3404 2522 3659 2596 μεγαλυν-

2105 2618 2400 2692 θησόμεθα.

1556 2783 1932 2840 ATHANASII
1974 2783 2558 2842 INTERPRETATIO.

521 2967 612 3025 25.
677 2967 739 3021 In
803 2963 1082 3021 servandis
1137 2962 1245 3016 illis
1295 2959 1524 3032 quisque
1591 2967 1839 3016 nostrum
1899 2973 1997 3030 pro

2171 2956 2262 3013 25.
2289 2957 2375 3010 Ἐν
2400 2955 2478 3028 τῷ
2510 2958 2728 3028 κρατεῖν
2758 2956 2895 3011 αὐτὰ
2922 2955 3148 3011 ἕκαστον
3177 2954 3353 3028 ἡμῶν,
3380 2955 3659 3010 ἀνταπόδο-

452 3061 697 3120 mercede
728 3060 890 3115 habet
918 3056 1082 3112 vitam
1117 3063 1393 3111 aeternam.

1358 3068 1393 3108 I.
2105 3065 2189 3103 σιν
2223 3048 2333 3119 ἔχει
2367 3047 2510 3120 ζωὴν
2539 3048 2911 3120 ἀτελεύτητον.

522 3155 615 3211 24.
661 3151 857 3208 Cordis
896 3147 1269 3222 cogitationes.
2027 3171 2070 3228 ο

2027 3171 2070 3228 C
2172 3139 2262 3192 24.
2302 3140 2438 3203 Τοὺς
2463 3141 2520 3192 ὲν
2548 3142 2615 3210 τῇ
2644 3141 2838 3212 καρδίᾳ
2863 3139 3171 3210 λογισμούς.

518 3245 609 3300 25.
644 3242 720 3299 De
745 3241 937 3297 iisdem
974 3237 1391 3308 cogitationibus
1423 3235 1690 3306 loquitur.

1568 3237 1690 3290 itur.
2170 3229 2260 3286 25.
2302 3229 2422 3283 Τῶν
2456 3231 2632 3284 αὐτῶν
2657 3231 2927 3303 λογισμῶν
2957 3232 3121 3301 λέγει.

515 3337 606 3393 26.
656 3334 739 3389 Ab
771 3332 1081 3388 incursibus
1107 3329 1316 3384 inimici
1340 3329 1508 3385 libera
1538 3342 1646 3383 me.

2171 3321 2262 3377 26.
2304 3321 2424 3375 Τῶν
2454 3322 2710 3379 εἰσϐολῶν
2735 3324 2827 3378 τοῦ
2857 3324 3048 3396 ἐχθροῦ
3080 3323 3240 3398 ῥῦσαί
3270 3342 3359 3396 με.

520 3427 611 3482 27.
667 3423 1032 3496 Cogitationes
1051 3459 1068 3485 ,
1102 3420 1197 3477 ait.

2168 3414 2258 3469 27.
2301 3418 2364 3469 Οἱ
2386 3417 2654 3490 λογισμοὶ,
2683 3417 2849 3487 λέγει.

519 3517 610 3570 28.
639 3513 706 3570 Et
732 3529 764 3568 a
793 3512 990 3568 diaboli
1017 3509 1384 3567 dominatione
1411 3507 1757 3566 sublevabor.

2167 3505 2260 3561 28.
2299 3506 2410 3560 Kal
2437 3507 2869 3580 κουφισθήσομαι
2899 3508 2997 3580 τῆς
3019 3509 3333 3573 δυναστείας
3357 3508 3451 3563 τοῦ
3483 3508 3657 3564 διαδό-

2103 3595 2220 3651 λου.

519 3693 609 3749 29.
655 3691 840 3747 Oratio
873 3704 1014 3755 mea,
1051 3687 1245 3758 inquit.

2172 3687 2262 3740 29.
2291 3685 2356 3740 'H
2381 3686 2510 3759 εὐχή
2547 3705 2670 3758 μου,
2699 3688 2867 3758 λέγει.

518 3787 608 3841 30.
655 3782 724 3839 Et
771 3781 1099 3839 desiderium
1132 3777 1312 3835 cordis
1358 3776 1466 3834 mei
1521 3776 1578 3830 in
1621 3775 1740 3846 lege
1776 3783 1868 3830 tua
1915 3774 2002 3831 die

2173 3779 2263 3832 50.
2302 3779 2414 3833 Kal
2442 3781 2476 3850 ἡ
2502 3780 2764 3851 ἐπιθυμία
2793 3781 2892 3852 τῆς
2929 3779 3148 3854 καρδίας
3187 3797 3289 3851 μου
3323 3779 3382 3834 ὲν
3405 3778 3484 3851 τῷ
3513 3777 3657 3849 νόμῳ

449 3891 512 3933 ac
537 3883 715 3932 nocte.

2106 3886 2197 3925 σου
2230 3870 2438 3942 ἡμέρας
2466 3871 2560 3924 καὶ
2591 3872 2800 3936 νυκτός.

515 3968 603 4024 5t.
636 3966 884 4030 Domine,
924 3965 1018 4035 qui
1051 3959 1295 4018 defendis
1337 3969 1391 4016 et
1434 3957 1633 4016 liberas
1680 3973 1766 4015 me
1801 3972 1833 4013 a
1884 3957 2002 4014 dia-

2174 3963 2262 4017 51.
2302 3962 2494 4034 Κύριε,
2511 3964 2539 4017 ὁ
2558 3963 2942 4035 ἀνθιστάμενος
2968 3964 3061 4018 καὶ
3084 3963 3440 4036 λυτρούμενός
3466 3981 3534 4036 με
3555 3963 3656 4019 ἀπὸ

429 4059 594 4128 .bolo,
619 4068 674 4116 et
703 4055 965 4114 ministris
989 4054 1129 4126 ejus.

2109 4054 2202 4108 τοῦ
2224 4055 2488 4123 διαϐόλου,
2516 4055 2608 4110 καὶ
2632 4057 2738 4109 τῶν
2764 4057 3048 4129 ὑπουργῶν
3079 4055 3262 4111 αὑτοῦ.

531 4195 596 4250 Ἦ
626 4192 953 4267 προκειμένη
981 4193 1255 4264 ἐπιγραφὴ
1281 4191 1519 4263 περιέχει
1542 4207 1559 4223 ο
1588 4192 1694 4259 Εἰς
1727 4191 1793 4246 τὸ
1817 4191 2006 4260 τέλος,
2030 4193 2268 4264 ψαλμὸς
2287 4192 2367 4260 τῷ
2393 4194 2587 4249 Δαϐίδ.
2621 4193 2789 4249 Τοῦτο
2818 4194 2984 4264 λέγει,
3012 4194 3041 4248 δ
3072 4195 3199 4268 περὶ
3227 4195 3326 4267 τῆς
3354 4196 3658 4261 συντελείας

428 4284 540 4340 ποῦ
571 4284 764 4348 αἰῶνος
796 4284 1029 4356 εἴρηται.

519 4374 730 4431 Titulus
770 4373 1090 4444 praepositus
1117 4373 1356 4429 continet
1386 4391 1399 4428 :
1439 4370 1504 4426 In
1544 4372 1722 4442 ﬁnem,
1749 4374 1986 4442 psalmus
2023 4371 2218 4429 David.
2248 4373 2363 4431 Hoc
2391 4384 2575 4432 autem
2605 4375 2894 4448 signiﬁcat,
2923 4373 3069 4446 quod
3094 4373 3161 4430 de
3191 4375 3660 4431 consummatione

428 4464 631 4521 saeculi
658 4465 900 4535 psalmus
923 4463 1100 4518 dictus
1135 4471 1239 4519 est.
1955 4483 1960 4489 -

519 4581 571 4647 1,
601 4578 655 4634 2.
708 4578 826 4649 Ipse
852 4578 996 4634 enim
1029 4579 1201 4636 dixit:
1233 4578 1430 4634 Invoca
1459 4597 1536 4635 me
1570 4582 1625 4635 in
1651 4582 1737 4635 die
1773 4581 1998 4635 tribula-
2028 4585 2072 4640 D

2171 4583 2223 4647 1,
2247 4583 2300 4637 2.
2340 4583 2514 4646 Αὐτὸς
2537 4583 2643 4654 γὰρ
2666 4578 2817 4636 εἷπεν
2836 4599 2851 4614 ο
2887 4580 3274 4638 Ἐπικὰλεσαί
3289 4599 3364 4654 με
3379 4583 3450 4636 ἐν
3474 4582 3659 4655 ἡμέρᾳ

441 4674 608 4730 «tionis
642 4681 767 4738 ture,
797 4682 845 4726 et
882 4688 1062 4726 eruam
1092 4685 1159 4735 te,
1190 4681 1238 4726 et
1278 4671 1596 4742 gloriﬁcabis
1622 4689 1700 4728 me
1721 4673 1786 4729 ⁸⁷.

2102 4675 2360 4744 θλίψεως
2395 4690 2530 4740 σου,
2557 4674 2655 4728 καὶ
2681 4675 2996 4744 ὲξελοῦμαί
3018 4687 3112 4742 σε,
3141 4675 3238 4731 καί
3264 4673 3544 4743 ὃσξάσεις
3561 4690 3652 4746 με.

519 4766 571 4818 5.
601 4762 799 4818 Filium
825 4763 966 4832 ejus.

2171 4767 2224 4820 5.
2267 4766 2367 4819 Τὸν
2394 4766 2520 4819 Υίὸν
2557 4765 2740 4822 αὐτοῦ.

508 4854 639 4912 LE
681 4855 820 4910 caelo
879 4855 1165 4925 signiﬁcat.
1223 4855 1354 4911 Sion
1407 4857 1551 4911 enim
1609 4855 1994 4928 interpretatur

2167 4853 2221 4909 4.
2253 4856 2346 4910 Ἐκ
2375 4855 2469 4909 τοῦ
2511 4857 2569 4910 οὐ
2581 4855 2737 4926 ρανοῦ
2784 4856 2948 4925 λέγει.
2996 4855 3146 4912 Σιὼν
3172 4857 3279 4927 γὰρ
3305 4858 3661 4931 ἑρμηνεύεται

441 4957 619 5014 locus,
649 4947 742 5002 ubi
781 4956 863 5002 est
896 4947 1326 5004 tabernaculum.

2098 4947 2279 5012 τόπος,
2315 4949 2460 5011 ὅπως
2491 4947 2669 5028 [fimo]
2698 4949 2732 5018 ἡ
2773 4949 2963 5020 σκηνή.

514 5039 566 5094 5.
605 5038 812 5104 Sancti,
843 5039 1038 5111 inquit.

2170 5039 2223 5092 5.
2250 5039 2454 5107 Ἀγίας,
2478 5025 2643 5108 λέγει.

512 5131 566 5184 6.
603 5131 911 5186 Sanctilicet
947 5133 1205 5198 animam,
1246 5141 1300 5187 et
1330 5148 1526 5204 corpus
1556 5142 1728 5190 tuum.

2171 5129 2224 5184 6.
2251 5131 2490 5198 Ἀγιάσει
2526 5130 2794 5203 [ἁγιάσαι]
2820 5148 2912 5186 σου
2935 5131 3032 5204 τὴν
3060 5132 3255 5204 ψυχὴν,
3284 5131 3454 5187 καὶτὸ
3483 5132 3654 5203 σῶμα.

511 5224 570 5279 ’1.
603 5224 777 5279 Bonas
810 5235 933 5280 tuas
975 5226 1285 5295 petitiones.

2175 5222 2224 5278 7.
2267 5223 2355 5275 Τὰι
2379 5225 2652 5294 αίτήματά
2679 5242 2770 5278 σου
2799 5226 2868 5280 τά
2901 5225 3095 5295 ἀγαθά.

510 5313 567 5368 8.
607 5312 949 5384 Propositum
991 5324 1144 5370 tuum
1186 5316 1238 5369 in
1271 5316 1469 5385 ipsum.

2172 5314 2225 5369 8.
2267 5313 2376 5385 Τὴν
2409 5313 2663 5385 πρόθεσίν
2695 5333 2784 5369 σου
2816 5316 2911 5388 τὴν
2937 5318 3016 5380 είς
3043 5316 3221 5371 αὐτόν.

512 5408 566 5460 9.
598 5404 654 5460 ln
679 5407 800 5477 ejus
831 5423 932 5477 pro
955 5407 1113 5464 nobis
1147 5407 1400 5463 adventu.

2171 5404 2224 5458 9.
2255 5405 2344 5459 Ἐν
2372 5409 2438 5477 τῇ
2472 5407 2742 5479 παρουσίᾳ
2769 5411 2834 5480 τῇ
2869 5409 3008 5480 ὑπὲρ
3032 5407 3207 5479 ἡμῶν.

512 5497 600 5552 10.
639 5496 1023 5554 Gloriabimur.

2171 5497 2256 5551 10.
2287 5498 2679 5570 Καυχησόμεθα
2692 5539 2705 5555 .

516 5671 559 5702 ’ν
605 5669 745 5729 Psal.
779 5690 921 5744 χιιι,
955 5676 1034 5731 15.
