3934 6218
451 324 556 385 719

1285 322 1340 378 s.
1380 295 1748 377 ATHANAS'II
1787 322 1934 376 ore.
1976 320 2153 377 PARS
2190 321 2276 376 lli.
2322 345 2376 360 ας
2428 319 2838 376 EXEGETICA.

3589 321 3685 377 720

522 440 608 496 ιο.
632 438 891 506 Gloriam,
918 449 970 494 et
1003 455 1257 511 magnum
1289 441 1538 497 decorem
1569 442 1810 511 impones
1841 458 2004 512 super
2031 447 2056 503 Δ

2176 441 2261 496 10.
2319 439 2484 506 Δόξαν
2544 443 2636 494 καὶ
2711 438 3179 512 μεγαλοπρέπειαν
3244 437 3525 511 ἐπιθήσεις
3603 443 3686 494 ἐπ’

453 550 574 589 eum
583 573 598 588 ο

523 622 608 676 11.
638 620 903 688 Quoniam
940 621 1094 677 dabis
1125 637 1248 677 eum
1285 622 1340 676 iu
1369 620 1797 678 benedictionem
1832 623 1885 677 in
1914 639 2016 679 sa:-

451 712 634 767 culum
669 711 852 765 saeculi
890 726 903 761 :

523 803 609 857 12.
648 803 971 858 Ltetilicabis
1004 817 1128 855 eum
1155 802 1206 856 in
1244 803 1438 869 gaudio
1461 819 1584 858 cum
1613 804 1764 858 vultu
1796 812 1908 859 tuo.

523 897 608 950 1⁸5.
646 895 910 960 Quoniam
942 911 1036 948 rex
1064 905 1242 963 sperat
1269 895 1322 948 in
1357 894 1585 949 Domino
1612 913 1624 950 :

525 987 611 1040 M.
639 988 703 1040 Et
748 987 802 1041 in
851 985 1223 1041 misericordia
1254 985 1517 1041 Altissimi
1554 1001 1662 1040 non
1711 1000 2017 1040 cummove-

453 1080 616 1135 hitur.

526 1172 612 1226 15.
643 1170 950 1225 Inveniatur
977 1187 1171 1225 manus
1203 1180 1293 1226 tua
1321 1171 1575 1226 omnibus
1604 1170 1838 1225 inimicis
1867 1172 2010 1225 tuis:

523 1264 608 1318 16.
646 1262 871 1318 Dextera
902 1272 992 1316 tua
1017 1264 1256 1317 inveniat
1281 1279 1469 1317 omnes
1498 1264 1588 1333 qui
1623 1274 1671 1316 te
1693 1264 1943 1316 oderunt.

525 1356 612 1410 17.
647 1356 822 1410 Pones
873 1370 1000 1421 eos,
1052 1363 1111 1409 ut
1149 1356 1422 1410 clibanum
1479 1355 1617 1426 ignis
1670 1355 1724 1409 iu
1778 1363 2016 1424 tempore

452 1446 634 1500 vultus
669 1445 768 1499 tui.

525 1538 612 1593 18.
645 1537 907 1592 Dominus
940 1536 994 1591 in
1028 1537 1106 1591 ira
1154 1553 1251 1592 sua
1297 1537 1644 1592 conturbabit
1687 1553 1799 1601 eos,
1829 1546 1882 1591 et
1919 1536 2014 1592 de-

450 1629 659 1683 vorabit
687 1643 780 1682 cos
807 1625 966 1696 ignis.

522 1722 607 1777 19.
640 1721 898 1776 Fructum
927 1737 1113 1776 eorum
1150 1721 1214 1775 de
1244 1728 1387 1774 terra
1413 1721 1604 1791 perdes
1629 1739 1643 1786 ;

521 1813 610 1868 20.
639 1813 705 1868 Ει
729 1829 910 1868 semen
940 1829 1128 1867 eorum
1162 1828 1190 1865 a
1224 1813 1346 1867 ﬁliis
1387 1813 1685 1867 hominum.

520 1902 608 1956 21.
641 1901 910 1968 Quoniam
940 1903 1343 1957 declinaverunt
1365 1903 1419 1956 in
1448 1911 1500 1956 te
1528 1903 1668 1956 mala
1701 1921 1714 1955 :

522 1993 614 2049 22.
644 1994 1030 2065 Cogitaverunt
1075 1995 1341 2059 consilia,
1387 2009 1508 2064 qua:
1559 2009 1664 2050 non
1725 2001 2014 2063 potuerunt

453 2085 693 2141 stabilire
717 2102 731 2139 :

523 2180 611 2234 25.
640 2178 907 2245 Quoniam
943 2193 1109 2248 pones
1137 2193 1231 2234 eos
1254 2177 1509 2232 dorsum:

520 2271 610 2324 24.
641 2267 696 2323 ln
725 2268 966 2340 reliquiis
999 2268 1106 2324 tuis
1130 2270 1458 2339 praeparabis
1484 2268 1691 2325 vultum
1715 2283 1922 2324 eorum.

519 2446 611 2501 25.
636 2445 911 2512 Exaltare,
942 2445 1187 2510 Domine,
1213 2445 1264 2499 in
1290 2445 1486 2502 virtute
1507 2455 1618 2502 tua.

520 2539 608 2594 26.
634 2539 985 2594 Cantabimus
1012 2547 1064 2593 et
1091 2539 1383 2608 psallemus
1410 2542 1637 2596 virtutes
1662 2549 1801 2594 tuas.

2120 532 2301 588 αὐτόν.

2187 624 2275 678 11.
2311 624 2430 677 ’Ὀτι
2463 622 2653 687 δώσεις
2677 621 2823 693 αὐτῷ
2845 623 3092 693 εὐλογίαν
3120 626 3199 688 εἰς
3220 625 3390 678 αἰῶνα
3421 625 3636 688 αἰῶνοςο

2189 805 2272 859 12.
2289 807 2588 877 Εὐφρανεῖς
2607 809 2766 863 αὐτὸν
2779 811 2834 862 ἐν
2846 811 2988 881 χαρᾷ
3007 808 3143 879 μετὰ
3153 806 3247 860 τοῦ
3263 805 3558 878 προσώπου
3577 819 3652 860 σαι

2187 899 2273 953 15.
2308 901 2428 953 ’Ότι
2454 903 2481 954 ό
2507 901 2758 971 βασιλεὺς
2784 902 2990 966 ἐλπίζει
3024 903 3116 954 ἐπὶ
3138 899 3364 972 Κύριον·

2186 991 2273 1044 14.
2305 993 2414 1044 Καὶ
2445 993 2502 1045 ἐν
2528 993 2604 1064 τῷ
2633 994 2771 1048 ἐλέει
2800 993 2893 1047 τοῦ
2938 993 3190 1063 Ὑψίστου
3223 993 3282 1046 οὐ
3317 991 3392 1064 μὴ
3435 991 3682 1060 σαλευθῇ.

2186 1166 2271 1218 15.
2296 1165 2556 1238 Εὐρεθείη
2588 1169 2620 1238 ὴ
2652 1168 2769 1238 χείρ
2797 1185 2888 1221 σου
2915 1170 3045 1222 πᾶσι
3072 1171 3182 1230 τοῖς
3209 1166 3422 1237 ἐχθροῖς
3447 1183 3543 1219 σου
3563 1183 3578 1196 ’

2186 1257 2271 1311 16.
2310 1258 2374 1310 Ἥ
2402 1257 2551 1322 δεξιά
2579 1276 2669 1311 σου
2699 1259 2846 1330 εὖροι
2875 1259 3082 1323 πάντας
3111 1261 3235 1322 τοὺς
3276 1258 3567 1330 μισοῦντάς
3605 1273 3682 1311 σε.

2187 1348 2273 1402 17.
2309 1350 2429 1402 Ὅτι
2462 1350 2649 1420 θήσεις
2683 1351 2876 1414 αὐτοὺς
2901 1353 2976 1415 ὡς
3007 1351 3254 1404 κλίϐανον
3282 1350 3450 1420 πυρὸς
3473 1351 3551 1412 εἰς
3578 1366 3682 1401 καιε

2118 1441 2209 1511 ρὺν
2240 1441 2329 1494 τοῦ
2359 1446 2650 1513 προσώπου
2688 1461 2802 1496 σου.

2187 1536 2273 1590 18.
2299 1536 2499 1608 Κύριος
2526 1539 2582 1590 ὲν
2615 1539 2750 1608 ὀργῇ
2780 1537 2943 1591 αὑτοῦ
2990 1535 3308 1609 συνταράξει
3341 1535 3558 1598 αὐτοὺς,
3595 1534 3680 1588 καί

2116 1627 2488 1696 καταφάγεται
2515 1629 2710 1692 αὐτοὺς
2734 1629 2863 1700 πῦρ.

2184 1721 2270 1777 19.
2299 1721 2400 1776 Τὸν
2428 1723 2638 1792 καρπὸν
2666 1721 2840 1774 αὐτῶν
2873 1721 2978 1775 ἀπὸ
3001 1723 3099 1791 τῆς
3123 1720 3225 1790 γῆς
3243 1719 3491 1782 ἀπολεῖς,

2048 1799 2088 1854 Β
2189 1813 2278 1869 20.
2308 1814 2416 1866 Καὶ
2444 1815 2502 1866 τὸ
2531 1815 2748 1885 σπέρμα
2779 1813 2956 1867 αὐτῶν
2976 1813 3082 1867 ἀπὸ
3108 1813 3237 1866 υἰῶν
3259 1810 3580 1884 ἀνθρώπων.

2189 1903 2279 1956 21.
2311 1904 2431 1957 Ὅτι
2456 1903 2669 1958 ἔκλιναν
2695 1906 2772 1969 εἰς
2801 1905 2859 1958 σὲ
2890 1905 3055 1959 κακά·

2187 1993 2275 2046 22.
2322 1995 2694 2063 Διελογίσαντο
2742 1996 2954 2066 βουλὰς,
2997 1991 3085 2060 αἷς
3125 1994 3203 2068 [in
3231 2011 3398 2066 marg.
3432 1997 3550 2049 cod.
3593 1995 3676 2065 ἃς]

2117 2083 2176 2134 οὐ
2215 2082 2288 2154 μὴ
2313 2081 2570 2136 δύνωνται
2599 2084 2783 2156 στῆναι
2809 2084 3068 2158 [ct-ﬁcus].

2183 2174 2274 2228 25.
2307 2176 2426 2228 Ὅτι
2450 2175 2634 2247 θήσεις
2657 2178 2850 2242 αὐτοὺς
2883 2179 3050 2233 νῶτον

2183 2266 2273 2320 24.
2313 2267 2400 2319 Ἐν
2442 2270 2554 2332 τοῖς
2586 2269 2915 2340 περιλοίποις
2945 2288 3038 2324 σου
3079 2271 3385 2344 ὲτοιμάσεις
3415 2269 3477 2324 τδ
3518 2268 3680 2342 πρόσ-

2117 2371 2263 2408 ωπον
2292 2356 2494 2410 αὐτῶν.

2185 2448 2273 2502 25.
2319 2449 2607 2521 Ὑψὼθητι,
2635 2451 2825 2524 Κύριε,
2859 2455 2916 2506 ἐν
2942 2457 3007 2525 τῇ
3042 2455 3264 2526 δυνάμει
3293 2471 3406 2508 σου.

2187 2540 2276 2596 26.
2309 2541 2544 2612 ᾊσομεν
2571 2543 2664 2596 καὶ
2689 2543 2959 2615 ψαλοῦμεν
2983 2545 3081 2609 τὰς
3108 2545 3423 2609 δυναστείας
3459 2561 3576 2600 σου.

1565 2717 1939 2774 ATHANASH
1978 2718 2566 2778 INTERPRETATIO.

523 2877 612 2932 10.
649 2876 709 2931 ln
747 2891 917 2946 regno
954 2890 1069 2933 tuo.

525 2966 611 3020 11.
664 2965 860 3022 Diceus
901 2967 969 3023 ad
1011 2982 1176 3024 eum:

451 3060 552 3113 mei
579 3059 644 3112 ’⁸.

517 3153 602 3208 12.
639 3152 840 3208 Videns
869 3151 1063 3208 faciem
1113 3159 1264 3206 tuam
1296 3150 1350 3205 in
1395 3165 1562 3221 regno
1600 3159 1692 3207 tuo
1719 3149 2008 3205 laetabitur.

1256 2965 1378 3022 Veni
1399 3006 1415 3033 ,
1467 2964 1764 3020 benedictus
1834 2965 2014 3019 Patris

521 3330 611 3389 15.
651 3328 891 3400 Populus
931 3329 1126 3384 ﬁdelis.

521 3421 607 3474 M.
639 3419 776 3475 Cum
808 3419 948 3473 Deus
993 3419 1108 3488 ipse
1133 3417 1360 3484 venerit,
1412 3415 1842 3471 conﬁrmabitur.

523 3512 607 3566 15.
651 3509 823 3565 Filius
846 3519 972 3566 tuus
1003 3508 1306 3578 confringet
1333 3508 1583 3563 inimicos
1627 3517 1766 3562 tuos.

520 3602 605 3658 16.
657 3603 776 3672 ipse
802 3601 1109 3670 uuigeuitus
1137 3599 1308 3655 Filius
1344 3609 1493 3665 tuus,
1534 3599 1628 3669 qui
1658 3598 1796 3654 sedit
1818 3612 1848 3651 a
1878 3596 2010 3651 dex-

451 3700 548 3754 tris
581 3697 707 3763 tuis,
738 3710 832 3766 per
853 3709 1014 3766 quem
1056 3692 1230 3748 fecisti
1266 3693 1469 3759 omnia,
1499 3693 1665 3747 veluti
1697 3707 1792 3761 per
1823 3691 2009 3745 dexte-

335 3839 342 3844 .
450 3807 566 3846 ram
590 3787 876 3845 concludet
904 3801 999 3842 eos
1045 3801 1235 3841 omnes
1277 3785 1332 3840 in
1362 3785 1688 3854 supplicium
1722 3793 2005 3838 aeternum.

515 3975 601 4029 17.
658 3971 796 4040 Quia
850 3971 906 4025 in
960 3967 1280 4025 saaculorum
1339 3966 1808 4020 consummatione
1856 3964 2008 4020 dabis

443 4086 543 4128 Eos
575 4069 629 4122 in
656 4069 836 4138 ignem
865 4071 1155 4118 aeternum.

515 4161 602 4216 18.
661 4160 814 4213 Alios
842 4155 1060 4226 quidem
1108 4154 1163 4207 in
1207 4152 1413 4218 fletum,
1455 4161 1508 4207 et
1541 4152 1824 4207 stridorem
1875 4151 2008 4206 den-

448 4263 582 4308 tium
617 4249 829 4305 tradet:
862 4246 999 4302 alios
1016 4253 1193 4299 autem
1213 4245 1267 4299 in
1285 4245 1460 4316 ignem
1490 4244 2003 4314 iuexstiuguibilem.

521 4345 610 4399 19.
663 4346 720 4398 lu
753 4349 1012 4395 aeternum
1036 4337 1338 4392 docrrinam
1366 4352 1555 4391 eorum
1590 4336 1887 4406 disperdes.

514 4436 608 4491 20.
670 4431 1091 4488 Adinventiones
1117 4444 1305 4482 eorum
1346 4428 1585 4498 iniquas.

513 4529 601 4582 21.
664 4525 768 4579 Alii
825 4523 1041 4594 quidem
1079 4521 1418 4591 insurgentes
1471 4520 1526 4574 in
1577 4528 1629 4574 te
1678 4519 1731 4573 in
1770 4519 2002 4573 adventu

451 4632 574 4686 tuo;
605 4618 695 4672 alii
734 4624 912 4670 autem
942 4612 1256 4668 resistentes
1285 4611 1498 4666 veritati
1530 4620 1652 4666 tute.

514 4711 603 4764 22.
659 4708 907 4777 Pugnare
933 4712 1124 4759 contra
1157 4710 1211 4757 te
1237 4703 1545 4756 voluerunt.

516 4801 606 4864 25,
645 4799 734 4852 24.
794 4795 1064 4862 Quoniam
1093 4808 1262 4864 pones
1313 4805 1406 4846 eos
1441 4791 1492 4843 iu
1524 4788 1847 4858 supplicium
1875 4803 1999 4841 cum

449 4893 544 4954 iis,
579 4890 673 4959 qui
719 4887 1015 4957 perierunt.

519 4981 610 5036 25.
658 4977 969 5033 Gloriﬁcare
1013 4973 1237 5029 Domine
1281 4971 1335 5025 in
1383 4971 1618 5038 potentia
1667 4968 1999 5024 fortitudinis

449 5084 554 5127 tuae
589 5078 830 5138 tempore
867 5063 1078 5135 judicii.

514 5161 605 5216 26.
661 5159 716 5212 1η
757 5155 1058 5228 praepositis
1087 5153 1310 5225 psalmis
1343 5152 1623 5208 laudantes
1650 5151 1996 5205 narrabimus

447 5253 643 5327 iudicia
678 5249 938 5306 tremendi
968 5247 1046 5301 tui
1070 5244 1370 5300 tribunalis.

517 5426 563 5460 "
598 5425 782 5479 Matth.
824 5433 953 5487 Ην,
988 5421 1076 5477 51.

2197 2875 2282 2931 10.
2327 2876 2413 2930 Ἐν
2437 2880 2503 2948 τῇ
2534 2877 2778 2949 βασιλείᾳ
2805 2893 2920 2931 σου.

2193 2967 2277 3020 11.
2312 2967 2498 3035 Λέγων
2545 2967 2680 3040 πρὸς
2711 2969 2903 3022 αὐτόν·
2961 2968 3160 3037 Δεῦρο,
3209 2971 3243 3023 ό
3277 2969 3675 3040 εὐλογημένος

2003 3042 2005 3045 ’
2042 3042 2084 3099 c
2116 3057 2223 3111 τοῦ
2248 3060 2474 3127 Πατρός
2492 3077 2632 3128 μου.

2185 3152 2271 3206 12.
2304 3152 2535 3222 Θεωρῶν
2575 3151 2633 3204 τὸ
2680 3151 2969 3222 πρόσωπόν
3008 3168 3098 3204 σου
3126 3153 3183 3204 έν
3213 3154 3278 3222 τῇ
3311 3150 3555 3229 βασιλείᾳ
3582 3170 3672 3206 σου

2113 3242 2566 3315 εὐφρανθήσεται.

2183 3337 2270 3390 15.
2321 3337 2377 3388 '0
2405 3337 2590 3398 πιστὸς
2614 3336 2760 3399 λαός.

2183 3427 2270 3480 14.
2309 3427 2396 3480 Ἐν
2437 3427 2512 3498 τῷ
2553 3427 2641 3481 τὸν
2683 3426 2814 3479 Θεὸν
2852 3425 3023 3478 ἐλθεῖν
3064 3424 3255 3489 αὐτὸν,
3291 3427 3672 3498 ὲστηριγμένος

2111 3519 2283 3574 ἔσται.

2183 3610 2268 3664 15.
2307 3609 2364 3663 '0
2393 3607 2519 3672 Υἱός
2547 3625 2639 3662 σου
2665 3608 2939 3679 συντρίψει
2965 3608 3089 3669 τοὺς
3110 3603 3335 3676 ἐχθρούς
3359 3622 3472 3658 σου.

2182 3699 2268 3753 16.
2313 3700 2370 3751 '0
2406 3698 2564 3761 αὐτὸς
2605 3698 2893 3768 μονογενὴς
2927 3696 3050 3759 Υἱός
3081 3712 3172 3749 σου
3210 3697 3238 3749 ὁ
3270 3697 3334 3749 ὲκ
3361 3695 3549 3763 δεξιῶν
3575 3713 3666 3751 σου

2112 3789 2448 3860 καθήμενος,
2477 3789 2542 3842 δι’
2568 3784 2627 3842 οὗ
2657 3789 2914 3859 ἐποίησας
2945 3789 3010 3841 τὰ
3044 3789 3218 3842 πάντα
3238 3828 3252 3852 ,
3287 3789 3361 3850 ὼς
3389 3787 3473 3841 δίἀ
3494 3788 3666 3854 δεξιᾶς

2113 3881 2414 3949 συγκλείσει
2443 3881 2646 3944 πάντας
2676 3882 2870 3944 αὐτοὺς
2897 3882 2976 3943 εἰς
3007 3881 3226 3934 αἰωνίαν
3255 3880 3491 3935 κόλασιν.

2183 3973 2269 4025 17.
2301 3972 2421 4024 ’Ότι
2452 3973 2508 4024 ἐν
2539 3975 2604 4042 τῇ
2648 3971 2922 4043 συντελείᾳ
2947 3971 3040 4024 τοῦ
3071 3972 3262 4037 αἰῶνος
3291 3971 3478 4038 δώσεις
3508 3972 3665 4037 αὐτὸς

2112 4062 2352 4136 [αὐτούς]
2387 4066 2465 4126 εἰς
2491 4064 2551 4117 τὸ
2577 4063 2686 4134 πῦρ
2710 4065 2768 4117 τὺ
2794 4063 3024 4117 αἰώνιον.

2179 4154 2264 4208 18.
2293 4155 2430 4216 Τοὺς
2473 4155 2568 4224 μὲν
2598 4151 2705 4226 γὰρ
2733 4156 2810 4218 είς
2841 4156 2930 4207 τὸν
2974 4154 3244 4225 κλαυθμὸν
3290 4155 3382 4209 καὶ
3430 4154 3664 4226 βρυγμὺν

2110 4247 2216 4300 τῶν
2240 4246 2461 4299 ὀδόντων
2489 4246 2730 4318 παραδῷ,
2765 4248 2890 4310 τοὺς
2915 4246 2970 4298 δὲ
3003 4245 3247 4316 ἀσϐέστῳ
3272 4246 3422 4318 πυρί.

2185 4337 2269 4390 19.
2297 4335 2406 4405 Τὴν
2430 4334 2768 4388 διδασκαλίαν
2791 4333 2966 4387 αὐτῶν
2996 4335 3236 4402 ἀφανιεῖς
3259 4336 3335 4396 εἰς
3359 4333 3449 4385 τὸν
3473 4333 3658 4388 αἰῶνα.

2177 4425 2264 4479 20.
2298 4426 2377 4479 Τὰ
2401 4424 2803 4496 ἐπιτηδεύματα
2830 4423 3007 4478 αὐτῶν
3039 4423 3106 4476 τὰ
3128 4423 3293 4494 ὄνομα
3323 4423 3420 4494 (1).

2174 4517 2263 4572 21.
2287 4518 2348 4572 Οἱ
2387 4517 2484 4588 μὲν
2515 4515 2895 4569 ἐπανίστανταί
2925 4511 3352 4585 [ἐπανιστάντες]
3397 4512 3472 4582 (2)
3501 4529 3581 4566 σοι
3607 4514 3664 4565 ὲν

2106 4611 2172 4679 τῇ
2193 4608 2460 4679 παρουσίᾳ
2477 4623 2589 4659 σου·
2611 4607 2658 4659 οἰ
2679 4606 2734 4659 δὲ
2751 4605 3126 4674 ἀνθιστάμενοι
3143 4609 3200 4659 ἐν
3214 4607 3280 4675 τῇ
3299 4604 3524 4676 ἀληθείᾳ
3547 4621 3658 4658 σου.

2173 4697 2263 4751 22.
2309 4697 2555 4766 Ἀντᾶραι
2578 4695 2845 4765 ἠθέλησαν
2873 4693 3011 4749 κατὰ
3036 4693 3149 4748 σοῦ.

2173 4789 2265 4852 25,
2288 4788 2377 4841 21.
2411 4789 2530 4840 Ὅτι
2565 4786 2748 4857 θήσεις
2779 4787 2972 4850 αὐτοὺς
3000 4787 3079 4850 εἰς
3102 4785 3367 4858 τιμωρίαν
3391 4784 3528 4856 μετά
3555 4784 3660 4839 τῶν

2105 4878 2304 4931 ἀπολλυ
2314 4877 2503 4949 μένων.

2168 4967 2258 5020 25.
2285 4966 2598 5036 Δοξάσθητι,
2625 4966 2813 5036 Κύριε,
2839 4967 2896 5018 ὲν
2920 4964 2996 5035 τῷ
3022 4964 3211 5037 κράτει
3235 4966 3332 5036 τῆς
3363 4963 3542 5036 ἰσχύος
3567 4981 3658 5017 σου

2105 5061 2161 5112 ὲν
2184 5057 2261 5128 τῷ
2291 5057 2463 5127 καιρῷ
2494 5058 2591 5128 τῆς
2615 5057 2864 5127 κρίσεως.

2171 5149 2260 5202 26.
2309 5148 2690 5218 Ἀνυμνοῦντες
2748 5150 2804 5200 ὲν
2850 5151 2960 5212 τοῖς
3007 5147 3381 5219 προκειμένοις
3427 5149 3656 5220 ψαλμοῖς

2103 5238 2468 5311 διηγησόμεθα
2500 5238 2568 5291 τὰ
2599 5240 2851 5310 κριτήρια
2883 5239 2974 5292 τοῦ
3003 5239 3230 5310 φοϐεροῦ
3271 5256 3365 5292 σου
3395 5240 3652 5311 βήματος.

1387 5576 1684 5638 Addenda
1726 5581 1782 5635 et
1815 5567 2186 5647 corrigenda
2225 5583 2300 5628 ex
2335 5565 2471 5626 cod.
2509 5563 2704 5623 Vatic.

517 5740 592 5809 ι1)
628 5743 839 5812 Ἅνομα,
859 5747 875 5765 ⁵

2175 5727 2246 5797 (2)
2294 5725 2713 5786 Ἐπαναστάντσς
