3934 6218
293 322 387 374 721

1188 318 1278 377 οε
1324 278 1602 379 nrws
1641 323 2090 384 PSALMORL‘M.
2128 359 2200 372 —-
2235 329 2429 387 PSAL.
2470 328 2612 386 xxv.

3409 335 3521 393 721

293 446 389 509 Εἰς
412 441 476 495 τὸ
518 440 708 506 τέλος,
736 441 887 509 νπὲρ
914 439 1022 508 τῆς
1055 441 1428 511 ἀντιλήψεως
1460 442 1567 513 τῆς
1590 444 1848 515 ἑωθινῆς,

1996 466 2025 503 n
2051 449 2206 517 finem
2223 488 2238 515 ,
2263 465 2360 520 pro
2385 448 2709 519 susceptione
2737 459 3021 517 matutina,
3048 424 3282 520 psalmus
3322 449 3516 509 David.

606 533 847 609 ψαᾳμδς
866 531 947 598 τῷ
963 533 1163 601 μαι-ιδ.
1199 537 1368 590 ma.
1396 535 1525 592 KA'.

360 623 411 681 1.
444 624 504 691 ’1)
525 622 679 688 Θεὸς,
704 626 733 678 ό
756 624 887 688 Θεός
920 641 1043 695 μου,
1075 626 1308 698 πρόσχες
1335 642 1445 697 μοι·
1474 627 1561 682 ἵνα
1584 628 1637 681 τί
1660 629 1855 698 ἐγκατ-

292 716 467 780 έλιπές
498 734 564 788 με
583 735 599 785 ;

356 809 409 862 2.
440 809 674 881 Μακρὰν
712 809 821 863 ἀπὸ
862 809 962 881 τῆς
1009 809 1281 882 σωτηρίας
1329 828 1430 882 μου
1463 813 1512 865 οί
1552 811 1698 881 λόγοι
1742 811 1851 869 τῶν

292 903 749 974 παραπτωμάτων
781 918 902 973 μου.

357 996 409 1050 5.
449 996 506 1047 'U
535 994 666 1057 Θεός
697 1010 828 1065 μου,
869 993 1204 1066 κεκράξομαι
1237 993 1467 1066 ἡμέρας,
1492 996 1586 1049 καὶ
1612 995 1712 1050 οὐκ
1743 997 1853 1049 εισ-

290 1085 509 1158 ακούσῃ,

356 1179 407 1232 4.
438 1178 548 1230 Καὶ
578 1177 789 1240 νυκτὸς,
817 1178 910 1230 καὶ
937 1177 1036 1230 οὐκ
1063 1176 1143 1239 είς
1174 1174 1356 1230 ἄνοιαν
1388 1177 1529 1248 ὲμοί.

353 1267 404 1323 5.
434 1270 508 1321 Σὺ
539 1268 599 1321 δὲ
632 1270 689 1321 ὲν
714 1266 850 1339 ἁγίῳ
872 1269 1162 1333 κατοικεῖς,
1187 1268 1216 1320 ό
1238 1266 1456 1331 ἔπαινος
1478 1266 1573 1321 τοῦ
1612 1268 1844 1340 Ἰσραήλ.

355 1360 406 1416 6.
452 1361 576 1414 Ἐπὶ
602 1361 683 1414 σοὶ
710 1361 945 1431 ἤλπισαν
970 1360 1018 1413 oi
1052 1358 1284 1430 πατέρες
1316 1358 1495 1430 ἧμῶνο

356 1451 406 1509 7.
439 1450 732 1517 Ἠλπισαν,
774 1451 865 1505 καὶ
889 1450 1102 1523 ἐῤῥύσω
1132 1448 1330 1512 αὐτούς

353 1545 406 1602 8.
435 1544 579 1616 Πρὸς
610 1544 670 1598 σὲ
697 1542 1016 1615 ὲκέκραξαν,
1040 1541 1133 1597 καὶ
1160 1538 1458 1611 ἐσώθησαν,

353 1637 403 1694 9.
446 1638 568 1691 Ἐπὶ
598 1638 681 1689 σοὶ
706 1637 959 1707 ἤλπισαν,
993 1635 1088 1688 καὶ
1118 1634 1178 1687 οὐ
1216 1631 1686 1707 κατῃσχύνθησαν.

352 1728 435 1786 10.
481 1728 623 1797 Ἐγὼ
646 1729 703 1783 δέ
734 1725 1109 1799 είμι-σκώληξ,
1134 1725 1228 1780 καὶ
1253 1725 1352 1779 οὐκ
1379 1724 1681 1797 ἄνθρωπος,

353 1822 439 1876 11.
472 1820 717 1883 Ὄνειδος
745 1818 1065 1890 ἀνθρώπων,
1095 1817 1191 1871 καὶ
1214 1816 1547 1888 ὲξουθένημα
1571 1815 1652 1889 [in
1677 1832 1846 1889 marg.
1878 1808 1923 1864 Β

288 1916 396 1970 cod.
420 1911 781 1983 ὲξουδένωμα]
816 1909 968 1967 λαοῦ.

350 2005 434 2060 12.
460 2004 670 2068 Πάντες
702 2006 754 2057 οἱ
785 2001 1113 2073 θεωροῦντές
1138 2019 1204 2073 με
1227 2000 1659 2072 ὲξεμυκτήρισάν
1692 2016 1781 2071 με·

350 2097 434 2152 15.
473 2096 771 2168 Ἐλάλησαν
804 2097 863 2149 ὲν
892 2095 1143 2165 χείλεσιν,
1168 2093 1423 2164 ἐκίνησαν
1446 2093 1706 2165 κεφαλήν.

351 2187 433 2241 14.
461 2186 731 2240 Ἤλπισεν
761 2186 854 2239 ἐπὶ
881 2184 1104 2256 Κύριον,
1137 2184 1390 2255 ῥυσάσθω
1420 2183 1600 2237 αὐτόν’

351 2273 432 2329 15.
462 2274 700 2328 Σωσάτω
723 2272 903 2337 αὐτὸν,
926 2274 1006 2326 ὅτι
1028 2272 1169 2326 θέλει
1199 2273 1379 2327 αὐτόν.

350 2367 432 2422 16.
461 2367 584 2421 Ὅτι
621 2369 687 2421 σὺ
714 2362 765 2420 εἷ
785 2368 814 2421 ό
839 2366 1119 2430 ὲκσπάσας
1156 2384 1221 2438 με
1248 2369 1311 2419 ἐκ
1338 2366 1594 2439 γαστρός·

2543 539 2746 597 PSAL.
2781 538 2940 597 XXI.

2028 631 2079 685 1.
2114 629 2276 699 Deus,
2307 631 2449 689 Deus
2480 648 2654 698 meus,
2680 633 2888 703 respice
2913 634 2969 688 in
2985 646 3093 701 me,
3120 649 3289 704 quare
3318 649 3402 689 me
3421 635 3515 689 de-

1955 724 2221 793 reliquisti
2244 725 2266 778 ?

2025 816 2074 870 2.
2114 815 2295 888 Longe
2323 833 2352 871 a
2376 830 2546 873 salute
2568 833 2686 873 mea
2712 818 2874 873 verba
2899 818 3215 874 delictorum
3245 831 3514 871 meorum.

2023 994 2076 1048 5.
2104 992 2244 1049 Deus
2267 1009 2439 1060 meus,
2462 993 2709 1051 clamabo
2719 1008 2816 1063 per
2833 991 2999 1059 diem,
3025 999 3079 1047 et
3099 1007 3209 1047 non
3234 990 3510 1056 exaudies.

2024 1180 2077 1233 4.
2108 1177 2174 1231 Ει
2204 1186 2379 1242 nocte,
2418 1187 2473 1234 et
2500 1194 2605 1234 non
2635 1177 2702 1234 ad
2726 1178 3091 1247 insipientiam
3118 1177 3270 1232 mihi.

2025 1272 2078 1327 5.
2108 1270 2187 1325 Tu
2222 1280 2398 1326 autem
2430 1273 2485 1326 in
2514 1280 2703 1328 sancto
2733 1271 2967 1335 habitas,
2994 1270 3116 1326 laus
3134 1270 3323 1328 Israel.

2024 1361 2075 1415 6.
2126 1360 2184 1414 In
2218 1370 2269 1416 te
2301 1371 2654 1431 speraverunt
2686 1370 2866 1431 patres
2901 1362 3094 1428 nostri,

2028 1450 2077 1503 7.
2131 1449 2520 1521 Speraverunt,
2549 1462 2599 1507 et
2630 1452 2870 1507 liberasti
2901 1467 3031 1507 eos:

2022 1542 2076 1597 8.
2133 1541 2216 1597 Ad
2243 1551 2294 1597 te
2324 1543 2716 1611 clamaverunt,
2751 1552 2806 1599 et
2835 1544 2970 1598 salvi
3000 1544 3127 1599 facti
3155 1552 3309 1608 sunt,

2024 1634 2077 1689 9.
2128 1632 2187 1687 In
2218 1644 2270 1688 te
2308 1644 2687 1703 speraverunt,
2727 1644 2783 1690 et
2811 1651 2919 1690 non
2949 1644 3080 1691 sunt
3113 1634 3348 1692 confusi.

2026 1724 2112 1779 10.
2156 1722 2269 1794 Ego
2295 1736 2474 1780 autem
2506 1740 2628 1780 sum
2665 1727 2889 1791 vermis,
2932 1735 2988 1782 et
3032 1742 3141 1781 non
3170 1726 3374 1791 homo;

2023 1815 2108 1871 11.
2156 1811 2519 1885 Opprobrium
2548 1816 2856 1884 hominum,
2886 1827 2939 1873 et
2965 1817 3197 1887 abjectio
3230 1815 3428 1886 plebis.

2023 1995 2111 2051 12.
2162 1994 2366 2050 Omnes
2399 1995 2643 2051 videntes
2672 2009 2783 2059 me,
2830 1994 3145 2050 deriserunt
3170 2007 3259 2047 me
3289 2010 3306 2048 :

2025 2089 2109 2143 15.
2156 2087 2349 2144 Locuti
2394 2095 2524 2143 sunt
2558 2087 2738 2151 labiis,
2767 2097 2823 2143 et
2854 2093 3143 2141 moverunt
3168 2091 3351 2155 caput.

2022 2181 2110 2235 14.
2164 2181 2415 2250 Speravit
2442 2182 2495 2234 in
2530 2179 2786 2246 Domino,
2816 2178 3011 2249 eripiat
3036 2193 3198 2233 eum:

2024 2270 2114 2326 15.
2169 2269 2391 2326 Salvum
2421 2269 2585 2326 faciat
2615 2285 2759 2336 eum,
2790 2271 3049 2339 quoniam
3082 2267 3199 2322 vult
3223 2282 3371 2321 eum.

2023 2365 2110 2419 16.
2161 2363 2428 2430 Quoniam
2454 2374 2509 2416 tu
2541 2377 2622 2428 es,
2652 2361 2744 2433 qui
2777 2361 3062 2416 extraxisti
3086 2375 3170 2415 me
3199 2359 3266 2414 de
3290 2365 3475 2413 ventre
3494 2375 3515 2411 :

1398 2484 1781 2542 ATHANASII
1818 2481 2400 2542 INTERPRETATIO.

355 2581 418 2637 Ἦ
449 2581 786 2655 προκειμένη
830 2583 1105 2654 επιγραφὴ
1141 2582 1379 2655 περιέχει
1407 2582 1516 2655 (1)⁶
1542 2586 1648 2649 Εἰς
1678 2583 1743 2638 τὸ
1776 2582 1971 2650 τέλος,
2000 2582 2151 2652 ὑπὲρ
2178 2578 2285 2648 τῆς
2328 2576 2702 2646 ἀντιλήψεως
2725 2572 2834 2643 τῆς
2866 2568 3134 2638 ἑωθινῆς,
3168 2567 3409 2639 ψαλμὸς
3433 2563 3512 2632 τῷ

285 2675 463 2731 Δασίὸ.
479 2675 654 2730 Τοῦτο
685 2671 775 2729 οὖν
807 2674 975 2744 λέγει,
1007 2675 1087 2727 ὄτι
1107 2673 1315 2746 ψαλμὺς
1328 2675 1541 2748 εἴρηται
1569 2676 1673 2731 ὑπὸ
1714 2676 1806 2730 τοῦ
1835 2676 1997 2730 Δαόὶδ
2024 2677 2151 2748 περὶ
2183 2674 2285 2744 τῆς
2326 2670 2658 2742 ἀντιλήψεως
2680 2669 2778 2740 τῆς
2798 2665 3094 2738 γενομένης
3128 2663 3257 2734 ¹ἡμῖν
3288 2659 3392 2715 ὑπὸ
3415 2657 3517 2714 τοῦ

284 2767 404 2821 Θεοῦ
418 2769 448 2840 ή
455 2769 569 2841 μῶν
585 2768 787 2842 Ἰησοῦ,
805 2768 967 2840 ἡνίκα
983 2766 1252 2822 ἀνέτειλεν
1272 2770 1405 2840 ἡμῖν
1434 2768 1548 2840 φῶς
1572 2769 1661 2824 διὰ
1677 2770 1769 2824 τοῦ
1793 2770 1986 2825 ἑαυτοῦ
2007 2770 2214 2833 πάθους
2238 2770 2352 2831 τοῖς
2380 2765 2711 2837 καθημένοις
2727 2764 2784 2816 ἐν
2803 2763 2986 2817 σκότει
3006 2762 3100 2815 καὶ
3113 2760 3237 2839 σκιᾷ
3255 2757 3517 2813 θανάτου.

343 2882 547 2941 Titulus
578 2884 905 2955 pra-positus
943 2881 1183 2937 continet
1210 2896 1225 2933 :
1258 2878 1327 2935 In
1349 2882 1530 2951 ﬁnem,
1558 2898 1654 2953 pro
1685 2884 2008 2952 susceptione
2037 2881 2322 2944 matutina,
2365 2881 2601 2947 psalmus
2629 2872 2823 2928 David.
2855 2868 2969 2925 Hoc.
3001 2877 3179 2925 autem
3211 2865 3515 2937 signiﬁcat,

284 2976 414 3046 quod
447 2977 695 3045 psalmus
726 2976 903 3032 dictus
929 2984 1012 3032 est
1036 2992 1067 3031 a
1094 2974 1297 3032 Davide
1326 2977 1393 3031 de
1426 2978 1789 3048 susceptione,
1826 2992 1948 3048 quae
1986 2976 2128 3031 facta
2154 2982 2239 3029 est
2280 2973 2435 3028 nobis
2465 2988 2496 3026 a
2526 2971 2637 3026 Deo
2666 2976 2856 3025 nostro
2880 2964 3031 3033 Iesu,
3071 2979 3194 3020 cum
3229 2962 3385 3019 nobis
3416 2976 3507 3018 se-

283 3066 520 3124 dentibus
550 3069 603 3123 in
644 3070 880 3125 tenebris
908 3079 962 3124 et
990 3072 1183 3126 umbra
1212 3072 1425 3138 mortis,
1456 3087 1552 3144 per
1580 3071 1749 3143 ipsius
1776 3072 2083 3143 passionem
2117 3070 2211 3124 lux
2242 3078 2359 3123 orta
2391 3078 2473 3122 est
2494 3068 2559 3120 '9.

349 3162 397 3217 1.
439 3162 529 3215 Ἐκ
557 3162 853 3235 προσώπου
887 3164 979 3217 τοῦ
1014 3163 1140 3219 λαοῦ
1174 3165 1340 3234 λέγει.

346 3252 396 3306 2.
430 3254 525 3308 Διὰ
556 3256 634 3310 τὰ
659 3257 1081 3328 παραπτώματά
1115 3273 1216 3330 μου
1244 3258 1557 3331 ὲμακρύνθη
1591 3259 1627 3330 ἡ
1664 3275 1839 3330 σωτη-

288 3343 370 3415 ρία
397 3363 516 3417 μου.

347 3436 397 3490 5.
438 3438 524 3491 Ἐν
548 3440 616 3510 τῇ
650 3438 797 3511 ἀρχῇ
817 3439 924 3493 τῶν
958 3440 1268 3514 προφητῶν.

348 3532 398 3580 4.
439 3528 559 3580 Ἐπὶ
607 3529 892 3600 συντελείᾳ
918 3529 1028 3586 τῶν
1071 3528 1280 3585 αἰώνων
1304 3529 1592 3603 βοήσομαι,
1620 3531 1714 3585 καὶ
1743 3531 1844 3585 οὐκ

285 3619 357 3681 εἰς
380 3621 549 3692 μάτην
581 3639 676 3693 μοι
704 3624 1013 3694 γενήσεται.

345 3710 396 3765 5.
434 3713 517 3765 ‘Ev
541 3713 621 3784 τῷ
641 3715 817 3785 Πατρὶ
831 3717 1121 3781 κατοικεῖς,
1143 3716 1171 3768 ὁ
1194 3714 1409 3780 ἔπαινος
1427 3713 1502 3787 (2)
1522 3714 1630 3770 τῶν
1652 3715 1841 3784 ἁγίων.

349 3798 457 3854 6-9.
484 3801 607 3855 Νῶε
631 3842 647 3867 ,
695 3800 819 3856 Λὼτ
838 3844 852 3869 ,
889 3802 1106 3869 Ἰακὼϐ,
1140 3805 1410 3876 Μωῦσῆς,
1449 3804 1652 3877 Ἰησοῦς
1691 3807 1720 3858 ὁ
1750 3803 1841 3858 τοῦ

285 3887 450 3959 Ναυῆ,
483 3892 577 3946 καὶ
608 3894 664 3945 οἱ
692 3893 910 3964 Κριταί.

349 3979 432 4045 10,
468 3982 552 4037 11.
579 3984 662 4052 (5)
706 3984 799 4036 Ἐκ
820 3984 913 4037 τοῦ
944 3983 1235 4055 προσώπου
1257 3984 1350 4039 τοῦ
1378 3987 1581 4057 Κυρίου
1614 3985 1760 4056 λέγει
1784 3985 1844 4040 τὸ

286 4070 370 4125 ἐπὶ
404 4073 503 4145 γῆς
553 4074 788 4146 ὀφθῆναι
835 4076 910 4149 (4)
947 4076 1435 4148 ἀναστρεφόμενον,
1481 4078 1573 4132 καὶ
1620 4078 1713 4131 ἐπὶ
1750 4077 1841 4142 ξύ-

286 4163 369 4219 λου
421 4170 494 4240 (5)
547 4168 645 4223 τοῦ
710 4169 942 4240 σταυροῦ
1001 4170 1163 4225 αὐτόν
1220 4170 1470 4224 τεθνάναι
1527 4170 1844 4239 ὲμπαγὲντα

287 4257 357 4329 τῷ
382 4260 453 4331 (6)
485 4262 626 4334 ξύλῳ
656 4263 762 4316 ὑπὸ
780 4262 889 4317 τῶν
917 4263 1080 4334 ἧλων,
1115 4263 1209 4316 κα)¹
1232 4263 1517 4333 γενόμενον
1552 4262 1625 4333 (7)
1653 4263 1843 4333 δέλεαρ

288 4350 357 4421 τῷ
382 4353 627 4425 διαϐόλῳ.

352 4445 434 4509 12,
461 4448 548 4502 15.
576 4446 651 4518 (8)
686 4447 874 4509 Ὀντος
916 4445 1024 4517 γὰρ
1060 4446 1222 4501 αὐτοῦ
1256 4446 1349 4500 ἐπὶ
1386 4443 1479 4499 τοῦ
1510 4445 1760 4518 σταυροῦ,
1791 4447 1842 4498 οί

1869 3172 1912 3228 c
2013 3165 2066 3219 1.
2120 3163 2197 3218 Ex
2236 3177 2469 3233 persona
2495 3159 2677 3230 populi
2712 3156 2971 3227 loquitur.

2008 3255 2064 3311 2.
2123 3252 2351 3325 Propter
2377 3251 2576 3308 delicta
2604 3264 2724 3305 mea
2752 3239 2914 3319 longe
2940 3246 3084 3303 facta
3114 3252 3200 3301 est
3229 3259 3261 3299 a
3292 3256 3381 3298 me
3406 3255 3503 3299 sa-

1941 3348 2029 3404 lus
2070 3361 2211 3402 mea.

2015 3440 2069 3494 5.
2121 3437 2178 3493 In
2209 3435 2478 3508 principio
2506 3422 2917 3504 prOphetarum.

2012 3531 2066 3584 4.
2120 3531 2181 3584 In
2224 3527 2699 3584 consummatione
2740 3524 3061 3579 surculorum
3092 3518 3358 3586 clamabo,
3410 3531 3508 3573 ne-

1942 3636 2047 3692 que
2079 3619 2131 3674 id
2175 3618 2310 3673 mihi
2355 3617 2724 3672 frustraneum
2762 3615 2888 3669 erit.

2014 3714 2065 3769 5.
2103 3712 2160 3767 In
2189 3712 2348 3767 Patre
2378 3711 2611 3774 habitas,
2652 3710 2773 3764 lans
2820 3717 3153 3764 sanctorum.

2014 3824 2132 3880 6-9.
2164 3821 2297 3887 Noe,
2317 3821 2437 3882 Lot.
2469 3819 2655 3886 Jacob,
2677 3818 2910 3891 Moyses,
2939 3818 3099 3875 Jesus
3125 3814 3292 3883 Nave,
3321 3824 3376 3870 et
3399 3813 3499 3870 Ju-
3591 3880 3600 3892 _

1941 3917 2109 3973 dices.

2014 4007 2101 4072 10,
2139 4007 2226 4061 11.
2254 4006 2331 4061 Ex
2362 4021 2590 4078 persona
2622 4004 2836 4060 Domini
2878 4005 3029 4067 dicit,
3069 4000 3341 4072 quomodo
3372 4013 3502 4056 con-

1940 4105 2191 4154 versatus
2242 4098 2297 4151 in
2369 4098 2532 4152 terris
2585 4096 2854 4166 apparuit,
2914 4104 2969 4150 et
3019 4093 3074 4147 in
3121 4091 3302 4147 crucis
3354 4090 3502 4160 ligno

1944 4200 2192 4245 mortuus
2224 4198 2307 4244 est
2334 4188 2500 4245 clavis
2544 4189 2690 4258 ligno
2729 4185 2940 4249 allixus,
2968 4194 3023 4239 et
3051 4198 3176 4241 esca
3208 4181 3384 4238 factus
3419 4190 3503 4236 est

1943 4283 2182 4338 diabolo.
2215 4281 2521 4377 [Tanquam
2558 4280 2756 4336 vermis
2786 4279 2854 4334 ad
2893 4278 3212 4350 capiendum
3248 4271 3503 4345 piscem]

2016 4436 2102 4501 12,
2145 4435 2230 4490 15.
2285 4435 2424 4491 Cum
2452 4435 2596 4490 enim
2639 4436 2694 4489 in
2729 4450 2891 4490 cruce
2927 4442 3089 4497 esset,
3115 4440 3507 4502 praetereuntes

292 4509 784 4610 παραπορευόμενοι
822 4509 1200 4608 ἐϐλασξρήμουν
1255 4536 1412 4591 αὐτὸν
1443 4509 1690 4605 λέγοντές
1713 4551 1726 4565 ·
1750 4509 1840 4589 Et

2001 4528 2389 4598 asphemabant
2435 4542 2558 4582 eum
2613 4527 2900 4583 dicentes:
2958 4526 3019 4580 Si
3065 4523 3241 4578 Filius
3288 4522 3384 4576 Dei
3423 4538 3499 4588 es,

298 4626 419 4693 mc
461 4624 515 4682 εἶ
555 4629 665 4683 τοῦ
713 4627 880 4690 Θεοῦ,
927 4627 1208 4695 κατάϐηθι
1247 4627 1366 4681 ἀπὸ
1410 4626 1516 4681 τοῦ
1552 4627 1834 4696 σταυροῦ,

290 4720 544 4784 κινοῦντες
565 4722 663 4786 τὰς
695 4720 932 4790 κεφαλὰς
954 4721 1135 4790 ἔλεγον
1158 4721 1349 4776 ταῦτα.

356 4808 437 4872 14,
475 4810 562 4865 15.
596 4811 819 4878 Ἔλεγον
855 4812 905 4863 οἱ
938 4810 1242 4881 ἀρχιερεῖς·
1287 4808 1576 4865 Πέποιθεν
1605 4809 1704 4864 ἐπὶ
1730 4808 1839 4864 τὸν

293 4901 453 4954 Θεόν·
481 4902 766 4970 ῥυσάσθω
794 4905 980 4959 αὐτόν
1006 4904 1101 4975 (9).

354 4992 436 5047 16.
474 4995 532 5048 '0
577 4996 989 5068 ἐσταυρωμένος
1030 4996 1177 5065 λέγει
1218 4995 1298 5068 τῷ
1344 4996 1552 5070 Πατρίο
1599 4998 1696 5051 Ἐκ
1741 5013 1838 5066 τα-

293 5083 461 5152 στρὸς
481 5087 594 5155 πρὸ
624 5089 960 5158 Ἑωσφόρου
980 5088 1310 5158 ὲγέννησάς
1322 5107 1398 5159 με
1426 5089 1558 5162 (10).

1948 4620 2195 4674 descende
2235 4620 2297 4674 de
2342 4636 2494 4676 cruce
2548 4621 2701 4689 ὀι-⁵ο,
2741 4628 3020 4676 moventes
3059 4619 3234 4688 capita
3257 4632 3355 4672 sua
3389 4616 3503 4669 hac

1941 4713 2211 4769 dicebant.

2008 4722 2211 4769 cebant.

2008 4806 2094 4871 M,
2129 4805 2214 4860 15.
2269 4804 2530 4859 Dicebant
2563 4801 2834 4872 principes
2868 4802 3209 4857 sacerdotum
3261 4815 3275 4853 :
3320 4797 3503 4867 Conﬁ-

1949 4901 2027 4954 dit
2063 4900 2117 4953 in
2152 4899 2261 4951 Deo
2288 4915 2305 4952 :
2337 4899 2515 4952 liberet
2545 4912 2664 4951 eum
2689 4897 2757 4951 ιι.

2022 4992 2110 5045 16.
2158 4990 2461 5044 Crucilixus
2503 4989 2633 5044 dicit
2662 4987 2805 5042 Patri
2833 5004 2846 5041 :
2887 4983 2971 5039 Ea:
3001 4992 3146 5039 utero
3173 4988 3293 5035 ante
3322 4978 3385 5031 tu.

1947 5101 2065 5138 rum
2088 5085 2313 5155 genuisti
2346 5099 2424 5137 me
2447 5082 2512 5136 δ’.

357 5182 722 5267 "lsa.tx,2.
796 5201 912 5234 δοσιο
941 5200 1127 5255 Matth.
1155 5217 1323 5268 uvu,
1351 5203 1440 5257 ιθ.
1515 5201 1557 5233 ιι
1594 5202 1722 5257 ibid.
1749 5200 1838 5255 ιε.
1913 5196 2342 5259 "Psal.c1x,'5.

1219 5315 1524 5377 Addenda
1581 5324 1641 5378 et
1691 5313 2061 5393 corrigenda
2099 5328 2178 5372 ex
2220 5312 2360 5371 cod.
2396 5308 2595 5368 Vatia.

463 5434 769 5519 ξξξπιγραςρὴ
791 5439 824 5519 η
845 5436 931 5519 διᾲ
956 5436 1055 5519 τῆς
1083 5433 1449 5506 κινναϐάρεως
1481 5436 1741 5508 περιέχει.

377 5499 430 5575 3)
455 5505 526 5575 _'_o
552 5499 734 5575 ἐπάνω
757 5499 865 5560 τῶν
897 5499 1083 5575 ἁγίων.

378 5570 430 5639 5)
455 5572 518 5628 Ν.
555 5574 645 5637 10,
674 5577 760 5639 ll,
786 5579 838 5630 in
865 5570 984 5633 cod.
1009 5593 1064 5633 ιι.
1098 5576 1165 5633 10
1191 5586 1402 5634 tantum

379 5573 411 5624 5
455 5573 518 5628 Ν.
555 5574 645 5637 10,
674 5577 760 5639 11,
786 5579 838 5630 ἰιι
865 5592 901 5632 (ν

379 5573 432 5717 ἑ)
460 5644 629 5717 εὐεδν
646 5645 901 5717 Minat-

361 5709 435 5778 15)
460 5712 566 5768 Τοῦ
598 5709 774 5781 ξύλου.

2009 5431 2085 5503 (6)
2117 5431 2221 5484 Οὗν
2253 5431 2349 5500 τῷ.

2018 5502 2094 5571 (7)
2130 5503 2240 5555 Καὶ
2264 5501 2575 5571 γενόμενον,
2604 5506 2733 5571 etc.,
2766 5496 2962 5571 desunt
2989 5493 3043 5548 in
3072 5489 3196 5547 cod.

2036 5564 2089 5637 8)
2123 5571 2184 5625 Ν.
2218 5564 2417 5636 12,15,
2449 5569 2502 5621 in
2528 5570 2647 5623 cod.
2675 5584 2730 5620 n.
2759 5564 2959 5620 11-15.-

2035 5642 2087 5712 9)
2114 5641 2320 5712 Αὒτὼν,
2355 5643 2403 5693 εί
2435 5638 2575 5712 θέλει
2601 5637 2797 5693 αὐτόν..

2042 5709 2128 5783 10)
2154 5709 2489 5783 Γεγέννηκάς
2523 5725 2609 5779 με.
