3934 6218
412 312 520 371 725
1250 317 1308 375 S.
1348 320 1720 378 ATHANASII
1756 322 1906 380 OPP.
1945 325 1965 381 1

2072 328 2126 386 lS
2162 329 2250 387 111.
2288 362 2359 375 -—
2397 333 2802 391 EXEGETICA.
3521 340 3625 397 724

483 450 571 505 17.
624 447 761 521 Spes
789 465 908 508 mea
935 458 1003 509 ab
1033 455 1294 513 uberibus
1331 460 1524 515 matris
1549 475 1684 516 mea:
1711 481 1724 516 :
1999 451 2036 506 Α

1999 451 2046 506 Α
2143 447 2229 502 17.
2276 448 2338 501 ’11
2364 450 2514 515 ἐλπίς
2551 469 2648 521 μου
2675 453 2780 505 ἀπὸ
2811 452 3026 523 μαστῶν
3051 454 3146 524 τῆς
3171 455 3372 526 μητρός
3403 471 3527 526 μουο

486 540 571 595 18.
626 539 682 594 1η
715 551 766 596 te
793 541 1066 613 proiectus
1106 559 1226 599 sum
1257 561 1322 601 ex
1355 557 1508 602 utero
1537 567 1552 603 :

2149 538 2234 590 18.
2271 538 2395 592 Ἐπὶ
2425 541 2482 592 σὲ
2509 542 2807 614 ὲπερῤίφην
2833 543 2896 596 ὲκ
2930 545 3161 614 μήτρας·

481 632 570 685 19.
624 630 701 687 De
726 643 914 689 ventre
941 638 1131 690 matris
1158 650 1311 702 meae,
1339 636 1481 693 Deus
1507 655 1659 696 meus
1684 656 1742 695 es
1773 651 1864 696 tu:

2149 629 2232 683 19.
2272 631 2400 684 Ἀπὸ
2427 633 2659 703 γαστρός
2685 635 2886 705 μητρός
2921 652 3020 705 μου
3045 635 3174 698 Θεός
3203 653 3303 706 μου
3327 631 3378 688 εἴ
3406 635 3494 689 σύο

427 781 430 785 ,
478 720 569 775 20.
615 721 693 777 Ne
739 723 1059 781 discesseris
1111 741 1160 791 a,
1196 741 1302 790 me,
1360 729 1617 798 quoniam
1689 732 1975 787 tribulatio

1906 732 1975 786 ιίο
2147 721 2236 776 20.
2265 721 2355 792 Μὴ
2382 724 2621 795 ἀποστῇς
2653 726 2745 778 ἀπ’
2772 725 2925 796 ἐμοῦ,
2957 726 3039 778 ὅτι
3072 725 3244 792 θλίψις
3271 728 3459 797 ἐγγὺς,

415 813 660 882 proxima
683 823 791 880 est,

484 904 572 958 2i.
617 905 882 971 Quoniam
906 923 1012 963 non
1043 917 1146 975 est,
1175 910 1268 980 qui
1301 909 1522 981 adjuvet
1551 927 1656 966 me.

1560 927 1656 966 me.
2147 905 2237 958 2|.
2273 906 2395 960 Ὅτι
2419 906 2518 959 οὐκ
2545 907 2687 960 ἔστιν
2709 908 2737 960 6
2765 907 2972 979 βοηθῶν
3007 926 3113 979 μοι.

483 996 571 1050 22.
623 995 1113 1056 Circuit-dederunt
1146 1017 1233 1057 me
1262 1003 1418 1058 vituli
1452 1004 1630 1069 multi,

2147 995 2234 1048 22.
2269 994 2716 1066 Περιεκύκλωσάν
2748 1015 2813 1069 με
2845 999 3029 1070 μόσχοι
3063 1000 3263 1067 πολλοὶ,

481 1088 572 1142 25.
634 1088 800 1143 Tauri
829 1089 1058 1162 pingues
1090 1092 1420 1148 obsederunt
1443 1110 1530 1149 me
1558 1113 1572 1148 ε

1558 1113 1572 1148 ε
2149 1087 2238 1138 25.
2274 1085 2473 1157 Ταῦροι
2503 1087 2682 1151 πίονες
2705 1090 2986 1160 περιέσχον
3023 1107 3108 1160 με·

486 1180 579 1236 24.
627 1183 967 1252 Aperuerunt
995 1200 1159 1256 super
1205 1201 1292 1241 me
1319 1201 1380 1241 os
1412 1203 1594 1251 suum,

2145 1177 2234 1232 24.
2271 1178 2522 1242 Ἤνοιξαν
2548 1181 2632 1232 ἐπ’
2660 1181 2758 1250 ἐμὲ
2786 1181 2845 1233 τὸ
2875 1181 3042 1252 στόμα
3076 1182 3270 1247 αὐτῶν,

481 1273 573 1328 25.
625 1272 780 1329 Sicut
808 1275 894 1331 leo
926 1277 1160 1346 rapiens,
1187 1286 1240 1333 et
1283 1279 1524 1350 rugiens.

2145 1267 2235 1322 25.
2271 1269 2360 1331 Ὠς
2385 1270 2518 1322 λέων
2551 1269 2827 1340 ἁρπάζων,
2860 1273 2952 1325 καὶ
2985 1273 3309 1345 ὡρυόμενος.

482 1361 573 1418 26.
627 1362 781 1417 Sicut
816 1379 956 1434 aqua
977 1365 1184 1420 ell‘usus
1211 1380 1353 1430 sum,

1326 1384 1353 1430 ι,
2146 1359 2236 1413 26.
2275 1359 2416 1412 Ὥσεὶ¹
2441 1360 2579 1431 ὓδωρ
2605 1360 2879 1433 ἐξεχύθην,

482 1453 574 1508 27.
630 1452 696 1508 Et
723 1455 972 1525 dispersa
999 1465 1131 1510 sunt
1163 1456 1350 1510 omnia
1369 1470 1495 1512 ossa
1526 1470 1670 1510 mea.

2147 1451 2237 1507 27.
2265 1451 2374 1506 Καὶ
2405 1452 2785 1523 διεσκορπίσθη
2821 1453 2995 1508 πάντα
3026 1455 3092 1509 τὰ
3121 1457 3249 1510 ὀστᾶ
3285 1473 3405 1528 μου.

483 1544 574 1599 28.
622 1544 848 1602 Factum
873 1556 959 1603 est
995 1562 1091 1603 cor
1116 1563 1298 1604 meum
1333 1557 1594 1620 tanquam
1650 1563 1774 1604 cera
1805 1547 1978 1618 lique-

2147 1541 2237 1596 28.
2281 1542 2541 1614 Ἐγενήθη
2573 1546 2605 1614 ἡ
2645 1545 2840 1615 καρδία
2871 1562 2968 1616 μου
2994 1545 3124 1600 ὡσεὶ
3152 1549 3315 1618 κηρὸς
3340 1547 3636 1619 τηκόμενος

413 1649 572 1690 scenis
602 1634 669 1705 in_
689 1636 870 1692 medio
888 1638 1093 1692 ventris
1123 1638 1252 1693 mei.

2079 1634 2138 1686 ὲν
2170 1632 2319 1704 μέσῳ
2346 1634 2446 1702 τῆς
2472 1634 2676 1697 κοιλίας
2707 1650 2827 1705 μου·

481 1728 575 1784 29.
629 1729 787 1783 Aruit
814 1737 1072 1800 tanquam
1103 1738 1241 1786 testa
1271 1731 1445 1786 virtus
1468 1745 1585 1785 mea
1614 1747 1630 1784 :
2009 1789 2034 1800 _

2009 1789 2046 1800 _
2151 1723 2241 1777 29.
2278 1723 2574 1794 Ἐξηράνθη
2599 1723 2672 1786 ὡς
2697 1723 2956 1794 ὄστρακον
2988 1725 3021 1794 ἡ
3053 1723 3201 1793 ἰσχύς
3237 1742 3357 1794 μου,

477 1817 568 1872 50.
613 1817 680 1872 Et
698 1818 880 1889 lingua
909 1789 1028 1873 mea
1051 1819 1278 1874 adhaesit
1302 1817 1552 1874 faucibus
1586 1817 1760 1873 meis:
2005 1789 2030 1845 Ῑ

2149 1813 2237 1868 50.
2264 1789 2428 1884 Καὶῆ
2458 1789 2678 1882 γλῶσσά
2707 1789 2806 1884 μου
2829 1789 3146 1884 κεκόλληται
3167 1789 3492 1885 ’τῷ-λάρυγγί
3515 1830 3635 1887 μω·

482 1907 572 1962 51.
626 1907 693 1962 Et
715 1909 770 1963 in
795 1910 1072 1980 pulverem
1102 1911 1292 1966 mortis
1325 1910 1595 1966 deduxisti
1629 1925 1733 1964 me.

2149 1906 2236 1959 51.
2265 1906 2374 1958 Καὶ
2403 1906 2482 1968 είς
2511 1904 2637 1976 χοῦν
2667 1905 2892 1960 θανάτου
2919 1907 3224 1976 κατήγαγές
3251 1924 3335 1978 με.

486 2000 576 2055 52.
627 1999 901 2067 Quoniam
938 2002 1347 2057 circumderunt
1374 2017 1460 2056 me
1506 2017 1671 2057 canes
1701 2001 1854 2056 multi
1885 2019 1899 2055 :

1701 2001 1854 2056 multi
1885 2019 1899 2055 :
2147 1996 2236 2050 52.
2266 1995 2386 2048 Ὅτι
2418 1995 2730 2050 ἐκύκλωσὸω
2760 2015 2825 2066 με
2852 2000 3010 2060 κύνες
3036 1997 3233 2050 πολλοί·

478 2092 568 2148 55.
619 2093 929 2148 Concilium
965 2093 1380 2166 malignantium
1409 2093 1624 2148 obsedit
1653 2107 1760 2147 me.

2149 2084 2241 2140 55.
2265 2083 2558 2155 Συναγωγὴ
2587 2085 3028 2157 πονηρευομένων
3060 2085 3340 2158 περιέσχον
3376 2100 3463 2154 με.

1529 2267 1900 2326 ATHANASII
1939 2266 2530 2324 INTERPRETATIO.

485 2448 569 2502 17.
634 2446 759 2518 Spes
790 2465 906 2503 mea
955 2449 1019 2503 ab
1045 2449 1292 2522 yberi‘bua
1331 2450 1518 2504 matris
1566 2467 1696 2506 mete
1722 2465 1741 2502 :
1790 2449 1978 2504 Mariae

2147 2449 2233 2503 17.
2269 2448 2346 2519 (1)
2376 2449 2513 2503 Ἕπὶ
2538 2448 2612 2502 σὲ
2632 2447 2959 2516 ἐπερῤίφην
2983 2445 3050 2500 ἐκ
3075 2445 3297 2516 μητρός
3315 2463 3328 2477 ·
3355 2445 3543 2517 Μαρία
3563 2445 3637 2517 (2)

411 2535 605 2591 matris
631 2535 867 2604 Domini,
903 2546 998 2592 aut
1038 2539 1306 2608 signiﬁcat
1347 2537 1606 2593 facientes
1649 2537 1964 2592 voluntatem

2086 2541 2167 2594 τοῦ
2194 2540 2396 2612 Κυρίου
2436 2540 2582 2609 λέγει
2607 2541 2732 2602 τοὺς
2768 2538 3052 2602 ποιοῦντας
3076 2540 3135 2592 τὸ
3159 2537 3366 2608 θέλημα
3404 2540 3499 2591 τοῦ
3531 2539 3639 2594 Παι-

413 2627 592 2682 Patris
619 2631 761 2698 ejus,
797 2627 893 2698 qui
927 2629 981 2682 in
1012 2631 1166 2683 caelis
1213 2638 1318 2696 est,
1371 2629 1474 2684 hoc
1527 2637 1607 2684 est
1654 2628 1966 2696 discipulos,

2084 2630 2203 2701 πρὸς
2234 2629 2416 2695 αὑτοῦ,
2453 2629 2547 2683 τοῦ
2573 2631 2629 2682 ὲν
2650 2629 2912 2701 οὐρανοῖς,
2941 2628 3185 2682 τουτέστι
3215 2629 3340 2692 τοὺς
3375 2628 3637 2699 μαθητάς.

415 2719 516 2774 hoc
542 2720 745 2775 modo:
786 2720 922 2791 Spes
949 2729 1040 2775 tua
1072 2721 1127 2775 in
1156 2737 1242 2776 mc
1282 2736 1348 2776 ex
1389 2721 1638 2776 doctrina
1679 2720 1968 2791 discipulo-

2088 2722 2152 2774 'H
2190 2722 2341 2784 ἐλπίς
2380 2739 2471 2775 σου
2510 2721 2584 2791 (5)
2625 2722 2657 2791 ὴ
2693 2722 2769 2783 είς
2806 2720 2904 2790 ἐμὲ
2945 2721 3007 2772 ἐκ
3045 2722 3142 2791 τῆς
3166 2717 3385 2796 διδαχῆς
3404 2719 3511 2773 τῶν
3544 2737 3641 2791 μα-

413 2825 536 2864 rum
578 2826 822 2866 meorum
853 2821 956 2866 est.

2089 2811 2261 2881 θητῶν
2310 2813 2410 2884 μού
2455 2815 2619 2865 ἐστιν.
2651 2809 2752 2883 [Ἠ
2796 2811 2947 2875 ἐλπίς
2985 2829 3084 2881 μου
3133 2811 3238 2864 ἀπὸ
3283 2810 3500 2881 μαστῶν
3547 2812 3642 2878 τῆς

417 2902 620 2973 μητρός
656 2919 788 2974 μου·
823 2902 1038 2975 Μαρίας
1080 2901 1173 2957 τοῦ
1216 2903 1420 2975 Κυρίου
1443 2905 1517 2976 ,ἢ
1549 2904 1692 2973 λέγει
1738 2904 1863 2967 τοὺς
1896 2901 2177 2966 ποιοῦντας
2208 2905 2268 2956 τὸ
2305 2883 2512 2976 Θέλημα
2561 2904 2653 2957 τοῦ
2703 2903 2912 2976 Πατρὺς
2958 2903 3140 2966 αὑτοῦ,
3169 2903 3261 2956 τοῦ
3296 2905 3351 2958 ὲν
3371 2883 3644 2975 οὐρανοῖς,

413 2992 656 3046 τουτέστι
690 2994 815 3058 τοὺς
861 2993 1123 3066 μαθητὰς,
1163 2995 1361 3060 οὕτως·
1409 2997 1472 3050 Ἦ
1514 2995 1666 3059 ἐλπίς
1704 3013 1796 3048 σου
1831 2997 1862 3066 ἠ
1893 2996 1972 3058 είς
2011 2994 2111 3065 ἐμὲ
2146 2997 2208 3049 ὲκ
2235 3000 2334 3067 τῆς
2354 2997 2570 3068 διδαχῆς
2601 2996 2708 3049 τῶν
2734 2995 2987 3066 μαθητῶν
3013 2995 3111 3066 μού
3150 2994 3341 3067 ὲστιν.]

494 3085 580 3138 18.
626 3083 762 3141 Illud
796 3097 973 3141 autem
1002 3107 1014 3142 :
1066 3087 1134 3142 In
1170 3098 1217 3143 te
1259 3089 1522 3159 projectus
1555 3105 1672 3142 sum
1699 3104 1763 3142 ea:
1807 3101 1975 3154 utero,

2145 3088 2230 3142 18.
2278 3088 2349 3141 Τὸ
2384 3089 2474 3153 δὲ,
2516 3087 2645 3141 Ἐπὶ
2693 3086 2769 3140 σὲ
2810 3088 3138 3156 ἐπείρίφην
3179 3088 3256 3158 (4)
3297 3089 3363 3141 ἐκ
3393 3088 3641 3158 μήτρας,

415 3177 636 3247 quando
674 3176 915 3243 Gabriel,
942 3195 1065 3234 cum
1094 3191 1238 3236 esset
1280 3182 1398 3252 ipse
1443 3182 1498 3236 in
1529 3190 1685 3236 utero
1719 3177 1968 3250 Virginis,

2093 3179 2204 3232 ὃταν
2229 3181 2257 3231 6
2285 3179 2540 3250 Γαϐριὴλ,
2575 3178 2725 3242 ὄντος
2755 3177 2916 3232 αὑτοῦ
2947 3179 3004 3230 ἐν
3045 3179 3224 3249 μήτρᾳ
3253 3179 3347 3250 τῆς
3373 3180 3646 3251 Παρεένου

416 3271 484 3324 de
512 3284 580 3322 eo
603 3267 762 3334 dixit,
795 3271 941 3340 quod
973 3271 1144 3327 Filius
1190 3272 1280 3327 Dci
1314 3283 1416 3328 est.

2078 3270 2230 3338 ἔλεγε
2255 3271 2381 3341 περὶ
2411 3269 2596 3335 αὑτοῦ,
2631 3271 2710 3322 ὅτι
2732 3270 2860 3333 Υἱὸς
2895 3268 2986 3323 τοῦ
3021 3270 3153 3322 Θεοῦ
3188 3271 3351 3324 ἐστιν.

497 3359 586 3414 19.
618 3357 682 3413 Et
731 3360 786 3414 in
812 3369 999 3416 ventre
1031 3377 1155 3418 cum
1210 3379 1381 3418 essem
1432 3364 1573 3434 eius,
1627 3378 1791 3433 quam
1843 3361 1978 3417 mihi
2007 3390 2048 3448 α

2152 3359 2238 3414 19.
2292 3360 2400 3412 Καὶ
2444 3361 2500 3412 ὲν
2548 3361 2613 3430 τῇ
2667 3359 2864 3430 γαστρί
2919 3376 2987 3430 με
3030 3359 3175 3423 ὅντα,
3219 3355 3285 3433 ἦς
3341 3358 3651 3432 ἠϐουλήθην

417 3461 647 3507 matrem
665 3466 788 3508 esse
812 3453 1056 3520 voluisti,
1087 3457 1341 3526 spectasti
1373 3473 1461 3513 me
1503 3467 1558 3512 tu
1587 3457 1754 3524 solus,
1777 3455 1938 3510 Pater
1964 3472 1970 3509 :

2090 3449 2437 3522 [ηὸουλήθης]
2492 3450 2694 3521 μητρός
2744 3467 2875 3521 μου,
2921 3449 3174 3504 τεθέασαι
3223 3469 3288 3522 με
3342 3451 3405 3504 σὺ
3449 3450 3643 3521 μόνος,

417 3542 543 3612 quis
585 3555 728 3596 sum.

2083 3543 2283 3615 Πάτερ·
2314 3543 2375 3596 τὸ
2403 3542 2483 3606 τίς
2515 3543 2649 3613 εἰμι.

482 3633 570 3687 20.
630 3629 713 3686 Ne
749 3627 1048 3684 discesseris
1086 3644 1120 3682 a
1153 3643 1269 3683 me:
1307 3643 1409 3700 ego
1441 3629 1583 3685 enim
1611 3631 1668 3687 in
1705 3643 1776 3699 te,
1800 3635 1980 3702 Pater,

2151 3635 2239 3688 20.
2271 3636 2393 3688 Οὐκ
2419 3633 2692 3701 ἀποστῇς
2720 3633 2794 3704 (5)
2827 3633 2926 3688 ἀπ’
2977 3632 3120 3702 ἐμοῦ
3143 3650 3157 3662 ·
3188 3631 3295 3701 ἐγὼ
3322 3633 3428 3704 γὰρ
3458 3634 3515 3685 ὲν
3543 3634 3642 3697 σοὶ,

420 3735 477 3780 et
507 3736 562 3780 tu
605 3723 660 3778 in
693 3738 801 3778 me.
838 3721 1109 3776 Passurus
1148 3735 1293 3788 sum,
1349 3723 1495 3792 quod
1545 3725 1686 3795 apud
1734 3727 1973 3786 homines

2091 3727 2286 3797 Πάτερ,
2320 3725 2415 3778 καὶ
2446 3727 2508 3780 σὺ
2540 3727 2596 3778 ὲν
2630 3726 2773 3797 ἐμοί.
2807 3727 3042 3795 Πάσχειν
3075 3725 3268 3796 μέλλω,
3300 3725 3327 3778 ὃ
3357 3725 3508 3798 παρὰ
3536 3729 3644 3790 τοῖς

418 3827 501 3872 est
541 3813 843 3878 tribulatio,
889 3827 1003 3867 non
1045 3812 1186 3883 apud
1213 3829 1322 3868 me.

2084 3816 2388 3888 ἀνθρώποις
2417 3819 2531 3871 ἐστι
2559 3817 2753 3887 ϐλίψις,
2782 3817 2841 3870 οὐ
2869 3816 2977 3888 γὰρ
3009 3815 3186 3888 [παρ’]
3217 3818 3292 3888 (6)
3322 3819 3459 3888 ἐμοί.

347 3888 355 3897 ’
493 3908 584 3964 ει.
637 3907 755 3978 ipse
786 3906 930 3961 enim
960 3905 1064 3960 sibi
1093 3905 1196 3974 ipsi
1240 3907 1554 3976 auxiliatur,
1591 3919 1778 3981 utpote
1810 3929 1896 3967 om

2153 3908 2244 3962 2|.
2278 3909 2449 3972 Αὐτὸς
2488 3908 2594 3981 γὰρ
2641 3909 2816 3981 ἑαυτῷ
2846 3909 3052 3979 βοηθῶν
3085 3909 3181 3980 (7),
3212 3911 3286 3974 ὡς
3324 3910 3641 3964 παντοδύνα-

419 4009 633 4071 potens,
672 4009 726 4054 et
764 4013 946 4053 rerum
992 3997 1238 4052 omnium
1287 3998 1563 4056 dominus.

1155 4013 1238 4052 um
1287 3998 1563 4056 dominus.
2087 4017 2185 4072 μος
2223 4002 2318 4053 καὶ
2339 3999 2708 4072 ἐξουσιαστής.

489 4092 678 4146 22-25.
728 4090 802 4146 Dc
824 4089 1026 4145 Iudaeis
1058 4090 1319 4160 loquitur,
1360 4093 1580 4162 quando
1609 4095 1984 4152 circumdede-

2153 4090 2338 4144 22—25.
2370 4091 2502 4160 Περὶ
2542 4090 2650 4144 τῶν
2689 4091 2955 4145 Ἰουδαίων
3003 4092 3183 4160 λέγει,
3215 4093 3302 4146 ὅτε
3336 4093 3640 4148 ὲκύκλωσαι

422 4195 554 4241 runt
583 4191 799 4248 eum,et
821 4183 1161 4237 clamabant:
1185 4182 1350 4250 Tolle,
1371 4184 1514 4249 tolle,
1531 4187 1776 4256 cruciﬁge
1791 4187 1975 4241 eum”.

2089 4180 2270 4245 αὐτὸν,
2290 4181 2386 4234 καὶ
2410 4180 2660 4251 ἔκραζονο
2679 4177 2875 4250 Ἆρον,
2895 4177 3061 4251 ἆρον,
3078 4185 3430 4252 σταύρωσον
3442 4187 3642 4238 αὐτόν.

489 4275 581 4336 ‘26,
621 4275 709 4331 27.
759 4273 894 4329 Ossa
925 4289 1022 4328 sua
1052 4272 1364 4331 Judanrum
1397 4277 1656 4345 populum
1687 4278 1840 4332 dicit.

2154 4271 2243 4336 26,
2274 4271 2364 4326 27.
2399 4274 2558 4325 Ὀστᾶ
2583 4273 2774 4325 ἑαυτοῦ
2793 4273 2880 4327 τὸν
2901 4273 3026 4327 λαὸν
3051 4273 3158 4327 τῶν
3191 4274 3452 4328 Ἰουδαίων
3481 4275 3642 4344 λέγει.

490 4366 581 4419 28.
635 4365 742 4420 Cor
773 4380 932 4419 suum
969 4381 1158 4420 rursus
1201 4367 1459 4436 populum
1486 4367 1796 4423 Juda'orum
1829 4369 1981 4435 dicit,

2153 4359 2243 4412 28.
2272 4359 2512 4430 Καρδίαν
2541 4361 2729 4413 ἑαυτοῦ
2755 4362 2845 4414 τὸν
2884 4361 3010 4424 λαὸν
3052 4364 3210 4417 πάλιν
3240 4362 3346 4416 τῶν
3385 4365 3644 4418 Ἰουδαίων

421 4458 549 4528 quia
579 4457 697 4526 ejus
729 4457 946 4526 eloquia
971 4457 1025 4510 in
1061 4457 1318 4513 cordibus
1347 4473 1535 4514 eorum
1563 4469 1737 4514 erant.

2090 4451 2254 4519 λέγει,
2277 4452 2366 4504 διὰ
2389 4453 2455 4505 τὰ
2470 4452 2625 4520 λόγια
2651 4453 2814 4506 αὐτοῦ
2833 4456 2889 4506 ὲν
2904 4458 3023 4519 ταῖς
3040 4456 3280 4527 καρδίαις
3297 4455 3474 4509 αὐτῶν
3490 4452 3643 4510 εἶναι.

492 4551 581 4604 29.
625 4548 842 4603 Iudaeos
881 4548 1168 4619 signiﬁcat.

2155 4543 2244 4598 29.
2273 4545 2410 4607 Τοὺς
2447 4545 2729 4609 Ἰουδαίους
2759 4546 2831 4616 (8)
2861 4546 3024 4615 λέγει.

493 4641 581 4695 50.
636 4641 838 4696 Deiecit
883 4641 1028 4696 enim
1066 4657 1129 4695 ex
1163 4655 1260 4694 ore
1304 4640 1550 4710 ipsorum
1599 4640 1722 4696 fons
1761 4641 1903 4709 vitaz,
1933 4649 1987 4697 ct

2158 4637 2246 4691 50.
2288 4636 2527 4702 Ἐξέλιπε
2559 4635 2665 4710 γὰρ
2710 4640 2773 4691 ὲκ
2815 4639 2904 4692 τοῦ
2940 4640 3203 4710 στόματος
3235 4639 3410 4692 αὐτῶν
3444 4641 3476 4711 ή
3504 4640 3648 4712 πηγὴ

425 4743 708 4805 propterea
737 4732 962 4788 adhaesit
991 4733 1045 4786 in
1089 4731 1234 4786 sitim
1283 4732 1514 4801 populus
1547 4730 1879 4787 Iudaeorum.

2096 4731 2188 4798 τῆς
2220 4728 2366 4798 ζωῆς
2386 4769 2399 4793 ,
2434 4730 2528 4781 καὶ
2563 4728 2647 4782 διὰ
2682 4728 2840 4782 τοῦτο
2871 4729 3130 4801 ἐκολλήθη
3164 4732 3242 4794 είς
3284 4730 3440 4800 δίψαν
3469 4734 3497 4785 6
3526 4731 3649 4795 λαὸς

2089 4820 2198 4874 τῶν
2240 4821 2526 4875 Ἰουδαίων.

493 4911 583 4964 51.
636 4909 715 4964 Ad
744 4909 959 4964 .Iiidaeos
987 4923 1075 4964 me
1106 4907 1326 4964 misisti.

2161 4913 2249 4967 51.
2282 4912 2425 4984 Πρὸς
2456 4914 2580 4976 τοὺς
2625 4913 2908 4977 Ἰουδαίους
2933 4931 2996 4984 με
3031 4912 3368 4977 ἀπέστειλας.

489 5002 580 5065 52,
619 5001 708 5056 55.
761 5000 932 5056 ,ἰυᾱωί
959 4999 1106 5056 enim
1142 5000 1614 5056 circumdederunt
1637 5015 1742 5056 me.

2163 5003 2251 5068 52,
2281 5005 2368 5060 55.
2400 5006 2462 5057 Οἱ
2493 5003 2601 5076 γὰρ
2639 5003 2874 5061 Ἰουδαῖοι
2902 5003 3213 5060 ἐκύκλωσαν
3243 5020 3335 5076 με.

493 5159 541 5190 ⁸⁸
563 5155 718 5214 Joan.
746 5172 860 5222 XIX,
898 5160 982 5215 15.

1367 5313 1671 5379 Addenda
1706 5321 1766 5378 et
1813 5313 2184 5395 corrigenda
2220 5329 2298 5374 ex
2322 5311 2464 5374 cod.
2505 5309 2704 5372 Vatic.

493 5497 570 5576 (1)
599 5499 781 5576 131.17,
811 5503 866 5558 in
901 5503 1020 5558 cod.
1048 5503 1340 5576 ιι.17,18.η

1196 5505 1220 5569 ’ν
1248 5503 1340 5576 ’δε
2161 5503 2237 5576 (ὅ)
2263 5503 2375 5576 ρξικ
2406 5499 2749 5576 ᾃνβιτῑέστηςε

498 5569 555 5631 (2
611 5570 858 5642 Μητέρα.
1336 5569 1340 5576 ’
2182 5573 2234 5636 6)
2262 5571 2373 5643 Γάρ
2401 5573 2457 5623 ὲν
2481 5572 2606 5642 ἐμῇ.

499 5571 576 5696 (51
610 5636 736 5692 Οὖν.
2161 5575 2238 5696 171
2264 5641 2472 5696 Βοηθῶ.

499 5636 576 5711 (τί)
610 5636 782 5711 ἐῢν-,⁷
2163 5636 2238 5711 i7)
2264 5636 2472 5711 Βοηθῶ.

499 5705 574 5769 (4)
610 5707 802 5764 Ἐστίν.
835 5711 908 5766 Τὸ
929 5713 984 5768 δέ
1005 5729 1018 5744 ·
1064 5714 1184 5769 Ἐπὶ
1214 5715 1272 5770 σὲ
1302 5713 1578 5784 ὲπιρίφην,
1609 5724 1710 5772 etc.
2165 5705 2242 5784 (8)
2273 5705 2408 5775 Τοῦς
2439 5711 2634 5775 αὐτοὺς
2676 5706 2826 5762 Ἰουδ.
