3934 6218
315 306 418 365 725

379 427 472 483 54.
505 427 740 499 Ὠρυξαν
772 426 956 498 χεῖράς
989 443 1088 498 μου
1123 428 1212 481 καὶ
1243 429 1406 492 πόδας
1440 445 1562 500 μου·

385 517 474 573 55.
523 518 922 590 Ἐξηρίθμησαν
955 519 1128 573 πάντα
1159 519 1226 572 τὰ
1251 521 1381 574 ὀστᾶ
1406 538 1525 591 μου.

389 609 477 664 56.
503 610 665 662 Αὐτοὶ
691 610 749 663 δὲ
778 610 1127 681 κατενόησαν,
1152 612 1246 665 καὶ⁹
1266 612 1472 665 ὲπείδὸν
1496 631 1583 684 με.

390 785 480 841 57.
510 787 892 858 Διεμερίσαντο
912 788 980 841 τὰ
1016 787 1202 860 ἱμάτιά
1233 807 1332 860 μου
1367 792 1605 856 ἑαυτοῖς’

389 875 478 931 58.
516 877 625 930 Kal.
655 879 746 931 ἐπὶ
770 878 861 932 τὸν
895 880 1183 952 ἱματισμόν
1215 899 1316 952 μου
1342 881 1529 936 ἔϐαλον
1561 883 1775 956 κλῆρον.

393 965 481 1023 59.
511 969 584 1022 Σὺ
615 969 694 1034 δὲ,
723 969 914 1042 Κύριε,
945 973 1019 1044 μὴ
1064 973 1342 1047 μακρύνῃς
1375 974 1472 1048 τὴν
1507 975 1755 1047 βοήθειάν
1789 993 1881 1030 σου

326 1057 419 1112 ἀπ’
445 1057 600 1128 ἐμοῦ.

395 1148 483 1204 40.
510 1151 605 1214 Εἰς
631 1150 730 1223 τὴν
761 1152 1042 1227 ἀντίληψιν
1079 1173 1178 1227 μου
1214 1158 1464 1229 πρόσχες.

396 1239 484 1297 41.
528 1242 714 1297 Ῥὖσαι
738 1245 842 1298 ἀπὸ
865 1247 1131 1318 ῥομφαίας
1156 1247 1252 1319 τὴν
1275 1249 1448 1320 ψυχήν
1486 1267 1608 1320 μου,

397 1331 485 1386 42.
511 1334 623 1386 Καὶ
641 1335 706 1388 ὲκ
736 1337 914 1408 χειρὸς
946 1338 1103 1402 κυνὸς
1132 1339 1229 1408 τὴν
1259 1341 1515 1411 μονογενῆ
1549 1357 1670 1411 μου.

398 1423 483 1478 43.
517 1424 696 1478 Σῶσόν
723 1444 791 1497 με
821 1428 886 1481 ὲκ
915 1429 1175 1500 στόματος
1204 1429 1433 1494 λέοντος,

397 1512 485 1569 44.
522 1515 632 1570 Καὶ
666 1517 771 1570 ἀπὸ
804 1520 1046 1591 κεράτων
1074 1519 1456 1591 μονοκερὼτων
1488 1522 1585 1593 τὴν
1623 1538 1886 1575 ταπεινω-

331 1609 415 1656 σιν
445 1621 566 1674 μου.

401 1694 489 1750 45.
513 1699 851 1772 Διηγήσομαι
879 1702 938 1756 τὸ
967 1703 1136 1774 ὄνομά
1166 1721 1257 1758 σου
1285 1707 1397 1767 τοῖς
1425 1703 1669 1776 ἀδελφοῖς
1696 1719 1817 1775 μου·

403 1786 490 1842 46.
533 1790 618 1844 Ἐν
651 1792 798 1865 μέσῳ
825 1794 1118 1866 ἐκκλησίας
1141 1797 1368 1868 ὑμνήσω
1399 1813 1479 1852 σε.

400 1877 489 1934 47.
525 1882 590 1935 Ol
621 1884 936 1952 φοϐούμενοι
959 1887 1050 1940 τὸν
1076 1887 1297 1961 Κύριον,
1323 1888 1570 1943 αἰνέσατε
1602 1887 1780 1942 αὑτόν.

1213 311 1302 367 DE
1342 311 1618 368 TITULIS
1655 312 2107 372 PSALMORUM.
2149 344 2219 355 —
2250 315 2443 370 PSAL.
2480 315 2621 374 XXI.

3424 320 3530 376 726

1902 437 1949 492 Α
2043 431 2130 486 54.
2181 430 2453 490 Foderunt
2483 448 2677 489 manus
2700 447 2868 499 meas,
2905 440 2959 487 et
2983 432 3147 502 pedes
3171 449 3320 488 meos
3351 453 3366 488 :

2045 522 2134 576 55.
2183 521 2673 580 Dinumeraverunt
2703 523 2884 578 omnia
2913 538 3038 577 ossa
3075 537 3214 576 mea.

2041 611 2128 667 56.
2185 612 2292 685 Ipsi
2338 631 2466 671 vero
2509 615 3010 680 consideraverunt,
3067 622 3120 668 et
3181 613 3532 684 inspexerunt

1976 717 2082 756 me.

2043 791 2132 846 57.
2185 789 2495 845 Diviserunt
2533 790 2636 846 sibi
2663 793 2987 848 vestimenta
3018 807 3136 846 mea
3165 811 3178 846 :

2039 882 2130 937 58.
2180 880 2246 936 Ει
2273 897 2435 952 super
2461 891 2664 938 vestem
2689 899 2864 938 meam
2889 884 3152 940 miserunt
3177 891 3398 939 sortem.

2051 974 2138 1028 59.
2193 971 2272 1026 Τυ
2301 980 2504 1042 autem,
2537 974 2781 1040 Domine,
2813 989 2882 1030 ne
2905 973 3244 1046 clongaveris
3269 970 3532 1027 auxilium

1978 1077 2131 1123 tuum
2158 1081 2186 1120 3
2215 1081 2302 1120 me
2338 1085 2350 1121 ζ

2045 1162 2134 1215 40.
2187 1158 2268 1214 Ad
2304 1156 2675 1214 defensionem
2709 1172 2884 1212 meam
2921 1158 3193 1228 conspice.

2054 1252 2142 1305 41.
2185 1249 2328 1305 Erue
2350 1265 2379 1304 a
2410 1248 2635 1314 framea,
2663 1248 2825 1315 Deus,
2849 1248 3087 1304 animam
3120 1263 3319 1312 meam,

2053 1341 2142 1395 42.
2197 1339 2263 1396 Ει
2284 1341 2350 1396 de
2376 1355 2540 1395 manu
2559 1341 2709 1394 canis
2733 1339 2952 1394 unicam
2969 1353 3166 1394 meam.

2053 1431 2143 1485 45.
2196 1429 2354 1484 Salva
2379 1445 2465 1485 me
2493 1446 2557 1484 ex
2589 1445 2683 1484 ore
2707 1429 2905 1495 leonis,

2057 1523 2146 1578 44.
2194 1521 2262 1577 Et
2327 1538 2356 1577 a
2425 1522 2683 1577 cornibus
2759 1521 3103 1577 unicornium
3179 1518 3538 1575 humilitatem

1986 1629 2184 1670 meam.

2058 1707 2146 1761 45.
2200 1703 2444 1760 Narrabo
2476 1719 2671 1759 nomen
2697 1713 2846 1758 tuum
2871 1702 3129 1758 fratribus
3158 1701 3332 1758 meis:

1913 1787 1956 1844 Β
2053 1799 2142 1853 46.
2192 1800 2251 1852 In
2293 1798 2472 1852 medio
2502 1797 2744 1853 ecclesia:
2774 1795 3005 1852 laudabo
3039 1804 3108 1850 te.

2057 1888 2145 1944 47.
2198 1887 2302 1954 Qui
2331 1888 2534 1944 timetis
2569 1885 2883 1954 Dominum,
2925 1884 3138 1940 laudate
3167 1898 3321 1942 eum.

1440 2106 1814 2164 ATHANASII
1851 2105 2432 2164 INTERPRETATIO.

402 2297 491 2354 54.
519 2298 657 2363 Τοὺς
685 2299 847 2370 ἥλους
883 2300 1009 2366 τοὺς
1033 2301 1139 2357 ὑπὸ
1170 2301 1246 2375 (1)
1283 2302 1390 2356 τῶν
1446 2302 1622 2357 ποδῶν
1663 2304 1755 2356 καὶ
1787 2304 1894 2358 τῶν

332 2389 532 2463 χειρῶν
557 2391 719 2446 αὑτοῦ
754 2392 918 2461 λέγει.
1169 2468 1171 2470 η

407 2481 496 2537 55.
526 2481 617 2553 Τῷ
641 2482 780 2537 κατὰ
806 2485 1022 2539 πάντων
1051 2485 1159 2538 τῶν
1210 2484 1384 2557 μελῶν
1429 2490 1792 2557 προσαγαγεῖν
1819 2487 1895 2560 (2)

332 2572 532 2637 αὐτοὺς
571 2576 838 2647 τιμωρίας
871 2576 1055 2648 αὑτῷ·
1091 2577 1512 2648 ὲφραγγέλωσαν
1560 2578 1666 2650 γὰρ
1712 2580 1892 2644 αὑτὸν,

331 2665 432 2719 καὶ
482 2665 823 2737 ὲρῤάπισαν,
866 2669 960 2722 καὶ
1009 2669 1375 2740 ἐκολάφισαν,
1433 2670 1526 2722 καὶ⁹
1574 2667 1673 2724 εἷθ’
1723 2670 1893 2734 οὑτως

333 2757 499 2811 ὲσταύ
509 2775 708 2828 ρωσαν.

404 2851 493 2906 56.
528 2853 655 2906 Ὅτε
687 2852 780 2906 ἐπὶ
819 2851 912 2907 τοῦ
961 2852 1193 2925 σταυροῦ
1218 2853 1452 2925 ὁρῶντες
1485 2854 1644 2908 αὑτὸν
1675 2853 1857 2922 ελεγον
1877 2871 1890 2884 ο

337 2939 496 2994 Οὐάί
523 2942 599 3011 (5)
643 2943 872 3018 ἄλλους
910 2942 1178 3007 ἔσωσεν,
1237 2943 1454 2998 ἑαυτὸν
1505 2945 1576 2998 οὺ
1646 2941 1893 2998 δύναται

334 3045 550 3088 σωσαι.

405 3117 495 3184 57,
526 3117 614 3172 58.
645 3120 707 3174 Οἱ
738 3120 1144 3194 σταυρώσαντες
1173 3123 1334 3177 αὑτὸν
1362 3123 1704 3195 στρατιῶται.

407 3208 500 3276 59,
531 3209 620 3265 40.
652 3211 872 3281 Πρῶτον
897 3214 994 3284 μὲν
1014 3216 1041 3267 ὁ
1069 3215 1352 3286 προφήτης
1379 3215 1525 3284 λέγει
1553 3215 1688 3288 πρὸς
1701 3215 1859 3268 αὑτὸν
1879 3255 1894 3279 ,

2059 2299 2150 2356 54.
2199 2299 2388 2355 Claves
2419 2300 2473 2354 in
2508 2301 2754 2370 pedibus,
2800 2308 2856 2358 et
2901 2300 3154 2357 manibus
3195 2299 3314 2370 ejus
3343 2298 3547 2369 signiti-

1990 2403 2051 2444 ca
2059 2397 2096 2443 ι.

2068 2478 2155 2532 55.
2199 2477 2300 2534 Per
2352 2479 2534 2535 omnia
2593 2480 2765 2550 ipsius
2829 2483 3072 2538 membra
3118 2482 3452 2538 admovendo
3496 2480 3546 2535 ei

1991 2569 2284 2624 cruciatus.
2348 2568 2530 2640 lpsum
2579 2572 2724 2626 enim
2787 2571 3221 2643 ﬂagellaverunt,
3278 2583 3330 2628 et
3377 2572 3550 2642 alapis

1994 2671 2398 2730 percusserunt,
2440 2672 2495 2719 et
2517 2664 2949 2733 colaphizaruut,
3011 2675 3175 2736 atque
3225 2666 3300 2720 ita
3353 2663 3548 2719 deinde

1994 2751 2383 2807 cruciﬁxerunt

2064 2843 2154 2900 56.
2194 2842 2422 2910 Quando
2475 2861 2531 2901 In
2580 2861 2744 2904 cruce
2789 2864 2912 2904 eum
2953 2849 3194 2906 videntes
3245 2850 3497 2905 dixerunt
3533 2871 3545 2903 :

2003 2931 2118 2986 Vah
2141 2933 2161 2986 !
2188 2933 2320 2989 alios
2354 2935 2524 2992 salvos
2566 2938 2711 3007 fecit,
2744 2939 2972 3009 seipsum
3007 2957 3105 2995 non
3137 2950 3302 3009 potest
3346 2939 3551 2995 salvum

1995 3024 2163 3092 facere
2197 3025 2261 3080 “.

2068 3117 2158 3182 57,
2190 3116 2278 3171 58.
2315 3115 2532 3183 Milites,
2566 3118 2659 3187 qui
2683 3134 2806 3173 eum
2831 3119 3242 3174 cruciﬁxerunt.

2071 3209 2160 3275 59,
2191 3208 2279 3262 40.
2310 3206 2554 3262 Primum
2581 3209 2798 3278 quidem
2826 3210 3084 3280 propheta
3122 3209 3190 3264 ad
3213 3224 3336 3264 eum
3375 3208 3507 3264 dicit
3536 3227 3550 3264 :

336 3301 416 3354 δτι
476 3301 590 3368 Σὺ,
662 3304 868 3370 Κύριε,
908 3303 1078 3358 ταῦτα
1119 3305 1192 3376 (4)
1243 3306 1530 3377 ὑπομένων
1572 3307 1662 3376 ὑφ’
1705 3305 1894 3378 [ὑπὲρ]

2030 3305 2099 3372 'u,
2131 3306 2372 3374 Domine,
2402 3308 2517 3364 hac
2538 3309 2748 3378 patiens
2767 3325 2866 3379 pro
2888 3310 3065 3375 nobis,
3095 3309 3313 3364 imitans
3340 3323 3461 3374 nos,
3491 3325 3554 3361 ne

335 3390 516 3463 ἡμῶν,
554 3394 882 3464 μιμούμενος
919 3399 1096 3468 ἡμᾶς,
1126 3397 1254 3470 [μὴ]
1276 3399 1588 3468 μακρύνῃς
1613 3397 1730 3468 τὴν
1749 3399 1899 3466 ,ϐοή-

337 3485 506 3540 θειάν
531 3499 647 3539 σου
677 3487 777 3540 ἀπ’
809 3487 976 3556 ἐμοῦ,
1004 3489 1097 3542 τοῦ
1135 3490 1264 3543 λαοῦ
1296 3489 1405 3544 τῶν
1445 3491 1729 3557 Ἰουδαίων,
1760 3492 1896 3545 ἀλλ’

336 3577 424 3640 είς
455 3575 788 3645 ἀντίληψιν
831 3579 1001 3647 ἡμῶν
1035 3579 1440 3650 εὐδοκίμησον
1485 3581 1581 3654 (5).
1638 3585 1792 3636 Ἐστι
1840 3583 1898 3637 δὲ

337 3667 433 3720 καὶ
474 3668 538 3721 ὲκ
576 3668 864 3741 προσώπου
888 3671 1051 3725 αὑτοῦ
1079 3672 1172 3726 τοῦ
1204 3673 1407 3745 Κυρίου
1430 3673 1680 3742 λέγεσθαι
1703 3674 1893 3739 ταῦτα,

338 3758 686 3815 ὑποτύπωσιν
727 3763 860 3833 ἡμῖν
897 3762 1072 3826 διδοὺς
1108 3763 1168 3817 τὺ
1197 3762 1454 3828 τοιούτοις
1486 3764 1664 3834 λόγοις
1697 3765 1896 3836 κεχρῆ-

341 3851 465 3906 σθαι
495 3853 552 3905 ὲν
585 3853 759 3924 καιρῷ
791 3855 1108 3926 μαρτυρίου.

407 3943 500 4008 41,
526 3945 615 3999 45.
642 3945 812 4008 Αὑτδς
838 3946 1194 4017 προσεύχεται
1219 3945 1334 4010 νῦν,
1359 3945 1490 4011 Θεὸς
1513 3945 1608 4013 ὢν,
1638 3947 1896 4018 ρυσθῆναι

335 4035 448 4091 ἀπὸ
488 4037 581 4090 τοῦ
630 4036 894 4103 διαὸόλου,
940 4038 1026 4092 ἵνα
1058 4041 1144 4104 σὺ,
1184 4038 1467 4110 ἄνθρωπος
1510 4036 1605 4105 ὢν,
1645 4040 1719 4111 μὴ
1764 4039 1898 4110 ἀμε-

335 4125 507 4201 λήσῃς
540 4129 638 4200 (3)-

411 4222 500 4277 44.
530 4223 604 4276 Τὸ
646 4221 814 4294 κέρας
859 4222 952 4276 τοῦ
991 4223 1358 4294 μονοκέρωτος
1397 4222 1594 4294 ὑψηλόν
1637 4224 1774 4287 ἐστι,
1807 4223 1900 4277 καὶ

338 4314 710 4386 ἀναιρετικὸνο
752 4315 881 4386 περὶ
921 4310 1013 4369 οὖν
1055 4315 1154 4385 τῆς
1205 4316 1431 4388 καρδίας
1482 4315 1590 4368 τῶν
1635 4315 1898 4369 Ἰουδαίων

336 4409 436 4478 τῆς
468 4407 644 4470 δολίας
673 4406 768 4461 καὶ
802 4406 1007 4477 ὑψηλῆς
1034 4405 1200 4476 λέγει.

413 4499 501 4553 45.
544 4499 618 4568 (7)
659 4497 743 4564 Τῷ
778 4498 928 4564 λαῷ,
953 4498 1133 4567 λέγει,
1183 4498 1542 4569 διηγήσομαι
1591 4499 1659 4553 τὸ
1715 4499 1900 4570 ὄνομά

1995 3396 2315 3467 elongaveris
2359 3399 2622 3453 auxilium
2665 3413 2813 3453 tuum
2861 3417 2893 3454 a
2949 3416 3046 3468 me,
3084 3401 3188 3455 hoc
3226 3411 3309 3456 est
3353 3399 3554 3470 populo

1994 3486 2240 3552 Judaico,
2270 3491 2360 3544 sed
2405 3492 2724 3561 complaceal
2766 3492 2860 3546 tibi
2905 3493 2960 3546 in
3009 3492 3276 3546 auxilium
3316 3499 3556 3546 nostrum

1995 3581 2187 3634 venire.
2221 3579 2462 3636 Possunt
2493 3582 2659 3638 etiam
2705 3584 2820 3638 hac
2859 3583 2966 3638 dici
3009 3599 3075 3637 ex
3103 3597 3338 3653 persona
3385 3581 3556 3652 ipsius

1997 3669 2238 3739 Domini,
2274 3673 2369 3742 qui
2397 3674 2704 3743 exemplum
2732 3675 2887 3730 nobis
2917 3675 3148 3744 praebuit
3173 3674 3260 3728 bis
3291 3671 3557 3729 sermoni-

1997 3761 2100 3817 bus
2128 3764 2314 3818 utendi
2351 3774 2591 3833 tempore
2613 3766 2881 3835 martyrii.

2064 3939 2251 3994 41-45.
2308 3938 2427 4010 Ipse
2455 3956 2604 3996 nunc
2647 3950 2790 4006 orat,
2823 3957 2948 3996 cum
2980 3940 3125 3996 Deus
3181 3940 3274 4005 sit,
3319 3946 3379 3993 ut
3416 3937 3556 3992 libe-

1997 4038 2149 4085 retur
2180 4046 2211 4085 a
2235 4031 2453 4088 diabolo
2486 4051 2498 4086 :
2542 4048 2611 4088 ne
2645 4043 2701 4088 tu
2736 4049 2858 4089 cum
2888 4033 2964 4088 sis
2990 4033 3176 4098 homo,
3223 4030 3557 4100 negligenter

1997 4136 2148 4192 agas.

2064 4213 2154 4268 44.
2207 4213 2392 4269 Cornu
2421 4215 2701 4270 unieornis
2742 4215 3008 4270 elevatum
3058 4224 3161 4282 est,
3210 4226 3264 4270 et
3312 4212 3558 4270 mortife—

1996 4323 2119 4362 rum
2154 4325 2166 4361 :
2201 4307 2269 4362 de
2297 4308 2459 4363 corde
2481 4308 2644 4379 igitur
2675 4308 2980 4364 Judaeorum
3009 4310 3200 4365 doloso
3235 4319 3289 4364 et
3325 4307 3560 4381 superbo

1998 4399 2256 4469 loquitur.

2069 4490 2158 4546 45.
2205 4487 2434 4559 Populo,
2461 4485 2660 4555 inquit,
2689 4485 2918 4540 narrabo
2941 4503 3129 4542 nomen
3158 4495 3341 4552 tuum;
3368 4501 3560 4558 quem-

339 4601 455 4640 σου
479 4603 492 4617 ’
542 4586 617 4648 ὡς
654 4585 870 4658 εἴρηκεν
905 4589 962 4640 ὲν
1011 4588 1358 4660 Εὑαγγελίῳο
1403 4588 1786 4658 Ἐερανέρωσα
1830 4590 1894 4644 τὸ

2035 4578 2293 4636 dmodum
2324 4577 2462 4631 dixit
2494 4576 2550 4630 in
2595 4574 2888 4647 Evangelia
2923 4595 2937 4631 :
2980 4576 3320 4649 Manifestavi
3373 4593 3561 4633 nomen

339 4674 526 4747 ὄνομά
553 4692 669 4732 σου
699 4677 824 4743 τοῖς
853 4678 1200 4746 ἀνθρώποις.

339 4779 346 4788 '
411 4769 498 4824 46.
527 4770 603 4840 (8)
635 4771 770 4842 Περὶ
799 4769 908 4824 τῶν
937 4769 1106 4838 ἁγίων
1133 4770 1298 4837 λέγει.

412 4859 499 4914 47.
532 4861 605 4933 (9)
640 4861 779 4923 Τοὺς
802 4860 1024 4922 πιστοὺς
1055 4858 1220 4928 λέγει.

417 5042 464 5073 ⁸⁸
481 5040 668 5098 Matth.
704 5056 874 5106 xxvn,
901 5039 991 5095 42.
1066 5037 1112 5070 δ’
1143 5035 1300 5093 Joan.
1335 5051 1468 5102 xvn,
1498 5034 1549 5089 6.

2005 4683 2154 4725 tuum
2181 4669 2474 4724 hominibus
2503 4667 2568 4718 “.

2070 4762 2160 4817 46.
2216 4760 2294 4816 De
2325 4761 2530 4816 sanctis
2572 4761 2834 4831 loquitur.

2075 4853 2164 4908 47.
2210 4851 2421 4908 Fideles
2446 4852 2734 4924 signiﬁcat.

1280 5241 1600 5306 Addenda
1629 5246 1688 5306 et
1717 5239 2086 5321 corrigenda
2118 5257 2196 5303 ex
2235 5255 2374 5301 coa.
2405 5239 2607 5301 Vatic.

443 5437 462 5491 I
532 5436 672 5489 Ἐπί.

414 5435 492 5575 ἷῖζ
520 5505 695 5558 Αὑτοῦ
729 5504 1022 5575 προσάγειν
1043 5503 1164 5556 αὑτ.

437 5575 492 5644 5)
523 5575 676 5644 Οὑχί.

412 5578 492 5716 lii
523 5578 800 5716 ῗᾶἶὲξὲδτα.

419 5712 495 5787 (5)
525 5712 731 5769 Εὑδόκη
739 5729 848 5767 σον.

2074 5427 2148 5497 (6)
2185 5428 2244 5497 :A
2253 5427 2448 5497 μελεῖς.

2071 5495 2149 5566 (7)
2183 5495 2392 5551 ln‘cod.
2421 5513 2474 5550 n.
2507 5497 2596 5562 45,
2628 5498 2718 5553 46.

2095 5567 2150 5626 8)
2184 5566 2240 5620 ln
2271 5566 2390 5622 cod.
2421 5582 2476 5621 η.
2502 5566 2589 5620 47.

2094 5635 2148 5708 9)
2173 5637 2229 5692 In
2259 5636 2379 5694 eoi.
2410 5651 2465 5692 n.
2493 5635 2580 5695 48.
