3934 6218
419 279 514 338 127
1258 276 1315 333 S.
1356 277 1730 336 ATHANASII
1769 280 1917 337 OPP.
1959 283 2138 340 PARS
2176 286 2266 341 Ill.
2294 315 2362 326 -—
2401 286 2807 347 EXEGETICA.
3523 295 3622 353 723

486 393 578 448 43.
608 390 934 447 Universum
977 406 1159 448 semen
1193 390 1383 456 Jacob,
1419 393 1719 463 gloriﬁcate
1748 411 1895 451 eum.
2003 414 2039 467 Α

2003 414 2050 467 Α
2146 400 2235 456 48.
2276 401 2452 455 Ἂπαν
2478 401 2540 454 τὸ
2574 402 2793 473 σπέρμα
2831 402 3042 469 Ἰακὼϐ,
3069 403 3321 468 δοξάσατε
3354 406 3536 462 αὐτόν.

485 484 575 538 49.
609 482 819 538 Timeat
850 499 975 538 eum
1010 498 1172 537 omne
1196 498 1381 539 semen
1414 484 1579 540 Israel
1609 502 1623 538 :
1656 502 1663 508 ’

2142 490 2229 546 49.
2246 491 2536 561 Φοϐηθήτω
2555 491 2617 562 δὴ
2636 492 2901 545 ἁπάὒτοῦ
2921 492 3061 545 ἅπαν
3078 493 3137 546 τὸ
3152 493 3369 564 σπέρμα
3383 496 3418 548 Ἰ
3428 497 3619 569 σραήλο

484 577 574 632 50.
609 575 873 642 Quoniam
899 590 1008 629 non
1039 576 1262 645 sprevit,
1294 591 1470 647 neque
1494 576 1733 635 offensus
1761 589 1841 635 est
1872 576 1968 632 de-

2143 582 2229 636 50.
2275 581 2395 637 Ὄτι
2432 584 2531 636 οὐκ
2575 584 2922 648 ἐξουδένωσεν
2946 626 2961 652 ,
3004 586 3123 640 οὐδὲ
3163 586 3515 661 προσώχθησε
3553 590 3618 663 ’ίῇ

416 669 723 741 precatione
748 668 1023 738 pauperis,

2068 671 2247 741 δεήσει
2280 672 2371 725 τοῦ
2400 674 2632 743 πτωχοῦ,

488 760 573 815 51.
606 758 714 815 Νεε
736 759 926 815 avertit
948 757 1139 812 faciem
1172 772 1325 812 suam
1354 773 1385 814 a
1410 774 1496 813 me
1521 775 1535 812 :

2142 762 2227 815 51.
2271 762 2402 816 Οὑδέ
2433 764 2737 835 ἀπέστρεψε
2761 764 2823 818 τὸ
2850 765 3135 837 πρόσωπον
3157 767 3319 820 αὑτοῦ
3347 768 3439 821 ἀπ’
3462 768 3614 839 ἐμοῦ·

484 854 574 910 52.
610 853 676 907 Et
703 868 826 909 cum
851 852 1141 906 clamarem
1172 852 1240 906 ad
1265 866 1412 920 eum,
1439 852 1716 913 exaudivit
1742 867 1849 907 me.

2142 850 2228 903 5'2.
2271 853 2381 905 Kal.
2433 854 2491 904 ἐν
2542 852 2619 923 τῷ
2656 855 2984 925 κεκραγέναι
3026 873 3092 927 με
3138 856 3273 928 πρὸς
3313 857 3472 911 αὐτὸν
3507 860 3617 912 εἱσ-

2068 941 2268 1013 ήκουσέ
2299 959 2420 1013 μου.

484 1030 575 1086 55.
608 1028 762 1099 Apud
794 1041 844 1085 te
870 1030 988 1086 laus
1018 1045 1138 1086 mea
1165 1048 1179 1083 ε

2137 1034 2223 1089 55.
2268 1035 2423 1106 Παρὰ
2459 1037 2551 1090 σοῦ
2576 1039 2603 1090 ὁ
2629 1037 2844 1103 ἔπαινός
2875 1057 2993 1109 μου”

483 1121 571 1177 54.
605 1120 662 1174 In
693 1123 923 1178 ecclesia
960 1137 1157 1191 magna
1191 1120 1491 1177 conﬁtebor
1523 1120 1617 1176 tibi
1646 1140 1660 1177 :

2140 1128 2226 1183 54.
2281 1131 2367 1183 Ἐν
2397 1132 2660 1204 ἐκκλησίᾳ
2691 1134 2899 1207 μεγάλῃ
2932 1134 3388 1208 ἐξομολογήσομαξ
3417 1154 3526 1191 σοι·

477 1213 564 1269 55.
604 1213 738 1269 Vota
788 1230 906 1269 mea
952 1213 1177 1268 reddam
1220 1214 1275 1268 in
1323 1223 1617 1284 conspectu
1658 1215 1964 1272 timentium

2138 1220 2226 1275 55.
2268 1221 2376 1285 Τὰς
2423 1223 2588 1294 εὐχάς
2633 1243 2733 1295 μου
2779 1228 3043 1281 ἀποδώσω
3096 1228 3323 1281 ἐνώπιον
3363 1230 3469 1282 τῶν
3505 1227 3586 1302 [ἐν

413 1304 490 1379 [in
516 1314 806 1375 conspectu
836 1305 1052 1360 Domini
1077 1306 1320 1361 omnium
1345 1304 1676 1379 timentium]
1700 1322 1844 1361 eum.

2064 1307 2231 1362 ώπιον
2253 1310 2330 1380 τῷ
2361 1313 2549 1383 Κυρίῳ
2574 1315 2789 1369 πάντων
2815 1318 2943 1388 τῶν]
2963 1318 3306 1389 φοϐουμένων
3330 1319 3509 1373 αὐτόν.

477 1395 567 1452 56.
599 1396 771 1451 Edent
796 1413 1081 1467 pauperes,
1111 1406 1164 1452 et
1192 1398 1621 1453 saturahuntur:

2133 1396 2217 1450 56.
2257 1399 2519 1467 Φάγονται
2554 1403 2801 1475 πένητες,
2838 1407 2932 1459 καὶ
2971 1404 3472 1476 ἐμπλησθήσονται·

478 1486 567 1543 57.
604 1487 672 1541 Et
698 1487 997 1545 laudabunt
1025 1486 1336 1553 Dominum,
1366 1487 1459 1557 qui
1492 1486 1776 1557 requirunt
1798 1501 1921 1541 eum
1946 1505 1958 1542 :

2130 1488 2219 1549 57,
2262 1492 2368 1543 Καὶ
2396 1493 2666 1547 αἱνέσουσι
2696 1496 2896 1567 Κύριον
2923 1499 2970 1550 οἱ
2992 1496 3344 1568 ἐκζητοῦντες
3376 1496 3567 1550 αὐτόν’

472 1579 561 1634 58.
597 1578 792 1635 Vivent
820 1579 983 1634 corda
1016 1593 1205 1634 eorum
1230 1578 1284 1632 in
1313 1578 1569 1633 saeculum
1598 1577 1803 1633 saeculi.

2132 1581 2218 1637 58.
2264 1585 2528 1654 Ζήσονται
2562 1588 2617 1639 αἱ
2651 1588 2864 1658 καρδίαι
2887 1590 3063 1641 αὐτῶν
3092 1592 3170 1654 εἰς
3198 1589 3367 1642 αἰῶνα
3396 1589 3602 1653 αἰῶνος.

478 1673 565 1728 59.
604 1671 1058 1741 Reminisccntur,
1087 1681 1141 1728 et
1165 1682 1548 1730 convertentur
1572 1672 1637 1727 ad
1673 1671 1959 1729 Dominum

2131 1672 2215 1727 59.
2258 1675 2705 1747 Μνησθήσονται,
2780 1679 2873 1732 καὶ
2937 1681 3428 1749 ἐπιστραφήσονται
3481 1680 3612 1750 πρὸς
3672 1672 3676 1676 ’

405 1765 645 1820 universi
672 1764 804 1819 lines
829 1773 986 1820 terrae
1015 1780 1029 1817 :

1991 1760 2032 1813 Β
2060 1764 2261 1835 Κύριον
2292 1767 2465 1820 πάντα
2497 1767 2565 1820 τὰ
2599 1769 2806 1840 πέρατα
2838 1773 2936 1841 τῆς
2962 1771 3092 1840 γῆς·

473 1855 560 1910 60.
596 1854 661 1909 Ει
707 1855 1011 1911 adorabunt
1038 1856 1091 1909 in
1116 1863 1408 1925 conspectu
1434 1853 1553 1923 ejus
1582 1853 1848 1907 universa:
1876 1848 1954 1905 fa-

2126 1856 2214 1913 60.
2251 1858 2359 1912 Kal.
2391 1864 2856 1931 προσκυνήσουσιν
2899 1861 3125 1915 ἐνώπιον
3154 1860 3320 1915 αὑτοῦ
3359 1861 3530 1915 πᾶσαι
3559 1859 3613 1915 αι

405 1949 568 2004 milia:
597 1950 859 2020 gentium.

2064 1950 2285 2020 πατριαὶ
2318 1950 2423 2003 τῶν
2455 1951 2640 2006 ἐθνῶν.

475 2041 562 2096 6|.
594 2042 667 2112 (α)
698 2041 960 2106 Quoniam
986 2039 1201 2097 Domini
1229 2047 1312 2093 est
1344 2052 1595 2107 regnum,

1529 2053 1595 2103 m,
2131 2040 2221 2096 6|.
2267 2043 2385 2094 ’Ὁτι
2413 2043 2505 2095 τοῦ
2531 2045 2731 2115 Κυρίου
2762 2046 2793 2113 ἡ
2822 2044 3082 2113 βασιλεία,

470 2133 560 2187 62.
589 2132 654 2187 Et
685 2133 801 2203 ipse
824 2123 1137 2188 dominatur
1168 2130 1432 2203 gentium.

2129 2133 2213 2187 62.
2255 2133 2361 2186 Καὶ
2388 2133 2546 2197 αὐτὸς
2570 2132 2814 2198 δεσπόζει
2843 2126 2948 2188 τῶν
2972 2134 3163 2191 ἐθνῶν.

475 2224 564 2281 65.
595 2223 1055 2299 Manducaverunt
1077 2264 1092 2291 ,
1139 2235 1194 2281 et
1221 2227 1587 2281 adoraverunt
1613 2234 1802 2276 omnes
1836 2218 1957 2287 pino.

2129 2224 2217 2278 65.
2259 2226 2529 2296 Ἔφαγον,
2561 2226 2655 2279 καὶ
2684 2226 3092 2298 προσεκύνησαν
3129 2227 3325 2291 πάντες
3352 2229 3404 2280 οἱ
3435 2226 3612 2293 πίονες

400 2330 534 2388 gues
564 2324 719 2377 terra)
745 2334 762 2372 ι
1520 2345 1525 2350 -

753 2334 762 2371 ι
1520 2345 1525 2350 -
2060 2313 2159 2384 τῆς
2184 2315 2306 2386 γῆς*

468 2430 546 2504 (a)
584 2429 733 2489 Yers.
760 2430 848 2495 61,
881 2429 949 2487 62
975 2440 1169 2491 aesunt
1193 2445 1249 2485 in
1274 2429 1395 2485 cod.
1423 2428 1703 2485 Barberin.

1523 2537 1894 2598 ATHANASII
1930 2531 2509 2591 INTERPRETATIO.

467 2660 557 2727 48,
581 2658 671 2724 49.
705 2659 1016 2726 Personam,
1048 2677 1169 2732 qua:
1191 2676 1355 2733 supra
1376 2669 1518 2727 orat,
1554 2660 1742 2715 timeat
1768 2657 1955 2727 utique

2117 2650 2206 2713 48,
2237 2647 2327 2702 49.
2368 2646 2498 2703 Ἀπὸ
2529 2644 2819 2716 προσώπου
2848 2642 2943 2698 τοῦ
2969 2644 3224 2715 ἀνωτέρω
3248 2646 3616 2718 προσευχομέ-

396 2768 559 2808 omne
589 2769 756 2824 genus
788 2767 1009 2814 eorum.
1042 2753 1135 2825 qui
1181 2753 1344 2810 corde
1375 2751 1562 2807 mundi
1595 2759 1742 2806 sunt.
1791 2746 1949 2802 lsrael

2057 2758 2139 2793 νου
2172 2737 2463 2808 φοϐηθήτω
2510 2735 2575 2807 δὴ
2614 2735 2756 2790 ἅπαν
2802 2735 2862 2789 τὸ
2906 2735 3059 2804 γένος
3101 2734 3209 2788 τῶν
3251 2734 3506 2807 καθαρῶν
3548 2741 3610 2808 τῇ

397 2844 542 2901 enim
576 2845 957 2916 interpretatur
980 2860 1122 2900 mena
1147 2845 1321 2900 videns
1344 2844 1530 2899 Deum.

2061 2830 2265 2904 καρδίᾳ·
2317 2828 2535 2899 Ἰσραὴλ
2576 2827 2684 2899 γὰρ
2735 2825 3091 2899 ἑρμηνεύεται
3130 2826 3278 2894 νοῦς
3316 2826 3470 2897 ὀρῶν
3510 2828 3614 2883 τὸν

2053 2926 2217 2981 Θεόν.

466 3023 554 3089 50,
584 3022 673 3077 51.
703 3021 967 3089 Quoniam
1000 3038 1108 3079 non
1146 3022 1389 3093 despexit
1432 3021 1717 3078 hominum
1759 3034 1949 3093 genus,
1977 2954 2019 3011 ο

2124 3017 2213 3081 50,
2238 3014 2326 3069 51.
2357 3016 2478 3068 Ὅτι
2510 3014 2609 3067 οὐκ
2648 3011 2990 3084 ἀπεφρόνησε
3019 3012 3090 3084 (1)
3128 3010 3221 3065 τοῦ
3276 3012 3465 3082 γένους
3504 3013 3615 3067 τῶν
3658 3046 3672 3053 -

396 3128 497 3174 nec
525 3114 766 3184 permisit
796 3129 891 3170 eos
912 3114 1108 3185 perire,
1142 3114 1485 3169 abominatus
1515 3114 1585 3169 ob
1612 3128 1800 3169 eorum
1828 3126 1949 3183 pee-

2059 3107 2384 3181 ὔινθρὼπων,
2415 3107 2508 3160 καὶ
2546 3108 2646 3159 οὐκ
2677 3105 2858 3158 εἴασεν
2895 3104 3088 3167 αὐτοὺς
3135 3104 3460 3158 ἀπόλλυσθαι
3498 3106 3612 3176 βδε-

394 3215 534 3272 cata,
565 3222 738 3277 neque
765 3207 819 3261 in
848 3207 1005 3263 tinem
1031 3206 1233 3262 oblitus
1259 3214 1342 3261 est
1366 3203 1603 3276 ﬁgmenti
1632 3203 1739 3260 sui.

2057 3198 2376 3267 λυσσόμενος
2404 3195 2495 3249 ἐπὶ
2517 3198 2634 3257 ταῖς
2662 3194 2955 3265 ἁμαρτίαις
2982 3194 3179 3262 αὐτῶν,
3207 3194 3326 3248 οὐδὲ
3351 3195 3431 3257 εἰς
3462 3195 3610 3258 τέλος

2048 3290 2141 3347 τοῦ
2177 3290 2490 3359 πλάσματος
2522 3287 2684 3340 αὐτοῦ
2719 3286 3027 3341 ἐπελάθετο.

462 3379 553 3441 52.
582 3378 648 3433 Et
672 3379 800 3434 dum
840 3393 964 3433 eum
1010 3378 1341 3443 invocarem,
1372 3387 1432 3432 ut
1461 3377 1575 3447 ipse
1606 3378 1660 3431 in
1688 3377 1948 3434 auxilium

2115 3381 2202 3437 52.
2233 3382 2343 3433 Καὶ
2376 3381 2433 3433 ἐν
2472 3378 2549 3450 τῷ
2575 3379 2759 3432 καλεῖν
2790 3379 2950 3432 αὑτὸν
2983 3378 3156 3432 ἐλθεῖν
3185 3378 3345 3432 αὑτὸν
3374 3381 3455 3443 εἰς
3490 3379 3609 3451 βοή-

394 3487 575 3531 meum
603 3471 841 3536 veniret,
873 3470 1147 3526 exaudivit
1177 3485 1295 3536 me;
1344 3480 1399 3526 et
1432 3486 1540 3525 non
1582 3471 1756 3526 solum
1779 3473 1947 3539 venit,

2055 3472 2196 3528 θειάν
2227 3489 2358 3542 μου,
2390 3471 2675 3541 εἰσήκουσέ
2723 3487 2857 3542 μου·
2894 3472 2987 3527 καὶ
3026 3472 3085 3525 οὐ
3133 3471 3291 3541 μόνον
3331 3471 3608 3543 ἐλήλυθεν,

394 3563 487 3620 sed
522 3563 681 3618 etiam
712 3578 905 3633 passus
930 3569 1013 3617 est
1041 3577 1138 3632 pro
1169 3577 1275 3617 me.

2047 3562 2183 3627 ᾴλλᾲ
2213 3563 2307 3617 καὶ
2336 3560 2599 3614 πέπονθεν
2627 3562 2764 3632 ὑπὲρ
2791 3560 2945 3631 ἐμοῦ.

462 3633 698 3717 55.Ἠοε
730 3663 844 3721 est,
877 3655 1019 3725 quod
1068 3655 1123 3709 in
1166 3653 1457 3724 Evangelio
1479 3654 1615 3710 dixit
1640 3653 1945 3710 Dominus:

2117 3656 2203 3709 5'5.
2236 3654 2404 3707 Τοῦτό
2436 3657 2582 3709 ἐστιν
2612 3654 2748 3725 ὅπερ
2780 3654 2962 3721 ἔλεγεν
2998 3653 3056 3707 ἐν
3089 3653 3406 3725 Εὑαγγελίῳ
3437 3658 3467 3708 ὁ
3494 3656 3605 3709 Κύ-

391 3745 487 3804 Est
524 3745 682 3800 Pater
707 3763 871 3813 meus,
903 3747 991 3816 qui
1016 3746 1278 3816 gloriﬁcat
1310 3746 1473 3800 me“.

2048 3764 2192 3821 ριος·
2226 3748 2436 3799 Ἔστιν
2460 3748 2492 3800 ὁ
2522 3744 2722 3813 Πατήρ
2746 3761 2864 3813 μου
2896 3747 2928 3798 ὁ
2952 3742 3210 3808 δοξάζων
3230 3762 3306 3813 με

459 3838 549 3900 54.
572 3836 683 3894 Ηοο
709 3839 1007 3908 adimplens
1041 3839 1093 3892 in
1119 3838 1411 3908 Evangelia
1441 3837 1576 3895 dixit
1605 3856 1619 3893 :
1651 3836 1950 3909 Canﬁtebar

2109 3839 2196 3895 54.
2228 3838 2396 3892 Τοῦτο
2423 3838 2641 3910 πληρῶν
2672 3839 2726 3889 ἐν
2758 3837 3075 3907 Εὐαγγελίῳ
3104 3836 3287 3905 ἔλεγεν
3308 3855 3323 3868 ο
3366 3838 3604 3909 Ἐξομο-

386 3929 503 3997 tibi,
534 3929 699 3991 Pater
730 3928 946 3987 Domine
970 3930 1084 3985 ειειὶ
1099 3941 1148 3983 et
1180 3941 1333 3985 terra:
1349 3930 1412 3991 ⁸⁷,

2053 3930 2380 4002 λογήσομιῖί
2411 3944 2529 3994 σοι,
2559 3929 2734 3995 Κύριε
2759 3926 2948 3997 Πάτερ
2972 3926 3076 3981 τοῦ
3100 3930 3357 3997 οὐρανοῦ
3379 3930 3606 3999 καὶτῆς

2046 4042 2175 4092 γης·

458 4102 547 4157 55.
580 4101 710 4167 Quze
738 4104 962 4189 promisi
991 4117 1085 4173 per
1114 4101 1430 4172 pr0phetas,
1459 4102 1712 4174 impieno.

2115 4116 2203 4170 55.
2230 4117 2407 4187 ’Ἄπερ
2447 4112 2854 4184 ἐπηγγειλάμην
2872 4110 2960 4168 δια
2989 4111 3096 4165 τῶν
3120 4112 3434 4183 προφητῶν,
3468 4113 3600 4187 πλη-

2080 4224 2225 4262 ωσω.

454 4277 545 4333 56.
574 4276 994 4339 Justiﬁcationes
1022 4276 1235 4334 Domini
1259 4318 1279 4348 ,
1318 4286 1372 4335 et
1409 4277 1776 4350 implebuntur
1818 4278 1943 4352 Spi-
1974 4294 2007 4350 ι]

2080 4224 2225 4262 ωσω.

2050 4224 2078 4283 ρ
2118 4299 2206 4353 56.
2241 4299 2321 4354 Τὰ
2342 4297 2681 4369 δικαιώματα
2705 4296 2799 4353 τοῦ
2823 4295 3048 4368 Κυρίου,
3076 4296 3168 4349 καὶ
3193 4295 3603 4367 ἐμπλησθὴσον-

383 4370 729 4463 ritu¥sa‘nct0.
970 4459 981 4463 _
1162 4460 1178 4463 _
2041 4408 2130 4451 ται
2150 4380 2286 4445 Πνεύ
2296 4407 2458 4463 ματος
2477 4389 2656 4458 ἁγίου.

455 4460 544 4517 57.
572 4460 810 4533 Hymnus
836 4459 1116 4531 speciosus
1146 4460 1215 4518 de
1242 4477 1308 4518 e0
1350 4463 1648 4526 cantabunt
1689 4465 1942 4523 Oblectati

2111 4487 2198 4541 57.
2230 4459 2468 4556 ⁹’Υ“μνους
2493 4485 2821 4555 ὡραιότητος
2849 4485 3073 4539 εἴπωσιν
3105 4485 3183 4546 εἰς
3209 4482 3369 4536 αὑτὸν
3403 4484 3452 4535 οἱ
3481 4498 3602 4553 τερ-

382 4553 502 4623 ejus
526 4554 943 4624 pulchritudine.

1566 4647 1577 4649 Α
2042 4579 2264 4649 πιόμενοι
2291 4553 2384 4631 τοῦ
2419 4553 2646 4640 κάλλους
2677 4553 2837 4630 αὗτόν
2861 4575 2957 4645 (2).

451 4646 540 4702 58.
580 4646 762 4702 Letale
807 4656 1087 4718 peccatum
1121 4647 1176 4702 in
1212 4647 1345 4718 ipsis
1375 4664 1482 4704 non
1514 4647 1837 4723 admittent.)

2108 4646 2196 4724 δε.
2239 4668 2533 4739 ,Αμαρτίαν
2564 4668 2935 4739 θανατηφόρον
2962 4666 3024 4721 οὑ
3056 4664 3292 4732 δέξονται
3318 4667 3375 4719 ἐν
3398 4666 3599 4731 αὐτοῖς.

450 4739 538 4797 59.
572 4737 1014 4801 Recordabuntur
1044 4739 1183 4809 ejus,
1208 4739 1302 4811 qui
1329 4739 1477 4810 ipsos
1499 4739 1645 4799 fecit.

2108 4761 2197 4815 59.
2226 4760 2639 4830 Μνησθήσονται
2671 4760 2763 4813 τοῦ
2797 4758 3151 4831 πεποιηκότος
3174 4757 3389 4822 αὐτούς.
3618 4768 3620 4771 ’

448 4829 537 4886 60.
574 4830 769 4885 Tribus
802 4841 976 4889 terra.

2105 4850 2193 4908 60.
2223 4854 2287 4905 Αἱ
2322 4829 2483 4921 φυλαὶ
2514 4854 2611 4922 τῆς
2634 4852 2755 4922 γῆς.

447 4921 535 4982 61,
562 4919 650 4977 62.
681 4918 798 4990 Ipse
823 4921 966 4975 enim
1001 4926 1087 4977 est
1111 4938 1204 4979 rex
1234 4939 1445 4995 regum,
1468 4931 1522 4979 et
1554 4924 1818 4978 Dominus
1842 4922 1939 4978 do-

2106 4940 2208 5007 6|,
2238 4941 2322 4994 62.
2354 4941 2523 5004 Αὐτὸς
2565 4943 2670 5013 γάρ
2709 4943 2822 4994 ἐστι
2859 4941 3106 5012 βασιλεὺς
3136 4940 3247 4995 τῶν
3294 4941 3599 5012 βασιλευόν-

379 5013 735 5078 minantium,
771 5022 825 5067 et
852 5015 1001 5070 solus
1030 5014 1292 5073 Dominus
1319 5017 1484 5072 totius
1517 5015 1740 5073 humani
1776 5029 1932 5086 gene-

2045 5050 2168 5098 των,
2206 5034 2298 5086 καὶ
2327 5032 2529 5106 Κύριος
2560 5034 2669 5086 τῶν
2694 5034 3068 5105 κυριευόντων,
3097 5034 3190 5087 καὶ
3222 5034 3379 5106 μόνος
3401 5035 3598 5089 Δεσπό-

378 5106 476 5171 ris,
509 5114 693 5175 utpote
724 5106 815 5175 qui
846 5107 995 5162 solus
1026 5107 1245 5179 proprio
1276 5110 1539 5180 sanguine
1564 5124 1660 5165 eos
1685 5107 1931 5167 redemit.

2041 5142 2138 5196 της
2169 5125 2364 5188 παντὸς
2390 5124 2482 5177 τοῦ
2514 5125 2701 5194 γένους
2733 5125 2841 5178 τῶν
2866 5125 3183 5198 ἀνθρώπων,
3212 5126 3285 5190 ὡς
3315 5127 3473 5197 μόνος
3500 5126 3594 5181 αὒ-

944 5261 959 5273 ,
1333 5282 1355 5285 _
1528 5283 1534 5285 Α
2038 5213 2161 5274 τοὺς
2186 5211 2519 5283 ἐξαγοράσας
2541 5212 2617 5283 τῷ
2649 5214 2760 5283 ἰδίῳ
2791 5214 2999 5285 αἵματι.

446 5281 532 5334 63.
568 5279 1035 5351 Parttcrpaverunt
1066 5298 1293 5353 gratiam
1329 5282 1420 5337 Dei
1450 5283 1633 5343 animo
1663 5298 1929 5354 paen-res.

2110 5302 2197 5357 65.
2222 5279 2532 5357 Μετέλαϐον
2562 5279 2661 5374 τῆς
2688 5279 2907 5375 χάριτος
2933 5305 3025 5363 τοῦ
3051 5305 3181 5364 Θεοῦ
3211 5307 3260 5361 οἱ
3286 5306 3502 5363 δυνατοὶ
3529 5308 3592 5379 τῇ

338 5452 343 5455 ’
440 5459 490 5493 ⁸⁸
512 5459 669 5516 Joan.
695 5478 814 5527 vm,
848 5464 934 5519 54.
1011 5465 1053 5495 δ’
1082 5462 1270 5519 Matth.
1297 5478 1353 5528 ι,

1320 5579 1626 5642 Addenda
1671 5586 1730 5641 et
1764 5576 2133 5659 corrigenda
2167 5594 2244 5637 ex
2274 5577 2413 5638 cod.
2451 5580 2639 5641 Vatic.

450 5692 520 5766 ιι)
556 5700 627 5749 Οὐ
659 5703 1054 5771 κατεφρόνησε.
2120 5702 2193 5775 (2)
2226 5703 2418 5760 Αὑτοῦ.
