3934 6218
412 303 506 358 751
1263 299 1320 355 S.
1361 296 1730 352 ATHANASII
1768 295 1917 352 OPP.
1959 293 2133 350 PARS
2170 294 2257 350 Ill.
2296 325 2367 336 —-
2404 291 2809 348 EXEGETICA.
3531 290 3634 344 73!

485 420 571 472 12.
609 414 675 470 Et
695 415 834 470 calix
859 421 986 470 tuus
1009 413 1310 479 inebrians,
1335 428 1498 482 quam
1533 410 1826 480 praeclarus
1853 419 1972 464 est:
2005 416 2038 470 Α

2150 407 2239 460 12.
2270 408 2378 459 Kal
2402 407 2462 459 τὸ
2491 406 2752 476 ποτήριόν
2789 420 2882 456 σου
2915 401 3180 474 μεθύσκον
3213 418 3300 473 με,
3336 403 3468 456 ὡσεὶ
3497 407 3631 476 κρά-

2085 499 2103 551 ί
2112 514 2250 550 ιστον
2267 511 2280 525 ο

488 597 573 649 13.
611 594 675 649 Ει
704 593 1080 650 misericordia
1107 601 1196 646 tua
1227 591 1591 660 subsequetur
1615 604 1700 643 me
1723 587 1975 642 omnibus

2146 589 2233 644 15.
2263 590 2371 642 Kal
2417 587 2476 640 τὸ
2523 586 2667 649 ἔλεός
2713 602 2804 638 σου
2849 584 3167 650 καταδιώξει
3215 603 3282 656 με
3323 586 3501 649 πάσας
3537 587 3633 653 τὰς

409 691 600 744 diebus
627 688 748 742 vitae
782 703 914 740 mea:
941 704 954 738 :

2075 680 2286 752 ἡμέρας
2314 679 2409 748 τῆς
2443 677 2588 746 ζωῆς
2620 692 2751 747 μου·

486 779 572 833 14.
608 777 670 832 Et
701 787 759 832 ut
784 777 1080 832 inhabilem
1118 777 1170 831 in
1201 775 1368 830 domo
1403 774 1617 830 Domini
1648 773 1976 844 inilongitu-

2096 805 2100 808 -
2147 772 2235 826 14.
2267 771 2375 823 Καὶ
2401 769 2462 822 τὸ
2485 772 2754 823 κατοικεῖν
2776 785 2842 839 με
2869 770 2925 822 ἐν
2955 767 3085 840 οἴκῳ
3109 769 3311 842 Κυρίου
3334 771 3412 833 είς
3441 769 3639 841 μακρό-

410 872 592 926 dinem
621 871 856 927 dierum.

2073 879 2210 935 τητα
2238 862 2477 934 ἡμερῶν.

410 984 599 1042 Prima
644 983 892 1046 Sabbali,
950 982 1186 1053 psalmus
1241 980 1431 1035 David.
1486 979 1685 1035 PSAL.
1746 979 1963 1034 XXIII.

2085 974 2329 1045 Ψαλμὸς
2355 974 2433 1040 τῷ
2457 973 2633 1027 Δαϐὶδ
2659 971 2768 1040 τῆς
2785 972 2926 1042 μιᾶς
2951 972 3268 1026 Σαϐϐάτου.
3303 974 3476 1027 ΨΑΛ.
3499 975 3634 1026 Kl".

484 1079 534 1131 1.
569 1075 784 1129 Domini
813 1083 897 1130 est
929 1085 1090 1138 terra,
1121 1083 1175 1130 et
1206 1073 1482 1143 plenitudo
1508 1072 1649 1142 ejus,

2147 1069 2197 1122 1.
2233 1067 2337 1120 Τοῦ
2369 1068 2567 1138 Κυρίου
2596 1067 2629 1138 ή
2657 1067 2749 1136 γῆ,
2777 1067 2872 1119 καὶ
2897 1065 2958 1118 τὸ
2989 1065 3260 1137 πλήρωμα
3292 1065 3460 1134 αὐτῆς
3479 1107 3494 1133 ,

480 1169 536 1221 2.
569 1166 728 1222 Orbis
753 1175 1050 1234 terrarum,
1068 1175 1122 1220 et
1145 1165 1406 1226 universi,
1426 1165 1518 1234 qui
1544 1164 1789 1220 habitant
1810 1163 1864 1218 in
1888 1179 1975 1221 eo.

2145 1158 2201 1212 2.
2231 1160 2292 1212 Ἦ
2308 1158 2598 1230 οἰκουμένη
2617 1158 2710 1212 καὶ
2730 1157 2928 1222 πάντες
2943 1158 2992 1211 οἱ
3009 1157 3387 1220 κατοικοῦντες
3402 1159 3461 1211 ὲν
3475 1155 3636 1230 αὐτῇ.

482 1258 537 1312 '5.
573 1256 709 1324 Quia
745 1258 861 1328 ipse
890 1272 1054 1326 super
1089 1256 1259 1310 maria
1291 1255 1540 1310 fundavit
1569 1270 1695 1310 eum
1723 1273 1738 1310 :

2144 1250 2199 1306 5.
2229 1250 2398 1314 Αὐτὸς
2421 1250 2530 1321 γὰρ
2561 1251 2653 1303 ἐπὶ
2679 1249 2960 1303 θαλασσῶν
2986 1249 3339 1321 ὲθεμελίωσεν
3365 1249 3554 1321 αὐτὴν,

480 1347 536 1402 4.
570 1347 635 1402 Et
667 1365 832 1418 super
863 1347 1087 1403 ﬂumina
1115 1347 1439 1418 praeparavit
1467 1362 1614 1402 eum.

2143 1340 2198 1397 4.
2234 1343 2342 1395 Kal
2367 1343 2458 1394 ἐπὶ
2479 1341 2737 1412 ποταμῶν
2765 1342 3057 1413 ἡτοίμασεν
3085 1341 3275 1413 αὐτήν.

480 1439 535 1494 5.
571 1438 701 1506 Quis
729 1441 985 1496 ascendet
1009 1441 1063 1494 in
1092 1453 1332 1494 montem
1369 1437 1631 1494 Domini?

2147 1432 2201 1490 5.
2228 1433 2323 1495 Τίς
2346 1432 2669 1503 ἀναϐήσεται
2703 1435 2782 1496 είς
2808 1432 2870 1486 τὸ
2893 1433 3015 1504 ὅρος
3036 1431 3128 1485 τοῦ
3163 1432 3398 1504 Κυρίου;

483 1527 535 1584 6.
571 1532 678 1585 Aut
708 1531 833 1599 quis
861 1529 1027 1584 stabit
1057 1531 1110 1584 in
1145 1529 1266 1585 loco
1293 1539 1483 1584 sancto
1517 1529 1676 1599 ejus?

2147 1521 2200 1578 6.
2235 1522 2307 1574 Ἦ
2331 1521 2414 1584 τίς
2446 1521 2697 1592 στήσεται
2725 1522 2781 1575 ὲν
2805 1521 2954 1591 τόπῳ
2982 1522 3122 1592 ἁγίῳ
3147 1520 3343 1587 αὐτούς

485 1619 536 1678 7.
571 1621 837 1678 innocens
870 1624 1146 1688 manibus,
1174 1631 1227 1678 et
1250 1624 1455 1676 mundo
1477 1622 1679 1677 corde:

2147 1617 2200 1671 7.
2243 1616 2441 1680 Ἀθῶος
2467 1617 2640 1689 χερσὶ,
2669 1617 2763 1670 καὶ
2791 1617 3028 1688 καθαρὸς
3059 1620 3126 1689 τῇ
3161 1617 3377 1688 καρδίᾳ,

479 1712 536 1770 8.
570 1713 673 1780 Qui
707 1730 812 1769 non
841 1715 1049 1784 accepit
1081 1715 1136 1769 in
1162 1729 1305 1768 vano
1331 1714 1569 1768 animam
1600 1728 1756 1768 suam
1785 1727 1798 1744 '
2006 1749 2032 1812 l

2041 1752 2057 1809 ι
2153 1709 2206 1765 8.
2237 1711 2333 1774 Ὃς
2362 1710 2462 1762 οὐκ
2486 1709 2673 1762 ἐλαϐεν
2701 1710 2793 1762 ἐπὶ
2828 1709 3040 1780 ματαίῳ
3070 1710 3170 1781 τὴν
3198 1708 3376 1779 ψυχὴν
3401 1702 3594 1772 αὐτοῦ,

482 1805 537 1860 9.
570 1805 680 1860 Nec
703 1805 908 1874 juravit
938 1805 992 1858 in
1020 1805 1146 1859 dolo
1170 1805 1421 1873 proximo
1450 1819 1552 1858 suo
1579 1822 1593 1857 :
2006 1797 2035 1812 ⁶

2032 1797 2056 1811 ’
2150 1803 2205 1858 9.
2239 1802 2348 1855 Kal
2371 1801 2470 1853 ούκ
2497 1799 2708 1872 ὤμοσεν
2739 1801 2830 1854 ἐπὶ
2861 1800 2995 1871 δόλῳ
3022 1801 3098 1872 τῷ
3130 1801 3354 1872 πλησίον
3386 1797 3552 1853 αὑτοῦ
3573 1815 3585 1829 ·

479 1895 571 1950 10.
605 1895 705 1950 Hie
732 1898 962 1965 accipiet
993 1896 1426 1951 benedictionem
1464 1911 1494 1948 a
1519 1893 1772 1960 Domino,

2153 1895 2238 1948 10.
2273 1894 2350 1965 (a)
2387 1885 2554 1957 οὗτος
2577 1893 2803 1964 λήψεται
2831 1893 3074 1962 εὐλογίαν
3101 1893 3250 1965 παρὰ
3276 1893 3502 1964 Κυρίου,

484 1986 569 2040 11.
602 1987 667 2041 Ει
699 1987 1130 2042 misericordiam
1168 2002 1197 2041 a
1227 1987 1337 2041 Deo
1368 1987 1593 2042 salutari
1629 2001 1752 2041 suo.

2154 1987 2238 2042 11.
2266 1988 2374 2040 Kal
2405 1986 2770 2058 ἐλεημοσύνην
2799 1986 2948 2058 παρὰ
2971 1985 3104 2040 Θεοῦ
3138 1986 3380 2062 σωτῆρος
3405 1985 3597 2043 αὑτοῦ.

478 2075 566 2129 12.
602 2075 727 2131 11ωο
754 2085 837 2132 est
859 2079 1132 2148 generatio
1152 2077 1509 2147 quarentium
1535 2092 1661 2132 eum
1687 2092 1702 2130 :

2159 2079 2241 2134 12.
2275 2078 2422 2148 Αὕτη
2451 2080 2484 2150 ὴ
2517 2078 2678 2148 γενεὰ
2703 2078 3003 2149 ζητούντων
3026 2078 3118 2132 τὸν
3143 2077 3365 2150 Κύριον,

481 2168 568 2222 15.
605 2165 973 2233 Quaerentium
1005 2167 1197 2223 faciem
1227 2167 1322 2223 Dei
1354 2166 1542 2224 Jacob.

2159 2169 2243 2224 15.
2279 2170 2589 2241 Ζητούντων
2618 2173 2680 2223 τὸ
2705 2171 2993 2242 πρόσωπον
3019 2168 3114 2223 τοῦ
3142 2168 3276 2222 Θεοῦ
3315 2167 3529 2224 Ἰακώϐ.

484 2259 570 2314 11.
603 2257 844 2313 Attollite
871 2270 1074 2328 portas,
1103 2260 1401 2329 principes,
1427 2268 1638 2318 vestras
1664 2274 1681 2311 :

2159 2263 2244 2318 14.
2274 2266 2474 2336 ’Ἄρατε
2503 2265 2694 2328 πύλας,
2717 2266 2766 2317 οἱ
2792 2264 3069 2335 ἄρχοντες,
3099 2262 3252 2334 ὑμῶν
3272 2279 3287 2294 ⁸

483 2348 570 2402 15.
604 2348 669 2402 Ει
696 2349 1006 2416 elevamini,
1034 2359 1204 2420 portae
1231 2350 1513 2406 aeternales
1541 2367 1555 2404 :

2160 2355 2247 2409 15.
2278 2356 2387 2414 Kal
2419 2355 2712 2428 ὲπάρθητε,
2748 2355 2911 2408 πύλαι
2939 2353 3177 2408 αἰώνιοιο

479 2439 568 2495 16.
597 2441 662 2495 Ει
690 2442 937 2497 introibit
961 2458 1052 2497 rex
1090 2443 1292 2512 gloriae.

2160 2444 2246 2498 16.
2280 2447 2389 2497 Kal
2419 2445 2778 2498 εἰσελεύσεται
2803 2445 2831 2496 6
2860 2443 3110 2514 βασιλεὺς
3132 2444 3232 2515 τῆς
3260 2444 3437 2517 δόξης.

482 2531 570 2585 17.
601 2532 735 2598 Quis
763 2542 848 2589 est
878 2534 978 2587 iste
1005 2548 1101 2588 rex
1132 2534 1351 2604 gloriati

2157 2535 2244 2588 17.
2277 2535 2375 2597 Τίς
2399 2535 2544 2588 ἐστιν
2577 2529 2727 2598 οὗτος
2755 2536 2783 2586 6
2813 2534 3064 2604 βασιλεὺς
3087 2535 3185 2605 τῆς
3210 2534 3399 2605 δόξηςς

482 2622 570 2678 18.
607 2623 872 2680 Dominus
905 2625 1083 2692 fortis,
1114 2637 1167 2681 et
1193 2635 1414 2696 potens,

2157 2626 2242 2681 18.
2275 2625 2474 2697 Κύριος
2498 2626 2755 2698 κραταιὸς
2783 2627 2876 2680 καὶ
2897 2626 3118 2691 δυνατὸς
3141 2668 3155 2696 ,

485 2714 574 2770 19.
613 2714 876 2772 Dominus
907 2726 1099 2787 potens
1132 2719 1185 2772 in
1218 2718 1424 2788 prtelio.

2154 2718 2239 2774 19.
2270 2719 2471 2791 Κύριος
2498 2718 2717 2783 δυνατὸς
2745 2720 2800 2773 ὲν
2829 2719 3065 2791 πολέμῳ.

479 2806 557 2884 (a)
598 2801 765 2884 Οξτος
812 2808 1036 2884 λήψεται
1074 2809 1326 2884 ,εὐλογίαν
1371 2810 1522 2884 παρὰ
1559 2808 1693 2884 Θεοῦ
1725 2810 1972 2884 Σωτῆρος
2041 2809 2236 2872 αὐτοῦ,
2295 2813 2389 2884 καὶ
2425 2810 2798 2884 Ῠέλεηθήσεται
2828 2810 2931 2865 ὑπὸ
2957 2811 3051 2864 τοῦ
3091 2809 3222 2884 Θεοῦ
3258 2807 3351 2863 τοῦ
3388 2807 3648 2884 σώζοντος

408 2876 592 2952 αὐτόν.
628 2878 760 2952 Ηὶε-
788 2876 1006 2947 accipiet
1065 2876 1472 2952 burman-tionem
1498 2897 1530 2934 a
1581 2880 1690 2935 Deo
1741 2876 2014 2935 Saluatore
2041 2898 2158 2948 suo,
2181 2893 2229 2935 et
2254 2876 2673 2935 misericordiam
2721 2891 3116 2952 consequetura
3150 2880 3281 2949 Deo,
3319 2880 3415 2951 qui
3444 2879 3642 2936 salvum

413 2947 540 3011 facit
565 2963 707 3005 eum.
741 2947 800 3001 In
828 2965 997 3020 marg.
1033 2951 1155 3004 cod.
1186 2949 1470 3005 Barberin.

1525 3061 1899 3116 ATHANASII
1940 3060 2528 3118 INTERPBETATIO.

486 3175 956 3236 12.1mmortalem
986 3193 1170 3253 potum
1195 3184 1364 3240 divini
1393 3186 1675 3258 sanguinis
1696 3187 1982 3257 signiﬁcat.
2014 3195 2039 3251 (

2161 3187 2245 3240 12.
2277 3186 2386 3258 Τὴν
2424 3184 2686 3240 ἀθάνατον
2719 3185 2876 3239 πόσιν
2905 3184 2999 3238 τοῦ
3031 3183 3175 3239 θείου
3220 3183 3450 3255 αἵματος
3479 3181 3625 3253 λέγει

488 3269 574 3324 15.
610 3271 982 3328 lndesinenter
1009 3275 1141 3329 milii
1176 3278 1299 3332 erit.

2156 3279 2240 3333 15.
2284 3277 2660 3341 Ἀδιαλείπτως
2691 3295 2777 3348 μοι
2808 3278 2880 3349 (l)
2908 3277 3077 3333 ἔσται.

483 3361 572 3415 14.
607 3359 664 3416 1η
699 3378 934 3432 superna
968 3365 1289 3422 Jerusalem.

2157 3371 2240 3423 14.
2277 3372 2370 3432 Εἰς
2392 3369 2488 3441 τὴν
2512 3369 2622 3424 ἄνω
2661 3369 3029 3441 Ἰερουσαλήμ.

493 3469 559 3525 Ἦ
587 3477 915 3550 προκειμένη
943 3480 1219 3550 ἐπιγραφὴ
1247 3481 1488 3552 περιέχει
1516 3483 1594 3554 (2)
1616 3500 1628 3513 ⁸
1651 3484 1895 3553 Ψαλμὸς
1917 3482 1998 3548 τῷ
2021 3483 2197 3537 Δαόὶδ
2213 3483 2321 3552 τῆς
2337 3483 2480 3552 μιᾶς
2499 3481 2820 3538 Σαϐϐάτου.
2846 3482 3015 3537 Τοῦτο
3034 3481 3306 3554 σημαίνει,
3331 3483 3413 3536 ὅτι
3434 3481 3644 3552 εἴρηται

410 3565 440 3617 6
467 3563 679 3636 ψαλμὸς
708 3569 856 3640 παρὰ
877 3571 970 3624 τοῦ
995 3573 1157 3627 Δασὶδ
1179 3576 1306 3650 περὶ
1335 3576 1431 3646 τῆς
1463 3578 1810 3641 ἀναστάσεως
1839 3578 1930 3631 τοῦ
1963 3577 2184 3649 Κυρίου.

483 3658 694 3715 Titulus
726 3665 1050 3733 praepositus
1079 3669 1323 3722 continet
1354 3683 1366 3719 :
1400 3667 1646 3722 Psalmus
1680 3669 1846 3724 David
1869 3671 2042 3740 prima
2063 3669 2437 3725 Sabbatorum.
2457 3666 2571 3722 lloc
2588 3675 2767 3722 autem
2793 3667 3083 3740 signiﬁcat,
3107 3667 3252 3739 quod
3275 3667 3520 3738 psalmus
3565 3666 3643 3721 di-

411 3763 532 3809 ctus
565 3763 649 3809 est
677 3771 707 3810 a
739 3757 936 3813 Davide
966 3759 1032 3814 de
1063 3763 1460 3816 resurrectione
1484 3762 1719 3820 Domini.

481 3849 532 3902 1.
569 3849 628 3901 In
659 3851 927 3920 principio
953 3855 1098 3908 enim
1133 3855 1259 3911 fecit
1294 3868 1517 3912 terram.

2151 3861 2199 3913 1.
2239 3859 2326 3912 Ἐν
2354 3859 2494 3929 ἀρχῇ
2520 3857 2628 3929 γὰρ
2658 3855 2882 3925 ἐποίησε
2908 3851 3004 3924 τὴν
3033 3852 3138 3923 γῆν
3163 3849 3259 3922 (5).

479 3937 536 3992 2.
570 3938 765 3995 Omnia
793 3952 995 4010 autem,
1027 3961 1150 4015 qua:
1177 3948 1229 4002 in
1257 3963 1321 4003 ea
1348 3957 1496 4017 sunt,
1527 3958 1582 4005 et
1611 3952 1705 4021 qui
1736 3951 1982 4007 habitant

2153 3950 2199 4004 2.
2233 3950 2416 4004 Πάντα
2458 3949 2514 4002 δὲ
2543 3949 2612 4001 τὰ
2645 3949 2700 3999 ὲν
2735 3945 2872 4016 αὐτῇ
2904 3943 3064 4008 αὐτὸς
3099 3942 3352 4012 εποίησε,
3389 3942 3484 3995 καὶ
3525 3942 3643 4004 τοὺς
3697 3985 3706 4000 .

408 4027 466 4084 in
501 4046 585 4093 ea,
619 4033 731 4100 ipse
763 4033 904 4092 fecit.

2079 4041 2420 4103 ἐνοικοῦντας
2449 4042 2506 4092 ὲν
2535 4040 2692 4110 αὐτῇ.

480 4118 535 4174 5.
573 4121 737 4177 Terra
767 4125 911 4180 enim
940 4142 1007 4181 ex
1040 4143 1180 4199 aqua
1210 4130 1370 4200 jussu
1395 4136 1514 4203 ejus
1548 4133 1820 4191 consistit.

2149 4133 2200 4186 5.
2232 4132 2307 4202 Γῆ
2333 4132 2438 4202 γὰρ
2465 4129 2523 4195 ἐξ
2561 4129 2748 4194 ὕδατός
2777 4132 2892 4182 ἐστι
2927 4125 3235 4180 συνεστῶσα
3261 4127 3326 4195 τῇ
3353 4121 3518 4176 αὑτοῦ
3552 4139 3640 4176 κε-

2079 4241 2276 4276 Λευσει.

479 4295 536 4355 ι.
577 4298 644 4354 Ut
676 4318 772 4371 per
794 4320 916 4359 eum
949 4307 1172 4364 ﬂumina
1196 4313 1511 4368 transirent.

2147 4315 2199 4366 .i.
2232 4315 2324 4377 Εἰς
2354 4313 2414 4365 τὸ
2442 4311 2696 4365 διοδεύειν
2719 4311 2846 4376 τοὺς
2877 4326 3152 4380 ποταμους
3179 4311 3234 4361 ὲν
3256 4309 3415 4380 αὐτῇ.

480 4388 533 4444 5.
569 4389 626 4444 In
660 4394 935 4450 caelestem
964 4399 1259 4466 civitatem,
1291 4403 1486 4473 inquit.

2147 4408 2200 4460 5.
2233 4407 2326 4469 Είς
2353 4408 2448 4476 τὴν
2479 4406 2799 4476 ἐπουράνιον
2833 4406 3004 4470 πόλιν,
3039 4405 3204 4472 λέγει.

479 4480 532 4535 6.
567 4480 698 4548 Quis
723 4484 919 4555 dignus
944 4491 1159 4546 aeternis
1189 4495 1597 4550 mansionibus?

2145 4499 2196 4553 6.
2233 4501 2328 4562 Τίς
2357 4499 2505 4564 ἄξιος
2528 4498 2604 4569 (4)
2630 4499 2735 4551 τῶν
2765 4499 2997 4552 αἰωνίων
3029 4495 3240 4568 μονῶν;

483 4571 534 4626 7.
569 4573 794 4630 Omnem
840 4595 871 4632 a
915 4595 972 4634 se
1013 4583 1274 4650 abjiciens
1306 4587 1677 4658 iniquitatem,
1712 4598 1766 4644 et
1793 4591 1973 4644 omnia

2148 4589 2200 4642 7.
2239 4589 2296 4640 'O
2322 4589 2499 4640 πᾶσαν
2528 4587 2739 4640 ἀδικίαν
2771 4588 3120 4659 ἀπορρίπτων
3164 4584 3257 4653 ἀφ’
3293 4581 3487 4637 ἑαυτοῦ
3506 4624 3522 4652 ,
3553 4583 3643 4641 καὶ

410 4663 476 4717 ad
501 4663 596 4720 Dei
621 4668 951 4725 voluntatem
980 4672 1204 4730 faciens.

2077 4678 2254 4730 πάντα
2283 4677 2448 4730 ποιῶν
2477 4679 2556 4740 είς
2583 4677 2644 4730 τὸ
2663 4676 2756 4730 τοῦ
2785 4677 2916 4730 Θεοῦ
2949 4676 3209 4748 βούλημα.

480 4757 534 4814 8.
567 4758 696 4825 Qua:
726 4761 778 4815 in
815 4765 1017 4819 mundo
1051 4775 1197 4834 sunt,
1227 4783 1332 4822 non
1367 4768 1570 4826 dilexit.

2143 4773 2195 4827 8.
2231 4773 2342 4824 Οὐκ
2367 4773 2621 4843 ἠγάπησε
2653 4772 2720 4825 τὰ
2750 4775 2806 4827 ὲν
2829 4771 2908 4843 τῷ
2939 4771 3146 4841 κόσμῳ.

477 4851 529 4906 9.
559 4851 744 4924 Neque
771 4855 1053 4926 pejeravit,
1083 4875 1258 4930 neque
1293 4863 1550 4918 mentitus
1578 4871 1679 4918 est.

1616 4871 1679 4918 st.
2144 4863 2196 4916 9.
2227 4863 2339 4915 υύκ
2361 4863 2723 4935 ἐπιώρκησεν,
2750 4864 2868 4916 οὐδὲ
2892 4863 3169 4932 ἐψεύσατο.

479 4944 566 5012 10,
603 4945 688 4999 11.
721 4946 897 5014 Nunc,
924 4959 977 5004 et
1003 4951 1058 5005 in
1089 4950 1274 5007 futuro
1305 4955 1524 5013 swculo.

2143 4955 2226 5017 10,
2258 4955 2343 5007 11.
2391 4955 2476 5009 Ἐν
2506 4955 2584 5025 τῷ
2619 4954 2712 5008 νῦν
2746 4954 2822 5025 (5)
2854 4955 2946 5007 καὶ
2979 4956 3036 5006 ὲν
3064 4953 3141 5024 τῷ
3172 4954 3415 5025 μέλλοντι
3465 4955 3639 5012 αἰῶνι.

478 5035 564 5089 12.
600 5035 945 5108 Diligentium
975 5041 1284 5100 Dominum.

2144 5044 2230 5098 12.
2274 5043 2632 5112 Ἀγαπὼντων
2657 5044 2748 5096 τὸν
2776 5043 2997 5116 Κύριον.

478 5125 565 5180 15.
607 5129 1036 5186 Desiderantium
1070 5133 1248 5202 ipsum
1278 5133 1480 5190 videre.
2006 5127 2031 5182 ί

2006 5127 2048 5182 D
2148 5135 2235 5190 15.
2272 5135 2708 5207 Ἐπιθυμούντων
2742 5136 2902 5189 αὐτὸν
2935 5135 3250 5189 θεάσασθαι.

477 5221 665 5278 14-19.
707 5221 783 5277 De
807 5221 1074 5280 descensu
1107 5225 1366 5294 loquitur,
1401 5241 1564 5297 quem
1595 5225 1724 5282 fecit
1749 5225 1803 5281 in
1835 5226 1970 5282 inle-

2145 5225 2336 5279 14ο19.
2361 5226 2497 5296 Περὶ
2523 5226 2622 5296 τῆς
2651 5224 3003 5289 καταϐάσεως
3027 5225 3172 5294 λέγει
3191 5268 3205 5292 ,
3239 5219 3307 5297 ἦς
3346 5229 3638 5300 ἐποιήσατο

405 5310 580 5367 riores
613 5322 793 5382 partes
820 5322 998 5381 terrae,
1021 5323 1076 5370 et
1103 5316 1356 5385 spoliavit
1380 5314 1671 5374 infernum.

2088 5316 2138 5370 ιὰ
2167 5317 2241 5387 (6)
2254 5317 2534 5371 κατώτερα
2554 5316 2694 5389 μέρη
2709 5317 2808 5388 τῆς
2832 5317 2954 5388 γῆς,
2968 5317 3061 5371 καὶ
3074 5317 3366 5371 ἑσκύλευσε
3382 5319 3474 5372 τὸν
3488 5319 3641 5390 ᾅδην.

1347 5409 1649 5475 Addenda
1696 5414 1757 5475 et
1791 5407 2161 5489 corrigenda
2209 5428 2288 5472 ex
2321 5410 2458 5472 cod.
2496 5410 2694 5473 Velie.

501 5505 549 5592 Ξ
585 5506 946 5592 ’έδιρλειπτόν
981 5525 1107 5592 μοιζ
1124 5579 1136 5592 Ι
2155 5511 2231 5582 (5)
2264 5509 2589 5592 18⁸10.βῇ
2618 5513 2675 5592 ἒν
2699 5511 2775 5592 τῷ
2796 5510 2911 5592 νῖξν2
2936 5518 3041 5566 etc.
3067 5507 3142 5592 N._
3163 5510 3251 5592 11.
3280 5513 3391 5566 Καὶ
3419 5509 3638 5585 ἐλεηθή-

499 5578 555 5652 2)
681 5579 768 5633 διὰ
791 5577 1285 5652 τῆςίκιννασάρεως
1316 5596 1462 5652 περι.
2085 5577 2234 5652 σεται
2261 5581 2364 5652 ὑπὸ
2395 5581 2486 5652 τοῦ
2519 5581 2651 5639 Θεοῦ
2675 5577 2769 5638 τοῦ
2799 5580 3060 5649 σώζοντος
3085 5580 3268 5642 αὐτόν.

497 5649 552 5722 5)
586 5648 692 5722 [ἦν
721 5651 816 5722 καὶ
845 5651 1042 5722 πάντα.
1151 5648 1163 5652 ⁷
1389 5648 1400 5652 ’
2155 5651 2231 5722 (6)
2265 5651 2359 5716 Εἰς
2383 5651 2469 5708 τά.

479 5717 555 5789 (ιι)
588 5718 701 5784 Πᾶς
723 5718 1058 5791 ἀξιούμενος.
