3934 6218
260 302 363 361 ηδ
1167 311 1254 365 nn
1294 313 1570 373 mnus
1606 318 2060 383 PSALMORUM.
2096 361 2164 369 —
2200 331 2395 392 PSAL.
2434 337 2626 394 xxxv.
3310 307 3314 311 ’
3379 351 3479 408 734

323 423 415 479 20.
451 425 650 498 ’Δρατε
685 427 879 494 πύλας,
906 431 954 481 οἱ
987 429 1266 502 ἄρχοντες,
1293 433 1467 504 ὑμῶν·
1841 447 1876 502 Α

1841 447 1891 502 Α
1993 444 2083 502 20.
2120 447 2362 509 Attollite
2396 466 2602 526 portas,
2629 461 2923 531 principes,
2949 473 3200 522 vestras:

324 514 413 569 2L
447 517 554 569 Καὶ
580 516 877 590 ὲπάρθητε,
913 519 1076 573 πύλαι
1107 520 1314 575 αἰῶνιοι
1335 539 1350 554 ·

1986 537 2076 593 21.
2111 539 2174 594 Et
2204 514 2510 612 elevaniini,
2547 514 2715 618 portat
2743 514 3019 608 aet-carnales
3046 570 3064 610 :

325 605 414 661 22.
451 607 560 660 Καὶ
584 609 948 664 εἰσελεύσεται
970 614 997 664 6
1026 612 1275 683 βασιλεὺς
1299 615 1399 684 τῆς
1422 615 1578 687 δόξης
1599 635 1612 648 ο

1260 631 1275 677 ς
1299 615 1408 709 τῆς
1422 615 1578 709 δόξης
1599 635 1612 648 ·
1975 627 2078 709 .22.
2109 629 2174 684 Et
2204 633 2448 691 introiliit
2594 642 2776 709 gloriae
2802 659 2813 694 :

325 699 414 753 25.
452 699 547 762 Τίς
581 703 728 753 ἐστιν
754 697 905 767 οὗτος
927 706 954 757 6
987 704 1238 775 βασιλεὺς
1263 707 1362 777 τῆς
1395 708 1583 779 δόξηςς

1301 707 1362 802 ἧς
1395 708 1550 802 δόξης
1569 727 1595 802 ;_
1975 698 2240 790 '25.'Quis
2265 737 2347 781 est
2379 728 2480 782 iste
2509 697 2854 802 rexuglorina?

325 788 414 842 26.
450 790 652 862 Κύριος
682 792 790 846 τῶν
833 794 1114 866 δυνάμεων
1148 797 1306 862 αὑτός
1341 799 1487 853 ἐστιν
1514 799 1543 850 6
1574 800 1822 870 βασιλεὺς

291 817 652 934 ἰε’ὲὸςυριυς
682 817 790 846 των
833 817 1114 866 ουναμεων
1148 817 1306 862 αυτος
1341 817 1487 853 εστιν
1514 817 1543 850 ο
1574 817 1822 870 Ρασιλεῡς
1988 817 2079 873 24.
2115 821 2376 877 Dominus
2406 825 2666 881 virtutum
2697 829 2812 898 ipse
2845 839 2928 885 est
2949 848 3042 886 rex
3064 833 3270 902 gloria.

291 897 356 934 τις
453 901 564 934 anc.

257 897 356 952 της
389 897 564 953 οοςης.

575 999 821 1069 Ψαλμὸς
851 999 929 1065 τῷ
956 1002 1152 1056 Δαϐίδ.
1192 1006 1362 1059 ΨΑΛ.
1397 1006 1522 1060 ΚΔ’.

2227 1015 2476 1071 Psalmus
2508 1017 2701 1073 David.
2730 1020 2929 1078 PSAL.
2961 1021 3181 1081 XXIV.

327 1109 382 1168 1.
412 1110 555 1182 Πρὸς
583 1112 664 1176 σὲ,
689 1112 882 1184 Κύριε,
914 1109 1024 1186 ἦρα
1059 1115 1155 1187 τὴν
1177 1116 1351 1188 ψυχήν
1384 1136 1482 1188 μου
1509 1136 1522 1151 ⁶

1988 1127 2040 1180 1.
2072 1126 2152 1182 Ad
2179 1137 2250 1194 te,
2284 1129 2527 1195 Domine,
2559 1132 2727 1186 levavi
2756 1134 2990 1189 animam
3022 1151 3232 1202 meam;

321 1201 376 1254 2.
420 1202 477 1255 Ὀ
508 1202 638 1267 Θεός
670 1221 769 1274 μου
790 1244 805 1270 ,
836 1205 935 1258 ἐπὶ
972 1208 1054 1259 σοὶ
1087 1207 1354 1272 πέποιθα,
1385 1209 1459 1281 μὴ
1498 1227 1822 1282 καταισχυν-

1796 1241 1822 1253 -
1987 1219 2042 1272 2.
2073 1217 2216 1274 Deus
2243 1235 2417 1288 meus,
2450 1221 2505 1276 in
2532 1230 2586 1277 te
2609 1223 2845 1289 conﬁdo,
2874 1239 2983 1279 non
3011 1227 3349 1283 erubescam.

256 1290 405 1362 θείην
430 1293 511 1356 εἰς
531 1294 622 1346 τὸν
650 1294 820 1348 αἰῶνα

325 1384 377 1437 5.
408 1385 559 1455 Μηδὲ
585 1387 1108 1454 καταγελασάτωσὰν
1145 1406 1211 1460 με
1240 1391 1288 1442 οἰ
1315 1389 1496 1461 ἐχθροί
1525 1408 1626 1461 μου
1651 1409 1664 1422 ’

1525 1408 1626 1461 μου
1651 1409 1664 1422 ο
1986 1397 2040 1452 3.
2069 1396 2254 1468 Neque
2285 1399 2548 1455 irrideant
2572 1415 2659 1455 me
2691 1401 2896 1455 inimici
2925 1402 3030 1457 mei
3059 1418 3073 1455 :

322 1475 376 1529 4.
410 1477 520 1533 Καὶ
561 1477 669 1549 γὰρ
697 1477 896 1543 πάντες
928 1481 976 1532 οἰ
1007 1479 1362 1550 ὑπομένοντες
1399 1498 1458 1532 σε
1487 1481 1547 1534 οὐ
1579 1479 1653 1553 μὴ
1686 1498 1818 1535 κατ-

1984 1491 2039 1544 4.
2071 1492 2280 1546 Etenim
2315 1493 2591 1560 universi,
2629 1495 2723 1564 qui
2759 1495 3032 1551 sustinent
3066 1503 3146 1560 te,
3187 1509 3295 1549 non
3341 1509 3472 1550 con-

256 1568 633 1638 αισχυνθῶσιν.

1918 1581 2229 1640 fundentur.

327 1658 378 1713 5.
409 1659 864 1731 Αἰσχυνθήτωσαν
896 1661 1093 1726 πάντες
1124 1663 1173 1716 οἰ
1204 1663 1526 1734 ἀνομοῦντες
1549 1666 1815 1738 διακενῆς.

1985 1674 2039 1729 5.
2078 1672 2492 1730 Confundantur
2544 1691 2736 1732 omnes
2784 1675 2972 1746 iniqua
3017 1683 3237 1745 agentes
3283 1690 3475 1746 super-

320 1835 376 1890 6.
409 1836 519 1901 Τὰς
551 1835 700 1902 ὁδούς
731 1856 846 1902 σου,
875 1838 1067 1912 Κύριε,
1097 1841 1360 1915 γνώρισόν
1392 1861 1501 1916 μοι,
1845 1801 1873 1858 Ι

1845 1801 1890 1858 Β
1917 1779 2103 1820 vacue.

1990 1854 2044 1910 6.
2076 1854 2206 1911 Vias
2240 1865 2382 1922 tuas,
2400 1855 2660 1923 Domine,
2692 1856 3005 1912 demonstra
3039 1856 3197 1922 mihi,

322 1926 379 1982 ’1.
417 1929 528 1981 Καὶ
555 1927 654 1992 τὰς
683 1930 900 2002 τρίϐους
931 1949 1022 1984 σου
1051 1932 1256 2000 δίδαξον
1288 1952 1375 2006 με.

1342 1952 1375 1990 ε.
1992 1947 2044 2001 7.
2077 1946 2142 2001 Et
2167 1949 2391 2003 semitas
2421 1957 2540 2003 tuas
2571 1947 2738 2002 edoce
2769 1963 2895 2002 me:

319 2017 372 2073 8.
421 2020 715 2094 Ὀδήγησόν
747 2040 815 2094 με
852 2025 908 2076 έν
934 2027 998 2096 τῇ
1040 2025 1265 2098 ἀληθείᾳ
1298 2045 1391 2081 σου
1419 2027 1535 2101 [ἐπὶ
1559 2029 1656 2102 τὴν
1688 2031 1819 2102 ἀλή-

1988 2037 2042 2091 8.
2073 2039 2254 2108 Dirige
2281 2054 2369 2094 me
2399 2039 2454 2093 in
2485 2040 2713 2094 veritate
2745 2047 2838 2094 tua
2867 2037 2948 2110 [in
2967 2039 3250 2093 veritatem
3280 2034 3474 2108 tuam],

251 2109 403 2166 θειάν
436 2111 577 2178 oon],

319 2113 403 2166 ιάν
436 2129 530 2166 σου
563 2154 577 2178 ,

319 2203 374 2258 9.
407 2204 518 2259 Καὶ
536 2111 751 2272 ὲίδαξὸν
778 2225 866 2279 με,
895 2209 976 2263 ὅτι
1000 2210 1064 2264 σὺ
1091 2205 1144 2265 εἷ
1164 2212 1193 2266 6
1223 2211 1357 2276 Θεὸς
1379 2215 1408 2266 6
1432 2214 1611 2299 σωτήρ
1641 2232 1741 2286 μου
1767 2232 1782 2247 ·

1986 2216 2042 2272 9.
2073 2213 2140 2270 Ει
2161 2215 2294 2270 doce
2320 2228 2422 2270 me.
2458 2215 2586 2286 quia
2609 2220 2669 2268 tu
2697 2227 2756 2268 es
2783 2209 2927 2266 Deus
2957 2209 3197 2265 salvator
3225 2223 3380 2263 meus
3405 2226 3417 2263 :

1363 2387 1741 2445 ATHANASII
1780 2389 2367 2448 INTERPBETATIO.

317 2539 508 2594 20-24.
537 2541 674 2613 Περὶ
698 2542 796 2613 τῆς
826 2543 1081 2598 ἐπανόδου
1124 2544 1200 2617 (1)
1228 2547 1390 2601 αὐτοῦ
1423 2549 1601 2619 λέγει,
1638 2545 1706 2623 ἧς
1737 2548 1812 2620 (2)

1989 2548 2181 2605 20-25.
2221 2549 2296 2604 De
2324 2548 2498 2620 ipsius
2536 2546 2712 2603 reditu
2744 2546 3010 2618 loquitur,
3041 2559 3203 2616 quem
3228 2545 3282 2599 in
3311 2544 3479 2599 caelos

247 2632 540 2700 ἐποιήσατο
571 2633 651 2694 εἰς
677 2631 959 2702 οὐρανούς.

512 2647 540 2682 ο
571 2633 651 2694 εἰς
677 2631 959 2702 οὐρανούς.
1917 2639 2063 2698 fecit.

328 2785 394 2840 Ἡ
425 2786 758 2858 προκειμένη
796 2789 1074 2860 ἐπιγραφὴ
1117 2790 1356 2861 περιέχει
1385 2792 1460 2862 (5)
1485 2807 1499 2821 ·
1536 2791 1782 2861 Ψαλμὸς
1813 2793 1893 2860 τῷ
1924 2794 2114 2851 Δαϐίδ.
2149 2795 2363 2858 Διπλῶς
2387 2790 2481 2849 οὖν
2515 2796 2548 2866 ἡ
2583 2792 2861 2866 ἐπιγραφὴ
2881 2792 3126 2862 ζνοεῖται,
3155 2789 3250 2842 καὶ
3282 2790 3360 2852 εἰς
3391 2786 3482 2840 τὸν

245 2879 340 2933 τοῦ
379 2880 513 2934 Θεοῦ
545 2884 802 2954 μονογενῆ
835 2885 983 2950 Υἱὺν,
1018 2887 1111 2938 καὶ
1138 2888 1215 2950 εἰς
1246 2887 1370 2950 τοὺς
1393 2887 1538 2958 αύτῷ
1565 2889 1984 2958 ἀνακειμένουςο
2013 2892 2046 2960 ἡ
2069 2890 2176 2962 γὰρ
2202 2891 2465 2962 ἑρμηνεία
2497 2889 2589 2943 τοῦ
2615 2889 2876 2960 ὀνόματος
2909 2885 3002 2939 τοῦ
3029 2884 3188 2938 Δαϐὶδ
3219 2881 3347 2937 ποτὲ
3386 2881 3482 2951 μὲν

245 2973 602 3044 ἑρμηνεύεται
645 2975 850 3040 ἱκανὸς
876 2975 1054 3044 χειρὶ,
1081 2978 1216 3048 ὅπερ
1246 2979 1342 3048 οὐχ
1369 2978 1551 3049 ἕτερος
1580 2979 1665 3050 εἴη
1694 2997 1778 3042 τις
1823 2981 1937 3051 εἰμὶ
2005 2983 2050 3034 εἰ
2085 2981 2196 3052 μὴ]
2230 2984 2258 3034 ὁ
2293 2982 2387 3035 τοῦ
2428 2980 2563 3034 Θεοῦ
2591 2980 2718 3042 Υἰός
2738 2996 2752 3010 ’
2789 2978 2922 3032 ποτὲ
2948 2977 3005 3030 δὲ
3033 2971 3444 3041 πεποθημένος
3462 3009 3479 3034 ,

244 3070 383 3139 ὅπερ
408 3067 486 3139 (4)
509 3067 700 3137 φθάνει
728 3071 807 3131 εἰς
833 3070 960 3134 τοὺς
986 3069 1132 3141 αὐτῷ
1160 3071 1611 3142 προστρέχοντας.
1645 3072 1830 3138 Οὕτως
1859 3070 1950 3127 οὖν
1984 3077 2064 3136 εἰς
2091 3075 2434 3146 ἀμφοτέρους
2458 3076 2548 3128 τὸν
2580 3074 2788 3145 ψαλμὸν
2817 3073 3066 3143 εὑρήσεις
3085 3067 3404 3140 εἰρημένον⁸
3432 3067 3482 3119 οἰ

246 3163 354 3234 γὰρ
388 3165 821 3234 καταφεύγοντες
856 3167 931 3236 t5)
956 3169 1035 3231 εἰς
1063 3168 1243 3233 αὐτὸν,
1268 3169 1357 3222 τὸν
1385 3169 1594 3240 ψαλμὸν
1619 3171 1765 3242 αὐτῷ
1788 3171 2174 3243 προσφέρουσι.
2203 3173 2450 3242 Ψαλμὸς
2481 3169 2574 3226 οὖν
2605 3171 2686 3237 τῷ
2711 3169 2909 3232 Δαϐὶδ,
2937 3167 3016 3238 τῷ
3038 3165 3123 3239 [τὸ
3149 3163 3276 3237 μὲν]
3297 3164 3385 3218 ἵνα
3407 3160 3483 3234 (6)

243 3256 656 3328 προσφέρηται·
687 3258 747 3310 τὸ
773 3258 830 3310 δὲ
857 3259 944 3313 ἵνα
976 3261 1258 3332 προσφέρῃ
1280 3278 1293 3291 ·
1326 3260 1418 3314 δύο
1446 3262 1553 3334 γὰρ
1583 3262 1885 3334 ἐρμηνειῶν
1918 3264 2148 3334 εἴπαμεν
2181 3261 2318 3319 εἶναι
2350 3265 2410 3318 τὸ
2438 3265 2531 3318 τοῦ
2555 3264 2718 3318 Δαϐὶδ
2741 3263 2931 3332 ὄνομα.
3202 3347 3300 3359 wn
3391 3345 3427 3359 ἢ
3468 3346 3481 3359 .

315 3351 533 3408 Titulus
581 3354 908 3422 praepositus
952 3357 1236 3410 continet:
1269 3355 1518 3412 Psalmus
1557 3357 1746 3412 David.
1788 3358 2084 3429 Dupliciter
2106 3369 2288 3415 autem
2323 3360 2608 3430 inscriptio
2643 3357 2982 3426 intelligitur,
3017 3361 3071 3409 et
3107 3352 3176 3406 de
3202 3347 3342 3454 liilio
3384 3345 3486 3454 Pei

245 3446 549 3516 unigenito,
576 3457 629 3503 et
655 3450 722 3505 de
750 3450 983 3520 illis,qui
1014 3453 1062 3507 ei
1086 3469 1144 3509 se
1165 3455 1438 3510 dedicant.
1465 3454 1672 3512 Nomen
1692 3456 1834 3511 enim
1855 3456 2020 3512 David
2050 3473 2196 3514 nunc
2227 3458 2613 3528 interpretatur
2640 3461 3004 3524 manupotens,
3028 3448 3122 3518 qui
3144 3442 3487 3546 ηυξωῆδίίυδ

245 3548 348 3600 est,
387 3553 549 3607 quam
579 3538 672 3594 Dei
708 3539 911 3609 Filius;
952 3560 1099 3599 nunc
1123 3539 1652 3613 vero'desideratus,
1682 3549 1824 3618 quod
1859 3549 2110 3602 convenit
2153 3549 2208 3602 in
2245 3564 2376 3615 eos,
2420 3549 2513 3620 qui
2544 3549 2612 3602 ad
2651 3549 2828 3617 ipsum
2861 3546 3174 3599 accurrunt.
3214 3535 3294 3639 Ita
3323 3535 3488 3639 ῖεξιιξι·

242 3630 517 3698 psalmum
545 3631 611 3686 (le
635 3633 882 3703 utrisque
905 3635 1110 3691 dictum
1140 3638 1384 3696 invenies
1412 3657 1426 3694 :
1457 3643 1551 3710 qui
1593 3644 1738 3696 enim
1768 3642 1832 3696 ad
1863 3642 2038 3712 ipsum
2071 3642 2415 3713 confugiunt,
2449 3644 2717 3713 psalmum
2757 3638 2859 3710 ipsi
2883 3637 3090 3692 dicunt.
3119 3628 3362 3684 Psalmus
3386 3628 3488 3696 igi-

247 3729 338 3774 tur
364 3720 559 3790 David,
600 3728 797 3794 partim
833 3729 1052 3796 quidem
1085 3741 1357 3799 quatenus
1391 3733 1466 3787 illi
1509 3733 1724 3800 dicitur,
1753 3734 2242 3805 partim'quatenus
2272 3736 2361 3791 isti
2392 3737 2600 3791 dicunt.
2635 3733 2910 3804 Duplicem
2946 3725 3090 3782 enim
3122 3722 3360 3777 diximus
3383 3732 3487 3773 no-

245 3827 372 3867 men
401 3815 902 3886 interpretationem
929 3821 1152 3876 habere.

318 3975 373 4031 Ι.
407 3976 497 4028 Σοὶ
522 3980 870 4050 προσήγαγον
901 3980 977 4050 (7)
1014 3981 1202 4054 αὐτήν.
1852 3991 1871 4049 ι

1095 3981 1202 4054 τῆνο
1852 3990 1895 4049 C
1998 3987 2050 4040 1.
2087 3985 2166 4038 Ad
2195 3991 2247 4038 te
2276 3998 2395 4038 eam
2426 3979 2648 4038 adduxi.

313 4067 371 4121 2.
403 4069 553 4139 Μηδὲ
581 4072 636 4124 ἐν
659 4070 734 4141 τῷ
755 4071 871 4135 νῦν,
900 4073 1032 4142 μηδὲ
1062 4075 1120 4127 ὲν
1141 4071 1218 4143 τῷ
1247 4071 1488 4144 μέλλοντι
1519 4071 1694 4127 αἰῶνι.

1647 4090 1694 4127 ιι.
1993 4071 2047 4125 2.
2083 4069 2267 4139 Neque
2293 4083 2458 4133 nunc,
2485 4081 2660 4136 neque
2687 4066 2742 4120 in
2768 4063 2953 4119 futuro
2982 4058 3200 4116 saeculo.

313 4159 369 4213 3.
397 4160 548 4229 Μηδὲ
577 4162 1066 4228 καταπαιξάτωσάν
1099 4181 1222 4234 μου.

1038 4182 1066 4217 ν
1099 4181 1222 4234 μου.
1997 4161 2050 4216 5.
2084 4161 2159 4216 Ne
2187 4159 2314 4213 mihi
2348 4158 2591 4213 illudant.

319 4250 389 4316 4,
434 4251 486 4305 5.
533 4251 850 4324 Γέγραπται
885 4255 1042 4327 ςγάρ·
1087 4257 1206 4310 Ὅτι
1264 4254 1361 4310 διὰ
1411 4253 1654 4310 πολλῶν
1696 4254 1818 4309 θλί-

1993 4253 2049 4318 4,
2076 4253 2128 4307 5.
2155 4251 2289 4305 Nam
2323 4251 2582 4320 scriptum
2620 4257 2704 4304 cst
2728 4264 2742 4299 :
2774 4247 3035 4314 Quoniam
3056 4259 3148 4314 per
3168 4240 3364 4295 multa:
3390 4241 3481 4293 tri-

246 4345 411 4414 ψεων
435 4344 510 4412 (8)
528 4344 622 4398 δεῖ
637 4343 795 4414 ἡμᾶς
818 4348 1111 4403 εἰσελθεῖν
1129 4350 1216 4415 εὶς
1234 4347 1346 4416 τὴν
1361 4348 1684 4412 ,Βασιλείαν
1706 4346 1799 4400 τῶι

1932 4342 2220 4396 bulationes
2248 4350 2447 4409 oportet
2473 4357 2567 4393 nos
2598 4341 2800 4394 intrare
2826 4340 2878 4391 in
2915 4353 3127 4405 regnum
3152 4333 3400 4388 (telorum
3421 4331 3485 4387 “.

248 4434 555 4503 οὺρανῶν’
594 4437 788 4491 οὐκοῦν
831 4441 860 4493 6
909 4440 1210 4511 ὑπομείνας
1251 4441 1329 4503 εἰς
1358 4439 1418 4492 τὸ
1450 4438 1634 4502 τέλος,
1667 4433 1801 4498 οὗτος

1667 4433 1820 4502 οὗτος
1926 4437 2116 4504 Itaque
2146 4448 2470 4504 permanens
2501 4432 2554 4486 in
2584 4432 2745 4487 tinem
2774 4431 2864 4485 hic
2894 4430 3076 4484 salvus
3103 4430 3220 4484 erit.

251 4526 358 4579 σωθ
376 4527 388 4544 ’
406 4544 574 4580 σεται.

323 4545 447 4681 6:17.
466 4619 675 4689 Νήπιος
703 4621 810 4692 γάρ
835 4622 972 4693 εἰμι,
995 4621 1087 4675 καὶ
1107 4621 1293 4693 δέομαι
1317 4621 1414 4692 τῆς
1441 4620 1538 4689 σῆς
1567 4619 1804 4674 διδασκα-

1991 4607 2045 4674 6,
2067 4607 2324 4662 7.1nfans
2342 4606 2487 4662 enim
2517 4620 2658 4674 sum,
2677 4613 2732 4660 et
2754 4620 2893 4675 opus
2913 4602 3087 4658 habeo
3107 4610 3198 4657 tua
3221 4595 3488 4656 doctrina.

249 4705 390 4764 λιαι.

323 4747 379 4870 ἑ,
408 4803 461 4861 9.
503 4804 802 4876 Ὀδήγησὸν
833 4823 902 4878 με
927 4805 998 4880 (9)
1022 4805 1100 4881 τῷ
1124 4807 1262 4878 ἁγιῳ
1293 4823 1384 4859 σου
1414 4804 1707 4874 Πνεύματι.

1484 4804 1707 4874 νεύματι.
1991 4804 2024 4859 8
2078 4804 2131 4859 9.
2162 4803 2346 4859 Deduc
2371 4817 2457 4857 me
2481 4800 2685 4873 Spiritu
2711 4810 2898 4858 sancto
2921 4809 3037 4857 tuo.

320 4985 369 5023 ⁸³
395 4986 520 5044 Act.
541 5003 656 5054 xtv,
673 4986 766 5045 2i.

1199 5141 1501 5206 Addenda
1531 5149 1592 5205 et
1623 5132 1994 5223 corrigenda
2027 5160 2103 5205 ex
2152 5142 2292 5204 cod.
2339 5141 2520 5203 Vatic

319 5327 399 5400 (ι)
435 5329 668 5384 Ἀνόδου.
1998 5328 2078 5400 t7)
2111 5328 2463 5400 Προσήγαγᾳ·

348 5386 405 5462 2')
433 5400 560 5452 Ἢν.
2097 5386 2836 5466 Θλίψέωνὲίσελεύσονται
2858 5395 2964 5457 εἰς,
2986 5399 3115 5451 etc.,
3146 5386 3492 5508 δύπομὲναςὶ

348 5470 403 5537 ὅ)
440 5470 502 5522 Ἠ
527 5468 619 5522 διὰ
642 5468 740 5538 τῆς
765 5468 1130 5538 κινναϐάρεως
1163 5485 1288 5538 περ.
2024 5470 2077 5531 9)
2121 5467 2419 5538 Ὀδήγησόνί
2450 5484 2516 5538 με
2554 5467 2646 5538 ὲπί
2693 5464 3015 5538 τὴνᾲπίστιν
3049 5475 3180 5538 σου,
3207 5472 3272 5538 συ
3306 5472 3340 5538 γ
3383 5471 3413 5525 ρ
3445 5470 3495 5507 ε.

326 5468 403 5555 (ὅ)
432 5470 502 5556 ,ΣΗ
527 5468 619 5522 διὰ
642 5468 740 5541 τῆς
765 5468 1130 5540 κινναϐάρεως
1163 5485 1288 5542 περ.
2001 5468 2084 5550 (9ὶ
2121 5468 2414 5539 Ὀδήγησόν
2433 5484 2516 5589 gite
2554 5468 2646 5519 ἐπὶ
2693 5468 2789 5586 τεθὲν
2836 5468 3015 5546 πίστιν
3049 5473 3180 5538 σουξ,
3207 5468 3413 5553 συιγαρ
3445 5468 3494 5507 ει

326 5537 404 5608 (δι
457 5541 630 5610 Απερ·
1928 5542 2087 5665 ἷιετορ
2118 5538 2331 5626 Dareo;
2362 5537 2432 5609 ῥά
2460 5537 2574 5626 δος.
2608 5537 2717 5589 Και
2777 5532 2950 5599 ἰδαξον
3001 5545 3068 5599 με
3111 5544 3190 5596 τῳ
3227 5527 3365 5597 ἁγιῳ
3399 5539 3494 5579 σου

329 5611 347 5665 t
354 5608 405 5665 5)
439 5609 882 5665 Καταφυγόντες.
1981 5627 2225 5665 νευματι.
2277 5611 2376 5663 Οτι
2405 5623 2486 5662 συ
2508 5603 2565 5662 εἴ
2584 5609 2616 5662 ὀ
2645 5604 2808 5665 Θεὸς,
2834 5605 2867 5656 ό
2893 5598 3096 5665 Σωτήρ
3109 5614 3250 5665 μου.

439 5598 882 5682 Εᾳτάφυγόντες.
921 5677 943 5682 _
985 5678 1033 5682 η
1928 5598 2376 5682 Πνεύματι,’”ότὶ
2405 5607 2486 5662 σὺ
2508 5603 2565 5662 εἴ
2584 5609 2616 5662 δ
2645 5604 2808 5670 Θεὸς,
2834 5598 3096 5668 όίΣωέήρ
3109 5614 3250 5667 μου.

331 5678 407 5747 (6)
438 5678 528 5750 Τῷ
563 5680 658 5749 μὲν
687 5681 840 5736 ἵνα...
878 5677 954 5749 τῷ
981 5678 1056 5744 δέ,
1084 5686 1186 5733 etc.
