3934 6218
392 289 500 348 755
608 332 611 333 ν
1232 297 1290 354 S.
1330 298 1704 356 ATHANASII
1741 298 1892 358 OPP.
1928 302 2105 357 PARS
2143 298 2227 357 111.
2267 332 2337 345 --
2368 299 2772 357 EXEGETICA.
3503 299 3604 355 735

462 409 552 468 1ο.
582 407 650 464 Ει
679 418 732 466 te
761 410 994 467 sustinui
1027 420 1136 467 tota
1164 412 1271 470 die.
1972 424 2015 479 A

1972 424 2017 479 Α
2116 415 2202 469 10.
2234 414 2342 468 Καί
2368 431 2427 467 σε
2457 414 2722 486 ὑπέμεινα
2748 415 2877 483 ὃλην
2897 414 2995 483 τὴν
3025 411 3254 483 ἡμέραν.

464 498 551 554 11.
583 500 952 557 iteminiscere
979 503 1393 561 miserationum
1427 514 1666 573 tuarum,
1703 505 1950 575 Domine,

1789 508 1950 575 mine,
2127 507 2211 559 11.
2241 506 2525 577 Μνήσθητι
2554 505 2659 559 τῶν
2682 504 2978 575 οἰκτιρμῶν
3009 520 3123 568 σου,
3151 502 3342 575 Κύριε,

463 594 554 652 12.
572 596 637 650 Et
654 597 1145 653 misericordiarum
1162 609 1396 665 tuarum,
1413 617 1533 671 quae
1549 619 1577 656 a
1596 604 1790 658 saeculo
1806 611 1950 661 sunt.

2134 597 2215 653 12.
2249 597 2360 651 Καὶ
2383 596 2452 650 τὰ
2479 595 2601 666 ἐλέη
2630 612 2744 659 σου,
2774 596 2856 647 ὅτι
2883 594 2990 647 ἀπὸ
3016 592 3111 645 τοῦ
3140 591 3333 655 αἰῶνός
3360 592 3517 645 εἰσιν.

479 690 567 743 15.
597 689 796 744 Delicta
824 690 1128 759 juventutis
1161 707 1293 747 mem
1314 733 1329 758 ,
1359 702 1411 747 et
1444 694 1776 764 ignorantias
1809 711 1955 751 ineas

2127 690 2212 743 15.
2260 687 2557 759 Ἀμαρτίας
2586 686 2839 758 νεότητάς
2880 702 3001 757 μου,
3031 684 3125 738 καὶ
3155 683 3373 752 ἀγνοίας
3400 698 3501 753 μου
3535 679 3606 754 μὴ

392 796 463 836 nc
490 781 799 835 memineris
825 794 841 834 :

774 797 799 835 s
825 794 841 834 :
2057 777 2298 851 μνησθῇς
2314 793 2325 805 ·

466 871 865 928 “Secundum
882 872 1302 931 misericordiam
1317 887 1463 933 tuam
1478 887 1747 937 memento
1758 883 1861 939 mei
1876 892 1953 950 tu,

1776 883 1953 950 neim,
2127 870 2212 923 14.
2250 868 2403 922 Κατὰ
2428 868 2488 921 τὸ
2513 868 2657 930 ἔλεός
2691 884 2782 920 σου
2816 864 3081 937 μνήσθητί
3116 881 3214 935 μου
3243 862 3329 924 σὺ,

466 963 555 1018 15.
584 961 809 1032 Propter
831 964 1124 1019 bonitatem
1156 975 1327 1035 tuam,
1360 968 1607 1027 Domine.

2130 964 2218 1017 15.
2250 963 2476 1016 Ἕνεκεν
2507 963 2605 1031 τῆς
2632 959 2996 1031 χρηστότητος
3026 975 3139 1024 σου,
3170 956 3362 1027 Κύριε.

467 1052 554 1108 16.
588 1052 773 1108 Dulcis
802 1064 1060 1111 etrectus
1093 1056 1375 1124 Dominus,

2130 1055 2213 1109 16.
2249 1053 2494 1126 Χρηστὸς
2523 1053 2613 1106 καὶ
2643 1051 2799 1115 εὐθὺς
2831 1052 2858 1103 6
2892 1049 3122 1121 Κύριος·

466 1144 555 1199 17.
573 1144 799 1214 Propter
824 1146 924 1201 hoc
952 1147 1121 1218 legem
1150 1150 1300 1204 dabit
1321 1152 1756 1223 delinquentibus
1777 1156 1830 1210 in
1849 1156 1955 1212 via.

2135 1148 2220 1202 17.
2250 1147 2350 1201 Διὰ
2381 1146 2538 1200 τοῦτο
2578 1144 2924 1216 νομοθετήσει
2968 1143 3375 1215 ἁμαρτάνοντας
3400 1141 3458 1191 ἐν
3487 1135 3606 1208 ὀδῷ.

467 1235 554 1290 18.
583 1236 786 1307 Diriget
810 1248 1126 1295 mansuetos
1154 1241 1209 1295 in
1236 1241 1464 1311 judicio,

2130 1242 2215 1298 18.
2255 1240 2539 1310 Ὀδηγήσει
2570 1240 2763 1308 πραεῖς
2792 1240 2847 1290 ἐν
2877 1237 3074 1308 κρίσει,

467 1327 556 1381 19.
588 1326 810 1382 Docebit
841 1331 1000 1384 mites
1022 1331 1139 1387 vias
1166 1349 1319 1390 suas.

2129 1335 2216 1388 19.
2249 1330 2457 1395 Διδάξει
2490 1332 2682 1400 πραεῖς
2713 1329 2861 1391 ὁδοὺς
2890 1328 3073 1383 αὑτοῦ.

466 1418 557 1473 20.
589 1416 867 1474 Universae.
894 1421 991 1476 viae
1020 1421 1236 1479 Domini
1266 1424 1640 1483 misericordia
1662 1435 1716 1484 et
1738 1430 1957 1498 veritas,

1885 1446 1957 1498 as,
2126 1424 2214 1479 20.
2246 1424 2421 1477 Πᾶσαι
2451 1422 2507 1474 αἱ
2538 1420 2647 1473 ὁδοὶ
2675 1419 2877 1492 Κυρίου
2903 1419 3047 1484 ἔλεος
3071 1421 3165 1474 καὶ
3189 1420 3438 1491 ἀλήθεια,

404 1584 411 1593 ⁸
466 1509 557 1564 21.
588 1509 1014 1581 Requirentibus
1038 1523 1420 1573 testamentum
1445 1519 1585 1590 ejus,
1624 1529 1679 1576 et
1712 1521 1957 1577 testimo-

2125 1517 2214 1570 21.
2251 1515 2374 1577 Τοῖς
2414 1509 2699 1584 ἐκζητοῦσι
2742 1512 2841 1581 τὴν
2872 1511 3135 1583 διαθήκην
3173 1511 3337 1564 αὑτοῦ
3359 1553 3374 1579 ,
3424 1511 3519 1564 καὶ
3549 1508 3614 1564 τὰ

399 1602 488 1656 nia
519 1604 657 1671 ejus.

2063 1607 2334 1682 μαρτύρια
2364 1606 2546 1660 αὑτοῦ.

467 1694 558 1749 22.
589 1693 815 1765 Propter
844 1710 1043 1754 nomen
1073 1707 1247 1767 tuum,
1284 1703 1529 1767 Domine,
1987 1757 2020 1771 ,,

1987 1757 2029 1771 __
2128 1699 2218 1753 22.
2246 1698 2469 1752 Ἕνεκεν
2499 1699 2591 1752 τοῦ
2617 1700 2875 1771 ὀνόματος
2899 1713 3013 1762 σου,
3041 1695 3230 1769 Κύριε,

465 1786 554 1841 25.
582 1786 645 1840 Et
680 1788 976 1858 propitiare
1001 1801 1223 1859 peccato
1251 1807 1404 1858 meo;
1432 1793 1660 1847 multum
1689 1801 1772 1849 est
1789 1795 1952 1849 enim.
1987 1757 2018 1818 Ε

2124 1792 2214 1846 25.
2245 1791 2353 1844 Καὶ
2381 1790 2622 1862 ίλὰσθητι
2648 1757 2721 1863 τῇ.
2747 1757 2987 1862 ἁμαρτίᾳ
3001 1757 3144 1861 ’μουί
3165 1757 3330 1857 πολλὴ
3351 1785 3459 1856 γάρ
3481 1788 3613 1840 ἐστι.

464 1877 554 1932 24.
593 1876 727 1944 Quis
755 1886 837 1934 est
860 1880 1046 1947 homo,
1071 1882 1165 1951 qui
1190 1882 1342 1937 timet
1371 1881 1705 1937 Dominum?

2127 1883 2216 1937 24.
2246 1884 2340 1946 Τίς
2374 1885 2518 1936 ἐστιν
2550 1881 2830 1955 ἄνθρωπος
2856 1885 2884 1937 ὁ
2905 1881 3233 1952 φοϐούμενος
3258 1880 3349 1933 τὸν
3381 1876 3614 1950 Κύριονς

463 1968 555 2023 25.
588 1969 781 2041 Legem
810 1979 1010 2027 statuet
1039 1973 1089 2025 ei
1124 1973 1178 2027 in
1209 1974 1317 2039 via,
1349 1990 1513 2045 quam
1546 1975 1722 2045 elegit.

2132 1976 2221 2030 25.
2251 1975 2618 2047 Νομοθετήσει
2650 1975 2795 2047 αὑτῷ
2823 1977 2881 2029 ἐν
2906 1974 3028 2046 ὀδῷ,
3118 1973 3424 2045 ᾑρετίσατο.

468 2058 559 2112 26.
588 2058 782 2115 Anima
810 2061 930 2131 ejus
954 2062 1007 2116 in
1037 2062 1197 2118 bonis
1227 2062 1599 2119 demorabitur
1626 2082 1640 2119 :

2129 2068 2219 2122 26.
2258 2068 2321 2121 Ἢ
2351 2068 2495 2139 ψυχὴ
2525 2067 2688 2121 αὑτοῦ
2722 2071 2779 2121 ἐν
2813 2069 3034 2137 ἀγαθοῖς
3063 2064 3444 2137 αὑλισθήσεται
3463 2079 3478 2093 ’

468 2148 559 2204 27.
596 2148 661 2205 Et
687 2167 871 2208 semen
899 2152 1018 2223 ejus
1044 2154 1379 2210 liaareditabit
1406 2164 1627 2211 terram.

2130 2159 2221 2213 27.
2257 2161 2367 2212 Καὶ
2390 2161 2450 2213 τὸ
2485 2159 2706 2230 σπέρμα
2738 2159 2901 2213 αὑτοῦ
2931 2157 3323 2229 κληρονομήσει
3351 2154 3478 2223 γῆν.

470 2240 560 2299 28.
594 2241 1026 2301 Firmamentum
1055 2253 1141 2302 est
1161 2244 1426 2303 Dominus
1456 2247 1771 2304 timentibus
1794 2263 1916 2303 eum
1944 2267 1958 2302 :

2135 2249 2225 2305 28.
2260 2250 2599 2323 Κραταίωμα
2632 2249 2834 2321 Κύριος
2863 2249 2971 2304 τῶν
2995 2247 3339 2319 φοϐουμένων
3362 2243 3525 2299 αὑτόν
3556 2259 3570 2275 ⁸

1515 2402 1893 2460 ATHANASII
1929 2403 2505 2462 iNTERPRETATlO.

474 2556 561 2614 10.
593 2556 823 2625 Quando
845 2572 968 2615 sum
1005 2558 1062 2615 in
1089 2557 1233 2626 luce,
1262 2569 1515 2631 exspecto
1558 2567 1631 2625 te,
1658 2568 1715 2616 et
1734 2560 1967 2632 promis-

2144 2562 2231 2617 10.
2270 2560 2461 2616 Ἠνίκα
2491 2560 2607 2632 εἰμὶ
2631 2563 2690 2616 ἐν
2722 2558 2798 2632 τῷ
2826 2560 2993 2630 φωτὶ,
3023 2555 3392 2628 ἀπεκδέχομαί
3416 2572 3499 2622 σε,
3531 2554 3626 2609 καὶ

401 2648 611 2722 sionem
643 2657 810 2704 tuam.

2067 2651 2164 2723 τὴν
2191 2652 2519 2721 ἐπαγγελίαν
2549 2667 2661 2704 σου.

472 2741 560 2808 11,
597 2741 684 2799 12.
719 2740 1042 2809 Recordare,
1076 2724 1321 2805 Domine,
1351 2741 1609 2811 quoniam
1654 2741 1966 2797 misericors

2140 2742 2226 2807 11,
2263 2741 2348 2794 12.
2385 2740 2699 2813 Μνήσθητι,
2741 2738 2915 2809 Κύριε
2937 2778 2951 2802 ,
2985 2738 3065 2793 ὅτι
3107 2737 3402 2807 οἰκτίρμων
3431 2730 3505 2801 εἴ,
3533 2736 3625 2789 καὶ

402 2847 483 2895 es,
514 2841 568 2886 et
611 2831 754 2902 quod
796 2847 826 2886 a
858 2833 1060 2887 sarculo
1088 2834 1419 2889 consueristi
1468 2833 1713 2889 misereri
1752 2848 1955 2897 eorum,

2073 2832 2146 2885 ὅτι
2186 2833 2281 2885 ἀπ’
2314 2831 2509 2895 αἰῶνος
2539 2830 2694 2885 εἴωθε
2740 2830 2815 2903 (1)
2849 2828 3016 2884 ἐλεεῖν
3040 2830 3163 2893 τοὺς
3190 2827 3626 2899 προσπίπτοντας

402 2923 494 2993 qui
526 2922 621 2977 tibi
654 2938 711 2977 se
738 2931 1108 2992 prosternunt.
1991 2970 2030 2993 η
2066 2939 2167 2976 σοι.

473 3013 561 3069 15.
610 3011 938 3069 Obliviscere
985 3014 1231 3071 omnium
1278 3024 1623 3085 peccatorum
1683 3030 1959 3078 meorum,
1989 2999 2026 3027 u

2133 3012 2218 3066 15.
2253 3010 2440 3084 Λήθην
2468 3010 2682 3065 πάντων
2709 3009 2932 3081 ποίησον
2956 3008 3064 3063 τῶν
3086 3007 3365 3080 ἁμαρτιῶν
3400 3024 3527 3079 μου,
3552 2999 3628 3062 ὧν

402 3118 524 3176 qnte
546 3104 782 3175 juvenis,
818 3114 870 3161 et
899 3107 1205 3176 ignorantia
1236 3106 1432 3162 ductus
1465 3106 1735 3162 commisi.

2062 3103 2363 3174 πεποίημαι
2395 3102 2512 3166 νέος
2535 3101 2629 3167 ὣν,
2664 3101 2754 3156 καὶ
2781 3101 2971 3173 ἀγνοίᾳ
2996 3100 3289 3172 φερόμενος

474 3196 561 3262 id,
590 3197 679 3251 15.
714 3195 937 3268 Propter
965 3198 1253 3251 bonitatem
1280 3207 1458 3262 tuam,
1484 3197 1726 3252 Domine.
1763 3196 1965 3264 Quem-

2137 3197 2223 3262 11,
2258 3197 2341 3251 15.
2384 3198 2635 3251 Ἕνεκεν
2665 3194 2777 3264 τῆς
2798 3195 3205 3266 χρηστότητός
3235 3208 3389 3277 σου,
3429 3192 3624 3260 Κύριε.

402 3289 693 3343 admodum
723 3304 921 3359 magna
955 3300 1038 3344 est
1071 3300 1164 3344 tua
1198 3289 1591 3354 misericordia,
1641 3291 1714 3343 ita
1742 3292 1844 3343 mei
1879 3304 1955 3345 νος

2075 3289 2273 3360 Ὠσπερ
2303 3287 2443 3359 μέγα
2476 3304 2567 3341 σου
2592 3288 2652 3341 τὺ
2679 3287 2825 3351 ἔλεός
2850 3289 3015 3348 ἐστιν,
3042 3284 3214 3347 οὕτως
3244 3301 3343 3356 μου
3373 3283 3628 3355 μνησθεὶς

402 3379 656 3434 cordatus
679 3380 903 3446 dignum
930 3379 1016 3434 fac
1042 3396 1128 3434 me
1154 3380 1531 3436 misericordia
1563 3391 1674 3441 tua,
1704 3380 1955 3450 quoniam

2073 3380 2290 3447 ἀξίωσον
2322 3397 2388 3451 με
2418 3380 2511 3433 τοῦ
2547 3380 2728 3444 ἐλέους
2763 3397 2853 3433 σου
2874 3420 2888 3444 ,
2922 3379 3107 3432 ἕνεκεν
3139 3377 3233 3431 τοῦ
3268 3373 3405 3429 εἶναί
3446 3392 3505 3429 σε
3538 3375 3626 3428 εὑ·

404 3480 458 3525 ιιι
488 3469 664 3526 facilis
698 3486 757 3526 es
796 3471 863 3527 ad
903 3472 1317 3542 excipiendum,
1357 3482 1411 3529 et
1441 3473 1698 3529 omnibus
1736 3474 1957 3543 teipsum

2085 3474 2310 3545 τάραχον
2340 3472 2756 3546 [εὑπαράδοχον]
2787 3473 2885 3545 (a),
2930 3472 3021 3525 mi.
3056 3472 3220 3525 πᾶσιν
3253 3468 3443 3524 ἑαυτὸν
3489 3483 3638 3539 παρα.

403 3563 633 3633 praebes.

2066 3566 2232 3637 έχειν.

472 3652 559 3708 16.
592 3651 856 3719 Quoniam
880 3654 1059 3709 bonus
1086 3662 1190 3722 est,
1218 3662 1272 3709 et
1303 3654 1638 3721 misericors,

2140 3657 2227 3711 16.
2265 3655 2479 3727 Ἐπειδὴ
2510 3656 2712 3725 ἀγαθός
2738 3657 2855 3709 ἐστι
2888 3656 2982 3709 καὶ
3011 3655 3275 3726 ἐλεήμων,

474 3743 560 3799 17.
588 3742 880 3814 Propterea
908 3754 1221 3815 peccatores
1250 3747 1317 3801 ad
1345 3760 1404 3802 se
1432 3748 1724 3804 convertit.
1916 3750 1927 3755 “

2138 3750 2225 3803 17.
2259 3748 2359 3802 Διὰ
2379 3749 2536 3803 τοῦτο
2561 3750 2684 3812 τοὺς
2707 3748 3118 3820 ἁμαρτάνοντας
3146 3744 3460 3817 ἐπιστρέφει
3492 3742 3624 3815 πρὸς

2069 3841 2248 3896 αὐτόν.

476 3922 562 3991 18,
594 3923 682 3980 19.
724 3924 959 3980 Deducet
989 3924 1042 3979 in
1067 3924 1342 3980 veritatem
1374 3939 1505 3992 eos,
1538 3926 1631 3996 qui
1667 3926 1717 3982 ei
1752 3942 1858 3982 non
1891 3943 1972 3983 re-

2142 3936 2229 4001 18,
2270 3934 2357 3989 19.
2395 3934 2679 4006 Ὀδηγήσει
2717 3934 2797 3997 είς
2822 3932 3076 4003 ἀλήθειαν
3108 3932 3234 3995 τοὺς
3265 3930 3337 4002 μὴ
3378 3927 3626 3982 ἀνθιστα-

403 4017 626 4082 sistunt,
656 4024 709 4072 et
734 4017 951 4072 docebit
977 4031 1090 4081 eos,
1115 4017 1207 4094 qui
1238 4017 1287 4072 ei
1317 4018 1649 4086 auscultant,
1692 4021 1956 4089 quomodc

2073 4024 2262 4096 μένους
2277 4024 2444 4095 αὐτῷ,
2462 4027 2555 4079 καὶ
2574 4025 2771 4092 διδάξει
2786 4027 2908 4089 τοὺς
2930 4022 3298 4085 ὑπακούοντας
3319 4018 3487 4091 αὐτῷ,
3513 4017 3626 4081 πῶς

404 4106 715 4180 Ρθΐνθηίέὶηῑ
744 4108 796 4161 in
833 4122 1055 4177 regnum
1085 4108 1372 4162 οωεοτυπιο
2071 4117 2294 4171 ἔλθωσιν
2319 4120 2396 4182 εἰς
2422 4120 2519 4189 τὴν
2550 4118 2822 4190 βασιλείαν
2847 4119 2953 4172 τῶν
2978 4116 3241 4189 οὐρανῶν.

473 4199 564 4266 20,
593 4199 682 4253 21.
709 4198 905 4253 Omnia
945 4198 1198 4253 mandata
1226 4197 1438 4254 Domini
1479 4199 1851 4256 misericordia
1872 4244 1887 4268 ,
1917 4211 1973 4256 et

2132 4210 2221 4275 20,
2258 4210 2346 4265 21.
2379 4212 2556 4264 Πᾶσαι
2591 4214 2646 4264 αἱ
2683 4211 2892 4264 ἐντολαὶ
2921 4209 3124 4281 Κυρίου
3164 4202 3494 4276 ἐλεημοσύνη
3535 4199 3628 4255 καὶ

405 4288 539 4345 ﬁdes
577 4297 705 4345 sunt
745 4289 1055 4345 volentibus
1099 4291 1323 4361 implere
1356 4289 1525 4347 Vetus
1566 4291 1958 4349 Testamentum

2076 4301 2250 4363 πίστις
2284 4302 2389 4355 εἰσὶ
2418 4305 2526 4363 τοῖς
2553 4302 2760 4355 θέλουσι
2803 4301 3085 4372 πληρῶσαι
3114 4299 3211 4369 τὴν
3242 4295 3482 4350 Παλαιὰν
3506 4296 3629 4346 Δια-

405 4380 702 4439 secundum
734 4397 831 4449 ea,
855 4398 979 4453 qua:
1010 4397 1041 4436 a
1072 4381 1322 4450 Domino,
1349 4390 1404 4440 et
1436 4385 1505 4439 ab
1537 4385 1669 4457 ipsis
1708 4387 1958 4456 apostolis

2077 4393 2244 4465 θήκην
2272 4393 2413 4447 κατὰ
2443 4395 2517 4463 (2)
2549 4394 2652 4447 ὑπὸ
2680 4393 2773 4447 τοῦ
2807 4393 3010 4465 Κυρίου
3050 4389 3374 4461 λαληθέντα,
3402 4386 3496 4440 καὶ
3522 4384 3630 4440 τῶν

404 4473 546 4529 dicta
577 4481 725 4529 sunt.

2070 4486 2380 4540 ἀποστόλων
2406 4487 2471 4540 αὖ
2479 4486 2602 4540 τῶν.

472 4566 564 4632 22,
594 4564 685 4622 25.
718 4567 906 4638 Agnus
936 4569 1028 4623 Dei
1062 4569 1351 4636 cxsistens,
1382 4580 1437 4627 et
1462 4572 1657 4627 tollens
1682 4580 1966 4642 peccatum

2138 4577 2229 4637 22,
2252 4577 2341 4631 25.
2374 4578 2449 4647 (5)
2486 4579 2544 4631 '0
2567 4578 2824 4650 ὑπάρχων
2857 4575 3051 4647 Ἀμνὸς
3098 4573 3193 4627 τοῦ
3228 4571 3383 4638 Θεοῦ,
3408 4572 3437 4624 6
3460 4568 3632 4643 αἴρων

405 4673 623 4721 meum;
652 4660 881 4714 multum
913 4661 1058 4715 enim
1091 4670 1194 4717 est.

2068 4670 2165 4743 τὴν
2190 4670 2461 4743 ἁμαρτίαν
2493 4688 2593 4741 μου
2619 4686 2633 4701 ο
2663 4669 2829 4741 πολλὴ
2861 4669 2969 4741 γάρ
2997 4669 3161 4721 ἐστιν.

488 4750 567 4807 21.
593 4750 728 4818 Quis
755 4761 839 4809 est
867 4754 956 4809 ille
977 4794 990 4819 ,
1018 4755 1113 4825 qui
1159 4756 1362 4827 cOgitet
1395 4754 1563 4811 Deum
1607 4755 1966 4834 inspectorem

2135 4760 2228 4815 24.
2261 4761 2355 4824 Τίς
2401 4763 2547 4815 ἐστιν
2590 4762 2793 4824 ἐκεῖνος
2830 4762 2857 4813 6
2900 4758 3093 4813 ἐννοῶν
3138 4755 3212 4827 (εί)
3266 4754 3458 4826 ἔφορον
3491 4752 3634 4823 ἔχειν

405 4841 606 4899 habere
627 4844 650 4898 ?

2068 4853 2160 4907 τὸν
2179 4854 2341 4919 Θεόνς

475 4934 567 4990 25.
600 4934 823 4991 Erudiet
849 4953 971 4991 eum
1005 4938 1059 4993 in
1086 4940 1368 5011 praeceptis
1400 4941 1534 4996 suis.

2140 4943 2230 4997 23.
2247 4945 2588 5014 Στοιχειώσει
2614 4945 2773 4998 αὑτὸν
2800 4945 2855 4996 ὲν
2878 4945 2996 5005 ταῖς
3017 4939 3252 5004 ἐντολαῖς
3265 4936 3456 4993 αὑτοῦ.

477 5027 568 5083 26.
604 5027 660 5082 ln
694 5030 828 5084 locis
858 5031 1260 5100 superetnlestis
1292 5032 1550 5089 civitatis.

2141 5033 2175 5085 2
2198 5039 2229 5087 ί.
2270 5036 2358 5087 Ἐν
2381 5036 2566 5099 τόποις
2595 5035 2694 5105 τῆς
2721 5035 3036 5106 ἐπουρανίου
3061 5032 3284 5095 πόλεως.

476 5119 570 5176 27.
603 5121 903 5193 Super-nam
940 5131 1138 5177 terram
1166 5124 1454 5193 signiﬁcat.

1291 5124 1454 5179 iﬁcat.
2150 5125 2238 5179 27.
2269 5125 2378 5196 Τὴν
2410 5127 2521 5181 ἄνω
2545 5125 2690 5195 λέγει
2722 5127 2844 5195 γῆν.

478 5211 568 5267 28.
599 5212 903 5269 Auxiliator
925 5223 1007 5270 est
1032 5215 1295 5272 Dominus
1320 5217 1622 5271 timentium
1648 5233 1795 5271 eum.

2145 5218 2231 5270 28.
2252 5220 2451 5290 Βοηθός
2464 5224 2576 5274 ἐστι
2593 5221 2671 5273 Κύ
2683 5238 2792 5291 pro;
2806 5220 2834 5271 6
2850 5218 2955 5273 τῶν
2974 5216 3046 5290 (5)
3071 5214 3417 5287 φοϐουμένων
3447 5212 3634 5269 αὐτόν.

1354 5349 1657 5412 Addenda
1688 5356 1748 5411 et
1789 5349 2161 5428 corrigenda
2198 5371 2275 5414 ex
2311 5357 2451 5419 cod.
2486 5357 2687 5419 Vatic.

485 5468 563 5607 (1)
595 5469 829 5533 Εῖωθας.
2078 5473 2171 5528 τοῦ
2195 5475 2348 5541 Θεοῦ,
2380 5473 2510 5549 ἆρον
2534 5479 2653 5550 τήν.

509 5540 564 5604 2)
596 5540 705 5593 Καὶ
733 5541 821 5597 τά.
2150 5547 2224 5607 (4)
2269 5548 2323 5601 '0
2350 5549 2653 5607 ἐννοούμενο

509 5540 821 5619 gigans.
908 5612 932 5619 _
998 5613 1009 5619 _
1061 5612 1072 5619 -
1200 5611 1211 5619 .
1436 5612 1449 5619 _
1489 5612 1529 5619 __
1624 5610 1637 5619 _
1722 5611 1737 5619 Α
1806 5610 1818 5619 ⁸
2150 5547 2224 5613 (4)
2251 5548 2323 5619 ρο
2350 5540 2711 5619 ἐννοούμενος.
2736 5547 2755 5619 μ’

481 5608 557 5679 (5)
589 5609 812 5664 Ἕνεκεν
843 5612 936 5665 τοῦ
987 5611 1243 5683 ὀνόματός
1278 5627 1400 5677 σου,
1428 5612 1455 5667 6
1489 5610 1680 5682 ’Δμνδς
1714 5610 1982 5683 ὑπάρχων-
2250 5617 2474 5693 Βοήθεια
2503 5608 2647 5690 λέγει
2669 5608 2870 5691 Κύριος
2897 5615 3026 5679 τῶν,
3055 5622 3165 5671 etc.

491 5718 568 5792 (α)
605 5720 914 5794 Legendum
944 5728 1125 5797 potius
1172 5726 1497 5799 εὐπάροχον.
1526 5725 1686 5781 Eon.
