3934 6218
284 311 376 370 757
1174 308 1264 364 DE
1301 304 2057 395 TITULISPSALMORUM.
2096 334 2163 346 —
2198 301 2396 357 PSAL.
2437 299 2602 355 XXV.
3379 303 3486 362 758

345 425 433 483 29.
468 428 579 480 Kal.
606 430 638 500 ἡ
662 427 889 498 διαθήκη
924 426 1084 481 αὑτοῦ
1117 426 1343 498 δηλώσει
1371 430 1573 492 αὐτοῖς.
1854 435 1898 491 Α

1854 435 1901 491 Α
1995 425 2084 481 29.
2120 421 2186 477 Et
2215 429 2592 478 testamentum
2624 421 2797 491 ipsius
2825 418 3194 475 manifestabit
3218 419 3347 476 illis.

344 516 431 573 50.
464 518 527 571 Οἱ
553 515 818 587 ὀφθαλμοί
850 533 949 587 μου
979 516 1265 581 διαπαντὸς
1294 518 1427 589 πρὸς
1447 518 1538 572 τὸν
1567 518 1790 590 Κύριον,

1537 542 1538 545 η
1567 518 1790 590 Κύριον,
1997 514 2086 571 50.
2112 508 2266 569 Oculi
2298 511 2402 567 mei
2433 526 2647 582 semper
2675 511 2743 565 ad
2776 509 3090 575 Dominum,

345 605 436 661 5i.
469 607 589 660 Ὅτι
612 607 769 671 αὐτὸς
791 609 1055 662 ὲκσπάσει
1071 611 1134 663 ὲκ
1151 611 1371 679 παγίδος
1386 612 1511 675 τοὺς
1528 612 1689 676 πόδας
1706 628 1825 683 μου.

1998 607 2085 661 5t.
2119 606 2383 672 Quoniam
2426 607 2539 677 ipse
2569 605 2762 660 evellet
2791 605 2857 659 de
2892 603 3086 673 laqueo
3112 602 3277 674 pedes
3312 619 3485 663 meos.

348 698 437 753 52.
481 698 796 767 Ἐπίϐλεψον
819 699 904 751 ἐπ’
926 700 1046 770 ἐμὲ,
1070 702 1164 754 καὶ
1197 700 1418 772 ἐλέησόν
1450 719 1519 772 με
1547 718 1563 734 ⁸

1549 718 1563 734 ·
1997 697 2083 751 52.
2119 696 2342 768 Respice
2370 697 2423 751 in
2452 712 2556 762 tne,
2587 706 2643 751 et
2674 696 2932 751 miserere
2960 696 3102 751 mei:

344 787 434 841 55.
469 789 588 840 Ὅτι
627 787 919 859 μονογενὴς
952 790 1045 842 καὶ
1069 791 1280 861 πτωχός
1308 793 1423 862 είμι
1449 789 1579 860 ἐγώ.

1552 810 1579 846 ι.
1996 788 2084 843 55.
2119 786 2257 853 Quia
2288 787 2484 843 unicus
2512 794 2566 841 et
2600 801 2802 856 pauper
2832 801 2952 840 sum
2984 802 3105 856 ego.

347 879 437 934 54.
468 881 534 935 Ai
571 879 777 949 Θλίψεις
801 882 898 952 τῆς
931 882 1155 954 καρδίας
1184 900 1285 952 μου
1313 870 1754 954 ὲπληθύνὸησαψ

1998 879 2085 934 54.
2118 878 2515 934 Tribulationes
2537 879 2717 934 cordis
2740 879 2843 933 mei
2869 879 3239 950 multiplicatae
3265 890 3424 938 sunt:

342 973 433 1029 35.
476 973 571 1026 Ἐκ
603 972 712 1026 τῶν
744 972 997 1042 ἀναγκῶν
1033 990 1131 1045 μου
1158 974 1392 1044 ἐξάγαγέ
1428 993 1516 1047 με.

1998 972 2085 1025 55.
2121 969 2191 1025 De
2216 970 2627 1025 necessitatibus
2658 970 2794 1026 meis
2829 986 2959 1026 erue
2988 988 3091 1027 me.

343 1065 432 1122 36.
472 1066 577 1120 Ἴδε
604 1067 700 1138 τὴν
731 1067 1057 1122 ταπείνωσίν
1087 1086 1185 1139 μου
1215 1069 1307 1123 καὶ
1329 1069 1420 1122 τὸν
1449 1069 1615 1122 κόπον
1645 1085 1747 1139 μου
1783 1083 1798 1101 ο

1998 1061 2084 1114 56.
2119 1060 2255 1116 Vide
2300 1061 2655 1116 humilitatem
2702 1077 2876 1117 meam
2903 1072 2958 1118 et
2991 1064 3232 1121 laborem
3265 1082 3484 1126 meum:

346 1159 434 1213 57.
467 1158 576 1213 Καὶ
611 1158 746 1228 ἄφες
769 1160 944 1224 πάσας
970 1160 1066 1225 τὰς
1098 1160 1369 1233 ἁμαρτίας
1404 1177 1526 1230 μου.

1997 1153 2085 1207 57.
2117 1152 2182 1207 Et
2213 1154 2420 1209 dimitte
2460 1154 2709 1210 universa
2735 1155 2932 1213 delicta
2963 1173 3101 1213 mea.

343 1250 432 1306 58.
468 1252 572 1306 Ἴδε
598 1254 723 1316 τοὺς
750 1253 974 1326 ἐχθρούς
1003 1271 1126 1327 μου,
1152 1255 1233 1308 ὅτι
1278 1252 1690 1325 ὲπληθύνθησαν
1708 1269 1721 1283 ⁸

1998 1245 2086 1301 58.
2123 1243 2350 1315 Respice
2380 1244 2634 1302 inimicos
2659 1263 2831 1313 meos,
2858 1251 3118 1320 quoniam
3145 1252 3487 1324 multiplicati

1929 1346 2059 1390 sunt
2085 1354 2098 1390 ἶ

344 1427 432 1484 59.
462 1426 573 1480 Καὶ
609 1429 762 1498 μῖσος
788 1427 965 1482 ἄδικον
987 1427 1256 1499 ἐμίσησαν
1285 1443 1374 1498 με.

1994 1428 2082 1483 59.
2118 1428 2184 1483 Et
2215 1430 2340 1485 odio
2373 1430 2561 1504 iniquo
2593 1433 2826 1490 oderunt
2856 1449 2961 1491 me.

342 1518 431 1573 40.
465 1518 703 1584 Φύλαξον
731 1519 828 1590 τὴν
854 1520 1033 1591 ψυχήν
1064 1537 1187 1591 μου,
1212 1519 1303 1572 καὶ
1343 1515 1503 1589 ῥῦσαί
1533 1532 1621 1588 με’

1997 1520 2086 1575 40.
2121 1521 2341 1578 Custodi
2375 1526 2610 1580 animam
2634 1542 2832 1590 meam,
2862 1537 2917 1583 et
2939 1542 3066 1584 erue
3087 1542 3207 1584 me:

342 1610 432 1664 Η.
465 1612 556 1682 Μὴ
584 1610 1051 1682 καταισχυνθείην,
1085 1611 1165 1664 ὅτι
1195 1610 1399 1682 ἤλπισα
1430 1611 1520 1663 ἐπὶ
1560 1608 1643 1662 σέ.

1994 1612 2084 1667 41.
2120 1612 2238 1669 Non
2270 1617 2908 1690 erubescam-quoniam
2937 1624 3147 1692 speravi
3182 1622 3237 1677 in
3267 1629 3343 1680 te.

344 1701 435 1759 Ω.
475 1704 705 1756 ’Δκακοι
744 1704 838 1757 καὶ
870 1703 1045 1767 εὐθεῖς
1092 1701 1386 1756 ὲκολλῶντό
1433 1717 1545 1772 μοι,
1604 1699 1685 1752 ὅτι
1726 1699 1829 1753 ὑπο
1863 1781 1893 1785 _

1994 1702 2083 1758 42.
2115 1702 2429 1762 innocentes
2447 1717 2498 1764 et
2518 1709 2650 1764 recti
2676 1710 3021 1766 adhaeserunt
3037 1713 3192 1782 mihi,
3211 1714 3341 1785 quia
3366 1732 3483 1773 sus-

158 1849 167 1859 .
279 1792 470 1867 ἐμεινά
492 1811 570 1860 σε,
589 1794 783 1866 Κύριε.

614 1794 783 1866 [ύριε.
1860 1781 1902 1837 Β
1932 1792 2071 1847 tinui
2097 1803 2167 1847 te.

341 1886 433 1942 45.
464 1889 773 1959 Λύτρωσαι,
798 1889 827 1941 ὁ
857 1885 1005 1952 Θεὸς,
1032 1884 1121 1940 τὸν
1163 1885 1378 1958 Ἰσραὴλ
1407 1885 1470 1939 ὲκ
1492 1882 1681 1938 πασῶν
1718 1881 1826 1936 τῶν

2000 1882 2092 1939 45.
2127 1881 2343 1953 Libera,
2379 1884 2541 1954 Deus,
2566 1885 2732 1943 lsraei
2775 1903 2838 1944 ex
2882 1891 3136 1946 omnibus
3182 1892 3486 1951 tribulatio-

276 1977 510 2050 θλίψεων
542 1978 729 2034 αὑτοῦ.

702 1979 729 2034 L.
1934 1974 2096 2030 nibus
2119 1975 2255 2031 suis.

587 2110 829 2183 Ψαλμὸς
853 2108 934 2177 τῷ
961 2107 1156 2166 Δαείδ.
1187 2109 1360 2164 sum.
1389 2110 1520 2165 κει.

2272 2105 2519 2164 Ρδαίηηη
2545 2108 2737 2166 David.
2772 2110 2975 2170 rSAL.
3004 2114 3110 2169 ΧΧ
3127 2115 3185 2172 l'.

346 2224 397 2279 1.
427 2224 626 2297 Κρῖνόν
653 2241 766 2295 μοι,
794 2222 985 2295 Κύριε,
1007 2223 1090 2277 ὅτι
1116 2220 1226 2290 ἐγὼ
1256 2224 1315 2275 ὲν
1342 2221 1547 2294 ἀκακία
1576 2237 1677 2293 μου
1705 2222 1830 2275 ὲπο-

2006 2218 2055 2272 i.
2085 2215 2272 2274 Judica
2301 2235 2406 2288 me,
2430 2219 2695 2291 Domine;
2722 2227 2978 2296 quoniam
3010 2243 3111 2300 ego
3138 2229 3194 2285 in
3226 2228 3486 2287 innocen-

278 2316 476 2389 ρεύθην
501 2331 516 2347 ·

1932 2311 2008 2365 tia
2040 2328 2158 2369 mea
2183 2314 2462 2386 ingressus
2490 2331 2611 2373 sum
2638 2333 2652 2370 :

1402 2513 1774 2570 ATHANASII
1810 2512 2392 2573 lNTERPREI‘ATlO.

341 2699 435 2754 29.
461 2700 671 2768 Διδάξει
691 2699 905 2767 αὐτούς.

2004 2705 2094 2763 29.
2124 2707 2345 2766 Docebit
2369 2725 2486 2768 eos.

342 2794 434 2850 50.
467 2794 580 2865 Τῆς
608 2793 832 2866 καρδίας
863 2810 963 2866 μου
994 2793 1156 2865 λέγει.

1155 2842 1156 2846 η
2009 2796 2098 2851 50.
2133 2798 2325 2857 Cordis
2356 2802 2483 2869 mei,
2514 2800 2708 2870 inquit.

344 2885 436 2941 3|.
481 2885 613 2938 Ἀπὸ
647 2884 929 2956 ἁμαρτιῶν
950 2883 1049 2957 (l).

909 2905 929 2939 ν
950 2883 1049 2957 (ilo
2011 2885 2099 2943 5|.
2134 2890 2181 2943 Α
2210 2893 2462 2961 peccatis.

340 2975 435 3030 52.
467 2975 705 3048 Πρόσχες
727 2975 786 3029 τὸ
810 2975 1032 3040 ἀσθενές
1054 2988 1174 3046 μου,
1207 2976 1301 3030 καὶ
1329 2975 1549 3048 ἐλέησόν
1579 2993 1669 3048 με.

2013 2978 2101 3033 52.
2130 2979 2359 3035 Attende
2386 2979 2750 3038 inﬁmitatem
2777 2996 2977 3049 meam,
2999 2990 3054 3038 et
3082 2980 3336 3037 miserere
3359 2982 3485 3040 mei.

342 3067 435 3120 55.
467 3066 647 3138 Μηδὲν
682 3067 758 3138 (2)
782 3067 943 3137 ἔχων.
1862 3114 1895 3173 c

1862 3114 1905 3173 ο
2129 3069 2276 3173 'Itiihii
2305 3067 2538 3128 habens.

339 3158 431 3213 ⁵54.
466 3160 533 3212 Δί
562 3159 823 3231 ἁμαρτίαι
855 3177 977 3231 μου,
1864 3158 1892 3173 “’

1864 3158 1905 3173 “'
2009 3161 2100 3215 54.
2129 3160 2358 3218 Peccata
2392 3178 2532 3218 mea.

362 3250 435 3306 a5.
475 3250 607 3305 Ἀπὸ
631 3251 913 3323 ἁμαρτιῶν
953 3251 1050 3324 (5).
1858 3286 1863 3291 ι

904 3270 913 3301 ι
953 3251 1050 3324 (5).
1858 3286 1863 3291 ι
2006 3251 2098 3306 55.
2129 3251 2175 3304 Α
2202 3253 2457 3322 peccatis.

334 3339 413 3398 56
441 3381 457 3407 ,
488 3341 578 3395 57.
607 3342 817 3405 Ἔπιδε,
847 3342 928 3396 ὅτι
957 3342 1086 3414 χοῦς
1121 3345 1255 3415 εἰμι,
1284 3343 1378 3397 καὶ
1404 3343 1637 3416 πρόσχες
1652 3344 1714 3398 τὸ
1744 3343 1829 3397 δυο

2006 3343 2098 3409 56,
2128 3344 2216 3398 57.
2240 3343 2446 3415 inSpice
2469 3344 2724 3415 quoniam
2756 3344 2933 3415 pulvis
2957 3360 3100 3414 sum,
3132 3354 3186 3402 et
3211 3347 3489 3406 considera

274 3430 435 3486 νατὸν
464 3430 571 3485 τῶν
605 3432 937 3504 ἐπιθεμένων
970 3450 1058 3503 μοι
1086 3433 1353 3505 πολεμίων
1373 3433 1470 3506 (4),
1510 3435 1601 3489 καὶ
1625 3435 1827 3504 σπλαγ-

1939 3436 2227 3505 potentiam
2247 3436 2583 3491 inimicorum
2602 3435 2919 3491 irruentium
2937 3436 2991 3491 in
3014 3451 3119 3502 me,
3137 3445 3190 3492 et
3205 3438 3492 3505 miseratus

274 3521 512 3593 χνισθεὶς
544 3523 680 3594 ἄιρες
708 3524 887 3589 πάσας
910 3524 1009 3587 τὰς
1042 3526 1315 3598 ἁμαρτίας
1348 3544 1470 3598 μου.

1210 3526 1315 3590 πίας
1348 3544 1470 3598 μου.
1938 3527 2147 3583 dimitte
2173 3528 2352 3583 omnia
2375 3537 2593 3599 peccata
2626 3542 2763 3582 mea.

342 3612 438 3669 38.
472 3613 608 3678 Τοὺς
631 3614 886 3685 δαίμονας
913 3614 1081 3684 λέγει.

2006 3618 2096 3674 58.
2131 3619 2406 3675 Daemones
2441 3618 2728 3690 significat.

341 3706 435 3761 59.
474 3707 652 3777 Μηδὲν
677 3707 997 3777 ἀδικηθέντα
1022 3706 1099 3779 (5)
1129 3707 1220 3760 ὑπ’
1244 3707 1400 3779 ἐμοῦ.

2006 3708 2096 3764 59.
2132 3707 2287 3763 Nulla
2313 3710 2455 3763 enim
2489 3709 2687 3778 injuria
2723 3723 2753 3763 a
2784 3723 2869 3763 me
2895 3708 3069 3764 aii‘ecti
3099 3718 3248 3764 sunt.

341 3797 438 3852 40.
474 3799 568 3850 Ἐκ
591 3797 698 3853 τῶν
724 3798 980 3853 ἐναντίων
1002 3798 1303 3868 δυνάμεων.

2008 3800 2095 3855 40.
2123 3800 2163 3853 Α
2198 3799 2486 3856 contrariis
2519 3800 2878 3869 potestatibus

348 3890 442 3944 41.
473 3892 565 3961 Μὴ
590 3889 966 3973 ἀλλοτριώσεις
1003 3907 1070 3961 με
1102 3889 1325 3955 ἑαυτοῦ,
1354 3890 1435 3944 ὅτι
1478 3889 1681 3961 ἧλπισα
1709 3929 1723 3956 ,
1756 3890 1837 3943 ὅτι

2010 3893 2098 3947 41.
2123 3891 2205 3946 Me
2237 3907 2267 3946 a
2294 3901 2344 3946 te
2376 3892 2495 3961 ipso
2520 3905 2625 3946 non
2657 3891 2937 3956 alienabis,
2968 3891 3225 3963 quoniam
3257 3896 3490 3964 speravi,

275 3980 545 4057 προσδέξῃ
573 3998 662 4054 με.

1940 3984 2085 4056 quod
2117 3998 2202 4037 me
2230 3982 2488 4052 excipies.

344 4075 439 4131 42.
474 4073 662 4145 Χαρᾶς
696 4073 1045 4146 ὲπληρούμην
1076 4073 1419 4145 μεμνημένος
1452 4071 1561 4125 τῶν
1600 4072 1841 4140 ἐπαγγε-

2012 4075 2100 4128 42.
2124 4074 2331 4129 Gaudio
2362 4074 2612 4144 impletus
2649 4087 2794 4138 sum,
2820 4073 3243 4144 promissionum
3274 4082 3491 4131 tuarum

278 4166 411 4223 λιῶν
445 4184 562 4222 σου.

1940 4165 2277 4221 recordatus.

347 4255 440 4316 45.
454 4259 559 4313 Τὸν
579 4257 902 4327 νοῦν,λέγει,
922 4255 1014 4315 τὸν
1038 4255 1246 4328 ὁρῶντα
1268 4255 1359 4310 τδν
1376 4255 1507 4309 Θεὸν
1539 4254 1835 4311 λύτοωσαι.
1868 4230 1900 4285 Ε

1787 4273 1835 4311 ιι.
1868 4230 1914 4285 D
2010 4255 2098 4310 45.
2126 4254 2377 4321 Mentem,
2406 4251 2598 4323 inquit,
2627 4267 2748 4323 quae
2771 4251 2915 4308 videt
2940 4251 3131 4323 Deum,
3152 4254 3340 4314 libera.

362 4423 425 4476 Ἦ
456 4421 787 4494 προκειμένη
818 4420 1090 4490 ἐπιγραφὴ
1114 4416 1354 4488 περιέχει
1377 4431 1390 4444 ο
1428 4414 1501 4486 (6)
1533 4416 1776 4484 Ψαλμύς
1808 4415 1886 4482 τῷ
1913 4416 2106 4482 Δαόὶδ,
2147 4416 2410 4480 τουτέστι,
2450 4415 2693 4485 Ψαλμὸς
2723 4415 2803 4481 τῷ
2842 4414 2950 4481 Υἱῷ
2971 4415 3076 4470 τοῦ
3125 4417 3294 4472 Θεοῦ.
3333 4417 3504 4473 Δαϐὶδ

281 4518 391 4591 γὰρ
412 4516 767 4590 ἑρμηνεύεται
788 4514 991 4581 ἱκανὸς
1022 4513 1191 4582 χειρὶ,
1224 4513 1358 4585 ὅπερ
1392 4512 1539 4566 ἐστὶν
1572 4514 1606 4565 ό
1632 4510 1763 4576 Υἱὸς
1783 4510 1889 4565 τοῦ
1922 4511 2090 4575 Θεοῦ,
2122 4511 2197 4579 (7)
2225 4511 2365 4565 καθὰ
2385 4513 2413 4565 ὁ
2437 4512 2719 4583 προφήτης
2754 4508 3004 4582 Ἐζεκιὴλ
3028 4509 3304 4566 δείκνυται
3323 4512 3503 4583 λέγων

352 4651 567 4707 Titulus
587 4651 904 4721 praepositus
930 4650 1206 4705 continet:
1232 4646 1480 4702 Psalmus
1506 4646 1693 4712 David,
1723 4648 1826 4703 hoc
1860 4656 1945 4704 est
1969 4667 1983 4703 :
2020 4648 2265 4703 Psalmus
2300 4647 2445 4702 Filio
2471 4649 2584 4702 Dei.
2612 4648 2779 4703 David
2813 4647 2958 4704 enim
2992 4648 3381 4720 interpretatur
3403 4667 3500 4720 po-

284 4759 397 4803 'ens
428 4765 606 4808 manu,
635 4748 776 4817 quod
811 4755 894 4803 est
921 4744 1093 4801 Filius
1119 4745 1234 4810 Dei,
1262 4745 1720 4815 quemadmodum
1756 4747 2019 4816 propheta
2059 4744 2314 4800 Ezechiel
2346 4744 2610 4806 ostendit,
2642 4745 2830 4800 dicens
2856 4745 2911 4799 in
2941 4744 3149 4799 visione
3171 4744 3450 4799 cherubim
3477 4760 3495 4800 :

353 4843 402 4897 1.
433 4844 690 4914 Θέλησον,
714 4844 885 4915 Κύριε
919 4842 1012 4914 (8),
1045 4841 1400 4896 καταδικάσαι
1426 4842 1569 4912 ἐμοὶ,
1605 4841 1700 4895 καὶ
1727 4843 1840 4905 τοῖς

2004 4841 2057 4894 l.
2086 4839 2263 4906 Veiis,
2294 4839 2541 4904 Domine,
2566 4839 2813 4909 judicare
2857 4842 2998 4895 inter
3043 4854 3132 4895 me
3173 4849 3228 4894 et
3268 4838 3498 4912 Babylo-

279 4932 662 4998 Βαϐυλωνίοις,
690 4937 771 4988 ὅτι
800 4932 909 5003 ἐγὼ
936 4934 1031 5004 μὲν
1057 4931 1204 5002 πάσῃ
1231 4932 1435 5002 ἀκακία
1456 4930 1730 5003 κέχρημαι
1752 4931 1832 4995 είς

1940 4928 2081 4991 nios,
2113 4929 2370 4998 quoniam
2416 4944 2514 4999 ego
2547 4928 2764 4998 quidem
2795 4929 2848 4982 in
2879 4944 2973 4984 eos
3003 4930 3150 4984 omni
3185 4927 3493 4983 innocentia

284 5031 503 5093 αὐτοὺς,
536 5026 761 5101 [αὐτοὶ]
792 5026 848 5079 δὲ
872 5027 951 5088 εἰς
974 5025 1074 5096 εμὲ
1097 5024 1306 5095 πονηρά
1337 5022 1605 5095 [πονηρίᾳ
1627 5022 1671 5095 ].

1944 5037 2078 5078 usus
2101 5036 2218 5076 sum
2245 5038 2261 5087 ;
2300 5021 2401 5092 ipsi
2428 5032 2606 5076 autem
2632 5022 2686 5076 in
2710 5037 2796 5077 me
2819 5023 2967 5077 omni
3001 5020 3258 5092 nequitia.

1225 5199 1524 5263 Addenda
1548 5206 1612 5261 et
1667 5197 2033 5278 corrigenda
2066 5216 2145 5261 ex
2181 5199 2319 5261 cod.
2352 5199 2553 5261 Vatic.

359 5394 436 5470 (ί)
466 5395 608 5470 Ῑᾼπὸ
631 5395 814 5466 πάσης
842 5393 1133 5467 ἁμαρτίας.
2222 5389 2307 5470 διέέ
2335 5388 2827 5470 τῆςμιχναϐἅρεως
2860 5405 2986 5458 περ.

361 5459 437 5536 (ἓ)
466 5464 698 5536 Μηδένςιο
756 5459 782 5536 Ῐ
882 5459 974 5536 ζ’

2017 5460 2093 5536 ρ)
2132 5459 2306 5536 Ϊρβςοῦ
2331 5459 2465 5536 eam?
2487 5459 2632 5536 res.
2667 5459 2771 5536 εις·

362 5525 439 5606 (ὃ)
472 5525 578 5606 :E'z
594 5534 713 5606 τῶν
744 5531 979 5606 ἀνομιῶν
1013 5549 1136 5606 μρυο

2013 5525 2089 5606 (8)
2131 5528 2377 5601 Ἐλέησόν
2409 5546 2478 5602 με
2510 5528 2678 5598 λέγει,
2709 5526 2934 5597 Κύριος.
2955 5525 3182 5595 Reliqua
3204 5525 3402 5584 desunt
3434 5530 3492 5586 in

362 5601 439 5674 (4)
468 5604 746 5674 Πολέμων,
775 5601 870 5656 καὶ
891 5602 967 5666 ὡς
994 5601 1191 5670 eam.
1941 5601 2062 5657 cod.

365 5672 441 5731 (Β)
484 5672 873 5733 ’Νικηθέντος
