3934 6218
473 273 578 338 759
1311 277 1368 330 S.
1407 275 1772 331 ATIIANASII
1806 274 1956 333 OPP.
1995 277 2177 334 PARS
2216 277 2306 335 Ill.
2348 307 2420 322 --
2453 274 2869 336 EXEGETICA.
3569 281 3678 339 740

534 399 592 454 2.
622 397 683 454 Et
713 399 769 453 in
797 397 1030 454 Domino
1059 412 1304 468 sperans,
1337 413 1444 453 non
1479 398 1814 454 inﬁrmabor.

2202 403 2247 457 2.
2279 402 2385 456 Kal
2410 403 2500 455 ἐπὶ
2527 400 2604 473 τῷ
2631 402 2822 474 Κυρίῳ
2842 399 3098 466 ἐλπίζων,
3132 399 3192 453 οὐ
3223 399 3297 471 μὴ
3324 398 3628 473 ἀσθενήσει).

535 491 591 549 5.
620 490 792 547 Proba
823 507 929 556 me,
961 490 1209 556 Domine,
1236 499 1290 545 et
1323 498 1469 544 tenta
1499 504 1619 545 me:

2202 495 2241 549 5.
2277 495 2575 565 Δοκίμασόν
2599 512 2691 565 με,
2729 493 2920 564 Κύριε,
2950 494 3042 546 καὶ
3073 493 3162 544 πεί
3171 492 3331 563 ρασόν
3359 509 3426 562 με
3446 509 3459 524 ·

535 585 588 642 ι.
619 583 730 640 Ure
752 599 908 639 renes
937 597 1107 648 meos,
1133 592 1187 638 et
1210 597 1306 637 cor
1335 597 1536 636 meum.

2202 587 2249 640 1.
2285 585 2543 656 ΙΙύρωσον
2587 585 2712 648 τοὺς
2754 583 2982 655 νεφρούς
3033 600 3132 655 μου
3173 583 3266 636 καὶ
3306 582 3404 653 τὴν
3454 583 3679 656 καρδίαν

537 756 590 811 5.
619 755 886 824 Quoniam
929 753 1303 810 misericordia
1355 765 1448 810 tua
1494 765 1618 812 ante
1644 757 1833 813 oculos
1877 773 2026 814 mcos

2204 695 2234 730 υ
2263 695 2277 710 .

2202 771 2248 824 5.
2280 770 2400 824 ’Ότι
2433 769 2493 824 τὸ
2517 769 2663 833 ἔλεός
2695 785 2786 822 σου
2809 768 3095 822 κατέναντι
3125 767 3232 819 τῶν
3260 767 3552 838 ὀφθαλμῶν
3581 764 3680 837 μού

473 855 552 901 est
571 865 584 900 :

2202 880 2285 926 τι,

537 934 589 992 6.
618 934 683 989 Et
707 936 1004 1005 complacui
1032 937 1088 991 in
1109 937 1333 990 veritate
1363 945 1475 991 tua.

2202 953 2250 1008 6.
2281 953 2391 1007 Kal
2415 953 2754 1024 εὐηρέστησα
2786 953 2843 1004 ἐν
2863 953 2927 1022 τῇ
2957 949 3182 1022 ἀληθείᾳ
3215 967 3332 1004 σου.

537 1025 590 1078 7.
626 1023 740 1079 Non
774 1026 886 1080 sedi
914 1041 1036 1080 cum
1069 1026 1298 1080 concilio
1323 1026 1578 1080 vanitatis
1605 1045 1618 1080 :

2202 1044 2250 1097 7.
2283 1044 2394 1096 Οὐκ
2418 1042 2644 1096 ὲκάθισα
2672 1042 2806 1112 μετά
2833 1041 3108 1112 συνεδρίου
3143 1041 3501 1111 ματαιότητος
3523 1057 3541 1072 ο

536 1118 590 1170 8.
624 1115 686 1169 Ει
723 1131 843 1170 cum
879 1117 1063 1186 iniqua
1096 1117 1406 1185 gerentibus
1437 1133 1545 1171 non
1575 1119 1812 1174 introibo
1841 1138 1853 1172 :

2202 1135 2249 1189 8.
2281 1136 2389 1187 Kal
2418 1134 2555 1205 μετά
2589 1133 3043 1205 παρανομούντων
3070 1133 3130 1185 οὺ
3163 1131 3235 1202 μὴ
3261 1131 3508 1188 εἰσέλθω.

538 1207 591 1262 9.
617 1209 769 1262 0.Iivi
797 1209 1081 1262 ecclesiam
1115 1209 1554 1278 malignantium.

540 1297 630 1350 10.
667 1297 882 1352 Etcum
921 1299 1102 1368 impiis
1133 1314 1239 1353 nou
1273 1298 1494 1354 sedebo.

543 1387 628 1441 11.
658 1386 874 1443 Lavabo
903 1389 1041 1443 inter
1067 1390 1378 1444 innocentes
1402 1405 1600 1444 manus
1632 1405 1816 1444 meas:

545 1479 632 1534 12.
669 1481 735 1535 Et
755 1482 1099 1535 circumdabo
1135 1481 1301 1536 altare
1327 1489 1504 1544 tuum,
1535 1480 1783 1550 Domine,

542 1571 631 1626 13.
661 1569 728 1626 Ut
753 1569 836 1642 [ut
869 1569 986 1642 ego]
1021 1572 1236 1626 audiam
1261 1587 1447 1626 vocem
1470 1571 1669 1637 laudis,

2200 1228 2254 1282 9.
2296 1229 2351 1280 Ἐ
2361 1228 2562 1298 μίσησα
2595 1226 2887 1296 ἐκκλησίαν
2909 1225 3352 1296 πονηρευομένων
3371 1239 3386 1254 °

2199 1318 2286 1373 10.
2319 1320 2429 1372 Kal
2476 1318 2611 1390 μετά
2638 1318 2848 1371 ἀσεϐῶν
2873 1319 2933 1370 οὑ
2971 1318 3045 1389 μὴ
3075 1317 3302 1371 καθίσω.

2198 1410 2284 1463 11.
2320 1408 2558 1480 Νίψομαι
2591 1410 2648 1460 ὲν
2672 1408 2866 1472 ἀθώοις
2893 1408 2989 1471 τὰς
3019 1409 3202 1480 χεῖράς
3228 1425 3328 1478 μου
3353 1425 3366 1439 ·

2202 1501 2288 1555 12.
2319 1502 2426 1554 Kal
2451 1499 2712 1554 κυκλώσω
2735 1500 2796 1553 τὸ
2821 1500 3202 1572 θυσιαστήριόν
3230 1517 3342 1564 σου,
3367 1500 3539 1573 Κύριε
3565 1539 3581 1568 ,

2202 1593 2285 1647 15.
2319 1592 2424 1645 Τοῦ
2459 1591 2688 1646 ἀκοῦσαι
2719 1592 2899 1663 φωνῆς
2931 1591 3076 1664 [ετοῦ
3102 1591 3328 1645 ἀκοῦσαί
3365 1609 3433 1662 με
3481 1590 3684 1663 φωνὴν]

2130 1677 2383 1742 αἰνέσεως
2413 1696 2528 1744 σου,

540 1769 626 1824 14.
659 1769 725 1824 Ει
754 1785 999 1826 enarrem
1030 1773 1281 1827 universa
1318 1772 1591 1826 mirabilia
1623 1783 1733 1825 tua.

2202 1769 2287 1823 M.
2321 1769 2428 1822 Kal
2459 1769 2819 1842 διηγήσασθαι
2846 1771 3021 1826 πάντα
3045 1771 3111 1825 τὰ
3139 1771 3417 1842 Θαυμάσιά
3442 1787 3557 1826 σου.

544 1859 631 1914 15.
669 1858 912 1924 Domine,
940 1861 1103 1916 dilexi
1130 1863 1377 1917 decorem
1406 1863 1600 1917 domus
1636 1871 1764 1928 tute,

2206 1859 2293 1914 15.
2323 1859 2520 1932 Κύριε,
2548 1863 2808 1934 ἠγάπησα
2833 1863 3162 1933 εὐπρέπειαν
3187 1864 3332 1917 οἴκου
3360 1880 3476 1930 σου,

541 1949 629 2004 16.
665 1947 731 2003 Et
758 1950 935 2006 locum
970 1951 1319 2006 habitationis
1356 1952 1538 2020 gloriae
1573 1961 1698 2006 tuae.

2205 1953 2292 2007 16.
2325 1954 2434 2006 Kal
2455 1954 2617 2007 τόπον
2647 1953 2998 2026 σκηνιῦματος
3031 1956 3186 2027 δόξης
3209 1973 3324 2011 σου.

545 2039 634 2092 17.
671 2038 747 2095 Ne
766 2041 962 2110 perdas
987 2057 1109 2096 cum
1135 2042 1334 2112 impiis,
1369 2041 1530 2108 Deus,
1559 2043 1794 2096 animam
1821 2057 1992 2097 meam
2016 2060 2029 2097 :

2209 2043 2295 2098 17.
2326 2044 2417 2116 Μὴ
2445 2045 2814 2117 συναπολέσῃς
2840 2045 2978 2117 μετὰ
2999 2047 3208 2101 ἀσεϐῶν
3229 2047 3324 2118 τὴν
3343 2047 3519 2119 ψυχήν
3547 2063 3648 2118 μου
3670 2087 3684 2113 ,

547 2131 633 2186 18.
670 2131 736 2186 Et
761 2149 882 2188 cum
915 2134 1046 2190 viris
1066 2134 1390 2205 sanguiuum
1413 2134 1575 2188 vitam
1604 2149 1776 2189 meam
1804 2153 1818 2189 :

2211 2133 2298 2188 18.
2328 2135 2438 2188 Kal
2469 2135 2606 2206 μετὰ
2653 2135 2860 2208 ἀνδρῶν
2893 2137 3139 2208 αἱμάτων
3168 2138 3264 2208 τὴν
3293 2137 3436 2208 ζωήν
3484 2153 3586 2208 μου
3611 2155 3625 2167 ·

1584 2267 1956 2324 ATHANASII
1995 2265 2576 2324 INTEBPRETATIO.

474 2380 532 2433 ἑν
555 2383 619 2452 τῇ
644 2380 874 2452 ὀπτασίᾳ
903 2381 1008 2436 τῶν
1028 2383 1291 2455 χερουϐίμ
1309 2400 1321 2416 ’
1340 2383 1430 2450 Ὡς
1457 2383 1624 2454 φωνὴ
1650 2383 1725 2456 (1)
1755 2367 2151 2453 παρεμϐολῆς.
2178 2379 2385 2436 Οὐκοῦν
2400 2379 2477 2450 τῷ
2501 2381 2670 2433 εἰπεῖν
2696 2380 2876 2446 αὑτὸν,
2892 2380 2988 2444 Ὠς
3014 2378 3179 2448 φωνὴ
3206 2378 3410 2432 ἱκανοῦ
3434 2378 3532 2450 (α),
3555 2381 3692 2450 dixr-

475 2470 655 2524 κοέναι
683 2473 780 2542 τὴν
816 2473 995 2544 φωνὴν
1024 2475 1212 2546 εἴρηκε
1240 2474 1332 2528 τοῦ
1356 2475 1488 2529 Θεοῦ
1518 2476 1711 2546 Λόγου.
1750 2475 1973 2542 Ἱκανὸς
1999 2475 2107 2544 γάρ
2136 2473 2283 2544 χειρὶ
2309 2474 2337 2526 6
2364 2473 2496 2537 Θεὸς
2521 2473 2692 2542 Λόγος
2711 2473 2776 2527 ἂν
2801 2474 2905 2544 εἴη.
2937 2474 3248 2544 Εἰρήκαμεν
3267 2472 3392 2542 γάρ,
3421 2473 3502 2525 ὅτι
3533 2476 3690 2527 Ψαλ-

472 2560 585 2630 μὸς
611 2561 691 2628 τῷ
729 2563 837 2628 Υίῷ
864 2566 968 2620 τοῦ
1001 2567 1167 2631 Θεοῦ,
1197 2567 1383 2639 ἐπειδὴ
1415 2567 1577 2622 Δαὸὶδ
1612 2567 1969 2641 ἑρμηνεύεται
2001 2566 2208 2632 ἱκανὸς
2237 2565 2422 2634 χειρὶ,
2458 2565 2595 2637 ὅπερ
2627 2567 2775 2619 ὲστίν
2800 2567 2828 2619 6
2859 2565 2989 2628 Θεὸς
3027 2565 3230 2632 Λόγος,
3280 2562 3420 2617 καθὰ
3461 2563 3568 2617 ὑπὸ
3594 2565 3688 2618 τοῦ

477 2653 754 2724 προφήτου
800 2652 1057 2727 ’ῐεξεκιὴλ
1083 2656 1503 2728 μεμαθήκαμεν.

483 2766 550 2822 Ut
575 2783 672 2822 νοω
699 2772 941 2838 poteratis.
970 2769 1214 2826 Profecto
1244 2772 1472 2828 dicendo
1497 2772 1693 2841 ipsum,
1728 2768 1795 2824 Ut
1819 2783 1914 2824 vox
1933 2769 2182 2838 potentis,
2210 2785 2394 2826 vocem
2429 2769 2722 2834 audivisse,
2759 2767 2896 2822 dixit
2951 2768 3043 2824 Dei
3082 2767 3261 2824 Verbi.
3304 2767 3498 2826 Potens
3544 2789 3689 2830 enim

477 2877 636 2912 manu
663 2859 806 2915 Deus
828 2859 1062 2914 Verbum
1089 2862 1387 2931 utiqueest.
1407 2861 1866 2930 Diximusitaque,
1893 2859 2033 2928 quod
2048 2857 2292 2913 Psalmus
2320 2859 2462 2912 Filio
2485 2858 2610 2924 Dei;
2639 2859 2895 2928 quoniam
2919 2857 3084 2914 David
3109 2859 3490 2929 interpretatur
3513 2874 3689 2931 potens

477 2968 658 3017 manu,
685 2952 829 3022 quod
857 2963 941 3007 est
962 2951 1105 3009 Deus
1124 2951 1378 3022 Verbum,
1397 2953 1850 3026 quemadmodum
1882 2967 1914 3007 a
1941 2951 2200 3021 prOphcta
2232 2938 2508 3007 Ezechiele
2535 2949 2842 3006 didicimus.

539 3067 593 3121 2.
616 3065 800 3122 Habeo
840 3068 984 3122 enim
1017 3069 1414 3126 coniortantem
1452 3084 1538 3126 me
1569 3068 1760 3134 Deum,
1795 3068 1848 3122 in
1878 3081 2029 3138 quem

2207 3067 2263 3122 2.
2297 3068 2444 3137 Ἐχω
2465 3066 2571 3137 γὰρ
2601 3064 2689 3118 τὸν
2713 3064 3110 3136 ὲνδυναμοῢντά
3139 3082 3205 3136 με
3239 3065 3368 3120 Θεὸν
3399 3066 3498 3139 (2),
3526 3069 3606 3131 εις
3635 3068 3690 3121 ὃν

479 3173 661 3228 spero.

2205 3159 2361 3223 πίζω.

547 3250 602 3315 5,
622 3249 676 3303 4.
698 3247 767 3304 Ut
787 3251 1033 3306 cordium
1055 3251 1302 3322 cognitor
1326 3251 1470 3307 nosti
1495 3250 1678 3307 omnia
1706 3265 1826 3320 quae
1849 3250 1905 3305 in
1928 3264 2029 3314 me,

2209 3251 2263 3315 '5,
2293 3249 2344 3304 4.
2390 3249 2475 3312 Ὠς
2503 3246 2936 3320 καρδιογνώστης
2969 3243 3114 3310 οἶδας
3144 3247 3318 3301 πάντα
3348 3249 3416 3302 τὰ
3447 3251 3506 3302 ὲν
3547 3251 3687 3319 ἐμοὶ,

480 3341 759 3410 quomodo
785 3351 913 3398 sunt
942 3345 1084 3399 circa
1112 3353 1184 3398 te.

2202 3341 2258 3405 ὗς
2285 3343 2389 3394 εἱσι
2413 3341 2540 3413 περὶ
2569 3341 2647 3395 σέ.

549 3431 602 3486 5.
636 3429 903 3498 Quoniam
935 3433 1306 3490 misericordia
1339 3443 1453 3500 tua,
1485 3450 1649 3506 quam
1682 3434 1816 3488 mihi
1843 3449 2029 3504 praece-

2211 3434 2264 3488 5.
2299 3434 2421 3486 Ὅτι
2450 3434 2510 3485 τὸ
2540 3432 2684 3496 ἔλεός
2723 3445 2836 3498 σου,
2873 3431 2900 3485 ὂ
2935 3431 3267 3503 προσέταξάς
3299 3450 3386 3502 μοι
3415 3434 3588 3485 ποιεῖν
3618 3432 3692 3494 εἰς

477 3522 626 3594 pisti,
659 3531 720 3578 ut
746 3524 1103 3596 indigentibus
1129 3525 1381 3594 facerem,
1411 3537 1534 3582 ante
1553 3527 1739 3582 oculos
1769 3540 1917 3581 meos
1935 3534 2029 3579 est.

2207 3523 2268 3586 ὺς
2291 3523 2479 3594 χρείαν
2514 3521 2755 3593 ἔχοντας,
2781 3522 2886 3594 πρὸ
2917 3521 3206 3593 ὀφθαλμῶν
3233 3522 3332 3592 μού
3355 3524 3522 3576 ἐστιν.

546 3615 600 3669 6.
631 3613 699 3670 Et
720 3616 775 3672 in
803 3617 908 3674 hoc
941 3617 1188 3674 faciendo
1217 3619 1393 3676 ﬁdelis
1428 3628 1677 3690 repertus
1705 3634 1825 3674 sum
1851 3631 2029 3673 coram

2213 3613 2267 3668 6.
2293 3614 2403 3667 Kal
2429 3615 2485 3667 ὲν
2505 3613 2582 3684 τῷ
2611 3617 2782 3667 ποιεῖν
2818 3631 2885 3685 με
2904 3611 3065 3666 τοῦτο
3108 3614 3297 3677 πιστὸς
3349 3614 3581 3686 εὑρέθην
3613 3614 3692 3666 ἔνο

483 3714 555 3760 te.

2202 3705 2313 3760 πιόν
2345 3721 2460 3758 σου.

552 3796 603 3851 7.
630 3793 749 3849 Νοη
777 3795 1024 3865 acquievi
1049 3796 1360 3866 iniquorum
1393 3798 1943 3855 murmurationibus.

2217 3797 2270 3852 7.
2307 3797 2381 3850 Οὐ
2415 3796 2905 3867 συνανεπαυσάμην
2927 3798 3254 3867 γογγυσμοῖς
3283 3797 3359 3867 ('6)
3394 3799 3664 3868 πονηροῖς.

553 3886 608 3942 8.
633 3887 821 3956 Neque
849 3902 974 3950 cum
1007 3887 1088 3943 eis
1113 3890 1462 3944 consociatus
1496 3904 1641 3945 sum.

2214 3890 2268 3946 8.
2295 3891 2428 3944 Οὐδὲ
2451 3889 2750 3962 συνεθέμην
2771 3889 2971 3952 αὐτοῖς.

553 3976 608 4032 9.
638 3976 1056 4045 Multitudinem,
1090 3978 1300 4049 inquit,
1332 3980 1458 4036 odio
1501 3980 1666 4036 habui
1712 3995 1923 4046 eorum,
1948 3980 2029 4051 qui

2211 3981 2264 4036 9.
2294 3981 2503 4052 Πλῆθος
2525 4023 2540 4046 ,
2577 3981 2758 4049 λέγει,
2802 3968 3055 4052 ἐμίσησα
3079 3980 3525 4051 ἐπανισταμένων
3565 3978 3696 4034 κατά

481 4071 770 4138 insurgunt
796 4069 851 4124 in
880 4085 1027 4133 eum,
1056 4071 1149 4140 qui
1180 4069 1310 4127 fecit
1339 4087 1449 4128 eos.

2206 4073 2235 4127 ὓ
2271 4075 2594 4144 ποιήσαντος
2620 4071 2835 4135 αὐτούς.

563 4159 649 4215 10.
681 4159 796 4216 Non
822 4162 1168 4218 consiliabor.

2216 4165 2304 4218 10.
2335 4165 2412 4217 Οὐ
2444 4163 2520 4236 (4)
2549 4164 2623 4236 μὴ
2652 4161 3006 4234 συνεδρεύσω.

548 4253 636 4308 11.
665 4253 873 4307 Anima:
898 4270 1091 4308 manus
1122 4253 1417 4322 significat.

2217 4257 2302 4310 11.
2340 4255 2450 4318 Τάς
2473 4256 2572 4326 τῆς
2593 4254 2771 4326 ψυχῆς
2807 4255 2882 4325 (5)
2915 4256 3101 4326 χεῖρας
3120 4251 3286 4320 λέγει.

549 4341 637 4395 12.
671 4340 736 4396 Et
767 4342 860 4395 tibi
887 4343 1225 4397 ministrabo.

2218 4346 2305 4400 12.
2339 4347 2448 4400 Kal
2471 4346 2644 4398 λειτου
2655 4347 2840 4417 ργήσω
2862 4362 2960 4401 σοι.

551 4433 638 4496 15,
689 4433 775 4486 14.
826 4396 1132 4488 Lectionem
1171 4434 1480 4505 signiﬁcat:
1514 4434 1584 4491 Et
1633 4434 1736 4507 [ιιι]
1791 4449 2028 4489 enarrem

2217 4396 2305 4502 is,
2339 4396 2570 4508 ἶὶζτῆν
2594 4396 3132 4506 ὲξάίἕᾲιζᾷσέᾲᾇέγει-
3167 4434 3277 4491 Kal
3307 4433 3384 4505 (6)
3414 4431 3696 4502 διηγήσα-

481 4525 658 4578 omnia
687 4523 960 4576 mirabilia
992 4535 1103 4579 tua.

2202 4531 2277 4582 lac
2308 4529 2506 4582 πάντα
2539 4529 2611 4583 τὰ
2641 4528 2940 4599 θαυμάσιά
2971 4544 3106 4582 σου.

552 4613 638 4666 15.
677 4611 936 4681 Populum
968 4614 1204 4668 ﬁdelem.

2211 4623 2298 4678 15.
2335 4624 2436 4676 Τὸν
2460 4622 2586 4675 λαὸν
2616 4621 2708 4674 τὸν
2729 4620 2938 4674 πιστόν.

552 4703 639 4757 16.
677 4701 776 4757 Ubi
807 4705 1099 4760 inliabitas.

2211 4715 2301 4769 16.
2331 4715 2496 4768 Ἔνθα
2518 4715 2814 4776 κατοικεῖς.

550 4797 634 4852 17.
664 4796 741 4853 Ne
765 4815 850 4853 me
877 4801 1176 4855 constituas
1205 4815 1235 4853 a
1269 4798 1507 4855 simstris
1528 4799 1655 4854 tuis.

2213 4805 2301 4860 17.
2331 4805 2424 4876 Μὴ
2450 4806 2653 4876 στήσῃς
2679 4821 2745 4875 με
2774 4803 2833 4870 ἐξ
2855 4801 3157 4875 ἀριστερῶν
3183 4818 3296 4856 σου.

551 4889 637 4944 18.
667 4888 1086 4946 Homicidarum.

2215 4897 2302 4952 18.
2339 4895 2851 4968 ’Λνθρωποκτόνων.

1417 5025 1716 5086 Addenda
1749 5033 1811 5088 et
1841 5028 2214 5105 corrigenda
2269 5051 2346 5094 ex
2393 5035 2529 5094 cod.
2561 5031 2765 5094 Vatic.

544 5150 562 5231 ς
573 5149 620 5231 1)
653 5148 753 5231 ¹Ὦς
782 5150 930 5231 φωνὴ
956 5149 1138 5231 ἱκανοῦ
1160 5151 1217 5204 ὲν
1242 5147 1674 5231 τῷῄπορεύεσθαι
1707 5148 1845 5231 avg-ra
1873 5150 2025 5229 φωνῇ
2314 5155 2567 5231 Χριστόν.

472 5221 564 5295 ⁴τοῦ
579 5219 802 5295 -Λόγου,
829 5219 929 5295 ὠςς
950 5219 1109 5295 φωνὴ-
1132 5219 1505 5295 παρεμϐολῆς,
1528 5229 1674 5295 εισι,
1718 5221 1905 5295 εἴρηκε
1929 5219 2025 5295 τοῦ
2315 5219 2634 5295 Λὸγισμοϊς,

473 5289 608 5342 (9εοῦ
640 5289 832 5358 Λόγον.
860 5290 1066 5342 Οὐκοῦν
1089 5292 1116 5343 6
1145 5289 1324 5353 ἱκανὸς
1357 5291 1496 5411 χειρὶ
1517 5292 1545 5343 6
1565 5289 1696 5351 Θεὸς
1725 5289 1896 5357 Λόγος
1915 5290 2024 5358 εἴη.
2206 5289 2281 5411 $4)
2308 5289 2417 5348 Καὶ
2443 5289 2580 5376 μὲτά
2598 5289 2829 5348 ἀσεϐῶν
2852 5293 2934 5359 οὐ,
2964 5300 3070 5349 etc.

473 5359 644 5411 Αὑτὸν
689 5361 706 5411 l
725 5360 847 5411 fort.
871 5358 1064 5411 αὐτὸς)
1102 5355 1193 5411 οὖν
1234 5361 1326 5411 τὸν
1365 5364 1440 5411 ψα
1480 5361 1575 5411 μὸν
1616 5358 1879 5411 προφέρει
1918 5375 1930 5388 ·
1969 5359 2029 5410 τὸ
2228 5363 2283 5411 5i
2315 5365 2508 5411 ‘P‘uvnc
2542 5382 2641 5411 μου

473 5359 644 5429 Αθτὸν
689 5355 847 5428 (fort.
871 5358 1064 5429 αὐτὸς)
1102 5355 1193 5414 οὖν
1234 5361 1326 5412 τὸν
1357 5355 1575 5429 ’ψαλμὸν
1616 5355 1879 5429 προφέρει
1918 5375 1930 5388 ·
1969 5355 2029 5429 τὸ

473 5426 1036 5567 ἷιέρήνταῦθα
1053 5429 1264 5500 ψαλμὸς
1287 5429 1365 5499 τῷ
1381 5426 1566 5482 Δαὸίό.
1584 5426 1790 5500 Εἰρήκα
1801 5426 1899 5498 μεν
1921 5428 2029 5498 γάρ

518 5507 708 5562 αλμος,
731 5507 839 5553 etc.

547 5605 622 5685 (α)
653 5609 734 5671 Σ.,
762 5609 849 5685 9.,
883 5611 1074 5682 βροντὴ
1107 5611 1241 5685 Θεοῦ
1282 5611 1489 5666 ἱκανοῦ.
1525 5610 1600 5677 0⁸,
1637 5611 1786 5682 φωνὴ
1821 5609 1954 5663 Θεοῦ
1989 5627 2029 5662 σε

2220 5611 2324 5677 ’Δ.,
2359 5611 2563 5667 ἱκανοῦ.
2604 5611 2828 5668 Hexaol.
2854 5610 3002 5683 Orig.
3030 5626 3117 5681 ap.
3151 5607 3575 5666 Montl‘auc.Vox
3611 5605 3702 5660 Dei

479 5682 865 5744 omnipotentis,
897 5699 1038 5737 vers.
1077 5683 1220 5744 vulg.

2205 5293 2224 5504 ἓ

2228 5363 2283 5436 ξ)
2315 5363 2508 5436 Ψυχῆς
2541 5382 2641 5436 μου

2228 5368 2262 5418 5
2315 5368 2508 5434 Ψυχῆς
2541 5382 2641 5436 μου

2226 5368 2283 5504 6;
2314 5435 2443 5500 Kal,
2469 5447 2574 5490 etc.
2611 5435 2797 5488 desunt
2825 5433 2879 5486 in
2917 5432 3040 5486 cod.
