3934 6218
307 309 408 370 7M
1193 309 1282 366 DE
1321 309 1595 367 TITULIS
1630 309 2073 369 PSALMORUM.
2114 347 2182 357 —
2219 315 2412 372 PSAL.
2452 316 2640 375 XXVI.
3433 326 3538 385 74?.

380 422 466 478 19.
498 416 602 478 Ὧν
633 423 693 477 ἐν
721 421 909 494 χερσὶν
931 422 988 477 αί
1016 421 1263 494 ἀνομίαι·
1908 431 1933 487 Α

1908 431 1954 487 Α
2053 429 2138 482 19.
2166 429 2222 484 in
2256 446 2486 500 quorum
2516 434 2769 490 manibus
2799 435 3112 507 iniquitates
3139 446 3295 504 sunt;

376 515 462 571 29.
504 516 570 569 Ἢ
601 515 751 580 δεξιὰ
774 515 952 570 αὐτῶν
981 516 1220 588 ἐπλήσθη
1252 515 1457 588 δώρων.

2044 517 2132 572 20.
2169 519 2394 577 Dextera
2424 539 2612 579 eorum
2642 528 2844 597 repleta
2871 540 2952 584 est
2983 531 3320 587 muneribus.

376 608 463 663 2i.
505 607 649 676 Ἐγὼ
680 608 736 661 δέ
762 609 820 662 ἐν
845 608 1049 680 ἀκακίᾳ
1071 627 1173 679 μου
1200 609 1502 680 ἐπορεύθην
1523 627 1538 640 ο

2042 609 2130 664 21.
2163 609 2274 680 Ego
2297 623 2475 668 autem
2499 615 2554 669 in
2577 616 2884 673 innocentia
2915 635 3037 674 mea
3062 622 3341 692 ingressus
3372 635 3530 678 sum:

381 699 470 754 22.
502 699 791 770 Λύτρωσαί
823 717 911 769 με,
940 699 1130 772 Κύριε,
1165 701 1258 753 καὶ
1287 701 1504 771 ἐλέησόν
1536 718 1623 773 με.

1488 718 1504 754 ν
1536 718 1623 773 με.
2041 701 2128 754 2'2.
2168 703 2391 760 Redime
2419 721 2526 770 me,
2552 717 2606 762 et
2629 709 2885 764 miserere
2913 712 3041 766 mei.

373 791 463 846 25.
508 791 567 843 '0
599 791 736 855 ποῦς
771 810 868 863 μου
908 792 1038 862 ἔστη
1074 793 1130 845 ἐν
1155 791 1408 862 εὐθύτητι
1430 810 1444 823 ·

1430 810 1444 823 -
2041 791 2129 843 25.
2166 791 2267 846 Pes
2293 810 2444 849 meus
2467 798 2614 852 stetit
2648 799 2698 851 in
2732 799 2969 856 directo:

370 880 460 936 24.
504 881 594 935 Ἑν
629 882 946 954 ἐκκλησίαις
977 883 1255 955 εὐλογήσω
1289 901 1370 948 σε,
1405 882 1594 955 Κύριε.

2041 882 2129 935 24.
2167 883 2222 938 1η
2254 884 2510 943 Ecclesiis
2536 889 2846 945 benedicam
2871 901 2943 958 te,
2970 891 3218 950 Domine.

309 1035 552 1105 Ψαλμὸς
579 1036 658 1103 τῷ
676 1035 872 1102 Δαϐὶδ,
901 1037 1013 1108 πρὸ
1036 1037 1139 1093 τοῦ
1156 1037 1495 1108 χρισθῆναι.
1535 1042 1702 1095 ΨΑΛ.
1721 1044 1862 1109 Κςν.

1973 1037 2216 1095 Psalmus
2242 1044 2432 1110 David,
2461 1047 2764 1117 priusquam
2793 1048 3055 1105 (iniretur.
3083 1049 3281 1106 PSAL.
3311 1049 3416 1105 XX
3433 1049 3526 1106 VI.

375 1192 426 1247 1.
456 1193 658 1263 Κύριος
680 1196 956 1268 φωτισμός
993 1214 1091 1269 μου
1125 1198 1219 1251 καὶ
1247 1199 1430 1271 σωτήρ
1457 1216 1580 1270 μου,
1615 1200 1735 1253 τίνα
1767 1217 1863 1270 φο-

2036 1195 2086 1248 t.
2119 1194 2380 1255 Dominus
2422 1200 2750 1258 illuminatio
2782 1218 2902 1259 mea
2925 1216 2979 1260 et
3013 1207 3162 1262 salus
3193 1221 3334 1275 mea,
3364 1223 3523 1276 quem

303 1284 645 1356 ϐηθήσομαις

1965 1288 2201 1343 timebo?

369 1379 422 1432 2.
461 1379 663 1450 Κύριος
691 1381 1100 1455 ὑπερασπιστὴς
1123 1382 1222 1454 τῆς
1250 1381 1396 1454 ζωῆς
1429 1401 1550 1455 μου,
1583 1383 1691 1437 ἀπὸ
1713 1383 1860 1448 τίνος

2028 1380 2083 1433 2.
2133 1381 2398 1438 Dominus
2437 1390 2713 1452 protector
2755 1383 2878 1439 vita
2925 1400 3137 1450 meaa,a
3189 1403 3297 1458 quo
3352 1391 3522 1459 trepi-

296 1468 548 1522 δειλιὰσω
567 1485 582 1536 ;

1959 1473 2141 1527 dabo?

366 1561 420 1615 5.
463 1561 551 1614 Ἐν
582 1561 660 1633 τῷ
688 1560 924 1632 ἐγγίζειν
957 1565 1042 1617 ἐπ’
1065 1565 1164 1636 ἐμὲ
1191 1563 1511 1631 κακοῦντας,
1538 1565 1630 1621 τοῦ
1667 1567 1859 1635 φαγεῖν

2028 1564 2081 1618 5.
2114 1562 2252 1616 Dum
2302 1561 2736 1632 appropinquant
2786 1576 2949 1632 super
2992 1578 3081 1620 me
3126 1577 3408 1635 nocentes,
3461 1581 3525 1626 ut

295 1651 391 1716 τὰς
420 1652 632 1731 σάρκας
656 1671 756 1723 μου
779 1671 793 1685 ·

1955 1657 2119 1711 edant
2137 1668 2330 1709 carnes
2360 1667 2545 1717 meas;

361 1743 416 1798 4.
448 1746 511 1798 Οί
540 1745 808 1810 θλίϐοντες
851 1764 920 1818 με
949 1749 1042 1801 καὶ
1063 1749 1112 1802 oi
1151 1748 1332 1822 ἐχθροί
1360 1767 1482 1822 μου,
1509 1749 1664 1804 αὐτοὶ
1688 1747 1852 1820 ἡσθέ-
1887 1772 1914 1828 ε

2028 1746 2079 1800 4.
2112 1744 2215 1810 Qui
2261 1743 2525 1797 tribulant
2570 1755 2657 1796 me
2700 1741 2905 1800 inimici
2948 1746 3076 1811 mei,
3113 1746 3214 1817 ipsi
3265 1747 3518 1806 inﬁrmati

295 1850 356 1905 νη
365 1850 462 1887 σαν
485 1835 581 1888 καὶ
605 1834 823 1890 ἔπεσαν.

1957 1848 2086 1896 sunt
2104 1847 2158 1892 et
2189 1836 2523 1892 ceciderunt.

363 1925 415 1980 5.
462 1925 590 1979 Ἐὰν
632 1927 1008 1998 παρατάξηται
1041 1929 1128 1981 ἐπ’
1148 1929 1248 1999 ἐμὲ
1275 1929 1612 2002 παρεμϐολὴ,
1649 1932 1712 1986 οὐ
1759 1951 1857 2005 φο-

2026 1929 2079 1984 5.
2112 1927 2168 1982 Si
2203 1928 2506 1982 consistant
2527 1925 2816 1981 adversum
2849 1942 2935 1982 me
2976 1935 3156 1985 castra
3181 1970 3196 1996 ,
3225 1946 3334 1986 non
3357 1933 3518 1988 time-

293 2015 589 2088 ϐηθήσεται
618 2020 651 2090 ἡ
684 2019 882 2089 καρδία
905 2037 1034 2090 μου·

854 2037 882 2073 κ
905 2037 1034 2090 μ⁰υ⁸
1965 2021 2048 2079 bit
2069 2035 2164 2075 cor
2191 2033 2372 2073 meum
2394 2036 2407 2072 :

360 2107 412 2163 6.
458 2109 585 2163 Ἐὰν
615 2111 890 2182 ἐπαναστῇ
918 2113 1006 2165 ἐπ’
1041 2112 1141 2184 ἐμὲ
1176 2113 1430 2184 πόλεμος,
1463 2116 1523 2168 ἐν
1543 2115 1715 2188 ταύτῃ
1747 2118 1857 2186 ἐγὼ

2025 2114 2076 2168 6.
2112 2112 2169 2166 Si
2199 2116 2457 2182 exsurgat
2487 2109 2772 2166 adversum
2808 2125 2894 2167 me
2925 2111 3190 2182 praelium,
3223 2114 3276 2168 in
3294 2115 3399 2171 hoc
3422 2131 3517 2189 ego

293 2200 495 2266 ἐλπίζω
533 2201 551 2275 [
572 2203 742 2257 ἐλπιῶ

655 2203 742 2257 τιῶ
760 2204 803 2277 ].
1962 2205 2208 2278 sperabo.

358 2291 410 2345 7.
438 2293 585 2347 Μίαν
618 2296 906 2368 ᾐτησάμην
941 2296 1090 2370 παρὰ
1126 2298 1353 2371 Κυρίου,
1380 2299 1584 2372 ταύτην
1614 2300 1852 2373 ζητήσω,

1755 2319 1852 2366 σω,
2029 2297 2082 2352 7.
2114 2297 2291 2353 Unam
2325 2294 2455 2365 petii
2487 2309 2519 2348 a
2552 2292 2802 2358 Domino,
2830 2293 2971 2350 hanc
3004 2295 3303 2365 requiram,

355 2382 409 2439 8.
444 2384 552 2438 Τοῦ
583 2390 854 2441 κατοικεῖν
904 2406 971 2459 με
1013 2391 1071 2444 ἐν
1125 2389 1259 2461 οῐκῳ
1301 2391 1504 2462 Κυρίου
1541 2394 1716 2457 πάσας
1755 2393 1855 2458 τὰς

2028 2393 2079 2444 8.
2112 2388 2184 2444 Ut
2215 2388 2510 2444 inhabitem
2540 2387 2596 2441 in
2620 2387 2785 2442 domo
2810 2385 3025 2442 Domini
3047 2389 3303 2445 omnibus
3328 2390 3513 2446 diebus

291 2475 500 2548 ἡμέρας
525 2478 624 2549 τῆς
651 2477 792 2549 ζωῆς
823 2496 924 2551 μου
949 2521 969 2546 .

701 2478 792 2549 υῆς
823 2496 924 2551 μου
949 2521 969 2546 ,
1955 2483 2078 2538 vita:
2102 2497 2254 2547 mea).

1406 2587 1785 2644 ATHANASII
1820 2583 2403 2644 INTERPRETATIO.

355 2681 438 2736 19.
470 2679 593 2734 Τῶν
612 2681 700 2735 διὰ
724 2682 951 2736 πλοῦτον
980 2684 1357 2740 ἐκκλινάντων.

2031 2684 2118 2739 19.
2151 2681 2232 2737 Ob
2257 2681 2472 2736 divitias
2494 2681 2881 2737 declinantium
2911 2682 2969 2755 [a
2999 2683 3107 2755 lege
3139 2683 3275 2758 tua].

353 2772 440 2828 Ἦ).
471 2773 719 2845 Ἔτοιμοι
749 2769 888 2846 ἦσαν
913 2775 1002 2828 ἀεὶ
1034 2778 1301 2830 συναινεῖν
1335 2777 1394 2830 ἐν
1429 2793 1575 2848 πασῃ
1599 2776 1802 2849 ἀδικίᾳ.

2022 2775 2111 2829 20.
2136 2773 2380 2844 Prompti
2403 2788 2615 2846 semper
2636 2784 2792 2830 erant
2814 2774 2882 2830 ad
2903 2777 3346 2832 consentiendum
3366 2777 3512 2834 omni
3540 2804 3544 2809 -

1957 2865 2257 2936 injustitite.

348 2947 438 3004 21.
461 2949 578 3003 Οὐκ
606 2949 666 3003 ὲν
691 2949 846 3022 δόλῳ,
879 2949 978 3004 οὐκ
1006 2952 1065 3004 ἐν
1091 2951 1446 3023 μνησικακίᾳ.

2019 2959 2109 3012 2|.
2148 2955 2333 3026 Neque
2373 2957 2428 3010 in
2470 2955 2616 3023 dolo,
2643 2971 2816 3026 neque
2859 2956 2914 3011 in
2955 2957 3329 3015 recordatione
3371 2959 3497 3031 inju-

1954 3062 2183 3103 narum.

350 3137 436 3192 22.
465 3137 578 3192 Καὶ
605 3135 700 3190 τοῦ
726 3137 820 3190 νῦν
854 3137 1047 3202 αίῶνος
1065 3138 1158 3192 τοῦ
1191 3138 1431 3211 πονηροῦ
1459 3138 1734 3210 λύτρωσαί
1758 3157 1847 3212 με,

2000 3139 2107 3195 .22,
2136 3138 2200 3194 Et
2239 3153 2270 3193 ιι
2301 3135 2555 3207 praesenti
2599 3135 2798 3190 saeculo
2849 3137 2996 3192 malo
3035 3137 3204 3195 libera
3231 3155 3339 3206 me,
3368 3150 3422 3195 et
3456 3141 3508 3196 in

288 3231 376 3284 καὶ
402 3231 459 3284 ἐν
486 3233 556 3302 τῇ
593 3229 858 3302 μελλούσῃ
889 3231 1069 3302 κρίσει
1094 3230 1312 3302 ἐλέησόν
1343 3249 1411 3300 με
1434 3231 1532 3301 (1).

1257 3231 1312 3285 όν
1343 3249 1411 3300 με
1434 3231 1532 3301 (1).
1878 3242 1919 3299 c
1953 3232 2138 3286 futuro
2158 3230 2368 3300 judicio
2398 3228 2658 3284 miserere
2683 3227 2810 3282 mei.

363 3344 426 3397 Ἦ
459 3343 792 3414 προκειμένη
816 3343 1096 3414 ἐπιγραφὴ
1127 3343 1366 3415 περιέχει
1397 3343 1492 3414 (2)·
1530 3341 1774 3412 Ψαλμὸς
1804 3343 1879 3416 (ὅ)
1911 3344 1989 3410 τῷ
2023 3345 2218 3409 Δαϐὶδ,
2255 3343 2368 3414 πρὸ
2399 3343 2504 3398 τοῦ
2526 3341 2862 3412 χρισθῆναι.
2889 3342 3003 3414 Πρὸ
3041 3341 3134 3397 τοῦ
3166 3346 3508 3417 φωτίσματος

287 3439 362 3502 είς
395 3437 520 3502 τοὺς
543 3438 978 3508 κατηχουμένους
999 3439 1212 3510 εἴρηται
1239 3441 1267 3491 ὁ
1292 3437 1501 3508 ψαλμὺς
1519 3437 1596 3509 (4)
1618 3437 1695 3508 τῷ
1723 3438 1887 3491 Δαϐὶδ
1911 3440 2085 3493 είπεῖν
2109 3439 2186 3510 τῷ
2208 3438 2372 3491 Δαὸὶδ
2405 3433 2559 3510 [εἷπε
2587 3438 2663 3509 τῷ
2684 3437 2900 3510 ΔαϐίδῙ,
2927 3439 3169 3493 τουτέστι
3195 3440 3318 3506 τοῖς
3340 3441 3508 3505 ἐξου-

287 3533 648 3601 θενημένοις·
675 3531 832 3586 τοῦτο
859 3533 966 3602 γὰρ
995 3532 1353 3604 ἑρμηνεύεται
1381 3532 1442 3585 τὸ
1467 3531 1562 3585 τοῦ
1583 3532 1744 3585 Δαὸὶδ
1771 3533 1960 3604 ὄνομα,
1990 3533 2380 3601 ἐξουθένημα.
2406 3531 2636 3600 Λέγεται
2659 3531 2716 3584 δὲ
2745 3533 2839 3585 καὶ
2868 3533 3072 3598 ἱκανὸς
3101 3533 3268 3602 χειρί,
3293 3535 3384 3587 καὶ
3407 3549 3496 3588 πε-

285 3627 640 3697 ποθημένος,
673 3628 767 3680 καὶ
791 3626 1007 3681 τοῦτον
1025 3628 1314 3695 ἐπόθησα,
1339 3628 1432 3680 καὶ
1461 3623 1639 3693 οὗτος
1665 3627 1990 3696 ἀγαπητὸς,
2025 3626 2120 3680 καὶ
2152 3625 2258 3680 τὸν
2279 3622 2695 3692 πεποθημένον
2719 3621 2781 3694 [ὁ
2813 3623 3019 3694 πεποθη
3030 3624 3187 3694 μένος
3211 3625 3260 3696 j,
3290 3626 3384 3678 καὶ
3403 3626 3508 3693 μό-

285 3738 403 3788 νος.
430 3722 640 3776 Λοιπὸν
667 3722 803 3789 πρὸς
834 3722 933 3793 τὴν
956 3721 1274 3776 ἀκολουθίαν
1308 3720 1402 3774 τοῦ
1440 3720 1654 3792 ψαλμοῦ
1683 3720 1781 3792 τὴν
1808 3722 2104 3793 ἑρμηνείαν
2128 3721 2221 3774 τοῦ
2251 3719 2465 3791 ψαλμοῦ
2499 3717 2844 3788 λαμϐάνομεν
2889 3716 3015 3789 [τοῦ
3047 3718 3307 3788 ὀνόματος
3349 3716 3508 3770 Δαϐὶδ

283 3811 347 3868 λα
353 3813 519 3883 μὸάνο
525 3831 628 3884 μεν
640 3812 660 3885 ]
670 3853 685 3867 .

344 3902 560 3961 Titulus
596 3904 922 3975 praepositus
942 3910 1187 3959 continet
1214 3920 1228 3956 :
1257 3901 1505 3956 Psatmus
1533 3900 1701 3955 David
1733 3911 2015 3972 antequam
2071 3901 2335 3954 (iniretur.
2365 3901 2617 3957 Psalmus
2646 3900 2816 3955 David
2844 3899 3026 3955 dictus
3057 3909 3141 3955 est
3168 3901 3222 3954 in
3250 3902 3509 3958 catechu-

285 4011 467 4053 menos
493 4005 622 4052 ante
663 3996 1118 4052 illuminationem
1150 3993 1374 4064 (nempe
1395 4003 1518 4047 ante
1544 3993 1920 4064 baptismum).
1960 3993 2124 4056 Dixit,
2156 3991 2346 4058 David,
2378 3991 2483 4047 hoc
2525 4002 2609 4047 est
2656 3992 2985 4060 contemptis.
3027 3990 3104 4046 Ita
3149 3993 3294 4046 enim
3341 3994 3508 4048 inter-

285 4099 519 4160 pretatur
542 4089 710 4144 David
742 4103 960 4153 nomen,
996 4086 1328 4155 contemptio.
1361 4084 1664 4154 Exponitur
1685 4084 1847 4139 etiam
1879 4091 1933 4139 et
1965 4100 2125 4136 manu
2162 4092 2363 4153 potens,
2395 4091 2449 4137 et
2482 4082 2832 4144 desideratus,
2859 4091 2913 4136 et
2951 4081 3088 4135 hunc
3117 4083 3426 4148 desideravi,
3453 4092 3508 4139 et

285 4181 364 4235 hic
383 4181 630 4246 dilectus,
656 4188 713 4235 et
749 4177 1101 4244 desideratus,
1133 4183 1188 4230 et
1210 4173 1373 4228 solus.
1410 4173 1677 4228 Caeterum
1705 4180 2106 4243 consequenter
2147 4173 2215 4226 ad
2239 4170 2516 4226 Psalmum
2548 4169 3047 4226 interpretationem
3074 4171 3312 4226 nominis
3339 4171 3506 4228 David

286 4290 606 4345 accipimus.

350 4367 401 4421 1.
435 4365 642 4437 Κύριος
667 4362 935 4433 φωτίζων,
978 4361 1074 4416 καὶ
1123 4360 1310 4426 σὼςων
1364 4377 1434 4431 με
1476 4360 1542 4413 ὲκ
1590 4361 1838 4428 πάντων,
1872 4364 1903 4420 II

2016 4359 2068 4414 1.
2096 4357 2361 4413 Dominus
2387 4358 2721 4423 illuminans,
2739 4367 2792 4414 et
2805 4373 2872 4413 ex
2890 4357 3144 4416 omnibus
3159 4357 3378 4417 salvan:
3394 4375 3509 4431 me,

285 4456 412 4510 τινα
435 4455 893 4526 φοϐηθήσομαι;

810 4471 851 4508 ιι
872 4469 893 4517 ;
1941 4461 2090 4516 quem
2127 4444 2315 4497 timebo
2338 4446 2363 4499 ?

345 4550 400 4604 2.
426 4548 634 4620 Κύριος
677 4546 932 4617 πρόνοιαν
971 4543 1204 4596 ποιεῖται
1240 4539 1340 4611 τῆς
1381 4541 1525 4613 ζωῆς
1570 4559 1694 4612 μου,
1724 4541 1843 4596 ἀπὸ

2009 4533 2064 4588 2.
2097 4532 2362 4588 Dominus
2401 4547 2586 4588 curam
2621 4530 2760 4602 gerit
2806 4530 2930 4587 vitae
2963 4547 3118 4596 meae,
3147 4549 3181 4587 a
3213 4547 3317 4605 quo
3344 4535 3507 4604 trepi-

283 4643 442 4709 τίνος
460 4638 746 4695 δειλιάσω
772 4653 792 4702 ;

570 4638 746 4693 ιι-ἀσω
772 4653 792 4702 ;
1943 4627 2123 4680 dabo?

347 4735 400 4790 5.
435 4735 577 4796 Τοὺς
597 4732 856 4801 δαίμονας
878 4728 1044 4796 λεγει.
2012 4717 2066 4772 5.
2105 4715 2387 4770 Dmmones
2412 4712 2561 4767 dicit.

348 4824 400 4878 4.
429 4826 506 4894 (5)
539 4821 651 4886 Τὰς
671 4819 838 4883 αὐτὰς
868 4817 1113 4881 ἐναντίας
1134 4817 1392 4887 δυνάμεις
1423 4814 1588 4884 λέγει.

1551 4833 1588 4870 ι,
2015 4807 2069 4861 εί.
2103 4809 2254 4877 Ipsas
2282 4803 2585 4860 contrarias
2617 4810 2912 4872 potestates
2945 4802 3098 4858 dicit.

351 4916 402 4979 5,
434 4914 487 4970 6.
528 4913 654 4968 Ἐὰν
695 4913 972 4981 ἐπαναστῇ
1019 4911 1107 4963 ἐπ’
1146 4909 1246 4981 ἐμὲ
1292 4908 1523 4978 πόλεμος
1573 4905 1764 4978 ὁρατὸς
1805 4905 1838 4978 ἢ

2016 4899 2070 4963 5,
2101 4899 2154 4951 6.
2183 4896 2241 4952 Si
2276 4905 2523 4965 exsurgat
2556 4895 2798 4948 adversus
2822 4910 2900 4946 me
2924 4894 3161 4963 pretium
3183 4895 3394 4950 vi‘sibile
3409 4904 3503 4950 aut

284 5008 523 5081 ἀόρατος,
547 5008 605 5060 ἐν
631 5008 698 5077 τῇ
732 5003 910 5058 πίστει
949 5001 1042 5055 τοῦ
1082 5002 1285 5074 Κυρίου
1317 4999 1428 5070 ἐγὼ
1471 4999 1676 5064 ἐλπίζω
1711 5015 1837 5072 τρο-

1946 4990 2235 5056 invisibile,
2270 4989 2326 5043 in
2348 4988 2450 5042 lide
2474 4985 2688 5040 Domini
2717 5001 2816 5056 ego
2848 5001 3042 5054 spero,
3073 4987 3126 5041 in
3162 4987 3342 5057 fugam
3373 4988 3499 5042 illud

283 5100 508 5152 ποῦσθαι
530 5097 714 5150 αὐτόν.

655 5097 714 5149 ;ν,
1943 5083 2208 5138 converti.

347 5190 399 5244 7.
429 5189 576 5243 Μίαν
603 5188 812 5258 αίτησιν
836 5182 1120 5256 ᾐτησάμην
1151 5181 1300 5252 παρὰ
1325 5181 1552 5252 Κυρίου.

2015 5173 2068 5228 7.
2097 5173 2273 5228 Unam
2306 5171 2722 5243 postulationem
2751 5173 3016 5242 postulavi
3046 5188 3076 5227 a
3109 5172 3357 5227 Domino.

347 5279 399 5334 8.
433 5280 527 5343 Είς
558 5279 658 5350 τὴν
681 5276 998 5348 ἐπουράνιον
1026 5272 1188 5327 αὑτοῦ
1225 5272 1520 5344 βασιλείαν.

1225 5272 1520 5344 βασιλείαν.
2012 5264 2067 5320 8.
2102 5265 2161 5318 In
2192 5264 2398 5320 caelesti
2431 5263 2552 5334 ejus
2586 5277 2771 5334 regno.

1217 5364 1518 5426 Addenda
1565 5369 1625 5424 et
1674 5358 2049 5440 corrigenda
2080 5374 2158 5419 ex
2188 5357 2324 5418 cod.
2357 5355 2559 5418 Vatic.

349 5493 424 5564 (1)
446 5491 512 5547 Ν.
543 5493 634 5547 25.
673 5492 1098 5564 Τεθεμελίωμαι,
1160 5487 1328 5556 λέγει,
1369 5488 1462 5542 ἐπὶ
1502 5486 1582 5540 σέ.
1634 5483 1700 5542 Ν.
1730 5486 1820 5541 21.
2207 5479 2449 5564 Elidit-(~69,
2470 5481 2543 5533 Τδ
2572 5479 2626 5532 δὲ
2648 5481 2836 5564 ξίπξῖν,
2853 5476 3137 5564 τῷᾈᾳδίξξ

349 5495 424 5564 (1)
543 5495 634 5547 25.
673 5495 1098 5580 Ἔεθεμελίωμαι,
1160 5495 1328 5556 λέγει,
1369 5495 1462 5542 ἐπὶ
1502 5495 1582 5540 σε.
1634 5495 1700 5542 1V.
1730 5495 1820 5541 24.
2006 5495 2081 5552 (4)
2124 5495 2179 5534 υ
2207 5495 2439 5568 ψαλμος.
2470 5495 2543 5533 ἰο
2572 5495 2626 5532 οε
2648 5495 2836 5558 emere
2853 5495 2931 5598 τις
2957 5495 3137 5542 nauta,
3169 5495 3273 5558 ere.
3423 5565 3433 5573 ν

293 5563 380 5617 Ἕν
402 5580 512 5626 τοις
535 5580 742 5625 πιστοις
769 5563 914 5624 λαοῖς
936 5560 1142 5623 δοξάσω
1174 5575 1254 5610 σε.
1980 5553 2080 5626 ,(5)
2108 5548 2172 5604 N.
2205 5549 2289 5626 4._
2313 5550 2526 5626 Ομοίως
2548 5551 2674 5619 περὶ
2700 5549 2875 5602 αὐτων
2933 5547 3066 5613 έγει.
3094 5545 3159 5603 Ν.
3187 5548 3238 5602 5.
3270 5547 3380 5612 Τὰς
3399 5549 3497 5605 αδ.

371 5582 380 5613 ν
402 5568 512 5626 τοῖς
535 5568 742 5625 πιστοῖς
769 5568 914 5624 λαοῖς
936 5568 1142 5623 δοξάσω
1174 5575 1254 5610 σε.

371 5633 428 5703 2)
471 5631 654 5703 Ἦ-διᾴ
674 5632 771 5703 τῆς
795 5630 1160 5703 κινναϐάρεως
1187 5643 1310 5698 περ.

1174 5575 1254 5610 σε.
2003 5568 2080 5622 (0)
2109 5568 2172 5604 LV.
2205 5568 2259 5604 4.
2313 5568 2355 5602 υ
2400 5568 2526 5613 οιως
2548 5568 2674 5619 περι
2700 5568 2715 5602 ι

1187 5643 1310 5698 περ.
1932 5620 2049 5686 τάς,
2079 5631 2164 5676 etc
2192 5661 2206 5686 ,
2245 5618 2307 5673 N.
2441 5620 2582 5684 Ἐάν,
2615 5630 2715 5674 etc.

409 5699 426 5772 )
452 5701 678 5772 Ψαλμός
705 5699 845 5757 deest
874 5702 929 5755 in
962 5699 1075 5752 cod.
