3934 6218
1547 101 1572 107 ,υ
1581 98 1622 110 σε
1646 89 1758 110 σήμ...]
1775 94 1786 100 λ

347 201 461 258 745
1218 203 1304 258 DE
1344 203 1616 263 TITULIS
1648 207 2088 266 PSALMORUM.
2136 241 2204 250 κ-
2243 211 2433 267 PSAL.
2475 212 2714 284 XXVI”
3461 217 3565 278 7-ἱό

334 386 340 392 _
414 316 502 372 29.
533 317 638 371 Καὶ
675 318 936 390 ὁδήγησόν
967 333 1031 388 με
1070 318 1126 371 ἐν
1170 320 1339 391 τρίϐῳ
1378 322 1561 394 εὐθείᾳ
1610 324 1770 377 ’ἑνεκα
1822 327 1887 396 (aj

2068 329 2154 381 29.
2192 329 2253 382 Et
2276 331 2446 402 dirige
2473 348 2558 386 me
2591 333 2644 385 in
2674 332 2919 386 semitam
2953 344 3174 399 rectam,
3209 343 3426 404 propter
3452 335 3558 388 ini-

347 409 449 463 Ινῶν
477 409 686 480 ἐχθρῶν
718 427 842 480 μου.

810 427 842 462 ι.
1999 411 2170 466 micos
2196 428 2363 468 meos.

410 499 498 555 50.
527 499 616 569 Μὴ
652 499 905 570 παραδῷς
936 517 1002 570 με
1028 503 1106 564 εἰς
1127 501 1300 572 ψυχὰς
1329 503 1617 559 ϐλιόόντων
1658 523 1723 576 με
1747 522 1760 536 '

2068 504 2152 556 50.
2182 503 2257 558 Ne
2278 505 2565 561 tradideris
2595 522 2680 560 me
2707 507 2760 560 in
2783 509 2994 563 animas
3021 509 3398 565 tribulantium
3426 525 3514 565 me
3543 529 3553 564 :

410 589 498 644 5|.
535 590 656 642 Ὅτι
682 589 1050 661 ἐπανέστησάν
1079 609 1168 663 μοι
1192 594 1464 666 μάρτυρες
1492 596 1687 664 ἄδικοι,

2069 595 2155 648 51.
2186 595 2452 661 Quoniam
2489 598 2904 655 insurrexerunt
2946 601 2998 655 in
3035 617 3121 656 me
3154 611 3317 658 testes
3342 603 3512 673 iniqui
3541 623 3551 657 :

412 677 500 734 52.
531 679 640 732 Kal.
667 679 930 749 ἐψεύσατο
951 682 984 751 ἡ
1007 682 1189 736 ἀδικία
1219 685 1410 754 ἑαυτῇ.

2069 687 2156 739 '52.
2192 687 2254 741 Et
2280 689 2502 742 mentita
2528 699 2610 743 est
2645 689 2905 758 iniquitas
2941 692 3065 747 sibi.

412 771 500 824 55.
531 773 775 826 Πιστεύω
793 771 885 825 τοῦ
919 775 1044 827 ίδεῖν
1068 774 1138 827 τὰ
1160 775 1338 844 ἀγαθὰ
1357 776 1561 848 Κυρίου
1585 778 1643 830 ἐν
1668 781 1738 850 γῇ
1766 777 1898 843 ζών-

2062 780 2147 832 55.
2180 780 2352 834 Credo
2375 781 2554 834 videre
2581 781 2719 836 bona
2747 783 2961 836 Domini
2992 787 3044 838 in
3075 792 3216 840 terra
3238 787 3554 844 viventium.

343 879 470 915 conn

412 953 501 1009 5-1.
546 954 863 1025 ’Υπόμεινον
883 953 974 1008 τὸν
1001 955 1204 1026 Κύριον

2068 957 2153 1010 54.
2176 959 2436 1028 Exspecta
2459 961 2746 1018 Dominum
2772 982 2786 1017 :

415 1044 504 1099 55.
547 1045 840 1116 Ἀνδρίζου,
876 1047 967 1099 καὶ
988 1046 1413 1119 κραταιούσθωή
1446 1050 1638 1121 καρδία
1666 1067 1780 1115 σου,
1805 1053 1896 1104 καὶ

2064 1049 2152 1103 55.
2183 1049 2418 1107 Viriliter
2444 1069 2559 1124 age,
2589 1066 2640 1110 ct
2667 1055 3001 1112 confortetur
3031 1074 3126 1114 cor
3148 1071 3320 1127 tuum,
3347 1072 3401 1116 et
3427 1075 3549 1120 sus-

347 1135 632 1206 ῠπὸμεινον
660 1136 749 1189 τὸν
782 1137 1006 1205 Κύριον.

888 1153 1006 1190 κον.
1997 1137 2104 1194 line
2132 1139 2441 1197 Dominum.

654 1246 896 1316 Ψαλμὸς
918 1247 997 1314 τῷ
1028 1248 1222 1303 Δαϐίδ.
1257 1252 1428 1304 ΨΑΛ.
1463 1254 1590 1306 KZ’.

2272 1253 2518 1309 Psalmus
2553 1256 2738 1312 David.
2797 1256 3000 1316 PSAL.
3035 1261 3136 1314 XX
3154 1261 3280 1316 VII.

415 1340 465 1392 1.
502 1337 645 1410 Πρὸς
668 1338 747 1403 σὲ,
779 1338 969 1411 Κύριε,
1002 1341 1356 1412 κεκράξομαι,
1388 1343 1416 1394 ὁ
1449 1343 1578 1406 Θεός
1612 1360 1712 1414 μου
1739 1357 1754 1373 ³

1739 1357 1754 1373 ο
2067 1347 2116 1399 1.
2143 1346 2220 1399 Ad
2248 1356 2318 1413 te,
2346 1347 2590 1417 Domine,
2619 1352 2886 1420 clamabo,
2914 1353 3052 1410 Deus
3078 1371 3230 1410 meus
3256 1374 3269 1408 :

407 1430 462 1483 2.
493 1430 583 1502 Μὴ
609 1433 1042 1502 παρασιωπήσῃς
1071 1433 1166 1484 ἀπ’
1198 1431 1354 1502 ἐμοῦ.

1071 1433 1166 1484 ἀπ’
1198 1431 1354 1502 ἐμοῦ.
2065 1438 2119 1490 2.
2151 1436 2228 1494 Ne
2249 1439 2408 1494 sileas
2434 1456 2466 1494 a
2496 1457 2599 1496 me.

410 1524 463 1576 5.
490 1524 712 1592 Μήποτε
739 1526 1172 1598 παρασιωπήσῃς
1191 1526 1286 1578 ἀπ’
1313 1524 1467 1595 ἐμοῦ,
1505 1524 1599 1578 καὶ
1630 1525 1896 1598 ὁμοιωθή-

2066 1529 2118 1582 5.
2149 1529 2223 1585 Ne
2251 1532 2466 1600 quando
2495 1542 2674 1588 taceas
2697 1551 2725 1588 a
2750 1550 2856 1600 me,
2886 1546 2940 1591 et
2964 1537 3305 1593 assimilabor
3333 1538 3552 1594 descen-

348 1631 510 1684 σομαι
533 1617 646 1678 τοῖς
671 1615 1087 1670 καταϐαίνουσιν
1117 1617 1196 1680 είς
1220 1616 1442 1670 λάκκον.

1007 1633 1087 1670 σιν
1117 1617 1196 1680 είς
1220 1616 1442 1670 λάκκον.
1935 1669 1975 1721 Β
2000 1619 2250 1677 dentibus
2277 1623 2330 1677 in
2356 1623 2552 1678 lacum.

415 1705 468 1760 4.
508 1706 872 1772 ΕἰιιάκουσονἸ
917 1707 1124 1780 Κύριε,
1162 1708 1262 1779 τῆς
1308 1707 1491 1778 φωνῆς
1539 1708 1637 1779 τῆς
1669 1708 1902 1779 δεήσεώς
1937 1705 1968 1721 ’³

2066 1712 2119 1765 4.
2149 1711 2389 1779 Exaudi,
2418 1712 2674 1778 Domine,
2715 1730 2899 1770 vocem
2942 1715 3336 1785 deprecationis
3389 1733 3549 1785 meae,

352 1815 471 1868 μου,
501 1799 558 1851 ἐν
582 1798 659 1868 τῷ
690 1798 901 1852 δέεσθαί
927 1817 992 1870 με
1020 1799 1152 1872 πρὸς
1179 1800 1258 1863 σὲ,

876 1799 901 1851 μί
927 1817 992 1870 με
1020 1799 1152 1872 πρὸς
1179 1800 1258 1863 σὲ,
1997 1805 2124 1860 dum
2148 1819 2244 1860 oro
2269 1806 2333 1860 ad
2357 1814 2429 1871 te,

417 1891 468 1944 5.
497 1891 588 1944 Ἐν
619 1889 698 1961 τῷ
727 1890 902 1964 αἴρειν
933 1908 1000 1960 με
1033 1891 1218 1961 χεῖράς
1255 1906 1356 1960 μου
1406 1889 1540 1960 πρὸς
1575 1888 1700 1942 ναὸν
1749 1889 1901 1955 ἆγιόν

2065 1897 2118 1950 5.
2146 1895 2283 1952 Dum
2312 1898 2510 1954 extollo
2539 1913 2732 1954 manus
2759 1914 2907 1954 meas
2928 1901 2993 1955 ad
3023 1901 3280 1970 templum
3305 1908 3550 1955 sanctum

350 1999 463 2035 σου.

2000 1996 2171 2042 tuum.

411 2074 462 2126 6.
494 2072 586 2145 Μὴ
609 2073 936 2146 συνελκύσῃς
963 2091 1030 2144 με
1063 2073 1200 2145 μετὰ
1237 2073 1572 2146 ἁμαρτωλῶν
1611 2071 1739 2144 [Μὴ
1773 2089 1896 2125 συν-

2075 2071 2124 2128 6.
2155 2071 2231 2128 Ne
2253 2073 2414 2128 simul
2447 2075 2630 2128 trahas
2659 2089 2745 2129 me
2780 2090 2902 2129 cum
2937 2075 3313 2145 peccatoribus
3345 2077 3448 2149 [Ne
3480 2079 3556 2132 si-

347 2163 582 2237 ἐλκύσῃς
619 2164 756 2235 μετὰ
779 2165 886 2218 τῶν
913 2165 1248 2237 ἁμαρτωλῶν
1276 2167 1373 2237 τὴν
1394 2166 1564 2238 ψυχήν
1591 2163 1716 2236 μου]
1745 2181 1758 2194 ο

2005 2165 2111 2219 mul
2141 2164 2326 2219 trahas
2357 2181 2479 2220 cum
2511 2165 2884 2235 peccatoribus
2914 2168 3152 2222 animam
3188 2169 3386 2240 meam]
3413 2187 3427 2222 :

414 2255 462 2306 '7.
495 2255 608 2308 Kal.
655 2257 791 2326 μετὰ
822 2255 1199 2327 ἐργαζομένων
1229 2257 1439 2310 ἀδικίαν
1486 2257 1560 2327 μὴ
1609 2255 1900 2310 συναπολέ-

2074 2255 2125 2307 7.
2157 2254 2222 2309 Et
2246 2271 2368 2310 cum
2390 2257 2736 2325 operantibus
2766 2256 3108 2328 iniquitatem
3133 2274 3200 2313 ne
3218 2260 3412 2328 perdas
3434 2275 3549 2313 me:

348 2361 443 2414 σ’ᾗς
465 2361 565 2415 με’

420 2478 494 2550 (a)
527 2479 592 2536 ν.
621 2481 711 2536 50.
750 2481 970 2548 Ἕνεκα,
1004 2492 1134 2550 etc.,
1161 2499 1286 2554 usq.
1317 2482 1382 2538 ad
1416 2481 1703 2536 θλιϐόντων
1735 2498 1823 2551 με.

1451 2632 1825 2691 ATHANASII
1865 2631 2442 2689 INTERPRETATIO.

412 2800 503 2856 29.
533 2798 644 2852 Καὶ
683 2796 776 2849 τὸν
819 2794 1016 2868 Ἰωσὴφ
1070 2791 1416 2864 πλανώμενον
1455 2793 1714 2864 ὁδήγησον
1743 2792 1836 2863 (1).

2071 2790 2160 2845 29.
2194 2791 2258 2844 Et
2279 2797 2537 2859 tanquam
2570 2787 2770 2858 Ioseph
2795 2800 3064 2845 errantem
3088 2791 3141 2844 in
3167 2790 3255 2844 via
3279 2791 3469 2861 dirige.

413 2890 500 2944 50.
529 2888 625 2941 Διὰ
649 2887 774 2950 τοὺς
802 2883 1025 2956 ἐχθρούς
1048 2901 1148 2954 μου
1173 2884 1247 2955 μὴ
1281 2883 1447 2956 ἐάσῃς
1483 2901 1569 2954 με.

2070 2882 2156 2935 50.
2192 2879 2418 2950 Pr0pter
2445 2880 2693 2935 inimicos
2728 2894 2877 2935 meos
2909 2895 2977 2934 ne
3003 2880 3245 2935 dimittas
3270 2895 3373 2935 me.

417 2985 507 3038 51.
536 2979 848 3035 Διδάσκαλοι
870 2977 1180 3048 αἱρετικῶν.

2069 2975 2158 3029 51.
2193 2972 2430 3043 Magistri
2459 2972 2851 3027 haereticorum.

416 3072 503 3128 52.
534 3071 642 3125 Καὶ
671 3069 861 3140 ψεῦδός
883 3072 1028 3123 ἐστιν
1050 3071 1084 3141 ἡ
1108 3066 1426 3121 διδασκαλία
1446 3066 1646 3132 αὐτῶν,
1681 3068 1746 3138 ἣν
1773 3068 1896 3120 ἐαυ-
1924 3104 1969 3166 C

2067 3065 2156 3120 52.
2187 3064 2252 3120 Et
2291 3065 2524 3119 mendax
2563 3073 2646 3120 est
2695 3064 2935 3119 doctrina
2985 3079 3196 3128 eorum,
3237 3079 3399 3133 quam
3447 3064 3549 3121 sibi

345 3166 455 3226 esi;
479 3160 726 3232 ἐιινεῦρον,
751 3159 846 3214 καὶ
873 3160 992 3230 οὐχὶ
1025 3158 1176 3230 παρὰ
1202 3157 1319 3212 σοῦ.

1931 3156 1969 3166 “”
1997 3156 2101 3226 ipsi
2125 3157 2466 3219 invenerunt,
2494 3169 2599 3209 non
2627 3163 2806 3210 autem
2838 3165 3163 3224 acceperunt
3190 3170 3219 3207 a
3248 3165 3317 3210 te.

411 3254 499 3309 55.
541 3254 608 3305 Ἃ
627 3251 992 3322 ἐπηγγείλατο
1017 3253 1130 3314 τοῖς
1164 3249 1453 3319 ἀγαπῶσιν
1477 3251 1659 3305 αὐτόν.

1522 3251 1659 3305 ὐτόν.
2064 3247 2152 3302 55.
2186 3244 2317 3312 Quae
2342 3245 2594 3315 promisit
2615 3245 2964 3315 diligentibus
2998 3261 3075 3301 se.

412 3345 501 3400 54.
542 3344 605 3398 '0
648 3345 757 3415 γὰρ
791 3343 1117 3413 ὑπομείνας
1157 3344 1244 3407 εἰς
1275 3343 1469 3410 τέλος,
1497 3338 1676 3408 οὗτος
1707 3341 1899 3411 σωθή-

2065 3335 2153 3389 54.
2177 3333 2282 3399 Qui
2301 3335 2438 3388 enim
2462 3337 2803 3404 permanserit
2821 3352 2980 3406 usque
3003 3337 3055 3391 in
3079 3338 3256 3407 ﬁnem.
3274 3339 3358 3392 hic
3377 3338 3549 3392 salvus

349 3451 538 3491 σεται.
1994 3427 2115 3481 eril-

413 3526 501 3582 55.
537 3525 629 3596 Μὴ
669 3524 962 3590 ἐκλυέσθω,
991 3523 1126 3578 ἀλλὰ
1151 3523 1502 3595 δυναμούσοω
1529 3524 1604 3595 (2)
1629 3527 1662 3594 ἡ
1704 3523 1895 3595 καρδία

2069 3520 2158 3575 55.
2183 3518 2261 3576 Ne
2290 3521 2635 3586 dissolvatur,
2665 3521 2762 3574 sed
2803 3519 3138 3577 confortetur
3168 3538 3263 3576 cur
3292 3531 3466 3588 tuum,
3502 3532 3549 3577 et

345 3635 436 3671 σου
454 3633 468 3648 ⁸
501 3617 600 3671 καί
628 3618 952 3687 ὑπόμεινον
975 3616 1080 3668 τὸν
1105 3617 1341 3684 Κύριον.
1829 3647 1839 3664 κ

975 3616 1080 3668 τὸν
1105 3617 1341 3684 Κύριον.
1829 3647 1839 3664 κ
1999 3612 2202 3665 sustine
2227 3612 2523 3667 Dominum.

419 3749 483 3802 Ἠ
513 3753 843 3820 προκειμένη
875 3750 1150 3820 ἐπιγραφὴ
1200 3748 1472 3818 περιέχειο
1511 3746 1817 3819 [Ψαλμὸς]
1853 3747 1930 3812 τῷ
1977 3747 2183 3801 Δαϐιδο
2219 3748 2416 3803 ὡσανεὶ
2462 3749 2734 3822 προσευχὴ
2777 3748 2869 3803 τοῦ
2899 3749 3045 3814 λαοῦ,
3075 3748 3167 3802 τοῦ
3215 3751 3403 3803 ἑαυτὸν
3445 3769 3550 3821 χω-

344 3846 600 3915 ρήσαντος
618 3844 712 3898 τοῦ
742 3845 966 3915 κόσμου.
994 3843 1154 3897 Δαὸὶδ
1174 3843 1280 3912 γὰρ
1301 3841 1654 3913 ἐρμηνευέται
1673 3842 1858 3910 μόνος
1888 3843 1980 3913 (5).

415 3936 626 3991 Titulus
650 3937 972 4006 praepositus
1000 3936 1277 3991 continet:
1310 3934 1558 3989 Psalmus
1584 3933 1756 3989 David
1778 3950 1799 3989 :
1832 3936 1996 3991 veluti
2034 3934 2209 3990 oratio
2254 3932 2438 4003 populi
2471 3933 2708 4004 seipsum
2748 3931 3050 4002 separantis
3075 3947 3106 3985 a
3128 3931 3350 3986 mundo.
3380 3931 3547 3988 David

343 4026 484 4083 enim
513 4027 894 4096 interpretatur
921 4025 1085 4078 solus.

412 4167 464 4219 1.
493 4150 736 4231 Στένάξω
765 4164 902 4236 πρδς
934 4163 1016 4218 σέ.

2068 4163 2118 4217 1.
2151 4163 2502 4235 lngemiscam
2537 4167 2602 4220 ad
2627 4175 2695 4221 te.

409 4255 464 4311 2.
498 4256 590 4326 Μὴ
614 4253 963 4328 παρακούσῃς
1003 4270 1125 4324 μου.

2063 4256 2118 4309 2.
2149 4254 2227 4310 Ne
2244 4271 2330 4311 me
2360 4256 2658 4313 inauditum
2683 4267 2987 4328 prmtereas.

407 4347 463 4400 5.
494 4347 717 4416 Μήποτε
766 4345 1116 4416 ἀφρόντιστον
1164 4363 1231 4414 με
1281 4348 1480 4418 ἐάσῃς,
1511 4346 1605 4398 ita).
1650 4341 1890 4406 ἐξισωθῶ

2065 4348 2116 4402 5.
2147 4347 2441 4419 Nequando
2465 4365 2552 4405 me
2581 4351 2884 4420 neglectum
2915 4349 3175 4414 dimittas,
3209 4357 3263 4404 et
3294 4351 3551 4422 adaequet-

341 4441 450 4502 τοῖς
474 4439 683 4500 ἑαυτοῖς
705 4437 1114 4508 ὲπιρῤίπτουσιν
1149 4439 1206 4490 ἐν
1232 4439 1525 4510 ἁμαρτίαις
1555 4438 1652 4508 (4).

1283 4439 1525 4510 ιαρτίαις
1555 4438 1652 4508 (4).
1923 4445 1967 4498 1)
1995 4439 2396 4508 projicientibus
2427 4455 2485 4495 se
2510 4440 2563 4494 in
2596 4450 2836 4510 peccata.

413 4531 466 4584 4.
491 4528 893 4592 Εὶσάκουσον,
917 4529 1114 4596 Κύριε,
1129 4524 1244 4598 ’τῆς
1269 4530 1470 4600 φωνῆς
1499 4530 1607 4599 τῆς
1627 4527 1889 4596 δεήσεως

2062 4529 2114 4583 4.
2133 4529 2364 4596 Exaudi,
2389 4529 2626 4595 Domine,
2649 4546 2822 4585 vocem
2846 4529 3225 4599 deprecationis
3248 4545 3395 4593 mea,
3419 4529 3547 4583 dum

335 4639 452 4692 μου
483 4625 542 4675 ἐν
570 4619 654 4692 τῷ
673 4622 1000 4693 προσφέρειν
1031 4622 1199 4690 αὐτὴν
1236 4622 1461 4676 ἐνώπιόν
1494 4638 1606 4674 σου.

1108 4622 1199 4690 τὴν
1236 4622 1461 4676 ἐνώπιόν
1494 4638 1606 4674 σου.
1991 4635 2110 4674 eam
2135 4620 2346 4690 profero
2375 4636 2556 4677 coram
2590 4628 2661 4676 te.

412 4711 464 4765 5.
507 4712 595 4766 Ἐν
616 4709 694 4781 τῷ
726 4712 899 4780 αίρειν
933 4727 1000 4780 με
1033 4711 1130 4781 τὴν
1156 4711 1393 4770 διάνοιάν
1425 4729 1526 4781 μου
1563 4713 1643 4774 εἰς
1671 4711 1762 4766 τὸν
1799 4710 1890 4762 οὐ-

1761 4736 1762 4743 κ
1799 4710 1890 4762 οὐ·
2061 4710 2113 4763 5.
2150 4710 2289 4765 Dum
2319 4709 2518 4765 extollo
2545 4719 2778 4766 mentem
2809 4724 2984 4764 meam
3013 4709 3065 4763 in
3097 4707 3314 4763 coelum.

378 4803 523 4859 ανόν.

378 4823 411 4856 α
472 4823 523 4859 ν.

343 4823 375 4876 ρ
495 4895 571 4966 (5)
595 4895 687 4967 Μὴ
712 4896 948 4968 παράδος
978 4914 1045 4966 με
1084 4895 1159 4966 τῷ
1189 4895 1415 4966 διαϐόλῳ
1460 4897 1552 4949 καὶ
1584 4897 1693 4958 τοῖς
1724 4893 1891 4962 ἀγγέο

2061 4887 2114 4941 6.
2149 4886 2226 4942 Ne
2254 4889 2436 4944 tradas
2465 4902 2552 4943 me
2581 4887 2796 4944 diabolo
2825 4897 2878 4941 et
2909 4889 3114 4959 angelis
3135 4888 3251 4958 ejus
3283 4886 3336 4940 in
3365 4886 3539 4954 ignem

342 4981 451 5046 λοις
479 4984 642 5038 αὐτοῦ
669 4984 746 5055 τῷ
766 4987 967 5058 αἰωνίῳ
995 4987 1148 5058 πυρί.

734 4985 746 5037 i
766 4987 967 5058 αἰωνίῳ
995 4987 1148 5058 πυρί.
1989 4986 2287 5050 aeternum”

1278 5162 1581 5226 Addenda
1604 5171 1664 5226 et
1703 5162 2072 5241 corrigenda
2116 5180 2193 5225 ex
2224 5163 2360 5225 cod.
2399 5161 2596 5223 Vatic.

431 5351 482 5422 1)
517 5350 624 5414 Ὦς,
655 5360 783 5418 etc.,
805 5351 1112 5474 ὀξδὲγησας.
1137 5343 1147 5362 ’
1982 5414 1984 5419 η

431 5421 480 5474 2)
527 5421 884 5474 ’EvGuvauoua
921 5442 986 5474 ω.

929 5369 1112 5423 γησας.
1137 5343 1147 5362 ’
1982 5351 2130 5474 χω(οὴ
2139 5367 2346 5439 σαντος,
2362 5360 2482 5437 ‘etc.

929 5442 986 5474 ω.
2074 5420 2127 5474 4)
2185 5422 2421 5474 Εαυτους
2444 5462 2457 5474 .

431 5368 482 5422 ι)
522 5368 624 5441 μς,
655 5368 783 5418 etc.,
805 5368 1112 5474 ωοὲγησας.
1982 5368 2483 5488 χωρησριντοςκειο.
2861 5419 2873 5438 '

425 5421 480 5492 ξ)
509 5491 515 5492 γ
544 5421 884 5492 Ενδυναμουσ
921 5442 986 5492 ω.
1358 5491 1363 5492 ν
1744 5491 1747 5492 ν
2074 5420 2127 5492 τί)
2156 5422 2421 5492 “Eata-too;
2444 5462 2457 5474 .
2478 5462 2500 5492 _.
2528 5459 2540 5472 .
2569 5422 2647 5483 εἰς
2671 5422 2960 5490 ἁμαρτιαν.

506 5480 818 5566 ’ξπιγραῷῂ
846 5491 1005 5566 ista.
1043 5492 1141 5562 τῆς
1185 5491 1550 5566 κινναϐάρεως
1598 5491 1873 5566 περιέχεις
2019 5480 2127 5566 *(5)
2155 5488 2300 5566 N.__6,
2325 5491 2378 5545 7.
2401 5480 2503 5561 ’Μὴ
2533 5480 2770 5566 παράδος
2789 5480 2858 5559 ’με
2879 5488 3013 5560 μετὰ
3024 5483 3124 5566 ’τοῦ
3148 5480 3418 5566 διαϐόλου,
3440 5484 3534 5538 καὶ

334 5560 426 5614 τοῦ
455 5557 842 5626 Δαὸὶδίῶςάν
946 5557 1220 5632 προσευχὴ
1248 5561 1339 5613 τοῦ
1383 5557 1510 5615 λαοῦ
1548 5563 1639 5616 τοῦ
1673 5557 1872 5617 ’ἑαυτοῦ
1978 5557 2084 5614 τῶν
2105 5557 2370 5632 ἀγγέλων,
2402 5557 2506 5617 etc.
2541 5557 2686 5629 N._8,
2723 5562 2773 5615 9.
2798 5557 2820 5613 ⁷.
2954 5559 3045 5611 καὶ
3078 5557 3404 5628 μηνιαστῶν.

647 5654 916 5745 Parnm.
955 5654 1072 5750 _Gn.
1123 5652 1382 5714 XXVII.
1539 5743 1610 5750 mu
3140 5647 3216 5710 2h

1539 5743 1610 5752 -.η
