3934 6218
402 220 504 288 7,37

470 338 526 396 8.
550 336 653 404 Qui
681 337 975 407 loquuntur
1005 349 1192 405 pacem
1223 351 1346 388 cum
1377 335 1626 404 proximo
1649 351 1784 392 suo:

471 517 527 573 9.
558 516 693 572 Mala
718 528 894 572 autem
934 517 986 571 in
1017 515 1273 572 cordibus
1294 530 1507 572 eorum.

463 611 558 665 ’10.
585 610 659 665 Da
694 612 820 677 illis,
848 611 1094 675 Domine,
1120 607 1417 664 secundum
1452 624 1615 678 opera
1646 625 1861 675 eorum,

481 704 563 757 ll.
613 702 678 757 Et
728 702 1024 758 secundum
1075 700 1372 770 nequitiam
1407 700 1850 756 adinventionum
1884 701 1965 772 ip-

402 811 616 853 Eorum.

477 888 565 944 12.
597 886 906 942 Secundum
931 899 1096 956 opera
1115 901 1379 941 manuum
1407 901 1597 941 eorum
1624 886 1800 942 tribue
1826 885 1960 941 illis:

475 979 562 1032 15.
595 976 776 1033 Redde
812 977 1219 1032 retributionem
1247 993 1437 1032 eorum
1470 977 1624 1048 ipsis.

476 1068 562 1123 H.
599 1066 865 1134 Quoniam
896 1082 1005 1122 non
1045 1067 1429 1124 intellexerunt
1458 1085 1622 1140 opera
1653 1068 1890 1132 Domini,

477 1161 563 1216 15.
598 1160 663 1216 Ει
686 1162 739 1215 in
771 1176 936 1231 opera
965 1176 1224 1216 manuum
1251 1163 1363 1232 ejus
1397 1181 1410 1215 :

477 1252 564 1307 16.
592 1251 845 1308 Destrues
873 1253 1016 1320 illos,
1041 1263 1096 1308 et
1130 1267 1238 1308 non
1274 1252 1564 1308 aadiilcabis
1599 1267 1715 1308 eos.

479 1435 566 1489 17.
609 1435 927 1492 Benedictus
958 1435 1242 1502 Dominus,
1270 1437 1528 1506 quoniam
1566 1435 1841 1492 exaudivit
1869 1450 1966 1490 vo-

405 1541 524 1581 cem
557 1527 952 1597 deprecationis
976 1543 1126 1584 meae.

479 1617 564 1670 18.
594 1617 856 1674 Dominus
884 1617 1100 1689 adjutor
1126 1635 1281 1675 meus
1303 1628 1358 1674 et
1391 1627 1663 1690 protector
1691 1636 1862 1676 meus.

1207 217 1264 272 S.
1305 214 1670 271 ATIIANASII
1708 215 1854 271 OPP.
1892 215 2070 274 PARS
2107 216 2198 271 111.
2233 246 2306 257 -
2341 212 2762 272 EXEGETICA.

3530 215 3632 273 748

1987 339 2035 396 Α
2129 335 2182 389 8.
2217 333 2336 387 Τῶν
2365 332 2665 387 λαλούντων
2693 331 2917 404 εἰρήνην
2946 330 3086 401 μετὰ
3114 331 3219 386 τῶν
3266 330 3512 404 πλησίων
3539 333 3634 388 αὐ-

2068 445 2176 480 των
2185 445 2198 458 ’

2137 519 2192 574 9.
2219 516 2378 570 Κακὰ
2405 517 2461 570 δὲ
2493 518 2551 570 ὲν
2576 518 2694 580 ταῖς
2721 515 2965 588 καρδίαις
2985 516 3182 569 αὐτῶν.

2138 609 2225 664 10.
2254 609 2350 673 Δδς
2380 609 2580 674 αὐτοῖς,
2601 608 2796 679 Κύριε,
2833 609 2974 662 κατὰ
2999 607 3068 661 τὰ
3091 607 3226 680 ἔργα
3247 607 3450 672 αὑτῶν,

2139 701 2225 755 11.
2261 701 2369 755 Καὶ
2408 700 2546 753 κατὰ
2595 698 2691 770 τὴν
2744 699 3004 770 πονηρίαν
3042 698 3149 753 τῶν
3189 697 3632 770 ἐπιτηδευμάτων

2069 793 2269 849 αὑτῶν.

2136 884 2224 938 12.
2257 882 2414 938 Κατὰ
2441 881 2508 935 τὰ
2537 880 2673 953 ἔργα
2694 879 2800 934 τῶν
2822 880 3021 952 χειρῶν
3047 879 3225 935 αὐτῶν
3253 880 3344 944 δὸς
3367 879 3549 942 αὑτοῖς
3570 891 3588 911 θ

2138 977 2225 1034 15.
2268 975 2484 1038 Ἀπόδος
2503 975 2562 1027 τὺ
2586 973 2932 1043 ἀνταπόδομα
2960 973 3136 1026 αὑτῶν
3161 974 3366 1037 αὑτοῖς.

2136 1067 2222 1121 14.
2252 1067 2374 1121 Ὅτι
2402 1067 2463 1120 οὐ
2491 1065 2727 1137 συνῆκαν
2755 1066 2834 1128 είς
2859 1066 2930 1119 τὰ
2953 1065 3089 1137 ἔργα
3121 1065 3326 1139 Κυρίου
3350 1107 3364 1129 ,

2137 1158 2224 1212 15.
2259 1159 2367 1212 Καὶ
2396 1159 2475 1222 είς
2501 1158 2571 1212 τὰ
2597 1158 2731 1228 ἔργα
2759 1158 2866 1214 τῶν
2893 1158 3092 1230 χειρῶν
3131 1157 3316 1213 αὑτοῦ.

2138 1249 2225 1304 16.
2259 1249 2522 1314 Καθελεῖς
2554 1250 2768 1315 αὐτοὺς,
2804 1251 2899 1306 καὶ
2920 1251 2982 1304 οὑ
3018 1251 3092 1322 μὴ
3132 1250 3504 1321 οίκοδομήσεις
3531 1249 3628 1302 αὐ-

2067 1361 2213 1407 τους.

2138 1437 2224 1490 17.
2251 1436 2549 1507 Εὐλογητὸς
2561 1436 2783 1510 Κύριος,
2805 1439 2885 1492 ὅτι
2915 1438 3198 1510 είσήκουσε
3216 1440 3312 1510 τῆς
3330 1437 3516 1509 φωνῆς
3529 1438 3624 1508 τῆς

2067 1529 2302 1602 δεήσεώς
2333 1548 2454 1602 μου.

2139 1622 2225 1676 18.
2265 1621 2466 1690 Κύριος
2499 1620 2690 1693 βοηθός
2716 1638 2817 1693 μου
2846 1621 2938 1676 καὶ
2969 1621 3375 1694 ὑπερασπιστὴς
3411 1639 3528 1708 μου.

480 1708 568 1766 19.
603 1708 658 1761 In
689 1710 805 1779 ipso
832 1711 1067 1780 speravit
1093 1727 1187 1766 cor
1223 1727 1425 1777 meum,
1461 1723 1516 1768 et
1545 1714 1766 1784 adjutus
1797 1731 1917 1771 sum
1952 1734 1966 1770 :
1997 1693 2023 1746 ῐ

2143 1712 2228 1767 19.
2271 1712 2386 1765 Ἐπ’
2411 1710 2560 1783 αὑτῷ
2589 1710 2814 1782 ἡλπισεν
2835 1713 2869 1783 ἡ
2900 1693 3094 1782 καρδία
3126 1729 3248 1782 μου,
3283 1713 3378 1765 καὶ
3406 1693 3630 1784 £30110!)-

477 1893 568 1947 20.
598 1893 664 1947 Et
696 1895 938 1951 reﬂoruit
967 1911 1096 1951 caro
1126 1911 1245 1952 mea
1280 1916 1294 1951 :

476 1985 567 2039 21.
601 1983 666 2039 Ει
698 2001 765 2040 ex
793 1987 1073 2043 voluntate
1106 2003 1226 2043 mea
1252 1988 1552 2045 conﬁtebor
1584 1989 1655 2045 ei.

475 2076 568 2132 22.
599 2076 864 2135 Dominus
898 2078 1160 2136 fortitudo
1185 2081 1359 2152 plebis
1394 2097 1507 2137 suae
1535 2101 1550 2150 ;

475 2169 569 2224 25.
597 2169 662 2224 Ει
689 2180 961 2241 protector
981 2174 1341 2233 salvationum
1369 2173 1575 2230 Christi
1602 2175 1687 2232 sui
1720 2182 1820 2230 est.

479 2353 568 2406 24.
597 2352 816 2408 Salvum
850 2352 935 2409 fac
967 2355 1222 2425 populum
1242 2364 1419 2420 tuum,
1449 2354 1694 2421 Domine,
1721 2366 1775 2411 et
1803 2356 1966 2412 bene-

409 2442 496 2496 dic
535 2443 832 2498 liaereditati
870 2455 996 2500 tum.

478 2533 567 2588 25.
599 2533 665 2588 Ει
695 2550 818 2606 rege
857 2550 972 2602 eos,
998 2544 1051 2591 et
1087 2536 1284 2592 extolle
1330 2536 1452 2594 illos
1495 2551 1671 2608 usque
1717 2538 1772 2592 in
1803 2548 1962 2594 aeter-

409 2641 563 2682 num.

2073 1803 2205 1875 θην·

2137 1893 2226 1948 20.
2258 1895 2365 1947 Kal.
2386 1893 2641 1949 ἀνέθαλεν
2673 1895 2706 1965 ἡ
2742 1892 2879 1964 σάρξ
2912 1912 3014 1964 μου
3035 1911 3050 1926 ο

2137 1989 2229 2043 21.
2258 1988 2369 2042 Καὶ
2395 1989 2457 2041 ὲκ
2483 1987 2785 2057 θελήματός
2824 2004 2924 2058 μου
2974 1986 3434 2058 ὲξομολογήσομαι
3465 1988 3610 2060 αὑτῷ

2136 2083 2227 2136 22.
2254 2081 2456 2153 Κύριος
2481 2081 2802 2153 κραταίωμα
2832 2078 2924 2133 τοῦ
2957 2079 3088 2134 λαοῦ
3117 2079 3279 2134 αὑτοῦ
3302 2097 3317 2110 ⁸

2137 2174 2226 2228 25.
2262 2175 2370 2227 Καὶ
2399 2171 2810 2244 ὑπερασπιστὴς
2842 2171 2950 2225 τῶν
2967 2171 3247 2242 σωτηρίων
3281 2170 3374 2225 τοῦ
3397 2170 3632 2243 Χριστοῦ

2071 2264 2233 2320 αὑτοῦ
2257 2268 2422 2318 ἐστιν.

2139 2357 2228 2412 24.
2260 2356 2438 2410 Σῶσον
2461 2356 2550 2410 τὸν
2575 2355 2702 2410 λαόν
2735 2372 2850 2421 σου,
2873 2354 2966 2408 καὶ
2996 2354 3287 2426 εὑλύγησον
3312 2356 3411 2428 τὴν
3440 2355 3539 2428 κλη
3547 2374 3634 2428 ρο-

2077 2450 2262 2520 νομίαν
2293 2465 2410 2504 σου.

2140 2540 2230 2594 25.
2261 2542 2370 2595 Καὶ
2390 2540 2650 2612 ποίμανον
2683 2540 2898 2608 αὑτοὺς,
2925 2537 3022 2595 καὶ
3049 2539 3252 2613 ἐπαρον
3276 2539 3478 2604 αὐτοὺς
3531 2540 3634 2604 ἕως

2072 2630 2166 2685 τοῦ
2197 2631 2411 2696 αἰῶνος.

1517 2802 1886 2859 ATHANASII
1925 2803 2508 2862 INTERPRETATIO.

410 3088 584 3130 381113.

481 3165 569 3221 10.
599 3161 1063 3230 Quemadmodum
1106 3161 1346 3232 duplices
1374 3171 1522 3228 sunt,
1551 3162 1616 3218 da
1655 3162 1762 3220 illis
1787 3165 1968 3237 dupli-

411 3272 530 3314 cem
556 3256 922 3311 amictionem.

481 3349 572 3404 11.
600 3348 909 3403 Secundum
947 3347 1242 3417 injustitias
1265 3361 1472 3402 eorum.

485 3439 690 3505 12,15.
725 3437 1196 3506 Quemadmodum
1235 3448 1635 3494 consueverunt
1683 3441 1824 3496 mala
1860 3443 1972 3497 sin—

413 3533 556 3607 gulis
579 3533 732 3601 dare,
761 3534 835 3587 ita
859 3533 926 3588 da
956 3532 1110 3603 ipsis.

384 3673 386 3676 .
484 3627 572 3692 11,
610 3626 700 3680 15.
730 3623 998 3692 Quoniam
1032 3639 1133 3681 nec
1161 3640 1324 3697 opera
1345 3626 1561 3683 Domini
1597 3627 1738 3685 scire
1762 3628 1970 3694 volunt,

415 3734 516 3774 nec
535 3717 743 3788 judicia
762 3718 904 3788 ejus.

493 3811 574 3864 16.
621 3810 898 3868 Percuties
933 3825 1051 3876 eos,
1100 3818 1155 3866 et
1204 3827 1313 3868 non
1357 3813 1620 3878 sanabis;
1675 3827 1783 3869 non
1830 3827 1973 3868 enim

409 3903 781 3973 pmnitebunt.

487 3997 573 4049 17.
607 3996 917 4052 Benedictus
956 3996 1238 4065 Dominus,
1263 3998 1514 4069 quoniam
1538 3998 1779 4069 implevit
1806 4013 1977 4052 vocem

416 4088 794 4154 deprecationis
824 4104 972 4143 mea.

489 4159 875 4233 18.‘Dominus
909 4187 1200 4250 protegens
1239 4194 1347 4245 me,
1374 4188 1427 4234 et
1457 4178 1742 4249 insurgens
1780 4178 1835 4232 in
1875 4177 1979 4231 ini-

417 4281 590 4320 mICOS
616 4282 790 4322 IIIPOS.

490 4355 576 4408 19.
606 4353 668 4408 Ei
698 4356 938 4425 seipsum
989 4357 1212 4413 tradidit
1241 4371 1336 4414 cor
1356 4372 1568 4423 meum,
1610 4366 1666 4412 et
1693 4353 1972 4411 conforta-
2007 4329 2051 4383 D

420 4459 534 4500 tum
565 4454 649 4501 est
674 4447 742 4500 ab
765 4463 850 4502 eo.

487 4537 576 4590 20.
609 4537 667 4591 In
695 4539 1114 4595 resurrectione.

488 4630 578 4682 21.
612 4629 864 4700 Prompte
911 4632 1006 4688 tibi
1053 4635 1306 4702 serviam,
1351 4643 1405 4690 et
1434 4632 1664 4688 tradam
1704 4631 1977 4700 meipsum

419 4721 538 4778 tibi.

485 4811 576 4867 22.
614 4813 877 4868 Dominus
902 4814 1076 4870 virtus
1102 4811 1283 4882 populi
1310 4811 1418 4867 sui.

485 4905 575 4958 25.
611 4903 933 4960 Sanctorum
953 4904 1074 4959 Filii
1095 4905 1176 4960 sui
1195 4911 1469 4973 protector
1493 4913 1599 4959 est.

485 4997 574 5050 21.
607 4995 671 5049 Ει
703 5010 849 5050 nunc
873 5004 927 5048 et
951 4996 1005 5049 in
1043 4991 1226 5048 futuro
1254 4993 1477 5048 saeculo.

484 5090 576 5145 25.
595 5087 849 5145 Gloriiica
879 5102 975 5142 eos
1013 5087 1066 5140 in
1092 5094 1405 5157 regnotuo.

483 2981 537 3048 7,
584 2981 638 3035 9.
693 2982 830 3036 Cum
888 2982 1260 3051 damonibus,
1312 2992 1368 3039 et
1409 2984 1742 3055 hypocritis,
1783 2992 1839 3040 et
1881 2984 1964 3038 in-
1994 2989 2023 3048 ί

2143 2985 2248 3053 7,9.
2280 2986 2400 3041 Τῶν
2413 2985 2698 3058 δαιμόνων,
2717 2987 2810 3041 καὶ
2829 2988 3158 3060 ὑποκριτῶν,
3178 2987 3273 3041 καὶ
3297 2985 3628 3058 μανιαστῶν.

2141 3163 2228 3218 10.
2259 3161 2334 3234 (1)
2361 3161 2559 3228 Καθώς
2595 3165 2700 3218 είσι
2742 3163 2933 3231 δισσοὶ,
2959 3163 3048 3228 δὸς
3076 3164 3258 3229 αὑτοῖς
3297 3165 3479 3219 δισσὸν
3513 3165 3630 3218 σύν-

2073 3268 2311 3324 τριμμα.

2145 3345 2234 3399 11.
2260 3337 2455 3409 Κατως
2474 3347 2572 3410 τὰς
2594 3344 2803 3409 ἀδικίας
2826 3344 3022 3400 αὑτῶν.

2147 3436 2234 3502 12,
2266 3437 2352 3492 15.
2381 3436 2576 3502 Καθὼς
2616 3438 2826 3511 πονηρὰ
2866 3439 3118 3493 εἰώθασιν
3167 3440 3378 3511 ἑκάστῳ
3414 3439 3627 3502 διδόναι,

2073 3526 2246 3590 οὑτως
2265 3526 2352 3591 δὺς
2380 3528 2582 3589 αὑτοῖς.

2145 3620 2232 3685 14,
2270 3620 2357 3675 15.
2390 3622 2510 3674 Ὅτι
2533 3621 2668 3693 ἔργα
2691 3622 2895 3693 Κυρίου
2922 3621 3116 3677 εἰδέναι
3139 3625 3198 3677 οὐ
3228 3623 3492 3688 θέλουσιν,
3519 3622 3631 3676 οὑδὲ

2073 3709 2142 3764 τὰ
2176 3709 2518 3782 δικαιώματα
2546 3710 2730 3766 αὑτοῦ.

2148 3801 2237 3856 16.
2294 3802 2561 3868 Πατάξεις
2603 3804 2818 3869 αὐτοὺς,
2860 3805 2955 3858 καὶ
3015 3806 3075 3858 οὑ
3125 3805 3199 3876 μὴ
3227 3807 3385 3877 ίάσῃο
3427 3806 3490 3858 οὑ
3530 3804 3632 3874 γὰρ

2078 3895 2503 3966 μετανοήσουσιν
2535 3895 2612 3967 (2)
2624 3934 2635 3944 .

2147 3985 2235 4040 17.
2261 3985 2600 4056 Εὐλογητὸς
2615 3986 2848 4055 Κύριος,
2874 3986 3260 4058 ὅτιὲπλήρωσε
3287 3986 3405 4054 τὴν
3431 3985 3637 4056 φωνὴν

2077 4075 2187 4146 τῆς
2217 4075 2480 4144 δεήσεώς
2501 4094 2641 4146 μου.

2149 4166 2236 4220 18.
2267 4166 2470 4238 Κύριος
2515 4167 2730 4221 σκέπων
2787 4185 2875 4238 με,
2909 4167 3005 4221 καὶ
3057 4166 3482 4236 ἐπανιστάμενος
3526 4167 3638 4224 τοῖς

2082 4256 2296 4328 ἐχθροῖς
2317 4274 2440 4328 μου.

2149 4347 2238 4403 19.
2257 4347 2413 4418 Αὐτῷ
2442 4346 2638 4411 ἑαυτὴν
2670 4347 2928 4412 ἐξέδωκεν
2959 4351 2994 4419 ἡ
3023 4347 3217 4420 καρδία
3247 4364 3370 4419 μου,
3408 4348 3504 4403 καὶ
3560 4348 3641 4402 ἐν·

2079 4438 2396 4509 εδυναμώθη
2426 4440 2514 4493 ὑπ’
2537 4439 2721 4495 αὑτοῦ.

2146 4530 2238 4585 20.
2284 4531 2372 4584 Ἐν
2398 4533 2464 4602 τῇ
2487 4531 2800 4587 ἀναστάσει.

2146 4621 2237 4676 21.
2296 4621 2597 4695 Προθὺμως
2634 4622 2900 4678 δουλεύσω
2951 4642 3032 4679 σοι
3054 4663 3071 4690 ,
3131 4623 3224 4678 καὶ
3283 4621 3505 4678 ἐκδώσω
3553 4637 3643 4676 σοι

2079 4713 2311 4783 ἐμαυτόν
2336 4713 2436 4784 (5).

2153 4804 2245 4859 22.
2279 4804 2480 4876 Κύριος
2515 4806 2740 4878 δύναμις
2771 4806 2865 4861 τοῦ
2898 4807 3026 4860 λαοῦ
3055 4805 3242 4861 αὑτοῦ.

2153 4893 2243 4948 22.
2278 4895 2398 4947 Τῶν
2419 4896 2587 4965 ἁγίων
2602 4896 2693 4950 τοῦ
2716 4897 2844 4951 Υίοῦ
2857 4897 3020 4951 αὐτοῦ
3039 4899 3448 4970 ὑπερασπιστὴς
3470 4899 3647 4952 ἐστιν.

2150 4984 2240 5052 24.
2277 4986 2386 5038 Καὶ
2423 4987 2480 5040 ἐν
2514 4986 2591 5058 τῷ
2619 4988 2711 5042 νῦν
2743 4988 2837 5042 καὶ
2873 4989 2932 5041 ἐν
2960 4989 3036 5060 τῷ
3067 4988 3311 5060 μέλλοντι
3335 4989 3512 5044 αίῶνι.

2139 5076 2242 5131 25.
2273 5077 2502 5143 Δόξασον
2531 5080 2727 5144 αὐτοὺς
2753 5081 2811 5133 ὲν
2841 5082 2907 5152 τῇ
2940 5079 3186 5153 βασιλείᾳ
3217 5097 3334 5136 σου.

1362 5279 1670 5341 Addenda
1705 5286 1768 5341 et
1796 5279 2169 5360 corrigenda
2206 5297 2283 5343 ex
2315 5279 2453 5342 cod.
2491 5279 2692 5342 Vatic.

489 5475 567 5545 (1)
587 5473 653 5531 Ν.
689 5475 774 5530 10.
803 5475 962 5545 Koma
976 5474 1066 5545 δὸς
1091 5477 1150 5528 ἐν
1171 5477 1288 5537 ταῖς
1303 5473 1551 5545 καρδίαις
1572 5473 1768 5528 αὐτῶν.
1787 5471 1858 5545 Ν..
1877 5472 1964 5545 11.

423 5541 616 5614 Καθὼς
647 5545 775 5614 εἱσι,
808 5555 911 5599 etc.
951 5544 1017 5600 N.
1054 5546 1141 5599 12.
1179 5546 1336 5600 Κατὰ
1382 5541 1488 5607 τάς
1543 5544 1679 5614 (non
1722 5541 1960 5611 καθώς).

419 5611 480 5665 Ν.
516 5613 603 5671 15.
634 5613 827 5678 Καθὼς
849 5615 1081 5687 πονηρά,
1098 5622 1200 5674 etc.

2144 5477 2221 5552 (2)
2267 5477 2442 5552 Ἰάσῃς
2470 5478 2710 5552 αὑτούς)
2734 5476 2794 5529 οὑ
2821 5475 2930 5552 γᾲρ
2961 5491 3078 5546 μετ.

2143 5549 2219 5620 (5)
2250 5547 2528 5603 Δουλέύσω
2561 5565 2642 5602 σοι
2675 5547 2927 5619 ἐμαυτόν.
