3934 6218
395 195 500 250 719
1231 185 1318 242 DE
1366 185 1636 243 TITULIS
1673 181 2128 242 PSALMORUM.
2164 211 2233 221 --
2267 176 2463 234 PSAL.
2507 167 2745 241 XXVIII.
3489 170 3597 242 τεο

615 294 857 363 quttuor
899 303 976 371 τῷ
1001 304 1199 370 Δαόὶδ,
1226 306 1438 370 ἐξόδου
1464 305 1718 376 σκηνῆς.
1975 313 2020 366 Α

1975 313 2020 366 Α
2265 298 2508 352 Psalmus
2541 295 2731 358 David,
2763 295 2934 348 exitus
2959 309 2986 348 ε
3015 294 3370 360 tabernaculo,

1032 402 1205 455 ΨΑΛ.
1240 403 1374 454 KII'.
2563 385 2766 442 PSAL.
2798 383 3083 439 XXVIII.

471 495 522 550 1.
565 492 848 561 Ἐνέγκατε
873 491 951 562 τῷ
977 491 1184 563 Κυρίῳ,
1208 493 1312 545 υἱοὶ
1345 491 1479 546 Θεοῦ
1497 510 1510 521 ·

1497 510 1510 521 .
2119 480 2170 532 1.
2209 479 2406 534 Aﬁ‘ertc
2433 477 2680 544 Domino,
2708 477 2802 533 ﬁlii
2830 477 2963 545 Dei;
3029 474 3032 478 ’

470 587 524 642 2.
567 583 951 656 Ἐνέγκατετῷ
989 585 1176 656 Κυρίῳ
1214 585 1361 649 υἱοὺς
1385 585 1572 656 κριῶν.

1546 606 1572 639 ,,
2115 570 2170 624 2.
2199 571 2396 626 Aﬁ‘erte
2425 569 2654 626 Domino
2680 571 2822 626 ﬁlios
2849 571 3099 632 arietum.

471 681 522 736 3.
557 680 841 748 Ἐνέγκατε
867 678 943 749 τῷ
974 677 1161 748 Κυρίῳ
1189 675 1343 740 δόξαν
1378 672 1471 730 καὶ
1492 678 1656 749 τιμήν
1678 695 1690 708 ·

2119 664 2173 716 3.
2210 661 2407 718 Aﬁ‘erte
2434 661 2661 718 Domino
2688 663 2913 732 gloriam
2939 671 2992 718 et
3017 663 3275 718 honorem
3304 682 3319 718 ι

469 773 522 827 ι.
569 774 853 842 Ἐνέγκατε
878 771 954 843 τῷ
979 771 1165 842 Κυρίῳ
1193 771 1350 838 δόξαν
1371 772 1591 842 ὀνόματι
1621 771 1806 825 αὐτοῦ’

1767 771 1806 824 3.
2120 754 2171 812 4.
2203 753 2398 808 Aﬁerte
2419 752 2648 808 Domino
2675 754 2903 824 gloriam
2933 755 3139 818 nomini
3171 755 3320 825 ejus:

471 866 524 921 5.
548 865 964 938 Προσκυνήσατε
1000 862 1076 934 τῷ
1095 863 1280 934 Κυρίῳ
1311 865 1369 916 ὲν
1401 862 1535 934 αὐλῇ
1579 862 1711 935 ἁγίᾳ
1764 861 1945 921 αὑτοῦ.

1833 861 1945 921 τοῦ,
2121 849 2176 901 5.
2203 848 2437 902 Adorate
2461 846 2748 907 Dominum
2780 849 2833 901 in
2865 849 3003 903 atrio
3033 856 3222 909 sancto
3249 849 3386 919 ejus,

470 956 524 1010 6.
553 935 706 1028 Φωνὴ
739 935 941 1028 Κυρίου
969 953 1190 1007 ἐπὶτῶν
1222 954 1427 1008 ὑδάτων
1447 971 1462 987 ·

1447 971 1462 987 .
2120 937 2174 991 6.
2202 935 2316 992 Vox
2342 937 2556 992 Domini
2589 953 2752 1007 super
2774 953 2945 1012 aquas
2970 955 2982 999 :

471 1050 522 1105 ’1.
568 1049 625 1103 ’0
658 1049 789 1112 Θεὸς
821 1047 919 1118 τῆς
939 1047 1094 1116 δόξης
1128 1028 1452 1117 ἐϐρόντησεί

1437 1028 1452 1074 .'
2121 1030 2170 1081 7.
2205 1028 2347 1084 Deus
2375 1029 2674 1099 majestatis
2697 1028 2933 1084 intonuit
2958 1046 2972 1095 ;

469 1141 521 1196 8.
550 1121 752 1211 Κύριος
777 1139 868 1191 ἐπὶ
901 1137 1104 1191 ὑδάτων
1134 1135 1360 1191 πολλῶν.

2120 1121 2172 1175 8.
2204 1120 2466 1176 Dominus
2495 1136 2656 1191 super
2681 1136 2851 1190 aquas
2880 1121 3100 1182 multas.

470 1231 524 1286 9.
736 1228 941 1300 Κυρίου
963 1228 1020 1281 ὲν
1045 1227 1188 1298 ἰσχύϊ
1208 1241 1229 1258 ο

2124 1209 2178 1264 9.
2215 1209 2330 1264 Vox
2361 1210 2576 1264 Domini
2603 1209 2656 1264 in
2689 1210 2888 1266 virtute
2920 1227 2935 1268 :

469 1323 557 1379 10.
585 1321 738 1393 Φωνὴ
762 1322 964 1392 Κυρίου
997 1321 1054 1372 ὲν
1083 1319 1536 1391 μεγαλοπρέπεια.

2121 1301 2209 1358 10.
2242 1300 2354 1357 Vox
2386 1301 2600 1355 Domini
2637 1302 2690 1355 in
2731 1301 3146 1371 magniﬁcentia.

469 1414 556 1470 11.
764 1412 969 1482 Κυρίου
1004 1409 1372 1482 συντρίόοντος
1395 1410 1487 1463 κέδ
1496 1425 1618 1480 ρους
1635 1427 1651 1442 ο

2121 1396 2207 1449 11.
2245 1393 2356 1450 Vox
2386 1393 2598 1449 Domini
2629 1394 3018 1464 confringentis
3045 1394 3236 1450 cedros
3264 1412 3281 1448 ς

471 1505 558 1558 12.
590 1504 698 1559 Καὶ
714 1501 987 1574 συντρίψει
1002 1501 1203 1571 Κύριος
1218 1501 1314 1566 τάς
1347 1499 1442 1554 κέδ
1451 1517 1576 1572 ρους
1596 1498 1688 1552 τοῦ
1702 1498 1948 1553 Λιϐάνου·

1849 1515 1948 1551 μου·
2124 1487 2210 1542 12.
2243 1485 2307 1541 Ει
2335 1486 2637 1558 confringet
2664 1486 2926 1543 Dominus
2959 1487 3148 1542 cedros
3174 1484 3402 1542 Libani:

472 1597 560 1650 15.
593 1596 700 1650 Καὶ
727 1596 979 1650 λεπτυνεῖ
1015 1593 1182 1657 αὑτὰς
1212 1592 1288 1656 ὡς
1330 1591 1420 1646 τὸν
1450 1591 1650 1663 μόσχον
1679 1589 1771 1643 τοῦ
1799 1587 1951 1662 [τὸν]

2122 1577 2210 1634 13.
2234 1577 2302 1633 Ει
2332 1579 2662 1634 comminuet
2687 1593 2778 1633 eas
2822 1587 3078 1648 tanquam
3105 1578 3335 1633 vitulum
3367 1577 3558 1635 Libani
3583 1597 3596 1637 :

401 1687 633 1742 Λιϐάνου
652 1701 667 1718 °
1978 1669 2019 1724 Β

471 1779 558 1834 14.
591 1779 701 1832 Καὶ
719 1781 748 1832 ὁ
781 1777 1130 1850 ἠγαπημένος
1154 1777 1229 1841 ὡς
1257 1776 1372 1840 υίὸς
1405 1775 1806 1848 μονοκερὼτων.

2122 1774 2208 1828 14.
2239 1772 2307 1829 Ει
2328 1774 2554 1830 dilectus
2577 1775 3031 1844 quemadmodum
3060 1775 3203 1832 ﬁlius
3230 1778 3599 1835 unicornium.

469 1867 557 1922 15.
593 1869 743 1939 Φωνὴ
769 1868 973 1940 Κυρίου
1001 1868 1379 1931 διακόπτοντος
1405 1867 1576 1935 φλόγα
1595 1866 1784 1937 πυρός.

2123 1866 2210 1920 15.
2239 1866 2355 1921 Vox
2385 1865 2600 1922 Domini
2622 1867 2993 1922 interoidentis
3018 1867 3291 1924 ﬂammam
3324 1869 3482 1939 ignis.

471 1959 555 2015 16.
585 1959 739 2031 Φωνὴ
764 1961 966 2030 Κυρίου
994 1959 1326 2022 συσσείοντος
1363 1957 1565 2031 ἔρημον
1585 1974 1599 1989 °

2123 1956 2209 2011 16.
2238 1955 2358 2012 Vox
2387 1955 2602 2012 Domini
2625 1957 2986 2016 concutientis
3013 1959 3285 2014 desertum
3313 1978 3327 2013 ε

1507 2073 1876 2130 ATllANASll
1914 2073 2495 2131 INTEBPRETATIO.

481 2211 545 2263 Ἥ
575 2208 902 2281 προκειμένη
937 2209 1212 2280 ἐπιγραφὴ
1251 2210 1492 2280 περιέχει
1523 2209 1597 2279 (1)
1616 2227 1627 2240 ’
1663 2206 1905 2278 Ψαλμὸς
1932 2207 2011 2273 τῷ
2038 2207 2232 2272 Δαϐὶδ,
2261 2208 2473 2273 ἐξόδου
2502 2209 2739 2278 σκηνῆς
2760 2228 2772 2241 ·
2798 2211 3096 2274 τουτέστιν,
3128 2212 3156 2263 ό
3186 2210 3398 2280 ψαλμὸς
3419 2210 3495 2281 τῷ
3529 2212 3604 2285 (2)

402 2304 560 2360 Δασὶδ
582 2304 811 2377 εἴρηται,
834 2304 960 2376 περὶ
983 2297 1057 2357 ὧν
1095 2303 1294 2373 ὀφείλει
1317 2305 1544 2368 ἕκαστος
1558 2305 1885 2376 προσφέρειν
1905 2302 2043 2374 Θεῷ,
2072 2303 2130 2356 τὺ
2154 2304 2354 2373 ἀγαθὸν
2375 2303 2504 2377 [τῶν
2531 2305 2770 2383 ἀγαθῶν]
2792 2308 2854 2360 ὲκ
2885 2307 2982 2379 τῆς
3010 2306 3230 2382 καρδίας
3248 2306 3432 2372 αὑτοῦ,
3463 2306 3608 2382 έργῳ

403 2400 495 2453 καὶ
515 2397 654 2468 λόγῳ
672 2413 688 2430 °
722 2399 785 2451 ἐκ
820 2398 929 2471 γάρ
960 2398 1059 2468 τῆς
1089 2398 1314 2469 καρδίας
1344 2399 1730 2468 ἐκπορεύονται
1757 2400 1954 2454 πάντα.
1988 2384 2272 2453 Διὰ’τοῦτο
2296 2395 2447 2454 εἶπεν
2474 2417 2487 2430 ·
2537 2400 2780 2472 Ἐξόδου
2799 2400 3053 2475 σκηνῆς,
3089 2401 3228 2475 λέγω
3263 2401 3326 2474 δὴ
3345 2401 3415 2456 τὰ
3445 2405 3599 2460 ὲκπο-

405 2492 671 2565 ρευόμενα
691 2495 756 2546 ὲκ
779 2493 876 2564 τῆς
900 2493 1139 2563 καρδίας.
3011 2474 3014 2475 ν
3155 2474 3160 2478 ⁵
3313 2475 3320 2481 ’

478 2610 693 2666 Titulus
709 2611 1030 2682 praepositus
1043 2612 1281 2667 continet
1306 2633 1319 2671 :
1352 2611 1599 2667 Psalmus
1627 2612 1815 2679 David.
1840 2614 2010 2670 exitus
2032 2629 2059 2669 ο
2075 2612 2406 2668 tabernaculo
2433 2629 2452 2668 :
2475 2628 2669 2684 nempe
2691 2612 2939 2670 Psalmus
2962 2627 2992 2666 a
3008 2611 3209 2671 Davide
3235 2613 3413 2670 dictus
3435 2618 3520 2672 est
3543 2611 3611 2666 de

404 2709 469 2764 iis
506 2723 628 2780 quae
669 2709 899 2780 quisque
935 2711 1093 2767 debet
1136 2712 1330 2767 oﬁ'erre
1379 2712 1508 2780 Deo,
1545 2714 1684 2768 bona
1725 2729 1791 2768 ex
1851 2712 2016 2768 corde
2059 2726 2181 2779 suo,
2217 2726 2378 2782 opere
2408 2718 2463 2766 et
2489 2726 2736 2767 sermone
2763 2728 2778 2776 ;
2804 2726 2870 2767 ex
2894 2709 3057 2770 corde
3083 2707 3233 2769 enim
3260 2708 3446 2771 omnia
3486 2723 3613 2769 pro-

403 2807 618 2864 cedunt.
652 2810 775 2868 Ideo
800 2812 976 2881 inquit
1003 2828 1016 2864 :
1054 2810 1242 2865 Exitus
1263 2827 1292 2864 ε
1322 2809 1678 2873 tabernaculo,
1701 2824 1892 2878 nempe
1919 2808 2170 2868 exeuntia
2199 2823 2266 2864 ex
2299 2809 2486 2864 corde.

473 2925 524 2978 1.
553 2924 626 2995 (5)
652 2925 789 2988 Τοὺς
818 2923 1144 2988 ἀποστόλους
1169 2923 1339 2992 λέγει.
1984 2937 2026 2993 c

1268 2940 1339 2977 ει.
1984 2937 2026 2993 c
2127 2922 2180 2977 1.
2221 2921 2511 2991 Apostolos
2532 2920 2821 2991 signiﬁcat.

470 3013 526 3068 2.
551 3015 686 3079 Τοὺς
720 3014 964 3086 μαθητὰς
982 3014 1090 3067 τῶν
1115 3013 1446 3067 ἀποστόλων.

1380 3030 1446 3067 ›ν.
2133 3014 2188 3069 2.
2217 3013 2519 3084 Discipulos
2544 3014 2933 3084 apostolorum.

471 3105 526 3159 5.
553 3105 654 3158 Τὸν
674 3105 733 3170 ἐξ
774 3105 1038 3159 Ἰουδαίων
1068 3105 1160 3158 καὶ
1199 3105 1257 3170 ἐξ
1294 3105 1463 3159 ἐθνῶν
1493 3105 1641 3160 λαόν.

1608 3122 1641 3160 μ.
2133 3105 2186 3158 5.
2213 3102 2476 3174 Populum
2499 3119 2565 3160 ex
2585 3102 2785 3161 ludatis
2811 3114 2867 3160 et
2893 3105 3161 3176 gentibus.

473 3195 526 3249 4.
558 3196 693 3259 Τοὺς
725 3195 1116 3259 πιστεύσαντας
1146 3195 1223 3266 τῷ
1253 3195 1460 3266 Κυρίῳ,
1502 3197 1596 3251 καὶ
1636 3195 1960 3260 ἐλπίσαντας

2134 3196 2188 3250 4.
2231 3194 2528 3252 Credentes
2572 3195 2802 3252 Domino
2827 3236 2841 3259 ,
2874 3205 2928 3251 et
2973 3197 3028 3250 in
3079 3195 3198 3266 ejus
3230 3195 3447 3250 nomine
3491 3207 3612 3265 spe-

406 3288 482 3360 τῷ
509 3290 729 3360 ὀνόματι
753 3288 939 3344 αὑτοῦ.

714 3308 729 3343 ι
753 3288 939 3344 αὑτοῦ.
2063 3293 2265 3342 rantes.

475 3383 527 3437 5.
563 3382 652 3435 Ἐν
679 3384 744 3452 τῇ
771 3380 882 3435 ἅνω
914 3380 1281 3452 Ἰερουσαλήμ.

2137 3378 2192 3433 5.
2219 3377 2274 3433 In
2305 3392 2536 3448 superna
2567 3377 2887 3438 Jerusalem.

473 3471 527 3525 6.
556 3470 629 3523 Τὸ
651 3472 908 3541 κήρυγμα
929 3471 1007 3533 εἰς
1031 3470 1101 3522 τά
1127 3468 1273 3540 ἔθνη.

2137 3469 2190 3523 6.
2216 3469 2535 3527 Praedicatio
2567 3469 2622 3524 in
2651 3470 2924 3540 gentibus.
3567 3531 3569 3534 ς

474 3562 527 3615 7.
564 3561 638 3614 Τὸ
658 3560 881 3632 Πνεῦμα
899 3561 959 3614 τὸ
983 3561 1135 3630 ἅγιον
1161 3561 1256 3633 τὴν
1283 3560 1476 3615 ἑαυτοῦ
1505 3560 1811 3633 παρουσίαν
1863 3562 1957 3620 tm

2137 3559 2188 3614 7.
2237 3559 2471 3632 Spiritus
2508 3567 2730 3619 sanctus
2777 3560 2862 3618 sui
2905 3560 3075 3634 ipsius
3117 3559 3410 3621 adventum
3458 3571 3622 3628 super

406 3653 529 3716 τοὺς
549 3652 894 3716 ἀποστόλους.

814 3669 894 3716 υς.
2067 3651 2367 3728 apostolos.

475 3745 527 3800 8.
577 3745 803 3815 Ὁμοίως
828 3747 886 3799 ὲν
917 3747 1027 3808 τοῖς
1063 3744 1238 3798 ἔθνεσι
1257 3745 1318 3798 τὸ
1341 3746 1603 3816 κήρυγμα
1626 3744 1815 3801 αὐτοῦ.

1672 3744 1815 3801 ὺτοῦ.
2136 3744 2190 3799 8.
2219 3745 2348 3798 Item
2378 3743 2496 3813 ejus
2520 3740 2834 3815 praedicatio
2864 3740 2920 3798 in
2954 3740 3225 3810 gentibus.

473 3834 526 3890 9.
557 3817 630 3889 Τδ
650 3837 908 3907 κήρυγμα
930 3834 1092 3888 αὐτοῦ
1113 3833 1280 3888 ποιῶν
1305 3833 1380 3905 (4)
1409 3821 1684 3906 δυνάμεις.

1642 3853 1684 3898 ς.
2136 3833 2188 3887 9.
2217 3833 2348 3903 Ejus
2369 3831 2680 3904 praedicatio
2709 3829 2918 3884 faciens
2949 3830 3195 3890 virtutes.

477 3926 564 3981 10.
597 3927 669 3981 Τὸ
681 3927 854 3998 ὄνομα
880 3927 1083 3999 Κυρίου
1107 3925 1539 4001 ὲνδοξαζόμενον.

2137 3924 2226 3979 10.
2250 3922 2453 3978 Nomen
2488 3921 2702 3976 Domini
2730 3919 3108 3990 gloriﬁcatum.

476 4017 562 4073 11.
595 4019 737 4082 Τοὺς
762 4017 1018 4090 δαίμονας
1044 4017 1211 4087 λέγει.

2146 4018 2228 4072 ll.
2269 4015 2551 4070 Daemones
2571 4013 2859 4084 signiﬁcat.

477 4112 565 4166 12.
589 4111 726 4175 Τοὺς
750 4110 1096 4174 διδασκάλους
1131 4109 1239 4165 τῶν
1289 4108 1555 4163 Ἰουδαίων
1576 4109 1745 4178 λέγει.

1667 4125 1745 4164 ει.
2143 4106 2232 4161 12.
2271 4103 2556 4176 Signiﬁcat
2575 4103 2864 4173 magistros
2889 4102 3220 4160 Iudaeorum.

478 4203 564 4258 15.
601 4203 784 4266 Οὕτως
822 4201 1095 4274 συντρίψει
1119 4202 1244 4265 τοὺς
1264 4201 1528 4274 ἄρχοντας
1557 4200 1653 4254 καὶ
1699 4199 1792 4255 τὸν
1832 4200 1958 4256 λαδν

2138 4196 2225 4251 15.
2275 4193 2351 4250 ita
2378 4192 2686 4263 confringet
2727 4194 2998 4265 principes
3046 4205 3101 4251 et
3143 4197 3370 4267 populos
3413 4197 3627 4255 Judaeu-

408 4295 515 4350 τῶν
554 4295 840 4357 Ἰουδαίων,
877 4293 952 4356 ὡς
981 4292 1176 4364 μόσχον
1197 4293 1256 4347 ὃν
1281 4293 1538 4363 ἐποίησαν
1564 4295 1622 4346 ὲν
1643 4294 1708 4363 τῇ
1749 4293 1961 4364 ἐρήμῳ,

2075 4302 2211 4350 rum,
2240 4295 2300 4340 ut
2327 4285 2579 4350 vitulum,
2627 4300 2790 4356 quem
2829 4287 2883 4340 in
2910 4302 3098 4342 ereo
3129 4287 3386 4354 fecerant,
3419 4290 3628 4362 Moyses

409 4386 466 4440 δν
494 4385 747 4440 ὲλέπτυνε
766 4385 1031 4462 Μωῦσῆς.
1365 4405 1368 4407 ‘

859 4385 1031 4462 ιῦσῆς.
1365 4405 1368 4407 λ
2069 4376 2412 4433 comminuit.

477 4474 565 4528 14.
596 4474 704 4528 Καὶ
729 4475 758 4526 ὁ
800 4472 925 4534 λαὸς
956 4474 984 4525 ό
1010 4471 1198 4534 πιστὸς
1243 4470 1356 4544 ἔχει
1399 4470 1540 4530 κατὰ
1581 4471 1676 4523 τοῦ
1705 4467 1960 4541 μετώπου

2141 4467 2229 4523 14.
2260 4466 2326 4520 Ει
2351 4468 2584 4537 populus
2615 4468 2786 4526 ﬁdelis
2823 4471 2984 4527 habet
3025 4473 3091 4528 in.
3111 4472 3289 4528 fronte
3331 4489 3428 4534 sua
3457 4489 3629 4529 cornu

412 4565 573 4626 αὐτοῦ
595 4565 759 4644 κέρας
786 4563 1009 4634 ὑψηλὸν,
1033 4563 1108 4626 ὡς
1129 4563 1242 4626 υἱὸς
1267 4561 1672 4633 μονοκερώτων.

1466 4561 1672 4633 ρώτων.
2069 4555 2358 4624 elevatum,
2387 4567 2447 4611 ut
2475 4558 2622 4614 ﬁlius
2656 4560 3019 4618 unicornium.

482 4655 570 4714 15.
600 4655 727 4709 Ὅτε
758 4649 878 4708 εἷπε
916 4651 992 4723 τῷ
1037 4652 1206 4725 λῃστῇ
1225 4667 1241 4684 ⁸
1268 4651 1404 4714 Μετ’
1433 4647 1578 4720 ἐμοῦ
1616 4651 1730 4719 ἔσῃ
1769 4651 1838 4703 ἐν
1883 4648 1964 4714 τῷ

2141 4648 2228 4702 15.
2271 4646 2500 4714 Quando
2539 4651 2676 4712 dixit
2708 4653 2940 4712 latroni:
2984 4653 3156 4708 Hodie
3204 4671 3408 4709 mecum
3440 4656 3546 4710 eris
3581 4657 3633 4708 t'u

411 4747 768 4816 παραδείσῳ.

2070 4738 2322 4808 paradiso
2345 4741 2414 4797 ⁵³.

480 4837 565 4892 16.
603 4839 876 4910 Ἀκίνητον
899 4837 1026 4894 ὄντα
1051 4837 1143 4890 τὸν
1167 4835 1365 4907 κόσμον
1393 4838 1489 4908 τῆς
1520 4835 1961 4906 εὶδωλολατρειας

2145 4830 2230 4884 16.
2262 4829 2544 4896 Mundam,
2579 4833 2676 4902 qui
2703 4833 2770 4888 ab
2800 4833 3107 4890 idololatria
3132 4838 3377 4893 amoveri
3403 4851 3509 4892 non
3537 4851 3636 4908 ρο-

418 4931 717 5004 μετήγαγεν
738 4933 818 4993 εἰς
858 4930 1036 4984 πίστιν
1057 4931 1085 4982 ὁ
1112 4927 1268 4996 λόγος
1288 4927 1467 4982 αὐτῶν
1500 4926 1603 4998 (5).

2071 4927 2234 4984 terat,
2270 4935 2452 4979 sermo
2475 4923 2849 4999 apostolorum
2879 4925 3120 4989 traduxit
3148 4927 3203 4989 in
3226 4927 3406 4988 ﬁdem.

377 5105 406 5193 1'
476 5107 524 5140 ⁸⁸
545 5107 676 5169 Luc.
709 5123 866 5174 xxiii,
905 5106 994 5168 45,

1349 5261 1652 5329 Addenda
1691 5267 1753 5325 et
1793 5258 2164 5339 corrigenda
2196 5276 2274 5322 ex
2306 5259 2445 5321 cod.
2492 5259 2694 5322 Vatic.

599 5432 773 5508 ﬁfth
789 5433 888 5504 τῆς
924 5431 1288 5501 κινναϐάρεως
1320 5447 1445 5508 περ.
2245 5421 2479 5508 ῌοιοῦνά

483 5432 558 5574 $1;
599 5432 773 5514 'H~§t&
789 5433 888 5504 τῆς
924 5432 1288 5501 κινναϐάρεως
1320 5447 1445 5508 περ.
2141 5432 2216 5524 (ξ)
2247 5432 2438 5503 Ποιοιζν

503 5501 538 5576 2
585 5503 711 5576 Ion.
775 5575 817 5576 Π
852 5573 871 5576 4
981 5571 993 5576 _
1665 5569 1673 5576 _
2141 5495 2446 5568 (0)4101vi

483 5571 557 5644 (ὅ)
582 5571 647 5630 Ν.
681 5576 728 5629 1.
760 5575 821 5631 Οί
843 5571 1085 5645 ἄγγελοι.
