3934 6218
354 220 455 278 751
1212 218 1268 275 S.
1311 217 1679 274 ATIIANASII
1712 216 1857 271 OPP.
1903 215 2081 270 PARS
2121 215 2208 272 Ill.
2246 244 2314 258 —
2343 215 2749 274 EXEGETICA.
3455 219 3555 278 752

425 332 512 389 17.
550 331 614 386 Ει
638 331 996 387 commovebit
1024 331 1284 388 Dominus
1315 334 1586 388 desertum
1625 330 1816 386 Cades.
1931 335 1978 390 Α

1931 335 1978 390 Α
2076 329 2162 382 17.
2195 331 2302 384 Και
2341 329 2606 383 συσσείσει
2634 327 2835 401 Κύριος
2864 327 2960 399 τὴν
2993 327 3195 399 ἔρημον
3213 328 3416 402 Κάδης.

425 425 518 480 d8.
551 423 664 478 Vox
701 425 910 479 Domini
936 425 1287 496 praeparantis
1318 439 1546 480 cervos:

2079 420 2165 474 18.
2191 420 2343 491 Φωνὴ
2373 421 2574 492 Κυρίου
2609 418 3038 492 καταρτιζομένη
3073 420 3299 490 ἐλάφους
3319 438 3334 454 ·

425 516 513 572 19.
545 515 609 569 Et
635 517 894 572 revelabit
913 517 1206 572 condensa.

2080 513 2164 566 19.
2199 513 2306 565 Καὶ
2340 512 2675 582 ἀποκαλύψει
2705 512 2957 584 δρυμούς.

426 607 516 660 9.0.
549 605 612 660 Et
643 606 696 660 in
724 607 923 678 templo
946 604 1063 678 ejus
1097 621 1287 662 omnes
1317 607 1500 662 dicent
1524 607 1772 680 gloriam.

2079 604 2170 661 20.
2193 607 2302 658 Καὶ
2330 607 2386 658 ἐν
2406 604 2482 676 τῷ
2508 605 2618 676 ναῷ
2650 604 2812 658 αὐτοῦ
2838 606 2944 670 πᾶς
2975 622 3056 669 τις
3074 603 3218 673 λέγει
3241 604 3414 670 δόξαν.

426 699 515 751 2i.
550 697 814 754 Dominus
846 699 1108 753 diluvium
1143 698 1447 756 inhabitare
1467 699 1666 755 faciet:

1657 718 1666 754 :
2080 695 2142 749 21
2156 742 2167 752 .
2188 696 2386 767 Κύριος
2406 695 2494 750 τὸν
2520 694 2898 767 κατακλυσμὸν
2921 697 3210 749 κατοικιεῖ·

425 788 517 842 22.
548 788 612 842 Et
643 789 848 844 sedebit
881 787 1143 846 Dominus
1174 805 1266 844 rex
1297 789 1351 844 in
1381 799 1663 846 aeternum.

2083 787 2171 842 22.
2202 789 2310 842 Καὶ
2342 787 2605 842 καθιεῖται
2629 787 2829 860 Κύριος
2851 786 3099 857 βασιλεὺς
3128 789 3206 852 εἰς
3249 787 3340 842 τὸν
3370 787 3535 842 αἰῶνι.

426 878 518 933 25.
560 877 818 932 Dominus
844 879 1093 934 virtutem
1117 879 1314 948 populo
1347 892 1446 932 suo
1469 878 1643 942 dabit,

2077 881 2170 936 2'5.
2202 879 2400 951 Κύριος
2424 881 2574 952 ἰσχὺν
2606 879 2682 950 τῷ
2713 879 2827 950 λαῷ
2863 879 3026 932 αὐτοῦ
3053 879 3247 943 δώσει,

428 971 518 1025 24.
552 971 810 1026 Dominus
843 971 1120 1028 benedicet
1150 970 1347 1040 populo
1378 984 1479 1025 suo
1509 970 1562 1024 in
1595 986 1746 1040 pace.

2078 970 2168 1025 24.
2197 971 2398 1044 Κύριος
2428 971 2705 1042 εὐλογήσει
2736 971 2826 1024 τὸν
2858 971 2982 1024 λαὸν
3002 971 3164 1024 αὐτοῦ
3192 973 3248 1023 ἐν
3281 971 3487 1045 εἰρήνῃ.

425 1083 492 1137 In
515 1083 690 1152 ﬁnem.
730 1082 976 1136 Psalmus
1001 1083 1194 1136 cantici
1221 1083 1278 1135 in
1298 1081 1628 1136 dedicatione
1655 1083 1838 1137 domus

2072 1086 2177 1152 Είς
2207 1084 2271 1138 τὸ
2303 1084 2496 1150 τέλος,
2534 1082 2774 1152 ψαλμὸς
2797 1081 2957 1151 ᾠδῆς
2977 1083 3081 1137 τοῦ
3109 1080 3490 1152 ἐγκαινισμοῦ

804 1175 990 1230 David.
1025 1172 1225 1230 PSAL.
1253 1172 1473 1228 XXIX.
2337 1190 2357 1226 τ

2337 1174 2444 1228 τοῦ
2464 1173 2631 1227 οἴκου
2654 1172 2848 1226 Δαϐἰδ.
2891 1175 3064 1230 ΨΑΛ.
3087 1175 3213 1228 ΚΗ.

432 1293 483 1345 1.
513 1290 771 1346 Exaltabo
806 1298 878 1356 te,
902 1288 1147 1354 Domine,
1176 1288 1432 1357 quoniam
1467 1287 1751 1357 suscepisti
1782 1301 1868 1342 me
1893 1304 1908 1342 :

1730 1287 1751 1341 .i
1782 1301 1868 1342 me
1893 1304 1908 1342 :
2084 1287 2134 1341 1.
2177 1285 2402 1356 Ὑψώσω
2443 1304 2522 1350 σε,
2551 1285 2744 1359 Κύριε,
2777 1286 2858 1339 ὅτι
2886 1285 3149 1348 ὑπέλαϐές
3178 1302 3244 1356 με
3271 1301 3283 1315 ·

426 1383 482 1438 9..
511 1381 619 1437 Nec
651 1380 927 1436 delectasti
961 1379 1210 1433 inimicos
1237 1393 1385 1433 meos
1418 1393 1580 1447 super
1607 1392 1713 1432 me.

2079 1380 2130 1432 2.
2163 1380 2273 1432 Καὶ
2301 1378 2399 1432 οὐκ
2426 1377 2698 1450 εὔφρανας
2723 1380 2846 1442 τοὺς
2865 1377 3091 1449 ἐχθρούς
3120 1395 3220 1448 μου
3247 1378 3332 1431 ἐπ’
3367 1377 3484 1448 ἐμέ.

429 1473 484 1528 5.
515 1472 738 1528 Domine
787 1471 930 1528 Deus
973 1485 1149 1538 meus,
1178 1469 1407 1526 clamavi
1446 1469 1512 1524 ad
1543 1477 1614 1536 te,
1660 1476 1714 1524 et
1755 1483 1912 1524 sana-

2081 1469 2135 1524 5.
2163 1468 2333 1540 Κύριε
2353 1472 2381 1522 ὁ
2408 1459 2683 1539 Θεόςμου,
2720 1467 2990 1540 ἐκέκραξα
3012 1469 3148 1539 πρὸς
3177 1469 3258 1535 σέ,
3298 1467 3391 1521 καὶ
3425 1469 3553 1523 ἰάσω

362 1565 429 1619 sti
456 1580 562 1619 me.
2015 1579 2101 1634 με.

430 1658 483 1713 4.
515 1657 764 1722 Domine,
792 1655 1025 1712 eduxisti
1057 1655 1124 1710 ab
1153 1652 1365 1709 inferno
1393 1653 1629 1708 animam
1659 1667 1831 1706 meam
1861 1670 1874 1705 :
1941 1679 1983 1735 Β

1829 1690 1831 1704 ι
1861 1670 1874 1705 :
1941 1679 1985 1735 Β
2079 1653 2134 1707 4.
2161 1651 2353 1722 Κύριε,
2382 1652 2652 1724 ἀνήγαγες
2667 1649 2736 1716 ,ἐξ
2761 1651 2884 1723 ᾅδου
2921 1650 3017 1722 τὴν
3036 1650 3212 1722 ψυχήν
3247 1668 3350 1720 μου
3370 1665 3382 1680 ”

430 1750 484 1804 5.
524 1748 750 1804 Salvasti
779 1763 864 1804 me
893 1764 922 1803 a
959 1747 1414 1804 descendentibus
1437 1746 1490 1800 in
1521 1746 1720 1801 lacum.

2081 1743 2132 1797 5.
2167 1744 2412 1807 Ἔσωσάς
2439 1761 2505 1814 με
2520 1744 2626 1796 ἀπὸ
2652 1743 2760 1796 τῶν
2784 1742 3212 1797 καταϐαινόντων
3228 1742 3308 1805 εἰς
3339 1741 3553 1797 λάκκον.

434 1841 484 1893 6.
519 1839 734 1894 Psallite
760 1837 1009 1900 Domino,
1040 1837 1211 1892 sancti
1246 1837 1408 1906 ejus;

2079 1835 2132 1889 6.
2171 1835 2390 1888 Ψάλατε
2417 1834 2494 1904 τῷ
2525 1834 2734 1905 Κυρίῳ,
2773 1836 2821 1888 οἱ
2849 1835 2982 1888 ὅσιοι
3015 1832 3178 1888 αὑτοῦ
3199 1850 3211 1862 ·

433 1927 482 1981 7.
515 1927 577 1982 Ει
615 1926 945 1983 conﬁtemini
987 1925 1261 1982 memoriae
1299 1921 1664 1996 [memoriam]
1716 1923 1910 1977 sancti.

2077 1927 2130 1979 7.
2161 1927 2269 1980 Καὶ
2294 1926 2694 1997 ἐξομολογεῖσθε
2716 1929 2778 1998 τῇ
2809 1927 2995 1998 μνήμῃ
3025 1925 3154 1998 [τὴν
3183 1923 3434 1997 μνήμην]
3463 1922 3559 1995 τῆς

360 2017 486 2072 talis
518 2020 641 2088 ejus
670 2037 684 2074 :

2007 2018 2311 2088 ἁγιωσύνης
2345 2018 2530 2073 αὑτοῦ.

1467 2173 1834 2231 ATHANASII
1870 2171 2451 2230 INTERPRETATIO.

431 2341 518 2395 17.
571 2339 745 2395 Cades
801 2337 1185 2407 interpretatur
1242 2336 1586 2390 illuminata:
1653 2332 1914 2388 mundum

2103 2332 2189 2388 17.
2218 2331 2403 2404 Κάδης
2427 2332 2781 2406 ἑρμηνεύεται
2803 2331 3202 2401 διηλλαγμένη
3221 2332 3297 2404 (1)
3318 2349 3331 2362 ’
3356 2332 3446 2388 τὸν
3473 2332 3559 2387 κό-

358 2431 523 2502 igitur
551 2430 850 2502 signiﬁcat,
874 2443 1034 2500 quem
1071 2427 1347 2483 transtulit
1396 2427 1452 2482 in
1497 2426 1581 2482 sui
1608 2425 1780 2496 ipsius
1824 2440 1911 2481 co-

2014 2441 2147 2496 σμον
2174 2419 2266 2478 οὖν
2295 2425 2438 2493 λέγει
2458 2464 2472 2488 ,
2502 2424 2560 2477 ὃν
2595 2423 2883 2496 μετέϐαλεν
2912 2425 2988 2486 εἰς
3017 2424 3308 2491 ἐπίγνωσιν
3346 2425 3556 2481 ἐαυτοῦ.

360 2523 678 2593 gnitionem.

433 2611 520 2666 18.
552 2611 863 2681 Apostolos.

2081 2599 2169 2654 18.
2193 2601 2330 2664 Τοὺς
2347 2600 2691 2665 ἀποστόλους.

432 2704 518 2758 19.
554 2703 753 2759 Gentes
780 2705 1069 2774 signiﬁcat.

2080 2689 2167 2743 19.
2198 2689 2281 2742 Τὰ
2320 2689 2445 2760 ἔθνη
2479 2690 2643 2756 λέγει.

425 2794 516 2848 20.
556 2793 620 2848 Et
647 2809 836 2850 onmes
865 2795 917 2849 in
949 2797 1066 2867 ejus
1099 2797 1298 2868 tewplo
1320 2796 1700 2870 gloriﬁcabunt
1722 2810 1868 2852 eum.

2075 2779 2165 2834 20.
2189 2781 2296 2837 Καὶ
2323 2781 2519 2845 πάντες
2540 2783 2596 2835 ἐν
2621 2781 2697 2852 τῷ
2724 2781 2835 2854 ναῷ
2860 2781 3019 2836 αὑτοῦ
3038 2781 3348 2851 δοξάσουσιν
3383 2785 3557 2844 αὐτόν.

426 2887 516 2940 21.
547 2884 885 2956 Baptismum
915 2889 1204 2959 signiﬁcat.

2078 2872 2168 2926 21.
2204 2873 2276 2924 Τὸ
2301 2872 2580 2944 βάπτισμα
2616 2874 2785 2942 λέγει.

426 2979 515 3032 22.
549 2978 604 3032 In
628 2980 767 3034 caelo
789 2989 842 3035 et
870 2981 922 3035 in
949 2990 1115 3038 terra.

2078 2964 2169 3017 22.
2217 2964 2304 3017 Ἑν
2327 2964 2403 3034 τῷ
2430 2964 2642 3036 οὐρανῷ
2671 2966 2764 3018 καὶ
2787 2966 2845 3018 ἐν
2871 2969 2936 3038 τῇ
2963 2970 3055 3038 γῇ.

424 3069 515 3122 25.
545 3069 806 3138 Spiritum
833 3082 1080 3128 sanctum
1109 3074 1396 3144 signiﬁcat.

2081 3054 2170 3110 25.
2206 3054 2279 3106 Τὸ
2307 3055 2528 3126 Πνεῦμα
2560 3056 2620 3108 τὺ
2647 3057 2799 3126 ἆγιον
2820 3057 2985 3125 λέγει.

425 3158 514 3211 24.
554 3157 712 3214 Pater
746 3161 800 3214 in
829 3146 965 3218 Filio
995 3178 1095 3218 suo
1123 3163 1370 3218 ﬁdelibus
1403 3161 1702 3218 benedicet.

2083 3145 2173 3198 24.
2216 3147 2274 3198 'U
2296 3145 2481 3216 Πατὴρ
2509 3150 2565 3200 ἐν
2595 3147 2671 3218 τῷ
2698 3147 2810 3218 Υίῷ
2834 3147 2997 3202 αὐτοῦ
3013 3148 3292 3221 εὐλογήσει
3322 3151 3448 3212 τοὺς
3481 3166 3566 3204 πι-

2019 3235 2197 3300 στούς.

438 3372 502 3424 Ἦ
552 3375 884 3445 προκειμένη
939 3377 1215 3448 ἐπιγραφὴ
1276 3377 1549 3449 περιέχειο
1600 3379 1704 3442 Εἰς
1727 3375 1792 3430 τὸ
1827 3375 2018 3441 τέλος,
2074 3373 2316 3444 ψαλμὸς
2357 3373 2515 3444 ᾠδῆς
2559 3375 2664 3430 τοῦ
2713 3376 3098 3447 ἐγκαινισμοῦ
3124 3376 3230 3431 τοῦ
3259 3379 3428 3434 οἴκου
3460 3376 3563 3435 τοῦ

355 3465 549 3521 Δαϐίδ.
588 3465 755 3520 Τοῦτο
778 3464 869 3522 οὖν
892 3470 1036 3540 λέγει
1063 3489 1075 3504 ·
1119 3473 1176 3526 ’0
1205 3472 1414 3544 ψαλμὸς
1447 3475 1544 3544 τῆς
1578 3473 1720 3544 ᾠδῆς
1756 3472 1957 3544 ταύτης
1983 3473 2213 3543 εἴρηται,
2249 3472 2434 3540 ἐπειδὴ
2459 3474 2538 3536 είς
2568 3473 2628 3525 τὸ
2653 3473 2801 3538 τέλος
2828 3476 2922 3527 τοῦ
2964 3474 3154 3538 αἰῶνος
3197 3478 3560 3548 καινοποιήσει

354 3563 480 3625 τοὺς
507 3562 727 3625 πιστοὺς
760 3563 966 3628 πάντας
985 3568 1013 3619 ὁ
1035 3566 1255 3638 Κύριος,
1292 3569 1526 3631 ἀναστὰς
1555 3570 1619 3621 ἐκ
1644 3566 1851 3639 νεκρῶν
1871 3584 1886 3597 ο
1915 3563 2060 3630 οἶκος
2089 3567 2196 3638 γὰρ
2223 3565 2384 3620 αὐτοῦ
2417 3569 2575 3637 ἡμεῖς
2591 3569 2774 3638 ἐσμεν,
2812 3568 2989 3633 καθὼς
3027 3568 3173 3624 εἶπεν
3194 3586 3208 3599 ⁸
3243 3571 3557 3638 Ἐνοικήσω

354 3654 424 3705 ἐν
445 3649 604 3715 αὐτῷ
636 3652 733 3704 καὶ
764 3653 1240 3726 ἐμπεριπατήσω,
1264 3660 1356 3712 καὶ
1383 3661 1462 3713 ὅτι
1489 3660 1586 3731 τὴν
1617 3658 1887 3730 βασιλείαν
1910 3657 2071 3712 αὑτοῦ
2105 3659 2312 3726 εἰσάγει
2339 3657 2534 3723 αὐτούς
2573 3659 2671 3730 (2).

357 3813 360 3816 ι
427 3767 638 3823 Titulus
665 3766 982 3839 praepositus
1011 3776 1279 3831 continet:
1301 3775 1366 3829 In
1395 3777 1549 3845 ﬁnem
1569 3776 1803 3844 psalmus
1825 3776 2017 3828 cantici
2047 3776 2103 3828 in
2122 3774 2593 3840 dedicatione/seu
2616 3777 2984 3844 renovatione,
3012 3779 3196 3833 domus
3229 3779 3420 3834 David.
3444 3779 3556 3836 Hoc

355 3862 519 3933 igitur
557 3869 862 3939 signiﬁcat:
897 3867 1144 3923 Psalmus
1183 3869 1380 3924 cantici
1419 3870 1580 3940 hujus
1624 3871 1800 3925 dictus
1842 3877 1942 3934 est,
1978 3868 2105 3937 quia
2137 3867 2190 3921 in
2223 3869 2403 3923 smeuli
2433 3868 2538 3924 ﬁne
2567 3868 2830 3925 Dominus
2877 3873 3155 3926 renovabit
3191 3889 3380 3929 omnes
3425 3872 3552 3929 σαθ-

353 3958 452 4021 les,
496 3961 836 4016 exsuscitans
880 3975 974 4016 eos
1001 3976 1031 4014 a
1066 3963 1313 4018 mortuis.
1347 3962 1547 4019 Domus
1581 3965 1725 4040 enim
1755 3963 1873 4032 ejus
1917 3978 2016 4016 nos
2056 3978 2267 4028 sumus,
2319 3965 2776 4034 quemadmodum
2804 3965 2981 4022 dixit:
3029 3966 3342 4024 Inhabitabo
3378 3971 3434 4024 in
3475 3986 3550 4037 eo,

351 4065 398 4106 et
423 4056 754 4110 inambulabo
777 4058 846 4122 ",
874 4067 928 4112 et
964 4057 1221 4127 quoniam
1255 4059 1308 4112 in
1335 4074 1560 4129 regnum
1589 4076 1746 4116 suum
1779 4058 2092 4114 introducet
2119 4073 2235 4114 eos.

423 4172 472 4222 1.
507 4169 828 4226 Gloriﬁcabo
847 4181 919 4234 te,
942 4169 1188 4236 Domine,
1219 4174 1478 4243 quoniam
1502 4175 1868 4230 restaurabor.
1927 4177 1970 4232 D

1927 4177 1970 4232 D
2067 4173 2119 4228 1.
2153 4172 2367 4237 Δοξάσω
2401 4193 2480 4238 σε,
2512 4175 2704 4248 Κύριε,
2743 4177 2823 4229 ὅτι
2859 4178 3257 4238 άνακαλέσομαι
3291 4179 3388 4251 (⁵5).
3455 4149 3466 4158 '

418 4265 472 4316 2.
509 4263 824 4320 Contrarias
851 4273 1168 4333 potestates.

2071 4263 2125 4316 2.
2159 4263 2267 4327 Τὰς
2289 4265 2533 4330 ἐναντίας
2560 4267 2833 4337 δυνάμεις.

421 4353 473 4404 3.
509 4351 584 4406 Ex
614 4351 777 4407 corde
807 4367 926 4408 meo
951 4354 1200 4408 clamavi.

2073 4356 2126 4409 '5.
2176 4356 2267 4409 Ἐκ
2292 4357 2392 4426 τῆς
2422 4359 2647 4430 καρδίας
2669 4377 2769 4430 μου
2797 4359 3085 4431 ἐκέκραξα.

417 4443 472 4494 4.
497 4439 540 4494 E
580 4451 822 4510 peccato.

2077 4449 2111 4502 4
2169 4451 2261 4504 Ἐκ
2281 4452 2379 4521 τῆς
2407 4454 2679 4524 ἁμαρτίας
2707 4455 2800 4524 (4).

423 4532 473 4583 εί.
504 4532 548 4582 Α
581 4532 937 4587 daemonibus.

2075 4539 2127 4593 5.
2162 4541 2280 4593 Τῶν
2308 4543 2591 4614 δαιμόνων.

418 4621 470 4672 6.
503 4618 686 4674 Mundi
711 4621 891 4677 corde.

2073 4630 2124 4684 6.
2162 4632 2223 4684 Οἱ
2260 4633 2334 4704 (5)
2367 4634 2594 4704 καθαροὶ
2626 4637 2690 4707 τῇ
2723 4636 2937 4708 καρδία.

420 4711 470 4764 7.
493 4711 630 4766 Cum
661 4727 754 4769 vos
773 4713 999 4768 ’Domini
1025 4714 1395 4781 memineritis,
1421 4714 1719 4786 gloriﬁcate
1741 4732 1886 4773 eum.

2075 4721 2128 4775 7.
2173 4723 2257 4775 ’Ev
2281 4723 2356 4794 τῷ
2397 4726 2750 4797 μνημονεύειν
2770 4727 2912 4800 ὑμᾶς
2937 4727 3027 4781 τοῦ
3051 4729 3274 4801 Κυρίου,
3303 4728 3555 4794 δοξάσατε

2004 4811 2186 4868 αὐτόν.

410 4964 460 4994 τί
490 4958 532 5014 ll
565 4959 689 5017 Cor.
733 4978 806 5029 vi,
841 4963 928 5017 16.

1284 5119 1581 5182 Addenda
1628 5128 1686 5182 et
1716 5121 2085 5198 corrigenda
2117 5140 2195 5184 ex
2242 5124 2382 5186 cod.
2415 5125 2612 5188 Vatic.

522 5283 1095 5364 :Eyd‘mﬂayuévqg.“
1509 5357 1534 5364 _
1586 5358 1595 5364 .
1656 5357 1727 5364 ω
1996 5293 2147 5364 λείαν
2171 5293 2332 5364 αὐτοῦ
2350 5295 2627 5364 εἰσαγάγει
2650 5295 2863 5360 αὐτούς.

415 5357 492 5418 (2.)
530 5352 593 5404 Ἦ
610 5351 851 5431 Δδιὲιτηῖγζ
879 5351 1245 5431 κινναὸάρεως
1271 5370 1418 5431 μπερ.
1466 5357 1544 5431 τῷ
1571 5357 1752 5431 Δαϐίδ,
1785 5367 1889 5412 etc.

1296 5370 1418 5416 περ.
1466 5357 1544 5431 τῷ
1571 5357 1752 5431 Δαὸξδ,
1785 5367 1889 5412 etc.
2070 5363 2145 5431 (5)
2176 5363 2293 5416 Ὅτι
2316 5365 2414 5418 ἀν.
2445 5351 2639 5420 desunt
2658 5383 2706 5420 ll]
2729 5351 2847 5421 cod'.

415 5366 492 5418 (ι)
533 5366 593 5404 ‘n
631 5366 718 5406 οια
746 5371 843 5423 της
879 5366 1245 5426 κινναοαρεως
1296 5370 1418 5416 περ.
1466 5366 1544 5426 τῳ
1571 5366 1752 5421 Δαὸιδ,
1785 5367 1889 5412 etc.
2070 5366 2124 5431 (5
2176 5366 2293 5416 Ὅτι
2316 5366 2414 5418 ἀν.
2445 5371 2639 5420 desunt

344 5420 771 5516 ξὲξῡτέξὲὶξίί
792 5424 1892 5516 scits:.:=*C-:.%§°E‘?9£°aesrivis:
2066 5366 2145 5516 (ei
2173 5433 2490 5516 ,ζᾼιερτίαε
2525 5452 2646 5516 eou-

343 5489 469 5583 153'3;
500 5493 718 5583 πιστοὲἒς
746 5493 774 5544 ὁ
797 5493 1021 5580 ’Κύριοῇ
1049 5502 1154 5580 etc.
1176 5535 1191 5557 ,
1223 5489 1368 5583 οἶκος
1395 5494 1501 5578 γὰρ
1541 5489 1768 5583 τούτουἏ
1782 5489 1886 5551 σξιο.

1417 5494 1501 5583 ξαρ
1521 5489 1768 5583 ⁸τούτουἈ
1782 5489 1886 5551 etc.
2065 5489 2143 5557 1‘53
2173 5489 2389 5559 Ψάλῖιτε
2422 5489 2501 5577 τῷ
2525 5489 2740 5583 Κυρίω,
2773 5506 2840 5572 oi,
2869 5517 2970 5583 etc.

371 5559 648 5628 Ενοικήσω
675 5561 731 5615 ἐν
754 5559 950 5631 αὐτοῖς,
981 5563 1090 5631 καί,
1115 5573 1241 5632 etc.,
1276 5565 1367 5618 καὶ
1403 5559 1483 5618 ὅτι
1513 5565 1593 5629 είς
1621 5567 1718 5638 τὴν
1741 5566 1888 5636 βασι·
2471 5559 2484 5577 ’
2614 5559 2634 5583 ⁹
2726 5559 2740 5572 ’
2825 5559 2840 5572 ’
