3934 6218
373 419 479 476 755
1246 411 1336 468 DE
1372 412 1646 471 TlTULlS
1684 412 2133 468 PSALMCRUM.
2176 443 2243 454 -—-
2286 409 2480 467 PSAL.
2519 407 2711 464 XXIX.
3481 409 3600 465 75L

441 529 495 587 8.
522 529 644 582 Ὅτι
674 527 811 600 ὀργὴ
835 529 890 581 ἐν
912 525 988 596 τῷ
1017 523 1172 597 θυμῷ
1207 525 1370 578 αὑτοῦ
1392 565 1406 589 ,
1956 531 1994 584 Α

1956 531 2001 584 Α
2098 526 2152 580 8.
2190 524 2460 592 Quoniam
2493 523 2573 576 ira
2605 522 2658 576 in
2691 520 3070 592 indignatione
3086 520 3201 590 eius
3229 538 3241 587 ;

441 619 494 674 9.
523 619 634 672 Καὶ
666 617 778 689 ζωὴ
813 619 871 670 ἐν
901 616 978 688 τῷ
1005 615 1269 687 θελήματι
1291 615 1475 672 αὑτοῦ.

1393 615 1475 672 οὔ.
2097 617 2148 672 9.
2181 616 2246 672 Ει
2269 617 2378 670 vita
2405 616 2460 669 in
2491 614 2768 669 voluntate
2792 612 2946 682 ejus:

445 706 532 762 10.
565 707 639 760 Τὸ
661 707 898 779 ἑσπέρας
927 707 1306 780 αὑλισθήσεται
1337 707 1634 778 κλαυθμὸς,

2102 711 2190 765 10.
2223 709 2302 763 Ad
2336 721 2623 778 vesperum
2651 705 3024 760 demorabitur
3048 705 3202 760 ﬁctus
3226 721 3247 758 :;

442 799 530 852 11.
565 799 676 852 Καὶ
707 801 786 862 εἰς
814 799 872 851 τὸ
897 796 1041 870 πρωϊ
1061 797 1397 866 ἀγαλλίασις.

2096 803 2185 859 11.
2218 801 2282 856 Et
2312 801 2376 856 ad
2407 797 2732 854 matutinum
2761 796 2964 851 lmtitia.
3451 869 3457 878 ι

444 890 531 946 12.
570 889 711 960 Ἐγὼ
741 891 797 944 δὲ
818 885 948 944 εῐπα
991 892 1050 944 ἐν
1079 893 1144 962 τῇ
1177 889 1401 962 εὐθηνίᾳ
1447 907 1577 961 μουο
1623 891 1698 944 Οὐ
1729 889 1804 962 μὴ
1832 907 1927 943 σα-

2099 893 2186 947 12.
2233 891 2346 962 Ego
2403 899 2583 944 autem
2623 888 2736 942 dixi
2786 887 2840 942 in
2887 885 3217 942 abundantia
3247 900 3387 965 mea
3421 905 3433 941 :
3463 885 3580 942 Non

371 979 546 1035 λευθῶ
573 983 652 1045 εἰς
670 981 759 1034 τὸν
781 981 973 1038 αἰῶνα.

2027 988 2286 1041 movebor
2317 984 2369 1038 in
2397 991 2678 1038 aeternum.
3366 1055 3371 1060 _

443 1069 529 1124 15.
569 1069 760 1142 Κύριε,
786 1075 843 1126 ἐν
870 1071 948 1143 τῷ
979 1071 1241 1144 θελήματί
1273 1089 1366 1126 σου
1396 1071 1666 1142 παρέσχου
1707 1070 1782 1142 τῷ
1802 1070 1929 1126 κὰλ-

2097 1078 2186 1132 15.
2222 1075 2468 1142 Dominc,
2521 1075 2575 1128 in
2625 1072 2904 1128 voluntate
2951 1079 3040 1126 tua
3073 1057 3372 1140 pi'arstitisti'
3401 1070 3579 1126 decori

373 1159 456 1213 λει
486 1177 585 1230 μου
618 1161 846 1233 δύναμιν
865 1177 880 1192 ·
1917 1191 1922 1195 -

1917 1191 1922 1195 ·
2029 1185 2148 1226 meo
2177 1169 2427 1224 virtutem
2457 1185 2469 1222 :

383 1301 388 1306 .
444 1251 530 1305 14.
575 1251 946 1325 ’Δπὲστρεψας
982 1253 1040 1306 δέ
1071 1251 1130 1306 τὸ
1157 1251 1444 1323 πρόσωπόν
1479 1269 1592 1318 σου,
1625 1253 1718 1307 καὶ
1747 1253 1930 1323 ἐγενή-

2098 1264 2185 1317 14.
2239 1261 2498 1317 Avertisti
2545 1259 2739 1316 faciem
2773 1268 2920 1313 tuam
2960 1271 2990 1310 a
3025 1269 3131 1321 me,
3160 1263 3215 1310 et
3255 1252 3431 1310 factus
3459 1269 3579 1309 sum

373 1341 472 1413 θην
502 1345 924 1415 τεταραγμένος.

848 1361 924 1407 ος.
2026 1353 2401 1411 conturbatus.

449 1437 531 1491 15.
564 1437 706 1509 Πρὸς
737 1438 816 1503 σὲ,
854 1437 1047 1509 Κύριε,
1072 1437 1443 1510 κεκράξομαι·

1430 1454 1443 1469 ⁸
2096 1447 2182 1502 15.
2213 1445 2294 1499 Ad
2319 1454 2391 1510 te,
2424 1442 2668 1509 Domine,
2695 1441 2942 1496 clamabo
2971 1457 2983 1493 :

442 1529 529 1583 16.
559 1531 668 1583 Καὶ
689 1531 824 1601 πρὸς
855 1530 945 1584 τὸν
970 1531 1100 1584 Θεόν
1136 1549 1236 1601 μου
1259 1532 1613 1602 δεηθήσομαι.

1611 1573 1613 1583 ι
2097 1537 2184 1592 16.
2216 1535 2282 1591 Et
2312 1535 2378 1590 ad
2409 1533 2579 1590 Deum
2603 1547 2782 1588 meum
2815 1531 3164 1602 deprecabor.

442 1621 528 1676 17.
565 1623 660 1686 Τίς
688 1621 923 1692 ὠφέλεια
949 1625 1007 1676 ἐν
1030 1623 1107 1694 τῷ
1128 1623 1317 1696 αἵματί
1354 1640 1476 1695 μου,
1500 1625 1557 1676 ἐν
1572 1620 1650 1692 τῷ
1676 1619 1931 1675 καταϐαί-

2095 1630 2184 1685 17.
2208 1629 2340 1696 Quze
2371 1627 2578 1683 utilitas
2611 1626 2663 1680 in
2700 1624 2962 1694 sanguine
2991 1637 3132 1690 meo,
3157 1622 3284 1677 dum
3314 1618 3581 1677 descendo

375 1729 484 1766 νειν
515 1729 582 1783 με
615 1715 694 1776 εἰς
712 1713 1041 1785 διαφθορὰν;

1026 1731 1041 1779 δ
2027 1723 2081 1777 in
2112 1718 2562 1791 corruptionem?

445 1803 532 1860 18.
560 1804 651 1875 Μὴ
679 1804 1128 1874 ἐξομολογήσεται
1156 1823 1236 1859 σοι
1263 1803 1391 1876 χοῦς
1415 1823 1428 1836 -
1958 1871 1998 1882 _

1958 1871 2001 1882 _
2100 1814 2186 1868 18.
2213 1811 2466 1882 Nunquid
2501 1808 2846 1865 conﬁtebitur
2875 1806 2972 1862 tibi
3004 1804 3179 1876 pulvis
3207 1823 3221 1870 ;

444 1895 530 1949 19.
563 1871 1077 1968 Ἣνάναγγελεῖ-τὴν
1102 1871 1356 1968 ἀλήθειάν
1388 1915 1479 1949 σου
1506 1911 1520 1961 ;
1958 1871 1997 1929 Β

1958 1871 2005 1929 Β
2103 1904 2209 1969 19.,
2231 1871 2714 1958 Δυιίιηηιιιιιίεδίῐ
2736 1871 3022 1954 veritatem
3051 1895 3238 1972 tuam?

444 1985 533 2040 20.
573 1987 808 2039 Ἤκουσε
834 1987 1054 2058 Κύριος,
1091 1989 1186 2041 καὶ
1208 1987 1404 2058 ἡλέησέ
1434 2004 1500 2058 με

2103 1994 2192 2048 20.
2232 1993 2454 2049 Audivit
2487 1991 2770 2058 Dominus,
2797 1998 2850 2044 et
2881 1988 3136 2043 misertus
3161 1995 3245 2041 est
3266 1983 3405 2039 mei:

442 2076 530 2130 21.
564 2073 765 2148 Κύριος
791 2079 1019 2150 ἐγενήθη
1045 2079 1235 2150 βοηθός
1263 2097 1383 2150 μου.

2102 2085 2192 2140 21.
2225 2085 2489 2140 Dominus
2509 2083 2686 2139 factus
2713 2089 2798 2137 est
2821 2079 3035 2150 adjutor
3065 2093 3235 2134 meus.

442 2167 531 2223 22.
564 2169 870 2240 Ἐστρεψας
893 2171 982 2224 τὸν
1014 2172 1241 2225 κοπετόν
1275 2188 1374 2242 μου
1402 2171 1481 2234 εἰς
1513 2168 1687 2241 χαρὰν
1711 2167 1864 2239 ἐμοί·

2108 2177 2198 2232 22.
2217 2177 2546 2233 Convertisti
2569 2175 2845 2245 planctum
2875 2186 3055 2226 meum
3078 2170 3132 2223 in
3159 2167 3412 2240 gaudium
3431 2167 3586 2222 mihi.

441 2260 532 2314 23.
567 2261 866 2332 Διέρῤηξας
903 2263 994 2317 τὸν
1044 2265 1243 2318 σάκκον
1294 2281 1417 2335 μου,
1460 2263 1555 2317 καὶ
1593 2259 1931 2331 περιέζωσὰς

2104 2267 2196 2322 25.
2229 2266 2558 2322 Conscidisti
2607 2279 2825 2320 saccum
2853 2277 3055 2324 meum,
3087 2269 3142 2315 et
3185 2256 3586 2314 circumdedisti

377 2368 445 2422 με
482 2352 815 2425 εὐφροσύνην

2036 2374 2122 2415 me
2149 2358 2329 2413 laetitia
2356 2375 2369 2412 :

442 2448 530 2502 24.
559 2450 744 2514 Ὅπως
778 2453 845 2506 ἂν
866 2451 1010 2524 ψὰλῃ
1042 2457 1178 2526 σοιή
1207 2454 1332 2521 δόξα
1359 2472 1483 2528 μου,
1513 2455 1607 2508 καὶ
1633 2453 1694 2507 οὐ
1733 2452 1807 2525 μὴ
1830 2470 1928 2506 κα-

2104 2450 2193 2504 24.
2247 2447 2318 2504 Ut
2363 2455 2544 2504 cantet
2604 2447 2696 2502 tibi
2742 2445 2910 2516 gloria
2959 2460 3114 2506 mea,
3169 2452 3223 2498 et
3278 2457 3382 2496 non
3435 2454 3585 2495 com-

373 2539 587 2608 τανυγῶ
608 2559 622 2572 ο

2034 2555 2242 2612 pungar
2266 2559 2279 2596 :

441 2633 530 2688 25.
565 2633 734 2708 Κύριε
754 2637 782 2690 ὁ
810 2636 942 2702 Θεός
971 2655 1092 2710 μου,
1123 2641 1202 2704 εἰς
1229 2640 1318 2695 τὸν
1346 2639 1514 2695 αἰῶνα
1545 2637 1930 2711 ἐξομολογήσο-

2107 2633 2198 2687 25.
2247 2631 2476 2688 Domine
2505 2631 2647 2688 Deus
2671 2645 2845 2696 meus,
2891 2631 2946 2682 in
2991 2636 3250 2682 aeternum
3287 2621 3590 2679 conﬁtebor

378 2725 470 2794 μαί
492 2743 592 2781 σοι.

2034 2726 2151 2783 tibi.

1490 2885 1861 2947 ATIIANASII
1900 2883 2474 2942 INTERPRETATIO.

446 3043 494 3097 8.
532 3045 616 3098 Ἑν
641 3049 706 3116 τῇ
732 3047 1096 3120 ἀγανακτήσει
1124 3049 1287 3103 αὐτοῦ
1318 3049 1454 3123 ὀργὴ
1483 3050 1790 3123 ἐπέρχεται,
1809 3047 1929 3102 καθ’

2107 3045 2161 3103 8.
2186 3045 2244 3102 ln
2275 3045 2641 3116 indignatione
2677 3045 2795 3114 ejus
2834 3042 2913 3097 ira
2949 3038 3164 3096 advenit
3205 3037 3257 3091 in
3293 3033 3411 3088 illos
3457 3043 3587 3083 con-

376 3127 449 3188 ὧν
475 3137 790 3204 ἀγανακτεῖ.

2036 3147 2118 3194 tra
2143 3153 2284 3209 quos
2311 3137 2639 3208 indignatur.

445 3226 497 3281 9.
540 3227 628 3279 Ἐν
649 3231 770 3290 ταῖς
803 3227 1042 3292 ἐντολαῖς
1075 3231 1262 3286 αὐτοῦ.

1181 3231 1262 3286 οὖ.
2106 3230 2160 3286 9.
2199 3230 2260 3284 ln
2281 3229 2563 3300 praeceptis
2597 3227 2734 3299 ejus.

445 3316 529 3371 10.
574 3317 662 3372 Ἐν
689 3322 756 3390 τῇ
779 3320 1020 3392 ἁμαρτία
1049 3322 1242 3386 πένθος
1268 3324 1403 3379 ἐστί.

444 3405 529 3461 11.
562 3407 672 3461 Καὶ
697 3409 754 3462 ἐν
777 3411 890 3470 τοῖς
918 3408 1098 3480 ἔργοις
1123 3411 1217 3464 τοῦ
1247 3413 1422 3480 φωτὸς
1452 3412 1786 3482 ἀγαλλίασις.

446 3499 532 3554 12.
575 3498 714 3570 Ἐγὼ
741 3499 819 3565 δὲ,
843 3503 972 3556 ὅταν
999 3502 1264 3574 ἥμαρτον,
1291 3503 1496 3574 ἐλεγοψ
1521 3505 1594 3558 Οὐ
1633 3505 1708 3578 μὴ
1731 3504 1928 3582 ἐπέλθῃ

2108 3502 2194 3558 12.
2229 3501 2340 3572 Ego
2369 3511 2549 3556 autem
2593 3516 2716 3556 cum
2766 3495 2986 3569 peccavi
3012 3535 3027 3558 ,
3073 3491 3228 3546 dixi:
3275 3486 3392 3542 Non
3431 3486 3592 3540 adve-

2109 3319 2196 3375 10.
2220 3318 2279 3374 In
2309 3327 2532 3390 peccato
2559 3319 2738 3374 luctus
2764 3323 2870 3372 est.

2105 3411 2196 3466 11.
2234 3409 2299 3464 Et
2326 3410 2382 3466 in
2421 3409 2676 3480 operibus
2701 3407 2838 3461 lucis
2863 3399 3174 3458 exsultatio.

1960 3367 2007 3429 C

376 3589 460 3640 ἐπ’
485 3589 582 3659 ἐμὲ
620 3587 782 3643 κακὰ.

2035 3595 2191 3650 nient
2218 3594 2272 3648 in
2303 3608 2389 3648 me
2414 3594 2576 3647 mala.

446 3681 527 3734 15.
561 3681 631 3735 Σὺ
655 3681 732 3747 δὲ,
757 3682 862 3753 πρὸ
890 3680 982 3736 τοῦ
1032 3683 1293 3752 ἁμαρτεῖν
1323 3699 1410 3754 με,
1451 3681 1656 3746 ἔδωκας
1687 3685 1753 3754 τῇ
1786 3683 1929 3753 ψυχῇ

2109 3686 2197 3740 15.
2229 3684 2309 3740 Tu
2349 3693 2555 3748 autem,
2597 3683 2916 3754 priusquam
2952 3688 3254 3748 peccarem,
3289 3668 3478 3724 dedisti
3527 3681 3591 3722 a-

380 3787 475 3840 μου
503 3771 600 3842 τὴν
629 3771 788 3842 χάριν
825 3789 939 3825 σου.

2037 3777 2199 3833 nima:
2226 3792 2363 3832 mete
2394 3776 2626 3846 gratiam
2652 3786 2821 3830 tuam.

445 3862 529 3917 14.
559 3863 818 3936 ’Υστερον
839 3864 895 3917 δέ
922 3863 1296 3936 ἡμαρτηκότος
1329 3865 1819 3937 μου,ἁπεστρὰφης
1843 3883 1929 3935 με,

2106 3869 2193 3924 14.
2226 3868 2421 3925 Postea
2454 3874 2633 3921 autem
2663 3872 2922 3936 peccante
2950 3876 3057 3926 me,
3089 3861 3366 3913 aversatus
3395 3865 3454 3904 es
3481 3862 3592 3909 me,

375 3955 465 4008 καί
490 3957 544 4008 ἐν
573 3956 741 4024 ἀγῶνι
771 3955 950 4026 πολλῷ
974 3956 1238 4027 ἐγενόμην
1284 3954 1635 4027 μνημονεύων
1667 3957 1766 4027 τῆς
1795 3957 1928 4028 ἡμέ-

2037 3972 2090 4018 et
2130 3962 2185 4015 in
2209 3973 2413 4032 angore
2439 3959 2611 4014 multo
2641 3957 2718 4014 fui
2748 3963 2970 4029 propter
3012 3944 3442 4005 recordationem
3486 3937 3590 3993 dici

379 4061 473 4115 ρας
502 4047 597 4117 τῆς
619 4047 869 4118 κρίσεως.

695 4047 869 4110 ίσεως.
2030 4050 2242 4122 judicii.

445 4136 531 4193 15.
560 4138 703 4208 Πρὸς
735 4138 793 4216 σέ
821 4138 912 4192 τὸν
941 4139 1166 4209 ποιητήν
1197 4155 1298 4209 μου
1325 4137 1605 4209 βοήσομαι.

2107 4140 2194 4195 15.
2221 4140 2305 4196 Ad
2337 4148 2390 4195 te
2415 4137 2675 4194 factorem
2715 4147 2895 4188 meum
2923 4127 3185 4184 clamabo.

443 4228 530 4282 16.
569 4230 678 4283 Καὶ
712 4213 848 4299 πρὸς
882 4229 940 4282 σέ
972 4229 1061 4282 τὸν
1088 4229 1277 4301 ἔφορόν
1309 4245 1409 4300 μου
1440 4229 1788 4300 ὃεηθὴσομαι.

2107 4231 2192 4287 16.
2223 4231 2290 4285 Ει
2317 4231 2383 4286 ad
2411 4239 2464 4285 te
2495 4229 2854 4298 inspectorem
2892 4235 3072 4276 meum
3105 4216 3449 4287 deprecabor.
3547 4213 3551 4218 ⁴

442 4318 527 4372 17.
556 4318 777 4388 Ἔλεγον
809 4318 1028 4390 ἐμαυτῷ
1047 4333 1064 4350 ⁶
1091 4319 1186 4384 Τίς
1208 4319 1446 4390 ὠφέλεια
1471 4321 1537 4390 τῇ
1567 4319 1710 4391 ψυχῇ
1744 4337 1842 4390 μου
1873 4321 1930 4372 ἐν

2107 4325 2196 4380 17.
2235 4323 2490 4378 Dicebam
2521 4315 2876 4386 mihimetipsi
2907 4332 2923 4367 τ
2969 4311 3100 4379 Quae
3127 4308 3335 4364 utilitas
3373 4307 3429 4360 in
3469 4318 3592 4374 pee-

372 4409 446 4480 τῷ
471 4411 803 4482 ἁμαρτάνειν
827 4429 896 4482 με
924 4428 939 4476 ;

2035 4417 2210 4472 cando
2237 4415 2434 4470 anima:
2462 4428 2595 4469 mea:
2621 4411 2644 4464 ἲ

441 4503 527 4566 18,
561 4502 645 4556 19.
685 4504 756 4556 Ἣ
819 4502 954 4574 μετὰ
1000 4503 1060 4556 τὸ
1108 4503 1398 4558 ἀποθανεῖν
1440 4501 1930 4574 ἐξομολογήσασθαι

2109 4508 2200 4575 18,
2251 4507 2338 4562 19.
2373 4507 2458 4560 Αιι
2504 4513 2794 4576 postquam
2851 4507 3100 4554 mortuus
3153 4493 3307 4548 fuero
3348 4487 3604 4544 conﬁteri

375 4611 452 4647 σοι
478 4594 707 4665 δύναμαι
728 4611 744 4661 ;

2035 4598 2134 4654 tibi
2160 4610 2383 4668 possum
2404 4594 2427 4647 ?

437 4684 526 4748 20,
551 4684 639 4738 21.
667 4683 884 4753 Κύριος
914 4683 1165 4756 ἐγενήθη
1197 4685 1422 4754 βοηθός
1438 4701 1576 4755 μου,
1605 4681 1778 4737 ταῦτὰ
1829 4699 1926 4753 μου
1963 4726 1990 4780 I

2105 4688 2196 4753 20,
2229 4686 2319 4741 21.
2349 4684 2426 4740 Ita
2470 4699 2556 4740 me
2589 4683 2912 4754 deprecante
2936 4725 2956 4747 ,
3006 4678 3258 4732 Dominus
3298 4674 3469 4744 {actus
3516 4677 3595 4723 est

373 4775 803 4848 προσευχομένου
825 4777 925 4848 (1).

886 4778 925 4848 ὶι
1963 4775 1994 4780 ⁷
2036 4782 2250 4850 adjutor
2275 4794 2439 4833 meus.

437 4867 526 4922 22.
556 4869 629 4922 Τὸ
654 4868 846 4934 πένθος
868 4869 966 4940 τῆς
987 4868 1260 4942 ἁμαρτίας
1299 4886 1422 4938 μου.

1314 4886 1422 4922 ιον.
2105 4872 2195 4926 22.
2235 4871 2466 4926 Luctum
2497 4865 2703 4939 peccati
2741 4865 2867 4920 mei.

435 4958 524 5013 25.
565 4959 673 5030 Τὴν
705 4960 979 5032 ἁμαρτίαν
1006 4977 1110 5032 μου
1132 4959 1444 5032 διέρῤηξας,
1471 4960 1565 5014 καὶ
1597 4958 1934 5030 περιέζωσάς

2101 4963 2192 5019 25.
2223 4962 2512 5018 Peccatum
2540 4977 2716 5017 meum
2742 4956 3082 5021 conseidisti,
3115 4963 3168 5008 et
3192 4946 3594 5007 circumdedisti

371 5067 438 5122 με
459 5051 558 5125 τὴν
585 5053 740 5125 χάριν
771 5071 884 5109 σου.

2036 5069 2124 5109 me
2153 5053 2325 5125 gratia
2355 5062 2467 5108 tua.

433 5143 521 5197 24.
560 5145 745 5210 Ὅπως
767 5146 832 5200 ἂν
867 5145 1012 5219 ψὰλῃ
1050 5148 1192 5218 σοιὴ
1226 5146 1422 5218 καρδία
1454 5162 1578 5218 μου,
1630 5144 1725 5199 καὶ
1755 5144 1818 5197 οὐ
1856 5143 1932 5214 μὴ

2104 5143 2196 5198 24.
2238 5141 2312 5198 Ut
2355 5150 2537 5198 cantet
2586 5143 2681 5199 tibi
2711 5159 2806 5199 cor
2855 5155 3058 5200 meum,
3097 5145 3151 5190 et
3195 5148 3301 5187 non
3350 5144 3438 5184 me
3481 5144 3596 5198 pa:—

371 5235 747 5307 μεταμεληθὰ

694 5236 747 5291 ἶ).
2037 5235 2247 5290 nitebit.

435 5324 526 5378 25.
559 5326 672 5380 Οὐκ
706 5327 764 5379 ἐν
809 5327 986 5399 καιρῷ
1031 5328 1104 5401 μὴ
1153 5327 1405 5382 δουλώσω
1433 5326 1510 5398 (2)
1545 5344 1628 5380 σοι
1669 5325 1925 5397 ἐμαυτὸν,

2104 5323 2196 5378 25.
2232 5321 2351 5377 Non
2388 5321 2457 5378 ad
2507 5330 2722 5392 tempus
2753 5334 2840 5375 me
2888 5320 3002 5388 ipse
3049 5312 3144 5369 tibi
3187 5311 3241 5367 in
3277 5307 3593 5366 servitutem

365 5414 480 5472 ἀλλ’
520 5420 599 5480 εἰς
635 5419 725 5474 τὸν
754 5420 945 5475 αἰῶνα.

2037 5414 2308 5483 addicam,
2340 5414 2434 5470 sed
2460 5413 2514 5468 in
2548 5422 2829 5470 aeternum.

1312 5618 1615 5682 Addenda
1647 5626 1708 5682 et
1745 5616 2122 5699 corrigenda
2174 5631 2252 5678 ex
2284 5613 2422 5678 cod.
2456 5612 2657 5676 Vatic.

435 5802 512 5883 (ι)
540 5805 724 5864 Ταῦτά
762 5826 860 5880 μου
903 5823 1052 5881 προσ.
1081 5808 1196 5865 haec
1228 5817 1436 5866 tantum
1469 5810 1520 5866 in
1549 5809 1672 5866 cod.

1157 5826 1196 5865 rc
1228 5817 1436 5866 tantum
1469 5810 1520 5866 in
1549 5809 1672 5866 cod.
2100 5809 2175 5882 (2)
2207 5807 2398 5880 Καιρῷ
2433 5824 2538 5862 τινι
2568 5805 2710 5861 δουλ.
