3934 6218
336 412 449 486 πω
704 483 708 487 ,
1184 439 1242 486 s.
1280 431 1318 485 Α
1335 430 1654 486 rnANAsu
1694 428 1763 488 Ol
1781 431 1842 490 ρ.
1877 434 1889 487 ι

1992 433 2052 489 lS
2090 433 2181 491 lll.
2205 464 2270 474 —
2300 432 2707 490 EXEGETICA.
3441 433 3545 490 756

556 545 620 600 In
655 546 832 616 ﬁnem,
857 548 1092 618 psalmus
1123 548 1292 604 David
1321 567 1415 620 pro
1441 553 1662 606 exstasi.
1924 559 1971 614 Α
2067 554 2109 607 Ε

1924 559 1971 614 Α
2067 554 2170 620 Είς
2201 553 2267 607 τὸ
2296 551 2497 619 τέλος,
2530 551 2768 622 ψαλμός
2807 552 2885 606 τῶ
2923 553 3098 606 Δαϐὶδ
3119 550 3477 618 ἐκστάσεως.

911 639 1114 694 PSAL.
1147 639 1328 696 XXX.

2633 649 2780 700 ΨΑΛ
2791 686 2803 700 .
2833 651 2913 699 Λ¹.

413 750 466 807 1.
515 750 570 806 In
625 762 706 820 te,
756 744 1000 819 Domine,
1051 755 1284 825 speravi,
1341 769 1450 812 non
1497 755 1796 813 confundar
1841 757 1896 813 in

2069 756 2120 811 1.
2166 757 2288 810 Ἐπὶ
2308 757 2411 825 σοι,
2429 755 2620 828 Κύριε,
2645 754 2865 826 ἤλπισα,
2903 755 2976 826 μὴ
3004 753 3449 827 καταισχυνθείην
3471 756 3550 818 είς

340 849 601 898 a‘lel‘num
635 852 648 898 ἑ
1093 829 1095 832 1

1994 837 2086 901 τὸν
2124 848 2294 902 αἰῶνα
2306 863 2321 881 ·

415 937 472 990 2.
508 937 561 989 In
583 937 792 1006 justitia
822 947 912 992 tua
935 938 1102 994 libera
1132 954 1238 1005 me,
1265 951 1318 995 et
1344 941 1491 1011 eripe
1516 955 1620 996 me.

2065 938 2121 992 2.
2171 939 2258 991 Ἐν
2290 940 2356 1009 τῇ
2383 935 2691 1008 δικαιοσύνῃ
2729 953 2820 991 σου
2845 937 3006 1009 ῥῦσαί
3029 952 3118 1008 με,
3135 937 3227 992 καὶ
3253 935 3433 1002 ἐξελοῦ
3460 955 3547 1008 με.

411 1021 464 1080 δ.
494 1026 698 1082 Inclina
729 1028 795 1084 ad
824 1043 910 1084 me
943 1035 1129 1085 aurem
1161 1035 1308 1086 tuam
1340 1050 1352 1085 :

2065 1027 2119 1086 ὅ.
2154 1031 2347 1084 Κλῖνον
2373 1030 2508 1102 πρός
2543 1047 2608 1102 με
2638 1030 2698 1084 τὺ
2727 1026 2819 1095 οὖς
2844 1048 2936 1085 σου
2960 1048 2973 1063 ο

415 1116 470 1170 4.
491 1114 748 1172 Accelera
772 1126 831 1172 ut
858 1135 1020 1174 eruas
1051 1135 1159 1174 me.

2065 1123 2120 1177 4.
2156 1123 2392 1193 Τάχυνον
2414 1119 2508 1174 τοῦ
2543 1121 2816 1186 ἐξελέσθαι
2847 1139 2933 1193 με.

413 1199 468 1262 Β.
505 1206 634 1263 Eato
660 1209 794 1263 mihi
823 1209 877 1264 in
907 1209 1076 1265 Deum
1108 1219 1489 1281 protectorem,

2066 1213 2121 1268 Β.
2153 1213 2314 1267 Γενοῦ
2350 1230 2438 1285 μοι
2461 1214 2538 1278 είς
2561 1215 2690 1268 Θεὸν
2720 1214 3146 1286 ὑπερασπιστὴν,

415 1297 471 1353 6.
506 1298 570 1354 Et
607 1300 658 1353 in
685 1300 908 1355 domum
948 1300 1167 1372 refugii,
1197 1311 1256 1357 ut
1293 1303 1502 1358 salvum
1535 1317 1621 1358 me
1652 1302 1840 1359 facias.

1793 1317 1840 1358 8.
2071 1305 2127 1360 6.
2160 1305 2270 1360 Καὶ
2302 1307 2382 1368 είς
2410 1301 2556 1359 οἷκον
2587 1305 2906 1375 καταφυγῆς
2931 1304 3026 1358 τοῦ
3057 1304 3225 1358 σῶσαί
3256 1321 3345 1377 με.

421 1387 471 1441 7.
515 1387 785 1454 Quoniam
831 1388 1096 1446 fortitudo
1138 1407 1258 1446 mea
1305 1403 1360 1447 et
1411 1392 1682 1464 refugium
1719 1404 1900 1450 meum

2071 1398 2124 1453 7.
2156 1399 2278 1451 Ὅτι
2309 1396 2630 1468 κραταίωμά
2659 1415 2784 1469 μου,
2820 1397 2911 1452 καὶ
2935 1397 3220 1468 καταφυγή
3252 1413 3352 1468 μου
3393 1391 3445 1448 εἴ
3465 1392 3551 1449 σύ·

347 1498 406 1536 I‘S
437 1490 492 1535 tu
519 1500 534 1536 :

417 1573 470 1628 8-.
509 1564 594 1628 Et
615 1581 836 1646 propter
865 1588 1061 1633 nomen
1101 1585 1254 1632 tuum
1285 1576 1521 1634 deduces
1555 1592 1662 1644 me,
1693 1585 1747 1634 et
1772 1585 1903 1633 enu-

2070 1573 2124 1631 8.
2154 1575 2262 1628 Καὶ
2293 1574 2476 1628 ἕνεκεν
2497 1571 2592 1627 τοῦ
2617 1573 2876 1645 ὀνόματός
2903 1589 2996 1625 σου
3018 1570 3300 1642 ὁδηγήσεις
3331 1587 3397 1640 με
3417 1608 3433 1635 ,
3462 1566 3556 1623 καὶ

351 1664 482 1718 tries
509 1679 616 1719 me.

2002 1666 2310 1738 διαθρέψεις
2344 1683 2431 1737 με.

419 1755 472 1810 9.
506 1753 718 1813 Educes
747 1772 835 1813 me
858 1757 926 1814 de
950 1759 1143 1814 lactteo
1167 1759 1290 1824 hoc,
1315 1774 1476 1830 quem
1508 1758 1904 1815 absconderunt

2071 1759 2124 1813 9.
2161 1758 2400 1826 Ἔξάξεις
2427 1777 2494 1831 με
2523 1760 2586 1812 ἐκ
2612 1757 2837 1826 παγίδος
2855 1755 3076 1828 ταύτης.
3093 1748 3160 1826 ἧς
3182 1751 3420 1824 ἔκρυψαν
3448 1767 3555 1822 μοι’

409 1849 482 1902 ihi
510 1859 523 1903 :’

349 1857 482 1904 mihi
510 1859 523 1903 ἑ

423 1940 510 1994 10.
537 1939 806 2007 Quoniam
831 1949 888 1996 tu
919 1957 978 1997 es
1004 1950 1280 2011 protector
1312 1956 1487 2009 meus,
1516 1941 1766 1999 Damine.

1930 1932 1973 1988 Β
2070 1942 2157 1999 10.
2192 1943 2314 1997 Ὅτι
2348 1942 2410 1995 σὺ
2443 1935 2494 1994 εἴ
2523 1942 2551 1994 6
2574 1939 2982 2010 ὑπερασπιστής
3015 1949 3148 2008 μου,
3184 1934 3377 2006 Κύριε.

347 2072 349 2074 .
423 2029 511 2085 11.
542 2029 601 2085 In
629 2045 823 2088 manus
844 2040 966 2088 tuas
997 2033 1387 2089 commendabo
1417 2034 1663 2102 spiritum
1685 2044 1862 2088 meum
1887 2053 1900 2087 :

2076 2036 2166 2090 11.
2201 2036 2294 2098 Είς
2325 2033 2513 2105 χεῖράς
2549 2049 2640 2085 σου
2665 2029 3050 2100 παραθήσομαι
3089 2027 3150 2081 τὸ
3175 2025 3390 2096 πνεῦμά
3419 2041 3518 2096 μου
3540 2042 3555 2057 ο

423 2119 510 2175 12.
536 2119 832 2178 Redemisti
870 2139 974 2188 me,
1002 2123 1229 2179 Domine
1253 2123 1395 2180 Deus
1417 2125 1679 2180 veritatis.

2076 2126 2162 2180 12.
2209 2123 2528 2197 Ἐλυτρώσω
2561 2140 2647 2194 με,
2685 2121 2854 2192 Κύριε
2882 2123 2910 2173 6
2940 2119 3071 2183 Θεὸς
3093 2120 3190 2190 τῆς
3216 2116 3487 2188 ἀληθείας.

422 2211 507 2267 13.
540 2212 714 2268 Odisti
754 2213 986 2286 [omnes]
1014 2215 1363 2270 observantes
1413 2216 1678 2270 vanitates
1721 2230 1904 2285 super-

2077 2217 2162 2272 15.
2208 2217 2262 2269 Ἐ
2271 2217 2504 2287 μίσησας
2525 2216 2648 2279 τοὺς
2667 2213 2906 2286 [πάντας
2930 2209 3088 2282 τοὺς]
3110 2209 3561 2279 διαφυλάσσοντας

351 2305 542 2358 Vacue.
2010 2309 2375 2381 ματαιότητας
2402 2307 2674 2378 διακενῆς.

423 2395 512 2451 11.
543 2393 654 2466 Ego
684 2406 864 2452 autem
895 2397 948 2452 in
977 2398 1208 2454 Domino
1240 2399 1450 2470 speravi
1477 2417 1490 2454 :

2078 2400 2168 2455 14.
2208 2398 2346 2467 Ἐγὼ
2375 2398 2431 2452 δὲ
2458 2398 2549 2450 ἐπὶ
2571 2395 2649 2466 τῷ
2668 2395 2859 2466 Κυρίῳ
2881 2394 3084 2465 ἤλπισα
3104 2406 3117 2422 ⁸

424 2486 512 2542 15.
544 2486 862 2557 Exsultabo,
886 2498 940 2545 et
969 2490 1190 2547 laetabor
1214 2492 1268 2546 in
1300 2490 1674 2547 misericordia
1706 2499 1819 2546 tua.

2080 2491 2168 2548 15.
2203 2489 2620 2560 Ἀγαλλιάσομαι
2643 2487 2736 2542 καὶ
2764 2485 3034 2558 εὑφρανθή
3045 2501 3203 2555 σομαι
3223 2482 3314 2535 ἐπὶ
3329 2479 3404 2551 τῷ
3425 2477 3560 2532 ἐλέει

2011 2598 2124 2634 σου.

429 2657 513 2721 16.
549 2658 815 2734 Quoniam
848 2669 1133 2740 respexisti
1165 2664 1525 2724 humilitatem
1564 2679 1737 2724 meam
1769 2687 1784 2725 :

2079 2670 2167 2726 16.
2205 2671 2324 2724 Ὅτι
2342 2669 2550 2734 ὲπεῖδες
2563 2670 2654 2723 ἐπὶ
2672 2668 2786 2740 [ἐπί
2801 2665 2973 2740 deest]
2987 2667 3083 2738 τὴν
3102 2660 3425 2719 ταπείνωσιν
3440 2675 3556 2730 μου·

429 2747 512 2812 17.
545 2757 775 2815 Salvasti
810 2760 876 2815 de
904 2761 1320 2816 necessitatibus
1358 2761 1596 2815 animam
1622 2775 1797 2815 meam
1825 2778 1838 2813 :

2084 2761 2174 2814 17.
2203 2761 2452 2824 Ἔσωσας
2483 2763 2547 2814 ἐκ
2579 2760 2686 2813 τῶν
2708 2759 2958 2826 ἀναγκῶν
2987 2756 3082 2828 τὴν
3113 2755 3289 2826 ψυχήν
3326 2769 3423 2822 μου
3442 2765 3453 2778 ·

425 2849 510 2906 18.
529 2848 592 2904 Et
611 2865 717 2905 non
743 2851 1053 2907 conclusisti
1072 2867 1157 2906 me
1172 2852 1226 2906 in
1245 2851 1493 2906 manibus
1517 2850 1862 2904 inimicorum
1890 2867 1902 2904 :

2084 2852 2171 2906 18.
2207 2853 2316 2905 Kal.
2347 2852 2407 2904 οὐ
2444 2851 2788 2914 συνέκλεισάς
2821 2867 2888 2920 με
2913 2851 2991 2913 είς
3022 2850 3205 2920 χεῖρας
3233 2842 3458 2917 ἐχθρῶν.

1468 2963 1844 3019 ATHANASII
1881 2963 2458 3021 INTERPRETATIO.

433 3069 496 3132 Ἦ
529 3075 860 3151 προκειμένη
897 3073 1176 3152 ἐπιγραφὴ
1210 3080 1452 3153 περιέχει
1471 3097 1485 3112 ο
1523 3081 1768 3150 Ψαλμὸς
1797 3079 1872 3152 (1)
1903 3080 1983 3147 τῷ
2003 3083 2201 3152 Δαϐίδ,
2233 3081 2578 3148 ἐκστάσεως
2603 3121 2618 3146 ,
2648 3081 2891 3136 τουτέστι
2923 3079 3012 3134 τὸν
3053 3076 3517 3150 ψαλμὸν-εἴρηκεν
3539 3075 3570 3127 6

351 3167 514 3226 Δαϐὶδ
542 3174 621 3235 είς
650 3173 774 3236 τοὺς
811 3173 1028 3236 τελείως
1045 3175 1340 3238 ἐκστάντας
1369 3173 1476 3227 ἀπὸ
1497 3175 1595 3244 τῆς
1613 3173 1907 3244 ἁμαρτίας,
1939 3175 2033 3228 καὶ
2067 3175 2497 3247 ἐπιστρέψαντας
2525 3175 2618 3227 ἐπὶ⁴
2646 3175 2737 3229 τὸν
2768 3174 2990 3246 Κύριον.

427 3281 641 3340 Titulus
671 3288 995 3356 praepositus
1025 3288 1269 3344 continet
1294 3306 1308 3343 :
1338 3288 1584 3342 Psalmus
1612 3288 1783 3342 David
1805 3305 1899 3358 pro
1923 3291 2147 3358 exstasi,
2164 3272 2256 3345 seu
2293 3305 2392 3359 pro
2415 3289 2679 3358 discessu,
2704 3288 2807 3344 hoc
2826 3296 2928 3352 est,
2956 3286 3223 3357 psalmum
3246 3282 3379 3339 dixit
3403 3280 3567 3336 David

351 3379 419 3432 tle
443 3377 842 3435 discedentibus
867 3381 1090 3436 omnino
1122 3398 1151 3436 a
1193 3383 1447 3452 peccatis,
1479 3391 1533 3437 et
1563 3399 1620 3438 se
1649 3383 1715 3438 ad
1744 3383 2031 3440 Dominum
2061 3385 2524 3440 convertentibus.

420 3490 475 3554 1.
501 3495 728 3554 Omnem
768 3508 942 3556 meam
973 3501 1387 3558 sollicitudinem
1423 3502 1630 3560 habens
1658 3503 1713 3558 in
1743 3513 1816 3560 te.
1929 3509 1973 3572 C

1929 3509 1974 3572 C
2075 3502 2127 3560 1.
2157 3504 2266 3577 Τὴν
2290 3504 2556 3576 μέριμνάν
2595 3521 2695 3574 μου
2729 3502 2909 3555 πᾶσαν
2931 3498 3022 3552 ἐπὶ
3045 3497 3104 3551 σὲ
3137 3495 3272 3567 ἔχων
3294 3493 3393 3567 (2).

419 3590 476 3644 2.
503 3587 580 3644 Ne
609 3591 874 3660 reprobus
904 3591 1054 3660 tiam,
1083 3590 1331 3648 Domine.

2081 3597 2134 3651 2.
2165 3595 2251 3668 Μὴ
2270 3596 2525 3666 ἀδόκιμος
2540 3593 2804 3664 γένωμαι,
2839 3590 3030 3661 Κύριε.

416 3672 470 3736 3.
507 3681 776 3752 Benignas
805 3699 965 3740 aures
993 3683 1128 3738 mihi
1161 3676 1361 3755 praebe.

2081 3680 2135 3744 5.
2167 3689 2382 3759 Εὐμενῆ
2419 3704 2509 3758 μοι
2539 3685 2608 3739 τὰ
2635 3678 2748 3738 ὦτα
2772 3683 2846 3755 (5)
2875 3682 3177 3754 παράσχου.

422 3773 475 3828 4.
508 3772 576 3827 Et
610 3773 804 3830 festina
839 3777 904 3831 ad
939 3792 1027 3832 me
1059 3777 1416 3856 liberandum.

2079 3781 2134 3836 4.
2162 3781 2272 3834 Kal.
2300 3778 2530 3833 σπεῦσον
2566 3776 2658 3830 τοῦ
2698 3774 2972 3842 ἐξελέσθαι
2999 3790 3085 3843 με.

423 3865 477 3920 ὅ.
511 3864 642 3921 Εειο
673 3867 801 3921 mihi
833 3869 888 3922 in
928 3868 1098 3923 Deum
1129 3868 1481 3940 opitulantem
1510 3858 1665 3923 mihi.

2084 3871 2134 3926 5.
2160 3870 2352 3924 Γενοῦ
2370 3887 2470 3939 μοι
2499 3870 2588 3935 είς
2612 3867 2758 3921 Θεὸν
2785 3863 3225 3934 ἁντιποιούμενόν
3257 3878 3379 3932 μου.

422 3955 478 4010 6.
505 3955 609 4022 Qui
638 3959 783 4012 enim
813 3959 878 4013 ad
905 3967 956 4014 te
985 3959 1131 4014 venit
1155 3974 1262 4013 non
1293 3958 1559 4028 ejicietur.

2082 3961 2134 4015 6.
2179 3962 2237 4014 Ὀ
2264 3960 2372 4035 γόιρ
2395 3960 2686 4032 ἐρχόμενος
2713 3955 2846 4028 πρὸς
2867 3954 2926 4007 σὲ
2962 3954 3022 4007 οὐ
3065 3952 3138 4024 μὴ
3179 3950 3366 4021 ἐξέλθῃ
3395 3949 3519 4015 ἔξω.

425 4045 476 4100 7.
509 4047 778 4114 Quoniam
810 4048 980 4105 virtus
1022 4065 1142 4105 mea
1188 4058 1243 4104 et
1274 4048 1672 4104 munimentum
1727 4058 1907 4103 meum

1727 4058 1907 4103 meum
2080 4053 2134 4104 7.
2159 4053 2279 4105 ’Ότι
2317 4045 2464 4121 ἰσχύς
2501 4066 2601 4121 μου
2635 4048 2730 4102 καὶ
2760 4045 2936 4117 τεῖχός
2964 4061 3060 4116 μου
3090 4038 3139 4096 εἷ
3168 4041 3253 4097 σύ.

353 4143 415 4186 es
446 4141 524 4187 tu.

425 4222 476 4276 8.
510 4222 575 4278 Et
604 4234 824 4295 propter
866 4242 1061 4282 nomen
1109 4237 1260 4284 tuum
1309 4223 1484 4286 deduc
1513 4239 1621 4294 mc,
1653 4229 1706 4282 et
1734 4227 1911 4283 enutri

2083 4225 2135 4280 8.
2164 4224 2273 4278 Kal.
2293 4223 2380 4276 διὰ
2402 4219 2495 4274 τοῦ
2529 4219 2786 4291 ὀνόματός
2822 4234 2911 4270 σου
2942 4214 3016 4287 (1)
3046 4212 3307 4284 ὀδήγησὸν
3356 4228 3448 4282 με,
3483 4208 3568 4263 καὶ

351 4318 440 4368 ine
467 4317 521 4369 in
547 4310 1032 4385 justiﬁcationibus
1061 4321 1188 4376 tuis.

2012 4314 2300 4387 διάθρεψόν
2335 4330 2402 4384 με
2435 4316 2492 4366 ἐν
2524 4312 2640 4395 τοῖς
2667 4307 2997 4376 δικαιώμασί
3027 4323 3127 4377 μου
3159 4303 3253 4374 (5).

423 4407 478 4461 9.
510 4405 588 4461 Ex
620 4419 844 4478 peccato
871 4411 1209 4466 inhabitante
1239 4413 1292 4466 in
1324 4406 1486 4468 corde
1523 4427 1668 4467 meo.

2083 4409 2136 4463 9.
2164 4406 2276 4477 Τῆς
2297 4404 2611 4474 ἐνοικούσης
2644 4403 2702 4455 ἐν
2737 4402 2802 4470 τῇ
2841 4399 3035 4469 καρδίᾳ
3059 4414 3158 4467 μου
3193 4394 3485 4466 ἁμαρτίας.

423 4498 510 4552 10.
542 4498 812 4566 Quoniam
844 4512 900 4557 tu
928 4519 986 4559 cs
1014 4511 1289 4574 protector
1316 4521 1490 4573 meus,
1522 4499 1768 4560 Domine.

1688 4519 1768 4558 ne.
2087 4499 2170 4554 10.
2197 4499 2322 4550 Ὅτι
2352 4497 2416 4550 σὺ
2440 4490 2492 4548 εἴ
2511 4497 2538 4548 6
2561 4494 2873 4564 σκεπαστής
2904 4507 3026 4561 μου,
3050 4488 3241 4560 Κύριε.

423 4590 510 4646 11.
540 4590 796 4646 Animam
824 4609 1024 4659 meam,
1056 4595 1253 4664 inquit.

2081 4591 2165 4643 11.
2200 4590 2310 4660 Τὴν
2329 4588 2508 4658 ψυχήν
2539 4603 2659 4657 μου,
2683 4585 2846 4654 λέγει.

424 4681 512 4736 12.
546 4681 840 4739 Redemisti
887 4699 973 4740 me
1004 4702 1069 4741 ex
1115 4662 1376 4744 servitute
1408 4683 1675 4743 mendacii
1704 4693 1782 4752 tu,
1819 4684 1910 4754 qui

2086 4680 2172 4735 12.
2220 4677 2538 4749 Ἐλυτρὼσω
2566 4694 2631 4748 με
2666 4676 2764 4745 τῆς
2797 4673 3038 4736 δουλείας
3066 4669 3160 4724 τοῦ
3180 4668 3409 4739 ψεύδους
3430 4669 3458 4721 6
3481 4662 3568 4720 τοῦ

346 4786 411 4828 es
440 4771 584 4828 Deus
609 4775 795 4843 populi
833 4777 1097 4832 veritatis.

2013 4773 2142 4828 λαοῦ
2181 4772 2282 4841 τῆς
2309 4771 2562 4841 ἀληθείας
2585 4770 2735 4832 Θεός.

421 4861 510 4918 15.
541 4863 711 4919 Odisti
743 4877 1123 4934 permanentes
1151 4869 1203 4924 in
1231 4876 1472 4939 peccato.
1945 4854 1974 4910 ί

1945 4854 1989 4910 ί)
2089 4863 2173 4917 15.
2219 4861 2518 4932 Ἑμίσησας
2545 4861 2666 4922 τοὺς
2687 4859 3040 4928 ἐπιμένοντας
3061 4857 3125 4925 τῇ
3146 4852 3405 4924 ἁμαρτίᾳ.

421 4955 508 5008 14.
545 4944 921 5013 Constituente
946 4970 1098 5014 extra
1128 4977 1393 5017 errorem.

2094 4946 2180 5007 14.
2210 4951 2300 5023 Τῷ
2329 4951 2500 5015 ἐκτῶς
2539 4950 2614 5020 (6)
2650 4949 2855 5018 πλάνης
2885 4947 3195 5016 παρέχοντι.

423 5047 511 5103 15.
543 5047 681 5103 Cum
715 5051 1146 5108 misericordiam
1183 5071 1212 5108 a
1264 5065 1315 5110 te
1363 5062 1689 5110 consecutus
1735 5048 1909 5116 fuero,

2094 5045 2178 5097 15.
2199 5039 2204 5044 ’
2222 5045 2310 5096 Ἐν
2334 5042 2411 5113 τῷ
2435 5040 2695 5095 ἐλεεῖσθαι
2721 5058 2786 5111 με
2814 5040 2917 5093 ὑπὸ
2945 5038 3036 5092 σοῦ
3055 5035 3468 5106 ἀγαλλιάσομαι,
3485 5029 3565 5085 καὶ

347 5140 633 5196 casultabo
673 5151 728 5197 et
758 5141 981 5200 laetabor
1017 5145 1072 5199 in
1097 5148 1261 5202 corde
1293 5163 1434 5204 meo.

2021 5135 2472 5208 εὑφρανθήσομαι
2504 5134 2561 5186 ἐν
2586 5136 2651 5204 τῇ
2675 5131 2869 5203 καρδίᾳ
2897 5147 2995 5200 μου

421 5232 510 5286 16.
533 5231 806 5298 Quoniam
832 5235 1264 5295 animadvertisti
1294 5241 1660 5295 inﬁrmitatem
1689 5246 1882 5291 meam.

1624 5254 1660 5292 ι]
1689 5246 1882 5291 meam.
2091 5225 2178 5284 16.
2208 5229 2332 5281 Ὅτι
2362 5226 2659 5297 προσέσχες
2685 5226 2749 5294 τῇ
2775 5221 3024 5292 ἀσθενείᾳ
3057 5237 3177 5290 μου.

418 5326 443 5375 1
457 5323 508 5376 7.
545 5323 624 5376 Ex
655 5326 912 5395 peccatis.

2091 5315 2177 5373 17.
2227 5320 2320 5370 Ἐκ
2341 5317 2446 5369 τῶν
2477 5315 2775 5386 ἁμαρτιῶν.

427 5414 511 5467 18.
545 5415 776 5472 Diaboli.

2091 5410 2177 5464 18.
2212 5408 2318 5462 Τοῦ
2343 5407 2605 5461 διαϐόλου.

1301 5527 1606 5590 Addenda
1664 5539 1724 5591 et
1759 5528 2130 5607 corrigenda
2162 5542 2240 5587 ex
2271 5523 2410 5585 cod.
2445 5523 2641 5584 Vatic.

424 5630 502 5708 (1)
521 5631 602 5708 ’Ἦ
626 5635 712 5688 διὰ
733 5637 832 5706 τῆς
859 5637 1223 5708 κινναϐάρεως
1254 5636 1494 5708 περιέχει
1514 5652 1527 5665 ο
1559 5637 1638 5700 είς
1674 5635 1734 5690 τὺ
1766 5638 1915 5699 τέλος
2191 5623 2333 5708 ξ-ῼτᾲ
2366 5643 2480 5708 σοιξο

348 5695 586 5805 ᾧαλμὸς,
607 5714 710 5758 elc.
791 5695 826 5706 ⁸-
1090 5695 1102 5708 ⁸
1204 5695 1246 5774 ⁷,
1328 5695 1338 5708 ’
1412 5695 1443 5706 n
1619 5695 1634 5700 ν
1896 5695 1901 5698 ς

431 5771 566 5805 (ειη
637 5773 656 5805 Ι
710 5776 793 5805 λη
847 5785 927 5805 ΔΙΛ
998 5777 1085 5805 ι.ι.
1121 5776 1177 5805 -3.
1209 5775 1408 5805 λῆμα...
1480 5778 1552 5805 με.
1580 5777 1643 5805 a2
1713 5786 1793 5805 ..ιη
1841 5776 1887 5805 tu

1090 5695 1102 5708 ’
1204 5695 1218 5700 ⁷
1328 5695 1338 5708 ’
1412 5695 1443 5706 ”
1619 5695 1634 5700 ⁷
1896 5695 1908 5699 ⁷
2091 5695 2167 5767 (Ἠ
2193 5699 2269 5750 Τὸ
2297 5697 2462 5766 ὄνομά
2491 5712 2599 5750 σου.

1046 5777 1085 5805 ,ι
1121 5776 1177 5805 -3.
1209 5769 1408 5805 ήκω...
1480 5778 1552 5805 με.
1580 5777 1643 5805 aa
1713 5786 1793 5805 ...Α
1841 5776 1887 5805 tu
2088 5771 2162 5805 (ιιῇ
2190 5770 2290 5805 sim.
2322 5784 2327 5799 ι

431 5770 588 5852 (ᾓιΝ.
616 5773 657 5848 ⁵,1
676 5813 687 5823 .
707 5776 821 5855 illi,
846 5785 947 5829 etc.
990 5777 1091 5855 ἐπὶ
1120 5776 1178 5828 σὲ
1209 5770 1408 5848 ἐθέμην
1428 5819 1441 5841 ,
1479 5778 1552 5859 pi]
1575 5777 1686 5842 ἁδ..
1710 5786 1814 5834 etc.
1841 5776 1906 5831 N.

353 5839 411 5893 ἓ.
478 5839 546 5890 iw
575 5857 648 5893 τω
678 5843 705 5893 ἶ
727 5859 790 5893 ιω
828 5861 918 5893 σου
952 5847 1108 5893 dumi
1143 5865 1227 5893 ua-
1255 5849 1346 5893 καὶ
1373 5849 1551 5893 ἐξεληυ
1583 5866 1663 5893 ηε-

862 5785 947 5829 δίο.
990 5777 1091 5855 ἐπὶ
1120 5776 1178 5828 σὲ
1209 5770 1408 5848 ἐθέμην
1428 5819 1441 5841 ,
1479 5778 1552 5859 pi]
1575 5777 1686 5842 ἁδ..
1710 5786 1814 5834 etc.
1841 5776 1906 5831 N.
2087 5771 2162 5856 ('5)
2354 5835 2366 5852 ν

862 5861 918 5893 ou
952 5847 1108 5893 ὁυσαί
1143 5865 1227 5893 ηε-
1255 5849 1346 5893 καὶ
1373 5849 1551 5893 ὲέρληυ
1583 5866 1663 5893 ηε-
2095 5841 2168 5893 ιϐ)
2228 5840 2265 5890 L
2295 5852 2415 5893 τίς.

396 5876 411 5893 .
466 5847 546 5890 Ἐν
575 5847 648 5907 τῲ
680 5847 790 5909 Υἰῷ
828 5861 918 5896 σου
948 5847 1108 5914 ῥῦσαί
1138 5865 1228 5917 με,
1255 5849 1346 5901 καὶ
1368 5847 1551 5914 ἑξελοῦ
1581 5866 1666 5915 με.
2095 5847 2168 5912 ίβ)
2213 5847 2397 5897 Ἐκτες
