3934 6218
319 361 420 418 797
1207 371 1294 427 DE
1336 373 1611 432 TITULIS
1653 378 2098 440 PSALMORUM.
2155 414 2222 427 —-
2258 384 2453 444 PSAL.
2491 387 2658 446 XXX.
3441 399 3545 456 758

386 478 471 580 i9.
503 480 778 555 Ἔστησας
800 485 859 540 ἐν
891 486 1190 563 εὐρυχώρῳ
1221 492 1347 558 τοὺς
1379 495 1545 561 πόδας
1585 516 1708 569 μου.
1916 511 1939 565 ,ι

1916 511 1958 566 Α
2067 502 2153 558 19.
2188 502 2437 560 Statuisti
2473 505 2526 561 in
2565 505 2687 562 loco
2713 508 2952 578 spatioso
2980 510 3142 580 ped'es
3166 527 3337 568 meos.

381 571 471 627 20.
521 573 770 647 Ἐλέησόν
799 595 922 649 μου,
951 580 1146 653 Κύριε,
1172 583 1255 638 ὃτι
1287 584 1540 658 θλίϐομαι
1560 604 1574 618 ⁸

2053 592 2142 646 20.
2174 593 2428 651 Miserere
2458 597 2584 664 mei,
2621 571 2869 658 Domine.
2899 571 3156 671 quoniam
3185 604 3443 660 tribulor:

380 666 476 723 21.
521 669 828 742 Ἐταράχθη
859 673 918 727 ὲν
949 672 1106 747 θυμῷ
1134 677 1162 731 ό
1190 678 1468 751 ὀφθαλμός
1494 699 1594 753 μου
1620 723 1635 750 ,

2052 687 2141 742 21.
2176 687 2545 746 Conturbatus
2572 700 2656 747 est
2686 692 2740 747 in
2769 693 2849 748 ira
2878 666 3070 750 oculus
3096 711 3270 763 meus,

379 758 469 813 22.
514 758 578 812 Ἦ
611 759 755 833 ψυχή
785 779 908 833 μου,
942 765 1036 818 καὶ
1056 767 1090 836 ἡ
1122 768 1334 840 γαστήρ
1365 787 1488 842 μου.

2053 779 2143 834 22.
2176 781 2374 836 Anima
2405 797 2544 846 mea,
2581 791 2636 838 et
2669 795 2856 839 venter
2882 800 3057 842 meus.

379 850 471 906 25.
503 852 626 907 Ὅτι
655 852 900 918 ἐξέλιπεν
923 857 982 910 ἐν
1011 857 1170 932 ὀδύνῃ
1201 862 1234 932 ή
1260 860 1372 933 ζωή
1409 879 1530 933 μου·

2053 871 2145 929 25.
2182 871 2452 939 Quoniam
2479 875 2678 931 defecit
2703 877 2757 931 in
2786 878 2973 934 dolore
3004 879 3111 934 vita
3143 895 3260 935 mea
3287 899 3299 946 ;

378 941 467 996 24.
493 943 602 998 Kal
625 944 692 998 τὰ
712 944 803 1016 ἐτη
831 964 933 1017 μου
965 948 1023 1003 ἐν
1056 955 1396 1023 στεναγμοῖς.

2051 964 2141 1019 24.
2171 964 2238 1020 Ει
2269 967 2396 1022 anni
2430 969 2536 1023 mei
2567 969 2622 1023 in
2649 970 2956 1040 gemitibus.

377 1033 467 1086 25.
520 1034 842 1108 Ἦσθένησεν
863 1039 922 1094 ἐν
949 1041 1194 1114 πτωχείᾳ
1227 1045 1260 1115 ἡ
1299 1044 1451 1115 ἰσχύς
1489 1062 1611 1117 μου’

2057 1056 2150 1112 25.
2179 1057 2456 1114 Inﬁrmata
2489 1068 2572 1116 est
2605 1033 3000 1132 in'paupertate
3026 1063 3200 1119 virtus
3226 1079 3345 1118 mea
3372 1083 3385 1118 :

377 1125 465 1180 26.
515 1129 626 1182 Kal
652 1129 719 1185 τὰ
741 1133 874 1187 ὀστᾶ
898 1150 998 1205 μου
1030 1135 1430 1208 ἐταράχθησαν.

2059 1146 2149 1201 26.
2183 1147 2251 1202 Et
2275 1164 2398 1205 ossa
2431 1167 2549 1205 mea
2579 1125 2899 1207 roniurliata
2933 1162 3076 1207 sunt.

380 1217 471 1271 27.
521 1219 682 1294 Παρά
722 1223 931 1292 πάντας
991 1227 1121 1292 τοὺς
1171 1227 1397 1298 ἐχθρούς
1459 1245 1562 1300 μου
1623 1229 1885 1304 ἐγενήθην

2059 1238 2152 1295 27.
2195 1239 2372 1312 Super
2408 1259 2601 1300 omnes
2630 1244 2884 1300 inimicos
2909 1259 3060 1300 meos
3091 1244 3265 1300 tactus
3293 1259 3411 1301 sum
3447 1260 3545 1316 op-

312 1307 537 1375 ὄνειδος*
1758 1388 1764 1395 ξ

1758 1388 1764 1395 ,
1986 1307 2305 1400 probrium-z

382 1401 471 1457 28.
501 1402 613 1457 Kal
643 1405 756 1468 τοῖς
787 1404 994 1475 γείτοσί
1028 1424 1130 1479 μου
1164 1411 1388 1485 σφόδρα,

1276 1411 1388 1485 δρα,
2061 1420 2151 1479 28.
2184 1421 2249 1478 Ει
2269 1424 2465 1482 vicinis
2495 1427 2632 1483 meis
2655 1428 2829 1492 valde,

377 1492 469 1551 29.
504 1495 614 1548 Kal
639 1494 800 1564 φόϐος
825 1499 938 1561 τοῖς
961 1503 1219 1567 γνωστοῖς
1243 1519 1364 1574 μου.

1243 1519 1364 1574 μου.
2054 1513 2145 1570 29.
2171 1514 2239 1570 Et
2259 1517 2426 1573 timor
2450 1520 2594 1575 notis
2619 1521 2773 1576 meis.

379 1581 470 1638 50.
502 1584 566 1636 Ol
600 1583 928 1656 θεωροῦντες
959 1605 1025 1659 με
1053 1589 1158 1654 ἔξω
1187 1590 1383 1661 ἔφυγον
1418 1594 1512 1646 ἀπ’
1545 1595 1700 1664 ἐμοῦ·

2062 1607 2153 1661 50.
2185 1608 2288 1674 Qui
2314 1610 2567 1664 videbant
2598 1625 2684 1665 me
2715 1610 2862 1666 foras
2889 1611 3141 1682 fugerunt
3168 1629 3198 1668 a
3233 1628 3319 1668 me
3345 1633 3358 1667 :

379 1674 470 1728 51.
530 1675 866 1750 Ἐπελήσθην
892 1679 1023 1735 ὡσεὶ
1049 1682 1240 1754 νεκρὸς
1270 1685 1379 1738 ἀπὸ
1406 1685 1652 1757 καρδίας·

2058 1701 2149 1756 51.
2203 1699 2475 1756 Oblivioni
2532 1701 2695 1757 datus
2747 1718 2870 1757 sum
2921 1674 3174 1774 tanquam
3227 1713 3474 1760 mortuus
3515 1719 3544 1759 a

1989 1790 2154 1848 corde
2180 1809 2195 1846 :
3099 1837 3112 1843 -

379 1851 470 1909 52.
503 1853 798 1928 ἘγενήΘην
823 1857 954 1912 ὡσεὶ
976 1860 1168 1926 σκεῦος
1200 1862 1496 1928 ἀπολωλός.
1915 1849 1932 1903 1

1915 1849 1958 1903 Β
2057 1883 2146 1938 52.
2183 1883 2382 1940 Factus
2408 1901 2528 1940 sum
2563 1895 2821 1957 tanquam
2855 1903 2952 1943 vas
2981 1889 3271 1958 perditum.

381 1945 472 2000 55.
506 1946 628 2000 Ὀτι
655 1949 863 2019 ηκουσα
889 1951 1054 2022 ψόγον
1101 1954 1311 2008 πολλῶν
1352 1957 1758 2028 παροικούντων
1791 1976 1887 2012 κυ-

2056 1975 2146 2029 55.
2201 1974 2471 2042 Quoniam
2527 1945 2710 2033 audivi
2752 1945 3205 2051 vituperationem
3254 1980 3547 2035 multorum

313 2035 523 2090 κλόθεν⁸

1989 2068 2452 2122 commorantium
2486 2068 2542 2123 in
2568 2070 2801 2126 circuitu
2833 2090 2845 2125 :

383 2129 472 2185 54.
520 2129 609 2186 Ἐν
660 2129 737 2201 τῷ
789 2132 1213 2205 ἐπισυναχθῆναι
1257 2136 1452 2202 αὐτοὺς
1504 2137 1620 2210 ἅμα
1649 2140 1736 2193 ἐπ’
1763 2141 1882 2212 ἐμὲ,

2058 2159 2148 2214 54.
2167 2157 2225 2212 1η
2244 2175 2309 2215 eo
2325 2161 2454 2215 dum
2471 2163 2829 2219 convenirent
2845 2163 2946 2234 ipsi
2963 2163 3126 2220 simul
3143 2165 3426 2220 adversum
3442 2177 3549 2228 me,

383 2221 474 2278 55.
505 2222 612 2276 Τοῦ
645 2223 828 2277 λαϐεῖν
852 2222 949 2296 τὴν
970 2225 1144 2296 ψυχήν
1179 2243 1280 2298 μου
1309 2228 1710 2285 ἐϐουλεύσαντο.

2062 2249 2150 2303 55.
2171 2249 2430 2322 Accipere
2466 2254 2706 2310 animam
2736 2270 2913 2312 meam
2945 2256 3220 2312 consiliati
3243 2265 3389 2312 sunt.

379 2313 468 2368 56.
516 2313 658 2383 Ἐγὼ
681 2313 737 2368 δὲ
764 2315 856 2368 ἐπὶ
895 2317 997 2381 σοὶ,
1026 2316 1220 2390 Κύριε,
1247 2319 1467 2386 ἤλπισα.

2061 2341 2149 2396 56.
2187 2313 2503 2412 Εςοιιιιιειιι
2539 2347 2592 2400 in
2615 2354 2691 2414 te,
2716 2347 2965 2412 Domine,
2993 2348 3226 2418 speravi.

381 2405 472 2462 57.
505 2405 670 2462 Εῐπω
699 2408 770 2462 Σὺ
797 2403 851 2462 εἴ
873 2409 902 2461 ὁ
921 2408 1052 2474 Θεός
1083 2425 1203 2482 μου’

2067 2431 2157 2489 57.
2189 2403 2332 2502 Dixi,
2361 2435 2502 2492 Deus
2530 2403 2690 2495 meus
2712 2454 2772 2496 es
2809 2449 2864 2495 tu

385 2499 474 2554 58.
515 2499 604 2554 Ἐν
626 2503 746 2565 ταῖς
775 2499 932 2572 χερσί
961 2519 1053 2556 σου
1088 2503 1137 2556 οἱ
1165 2502 1358 2574 κλῆροί
1395 2523 1517 2576 μου.

1504 2548 1517 2559 ο
2061 2523 2150 2580 58.
2179 2523 2236 2578 ln
2270 2499 2523 2585 manibus
2562 2529 2670 2585 tuis
2697 2541 2872 2587 sortes

384 2589 472 2645 59.
513 2590 703 2645 Ῥῠσαί
737 2608 804 2663 με
837 2593 902 2646 ἐκ
930 2593 1110 2666 χειρὸς
1139 2594 1348 2667 ἐχθρῶν
1384 2613 1506 2667 μου,

2065 2615 2154 2671 59.
2184 2615 2344 2688 Eripe
2367 2633 2453 2674 me
2482 2621 2550 2676 de
2578 2636 2742 2677 manu
2776 2623 3121 2679 inimicorum
3154 2637 3433 2687 meorum,

387 2682 476 2738 40.
510 2682 620 2738 Kal
641 2684 704 2737 ἐκ
732 2682 839 2738 τῶν
869 2685 1311 2742 καταδιωκόντων
1343 2705 1430 2758 με.

1372 2705 1430 2742 ιε.
2061 2705 2150 2762 40.
2191 2682 2317 2764 Eta
2347 2706 2797 2782 persequentibus
2821 2730 2925 2770 me.

1434 2847 1805 2908 ATHANASII
1847 2854 2430 2926 INTERPRETATIO.

387 2979 474 3036 19.
521 2979 608 3033 Ἑν
635 2981 753 3046 ταῖς
785 2981 1025 3048 ἐντολαῖς
1052 3001 1164 3041 σου.
1907 3005 1940 3064 (ς

1133 3005 1164 3041 ι.
1907 3005 1950 3064 C
2052 3004 2139 3060 19.
2167 3004 2225 3061 In
2257 3008 2528 3065 mandatis
2559 3010 2686 3066 tuis.

387 3071 479 3128 20.
509 3073 630 3128 Ὅτι
657 3074 714 3128 ἐν
751 3077 863 3139 τοῖς
906 3075 1236 3147 προλαϐοῦσι
1283 3078 1494 3151 χρόνοις
1527 3098 1615 3151 μοι
1645 3082 1888 3153 ἦμαρτόν

2063 3095 2151 3153 20.
2195 3097 2464 3166 Quoniam
2501 3103 2789 3174 praeteritis
2818 3103 3156 3173 temporibus
3191 3101 3285 3158 tibi
3315 3101 3547 3172 peccavi.

321 3180 424 3218 σοι.
2234 3210 2236 3213 ,

387 3254 480 3312 21.
523 3256 658 3310 ’Υπδ
679 3256 773 3311 τοῦ
795 3257 1043 3314 διαϐόλου
1073 3262 1106 3332 ή
1135 3261 1343 3318 διάνοιά
1373 3281 1492 3334 μου.

1269 3263 1343 3318 na
1373 3281 1492 3334 μου.
2059 3277 2148 3334 2t.
2176 3280 2222 3332 A
2250 3281 2466 3335 diabolo
2504 3296 2656 3338 mens
2682 3296 2822 3337 mea.

387 3345 479 3404 22.
513 3347 622 3402 Kal
648 3351 680 3419 ἡ
717 3349 950 3423 γαστὴρ,
975 3350 1144 3421 λέγει,
1160 3354 1258 3425 τῆς
1283 3355 1457 3428 ψυχῆς
1482 3373 1602 3428 μου·
1638 3357 1778 3428 λέγω
1802 3360 1887 3434 δὴ,

2062 3369 2152 3424 22.
2189 3370 2255 3426 Et
2297 3380 2504 3438 venter,
2531 3373 2626 3438 ait,
2657 3374 2852 3428 animae
2886 3389 3020 3430 meae
3058 3389 3074 3429 :
3121 3373 3224 3430 Ubi
3247 3413 3262 3439 ,
3308 3371 3549 3442 inquam,

316 3436 446 3492 ἔνθα
474 3437 764 3494 συνέλαϐον
785 3441 883 3513 τὴν
911 3443 1202 3515 ἁμαρτίαν.

997 3444 1202 3515 αρτίαν.
1992 3463 2216 3532 concepi
2246 3472 2550 3532 peccatum.

387 3526 476 3584 25.
519 3529 607 3583 Ἐν
638 3530 905 3604 ἁμαρτίᾳ,
936 3532 1103 3602 λέγει.
1574 3576 1597 3599 .

1460 3628 1474 3641 ,
1529 3628 1542 3641 ι
1574 3576 1610 3641 ‘_
1801 3629 1827 3641 α
2061 3526 2517 3626 25.ἰιι’ροοοθιο,
2547 3555 2699 3612 dicit.
2816 3637 2817 3641 η

385 3618 476 3675 24.
521 3620 580 3674 Ὅ
605 3622 712 3686 πᾶς
735 3623 925 3693 χρόνος
956 3641 1057 3695 μου
1086 3623 1419 3697 βαρούμενος
1453 3628 1555 3682 ὑπὸ
1589 3629 1888 3700 ἁμαρτιῶν.

2061 3644 2152 3698 21.
2187 3618 2361 3700 Ouinc
2390 3661 2571 3700 meum
2604 3637 2818 3715 tempus
2845 3657 3124 3717 gravatum
3157 3661 3184 3698 a
3212 3643 3466 3714 peccatis.

387 3709 478 3765 25.
525 3710 615 3763 Ἐν
642 3710 962 3805 ἀϐοηίὶησίᾳ.

2063 3733 2154 3789 25.
2188 3732 2244 3789 ln
2273 3735 2462 3791 auxilii
2493 3736 2697 3805 inopia.

387 3799 476 3856 26.
501 3790 906 3875 Συμπέφυρῖὶαι
931 3807 998 3876 τῇ
1023 3806 1284 3877 ἁμαρτίᾳ.

2060 3826 2152 3882 26.
2185 3826 2476 3898 Subjectus
2507 3836 2561 3883 et
2589 3790 2917 3883 commistlts
2944 3844 3064 3882 sum
3098 3835 3338 3896 peccato.

387 3895 478 3951 27.
511 3895 588 3969 (1)
614 3897 844 3963 Πάντες,
887 3897 1057 3968 λέγει,
1085 3900 1134 3952 οἱ
1166 3897 1348 3970 ἐχθροί
1393 3916 1514 3970 μου,
1539 3900 1813 3952 τουτέστιν
1841 3899 1890 3951 οἱ

2063 3917 2155 3973 27.
2182 3895 2408 3984 Omnes,
2452 3919 2649 3990 inquit,
2688 3917 2893 3973 inimici
2928 3920 3054 3984 mei,
3107 3919 3207 3971 hoc
3244 3925 3326 3969 est
3354 3919 3553 3971 daemo—

313 3987 569 4059 δαίμονες
608 3988 746 4059 μετὰ
768 3990 830 4044 τὸ
859 3990 1174 4062 ἁμαρτῆσαί
1213 4007 1300 4061 με,
1346 3989 1655 4056 ὀνειδίζουσί
1678 4007 1762 4062 με.

1995 4021 2110 4068 nes.
2149 4016 2439 4079 postquam
2487 3987 2588 4081 ego
2619 4009 2860 4080 peccavi,
2904 4025 2991 4064 me
3014 4009 3229 4078 probris
3257 4009 3512 4064 alliciunt.

390 4079 482 4136 28.
513 4083 575 4135 Οἱ
607 4083 665 4135 ἐν
690 4083 814 4154 ἐμοὶ
849 4082 1119 4153 μένοντες.
1701 4081 1708 4089 ’

2062 4095 2152 4150 28.
2181 4095 2282 4163 Qui
2321 4099 2374 4153 in
2408 4115 2495 4154 me
2520 4079 2761 4168 manent,
3416 4181 3419 4184 γ

386 4172 476 4226 29.
519 4174 582 4226 Ol
616 4175 672 4228 δέ
695 4175 897 4244 γνῶσιν
954 4176 1167 4248 ἔχοντες
1196 4175 1430 4245 ὁρῶντές
1464 4191 1529 4245 με
1582 4173 1887 4242 φοϐοῦνται,

2063 4186 2154 4242 29.
2189 4186 2291 4254 Qui
2324 4198 2502 4244 autem
2536 4202 2894 4260 cognoscunt,
2924 4191 3166 4246 videntes
3209 4207 3295 4247 me
3345 4181 3551 4254 timent,

319 4263 397 4336 μὴ
424 4263 481 4318 δὲ
506 4265 657 4319 αὐτοὶ
685 4266 857 4332 οὕτως
875 4267 1202 4340 ἡττηθῶσιν.
1772 4270 1774 4272 ⁷

1772 4270 1774 4272 ’
1916 4344 1955 4353 _
1994 4294 2062 4333 ne
2090 4279 2194 4350 ipsi
2227 4281 2556 4353 quandoque
2572 4284 2824 4340 similiter
2849 4285 3222 4340 succumbant.

390 4355 478 4410 50.
512 4357 575 4410 Οἱ
597 4356 817 4427 ἄγγελοί
840 4376 934 4412 σου
956 4361 1250 4430 ἀφίσταντο
1282 4358 1374 4411 ἀπ’
1409 4356 1562 4428 ἐμοῦ.
1916 4344 1943 4402 Ῑ

1522 4356 1562 4410 3.
1916 4344 1969 4402 D
2059 4344 2147 4426 50.
2173 4344 2362 4444 Angeli
2395 4344 2482 4430 tui-
2511 4392 2542 4430 a
2569 4392 2654 4431 me
2688 4377 3075 4433 discesserunt.

386 4446 474 4502 51.
510 4448 653 4502 Ὠσεὶ
680 4449 754 4522 (2)
805 4451 998 4523 νεκρὸς
1052 4449 1190 4522 λήθη
1238 4451 1446 4520 γίνεται
1502 4449 1606 4502 ἀπὸ
1664 4445 1886 4517 καρδίας

2062 4463 2150 4519 51.
2181 4463 2338 4522 Sicut
2367 4480 2618 4524 mortuus
2647 4469 2907 4524 oblivioni
2941 4469 3170 4525 traditur
3194 4470 3246 4524 in
3281 4469 3442 4525 corde
3472 4468 3555 4522 vi-

311 4537 425 4592 τῶν
451 4537 686 4606 ζώντων,
727 4541 898 4604 οὕτως
925 4541 1079 4611 κάγὼ
1110 4543 1393 4613 ἐγενόμην.

1992 4560 2258 4623 ventium,
2289 4561 2361 4615 ita
2387 4568 2440 4616 et
2461 4578 2562 4632 ego
2595 4561 2769 4617 factus
2805 4578 2946 4616 smn.

389 4635 479 4691 52.
514 4637 817 4708 ’Δχρηστον
839 4637 1007 4705 λέγει.

2063 4650 2150 4705 52.
2188 4651 2402 4718 Inutile,
2433 4654 2626 4725 inquit.

387 4727 476 4781 55.
513 4727 590 4798 (5)
613 4727 736 4781 Ὅτι
761 4728 945 4783 ἀκούω
974 4729 1082 4782 τῶν
1106 4730 1374 4801 δαιμόνων
1405 4729 1766 4794 ὀνειδιζόντων
1821 4751 1886 4805 με

2067 4742 2156 4795 55.
2183 4742 2457 4808 Quoniam
2503 4749 2665 4802 audio
2703 4749 2974 4804 daui'iones
3005 4749 3394 4818 opprobrantcs
3426 4748 3558 4802 mihi

315 4815 376 4866 ὲν
396 4816 462 4886 τῇ
493 4815 688 4887 καρδίᾳ
717 4833 839 4886 μου.

1993 4832 2046 4886 in
2073 4835 2236 4889 corde
2267 4852 2407 4892 meo.

391 4903 482 4964 54.
523 4903 612 4959 55.
677 4905 799 4959 Ἐπὶ
852 4909 914 4961 τὸ
967 4910 1100 4962 αὐτὸ
1126 4909 1383 4978 γεγόνασι
1421 4909 1514 4962 τοῦ
1560 4914 1889 4986 αἰχμαλωτί-

2063 4924 2156 4991 54,
2185 4926 2275 4980 55.
2300 4927 2437 4982 Cum
2467 4929 2631 4984 simul
2659 4933 2968 5002 congregati
2999 4941 3146 4998 sunt,
3180 4941 3239 4986 ut
3271 4947 3353 4985 me
3385 4930 3555 4998 capti-

317 5008 408 5048 σαι
441 5009 530 5064 με.

1992 5029 2118 5068 vum
2149 5017 2425 5072 ducerent.

387 5085 475 5150 56,
505 5087 594 5142 57.
640 5089 780 5159 Ἐγὼ
805 5089 862 5144 δέ
894 5091 985 5145 ἐπὶ
1026 5093 1108 5145 col
1161 5092 1385 5164 ἤλπισα,
1410 5095 1491 5148 ὃτι
1522 5094 1580 5161 ἐξ
1599 5095 1775 5150 αὐτῶν
1797 5097 1888 5150 λυ-

2061 5105 2149 5169 56,
2180 5106 2268 5162 57.
2311 5107 2421 5179 Ego
2448 5121 2626 5164 autem
2660 5111 2712 5164 in
2747 5121 2818 5176 te,
2855 5109 3101 5174 Domine,
3147 5125 3377 5179 speravi,
3413 5109 3558 5178 quod

321 5174 500 5250 τρώσῃ
541 5197 609 5248 με
637 5179 735 5250 (1)’
761 5182 825 5236 σὺ
853 5181 962 5253 γὰρ
984 5178 1036 5236 εἴ
1053 5186 1082 5236 ό
1109 5183 1240 5248 Θεός
1263 5202 1385 5256 μου.
1605 5234 1617 5248 ,

1997 5213 2083 5252 ine
2106 5199 2174 5254 ab
2202 5198 2308 5256 illis
2339 5202 2596 5258 liberabis
2621 5221 2635 5263 :
2661 5214 2715 5257 tu
2747 5203 2891 5258 enim
2916 5218 2976 5258 es
3002 5201 3144 5256 Dens
3173 5217 3342 5256 meus.

388 5265 479 5320 58.
525 5267 612 5322 Ἔν
637 5273 755 5334 ταῖς
782 5273 937 5343 χερσί
971 5290 1062 5326 σου
1091 5273 1261 5345 ἔθηκα
1281 5275 1378 5347 τὴν
1400 5275 1574 5347 ψυχήν
1606 5295 1726 5348 μου.

2069 5287 2157 5344 58.
2189 5287 2246 5343 1η
2278 5292 2530 5347 manibus
2561 5293 2667 5348 tuis
2695 5291 2850 5362 posui
2880 5292 3115 5345 animam
3147 5305 3339 5343 meam.

386 5356 476 5423 59,
507 5359 592 5415 40.
621 5361 742 5415 Τῶν
769 5363 1024 5417 ἐναντίων
1052 5363 1350 5436 δυνάμεων,
1381 5368 1548 5437 λέγει.

2069 5375 2158 5442 59,
2190 5375 2279 5432 40.
2311 5377 2356 5430 Α
2384 5381 2676 5435 contrariis
2695 5356 3065 5450 potestatibus
3121 5377 3315 5446 inquit.

1267 5483 1574 5546 Addenda
1607 5492 1666 5548 et
1699 5491 2079 5567 corrigenda
2126 5512 2204 5556 ex
2235 5496 2374 5559 cod.
2413 5498 2637 5576 Vatic._

393 5574 471 5660 ς1)
504 5574 675 5667 ῌ.27,
704 5579 805 5667 29,
827 5581 916 5667 29.
951 5581 1199 5667 λξέγειωί
1227 5581 1409 5667 ἐχθροί
1443 5599 1565 5667 μου..
1594 5595 1724 5667 θέο..
1749 5588 1889 5667 όνιει-

2069 5594 2254 5667 (5)-Ν.
2287 5596 2374 5667 55.
2408 5574 2780 5662 Ἀκούωξοιςη
2813 5613 2898 5666 με.
2930 5594 2992 5649 Ν.
3024 5595 3109 5661 51,
3149 5593 3236 5649 Ἐν
3265 5597 3335 5667 τῇ·
3367 5592 3561 5667 καρδίᾳ

321 5642 524 5735 δείξουσί
557 5642 668 5719 μοι,
704 5652 751 5704 οἱ
786 5642 845 5705 ἐν
873 5651 1011 5722 ἐμοί,
1037 5642 1169 5717 ξω..
1203 5642 1394 5722 μῆ’κάὶ
1416 5642 1564 5706 αὑτοῖ
1594 5642 1761 5719 οὕτως
1793 5660 1891 5728 ήτ-
2005 5642 2644 5735 μάλ’-’ἑ

323 5715 604 5858 τηῗῧσξές
644 5791 689 5843 ὁ.
906 5715 916 5722 ’
997 5715 1008 5721 ’
1157 5715 1214 5721 ”
1264 5715 1274 5722 ’
1744 5715 1756 5719 ⁷
1815 5715 1824 5728 ’
2005 5715 2613 5808 ’ίίιθῖιυὲᾖὶῡσέέξιῐέζ

421 5806 472 5851 2)
534 5806 604 5851 ιις
644 5806 689 5843 ο.
