3934 6218
396 428 500 488 739
1231 421 1288 477 S.
1337 417 1705 477 ATHANASH
1744 416 1894 474 OPP.
1936 417 2116 473 PARS
2148 417 2236 472 lli.
2276 447 2341 458 —
2384 411 2793 469 EXEGE'IICA.
3514 410 3613 463 160

464 551 553 606 4i.
580 547 795 604 lliustra
832 545 1025 603 faciem
1061 552 1206 598 tuam
1237 556 1400 610 super
1437 555 1656 596 servum
1684 548 1833 593 tuum
1864 555 1877 591 :
1981 547 2017 598 Α

2124 556 2214 611 4|.
2285 554 2576 622 Ἐπίφανον
2627 550 2689 603 τὸ
2736 546 3022 621 πρόσωπόν
3064 563 3161 599 σου
3224 544 3325 598 ἐπὶ
3367 543 3459 599 τὸν
3480 545 3614 601 δεῖ».

2052 649 2141 703 λόν
2166 665 2256 701 σου
2271 664 2284 677 ⁶

462 726 555 785 42.
590 724 813 782 Salvum
841 740 929 780 me
946 723 1034 778 fac
1054 723 1108 778 in
1131 720 1505 776 misericordia
1534 728 1642 774 tua.

1463 720 1505 773 ia
1534 728 1642 774 “*3-
2126 737 2215 792 42.
2241 735 2423 789 Σῶσόν
2451 752 2518 806 με
2554 734 2611 787 ὲν
2638 732 2716 805 τῷ
2748 730 2884 785 ἐλέει
2904 747 3016 784 σου.

464 822 556 877 45.
581 819 829 883 Domine,
851 832 961 872 non
985 814 1311 882 confundar,
1328 813 1584 884 quoniam
1610 812 1855 868 invocavi
1877 823 1947 869 te.

2125 830 2215 885 45.
2254 826 2450 899 Κύριε,
2510 826 2584 897 μὴ
2637 822 3113 894 καταισχυνθείην.
3165 822 3247 905 ὃτι
3289 821 3614 876 ὲπεκαλεσὰ-

2226 936 2273 973 ε.

464 1013 915 1071 ΗμΕι-υιιεεοαειι
935 1009 1107 1082 impii,
1132 1017 1186 1065 et
1208 1007 1547 1063 deducantur
1565 1005 1621 1060 in
1645 1004 1947 1062 infernum:

2058 937 2670 1082 anfediquvﬂstnmv
2690 1007 2930 1071 ἀσεϐεῖς,
2962 1019 3059 1061 και
3113 1005 3510 1077 καταχθείησαν
3536 1006 3611 1068 ti;

465 1186 557 1242 45.
588 1185 734 1241 luta
760 1186 894 1241 ﬂant
914 1186 1299 1250 labiadoiosa,

2249 1193 2458 1248 Ἀλαλα
2484 1193 2765 1265 γενηθήτω
2787 1191 2858 1246 τὰ
2889 1189 3040 1262 χείλη
3066 1188 3137 1243 τὰ
3164 1189 3346 1252 δόλια,

464 1277 553 1332 46.
583 1276 716 1344 Quae
736 1278 1036 1348 loquuntur
1058 1279 1321 1335 adversus
1352 1280 1559 1351 justum
1589 1277 1950 1349 iniquitatem,

1886 1291 1950 1342 in,
2121 1286 2210 1341 46.
2235 1286 2315 1339 Τὰ
2349 1284 2610 1339 λαλοῦντα
2636 1282 2776 1338 κατὰ
2825 1281 2920 1335 τοῦ
2950 1281 3155 1335 δικαίου
3189 1281 3439 1351 ἀνομίαν,

462 1366 554 1419 47.
586 1366 642 1420 In
666 1367 917 1437 superbia
947 1377 1002 1422 et
1032 1376 1367 1438 contemptu.

2120 1379 2208 1433 47.
2245 1379 2332 1431 Ἐν
2358 1375 2704 1448 ὑπερηφανίᾳ
2742 1374 2838 1429 καὶ
2863 1372 3227 1441 ἐξουδενώσει.

463 1457 553 1512 48.
584 1455 757 1523 Quam
793 1474 990 1531 magna
1021 1460 1314 1517 multitudo
1356 1457 1661 1517 dulcedinis
1690 1466 1813 1523 tum,
1842 1454 1947 1512 Do-

2101 1469 2210 1525 48.
2248 1469 2338 1534 Ὧς
2381 1469 2515 1522 πολὺ
2569 1467 2630 1520 τὸ
2684 1465 2886 1536 πλῆθος
2938 1466 3035 1538 τῆς
3077 1463 3441 1537 χρηστότητός
3494 1479 3609 1531 σου,

396 1562 547 1604 mine
574 1567 588 1603 ε

2048 1564 2237 1604 Κύκης·

464 1566 510 1603 ιη
574 1567 588 1603 :

464 1566 557 1695 49c.
592 1638 768 1707 Quam
795 1640 1134 1696 abscondisti
1163 1641 1482 1698 timentibus
1509 1650 1600 1697 te:

2048 1566 2131 1619 Κύ
2174 1583 2238 1618 ιε·

2058 1646 2067 1653 ’
2117 1582 2208 1713 4ρ9.
2244 1655 2366 1730 *Ηί
2379 1656 2623 1730 ἔκρυψας
2646 1655 2758 1718 τοῖς
2789 1651 3140 1724 φοϐουμένοις
3168 1668 3248 1707 σε.

465 1731 556 1785 50.
583 1731 867 1788 Perfecisti
893 1732 994 1799 eis,
1021 1733 1115 1802 qui
1143 1744 1363 1804 sperant
1391 1735 1444 1789 in
1474 1742 1546 1800 te,
1666 1738 1679 1749 ’

2116 1751 2204 1806 50.
2238 1749 2565 1820 Ἐξειργάσω
2588 1750 2700 1809 τοῖς
2724 1745 3030 1810 ἐλπίζουσιν
3056 1742 3148 1797 ἐπὶ
3181 1742 3260 1810 σὲ,

465 1824 555 1878 51.
589 1824 646 1879 1η
672 1836 968 1895 conspectu
1007 1828 1241 1882 ﬁliorum
1269 1829 1574 1884 hominum.
1982 1881 2018 1905 η

1982 1881 2021 1905 π,
2119 1842 2206 1897 51.
2252 1839 2520 1896 Ἐναντῐον
2548 1839 2656 1893 τῶν
2684 1836 2814 1890 υἱῶν
2840 1835 2948 1889 τῶν
2975 1833 3291 1905 ἀνθρώπων.

462 1914 553 1971 52.
583 1881 903 1975 Abscondes
928 1881 1024 1976 eos
1058 1922 1112 1975 in
1139 1881 1647 1978 absconditoifaciei
1674 1927 1798 1987 tuae,
1980 1881 2015 1936 Β

2119 1881 2206 1897 υ..
2269 1881 2516 1896 ...μη-ν.
2560 1881 2652 1893 ...η
2689 1881 2809 1890 -..η
2852 1881 2940 1889 -.η
2977 1881 3291 1905 “ﬁrm---

2125 1933 2212 1987 52.
2242 1929 2627 2004 Κατακρύψεις
2652 1928 2847 1990 αὐτοὺς
2875 1927 2931 1981 ὲν
2973 1925 3275 1998 ἀποκρύφῳ
3316 1922 3415 1978 τοῦ
3447 1941 3612 1996 προσ-

460 2092 550 2148 55.
576 2095 623 2148 A
652 2096 1064 2152 conturbatione
1096 2097 1373 2153 hominum
1402 2116 1417 2153 :

2056 2043 2204 2081 ωπου
2231 2041 2345 2087 σου,

1729 2187 1762 2189 __
2123 2121 2210 2175 55.
2253 2117 2385 2172 Ἀπὸ
2413 2116 2489 2189 (a)
2519 2114 2759 2187 ταραχῆς
2783 2112 3104 2185 ἀνθρώπων

466 2184 557 2240 54.
587 2184 847 2257 Proteges
878 2203 975 2243 eos
996 2188 1051 2242 in
1082 2189 1434 2245 tabernaculo
1457 2204 1487 2245 a
1521 2187 1948 2244 contradictione

2123 2212 2212 2267 54.
2249 2184 2550 2273 Σκεπέισεις
2591 2184 2790 2272 αὐτοὺς
2837 2184 2897 2260 ὲν
2944 2207 3117 2279 σκηνῇ
3165 2201 3273 2257 ἀπὸ
3309 2199 3612 2270 ἀντιλογίας

393 2273 725 2346 linguarum.

776 2370 803 2375 __
979 2373 1001 2375 _
1124 2374 1130 2375 7
1490 2373 1497 2375 7
1704 2371 1715 2375 7
1753 2370 1799 2375 __
1911 2372 1923 2375 7
2050 2305 2329 2375 γλωσσῶν.

466 2367 555 2421 55.
607 2368 930 2427 Benedictus
979 2373 1282 2439 Dominus,
1335 2373 1594 2444 quoniam
1645 2370 1952 2429 miriﬁcavit

2062 2367 2074 2375 ⁷
2115 2397 2202 2453 55.
2231 2393 2534 2467 Εὐλογητὸς
2557 2392 2776 2463 Κύριος,
2827 2392 2909 2445 ὅτι
2956 2388 3345 2461 ὲθαυμάστωσε
3373 2382 3439 2438 τὺ
3466 2383 3615 2447 ἔλεος

394 2461 827 2520 misericordiam
862 2479 1016 2520 suam
1053 2466 1104 2520 in
1130 2466 1347 2522 civitate
1372 2468 1598 2521 munita.

1218 2466 1347 2522 ίίαῑθ
1372 2468 1598 2521 ηιυυίιθ·
2045 2488 2206 2544 αὑτοῦ
2228 2490 2286 2542 ὲν
2310 2461 2460 2541 πόλει
2488 2461 2765 2558 περιογῆς.

465 2551 552 2607 56.
582 2551 697 2624 Ego
722 2564 903 2611 autem
933 2557 1043 2612 dixi
1075 2557 1130 2612 in
1164 2573 1389 2614 excessu
1418 2558 1619 2615 mentis
1651 2573 1784 2613 mea:
1811 2575 1825 2612 :

1651 2573 1784 2613 mea
1811 2575 1825 2612 ³
2113 2583 2203 2638 56.
2238 2580 2376 2650 Ἐγὼ
2395 2580 2453 2633 δὲ
2479 2551 2606 2632 εἶπα
2799 2575 3046 2631 ἐκστάσει
3075 2588 3197 2647 μου’

463 2644 552 2700 57.
580 2644 861 2717 Proiectus
893 2665 1014 2704 sum
1046 2667 1076 2705 a
1104 2651 1243 2706 facie
1270 2652 1551 2707 oculorum
1578 2660 1817 2706 tuorum.

2115 2673 2203 2728 57.
2235 2644 2608 2745 Ἀπέρριμμαι
2631 2668 2738 2723 ἀπὸ
2749 2644 3042 2739 προσώπου
3068 2644 3484 2735 τῶνόφθαλμῶν
3500 2676 3612 2712 σου.

465 2736 552 2791 58.
588 2736 713 2794 ideo
761 2742 1032 2797 cxaudisti
1084 2759 1269 2798 vocem
1318 2745 1582 2799 orationis
1624 2759 1775 2812 meae,
1822 2744 1950 2799 dum

2127 2764 2215 2819 58.
2239 2764 2338 2818 Διὰ
2358 2736 2522 2816 τοῦτο⁷
2547 2736 2868 2827 εἰσήκουσας
2895 2759 2994 2828 τῆς
3042 2757 3228 2827 φωνῆς
3254 2755 3355 2825 τῆς
3377 2749 3611 2824 δεήσεὼς

395 2824 692 2927 clamarem
723 2829 788 2927 ad
814 2837 887 2927 te.
975 2923 986 2927 7
1550 2925 1560 2927 7
1630 2926 1638 2927 7
2061 2873 2183 2927 μου,
2206 2857 2263 2909 ὲν
2287 2854 2365 2925 τῷ
2396 2824 2721 2924 κεκραγέναι
2754 2869 2820 2923 με
2853 2824 2988 2920 πρός
3011 2824 3091 2903 σέ.

465 2915 553 2970 59.
590 2916 807 2990 Diiigite
833 2920 1147 2991 Dominum,
1171 2940 1363 2980 omnes
1389 2925 1562 2981 sancti
1594 2926 1742 2997 ejus:

2067 2915 2074 2927 ’
2128 2915 2218 2998 56.
2286 2915 2629 3011 ’Ᾰγαπήσατε
2696 2915 2787 2994 τὸν
2838 2915 3072 3011 Κῦριον,
3127 2936 3329 2999 πάντες
3383 2933 3437 2987 οἱ
3478 2932 3620 2986 eam;

2058 3033 2245 3089 αὐτοῦ·

468 3114 542 3186 (a)
595 3116 658 3172 V.
720 3119 807 3174 55.
860 3121 1010 3189 Ἀπό,
1065 3133 1204 3190 etc.,
1260 3125 1475 3189 αὐτούς.
1511 3125 1578 3179 ν.
1630 3125 1715 3180 54.
1780 3126 1869 3179 ’Ev
1909 3142 2021 3196 cx-q

720 3119 807 3174 55.
860 3121 1010 3189 Ἀπό,
1065 3133 1204 3190 etc.,
1260 3125 1475 3189 αὐτούς.
1511 3125 1578 3179 ν.
1630 3125 1715 3180 54.
1780 3126 1869 3179 ’Ev
1909 3128 2109 3196 σκηνῇ,
2137 3134 2241 3181 etc.

1509 3237 1877 3293 ATHANASII
1915 3236 2490 3295 INTERPRETATIO.

467 3342 557 3406 4i,
588 3344 678 3400 ιε.
710 3344 880 3401 Visita
915 3363 1003 3404 me
1029 3365 1242 3406 servum
1290 3362 1464 3419 tuum,
1506 3364 1559 3409 et
1596 3355 1743 3410 salva
1776 3369 1862 3409 me
1898 3316 1951 3409 in
1981 3359 2020 3421 C

2128 3354 2216 3420 4i,
2245 3353 2334 3409 42.
2375 3352 2705 3425 Ἐπισκοπὴν
2759 3349 2983 3422 ποίησόν
3017 3365 3117 3421 μου
3156 3345 3250 3402 τοῦ
3280 3343 3467 3399 δούλου
3511 3357 3622 3401 σου,

398 3433 768 3490 misericordia
793 3445 905 3493 tua.

2056 3449 2150 3501 καὶ
2179 3446 2350 3499 σῶσόν
2382 3462 2448 3516 με
2470 3446 2529 3498 ἐν
2555 3444 2635 3515 τῷ
2664 3444 2800 3498 ἐλέει
2825 3460 2939 3498 σου.

468 3525 557 3581 45.
597 3525 677 3582 Ne
710 3528 979 3598 despicias
1008 3546 1114 3586 me.

2125 3538 2213 3592 45.
2249 3536 2340 3607 Μὴ
2363 3535 2680 3608 παρακούῃς
2705 3551 2805 3606 μου
2840 3530 2936 3604 (1).

468 3618 557 3671 44.
586 3615 888 3675 Daemones.

2130 3629 2221 3685 44.
2261 3631 2325 3682 Οί
2348 3628 2621 3699 δαίμονες.

464 3710 553 3766 45.
590 3712 892 3783 Aggressus
919 3714 1327 3770 immundorum
1365 3717 1676 3787 spirituum.

2127 3721 2218 3775 45.
2249 3721 2315 3774 Ai
2355 3719 2594 3773 εἰσϐολαὶ
2625 3717 2701 3787 (2)
2749 3716 2859 3770 τῶν
2910 3714 3232 3785 ἀκαθάρτων
3283 3709 3618 3782 πνευμάτων.

463 3804 553 3859 46.
584 3802 788 3860 Contra
818 3806 987 3862 Deum
1023 3816 1078 3862 et
1111 3823 1299 3863 servos
1326 3810 1463 3878 ejus.

2133 3812 2219 3865 46.
2255 3811 2409 3865 Κατὰ
2437 3810 2529 3864 τοῦ
2556 3809 2690 3862 Θεοῦ
2727 3809 2820 3864 καὶ
2849 3808 2956 3863 τῶν
2979 3805 3164 3861 αὐτοῦ.

469 3896 560 3951 47.
596 3896 654 3952 In
681 3898 943 3967 jactantia
965 3908 1017 3955 et
1045 3899 1420 3970 despicientia.

2128 3903 2216 3959 47.
2255 3904 2341 3956 Ἐν
2362 3901 2648 3971 ἀλαζονείᾳ
2676 3902 2769 3954 καὶ
2798 3900 3085 3970 ὑπεροψίᾳ.

468 3989 557 4056 48,
593 3989 683 4045 49.
727 3990 1001 4046 Bonorum
1049 4001 1265 4048 tuorum
1288 4033 1303 4058 ,
1335 4010 1456 4066 quze
1487 3998 1804 4067 praeparasti
1839 4014 1960 4054 san-

2129 3995 2219 4061 48,
2245 3993 2334 4048 49.
2364 3992 2483 4047 Τῶν
2508 3991 2726 4060 ἀγαθῶν
2753 4008 2867 4057 σου,
2897 3984 2971 4045 ὧν
2995 3989 3295 4062 ἡτοίμασας
3328 3994 3441 4055 τοῖς
3462 3992 3625 4061 ἁγίοις

399 4085 503 4138 οιὶε
535 4085 663 4138 tuis.

2062 4102 2177 4155 σου.
2679 4081 2689 4087 ’

470 4173 559 4228 50.
595 4174 1044 4245 lncomparabiiia
1079 4178 1283 4247 parasti
1311 4181 1653 4249 sperantibus
1685 4183 1736 4237 in
1767 4191 1836 4237 te.

2133 4175 2223 4230 50.
2255 4174 2582 4245 Ἀσύγκριτα
2612 4173 2948 4246 ηὐτρέπισας
2968 4173 3081 4234 τοῖς
3105 4171 3410 4236 ἐλπίζουσιν
3433 4174 3523 4226 ἐπὶ
3552 4172 3621 4225 σέ.

472 4265 563 4319 51.
594 4264 652 4319 1η
683 4277 976 4335 conspectu
1020 4282 1208 4322 eorum
1241 4269 1335 4340 qui
1365 4285 1395 4324 a
1426 4270 1663 4327 sinistris
1719 4273 1960 4328 stabunt.

1798 4273 1960 4328 .bnnt.
2134 4266 2222 4320 51.
2266 4264 2525 4320 Ἐνὼπιον
2549 4265 2656 4319 τῶν
2685 4265 2745 4328 ἐξ
2774 4262 3076 4336 ἀριστερῶν
3105 4260 3351 4315 ἑστώτων

474 4357 565 4411 52.
591 4357 878 4412 Custodies
907 4373 1004 4425 eos
1032 4361 1085 4413 in
1118 4359 1258 4416 Filio
1287 4371 1399 4416 tuo.

2133 4357 2220 4411 52.
2254 4357 2509 4421 Φυλάξεις
2543 4358 2737 4420 αὐτοὺς
2769 4357 2825 4409 ὲν
2851 4354 2930 4426 τῷ
2952 4352 3065 4424 Υίῷ
3092 4370 3202 4406 σου.

469 4448 557 4503 55.
580 4447 625 4502 Α
647 4455 914 4518 potestate
941 4449 1221 4505 hominum
1251 4453 1489 4522 eripiens
1512 4455 1684 4525 gratia
1723 4464 1840 4509 tua.

2133 4450 2222 4504 55.
2253 4449 2328 4517 (5)
2395 4447 2526 4501 Ἀπὸ
2592 4447 2906 4511 δυναστείας
2968 4429 3269 4516 ἀνθρώπων
3332 4446 3623 4516 ῥυσάμενος

2065 4544 2129 4613 τῇ
2161 4541 2341 4612 χάριτί
2367 4556 2480 4592 σου.

472 4628 560 4684 54.
589 4626 878 4683 Custodies
903 4643 999 4685 eos
1024 4630 1077 4684 in
1113 4632 1483 4699 tabernaculo,
1517 4634 1660 4703 quod
1695 4633 1966 4703 compegit
1995 4695 2025 4703 η

2135 4632 2224 4686 54.
2279 4629 2540 4695 Φυλάξεις
2596 4631 2794 4694 αὐτοὺς
2822 4631 2880 4682 ἐν
2906 4630 2972 4700 τῇ
3021 4631 3212 4701 σκηνῇ,
3267 4628 3334 4682 ἣν
3383 4626 3631 4699 ἔπηξενὸ

403 4721 665 4776 Dominus
699 4721 753 4774 in
784 4720 956 4776 cmiis.

1470 4695 1478 4699 ⁷
1534 4695 1552 4703 υ
1820 4695 1839 4703 -
1890 4695 1917 4703 ν
1995 4695 2038 4749 D
2067 4723 2268 4794 Κύριος
2301 4723 2357 4775 ἐν
2381 4724 2493 4785 τοῖς
2515 4721 2781 4794 οὐρανοῖς.

474 4813 564 4870 55.
603 4812 980 4883 Multiplicavit
1013 4816 1444 4872 miscricordiam
1488 4831 1640 4870 suam
1673 4830 1834 4884 super
1868 4832 1964 4887 po-

2133 4815 2223 4869 55.
2266 4813 2562 4884 Ἐπλήθυνε
2592 4812 2654 4865 τὸ
2696 4812 2841 4875 ἔλεος
2893 4809 3056 4865 αὑτοῦ
3110 4810 3203 4865 ἐπὶ
3248 4809 3341 4863 τὸν
3391 4809 3519 4863 λαὸν
3543 4806 3632 4861 τὶν

402 4906 588 4978 pulum
614 4904 865 4960 ﬁdelem.‘

712 4904 865 4959 :lem.‘
2064 4909 2265 4962 πιστόν.

471 4997 562 5063 56,
596 4997 686 5053 57.
715 4994 827 5066 Ego
851 5003 1030 5050 autem
1058 4995 1169 5050 dixi
1204 4995 1256 5049 in
1282 5004 1504 5064 peccato
1530 5013 1674 5052 meo.

2135 5000 2223 5067 56,
2257 5000 2345 5055 57.
2391 4999 2530 5069 Ἐγὼ
2552 4999 2607 5053 δὲ
2631 4995 2762 5053 εἶπα
2786 5000 2841 5052 ἐν
2869 5001 2940 5068 τῇ,
2963 4996 3203 5071 ἁμαρτίᾳ
3232 5013 3352 5067 μου.

473 5089 562 5145 58.
598 5088 735 5157 Quia
771 5088 1056 5145 confessus
1081 5102 1200 5142 sum
1228 5088 1320 5141 tibi
1349 5098 1567 5157 peccata
1615 5105 1733 5144 mea
1761 5090 1813 5144 in
1858 5090 1961 5144 hu-

2142 5093 2227 5148 58.
2255 5092 2355 5146 Διὰ
2380 5093 2442 5146 τὸ
2473 5089 2965 5163 ὲξομολογήσασθαί
2998 5107 3080 5143 σοι
3103 5088 3200 5151 τὰς
3229 5086 3501 5158 ἁμαρτίας
3529 5101 3630 5155 μου

404 5182 630 5238 militate
686 5184 868 5239 cordis
927 5182 1077 5249 mei,
1131 5181 1400 5237 exaudisti
1459 5182 1717 5252 gemitum
1770 5184 1957 5237 animae

2080 5185 2127 5236 ἓν
2171 5181 2496 5236 ταπεινώσει
2540 5183 2639 5253 τῆς
2699 5180 2925 5252 καρδίας
2974 5197 3109 5251 μου,
3167 5179 3489 5250 είσήκουσας
3536 5174 3633 5227 τοῦ

404 5291 556 5329 meae.
2070 5275 2125 5328 δε
2135 5274 2269 5345 ρμοῦ
2294 5274 2368 5344 (4)
2391 5274 2488 5345 τῆς
2519 5273 2698 5345 ψυχῆς
2729 5290 2847 5344 μου.
3382 5326 3389 5331 .

471 5365 562 5422 59.
611 5368 812 5424 Omnes
876 5370 969 5440 qui
1016 5367 1208 5423 odistis
1251 5366 1538 5437 improha,
1579 5364 1788 5437 diligite
1860 5366 1967 5421 Do-

2144 5365 2231 5419 59.
2266 5365 2471 5430 Πάντες
2511 5366 2561 5418 οἱ
2600 5364 2883 5435 μισοῦντες
2922 5363 3130 5436 πονηρὰ
3175 5362 3274 5434 (5),
3312 5358 3635 5431 ἀγαπῆσαι-τ

407 5455 631 5511 minum.

2073 5455 2164 5510 τὸν
2194 5455 2417 5528 Κύριον.

1352 5571 1659 5634 Addenda
1699 5580 1757 5634 et
1788 5571 2160 5651 corrigenda
2194 5590 2272 5634 ex
2308 5572 2449 5633 cod.
2488 5572 2688 5635 Vatic.

479 5688 557 5801 (1)
582 5691 771 5760 Κύριε,
806 5695 878 5763 μὴ
914 5694 1265 5767 παρακούσῃς
1294 5710 1414 5765 μου,

506 5758 560 5801 ’Ξὶ
602 5758 845 5801 Tia/ﬁniri!
892 5773 974 5801 nln

966 5694 1160 5795 71mm)
1170 5712 1265 5767 σῃς
1294 5710 1414 5765 μουι
2181 5703 2519 5801 alca-immuni?

506 5758 560 5833 ἓ)
588 5758 1007 5833 Momm:
1207 5758 1233 5767 "
1295 5758 1306 5765 ·
1676 5832 1685 5833 ,

989 5758 1007 5816 .’
1207 5758 1233 5767 ”
1295 5758 1306 5765 ’
1676 5832 1685 5833 7
2116 5758 2138 5763 ”
2151 5762 2225 5829 (4)
2265 5760 2542 5833 ’1)δυρμοῦ.

481 5825 560 5897 (5)
588 5826 648 5881 Ν.
676 5828 948 5904 55.ιἈπό,
977 5843 1102 5900 etc.,
1135 5835 1387 5905 φυλάξεις
1426 5833 1636 5898 αὐτούς.
1674 5832 1737 5890 Ν.
1782 5834 1971 5892 54.'Ev

1095 5875 1102 5900 ,
1135 5835 1387 5905 φυλάξεις
1426 5833 1636 5898 αὐτούς.
1674 5832 1737 5890 Ν.
1782 5834 1971 5892 54.'Ev
2260 5825 2648 5902 Πᾶν’πονηρὸν.
