3934 6218
324 435 414 490 761
1198 429 1285 483 DE
1325 427 1604 485 TITULIS
1647 426 2097 486 PSALMORUM.
2137 455 2208 470 -
2242 427 2440 486 PSAL.
2492 428 2682 485 lix-XI.
3452 433 3554 489 762

393 552 481 607 60.
507 550 626 604 Ὅτι
657 547 912 620 ἀληθείας
940 547 1158 619 ἐκζητεϊ
1186 549 1407 620 Κύριος.
1927 560 1946 610 1

1927 559 1972 610 Α
2071 547 2160 602 60.
2188 548 2457 613 Quoniam
2483 549 2742 604 veritates
2771 548 3000 618 requirit
3027 547 3322 616 Dominus;

392 644 478 698 61.
542 643 651 695 Καὶ
699 641 1085 697 ἀνταποδίδωσι
1137 645 1248 705 τοῖς
1306 640 1580 713 περισσῶς
1645 638 1891 693 ποιοῦσιν

2071 639 2160 694 61.
2201 641 2266 694 Ει
2324 641 2574 695 retribuit
2615 640 2952 695 abundanter
2999 640 3320 696 facientibus
3365 652 3555 709 super-

324 734 422 788 ύπε
432 732 717 805 ρηφανίαν.

1996 731 2160 787 biam.
2655 785 2664 796 ,

395 826 484 880 62.
526 824 885 897 Ἀνδρίζεσθε,
918 824 1009 878 καὶ
1037 823 1416 896 κραταιούσθω
1444 826 1476 894 ἡ
1502 822 1696 895 καρδία
1720 821 1894 894 ὑμῶν,

2067 823 2156 876 62.
2192 822 2436 876 Viriliter
2483 823 2658 893 agite,
2704 831 2760 877 et
2796 822 3131 876 confortetur
3167 837 3262 879 cor
3291 832 3553 887 vestrum,

390 917 474 973 65.
502 918 707 980 Πάντες
733 919 780 969 οἱ
811 915 1116 979 ἐλπίζοντες
1145 916 1238 968 ἐπὶ
1257 913 1478 987 Κύριον.

2065 913 2153 969 65.
2190 913 2394 969 Omnes
2421 914 2513 984 qui
2543 915 2773 983 speratis
2803 915 2854 968 in
2884 914 3133 970 Dominoo

432 1008 672 1078 Ψαλμός
704 1007 784 1072 τῷ
827 1007 1020 1061 Δαϐίδ·
1063 1008 1392 1072 συνέσεως.
1429 1009 1599 1062 ΨΑΛ.
1626 1005 1756 1060 ΛΑ’.

2120 1003 2368 1058 Psalmus
2392 1003 2562 1058 David
2588 1022 2604 1069 ;
2628 1005 2940 1058 intellectus.
2967 1001 3165 1058 PSAL.
3199 1001 3356 1056 XXX
3363 999 3393 1055 Ι
3399 1042 3411 1057 .

393 1097 442 1152 1.
468 1097 764 1169 Μακάριοι,
794 1091 868 1151 ὧν
910 1097 1187 1168 ἀφέθησαν
1217 1099 1272 1151 αί
1297 1097 1540 1168 ἀνομίαι·

2068 1099 2119 1151 1.
2154 1097 2328 1160 Beati,
2361 1112 2594 1167 quorum
2625 1097 2864 1152 remissae
2893 1107 3020 1151 sunt
3046 1097 3398 1166 iniquitates;

387 1188 443 1243 2.
465 1188 574 1240 Καὶ
601 1183 672 1240 ὧν
699 1187 1157 1260 ἐπεκαλύφθησαν
1184 1189 1241 1242 αί
1265 1188 1547 1260 ἁμαρτίαι.

1535 1227 1547 1241 .
2065 1191 2121 1243 2.
2151 1187 2217 1243 Et
2247 1205 2479 1257 quorum
2512 1198 2650 1244 tecta
2682 1197 2810 1242 sunt
2839 1195 3082 1256 peccata.

390 1279 442 1332 5.
501 1280 784 1350 Μακάριος
821 1279 978 1352 ἀνὴρ,
1039 1273 1083 1347 ᾧ
1129 1280 1189 1332 ού
1245 1279 1317 1352 μὴ
1363 1279 1644 1350 λογίσηται
1694 1280 1896 1352 Κύριος

2067 1280 2121 1334 5.
2158 1280 2356 1334 Beatus
2388 1280 2490 1346 vir,
2519 1282 2608 1336 cui
2650 1295 2759 1334 non
2796 1279 3084 1350 imputabit
3119 1276 3382 1334 Dominus
3424 1291 3553 1348 pec-

328 1369 619 1440 ἁμαρτίαν·

1996 1379 2174 1425 catum
2206 1388 2219 1437 ;

389 1462 441 1517 4.
476 1461 612 1515 Οὑδέ
641 1462 788 1514 ἐστιν
813 1463 872 1516 ἐν
896 1463 972 1534 τῷ
997 1464 1222 1534 στόματι
1263 1462 1425 1516 αὐτοῦ
1458 1463 1624 1526 δόλος.

1374 1462 1425 1515 οὗ
1458 1463 1624 1526 δόλος.
2062 1464 2118 1519 4.
2149 1462 2255 1518 Nec
2281 1471 2364 1519 est
2396 1462 2449 1516 in
2479 1477 2572 1517 ore
2599 1461 2720 1531 ejus
2749 1461 2927 1516 dolus.

383 1555 434 1608 5.
468 1556 591 1607 Ὅτι
620 1555 870 1626 ἐσίγησα,
899 1554 1208 1626 ἐπαλαιώθη
1240 1553 1309 1607 τὰ
1330 1555 1462 1607 ὀστᾶ
1491 1571 1616 1624 μου,

2058 1555 2110 1610 5.
2146 1555 2412 1622 Quoniam
2439 1554 2604 1620 tacui,
2647 1555 3082 1609 inveteraverunt
3109 1566 3233 1608 ossa
3257 1566 3397 1617 mea,

378 1648 429 1702 6.
484 1648 615 1701 Ἀπὸ
646 1648 739 1703 τοῦ
767 1647 989 1718 κράζειν
1025 1664 1091 1718 με
1113 1646 1240 1717 ὃλην
1265 1646 1364 1716 τὴν
1394 1647 1628 1717 ἡμέραν.

1346 1663 1364 1698 ν
1394 1647 1628 1717 ἡμέραν.
2066 1646 2121 1701 6.
2161 1647 2296 1700 Dum
2325 1647 2617 1702 clamarem
2649 1655 2761 1700 tota
2794 1647 2899 1700 die.

387 1741 441 1793 7.
471 1741 594 1793 Ὅτι
653 1741 868 1812 ἡμέρας
903 1740 997 1793 καὶ
1031 1738 1221 1802 νυκτὸς
1283 1737 1553 1810 ἐϐαρύνθη
1607 1737 1693 1789 ἐπ’
1734 1737 1893 1808 ἐμέή

2067 1737 2118 1792 7.
2155 1737 2428 1804 Quoniam
2458 1738 2548 1793 die
2590 1753 2656 1794 ac
2701 1748 2859 1794 nocte
2885 1747 3102 1809 gravata
3143 1745 3227 1794 est
3259 1751 3426 1808 super
3467 1751 3553 1790 me

316 1832 437 1904 χείρ
463 1849 577 1885 σου·

1927 1894 1965 1904 _
1993 1845 2188 1886 manus
2211 1840 2302 1884 tua
2333 1849 2344 1884 :

386 1894 438 1978 έ.
481 1905 784 1994 Ἐστράξρην
810 1923 891 1986 είς
932 1921 1328 1993 ταλαιπωρίαν,
1363 1920 1421 1972 ἐν
1465 1919 1545 1992 τῷ
1579 1921 1893 1992 ἐμπαγῆναι
1927 1894 1939 1948 1

2069 1921 2122 1976 8.
2171 1914 2484 1976 conversus
2530 1933 2652 1972 sum
2684 1917 2739 1971 in
2785 1932 3050 1984 aerumna,
3101 1918 3230 1974 dum
3266 1917 3551 1989 conﬁgitur

318 2036 406 2090 μοι
427 2018 689 2073 ἄκανθαν.

1995 2019 2128 2076 mihi
2158 2019 2334 2089 spina.

385 2113 435 2166 9.
466 2110 576 2180 Τὴν
596 2109 825 2179 ἀνομίαν
858 2126 960 2178 μου
999 2107 1292 2179 ἐγνώρισα’

2060 2112 2113 2168 9.
2141 2110 2407 2165 Delictum
2441 2125 2621 2164 meum
2645 2109 2922 2182 cognitum
2955 2108 3057 2165 l'eci
3083 2128 3096 2164 :

384 2200 472 2253 10.
497 2201 605 2252 Καὶ
637 2200 734 2271 τὴν
758 2199 1028 2270 ἁμαρτίαν
1055 2217 1156 2270 μου
1190 2202 1288 2253 οὐκ
1312 2200 1576 2270 ἐκάλυψα.

2068 2199 2155 2257 10.
2186 2198 2253 2252 Ει
2283 2198 2610 2267 injustitiam
2649 2214 2823 2254 meam
2858 2213 2966 2254 non
3002 2197 3281 2254 abscondi.

387 2292 471 2347 11.
526 2289 690 2345 Εἷπα·
732 2291 1103 2364 Ἐξαγορεύσω
1153 2295 1272 2346 κατ’
1319 2293 1453 2364 ἐμοῦ
1507 2293 1604 2364 τὴν
1661 2293 1886 2364 ἀνομίαν

2064 2292 2150 2345 11.
2184 2290 2344 2346 Dixi:
2396 2289 2710 2345 Conﬁtebor
2755 2291 3044 2346 adversum
3093 2305 3180 2345 me
3229 2288 3549 2360 injustitiam

205 2373 214 2381 ’
315 2403 415 2456 μου
449 2384 527 2457 τῷ
554 2386 761 2456 Κυρίῳ

1990 2400 2165 2439 meam
2198 2381 2431 2438 Domino
2459 2401 2471 2437 :

383 2478 466 2532 12.
498 2479 608 2532 Καὶ
634 2481 697 2532 σὺ
720 2479 936 2549 ἀφῆκας
959 2477 1057 2549 τὴν
1083 2476 1335 2530 ἀσέϐειαν
1365 2477 1465 2547 τῆς
1507 2476 1730 2547 καρδίας
1760 2493 1880 2546 μοιν

1830 2495 1880 2528 u-
2063 2476 2148 2528 12.
2185 2473 2251 2528 Ει
2282 2483 2337 2528 ιιι
2373 2473 2633 2529 remisisti
2665 2471 2997 2542 impietatem
3025 2471 3205 2525 cordis
3238 2469 3341 2524 mei
3367 2488 3381 2536 ;

383 2571 468 2624 15.
517 2571 685 2642 ’Υπὲρ
714 2570 920 2641 ταύτης
963 2567 1319 2640 προσεύξεται
1353 2569 1488 2640 πρὸς
1519 2567 1577 2620 σέ
1604 2569 1711 2631 πᾶς
1739 2568 1885 2632 ὅσιος

2063 2565 2151 2621 15.
2181 2564 2284 2619 Pro
2309 2564 2410 2620 hac
2438 2565 2617 2620 orabit
2639 2564 2709 2620 ad
2743 2575 2795 2618 te
2839 2564 3018 2620 omnis
3061 2573 3282 2620 sanctus
3325 2564 3381 2617 in
3417 2571 3551 2617 tern-

309 2661 369 2715 ἐν
394 2659 568 2732 καιρῷ
597 2659 828 2731 εύοέτῳο

1991 2673 2121 2727 pore
2154 2667 2460 2725 opportuno
2485 2674 2499 2710 :

1429 2747 1805 2804 ATHANASII
1845 2745 2434 2804 lNTERPRETATIO.

378 2846 467 2900 60.
510 2844 710 2914 Ἀγαθὰ
739 2845 896 2916 ἔργα.

2059 2844 2147 2897 ϐυ.
2176 2841 2324 2897 Bona
2354 2857 2539 2912 opera.

377 2938 463 2992 61.
505 2938 628 3002 Τοῖς
686 2937 931 2990 ποιοῦσιν
961 2936 1254 3009 ἁμαρτίαν,
1299 2935 1466 3005 λέγει.

2057 2935 2147 2990 61.
2177 2933 2525 2991 Facientibus
2557 2946 2864 3004 peccatum,
2893 2939 3045 2994 dicit.

377 3029 465 3082 62.
510 3029 601 3100 Μὴ
627 3028 975 3083 ἐκλύσθωσαν
1015 3028 1091 3099 (1)
1123 3026 1277 3098 ὑμῶν
1323 3029 1378 3081 αἱ
1433 3027 1676 3102 καρδίαι,
1749 3027 1885 3084 ἀλλά

2057 3027 2145 3084 62.
2198 3026 2276 3084 Ne
2314 3029 2682 3086 dissolvantur
2727 3031 2892 3086 corda
2940 3041 3117 3087 vestra
3146 3072 3162 3100 ,
3214 3029 3306 3086 sed
3352 3028 3551 3086 conﬁr-

304 3121 782 3192 δυναμούσθωσαν.

676 3139 782 3176 ταν.
1988 3130 2229 3176 mentur.

374 3214 462 3268 65.
491 3215 698 3278 Πάντες
726 3215 776 3268 οἱ
812 3213 908 3285 τὴν
937 3214 1128 3268 ἐλπίδα
1162 3214 1375 3286 ἔχοντες
1397 3214 1490 3267 ἐπ)⁵
1513 3211 1740 3286 Κύριον.

2070 3211 2158 3268 65.
2195 3210 2419 3279 Omnes,
2449 3212 2544 3284 qui
2573 3229 2722 3283 spem
2753 3215 2964 3270 habetis
2989 3216 3042 3270 in
3074 3215 3323 3270 Domino.

385 3308 448 3360 Ἡ
471 3307 804 3378 προκειμένη
830 3307 1109 3378 ἐπιγραφὴ
1139 3307 1378 3380 περιέχει
1401 3305 1476 3378 (2)
1499 3323 1511 3336 ’
1538 3305 1811 3378 [Ψαλμὸς
1836 3303 1916 3371 τῷ
1937 3304 2136 3377 Δαϐίδ]
2158 3304 2266 3360 τοῦ
2294 3305 2473 3359 Δαϐίδ
2501 3307 2832 3375 συνέσεως.
2857 3307 3026 3362 Τοῦτο
3046 3302 3138 3362 οὖν
3168 3308 3438 3379 σημαίνει,
3474 3306 3555 3360 ὅτι

302 3402 352 3455 οί
385 3402 767 3474 ἡμαρτηκότες
804 3402 884 3465 είς
932 3401 1142 3456 σύνεσιν
1169 3401 1448 3474 ἐρχόμενοι
1491 3401 1897 3474 ἐπιστρέφουσι.
1931 3399 2093 3454 Δαϐιδ
2129 3397 2239 3471 γὰρ
2262 3399 2621 3471 ἑρμηνεύεται
2659 3399 3054 3471 ἐξουδένωμα,
3081 3401 3216 3472 ὅπερ
3237 3399 3384 3454 ἐστὶν
3401 3398 3476 3472 (5)
3506 3398 3558 3452 oi

302 3497 337 3566 ἡ
350 3493 710 3565 μαρτηκότες.

383 3587 601 3644 Titulus
632 3588 958 3660 praepositus
982 3588 1229 3644 continet
1259 3606 1273 3643 :
1309 3587 1563 3642 Psalmus
1599 3586 1792 3654 David,
1825 3585 2142 3641 intellectas.
2173 3584 2289 3643 Hoc
2311 3587 2478 3658 igitur
2507 3589 2797 3660 signiﬁcat,
2846 3591 2989 3661 quod
3020 3598 3333 3661 peccatores
3365 3587 3421 3642 in
3469 3587 3560 3642 in-

306 3685 578 3742 lellectum
609 3686 889 3740 venientes
916 3692 1328 3740 convertuntur.
1355 3684 1527 3739 David
1559 3684 1705 3739 enim
1735 3687 2126 3753 interpretatur
2154 3685 2495 3754 contemptio,
2523 3685 2714 3755 quales
2744 3695 2874 3741 sunt
2900 3696 3237 3756 peccatores.

383 3779 434 3843 1,
464 3781 520 3832 2.
553 3779 692 3842 Τοὺς
720 3780 778 3832 ἐν
796 3778 874 3849 τῷ
903 3779 1237 3850 βαπτίσματι
1265 3778 1436 3847 λέγει.
1909 3789 1936 3848 ί

1909 3789 1953 3848 c
2049 3781 2102 3844 l,
2125 3779 2178 3833 2.
2209 3779 2315 3835 Eos
2337 3780 2490 3845 dicit,
2519 3781 2613 3850 qui
2645 3781 2904 3852 baptizati
2938 3790 3087 3838 sunt.

379 3868 438 3923 5.
486 3869 575 3921 Ἐν
607 3867 790 3939 ἡμέρᾳ
829 3867 1081 3939 κρίσεως.

1014 3885 1081 3930 ›ς.
2055 3872 2109 3926 5.
2147 3871 2206 3925 in
2244 3873 2332 3928 die
2354 3873 2567 3943 judicii.

381 3959 435 4012 4.
463 3959 674 4021 Ψεῦδος
705 3958 872 4027 λέγει.

2055 3961 2108 4016 4.
2138 3961 2501 4031 Mendacium,
2536 3963 2731 4034 inquit.

376 4050 430 4114 5,
472 4052 525 4105 6.
557 4051 632 4122 (4)
687 4053 808 4105 Ὅτι
835 4052 1062 4123 ἐσίγησα
1088 4051 1196 4105 ἀπὺ
1219 4051 1312 4105 τοῦ
1347 4050 1602 4122 εὖχεσθαί
1637 4068 1704 4122 με
1735 4049 1885 4104 ἀδια-

2063 4054 2117 4120 5,
2159 4054 2211 4109 6.
2264 4054 2535 4121 Quoniam
2594 4057 2718 4112 silui
2765 4057 3036 4113 desistens
3082 4058 3149 4112 ab
3191 4057 3554 4118 indesinenter

301 4138 559 4208 λείπτως,
583 4144 678 4196 καὶ
715 4144 1019 4216 ἡφανίσθην
1049 4145 1156 4198 ἀπὸ
1191 4145 1292 4215 τῆς
1315 4143 1607 4216 ἁμαρτίας.

1989 4145 2219 4209 orando,
2252 4145 2372 4200 ideo
2391 4157 2747 4216 consumptus
2769 4162 2888 4202 sum
2914 4162 2943 4200 a
2975 4157 3215 4217 peccato.

379 4234 427 4285 7.
478 4235 588 4286 Καὶ
615 4234 799 4288 λοιπὸν
831 4233 1021 4297 νυκτὸς
1047 4235 1142 4287 κα)¹
1187 4233 1400 4304 ἡμέρας
1427 4231 1664 4303 ὠργίζου
1696 4247 1808 4301 μοι.

1804 4271 1808 4282 .
2062 4236 2116 4288 7.
2139 4236 2205 4290 Et
2233 4236 2492 4308 deinceps
2522 4239 2610 4293 die
2643 4253 2707 4294 ac
2737 4247 2896 4293 nocte
2920 4239 3092 4295 iratus
3115 4255 3174 4296 es
3203 4239 3357 4295 mihi.

374 4322 428 4376 8.
467 4323 806 4394 Ἐστράφην
853 4327 940 4390 εὶς
972 4324 1392 4393 ταλαιπωρίαν
1430 4325 1510 4386 είς
1551 4323 1649 4394 τὴν
1707 4325 1885 4393 ἀμαρ-

2061 4326 2114 4381 8.
2145 4326 2436 4382 Conversus
2461 4344 2576 4382 sum
2603 4330 2658 4383 in
2703 4346 2940 4384 (erumna
2968 4345 2985 4384 :
3015 4331 3068 4384 in
3105 4342 3346 4400 peccato,
3380 4346 3412 4385 a
3445 4346 3555 4401 quo

302 4415 459 4481 τίαν,
513 4415 575 4479 ἐξ
630 4411 696 4487 ἧς
730 4414 806 4488 (5)
847 4416 1062 4487 ἐρῤύσω
1101 4432 1203 4488 με·
1255 4415 1349 4470 καὶ
1377 4414 1742 4486 ἐκολλήθησάν
1796 4431 1855 4485 με

1990 4433 2077 4472 me
2100 4417 2368 4485 liberasti,
2400 4427 2455 4474 et
2488 4421 2867 4491 conglutinata
2894 4429 3021 4477 sunt
3044 4422 3177 4477 mihi
3205 4430 3443 4494 peccata.

305 4509 591 4580 ἁμαρτίαι.

371 4603 428 4667 9,
484 4603 570 4656 11.
631 4597 774 4656 Εἴπα
826 4602 1158 4674 ἐπιστρέψας
1213 4604 1350 4674 πρὸς
1409 4601 1490 4655 σέ·
1535 4601 1885 4672 Ἐξομολογή-

2058 4602 2113 4666 9,
2149 4601 2237 4656 11.
2288 4601 2410 4658 Dixi
2460 4620 2757 4661 conversus
2788 4607 2853 4661 ad
2902 4615 2972 4674 te,
2998 4605 3309 4663 Conﬁtcbor
3341 4607 3438 4662 tibi
3467 4607 3553 4662 di-

307 4694 469 4767 σομαί
495 4695 572 4766 (6)
604 4711 685 4748 σοι
723 4695 919 4762 λέγων’
973 4693 1186 4763 Πάτερ,
1219 4693 1487 4764 ἥμαρτον
1513 4697 1600 4759 εὶς
1627 4693 1732 4747 τὸν
1781 4696 1860 4746 οὺ·

2000 4709 2120 4750 cens
2147 4713 2162 4752 ε
2191 4695 2378 4763 Pater,
2401 4701 2610 4767 peccavi
2636 4701 2692 4754 in
2718 4701 2902 4754 caelum
2933 4711 2982 4754 et
3003 4717 3182 4756 coram
3212 4709 3290 4755 te:
3311 4701 3429 4771 jam
3451 4717 3553 4755 non

293 4786 512 4856 ρανὸν,
546 4785 643 4840 καὶ
670 4785 926 4839 ἐνώπιόν
961 4800 1098 4840 σουο
1127 4786 1239 4839 οὐκ
1279 4787 1366 4838 ἐτι
1391 4785 1506 4855 εἰμὶ
1549 4783 1716 4849 ἄξιος
1739 4787 1846 4850 κλη

1405 4785 1506 4855 εἰμὶ
1549 4783 1716 4849 ἄξιος
1739 4787 1885 4852 κλη-
1989 4805 2107 4841 sum
2139 4789 2332 4861 dignus
2363 4793 2538 4846 vocari
2579 4793 2724 4860 [ilius
2749 4803 2868 4848 tuus
2891 4793 2958 4849 ⁵³.

301 4877 478 4946 θῆναι
507 4879 636 4943 υἱός
674 4894 810 4932 σου.

375 4969 460 5022 12.
498 4969 570 5021 Σὺ
593 4969 650 5022 δὲ
674 4969 834 5039 μόνον
861 4965 1100 5031 ἀκούσας
1117 4967 1192 5039 (7)
1216 4966 1388 5021 ταῦτα
1408 4965 1674 5034 λέγοντος,
1700 4959 1878 5030 εἶπας·

2061 4967 2145 5022 12.
2216 4968 2296 5024 Tu
2346 4980 2528 5027 autem
2586 4971 2762 5028 solum
2813 4973 3043 5028 audiens
3103 4971 3218 5028 lucc
3261 4969 3526 5026 dicentem

305 5057 494 5126 Οὗτος
526 5063 558 5114 ό
584 5061 713 5126 υἱός
738 5077 858 5130 μου
886 5059 1097 5128 νεκρὸς
1136 5055 1236 5130 ἦν,
1292 5058 1390 5112 καὶ
1422 5056 1732 5125 ἀνέζησεν·
1767 5057 1858 5111 ἀπ·

1998 5060 2172 5116 dixisti
2198 5081 2211 5117 :
2246 5062 2349 5117 Hic
2379 5065 2523 5133 ﬁlius
2551 5082 2693 5120 meus
2716 5074 2953 5119 mortuus
2977 5073 3088 5119 erat
3114 5075 3162 5119 et
3195 5063 3406 5126 revixit;
3434 5076 3551 5130 per-

302 5151 544 5216 ολωλὼς
568 5137 664 5220 ἦν,
699 5151 795 5205 καὶ
825 5149 1061 5218 εὑρέθη.
1704 5200 1714 5208 .

1704 5200 1714 5208 ,
1919 5151 1963 5206 D
1992 5151 2148 5214 ierat,
2180 5163 2228 5205 et
2252 5155 2491 5210 inventus
2513 5168 2588 5211 est
2610 5157 2677 5212 ⁸⁵.

377 5239 462 5294 15.
513 5239 623 5292 Καὶ
673 5239 857 5292 λοιπὸν
907 5237 1107 5302 πάντες
1149 5237 1197 5290 οί
1238 5235 1457 5306 ἄγγελοί
1515 5251 1608 5288 σου
1669 5232 1884 5306 χαίρον-

2061 5242 2148 5295 15.
2203 5243 2270 5299 Ει
2312 5248 2540 5316 proinde
2583 5264 2776 5306 omnes
2822 5249 2998 5320 angeli
3041 5247 3118 5303 tui
3162 5245 3461 5317 gaudentes
3505 5255 3554 5301 te

305 5341 396 5388 τες
421 5326 496 5398 (8)
547 5327 804 5393 ἐδόξασαν
835 5342 894 5379 σε
927 5325 994 5379 δι’
1029 5325 1151 5397 ἐμέ.

1993 5331 2430 5402 gloriﬁcaverunt
2453 5351 2669 5412 propter
2692 5357 2797 5396 me.

376 5420 422 5452 ⁸³
453 5420 586 5478 Luc.
612 5439 700 5490 xv,
732 5421 822 5476 21.
895 5421 939 5452 ⁵¹
979 5419 1113 5475 ibid.
1146 5418 1236 5475 52.

1253 5508 1564 5572 Addenda
1602 5513 1664 5570 et
1712 5507 2087 5589 corrigenda
2120 5537 2200 5580 ex
2230 5522 2372 5584 cod.
2406 5523 2610 5586 Vatic.

488 5613 915 5694 ἶξξκλυέσδωσαν.
984 5682 1012 5694 Δ
1029 5682 1040 5694 .
1364 5680 1374 5694 ι
2155 5619 2274 5694 ’Ὡτι
2301 5620 2578 5694 ἐστράφην
2601 5621 2680 5682 είς
2712 5619 2808 5690 τὴν
2833 5618 3080 5691 ἀνομίαν,
3105 5614 3165 5686 ἐξ
3188 5612 3278 5694 ἧς,
3307 5623 3414 5674 etc.

374 5680 452 5752 (2)
492 5685 556 5737 'H
585 5685 673 5738 διά
698 5689 794 5755 τῆς
825 5682 1192 5753 κινναϐάρεως
1223 5680 1485 5752 περιέχει.
2173 5680 2716 5762 Ἐξωμολογηάάμην.

378 5755 455 5826 (5)
482 5754 656 5826 ,Εἰσίεα
741 5825 755 5826 ﬂ
832 5824 849 5826 η
1184 5823 1192 5826 _
1283 5822 1295 5826 _
1419 5820 1427 5826 _
1457 5817 1468 5826 .
1636 5818 1648 5826 _
1723 5815 1736 5826 _
1836 5816 1846 5826 .
2054 5757 2129 5826 (7)
2162 5761 2454 5824 Ἤκουσας.

313 5891 336 5914 ,
377 5815 451 5892 (τί)
478 5825 613 5886 Ν.5,
647 5826 700 5891 6,
740 5825 789 5879 7.
829 5824 1055 5879 Ὅτι...
1095 5823 1225 5874 καθ’
1266 5820 1427 5889 deest:
1456 5817 1508 5873 in
1557 5818 1669 5875 cod.
1709 5815 1866 5889 ὠργί-

1303 5820 1427 5889 eest:
1456 5817 1508 5873 in
1557 5818 1669 5875 cod.
1709 5815 1874 5889 ὠργίο
2177 5815 2431 5899 Ἀγγελοῖ
2459 5829 2854 5902 συγχαίροντες.

306 5910 399 5956 cca
432 5910 544 5956 μοι.
