3934 6218
430 345 537 401 763
1280 346 1338 402 S.
1380 344 1747 401 ATHANASII
1777 346 1928 403 OPP.
1970 347 1983 400 l

2096 347 2148 401 LS
2187 346 2280 402 ill.
2313 374 2380 388 -υ
2418 339 2827 400 EXEGETICA.
3550 337 3649 391 764

501 461 588 516 14.
622 448 1009 517 verumtamen
1048 461 1102 515 in
1133 461 1338 517 diluvio
1387 479 1652 533 aquarum
1687 463 1980 518 multarum
2012 467 2054 523 Α

2156 461 2240 515 14.
2267 459 2414 530 Πλὴν
2470 459 2526 510 ὲν
2581 450 2946 524 κατακλυσμῷ
2987 450 3191 505 ὑδάτων
3253 446 3482 511 πολλῶν,
3519 447 3650 519 πρὸς

428 552 498 610 ad
522 569 646 610 eum
676 569 786 608 non
814 554 1288 624 approximabunt.

1109 554 1288 608 abunt.
2087 553 2244 606 αὑτὸν
2279 551 2378 604 οὐκ
2403 547 2662 618 ὲγγιοῦσι.

500 645 590 702 15.
623 644 704 700 Τιι
754 661 934 700 meum
981 661 1041 702 es
1088 645 1410 716 refugiuma
1450 647 1817 713 tribulatione,
1867 662 1986 717 quae

2158 644 2223 698 15
2267 642 2338 696 Σύ
2363 660 2462 714 μου
2492 637 2543 695 εἴ
2563 639 2848 712 καταφυγὴ
2881 637 2985 692 ἀπὸ
3011 637 3238 708 θλίψεως
3259 637 3356 706 τῆς
3379 635 3650 707 περιεχού-

426 735 787 793 circumdedit
818 751 923 790 me.
1345 747 1354 763 '

753 737 787 790 it
818 751 923 790 me.
1345 747 1354 763 ‘
2088 751 2185 805 σης
2220 751 2306 805 με.

501 827 588 884 16.
612 827 915 884 Exsultatio
943 843 1082 893 mea,
1131 845 1262 886 erue
1313 845 1399 884 me
1444 845 1473 884 a
1519 829 1986 887 circumdantibus

2159 826 2242 880 16.
2306 824 2379 878 Τδ
2429 823 2736 896 ἀγαλλίαμά
2787 840 2909 894 μου,
2955 820 3226 894 λύτρωσαί
3281 837 3348 891 με
3405 818 3514 872 ἀπὸ
3543 819 3647 872 τῶν

429 935 536 974 me.
2085 918 2478 972 κυκλωσάντων
2516 933 2602 986 με.

395 1031 402 1038 -
498 1008 586 1065 17.
619 1005 961 1064 Intellectum
1010 1010 1109 1065 tibi
1144 1011 1305 1074 dabo,
1337 1019 1391 1064 et
1437 1011 1702 1067 instruam
1735 1011 1866 1066 tein
1899 1011 1948 1065 vi

2157 1011 2243 1065 17.
2277 1008 2510 1062 Συνετιῶ
2563 1025 2644 1073 σε,
2679 1008 2773 1061 καὶ
2802 1003 3050 1076 συμ6ι6ῶ
3080 1021 3138 1058 σε
3163 1005 3219 1057 ὲν
3258 1002 3361 1074 ὀδῷ
3393 1001 3586 1074 ταύτῃ,
3613 997 3646 1075 ᾗ

427 1097 552 1162 hac,
585 1114 692 1168 qua
722 1100 991 1170 gradieris
1019 1119 1031 1154 :

789 1100 991 1156 adieris
1019 1119 1031 1154 :
2085 1103 2342 1176 πορεύσῃ·

500 1190 590 1244 18.
624 1189 882 1247 Firmabo
911 1208 1077 1262 super
1112 1203 1164 1247 te
1193 1193 1382 1248 oculos
1409 1209 1576 1247 meos.

2156 1194 2244 1250 18.
2295 1195 2518 1263 Ἐπιστη
2530 1191 2627 1264 ριῶ
2650 1191 2741 1245 ἐπὶ
2774 1191 2832 1244 σὲ
2851 1189 2977 1254 τοὺς
2997 1186 3306 1259 ὀφθαλμούς
3332 1205 3452 1258 μου.

497 1278 585 1335 19.
615 1279 793 1337 Nolite
823 1281 940 1337 ﬁeri
971 1283 1115 1338 sicut
1142 1297 1317 1352 equus
1347 1291 1401 1336 et
1428 1283 1627 1350 mulus,
1653 1280 1850 1352 quibus
1879 1294 1984 1334 non

2155 1287 2241 1342 19.
2265 1285 2357 1358 Μὴ
2380 1284 2592 1354 γίνεσθε
2617 1283 2693 1348 ὡς
2715 1283 2881 1346 ἵππος
2919 1283 3013 1336 καὶ
3041 1281 3279 1353 ἡμίονος,
3306 1274 3386 1344 οἷς
3413 1280 3513 1333 οὐκ
3537 1279 3647 1332 ἔστι

425 1379 511 1426 est
541 1371 867 1430 intellectus.

766 1385 867 1430 ius.
2087 1378 2319 1442 σύνεσις.

501 1460 592 1515 20.
627 1461 684 1517 In
721 1479 880 1520 camo
911 1476 966 1522 et
989 1467 1143 1525 freno
1173 1469 1422 1526 maxillas
1456 1483 1646 1524 eorum
1677 1465 1988 1541 constringe

2153 1469 2243 1524 20.
2299 1470 2384 1523 ’Ev
2412 1467 2574 1541 κημῷ
2601 1467 2694 1521 καὶ
2723 1464 2922 1538 χαλινῷ
2945 1463 3044 1528 τὰς
3078 1463 3328 1532 σιαγόνας
3349 1462 3526 1517 αὐτῶν
3555 1462 3647 1533 ἄγ-

431 1549 840 1627 [constringes],

2087 1561 2204 1627 Εαις
2231 1562 2434 1636 [ἄγξαι,
2471 1562 2526 1616 in
2560 1576 2731 1629 marg.
2763 1559 2885 1614 cod.
2918 1556 3144 1629 άγξεις],

499 1645 588 1700 21.
616 1645 718 1712 Qui
748 1664 856 1703 non
885 1649 1263 1719 approximant
1297 1649 1362 1704 ad
1403 1657 1473 1704 te.

2154 1653 2241 1708 21.
2267 1653 2388 1706 Τῶν
2417 1652 2490 1724 μὴ
2511 1650 2837 1721 ἐγγιζόντων
2860 1649 2997 1720 πρὸς
3020 1647 3098 1702 σέ.

498 1738 591 1796 22.
627 1739 793 1795 Multa
827 1739 1037 1814 ﬂagella
1068 1742 1408 1812 peccatoris:
2023 1813 2033 1814 ί

2023 1813 2033 1814 ί
2153 1746 2242 1800 22.
2280 1744 2476 1797 Πολλαὶ
2496 1745 2552 1797 αἱ
2580 1742 2839 1813 μάστιγες
2882 1739 2976 1794 τοῦ
3026 1739 3367 1810 ἁμαρτωλοῦ·

503 1828 593 1883 25.
627 1813 946 1900 Sperantem
995 1840 1178 1887 autem
1234 1834 1288 1887 in
1337 1831 1570 1886 Domino
1617 1826 1986 1884 misericordia
2017 1813 2056 1868 Β

2040 1815 2059 1868 ι
2154 1835 2247 1890 25.
2273 1835 2375 1888 Τὸν
2399 1835 2460 1888 δὲ
2482 1832 2770 1896 ἐλπίζοντα
2797 1832 2892 1884 ἐπὶ
2909 1831 3113 1902 Κύριον
3138 1831 3283 1894 ἔλεος
3308 1828 3593 1884 κυκλώσει.

433 1919 812 1976 circumdabit.

506 2016 594 2072 24.
625 2015 908 2072 Ltetamini
939 2017 993 2070 in
1026 2013 1279 2081 Domino,
1307 2021 1363 2070 et
1391 2014 1680 2082 exsultate,
1705 2013 1837 2085 justi
1862 2031 1877 2080 ;

2155 2011 2244 2065 24.
2302 1978 2653 2082 Εὐφράνθητε
2719 2011 2813 2064 ἐπὶ
2871 2009 3106 2072 Κύριον.
3165 2007 3258 2060 καὶ
3306 2004 3652 2073 ἀγαλλιᾶσθε,

2085 2107 2283 2161 δίκαιοι
2300 2123 2317 2138 δ

493 2198 583 2254 25.
618 2197 683 2254 Et
704 2197 1035 2269 gloriamini,
1068 2213 1260 2254 omnes
1285 2198 1417 2254 recti
1449 2197 1634 2254 corde.

2157 2198 2245 2252 25.
2277 2198 2388 2251 Kat
2417 2194 2713 2266 καυχᾶσθε,
2744 2195 2944 2258 πάντες
2967 2192 3017 2246 oi
3046 2192 3223 2256 εύθεῖς
3243 2193 3308 2262 τῇ
3330 2189 3547 2261 καρδίᾳ.

478 2309 730 2365 Psalmus
761 2310 952 2366 David.
981 2309 1105 2366 Sine
1132 2311 1471 2379 inscriptione
1495 2310 1634 2380 apud
1667 2306 1935 2364 Hebraos.

2098 2311 2339 2381 Ψαλμὸς
2370 2309 2445 2375 τῷ
2473 2307 2667 2363 Δαϐίδ.
2703 2307 3130 2376 Ἀνεπίγραερος
3175 2305 3310 2372 παρ’
3356 2299 3651 2370 Ἑϐραίοις.

979 2399 1188 2455 PSAL.
1221 2397 1470 2453 XXXII.

2696 2401 2867 2452 ΨΑΛ.
2897 2401 3027 2452 AB’.

502 2489 554 2544 1.
587 2488 888 2557 Exsultate,
913 2492 1069 2563 justi,
1101 2493 1155 2547 in
1183 2491 1449 2547 Domino:

2161 2494 2212 2548 1.
2251 2491 2623 2562 Ἀγαλλιᾶσθε,
2651 2492 2871 2558 δίκαιοι,
2903 2491 2962 2544 ὲν
2993 2489 3198 2561 Κυρίῳ·

502 2582 538 2636 2
587 2582 785 2641 Rectos
814 2587 969 2642 decet
993 2586 1340 2643 collaudatio.

2161 2587 2215 2641 2.
2245 2585 2368 2650 Τοῖς
2401 2586 2580 2639 εὐθέσι
2615 2585 2814 2656 πρέπει
2843 2584 3065 2647 αῖνεσις.

504 2676 557 2728 3.
586 2676 932 2734 Contitemini
963 2678 1193 2735 Domino
1220 2680 1273 2734 in
1303 2679 1511 2736 cithara
1537 2719 1552 2732 .

2162 2677 2216 2732 3.
2264 2675 2698 2748 Ἐξομολογεῖσθε
2721 2673 2798 2746 τῷ
2821 2673 3009 2746 Κυρίῳ
3037 2673 3094 2728 ὲν
3115 2672 3336 2744 κιθάρα·

556 2864 561 2870 η
1552 2794 1930 2852 ATHANASII
1967 2794 2544 2852 INTERPRETATIO.

513 2909 599 2965 14.
637 2908 919 2982 Lacrymis
940 2910 1055 2966 suis
1083 2910 1330 2966 delentur
1358 2917 1578 2981 peccata
1612 2925 1734 2965 sua.

2161 2911 2248 2967 14.
2317 2910 2417 2964 Διὰ
2473 2911 2580 2964 τῶν
2632 2908 2882 2982 δακρύων
2938 2907 3102 2962 αὐτοῦ
3170 2905 3544 2976 ἑξαλείφονται
3603 2905 3656 2958 αι

506 3091 594 3146 15.
625 3092 752 3148 Haec
779 3092 979 3148 clamat
1001 3107 1059 3147 sc
1091 3098 1415 3146 convertens
1445 3103 1568 3144 cum
1596 3086 1873 3160 lacrymis.
2015 3090 2059 3150 C

2096 3006 2356 3078 ἁμαρτίαι
2382 3006 2567 3059 αὐτοῦ.

2015 3090 2059 3150 C
2164 3097 2251 3151 15.
2278 3096 2462 3150 Ταῦτα
2497 3095 2593 3167 βοᾷ
2626 3097 2655 3150 ὁ
2683 3095 3026 3168 ἐπιστρέφων
3057 3093 3195 3165 μετὰ
3222 3090 3489 3162 δακρύων;

504 3183 592 3239 16.
618 3183 660 3237 Α
687 3185 924 3255 peccatis
952 3184 1107 3252 meis,
1140 3183 1332 3253 inquit.

2164 3186 2250 3242 16.
2282 3186 2402 3240 Τῶν
2430 3184 2712 3259 ἁμαρτιῶν
2748 3203 2870 3258 μου,
2894 3186 3060 3254 λέγει.

502 3275 593 3330 17.
632 3273 896 3330 Dominus
923 3275 990 3330 ad
1014 3291 1136 3330 eum
1170 3275 1342 3330 dicit:
1377 3275 1490 3346 Ego
1532 3281 1582 3330 te
1613 3273 1838 3339 docebo,
1885 3285 1994 3343 qua

2167 3278 2256 3332 17.
2301 3277 2359 3332 '0
2382 3277 2439 3331 δὲ
2485 3276 2688 3348 Κύριος
2735 3277 2873 3348 πρὸς
2905 3277 3066 3331 αὑτὸν
3109 3276 3278 3345 λέγει·
3330 3271 3471 3342 Ἐγώ
3502 3268 3656 3327 οεδι-

436 3365 524 3420 via
553 3365 792 3421 incedes.

2090 3369 2275 3424 δάσκω
2301 3368 2542 3442 [διδάξω]
2574 3369 2632 3423 ὲν
2663 3369 2794 3441 ποία
2817 3368 2920 3439 ὁδῷ
2943 3367 3200 3440 πορεύσῃ.

509 3456 596 3512 18.
623 3456 691 3511 Ει
722 3455 776 3511 in
817 3472 880 3511 ea
911 3454 1210 3512 custodiam
1243 3465 1314 3510 te.

2162 3461 2250 3516 18.
2275 3460 2386 3516 Καὶ
2411 3459 2628 3531 φυλάξω
2665 3477 2724 3514 σε
2757 3462 2814 3515 ὲν
2844 3461 3001 3531 αὐτῇ.

414 3593 416 3596 ,
510 3547 596 3601 19.
636 3545 703 3601 Et
733 3547 968 3617 amplius
1013 3536 1082 3602 ne
1121 3561 1308 3616 pecca,
1357 3555 1615 3617 tanquam
1660 3546 1967 3602 intellectun

2163 3553 2248 3610 19.
2273 3553 2382 3608 Kal
2413 3552 2605 3625 μηκέτι
2626 3551 2925 3624 ἁμάρτανε,
2953 3552 3026 3616 ὡς
3051 3551 3125 3623 μὴ
3157 3550 3294 3622 ἔχων
3319 3547 3551 3602 σύνεσιν.

438 3653 550 3693 non
585 3636 819 3693 habens.

509 3727 603 3784 20.
640 3727 744 3785 Sed
775 3729 994 3798 corpori
1022 3736 1114 3784 tuo
1159 3737 1214 3784 et
1255 3729 1450 3802 animae
1479 3728 1630 3785 frena
1657 3729 1906 3802 injiciens
1938 3729 1993 3784 in

2161 3731 2251 3788 20.
2298 3730 2458 3784 Ἀλλὰ
2477 3731 2538 3785 τὸ
2575 3730 2735 3802 σῶμά
2757 3748 2851 3785 σου
2881 3730 2973 3784 καὶ
2998 3730 3095 3803 τὴν
3124 3729 3300 3799 ψυχὴν
3329 3725 3406 3798 (1)
3435 3723 3625 3796 χαλινα
3650 3747 3654 3761 =

441 3822 756 3877 servitutem
785 3821 987 3890 redige,
1017 3838 1140 3876 cum
1173 3821 1270 3878 tibi
1298 3838 1404 3877 non
1434 3821 1714 3879 obediunt.

2093 3821 2288 3892 γωγῶν
2310 3822 2658 3891 δουλαγώγει,
2685 3824 2812 3877 ὅταν
2835 3822 2908 3894 μὴ
2930 3821 3200 3876 πείθονταί
3236 3836 3336 3874 σοι.

507 3913 597 3968 21.
629 3912 733 3979 Qui
764 3912 862 3968 tibi
897 3929 1004 3967 non
1035 3915 1431 3984 obtemperant.

2163 3914 2252 3967 2i.
2278 3913 2397 3967 Τῶν
2429 3913 2503 3986 μὴ
2525 3913 2600 3986 (2)
2632 3913 2962 3985 πειθομένων
2993 3929 3093 3967 σοι.

511 4005 601 4062 22.
635 4005 801 4062 Multa
827 4015 983 4063 erant
1015 4007 1222 4077 ﬂagella
1259 4016 1371 4074 tua,

2162 4003 2251 4058 22.
2278 4003 2475 4059 Πολλαί
2499 4021 2590 4058 σου
2619 4001 2759 4076 ἦσαν
2783 4005 2840 4057 αἱ
2871 4003 3149 4076 μάστιγες.

507 4097 599 4153 25.
629 4096 735 4153 Sed
780 4099 1039 4168 quoniam
1076 4098 1305 4168 sperasti
1336 4097 1390 4152 in
1438 4098 1812 4156 misericordia
1854 4111 1994 4165 mea,

2162 4095 2253 4151 25.
2293 4097 2431 4149 Ἀλλ’
2455 4096 2641 4169 ἐπειδὴ
2693 4097 2927 4169 ἦλπισας
2960 4096 3034 4168 (5)
3085 4095 3178 4150 ἐπὶ
3222 4094 3283 4148 τὸ
3328 4092 3476 4156 ἔλεός
3537 4107 3653 4162 μου,

439 4189 512 4244 ab
543 4188 676 4258 ipsis
702 4186 961 4243 liberatus
989 4203 1069 4243 es.

2099 4186 2370 4258 ὲρῤύσθης
2395 4188 2490 4241 ἀπ’
2515 4187 2715 4244 αὐτῶν.

511 4279 606 4337 24.
636 4277 862 4334 IEterna
885 4279 1072 4334 laetitia
1100 4285 1153 4334 et
1178 4279 1558 4334 exsultatione.

2167 4280 2255 4336 24.
2287 4281 2638 4354 Εὐφροσύνην
2663 4282 2878 4337 αἰώνιον
2907 4281 3000 4336 καὶ
3033 4279 3366 4349 ἀγαλλίασιν.

514 4369 605 4449 25.
643 4368 746 4434 Qui
770 4369 905 4422 enim
929 4369 1222 4439 gloriatur,
1257 4371 1311 4423 in
1344 4369 1570 4424 Domino
1601 4369 1858 4440 glorietur
1881 4369 1949 4422 ⁸⁸.

2171 4368 2260 4424 25.
2301 4371 2364 4423 Ὀ
2396 4371 2506 4441 γὰρ
2529 4371 2910 4442 καυχώμενος
2932 4374 3001 4426 ἐν
3031 4371 3224 4438 Κυρίῳ
3249 4365 3589 4436 καυχάσθω.

525 4465 589 4518 Ἤ
619 4463 948 4536 προκειμένη
980 4463 1256 4535 ἐπιγραφὴ
1290 4463 1518 4536 παρέχει
1551 4463 1817 4535 [περιέχει
1839 4478 1854 4492 ⁸
1885 4463 2153 4535 Ψαλμὸς]
2183 4463 2257 4535 (4)
2287 4463 2368 4531 τῷ
2393 4465 2587 4520 Δαϐίδ.
2617 4466 2781 4521 Δασῖδ
2806 4468 2918 4539 γὰρ
2947 4465 3304 4538 ἑρμηνεύεται
3329 4457 3657 4545 πεποθημέέ

443 4573 567 4622 νος,
599 4556 732 4627 ὅπερ
758 4554 872 4608 ἐστὶ
896 4554 1077 4608 λαϐεῖν
1110 4557 1189 4618 είς
1227 4555 1318 4609 τὸν
1346 4555 1502 4626 χορὸν
1538 4556 1644 4609 τῶν
1669 4555 1858 4624 ἁγίων,
1893 4556 1972 4608 ὅτι
1995 4554 2370 4626 πεποθημένος
2388 4558 2535 4611 ἐστὶν
2561 4558 2668 4611 ὑπὸ
2687 4557 2780 4612 τοῦ
2803 4559 3026 4631 Κυρίου.
3061 4558 3144 4624 Τῷ
3162 4552 3253 4610 οὖν
3276 4551 3658 4623 πεποθημένῳ

445 4645 588 4718 χορῷ
613 4647 822 4718 εἴρηται
843 4647 871 4698 ὁ
896 4646 1128 4717 ψαλμδς,
1155 4646 1398 4700 τουτέστι
1431 4650 1543 4711 τοῖς
1569 4644 1686 4700 οὖσι
1707 4648 1847 4703 κατὰ
1870 4648 1962 4702 τὸν
1998 4648 2161 4702 Δαϐὶδ
2189 4653 2254 4722 τῇ
2286 4651 2550 4725 ἑρμηνείᾳ
2570 4649 2664 4704 τοῦ
2691 4649 2951 4721 ὀνόματος
2987 4650 3080 4704 καὶ
3107 4651 3224 4712 ταῖς
3250 4649 3510 4710 ἐντολαῖς.

514 4737 725 4796 Titulus
747 4740 1068 4810 praepositus
1093 4739 1334 4794 continet
1367 4756 1381 4794 :
1412 4738 1656 4794 Psalmus
1683 4740 1872 4797 David.
1905 4742 2072 4796 David
2098 4743 2244 4798 enim
2281 4744 2671 4814 interpretatur
2714 4742 3066 4810 desideratus,
3109 4742 3251 4810 quod
3277 4742 3524 4811 accipere
3543 4740 3659 4793 licet

445 4839 512 4894 de
535 4836 704 4891 choro
733 4843 1072 4900 sanctorum,
1103 4835 1364 4904 quoniam
1391 4834 1731 4892 desideratus
1761 4844 1846 4892 est
1879 4851 1909 4890 a
1937 4835 2192 4894 Domino.
2219 4839 2265 4892 A
2294 4839 2464 4894 choro
2491 4839 2655 4910 igitur
2697 4849 3006 4894 sanctorum
3049 4839 3344 4894 desiderato
3384 4837 3563 4915 dictus
3586 4845 3659 4889 est

441 4933 686 5004 psalmus
714 4949 726 4986 :
761 4933 864 4987 hoc
886 4939 989 4998 est,
1016 4931 1088 4986 ab
1115 4930 1182 4986 iis
1215 4930 1309 5001 qui
1355 4929 1544 4998 David,
1575 4931 1730 5002 juxta
1761 4932 2002 4988 nominis
2046 4934 2545 5005 interpretationem
2592 4942 2648 4989 et
2676 4935 3054 4990 mandatorum
3075 4932 3502 4994 observantiam,
3535 4928 3663 4984 assi-

443 5030 723 5085 milantur.

507 5125 558 5178 1.
588 5123 829 5180 Gaudete
857 5142 1071 5196 semper
1094 5126 1147 5180 in
1184 5125 1436 5181 Domino.
2029 5130 2060 5186 12

2029 5130 2074 5186 D
2177 5129 2228 5182 1.
2276 5129 2507 5200 Χαίρετε
2540 5127 2768 5181 πάντοτε
2799 5128 2856 5180 ὲν
2879 5124 3086 5196 Κυρίῳ.

502 5214 557 5268 2.
584 5213 782 5270 Rectos
807 5217 959 5272 decet
978 5217 1200 5270 laudare
1221 5215 1531 5271 Dominum.

2174 5221 2228 5274 2.
2263 5221 2387 5284 Τοῖς
2412 5220 2590 5273 εύθέσι
2623 5219 2818 5291 πρέπει
2843 5219 3010 5271 αἰνεῖν
3029 5215 3127 5273 ,τὸν
3150 5213 3371 5284 Κύριον.

515 5308 568 5363 5.
592 5308 982 5366 Mortiﬁcantes
1015 5309 1374 5382 vosmetipsos
1406 5310 1630 5378 mundo,
1665 5309 1738 5365 ita
1783 5309 2002 5383 hymnis

2175 5311 2228 5366 '5.
2262 5310 2650 5382 Νεκρώσαντες
2675 5310 2899 5373 ἑαυτοὺς
2931 5308 3008 5379 τῷ
3061 5307 3267 5377 κόσμῳ,
3297 5305 3471 5369 οὕτως
3501 5302 3661 5375 ὑμνή-

441 5397 734 5457 laudabitis
763 5417 910 5457 eum.

894 5442 910 5457 .
2107 5419 2226 5457 σετε
2259 5402 2439 5458 αὐτόν.

537 5493 557 5524 ³
588 5490 608 5545 1
642 5493 768 5550 cor'
797 5510 836 5563 ι’
859 5495 945 5550 δι’
1390 5563 1691 5627 Addenda
1727 5571 1786 5627 et
1831 5561 2202 5643 corrigenda
2237 5581 2315 5624 ex
2344 5563 2485 5624 cod.
2519 5563 2717 5625 Vatic.

513 5687 588 5825 (1)
628 5689 820 5760 Ψυχήν
845 5707 958 5744 σου.
2188 5689 2265 5756 (5)
2293 5689 2574 5743 Ἲῐλπισεν.

536 5756 590 5825 2)
639 5757 757 5811 Τῶν
793 5759 1091 5825 μελλόντων
1118 5762 1213 5825 μή,
1248 5769 1352 5818 etc.
2196 5758 2271 5825 (ὃ)
2308 5760 2367 5812 Ἡ
2413 5759 2498 5813 διὰ
2529 5760 2574 5813 τῖ

536 5756 590 5827 2)
639 5756 757 5811 Τῶν
777 5756 1091 5830 ’μελλόντων
1118 5762 1213 5834 μή,
1248 5769 1352 5818 etc.
2196 5758 2271 5830 (4)
2308 5760 2367 5812 Ἠ
2413 5759 2498 5813 διὰ
2529 5760 2628 5830 τῆς
2654 5759 3019 5831 κινναϐάρεως
3061 5759 3332 5831 περιέχει·
3365 5757 3464 5831 τῷ,
3496 5766 3592 5816 etc.
