3934 6218
300 427 408 484 ’165
1185 429 1273 485 DE
1311 427 1583 487 TlTULlS
1619 430 2064 492 PSALMOBUM.
2089 464 2157 476 —
2179 435 2375 494 PSAL.
2414 436 2630 494 XXXII.
3163 455 3169 459 ‘
3432 441 3534 499 766

365 551 420 602 4.
461 545 549 600 Ἑν
575 545 860 619 ψαλτηριῳ
886 546 1194 619 δεκαχόρδῳ
1221 547 1425 617 ψάλατε
1449 547 1617 620 αὐτῷ.

371 637 424 692 5.
462 638 663 708 ’ᾼσατε
687 636 836 707 αὐτῷ
865 632 1016 708 ᾆσμα
1036 635 1243 690 καινόν’

367 727 420 782 6.
454 727 648 790 Καλῶς
669 726 876 796 ψάλατε
909 725 1058 797 αύτῷ
1082 727 1140 780 ἐν
1166 724 1486 797 ἀλαλαγμῷ.

367 820 422 874 7.
448 820 567 872 Ὀτι
596 818 758 882 εὐθὺς
795 819 823 872 ό
853 818 1009 887 λόγος
1047 817 1139 870 τοῦ
1167 819 1395 890 Κυρίουο

365 910 420 966 8.
448 910 556 964 Καὶ
577 911 753 964 πάντα
779 909 846 964 τὰ
873 909 1008 980 ἔργα
1039 908 1202 964 αὑτοῦ
1237 913 1294 963 ἐν
1318 909 1516 962 πίστει.

361 1001 414 1058 9.
451 1003 664 1074 ’Δγαπᾷ
685 1001 1053 1074 ἐλεημοσύνην
1081 1002 1174 1055 καὶ
1201 1001 1379 1073 κρίσιν
1411 1003 1439 1054 ό
1470 1001 1691 1074 Κύριος⁹

369 1093 454 1148 10.
485 1094 592 1147 Τοῦ
622 1093 802 1158 ἐλέους
828 1095 1030 1165 Κυρίου
1053 1094 1264 1167 πλήρης
1289 1095 1320 1165 ἡ
1347 1093 1437 1163 γῆ.

366 1185 456 1240 41.
485 1186 576 1257 Τῷ
596 1185 739 1258 λόγῳ
767 1187 971 1259 Κυρίου
1006 1189 1054 1240 οἱ
1085 1187 1302 1258 οὐρανοὶ
1331 1185 1760 1258 ἐστερεώθησαν·

371 1275 455 1329 12.
495 1277 605 1330 Καὶ
635 1277 713 1347 τῷ
745 1276 1022 1348 Πνεύματι
1053 1276 1145 1331 τού
1177 1276 1440 1347 στόματος
1471 1275 1633 1330 αὐτοῦ
1663 1273 1868 1348 πᾶσαή

295 1365 522 1436 δύναμις
547 1367 748 1422 αὐτῶν.

371 1459 458 1512 15.
496 1459 751 1527 Συνάγων
775 1459 906 1512 ὡσεὶ
938 1459 1103 1513 ἀσκὸν
1142 1458 1308 1513 ὕδατα
1337 1457 1628 1532 θαλάσσης·

370 1550 454 1602 14.
488 1549 669 1614 Τιθεὶς
702 1552 762 1604 ἐν
793 1551 1086 1622 θησαυροῖς
1119 1550 1408 1614 ἀϐύσσους.

369 1642 454 1696 15.
488 1642 782 1712 Φοϐηθήτω
829 1642 920 1696 τὸν
946 1643 1146 1716 Κύριον
1169 1644 1320 1696 πᾶσα
1350 1643 1382 1712 ή
1411 1644 1503 1712 γῆ’

365 1731 449 1785 16.
487 1733 605 1784 Ἀπ’
633 1733 797 1786 αὐτοῦ
842 1733 898 1786 δέ
935 1734 1346 1806 σαλευθήτωσαν
1400 1733 1596 1796 πάντες
1646 1733 1694 1785 οἱ
1737 1750 1870 1788 κατ-

291 1818 564 1885 οικοῦντες
592 1821 692 1893 τὴν
722 1823 869 1875 οίκου
879 1822 1067 1893 μένην.

369 1913 450 1967 17.
484 1914 605 1966 Ὀτι
631 1913 793 1976 αὐτὸς
818 1908 960 1977 εἶπε,
989 1915 1080 1967 καὶ
1106 1913 1488 1985 ἐγεννήθησαν·

365 2002 449 2057 18.
481 2004 652 2068 Αὐτὸς
673 2004 989 2069 ἐνετείλατο,
1011 2005 1103 2058 καὶ
1137 2005 1480 2075 ἐκτίσθησαν.

369 2095 452 2150 19.
482 2096 684 2168 Κύριος
715 2097 1051 2161 διααεδάζει
1081 2096 1272 2168 βουλὰς
1297 2095 1485 2149 ἐθνῶν·

364 2187 452 2242 20.
505 2187 710 2240 Ἀθετεῖ
737 2187 791 2240 δέ
832 2188 1122 2259 λογισμοὺς
1154 2187 1326 2241 λαῶν’

365 2278 454 2332 21.
483 2279 592 2332 Καὶ
623 2279 806 2334 ἀθετεῖ
837 2279 1029 2350 βουλὰς
1064 2280 1355 2350 ἀρχόντων.

361 2369 449 2424 22.
488 2369 554 2422 Ἠ
576 2369 632 2424 δὲ
671 2369 834 2442 βουλὴ
864 2369 957 2423 τοῦ
986 2369 1192 2442 Κυρίου
1236 2371 1315 2433 είς
1351 2365 1441 2420 τὸν
1467 2364 1636 2418 αἰῶνα
1665 2365 1815 2435 μένει
1835 2383 1850 2397 ο

1889 561 1932 614 Α
2031 551 2086 606 4.
2125 550 2179 604 ln
2207 551 2461 620 psalterio
2487 553 2671 609 decem
2702 569 2768 609 cn
2781 555 3040 610 ordarum
3077 555 3290 628 psallite
3322 557 3422 614 illi.

2043 643 2096 696 5.
2127 640 2354 698 Cantate
2380 645 2429 698 ei
2462 645 2732 699 canticum
2769 661 3006 702 novum:

2044 735 2098 787 6.
2135 734 2276 789 Bene
2304 736 2516 805 psallite
2541 738 2588 790 ei
2625 737 2679 792 in
2705 738 3115 796 vociferatione.

2042 826 2092 883 7.
2125 825 2261 892 Quia
2288 837 2491 883 rectum
2520 839 2605 883 est
2631 830 2860 885 verbum
2893 831 3148 887 Domini:

2038 916 2093 973 8.
2126 916 2192 971 Et
2219 918 2400 972 omnia
2441 933 2605 988 opera
2638 919 2760 988 ejus
2788 919 2842 974 in
2876 920 2998 976 ﬁde.

2042 1007 2096 1063 9.
2133 1006 2316 1078 Diligit
2343 1009 2774 1065 misericordiam
2800 1020 2853 1064 et
2875 1011 3139 1080 judicium
3166 1011 3460 1068 Dominus:

2039 1095 2126 1154 10.
2160 1096 2534 1154 Misericordia
2561 1097 2776 1154 Domini
2807 1100 2965 1170 plena
3000 1110 3083 1156 est
3109 1113 3272 1155 terra.

2040 1189 2131 1245 11.
2165 1189 2345 1246 Verbo
2377 1191 2592 1247 Domini
2622 1192 2744 1248 ραιιί
2771 1193 2968 1246 lirmati
3003 1203 3168 1249 sunt:

2040 1283 2124 1338 12.
2159 1283 2226 1339 Ει
2257 1283 2464 1355 Spiritu
2496 1283 2608 1340 oris
2645 1283 2766 1354 cjus
2791 1284 2974 1340 omnis
3003 1285 3177 1339 virtus
3202 1297 3414 1338 eorum.

2039 1458 2127 1512 15.
2152 1456 2503 1528 Congregans
2535 1457 2677 1512 sicut
2702 1465 2879 1512 utrem
2913 1472 3084 1528 aquas
3109 1457 3316 1513 maris:

2038 1549 2126 1603 M.
2155 1547 2372 1604 Ponens
2399 1549 2451 1602 in
2480 1549 2756 1605 thesauris
2787 1549 3033 1620 abyssos.

2041 1641 2131 1696 15.
2157 1640 2370 1696 Timeat
2391 1640 2682 1696 Dominum
2711 1641 2893 1697 omnis
2923 1649 3066 1694 terra
3096 1658 3111 1707 ;

2040 1731 2127 1786 16.
2159 1732 2329 1788 Abeo
2361 1743 2540 1789 autem
2589 1742 3037 1789 commoveantur
3081 1745 3274 1787 omnes
3317 1728 3532 1786 inhabi-

1972 1827 2147 1875 tantes
2176 1821 2386 1876 orbem.

2037 1911 2126 1966 17.
2153 1909 2422 1976 Quoniam
2448 1913 2562 1982 ipse
2595 1912 2752 1979 dixit,
2785 1920 2838 1966 et
2873 1921 3130 1982 generata
3157 1919 3320 1967 sunt:

2037 2001 2122 2056 18.
2153 1999 2270 2070 Ipse
2295 2003 2596 2068 mandavit,
2625 2011 2682 2060 et
2708 2011 2890 2057 creata
2916 2011 3062 2057 sunt.

2039 2094 2124 2150 19.
2163 2094 2426 2150 Dominus
2459 2095 2688 2165 dissipat
2709 2095 2940 2152 consilia
2980 2094 3218 2164 gentium
3247 2113 3260 2149 :

1999 2178 2002 2181 ’
2032 2188 2122 2242 20.
2156 2187 2429 2257 Reprobat
2455 2195 2634 2241 autem
2668 2187 3028 2256 cogitationes
3059 2187 3381 2257 populorum
3408 2205 3424 2244 :

2029 2280 2117 2334 21.
2150 2278 2216 2332 Ει
2243 2279 2498 2348 reprobat
2526 2279 2750 2334 consilia
2777 2279 3102 2348 principum.

2028 2369 2118 2422 22.
2149 2367 2450 2423 Consilium
2487 2377 2672 2422 autem
2699 2367 2914 2422 Domini
2945 2367 2999 2421 in
3025 2377 3284 2422 aaternum
3315 2375 3526 2434 manet:

1397 2542 1774 2602 ATHANASH
1810 2543 2385 2603 LVTERPRETATIO.

356 2700 412 2756 4.
442 2699 540 2754 Διά
571 2701 678 2756 τῶν
713 2699 848 2755 δέκα
871 2699 1096 2756 ἐντολῶν
1130 2701 1389 2767 δοξάσατε
1415 2701 1596 2755 αὐτόν.

357 2873 409 2933 5.
437 2874 626 2951 1’ᾼσμα
657 2879 804 2947 λέγει
833 2879 1088 2951 καθαρόν.

356 2970 409 3026 6.
450 2973 544 3026 Ἐκ
565 2973 664 3043 τῆς
683 2973 909 3044 καρδίας
935 2973 1108 3043 ὑμῶν.

356 3062 408 3116 7.
456 3063 684 3134 Ἀληθὴς
715 3067 748 3134 ἡ
777 3064 1078 3133 ἐπαγγελία
1110 3064 1187 3135 (1)
1227 3063 1414 3119 αὑτοῦ.

357 3153 411 3208 8.
451 3153 517 3205 Ἀ
554 3151 628 3224 (2)
661 3156 880 3219 ποιεῖτε,
917 3155 974 3206 ἐν
1009 3153 1187 3207 πίστει
1220 3157 1440 3207 ποιεῖτε.

353 3244 407 3298 9.
479 3243 866 3316 ’Eleqpooﬁvq
906 3245 1002 3298 καὶ
1060 3245 1242 3308 πίστις
1319 3262 1420 3316 μου
1486 3242 1858 3298 ἐκλιπέτωσάν

283 3352 373 3390 σοι
407 3335 506 3407 (3).

353 3429 440 3484 10.
473 3428 757 3482 Ἥπλωται
790 3427 850 3483 τδ
874 3427 1019 3493 ἐλεός
1061 3445 1177 3493 σου,
1208 3427 1405 3500 Κύριε,
1435 3428 1527 3481 ἐπὶ
1561 3427 1638 3500 (4)
1673 3429 1852 3484 πᾶσαν

277 3519 458 3592 ψυχὴν
483 3518 792 3592 ἀνθρώπου.

354 3611 440 3663 11.
475 3609 550 3680 (5)
573 3611 705 3681 Περὶ
736 3608 842 3663 τῶν
886 3609 1200 3664 ἀποστόλων
1229 3609 1397 3678 λέγει.

354 3701 446 3754 12.
494 3703 604 3754 Καὶ
652 3702 734 3754 ὅτι
767 3703 1097 3774 ἐνεφύσησεν
1130 3703 1210 3766 είς
1256 3703 1317 3756 τὺ
1368 3703 1655 3774 πρόσωπον
1681 3702 1857 3757 αὐτῶν

279 3790 476 3860 λέγων’
498 3790 717 3845 Λάϐετε
746 3791 987 3861 Πνεῦμα
1008 3791 1196 3861 ἅγιον,
1214 3792 1294 3844 ὅτι
1320 3792 1516 3863 ἀνέστη
1541 3793 1606 3844 ἐκ
1626 3791 1853 3863 νεκρῶψ

2042 2701 2097 2755 4.
2130 2699 2231 2754 Per
2261 2700 2664 2757 observantiam
2689 2701 2876 2758 decem
2907 2713 3300 2774 praeceptorum
3329 2703 3531 2774 gloriﬁ-

1962 2802 2084 2848 cate
2106 2808 2250 2847 eum.

2024 2884 2080 2940 5.
2113 2882 2418 2945 Canticum,
2447 2878 2648 2946 inquit,
2682 2877 2967 2934 mundum.

2027 2975 2080 3030 6.
2117 2973 2195 3028 Ex
2223 2972 2383 3028 corde
2411 2979 2610 3026 vestro.

2041 3063 2094 3118 7.
2128 3061 2266 3118 Vera
2290 3059 2576 3131 promissio
2605 3057 2743 3128 ejus.

2033 3156 2086 3208 8.
2120 3153 2251 3220 Quae
2284 3151 2484 3213 facitis,
2514 3148 2674 3203 facite
2696 3149 2750 3201 in
2786 3145 2905 3201 ﬁde.

2030 3244 2083 3299 9.
2122 3240 2487 3298 Misericordia
2524 3246 2578 3294 et
2605 3237 2738 3292 ﬁdes
2768 3251 3044 3307 nunquam
3078 3232 3174 3290 tibi
3201 3235 3471 3292 deﬁciant.

2033 3418 2117 3475 l0.
2151 3417 2327 3488 Super
2350 3433 2566 3474 omnem
2608 3416 2848 3472 hominis
2893 3414 3134 3469 animam
3165 3427 3405 3484 expansa
3446 3421 3528 3470 est

1881 3519 1926 3581 C
1955 3509 2326 3567 misericordia
2356 3518 2466 3575 tua,
2499 3508 2748 3564 Domine.

2032 3603 2134 3658 11..
2151 3601 2226 3657 De
2256 3601 2518 3672 apostolis
2549 3599 2810 3670 loquitur.

2027 3693 2114 3746 l2.
2146 3690 2212 3746 Et
2240 3692 2386 3761 quod
2416 3690 2708 3746 insuﬂlavit
2742 3690 2796 3743 in
2842 3688 3034 3745 faciem
3071 3702 3260 3743 corum
3303 3685 3524 3740 dicens:

1953 3782 2190 3854 Accipite
2239 3783 2505 3853 Spiritum
2560 3790 2798 3836 sanctum
2824 3783 2910 3846 ⁸⁸,
2969 3795 3095 3835 cum
3155 3776 3453 3834 resurrexit
3495 3790 3525 3828 a

280 3882 380 3945 τὰς
406 3882 516 3952 γάρ
541 3881 814 3951 δυνάμεις,
847 3881 913 3946 ἀς
945 3882 1160 3935 ἐποίουν
1195 3883 1241 3934 οἱ
1281 3882 1567 3936 ἀπόστολοι
1605 3881 1684 3952 τῷ
1718 3883 1857 3954 ἁγίῳ

2005 3877 2214 3932 ωτιυὶε.
2255 3875 2470 3932 Etenim
2497 3873 2783 3938 miracula,
2815 3888 2937 3942 qua:
2963 3871 3236 3927 faciebant
3268 3867 3522 3938 apostoli,

282 3973 559 4045 Πνεύματι
619 3973 904 4028 ἐπετέλουν
923 4013 937 4039 ,
995 3968 1040 4043 ᾧ
1087 3973 1274 4029 ἔλαϐον
1324 3976 1389 4028 ἐκ
1441 3973 1537 4027 τοῦ
1595 3974 1857 4046 στόματος

2005 3983 2054 4022 er
2084 3967 2346 4038 Spiritum
2379 3973 2627 4022 sanctum
2661 3964 2947 4031 faciebant,
2981 3977 3140 4018 autem
3167 3977 3235 4017 ex
3261 3973 3357 4015 ore
3393 3957 3512 4028 ejus

284 4065 470 4120 αὐτοῦ.

2005 4067 2304 4128 :ceperunt.

357 4159 442 4214 15.
498 4159 808 4231 Συνήγαγον
856 4159 924 4212 τὰ
985 4157 1111 4228 ἔθνη
1173 4156 1266 4210 τοῦ
1321 4157 1528 4228 κόσμου
1595 4174 1856 4228 νενεκρω-

2029 4149 2115 4205 15.
2150 4149 2349 4205 Gentes
2378 4149 2566 4206 mundi
2599 4157 2842 4204 mortuas
2882 4156 3108 4220 peccato
3158 4155 3521 4215 congregave-

286 4251 425 4322 μένα
451 4250 526 4321 (6)
568 4251 644 4315 ὡς
671 4251 857 4304 ἀσκόν.

2005 4249 2085 4297 Int
2113 4241 2260 4296 velut
2289 4249 2487 4296 utrem.

356 4341 444 4396 14.
484 4343 570 4399 Ἐν
601 4345 710 4405 τοῖς
735 4341 1051 4404 ἀποστόλοις
1091 4341 1160 4395 τὰ
1206 4338 1548 4411 δικαιώματα
1598 4339 1784 4395 αὑτοῦ.

2031 4330 2118 4385 ﬂ.
2161 4331 2218 4384 ln
2245 4329 2506 4399 apostolis
2535 4329 2955 4400 justiﬁcationes
2979 4325 3120 4395 ejus.

357 4434 444 4488 15.
486 4432 571 4494 Ὠς
598 4433 770 4486 εἰδυῖα
799 4434 962 4487 αὐτὸν
990 4433 1188 4503 ἐαυτῆς
1220 4410 1569 4504 δημιουργόν.

2025 4422 2110 4476 15.
2147 4419 2218 4475 Ut
2251 4437 2372 4491 qua:
2398 4421 2500 4476 soit
2522 4437 2647 4476 eum
2678 4429 2984 4476 creatorem
3025 4429 3189 4471 suum
3217 4410 3416 4468 fuisse.

361 4520 446 4573 16.
476 4520 827 4574 Μετατεθῶσι
855 4522 1053 4585 πάντες
1089 4523 1169 4585 είς
1190 4521 1280 4575 τὸν
1309 4521 1533 4594 Κύριον.

2027 4511 2113 4566 16.
2145 4510 2564 4566 Translerantur
2595 4527 2784 4569 omnes
2819 4511 2872 4566 in
2897 4508 3206 4565 Dominum.

358 4610 444 4664 17.
483 4611 569 4664 Ἐν
603 4610 680 4682 τῷ
710 4611 1062 4683 βαπτίσματι.

2029 4602 2116 4656 17.
2147 4600 2203 4655 In
2233 4601 2521 4672 baptismo.

356 4702 442 4757 18.
482 4705 812 4758 Ἀνεκαίνισε
839 4705 950 4776 γὰρ
978 4705 1192 4768 αὐτούς.

355 4795 441 4850 19.
477 4796 588 4861 Τὰς
613 4798 881 4870 προτέρας
934 4797 1262 4868 ἀπορρίπτει
1311 4797 1416 4851 ἀπὸ
1463 4797 1570 4850 τῶν
1620 4795 1854 4868 καρδιῶν

282 4883 484 4940 αὐτῶν.
1885 4873 1930 4928 D

351 4976 444 5033 20.
478 4979 588 5032 Καὶ
618 4978 888 5050 ἀλλοτριοί
915 4979 1213 5050 προτέρους
1240 4979 1417 5034 αὐτῶν
1445 4979 1754 5050 λογισμούς.

354 5070 446 5138 21..
483 5070 590 5124 Καὶ
613 5071 708 5134 τὰς
741 5071 932 5141 βουλὰς
956 5071 1063 5124 τῶν
1089 5071 1356 5142 δαιμόνων
1387 5071 1739 5136 διασκεδάζει.

352 5161 442 5215 22.
483 5162 546 5215 Ἦ
577 5162 764 5234 διδαχὴ
789 5163 974 5216 αὐτοῦ.

2027 4693 2115 4748 18.
2139 4691 2247 4747 Eos
2275 4694 2420 4747 enim
2452 4691 2758 4746 renovavit.

2029 4783 2116 4838 19.
2154 4781 2344 4837 Priora
2368 4782 2589 4854 projicit
2618 4778 2850 4837 consilia
2874 4793 2904 4832 e
2929 4774 3188 4831 cordibus
3219 4787 3430 4829 eorum.

2025 4977 2114 5031 20.
2142 4976 2209 5031 Et
2239 4976 2492 5031 immutat
2516 4973 2815 5030 anteriores
2840 4984 3029 5026 eorum
3063 4961 3420 5037 cogitationes

2024 5069 2113 5123 21.
2147 5068 2214 5122 Ει
2241 5068 2464 5124 consilia
2495 5067 2801 5122 daemonum
2823 5064 3068 5134 dissipat.

2019 5158 2107 5216 22.
2146 5159 2400 5214 Doctrina
2427 5157 2567 5228 ejus.

352 5346 400 5378 "
437 5344 596 5403 Joan.
629 5363 722 5412 xx,
750 5346 844 5402 22.

1254 5442 1556 5506 Addenda
1584 5451 1644 5506 et
1684 5443 2056 5524 corrigenda
2087 5461 2165 5507 ex
2195 5442 2334 5505 cod.
2368 5441 2568 5503 Vatic.

359 5600 438 5672 (1)
466 5602 791 5672 Εύαγγελια.

353 5670 429 5739 (2)
453 5673 558 5725 Καὶ
581 5670 755 5728 πάντα
784 5675 838 5732 ἄ.
869 5681 973 5728 etc.

351 5743 430 5812 (3)
456 5743 614 5812 Μὴ...
636 5761 715 5802 σε,
739 5761 844 5796 non
874 5761 974 5796 σοι.

349 5811 430 5877 (4)
461 5811 646 5877 Ἔλεος
675 5814 877 5883 Κυρίου
905 5815 1015 5878 ἐπί,
1041 5821 1142 5868 etc.

2031 5608 2106 5674 (5)
2129 5605 2606 5677 Ν.11.-Περί,ειε.-.
2626 5602 2713 5677 ὅτε
2736 5598 3002 5668 ἀνέστηέκ
3023 5588 3510 5663 νεκρῶν,τάςεωη

1955 5670 2261 5740 ἐπετέλουν,
2283 5670 2347 5744 ᾧ,
2365 5670 2496 5736 etc.,
2529 5670 2711 5726 αὑτοῦ.

2025 5748 2102 5820 (6)
2138 5734 2511 5818 Συνῆγαγεν...
2540 5737 2850 5808 νεκοωμένα
2879 5734 3027 5800 ὡσεί,
3055 5741 3156 5788 etc.
