3934 6218
495 394 598 448 767
1339 393 1398 452 S.
1442 393 1804 448 ATHANASII
1845 392 1996 447 OPP.
2037 392 2216 448 PARS
2257 391 2341 446 IlI.
2380 421 2444 434 —
2491 389 2903 449 EXEGETICA.
3625 391 3720 444 768

563 512 650 566 25.
681 510 1046 581 Cogitationes
1076 513 1258 568 cordis
1286 513 1405 581 ejus
1452 514 1505 566 in
1553 513 1956 582 generationem
2002 521 2055 566 ct
2081 535 2116 589 Α

2224 510 2315 565 25.
2351 511 2614 581 Λογισμοὶ
2665 511 2761 582 τῆς
2806 509 3032 582 καρδίας
3067 508 3230 564 αὑτοῦ
3270 509 3350 572 είς
3395 508 3588 577 γενεὰν
3635 513 3722 562 καὶ

492 603 919 676 generationem.

817 618 919 656 em.
2158 601 2370 670 γενεάν.

563 695 652 748 24.
689 693 850 748 Beata
885 707 1037 764 gens,
1073 692 1230 760 cujus
1259 699 1341 746 est
1365 690 1626 746 Dominus
1656 691 1796 746 Deus
1825 693 1974 761 ejus:

2220 693 2309 747 24.
2333 693 2618 763 Μακάρων
2638 692 2698 746 τὸ
2717 693 2886 758 ἔθνος,
2907 687 2968 747 οἵ)
2988 693 3097 745 ἐστι
3119 693 3326 762 Κύριος
3339 693 3367 744 ὁ
3383 691 3514 754 Θεὸς
3529 689 3690 743 αὐτοῦ
3706 707 3719 722 ο

563 787 656 842 25.
691 785 968 856 Populus,
1020 800 1181 855 quem
1233 786 1394 855 elegit
1443 786 1495 839 in
1553 786 1914 840 baereditatem
1955 787 2058 842 sibi

2224 782 2316 836 25.
2342 783 2505 846 Λαὸς,
2526 781 2583 834 ὃν
2610 780 2890 848 ἐξελέξατο
2911 784 2988 845 είς
3011 781 3367 852 κληρονομίαν
3385 780 3560 851 ἑαυτῴ
3581 778 3719 851 [ἑαυ-

499 877 723 952 [suam].

2157 873 2296 945 τοῦ].

563 970 652 1024 26.
681 967 758 1022 De
781 966 920 1021 etelo
947 965 1184 1035 respexit
1211 963 1511 1029 Dominus;

2228 964 2317 1018 26.
2364 965 2452 1032 Ἐξ
2482 965 2709 1037 οὐρανοῦ
2746 965 3039 1035 ἐπέϐλεψεν
3067 965 3094 1017 ὁ
3119 964 3320 1035 Κύριος
3338 980 3354 994 ο
3737 958 3749 1028 l

565 1060 654 1114 27.
690 1059 836 1114 Vidit
862 1072 1052 1112 omnes
1079 1056 1219 1110 ﬁlios
1249 1057 1554 1110 hominum.

2227 1056 2317 1108 27.
2351 1052 2471 1108 Εἷδε
2500 1056 2708 1121 πάντας
2739 1059 2864 1120 τοὺς
2892 1057 3040 1119 υἱοὺς
3063 1055 3168 1108 τῶν
3199 1053 3517 1126 ἀνθρώπων.

564 1149 656 1202 28.
690 1147 764 1202 De
795 1157 1094 1218 praeparato
1121 1147 1428 1202 habitaculo
1451 1161 1573 1211 suo,
1721 1159 1724 1162 ‘

2220 1146 2313 1203 28.
2365 1147 2453 1212 Ἐξ
2490 1149 2704 1217 ἑτοίμου
2735 1148 3152 1219 κατοικητηρίου
3185 1145 3371 1210 αὑτοῦ,

560 1240 654 1294 29.
686 1239 943 1308 Respexit
969 1255 1129 1310 super
1165 1254 1356 1294 omnes
1403 1237 1495 1308 qui
1528 1237 1778 1292 habitant
1800 1245 2022 1302 terram,

2222 1238 2312 1293 29.
2347 1239 2666 1309 Ἐπέϐλεψεν
2705 1241 2795 1293 ἐπὶ
2823 1239 3027 1303 πάντας
3059 1240 3184 1302 τοὺς
3214 1236 3601 1299 κατοικοῦντας
3630 1237 3720 1307 τὴν

2158 1325 2281 1392 γῆν,

565 1413 654 1467 50.
687 1412 790 1479 Qui
820 1413 976 1468 ﬁnxit
1001 1415 1315 1484 singillatim
1349 1412 1515 1469 corda
1545 1427 1769 1480 eorum;
2066 1397 2072 1409 ’

2226 1412 2313 1467 50.
2363 1414 2420 1468 Ὁ
2447 1413 2653 1477 πλάσας
2683 1415 2823 1468 κατὰ
2856 1415 3020 1485 μόνας
3047 1412 3144 1476 τὰς
3170 1411 3397 1482 καρδίας
3431 1411 3610 1465 αὐτῶν
3631 1429 3642 1440 ·

566 1506 655 1559 51.
683 1505 786 1571 Qui
821 1505 1070 1577 intelligit
1093 1507 1275 1560 omnia
1305 1521 1467 1575 opera
1500 1521 1710 1560 eorum.

2234 1505 2323 1559 51.
2373 1506 2430 1559 '0
2461 1507 2659 1569 συνιεὶς
2689 1509 2768 1570 είς
2802 1509 2978 1561 πάντα
3025 1506 3092 1560 τὰ
3123 1505 3259 1576 ἔργα
3288 1505 3485 1559 αὐτῶν.

566 1595 657 1649 52.
689 1594 805 1650 Νοη
833 1597 1074 1651 salvatur
1107 1613 1202 1651 rex
1229 1613 1325 1666 per
1354 1597 1575 1651 multam
1603 1598 1890 1651 virtutem:

2231 1597 2320 1652 52.
2353 1599 2426 1652 Οὐ
2463 1597 2692 1662 σώζεται
2728 1599 2978 1669 βασιλεὺς
3011 1598 3100 1652 διὰ
3133 1596 3329 1669 πολλὴν
3376 1596 3620 1667 δύναμιν·

567 1685 656 1738 55.
686 1685 751 1740 Et
774 1686 926 1756 gigas
948 1700 1054 1740 non
1084 1686 1382 1741 salvabitur
1405 1687 1460 1739 in
1487 1684 1826 1740 multitudine
1851 1683 2063 1739 virtutis

2222 1688 2308 1743 55.
2353 1690 2459 1742 Καὶ
2511 1690 2670 1758 γίγας
2717 1691 2776 1743 οὑ
2828 1689 3129 1760 σωθήσεται
3187 1691 3245 1742 ὲν
3289 1688 3482 1757 πλήθει
3547 1685 3721 1758 ἰσχύος

499 1789 611 1830 ευεε
636 1793 649 1828 ε

2161 1780 2323 1833 αὑτοῦ
2334 1823 2345 1836 .

569 1867 658 1922 54.
691 1866 878 1921 Fallax
903 1863 1170 1935 equus'ad
1207 1865 1470 1918 salutem:
2093 1878 2122 1937 ε

2093 1878 2138 1937 Β
2233 1867 2320 1920 54.
2356 1868 2570 1939 ιινευδὴς
2598 1869 2762 1930 ἵππος
2790 1869 2868 1931 εἰς
2900 1867 3170 1939 σωτηρίαν
3194 1882 3207 1896 ·

568 1957 1070 2013 55.1n'abundantia
1087 1965 1266 2010 autem
1281 1956 1494 2010 virtutis
1508 1971 1619 2011 suae
1635 1970 1740 2010 non
1756 1956 2064 2012 salvabitur.

2238 1958 2326 2012 55.
2370 1960 2458 2011 Ἐν
2487 1960 2544 2012 δὲ
2571 1959 2760 2031 πλήθει
2783 1958 3064 2029 δυνάμεως
3093 1955 3256 2010 αὑτοῦ
3299 1957 3358 2009 οὐ
3407 1956 3727 2026 σωθήσεται.

571 2049 658 2104 56.
695 2049 832 2104 Ecce
859 2049 1001 2103 oculi
1031 2047 1248 2103 Domini
1281 2063 1443 2118 super
1477 2057 1779 2103 metuentes
1804 2064 1962 2105 eum:

2235 2049 2322 2103 56.
2360 2050 2487 2103 Ἰδοὺ
2505 2052 2552 2103 οἱ
2586 2049 2850 2121 ὀφθαλμοὶ
2879 2049 3082 2121 Κυρίου
3108 2050 3198 2101 ἐπὶ
3221 2049 3344 2113 τοὺς
3371 2047 3731 2118 φοϐουμένους

2163 2141 2323 2194 αὐτόν
2345 2156 2361 2171 ·

572 2226 660 2282 57.
699 2226 990 2296 Sperantes
1017 2243 1180 2299 super
1211 2228 1582 2286 misericordia
1609 2229 1764 2299 ejus;

2231 2234 2319 2288 57.
2352 2233 2496 2297 Τοὺς
2529 2232 2842 2298 ἐλπίζοντας
2876 2232 2954 2306 [in
2981 2249 3154 2302 marg.
3179 2231 3300 2287 cod.
3336 2228 3617 2301 γράφεται
3646 2227 3734 2282 καὶ

2165 2325 2278 2386 τοῖς
2305 2321 2634 2394 ἐλπίζουσιν]
2663 2323 2754 2376 ἐπὶ
2783 2323 2844 2375 τὸ
2872 2323 3018 2386 ἕλεος
3061 2320 3224 2376 αὐτοῦ
3245 2338 3260 2353 ·

573 2409 660 2465 58.
692 2409 762 2464 Ut
793 2420 949 2465 eruat
979 2427 1008 2466 a
1037 2421 1207 2467 morte
1236 2413 1443 2470 animas
1468 2429 1652 2469 eorum
1677 2432 1694 2478 ;

2237 2412 2325 2466 58.
2367 2413 2656 2466 Ῥύσασθαι
2687 2414 2751 2467 ὲκ
2785 2412 3011 2467 θανάτου
3038 2413 3135 2476 τὰς
3160 2410 3335 2483 ψυχὰς
3364 2411 3579 2465 αὐτῶν·

569 2499 658 2554 59.
690 2499 756 2554 Et
786 2501 895 2555 alat
924 2515 1019 2556 eos
1052 2501 1106 2555 in
1138 2500 1300 2557 fame.

2243 2506 2331 2560 59.
2355 2507 2463 2559 Καὶ
2487 2506 2768 2578 διαθρέψαι
2803 2505 2998 2568 αὐτοὺς
3019 2506 3075 2559 ἐν
3103 2504 3265 2576 λιμῷ.

568 2591 658 2647 40.
688 2592 884 2646 Anima
911 2600 1090 2648 autem
1119 2602 1306 2650 nostra
1340 2594 1569 2650 sustinet
1603 2595 1923 2650 Dominum:

2241 2597 2330 2652 40.
2374 2597 2440 2651 'H
2468 2597 2524 2649 δὲ
2551 2597 2694 2669 ψυχὴ
2723 2596 2879 2668 ἡμῶν
2902 2596 3160 2667 ὑπομένει
3187 2595 3264 2665 τῷ
3282 2593 3503 2665 Κυρίῳ·

569 2683 660 2737 41.
691 2682 958 2748 Quoniam
987 2685 1202 2755 adjutor
1226 2696 1279 2741 et
1299 2693 1571 2757 protector
1593 2696 1777 2742 noster
1809 2698 1922 2744 est:

2244 2688 2331 2742 41.
2366 2689 2488 2742 Ὅτι
2521 2688 2710 2760 βοηθὸς
2744 2688 2839 2741 καὶ
2866 2685 3271 2760 ὑπερασπιστὴς
3303 2685 3457 2756 ἡμῶν
3487 2686 3668 2738 ἐστιν·

573 2774 664 2828 42.
701 2774 837 2840 Quia
865 2775 918 2829 in
947 2791 1012 2831 eo
1045 2777 1314 2832 lzetabitur
1339 2793 1434 2833 cor
1462 2788 1743 2848 nostrum;

2242 2778 2331 2832 42.
2363 2779 2484 2832 Ὅτι
2509 2780 2566 2831 ὲν
2601 2777 2748 2848 αὐτῷ
2776 2776 3206 2848 εὐφρανθήσεται
3234 2775 3268 2840 ἡ
3313 2772 3508 2844 καρδία
3543 2771 3728 2843 ἡμῶν

572 2865 660 2920 45.
693 2864 760 2922 Et
780 2867 836 2921 in
865 2869 1088 2949 nomine
1109 2879 1298 2925 sancto
1327 2871 1446 2940 ejus
1472 2872 1826 2942 speravimus.

2244 2871 2332 2925 45.
2363 2871 2472 2924 Καὶ
2495 2870 2553 2922 ὲν
2575 2868 2654 2941 τῷ
2684 2870 2905 2942 ὀνόματι
2936 2867 3014 2940 τῷ
3058 2866 3196 2937 ἁγίῳ
3218 2863 3381 2919 αὐτοῦ
3407 2863 3729 2934 ἠλπίσαμεν.

1618 3003 1990 3061 ATHANASII
2030 3004 2610 3061 INTERPRETATIO.

569 3114 661 3171 25.
692 3115 1024 3176 llluminatio
1053 3121 1194 3191 ejus.
2098 3128 2122 3186 (

2098 3128 2140 3186 C
2242 3123 2332 3177 25.
2385 3122 2442 3176 ὐ
2469 3121 2747 3192 φωτισμὺς
2784 3117 2967 3174 αὐτοῦ.

579 3207 671 3263 24.
703 3209 1027 3266 Sanctorum
1053 3223 1262 3284 gentem
1292 3223 1344 3270 et
1358 3213 1615 3286 populum
1641 3213 1760 3282 ejus
1785 3211 2072 3283 signiﬁcat.

2243 3214 2333 3269 24.
2349 3214 2424 3285 (1)
2442 3213 2514 3266 Τὸ
2534 3213 2643 3267 τῶν
2664 3212 2831 3280 ἁγίων
2855 3211 3002 3273 ἔθνος
3024 3207 3115 3262 καὶ
3137 3206 3226 3260 τὸν
3247 3203 3408 3259 αὑτοῦ
3429 3204 3560 3257 λαὸν
3574 3202 3734 3272 λέγει.

578 3300 670 3354 25.
704 3299 1066 3372 Complacuit,
1102 3305 1298 3376 inquit.
1331 3307 1540 3362 salvum
1577 3304 1772 3361 facere.

1635 3319 1772 3361 cere.
2239 3305 2329 3360 25.
2368 3305 2640 3376 Εὐδόκησε
2671 3303 2764 3357 τοῦ
2798 3303 2988 3366 σώσαι,
3020 3301 3186 3369 λέγει.

575 3391 670 3447 26.
702 3391 926 3464 Semper
947 3397 1092 3450 enim
1122 3399 1374 3455 homines
1401 3399 1658 3469 respexit.
1777 3433 1780 3436 η

2243 3398 2333 3452 26.
2373 3397 2483 3450 Ἀεὶ
2514 3395 2622 3468 γὰρ
2645 3395 2837 3449 ἔϐλεπε
2863 3395 2989 3456 τοὺς
3020 3391 3354 3462 ἀνθρώπους.

579 3482 669 3547 27,
722 3480 813 3537 29.
857 3483 1089 3543 Intuitus
1139 3498 1222 3544 est
1265 3503 1296 3544 e
1336 3489 1474 3545 coelo
1517 3497 1706 3544 sancto
1752 3501 1854 3544 suo
1895 3485 2075 3541 horni-

2245 3489 2430 3544 27-29.
2471 3489 2712 3541 Ἐπεῖδεν
2744 3488 2808 3539 ὲκ
2851 3484 2943 3539 τοῦ
2988 3483 3212 3554 οὐρανοῦ
3252 3483 3344 3535 τοῦ
3381 3482 3538 3551 ἁγίου
3582 3477 3735 3534 αὑτοῦ

514 3587 645 3625 num
673 3587 878 3643 genus,
917 3583 972 3630 et
1005 3576 1087 3633 eis
1118 3579 1375 3636 omnibus
1431 3581 1708 3637 consuluit
1748 3587 1909 3650 atque
1952 3592 2067 3647 pro-

2184 3581 2236 3634 τὸ
2264 3581 2418 3650 γένος
2448 3580 2556 3634 τῶν
2579 3578 2898 3652 ἀνθρώπων.
2923 3577 3018 3632 καὶ
3044 3577 3297 3647 πρόνοιαν
3328 3573 3508 3628 αὐτῶν
3533 3573 3737 3626 πάντων

516 3662 668 3718 vidit.

2178 3673 2491 3742 πεποίηται.

577 3753 668 3808 50.
701 3753 755 3808 lu
781 3754 1072 3824 baptismo.

2248 3765 2336 3819 50.
2385 3763 2472 3816 Ἐν
2495 3761 2572 3834 τῷ
2605 3761 2959 3832 βαπτίσματι.

586 3846 675 3900 51.
709 3845 911 3902 Gaudet
940 3856 1200 3917 praeterea
1226 3862 1414 3903 eorum
1439 3847 1714 3918 operibus.

2246 3854 2334 3908 51.
2362 3853 2556 3925 Χαίρει
2582 3853 2655 3924 (2)
2691 3853 2873 3906 λοιπὸν
2901 3854 2958 3906 ὲν
2989 3853 3097 3914 τοῖς
3126 3849 3306 3921 ἔργοις
3334 3845 3536 3900 αὐτῶν.

585 3935 673 3990 52.
708 3935 765 3990 In
795 3936 882 3990 die
903 3935 1120 4006 judicii.

2250 3946 2339 3999 52.
2383 3946 2470 3998 Ἐν
2499 3948 2564 4015 τῇ
2598 3945 2780 4016 ἡμέρᾳ
2797 3945 2896 4015 τῆς
2939 3944 3189 4014 κρίσεως.

583 4028 672 4082 55.
711 4026 869 4089 Salus
897 4045 927 4084 a
959 4025 1183 4086 Domino
1227 4039 1282 4084 et
1315 4031 1370 4085 in
1411 4031 1663 4102 praesenti
1703 4039 1758 4087 et
1799 4030 1852 4085 in
1899 4031 2081 4088 futuro

2249 4037 2338 4091 55.
2374 4036 2531 4107 Παρὰ
2559 4035 2760 4107 Κυρίου
2791 4036 2824 4106 ἡ
2856 4035 3096 4104 σωτηρία
3124 4033 3216 4086 καὶ
3243 4032 3301 4084 ὲν
3341 4029 3418 4101 τῷ
3461 4029 3558 4082 νῦν
3594 4027 3739 4081 αἰῶνι

519 4122 717 4176 saeculo
749 4121 1043 4192 unicuique
1072 4123 1250 4178 datur.

2182 4129 2276 4182 καὶ
2302 4131 2358 4181 ὲν
2385 4126 2462 4196 τῷ
2499 4126 2741 4198 μέλλοντι
2778 4127 2990 4195 ἑκάστῳ
3020 4125 3236 4178 δίδοται.

587 4215 677 4269 54.
709 4213 826 4270 Non
852 4224 1031 4271 autem
1059 4224 1110 4270 ut
1139 4216 1192 4270 in
1211 4218 1463 4287 praesenti
1483 4233 1681 4288 equum
1704 4219 1930 4285 habens,
1955 4227 2083 4274 tunc

2253 4221 2340 4275 54.
2368 4220 2502 4273 Οὐδὲ
2527 4221 2556 4272 ὁ
2583 4220 2745 4281 ἵππος
2770 4218 2846 4290 (5)
2896 4217 3033 4288 ἔχων
3077 4219 3133 4272 ὲν
3163 4215 3239 4287 τῷ
3275 4215 3368 4269 νῦν
3417 4212 3576 4269 αἰῶνι
3627 4211 3741 4264 τότε

519 4304 716 4374 poterit
739 4304 793 4358 in
825 4319 891 4360 eo
918 4303 1194 4376 aufugere.

2182 4311 2463 4382 δυνήσεται
2499 4312 2556 4365 ὲν
2586 4309 2730 4381 αὐτῷ
2755 4309 2993 4378 φεύγειν.

588 4395 678 4449 55.
706 4392 824 4449 Non
844 4395 990 4449 enim
1008 4395 1274 4466 cujusque
1293 4397 1531 4467 potentia
1553 4397 1786 4454 salvabit
1803 4413 1926 4452 eum
1951 4406 2081 4453 tem-
2123 4469 2136 4471 _

2253 4402 2341 4456 55.
2370 4402 2444 4455 Οὐ
2473 4401 2582 4470 γὰρ
2609 4403 2641 4471 ή
2674 4400 2957 4455 δυναστεία
2988 4398 3213 4452 ἑκάστου
3244 4394 3403 4460 σώζει
3427 4391 3640 4466 [σώσει]
3663 4391 3743 4444 αὖ·

519 4500 649 4555 pore
673 4485 886 4556 judicii.

2115 4469 2159 4525 Β
2185 4494 2274 4546 τὸν
2308 4495 2365 4546 ὲν
2390 4492 2467 4563 τῷ
2490 4469 2678 4564 καιρῷ
2706 4492 2805 4562 τῆς
2831 4491 3080 4562 κρίσεως.

588 4576 679 4644 56,
707 4577 796 4631 57.
833 4577 1134 4632 Delectatur
1165 4574 1309 4630 enim
1341 4575 1679 4646 subjectione
1701 4585 1755 4631 et
1778 4590 1891 4646 spe,
1919 4593 2081 4648 quam

2251 4582 2340 4648 56,
2368 4584 2456 4637 57.
2501 4583 2721 4654 Ἐρᾶται
2751 4584 2841 4636 ἐπὶ
2869 4585 2936 4653 τῇ
2965 4581 3208 4650 ὑποταγῇ
3235 4577 3329 4632 καὶ
3358 4581 3424 4648 τῇ
3452 4577 3650 4643 ἐλπίδι,
3680 4575 3743 4645 ἢν

517 4671 574 4725 in
603 4686 669 4725 eo
697 4670 919 4724 habent.

2183 4674 2392 4747 ἔχουσιν
2423 4675 2501 4738 είς
2525 4675 2700 4729 αὐτόν.

591 4760 678 4816 58.
708 4761 754 4814 Α
779 4770 956 4815 morte
983 4767 1204 4813 aeterna.

2251 4767 2338 4822 58.
2372 4766 2478 4820 Τοῦ
2509 4768 2724 4821 αἰωνίου
2757 4765 3008 4820 θανάτου.

581 4853 671 4909 59.
702 4851 820 4908 Νοη
865 4851 1064 4906 famem
1101 4848 1257 4920 panis
1294 4847 1590 4920 signiﬁcat,
1623 4849 1716 4906 sed
1758 4848 1957 4905 famem
1981 4867 2074 4907 au-

2257 4858 2344 4912 59.
2387 4859 2460 4911 Οὐ
2495 4857 2641 4926 λέγει
2667 4857 2821 4928 λιμὸν
2846 4858 3034 4929 ἄρτου,
3069 4854 3204 4910 ἀλλὰ
3225 4853 3379 4925 λιμὸν
3398 4853 3494 4907 τοῦ
3523 4852 3744 4908 ἀκοῦσαι

517 4945 700 5003 diendi
727 4946 955 5002 verbum
988 4943 1222 5001 Domini.

1161 4943 1222 4998 ὶί·
2187 4953 2337 5023 λόγον
2381 4952 2587 5024 Κυρίου
2619 4951 2714 5022 (4).

586 5041 676 5098 40.
705 5041 902 5098 Anima
921 5047 1109 5096 nostra
1127 5046 1406 5110 exspectat
1423 5051 1636 5108 semper
1651 5035 2076 5094 misericordiam

2253 5043 2341 5099 40.
2382 5044 2446 5098 'H
2476 5043 2622 5115 ψυχὴ
2658 5043 2814 5114 ἡμῶν
2841 5041 3124 5115 περιμένει
3162 5040 3389 5095 πάντοτε
3412 5040 3473 5094 τὸ
3503 5040 3636 5110 παρ’
3657 5035 3746 5090 αὖ·

518 5135 587 5191 ab
611 5149 696 5190 eo.

2185 5131 2279 5186 τοῦ
2313 5132 2472 5196 ἔλεος.

581 5225 669 5279 41.
701 5222 968 5291 Quoniam
996 5223 1110 5293 ipse
1135 5236 1350 5292 semper
1374 5236 1520 5277 cura:
1553 5236 1656 5277 nos
1689 5220 1869 5276 habet.

2256 5224 2344 5276 4i.
2379 5223 2500 5276 ’Ότι
2533 5222 2691 5286 αὐτὸς
2719 5223 2804 5275 ἀεὶ
2836 5222 3088 5294 φροντίδα
3110 5221 3264 5293 ἡμῶν
3301 5221 3553 5274 ποιεῖται.

588 5317 678 5373 42.
705 5315 1048 5372 lnhabitante
1081 5314 1199 5384 ipso
1224 5315 1278 5369 in
1305 5314 1482 5370 nobis.

2256 5314 2345 5367 42.
2371 5315 2848 5385 Κατασκηνοῦντος
2877 5313 3039 5367 αὑτοῦ
3074 5315 3131 5367 ὲν
3161 5315 3311 5386 ἡμῖν.

585 5411 674 5464 45.
705 5408 973 5474 Quoniam
1006 5415 1196 5477 potens
1218 5415 1301 5463 est
1323 5407 1532 5463 salvare
1551 5421 1674 5462 nos.

1574 5421 1674 5462 IOS.
2260 5406 2347 5460 45.
2376 5407 2495 5459 Ὅτι
2520 5405 2738 5459 δύναται
2764 5405 2932 5458 σῶσαι
2961 5406 3127 5476 ἡμᾶς.

1477 5523 1783 5586 Addenda
1820 5529 1880 5583 et
1917 5521 2292 5598 corrigenda
2321 5539 2400 5583 ex
2429 5521 2570 5582 eod.
2603 5521 2804 5582 Vatic.

602 5627 679 5699 (1)
705 5628 788 5699 Τὸν
813 5628 941 5692 τῶν,
967 5636 1096 5693 etc.,
1135 5625 1303 5698 λέγει.
1331 5626 1395 5685 Ν.
1426 5628 1514 5698 26,
1549 5629 1637 5685 27.
1682 5628 1789 5682 Ἀεὶ
1815 5630 1941 5699 γάρ,
1976 5635 2078 5682 elc.

1161 5625 1303 5698 .ἐγει.
1331 5626 1395 5685 Ν.
1426 5628 1514 5698 26,
1549 5629 1637 5685 27.
1682 5628 1789 5682 Ἀεὶ
1815 5630 1941 5699 γάρ,
1976 5635 2078 5682 etc.
2363 5625 2495 5699 Οὐδὲ
2534 5625 2714 5699 ἴπᾼπον.

535 5695 600 5751 Ν.
620 5698 713 5767 28.
731 5698 822 5752 Q9.
867 5699 1104 5752 Ἐπείδεν
1136 5695 1221 5753 ὲκ.
1248 5709 1352 5756 etc.
1502 5695 1508 5698 ⁷
1828 5695 1834 5696 ί
1892 5695 1901 5699 ’
2377 5697 2544 5764 Λόγον
2573 5695 2725 5748 Θεοῦ.

609 5766 685 5838 (2)
713 5769 904 5839 Χαίρει
940 5769 1076 5838 γάρ,
1109 5780 1213 5825 etc.
