3934 6218
177 5157 188 5178 ‘
261 5139 624 5212 ξιὲρμηνείαο
656 5142 763 5195 τῶν
796 5145 953 5196 ὲπιστ

261 195 351 250 769
1074 185 1162 239 DE
1201 181 1476 238 TITULIS
1513 179 1957 235 PSALMDRUM.
1981 211 2044 222 —
2076 180 2271 234 PSAL.
2313 177 2549 235 XXXIII.
3353 183 3452 237 770

324 304 402 357 44.
436 299 656 360 Γένοιτο,
683 296 873 369 Κύριε,
917 295 978 348 τὸ
1009 295 1152 358 ἔλεός
1181 312 1271 347 σου
1297 296 1381 363 ἐφ’
1411 294 1556 365 ἡμᾶς
1575 333 1589 358 ,
1618 293 1783 347 καθά-
1812 300 1858 356 Α

1950 293 2038 348 44.
2068 292 2194 348 Fiat
2235 292 2606 348 misericordia
2648 300 2738 346 tua
2760 335 2772 358 ,
2816 291 3043 347 Domine
3065 334 3080 358 ,
3116 308 3280 364 super
3319 312 3448 364 nos,

261 410 354 466 περ
384 389 678 462 ἠλπίσαμεν
705 388 796 440 ἐπὶ
822 387 895 441 σέ.

1891 387 2343 459 quemadmodum
2375 387 2712 456 speravimus
2741 388 2795 442 in
2825 396 2893 441 te.

267 504 486 573 Ψαλμὸς
535 499 615 566 τῷ
653 499 861 563 Δαϐὶό,
892 497 988 552 ὅτε
1023 497 1322 566 ἡλλοίωσε
1376 495 1442 550 τὸ
1471 497 1794 564 πρόσωπον

1901 494 2139 550 Psalmus
2167 494 2364 560 David,
2408 511 2524 549 cum
2547 495 2841 550 immutavit
2873 500 3074 551 vultum
3099 515 3251 552 suum
3281 516 3454 555 coram

321 594 491 649 αὐτοῦ
511 593 784 646 ἐναντίον
811 590 1120 658 Ἀϐιμέλεχ,
1145 589 1242 643 καὶ
1264 587 1570 644 ἀπέλυσεν
1587 585 1792 654 αὑτὸν,

1690 585 1792 654 ὒν,
2157 586 2473 652 Abimelech,
2497 598 2545 641 et
2575 588 2776 641 dimisit
2800 605 2937 654 eum,
2966 599 3016 644 et
3038 592 3189 645 abiit.
3241 583 3243 588 ’

325 686 416 740 καὶ
443 683 727 752 ἀπῆλθεν.
770 685 940 736 nam.
976 683 1118 736 AF'.

2413 677 2617 735 PSAL.
2648 678 2932 736 XXXIII.

325 797 370 850 l.
408 793 689 862 Εὑλογήσω
716 793 807 846 τὸν
831 793 1032 864 Κύριον
1065 794 1122 845 ὲν
1160 791 1318 845 παντὶ
1343 789 1515 862 καιρῷ
1533 808 1548 822 υ

1965 785 2017 839 1.
2046 784 2365 842 Bcnedicam
2400 787 2687 845 Dominum
2713 791 2767 846 in
2798 793 2948 847 omni
2974 799 3245 865 tempore:

323 886 374 940 2.
406 883 694 947 Διαπαντὸς
720 885 752 955 ή
782 883 987 946 αῖνεσις
1012 882 1174 937 αὑτοῦ
1211 885 1268 936 ὲν
1293 881 1370 952 τῷ
1409 881 1632 952 στόματί
1672 898 1793 953 μου.

1409 881 1632 952 στόματί
1672 898 1793 953 μου.
1962 874 2015 928 2ο
2051 873 2273 946 Semper
2298 879 2417 932 laus
2444 877 2564 949 ejus
2589 881 2641 934 in
2673 896 2766 936 ore
2792 897 2931 938 meo.

326 981 374 1034 5.
412 979 494 1030 Ἐν
521 975 599 1046 τῷ
627 975 814 1046 Κυρίῳ
840 973 1250 1044 ἐπαινεθήσεται
1277 976 1310 1043 ὴ
1344 973 1489 1043 ψυχή
1525 990 1624 1041 μου
1647 986 1663 1002 ο

1556 990 1624 1025 μου
1647 986 1663 1002 ο
1966 966 2018 1020 5.
2054 966 2110 1020 In
2140 966 2369 1022 Domino
2397 968 2705 1026 laudabitur
2733 975 2914 1028 anima
2949 990 3068 1030 mea
3095 994 3109 1031 :

325 1072 374 1124 4.
420 1067 821 1121 Ἀκουσάτωσαν
847 1067 1039 1136 πραεῖς
1058 1105 1071 1128 ,
1101 1064 1195 1118 καὶ
1217 1061 1694 1134 εύφρανθήτωσαν.

1418 1061 1694 1133 ιθήτωσαν.
1964 1056 2016 1110 4.
2048 1058 2283 1113 Audiant
2313 1063 2583 1117 mansueti
2612 1073 2666 1118 et
2698 1065 2971 1122 laetentur.

329 1165 376 1216 5.
409 1157 749 1228 Μεγαλύνατε
769 1157 858 1210 τὸν
887 1156 1088 1227 Κύριον
1115 1156 1210 1208 σὺν
1233 1154 1354 1224 ὲμοί
1375 1170 1388 1184 ·

1961 1148 2010 1202 5.
2046 1147 2380 1218 Magnilicate
2411 1151 2698 1208 Dominum
2726 1171 2980 1211 mecum:

326 1256 372 1306 6.
399 1250 500 1303 Καὶ
533 1247 833 1318 ύψώσωμεν
863 1246 923 1299 τὸ
949 1247 1116 1317 ὄνομα
1141 1244 1304 1297 αὑτοῦ
1333 1243 1424 1295 ἐπὶ
1444 1242 1504 1296 τὸ
1529 1242 1678 1296 αὑτό.

1676 1283 1678 1294 ,
1961 1237 2013 1291 6.
2042 1235 2108 1291 Et
2139 1239 2495 1295 exaltabimus
2526 1258 2721 1297 nomen
2746 1244 2864 1313 ejus
2894 1244 2947 1298 in
2979 1245 3229 1316 idipsum.

323 1345 370 1396 7.
410 1341 733 1412 Ἐξεζήτησα
758 1338 849 1392 τὸν
880 1337 1103 1408 Κύριον,
1132 1337 1224 1390 καὶ
1257 1335 1526 1407 ἐπήκουσέ
1563 1352 1661 1404 μου
1683 1349 1698 1366 ⁶

1973 1329 2022 1383 7.
2056 1328 2334 1402 Exquisivi
2364 1332 2674 1402 Dominum,
2706 1347 2760 1392 et
2787 1339 3063 1394 exaudivit
3097 1356 3204 1394 me.
3258 1399 3261 1404 ί

325 1435 372 1490 8.
403 1434 505 1487 Kal
534 1435 598 1486 ὲκ
640 1430 829 1485 πατῶν
867 1429 974 1483 τῶν
1009 1427 1235 1498 Θλίψεών
1284 1445 1382 1498 μου
1417 1425 1678 1497 sparsam
1714 1443 1800 1496 με.

1970 1417 2023 1474 8.
2053 1418 2118 1474 Et
2141 1436 2207 1476 ex
2233 1423 2484 1479 omnibus
2506 1425 2946 1483 tribulationibus
2969 1429 3104 1483 meis
3125 1428 3323 1499 eripuit
3351 1444 3456 1485 me.

324 1529 371 1582 9.
401 1525 725 1599 Προσέλθετε
760 1522 894 1594 πρὸς
916 1522 1098 1585 αὑτὸν,
1134 1521 1226 1574 καὶ
1260 1518 1594 1589 φωτίσθητεο

1560 1533 1594 1565 ,ο
1972 1509 2024 1565 9.
2055 1511 2308 1568 Accedite
2337 1513 2406 1568 ad
2437 1531 2585 1583 eum,
2613 1525 2667 1572 et
2695 1517 3075 1574 illuminamini
3101 1539 3113 1575 :

325 1621 405 1673 10.
435 1619 543 1706 Καὶ
571 1617 638 1671 τὰ
664 1616 927 1686 πρόσωπα
959 1612 1110 1684 ὑμῶν
1138 1613 1200 1706 ob
1240 1612 1314 1682 μὴ
1344 1610 1733 1706 καταισχυνθῇ.
1837 1651 1878 1706 Β

1584 1610 1733 1681 υνθῇ,
1837 1651 1879 1706 Β
2082 1601 2148 1706 Ιξι
2177 1603 2343 1660 facies
2369 1617 2562 1663 vestrae
2587 1625 2693 1664 non
2721 1611 3137 1666 confundantur.

327 1710 404 1763 11.
434 1701 599 1771 Οὗτος
628 1709 657 1759 ὁ
688 1707 898 1778 πτωχὸς
927 1702 1210 1776 ὲκέκραξε,
1243 1703 1339 1756 καὶ
1369 1704 1398 1755 ὁ
1427 1702 1631 1773 Κύριος
1685 1702 1797 1753 είσ-
1837 1694 1878 1706 ”

1977 1694 2064 1748 11.
2096 1695 2200 1751 lste
2232 1711 2434 1767 pauper
2479 1700 2760 1768 clamavit,
2803 1711 2858 1757 et
2892 1701 3152 1758 Dominus
3197 1701 3469 1757 exaudivit

261 1800 473 1872 ήκουσεν
489 1797 651 1852 αὐτοῦ
668 1814 683 1830 ο
1911 1799 2034 1840 eum
2053 1803 2066 1839 :
2274 1837 2278 1840 .

325 1891 404 1946 12.
432 1891 537 1945 Καὶ
559 1893 622 1944 ὲκ
640 1889 824 1944 πισῶν
847 1889 952 1943 τῶν
973 1886 1201 1957 Θλιίψεωι
1222 1886 1386 1941 αὐτοῦ
1405 1887 1604 1940 ἔσωσεν
1623 1884 1803 1939 αὐτόν.

1981 1877 2067 1932 12.
2095 1876 2159 1934 Ει
2187 1893 2252 1935 ex
2291 1881 2545 1938 omnibus
2598 1882 3039 1941 tribulationibus
3079 1884 3198 1956 eius
3243 1883 3470 1941 salvavit

1910 1983 2058 2026 eum.

1378 2081 1752 2138 ATl-lANASll
1797 2080 2369 2140 lNTERPRETATlO.

323 2200 405 2256 44.
450 2200 536 2266 Ὦς
561 2199 886 2272 ἠλπίσαμεν,
908 2200 989 2254 ὅτι
1020 2200 1080 2254 τὸ
1101 2200 1246 2264 ἔλεός
1268 2216 1359 2252 σου
1386 2199 1688 2270 ἀμέτρητον
1719 2200 1812 2252 καὶ

1981 2199 2068 2254 44.
2099 2198 2564 2265 Quemadmodum
2604 2201 2941 2272 speravimus
2959 2243 2974 2268 ,
3001 2203 3146 2274 quod
3173 2206 3476 2263 misericor-

261 2293 645 2364 ἀνεξιχνίαστον
673 2296 819 2348 ἐστιν
857 2293 938 2356 είς
965 2293 1113 2363 ἡμᾶς
1132 2332 1147 2358 ,
1181 2291 1352 2356 οὕτως
1379 2293 1510 2362 ἡμῖν
1539 2291 1672 2344 αὐτὸ
1703 2307 1810 2345 πα-

1920 2291 2004 2347 dia
2038 2300 2126 2346 tua
2151 2307 2309 2362 super
2339 2307 2440 2349 nos
2466 2293 2732 2348 immensa
2763 2303 2818 2350 et
2841 2294 3234 2366 investigabilis
3265 2308 3370 2366 est,
3401 2302 3473 2356 ita

264 2384 470 2456 ράσχου,
500 2385 696 2457 Κύριε.
1801 2429 1817 2457 ,Α

1801 2429 1838 2457 ._
1915 2383 2072 2439 nobis
2099 2398 2217 2439 eam
2240 2383 2457 2449 exhibe,
2486 2383 2730 2439 Domine.

348 2447 410 2534 ’ᾖ
427 2447 763 2552 προκειμένη
790 2477 1070 2552 ἐπιγραφὴ
1104 2477 1344 2548 περιέχει
1371 2475 1448 2547 (1)
1467 2491 1482 2505 ο
1518 2473 1762 2545 Ψαλμὸς
1785 2447 1867 2540 τῗῖ)
1897 2476 2093 2542 Δαϐὶδ,
2129 2478 2309 2531 ὁπότε
2336 2447 2639 2544 ήλλοίωσε
2671 2475 2786 2544 τὴν
2815 2476 2959 2543 ὄψιν
2987 2477 3175 2532 αὐτοῦ
3202 2478 3480 2532 ἐναντιον

271 2572 584 2644 Ἀϐιμέλεχ,
612 2574 709 2629 καὶ
739 2573 1046 2628 ἀπέλυσεν
1068 2573 1273 2638 αὐτὸν,
1298 2571 1396 2625 καὶ
1423 2569 1726 2641 ἀπῆλθεν.
1763 2571 1911 2642 Αὕτη
1945 2567 2036 2626 οὖν
2055 2573 2198 2626 ἐστιν
2230 2573 2263 2644 ἠ
2290 2571 2590 2643 ήρμηνεία’
2621 2573 2753 2643 Περὶ
2784 2573 2890 2625 τῶν
2921 2573 3352 2644 ἐπιστρεφόντων
3375 2573 3483 2627 ἀπὸ

266 2664 462 2735 νεκρῶν
484 2665 667 2739 ἔργων
691 2667 782 2719 ἐπὶ
814 2668 903 2720 τὸν
928 2650 1131 2738 Κύριον
1163 2665 1396 2737 εἴρηται.
1424 2665 1586 2735 Λέγει
1618 2665 1726 2735 γᾴρ
1745 2683 1758 2696 ·
1793 2663 1881 2729 Τῷ
1905 2651 2100 2732 Δαόὶδ,
2129 2666 2262 2735 ὅπερ
2291 2665 2670 2736 ἑρμηνεύεται,
2703 2664 2918 2720 τοῦτον
2947 2666 3237 2735 ἐπόθησα.
3273 2666 3483 2727 Ὀπότε

258 2753 322 2808 δὲ
347 2757 648 2824 ἠλλοίωσε
670 2757 784 2826 τὴν
816 2758 959 2827 ὄψιν
986 2757 1170 2812 αὑτοῦ
1200 2758 1474 2811 ἐναντίον
1514 2756 1817 2826 ’Δϐιμέλεχ
1841 2795 1855 2821 ,
1911 2757 2186 2810 τουτέστιν
2213 2756 2342 2809 ὅταν
2384 2774 2466 2819 τις
2515 2756 2578 2808 τὸ
2619 2755 2910 2828 πρόσωπον
2935 2757 3036 2826 τῆς
3065 2757 3288 2829 καρδίας
3319 2759 3483 2812 αὐτοῦ

259 2847 507 2921 ἀλλοιώσῃ
544 2849 660 2904 ἀπὸ
686 2847 780 2902 τοῦ
830 2846 1000 2902 κακοῦ
1035 2851 1114 2912 εἰς
1140 2848 1340 2917 ἀγαθὸν
1369 2846 1718 2902 ὲνὼπιοντοῦ
1761 2846 2024 2916 βασιλέως
2051 2849 2158 2902 τῶν
2189 2848 2437 2920 πατέρων
2469 2849 2624 2918 ἡμῶν
2643 2865 2658 2880 ⁸
2705 2848 3066 2920 ἑρμηνεύεται
3099 2849 3210 2922 γὰρ
3265 2850 3485 2922 ’Δόιμέ-

259 2941 363 3013 λεχ,
394 2943 628 3010 Πατρός
645 2959 763 3011 μου
791 2942 1079 3006 ,ϐασιλεία
1097 2981 1112 3006 ,
1147 2941 1280 3012 ὅπερ
1313 2944 1508 2994 νοεῖται
1546 2943 1624 3005 εὶς
1653 2940 1743 2993 τὸν
1785 2939 1987 3013 Κύριον
2009 2981 2024 3004 ,
2053 2940 2128 3003 ὥς
2155 2957 2286 3012 φησι
2314 2940 2393 3011 τῷ
2424 2939 2720 2994 ὰλλοιοῢντι
2750 2941 2811 2994 τὸ
2831 2941 3116 3013 πρόσωπον
3143 2943 3242 3014 τῆς
3260 2944 3487 3015 καρδίας

257 3034 409 3088 αὑτοῦ
447 3035 554 3087 ἀπὸ
585 3031 680 3086 τοῦ
703 3033 870 3087 κακοῦ
897 3035 974 3095 εἰς
999 3033 1060 3086 τὺ
1095 3033 1296 3102 ἀγαθόν
1319 3051 1331 3063 ·
1366 3033 1604 3097 Τέκνον,
1629 3032 1927 3102 ἀφέωνταί
1960 3048 2059 3086 σοι
2084 3033 2356 3102 ἁμαρτίαι
2390 3049 2527 3088 σου.

316 3125 525 3182 Titulus
547 3130 880 3198 praepositus
912 3127 1186 3183 continet:
1220 3127 1466 3183 Psalmus
1490 3129 1661 3182 David
1680 3169 1696 3195 ,
1728 3144 1846 3182 cum
1874 3129 2170 3183 immutavit
2206 3130 2395 3198 faciem
2430 3146 2582 3184 suam
2615 3146 2794 3184 coram
2824 3129 3122 3184 Abimelech
3142 3172 3158 3197 ,
3207 3141 3257 3190 et
3284 3133 3485 3188 dimisit

258 3233 388 3282 eum,
419 3227 466 3273 et
491 3220 654 3273 abiit.
689 3218 814 3274 Haec
840 3220 1000 3289 igitur
1025 3229 1107 3274 est
1135 3220 1541 3291 interpretatio:
1570 3222 1822 3278 Psalmus
1849 3223 2026 3278 dictus
2059 3233 2141 3279 est
2172 3223 2239 3278 de
2275 3224 2347 3279 iis
2380 3224 2471 3292 qui
2502 3238 2561 3278 se
2593 3232 2910 3278 convertunt
2931 3239 2960 3278 e
2981 3224 3211 3281 mortuis
3231 3227 3488 3295 operibus

258 3313 321 3367 ad
351 3312 664 3370 Dominum.
703 3313 843 3370 Dicit
874 3316 1018 3370 enim
1045 3314 1230 3370 David.
1263 3318 1406 3387 quod
1437 3317 1854 3388 interpretatur,
1885 3319 2022 3373 hunc
2057 3319 2367 3373 desideravi.
2404 3317 2536 3372 Cum
2575 3319 2870 3372 immutavit
2901 3318 3093 3386 faciem
3121 3335 3272 3372 suam
3307 3334 3485 3373 coram

257 3404 566 3473 Abimelech,
625 3408 731 3462 hoc
759 3417 839 3463 est
869 3423 989 3463 cum
1021 3411 1143 3480 quis
1169 3408 1359 3466 faciem
1392 3411 1572 3467 cordis
1605 3412 1691 3467 sui
1720 3412 2028 3466 immutavit
2067 3427 2097 3466 a
2132 3413 2276 3466 malo
2304 3412 2360 3466 in
2389 3411 2590 3466 bonum
2633 3427 2817 3467 coram
2851 3411 2997 3482 Rege
3025 3422 3238 3481 patrum
3271 3418 3487 3467 nostro-

259 3513 393 3555 rum.
416 3501 740 3557 Abimelech
766 3504 912 3558 enim
937 3503 1320 3575 interpretatur
1346 3523 1564 3576 regnum
1593 3506 1771 3560 Patris
1818 3508 1940 3575 mei,
1971 3508 2116 3578 quod
2154 3507 2472 3578 intelligitur
2509 3506 2576 3560 de
2623 3505 2890 3573 Domino,
2937 3504 3376 3577 quandoquidem
3415 3504 3493 3559 ait

259 3592 559 3655 immutanti
596 3599 790 3666 faciem
825 3601 1008 3656 cordis
1037 3603 1123 3656 sui
1155 3617 1187 3656 a
1221 3602 1364 3657 malo
1397 3603 1454 3658 in
1485 3603 1687 3658 bonum
1715 3623 1728 3658 :
1763 3603 1894 3670 Fili,
1919 3605 2264 3659 dimittuntur?
2285 3603 2380 3657 tibi
2404 3611 2618 3672 peccata
2641 3611 2731 3657 tua
2745 3603 2812 3656 ⁵⁷.

326 3694 374 3760 1,
396 3695 449 3749 2.
482 3697 560 3767 (2)
612 3697 945 3762 Ἀπαύστως,
975 3697 1141 3766 λέγει.
1849 3708 1879 3766 ε

1849 3708 1892 3766 C
1986 3701 2040 3763 1,
2067 3699 2121 3754 2.
2157 3698 2542 3764 lndesinenter,
2573 3697 2723 3752 dicit.

320 3782 370 3836 3.
411 3785 472 3837 Ἀ
484 3787 728 3856 σιγήτως
751 3789 778 3838 ὁ
801 3787 1016 3850 ἔπαινος
1045 3786 1208 3841 αύτοῦ
1247 3788 1305 3842 ὲν
1335 3787 1411 3859 τῷ
1445 3789 1666 3859 στόματί
1703 3805 1824 3860 μου.

1997 3789 2050 3843 5.
2084 3787 2231 3842 Laus
2261 3788 2381 3857 ejus
2409 3787 2460 3840 in
2485 3799 2580 3840 ore
2612 3800 2732 3840 meo
2761 3799 3039 3855 nunquam
3073 3783 3418 3839 conticescet.

320 3872 374 3926 4.
405 3875 564 3948 Παρὰ
600 3877 828 3948 Κυρίου,
858 3877 1030 3946 λέγει.

1996 3879 2051 3932 4.
2085 3879 2128 3930 Α
2159 3876 2413 3940 Domino,
2444 3875 2636 3940 inquit.
2670 3906 2675 3912 -

327 3965 376 4019 5.
405 3968 466 4021 Al
500 3971 662 4040 ἅγιαι
687 3970 962 4040 δυνάμεις.

1990 3970 2044 4024 5.
2082 3969 2292 4023 Sancta:
2321 3975 2632 4038 potestates.

325 4053 375 4109 6.
402 4057 512 4112 Καὶ
543 4059 860 4130 δοξάσωμεν
889 4062 1049 4117 αὐτὸν
1073 4063 1232 4134 ἡμεῖς
1251 4061 1342 4115 ἐπὶ
1368 4062 1470 4133 τῆς
1490 4061 1616 4132 γῆς,
1646 4060 1830 4133 ὥσπερ

1998 4060 2051 4113 6.
2079 4058 2144 4112 Et
2171 4057 2593 4128 gloriﬁcabimus
2632 4070 2757 4110 eum
2802 4069 2902 4110 nos
2935 4053 2989 4108 in
3031 4062 3206 4122 terra,
3236 4054 3495 4124 quemad-

259 4143 397 4213 ὕμᾶς
420 4148 497 4218 (5)
533 4152 593 4203 ὲν
629 4151 864 4222 οὐρανῷ.

1932 4149 2154 4202 modum
2183 4160 2280 4201 vos
2309 4145 2363 4199 in
2394 4144 2552 4199 caelo.

327 4236 380 4292 7.
405 4238 504 4292 Διὰ
527 4241 629 4312 τῆς
657 4241 895 4313 δεήσεως
913 4283 928 4308 ,
955 4244 1104 4314 λέγει
1128 4244 1224 4316 (4).

1209 4282 1224 4296 .
2003 4239 2056 4292 7.
2085 4237 2186 4292 Ροι·
2211 4237 2534 4298 orationem,
2561 4232 2756 4304 inquit.

323 4327 376 4381 8.
403 4329 526 4383 Τῶν
557 4331 842 4402 ἁμαρτιῶν
875 4351 999 4404 μου.

1999 4328 2052 4382 8.
2085 4326 2128 4380 Ε
2161 4325 2399 4397 peccatis
2433 4325 2591 4380 meis.

327 4419 380 4483 9,
405 4418 490 4474 10.
520 4422 588 4474 Δὶ
617 4421 833 4492 καρδίαι
859 4423 1033 4493 ὑμῶν.

2007 4418 2063 4485 9,
2094 4416 2184 4470 10.
2209 4416 2383 4471 Corda
2407 4425 2607 4470 vestra.

323 4511 409 4565 11.
455 4512 514 4566 '0
539 4513 796 4577 ταπεινὸς
819 4517 882 4585 τῇ
913 4517 1128 4589 καρδίᾳ.

1016 4517 1128 4589 δίᾳ.
2004 4511 2087 4565 11.
2125 4508 2360 4565 Humilis
2388 4508 2569 4563 corde.

327 4601 413 4656 12.
460 4603 602 4656 Ἀπὸ
628 4605 828 4668 παντὸς
855 4608 1178 4678 πειρασμοῦ.

1175 4649 1178 4659 .
2007 4603 2094 4656 12.
2124 4601 2204 4656 Ab
2231 4601 2382 4656 omni
2411 4598 2728 4656 tentatione.

321 4717 366 4747 "
397 4715 570 4772 Marc.
608 4733 671 4772 ιι.
700 4717 752 4772 5.

655 4756 671 4784 ²
1223 4807 1532 4870 Addenda
1562 4814 1620 4869 et
1665 4805 2040 4886 corrigenda
2070 4824 2150 4869 ex
2181 4806 2320 4869 cod.
2355 4807 2558 4869 Vatic.

325 4931 402 4999 (1)
444 4933 511 5014 ξΗ
535 4933 631 4986 διὰ
659 4934 758 5004 τῆς
778 4933 1140 5004 κινναϐάρεως
1188 4933 1428 5013 περιέχει
1452 4949 1464 4962 ·
1522 4933 1614 5003 Τῷ
1641 4932 1824 5000 Δαϐὶδ,
1860 4924 1903 4978 Ῑ)
1930 4931 2194 5054 Easdem;
2218 4933 2470 5018 πατέρων
2495 4933 2668 5002 ἡμων.
2710 4930 3099 5017 Ἐρμηνεύεται
3126 4934 3233 5056 γὰρ
3273 4932 3484 5018 Ἀᾷιμισ

325 5001 414 5054 ότε
440 5002 711 5056 ηλλοίωσε
736 5004 798 5056 τὸ
824 5003 1107 5056 πρόσωπον
1134 5003 1298 5056 αὐτου
1337 5002 1574 5056 ἐναντίον
1607 5002 1825 5056 Ἀϐιιιεο
1963 5003 2043 5056 ὲκ.
2060 5019 2263 5056 πατοος
2281 5019 2382 5056 μου
2402 5002 2845 5056 ϐασιλεία.”οπεο
2861 5019 3056 5054 νοειται
3078 5004 3198 5056 sict
3231 5005 3484 5056 νΚυοιον.

259 4999 414 5074 ὁπότε
440 4999 725 5074 ἠλλοίωοέ⁷
736 5004 798 5056 τὸ
824 4999 1107 5074 πρόσωπον
1134 4999 1298 5074 αὑτοῦ
1337 4999 1825 5074 ἐναντίον’ξΑ6ιμεὲ
1930 4999 2043 5074 λὲκ,
2060 5002 2263 5074 πατρός
2281 4999 2382 5074 μου
2401 4999 2845 5074 βασιλεία.”οπερ
2861 4999 3060 5074 νοεῖται
3078 4999 3156 5066 εἰς
3169 4999 3491 5074 τδνίΚύρὶον,

259 5070 370 5155 beat,
391 5070 488 5127 ml
513 5070 988 5155 απέλυςεναὺτὸν,
1009 5074 1102 5155 καὶ
1121 5072 1380 5155 ἀπῆλθεν,
1401 5073 1558 5155 Αὕτη⁴
1570 5070 1825 5155 οὖνέστιν
1932 5071 2024 5152 ὥς,
2040 5070 2590 5155 ιρησιτῷοάλλοιοῠντι
2614 5073 2674 5155 το
2698 5070 3112 5155 πρόσωπον-,τῆς
3149 5070 3369 5155 καρδίας
3398 5077 3497 5155 αὐτ

263 5142 292 5208 ἢ
317 5142 592 5212 ἑρμηνεία
609 5159 624 5173 ο
656 5142 763 5195 τῶν
796 5143 1224 5264 ἐπιστρεφόντων
1252 5143 1359 5196 ἀπὸ
1390 5142 1599 5214 νεκρῶν
1650 5142 1826 5215 ἔργων
1932 5142 2026 5194 τοῦ
2054 5142 2162 5194 ἀπὸ
2191 5142 2286 5194 τοῦ
2310 5143 2479 5196 κακοῦ
2511 5146 2590 5207 εἰς
2612 5143 2671 5197 τὸ
2697 5142 2900 5211 ἀγαθόν
2921 5158 2935 5172 ο
2961 5143 3161 5196 Τέκνον
3181 5183 3196 5207 ,
3224 5142 3494 5210 ἀφέωνταί

259 5207 347 5262 ἰπὶ
375 5211 469 5266 τὸν
495 5213 705 5267 Κύριον
752 5212 916 5267 λέγει.
1006 5231 1050 5267 ω
1073 5212 1181 5267 γὰρ
1208 5213 1370 5265 Δαδὶδ
1408 5213 1656 5267 εἴρηκεν.
1691 5215 1828 5267 ὅπερ
1937 5227 2031 5264 σου
2064 5212 2121 5264 αἱ
2154 5211 2438 5267 ἁμαρτίαι.

260 5229 347 5262 ιπι
375 5229 469 5266 τον
495 5229 705 5284 Κυριον
754 5229 916 5280 Αεγει.
961 5229 1050 5283 ἰφ
1073 5229 1181 5283 γαρ
1208 5229 1370 5265 aa.th
1408 5229 1656 5283 ειρηκεν,
1691 5229 1828 5285 οπερ
1937 5229 2031 5264 σου
2064 5229 2121 5264 αι
2154 5229 2438 5283 αμαρτιαι.

260 5279 652 5354 ἑρμηνεύεται,
684 5282 870 5354 cod-310v
894 5283 1161 5354 ὲπόθῃσα.
1185 5283 1321 5354 Πότε
1343 5283 1399 5354 δὲ
1423 5282 1610 5336 τοῦτον
1633 5283 1831 5354 ὲπόθητ
1933 5349 1980 5354 __
2008 5281 2082 5354 (ἓ)
2330 5283 2647 5354 ’ᾼπαύστως
2665 5325 2680 5350 ,
2714 5282 2908 5354 λέγειη
2965 5281 3032 5334 Ν.
3065 5280 3149 5354 2.-
3177 5281 3491 5354 ’ᾼσιγήτωᾳ

261 5347 351 5424 {ei
370 5347 539 5424 (Fort-
559 5352 681 5424 les--
699 5347 849 5424 οὗῖφς
880 5347 1297 5424 πεπορὴμένος)-
1320 5352 1458 5424 Πότε
1489 5353 1630 5424 (lese
1647 5347 1814 5424 ὁπότε]

1942 5347 2083 5424 Νξᾷ.
2109 5351 2266 5422 Παρὰ
2289 5351 2407 5418 τοῦ,
2437 5361 2544 5409 etc.
2575 5353 2640 5410 N.
2667 5347 2744 5409 ’4.
2784 5347 2849 5407 Αἱ
2883 5351 3052 5422 ἅγιαι.
3104 5349 3169 5406 Ν.
3205 5351 3272 5418 5,
3303 5347 3362 5407 6.
3388 5352 3495 5404 Καὶ

257 5416 312 5493 δὲ
331 5416 605 5493 ἠλλοίωσε
621 5416 728 5493 τεὴν
755 5421 876 5493 ὄψιν
891 5421 1052 5477 αὑτοῦ
1075 5416 1614 5493 ἐναντίον-Ἀϐιμελέᾘι
1633 5438 1647 5452 °
1675 5416 1828 5493 τουτί·
1936 5416 2265 5493 δοξάσωμέν,
2290 5431 2396 5478 etc.

259 5485 406 5541 ἐστιν
446 5491 585 5546 ὅταν
618 5485 700 5544 ἰδ’
738 5485 1021 5572 πρόσωπον
1051 5491 1216 5546 αὐτοῦ
1247 5485 1526 5545 ἀλλοιώσει
1572 5491 1707 5561 (lege
1732 5491 1830 5572 τῆλε
2125 5485 2330 5560 Ὑμεῖς.

259 5555 507 5631 λοίωσεν)
549 5561 667 5618 ἀπὸ
706 5577 798 5615 του
843 5578 1012 5618 κακου
1053 5564 1131 5625 εἰς
1158 5562 1218 5616 τὸ
1257 5561 1458 5629 ἀγαθὸν
1486 5558 1713 5618 ἐνώπιον
1737 5579 1829 5616 του
2007 5560 2062 5631 (4
2119 5560 2342 5630 Λέγει,ἒ

257 5555 507 5634 λοίωσεν)
549 5561 667 5618 ἀπὸ
706 5555 798 5615 τού
843 5561 1012 5618 κακοῦ
1053 5564 1131 5625 εἰς
1158 5562 1218 5616 τὸ
1257 5561 1458 5629 ἀγαθὸν
1486 5555 1713 5618 ἐνώπιον
1737 5555 1829 5616 τοῦ
2007 5555 2083 5632 (4)
2119 5555 2300 5630 Λέγει,
2325 5560 2642 5634 ἐξεζήτησα.
