3934 6218
444 271 539 327 771
1278 256 1336 312 S.
1377 247 1742 308 ATHANASII
1775 243 1926 302 OPP.
1967 237 2145 296 PARS
2184 235 2273 291 Ill.
2311 265 2376 276 —
2408 227 2818 288 EXEGETICA.

3556 219 3658 274 772

506 384 593 440 15.
621 372 1106 437 Castrame'tabitur
1155 370 1378 442 angelus
1419 367 1632 426 Domini
1665 366 1722 420 in
1771 359 2001 418 circuitu
2031 393 2041 420 λ

2206 351 2258 406 5.
2286 344 2632 419 Παρεμϐαλεῖ
2658 339 2882 410 ἄγγελος
2907 337 3110 408 Κυρίου
3139 333 3320 404 κύκλῳ
3344 332 3453 386 τῶν
3478 330 3663 402 φοϐουε

448 467 754 533 timentium
785 474 929 532 eum,
960 475 1013 521 et
1039 462 1232 532 eripiet
1257 475 1373 516 eos.

520 563 608 619 14.
639 561 863 618 Gustata
911 565 964 613 et
1011 554 1212 621 videte,
1262 551 1520 622 quoniam
1569 548 1754 607 suavis
1797 554 1883 604 est
1911 542 2017 600 Do—

456 657 638 714 minus
662 671 677 709 :

525 746 614 800 15.
647 742 845 798 Beatus
873 735 975 802 vir,
1001 731 1095 803 qui
1121 739 1301 801 sperat
1330 728 1385 782 in
1411 742 1499 783 eo.

521 837 611 893 16.
643 832 850 888 Timete
877 827 1192 890 Dominum,
1226 835 1416 877 omnes
1443 817 1615 874 sancti
1640 816 1760 887 ejus
1784 834 1800 871 :

527 927 616 982 17.
650 921 917 991 Quoniam
945 931 1053 970 non
1086 921 1172 968 est
1206 913 1389 981 inopia
1414 907 1738 966 timentibus
1767 919 1921 961 eum.

531 1019 622 1074 18.
656 1014 860 1069 Divites
891 1017 1158 1080 eguerunt
1190 1013 1245 1060 et
1273 1003 1586 1058 esurierunt
1616 1017 1630 1053 :

529 1111 621 1166 19.
657 1106 1001 1177 lnquirentes
1029 1109 1212 1156 autem
1250 1095 1540 1150 Dominum
1579 1106 1686 1147 non
1713 1089 2024 1144 minuentur

460 1202 609 1258 omni
643 1202 808 1255 bono.

529 1291 621 1348 20.
655 1288 866 1355 Venite,
894 1283 1011 1347 ﬁlii,
1040 1279 1223 1336 audite
1249 1291 1334 1331 me
1360 1294 1372 1329 :

535 1387 627 1440 21.
665 1381 940 1437 Timorem
977 1374 1190 1431 Domini
1223 1371 1429 1426 docebo
1455 1380 1575 1420 vos.

531 1474 621 1531 22.
657 1471 789 1538 Quis
817 1477 900 1524 est
927 1469 1090 1521 homo
1125 1461 1214 1532 qui
1256 1459 1374 1514 vult
1400 1457 1567 1510 vitam
1589 1495 1606 1522 ,

535 1565 627 1620 25.
663 1561 902 1632 Diligens
933 1557 1050 1612 dies
1078 1553 1263 1608 videre
1286 1547 1503 1604 bonos?

532 1657 625 1712 24.
661 1652 895 1708 Prohibe
923 1648 1166 1717 linguam
1203 1651 1346 1696 tuam
1377 1655 1407 1694 a
1445 1637 1588 1692 malo
1618 1652 1632 1690 :

533 1751 624 1806 25.
658 1747 725 1802 Et
748 1745 890 1800 labia
919 1751 1012 1798 tua
1037 1754 1104 1796 ne
1135 1740 1428 1808 loquantur
1457 1733 1661 1787 dolum.

536 1839 630 1895 26.
665 1837 880 1892 Diverte
909 1849 938 1887 a
973 1830 1140 1893 malo,
1165 1838 1219 1883 et
1248 1825 1334 1880 fac
1361 1825 1565 1878 bonum
1596 1837 1609 1872 :

538 1933 628 1987 27.
667 1928 884 1999 inquire
917 1939 1127 1997 pacem,
1157 1928 1210 1975 et
1237 1927 1560 1989 persequere
1587 1913 1726 1965 eam.

535 2021 629 2076 28.
667 1995 824 2074 Oculi
851 1995 1150 2088 [Quoniam
1182 2005 1348 2077 oculi]
1380 2000 1593 2058 Domini
1621 2012 1783 2069 super
1811 1995 2023 2067 justos;

538 2112 630 2166 29.
672 2109 739 2164 Et
768 2121 925 2161 aures
955 2103 1076 2174 ejus
1099 2103 1153 2156 in
1181 2113 1368 2169 preces
1396 2108 1607 2150 eorum.

542 2198 632 2254 50.
673 2195 864 2250 Vultus
894 2201 1072 2246 autem
1107 2186 1322 2242 Domini
1365 2196 1527 2252 super
1554 2179 1814 2234 facientes
1843 2174 2025 2237 mala;

539 2293 631 2347 51.
668 2289 738 2345 Ut
757 2289 946 2360 perdat
972 2285 1038 2340 de
1066 2291 1209 2338 terra
1245 2277 1559 2334 memoriam
1591 2285 1801 2328 corum.

537 2381 627 2436 52.
657 2379 1043 2435 Clamaverunt
1069 2371 1225 2444 justi,
1255 2379 1310 2425 et
1333 2366 1593 2423 Dominus
1615 2361 1890 2419 exaudivit
1911 2374 2027 2422 eos,

2116 441 2288 513 μένων
2313 436 2493 499 αύτδν,
2520 435 2614 488 καὶ
2640 432 2858 504 ῥύσεται
2881 427 3098 490 αὐτούς.

2186 531 2271 587 14.
2302 525 2572 583 Γεύσασθε
2605 523 2698 577 καὶ
2731 521 2888 585 ἴδετε,
2915 521 2997 573 ὅτι
3029 516 3262 589 χρηστὸς
3285 518 3314 569 ὁ
3337 514 3575 585 Κύριος·

2185 689 2271 744 15.
2305 685 2587 755 Μακάριος
2614 681 2769 752 ἀνὴρ,
2796 678 2855 742 ὃς
2882 675 3088 740 ἐλπίζει
3121 674 3206 727 ἐπ’
3237 672 3442 728 adadv.‘

2188 781 2274 836 16.
2295 777 2570 849 Φοϐήθητε
2597 773 2686 826 τὸν
2709 770 2908 842 Κύριον
2932 768 3130 830 πάντες
3148 765 3197 818 οἱ
3226 763 3370 831 ἆγιοι
3399 760 3565 816 αὐτοῦ
3583 777 3599 791 ⁶

2185 873 2272 928 17.
2287 873 2409 923 Ὅτι
2424 870 2523 922 οὐκ
2541 867 2684 920 ἐστιν
2701 863 2897 934 ὑστέρη
2907 879 2980 932 μα
2994 863 3104 922 τοῖς
3120 854 3472 927 φοϐουμένοις
3491 851 3668 906 αὐτόν.

2192 962 2277 1017 18.
2318 957 2565 1014 Πλούσιοι
2596 953 2940 1025 έπτώχευσαν
2977 951 3068 1004 καὶ
3095 948 3417 1002 ὲπείνασανυ

2188 1054 2274 1110 19.
2315 1053 2376 1105 Οἱ
2407 1050 2463 1103 δὲ
2492 1046 2845 1118 έκζητοῦντες
2875 1044 2966 1097 τὸν
2997 1041 3198 1115 Κύριον
3241 1039 3340 1093 οὐκ
3375 1032 3674 1103 ἐλαττωθή-

2117 1159 2300 1199 σονται
2333 1138 2530 1200 παντὸς
2556 1134 2780 1204 ἀγαθοῦ.

2189 1233 2279 1290 20.
2319 1231 2504 1296 Δεῦτε,
2536 1229 2720 1292 τέκνα,
2759 1223 3026 1280 ἀκούσατέ
3066 1238 3204 1294 μουο

2186 1326 2276 1382 21.
2313 1321 2478 1376 Φόϐον
2506 1318 2710 1392 Κυρίου
2743 1316 2937 1383 διδάξω
2968 1317 3129 1386 ὑμᾶς.

2188 1417 2278 1471 22.
2318 1415 2415 1478 Τίς
2446 1416 2590 1467 ἐστιν
2618 1411 2899 1480 ἄνθρωπος
2921 1410 2950 1461 ὁ
2982 1408 3152 1460 θέλων
3181 1405 3349 1476 ζωὴν,

2187 1509 2276 1562 25.
2309 1504 2560 1574 Ἀγαπῶν
2589 1501 2803 1574 ἡμέρας
2835 1499 2962 1553 ίδεῖν
2993 1495 3240 1566 ἀγαθάςς

2192 1599 2282 1653 21.
2320 1595 2532 1651 Παῦσον
2563 1593 2659 1664 τὴν
2687 1592 2935 1661 γλῶσσάν
2965 1608 3058 1644 σου
3090 1588 3199 1642 ἀπὸ
3229 1584 3399 1642 κακοῦ
3423 1602 3438 1615 ·

2053 1700 2097 1756 Β
2191 1693 2281 1746 25.
2322 1689 2431 1743 Καὶ
2461 1687 2612 1759 χείλη
2644 1704 2734 1740 σου
2759 1685 2852 1739 τοῦ
2887 1685 2960 1756 μὴ
2984 1682 3210 1753 λαλῆσαι
3241 1680 3411 1733 δόλον.

2198 1782 2287 1836 26.
2305 1781 2587 1835 Ἐκκλινον
2619 1778 2728 1832 ἀπὸ
2750 1775 2941 1840 κακοῦ,
2971 1774 3066 1828 κα)⁹
3094 1772 3314 1843 ποίησον
3345 1767 3547 1838 ἀγαθόν
3564 1783 3583 1800 ⁸

2196 1875 2286 1928 27.
2326 1875 2568 1944 Ζήτησον
2595 1871 2834 1942 εἰρήνην,
2866 1868 2960 1923 καὶ
2983 1865 3169 1930 δίωξον
3193 1865 3384 1934 αὐτήν.

2203 1965 2290 2020 28.
2316 1963 2611 2034 Ὀφθαλμοὶ
2639 1961 2741 2033 [ὅτι
2773 1957 3063 2031 ὀφθαλμοὶ)
3092 1957 3294 2028 Κυρίου
3315 1957 3410 2008 ἐπὶ
3427 1951 3685 2016 δικαίους

2199 2056 2287 2112 29.
2329 2055 2437 2108 Καὶ
2467 2049 2580 2108 ὦτα
2607 2050 2769 2106 αὐτοῦ
2797 2054 2877 2115 εἰς
2906 2051 3085 2122 δέησιν
3113 2048 3312 2104 αὐτῶν.

2199 2147 2286 2202 50.
2323 2146 2618 2218 Πρόσωπον
2652 2143 2710 2196 δὲ
2739 2142 2944 2215 Κυρίου
2974 2142 3066 2195 ἐπὶ
3092 2139 3376 2204 ποιοῦντας
3403 2136 3582 2191 κακά’

2201 2237 2289 2292 51.
2330 2236 2435 2290 Τοῦ
2459 2235 2735 2309 ὲξολοθρεῦ
2743 2252 2831 2290 σαι
2853 2237 2917 2288 ὲκ
2936 2234 3038 2305 γῆς
3056 2233 3118 2287 τδ
3135 2231 3473 2303 μνημόσυνον
3491 2225 3686 2283 αὐτῶν.

2203 2329 2292 2383 52.
2318 2327 2648 2400 Ἐκέκραξαν
2678 2327 2727 2381 οἱ
2750 2325 2967 2392 δίκαιοι,
2994 2325 3088 2380 καὶ
3111 2325 3139 2377 ὁ
3160 2322 3359 2394 Κύριος
3379 2321 3689 2391 είσήκουσεν

2134 2421 2336 2487 αὐτῶν,

1591 2559 1962 2617 ATHANASII
1999 2517 2584 2617 lN'l’EBPRETATlO.

540 2691 629 2746 15.
659 2688 733 2745 Ut
763 2702 924 2759 super
954 2685 1132 2742 tribus
1158 2683 1342 2757 pueris
1366 2684 1420 2737 in
1454 2682 1669 2738 camino
1695 2681 1857 2752 ignis.

553 2864 640 2919 14.
670 2861 980 2918 lmmortale
1005 2859 1230 2927 donum,
1255 2859 1408 2914 dicit.

546 2955 634 3010 15.
665 2952 820 3019 Quod
841 2952 984 3006 enim
1002 2953 1232 3021 quisque
1253 2949 1319 3003 ab
1343 2963 1407 3004 eo
1426 2945 1881 3018 speratobtinere,
1911 2943 2042 3000 illud

479 3045 732 3114 accipiet,
760 3053 816 3098 et
840 3041 1074 3112 amplius
1098 3039 1347 3109 accipiet.

552 3138 637 3190 16.
666 3133 767 3200 Qui
797 3133 939 3189 enim
965 3131 1138 3188 sancti
1163 3146 1283 3186 esse
1316 3129 1499 3193 vultis,
1533 3128 1723 3183 timete
1749 3141 1901 3182 eum.

552 3228 638 3280 17.
679 3224 946 3292 Quoniam
997 3222 1204 3278 nullum
1261 3222 1464 3276 bonum
1519 3218 1674 3274 deest
1728 3216 2045 3274 timentibus

483 3333 634 3373 eum.

557 3408 644 3462 18.
687 3405 1072 3460 Deﬁcientibus
1095 3402 1318 3470 divitiis,
1353 3403 1411 3456 in
1449 3401 1648 3472 quibus
1673 3405 2044 3470 speraverunt.

482 3497 708 3567 Proprie
735 3505 915 3552 autem
945 3494 1256 3551 Judaaorum
1289 3493 1548 3564 populum
1584 3491 1876 3561 signiﬁcat.

559 3587 645 3643 19.
680 3587 887 3642 Divitiae
918 3588 1062 3642 enim
1089 3601 1278 3641 eorum
1329 3593 1457 3640 sunt
1505 3583 1788 3643 Dominus,
1819 3579 1916 3650 qui
1948 3579 2018 3633 bo

484 3695 590 3733 nus
623 3687 676 3733 et
714 3679 1029 3734 indeﬂciens
1061 3686 1180 3746 est,
1227 3677 1284 3732 in
1310 3677 1466 3747 cujus
1494 3689 1659 3730 manu
1684 3672 1868 3728 omnia
1893 3681 2048 3737 sunt;

486 3771 602 3841 ipse
625 3771 769 3825 enim
797 3785 858 3825 ea
889 3769 1036 3826 fecit.

555 3861 746 3917 20-25.
784 3861 1110 3917 Desiderans
1139 3869 1339 3916 aeterne
1379 3858 1590 3926 vivere,
1639 3861 1695 3912 et
1721 3855 1839 3912 dies
1879 3853 2051 3908 inter-

486 3953 775 4008 minabiles
811 3968 1064 4024 quaerens
1093 3952 1296 4008 videre.

559 4045 649 4100 24.
685 4046 730 4098 Α
753 4046 1020 4100 convicio.

556 4136 647 4192 25.
685 4134 918 4191 Prohibe
941 4151 972 4190 a
1002 4133 1303 4189 mendacio.

557 4227 650 4281 26.
683 4227 766 4281 Ab
798 4227 946 4282 omni
970 4235 1212 4297 peccato.

557 4317 650 4371 27.
687 4317 1003 4382 Dominum,
1026 4329 1076 4371 et
1107 4328 1336 4384 sequere
1363 4327 1508 4368 eum.

559 4408 664 4473 28,
695 4407 784 4463 29.
821 4407 1033 4463 Gaudet
1059 4407 1248 4462 videns
1280 4418 1375 4459 eos
1406 4412 1626 4474 propter
1648 4415 1809 4472 Opera
1838 4412 2052 4464 eorum,

490 4511 544 4556 et
571 4501 868 4555 delectatur
919 4499 1148 4554 audiens
1199 4496 1634 4566 deprecationem
1661 4507 1849 4550 eorum
1875 4531 1890 4558 ,
1917 4502 2055 4560 quo-

492 4593 662 4656 niam,
693 4607 812 4661 quae
835 4591 1031 4661 placita
1059 4591 1108 4645 ei
1135 4598 1282 4657 sunt,
1309 4590 1377 4644 ab
1404 4604 1470 4643 eo
1496 4595 1706 4658 petunt.

565 4679 951 4737 '50..lrascitur
982 4688 1196 4746 autem,
1240 4688 1404 4748 atque
1447 4675 1762 4747 indignatur
1789 4685 1953 4742 super
1979 4667 2058 4724 fa-

493 4772 699 4828 cientes
727 4772 890 4827 mala.

540 4864 652 4918 ‘51.
678 4862 745 4918 Et
779 4880 846 4918 ex
875 4862 979 4916 hac
1007 4869 1149 4914 terra
1184 4862 1238 4912 et
1259 4849 1463 4911 futura.

569 4954 657 5012 52.
687 4953 841 5010 Sicut
865 4955 920 5009 in
952 4956 1266 5021 tempestate
1306 4945 1474 5001 maris
1511 4942 1763 5014 discipuli
1802 4942 2059 4998 clamave-

497 5053 621 5102 runt
647 5053 702 5101 et
736 5059 804 5102 ex
832 5042 981 5100 omni
1003 5051 1137 5097 aestu
1165 5037 1403 5093 animam
1433 5049 1464 5090 a
1498 5048 1727 5106 corpore
1751 5043 2057 5104 separatam

2207 2684 2296 2738 15.
2349 2683 2436 2745 Ὠς
2456 2681 2549 2735 ἐπὶ
2574 2679 2681 2734 τῶν
2703 2676 2868 2750 τριῶν
2889 2675 3093 2731 παίδων
3118 2672 3216 2745 τὴν
3240 2670 3315 2743 (1)
3352 2667 3585 2742 κάμινον
3606 2662 3694 2720 τοῦ

2255 2773 2332 2829 ός.

2255 2793 2282 2826 o
2318 2814 2332 2829 .

2067 2848 2109 2905 ο
2139 2793 2313 2920 “vi:
2335 2863 2446 2933 Τῆς
2467 2860 2732 2916 ἀθανάτου
2766 2857 3002 2930 δωρεᾶς,
3026 2854 3194 2923 λέγει.

2210 2954 2298 3010 15.
2328 2954 2392 3008 Ὃ
2427 2953 2535 3023 γάρ
2556 2968 2637 3015 τις
2668 2948 2876 3013 ἐλπίζει
2907 2942 3236 3017 κομίσασθαι
3267 2939 3342 3011 (2)
3375 2938 3472 2993 ἀπ’
3512 2934 3697 3000 αὐτοῦ,

2141 3047 2298 3103 τοῦτο
2322 3029 2550 3117 λήψεται
2569 3085 2585 3111 ,
2619 3044 2713 3098 καὶ
2739 3040 3120 3114 περισσότερον
3151 3035 3398 3106 λήψεται.
3484 3071 3510 3122 η

2214 3138 2304 3194 16.
2336 3139 2487 3191 Ὅσοι
2519 3136 2664 3204 ἀγιοι
2696 3132 2877 3186 Θέλετε
2909 3127 3068 3197 εῖναι,
3101 3127 3349 3198 φοϐεῖσθε
3375 3125 3562 3180 αὐτόν.

2215 3229 2303 3285 17.
2318 3228 2440 3280 Ὀτι
2457 3225 2604 3280 οὐδὲν
2620 3223 2821 3289 ἀγαθὸν
2836 3223 3009 3276 λείπει
3023 3223 3134 3283 τοῖς
3151 3218 3313 3289 φοϐου
3320 3217 3502 3288 μένοις
3522 3215 3700 3269 αὐτόν.

2218 3411 2304 3466 18.
2331 3408 2706 3478 Ἑκλείψαντος
2731 3402 2825 3458 τοῦ
2855 3400 3082 3455 πλούτου
3114 3398 3212 3468 (5),
3246 3389 3391 3467 έφ“ᾧ
3417 3391 3699 3462 ὲπεποίθη·

2150 3519 2268 3557 σαν.
2297 3501 2512 3573 Κυρίως
2539 3499 2614 3568 (4)
2645 3497 2701 3550 δὲ
2724 3495 2814 3550 τὸν
2839 3493 2947 3547 τῶν
2980 3491 3248 3546 Ἰουδαίων
3279 3488 3413 3558 φησὶ
3440 3485 3595 3540 λαόν.

2222 3593 2307 3648 19.
2340 3593 2396 3645 '0
2420 3589 2528 3661 γὰρ
2557 3585 2782 3648 πλοῦτος
2814 3583 2993 3638 αὐτῶν
3018 3581 3221 3652 Κύριός
3261 3581 3426 3640 ἐστιν,
3453 3578 3484 3630 ὁ
3512 3573 3707 3644 ἀγαθὸς

2149 3688 2241 3741 καὶ
2272 3683 2616 3743 ἀνέκλειπτος
2648 3678 2746 3750 (5),
2779 3668 2840 3730 οῦ
2871 3677 2929 3730 ὲν
2955 3677 3022 3746 τῇ
3049 3673 3192 3745 χειρὶ
3226 3670 3296 3725 τὰ
3321 3669 3499 3724 πάντα
3531 3665 3705 3721 ἐστίν’

2151 3779 2311 3842 αὐτὸς
2337 3777 2446 3847 γὰρ
2478 3771 2731 3843 ἐποίησεν
2757 3769 2916 3823 αὐτά.
3216 3803 3218 3805 μ

2219 3843 2516 3935 εοοεζω)
2552 3863 2607 3916 ’0
2656 3862 2714 3913 ὲν
2754 3857 3018 3927 ἐπιθυμίᾳ
3050 3855 3186 3927 ἔχων
3233 3851 3419 3913 ἀϊδίως
3463 3849 3588 3920 ζῇν,
3619 3843 3709 3901 καὶ

2155 3959 2249 4022 τὰς
2275 3957 2486 4030 ἡμέρας
2513 3953 2610 4016 τὰς
2636 3950 3020 4020 ἀτελευτήτους
3055 3943 3234 4017 ζητῶν
3270 3943 3416 3996 ἰδεῖν.

2217 4044 2307 4099 24.
2325 4042 2456 4095 Ἀπὸ
2482 4039 2766 4110 λοιδορίας.

2224 4135 2315 4190 25.
2346 4132 2602 4187 Κώλυσον
2631 4129 2707 4199 (7)
2731 4129 2838 4182 ἀπὸ
2857 4127 3103 4196 ψεύδους.

2083 4195 2131 4252 D
2227 4225 2317 4279 26.
2336 4221 2466 4276 Ἀπὸ
2493 4221 2672 4290 πάσης
2689 4195 2994 4288 ’ἁμαρτίας

2226 4315 2317 4369 27.
2351 4313 2452 4366 Τὸν
2486 4310 2708 4382 Κύριον,
2734 4308 2828 4360 καὶ
2857 4303 3134 4360 ἀκολούθει
3163 4301 3331 4372 αύτῷ.

2229 4405 2321 4469 28,
2353 4405 2442 4459 29.
2478 4403 2673 4472 Χαίρει
2708 4398 2849 4472 ὁρῶν
2888 4397 3082 4459 αὐτοὺς
3119 4393 3208 4448 διὰ
3246 4392 3315 4446 τά
3353 4391 3493 4461 ἔργα
3522 4388 3714 4450 αὐτῶν.

2159 4500 2254 4554 καὶ
2274 4497 2532 4568 τέρπεται
2562 4493 2775 4547 ἀκούων
2808 4491 2906 4561 τῆς
2930 4491 3164 4560 δεήσεως
3185 4484 3380 4548 αὐτῶν,
3397 4483 3480 4537 ὅτι
3505 4482 3574 4536 τὰ
3593 4481 3716 4552 ἀρε-

2165 4590 2263 4643 στά
2289 4586 2436 4657 αύτῷ
2465 4584 2739 4639 αίτοῦνται
2771 4584 2901 4653 παρ’
2933 4579 3025 4634 τοῦ
3063 4579 3160 4650 (8).

2233 4678 2322 4734 50.
2357 4677 2632 4745 Θυμοῦται
2653 4675 2732 4739 δὲ,
2753 4675 2847 4728 καὶ
2876 4671 3152 4746 ὀργίζεται
3181 4668 3273 4724 ἐπὶ
3293 4669 3418 4732 τοὺς
3438 4665 3720 4733 ποιοῦντας

2163 4771 2328 4825 κακά.

2235 4863 2324 4918 51.
2360 4861 2469 4914 Καὶ
2499 4863 2564 4914 ἐκ
2588 4857 2789 4930 ταύτης
2803 4856 2897 4928 τῆς
2932 4855 3033 4926 γῆς
3055 4854 3147 4908 καὶ
3173 4852 3274 4924 τῆς
3301 4849 3622 4922 μελλούσης.

2233 4954 2322 5009 52.
2356 4952 2621 5024 Καθάπερ
2649 4953 2705 5005 ἐν
2743 4949 2822 5021 τῷ
2846 4948 3072 5003 κλύδωνι
3105 4947 3202 5017 τῆς
3232 4944 3507 5014 θαλάσσης
3543 4945 3592 4996 οἱ
3629 4956 3725 5012 ματ

2167 5045 2344 5120 θηται,
2403 5046 2497 5104 καὶ
2547 5046 2612 5101 ἐκ
2647 5043 2846 5108 παντὸς
2886 5039 2981 5101 τοῦ
3023 5039 3290 5104 κλύδωνος
3324 5035 3503 5108 ψυχὴν
3542 5033 3725 5104 σῶμα·

1440 5198 1746 5262 Addenda
1775 5206 1835 5260 et
1871 5199 2243 5277 corrigenda
2283 5217 2364 5262 ex
2394 5199 2536 5261 cod.
2569 5154 2772 5259 Vatic.

596 5351 650 5416 1)
680 5351 776 5416 Είς
802 5351 923 5416 τήν.

596 5350 650 5421 1)
680 5351 776 5416 Ei;
802 5351 923 5422 τήν.

593 5421 650 5484 2)
679 5418 1021 5491 Κομίσασθαι
1042 5414 1241 5486 ἀγαθὸν
1267 5413 1392 5485 παρ’
1419 5410 1601 5478 αὑτοῦ,
1626 5411 1768 5470 οὕτω
1811 5419 1921 5477 etc,

596 5492 650 5557 5)
688 5488 872 5543 Αὐτῶν
905 5488 996 5542 πλ.

576 5554 650 5628 (ᾗ)
686 5560 909 5627 κυρίως
935 5568 986 5612 et
1018 5557 1225 5626 reliqua
1255 5555 1448 5612 desunt
1481 5554 1534 5608 in
1567 5554 1686 5611 cod.

579 5630 652 5696 (5)
677 5628 1043 5699 ’Δνεκλειπής,
1070 5636 1174 5683 etc.

2239 5339 2310 5412 (6)
2333 5338 2394 5394 N.
2411 5339 2519 5412 20,
2546 5338 2636 5412 21.
2659 5335 3262 5412 Oi_é91_<59§v0t}_1ti_ab
3278 5330 3617 5412 διδαχθῆναι,
3649 5329 3731 5383 ἕλε

2165 5401 2308 5474 θέτε,
2339 5410 2435 5463 καὶ
2485 5401 2889 5464 ἀκούσατέίίίι.⁷
2912 5406 3003 5473 22,
3031 5405 3121 5460 25.
3152 5405 3246 5470 Τίς
3275 5401 3730 5478 ἐστινᾶνθρωπος

2165 5483 2194 5534 ὁ
2217 5485 2272 5534 ὲν
2303 5479 2586 5549 ἐπιθυμίᾳ,
2621 5489 2726 5533 etc.

2241 5550 2316 5618 (7)
2354 5547 2559 5621 Ratira—
2588 5549 2739 5621 χείλη
2763 5565 2856 5604 σου
2882 5547 3142 5606 κώλυσον.

2165 5677 2170 5681 Α
2240 5619 2312 5692 (8)
2353 5619 2545 5679 Αὐτοῦ.
