3934 6218
296 248 399 303 πε,
1169 245 1258 299 DE
1293 243 1567 302 mnus
1604 243 2048 300 PSALMOR‘UM.
2084 277 2150 286 —
2172 244 2368 300 psan.
2412 244 2647 300 χχχιι.
3422 251 3525 304 m

363 361 454 416 33.
502 362 612 414 Καὶ
657 362 721 414 ὲκ
762 359 951 415 πασῶν
975 359 1083 414 τῶν
1117 358 1345 429 θλίψεων
1377 357 1556 412 αὐτῶν
1588 356 1861 429 ἐρρύσατο
1889 368 1916 423 Α

1968 356 2115 419 555.
2152 356 2217 411 Ει
2248 372 2313 410 ex
2345 356 2598 413 omnibus
2628 354 3069 411 tribulationibus
3100 370 3287 409 eorum
3320 359 3521 413 libera-

293 454 510 516 αὐτούς.
994 480 995 485 π

994 480 995 485 η
1960 449 2034 503 vit
2062 463 2175 503 eos.

362 541 449 596 54.
481 542 678 611 Ἐγγὺς
705 541 905 613 Κύριος
930 544 1039 605 τοῖς
1081 539 1554 611 συντετριμμένοις
1590 538 1689 608 τὴν
1720 554 1857 607 καρ-

2028 541 2117 596 54.
2150 540 2310 596 Juxta
2347 543 2608 598 Dominus
2654 542 2721 597 iis
2762 542 2856 612 qui
2891 542 3147 597 tribulato
3177 543 3518 597 suntcorde:

291 633 406 687 δίαν
432 631 520 704 [τῇ
552 633 797 705 apem,

361 724 450 776 55.
494 723 606 776 Καὶ
638 724 764 786 τοὺς
794 725 1078 787 ταπεινοὺς
1107 723 1184 794 τῷ
1217 723 1486 794 πνεύματι
1518 722 1701 777 σώσει.

1429 741 1486 776 ,τι
1518 722 1701 777 σώσει.
2022 724 2113 779 35.
2150 722 2217 777 Et
2245 723 2479 780 humiles
2507 723 2702 793 spiritu
2732 722 2982 778 salvahit.

360 812 448 867 36.
490 812 686 867 Πολλαὶ
720 814 775 867 αἱ
810 814 1013 884 θλίψεις
1044 815 1152 868 τῶν
1188 816 1430 881 δικαίων,

2026 816 2115 872 56.
2156 816 2337 871 Multa:
2353 816 2731 871 tribulationes
2759 815 3028 886 justorum
3047 854 3062 878 ,

360 908 450 962 37.
490 908 600 961 Kal.
614 908 678 960 ὲκ
696 907 885 961 πασῶν
907 908 1083 961 αὐτῶν
1110 908 1329 979 ῥύσεται
1358 910 1553 971 αὐτοὺς
1578 910 1605 960 6
1628 907 1849 979 Κύριος.

2020 910 2111 962 57.
2143 908 2209 962 Et
2234 925 2298 963 ex
2331 908 2585 963 omnibus
2609 908 2696 961 his
2716 908 2979 979 liberabit
3003 922 3097 962 eos
3132 907 3411 963 Dominus.

358 996 447 1053 38.
488 992 750 1052 Φυλάσσει
782 999 982 1071 Κύριος
1013 1000 1187 1053 πάντα
1219 999 1289 1051 τὰ
1316 1000 1451 1053 ὀστᾶ
1484 999 1658 1052 αὐτῶν
1678 1016 1689 1028 ·

2021 1000 2109 1054 58.
2141 998 2387 1054 Custodit
2420 997 2677 1053 Dominus
2700 998 2883 1052 omnia
2912 1012 3038 1053 ossa
3073 1012 3261 1052 eorum

360 1090 447 1146 39.
471 1092 565 1144 Ἐν
594 1091 654 1157 ἐξ
680 1092 860 1145 αὐτῶν
892 1092 950 1144 οὐ
990 1093 1429 1163 συντριϐήσεται.

2021 1093 2109 1147 59.
2144 1091 2321 1146 Unum
2351 1106 2413 1145 ex
2445 1090 2529 1145 his
2558 1105 2668 1145 non
2699 1098 3024 1145 conteretur.

361 1182 451 1237 40.
489 1182 728 1247 Θάνατος
758 1182 1089 1255 ἁμαρτωλῶν
1113 1182 1347 1255 πονηρός
1366 1197 1379 1211 ⁶

2018 1182 2107 1237 40.
2141 1182 2285 1237 Mors
2320 1180 2931 1251 peccatorum'pessima
2967 1198 2979 1233 :

358 1274 444 1327 41.
483 1274 589 1327 Καὶ
612 1274 661 1326 οι
693 1274 970 1345 μισοῦντες
991 1272 1080 1326 τὸν
1107 1273 1313 1327 δίκαιον
1345 1271 1808 1343 πλημμελήσουσι.

1657 1289 1808 1325 τουσι.
2019 1275 2108 1330 41.
2149 1272 2215 1328 Ει
2242 1273 2334 1343 qui
2361 1272 2591 1327 oderunt
2618 1271 2847 1341 justum,
2878 1271 3210 1340 delinquent.

356 1366 445 1421 42.
486 1364 832 1436 Λυτρώσεται
859 1365 1059 1436 Κύριος
1085 1366 1260 1436 ψυχὰς
1286 1364 1484 1418 δούλων
1517 1363 1682 1418 αὐτοῦ
1704 1380 1717 1395 ·

2018 1367 2108 1421 42.
2140 1365 2390 1421 Redimet
2417 1366 2681 1421 Dominus
2703 1366 2915 1420 animas
2937 1378 3217 1419 servorum
3243 1379 3467 1419 suorum
3494 1381 3508 1429 ;

356 1458 445 1512 45.
486 1457 594 1511 Καὶ
619 1459 678 1511 οὗ
712 1456 786 1528 μὴ
816 1456 1244 1529 πλημμελήσωσι
1284 1457 1481 1520 πάντες
1522 1458 1569 1509 οἱ
1601 1456 1846 1519 ἐλπίζον-

2015 1460 2104 1514 45.
2142 1460 2207 1514 Et
2228 1474 2337 1513 non
2362 1458 2676 1528 delinquent
2708 1471 2921 1521 omnes,
2955 1456 3049 1526 qui
3089 1466 3310 1526 sperant
3339 1457 3392 1511 in
3419 1471 3509 1511 eo.

288 1563 374 1609 τες
399 1548 484 1599 ἐπ’
515 1546 693 1599 αὐτόν.

597 1659 840 1729 Ψαιλμὸς
873 1658 950 1725 τῷ
980 1659 1174 1714 Δαϐίδ.
1217 1661 1387 1713 ΨΑΛ.
1411 1657 1534 1713 ΛΔ’.
1879 1705 1929 1765 Β

1879 1705 1929 1765 Β
2214 1657 2463 1712 Psalmus
2495 1656 2685 1711 David.
2725 1655 2929 1713 PSAL.
2968 1647 3234 1713 XXXIV.

359 1776 410 1829 l.
449 1774 697 1842 Δίκασον,
724 1774 917 1847 Κύριε,
944 1777 1070 1839 τοὺς
1094 1774 1411 1838 ἀδικοῦντάς
1443 1791 1511 1845 με
1530 1789 1544 1803 ο

1485 1789 1544 1826 ε’
2027 1767 2076 1823 l.
2108 1766 2320 1833 Judica,
2343 1767 2591 1832 Domine,
2626 1775 2880 1822 nocentes
2906 1782 2991 1821 me
3024 1785 3036 1821 :

351 1868 406 1921 2.
443 1866 752 1937 Πολέμησον
780 1868 906 1930 τοὺς
929 1865 1295 1938 πολεμοῦντας
1328 1884 1395 1937 με
1414 1881 1428 1896 ο

1374 1884 1395 1918 ε
1414 1881 1428 1896 ο
2021 1859 2075 1913 2.
2112 1858 2369 1929 Expugna
2402 1858 2777 1929 impugnantes
2805 1874 2887 1912 me
2914 1876 2927 1911 :

351 1961 406 2016 3.
436 1959 723 2014 Ἐπιλαῦοῦ
774 1959 937 2013 ὅπλου
973 1961 1067 2014 καὶ
1100 1958 1314 2031 θυρεοῦ,
1349 1960 1443 2013 καὶ
1474 1954 1731 2027 ἀνάστηθι
1766 1954 1846 2017 εἰς

2020 1951 2071 2005 5.
2110 1948 2466 2019 Apprehende
2510 1963 2661 2003 arma
2689 1954 2741 2002 et
2778 1953 2993 2002 scutum
3020 1988 3033 2011 ,
3088 1953 3141 1999 et
3188 1959 3416 2015 exsurge
3452 1942 3507 1997 in

283 2050 381 2122 τὴν
416 2050 665 2124 βοήθειάν
696 2068 816 2123 μου.

1947 2041 2275 2112 adiutorium
2302 2056 2501 2099 meum.

1406 2222 1778 2279 ATHANASII
1818 2217 2402 2275 INTERPRETATIO.

281 2408 371 2454 τος
391 2387 782 2463 χωριζομένην,
805 2388 898 2441 καὶ
929 2387 1006 2460 (1)
1042 2384 1288 2456 βοώντων
1323 2385 1456 2456 πρὸς
1497 2383 1657 2437 αὐτὸν
1694 2382 1834 2453 εἱσή·

1955 2375 2205 2438 ῐὶῡεναυίι,
2250 2383 2305 2429 et
2339 2372 2635 2428 clamantes
2664 2369 2733 2426 ad
2769 2382 2896 2426 eum
2928 2365 3225 2433 exaudivit,
3270 2374 3325 2420 et
3361 2377 3508 2420 nunc

282 2499 469 2547 κουσε,
504 2481 597 2536 καὶ
615 2480 887 2537 εἰσακούει
919 2479 1118 2534 αὐτῶν.

757 2480 887 2534 ιούει
919 2479 1118 2534 αὐτῶν.
1944 2467 2163 2523 exaudit
2197 2478 2310 2521 eos.

349 2574 438 2629 55.
474 2574 593 2628 Τῶν
623 2572 943 2644 πειρασμῶν
975 2572 1068 2625 τοῦ
1100 2570 1320 2642 ἐχθροῦ.

1298 2600 1320 2623 χ,
2015 2559 2105 2614 55.
2132 2557 2177 2611 Α
2204 2554 2595 2610 tentationibus
2624 2552 2851 2609 inimici.

352 2667 440 2722 54.
475 2668 599 2729 Τοῖς
636 2665 835 2737 πραὲσι
864 2663 961 2737 (2).

825 2684 835 2719 ι
864 2663 961 2737 (2).
2017 2650 2106 2704 54.
2137 2647 2378 2704 Milibus.

350 2758 439 2813 55.
473 2759 609 2822 Τοὺς
642 2734 1066 2828 ταπεινόφρονας
1095 2755 1194 2826 (5),
1217 2746 1385 2822 λ’έγει,
1431 2751 1613 2815 σώσει,
1638 2751 1698 2804 οὐ
1721 2750 1844 2815 τοὺς

2017 2743 2104 2797 35.
2136 2740 2211 2795 De
2245 2755 2304 2795 se
2336 2739 2610 2795 humiliter
2652 2738 2947 2794 sentientes
2986 2735 3237 2799 salvabit,
3294 2734 3500 2805 inquit;

279 2848 711 2917 ταπεινολόγους,
741 2848 836 2901 καὶ
858 2847 1346 2917 ταπεινοσχήμους.

1947 2849 2056 2889 non
2082 2832 2283 2896 verbis,
2314 2841 2368 2887 et
2390 2833 2569 2901 specie
2596 2840 2754 2887 tenus
2781 2829 3032 2885 humiles.

349 2939 436 2995 36.
455 2941 543 2993 Ἐν
570 2940 648 3011 τῷ
672 2940 861 3011 κόσμῳ
892 2938 1084 3009 τούτῳ.

1033 2956 1084 3009 ρ.
2012 2925 2102 2981 36.
2133 2925 2191 2979 In
2220 2925 2323 2978 hoc
2363 2923 2586 2978 mundo.

348 3030 437 3085 37.
472 3031 571 3085 Διὰ
604 3010 714 3102 γὰρ
740 3010 901 3083 αὐτὸν
927 3029 1131 3100 θλίψεις
1165 3029 1543 3100 ὑπομένουσιν.

2013 3016 2101 3070 37.
2135 3014 2266 3069 Nam
2297 3022 2514 3084 propter
2536 3028 2661 3069 eum
2692 3011 3066 3066 tribulationes
3093 3010 3393 3080 patiuntur.

2010 3105 2097 3160 38.
2137 3104 2528 3160 Fortitudinem
2554 3103 2748 3157 animae
2771 3116 2979 3157 eorum.

359 3121 447 3176 38.
480 3122 591 3193 Τὴν
629 3123 779 3193 ἰσχὺν
808 3122 906 3193 τῆς
936 3122 1013 3193 (4)
1042 3121 1219 3193 ψυχῆς
1244 3122 1443 3177 αὐτῶν.
1477 3121 1491 3191 ἰ
1865 3130 1910 3192 c

359 3214 437 3260 39-
456 3214 544 3260 Ἐν
564 3212 737 3260 οὐδενὶ
751 3212 898 3260 ἐάσει
916 3212 1185 3260 calidarium
1202 3213 1398 3260 αὐτοὺς
1414 3212 1517 3260 ὑπὸ
1540 3210 1833 3260 ἁμαρτίας.

1865 3130 1910 3192 c
2010 3121 2097 3160 οδ.
2138 3121 2528 3160 roruruamem
2554 3121 2748 3157 anima:
2771 3121 2979 3157 eorum.

1805 3228 1833 3260 ς,
2012 3194 2100 3248 59.
2131 3192 2448 3248 Nullatenus
2473 3191 2614 3247 sinet
2641 3189 2911 3260 corrumpi
2933 3203 3027 3245 eos
3057 3203 3087 3242 a
3117 3196 3358 3258 peccato.

351 3214 437 3268 39.
456 3214 544 3267 Ἐν
564 3212 737 3267 οὐδενὶ
751 3212 898 3267 ἐάσει
916 3212 1185 3284 φθαρῆναι
1202 3213 1398 3276 αὐτοὺς
1414 3212 1517 3266 ὑπὸ
1540 3210 1833 3282 ἁμαρτίας.

311 3299 516 3365 ,40311
550 3300 813 3372 ἁμαρτία.
928 3281 938 3283 _
1028 3281 1038 3284 -
1085 3281 1094 3283 _
1663 3281 1668 3282 ⁷

928 3281 938 3283 “
1028 3281 1038 3284 “
1085 3281 1094 3283 “
1663 3281 1668 3282 “
2012 3282 2099 3337 40.
2125 3281 2431 3338 Peccatum.

349 3391 438 3446 41.
469 3369 656 3445 Καὶ.νοὶ
672 3369 963 3462 ’μισοῦντες
985 3393 1075 3447 τὸν
1096 3393 1227 3447 Θεὸν
1250 3393 1485 3457 καὶτοὺς
1510 3392 1673 3447 αὐτοῦ
1696 3391 1838 3464 [δούς

2012 3378 2101 3432 41.
2135 3376 2199 3429 Ει
2230 3376 2321 3447 qui
2352 3374 2479 3430 odio
2530 3373 2731 3429 habent
2782 3371 2948 3427 Deum
3002 3380 3056 3426 et
3111 3386 3299 3428 servos
3344 3369 3498 3441 ejus,

277 3482 425 3556 λους]
448 3484 877 3555 ἁμαρτήσουσιν.

710 3502 877 3539 ουσιν,
1943 3468 2263 3540 peccabunt.

347 3576 437 3631 42.
456 3576 587 3631 Ἀπὸ
621 3576 803 3650 πάσης
826 3576 1121 3651 ἁμαρτιας.

1097 3596 1121 3631 ι,
2011 3560 2100 3614 42.
2134 3560 2217 3614 Ah
2244 3557 2390 3613 omni
2413 3567 2650 3628 peccato.

344 3665 433 3721 45.
464 3668 572 3720 Καὶ
598 3667 657 3722 οὐ
689 3644 768 3740 μή
812 3644 1096 3739 ἁμάρτωσι
1135 3668 1211 3741 (5)
1259 3669 1457 3733 πάντες
1498 3670 1547 3723 oi
1598 3667 1840 3734 ἐλπίζον-

2012 3649 2102 3706 45.
2136 3649 2201 3705 Ει
2226 3664 2333 3705 non
2360 3650 2663 3721 peccabunt
2697 3661 2910 3713 omnes,
2938 3645 3032 3718 qui
3071 3654 3295 3718 sperant
3326 3644 3380 3698 in
3410 3659 3495 3700 eo.

273 3769 365 3821 τες
399 3758 484 3810 ἐπ’
510 3757 693 3812 αὐτόν.

353 3868 419 3923 Ἦ
476 3870 807 3944 προκειμένη
858 3872 1135 3945 ἐπιγραφὴ
1190 3874 1464 3945 περιέχει·
1521 3871 1763 3941 Ψαλμὸς
1805 3868 1885 3935 τῷ
1924 3866 2120 3923 Δαὸιδ.
2163 3866 2332 3919 Τοῦτο
2366 3862 2458 3920 οῦν
2498 3862 2664 3935 λέγει,
2690 3866 2826 3920 ὅτιὸ
2854 3864 3064 3936 ψαλμὸς
3101 3859 3256 3928 οὗτος
3285 3865 3360 3935 τῷ
3391 3865 3500 3935 Υἱῷ

273 3958 369 4013 τοῦ
393 3960 547 4016 Θεοῦ.
564 3961 624 4015 '0
650 3964 756 4034 γὰρ
780 3963 942 4016 Δαὸὶδ
968 3964 1060 4016 καὶ
1083 3964 1180 4034 τὴν
1208 3964 1480 4033 ἐκδίκησιν
1509 3962 1729 4034 ἐποίησε
1766 3960 1873 4016 τῶν
1898 3959 2253 4032 ἁρπαγέντων
2281 3958 2586 4030 προϐάτων,
2623 3957 2717 4011 καὶ
2744 3955 2884 4026 ὑπὲρ
2907 3956 3000 4009 τοῦ
3026 3955 3155 4009 λαοῦ
3186 3954 3500 4026 πολεμήσας
3572 3996 3575 4001 .

274 4053 373 4123 τὴν
406 4052 560 4122 νίκην
585 4053 871 4124 πεποίηται
906 4054 1149 4120 πατάξας
1172 4056 1263 4109 τὸν
1288 4056 1683 4128 Γο).ιὰθ.”οπερ
1720 4055 2045 4128 εὑρίσκομεν
2070 4052 2431 4123 γεγενημένον
2457 4051 2560 4104 ὑπὸ
2588 4049 2681 4104 τοῦ
2713 4048 2841 4103 Υἱοῦ
2862 4066 2875 4078 ⁸
2910 4049 2991 4102 ὅτι
3027 4047 3119 4101 καὶ
3148 4048 3246 4120 τὴν
3280 4047 3498 4119 ἐκδίκη-

276 4158 362 4195 σιν
382 4143 604 4215 ὲποίησε
631 4144 735 4198 τῶν
759 4146 1243 4217 καταπονουμένων
1275 4146 1381 4200 ὑπὸ
1408 4147 1514 4201 τῶν
1542 4146 1798 4200 ἐναντίων
1820 4145 2119 4215 δυνάμεων,
2156 4143 2250 4197 καὶ
2290 4142 2604 4215 πολεμήσας
2639 4142 2731 4196 καὶ
2760 4139 3082 4195 καταϐαλὼν
3111 4140 3203 4194 τὸν
3236 4138 3496 4204 διάϐολον,

274 4234 430 4306 νίκην
451 4234 745 4308 δεδώρηται
776 4236 852 4307 τῷ
883 4236 1027 4306 γένει
1050 4237 1222 4309 ἡμῶν.
1242 4238 1439 4310 Ἀληθῆ
1470 4237 1526 4292 δὲ
1554 4236 1729 4292 ταῦτά
1756 4254 1839 4291 σοι
1868 4236 2191 4307 παρίστησιν
2218 4227 2372 4298 οὗτος
2393 4237 2421 4288 6
2446 4233 2655 4305 ψαλμδς
2682 4233 2853 4296 οὕτως
2885 4232 2983 4305 (6).

344 4328 558 4386 Titulus
584 4333 903 4401 praepositus
925 4334 1165 4390 continet
1196 4354 1210 4417 ξ
1238 4335 1481 4389 Psalmus
1515 4332 1700 4388 David.
1746 4331 1861 4387 Hoc
1916 4341 2096 4387 autem
2145 4331 2433 4403 signiﬁcat,
2460 4331 2605 4401 quod
2641 4330 2884 4401 psalmus
2924 4331 3025 4385 iste
3075 4330 3141 4386 ad
3176 4330 3270 4387 Dei
3293 4330 3493 4387 Filium

275 4417 526 4490 pertinet.
562 4417 726 4474 David
757 4420 902 4474 enim
934 4430 987 4476 et
1014 4436 1196 4493 raptas
1223 4439 1350 4479 oves
1378 4423 1685 4488 vindicavit,
1718 4431 1773 4477 et
1805 4436 1902 4492 pro
1931 4421 2129 4492 populo
2159 4436 2429 4492 pugnans,
2463 4436 2721 4491 percusso
2755 4420 2995 4488 Goliatb,
3032 4422 3317 4477 victoriam
3351 4424 3497 4478 obti-

276 4515 408 4568 nuit.
446 4511 604 4580 Quod
634 4516 938 4573 invenimus
966 4532 997 4572 a
1024 4518 1117 4573 Dei
1144 4517 1281 4573 Filio
1307 4518 1508 4574 factum
1534 4534 1657 4575 esse
1685 4537 1698 4573 :
1732 4518 1988 4589 quoniam
2016 4526 2069 4572 et
2094 4518 2162 4573 ab
2201 4519 2527 4574 adversariis
2554 4519 2912 4589 potestatibus
2941 4534 3235 4589 oppressos
3256 4521 3499 4576 vindica-

274 4608 368 4670 vit,
398 4616 471 4671 et,
507 4607 639 4665 inita
667 4624 867 4680 pugna,
895 4621 1278 4686 prostrataque
1307 4614 1548 4681 diabolo,
1578 4614 1863 4671 victoriam
1894 4613 2118 4670 donavit
2144 4614 2328 4685 generi
2372 4614 2634 4670 humano.
2660 4614 2769 4671 Has
2798 4625 2977 4672 autem
3009 4618 3262 4674 veritates
3290 4618 3388 4673 tibi
3423 4619 3496 4675 ita

272 4705 488 4759 exhibet
518 4705 607 4761 hic
626 4708 888 4777 psalmus.

342 4797 524 4853 1.“Οτι
555 4799 761 4864 δίκαιος
785 4798 837 4855 εἴ
861 4801 1071 4874 κριτής.
1864 4808 1895 4862 1]

1864 4808 1907 4862 D
2007 4804 2058 4858 l.
2094 4802 2362 4869 Quoniam
2385 4804 2570 4875 justus
2595 4822 2656 4863 es
2678 4806 2864 4878 judex.

342 4885 397 4942 2.
430 4888 541 4953 Τὰς
576 4888 831 4961 δυνάμεις
855 4889 949 4944 τοῦ
976 4888 1189 4962 ἐχθροῦ.

1097 4888 1189 4946 ιοῦ.
2005 4896 2057 4950 2.
2094 4895 2395 4953 Potestates
2427 4899 2650 4955 inimici.

342 4979 393 5037 3.
428 4980 533 5034 Τοῦ
564 4981 799 5054 σταυροῦ
829 4998 944 5048 σου,
976 4982 1142 5052 λέγει,
1175 4982 1268 5038 καὶ
1293 4984 1392 5057 τῆς
1423 4983 1653 5049 πίστεώς
1673 5003 1787 5041 σου.

1455 4983 1653 5049 πίστεώς
1673 5003 1787 5041 σου.
1998 4987 2051 5041 5.
2079 4987 2271 5047 Crucis
2298 5000 2422 5055 tum,
2450 4993 2647 5063 inquit,
2668 5003 2723 5049 et
2741 4994 2860 5049 lldei
2888 5003 3008 5052 tum.

1215 5122 1522 5186 Addenda
1551 5131 1611 5187 et
1645 5128 2019 5209 corrigenda
2059 5148 2136 5193 ex
2165 5131 2306 5194 cod.
2345 5133 2543 5195 Vatic.

338 5262 659 5364 ἕθμὲαντδς
690 5266 746 5320 δὲ
801 5266 1064 5332 κλύδωνος
1090 5267 1267 5339 ψυχῆς
1297 5268 1392 5321 καὶ
1428 5268 1834 5341 χειμαζομένων
1938 5275 2089 5364 ΜΓ(6)
2112 5276 2277 5364 Ἠνδιὰ
2295 5277 2395 5345 τῆς
2417 5278 3041 5364 κινηέαξάρεωςξεριέχει
3061 5296 3075 5310 -
3092 5278 3171 5364 te}:
3184 5277 3363 5345 Δαϐἰδ,
3385 5290 3491 5364 etc.

271 5348 519 5420 καιιὶιςξς.
556 5408 567 5420 ι
1937 5346 2103 5420 Οὗτος
2139 5349 2378 5420 -εῐρηςταιί
2400 5346 2477 5420 τῷ
2649 5346 2749 5420 ’τοῦ
2783 5346 2937 5413 Θεοῦ,
2958 5346 3075 5404 ἐκ.
3131 5346 3495 5420 Γεγενημένον

456 5407 679 5491 Εράοιςο
859 5480 884 5491 _
1934 5416 2028 5491 διαὶ
2195 5405 2288 5469 ῗτοῦ
2322 5405 2567 5491 Υζοῦδιοῦ
2598 5405 2891 5491 9596,61“
2914 5405 3017 5491 etc.
3043 5405 3493 5491 καὶ-πολεμήσας

344 5474 416 5547 (5)
456 5474 1036 5563 Ταπεινοιξρονοῦντας.
1169 5548 1195 5560 η
1928 5486 2021 5539 τὸν
2066 5486 2299 5558 πόλεμον
2332 5488 2408 5557 τῷ
2438 5489 2587 5554 γένει
2618 5474 2889 5543 τῶν’άνθ’
2918 5488 3082 5552 ’πων,
3112 5488 3252 5556 λέγω
3293 5474 3355 5560 δὴ

344 5544 417 5599 HI)
454 5547 641 5599 Πᾶσαν
674 5566 771 5599 την
797 5553 946 5599 ἱσνὺν
968 5548 1112 5599 λέγει
1134 5565 1253 5599 της.
1284 5558 1390 5599 etc.
1928 5556 2184 5599 διάδηλον-
2219 5566 2321 5599 Mn-
2342 5556 2535 5599 ’Δλτεθῆ
2567 5558 2623 5599 δὲ·
2643 5557 2811 5599 ταῦτα
2837 5506 2946 5599 agi:
2976 5558 3300 5599 τηθίσι-τισιν
3330 5560 3491 5599 ηὺφλρ

968 5548 1112 5617 λέγει
1134 5548 1253 5620 τῆς⁹
1284 5558 1390 5607 εις,
1415 5612 1421 5618 _
1928 5544 2322 5641 §td60‘10?,.e£0.
2342 5544 2536 5631 ’Ᾱληθῆ
2567 5558 2623 5613 δὲ
2643 5557 2812 5613 ταῦτα
2837 5544 2946 5614 οἷον
2976 5544 3491 5641 παρίσξτῇςιιγτᾲὖτδς

343 5613 415 5685 (5)
441 5613 885 5690 Ἀμαρτήσὸυσινξ
1039 5613 1048 5617 ’
1190 5613 1200 5620 ’
1241 5613 1245 5615 ’
1415 5613 1421 5618 ’
1552 5652 1555 5655 λ
1926 5629 1957 5680 ὁ
1984 5613 2198 5699 φαλμός
2230 5626 2417 5693 οὕτως.
