3934 6218
410 158 514 212 775
1245 156 1301 211 S.
1341 154 1712 210 ATHANASII
1750 155 1896 210 OPP.
1941 156 2118 212 PARS
2154 157 2241 212 Ill.
2275 188 2343 198 —-
2373 155 2779 212 EXEGETICA.
3521 158 3620 212 776

480 273 533 326 4.
567 269 794 326 Eﬂ‘unde
845 270 1127 337 frameam,
1170 280 1224 326 et
1257 271 1520 327 concludo
1565 273 1826 328 adversus
1869 287 1963 328 eos
1991 279 2033 336 Α

2131 273 2426 343 4.Ἔκχεον
2461 271 2753 342 ῥομφαίαν,
2801 267 2892 322 καὶ
2942 267 3260 337 σύγκλεισον
3319 266 3625 334 ἐξεναντίας

407 364 500 432 qui
530 372 930 435 persequuntur
960 378 1066 417 me.

1973 397 1978 400 -
2074 362 2180 415 τῶν
2203 361 2644 416 καταδιωκόντων
2675 377 2762 431 με.
3020 431 3029 446 1

481 453 533 510 5.
567 455 662 511 Dic
698 457 892 524 animae
922 472 1056 511 mea
1079 474 1092 510 :
1119 453 1278 511 Salus
1307 464 1398 510 tua
1421 470 1522 526 ego
1545 471 1687 512 sum.

2146 455 2198 510 5.
2233 450 2397 507 Εἶπον
2420 455 2487 524 τῇ
2517 452 2661 522 ψυχῇ
2698 469 2797 522 μου
2817 468 2829 482 ·
2861 448 3108 521 Σωτηρία
3138 447 3228 502 σού
3255 449 3368 518 εἰμι
3394 446 3527 517 ἐγώ.

481 545 535 600 6.
574 545 988 602 Confundantur
1032 554 1086 601 et
1121 555 1469 601 revereantur
1512 554 1817 616 quaerentes
1847 544 1967 599 ani-

2146 547 2200 601 6.
2233 545 2682 617 Αἰσχυνθήτωσαν
2714 543 2806 596 καὶ
2827 542 3244 613 ὲντραπήτωσαν
3267 542 3315 593 οἱ
3343 539 3625 610 ζητοῦντες

411 653 557 692 mam
590 654 786 694 meam.

2073 638 2169 710 τὴν
2193 636 2369 708 ψυχήν
2405 655 2527 708 μου·

480 729 536 783 7.
568 729 896 783 Avertantur
929 737 1224 786 retrorsum
1270 736 1326 785 et
1369 728 1772 784 confundantur
1818 725 1968 798 cogi-

2147 731 2196 782 7.
2229 730 2753 802 Ἀποστραφήτωσαν
2775 733 2855 796 εἰς
2871 731 2937 785 τὰ
2961 731 3154 798 ὀπίσω,
3183 732 3278 785 καὶ⁵
3307 748 3626 802 καταισχυν-

411 827 590 875 tantes
616 819 749 873 mihi
779 819 941 875 mala.

2073 821 2320 893 θήτωσαν
2350 824 2400 876 οἱ
2437 823 2767 895 λογιζόμενοί
2808 841 2897 895 μοι
2928 823 3091 877 κακά.

481 909 535 963 8.
576 908 734 964 Fiant
761 917 1024 979 tanquam
1055 909 1237 980 pulvis
1267 918 1392 964 ante
1420 909 1612 964 faciem
1643 907 1824 964 venti:

2141 913 2193 968 8.
2212 912 2598 986 Γενηθήτωσαν
2627 915 2758 968 ὡσεὶ
2773 915 2928 987 χνοῦς
2945 916 3081 969 κατὰ
3099 914 3382 988 πρόσωπον
3399 915 3594 988 ἀνέμου
3606 931 3619 946 ·

481 1001 532 1053 9.
571 999 637 1053 Ει
664 1001 886 1070 angelus
921 1001 1137 1056 Domini
1165 1009 1448 1056 coarctans
1474 1015 1589 1054 eos.

2138 1004 2190 1058 9.
2226 1006 2335 1058 Kal
2362 1004 2590 1074 ἄγγελος
2622 1005 2826 1076 Κυρίου
2856 1005 3119 1060 uenam
3146 1006 3341 1070 αὐτούς

477 1089 564 1143 10.
601 1090 721 1145 Fiat
747 1092 832 1146 via
861 1092 1082 1146 illorum
1111 1093 1343 1147 tenebrae
1372 1101 1425 1147 et
1457 1090 1724 1145 lubricum
1754 1107 1768 1143 :

2142 1094 2226 1148 10.
2268 1096 2552 1167 Γενηθήτω
2575 1095 2744 1168 ἡόδὸς
2777 1097 2954 1152 αὐτῶν
2991 1097 3179 1163 σκότος
3209 1098 3302 1151 καὶ
3327 1096 3618 1168 ὀλίσθημαο

480 1182 566 1237 11.
598 1181 666 1236 Ει
693 1185 916 1254 angelus
954 1184 1168 1239 Domini
1203 1199 1534 1256 persequens
1565 1197 1683 1238 eos.

2141 1184 2227 1238 11.
2268 1185 2376 1238 Kal
2405 1185 2632 1254 ἄγγελος
2663 1186 2866 1256 Κυρίου
2900 1185 3248 1241 καταδιώκων
3273 1184 3485 1248 αὐτούς.

480 1273 566 1327 12.
608 1273 875 1340 Quoniam
900 1277 1071 1347 gratis
1089 1277 1497 1332 absconderunt
1525 1274 1658 1329 mihi
1685 1271 1962 1328 interitum

2141 1271 2226 1325 12.
2243 1273 2362 1328 Ὅτι
2380 1273 2585 1345 δωρεὰν
2609 1274 2848 1346 ἔκρυψαν
2873 1294 2961 1347 μοι
2983 1275 3272 1348 διαφθορὰν
3293 1273 3511 1344 παγίδος
3529 1274 3622 1328 αὐ-

408 1360 588 1432 laquei
617 1363 700 1418 sui
727 1381 742 1418 :
894 1386 897 1389 ·

647 1363 700 1417 ui
727 1381 742 1418 :
894 1386 897 1389 ·
2070 1359 2195 1414 τῶν.

481 1455 566 1507 15.
607 1454 953 1525 Supervacue
989 1457 1454 1526 exprobraverunt
1493 1456 1727 1511 animam
1770 1467 1961 1508 meam.

1694 1470 1727 1508 n
1770 1467 1961 1508 meam.
2141 1451 2229 1506 15.
2267 1452 2458 1523 Μάτην
2484 1453 2760 1510 ὠνείδισαν
2793 1454 2888 1526 τὴν
2919 1455 3095 1527 ψυχήν
3126 1472 3247 1526 μου.

476 1543 564 1597 14.
598 1542 789 1600 Veniat
818 1546 894 1600 illi
921 1547 1172 1616 laqueus,
1205 1563 1366 1618 quem
1391 1548 1603 1617 ignorat
1639 1563 1652 1599 :

2140 1544 2226 1599 M.
2256 1545 2482 1598 Ἐλθὲτω
2518 1546 2663 1618 αὐτῷ
2691 1549 2873 1616 παγίς,
2899 1548 2965 1618 ἢν
2993 1549 3054 1600 οὐ
3080 1546 3334 1616 γινώσκει
3351 1560 3372 1578 ⁸

479 1635 565 1688 15.
602 1635 666 1690 Et
681 1638 877 1706 captio,
907 1654 1069 1707 quam
1085 1640 1384 1704 abscondit,
1413 1637 1778 1709 apprehendat
1797 1649 1953 1690 eum:
1988 1639 2031 1694 Β

1988 1639 2031 1694 Β
2129 1633 2214 1688 15.
2255 1635 2364 1687 Kal
2390 1636 2423 1705 ἡ
2453 1635 2616 1707 θήρα,
2645 1637 2710 1707 ἢν
2742 1635 2964 1706 ἔκρυψε,
2985 1634 3290 1687 ωλλαὸἐτω
3319 1630 3480 1686 αὐτόν
3500 1649 3513 1662 ·

478 1726 562 1779 16.
595 1725 656 1781 Et
680 1727 734 1782 in
761 1728 1009 1798 laqueum
1040 1732 1197 1786 cadat
1228 1733 1284 1786 in
1314 1732 1514 1801 ipsum.

2126 1724 2210 1780 16.
2252 1726 2361 1779 Καὶ
2398 1728 2457 1779 ὲν
2482 1730 2548 1798 τῇ
2569 1720 2769 1796 ’παγίδι
2800 1728 3042 1779 πεσεῖται
3075 1727 3132 1778 ὲν
3167 1726 3325 1796 αὐτῇ.

477 1815 564 1870 17.
593 1815 785 1871 Anima
817 1829 996 1874 autem
1025 1836 1143 1875 mea
1171 1821 1462 1876 exsultabit
1491 1820 1547 1874 in
1581 1817 1811 1873 Domino
1835 1835 1849 1869 :

2129 1815 2217 1869 17.
2247 1815 2311 1870 Ἥ
2333 1816 2389 1868 δὲ
2419 1817 2562 1887 ψυχή
2593 1834 2693 1887 μου
2729 1816 3114 1884 ἁγαλλιάσεται
3139 1815 3232 1867 ἐπὶ
3255 1814 3332 1884 τῷ
3361 1812 3579 1886 Κυρίῳο

474 1908 560 1961 18.
597 1907 660 1962 Et
685 1909 1036 1966 delectabitur
1060 1928 1220 1982 super
1248 1914 1472 1968 salutari
1509 1927 1632 1968 suo.

2130 1905 2217 1960 18.
2257 1907 2628 1980 Τερφθήσεται
2657 1909 2748 1961 ἐπὶ
2779 1908 2856 1979 τῷ
2887 1906 3136 1979 σωτηρίῳ
3161 1905 3343 1961 αὐτοῦ.

481 1997 567 2051 19.
613 1996 806 2053 Omnia
848 2015 974 2055 ossa
1015 2016 1136 2057 mea
1178 2002 1667 2068 dicentzDomine,
1709 1997 1953 2064 Domine,

2129 1997 2216 2052 19.
2256 1998 2439 2053 Πάντα
2467 1999 2536 2053 τὰ
2565 2000 2696 2053 ὀστᾶ
2720 2017 2819 2070 μου
2851 1997 3035 2070 ἐροῦσι
3053 2015 3066 2029 ⁸
3096 1998 3288 2070 Κύριε,
3321 1997 3512 2069 Κύριε,
3536 1997 3613 2060 τίς

408 2089 531 2156 quis
558 2088 751 2145 similis
789 2091 884 2145 tibi
916 2091 938 2145 ?

839 2092 884 2145 bi
916 2091 938 2145 ?
2060 2090 2242 2160 ὅμοιός
2274 2108 2355 2144 σοι
2378 2108 2392 2157 ;

479 2178 566 2232 20.
594 2178 842 2250 Eripieus
864 2183 1074 2251 inopem
1104 2183 1170 2238 de
1195 2197 1359 2237 manu
1392 2181 1680 2238 fortiorum
1704 2179 1861 2250 ejus;

2132 2179 2220 2235 20.
2241 2180 2526 2251 Ῥυόμενος
2543 2180 2753 2250 πτωχὸν
2768 2182 2832 2234 ὲκ
2847 2178 3026 2252 χειρὸς
3044 2179 3413 2253 στερεωτέρων
3437 2176 3613 2234 αὐτοῦ·

473 2269 562 2325 21.
591 2268 656 2325 Ει
721 2286 952 2344 egenum
1001 2282 1054 2329 et
1112 2289 1404 2345 pauperem
1474 2290 1507 2330 a
1573 2270 1960 2343 diripientibus

2131 2271 2220 2326 21.
2260 2272 2368 2325 Kal
2396 2272 2607 2343 πτωχὸν
2643 2272 2734 2326 καὶ
2767 2271 2972 2344 πένητα
3004 2271 3110 2326 ἀπὸ
3150 2270 3258 2324 τῶν
3293 2268 3613 2343 διαρπαζόν-

405 2375 553 2417 eum.

2066 2382 2172 2418 των
2199 2365 2377 2419 αὐτόν.

1507 2536 1881 2593 ATHANASH
1918 2537 2508 2595 INTERPRETATIO.

473 2652 538 2721 4,
569 2651 620 2709 5.
655 2651 723 2708 Et
760 2653 933 2724 gratia
979 2653 1212 2724 Spiritus
1252 2655 1426 2711 sancti
1467 2654 1812 2711 circumdans
1843 2655 1963 2710 ani-

2132 2655 2188 2720 4,
2217 2654 2268 2709 5.
2311 2655 2419 2710 Kal
2459 2657 2523 2725 τῇ
2566 2654 2744 2724 χάριτι
2767 2652 2859 2704 τοῦ
2887 2651 3041 2720 ἁγίου
3070 2649 3143 2722 (1)
3168 2649 3483 2720 Πνεῦματος
3521 2666 3612 2702 κυ-

405 2759 552 2798 mam
601 2759 774 2798 meam
799 2783 813 2808 ,
857 2744 946 2800 dic
987 2745 1134 2815 ipsi:
1171 2743 1250 2800 Ne
1295 2745 1506 2813 timeas,
1534 2744 1680 2800 salus
1733 2753 1826 2799 tua
1866 2761 1958 2816 ego

2064 2746 2274 2809 κλώσας
2295 2746 2392 2816 τὴν
2423 2745 2598 2816 ψυχήν
2635 2762 2755 2815 μου,
2787 2744 2912 2798 εἰπὲ
2946 2745 3082 2814 αὐτῇ
3104 2759 3116 2772 ·
3150 2743 3241 2815 Μὴ
3284 2741 3470 2812 φοϐοῦ,
3508 2758 3615 2794 σω·-

405 2850 544 2889 sum.
2061 2837 2231 2904 τηρία
2259 2837 2372 2890 σού
2398 2839 2512 2906 ειμι
2547 2834 2682 2904 ἐγώ.

473 2923 528 2978 6.
565 2925 740 2996 Atque
769 2926 842 2981 ita
877 2926 1094 2983 domum
1123 2927 1511 2996 confundantur
1537 2935 1586 2981 et
1626 2934 1956 2992 revereantur

2132 2928 2187 2982 6.
2218 2930 2327 2982 Kal
2359 2928 2499 2982 οὕτω
2529 2927 2712 2981 λοιπὸν
2741 2925 3240 2996 αὶσχυνθήτωσαν
3293 2925 3391 2980 καί
3413 2926 3611 2993 ἐντρα-

403 3025 698 3085 potestates
732 3018 959 3074 inimici.
1845 3069 1848 3072 .

1845 3069 1848 3072 .
1988 3009 2029 3067 C
2061 3018 2345 3085 πήτωσαν
2370 3019 2424 3072 αἱ
2458 3018 2711 3088 δυνάμεις
2736 3016 2829 3070 τοῦ
2859 3015 3075 3088 ἐχθροῦ.

476 3107 526 3161 7.
559 3106 821 3164 Similiter
841 3110 1044 3165 eadem
1077 3117 1390 3180 potestates.

2133 3109 2184 3164 7.
2201 3109 2428 3180 Ὁμοίως
2457 3111 2511 3163 αἱ
2545 3109 2704 3162 αὐταὶ
2732 3107 3009 3177 δυνάμεις.

473 3198 527 3252 8.
564 3197 887 3255 Exsufllabit
926 3201 1197 3257 daemones
1237 3217 1304 3257 ex
1344 3203 1507 3258 corde
1555 3216 1674 3258 meo
1724 3199 1961 3271 Spiritus

2132 3200 2185 3256 8.
2203 3200 2524 3270 Ἐκφυσήσει
2553 3200 2677 3262 τοὺς
2699 3197 2950 3269 δαίμονας
2978 3199 3042 3250 ὲκ
3069 3196 3168 3267 τῆς
3193 3194 3413 3259 καρδίας
3437 3211 3537 3265 μου
3558 3194 3611 3246 τὸ

403 3297 625 3342 sanctus
659 3297 806 3344 tuus.

2061 3288 2282 3359 Πνεῦμά
2316 3305 2407 3342 σου
2442 3287 2502 3340 τὸ
2530 3287 2702 3356 ἅγιον.

473 3379 525 3434 9.
557 3378 624 3434 Et
648 3380 970 3437 illuminatio
1000 3391 1092 3438 tua
1121 3383 1394 3455 expellens
1427 3399 1524 3439 eos
1541 3399 1604 3439 ex
1631 3395 1795 3439 corde
1819 3396 1957 3437 meo.

2128 3378 2182 3434 9.
2217 3378 2323 3431 Kal
2350 3380 2377 3432 ό
2403 3379 2675 3449 φωτισμός
2697 3394 2789 3431 σου
2820 3375 3027 3430 διώκων
3054 3375 3248 3440 αὐτοὺς
3275 3376 3337 3429 ἐκ
3363 3375 3461 3446 τῆς
3486 3390 3611 3446 καρ-

2059 3466 2176 3530 δίας
2206 3484 2326 3537 μου.

472 3549 559 3604 10.
591 3549 786 3631 Inopes
813 3555 1022 3610 consilii
1053 3571 1163 3627 prae
1191 3558 1384 3614 timore
1415 3560 1722 3616 concidant.

2103 3561 2216 3629 ,10.
2235 3559 2321 3612 Ἐν
2343 3559 2547 3631 ἀπορίᾳ
2573 3558 2722 3622 ὄντες
2747 3557 2854 3612 ἀπὸ
2881 3554 2973 3610 τοῦ
2994 3555 3159 3627 φόϐου
3181 3555 3255 3626 (2)
3283 3554 3607 3608 πεσέτωσαν.

472 3642 559 3696 11.
590 3640 656 3697 Ει
681 3645 851 3714 gratia
879 3655 970 3702 tua
997 3658 1349 3720 persequetur
1373 3667 1487 3707 eos.

2128 3649 2212 3702 11.
2247 3648 2356 3701 Kal
2393 3650 2426 3719 ἡ
2459 3649 2614 3720 χάρις
2643 3665 2734 3702 σου
2768 3645 2944 3711 διώξει
2977 3645 3188 3709 αὐτούς.

472 3734 558 3788 12.
592 3734 726 3789 Cum
763 3738 908 3793 nulla
933 3754 1020 3794 res
1049 3741 1183 3795 mihi
1207 3753 1353 3798 esset
1391 3760 1516 3800 cum
1544 3745 1696 3816 ipsis,
1731 3751 1960 3806 munda-

2127 3737 2212 3791 12.
2248 3738 2412 3792 Οὐδὲν
2437 3738 2652 3809 ἔχοντός
2673 3755 2771 3809 μου
2795 3737 2931 3808 πρὸς
2951 3737 3146 3799 αὐτοὺς
3166 3733 3368 3805 ἔθηκαν
3383 3731 3482 3796 τὰς
3500 3731 3610 3802 ἠδο-

403 3834 502 3875 nas
531 3822 831 3891 voluptates
860 3825 915 3878 in
951 3827 1113 3883 corde
1146 3845 1264 3885 meo
1292 3845 1606 3901 posuerunt.

1502 3845 1606 3889 unt.
2056 3829 2151 3893 νὰς
2173 3827 2266 3883 τοῦ
2301 3831 2501 3901 κόσμου
2531 3831 2589 3883 ἐν
2615 3832 2679 3902 τῇ
2711 3829 2904 3903 καρδίᾳ
2935 3846 3055 3900 μου.

472 3912 556 3966 15.
591 3912 931 3983 Alﬂixerunt,
963 3917 1158 3989 inquit,
1194 3922 1433 3978 animam
1457 3941 1653 3980 meam.

1618 3944 1653 3980 ι.
2127 3920 2495 3991 15.Ἔθλιψαν,
2520 3920 2689 3990 λέγει,
2721 3921 2821 3992 τὴν
2841 3919 3018 3990 ψυχήν
3047 3937 3171 3990 μου.

471 4005 557 4059 14.
593 4003 779 4062 Veniat
807 4008 1022 4066 diabolo
1059 4013 1174 4069 dies
1193 4013 1408 4086 judicii,
1435 4018 1582 4088 quod
1612 4034 1722 4075 non
1765 4035 1956 4091 exspe-

2127 4012 2459 4068 14.Ἐλθέτω
2498 4012 2575 4081 τῷ
2619 4012 2848 4083 διαϐόλῳ
2895 4013 2929 4082 ἡ
2975 4012 3154 4082 ἡμέρα
3199 4012 3298 4080 τῆς
3346 4008 3605 4082 κρίσεως,

397 4103 528 4149 clat.
2053 4106 2188 4179 ὅπερ
2223 4105 2301 4176 (5)
2339 4105 2398 4157 οὑ
2437 4105 2725 4176 προσδοκᾷ.

467 4185 553 4240 15.
584 4186 650 4241 Ει
675 4203 841 4255 mors,
879 4208 1040 4262 quam
1074 4193 1190 4265 ipse
1215 4195 1441 4252 invenit.

2126 4197 2212 4251 15.
2247 4198 2355 4249 Kal
2383 4199 2411 4250 ό
2441 4195 2686 4260 θάνατος,
2717 4197 2774 4250 ὂν
2803 4195 2964 4260 αὐτὸς
2991 4194 3217 4268 ἐφεῦρεν
3245 4195 3343 4265 (4).

472 4278 555 4332 16.
589 4279 655 4334 Ει
682 4281 734 4335 in
762 4284 1058 4352 gehennam
1090 4287 1231 4357 ignis
1259 4290 1571 4358 orojieietur
1599 4292 1654 4346 in
1676 4293 1871 4364 ipsam.

2126 4289 2212 4345 16.
2247 4291 2356 4342 Kal
2385 4290 2442 4342 ἐν
2472 4291 2536 4359 τῇ
2573 4290 2760 4360 γεέννῃ
2794 4289 2883 4343 τοῦ
2918 4289 3083 4360 πυρὸς
3112 4287 3440 4359 βληθήσεται
3463 4284 3534 4357 (5)
3553 4284 3604 4336 ἐν

1982 4368 2031 4427 D
2053 4379 2212 4432 αὐτῆ.

471 4436 556 4493 17.
583 4436 844 4496 Gaudebit
870 4443 922 4496 in
947 4442 1175 4502 Domino
1212 4447 1264 4502 in
1289 4457 1570 4505 aeternum.
1982 4381 2024 4427 υ

1982 4381 2031 4427 υ
2053 4381 2154 4432 αὐτ
2199 4416 2212 4430 .

2121 4381 2208 4522 l2.
2242 4468 2552 4538 Χαρήσεται
2582 4469 2675 4522 ἐπὶ
2705 4468 2781 4538 τῷ
2802 4469 2986 4540 Κυρίῳ
3012 4467 3209 4532 ὰῖδίως.

465 4529 551 4584 18.
581 4529 638 4585 1η
665 4532 883 4602 judiciis
908 4537 1045 4606 ejus.

2122 4557 2208 4610 18.
2227 4558 2313 4610 Ἐν
2341 4562 2452 4623 τοῖς
2485 4559 2844 4632 δικαιώμασιν
2880 4559 3061 4614 αὐτοῦ.

467 4621 554 4675 19.
585 4621 772 4680 Omnis
799 4626 968 4682 virtus
997 4644 1134 4695 mea,
1165 4631 1356 4702 inquit.

2119 4648 2205 4702 49.
2243 4621 2457 4720 naui)
2490 4650 2639 4720 ἰσχύς
2670 4621 2792 4721 llos,
2825 4651 2990 4720 λέγει.

396 4800 408 4812 υ
463 4710 554 4766 20.
585 4711 849 4813 Humilem
873 4721 1054 4786 corde,
1085 4722 1278 4793 inquit,
1311 4723 1545 4794 eripiens
1588 4739 1620 4778 a
1658 4726 1939 4796 spiritibus

2113 4738 2200 4792 eo.
2236 4739 2338 4791 Τὸν
2365 4710 2576 4810 mea;
2612 4710 2682 4811 ἑῇ
2728 4710 2940 4813 mea},
2966 4742 3198 4810 διαλέγει
3225 4740 3320 4812 (6).
3355 4740 3606 4812 ῥυόμενος

394 4801 707 4903 ἱίιιῖῐξυηθίεῖ
750 4899 762 4903 _
826 4899 838 4903 Δ
877 4901 889 4903 _
983 4902 990 4903 ί
2049 4829 2154 4883 ἀπὸ
2178 4827 2286 4881 τῶν
2314 4801 3012 4903 ἀκαθάσρτώνῖιτνευμάτών.

465 4894 552 4950 21.
581 4897 662 4996 ab
691 4897 922 4956 inimicis
944 4902 1244 4961 visibilibus
1273 4914 1326 4961 et
1356 4907 1715 4967 invisibilibus
1739 4912 1933 4972 liberat

2111 4921 2200 4975 21.
2219 4921 2313 4974 Ἐκ
2337 4922 2446 4976 τῶν
2475 4894 2685 4994 όρατῶν
2712 4894 3070 4996 καὶ-ἀοράτων
3090 4922 3299 4994 ἐχθρῶν
3322 4925 3508 4995 ῥύεται
3530 4920 3604 4991 (7)

391 4998 506 5051 eos,
530 4993 582 5042 et
602 4989 654 5041 in
681 4992 952 5059 przesenti,
980 5002 1032 5048 et
1066 4993 1118 5048 in
1143 4993 1327 5052 futuro
1361 4999 1580 5054 saeculo.

2045 5012 2259 5076 αὐτοὺς,
2291 5013 2384 5065 καὶ
2412 5013 2469 5066 ὲν
2603 5015 2718 5082 νῦν,
2749 5017 2842 5070 καὶ
2863 4989 2920 5071 ὲν
2941 5016 3017 5087 τῷ
3046 4989 3294 5087 μέλ-λοντι
3322 4989 3497 5069 αἰῶνι.

1325 5173 1630 5243 Addenda
1659 5186 1719 5242 et
1760 5183 2134 5264 corrigenda
2171 5214 2250 5259 ex
2281 5202 2421 5262 cod.
2455 5198 2653 5260 Vatic.

671 5417 733 5452 ου
760 5417 875 5455 σου·
2113 5417 2188 5498 (65
2226 5417 2404 5491 Λὲκὲειῖ

476 5324 875 5463 mg:
2113 5360 2618 5463 saeuam-1

476 5464 530 5534 ὅ)

481 5532 530 5575 M
557 5534 817 5575 Ίζρηηῧηρ..

2113 5464 2188 5498 κυ,
2226 5464 2404 5491 ιητει.

2113 5502 2189 5575 (7)
2213 5503 2475 5561 Ῥύσεται.

456 5499 530 5590 lii
557 5499 837 5607 ’ἕξφῖῐῡρη
