3934 6218
312 280 420 334 777
1173 270 1285 335 "DE
1317 279 1593 338 TlTULlS
1630 275 2078 336 PSALMORUM.
2109 302 2180 317 --
2218 275 2414 335 PSAL.
2455 275 2690 334 XXXIV.
3458 277 3562 335 778

384 394 478 448 22.
508 393 863 457 Ἀναστάντες
882 408 977 464 μοι
1006 393 1280 468 μάρτυρες
1298 395 1498 462 ἄδικοι,
1523 395 1561 450 ἃ
1581 394 1681 449 οὐκ
1704 393 1892 464 ἐγίνω-
1921 411 1937 456 Α

2063 390 2156 444 22.
2191 389 2486 461 Surgentes
2515 389 2651 445 mihi
2679 397 2845 447 testes
2864 388 3058 460 iniqui,
3076 404 3201 460 qua:
3222 389 3563 462 ignorabam,

319 498 470 545 σκον,
501 481 731 552 ἠρώτων
774 498 841 552 με
863 498 877 512 ·

2003 481 2407 551 interrogabant
2440 496 2527 536 me
2553 500 2567 536 :

387 574 476 627 25.
509 574 949 628 Ἀνταπεδίδοσάν
984 592 1074 646 μοι
1106 568 1318 648 πονηρὰ
1345 577 1465 630 ἀντὶ
1491 575 1729 646 ἀγαθῶνο

1713 589 1729 606 ο
2071 572 2162 628 25.
2189 573 2576 629 Retribuebant
2605 571 2738 627 mibi
2763 571 2901 626 mala
2930 586 3030 642 pro
3058 571 3219 629 bonis
3244 591 3260 640 ;

389 665 479 719 24.
521 666 632 719 Καὶ
661 666 917 722 ἀτεκνίαν
942 670 1009 738 τῇ
1037 666 1182 738 ψυχῇ
1213 683 1338 735 μου.

2070 666 2162 721 24.
2202 664 2269 720 Ει
2296 666 2635 721 sterilitatem
2665 666 2864 720 anima:
2886 680 3040 721 meae.

390 758 481 812 25.
515 756 657 826 Ἐγὼ
689 757 747 810 δὲ
776 758 836 810 ἐν
866 756 945 829 τῷ
965 759 1162 822 αὐτοὺς
1185 755 1535 830 παρενοχλεῖν
1558 775 1668 830 μοι,
1690 756 1898 812 ἐνεδυόα

2073 755 2162 811 25.
2195 756 2303 828 Ego
2343 766 2548 821 autem,
2590 772 2716 813 cum
2768 757 2873 827 ipsi
2917 756 3132 813 molesti
3180 767 3367 814 essent
3413 759 3571 830 mihi,

324 867 432 923 μην
467 849 671 905 σάκκον
692 865 706 879 ·

2001 843 2266 903 induebar
2293 844 2471 901 cilicio
2502 865 2517 900 :

387 943 478 997 26.
517 942 628 996 Καὶ
654 941 971 997 ἐταπείνουν
1000 942 1057 996 ἐν
1084 941 1307 1014 νηστείᾳ
1327 942 1425 1014 τὴν
1447 940 1626 1013 ψυχήν
1655 958 1756 1012 μου
1774 957 1788 971 ·

2074 935 2163 990 26.
2200 937 2268 991 Et
2289 936 2642 993 humiliabam
2666 938 2721 993 in
2746 938 2959 1010 jejunio
2980 941 3220 996 animam
3246 956 3424 999 meam
3449 962 3466 1001 :

392 1033 483 1086 27.
522 1034 633 1088 Καὶ
663 1034 697 1104 ἡ
733 1035 1004 1105 προσευχὴ
1039 1051 1140 1105 μου
1173 1035 1253 1098 είς
1282 1033 1480 1088 κόλπον
1507 1051 1609 1105 μου
1629 1034 1902 1104 ἀποστρα-

1860 1049 1902 1086 ι-
2071 1027 2159 1083 27.
2186 1025 2252 1082 Ει
2274 1028 2451 1083 oratio
2477 1044 2597 1085 mea
2626 1030 2683 1084 in
2721 1030 2843 1086 sinu
2880 1046 3003 1087 meo
3042 1040 3413 1092 convertetur.

324 1126 582 1197 φήσεται.

395 1218 483 1272 28.
515 1217 602 1282 Ὠς
632 1217 879 1289 πλησίον,
912 1219 987 1283 ὡς
1030 1217 1243 1290 ἀδελφῷ
1277 1218 1551 1292 ἡμετέρῳ,
1592 1216 1765 1281 οὕτως
1807 1217 1901 1270 εὐ-

2078 1214 2166 1269 28.
2202 1216 2368 1283 Quasi
2386 1217 2659 1288 proximo,
2693 1221 2851 1290 quasi
2881 1220 3037 1277 fratri
3066 1233 3279 1293 nostro,
3311 1226 3394 1284 sic
3421 1241 3573 1285 com-

323 1307 606 1382 ηρέστουν·

2009 1306 2285 1377 placebam
2313 1327 2327 1364 :

396 1398 487 1454 29.
515 1399 602 1463 Ὦς
633 1399 847 1455 πενθῶν
873 1401 985 1456 ’καὶ
1037 1402 1447 1473 σκυθρωπάζων
1482 1402 1653 1467 οὓτως
1691 1407 1906 1457 ἐταπει-

2077 1397 2167 1454 29.
2189 1399 2359 1466 Quasi
2386 1400 2577 1473 lugens
2602 1412 2656 1459 et
2680 1406 3061 1474 contristatus,
3100 1408 3186 1464 sic
3227 1410 3575 1469 humiliabar.

329 1508 421 1545 νου
429 1508 558 1562 μην.

398 1582 487 1638 50.
530 1585 641 1637 Καὶ
668 1585 791 1639 κατ’
823 1584 957 1657 ἐμοῦ
986 1586 1390 1659 εὐφράνθησανι,
1423 1588 1520 1642 καὶ
1540 1587 1901 1659 συνήχθησανθ

2084 1584 2170 1640 50.
2204 1586 2270 1643 Et
2296 1588 2584 1647 adversum
2612 1609 2699 1649 me
2724 1596 2887 1652 laetati
2910 1611 3058 1664 sunt,
3095 1610 3149 1655 et
3167 1616 3577 1661 convenerunt:

398 1674 487 1728 3i.
530 1674 881 1748 Συνήχθησαν
906 1679 992 1730 ἐπ’
1014 1679 1114 1749 ἐμὲ
1143 1679 1425 1749 μάστιγες,
1461 1682 1555 1734 καὶ
1586 1681 1688 1734 οὐκ
1713 1680 1903 1751 ἔγνων.
1937 1760 1951 1814 1

2080 1674 2167 1778 σι.
2203 1676 2544 1751 Congregata
2579 1694 2709 1740 sunt
2748 1702 2913 1757 super
2948 1706 3035 1745 me
3071 1691 3301 1763 ﬂagella,
3334 1706 3389 1751 et
3427 1699 3577 1769 igno-

2024 1780 2141 1814 mn-

2008 1780 2141 1821 l‘ﬂV'l.

404 1853 494 1909 32.
535 1854 949 1927 Διεσχίσθησαν,
984 1857 1079 1910 καὶ
1108 1858 1168 1910 οὐ
1204 1858 1616 1931 κατενύγησαν·

1602 1876 1616 1890 -
2082 1859 2170 1913 '52.
2199 1859 2454 1934 Dissipati
2485 1875 2635 1932 sunt,
2661 1883 2762 1924 nec
2791 1876 3101 1942 vompuncti
3136 1894 3150 1932 :

397 1945 485 2001 55.
517 1947 845 2017 Ἐπείρασάν
862 1965 951 2020 με,
969 1948 1405 2022 ἐξεμυκτήρισάν
1429 1968 1497 2023 με
1518 1954 1909 2024 μυκτηρισμῷ.

2083 1949 2171 2004 53.
2201 1949 2569 2009 Tentaverunt
2602 1971 2709 2024 me,
2738 1958 3212 2018 subsannaverunt
3241 1981 3327 2022 me
3359 1968 3579 2027 subsano

2014 2041 2251 2098 natione.

401 2123 782 2195 54.Ἔ6ρυξαν
810 2126 898 2179 ἐπ’
932 2126 1033 2198 ἐμὲ
1059 2126 1186 2192 τοὺς
1213 2127 1431 2194 ὀδόντας
1462 2129 1659 2183 αὐτῶν.

2079 2133 2169 2188 54.
2197 2134 2576 2197 Frenduerunt
2605 2158 2769 2215 super
2796 2162 2882 2202 me
2916 2148 3171 2208 dentibus
3199 2154 3334 2210 suis.

405 2212 495 2267 55.
536 2214 732 2286 Κύριε,
768 2215 898 2285 πότε
926 2216 1140 2289 ἐπόψῃς

2082 2223 2171 2279 55.
2206 2225 2457 2297 Domine,
2487 2212 2708 2303 quando
2741 2238 3001 2308 respicies
3030 2241 3053 2295 2

405 2298 495 2356 '56.
522 2302 997 2378 Ἀποκατάστησον
1044 2307 1143 2378 τὴν
1186 2307 1365 2381 ψυχήν
1400 2326 1501 2381 μου
1536 2310 1643 2364 ἀπὸ
1676 2310 1778 2382 τῆς
1808 2328 1913 2366 -κα-

2076 2314 2169 2369 56.
2204 2315 2451 2378 Restilue
2502 2298 2739 2382 animam
2791 2298 2968 2386 meam
3016 2348 3046 2387 a
3098 2336 3435 2408 malignitate
3487 2354 3583 2396 eo-

338 2394 597 2472 ιωυργίας
629 2396 813 2451 αὐτῶν
832 2413 847 2428 ·

629 2396 813 2451 αὐτῶν
832 2413 847 2428 ·
2013 2421 2131 2460 rum
2160 2426 2172 2463 :

1445 2552 1820 2616 ATllANASll
1862 2550 2449 2626 INTEltPRE‘l‘ATIO.

406 2704 500 2768 22.
514 2713 869 2779 Ἀναστάντες
916 2713 1165 2786 λογισμοὶ
1209 2716 1267 2768 ἐν
1310 2717 1379 2787 τῇ
1428 2714 1629 2788 καρδίᾳ
1662 2733 1783 2789 μου,
1818 2716 1918 2781 τὰς

2092 2720 2178 2776 22.
2210 2721 2505 2796 Surgenles
2542 2732 2899 2803 cegitationes
2946 2738 2997 2792 in
3041 2738 3204 2796 corde
3246 2759 3386 2812 meo,
3431 2748 3584 2805 volu-

344 2803 528 2874 ἡδονάς
556 2804 650 2859 τοῦ
681 2804 820 2876 βίου,
846 2805 913 2871 ἃς
940 2807 1038 2860 οὐκ
1066 2807 1276 2878 ἤθελον,
1313 2806 1562 2863 ἐνέϐαλόν
1592 2825 1702 2880 μοι.

2024 2821 2197 2882 plates
2218 2816 2360 2881 vitae,
2393 2834 2532 2889 quas
2557 2824 2829 2893 nolebam,
2864 2828 3168 2899 injecerunt
3189 2834 3343 2890 mihi.

404 2898 495 2963 25,
528 2897 618 2953 25.
666 2898 777 2951 Καὶ
822 2898 884 2952 τὸ
932 2899 1141 2972 σπαρέν
1173 2916 1262 2972 μοι
1293 2898 1446 2973 παρὰ
1485 2900 1578 2955 τοῦ
1607 2901 1813 2972 Κυρίου
1841 2904 1916 2974 (1)

2091 2904 2181 3002 25,
2213 2904 2302 2960 24.
2335 2907 2490 2974 Quod
2521 2921 2640 2968 erat
2676 2914 2728 2970 in
2762 2932 2849 2972 me
2888 2897 3066 2975 satum
3096 2938 3124 2977 a
3160 2922 3417 2996 Domino,
3453 2946 3584 3002 sup-

341 2988 664 3060 ἐλάμϐανον,
733 2990 802 3044 τά
846 2990 904 3044 δέ
946 2991 1151 3045 ἑαυτῶν
1196 2992 1482 3048 ὑπετίθουν
1537 3010 1638 3063 μου
1679 2993 1774 3065 (2),
1826 3012 1894 3050 κα

2173 2997 2217 3053 is
2256 3000 2391 3055 mihi
2431 3003 2566 3071 suis,
2608 3006 2969 3077 abstulerunt,
3016 2988 3422 3092 eﬂ'cceruntque
3463 2988 3587 3080 ani~
3666 3056 3669 3059 λ
3722 3041 3726 3047 ‘

340 3081 582 3153 ἄκαρπον
608 3080 825 3134 ἐποίουν
848 3082 946 3153 τὴν
970 3081 1146 3153 ψυχήν
1178 3099 1303 3154 μου.

1261 3099 1303 3139 ›,
1946 3080 1987 3100 ν
2022 3101 2166 3141 mam
2197 3104 2370 3145 meam
2402 3093 2814 3154 infructiferam.

407 3174 499 3238 25,
533 3173 625 3229 26.
659 3172 803 3242 Ἐγὼ
839 3172 918 3237 δὲ,
955 3176 1012 3227 ἐν
1041 3173 1120 3246 τῷ
1153 3176 1279 3269 τοὺς
1312 3175 1594 3247 ἀκάρπους
1624 3174 1913 3249 λογισμούς

2091 3178 2185 3241 25,
2210 3180 2298 3235 26.
2326 3182 2439 3254 Ego
2479 3195 2683 3255 autem,
2717 3206 2841 3246 cum
2886 3195 3099 3251 steriles
3144 3199 3503 3269 cogitationes
3531 3204 3587 3257 in

344 3264 402 3334 τῇ
455 3263 653 3335 καρδίᾳ
705 3279 804 3333 μου
852 3260 1131 3333 ἐπιμένειν
1184 3257 1282 3335 (5),
1332 3263 1592 3317 ἐπένθουν
1641 3264 1783 3335 μετὰ
1824 3266 1897 3319 δα

2038 3276 2183 3332 :orde
2215 3292 2335 3332 meo
2358 3293 2761 3350 permanerent,
2796 3286 3048 3357 lugebam
3081 3304 3202 3344 cum
3244 3288 3499 3365 lacrymis
3535 3306 3591 3352 et

342 3355 522 3427 ιιρύων
566 3355 663 3408 καὶ
716 3354 980 3426 νηστειῶν
1027 3354 1481 3426 προσευχόμενος,
1508 3356 1562 3410 εἴ
1586 3372 1701 3419 πως
1727 3357 1757 3409 ὁ
1786 3355 1895 3410 Θεὺ.

2043 3370 2244 3441 ejuniis
2271 3388 2458 3443 orans,
2478 3377 2522 3431 si
2554 3380 2774 3448 quando
2815 3380 2958 3438 Deus
2992 3386 3332 3456 compatiens
3360 3389 3590 3448 misere-

341 3446 705 3517 συμπαθήσας
734 3445 946 3518 ἐλεήσει
984 3461 1071 3516 με.

768 3445 946 3518 λεήσει
984 3461 1071 3516 με.
2020 3472 2172 3519 retur
2196 3466 2321 3521 mei.

410 3538 501 3592 27.
536 3539 648 3593 Καὶ
690 3541 724 3609 ἡ
770 3538 986 3611 αἴτησις
1021 3557 1122 3611 μου
1150 3539 1567 3595 είσακουσθεῖσα
1595 3542 1812 3613 ποιήσει
1849 3554 1916 3613 με

2091 3556 2179 3611 27.
2215 3556 2281 3612 Et
2310 3558 2497 3628 petitio
2536 3574 2655 3616 mea
2695 3563 2948 3619 exaudita
2997 3562 3160 3623 faciet
3194 3584 3282 3624 me
3310 3571 3594 3645 concipere

342 3632 623 3687 συλλαϐεῖν
652 3632 791 3702 ἔργα
824 3631 1188 3705 δικαιοσύνης.

910 3631 1188 3705 ναιοσύνης.
2024 3648 2188 3719 o'pcra
2212 3648 2463 3717 iustitiae.

409 3722 501 3789 28,
531 3724 622 3780 29.
656 3724 746 3789 Ὠς
785 3723 908 3778 τινὰ
956 3724 1063 3779 τῶν
1107 3723 1276 3793 φίλων
1309 3741 1430 3794 μου,
1461 3723 1495 3794 ἢ
1527 3722 1636 3776 τῶν
1674 3721 1915 3792 ἀδελφῶν

2059 3714 2300 3804 128,29.
2332 3736 2509 3794 Veluti
2556 3739 2790 3810 aliquem
2833 3714 2900 3796 ei
2951 3743 3143 3801 amicis
3189 3749 3360 3817 meis,
3407 3750 3493 3806 vel
3523 3766 3591 3807 ex

345 3833 443 3888 μου
475 3815 708 3883 πενθῶν,
744 3815 917 3881 οὕτως
942 3816 1178 3889 ἐμαυτὸν
1212 3815 1470 3871 ἐπένθουν
1498 3814 1586 3868 διὰ
1613 3815 1711 3887 τὴν
1736 3814 1898 3868 οἰκοῦ-

2039 3827 2285 3885 :‘ratribus
2312 3830 2446 3885 meis
2478 3830 2721 3900 plorans,
2751 3831 2825 3886 ita
2867 3847 2955 3887 me
2983 3835 3327 3903 deplorabam
3347 3814 3353 3817 ⁷
3374 3820 3592 3909 propter

343 3924 442 3961 σαν
488 3909 563 3979 (4)
611 3909 668 3961 ἐν
714 3908 838 3980 ἐμοὶ
903 3908 1198 3980 ἁμαρτίαν,
1226 3907 1321 3961 καὶ
1362 3906 1534 3971 οὕτως
1563 3906 1650 3960 διὰ
1686 3905 1795 3959 τῶν
1824 3906 1896 3959 δα-

2046 3920 2336 3976 nhabitans
2375 3919 2429 3974 in
2476 3932 2563 3975 me
2600 3930 2907 3991 peccatum,
2942 3932 2992 3978 et
3035 3925 3109 3980 ita
3154 3905 3410 3998 lacrymi's
3456 3905 3594 3986 meis

343 4002 524 4074 κρύων
550 4018 652 4073 μου
681 4000 1026 4073 εὐηρέστουν.

895 4018 1026 4055 τουν.
2025 4012 2448 4081 complacebam.

412 4092 502 4149 30.
521 4093 749 4147 Ἐκεῖνοι
783 4092 861 4159 δὲ,
896 4093 971 4158 ὡς
1000 4088 1138 4147 εἶδόν
1166 4109 1234 4163 με
1265 4091 1582 4156 πενθοῦντα,
1626 4090 1921 4162 συναχθέν.

2094 4097 2181 4153 '50.
2212 4097 2291 4153 llli
2333 4109 2512 4155 autem
2560 4111 2620 4156 ut
2656 4113 2744 4158 me
2779 4112 3078 4174 gementem
3120 4105 3391 4177 viderunt,
3427 4111 3591 4167 simul

343 4203 432 4252 τες
445 4187 825 4259 εὐφραίνονται
839 4184 1273 4260 [εὐφράνθησαν]
1297 4186 1374 4257 (5)
1405 4186 1498 4238 ἐπὶ
1511 4187 1576 4256 τῇ
1597 4184 1770 4254 θλίψει
1791 4202 1892 4255 μου

1757 4202 1915 4255 ιμου.
2024 4191 2336 4262 congregati
2370 4192 2529 4247 laetati
2554 4203 2681 4249 sunt
2706 4195 2761 4250 in
2793 4195 3145 4255 tribulatione
3167 4215 3307 4257 mea.

412 4279 502 4334 5|.
552 4279 932 4350 Συναχθέντων
982 4279 1162 4333 αὐτῶν
1213 4277 1298 4331 ἐπ’
1329 4279 1431 4349 ἐμὲ
1456 4317 1472 4342 ,
1517 4277 1693 4331 οὐδενὶ
1740 4274 1919 4331 αὐτῶν

2094 4284 2183 4339 5t.
2219 4283 2574 4357 Congregatis
2603 4285 2736 4353 ipsis
2779 4288 2834 4343 in
2868 4304 2976 4356 me,
3011 4289 3146 4346 nulli
3178 4307 3370 4349 eorum
3415 4296 3595 4352 adhae-

347 4369 548 4424 ἐκολλώ
554 4387 682 4441 μην.
1335 4440 1341 4448 _

676 4411 682 4424 .
1335 4440 1341 4448 _
1951 4401 1995 4456 υ
2025 4376 2229 4430 rebam.

413 4463 501 4518 32.
540 4464 874 4519 Ἀπέκοπτον
923 4465 1121 4528 αὐτοὺς
1174 4467 1239 4520 ἐκ
1270 4464 1368 4537 τῆς
1401 4463 1629 4536 καρδίας
1670 4475 1771 4535 μου
1821 4461 1918 4535 (6),

2094 4462 2181 4521 '52.
2212 4464 2609 4521 Abscindebam
2646 4480 2740 4522 eos
2762 4478 2828 4523 ex
2861 4470 3026 4526 corde
3062 4486 3208 4540 meo,
3232 4483 3286 4528 et
3313 4482 3385 4528 Ita
3416 4477 3597 4531 neuti-

347 4557 440 4610 καὶ
469 4556 623 4610 οὐδὲν
655 4556 827 4621 οὕτως
857 4556 1145 4610 ἐπαύοντο.

2024 4573 2189 4628 quam
2224 4557 2597 4627 quiescebant.
3326 4606 3330 4609 _

414 4644 841 4717 55.Ἐπείραζόν
871 4660 938 4717 με
965 4644 1060 4716 (7),
1108 4643 1202 4698 καὶ
1238 4643 1566 4709 κατέπαιζον
1612 4643 1711 4714 τῆς
1755 4641 1917 4697 ἀσθε-

2094 4650 2182 4705 55.
2226 4649 2531 4706 Tentabant
2591 4664 2698 4718 me,
2757 4660 2811 4706 et
2870 4651 3169 4711 irridebant
3221 4655 3594 4717 inﬁrmitatem

346 4737 492 4803 νείας
532 4755 655 4810 μου.

2026 4759 2225 4799 meam.

415 4828 504 4895 34,
523 4829 613 4885 35.
628 4826 929 4902 Βρύχοντες
945 4827 1046 4883 ἀπ’
1072 4826 1221 4898 ἐμοῦ
1248 4827 1360 4900 [ἐπ’
1376 4824 1496 4899 ἐμὲ]
1517 4826 1591 4898 (8)
1605 4825 1743 4919 τοὺ-ς
1754 4824 1923 4919 ὀδόν-

2099 4833 2189 4900 54,
2218 4833 2306 4889 55.
2341 4833 2686 4891 Frendebant
2728 4854 2883 4909 super
2922 4854 3005 4896 me
3037 4841 3280 4899 dentibus
3321 4847 3453 4916 suis,
3497 4862 3599 4919 ego

347 4936 452 4987 τας
478 4918 710 4975 αὐτῶν·
766 4918 878 4988 ἐγὼ
920 4918 977 4971 δὲ
1019 4918 1237 4989 ἔλεγονδ
1272 4919 1446 4988 Κύριε
1490 4916 1589 4989 (9),
1635 4916 1779 4969 πότε
1817 4914 1900 4967 ἐπ

1817 4914 1923 4967 ἐπ·
2033 4934 2213 4981 autem
2244 4925 2486 4981 dicebam
2521 4944 2535 4980 ς
2562 4925 2799 4994 Domine,
2841 4932 3048 5002 quando
3071 4935 3309 5006 respicies
3337 4936 3363 4989 .’

418 5103 508 5160 36.
542 5103 832 5178 Λύτρωσαι
860 5102 973 5172 τὴν
997 5101 1210 5173 ψυχήν
1233 5120 1353 5172 μου
1387 5102 1504 5157 ἀπὸ
1527 5101 1636 5170 τῆς
1672 5118 1921 5169 κακουρ-

2043 5200 2044 5203 η
2102 5127 2191 5183 36.
2220 5126 2415 5184 Libera
2459 5129 2694 5185 animam
2732 5148 2909 5188 meam
2961 5151 2993 5190 a
3036 5137 3361 5207 malignitate
3394 5155 3596 5201 eorum.

347 5195 479 5265 τίας
513 5196 733 5253 αὐτῶν.

1303 5286 1607 5349 Addenda
1639 5293 1701 5348 et
1746 5284 2122 5367 corrigenda
2153 5302 2229 5346 ex
2277 5283 2412 5346 cod.
2452 5284 2651 5347 Vatic.

419 5416 496 5490 (ί)
533 5416 687 5490 Θεοῦ.
2093 5397 2179 5480 (6)
2196 5406 2284 5462 Ἐν
2310 5410 2375 5479 τῇ
2406 5407 2604 5481 καρδίᾳ
2642 5423 2763 5480 μου,
2798 5411 2891 5465 καὶ
2914 5410 3034 5465 οὐδὲ
3074 5410 3248 5478 οὕτως
3289 5414 3392 5471 οὐκ
3433 5415 3573 5475 tam;

419 5419 465 5490 (Ι
533 5419 687 5472 Θεοῦ.
2093 5419 2171 5480 (ti)
2197 5419 2284 5462 Ἑν
2310 5419 2375 5479 τῇ
2406 5419 2565 5479 καρδί

418 5419 829 5629 ίὲ)’1ὲ1τῖίμένειν
854 5559 913 5609 ἐν
944 5557 1010 5627 τῇ
1044 5553 1241 5627 καρδίᾳ
1267 5568 1390 5626 μου.
1812 5619 1817 5629 ί
1852 5601 1862 5609 ,
2021 5498 2170 5629 WE.)
2210 5548 2294 5629 bis
2322 5547 2423 5629 ἐτι,
2455 5547 2569 5629 καί.

420 5619 498 5695 μ’)
528 5619 886 5681 Ἐνοίκοῦσαν.
983 5619 1009 5627 ”
1119 5619 1131 5627 ’
1214 5619 1226 5627 ’
1268 5619 1280 5626 ’
1701 5648 1707 5659 ·
1812 5619 1865 5679 ‘2.
2092 5619 2170 5695 (8)
2207 5620 2342 5695 ἥατ’
2373 5619 2527 5695 ἐμοῦ.

419 5688 499 5768 (5)
536 5697 916 5768 Εὑφραίνοντο.
2089 5688 2167 5762 (υ)
2206 5689 2399 5761 Κύριε,
2420 5688 2657 5759 πρόσχες
2689 5703 2803 5760 μοι.

585 5791 858 5854 Panos.
890 5792 1004 5852 Gn.
1045 5789 1092 5850 X
1107 5786 1306 5851 XVII.

2284 5840 2288 5843 Α
3270 5789 3352 5849 25
