3934 6218
439 286 506 342 ’ἲ9
1208 285 1262 338 S.
1307 283 1858 342 ATHANASHOPP.
1902 287 2082 342 PARS
2120 287 2206 342 111.
2249 319 2314 329 ——-
2353 283 2757 342 EXEGETICA.
3535 290 3632 345 780

468 397 557 452 57.
589 399 631 452 Α
662 398 910 454 leonibus
936 415 1152 454 unicam
1179 415 1375 454 meam.
1994 409 2021 464 Α

1994 409 2036 464 Α
2138 403 2226 457 57.
2259 402 2396 456 Ἀπὸ
2423 401 2647 454 λεόντων
2679 402 2775 471 τὴν
2809 402 3070 472 μονογενῆ
3101 420 3219 473 μου.

465 490 554 545 58.
586 489 894 546 Conﬁtebor
915 491 1010 546 tibi
1041 492 1094 544 in
1117 492 1348 548 ecclesia
1375 508 1570 563 magna
1597 533 1609 546 .

2140 494 2228 548 38.
2254 493 2739 562 Ἐξομολογήσομαί
2773 509 2854 544 σοι
2888 495 2945 544 ἐν
2971 495 3232 564 ἐκκλησίᾳ
3261 493 3453 565 πολλῇο

469 583 557 637 59.
582 581 637 636 1η
660 583 859 652 pepulo
887 583 1035 653 gravi
1061 582 1296 638 laudabo
1319 593 1391 640 te.

2139 585 2224 640 59.
2257 586 2342 637 Ἐν
2374 583 2487 655 λαῷ
2519 585 2674 654 βαρεῖ
2705 584 2904 638 αἰνέσω
2931 602 3009 640 σε.

469 677 556 729 40.
589 676 703 731 Non
755 677 1192 747 supergaudeant
1247 677 1402 742 milii,
1460 675 1553 746 qui
1612 675 1967 730 adversantur

2139 677 2226 731 40.
2269 676 2358 747 Μὴ
2391 677 2779 747 ἐπιχαρείησάν
2813 695 2903 748 μοι
2931 679 2978 730 οἰ
3012 677 3385 748 ἐχθραίνοντες
3412 695 3502 747 μοι
3525 677 3631 730 ἀδί-

399 767 534 823 mibi
563 768 747 839 inique
777 789 788 822 :

642 785 747 839 que
777 789 788 822 :
2068 786 2195 832 κως·

470 860 557 914 41.
588 860 691 925 Qui
718 861 949 915 oderunt
988 875 1074 914 me
1114 859 1281 931 gratis
1319 878 1332 926 ;
1383 867 1437 914 et
1475 867 1724 912 annuunt
1767 857 1961 912 oculis.

2134 861 2222 918 41.
2250 861 2310 914 Οἱ
2349 860 2625 931 μισοῦντές
2645 879 2710 932 με
2729 861 2954 930 δωρεὰν,
2972 860 3066 914 καὶ
3088 859 3418 926 διανευοντες
3438 860 3629 930 ὀφθαλ-

2071 967 2207 1019 μοις.

467 1037 555 1089 42.
588 1037 854 1103 Quoniam
891 1040 1022 1094 mihi
1048 1038 1266 1108 quidem
1302 1039 1525 1110 paeilicc
1555 1038 1916 1108 loquebantur
1947 1055 1960 1103 ;

1654 1038 1916 1091 uebantur
1947 1055 1960 1103 ;
2139 1041 2226 1096 42.
2245 1043 2364 1095 Ὅτι
2395 1043 2517 1113 ἐμοὶ
2556 1042 2653 1112 μέν
2678 1041 2926 1112 εἰρηνικά
2954 1039 3172 1094 ἐλάλουν
3196 1060 3207 1070 ·

469 1130 554 1182 45.
591 1128 655 1183 Ει
682 1132 734 1184 in
770 1132 1048 1186 iracundia
1079 1133 1236 1188 dolos
1269 1133 1596 1203 cogitabant.

2136 1129 2222 1183 45.
2267 1130 2375 1182 Καὶ
2408 1131 2492 1182 ἐπ’
2522 1130 2688 1202 ὀργὴν
2721 1130 2902 1193 δόλους
2926 1129 3295 1198 διελογίζοντο.

463 1221 551 1274 4-1.
595 1222 966 1278 Dilataverunt
1000 1239 1162 1294 super
1193 1241 1278 1279 me
1307 1241 1368 1279 os
1399 1239 1558 1279 suum
1597 1242 1609 1277 :

2134 1223 2220 1276 44.
2257 1222 2588 1276 Ἐπλάτυναν
2616 1224 2702 1274 ἐπ’
2727 1223 2827 1292 ἐμὲ
2858 1223 2918 1276 τὸ
2953 1224 3124 1293 στόμα
3148 1224 3326 1278 αὐτῶν
3345 1240 3357 1254 ⁸

467 1311 553 1364 45.
595 1311 876 1377 Dixerunt,
907 1330 1066 1383 euge,
1087 1331 1223 1385 euge
1261 1335 1273 1370 :
1307 1316 1560 1369 viderunt
1587 1314 1730 1368 oculi
1765 1313 1956 1368 nostri.

2131 1314 2220 1368 45.
2262 1310 2426 1368 Εἶπον
2446 1333 2458 1344 ·
2500 1310 2660 1382 Εὖγε,
2696 1311 2820 1383 εὖγε
2841 1333 2855 1346 ο
2890 1311 3026 1370 εἶδον
3051 1319 3098 1368 οἱ
3127 1316 3390 1387 ὀφθαλμοὶ
3416 1315 3586 1386 ἡμῶν.

467 1401 556 1454 46.
589 1401 804 1470 Vidisti,
829 1404 1077 1471 Domine,
1103 1423 1171 1461 ne
1200 1407 1361 1462 sileas
1397 1425 1408 1460 :

2129 1405 2224 1464 46.
2259 1401 2430 1471 Εἶδες,
2466 1407 2654 1478 Κύριε,
2687 1408 2760 1479 μὴ
2800 1411 3263 1480 παρασιωπήσῃς·

467 1495 552 1547 47.
587 1495 829 1562 Domine,
865 1515 932 1552 ne
961 1499 1208 1554 discedas
1234 1516 1261 1552 a
1292 1517 1395 1554 me.

2132 1498 2220 1552 47.
2264 1498 2455 1566 Κύριε,
2485 1499 2556 1569 μὴ
2588 1500 2828 1570 ἀποστῇς
2857 1501 2950 1553 ἀπ’
2980 1500 3133 1571 ἐμοῦ.

466 1589 552 1641 48.
587 1589 851 1661 Exsurge,
879 1589 1125 1655 Domine,
1162 1603 1214 1647 et
1236 1593 1452 1648 intende
1479 1592 1683 1661 judicio
1709 1607 1854 1654 meo,

2123 1592 2218 1672 ‘48.
2248 1589 2614 1662 Ἐξεγέρθητι,
2653 1591 2846 1664 Κύριε,
2864 1594 2957 1646 καὶ
2977 1594 3208 1665 πρόσχες
3223 1596 3287 1664 τῇ
3308 1594 3485 1665 κρίσει
3504 1613 3620 1665 μου,

464 1681 550 1734 49.
588 1681 728 1738 Deus
776 1699 951 1750 meus,
1003 1694 1056 1740 et
1109 1685 1372 1740 Dominus
1427 1701 1582 1740 meus
1627 1685 1685 1739 in
1738 1697 1956 1738 causam
1995 1753 2017 1758 _

2131 1682 2219 1736 49.
2245 1685 2302 1736 '0
2321 1683 2450 1747 Θεός
2473 1700 2598 1753 μου,
2633 1684 2726 1738 καὶ
2761 1687 2789 1736 ὁ
2839 1685 3042 1757 Κύριός
3092 1703 3193 1757 μου
3231 1689 3311 1748 εἰς
3345 1685 3445 1755 τὴν
3475 1685 3623 1758 δίκην

396 1791 592 1829 meam.

1991 1753 2033 1807 Β
2069 1792 2183 1844 μου.

467 1867 553 1922 50.
583 1866 773 1922 Jndica
802 1881 907 1928 me,
929 1863 1174 1929 Domine,
1195 1863 1491 1920 secundum
1507 1863 1957 1934 justitiamtuam,

2133 1868 2222 1925 50.
2259 1869 2459 1940 Κρῖνόν
2494 1886 2581 1940 με,
2618 1867 2813 1942 Κύριε,
2841 1870 2982 1924 κατά
3011 1871 3108 1940 τὴν
3139 1871 3484 1942 δικαιοσύνην
3516 1888 3624 1937 σου,

395 1955 621 2012 Domine
646 1957 786 2012 Deus
817 1970 992 2019 meus,
1017 1965 1070 2010 et
1089 1970 1193 2008 non
1226 1955 1654 2026 supergaudeant
1681 1955 1810 2008 mihi
1835 1972 1848 2007 :

1835 1972 1848 2007 :
2058 1961 2232 2032 Κύριε
2265 1964 2292 2014 ὁ
2324 1963 2454 2025 Θεός
2483 1979 2604 2032 μου,
2628 1964 2720 2016 καὶ
2745 1963 2817 2034 μὴ
2848 1964 3236 2034 ἐπιχαρείησάν
3274 1982 3380 2033 μοι.

466 2049 552 2102 51.
584 2045 702 2101 Non
722 2045 905 2100 dicant
938 2046 989 2098 in
1014 2045 1270 2100 cordibus
1301 2047 1416 2100 suis
1444 2065 1455 2100 :
1490 2045 1656 2117 Euge,
1691 2060 1825 2114 euge
1847 2044 1962 2098 ani-

2129 2054 2218 2106 51.
2267 2053 2341 2123 (α)
2391 2055 2482 2122 Μὴ
2530 2054 2777 2108 εῖποισαν
2821 2056 2880 2108 ἐν
2938 2055 3187 2125 καρδίαις
3218 2054 3429 2107 αὐτῶνο
3466 2049 3624 2122 Εὖγε,

393 2156 496 2194 mze
530 2149 731 2192 IIOSIFIB
767 2158 777 2190 ζ

2057 2141 2183 2213 εὖγε
2213 2148 2276 2216 τῇ
2302 2145 2446 2218 ψυχῇ
2477 2146 2663 2217 ἡμῶν·

461 2232 546 2285 52.
583 2230 691 2286 Nec
724 2231 909 2286 dicant
942 2249 953 2283 :
990 2230 1370 2286 devoravimus
1395 2244 1540 2295 eum,

2129 2237 2216 2291 52.
2253 2238 2402 2308 Μηδέ
2432 2239 2632 2292 εἴποιεν
2655 2255 2667 2268 ο
2695 2237 3037 2309 Κατεπίομεν
3069 2237 3248 2291 αὐτόν.

463 2324 548 2377 55.
585 2321 922 2376 Erubescant
956 2329 1010 2375 et
1042 2330 1390 2376 revereantur
1422 2320 1606 2387 simul,
1655 2318 1748 2388 qui
1777 2326 1959 2389 gratu-

2133 2328 2220 2382 55.
2256 2329 2678 2400 Αἰσχυνθείησαν
2707 2331 2800 2384 καὶ
2843 2329 3247 2401 ἐκτραπείησαν
3290 2327 3408 2400 ἅμα
3434 2329 3484 2382 οἰ
3516 2331 3629 2382 ἐπι-

392 2416 575 2468 lantur
608 2413 768 2468 malis
797 2414 932 2468 meis
969 2431 981 2465 :

2065 2418 2343 2489 χαίροντες
2370 2421 2482 2482 τοῖς
2509 2421 2698 2482 κακοῖς
2729 2436 2829 2490 μου
2850 2436 2862 2448 ·
3167 2429 3172 2436 “

461 2507 550 2561 54.
578 2506 875 2562 lnduantur
919 2505 1240 2562 conl‘u‘stone
1271 2512 1324 2560 et
1357 2503 1678 2569 reverentia,
1722 2502 1816 2574 qui
1847 2518 1959 2576 ma-

2135 2511 2221 2564 54.
2254 2510 2689 2566 Ἐνδυσάσθωσαν
2711 2513 2970 2583 αἰσχύνην
3000 2512 3094 2566 καὶ
3124 2510 3389 2584 ἐντροπὴν
3436 2512 3485 2564 οἱ
3539 2527 3631 2580 με·

391 2615 494 2670 gna
526 2599 820 2670 loquuntur
846 2614 1009 2668 super
1039 2613 1124 2651 me
1153 2617 1164 2651 :

2062 2598 2591 2671 γαλορῤημονοῦντες
2627 2603 2712 2655 ἐπ’
2740 2602 2855 2673 ἐμέ.

462 2689 550 2744 55.
585 2676 868 2745 Eksultent
915 2699 969 2743 et
1017 2689 1286 2751 lmtentur,
1323 2685 1418 2757 qui
1464 2685 1653 2742 volunt
1681 2686 1954 2757 justitiam

2133 2690 2220 2744 55.
2252 2692 2723 2762 Ἀγαλλιάσθωσαν
2755 2693 2852 2747 καὶ
2893 2693 3347 2765 εὐφρανθήτωσαν
3378 2693 3425 2745 οἰ
3455 2691 3631 2744 θέλον-

391 2797 568 2836 meam
599 2801 612 2835 :
2062 2799 2153 2846 τες
2181 2782 2277 2854 τὴν
2303 2785 2646 2857 δικαιοσύνην
2675 2804 2805 2859 μου·

463 2873 536 2942 (ο)
573 2870 634 2924 V.
673 2870 1266 2947 5|1_K'_.5_9te,_elc.,itoi
1290 2873 1338 2924 οἱ
1365 2871 1544 2943 ἐχθροί
1584 2889 1703 2942 μου.
1751 2868 1815 2924 V.
1866 2868 1954 2932 52,
1988 2869 2016 2920 ll

2076 2873 2140 2936 ,δὲ
2166 2873 2368 2930 εἴποιεν
2394 2878 2450 2929 ἐν
2480 2874 2677 2947 καρδίᾳ
2710 2873 2910 2940 αὐτῶν,
2953 2884 3056 2930 etc.
3108 2874 3174 2932 V.
3231 2874 3322 2938 55,
3355 2873 3508 2944 Μηδὲ
3555 2875 3629 2925 εῐο

391 2911 563 3004 ποίεν,
599 2952 703 2997 etc.
744 2941 806 2993 V.
841 2911 928 3006 54,
961 2911 1425 3012 ίὶίσχυξιίίείησανίΚ
1446 2911 1548 2997 eltc.

1520 3094 1885 3151 ATHANASII
1920 3084 2506 3151 INTERPRETATIO.

456 3249 545 3308 57.
581 3255 662 3307 Ab
704 3253 1032 3308 adversariis
1076 3254 1438 3323 potestatibus
1478 3252 1812 3323 rapientibus
1838 3250 1952 3306 ani-
1983 3270 2009 3330 ί

2133 3251 2219 3304 57.
2240 3249 2370 3304 Ἀπὸ
2404 3248 2510 3302 τῶν
2535 3248 2792 3302 ἐναντίων
2827 3249 3109 3320 δυνάμεων
3136 3247 3246 3302 τῶν
3279 3251 3630 3321 ἁρπαζόντων

386 3362 531 3400 mam
558 3361 730 3400 meam
764 3345 1085 3400 desolatam.

2059 3343 2155 3414 τὴν
2187 3343 2362 3414 ψυχήν
2391 3359 2490 3413 μου
2523 3342 2620 3412 τὴν
2663 3341 3052 3414 μεμονωμένην
3077 3343 3173 3413 (1).

457 3438 718 3491 58.1ηιοι·
763 3443 984 3491 sanctos
1035 3445 1158 3490 tuos
1198 3433 1436 3489 narrabo
1485 3433 1767 3500 auxilium,
1811 3433 1958 3503 quod

2128 3435 2216 3490 58.
2246 3435 2368 3487 Ἐπὶ
2399 3433 2506 3486 τῶν
2531 3433 2700 3500 ἁγίων
2729 3450 2822 3486 σου
2850 3433 3180 3504 διηγήσομαι
3213 3433 3309 3504 τὴν
3351 3436 3502 3506 παρά
3537 3437 3627 3490 σοῦ

386 3528 522 3581 mihi
553 3544 582 3580 a
611 3536 660 3581 te
691 3525 915 3580 allatum
945 3533 1047 3580 est.

2062 3542 2150 3595 μοι
2175 3525 2542 3594 γεγενημένην
2568 3523 2642 3593 (2)
2674 3523 2945 3594 βοήθειαν.

456 3620 543 3673 59.
573 3618 638 3672 Et
670 3620 727 3673 in
750 3617 950 3688 populo
972 3617 1145 3672 multo
1167 3616 1401 3671 laudabo
1425 3626 1499 3671 te.

2129 3618 2216 3672 59.
2254 3617 2363 3670 Καὶ
2391 3616 2482 3670 ἐπ).
2513 3614 2641 3668 λαοῦ
2675 3615 2871 3669 πολλοῦ
2905 3615 3102 3670 αἰνέσω
3143 3634 3221 3669 σε.

447 3709 538 3773 40,
566 3709 655 3764 41.
689 3709 1000 3780 lmportune
1024 3721 1114 3764 me
1145 3708 1272 3763 odio
1297 3708 1578 3774 habentes,
1613 3719 1666 3763 et
1691 3708 1958 3764 meditan~

2127 3706 2217 3772 40,
2248 3707 2336 3760 41.
2368 3708 2431 3760 Οἱ
2457 3706 2738 3777 μισοῦντές
2763 3723 2829 3776 με
2861 3707 3104 3776 ἀκαίρως
3129 3705 3222 3758 καὶ
3255 3704 3630 3776 βουλευόμενοι

389 3811 469 3857 tes
498 3818 581 3857 me
605 3801 782 3856 interii
792 3817 933 3856 cere.

832 3817 933 3856 ere.
2056 3799 2261 3853 ἀνελεῖν
2297 3816 2385 3869 με.

454 3890 543 3956 42,
579 3891 669 3945 45.
698 3889 878 3946 Veluti
932 3890 1342 3946 mussitationes
1388 3891 1604 3960 pietatis
1659 3893 1956 3948 subeuntes

2126 3892 2217 3956 42,
2249 3891 2444 3955 45.⁹Ως
2497 3890 2800 3962 γογγυσμο).
2825 3890 2902 3962 (5)
2952 3890 3265 3954 θεοσεϐείας
3315 3893 3631 3966 ὕπεισερχό-

386 3985 665 4039 tentabant
686 4000 773 4039 me
800 3985 1080 4039 devorare.

2059 4001 2209 4055 μενοι
2233 3984 2547 4055 ἐπεχείρουν
2579 3987 2916 4052 καταφαγεῖν
2947 4000 3033 4052 με.

454 4076 540 4130 44.
571 4074 898 4142 Quaerebam
927 4092 1013 4129 me
1042 4075 1327 4145 deglutire.

2126 4076 2216 4130 44.
2252 4077 2554 4129 Καταπιείν
2583 4093 2649 4146 με
2680 4073 2924 4146 ἐζήτουν.

453 4169 543 4222 45.
577 4159 851 4239 Ει,ᾱίοιιιιι
886 4186 899 4222 :
932 4168 1014 4222 ΑΙι
1045 4169 1058 4221 !
1101 4169 1200 4222 ab!
1233 4167 1512 4224 cadentem
1538 4182 1660 4222 eum
1684 4168 1950 4224 videmus.

2126 4167 2214 4221 45.
2249 4168 2358 4220 Καὶ
2385 4166 2630 4235 λέγουσι’
2661 4167 2769 4218 Ναὶ
2795 4167 2883 4220 ναὶ
2907 4166 3122 4237 ὁρῶμεν
3152 4169 3312 4224 αὐτὸν
3343 4169 3627 4224 πίπτοντα.

454 4260 545 4323 46,
575 4259 661 4312 47.
713 4258 925 4323 Vidisti,
962 4258 1203 4327 Domine,
1241 4273 1310 4314 ne
1335 4260 1485 4315 sinas
1515 4273 1600 4313 me
1634 4259 1836 4314 auxilio
1862 4269 1956 4312 tuo

2126 4261 2214 4327 46,
2246 4262 2334 4316 47.
2373 4257 2568 4327 Εἶδες,
2602 4260 2802 4328 Κύριε,
2833 4261 2906 4330 μὴ
2941 4261 3106 4331 ἐάσῃς
3142 4278 3207 4332 με
3237 4263 3557 4334 ἀϐοήθητον.

383 4353 624 4407 destitui.

453 4445 542 4511 48,
577 4445 666 4500 49.
693 4445 770 4499 lta
803 4447 1095 4516 praescribe
1123 4447 1262 4503 mihi
1291 4449 1456 4503 vitam
1492 4462 1670 4502 meam
1702 4446 1954 4501 institue-

2125 4439 2216 4504 48,
2246 4439 2333 4495 49.
2379 4442 2453 4512 (4)
2508 4441 2692 4505 Οὕτως
2737 4443 2916 4512 δρισόν
2967 4459 3053 4511 μοι
3113 4442 3510 4510 πολιτευεσθαι,
3559 4445 3627 4508 ὡς

385 4553 461 4599 re,
498 4537 957 4605 quemadmodum
983 4540 1080 4593 tibi
1109 4549 1193 4596 est
1214 4540 1632 4609 bcneplacitum.

1109 4549 1193 4596 est
1214 4540 1632 4609 beneplacitum.
2055 4533 2201 4586 ἔστιν
2232 4551 2311 4588 σοι
2345 4536 2657 4606 εὐάρεστον.

448 4626 535 4681 50.
575 4626 803 4683 Domine
838 4628 980 4685 Deus
998 4645 1172 4699 meus,
1196 4639 1254 4686 tu
1276 4632 1382 4686 mei
1422 4631 1726 4696 dominare,
1767 4638 1951 4682 etnon
1986 4617 2001 4672 Ῑ

2127 4624 2216 4680 50.
2251 4626 2420 4698 Κύριε
2451 4628 2479 4678 ὁ
2515 4628 2645 4691 Θεός
2673 4646 2794 4698 μου,
2833 4630 2895 4681 σύ
2943 4646 3044 4699 μου
3086 4628 3395 4698 κυρίευσον,
3423 4630 3518 4683 καὶ
3555 4629 3625 4700 μὴ

384 4718 468 4772 isti
501 4720 759 4774 satellites
791 4721 1020 4776 inimici.

2057 4709 2204 4768 οὗτοι
2235 4717 2283 4768 οἱ
2316 4715 2410 4768 τοῦ
2443 4715 2638 4788 ἐχθροῦ
2673 4717 2976 4788 δορυφόροι.

455 4811 540 4864 51.
574 4810 651 4865 Ne
685 4801 955 4883 gaudeant
985 4815 1150 4871 corda
1174 4829 1364 4869 eorum
1402 4813 1469 4868 de
1492 4812 1645 4881 lapsu
1681 4826 1821 4866 meo.

2127 4809 2216 4864 51.
2236 4809 2582 4881 Μὴ“χαρῶσιν
2599 4812 2652 4863 αἰ
2670 4811 2886 4882 καρδίαι
2904 4813 3082 4868 αὐτῶν
3094 4815 3186 4868 ἐπὶ
3198 4817 3263 4886 τῇ
3283 4815 3487 4868 πτώσει
3507 4832 3619 4886 μου.

453 4903 541 4957 52.
570 4902 758 4974 Neque
791 4906 1109 4976 glorientur,
1139 4905 1333 4960 lucrati
1362 4903 1565 4958 fuimus
1587 4919 1733 4956 eum.

2129 4904 2216 4958 52.
2240 4904 2390 4976 Μηδέ
2418 4907 2803 4977 καυχήσονται,
2832 4908 2913 4960 ὅτι
2942 4908 3330 4978 ἐκερδήσαμεν.

450 4995 536 5050 55.
568 4994 643 5049 De
677 4995 868 5051 iisdem
903 4996 1198 5051 immundis
1221 4994 1502 5066 spiritibus
1528 4994 1786 5062 loquitur.

2129 4996 2217 5050 55.
2240 4996 2373 5067 Περὶ
2399 4997 2506 5048 τῶν
2531 4997 2708 5050 αὐτῶν
2728 4997 3050 5068 ἀκαθάρτων
3073 5000 3398 5068 πνευμάτων
3424 4998 3586 5066 λέγει.

453 5089 542 5143 54.
578 5088 867 5145 Edicentes
888 5106 974 5144 me
1002 5087 1401 5143 interfecturos.

2126 5087 2215 5144 54.
2257 5089 2318 5142 Οἰ
2347 5088 2802 5159 ἐπαγγελλόμενοί
2838 5107 2904 5161 με
2935 5091 3164 5144 ἀνελεῖν.

450 5180 536 5235 55.
571 5181 644 5234 De
669 5195 775 5248 me,
795 5181 939 5250 quod
959 5196 985 5234 a
1008 5181 1296 5235 contrariis
1324 5179 1680 5250 potestatibus
1695 5178 1953 5232 liberatus

2125 5181 2214 5236 55.
2234 5181 2547 5245 Ῥυσθέντος
2597 5199 2697 5253 μου
2738 5183 2846 5236 ἀπὸ
2877 5171 3005 5236 ’τῶν
3052 5183 3304 5237 ἐναντίων
3347 5183 3620 5252 δυνάμεων

385 5273 502 5339 sim,
534 5283 734 5328 sancta:
771 5283 876 5327 tua:
903 5274 1134 5328 virtutes
1158 5274 1450 5326 exsultent.

2055 5270 2505 5338 ἀγαλλιάσθωσαν
2535 5275 2589 5325 αἱ
2624 5271 2774 5340 ἆηγιαί
2811 5290 2903 5326 σου
2934 5273 3211 5344 δυνάμεις.

1327 5392 1628 5453 Addenda
1677 5400 1733 5452 et
1767 5391 2140 5468 corrigenda
2173 5408 2252 5451 ex
2296 5390 2433 5453 cod.
2470 5391 2674 5452 Vatic.

559 5497 997 5568 μαινομένην.
2047 5494 2268 5568 τὸλίδεῖν
2289 5493 2638 5568 τὴνᾼάδικίανγ
2649 5513 2770 5565 μου.
2800 5496 2881 5568 N._
2894 5496 3094 5551 49.'Hv
3112 5494 3218 5568 ἔχω
3229 5494 3382 5568 ’πρὸς
3406 5493 3505 5568 τᾲς
3527 5491 3617 5546 τοῦ

445 5565 523 5636 (2)
561 5563 875 5636 Γενομένην.
936 5563 946 5567 ⁷
2049 5563 2241 5636 ἐχθροῦ
2285 5563 2557 5636 δυνάμεις.
2594 5563 2660 5617 Ν.
2690 5568 2776 5621 50.
2813 5565 3018 5629 Οὕτως,
3049 5563 3171 5620 etcf
3293 5563 3390 5619 51.
3426 5565 3612 5636 Κύριε.

447 5635 522 5708 (5)
560 5633 886 5708 Αογισμοῖ...
924 5639 1246 5691 καταϐαλεῖν
1277 5654 1365 5708 με.
1436 5706 1443 5708 _
1534 5706 1543 5708 _
1596 5707 1600 5708 γ
2141 5633 2228 5688 52.
2259 5633 2429 5708 Μηδέί
2461 5637 2841 5708 καυχήσονται,
2867 5637 2947 5708 ὅτι
2976 5635 3272 5708 ἐκέρδηετάν
3305 5652 3390 5704 με.
3423 5635 3489 5688 Ν.
3517 5633 3612 5690 55.

1277 5677 1490 5761 Ἑαυτὸν
1526 5706 1827 5774 διήγειρον,
1863 5721 1941 5768 εις

1918 5724 1941 5768 ς
2050 5677 3471 5767 il'hVQSLJIKEBVE'$313KEi"if£éi“€al~f'été.
