3934 6218
282 277 378 334 781
1154 274 1241 330 DE
1278 274 1555 331 TITULIS
1587 272 1835 329 PSALMl

1959 272 2040 326 [Μ.
2082 302 2152 313 -
2185 273 2380 327 PSAL.
2425 275 2643 327 Χχλν.
3408 281 3512 334 782

352 392 438 448 56.
466 392 579 445 Καὶ
602 392 917 448 εἰπάτωσαν
934 392 1220 458 διαπαντός
1239 411 1252 425 ο
1283 393 1672 466 μεγαλυνθήτω
1693 395 1721 447 ὁ
1742 392 1853 446 Κύ-
1881 399 1905 457 Α

2021 391 2107 446 56.
2153 390 2216 445 Et
2263 390 2445 445 dicant
2498 406 2755 461 semper:
2801 390 3171 462 Magniiicctur
3229 394 3514 469 Dominus,

322 504 418 549 ιοςν
1348 522 1355 527 ‘
3192 511 3198 523 ’

322 504 338 539 ι
402 525 418 549 ,
1348 522 1355 527 ι

283 504 315 563 ρ
340 503 441 633 05:7.
474 579 536 631 Οί
565 576 811 641 θέλοντες
839 575 937 647 τὴν
956 575 1180 648 εἰρήνην
1211 576 1307 630 τοῦ
1340 577 1526 633 δούλου
1560 577 1746 632 αὐτοῦ.

1467 596 1526 632 ου
1560 577 1746 632 αὐτοῦ.
2030 570 2117 623 57.
2146 568 2250 636 Qui
2280 568 2468 624 volunt
2493 582 2681 639 pacem
2711 568 2853 623 servi
2879 567 3020 640 ejus.

354 670 442 726 58.
471 670 582 723 Καὶ
606 671 639 741 ἡ
671 669 894 739 γλῶσσά
928 687 1029 741 μου
1056 669 1342 742 μελετήσει
1369 669 1467 741 τὴν
1510 667 1855 740 δικαιοσύνην

2026 660 2114 715 58.
2150 659 2217 715 Et
2247 660 2429 730 lingua
2480 676 2600 714 mea
2649 660 2996 717 meditabitur
3017 660 3283 733 justitiam
3329 674 3516 721 tuam:

285 778 415 816 συυο

354 808 441 911 59.
476 853 647 925 Ὅλην
669 854 770 926 τὴν
801 852 1015 927 ἡμέραν
1046 852 1139 908 τὸν
1168 851 1387 907 ἔπαινόν
1422 871 1534 907 σου.
1711 808 1716 812 ί

1282 854 1387 907 ινόν
1422 871 1534 907 σου.
1711 808 1716 812 ι
2024 846 2114 903 59.
2147 844 2285 903 Tota
2312 847 2400 901 die
2421 846 2636 901 laudem
2663 854 2835 902 tuam.

404 971 509 1036 Εἰς
540 969 608 1023 τὸ
639 966 843 1035 τέλος
869 967 1396 1093 Ᾱτῗίιδῖὶιὲειρίου
1426 966 1506 1033 τῷ
1534 968 1729 1023 Δαϐίδ.

1964 958 2024 1014 In
2049 961 2205 1030 ﬁnem
2229 974 2248 1014 :
2274 975 2419 1014 servo
2444 958 2657 1013 Domini
2686 958 2877 1014 David.
2916 958 3162 1015 PSALM
3172 958 3261 1014 US
3287 959 3441 1015 XXX
3462 962 3517 1017 V.

358 1132 411 1188 1.
449 1131 616 1201 Φησὶν
635 1133 663 1184 ὁ
689 1131 1006 1202 παράνομος
1036 1127 1129 1182 τοῦ
1164 1128 1496 1199 ἁμαρτάνειν
1527 1129 1584 1180 ὲν
1617 1125 1794 1197 ἑαυτῷ
1812 1143 1827 1157 ο

1822 1143 1827 1157 ’
2028 1138 2082 1194 1.
2112 1136 2252 1192 Dicit
2271 1136 2528 1207 injustus,
2565 1143 2625 1190 ut
2653 1134 2932 1205 delinquat
2959 1134 3014 1189 in
3049 1136 3375 1204 semetipso;

354 1224 407 1277 2.
446 1224 559 1276 Οὐκ
595 1222 711 1275 ἔστι
741 1220 904 1292 φόϐος
942 1219 1077 1274 Θεοῦ
1109 1218 1372 1273 ἀπέναντι
1418 1218 1526 1273 τῶν
1563 1216 1858 1287 ὀφθαλμῶν

1665 1216 1858 1287 αλμῶν
2025 1230 2079 1285 2.
2108 1228 2228 1286 Non
2258 1238 2341 1286 est
2372 1230 2537 1285 timor
2570 1227 2663 1285 Dei
2697 1232 2826 1284 ante
2851 1228 3037 1284 oculos
3060 1227 3218 1299 ejus:

287 1315 449 1370 αὐτοῦ
472 1333 487 1346 θ

354 1408 407 1462 5.
445 1407 565 1460 Ὀτι
590 1405 849 1461 ὲδόλωσεν
881 1394 1111 1459 ἐνώπιον
1133 1403 1300 1459 αὐτοῦ
1322 1422 1334 1435 ·

2028 1385 2082 1439 3.
2112 1383 2376 1451 Quoniam
2404 1386 2590 1443 dolose
2617 1385 2726 1457 egit
2754 1386 2808 1440 in
2838 1394 3133 1455 conspectu
3155 1384 3311 1456 ejus;

354 1498 407 1552 4.
439 1497 544 1551 Τοῦ
574 1498 754 1568 εὑρεῖν
786 1497 883 1570 τὴν
909 1496 1136 1569 ἀνομίαν
1161 1494 1350 1563 αὐτοῦ,
1385 1495 1481 1550 καὶ
1515 1494 1761 1566 μισῆσαι.

2030 1475 2082 1530 4.
2120 1474 2187 1531 Ut
2232 1476 2500 1533 inveniret
2546 1476 2887 1548 iniquitatem
2935 1490 3129 1541 suam,
3170 1485 3225 1530 et
3260 1475 3385 1531 odio
3429 1477 3526 1531 ba~

1973 1573 2130 1621 seret.

1997 1575 2130 1621 eret.

358 1674 411 1728 5.
443 1674 523 1727 Τά
544 1674 763 1745 ῥήματα
783 1672 875 1728 τοῦ
897 1673 1161 1745 πόματος
1178 1671 1341 1727 αὐτοῦ
1362 1671 1559 1743 ἀνομία
1575 1670 1668 1725 καὶ
1689 1669 1855 1731 δόλος·
1898 1743 1911 1745 _

1615 1670 1668 1725 αὶ
1689 1669 1855 1731 δόλος·
1898 1743 1921 1745 _
2032 1658 2085 1713 5.
2113 1656 2289 1713 Verba
2321 1658 2434 1713 oris
2460 1672 2581 1727 ejus
2612 1657 2950 1727 iniquitas'et
2971 1658 3131 1714 dolus
3156 1679 3168 1714 :

360 1766 411 1819 6.
442 1743 556 1819 Οὐκ
575 1743 850 1837 ἠϐουλήθη
885 1743 1123 1819 συνιέναι
1149 1765 1241 1819 τοῦ
1275 1763 1563 1834 άγαθῦναι.
1893 1743 1913 1802 Ῐ

1893 1743 1936 1802 Β
2034 1749 2086 1804 6.
2117 1748 2300 1805 Noluit
2334 1748 2637 1819 intelligere
2670 1756 2732 1803 ut
2758 1748 2896 1803 bene
2924 1759 3137 1819 ageret:

361 1855 413 1907 7.
454 1856 707 1926 Ἀνομίαν
729 1856 1065 1926 διελογίσατο
1096 1857 1188 1910 ἐπὶ
1213 1857 1312 1927 τῆς
1334 1857 1522 1925 κοίτης
1556 1853 1718 1906 αὑτοῦ
1742 1870 1755 1882 ·

2033 1841 2082 1896 7.
2115 1842 2459 1912 lniquitatem
2492 1840 2782 1896 meditatus
2803 1849 2886 1896 est
2914 1842 2966 1894 in
3000 1843 3162 1896 cubili
3195 1857 3332 1897 suo:

361 1947 414 2002 ε,
446 1948 696 2020 [παρέστη
721 1948 872 2019 πάσῃ
904 1948 1010 2019 ὁδῷ
1034 1950 1134 2003 οὐκ
1161 1947 1376 2018 ἀγαθῇ·

2030 1936 2082 1992 8.
2115 1936 2302 1992 Astitit
2331 1936 2482 1993 omni
2506 1935 2605 1991 viae
2630 1949 2742 1991 non
2771 1934 2959 1990 bonae:

359 2039 411 2093 9.
442 2040 627 2111 Κακία
657 2040 715 2094 δὲ
741 2042 800 2095 οὺ
836 2039 1198 2112 προσώχθισε.

2027 2028 2081 2083 9.
2113 2027 2373 2083 Malitiam
2405 2036 2594 2085 autem
2612 2040 2723 2082 non
2755 2026 2944 2082 odivit.

363 2131 447 2187 10.
476 2131 670 2205 Κύριε,
703 2135 760 2187 έν
792 2132 870 2204 τῷ
894 2131 1111 2205 οὐρανῷ
1134 2133 1196 2186 τὸ
1227 2131 1374 2195 ἔλεός
1415 2145 1509 2185 σου
1530 2148 1544 2162 ο

2033 2121 2121 2176 10.
2156 2121 2407 2188 Domine,
2443 2120 2501 2175 in
2525 2121 2664 2176 cmio
2690 2119 3064 2175 misericordia
3096 2128 3207 2174 tua.

364 2222 450 2276 11.
481 2224 591 2278 Καὶ
613 2226 647 2296 ἡ
677 2224 909 2297 ἀλήθειά
939 2242 1033 2279 σου
1061 2225 1165 2288 ἕως
1186 2223 1296 2277 τῶν
1323 2223 1581 2292 νεφελῶν.

1536 2239 1581 2276 ν,
2039 2212 2124 2267 il.
2161 2211 2227 2267 Et
2252 2212 2453 2268 veritas
2481 2221 2573 2267 tua
2596 2225 2770 2281 usque
2802 2211 2868 2267 ad
2899 2211 3089 2265 nubes.

365 2314 449 2374 13.
496 2317 562 2370 Ἦ
585 2316 897 2391 δικαιοσύνη
929 2334 1023 2375 σου
1051 2318 1127 2371 ὼο
1147 2317 1245 2370 60v
1279 2314 1415 2369 Θεοῦ
1441 2331 1452 2344 ⁸

2040 2306 2130 2360 12.
2163 2304 2380 2361 Iustitia
2414 2311 2509 2360 tua
2535 2303 2679 2363 sicut
2704 2310 2918 2359 montes
2942 2303 3072 2360 Dei:

1427 2487 1799 2546 ATHANASII
1838 2482 2418 2541 INTERPRETATIO.

368 2646 455 2703 56.
484 2649 596 2703 Καὶ
629 2646 911 2713 δοξάσουσι
940 2649 1001 2702 τὸ
1028 2647 1200 2718 ὄνομά
1229 2664 1321 2701 σου
1355 2647 1419 2700 δι’
1455 2646 1576 2716 ὲμέ.

2045 2640 2132 2693 56.
2170 2638 2237 2693 Et
2260 2648 2476 2709 propter
2504 2653 2591 2696 me
2611 2640 2914 2711 gloriﬁcent
2939 2653 3132 2696 nomen
3166 2651 3338 2695 tuum.

367 2735 452 2792 57.
486 2740 547 2791 Oi
582 2739 728 2807 ἂγιοι
753 2739 843 2792 τοῦ
875 2739 1009 2792 Θεοῦ
1038 2738 1278 2807 ἄγγελοι.

1148 2738 1278 2791 ελοι.
1989 2782 1992 2786 Α
2042 2732 2129 2784 57.
2167 2731 2350 2787 Sancti
2376 2732 2551 2801 angeli
2583 2731 2699 2786 Dei.

369 2830 454 2884 58.
485 2832 591 2885 Καὶ
612 2831 796 2885 λοιπὸν
819 2832 1100 2903 μελετήσω
1120 2832 1178 2885 ἐν
1198 2832 1309 2894 τοῖς
1327 2828 1716 2901 ,προστάγμασι
1748 2845 1863 2881 σου.

1817 2847 1863 2881 υ.
2044 2825 2131 2878 58.
2170 2822 2235 2877 Et
2263 2824 2489 2893 posthac
2512 2825 2565 2876 in
2603 2823 2885 2893 praeceptis
2914 2824 3025 2878 tuis
3047 2825 3370 2880 meditabor.

368 2922 457 2977 59.
502 2924 590 2977 Ἐν
619 2923 698 2994 τῷ
725 2924 864 2994 φωτὶ
890 2923 1181 2986 ἀπαύστως
1211 2922 1507 2992 ἀνυμνήσω
1534 2936 1619 2974 σε.

1536 2936 1619 2974 σε.
2045 2918 2134 2972 59.
2163 2917 2499 2973 lncessanter
2525 2917 2760 2972 laudabo
2784 2928 2835 2973 te
2866 2916 2919 2971 in
2949 2918 3089 2973 luce.

376 3081 445 3134 Ἠ
464 3079 799 3152 προκειμένη
817 3079 1096 3152 ἐπιγραφὴ
1121 3078 1368 3149 περιέχει
1408 3075 1485 3149 (1)
1511 3093 1524 3105 ’
1557 3076 1663 3141 Εἰς
1699 3074 1766 3127 τὸ
1790 3073 1966 3139 τέλος
1993 3071 2072 3138 τῷ
2104 3070 2301 3139 δούλῳ
2325 3071 2549 3141 Κυρίου
2582 3072 2662 3139 τῷ
2682 3072 2878 3127 Δαϐίδ.
2911 3072 3080 3127 Τοῦτο
3107 3068 3198 3128 οὖν
3236 3074 3404 3143 λέγει,
3455 3075 3538 3129 ὅτι

296 3177 327 3230 6
349 3175 563 3247 ψαλμὸς
590 3169 745 3238 οὗτος
775 3172 988 3245 εἴρηται
1020 3174 1115 3227 ἐπὶ
1150 3170 1425 3242 συντελείᾳ
1458 3171 1566 3224 τῶν
1590 3169 1800 3223 αίὼνων
1822 3168 1899 3239 τῷ
1920 3167 2033 3238 λαῷ
2059 3167 2136 3238 τῷ
2166 3166 2468 3221 δουλεύοντι
2501 3167 2579 3239 τῷ
2612 3168 2802 3241 Κυρίῳ
2824 3168 2902 3241 τῷ
2926 3168 3288 3241 πεποθημένῳ
3325 3171 3416 3223 ὑπ’
3440 3172 3538 3223 αῦα

298 3270 391 3324 τοῦ
411 3287 425 3301 ο
452 3268 590 3339 πρὸς
620 3268 717 3340 μὲν
753 3268 854 3340 τὴν
886 3266 981 3320 τοῦ
1014 3266 1260 3321 διαϐόλου
1290 3264 1556 3337 πονηρίαν
1585 3264 1661 3335 (‘2)
1691 3263 1831 3337 [καὶ]
1861 3264 2226 3319 ἐπανάστασιν
2266 3262 2407 3317 κατὰ
2438 3262 2530 3316 τοῦ
2558 3264 2750 3331 γένους
2783 3263 2891 3318 τῶν
2936 3263 3255 3335 ἀνθρώπων,
3293 3266 3431 3337 πρὸς
3484 3267 3538 3321 δὲ

295 3369 395 3440 τὴν
426 3367 521 3420 τοῦ
551 3364 685 3420 Θεοῦ
712 3364 1022 3436 ἀγαθότητα
1043 3365 1138 3417 κοιλ⁵
1170 3361 1579 3435 φιλανθρωπίαν
1610 3360 1672 3414 τὸ
1697 3360 1814 3425 πῶς
1841 3362 2006 3414 πᾶσιν
2030 3359 2338 3430 ἀνθρώποις
2380 3359 2646 3423 πλουσίως
2679 3359 2860 3430 ἐκχέει
2888 3359 2978 3413 τὸν
3016 3359 3208 3413 ἑαυτοῦ
3254 3360 3400 3415 ἔλεον
3449 3365 3538 3417 καὶ

297 3465 395 3536 τὴν
422 3464 580 3536 χάριν
610 3460 706 3533 ('5).

368 3582 585 3638 Titulus
628 3582 956 3653 praepositus
1002 3582 1289 3637 continet:
1322 3579 1388 3635 In
1411 3581 1569 3650 ﬁnem
1594 3594 1740 3635 servo
1769 3580 1984 3635 Domini
2023 3581 2217 3637 David.
2254 3581 2369 3638 Hoc
2414 3583 2580 3653 igitur
2625 3583 2915 3654 signilicat,
2954 3581 3100 3652 quod
3153 3582 3395 3651 psalmus
3442 3584 3543 3639 iste

296 3674 479 3731 dictus
503 3684 588 3730 est
618 3676 673 3729 in
701 3676 1172 3731 consummatione
1202 3675 1526 3730 saeculorum
1550 3675 1780 3745 populo,
1814 3676 1909 3746 qui
1943 3678 2113 3733 servit
2144 3677 2397 3744 Domino,
2420 3686 2474 3733 et
2509 3677 2578 3733 ab
2609 3692 2675 3732 eo
2714 3677 3053 3733 desideratus
3081 3684 3166 3731 est
3192 3693 3207 3730 :
3248 3676 3314 3730 de
3347 3680 3540 3747 nequi-

297 3768 374 3826 tia
402 3766 624 3839 quidem
664 3778 719 3822 et
742 3767 1144 3823 insurrectione
1187 3767 1389 3823 diaboli
1433 3767 1693 3823 adversus
1734 3783 1905 3835 genus
1943 3769 2275 3837 humanum;
2305 3770 2373 3825 de
2404 3770 2649 3825 bonitate
2684 3779 2863 3824 autem
2913 3765 3026 3830 Dei,
3051 3777 3102 3822 et
3136 3781 3263 3836 erga
3295 3767 3542 3825 homines

295 3863 696 3932 benevolentia,
732 3863 1008 3935 quomodo
1040 3864 1096 3918 in
1131 3863 1443 3920 universum
1478 3864 1779 3920 humanum
1812 3880 1985 3936 genus
2010 3866 2230 3921 divitias
2258 3866 2649 3922 misericordia
2677 3875 2732 3921 et
2769 3864 2957 3935 gratiae
2978 3878 3091 3919 suae
3122 3854 3367 3917 eii‘undit.

366 3962 422 4017 1.
457 3960 655 4029 Mair
673 3961 702 4014 6
728 3960 1068 4032 ἁμαρτάνειν
1096 3958 1265 4014 θέλων
1288 3961 1347 4014 ὲν
1371 3959 1574 4032 ἑαυτῷι
1899 3966 1919 4024 (

1899 3966 1943 4024 C
2049 3963 2100 4016 1.
2129 3962 2272 4016 Dicit
2297 3976 2523 4034 peccare
2553 3963 2743 4019 volens
2769 3962 2823 4016 in
2859 3961 3184 4030 semetipso:

364 4054 422 4108 2.
453 4053 567 4107 Οὐκ
602 4051 716 4105 ἔστι
744 4052 924 4125 κρίσις
950 4050 1085 4106 Θεοῦ
1112 4052 1171 4106 έν
1198 4051 1276 4123 τῷ
1304 4050 1551 4123 μέλλοντι
1586 4051 1760 4107 αἰῶνι.

2038 4055 2092 4110 2.
2124 4054 2244 4111 Non
2273 4063 2357 4112 est
2383 4054 2628 4111 divinum
2647 4053 2914 4124 judicium
2941 4052 2997 4106 in
3021 4049 3207 4105 futuro
3233 4051 3452 4106 saeculo.

366 4145 421 4211 3,
451 4146 508 4203 4.
543 4144 715 4199 Τοῦτο
740 4144 798 4198 δὲ
825 4144 969 4214 λέγει
999 4145 1028 4197 ὁ
1066 4142 1308 4209 τοιοῦτος
1329 4182 1344 4209 ,
1386 4145 1469 4198 ὅτι
1509 4146 1570 4199 οὺ
1609 4144 1871 4218 προέθετο

2041 4148 2096 4210 5,
2131 4147 2187 4202 4.
2222 4144 2338 4203 Hoc
2364 4155 2542 4202 autem
2575 4146 2623 4202 is
2649 4145 2802 4212 dicit,
2834 4143 3090 4215 quoniam
3118 4157 3226 4198 non
3256 4142 3540 4212 proposuit

297 4237 392 4292 τοῦ
423 4237 500 4310 (4)
529 4237 827 4307 ἐπιγνῶναι
847 4237 948 4308 τὴν
993 4235 1183 4292 ἑαυτοῦ
1223 4235 1498 4309 ἁμαρτίαν
1524 4237 1619 4291 καὶ
1664 4236 1850 4292 παίσα-

1562 4237 1619 4290 αἱ
1664 4236 1867 4292 παίσα-
1972 4253 2267 4311 agnoscere
2299 4248 2579 4311 peccatum
2607 4253 2769 4295 suum
2793 4246 2848 4292 et
2875 4235 3115 4307 abigere.

299 4330 447 4385 σθαι.

363 4417 416 4471 5.
458 4415 525 4471 'H
546 4416 844 4488 ὲνθύμησις
861 4418 960 4489 τῆς
990 4417 1218 4490 καρδίας
1248 4416 1441 4474 αὐτοῦ.

1205 4434 1218 4481 ῖ
1248 4416 1441 4474 αὐτοῦ.
2042 4423 2093 4475 5.
2122 4419 2389 4491 Cogitatio
2416 4419 2593 4476 cordis
2621 4418 2758 4489 ejus.

367 4507 421 4563 6.
450 4509 566 4562 Οὐκ
589 4509 851 4581 ἠθέλησεν
874 4510 1186 4580 ἐπιγνῶναι,
1212 4510 1306 4564 καὶ
1321 4510 1542 4582 ποιῆσαι
1559 4506 1618 4564 τὸ
1637 4511 1860 4581 ἀγαθόν.

1637 4511 1860 4581 ἀγαθόν.
2039 4512 2093 4566 6.
2128 4512 2307 4568 Noluit
2333 4526 2626 4582 agnoscere
2651 4519 2705 4565 et
2736 4509 2915 4566 facere
2948 4508 3174 4564 bonum.

366 4596 421 4652 7.
464 4597 603 4651 Ἀλλ’
635 4601 669 4671 ὴ
716 4599 1021 4663 ἀνάπαυσις
1069 4599 1168 4670 τῆς
1213 4598 1394 4670 ψυχῆς
1440 4600 1605 4654 αὑτοῦ
1665 4600 1866 4672 ἀνομία

1695 4600 1866 4672 ινομία
2040 4603 2092 4657 7.
2126 4601 2230 4658 Sed
2257 4601 2473 4673 requies
2501 4601 2698 4656 animae
2719 4601 2837 4670 ejus
2863 4600 3123 4670 iniquitas
3147 4605 3248 4653 est.

296 4690 551 4745 τυγγάνει
580 4690 680 4745 (5i.

437 4690 551 4744 άνει
602 4691 636 4745 5
664 4729 680 4745 .

364 4706 433 4847 ἐξ
455 4782 511 4839 9.
546 4692 624 4854 (ἑ)
638 4690 776 4836 )οι⁹)δ’
804 4781 1078 4853 ἐνέμεινεν
1095 4784 1155 4840 ὲν
1195 4786 1294 4857 μιᾷ
1325 4785 1496 4856 κακίᾳ
1520 4826 1535 4851 ,
1568 4784 1705 4838 ἀλλὰ
1748 4784 1866 4838 δια-

2038 4780 2090 4846 8,
2114 4779 2167 4835 9.
2197 4778 2382 4850 Neque
2407 4779 2463 4834 in
2488 4795 2596 4835 una
2620 4780 2819 4836 mansit
2844 4778 3153 4850 iniquitate,
3182 4777 3274 4834 sed
3298 4777 3538 4832 diversas

297 4872 493 4946 φόρους
514 4875 806 4945 ἐπενόησεν
839 4873 1034 4947 ἑαυτῷ.

904 4875 1034 4947 υτῷ.
1972 4873 2076 4928 sibi
2108 4873 2455 4944 excogitavit.

368 4965 458 5022 10.
502 4967 590 5021 Ἐν
617 4969 728 5032 τοῖς
751 4967 821 5021 τά
853 4967 1077 5039 οὐράνια
1105 4967 1359 5039 φρονοῦσι
1383 4968 1444 5021 τὸ
1468 4965 1616 5032 ἔλεός
1642 4983 1755 5021 σου.

2043 4966 2129 5022 10.
2157 4965 2216 5020 In
2246 4966 2611 5037 cogitantibus
2637 4963 2880 5021 caelestia
2904 4961 3274 5019 misericordia
3307 4970 3417 5014 tua.

369 5059 457 5114 11.
491 5060 611 5115 Τῶν
636 5060 815 5114 αὐτῶν
837 5060 1027 5129 ἁγίων,
1056 5059 1228 5129 λέγει.

2045 5059 2133 5112 ll.
2171 5054 2354 5128 Usque
2383 5057 2449 5113 ad
2487 5060 2637 5129 ipsos
2665 5066 2907 5121 sanctos,
2942 5055 3093 5114 dicit.

368 5152 455 5209 12.
490 5154 553 5206 Oi
585 5152 783 5207 δίκαιοι
811 5151 910 5224 (7).
1260 5145 1263 5148 ⁴
1897 5145 1921 5201 Ι

772 5169 783 5205 ι
811 5151 910 5224 (7).
1260 5145 1263 5148 ‘
1897 5145 1943 5201 ι)
2048 5150 2135 5204 is.
2165 5148 2325 5204 Justi.

1244 5330 1546 5393 Addenda
1583 5337 1644 5392 et
1673 5328 2051 5408 corrigenda
2088 5344 2168 5390 ex
2218 5327 2356 5389 cod.
2392 5324 2596 5387 Vatic.

392 5492 442 5564 i)
475 5492 539 5546 Ἦ
563 5492 653 5548 διὰ
685 5492 786 5556 τ“’ς
814 5490 1184 5565 κινναϐάρεως
1221 5506 1347 5563 περ.
2067 5478 2101 5544 5
2169 5489 2311 5545 Ὑπά
2384 5507 2453 5545 ει.
2942 5540 2947 5543 .
3155 5552 3181 5566 η

362 5493 439 5630 ἕε)
464 5511 891 5630 Πονηρὰντέπανο
2150 5559 2214 5613 N.
2234 5561 2289 5614 8.
2317 5507 2592 5630 φὲρπεται
2611 5557 2881 5630 ἐπιμένων
2911 5554 3059 5626 πάσῃ
3088 5553 3192 5623 ὁδῳ
3210 5548 3264 5606 οὖ

383 5551 715 5689 ΞῙΠονηρὰν
736 5551 891 5644 ἐξεαν.
1048 5551 1061 5565 ’
1163 5551 1177 5555 ⁷
1296 5551 1307 5563 ’

426 5638 440 5689 l
467 5633 576 5689 Τὴν
637 5650 799 5686 αυτου
832 5634 1010 5689 νάοιν.

2045 5551 2122 5630 (6)
2150 5559 2214 5613 Ν.
2234 5561 2289 5614 8.
2317 5551 2592 5632 Τέρπεται
2611 5557 2881 5637 ἐπιμένων
2911 5554 3059 5626 πάσῃ
3088 5552 3192 5623 ὀδῷ
3210 5551 3312 5607 οὐκ
3341 5551 3547 5634 ἀγαθῇ.

1994 5628 2039 5684 ι.
2078 5630 2130 5683 9.
2163 5630 2276 5684 Οὐκ
2297 5671 2311 5684 .
2336 5669 2350 5685 .
2370 5671 2383 5685 .
2422 5631 2674 5689 ἐποίησεν
2700 5631 2897 5689 έαυτῳ.

467 5633 576 5705 ’ζῆν
598 5625 799 5705 ’ἑαυτοῦ
832 5634 1010 5705 χάριν.
1183 5701 1192 5705 _
1342 5701 1352 5705 _
1471 5688 1489 5705 ,_
2163 5630 2276 5705 Οῦκ
2294 5671 2311 5705 .
2336 5669 2350 5685 .
2370 5625 2674 5705 (εποίησεν
2700 5625 2897 5696 ἐαυτῷ.

364 5672 439 5705 tv:
476 5672 575 5714 ut;
607 5672 799 5686 *νυν-νυ
835 5672 1010 5705 λιν-ιη’·
1476 5688 1479 5693 ι

364 5703 443 5773 (4)
470 5703 584 5779 Teo.
608 5704 746 5757 deest
768 5705 822 5756 in
852 5704 970 5758 cod.
990 5743 1004 5757 .
1028 5742 1041 5756 .
1070 5743 1082 5757 .
1111 5701 1205 5755 καὶ
1246 5699 1575 5753 παύσασθαι.

1039 5746 1041 5753 ,
1070 5743 1082 5757 .
1111 5701 1205 5755 καὶ
1246 5688 1575 5753 παύσασθαι.
1974 5672 2130 5763 “(ii
2154 5672 2592 5754 ὄῐὲἱκζιοΐέἇᾶ.
