3934 6218
400 268 501 325 ’185
1247 274 1302 329 S.
1356 270 1730 329 ATHANASII
1768 270 1918 329 OI’P.
1953 269 2132 327 PARS
2167 267 2254 325 111.
2284 299 2353 311 --
2384 266 2799 325 EXEGETiCA.
3543 269 3647 331 7εᾶ

412 446 417 451 ,
474 390 561 445 15.
587 387 797 447 Judicia
827 399 919 447 tua
945 392 1177 463 abyssus
1209 395 1399 453 multa.

1999 398 2047 456 Α
2142 392 2231 447 15.
2261 391 2341 445 Τὰ
2367 389 2611 463 κρίματά
2635 407 2728 443 σου
2762 388 2999 454 ἄϐυσσος
3031 390 3221 462 πολλή.

472 482 559 536 14.
597 480 857 538 Homines
877 492 931 538 et
954 484 1199 554 jumenta
1227 486 1490 549 salrabis,
1527 484 1774 540 Domine.

2142 485 2228 539 14.
2276 482 2619 555 Ἀνθρώπους
2645 483 2738 537 καὶ
2775 484 2947 553 κτήνη
2972 480 3188 549 σώσεις,
3215 482 3410 555 Κύριε.

470 574 558 629 15.
596 575 1066 642 Quemadmodum
1109 578 1479 649 multiplicasti
1529 577 1966 634 misericordiam

1811 577 1966 633 'diam
2142 577 2230 631 15.
2267 577 2355 641 Ὠς
2388 575 2693 647 έπλήθυνας
2720 576 2781 629 τὸ
2809 575 2955 639 ἔλεός
2994 592 3110 641 σου,
3133 578 3162 630 ὁ
3194 576 3364 642 Θεόςι

404 673 576 728 tuam.
614 664 756 722 Deus
776 667 790 721 2

478 757 560 812 16.
587 756 709 813 Filii
744 766 926 814 autem
951 757 1236 814 hominum
1261 759 1316 814 in
1340 759 1582 832 tegmine
1610 759 1822 815 alarum
1850 766 1971 814 tua-

2142 754 2228 809 16.
2257 755 2321 808 Oi
2345 755 2404 808 δὲ
2449 756 2554 808 υἱοὶ
2594 753 2899 826 ἀνθρώπων
2930 755 2987 807 ὲν
3025 754 3207 828 σκέπῃ
3225 754 3333 810 τῶν
3363 759 3641 829 πτερίνγων

400 861 521 901 rum
551 847 850 916 sperabunt
875 865 889 902 :

2072 865 2165 901 σου
2192 846 2459 903 ὲλπιοῦσι.

469 937 557 992 17.
590 937 1005 994 lnebriabuntur
1026 938 1096 995 ab
1116 938 1364 995 ubertate
1391 938 1589 995 domus
1616 947 1757 994 tuae:

2141 939 2225 994 17.
2256 938 2700 1010 Μεθυσθήσονται
2731 938 2841 994 ἀπὸ
2863 939 3118 1009 πιότητος
3156 939 3306 994 οἴκου
3339 957 3434 994 σου
3453 956 3466 969 ·

470 1031 559 1085 18.
595 1028 661 1084 Ει
695 1039 935 1085 torrente
971 1030 1264 1102 voluptatis
1298 1040 1407 1086 ture
1433 1030 1650 1102 potabis
1681 1045 1799 1087 eos.
1980 1102 1987 1106 ι

2141 1031 2227 1085 18.
2254 1031 2364 1085 Καὶ
2396 1031 2486 1085 τὸν
2526 1032 2860 1104 χειμάρρουν
2910 1032 3011 1103 τῆς
3044 1032 3262 1103 ’τρυφῆς
3303 1050 3396 1085 σου
3443 1036 3638 1099 ποτιεῖς

1973 1122 1987 1181 ῗ
2070 1121 2291 1187 αὐτούς.

470 1207 557 1263 19.
580 1204 852 1274 Quoniam
885 1206 1028 1278 apud
1054 1214 1112 1262 te
1144 1205 1269 1263 fons
1290 1207 1453 1263 vitae:
1971 1191 1979 1200 ’

1971 1191 1979 1200 ⁸
2134 1214 2223 1271 19.
2258 1215 2383 1269 Ὅτι
2411 1214 2561 1287 παρά
2600 1215 2684 1269 σοὶ
2718 1215 2872 1289 πηγὴ
2909 1215 3054 1288 ζωῆς
3078 1233 3093 1249 ·

467 1294 559 1355 2θ.
600 1298 656 1353 In
684 1298 887 1354 lumine
919 1308 1013 1353 tuo
1039 1298 1345 1354 videbimus
1368 1298 1553 1353 lumen

2136 1308 2228 1364 20.
2268 1309 2356 1362 Ἐν
2379 1308 2457 1380 τῷ
2482 1308 2620 1378 φωτί
2650 1325 2745 1361 σου
2778 1308 3021 1380 ὀψόμεθα
3048 1307 3184 1377 φῶς.

467 1393 557 1446 2|.
591 1391 869 1447 Prtetende
894 1390 1330 1448 misericordiam
1375 1399 1526 1446 tuam
1557 1389 1855 1447 scientibus
1875 1397 1962 1457 te;

2135 1398 2225 1452 21.
2256 1398 2589 1471 Παράτεινον
2614 1397 2675 1451 τὸ
2708 1398 2854 1462 ἔλεός
2889 1415 2983 1452 σου
3020 1401 3132 1462 τοῖς
3150 1397 3481 1467 γινώσκουσί
3509 1415 3585 1451 σε·

465 1484 556 1539 22.
587 1484 652 1540 Et
676 1485 948 1556 justitiam
997 1495 1144 1539 tuam
1176 1484 1283 1551 his,
1310 1483 1405 1554 qui
1446 1491 1596 1539 recto
1629 1491 1759 1539 sunt
1782 1482 1962 1539 corde.

2136 1487 2227 1541 22.
2263 1488 2370 1541 Καὶ
2394 1487 2492 1559 τὴν
2524 1487 2869 1559 δικαιοσύνην
2897 1504 2991 1541 σου
3010 1492 3122 1552 τοῖς
3142 1488 3407 1561 εὐθέσιτῇ
3423 1489 3633 1561 καρδίᾳ.

468 1575 557 1629 25.
588 1573 706 1631 Non
731 1574 912 1631 veniat
938 1575 1073 1629 mihi
1096 1590 1190 1644 pes
1222 1574 1524 1645 superbiae:

2135 1579 2222 1633 25.
2251 1578 2340 1650 Μὴ
2369 1579 2567 1633 ἐλθέτω
2599 1596 2689 1649 μοι
2721 1578 2856 1642 ποῦς
2881 1580 3257 1651 ὑπερηφανίας
3275 1596 3287 1611 ·

467 1666 559 1720 24.
594 1663 661 1720 Et
691 1680 889 1722 manus
914 1664 1220 1736 peccatoris
1253 1678 1363 1719 non
1398 1669 1613 1719 moveat
1636 1676 1739 1717 me.

2133 1668 2225 1723 24.
2257 1670 2368 1723 Καὶ
2396 1670 2518 1740 χεὶρ
2548 1669 2875 1740 ἁμαρτωλοῦ
2918 1670 2992 1742 μὴ
3021 1670 3281 1724 σαλεῦσαι
3322 1687 3409 1740 με.

466 1759 557 1814 25.
588 1757 665 1813 lbi
692 1758 1008 1815 ceciderunt
1042 1772 1253 1822 omnes,
1298 1756 1394 1827 qui
1430 1764 1723 1825 operantur
1769 1744 2019 1821 iniqui-1

2138 1762 2230 1816 25.
2276 1761 2425 1817 Ἐκεῖ
2456 1761 2650 1815 ἔπεσον
2687 1761 2888 1826 πάντες
2917 1763 2967 1815 οἱ
2999 1762 3358 1834 ἐργαζόμενοι
3388 1762 3492 1834 τὴν
3523 1763 3633 1815 ἀνο-

401 1861 564 1907 tatem
588 1870 600 1905 :

2072 1850 2202 1923 μίαν
2216 1868 2235 1883 '

465 1943 555 1998 26.
594 1943 813 2014 Expulsi
838 1952 984 2007 sunt,
1016 1957 1117 1997 nec
1141 1950 1430 2011 potuerunt
1451 1950 1613 1997 stare.

2140 1940 2229 1996 26.
2273 1939 2636 2012 Ἐξώσθησαν,
2665 1943 2761 1995 καὶ
2796 1941 2857 1994 οὐ
2888 1941 2964 2013 μὴ
2991 1940 3253 1995 δύνωνται
3284 1942 3474 2013 στῆναι

412 2032 418 2037 ’
455 2029 461 2039 ’
609 2035 857 2090 Psalmus
879 2034 1069 2089 David.
1096 2034 1432 2090 PSALMUS
1456 2034 1724 2091 XXXVI.

2341 2034 2586 2103 Ψαλμὸς
2622 2032 2703 2100 τῷ
2729 2034 2928 2090 Δαϐίδ.
2973 2037 3195 2088 ΨΑΛΜ.
3231 2037 3373 2102 AG”.

367 2133 387 2144 ‘
471 2130 524 2184 1'.
551 2126 672 2183 Noli
693 2127 936 2182 aemulari
962 2127 1017 2182 in
1050 2128 1474 2199 malignantibus
1499 2146 1515 2196 ;

2146 2123 2197 2178 1.
2226 2122 2319 2194 Μὴ
2352 2122 2665 2196 παραζήλου
2691 2125 2749 2177 ὲν
2780 2124 3235 2196 πονηρευομένοις
3254 2140 3266 2153 ·

466 2219 521 2274 2.
556 2216 741 2290 Neque
766 2219 1027 2275 zelaveris
1058 2218 1319 2275 facientes
1344 2219 1708 2290 iniquitatem.

2137 2215 2191 2269 2.
2229 2215 2377 2285 Μηδὲ
2400 2215 2558 2287 ζήλου
2579 2216 2707 2279 τοὺς
2738 2216 3024 2281 ποιοῦντας
3056 2216 3152 2286 τὴν
3181 2216 3427 2287 ἀνομίαν.

467 2309 521 2365 5.
555 2308 825 2377 Quoniam
861 2318 1119 2382 tanquam
1154 2309 1339 2366 fenum
1386 2311 1643 2366 velociter
1672 2316 1958 2366 arescent:

1908 2316 1921 2363 l
1946 2330 1958 2366 :
2136 2309 2190 2363 5.
2228 2308 2348 2361 Ὅτι
2379 2308 2511 2362 ὡσεὶ
2542 2307 2732 2380 χόρτος
2762 2310 2899 2381 ταχὺ
2920 2308 3461 2389 ἀποξηρανθήσονται

1512 2429 1595 2484 A'l
1609 2424 1884 2484 HANASII
1922 2425 2516 2483 INTERPRETATIO.

470 2546 557 2601 15.
579 2544 791 2601 Judicia
820 2554 911 2601 tua
944 2544 1229 2600 immensa.

2139 2544 2225 2597 15.
2263 2543 2343 2596 Τὰ
2366 2541 2714 2614 δικαιώματά
2738 2559 2830 2596 σου
2861 2542 3167 2614 ἀμέτρητα.

469 2638 558 2693 11.
595 2636 907 2693 lncedentes
929 2638 1207 2693 voluntate
1236 2645 1349 2692 tua.

2143 2635 2226 2689 M.
2262 2636 2400 2699 Τοὺς
2428 2636 2827 2707 πορευομένους
2853 2635 2933 2707 τῷ
2958 2635 3119 2707 βουλή
3129 2635 3257 2706 ματί
3286 2651 3380 2688 σου

467 2729 553 2785 15.
571 2728 1038 2796 Quemadmodum
1057 2728 1423 2798 multiplicasti
1440 2742 1611 2798 genus
1638 2728 1960 2791 humanum,

2137 2726 2224 2781 15.
2261 2726 2348 2789 Ὠς
2371 2726 2673 2798 ὲπλήθυνας
2704 2726 2766 2780 τὸ
2793 2726 2950 2795 γένος
2985 2725 3093 2779 τῶν
3120 2724 3446 2797 ἀνθρώπωῆ
3473 2725 3638 2791 οὕτως

397 2821 416 2877 i
434 2837 473 2878 .a
489 2831 542 2877 et
558 2821 980 2877 misericordiam
1003 2829 1149 2875 tuam
1165 2822 1219 2876 in
1237 2835 1425 2875 omnes
1443 2820 1689 2877 homines
1708 2818 1950 2875 etfudisti.

1853 2818 1963 2875 isti.
1994 2864 2034 2890 η
2071 2819 2165 2873 καὶ
2192 2818 2253 2871 τὸ
2279 2818 2426 2883 ἔλεός
2460 2835 2552 2872 σου
2582 2819 2676 2871 ἐπὶ
2696 2818 2905 2882 πάντας
2936 2818 3135 2882 αὐτοὺς
3158 2818 3402 2890 ἐξέχεας.

468 2912 557 2968 16.
588 2912 703 2968 Sub
733 2922 829 2968 tuo
851 2912 1073 2968 auxilio.
1992 2864 2021 2924 ε

1992 2864 2035 2924 (⁵
2072 2864 2675 2987 ““ἐθῖ⁷·ξέιέῑ›’τξιζῖσῆξ
2694 2864 2972 2981 ῥᾷόᾶᾎᾷ

470 3004 560 3061 17.
593 3005 637 3058 Α
670 3005 842 3076 gratia
873 3014 987 3060 tua.

2144 2998 2232 3052 17.
2270 2998 2402 3053 Ἀπὸ
2435 2999 2537 3070 τῆς
2572 3000 2790 3071 χάριτός
2826 3017 2941 3055 σου.

468 3096 556 3152 18.
589 3095 792 3152 Sancto
813 3105 913 3151 tuo
939 3094 1162 3167 Spiritu.

2144 3090 2232 3146 18.
2259 3091 2332 3145 Τὸ
2363 3090 2590 3162 Πνεῢμά
2620 3108 2713 3145 σου
2745 3092 2807 3146 τὸ
2828 3092 3001 3161 ἅγιον.

467 3190 557 3245 19.
589 3190 859 3257 Quoniam
885 3190 1029 3259 apud
1058 3197 1111 3243 te
1134 3186 1349 3241 Patrem
1382 3184 1553 3241 Filius
1573 3194 1675 3244 est.

1668 3230 1675 3244 ,
2149 3182 2231 3239 19.
2268 3183 2390 3236 Ὅτι
2420 3182 2571 3255 παρὰ
2598 3184 2681 3237 σοὶ
2708 3184 2786 3255 τῷ
2814 3183 2989 3255 Πατρὶ
3009 3185 3038 3238 ὁ
3074 3184 3221 3249 Υἱός.

468 3280 559 3335 20.
587 3282 647 3335 ln
678 3281 795 3352 ipso
824 3280 961 3334 Filio
991 3289 1084 3335 tuo
1111 3278 1417 3334 videbimus
1452 3278 1647 3332 lucem.
1689 3266 1693 3270 ’

2140 3275 2233 3331 20.
2281 3276 2367 3328 Ἐν
2388 3275 2535 3346 αὑτῷ
2554 3274 2631 3346 τῷ
2654 3276 2769 3347 Υίῷ
2806 3293 2897 3330 σου
2936 3276 3177 3347 ὀψόμεθα
3211 3274 3345 3347 φῶς.

470 3373 560 3427 21.
592 3371 954 3428 Credenti-bus
978 3371 1039 3426 in
1069 3380 1141 3427 te.

2142 3367 2233 3423 21.
2261 3368 2387 3433 Τοῖς
2422 3368 2767 3422 πιστεύουσιν
2792 3369 2873 3432 είς
2902 3368 2979 3421 σέ.

468 3462 560 3519 22.
594 3462 661 3518 Et
673 3463 876 3536 justam
899 3472 1049 3519 tuam
1072 3461 1484 3519 retributionem
1504 3460 1559 3514 in
1580 3458 1966 3530 sempiternum

2140 3460 2231 3514 22.
2258 3460 2369 3513 Kal.
2397 3458 2493 3531 τὴν
2522 3459 2734 3513 δικαίαν
2761 3477 2854 3514 σου
2890 3458 3309 3531 μισθαποδοσίαν
3355 3459 3644 3531 ἀτελευτή-

400 3555 541 3612 dona
568 3556 788 3612 mundis
815 3556 1002 3611 corde.

2070 3568 2181 3615 τως
2210 3549 2451 3622 δώρησαι
2484 3554 2598 3615 τοῖς
2626 3551 2888 3624 καθαροῖς
2922 3554 2989 3624 τῇ
3018 3552 3232 3625 καρδίᾳ.

469 3649 562 3705 25.
590 3648 808 3706 Nullum
832 3659 1118 3720 peccatum
1151 3665 1238 3704 me
1262 3648 1591 3720 supplantet.

2144 3642 2234 3697 23.
2262 3642 2355 3714 Μὴ
2385 3645 2674 3715 πτερνήσει
2705 3643 3029 3717 [πτερνήσῃ]
3056 3662 3124 3716 με
3155 3648 3304 3700 πᾶσα
3336 3647 3600 3718 ἁμαρτία.

471 3742 562 3796 21.
594 3740 712 3796 Non
740 3741 1000 3810 glorietur
1025 3741 1093 3797 de
1122 3756 1207 3797 me
1239 3741 1478 3812 potentia
1502 3739 1728 3796 inimici.

2145 3734 2235 3789 24.
2263 3736 2355 3806 Μὴ
2381 3738 2631 3808 καυχήσῃ
2663 3755 2763 3808 μου
2796 3738 2871 3809 (1)
2905 3739 3192 3793 δυναστεία
3221 3740 3314 3794 τοῦ
3333 3740 3560 3811 ἐχθροῦ.

463 3834 556 3898 25,
586 3833 675 3890 26.
707 3832 924 3890 Cadunt
953 3834 1141 3905 utique
1166 3834 1462 3905 gaudentes
1498 3834 1552 3887 in
1581 3840 1824 3904 peccato.

2145 3826 2237 3892 25,
2261 3826 2351 3881 26.
2370 3828 2477 3881 Nai.
2507 3830 2763 3884 πίπτουσι
2786 3831 2861 3902 (2)
2878 3832 3162 3902 χαίροντες
3181 3833 3273 3887 ἐπὶ
3286 3837 3354 3906 τῇ
3380 3833 3642 3905 ἁμαρτίᾳ.

479 3924 545 3977 Ἦ
574 3924 909 3996 προκειμένη
934 3924 1214 3996 ἐπιγραφὴ
1264 3922 1505 3995 περιέχει
1551 3922 1666 3993 (5)·
1709 3920 1792 3987 Τῷ
1842 3915 2040 3973 Δαϐίδ.
2078 3913 2549 3987 Ἑρμηνεύεται,δὲ
2587 3922 3001 3990 πεποθημένος
3024 3925 3119 3977 καὶ
3141 3924 3641 3995 ἐξουθενημένος

397 4020 531 4092 ὅπερ
565 4018 660 4072 ἐπὶ
696 4017 787 4072 τοῦ
809 4018 1074 4090 παρόντος
1094 4018 1347 4091 ληπτέον,
1378 4018 1465 4073 διὰ
1493 4017 1552 4071 τὸ
1583 4014 1834 4088 είρῆσθαι
1862 4012 1952 4065 τὸν
1984 4009 2199 4081 ψαλμὸν
2225 4012 2302 4073 είς
2330 4011 2458 4073 τοὺς
2486 4012 2726 4077 δικαίους
2745 4015 2870 4078 τοὺς
2899 4016 3110 4090 πεποθη
3120 4017 3316 4091 μένους
3340 4020 3449 4072 ὑπὸ
3476 4019 3609 4074 Θεοῦ
3629 4036 3643 4049 ·

396 4115 522 4177 τοὺς
552 4111 626 4183 (4)
656 4111 869 4175 ἀσεϐεῖς
893 4111 1019 4175 τοὺς
1049 4109 1528 4182 ἐξουθενημένους.
1556 4109 1870 4180 Γέγραπται
1904 4103 2013 4175 γάρ
2033 4118 2046 4132 °
2083 4102 2523 4172 Ἐξουδένωσας
2553 4106 2783 4174 πάντας
2818 4110 2957 4176 τοὺς
2979 4110 3481 4179 ἀποστατοῦντας
3532 4112 3644 4169 ἀπὸ

396 4205 516 4260 τῶν
541 4202 946 4274 δικαιωμάτων
968 4218 1106 4268 σου,
1137 4202 1225 4256 ὅτι
1250 4202 1463 4257 ἄδικον
1487 4201 1552 4256 τὸ
1584 4201 1896 4269 ἐνθύμημα
1926 4196 2142 4253 αὐτῶν.

464 4294 680 4349 Titulus
731 4292 1056 4361 praepositus
1102 4286 1381 4345 continet:
1418 4288 1666 4345 Psalmus
1703 4288 1898 4345 David.
1951 4288 2118 4345 David
2168 4296 2350 4345 autem
2406 4289 2794 4362 interpretatur
2842 4293 3173 4349 desideratus
3207 4304 3262 4349 et
3285 4305 3646 4366 contemptus;

398 4388 543 4462 quod
580 4388 633 4443 in
663 4386 916 4457 praesenti
944 4386 1018 4440 ita
1052 4385 1432 4456 accipiendum
1464 4393 1567 4450 est,
1590 4394 1877 4458 propterea
1901 4386 2052 4455 quod
2077 4386 2323 4456 psalmus
2345 4385 2527 4441 dictus
2559 4398 2644 4442 est
2676 4387 2731 4442 in
2776 4387 2960 4457 justos
2988 4407 3015 4441 τι
3040 4389 3152 4445 Deo
3183 4391 3523 4447 desideratos
3550 4411 3566 4447 :
3594 4393 3646 4446 in

398 4483 596 4554 impios
620 4497 650 4535 a
686 4479 797 4536 Deo
835 4485 1196 4548 contemptos.
1229 4476 1506 4550 Scriptum
1541 4487 1628 4534 est
1667 4478 1812 4534 enim
1841 4497 1854 4532 :
1886 4478 2142 4549 Sprevisti
2175 4495 2353 4534 omnes
2400 4478 2722 4535 discedentes
2769 4498 2801 4535 a
2839 4482 3065 4551 judiciis
3108 4486 3236 4550 tuis,
3275 4485 3404 4554 quia
3447 4486 3648 4556 injusta

397 4574 646 4645 cogitatio
672 4588 853 4627 eorum
877 4570 947 4626 ⁸⁸.

466 4670 521 4723 1.
555 4665 678 4722 Noli
703 4666 997 4722 assimilari
1020 4664 1457 4737 malignantibus.
2001 4667 2019 4724 l

2001 4667 2047 4724 D
2146 4665 2197 4719 1.
2230 4664 2322 4737 Μὴ
2349 4665 2533 4738 ὁμοίου
2560 4665 2683 4732 τοῖς
2713 4668 3246 4738 ποιηρευομένοις·

470 4761 527 4817 2.
559 4758 744 4832 Neque
771 4767 823 4815 te
844 4758 1245 4829 comparaveris
1268 4757 1335 4812 ad
1356 4756 1573 4812 illorum
1596 4755 1861 4813 actiones.

2145 4759 2199 4813 2.
2227 4759 2377 4832 Μηδὲ
2404 4759 2675 4824 ἐξισοῦται
2697 4760 2773 4832 (5)
2799 4751 2997 4833 [ὲξισοῢ
3017 4761 3099 4835 σε]
3113 4765 3231 4826 ταῖς
3260 4763 3485 4819 ἐκείνων
3516 4765 3647 4839 πρά-

471 4939 799 5008 5.Quoniam
833 4948 1089 5010 tanquam
1121 4938 1298 5009 fenum
1324 4947 1487 4994 decor
1514 4937 1821 4993 divitiarum
1855 4953 1976 4993 sua-

2093 4869 2211 4917 ;εσι.

2145 4945 2197 4999 5.
2232 4941 2356 4999 "Ott
2383 4944 2458 5016 (6,
2486 4947 2618 4999 ὡσεὶ
2653 4947 2844 5019 χόρτος
2884 4950 2918 5022 ή
2950 4949 3256 5022 εὐπρέπεια
3295 4949 3407 5006 τῶν
3433 4952 3646 5026 χρημά-

396 5049 545 5093 rum.

2074 5055 2182 5091 των
2209 5038 2405 5093 αὐτῶν.

467 5164 514 5198 ⁸³
544 5162 745 5221 Psalm.
777 5178 969 5230 cxvm,
1004 5164 1129 5221 118.

1348 5279 1657 5343 Addenda
1688 5285 1749 5341 et
1796 5279 2171 5361 corrigenda
2203 5300 2282 5345 ex
2315 5283 2455 5347 cod.
2488 5285 2695 5347 Vatic.

472 5403 902 5481 (Ξὶιςριτισχύσῃ
933 5423 1111 5481 μου-,
1202 5476 1285 5481 ,,
1395 5475 1474 5481 μ-
1828 5478 1838 5481 _
1946 5478 1955 5481 _

1274 5476 1285 5481 _
1395 5476 1421 5481 _
1456 5475 1474 5481 Α
1551 5474 1620 5481 ,η
1828 5478 1838 5481 _
1946 5478 1955 5481 _
2266 5409 2374 5481 Kal
2402 5409 2482 5481 εἰς
2506 5408 2654 5474 τούς,
2684 5417 2787 5467 etc‘.

477 5473 557 5550 (2)
599 5473 1021 5550 Ἀνατρέπὸνται
1052 5475 1162 5548 γὰρ
1194 5476 1300 5530 ὑπὸ
1329 5476 1423 5550 τοῦ
1451 5474 1721 5540 διαϐόλου,
1756 5478 1851 5530 καὶ
1899 5478 1975 5550 μὴ
2262 5478 2505 5550 ξἘξισοῦ.

399 5542 923 5631 “rapacitate-5mg,
958 5542 1220 5631 «(arrogat
1252 5547 1561 5631 χαίροντες,
1590 5552 1697 5601 ‘etc.
1725 5616 1752 5629 α
1804 5618 1820 5631 Δ
1872 5542 1975 5631 ,ξς
2258 5542 2443 5631 Ν.“⁷5,.
2550 5550 2742 5630 Ὅτι...
2775 5546 2963 5631 αὐτῶν
3015 5547 3149 5631 ταχὺ
3214 5545 3646 5631 μαρανθήσεται,

459 5610 549 5691 (5)
590 5612 653 5665 Ἦ
683 5615 772 5668 διὰ
797 5610 919 5687 ’τῆς
960 5610 1362 5681 κινναϐάοεὶὶιξ
1384 5616 1660 5687 περιέχει·
1682 5616 1764 5688 τῷ
1791 5618 1973 5673 Δαϐίδ.
2084 5614 2176 5673 καῖ
2198 5610 2263 5675 ἐκ
2290 5621 2388 5693 τῆς
2407 5610 2572 5691 ’δόξης
2610 5619 2704 5674 τοῦ
2733 5618 2964 5674 πλούτου
2993 5610 3172 5674 αὐτῶν
3199 5610 3341 5689 ταχὺ
3380 5610 3507 5684 ατὰ,
3542 5626 3651 5670 etc.

405 5681 495 5737 Τω
515 5680 679 5737 Δαδὶδ
707 5684 763 5737 δὲ
788 5686 918 5737 seu.
952 5703 1085 5737 πεπ.

450 5699 495 5751 ῳ
515 5699 679 5737 nauta
707 5699 763 5737 σε
788 5699 918 5757 ερμ.
952 5703 1085 5742 πεπ.
