3934 6218
254 335 365 394 785
1136 335 1224 392 DE
1264 336 1543 437 TITULI§
1575 340 2024 399 PSALMORUM.
2060 372 2129 384 —
2154 341 2352 398 PSAL.
2386 341 2625 400 XXXVI.
3398 350 3504 408 780

328 454 382 510 ἆ.
409 456 521 511 Kal
545 456 680 511 ὡσεὶ
702 457 908 529 λάχανα
934 458 1096 531 χλόης
1116 460 1254 531 ταχὺ
1293 461 1715 518 ἀποπεσοῦνται.
1854 470 1881 526 Α

1999 464 2052 519 4.
2087 462 2153 520 Et
2195 463 2658 536 quemadmodum
2700 466 2851 523 olera
2891 468 3187 525 herbarum
3214 469 3323 527 cito
3351 471 3502 527 deci-

1931 556 2083 611 dent.

331 633 383 690 5.
417 632 675 689 Ἔλπισον
705 636 797 689 ἐπὶ
821 636 1045 709 Κύριον,
1075 639 1169 691 καὶ
1193 639 1335 692 ποίει
1365 642 1707 712 χρηστότητα
1728 659 1741 672 ·

1594 658 1707 712 mea
1728 659 1741 672 -
2001 649 2055 704 5.
2089 646 2255 718 Spera
2281 649 2335 705 in
2358 649 2612 716 Domino,
2634 660 2688 707 et
2712 650 2798 709 fac
2817 652 3147 722 bonitatem;

333 725 387 781 ϐ.
413 727 522 780 Kal
553 730 892 801 κατασκήνου
919 729 1016 801 τὴν
1038 730 1176 799 γῆνο

1146 745 1176 773 η’
2003 741 2057 796 6.
2092 741 2160 797 Et
2184 742 2441 798 inhabitat
2461 753 2664 800 terram
2685 763 2699 812 ;

332 819 387 874 7.
414 819 526 873 Kal
554 820 899 893 ποιμανθήσῃ
933 821 1026 874 ὲπὶ
1048 821 1127 892 τῷ
1160 822 1373 893 πλούτῳ
1397 825 1587 895 αὐτῆς.

1348 841 1373 893 ρ
1397 825 1587 895 αὐτῆς.
2004 832 2056 886 7.
2087 832 2154 888 Et
2183 836 2425 904 pasceris
2450 835 2505 889 in
2530 835 2733 891 divitiis
2763 838 2901 907 ejus.

328 912 381 965 8.
411 913 845 985 Κατατρύφησον
894 914 987 969 τοῦ
1044 917 1269 989 Κυρίου,
1321 918 1416 971 καὶ
1458 918 1618 973 δώσει
1647 937 1729 973 σοι
1762 919 1832 974 τὰ

2002 925 2054 979 8.
2091 924 2373 983 Delectare
2409 927 2465 981 in
2505 926 2759 994 Domino,
2790 937 2849 985 et
2889 931 3039 987 dabit
3077 931 3171 987 tibi
3216 934 3503 1005 petitiOnes

261 1004 540 1075 αἰτήματα
564 1005 664 1076 τῆς
688 1006 918 1076 καρδίας
943 1024 1059 1062 σου.

688 1006 918 1076 καρδίας
943 1024 1059 1062 σου.
1936 1017 2117 1074 cordis
2143 1020 2240 1074 tui.

428 1093 801 1181 ’Δποκᾲλυψον
825 1098 962 1169 πρὸς
989 1098 1192 1171 Κύριον
1221 1101 1320 1173 τὴν
1342 1101 1460 1155 ὁδόν
1493 1119 1607 1167 σου,

1500 1119 1607 1167 σου,
2007 1109 2059 1165 9.
2092 1109 2291 1168 Revela
2314 1113 2380 1169 ad
2403 1112 2695 1170 Dominum
2718 1114 2860 1171 viam
2885 1123 3053 1181 tuam,

335 1178 423 1234 10.
464 1181 573 1233 Καὶ
606 1180 823 1237 ἐλπισον
856 1186 944 1239 ἐπ’
966 1186 1149 1252 αὐτὸν,
1182 1189 1277 1242 κα)⁵
1301 1190 1463 1255 αὐτὸς
1488 1193 1722 1263 ποιήσει.

1488 1193 1722 1263 ποιήσει.
2001 1201 2089 1256 10.
2120 1201 2187 1259 Ει
2208 1219 2363 1274 spera
2389 1205 2442 1259 in
2474 1221 2562 1272 eo,
2584 1215 2638 1262 et
2665 1207 2782 1278 ipse
2804 1206 2998 1264 faciet:
3028 1249 3036 1256 .

332 1273 420 1329 11.
456 1274 568 1329 Kal
586 1275 782 1341 ἐξοίσει
813 1278 891 1342 ὡς
911 1279 1025 1348 φῶς
1052 1280 1149 1352 τὴν
1173 1281 1516 1355 δικαιοσύνην
1539 1301 1631 1338 σου
1651 1300 1666 1315 ·

2010 1295 2097 1350 11.
2134 1294 2200 1351 Ει
2225 1273 2419 1353 educet
2451 1298 2609 1369 quasi
2642 1273 2824 1355 lumen
2843 1301 3114 1371 justitiam
3141 1309 3308 1356 tuam.

333 1367 421 1422 12.
457 1369 567 1423 Καὶ
590 1370 652 1424 τὸ
684 1372 858 1443 κρῖμά
877 1390 971 1429 σου
1001 1374 1076 1438 ὡς
1109 1375 1479 1448 μεσημϐρίαν.

2003 1385 2089 1440 12.
2128 1386 2193 1443 Et
2214 1367 2483 1460 judicium
2512 1400 2666 1445 tuum
2701 1367 2957 1463 tanquam
2982 1393 3283 1449 meridiem.

336 1459 422 1514 13.
468 1461 801 1534 ’Υποτάγηθι
833 1464 912 1535 τῷ
933 1465 1143 1537 Κυρίῳ,
1167 1467 1261 1520 καὶ
1289 1467 1573 1523 ἱκέτευσον·
1595 1471 1775 1527 αὐτόν.

1635 1471 1775 1527 ὐτόν.
2004 1475 2087 1530 15.
2118 1459 2380 1535 Subditus
2413 1489 2530 1536 esto
2553 1459 2893 1549 Domino,'et
2914 1498 3009 1537 ora
3041 1495 3187 1538 eum.

338 1552 425 1607 14.
458 1554 548 1626 Μή
589 1555 906 1628 παραζήλου
946 1559 1007 1611 ὲν
1046 1558 1125 1629 τῷ
1140 1561 1603 1633 ,κατευοδουμένῳ
1652 1564 1721 1616 ὲνν
1762 1569 1830 1636 τῇ

2007 1568 2091 1623 11.
2124 1568 2243 1625 Noli
2293 1572 2539 1627 aemulari
2583 1574 2641 1627 in
2684 1588 2751 1629 eo
2799 1574 2894 1645 qui
2946 1584 3299 1645 prosperatur
3339 1573 3392 1628 in
3418 1573 3501 1628 via

263 1642 369 1713 ὁδῷ
391 1643 552 1697 αὐτοῦ
569 1662 582 1676 ·

504 1643 582 1696 ’δ’
1930 1680 2057 1734 sua;

459 1735 546 1790 Ἐν
579 1736 852 1811 ἀνθρώπῳ
877 1739 1129 1794 ποιοῦντι
1163 1744 1524 1814 παρανομίαν.
1861 1804 1883 1829 1

1498 1762 1524 1800 ν.
1861 1804 1907 1829 ἢ
2005 1732 2094 1817 15,
2119 1755 2177 1810 In
2209 1756 2430 1812 homine
2463 1757 2697 1814 faciente
2720 1759 3051 1829 injustitias.‘

338 1811 437 1881 16.Δ
458 1824 669 1880 Παῦσαι
682 1804 805 1882 απὸ
820 1804 1012 1901 όργῆς,
1039 1830 1133 1885 καὶ
1167 1804 1497 1901 ἐγκατάλιπε
1524 1834 1693 1905 θυμόν
1713 1854 1726 1867 ·
1861 1804 1891 1866 Ῑ

1717 1854 1726 1867 '
1861 1804 1909 1866 Β
2004 1848 2088 1902 16.
2124 1847 2318 1904 Desine
2342 1849 2410 1904 ab
2442 1850 2544 1918 ira,
2574 1859 2629 1906 et
2656 1804 2968 1921 derelinque
2991 1851 3228 1906 furorem
3256 1868 3270 1904 :

333 1914 423 1970 17.
453 1917 544 1990 Μὴ
586 1918 920 1991 παραζήλου,
951 1921 1091 1976 ὥστε
1117 1925 1512 1995 πονηρεύεσθαι
1536 1942 1552 1957 °

1459 1943 1512 1980 at
1536 1942 1552 1957 °
2008 1941 2092 1995 1τ.
2125 1937 2246 1995 Noli
2274 1914 2543 2008 aemulari,
2580 1950 2638 1997 ut
2666 1914 3012 2014 maligncris;

338 2007 427 2065 18.
461 2008 582 2063 Ὀτι
610 2011 660 2063 οἱ
683 2012 1106 2085 πονηρευόμενοι
1129 2013 1670 2089 ὲξολοθρευθήσονται
1690 2038 1703 2050 ·

2004 2032 2091 2086 18.
2122 2031 2409 2099 Quoniam,
2434 2032 2529 2104 qui
2552 2007 2939 2104 malignantur,
2966 2007 3500 2088 eaterminabuntur:

336 2101 420 2156 19.
451 2103 514 2157 Oi
541 2102 600 2156 δὲ
622 2103 987 2175 ὑπομένοντες
1014 2105 1105 2159 τὸν
1140 2106 1366 2179 Κύριον,
1403 2110 1557 2164 αὐτοὶ
1577 2111 1835 2184 κληρονο-

2009 2124 2094 2177 19.
2125 2101 2470 2181 Sustinentes
2497 2101 3036 2195 autem—Dominum,
3071 2126 3175 2197 ipsi
3211 2123 3496 2181 haeredita-

271 2193 501 2265 μήσουσι
529 2193 630 2267 τὴν
668 2194 794 2265 γῆν.

771 2213 794 2249 ἰ
1936 2213 2071 2268 bunt
2106 2222 2324 2268 terram.

335 2283 424 2339 20.
456 2286 566 2339 Kal
585 2284 665 2338 ἔτι
686 2286 885 2355 ὀλίγον,
905 2287 1000 2340 καὶ
1019 2288 1080 2341 οὐ
1100 2289 1173 2360 μὴ
1201 2289 1417 2362 ὑπάρξῃ
1439 2294 1468 2346 ὁ
1490 2294 1829 2367 ἁμαρτωλός·

1804 2314 1829 2355 ξ’
2009 2303 2098 2357 20.
2124 2302 2191 2358 Et
2218 2305 2397 2360 adhuc
2429 2305 2709 2375 pusillum,
2734 2316 2789 2362 et
2821 2322 2928 2361 non
2951 2309 3055 2361 erit
3089 2314 3357 2375 peccator.

337 2375 427 2431 2|.
459 2377 575 2430 Kal
589 2377 846 2449 ζητήσεις
867 2377 957 2430 τὸν
972 2378 1137 2432 τόπον
1153 2380 1338 2445 αὐτοῦ,
1357 2384 1450 2436 καὶ
1470 2384 1531 2437 οὐ
1554 2386 1627 2456 μὴ
1645 2385 1839 2460 εὕρῃς..

1767 2403 1839 2458 ις..
2012 2393 2102 2450 2|.
2133 2393 2198 2448 Et
2222 2410 2435 2465 quaeres
2464 2397 2644 2453 locum
2675 2397 2812 2468 ejus.
2839 2406 2893 2452 et
2915 2412 3021 2451 non
3059 2397 3320 2451 invenies.

337 2472 429 2527 22.
456 2474 519 2525 Οί
542 2472 601 2527 δὲ
634 2476 829 2545 πραεῖς
858 2474 1326 2546 κληρονομήσουσι
1350 2476 1453 2547 γῆν
1477 2491 1490 2505 ’

2010 2485 2099 2539 22.
2128 2484 2392 2543 Mansueti
2418 2497 2598 2543 autem
2631 2488 3025 2545 haereditabunt
3052 2498 3252 2543 terram
3278 2506 3290 2542 :

337 2561 427 2618 25.
455 2563 566 2617 Kal
591 2566 1103 2637 κατατρυφήσουσιν
1136 2567 1228 2619 ἐπὶ
1257 2565 1448 2637 πλήθει
1472 2568 1711 2641 εἰρήνης.

2013 2573 2102 2628 23.
2133 2572 2198 2628 Et
2226 2575 2644 2631 delectabuntur
2676 2577 2732 2632 in
2766 2576 3112 2632 multitudine
3137 2578 3306 2648 pacis.

1391 2720 1770 2780 ATHANASII
1808 2723 2387 2786 INTERPRETATIO.

338 2873 392 2933 4.
420 2874 571 2947 Ταχὺ
596 2875 1000 2931 ἁποπεσοῦνται
1030 2875 1245 2948 Θανάτῳ
1280 2877 1693 2949 παραδοθέντες.
1865 2890 1891 2946 ί

1364 2877 1693 2949 ραδοθέντεςο
1865 2890 1907 2946 C
2012 2885 2067 2939 4.
2100 2885 2220 2942 Cito
2244 2886 2493 2943 decident
2517 2890 2679 2944 morti
2709 2889 2913 2944 traditi.

338 2966 392 3022 5.
422 2967 531 3020 Kal
565 2968 709 3022 ποίει
736 2971 845 3023 πᾶν
866 2969 1027 3041 ἔργον
1056 2970 1279 3039 ἀγαθόν.

2018 2976 2070 3031 5.
2106 2977 2175 3033 Et
2206 2977 2290 3035 fac
2309 2995 2472 3036 omne
2498 2996 2639 3051 opus
2670 2981 2897 3037 bonum.

336 3060 391 3123 6,
421 3059 473 3113 7.
507 3061 614 3114 Kal
667 3060 807 3115 οῐκει
860 3063 954 3116 ἐπὶ
1004 3062 1103 3133 τῆς
1138 3064 1242 3134 γῆς
1285 3066 1702 3137 ποιμαινόμενος
1735 3068 1840 3123 ὑπὸ

2014 3071 2069 3133 6,
2094 3068 2144 3123 7.
2176 3069 2239 3126 Ει
2266 3070 2449 3127 habita
2491 3074 2546 3127 in
2585 3082 2729 3127 terra
2762 3072 2998 3129 nutritus
3019 3088 3049 3127 a
3071 3069 3301 3127 Omnino
3326 3090 3340 3126 :
3369 3070 3509 3125 divi-

267 3153 476 3224 Κυρίου
496 3170 510 3184 ’
551 3154 780 3218 πλοῦτος
828 3155 936 3227 γὰρ
964 3156 1062 3228 τῆς
1093 3157 1195 3226 γῆς
1224 3159 1252 3211 ό
1291 3157 1496 3230 Κύριος
1524 3160 1779 3232 ὑπάρχει,
1814 3183 1820 3209 ι

1955 3162 2034 3217 tite
2059 3164 2203 3217 enim
2239 3172 2396 3219 teme
2428 3164 2693 3222 Dominus
2733 3174 2882 3231 sunt,
2915 3165 3098 3221 ditans
3122 3180 3242 3221 eam
3275 3164 3508 3219 diversis

268 3245 515 3303 πλουτῶν
543 3248 715 3318 αὐτὴν
742 3247 926 3302 ἄνθεσι
951 3248 1229 3321 διαφόροις
1258 3250 1352 3304 καὶ
1388 3250 1625 3323 δένδρεσι
1648 3268 1821 3305 παντο

1397 3250 1625 3323 δένδρεσι
1648 3268 1843 3305 παντο·
1945 3253 2171 3311 ﬂoribus
2190 3265 2244 3311 et
2268 3257 2416 3312 omni
2442 3272 2641 3329 genere
2669 3258 2950 3312 arborum.

268 3337 480 3395 δαπέσι.

340 3432 393 3487 8.
442 3432 751 3505 ’Δγάπησον
772 3434 864 3487 τὸν
893 3434 1099 3507 Κύριον
1131 3433 1190 3498 ἐξ
1222 3433 1349 3505 ὅλης
1368 3435 1546 3507 ψυχῆς
1570 3477 1585 3500 ,
1623 3434 1699 3508 (1)
1750 3437 1844 3490 καὶ

2018 3435 2071 3489 8.
2099 3434 2270 3508 Dilige
2309 3435 2600 3493 Dominum
2638 3452 2704 3494 ex
2744 3445 2855 3492 tota
2891 3435 3103 3503 anima,
3129 3441 3187 3489 et
3222 3431 3381 3489 faciet
3413 3449 3534 3488 νο·-

268 3523 341 3578 ea
373 3523 655 3597 θελήματά
685 3543 776 3580 σου
810 3527 1048 3598 ποιήσει.
1632 3596 1635 3599 Ἴ

810 3527 1048 3598 ποιήσει.
1632 3596 1635 3599 Ἴ
1947 3527 2182 3585 luntates
2208 3538 2347 3585 tuas.

342 3615 397 3672 9.
444 3617 869 3687 Ἀποκὰλυψον
896 3619 1047 3687 πρὸς
1073 3620 1290 3688 Κύριον
1306 3619 1404 3689 τὴν
1425 3619 1655 3689 καρδίαν
1684 3636 1799 3684 σου,

1470 3619 1655 3689 ιρδίαν
1684 3636 1799 3684 σου,
2022 3623 2076 3677 9.
2108 3620 2296 3676 Revela
2325 3624 2392 3675 ad
2428 3621 2709 3677 Dominam
2732 3638 2827 3679 cor
2848 3630 3023 3687 tuum,

344 3709 430 3764 10.
467 3711 578 3764 Kal
602 3711 765 3774 αὐτὸς
790 3711 1046 3783 ὁδηγήσει
1081 3728 1138 3764 σε
1168 3713 1247 3775 εἰς
1279 3713 1387 3765 πᾶν
1422 3711 1582 3788 ἔργον
1616 3712 1840 3781 ἀγαθόν.

1828 3752 1840 3766 .
2023 3715 2109 3768 10.
2145 3713 2211 3769 Ει
2236 3714 2351 3784 ipse
2372 3713 2601 3770 deducet
2628 3723 2680 3769 te
2703 3715 2757 3769 in
2792 3729 2953 3769 omne
2984 3728 3119 3783 Opus
3148 3711 3374 3768 bonum.

346 3802 435 3856 11.
466 3802 752 3875 Καθαρὰν,
790 3804 959 3873 λέγει.

2022 3806 2109 3859 11.
2135 3804 2413 3872 Mundam,
2441 3805 2637 3876 inquit.

347 3898 435 3952 12.
471 3899 919 3971 Πεφωτισμένην.

2023 3899 2112 3953 12.
2142 3898 2507 3954 llluminatum
2540 3896 2692 3952 dicit.

346 3988 540 4044 15-15.
567 3990 917 4045 Ταπείνωσον
950 3991 1177 4046 σεαυτὸν
1211 3990 1289 4061 (2)
1320 3990 1426 4043 ὑπὸ
1454 3988 1550 4060 τὴν
1578 3987 1847 4059 κραταιὰν

2023 3990 2214 4046 15-15.
2261 3989 2495 4046 Humilia
2523 3990 2757 4061 teipsum
2781 3989 2884 4044 sub
2914 3988 3115 4059 potenti
3162 3988 3473 4057 ejuemanu
3498 4003 3509 4038 :

277 4081 442 4136 αὐτοῦ
469 4084 627 4153 χεῖρα
649 4098 666 4113 ο
693 4080 794 4153 μὴ,
815 4081 911 4137 ἐὰν
936 4082 1050 4154 ἴδῃς
1089 4082 1212 4145 τοὺς
1243 4081 1656 4152 ἁμαρτάνοντας
1684 4078 1830 4148 εὐθη-

1961 4097 2040 4148 ne,
2093 4084 2139 4139 si
2183 4084 2384 4139 videris
2421 4092 2733 4154 peccatores
2781 4097 3036 4152 prospere.
3084 4089 3320 4152 agentes,
3370 4079 3514 4134 inlli-

276 4172 521 4237 νοῦντας,
554 4173 814 4245 ὀργισθῇς
837 4175 895 4227 ὲν
926 4176 994 4245 τῇ
1025 4172 1221 4245 καρδίᾳ
1262 4189 1356 4226 σου
1398 4172 1464 4225 δι’
1513 4172 1730 4234 αὐτοὺς,
1758 4171 1829 4224 Xa

1971 4174 2137 4244 gueris
2160 4186 2380 4245 propter
2411 4189 2507 4230 eos
2530 4173 2587 4228 in
2615 4172 2779 4230 corde
2802 4180 2919 4239 tuo,
2952 4181 3008 4227 et
3036 4171 3170 4227 velis
3202 4171 3358 4226 talem
3379 4169 3524 4234 ﬁeri,

278 4257 513 4334 θελήσῃς
543 4259 795 4329 γενέσθαι
819 4261 1057 4325 τοιοῦτος
1078 4263 1259 4323 ὁποῖος
1289 4261 1552 4323 κάκεῖνος.

873 4261 1057 4325 ιιοῦτος
1078 4263 1259 4323 ὁποῖος
1289 4261 1552 4323 κάκεῖνος.
1885 4254 1929 4308 Β
1957 4266 2147 4337 quales
2177 4266 2251 4321 illi
2279 4275 2426 4322 sunt.

352 4350 439 4406 16.
481 4351 648 4423 Ὀργὴ
677 4352 786 4424 γὰρ
808 4351 999 4424 ἀνδρὸς
1025 4352 1372 4423 δικαιοσύνην
1397 4350 1536 4403 Θεοῦ
1563 4350 1662 4403 οὐκ
1682 4350 1851 4421 ἁπερ-

2028 4357 2118 4413 16.
2152 4357 2234 4413 lra
2277 4359 2424 4414 enim
2469 4359 2713 4417 hominis
2745 4358 3014 4431 justitiam
3041 4356 3137 4412 Dei
3178 4370 3293 4411 non
3325 4368 3519 4424 opera.-

278 4442 505 4512 γάζεται
528 4442 625 4511 (3).

528 4442 625 4511 (3).
1955 4458 2062 4505 tur.

352 4535 442 4591 17.
469 4534 562 4608 Μὴ
600 4535 768 4607 μιμοῦ
799 4536 865 4590 τὸ.
888 4536 1076 4590 κακόν.

2008 4541 2119 4615 17.
2150 4540 2229 4597 Ne
2250 4541 2481 4615 imiteris
2506 4541 2730 4596 malum.

350 4626 438 4682 18.
469 4628 592 4681 Ὀτι
615 4629 663 4680 οἱ
694 4627 973 4691 ποιοῦντες
992 4628 1052 4682 τὸ
1079 4627 1247 4683 κακὸν
1289 4628 1847 4700 ὲξολοθρευθήσονται.

2008 4614 2113 4689 18.
2154 4634 2423 4701 Quoniam
2461 4632 2723 4690 facientes
2767 4632 2971 4687 malum
3015 4630 3522 4685 extermiuaountur.

352 4719 439 4777 19.
471 4720 534 4772 Οἱ
580 4719 640 4773 δὲ
681 4719 1102 4791 ἀπεκδεχόμενοι
1135 4719 1227 4775 τοῦ
1266 4720 1473 4792 Κυρίου
1516 4720 1613 4792 τὴν
1649 4723 1851 4791 ἐπιφά-

2032 4726 2121 4782 19.
2148 4724 2543 4797 Exspectantes
2587 4735 2769 4780 autem
2813 4722 3041 4778 Domini
3078 4721 3387 4786 adventum,
3421 4717 3524 4788 ipsi

282 4829 453 4877 νειαν,
486 4812 642 4866 αὐτοὶ
678 4811 1149 4885 κληρονομήσουσι
1175 4812 1273 4885 τήν
1306 4812 1577 4883 βασιλείαν
1618 4812 1725 4867 τῶν
1758 4814 1835 4868 οὑ-

1378 4812 1577 4867 σιλείαν
1618 4812 1725 4867 τῶν
1758 4814 1853 4868 οὑ-
1961 4818 2364 4875 ιιτετεόὶιοὺυηι
2392 4832 2619 4888 regnum
2644 4816 2931 4873 caelorum.

284 4923 480 4980 ρανων.

349 4997 440 5053 20.
478 4997 688 5067 Ὀλίγον
726 4997 835 5069 γάρ
867 4997 1003 5058 ἐστι,
1034 4996 1130 5050 καὶ
1162 4997 1492 5069 παρέρχεται
1515 5000 1543 5051 ό
1572 4999 1793 5070 κόσμος.

2028 4993 2120 5051 20.
2151 4993 2411 5050 Pusillum
2440 4993 2585 5049 enim
2607 5000 2712 5057 est,
2738 5001 2793 5047 et
2818 4990 3056 5047 mundus
3084 4988 3392 5061 pertransit.

349 5088 440 5143 21.
473 5090 829 5163 Παραδίδοται
861 5088 970 5160 γὰρ
1003 5089 1231 5152 ἕκαστος
1273 5088 1382 5142 τῶν
1429 5090 1856 5162 ἁμαρτανόντων

2029 5085 2122 5140 2|.
2150 5084 2359 5157 Singuli
2382 5085 2527 5140 enim
2555 5093 2869 5155 peccatores
2888 5090 3106 5140 aeterna:
3124 5078 3391 5151 punitioni
3417 5085 3527 5131 tra-

279 5182 346 5250 τῇ
371 5180 565 5251 αἰωνίᾳ
595 5180 814 5235 κολάσει
848 5179 945 5250 (ό).

632 5180 814 5234 ολὰσει
848 5179 945 5250 (ό).
1963 5178 2184 5234 duntur.

350 5269 443 5324 22.
467 5270 579 5342 Τὴν
607 5270 720 5325 ἂνω
756 5268 1108 5341 Ἰερουσαλὴμ
1134 5269 1305 5337 λέγει.

2036 5267 2128 5323 22.
2165 5267 2238 5323 Su
2245 5282 2469 5339 pernam
2489 5267 2790 5325 .erusalem
2814 5264 3099 5338 significat.

352 5362 444 5417 23.
475 5362 574 5426 Εἰς
604 5361 696 5415 τὸν
733 5360 906 5415 αἰῶνα
934 5358 1027 5414 τοῦ
1053 5360 1267 5424 αἰῶνος.

1183 5378 1267 5424 ὀς-
2038 5361 2129 5414 25.
2159 5358 2217 5415 ln
2241 5360 2502 5417 saculum
2530 5360 2736 5418 saeculi.

1234 5513 1547 5577 Addenda
1587 5521 1655 5577 et
1676 5515 2053 5600 corrigenda
2097 5534 2175 5578 ex
2209 5515 2348 5578 cod.
2384 5516 2587 5578 Vatic.

356 5619 430 5688 ll)
452 5620 648 5743 Ψυχῇς
678 5636 795 5680 σου,
826 5620 919 5672 καὶ
943 5618 1011 5672 τά
1047 5628 1095 5671 et
1124 5618 1215 5671 rel.
1258 5618 1444 5672 desunt
1484 5620 1538 5672 iu
1566 5620 1681 5672 cod.

358 5690 432 5743 l2l
457 5690 522 5743 N.
592 5710 645 5743 ο.
697 5689 1043 5743 Ταπείνωσον
1099 5688 1360 5741 ἐκυτδν...
1416 5691 1593 5743 νεῖοα.
1654 5687 1720 5743 Ν.
1766 5690 1853 5743 14.

1160 5618 1215 5670 εἰ.
1258 5618 1444 5672 desunt
1484 5620 1538 5672 iu
1566 5620 1681 5672 cod.
2040 5623 2116 5691 ('5)
2143 5622 2219 5675 Οὐ
2254 5621 2666 5692 κατεργάζεται.

1160 5688 1360 5741 νυτδν...
1416 5691 1593 5743 vdua.
1654 5687 1720 5743 Ν.
1766 5690 1853 5743 14.
2039 5691 2113 5743 Mi
2145 5693 2238 5743 Ei:
2266 5693 2362 5743 τὴν
2388 5692 2600 5743 αἰώνιον
2637 5687 2713 5742 κό]

358 5690 522 5766 12)-Ν.
548 5687 645 5745 ⁷13.
697 5689 1078 5766 Ἰξαπείνωσον-
1099 5688 1366 5766 ἐκυτδν...
1416 5691 1627 5766 χεῖρα.-
1654 5687 1720 5743 Ν.
1766 5690 1853 5760 11,
2144 5693 2238 5756 Εἰς
2266 5693 2362 5765 τήν
2388 5687 2600 5746 αἰώνιον
2637 5687 2869 5742 κόλασιν.

288 5758 367 5814 15.
403 5761 560 5832 Μὴ...
617 5758 871 5828 γενέσθαι
924 5757 1197 5823 τοσοῦτος,
1248 5757 1728 5815 ὁποῖοικᾶκεῖνοι.
