3934 6218
417 1414 426 1573 ἰ

429 347 526 403 7~;7

494 468 580 519 et.
617 466 937 525 Observabit
962 478 1213 548 peccator
1238 471 1448 540 justum
1477 492 1488 525 :

500 558 590 612 23.
622 557 689 614 Et
717 560 965 616 stridebit
992 577 1156 631 super
1183 578 1308 617 eum
1336 564 1589 619 dentibus
1620 565 1755 620 suis.

499 650 587 703 26.
617 650 877 709 Dominus
913 664 1089 709 autem
1119 655 1366 713 irridebit
1394 673 1518 712 eum
1543 675 1557 711 :

502 742 591 796 27.
616 742 884 810 Quoniam
913 746 1192 815 prospicit,
1218 749 1360 817 quod
1391 748 1571 802 veniet
1595 748 1709 803 dies
1737 747 1878 815 ejus.

503 834 590 887 28.
625 835 875 893 Gladium
903 838 1326 908 evaginaverunt
1358 850 1702 909 peccatores;

506 925 594 980 29.
628 926 978 985 intenderunt
1018 947 1207 987 arcum
1240 947 1399 987 suum
1439 931 1646 1003 [suum,
1682 948 1797 989 rem
1849 949 1998 987 ama-

436 1015 577 1088 ram]
602 1036 615 1083 ;

504 1104 593 1157 50.
627 1102 695 1160 Ut
725 1104 983 1173 dejiciant
1008 1122 1298 1179 pauperem
1327 1117 1381 1162 et
1412 1108 1629 1179 inopem
1658 1128 1673 1175 ;

509 1197 597 1251 51.
636 1197 701 1252 Ut
728 1200 1000 1263 trucident
1031 1209 1208 1255 rectos
1236 1201 1419 1269 corde.

506 1290 595 1343 52.
627 1289 850 1349 Gladius
884 1305 1074 1347 eorum
1100 1293 1265 1361 intret
1291 1292 1459 1363 injcor
1485 1291 1701 1366 [corda]
1722 1307 1999 1364 Ipsorum;

509 1472 596 1526 55.
632 1470 695 1525 Et
728 1488 888 1533 arcus
909 1488 1101 1529 eorum
1130 1474 1565 1547 confringantur.

507 1559 598 1635 54.
632 1560 822 1619 Melius
847 1571 930 1622 est
957 1565 1421 1638 modicumjusto,
1451 1583 1615 1638 super
1645 1567 1861 1623 divitias
1882 1581 2004 1637 pec—

439 1660 683 1718 catorum
715 1655 915 1710 multas
941 1673 956 1711 :

511 1742 599 1796 55.
631 1743 901 1809 Quoniam
933 1748 1155 1806 brachia
1180 1764 1531 1820 peccatorum
1566 1758 1935 1811 conterentur.

514 1833 600 1887 56.
633 1835 929 1900 Conﬁrmat
953 1851 1131 1896 autem
1160 1842 1338 1911 justos
1370 1842 1651 1897 Dominus.

513 1927 602 1979 57.
636 1925 796 1982 Novit
821 1929 1084 2006 Dominus
1108 1935 1223 1988 vias
1256 1935 1730 1997 immaculatorum
1764 1952 1777 1987 :

508 2016 596 2071 58.
627 2016 692 2073 Et
722 2020 1006 2079 hzereditas
1041 2040 1229 2079 eorum
1256 2025 1311 2080 in
1339 2035 1596 2101 αξιοι-ηψπ
1625 2025 1750 2098 erit.

509 2105 599 2161 59.
632 2107 750 2164 Non
781 2112 1181 2170 confundentur
1205 2117 1259 2170 in
1288 2127 1528 2188 tempore
1554 2117 1699 2171 malo
1725 2134 1737 2169 :

513 2197 602 2253 40.
635 2198 702 2254 Ει
734 2202 787 2256 in
819 2204 1012 2260 diebus
1038 2205 1197 2271 famis
1226 2210 1637 2265 saturabuntur.

512 2290 600 2344 41.
634 2289 772 2357 Quia
801 2307 1116 2364 peccatores
1149 2300 1443 2368 peribunt:

488 2374 489 2377 “
516 2382 610 2456 42.
640 2383 849 2441 Inimici
881 2403 1009 2443 vero
1034 2390 1250 2445 Domini
1279 2407 1405 2446 mox
1432 2401 1491 2448 ut
1518 2393 1857 2449 honoriﬁcati
1892 2390 2007 2447 l‘ue-

447 2473 554 2531 t‘iul
578 2475 680 2544 ipsi
715 2487 768 2535 et
797 2482 1038 2546 exaltari,

516 2568 604 2623 45.
635 2568 950 2630 Deﬁcientes
984 2579 1441 2645 quemadmodum
1473 2587 1661 2643 tumus
1691 2579 1961 2645 deﬁcient.

408 2706 411 2709 .
515 2660 604 2715 44.
641 2661 914 2719 Mutuatur
942 2679 1213 2746 paea-ator,
1239 2680 1293 2726 et
1321 2688 1425 2726 non
1452 2674 1621 2728 solvet
1650 2692 1663 2725 :

518 2751 606 2805 45.
641 2752 827 2825 Justus
852 2767 1030 2813 autem
1067 2762 1373 2827 miseretur,
1404 2776 1453 2819 et
1484 2766 1701 2821 tribuet.

1167 373 1179 380 ο
1261 352 1319 406 S.
1362 351 1733 409 ATHANASH
1773 350 1922 409 OPP.
1965 350 2148 407 PARS
2181 350 2273 405 Ill.
2307 380 2378 390 —
2411 341 2822 401 EXEGETICA.

2014 475 2061 549 ιλ
2158 469 2246 524 24.
2278 466 2733 538 Παρατηρήσεται
2769 464 2798 516 ό
2829 458 3148 533 ἁμαρτωλὸς
3175 459 3264 514 τὸν
3287 459 3526 515 δίκαιον

3556 337 3656 397 788

2166 560 2256 615 25.
2289 559 2398 611 Καὶ
2432 556 2616 629 βρύξει
2642 558 2728 609 ἐπ’
2761 555 2921 609 αὐτὸν
2942 553 3068 617 τοὺς
3099 551 3318 616 ὀδόντας
3345 549 3532 606 αὐτοῦ.

2167 650 2256 705 26.
2300 650 2357 702 '0
2385 648 2441 717 δὲ
2462 634 2665 718 Κύριος
2697 644 3049 715 ἑκγελάσεται
3086 642 3278 697 αὐτόν·

2165 743 2253 797 27.
2284 741 2407 793 Ὅτι
2431 737 2743 811 προϐλέπει,
2769 737 2851 789 ὅτι
2876 733 2995 808 ἥξει
3023 735 3057 804 ή
3092 733 3277 805 ἡμέρα
3309 730 3498 785 αὑτοῦ.

2168 837 2258 893 2.8.
2296 833 2591 905 Ῥομφαίαν
2618 830 2926 885 ἐσπάσαντο
2949 828 3000 880 οἱ
3025 825 3367 898 ἁμαρτωλοίο

2171 927 2259 981 29.
2303 925 2597 996 Ἐνέτειναν
2631 922 2782 988 τόξον
2827 919 3005 977 αὐτῶν
3039 917 3240 992 [αὐτῶν
3299 918 3533 989 πρᾶγμα
3575 931 3659 971 πι-

2103 1019 2298 1093 κρόν]·

2171 1113 2258 1168 50.
2294 1109 2400 1175 Τοῦ
2426 1106 2750 1165 καταϐαλεῖν
2778 1104 2991 1176 πτωχὸν
3009 1103 3103 1163 καὶ
3130 1101 3339 1172 πένητα
3359 1118 3373 1130 ·

2170 1203 2259 1256 51.
2291 1202 2396 1255 Τοῦ
2430 1200 2629 1270 σφάξαι
2657 1199 2783 1262 τοὺς
2807 1197 2981 1260 εὐθεῖς
3005 1198 3071 1266 τῇ
3105 1195 3319 1266 καρδία.

2170 1295 2259 1354 52.
2301 1294 2366 1347 Ἠ
2396 1291 2637 1365 ῥομφαία
2660 1290 2837 1344 αὐτῶν
2877 1288 3111 1359 εἰσέλθοι
3165 1289 3246 1351 εἰς
3294 1284 3394 1355 τὴν
3443 1282 3659 1353 καρδίαν

2105 1388 2219 1462 [εἰς
2247 1385 2508 1457 καρδίας]
2539 1384 2717 1438 αὐτῶν
2738 1400 2754 1414 ·

2173 1480 2262 1534 55.
2294 1478 2404 1532 Καὶ
2434 1476 2505 1530 τὰ
2524 1476 2653 1542 τόξα
2684 1475 2863 1530 αὐτῶν
2893 1472 3223 1546 συντριϐείη.

2173 1572 2260 1627 54.
2293 1572 2560 1644 Κρεῖσσον
2580 1568 2757 1637 ὀλίγον
2770 1565 2848 1638 τῷ
2867 1566 3058 1637 δικαίῳ
3087 1564 3227 1637 ὑπὲρ
3244 1563 3473 1618 πλοῦτον
3493 1564 3666 1635 ἁμαρ-

2104 1666 2289 1720 τωλῶν
2317 1663 2502 1733 πολύν.

2177 1757 2266 1812 55.
2297 1756 2418 1809 Ὀτι
2453 1753 2733 1826 βραχίονες
2752 1750 3089 1823 ἁμαρτωλῶν
3124 1748 3599 1821 συντριϐήσονται·

2038 1827 2081 1889 Β
2177 1847 2267 1901 56.
2308 1842 2686 1914 Ὑποστηρίξει
2717 1842 2774 1895 δὲ
2803 1842 2930 1905 τοὺς
2957 1840 3200 1904 δικαίους
3229 1843 3258 1894 ό
3282 1839 3509 1911 Κύριος.

2179 1941 2267 1994 57.
2303 1937 2563 1992 Γινώσκει
2594 1934 2799 2006 Κύριος
2828 1933 2931 1998 τὰς
2961 1936 3115 1999 ὁδοὺς
3144 1934 3255 1989 τῶν
3286 1933 3566 2005 ἀμώμωψ

2179 2028 2267 2082 58.
2301 2028 2411 2080 Καὶ
2443 2029 2475 2097 ή
2505 2025 2837 2098 κληρονομία
2864 2024 3043 2080 αὐτῶν
3076 2027 3156 2090 εἰς
3182 2024 3275 2079 τὸν
3297 2025 3471 2079 αἰῶνα
3501 2025 3667 2095 ἔσται.

2182 2121 2266 2175 59.
2299 2120 2372 2172 Οὐ
2411 2116 2967 2188 καταισχυνθήσονται
2993 2118 3050 2171 ὲν
3081 2116 3256 2190 καιρῷ
3277 2115 3535 2189 πονηρῷ·

2184 2212 2271 2265 40.
2306 2213 2417 2266 Καὶ
2451 2213 2509 2264 ὲν
2539 2211 2773 2281 ἡμέραις
2802 2209 2961 2280 λιμοῦ
2988 2208 3469 2282 χορτασθήσονται.

2183 2303 2270 2357 41.
2302 2304 2421 2356 Ὅτι
2444 2303 2493 2355 oi
2518 2300 2828 2373 ἁμαρτωλοὶ
2851 2300 3177 2354 ἀπολοῦνται
3197 2316 3211 2332 ⁸

2183 2396 2270 2451 42.
2307 2397 2369 2448 υἱ
2402 2394 2459 2448 δὲ
2486 2393 2669 2465 ἐχθροὶ
2696 2390 2788 2445 τοῦ
2818 2393 3021 2463 Κυρίου
3044 2432 3058 2455 ,
3103 2393 3219 2465 ἅμα
3249 2392 3326 2467 τῷ
3358 2392 3675 2464 ὣξασθῆναι

2116 2489 2311 2551 αὐτοὺς
2335 2486 2428 2539 καὶ
2456 2486 2733 2557 ὑψωθῆναι
2756 2528 2768 2550 ,

2186 2581 2273 2633 45.
2325 2579 2694 2641 Ἐκλείποντες
2731 2576 2862 2630 ὡσεὶ
2893 2578 3095 2641 καπνὸς
3133 2577 3402 2642 ἐξέλιπον.

2188 2672 2273 2723 Ui.
2306 2669 2610 2734 Δανείςεται
2631 2672 2658 2723 ό
2683 2669 3021 2740 ἁμαρτωλὸς,
3046 2670 3139 2725 καὶ
3165 2672 3264 2731 οὐκ
3292 2669 3575 2724 ἀποτίσεν

2188 2763 2278 2818 45.
2329 2765 2385 2815 '0
2410 2762 2465 2815 δὲ
2497 2762 2702 2831 δίκαιος
2722 2763 3001 2835 οἱκτείρει,
3034 2762 3127 2816 καὶ
3164 2762 3398 2823 δίδωσιν.

1566 2897 1937 2955 ATHANASII
1976 2898 2561 2954 INTERPRETATIO.

522 3008 613 3061 24.
644 3009 904 3066 Diabolus
934 3022 985 3066 et
1014 3012 1134 3081 ejus
1164 3014 1401 3069 ministri
1436 3015 1725 3069 observant
1748 3015 1951 3072 ﬁdeles.

2185 3015 2273 3068 24.
2314 3015 2374 3068 Ὀ
2402 3013 2645 3076 διάϐολος
2677 3013 2769 3066 καὶ
2810 3013 2863 3065 οἱ
2899 3010 3065 3066 αὐτοῦ
3098 3010 3538 3086 παρατηροῦνται
3562 3016 3680 3079 τοὺς

524 3194 612 3247 25.
644 3193 905 3259 ρυξειοοηε
923 3195 1100 3264 ipsum
1125 3198 1368 3265 perdere.

523 3287 614 3339 26.
653 3286 785 3341 Eum
840 3288 1115 3345 inﬁrmum
1162 3290 1430 3356 ostendet;
1456 3300 1507 3345 ct
1538 3290 1655 3361 ejus
1685 3291 2018 3359 voluntatem

455 3378 663 3448 irritam
696 3379 875 3434 faciet.

521 3473 611 3528 27.
651 3475 773 3529 Dies
796 3477 1097 3546 punitionis
1124 3479 1266 3549 ejus.

524 3565 613 3619 28.
652 3566 932 3624 Daemones
960 3579 1261 3639 peccatum.

526 3659 614 3713 29.
646 3660 830 3715 Mundi
863 3663 1204 3732 cupiditates.

523 3752 611 3807 50.
640 3753 878 3809 Justum.

528 3844 618 3897 5|.
651 3846 898 3904 Sanctos.

525 3939 616 3994 52.
650 3940 922 3997 Conversa
950 3951 1033 4003 est
1057 3942 1319 4014 iniquitas
1346 3959 1536 4002 eorum
1566 3944 1619 3998 in
1646 3945 1811 4015 ipsos.

528 4033 619 4087 55.
651 4032 822 4105 lgnita
856 4034 1163 4103 daemonum
1193 4035 1301 4091 tela
1333 4036 1625 4107 signiﬁcat.

526 4126 616 4181 54.
646 4125 892 4196 Amplius
925 4135 1008 4182 est
1045 4126 1195 4197 justo
1228 4129 1455 4197 paulum
1502 4126 1889 4183 misericordiae
1920 4126 2019 4181 Do.-

460 4220 615 4281 mini,
643 4236 806 4289 quam
831 4235 1024 4276 omnes
1052 4221 1242 4276 mundi
1272 4220 1496 4276 divitiae.

532 4314 623 4369 55.
648 4312 917 4380 Quoniam
952 4315 1131 4369 omnis
1161 4328 1352 4371 eorum
1379 4314 1620 4383 potentia
1654 4312 1871 4382 peribit.

527 4403 617 4457 56.
654 4403 913 4468 Immotos
943 4420 1039 4460 eos
1066 4391 1306 4460 custodit
1333 4404 1388 4458 in
1416 4413 1698 4459 aeternum.

534 4498 623 4551 57.
654 4496 785 4568 Ejus
808 4498 950 4553 enim
978 4507 1105 4554 sunt
1136 4512 1301 4567 opera
1331 4507 1672 4563 sanctorum.

539 4589 627 4641 58.
658 4587 727 4641 Et
751 4603 975 4657 regnum
1001 4588 1263 4659 caelorum
1287 4602 1474 4644 eorum
1501 4596 1603 4642 est.

529 4682 618 4736 59.
655 4680 715 4735 In
739 4681 827 4736 die
851 4681 1071 4752 iudicii.

534 4775 623 4829 40.
657 4772 778 4830 Non
803 4774 961 4844 panis
989 4772 1185 4828 famem
1219 4773 1505 4844 signiﬁcat,
1538 4770 1631 4829 sed
1664 4769 1850 4842 gratia:
1874 4769 1989 4824 Dei.

533 4958 720 5013 41-45.
771 4955 1056 5014 Daemones
1107 4966 1161 5013 et
1215 4957 1307 5027 qui
1365 4956 1470 5027 illis
1514 4954 1910 5027 obsequuntur,
1973 4953 2028 5007 in

466 5050 695 5106 nihilum
721 5049 1049 5120 redigentur.

535 5140 625 5194 44.
655 5138 886 5199 Peccata
929 5140 1165 5211 peccatis
1205 5138 1376 5204 addit,
1412 5146 1465 5194 et
1512 5135 1889 5208 paenitentiam
1920 5148 2030 5190 non

467 5232 597 5301 agit,
616 5232 913 5301 deprecans
933 5247 1033 5301 pro
1059 5232 1188 5287 illis.

511 5321 632 5378 ι45.
657 5321 849 5379 Justus
877 5331 1059 5377 autem
1096 5320 1254 5378 oﬁ‘ert
1286 5318 1396 5375 Deo
1421 5334 1518 5390 per
1549 5318 1919 5387 eleemosynas
1950 5311 2032 5375 di-

470 5415 630 5470 vitias
659 5432 807 5472 suas.

2120 3105 2364 3167 πιστούς.

2188 3194 2279 3250 25.
2310 3192 2494 3265 Ζητῶν
2528 3191 2687 3245 αὑτὸν
2710 3190 3005 3247 ἀναλῶσαι.

2189 3285 2276 3339 26.
2322 3284 2545 3356 Ἀσθενῆ
2580 3283 2745 3340 αὐτὸν
2774 3282 3043 3352 ἀναδείξει
3064 3326 3079 3351 ,
3115 3282 3194 3356 (1)
3234 3284 3325 3338 καὶ
3358 3284 3459 3358 τὴν
3496 3285 3682 3361 βουλὴν

2120 3377 2283 3435 αὐτοῦ
2308 3376 2628 3449 ματαιὼσει.

2191 3470 2283 3524 27.
2330 3470 2395 3522 Ἦ
2430 3468 2612 3540 ἡμέρα
2638 3470 2739 3538 τῆς
2763 3466 3038 3530 κολάσεως
3065 3464 3253 3542 αὐτοῦ.

2192 3562 2282 3616 28.
2310 3562 2370 3615 Οί
2400 3560 2654 3631 δαίμονες
2685 3558 2784 3631 τὴν
2812 3559 3109 3630 ἁμαρτίαν.

2188 3654 2280 3709 29.
2308 3653 2420 3718 Τὰς
2440 3652 2733 3724 ἐπιθυμίας
2759 3650 2854 3706 τοῦ
2885 3649 3115 3727 κόσμου.

2193 3745 2282 3800 50.
2312 3746 2415 3801 Τὸν
2438 3745 2664 3800 δίκαιον.

2194 3838 2283 3892 51.
2319 3838 2458 3901 Τοὺς
2493 3837 2702 3906 ἁγίους.

2194 3927 2283 3981 52.
2326 3925 2688 3997 Ἐπέστρεψεν
2710 3926 2745 3995 ἡ
2773 3924 2942 3978 κακία
2962 3922 3141 3979 αὐτῶν
3169 3924 3257 3977 ἐπ’
3283 3923 3504 3988 αὐτούς.

2193 4019 2284 4074 55.
2318 4019 2399 4072 Τὰ
2424 4016 2793 4088 πεπυρωμένα
2815 4015 2941 4087 βέλη
2980 4015 3088 4071 τῶν
3110 4015 3381 4087 δαιμόνων
3417 4014 3590 4085 λέγει.

2194 4111 2285 4166 54.
2314 4110 2518 4174 Μεῖζόν
2546 4112 2694 4164 ἐστιν
2728 4110 2921 4181 μικρὸν
2947 4108 3094 4173 ἔλεος
3122 4108 3216 4163 τοῦ
3267 4110 3477 4181 Κυρίου
3523 4108 3599 4181 τῷ
3621 4108 3691 4164 δι-

2128 4203 2269 4274 καίῳ
2301 4203 2441 4276 ὑπὲρ
2480 4202 2657 4257 πάντα
2688 4203 2779 4256 τὸν
2805 4200 3035 4255 πλοῦτον
3062 4202 3157 4255 τοῦ
3186 4202 3413 4274 κόσμου.

2199 4295 2288 4350 55.
2322 4289 2444 4349 Ὅτι
2480 4296 2630 4350 πᾶσα
2656 4297 2689 4366 ἠ
2712 4284 3003 4349 δυναστεία
3033 4293 3213 4348 αὐτῶν
3254 4295 3554 4349 ἀπολεῖται.

2057 4378 2099 4432 Ῑ)
2197 4389 2285 4445 56.
2304 4387 2653 4452 Ἀσαλεύτους
2672 4388 2865 4451 αὐτοὺς
2875 4386 3217 4457 διαφυλάττει
3233 4387 3313 4451 είς
3328 4386 3456 4451 τοὺς
3473 4386 3689 4451 αἰῶνας.

2203 4483 2296 4538 57.
2322 4480 2498 4539 Αὐτοῦ
2536 4482 2643 4560 γάρ
2669 4482 2775 4534 εἰσι
2802 4480 2870 4535 τὰ
2897 4479 3034 4552 ἔργα
3052 4480 3161 4534 τῶν
3190 4479 3381 4549 ἁγίων.

2202 4572 2290 4627 58.
2324 4573 2433 4625 Καὶ
2458 4571 2491 4642 ἡ
2519 4570 2761 4641 βασιλεία
2780 4568 2889 4624 τῶν
2913 4568 3361 4642 οὐρανῶνοαὺτῶν
3380 4570 3530 4624 ἐστιν
3558 4568 3655 4641 (2).

2203 4667 2290 4722 59.
2334 4666 2420 4719 Ἐν
2446 4665 2629 4737 ἡμέρᾳ
2660 4664 2734 4735 (5)
2759 4662 3010 4736 κρίσεως.

2205 4759 2294 4814 40.
2337 4757 2411 4811 Οὐ
2437 4757 2591 4827 λιμὸν
2629 4754 2795 4825 ἄρτου
2827 4754 2993 4823 λέγει,
3029 4752 3165 4807 ἀλλὰ
3202 4752 3305 4825 τῆς
3341 4752 3564 4825 χάριτος
3607 4749 3696 4806 τοῦ

2133 4850 2265 4904 Θεοῦ
2276 4892 2288 4903 .

2209 4943 2396 4998 41-45.
2432 4944 2495 4997 Οἱ
2540 4941 2789 5013 δαίμονες
2838 4937 2932 4995 καὶ
2963 4937 3013 4990 οί
3056 4935 3370 5007 πειθόμενοι
3407 4934 3594 5007 αὐτοῖς
3623 4936 3698 4999 εἰς

2135 5036 2284 5090 οὐδὲν
2315 5037 2652 5107 γενήσονται.

2202 5126 2294 5180 44.
2324 5123 2686 5198 Προστίθησιν
2727 5121 3000 5194 ἁμαρτίας
3036 5122 3121 5190 ἐφ’
3149 5117 3428 5192 ἁμαρτίας
3451 5160 3467 5185 ,
3502 5116 3597 5173 καὶ
3639 5113 3701 5173 οὐ

2145 5218 2527 5289 μεταμελεῖται
2549 5215 2873 5288 προσφέρων
2897 5214 3109 5285 δεήσεις
3130 5211 3270 5284 ὑπὲρ
3291 5210 3495 5264 αὐτῶν.
3632 5218 3635 5221 ’

2210 5313 2298 5366 45.
2341 5312 2398 5364 Ὀ
2423 5310 2479 5364 δὲ
2510 5310 2716 5373 δίκαιος
2748 5306 3042 5379 προσφέρει
3068 5304 3145 5376 τῷ
3169 5303 3284 5376 Θεῷ
3309 5304 3377 5359 δι’
3412 5303 3703 5374 ἐλεημοσυ-

2140 5405 2244 5461 νῶν
2288 5405 2377 5459 τὸν
2400 5402 2593 5459 ἑαυτοῦ
2618 5400 2865 5457 πλοῦτον.

1417 5567 1719 5631 Addenda
1747 5574 1809 5630 et
1839 5561 2207 5642 corrigenda
2238 5577 2313 5621 ex
2364 5558 2503 5619 cod.
2538 5555 2733 5618 Vatic.

568 5694 618 5752 ll
662 5695 973 5762 Ἀποδείξει.

568 5696 618 5752 ι)
662 5696 862 5748 Ἀποδεέ

544 5696 620 5835 ἓὲ)
651 5766 862 5819 Ἔσται.

2214 5684 2291 5757 (5)
2330 5685 2414 5738 Ἑν
2437 5684 2501 5755 τῇ
2528 5679 2709 5753 ἡμέρᾳ
2740 5677 2838 5747 τῆς
2873 5692 2960 5747 κρι
