3934 6218
332 317 437 374 793
1172 323 1262 378 DE
1299 325 1572 383 rrruus
1606 328 2053 392 rsawonuu.
2107 366 2181 376 -
2216 337 2413 396 PSAL.
2455 340 2721 399 χχχιιι.
3455 355 3560 413 794

405 436 496 492 86.
523 438 634 492 Καὶ
662 443 1069 514 υπερασπιστὴς
1100 442 1277 497 αὐτῶν
1302 445 1448 499 ἐστιν
1481 447 1536 499 ἐν
1577 448 1753 521 καιρῷ
1777 450 1885 504 θλί-

332 526 499 597 ψεως.

2060 453 2152 510 86.
2179 455 2246 512 Ει
2263 468 2538 529 protector
2556 476 2745 518 eorum
2771 471 2854 520 est
2888 465 2944 520 in
2976 473 3218 539 tempore
3253 469 3560 527 tribulatio-

2007 561 2100 597 ms.

376 545 499 593 εως.
1993 546 2100 601 nis.

403 620 491 675 87.
519 623 635 676 Καὶ.
653 621 908 697 βοηθήσει
944 627 1126 690 αὐτοῖς
1152 626 1376 697 Κύριος,
1416 630 1512 682 καὶ
1539 632 1760 701 ῥύσεται
1794 634 1898 689 αύ-

2064 636 2154 692 87.
2192 634 2259 693 Et
2300 637 2579 710 adjuvabit
2607 654 2704 698 eos
2732 639 3021 711 Dominus,
3063 655 3117 703 et
3154 647 3407 707 liberabit
3435 668 3548 720 eos,

333 721 457 778 τοὺς
475 754 491 780 ,
970 721 983 743 ¹

398 808 488 864 88.
518 808 629 863 Καὶ
659 808 920 876 ὲξελεῑται
949 812 1145 876 αὐτοὺς
1171 812 1231 877 ἐξ
1256 814 1595 886 ἁμαρτωλῶν
1616 832 1633 850 ο

1488 814 1595 869 λῶν
1616 832 1633 850 ο
2061 812 2148 867 88.
2186 812 2252 867 Et
2274 823 2428 871 eruet
2457 831 2551 873 eos
2577 833 2607 874 a
2629 821 3041 889 peccatoribus:

400 899 487 953 89.
517 899 623 952 Καὶ
646 898 807 954 σώσει
840 902 1061 969 αὐτοὺς,
1093 904 1175 957 δτι
1205 905 1437 977 ήλπισαν
1468 907 1555 960 ἐπ’
1582 909 1771 966 αὐτόν.
1920 890 1929 904 ἱ

1920 890 1929 904 ’
2061 903 2152 958 89.
2188 903 2254 959 Et
2288 906 2515 964 salva-bit
2548 924 2662 977 eos,
2687 912 2816 982 quia
2841 925 3192 983 speraverunt
3212 917 3267 970 in
3294 931 3377 974 eo.

440 1010 684 1080 Ψαλμὸς
708 1012 803 1089 1Q
804 1014 1006 1089 Διιᾷίδο
1040 1018 1128 1082 είς
1151 1016 1495 1087 ἀνάμνησιν
1515 1020 1658 1089 napi
1678 1023 1796 1078 τοῦ·
1992 1062 1993 1067 η

1998 1013 2237 1070 Ρεαίηιιιε
2284 1017 2455 1074 David
2490 1036 2509 1075 :
2540 1022 2593 1074 in
2638 1028 3132 1082 commemoratione
3186 1030 3252 1083 de
3301 1028 3551 1087 Sabbato.

756 1084 1079 1141 Σαϐϐἁτου.
1111 1084 1279 1142 ΨΑΛ.
1311 1084 1443 1143 AZ'.
1590 1084 1601 1089 ’

1590 1084 1601 1089 ’
2502 1090 2901 1148 PSAL.‘XXX
2921 1096 3046 1153 VII.

400 1193 450 1247 1.
478 1193 675 1266 Κύριε,
701 1196 774 1269 μὴ
794 1197 872 1268 τῷ
897 1198 1062 1270 θυμῷ
1087 1217 1180 1254 σου
1207 1201 1432 1276 ἐλέγξῃς
1462 1221 1529 1275 με
1549 1219 1568 1235 ο

2063 1197 2115 1251 1.
2146 1198 2391 1267 Domine,
2424 1219 2492 1258 ne
2529 1205 2584 1259 in
2616 1206 2799 1263 furore
2821 1218 2917 1265 tuo
2944 1226 3143 1280 arguas
3176 1228 3263 1268 me
3295 1231 3309 1269 :

397 1282 451 1337 2.
487 1284 639 1356 Μηδὲ
668 1288 741 1357 τῇ
769 1287 904 1358 ὀργῇ
931 1304 1024 1341 σου
1050 1289 1347 1363 παιδεύσῃς
1376 1309 1463 1362 με.

2057 1288 2115 1343 2.
2142 1289 2328 1359 Neque
2357 1296 2410 1348 in
2436 1296 2518 1351 ira
2543 1307 2635 1353 tua
2659 1301 2924 1371 corripias
2956 1319 3059 1358 me.

398 1375 451 1429 '5.
486 1377 605 1431 Ὅτι
630 1376 696 1431 τὰ
724 1376 853 1448 βέλη
893 1395 987 1432 σου
1019 1381 1367 1453 ὲνεπάγησάν
1399 1400 1491 1454 μοι
1519 1402 1545 1417 ι

2058 1381 2112 1435 5.
2142 1381 2407 1449 Quoniam
2436 1390 2646 1459 sagittae
2684 1400 2788 1447 tua:
2817 1393 2997 1449 inﬁxa:
3020 1405 3151 1450 sunt
3174 1397 3306 1451 mihi
3333 1416 3346 1451 :

397 1468 450 1522 4.
483 1470 592 1523 Καὶ
625 1470 986 1542 ὲπεστήριξας
1010 1472 1097 1525 ἐπ’
1128 1472 1228 1543 ἐμὲ
1253 1472 1353 1544 τὴν
1375 1475 1533 1545 χεῖρά
1556 1491 1673 1529 σου.

2057 1471 2111 1526 4.
2138 1473 2202 1529 Et
2236 1478 2571 1536 conﬁrmasti
2600 1497 2765 1553 super
2794 1500 2882 1539 me
2903 1500 3125 1540 manum
3156 1495 3326 1541 tuam.

370 1615 374 1620 ,
398 1557 448 1611 5.
481 1558 595 1612 Οὐκ
614 1558 759 1612 ἔστιν
788 1558 931 1623 ἴασις
959 1562 1019 1614 ἐν
1045 1563 1111 1632 τῇ
1136 1562 1302 1633 σαρκί
1329 1580 1433 1633 μου
1459 1564 1566 1617 ἀπὸ
1598 1565 1889 1637 προσώπου

2060 1564 2112 1619 5.
2148 1564 2265 1624 Non
2322 1579 2407 1626 est
2454 1573 2661 1630 sanitas
2713 1575 2769 1629 in
2817 1590 2981 1631 carne
3025 1593 3145 1632 mea
3196 1594 3226 1632 a
3274 1576 3412 1632 facie
3461 1577 3555 1634 ira;

328 1648 428 1718 τῆς
457 1648 627 1719 ὁρτῆς
657 1665 751 1701 σου
776 1666 790 1681 ο
1028 1694 1033 1699 ,
1777 1670 1787 1719 ι
1990 1664 2096 1711 tute

397 1739 450 1796 6.
485 1742 598 1794 Οὐκ
620 1741 765 1795 ἔστιν
792 1743 981 1815 εἰρήνη
1016 1746 1074 1798 ὲν
1098 1747 1210 1809 τοῖς
1241 1744 1447 1810 ὀστέοις
1484 1763 1583 1817 μου
1610 1747 1718 1801 ἀπὸ
1759 1766 1892 1822 προ-

2060 1749 2113 1802 6.
2149 1748 2266 1804 Non
2293 1758 2377 1807 est
2409 1766 2513 1821 pax
2547 1754 2766 1810 ossibus
2793 1756 2928 1812 meis
2956 1773 2986 1811 a
3018 1757 3159 1813 facie
3205 1769 3552 1829 peccatorum

332 1830 510 1885 σὼπου
537 1832 645 1885 τῶν
672 1834 957 1905 ἁμαρτιῶν
982 1852 1102 1906 μου.

701 1834 957 1905 ιμαρτιῶν
982 1852 1102 1906 μου.
1991 1855 2254 1897 meorum.

397 1922 450 1978 7.
481 1923 603 1979 Ὅτι
630 1924 688 1978 at
709 1923 927 1996 ἀνομίαι
946 1905 1048 1996 μου
1064 1925 1349 1999 ὑπερῆραν
1372 1927 1471 1999 τήν
1498 1930 1737 2001 κεφαλήν
1757 1946 1881 2002 μουο
1917 1905 1950 1965 Ε

2062 1932 2114 1987 7.
2157 1932 2425 2003 Quoniam
2473 1932 2788 2004 iniquitates
2834 1950 2971 1992 meae
3020 1951 3388 2009 supergressa:
3426 1949 3557 1995 sunt

1991 2030 2154 2091 caput
2176 2038 2357 2078 meum
2385 2043 2398 2078 :

397 2102 450 2157 8.
493 2102 639 2155 Ὠσεὶ
669 2102 887 2174 φορτίον
915 2102 1052 2176 βαρὺ
1081 2101 1456 2174 ὲὸαρύνθησαν
1479 2103 1570 2157 ἐπ’
1590 2105 1711 2176 ἐμέ.

2057 2111 2110 2166 8.
2146 2111 2299 2168 Sicut
2330 2130 2470 2170 onus
2494 2131 2656 2186 grave
2679 2125 2914 2186 gravata:
2943 2125 3072 2173 sunt
3105 2133 3268 2188 super
3292 2134 3397 2174 me.

394 2193 447 2250 9.
479 2193 839 2265 Προσώζεσαν
864 2196 960 2251 καὶ
990 2196 1274 2267 ὲσάπησαν
1301 2197 1349 2251 οἱ
1387 2196 1651 2266 μώλωπες
1680 2215 1802 2268 μου,

2016 2246 2017 2249 η
2058 2201 2109 2257 9.
2136 2200 2472 2259 Putruerunt
2509 2213 2565 2274 et
2603 2214 2874 2275 corruptae
2913 2215 3042 2263 sunt
3070 2207 3354 2263 cicatrices
3397 2221 3552 2277 meae,

396 2282 482 2338 10.
519 2283 650 2338 Ἀπὸ
678 2283 968 2358 προσώπου
996 2286 1095 2359 τῆς
1121 2284 1431 2357 ἀφροσύνης
1455 2302 1577 2356 μου.

1367 2301 1431 2356 τις
1455 2302 1577 2356 μου.
2056 2293 2141 2349 10.
2176 2293 2221 2348 Α
2250 2294 2389 2363 facie
2414 2296 2740 2368 insipientia:
2769 2313 2920 2353 meae.

1360 2525 1365 2529 ,
1440 2465 1816 2524 ATHANASII
1855 2467 2445 2527 INTERPRETATIO.

392 2622 482 2681 86.
514 2625 775 2695 Πρόνοιαν
800 2624 977 2680 αὐτῶν
1009 2625 1096 2679 ἀεὶ
1131 2623 1472 2696 ποιούμενος.

2064 2627 2152 2682 86.
2179 2626 2379 2683 Curam
2410 2628 2627 2684 illorum
2651 2643 2866 2699 semper
2892 2644 3104 2700 gerens.

395 2716 483 2772 87.
515 2717 591 2789 Τῇ
617 2718 758 2790 χειρὶ
785 2715 949 2771 αὑτοῦ
981 2719 1216 2783 σκέπων,
1247 2717 1342 2771 καὶ
1385 2718 1642 2790 δυναμῶν
1686 2719 1889 2784 αὐτοὺς

2061 2720 2150 2774 87.
2180 2717 2341 2775 Manu
2389 2736 2486 2775 sua
2539 2732 2865 2790 protegens,
2909 2730 2963 2775 et
3010 2717 3324 2775 confortans
3365 2732 3460 2776 eos
3496 2720 3553 2777 in

325 2805 382 2859 ὲν
405 2806 650 2879 ὑπομονῇ
686 2806 876 2879 πολλῇ.

1991 2811 2162 2866 multa
2195 2811 2474 2880 patientia.

393 2894 482 2951 88.
512 2896 617 2950 Kal
645 2897 976 2970 λυτρώσεται
1001 2898 1198 2962 αὐτοὺς
1238 2901 1302 2953 ὲκ
1327 2901 1434 2954 τῶν
1476 2902 1762 2974 δαιμόνων,
1796 2903 1887 2957 καὶ

2063 2903 2153 2957 88.
2183 2902 2247 2958 Ει
2296 2902 2546 2958 liberabit
2594 2917 2692 2957 eos
2733 2916 2799 2957 ex
2851 2901 3209 2969 dannonibus,
3257 2918 3556 2975 eorumque

322 2986 428 3040 τῶν
452 2987 740 3058 ὑπουργῶν
765 2987 966 3042 αὐτῶν.

794 2987 966 3042 ιύτῶν.
1993 2995 2347 3050 administris.

389 3077 475 3132 89.
506 3078 602 3142 Είς
632 3078 728 3150 τὴν
753 3078 970 3135 αἰώνιον
1000 3079 1276 3151 βασιλείαν
1304 3080 1493 3146 αὑτοῦ,
1525 3083 1607 3146 είς
1635 3084 1700 3154 ἣν
1724 3081 1886 3153 ήλπί-

2062 3085 2150 3141 89.
2185 3083 2240 3140 ln
2266 3094 2469 3142 aeterno
2500 3084 2620 3155 ejus
2642 3099 2826 3155 regno,
2859 3083 2914 3138 in
2941 3098 3051 3155 quo
3075 3098 3448 3155 speraverant.

323 3187 492 3241 σαμεν
524 3170 617 3241 (ι).
961 3188 966 3192 -

401 3291 465 3344 Ἦ
496 3290 826 3362 προκειμένη
855 3293 1131 3363 ἐπιγραφὴ
1158 3292 1508 3364 περιέχειθ).
1551 3290 1793 3361 Ψαλμύς
1822 3290 1902 3357 τῷ
1937 3290 2133 3357 Δαϐὶδ,
2180 3293 2266 3356 εἰς
2300 3289 2646 3360 ἀνάμνησιν
2680 3289 2786 3342 τοῦ
2823 3286 3125 3343 Σαϐϐάτου
3150 3303 3164 3316 ·
3200 3286 3497 3350 τουτέστιν,
3526 3284 3558 3336 ὁ

319 3380 528 3453 ψαλμὸς
550 3374 703 3445 οὗτος
729 3382 942 3454 εἴρηται
979 3382 1052 3454 τῷ
1077 3383 1267 3455 δικαίῳ
1293 3383 1372 3455 τῷ
1401 3383 1544 3438 κατά
1573 3384 1664 3437 τὸν
1686 3382 1868 3448 Δαϐὶδ,
1897 3383 2063 3454 ἡνίκα
2083 3381 2401 3465 ὑπεμνήσθη
2428 3382 2525 3452 τῆς
2557 3381 2769 3454 ἡμέρας
2797 3380 2897 3451 τῆς
2924 3380 3176 3452 κρίσεως,
3203 3379 3344 3448 λέγω
3371 3376 3436 3449 δὴ
3458 3371 3555 3429 τοῦ

321 3477 820 3549 ὲπτακισχιλιοστοῦ
855 3478 1008 3544 ἔτους
1027 3495 1040 3508 ·
1079 3479 1354 3534 Σάϐϐατον
1383 3480 1493 3553 γὰρ
1520 3479 1883 3551 ἑρμηνεύεται
1914 3478 2278 3545 ἀνάπαυσις.

390 3566 603 3624 Titulus
643 3570 967 3639 praepositus
1008 3571 1296 3625 continet:
1345 3568 1586 3626 Psalmus
1626 3569 1795 3623 David
1836 3571 1893 3623 in
1938 3570 2432 3624 commemoratione
2468 3568 2532 3623 de
2573 3566 2804 3623 Subbala
2829 3582 2847 3620 :
2876 3566 2981 3621 hoc
3018 3574 3120 3630 est,
3169 3564 3414 3634 psalmus
3437 3560 3558 3630 {iste

319 3655 498 3713 dictus
528 3666 611 3713 est
636 3659 705 3713 ab
729 3659 950 3715 homine
973 3661 1145 3731 justo,
1174 3659 1353 3731 qualis
1382 3670 1500 3717 erat
1526 3659 1697 3716 David
1726 3675 1848 3716 cum
1889 3661 2208 3717 recordatus
2236 3669 2321 3717 est
2348 3661 2455 3716 diei
2483 3659 2697 3731 judicii,
2746 3668 2948 3728 septem
2978 3655 3273 3722 millesimi,
3311 3657 3554 3723 inquam,

320 3749 448 3803 anni
476 3767 490 3803 :
525 3748 825 3812 Sabbatum
845 3752 991 3806 enim
1025 3754 1227 3823 requies
1289 3753 1702 3823 interpretatur.

393 3869 447 3923 1.
483 3864 677 3943 Κύριε,
706 3870 781 3940 μή
821 3869 1079 3943 θυμωθῇς
1114 3870 1213 3942 (5),
1256 3872 1351 3925 καὶ
1390 3872 1748 3946 ἀποστραφῇς
1794 3890 1885 3945 με,
1914 3876 1946 3935 C

2060 3871 2112 3925 1.
2148 3869 2395 3936 Domine,
2427 3883 2496 3923 ne
2524 3868 2657 3922 mihi
2694 3883 3044 3935 succenseas,
3080 3881 3256 3937 neque
3287 3863 3554 3920 averseris

324 3962 419 4019 καὶ
447 3960 646 4025 πάντες
672 3961 892 4030 γνῶσιν,
923 3963 1005 4015 ὅτι
1035 3962 1333 4033 ἀϐοήθητος
1362 3966 1511 4039 εἰμι’.

1984 3978 2092 4026 me,
2116 3972 2171 4018 ct
2197 3976 2390 4018 omnes
2423 3969 2743 4030 agnoscant,
2769 3963 2912 4029 quod
2938 3977 3057 4015 sum
3082 3961 3199 4015 sine
3221 3956 3443 4012 auxilio.

392 4054 446 4109 2.
480 4054 631 4124 Μηδὲ
656 4054 817 4109 πάλιν
835 4054 1096 4127 ὀργισθῇς
1127 4073 1218 4126 μοι
1245 4056 1345 4128 (4),
1368 4058 1463 4110 καὶ
1490 4057 1659 4131 ἐάσῃς
1693 4077 1761 4131 με
1782 4059 1886 4115 ὑπὸ

2052 4053 2105 4107 2.
2138 4051 2324 4122 Neque
2384 4068 2578 4107 rursus
2631 4051 2887 4107 irascaris
2945 4051 3119 4117 mihi,
3170 4058 3225 4105 et
3271 4048 3420 4103 sinas
3467 4059 3553 4099 me

323 4145 430 4204 τῶν
454 4146 720 4217 δαιμόνων
750 4145 1130 4219 μαστίξεσθαι.
1658 4152 1667 4159 “

1658 4152 1667 4159 “
1984 4143 2248 4215 ﬂagellari
2277 4159 2307 4197 a
2333 4143 2692 4198 dmmonibus.

242 4220 256 4237 ⁸
388 4238 442 4293 3.
469 4240 535 4291 Ai.
559 4239 764 4309 πληγαί
790 4257 910 4306 σου,
937 4240 1105 4310 λέγει.

2056 4239 2109 4293 5,
2139 4237 2317 4307 Plaga:
2345 4246 2472 4299 tute,
2496 4235 2690 4304 inquit.

386 4338 440 4384 4.
472 4330 579 4384 Και
604 4331 977 4397 ὲταπείνωσάς
1012 4350 1103 4404 με.

2053 4330 2104 4385 4.
2135 4330 2200 4384 Εῐ
2229 4327 2526 4383 humiliasti
2560 4344 2665 4383 me.

387 4422 440 4477 5.
475 4422 550 4495 (5)
582 4424 695 4476 Οὐκ
717 4422 863 4477 ἔστιν
881 4424 1074 4501 ἐντοῖς
1096 4424 1456 4498 ἁμαρτήμασί
1488 4443 1590 4496 μου
1616 4428 1779 4494 ἴασις,
1802 4430 1883 4484 ὅτι

2025 4409 2030 4415 ’
2054 4423 2109 4476 ις.
2139 4420 2256 4475 Non
2284 4419 2446 4475 estin
2473 4418 2711 4489 peccatis
2748 4415 2884 4472 meis
2907 4414 3134 4480 sanitas,
3160 4411 3419 4483 quoniam
3442 4411 3552 4466 ira-

317 4511 527 4587 ὀργίζει
556 4530 624 4586 με
660 4496 937 4586 [ὠργίζου.
964 4515 1114 4588 μοι].
1216 4496 1224 4498 Ὺ
1306 4496 1333 4497 Π

784 4496 937 4583 γίζου
964 4515 1114 4588 μοι].
1216 4496 1224 4498 Ὺ
1306 4496 1333 4497 ﬂ
1984 4518 2073 4567 tus
2102 4527 2162 4567 es
2185 4511 2337 4566 mihi.

385 4605 437 4660 6.
470 4607 584 4659 Οὐκ
607 4605 752 4659 ἐστιν
778 4608 968 4679 εἰρήνη
993 4609 1051 4660 ὲν
1071 4610 1138 4679 τῇ
1165 4609 1311 4680 ἰσχύϊ
1333 4611 1433 4684 τῆς
1456 4612 1632 4684 ψυχῆς
1657 4629 1756 4684 μου
1782 4628 1795 4641 ·
1826 4613 1883 4667 αἱ

2054 4602 2106 4658 6.
2138 4601 2257 4658 Non
2289 4612 2371 4659 est
2411 4617 2513 4672 pax
2542 4600 2598 4655 in
2642 4598 2957 4654 fortitudine
2989 4596 3185 4652 animae
3227 4610 3359 4650 mea:
3387 4613 3402 4663 ;
3432 4610 3550 4649 mea

316 4698 421 4768 γὰρ
448 4698 715 4769 ἁμαρτίαι
745 4715 846 4769 μου
875 4697 1169 4769 πολεμοῦσί
1199 4717 1310 4771 μοι.

1983 4694 2126 4751 enim
2153 4704 2372 4765 peccata
2397 4702 2636 4765 pugnant
2659 4700 2848 4748 contra
2875 4704 2962 4744 me

388 4790 436 4845 7.
471 4790 591 4843 ὐτι
619 4790 675 4843 αἱ
694 4789 912 4860 ἀνομίαι
945 4806 1045 4860 μου
1075 4791 1573 4848 κατεδυνάστευσάν
1600 4810 1727 4865 μου.

2058 4786 2109 4841 7.
2141 4785 2409 4853 Quoniam
2432 4784 2751 4855 iniquitates
2773 4797 2906 4838 mea:
2931 4779 3330 4852 praevaluerunt
3362 4785 3549 4833 contra

1985 4891 2092 4931 me.

382 4970 435 5025 8.
468 4969 574 5025 Καὶ
595 4971 695 5024 οὐκ
716 4969 846 5025 ἐῶσί
883 4987 949 5041 με
979 4968 1268 5025 ἀνανεῦσαι
1291 4971 1427 5043 πρὸς
1461 4972 1543 5025 σέ.

2054 4967 2107 5022 8.
2138 4965 2204 5020 Et
2235 4981 2341 5019 non
2367 4964 2554 5019 sinunt
2584 4978 2672 5019 me
2698 4961 2764 5017 ad
2788 4970 2841 5017 te
2863 4961 3152 5031 respicere.

380 5062 434 5125 9,
464 5060 550 5115 10.
582 5060 688 5115 Καὶ
713 5060 824 5115 ἀπὸ
844 5059 936 5114 τοῦ
974 5059 1048 5131 μὴ
1069 5061 1358 5130 τυγχάνειν
1407 5078 1474 5132 με
1508 5062 1703 5125 ἰάσεως
1730 5058 1882 5130 παρά

2054 5058 2109 5121 9,
2138 5058 2224 5112 10.
2264 5057 2326 5112 Et
2348 5056 2475 5127 quia
2501 5071 2530 5110 a
2565 5064 2617 5109 te
2640 5053 2925 5110 sanitatem
2950 5067 3061 5106 non
3093 5064 3212 5104 sum
3239 5055 3544 5111 assecutus,

317 5149 433 5216 σού,
468 5149 797 5221 εἱλκωμένος
833 5150 950 5221 εἰμὶ
977 5150 1116 5213 ὅλος,
1149 5150 1241 5204 καὶ
1292 5150 1575 5221 βδελυκτὸς
1616 5150 1870 5222 ὲγενόμηι.

1991 5160 2131 5206 totus
2172 5150 2447 5210 ulceribus
2468 5149 2661 5219 plenus
2694 5162 2839 5213 sum,
2875 5155 2930 5200 et
2955 5139 3336 5199 aboutinabilis
3369 5138 3544 5195 factus

314 5243 467 5313 παρά
488 5243 573 5295 σοὶ
597 5242 706 5296 ἀπὸ
731 5241 832 5313 τῆς
862 5241 1136 5319 ἁμαρτίας
1166 5258 1269 5316 μου
1305 5241 1407 5315 (6).

1917 5236 1958 5291 ῐ)
1984 5257 2104 5298 sum
2131 5242 2274 5311 apud
2307 5249 2356 5296 te
2385 5241 2456 5296 ob
2486 5246 2767 5311 peccatum
2793 5250 2987 5292 meum.

1256 5399 1559 5464 Addenda
1588 5408 1648 5466 et
1695 5400 2072 5483 corrigenda
2111 5417 2190 5462 ex
2220 5399 2359 5462 cod.
2388 5397 2591 5463 Vatic.

381 5564 460 5645 (ll
491 5567 787 5645 ἴὲλπισαθι
989 5634 1045 5645 -.
2052 5565 2128 5645 (1)
2156 5564 2469 5645 ἰρρῖισθρίς
2501 5581 2589 5645 es»
2624 5565 2774 5645 έάῖο·
2860 5629 2888 5645 ..
2936 5629 2965 5645 η
3018 5628 3080 5645 η.

491 5637 557 5690 Ἡ
582 5636 670 5708 διὰἷ
702 5636 797 5708 τῆς
828 5634 1195 5708 κινναϐάρεως
1224 5652 1345 5708 περ.

2054 5626 2132 5708 (Ei)
2155 5626 2335 5708 N.'ii'ic
2367 5626 2519 5708 deest
2542 5637 2594 5688 in
2621 5637 2741 5708 cod.
2772 5648 2825 5686 n.
2857 5629 2908 5695 5,
2934 5629 2986 5686 6.
3016 5628 3127 5682 Οὐκ
3150 5626 3295 5684 ἔστιν
3324 5630 3534 5702 εἰρήνη.

386 5707 460 5771 (ὅ)
485 5705 766 5775 Θυμωοεξς
795 5722 885 5776 μοι
912 5705 1105 5761 ἀποστ.
1295 5705 1305 5708 ⁷

1295 5705 1305 5708 ⁷
2081 5706 2135 5777 6)
2162 5707 2276 5759 Μου
2303 5705 2453 5760 deest
2486 5705 2540 5758 in
2568 5705 2685 5759 cod.
