3978 6204
394 324 498 380 799
1234 337 1294 393 S.
1335 337 1717 394 ATHANASII
1751 339 1901 397 OPP.
1944 340 2124 397 PARS
2165 339 2249 395 ΙΙΙ.
2291 370 2325 381 -
2388 336 2809 392 ‘EXEGETICA.
3534 334 3637 391 800

641 442 706 497 In
740 445 1484 528 βηεηιὲξᾴἱέΙιαῃ-ι-ςρριζὸςιιῃι
1513 457 1730 526 David.)
1992 472 2041 525 Α
2164 464 2208 515 Ε

1992 472 2041 525 Α
2164 464 2263 528 Εις
2312 458 2375 514 τὸ
2409 460 2583 526 τέλος
2615 459 2696 524 τῷ
2742 456 3026 528 Ἰδιθοὺμ,
3058 451 3181 519 ᾠδὴ
3223 450 3301 517 τῷ
3333 452 3530 505 Δαϐίδ.

886 518 1088 575 ΡεΑι.
1131 521 1470 582 XXXVIII.
1720 518 1730 526 ’
1992 518 2041 525 ﬂ
2242 518 2258 528 ’
2559 518 2574 526 ’
2665 518 2676 524 ’
2699 531 2873 600 ιΙζᾺΛ.
2900 518 3030 582 AH'.

468 625 522 681 1.
556 624 700 682 Dixi.
723 627 1043 687 Custodiam
1074 633 1193 691 vias
1216 652 1388 706 meas,
1422 648 1485 694 ut
1514 655 1625 697 non
1660 639 1971 711 delinquant

2144 646 2195 700 1.
2227 642 2370 700 Εἷπα
2389 659 2403 673 ’
2439 643 2661 709 Φυλάξω
2687 642 2787 707 τὰς
2815 641 2967 704 ὁδούς
3001 655 3124 711 μου,
3158 637 3253 691 τοῦ
3295 636 3370 709 μὴ
3396 639 3633 710 ἁμαρτά-

396 723 454 778 in
479 722 664 795 lingua
696 741 836 782 mea.

2072 753 2184 792 νειν
2221 753 2287 806 με
2317 737 2374 788 ἐν
2402 734 2623 806 γλώσσῃ
2662 750 2783 804 μου.

466 817 521 871 2.
555 817 727 874 Posui
749 819 830 875 ori
855 833 979 875 meo
1001 823 1332 893 custodiam,

2142 829 2197 882 2.
2247 828 2481 897 Ἐθέμην
2510 824 2587 896 τῷ
2623 823 2851 895 στόματί
2885 840 2986 894 μου
3014 821 3276 894 φυλακὴν,

464 906 518 960 5.
549 906 686 961 Cum
719 909 1041 965 consisteret
1073 923 1329 981 peccator
1353 916 1643 973 adversum
1669 934 1780 975 me.

2143 920 2197 975 5.
2252 921 2338 972 Ἐν
2372 919 2449 990 τῷ
2476 919 2735 990 συστῆναι
2765 917 2857 971 τὸν
2888 915 3208 987 ἁμαρτωλὸν
3250 915 3490 970 ἐναντιον
3517 931 3631 985 μου.

468 998 523 1053 4.
560 998 818 1056 Obmutui
844 1009 898 1057 et
924 1003 1243 1063 humiliatus
1273 1023 1418 1076 sum,
1456 1020 1510 1066 et
1540 1012 1666 1068 silui
1695 1028 1726 1066 a
1772 1012 1932 1069 bonis
1955 1028 1977 1070 :

2146 1012 2202 1066 ι.
2244 1009 2574 1083 Ἐκωφώθην
2615 1010 2710 1064 καὶ
2760 1007 3150 1079 ὲταπεινώθην,
3189 1006 3285 1062 καὶ
3326 1007 3599 1078 ἐσίγησαέ

826 1157 830 1160 ,
2075 1103 2294 1174 ἀγαθῶν
2318 1121 2332 1136 ο

474 1190 528 1245 5.
561 1188 627 1245 Et
656 1193 812 1251 dolor
837 1212 993 1253 meus
1022 1208 1316 1256 renovatus
1344 1211 1449 1257 est.

2146 1194 2201 1250 5.
2236 1194 2350 1248 Kal
2372 1194 2433 1247 τὸ
2467 1192 2691 1265 ἄλγημα
2718 1210 2820 1264 μου
2856 1190 3228 1262 ἀνεκαινεσθη.

475 1281 532 1336 6.
558 1283 844 1342 Concaluit
873 1304 968 1343 cor
995 1305 1177 1354 meum
1205 1290 1348 1347 intra
1376 1309 1468 1349 me
1497 1312 1511 1349 :
1604 1279 1613 1283 ’

2147 1288 2200 1341 6.
2242 1286 2637 1359 Ἐθερμάνθηὴ
2670 1285 2864 1357 καρδία
2899 1302 2999 1355 μου
3042 1284 3193 1348 ἐντός
3233 1301 3367 1355 pou-

472 1374 526 1429 7.
560 1376 625 1430 Et
655 1377 708 1432 in
743 1380 1096 1438 meditatione
1131 1399 1251 1438 mea
1283 1386 1607 1442 exardescet‘
1632 1386 1793 1457 ignis.

2148 1381 2200 1434 7.
2234 1380 2345 1435 Kal
2376 1382 2523 1451 ὲν-τῇ
2552 1378 2748 1450 μελέτῃ
2780 1395 2879 1448 μου
2910 1376 3308 1449 ἐκκαυθήσεται
3334 1374 3465 1446 πῦρ.

466 1466 521 1520 8.
554 1467 794 1526 Locutus
834 1490 957 1528 sum
1004 1475 1055 1529 in
1103 1476 1290 1546 lingua
1327 1494 1447 1534 mea
1478 1498 1491 1533 :
1528 1491 1718 1536 notum
1768 1481 1853 1538 fac
1875 1482 1976 1537 mi-

2146 1475 2201 1529 8.
2248 1473 2518 1544 Ἐλὰλησα
2555 1474 2613 1526 ὲν
2647 1470 2868 1546 γλώσσῃ
2907 1489 3029 1525 μου·
3069 1470 3332 1543 γνώρισον
3375 1487 3488 1540 μοι,
3536 1470 3642 1523 Κιρ-

401 1554 479 1624 hi,
515 1555 765 1629 Domine,
799 1562 961 1618 ﬁnem
992 1580 1196 1633 meum,

1058 1580 1196 1633 eum,
2080 1584 2182 1639 ριε,
2214 1568 2274 1620 τὸ
2301 1566 2475 1636 πέρας
2506 1582 2629 1638 μου.

481 1656 537 1709 9.
573 1655 639 1711 Et
675 1675 965 1716 numerum
1000 1663 1211 1717 dierum
1236 1677 1507 1730 meorum,
1541 1661 1666 1733 quis
1692 1670 1776 1718 est
1798 1662 1833 1715 ἳ-

2148 1659 2201 1714 9.
2238 1659 2347 1713 Kal
2381 1657 2472 1711 τὸν
2493 1656 2725 1729 ἀριθμὸν
2748 1655 2858 1711 τῶν
2888 1655 3111 1730 ἡμερῶν
3140 1673 3262 1727 μου,
3294 1657 3380 1719 τίς
3411 1657 3557 1708 ἐστιν
3586 1670 3601 1719 ;

476 1745 565 1802 10.
599 1746 673 1803 ω
695 1752 863 1806 sciam
886 1753 1016 1823 quid
1053 1754 1194 1809 desit
1221 1754 1376 1808 mihi.
2006 1820 2037 1823 _

2006 1820 2037 1823 _
2150 1752 2235 1807 10.
2268 1752 2384 1804 Ἵνα
2410 1749 2524 1820 γνῶ
2545 1749 2598 1803 τί
2625 1749 2837 1821 ὑστερῶ
2869 1748 2998 1818 ἐγώ.

470 1840 558 1895 11.
590 1842 725 1898 Ecce
752 1820 1147 1901 mensurabiles
1174 1844 1404 1917 posuisti
1432 1845 1548 1901 dies
1574 1860 1724 1902 meos
1751 1866 1762 1900 :
2006 1820 2041 1874 Β

2006 1820 2049 1874 Β
2158 1844 2248 1898 11.
2283 1842 2413 1896 Ἰδοὺ
2442 1841 2743 1906 παλαιστὰς
2762 1820 2893 1895 (ἔθου
2921 1840 3022 1905 τὰς
3044 1841 3251 1912 ἡμέρας
3286 1857 3408 1910 μου,

474 1932 561 1986 12.
592 1933 657 1987 Et
682 1936 985 1991 substantia
1014 1953 1153 2004 mea,
1183 1946 1441 2008 tanquam
1475 1937 1707 1990 nihilum
1737 1947 1861 1991 ante
1885 1946 1968 1993 te:

2154 1935 2223 1989 12
2271 1935 2377 1989 Kal
2400 1938 2433 2007 ἡ
2460 1936 2754 2000 ὑπόστασις
2787 1953 2888 2007 μου
2915 1936 3045 1988 ὡσεὶ
3072 1934 3221 1988 οὐδὲν
3260 1933 3491 1987 ἐνώπιόν
3521 1943 3643 1986 σουο

477 2023 566 2078 15.
606 2023 991 2083 Verumtamen
1025 2029 1280 2085 universa
1312 2029 1549 2095 vanitas,
1601 2029 1782 2084 omnis
1816 2029 1975 2084 homo

2152 2028 2239 2082 15.
2280 2027 2425 2098 Πλὴν
2458 2027 2523 2081 τὰ
2550 2027 2836 2100 σύμπαντα
2867 2026 3184 2098 ματαιότης,
3215 2026 3323 2089 πᾶς
3368 2025 3646 2098 ἄνθρωπος

406 2113 619 2175 vivens.

2083 2121 2219 2188 CFW.

1028 2212 1359 2282 Diapsalma.

2638 2217 2952 2285 Διάψαλμα
2999 2231 3087 2287 ,ομ

479 2300 567 2355 14.
604 2300 993 2360 Verumtamen
1024 2304 1078 2359 in
1113 2305 1347 2376 imagine
1381 2303 1675 2374 pertransit
1697 2308 1859 2358 homo
1890 2321 1903 2357 :

2154 2302 2242 2355 11.
2282 2304 2544 2374 Μέντοιγε
2575 2305 2633 2358 ἐν
2660 2306 2826 2359 εἰκόνι
2849 2306 3228 2378 διαπορεύεται
3260 2305 3584 2377 ἄνθρωποςι

477 2393 566 2447 15.
606 2393 809 2451 Tamen
842 2395 1046 2452 frustra
1083 2397 1478 2454 conturbatur:

1429 2414 1437 2426 ·
1465 2414 1478 2450 :
2155 2394 2242 2448 15.
2284 2395 2429 2469 Πλὴν
2456 2398 2630 2470 μάτην
2654 2398 3000 2470 ταράσσεται.

478 2523 559 2598 (α)
597 2526 717 2586 Vat.
750 2533 872 2587 eod.
906 2531 1028 2592 Pal.

1530 2717 1902 2772 ATHANASII
1944 2715 2530 2775 INTERI’RETATIO.

490 2868 557 2923 Ἦ
590 2872 921 2944 προκειμένη
955 2874 1232 2947 ἐπιγραφὴ
1266 2876 1510 2947 περιέχει
1534 2876 1645 2944 (1)·
1672 2877 1771 2941 Εἰς
1805 2874 1872 2928 τὸ
1895 2876 2068 2942 τέλος
2089 2875 2169 2942 τῷ
2209 2875 2454 2945 Ἰδιθοὺμ
2478 2876 2577 2948 (Ξ),
2603 2877 2726 2945 ᾠδὴ
2758 2876 2837 2944 τῷ
2858 2876 3050 2933 Δαϐίδ.
3087 2874 3256 2930 Τοῦτο
3286 2872 3378 2931 οὖν
3413 2877 3557 2945 λέγει
3578 2880 3648 2948 μή

410 2962 518 3034 ᾠδὴ
548 2963 625 3034 τῷ
650 2965 811 3019 Δαϐὶδ
836 2966 973 3039 αὕτη
1000 2968 1193 3040 ἐλέχθη
1229 2971 1308 3032 εἰς
1338 2970 1434 3041 τὴν
1458 2970 1763 3024 συντέλειαν
1791 2969 1898 3023 τῶν
1930 2971 2140 3026 αἰώνων
2168 2971 2246 3042 τῷ
2276 2973 2355 3026 ἐνὶ
2389 2977 2550 3045 κριτῇ
2588 2972 2667 3043 τῷ
2696 2972 2993 3044 ἐρχομένῳ.
3027 2971 3195 3026 Τοῦτο
3221 2970 3330 3044 γὰρ
3357 2974 3652 3044 ἑρμηνεύε-

409 3072 498 3108 ται
522 3056 582 3107 τὸ
627 3057 874 3130 ’Ῑδιθοὺμ,
907 3059 1609 3130 ἑνὸςκριτοῦὲρκομένου.
2426 3128 2429 3131 _

484 3147 701 3203 Titulus
729 3151 1054 3220 pratpositus
1080 3153 1325 3208 continet
1355 3171 1369 3209 :
1406 3154 1468 3206 tn
1505 3155 1663 3223 ﬁnem
1687 3151 1927 3206 [dit/mm
1958 3152 2227 3206 canticum
2273 3151 2467 3206 David.
2505 3152 2621 3208 Hoc
2659 3162 2841 3207 autem
2888 3154 3177 3223 signiﬁcat,
3203 3155 3348 3223 quod
3384 3155 3652 3209 canticum

412 3238 784 3296 istud‘dictum
813 3251 897 3295 est
925 3258 954 3295 a
988 3242 1186 3296 Davide
1209 3244 1302 3296 uni
1322 3244 1495 3313 judici
1528 3244 1854 3299 advenienti.
1884 3244 1962 3299 lta
1986 3246 2130 3300 enim
2167 3245 2551 3314 interpretatur
2580 3245 2810 3298 lditltum
2840 3263 2853 3298 :
2888 3261 3025 3297 unus
3042 3244 3210 3309 judex
3238 3245 3544 3300 adveniens.

486 3334 537 3385 1.
568 3332 872 3388 Deliberavi
902 3336 1048 3389 haud
1077 3338 1313 3406 amplius
1349 3342 1650 3408 producere
1675 3355 1984 3406 sermones,
2013 3346 2056 3404 C

2161 3342 2215 3398 1.
2251 3340 2692 3410 Ἐϐουλευσάμην
2729 3339 2804 3411 μὴ
2843 3339 3004 3392 πάλιν
3032 3340 3107 3409 (5)
3140 3341 3266 3403 τοὺς
3303 3338 3495 3409 λόγους
3540 3344 3655 3405 τοὺς

414 3425 507 3494 qui
541 3425 673 3478 mihi
696 3425 765 3479 ab
788 3426 1013 3480 inimico
1033 3441 1417 3499 suggeruntur.

2091 3433 2240 3503 παρὰ
2277 3432 2368 3486 τοῦ
2399 3430 2595 3503 ἐχθροῦ
2629 3448 2719 3502 μοι
2754 3430 3240 3501 ὐποὸαλλομένους.

482 3516 536 3569 2.
560 3515 829 3586 Proposui
854 3519 1066 3574 nullum
1094 3522 1317 3576 verbum
1335 3522 1571 3578 otiosum
1598 3523 1897 3594 producere
1920 3537 1987 3576 ex

2154 3525 2208 3579 2.
2252 3524 2482 3594 Ἐθέμην
2500 3523 2593 3577 τοῦ
2618 3523 2820 3595 μηδένα
2844 3522 2998 3591 λόγον
3022 3522 3188 3592 ἀργὸν
3217 3523 3478 3594 προάγειν
3507 3524 3577 3596 (4)
3599 3526 3659 3578 ὲκ

416 3623 512 3663 ονε
538 3624 680 3664 meo.

2089 3616 2183 3670 τοῦ
2221 3615 2485 3686 στόματός
2515 3634 2644 3687 μου.

488 3702 541 3756 5.
572 3700 859 3758 Diabolum
899 3703 1185 3776 signiﬁcat.

2160 3709 2212 3763 '5.
2246 3708 2350 3761 Τὸν
2383 3707 2628 3762 διάϐολον
2649 3708 2815 3776 λέγει.

486 3793 539 3846 4.
575 3793 861 3851 Abducens
894 3797 1159 3866 meipsum
1192 3812 1224 3851 a
1253 3797 1412 3852 bonis
1456 3796 1664 3863 mundi,
1699 3806 1754 3851 et
1795 3797 1987 3852 solita-

2159 3800 2213 3854 4.
2251 3800 2421 3870 Ἀρας
2462 3801 2653 3853 ἑαυτὸν
2683 3802 2747 3853 ἐκ
2784 3797 2894 3853 τῶν
2922 3798 3142 3867 ἀγαθῶν
3171 3798 3265 3853 τοῦ
3314 3799 3543 3870 κόσμου,
3574 3798 3658 3852 καὶ

416 3884 532 3940 rius
551 3886 746 3942 sedens
777 3888 1046 3959 meipsum
1076 3888 1132 3943 in
1157 3889 1375 3944 silentio
1402 3889 1781 3943 humiliabam.

2094 3891 2382 3956 καθεσθεὶς
2409 3891 2550 3945 κατὰ
2581 3892 2770 3963 μόνας,
2803 3891 3118 3945 ὲταπείνουν
3142 3891 3332 3945 ἑαυτὸν
3358 3890 3656 3963 ἡσυχάζων.

487 3976 543 4032 5.
574 3976 640 4033 Et
673 3981 992 4038 recordatus
1017 3996 1139 4036 sum
1164 3982 1371 4052 peccati
1406 3981 1534 4037 me'r.

2166 3984 2218 4038 5.
2253 3982 2357 4036 Kal
2384 3982 2811 4054 ὑπεμνησκόμην
2855 3981 2955 4053 τῆς
2991 3982 3264 4053 ἁμαρτίας
3300 3999 3425 4053 μου,

490 4068 546 4123 6.
585 4071 854 4142 Ingemuit
884 4087 980 4129 cor
1008 4089 1190 4128 meum
1226 4074 1372 4130 intra
1392 4090 1499 4129 me.

2162 4078 2214 4133 6.
2249 4077 2467 4130 Ἔτενεν
2501 4076 2573 4147 (5)
2603 4077 2636 4146 ἡ
2678 4075 2873 4147 καρδία
2907 4093 3008 4146 μου
3045 4075 3195 4138 ἐντός
3227 4092 3348 4145 μου.

436 4234 454 4244 Ὅ
490 4159 542 4214 7.
572 4160 639 4216 Ει
668 4178 779 4233 prae
810 4163 997 4221 dolore
1017 4165 1219 4221 exarsi.

2164 4170 2219 4224 7.
2256 4168 2362 4222 Kal
2391 4167 2701 4238 ὲφλεγόμην
2724 4165 2833 4219 ἀπὸ
2858 4165 2960 4235 τῆς
2980 4164 3172 4237 ὀδύνης
3201 4164 3297 4238 (6).

489 4253 543 4308 8.
579 4252 645 4309 Et
673 4257 824 4311 oravi
845 4258 1034 4314 dicens
1071 4278 1082 4312 :
1115 4258 1192 4313 Da
1232 4260 1389 4326 mihi,
1427 4258 1674 4323 Domine,
1703 4267 1764 4314 ut
1801 4258 1992 4322 sciam,

2169 4262 2222 4315 8.
2254 4259 2358 4313 Kal
2382 4258 2772 4331 προσηυχὸμην
2798 4256 2972 4325 λέγων
2993 4274 3009 4288 ο
3043 4258 3142 4320 Δός
3174 4273 3285 4327 μοι,
3313 4254 3504 4326 Κύριε,
3534 4255 3661 4308 εἰδέ-

420 4346 640 4416 quando
667 4362 755 4403 me
783 4356 997 4418 Oportet
1020 4361 1197 4405 astare
1226 4360 1322 4406 tuo
1358 4351 1636 4407 tribunali.

2097 4372 2205 4418 ναι,
2233 4355 2315 4406 ὅτι
2338 4350 2681 4424 παραστῆναι
2711 4368 2777 4421 με
2805 4350 2886 4403 δεῖ
2907 4349 2984 4420 τῷ
3010 4348 3212 4419 βήματί
3234 4366 3348 4403 σου.

491 4436 545 4492 9.
574 4434 642 4491 Ει
663 4440 805 4508 quod
832 4440 947 4495 dies
974 4442 1078 4496 mei
1109 4442 1265 4512 pauci
1290 4452 1436 4498 sunt.
1623 4482 1630 4488 .

2162 4448 2216 4503 9.
2244 4445 2350 4499 Kal
2381 4447 2463 4499 ὃτι
2490 4446 2544 4498 αἱ
2569 4446 2774 4515 ἡμέραι
2806 4459 2907 4513 μου
2940 4440 3119 4509 ὀλίγαι
3140 4441 3293 4495 εἰσίν.

492 4528 582 4583 10.
619 4526 691 4585 Ut
713 4532 928 4587 tandem
950 4549 1299 4606 cognoscam,
1329 4536 1463 4607 quid
1485 4536 1553 4592 de
1575 4535 1860 4607 pra‘ceptis
1889 4543 1997 4588 tuis

2172 4538 2259 4593 10.
2290 4538 2407 4591 Ἵνα
2446 4534 2560 4605 γνῶ
2603 4534 2789 4588 λοιπὸν
2834 4533 2888 4586 τι
2932 4532 3239 4604 παρέλειψα
3294 4531 3402 4584 τῶν
3443 4529 3664 4586 ἐντολῶν

423 4622 767 4686 praetermisi.

645 4622 767 4678 nisi.
2101 4648 2216 4684 σου.

496 4713 582 4767 11.
614 4711 953 4770 Miserabiles
976 4713 1267 4785 signiﬁcat,
1291 4722 1345 4770 et
1364 4714 1674 4771 demetitos.
2027 4692 2067 4746 Π

2027 4692 2072 4746 D
2172 4719 2260 4774 11.
2291 4716 2528 4789 Οἱκτρὰς
2555 4715 2727 4785 λέγει,
2759 4715 2853 4769 καὶ
2880 4714 3154 4787 μετρητάς
3180 4713 3278 4785 (7).

495 4803 584 4858 12.
616 4801 801 4859 Pulvis
835 4821 978 4874 sum,
1012 4807 1207 4877 inquit.

2166 4811 2253 4866 12.
2290 4810 2596 4880 Χοῢς·εἰμι,
2629 4808 2797 4877 λέγει.
3363 4880 3369 4887 ﬂ

497 4897 585 4952 15.
614 4895 998 4953 Verumtamen
1043 4916 1208 4972 opera
1260 4903 1579 4969 hominum,
1615 4917 1739 4975 quae
1778 4903 1831 4958 in
1887 4919 1993 4960 noc

2167 4904 2254 4958 15.
2289 4902 2436 4974 Πλὴν
2457 4901 2526 4956 τὰ
2558 4901 2694 4972 ἔργα
2720 4899 2827 4954 τῶν
2856 4897 3156 4972 ἀνθρώπων
3190 4897 3259 4951 τὰ
3293 4899 3351 4952 ὲν
3384 4896 3462 4968 τῷ
3486 4896 3672 4967 κόσμῳ

425 4988 649 5056 mundo,
687 4999 816 5044 sunt
844 4991 1077 5047 vanitas.

1017 5008 1077 5047 IS.
2103 4996 2398 5068 ματαιότης
2423 4994 2588 5051 ἐστίν.

498 5082 585 5136 14.
622 5079 800 5137 Veluti
828 5083 1015 5137 umbra
1052 5086 1371 5141 transcurrit
1400 5087 1583 5142 homo.

2172 5088 2258 5144 M.
2287 5087 2431 5139 Ὠσεὶ
2460 5086 2533 5159 (8)
2564 5088 2690 5140 σκιὰ
2716 5088 2990 5160 διατρέχει
3021 5089 3050 5141 ὁ
3076 5087 3360 5158 ἄνθρωπος

498 5172 586 5228 15.
620 5172 687 5230 Et
715 5172 822 5242 hic,
858 5186 910 5230 et
939 5176 1049 5230 illic
1072 5176 1448 5249 intempestive
1479 5179 1846 5248 perturbatur.

1783 5197 1846 5235 ll'.
2171 5181 2258 5236 15.
2300 5178 2410 5232 Kal
2438 5178 2682 5250 ἀκαίρως
2706 5173 2807 5232 ὧδε
2843 5180 3001 5237 κάκεῖ
3028 5178 3354 5250 θορυϐεῖται.

1382 5340 1684 5403 Addenda
1714 5347 1774 5401 et
1806 5339 2181 5420 corrigenda
2233 5357 2311 5402 ex
2341 5340 2482 5403 cod.
2516 5338 2713 5401 Vatic.

502 5457 579 5534 ζ
811 5460 912 5534 τῆς
938 5461 1309 5534 κινναϐάρεως
1337 5479 1465 5534 περ.
2179 5463 2255 5533 (5)
2293 5463 2565 5534 Ἔστενεν.

503 5527 581 5596 (2)
622 5527 1091 5603 ἰδιθοὺμ’ψαλμὸς
1113 5527 1257 5603 ᾠδῆς
1279 5532 1356 5604 τῷ
1389 5527 1553 5588 Ᾱαόίδ
1573 5551 1584 5564 ·
1619 5533 1755 5607 αὕτη
1778 5534 1992 5606 ἐλέχθη,
2288 5533 2511 5607 ξρδύνης
2536 5532 2808 5607 τῆςέηῗ)
2840 5529 2983 5607 ψνχῇ
3014 5546 3135 5607 μρυο

488 5601 873 5674 ρζῆυηςη
995 5601 1004 5603 “
1744 5601 1755 5607 ’

1744 5601 1755 5607 ’
1869 5601 1901 5606 ’⁷
1959 5601 1969 5606 ’
2178 5601 2258 5674 (7)
2286 5603 2389 5656 Kal
2415 5601 2688 5674 μετρητάς
2711 5602 2861 5658 dccst
2883 5602 2936 5653 in
2970 5601 3090 5655 cod.

507 5666 581 5746 εξ.)
613 5667 707 5746 an,
727 5668 951 5746 λαλεῖν.
992 5713 1003 5725 .
1044 5714 1057 5729 .
1092 5672 1285 5745 ἐχθροῦ
1322 5690 1443 5746 μου.
2176 5666 2252 5745 (8)
2296 5666 2515 5738 Kallbs-

507 5735 579 5805 (4)
613 5735 971 5807 Προαγαγεῖν.

432 5604 486 5650 ΘΙ,
