3978 6204
305 282 406 340 801

1112 275 1201 330 DE
1236 273 1510 332 TITULIS
1549 268 2001 328 PSALMORUM.
2038 296 2105 306 -—
2140 266 2336 321 PSAL.
2369 264 2653 321 XXXVIII.

3444 270 3554 320 802

378 399 466 455 16.
506 395 856 467 Θησαυρξζει,
881 394 975 449 καὶ
994 394 1055 447 οὐ
1078 392 1331 461 γινώσκει
1357 391 1465 445 τίνι
1487 386 1703 453 συνάξει
1720 386 1877 442 αὑτά.
1909 392 1940 450 Α

2053 382 2141 438 16.
2175 381 2551 449 Thesaurizat,
2581 388 2635 436 et
2666 380 2881 452 ignorat
2912 380 3001 435 cui
3035 381 3384 451 congregabit
3413 398 3501 438 ea.

380 493 468 549 17.
508 492 618 545 Kal
637 489 732 546 νῦν
759 487 842 552 τίς
869 490 904 560 ἡ
932 486 1173 558 ὐπομονή
1208 501 1346 550 υ.ου;
1375 483 1497 555 οὐχὶ
1521 485 1550 538 ὁ
1576 481 1812 554 Κύριος;

381 662 468 716 18.
508 660 671 731 Καλή
700 675 995 721 υποστασις
1023 675 1124 728 μου
1151 655 1302 728 παρὰ
1328 653 1421 709 σοῦ
1453 656 1621 709 ἐστιν.

382 756 467 808 19.
495 752 627 806 Ἀτινδ
664 751 854 804 πασῶν
877 748 982 803 τῶν
1004 746 1241 819 ἀνομιῶν
1272 764 1371 819 μου
1406 745 1565 817 ῥῦσαί
1598 761 1694 816 με·

378 847 469 899 20.
494 844 732 907 Ὀνειδος
758 843 954 914 ἄφρονι
988 840 1196 905 ἔδωκάς
1230 858 1318 911 με.

377 937 440 991 21
455 978 467 990 .
496 933 754 1005 Ἐκωφώο
766 951 846 1005 qv,
864 934 958 986 καὶ
972 933 1072 985 οὐκ
1090 933 1275 1003 ἦνοιξα
1288 932 1349 985 τὸ
1367 933 1539 1001 στόμα
1559 944 1681 1002 μου,
1707 929 1787 982 ὅτι
1810 928 1883 1000 (α)

311 1029 375 1080 σὺ
406 1027 690 1098 ἐποίησας.

378 1119 469 1173 22.
503 1118 831 1185 Ἀπόστησον
862 1117 957 1170 ἀπ’
990 1115 1122 1187 ἐμοῦ
1148 1116 1247 1180 τὰς
1287 1100 1555 1185 μάστιγάς
1582 1134 1704 1169 σου·

379 1214 469 1268 25.
500 1212 633 1264 Ἀπὸ
662 1212 769 1283 γὰρ
808 1210 909 1280 τῆς
954 1209 1134 1280 ἰσχύος
1172 1209 1272 1279 τῆς
1317 1210 1498 1281 χειρός
1537 1227 1627 1264 σου
1660 1209 1768 1278 ἐγὼ
1800 1209 1885 1274 ἐξ-

311 1307 392 1361 έλι
400 1323 515 1358 πον.

379 1398 469 1451 25.
504 1398 595 1450 Ἐν
622 1397 871 1466 ἐλεγμοίς
902 1395 1041 1465 ὑπὲρ
1068 1393 1293 1465 ἀνομίας
1324 1394 1646 1457 ἐπαίδευσας
1674 1394 1886 1466 ἅνθρω-

312 1505 415 1542 πον
437 1506 450 1519 ’

380 1581 471 1635 25.
509 1583 619 1635 Kal
643 1580 901 1651 ὲξέτηξας
924 1580 1000 1644 ὡς
1032 1581 1273 1651 ἀράχνην
1299 1579 1396 1651 τὴν
1422 1578 1598 1650 ψυχήν
1631 1597 1732 1649 μου
1766 1578 1887 1651 [αὑ-

311 1675 404 1728 τοῦ
434 1675 549 1728 cod.
573 1673 785 1747 Barb.].

2058 477 2143 530 17.
2175 476 2242 532 Et
2284 493 2433 533 nunc
2476 492 2600 547 qum
2644 475 2980 546 exspectatio
3029 475 3182 530 mea?
3229 491 3410 532 nonne
3446 474 3558 532 Do-

1984 567 2205 622 minus?

2054 657 2142 712 18.
2178 655 2243 709 Et
2273 656 2575 712 substantia
2610 671 2727 711 mea
2758 672 2787 723 a
2816 663 2866 711 te
2895 663 2998 711 est.

2059 748 2145 802 19.
2177 725 2260 802 AT)
2288 750 2541 803 omnibus
2570 747 2948 818 iniquitatibus
2976 748 3111 803 meis
3140 764 3271 804 erue
3303 765 3387 805 me
3416 764 3433 804 :

2056 837 2145 892 20.
2180 837 2544 908 Opprobrium
2583 840 2856 908 insipienti
2885 840 3080 894 dedisti
3106 856 3210 895 me.

2055 929 2144 983 2i.
2179 927 2460 996 Obmutui,
2490 939 2543 983 ct
2573 945 2681 984 non
2718 932 2906 999 aperui
2940 947 3033 987 eos
3067 947 3267 998 meum,
3295 933 3554 1003 quoniam

1986 1030 2041 1075 tu
2070 1021 2265 1076 fecisti.

2053 1112 2143 1169 22.
2174 1114 2378 1168 Amove
2403 1130 2430 1168 a
2460 1128 2547 1169 me
2576 1114 2760 1184 plagas
2791 1125 2911 1171 tuas
2940 1129 2955 1167 :

2052 1203 2140 1258 25.
2171 1205 2218 1258 Α
2251 1206 2569 1261 fortitudine
2601 1208 2744 1261 enim
2781 1223 2977 1263 manus
3008 1216 3112 1263 tua:
3144 1224 3243 1281 ego
3271 1210 3466 1267 defcci.

2053 1385 2142 1439 24.
2176 1386 2232 1439 ln
2266 1386 2730 1456 increpationibus
2756 1398 2980 1460 propter
3007 1389 3346 1461 iniquitatem
3377 1394 3555 1446 corri-

1983 1474 2147 1544 puisti
2183 1476 2458 1531 hominem
2487 1496 2499 1532 :

2053 1566 2144 1621 25.
2179 1567 2246 1621 Et
2291 1569 2569 1637 tabescere
2617 1568 2795 1625 fecisti
2838 1571 2981 1627 sicut
3012 1588 3269 1630 araneam
3313 1577 3553 1632 animam

1985 1655 2125 1726 ejus.

378 1766 468 1820 26.
507 1764 652 1834 Πλὴν
683 1767 859 1838 μάτην
890 1767 997 1830 πᾶς
1018 1764 1220 1838 [μάτην
1247 1765 1579 1836 ταράσσεται
1602 1765 1728 1826 πᾶς,
1753 1760 1885 1835 ctc.]
1920 1746 1940 1803 Ῐ

2058 1748 2147 1803 26.
2178 1747 2567 1806 Verumtamen
2615 1768 2756 1809 vane
2797 1755 2978 1811 omnis
3003 1754 3163 1827 [vane
3206 1760 3557 1828 perturbatur

313 1854 622 1922 ἄνθρωπος.

875 1952 1194 2022 Auiti-alga
1227 1949 1323 2021 (ὁ).

380 2047 470 2101 27.
502 2047 833 2101 Εἱσάκουσον
858 2047 955 2117 τῆς
985 2044 1292 2116 προσευχῆς
1322 2060 1443 2114 μου,
1470 2043 1772 2114 Κυριε,καὶ
1791 2045 1889 2115 τῆς

310 2137 548 2210 δεήσεως
580 2156 681 2211 μου
715 2138 842 2210 [μου
875 2136 1175 2209 ὲνώτισαι].

381 2231 470 2287 28.
504 2231 574 2303 (ε)
607 2230 889 2284 Ἐνὼτισαι
921 2230 1030 2283 τῶν
1060 2229 1309 2301 δακρύων
1346 2247 1470 2299 μου.

379 2323 468 2379 29.
500 2323 595 2396 Μὴ
624 2325 1076 2396 παρασιωπήσῃς,
1107 2323 1188 2377 ὅτι
1214 2323 1474 2394 πάροικος
1501 2321 1611 2391 ἐγώ
1640 2323 1755 2393 εἶμι
1784 2337 1887 2375 πα-

314 2416 384 2487 ρὰ
419 2417 534 2471 σοι’
1588 2446 1593 2451 -

381 2507 469 2564 50.
488 2508 600 2562 Καὶ
616 2509 889 2581 παρεπίδη
897 2525 1015 2580 μος,
1027 2505 1210 2572 καθὼς
1222 2506 1422 2571 πάντες
1436 2508 1484 2559 οἱ
1508 2505 1742 2576 πατέρες
1761 2521 1883 2575 μου.

384 2652 461 2723 (α)
479 2654 623 2723 Ὅτι,
654 2661 785 2716 etc.,
813 2653 1030 2708 desunt.

380 2728 459 2795 (ὁ)
502 2722 623 2780 Vat.
656 2726 778 2780 cod.
818 2723 936 2780 Pal.

1988 1840 2184 1903 omnis,
2216 1838 2348 1911 etc.]
2384 1842 2567 1894 homo.

2604 1929 2939 1997 Diapsalma.

1944 2042 1957 2063 ι
2050 2016 2144 2070 27.
2183 2017 2393 2075 Exaudi
2438 2020 2739 2076 orationem
2779 2038 2977 2089 meam,
3020 2021 3270 2092 Domine,
3298 2025 3558 2097 depreca-

1986 2111 2187 2167 tionem
2216 2128 2391 2167 meam
2426 2111 2625 2185 [meam
2662 2115 2886 2172 auribus
2923 2116 3161 2190 percipe]
3200 2134 3212 2169 :

2055 2203 2142 2257 28.
2180 2204 2418 2259 Auribus
2444 2206 2660 2276 percipe
2688 2207 2958 2278 lacrymas
2989 2224 3160 2264 meas.

2057 2294 2145 2349 29.
2171 2294 2249 2350 Ne
2282 2296 2469 2361 sileas,
2500 2298 2761 2367 quoniam
2786 2298 2997 2354 advena
3023 2315 3123 2371 ego
3149 2316 3270 2355 sum
3304 2302 3447 2373 apud
3471 2308 3557 2370 te;

2063 2497 2153 2553 50.
2182 2496 2248 2551 Et
2279 2498 2619 2570 peregrinus,
2647 2500 2788 2555 sicut
2820 2514 3011 2556 omnes
3036 2508 3218 2571 patres
3249 2500 3377 2557 mei.

2056 2646 2104 2718 (ε
2162 2643 2226 2698 V.
2260 2645 2350 2709 28,
2396 2643 2516 2697 Τῶν
2559 2643 2808 2714 δακρύων
2844 2659 2943 2714 μου
2981 2642 3054 2714 μὴ
3090 2659 3169 2696 πα
3210 2642 3551 2713 ασιωπήσῃς.

2056 2760 2063 2771 .
2097 2646 2316 2771 293Ὀτι
2342 2715 2474 2771 πάρ.
2505 2715 2614 2771 ἐγώ
2645 2718 2759 2771 εἰμι
2783 2716 2839 2768 ἂν
2861 2716 2928 2771 sit
2958 2716 3051 2771 γῆ.
3090 2711 3153 2766 V.
3296 2713 3426 2771 Καί,
3447 2723 3551 2767 etc.

1998 2711 2074 2773 V.
2097 2711 2316 2782 29,Ὂτι
2342 2715 2474 2787 πάρ.
2505 2715 2614 2783 ἐγώ
2645 2711 2759 2784 ειμι
2783 2711 2929 2784 ὶντῇ
2958 2711 3052 2785 γῇ.
3090 2711 3153 2766 V.
3175 2711 3265 2780 3‘0,
3296 2711 3426 2774 Kal,
3447 2711 3556 2767 etc.

1441 2874 1821 2933 ATHANASII
1855 2874 2445 2934 lNTERPRETATlO.

383 3020 470 3077 i6.
512 3016 841 3092 Θησαυρδζει
886 3016 1015 3092 γὰρ,
1053 3017 1145 3071 καὶ
1194 3016 1254 3070 οὐ
1300 3016 1554 3086 γινώσκει
1593 3018 1676 3084 τίς
1703 3018 1884 3073 αὐτῶν
1911 3023 1940 3081 C

2060 3016 2148 3072 46.
2192 3014 2547 3069 Thesaurizat
2596 3014 2766 3079 enim,
2812 3021 2867 3067 et
2906 3012 3140 3083 ignorat,
3187 3012 3313 3083 quis
3368 3026 3557 3069 eorum
3619 3056 3625 3064 .

310 3112 557 3187 κυριεύει
588 3112 686 3183 (1).

423 3206 475 3261 7.
504 3206 613 3258 Kal
640 3204 736 3258 νῦν
786 3204 847 3257 τὸ
877 3203 1168 3275 ὑπομένειν
1217 3221 1282 3275 με
1312 3203 1374 3257 τὸ
1403 3203 1606 3272 ἀγαθὸν
1636 3204 1710 3263 (2i
1743 3206 1893 3279 παρὰ

313 3299 407 3353 τοῦ
435 3298 641 3369 Κυρίου
671 3297 801 3367 ἔχω.

386 3393 475 3448 18.
515 3393 626 3447 Καὶ
654 3394 687 3464 ἡ
720 3390 1029 3445 συνιστῶσά
1065 3407 1132 3461 με
1164 3390 1323 3462 χάρις
1353 3387 1504 3462 παρὰ
1533 3388 1643 3464 σοῦ,
1663 3391 1829 3444 ἐστιν.

386 3484 473 3539 i9.
513 3462 824 3555 Καθάρισόν
862 3499 949 3553 με,
979 3482 1147 3551 λέγει,
1173 3483 1280 3535 τῶν
1315 3481 1553 3553 ἀνομιῶν
1583 3462 1705 3552 μου.

382 3577 472 3632 20.
514 3575 917 3645 Καταγελῶντά
962 3575 1038 3648 ('5)
1077 3593 1148 3648 με
1189 3576 1302 3646 ἔχει
1334 3578 1362 3629 ὀ
1406 3574 1649 3639 διάσολος
1681 3575 1769 3630 διὰ
1793 3575 1895 3641 τὰς

316 3670 591 3743 ἁμαρτίας
619 3686 739 3741 μου.

385 3762 473 3817 2|.
504 3762 618 3815 Οὐκ
639 3761 718 3815 ἔτι
747 3759 1005 3814 ὑπακούω
1028 3762 1094 3830 τῇ
1119 3760 1387 3832 ἁμαρτίᾳ.
1419 3761 1502 3814 ὅτι
1534 3761 1597 3814 σὺ
1629 3760 1894 3831 ἐποίησας

315 3854 471 3910 τοῦτο
498 3872 567 3927 με
602 3854 846 3926 ποιῆσαι.

384 3948 475 4003 22.
501 3946 771 4018 Ἰλάσθητί
800 3962 910 4016 μοι,
936 3944 1107 4013 λέγει.

386 4040 474 4094 25.
496 4038 630 4093 Ἀπὸ
676 4038 783 4110 γὰρ
831 4037 930 4108 τῆς
979 4034 1303 4109 προσδοκίας
1335 4036 1426 4089 τοῦ
1462 4034 1770 4105 λογίζεσθαί
1803 4054 1890 4108 με,

318 4131 397 4186 δτι
425 4130 605 4203 μέλλει
635 4129 709 4202 (4)
740 4145 806 4200 μ
839 4128 1042 4201 κρίνειν
1077 4126 1189 4181 ἴσον
1219 4126 1449 4181 θανάτου
1475 4127 1763 4199 ἐγενόμην.

385 4300 474 4354 24.
492 4298 877 4369 Ἐλεγχόμενος
920 4294 1072 4368 παρὰ
1117 4295 1210 4349 σοῦ
1254 4294 1341 4350 διὰ
1380 4294 1477 4360 τὰς
1524 4295 1753 4368 ἀνομίας
1789 4314 1892 4368 μου

320 4389 600 4461 ἐδιδάχθην
628 4388 701 4460 μὴ
726 4385 1080 4459 ἁμαρτάνειν.
1270 4446 1273 4449 _

385 4480 478 4535 25.
516 4479 626 4533 Kal
671 4478 781 4532 ἀπὸ
813 4478 915 4548 τῆς
959 4475 1189 4546 θλίψεως
1212 4476 1314 4547 τῆς
1344 4475 1519 4548 ψυχῆς
1552 4493 1653 4547 μου
1688 4475 1891 4548 ὲτάκην

322 4571 471 4635 ὅλως.

385 4662 477 4717 26.
510 4659 656 4732 Πλὴν
687 4659 839 4713 οὐδέν
867 4661 1012 4714 ἐστιν
1041 4658 1271 4723 ἕκαστος
1306 4658 1415 4713 τῶν
1441 4657 1764 4730 ἀνθρώπων.

387 4755 477 4811 27.
505 4757 595 4827 Μὴ
619 4755 814 4828 ἅπώσῃ
844 4754 941 4826 τὴν
979 4756 1286 4828 προσευχήν
1317 4772 1439 4826 μου,
1466 4755 1600 4809 ἀλλὰ
1625 4754 1893 4827 μακροθύ-

325 4866 437 4921 μως
464 4849 668 4919 ταύτην
694 4847 768 4918 (5)
804 4848 1057 4901 ἄκουσον.

385 4939 476 4993 28.
516 4937 607 5011 Μὴ
632 4936 863 5010 παρίδῃς
889 4938 958 4992 τὰ
984 4937 1195 5007 δάκρυά
1221 4954 1342 5009 μου.

386 5032 474 5086 29.
494 5033 615 5085 Ὀτι
640 5031 1015 5101 ἐναπόγραφός
1035 5030 1129 5083 σού
1156 5031 1269 5101 εἰμι
1298 5028 1428 5099 ἐγώ.

388 5125 477 5183 50.
516 5125 625 5179 Kal
655 5125 749 5178 ἐπὶ
772 5125 869 5195 τῆς
892 5125 996 5194 γῆς
1028 5122 1405 5195 παρεπίδημός
1436 5125 1580 5195 εἰμι·
1602 5123 1762 5197 ἡγὰρ
1781 5122 1893 5179 ἄνω

330 5216 685 5291 Ἰερουσαλὴμ
709 5217 862 5281 πόλις
892 5234 992 5286 μου
1021 5215 1160 5270 ἐστι.

1994 3110 2249 3166 dominus
2284 3107 2407 3161 erit.

2069 3200 2156 3255 17.
2182 3198 2246 3254 Et
2288 3212 2432 3252 nunc.
2461 3204 2710 3266 superest
2735 3196 2890 3262 mihi,
2924 3204 2988 3251 ut
3025 3196 3231 3251 bonum
3260 3213 3291 3252 a
3327 3194 3561 3254 Dom.no

1994 3301 2320 3361 exspectem.

2066 3382 2152 3437 18.
2188 3381 2253 3434 Ει
2283 3380 2476 3451 gratia,
2512 3395 2633 3450 quae
2662 3394 2748 3435 me
2774 3387 3063 3445 sustentat,
3098 3396 3129 3436 a
3158 3388 3211 3436 te
3248 3390 3349 3437 est.

2067 3473 2153 3526 i9.
2191 3470 2387 3524 Munda
2416 3485 2519 3536 me,
2551 3470 2745 3540 inquit,
2780 3469 2849 3524 ab
2877 3469 3256 3539 iniquitatibus
3286 3472 3442 3528 meis.

2066 3564 2156 3619 20.
2189 3561 2402 3618 Derisui
2447 3578 2533 3616 me
2578 3561 2740 3617 habet
2780 3562 3032 3617 diabolus
3080 3573 3299 3633 propter
3340 3571 3564 3634 peccata

1995 3671 2137 3711 mea.

2065 3747 2155 3801 2i.
2184 3745 2302 3801 Non
2348 3746 2581 3816 amplius
2623 3744 2874 3801 ausculto
2917 3754 3175 3815 peccato,
3206 3746 3463 3815 quoniam
3504 3755 3562 3801 tu

1994 3834 2170 3890 fecisti
2199 3842 2259 3889 ut
2290 3850 2389 3905 ego
2417 3834 2469 3888 id
2496 3833 2749 3889 facerem.

2066 3929 2155 3982 22.
2190 3927 2444 3982 Miserere
2475 3927 2599 3991 tnei,
2627 3926 2787 3981 dicit.

2065 4019 2154 4073 25.
2182 4017 2263 4074 Ob
2281 4018 2731 4086 exspectationem
2754 4018 2923 4081 enim,
2950 4017 3077 4072 dum
3106 4032 3317 4072 mecum
3347 4030 3560 4089 reputo,

1995 4113 2143 4181 quod
2184 4120 2239 4166 tu
2273 4127 2359 4166 me
2383 4110 2725 4181 judicaturus
2755 4123 2814 4166 es
2845 4110 3068 4181 perinde
3100 4126 3164 4165 ac
3194 4122 3442 4167 mortuus
3481 4112 3564 4169 fa-

1994 4211 2117 4256 ctus
2144 4217 2288 4256 sum.

2064 4292 2155 4346 24.
2191 4293 2486 4362 Correptus
2512 4307 2542 4346 a
2571 4300 2621 4346 te
2655 4302 2875 4363 propter
2901 4292 3214 4364 iniquitates
3251 4310 3404 4352 meas
3427 4298 3564 4353 edo-

1996 4391 2116 4439 οιιιε
2145 4399 2266 4439 sum
2294 4399 2400 4439 non
2433 4398 2673 4454 peccare.

2067 4476 2160 4532 25.
2191 4474 2259 4531 Et
2297 4491 2409 4546 prae
2450 4475 2741 4531 afﬂictione
2774 4476 2972 4532 anima:
3016 4492 3151 4534 mea:
3185 4479 3402 4549 penitus
3428 4497 3564 4539 con-

1996 4569 2167 4626 tabui.

2072 4662 2162 4717 26.
2196 4661 2579 4718 Verumtamen
2613 4663 2749 4718 nihil
2774 4671 2858 4719 est
2884 4664 3063 4720 omnis
3094 4664 3279 4721 homo.

2068 4754 2158 4809 27.
2194 4752 2272 4809 Ne
2312 4754 2542 4825 repellas
2572 4754 2875 4811 orationem
2914 4771 3092 4812 meam
3115 4796 3130 4822 ,
3164 4759 3259 4814 sed
3297 4758 3567 4830 patienter

1996 4846 2139 4901 banc
2172 4846 2322 4902 audi.

2077 4938 2169 4993 28.
2195 4938 2275 4994 Ne
2303 4940 2570 5010 despicias
2593 4941 2861 5013 iacrymas
2895 4957 3065 4999 meas.

2074 5030 2166 5087 29.
2204 5030 2475 5097 Quoniam
2501 5033 2836 5103 ascriptitius
2860 5042 2988 5089 tuus
3017 5049 3138 5089 sum
3164 5047 3284 5107 ego.

2069 5121 2259 5177 50.4.1
2292 5123 2347 5177 in
2395 5132 2538 5179 terra
2572 5125 2890 5197 peregrinus
2922 5141 3042 5181 sum
3088 5144 3105 5181 :
3150 5140 3385 5196 superna
3421 5127 3565 5182 enim

2001 5215 2302 5273 Jerusalem
2328 5216 2521 5273 civitas
2549 5234 2666 5273 mea
2688 5228 2791 5277 est.

1270 5372 1576 5437 Addenda
1606 5381 1669 5438 et
1699 5375 2079 5457 corrigenda
2110 5393 2191 5438 ex
2230 5379 2372 5442 cod.
2412 5378 2616 5443 Vatic.

392 5534 468 5609 ﬂ)
505 5535 816 5609 Κυριευσει.

394 5603 472 5679 (2)
512 5603 742 5679 Ἀγαθὸν
772 5606 892 5676 οὐχὶ
923 5606 1075 5679 παρὰ
1099 5606 1196 5663 τοῦ
1227 5605 1434 5679 Κυρίου
1462 5603 1603 5679 ῑχω;

393 5677 470 5742 (5)
508 5677 896 5742 Καταγέλωτα.

2092 5542 2147 5609 4)
2187 5542 2435 5609 Μέλλεις.

2092 5544 2127 5598 4
2187 5542 2435 5609 Μέλλεις.

2068 5542 2148 5687 ἱδ)
2187 5614 2401 5689 Ταύτης
2428 5614 2678 5683 ἄκουσον,
2709 5611 3063 5686 italiaque);
3089 5630 3214 5685 μου.
