3978 6204
431 307 537 365 805

505 426 595 481 51.
629 420 864 478 Remitte
896 417 1029 473 mihi
1057 426 1115 471 ut
1141 414 1464 487 reirigerer;

504 515 593 570 3'2.
620 513 942 581 Priusquam
972 509 1183 572 abeam,
1213 515 1267 560 et
1297 506 1530 574 amplius
1564 520 1671 558 non
1713 519 1828 559 ero.

572 625 639 682 In
672 627 848 696 ﬁnem,
874 621 1108 692 psalmus
1141 618 1327 671 David.
1364 615 1568 670 PSAL.
1605 615 1876 670 XXXIX.

508 736 899 807 LExspectans
909 731 1213 802 exspectavi
1233 729 1540 794 Dominum,
1553 740 1604 784 et
1618 729 1842 784 intendit
1857 728 2008 784 mihi:

504 830 559 884 2.
595 827 662 880 Et
685 823 960 881 exaudivit
985 837 1174 893 preces
1207 835 1374 876 meas.

508 921 564 975 5.
597 918 664 973 Ει
694 915 880 973 eduxit
905 929 990 968 me
1013 915 1080 967 de
1112 913 1233 967 lacu
1259 911 1517 976 miseriae,

508 1019 565 1065 4.
595 1007 663 1062 Et
693 1007 760 1061 de
794 1005 907 1059 luto
937 1003 1086 1059 faecis
1119 1018 1132 1053 ε

511 1103 564 1156 5.
594 1099 658 1156 Et
680 1098 869 1155 statuit
895 1111 1058 1166 super
1086 1103 1294 1166 petram
1329 1094 1494 1165 pedes
1527 1108 1680 1148 meos
1714 1109 1726 1144 :

511 1194 564 1245 6.
596 1190 663 1244 Et
690 1188 893 1244 direxit
924 1201 1146 1256 gressus
1174 1199 1346 1240 meos.

512 1280 564 1334 7.
597 1279 664 1334 Et
690 1275 920 1332 immisit
952 1276 1007 1329 in
1039 1289 1102 1329 os
1138 1289 1341 1337 meum,
1372 1273 1643 1328 canticum
1679 1287 1878 1326 novum
1911 1287 1924 1321 :

510 1373 564 1428 8.
599 1372 832 1426 Carmen
863 1368 974 1423 Deo
1002 1376 1212 1422 nostro.

513 1465 568 1519 9.
608 1462 884 1517 Videbunt
935 1458 1091 1514 multi
1122 1467 1175 1512 et
1208 1457 1493 1522 timebunt,
1542 1465 1595 1511 et
1627 1456 1922 1526 sperabunt
1960 1455 2015 1509 in

442 1551 696 1608 Domino.

517 1644 604 1698 10.
642 1641 842 1698 Beatus
895 1639 998 1706 vir,
1043 1637 1200 1708 cujus
1248 1647 1333 1692 est
1381 1649 1578 1693 nomen
1625 1634 1842 1690 Domini
1893 1649 2017 1705 spes

443 1751 599 1804 ejus;

1277 293 1334 350 S.
1374 289 1748 349 ATHA‘NASII
1789 289 1938 345 OPP.
1983 291 2162 346 PARS
2201 289 2285 344 III.
2328 318 2399 332 —-
2435 282 2874 347 EXEGETICA.‘

2037 423 2088 478 Α
2187 412 2441 473 51.”Ανες
2480 429 2587 480 μοι,
2620 411 2703 462 ἴνα
2728 407 2982 477 ἀναψύξω
3002 423 3013 437 ·

3578 287 3679 352 801

2177 503 2262 556 52.
2303 503 2412 573 Πρὸ
2430 503 2520 555 τοῦ
2545 519 2610 573 με
2631 503 2908 564 ὰπελθεῖν,τ
2923 501 3018 554 καὶ
3037 499 3139 553 οὑκ
3157 497 3238 552 ἔτι
3258 499 3319 552 οὐ
3346 498 3420 571 μὴ
3438 500 3675 572 ὑπάρξω.

2199 617 2301 680 εις
2329 616 2391 668 τὸ
2422 613 2614 679 τέλος,
2649 612 2888 682 ψαλμός
2914 611 2992 676 τῷ
3025 610 3219 665 Δαϐίδ.
3253 613 3428 666 ma.
3461 613 3591 665 Ae'.

2181 731 2234 783 1.
2251 730 2562 800 Ὑπομένων
2577 729 2839 798 ὑπέμεινα
2850 729 2938 782 τὸν
2954 728 3274 801 Κύριον,καὶ
3293 730 3558 803 προσέσχε
3573 749 3676 803 μοι·

2181 821 2234 874 2.
2275 821 2386 872 Kal
2413 822 2700 889 εἰσήκουσε
2725 819 2826 889 τῆς
2851 818 3086 889 δεήσεως
3119 836 3241 889 μου.

2182 912 2235 965 5.
2278 909 2388 962 Καὶ
2417 909 2661 978 ἀνήγαγέ
2693 926 2758 978 με
2787 911 2850 961 ὲκ
2883 907 3090 962 λάκκου
3117 909 3510 980 ταλαιπωρίας.

2183 1001 2235 1054 4.
2277 1000 2386 1052 Kal
2415 998 2520 1071 ἀπὸ
2549 998 2720 1069 πηλοῦ
2755 997 2922 1060 ἰλύος·

2187 1093 2240 1147 5.
2282 1093 2394 1147 Kal
2425 1091 2650 1162 ἔστησεν
2677 1092 2768 1144 ἐπὶ
2797 1091 3005 1162 πέτραν
3026 1089 3154 1154 τοὺς
3184 1091 3351 1154 πόδας
3384 1106 3513 1161 pou-

2185 1187 2238 1243 6.
2279 1189 2386 1242 Kal
2414 1186 2708 1242 κατεύθυνε
2737 1186 2804 1240 τὰ
2829 1186 3142 1258 διαϐήματά
3176 1204 3299 1256 μου.

2187 1278 2240 1332 7.
2279 1279 2388 1330 Kal
2415 1276 2667 1330 ὲνέϐαλεν
2691 1277 2770 1341 εἰς
2797 1277 2858 1329 τὸ
2883 1277 3057 1349 στόμα
3095 1294 3197 1348 μου
3221 1273 3372 1348 ᾇσμα
3401 1279 3581 1333 καινόν
3599 1296 3610 1308 ο

2185 1368 2238 1422 8.
2257 1369 2462 1439 ’Ύμνον
2496 1367 2575 1438 τῷ
2602 1367 2722 1438 Θεῷ
2751 1369 2783 1438 ὴ
2793 1368 2908 1438 μῶν

2184 1461 2238 1517 9.
2259 1461 2514 1530 Ὄψονται
2549 1459 2730 1512 πολλοὶ
2756 1459 2850 1513 καὶ
2879 1461 3296 1532 φοϐηθήσονται,
3341 1459 3436 1514 καὶ
3474 1461 3680 1514 ἑλπεοῦ-

2117 1569 2201 1604 σιν
2233 1552 2324 1604 ἐπὶ
2354 1550 2576 1619 Κύριον.

2188 1641 2275 1696 10.
2306 1640 2588 1712 Μακάριος
2621 1641 2782 1710 ἀνὴρ,
2806 1634 2867 1694 οὗ
2899 1642 3012 1694 ἐστι
3034 1641 3093 1693 τὸ
3109 1640 3279 1710 ὄνομα
3305 1640 3515 1711 Κυρίου
3541 1640 3682 1704 ἐλπὶς

2118 1734 2320 1788 αὐτοῦ·

518 1824 606 1878 il.
642 1821 707 1877 Et
738 1837 848 1877 non
879 1820 1122 1892 respexit
1152 1822 1207 1875 in
1243 1821 1508 1876 vanitates
1542 1829 1596 1876 et
1627 1818 1868 1876 insanias
1912 1816 2015 1872 lal-
2048 1847 2059 1901 ι

2191 1827 2276 1880 11.
2317 1827 2425 1880 Kal
2451 1826 2551 1879 οὐκ
2579 1825 2872 1894 ἐπέϐλεψεν
2893 1825 2972 1889 εἰς
3003 1825 3366 1896 ματαιότητας
3391 1824 3484 1876 καὶ
3503 1827 3685 1894 μανίας

447 1930 559 1969 523.

518 2007 604 2060 12.
639 2006 805 2062 Multa
847 2006 1023 2063 fecisti
1072 2015 1149 2072 tu,
1189 2004 1417 2060 Domine
1451 2004 1594 2059 Deus
1640 2017 1816 2068 meus,
1851 2000 2020 2056 mira-

447 2096 578 2152 bilia
609 2106 695 2151 tua
735 2114 747 2150 :

520 2189 607 2244 15.
636 2189 703 2244 Et
735 2188 1157 2261 cogitationibus
1203 2186 1312 2242 tuis
1343 2201 1452 2242 non
1482 2193 1566 2241 est
1594 2183 1690 2255 qui
1720 2183 1913 2240 similis
1953 2184 2024 2238 sit

449 2281 550 2335 tibi
582 2299 596 2335 :

481 2387 492 2441 ς
522 2373 609 2426 14.
645 2372 974 2426 Annuntiavi
1000 2380 1056 2427 et
1091 2372 1308 2426 locutus
1336 2385 1456 2425 sum
1478 2411 1493 2436 ,
1522 2367 1862 2439 multiplicati
1890 2375 2017 2422 sunt

449 2479 611 2534 super
638 2479 950 2520 numerum.

2119 1919 2349 1988 ψευδεῖς.

2189 2009 2275 2061 12.
2315 2008 2486 2060 Πολλὰ
2517 2007 2782 2078 ἐποίησας
2815 2007 2901 2071 σὺ,
2920 2005 3091 2078 Κύριε
3127 2009 3156 2059 ὁ
3180 2006 3311 2068 Θεός
3335 2005 3545 2076 μου,τὰ
3566 2006 3689 2059 θαυ-

2123 2099 2292 2170 μάσιά
2327 2117 2418 2152 σου
2445 2117 2457 2129 ·

2191 2191 2276 2244 15.
2309 2191 2416 2242 Kal
2442 2192 2554 2253 τοῖς
2583 2189 2950 2260 διαλογισμοῖς
2976 2204 3068 2240 σου
3108 2189 3206 2241 οὐκ
3236 2189 3348 2242 ἔστι
3383 2190 3467 2252 τίς
3500 2191 3688 2259 ὁμοιω-

2122 2281 2348 2352 Θήσεταί
2381 2299 2485 2335 σοι.

2188 2375 2278 2431 14.
2306 2373 2639 2445 Ἀπήγγειλα
2687 2374 2778 2427 καὶ
2826 2373 3080 2444 ἐλάλησα,
3109 2370 3525 2443 ὲπληθύνθησαν
3555 2371 3686 2440 ὑπὲρ

2123 2464 2376 2536 ἀριθμόν.

1569 2596 1948 2655 ATHANASII
1985 2594 2576 2654 INTERPRETATIO.

519 2740 608 2803 51,
643 2741 733 2793 ’52.
761 2737 931 2794 Parce
957 2737 1094 2792 mihi
1125 2737 1448 2808 priusquam
1491 2751 1687 2790 rursus
1733 2733 1923 2787 abeam
1961 2733 2017 2786 in

445 2839 670 2896 terram,
697 2847 763 2885 ex
797 2845 903 2900 qua
933 2838 1182 2900 sumptus
1211 2846 1353 2885 sum.

2193 2734 2282 2796 51,
2314 2733 2402 2788 52.
2455 2735 2816 2806 Συγχώρησόν
2867 2753 2958 2808 μοι
3006 2736 3114 2808 πρὸ
3135 2735 3227 2789 τοῦ
3250 2736 3505 2790 ἀπελθεῖν
3539 2739 3692 2792 πάλιν

2127 2828 2205 2890 εἰς
2237 2825 2334 2898 τὴν
2361 2828 2485 2899 γῆν,
2515 2831 2573 2894 ἐξ
2607 2824 2672 2898 ἧς
2701 2829 2960 2901 ἐλήφθην.

526 2946 592 2998 Ἡ
623 2945 953 3017 προκειμένη
980 2944 1258 3016 ἐπιγραφὴ
1289 2943 1530 3015 περιέχει
1559 2941 1669 3014 (1)·
1707 2943 1813 3007 Είς
1843 2941 1910 2995 τὸ
1941 2939 2117 3006 τέλος
2150 2929 2231 3005 τῷ
2261 2939 2437 2993 Δαϐίδ
2459 2940 2558 3012 (2).
2591 2940 2760 2994 Τοῦτο
2791 2937 2882 2995 οὖν
2903 2941 3050 3010 λέγει
3081 2943 3206 3005 τοὺς
3235 2941 3338 3006 ἕως
3364 2941 3554 3005 τέλους
3577 2944 3691 2996 κολ-

376 3084 382 3089 .
445 3042 640 3098 λᾶσθαι
670 3043 746 3114 τῷ
772 3042 979 3114 Κυρίῳ,
1015 3042 1108 3094 καὶ
1145 3041 1218 3112 μὴ
1249 3040 1578 3111 ἀφίστασθαι
1606 3040 1796 3111 αὑτήν.

518 3136 732 3192 Titulus
780 3135 1104 3205 praepositus
1153 3135 1392 3190 continet
1422 3152 1436 3189 :
1472 3133 1538 3188 In
1574 3134 1732 3202 ﬁnem
1762 3131 1998 3202 psalmus
2043 3131 2240 3186 David.
2274 3129 2388 3187 Hoc
2411 3131 2575 3204 igitur
2604 3131 2875 3203 signiﬁcat
2901 3134 3043 3200 illos,
3077 3136 3170 3206 qui
3201 3152 3370 3206 usque
3424 3137 3481 3191 in
3534 3138 3689 3192 ﬁnem

445 3231 682 3288 Domino
710 3230 1008 3292 adhaerent,
1041 3237 1094 3284 et
1127 3227 1195 3283 ab
1226 3227 1346 3298 ipso
1375 3241 1484 3280 non
1518 3224 1794 3280 deﬁciunt.

517 3327 569 3380 1.
599 3325 967 3380 lndesinenter
998 3337 1324 3394 permanens
1351 3321 1407 3375 in
1435 3319 1680 3375 oratione
1708 3333 1850 3373 mea.

516 3417 568 3471 2.
604 3415 939 3485 Exspectans
966 3415 1111 3470 enim
1143 3413 1570 3469 misericordiam
1601 3412 1719 3482 ejus
1754 3412 1871 3481 ipsa
1909 3424 2016 3466 non

448 3508 812 3564 fraudabitur.

518 3601 571 3665 5,
606 3599 659 3652 4.
685 3598 1036 3653 Peccatorum
1073 3610 1340 3651 meorum.

518 3693 570 3748 5.
602 3691 660 3746 In
700 3689 981 3761 praeceptis
1014 3688 1128 3743 suis
1153 3687 1462 3743 obﬁrmavit
1497 3694 1732 3742 mentem
1765 3701 1964 3740 meam.

519 3867 572 3921 6.
603 3865 661 3921 ln
688 3881 851 3921 omne
879 3879 1016 3936 opus
1044 3863 1251 3918 bonum
1276 3862 1473 3918 direxit
1505 3879 1600 3918 cor
1637 3876 1842 3918 meum.

516 3959 573 4025 7,
604 3958 656 4012 8.
687 3956 756 4012 Et
784 3957 1047 4012 cltaritate
1094 3971 1194 4011 sua
1237 3955 1449 4025 eli‘ecit,
1489 3963 1549 4010 ut
1581 3969 1705 4010 eum
1751 3953 2019 4025 gloriﬁca-

446 4063 586 4103 rem.

515 4140 570 4196 9.
603 4138 856 4195 Videntes
905 4151 1096 4193 omnes
1141 4136 1386 4201 veniam,
1416 4149 1581 4205 quam
1615 4133 1850 4205 peccatis
1881 4131 2018 4188 meis

446 4227 704 4297 elargitus
733 4235 836 4294 est,
871 4223 1232 4296 obstupefacti
1279 4224 1504 4280 credent
1550 4223 1607 4279 in
1650 4223 1769 4294 ejus
1797 4223 2018 4280 miseri-

446 4317 712 4372 cordiam.

517 4408 605 4462 10.
637 4405 770 4462 Nam
819 4421 1044 4477 sperans
1080 4406 1135 4460 in
1165 4421 1314 4472 eum,
1349 4406 1533 4462 omnia
1566 4405 1732 4469 bona,
1766 4421 1887 4476 qua:
1916 4420 2017 4476 po-

445 4499 634 4563 stulat,
670 4497 739 4552 ab
766 4511 832 4552 eo
861 4504 1122 4566 reportat,
1168 4512 1344 4568 neque
1375 4498 1638 4568 petitione
1670 4513 1768 4553 sua
1795 4498 2016 4553 excidit.

517 4587 598 4641 11.
650 4587 709 4640 In
755 4587 1054 4653 malellcia,
1105 4588 1321 4658 inquit,
1357 4598 1452 4644 aut
1500 4589 1882 4657 divinationes,
1924 4600 2018 4645 aut

444 4675 834 4744 astronomias,
883 4686 976 4733 aut
1021 4679 1300 4745 veneﬁcia,
1353 4691 1448 4734 aut
1495 4679 1864 4743 idololatrias,
1922 4690 2018 4736 aut

447 4768 861 4836 incantationes,
888 4779 982 4824 aut
1009 4770 1288 4841 ligaturas,
1317 4779 1413 4825 aut
1441 4771 1646 4842 aliquid
1675 4771 2014 4840 hujusmodi.

520 4857 604 4910 12.
639 4859 1027 4914 Inenarrabilia
1060 4870 1187 4914 sunt
1217 4861 1480 4916 benelicia
1510 4871 1624 4916 tua.

517 4947 716 5012 15,14.
762 4947 828 5004 Ει
856 4949 950 5020 qui
979 4960 1127 5005 tanta
1175 4953 1316 5006 bona
1374 4953 1534 5008 nobis
1569 4953 1867 5023 provideat,
1907 4972 2018 5012 non

445 5045 529 5092 est
565 5037 724 5105 alius,
749 5049 805 5095 et
835 5040 950 5096 haec
981 5039 1096 5111 ipsa
1128 5042 1397 5111 enarravi,
1429 5050 1482 5098 et
1513 5043 1648 5110 dixi,
1679 5047 1823 5117 quod
1857 5049 2018 5103 innu-

443 5143 596 5185 mera
627 5137 774 5186 sunt.

2047 3323 2088 3380 C
2193 3321 2244 3376 1.
2268 3320 2652 3386 Ἀδιαλείτττως
2681 3322 2967 3393 ὑπομένων
2999 3323 3076 3392 (5)
3104 3325 3171 3394 τῇ
3203 3324 3480 3394 προσευχῇ
3515 3341 3636 3394 μου.

2191 3410 2244 3465 2.
2285 3413 2360 3463 Οὐ
2407 3412 2482 3482 (4)
2526 3413 2634 3486 γὰρ
2679 3415 2990 3486 περιμένων
3025 3415 3188 3469 αὐτοῦ
3231 3416 3294 3468 τὸ
3330 3417 3500 3485 ἕλεος,
3531 3419 3592 3470 οὐ
3623 3417 3690 3488 μὴ

2123 3505 2352 3576 στερηθῇ
2380 3506 2587 3560 τούτου.

2191 3599 2244 3662 '5,
2280 3599 2332 3652 4.
2371 3598 2489 3651 Τῶν
2524 3600 2808 3670 ἁμαρτιῶν
2842 3618 2963 3671 μου.

2190 3689 2242 3744 5.
2277 3689 2370 3752 Εἰς
2408 3688 2506 3753 τὰς
2533 3689 2752 3754 ἐντολὰς
2788 3691 2952 3744 αὐτοῦ
3000 3693 3325 3764 ὲπεστήρισε
3353 3690 3428 3762 (5)
3461 3689 3563 3762 τὴν
3588 3691 3692 3747 διά-

2120 3780 2270 3834 νοιάν
2301 3799 2424 3852 μου.

2189 3869 2243 3923 6.
2272 3870 2366 3933 Εἰς
2390 3872 2497 3924 πᾶν
2514 3871 2673 3942 ἔργον
2690 3874 2894 3942 ἀγαθὸν
2911 3874 3203 3929 κατεύθυνε
3219 3875 3315 3947 τὴν
3330 3875 3559 3948 καρδίαν
3577 3895 3690 3948 μου.

2189 3961 2242 4026 7,
2277 3962 2329 4015 8.
2362 3964 2468 4016 Kal
2493 3963 2581 4017 διὰ
2607 3965 2708 4036 τῆς
2733 3966 2955 4038 χάριτος
2980 3968 3143 4022 αὑτοῦ
3174 3970 3400 4041 ἐποίησέ
3436 3989 3506 4043 με
3543 3973 3693 4036 δοξαζ-

2119 4053 2232 4116 ξειν
2260 4053 2444 4109 αὐτόν.

2189 4146 2244 4204 9.
2273 4147 2609 4219 Ἑωρακότες
2635 4151 2836 4216 πάντες
2876 4153 2974 4224 τὴν
3012 4154 3358 4227 συγχώρησιν
3385 4155 3496 4210 τῶν
3527 4159 3696 4230 ἁμαρ·

2118 4237 2268 4303 τιῶν,
2312 4231 2386 4292 ὧν
2431 4241 2738 4312 ἐχαρήσατό
2771 4261 2882 4314 μοι,
2913 4246 3346 4316 έκπλησσόμενοι
3382 4250 3695 4302 πιστεύσου-

2121 4346 2204 4383 σιν
2232 4329 2306 4401 (6)
2341 4331 2432 4384 ὲπὶ
2460 4333 2520 4386 τὸ
2547 4333 2694 4398 ἕλεος
2726 4335 2913 4392 αὑτοῦ.

2191 4418 2276 4472 10.
2311 4419 2367 4473 Ὁ
2390 4419 2496 4493 γὰρ
2521 4421 2752 4486 ἐλπίζων
2769 4425 2855 4477 ἐπ’
2876 4426 3036 4479 αὑτὸν
3052 4429 3230 4481 πᾶσαν
3249 4427 3465 4500 αἴτησιν
3481 4430 3696 4500 ἀγαθῶν

2120 4510 2400 4581 κομίζεται
2426 4513 2500 4584 (7)
2523 4516 2654 4585 παρ’
2684 4515 2872 4585 αὑτοῦ,
2891 4518 2991 4570 οὐκ
3014 4519 3080 4572 ἂν
3093 4519 3264 4589 αὐτῆς
3285 4522 3440 4586 ἐκτὸς
3455 4523 3693 4593 γένηται.

2191 4604 2274 4657 11.
2307 4605 2402 4668 Ei;
2437 4606 2708 4677 μάστιγας
2739 4609 2813 4681 (8)
2853 4611 3025 4680 λέγει,
3053 4614 3085 4684 ἢ
3136 4617 3418 4685 μαντείας,
3447 4618 3479 4688 ἢ
3511 4620 3699 4690 ἀστρο-

2120 4694 2328 4765 νομίας,
2361 4695 2396 4767 ἢ
2441 4700 2878 4774 φαρμακείας,ἢ
2928 4704 3390 4779 είδωλολατρείας,
3435 4710 3467 4780 ῆ
3520 4712 3700 4764 ἐπαοι-

2120 4787 2259 4852 δίας,
2291 4788 2323 4858 ἢ
2354 4791 2483 4861 περὶ
2511 4791 2780 4863 ἆμμασιν,
2809 4796 2842 4866 ἦ
2871 4813 2923 4848 τι
2945 4797 3052 4850 τῶν
3080 4801 3354 4854 τοιούτων.

2174 4876 2280 4931 12.
2301 4879 2705 4954 Ἀνεκδιήγητοί
2732 4887 2868 4940 εἰσιν
2897 4889 2952 4940 αἱ
2983 4889 3290 4961 εὐεργεσίαι
3321 4911 3434 4949 σου.

2193 4969 2281 5037 15,
2312 4970 2399 5025 14.
2430 4973 2506 5042 (9)
2537 4975 2646 5027 Kal
2687 4977 2858 5042 οὕτως
2904 4980 3081 5048 ἀγαθὰ
3137 4981 3529 5054 βουλευόμενος
3576 4987 3698 5056 περὶ

2123 5056 2278 5128 ἡμῶν
2321 5060 2421 5113 οὐκ
2458 5060 2606 5116 ἔστιν
2639 5065 2816 5132 ἄλλος,
2846 5069 2939 5121 καὶ
2968 5070 3105 5123 αὐτὰ
3139 5071 3310 5126 ταῦτα
3335 5073 3696 5147 διηγησάμην,

2125 5149 2220 5201 καὶ
2246 5147 2503 5220 ἐλάλησα.
2537 5152 2620 5206 ὅτι
2651 5155 2791 5227 ὑπὲρ
2815 5159 3046 5230 ἀριθμόν
3071 5162 3195 5214 εἰσι.

1391 5272 1696 5338 Addenda
1725 5287 1785 5339 et
1815 5281 2188 5362 corrigenda
2253 5303 2330 5348 ex
2365 5288 2505 5351 cod.
2539 5291 2742 5355 Vatic.

617 5365 790 5442 ἐἰ-διὰ
819 5371 918 5442 τῆς
949 5369 1316 5442 κινναϐάρεως
1350 5389 1472 5442 περ.

517 5435 595 5521 (2)
635 5437 724 5521 Τιῖθ
749 5435 911 5521 Δαϐξδ
939 5435 1206 5521 ψαλμόςί.
1232 5483 1248 5498 .
1287 5435 1435 5511 λέγεί
1466 5444 1568 5507 ἕως
1597 5445 1690 5498 τοῦ
1722 5447 1926 5513 τέλους.
1957 5493 1969 5505 .
1998 5490 2014 5505 .

447 5499 780 5570 ἀφίστασθαι
809 5499 994 5568 αὑτοῢ.

520 5573 915 5709 ’ξὲπέμενον
947 5585 1012 5653 τῇ
1050 5586 1342 5654 προσευχῇ.
1383 5583 1542 5640 Deest
1574 5600 1713 5672 pou.“

542 5646 600 5709 4)
625 5646 701 5696 'o.

519 5646 595 5778 (5)
624 5712 966 5788 Ἑπέστησεν.

2195 5385 2272 5457 (6)
2311 5387 2684 5449 Πιστεύουσιν.

2198 5457 2273 5528 (7)
2314 5458 2715 5528 Κομίζεσθαι...
2743 5463 2974 5528 γίνεται.

2196 5527 2272 5666 ﬁ?)
2289 5527 2507 5596 Μαγίας
2527 5527 2850 5617 λέγεικῆίείς
2873 5537 3195 5606 μαντείας...
3223 5541 3254 5611 ἢ
3279 5541 3576 5607 ὲπαοιδίας,
3595 5556 3692 5599 etr.

2223 5597 2274 5662 J)
2313 5598 2380 5650 N.
2411 5600 2494 5652 15.
2527 5602 2637 5655 Kal
2667 5620 2856 5666 ουτως,
2888 5615 3016 5666 etc..
3047 5608 3220 5666 ἄλλος.
3249 5614 3316 5664 Ν.
3354 5612 3448 5666 14ἷ
3473 5617 3581 5666 Καὶ
3606 5618 3692 5666 αὑ-

2162 5597 2274 5675 Αθ)
2313 5598 2380 5650 Ν.
2411 5600 2494 5675 ιδ.
2527 5597 2637 5675 non
2667 5597 3016 5675 ροὲωςίειρη
3047 5597 3220 5675 ἄλλος.
3243 5597 3316 5664 'N.
3354 5612 3448 5668 14:
3473 5597 3696 5669 ria-1...

2127 5666 2216 5734 τά,
2241 5676 2370 5734 ctc.,
2402 5671 2525 5722 εἱσι.
2560 5671 2624 5725 Ν.
2666 5673 2747 5728 15.
2776 5666 3132 5743 Θυσίαν,’ριε.
