3978 6204
288 257 394 313 805

361 385 448 438 15.
489 383 689 438 Θυσίαν
714 385 809 438 καὶ
845 386 1153 457 προσφορὰν
1180 387 1278 439 οὐκ
1309 387 1608 458 ἠθέλησας·

362 479 449 534 16.
489 479 656 550 Σῶμα
676 477 732 531 δὲ
765 481 1076 549 κατηρτίσω
1106 498 1196 551 μοι
1216 499 1229 512 ·

365 573 450 626 17.
475 571 928 642 Ὀλοκαυτώματα
962 573 1053 626 καὶ
1077 574 1205 646 περὶ
1231 576 1506 648 ἁμαρτίας
1535 578 1633 632 οὐκ
1662 578 1858 650 ἐζήτη-

292 684 410 731 σας.
458 653 472 686 ⁹

363 757 451 812 18.
493 757 625 811 Τότε
655 751 828 819 εἷπον,
868 754 974 807 ἰδοὺ
1004 756 1143 825 ἥκω.

363 853 446 905 19.
475 852 560 904 Ἐν
582 849 826 918 κεφαλίδι
851 847 1052 917 βιϐλίου
1077 849 1383 921 γέγραπται
1407 851 1534 924 περὶ
1560 853 1715 922 ἐμοῦ,

358 942 448 997 20.
491 941 594 993 Τοῦ
627 939 845 1010 ποιῆσαι
867 937 928 991 τὸ
953 937 1164 1011 θέλημά
1188 957 1304 1007 σου,
1327 943 1354 996 6
1381 942 1513 1006 Θεός
1545 960 1668 1015 μου,
1690 943 1854 1012 ἡδου-

289 1035 456 1107 λὴοην
493 1034 856 1108 [ἐ,6ουλήΘην],

356 1129 444 1182 21.
488 1128 596 1182 Καὶ
630 1127 720 1181 τὸν
748 1128 909 1199 νόμον
933 1146 1026 1182 σου
1063 1131 1120 1182 ὲν
1156 1129 1305 1201 μέσῳ
1335 1129 1437 1200 τῆς
1459 1129 1664 1193 κοιλίας
1694 1147 1814 1200 μου.

355 1220 445 1274 22.
486 1219 940 1291 Εὑηγγελισάμην
967 1221 1312 1292 δικαιοσύνην
1351 1222 1410 1275 ὲν
1449 1221 1714 1293 ἐκκλησίᾳ.
1759 1239 1855 1292 με-

287 1314 426 1386 γάλῃ
445 1332 457 1343 ·

355 1409 442 1460 25.
481 1407 555 1477 (α)
577 1408 710 1462 Ἰδοὺ
743 1408 810 1462 τὰ
841 1407 991 1478 χείλη
1030 1425 1129 1478 μου
1177 1405 1237 1460 οὐ
1276 1405 1348 1479 μὴ
1375 1405 1631 1461 κωλύσω·
1660 1405 1850 1477 Κύριε,

287 1502 349 1554 σὺ
385 1501 576 1568 ἔγνως.

353 1591 441 1644 24.
475 1593 586 1664 Τὴν
612 1593 956 1664 δικαιοσύνην
987 1609 1077 1645 σου
1103 1589 1204 1645 οὐκ
1235 1591 1447 1661 ἔκρυψα
1478 1593 1534 1644 ὲν
1563 1593 1626 1661 τῇ
1655 1590 1852 1662 καρδία

288 1700 410 1753 μου.

1164 263 1253 318 DE
1287 264 1563 321 TlTULlS
1636 267 2082 330 PSALMORUM.
2137 307 2191 316 —
2231 277 2424 332 PSAL.
2467 277 2704 332 XXXIX.

3413 287 3519 342 806

1886 406 1932 464 Α
2030 399 2117 452 15.
2157 397 2492 454 Sacriticium
2527 409 2580 454 et
2610 398 2938 454 oblationem
2971 401 3193 458 noluisti
3224 421 3238 457 :

2030 489 2116 544 16.
2157 490 2365 560 Corpus
2393 501 2570 545 autem
2594 489 2871 560 perfecisti
2903 492 3058 546 mihi.

2030 582 2117 638 17.
2146 581 2472 638 Holocausta
2496 592 2548 638 et
2578 599 2678 654 pro
2699 595 2922 655 peccato
2952 601 3061 641 non
3102 587 3396 657 postulasti
3429 607 3445 648 ;

2025 753 2110 809 18.
2146 755 2298 812 Tunc
2329 757 2462 820 dixi,
2491 774 2616 814 ecce
2646 761 2824 814 venio.

2029 849 2118 904 19.
2153 851 2206 904 In
2239 853 2414 920 capite
2448 853 2571 906 libri
2603 854 2866 922 scriptum
2896 854 3063 908 estde
3085 870 3205 920 me,

2025 943 2115 998 20.
2146 942 2216 999 Ut
2255 945 2492 1000 facerem
2543 947 2878 1002 voluntatem
2926 959 3106 1012 tuam,
3149 947 3294 1005 Deus
3336 967 3511 1018 meus,

1953 1037 2124 1102 volui,

2023 1127 2110 1181 21.
2144 1127 2206 1180 Et
2230 1129 2396 1198 legem
2428 1137 2575 1184 tuam
2611 1129 2666 1184 in
2703 1131 2881 1186 medio
2904 1133 3106 1189 ventris
3140 1133 3266 1190 mei.

2027 1219 2116 1276 22.
2146 1219 2476 1277 Annuntiavi
2501 1223 2772 1293 justitiam
2802 1227 2854 1278 in
2877 1226 3106 1282 ecclesia
3135 1243 3331 1298 magna
3358 1247 3373 1284 :

2024 1401 2110 1456 25.
2147 1401 2284 1458 Ecce
2312 1403 2454 1459 labia
2480 1419 2600 1461 mea
2633 1421 2740 1460 non
2779 1405 3076 1476 prohibebo
3114 1424 3129 1462 :
3171 1405 3419 1471 Domine,
3454 1417 3511 1463 tu

1954 1504 2126 1548 SCISll.

2019 1585 2108 1638 24.
2143 1585 2417 1641 Justitiam
2452 1595 2600 1642 tuam
2625 1602 2738 1642 non
2774 1588 3034 1644 abscondi
3067 1591 3121 1645 in
3153 1592 3315 1646 corde
3351 1607 3509 1647 meo:

353 1776 442 1830 25.
480 1775 590 1850 Τὴν
613 1779 867 1850 ἀλήθειάν
895 1796 988 1832 σου
1021 1779 1114 1832 καὶ
1142 1779 1202 1831 τὸ
1233 1775 1496 1846 σωτήριόν
1526 1791 1621 1828 σου
1653 1768 1782 1828 εἶπα
1801 1791 1814 1804 ⁸
1885 1767 1889 1821 ἶ

2022 1777 2112 1832 25.
2149 1779 2441 1834 Veritatem
2475 1787 2620 1834 tuam
2654 1789 2708 1835 et
2737 1781 2974 1836 salutare
3006 1791 3156 1837 tuum
3187 1784 3334 1838 dixi:
3364 1789 3366 1794 '

351 1870 440 1924 26.
475 1871 587 1925 Οὐκ
625 1871 832 1943 ἔκρυψα
858 1871 919 1925 τὸ
945 1871 1088 1934 ἔλεός
1126 1888 1236 1934 σου,

352 1961 438 2015 27.
470 1963 579 2016 Καὶ
612 1965 707 2034 τὴν
740 1962 996 2034 ἀλήθειαν
1027 1979 1117 2015 σου
1151 1963 1254 2014 ὑπὸ
1281 1961 1600 2030 συναγωγῆς
1632 1957 1846 2027 πολλῆς.

2019 1865 2106 1920 26.
2139 1865 2255 1920 Non
2289 1868 2549 1922 abscondi
2588 1871 3015 1925 misericordiam
3049 1881 3193 1925 tuam
3216 1912 3234 1938 ,

2023 1959 2113 2014 27.
2145 1957 2210 2014 Ει
2235 1960 2512 2016 veritatem
2545 1969 2690 2017 tuam
2727 1978 2758 2017 a
2785 1965 3018 2018 concilio
3043 1965 3233 2019 multo.

351 2141 438 2208 (a)|
463 2139 524 2193 ν.
551 2141 806 2211 53,1606,
837 2148 941 2195 etc.
981 2139 1077 2211 τὴν
1105 2137 1463 2206 δικαιοσύνην.
1495 2135 1560 2191 ν.
1593 2135 1682 2199 24,
1713 2134 1843 2198 Οὐκ,
1884 2159 1889 2183 ι

1976 2176 2009 2189 ..
2035 2135 2130 2205 τὴν
2159 2135 2413 2207 ἀληοείαν
2445 2155 2557 2191 σου.
2582 2136 2645 2192 ν.
2673 2138 2763 2204 25,
2792 2137 2902 2211 Τὴν
2931 2138 3186 2211 ἀληθειαν
3216 2156 3329 2204 σου,
3353 2139 3445 2195 καὶ

286 2205 367 2276 τό,
401 2219 511 2268 etc.
543 2205 604 2266 V.
635 2212 726 2265 26.
759 2214 894 2274 Οὐκ,
921 2220 1025 2266 etc.

1402 2354 1772 2426 ATITANASII
1814 2361 2392 2422 INTERPRE'I‘ATIO.

353 2525 439 2580 15.
486 2524 685 2578 Θυσίαν
737 2525 842 2596 γὰρ
888 2524 983 2580 καὶ
1037 2527 1348 2597 προσφορὰν
1389 2528 1421 2597 ἢ
1468 2523 1851 2594 ὁλοκαυτώμα-

284 2633 354 2672 τα
389 2617 465 2686 (1)
493 2617 620 2688 περὶ
647 2617 754 2670 τῶν
785 2617 1066 2689 ἁμαρτιῶν
1103 2617 1225 2671 οὕτε
1261 2618 1552 2689 ἠθέλησας,
1583 2615 1705 2670 οὔτε
1733 2616 1852 2688 ἐζή-

282 2723 454 2777 τησας

353 2800 438 2854 16.
492 2799 636 2870 Σὰρξ
678 2799 733 2851 δὲ
777 2798 1061 2871 γενόμενος
1093 2799 1281 2854 ἑαυτὸν
1331 2799 1472 2871 ὑπὲρ
1523 2799 1680 2871 ἡμῶν
1725 2799 1852 2853 ἔδω-

286 2909 378 2945 κεν
407 2892 505 2963 (ε).

353 2983 438 3036 17.
471 2981 631 3036 Ἀλλὰ
676 2981 853 3052 ψυχὰς
892 2981 1192 3056 ἀνθρώπων
1237 2983 1504 3048 ἐζήτησας
1547 2981 1714 3052 ἁγνάς
1766 2993 1845 3034 σοι

282 3073 679 3145 προσέρχεσθαι
702 3075 793 3128 καὶ
818 3075 984 3126 αἰνεῖν
1013 3090 1091 3128 σε.

353 3164 439 3217 18.
481 3164 731 3234 Εἰρηκὼς
760 3162 916 3215 τοῦτο
950 3163 1109 3226 αὐτὸς
1135 3165 1163 3215 6
1199 3162 1394 3228 λαλῶν,
1438 3163 1690 3235 πάρειμι.

350 3256 436 3311 19.
465 3257 520 3308 Ὀ
552 3255 683 3318 θεὸς
715 3255 884 3323 Λόγος
911 3255 1088 3323 λέγει·
1119 3257 1206 3308 Ἐν
1237 3257 1376 3328 ἀρχῇ
1408 3255 1606 3318 παντὸς
1628 3255 1852 3322 εὐαγγε-

279 3349 390 3401 λίου
427 3348 554 3419 περὶ
580 3348 715 3418 ἐμοῦ
744 3349 1069 3417 γέγραπται,
1096 3350 1221 3420 περὶ
1253 3342 1314 3400 οὗ
1345 3350 1436 3402 καὶ
1469 3351 1496 3402 ὁ
1541 3347 1852 3417 Ἑύαγγελι-

280 3437 407 3508 στῆς
423 3437 674 3506 Ἰωάννης
699 3437 907 3505 ἔλεγεν⁸
927 3437 1023 3490 Ἑν
1045 3437 1200 3507 ἀρχῇ
1227 3434 1305 3506 ἦν
1329 3440 1360 3491 ὀ
1383 3440 1590 3508 Λόγος,
1624 3438 1714 3490 καὶ
1737 3438 1851 3508 μετ’

277 3530 432 3597 ὀλίγα
459 3511 759 3599 ἐπήγαγεν,
785 3530 881 3582 καὶ
910 3532 942 3584 ὁ
972 3531 1162 3600 Λόγος
1191 3531 1346 3600 σὰρξ
1369 3531 1622 3600 ἐγένετο.

348 3618 434 3672 20.
471 3619 529 3671 Ὀ
561 3619 723 3682 αὐτὸς
753 3620 880 3682 Υἱὸς
906 3621 1042 3691 πρὸς
1069 3622 1159 3674 τὸν
1189 3622 1408 3693 Πατέρα
1449 3623 1632 3690 λέγει,
1679 3622 1760 3674 ὄτι
1791 3621 1852 3673 τὸ

279 3710 488 3781 θέλημά
517 3727 610 3763 σου
638 3709 935 3782 ἐϐουλήθην
961 3713 1203 3783 ποιῆσαι,
1234 3713 1504 3780 ὑπήκοος
1530 3715 1852 3783 γενόμενος

273 3802 446 3872 μέχρι
473 3802 753 3870 θανάτου,
783 3804 1038 3858 θανάτου
1079 3804 1147 3858 δὲ
1183 3806 1467 3874 σταυροῦ.

348 3895 436 3949 21.
468 3894 624 3948 Κατὰ
653 3896 729 3967 (5)
773 3897 1100 3968 πρόσταγμά
1144 3915 1236 3950 σου
1281 3898 1468 3951 ἔτεκον
1501 3898 1593 3952 ἐπὶ
1621 3898 1719 3967 τῆς
1746 3897 1851 3968 γῆς

281 3985 398 4054 μετ’
411 3983 622 4053 ὀδύνης,
639 3981 707 4056 ἦς
736 3981 878 4054 εἶχον
904 3987 1041 4058 ὑπὲρ
1068 3986 1162 4040 τοῦ
1187 3989 1377 4056 γένους
1398 3987 1504 4041 τῶν
1527 3988 1846 4055 ἀνθρώπων.

347 4076 437 4129 22.
477 4076 574 4129 Διὰ
605 4076 711 4130 τῶν
743 4079 1070 4146 ἀποστόλων,
1102 4081 1268 4150 λέγει,
1304 4081 1743 4153 εὐηγγελισάμην
1772 4081 1851 4152 τῷ

276 4167 485 4239 κόσμῳ.

346 4259 438 4316 25.
475 4260 612 4324 Τοὺς
637 4261 963 4325 ἀποστόλους
996 4261 1144 4330 λέγει
1172 4263 1320 4334 χείλη
1351 4262 1492 4336 [σου]
1519 4266 1644 4328 τοὺς
1679 4263 1850 4336 κηρύ-

279 4353 474 4417 ξαντας
502 4357 565 4407 ἐκ
601 4354 891 4426 προσώπου
917 4355 1096 4410 αὐτῶν
1127 4358 1224 4426 (4).

345 4445 434 4499 24.
472 4446 610 4510 Τοὺς
643 4449 838 4510 αὐτοὺς
863 4446 939 4519 (5)
971 4448 1131 4501 πάλιν
1188 4449 1336 4518 λέγει
1369 4451 1596 4523 καρδίαν
1623 4448 1836 4505 ἑαυτοῦ.

344 4535 436 4589 25.
473 4536 516 4587 Τ
518 4539 596 4599 οἷς
633 4538 815 4600 αὐτοῖς
847 4538 1183 4602 ἀποστόλοις.

341 4626 430 4679 26.
456 4628 570 4681 Οὔκ
604 4629 1001 4700 ὲπεστειλάμην
1027 4629 1098 4701 (6)
1123 4631 1436 4698 ἀναγγεῖλαι
1473 4631 1552 4702 τῷ
1592 4631 1706 4702 λαῷ
1733 4650 1847 4703 σου,

275 4718 353 4770 ὅτι
378 4718 723 4791 ἐπιστρέφειν
745 4720 916 4785 θέλεις
939 4721 1028 4774 τὸν
1050 4723 1388 4793 ἁμαρτωλὸν,
1417 4725 1508 4777 καὶ
1533 4723 1714 4794 ζητεῖν
1756 4729 1852 4779 αὺ-

273 4809 384 4864 τόν.

341 4903 430 4955 27.
467 4905 574 4958 Καὶ
597 4905 695 4978 τὴν
725 4906 904 4959 πίστιν
924 4906 982 4960 δὲ
1010 4906 1108 4978 τὴν
1128 4912 1206 4970 εις
1228 4907 1286 4960 σὲ
1314 4910 1683 4980 ὲφανερωσαν.

347 5095 391 5126 ⁸⁹
429 5092 583 5148 Joan.
620 5112 656 5158 ι,
683 5096 730 5159 1,
762 5093 825 5147 id
894 5094 938 5125 ⁸⁸
975 5092 1206 5164 Philipp.
1239 5097 1310 5162 η’,
1341 5095 1392 5149 8.

2027 2523 2114 2577 15.
2143 2520 2479 2578 Sacrificium
2503 2521 2667 2584 enim,
2694 2529 2747 2574 et
2769 2520 3118 2582 oblationem,
3143 2529 3236 2574 aut
3263 2520 3515 2575 holocau-

1957 2623 2040 2670 sta
2074 2629 2171 2684 pro
2200 2614 2433 2684 peccatis
2457 2628 2632 2684 neque
2661 2613 2897 2678 voluisti,
2927 2629 3025 2667 nec
3054 2613 3368 2684 quaesivisti.

2025 2795 2114 2851 16.
2148 2794 2288 2852 Caro
2313 2805 2492 2852 autem
2525 2795 2702 2852 factus
2737 2795 2973 2866 seipsum
3005 2809 3107 2865 pro
3145 2793 3300 2849 nobis
3343 2793 3510 2848 dedit.

2031 2980 2118 3034 17.
2146 2980 2249 3035 Sed
2281 2980 2494 3035 animas
2515 2980 2796 3036 hominum
2822 2995 2988 3050 puras
3015 2979 3080 3034 ad
3113 2987 3163 3033 te
3184 2979 3438 3035 accedere
3459 2987 3512 3034 et

1953 3079 2006 3126 te
2036 3071 2256 3126 laudare
2282 3070 2600 3140 quaesivisti.

1877 3141 1919 3200 (ἶ
2026 3163 2114 3216 18.
2146 3161 2261 3217 Hoc
2294 3162 2405 3232 ipse
2436 3161 2650 3216 locutus
2677 3160 2881 3226 dicens,
2917 3160 3128 3216 adsum.

2025 3251 2113 3307 19.
2169 3251 2310 3306 Deus
2375 3249 2604 3305 Verbum
2663 3251 2824 3318 dicit,
2891 3253 2943 3306 in
3011 3249 3275 3322 principio
3343 3249 3512 3306 totius

1949 3342 2224 3415 Evangelii
2250 3341 2316 3396 de
2345 3358 2429 3397 me
2452 3344 2710 3413 scriptum
2735 3354 2836 3408 est,
2867 3344 2932 3397 de
2958 3359 3065 3413 quo
3103 3351 3156 3397 et
3182 3343 3509 3413 evangelista

1949 3434 2189 3490 Joannes
2220 3436 2355 3489 dixit
2389 3455 2400 3489 :
2433 3433 2499 3487 1η
2543 3436 2798 3504 principio
2840 3448 2952 3490 erat
2995 3435 3251 3498 Verbum,
3293 3447 3346 3490 et
3391 3443 3516 3507 post

1949 3538 2126 3592 pauca
2159 3524 2410 3594 subjecit,
2443 3535 2489 3578 et
2530 3524 2748 3580 Verbum
2779 3541 2902 3578 caro
2929 3525 3128 3594 factum
3149 3536 3225 3579 est
3254 3526 3320 3578 ⁸⁸.

2019 3614 2106 3666 20.
2144 3613 2258 3684 lpse
2292 3613 2462 3670 Filius
2493 3615 2560 3669 ad
2588 3614 2800 3670 Patrem
2837 3617 2965 3671 dicit
2993 3634 3007 3670 :
3034 3618 3292 3686 quoniam
3322 3614 3516 3670 volun-

1949 3713 2114 3759 tatem
2143 3715 2290 3760 tuam
2334 3706 2474 3760 volui
2509 3705 2720 3772 facere,
2760 3709 2931 3776 factus
2963 3708 3202 3764 obediens
3243 3724 3402 3776 usque
3445 3706 3516 3761 ad

1952 3809 2196 3863 mortem,
2237 3807 2453 3850 mortem
2484 3809 2657 3851 autem
2685 3800 2855 3851 crucis
2887 3799 2956 3852 “.

2021 3886 2110 3940 21.
2137 3883 2298 3941 Juxta
2323 3897 2647 3958 praeceptum
2678 3897 2829 3942 tuum
2857 3888 3038 3958 peperi
3090 3888 3145 3942 in
3193 3897 3335 3943 terra
3366 3889 3511 3944 'cum

1949 3978 2155 4043 dolore,
2177 3995 2338 4049 quem
2385 3995 2483 4048 pro
2516 3995 2709 4050 genere
2739 3980 2978 4034 humano
3007 3979 3265 4035 sustinui.

2019 4063 2107 4117 22.
2143 4061 2242 4117 Per
2269 4064 2544 4132 apostolos
2565 4103 2580 4129 ,
2606 4063 2809 4134 inquit,
2837 4064 3038 4120 mundo
3066 4064 3404 4120 annuntiavi.

2017 4241 2107 4296 2'5.
2139 4241 2428 4314 Apostolos
2448 4286 2464 4314 ,
2496 4260 2561 4302 ex
2585 4261 2815 4317 persona
2851 4262 2949 4302 sua
2983 4247 3338 4318 pradicantes
3367 4245 3511 4302 labia

1951 4346 2048 4388 sua
2075 4344 2252 4390 vocat.

2019 4425 2107 4478 24.
2145 4427 2293 4496 Ipsos
2318 4444 2507 4485 rursus
2536 4445 2630 4486 cor
2659 4445 2818 4485 suum
2846 4440 3022 4487 vocat.

1873 4490 1924 4551 Ῐ)
2018 4513 2109 4570 25.
2146 4490 2282 4586 lpsis
2317 4522 2594 4590 apostolis.

2025 4605 2113 4660 26.
2145 4607 2261 4663 Νοη
2311 4611 2481 4683 refugi
2527 4614 2852 4669 annuntiare
2895 4616 3097 4684 populo
3139 4623 3261 4678 tuo.
3299 4612 3429 4670 velle
3459 4621 3516 4668 te

1957 4709 2294 4768 peccatorem
2317 4713 2632 4759 convertere
2658 4718 2710 4760 et
2733 4705 2906 4775 ipsum
2937 4721 3201 4776 quaerere.

2026 4907 2114 4964 27.
2150 4906 2214 4963 Et
2240 4907 2399 4964 (idem
2423 4916 2567 4962 tuam
2599 4906 2961 4964 manifestavi.

1219 5308 1523 5370 Addenda
1575 5316 1634 5370 et
1672 5307 2046 5387 corrigenda
2078 5323 2157 5366 ex
2187 5304 2324 5366 cod.
2361 5301 2561 5362 Vatia.

349 5498 425 5570 (1)
450 5497 902 5569 Ὀλοκαύτωμα...
932 5498 1038 5552 τῶν
1072 5497 1354 5570 ἁμαρτιῶν
1380 5494 1553 5566 ἡμῶν.

348 5567 771 5638 (erasum;
888 5637 894 5638 ί
994 5617 999 5623 .
1114 5567 1123 5570 ⁷
1196 5567 1206 5570 '
1660 5614 1698 5631 ..

350 5637 423 5707 (ὅ)
461 5640 568 5694 Καὶ
599 5639 668 5693 τὰ
696 5637 1090 5710 προστάγματα
1116 5655 1228 5694 σου.

2017 5491 2093 5559 (4)
2134 5487 2326 5544 Αὐτοῦ.

2018 5553 2095 5630 (δ’)
2135 5561 2271 5622 Τοὺς
2305 5557 2630 5630 ἀποστόλους
2655 5556 2798 5622 λέγει
2827 5553 3009 5630 πέλεν,
3037 5560 3142 5630 etei.

2020 5622 2097 5700 (6)
2123 5629 2456 5697 ’Υπεστάλην
2495 5629 2568 5694 μὴ
2597 5627 2726 5681 ἂν...
2760 5622 2850 5677 καὶ
2879 5623 2981 5693 ζῇν
3003 5622 3188 5678 αὐτόν.
