3978 6204
470 283 575 341 807

1313 281 1368 334 S.
1411 277 1786 334 ATIIANASII
1825 278 1975 333 OPP.
2017 279 2199 335 PARS
2238 277 2327 332 lli.
2371 309 2436 319 —
2478 277 2896 333 EXEGETICA.

3617 280 3721 337 808

539 397 629 453 9.8.
665 395 747 451 'l‘u
779 404 957 450 autem
980 435 993 458 ,
1027 395 1283 462 Domine,
1318 412 1384 452 ne
1417 397 1577 468 longe
1609 397 1782 453 facias
1813 397 2044 452 misera-
2073 401 2111 460 Α

2217 395 2306 448 28.
2341 395 2413 448 Σὺ
2455 394 2512 448 δὲ
2542 394 2734 465 Κύριε,
2773 393 2847 465 μὴ
2904 393 3185 466 μακρύνῃς
3233 397 3360 458 τοὺς
3405 395 3720 466 οἰκτιρμούς

476 486 654 540 tiones
683 494 803 537 tuas
840 500 869 538 a
902 500 987 538 me
1015 503 1028 538 :

545 576 637 630 29.
671 575 1040 631 Misericordia
1073 584 1165 630 tua
1193 584 1244 630 et
1268 577 1469 633 veritas
1495 591 1586 633 tua
1617 593 1833 649 semper
1863 595 2054 635 susce-

476 678 674 738 perunt
699 682 782 721 me
818 665 1105 738 [suscipiat
1129 666 1262 736 me].

551 755 634 808 50.
677 753 944 821 Quoniam
976 755 1455 811 circumdederunt
1494 773 1581 812 me
1616 758 1790 825 mala,
1821 772 2054 829 quorum

479 862 588 900 non
614 855 696 900 est
731 861 991 901 numerus
1020 865 1034 913 ;

550 936 640 990 51.
673 935 1218 1005 Comprehenderunt
1243 952 1328 992 me
1361 937 1680 1008 iniqui-tates
1696 956 1848 1007 meae,
1873 950 2054 1000 etnon

486 1029 637 1097 potui
670 1039 728 1082 ut
757 1029 998 1082 viderem
1033 1047 1048 1084 :

554 1118 642 1172 52.
675 1117 1046 1188 Multiplicataa
1086 1129 1214 1175 sunt
1243 1135 1409 1190 super
1441 1121 1667 1191 capillos
1697 1121 1888 1194 capitis
1927 1123 2054 1190 mei,

549 1298 638 1353 55.
672 1295 738 1351 Ει
763 1315 858 1354 cor
889 1315 1068 1354 meum
1095 1301 1384 1372 dereliquit
1408 1318 1513 1356 me.

549 1391 642 1445 54.
683 1391 1053 1462 Complaceat,
1090 1393 1339 1456 Domine.
1377 1408 1611 1450 uternas
1634 1413 1760 1451 me:

547 1481 638 1534 55.
682 1483 938 1549 Domine,
976 1486 1042 1538 ad
1076 1485 1442 1553 adjuvandum
1475 1503 1561 1540 me
1594 1490 1816 1557 respice.

555 1573 646 1627 36.
689 1574 1103 1630 (lonfundantur
1129 1587 1181 1630 et
1217 1589 1567 1632 revereantur
1599 1580 1760 1634 simul
1791 1580 1885 1650 qui
1910 1595 2058 1650 quaa-

485 1673 613 1718 rum
637 1667 874 1719 animam
907 1682 1084 1721 meam
1107 1708 1122 1732 ,
1152 1677 1210 1722 ut
1233 1669 1482 1725 auferant
1505 1687 1645 1725 eam.

560 1848 651 1902 57.
689 1849 1020 1904 Arertantur
1044 1861 1341 1906 retrorsum
1369 1862 1422 1906 et
1446 1862 1814 1920 revereantur,
1844 1854 1935 1923 qui
1965 1871 2056 1910 ro-

487 1939 605 1993 lunt
636 1941 769 1994 mihi
805 1944 965 1996 mala.

556 2031 646 2084 58.
678 2031 873 2085 Ferant
895 2031 1182 2087 confestim
1216 2032 1598 2090 confusionem
1627 2051 1780 2090 suam
1804 2075 1818 2100 ,
1847 2036 1939 2106 qui
1968 2036 2055 2092 di-

488 2133 623 2176 cunt
659 2123 823 2178 mihi:
855 2141 1012 2196 euge,
1045 2141 1199 2196 euge.

558 2211 646 2268 59.
681 2213 967 2270 Exsultent
1018 2227 1071 2272 et
1097 2219 1346 2273 laetentur
1387 2235 1550 2290 super
1585 2227 1637 2275 te
1674 2235 1866 2275 omnes
1912 2237 2060 2292 quae--

490 2313 668 2357 rentes
702 2315 774 2370 te,
819 2307 1048 2362 Domine
1070 2351 1085 2375 ,

553 2394 641 2447 40.
680 2395 744 2450 Ει
773 2399 954 2453 dicant
980 2416 1216 2471 semper,
1243 2401 1620 2472 magnificetur
1655 2397 1913 2458 Dominus
1933 2442 1949 2468 ,

556 2593 644 2647 41.
679 2593 779 2661 Qui
808 2597 1036 2667 diligunt
1063 2600 1305 2654 salutare
1345 2610 1496 2656 tuum
1522 2601 1702 2674 [tuum
1730 2603 1988 2676 semper].

552 2684 642 2739 42.
682 2687 794 2758 Ego
832 2703 1010 2743 autem
1042 2692 1326 2748 mendicus
1362 2708 1484 2748 sum
1528 2705 1582 2748 et
1615 2711 1840 2765 pauper,
1877 2695 2059 2752 Domi-

487 2792 593 2832 nus
619 2779 884 2835 sollicitus
911 2783 1015 2835 erit
1039 2783 1168 2836 mei.

558 2933 778 3004 (α)Ἐπὶ
817 2938 901 2992 σοί
932 2938 1086 2995 deest
1124 2940 1176 2993 in
1211 2941 1334 2996 cod.

2157 504 2249 540 σου
2283 488 2375 540 ἀπ’
2399 487 2532 540 ἐμοῦ
2555 503 2568 517 ⁸

2224 506 2249 539 υ
2283 506 2360 540 απ
2399 506 2422 538 ε
2471 506 2532 540 ου
2555 506 2568 517 ν

2224 577 2308 630 ‘29.
2335 577 2406 628 Τὸ
2431 506 2582 640 ἔλεός
2616 594 2706 630 σου
2733 577 2828 631 καὶ
2855 577 2888 648 ἡ
2921 574 3146 644 ἀλήθειά
3174 594 3267 630 σου
3283 577 3572 641 διαπαντὸς
3597 576 3718 630 άντ-

2161 667 2415 720 ελάϐοντὸ
2442 675 2547 737 ’μου
2590 667 2933 739 [ἀντελάϐετό
2962 667 3107 740 μουῙ.

2225 759 2313 815 50.
2334 759 2454 812 Ὅτι
2487 759 2767 830 περιέσχον
2797 778 2862 832 με
2885 759 3050 823 κακὰ,
3067 753 3140 816 ὧν
3165 762 3264 815 οὐκ
3289 761 3434 816 ἔστιν
3457 763 3683 835 ἀριθμός
3702 781 3716 796 ·

2228 954 2316 1010 51.
2356 954 2667 1009 Κατέλαϐὁν
2701 971 2769 1025 με
2793 954 2848 1008 ai
2877 955 3092 1026 ἀνομίαι
3127 972 3248 1025 μου,
3282 957 3375 1010 καὶ
3404 957 3504 1008 οὐκ
3534 957 3718 1029 ἡδυνη-

2159 1047 2256 1118 θην
2283 1045 2376 1098 τοῦ
2406 1045 2620 1114 βλέπειν
2637 1064 2649 1076 ·

2227 1137 2314 1191 52.
2335 1135 2782 1206 Ἐπληθύνθησαν
2817 1136 2958 1208 ὑπὲρ
3005 1137 3106 1202 τὰς
3147 1139 3337 1210 τρίχας
3359 1139 3458 1202 ei;
3492 1139 3720 1211 κεφαλῆς

2163 1248 2261 1296 μου
2271 1272 2285 1294 ν

2228 1323 2312 1375 55.
2346 1323 2454 1374 Ka‘t
2479 1325 2512 1393 ὴ
2543 1323 2736 1393 καρδία
2773 1340 2873 1392 μου
2900 1322 3222 1392 ὲγκατέλιπέ
3250 1341 3336 1394 με.

2227 1413 2316 1468 54.
2351 1414 2672 1483 Εὐδόκησον,
2701 1415 2892 1486 Κύριε,
2926 1415 3018 1468 τοῦ
3054 1415 3316 1486 ῥύσασθαί
3349 1433 3446 1487 με·

2227 1505 2315 1558 55.
2351 1505 2541 1574 Κύριε,
2575 1507 2654 1568 είς
2675 1505 2737 1558 τὸ
2771 1505 3034 1576 βοηθῆσαί
3067 1524 3154 1576 μοι
3186 1507 3439 1578 πρόσχες.

2230 1597 2318 1650 56.
2352 1595 2889 1666 Καταισχυνθείησαν
2915 1596 3353 1669 [αἰσχυνθείησαν
3379 1599 3397 1672 ]
3419 1602 3513 1654 καὶ
3543 1603 3720 1673 ἐντρα-

2161 1685 2393 1757 πείησαν
2439 1687 2553 1757 ἅμα
2596 1688 2645 1738 οἱ
2687 1685 2976 1756 ζητοῦντες
3024 1688 3123 1758 τὴν
3163 1688 3338 1760 ψυχήν
3367 1707 3491 1761 μου,
3519 1691 3611 1744 τοῦ
3639 1694 3720 1760 ἐξ·

2160 1779 2285 1848 ἆραι
2315 1778 2503 1848 αὑτήν.

2225 1871 2312 1924 57.
2331 1871 2837 1944 Ἀποστραφείησαν
2861 1875 2940 1938 είς
2963 1873 3032 1927 τὰ
3058 1874 3252 1937 ὀπίσω,
3283 1876 3379 1930 καὶ
3408 1895 3723 1950 καταισχυν-

2155 1959 2375 2029 θείησαν
2406 1963 2454 2013 οί
2493 1962 2734 2026 Θέλοντές
2762 1981 2851 2033 μοι
2880 1965 3046 2018 κακά.

2224 2052 2312 2106 58.
2348 2053 2784 2124 Κομισάσθωσαν
2813 2058 3152 2127 παραχρῆμα
3185 2056 3444 2128 αἰσχύνην
3469 2055 3725 2121 αὐτῶν,οί

2155 2145 2403 2214 λέγοντές
2435 2164 2544 2217 μοι·
2579 2144 2741 2213 Εὖγε,
2768 2143 2916 2217 εὖγε.

2230 2237 2316 2290 59.
2336 2238 2809 2305 Ἀγαλλιάσθωσαν
2838 2241 2932 2294 καὶ
2951 2239 3409 2312 εὐφρανθῆτωσαν
3431 2239 3525 2292 ἐπὶ
3553 2239 3632 2293 σοὶ
3654 2238 3726 2311 (α)

2158 2330 2357 2395 πάντες
2384 2333 2431 2384 οί
2466 2330 2753 2400 ζητοῦντές
2784 2351 2865 2397 σε,
2899 2334 3093 2405 Κύριε,

2228 2421 2316 2474 40.
2354 2422 2462 2474 Καὶ
2489 2421 2796 2477 εἰπάτωσαν
2819 2423 3129 2489 διαπαντὸς,
3164 2425 3554 2497 μεγαλυνθήτω
3572 2427 3600 2477 ὁ
3619 2421 3723 2475 Κύ-

2163 2529 2300 2584 ριοῖν

2231 2605 2319 2659 41.
2343 2607 2413 2685 ‘Oi
2430 2607 2748 2676 ἀγαπῶντες
2767 2611 2828 2662 τὸ
2855 2612 3120 2683 σωτήριόν
3147 2628 3238 2665 σου
3265 2611 3384 2683 [σου
3401 2607 3720 2681 διαπαντός].

2234 2697 2325 2752 42.
2345 2697 2488 2768 Ἐγὼ
2516 2699 2572 2754 δὲ
2603 2701 2813 2772 πτωχός
2858 2704 2972 2773 είμι
3016 2703 3107 2758 καὶ
3138 2702 3323 2774 πένης,
3350 2701 3554 2772 Κύριος
3580 2713 3728 2769 φρεν-

2165 2805 2270 2842 τιει
2303 2807 2391 2860 με.

1615 3101 1984 3162 \THANASII
2023 3103 2610 3163 INTERPRETATIO.

556 3259 648 3316 28.
679 3259 882 3318 Deinde
911 3277 1006 3332 qui
1041 3261 1386 3317 crediderunt
1415 3262 1603 3318 dicunt
1639 3263 1867 3319 Domino
1899 3284 1914 3319 :

556 3454 648 3508 29.
675 3455 846 3538 Filius
871 3465 996 3512 tuus
1019 3466 1074 3512 et
1095 3465 1321 3514 sanctus
1362 3467 1489 3515 tuus
1535 3458 1773 3530 Spiritus
1804 3478 2056 3534 suscepe-

489 3561 618 3606 runt
655 3568 736 3606 me
768 3567 1002 3620 semper.

561 3642 651 3697 50.
685 3641 932 3707 Peccata,
966 3643 1165 3711 inquit.

555 3735 644 3790 51.
688 3733 990 3808 nominatae
1017 3747 1141 3787 sunt
1168 3735 1302 3790 mihi
1325 3735 1642 3806 iniquitates
1665 3752 1801 3793 mea:
1825 3749 1878 3793 et
1898 3739 2065 3796 hebe-

489 3837 674 3884 tarunt
705 3830 894 3884 oculos
931 3829 1112 3883 cordis
1141 3830 1267 3884 mei.

558 3920 647 3974 5'2.
681 3919 787 3974 Pro
828 3921 1368 3985 immensuralniliter,
1401 3931 1456 3976 et
1487 3922 1956 3994 investigabiliter.

554 4011 645 4065 35.
678 4010 745 4065 Et
770 4011 986 4065 demum
1014 4010 1192 4068 factus
1217 4028 1338 4067 sum
1380 4023 1640 4083 tanquam
1676 4014 1960 4086 insipiens.

557 4103 647 4157 54.
680 4102 873 4158 Libera
907 4119 993 4158 me
1023 4105 1199 4174 gratia
1229 4114 1346 4172 tua,
1377 4106 1624 4162 Domine.

561 4194 652 4248 55.
687 4195 766 4248 Ad
807 4209 893 4248 me
926 4195 1244 4265 erigendum
1277 4195 1499 4253 festina.

563 4283 655 4338 56.
696 4283 1001 4339 Contrarize
1030 4294 1347 4354 potestates.

562 4377 655 4432 57.
690 4376 950 4431 Similiter
989 4379 1277 4434 contrariae
1318 4389 1648 4450 potestates,
1693 4390 1743 4436 te
1767 4396 1858 4437 eas
1885 4395 2067 4452 persc-

492 4476 715 4540 quente,
759 4476 1094 4522 avertantur.

563 4557 653 4613 58.
690 4557 756 4610 Et
777 4559 870 4627 qui
899 4559 1090 4612 volunt
1116 4558 1328 4612 ruinam
1357 4574 1556 4625 meam,
1584 4559 1826 4616 videntes
1847 4576 1932 4616 me
1959 4576 1991 4618 a
2016 4572 2068 4619 te

448 4712 451 4715 _
494 4650 762 4719 adjuvari,
791 4651 972 4704 statim
997 4650 1274 4719 accipiant
1305 4650 1713 4706 confusionem.

563 4741 650 4796 59.
685 4740 752 4796 Et
783 4742 957 4796 sancti
982 4744 1061 4797 tui
1092 4743 1474 4812 glorificabunt
1518 4753 1570 4797 te
1607 4742 1874 4811 videntes,
1915 4747 2062 4815 quod

493 4835 806 4890 convertisti
833 4849 936 4890 me.

558 4924 648 4979 40.
679 4923 746 4978 Ει
773 4925 1142 4979 indesinenter
1168 4925 1487 4980 exaltabunt
1513 4932 1584 4979 te.

563 5014 655 5069 41.
691 5014 984 5086 Diligentes
1011 5030 1228 5069 crucem
1260 5025 1435 5070 tuam.

562 5107 652 5162 42.
686 5108 796 5178 Ego
824 5117 1003 5162 autem
1028 5106 1271 5176 humilis,
1299 5116 1351 5163 et
1380 5107 1548 5164 miser
1571 5122 1715 5176 sum,
1747 5106 1842 5165 sed
1871 5106 2061 5163 Domi-

493 5215 600 5254 nus
629 5214 811 5254 curam
835 5200 938 5271 mei
973 5208 1141 5268 geret.

2083 3274 2127 3332 α
2234 3266 2324 3322 28.
2361 3267 2557 3320 Λοιπὸν
2589 3267 2637 3318 οἱ
2671 3269 3093 3332 πεπιστευκότες
3113 3267 3327 3337 λέγουσι
3353 3267 3492 3343 πρὸς
3513 3267 3607 3323 τὸν
3628 3266 3728 3324 Κύ-

2165 3378 2278 3431 ριον
2312 3361 2408 3429 (ι).

2232 3452 2318 3505 29.
2354 3453 2410 3503 '0
2441 3452 2560 3514 Υἱός
2591 3467 2706 3512 σου,
2735 3451 2828 3504 καὶ
2857 3451 2920 3505 τὸ
2955 3451 3180 3522 Πνεῢμά
3224 3468 3318 3506 σου
3351 3453 3414 3506 τὸ
3443 3453 3601 3522 ἅγιον
3625 3454 3732 3507 ὰπ-

2164 3542 2414 3595 ελὰϐοντό
2447 3541 2520 3611 (2)
2557 3559 2656 3612 μου
2697 3543 2946 3596 πάντοτε.

2231 3634 2320 3688 50.
2357 3635 2420 3686 Αἱ
2447 3635 2709 3704 ἁμαρτίαι
2736 3635 2832 3706 (5),
2863 3634 3032 3702 λέγει.

2232 3726 2319 3780 51.
2357 3727 2796 3797 Κατεκυρίευσάν
2831 3745 2896 3798 με
2923 3728 2975 3780 ai
3004 3727 3223 3798 ἀνομίαι
3250 3743 3372 3798 μου,
3407 3727 3513 3781 καὶ
3532 3726 3730 3798 ἤμϐλυ-

2162 3832 2259 3870 ναν
2287 3817 2410 3879 τοὺς
2435 3817 2745 3887 ὀφθαλμοὺς
2777 3817 2878 3887 τῆς
2912 3819 3138 3889 καρδίας
3171 3836 3293 3890 μου.

2234 3907 2320 3961 52.
2344 3908 2490 3960 Ἀντί
2524 3892 2600 3979 ’(4)
2638 3907 2732 3960 τοῦ
2753 3925 2767 3939 ·
2797 3911 3137 3982 ἀμετρήτως,
3165 3911 3258 3964 καὶ
3295 3910 3729 3982 ἀνεξιχνιάστως.

2235 3999 2321 4053 55.
2363 4001 2472 4052 Kal.
2499 3999 2572 4062 ὡς
2605 4000 2764 4063 ἄνους
2793 4001 3060 4072 ἐγενόμην
3086 4000 3289 4056 λοιπόν.

2234 4090 2321 4144 54.
2342 4091 2731 4163 Ἐλευθέρωσὸν
2762 4110 2828 4163 με
2855 4094 2943 4148 διὰ
2975 4095 3073 4165 τῆς
3103 4096 3201 4166 σῆς
3227 4095 3474 4166 χάριτος,
3507 4095 3697 4168 Κύριε.

2235 4184 2324 4238 55.
2367 4184 2460 4248 EE;
2485 4185 2543 4238 τὸ
2568 4185 2866 4256 ἀναστῆσαί
2901 4187 2975 4257 (5)
3007 4204 3070 4256 με
3093 4186 3345 4241 σπεῦσον.

2237 4277 2326 4330 56.
2368 4277 2434 4328 Αἱ
2470 4277 2708 4331 ἐναντίαι
2746 4277 3018 4348 δυνάμεις.

2236 4369 2326 4424 57.
2354 4369 2582 4440 Ὁμοίως
2619 4370 2674 4422 al
2715 4371 2952 4423 ἐναντίαι
2979 4371 3232 4440 δυνάμεις
3263 4371 3589 4442 διωκόμεναι
3637 4372 3735 4426 ὑπὸ

2169 4461 2262 4515 σοῦ
2294 4462 2464 4515 ἀποστ
2473 4460 2789 4532 ραφείησαν.

2238 4553 2325 4608 58.
2354 4553 2464 4606 Καὶ
2492 4555 2540 4606 οί
2570 4553 2812 4618 Θέλοντες
2841 4557 2938 4626 τὴν
2986 4557 3191 4609 πτῶσιν
3233 4573 3352 4628 μου,
3401 4559 3632 4630 ὁρῶντές
3675 4576 3736 4629 με

2171 4645 2530 4716 βοηθούμενον
2554 4647 2658 4700 ὑπὸ
2690 4646 2805 4713 σοῦ,
2839 4648 3040 4712 εὐθέως
3072 4649 3306 4702 λάϐωσιν
3333 4651 3615 4720 αἰσχύνην.

2240 4739 2326 4796 59.
2355 4741 2466 4793 Kal.
2508 4739 2557 4791 οἱ
2603 4739 2746 4809 ἆγιοί
2793 4756 2884 4792 σου
2927 4739 3207 4805 δοξάσουσί
3257 4757 3315 4792 σε
3355 4741 3615 4811 ὁρῶντες,
3660 4743 3737 4795 ὅτι

2171 4829 2510 4901 ὲπέστρεψάς
2553 4847 2640 4899 με.

2240 4923 2328 4978 40.
2365 4925 2472 4976 Καὶ
2505 4921 2862 4985 ἀδιαλείπτως
2891 4921 3172 4987 δοξάσουσί
3194 4938 3273 4978 σε.

2240 5015 2330 5068 41.
2366 5015 2428 5066 0E
2455 5011 2772 5081 ἀγαπῶντες
2802 5015 2892 5066 τὸν
2923 5016 3151 5086 σταυρόν
3183 5032 3295 5068 σου.

2237 5106 2326 5161 42.
2347 5105 2486 5175 Ἐγὼ
2515 5106 2571 5160 δὲ
2601 5106 2854 5168 ταπεινός
2879 5107 3012 5176 ειμι,
3042 5106 3156 5159 ἀλλ’
3189 5109 3217 5160 ὁ
3253 5106 3455 5179 Κύριος
3487 5106 3739 5180 πρόνοιάν

2172 5217 2274 5271 μου
2300 5202 2550 5254 ποιεῖται.

1437 5355 1741 5420 Addenda
1775 5363 1836 5421 et
1866 5358 2238 5439 corrigenda
2298 5377 2369 5419 ex
2408 5358 2543 5418 cod.
2585 5357 2786 5418 Vatic.

666 5530 1012 5672 ζῖἱξέλάσετό
1037 5619 1138 5672 μου
1171 5599 1476 5667 διαπαντός.

568 5668 644 5734 (5)
665 5668 723 5721 Ἀ
732 5671 962 5736 μαρτίας
991 5668 1114 5740 μου.

2245 5529 2316 5605 (4)
2340 5529 2777 5605 ίΕπληΟρνθησαν
2807 5531 2914 5604 γὰρ
2941 5535 3133 5605 ἀμετρ.

2244 5598 2828 5672 (ΒΓΑναατῆο-αίαουζ
2885 5598 2896 5604 ’
2980 5598 2984 5633 ί
