3978 6204
345 268 468 318 suo
1271 272 1362 328 DE
1395 270 1672 329 TlTULlS
1705 269 2160 326 PSALMORUM.
2197 301 2256 312 —-
2299 270 2496 325 PSAL.
2543 270 2654 326 XL.
3486 271 3597 326 810

421 391 507 443 13.
548 392 744 463 Βοηθός
768 413 869 466 μου
900 397 991 449 καὶ
1028 394 1406 465 ὑπεράπιστής
1447 413 1549 466 μου
1580 391 1630 448 εἷ
1660 395 1720 448 σὺ
1749 393 1848 465 (a),
1894 395 1922 447 ὁ
1952 397 1992 452 Α

2091 395 2178 447 45.
2209 394 2438 465 Adjntor
2478 410 2631 450 meus
2661 403 2712 448 et
2755 403 3027 464 protector
3061 408 3214 449 meus
3244 408 3302 448 es
3334 401 3415 448 tu.
3451 389 3594 445 Deus

349 481 481 546 (θεὸς
513 483 586 555 (ὁ)
617 503 737 556 μου,
782 489 856 558 μὴ
883 489 1155 560 χρονίσῃς.

1063 503 1155 558 mg.
2025 502 2201 550 mens,
2229 503 2294 541 ne
2317 488 2634 542 tardaveris.

449 621 554 685 Εἰς
579 621 643 673 τὸ
672 622 866 688 τέλος,
892 623 1134 691 pupae
1156 622 1234 688 τῷ
1261 623 1455 678 Δαϐίδ.
1505 627 1676 678 ΨΛΛ.
1711 623 1780 677 Μ’
1793 666 1808 679 .

2222 622 2288 678 In
2329 627 2485 695 ﬁnem
2527 625 2761 696 psalmus
2809 624 2995 680 David.
3069 623 3273 679 PSAL.
3302 621 3419 677 XL.

429 731 474 783 Ι.
517 733 797 805 Μακάριος
822 736 850 787 ὁ
887 733 1080 787 συνιὼν
1104 737 1196 788 ἐπὶ
1221 737 1434 806 πτωχὸν
1465 737 1557 789 καὶ
1585 736 1810 806 πένητα’

2099 745 2149 796 1.
2183 741 2378 797 Beatus
2393 743 2484 812 qui
2505 742 2750 813 intelligit
2768 757 2931 811 super
2945 755 3173 810 egenum
3193 748 3245 792 et
3261 751 3552 809 pauperem
3575 756 3589 792 :

423 824 479 880 2.
498 826 587 877 Ἐν
611 826 792 897 ἡμέρᾳ
813 827 1031 898 ῥύσεται
1062 829 1220 882 αὑτὸν
1247 831 1275 883 6
1304 830 1527 902 Κύριος.

2095 837 2148 890 2.
2188 835 2243 889 ln
2277 835 2366 890 die
2395 835 2536 889 mala
2563 834 2814 888 liberabit
2839 848 2961 887 eum
2996 831 3276 886 Dominus.

423 915 474 968 5.
517 915 718 986 Κύριος
748 917 1068 986 διαφυλάξαι
1098 920 1278 984 αὑτὸν,
1311 922 1404 973 καὶ
1437 921 1598 992 ζήσαι
1625 923 1806 988 αὐτὸν,
1827 925 1920 977 καὶ

2096 929 2148 982 5.
2183 928 2446 982 Dominus
2487 935 2768 982 conservet
2801 941 2924 981 eum
2949 965 2964 988 ,
3011 934 3062 979 et
3103 923 3336 978 vivitlcet
3361 938 3508 984 eum,
3538 930 3591 974 et

355 1007 655 1078 μακαρίσαι
684 1009 844 1062 αὐτὸν
869 1012 926 1062 ὲν
949 1013 1012 1082 τῇ
1043 1013 1135 1081 γῇ.

2026 1020 2241 1074 beatum
2275 1018 2439 1073 faciat
2471 1033 2593 1072 cum
2621 1018 2672 1071 in
2705 1027 2845 1071 terra
2877 1035 2889 1070 :

421 1097 474 1150 4.
516 1099 624 1151 Καὶ
649 1100 720 1170 μὴ
755 1101 978 1172 παραδῴ
1004 1103 1164 1156 αὑτὸν
1189 1105 1266 1168 εἰς
1291 1106 1476 1176 χεῖρας
1502 1105 1708 1176 ἐχθρῶν
1731 1107 1918 1160 αὐτοῦ.

2097 1112 2149 1165 4.
2184 1111 2245 1165 Et
2273 1127 2381 1166 non
2412 1112 2589 1166 tradat
2614 1127 2734 1164 eum
2767 1111 2818 1164 in
2849 1125 3043 1164 manus
3069 1108 3415 1163 inimicorum
3445 1107 3584 1176 ejus.

421 1188 474 1242 5.
516 1190 718 1261 Κύριος
742 1190 1002 1262 βοηθῆσαι
1023 1193 1169 1264 αὐτῷ
1189 1195 1279 1247 ἐπὶ
1307 1195 1494 1266 κλίνης
1525 1195 1715 1266 ὀδύνης
1727 1195 1916 1251 αὑτοῦ.

2096 1201 2148 1256 5.
2187 1202 2444 1256 Dominus
2481 1215 2637 1272 Opem
2671 1200 2814 1254 ferat
2845 1199 2915 1254 illi
2951 1213 3113 1270 super
3146 1199 3344 1252 lectum
3384 1196 3589 1250 doloris

2026 1309 2143 1348 elllS
2173 1314 2185 1348 Ξ

423 1359 474 1413 6.
492 1361 657 1432 Ὅλην
690 1361 786 1433 τὴν
814 1363 1001 1436 κοίτην
1045 1365 1210 1420 αὑτοῦ
1239 1365 1506 1439 ἕστρεψας
1550 1370 1606 1422 ὲν
1639 1372 1704 1441 τῇ
1750 1371 1922 1442 άρρω-

351 1453 476 1523 στίᾳ.
499 1453 682 1508 αὐτοῦ.

2026 1311 2143 1363 epis
2173 1314 2185 1348 :

2092 1388 2142 1442 6.
2178 1387 2503 1444 Universum
2531 1395 2758 1443 stratum
2784 1400 2903 1455 ejus
2934 1383 3163 1439 versasti
3190 1383 3243 1436 in
3273 1380 3590 1435 inﬁrmitate

2026 1497 2159 1523 βίης.

423 1497 476 1598 ἹἾ
520 1545 660 1613 Ἐγὼ
693 1542 842 1601 εἴπω
871 1547 1065 1619 Κύριε,
1099 1549 1316 1620 ἐλέησόν
1342 1569 1428 1621 με·

2026 1497 2162 1550 ejus.

2101 1576 2147 1628 7.
2187 1573 2296 1643 Ego
2317 1573 2424 1627 dixi
2460 1591 2474 1628 :
2514 1570 2761 1633 Domine,
2799 1569 3055 1622 miserere
3083 1567 3191 1621 mei
3223 1583 3236 1620 :

421 1636 476 1730 ξ.
515 1635 690 1730 flaua:
842 1639 1020 1730 ψυχήν
1049 1657 1169 1710 μου,
1197 1642 1278 1694 ὅτι
1304 1642 1548 1714 ἦμαρτόν
1583 1661 1684 1697 σοι.

2097 1665 2149 1720 8.
2188 1665 2330 1719 Sana
2359 1664 2592 1718 animam
2625 1676 2824 1725 meam,
2852 1659 2982 1730 quia
3017 1660 3230 1728 peccavi
3267 1656 3381 1710 tibi.

423 1727 474 1781 9.
501 1729 562 1781 Οί
584 1729 766 1800 ἐχθροί
793 1747 892 1800 μου
911 1726 1064 1784 εἷπον
1094 1732 1239 1785 κακά
1284 1749 1392 1802 μοι·
1948 1762 1990 1816 Β

1948 1762 1990 1816 Β
2090 1754 2141 1808 9.
2187 1752 2394 1808 Inimici
2420 1753 2527 1806 mei
2560 1751 2815 1806 dixerunt
2847 1726 2986 1803 mala
3015 1726 3195 1801 mihi:

424 1817 510 1873 10.
552 1819 696 1872 Πότε
742 1821 1111 1886 ἀποθανεῖται,
1172 1823 1267 1875 καὶ
1317 1823 1596 1878 ἀπολεῖται
1647 1825 1708 1878 τὸ
1747 1825 1918 1898 ὄνομα

1911 1845 1918 1879 '-
2094 1843 2176 1897 10.
2213 1843 2442 1910 Quando
2470 1841 2754 1904 morietur.
2779 1849 2831 1894 et
2859 1839 3055 1909 peribit
3088 1852 3285 1892 nomen
3323 1835 3482 1904 ejus?

351 1926 518 1964 αυτου
542 1927 558 1977 ;

428 2003 510 2056 11.
542 2005 649 2058 Καὶ
681 2006 1057 2079 εἰσεπορεύετο
1085 2007 1175 2062 τοῦ
1207 2008 1353 2073 ἰδεῖν,
1383 2010 1560 2082 μάτην
1584 2010 1760 2064 ἐλάλει
1785 2011 1854 2082 (c)
1884 2014 1918 2082 ἠ

2095 2004 2182 2058 ll.
2213 2001 2276 2057 Et
2315 2001 2716 2074 ingrediebatur
2743 2007 2804 2053 ut
2832 1997 3072 2060 videret,
3102 2010 3238 2049 vana
3269 1991 3590 2064 loquebatur

351 2095 548 2165 καρδία
573 2097 761 2162 αὐτοῦ,

728 2098 761 2162 1,
2027 2116 2118 2154 cor
2148 2099 2262 2167 ejus
2285 2137 2299 2160 ,

425 2186 512 2240 d2.
553 2187 865 2258 Συνήγαγεν
897 2191 1124 2262 ἀνομίαν
1149 2192 1326 2264 ἑαυτῷ
1345 2213 1359 2227 ο

2095 2189 2180 2242 12.
2212 2187 2581 2259 Congregavit
2610 2184 2948 2255 iniquitatem
2979 2180 3084 2236 sibi
3114 2221 3127 2234 .

426 2279 512 2333 15.
558 2281 934 2354 Ἐξεπορεύετο
958 2283 1081 2348 ἔξω,
1110 2285 1202 2338 καὶ
1235 2285 1409 2339 ἐλάλει
1434 2287 1524 2339 ἐπὶ
1550 2286 1610 2339 τὸ
1639 2286 1785 2341 αύτὸ.

2100 2283 2182 2336 15.
2215 2279 2602 2353 Egrediebatur
2625 2275 2793 2340 foras,
2818 2285 2871 2330 et
2900 2273 3225 2343 loquebatur
3245 2269 3296 2323 in
3323 2267 3584 2337 idipsum.

430 2373 506 2436 (α)
543 2371 617 2428 El
645 2377 726 2429 σύ
753 2375 905 2431 deest
931 2377 985 2432 in
1013 2379 1133 2434 cod.

429 2443 500 2524 (ὁ)
831 2447 1118 2524 Θεόςημου,
1148 2459 1253 2506 etc.

417 2522 493 2582 (ε)
522 2514 583 2568 ν.
613 2515 700 2582 12,
744 2516 805 2569 Ἦ
835 2514 1047 2589 καρδία,
1074 2529 1202 2585 etc.,
1229 2522 1288 2575 τὸ
1334 2521 1528 2592 ἑαυτῷ.
1561 2521 1623 2576 ν.
1654 2521 1739 2588 15,
1780 2521 1900 2574 Ἐπὶ
1937 2521 1988 2574 at‘

1114 2529 1202 2585 lc.,
1229 2522 1288 2575 τὸ
1334 2521 1528 2592 ἑαυτῷ.
1561 2521 1623 2576 ν.
1654 2521 1739 2588 15,
1780 2521 1900 2574 Ἐπὶ
1937 2521 2088 2586 αύτό,
2120 2528 2245 2583 etc.,
2276 2519 2324 2570 oi.
2346 2515 2529 2586 ἐχθροί
2565 2529 2685 2585 μου.

1466 2633 1841 2690 ATHANASII
1879 2619 2468 2689 lNTERPRETATlO.

423 2744 509 2796 43.
550 2745 813 2816 Πολεμεῖς
840 2751 951 2811 τοῖς
975 2749 1267 2821 πολεμοῦσί
1305 2770 1397 2823 με,
1446 2753 1541 2806 καὶ
1581 2751 1802 2815 σκέπεις
1849 2750 1924 2822 (1)

2095 2751 2184 2805 45.
2219 2750 2508 2818 lmpugnas
2560 2744 2937 2813 impugnantes
2986 2754 3094 2802 e,
3143 2747 3197 2793 et
3240 2738 3481 2807 protegis
3520 2737 3587 2790 ab

351 2831 462 2885 ἀπὸ
507 2833 614 2886 τῶν
654 2836 1040 2908 ἀντικειμένων
1077 2857 1186 2910 μοι,
1214 2842 1242 2894 6
1272 2840 1404 2903 Θεός
1441 2840 1517 2913 (2)
1556 2858 1678 2912 μου,
1714 2841 1793 2912 μὴ
1830 2842 1922 2895 ὲά·

2030 2839 2440 2897 adversantibus
2457 2835 2588 2891 mihi
2614 2854 2628 2889 :
2649 2834 2790 2889 Deus
2817 2849 2992 2895 meus,
3025 2847 3093 2885 ne
3113 2831 3456 2900 derelinquas
3482 2845 3585 2882 me.

356 2939 453 2994 σῃς
487 2942 576 2995 με.

433 3020 496 3072 Ἦ
527 3037 859 3093 προκειμενη
894 3023 1168 3095 ἐπιγραφὴ
1199 3025 1442 3096 περιέχει
1473 3023 1547 3095 (ὅ)
1573 3040 1586 3053 °
1616 3023 1716 3089 Εἰς
1759 3021 1827 3076 τὸ
1859 3021 2053 3082 τέλος,
2085 3013 2323 3085 ψαλμὸς
2351 3011 2431 3078 τῷ
2484 3009 2674 3068 Δαϐίδ.
2706 3008 2874 3062 Τοῦτο
2904 3003 2995 3062 οὖν
3033 3007 3202 3076 λέγει,
3225 3008 3306 3060 ὃτι
3337 3007 3464 3078 περὶ
3493 3005 3590 3074 τῆς

355 3107 649 3181 μελλούσης
677 3113 928 3183 κρίσεως,
959 3113 1053 3167 καὶ
1075 3108 1148 3168 ὧν
1179 3114 1362 3186 μέλλει
1388 3117 1614 3187 πάσχειν
1643 3116 1728 3169 ἐπ’
1754 3114 1994 3185 ἐσχάτων
2011 3113 2085 3184 (4)
2103 3112 2207 3166 τῶν
2235 3107 2454 3182 ἡμερῶν
2479 3109 2508 3161 6
2543 3104 2847 3175 Ἀγαπητδς
2873 3101 2964 3156 τοῦ
2997 3103 3231 3174 Πατρὸς,
3261 3101 3533 3154 τουτέστιν
3562 3102 3592 3152 6

354 3198 574 3270 Κύριος.
605 3202 776 3255 Τοῦτο
809 3204 914 3275 γὰρ
942 3203 1299 3275 ἑρμηνεύεται
1327 3206 1510 3270 Δαὸἱδ,
1545 3201 1725 3272 οὗτος
1759 3205 2084 3274 ἀγαπητός.

420 3290 647 3377 Titulus.
681 3293 1000 3362 prtepositus
1043 3295 1328 3350 continet:
1363 3293 1431 3348 In
1473 3295 1628 3365 ﬁnem
1672 3295 1906 3364 psalmus
1950 3294 2140 3348 David.
2207 3292 2321 3348 Hoc
2371 3289 2534 3362 igitur
2578 3290 2866 3362 signiﬁcat,
2916 3289 3058 3359 quod
3110 3288 3352 3358 psalmus
3411 3285 3591 3340 dictus

298 3392 304 3398 '
352 3396 434 3441 est
468 3388 533 3442 de
567 3387 749 3443 futuro
783 3388 1009 3458 judicio,
1043 3399 1097 3444 et
1141 3391 1209 3446 de
1251 3391 1319 3446 iis
1368 3407 1491 3461 qua:
1533 3406 1798 3462 passurus
1831 3401 1914 3446 est
1948 3391 2155 3445 ultimis
2201 3389 2394 3444 diebus
2426 3387 2669 3442 Dilectus
2697 3385 2891 3448 Patris,
2930 3385 3033 3438 hoc
3066 3393 3150 3437 est
3185 3379 3480 3446 Dominus;
3517 3379 3591 3432 ita

350 3481 494 3536 enim
524 3482 910 3553 interpretatur
932 3481 1122 3546 David,
1153 3483 1235 3535 hic
1261 3481 1506 3537 dilectus.

422 3578 474 3631 1.
530 3577 818 3646 Μακάριοι
870 3580 923 3631 οἱ
959 3577 1301 3647 ἐλεήμονες,
1342 3577 1430 3632 ὅτι
1473 3577 1641 3632 αὐτοὶ
1674 3574 1922 3644 ἐλεηθή-
1951 3588 1993 3646 α

2098 3575 2148 3628 1.
2184 3573 2338 3628 Beati
2389 3573 2788 3634 misericordes,
2836 3569 3083 3640 quoniam
3140 3567 3240 3638 ipsi
3290 3565 3588 3620 misericor-

351 3685 580 3724 σον-ται.

2020 3665 2164 3718 diam
2193 3674 2569 3734 consequentur
2589 3663 2655 3717 ⁶¹.

421 3760 476 3814 2.
527 3761 622 3812 Ἐν
670 3761 737 3830 τῇ
781 3759 962 3831 ἡμέρᾳ
1015 3758 1112 3829 τῆς
1165 3757 1428 3830 κρίσεως,
1475 3757 1642 3825 λέγει,
1699 3755 1919 3827 ῥύσεται

2088 3757 2142 3811 2.
2173 3756 2227 3809 lu
2254 3756 2341 3811 die
2361 3755 2572 3825 judicii,
2609 3753 2809 3822 inquit,
2835 3751 3087 3806 liberabit
3115 3765 3240 3805 eum
3272 3749 3541 3804 Dominus
3572 3771 3581 3800 ;

354 3851 512 3903 αὑτὸν
540 3851 566 3903 6
595 3850 815 3921 Κύριος.
835 3846 1290 3917 Κατακαυχᾶται
1318 3847 1424 3919 γὰρ
1448 3847 1620 3912 ἕλεος
1645 3847 1916 3914 κρίσεως,

2023 3846 2294 3901 Gloriatur
2346 3847 2494 3903 enim
2567 3846 2932 3899 misericordia
3006 3843 3252 3897 adversus
3293 3842 3584 3912 judicium,

355 3941 540 4006 καθὼς
573 3942 647 4014 (5)
676 3942 1007 4014 γέγραπται.

2019 3939 2477 4007 quemadmodum
2502 3936 2764 4006 scriptum
2789 3945 2873 3989 est
2901 3935 2965 3988 θ’.

420 4035 472 4089 5.
505 4035 591 4087 Ἐν
623 4033 700 4103 τῷ
732 4032 974 4102 μέλλοντι
1017 4029 1172 4086 αἰῶνι
1208 4030 1510 4102 ῥυσάμενος
1535 4029 1696 4081 αὑτὸν
1728 4030 1790 4080 ἐκ
1819 4028 1919 4098 τῆς

2093 4029 2146 4082 5.
2179 4028 2237 4082 ln
2265 4028 2449 4083 futuro
2471 4027 2672 4094 saeculo
2698 4025 2938 4080 liberans
2969 4038 3092 4078 eum
3127 4022 3197 4077 ab
3229 4029 3434 4076 aeterno
3460 4035 3588 4089 sup—

354 4123 567 4178 αἰωνίου
595 4122 886 4184 κολάσεως.
936 4105 938 4110 ’

631 4122 886 4184 ολάσεως.
936 4105 938 4110 ’
2021 4120 2202 4190 plicio.

405 4217 626 4279 4,5.Kai
640 4215 726 4285 μὴ
745 4211 987 4284 παραδῷ
1000 4212 1312 4274 αὐτὸν-ταῖς
1328 4211 1620 4282 ἁμαρτίαις
1638 4208 1800 4262 αὐτοῦ
1823 4208 1916 4278 (6).

1700 4208 1800 4262 ιτοῦ
1823 4208 1916 4278 (6).
2091 4212 2156 4277 4,
2194 4212 2245 4266 5.
2277 4210 2348 4264 Et
2381 4227 2483 4265 non
2517 4209 2698 4263 tradat
2731 4225 2845 4262 eum
2872 4207 3108 4278 peccatis
3138 4207 3271 4263 suis.

417 4308 469 4362 6.
503 4308 693 4370 Πάσας
718 4306 815 4370 τὰς
845 4304 1118 4376 ἁμαρτίας
1144 4303 1308 4357 αὑτοῦ
1334 4302 1659 4375 ἀπέρριψας.

1540 4302 1659 4371 Φαςο
2093 4304 2146 4357 6.
2185 4301 2380 4357 Omnia
2417 4311 2637 4372 peccata
2664 4300 2783 4370 ejus
2817 4297 3111 4369 projecisti.

417 4401 473 4464 7,
503 4399 557 4454 8.
586 4399 768 4453 Ταῦτα
793 4397 871 4468 τῷ
893 4396 1078 4469 Κυρίῳ
1106 4395 1249 4463 λέγει
1273 4397 1300 4448 ὀ
1327 4393 1679 4465 ἡμαρτηκὼς.

1556 4393 1679 4456 κῶς.
2093 4394 2126 4448 7
2147 4436 2160 4457 ,
2197 4394 2250 4448 8.
2286 4393 2412 4449 Haec
2434 4391 2666 4447 Domino
2691 4391 2823 4446 dicit
2855 4397 3127 4460 peccator.

417 4493 469 4547 9.
505 4491 637 4546 Εἶτα
672 4492 990 4563 μετέρχεται
1011 4492 1089 4553 είς
1109 4489 1234 4553 τοὺς
1273 4486 1580 4549 Ἰουδαίους.

1495 4504 1580 4549 υς.
2090 4486 2141 4540 9.
2178 4485 2379 4539 Deinde
2407 4482 2700 4554 pertransit
2726 4483 2792 4537 ad
2826 4481 3064 4536 Judaeos.

417 4584 502 4639 10.
538 4582 721 4636 Ταῦτα
754 4581 936 4649 ἔλεγον
958 4581 1039 4643 εἰς
1068 4579 1290 4641 ἑαυτοὺς
1319 4578 1368 4629 οἱ
1411 4575 1650 4628 Ἰουδαῖοι
1677 4572 1753 4644 ('7)
1786 4590 1919 4643 συμ-

2093 4577 2180 4633 10.
2215 4575 2340 4632 Haec
2368 4576 2622 4630 dicebant
2643 4575 2787 4629 intra
2813 4590 2871 4628 se
2897 4575 3000 4643 ipsi
3027 4571 3199 4627 Judaei
3225 4570 3586 4626 deliberantes

351 4676 721 4746 ϐουλευόμενοι
747 4674 952 4728 ἀνελεῖν
971 4673 1150 4726 αὐτόν.

924 4691 952 4726 ν
971 4673 1150 4726 αὐτόν.
2021 4682 2145 4723 eum
2175 4669 2495 4723 interﬁcere.

420 4770 504 4822 11.
540 4768 674 4840 Περὶ
725 4767 818 4820 τοῦ
865 4764 1031 4819 Ἰούδα
1084 4764 1252 4834 λέγει,
1280 4763 1360 4815 ὃτι
1391 4759 1577 4823 δολίως
1637 4757 1814 4813 ἐλάλει
1843 4757 1920 4829 τῷ

2094 4759 2181 4818 11.
2213 4759 2288 4814 De
2338 4757 2477 4815 Juda
2531 4757 2790 4828 loquitur,
2842 4756 2988 4826 quod
3031 4755 3219 4809 dolose
3267 4751 3587 4823 loquebatur

352 4861 556 4930 Κυρίῳ.

2020 4851 2251 4907 Domino
2277 4870 2290 4906 :

415 4947 502 5000 12.
533 4947 834 5018 Προσέθετο
856 4944 1185 5017 παραδοῦναι
1212 4943 1301 4997 τὸν
1322 4943 1528 5013 Κύριον
1948 4945 1986 5000 ι]

1948 4945 1992 5000 Ι)
2093 4945 2178 4998 12.
2212 4944 2407 4999 Secum
2437 4943 2624 5000 statuit
2647 4942 2862 4998 tradere
2898 4941 3206 4994 Dominum.

416 5040 501 5093 15.
551 5039 808 5104 Ἐξελθὼν
839 5039 946 5109 γὰρ
987 5037 1290 5091 συνετίθετο
1314 5039 1426 5099 τοῖς
1465 5033 1766 5099 Ἰουδαίοις,
1799 5031 1916 5095 πῶς

2095 5036 2181 5090 15.
2219 5035 2516 5105 Egrediens
2555 5037 2700 5089 enim
2745 5033 2997 5090 convenit
3032 5046 3156 5086 cum
3184 5027 3418 5092 ludatis,
3449 5038 3587 5093 quo-

350 5130 500 5184 αὐτὸν
532 5131 756 5204 παραδῷ
778 5131 973 5193 αὐτοῖς.

2023 5127 2185 5181 modo
2213 5142 2343 5186 eum
2371 5126 2506 5196 ipsis
2532 5124 2789 5180 traderet.

413 5245 456 5277 “
494 5243 683 5299 Matth.
711 5260 766 5312 v,
793 5243 845 5309 6,
874 5243 922 5298 7.
984 5245 1028 5276 ⁸⁸
1054 5241 1170 5300 Jac.
1202 5256 1263 5311 tt,
1291 5241 1378 5295 15.

1290 5350 1598 5412 Addenda
1627 5356 1689 5411 et
1720 5345 2094 5427 corrigenda
2126 5363 2205 5407 ex
2234 5345 2376 5410 cod.
2412 5347 2616 5411 Vatic.

414 5453 491 5524 (1)
531 5457 656 5520 Μοι,
682 5458 776 5509 καὶ
811 5455 1028 5519 σκέπεις
1065 5471 1155 5526 με.
2199 5447 2376 5501 Καθά.

416 5526 495 5586 (2)
534 5527 601 5581 Ν.
638 5527 726 5586 Μ,
746 5528 802 5574 '0
833 5526 983 5586 Θεὸς,
1016 5537 1124 5578 etc.
2083 5522 2139 5585 (6
2197 5518 2264 5571 Ν.
2301 5517 2354 5578 5,
2374 5519 2460 5573 Ἐν
2488 5523 2554 5586 τῇ
2585 5517 2833 5586 ἀσθενείᾳ
2861 5517 2954 5578 ﬁt;
2982 5513 3160 5583 Φυχῆς
3189 5510 3352 5566 αὖτοῦ

441 5511 495 5591 2)
534 5527 601 5581 Ν.
638 5511 802 5587 64,1)
833 5526 983 5588 Θεὸς,
1009 5511 1124 5578 οἷς.

2301 5517 2354 5593 5,
2374 5519 2460 5573 Ἐν
2488 5523 2554 5593 τῇ
2585 5517 2833 5588 ἀσθενείᾳ
2861 5517 2954 5578 τῖις
2982 5513 3160 5583 ψυχῆς
3189 5511 3377 5567 αὺτοῦ.

435 5587 489 5662 3)
514 5595 578 5648 'H
606 5597 692 5649 διὰ
721 5595 819 5664 τῆς
852 5587 1216 5665 κινναϐάρεως
1238 5608 1362 5663 περ.
2085 5589 2160 5659 (7)
2189 5587 2366 5641 Αὐτοί.

418 5668 492 5736 (1)
520 5667 797 5738 Ἐσχάτου.

584 5737 855 5817 Pmm.
921 5753 1039 5812 GR.
1097 5752 1358 5811 XXVEI.
3270 5737 3344 5797 26
