3978 6204
389 329 482 387 811
1247 324 1307 380 S.
1349 318 1723 377 ATHANASII
1762 317 1913 374 OPP.
1955 315 2137 372 PARS
2176 313 2268 369 Ill.
2306 340 2378 353 —
2409 312 2825 369 EXEGETICA.

3536 325 3638 385 812

462 450 548 504 14.
584 450 883 505 Adversum
903 464 988 503 me
1009 446 1369 503 susurrabant
1393 460 1584 500 omnes
1601 443 1808 499 inimici
1827 441 1953 508 mei,

2132 436 2217 491 M.
2240 439 2372 491 Κατ’
2400 434 2533 507 ἐμοῦ
2558 434 2868 507 ὲψιθύριζον
2911 432 3108 497 πάντες
3142 433 3191 484 οἱ
3223 431 3406 504 ὲλίιροί
3439 448 3564 503 μου,

455 544 541 600 15.
578 544 877 599 Adversum
905 557 990 597 me
1016 541 1327 612 cogitabant
1348 539 1488 593 mala
1518 535 1676 592 mibi.

462 638 547 693 16.
588 636 823 693 Verbum
847 636 1093 705 iniquum
1112 633 1512 689 constituerunt
1527 631 1814 686 adversum
1836 644 1955 683 me:

463 729 550 783 17.
581 726 836 798 Nunquid
859 726 953 796 qui
974 724 1178 779 dormit
1200 738 1307 778 non
1336 720 1556 794 adjiciet
1575 730 1638 776 ut
1671 720 1962 789 resurgat?

458 821 545 875 18.
582 818 793 875 Etenim
820 817 985 871 homo
1011 814 1162 885 pacis
1186 828 1339 878 meae,
1383 814 1438 867 in
1472 827 1582 883 quo
1615 812 1852 882 speravi,

465 1003 550 1057 l9.
585 1000 687 1068 Qui
722 999 917 1055 edebat
960 1010 1128 1067 panes
1169 1009 1344 1063 meos,
1389 993 1756 1066 magnilicavit
1797 1006 1960 1062 super

392 1111 478 1150 me
508 1090 1019 1163 supplantationem.

459 1183 551 1239 20.
586 1181 668 1236 Tu
698 1188 878 1235 autem
900 1221 914 1246 ,
945 1179 1174 1234 Domine
1193 1218 1208 1243 ,
1251 1176 1512 1232 miserere
1543 1173 1690 1243 mei,
1720 1183 1774 1230 et
1802 1189 1956 1229 resu-

392 1279 527 1334 scita
550 1292 657 1343 me,
684 1284 737 1330 et
764 1274 1062 1330 retribuam
1087 1271 1186 1328 eis.

458 1369 552 1423 21.
581 1365 639 1421 ιιι
672 1367 778 1421 hoc
805 1364 1060 1435 cognovi,
1089 1361 1351 1433 quoniam
1377 1358 1599 1415 voluisti
1631 1373 1746 1424 me;

445 1459 814 1527 22.Quoniam
833 1473 937 1512 non
954 1454 1207 1528 gaudebit
1223 1452 1479 1509 inimicus
1496 1467 1652 1507 meus
1668 1464 1833 1519 super
1849 1461 1956 1503 me.

456 1554 547 1609 25.
582 1550 665 1607 Mc
690 1560 872 1606 autem
899 1557 1117 1620 propter
1144 1546 1513 1602 innocentiam
1545 1544 1866 1615 suscepisti;

458 1646 548 1701 21.
566 1644 634 1700 Et
647 1643 985 1700 conﬁrmasti
1004 1657 1089 1696 me
1102 1642 1158 1696 in
1177 1651 1468 1710 conspectu
1488 1650 1583 1695 tuo
1601 1641 1655 1695 in
1666 1649 1954 1696 aeternum.

459 1737 548 1791 23.
585 1735 908 1791 Benedictus
937 1731 1203 1788 Dominus
1244 1730 1387 1788 Deus
1416 1730 1580 1787 Israel
1603 1771 1619 1799 ,

334 1820 338 1823 Δ
455 1829 546 1885 26.
584 1830 629 1882 Α
654 1826 854 1883 saeculo
873 1832 927 1881 et
951 1826 1004 1879 in
1033 1822 1314 1892 saeculum,
1344 1822 1458 1891 tiat,
1490 1823 1604 1878 ﬁat.

624 1984 697 2041 In
725 1984 881 2054 ﬁnem
905 2023 920 2049 ,
953 1984 1006 2036 in
1035 1982 1357 2037 intellectum
1385 1980 1515 2051 ﬁliis
1540 1979 1693 2037 Core.

991 2073 1190 2129 PSAL.
1226 2072 1378 2129 XLI.

461 2174 511 2230 1.
566 2171 1031 2242 Quemadmodum
1083 2168 1352 2223 desiderat
1406 2182 1598 2223 cervus
1654 2166 1721 2221 ad
1781 2163 1954 2220 {onus

391 2280 655 2342 aquarum
673 2287 689 2337 ;

2131 531 2216 585 15.
2254 531 2392 583 Κατ’
2424 528 2557 600 ἐμοῦ
2593 528 2893 597 ἐλογίζοντο
2922 525 3067 579 κακά
3102 542 3213 595 μοι.

2131 619 2216 674 16.
2256 619 2428 687 Λόγον
2461 619 2775 689 παράνομον
2803 616 3090 670 κατέθεντο
3121 614 3240 669 κατ’
3268 611 3424 686 ἐμοῦ·

2131 712 2219 766 17.
2252 712 2345 782 Μὴ
2361 712 2388 763 6
2411 708 2747 782 κοιμώμενος
2761 708 2880 778 οὐχὶ
2894 706 3190 779 προσθήσει
3205 704 3298 759 τοῦ
3315 705 3632 775 ἀναστῆναις

2138 804 2219 857 18.
2238 803 2346 857 Καὶ
2376 802 2484 874 γὰρ
2514 804 2543 854 6
2571 800 2854 873 ἄνθρωπος
2889 800 2991 870 τῆς
3022 800 3243 871 εἰρήνης
3292 815 3415 870 μου,
3471 798 3555 867 ἐφ’
3577 799 3632 853 ὃν

2061 895 2281 968 ἤλπισα,

2132 989 2216 1043 19.
2262 988 2319 1040 Ὀ
2360 985 2553 1040 ἐσθίων
2604 983 2801 1057 ἄρτους
2853 1002 2977 1055 μου,
3038 984 3369 1056 ἐμεγάλυνεν
3417 983 3504 1036 ἐπ’
3536 982 3630 1054 ἐμ)

2060 1076 2429 1150 πτερνισμόν.“

2128 1172 2217 1226 20.
2250 1172 2323 1225 Σὺ
2352 1171 2428 1234 δὲ,
2462 1167 2654 1241 Κύριε,
2687 1167 2906 1239 ἐλέησόν
2955 1185 3043 1239 με,
3067 1167 3161 1222 καὶ
3191 1168 3495 1240 ἀνάστησόν
3544 1185 3629 1240 με,

2059 1263 2152 1318 καὶ
2184 1261 2548 1317 ἀνταποδώσω
2586 1262 2652 1315 αὑ
2660 1263 2789 1324 τοῖς.

2127 1354 2217 1411 21.
2261 1355 2346 1407 Ἐν
2373 1354 2544 1426 τούτῳ
2570 1354 2760 1422 ἔγνων,
2789 1354 2870 1406 ὅτι
2899 1353 3198 1423 τεθὲληκάς
3224 1370 3314 1424 με·

2126 1447 2216 1501 22.
2249 1447 2370 1500 Ὀτι
2395 1447 2453 1499 οὐ
2505 1445 2579 1517 μὴ
2606 1447 2838 1516 ὲπιχαρῇ
2866 1444 2895 1497 6
2924 1444 3118 1516 ἐχθρός
3150 1462 3250 1515 μου
3286 1444 3374 1498 ἐπ’
3407 1444 3528 1497 ὲιιέ.

2125 1538 2215 1593 25.
2263 1537 2426 1609 Ἐμοῦ
2456 1537 2512 1591 δὲ
2543 1537 2630 1591 διὰ
2662 1539 2760 1608 τὴν
2794 1538 3029 1592 ἀκακίαν
3066 1536 3383 1591 ἀντελάϐου*

2126 1630 2216 1684 24.
2250 1631 2362 1684 Καὶ
2391 1628 2724 1692 ὲόεϐαίωσάς
2757 1646 2824 1701 με
2844 1627 3072 1682 ἐνώπιόν
3108 1645 3200 1681 σου
3223 1631 3301 1692 εἰς
3328 1628 3420 1683 τὸν
3443 1628 3627 1684 αἰῶνα.

2125 1722 2216 1777 25.
2246 1720 2548 1793 Εὐλογητὸς
2570 1721 2773 1793 Κύριος
2807 1723 2834 1774 6
2864 1721 2996 1784 Θεὸς
3042 1720 3281 1792 Ἰσραήλ.

2125 1808 2215 1864 26.
2250 1809 2382 1864 Ἀπὸ
2420 1808 2515 1863 τοῦ
2558 1808 2752 1874 αἰῶνος
2784 1809 2878 1864 καὶ
2908 1811 2986 1873 εἰς
3035 1809 3126 1864 τὸν
3183 1808 3373 1876 αίῶνα,
3402 1810 3629 1879 γένοιτο,

2058 1901 2284 1972 γένοιτο.
3478 1968 3483 1973 η

2122 1995 2226 2061 Ei;
2261 1994 2326 2048 τὸ
2380 1995 2589 2061 τέλος,
2634 1995 2721 2060 εις
2757 1995 3013 2049 σύνεσιν
3052 1994 3176 2062 τοῖς
3210 1995 3365 2062 υἱοῖς
3390 1995 3561 2065 Κᾳρέ.

2654 2088 2828 2143 ΨΑΛ.
2867 2090 3007 2145 MA'.

2137 2177 2190 2233 1.
2228 2178 2324 2232 Ὃν
2350 2178 2548 2251 τρόπον
2576 2178 2829 2234 ἐπιποθεῖ
2852 2183 2886 2253 ὴ
2933 2180 3128 2251 ἔλαφος
3186 2181 3277 2235 ἐπὶ
3308 2181 3408 2245 τὰς
3456 2182 3628 2254 πηγὰς

2066 2266 2175 2321 τῶν
2209 2266 2433 2322 ὑδάτων·

1509 2391 1886 2449 ATHANASII
1928 2397 2512 2460 INTERPBETATIO.

462 2518 548 2574 11.
578 2514 643 2571 Ει
663 2515 767 2587 ipsi
787 2511 961 2570 Judaei
990 2510 1280 2567 consilium
1315 2510 1592 2566 iniverunt
1624 2525 1746 2567 cum
1774 2510 1910 2569 Juda
1935 2553 1952 2580 ,

462 2693 546 2748 15.
587 2689 656 2747 Ut
678 2704 804 2745 eum
829 2686 1374 2759 comprehenderent,

462 2784 548 2839 16.
584 2781 657 2838 Ut
688 2782 867 2853 ipsum
904 2778 1290 2834 interﬁcerent.

462 2876 547 2931 l7.
579 2874 804 2930 Mortem
847 2871 1062 2927 Domini
1104 2870 1406 2943 signiﬁcat,
1444 2881 1500 2926 et
1535 2871 1683 2942 quod
1711 2871 1949 2942 seipsum

388 2964 753 3022 resuscitavit.

461 3056 548 3110 18.
583 3054 680 3110 Hic
696 3055 840 3111 enim
865 3060 950 3110 est
975 3068 1077 3124 pax
1104 3060 1291 3109 nostra
1316 3051 1539 3108 dicens:
1566 3049 1761 3108 Pacem
1783 3069 1953 3108 meam
1980 3032 2023 3090 ο

389 3152 457 3204 do
482 3150 622 3204 vobis
654 3148 716 3203 ⁸³.

459 3240 546 3298 19.
579 3240 653 3296 De
673 3239 811 3295 Juda
836 3237 1098 3307 loquitur,
1126 3244 1180 3291 et
1204 3235 1324 3306 ejus
1345 3234 1671 3305 proditione.

456 3332 546 3386 20.
578 3332 806 3387 Demum
834 3329 1068 3399 populus
1108 3343 1138 3382 a
1170 3326 1402 3382 Domino
1445 3327 1707 3384 liberatus
1733 3327 1864 3384 dicit
1886 3328 1954 3385 ad

388 3440 511 3479 eum
555 3441 567 3475 :
607 3420 711 3484 Tu,
744 3419 988 3485 Domine,
1017 3421 1108 3490 qui
1143 3421 1255 3474 haec
1306 3418 1636 3489 sustinuisti,
1686 3421 1953 3477 resuscita

390 3529 489 3569 nos
518 3526 613 3582 per
644 3519 874 3566 mortem
903 3517 1051 3563 tuam
1072 3548 1087 3574 ,
1131 3518 1190 3564 et
1228 3501 1634 3564 dominabimur
1664 3512 1954 3582 potestati-

388 3609 489 3662 bus
517 3603 740 3660 inimici.

454 3698 555 3763 21,
588 3698 678 3752 22.
710 3696 844 3753 Hinc
866 3695 1246 3767 cognovimus,
1284 3695 1545 3766 quoniam
1585 3695 1807 3753 voluisti
1843 3696 1953 3751 sal-

386 3805 512 3845 varc
534 3806 654 3856 nos,
684 3805 751 3844 eo
775 3790 921 3860 quod
946 3804 1047 3845 nos
1068 3789 1311 3844 liberasti
1341 3805 1371 3844 a
1402 3788 1643 3845 diabolo.

451 3883 541 3936 25.
571 3880 864 3953 Propterea
909 3880 1198 3953 suscepisti
1227 3895 1334 3947 me,
1372 3882 1501 3952 quia
1528 3881 1745 3938 sincero
1784 3881 1951 3938 corde

383 3975 621 4041 credidi,

451 4061 541 4116 21.
580 4060 646 4115 Ει
671 4062 969 4132 promisisti
995 4063 1127 4119 mihi
1159 4077 1388 4135 regnum
1419 4063 1709 4121 caelorum.

449 4156 555 4221 25,
586 4154 676 4213 26.
723 4155 1048 4211 Benedictus
1087 4153 1351 4211 Dominus
1400 4153 1545 4210 Deus
1589 4156 1838 4210 cordium
1873 4156 1954 4210 vi-

382 4247 625 4301 dentium
668 4263 790 4302 eum
832 4263 865 4303 a
902 4248 1159 4318 praesenti
1184 4246 1416 4311 saeculo,
1443 4255 1497 4301 et
1529 4262 1702 4316 usque
1728 4248 1783 4302 in
1806 4263 1953 4303 sem-

2128 2520 2208 2574 14.
2243 2522 2351 2575 Καὶ
2380 2522 2534 2577 αὐτοὶ
2591 2523 2641 2576 οἱ
2690 2521 2933 2577 Ἰουδαῖοι
2991 2520 3439 2578 συνεὼυλεὺοντο
3494 2523 3629 2596 μετὰ

2055 2612 2145 2666 τοῦ
2190 2613 2383 2682 Ἰούδα,

2123 2705 2211 2759 15.
2236 2707 2353 2761 ’Ίνα
2382 2707 2727 2778 κρατήσωσιν
2754 2705 2937 2770 αὑτὸν,

2125 2794 2212 2848 16.
2244 2795 2361 2848 Ἵνα
2391 2795 2784 2848 ἀποκτείνωσιν
2810 2795 2991 2849 αὐτόν.

2129 2884 2215 2938 17.
2249 2884 2351 2938 Τὸν
2382 2883 2612 2939 θάνατον
2632 2884 2727 2938 τοῦ
2755 2885 2961 2956 Κυρίου
3000 2884 3168 2954 λέγει,
3219 2886 3313 2939 καὶ
3342 2886 3425 2940 ὅτι
3444 2888 3631 2944 ἑαυτὸν

2054 2975 2372 3048 ἀνέστησεν.

2126 3064 2210 3119 18.
2243 3058 2408 3130 Οὗτος
2452 3064 2527 3138 (1)
2574 3065 2681 3138 γάρ
2714 3065 2861 3120 ἐστιν
2904 3067 3150 3139 ἡείρήνη
3183 3067 3360 3139 ἡμῶν,
3388 3070 3417 3121 6
3444 3069 3629 3122 εἰπών’

2051 3156 2312 3227 Εἰρήνην
2340 3156 2457 3227 τὴν
2484 3157 2641 3227 ἐμὴν
2670 3157 2876 3229 δίδωμι
2908 3159 3070 3229 ὑμῖν.

2128 3248 2217 3301 19.
2239 3248 2374 3320 Περὶ
2399 3247 2494 3301 τοῦ
2511 3248 2679 3302 Ἰούδα
2694 3248 2862 3318 λέγει,
2890 3249 2984 3303 καὶ
3016 3250 3113 3321 τῆς
3132 3248 3422 3321 προδοσίας
3445 3252 3631 3307 αὐτοῦ.

2122 3341 2211 3396 20.
2240 3340 2442 3395 Λοιπὸν
2465 3344 2493 3396 6
2527 3343 2743 3413 ρυσθεὶς
2779 3342 2869 3397 διὰ
2924 3344 3018 3397 τοῦ
3073 3345 3276 3417 Κυρίου
3312 3345 3442 3410 λαὸς
3489 3347 3630 3419 λέγει

2056 3431 2189 3503 πρὸς
2218 3430 2397 3484 αὐτόν·
2417 3432 2517 3497 Σὺ,
2534 3432 2727 3504 Κύριε,
2754 3436 2783 3487 6
2801 3434 2972 3490 ταῦτα
3001 3437 3319 3510 ὑπομείνας,
3334 3439 3631 3511 ἀναστησον

2053 3524 2201 3593 ἡμᾶς
2225 3523 2312 3577 διὰ
2338 3523 2429 3576 τοῦ
2457 3522 2686 3580 θανάτου
2722 3543 2836 3593 σου,
2865 3530 2960 3582 καὶ
2994 3531 3352 3603 κυριεύσομεν
3399 3531 3510 3586 τῶν
3540 3533 3629 3587 δυ-

2054 3613 2269 3684 νάμεων
2297 3614 2391 3667 τοῦ
2426 3616 2642 3690 ἐχθροῦ.

2119 3707 2209 3771 21,
2229 3707 2320 3761 22.
2362 3710 2641 3765 Ἐντεῦθεν
2675 3712 2993 3786 ἐγνώκαμεν
3019 3716 3099 3770 ὅτι
3134 3717 3410 3788 ἠθέλησας
3460 3718 3631 3773 σῶσαι

2053 3800 2219 3871 ἡμᾶς,
2245 3800 2337 3869 ἀφ’
2364 3795 2437 3855 ὧν
2457 3804 2673 3875 ὲρρύσω
2701 3808 2848 3877 ἡμᾶς
2880 3810 2943 3861 ἐκ
2973 3808 3067 3861 τοῦ
3095 3808 3360 3865 διαὸὁλου.

2124 3890 2214 3946 25.
2249 3892 2348 3946 Διὰ
2369 3894 2526 3948 τοῦτο
2544 3897 2838 3952 ἀντελάϐου
2866 3916 2989 3970 μου,
3046 3900 3129 3954 ὅτι
3153 3902 3212 3954 ὲν
3241 3901 3460 3973 καθαρᾷ
3501 3920 3629 3976 καρ-

2052 3982 2140 4055 δίᾳ
2159 3984 2470 4041 ἐπίστευσα.

2120 4074 2211 4128 24.
2229 4077 2340 4130 Καὶ
2359 4077 2670 4150 έπηγγείλω
2706 4098 2795 4152 μοι
2822 4082 2920 4155 τὴν
2943 4083 3218 4154 βασιλείαν
3243 4086 3351 4142 τῶν
3369 4087 3630 4161 οὐρανῶν.

2122 4167 2214 4231 25,
2267 4167 2355 4223 26.
2416 4171 2719 4243 Εὐλογητὸς
2777 4175 2983 4246 Κύριος
3033 4178 3061 4229 6
3088 4178 3220 4242 Θεὸς
3258 4179 3367 4232 τῶν
3398 4180 3632 4252 καρδιῶν

2053 4260 2162 4316 τῶν
2193 4263 2440 4336 ὁρώντων
2475 4268 2636 4323 αὑτὸν
2664 4269 2774 4322 ἀπὸ
2795 4268 2888 4322 τοῦ
2919 4267 3013 4323 νῦν
3054 4269 3249 4334 αἰῶνος
3279 4271 3372 4325 καὶ
3410 4272 3514 4335 ἓως
3540 4272 3631 4324 τοῦ

384 4340 675 4406 piternum.
718 4341 888 4396 Amen
922 4342 1115 4395 Amen.
1166 4338 1330 4395 Israel
1365 4339 1511 4394 enim
1564 4340 1953 4410 interpretatur

2114 4354 2436 4427 τελευτήτου.
2473 4359 2664 4430 Ἀμὴν,
2698 4361 2866 4432 ἀμήν.
2907 4360 3124 4433 Ἰσραὴλ
3175 4361 3273 4432 μὲν
3317 4361 3425 4436 γὰρ
3459 4364 3628 4435 ἑρμη-

382 4444 525 4483 meus
572 4430 748 4483 videns
797 4430 987 4485 Deum.
1046 4430 1185 4485 Illud
1232 4438 1412 4486 autem
1463 4431 1561 4500 ﬁat
1618 4431 1739 4489 loco
1790 4433 1952 4488 Amen

2114 4445 2275 4500 μύεται
2300 4449 2445 4516 νοῦς
2477 4449 2632 4518 ὀρῶν
2891 4453 2951 4506 τὸ
2986 4430 3052 4508 *δὲ
3079 4430 3333 4524 ’τέκοιτο
3376 4430 3504 4508 ἀντὶ⁷
3532 4430 3628 4507 τοῦ

379 4521 624 4589 ponitur.

2051 4536 2215 4605 ἀμὴν
2245 4539 2548 4610 πρόκειται.

461 4639 525 4690 Ἦ
552 4635 882 4709 προκειμένη
911 4636 1188 4708 ἐπιγραφὴ
1223 4636 1465 4708 περιέχει
1483 4635 1580 4708 (ἓν
1599 4640 1705 4705 Εἰς
1728 4639 1796 4694 τὸ
1839 4642 2033 4712 τέλος,
2061 4652 2148 4716 εὶς
2176 4652 2435 4708 σύνεσιν
2459 4654 2584 4722 τοῖς
2616 4656 2768 4724 υἱοῖς
2799 4659 2968 4727 Κορέ·
2996 4661 3290 4724 τουτέστιν,
3333 4664 3382 4716 οἱ
3431 4659 3628 4715 ἀντιλέ.

379 4747 564 4825 γοντες
595 4728 683 4784 διδί
709 4728 808 4825 τάξ
834 4727 1314 4825 ἁμαρτιαςᾉῶλτῷ
1346 4729 1586 4825 Κυρίῳ,-
1602 4732 1708 4785 υἱοὶ
1745 4734 1905 4825 ΔΚοριέ
1956 4739 2115 4794 εἰσιν·
2168 4744 2356 4814 ἐπειδὴ
2404 4748 2652 4812 κάκεῖνος
2691 4749 3029 4820 ἀντιλογικὸς
3055 4753 3346 4824 γεγένηται
3380 4754 3518 4825 πρὸς
3543 4753 3626 4807 τὸν

379 4823 529 4933 (θεόν’
591 4824 700 4933 τοῖς
880 4819 1052 4933 οὕτως
1101 4819 1462 4891 ἀντιλογικοῖς
1526 4817 1646 4876 οὖσι
1710 4823 1770 4878 τὸ
1810 4828 2092 4901 πρότερον,
2141 4835 2234 4888 ἐπὶ
2272 4835 2423 4900 τέλος
2471 4838 2547 4910 (4)
2583 4838 2641 4892 δὲ
2693 4840 2786 4895 ἐπὶ
2843 4817 3078 4896 σίδνεσιν⁷
3112 4817 3319 4914 ἀγαθὴν
3365 4817 3627 4933 ἐλθοῦσιν,

379 4920 567 4989 εἴρηκε
596 4915 687 4969 τὸν
725 4913 958 4988 ψαλμόν.

448 5031 667 5086 Titulus
694 5018 1019 5101 praepositus
1047 5031 1292 5086 continet
1322 5049 1336 5086 :
1370 5029 1435 5085 in
1457 5030 1648 5101 finem,
1683 5033 1737 5087 in
1775 5034 2102 5093 intellectum
2134 5041 2267 5111 ﬁliis
2299 5041 2432 5099 Core
2460 5062 2478 5099 :
2518 5061 2622 5103 noc
2664 5059 2751 5104 est
2776 5089 2794 5115 ,
2834 5049 2928 5120 qui
2969 5049 3355 5106 contradicunt
3396 5050 3625 5106 Domino

378 5138 598 5201 propter
624 5135 850 5199 peccata
869 5166 885 5190 ,
912 5127 1010 5181 ﬁlii
1042 5124 1186 5183 Core
1211 5135 1372 5194 sunt,
1410 5128 1671 5197 quoniam
1699 5138 1755 5185 et
1790 5131 1880 5188 ille
1911 5137 2286 5194 contradictor
2333 5138 2445 5195 Deo
2475 5143 2686 5198 exstitit
2716 5163 2729 5199 :
2763 5145 2852 5200 his
2880 5144 3046 5217 igitur
3070 5145 3144 5200 ita
3169 5144 3324 5216 prius
3350 5143 3623 5201 contradi-

379 5223 652 5288 centibus,
680 5222 735 5277 in
769 5221 933 5277 tinem
962 5231 1146 5277 autem
1169 5221 1224 5276 in
1254 5222 1460 5279 bonum
1483 5223 1825 5281 intellectum
1848 5231 2198 5290 venientibus
2237 5236 2514 5306 psalmum
2550 5239 2711 5296 dixit.

446 5340 496 5393 1.
524 5338 996 5407 Quemadmodum
1021 5355 1239 5407 cervus,
1271 5350 1628 5413 posteaquam
1674 5344 1787 5402 edit
1826 5363 1947 5404 ser-

449 5435 493 5465 ⁸³
519 5433 677 5489 Joan.
706 5444 817 5501 xxv,
840 5435 933 5490 27.

2124 5352 2177 5409 1.
2197 5355 2408 5429 ’Ὠσπερ
2429 5356 2675 5429 ήέλαφος
2706 5360 2841 5432 μετὰ
2872 5361 2933 5415 τὸ
2963 5359 3162 5417 ἐσθίειν
3186 5360 3278 5415 τὸν
3300 5358 3426 5430 ὅφιν
3447 5358 3621 5432 τρέχει

1327 5509 1638 5578 Addenda
1669 5523 1728 5579 et
1765 5517 2140 5598 corrigenda
2171 5537 2249 5580 ex
2287 5520 2429 5584 cod.
2461 5521 2662 5585 Vatic.

449 5606 526 5674 (ι)
548 5607 737 5673 Αὐτός.

448 5676 524 5744 (εἰ)
572 5677 634 5729 Ἢ
657 5679 745 5733 διὰ
772 5680 873 5752 τῆς
899 5683 1268 5756 κινναϐάρεως
1299 5701 1426 5756 περ.

2127 5620 2205 5701 (ξ)
2233 5623 2343 5701 Ξῆς
2371 5625 2659 5697 ἁμαρτιας-

2132 5693 2206 5765 (4)
2234 5693 2407 5748 Τέλει.
