3978 6204
280 313 390 370 813

351 429 409 484 9..
443 428 631 495 Οὕτως
656 428 962 500 ἐπιποθεῖή
991 428 1135 499 ψυχή
1170 447 1271 501 μου
1295 430 1432 502 πρὸς
1462 431 1544 495 σέ,
1573 432 1601 483 ὁ
1628 430 1779 492 Θεός.

355 522 411 578 5.
453 522 733 593 Ἐδίψησεν
762 520 961 593 ήψυχή
1006 538 1107 593 μου
1139 520 1274 593 πρὸς
1320 521 1409 575 τὸν
1423 521 1564 579 ,Θεὸν
1591 522 1680 577 τὸν
1711 523 1858 592 ἰσχυ-

289 616 382 687 ρὸν
414 614 503 668 τὸν
526 614 724 679 ζῶντα.

360 704 415 761 4.
444 706 580 758 Πότε
627 706 762 777 ἥξω,
825 703 919 758 καὶ
958 703 1263 776 ὀφθήσομαι
1319 703 1396 775 τῷ
1443 706 1718 778 προσώπῳ
1763 706 1856 759 τοῦ

285 796 419 851 Θεοῦ
436 816 451 864 ;

353 888 407 943 5.
437 886 699 959 Ἑγενήθη
719 887 787 941 τὰ
816 886 1024 959 δάκρυά
1058 904 1160 959 μου
1192 888 1315 958 ἐμοὶ
1341 887 1502 960 ἄρτος
1533 889 1742 961 ἡμέρας
1768 890 1859 944 καὶ

287 983 502 1045 νυκτὸς,

358 1072 412 1128 6.
456 1075 544 1128 'Ev
566 1072 644 1145 τῷ
660 1071 909 1142 λέγεσθαί
938 1090 1031 1145 μοι
1063 1072 1185 1128 καθ’
1210 1072 1449 1145 ἑκάστην
1472 1075 1707 1147 ἡμέραν·
1746 1075 1857 1129 Ποῦ

285 1168 435 1222 ἐστιν
461 1168 491 1220 ὁ
510 1165 640 1231 Θεός
679 1183 770 1219 σου
792 1184 807 1233 ;

354 1259 408 1313 7.
435 1259 617 1313 Ταῦτα
670 1256 968 1332 ἐμνήσθην,
1001 1260 1095 1315 καὶ
1142 1258 1331 1331 ὲξέχεα
1365 1258 1452 1313 ἐπ’
1503 1258 1603 1331 ἐμὲ
1636 1260 1735 1332 τὴν
1761 1259 1861 1330 ψυ-

276 1354 387 1425 χήν
416 1370 539 1424 μου.
1374 1420 1379 1431 Ι

353 1444 406 1499 8.
433 1446 552 1499 Ὀτι
572 1443 913 1515 διελεύσομαι
934 1445 992 1498 ἐν
1016 1443 1163 1518 τόπῳ
1187 1444 1390 1516 σκηνῆς
1416 1444 1732 1518 θαυμαστῆς
1758 1448 1862 1512 ἕως

283 1534 374 1591 τοῦ
409 1535 557 1590 οἴκου
578 1534 671 1589 τοῦ
703 1534 861 1599 Θεοῦ,

350 1627 404 1682 9.
450 1627 539 1681 Ἐν
568 1629 715 1698 φωνῇ
740 1627 1110 1697 ἀγαλλιάσεως
1138 1628 1233 1684 καὶ
1270 1627 1704 1701 ἐξομολογήσεως
1724 1631 1859 1702 ἤχου

284 1716 654 1789 ἐορτάξοντος.

1196 309 1290 364 DE
1327 307 1601 366 TlTULlS
1639 308 2094 366 PSALMORUM.
2134 339 2204 351 —
2237 307 2434 366 PSAL.
2478 308 2617 365 XLI.

3410 297 3483 373 εἰ
3500 315 3526 366 1

1879 434 1925 491 Α
2022 432 2075 483 2.
2117 430 2192 485 Ita
2222 429 2493 486 desiderat
2514 429 2697 485 anima
2719 445 2836 485 mea
2867 430 2932 484 ad
2964 438 3035 492 te,
3072 428 3235 485 Deus.

2026 521 2081 573 5.
2116 520 2296 575 Sitivit
2316 522 2499 576 anima
2524 536 2644 576 mea
2681 522 2747 576 ad
2781 520 2947 576 Deum
2973 520 3163 576 fortem
3190 522 3412 576 vivum:

2028 699 2079 752 4.
2115 697 2341 766 Quando
2363 698 2597 764 veniam,
2622 707 2675 753 ct
2701 697 2971 767 apparebo
3006 708 3129 751 ante
3164 696 3353 751 faciem
3393 693 3521 750 Dei?

2030 876 2082 930 5.
2116 875 2358 931 Fuerunt
2379 875 2627 948 lacrymaa
2649 892 2781 931 mea:
2807 876 2937 930 mihi
2961 890 3127 947 panes
3147 875 3233 930 die
3254 890 3319 930 ac
3341 883 3521 943 nocte,

2030 1053 2082 1109 6.
2123 1054 2256 1109 Dum
2285 1054 2483 1109 dicitur
2505 1054 2637 1109 mihi
2661 1052 2933 1124 quotidie:
2953 1051 3054 1107 Ubi
3080 1060 3164 1108 est
3192 1050 3334 1107 Deus
3361 1050 3521 1109 tuus!

2030 1256 2084 1309 7.
2127 1254 2251 1311 lla-,c
2281 1253 2595 1310 recordatus
2629 1267 2773 1320 sum,
2814 1258 2871 1306 et
2899 1247 3062 1305 eﬂ‘udi
3097 1249 3150 1302 iu
3182 1263 3263 1303 me
3283 1249 3517 1304 animam

1962 1364 2133 1403 meam
2152 1366 2166 1412 ;

2027 1441 2077 1494 8.
2113 1439 2380 1507 Quoniam
2406 1437 2650 1493 transibo
2684 1436 2739 1491 in
2783 1434 2963 1489 locum
2991 1431 3319 1487 tabernaculi
3347 1432 3513 1488 admi-

1961 1532 2144 1588 rabilis
2172 1546 2346 1603 usque
2367 1531 2433 1586 ad
2461 1531 2681 1585 domum
2712 1528 2805 1584 Dei
2828 1566 2842 1592 ,

2031 1625 2083 1680 9.
2118 1625 2173 1679 In
2197 1640 2329 1681 voce
2354 1621 2736 1681 exsultationis
2765 1632 2817 1679 et
2846 1623 3205 1680 confessionis
3239 1621 3359 1676 soni
3380 1618 3516 1675 fesra

1955 1720 2303 1776 celebrantis.

358 1808 447 1863 10.
476 1810 594 1864 Ἵνα
618 1781 673 1863 τί
694 1810 994 1883 περίλυπος
1026 1805 1095 1877 εἷ,
1139 1813 1173 1884 ὴ
1210 1810 1350 1884 ψυχή
1399 1829 1538 1884 μου;
1573 1813 1667 1867 καὶ
1693 1813 1779 1867 ἵνα
1807 1815 1860 1867 τί

2032 1813 2117 1868 10.
2146 1814 2328 1881 Quare
2357 1816 2531 1872 tristis
2564 1831 2659 1883 es,
2685 1816 2867 1871 anima
2907 1830 3050 1880 mea,
3094 1821 3148 1870 et
3187 1828 3357 1885 quare
3386 1827 3509 1867 coa-

282 1902 677 1973 συνταράσσεις
714 1921 780 1974 με
797 1919 811 1969 ;

355 1991 445 2045 11.
493 1991 750 2046 Ἐλπισον
799 1993 892 2046 ἐπὶ
948 1990 1037 2046 τὸν
1066 1992 1219 2060 Θεὸν,
1254 1993 1337 2047 ὅτι
1397 1994 1858 2067 ἐξομολογὴσομαι

280 2082 433 2138 non?)
450 2100 466 2114 '

356 2102 403 2137 τι
450 2102 466 2114 ·

354 2102 444 2230 ιζ.
475 2176 748 2250 Σωτήρων
772 2178 866 2232 τοῦ
899 2178 1189 2250 προσώπου
1221 2196 1323 2250 μου
1357 2179 1450 2233 καὶ
1482 2180 1511 2232 ὁ
1537 2179 1668 2243 Θεὸς
1699 2197 1820 2250 μου.

359 2269 447 2326 15.
475 2270 617 2343 Πρὸς
644 2271 930 2344 ὲμαυτὸνή
966 2272 1110 2344 ψυχή
1142 2289 1242 2343 μου
1272 2274 1566 2345 ἐταράχθη·

358 2360 447 2416 11.
482 2362 579 2417 Διὰ
598 2363 756 2418 τοῦτο
784 2364 1163 2437 μνησθήσομαι
1188 2381 1281 2418 σου
1314 2366 1378 2419 ὲκ
1410 2368 1512 2437 γῆς
1552 2365 1836 2438 Ἰορδάνου,

1965 1906 2149 1961 turbas
2171 1909 2301 1961 me?

2028 1998 2112 2052 11.
2147 2002 2311 2070 Spera
2343 2000 2394 2054 in
2422 1999 2553 2067 Deo,
2582 2000 2841 2069 quoniam
2868 1998 3173 2055 conﬁtebor
3192 1996 3273 2051 illi
3304 2016 3317 2050 :

2037 2176 2119 2230 12.
2163 2174 2409 2232 Salutare
2434 2178 2614 2233 vultus
2643 2177 2745 2231 mei
2776 2185 2831 2232 et
2859 2176 3001 2231 Deus
3032 2191 3207 2230 meus.

2039 2272 2123 2325 15.
2155 2270 2235 2325 Ad
2262 2271 2530 2341 meipsum
2554 2270 2734 2325 anima
2773 2286 2889 2324 mea
2919 2269 3239 2324 conturbata
3263 2275 3382 2321 est:

2037 2363 2124 2419 14.
2154 2362 2444 2434 Propterea
2472 2378 2681 2418 memor
2705 2378 2799 2417 ero
2845 2361 2924 2416 tui
2973 2362 3039 2415 de
3069 2370 3211 2415 terra
3237 2356 3519 2423 Iordanis,

1417 2563 1796 2621 ATHANASII
1834 2562 2411 2620 INTERI‘BETATIO.

283 2717 502 2790 επὶ
519 2718 624 2789 γῆν
648 2717 725 2789 (1)
756 2717 850 2773 τοῦ
878 2717 1069 2782 ὕδατος
1098 2718 1235 2791 πρὸς
1261 2719 1321 2772 τὸ
1344 2721 1507 2784 πιεῖν,
1540 2719 1627 2773 ἴνα
1656 2719 1729 2791 μὴ
1756 2718 1859 2772 ύπδ

280 2809 380 2866 τοῦ
410 2809 489 2865 ἰού
516 2810 611 2864 τοῦ
639 2811 815 2881 ὄφεως
850 2810 1081 2882 ἀδικηθῇ
1104 2827 1117 2841 ’

1964 2727 2177 2790 pentem
2199 2758 2216 2786 ,
2254 2720 2429 2775 currit
2455 2719 2523 2775 ad
2566 2728 2766 2775 terram
2794 2720 3053 2790 irriguam
3076 2759 3090 2783 ,
3118 2729 3181 2775 ut
3205 2721 3381 2791 bibat,
3406 2740 3473 2781 ne
3495 2740 3526 2782 a

1961 2811 2227 2882 serpentis
2252 2827 2454 2867 veneno
2476 2813 2721 2878 laedatur;

350 2904 409 2969 2,
442 2904 496 2959 5.
524 2903 709 2968 Οὕτως
738 2901 893 2972 κάγὼ
919 2902 1068 2974 ζητῶ
1088 2902 1264 2957 ἐλθεῖν
1298 2903 1435 2973 πρὸς
1481 2902 1561 2969 σὲ,
1594 2904 1689 2956 καὶ
1713 2904 1854 2958 πιεῖν

2028 2904 2064 2958 2
2084 2944 2099 2967 ,
2128 2905 2181 2960 ὅ.
2210 2903 2284 2959 lta
2306 2905 2470 2959 etiam
2502 2920 2601 2974 ego
2630 2920 2816 2975 quer
2842 2907 3024 2961 venire
3054 2906 3120 2960 ad
3161 2915 3232 2972 te,
3264 2919 3317 2963 et
3343 2908 3526 2964 bibere

279 2995 377 3051 τοῦ
409 2994 724 3067 Πνεύματός
751 3012 845 3048 σου
871 2993 964 3049 τοῦ
999 2994 1176 3064 ἁγίου,
1200 2994 1289 3049 ἵνα
1314 2994 1397 3068 μὴ
1431 2992 1726 3049 θανατωθῶ
1754 2995 1861 3049 ὑπὸ

280 3087 383 3160 τῆς
409 3086 699 3159 ἁμαρτίας.

348 3176 404 3231 4.
432 3177 571 3231 Πότε
603 3174 918 3241 καταξιωθῶ
947 3174 1187 3239 τοιοῦτος
1215 3174 1490 3244 γενέσθαι,
1528 3174 1615 3229 ἵνα
1640 3173 1713 3247 μὴ
1735 3174 1863 3227 ἀπο-

283 3266 583 3339 στρέφηται
615 3284 681 3338 με
714 3266 893 3331 sese;
925 3265 1351 3338 προσεγγὶζοντα
1380 3265 1456 3336 (9.)
1491 3266 1662 3336 αύτῷ.

354 3357 407 3412 5.
431 3355 844 3428 Κεκορεσμένος
867 3357 982 3422 εἰμὶ
1005 3355 1113 3409 ἀπὸ
1137 3356 1237 3427 τῆς
1278 3353 1476 3427 πολλῆς
1503 3355 1734 3425 θλίψεως
1763 3356 1861 3426 τῆς

278 3445 448 3519 οὔσης
473 3448 663 3512 νυκτὸς
688 3447 780 3503 καὶ
805 3445 1020 3519 ἡμέρας
1039 3449 1095 3500 ἐν
1119 3449 1184 3517 τῇ
1216 3446 1410 3519 καρδίᾳ
1460 3464 1579 3516 μου.

355 3539 411 3595 6.
457 3540 591 3593 Ἀπὸ
641 3539 737 3594 τοῦ
792 3538 1146 3604 ὀνειδίζεσθαὶ
1191 3555 1258 3609 με
1311 3537 1414 3591 ύπὺ
1445 3537 1552 3592 τῶν
1605 3537 1862 3591 ἐναντίων

281 3629 606 3700 πνευμάτων
639 3630 738 3701 ('5).

355 3721 409 3776 7.
445 3720 629 3776 Τᾶῦτα
653 3721 1024 3794 ἐμνημόνευον
1066 3719 1163 3772 καὶ
1182 3716 1428 3788 διελύθην
1460 3717 1538 3788 (ι)
1586 3716 1725 3779 ὅλως
1753 3715 1862 3768 ἀπο

277 3812 381 3886 τῆς
408 3811 667 3884 θλίψεως.

355 3906 411 3962 8.
442 3907 552 3960 Καὶ
583 3905 760 3960 ἐτεινα
791 3904 865 3979 (5)
888 3905 986 3977 τὴν
1009 3905 1248 3960 διάνοιάν
1285 3920 1385 3975 μου
1418 3904 1498 3966 εἰς
1521 3901 1613 3955 τὸν
1633 3901 1861 3971 οὐρανὸν

280 4000 363 4063 εἰς
382 3996 481 4070 τὴν
519 3997 722 4068 σκηνὴν
742 3996 837 4050 τοῦ
857 3994 1014 4051 Θεοῦ.

347 4091 403 4146 9.
435 4090 610 4143 Ὅπου
656 4091 690 4161 ἡ
743 4089 893 4162 φωνὴ
918 4091 1015 4162 τῆς
1056 4089 1450 4159 ἀγαλλιάσεως,
1493 4087 1588 4141 καὶ
1618 4088 1716 4158 τῆς
1749 4086 1864 4153 ἐξο-

285 4180 632 4253 μολογήσεως
654 4180 736 4251 (6)
760 4180 873 4235 τῶν
897 4180 1141 4251 ἀγγέλων
1187 4182 1282 4235 καὶ¹
1321 4179 1428 4235 τῶν
1456 4180 1623 4250 ἁγίων
1647 4179 1755 4233 τῶν
1776 4180 1863 4233 ἀεὶ

283 4270 675 4344 ἑορταζόντων.

356 4362 446 4429 10,
478 4362 566 4418 11.
599 4363 709 4417 Καὶ
746 4362 930 4432 ἔλεγον
962 4365 1029 4434 τῇ
1077 4362 1223 4434 ψυχῇ
1254 4379 1374 4432 μου·
1408 4362 1526 4415 ἰνα
1555 4361 1609 4414 τῐ
1640 4359 1864 4432 περίλυ-

285 4470 386 4519 πος
414 4448 496 4520 εἶ;
529 4454 747 4508 ἐλπισον
780 4454 873 4509 ἐπὶ
901 4454 992 4508 τὸν
1020 4454 1174 4519 Θεὸν,
1209 4455 1292 4508 ὅτι
1314 4453 1563 4525 ἐλεήμων
1599 4454 1738 4519 ἐστὶ,
1767 4452 1862 4505 καὶ

288 4545 681 4618 ἐξομολόγησαι
701 4546 776 4617 (7)
814 4545 987 4617 αύτῷ.

358 4637 446 4692 12.
472 4637 724 4710 Σωτηρία
754 4637 863 4710 γὰρ
895 4638 992 4708 τῆς
1016 4636 1192 4708 ψυχῆς
1221 4653 1325 4708 μου
1353 4636 1382 4689 ό
1403 4634 1536 4699 Θεὸς
1564 4634 1670 4706 μού
1694 4637 1862 4690 ἐστιν.

352 4731 441 4786 15.
470 4730 671 4784 Λοιπὸν
724 4731 758 4801 ἠ
805 4730 950 4802 ψυχή
985 4746 1086 4800 μου
1131 4730 1189 4782 ἐν
1243 4727 1369 4801 éptoi.
1426 4726 1565 4799 μετά
1603 4724 1858 4797 δακρύων

285 4820 493 4890 ἔλεγεν.

354 4910 443 4966 14.
474 4910 573 4965 Διὰ
597 4911 657 4965 τδ
688 4906 824 4965 εἶναι
871 4926 932 4965 σε
978 4910 1242 4984 ἐλεήμονα
1297 4906 1618 4981 μνημονεύω
1648 4906 1723 4978 (8)
1765 4923 1858 4960 σου

285 5002 349 5055 ἐκ
378 5000 487 5055 τῶν
522 5001 851 5056 κατωτάτων
900 5000 1001 5072 τῆς
1035 5001 1157 5073 γῆς.
1225 4999 1496 5072 Ἰορδάνης
1542 4997 1651 5068 γὰρ
1687 4999 1860 5069 ἑρμη-

283 5092 497 5150 νεύεται
524 5092 601 5164 τῆ
625 5092 948 5162 muttito.

970 5183 979 5219 ὅ

1965 2995 2229 3067 Spiritum
2253 3005 2501 3051 sanetum
2530 3005 2710 3059 tuum,
2743 3012 2811 3052 ne
2834 2996 3130 3052 interficiar
3153 3014 3180 3052 a
3210 3008 3452 3081 peccato.

2032 3175 2086 3230 4.
2124 3173 2358 3243 Quando
2379 3176 2575 3248 dignus
2614 3177 2815 3234 eliiciar
2844 3180 2972 3235 talis
2997 3180 3138 3247 ﬁeri,
3166 3192 3231 3238 ut
3254 3198 3341 3238 me
3378 3182 3526 3240 Deus

1955 3267 2028 3321 ad
2054 3267 2231 3336 ipsum
2257 3268 2601 3324 accedentem
2635 3285 2743 3325 non
2773 3280 3074 3327 aversetur.

2037 3359 2086 3413 5.
2134 3360 2423 3414 Saturatus
2457 3376 2576 3415 sum
2630 3361 2979 3418 tribulatione
3023 3363 3228 3429 multa,
3276 3381 3399 3434 qua:
3444 3372 3531 3424 est

1962 3447 2049 3503 die
2077 3463 2142 3503 ac
2166 3460 2324 3505 nocte
2363 3451 2415 3503 iu
2443 3451 2605 3505 corde
2629 3467 2769 3506 meo.

2026 3538 2085 3593 6.
2120 3539 2255 3594 Dum
2312 3542 2655 3597 contumeliis
2712 3541 2922 3598 afﬁcior
2961 3558 2991 3596 a
3033 3543 3321 3599 contrariis
3366 3544 3530 3615 spiri-

1960 3630 2129 3684 tibus.

2032 3722 2084 3775 .7.
2123 3720 2247 3778 Haec
2275 3724 2619 3788 recordabar,
2661 3734 2714 3778 et
2752 3726 2969 3794 penitus
3012 3736 3372 3797 consumptus
3403 3744 3526 3785 sum

1958 3814 2327 3871 tribulatione.

2033 3902 2086 3955 8.
2126 3901 2191 3956 Et
2226 3902 2430 3957 intendi
2469 3910 2700 3957 mentem
2734 3919 2909 3957 meam
2942 3904 2994 3958 in
3022 3906 3221 3960 coelum
3258 3906 3312 3961 in
3348 3908 3529 3963 taber-

1964 3995 2215 4047 naculum
2243 3993 2358 4047 Dei.

2031 4084 2085 4138 9.
2119 4083 2220 4139 Ubi
2253 4100 2356 4138 vox
2385 4085 2796 4152 cxsuitationis,
2824 4097 2876 4142 et
2902 4087 3266 4146 confessionis
3306 4092 3530 4162 angelo-

1966 4192 2108 4239 rum,
2138 4185 2192 4230 et
2215 4185 2528 4232 sanctorum
2555 4176 2690 4232 festa
2714 4193 2928 4250 semper
2947 4179 3359 4237 celebrantium.

2038 4356 2137 4421 10,
2179 4355 2262 4409 11.
2294 4355 2360 4410 Ει
2385 4356 2630 4413 dicebam
2676 4359 2873 4414 anima:
2919 4374 3054 4414 mcze
3086 4377 3100 4413 :
3133 4358 3314 4426 Quare
3351 4360 3530 4416 tristis

1966 4447 2065 4498 es?
2094 4462 2248 4515 spera
2271 4450 2324 4500 iu
2348 4446 2539 4515 Deum,
2567 4450 2824 4518 quoniam
2852 4450 3166 4508 misericors
3196 4461 3301 4515 est.
3323 4460 3376 4507 et
3398 4465 3531 4507 con-

1968 4539 2117 4593 fitere
2148 4540 2272 4608 ipsi.

2037 4626 2124 4679 12.
2165 4625 2324 4683 Salus
2347 4629 2489 4683 enim
2514 4630 2711 4685 animae
2749 4646 2883 4687 mea:
2912 4630 3054 4689 Deus
3086 4647 3238 4689 meus
3255 4646 3359 4689 εει.

2033 4719 2118 4773 13.
2149 4718 2375 4774 Demum
2405 4721 2586 4777 anima
2617 4736 2738 4778 mea
2772 4722 2917 4779 intra
2963 4739 3052 4779 me
3101 4732 3227 4780 cum
3272 4725 3528 4798 lacrymis

1959 4811 2191 4867 dicebat.

2031 4902 2119 4958 ‘14.
2150 4900 2419 4969 Quoniam
2442 4913 2500 4959 tu
2526 4904 2838 4962 misericors
2866 4920 2948 4973 es.
2971 4923 3181 4966 memor
3210 4924 3332 4965 sum
3357 4909 3434 4964 tui
3457 4923 3527 4963 ex

1961 4992 2312 5049 inferioribus
2382 5004 2559 5053 terrae.
2622 4998 2876 5057 Iordanis
2940 5002 3083 5057 enim
3144 5002 3529 5070 interpretatur

1960 5098 2102 5140 terra
2138 5086 2330 5155 infera.

1234 5250 1541 5313 Addenda
1569 5256 1633 5311 et
1662 5245 2037 5325 corrigenda
2070 5262 2153 5306 ex
2186 5246 2325 5307 cod.
2367 5246 2567 5308 Vatic.

463 5435 902 5582 ἕλητξὲζρέφηται
931 5509 960 5561 ὁ
984 5507 1135 5575 Θεὸς,
1158 5508 1273 5563 ἀλλ’
1298 5511 1468 5580 ἐφορᾷ
1502 5527 1568 5581 με
1592 5526 1852 5582 προσεγγ.

378 5578 432 5641 ὃ)
461 5575 529 5631 Ν.
560 5576 595 5630 6
624 5575 808 5631 deest.

383 5647 434 5703 1)
464 5645 836 5717 Μνημονεύων
862 5646 1125 5720 διελύθην.

2036 5435 2111 5502 (5)
2158 5434 2445 5490 ‘Avézatva.

2037 5506 2112 5580 (ﬁ)
2136 5506 2245 5580 I_(_a_l
2266 5505 2375 5580 τῆς
2404 5507 2890 5580 ἐξομολογήσει-κ
2913 5511 3062 5567 deest
3094 5513 3147 5568 in
3171 5512 3292 5570 cod.

2036 5577 2114 5650 (ξ)
2150 5575 2467 5650 ξιξξομολογή
2476 5575 2658 5650 σομαι.

2036 5629 2112 5717 (εδ
2149 5629 2540 5718 δίκη-μονάδι..
