3978 6204
444 252 544 312 Siti
1301 257 1358 320 S,
1402 255 1780 312 ATl-IANASII
1821 258 1971 313 OPP.
2014 259 2196 317 PARS
2230 261 2317 317 Ill.
2358 294 2426 304 —-
2461 262 2875 321 EXEGETICA.
3584 272 3684 327 816

507 372 594 428 15.
628 373 693 428 Et
722 373 1055 430 ilcrmoniim
1097 391 1125 429 a
1159 387 1344 432 monte
1368 379 1602 434 modico.
2033 434 2037 444 ,

2181 386 2265 439 15.
2304 387 2412 440 Καὶ
2457 387 2790 459 Ἐρμωνιεὶμ
2819 387 2929 442 άπὸ
2959 386 3116 459 ὅρους
3150 385 3366 462 μικροῦ.

506 490 591 546 16.
625 490 869 564 Abyssus
901 494 1156 565 abyssum
1190 493 1407 549 invocat
1442 494 1494 548 in
1528 511 1659 552 voce
1705 505 2004 554 cataracta-

2176 500 2262 555 16.
2296 499 2565 564 Ἀϐυσσος
2593 502 2825 556 ἄϐυσσον
2857 502 3194 556 ἐπικαλεῖται
3233 506 3314 569 εἰς
3343 507 3527 580 φωνὴν
3577 510 3682 565 τῶν

439 597 554 637 1⁵11111
580 593 798 638 tuarum
831 603 843 638 ε

2173 593 2467 664 ,ταρακτῶν
2499 610 2611 647 σου·

504 695 592 749 17.
622 694 818 750 Omnia
849 695 1062 751 excelsa
1105 703 1195 751 tua
1220 735 1235 760 ,
1287 705 1340 752 et
1381 697 1578 754 ﬂuctus
1609 699 1686 754 tui
1723 716 1888 772 super
1918 718 2005 757 me

2179 712 2263 767 17.
2299 713 2505 777 Πάντες
2534 714 2584 766 οἱ
2620 716 2984 787 μετεωρισμοί
3013 734 3104 770 σου
3127 717 3221 771 καὶ
3241 717 3310 772 τὰ
3343 717 3562 788 κύματά
3589 735 3681 772 σου

436 793 791 841 transierunt.

2173 806 2191 854 τ’
2218 805 2317 875 ἐμὲ
2336 804 2570 875 διῆλθον.

504 898 692 954 18.1η
750 901 838 956 die
895 901 1176 957 mandabit
1243 895 1506 960 Dominus
1574 905 2003 962 misericordiam

2177 917 2262 972 i8.
2311 917 2550 989 Ἡμέρας
2577 919 2864 974 ἐντελεῖται
2894 921 3096 993 Κύριος
3127 922 3187 976 τὸ
3211 921 3359 988 ἕλεος
3379 922 3568 989 αὐτοῦ,

433 1006 586 1045 suam
609 1031 623 1055 ,

503 1096 590 1152 19.
623 1097 691 1153 Et
720 1107 878 1154 nocte
905 1101 1177 1157 canticum
1205 1103 1324 1172 ejus
1352 1104 1493 1175 apud
1520 1120 1628 1160 me.

2178 1070 2260 1126 l9.
2294 1072 2402 1124 Kal
2435 1072 2628 1136 νυκτὸς
2655 1073 2765 1146 ᾠδὴ
2792 1073 2939 1146 αὐτῷ
2966 1076 3094 1147 παρ’
3115 1076 3258 1147 ἐμοί.

497 1211 589 1266 20.
622 1211 812 1268 Oratio
844 1211 956 1268 Deo
981 1215 1102 1269 vitae
1137 1230 1292 1270 mea}.

2177 1185 2264 1240 20.
2296 1186 2575 1258 Προσευχὴ
2597 1187 2675 1258 τῷ
2694 1188 2813 1258 Θεῷ
2837 1189 2934 1259 τῆς
2961 1187 3105 1261 ζωῆς
3133 1207 3257 1260 μου.

2172 1302 2260 1356 21.
2307 1301 2446 1373 Ἑρῶ
2476 1300 2554 1374 τῷ
2581 1301 2720 1373 Θεῷ·
2751 1303 3123 1376 Ἀντιλήπτωρ
3149 1322 3249 1375 μου
3285 1298 3352 1357 εἷ·
3382 1302 3471 1358 διὰ
3492 1304 3546 1358 τι
3580 1323 3680 1375 μου

494 1325 585 1382 21.
621 1325 804 1382 Dicam
833 1325 979 1382 Deo:
1015 1326 1312 1399 Susceptor
1340 1344 1495 1385 meus
1531 1344 1624 1394 es,
1665 1345 1832 1400 quare
1867 1330 2006 1385 obli-

2105 1393 2368 1448 ἐπελάθου
2390 1411 2405 1460 ;

428 1426 516 1473 tus
544 1433 605 1472 es
632 1417 782 1471 mei?

2175 1512 2266 1568 22.
2311 1511 2385 1582 (a)
2445 1510 2554 1564 Kal
2586 1512 2674 1565 ἵνα
2721 1510 2775 1564 τί
2821 1511 3229 1584 σκυθρωπάζων
3287 1511 3593 1584 πορεύομαι
3625 1515 3679 1568 ἐν

493 1529 583 1584 22.
617 1528 682 1583 Et
704 1545 875 1600 quare
904 1531 1268 1586 contristatus
1300 1531 1498 1588 incedo
1535 1533 1666 1588 dum
1693 1532 1885 1605 afﬂigit
1919 1549 2005 1588 me

2103 1603 2181 1674 τῷ
2202 1603 2468 1656 ἐκθλίϐειν
2499 1601 2590 1655 τὸν
2619 1601 2847 1673 ἐχθρὸν;

426 1621 683 1679 inimicus
705 1623 728 1676 ἒ)

495 1736 586 1790 23.
624 1737 762 1790 Dum
803 1735 1226 1808 confringuntur
1268 1753 1394 1794 ossa
1439 1753 1593 1803 mea,
1627 1738 1998 1809 exprobrave-
2035 1737 2037 1748 ’

2174 1719 2263 1773 25.
2313 1719 2401 1771 Ἐν
2433 1717 2510 1788 τῷ
2541 1716 2912 1772 καταθλᾶσθαι
2971 1717 3040 1770 τὰ
3071 1717 3204 1770 ὀστᾶ
3251 1733 3373 1787 μου,
3410 1715 3679 1799 ᾠνείδιζόν

425 1836 552 1884 runt
581 1827 715 1882 mihi
745 1827 954 1882 inimici
982 1829 1111 1884 mei.

2203 1812 2253 1864 οἱ
2281 1810 2462 1882 ἐχθροί
2488 1827 2611 1881 μου.

491 1941 582 1996 24.
614 1941 752 1997 Dum
779 1941 971 1997 dicunt
1003 1941 1103 2012 ipsi
1148 1943 1278 1997 mihi
1317 1958 1412 2013 per
1436 1945 1681 2015 singulos
1709 1944 1864 2000 dies:
1897 1943 1994 2000 Ubi

2173 1925 2260 1979 24.
2292 1926 2379 1978 Ἐν
2405 1925 2484 1995 τῷ
2505 1925 2682 1994 λέγειν
2710 1925 2902 1990 αὐτούς
2927 1942 3016 1996 μοι
3046 1924 3422 1997 καθ’ἑκάστην
3445 1925 3675 1996 ἡμέραν

423 2042 507 2088 est
531 2031 675 2088 Deus
705 2033 875 2088 tuus?

2173 2017 2210 2071 ὦ
2233 2019 2378 2072 ἐστιν
2405 2021 2432 2071 ὁ
2461 2020 2592 2083 θεός
2627 2036 2750 2084 σου;

491 2145 583 2201 25.
610 2145 791 2213 Quare
835 2147 1008 2202 tristis
1053 2162 1134 2213 es,
1178 2148 1362 2204 anima
1389 2150 1550 2204 mea?
1588 2159 1640 2206 ct
1663 2165 1833 2220 quare
1864 2165 1995 2206 con-

2173 2133 2258 2188 25.
2293 2135 2410 2187 Ἵνα
2457 2134 2509 2187 τί
2533 2134 2830 2206 περίλυπος
2852 2131 2921 2200 εἴ,
2956 2135 2990 2206 ἡ
3020 2133 3165 2206 ψυχή
3199 2150 3335 2205 μους
3386 2133 3485 2188 καὶ
3514 2133 3600 2188 ἵνα
3625 2134 3675 2185 τί

422 2239 611 2294 turbas
647 2239 774 2294 me?

2173 2226 2492 2298 νταράσσεις
2532 2245 2598 2298 με
2619 2245 2634 2292 ;

491 2351 582 2406 26.
619 2353 788 2424 Spera
822 2354 875 2407 in
913 2353 1042 2420 Deo,
1072 2355 1334 2423 quoniam
1364 2356 1663 2412 confitebor
1690 2356 1765 2410 illi
1801 2375 1812 2410 :

2173 2338 2255 2393 26.
2292 2339 2546 2395 Ἕλπισον
2594 2343 2684 2395 ἐπὶ
2735 2341 2825 2395 τὸν
2876 2341 3029 2406 Θεὸν,
3079 2341 3160 2395 ὅτι
3211 2341 3674 2414 ἐξομολογήσομαι

2173 2450 2245 2486 τω
2265 2448 2279 2463 ·

2097 2447 2245 2486 αυτω
2265 2448 2279 2463 ⁶

490 2528 580 2582 27.
617 2527 868 2584 Salutare
898 2527 1083 2586 vultus
1107 2529 1214 2584 mei
1245 2537 1296 2584 et
1325 2528 1475 2583 Deus
1502 2541 1681 2582 meus.

2173 2451 2198 2486 τ
2265 2450 2279 2463 .

2173 2450 2257 2579 ἓξ).
2289 2525 2440 2597 Σωτή
2452 2542 2562 2598 ριον
2595 2525 2687 2578 τοῦ
2717 2525 3006 2597 προσώπου
3040 2543 3148 2598 μου
3199 2526 3294 2581 καὶ
3327 2527 3355 2579 ὁ
3387 2525 3522 2590 Θεός
3553 2541 3671 2598 μου.

483 2687 570 2758 '(a)
608 2687 671 2742 ν.
706 2688 810 2755 22,
851 2687 951 2742 Διά
1001 2686 1052 2739 τί
1085 2686 1412 2756 ἁπώσομαι;
1451 2688 1544 2740 καὶ
1570 2687 1675 2749 ἵνα,
1710 2692 1839 2751 etc.,
1873 2682 2100 2756 ὲχθρύν;

1540 2923 1919 2982 ATHANASII
1961 2921 2553 2979 INTERPRETATIO.

476 3115 572 3172 45.
610 3114 676 3168 Et
706 3130 737 3169 a
765 3122 990 3184 peccato
1035 3129 1195 3181 meo,
1256 3114 1407 3170 dicit.
1455 3111 1592 3168 Nam
1649 3107 2037 3168 Hermoniimt

2173 3105 2248 3160 15.
2276 3106 2386 3160 Kal
2413 3107 2520 3160 ἀπὸ
2545 3107 2644 3179 τῆς
2671 3106 2943 3178 ἁμαρτίας
2969 3123 3096 3177 μου,
3138 3105 3305 3175 λέγει.
3355 3105 3667 3178 Ἑρμονιεὶμ

414 3209 803 3278 interpretatur
853 3206 1006 3261 dolor
1044 3207 1424 3273 anathematis,
1470 3204 1614 3277 quod
1657 3211 1740 3259 est
1789 3215 1985 3273 pecca-

414 3308 548 3342 (nm-

2173 3198 2576 3269 ρέρμηνεύεται
2627 3198 2997 3268 ἀναθέματος
3055 3198 3242 3264 λύπη,
3282 3197 3418 3268 ὅπερ
3458 3199 3667 3269 ἐστὶνή

2173 3290 2346 3342 actia.

414 3308 548 3352 tum.

2173 3291 2346 3362 αρτία.

483 3390 569 3441 16.
600 3387 708 3442 Cor
743 3401 924 3442 meum
964 3387 1185 3443 invocat
1244 3385 1672 3442 misericordiam
1730 3390 1880 3438 tuam
1929 3381 1984 3436 in

2173 3381 2239 3436 λϐ.
2283 3383 2348 3434 Ἦ
2381 3382 2574 3452 καρδία
2607 3399 2707 3452 μου
2745 3382 2806 3434 τὸ
2847 3381 2994 3446 ἔλεός
3019 3400 3111 3435 σου
3151 3382 3494 3438 ἐπικαλεῖται
3521 3383 3578 3438 ἐν
3598 3386 3660 3454 τῇ

409 3492 543 3532 voce
564 3478 748 3533 cultus
773 3475 902 3533 mei.

2173 3474 2234 3543 νῇ
2267 3476 2366 3544 τῆς
2395 3472 2648 3542 λατρείας
2681 3489 2782 3542 μου
2817 3472 2914 3540 (1).

483 3572 567 3624 17.
609 3569 812 3626 Omnes
861 3583 1140 3626 sermones
1193 3568 1270 3624 tui
1326 3567 1700 3624 illuminantes
1741 3575 1980 3622 mentem

2173 3570 2237 3622 .7.
2257 3568 2458 3630 Πάντες
2484 3569 2532 3620 οἱ
2556 3567 2703 3636 λόγοι
2735 3585 2826 3621 σου
2853 3570 2902 3622 οἱ
2935 3569 3261 3638 φωτίζοντες
3290 3571 3390 3643 τὴν
3423 3571 3659 3626 διάνοιάν

408 3679 585 3720 meam
645 3664 714 3719 ad
785 3662 1255 3734 supercmlestium
1297 3660 1650 3725 altitudines,
1703 3669 1758 3716 et
1803 3660 1984 3731 fulgor

2173 3676 2185 3711 ›
2211 3658 2302 3711 ἐπὶ
2324 3657 2392 3711 τὰ
2421 3657 2530 3728 ὕψη
2561 3656 2670 3710 τῶν
2700 3659 3056 3729 ἐπουρανίων,
3107 3660 3203 3714 καὶ
3241 3665 3273 3732 ἠ
3321 3662 3521 3734 ἀπειλὴ
3567 3679 3657 3716 σου

404 3763 555 3822 tuus,
585 3755 678 3826 qui
711 3755 766 3810 in
793 3755 926 3826 ipsis
947 3763 1050 3820 est,
1081 3755 1148 3810 ad
1177 3769 1272 3810 cor
1301 3769 1483 3809 meum
1519 3764 1907 3825 pervenerunt.

2173 3751 2358 3822 ’τραπή
2395 3750 2534 3823 σου],
2565 3751 2612 3803 οἱ
2643 3748 2726 3822 [ἡ]
2755 3750 2813 3803 ἐν
2846 3750 3027 3814 αὐτοῖς
3049 3750 3150 3823 (2),
3195 3753 3274 3816 εἰς
3309 3752 3406 3824 τὴν
3431 3755 3658 3828 καρδίαν

2085 3861 2186 3914 μου
2213 3839 2394 3914 ἦλθον.

473 3933 564 3989 18.
599 3932 1014 4004 E’xpergiscenti
1042 3933 1177 3988 mihi
1203 3947 1233 3986 a
1271 3941 1496 4002 peccato
1531 3931 1752 3988 exhibet
1797 3929 1986 3986 Domi-

2173 3933 2240 3988 l8.
2284 3933 2370 3985 ’Ev
2394 3931 2471 4003 τῷ
2507 3931 2777 4003 ἀνανῆψαι
2813 3949 2880 4003 με
2925 3933 3034 3987 ἀπὸ
3060 3934 3160 4007 τῆς
3197 3936 3480 4008 ἁμαρτίας
3513 3955 3654 4010 παρ-

403 4039 507 4080 nus
537 4024 972 4080 misericordiam
1002 4039 1185 4079 suam.

2177 4043 2193 4077 t
2227 4025 2428 4096 Κύριος
2459 4024 2520 4077 τὸ
2545 4024 2694 4089 ἔλεος
2726 4025 2916 4079 αὑτοῦ.

475 4116 560 4171 19.
598 4114 665 4171 Et
691 4116 912 4172 demum
949 4116 1166 4186 requies
1203 4131 1323 4171 mea
1360 4115 1636 4172 canticum
1683 4115 1805 4186 ejus
1834 4115 1979 4186 apud

2173 4118 2237 4173 .9.
2274 4118 2383 4169 Kal
2413 4115 2596 4170 λοιπὸν
2641 4119 2674 4187 ἡ
2721 4117 3032 4183 ἀνάπαυσις
3061 4136 3169 4190 Δμου
3215 4119 3330 4193 ᾠδὴ
3370 4122 3541 4177 αὐτοῦ
3579 4121 3658 4194 ('5)

401 4223 490 4264 me
518 4220 622 4264 est.

2179 4226 2194 4260 ι
2229 4208 2358 4278 παρ’
2393 4207 2539 4278 ἐμοί.

469 4301 561 4356 20.
597 4301 714 4358 Oro
747 4304 814 4358 ad
839 4302 1128 4358 Dominum
1156 4304 1279 4359 vita:
1304 4319 1458 4369 meae,

2173 4301 2238 4356 ΞΟ.
2266 4301 2646 4374 Προσεύχομαι
2676 4301 2753 4373 τῷ
2777 4301 2896 4373 Θεῷ
2920 4303 3022 4372 τῆς
3047 4303 3192 4374 ζωῆς
3227 4321 3353 4375 μου,

468 4393 560 4448 21.
593 4392 660 4447 Ει
685 4394 809 4450 dico
842 4395 946 4465 ipsi
973 4413 986 4449 :
1016 4393 1309 4465 Susceptor
1347 4411 1505 4451 meus
1535 4411 1614 4452 es.
2005 4449 2037 4467 ,η

2173 4393 2236 4446 ιι.
2272 4395 2382 4446 Kal
2412 4393 2557 4463 λέγω
2587 4395 2763 4466 αὐτῷ·
2809 4395 3174 4467 Ἀντιλήπτωρ
3217 4414 3319 4467 μου
3341 4395 3412 4450 εῐ.

467 4484 558 4540 22.
589 4484 654 4540 Et
677 4501 849 4556 quare
864 4449 1265 4543 obtenebratus
1293 4449 1508 4552 incedo,
1707 4487 1843 4543 mihi
1866 4488 1972 4544 do-
2005 4449 2037 4506 Π

2173 4486 2238 4541 l2.
2259 4486 2370 4541 Kal
2391 4449 2559 4540 i’vaa!
2579 4449 2962 4559 ἐσκοτισμένος
2992 4449 3294 4561 πορεύομαι
3319 4489 3479 4563 ἐντῷ
3499 4509 3656 4546 κατα·

395 4577 639 4634 minatur
678 4580 951 4636 diabolus.

2174 4580 2420 4635 αστεύειν
2445 4597 2545 4652 μου
2573 4581 2662 4635 τὸν
2687 4581 2959 4647 διάϐολον;
3082 4577 3100 4589 ”

463 4668 536 4725 25
553 4710 568 4735 ,
603 4669 692 4724 24.
729 4670 866 4725 Dum
889 4670 1071 4727 anima
1099 4687 1214 4726 mea
1241 4679 1464 4741 peccato
1487 4671 1812 4740 conteritur,
1839 4686 1972 4728 con-

2173 4674 2234 4738 5,
2273 4673 2364 4726 24.
2405 4673 2493 4726 Ἐν
2517 4672 2596 4744 τῷ
2629 4673 3008 4745 συντρίϐεσθαι
3053 4674 3156 4744 τὴν
3185 4673 3362 4746 ψυχήν
3400 4692 3502 4746 μου
3554 4673 3658 4729 ὑπὸ

393 4761 667 4816 viciantur
698 4763 832 4817 mihi
858 4763 1151 4820 daemones.

2173 4788 2174 4791 η
2199 4765 2492 4837 ἁμαρτίας,
2517 4765 2834 4829 ὀνειδίζουσί
2867 4783 2933 4837 με
2961 4769 3010 4820 οἱ
3029 4765 3301 4837 δαίμονες.

461 4855 551 4910 25.
585 4854 699 4926 Ego
721 4865 902 4912 autem
921 4857 1045 4913 dico
1067 4858 1263 4914 animae
1285 4873 1418 4914 meae
1441 4877 1454 4913 :
1474 4857 1655 4925 Quare
1681 4859 1850 4915 tristis
1872 4860 1966 4915 es?

2173 4856 2236 4910 ιδ.
2287 4854 2426 4925 Ἐγὼ
2467 4855 2523 4909 δέ
2551 4855 2694 4924 λέγω
2741 4859 2808 4927 τῇ
2857 4856 3002 4928 ψυχῇ
3055 4873 3177 4928 μου·
3211 4856 3328 4910 Ἵνα
3354 4856 3408 4910 τι
3437 4858 3655 4931 περίλυ-

2078 4969 2177 5015 πος
2206 4947 2286 5017 ei;

457 5037 548 5095 26.
583 5037 753 5110 Spera
782 5038 836 5095 in
860 5039 1111 5105 Domino,
1143 5040 1401 5110 quoniam
1443 5039 1759 5097 misericors
1780 5051 1884 5097 est.
1910 5051 1964 5096 et

2173 5043 2235 5098 ιδ.
2282 5045 2541 5098 Ἔλπισον
2575 5045 2668 5098 ἐπὶ
2713 5045 2803 5098 τὸν
2865 5045 3100 5116 Κύριον,
3125 5045 3209 5099 ὅτι
3243 5045 3489 5118 ἐλεήμων
3514 5048 3655 5114 ἐστὶ,

389 5131 650 5188 conﬁtere
685 5133 811 5203 ipsi.

2173 5175 2175 5185 .
2209 5135 2600 5208 ὲξομολόγησαι
2635 5137 2710 5207 (4)
2747 5136 2916 5208 αὐτῷ.

458 5223 547 5279 27.
579 5223 740 5282 Salus
761 5227 906 5282 enim
941 5227 1139 5282 animae
1161 5242 1295 5284 mea:
1326 5226 1472 5283 Deus
1502 5242 1659 5284 meus
1683 5239 1786 5284 est.

2173 5229 2239 5282 Π.
2272 5229 2521 5300 Σωτηρία
2554 5229 2662 5301 γὰρ
2689 5233 2789 5302 τῆς
2809 5229 2988 5300 ψυχῆς
3017 5246 3118 5302 μου
3146 5231 3175 5284 ὁ
3197 5227 3330 5294 Θεός
3361 5236 3468 5301 μοῦ
3484 5231 3654 5285 ἐστιν.

1341 5430 1651 5496 Addenda
1681 5439 1742 5495 et
1773 5429 2153 5510 corrigenda
2201 5449 2280 5494 ex
2312 5431 2453 5495 cod.
2491 5432 2694 5494 Vatic.

484 5588 535 5734 εἰ
583 5592 704 5647 Σου.
2142 5597 2218 5667 (5)
2243 5597 2418 5668 Αὐτῷ.

484 5660 510 5715 Ξ
561 5662 670 5717 Kal
709 5665 763 5717 ai
793 5664 1008 5720 ἀπειλαί
1036 5684 1148 5734 σου,
1178 5668 1233 5721 αἱ
1259 5669 1316 5723 ἐν
1338 5670 1536 5732 αυτοῖς.
2137 5668 2211 5722 (4)
2237 5668 2412 5725 Θεὸν.-

453 5660 532 5734 (2)
561 5662 670 5717 Kal
709 5665 763 5717 ai
793 5664 1008 5720 ἀπειλαί
1036 5684 1148 5736 σου,
1178 5668 1233 5721 αἱ
1259 5669 1316 5723 ἐν
1338 5670 1536 5732 αυτοῖς.
2137 5660 2211 5722 Ml
2237 5660 2435 5725 Θεὸν...
2461 5668 2940 5755 ὲξομολογήσομαι.
