  <div class='ocr_page' id='page_1' title='image "/cluster/home/n/w/nwhite01/storage/ocr_20150623/27/mdp.39015007065769/428.png"; bbox 0 0 3978 6204; ppageno 0'>
   <div class='ocr_carea' id='block_1_1' title="bbox 273 279 371 336">
    <p class='ocr_par' dir='ltr' id='par_1_1' title="bbox 273 279 371 336">
     <span class='ocr_line' id='line_1_1' title="bbox 273 279 371 336; baseline -0.02 0"><span class='ocrx_word' id='word_1_1' title='bbox 273 279 371 336; x_wconf 80' lang='grc'><strong>817</strong></span> 
     </span>
    </p>
   </div>
   <div class='ocr_carea' id='block_1_2' title="bbox 600 385 1558 467">
    <p class='ocr_par' dir='ltr' id='par_1_2' title="bbox 600 385 1558 467">
     <span class='ocr_line' id='line_1_2' title="bbox 600 385 1558 467; baseline -0.015 -14"><span class='ocrx_word' id='word_1_2' title='bbox 600 395 847 467; x_wconf 74' lang='grc' dir='ltr'>Ψαλμὸς</span> <span class='ocrx_word' id='word_1_3' title='bbox 872 393 953 460; x_wconf 85' lang='grc' dir='ltr'>τῷ</span> <span class='ocrx_word' id='word_1_4' title='bbox 985 393 1178 446; x_wconf 78' lang='grc' dir='ltr'>Δαϐίδ.</span> <span class='ocrx_word' id='word_1_5' title='bbox 1208 395 1380 446; x_wconf 81' lang='grc' dir='ltr'><strong>ΨΑΛ.</strong></span> <span class='ocrx_word' id='word_1_6' title='bbox 1420 385 1558 442; x_wconf 81' lang='lat' dir='ltr'><strong>MB’.</strong></span> 
     </span>
    </p>
   </div>
   <div class='ocr_carea' id='block_1_3' title="bbox 354 476 1860 562">
    <p class='ocr_par' dir='ltr' id='par_1_3' title="bbox 354 476 1860 562">
     <span class='ocr_line' id='line_1_3' title="bbox 354 476 1860 562; baseline -0.014 -18"><span class='ocrx_word' id='word_1_7' title='bbox 354 491 405 546; x_wconf 84' lang='grc'><strong>1.</strong></span> <span class='ocrx_word' id='word_1_8' title='bbox 434 490 633 562; x_wconf 80' lang='grc' dir='ltr'>Κρῖνόν</span> <span class='ocrx_word' id='word_1_9' title='bbox 664 507 775 562; x_wconf 83' lang='grc' dir='ltr'>μοι,</span> <span class='ocrx_word' id='word_1_10' title='bbox 801 491 829 542; x_wconf 99' lang='lat'><strong>6</strong></span> <span class='ocrx_word' id='word_1_11' title='bbox 865 488 1016 550; x_wconf 87' lang='grc' dir='ltr'>Θεὸς,</span> <span class='ocrx_word' id='word_1_12' title='bbox 1057 485 1152 540; x_wconf 72' lang='grc' dir='ltr'><strong>καὶ</strong></span> <span class='ocrx_word' id='word_1_13' title='bbox 1193 484 1410 538; x_wconf 86' lang='grc' dir='ltr'>δίκασον</span> <span class='ocrx_word' id='word_1_14' title='bbox 1431 480 1528 551; x_wconf 81' lang='grc' dir='ltr'>τὴν</span> <span class='ocrx_word' id='word_1_15' title='bbox 1551 476 1704 546; x_wconf 84' lang='grc' dir='ltr'>δίκην</span> <span class='ocrx_word' id='word_1_16' title='bbox 1760 489 1860 543; x_wconf 83' lang='grc' dir='ltr'><strong>μου</strong></span> 
     </span>
    </p>
   </div>
   <div class='ocr_carea' id='block_1_4' title="bbox 283 581 864 653">
    <p class='ocr_par' dir='ltr' id='par_1_4' title="bbox 283 581 864 653">
     <span class='ocr_line' id='line_1_4' title="bbox 283 581 864 653; baseline -0.005 -16"><span class='ocrx_word' id='word_1_17' title='bbox 283 584 344 649; x_wconf 62' lang='grc' dir='ltr'><strong>ἐξ</strong></span> <span class='ocrx_word' id='word_1_18' title='bbox 369 583 551 646; x_wconf 78' lang='grc' dir='ltr'><strong>ἔθνους</strong></span> <span class='ocrx_word' id='word_1_19' title='bbox 577 583 675 653; x_wconf 90' lang='grc' dir='ltr'><strong>οὐχ</strong></span> <span class='ocrx_word' id='word_1_20' title='bbox 696 581 864 636; x_wconf 84' lang='grc' dir='ltr'>ὁσίου·</span> 
     </span>
    </p>
   </div>
   <div class='ocr_carea' id='block_1_5' title="bbox 353 657 1751 740">
    <p class='ocr_par' dir='ltr' id='par_1_5' title="bbox 353 657 1751 740">
     <span class='ocr_line' id='line_1_5' title="bbox 353 657 1751 740; baseline -0.011 -18"><span class='ocrx_word' id='word_1_21' title='bbox 353 669 411 726; x_wconf 72' lang='lat'><strong>2.</strong></span> <span class='ocrx_word' id='word_1_22' title='bbox 447 667 577 720; x_wconf 84' lang='grc' dir='ltr'>Ἀπὸ</span> <span class='ocrx_word' id='word_1_23' title='bbox 607 666 893 740; x_wconf 83' lang='grc' dir='ltr'>ἀνθρώπου</span> <span class='ocrx_word' id='word_1_24' title='bbox 920 665 1103 718; x_wconf 78' lang='grc' dir='ltr'>ἀδίκου</span> <span class='ocrx_word' id='word_1_25' title='bbox 1135 664 1228 716; x_wconf 78' lang='grc' dir='ltr'><strong>καὶ</strong></span> <span class='ocrx_word' id='word_1_26' title='bbox 1270 660 1444 716; x_wconf 82' lang='grc' dir='ltr'>δολίου</span> <span class='ocrx_word' id='word_1_27' title='bbox 1478 657 1635 730; x_wconf 79' lang='grc' dir='ltr'>ῥῦσαί</span> <span class='ocrx_word' id='word_1_28' title='bbox 1662 663 1751 727; x_wconf 82' lang='grc' dir='ltr'>με·</span> 
     </span>
    </p>
   </div>
   <div class='ocr_carea' id='block_1_6' title="bbox 359 754 1478 827">
    <p class='ocr_par' dir='ltr' id='par_1_6' title="bbox 359 754 1478 827">
     <span class='ocr_line' id='line_1_6' title="bbox 359 754 1478 827; baseline -0.006 -14"><span class='ocrx_word' id='word_1_29' title='bbox 359 759 413 814; x_wconf 58' lang='grc' dir='ltr'><strong>εἴ.</strong></span> <span class='ocrx_word' id='word_1_30' title='bbox 446 761 568 812; x_wconf 74' lang='grc' dir='ltr'>Ὀτι</span> <span class='ocrx_word' id='word_1_31' title='bbox 602 760 665 812; x_wconf 80' lang='grc' dir='ltr'><strong>σὺ</strong></span> <span class='ocrx_word' id='word_1_32' title='bbox 701 755 753 812; x_wconf 74' lang='grc' dir='ltr'>εἷ</span> <span class='ocrx_word' id='word_1_33' title='bbox 778 761 806 812; x_wconf 92' lang='lat'><strong>6</strong></span> <span class='ocrx_word' id='word_1_34' title='bbox 839 757 969 821; x_wconf 86' lang='grc' dir='ltr'>Θεὸς</span> <span class='ocrx_word' id='word_1_35' title='bbox 1001 754 1325 827; x_wconf 85' lang='grc' dir='ltr'>κραταίωμὰ</span> <span class='ocrx_word' id='word_1_36' title='bbox 1353 770 1478 824; x_wconf 85' lang='grc' dir='ltr'>μου.</span> 
     </span>
    </p>
   </div>
   <div class='ocr_carea' id='block_1_7' title="bbox 356 849 1035 918">
    <p class='ocr_par' dir='ltr' id='par_1_7' title="bbox 356 849 1035 918">
     <span class='ocr_line' id='line_1_7' title="bbox 356 849 1035 918; baseline -0.003 -15"><span class='ocrx_word' id='word_1_37' title='bbox 356 868 411 903; x_wconf 70' lang='grc'><strong>4.</strong></span> <span class='ocrx_word' id='word_1_38' title='bbox 449 851 564 904; x_wconf 84' lang='grc' dir='ltr'>Ἵνα</span> <span class='ocrx_word' id='word_1_39' title='bbox 604 850 656 903; x_wconf 90' lang='grc' dir='ltr'><strong>τί</strong></span> <span class='ocrx_word' id='word_1_40' title='bbox 695 849 900 904; x_wconf 84' lang='grc' dir='ltr'>ἀπώσω</span> <span class='ocrx_word' id='word_1_41' title='bbox 933 865 1035 918; x_wconf 91' lang='grc' dir='ltr'>με;</span> 
     </span>
    </p>
   </div>
   <div class='ocr_carea' id='block_1_8' title="bbox 360 932 1864 1013">
    <p class='ocr_par' dir='ltr' id='par_1_8' title="bbox 360 932 1864 1013">
     <span class='ocr_line' id='line_1_8' title="bbox 360 932 1864 1013; baseline -0.006 -15"><span class='ocrx_word' id='word_1_42' title='bbox 360 944 412 998; x_wconf 84' lang='lat'><strong>5.</strong></span> <span class='ocrx_word' id='word_1_43' title='bbox 465 943 576 996; x_wconf 79' lang='lat' dir='ltr'><strong>Kal.</strong></span> <span class='ocrx_word' id='word_1_44' title='bbox 625 944 710 996; x_wconf 77' lang='grc' dir='ltr'>ἵνα</span> <span class='ocrx_word' id='word_1_45' title='bbox 761 943 812 995; x_wconf 86' lang='grc' dir='ltr'><strong>τί</strong></span> <span class='ocrx_word' id='word_1_46' title='bbox 879 939 1287 1013; x_wconf 78' lang='grc' dir='ltr'><strong>σκυθρωπάζων</strong></span> <span class='ocrx_word' id='word_1_47' title='bbox 1346 938 1645 1010; x_wconf 79' lang='grc' dir='ltr'>πορεύομαι</span> <span class='ocrx_word' id='word_1_48' title='bbox 1691 935 1748 990; x_wconf 85' lang='grc' dir='ltr'>ὲν</span> <span class='ocrx_word' id='word_1_49' title='bbox 1788 932 1864 1006; x_wconf 85' lang='grc' dir='ltr'>τῷ</span> 
     </span>
    </p>
   </div>
   <div class='ocr_carea' id='block_1_9' title="bbox 288 1034 931 1106">
    <p class='ocr_par' dir='ltr' id='par_1_9' title="bbox 288 1034 931 1106">
     <span class='ocr_line' id='line_1_9' title="bbox 288 1034 931 1106; baseline -0.003 -18"><span class='ocrx_word' id='word_1_50' title='bbox 288 1036 556 1089; x_wconf 74' lang='grc' dir='ltr'>ἐκθλίϐειν</span> <span class='ocrx_word' id='word_1_51' title='bbox 586 1035 676 1088; x_wconf 87' lang='grc' dir='ltr'><strong>τὸν</strong></span> <span class='ocrx_word' id='word_1_52' title='bbox 705 1034 796 1105; x_wconf 86' lang='grc' dir='ltr'>ὲχθ</span> <span class='ocrx_word' id='word_1_53' title='bbox 806 1035 892 1106; x_wconf 86' lang='grc' dir='ltr'>ρόν</span> <span class='ocrx_word' id='word_1_54' title='bbox 915 1051 931 1099; x_wconf 87' lang='grc'><strong>;</strong></span> 
     </span>
    </p>
   </div>
   <div class='ocr_carea' id='block_1_10' title="bbox 362 1119 1860 1193">
    <p class='ocr_par' dir='ltr' id='par_1_10' title="bbox 362 1119 1860 1193">
     <span class='ocr_line' id='line_1_10' title="bbox 362 1119 1860 1193; baseline -0.007 -12"><span class='ocrx_word' id='word_1_55' title='bbox 362 1128 414 1182; x_wconf 88' lang='grc'><strong>6.</strong></span> <span class='ocrx_word' id='word_1_56' title='bbox 448 1125 856 1190; x_wconf 79' lang='grc' dir='ltr'>Ἐξαπόστειλον</span> <span class='ocrx_word' id='word_1_57' title='bbox 877 1125 937 1178; x_wconf 87' lang='grc' dir='ltr'><strong>τὸ</strong></span> <span class='ocrx_word' id='word_1_58' title='bbox 957 1125 1071 1193; x_wconf 80' lang='grc' dir='ltr'>φῶς</span> <span class='ocrx_word' id='word_1_59' title='bbox 1106 1141 1198 1177; x_wconf 89' lang='grc' dir='ltr'><strong>σου</strong></span> <span class='ocrx_word' id='word_1_60' title='bbox 1227 1123 1321 1177; x_wconf 73' lang='grc' dir='ltr'><strong>καὶ</strong></span> <span class='ocrx_word' id='word_1_61' title='bbox 1350 1120 1446 1192; x_wconf 78' lang='grc' dir='ltr'>τὴν</span> <span class='ocrx_word' id='word_1_62' title='bbox 1474 1119 1727 1192; x_wconf 80' lang='grc' dir='ltr'>ἀλήθειάν</span> <span class='ocrx_word' id='word_1_63' title='bbox 1749 1135 1860 1171; x_wconf 92' lang='grc' dir='ltr'>σου·</span> 
     </span>
    </p>
   </div>
   <div class='ocr_carea' id='block_1_11' title="bbox 361 1213 1868 1289">
    <p class='ocr_par' dir='ltr' id='par_1_11' title="bbox 361 1213 1868 1289">
     <span class='ocr_line' id='line_1_11' title="bbox 361 1213 1868 1289; baseline -0.005 -17"><span class='ocrx_word' id='word_1_64' title='bbox 361 1219 417 1275; x_wconf 84' lang='lat'><strong>7..</strong></span> <span class='ocrx_word' id='word_1_65' title='bbox 458 1217 609 1271; x_wconf 84' lang='grc' dir='ltr'>Αὐτά</span> <span class='ocrx_word' id='word_1_66' title='bbox 666 1235 733 1289; x_wconf 88' lang='grc' dir='ltr'><strong>με</strong></span> <span class='ocrx_word' id='word_1_67' title='bbox 783 1217 1092 1288; x_wconf 83' lang='grc' dir='ltr'>ὼδήγησαν,</span> <span class='ocrx_word' id='word_1_68' title='bbox 1125 1217 1218 1270; x_wconf 76' lang='grc' dir='ltr'>καὶ</span> <span class='ocrx_word' id='word_1_69' title='bbox 1268 1215 1470 1286; x_wconf 78' lang='grc' dir='ltr'>ἤγαγόν</span> <span class='ocrx_word' id='word_1_70' title='bbox 1524 1232 1590 1286; x_wconf 84' lang='grc' dir='ltr'><strong>με</strong></span> <span class='ocrx_word' id='word_1_71' title='bbox 1628 1215 1706 1277; x_wconf 86' lang='grc' dir='ltr'><strong>είς</strong></span> <span class='ocrx_word' id='word_1_72' title='bbox 1744 1213 1868 1284; x_wconf 78' lang='grc' dir='ltr'>ὅρος</span> 
     </span>
    </p>
   </div>
   <div class='ocr_carea' id='block_1_12' title="bbox 292 1311 600 1380">
    <p class='ocr_par' dir='ltr' id='par_1_12' title="bbox 292 1311 600 1380">
     <span class='ocr_line' id='line_1_12' title="bbox 292 1311 600 1380; baseline -0.01 -14"><span class='ocrx_word' id='word_1_73' title='bbox 292 1311 447 1380; x_wconf 83' lang='grc' dir='ltr'>ᾶγιόν</span> <span class='ocrx_word' id='word_1_74' title='bbox 483 1327 600 1375; x_wconf 80' lang='grc' dir='ltr'>σου,</span> 
     </span>
    </p>
   </div>
   <div class='ocr_carea' id='block_1_13' title="bbox 363 1400 1255 1473">
    <p class='ocr_par' dir='ltr' id='par_1_13' title="bbox 363 1400 1255 1473">
     <span class='ocr_line' id='line_1_13' title="bbox 363 1400 1255 1473; baseline -0.002 -15"><span class='ocrx_word' id='word_1_75' title='bbox 363 1403 417 1458; x_wconf 69' lang='grc' dir='ltr'><strong>8λ</strong></span> <span class='ocrx_word' id='word_1_76' title='bbox 450 1403 560 1456; x_wconf 74' lang='grc' dir='ltr'>Καὶ</span> <span class='ocrx_word' id='word_1_77' title='bbox 585 1403 665 1466; x_wconf 84' lang='grc' dir='ltr'><strong>είς</strong></span> <span class='ocrx_word' id='word_1_78' title='bbox 684 1401 752 1456; x_wconf 81' lang='grc' dir='ltr'>τὰ</span> <span class='ocrx_word' id='word_1_79' title='bbox 784 1400 1118 1473; x_wconf 84' lang='grc' dir='ltr'>σκηνώματά</span> <span class='ocrx_word' id='word_1_80' title='bbox 1142 1419 1255 1456; x_wconf 90' lang='grc' dir='ltr'>σου.</span> 
     </span>
    </p>
   </div>
   <div class='ocr_carea' id='block_1_14' title="bbox 363 1488 1866 1566">
    <p class='ocr_par' dir='ltr' id='par_1_14' title="bbox 363 1488 1866 1566">
     <span class='ocr_line' id='line_1_14' title="bbox 363 1488 1866 1566; baseline -0.005 -17"><span class='ocrx_word' id='word_1_81' title='bbox 363 1495 415 1550; x_wconf 83' lang='grc'><strong>9.</strong></span> <span class='ocrx_word' id='word_1_82' title='bbox 435 1495 544 1548; x_wconf 77' lang='grc' dir='ltr'>Καὶ</span> <span class='ocrx_word' id='word_1_83' title='bbox 569 1495 945 1565; x_wconf 80' lang='grc' dir='ltr'>εἰσελεύσομαι</span> <span class='ocrx_word' id='word_1_84' title='bbox 974 1494 1108 1566; x_wconf 86' lang='grc' dir='ltr'>πρὸς</span> <span class='ocrx_word' id='word_1_85' title='bbox 1121 1494 1181 1546; x_wconf 87' lang='grc' dir='ltr'><strong>τὸ</strong></span> <span class='ocrx_word' id='word_1_86' title='bbox 1205 1493 1581 1564; x_wconf 83' lang='grc' dir='ltr'>θυσιαστήριον</span> <span class='ocrx_word' id='word_1_87' title='bbox 1605 1490 1696 1545; x_wconf 88' lang='grc' dir='ltr'><strong>τοῦ</strong></span> <span class='ocrx_word' id='word_1_88' title='bbox 1711 1488 1866 1554; x_wconf 90' lang='grc' dir='ltr'>Θεοῦ,</span> 
     </span>
    </p>
   </div>
   <div class='ocr_carea' id='block_1_15' title="bbox 299 1585 1831 1669">
    <p class='ocr_par' dir='ltr' id='par_1_15' title="bbox 299 1585 1831 1669">
     <span class='ocr_line' id='line_1_15' title="bbox 299 1585 1831 1669; baseline -0.003 -29"><span class='ocrx_word' id='word_1_89' title='bbox 299 1665 313 1669; x_wconf 29' lang='grc' dir='ltr'>η</span> <span class='ocrx_word' id='word_1_90' title='bbox 362 1588 448 1642; x_wconf 99' lang='grc'><strong>10.</strong></span> <span class='ocrx_word' id='word_1_91' title='bbox 490 1587 636 1657; x_wconf 86' lang='grc' dir='ltr'>Πρὸς</span> <span class='ocrx_word' id='word_1_92' title='bbox 655 1587 744 1640; x_wconf 88' lang='grc' dir='ltr'><strong>τὸν</strong></span> <span class='ocrx_word' id='word_1_93' title='bbox 767 1587 898 1640; x_wconf 82' lang='grc' dir='ltr'>Θεὸν</span> <span class='ocrx_word' id='word_1_94' title='bbox 927 1586 1283 1658; x_wconf 83' lang='grc' dir='ltr'>εὐφραίνοντα</span> <span class='ocrx_word' id='word_1_95' title='bbox 1324 1586 1425 1656; x_wconf 82' lang='grc' dir='ltr'>τὴν</span> <span class='ocrx_word' id='word_1_96' title='bbox 1454 1585 1677 1654; x_wconf 83' lang='grc' dir='ltr'>νεότητά</span> <span class='ocrx_word' id='word_1_97' title='bbox 1714 1601 1831 1654; x_wconf 88' lang='grc' dir='ltr'>μου·</span> 
     </span>
    </p>
   </div>
   <div class='ocr_carea' id='block_1_16' title="bbox 363 1678 1873 1751">
    <p class='ocr_par' dir='ltr' id='par_1_16' title="bbox 363 1678 1873 1751">
     <span class='ocr_line' id='line_1_16' title="bbox 363 1678 1873 1751; baseline -0.003 -18"><span class='ocrx_word' id='word_1_98' title='bbox 363 1679 449 1733; x_wconf 75' lang='grc'><strong>11.</strong></span> <span class='ocrx_word' id='word_1_99' title='bbox 518 1679 1010 1751; x_wconf 82' lang='grc' dir='ltr'>Ἐξομολογήσομαί</span> <span class='ocrx_word' id='word_1_100' title='bbox 1064 1696 1146 1732; x_wconf 90' lang='grc' dir='ltr'><strong>σοι</strong></span> <span class='ocrx_word' id='word_1_101' title='bbox 1203 1680 1263 1732; x_wconf 83' lang='grc' dir='ltr'>ὲν</span> <span class='ocrx_word' id='word_1_102' title='bbox 1321 1679 1541 1749; x_wconf 67' lang='grc' dir='ltr'>κιθάρᾳ,</span> <span class='ocrx_word' id='word_1_103' title='bbox 1575 1679 1603 1730; x_wconf 94' lang='lat'><strong>6</strong></span> <span class='ocrx_word' id='word_1_104' title='bbox 1663 1678 1873 1744; x_wconf 84' lang='grc' dir='ltr'>Θεὸς,ὁ</span> 
     </span>
    </p>
   </div>
   <div class='ocr_carea' id='block_1_17' title="bbox 293 1770 582 1842">
    <p class='ocr_par' dir='ltr' id='par_1_17' title="bbox 293 1770 582 1842">
     <span class='ocr_line' id='line_1_17' title="bbox 293 1770 582 1842; baseline 0.003 -19"><span class='ocrx_word' id='word_1_105' title='bbox 293 1770 427 1833; x_wconf 79' lang='grc' dir='ltr'>Θεὸς</span> <span class='ocrx_word' id='word_1_106' title='bbox 460 1788 582 1842; x_wconf 90' lang='grc' dir='ltr'>μου.</span> 
     </span>
    </p>
   </div>
   <div class='ocr_carea' id='block_1_18' title="bbox 369 1860 1874 1935">
    <p class='ocr_par' dir='ltr' id='par_1_18' title="bbox 369 1860 1874 1935">
     <span class='ocr_line' id='line_1_18' title="bbox 369 1860 1874 1935; baseline -0.002 -19"><span class='ocrx_word' id='word_1_107' title='bbox 369 1862 456 1918; x_wconf 75' lang='grc'><strong>12.</strong></span> <span class='ocrx_word' id='word_1_108' title='bbox 485 1865 600 1917; x_wconf 81' lang='grc' dir='ltr'>Ἵνα</span> <span class='ocrx_word' id='word_1_109' title='bbox 632 1865 685 1917; x_wconf 89' lang='grc' dir='ltr'><strong>τί</strong></span> <span class='ocrx_word' id='word_1_110' title='bbox 731 1864 1026 1935; x_wconf 88' lang='grc' dir='ltr'>περίλυπος</span> <span class='ocrx_word' id='word_1_111' title='bbox 1053 1860 1124 1930; x_wconf 81' lang='grc' dir='ltr'><strong>εἴ,</strong></span> <span class='ocrx_word' id='word_1_112' title='bbox 1160 1864 1193 1934; x_wconf 75' lang='grc' dir='ltr'>ἡ</span> <span class='ocrx_word' id='word_1_113' title='bbox 1224 1863 1366 1934; x_wconf 79' lang='grc' dir='ltr'>ψυχή</span> <span class='ocrx_word' id='word_1_114' title='bbox 1402 1880 1537 1933; x_wconf 87' lang='grc' dir='ltr'>μου;</span> <span class='ocrx_word' id='word_1_115' title='bbox 1574 1862 1665 1915; x_wconf 75' lang='grc' dir='ltr'><strong>καὶ</strong></span> <span class='ocrx_word' id='word_1_116' title='bbox 1690 1861 1775 1914; x_wconf 78' lang='grc' dir='ltr'>ἵνα</span> <span class='ocrx_word' id='word_1_117' title='bbox 1821 1860 1874 1914; x_wconf 88' lang='grc' dir='ltr'><strong>τί</strong></span> 
     </span>
    </p>
   </div>
   <div class='ocr_carea' id='block_1_19' title="bbox 299 1954 816 2027">
    <p class='ocr_par' dir='ltr' id='par_1_19' title="bbox 299 1954 816 2027">
     <span class='ocr_line' id='line_1_19' title="bbox 299 1954 816 2027; baseline 0.002 -19"><span class='ocrx_word' id='word_1_118' title='bbox 299 1954 690 2025; x_wconf 81' lang='grc' dir='ltr'>συνταράσσεις</span> <span class='ocrx_word' id='word_1_119' title='bbox 717 1973 784 2027; x_wconf 92' lang='grc' dir='ltr'><strong>με</strong></span> <span class='ocrx_word' id='word_1_120' title='bbox 802 1973 816 2022; x_wconf 86' lang='grc'><strong>;</strong></span> 
     </span>
    </p>
   </div>
   <div class='ocr_carea' id='block_1_20' title="bbox 365 2047 1867 2121">
    <p class='ocr_par' dir='ltr' id='par_1_20' title="bbox 365 2047 1867 2121">
     <span class='ocr_line' id='line_1_20' title="bbox 365 2047 1867 2121; baseline 0 -21"><span class='ocrx_word' id='word_1_121' title='bbox 365 2049 449 2103; x_wconf 80' lang='grc'><strong>15.</strong></span> <span class='ocrx_word' id='word_1_122' title='bbox 468 2049 726 2103; x_wconf 83' lang='grc' dir='ltr'>Ἐλπισον</span> <span class='ocrx_word' id='word_1_123' title='bbox 746 2049 839 2102; x_wconf 74' lang='grc' dir='ltr'>ἐπὶ</span> <span class='ocrx_word' id='word_1_124' title='bbox 858 2049 947 2104; x_wconf 86' lang='grc' dir='ltr'><strong>τὸν</strong></span> <span class='ocrx_word' id='word_1_125' title='bbox 957 2048 1106 2115; x_wconf 85' lang='grc' dir='ltr'>Θεὸν,</span> <span class='ocrx_word' id='word_1_126' title='bbox 1123 2049 1204 2102; x_wconf 79' lang='grc' dir='ltr'>ὅτι</span> <span class='ocrx_word' id='word_1_127' title='bbox 1217 2047 1679 2121; x_wconf 83' lang='grc' dir='ltr'>ὲξομολογήσομαι</span> <span class='ocrx_word' id='word_1_128' title='bbox 1692 2047 1837 2119; x_wconf 84' lang='grc' dir='ltr'>αὐτῷ</span> <span class='ocrx_word' id='word_1_129' title='bbox 1855 2067 1867 2077; x_wconf 87' lang='grc'><strong>·</strong></span> 
     </span>
    </p>
   </div>
   <div class='ocr_carea' id='block_1_21' title="bbox 1168 249 2605 323">
    <p class='ocr_par' dir='ltr' id='par_1_21' title="bbox 1168 249 2605 323">
     <span class='ocr_line' id='line_1_21' title="bbox 1168 249 2605 323; baseline -0.013 0"><span class='ocrx_word' id='word_1_130' title='bbox 1168 270 1254 323; x_wconf 78' lang='lat' dir='ltr'><strong>DE</strong></span> <span class='ocrx_word' id='word_1_131' title='bbox 1289 264 1570 322; x_wconf 76' lang='lat' dir='ltr'><strong>TlTULlS</strong></span> <span class='ocrx_word' id='word_1_132' title='bbox 1608 256 2062 317; x_wconf 57' lang='lat' dir='ltr'><strong>I‘SAIAIORUM.</strong></span> <span class='ocrx_word' id='word_1_133' title='bbox 2103 286 2172 296; x_wconf 90' lang='lat'><strong><em>—</em></strong></span> <span class='ocrx_word' id='word_1_134' title='bbox 2208 253 2402 310; x_wconf 82' lang='lat' dir='ltr'><strong>PSAL.</strong></span> <span class='ocrx_word' id='word_1_135' title='bbox 2447 249 2605 306; x_wconf 70' lang='lat' dir='ltr'><strong>XLII.</strong></span> 
     </span>
    </p>
   </div>
   <div class='ocr_carea' id='block_1_22' title="bbox 1891 384 1932 438">
    <p class='ocr_par' dir='ltr' id='par_1_22' title="bbox 1891 384 1932 438">
     <span class='ocr_line' id='line_1_22' title="bbox 1891 384 1932 438; baseline 0 0"><span class='ocrx_word' id='word_1_136' title='bbox 1891 384 1932 438; x_wconf 85' lang='lat' dir='ltr'><strong>A</strong></span> 
     </span>
    </p>
   </div>
   <div class='ocr_carea' id='block_1_23' title="bbox 3425 242 3530 300">
    <p class='ocr_par' dir='ltr' id='par_1_23' title="bbox 3425 242 3530 300">
     <span class='ocr_line' id='line_1_23' title="bbox 3425 242 3530 300; baseline 0.029 -3"><span class='ocrx_word' id='word_1_137' title='bbox 3425 242 3530 300; x_wconf 66' lang='lat'><strong>818</strong></span> 
     </span>
    </p>
   </div>
   <div class='ocr_carea' id='block_1_24' title="bbox 2296 385 3221 450">
    <p class='ocr_par' dir='ltr' id='par_1_24' title="bbox 2296 385 3221 450">
     <span class='ocr_line' id='line_1_24' title="bbox 2296 385 3221 450; baseline -0.01 0"><span class='ocrx_word' id='word_1_138' title='bbox 2296 396 2545 450; x_wconf 68' lang='lat' dir='ltr'><strong>Psatmus</strong></span> <span class='ocrx_word' id='word_1_139' title='bbox 2577 391 2769 447; x_wconf 82' lang='lat' dir='ltr'><strong>David.</strong></span> <span class='ocrx_word' id='word_1_140' title='bbox 2808 388 3005 446; x_wconf 82' lang='lat' dir='ltr'><strong>PSAL.</strong></span> <span class='ocrx_word' id='word_1_141' title='bbox 3037 385 3221 443; x_wconf 83' lang='lat' dir='ltr'><strong>XLII.</strong></span> 
     </span>
    </p>
   </div>
   <div class='ocr_carea' id='block_1_25' title="bbox 2041 484 3530 553">
    <p class='ocr_par' dir='ltr' id='par_1_25' title="bbox 2041 484 3530 553">
     <span class='ocr_line' id='line_1_25' title="bbox 2041 484 3530 553; baseline -0.011 -8"><span class='ocrx_word' id='word_1_142' title='bbox 2041 492 2092 545; x_wconf 98' lang='grc'><strong>1.</strong></span> <span class='ocrx_word' id='word_1_143' title='bbox 2133 489 2325 545; x_wconf 85' lang='lat' dir='ltr'><strong>Judica</strong></span> <span class='ocrx_word' id='word_1_144' title='bbox 2353 503 2460 553; x_wconf 89' lang='lat' dir='ltr'><strong>me,</strong></span> <span class='ocrx_word' id='word_1_145' title='bbox 2500 487 2663 550; x_wconf 85' lang='lat' dir='ltr'><strong>Deus,</strong></span> <span class='ocrx_word' id='word_1_146' title='bbox 2709 495 2767 540; x_wconf 86' lang='lat' dir='ltr'><strong>ct—</strong></span> <span class='ocrx_word' id='word_1_147' title='bbox 2801 484 3049 540; x_wconf 87' lang='lat' dir='ltr'><strong>discerne</strong></span> <span class='ocrx_word' id='word_1_148' title='bbox 3089 493 3311 537; x_wconf 85' lang='lat' dir='ltr'><strong>causam</strong></span> <span class='ocrx_word' id='word_1_149' title='bbox 3356 489 3530 530; x_wconf 78' lang='lat' dir='ltr'><strong>meam</strong></span> 
     </span>
    </p>
   </div>
   <div class='ocr_carea' id='block_1_26' title="bbox 1965 581 2594 650">
    <p class='ocr_par' dir='ltr' id='par_1_26' title="bbox 1965 581 2594 650">
     <span class='ocr_line' id='line_1_26' title="bbox 1965 581 2594 650; baseline -0.008 -15"><span class='ocrx_word' id='word_1_150' title='bbox 1965 581 2030 636; x_wconf 89' lang='lat' dir='ltr'><strong>de</strong></span> <span class='ocrx_word' id='word_1_151' title='bbox 2054 589 2211 650; x_wconf 80' lang='lat' dir='ltr'><strong>gente</strong></span> <span class='ocrx_word' id='word_1_152' title='bbox 2233 593 2340 633; x_wconf 90' lang='lat' dir='ltr'><strong>non</strong></span> <span class='ocrx_word' id='word_1_153' title='bbox 2367 585 2553 633; x_wconf 86' lang='lat' dir='ltr'><strong>sancta</strong></span> <span class='ocrx_word' id='word_1_154' title='bbox 2578 592 2594 630; x_wconf 88' lang='lat'>:</span> 
     </span>
    </p>
   </div>
   <div class='ocr_carea' id='block_1_27' title="bbox 2037 664 3280 737">
    <p class='ocr_par' dir='ltr' id='par_1_27' title="bbox 2037 664 3280 737">
     <span class='ocr_line' id='line_1_27' title="bbox 2037 664 3280 737; baseline -0.005 -13"><span class='ocrx_word' id='word_1_155' title='bbox 2037 670 2090 724; x_wconf 76' lang='grc'><strong>2.</strong></span> <span class='ocrx_word' id='word_1_156' title='bbox 2124 670 2206 724; x_wconf 85' lang='lat' dir='ltr'><strong>Ab</strong></span> <span class='ocrx_word' id='word_1_157' title='bbox 2235 669 2456 724; x_wconf 86' lang='lat' dir='ltr'><strong>homine</strong></span> <span class='ocrx_word' id='word_1_158' title='bbox 2477 667 2664 737; x_wconf 87' lang='lat' dir='ltr'><strong>iniquo</strong></span> <span class='ocrx_word' id='word_1_159' title='bbox 2685 674 2739 721; x_wconf 89' lang='lat' dir='ltr'><strong>et</strong></span> <span class='ocrx_word' id='word_1_160' title='bbox 2766 664 2958 720; x_wconf 86' lang='lat' dir='ltr'><strong>doloso</strong></span> <span class='ocrx_word' id='word_1_161' title='bbox 2977 677 3106 719; x_wconf 86' lang='lat' dir='ltr'><strong>erue</strong></span> <span class='ocrx_word' id='word_1_162' title='bbox 3140 676 3226 716; x_wconf 92' lang='lat' dir='ltr'><strong>me</strong></span> <span class='ocrx_word' id='word_1_163' title='bbox 3259 684 3280 718; x_wconf 89' lang='lat'><strong>:-</strong></span> 
     </span>
    </p>
   </div>
   <div class='ocr_carea' id='block_1_28' title="bbox 2039 757 3085 828">
    <p class='ocr_par' dir='ltr' id='par_1_28' title="bbox 2039 757 3085 828">
     <span class='ocr_line' id='line_1_28' title="bbox 2039 757 3085 828; baseline -0.008 -11"><span class='ocrx_word' id='word_1_164' title='bbox 2039 763 2097 818; x_wconf 77' lang='lat'><strong>5.</strong></span> <span class='ocrx_word' id='word_1_165' title='bbox 2143 763 2282 828; x_wconf 85' lang='lat' dir='ltr'><strong>Quia</strong></span> <span class='ocrx_word' id='word_1_166' title='bbox 2319 771 2375 816; x_wconf 91' lang='lat' dir='ltr'><strong>tu</strong></span> <span class='ocrx_word' id='word_1_167' title='bbox 2401 775 2462 816; x_wconf 92' lang='lat' dir='ltr'><strong>es</strong></span> <span class='ocrx_word' id='word_1_168' title='bbox 2486 759 2630 815; x_wconf 90' lang='lat' dir='ltr'><strong>Deus</strong></span> <span class='ocrx_word' id='word_1_169' title='bbox 2653 757 2917 812; x_wconf 76' lang='lat' dir='ltr'><strong>fortitudo</strong></span> <span class='ocrx_word' id='word_1_170' title='bbox 2945 769 3085 810; x_wconf 81' lang='lat' dir='ltr'><strong>mea.</strong></span> 
     </span>
    </p>
   </div>
   <div class='ocr_carea' id='block_1_29' title="bbox 2040 851 2726 922">
    <p class='ocr_par' dir='ltr' id='par_1_29' title="bbox 2040 851 2726 922">
     <span class='ocr_line' id='line_1_29' title="bbox 2040 851 2726 922; baseline -0.012 -11"><span class='ocrx_word' id='word_1_171' title='bbox 2040 856 2092 911; x_wconf 73' lang='grc'><strong>4.</strong></span> <span class='ocrx_word' id='word_1_172' title='bbox 2126 855 2305 922; x_wconf 88' lang='lat' dir='ltr'><strong>Quare</strong></span> <span class='ocrx_word' id='word_1_173' title='bbox 2335 869 2420 909; x_wconf 90' lang='lat' dir='ltr'><strong>me</strong></span> <span class='ocrx_word' id='word_1_174' title='bbox 2443 851 2726 922; x_wconf 88' lang='lat' dir='ltr'><strong>repulisti?</strong></span> 
     </span>
    </p>
   </div>
   <div class='ocr_carea' id='block_1_30' title="bbox 2046 930 3540 1022">
    <p class='ocr_par' dir='ltr' id='par_1_30' title="bbox 2046 930 3540 1022">
     <span class='ocr_line' id='line_1_30' title="bbox 2046 930 3540 1022; baseline -0.012 -17"><span class='ocrx_word' id='word_1_175' title='bbox 2046 953 2098 1008; x_wconf 84' lang='lat'><strong>5.</strong></span> <span class='ocrx_word' id='word_1_176' title='bbox 2139 951 2204 1008; x_wconf 90' lang='lat' dir='ltr'><strong>Et</strong></span> <span class='ocrx_word' id='word_1_177' title='bbox 2238 965 2408 1022; x_wconf 88' lang='lat' dir='ltr'><strong>quare</strong></span> <span class='ocrx_word' id='word_1_178' title='bbox 2441 948 2616 1004; x_wconf 75' lang='lat' dir='ltr'><strong>tristis</strong></span> <span class='ocrx_word' id='word_1_179' title='bbox 2642 946 2834 1002; x_wconf 90' lang='lat' dir='ltr'><strong>incedo</strong></span> <span class='ocrx_word' id='word_1_180' title='bbox 2860 944 2989 999; x_wconf 89' lang='lat' dir='ltr'><strong>dum</strong></span> <span class='ocrx_word' id='word_1_181' title='bbox 3017 938 3203 1011; x_wconf 79' lang='lat' dir='ltr'><strong>afﬂigit</strong></span> <span class='ocrx_word' id='word_1_182' title='bbox 3242 953 3328 992; x_wconf 92' lang='lat' dir='ltr'><strong>me</strong></span> <span class='ocrx_word' id='word_1_183' title='bbox 3356 930 3540 990; x_wconf 83' lang='lat' dir='ltr'><strong>inimi-</strong></span> 
     </span>
    </p>
   </div>
   <div class='ocr_carea' id='block_1_31' title="bbox 1971 1044 2110 1102">
    <p class='ocr_par' dir='ltr' id='par_1_31' title="bbox 1971 1044 2110 1102">
     <span class='ocr_line' id='line_1_31' title="bbox 1971 1044 2110 1102; baseline -0.036 0"><span class='ocrx_word' id='word_1_184' title='bbox 1971 1044 2110 1102; x_wconf 87' lang='lat' dir='ltr'><strong>cus?</strong></span> 
     </span>
    </p>
   </div>
   <div class='ocr_carea' id='block_1_32' title="bbox 2039 1126 3310 1190">
    <p class='ocr_par' dir='ltr' id='par_1_32' title="bbox 2039 1126 3310 1190">
     <span class='ocr_line' id='line_1_32' title="bbox 2039 1126 3310 1190; baseline -0.013 0"><span class='ocrx_word' id='word_1_185' title='bbox 2039 1136 2090 1190; x_wconf 87' lang='lat'><em>6.</em></span> <span class='ocrx_word' id='word_1_186' title='bbox 2126 1135 2324 1190; x_wconf 85' lang='lat' dir='ltr'><strong>Emitte</strong></span> <span class='ocrx_word' id='word_1_187' title='bbox 2348 1135 2525 1188; x_wconf 89' lang='lat' dir='ltr'><strong>lucem</strong></span> <span class='ocrx_word' id='word_1_188' title='bbox 2547 1139 2696 1186; x_wconf 84' lang='lat' dir='ltr'><strong>tuam</strong></span> <span class='ocrx_word' id='word_1_189' title='bbox 2725 1139 2779 1184; x_wconf 90' lang='lat' dir='ltr'><strong>et</strong></span> <span class='ocrx_word' id='word_1_190' title='bbox 2802 1126 3080 1182; x_wconf 81' lang='lat' dir='ltr'><strong>veritatem</strong></span> <span class='ocrx_word' id='word_1_191' title='bbox 3119 1131 3266 1177; x_wconf 89' lang='lat' dir='ltr'><strong>tuam</strong></span> <span class='ocrx_word' id='word_1_192' title='bbox 3297 1139 3310 1173; x_wconf 90' lang='lat'><strong>:</strong></span> 
     </span>
    </p>
   </div>
   <div class='ocr_carea' id='block_1_33' title="bbox 2047 1208 3536 1296">
    <p class='ocr_par' dir='ltr' id='par_1_33' title="bbox 2047 1208 3536 1296">
     <span class='ocr_line' id='line_1_33' title="bbox 2047 1208 3536 1296; baseline -0.013 -17"><span class='ocrx_word' id='word_1_193' title='bbox 2047 1227 2098 1281; x_wconf 88' lang='lat'><strong>7.</strong></span> <span class='ocrx_word' id='word_1_194' title='bbox 2133 1225 2248 1296; x_wconf 85' lang='lat' dir='ltr'><strong>Ipsa</strong></span> <span class='ocrx_word' id='word_1_195' title='bbox 2285 1241 2371 1280; x_wconf 91' lang='lat' dir='ltr'><strong>me</strong></span> <span class='ocrx_word' id='word_1_196' title='bbox 2406 1224 2788 1284; x_wconf 73' lang='lat' dir='ltr'><strong>deduxerunt,</strong></span> <span class='ocrx_word' id='word_1_197' title='bbox 2833 1227 2887 1273; x_wconf 88' lang='lat' dir='ltr'><strong>et</strong></span> <span class='ocrx_word' id='word_1_198' title='bbox 2921 1213 3265 1271; x_wconf 77' lang='lat' dir='ltr'><strong>adduxerunt</strong></span> <span class='ocrx_word' id='word_1_199' title='bbox 3290 1208 3346 1263; x_wconf 92' lang='lat' dir='ltr'><strong>in</strong></span> <span class='ocrx_word' id='word_1_200' title='bbox 3376 1219 3536 1262; x_wconf 84' lang='lat' dir='ltr'><strong>mon-</strong></span> 
     </span>
    </p>
   </div>
   <div class='ocr_carea' id='block_1_34' title="bbox 1973 1327 2571 1378">
    <p class='ocr_par' dir='ltr' id='par_1_34' title="bbox 1973 1327 2571 1378">
     <span class='ocr_line' id='line_1_34' title="bbox 1973 1327 2571 1378; baseline -0.01 -4"><span class='ocrx_word' id='word_1_201' title='bbox 1973 1329 2081 1374; x_wconf 86' lang='lat' dir='ltr'><strong>tem</strong></span> <span class='ocrx_word' id='word_1_202' title='bbox 2106 1328 2352 1374; x_wconf 87' lang='lat' dir='ltr'><strong>sanctum</strong></span> <span class='ocrx_word' id='word_1_203' title='bbox 2385 1327 2535 1370; x_wconf 92' lang='lat' dir='ltr'><strong>tuum</strong></span> <span class='ocrx_word' id='word_1_204' title='bbox 2557 1354 2571 1378; x_wconf 97' lang='lat'><strong>,</strong></span> 
     </span>
    </p>
   </div>
   <div class='ocr_carea' id='block_1_35' title="bbox 2045 1405 2786 1466">
    <p class='ocr_par' dir='ltr' id='par_1_35' title="bbox 2045 1405 2786 1466">
     <span class='ocr_line' id='line_1_35' title="bbox 2045 1405 2786 1466; baseline -0.012 -1"><span class='ocrx_word' id='word_1_205' title='bbox 2045 1412 2098 1466; x_wconf 92' lang='lat'><strong>8.</strong></span> <span class='ocrx_word' id='word_1_206' title='bbox 2133 1411 2197 1464; x_wconf 87' lang='lat' dir='ltr'><strong>Et</strong></span> <span class='ocrx_word' id='word_1_207' title='bbox 2220 1411 2274 1464; x_wconf 94' lang='lat' dir='ltr'><strong>in</strong></span> <span class='ocrx_word' id='word_1_208' title='bbox 2299 1405 2646 1464; x_wconf 84' lang='lat' dir='ltr'><strong>tabernacula</strong></span> <span class='ocrx_word' id='word_1_209' title='bbox 2674 1412 2786 1458; x_wconf 88' lang='lat' dir='ltr'><strong>tua.</strong></span> 
     </span>
    </p>
   </div>
   <div class='ocr_carea' id='block_1_36' title="bbox 2045 1491 2924 1558">
    <p class='ocr_par' dir='ltr' id='par_1_36' title="bbox 2045 1491 2924 1558">
     <span class='ocr_line' id='line_1_36' title="bbox 2045 1491 2924 1558; baseline -0.015 -1"><span class='ocrx_word' id='word_1_210' title='bbox 2045 1502 2098 1558; x_wconf 88' lang='lat'><strong>9.</strong></span> <span class='ocrx_word' id='word_1_211' title='bbox 2138 1501 2202 1557; x_wconf 87' lang='lat' dir='ltr'><strong>Et</strong></span> <span class='ocrx_word' id='word_1_212' title='bbox 2232 1500 2468 1556; x_wconf 91' lang='lat' dir='ltr'><strong>introibo</strong></span> <span class='ocrx_word' id='word_1_213' title='bbox 2501 1498 2568 1552; x_wconf 89' lang='lat' dir='ltr'><strong>ad</strong></span> <span class='ocrx_word' id='word_1_214' title='bbox 2591 1496 2762 1550; x_wconf 88' lang='lat' dir='ltr'><strong>altare</strong></span> <span class='ocrx_word' id='word_1_215' title='bbox 2797 1491 2924 1558; x_wconf 91' lang='lat' dir='ltr'><strong>Dei;</strong></span> 
     </span>
    </p>
   </div>
   <div class='ocr_carea' id='block_1_37' title="bbox 2043 1582 3540 1662">
    <p class='ocr_par' dir='ltr' id='par_1_37' title="bbox 2043 1582 3540 1662">
     <span class='ocr_line' id='line_1_37' title="bbox 2043 1582 3540 1662; baseline -0.012 -14"><span class='ocrx_word' id='word_1_216' title='bbox 2043 1597 2127 1648; x_wconf 85' lang='grc'><strong>10.</strong></span> <span class='ocrx_word' id='word_1_217' title='bbox 2158 1596 2238 1651; x_wconf 78' lang='lat' dir='ltr'><strong>Ad</strong></span> <span class='ocrx_word' id='word_1_218' title='bbox 2285 1593 2491 1659; x_wconf 89' lang='lat' dir='ltr'><strong>Deum,</strong></span> <span class='ocrx_word' id='word_1_219' title='bbox 2537 1589 2632 1662; x_wconf 87' lang='lat' dir='ltr'><strong>qui</strong></span> <span class='ocrx_word' id='word_1_220' title='bbox 2676 1586 2913 1643; x_wconf 68' lang='lat' dir='ltr'><strong>lmtiticat</strong></span> <span class='ocrx_word' id='word_1_221' title='bbox 2942 1582 3279 1653; x_wconf 74' lang='lat' dir='ltr'><strong>iuventutem</strong></span> <span class='ocrx_word' id='word_1_222' title='bbox 3321 1589 3540 1632; x_wconf 83' lang='lat' dir='ltr'><strong>meam:</strong></span> 
     </span>
    </p>
   </div>
   <div class='ocr_carea' id='block_1_38' title="bbox 2045 1672 3472 1744">
    <p class='ocr_par' dir='ltr' id='par_1_38' title="bbox 2045 1672 3472 1744">
     <span class='ocr_line' id='line_1_38' title="bbox 2045 1672 3472 1744; baseline -0.014 -2"><span class='ocrx_word' id='word_1_223' title='bbox 2045 1689 2130 1742; x_wconf 90' lang='grc'><strong>11.</strong></span> <span class='ocrx_word' id='word_1_224' title='bbox 2162 1686 2474 1743; x_wconf 84' lang='lat' dir='ltr'><strong>Conﬁtebor</strong></span> <span class='ocrx_word' id='word_1_225' title='bbox 2499 1682 2598 1738; x_wconf 90' lang='lat' dir='ltr'><strong>tibi</strong></span> <span class='ocrx_word' id='word_1_226' title='bbox 2621 1682 2676 1736; x_wconf 92' lang='lat' dir='ltr'><strong>in</strong></span> <span class='ocrx_word' id='word_1_227' title='bbox 2705 1680 2935 1744; x_wconf 83' lang='lat' dir='ltr'><strong>cithara,</strong></span> <span class='ocrx_word' id='word_1_228' title='bbox 2958 1674 3124 1741; x_wconf 81' lang='lat' dir='ltr'><strong>Deus,</strong></span> <span class='ocrx_word' id='word_1_229' title='bbox 3142 1672 3281 1728; x_wconf 89' lang='lat' dir='ltr'><strong>Deus</strong></span> <span class='ocrx_word' id='word_1_230' title='bbox 3301 1684 3472 1725; x_wconf 90' lang='lat' dir='ltr'><strong>meus.</strong></span> 
     </span>
    </p>
   </div>
   <div class='ocr_carea' id='block_1_39' title="bbox 2048 1855 3544 1932">
    <p class='ocr_par' dir='ltr' id='par_1_39' title="bbox 2048 1855 3544 1932">
     <span class='ocr_line' id='line_1_39' title="bbox 2048 1855 3544 1932; baseline -0.02 -7"><span class='ocrx_word' id='word_1_231' title='bbox 2048 1867 2131 1920; x_wconf 73' lang='grc'><strong>12.</strong></span> <span class='ocrx_word' id='word_1_232' title='bbox 2166 1865 2345 1932; x_wconf 83' lang='lat' dir='ltr'><strong>Quare</strong></span> <span class='ocrx_word' id='word_1_233' title='bbox 2379 1865 2552 1919; x_wconf 87' lang='lat' dir='ltr'><strong>tristis</strong></span> <span class='ocrx_word' id='word_1_234' title='bbox 2590 1877 2680 1930; x_wconf 90' lang='lat' dir='ltr'><strong>es,</strong></span> <span class='ocrx_word' id='word_1_235' title='bbox 2721 1859 2903 1914; x_wconf 86' lang='lat' dir='ltr'><strong>anima</strong></span> <span class='ocrx_word' id='word_1_236' title='bbox 2940 1855 3098 1910; x_wconf 85' lang='lat' dir='ltr'><strong>mea?</strong></span> <span class='ocrx_word' id='word_1_237' title='bbox 3133 1863 3186 1908; x_wconf 91' lang='lat' dir='ltr'><strong>et</strong></span> <span class='ocrx_word' id='word_1_238' title='bbox 3219 1861 3388 1921; x_wconf 88' lang='lat' dir='ltr'><strong>quare</strong></span> <span class='ocrx_word' id='word_1_239' title='bbox 3415 1857 3544 1898; x_wconf 82' lang='lat' dir='ltr'><strong>con-</strong></span> 
     </span>
    </p>
   </div>
   <div class='ocr_carea' id='block_1_40' title="bbox 1979 1960 2318 2016">
    <p class='ocr_par' dir='ltr' id='par_1_40' title="bbox 1979 1960 2318 2016">
     <span class='ocr_line' id='line_1_40' title="bbox 1979 1960 2318 2016; baseline -0.009 0"><span class='ocrx_word' id='word_1_240' title='bbox 1979 1960 2161 2016; x_wconf 90' lang='lat' dir='ltr'><strong>turbas</strong></span> <span class='ocrx_word' id='word_1_241' title='bbox 2193 1960 2318 2014; x_wconf 89' lang='lat' dir='ltr'><strong>me?</strong></span> 
     </span>
    </p>
   </div>
   <div class='ocr_carea' id='block_1_41' title="bbox 2050 2033 3339 2119">
    <p class='ocr_par' dir='ltr' id='par_1_41' title="bbox 2050 2033 3339 2119">
     <span class='ocr_line' id='line_1_41' title="bbox 2050 2033 3339 2119; baseline -0.014 -15"><span class='ocrx_word' id='word_1_242' title='bbox 2050 2051 2134 2104; x_wconf 80' lang='grc'><strong>15.</strong></span> <span class='ocrx_word' id='word_1_243' title='bbox 2171 2048 2338 2119; x_wconf 87' lang='lat' dir='ltr'><strong>Spera</strong></span> <span class='ocrx_word' id='word_1_244' title='bbox 2366 2048 2422 2102; x_wconf 91' lang='lat' dir='ltr'><strong>in</strong></span> <span class='ocrx_word' id='word_1_245' title='bbox 2447 2047 2580 2111; x_wconf 93' lang='lat' dir='ltr'><strong>Deo,</strong></span> <span class='ocrx_word' id='word_1_246' title='bbox 2619 2044 2877 2116; x_wconf 88' lang='lat' dir='ltr'><strong>quoniam</strong></span> <span class='ocrx_word' id='word_1_247' title='bbox 2903 2037 3199 2095; x_wconf 83' lang='lat' dir='ltr'><strong>conﬁtebor</strong></span> <span class='ocrx_word' id='word_1_248' title='bbox 3225 2033 3339 2089; x_wconf 86' lang='lat' dir='ltr'><strong>illi:</strong></span> 
     </span>
    </p>
   </div>
   <div class='ocr_carea' id='block_1_42' title="bbox 367 2133 1873 2217">
    <p class='ocr_par' dir='ltr' id='par_1_42' title="bbox 367 2139 1868 2213">
     <span class='ocr_line' id='line_1_42' title="bbox 367 2139 1868 2213; baseline 0.001 -20"><span class='ocrx_word' id='word_1_249' title='bbox 367 2139 452 2193; x_wconf 72' lang='lat' dir='ltr'><strong>H.</strong></span> <span class='ocrx_word' id='word_1_250' title='bbox 495 2141 769 2213; x_wconf 78' lang='grc' dir='ltr'>Σωτήρων</span> <span class='ocrx_word' id='word_1_251' title='bbox 817 2140 912 2194; x_wconf 92' lang='grc' dir='ltr'><strong>τοῦ</strong></span> <span class='ocrx_word' id='word_1_252' title='bbox 965 2139 1254 2213; x_wconf 79' lang='grc' dir='ltr'>προσώπου</span> <span class='ocrx_word' id='word_1_253' title='bbox 1284 2159 1384 2211; x_wconf 88' lang='grc' dir='ltr'><strong>μου</strong></span> <span class='ocrx_word' id='word_1_254' title='bbox 1409 2141 1502 2194; x_wconf 74' lang='grc' dir='ltr'>καὶ</span> <span class='ocrx_word' id='word_1_255' title='bbox 1535 2143 1564 2194; x_wconf 91' lang='lat'><strong>6</strong></span> <span class='ocrx_word' id='word_1_256' title='bbox 1593 2141 1724 2205; x_wconf 87' lang='grc' dir='ltr'>Θεός</span> <span class='ocrx_word' id='word_1_257' title='bbox 1747 2159 1868 2212; x_wconf 87' lang='grc' dir='ltr'>μου.</span> 
     </span>
    </p>
   </div>
   <div class='ocr_carea' id='block_1_43' title="bbox 2033 2133 3219 2217">
    <p class='ocr_par' dir='ltr' id='par_1_43' title="bbox 2047 2133 3219 2198">
     <span class='ocr_line' id='line_1_43' title="bbox 2047 2133 3219 2198; baseline -0.012 -2"><span class='ocrx_word' id='word_1_258' title='bbox 2047 2143 2132 2198; x_wconf 72' lang='grc'><strong>14.</strong></span> <span class='ocrx_word' id='word_1_259' title='bbox 2174 2142 2423 2198; x_wconf 86' lang='lat' dir='ltr'><strong>Salutare</strong></span> <span class='ocrx_word' id='word_1_260' title='bbox 2444 2142 2626 2195; x_wconf 84' lang='lat' dir='ltr'><strong>vultus</strong></span> <span class='ocrx_word' id='word_1_261' title='bbox 2652 2136 2756 2191; x_wconf 91' lang='lat' dir='ltr'><strong>mei</strong></span> <span class='ocrx_word' id='word_1_262' title='bbox 2796 2145 2850 2188; x_wconf 92' lang='lat' dir='ltr'><strong>et</strong></span> <span class='ocrx_word' id='word_1_263' title='bbox 2874 2133 3016 2187; x_wconf 88' lang='lat' dir='ltr'><strong>Deus</strong></span> <span class='ocrx_word' id='word_1_264' title='bbox 3043 2145 3219 2184; x_wconf 86' lang='lat' dir='ltr'><strong>meus.</strong></span> 
     </span>
    </p>
   </div>
   <div class='ocr_carea' id='block_1_44' title="bbox 1415 2316 2408 2378">
    <p class='ocr_par' dir='ltr' id='par_1_44' title="bbox 1415 2316 2408 2378">
     <span class='ocr_line' id='line_1_44' title="bbox 1415 2316 2408 2378; baseline -0.004 -4"><span class='ocrx_word' id='word_1_265' title='bbox 1415 2321 1789 2378; x_wconf 71' lang='lat' dir='ltr'><strong>ATHANASII</strong></span> <span class='ocrx_word' id='word_1_266' title='bbox 1829 2316 2408 2377; x_wconf 77' lang='lat' dir='ltr'><strong>INTERPRETATIO.</strong></span> 
     </span>
    </p>
   </div>
   <div class='ocr_carea' id='block_1_45' title="bbox 379 2433 3550 2524">
    <p class='ocr_par' dir='ltr' id='par_1_45' title="bbox 379 2433 3550 2524">
     <span class='ocr_line' id='line_1_45' title="bbox 379 2433 3550 2524; baseline -0.004 -22"><span class='ocrx_word' id='word_1_267' title='bbox 379 2447 441 2500; x_wconf 86' lang='lat' dir='ltr'><strong>&#39;H</strong></span> <span class='ocrx_word' id='word_1_268' title='bbox 479 2449 818 2522; x_wconf 80' lang='grc' dir='ltr'>προκειμένη</span> <span class='ocrx_word' id='word_1_269' title='bbox 863 2451 1142 2524; x_wconf 77' lang='grc' dir='ltr'>ἐπιγραφὴ</span> <span class='ocrx_word' id='word_1_270' title='bbox 1194 2452 1436 2524; x_wconf 80' lang='grc' dir='ltr'>περιέχει</span> <span class='ocrx_word' id='word_1_271' title='bbox 1467 2455 1564 2524; x_wconf 80' lang='grc'>(1)’</span> <span class='ocrx_word' id='word_1_272' title='bbox 1621 2454 1867 2524; x_wconf 80' lang='grc' dir='ltr'>Ψαλμὸς</span> <span class='ocrx_word' id='word_1_273' title='bbox 1924 2453 2002 2519; x_wconf 84' lang='grc' dir='ltr'>τῷ</span> <span class='ocrx_word' id='word_1_274' title='bbox 2057 2453 2248 2508; x_wconf 82' lang='grc' dir='ltr'>Δαϐίδ·</span> <span class='ocrx_word' id='word_1_275' title='bbox 2305 2450 2603 2515; x_wconf 79' lang='grc' dir='ltr'>τουτέστιν,</span> <span class='ocrx_word' id='word_1_276' title='bbox 2652 2451 2680 2502; x_wconf 86' lang='grc' dir='ltr'>ὁ</span> <span class='ocrx_word' id='word_1_277' title='bbox 2742 2443 2954 2517; x_wconf 69' lang='grc' dir='ltr'>ψαλμὸς</span> <span class='ocrx_word' id='word_1_278' title='bbox 3002 2436 3154 2505; x_wconf 77' lang='grc' dir='ltr'>οὗτος</span> <span class='ocrx_word' id='word_1_279' title='bbox 3209 2440 3424 2512; x_wconf 81' lang='grc' dir='ltr'>εἴρηται</span> <span class='ocrx_word' id='word_1_280' title='bbox 3471 2433 3550 2508; x_wconf 79' lang='grc' dir='ltr'>τῷ</span> 
     </span>
    </p>
   </div>
   <div class='ocr_carea' id='block_1_46' title="bbox 297 2527 3549 2620">
    <p class='ocr_par' dir='ltr' id='par_1_46' title="bbox 297 2527 3549 2620">
     <span class='ocr_line' id='line_1_46' title="bbox 297 2527 3549 2620; baseline 0.003 -29"><span class='ocrx_word' id='word_1_281' title='bbox 297 2539 608 2604; x_wconf 81' lang='grc' dir='ltr'>πταίσαντι,</span> <span class='ocrx_word' id='word_1_282' title='bbox 635 2542 728 2595; x_wconf 79' lang='grc' dir='ltr'><strong>καὶ</strong></span> <span class='ocrx_word' id='word_1_283' title='bbox 759 2544 817 2596; x_wconf 81' lang='grc' dir='ltr'>ὲν</span> <span class='ocrx_word' id='word_1_284' title='bbox 850 2544 1108 2614; x_wconf 70' lang='grc' dir='ltr'>μετανοίᾳ</span> <span class='ocrx_word' id='word_1_285' title='bbox 1135 2544 1361 2599; x_wconf 78' lang='grc' dir='ltr'>ἐλθόντι.</span> <span class='ocrx_word' id='word_1_286' title='bbox 1395 2546 1559 2599; x_wconf 78' lang='grc' dir='ltr'><strong>Δαὸὶδ</strong></span> <span class='ocrx_word' id='word_1_287' title='bbox 1591 2545 1698 2620; x_wconf 85' lang='grc' dir='ltr'><strong>γὰρ</strong></span> <span class='ocrx_word' id='word_1_288' title='bbox 1725 2547 2084 2618; x_wconf 79' lang='grc' dir='ltr'>ἑρμηνεύεται</span> <span class='ocrx_word' id='word_1_289' title='bbox 2116 2545 2584 2616; x_wconf 76' lang='grc' dir='ltr'><strong>ἐξουθενημένος</strong></span> <span class='ocrx_word' id='word_1_290' title='bbox 2612 2544 2708 2597; x_wconf 72' lang='grc' dir='ltr'><strong>καὶ</strong></span> <span class='ocrx_word' id='word_1_291' title='bbox 2732 2537 3083 2608; x_wconf 73' lang='grc' dir='ltr'><strong>ἠλεημένος,</strong></span> <span class='ocrx_word' id='word_1_292' title='bbox 3101 2532 3245 2602; x_wconf 70' lang='grc' dir='ltr'><strong>ἃ’περ</strong></span> <span class='ocrx_word' id='word_1_293' title='bbox 3269 2527 3549 2602; x_wconf 71' lang='grc' dir='ltr'><strong>ἀμφότερα</strong></span> 
     </span>
    </p>
   </div>
   <div class='ocr_carea' id='block_1_47' title="bbox 296 2627 2033 2710">
    <p class='ocr_par' dir='ltr' id='par_1_47' title="bbox 296 2627 2033 2710">
     <span class='ocr_line' id='line_1_47' title="bbox 296 2627 2033 2710; baseline 0.009 -30"><span class='ocrx_word' id='word_1_294' title='bbox 296 2627 553 2699; x_wconf 83' lang='grc' dir='ltr'>εὑρήσεις</span> <span class='ocrx_word' id='word_1_295' title='bbox 577 2633 659 2695; x_wconf 86' lang='grc' dir='ltr'><strong>είς</strong></span> <span class='ocrx_word' id='word_1_296' title='bbox 686 2632 778 2687; x_wconf 87' lang='grc' dir='ltr'><strong>τὸν</strong></span> <span class='ocrx_word' id='word_1_297' title='bbox 810 2635 1186 2706; x_wconf 79' lang='grc' dir='ltr'>ἡμαρτηκότα,</span> <span class='ocrx_word' id='word_1_298' title='bbox 1241 2639 1336 2691; x_wconf 67' lang='grc' dir='ltr'><strong>καὶ</strong></span> <span class='ocrx_word' id='word_1_299' title='bbox 1368 2640 1448 2703; x_wconf 83' lang='grc' dir='ltr'><strong>εἰς</strong></span> <span class='ocrx_word' id='word_1_300' title='bbox 1476 2641 1764 2710; x_wconf 86' lang='grc' dir='ltr'>μετάνοιαν</span> <span class='ocrx_word' id='word_1_301' title='bbox 1792 2640 2033 2695; x_wconf 74' lang='grc' dir='ltr'>ἐλθόντα.</span> 
     </span>
    </p>
   </div>
   <div class='ocr_carea' id='block_1_48' title="bbox 375 2704 3552 2810">
    <p class='ocr_par' dir='ltr' id='par_1_48' title="bbox 375 2704 3552 2810">
     <span class='ocr_line' id='line_1_48' title="bbox 375 2704 3552 2810; baseline -0.001 -35"><span class='ocrx_word' id='word_1_302' title='bbox 375 2722 590 2780; x_wconf 88' lang='lat' dir='ltr'><strong>Titulus</strong></span> <span class='ocrx_word' id='word_1_303' title='bbox 617 2704 1192 2810; x_wconf 36' lang='lat' dir='ltr'><strong>inscriptus—continet</strong></span> <span class='ocrx_word' id='word_1_304' title='bbox 1225 2751 1236 2786; x_wconf 93' lang='lat'>:</span> <span class='ocrx_word' id='word_1_305' title='bbox 1271 2704 1520 2788; x_wconf 67' lang='lat' dir='ltr'><strong>Psalmus</strong></span> <span class='ocrx_word' id='word_1_306' title='bbox 1553 2735 1747 2790; x_wconf 82' lang='lat' dir='ltr'><strong>David.</strong></span> <span class='ocrx_word' id='word_1_307' title='bbox 1784 2734 1900 2792; x_wconf 79' lang='lat' dir='ltr'><strong>Hoc</strong></span> <span class='ocrx_word' id='word_1_308' title='bbox 1931 2746 2036 2801; x_wconf 90' lang='lat' dir='ltr'><strong>est,</strong></span> <span class='ocrx_word' id='word_1_309' title='bbox 2071 2735 2161 2790; x_wconf 89' lang='lat' dir='ltr'><strong>hic</strong></span> <span class='ocrx_word' id='word_1_310' title='bbox 2188 2749 2431 2805; x_wconf 66' lang='lat' dir='ltr'><strong>psalmus</strong></span> <span class='ocrx_word' id='word_1_311' title='bbox 2460 2733 2638 2788; x_wconf 87' lang='lat' dir='ltr'><strong>dictus</strong></span> <span class='ocrx_word' id='word_1_312' title='bbox 2664 2737 2748 2783; x_wconf 90' lang='lat' dir='ltr'><strong>est</strong></span> <span class='ocrx_word' id='word_1_313' title='bbox 2770 2725 2838 2780; x_wconf 89' lang='lat' dir='ltr'><strong>ab</strong></span> <span class='ocrx_word' id='word_1_314' title='bbox 2896 2737 2984 2786; x_wconf 87' lang='lat' dir='ltr'><strong>eo,</strong></span> <span class='ocrx_word' id='word_1_315' title='bbox 3018 2736 3112 2790; x_wconf 83' lang='lat' dir='ltr'><strong>qUI</strong></span> <span class='ocrx_word' id='word_1_316' title='bbox 3141 2704 3358 2781; x_wconf 83' lang='lat' dir='ltr'><strong>cecidit,</strong></span> <span class='ocrx_word' id='word_1_317' title='bbox 3400 2723 3456 2773; x_wconf 90' lang='lat' dir='ltr'><strong>et</strong></span> <span class='ocrx_word' id='word_1_318' title='bbox 3493 2716 3552 2772; x_wconf 89' lang='lat' dir='ltr'><strong>in</strong></span> 
     </span>
    </p>
   </div>
   <div class='ocr_carea' id='block_1_49' title="bbox 300 2811 3536 2899">
    <p class='ocr_par' dir='ltr' id='par_1_49' title="bbox 300 2811 3536 2899">
     <span class='ocr_line' id='line_1_49' title="bbox 300 2811 3536 2899; baseline -0.002 -29"><span class='ocrx_word' id='word_1_319' title='bbox 300 2818 677 2884; x_wconf 69' lang='lat' dir='ltr'><strong>pmnitentiatn</strong></span> <span class='ocrx_word' id='word_1_320' title='bbox 717 2824 885 2876; x_wconf 82' lang='lat' dir='ltr'><strong>venit.</strong></span> <span class='ocrx_word' id='word_1_321' title='bbox 920 2821 1086 2877; x_wconf 85' lang='lat' dir='ltr'><strong>David</strong></span> <span class='ocrx_word' id='word_1_322' title='bbox 1132 2825 1277 2880; x_wconf 90' lang='lat' dir='ltr'><strong>enim</strong></span> <span class='ocrx_word' id='word_1_323' title='bbox 1311 2827 1700 2898; x_wconf 84' lang='lat' dir='ltr'><strong>interpretatur</strong></span> <span class='ocrx_word' id='word_1_324' title='bbox 1743 2829 2006 2899; x_wconf 82' lang='lat' dir='ltr'><strong>neglectus</strong></span> <span class='ocrx_word' id='word_1_325' title='bbox 2045 2839 2101 2885; x_wconf 89' lang='lat' dir='ltr'><strong>et</strong></span> <span class='ocrx_word' id='word_1_326' title='bbox 2129 2827 2554 2882; x_wconf 80' lang='lat' dir='ltr'><strong>misericordiam</strong></span> <span class='ocrx_word' id='word_1_327' title='bbox 2582 2827 2928 2884; x_wconf 79' lang='lat' dir='ltr'><strong>consecutus,</strong></span> <span class='ocrx_word' id='word_1_328' title='bbox 2954 2822 3251 2883; x_wconf 84' lang='lat' dir='ltr'><strong>utrumque</strong></span> <span class='ocrx_word' id='word_1_329' title='bbox 3281 2811 3536 2867; x_wconf 81' lang='lat' dir='ltr'><strong>convenit</strong></span> 
     </span>
    </p>
   </div>
   <div class='ocr_carea' id='block_1_50' title="bbox 301 2910 1861 2984">
    <p class='ocr_par' dir='ltr' id='par_1_50' title="bbox 301 2910 1861 2984">
     <span class='ocr_line' id='line_1_50' title="bbox 301 2910 1861 2984; baseline 0.008 -22"><span class='ocrx_word' id='word_1_330' title='bbox 301 2910 529 2975; x_wconf 84' lang='lat' dir='ltr'><strong>incum,</strong></span> <span class='ocrx_word' id='word_1_331' title='bbox 559 2911 652 2982; x_wconf 92' lang='lat' dir='ltr'><strong>qui</strong></span> <span class='ocrx_word' id='word_1_332' title='bbox 682 2924 891 2983; x_wconf 86' lang='lat' dir='ltr'><strong>peccat,</strong></span> <span class='ocrx_word' id='word_1_333' title='bbox 919 2925 972 2969; x_wconf 88' lang='lat' dir='ltr'><strong>et</strong></span> <span class='ocrx_word' id='word_1_334' title='bbox 994 2916 1058 2969; x_wconf 89' lang='lat' dir='ltr'><strong>ad</strong></span> <span class='ocrx_word' id='word_1_335' title='bbox 1094 2917 1468 2984; x_wconf 78' lang='lat' dir='ltr'><strong>pmnitentiam</strong></span> <span class='ocrx_word' id='word_1_336' title='bbox 1498 2921 1861 2974; x_wconf 85' lang='lat' dir='ltr'><strong>convertitur.</strong></span> 
     </span>
    </p>
   </div>
   <div class='ocr_carea' id='block_1_51' title="bbox 371 3003 1878 3085">
    <p class='ocr_par' dir='ltr' id='par_1_51' title="bbox 371 3003 1878 3085">
     <span class='ocr_line' id='line_1_51' title="bbox 371 3003 1878 3085; baseline 0.006 -28"><span class='ocrx_word' id='word_1_337' title='bbox 371 3003 424 3058; x_wconf 93' lang='grc'><strong>1.</strong></span> <span class='ocrx_word' id='word_1_338' title='bbox 471 3005 924 3078; x_wconf 84' lang='grc' dir='ltr'>Σπλαγχνίσθητι,</span> <span class='ocrx_word' id='word_1_339' title='bbox 959 3011 987 3062; x_wconf 86' lang='lat'><strong>6</strong></span> <span class='ocrx_word' id='word_1_340' title='bbox 1021 3008 1222 3082; x_wconf 84' lang='grc' dir='ltr'>Κύριος</span> <span class='ocrx_word' id='word_1_341' title='bbox 1245 3011 1342 3081; x_wconf 75' lang='grc'>(2),</span> <span class='ocrx_word' id='word_1_342' title='bbox 1371 3013 1463 3065; x_wconf 79' lang='grc' dir='ltr'><strong>καὶ</strong></span> <span class='ocrx_word' id='word_1_343' title='bbox 1491 3013 1631 3085; x_wconf 79' lang='grc' dir='ltr'>ὁρῶν</span> <span class='ocrx_word' id='word_1_344' title='bbox 1662 3029 1729 3082; x_wconf 88' lang='grc' dir='ltr'><strong>με</strong></span> <span class='ocrx_word' id='word_1_345' title='bbox 1763 3013 1878 3066; x_wconf 86' lang='grc' dir='ltr'>ἀδι-</span> 
     </span>
    </p>
   </div>
   <div class='ocr_carea' id='block_1_52' title="bbox 300 3095 1876 3176">
    <p class='ocr_par' dir='ltr' id='par_1_52' title="bbox 300 3095 1876 3176">
     <span class='ocr_line' id='line_1_52' title="bbox 300 3095 1876 3176; baseline 0.007 -29"><span class='ocrx_word' id='word_1_346' title='bbox 300 3095 565 3166; x_wconf 86' lang='grc' dir='ltr'>κούμενον</span> <span class='ocrx_word' id='word_1_347' title='bbox 596 3097 700 3151; x_wconf 88' lang='grc' dir='ltr'><strong>ὐπὸ</strong></span> <span class='ocrx_word' id='word_1_348' title='bbox 721 3097 827 3151; x_wconf 84' lang='grc' dir='ltr'>τῶν</span> <span class='ocrx_word' id='word_1_349' title='bbox 859 3101 1113 3154; x_wconf 78' lang='grc' dir='ltr'>ἐναντίων</span> <span class='ocrx_word' id='word_1_350' title='bbox 1141 3103 1446 3173; x_wconf 85' lang='grc' dir='ltr'>δυνάμεων,</span> <span class='ocrx_word' id='word_1_351' title='bbox 1483 3098 1756 3176; x_wconf 83' lang='grc' dir='ltr'>λύτρωσαί</span> <span class='ocrx_word' id='word_1_352' title='bbox 1789 3121 1876 3175; x_wconf 87' lang='grc' dir='ltr'>με.</span> 
     </span>
    </p>
   </div>
   <div class='ocr_carea' id='block_1_53' title="bbox 369 3187 1316 3268">
    <p class='ocr_par' dir='ltr' id='par_1_53' title="bbox 369 3187 1316 3268">
     <span class='ocr_line' id='line_1_53' title="bbox 369 3187 1316 3268; baseline 0.012 -29"><span class='ocrx_word' id='word_1_353' title='bbox 369 3187 424 3240; x_wconf 76' lang='grc'><strong>2.</strong></span> <span class='ocrx_word' id='word_1_354' title='bbox 466 3189 598 3242; x_wconf 85' lang='grc' dir='ltr'>Ἀπὸ</span> <span class='ocrx_word' id='word_1_355' title='bbox 628 3189 722 3243; x_wconf 88' lang='grc' dir='ltr'><strong>τοῦ</strong></span> <span class='ocrx_word' id='word_1_356' title='bbox 751 3193 1014 3259; x_wconf 75' lang='grc' dir='ltr'>διαῦόλου,</span> <span class='ocrx_word' id='word_1_357' title='bbox 1044 3195 1188 3265; x_wconf 83' lang='grc' dir='ltr'>λέγει</span> <span class='ocrx_word' id='word_1_358' title='bbox 1222 3196 1316 3268; x_wconf 76' lang='grc'>(5).</span> 
     </span>
    </p>
   </div>
   <div class='ocr_carea' id='block_1_54' title="bbox 367 3277 1219 3358">
    <p class='ocr_par' dir='ltr' id='par_1_54' title="bbox 367 3277 1219 3358">
     <span class='ocr_line' id='line_1_54' title="bbox 367 3277 1219 3358; baseline 0.011 -26"><span class='ocrx_word' id='word_1_359' title='bbox 367 3279 422 3333; x_wconf 80' lang='lat'><strong>&#39;5.</strong></span> <span class='ocrx_word' id='word_1_360' title='bbox 458 3279 580 3333; x_wconf 86' lang='grc' dir='ltr'><strong>Ὅτι</strong></span> <span class='ocrx_word' id='word_1_361' title='bbox 606 3281 669 3335; x_wconf 86' lang='grc' dir='ltr'><strong>σύ</strong></span> <span class='ocrx_word' id='word_1_362' title='bbox 694 3277 747 3336; x_wconf 81' lang='grc' dir='ltr'>εῐ</span> <span class='ocrx_word' id='word_1_363' title='bbox 780 3285 813 3354; x_wconf 84' lang='grc' dir='ltr'>ἡ</span> <span class='ocrx_word' id='word_1_364' title='bbox 852 3284 1071 3355; x_wconf 86' lang='grc' dir='ltr'>βοήθειά</span> <span class='ocrx_word' id='word_1_365' title='bbox 1098 3305 1219 3358; x_wconf 87' lang='grc' dir='ltr'>μου.</span> 
     </span>
    </p>
   </div>
   <div class='ocr_carea' id='block_1_55' title="bbox 366 3371 1118 3448">
    <p class='ocr_par' dir='ltr' id='par_1_55' title="bbox 366 3371 1118 3448">
     <span class='ocr_line' id='line_1_55' title="bbox 366 3371 1118 3448; baseline 0.007 -23"><span class='ocrx_word' id='word_1_366' title='bbox 366 3371 421 3426; x_wconf 76' lang='grc'><strong>4.</strong></span> <span class='ocrx_word' id='word_1_367' title='bbox 455 3373 574 3426; x_wconf 84' lang='grc' dir='ltr'>Ἷνα</span> <span class='ocrx_word' id='word_1_368' title='bbox 599 3374 653 3426; x_wconf 86' lang='grc' dir='ltr'><strong>τί</strong></span> <span class='ocrx_word' id='word_1_369' title='bbox 676 3376 986 3448; x_wconf 71' lang='grc' dir='ltr'>ἀπέρριψας</span> <span class='ocrx_word' id='word_1_370' title='bbox 1016 3395 1118 3448; x_wconf 87' lang='grc' dir='ltr'>με;</span> 
     </span>
    </p>
   </div>
   <div class='ocr_carea' id='block_1_56' title="bbox 372 3465 1879 3546">
    <p class='ocr_par' dir='ltr' id='par_1_56' title="bbox 372 3465 1879 3546">
     <span class='ocr_line' id='line_1_56' title="bbox 372 3465 1879 3546; baseline 0.005 -26"><span class='ocrx_word' id='word_1_371' title='bbox 372 3465 425 3520; x_wconf 84' lang='grc'><strong>5.</strong></span> <span class='ocrx_word' id='word_1_372' title='bbox 449 3466 560 3520; x_wconf 74' lang='grc' dir='ltr'><strong>Καὶ</strong></span> <span class='ocrx_word' id='word_1_373' title='bbox 587 3465 674 3520; x_wconf 84' lang='grc' dir='ltr'>ἴνα</span> <span class='ocrx_word' id='word_1_374' title='bbox 692 3467 746 3520; x_wconf 89' lang='grc' dir='ltr'><strong>τί</strong></span> <span class='ocrx_word' id='word_1_375' title='bbox 775 3469 1155 3542; x_wconf 83' lang='grc' dir='ltr'>ὲσκοτισμένος</span> <span class='ocrx_word' id='word_1_376' title='bbox 1184 3472 1485 3545; x_wconf 87' lang='grc' dir='ltr'>πορεύομαι</span> <span class='ocrx_word' id='word_1_377' title='bbox 1515 3473 1572 3528; x_wconf 82' lang='grc' dir='ltr'>ὲν</span> <span class='ocrx_word' id='word_1_378' title='bbox 1597 3473 1675 3546; x_wconf 83' lang='grc' dir='ltr'>τῷ</span> <span class='ocrx_word' id='word_1_379' title='bbox 1716 3491 1879 3528; x_wconf 78' lang='grc' dir='ltr'>κατα-</span> 
     </span>
    </p>
   </div>
   <div class='ocr_carea' id='block_1_57' title="bbox 302 3555 1208 3630">
    <p class='ocr_par' dir='ltr' id='par_1_57' title="bbox 302 3555 1208 3630">
     <span class='ocr_line' id='line_1_57' title="bbox 302 3555 1208 3630; baseline 0.006 -21"><span class='ocrx_word' id='word_1_380' title='bbox 302 3555 645 3610; x_wconf 85' lang='grc' dir='ltr'>δυναστεύειν</span> <span class='ocrx_word' id='word_1_381' title='bbox 684 3576 785 3630; x_wconf 89' lang='grc' dir='ltr'><strong>μου</strong></span> <span class='ocrx_word' id='word_1_382' title='bbox 814 3559 905 3613; x_wconf 89' lang='grc' dir='ltr'><strong>τὸν</strong></span> <span class='ocrx_word' id='word_1_383' title='bbox 937 3559 1208 3628; x_wconf 75' lang='grc' dir='ltr'>διάϐολονς</span> 
     </span>
    </p>
   </div>
   <div class='ocr_carea' id='block_1_58' title="bbox 377 3647 1885 3723">
    <p class='ocr_par' dir='ltr' id='par_1_58' title="bbox 377 3647 1885 3723">
     <span class='ocr_line' id='line_1_58' title="bbox 377 3647 1885 3723; baseline 0.005 -24"><span class='ocrx_word' id='word_1_384' title='bbox 377 3647 431 3700; x_wconf 86' lang='grc'><strong>6.</strong></span> <span class='ocrx_word' id='word_1_385' title='bbox 468 3647 876 3712; x_wconf 82' lang='grc' dir='ltr'>Ἐξαπόστειλον</span> <span class='ocrx_word' id='word_1_386' title='bbox 907 3649 1000 3704; x_wconf 87' lang='grc' dir='ltr'><strong>τὸν</strong></span> <span class='ocrx_word' id='word_1_387' title='bbox 1025 3649 1153 3703; x_wconf 87' lang='grc' dir='ltr'>Υίόν</span> <span class='ocrx_word' id='word_1_388' title='bbox 1196 3668 1311 3718; x_wconf 88' lang='grc' dir='ltr'>σου,</span> <span class='ocrx_word' id='word_1_389' title='bbox 1331 3654 1426 3705; x_wconf 75' lang='grc' dir='ltr'>καὶ</span> <span class='ocrx_word' id='word_1_390' title='bbox 1455 3652 1516 3706; x_wconf 87' lang='grc' dir='ltr'><strong>τὸ</strong></span> <span class='ocrx_word' id='word_1_391' title='bbox 1548 3651 1771 3723; x_wconf 74' lang='grc' dir='ltr'>Πνεῦμα</span> <span class='ocrx_word' id='word_1_392' title='bbox 1793 3670 1885 3706; x_wconf 89' lang='grc' dir='ltr'><strong>σου</strong></span> 
     </span>
    </p>
   </div>
   <div class='ocr_carea' id='block_1_59' title="bbox 303 3738 563 3808">
    <p class='ocr_par' dir='ltr' id='par_1_59' title="bbox 303 3738 563 3808">
     <span class='ocr_line' id='line_1_59' title="bbox 303 3738 563 3808; baseline 0 -15"><span class='ocrx_word' id='word_1_393' title='bbox 303 3753 365 3793; x_wconf 79' lang='grc' dir='ltr'><strong>το</strong></span> <span class='ocrx_word' id='word_1_394' title='bbox 392 3738 563 3808; x_wconf 76' lang='grc' dir='ltr'>ἅγιον.</span> 
     </span>
    </p>
   </div>
   <div class='ocr_carea' id='block_1_60' title="bbox 378 3831 1888 3906">
    <p class='ocr_par' dir='ltr' id='par_1_60' title="bbox 378 3831 1888 3906">
     <span class='ocr_line' id='line_1_60' title="bbox 378 3831 1888 3906; baseline 0.003 -22"><span class='ocrx_word' id='word_1_395' title='bbox 378 3831 431 3895; x_wconf 93' lang='grc'>7,</span> <span class='ocrx_word' id='word_1_396' title='bbox 460 3831 511 3886; x_wconf 89' lang='lat'><strong>8.</strong></span> <span class='ocrx_word' id='word_1_397' title='bbox 542 3832 694 3886; x_wconf 81' lang='grc' dir='ltr'>Αὐτά</span> <span class='ocrx_word' id='word_1_398' title='bbox 720 3851 786 3904; x_wconf 89' lang='grc' dir='ltr'><strong>με</strong></span> <span class='ocrx_word' id='word_1_399' title='bbox 805 3833 900 3887; x_wconf 92' lang='grc' dir='ltr'><strong>νῦν</strong></span> <span class='ocrx_word' id='word_1_400' title='bbox 922 3833 1211 3905; x_wconf 82' lang='grc' dir='ltr'>ὡδήγησαν</span> <span class='ocrx_word' id='word_1_401' title='bbox 1226 3834 1344 3906; x_wconf 74' lang='grc' dir='ltr'>[καὶ</span> <span class='ocrx_word' id='word_1_402' title='bbox 1375 3833 1625 3904; x_wconf 73' lang='grc' dir='ltr'>ἤγαγον),</span> <span class='ocrx_word' id='word_1_403' title='bbox 1644 3836 1888 3906; x_wconf 85' lang='grc' dir='ltr'>ὑπομνη-</span> 
     </span>
    </p>
   </div>
   <div class='ocr_carea' id='block_1_61' title="bbox 308 3924 1885 3998">
    <p class='ocr_par' dir='ltr' id='par_1_61' title="bbox 308 3924 1885 3998">
     <span class='ocr_line' id='line_1_61' title="bbox 308 3924 1885 3998; baseline 0.004 -23"><span class='ocrx_word' id='word_1_404' title='bbox 308 3924 502 3993; x_wconf 80' lang='grc' dir='ltr'>σθῆναι</span> <span class='ocrx_word' id='word_1_405' title='bbox 528 3926 628 3997; x_wconf 83' lang='grc' dir='ltr'>τῆς</span> <span class='ocrx_word' id='word_1_406' title='bbox 653 3926 904 3998; x_wconf 84' lang='grc' dir='ltr'>οὐρανίου</span> <span class='ocrx_word' id='word_1_407' title='bbox 931 3926 1200 3991; x_wconf 87' lang='grc' dir='ltr'>πολιτείας</span> <span class='ocrx_word' id='word_1_408' title='bbox 1242 3927 1335 3980; x_wconf 76' lang='grc' dir='ltr'>καὶ</span> <span class='ocrx_word' id='word_1_409' title='bbox 1383 3926 1491 3981; x_wconf 83' lang='grc' dir='ltr'><strong>τῶν</strong></span> <span class='ocrx_word' id='word_1_410' title='bbox 1529 3929 1759 3981; x_wconf 87' lang='grc' dir='ltr'>αἰωνίων</span> <span class='ocrx_word' id='word_1_411' title='bbox 1795 3946 1885 3982; x_wconf 89' lang='grc' dir='ltr'><strong>σου</strong></span> 
     </span>
    </p>
   </div>
   <div class='ocr_carea' id='block_1_62' title="bbox 306 4017 787 4090">
    <p class='ocr_par' dir='ltr' id='par_1_62' title="bbox 306 4017 787 4090">
     <span class='ocr_line' id='line_1_62' title="bbox 306 4017 787 4090; baseline 0.01 -22"><span class='ocrx_word' id='word_1_412' title='bbox 306 4017 666 4072; x_wconf 86' lang='grc' dir='ltr'>ἁναπαύσεων</span> <span class='ocrx_word' id='word_1_413' title='bbox 691 4019 787 4090; x_wconf 72' lang='grc'>(4).</span> 
     </span>
    </p>
   </div>
   <div class='ocr_carea' id='block_1_63' title="bbox 377 4110 1883 4183">
    <p class='ocr_par' dir='ltr' id='par_1_63' title="bbox 377 4110 1883 4183">
     <span class='ocr_line' id='line_1_63' title="bbox 377 4110 1883 4183; baseline 0 -19"><span class='ocrx_word' id='word_1_414' title='bbox 377 4110 431 4164; x_wconf 83' lang='grc'><strong>9.</strong></span> <span class='ocrx_word' id='word_1_415' title='bbox 459 4111 568 4163; x_wconf 76' lang='grc' dir='ltr'>Καὶ</span> <span class='ocrx_word' id='word_1_416' title='bbox 587 4113 654 4181; x_wconf 83' lang='grc' dir='ltr'>τῇ</span> <span class='ocrx_word' id='word_1_417' title='bbox 683 4110 889 4183; x_wconf 81' lang='grc' dir='ltr'>διανοίᾳ</span> <span class='ocrx_word' id='word_1_418' title='bbox 910 4110 1136 4165; x_wconf 80' lang='grc' dir='ltr'>εἰσέλθω</span> <span class='ocrx_word' id='word_1_419' title='bbox 1167 4113 1244 4175; x_wconf 85' lang='grc' dir='ltr'><strong>είς</strong></span> <span class='ocrx_word' id='word_1_420' title='bbox 1268 4110 1326 4165; x_wconf 91' lang='grc' dir='ltr'><strong>τὸ</strong></span> <span class='ocrx_word' id='word_1_421' title='bbox 1348 4111 1666 4182; x_wconf 78' lang='grc' dir='ltr'>ἐπουράνιον</span> <span class='ocrx_word' id='word_1_422' title='bbox 1696 4111 1883 4165; x_wconf 85' lang='grc' dir='ltr'>θυσια-</span> 
     </span>
    </p>
   </div>
   <div class='ocr_carea' id='block_1_64' title="bbox 311 4203 846 4273">
    <p class='ocr_par' dir='ltr' id='par_1_64' title="bbox 311 4203 846 4273">
     <span class='ocr_line' id='line_1_64' title="bbox 311 4203 846 4273; baseline 0.006 -19"><span class='ocrx_word' id='word_1_423' title='bbox 311 4203 531 4273; x_wconf 87' lang='grc' dir='ltr'>στήριον</span> <span class='ocrx_word' id='word_1_424' title='bbox 563 4203 655 4256; x_wconf 85' lang='grc' dir='ltr'><strong>τοῦ</strong></span> <span class='ocrx_word' id='word_1_425' title='bbox 694 4203 846 4258; x_wconf 86' lang='grc' dir='ltr'>Θεοῦ.</span> 
     </span>
    </p>
   </div>
   <div class='ocr_carea' id='block_1_65' title="bbox 379 4296 1565 4370">
    <p class='ocr_par' dir='ltr' id='par_1_65' title="bbox 379 4296 1565 4370">
     <span class='ocr_line' id='line_1_65' title="bbox 379 4296 1565 4370; baseline 0.002 -21"><span class='ocrx_word' id='word_1_426' title='bbox 379 4296 464 4350; x_wconf 86' lang='grc'><strong>10.</strong></span> <span class='ocrx_word' id='word_1_427' title='bbox 499 4297 604 4350; x_wconf 90' lang='grc' dir='ltr'>Τὸν</span> <span class='ocrx_word' id='word_1_428' title='bbox 633 4297 1011 4370; x_wconf 81' lang='grc' dir='ltr'>εὐφραίνοντα,</span> <span class='ocrx_word' id='word_1_429' title='bbox 1037 4296 1204 4366; x_wconf 84' lang='grc' dir='ltr'>λέγει,</span> <span class='ocrx_word' id='word_1_430' title='bbox 1240 4297 1418 4368; x_wconf 77' lang='grc' dir='ltr'>ψυχήν</span> <span class='ocrx_word' id='word_1_431' title='bbox 1445 4314 1565 4368; x_wconf 91' lang='grc' dir='ltr'>μου.</span> 
     </span>
    </p>
   </div>
   <div class='ocr_carea' id='block_1_66' title="bbox 377 4386 1885 4462">
    <p class='ocr_par' dir='ltr' id='par_1_66' title="bbox 377 4386 1885 4462">
     <span class='ocr_line' id='line_1_66' title="bbox 377 4386 1885 4462; baseline -0.003 -18"><span class='ocrx_word' id='word_1_432' title='bbox 377 4391 462 4444; x_wconf 84' lang='grc'><strong>11.</strong></span> <span class='ocrx_word' id='word_1_433' title='bbox 492 4391 730 4457; x_wconf 83' lang='grc' dir='ltr'>Δοξὰσω,</span> <span class='ocrx_word' id='word_1_434' title='bbox 761 4390 927 4459; x_wconf 84' lang='grc' dir='ltr'>λέγει,</span> <span class='ocrx_word' id='word_1_435' title='bbox 959 4393 1017 4444; x_wconf 85' lang='grc' dir='ltr'>ὲν</span> <span class='ocrx_word' id='word_1_436' title='bbox 1054 4394 1118 4462; x_wconf 83' lang='grc' dir='ltr'>τῇ</span> <span class='ocrx_word' id='word_1_437' title='bbox 1140 4391 1283 4462; x_wconf 75' lang='grc' dir='ltr'>ψυχῇ</span> <span class='ocrx_word' id='word_1_438' title='bbox 1317 4408 1438 4461; x_wconf 91' lang='grc' dir='ltr'>μου,</span> <span class='ocrx_word' id='word_1_439' title='bbox 1461 4391 1555 4443; x_wconf 79' lang='grc' dir='ltr'><strong>καὶ</strong></span> <span class='ocrx_word' id='word_1_440' title='bbox 1587 4391 1642 4442; x_wconf 84' lang='grc' dir='ltr'><strong>έν</strong></span> <span class='ocrx_word' id='word_1_441' title='bbox 1672 4388 1749 4460; x_wconf 81' lang='grc' dir='ltr'>τῷ</span> <span class='ocrx_word' id='word_1_442' title='bbox 1783 4386 1885 4441; x_wconf 87' lang='grc' dir='ltr'><strong>σώ-</strong></span> 
     </span>
    </p>
   </div>
   <div class='ocr_carea' id='block_1_67' title="bbox 311 4481 1884 4556">
    <p class='ocr_par' dir='ltr' id='par_1_67' title="bbox 311 4481 1884 4556">
     <span class='ocr_line' id='line_1_67' title="bbox 311 4481 1884 4556; baseline -0.001 -20"><span class='ocrx_word' id='word_1_443' title='bbox 311 4500 460 4552; x_wconf 79' lang='grc' dir='ltr'>ματι,</span> <span class='ocrx_word' id='word_1_444' title='bbox 486 4483 764 4554; x_wconf 85' lang='grc' dir='ltr'>νεκρώσας</span> <span class='ocrx_word' id='word_1_445' title='bbox 786 4485 851 4555; x_wconf 79' lang='grc' dir='ltr'>τῇ</span> <span class='ocrx_word' id='word_1_446' title='bbox 885 4483 1129 4556; x_wconf 75' lang='grc' dir='ltr'>ἁμαρτίᾳ</span> <span class='ocrx_word' id='word_1_447' title='bbox 1156 4482 1274 4537; x_wconf 82' lang='grc' dir='ltr'>ὅλον</span> <span class='ocrx_word' id='word_1_448' title='bbox 1304 4483 1513 4537; x_wconf 79' lang='grc' dir='ltr'>ἑαυτόν·</span> <span class='ocrx_word' id='word_1_449' title='bbox 1544 4482 1742 4554; x_wconf 83' lang='grc' dir='ltr'>κιθάρα</span> <span class='ocrx_word' id='word_1_450' title='bbox 1775 4481 1884 4553; x_wconf 80' lang='grc' dir='ltr'>γὰρ</span> 
     </span>
    </p>
   </div>
   <div class='ocr_carea' id='block_1_68' title="bbox 309 4572 1885 4646">
    <p class='ocr_par' dir='ltr' id='par_1_68' title="bbox 309 4572 1885 4646">
     <span class='ocr_line' id='line_1_68' title="bbox 309 4572 1885 4646; baseline -0.013 -4"><span class='ocrx_word' id='word_1_451' title='bbox 309 4575 464 4642; x_wconf 60' lang='grc' dir='ltr'>ξύλον</span> <span class='ocrx_word' id='word_1_452' title='bbox 495 4574 613 4627; x_wconf 66' lang='grc' dir='ltr'><strong>ἐστὶ</strong></span> <span class='ocrx_word' id='word_1_453' title='bbox 643 4575 802 4646; x_wconf 79' lang='grc' dir='ltr'>ξηρὸν</span> <span class='ocrx_word' id='word_1_454' title='bbox 829 4575 948 4645; x_wconf 75' lang='grc' dir='ltr'>ἔχον</span> <span class='ocrx_word' id='word_1_455' title='bbox 973 4573 1160 4645; x_wconf 89' lang='grc' dir='ltr'>νεῦρα,</span> <span class='ocrx_word' id='word_1_456' title='bbox 1196 4573 1424 4646; x_wconf 82' lang='grc' dir='ltr'>ἀόρατον</span> <span class='ocrx_word' id='word_1_457' title='bbox 1478 4572 1661 4642; x_wconf 79' lang='grc' dir='ltr'>φωνὴν</span> <span class='ocrx_word' id='word_1_458' title='bbox 1690 4572 1885 4625; x_wconf 84' lang='grc' dir='ltr'>ἀποτε-</span> 
     </span>
    </p>
   </div>
   <div class='ocr_carea' id='block_1_69' title="bbox 309 4664 1684 4738">
    <p class='ocr_par' dir='ltr' id='par_1_69' title="bbox 309 4664 1684 4738">
     <span class='ocr_line' id='line_1_69' title="bbox 309 4664 1684 4738; baseline -0.003 -18"><span class='ocrx_word' id='word_1_459' title='bbox 309 4666 477 4720; x_wconf 87' lang='grc' dir='ltr'>κοῦσα</span> <span class='ocrx_word' id='word_1_460' title='bbox 511 4666 588 4737; x_wconf 81' lang='grc'><strong>(5)</strong></span> <span class='ocrx_word' id='word_1_461' title='bbox 627 4667 748 4720; x_wconf 91' lang='grc' dir='ltr'>κατ’</span> <span class='ocrx_word' id='word_1_462' title='bbox 771 4667 1048 4738; x_wconf 79' lang='grc' dir='ltr'>ἐνέργειαν</span> <span class='ocrx_word' id='word_1_463' title='bbox 1066 4665 1160 4719; x_wconf 87' lang='grc' dir='ltr'><strong>τοῦ</strong></span> <span class='ocrx_word' id='word_1_464' title='bbox 1191 4665 1464 4728; x_wconf 88' lang='grc' dir='ltr'>κινοῦντος</span> <span class='ocrx_word' id='word_1_465' title='bbox 1497 4664 1684 4734; x_wconf 80' lang='grc' dir='ltr'>αὐτήν.</span> 
     </span>
    </p>
   </div>
   <div class='ocr_carea' id='block_1_70' title="bbox 379 4842 1422 4913">
    <p class='ocr_par' dir='ltr' id='par_1_70' title="bbox 379 4842 1422 4913">
     <span class='ocr_line' id='line_1_70' title="bbox 379 4842 1422 4913; baseline -0.002 -15"><span class='ocrx_word' id='word_1_466' title='bbox 379 4845 466 4898; x_wconf 76' lang='grc'><strong>12.</strong></span> <span class='ocrx_word' id='word_1_467' title='bbox 492 4842 611 4898; x_wconf 86' lang='grc' dir='ltr'>Ἵνα</span> <span class='ocrx_word' id='word_1_468' title='bbox 641 4843 696 4896; x_wconf 93' lang='grc' dir='ltr'><strong>τί</strong></span> <span class='ocrx_word' id='word_1_469' title='bbox 727 4843 896 4907; x_wconf 76' lang='grc' dir='ltr'>οὕτως</span> <span class='ocrx_word' id='word_1_470' title='bbox 920 4843 1168 4912; x_wconf 86' lang='grc' dir='ltr'>ἁπέγνως</span> <span class='ocrx_word' id='word_1_471' title='bbox 1198 4844 1422 4913; x_wconf 83' lang='grc' dir='ltr'>ὲαυτῆς;</span> 
     </span>
    </p>
   </div>
   <div class='ocr_carea' id='block_1_71' title="bbox 2057 2997 3552 3068">
    <p class='ocr_par' dir='ltr' id='par_1_71' title="bbox 2057 2997 3552 3068">
     <span class='ocr_line' id='line_1_71' title="bbox 2057 2997 3552 3068; baseline -0.006 -11"><span class='ocrx_word' id='word_1_472' title='bbox 2057 3005 2110 3058; x_wconf 92' lang='grc'><strong>1.</strong></span> <span class='ocrx_word' id='word_1_473' title='bbox 2147 3001 2420 3068; x_wconf 83' lang='lat' dir='ltr'><strong>Miserere,</strong></span> <span class='ocrx_word' id='word_1_474' title='bbox 2472 3002 2719 3064; x_wconf 87' lang='lat' dir='ltr'><strong>Domine,</strong></span> <span class='ocrx_word' id='word_1_475' title='bbox 2753 3010 2807 3056; x_wconf 88' lang='lat' dir='ltr'><strong>et</strong></span> <span class='ocrx_word' id='word_1_476' title='bbox 2857 3000 3046 3055; x_wconf 84' lang='lat' dir='ltr'><strong>videns</strong></span> <span class='ocrx_word' id='word_1_477' title='bbox 3093 3012 3179 3052; x_wconf 90' lang='lat' dir='ltr'><strong>me</strong></span> <span class='ocrx_word' id='word_1_478' title='bbox 3219 2997 3404 3067; x_wconf 88' lang='lat' dir='ltr'><strong>inique</strong></span> <span class='ocrx_word' id='word_1_479' title='bbox 3433 3008 3552 3066; x_wconf 88' lang='lat' dir='ltr'><strong>per-</strong></span> 
     </span>
    </p>
   </div>
   <div class='ocr_carea' id='block_1_72' title="bbox 1986 3090 3371 3164">
    <p class='ocr_par' dir='ltr' id='par_1_72' title="bbox 1986 3090 3371 3164">
     <span class='ocr_line' id='line_1_72' title="bbox 1986 3090 3371 3164; baseline -0.006 -12"><span class='ocrx_word' id='word_1_480' title='bbox 1986 3103 2276 3152; x_wconf 88' lang='lat' dir='ltr'><strong>tractatum</strong></span> <span class='ocrx_word' id='word_1_481' title='bbox 2304 3110 2332 3149; x_wconf 91' lang='lat' dir='ltr'><strong>a</strong></span> <span class='ocrx_word' id='word_1_482' title='bbox 2360 3094 2650 3150; x_wconf 85' lang='lat' dir='ltr'><strong>contrariis</strong></span> <span class='ocrx_word' id='word_1_483' title='bbox 2692 3092 3050 3164; x_wconf 85' lang='lat' dir='ltr'><strong>potestatibus</strong></span> <span class='ocrx_word' id='word_1_484' title='bbox 3072 3090 3242 3145; x_wconf 85' lang='lat' dir='ltr'><strong>libera</strong></span> <span class='ocrx_word' id='word_1_485' title='bbox 3267 3102 3371 3144; x_wconf 88' lang='lat' dir='ltr'><strong>me.</strong></span> 
     </span>
    </p>
   </div>
   <div class='ocr_carea' id='block_1_73' title="bbox 2055 3184 2670 3254">
    <p class='ocr_par' dir='ltr' id='par_1_73' title="bbox 2055 3184 2670 3254">
     <span class='ocr_line' id='line_1_73' title="bbox 2055 3184 2670 3254; baseline -0.005 -14"><span class='ocrx_word' id='word_1_486' title='bbox 2055 3187 2109 3240; x_wconf 76' lang='grc'><strong>2.</strong></span> <span class='ocrx_word' id='word_1_487' title='bbox 2140 3187 2181 3240; x_wconf 83' lang='grc' dir='ltr'>Α</span> <span class='ocrx_word' id='word_1_488' title='bbox 2212 3185 2450 3251; x_wconf 85' lang='lat' dir='ltr'><strong>diabolo,</strong></span> <span class='ocrx_word' id='word_1_489' title='bbox 2475 3184 2670 3254; x_wconf 87' lang='lat' dir='ltr'><strong>inquit.</strong></span> 
     </span>
    </p>
   </div>
   <div class='ocr_carea' id='block_1_74' title="bbox 2060 3279 3107 3346">
    <p class='ocr_par' dir='ltr' id='par_1_74' title="bbox 2060 3279 3107 3346">
     <span class='ocr_line' id='line_1_74' title="bbox 2060 3279 3107 3346; baseline -0.006 -11"><span class='ocrx_word' id='word_1_490' title='bbox 2060 3281 2116 3335; x_wconf 80' lang='grc'><strong>5.</strong></span> <span class='ocrx_word' id='word_1_491' title='bbox 2143 3279 2414 3346; x_wconf 85' lang='lat' dir='ltr'><strong>Quoniam</strong></span> <span class='ocrx_word' id='word_1_492' title='bbox 2441 3289 2495 3333; x_wconf 92' lang='lat' dir='ltr'><strong>tu</strong></span> <span class='ocrx_word' id='word_1_493' title='bbox 2520 3295 2580 3334; x_wconf 90' lang='lat' dir='ltr'><strong>es</strong></span> <span class='ocrx_word' id='word_1_494' title='bbox 2606 3279 2869 3332; x_wconf 81' lang='lat' dir='ltr'><strong>auxilium</strong></span> <span class='ocrx_word' id='word_1_495' title='bbox 2903 3291 3107 3332; x_wconf 88' lang='lat' dir='ltr'><strong>meum.</strong></span> 
     </span>
    </p>
   </div>
   <div class='ocr_carea' id='block_1_75' title="bbox 2055 3369 2793 3440">
    <p class='ocr_par' dir='ltr' id='par_1_75' title="bbox 2055 3369 2793 3440">
     <span class='ocr_line' id='line_1_75' title="bbox 2055 3369 2793 3440; baseline -0.004 -15"><span class='ocrx_word' id='word_1_496' title='bbox 2055 3371 2107 3425; x_wconf 80' lang='grc'><strong>4.</strong></span> <span class='ocrx_word' id='word_1_497' title='bbox 2143 3371 2323 3438; x_wconf 89' lang='lat' dir='ltr'><strong>Quare</strong></span> <span class='ocrx_word' id='word_1_498' title='bbox 2359 3386 2445 3425; x_wconf 92' lang='lat' dir='ltr'><strong>me</strong></span> <span class='ocrx_word' id='word_1_499' title='bbox 2476 3369 2793 3440; x_wconf 75' lang='lat' dir='ltr'><strong>proiecisti?</strong></span> 
     </span>
    </p>
   </div>
   <div class='ocr_carea' id='block_1_76' title="bbox 2056 3455 3557 3532">
    <p class='ocr_par' dir='ltr' id='par_1_76' title="bbox 2056 3455 3557 3532">
     <span class='ocr_line' id='line_1_76' title="bbox 2056 3455 3557 3532; baseline -0.005 -15"><span class='ocrx_word' id='word_1_500' title='bbox 2056 3462 2109 3517; x_wconf 86' lang='lat'><strong>5.</strong></span> <span class='ocrx_word' id='word_1_501' title='bbox 2143 3461 2210 3517; x_wconf 90' lang='lat' dir='ltr'><strong>Et</strong></span> <span class='ocrx_word' id='word_1_502' title='bbox 2242 3476 2413 3532; x_wconf 84' lang='lat' dir='ltr'><strong>quare</strong></span> <span class='ocrx_word' id='word_1_503' title='bbox 2442 3461 2835 3518; x_wconf 85' lang='lat' dir='ltr'><strong>obtenebratus</strong></span> <span class='ocrx_word' id='word_1_504' title='bbox 2868 3460 3084 3521; x_wconf 85' lang='lat' dir='ltr'><strong>incedo.</strong></span> <span class='ocrx_word' id='word_1_505' title='bbox 3126 3458 3257 3514; x_wconf 90' lang='lat' dir='ltr'><strong>dum</strong></span> <span class='ocrx_word' id='word_1_506' title='bbox 3299 3456 3430 3512; x_wconf 88' lang='lat' dir='ltr'><strong>mihi</strong></span> <span class='ocrx_word' id='word_1_507' title='bbox 3464 3455 3557 3510; x_wconf 64' lang='lat' dir='ltr'><strong>doc</strong></span> 
     </span>
    </p>
   </div>
   <div class='ocr_carea' id='block_1_77' title="bbox 1911 3552 2550 3611">
    <p class='ocr_par' dir='ltr' id='par_1_77' title="bbox 1911 3552 2550 3611">
     <span class='ocr_line' id='line_1_77' title="bbox 1911 3552 2550 3611; baseline -0.003 -1"><span class='ocrx_word' id='word_1_508' title='bbox 1911 3552 1954 3610; x_wconf 88' lang='lat' dir='ltr'><strong>C</strong></span> <span class='ocrx_word' id='word_1_509' title='bbox 1989 3557 2229 3611; x_wconf 89' lang='lat' dir='ltr'><strong>minatur</strong></span> <span class='ocrx_word' id='word_1_510' title='bbox 2260 3555 2550 3610; x_wconf 82' lang='lat' dir='ltr'><strong>diabolus?</strong></span> 
     </span>
    </p>
   </div>
   <div class='ocr_carea' id='block_1_78' title="bbox 2059 3645 3557 3716">
    <p class='ocr_par' dir='ltr' id='par_1_78' title="bbox 2059 3645 3557 3716">
     <span class='ocr_line' id='line_1_78' title="bbox 2059 3645 3557 3716; baseline -0.007 -14"><span class='ocrx_word' id='word_1_511' title='bbox 2059 3647 2112 3702; x_wconf 84' lang='lat'><em>6.</em></span> <span class='ocrx_word' id='word_1_512' title='bbox 2153 3647 2304 3702; x_wconf 87' lang='lat' dir='ltr'><strong>Mitte</strong></span> <span class='ocrx_word' id='word_1_513' title='bbox 2364 3646 2563 3702; x_wconf 83' lang='lat' dir='ltr'><strong>Filium</strong></span> <span class='ocrx_word' id='word_1_514' title='bbox 2635 3657 2831 3712; x_wconf 90' lang='lat' dir='ltr'><strong>tuum,</strong></span> <span class='ocrx_word' id='word_1_515' title='bbox 2885 3655 2954 3701; x_wconf 89' lang='lat' dir='ltr'><strong>et.</strong></span> <span class='ocrx_word' id='word_1_516' title='bbox 2991 3645 3253 3716; x_wconf 81' lang='lat' dir='ltr'><strong>Spiritum</strong></span> <span class='ocrx_word' id='word_1_517' title='bbox 3310 3649 3557 3699; x_wconf 89' lang='lat' dir='ltr'><strong>sanctum</strong></span> 
     </span>
    </p>
   </div>
   <div class='ocr_carea' id='block_1_79' title="bbox 1988 3749 2166 3795">
    <p class='ocr_par' dir='ltr' id='par_1_79' title="bbox 1988 3749 2166 3795">
     <span class='ocr_line' id='line_1_79' title="bbox 1988 3749 2166 3795; baseline -0.006 0"><span class='ocrx_word' id='word_1_518' title='bbox 1988 3749 2166 3795; x_wconf 84' lang='lat' dir='ltr'><strong>tuum.</strong></span> 
     </span>
    </p>
   </div>
   <div class='ocr_carea' id='block_1_80' title="bbox 2061 3823 3556 3902">
    <p class='ocr_par' dir='ltr' id='par_1_80' title="bbox 2061 3823 3556 3902">
     <span class='ocr_line' id='line_1_80' title="bbox 2061 3823 3556 3902; baseline -0.005 -19"><span class='ocrx_word' id='word_1_519' title='bbox 2061 3831 2125 3895; x_wconf 90' lang='lat'><strong>7,</strong></span> <span class='ocrx_word' id='word_1_520' title='bbox 2163 3831 2218 3886; x_wconf 91' lang='lat'><strong>8.</strong></span> <span class='ocrx_word' id='word_1_521' title='bbox 2253 3829 2387 3902; x_wconf 83' lang='lat' dir='ltr'><strong>Ipsa.</strong></span> <span class='ocrx_word' id='word_1_522' title='bbox 2413 3844 2501 3884; x_wconf 89' lang='lat' dir='ltr'><strong>me</strong></span> <span class='ocrx_word' id='word_1_523' title='bbox 2537 3844 2683 3883; x_wconf 90' lang='lat' dir='ltr'><strong>nunc</strong></span> <span class='ocrx_word' id='word_1_524' title='bbox 2719 3827 3068 3884; x_wconf 74' lang='lat' dir='ltr'><strong>deduxerunt</strong></span> <span class='ocrx_word' id='word_1_525' title='bbox 3107 3834 3163 3880; x_wconf 88' lang='lat' dir='ltr'><strong>et</strong></span> <span class='ocrx_word' id='word_1_526' title='bbox 3199 3823 3556 3882; x_wconf 80' lang='lat' dir='ltr'><strong>adduxerunt,</strong></span> 
     </span>
    </p>
   </div>
   <div class='ocr_carea' id='block_1_81' title="bbox 1989 3918 3558 3998">
    <p class='ocr_par' dir='ltr' id='par_1_81' title="bbox 1989 3918 3558 3998">
     <span class='ocr_line' id='line_1_81' title="bbox 1989 3918 3558 3998; baseline -0.006 -22"><span class='ocrx_word' id='word_1_527' title='bbox 1989 3933 2047 3977; x_wconf 86' lang='lat' dir='ltr'><strong>ut</strong></span> <span class='ocrx_word' id='word_1_528' title='bbox 2081 3923 2402 3998; x_wconf 82' lang='lat' dir='ltr'><strong>recordarer</strong></span> <span class='ocrx_word' id='word_1_529' title='bbox 2441 3922 2680 3978; x_wconf 82' lang='lat' dir='ltr'><strong>caelestis</strong></span> <span class='ocrx_word' id='word_1_530' title='bbox 2729 3918 3181 3984; x_wconf 80' lang='lat' dir='ltr'><strong>conversationis,</strong></span> <span class='ocrx_word' id='word_1_531' title='bbox 3238 3925 3294 3971; x_wconf 91' lang='lat' dir='ltr'><strong>et</strong></span> <span class='ocrx_word' id='word_1_532' title='bbox 3335 3924 3558 3970; x_wconf 67' lang='lat' dir='ltr'><strong>aeterna-</strong></span> 
     </span>
    </p>
   </div>
   <div class='ocr_carea' id='block_1_82' title="bbox 1987 4013 2716 4084">
    <p class='ocr_par' dir='ltr' id='par_1_82' title="bbox 1987 4013 2716 4084">
     <span class='ocr_line' id='line_1_82' title="bbox 1987 4013 2716 4084; baseline 0 -16"><span class='ocrx_word' id='word_1_533' title='bbox 1987 4031 2108 4070; x_wconf 81' lang='lat' dir='ltr'><strong>rum</strong></span> <span class='ocrx_word' id='word_1_534' title='bbox 2140 4022 2360 4069; x_wconf 87' lang='lat' dir='ltr'><strong>tuarum</strong></span> <span class='ocrx_word' id='word_1_535' title='bbox 2387 4013 2716 4084; x_wconf 86' lang='lat' dir='ltr'><strong>requietum.</strong></span> 
     </span>
    </p>
   </div>
   <div class='ocr_carea' id='block_1_83' title="bbox 2057 4095 3558 4179">
    <p class='ocr_par' dir='ltr' id='par_1_83' title="bbox 2057 4095 3558 4179">
     <span class='ocr_line' id='line_1_83' title="bbox 2057 4095 3558 4179; baseline -0.007 -18"><span class='ocrx_word' id='word_1_536' title='bbox 2057 4107 2110 4163; x_wconf 92' lang='lat'><strong>9.</strong></span> <span class='ocrx_word' id='word_1_537' title='bbox 2142 4107 2208 4162; x_wconf 84' lang='lat' dir='ltr'><strong>Et</strong></span> <span class='ocrx_word' id='word_1_538' title='bbox 2235 4116 2416 4163; x_wconf 87' lang='lat' dir='ltr'><strong>mente</strong></span> <span class='ocrx_word' id='word_1_539' title='bbox 2445 4106 2722 4179; x_wconf 78' lang='lat' dir='ltr'><strong>ingredior</strong></span> <span class='ocrx_word' id='word_1_540' title='bbox 2744 4104 2812 4160; x_wconf 90' lang='lat' dir='ltr'><strong>ad</strong></span> <span class='ocrx_word' id='word_1_541' title='bbox 2835 4101 3222 4174; x_wconf 80' lang='lat' dir='ltr'><strong>supcrcoeleste</strong></span> <span class='ocrx_word' id='word_1_542' title='bbox 3251 4097 3422 4153; x_wconf 89' lang='lat' dir='ltr'><strong>altare</strong></span> <span class='ocrx_word' id='word_1_543' title='bbox 3442 4095 3558 4151; x_wconf 91' lang='lat' dir='ltr'><strong>Dei.</strong></span> 
     </span>
    </p>
   </div>
   <div class='ocr_carea' id='block_1_84' title="bbox 2059 4282 3326 4355">
    <p class='ocr_par' dir='ltr' id='par_1_84' title="bbox 2059 4282 3326 4355">
     <span class='ocr_line' id='line_1_84' title="bbox 2059 4282 3326 4355; baseline -0.007 -14"><span class='ocrx_word' id='word_1_544' title='bbox 2059 4288 2146 4342; x_wconf 90' lang='grc'><strong>10.</strong></span> <span class='ocrx_word' id='word_1_545' title='bbox 2180 4286 2589 4352; x_wconf 80' lang='lat' dir='ltr'><strong>Laetiticantem,</strong></span> <span class='ocrx_word' id='word_1_546' title='bbox 2621 4285 2826 4355; x_wconf 89' lang='lat' dir='ltr'><strong>inquit,</strong></span> <span class='ocrx_word' id='word_1_547' title='bbox 2852 4282 3092 4337; x_wconf 83' lang='lat' dir='ltr'><strong>animam</strong></span> <span class='ocrx_word' id='word_1_548' title='bbox 3128 4294 3326 4334; x_wconf 88' lang='lat' dir='ltr'><strong>meam.</strong></span> 
     </span>
    </p>
   </div>
   <div class='ocr_carea' id='block_1_85' title="bbox 2061 4368 3561 4447">
    <p class='ocr_par' dir='ltr' id='par_1_85' title="bbox 2061 4368 3561 4447">
     <span class='ocr_line' id='line_1_85' title="bbox 2061 4368 3561 4447; baseline -0.01 -12"><span class='ocrx_word' id='word_1_549' title='bbox 2061 4381 2146 4437; x_wconf 89' lang='grc'><strong>11.</strong></span> <span class='ocrx_word' id='word_1_550' title='bbox 2183 4379 2536 4440; x_wconf 83' lang='lat' dir='ltr'><strong>Gloriﬁcabo,</strong></span> <span class='ocrx_word' id='word_1_551' title='bbox 2565 4378 2766 4447; x_wconf 90' lang='lat' dir='ltr'><strong>inquit,</strong></span> <span class='ocrx_word' id='word_1_552' title='bbox 2800 4379 2854 4430; x_wconf 90' lang='lat' dir='ltr'><strong>in</strong></span> <span class='ocrx_word' id='word_1_553' title='bbox 2889 4373 3072 4428; x_wconf 88' lang='lat' dir='ltr'><strong>anima</strong></span> <span class='ocrx_word' id='word_1_554' title='bbox 3102 4386 3221 4426; x_wconf 84' lang='lat' dir='ltr'><strong>mea</strong></span> <span class='ocrx_word' id='word_1_555' title='bbox 3243 4409 3258 4435; x_wconf 90' lang='lat'><strong>,</strong></span> <span class='ocrx_word' id='word_1_556' title='bbox 3290 4377 3345 4424; x_wconf 88' lang='lat' dir='ltr'><strong>et</strong></span> <span class='ocrx_word' id='word_1_557' title='bbox 3369 4368 3422 4423; x_wconf 91' lang='lat' dir='ltr'><strong>in</strong></span> <span class='ocrx_word' id='word_1_558' title='bbox 3445 4383 3561 4424; x_wconf 86' lang='lat' dir='ltr'><strong>cor-</strong></span> 
     </span>
    </p>
   </div>
   <div class='ocr_carea' id='block_1_86' title="bbox 1986 4460 3562 4545">
    <p class='ocr_par' dir='ltr' id='par_1_86' title="bbox 1986 4460 3562 4545">
     <span class='ocr_line' id='line_1_86' title="bbox 1986 4460 3562 4545; baseline -0.009 -17"><span class='ocrx_word' id='word_1_559' title='bbox 1986 4490 2117 4545; x_wconf 88' lang='lat' dir='ltr'><strong>pore</strong></span> <span class='ocrx_word' id='word_1_560' title='bbox 2154 4471 2492 4543; x_wconf 81' lang='lat' dir='ltr'><strong>mortiﬁcans</strong></span> <span class='ocrx_word' id='word_1_561' title='bbox 2537 4478 2710 4524; x_wconf 89' lang='lat' dir='ltr'><strong>totum</strong></span> <span class='ocrx_word' id='word_1_562' title='bbox 2752 4470 3020 4538; x_wconf 89' lang='lat' dir='ltr'><strong>meipsum</strong></span> <span class='ocrx_word' id='word_1_563' title='bbox 3068 4460 3562 4536; x_wconf 77' lang='lat' dir='ltr'><strong>peccato:citltara</strong></span> 
     </span>
    </p>
   </div>
   <div class='ocr_carea' id='block_1_87' title="bbox 1985 4553 3562 4637">
    <p class='ocr_par' dir='ltr' id='par_1_87' title="bbox 1985 4553 3562 4637">
     <span class='ocr_line' id='line_1_87' title="bbox 1985 4553 3562 4637; baseline -0.011 -14"><span class='ocrx_word' id='word_1_564' title='bbox 1985 4569 2128 4623; x_wconf 88' lang='lat' dir='ltr'><strong>enim</strong></span> <span class='ocrx_word' id='word_1_565' title='bbox 2177 4575 2262 4622; x_wconf 89' lang='lat' dir='ltr'><strong>est</strong></span> <span class='ocrx_word' id='word_1_566' title='bbox 2315 4566 2523 4637; x_wconf 81' lang='lat' dir='ltr'><strong>lignum</strong></span> <span class='ocrx_word' id='word_1_567' title='bbox 2568 4563 2778 4618; x_wconf 87' lang='lat' dir='ltr'><strong>aridum</strong></span> <span class='ocrx_word' id='word_1_568' title='bbox 2812 4563 3018 4617; x_wconf 86' lang='lat' dir='ltr'><strong>habens</strong></span> <span class='ocrx_word' id='word_1_569' title='bbox 3052 4573 3273 4623; x_wconf 86' lang='lat' dir='ltr'><strong>nervos,</strong></span> <span class='ocrx_word' id='word_1_570' title='bbox 3318 4553 3562 4611; x_wconf 84' lang='lat' dir='ltr'><strong>invisibi-</strong></span> 
     </span>
    </p>
   </div>
   <div class='ocr_carea' id='block_1_88' title="bbox 1987 4651 3561 4723">
    <p class='ocr_par' dir='ltr' id='par_1_88' title="bbox 1987 4651 3561 4723">
     <span class='ocr_line' id='line_1_88' title="bbox 1987 4651 3561 4723; baseline -0.01 -7"><span class='ocrx_word' id='word_1_571' title='bbox 1987 4666 2090 4717; x_wconf 86' lang='lat' dir='ltr'><strong>lem</strong></span> <span class='ocrx_word' id='word_1_572' title='bbox 2140 4674 2329 4714; x_wconf 90' lang='lat' dir='ltr'><strong>vocem</strong></span> <span class='ocrx_word' id='word_1_573' title='bbox 2374 4657 2633 4713; x_wconf 88' lang='lat' dir='ltr'><strong>emittens</strong></span> <span class='ocrx_word' id='word_1_574' title='bbox 2676 4654 2976 4711; x_wconf 89' lang='lat' dir='ltr'><strong>secundum</strong></span> <span class='ocrx_word' id='word_1_575' title='bbox 3023 4651 3392 4723; x_wconf 87' lang='lat' dir='ltr'><strong>operationem</strong></span> <span class='ocrx_word' id='word_1_576' title='bbox 3442 4662 3561 4703; x_wconf 88' lang='lat' dir='ltr'><strong>eam</strong></span> 
     </span>
    </p>
   </div>
   <div class='ocr_carea' id='block_1_89' title="bbox 1987 4751 2277 4807">
    <p class='ocr_par' dir='ltr' id='par_1_89' title="bbox 1987 4751 2277 4807">
     <span class='ocr_line' id='line_1_89' title="bbox 1987 4751 2277 4807; baseline -0.014 0"><span class='ocrx_word' id='word_1_577' title='bbox 1987 4751 2277 4807; x_wconf 88' lang='lat' dir='ltr'><strong>moventis.</strong></span> 
     </span>
    </p>
   </div>
   <div class='ocr_carea' id='block_1_90' title="bbox 2057 4831 3152 4907">
    <p class='ocr_par' dir='ltr' id='par_1_90' title="bbox 2057 4831 3152 4907">
     <span class='ocr_line' id='line_1_90' title="bbox 2057 4831 3152 4907; baseline -0.011 -11"><span class='ocrx_word' id='word_1_578' title='bbox 2057 4842 2143 4896; x_wconf 72' lang='lat'><strong>12.</strong></span> <span class='ocrx_word' id='word_1_579' title='bbox 2179 4840 2361 4907; x_wconf 92' lang='lat' dir='ltr'><strong>Quare</strong></span> <span class='ocrx_word' id='word_1_580' title='bbox 2389 4838 2465 4892; x_wconf 88' lang='lat' dir='ltr'><strong>ita</strong></span> <span class='ocrx_word' id='word_1_581' title='bbox 2488 4835 2556 4891; x_wconf 90' lang='lat' dir='ltr'><strong>de</strong></span> <span class='ocrx_word' id='word_1_582' title='bbox 2581 4843 2633 4890; x_wconf 93' lang='lat' dir='ltr'><strong>te</strong></span> <span class='ocrx_word' id='word_1_583' title='bbox 2667 4835 2782 4904; x_wconf 85' lang='lat' dir='ltr'><strong>ipsa</strong></span> <span class='ocrx_word' id='word_1_584' title='bbox 2809 4831 3152 4902; x_wconf 86' lang='lat' dir='ltr'><strong>desperasti?</strong></span> 
     </span>
    </p>
   </div>
   <div class='ocr_carea' id='block_1_91' title="bbox 375 4899 1873 5003">
    <p class='ocr_par' dir='ltr' id='par_1_91' title="bbox 375 4899 1873 5003">
     <span class='ocr_line' id='line_1_91' title="bbox 375 4899 1873 5003; baseline -0.004 -13"><span class='ocrx_word' id='word_1_585' title='bbox 375 4939 462 4992; x_wconf 78' lang='grc'><strong>13.</strong></span> <span class='ocrx_word' id='word_1_586' title='bbox 499 4937 757 4991; x_wconf 84' lang='grc' dir='ltr'>Ἔλπισον</span> <span class='ocrx_word' id='word_1_587' title='bbox 782 4937 876 4989; x_wconf 69' lang='grc' dir='ltr'><strong>ἐπὶ</strong></span> <span class='ocrx_word' id='word_1_588' title='bbox 908 4936 999 4991; x_wconf 87' lang='grc' dir='ltr'><strong>τὸν</strong></span> <span class='ocrx_word' id='word_1_589' title='bbox 1024 4899 1156 4990; x_wconf 84' lang='grc' dir='ltr'>Θεὸν</span> <span class='ocrx_word' id='word_1_590' title='bbox 1177 4937 1267 4989; x_wconf 89' lang='grc' dir='ltr'><strong>τὸν</strong></span> <span class='ocrx_word' id='word_1_591' title='bbox 1291 4899 1530 4998; x_wconf 63' lang='grc' dir='ltr'>σιύζὸντα</span> <span class='ocrx_word' id='word_1_592' title='bbox 1553 4935 1677 4997; x_wconf 80' lang='grc' dir='ltr'>τοὺς</span> <span class='ocrx_word' id='word_1_593' title='bbox 1710 4949 1873 5003; x_wconf 70' lang='grc' dir='ltr'>προσα</span> 
     </span>
    </p>
   </div>
   <div class='ocr_carea' id='block_1_92' title="bbox 2033 4899 3563 5003">
    <p class='ocr_par' dir='ltr' id='par_1_92' title="bbox 2066 4899 3563 4998">
     <span class='ocr_line' id='line_1_92' title="bbox 2066 4899 3563 4998; baseline -0.008 -14"><span class='ocrx_word' id='word_1_594' title='bbox 2066 4930 2149 4984; x_wconf 71' lang='lat'><strong>15.</strong></span> <span class='ocrx_word' id='word_1_595' title='bbox 2186 4899 2353 4998; x_wconf 64' lang='grc' dir='ltr'>ἔρρει-ιι</span> <span class='ocrx_word' id='word_1_596' title='bbox 2389 4927 2443 4980; x_wconf 91' lang='lat' dir='ltr'><strong>in</strong></span> <span class='ocrx_word' id='word_1_597' title='bbox 2472 4925 2664 4989; x_wconf 89' lang='lat' dir='ltr'><strong>Deum,</strong></span> <span class='ocrx_word' id='word_1_598' title='bbox 2688 4899 2800 4994; x_wconf 48' lang='grc' dir='ltr'><strong>’(ιυὶ</strong></span> <span class='ocrx_word' id='word_1_599' title='bbox 2845 4899 3022 4977; x_wconf 84' lang='lat' dir='ltr'><strong>salvat</strong></span> <span class='ocrx_word' id='word_1_600' title='bbox 3048 4921 3116 4976; x_wconf 89' lang='lat' dir='ltr'><strong>ad</strong></span> <span class='ocrx_word' id='word_1_601' title='bbox 3148 4936 3207 4976; x_wconf 90' lang='lat' dir='ltr'><strong>se</strong></span> <span class='ocrx_word' id='word_1_602' title='bbox 3247 4917 3563 4991; x_wconf 80' lang='lat' dir='ltr'><strong>confugien-</strong></span> 
     </span>
    </p>
   </div>
   <div class='ocr_carea' id='block_1_93' title="bbox 309 5024 1882 5100">
    <p class='ocr_par' dir='ltr' id='par_1_93' title="bbox 309 5024 1882 5100">
     <span class='ocr_line' id='line_1_93' title="bbox 309 5024 1882 5100; baseline -0.003 -18"><span class='ocrx_word' id='word_1_603' title='bbox 309 5029 609 5099; x_wconf 64' lang='grc' dir='ltr'>φεύγοντας</span> <span class='ocrx_word' id='word_1_604' title='bbox 633 5028 804 5100; x_wconf 81' lang='grc' dir='ltr'>αὐτῷ,</span> <span class='ocrx_word' id='word_1_605' title='bbox 835 5030 917 5083; x_wconf 83' lang='grc' dir='ltr'>ὅτι</span> <span class='ocrx_word' id='word_1_606' title='bbox 975 5028 1129 5098; x_wconf 82' lang='grc' dir='ltr'><strong>κάγὼ</strong></span> <span class='ocrx_word' id='word_1_607' title='bbox 1167 5027 1342 5100; x_wconf 79' lang='grc' dir='ltr'>μέλλω</span> <span class='ocrx_word' id='word_1_608' title='bbox 1373 5027 1521 5099; x_wconf 83' lang='grc' dir='ltr'><strong>αὐτῷ</strong></span> <span class='ocrx_word' id='word_1_609' title='bbox 1560 5024 1882 5097; x_wconf 78' lang='grc' dir='ltr'>ἐξομολογή-</span> 
     </span>
    </p>
   </div>
   <div class='ocr_carea' id='block_1_94' title="bbox 310 5119 632 5190">
    <p class='ocr_par' dir='ltr' id='par_1_94' title="bbox 310 5119 632 5190">
     <span class='ocr_line' id='line_1_94' title="bbox 310 5119 632 5190; baseline 0.006 -16"><span class='ocrx_word' id='word_1_610' title='bbox 310 5122 504 5176; x_wconf 90' lang='grc' dir='ltr'>σασθαι</span> <span class='ocrx_word' id='word_1_611' title='bbox 536 5119 632 5190; x_wconf 83' lang='grc'>(6).</span> 
     </span>
    </p>
   </div>
   <div class='ocr_carea' id='block_1_95' title="bbox 379 5213 1310 5285">
    <p class='ocr_par' dir='ltr' id='par_1_95' title="bbox 379 5213 1310 5285">
     <span class='ocr_line' id='line_1_95' title="bbox 379 5213 1310 5285; baseline -0.002 -17"><span class='ocrx_word' id='word_1_612' title='bbox 379 5215 466 5269; x_wconf 72' lang='grc'><strong>14.</strong></span> <span class='ocrx_word' id='word_1_613' title='bbox 497 5215 668 5279; x_wconf 81' lang='grc' dir='ltr'>Αὐτός</span> <span class='ocrx_word' id='word_1_614' title='bbox 697 5215 844 5268; x_wconf 78' lang='grc' dir='ltr'>ἐστιν</span> <span class='ocrx_word' id='word_1_615' title='bbox 868 5215 897 5267; x_wconf 91' lang='lat'><strong>6</strong></span> <span class='ocrx_word' id='word_1_616' title='bbox 917 5213 1048 5278; x_wconf 84' lang='grc' dir='ltr'>Θεός</span> <span class='ocrx_word' id='word_1_617' title='bbox 1082 5231 1184 5284; x_wconf 86' lang='grc' dir='ltr'><strong>μου</strong></span> <span class='ocrx_word' id='word_1_618' title='bbox 1215 5213 1310 5285; x_wconf 89' lang='grc'><strong>(7).</strong></span> 
     </span>
    </p>
   </div>
   <div class='ocr_carea' id='block_1_96' title="bbox 1989 5014 3276 5092">
    <p class='ocr_par' dir='ltr' id='par_1_96' title="bbox 1989 5014 3276 5092">
     <span class='ocr_line' id='line_1_96' title="bbox 1989 5014 3276 5092; baseline -0.011 -14"><span class='ocrx_word' id='word_1_619' title='bbox 1989 5032 2092 5088; x_wconf 88' lang='lat' dir='ltr'><strong>tes,</strong></span> <span class='ocrx_word' id='word_1_620' title='bbox 2121 5020 2382 5092; x_wconf 87' lang='lat' dir='ltr'><strong>quoniam</strong></span> <span class='ocrx_word' id='word_1_621' title='bbox 2408 5026 2462 5074; x_wconf 85' lang='lat' dir='ltr'><strong>et</strong></span> <span class='ocrx_word' id='word_1_622' title='bbox 2491 5033 2593 5088; x_wconf 77' lang='lat' dir='ltr'><strong>ego</strong></span> <span class='ocrx_word' id='word_1_623' title='bbox 2626 5017 2730 5088; x_wconf 89' lang='lat' dir='ltr'><strong>ipsi</strong></span> <span class='ocrx_word' id='word_1_624' title='bbox 2752 5014 3102 5072; x_wconf 83' lang='lat' dir='ltr'><strong>confessurus</strong></span> <span class='ocrx_word' id='word_1_625' title='bbox 3134 5027 3276 5067; x_wconf 82' lang='lat' dir='ltr'><strong>sum.</strong></span> 
     </span>
    </p>
   </div>
   <div class='ocr_carea' id='block_1_97' title="bbox 2060 5201 2782 5273">
    <p class='ocr_par' dir='ltr' id='par_1_97' title="bbox 2060 5201 2782 5273">
     <span class='ocr_line' id='line_1_97' title="bbox 2060 5201 2782 5273; baseline -0.012 -12"><span class='ocrx_word' id='word_1_626' title='bbox 2060 5205 2148 5264; x_wconf 76' lang='lat' dir='ltr'><strong>M.</strong></span> <span class='ocrx_word' id='word_1_627' title='bbox 2178 5202 2298 5273; x_wconf 88' lang='lat' dir='ltr'><strong>Ipse</strong></span> <span class='ocrx_word' id='word_1_628' title='bbox 2318 5211 2402 5258; x_wconf 91' lang='lat' dir='ltr'><strong>est</strong></span> <span class='ocrx_word' id='word_1_629' title='bbox 2435 5201 2581 5256; x_wconf 82' lang='lat' dir='ltr'><strong>Deus</strong></span> <span class='ocrx_word' id='word_1_630' title='bbox 2608 5216 2782 5255; x_wconf 88' lang='lat' dir='ltr'><strong>meus.</strong></span> 
     </span>
    </p>
   </div>
   <div class='ocr_carea' id='block_1_98' title="bbox 1261 5377 2615 5462">
    <p class='ocr_par' dir='ltr' id='par_1_98' title="bbox 1261 5377 2615 5462">
     <span class='ocr_line' id='line_1_98' title="bbox 1261 5377 2615 5462; baseline -0.01 -13"><span class='ocrx_word' id='word_1_631' title='bbox 1261 5389 1568 5451; x_wconf 83' lang='lat' dir='ltr'><strong>Addenda</strong></span> <span class='ocrx_word' id='word_1_632' title='bbox 1600 5394 1662 5449; x_wconf 89' lang='lat' dir='ltr'><strong>et</strong></span> <span class='ocrx_word' id='word_1_633' title='bbox 1711 5383 2088 5462; x_wconf 79' lang='lat' dir='ltr'><strong>corrigenda</strong></span> <span class='ocrx_word' id='word_1_634' title='bbox 2123 5400 2201 5444; x_wconf 77' lang='lat' dir='ltr'><strong>ex</strong></span> <span class='ocrx_word' id='word_1_635' title='bbox 2235 5379 2373 5442; x_wconf 89' lang='lat' dir='ltr'><strong>cod.</strong></span> <span class='ocrx_word' id='word_1_636' title='bbox 2411 5377 2615 5440; x_wconf 72' lang='lat' dir='ltr'><strong>Velie.</strong></span> 
     </span>
    </p>
   </div>
   <div class='ocr_carea' id='block_1_99' title="bbox 376 5515 1375 5588">
    <p class='ocr_par' dir='ltr' id='par_1_99' title="bbox 376 5515 1375 5588">
     <span class='ocr_line' id='line_1_99' title="bbox 376 5515 1375 5588; baseline -0.011 -13"><span class='ocrx_word' id='word_1_637' title='bbox 376 5517 452 5583; x_wconf 74' lang='grc'>(1)</span> <span class='ocrx_word' id='word_1_638' title='bbox 506 5519 568 5588; x_wconf 81' lang='grc' dir='ltr'>Ἡ</span> <span class='ocrx_word' id='word_1_639' title='bbox 594 5517 808 5588; x_wconf 15' lang='grc' dir='ltr'>διὰντῆς</span> <span class='ocrx_word' id='word_1_640' title='bbox 854 5515 1224 5586; x_wconf 77' lang='grc' dir='ltr'>κινναϐάρεως</span> <span class='ocrx_word' id='word_1_641' title='bbox 1255 5529 1375 5583; x_wconf 86' lang='grc' dir='ltr'>περ.</span> 
     </span>
    </p>
   </div>
   <div class='ocr_carea' id='block_1_100' title="bbox 378 5586 754 5652">
    <p class='ocr_par' dir='ltr' id='par_1_100' title="bbox 378 5586 754 5652">
     <span class='ocr_line' id='line_1_100' title="bbox 378 5586 754 5652; baseline -0.008 -7"><span class='ocrx_word' id='word_1_642' title='bbox 378 5588 457 5652; x_wconf 74' lang='grc'><strong>(2)</strong></span> <span class='ocrx_word' id='word_1_643' title='bbox 510 5586 570 5640; x_wconf 86' lang='lat'><strong>&#39;0</strong></span> <span class='ocrx_word' id='word_1_644' title='bbox 602 5587 754 5650; x_wconf 78' lang='grc' dir='ltr'>Θεὸς.</span> 
     </span>
    </p>
   </div>
   <div class='ocr_carea' id='block_1_101' title="bbox 377 5657 965 5728">
    <p class='ocr_par' dir='ltr' id='par_1_101' title="bbox 377 5657 965 5728">
     <span class='ocr_line' id='line_1_101' title="bbox 377 5657 965 5728; baseline 0.003 -16"><span class='ocrx_word' id='word_1_645' title='bbox 377 5657 456 5721; x_wconf 74' lang='lat'><strong>(3)</strong></span> <span class='ocrx_word' id='word_1_646' title='bbox 488 5658 670 5726; x_wconf 85' lang='grc' dir='ltr'>Λέγει,</span> <span class='ocrx_word' id='word_1_647' title='bbox 690 5657 848 5728; x_wconf 73' lang='grc' dir='ltr'>ῥῦσαί</span> <span class='ocrx_word' id='word_1_648' title='bbox 879 5675 965 5727; x_wconf 88' lang='grc' dir='ltr'>με.</span> 
     </span>
    </p>
   </div>
   <div class='ocr_carea' id='block_1_102' title="bbox 373 5727 1031 5794">
    <p class='ocr_par' dir='ltr' id='par_1_102' title="bbox 373 5727 1031 5794">
     <span class='ocr_line' id='line_1_102' title="bbox 373 5727 1031 5794; baseline 0.002 -14"><span class='ocrx_word' id='word_1_649' title='bbox 373 5728 448 5794; x_wconf 73' lang='grc' dir='ltr'>(ι)</span> <span class='ocrx_word' id='word_1_650' title='bbox 484 5727 882 5783; x_wconf 82' lang='grc' dir='ltr'>’Δπολαύσεων.</span> <span class='ocrx_word' id='word_1_651' title='bbox 1025 5750 1031 5754; x_wconf 94' lang='grc'>·</span> 
     </span>
    </p>
   </div>
   <div class='ocr_carea' id='block_1_103' title="bbox 2051 5498 2550 5571">
    <p class='ocr_par' dir='ltr' id='par_1_103' title="bbox 2051 5498 2550 5571">
     <span class='ocr_line' id='line_1_103' title="bbox 2051 5498 2550 5571; baseline -0.012 -16"><span class='ocrx_word' id='word_1_652' title='bbox 2051 5503 2127 5571; x_wconf 81' lang='lat'><strong>(5)</strong></span> <span class='ocrx_word' id='word_1_653' title='bbox 2172 5503 2225 5553; x_wconf 78' lang='grc' dir='ltr'><strong>Ἀ</strong></span> <span class='ocrx_word' id='word_1_654' title='bbox 2234 5498 2550 5553; x_wconf 84' lang='grc' dir='ltr'>ποτελοῦσα.</span> 
     </span>
    </p>
   </div>
   <div class='ocr_carea' id='block_1_104' title="bbox 2059 5569 2662 5642">
    <p class='ocr_par' dir='ltr' id='par_1_104' title="bbox 2059 5569 2662 5642">
     <span class='ocr_line' id='line_1_104' title="bbox 2059 5569 2662 5642; baseline -0.012 -19"><span class='ocrx_word' id='word_1_655' title='bbox 2059 5569 2135 5639; x_wconf 82' lang='grc'>(6)</span> <span class='ocrx_word' id='word_1_656' title='bbox 2178 5569 2662 5642; x_wconf 37' lang='grc' dir='ltr'>Ἐξομολογεῖσθ-αι.</span> 
     </span>
    </p>
   </div>
   <div class='ocr_carea' id='block_1_105' title="bbox 2068 5638 2790 5713">
    <p class='ocr_par' dir='ltr' id='par_1_105' title="bbox 2068 5638 2790 5713">
     <span class='ocr_line' id='line_1_105' title="bbox 2068 5638 2790 5713; baseline -0.007 -19"><span class='ocrx_word' id='word_1_657' title='bbox 2068 5638 2142 5713; x_wconf 83' lang='grc'>(7)</span> <span class='ocrx_word' id='word_1_658' title='bbox 2173 5638 2313 5710; x_wconf 69' lang='grc' dir='ltr'>Μου,</span> <span class='ocrx_word' id='word_1_659' title='bbox 2341 5641 2432 5695; x_wconf 71' lang='grc' dir='ltr'><strong>καὶ</strong></span> <span class='ocrx_word' id='word_1_660' title='bbox 2458 5638 2637 5708; x_wconf 80' lang='grc' dir='ltr'>σωτήρ</span> <span class='ocrx_word' id='word_1_661' title='bbox 2669 5648 2790 5705; x_wconf 84' lang='grc' dir='ltr'>μου.</span> 
     </span>
    </p>
   </div>
  </div>
