  <div class='ocr_page' id='page_1' title='image "/cluster/home/n/w/nwhite01/storage/ocr_20150623/27/mdp.39015007065769/429.png"; bbox 0 0 3978 6204; ppageno 0'>
   <div class='ocr_carea' id='block_1_1' title="bbox 455 275 3677 341">
    <p class='ocr_par' dir='ltr' id='par_1_1' title="bbox 455 275 3677 341">
     <span class='ocr_line' id='line_1_1' title="bbox 455 275 3677 341; baseline -0.002 -6"><span class='ocrx_word' id='word_1_1' title='bbox 455 281 561 338; x_wconf 65' lang='grc'><strong>819</strong></span> <span class='ocrx_word' id='word_1_2' title='bbox 1291 284 1348 339; x_wconf 90' lang='lat' dir='ltr'><strong>S.</strong></span> <span class='ocrx_word' id='word_1_3' title='bbox 1391 281 1761 338; x_wconf 76' lang='lat' dir='ltr'><strong>ATHANASII</strong></span> <span class='ocrx_word' id='word_1_4' title='bbox 1797 282 1944 339; x_wconf 80' lang='lat' dir='ltr'><strong>OPP.</strong></span> <span class='ocrx_word' id='word_1_5' title='bbox 1986 281 2165 336; x_wconf 75' lang='lat' dir='ltr'><strong>PARS</strong></span> <span class='ocrx_word' id='word_1_6' title='bbox 2189 283 2279 341; x_wconf 88' lang='lat' dir='ltr'><strong>ll.&#39;.</strong></span> <span class='ocrx_word' id='word_1_7' title='bbox 2307 310 2376 323; x_wconf 92' lang='grc'><strong>--</strong></span> <span class='ocrx_word' id='word_1_8' title='bbox 2413 275 2824 334; x_wconf 77' lang='lat' dir='ltr'><strong>EXEGETICA.</strong></span> <span class='ocrx_word' id='word_1_9' title='bbox 3568 275 3677 334; x_wconf 69' lang='lat'><strong>820</strong></span> 
     </span>
    </p>
   </div>
   <div class='ocr_carea' id='block_1_2' title="bbox 680 391 2251 468">
    <p class='ocr_par' dir='ltr' id='par_1_2' title="bbox 680 393 2211 468">
     <span class='ocr_line' id='line_1_2' title="bbox 680 393 2211 468; baseline -0.005 -15"><span class='ocrx_word' id='word_1_10' title='bbox 680 396 746 453; x_wconf 80' lang='lat' dir='ltr'><strong>In</strong></span> <span class='ocrx_word' id='word_1_11' title='bbox 770 397 926 468; x_wconf 75' lang='lat' dir='ltr'><strong>ﬁnem</strong></span> <span class='ocrx_word' id='word_1_12' title='bbox 956 410 976 449; x_wconf 89' lang='lat'><strong><em>:</em></strong></span> <span class='ocrx_word' id='word_1_13' title='bbox 1002 395 1130 466; x_wconf 77' lang='lat' dir='ltr'><strong>ﬁliis</strong></span> <span class='ocrx_word' id='word_1_14' title='bbox 1164 393 1295 453; x_wconf 87' lang='lat' dir='ltr'><strong>Core</strong></span> <span class='ocrx_word' id='word_1_15' title='bbox 1322 397 1390 449; x_wconf 88' lang='lat' dir='ltr'><strong>ad</strong></span> <span class='ocrx_word' id='word_1_16' title='bbox 1419 395 1759 451; x_wconf 76' lang='lat' dir='ltr'><strong>intellectum.</strong></span> <span class='ocrx_word' id='word_1_17' title='bbox 2033 399 2079 455; x_wconf 75' lang='grc' dir='ltr'><strong>Α</strong></span> <span class='ocrx_word' id='word_1_18' title='bbox 2108 395 2211 460; x_wconf 70' lang='lat' dir='ltr'><strong>Elg-</strong></span> 
     </span>
    </p>
   </div>
   <div class='ocr_carea' id='block_1_3' title="bbox 2102 391 3673 468">
    <p class='ocr_par' dir='ltr' id='par_1_3' title="bbox 2108 391 3673 461">
     <span class='ocr_line' id='line_1_3' title="bbox 2108 391 3673 461; baseline 0.002 -15"><span class='ocrx_word' id='word_1_19' title='bbox 2108 395 2211 460; x_wconf 82' lang='grc' dir='ltr'>Είς</span> <span class='ocrx_word' id='word_1_20' title='bbox 2262 393 2329 446; x_wconf 82' lang='grc' dir='ltr'>τὸ</span> <span class='ocrx_word' id='word_1_21' title='bbox 2397 391 2601 458; x_wconf 73' lang='grc' dir='ltr'>τέλος,</span> <span class='ocrx_word' id='word_1_22' title='bbox 2655 391 2779 458; x_wconf 85' lang='grc' dir='ltr'>τοῖς</span> <span class='ocrx_word' id='word_1_23' title='bbox 2829 391 2978 458; x_wconf 79' lang='grc' dir='ltr'>υἱοῖς</span> <span class='ocrx_word' id='word_1_24' title='bbox 3046 391 3196 461; x_wconf 82' lang='grc' dir='ltr'><strong>Κορὲ</strong></span> <span class='ocrx_word' id='word_1_25' title='bbox 3261 393 3348 459; x_wconf 76' lang='grc' dir='ltr'>εἷς</span> <span class='ocrx_word' id='word_1_26' title='bbox 3397 393 3673 454; x_wconf 82' lang='grc' dir='ltr'>σύνεσιν.</span> 
     </span>
    </p>
   </div>
   <div class='ocr_carea' id='block_1_4' title="bbox 980 485 3070 544">
    <p class='ocr_par' dir='ltr' id='par_1_4' title="bbox 980 485 3070 544">
     <span class='ocr_line' id='line_1_4' title="bbox 980 485 3070 544; baseline -0.001 -2"><span class='ocrx_word' id='word_1_27' title='bbox 980 488 1182 544; x_wconf 76' lang='lat' dir='ltr'><strong>PSAL.</strong></span> <span class='ocrx_word' id='word_1_28' title='bbox 1223 488 1444 543; x_wconf 79' lang='lat' dir='ltr'><strong>XLIII.</strong></span> <span class='ocrx_word' id='word_1_29' title='bbox 2725 485 2887 538; x_wconf 79' lang='lat' dir='ltr'><strong>&#39;FAA.</strong></span> <span class='ocrx_word' id='word_1_30' title='bbox 2925 486 3070 539; x_wconf 83' lang='grc' dir='ltr'><strong>ΜΓ.</strong></span> 
     </span>
    </p>
   </div>
   <div class='ocr_carea' id='block_1_5' title="bbox 517 573 2088 649">
    <p class='ocr_par' dir='ltr' id='par_1_5' title="bbox 517 583 1704 649">
     <span class='ocr_line' id='line_1_5' title="bbox 517 583 1704 649; baseline -0.003 -8"><span class='ocrx_word' id='word_1_31' title='bbox 517 587 568 641; x_wconf 86' lang='grc'><strong>1.</strong></span> <span class='ocrx_word' id='word_1_32' title='bbox 601 585 766 649; x_wconf 86' lang='lat' dir='ltr'><strong>Deus,</strong></span> <span class='ocrx_word' id='word_1_33' title='bbox 794 585 849 639; x_wconf 89' lang='lat' dir='ltr'><strong>in</strong></span> <span class='ocrx_word' id='word_1_34' title='bbox 873 583 1096 639; x_wconf 84' lang='lat' dir='ltr'><strong>auribus</strong></span> <span class='ocrx_word' id='word_1_35' title='bbox 1123 585 1327 639; x_wconf 78' lang='lat' dir='ltr'><strong>nostris</strong></span> <span class='ocrx_word' id='word_1_36' title='bbox 1353 583 1704 646; x_wconf 69' lang='lat' dir='ltr'><strong>audivimus,</strong></span> 
     </span>
    </p>
   </div>
   <div class='ocr_carea' id='block_1_6' title="bbox 1856 573 3427 649">
    <p class='ocr_par' dir='ltr' id='par_1_6' title="bbox 2177 573 3427 647">
     <span class='ocr_line' id='line_1_6' title="bbox 2177 573 3427 647; baseline 0.002 -19"><span class='ocrx_word' id='word_1_37' title='bbox 2177 574 2235 628; x_wconf 87' lang='grc'><strong>1..</strong></span> <span class='ocrx_word' id='word_1_38' title='bbox 2279 574 2334 627; x_wconf 91' lang='grc' dir='ltr'>Ὁ</span> <span class='ocrx_word' id='word_1_39' title='bbox 2362 573 2514 638; x_wconf 75' lang='grc' dir='ltr'>Θεὸς,</span> <span class='ocrx_word' id='word_1_40' title='bbox 2550 575 2607 627; x_wconf 80' lang='grc' dir='ltr'>ὲν</span> <span class='ocrx_word' id='word_1_41' title='bbox 2630 576 2740 638; x_wconf 87' lang='grc' dir='ltr'>τοῖς</span> <span class='ocrx_word' id='word_1_42' title='bbox 2769 575 2899 627; x_wconf 72' lang='grc' dir='ltr'>ὠσὶν</span> <span class='ocrx_word' id='word_1_43' title='bbox 2926 575 3078 645; x_wconf 84' lang='grc' dir='ltr'>ἡμῶν</span> <span class='ocrx_word' id='word_1_44' title='bbox 3098 575 3427 647; x_wconf 73' lang='grc' dir='ltr'>ἠκούσαμεν,</span> 
     </span>
    </p>
   </div>
   <div class='ocr_carea' id='block_1_7' title="bbox 512 665 2083 738">
    <p class='ocr_par' dir='ltr' id='par_1_7' title="bbox 512 676 1654 734">
     <span class='ocr_line' id='line_1_7' title="bbox 512 676 1654 734; baseline -0.002 -2"><span class='ocrx_word' id='word_1_45' title='bbox 512 679 570 732; x_wconf 73' lang='lat'><strong>2.</strong></span> <span class='ocrx_word' id='word_1_46' title='bbox 606 678 794 734; x_wconf 88' lang='lat' dir='ltr'><strong>Patres</strong></span> <span class='ocrx_word' id='word_1_47' title='bbox 814 678 987 732; x_wconf 81' lang='lat' dir='ltr'><strong>nostri</strong></span> <span class='ocrx_word' id='word_1_48' title='bbox 1009 676 1468 732; x_wconf 84' lang='lat' dir='ltr'><strong>annuntiaverunt</strong></span> <span class='ocrx_word' id='word_1_49' title='bbox 1498 676 1654 730; x_wconf 87' lang='lat' dir='ltr'><strong>nobis</strong></span> 
     </span>
    </p>
   </div>
   <div class='ocr_carea' id='block_1_8' title="bbox 1716 665 3287 738">
    <p class='ocr_par' dir='ltr' id='par_1_8' title="bbox 2180 665 3287 738">
     <span class='ocr_line' id='line_1_8' title="bbox 2180 665 3287 738; baseline 0.001 -18"><span class='ocrx_word' id='word_1_50' title='bbox 2180 667 2233 720; x_wconf 71' lang='grc'><strong>2.</strong></span> <span class='ocrx_word' id='word_1_51' title='bbox 2264 667 2327 720; x_wconf 78' lang='lat' dir='ltr'><strong>Oi</strong></span> <span class='ocrx_word' id='word_1_52' title='bbox 2356 666 2588 738; x_wconf 83' lang='grc' dir='ltr'><strong>πατέρες</strong></span> <span class='ocrx_word' id='word_1_53' title='bbox 2616 665 2770 738; x_wconf 81' lang='grc' dir='ltr'>ἡμῶν</span> <span class='ocrx_word' id='word_1_54' title='bbox 2801 667 3128 738; x_wconf 86' lang='grc' dir='ltr'>ἀνήγγειλαν</span> <span class='ocrx_word' id='word_1_55' title='bbox 3159 668 3287 738; x_wconf 79' lang='grc' dir='ltr'>ἡμῖν</span> 
     </span>
    </p>
   </div>
   <div class='ocr_carea' id='block_1_9' title="bbox 516 758 2087 839">
    <p class='ocr_par' dir='ltr' id='par_1_9' title="bbox 516 764 2004 839">
     <span class='ocr_line' id='line_1_9' title="bbox 516 764 2004 839; baseline -0.005 -17"><span class='ocrx_word' id='word_1_56' title='bbox 516 769 568 822; x_wconf 79' lang='grc'><strong>5.</strong></span> <span class='ocrx_word' id='word_1_57' title='bbox 605 768 754 839; x_wconf 93' lang='lat' dir='ltr'><strong>Opus</strong></span> <span class='ocrx_word' id='word_1_58' title='bbox 774 812 788 834; x_wconf 90' lang='lat'><strong><em>,</em></strong></span> <span class='ocrx_word' id='word_1_59' title='bbox 839 768 987 837; x_wconf 92' lang='lat' dir='ltr'><strong>quod</strong></span> <span class='ocrx_word' id='word_1_60' title='bbox 1025 777 1280 838; x_wconf 85' lang='lat' dir='ltr'><strong>operatus</strong></span> <span class='ocrx_word' id='word_1_61' title='bbox 1303 783 1365 823; x_wconf 90' lang='lat' dir='ltr'><strong>es</strong></span> <span class='ocrx_word' id='word_1_62' title='bbox 1388 767 1440 822; x_wconf 90' lang='lat' dir='ltr'><strong>in</strong></span> <span class='ocrx_word' id='word_1_63' title='bbox 1469 767 1660 822; x_wconf 83' lang='lat' dir='ltr'><strong>diebus</strong></span> <span class='ocrx_word' id='word_1_64' title='bbox 1700 779 1886 822; x_wconf 88' lang='lat' dir='ltr'><strong>eorum</strong></span> <span class='ocrx_word' id='word_1_65' title='bbox 1908 803 1922 827; x_wconf 93' lang='lat'><strong><em>,</em></strong></span> <span class='ocrx_word' id='word_1_66' title='bbox 1951 764 2004 815; x_wconf 86' lang='lat' dir='ltr'><strong>in</strong></span> 
     </span>
    </p>
   </div>
   <div class='ocr_carea' id='block_1_10' title="bbox 2110 758 3681 839">
    <p class='ocr_par' dir='ltr' id='par_1_10' title="bbox 2180 758 3681 831">
     <span class='ocr_line' id='line_1_10' title="bbox 2180 758 3681 831; baseline 0.002 -18"><span class='ocrx_word' id='word_1_67' title='bbox 2180 760 2233 813; x_wconf 78' lang='grc'><strong>5.</strong></span> <span class='ocrx_word' id='word_1_68' title='bbox 2269 759 2489 830; x_wconf 84' lang='grc' dir='ltr'><strong>Ἔργον,</strong></span> <span class='ocrx_word' id='word_1_69' title='bbox 2516 758 2800 830; x_wconf 83' lang='grc' dir='ltr'>ὃείργάσω</span> <span class='ocrx_word' id='word_1_70' title='bbox 2832 759 2888 810; x_wconf 82' lang='grc' dir='ltr'>ἐν</span> <span class='ocrx_word' id='word_1_71' title='bbox 2931 761 3052 822; x_wconf 75' lang='grc' dir='ltr'>ταῖς</span> <span class='ocrx_word' id='word_1_72' title='bbox 3095 760 3327 831; x_wconf 78' lang='grc' dir='ltr'><strong>ἡμέραις</strong></span> <span class='ocrx_word' id='word_1_73' title='bbox 3364 761 3576 823; x_wconf 79' lang='grc' dir='ltr'>αὐτῶν.</span> <span class='ocrx_word' id='word_1_74' title='bbox 3621 763 3681 817; x_wconf 74' lang='grc' dir='ltr'>ἐν</span> 
     </span>
    </p>
   </div>
   <div class='ocr_carea' id='block_1_11' title="bbox 446 849 2017 930">
    <p class='ocr_par' dir='ltr' id='par_1_11' title="bbox 446 860 918 930">
     <span class='ocr_line' id='line_1_11' title="bbox 446 860 918 930; baseline -0.006 -15"><span class='ocrx_word' id='word_1_75' title='bbox 446 861 637 915; x_wconf 83' lang='lat' dir='ltr'><strong>diebus</strong></span> <span class='ocrx_word' id='word_1_76' title='bbox 664 860 918 930; x_wconf 88' lang='lat' dir='ltr'><strong>antiquis.</strong></span> 
     </span>
    </p>
   </div>
   <div class='ocr_carea' id='block_1_12' title="bbox 1078 849 2649 930">
    <p class='ocr_par' dir='ltr' id='par_1_12' title="bbox 2114 849 2649 922">
     <span class='ocr_line' id='line_1_12' title="bbox 2114 849 2649 922; baseline 0.004 -20"><span class='ocrx_word' id='word_1_77' title='bbox 2114 850 2346 921; x_wconf 81' lang='grc' dir='ltr'><strong>ἡμέραις</strong></span> <span class='ocrx_word' id='word_1_78' title='bbox 2377 849 2649 922; x_wconf 83' lang='grc' dir='ltr'>ἀρχαίαις.</span> 
     </span>
    </p>
   </div>
   <div class='ocr_carea' id='block_1_13' title="bbox 518 941 2089 1020">
    <p class='ocr_par' dir='ltr' id='par_1_13' title="bbox 518 947 2004 1020">
     <span class='ocr_line' id='line_1_13' title="bbox 518 947 2004 1020; baseline -0.004 -16"><span class='ocrx_word' id='word_1_79' title='bbox 518 951 570 1004; x_wconf 72' lang='grc'><strong>4.</strong></span> <span class='ocrx_word' id='word_1_80' title='bbox 609 948 798 1004; x_wconf 87' lang='lat' dir='ltr'><strong>Manus</strong></span> <span class='ocrx_word' id='word_1_81' title='bbox 832 959 925 1004; x_wconf 81' lang='lat' dir='ltr'><strong>tua</strong></span> <span class='ocrx_word' id='word_1_82' title='bbox 952 956 1141 1020; x_wconf 77' lang='lat' dir='ltr'><strong>gentes</strong></span> <span class='ocrx_word' id='word_1_83' title='bbox 1162 949 1506 1020; x_wconf 88' lang='lat' dir='ltr'><strong>disperdidit,</strong></span> <span class='ocrx_word' id='word_1_84' title='bbox 1525 958 1579 1004; x_wconf 88' lang='lat' dir='ltr'><strong>et</strong></span> <span class='ocrx_word' id='word_1_85' title='bbox 1601 947 1853 1020; x_wconf 76' lang='lat' dir='ltr'><strong>plantasti</strong></span> <span class='ocrx_word' id='word_1_86' title='bbox 1875 961 2004 1000; x_wconf 87' lang='lat' dir='ltr'><strong>eos:</strong></span> 
     </span>
    </p>
   </div>
   <div class='ocr_carea' id='block_1_14' title="bbox 2106 941 3677 1020">
    <p class='ocr_par' dir='ltr' id='par_1_14' title="bbox 2183 941 3677 1014">
     <span class='ocr_line' id='line_1_14' title="bbox 2183 941 3677 1014; baseline 0.001 -19"><span class='ocrx_word' id='word_1_87' title='bbox 2183 943 2236 995; x_wconf 73' lang='grc'><strong>4.</strong></span> <span class='ocrx_word' id='word_1_88' title='bbox 2269 944 2334 994; x_wconf 87' lang='grc' dir='ltr'><strong>Ἦ</strong></span> <span class='ocrx_word' id='word_1_89' title='bbox 2358 942 2478 1014; x_wconf 85' lang='grc' dir='ltr'>χείρ</span> <span class='ocrx_word' id='word_1_90' title='bbox 2501 959 2592 996; x_wconf 90' lang='grc' dir='ltr'><strong>σου</strong></span> <span class='ocrx_word' id='word_1_91' title='bbox 2613 941 2740 1013; x_wconf 79' lang='grc' dir='ltr'>ἔθνη</span> <span class='ocrx_word' id='word_1_92' title='bbox 2769 941 3148 1012; x_wconf 81' lang='grc' dir='ltr'>ὲξωλόθρευσε,</span> <span class='ocrx_word' id='word_1_93' title='bbox 3166 942 3260 995; x_wconf 63' lang='grc' dir='ltr'><strong>καὶ⁵</strong></span> <span class='ocrx_word' id='word_1_94' title='bbox 3278 942 3677 1012; x_wconf 78' lang='grc' dir='ltr'>κατεφύτευσας</span> 
     </span>
    </p>
   </div>
   <div class='ocr_carea' id='block_1_15' title="bbox 788 1031 2326 1094">
    <p class='ocr_par' dir='ltr' id='par_1_15' title="bbox 788 1031 2326 1094">
     <span class='ocr_line' id='line_1_15' title="bbox 788 1031 2326 1094; baseline -0.001 -9"><span class='ocrx_word' id='word_1_95' title='bbox 788 1059 792 1063; x_wconf 52' lang='grc' dir='ltr'><strong>ι</strong></span> <span class='ocrx_word' id='word_1_96' title='bbox 2114 1031 2326 1094; x_wconf 76' lang='grc' dir='ltr'>αὐτούς·</span> 
     </span>
    </p>
   </div>
   <div class='ocr_carea' id='block_1_16' title="bbox 518 1124 2089 1198">
    <p class='ocr_par' dir='ltr' id='par_1_16' title="bbox 518 1126 1654 1198">
     <span class='ocr_line' id='line_1_16' title="bbox 518 1126 1654 1198; baseline -0.001 -18"><span class='ocrx_word' id='word_1_97' title='bbox 518 1128 571 1181; x_wconf 79' lang='lat'><strong>5.</strong></span> <span class='ocrx_word' id='word_1_98' title='bbox 604 1126 861 1181; x_wconf 76' lang='lat' dir='ltr'><strong>Afﬂix-isti</strong></span> <span class='ocrx_word' id='word_1_99' title='bbox 884 1127 1136 1198; x_wconf 87' lang='lat' dir='ltr'><strong>populos,</strong></span> <span class='ocrx_word' id='word_1_100' title='bbox 1167 1134 1222 1181; x_wconf 88' lang='lat' dir='ltr'><strong>et</strong></span> <span class='ocrx_word' id='word_1_101' title='bbox 1257 1127 1512 1196; x_wconf 84' lang='lat' dir='ltr'><strong>expulisti</strong></span> <span class='ocrx_word' id='word_1_102' title='bbox 1538 1141 1654 1181; x_wconf 87' lang='lat' dir='ltr'><strong>eos.</strong></span> 
     </span>
    </p>
   </div>
   <div class='ocr_carea' id='block_1_17' title="bbox 1860 1124 3431 1198">
    <p class='ocr_par' dir='ltr' id='par_1_17' title="bbox 2183 1124 3431 1192">
     <span class='ocr_line' id='line_1_17' title="bbox 2183 1124 3431 1192; baseline 0.002 -15"><span class='ocrx_word' id='word_1_103' title='bbox 2183 1124 2234 1177; x_wconf 81' lang='lat'><strong>5.</strong></span> <span class='ocrx_word' id='word_1_104' title='bbox 2283 1124 2597 1186; x_wconf 82' lang='grc' dir='ltr'>Ἐκάκωσας</span> <span class='ocrx_word' id='word_1_105' title='bbox 2619 1124 2798 1188; x_wconf 84' lang='grc' dir='ltr'>λαοὺς,</span> <span class='ocrx_word' id='word_1_106' title='bbox 2833 1126 2925 1178; x_wconf 69' lang='grc' dir='ltr'><strong>καὶ</strong></span> <span class='ocrx_word' id='word_1_107' title='bbox 2945 1125 3192 1192; x_wconf 78' lang='grc' dir='ltr'>ἐξέϐαλες</span> <span class='ocrx_word' id='word_1_108' title='bbox 3218 1126 3431 1190; x_wconf 77' lang='grc' dir='ltr'>αὐτούς.</span> 
     </span>
    </p>
   </div>
   <div class='ocr_carea' id='block_1_18' title="bbox 520 1216 2091 1291">
    <p class='ocr_par' dir='ltr' id='par_1_18' title="bbox 520 1220 2007 1291">
     <span class='ocr_line' id='line_1_18' title="bbox 520 1220 2007 1291; baseline -0.001 -17"><span class='ocrx_word' id='word_1_109' title='bbox 520 1221 572 1275; x_wconf 91' lang='lat'><strong>6.</strong></span> <span class='ocrx_word' id='word_1_110' title='bbox 607 1220 714 1276; x_wconf 91' lang='lat' dir='ltr'><strong>Nec</strong></span> <span class='ocrx_word' id='word_1_111' title='bbox 748 1221 892 1276; x_wconf 90' lang='lat' dir='ltr'><strong>enim</strong></span> <span class='ocrx_word' id='word_1_112' title='bbox 924 1221 976 1274; x_wconf 91' lang='lat' dir='ltr'><strong>in</strong></span> <span class='ocrx_word' id='word_1_113' title='bbox 1008 1221 1185 1291; x_wconf 87' lang='lat' dir='ltr'><strong>gladio</strong></span> <span class='ocrx_word' id='word_1_114' title='bbox 1229 1236 1330 1275; x_wconf 91' lang='lat' dir='ltr'><strong>suo</strong></span> <span class='ocrx_word' id='word_1_115' title='bbox 1369 1222 1732 1290; x_wconf 88' lang='lat' dir='ltr'><strong>possederunt</strong></span> <span class='ocrx_word' id='word_1_116' title='bbox 1762 1227 1955 1273; x_wconf 87' lang='lat' dir='ltr'><strong>terram</strong></span> <span class='ocrx_word' id='word_1_117' title='bbox 1993 1237 2007 1272; x_wconf 88' lang='lat'><strong><em>:</em></strong></span> 
     </span>
    </p>
   </div>
   <div class='ocr_carea' id='block_1_19' title="bbox 2108 1216 3679 1291">
    <p class='ocr_par' dir='ltr' id='par_1_19' title="bbox 2187 1216 3679 1290">
     <span class='ocr_line' id='line_1_19' title="bbox 2187 1216 3679 1290; baseline 0.002 -21"><span class='ocrx_word' id='word_1_118' title='bbox 2187 1216 2240 1269; x_wconf 86' lang='lat'>6.</span> <span class='ocrx_word' id='word_1_119' title='bbox 2263 1217 2338 1269; x_wconf 85' lang='grc' dir='ltr'><strong>Οὐ</strong></span> <span class='ocrx_word' id='word_1_120' title='bbox 2356 1216 2462 1288; x_wconf 82' lang='grc' dir='ltr'>γὰρ</span> <span class='ocrx_word' id='word_1_121' title='bbox 2479 1219 2536 1269; x_wconf 80' lang='grc' dir='ltr'>ἐν</span> <span class='ocrx_word' id='word_1_122' title='bbox 2551 1219 2615 1288; x_wconf 85' lang='grc' dir='ltr'>τῇ</span> <span class='ocrx_word' id='word_1_123' title='bbox 2637 1218 2876 1288; x_wconf 70' lang='grc' dir='ltr'>ῥομφαίᾳ</span> <span class='ocrx_word' id='word_1_124' title='bbox 2901 1219 3074 1272; x_wconf 80' lang='grc' dir='ltr'>αὐτῶν</span> <span class='ocrx_word' id='word_1_125' title='bbox 3101 1219 3230 1289; x_wconf 79' lang='grc' dir='ltr'>έκλη</span> <span class='ocrx_word' id='word_1_126' title='bbox 3241 1219 3541 1290; x_wconf 84' lang='grc' dir='ltr'>ρονόμησαν</span> <span class='ocrx_word' id='word_1_127' title='bbox 3557 1219 3679 1290; x_wconf 58' lang='grc' dir='ltr'><strong>γῆν</strong></span> 
     </span>
    </p>
   </div>
   <div class='ocr_carea' id='block_1_20' title="bbox 521 1307 2092 1380">
    <p class='ocr_par' dir='ltr' id='par_1_20' title="bbox 521 1309 1759 1366">
     <span class='ocr_line' id='line_1_20' title="bbox 521 1309 1759 1366; baseline 0 -3"><span class='ocrx_word' id='word_1_128' title='bbox 521 1309 574 1364; x_wconf 88' lang='lat'><strong>7.</strong></span> <span class='ocrx_word' id='word_1_129' title='bbox 611 1310 673 1364; x_wconf 87' lang='lat' dir='ltr'><strong>Et</strong></span> <span class='ocrx_word' id='word_1_130' title='bbox 694 1311 977 1366; x_wconf 88' lang='lat' dir='ltr'><strong>brachium</strong></span> <span class='ocrx_word' id='word_1_131' title='bbox 1000 1326 1185 1366; x_wconf 89' lang='lat' dir='ltr'><strong>eorum</strong></span> <span class='ocrx_word' id='word_1_132' title='bbox 1222 1326 1330 1365; x_wconf 88' lang='lat' dir='ltr'><strong>non</strong></span> <span class='ocrx_word' id='word_1_133' title='bbox 1360 1310 1590 1366; x_wconf 80' lang='lat' dir='ltr'><strong>salvavit</strong></span> <span class='ocrx_word' id='word_1_134' title='bbox 1616 1323 1711 1364; x_wconf 90' lang='lat' dir='ltr'><strong>eos</strong></span> <span class='ocrx_word' id='word_1_135' title='bbox 1745 1326 1759 1362; x_wconf 91' lang='lat'><strong>:</strong></span> 
     </span>
    </p>
   </div>
   <div class='ocr_carea' id='block_1_21' title="bbox 1951 1307 3522 1380">
    <p class='ocr_par' dir='ltr' id='par_1_21' title="bbox 2193 1307 3522 1380">
     <span class='ocr_line' id='line_1_21' title="bbox 2193 1307 3522 1380; baseline 0.004 -20"><span class='ocrx_word' id='word_1_136' title='bbox 2193 1307 2243 1360; x_wconf 89' lang='lat'><strong>7.</strong></span> <span class='ocrx_word' id='word_1_137' title='bbox 2270 1309 2378 1360; x_wconf 76' lang='lat' dir='ltr'><strong>Kal.</strong></span> <span class='ocrx_word' id='word_1_138' title='bbox 2407 1309 2434 1360; x_wconf 85' lang='lat'><strong>6</strong></span> <span class='ocrx_word' id='word_1_139' title='bbox 2463 1309 2702 1380; x_wconf 85' lang='grc' dir='ltr'><strong>βραχίων</strong></span> <span class='ocrx_word' id='word_1_140' title='bbox 2727 1310 2902 1364; x_wconf 76' lang='grc' dir='ltr'>αὐτῶν</span> <span class='ocrx_word' id='word_1_141' title='bbox 2936 1311 3034 1364; x_wconf 78' lang='grc' dir='ltr'>οὐκ</span> <span class='ocrx_word' id='word_1_142' title='bbox 3062 1310 3260 1364; x_wconf 75' lang='grc' dir='ltr'>ἔσωσεν</span> <span class='ocrx_word' id='word_1_143' title='bbox 3293 1311 3489 1375; x_wconf 75' lang='grc' dir='ltr'>αὐτούς</span> <span class='ocrx_word' id='word_1_144' title='bbox 3508 1329 3522 1343; x_wconf 91' lang='grc'><strong>·</strong></span> 
     </span>
    </p>
   </div>
   <div class='ocr_carea' id='block_1_22' title="bbox 520 1399 2091 1474">
    <p class='ocr_par' dir='ltr' id='par_1_22' title="bbox 520 1399 2014 1474">
     <span class='ocr_line' id='line_1_22' title="bbox 520 1399 2014 1474; baseline -0.004 -18"><span class='ocrx_word' id='word_1_145' title='bbox 520 1400 582 1474; x_wconf 74' lang='lat'><strong>8.</strong></span> <span class='ocrx_word' id='word_1_146' title='bbox 610 1400 714 1456; x_wconf 87' lang='lat' dir='ltr'><strong>Sed</strong></span> <span class='ocrx_word' id='word_1_147' title='bbox 737 1403 960 1456; x_wconf 78' lang='lat' dir='ltr'><strong>dextera</strong></span> <span class='ocrx_word' id='word_1_148' title='bbox 983 1410 1073 1456; x_wconf 88' lang='lat' dir='ltr'><strong>tua</strong></span> <span class='ocrx_word' id='word_1_149' title='bbox 1105 1411 1156 1457; x_wconf 91' lang='lat' dir='ltr'><strong>et</strong></span> <span class='ocrx_word' id='word_1_150' title='bbox 1183 1403 1466 1457; x_wconf 85' lang='lat' dir='ltr'><strong>brachium</strong></span> <span class='ocrx_word' id='word_1_151' title='bbox 1515 1411 1697 1466; x_wconf 85' lang='lat' dir='ltr'><strong>tuum,</strong></span> <span class='ocrx_word' id='word_1_152' title='bbox 1729 1409 1785 1455; x_wconf 89' lang='lat' dir='ltr'><strong>et</strong></span> <span class='ocrx_word' id='word_1_153' title='bbox 1817 1399 2014 1453; x_wconf 82' lang='lat' dir='ltr'><strong>illumi-</strong></span> 
     </span>
    </p>
   </div>
   <div class='ocr_carea' id='block_1_23' title="bbox 2116 1399 3687 1474">
    <p class='ocr_par' dir='ltr' id='par_1_23' title="bbox 2191 1400 3687 1474">
     <span class='ocr_line' id='line_1_23' title="bbox 2191 1400 3687 1474; baseline 0.002 -20"><span class='ocrx_word' id='word_1_154' title='bbox 2191 1400 2244 1454; x_wconf 91' lang='lat'><strong>8.</strong></span> <span class='ocrx_word' id='word_1_155' title='bbox 2292 1400 2432 1452; x_wconf 86' lang='grc' dir='ltr'>Ἀλλ’</span> <span class='ocrx_word' id='word_1_156' title='bbox 2459 1403 2491 1472; x_wconf 81' lang='grc' dir='ltr'>ἡ</span> <span class='ocrx_word' id='word_1_157' title='bbox 2520 1400 2669 1468; x_wconf 84' lang='grc' dir='ltr'>δεξιά</span> <span class='ocrx_word' id='word_1_158' title='bbox 2696 1419 2811 1468; x_wconf 86' lang='grc' dir='ltr'>σου,</span> <span class='ocrx_word' id='word_1_159' title='bbox 2837 1403 2928 1456; x_wconf 78' lang='grc' dir='ltr'><strong>καὶ</strong></span> <span class='ocrx_word' id='word_1_160' title='bbox 2957 1405 2984 1456; x_wconf 84' lang='lat'><strong>6</strong></span> <span class='ocrx_word' id='word_1_161' title='bbox 3013 1402 3246 1474; x_wconf 78' lang='grc' dir='ltr'><strong>βραχίων</strong></span> <span class='ocrx_word' id='word_1_162' title='bbox 3279 1420 3391 1466; x_wconf 90' lang='grc' dir='ltr'>σου,</span> <span class='ocrx_word' id='word_1_163' title='bbox 3417 1403 3510 1457; x_wconf 75' lang='grc' dir='ltr'>καὶ</span> <span class='ocrx_word' id='word_1_164' title='bbox 3533 1405 3561 1457; x_wconf 93' lang='lat'><strong>6</strong></span> <span class='ocrx_word' id='word_1_165' title='bbox 3584 1419 3687 1472; x_wconf 83' lang='grc' dir='ltr'>φω-</span> 
     </span>
    </p>
   </div>
   <div class='ocr_carea' id='block_1_24' title="bbox 451 1473 2022 1559">
    <p class='ocr_par' dir='ltr' id='par_1_24' title="bbox 451 1473 934 1558">
     <span class='ocr_line' id='line_1_24' title="bbox 451 1473 934 1558; baseline 0.002 -13"><span class='ocrx_word' id='word_1_166' title='bbox 451 1473 600 1545; x_wconf 82' lang='lat' dir='ltr'><strong>natio</strong></span> <span class='ocrx_word' id='word_1_167' title='bbox 625 1493 807 1547; x_wconf 81' lang='lat' dir='ltr'><strong>vultus</strong></span> <span class='ocrx_word' id='word_1_168' title='bbox 836 1493 934 1558; x_wconf 88' lang='lat' dir='ltr'><strong>tui,</strong></span> 
     </span>
    </p>
   </div>
   <div class='ocr_carea' id='block_1_25' title="bbox 1322 1473 2893 1559">
    <p class='ocr_par' dir='ltr' id='par_1_25' title="bbox 2117 1486 2893 1559">
     <span class='ocr_line' id='line_1_25' title="bbox 2117 1486 2893 1559; baseline 0.003 -17"><span class='ocrx_word' id='word_1_169' title='bbox 2117 1488 2310 1559; x_wconf 81' lang='grc' dir='ltr'>τισμὸς</span> <span class='ocrx_word' id='word_1_170' title='bbox 2338 1486 2430 1542; x_wconf 82' lang='grc' dir='ltr'>τοῦ</span> <span class='ocrx_word' id='word_1_171' title='bbox 2459 1491 2750 1559; x_wconf 85' lang='grc' dir='ltr'><strong>προσώπου</strong></span> <span class='ocrx_word' id='word_1_172' title='bbox 2779 1507 2893 1554; x_wconf 90' lang='grc' dir='ltr'>σου,</span> 
     </span>
    </p>
   </div>
   <div class='ocr_carea' id='block_1_26' title="bbox 520 1580 2091 1654">
    <p class='ocr_par' dir='ltr' id='par_1_26' title="bbox 520 1580 1488 1654">
     <span class='ocr_line' id='line_1_26' title="bbox 520 1580 1488 1654; baseline 0.002 -18"><span class='ocrx_word' id='word_1_173' title='bbox 520 1580 572 1636; x_wconf 86' lang='grc'><strong>9.</strong></span> <span class='ocrx_word' id='word_1_174' title='bbox 600 1583 873 1648; x_wconf 84' lang='lat' dir='ltr'><strong>Quoniam</strong></span> <span class='ocrx_word' id='word_1_175' title='bbox 898 1584 1269 1654; x_wconf 84' lang='lat' dir='ltr'><strong>complacuisti</strong></span> <span class='ocrx_word' id='word_1_176' title='bbox 1305 1584 1357 1638; x_wconf 92' lang='lat' dir='ltr'><strong>in</strong></span> <span class='ocrx_word' id='word_1_177' title='bbox 1388 1584 1488 1639; x_wconf 76' lang='lat' dir='ltr'><strong>eis.</strong></span> 
     </span>
    </p>
   </div>
   <div class='ocr_carea' id='block_1_27' title="bbox 1480 1580 3051 1654">
    <p class='ocr_par' dir='ltr' id='par_1_27' title="bbox 1480 1580 3051 1650">
     <span class='ocr_line' id='line_1_27' title="bbox 1480 1580 3051 1650; baseline -0.003 -12"><span class='ocrx_word' id='word_1_178' title='bbox 1480 1623 1488 1638; x_wconf 88' lang='lat'><strong>.</strong></span> <span class='ocrx_word' id='word_1_179' title='bbox 2191 1580 2242 1634; x_wconf 91' lang='lat'><strong>9.</strong></span> <span class='ocrx_word' id='word_1_180' title='bbox 2281 1581 2402 1634; x_wconf 81' lang='grc' dir='ltr'>’Ὁτι</span> <span class='ocrx_word' id='word_1_181' title='bbox 2429 1581 2726 1650; x_wconf 79' lang='grc' dir='ltr'>εὐδόκησας</span> <span class='ocrx_word' id='word_1_182' title='bbox 2764 1583 2823 1634; x_wconf 79' lang='grc' dir='ltr'>ἐν</span> <span class='ocrx_word' id='word_1_183' title='bbox 2851 1583 3051 1645; x_wconf 85' lang='grc' dir='ltr'>αὐτοῖς.</span> 
     </span>
    </p>
   </div>
   <div class='ocr_carea' id='block_1_28' title="bbox 526 1668 2097 1745">
    <p class='ocr_par' dir='ltr' id='par_1_28' title="bbox 526 1672 1710 1743">
     <span class='ocr_line' id='line_1_28' title="bbox 526 1672 1710 1743; baseline 0.001 -18"><span class='ocrx_word' id='word_1_184' title='bbox 526 1672 612 1726; x_wconf 88' lang='grc'><strong>10.</strong></span> <span class='ocrx_word' id='word_1_185' title='bbox 647 1672 727 1726; x_wconf 89' lang='lat' dir='ltr'><strong>Tu</strong></span> <span class='ocrx_word' id='word_1_186' title='bbox 755 1689 814 1727; x_wconf 91' lang='lat' dir='ltr'><strong>es</strong></span> <span class='ocrx_word' id='word_1_187' title='bbox 841 1673 957 1743; x_wconf 90' lang='lat' dir='ltr'><strong>ipse</strong></span> <span class='ocrx_word' id='word_1_188' title='bbox 984 1689 1075 1728; x_wconf 76' lang='lat' dir='ltr'><strong>rex</strong></span> <span class='ocrx_word' id='word_1_189' title='bbox 1109 1689 1263 1728; x_wconf 91' lang='lat' dir='ltr'><strong>meus</strong></span> <span class='ocrx_word' id='word_1_190' title='bbox 1289 1683 1342 1728; x_wconf 90' lang='lat' dir='ltr'><strong>et</strong></span> <span class='ocrx_word' id='word_1_191' title='bbox 1371 1673 1513 1728; x_wconf 86' lang='lat' dir='ltr'><strong>Deus</strong></span> <span class='ocrx_word' id='word_1_192' title='bbox 1535 1687 1710 1739; x_wconf 85' lang='lat' dir='ltr'><strong>meus,</strong></span> 
     </span>
    </p>
   </div>
   <div class='ocr_carea' id='block_1_29' title="bbox 2044 1668 3615 1745">
    <p class='ocr_par' dir='ltr' id='par_1_29' title="bbox 2196 1668 3615 1745">
     <span class='ocr_line' id='line_1_29' title="bbox 2196 1668 3615 1745; baseline 0.001 -19"><span class='ocrx_word' id='word_1_193' title='bbox 2196 1674 2282 1727; x_wconf 78' lang='grc'><strong>10.</strong></span> <span class='ocrx_word' id='word_1_194' title='bbox 2315 1673 2385 1726; x_wconf 76' lang='grc' dir='ltr'><strong>Σὺ</strong></span> <span class='ocrx_word' id='word_1_195' title='bbox 2421 1668 2472 1724; x_wconf 74' lang='grc' dir='ltr'>εἴ</span> <span class='ocrx_word' id='word_1_196' title='bbox 2498 1673 2660 1737; x_wconf 81' lang='grc' dir='ltr'>αὐτὸς</span> <span class='ocrx_word' id='word_1_197' title='bbox 2689 1675 2717 1726; x_wconf 91' lang='lat'><strong>6</strong></span> <span class='ocrx_word' id='word_1_198' title='bbox 2744 1673 2996 1743; x_wconf 72' lang='grc' dir='ltr'>βασιλεύς</span> <span class='ocrx_word' id='word_1_199' title='bbox 3022 1692 3124 1745; x_wconf 88' lang='grc' dir='ltr'><strong>μου</strong></span> <span class='ocrx_word' id='word_1_200' title='bbox 3151 1673 3244 1728; x_wconf 74' lang='grc' dir='ltr'>καὶ</span> <span class='ocrx_word' id='word_1_201' title='bbox 3271 1676 3299 1726; x_wconf 88' lang='lat'><strong>6</strong></span> <span class='ocrx_word' id='word_1_202' title='bbox 3323 1673 3461 1744; x_wconf 52' lang='grc' dir='ltr'>,Θεός</span> <span class='ocrx_word' id='word_1_203' title='bbox 3495 1690 3615 1744; x_wconf 88' lang='grc' dir='ltr'>μου,</span> 
     </span>
    </p>
   </div>
   <div class='ocr_carea' id='block_1_30' title="bbox 525 1759 2096 1838">
    <p class='ocr_par' dir='ltr' id='par_1_30' title="bbox 525 1759 2088 1828">
     <span class='ocr_line' id='line_1_30' title="bbox 525 1759 2088 1828; baseline 0.002 -14"><span class='ocrx_word' id='word_1_204' title='bbox 525 1763 612 1815; x_wconf 88' lang='grc'><strong>11.</strong></span> <span class='ocrx_word' id='word_1_205' title='bbox 639 1761 743 1828; x_wconf 85' lang='lat' dir='ltr'><strong>Qui</strong></span> <span class='ocrx_word' id='word_1_206' title='bbox 767 1763 994 1817; x_wconf 84' lang='lat' dir='ltr'><strong>mandas</strong></span> <span class='ocrx_word' id='word_1_207' title='bbox 1025 1763 1227 1818; x_wconf 85' lang='lat' dir='ltr'><strong>salutes</strong></span> <span class='ocrx_word' id='word_1_208' title='bbox 1252 1761 1441 1817; x_wconf 87' lang='lat' dir='ltr'><strong>Jacob.</strong></span> <span class='ocrx_word' id='word_1_209' title='bbox 2045 1759 2088 1817; x_wconf 83' lang='grc' dir='ltr'><strong>Β</strong></span> 
     </span>
    </p>
   </div>
   <div class='ocr_carea' id='block_1_31' title="bbox 1896 1759 3467 1838">
    <p class='ocr_par' dir='ltr' id='par_1_31' title="bbox 2045 1759 3467 1838">
     <span class='ocr_line' id='line_1_31' title="bbox 2045 1759 3467 1838; baseline -0.001 -21"><span class='ocrx_word' id='word_1_210' title='bbox 2045 1759 2088 1817; x_wconf 83' lang='grc' dir='ltr'><strong>Β</strong></span> <span class='ocrx_word' id='word_1_211' title='bbox 2200 1766 2286 1818; x_wconf 87' lang='grc'><strong>11.</strong></span> <span class='ocrx_word' id='word_1_212' title='bbox 2327 1765 2384 1817; x_wconf 89' lang='grc' dir='ltr'>Ὁ</span> <span class='ocrx_word' id='word_1_213' title='bbox 2411 1763 2787 1835; x_wconf 75' lang='grc' dir='ltr'><strong>ἐντελλόμενος</strong></span> <span class='ocrx_word' id='word_1_214' title='bbox 2815 1765 2914 1830; x_wconf 82' lang='grc' dir='ltr'>τὰς</span> <span class='ocrx_word' id='word_1_215' title='bbox 2949 1765 3219 1838; x_wconf 79' lang='grc' dir='ltr'>σωτηρίας</span> <span class='ocrx_word' id='word_1_216' title='bbox 3257 1765 3467 1818; x_wconf 80' lang='grc' dir='ltr'><strong>Ἰακώϐ.</strong></span> 
     </span>
    </p>
   </div>
   <div class='ocr_carea' id='block_1_32' title="bbox 527 1851 2098 1929">
    <p class='ocr_par' dir='ltr' id='par_1_32' title="bbox 527 1851 1949 1917">
     <span class='ocr_line' id='line_1_32' title="bbox 527 1851 1949 1917; baseline 0 -11"><span class='ocrx_word' id='word_1_217' title='bbox 527 1854 614 1907; x_wconf 72' lang='grc'><strong>12.</strong></span> <span class='ocrx_word' id='word_1_218' title='bbox 648 1851 704 1907; x_wconf 87' lang='lat' dir='ltr'><strong>ln</strong></span> <span class='ocrx_word' id='word_1_219' title='bbox 730 1863 782 1907; x_wconf 80' lang='lat' dir='ltr'><strong>te</strong></span> <span class='ocrx_word' id='word_1_220' title='bbox 812 1853 1065 1908; x_wconf 88' lang='lat' dir='ltr'><strong>inimicos</strong></span> <span class='ocrx_word' id='word_1_221' title='bbox 1096 1864 1316 1908; x_wconf 77' lang='lat' dir='ltr'><strong>nostros</strong></span> <span class='ocrx_word' id='word_1_222' title='bbox 1339 1853 1727 1908; x_wconf 84' lang='lat' dir='ltr'><strong>ventilabimus</strong></span> <span class='ocrx_word' id='word_1_223' title='bbox 1755 1867 1949 1917; x_wconf 79' lang='lat' dir='ltr'><strong>cornu,</strong></span> 
     </span>
    </p>
   </div>
   <div class='ocr_carea' id='block_1_33' title="bbox 1954 1851 3525 1929">
    <p class='ocr_par' dir='ltr' id='par_1_33' title="bbox 2194 1855 3525 1929">
     <span class='ocr_line' id='line_1_33' title="bbox 2194 1855 3525 1929; baseline -0.001 -20"><span class='ocrx_word' id='word_1_224' title='bbox 2194 1856 2281 1909; x_wconf 73' lang='grc'><strong>12.</strong></span> <span class='ocrx_word' id='word_1_225' title='bbox 2326 1855 2414 1910; x_wconf 89' lang='grc' dir='ltr'>Ἐν</span> <span class='ocrx_word' id='word_1_226' title='bbox 2446 1858 2527 1910; x_wconf 70' lang='grc' dir='ltr'><strong>σοὶ</strong></span> <span class='ocrx_word' id='word_1_227' title='bbox 2553 1859 2676 1921; x_wconf 87' lang='grc' dir='ltr'>τοὺς</span> <span class='ocrx_word' id='word_1_228' title='bbox 2707 1857 2933 1929; x_wconf 75' lang='grc' dir='ltr'>ἐχθροὺς</span> <span class='ocrx_word' id='word_1_229' title='bbox 2961 1859 3116 1929; x_wconf 88' lang='grc' dir='ltr'>ήμῶν</span> <span class='ocrx_word' id='word_1_230' title='bbox 3144 1857 3525 1928; x_wconf 85' lang='grc' dir='ltr'>κερατιοῦμεν,</span> 
     </span>
    </p>
   </div>
   <div class='ocr_carea' id='block_1_34' title="bbox 526 1932 2097 2020">
    <p class='ocr_par' dir='ltr' id='par_1_34' title="bbox 526 1932 2018 2014">
     <span class='ocr_line' id='line_1_34' title="bbox 526 1932 2018 2014; baseline 0.001 -18"><span class='ocrx_word' id='word_1_231' title='bbox 526 1941 613 1997; x_wconf 78' lang='grc'><strong>13.</strong></span> <span class='ocrx_word' id='word_1_232' title='bbox 671 1942 735 1997; x_wconf 87' lang='lat' dir='ltr'><strong>Et</strong></span> <span class='ocrx_word' id='word_1_233' title='bbox 785 1942 840 1996; x_wconf 91' lang='lat' dir='ltr'><strong>in</strong></span> <span class='ocrx_word' id='word_1_234' title='bbox 871 1932 1102 1997; x_wconf 72' lang='lat' dir='ltr'><strong>nomine</strong></span> <span class='ocrx_word' id='word_1_235' title='bbox 1160 1952 1252 1998; x_wconf 93' lang='lat' dir='ltr'><strong>tuo</strong></span> <span class='ocrx_word' id='word_1_236' title='bbox 1303 1959 1624 2014; x_wconf 82' lang='lat' dir='ltr'><strong>spernemus</strong></span> <span class='ocrx_word' id='word_1_237' title='bbox 1681 1943 2018 2013; x_wconf 80' lang='lat' dir='ltr'><strong>insurgentes</strong></span> 
     </span>
    </p>
   </div>
   <div class='ocr_carea' id='block_1_35' title="bbox 2118 1932 3689 2020">
    <p class='ocr_par' dir='ltr' id='par_1_35' title="bbox 2199 1947 3689 2020">
     <span class='ocr_line' id='line_1_35' title="bbox 2199 1947 3689 2020; baseline 0 -20"><span class='ocrx_word' id='word_1_238' title='bbox 2199 1948 2283 2001; x_wconf 78' lang='grc'><strong>15.</strong></span> <span class='ocrx_word' id='word_1_239' title='bbox 2322 1948 2430 2000; x_wconf 81' lang='grc' dir='ltr'>Καὶ</span> <span class='ocrx_word' id='word_1_240' title='bbox 2471 1951 2528 2001; x_wconf 81' lang='grc' dir='ltr'><strong>ὲν</strong></span> <span class='ocrx_word' id='word_1_241' title='bbox 2580 1947 2658 2019; x_wconf 82' lang='grc' dir='ltr'>τῷ</span> <span class='ocrx_word' id='word_1_242' title='bbox 2708 1949 2929 2020; x_wconf 84' lang='grc' dir='ltr'>ὀνόματί</span> <span class='ocrx_word' id='word_1_243' title='bbox 2966 1967 3056 2003; x_wconf 85' lang='grc' dir='ltr'><strong>σου</strong></span> <span class='ocrx_word' id='word_1_244' title='bbox 3103 1949 3535 2020; x_wconf 63' lang='grc' dir='ltr'>ἐξουδενώσομενς</span> <span class='ocrx_word' id='word_1_245' title='bbox 3569 1949 3689 2011; x_wconf 61' lang='grc' dir='ltr'>τοὺς</span> 
     </span>
    </p>
   </div>
   <div class='ocr_carea' id='block_1_36' title="bbox 454 2037 2025 2112">
    <p class='ocr_par' dir='ltr' id='par_1_36' title="bbox 454 2037 635 2090">
     <span class='ocr_line' id='line_1_36' title="bbox 454 2037 635 2090; baseline -0.006 0"><span class='ocrx_word' id='word_1_246' title='bbox 454 2037 635 2090; x_wconf 84' lang='lat' dir='ltr'><strong>nobis.</strong></span> 
     </span>
    </p>
   </div>
   <div class='ocr_carea' id='block_1_37' title="bbox 1191 2037 2762 2112">
    <p class='ocr_par' dir='ltr' id='par_1_37' title="bbox 2125 2042 2762 2112">
     <span class='ocr_line' id='line_1_37' title="bbox 2125 2042 2762 2112; baseline 0 -16"><span class='ocrx_word' id='word_1_247' title='bbox 2125 2042 2585 2112; x_wconf 71' lang='grc' dir='ltr'>ἐπανισταμένους</span> <span class='ocrx_word' id='word_1_248' title='bbox 2617 2043 2762 2112; x_wconf 82' lang='grc' dir='ltr'>ἡμῖν.</span> 
     </span>
    </p>
   </div>
   <div class='ocr_carea' id='block_1_38' title="bbox 524 2125 2095 2205">
    <p class='ocr_par' dir='ltr' id='par_1_38' title="bbox 524 2125 1601 2196">
     <span class='ocr_line' id='line_1_38' title="bbox 524 2125 1601 2196; baseline 0 -18"><span class='ocrx_word' id='word_1_249' title='bbox 524 2125 612 2178; x_wconf 79' lang='grc'><strong>11.</strong></span> <span class='ocrx_word' id='word_1_250' title='bbox 639 2125 756 2180; x_wconf 86' lang='grc' dir='ltr'>Νοη</span> <span class='ocrx_word' id='word_1_251' title='bbox 781 2126 932 2181; x_wconf 89' lang='lat' dir='ltr'><strong>enim</strong></span> <span class='ocrx_word' id='word_1_252' title='bbox 953 2127 1008 2180; x_wconf 89' lang='lat' dir='ltr'><strong>in</strong></span> <span class='ocrx_word' id='word_1_253' title='bbox 1035 2141 1161 2182; x_wconf 87' lang='lat' dir='ltr'><strong>arcu</strong></span> <span class='ocrx_word' id='word_1_254' title='bbox 1190 2141 1310 2181; x_wconf 87' lang='lat' dir='ltr'><strong>meo</strong></span> <span class='ocrx_word' id='word_1_255' title='bbox 1342 2127 1601 2196; x_wconf 82' lang='lat' dir='ltr'><strong>sperabo:</strong></span> 
     </span>
    </p>
   </div>
   <div class='ocr_carea' id='block_1_39' title="bbox 1732 2125 3303 2205">
    <p class='ocr_par' dir='ltr' id='par_1_39' title="bbox 2198 2131 3303 2205">
     <span class='ocr_line' id='line_1_39' title="bbox 2198 2131 3303 2205; baseline -0.001 -20"><span class='ocrx_word' id='word_1_256' title='bbox 2198 2131 2284 2186; x_wconf 77' lang='lat' dir='ltr'><strong>M.</strong></span> <span class='ocrx_word' id='word_1_257' title='bbox 2317 2132 2390 2184; x_wconf 84' lang='grc' dir='ltr'><strong>Οὐ</strong></span> <span class='ocrx_word' id='word_1_258' title='bbox 2419 2132 2528 2203; x_wconf 75' lang='grc' dir='ltr'><strong>γὰρ</strong></span> <span class='ocrx_word' id='word_1_259' title='bbox 2566 2132 2657 2186; x_wconf 76' lang='grc' dir='ltr'>ἐπὶ</span> <span class='ocrx_word' id='word_1_260' title='bbox 2686 2133 2763 2204; x_wconf 81' lang='grc' dir='ltr'>τῷ</span> <span class='ocrx_word' id='word_1_261' title='bbox 2791 2133 2929 2205; x_wconf 79' lang='grc' dir='ltr'>τόξῳ</span> <span class='ocrx_word' id='word_1_262' title='bbox 2959 2151 3057 2204; x_wconf 87' lang='grc' dir='ltr'><strong>μου</strong></span> <span class='ocrx_word' id='word_1_263' title='bbox 3099 2132 3267 2185; x_wconf 76' lang='grc' dir='ltr'>ἐλπιῶ</span> <span class='ocrx_word' id='word_1_264' title='bbox 3286 2148 3303 2163; x_wconf 78' lang='grc' dir='ltr'><strong><em>ο</em></strong></span> 
     </span>
    </p>
   </div>
   <div class='ocr_carea' id='block_1_40' title="bbox 526 2215 2097 2296">
    <p class='ocr_par' dir='ltr' id='par_1_40' title="bbox 526 2215 1668 2289">
     <span class='ocr_line' id='line_1_40' title="bbox 526 2215 1668 2289; baseline 0.004 -21"><span class='ocrx_word' id='word_1_265' title='bbox 526 2216 613 2269; x_wconf 84' lang='grc'><strong>15.</strong></span> <span class='ocrx_word' id='word_1_266' title='bbox 639 2215 704 2270; x_wconf 86' lang='lat' dir='ltr'><strong>Et</strong></span> <span class='ocrx_word' id='word_1_267' title='bbox 736 2217 946 2289; x_wconf 81' lang='lat' dir='ltr'><strong>gladius</strong></span> <span class='ocrx_word' id='word_1_268' title='bbox 974 2234 1129 2272; x_wconf 91' lang='lat' dir='ltr'><strong>meus</strong></span> <span class='ocrx_word' id='word_1_269' title='bbox 1161 2233 1266 2272; x_wconf 92' lang='lat' dir='ltr'><strong>non</strong></span> <span class='ocrx_word' id='word_1_270' title='bbox 1302 2218 1533 2272; x_wconf 84' lang='lat' dir='ltr'><strong>salvabit</strong></span> <span class='ocrx_word' id='word_1_271' title='bbox 1565 2233 1668 2272; x_wconf 89' lang='lat' dir='ltr'><strong>me.</strong></span> 
     </span>
    </p>
   </div>
   <div class='ocr_carea' id='block_1_41' title="bbox 1734 2215 3305 2296">
    <p class='ocr_par' dir='ltr' id='par_1_41' title="bbox 2191 2223 3305 2296">
     <span class='ocr_line' id='line_1_41' title="bbox 2191 2223 3305 2296; baseline 0.001 -19"><span class='ocrx_word' id='word_1_272' title='bbox 2191 2223 2282 2278; x_wconf 80' lang='grc'><strong>15.</strong></span> <span class='ocrx_word' id='word_1_273' title='bbox 2311 2226 2420 2278; x_wconf 79' lang='grc' dir='ltr'><strong>Καὶ</strong></span> <span class='ocrx_word' id='word_1_274' title='bbox 2447 2228 2480 2296; x_wconf 78' lang='grc' dir='ltr'>ἠ</span> <span class='ocrx_word' id='word_1_275' title='bbox 2515 2225 2761 2296; x_wconf 75' lang='grc' dir='ltr'>ῥομφαία</span> <span class='ocrx_word' id='word_1_276' title='bbox 2797 2242 2897 2296; x_wconf 87' lang='grc' dir='ltr'><strong>μου</strong></span> <span class='ocrx_word' id='word_1_277' title='bbox 2925 2226 2986 2277; x_wconf 79' lang='grc' dir='ltr'><strong>οὐ</strong></span> <span class='ocrx_word' id='word_1_278' title='bbox 3020 2223 3183 2277; x_wconf 84' lang='grc' dir='ltr'>σώσει</span> <span class='ocrx_word' id='word_1_279' title='bbox 3217 2241 3305 2295; x_wconf 84' lang='grc' dir='ltr'>με.</span> 
     </span>
    </p>
   </div>
   <div class='ocr_carea' id='block_1_42' title="bbox 1570 2354 2579 2414">
    <p class='ocr_par' dir='ltr' id='par_1_42' title="bbox 1570 2354 2579 2414">
     <span class='ocr_line' id='line_1_42' title="bbox 1570 2354 2579 2414; baseline 0.005 -6"><span class='ocrx_word' id='word_1_280' title='bbox 1570 2354 1937 2410; x_wconf 76' lang='lat' dir='ltr'><strong>ATHANASII</strong></span> <span class='ocrx_word' id='word_1_281' title='bbox 1975 2355 2579 2414; x_wconf 79' lang='lat' dir='ltr'><strong>INTERPRETATIO.</strong></span> 
     </span>
    </p>
   </div>
   <div class='ocr_carea' id='block_1_43' title="bbox 551 2465 3694 2541">
    <p class='ocr_par' dir='ltr' id='par_1_43' title="bbox 551 2465 3694 2541">
     <span class='ocr_line' id='line_1_43' title="bbox 551 2465 3694 2541; baseline -0.001 -21"><span class='ocrx_word' id='word_1_282' title='bbox 551 2466 601 2520; x_wconf 87' lang='grc' dir='ltr'><strong>Η</strong></span> <span class='ocrx_word' id='word_1_283' title='bbox 631 2470 968 2540; x_wconf 78' lang='grc' dir='ltr'>προκειμένη</span> <span class='ocrx_word' id='word_1_284' title='bbox 1012 2470 1292 2540; x_wconf 74' lang='grc' dir='ltr'>ἐπιγραφὴ</span> <span class='ocrx_word' id='word_1_285' title='bbox 1317 2469 1557 2541; x_wconf 77' lang='grc' dir='ltr'>περιέχει</span> <span class='ocrx_word' id='word_1_286' title='bbox 1579 2471 1676 2540; x_wconf 89' lang='grc'><strong>(1)·</strong></span> <span class='ocrx_word' id='word_1_287' title='bbox 1700 2471 1803 2534; x_wconf 76' lang='grc' dir='ltr'>Εις</span> <span class='ocrx_word' id='word_1_288' title='bbox 1829 2471 1896 2523; x_wconf 83' lang='grc' dir='ltr'>τὸ</span> <span class='ocrx_word' id='word_1_289' title='bbox 1930 2471 2124 2538; x_wconf 77' lang='grc' dir='ltr'>τέλος,</span> <span class='ocrx_word' id='word_1_290' title='bbox 2157 2471 2284 2535; x_wconf 86' lang='grc' dir='ltr'>τοῖς</span> <span class='ocrx_word' id='word_1_291' title='bbox 2307 2471 2462 2536; x_wconf 80' lang='grc' dir='ltr'><strong>υἱοῖς</strong></span> <span class='ocrx_word' id='word_1_292' title='bbox 2490 2468 2642 2538; x_wconf 83' lang='grc' dir='ltr'><strong>Κορὲ</strong></span> <span class='ocrx_word' id='word_1_293' title='bbox 2665 2471 2751 2535; x_wconf 86' lang='grc' dir='ltr'><strong>είς</strong></span> <span class='ocrx_word' id='word_1_294' title='bbox 2780 2469 3036 2523; x_wconf 76' lang='grc' dir='ltr'>σύνεσιν</span> <span class='ocrx_word' id='word_1_295' title='bbox 3062 2467 3160 2538; x_wconf 81' lang='lat' dir='ltr'><strong>(a)&#39;</strong></span> <span class='ocrx_word' id='word_1_296' title='bbox 3193 2467 3287 2520; x_wconf 75' lang='grc' dir='ltr'><strong>καὶ</strong></span> <span class='ocrx_word' id='word_1_297' title='bbox 3312 2465 3514 2537; x_wconf 81' lang='grc' dir='ltr'><strong>ἑτέρως</strong></span> <span class='ocrx_word' id='word_1_298' title='bbox 3537 2465 3600 2536; x_wconf 79' lang='grc' dir='ltr'>δὴ</span> <span class='ocrx_word' id='word_1_299' title='bbox 3623 2466 3694 2536; x_wconf 75' lang='grc' dir='ltr'><strong>(Ξ)</strong></span> 
     </span>
    </p>
   </div>
   <div class='ocr_carea' id='block_1_44' title="bbox 451 2559 3694 2636">
    <p class='ocr_par' dir='ltr' id='par_1_44' title="bbox 451 2559 3694 2636">
     <span class='ocr_line' id='line_1_44' title="bbox 451 2559 3694 2636; baseline -0.001 -22"><span class='ocrx_word' id='word_1_300' title='bbox 451 2559 554 2631; x_wconf 76' lang='grc' dir='ltr'>τὴν</span> <span class='ocrx_word' id='word_1_301' title='bbox 575 2561 742 2632; x_wconf 72' lang='grc' dir='ltr'>αὐτὴν</span> <span class='ocrx_word' id='word_1_302' title='bbox 788 2564 1082 2635; x_wconf 79' lang='grc' dir='ltr'>ἑρμηνείαν</span> <span class='ocrx_word' id='word_1_303' title='bbox 1109 2563 1353 2634; x_wconf 73' lang='grc' dir='ltr'><strong>εἴπομεν⁹</strong></span> <span class='ocrx_word' id='word_1_304' title='bbox 1378 2563 1524 2632; x_wconf 86' lang='grc' dir='ltr'>λέγει</span> <span class='ocrx_word' id='word_1_305' title='bbox 1547 2564 1674 2636; x_wconf 82' lang='grc' dir='ltr'>γάρ·</span> <span class='ocrx_word' id='word_1_306' title='bbox 1712 2565 1813 2629; x_wconf 81' lang='grc' dir='ltr'>Είς</span> <span class='ocrx_word' id='word_1_307' title='bbox 1841 2564 1907 2617; x_wconf 86' lang='grc' dir='ltr'>τὸ</span> <span class='ocrx_word' id='word_1_308' title='bbox 1939 2564 2134 2633; x_wconf 78' lang='grc' dir='ltr'>τέλος,</span> <span class='ocrx_word' id='word_1_309' title='bbox 2174 2565 2298 2631; x_wconf 84' lang='grc' dir='ltr'>τοῖς</span> <span class='ocrx_word' id='word_1_310' title='bbox 2324 2563 2478 2629; x_wconf 74' lang='grc' dir='ltr'>υἱοῖς</span> <span class='ocrx_word' id='word_1_311' title='bbox 2502 2563 2652 2632; x_wconf 78' lang='grc' dir='ltr'>Κορὲ</span> <span class='ocrx_word' id='word_1_312' title='bbox 2687 2566 2773 2629; x_wconf 82' lang='grc' dir='ltr'><strong>είς</strong></span> <span class='ocrx_word' id='word_1_313' title='bbox 2798 2564 3071 2617; x_wconf 74' lang='grc' dir='ltr'>σύνεσιν.</span> <span class='ocrx_word' id='word_1_314' title='bbox 3109 2561 3182 2614; x_wconf 81' lang='grc' dir='ltr'><strong>Τδ</strong></span> <span class='ocrx_word' id='word_1_315' title='bbox 3239 2561 3296 2613; x_wconf 82' lang='grc' dir='ltr'><strong>δὲ</strong></span> <span class='ocrx_word' id='word_1_316' title='bbox 3344 2561 3489 2631; x_wconf 78' lang='grc' dir='ltr'>Κορὲ</span> <span class='ocrx_word' id='word_1_317' title='bbox 3528 2562 3694 2630; x_wconf 80' lang='grc' dir='ltr'>ἑρμη-</span> 
     </span>
    </p>
   </div>
   <div class='ocr_carea' id='block_1_45' title="bbox 453 2653 3693 2731">
    <p class='ocr_par' dir='ltr' id='par_1_45' title="bbox 453 2653 3693 2731">
     <span class='ocr_line' id='line_1_45' title="bbox 453 2653 3693 2731; baseline -0.001 -21"><span class='ocrx_word' id='word_1_318' title='bbox 453 2654 667 2710; x_wconf 78' lang='grc' dir='ltr'>νεύεται</span> <span class='ocrx_word' id='word_1_319' title='bbox 704 2659 1009 2726; x_wconf 69' lang='grc' dir='ltr'>φαλακρός</span> <span class='ocrx_word' id='word_1_320' title='bbox 1035 2659 1131 2729; x_wconf 79' lang='grc'><strong>(5).</strong></span> <span class='ocrx_word' id='word_1_321' title='bbox 1163 2660 1286 2721; x_wconf 83' lang='grc' dir='ltr'>Τοῖς</span> <span class='ocrx_word' id='word_1_322' title='bbox 1330 2654 1421 2711; x_wconf 81' lang='grc' dir='ltr'><strong>οὖν</strong></span> <span class='ocrx_word' id='word_1_323' title='bbox 1451 2659 1655 2729; x_wconf 87' lang='grc' dir='ltr'>γυμνὸν</span> <span class='ocrx_word' id='word_1_324' title='bbox 1677 2658 1855 2728; x_wconf 81' lang='grc' dir='ltr'>ἔχουσι</span> <span class='ocrx_word' id='word_1_325' title='bbox 1881 2658 1940 2711; x_wconf 84' lang='grc' dir='ltr'><strong>τὸ</strong></span> <span class='ocrx_word' id='word_1_326' title='bbox 1967 2660 2290 2731; x_wconf 77' lang='grc' dir='ltr'>ἡγεμονικὸν</span> <span class='ocrx_word' id='word_1_327' title='bbox 2321 2662 2422 2730; x_wconf 82' lang='grc' dir='ltr'>τῆς</span> <span class='ocrx_word' id='word_1_328' title='bbox 2471 2658 2697 2730; x_wconf 84' lang='grc' dir='ltr'>καρδίας</span> <span class='ocrx_word' id='word_1_329' title='bbox 2727 2657 2837 2712; x_wconf 75' lang='grc' dir='ltr'>ἀπὸ</span> <span class='ocrx_word' id='word_1_330' title='bbox 2883 2657 3058 2728; x_wconf 77' lang='grc' dir='ltr'>ἔργων</span> <span class='ocrx_word' id='word_1_331' title='bbox 3092 2654 3191 2724; x_wconf 67' lang='grc'><strong>(41,</strong></span> <span class='ocrx_word' id='word_1_332' title='bbox 3222 2654 3314 2706; x_wconf 78' lang='grc' dir='ltr'><strong>ἐπὶ</strong></span> <span class='ocrx_word' id='word_1_333' title='bbox 3355 2653 3496 2706; x_wconf 86' lang='grc' dir='ltr'>τέλει</span> <span class='ocrx_word' id='word_1_334' title='bbox 3535 2655 3591 2707; x_wconf 84' lang='grc' dir='ltr'>δὲ</span> <span class='ocrx_word' id='word_1_335' title='bbox 3616 2656 3693 2718; x_wconf 80' lang='grc' dir='ltr'><strong>είς</strong></span> 
     </span>
    </p>
   </div>
   <div class='ocr_carea' id='block_1_46' title="bbox 458 2743 1734 2822">
    <p class='ocr_par' dir='ltr' id='par_1_46' title="bbox 458 2743 1734 2822">
     <span class='ocr_line' id='line_1_46' title="bbox 458 2743 1734 2822; baseline 0.004 -23"><span class='ocrx_word' id='word_1_336' title='bbox 458 2744 674 2801; x_wconf 79' lang='grc' dir='ltr'>σύνεσιν</span> <span class='ocrx_word' id='word_1_337' title='bbox 701 2748 1012 2820; x_wconf 82' lang='grc' dir='ltr'>ἐρχομένων</span> <span class='ocrx_word' id='word_1_338' title='bbox 1039 2752 1068 2803; x_wconf 98' lang='lat'><strong>6</strong></span> <span class='ocrx_word' id='word_1_339' title='bbox 1090 2750 1300 2822; x_wconf 79' lang='grc' dir='ltr'>ψαλμὸς</span> <span class='ocrx_word' id='word_1_340' title='bbox 1321 2743 1476 2815; x_wconf 78' lang='grc' dir='ltr'>οὗτος</span> <span class='ocrx_word' id='word_1_341' title='bbox 1501 2750 1734 2821; x_wconf 79' lang='grc' dir='ltr'>εἴρηται.</span> 
     </span>
    </p>
   </div>
   <div class='ocr_carea' id='block_1_47' title="bbox 525 2852 3698 2932">
    <p class='ocr_par' dir='ltr' id='par_1_47' title="bbox 525 2852 3698 2932">
     <span class='ocr_line' id='line_1_47' title="bbox 525 2852 3698 2932; baseline 0.001 -21"><span class='ocrx_word' id='word_1_342' title='bbox 525 2852 742 2913; x_wconf 79' lang='lat' dir='ltr'><strong>Titulus</strong></span> <span class='ocrx_word' id='word_1_343' title='bbox 773 2859 1068 2932; x_wconf 83' lang='lat' dir='ltr'><strong>inscriptus</strong></span> <span class='ocrx_word' id='word_1_344' title='bbox 1099 2863 1340 2917; x_wconf 89' lang='lat' dir='ltr'><strong>continet</strong></span> <span class='ocrx_word' id='word_1_345' title='bbox 1367 2881 1380 2916; x_wconf 91' lang='lat'>:</span> <span class='ocrx_word' id='word_1_346' title='bbox 1410 2861 1477 2916; x_wconf 83' lang='lat' dir='ltr'><strong>In</strong></span> <span class='ocrx_word' id='word_1_347' title='bbox 1502 2862 1821 2932; x_wconf 75' lang='lat' dir='ltr'><strong>ﬁnem,ﬁliis</strong></span> <span class='ocrx_word' id='word_1_348' title='bbox 1838 2861 1969 2917; x_wconf 87' lang='lat' dir='ltr'><strong>Core</strong></span> <span class='ocrx_word' id='word_1_349' title='bbox 1995 2861 2522 2928; x_wconf 66' lang='lat' dir='ltr'><strong>adintellectum....;</strong></span> <span class='ocrx_word' id='word_1_350' title='bbox 2560 2870 2615 2916; x_wconf 90' lang='lat' dir='ltr'><strong>et</strong></span> <span class='ocrx_word' id='word_1_351' title='bbox 2636 2861 2739 2915; x_wconf 90' lang='lat' dir='ltr'><strong>alia</strong></span> <span class='ocrx_word' id='word_1_352' title='bbox 2765 2858 3210 2929; x_wconf 86' lang='lat' dir='ltr'><strong>interpretatione</strong></span> <span class='ocrx_word' id='word_1_353' title='bbox 3230 2860 3302 2913; x_wconf 89' lang='lat' dir='ltr'><strong>ita</strong></span> <span class='ocrx_word' id='word_1_354' title='bbox 3333 2858 3448 2912; x_wconf 84' lang='lat' dir='ltr'><strong>haec</strong></span> <span class='ocrx_word' id='word_1_355' title='bbox 3462 2857 3698 2927; x_wconf 75' lang='lat' dir='ltr'><strong>explica-</strong></span> 
     </span>
    </p>
   </div>
   <div class='ocr_carea' id='block_1_48' title="bbox 457 2952 3696 3029">
    <p class='ocr_par' dir='ltr' id='par_1_48' title="bbox 457 2952 3696 3029">
     <span class='ocr_line' id='line_1_48' title="bbox 457 2952 3696 3029; baseline 0.001 -24"><span class='ocrx_word' id='word_1_356' title='bbox 457 2965 581 3006; x_wconf 84' lang='lat' dir='ltr'><strong>Inus</strong></span> <span class='ocrx_word' id='word_1_357' title='bbox 605 2970 619 3007; x_wconf 88' lang='lat'><strong>:</strong></span> <span class='ocrx_word' id='word_1_358' title='bbox 643 2952 774 3009; x_wconf 89' lang='lat' dir='ltr'><strong>dicit</strong></span> <span class='ocrx_word' id='word_1_359' title='bbox 801 2955 948 3010; x_wconf 90' lang='lat' dir='ltr'><strong>enim</strong></span> <span class='ocrx_word' id='word_1_360' title='bbox 979 2975 992 3011; x_wconf 90' lang='lat'><strong>:</strong></span> <span class='ocrx_word' id='word_1_361' title='bbox 1025 2955 1091 3010; x_wconf 83' lang='lat' dir='ltr'><strong>In</strong></span> <span class='ocrx_word' id='word_1_362' title='bbox 1121 2957 1298 3026; x_wconf 80' lang='lat' dir='ltr'><strong>ﬁnem,</strong></span> <span class='ocrx_word' id='word_1_363' title='bbox 1331 2959 1461 3028; x_wconf 76' lang='lat' dir='ltr'><strong>ﬁliis</strong></span> <span class='ocrx_word' id='word_1_364' title='bbox 1482 2959 1614 3015; x_wconf 87' lang='lat' dir='ltr'><strong>Core</strong></span> <span class='ocrx_word' id='word_1_365' title='bbox 1645 2959 1713 3012; x_wconf 87' lang='lat' dir='ltr'><strong>ad</strong></span> <span class='ocrx_word' id='word_1_366' title='bbox 1738 2958 2083 3014; x_wconf 73' lang='lat' dir='ltr'><strong>intellectum.</strong></span> <span class='ocrx_word' id='word_1_367' title='bbox 2112 2958 2253 3014; x_wconf 82' lang='lat' dir='ltr'><strong>Core</strong></span> <span class='ocrx_word' id='word_1_368' title='bbox 2287 2968 2468 3014; x_wconf 87' lang='lat' dir='ltr'><strong>autem</strong></span> <span class='ocrx_word' id='word_1_369' title='bbox 2495 2959 2918 3029; x_wconf 88' lang='lat' dir='ltr'><strong>interpretatur:</strong></span> <span class='ocrx_word' id='word_1_370' title='bbox 2944 2953 3156 3011; x_wconf 80' lang='lat' dir='ltr'><strong>Calvus.</strong></span> <span class='ocrx_word' id='word_1_371' title='bbox 3193 2952 3378 3024; x_wconf 75' lang='lat' dir='ltr'><strong>itaque</strong></span> <span class='ocrx_word' id='word_1_372' title='bbox 3404 2954 3474 3007; x_wconf 80' lang='lat' dir='ltr'><strong>ab</strong></span> <span class='ocrx_word' id='word_1_373' title='bbox 3500 2954 3696 3008; x_wconf 86' lang='lat' dir='ltr'><strong>baben-</strong></span> 
     </span>
    </p>
   </div>
   <div class='ocr_carea' id='block_1_49' title="bbox 458 3047 3694 3126">
    <p class='ocr_par' dir='ltr' id='par_1_49' title="bbox 458 3047 3694 3126">
     <span class='ocr_line' id='line_1_49' title="bbox 458 3047 3694 3126; baseline 0.001 -25"><span class='ocrx_word' id='word_1_374' title='bbox 458 3047 604 3104; x_wconf 85' lang='lat' dir='ltr'><strong>tibus</strong></span> <span class='ocrx_word' id='word_1_375' title='bbox 631 3058 864 3106; x_wconf 85' lang='lat' dir='ltr'><strong>mentem</strong></span> <span class='ocrx_word' id='word_1_376' title='bbox 896 3053 1075 3109; x_wconf 87' lang='lat' dir='ltr'><strong>cordis</strong></span> <span class='ocrx_word' id='word_1_377' title='bbox 1094 3055 1352 3110; x_wconf 88' lang='lat' dir='ltr'><strong>nudatam</strong></span> <span class='ocrx_word' id='word_1_378' title='bbox 1381 3057 1450 3112; x_wconf 89' lang='lat' dir='ltr'><strong>ab</strong></span> <span class='ocrx_word' id='word_1_379' title='bbox 1470 3057 1744 3126; x_wconf 85' lang='lat' dir='ltr'><strong>operibus,</strong></span> <span class='ocrx_word' id='word_1_380' title='bbox 1768 3055 1824 3110; x_wconf 89' lang='lat' dir='ltr'><strong>in</strong></span> <span class='ocrx_word' id='word_1_381' title='bbox 1862 3056 1967 3110; x_wconf 83' lang='lat' dir='ltr'><strong>ﬁne</strong></span> <span class='ocrx_word' id='word_1_382' title='bbox 1987 3064 2166 3111; x_wconf 88' lang='lat' dir='ltr'><strong>autem</strong></span> <span class='ocrx_word' id='word_1_383' title='bbox 2199 3056 2270 3110; x_wconf 90' lang='lat' dir='ltr'><strong>in.</strong></span> <span class='ocrx_word' id='word_1_384' title='bbox 2296 3055 2629 3110; x_wconf 90' lang='lat' dir='ltr'><strong>intellectum</strong></span> <span class='ocrx_word' id='word_1_385' title='bbox 2659 3052 3000 3108; x_wconf 77' lang='lat' dir='ltr'><strong>venientibus</strong></span> <span class='ocrx_word' id='word_1_386' title='bbox 3017 3047 3572 3120; x_wconf 85' lang='lat' dir='ltr'><strong>psalmusistedictus</strong></span> <span class='ocrx_word' id='word_1_387' title='bbox 3601 3062 3694 3106; x_wconf 87' lang='lat' dir='ltr'><strong>est.</strong></span> 
     </span>
    </p>
   </div>
   <div class='ocr_carea' id='block_1_50' title="bbox 527 3157 2098 3242">
    <p class='ocr_par' dir='ltr' id='par_1_50' title="bbox 527 3160 2096 3242">
     <span class='ocr_line' id='line_1_50' title="bbox 527 3160 2096 3242; baseline 0.006 -29"><span class='ocrx_word' id='word_1_388' title='bbox 527 3160 579 3214; x_wconf 91' lang='grc'><strong>1.</strong></span> <span class='ocrx_word' id='word_1_389' title='bbox 610 3161 654 3214; x_wconf 83' lang='grc' dir='ltr'><strong>Α</strong></span> <span class='ocrx_word' id='word_1_390' title='bbox 701 3163 951 3222; x_wconf 83' lang='lat' dir='ltr'><strong>ﬁdelibus</strong></span> <span class='ocrx_word' id='word_1_391' title='bbox 1019 3167 1152 3224; x_wconf 84' lang='lat' dir='ltr'><strong>viris</strong></span> <span class='ocrx_word' id='word_1_392' title='bbox 1213 3171 1545 3240; x_wconf 89' lang='lat' dir='ltr'><strong>accepimus,</strong></span> <span class='ocrx_word' id='word_1_393' title='bbox 1595 3185 1714 3242; x_wconf 74' lang='lat' dir='ltr'><strong>qua:</strong></span> <span class='ocrx_word' id='word_1_394' title='bbox 1754 3169 2025 3224; x_wconf 83' lang='lat' dir='ltr'><strong>narraturi</strong></span> <span class='ocrx_word' id='word_1_395' title='bbox 2054 3173 2096 3231; x_wconf 87' lang='lat' dir='ltr'>C</span> 
     </span>
    </p>
   </div>
   <div class='ocr_carea' id='block_1_51' title="bbox 2131 3157 3702 3242">
    <p class='ocr_par' dir='ltr' id='par_1_51' title="bbox 2198 3157 3702 3238">
     <span class='ocr_line' id='line_1_51' title="bbox 2198 3157 3702 3238; baseline -0.007 -17"><span class='ocrx_word' id='word_1_396' title='bbox 2198 3168 2248 3221; x_wconf 91' lang='grc'><strong>1.</strong></span> <span class='ocrx_word' id='word_1_397' title='bbox 2270 3167 2426 3238; x_wconf 81' lang='grc' dir='ltr'>Παρὰ</span> <span class='ocrx_word' id='word_1_398' title='bbox 2455 3166 2662 3220; x_wconf 87' lang='grc' dir='ltr'>πιστῶν</span> <span class='ocrx_word' id='word_1_399' title='bbox 2693 3163 2900 3236; x_wconf 83' lang='grc' dir='ltr'>ἀνδρῶν</span> <span class='ocrx_word' id='word_1_400' title='bbox 2929 3160 3363 3232; x_wconf 79' lang='grc' dir='ltr'>παρειλήφαμεν,</span> <span class='ocrx_word' id='word_1_401' title='bbox 3383 3157 3418 3212; x_wconf 69' lang='grc' dir='ltr'>ἃ</span> <span class='ocrx_word' id='word_1_402' title='bbox 3443 3158 3702 3230; x_wconf 69' lang='grc' dir='ltr'>μέλλομεν</span> 
     </span>
    </p>
   </div>
   <div class='ocr_carea' id='block_1_52' title="bbox 455 3260 2026 3330">
    <p class='ocr_par' dir='ltr' id='par_1_52' title="bbox 455 3262 668 3306">
     <span class='ocr_line' id='line_1_52' title="bbox 455 3262 668 3306; baseline 0 0"><span class='ocrx_word' id='word_1_403' title='bbox 455 3262 668 3306; x_wconf 69' lang='lat' dir='ltr'><strong>sanius.</strong></span> 
     </span>
    </p>
   </div>
   <div class='ocr_carea' id='block_1_53' title="bbox 981 3260 2552 3330">
    <p class='ocr_par' dir='ltr' id='par_1_53' title="bbox 2136 3260 2552 3330">
     <span class='ocr_line' id='line_1_53' title="bbox 2136 3260 2552 3330; baseline 0.005 -18"><span class='ocrx_word' id='word_1_404' title='bbox 2136 3260 2434 3330; x_wconf 82' lang='grc' dir='ltr'>διηγεῖσθαι</span> <span class='ocrx_word' id='word_1_405' title='bbox 2455 3260 2552 3328; x_wconf 84' lang='grc'><strong>(5).</strong></span> 
     </span>
    </p>
   </div>
   <div class='ocr_carea' id='block_1_54' title="bbox 532 3342 2103 3419">
    <p class='ocr_par' dir='ltr' id='par_1_54' title="bbox 532 3342 2032 3419">
     <span class='ocr_line' id='line_1_54' title="bbox 532 3342 2032 3419; baseline 0.009 -25"><span class='ocrx_word' id='word_1_406' title='bbox 532 3344 586 3395; x_wconf 73' lang='lat'><strong>2.</strong></span> <span class='ocrx_word' id='word_1_407' title='bbox 621 3342 832 3413; x_wconf 84' lang='lat' dir='ltr'><strong>Moyses</strong></span> <span class='ocrx_word' id='word_1_408' title='bbox 854 3351 908 3398; x_wconf 89' lang='lat' dir='ltr'><strong>et</strong></span> <span class='ocrx_word' id='word_1_409' title='bbox 939 3344 1217 3413; x_wconf 59' lang='lat' dir='ltr'><strong>prophetas</strong></span> <span class='ocrx_word' id='word_1_410' title='bbox 1257 3346 1311 3400; x_wconf 91' lang='lat' dir='ltr'><strong>in</strong></span> <span class='ocrx_word' id='word_1_411' title='bbox 1340 3346 1638 3419; x_wconf 87' lang='lat' dir='ltr'><strong>Scripturis</strong></span> <span class='ocrx_word' id='word_1_412' title='bbox 1670 3364 2032 3408; x_wconf 81' lang='lat' dir='ltr'><strong>narraverunt</strong></span> 
     </span>
    </p>
   </div>
   <div class='ocr_carea' id='block_1_55' title="bbox 2130 3342 3701 3419">
    <p class='ocr_par' dir='ltr' id='par_1_55' title="bbox 2207 3344 3701 3419">
     <span class='ocr_line' id='line_1_55' title="bbox 2207 3344 3701 3419; baseline -0.005 -17"><span class='ocrx_word' id='word_1_413' title='bbox 2207 3349 2261 3402; x_wconf 76' lang='grc'><strong>2.</strong></span> <span class='ocrx_word' id='word_1_414' title='bbox 2299 3351 2504 3419; x_wconf 86' lang='grc' dir='ltr'>Μωσῆς</span> <span class='ocrx_word' id='word_1_415' title='bbox 2536 3349 2628 3402; x_wconf 76' lang='grc' dir='ltr'><strong>καὶ</strong></span> <span class='ocrx_word' id='word_1_416' title='bbox 2671 3349 2720 3400; x_wconf 81' lang='grc' dir='ltr'>οἱ</span> <span class='ocrx_word' id='word_1_417' title='bbox 2757 3347 3029 3417; x_wconf 77' lang='grc' dir='ltr'>προφῆται</span> <span class='ocrx_word' id='word_1_418' title='bbox 3069 3347 3155 3399; x_wconf 81' lang='grc' dir='ltr'>διὰ</span> <span class='ocrx_word' id='word_1_419' title='bbox 3205 3347 3312 3400; x_wconf 88' lang='grc' dir='ltr'><strong>τῶν</strong></span> <span class='ocrx_word' id='word_1_420' title='bbox 3355 3344 3590 3415; x_wconf 85' lang='grc' dir='ltr'>Γραφῶν</span> <span class='ocrx_word' id='word_1_421' title='bbox 3632 3344 3701 3396; x_wconf 82' lang='grc' dir='ltr'>δι-</span> 
     </span>
    </p>
   </div>
   <div class='ocr_carea' id='block_1_56' title="bbox 460 3432 2031 3511">
    <p class='ocr_par' dir='ltr' id='par_1_56' title="bbox 460 3434 1368 3506">
     <span class='ocr_line' id='line_1_56' title="bbox 460 3434 1368 3506; baseline 0.003 -17"><span class='ocrx_word' id='word_1_422' title='bbox 460 3437 527 3490; x_wconf 84' lang='lat' dir='ltr'><strong>de</strong></span> <span class='ocrx_word' id='word_1_423' title='bbox 549 3434 826 3504; x_wconf 87' lang='lat' dir='ltr'><strong>gentibus,</strong></span> <span class='ocrx_word' id='word_1_424' title='bbox 854 3450 992 3504; x_wconf 90' lang='lat' dir='ltr'><strong>quas</strong></span> <span class='ocrx_word' id='word_1_425' title='bbox 1014 3435 1174 3506; x_wconf 84' lang='lat' dir='ltr'><strong>ejecit</strong></span> <span class='ocrx_word' id='word_1_426' title='bbox 1204 3436 1368 3494; x_wconf 88' lang='lat' dir='ltr'><strong>Deus.</strong></span> 
     </span>
    </p>
   </div>
   <div class='ocr_carea' id='block_1_57' title="bbox 1921 3432 3492 3511">
    <p class='ocr_par' dir='ltr' id='par_1_57' title="bbox 2128 3432 3492 3511">
     <span class='ocr_line' id='line_1_57' title="bbox 2128 3432 3492 3511; baseline 0 -21"><span class='ocrx_word' id='word_1_427' title='bbox 2128 3441 2400 3511; x_wconf 85' lang='grc' dir='ltr'>ηγήσαντο</span> <span class='ocrx_word' id='word_1_428' title='bbox 2430 3439 2686 3509; x_wconf 74' lang='grc' dir='ltr'>περὶτῶν</span> <span class='ocrx_word' id='word_1_429' title='bbox 2707 3438 2895 3505; x_wconf 76' lang='grc' dir='ltr'>ἐθνῶν,</span> <span class='ocrx_word' id='word_1_430' title='bbox 2922 3432 2996 3491; x_wconf 81' lang='grc' dir='ltr'>ὧν</span> <span class='ocrx_word' id='word_1_431' title='bbox 3023 3437 3271 3502; x_wconf 78' lang='grc' dir='ltr'>ἐξέϐαλεν</span> <span class='ocrx_word' id='word_1_432' title='bbox 3290 3440 3318 3490; x_wconf 93' lang='lat'><strong>6</strong></span> <span class='ocrx_word' id='word_1_433' title='bbox 3343 3436 3492 3499; x_wconf 84' lang='grc' dir='ltr'>Θεός.</span> 
     </span>
    </p>
   </div>
   <div class='ocr_carea' id='block_1_58' title="bbox 529 3526 2100 3602">
    <p class='ocr_par' dir='ltr' id='par_1_58' title="bbox 529 3526 2030 3593">
     <span class='ocr_line' id='line_1_58' title="bbox 529 3526 2030 3593; baseline 0.005 -11"><span class='ocrx_word' id='word_1_434' title='bbox 529 3527 582 3582; x_wconf 79' lang='grc'><strong>5.</strong></span> <span class='ocrx_word' id='word_1_435' title='bbox 617 3526 903 3593; x_wconf 85' lang='lat' dir='ltr'><strong>Quomodo</strong></span> <span class='ocrx_word' id='word_1_436' title='bbox 945 3529 999 3582; x_wconf 93' lang='lat' dir='ltr'><strong>in</strong></span> <span class='ocrx_word' id='word_1_437' title='bbox 1044 3531 1297 3586; x_wconf 90' lang='lat' dir='ltr'><strong>omnibus</strong></span> <span class='ocrx_word' id='word_1_438' title='bbox 1340 3532 1496 3588; x_wconf 87' lang='lat' dir='ltr'><strong>bellis</strong></span> <span class='ocrx_word' id='word_1_439' title='bbox 1539 3535 1816 3590; x_wconf 78' lang='lat' dir='ltr'><strong>debellasti</strong></span> <span class='ocrx_word' id='word_1_440' title='bbox 1865 3537 2030 3590; x_wconf 82' lang='lat' dir='ltr'><strong>variis</strong></span> 
     </span>
    </p>
   </div>
   <div class='ocr_carea' id='block_1_59' title="bbox 2128 3526 3699 3602">
    <p class='ocr_par' dir='ltr' id='par_1_59' title="bbox 2199 3528 3699 3602">
     <span class='ocr_line' id='line_1_59' title="bbox 2199 3528 3699 3602; baseline -0.005 -17"><span class='ocrx_word' id='word_1_441' title='bbox 2199 3534 2250 3586; x_wconf 84' lang='grc'><strong>5.</strong></span> <span class='ocrx_word' id='word_1_442' title='bbox 2287 3533 2360 3585; x_wconf 87' lang='grc' dir='ltr'>Τδ</span> <span class='ocrx_word' id='word_1_443' title='bbox 2382 3533 2498 3596; x_wconf 87' lang='grc' dir='ltr'><strong>πῶς</strong></span> <span class='ocrx_word' id='word_1_444' title='bbox 2527 3533 2583 3584; x_wconf 81' lang='grc' dir='ltr'>ὲν</span> <span class='ocrx_word' id='word_1_445' title='bbox 2612 3531 2826 3602; x_wconf 80' lang='grc' dir='ltr'>ἑκάστῳ</span> <span class='ocrx_word' id='word_1_446' title='bbox 2852 3531 3071 3602; x_wconf 78' lang='grc' dir='ltr'>πολέμῳ</span> <span class='ocrx_word' id='word_1_447' title='bbox 3103 3528 3260 3593; x_wconf 80' lang='grc' dir='ltr'>αὐτὸς</span> <span class='ocrx_word' id='word_1_448' title='bbox 3284 3528 3555 3599; x_wconf 81' lang='grc' dir='ltr'>διαφόρως</span> <span class='ocrx_word' id='word_1_449' title='bbox 3585 3529 3699 3580; x_wconf 79' lang='grc' dir='ltr'>ἐπο-</span> 
     </span>
    </p>
   </div>
   <div class='ocr_carea' id='block_1_60' title="bbox 461 3607 2032 3695">
    <p class='ocr_par' dir='ltr' id='par_1_60' title="bbox 461 3618 1166 3676">
     <span class='ocr_line' id='line_1_60' title="bbox 461 3618 1166 3676; baseline 0.001 -2"><span class='ocrx_word' id='word_1_450' title='bbox 461 3620 642 3675; x_wconf 89' lang='lat' dir='ltr'><strong>modis</strong></span> <span class='ocrx_word' id='word_1_451' title='bbox 674 3618 933 3674; x_wconf 89' lang='lat' dir='ltr'><strong>inimicos</strong></span> <span class='ocrx_word' id='word_1_452' title='bbox 955 3635 1166 3676; x_wconf 83' lang='lat' dir='ltr'><strong>eorum.</strong></span> 
     </span>
    </p>
   </div>
   <div class='ocr_carea' id='block_1_61' title="bbox 2170 3607 3741 3695">
    <p class='ocr_par' dir='ltr' id='par_1_61' title="bbox 2170 3607 3741 3695">
     <span class='ocr_line' id='line_1_61' title="bbox 2170 3607 3741 3695; baseline -0.004 -17"><span class='ocrx_word' id='word_1_453' title='bbox 2170 3625 2371 3694; x_wconf 80' lang='grc' dir='ltr'>έμησας</span> <span class='ocrx_word' id='word_1_454' title='bbox 2396 3626 2520 3689; x_wconf 84' lang='grc' dir='ltr'>τοὺς</span> <span class='ocrx_word' id='word_1_455' title='bbox 2548 3624 2773 3695; x_wconf 79' lang='grc' dir='ltr'>ἐχθροὺς</span> <span class='ocrx_word' id='word_1_456' title='bbox 2812 3622 3010 3676; x_wconf 84' lang='grc' dir='ltr'>αὐτῶν.</span> <span class='ocrx_word' id='word_1_457' title='bbox 3739 3607 3741 3610; x_wconf 4' lang='grc' dir='ltr'><strong>ί</strong></span> 
     </span>
    </p>
   </div>
   <div class='ocr_carea' id='block_1_62' title="bbox 534 3712 2105 3786">
    <p class='ocr_par' dir='ltr' id='par_1_62' title="bbox 534 3712 2028 3782">
     <span class='ocr_line' id='line_1_62' title="bbox 534 3712 2028 3782; baseline 0.006 -17"><span class='ocrx_word' id='word_1_458' title='bbox 534 3713 586 3766; x_wconf 75' lang='grc'><strong>4.</strong></span> <span class='ocrx_word' id='word_1_459' title='bbox 620 3712 794 3767; x_wconf 89' lang='lat' dir='ltr'><strong>Filius</strong></span> <span class='ocrx_word' id='word_1_460' title='bbox 833 3720 962 3766; x_wconf 86' lang='lat' dir='ltr'><strong>tuus</strong></span> <span class='ocrx_word' id='word_1_461' title='bbox 995 3713 1321 3782; x_wconf 87' lang='lat' dir='ltr'><strong>disperdidit</strong></span> <span class='ocrx_word' id='word_1_462' title='bbox 1344 3731 1438 3773; x_wconf 92' lang='lat' dir='ltr'><strong>eos</strong></span> <span class='ocrx_word' id='word_1_463' title='bbox 1461 3759 1475 3782; x_wconf 87' lang='lat'><strong><em>,</em></strong></span> <span class='ocrx_word' id='word_1_464' title='bbox 1503 3727 1555 3774; x_wconf 92' lang='lat' dir='ltr'><strong>et</strong></span> <span class='ocrx_word' id='word_1_465' title='bbox 1580 3719 1634 3772; x_wconf 90' lang='lat' dir='ltr'><strong>in</strong></span> <span class='ocrx_word' id='word_1_466' title='bbox 1662 3719 2028 3774; x_wconf 72' lang='lat' dir='ltr'><strong>liaareditatem</strong></span> 
     </span>
    </p>
   </div>
   <div class='ocr_carea' id='block_1_63' title="bbox 2130 3712 3701 3786">
    <p class='ocr_par' dir='ltr' id='par_1_63' title="bbox 2201 3714 3701 3786">
     <span class='ocr_line' id='line_1_63' title="bbox 2201 3714 3701 3786; baseline -0.005 -16"><span class='ocrx_word' id='word_1_467' title='bbox 2201 3717 2252 3770; x_wconf 80' lang='grc'><strong>4.</strong></span> <span class='ocrx_word' id='word_1_468' title='bbox 2291 3718 2347 3770; x_wconf 87' lang='lat'><strong>&#39;0</strong></span> <span class='ocrx_word' id='word_1_469' title='bbox 2376 3717 2503 3780; x_wconf 87' lang='grc' dir='ltr'>Υίός</span> <span class='ocrx_word' id='word_1_470' title='bbox 2556 3733 2648 3769; x_wconf 88' lang='grc' dir='ltr'><strong>σου</strong></span> <span class='ocrx_word' id='word_1_471' title='bbox 2703 3715 3096 3786; x_wconf 79' lang='grc' dir='ltr'>ὲξωλόθρευσεν</span> <span class='ocrx_word' id='word_1_472' title='bbox 3153 3715 3382 3777; x_wconf 75' lang='grc' dir='ltr'>αὐτοὺς,</span> <span class='ocrx_word' id='word_1_473' title='bbox 3443 3714 3541 3766; x_wconf 71' lang='grc' dir='ltr'><strong>καὶ</strong></span> <span class='ocrx_word' id='word_1_474' title='bbox 3579 3727 3701 3765; x_wconf 82' lang='grc' dir='ltr'>κατ-</span> 
     </span>
    </p>
   </div>
   <div class='ocr_carea' id='block_1_64' title="bbox 461 3799 2032 3881">
    <p class='ocr_par' dir='ltr' id='par_1_64' title="bbox 461 3799 972 3857">
     <span class='ocr_line' id='line_1_64' title="bbox 461 3799 972 3857; baseline -0.006 0"><span class='ocrx_word' id='word_1_475' title='bbox 461 3803 610 3857; x_wconf 80' lang='lat' dir='ltr'><strong>dedit</strong></span> <span class='ocrx_word' id='word_1_476' title='bbox 634 3801 759 3856; x_wconf 84' lang='lat' dir='ltr'><strong>ﬁli-is</strong></span> <span class='ocrx_word' id='word_1_477' title='bbox 786 3799 972 3856; x_wconf 85' lang='lat' dir='ltr'><strong>Israel.</strong></span> 
     </span>
    </p>
   </div>
   <div class='ocr_carea' id='block_1_65' title="bbox 1696 3799 3267 3881">
    <p class='ocr_par' dir='ltr' id='par_1_65' title="bbox 2131 3805 3267 3881">
     <span class='ocr_line' id='line_1_65' title="bbox 2131 3805 3267 3881; baseline -0.001 -21"><span class='ocrx_word' id='word_1_478' title='bbox 2131 3807 2518 3881; x_wconf 83' lang='grc' dir='ltr'>εκληροδότησε</span> <span class='ocrx_word' id='word_1_479' title='bbox 2563 3807 2636 3879; x_wconf 82' lang='grc'><strong>(6)</strong></span> <span class='ocrx_word' id='word_1_480' title='bbox 2673 3807 2800 3871; x_wconf 80' lang='grc' dir='ltr'>τοὺς</span> <span class='ocrx_word' id='word_1_481' title='bbox 2843 3808 2992 3871; x_wconf 77' lang='grc' dir='ltr'>υἱοὺς</span> <span class='ocrx_word' id='word_1_482' title='bbox 3036 3805 3267 3878; x_wconf 85' lang='grc' dir='ltr'>Ἰσραήλ.</span> 
     </span>
    </p>
   </div>
   <div class='ocr_carea' id='block_1_66' title="bbox 537 3887 2108 3970">
    <p class='ocr_par' dir='ltr' id='par_1_66' title="bbox 537 3887 1714 3959">
     <span class='ocr_line' id='line_1_66' title="bbox 537 3887 1714 3959; baseline -0.002 -13"><span class='ocrx_word' id='word_1_483' title='bbox 537 3891 590 3946; x_wconf 77' lang='grc'><strong>5.</strong></span> <span class='ocrx_word' id='word_1_484' title='bbox 629 3889 960 3946; x_wconf 82' lang='lat' dir='ltr'><strong>Vulneratos</strong></span> <span class='ocrx_word' id='word_1_485' title='bbox 991 3904 1088 3944; x_wconf 88' lang='lat' dir='ltr'><strong>eos</strong></span> <span class='ocrx_word' id='word_1_486' title='bbox 1111 3889 1166 3944; x_wconf 90' lang='lat' dir='ltr'><strong>in</strong></span> <span class='ocrx_word' id='word_1_487' title='bbox 1200 3887 1380 3959; x_wconf 86' lang='lat' dir='ltr'><strong>fugam</strong></span> <span class='ocrx_word' id='word_1_488' title='bbox 1413 3888 1714 3958; x_wconf 71' lang='lat' dir='ltr'><strong>coniecisti.</strong></span> 
     </span>
    </p>
   </div>
   <div class='ocr_carea' id='block_1_67' title="bbox 1994 3887 3565 3970">
    <p class='ocr_par' dir='ltr' id='par_1_67' title="bbox 2201 3893 3565 3970">
     <span class='ocr_line' id='line_1_67' title="bbox 2201 3893 3565 3970; baseline -0.005 -19"><span class='ocrx_word' id='word_1_489' title='bbox 2201 3898 2252 3951; x_wconf 84' lang='lat'><strong>5.</strong></span> <span class='ocrx_word' id='word_1_490' title='bbox 2281 3897 2758 3970; x_wconf 85' lang='grc' dir='ltr'>Τιτρωσκομένους</span> <span class='ocrx_word' id='word_1_491' title='bbox 2786 3897 2984 3960; x_wconf 83' lang='grc' dir='ltr'>αὐτοὺς</span> <span class='ocrx_word' id='word_1_492' title='bbox 3012 3895 3252 3966; x_wconf 82' lang='grc' dir='ltr'>φυγάδας</span> <span class='ocrx_word' id='word_1_493' title='bbox 3285 3893 3565 3962; x_wconf 82' lang='grc' dir='ltr'>ἐποίησας.</span> 
     </span>
    </p>
   </div>
   <div class='ocr_carea' id='block_1_68' title="bbox 534 3983 2105 4061">
    <p class='ocr_par' dir='ltr' id='par_1_68' title="bbox 534 3983 2030 4053">
     <span class='ocr_line' id='line_1_68' title="bbox 534 3983 2030 4053; baseline 0 -13"><span class='ocrx_word' id='word_1_494' title='bbox 534 3986 588 4040; x_wconf 84' lang='grc'><strong>6.</strong></span> <span class='ocrx_word' id='word_1_495' title='bbox 620 3984 737 4041; x_wconf 84' lang='grc' dir='ltr'>Νοη</span> <span class='ocrx_word' id='word_1_496' title='bbox 786 3985 933 4041; x_wconf 90' lang='lat' dir='ltr'><strong>enim</strong></span> <span class='ocrx_word' id='word_1_497' title='bbox 977 3999 1169 4039; x_wconf 91' lang='lat' dir='ltr'><strong>eorum</strong></span> <span class='ocrx_word' id='word_1_498' title='bbox 1216 3983 1385 4038; x_wconf 90' lang='lat' dir='ltr'><strong>armis</strong></span> <span class='ocrx_word' id='word_1_499' title='bbox 1431 3985 1793 4053; x_wconf 86' lang='lat' dir='ltr'><strong>possederunt</strong></span> <span class='ocrx_word' id='word_1_500' title='bbox 1831 3993 2030 4040; x_wconf 89' lang='lat' dir='ltr'><strong>terram</strong></span> 
     </span>
    </p>
   </div>
   <div class='ocr_carea' id='block_1_69' title="bbox 2131 3983 3702 4061">
    <p class='ocr_par' dir='ltr' id='par_1_69' title="bbox 2202 3983 3702 4061">
     <span class='ocr_line' id='line_1_69' title="bbox 2202 3983 3702 4061; baseline -0.008 -17"><span class='ocrx_word' id='word_1_501' title='bbox 2202 3991 2255 4044; x_wconf 83' lang='lat'>6.</span> <span class='ocrx_word' id='word_1_502' title='bbox 2281 3991 2354 4044; x_wconf 85' lang='grc' dir='ltr'><strong>Οὐ</strong></span> <span class='ocrx_word' id='word_1_503' title='bbox 2394 3990 2501 4061; x_wconf 82' lang='grc' dir='ltr'><strong>γὰρ</strong></span> <span class='ocrx_word' id='word_1_504' title='bbox 2553 3990 2613 4044; x_wconf 85' lang='grc' dir='ltr'>ὲν</span> <span class='ocrx_word' id='word_1_505' title='bbox 2651 3991 2761 4052; x_wconf 84' lang='grc' dir='ltr'>τοῖς</span> <span class='ocrx_word' id='word_1_506' title='bbox 2817 3988 2997 4052; x_wconf 84' lang='grc' dir='ltr'>ὅπλοις</span> <span class='ocrx_word' id='word_1_507' title='bbox 3038 3987 3214 4042; x_wconf 84' lang='grc' dir='ltr'>αὐτῶν</span> <span class='ocrx_word' id='word_1_508' title='bbox 3263 3983 3702 4056; x_wconf 77' lang='grc' dir='ltr'>ὲκληρονόμησαν</span> 
     </span>
    </p>
   </div>
   <div class='ocr_carea' id='block_1_70' title="bbox 461 4077 2032 4154">
    <p class='ocr_par' dir='ltr' id='par_1_70' title="bbox 461 4077 862 4149">
     <span class='ocr_line' id='line_1_70' title="bbox 461 4077 862 4149; baseline 0.01 -21"><span class='ocrx_word' id='word_1_509' title='bbox 461 4077 862 4149; x_wconf 76' lang='lat' dir='ltr'><strong>prutttissionis,</strong></span> 
     </span>
    </p>
   </div>
   <div class='ocr_carea' id='block_1_71' title="bbox 1272 4077 2843 4154">
    <p class='ocr_par' dir='ltr' id='par_1_71' title="bbox 2132 4080 2843 4154">
     <span class='ocr_line' id='line_1_71' title="bbox 2132 4080 2843 4154; baseline -0.003 -18"><span class='ocrx_word' id='word_1_510' title='bbox 2132 4082 2228 4153; x_wconf 81' lang='grc' dir='ltr'>τὴν</span> <span class='ocrx_word' id='word_1_511' title='bbox 2249 4083 2350 4154; x_wconf 77' lang='grc' dir='ltr'>γῆν</span> <span class='ocrx_word' id='word_1_512' title='bbox 2369 4083 2469 4152; x_wconf 85' lang='grc' dir='ltr'><strong>τῆς</strong></span> <span class='ocrx_word' id='word_1_513' title='bbox 2494 4080 2843 4151; x_wconf 78' lang='grc' dir='ltr'>ἐπαγγελίας,</span> 
     </span>
    </p>
   </div>
   <div class='ocr_carea' id='block_1_72' title="bbox 537 4160 2108 4241">
    <p class='ocr_par' dir='ltr' id='par_1_72' title="bbox 537 4168 1716 4240">
     <span class='ocr_line' id='line_1_72' title="bbox 537 4168 1716 4240; baseline 0.002 -17"><span class='ocrx_word' id='word_1_514' title='bbox 537 4171 590 4224; x_wconf 89' lang='grc'><strong>7.</strong></span> <span class='ocrx_word' id='word_1_515' title='bbox 621 4168 686 4224; x_wconf 83' lang='grc' dir='ltr'>Ει</span> <span class='ocrx_word' id='word_1_516' title='bbox 714 4169 954 4240; x_wconf 89' lang='lat' dir='ltr'><strong>potentia</strong></span> <span class='ocrx_word' id='word_1_517' title='bbox 973 4184 1162 4224; x_wconf 89' lang='lat' dir='ltr'><strong>eorum</strong></span> <span class='ocrx_word' id='word_1_518' title='bbox 1194 4184 1302 4223; x_wconf 90' lang='lat' dir='ltr'><strong>non</strong></span> <span class='ocrx_word' id='word_1_519' title='bbox 1328 4169 1559 4224; x_wconf 81' lang='lat' dir='ltr'><strong>salvavit</strong></span> <span class='ocrx_word' id='word_1_520' title='bbox 1593 4185 1716 4236; x_wconf 92' lang='lat' dir='ltr'><strong>eos;</strong></span> 
     </span>
    </p>
   </div>
   <div class='ocr_carea' id='block_1_73' title="bbox 2030 4160 3601 4241">
    <p class='ocr_par' dir='ltr' id='par_1_73' title="bbox 2209 4160 3601 4241">
     <span class='ocr_line' id='line_1_73' title="bbox 2209 4160 3601 4241; baseline -0.006 -19"><span class='ocrx_word' id='word_1_521' title='bbox 2209 4170 2260 4224; x_wconf 87' lang='lat'>7.</span> <span class='ocrx_word' id='word_1_522' title='bbox 2293 4171 2402 4225; x_wconf 78' lang='lat' dir='ltr'><strong>Kal</strong></span> <span class='ocrx_word' id='word_1_523' title='bbox 2435 4171 2468 4241; x_wconf 82' lang='grc' dir='ltr'>ὴ</span> <span class='ocrx_word' id='word_1_524' title='bbox 2501 4170 2788 4223; x_wconf 88' lang='grc' dir='ltr'>δυναστεία</span> <span class='ocrx_word' id='word_1_525' title='bbox 2815 4169 2991 4222; x_wconf 78' lang='grc' dir='ltr'>αὐτῶν</span> <span class='ocrx_word' id='word_1_526' title='bbox 3011 4167 3110 4219; x_wconf 80' lang='grc' dir='ltr'><strong>οὐκ</strong></span> <span class='ocrx_word' id='word_1_527' title='bbox 3145 4165 3346 4217; x_wconf 85' lang='grc' dir='ltr'>έσωσεν</span> <span class='ocrx_word' id='word_1_528' title='bbox 3383 4160 3601 4225; x_wconf 79' lang='grc' dir='ltr'>αὐτούς·</span> 
     </span>
    </p>
   </div>
   <div class='ocr_carea' id='block_1_74' title="bbox 536 4253 2107 4333">
    <p class='ocr_par' dir='ltr' id='par_1_74' title="bbox 536 4257 2035 4330">
     <span class='ocr_line' id='line_1_74' title="bbox 536 4257 2035 4330; baseline 0.003 -18"><span class='ocrx_word' id='word_1_529' title='bbox 536 4260 590 4316; x_wconf 93' lang='lat'>8.</span> <span class='ocrx_word' id='word_1_530' title='bbox 621 4257 724 4314; x_wconf 88' lang='lat' dir='ltr'><strong>Sed</strong></span> <span class='ocrx_word' id='word_1_531' title='bbox 779 4259 1094 4330; x_wconf 84' lang='lat' dir='ltr'><strong>unigenitus</strong></span> <span class='ocrx_word' id='word_1_532' title='bbox 1136 4258 1306 4313; x_wconf 88' lang='lat' dir='ltr'><strong>Filius</strong></span> <span class='ocrx_word' id='word_1_533' title='bbox 1339 4270 1499 4327; x_wconf 89' lang='lat' dir='ltr'><strong>tuus,</strong></span> <span class='ocrx_word' id='word_1_534' title='bbox 1532 4260 1626 4329; x_wconf 91' lang='lat' dir='ltr'><strong>qui</strong></span> <span class='ocrx_word' id='word_1_535' title='bbox 1665 4267 1748 4316; x_wconf 90' lang='lat' dir='ltr'><strong>est</strong></span> <span class='ocrx_word' id='word_1_536' title='bbox 1783 4260 2035 4330; x_wconf 86' lang='lat' dir='ltr'><strong>splendor</strong></span> 
     </span>
    </p>
   </div>
   <div class='ocr_carea' id='block_1_75' title="bbox 2126 4253 3697 4333">
    <p class='ocr_par' dir='ltr' id='par_1_75' title="bbox 2205 4253 3697 4333">
     <span class='ocr_line' id='line_1_75' title="bbox 2205 4253 3697 4333; baseline -0.007 -18"><span class='ocrx_word' id='word_1_537' title='bbox 2205 4262 2256 4315; x_wconf 93' lang='lat'>8.</span> <span class='ocrx_word' id='word_1_538' title='bbox 2295 4260 2434 4312; x_wconf 85' lang='grc' dir='ltr'>Ἀλλ’</span> <span class='ocrx_word' id='word_1_539' title='bbox 2463 4263 2490 4314; x_wconf 90' lang='lat'><strong>6</strong></span> <span class='ocrx_word' id='word_1_540' title='bbox 2517 4262 2811 4333; x_wconf 79' lang='grc' dir='ltr'>μονογενής</span> <span class='ocrx_word' id='word_1_541' title='bbox 2847 4277 2938 4314; x_wconf 88' lang='grc' dir='ltr'><strong>σου</strong></span> <span class='ocrx_word' id='word_1_542' title='bbox 2979 4257 3140 4322; x_wconf 76' lang='grc' dir='ltr'>Υἱὸς,</span> <span class='ocrx_word' id='word_1_543' title='bbox 3191 4259 3218 4309; x_wconf 92' lang='lat'><strong>6</strong></span> <span class='ocrx_word' id='word_1_544' title='bbox 3247 4255 3320 4308; x_wconf 83' lang='grc' dir='ltr'><strong>ὣν</strong></span> <span class='ocrx_word' id='word_1_545' title='bbox 3362 4253 3697 4324; x_wconf 78' lang='grc' dir='ltr'>ἀπαύγασμα</span> 
     </span>
    </p>
   </div>
   <div class='ocr_carea' id='block_1_76' title="bbox 468 4351 2039 4424">
    <p class='ocr_par' dir='ltr' id='par_1_76' title="bbox 468 4352 799 4422">
     <span class='ocr_line' id='line_1_76' title="bbox 468 4352 799 4422; baseline 0 -18"><span class='ocrx_word' id='word_1_546' title='bbox 468 4352 652 4422; x_wconf 66' lang='lat' dir='ltr'><strong>gloriae</strong></span> <span class='ocrx_word' id='word_1_547' title='bbox 672 4361 799 4405; x_wconf 84' lang='lat' dir='ltr'><strong>tuae.</strong></span> 
     </span>
    </p>
   </div>
   <div class='ocr_carea' id='block_1_77' title="bbox 992 4351 2563 4424">
    <p class='ocr_par' dir='ltr' id='par_1_77' title="bbox 2134 4351 2563 4424">
     <span class='ocr_line' id='line_1_77' title="bbox 2134 4351 2563 4424; baseline -0.002 -18"><span class='ocrx_word' id='word_1_548' title='bbox 2134 4354 2233 4424; x_wconf 78' lang='grc' dir='ltr'>τῆς</span> <span class='ocrx_word' id='word_1_549' title='bbox 2269 4351 2426 4423; x_wconf 81' lang='grc' dir='ltr'>δόξης</span> <span class='ocrx_word' id='word_1_550' title='bbox 2449 4369 2563 4406; x_wconf 90' lang='grc' dir='ltr'>σου.</span> 
     </span>
    </p>
   </div>
   <div class='ocr_carea' id='block_1_78' title="bbox 537 4434 2108 4512">
    <p class='ocr_par' dir='ltr' id='par_1_78' title="bbox 537 4438 2032 4510">
     <span class='ocr_line' id='line_1_78' title="bbox 537 4438 2032 4510; baseline 0.001 -14"><span class='ocrx_word' id='word_1_551' title='bbox 537 4441 590 4506; x_wconf 87' lang='grc'>9,</span> <span class='ocrx_word' id='word_1_552' title='bbox 625 4440 712 4494; x_wconf 90' lang='grc'><strong>10.</strong></span> <span class='ocrx_word' id='word_1_553' title='bbox 746 4439 824 4496; x_wconf 89' lang='lat' dir='ltr'><strong>Tu</strong></span> <span class='ocrx_word' id='word_1_554' title='bbox 859 4457 912 4494; x_wconf 79' lang='lat' dir='ltr'><strong>es</strong></span> <span class='ocrx_word' id='word_1_555' title='bbox 955 4443 1083 4508; x_wconf 82' lang='lat' dir='ltr'><strong>ipse,</strong></span> <span class='ocrx_word' id='word_1_556' title='bbox 1115 4438 1208 4510; x_wconf 87' lang='lat' dir='ltr'><strong>qui</strong></span> <span class='ocrx_word' id='word_1_557' title='bbox 1240 4451 1294 4495; x_wconf 89' lang='lat' dir='ltr'><strong>et</strong></span> <span class='ocrx_word' id='word_1_558' title='bbox 1322 4450 1478 4508; x_wconf 82' lang='lat' dir='ltr'><strong>tunc,</strong></span> <span class='ocrx_word' id='word_1_559' title='bbox 1519 4450 1574 4496; x_wconf 89' lang='lat' dir='ltr'><strong>et</strong></span> <span class='ocrx_word' id='word_1_560' title='bbox 1620 4441 1675 4495; x_wconf 88' lang='lat' dir='ltr'><strong>in</strong></span> <span class='ocrx_word' id='word_1_561' title='bbox 1723 4442 2032 4498; x_wconf 81' lang='lat' dir='ltr'><strong>novissimis</strong></span> 
     </span>
    </p>
   </div>
   <div class='ocr_carea' id='block_1_79' title="bbox 2133 4434 3704 4512">
    <p class='ocr_par' dir='ltr' id='par_1_79' title="bbox 2207 4434 3704 4512">
     <span class='ocr_line' id='line_1_79' title="bbox 2207 4434 3704 4512; baseline -0.005 -16"><span class='ocrx_word' id='word_1_562' title='bbox 2207 4444 2260 4507; x_wconf 92' lang='lat'><strong>9,</strong></span> <span class='ocrx_word' id='word_1_563' title='bbox 2288 4443 2372 4496; x_wconf 88' lang='grc'><strong>10.</strong></span> <span class='ocrx_word' id='word_1_564' title='bbox 2393 4443 2468 4512; x_wconf 83' lang='grc'><strong>(7)</strong></span> <span class='ocrx_word' id='word_1_565' title='bbox 2484 4442 2569 4496; x_wconf 84' lang='grc' dir='ltr'><strong>Σὺ</strong></span> <span class='ocrx_word' id='word_1_566' title='bbox 2603 4443 2660 4495; x_wconf 85' lang='grc' dir='ltr'>εἷ</span> <span class='ocrx_word' id='word_1_567' title='bbox 2691 4445 2723 4496; x_wconf 87' lang='grc' dir='ltr'><strong>ό</strong></span> <span class='ocrx_word' id='word_1_568' title='bbox 2741 4441 2923 4506; x_wconf 85' lang='grc' dir='ltr'>αὐτὸς</span> <span class='ocrx_word' id='word_1_569' title='bbox 2946 4441 2976 4494; x_wconf 89' lang='lat'><strong>6</strong></span> <span class='ocrx_word' id='word_1_570' title='bbox 2993 4440 3134 4502; x_wconf 85' lang='grc' dir='ltr'>τότε,</span> <span class='ocrx_word' id='word_1_571' title='bbox 3152 4439 3246 4492; x_wconf 74' lang='grc' dir='ltr'><strong>καὶ</strong></span> <span class='ocrx_word' id='word_1_572' title='bbox 3259 4439 3346 4491; x_wconf 77' lang='grc' dir='ltr'><strong>ἐπ’</strong></span> <span class='ocrx_word' id='word_1_573' title='bbox 3368 4434 3612 4506; x_wconf 76' lang='grc' dir='ltr'>ἐσχάτων</span> <span class='ocrx_word' id='word_1_574' title='bbox 3634 4436 3704 4506; x_wconf 86' lang='grc'><strong>(8)</strong></span> 
     </span>
    </p>
   </div>
   <div class='ocr_carea' id='block_1_80' title="bbox 469 4533 2040 4606">
    <p class='ocr_par' dir='ltr' id='par_1_80' title="bbox 469 4533 827 4602">
     <span class='ocr_line' id='line_1_80' title="bbox 469 4533 827 4602; baseline 0 -14"><span class='ocrx_word' id='word_1_575' title='bbox 469 4533 827 4602; x_wconf 88' lang='lat' dir='ltr'><strong>temporibus.</strong></span> 
     </span>
    </p>
   </div>
   <div class='ocr_carea' id='block_1_81' title="bbox 921 4533 2492 4606">
    <p class='ocr_par' dir='ltr' id='par_1_81' title="bbox 2141 4534 2492 4606">
     <span class='ocr_line' id='line_1_81' title="bbox 2141 4534 2492 4606; baseline -0.006 -18"><span class='ocrx_word' id='word_1_576' title='bbox 2141 4534 2242 4588; x_wconf 82' lang='grc' dir='ltr'><strong>τῶν</strong></span> <span class='ocrx_word' id='word_1_577' title='bbox 2268 4535 2492 4606; x_wconf 85' lang='grc' dir='ltr'>χρόνων.</span> 
     </span>
    </p>
   </div>
   <div class='ocr_carea' id='block_1_82' title="bbox 540 4617 2111 4695">
    <p class='ocr_par' dir='ltr' id='par_1_82' title="bbox 540 4625 1857 4695">
     <span class='ocr_line' id='line_1_82' title="bbox 540 4625 1857 4695; baseline 0.002 -17"><span class='ocrx_word' id='word_1_578' title='bbox 540 4626 627 4679; x_wconf 80' lang='grc'><strong>11.</strong></span> <span class='ocrx_word' id='word_1_579' title='bbox 654 4625 754 4691; x_wconf 87' lang='lat' dir='ltr'><strong>Qui</strong></span> <span class='ocrx_word' id='word_1_580' title='bbox 786 4640 882 4695; x_wconf 87' lang='lat' dir='ltr'><strong>per</strong></span> <span class='ocrx_word' id='word_1_581' title='bbox 913 4633 966 4680; x_wconf 91' lang='lat' dir='ltr'><strong>te</strong></span> <span class='ocrx_word' id='word_1_582' title='bbox 990 4627 1166 4694; x_wconf 88' lang='lat' dir='ltr'><strong>ipsum</strong></span> <span class='ocrx_word' id='word_1_583' title='bbox 1201 4641 1427 4682; x_wconf 87' lang='lat' dir='ltr'><strong>enarras</strong></span> <span class='ocrx_word' id='word_1_584' title='bbox 1458 4627 1713 4681; x_wconf 86' lang='lat' dir='ltr'><strong>mandata</strong></span> <span class='ocrx_word' id='word_1_585' title='bbox 1747 4636 1857 4680; x_wconf 90' lang='lat' dir='ltr'><strong>tua.</strong></span> 
     </span>
    </p>
   </div>
   <div class='ocr_carea' id='block_1_83' title="bbox 2131 4617 3702 4695">
    <p class='ocr_par' dir='ltr' id='par_1_83' title="bbox 2211 4617 3702 4695">
     <span class='ocr_line' id='line_1_83' title="bbox 2211 4617 3702 4695; baseline -0.005 -19"><span class='ocrx_word' id='word_1_586' title='bbox 2211 4625 2233 4676; x_wconf 87' lang='grc'><strong>1</strong></span> <span class='ocrx_word' id='word_1_587' title='bbox 2254 4625 2298 4678; x_wconf 95' lang='lat' dir='ltr'><strong>l.</strong></span> <span class='ocrx_word' id='word_1_588' title='bbox 2346 4625 2402 4678; x_wconf 74' lang='grc' dir='ltr'>Ὀ</span> <span class='ocrx_word' id='word_1_589' title='bbox 2422 4624 2486 4676; x_wconf 75' lang='grc' dir='ltr'>δι’</span> <span class='ocrx_word' id='word_1_590' title='bbox 2505 4624 2698 4677; x_wconf 75' lang='grc' dir='ltr'>ἑαυτοῦ</span> <span class='ocrx_word' id='word_1_591' title='bbox 2721 4622 3070 4695; x_wconf 81' lang='grc' dir='ltr'>διηγούμενος</span> <span class='ocrx_word' id='word_1_592' title='bbox 3087 4619 3156 4674; x_wconf 85' lang='grc' dir='ltr'>τὰ</span> <span class='ocrx_word' id='word_1_593' title='bbox 3175 4617 3575 4690; x_wconf 80' lang='grc' dir='ltr'>προστάγματα</span> <span class='ocrx_word' id='word_1_594' title='bbox 3598 4634 3702 4671; x_wconf 82' lang='grc' dir='ltr'>σου.</span> 
     </span>
    </p>
   </div>
   <div class='ocr_carea' id='block_1_84' title="bbox 543 4698 2114 4785">
    <p class='ocr_par' dir='ltr' id='par_1_84' title="bbox 543 4698 2110 4785">
     <span class='ocr_line' id='line_1_84' title="bbox 543 4698 2110 4785; baseline 0.001 -16"><span class='ocrx_word' id='word_1_595' title='bbox 543 4716 628 4770; x_wconf 76' lang='grc'><strong>19..</strong></span> <span class='ocrx_word' id='word_1_596' title='bbox 653 4715 710 4770; x_wconf 77' lang='lat' dir='ltr'><strong>in</strong></span> <span class='ocrx_word' id='word_1_597' title='bbox 735 4725 807 4781; x_wconf 83' lang='lat' dir='ltr'><strong>te,</strong></span> <span class='ocrx_word' id='word_1_598' title='bbox 830 4717 1024 4781; x_wconf 89' lang='lat' dir='ltr'><strong>dicit,e</strong></span> <span class='ocrx_word' id='word_1_599' title='bbox 1047 4717 1226 4770; x_wconf 85' lang='lat' dir='ltr'><strong>medio</strong></span> <span class='ocrx_word' id='word_1_600' title='bbox 1247 4717 1494 4771; x_wconf 87' lang='lat' dir='ltr'><strong>tollemus</strong></span> <span class='ocrx_word' id='word_1_601' title='bbox 1521 4716 1771 4771; x_wconf 87' lang='lat' dir='ltr'><strong>inimicos</strong></span> <span class='ocrx_word' id='word_1_602' title='bbox 1793 4726 2032 4785; x_wconf 89' lang='lat' dir='ltr'><strong>nostros,</strong></span> <span class='ocrx_word' id='word_1_603' title='bbox 2067 4698 2110 4752; x_wconf 76' lang='grc' dir='ltr'><strong>Ῐ)</strong></span> 
     </span>
    </p>
   </div>
   <div class='ocr_carea' id='block_1_85' title="bbox 2134 4698 3705 4785">
    <p class='ocr_par' dir='ltr' id='par_1_85' title="bbox 2208 4709 3705 4785">
     <span class='ocr_line' id='line_1_85' title="bbox 2208 4709 3705 4785; baseline -0.005 -17"><span class='ocrx_word' id='word_1_604' title='bbox 2208 4716 2296 4768; x_wconf 75' lang='grc'><strong>12.</strong></span> <span class='ocrx_word' id='word_1_605' title='bbox 2330 4716 2419 4768; x_wconf 85' lang='grc' dir='ltr'>Ἐν</span> <span class='ocrx_word' id='word_1_606' title='bbox 2449 4715 2556 4781; x_wconf 78' lang='grc' dir='ltr'>σοὶ,</span> <span class='ocrx_word' id='word_1_607' title='bbox 2584 4715 2758 4783; x_wconf 87' lang='grc' dir='ltr'>λέγει,</span> <span class='ocrx_word' id='word_1_608' title='bbox 2783 4714 3109 4785; x_wconf 85' lang='grc' dir='ltr'>ἀναιροῦμεν</span> <span class='ocrx_word' id='word_1_609' title='bbox 3135 4713 3258 4774; x_wconf 82' lang='grc' dir='ltr'>τοὺς</span> <span class='ocrx_word' id='word_1_610' title='bbox 3281 4709 3511 4782; x_wconf 77' lang='grc' dir='ltr'>ἐχθροὺς</span> <span class='ocrx_word' id='word_1_611' title='bbox 3533 4709 3705 4782; x_wconf 75' lang='grc' dir='ltr'>ἡμῶν,</span> 
     </span>
    </p>
   </div>
   <div class='ocr_carea' id='block_1_86' title="bbox 424 4802 1995 4882">
    <p class='ocr_par' dir='ltr' id='par_1_86' title="bbox 424 4805 1511 4876">
     <span class='ocr_line' id='line_1_86' title="bbox 424 4805 1511 4876; baseline -0.002 -16"><span class='ocrx_word' id='word_1_612' title='bbox 424 4826 426 4830; x_wconf 61' lang='grc' dir='ltr'><strong>τ</strong></span> <span class='ocrx_word' id='word_1_613' title='bbox 470 4805 576 4860; x_wconf 84' lang='lat' dir='ltr'><strong>hoc</strong></span> <span class='ocrx_word' id='word_1_614' title='bbox 609 4818 691 4861; x_wconf 86' lang='lat' dir='ltr'><strong>est</strong></span> <span class='ocrx_word' id='word_1_615' title='bbox 722 4806 1078 4876; x_wconf 81' lang='lat' dir='ltr'><strong>cogitationes</strong></span> <span class='ocrx_word' id='word_1_616' title='bbox 1108 4805 1290 4861; x_wconf 87' lang='lat' dir='ltr'><strong>cordis</strong></span> <span class='ocrx_word' id='word_1_617' title='bbox 1315 4805 1511 4861; x_wconf 88' lang='lat' dir='ltr'><strong>nostri.</strong></span> 
     </span>
    </p>
   </div>
   <div class='ocr_carea' id='block_1_87' title="bbox 1875 4802 3446 4882">
    <p class='ocr_par' dir='ltr' id='par_1_87' title="bbox 2138 4802 3446 4882">
     <span class='ocr_line' id='line_1_87' title="bbox 2138 4802 3446 4882; baseline -0.002 -20"><span class='ocrx_word' id='word_1_618' title='bbox 2138 4809 2282 4878; x_wconf 86' lang='grc' dir='ltr'>λέγω</span> <span class='ocrx_word' id='word_1_619' title='bbox 2307 4811 2370 4882; x_wconf 86' lang='grc' dir='ltr'>δὴ</span> <span class='ocrx_word' id='word_1_620' title='bbox 2395 4812 2520 4875; x_wconf 84' lang='grc' dir='ltr'>τοὺς</span> <span class='ocrx_word' id='word_1_621' title='bbox 2543 4812 2601 4862; x_wconf 82' lang='grc' dir='ltr'>ὲν</span> <span class='ocrx_word' id='word_1_622' title='bbox 2632 4812 2698 4880; x_wconf 84' lang='grc' dir='ltr'>τῇ</span> <span class='ocrx_word' id='word_1_623' title='bbox 2734 4808 2931 4880; x_wconf 74' lang='grc' dir='ltr'>καρδίᾳ</span> <span class='ocrx_word' id='word_1_624' title='bbox 2953 4810 2986 4878; x_wconf 84' lang='grc' dir='ltr'>ἡ</span> <span class='ocrx_word' id='word_1_625' title='bbox 2996 4805 3110 4878; x_wconf 87' lang='grc' dir='ltr'><strong>μῶν</strong></span> <span class='ocrx_word' id='word_1_626' title='bbox 3136 4802 3446 4875; x_wconf 84' lang='grc' dir='ltr'>λογισμούς.</span> 
     </span>
    </p>
   </div>
   <div class='ocr_carea' id='block_1_88' title="bbox 544 4898 2115 4972">
    <p class='ocr_par' dir='ltr' id='par_1_88' title="bbox 544 4898 1231 4970">
     <span class='ocr_line' id='line_1_88' title="bbox 544 4898 1231 4970; baseline 0 -18"><span class='ocrx_word' id='word_1_627' title='bbox 544 4899 630 4952; x_wconf 81' lang='grc'><strong>15.</strong></span> <span class='ocrx_word' id='word_1_628' title='bbox 660 4899 912 4953; x_wconf 85' lang='lat' dir='ltr'><strong>Diabolos</strong></span> <span class='ocrx_word' id='word_1_629' title='bbox 939 4898 1231 4970; x_wconf 84' lang='lat' dir='ltr'><strong>signiﬁcat.</strong></span> 
     </span>
    </p>
   </div>
   <div class='ocr_carea' id='block_1_89' title="bbox 1500 4898 3071 4972">
    <p class='ocr_par' dir='ltr' id='par_1_89' title="bbox 2210 4899 3071 4972">
     <span class='ocr_line' id='line_1_89' title="bbox 2210 4899 3071 4972; baseline -0.006 -16"><span class='ocrx_word' id='word_1_630' title='bbox 2210 4903 2296 4959; x_wconf 83' lang='grc'><strong>15.</strong></span> <span class='ocrx_word' id='word_1_631' title='bbox 2331 4903 2468 4967; x_wconf 84' lang='grc' dir='ltr'>Τοὺς</span> <span class='ocrx_word' id='word_1_632' title='bbox 2494 4901 2769 4964; x_wconf 76' lang='grc' dir='ltr'>διαϐόλους</span> <span class='ocrx_word' id='word_1_633' title='bbox 2797 4899 2875 4972; x_wconf 85' lang='grc'><strong>(9)</strong></span> <span class='ocrx_word' id='word_1_634' title='bbox 2908 4899 3071 4968; x_wconf 81' lang='grc' dir='ltr'>λέγει·</span> 
     </span>
    </p>
   </div>
   <div class='ocr_carea' id='block_1_90' title="bbox 541 4987 2112 5064">
    <p class='ocr_par' dir='ltr' id='par_1_90' title="bbox 541 4989 1725 5062">
     <span class='ocr_line' id='line_1_90' title="bbox 541 4989 1725 5062; baseline 0 -18"><span class='ocrx_word' id='word_1_635' title='bbox 541 4991 629 5044; x_wconf 73' lang='grc'><strong>14.</strong></span> <span class='ocrx_word' id='word_1_636' title='bbox 656 4989 773 5044; x_wconf 83' lang='lat' dir='ltr'><strong>Non</strong></span> <span class='ocrx_word' id='word_1_637' title='bbox 801 4993 944 5045; x_wconf 87' lang='lat' dir='ltr'><strong>enim</strong></span> <span class='ocrx_word' id='word_1_638' title='bbox 980 4993 1033 5046; x_wconf 89' lang='lat' dir='ltr'><strong>in</strong></span> <span class='ocrx_word' id='word_1_639' title='bbox 1063 4993 1302 5062; x_wconf 89' lang='lat' dir='ltr'><strong>potentia</strong></span> <span class='ocrx_word' id='word_1_640' title='bbox 1329 5005 1445 5044; x_wconf 90' lang='lat' dir='ltr'><strong>mea</strong></span> <span class='ocrx_word' id='word_1_641' title='bbox 1474 4990 1725 5059; x_wconf 85' lang='lat' dir='ltr'><strong>sperabo.</strong></span> 
     </span>
    </p>
   </div>
   <div class='ocr_carea' id='block_1_91' title="bbox 1816 4987 3387 5064">
    <p class='ocr_par' dir='ltr' id='par_1_91' title="bbox 2212 4987 3387 5064">
     <span class='ocr_line' id='line_1_91' title="bbox 2212 4987 3387 5064; baseline -0.006 -15"><span class='ocrx_word' id='word_1_642' title='bbox 2212 4994 2300 5049; x_wconf 74' lang='grc'><strong>11.</strong></span> <span class='ocrx_word' id='word_1_643' title='bbox 2327 4993 2400 5046; x_wconf 86' lang='grc' dir='ltr'><strong>Οὐ</strong></span> <span class='ocrx_word' id='word_1_644' title='bbox 2435 4993 2542 5064; x_wconf 90' lang='grc' dir='ltr'>γὰρ</span> <span class='ocrx_word' id='word_1_645' title='bbox 2570 4993 2629 5046; x_wconf 82' lang='grc' dir='ltr'>ὲν</span> <span class='ocrx_word' id='word_1_646' title='bbox 2658 4995 2725 5063; x_wconf 77' lang='grc' dir='ltr'>τῇ</span> <span class='ocrx_word' id='word_1_647' title='bbox 2754 4989 3035 5060; x_wconf 73' lang='grc' dir='ltr'>δυναστείᾳ</span> <span class='ocrx_word' id='word_1_648' title='bbox 3065 5005 3164 5060; x_wconf 89' lang='grc' dir='ltr'><strong>μου</strong></span> <span class='ocrx_word' id='word_1_649' title='bbox 3198 4987 3387 5042; x_wconf 84' lang='grc' dir='ltr'>ὲλπιῶ.</span> 
     </span>
    </p>
   </div>
   <div class='ocr_carea' id='block_1_92' title="bbox 542 5079 2113 5155">
    <p class='ocr_par' dir='ltr' id='par_1_92' title="bbox 542 5085 1629 5142">
     <span class='ocr_line' id='line_1_92' title="bbox 542 5085 1629 5142; baseline -0.001 -1"><span class='ocrx_word' id='word_1_650' title='bbox 542 5088 630 5141; x_wconf 78' lang='grc'><strong>15.</strong></span> <span class='ocrx_word' id='word_1_651' title='bbox 661 5087 726 5142; x_wconf 85' lang='lat' dir='ltr'><strong>Et</strong></span> <span class='ocrx_word' id='word_1_652' title='bbox 752 5102 904 5142; x_wconf 87' lang='lat' dir='ltr'><strong>arma</strong></span> <span class='ocrx_word' id='word_1_653' title='bbox 937 5103 1059 5142; x_wconf 78' lang='lat' dir='ltr'><strong>mea</strong></span> <span class='ocrx_word' id='word_1_654' title='bbox 1082 5102 1191 5141; x_wconf 89' lang='lat' dir='ltr'><strong>non</strong></span> <span class='ocrx_word' id='word_1_655' title='bbox 1227 5085 1518 5142; x_wconf 84' lang='lat' dir='ltr'><strong>salvabunt</strong></span> <span class='ocrx_word' id='word_1_656' title='bbox 1541 5102 1629 5140; x_wconf 88' lang='lat' dir='ltr'><strong>me</strong></span> 
     </span>
    </p>
   </div>
   <div class='ocr_carea' id='block_1_93' title="bbox 1794 5079 3365 5155">
    <p class='ocr_par' dir='ltr' id='par_1_93' title="bbox 2212 5079 3365 5155">
     <span class='ocr_line' id='line_1_93' title="bbox 2212 5079 3365 5155; baseline -0.007 -16"><span class='ocrx_word' id='word_1_657' title='bbox 2212 5084 2300 5140; x_wconf 82' lang='grc'><strong>15.</strong></span> <span class='ocrx_word' id='word_1_658' title='bbox 2329 5084 2442 5155; x_wconf 86' lang='grc'><strong>(10)</strong></span> <span class='ocrx_word' id='word_1_659' title='bbox 2468 5085 2578 5138; x_wconf 73' lang='grc' dir='ltr'><strong>Καὶ</strong></span> <span class='ocrx_word' id='word_1_660' title='bbox 2612 5084 2680 5137; x_wconf 83' lang='grc' dir='ltr'>τὰ</span> <span class='ocrx_word' id='word_1_661' title='bbox 2701 5084 2839 5136; x_wconf 82' lang='grc' dir='ltr'>ὅπλα</span> <span class='ocrx_word' id='word_1_662' title='bbox 2867 5099 2968 5154; x_wconf 88' lang='grc' dir='ltr'><strong>μου</strong></span> <span class='ocrx_word' id='word_1_663' title='bbox 3008 5082 3069 5134; x_wconf 89' lang='grc' dir='ltr'><strong>οὐ</strong></span> <span class='ocrx_word' id='word_1_664' title='bbox 3099 5079 3264 5133; x_wconf 90' lang='grc' dir='ltr'>σώσει</span> <span class='ocrx_word' id='word_1_665' title='bbox 3300 5097 3365 5150; x_wconf 85' lang='grc' dir='ltr'><strong>με</strong></span> 
     </span>
    </p>
   </div>
   <div class='ocr_carea' id='block_1_94' title="bbox 1422 5218 2759 5300">
    <p class='ocr_par' dir='ltr' id='par_1_94' title="bbox 1422 5218 2759 5300">
     <span class='ocr_line' id='line_1_94' title="bbox 1422 5218 2759 5300; baseline -0.001 -19"><span class='ocrx_word' id='word_1_666' title='bbox 1422 5221 1728 5284; x_wconf 83' lang='lat' dir='ltr'><strong>Addenda</strong></span> <span class='ocrx_word' id='word_1_667' title='bbox 1755 5227 1817 5283; x_wconf 85' lang='lat' dir='ltr'><strong>et</strong></span> <span class='ocrx_word' id='word_1_668' title='bbox 1854 5220 2230 5300; x_wconf 86' lang='lat' dir='ltr'><strong>corrigenda</strong></span> <span class='ocrx_word' id='word_1_669' title='bbox 2261 5239 2340 5284; x_wconf 82' lang='lat' dir='ltr'><strong>ex</strong></span> <span class='ocrx_word' id='word_1_670' title='bbox 2371 5219 2513 5281; x_wconf 92' lang='lat' dir='ltr'><strong>cod.</strong></span> <span class='ocrx_word' id='word_1_671' title='bbox 2560 5218 2759 5280; x_wconf 82' lang='lat' dir='ltr'><strong>Vatic.</strong></span> 
     </span>
    </p>
   </div>
   <div class='ocr_carea' id='block_1_95' title="bbox 542 5341 2867 5416">
    <p class='ocr_par' dir='ltr' id='par_1_95' title="bbox 542 5341 2867 5416">
     <span class='ocr_line' id='line_1_95' title="bbox 542 5341 2867 5416; baseline -0.003 -17"><span class='ocrx_word' id='word_1_672' title='bbox 542 5345 562 5416; x_wconf 88' lang='lat'><strong>(</strong></span> <span class='ocrx_word' id='word_1_673' title='bbox 570 5347 618 5415; x_wconf 89' lang='grc'><strong>1)</strong></span> <span class='ocrx_word' id='word_1_674' title='bbox 656 5347 717 5398; x_wconf 88' lang='grc' dir='ltr'>Ἡ</span> <span class='ocrx_word' id='word_1_675' title='bbox 739 5347 828 5400; x_wconf 84' lang='grc' dir='ltr'>διὰ</span> <span class='ocrx_word' id='word_1_676' title='bbox 856 5347 952 5415; x_wconf 82' lang='grc' dir='ltr'><strong>τῆς</strong></span> <span class='ocrx_word' id='word_1_677' title='bbox 981 5345 1346 5416; x_wconf 74' lang='grc' dir='ltr'>κινναϐάρεως</span> <span class='ocrx_word' id='word_1_678' title='bbox 1376 5361 1498 5416; x_wconf 86' lang='grc' dir='ltr'>περ.</span> <span class='ocrx_word' id='word_1_679' title='bbox 2226 5345 2294 5413; x_wconf 72' lang='grc' dir='ltr'>ζ6)</span> <span class='ocrx_word' id='word_1_680' title='bbox 2327 5341 2867 5416; x_wconf 28' lang='grc' dir='ltr'>Κατεκληρονό-μςησε.</span> 
     </span>
    </p>
   </div>
   <div class='ocr_carea' id='block_1_96' title="bbox 541 5399 2112 5483">
    <p class='ocr_par' dir='ltr' id='par_1_96' title="bbox 541 5399 1460 5483">
     <span class='ocr_line' id='line_1_96' title="bbox 541 5399 1460 5483; baseline 0.002 -14"><span class='ocrx_word' id='word_1_681' title='bbox 541 5399 618 5483; x_wconf 68' lang='lat'><strong>(2)</strong></span> <span class='ocrx_word' id='word_1_682' title='bbox 665 5399 757 5471; x_wconf 81' lang='grc' dir='ltr'><strong>Δέ.</strong></span> <span class='ocrx_word' id='word_1_683' title='bbox 909 5399 950 5415; x_wconf 75' lang='grc'><strong>’⁷</strong></span> <span class='ocrx_word' id='word_1_684' title='bbox 1211 5399 1224 5416; x_wconf 86' lang='grc'><strong><em>“</em></strong></span> <span class='ocrx_word' id='word_1_685' title='bbox 1327 5399 1343 5408; x_wconf 88' lang='grc'><em>’</em></span> <span class='ocrx_word' id='word_1_686' title='bbox 1449 5399 1460 5416; x_wconf 80' lang='grc'><strong>⁸</strong></span> 
     </span>
    </p>
   </div>
   <div class='ocr_carea' id='block_1_97' title="bbox 2126 5399 3697 5483">
    <p class='ocr_par' dir='ltr' id='par_1_97' title="bbox 2220 5399 3697 5483">
     <span class='ocr_line' id='line_1_97' title="bbox 2220 5399 3697 5483; baseline -0.009 -15"><span class='ocrx_word' id='word_1_687' title='bbox 2220 5399 2296 5483; x_wconf 77' lang='lat'><strong>(7)</strong></span> <span class='ocrx_word' id='word_1_688' title='bbox 2327 5413 2392 5466; x_wconf 88' lang='grc' dir='ltr'><strong>Ν.</strong></span> <span class='ocrx_word' id='word_1_689' title='bbox 2426 5415 2479 5477; x_wconf 88' lang='grc'>9,</span> <span class='ocrx_word' id='word_1_690' title='bbox 2514 5399 2636 5464; x_wconf 66' lang='grc' dir='ltr'>Ὅτι</span> <span class='ocrx_word' id='word_1_691' title='bbox 2661 5399 2927 5480; x_wconf 74' lang='grc' dir='ltr'>ἠθέλησας</span> <span class='ocrx_word' id='word_1_692' title='bbox 2948 5406 3157 5473; x_wconf 71' lang='grc' dir='ltr'>αὐτούς.</span> <span class='ocrx_word' id='word_1_693' title='bbox 3182 5406 3245 5461; x_wconf 83' lang='grc' dir='ltr'><strong>Ν.</strong></span> <span class='ocrx_word' id='word_1_694' title='bbox 3283 5406 3367 5472; x_wconf 87' lang='grc'><strong>10,</strong></span> <span class='ocrx_word' id='word_1_695' title='bbox 3407 5404 3479 5458; x_wconf 77' lang='grc' dir='ltr'>Σὺ</span> <span class='ocrx_word' id='word_1_696' title='bbox 3510 5399 3579 5468; x_wconf 76' lang='grc' dir='ltr'><strong>εἴ,</strong></span> <span class='ocrx_word' id='word_1_697' title='bbox 3605 5413 3697 5458; x_wconf 80' lang='lat' dir='ltr'><strong>etc.</strong></span> 
     </span>
    </p>
   </div>
   <div class='ocr_carea' id='block_1_98' title="bbox 541 5482 2622 5557">
    <p class='ocr_par' dir='ltr' id='par_1_98' title="bbox 541 5482 2622 5557">
     <span class='ocr_line' id='line_1_98' title="bbox 541 5482 2622 5557; baseline -0.002 -17"><span class='ocrx_word' id='word_1_698' title='bbox 541 5482 618 5557; x_wconf 78' lang='lat'><strong>(5)</strong></span> <span class='ocrx_word' id='word_1_699' title='bbox 651 5487 1036 5557; x_wconf 49' lang='lat' dir='ltr'><strong>@akdxpwpa.</strong></span> <span class='ocrx_word' id='word_1_700' title='bbox 1067 5555 1084 5557; x_wconf 23' lang='grc' dir='ltr'><em>Α</em></span> <span class='ocrx_word' id='word_1_701' title='bbox 2219 5482 2293 5554; x_wconf 80' lang='lat'><strong>(8)</strong></span> <span class='ocrx_word' id='word_1_702' title='bbox 2345 5482 2622 5557; x_wconf 81' lang='grc' dir='ltr'>Ἐσχάτου.</span> 
     </span>
    </p>
   </div>
   <div class='ocr_carea' id='block_1_99' title="bbox 544 5554 2622 5628">
    <p class='ocr_par' dir='ltr' id='par_1_99' title="bbox 544 5554 2622 5628">
     <span class='ocr_line' id='line_1_99' title="bbox 544 5554 2622 5628; baseline -0.001 -20"><span class='ocrx_word' id='word_1_703' title='bbox 544 5555 621 5628; x_wconf 59' lang='grc' dir='ltr'><strong>(εξ)</strong></span> <span class='ocrx_word' id='word_1_704' title='bbox 661 5554 874 5628; x_wconf 77' lang='grc' dir='ltr'>Ἔργων</span> <span class='ocrx_word' id='word_1_705' title='bbox 909 5555 1146 5628; x_wconf 80' lang='grc' dir='ltr'>ἀγαθῶν.</span> <span class='ocrx_word' id='word_1_706' title='bbox 2221 5557 2298 5628; x_wconf 85' lang='lat'><strong>(9)</strong></span> <span class='ocrx_word' id='word_1_707' title='bbox 2333 5554 2622 5628; x_wconf 43' lang='grc' dir='ltr'>Δ-αίμονας.</span> 
     </span>
    </p>
   </div>
   <div class='ocr_carea' id='block_1_100' title="bbox 549 5621 2120 5697">
    <p class='ocr_par' dir='ltr' id='par_1_100' title="bbox 549 5621 1043 5696">
     <span class='ocr_line' id='line_1_100' title="bbox 549 5621 1043 5696; baseline 0.002 -19"><span class='ocrx_word' id='word_1_708' title='bbox 549 5625 624 5693; x_wconf 75' lang='lat'><strong>(5)</strong></span> <span class='ocrx_word' id='word_1_709' title='bbox 656 5621 1043 5696; x_wconf 69' lang='grc' dir='ltr'>Διήγησασθαι.</span> 
     </span>
    </p>
   </div>
   <div class='ocr_carea' id='block_1_101' title="bbox 1150 5621 2721 5697">
    <p class='ocr_par' dir='ltr' id='par_1_101' title="bbox 2220 5621 2721 5697">
     <span class='ocr_line' id='line_1_101' title="bbox 2220 5621 2721 5697; baseline -0.006 -18"><span class='ocrx_word' id='word_1_710' title='bbox 2220 5621 2329 5697; x_wconf 80' lang='grc' dir='ltr'>(ιο)</span> <span class='ocrx_word' id='word_1_711' title='bbox 2363 5621 2524 5677; x_wconf 70' lang='grc' dir='ltr'><strong>Ν.’15</strong></span> <span class='ocrx_word' id='word_1_712' title='bbox 2555 5623 2721 5678; x_wconf 79' lang='lat' dir='ltr'><strong>deest.</strong></span> 
     </span>
    </p>
   </div>
   <div class='ocr_carea' id='block_1_102' title="bbox 553 5733 1350 5799">
    <p class='ocr_par' dir='ltr' id='par_1_102' title="bbox 553 5733 1350 5799">
     <span class='ocr_line' id='line_1_102' title="bbox 553 5733 1350 5799; baseline 0.008 -16"><span class='ocrx_word' id='word_1_713' title='bbox 553 5737 628 5798; x_wconf 72' lang='grc' dir='ltr'>ια)</span> <span class='ocrx_word' id='word_1_714' title='bbox 657 5733 872 5799; x_wconf 74' lang='lat' dir='ltr'><strong>Aliquid</strong></span> <span class='ocrx_word' id='word_1_715' title='bbox 910 5735 1100 5792; x_wconf 89' lang='lat' dir='ltr'><strong>deesse</strong></span> <span class='ocrx_word' id='word_1_716' title='bbox 1127 5737 1350 5792; x_wconf 80' lang='lat' dir='ltr'><strong>videtur.</strong></span> 
     </span>
    </p>
   </div>
  </div>
