3978 6204
379 269 488 326 8-3.!
1291 274 1378 328 DE
1419 273 1693 330 TlTULlS
1734 272 2182 330 PSALMORUM.
2222 305 2289 315 -—
2321 271 2516 329 PSAL.
2557 273 2736 330 XLIII.
3516 272 3638 332 822‘

446 396 532 451 16.
586 395 832 461 Ἔσωσας
882 395 989 468 γὰρ
1022 399 1167 468 ἡμᾶς
1200 398 1264 451 ἐκ
1296 399 1403 452 τῶν
1437 398 1724 453 θλιϐόντων
1766 399 1915 469 ἡμᾶς
1936 430 1948 443 -
1981 423 2017 478 Α

1854 399 1948 462 ἅς.
1981 423 2027 478 Α
2128 397 2212 451 l6.
2243 395 2480 452 Salvasti
2506 396 2651 453 enim
2677 411 2776 452 nos
2810 391 3260 467 de'alllig'eiitib'u's
3289 411 3425 452 nos:

450 492 534 544 17.
562 491 670 543 Kal
702 492 828 554 τοὺς
861 490 1150 562 μισοῦντας
1180 493 1327 562 ἡμᾶς
1354 493 1715 564 κατῄσχυνας.

1481 511 1715 564 λσχυνας.
2130 492 2216 546 17.
2249 491 2313 547 Et
2341 492 2585 548 odientes
2609 508 2708 548 nos
2736 490 3052 547 confudisti.

448 583 533 640 18.
568 585 657 638 Ἐν
686 583 763 655 τῷ
787 583 905 654 Θεῷ
929 584 1398 656 ἐπαινεθησόμεθα
1426 587 1554 656 ὅλην
1583 586 1681 657 τὴν
1703 586 1946 656 ἡμέραν

1528 605 1554 639 ν
1583 586 1681 657 τὴν
1703 586 1946 656 ἡμέραν
2124 584 2211 639 18.
2243 583 2299 638 In
2334 584 2445 640 Deo
2468 584 2813 639 laudabimur
2840 594 2948 638 tota
2976 585 3064 640 die
3089 603 3099 638 :

449 676 532 730 19.
571 678 678 730 Kal
711 679 768 730 ἐν
803 676 882 747 τῷ
936 676 1156 748 ὀνόματί
1194 694 1284 731 σου
1322 677 1826 751 ἐξομολογησάμεθα
1869 681 1948 744 είς

2124 678 2211 733 l9.
2242 676 2307 732 Et
2343 679 2398 733 in
2430 678 2651 734 nomine
2683 685 2778 734 tuo
2803 677 3184 733 conﬁtebimur
3215 676 3269 732 in
3300 676 3583 733 saeculum.

377 767 466 821 τὸν
496 768 689 821 αἷῶνα.

446 858 537 914 20.
574 859 710 911 Νυνὶ
743 858 798 912 δὲ
827 858 1033 912 ἀπώσω
1067 860 1161 913 καὶ
1192 858 1534 930 κατῄσχυνας
1561 862 1705 930 ἡμᾶς
1725 879 1737 891 ·

2126 851 2217 907 20.
2242 850 2396 907 Nunc
2428 861 2607 908 autem
2640 854 2887 924 repulisti
2907 862 2962 910 et
2982 852 3275 910 confudisti
3305 869 3441 909 nos:

447 947 509 999 2i
525 986 535 998 .
550 945 657 997 Kal
669 943 1052 1015 οὐκέξελεύσῃ,
1066 943 1254 1008 ὁΘεὸς,
1271 946 1328 997 ἐν
1339 949 1456 1009 ταῖς
1467 944 1945 1017 δυνάμεσινήμῶν.

2121 945 2210 998 21.
2264 944 2450 1000 Etnon
2473 946 2788 1018 egredieris,
2813 947 2977 1012 Deus,
2995 949 3049 1003 in
3067 948 3359 1004 virtutibus
3389 948 3612 1004 nostris.

450 1037 538 1090 22.
577 1034 951 1106 Ἀπέστρεψας
997 1036 1143 1104 ἡμᾶς
1193 1038 1270 1100 εἰς
1312 1035 1379 1089 τὰ
1414 1037 1587 1090 ὀπίσω
1637 1037 1786 1109 παρὰ
1826 1037 1952 1101 τοὺς

2121 1039 2210 1096 22.
2240 1039 2498 1096 Avertisti
2537 1056 2637 1097 nos
2685 1050 2984 1096 retrorsum
3041 1051 3164 1112 post
3211 1041 3461 1097 inimicos
3518 1056 3619 1096 no-

382 1129 608 1199 ἐχθροὺς
635 1127 812 1199 ήμῶν.

638 1127 812 1199 ἡμῶν.
2050 1139 2209 1186 stros.

449 1221 540 1273 25.
576 1219 683 1272 Kal
709 1221 760 1272 οἱ
788 1217 1070 1290 μισοῦντες
1096 1220 1241 1290 ἡμᾶς
1269 1219 1565 1289 διήρπαζον
1593 1220 1821 1283 ἑαυτοῖς.

1736 1221 1821 1283 λῖς.
2114 1219 2203 1274 25.
2235 1219 2300 1275 Et
2323 1222 2416 1291 qui
2441 1221 2674 1276 oderunt
2704 1237 2802 1277 nos
2831 1221 3157 1291 diripiebant
3185 1222 3307 1277 sibi.

443 1312 535 1365 24.
576 1311 821 1376 Ἐδωκας
846 1314 990 1382 ἡμᾶς
1016 1312 1091 1374 ὡς
1119 1312 1364 1381 πρόϐατα
1399 1311 1650 1382 βρώσεως
1671 1329 1683 1342 ’

2118 1311 2207 1365 24.
2236 1310 2439 1366 Dedisti
2462 1327 2559 1366 nos
2591 1323 2847 1381 tanquam
2871 1328 2999 1367 oves
3019 1328 3297 1379 escarum;

443 1405 534 1458 25.
569 1405 678 1457 Kal
703 1404 761 1457 ἐν
788 1407 899 1468 τοῖς
924 1403 1099 1457 ἔθνεσι
1128 1403 1442 1474 διέσπειρας
1468 1405 1614 1474 ἡμᾶς

1570 1405 1614 1467 ἱς
2118 1403 2208 1456 25.
2243 1401 2310 1457 Ει
2333 1403 2384 1456 in
2419 1404 2667 1473 gentibus
2696 1403 2997 1473 dispersisti
3022 1418 3141 1458 nos.

445 1494 537 1549 26.
564 1495 790 1548 Ἀπέδου
815 1494 904 1548 τὸν
943 1493 1070 1547 λαόν
1104 1511 1195 1547 σου
1227 1493 1355 1547 ἄνευ
1384 1493 1548 1563 τιμῆς
1567 1509 1582 1525 ·

2119 1493 2206 1547 26.
2245 1493 2537 1549 Vendidisti
2565 1496 2821 1565 populum
2849 1504 2997 1549 tuum
3025 1495 3144 1550 sine
3173 1492 3382 1563 pretio:

446 1584 534 1638 27.
563 1584 673 1638 Kal
699 1585 798 1638 οὐκ
827 1581 894 1655 ἦν
923 1583 1125 1655 πλῆθος
1146 1587 1203 1637 ἐν
1233 1586 1347 1646 τοῖς
1367 1583 1742 1653 ἀλαλάγμασιν
1775 1581 1950 1654 ἡμῶν.

2120 1586 2206 1639 27.
2240 1585 2307 1640 Et
2336 1601 2442 1641 non
2500 1586 2604 1641 fuit
2653 1587 2950 1642 multitudo
3003 1587 3057 1642 in
3097 1585 3616 1642 commutationibus

2052 1678 2271 1730 nostris.

445 1765 535 1818 28.
577 1764 738 1818 ’ΈΘου
780 1765 926 1836 ἡμᾶς
955 1763 1154 1827 ὄνειδος
1182 1765 1294 1826 τοῖς
1324 1762 1558 1832 γείτοσιν
1587 1760 1743 1832 ἡμῶν
1764 1779 1776 1791 ·
1985 1793 2016 1847 Β

1985 1793 2026 1847 Β
2121 1770 2214 1826 28.
2243 1769 2481 1826 Posuisti
2509 1787 2612 1826 nos
2639 1786 2992 1842 Oppronrium
3022 1773 3218 1829 vicinis
3251 1775 3452 1830 nostris
3478 1792 3491 1829 :

438 1857 526 1911 29.
557 1855 948 1928 Μυκτηρισμὺν
975 1856 1068 1907 καὶ
1090 1853 1392 1926 χλευασμὸν
1429 1855 1538 1916 τοῖς
1568 1851 1750 1923 κύκλῳ
1771 1853 1802 1921 ή
1813 1849 1948 1921 μῶν.

2121 1861 2210 1916 29.
2243 1862 2736 1918 Subsannationem
2784 1875 2836 1920 et
2879 1865 3121 1920 derisum
3169 1867 3253 1921 his
3293 1867 3385 1936 qui
3420 1867 3475 1921 in
3508 1867 3618 1921 cir-

1715 2016 1717 2018 η
2053 1953 2198 2007 cuitu
2234 1965 2441 2008 nostro.

447 2032 535 2090 50.
574 2033 735 2086 Ἔθου
767 2035 912 2106 ἡμᾶς
942 2035 1022 2097 είς
1056 2032 1369 2104 παραϐολὴν
1407 2034 1464 2084 ὲν
1493 2035 1606 2097 τοῖς
1637 2030 1847 2094 ἔθνεσι,

2122 2043 2211 2096 50.
2241 2041 2479 2099 Posuisti
2512 2059 2613 2099 nos
2641 2044 2693 2098 in
2726 2045 3139 2102 similitudinem
3170 2048 3224 2102 in
3254 2049 3530 2118 gentibus,

443 2127 530 2182 51.
575 2127 802 2197 Κίνησιν
838 2129 1077 2200 κεφαλῆς
1101 2130 1158 2181 ἐν
1183 2132 1294 2193 τοῖς
1318 2128 1485 2190 λαοῖς.

2127 2135 2216 2190 51.
2247 2135 2679 2191 Commotionem
2713 2138 2905 2207 capitis
2929 2139 2983 2193 in
3013 2139 3248 2209 populis.

451 2218 534 2272 52.
574 2218 739 2290 Ὅλην
763 2219 861 2290 τὴν
891 2218 1158 2290 ἡμέρανή
1203 2219 1435 2290 ἐντροπὴ
1474 2235 1574 2289 μου
1606 2219 1952 2272 κατεναντίον

2123 2226 2212 2280 52.
2249 2225 2383 2282 Tota
2413 2227 2500 2282 die
2528 2229 2852 2284 verecundia
2883 2246 3001 2285 mea
3027 2240 3224 2287 contra
3259 2248 3345 2288 me
3372 2239 3482 2298 est,
3533 2259 3551 2284 .

384 2309 483 2381 μού
515 2312 651 2374 ἐστι,

448 2401 534 2455 55.
567 2401 678 2455 Kal
714 2401 747 2472 ἡ
779 2401 1007 2474 αἰσχύνη
1040 2402 1131 2455 τοῦ
1160 2401 1448 2473 προσώπου
1471 2420 1569 2474 μου
1592 2401 1827 2471 ἐκάλυψέ
1860 2419 1945 2473 με.

1782 2402 1827 2455 μέ
1860 2419 1945 2473 με.
2123 2403 2209 2457 55.
2245 2403 2309 2459 Et
2339 2405 2590 2461 confusio
2621 2405 2777 2464 faciei
2803 2409 2908 2463 mei
2932 2409 3215 2478 cooperuit
3247 2422 3353 2462 me.

447 2491 535 2545 54.
563 2492 695 2545 Ἀπὸ
713 2494 894 2564 φωνῆς
909 2493 1274 2558 ὀνειδίζοντος,
1297 2494 1389 2546 καὶ
1411 2492 1834 2557 καταλαλοῦντος
1851 2493 1946 2564 (a)°

1764 2510 1834 2557 τος
1851 2493 1946 2564 (α)ο
2127 2495 2212 2551 54.
2247 2498 2290 2549 Α
2317 2513 2450 2553 voce
2476 2499 2856 2570 exprobrantis
2880 2509 2934 2555 et
2956 2499 3335 2569 obloqucntis:

449 2583 524 2654 (α)
553 2583 1022 2656 Παρακαλοῦντος,
1063 2585 1117 2639 in
1151 2586 1396 2656 margine
1432 2586 1552 2641 cod.
1588 2596 1647 2641 ut
1678 2587 1731 2640 in
1761 2592 1931 2640 textu.

1499 2702 1871 2758 ATHANASII
1914 2696 2494 2757 INTERPRETATIO.

451 2797 538 2850 16.
581 2797 676 2849 Ἐκ
699 2796 807 2850 τῶν
835 2797 1088 2850 ἐναντίων
1116 2797 1414 2869 δυνάμεων.
1985 2800 2022 2856 C

1985 2800 2026 2856 ο
2130 2793 2214 2846 16.
2247 2791 2292 2844 Α
2317 2789 2608 2845 contrariis
2638 2790 3017 2859 potestatibus.

458 2891 541 2944 17.
584 2889 694 2952 Τὰς
719 2889 887 2954 αὑτὰς
909 2890 984 2962 (1)
1014 2889 1292 2958 δυνάμεις.

1245 2907 1292 2954 ς.
2127 2885 2214 2940 17.
2242 2883 2469 2939 Easdem
2498 2890 2814 2953 potestates.

457 2983 542 3036 18.
569 2983 659 3034 Ἐν
679 2980 755 3052 τῷ
777 2981 896 3051 Θεῷ
930 2981 1313 3052 καυχησόμεθα
1332 2983 1418 3035 ἀεὶ
1437 2983 1587 3046 ὄντες
1613 2984 1669 3037 ἐν
1690 2982 1767 3054 τῷ
1792 2981 1950 3052 φωτί.

2125 2977 2211 3032 18.
2241 2977 2298 3030 In
2316 2974 2426 3032 Deo
2445 2975 2797 3047 gloriabimur
2819 2991 3034 3047 semper
3054 2977 3378 3034 exsistentes
3400 2978 3455 3034 in
3479 2980 3617 3035 luce.

456 3074 543 3127 19.
565 3074 673 3126 Kal
701 3073 757 3126 ἐν
780 3072 857 3143 τῷ
886 3073 1107 3144 ὀνόματί
1135 3091 1225 3127 σου
1247 3073 1316 3127 τὰ
1342 3072 1548 3146 ἀρεστὰ
1588 3072 1819 3127 ἐνώπιόν
1860 3091 1954 3127 σου

2127 3069 2214 3124 19.
2241 3067 2304 3122 Ει
2329 3069 2382 3122 in
2411 3068 2632 3123 nomine
2657 3076 2750 3123 tuo
2773 3084 2896 3138 quae
2923 3068 3119 3137 placita
3150 3069 3247 3124 tibi
3285 3079 3412 3126 sunt
3437 3086 3619 3127 coram

387 3165 703 3234 ποιήσομεν.

2057 3171 2110 3217 te
2140 3161 2423 3217 faciemus.

453 3255 542 3310 20.
569 3256 671 3309 Τὸν
694 3254 822 3308 λαὸν
846 3254 993 3324 λέγει
1027 3255 1134 3309 τῶν
1167 3255 1459 3310 Ἰουδαίων.

2124 3255 2214 3308 20.
2253 3252 2515 3323 Populum
2550 3253 2898 3309 Hebraeorum
2928 3254 3215 3325 signiﬁcat.

454 3348 543 3403 2|.
559 3348 669 3401 Kal
693 3349 749 3400 ἐν
763 3349 876 3410 τοῖς
891 3347 1115 3418 ἄρχουσι
1136 3347 1243 3401 τῶν
1261 3346 1522 3401 Ἰουδαίων
1541 3347 1640 3402 οὐκ
1655 3347 1950 3419 εὐδοκήσει.

2126 3346 2216 3399 21.
2250 3345 2317 3400 Ει
2339 3345 2391 3400 in
2419 3347 2753 3417 principibus
2772 3345 3082 3401 Iudaeorum
3106 3362 3214 3402 non
3243 3348 3623 3418 complacebit.

455 3439 544 3492 22.
588 3437 933 3508 Παρέδωκας,
963 3420 1137 3508 λέγει,
1171 3439 1594 3504 τοὺςἸουδαίους
1619 3441 1740 3504 ταῖς
1770 3438 1951 3493 ἐπιθυ-

2125 3436 2215 3491 22.
2244 3435 2556 3504 Tradidisli,
2578 3434 3005 3508 inquit,Judmos
3028 3435 3479 3507 concupiscentiis
3503 3451 3624 3493 cor-

391 3529 537 3599 μίαις
567 3527 674 3580 τῶν
708 3527 946 3598 καρδιῶν
975 3527 1172 3583 αὐτῶν.

876 3527 946 3582 ὦν
975 3527 1172 3583 αὐτῶν.
2057 3527 2205 3582 dium
2237 3541 2447 3580 eorum.

458 3622 542 3675 25.
576 3619 684 3684 Τὰς
715 3618 893 3690 ψυχὰς
925 3621 1078 3692 ἡμῶν
1107 3623 1155 3675 οἱ
1186 3621 1436 3692 δαίμονες
1464 3622 1780 3694 διήρπαζον.

2126 3619 2216 3672 25.
2245 3619 2470 3674 Animas
2501 3627 2716 3674 nostras
2742 3618 3015 3674 daemones
3039 3617 3400 3689 diripuerunt.

458 3711 549 3765 24.
579 3711 689 3766 Kal
724 3712 871 3781 ἡμᾶς
912 3711 986 3783 (2)
1011 3712 1114 3764 ὑπὸ
1137 3711 1244 3767 τῶν
1262 3714 1543 3785 ἁμαρτιῶν
1567 3714 1642 3778 ὡς
1664 3714 1768 3768 ὑπὸ
1782 3715 1959 3768 λύκων

1784 3715 1959 3768 λύκων
2126 3712 2217 3766 24.
2256 3711 2323 3767 Ει
2351 3728 2450 3768 nos
2481 3727 2512 3766 a
2542 3711 2775 3783 peccatis
2805 3711 2969 3766 veluti
2994 3727 3023 3765 a
3050 3711 3190 3782 lupis
3221 3712 3355 3781 rapi.

393 3802 754 3873 ἁρπάζεσθαι.

460 3893 551 3948 25.
586 3894 692 3946 Kal
720 3893 795 3955 ὡς
818 3893 874 3945 ἐν
903 3892 1245 3965 αἰχμαλωσίᾳ
1277 3893 1615 3963 πεπραμένοι
1645 3893 1808 3963 ἐσμὲν
1842 3894 1962 3954 ταῖς

2129 3890 2219 3944 25.
2254 3889 2320 3945 Et
2347 3891 2511 3946 veluti
2551 3892 2607 3946 in
2658 3891 3022 3962 captivitatem
3056 3892 3255 3947 venditi
3288 3907 3478 3946 sumus
3505 3906 3626 3961 peo-

392 3985 689 4056 ἁμαρτίαις
723 3986 900 4057 ἡμῶν.

872 4002 900 4040 ι.
2061 3987 2197 4040 catis
2221 3986 2443 4041 nostris.

462 4076 550 4130 26.
585 4077 811 4141 Δούλους
836 4077 1025 4141 εἴασας
1065 4079 1215 4148 ἡμᾶς
1249 4074 1385 4130 εἶναι
1418 4077 1515 4148 τῆς
1543 4075 1815 4148 ἁμαρτίας
1989 4139 2025 4148 _

1614 4075 1815 4148 ιαρτίας
1857 4076 1955 4148 (5).
1989 4139 2025 4148 _
2131 4076 2223 4130 26.
2252 4075 2452 4131 Servos
2479 4075 2655 4131 sivisti
2686 4090 2785 4129 nos
2813 4090 2934 4130 esse
2962 4075 3185 4144 peccati.

461 4169 550 4221 27.
582 4169 690 4221 Kal
717 4139 816 4222 οὐκ
849 4139 1051 4221 ἐστιννὸ
1266 4167 1402 4240 πρὸς
1441 4139 1507 4222 σέ⁷
1537 4139 1674 4240 μετά
1715 4139 1960 4240 κραυγῆς
1988 4139 2032 4194 D

2130 4167 2219 4222 27.
2259 4167 2325 4222 Et
2353 4184 2462 4223 non
2484 4177 2567 4224 est
2586 4168 2829 4223 clamans
2859 4169 2926 4222 ad
2962 4139 3016 4223 te
3037 4182 3158 4222 cum
3188 4167 3425 4222 clamore
3453 4166 3629 4220 valido

399 4261 624 4331 ἰσχυρᾶς
647 4260 743 4313 καὶ
766 4259 1037 4331 δακρύων.

925 4259 1037 4313 Ξων.
2059 4266 2113 4312 cl.
2141 4247 2417 4330 lacrymis'
2432 4259 2496 4335 F‘.

462 4354 550 4408 23.
582 4353 848 4424 Αἱσχύνην
873 4352 1158 4416 κατέλιπες
1185 4353 1332 4423 ἡμᾶς
1360 4354 1470 4416 τοῖς
1503 4354 1560 4405 ἐν
1586 4352 1661 4424 τῷ
1689 4341 1896 4408 κόσμὼ.

2128 4349 2218 4404 28.
2243 4351 2321 4404 Ad
2341 4351 2696 4422 ignominiam
2727 4351 2996 4421 reliquisti
3019 4365 3119 4405 nos
3147 4351 3214 4406 iis
3233 4349 3328 4419 qui
3352 4366 3405 4403 m
3430 4348 3631 4404 mundo

2059 4449 2205 4497 sunt.

465 4533 554 4587 29.
587 4529 974 4600 Καταγέλωτα,
1005 4531 1171 4600 λέγει,
1195 4533 1304 4595 τοῖς
1329 4530 1593 4602 δαίμοσιν.

2134 4533 2222 4590 29.
2253 4533 2595 4600 Ludibrium,
2627 4535 2824 4606 inquit,
2857 4535 3213 4590 dmmonibus.

463 4621 746 4676 50.Λαλῶν
757 4621 828 4692 γὰ
837 4638 865 4692 ρ
879 4622 935 4674 ἐν
946 4621 1296 4690 Εὐαγγελίοις
1308 4623 1364 4674 ἐν
1378 4623 1490 4683 τοῖς
1502 4619 1827 4686 ἐθνεσι,τοὺς
1842 4622 1962 4674 Ἰου-

2135 4628 2225 4683 50.
2258 4627 2512 4699 Loquens
2557 4629 2702 4684 enim
2739 4628 2792 4681 in
2830 4626 3133 4698 Evangeliis
3165 4629 3218 4680 in
3271 4626 3550 4696 gentibus,
3582 4624 3633 4677 in

396 4712 572 4776 δαίους
591 4711 664 4782 (4)
681 4710 992 4783 παραϐολὴν
1007 4712 1213 4781 ἢγαγεν
1225 4713 1321 4782 οὐχ
1338 4711 1502 4778 ἅπαξ,
1526 4711 1659 4766 ἀλλὰ
1684 4712 1958 4776 πολλάκις.

2065 4722 2380 4793 parabolam
2405 4720 2624 4777 Iudaeos
2660 4721 2884 4776 adduxit
2926 4736 3036 4773 non
3064 4719 3252 4783 semel,
3285 4717 3377 4773 sed
3413 4716 3632 4785 saepius.

465 4803 552 4859 51.
588 4803 696 4856 Kal
723 4803 821 4873 τὴν
840 4803 1011 4874 ἀρχὴν
1043 4803 1141 4874 τῆς
1166 4803 1410 4870 ἐξουσίας
1435 4841 1450 4867 ,
1482 4804 1548 4875 ἢν
1580 4799 1723 4874 εἶχον
1754 4805 1803 4857 οί
1830 4805 1962 4858 Ἰου-

2139 4815 2226 4868 51.
2256 4814 2322 4868 Et
2364 4814 2729 4884 principatum
2779 4811 3097 4882 potestatis,
3143 4825 3307 4881 quam
3360 4807 3629 4864 habebant

399 4895 552 4960 δαῖοι,
582 4896 890 4967 μετήγαγεν
911 4897 990 4958 εἰς
1014 4895 1079 4949 τὰ
1114 4895 1259 4968 ἔθνη.

2068 4905 2258 4973 Judaei,
2293 4907 2568 4962 transtulit
2601 4906 2656 4960 in
2681 4914 2884 4976 gentes.

411 5031 425 5040 .
469 4988 554 5040 52.
596 4987 912 5050 Ἀπαύστως
948 4989 982 5058 ἡ
1015 4988 1259 5059 ἁμαρτία
1291 5006 1390 5059 μου
1422 4991 1536 5058 μετ’
1564 4990 1693 5060 ἐμοῦ
1725 4991 1892 5045 ἐστιν.

2141 4999 2230 5052 52.
2267 4996 2649 5054 1ηάεείηειιιετ’
2667 5005 2947 5067 peccatum
2978 5011 3157 5050 meum
3189 5008 3400 5049 mecura
3425 5000 3525 5047 est.

469 5077 554 5130 55.
579 5076 688 5129 Kal
704 5078 737 5148 ἡ
755 5076 891 5148 αὑτὴ
908 5076 1153 5148 ἁμαρτία
1171 5078 1268 5148 τῆς
1293 5078 1468 5149 ψυχῆς
1487 5095 1586 5149 μου
1617 5081 1849 5144 σκοτίζει
1873 5101 1961 5154 με.

2141 5091 2228 5145 55.
2251 5089 2317 5145 Ει
2341 5091 2516 5160 ipsum
2539 5098 2821 5160 peccatum
2843 5087 3034 5144 animae
3051 5100 3182 5141 mea:
3199 5083 3510 5139 obtenebrat
3527 5095 3629 5138 me.

473 5169 559 5224 34.
597 5169 730 5223 Ἀπὸ
758 5169 857 5239 τῆς
887 5169 1232 5236 διδασκαλίας
1263 5171 1355 5225 τοῦ
1385 5172 1648 5229 διαϐόλου.

1263 5171 1355 5225 τοῦ
1385 5172 1648 5229 διαϐόλου.
2143 5184 2232 5241 54.
2259 5185 2306 5236 Α
2331 5184 2579 5239 doctrina
2607 5183 2825 5240 diaboli.

421 5283 431 5302 υ
475 5264 517 5296 ⁸⁸
548 5263 709 5320 Hebr.
744 5281 797 5331 ν,
829 5265 880 5318 7.

478 5527 522 5666 ll

512 5596 534 5649 2

1349 5384 1658 5449 Addenda
1696 5394 1756 5450 et
1787 5387 2168 5468 corrigenda
2199 5403 2283 5448 ex
2320 5385 2461 5449 cod.
2494 5385 2695 5446 Vatic.

581 5527 756 5598 Αὐτὰς
781 5528 1047 5590 ἐναντίας,
1077 5533 1182 5582 etc.
2150 5527 2226 5598 (5)
2265 5525 2458 5598 Ἐάσας
2491 5563 2506 5579 .
2536 5564 2550 5598 .
2681 5522 2780 5592 τῆς
2816 5517 3058 5589 ἀνομίας.

581 5527 756 5589 Αύτὰς
781 5528 1047 5590 ἐναντίας,
1077 5533 1182 5582 etc.
2150 5527 2226 5598 (5)
2265 5527 2458 5588 Ἐάσας
2491 5563 2506 5579 .
2537 5564 2550 5576 .
2588 5563 2600 5578 .
2635 5562 2649 5576 .
2681 5527 2717 5575 τ

535 5527 555 5666 ζ
594 5597 833 5661 Ἕδωκας
867 5599 1030 5668 ἡμᾶς.
2150 5597 2226 5668 (4)
2258 5597 2380 5662 Τοῖς
2428 5593 2717 5656 Ἰουδαίοις.
