3978 6204
348 288 462 343 8‘23
1204 285 1261 339 S.
1303 282 1393 339 AT
1399 280 1679 338 HANASII
1715 279 1865 337 OPP.
1909 278 1919 338 i

2007 278 2095 335 [ἰδ’
2124 275 2211 332 111.
2250 305 2321 317 -
2358 271 2764 338 EXEGETICA.
3477 265 3578 359 εει

410 402 496 457 55.
534 401 575 457 Α
608 401 746 457 facie
778 398 985 455 inimici
1010 407 1064 455 et
1093 401 1486 470 persequentis.
1931 405 1975 460 Δ

1931 405 1975 460 Α
2081 394 2170 450 55.
2204 391 2340 447 Ἀπὸ
2373 389 2665 463 προσώπου
2696 384 2889 459 ἐχθροῦ
2913 382 3009 438 καῖ
3036 381 3403 446 έκδιὼκοντος.

413 493 503 548 56.
534 493 661 550 Haec
707 495 889 549 omnia
919 501 1185 548 venerunt
1230 507 1393 563 super
1440 507 1542 547 nos
1566 533 1581 558 ,
1606 505 1711 547 nec
1759 488 1913 545 obliti

2083 485 2171 541 56.
2205 481 2391 539 Ταῦτα
2426 481 2601 536 πάντα
2632 477 2792 551 ἦλθεν
2820 477 2902 547 ἐφ’
2938 477 3105 549 ἡμᾶς,
3132 476 3227 529 καῖ
3257 475 3355 528 οὐκ
3384 471 3572 527 ἐπελαο

344 600 534 639 smnus
563 593 615 638 te
641 604 655 638 :

2015 576 2220 649 θόμεθὰ
2252 591 2344 628 σου
2362 590 2380 609 ο

414 666 502 719 57.
536 665 603 720 Et
629 666 814 736 inique
841 680 948 719 non
972 664 1181 735 egimus
1213 665 1268 719 in
1301 672 1628 721 testamento
1661 673 1753 720 tuo
1779 683 1792 717 :

2083 669 2175 724 57.
2203 667 2313 720 Kal
2340 667 2440 719 οὐκ
2468 664 2800 736 ἠδικήσαμεν
2828 664 2886 716 ἐν
2913 663 2981 733 τῇ
3006 658 3233 731 διαθήκῃ
3272 675 3363 712 σου
3390 674 3403 689 ·

416 755 505 810 58.
541 754 608 811 Ει
628 771 737 811 non
762 757 985 812 recessit
1011 765 1155 811 retro
1183 771 1276 812 cor
1297 769 1562 812 nostrum.

2082 759 2173 818 58.
2204 758 2312 812 Kal
2333 758 2434 811 οὐκ
2455 756 2664 827 ἀπέστη
2693 757 2773 819 είς
2805 753 2873 807 τὰ
2915 754 3087 806 ὀπίσω
3120 755 3152 823 ὴ
3186 749 3380 819 καρδία
3399 746 3569 819 ἡμῶν.

419 847 509 903 59.
539 846 606 903 Ει
630 847 916 903 declinasti
938 848 1162 904 semitas
1189 856 1404 904 nostras
1439 863 1469 902 a
1495 848 1580 901 via
1603 856 1694 903 tua
1721 866 1735 903 :

2083 851 2173 909 59.
2190 851 2299 904 Kal
2309 850 2585 916 ἐξέκλινας
2599 846 2695 912 τὰς
2709 846 2924 918 τρίϐους
2937 846 2971 917 ἡ
2978 845 3090 917 μῶν
3102 843 3210 898 ἀπὸ
3219 844 3317 910 τῆς
3327 841 3443 896 ὁδοῦ
3462 855 3571 893 σου’

419 940 508 994 40.
527 939 793 1006 Quoniam
812 940 1105 997 humiliasti
1124 956 1223 1015 nos
1264 944 1318 996 in
1347 941 1461 996 loco
1496 940 1801 997 aﬂlictionis
1828 959 1841 994 :

2087 940 2176 995 40.
2205 940 2325 993 Ὀτι
2345 937 2713 1001 ἐταπείνωσας
2736 938 2880 1008 ἡμᾶς
2905 936 2962 989 ὲν
2984 933 3133 1004 τόπῳ
3150 929 3440 993 κακώσεως
3455 946 3468 960 ’

418 1032 508 1086 41.
536 1030 603 1087 Et
629 1032 910 1103 cooperuit
941 1048 1038 1088 nos
1063 1033 1260 1088 umbra
1290 1033 1503 1089 mortis.

2086 1035 2176 1090 41.
2206 1034 2319 1089 Kal
2343 1031 2681 1102 ἐπεκάλυψεν
2704 1032 2851 1102 ἡμᾶς
2877 1028 3005 1083 σκιὰ
3032 1026 3279 1081 θανάτου.

422 1122 512 1175 42.
545 1121 603 1176 Si
632 1122 784 1178 obliti
819 1138 1012 1180 sumus
1041 1139 1236 1179 nomen
1268 1123 1360 1179 Dei
1391 1123 1597 1190 nostri;

2087 1126 2176 1180 42.
2213 1126 2276 1178 Εἰ
2300 1121 2675 1194 ἐπελαϐόμεθα
2699 1120 2792 1174 τοῦ
2826 1120 3083 1190 ὀνόματος
3109 1115 3202 1169 τοῦ
3225 1113 3358 1168 Θεοῦ
3387 1111 3538 1183 ἡμῶν
3556 1126 3570 1140 ο

425 1210 513 1264 45.
545 1208 613 1264 Ει
653 1212 700 1266 si
748 1214 1107 1282 cxpandimus
1146 1228 1341 1269 manus
1393 1221 1610 1268 nostras
1649 1212 1715 1266 ad
1755 1211 1913 1266 deum

2085 1216 2177 1270 45.
2212 1215 2323 1268 Kal
2370 1214 2419 1266 εί
2462 1211 2857 1281 δίεπετάσαμεν
2882 1211 3069 1280 χεῖρας
3097 1204 3252 1277 ἡμῶν
3291 1201 3427 1273 πρὸς
3456 1199 3569 1253 θεὸν

355 1298 589 1353 alienum
628 1319 641 1354 :

2012 1308 2286 1376 ἀλλότριον
2310 1323 2324 1337 ·

424 1389 515 1444 44.
546 1388 739 1449 Nonne
767 1391 910 1449 Deus
935 1394 1188 1466 requiret
1205 1395 1305 1451 ista
1318 1395 1359 1449 ‘l‘

2093 1400 2182 1453 44.
2212 1399 2347 1469 Οὐχὶ
2376 1400 2405 1452 ὁ
2433 1397 2564 1459 Θεὸς
2592 1394 2880 1467 ἐκζητήσει
2918 1390 3121 1456 mira;

423 1481 512 1535 45.
542 1481 659 1551 Ipse
680 1484 825 1539 enim
849 1486 998 1541 novit
1023 1487 1341 1542 abscondita
1365 1484 1566 1542 cordis.

2082 1492 2171 1547 45.
2225 1490 2399 1556 Αὐτὸς
2443 1490 2550 1563 γὰρ
2584 1488 2841 1559 γινώσκει
2867 1485 2936 1540 τὰ
2967 1484 3171 1556 κρύφια
3207 1480 3304 1550 τῆς
3334 1476 3583 1548 καρδίας.Δ

425 1572 515 1629 46.
543 1572 811 1641 Quoniam
846 1586 1067 1649 propter
1106 1590 1158 1635 te
1202 1580 1597 1637 mortiﬁcamur
1637 1588 1747 1635 tota
1788 1578 1911 1635 die:

2083 1583 2172 1638 46.
2208 1583 2330 1637 Ὅτι
2349 1581 2512 1637 ἕνεκα
2543 1581 2636 1635 σοῦ
2670 1577 3044 1649 θανατούμεθα
3074 1573 3200 1643 ὃλην
3225 1570 3323 1643 τὴν
3349 1568 3582 1640 ἡμέραν,-

428 1666 517 1720 47.
551 1666 830 1724 Estimati
859 1684 1048 1727 sumus
1076 1673 1217 1728 sicut
1238 1688 1366 1730 oves
1390 1672 1697 1729 occisionis.

1667 1689 1697 1727 ς.
2079 1676 2170 1731 47.
2206 1675 2592 1747 Ἐλογίσθημεν
2618 1674 2692 1738 ὡς
2723 1672 2972 1744 πρόὁατα
3003 1667 3238 1740 σφαγῆς.

428 1757 518 1813 48.
547 1758 810 1832 Exsurge,
841 1778 1011 1834 quare
1032 1765 1330 1833 obdormis,
1356 1764 1630 1821 Domine?
1950 1757 1992 1811 Β

1950 1757 1992 1811 Β
2090 1767 2181 1822 48.
2229 1767 2602 1840 Ἐξεγέρθητι,
2626 1766 2714 1820 ἵνα
2744 1764 2797 1818 τί
2822 1765 3030 1828 ὑπνοῖς,
3053 1761 3259 1835 Κύριε;

427 1847 515 1902 49.
550 1847 814 1920 Exsurge,
845 1862 905 1907 er
929 1869 997 1909 ne
1023 1856 1247 1925 repellas
1282 1856 1333 1910 in
1364 1855 1546 1910 tinem.

2092 1858 2179 1913 49.
2213 1857 2521 1930 Ἀνάστηθι,
2556 1860 2650 1913 καὶ
2680 1857 2753 1929 μὴ
2773 1855 2965 1928 ἁπὼσῃ
2993 1856 3073 1918 εἰς
3094 1852 3265 1914 τέλος.

430 1937 518 1993 50.
555 1937 734 2006 Quare
761 1940 953 1998 faciem
989 1952 1138 2002 tuam
1165 1945 1400 2001 avertis?

2094 1948 2180 2005 50.
2208 1948 2331 2002 Ἵνα
2348 1949 2401 2002 τί
2425 1948 2485 2001 τὸ
2513 1947 2801 2019 πρόσωπόν
2834 1963 2927 2000 σου
2955 1943 3349 2012 ἀποστρέφεις

435 2028 525 2084 51.
553 2029 903 2092 Oblivisceris
966 2036 1162 2108 inopia:
1213 2047 1411 2095 nostra:
1454 2048 1517 2096 et
1554 2040 1918 2096 tribulationis

2096 2043 2184 2097 51.
2214 2041 2698 2116 Ἐπιλανθὰνητῆς
2737 2039 3008 2111 πτωχείας
3035 2034 3192 2109 ἡμῶν
3225 2033 3319 2087 καὶ
3343 2030 3443 2101 τῆς
3472 2026 3579 2081 ολι-

364 2126 564 2173 nostrae
585 2120 608 2173 ?

2021 2133 2168 2204 ψεως
2193 2133 2382 2205 ἡμῶν;

434 2209 524 2267 52.
538 2211 803 2279 Quoniam
818 2215 1096 2274 humiliata
1112 2228 1196 2275 est
1210 2220 1264 2276 in
1275 2223 1496 2292 pulvere
1512 2223 1689 2278 anima
1704 2233 1885 2281 nostra
1906 2242 1921 2280 :

1872 2241 1921 2281 I:
2098 2226 2187 2281 52.
2231 2226 2353 2279 Ὅτι
2390 2204 2727 2293 ἐταπεινὼοη
2750 2222 2838 2285 είς·
2855 2219 2982 2292 χοῦν
3010 2220 3048 2290 ἡ
3073 2214 3220 2287 ψυχὴ
3254 2209 3412 2286 ἡμῶν
3431 2224 3443 2236 ·

437 2298 525 2353 55.
551 2299 964 2374 Conglutinatus
995 2316 1079 2363 est
1114 2308 1168 2363 in
1199 2320 1341 2365 terra
1361 2320 1549 2367 venter
1577 2320 1783 2368 noster.

1683 2320 1783 2368 ter.
2093 2317 2180 2372 55.
2208 2316 2503 2389 Ἐκολλήθη
2535 2316 2614 2379 εἰς
2643 2315 2746 2384 γῆν
2774 2314 2808 2383 ὴ
2838 2309 3057 2381 γαστὴρ
3079 2306 3254 2379 ἡμῶν.

436 2388 525 2444 54.
559 2390 827 2465 Exsurge,
858 2395 1108 2465 Domine,
1131 2399 1327 2470 adjuva
1360 2417 1462 2458 nos
1487 2421 1503 2458 :

2092 2409 2181 2463 54.
2217 2408 2469 2474 ’Δνὰστα,
2498 2407 2690 2479 Κύριε,
2723 2404 2982 2477 βοήθησον
3014 2403 3145 2473 ἡμῖν
3164 2417 3179 2432 ⁸

1525 2512 1901 2571 ATIlANASlI
1932 2518 2509 2577 lN'l'ERPRETATIO.

438 2614 540 2674 55..
565 2618 617 2672 At
634 2629 876 2690 peccato,
908 2625 1052 2693 quod
1074 2625 1144 2681 ab
1166 2626 1386 2684 inimico
1407 2637 1492 2686 est
1512 2631 1567 2686 in
1598 2643 1770 2698 me,et
1783 2633 1925 2703 quod

2098 2637 2187 2693 55.
2205 2638 2336 2692 Ἀπὸ
2348 2637 2447 2708 τῆς
2459 2636 2731 2709 ἁμαρτίας
2744 2635 2840 2705 τῆς
2855 2630 3003 2703 παρὰ
3017 2628 3110 2683 τοῦ
3123 2624 3316 2699 ἐχθροῦ
3337 2620 3599 2695 (habere

370 2723 479 2764 non
505 2711 644 2767 sinit!
661 2728 748 2769 me
774 2723 918 2770 stare
938 2718 992 2770 in
1022 2721 1302 2789 pratecptis
1327 2723 1459 2777 tuis.

2031 2726 2088 2778 ἐν
2116 2724 2365 2794 ἐμοὶ,καὶ
2387 2723 2553 2797 ἐάσῃς
2578 2722 2653 2794 (α)
2675 2739 2743 2794 με
2771 2720 2959 2791 στῆναι
2986 2719 3045 2771 ἐν
3070 2720 3188 2779 ταῖς
3208 2713 3449 2775 ἐντολαῖς
3474 2727 3583 2765 σου.

441 2801 530 2857 56.
558 2801 761 2859 Horum
806 2808 1048 2863 omnium
1097 2811 1187 2865 rci'
1220 2810 1350 2867 facti
1396 2815 1664 2871 recordati
1721 2832 1928 2886 sumus,

2101 2815 2189 2869 56.
2222 2816 2435 2870 Τούτων
2468 2815 2683 2869 πάντων
2718 2811 3006 2867 ὑπεύθυνοι
3027 2809 3302 2881 γενόμενοι
3325 2803 3591 2877 ἐμνήσθη-

372 2899 519 2968 quod
547 2900 858 2962 misericors
887 2922 965 2963 es.

2037 2924 2157 2980 μεν,
2186 2907 2267 2961 ὅτι
2292 2906 2537 2979 ἐλεήμων
2565 2901 2634 2960 εῑ.

442 2989 531 3047 57.
560 2993 627 3048 Et
652 3010 759 3050 non
791 2996 1056 3056 increduli
1087 3001 1291 3059 fuimus
1321 2998 1788 3062 testamentotue.

2040 2978 2048 2980 ἡ
2103 2999 2192 3054 57.
2227 2998 2338 3051 Kal
2357 2978 2457 3050 ούκ
2487 2995 2867 3067 ὴπιστήσαμεν
2891 2992 2957 3063 τῇ
2977 2987 3208 3060 διαθήκῃ
3243 3001 3336 3039 σου
3376 2978 3470 3054 (ἓ).

444 3081 534 3138 58'.
565 3083 639 3139 Et‘
661 3102 768 3142 non
802 3090 855 3144 in
882 3092 1039 3148 tinem
1071 3097 1395 3152 recessimus
1422 3112 1453 3151 a
1484 3106 1554 3153 te.

2102 3090 2190 3146 58.
2218 3091 2327 3145 Kal
2352 3090 2452 3143 οὐκ
2477 3090 2556 3152 είς
2585 3087 2737 3150 τέλος
2768 3085 3079 3155 ἀπέστημεν
3108 3080 3215 3135 ἀπὸ
3250 3077 3363 3131 σοῦ.

446 3170 534 3227 59.
564 3172 630 3230 Et
672 3186 894 3248 propter
931 3192 1148 3253 peccata
1193 3195 1377 3241 nostra
1419 3185 1687 3242 abstulisti
1712 3202 1742 3241 a
1778 3186 1935 3243 nobis

2107 3183 2195 3239 59.
2223 3181 2334 3235 Kal
2372 3180 2460 3234 διὰ
2502 3179 2600 3244 τὰς
2644 3176 2917 3251 ἁμαρτίας
2945 3174 3101 3248 ἡμῶν
3148 3170 3467 3230 ἀπέσπασας
3507 3166 3594 3232 ἀφ’

373 3262 792 3333 iustificationes
818 3280 961 3334 tuas.

2035 3274 2189 3347 ἡμῶν
2217 3273 2289 3327 τὰ
2310 3271 2653 3344 δικαιώματά
2684 3288 2797 3325 σου.

437 3354 530 3411 40.
558 3355 625 3412 Et
652 3360 962 3431 corripuisti
991 3378 1092 3420 nos
1119 3363 1409 3422 inmundo
1436 3376 1743 3438 peccantes.

2106 3366 2201 3421 40.
2217 3366 2326 3420 Kal
2361 3364 2590 3437 ἤλεγξας
2619 3365 2764 3436 ἡμᾶς
2792 3365 2849 3417 ἐν
2872 3360 2950 3433 τῷ
2977 3361 3165 3431 κόσμῳ
3191 3352 3593 3429 ἡμαρτηκότας.

451 3447 542 3502 ﬂ.
575 3447 643 3504 Et
680 3453 857 3509 omnis
914 3455 1189 3513 tribulatio
1233 3472 1297 3514 ac
1333 3457 1488 3514 dolor
1537 3457 1941 3515 circuminsidet

2107 3460 2196 3515 41.
2223 3459 2334 3514 Kal
2366 3459 2512 3512 πᾶσα
2535 3457 2732 3529 θλίψις,
2753 3455 2850 3511 καὶ
2868 3454 3030 3525 ὀδύνη
3063 3451 3367 3524 περίκειται
3399 3448 3465 3516 τῇ
3498 3444 3606 3513 ψυ-

379 3539 575 3595 ai.imaa
607 3551 827 3599 nostras.

746 3559 827 3598 ras.
2039 3555 2109 3624 χῇ
2139 3552 2172 3621 ἡ
2180 3548 2317 3622 μῶν.

450 3630 543 3688 42.
569 3629 689 3687 Non
720 3635 874 3689 obliti
896 3651 1087 3693 sumus
1112 3637 1348 3694 nominis
1372 3639 1473 3704 tui,
1510 3638 1752 3696 Domine.

2109 3646 2200 3701 42.
2234 3645 2346 3700 Οὐκ
2365 3641 2739 3714 ἐπελαϐόμεθα
2763 3638 2856 3693 τοῦ
2880 3634 3138 3708 ὀνόματός
3168 3649 3281 3696 σου,
3304 3628 3496 3698 Κύριε.

452 3721 541 3776 45.
572 3721 639 3778 Et
683 3725 750 3779 ad
795 3729 1065 3783 neminem
1111 3729 1276 3783 alium
1333 3729 1662 3785 intendimus
1702 3745 1797 3786 cor
1844 3746 1943 3785 no-

2110 3739 2200 3794 45.
2235 3739 2346 3794 Kal
2373 3736 2509 3810 πρὸς
2536 3736 2691 3791 ἄλλον
2710 3732 2829 3787 τινὰ
2855 3732 2954 3786 οὐκ
2983 3726 3331 3795 ἀνετείναμεν
3354 3723 3451 3792 τὴν
3475 3735 3604 3788 καρ-

382 3823 578 3867 strum.

2043 3830 2160 3883 δίαν
2189 3827 2366 3901 ἡμῶν.

451 3901 537 3958 44.
592 3901 781 3961 Nonne
832 3906 971 3962 Deus
1013 3918 1325 3965 sanctorum
1371 3924 1607 3966 suorum.
1648 3910 1940 3966 vindictam
1978 3976 2014 3992 ﬂ

2117 3899 2378 3992 44.Πούχὶ
2408 3921 2437 3974 δ
2472 3917 2605 3981 Θεὸς
2632 3916 2846 3987 ποιήσει
2874 3911 2973 3984 τὴν
3005 3908 3281 3979 ἐκδίκησιν
3306 3901 3416 3957 τῶν
3440 3899 3608 3969 ἁγίων

383 3992 581 4049 fac-iet?

1977 3976 2020 4031 Β
2047 4012 2209 4068 αυτοῦ
2230 4028 2250 4079 ;

452 4085 543 4142 45.
571 4084 842 4144 Gemitum
872 4097 1145 4146 nostrum.

2116 4105 2207 4160 4.5.
2236 4103 2339 4158 Τὸν
2369 4099 2666 4170 στεναγμὸν
2704 4095 2878 4169 ἡμῶν.

451 4178 544 4233 46.
572 4177 758 4236 Sancti
784 4182 1078 4252 praphetaa.

2118 4196 2205 4251 46.
2241 4198 2304 4250 Οἱ
2336 4195 2481 4265 ἅγιοι
2513 4191 2804 4264 προφῆται.

454 4272 544 4326 47.
572 4274 837 4343 Apostoli,
854 4286 907 4332 et
923 4288 1205 4351 martyres,
1227 4286 1281 4334 et
1297 4278 1696 4337 mortiﬁcantes.
1709 4279 1948 4335 membra

2122 4288 2212 4343 47..
2246 4289 2310 4342 0i
2336 4285 2641 4351 ἀπόστολοι,
2672 4285 2764 4338 καὶ
2784 4284 2833 4336 oi
2856 4280 3145 4354 μάρτυρες,
3172 4273 3264 4328 καὶ
3290 4271 3341 4325 οἱ
3368 4265 3591 4326 νεκοοῢν

386 4377 493 4419 sua
511 4375 751 4434 peccato.

2055 4398 2146 4445 τες
2180 4379 2248 4433 τὰ
2279 4376 2485 4432 ἑαυτῶν
2527 4374 2662 4447 μέλη
2694 4377 2750 4428 ἐν
2777 4375 2854 4443 (5)
2886 4367 3125 4443 ἁμαρτίᾳ

459 4457 551 4514 48.
578 4456 789 4515 Excitet
818 4469 870 4515 te
900 4460 1207 4531 deprecatio
1235 4478 1373 4518 mea.

2125 4473 2214 4527 48.
2248 4469 2520 4541 Διαγείρει
2550 4485 2610 4522 σε
2635 4466 2880 4540 ἡ·δέησίς
2910 4480 3030 4535 μου.

457 4549 549 4604 49.
584 4547 720 4605 Veni
746 4559 800 4605 et
823 4567 892 4607 ne
919 4551 1266 4624 derelinquas
1288 4570 1389 4611 nos
1414 4571 1587 4627 usque
1622 4555 1677 4610 in
1709 4554 1892 4610 ﬁnem.

2126 4565 2215 4618 49.
2263 4562 2434 4627 Ἐλθέ,
2469 4560 2577 4615 καὶ.
2600 4543 3072 4631 μὴ’ἐγκαταλίπῃς
3098 4553 3244 4626 ἡμᾶς
3276 4551 3381 4614 ἐως
3411 4547 3588 4607 τέλους

455 4638 544 4696 50‘.
575 4639 755 4707 Quare
774 4658 883 4697 non
909 4644 1230 4701 reconcilias
1263 4647 1403 4702 nos?

2130 4656 2218 4710 50.
2245 4655 2372 4708 Ἵνα.
2389 4653 2440 4707 τί
2472 4653 2531 4706 οὐ
2570 4649 2862 4722 διαλλάσσῃ
2892 4648 3070 4719 ἡμᾶς

460 4736 550 4792 51.
574 4734 692 4792 Non
718 4739 925 4809 excipis
948 4740 1387 4810 deprecationem
1416 4751 1654 4798 nostram
1680 4755 1803 4796 cum
1825 4755 1959 4795 con-

2134 4747 2224 4802 51.
2256 4742 2754 4816 Οὑπροσδέχῃητὴν
2799 4741 2980 4810 δέησιν
3011 4736 3166 4808 ἡμῶν
3207 4732 3347 4789 κατὰ
3388 4731 3488 4803 τὴν
3527 4728 3612 4794 ἐξ*

391 4826 631 4883 lessione
653 4836 1023 4898 peccatorum.

2061 4834 2384 4907 ομολόγησιν
2414 4832 2523 4885 τῶν
2548 4829 2829 4902 ἁμαρτιῶν
2856 4825 2956 4897 (4).

461 4920 554 4977 52.
581 4919 851 4987 Quoniam
888 4923 1069 4977 anima
1111 4938 1231 4978 mea
1264 4938 1418 4978 serva
1444 4922 1583 4978 facta
1615 4931 1705 4977 est
1729 4921 1956 4991 peccati.

2135 4926 2222 4981 52.
2260 4928 2392 4978 Ὅτι.
2425 4921 2689 4994 ἐδουλώθη
2734 4923 2798 4992 τῇ
2842 4917 3085 4992 ἁμαρτίᾳ
3114 4921 3147 4989 ἡ
3174 4921 3322 4991 ψυχή
3358 4931 3457 4986 μου
3487 4907 3580 4979 (5).

464 5010 555 5067 55.
588 5009 656 5066 Et
678 5013 908 5068 temnis
936 5013 1148 5069 actibus
1174 5012 1389 5068 inhaesit
1412 5013 1592 5067 anima
1625 5019 1829 5067 nostra.

2135 5018 2221 5072 55.
2255 5017 2365 5070 Kal
2393 5014 2500 5068 τῶν
2530 5015 2733 5085 γηίνων
2758 5011 3015 5082 πράξεων
3035 5006 3419 5078 ὲτκεκόλληται
3454 5003 3489 5074 ἡ
3517 5000 3608 5070 ψψ

2064 5109 2132 5181 κὴ
2164 5108 2340 5181 ήμῶνο

464 5204 553 5260 54.
587 5205 744 5272 Veni,
766 5203 1017 5273 Domine,
1043 5205 1098 5260 in
1125 5204 1391 5260 auxilium
1419 5213 1687 5260 nostrum.

1686 5246 1687 5253 χ
2135 5199 2223 5254 54.
2266 5198 2439 5264 Ἐλθέ,
2472 5198 2667 5272 Κύριε,
2700 5199 2779 5261 εἰς
2807 5194 3053 5267 βοήθειαν
3078 5191 3257 5264 ἡμῶν..

1345 5339 1652 5404 Addenda
1683 5344 1747 5401 et
1780 5334 2150 5417 corrigenda
2197 5355 2276 5400 ex
2305 5337 2442 5399 cod.
2479 5337 2680 5398 Vatic.

470 5461 553 5669 ἒξ
577 5461 1125 5672 ιῖἓηῗέεεῗώω
2142 5454 2221 5602 ξέέ
2261 5453 2926 5598 missis":

471 5693 548 5763 (α)
591 5692 827 5762 Ἐἰίσης.
856 5695 1017 5752 Forte
1039 5697 1137 5751 οὐκ
1176 5694 1372 5764 ἐώσης.
1408 5690 1566 5748 Ent'r.
