3978 6204
457 275 582 346 827‘
1297 273 1356 325 δ.
1398 271 1770 324 A'I'HANASII
1813 270 1964 326 UPP.
2010 269 2186 326 PARS
2223 269 2308 325 ΙΙΙ.
2345 299 2415 314 -σ-
2451 269 2860 324 EXEGETICA.
3583 273 3686 328 8:23

533 387 618 439 16.
654 381 811 453 Virga
838 380 1152 436 directionis
1178 381 1328 450 virga
1356 381 1505 451 regni
1532 381 1630 435 tui.
2049 388 2096 444 Α

2192 381 2276 436 16.
2329 381 2550 444 Ῥάὸδος
2575 380 2866 452 εὐθύτητος
2888 383 2920 454 ἡ
2940 381 3130 453 ῥάϐδος
3157 383 3253 453 τῆς
3283 383 3554 452 βασιλείας
3572 406 3680 445 σου.

532 478 618 529 Π.
650 473 893 529 Dilexisti
920 472 1187 542 justitiam
1211 479 1265 526 et
1295 471 1458 526 odisti
1487 471 1824 540 iniquitatem
1853 487 1867 526 :

2203 473 2288 526 l7.
2334 472 2655 545 Ἠγάπησας
2704 473 3075 546 δικαιοσύνην,
3122 475 3215 528 καὶ
3264 475 3529 549 ἐμίσησας
3570 481 3685 535 ἀνοι-

2180 563 2262 616 ίαν
2287 579 2302 594 ·

532 655 618 710 18.
649 654 937 724 Propterea
961 653 1117 707 unxit
1150 661 1200 707 te
1229 650 1393 715 Deus,
1425 651 1569 708 Deus
1592 664 1740 718 tuus,

2180 581 2262 616 ιαν
2287 581 2302 594 ·

2134 581 2172 633 μ
2200 656 2285 711 18.
2317 656 2417 710 Διὰ
2443 655 2600 709 τοῦτο
2631 655 2816 727 ἔχρισε
2841 673 2898 710 σε
2923 659 2951 710 ὁ
2976 656 3128 721 Θεὸς,
3151 658 3181 710 ὁ
3207 657 3338 722 Θεός
3371 675 3485 728 σου,

534 750 622 804 l9.
647 747 778 804 Oleo
809 747 1004 802 laetitias
1028 760 1137 816 prae
1160 745 1512 801 consortibus
1541 746 1672 800 tuis.

2208 747 2295 801 19.
2333 747 2552 800 Ἐλαιον
2579 746 2947 814 ἀγαλλιάσεως
2977 747 3126 818 παρὰ
3141 747 3268 811 τοὺς
3298 750 3553 820 μετόχους
3573 768 3681 808 σου.

534 841 624 896 20.
661 840 897 910 Myrrha,
925 848 979 893 et
1005 847 1178 908 gutta,
1213 846 1267 893 et
1292 838 1440 893 casia
1469 853 1500 892 a
1527 837 1866 894 vestimentis
1893 836 2022 902 tuis,

2198 840 2290 895 20.
2323 839 2568 912 Σμύρνα,
2605 841 2698 893 καὶ
2737 838 2960 910 στακτὴ,
2992 840 3084 893 xal
3111 841 3272 894 κασία
3299 841 3404 895 ἀπὸ
3435 843 3542 898 τῶν
3569 846 3684 916 ίμα-

2129 949 2258 985 τιων
2292 949 2406 994 σου,

523 1023 614 1076 2l.
646 1021 691 1075 A
727 1021 978 1076 domibus
1027 1021 1304 1086 eburneis,
1356 1036 1422 1076 ex
1475 1021 1673 1090 quibus
1721 1021 2024 1076 delectave-

2203 1025 2292 1078 2l.
2338 1023 2476 1077 Ἀπὸ
2506 1022 2715 1093 βάρεων
2737 1021 3116 1092 ἐλεφαντίνων,
3148 1023 3204 1090 ἐξ
3226 1043 3299 1078 ων
3320 1025 3590 1098 εὖφρανάν
3628 1043 3683 1082 σε

613 1121 633 1165 ι

461 1121 585 1168 runt
613 1121 666 1166 te

527 1203 616 1256 22.
652 1201 799 1256 Filiae
825 1216 1010 1270 regum
1045 1199 1100 1254 in
1127 1197 1334 1253 honore
1362 1207 1452 1252 tuo
1483 1217 1496 1252 :

2165 1255 2170 1268 ι
2205 1197 2297 1251 22.
2325 1203 2631 1267 Θυγατερες
2663 1195 2922 1267 βασιλέων
2944 1197 3001 1250 ἐν
3026 1196 3090 1266 τῇ
3115 1198 3245 1266 τιμῇ
3283 1211 3374 1247 σου
3393 1212 3407 1227 ο

524 1295 614 1350 25.
644 1295 830 1349 Astitit
863 1293 1045 1362 regina
1074 1307 1103 1346 a
1136 1291 1342 1347 dextris
1367 1290 1500 1356 tuis,

2199 1290 2290 1344 25.
2328 1289 2580 1362 Παρέστη
2615 1291 2648 1360 ἡ
2679 1289 2959 1358 βασίλισσα
2995 1291 3056 1340 ἐκ
3081 1287 3265 1354 δεξιῶν
3301 1305 3415 1354 σου,

523 1387 616 1442 2i.
646 1384 702 1439 ln
734 1385 929 1440 vestitu
964 1383 1228 1438 deaurato
1253 1381 1591 1436 circumdata
1621 1381 1901 1435 varietate.

2201 1381 2291 1435 24.
2342 1381 2426 1432 Ἐν
2477 1379 2753 1451 ἱματισμῷ
2787 1379 3059 1452 διαχρύσῳ
3107 1379 3560 1452 περιϐεϐλημένη,
3598 1400 3682 1435 πε-

2130 1469 2470 1541 ποικιλμένη.

524 1560 615 1615 25.
640 1559 802 1624 Audi,
840 1559 970 1625 lilia,
1000 1567 1055 1613 et
1097 1558 1240 1624 vide,
1273 1566 1328 1612 et
1366 1556 1564 1611 inclina
1600 1573 1785 1612 aurem
1830 1566 1971 1611 tuam
2007 1575 2021 1610 :

2198 1561 2288 1617 25.
2327 1563 2494 1614 Ἀκου
2507 1577 2617 1627 σον,
2652 1560 2912 1632 θύγατερ,
2937 1561 3031 1615 καὶ
3057 1561 3156 1625 ίδε,
3191 1561 3283 1614 καὶ
3307 1560 3484 1614 κλῖνον
3509 1563 3571 1615 τὸ
3597 1557 3685 1628 οὖς

2130 1670 2247 1708 σου.

525 1737 614 1791 26.
649 1735 716 1792 Et
744 1737 1064 1794 obliviscere
1094 1736 1351 1807 populum
1392 1743 1543 1790 tuum
1581 1744 1635 1790 et
1659 1735 1877 1790 domum
1929 1749 2024 1803 pa-
2053 1751 2094 1805 Β

2191 1744 2281 1798 26.
2315 1745 2425 1798 Kal
2458 1744 2716 1799 ἐπιλάθου
2747 1743 2840 1797 τοῦ
2867 1744 2995 1798 λαου
3027 1761 3120 1797 σου
3153 1746 3248 1798 καὶ
3277 1744 3371 1798 τοῦ
3397 1745 3544 1799 οἴκου
3589 1741 3679 1800 τοῦ

461 1829 558 1884 tris
587 1829 684 1883 tui.

2131 1835 2334 1907 πατρός
2369 1853 2483 1891 σου.

525 1924 615 1976 27.
653 1923 717 1976 Et
746 1921 1093 1992 concupiscet
1121 1936 1216 1974 rex
1247 1921 1497 1975 decorem
1534 1931 1684 1972 tuum
1717 1937 1732 1972 :

2198 1927 2287 1982 27.
2322 1929 2431 1981 Kal
2459 1927 2789 1998 ἐπιθυμήσει
2813 1928 2840 1978 ὁ
2875 1927 3125 1997 βασιλεὺς
3147 1929 3239 1981 τοῦ
3263 1929 3495 1991 κάλλους
3528 1945 3618 1981 σου
3640 1945 3651 1958 ’

527 2019 616 2073 28.
649 2019 916 2085 Quoniam
939 2019 1054 2088 ipse
1083 2027 1166 2073 est
1195 2016 1456 2071 Dominus
1495 2024 1643 2077 tuus,
1676 2023 1730 2068 et
1774 2011 2025 2068 adorabis

2202 2017 2291 2073 28.
2326 2020 2447 2071 Ὀτι
2475 2018 2635 2081 αὑτός
2664 2021 2781 2072 ἐστι
2822 2019 3028 2090 Κύριός
3081 2037 3210 2089 σου,
3255 2021 3349 2073 καὶ
3391 2015 3689 2092 προσκυνή-

465 2128 608 2168 ευιη.

2133 2125 2245 2170 σεις
2275 2107 2441 2178 αύτῷ.

527 2206 596 2260 29
650 2203 714 2259 Et
747 2203 852 2258 lilia
878 2201 1006 2273 Tyri
1053 2201 1104 2256 in
1135 2200 1473 2256 muneribus.

2201 2198 2290 2254 29.
2325 2198 2399 2271 (a)
2432 2199 2542 2254 Kal
2567 2197 2810 2270 θυγάτηρ
2835 2197 3010 2271 Τύρου
3044 2203 3100 2254 ἐν
3127 2201 3338 2274 δώροις.

529 2325 606 2395 (α)
643 2321 702 2378 ν.
734 2322 826 2388 29,
873 2321 987 2376 Kal
1019 2321 1486 2394 προσκυνήσουσιν
1521 2317 1670 2384 αύτῷ
1698 2317 1990 2388 θυγατέρες
2028 2316 2100 2369 Τύ

1422 2336 1486 2373 τιν
1521 2317 1670 2384 αὐτῷ
1698 2317 1990 2388 θυγατέρες
2028 2316 2202 2390 Τύρου
2236 2319 2294 2372 ἐν
2324 2317 2517 2391 δώροις
2548 2316 2617 2375 V.
2648 2320 2736 2386 50,
2769 2317 2862 2387 Τό,
2888 2327 2993 2375 etc.

1576 2455 1948 2510 ATIIANASII
1984 2453 2573 2512 INTERPRETATIO.

529 2573 617 2627 16.
645 2571 892 2628 Potestas
918 2581 1119 2628 aeterna
1143 2588 1370 2642 regnum
1399 2581 1576 2628 tuum.

2206 2571 2292 2624 16.
2339 2570 2587 2635 Ἐξουσία
2613 2568 2826 2632 αἰώνιος
2851 2571 2883 2642 ἡ
2919 2569 3163 2640 βασιλεία
3190 2587 3301 2622 σου.

530 2664 617 2718 Π.
656 2662 900 2718 Dilexisti
942 2674 1161 2718 sanctos
1211 2673 1357 2728 tuos,
1407 2674 1460 2718 et
1503 2664 1667 2719 odisti
1723 2662 2029 2718 inventores

2195 2664 2281 2716 17.
2329 2664 2650 2733 Ἡγάπησας
2670 2664 2795 2727 τοὺς
2819 2663 3005 2730 ἁγίους
3035 2679 3147 2726 σου,
3167 2663 3260 2715 καὶ
3290 2661 3562 2734 ἐμίσησας
3576 2675 3696 2729 τους

464 2755 786 2826 ιιιίᾳιιίιειιί-ς,
822 2755 1100 2810 diabolum
1136 2769 1348 2827 nempe,
1371 2764 1425 2810 et
1447 2757 1668 2827 angelos
1697 2754 1832 2824 ejus.

2133 2756 2358 2829 εὑρετὰς
2385 2757 2482 2828 τῆς
2507 2755 2754 2826 ἀνομίας,
2787 2755 2928 2824 φημὶ
2963 2753 3026 2824 δὴ
3057 2753 3145 2806 τὸν
3179 2753 3424 2806 διάϐολον
3458 2755 3698 2820 καὶτοὺς

2134 2847 2398 2911 ἀγγέλους
2425 2847 2611 2904 αὐτοῦ.

461 2988 472 3002 ,
531 2927 622 2995 18,
655 2928 742 2984 l9.
777 2927 1070 2999 Propterea
1095 2930 1430 2985 renuntiavit
1457 2939 1508 2985 te
1537 2928 1696 2984 Pater
1729 2944 1822 2998 per
1853 2928 2026 3000 Spiri-

2134 2865 2398 2917 αγγελους
2425 2865 2611 2904 αυτου.

2203 2939 2402 3004 18,19.
2450 2939 2548 2992 Διὰ
2584 2935 2760 2993 ’τοῦτο
2801 2939 3036 3006 ἀνέδειξέ
3087 2955 3147 2992 σε
3191 2940 3220 2992 ὁ
3266 2938 3454 3009 Πατὴρ
3488 2937 3577 2990 διὰ
3607 2936 3695 2990 τοῦ

465 3029 574 3074 tum
598 3027 847 3076 sanctum
874 3037 1056 3093 regem
1080 3022 1193 3092 jam
1227 3024 1584 3079 exsistentem
1619 3039 1632 3076 :
1665 3022 2017 3092 quandoqui-

2129 3031 2446 3104 Πνεύματος
2485 3031 2640 3102 άγίου
2681 3032 2904 3102 βασιλέα
2931 3032 3061 3086 ὄντα
3083 3049 3096 3064 ο
3132 3031 3425 3102 ἐπειδήπερ
3462 3032 3697 3101 ὑπῆρχες

466 3117 582 3169 dem
612 3129 824 3184 semper
845 3114 1101 3170 exstitisti
1131 3130 1228 3169 rex
1259 3130 1423 3185 supra
1453 3131 1570 3180 eos,
1603 3114 1696 3184 qui
1732 3116 2026 3186 participes

2129 3123 2215 3176 ἀεὶ
2238 3121 2488 3191 βασιλεὺς
2518 3122 2658 3192 ὑπὲρ
2687 3123 2814 3185 τοὺς
2844 3123 3168 3192 γενομένους
3188 3122 3446 3192 μετόχους
3475 3122 3575 3191 τῆς
3604 3120 3697 3189 χά-

466 3204 684 3260 fuerunt
737 3207 925 3277 gratia:
979 3215 1128 3272 tuae;
1184 3205 1619 3274 Melchisedech,
1678 3207 1922 3277 inquam,
1975 3214 2030 3261 et

2134 3215 2277 3286 ριτός
2307 3233 2399 3268 σου
2421 3233 2434 3245 ·
2472 3215 2615 3283 λέγω
2645 3214 2708 3284 δὴ
2736 3213 3089 3284 Μελχισεδέχ,
3108 3214 3202 3266 καὶ
3223 3212 3406 3276 Δαδὶδ,
3436 3213 3529 3265 καὶ
3559 3209 3701 3277 Ἐζε-

465 3294 655 3356 David.
687 3306 740 3350 et
763 3294 1014 3361 Ezechia,
1039 3305 1092 3350 et
1115 3295 1284 3362 Josia,
1314 3305 1370 3351 et
1399 3305 1668 3367 quotquot
1695 3297 1779 3352 his
1821 3297 2030 3354 similes

1695 3297 1779 3352 his
1821 3297 2030 3354 similes
2131 3307 2242 3376 χία,
2269 3307 2363 3360 καὶ
2403 3306 2605 3369 Ἰωσία,
2636 3305 2730 3358 καὶ
2751 3305 2864 3358 ὅσοι
2891 3305 3012 3357 κατ’
3035 3303 3246 3368 αύτούς.

465 3385 708 3441 fuerunt.
749 3396 753 3399 '

535 3476 623 3532 20.
655 3476 877 3547 Myrrha
902 3477 1286 3547 interpretatur
1313 3477 1540 3532 melodia
1573 3479 1826 3548 ipsorum.
1865 3479 2032 3535 Melo-

2201 3479 2289 3535 20.
2327 3482 2568 3550 Σμύρνα
2622 3478 2980 3551 ἑρμηνεύεται
3026 3479 3288 3549 μελῳδιά
3327 3477 3545 3533 αὐτῶν.
3582 3478 3688 3550 Τὴν

466 3569 610 3622 diam
633 3569 796 3638 igitur
819 3583 1031 3635 eorum,
1066 3579 1119 3624 et
1149 3570 1392 3639 gentium
1435 3569 1788 3642 fragrantiam
1833 3573 2035 3644 signiti-

2133 3567 2225 3626 οὖν
2258 3571 2523 3643 μελῳδίαν
2551 3571 2729 3624 αὐτῶν
2765 3571 2861 3641 (l),
2891 3572 2984 3624 καὶ
3023 3570 3118 3642 τὴν
3141 3571 3364 3624 εὐωδίαν
3396 3571 3506 3623 τῶν
3539 3571 3698 3624 ἐθνῶν

465 3671 570 3722 cat,
595 3676 757 3730 quam
785 3676 814 3714 a
845 3660 1096 3714 doctrina
1131 3660 1364 3730 collegit.

2133 3663 2302 3731 λέγει,
2335 3663 2400 3733 ἢν
2431 3663 2828 3733 ἐπισυνήγαγεν
2860 3662 2967 3715 ἀπὸ
2992 3663 3092 3733 τῆς
3118 3662 3469 3727 διδασκαλίας
3501 3663 3600 3733 (2).

535 3751 623 3804 2l.
655 3751 736 3804 Ab
773 3750 1003 3804 urbibus
1029 3750 1202 3805 ﬁrmis
1229 3760 1292 3822 _et
1316 3751 1551 3818 decoris,
1595 3749 1700 3806 hoc
1728 3760 1810 3807 est
1843 3766 1874 3806 a
1903 3767 2032 3807 san-

2205 3755 2294 3809 2l.
2340 3756 2471 3808 Ἀπὸ
2511 3754 2619 3809 τῶν
2659 3753 2867 3807 πόλεων
2910 3753 3018 3806 τῶν
3055 3755 3308 3825 ἰσχυρῶν,
3359 3755 3469 3809 τῶν
3512 3755 3701 3828 εὐπρε-

473 3842 598 3904 ctis,
623 3841 768 3896 unde
791 3840 1096 3896 lmtiticatus
1120 3857 1197 3896 es.

2138 3848 2276 3910 πῶν,
2305 3847 2553 3899 τουτέστι
2584 3847 2692 3898 τῶν
2722 3846 2912 3915 ἁγίων,
2940 3844 2998 3909 ἐξ
3016 3839 3092 3898 ὧν
3120 3845 3451 3917 εύφράνθης.

537 3933 629 4015 22.
661 3933 870 3986 Animae
903 3941 1217 3988 sanctorum
1241 3932 1620 4003 gloriﬁcabunt
1647 3941 1718 3988 te.

2205 3940 2297 3996 22.
2331 3940 2397 3992 Ai
2423 3939 2593 4008 ψυχαὶ
2621 3938 2730 3992 τῶν
2767 3937 2938 4004 ἁγίων
2968 3935 3248 4002 δοξάσουσί
3275 3954 3355 3993 σε.

535 4028 627 4081 25.
659 4025 926 4081 Ecclesia.

2208 4032 2298 4086 23.
2341 4033 2405 4084 Ἦ
2443 4031 2755 4102 Ἐκκλησία.

539 4117 630 4170 2l.
663 4115 723 4170 In
756 4115 1055 4171 multifaria
1085 4116 1353 4186 sapientia
1385 4127 1602 4172 ornata.
1643 4171 1658 4188 ,

2210 4124 2299 4178 (24.
2342 4124 2430 4176 Ἐν
2461 4126 2526 4194 τῇ
2563 4124 2722 4193 σοφίᾳ
2744 4126 2810 4194 τῇ
2846 4122 3216 4193 πολυποικίλῳ
3245 4123 3652 4198 κεκοσμημένη.

535 4207 626 4260 25.
653 4205 817 4273 Audi,
862 4206 994 4261 dicit
1029 4206 1280 4262 Ecclesiae
1315 4222 1380 4261 ex
1415 4209 1666 4278 gentibus
1698 4207 2040 4277 prmdicatio-
2071 4235 2106 4290 ι]

2215 4216 2305 4270 25.
2341 4216 2605 4267 Ἀκουσον
2630 4254 2644 4279 ,
2680 4214 2827 4282 λέγει
2861 4217 2927 4285 τῇ
2975 4213 3267 4285 Ἐκκλησία
3306 4217 3373 4285 τῇ
3418 4214 3475 4278 ἐξ
3507 4215 3701 4277 ἐθνῶν,

467 4315 592 4352 nem
640 4298 882 4366 Domini,
935 4310 989 4355 et
1043 4302 1262 4357 attende
1305 4302 1478 4358 oculis
1520 4301 1705 4357 cordis
1756 4302 2038 4372 praceptis

2150 4305 2244 4360 τοῦ
2271 4305 2624 4376 κηρύγματος
2645 4304 2738 4357 τοῦ
2760 4305 2987 4376 Κυρίου,
3016 4306 3111 4358 καὶ
3128 4305 3362 4375 πρόσχες
3375 4306 3489 4367 τοῖς
3513 4304 3704 4373 ὀφθαλ-

469 4389 708 4455 Domini,
732 4399 786 4446 et
817 4392 1063 4447 ausculta
1089 4409 1234 4448 eum.

2155 4397 2274 4466 μοῖς
2298 4395 2397 4464 τῆς
2418 4393 2645 4466 καρδίας
2668 4397 2789 4457 ταῖς
2811 4393 3054 4458 ἐντολαῖς
3103 4393 3197 4447 τοῦ
3233 4393 3459 4464 Κυρίου,
3500 4395 3594 4447 καὶ
3623 4394 3702 4446 ὑπ-

2151 4489 2377 4542 άκουσον
2408 4487 2595 4541 αὑτοῦ.

536 4569 628 4624 26.
659 4567 725 4625 Et
751 4569 1071 4627 obliviscere
1091 4573 1432 4644 gentilitatis,
1457 4581 1510 4626 et
1527 4572 1863 4631 idololatria.

2218 4579 2308 4636 26.
2346 4581 2456 4634 Kal
2477 4579 2734 4634 ἐπιλάθου
2767 4579 2860 4633 τοῦ
2909 4578 3262 4650 Ἑλληνισμοῦ
3299 4579 3391 4631 καὶ
3431 4579 3533 4650 τῆς
3563 4581 3705 4634 εἰδω-

2145 4670 2478 4740 λολατρείας.

539 4745 630 4801 27.
660 4747 924 4803 Dominus
950 4749 1106 4804 [idem
1133 4760 1304 4805 tuam.

2223 4762 2314 4817 27.
2361 4765 2419 4816 Ὁ
2445 4764 2651 4837 Κύριος
2683 4766 2780 4837 τῆς
2815 4765 3049 4829 πίστεώς
3083 4781 3196 4818 σου.

539 4838 629 4892 28.
656 4838 927 4904 Quoniam
955 4840 1071 4911 ipse
1108 4850 1192 4898 est
1215 4842 1480 4898 Dominus
1515 4852 1664 4910 tuus,
1711 4849 1759 4897 et
1805 4842 1904 4913 ipsi
1949 4842 2045 4896 ﬂe-

2222 4855 2312 4908 28.
2349 4856 2472 4908 Ὀτι
2501 4857 2664 4920 αὑτός
2703 4859 2817 4908 ἐστι
2843 4856 3117 4926 Δεσπότης
3149 4871 3263 4917 σου,
3299 4857 3393 4907 καὶ
3415 4851 3567 4922 αὐτῷ
3609 4851 3706 4904 κλί-

471 4931 636 4986 ctitur
663 4946 825 4988 omne
847 4948 986 5002 genu
1015 4933 1069 4988 in
1097 4935 1236 4990 ccelo
1258 4944 1312 4990 et
1337 4935 1390 4990 iu
1419 4944 1562 4990 terra
1593 4935 1659 4991 “.

2153 4963 2232 4998 νει
2260 4946 2335 5017 (5)
2372 4945 2557 5020 [πᾶν]
2589 4948 2718 5017 γόνυ
2748 4949 2806 5001 ἐν
2833 4947 3046 5020 ούρανῷ
3075 4948 3168 5000 καὶ
3193 4946 3285 4999 ἐπὶ
3311 4946 3436 5016 γῆς.

542 5022 631 5078 29.
666 5021 728 5076 Et
783 5023 892 5077 lilia
943 5024 1306 5091 confusionis,
1359 5040 1553 5095 nempe
1584 5024 1923 5091 idololatriae,
1958 5024 2050 5078 ad-

2227 5037 2318 5092 29.
2349 5040 2461 5092 Kal
2487 5040 2584 5111 τῆς
2615 5039 2928 5110 συγχύσεως
2955 5038 3217 5110 θυγάτηρ,
3253 5037 3396 5107 λέγω
3428 5037 3492 5106 δὴ
3515 5036 3614 5105 τῆς
3642 5036 3707 5086 εί-

473 5114 635 5169 ducta
708 5122 792 5168 est
855 5114 923 5169 ad
988 5115 1169 5172 ﬁdem.
1232 5116 1404 5187 Tyrus
1453 5117 1597 5173 enim
1663 5117 2044 5187 interpretatur

2154 5129 2571 5202 δωλολατρείας,
2625 5133 2966 5205 προσηνέχθη
3022 5135 3080 5187 ἐν
3134 5131 3336 5184 πίστει.
3398 5130 3578 5198 Τύρος
3612 5125 3709 5199 γὰρ

475 5208 738 5276 confusio.

2155 5223 2459 5292 σύγχυσις
2494 5224 2868 5296 ἑρμηνεύεται.

546 5320 591 5351 ⁸⁵
624 5319 730 5377 Isa.
763 5341 884 5390 ην,
914 5325 1021 5392 εις
1056 5324 1218 5382 Rom.
1247 5327 1483 5395 x1v,ll;
1516 5326 1714 5398 Philip.
1748 5344 1809 5396 ιι,
1844 5327 1928 5381 10.

1455 5441 1766 5504 Addenda
1797 5447 1858 5505 et
1889 5440 2266 5522 corrigenda
2299 5459 2377 5502 ex
2411 5441 2551 5505 cod.
2579 5444 2753 5506 Vatié

559 5553 633 5636 ἐξ)
660 5557 867 5636 ᾼτῖτῶν
893 5560 1063 5636 deest

1005 5569 1063 5616 ει.
2242 5565 2318 5636 (δ)
2345 5565 2576 5630 Κλινεῖς.

554 5622 630 5692 (2)
667 5627 1023 5696 Διδασκαλίας
1057 5649 1169 5686 σου.
