3978 6204
399 287 506 343 851
1249 282 1307 336 S.
1369 275 1740 331 ATHANASII
1781 271 1930 327 OPP.
1975 267 2150 324 PARS
2187 265 2270 323 lll.
2311 298 2379 308 —
2415 263 2823 320 EXEGETICA.
3522 259 3620 314 83':

468 407 523 463 5.
556 404 847 475 Propterea
893 415 1002 456 non
1057 397 1407 464 timebimus,
1469 395 1599 449 dum
1659 391 1963 446 turbabitur
1992 396 2038 448 Α

2134 386 2185 440 ’5.
2217 385 2315 438 Διὰ
2343 383 2500 437 τοῦτο
2527 384 2588 436 οὐ
2617 379 3034 452 φοϐηθησόμεθα
3064 380 3120 432 ἐν
3154 378 3228 450 τῷ
3259 377 3618 450 ταράσσεσθαι

400 510 566 554 terra.

2063 476 2331 548 τὴνγῆν,

2534 562 2790 578 η...
2895 563 2907 578 .
3098 561 3142 578 ο.
3261 559 3499 578 ...η-

470 591 523 645 4.
555 589 619 644 Et
651 585 1045 643 transferentur
1073 591 1285 639 montes
1311 583 1364 637 in
1397 597 1491 636 eor
1521 580 1708 635 maris.

2135 567 2186 621 4.
2218 567 2328 620 Καὶ
2361 563 2737 636 μετατίθεσθαι
2764 562 2862 634 ὅρη
2891 563 2948 614 ἐν
2987 561 3232 632 καρδίαις
3260 559 3557 614 θαλασσῶν.

470 681 523 734 5.
559 680 871 734 Souuerunt
896 684 950 730 et
982 673 1206 728 turbata:
1229 682 1355 727 sunt
1378 685 1532 740 aquae
1562 680 1786 724 eorum:

2134 661 2190 716 5.
2223 661 2473 730 Ἥχησαν
2513 658 2604 710 καὶ
2627 656 2998 728 ἐταράχθησαν
3019 655 3086 707 τὰ
3121 653 3287 726 ῦδεξτα
3317 653 3494 706 αὐτῶν
3516 668 3530 682 ·

470 773 522 823 (ἱ.
555 767 876 824 Couturbati
902 774 1028 820 sunt
1051 770 1262 817 montes
1295 761 1348 815 iu
1376 758 1691 814 fortitudine
1715 756 1854 824 ejus.

2131 752 2184 806 6.
2234 749 2643 822 Ἐταράχθησαν
2671 749 2740 802 τὰ
2757 749 2855 819 ὅρη
2892 749 2950 800 ὲν
2973 749 3036 817 τῇ
3068 745 3414 817 κραταιὸτητι
3438 745 3616 803 αὐτοῦ.

475 862 527 920 7.
557 859 822 916 Fluminis
856 858 1089 928 impetus
1119 854 1357 911 laetiﬁcat
1385 853 1656 908 civitatem
1688 848 1805 904 Dei.

2138 842 2188 895 7.
2224 840 2330 894 Τοῦ
2363 839 2606 911 ποταμοῦ
2636 838 2703 892 τὰ
2726 839 3018 910 ὁρμήματα
3040 836 3381 908 εὐφραίνουσι
3404 837 3503 907 τὴν

2061 933 2142 988 λιν
2170 932 2261 986 τοῦ
2293 932 2449 986 Θεοῦ.

1015 1029 1348 1096 Diapsalma.

2617 1023 2928 1094 Διὰψαλμα
2961 1023 3056 1094 (α).

471 1117 521 1174 8.
558 1115 922 1172 Sanctificavit
943 1115 1348 1170 tiberuaeulum
1381 1127 1538 1168 suum
1570 1108 1904 1163 Altissimus.

1810 1122 1904 1161 ιυεο
2131 1118 2185 1172 8.
2231 1117 2456 1184 Ἠγίασε
2481 1117 2542 1168 τὸ
2573 1119 2834 1188 σκήνωμα
2860 1115 3020 1169 αὐτοῦ
3049 1116 3077 1167 ὁ
3103 1114 3381 1185 ’Υψιστοςκ

472 1213 526 1267 9.
560 1209 702 1266 Deus
727 1209 783 1263 in
808 1201 984 1263 niedio
1009 1209 1150 1278 ejus,
1183 1216 1237 1261 et
1264 1221 1372 1260 non
1407 1202 1870 1259 commovebitur:

2127 1209 2180 1264 9.
2214 1210 2288 1276 (ὁ)
2316 1210 2372 1262 Ὀ
2389 1208 2519 1272 Θεὸς
2533 1210 2590 1260 ἐν
2616 1208 2764 1279 μέσῳ
2786 1208 2972 1278 αὐτῆς,
3002 1209 3094 1262 καὶ
3123 1209 3181 1262 οὐ
3211 1207 3609 1279 σαλευθήσεται·

472 1303 562 1359 10.
592 1302 881 1372 Adjuvabit
909 1315 1028 1355 eam
1062 1299 1202 1354 Deus
1235 1313 1393 1353 mane
1423 1297 1682 1351 diluculo.

2133 1301 2220 1355 10.
2256 1300 2519 1372 Βοηθὴσει
2553 1301 2691 1371 αὐτῇ
2725 1301 2753 1352 6
2780 1301 2910 1363 Θεὸς
2935 1301 2996 1354 τὸ
3019 1301 3152 1372 πρὸς
3180 1300 3324 1372 πρωὶ
3352 1300 3515 1372 πρωί.

475 1395 562 1449 11.
593 1393 941 1449 (Σοηιυώαιω
990 1401 1119 1448 sunt
1166 1400 1375 1462 gentes,
1428 1401 1483 1444 ct
1528 1389 1786 1444 inclinata
1839 1393 1962 1441 sunt

1839 1393 1962 1441 sunt
2131 1391 2220 1444 11.
2264 1388 2672 1461 Ἐταράχθησαν
2703 1389 2850 1462 ἔθνη,
2873 1391 3085 1445 ἔκλιναν
3111 1391 3407 1462 βασιλεῖαι·

399 1503 605 1543 regna:

463 1529 559 1632 :2.
587 1576 740 1632 Dedit
764 1590 949 1631 vocem
975 1589 1129 1631 suam
1156 1573 1492 1637 Altissimus,
1519 1580 1668 1626 mota
1687 1579 1770 1627 est
1797 1578 1956 1625 terra.

2127 1577 2217 1632 12.
2239 1577 2445 1630 Ἔδωκε
2465 1575 2645 1646 φωνὴν
2673 1573 2835 1628 αὑτοῦ
2851 1573 3171 1644 ὸὝψιστος,
3193 1572 3501 1646 ἐσαλεύθηή
3525 1572 3611 1644 τῆ.

470 1671 556 1724 15.
587 1668 850 1723 Dominus
869 1669 1126 1722 virtutum
1155 1666 1468 1722 nobiseum:
1986 1741 2030 1756 ﬁ

1986 1741 2030 1756 ﬁ
2131 1685 2217 1739 15.
2246 1685 2451 1756 Κύριος
2474 1684 2582 1739 τῶν
2612 1683 2895 1755 δυνάμεων
2928 1684 3046 1755 μεθ’
3075 1684 3261 1756 ήμῶν·

470 1763 556 1814 11.
592 1759 886 1831 Susceptor
911 1767 1095 1814 uoster
1124 1757 1266 1812 Deus
1290 1756 1474 1811 Jacob.
1983 1741 2032 1802 Β

1983 1741 2032 1802 Β
2130 1775 2216 1829 14.
2261 1741 2634 1846 Ἀντιλήπτωρ
2673 1741 2828 1846 ἡμων
2854 1741 3035 1837 ὁΘεὸς
3075 1741 3289 1829 ’ίακώᾶ

470 1852 557 1907 15.
595 1851 782 1907 Venite
807 1861 859 1906 et
883 1851 1058 1905 videte
1087 1865 1248 1919 opera
1283 1848 1395 1913 Dei,

2129 1867 2220 1922 15.
2249 1866 2436 1931 Δεῦτε,
2461 1867 2554 1920 καὶ
2576 1866 2713 1920 ἴδετε
2744 1866 2812 1919 τὰ
2846 1866 2979 1938 ἔργα
2998 1867 3091 1920 τοῦ
3120 1867 3275 1934 Θεοῦ,

471 1945 556 1998 16.
585 1945 718 2010 Quae
740 1945 921 2014 posuit
947 1941 1190 2013 prodigia
1217 1957 1380 2010 super
1415 1949 1634 1993 terram.

1562 1953 1634 1990 πη·
2129 1955 2215 2010 16.
2251 1958 2319 2009 Ἀ
2347 1956 2499 2010 ἔθετο
2526 1957 2727 2028 τέρατα
2756 1958 2848 2010 ἐπὶ⁷
2877 1959 2976 2028 τῆς
3001 1961 3124 2029 γῆς.

469 2035 557 2088 17.
589 2034 856 2090 Auferens
878 2033 1016 2089 bella
1040 2047 1213 2104 usque
1237 2032 1303 2087 ad
1336 2030 1471 2086 lines
1504 2039 1689 2084 terrae:

2129 2046 2217 2100 17.
2267 2046 2625 2119 Ἀνταναιρῶν
2656 2048 2922 2120 πολέμους
2953 2047 3112 2122 μέχρι
3135 2050 3243 2104 τῶν
3265 2049 3510 2122 περάτων
3524 2051 3615 2121 τῆς

2134 2153 2180 2201 ς.

472 2220 553 2272 18.
589 2215 786 2271 Arcum
817 2222 1057 2271 conteret
1085 2222 1138 2268 et
1167 2212 1473 2285 confringet
1505 2229 1678 2282 arma,

2059 2155 2214 2282 γηῗὸ.
2246 2228 2408 2293 Τόξον
2441 2230 2741 2303 συντρίψει,
2782 2231 2876 2285 καὶ
2899 2233 3182 2288 συνθλάσει
3211 2234 3404 2306 ὃπλονξ,

466 2311 552 2363 19.
586 2307 653 2364 Et
677 2316 826 2364 scuta
851 2307 1133 2363 comburet
1167 2306 1222 2360 in
1255 2306 1396 2370 igne.

2134 2317 2223 2374 i9.
2257 2320 2366 2374 Kal
2399 2320 2624 2394 θυρεοὺς
2643 2323 2976 2381 κατακαύσει
3004 2327 3061 2381 ἐν
3081 2328 3233 2400 πυρί.

462 2423 537 2567 ξῖζ
754 2423 914 2550 Βέἓὲι
943 2493 996 2549 in
1029 2493 1174 2562 cod.,
1216 2492 1309 2548 sed
1335 2499 1513 2546 exstat
1563 2491 1619 2546 in
1657 2507 1830 2563 marg.
1858 2501 2060 2554 recent.
2101 2499 2434 2558 charactere.

1502 2655 1872 2712 ATHANASII
1921 2656 2506 2723 INTERPRETATIO.

459 2784 513 2838 5.
539 2779 830 2850 Propterea
855 2791 962 2831 non
989 2774 1220 2845 amplius
1250 2773 1526 2840 timemus,
1549 2773 1953 2847 insurgentibus

2125 2779 2177 2834 5.
2207 2780 2307 2834 Διὰ
2335 2780 2490 2835 τοῦτο
2523 2783 2623 2836 οὐκ
2670 2782 2750 2838 ἐτι
2795 2783 3129 2856 φοϐούμεθα,
3186 2783 3617 2858 ἐπεγειρομένων

391 2875 446 2929 in
476 2889 577 2928 nos
608 2871 838 2928 terrenis
869 2869 1168 2938 spiritibus.

2055 2874 2188 2944 ἡμῖν
2215 2874 2415 2945 γηίνων
2450 2874 2797 2946 πνευμάτων.

458 2964 512 3017 4.
547 2961 1046 3032 Etjustilicationes
1089 2958 1185 3014 Dei
1223 2966 1385 3014 erunt
1429 2956 1486 3012 in
1529 2956 1787 3014 cordibus
1819 2972 1951 3029 gen-

2128 2965 2180 3018 4.
2218 2967 2324 3019 Καὶ
2355 2965 2420 3018 τὰ
2443 2965 2784 3038 δικαιώματα
2810 2968 2904 3021 τοῦ
2935 2967 3070 3022 Θεοῦ
3101 2963 3238 3024 εἶναι
3267 2971 3324 3023 ἐν
3350 2973 3472 3034 ταίς
3489 2989 3619 3042 acap-

390 3057 548 3111 tium.
1074 3141 1081 3142 7
1136 3141 1143 3142 7
1330 3140 1342 3142 7
1541 3138 1552 3142 7
1979 3086 2024 3142 ο
2057 3055 2195 3120 δίαις
2220 3055 2324 3110 τῶν
2353 3057 2539 3112 ἐθνῶν.

462 3145 514 3200 5.
545 3144 770 3200 Territa:
801 3151 930 3199 sunt
953 3150 1008 3197 et
1035 3141 1248 3196 ululant
1281 3138 1606 3197 adversariae
1637 3147 1948 3211 potestates.
1990 3138 2020 3142 ⁷

2123 3149 2175 3206 5.
2222 3149 2593 3222 Ἐφοδήθησαν
2619 3152 2712 3204 καὶ
2742 3151 3098 3216 ἀλαλάζουσιν
3121 3153 3178 3207 αἱ
3200 3153 3438 3206 ἐναντίαι
3461 3153 3616 3206 δυνάι

2058 3257 2197 3311 μεις.

461 3323 516 3380 6.
546 3322 762 3376 Domini
792 3321 989 3376 virtute
1018 3321 1295 3376 dissolutae
1324 3329 1454 3376 sunt
1485 3321 1682 3377 easdem
1727 3329 1951 3378 eontra-

2121 3332 2172 3387 6.
2201 3332 2528 3404 Διελύθησαν
2561 3333 2638 3407 (1)
2664 3337 2720 3389 αἱ
2741 3334 2902 3389 αὺταὶ
2923 3334 3160 3390 ἐναντίαι
3187 3333 3446 3406 δυνάμεις
3468 3335 3528 3388 ἐν
3551 3337 3615 3406 τῇ

391 3415 486 3469 τίω
513 3423 822 3484 potestates.

2057 3426 2201 3496 ἰσχύϊ
2231 3426 2324 3479 τοῦ
2347 3427 2575 3499 Κυρίου.

462 3505 514 3561 7.
547 3504 695 3559 Dona
717 3504 862 3560 enim
889 3505 1062 3560 sancti
1105 3504 1339 3576 Spiritus
1380 3505 1821 3562 illuminaverunt
1846 3504 1950 3563 Ee-

2121 3518 2175 3572 7.
2208 3519 2286 3573 Τὰ
2315 3519 2420 3590 γὰρ
2447 3521 2758 3593 χαρίσματα
2783 3520 2878 3574 τοῦ
2911 3521 3064 3590 ἁγίου
3110 3520 3425 3592 Πνεύματος
3477 3520 3616 3592 ἐφώ-

389 3597 608 3653 clesiam
641 3596 758 3652 Dei.

2051 3625 2208 3664 τισαν
2235 3611 2332 3684 τὴν
2377 3612 2700 3684 Ἐκκλησίαν
2718 3612 2812 3666 τοῦ
2844 3612 3001 3668 Θεοῦ.

459 3690 512 3744 8.
546 3688 913 3744 Sanctiﬁeavit
942 3687 1167 3744 chorum
1199 3697 1513 3746 sanctorum
1539 3689 1824 3747 Dominus.

2121 3702 2172 3756 8.
2219 3703 2443 3773 Ἠγίασε
2471 3705 2562 3760 τὸν
2605 3705 2765 3776 χορὸν
2783 3704 2892 3760 τῶν
2933 3705 3137 3776 κυρίων
3165 3704 3408 3778 [ἁγίων]
3438 3708 3466 3760 6
3494 3707 3613 3760 Κυ-

2092 3809 2168 3856 ιος
2185 3791 2286 3863 (ε).

458 3862 513 3918 9.
539 3861 682 3917 Deus
715 3861 768 3916 iu
797 3861 1054 3919 cordibus
1085 3863 1288 3935 populi,
1318 3873 1372 3920 et
1403 3863 1708 3923 immobiles
1737 3881 1952 3938 perma-

2092 3809 2138 3845 ιο
2207 3809 2242 3846 z
2270 3833 2286 3847 .

2055 3809 2087 3864 ρ
2122 3809 2271 3939 94.2))
2299 3885 2432 3949 Θεὸς
2453 3887 2510 3940 ἐν
2538 3889 2658 3950 ταῖς
2687 3887 2932 3959 καρδίαις
2957 3885 3050 3939 τοῦ
3072 3884 3223 3950 λαοῦ,
3251 3886 3345 3939 καὶ
3373 3885 3619 3958 ἀκίνητοι

390 3963 519 4010 neut
548 3955 602 4009 in
633 3954 756 4010 ﬁde.

1410 4047 1414 4048 7
2051 3973 2392 4044 διαμένουσιν
2418 3977 2526 4030 ἀπὸ
2546 3978 2643 4048 τῆς
2675 3954 2927 4040 πίστεως.

459 4045 550 4101 10.
579 4043 873 4116 Adjuvabit
899 4043 1044 4102 Deus
1073 4044 1374 4102 Ecelesiam
1404 4047 1460 4104 in
1497 4049 1784 4139 splendore
1813 4049 1954 4105 lucis

2123 4043 2208 4121 10.
2233 4067 2498 4139 Βοηθήσει
2529 4069 2556 4121 ὁ
2582 4043 2714 4132 Θεὸς
2741 4071 2808 4140 τῇ
2852 4068 3150 4140 Ἐκκλησία
3170 4070 3228 4122 ἐν
3259 4067 3336 4140 τῷ
3367 4070 3508 4140 φωτὶ
3527 4067 3617 4121 τοῦ

389 4154 521 4192 sua;

1010 4225 1021 4227 7
2053 4156 2232 4227 φωτὸς
2262 4158 2447 4214 αὐτοῦ.

458 4227 543 4280 11.
575 4224 824 4296 Dissipati
848 4235 974 4282 sunt
993 4225 1288 4295 daemones,
1309 4236 1364 4284 et
1384 4238 1646 4299 superatae
1666 4236 1793 4284 sunt
1815 4227 1957 4284 vires

2065 4224 2076 4227 —
2121 4248 2208 4302 11.
2245 4247 2577 4320 Διελύθησαν
2602 4250 2651 4302 οἱ
2681 4247 2953 4320 δαίμονες,
2986 4249 3078 4302 καὶ
3111 4248 3184 4319 (5)
3220 4249 3533 4321 ἡττήθησαν
3563 4250 3615 4301 αἱ

387 4318 616 4411 inimici.
2051 4339 2142 4393 τοῦ
2175 4340 2366 4411 ἐχθροῦ
2388 4318 2660 4411 δυνάμεις.

457 4412 542 4464 12.
571 4410 887 4467 Ρτωιιίοανίι
913 4411 1056 4468 Deus
1074 4413 1296 4468 verbum
1325 4428 1507 4479 suum,
1532 4422 1585 4468 et
1605 4412 1947 4468 auscultave-
1977 4443 2024 4498 Ι)

2122 4410 2547 4502 12.Ἐκήρυξεν
2592 4434 2621 4484 6
2668 4429 2799 4493 Θεὸς
2836 4431 2913 4502 (ί)
2965 4432 3057 4486 τὸν
3099 4434 3254 4504 λόγον
3293 4431 3494 4498 αὑτοῦ,
3527 4434 3615 4486 καὶ

385 4511 514 4557 runt
538 4512 745 4573 gentes.

1840 4593 1843 4594 7
1878 4593 1883 4594 7
2055 4523 2367 4593 ὑπήκουσαν
2399 4520 2566 4575 αὐτοῦ
2604 4521 2673 4575 τὰ
2697 4521 2847 4594 ἔθνη.
3309 4532 3317 4540 ”

459 4596 541 4650 15.
581 4595 843 4653 Dominus
866 4597 1046 4654 omnis
1075 4596 1479 4668 supercoelestis
1507 4595 1714 4652 militiae
1762 4593 1949 4650 nobis-

2127 4616 2212 4670 15.
2255 4616 2314 4668 '0
2346 4615 2621 4686 Δεσπότης
2651 4593 2830 4687 πάσης
2863 4615 3186 4687 ἐπουρανίου
3212 4621 3471 4690 στρατιᾶς
3500 4617 3613 4690 μεθ’

386 4701 507 4739 cum
539 4693 645 4740 est.

1350 4777 1361 4778 7
1573 4777 1583 4778 7
1673 4777 1678 4778 7
1874 4776 1883 4778 _
2055 4705 2210 4778 ἡμῶν
2241 4706 2375 4759 ἐστι.

459 4776 543 4830 14.
583 4776 877 4848 Susceptor
919 4788 1106 4835 noster
1157 4778 1300 4836 Deus
1340 4777 1530 4844 Jacob,
1558 4777 1837 4844 Christus,
1871 4776 1953 4831 in-

2079 4776 2084 4778 V
2132 4796 2218 4850 14.
2261 4797 2632 4869 Ἀντιλήπτωρ
2657 4797 2814 4868 ἡμῶν
2834 4799 2862 4851 6
2884 4797 3015 4863 Θεὸς
3037 4797 3128 4852 τοῦ
3162 4798 3376 4864 Ἰακὼϐ,
3397 4799 3539 4869 λέγω
3563 4800 3613 4852 δὲ

384 4886 570 4940 quam,
602 4871 697 4940 qui
723 4872 972 4940 providet
1004 4872 1180 4928 nobis.

2056 4886 2311 4958 Χριστὸς,
2343 4888 2371 4939 6
2396 4887 2633 4958 προνοῶν
2664 4886 2839 4956 ἡμῶν.

463 4960 547 5016 15.
578 4960 861 5017 Advocaut
887 4973 1074 5033 gentes
1101 4964 1351 5033 apostoli.

2133 4978 2219 5032 15.
2251 4978 2689 5049 Προσκαλοῦνται
2713 4979 2782 5033 τὰ
2813 4977 2938 5050 ἐθνη
2965 4981 3015 5033 oi
3049 4979 3353 5033 ἀπόστολοι.

455 5055 540 5108 115.
573 5053 706 5121 Quae
733 5055 861 5111 fecit
883 5059 1140 5128 mysteria
1165 5059 1218 5112 in
1250 5068 1414 5113 terra.
1565 5047 1577 5052 ’⁷

2127 5071 2212 5124 16.
2248 5047 2318 5123 Ἃ
2343 5072 2563 5142 ἐποίησε
2609 5073 2882 5143 μυστήρια
2916 5047 3010 5124 ἐπὶ
3047 5073 3147 5143 τῆς
3180 5073 3297 5142 γῆς.

455 5146 541 5201 17.
574 5145 832 5203 Dissolvit
860 5148 1000 5204 bella
1027 5150 1194 5205 totius
1223 5149 1434 5205 mundi.

2123 5163 2208 5216 17.
2250 5164 2390 5226 Τοὺς
2427 5163 2693 5234 πολέμους
2717 5163 2838 5217 ὅλου
2863 5165 2939 5234 (5)
2964 5163 3057 5217 τοῦ
3092 5165 3296 5235 κόσμου
3322 5165 3578 5220 διέλυσεν.

458 5238 542 5300 is,
587 5238 669 5293 t9.
706 5240 1009 5296 Potestates
1037 5241 1266 5298 inimici.

2131 5252 2217 5318 18,
2251 5252 2339 5306 19.
2379 5253 2490 5317 Τὰς
2521 5253 2614 5306 τοῦ
2636 5252 2828 5324 ἐχθροῦ
2863 5254 3118 5326 δυνάμεις
3150 5255 3243 5325 (6).

1334 5379 1634 5443 Addenda
1669 5385 1726 5442 et
1783 5382 2157 5450 corrigenda
2186 5408 2265 5451 ex
2300 5391 2440 5454 cod.
2475 5390 2672 5454 Vatic.

482 5489 528 5578 li
559 5491 1040 5578 ὕαιὲιεέύθηςοξν-
1145 5568 1154 5578 .
1310 5567 1326 5578 .
1837 5501 1842 5508 ’

881 5514 916 5578 η
918 5514 1040 5578 σαν.
1145 5568 1154 5578 _
1310 5567 1326 5578 _
1837 5501 1842 5508 ’
2130 5505 2206 5578 (5)
2239 5509 2451 5573 Ὅλους.

902 5557 937 5621 '8
961 5567 1113 5625 deest
1143 5568 1196 5624 in
1228 5567 1348 5624 cod.

2239 5557 2543 5660 Ῑὶοἶέξῗῂν
2572 5581 2860 5652 ἁμαρτίαν,
2893 5579 3094 5636 καὶτὸν
3141 5580 3387 5634 θάνατον.
3422 5575 3486 5634 Ν.
3522 5577 3596 5634 l9.

2060 5627 2180 5712 Τάξ
