3978 6204
350 314 454 369 855
1248 312 1334 367 DE
1362 311 1634 368 TITULIS
1669 308 2113 365 PSALMORUM.
2144 339 2212 349 —
2232 307 2433 361 i’SAL.
2471 306 2650 362 XLVI.
3482 313 3590 369 83$

416 430 505 484 20.
540 430 843 500 Σχολάσατε
873 432 966 485 καὶ
1004 430 1196 499 γνῶτε,
1230 429 1444 498 ὅτιέγώ
1472 432 1586 499 εἰμι
1624 429 1653 480 ὁ
1675 428 1825 491 Θεός.
1942 436 1983 490 Α

2083 427 2174 482 20.
2204 427 2400 482 Vacate
2422 435 2474 481 et
2504 426 2816 496 cognoscite
2836 428 3094 497 quoniam
3129 442 3229 499 ego
3264 442 3383 483 sum
3412 428 3577 486 Deus.

416 521 506 575 21.
549 522 930 595 Ὑψωοήσομαι
963 525 1021 577 ἐν
1046 526 1156 586 τοῖς
1189 522 1419 587 ἔονεσιν,
1460 520 1820 593 ύψωθήσομαι
1856 521 1913 572 ἐν

1868 522 1913 572 ἐν
2085 520 2174 573 21.
2200 519 2491 574 Exaltabor
2512 520 2565 573 in
2599 520 2870 590 gentibus,
2898 521 3176 575 exaltabor
3199 521 3251 575 in
3276 531 3439 576 terra.

349 631 415 684 τῃ
447 631 539 684 Tll-

384 616 745 773 ῃ’Ξξὶἰίύριος
776 699 882 754 τῶν
908 698 1189 770 δυνάμεων
1225 700 1341 771 μεθ’
1370 698 1525 772 ἡμῶν
1544 718 1557 732 ·

1516 718 1557 750 ρ·
2082 698 2167 752 22.
2204 698 2464 754 Dominus
2488 699 2741 753 virtutum
2764 699 3048 754 nobiscum
3075 718 3087 753 :

414 796 503 849 23.
545 794 914 866 ’Λντιλήπτωρ
945 791 1102 863 ἡμῶν
1133 794 1161 845 ὁ
1183 793 1313 856 Θεὸς
1363 792 1575 847 Ἰακώϐ.

1525 793 1575 846 6.
2081 787 2169 840 25.
2208 786 2500 857 Susceptor
2524 797 2707 844 noster
2737 787 2879 843 Deus
2905 788 3096 844 Jacob.

349 911 451 974 Είς
480 908 545 961 τὸ
581 908 775 973 τέλος,
816 904 967 975 ὑπὲρ
1008 903 1125 959 τῶν
1171 905 1317 959 υἱῶν
1356 906 1523 975 Κορέ.
1561 908 1731 961 ΨΑΛ.
1762 907 1909 974 MG'.

1833 907 1909 974 ς’,
2187 898 2254 953 1η
2278 901 2455 968 ﬁnem,
2514 917 2606 970 pro
2631 902 2758 970 ﬁliis
2782 899 2932 956 Core.
2954 900 3164 955 'PSAL.
3197 898 3293 954 XL
3311 899 3404 956 VI.

414 1021 465 1072 1.
497 1020 680 1073 Πάντα
703 1017 772 1071 τά
800 1016 949 1089 ἔθνη,
982 1018 1283 1088 κροτήσατε
1305 1020 1491 1089 χεῖρας
1514 1035 1527 1049 ο

2085 1005 2133 1059 1.
2167 1004 2365 1062 Omnes
2395 1016 2604 1078 gentes,
2638 1009 2879 1079 plaudite
2908 1012 3193 1079 manibus;

414 1113 468 1165 *2.
516 1111 839 1174 Ἀλαλάξατε
858 1110 937 1181 τῷ
966 1109 1085 1181 Θεῷ
1114 1112 1171 1163 ἐν
1194 1112 1342 1180 φωνῇ
1374 1110 1743 1180 ἀγαλλιάσεως
1754 1128 1767 1142 ’

1645 1128 1767 1175 ἓως.
2080 1098 2131 1150 2.
2172 1097 2404 1155 Jubilate
2440 1101 2547 1155 Deo
2572 1103 2622 1155 in
2657 1117 2788 1157 voce
2817 1105 3216 1171 exsultationis,

417 1205 470 1258 3.
502 1204 625 1256 Ὅτι
647 1203 853 1274 Κύριος
879 1202 1121 1273 ὕψιστος,
1150 1203 1398 1275 φοϐερὸς,

2082 1191 2130 1244 5.
2162 1190 2430 1257 Quoniam
2464 1193 2726 1249 Dominus
2756 1197 3023 1263 excelsus,
3057 1198 3334 1264 terribilis,

416 1295 469 1348 4.
495 1294 760 1358 Βασιλεὺς
789 1294 959 1365 μέγας
985 1295 1076 1345 ἐπὶ
1102 1295 1282 1348 πᾶσαν
1312 1295 1409 1365 τὴν
1431 1292 1556 1363 γῆν.

2081 1285 2130 1337 4.
2166 1283 2279 1338 Rex
2311 1301 2540 1356 magnus
2564 1302 2729 1357 super
2755 1303 2970 1342 onmem
3004 1298 3224 1344 terram.

417 1385 468 1438 5.
512 1384 775 1450 ’Υπέταξε
796 1383 957 1448 λαοὺς
990 1386 1147 1456 ἡμῖν,
1176 1385 1270 1438 καὶ
1303 1384 1427 1455 ἔθνη
1461 1384 1564 1437 ὑπὸ
1595 1385 1719 1448 τοὺς
1744 1384 1911 1449 πόδας

2081 1378 2129 1429 5.
2162 1376 2401 1447 Subjecit
2431 1379 2662 1449 populos
2706 1382 2887 1446 nobis,
2914 1390 2969 1435 et
2996 1392 3182 1452 gentes
3214 1381 3317 1437 sub
3347 1380 3578 1451 pedibus

347 1475 526 1546 ἡμῶν.

2012 1480 2126 1523 nos!
2138 1471 2229 1525 ris.

415 1567 467 1619 6.
518 1565 827 1631 Ἑξελέξατο
859 1567 989 1637 ἡμῖν
1016 1565 1115 1631 τὴν
1146 1564 1507 1637 κληρονομίαν
1537 1562 1735 1635 ἐαυτῷ,

1503 1583 1507 1606 ι
1537 1562 1735 1635 ἐαυτῷ,
2080 1560 2129 1614 6.
2160 1560 2331 1631 Elegit
2362 1562 2521 1619 nobis
2555 1564 2923 1621 hereditatem
2949 1566 3074 1632 sibi,

414 1658 466 1709 7.
496 1657 605 1729 Τὴν
636 1656 894 1729 καλλονὴν
931 1655 1145 1721 Ἰακὼϐ,
1180 1659 1247 1727 ἢν
1275 1658 1580 1728 ἠγάπησεν.

1489 1672 1580 1714 τεν.
2078 1652 2129 1707 7.
2160 1653 2407 1723 Speciem
2433 1654 2625 1723 Jacob,
2654 1673 2817 1727 quam
2850 1659 3060 1714 dilexit.

902 1767 1214 1837 Διάψαλμα
1239 1750 1339 1839 (α).
1937 1773 1983 1832 Β

1937 1773 1983 1832 Β
2624 1769 2959 1840 Diapsalma.

413 1858 465 1911 8.
514 1859 706 1929 Ἀνέϐη
740 1861 767 1913 ό
789 1858 919 1924 Θεὸς
948 1861 1003 1912 ἐν
1036 1858 1334 1930 ἀλαλαγμῷ
1361 1877 1374 1892 ·

1361 1877 1374 1892 ο
2080 1856 2132 1910 8.
2167 1857 2423 1914 Ascendit
2454 1858 2597 1915 Deus
2627 1862 2681 1915 in
2707 1862 2918 1931 jubilo:

413 1951 465 2003 9.
498 1951 700 2021 Κύριος
728 1951 785 2002 ἐν
826 1952 974 2021 φωνῇ
1006 1950 1326 2019 σάλπιγγος.

1291 1968 1326 2014 ς.
2078 1949 2129 2003 9.
2169 1950 2424 2007 Dominus
2456 1953 2508 2007 in
2538 1969 2670 2008 voce
2703 1955 2862 2009 tubae.

415 2041 500 2092 10.
536 2041 756 2094 Ψάλατε
782 2041 861 2111 τῷ
898 2040 1014 2112 Θεῷ
1046 2040 1222 2113 ὴμῶν,
1244 2040 1447 2110 ψάλατε
1466 2044 1495 2072 ·’

1493 2044 1495 2047 '
2084 2038 2162 2093 10.
2197 2041 2411 2096 Psallite
2440 2042 2549 2097 Deo
2578 2055 2786 2109 nostro,
2814 2043 3025 2113 psallite
3052 2062 3064 2097 :

418 2133 499 2187 11.
526 2132 746 2186 Ψάλατε
780 2131 857 2203 τῷ
887 2132 1092 2203 βασιλεῖ
1120 2135 1295 2206 ἡμῶν,
1317 2133 1549 2203 ψάλατε·

1511 2149 1549 2185 ε·
2083 2135 2164 2184 11.
2203 2131 2426 2188 Psallite
2461 2135 2574 2204 regi
2615 2146 2822 2201 nostro,
2853 2137 3082 2206 psallite.

418 2223 501 2276 12.
538 2225 657 2277 ’Ότι
680 2224 927 2295 βασιλεὺς
958 2224 1136 2297 πάσης
1172 2227 1272 2297 τῆς
1311 2226 1415 2295 γῆς
1446 2226 1474 2279 ό
1507 2224 1659 2288 Θεός’

1601 2225 1659 2288 ις’
2085 2221 2164 2275 19..
2195 2223 2459 2290 Quoniam
2495 2243 2585 2280 rex
2618 2229 2797 2283 omnis
2828 2238 2983 2283 terra:
3016 2227 3172 2293 Deus,

416 2316 498 2368 15.
524 2316 747 2369 Ψάλατε
776 2314 1033 2379 συνετῶς.

2086 2316 2164 2369 15.
2195 2315 2411 2372 Psallite
2441 2319 2734 2387 sapienter.

414 2454 503 2522 (ιν,
520 2455 589 2516 [ta
629 2456 749 2510 cod.
785 2452 957 2510 Vatie.

1462 2537 1835 2597 ATHANASII
1872 2537 2456 2596 INTERPBETATIO.

412 2637 480 2692 2.1
532 2638 821 2694 Παῡσασϐε
854 2641 963 2693 ἀπὸ
994 2640 1094 2711 τῆς
1127 2640 1422 2712 ἁμαρτίας.

1187 2640 1422 2712 ιαρτίας.
2082 2636 2170 2691 20.
2195 2636 2415 2692 Cessate
2440 2654 2468 2693 a
2502 2640 2758 2708 peccatis.

413 2732 499 2783 2|.
529 2731 934 2803 Δοξασθήσομαι
963 2734 1021 2785 ἐν
1058 2735 1171 2797 τοῖς
1198 2732 1393 2796 ἔθνεσι,
1429 2733 1522 2785 καὶ
1570 2732 1627 2784 ἐν
1676 2729 1753 2800 τῷ
1793 2728 1905 2800 λαῴ

2079 2728 2168 2784 21.
2204 2727 2555 2785 Glorilicabor
2586 2732 2636 2784 in
2665 2730 2934 2801 gentibus,
2967 2742 3021 2787 et
3050 2731 3103 2786 in
3138 2732 3337 2804 populo
3358 2731 3569 2788 λυδίω-

340 2823 449 2874 τῶν
490 2823 759 2877 Ἰουδαίων
782 2824 892 2877 τῶν
922 2825 1286 2878 πιστευόντων
1319 2825 1400 2889 είς
1429 2824 1549 2894 ἐμέ.

2013 2836 2133 2875 rum
2163 2821 2218 2875 in
2244 2838 2327 2877 me
2353 2824 2710 2878 credentium.
3544 2808 3554 2819 ’

411 2914 498 2967 22.
542 2915 599 2968 '0
622 2914 973 2988 ἐξουσιαστὴς
1006 2916 1196 2971 πασῶν
1227 2916 1334 2970 τῶν
1374 2914 1708 2987 ἐπουρανίων
1743 2913 1898 2967 δυνά-

2083 2913 2176 2967 22.
2210 2912 2522 2970 Dominator
2553 2916 2796 2971 omnium
2830 2916 3300 2987 supercaalestium
3332 2929 3569 2988 potesta-

344 3022 489 3076 μεων
521 3006 639 3076 μεθ’
666 3007 821 3078 ὴμῶν
851 3008 944 3061 ἐπὶ
972 3008 1071 3077 τῆς
1099 3009 1200 3079 γῆς
1229 3005 1662 3079 ἀναστρέφεσθαι
1698 3005 1900 3076 μέλλει.

1477 3005 1662 3076 pacem
1698 3005 1900 3076 μέλλει.
1936 3059 1975 3079 Α
2009 3014 2120 3060 tum
2153 3006 2431 3061 nobiscum
2468 3008 2520 3061 in
2550 3015 2693 3063 terra
2719 3008 3048 3064 versabitur.

409 3097 496 3149 εδ.
521 3059 916 3169 ,Ἀντιλῖῄπτωρψ
929 3059 1086 3170 alio}
1107 3059 1365 3171 ista...
1381 3059 1417 3153 δ’
1432 3059 1581 3164 Θεὸς,
1610 3099 1638 3151 ὁ
1657 3059 1725 3151 .5.
1748 3096 1905 3167 ἐσχα-
1933 3059 1975 3117 C

2078 3094 2168 3148 25.
2195 3093 2481 3166 Susceptor
2502 3106 2685 3153 noster
2706 3097 2978 3153 exsistens
3000 3098 3164 3164 Deus,
3187 3099 3280 3170 qui
3303 3108 3569 3169 postrema

340 3185 521 3239 τα.τοῦ
558 3186 761 3257 κόσμου
814 3186 1135 3257 συναγαγὼν
1187 3190 1323 3259 πρὸς
1358 3186 1546 3241 ἐαυτὸν
1600 3186 1899 3250 παντελῶς.

2009 3183 2196 3236 mundi
2227 3182 2294 3237 ad
2334 3199 2392 3239 se
2432 3186 2607 3254 ipsum
2652 3197 2962 3257 congregat.
2996 3186 3163 3242 Iacob
3209 3189 3354 3244 enim
3401 3189 3567 3245 inter-

350 3276 557 3331 Ἰακὼό
580 3278 686 3350 γὰρ
711 3279 1070 3350 ἑρμηνεύεται
1099 3279 1331 3349 κρατῶν
1355 3279 1605 3349 ἔσχατα.

1189 3279 1331 3334 πῶν
1355 3279 1605 3349 ἔσχατα.
2009 3282 2248 3344 pretatur
2278 3285 2535 3344 postrema
2564 3286 2760 3332 tenens.

423 3390 487 3442 Ἦ
518 3391 849 3463 προκειμένη
878 3393 1155 3465 ἐπιγραφὴ
1187 3394 1429 3465 περιέχει
1458 3393 1531 3464 (1)
1555 3410 1567 3423 ·
1598 3393 1699 3458 Εὶς
1735 3390 1800 3445 τὸ
1831 3388 2024 3454 τέλος,
2055 3388 2206 3458 ὑπὲρ
2243 3387 2360 3442 τῶν
2382 3390 2529 3444 υἱῶν
2572 3390 2726 3461 Κορὲ
2754 3395 2997 3463 ψαλμός
3016 3412 3029 3426 ο
3060 3396 3359 3461 τουτέστιν,
3397 3396 3476 3459 είς
3513 3394 3571 3449 τὸ

338 3479 489 3542 τέλος
512 3479 620 3535 τῶν
654 3481 860 3554 καιρῶν
890 3483 1029 3553 ὑπὲρ
1052 3482 1161 3536 τῶν
1190 3482 1322 3537 υἱῶν
1350 3483 1449 3555 τῆς
1480 3480 1789 3550 ἀντιλογίας
1814 3479 1919 3533 τῶν
1945 3480 2379 3550 ἐπιστρεφόντων
2416 3480 2489 3553 (2)
2513 3482 2542 3534 ὁ
2560 3482 2773 3554 ψαλμδς
2794 3484 3028 3556 είρηται.

411 3594 624 3652 Titulus
652 3596 948 3665 inscriptus
976 3598 1247 3653 continet:
1274 3596 1341 3651 In
1371 3598 1547 3667 ﬁnem,
1572 3614 1665 3667 pro
1690 3596 1817 3667 ﬁliis
1861 3593 1993 3649 Core
2025 3594 2281 3663 psalmus.
2313 3594 2427 3652 Hoc
2455 3605 2539 3652 est
2569 3598 2623 3651 in
2658 3598 2762 3654 line
2791 3608 3095 3670 temporum
3147 3617 3246 3672 pro
3274 3602 3397 3659 ﬁliis
3446 3617 3567 3658 con-

338 3687 678 3743 tradictionis
708 3704 766 3744 se
796 3691 1238 3744 convertentibus
1267 3690 1509 3761 psalmus
1541 3690 1722 3746 dictus
1751 3695 1853 3743 est.

411 3781 460 3836 1.
510 3780 859 3851 Ἀγαλλιᾶσθε
883 3785 1003 3847 ταῖς
1026 3784 1291 3856 καρδίαις.

1157 3784 1291 3848 ἱίαις.
2076 3782 2125 3835 1.
2151 3781 2416 3836 Cordibus
2444 3782 2728 3837 exsultate.

408 3871 462 3926 9..
500 3872 767 3939 Δοξάσατε
807 3874 988 3927 αὐτόν.

2068 3872 2123 3927 2.
2150 3870 2455 3925 Gloriﬁcate
2476 3887 2618 3926 cum.

409 3961 461 4014 5.
495 3962 608 4015 Οὐκ
674 3962 752 4016 ἔτι
819 3966 873 4018 αἱ
919 3964 1158 4033 ἐπίγειαι
1221 3965 1479 4037 δυνάμεις
1532 3963 1903 4036 βασιλεύουσιν

2070 3961 2120 4015 5.
2151 3959 2269 4015 Non
2308 3962 2541 4031 amplius
2591 3972 2818 4016 terrenae
2862 3971 3157 4033 potestates
3201 3964 3358 4021 nobis
3392 3964 3560 4021 domi-
3628 4012 3632 4013 ν

338 4054 372 4123 ἡ
380 4052 519 4123 μῶν.

2000 4063 2215 4107 nantur.

402 4144 455 4198 4.
499 4144 658 4198 Ἀλλά
688 4144 960 4215 βασιλεύει
998 4147 1180 4218 πάσης
1222 4147 1319 4219 τῆς
1369 4147 1467 4217 γῆς
1505 4149 1532 4200 ὁ
1572 4146 1830 4216 ’Ύψιστος
1872 4148 1900 4199 ό

2074 4143 2127 4196 4.
2155 4141 2258 4198 Sed
2301 4142 2546 4199 excelsus
2588 4156 2636 4200 et
2678 4146 2929 4202 terribilis
2982 4155 3172 4218 regnat
3212 4148 3264 4201 in
3312 4148 3558 4203 universa

336 4234 587 4309 φοϐερός.

2003 4242 2148 4288 terra
2156 4273 2168 4287 ι

406 4325 459 4379 5.
488 4327 727 4383 Ἔδωκεν
749 4330 882 4402 ἡμῖν
904 4330 1152 4396 ἐξουσίαν
1178 4331 1367 4385 πατεῖν
1393 4330 1575 4385 ἐπάνω
1602 4330 1777 4399 ὄφεων
1804 4328 1898 4383 καὶ

2074 4326 2127 4380 5.
2164 4325 2489 4382 Potestatem
2540 4328 2695 4384 nobis
2723 4329 2869 4385 dedit
2901 4331 3212 4387 ambulandi
3247 4349 3410 4402 super
3450 4351 3556 4389 set»

339 4418 634 4490 σκορπίων,
666 4420 759 4474 καὶ
787 4422 881 4476 ἐπὶ
926 4424 1104 4477 πᾶσαν
1128 4423 1225 4493 τὴν
1263 4422 1490 4493 δύναμιν
1520 4420 1613 4473 τοῦ
1650 4417 1862 4491 ἐχθροῦ.

2005 4426 2190 4486 pentes
2222 4426 2277 4472 et
2318 4420 2655 4489 scorpiones,
2697 4430 2748 4475 et
2778 4437 2940 4492 super
2988 4438 3203 4479 omnem
3245 4434 3555 4495 potestatem

1930 4477 1975 4531 ί)
2002 4508 2207 4563 inimici
2238 4510 2303 4565 ιο.

411 4596 463 4653 6.
488 4600 627 4665 Τοὺς
661 4601 847 4671 ἁγίους
870 4602 1197 4666 ἀποστόλους
1226 4600 1524 4667 ἐξελέξατο.

1321 4601 1524 4667 λέξατο.
2073 4600 2125 4656 6.
2157 4599 2327 4672 Elegit
2355 4615 2571 4659 sanctos
2594 4606 2892 4675 apostolos,

408 4688 461 4743 7.
502 4691 613 4745 Καὶ
638 4691 731 4757 οὒς
764 4694 1047 4763 ἠγάπησεν
1079 4697 1143 4748 ἐκ
1168 4692 1261 4746 τοῦ
1289 4692 1418 4746 λαοῦ
1464 4690 1727 4745 Ἰουδαίων
1763 4690 1857 4761 ('5).

1710 4707 1727 4743 ν
1763 4690 1857 4761 (5).
2071 4692 2121 4746 7.
2154 4693 2220 4749 Et
2240 4711 2380 4765 quos
2410 4696 2597 4751 dilexit
2626 4698 2692 4751 de
2720 4700 2918 4767 populo
2949 4697 3281 4754 Jndteorum.

409 4781 462 4836 8.
498 4782 605 4853 Τὴν
630 4784 892 4856 ἀνάληψιν
919 4785 1066 4854 λέγει
1095 4784 1189 4838 τοῦ
1222 4785 1355 4838 Θεοῦ
1387 4785 1583 4854 Λόγου.

2073 4786 2127 4839 8.
2162 4787 2599 4858 Assumptionem
2634 4791 2902 4860 signiﬁcat
2935 4792 3024 4845 Dei
3053 4792 3231 4846 Verbi.

406 4874 460 4927 9.
494 4875 853 4946 Δοξαζόμενος
880 4877 982 4930 ὑπὸ
1012 4877 1117 4930 τῶν
1138 4877 1307 4946 ἁγίων
1334 4878 1639 4948 δυνάμεων.

1561 4895 1639 4931 ον.
2072 4876 2123 4931 9.
2158 4876 2501 4934 Glorilicatus
2530 4895 2558 4933 a
2586 4882 2787 4935 sanctis
2818 4882 3132 4941 virtutibus.

412 4962 496 5016 10.
532 4964 641 5015 Καὶ
668 4966 827 5035 ἡμεῖς
852 4965 944 5017 ἐπὶ
975 4966 1077 5036 γῆς
1100 4966 1394 5037 δοξάσομεν
1425 4967 1612 5021 αὐτόν.

2079 4971 2163 5026 10.
2188 4969 2254 5025 Ει
2279 4987 2378 5027 nos
2404 4974 2826 5043 gloriﬁcabimus
2854 4991 2976 5031 eum
3008 4977 3058 5030 in
3089 4986 3248 5032 terra.

410 5054 491 5107 11.
527 5053 618 5125 Τῷ
650 5055 756 5127 πρὸ
785 5056 1016 5111 αἰώνων.

2074 5063 2159 5116 11.
2194 5063 2322 5135 Regi
2347 5074 2472 5120 ante
2502 5067 2719 5122 sarcula.

410 5144 492 5199 12.
530 5145 588 5197 '0
627 5144 876 5215 βασιλεύς
905 5146 1050 5200 ἐστιν
1074 5146 1153 5216 (4)
1184 5147 1265 5215 ἐφ’
1300 5148 1467 5218 ἡμᾶς.

1189 5147 1265 5215 ἐφ’
1300 5148 1467 5218 ἡμᾶς.
2080 5154 2165 5207 12.
2203 5152 2315 5210 Rex
2343 5166 2426 5210 cst
2454 5173 2618 5227 super
2641 5176 2760 5214 nos.

408 5233 494 5286 13.
526 5230 795 5298 Δοξάσατε
814 5234 973 5291 αὐτὸν
1000 5237 1056 5289 ἐν
1079 5235 1326 5306 ἀληθείᾳ.
1594 5240 1597 5241 ⁷

1594 5240 1597 5241 ⁷
2080 5246 2163 5298 15.
2197 5248 2506 5304 Glorilicate
2535 5266 2658 5306 eum
2695 5254 2747 5305 in
2775 5253 3016 5309 veritate.

406 5343 451 5375 “
480 5342 612 5400 Luc.
640 5360 696 5412 ι,
737 5346 821 5402 19.

1279 5465 1581 5527 Addenda
1606 5473 1664 5527 et
1696 5468 2071 5548 corrigenda
2104 5491 2181 5536 ex
2232 5472 2371 5540 cod.
2411 5479 2613 5541 Vatic.

406 5556 480 5651 ll?
518 5557 1370 5651 fﬂffé‘jﬁsrﬁva5éessnime
1427 5637 1478 5651 ,η
1525 5637 1551 5648 ,
1652 5639 1677 5651 ,
1788 5642 1841 5651 __
2074 5579 2238 5651 (σω.
2280 5582 2331 5636 7.
2381 5583 2475 5635 Ἐκ
2510 5582 2609 5651 τού
2635 5581 2765 5636 λαοῦ
2794 5581 2903 5634 τῶν
2946 5578 3233 5635 Ἰουδαίων.

366 5626 1106 5723 ζςῖζιῖιξντελογίαῇλέγωδῆ
1133 5626 1270 5713 ὑπὲρ
1290 5626 1394 5690 τῶν
1424 5637 1590 5691 ἐθνῶν
1612 5639 1716 5694 τῶν
1750 5642 1885 5697 υἱῶν

332 5698 431 5765 τῆς
464 5698 752 5766 ἁμαρτίας,
786 5703 891 5757 τῶν
916 5698 1127 5771 ἐπιστρ.
1239 5698 1252 5713 ’
2074 5698 2142 5721 ν’
2208 5698 2233 5704 ⁷
2254 5698 2293 5705 ’⁷
2322 5698 2564 5723 Pw“:
2596 5698 2624 5727 ³⁸
