3978 6204
430 360 539 419 855
1231 361 1288 416 S.
1331 357 1703 416 AI-HANA'SII
1741 357 1891 414 OPP.
1922 354 2102 412 PARS
2140 354 2234 411 Ill.
2270 385 2340 396 ——
2378 354 2788 411 EXEGETICA.
3390 396 3391 399 η
3562 361 3663 416 853

501 480 589 534 11.
618 478 885 551 Regnavit
917 479 1059 534 Deus
1081 493 1244 548 super
1269 487 1492 550 gentes;
2029 482 2072 537 Α

2029 482 2075 537 Α
2176 472 2262 527 14.
2309 471 2683 525 Ἐϐασίλευσεν
2715 475 2744 526 ὁ
2775 471 2906 535 Θεὸς
2936 471 3029 525 ἐπὶ
3048 472 3116 526 τὰ
3148 472 3297 545 ἔθνη·

503 571 590 625 15.
628 570 770 627 Deus
802 572 954 627 sedet
981 585 1150 640 super
1179 571 1360 626 sedem
1389 578 1632 625 sanctam
1657 584 1838 623 suam.

2177 563 2258 617 l5.
2295 563 2351 616 ὐ
2381 562 2512 625 Θεὸς
2536 562 2768 633 κάθηται
2793 563 2883 615 ἐπὶ
2906 561 3092 634 θρόνου
3116 564 3271 632 ἁγίου
3301 565 3489 620 αὐτοῦ.

500 661 587 715 16.
613 660 890 733 Principes
913 665 1235 734 populorum
1260 663 1570 734 congregati
1597 670 1725 717 sunt
1752 676 1875 715 cum
1892 657 2001 713 Deo

2172 653 2257 707 16.
2292 654 2582 724 ’Ἄρχοντες
2630 652 2772 706 λαῶν
2821 653 3161 724 συνήχθησαν
3215 656 3352 726 μετὰ
3406 656 3502 710 τοῦ
3532 657 3659 711 Θεοῦ

434 754 712 807 Abraham
740 772 755 809 :

2115 743 2361 816 Ἀϐραάμ
2381 762 2394 774 ·
3338 798 3350 812 .

504 846 592 900 17.
621 846 885 914 Quoniam
916 848 1010 904 Dei
1047 850 1216 905 fortes
1242 857 1399 904 terrae
1429 846 1773 901 vehementer
1811 840 1996 897 elevati

2173 837 2259 890 l7.
2286 836 2407 890 Ὅτι
2426 834 2516 890 τοῦ
2534 835 2666 889 Θεοῦ
2690 837 2739 890 οἱ
2763 837 3014 908 κραταιοὶ
3035 837 3133 908 τῆς
3152 837 3255 908 γῆς
3276 838 3480 910 σφόδρα
3496 839 3660 912 ἐπήρ-

433 948 581 996 sunt.

2102 928 2295 999 θησαν.

568 1048 815 1106 Psalmus
838 1050 1030 1101 cantici
1051 1047 1177 1116 ﬁliis
1195 1044 1344 1110 Core,
1374 1043 1602 1099 secunda
1632 1043 1875 1101 Sabbati.
2106 1045 2139 1095 '1

2106 1040 2346 1110 Ψαλμὸς
2372 1041 2530 1110 ᾠδῆς
2554 1041 2677 1108 τοῖς
2698 1041 2850 1110 υἱοῖς
2876 1043 3049 1112 Κορὲ,
3067 1045 3315 1115 δευτέρᾳ
3337 1046 3654 1104 Σαόϐὀτου.

993 1135 1193 1192 PSAL.
1229 1132 1474 1189 XLVII.

2701 1137 2874 1192 ΨΔΛ.
2914 1139 3048 1190 MZ'.
3194 1152 3214 1187 η

503 1235 551 1287 1.
578 1232 801 1303 Magnus
823 1230 1104 1296 Dominus,
1128 1238 1181 1284 et
1209 1226 1496 1282 laudabilis
1519 1225 1703 1292 nimis,

2167 1221 2218 1273 1.
2259 1222 2446 1290 Μέγας
2477 1221 2698 1294 Κύριος,
2723 1223 2816 1276 καὶ
2843 1224 3050 1289 αίνετὸς
3085 1225 3308 1298 σφόδρα,

499 1326 554 1379 ‘2.
590 1327 649 1379 In
683 1324 900 1379 civitate
927 1321 1021 1376 Dei
1058 1323 1253 1383 nostri,
1283 1320 1338 1374 in
1371 1328 1556 1373 monte
1581 1325 1773 1372 sancto
1798 1317 1931 1388 ejus.

2163 1313 2218 1367 2.
2246 1315 2332 1367 Ἐν
2359 1314 2512 1368 πόλει
2538 1313 2633 1367 τοῦ
2664 1314 2797 1368 Θεοῦ
2827 1317 3003 1386 ἡμῶν,
3033 1318 3090 1370 ἐν
3121 1318 3238 1388 ὄρει
3269 1319 3412 1388 ἁγίῳ
3434 1317 3616 1373 αὐτοῦ.

499 1419 551 1471 5.
585 1416 725 1471 Bene
753 1414 976 1470 fundata
1002 1414 1363 1471 exsultatione
1389 1411 1659 1466 universa:
1685 1420 1848 1466 teme
1879 1430 1894 1477 ;

1785 1427 1848 1466 me
1879 1430 1894 1477 ς
2161 1403 2217 1457 5.
2261 1402 2474 1474 Εὑρίζῳ
2501 1403 2865 1475 ἀγαλλιάματι
2892 1406 3073 1478 πάσης
3100 1409 3198 1479 τῆς
3224 1409 3326 1481 γῆς
3342 1426 3356 1440 ⁸

501 1510 555 1563 4.
587 1507 795 1562 Montes
829 1507 959 1561 Sion
991 1508 1160 1561 latera
1195 1502 1489 1574 aquilonis,

2165 1493 2217 1546 4.
2237 1493 2371 1564 Ὄρη
2405 1491 2543 1547 Σιὼν
2571 1494 2640 1548 τὰ
2662 1495 2869 1568 πλευρὰ
2900 1496 2993 1550 τοῦ
3023 1497 3211 1570 βορρᾶ,

500 1599 553 1653 Β.
584 1597 790 1652 Civitas
823 1596 964 1667 regis
988 1595 1191 1666 magni.

2163 1585 2216 1639 5.
2242 1585 2306 1638 Ἡ
2332 1586 2485 1650 πόλις
2515 1587 2609 1641 τοῦ
2643 1588 2906 1657 βασιλέως
2936 1590 3029 1644 τοῦ
3064 1592 3319 1662 μεγάλου.

500 1683 569 1753 6.,
589 1682 730 1739 Deus
759 1683 812 1737 in
846 1682 1097 1737 domibus
1118 1681 1237 1752 ejus
1258 1680 1630 1752 cognoscitur,

2163 1676 2215 1729 6.
2241 1672 2297 1729 ’0
2329 1676 2463 1738 Θεὸς
2490 1679 2547 1731 ἐν
2579 1681 2698 1742 ταῖς
2724 1678 2946 1752 βάρεσιν
2976 1681 3149 1752 αὐτῆς
3171 1682 3517 1752 γινώσκεται,

505 1773 559 1825 7.
595 1773 732 1828 Cum
765 1772 1019 1843 suscipiet
1046 1771 1327 1845 [suscipit]
1363 1787 1510 1828 eam.
2025 1847 2062 1855 _

2046 1850 2062 1855 -
2165 1767 2214 1820 7.
2231 1768 2398 1822 Ὅταν
2427 1770 2892 1844 ἀντιλαμϐάνηται
2914 1773 3415 1852 [ἀντιλαμϐάνεται]
3437 1781 3617 1855 αὐτῆς.

500 1866 554 1915 8.
586 1862 851 1930 Quoniam
872 1880 998 1919 ecce
1029 1880 1181 1935 reges
1212 1873 1370 1919 terrae
1398 1862 1712 1935 congregati
1741 1871 1890 1926 sunt,
2024 1847 2066 1902 Β

1853 1871 1890 1926 ι,
2024 1847 2066 1902 Β
2164 1857 2218 1913 8.
2236 1860 2358 1912 Ὅτι
2393 1861 2502 1913 ἰδοὺ
2534 1862 2774 1932 βασιλεῖς
2800 1864 2900 1935 τῆς
2928 1866 3030 1937 γῆς
3064 1847 3424 1942 συνήχθησανξ

499 1956 555 2010 9.
594 1955 973 2012 Conveneruut
1002 1957 1056 2009 in
1090 1971 1281 2010 unum.

2171 1948 2222 2004 9.
2262 1950 2557 2021 Διήλθοσαν
2580 1954 2672 2007 ἐπὶ
2699 1954 2760 2008 τὸ
2782 1956 2930 2012 αὐτό.

506 2047 593 2103 10.
624 2046 727 2115 Ipsi
753 2047 999 2102 videntes
1021 2046 1101 2100 sic
1130 2044 1383 2100 admirati
1419 2052 1568 2100 sunt.

2171 2042 2256 2096 10.
2297 2043 2457 2097 Αὐτοὶ
2497 2044 2693 2109 ἰδόντες
2717 2045 2888 2112 οῦτως
2924 2048 3260 2120 ἐθαύμασαν,

510 2138 596 2192 11.
632 2137 952 2193 Conturbati
991 2148 1137 2203 sunt,
1167 2136 1421 2193 commoti
1463 2144 1627 2201 sunt,
1657 2144 1860 2191 tremor
1904 2149 1996 2205 ap-

2172 2135 2258 2189 11.
2284 2136 2713 2208 Ἐταράχθησαν,
2738 2138 3129 2212 ἐσαλεύθησαν,
3157 2145 3354 2217 τρόμος
3374 2145 3658 2201 ἐπελάϐετο

436 2230 720 2301 prehendit
751 2246 867 2286 eos.

751 2246 867 2286 eos.
2103 2225 2300 2280 αὐτῶν.

506 2321 591 2374 ιε.
624 2320 699 2374 lbi
732 2321 946 2377 dolores
968 2330 1029 2376 ut
1058 2320 1442 2392 parturientis:

2171 2316 2257 2371 12.
2283 2317 2432 2370 Ἐκεῖ
2460 2318 2648 2383 ὠδῖνες
2670 2319 2747 2384 ῶς
2778 2321 3099 2394 τικτούσηςο

503 2415 589 2468 15.
625 2413 682 2468 1η
706 2415 901 2485 spiritu
927 2414 1231 2471 vehementi
1271 2423 1522 2470 conteres
1557 2425 1722 2467 naves
1752 2408 1991 2467 Tharsis.

2170 2409 2256 2464 15.
2282 2410 2370 2462 Ἐν
2393 2409 2662 2481 πνεύματι
2686 2412 2845 2484 βιαίῳ
2871 2416 3183 2488 συντρίψεις
3203 2418 3361 2474 πλοῖα
3378 2420 3624 2493 Θαρσεῖς.

501 2507 589 2560 14.
626 2506 780 2562 Sicut
812 2507 1141 2571 audivimus,
1166 2506 1246 2563 sic
1273 2513 1326 2561 et
1355 2505 1590 2560 vidimus
1615 2522 1628 2558 :

2171 2500 2257 2554 14.
2298 2500 2562 2573 Καθάπερ
2586 2501 2920 2575 ἠκούσαμεν,
2950 2506 3092 2560 οὕτω
3113 2511 3207 2562 καὶ
3233 2510 3445 2583 εἴδομεν
3468 2529 3484 2544 ·

1552 2591 1926 2651 ATHANASII
1961 2591 2552 2648 INTERPRETATIO.

502 2686 589 2741 14.
625 2686 958 2745 Convertens
980 2702 1171 2744 eorum
1201 2689 1589 2760 captivitatem.

2175 2687 2262 2742 14.
2299 2687 2662 2758 Ἐπιστρέψας
2693 2687 2767 2761 (1)
2790 2690 2968 2744 αὐτῶν
2989 2691 3088 2764 τὴν
3107 2695 3497 2766 αἰχμαλωσίαν.

502 2777 591 2833 15.
623 2778 670 2833 Α
697 2779 904 2836 dextris
930 2780 1108 2836 Patris

2176 2778 2264 2832 15.
2312 2779 2406 2833 Ἐκ
2424 2777 2613 2843 δεξιῶν
2643 2781 2738 2834 τοῦ
2770 2782 3003 2855 Πατρός.

503 2869 594 2923 16.
624 2868 871 2939 Apostoli
901 2885 1025 2925 cum
1053 2869 1303 2927 Domino.

2179 2869 2261 2924 16.
2291 2871 2354 2923 Οἱ
2389 2870 2678 2925 ἀπόστολοι
2704 2874 2843 2944 μετὰ
2860 2874 2954 2927 τοῦ
2986 2876 3192 2947 Κυρίου
3224 2876 3320 2948 (2).

509 2959 594 3014 17.
624 2962 892 3030 Quoniam
917 2963 1075 3019 electi
1102 2962 1195 3017 Dei
1227 2963 1456 3018 multum
1482 2964 1773 3020 confortati
1796 2975 1940 3020 sunt.

2175 2961 2263 3015 17.
2292 2962 2415 3014 Ὅτι
2435 2964 2484 3015 οί
2517 2963 2761 3018 ἐκλεκτοὶ
2783 2963 2877 3018 τοῦ
2903 2965 3037 3019 Θεοῦ
3064 2969 3203 3022 πάνυ
3232 2969 3538 3040 ἐνίσχυσαν.

512 3073 579 3128 Ἦ
615 3077 948 3149 προκειμένη
978 3079 1260 3151 ἐπιγραφὴ
1286 3080 1534 3152 περιέχει
1564 3080 1644 3152 (5)
1672 3097 1687 3112 ο
1726 3080 1980 3151 rupae
1996 3076 2155 3146 ᾠδῆς
2188 3075 2310 3142 τοῖς
2343 3077 2496 3143 υιοῖς
2527 3076 2628 3148 (4),
2655 3077 2902 3147 δευτέρᾳ
2930 3080 3251 3137 Σαϐϐάτου.
3275 3080 3445 3136 Τοῦτο
3477 3077 3569 3136 οὖν
3593 3081 3665 3135 λέι

432 3180 519 3237 γει
547 3167 577 3219 ὁ
603 3165 814 3238 ψαλμὸς
837 3169 937 3239 τῆς
964 3169 1106 3240 ᾠδῆς
1130 3168 1334 3241 ταύτης
1370 3170 1498 3242 περὶ
1524 3169 1642 3225 τῶν
1670 3168 1813 3225 υἱῶν
1844 3170 1942 3240 τῆς
1972 3165 2328 3230 ἀναπαύσεως
2357 3166 2454 3236 (5).
2482 3166 2639 3234 Λέγω
2660 3166 2723 3240 δὴ
2757 3166 2893 3238 μετὰ
2919 3168 2979 3221 τὸ
3004 3168 3102 3242 τὴν
3126 3169 3303 3243 κρίσιν
3325 3170 3575 3241 γενέσθαι
3593 3173 3665 3233 είς

439 3261 532 3333 τὴν
554 3261 808 3334 δευτέραν
833 3262 928 3316 τοῦ
957 3264 1167 3336 Κυρίου
1196 3264 1272 3336 (6)
1300 3266 1671 3321 κατάπαυσιν.
1703 3263 2006 3318 Σάϐὄιιτον
2027 3260 2136 3333 γὰρ
2162 3258 2539 3326 κατάπαυσις
2566 3259 2641 3331 (7)
2670 3258 3047 3331 ἑρμηνεύεται.

504 3354 719 3411 Titulus
754 3357 1050 3427 inscriptus
1082 3359 1327 3414 continet
1356 3378 1369 3414 :
1405 3358 1653 3414 Psalmus
1685 3359 1875 3413 eantici
1906 3357 2056 3427 ﬁliis,
2083 3354 2313 3411 secunda
2340 3351 2584 3409 Sabbati.
2612 3351 2727 3409 Hoc
2756 3354 2919 3425 igitur
2942 3352 3231 3423 signiﬁcat,
3253 3355 3397 3424 quod
3429 3356 3665 3430 psalmu$

436 3447 634 3503 cantici
666 3448 830 3518 hujus
866 3451 1081 3505 canitur
1109 3452 1176 3506 de
1208 3451 1338 3520 ﬁliis
1372 3453 1648 3522 requietis.
1685 3454 1817 3508 Dico
1857 3460 2038 3506 autem
2088 3457 2441 3519 posteaquam
2486 3447 2752 3519 judicium
2787 3448 2992 3505 factum
3035 3446 3218 3514 fuerit,
3247 3464 3372 3506 cum
3407 3447 3667 3506 Dominus

434 3537 675 3592 secundo
703 3538 1030 3608 requieverit
1056 3559 1072 3596 :
1102 3540 1396 3598 Sabbatum
1423 3547 1568 3601 enim
1599 3546 1796 3616 requies
1831 3547 2236 3615 interpretatur.

507 3671 559 3726 1.
587 3655 849 3730 Mirabilis
871 3682 955 3730 est
978 3685 1033 3731 et
1056 3678 1418 3751 gloriﬁcatus,
2025 3697 2070 3759 c

2025 3697 2070 3759 ο
2173 3680 2224 3731 1.
2264 3676 2586 3749 Θαυμαστός
2615 3678 2732 3732 ἐστι
2761 3678 2856 3732 καὶ
2888 3677 3294 3751 δεδοξασμένος,

502 3761 558 3817 2.
584 3760 642 3817 In
666 3780 900 3834 superna
924 3764 1252 3825 Jerusalem.

2175 3768 2229 3821 2.
2272 3768 2366 3831 Είς
2392 3768 2493 3839 τὴν
2519 3766 2631 3823 ἄνω
2670 3767 3040 3840 Ἰερουσαλήμ.

500 3853 556 3909 5.
586 3853 842 3913 Gaudens
871 3857 976 3912 [ide
1003 3861 1274 3930 gentium.

2175 3861 2228 3915 5.
2268 3859 2487 3932 Χαίρων
2518 3861 2610 3915 ἐπὶ
2640 3863 2706 3933 τῇ
2740 3860 2919 3915 πίστει
2950 3862 3057 3916 τῶν
3086 3860 3275 3917 ἐθνῶν.

504 3948 560 4003 4.
590 3947 801 4016 Quibus
849 3964 1007 4010 antea
1051 3956 1298 4013 diabolus
1352 3957 1642 4025 illudebat,
1671 3960 1828 4018 electi
1879 3971 2008 4018 sunt

2175 3958 2227 4011 4.
2267 3958 2362 4021 Εἰς
2387 3955 2479 4022 οὓς
2506 3957 2571 4012 ἂν
2591 3958 2852 4013 ἐπαίσατο
2877 3958 2938 4012 τὸ
2963 3958 3036 4030 (8)
3067 3958 3330 4032 πρότερον
3354 3961 3383 4014 ὁ
3407 3958 3663 4025 διάϐολος,

434 4053 689 4108 supernae
711 4039 1034 4101 Jerusalem.

2104 4044 2348 4097 ἐκλεκτοί
2376 4047 2478 4098 εἰσι
2501 4044 2601 4116 τῆς
2628 4047 2739 4101 ἄνω
2777 4046 3147 4120 Ἰερουσαλήμ.

503 4130 555 4184 5.
588 4129 832 4188 Ecclesia
863 4134 955 4190 Dei
992 4137 1164 4191 nostri
1196 4135 1326 4193 Jesu
1357 4139 1583 4195 Christi.

2176 4137 2228 4190 5.
2255 4136 2320 4189 Ἡ
2351 4136 2640 4209 Ἐκκλησία
2671 4137 2764 4192 τοῦ
2791 4138 2924 4193 Θεοῦ
2952 4139 3104 4212 ἡμῶν
3137 4139 3309 4211 Ἰησοῦ
3341 4139 3594 4212 Χριστοῦ.

502 4220 557 4284 6.
587 4222 639 4278 7.
665 4222 810 4281 Deus
836 4227 892 4281 in
919 4228 1124 4285 sanctis
1148 4233 1266 4302 ejus
1294 4232 1707 4290 manilestatur.

2175 4226 2227 4291 6,
2266 4227 2316 4281 7.
2349 4228 2406 4281 Ὀ
2431 4227 2562 4291 Θεὸς
2591 4229 2648 4283 ἐν
2672 4231 2783 4294 τοῖς
2811 4231 2985 4300 ἁγίοις
3012 4230 3182 4303 αὐτῆς
3214 4230 3289 4304 (9)
3320 4230 3659 4305 φανεροῦται.

510 4312 564 4369 8.
591 4313 858 4384 Apostoli.

2174 4316 2229 4370 8.
2272 4320 2333 4371 Οἱ
2361 4317 2671 4374 ἀπόστολοι.

506 4402 560 4473 9.
589 4405 670 4458 Ad
699 4407 1125 4474 praedicandum.

2177 4406 2229 4461 9.
2270 4391 2364 4470 Ε’ῐς
2390 4406 2452 4459 τὸ
2481 4408 2741 4480 κήρυγμα
2763 4406 2894 4478 (10).

508 4495 597 4550 10.
636 4496 908 4564 Quoniam
931 4502 987 4557 in
1022 4505 1179 4561 terris
1211 4509 1487 4577 apparuit.
1926 4564 1929 4567 .

1423 4509 1487 4563 it.
1926 4564 1929 4567 _
2177 4498 2264 4553 10.
2284 4498 2404 4551 Ὅτι
2430 4498 2522 4551 ἐπὶ
2558 4499 2656 4570 τῆς
2685 4499 2790 4570 γῆς
2815 4498 2989 4573 ὤφθη.

511 4587 599 4643 11.
624 4588 863 4660 Populus
885 4592 1217 4652 Iudaeorum.

2177 4590 2264 4644 11.
2296 4590 2352 4643 Ὁ
2381 4590 2509 4653 λαὸς
2540 4589 2647 4643 τῶν
2688 4590 2974 4645 Ἰουδαίων.

506 4678 596 4734 12.
628 4680 682 4734 In
715 4697 987 4755 synagoga
1018 4686 1366 4764 Iudaeorum,

2177 4679 2264 4733 12.
2290 4679 2377 4733 Ἑν
2402 4681 2467 4752 τῇ
2496 4681 2781 4752 συναγωγῇ
2811 4681 2918 4734 τῶν
2950 4681 3231 4737 Ἰουδαίων.

507 4770 594 4827 15.
625 4774 684 4827 1η
728 4791 923 4848 magna
969 4778 1051 4835 ira
1095 4791 1342 4839 conteres
1363 4782 1670 4840 Iudaeorum
1706 4786 2003 4858 principes,

2176 4771 2264 4827 15.
2291 4769 2379 4824 ’Ev
2402 4771 2537 4844 ὀργῇ
2565 4771 2772 4843 μεγάλῃ
2804 4772 3111 4844 συντρίψεις
3130 4775 3254 4838 τοὺς
3276 4773 3538 4847 ἄρχοντας
3563 4776 3662 4829 τῶν

434 4867 529 4937 qui
573 4867 771 4926 habent
814 4871 869 4926 in
915 4874 1108 4944 seipsis
1158 4876 1558 4949 Scripturarum
1610 4883 2002 4951 cognitionem.

2116 4859 2403 4927 Ἰουδαίων,
2437 4862 2564 4926 τοὺς
2597 4861 2817 4933 ἔχοντας
2848 4864 2906 4917 ἐν
2949 4864 3158 4928 ἑαυτοῖς
3180 4864 3278 4936 τὴν
3304 4865 3412 4921 τῶν
3444 4866 3663 4939 Γραφῶν

439 4959 655 5017 Tharsis
706 4964 851 5019 enim
883 4966 1265 5038 interpretatur
1295 4969 1545 5039 inspectio
1568 4973 1792 5028 icetitiw.

2106 4952 2326 5020 γνῶσιν.
2361 4953 2610 5023 Θαρσεῖς
2643 4954 2751 5026 γὰρ
2783 4955 3139 5027 ἑρμηνεύεται
3181 4957 3529 5027 κατασκοπὴ
3574 4961 3662 5013 εὐ-

560 5092 565 5097 .
2033 5052 2080 5111 ι)
2106 5044 2438 5112 φροσύνηςο

504 5138 1094 5223 Quemadmodum
1141 5143 1448 5200 audivimus
1487 5144 1556 5201 de
1615 5146 1849 5203 adventu
1904 5147 1998 5205 Dei

2175 5133 2263 5190 M.
2293 5134 2558 5207 Καθάπερ
2583 5136 2892 5209 ἠκούσαμεν
2924 5138 3055 5212 περὶ
3096 5140 3197 5212 τῆς
3241 5138 3538 5213 παρουσίας
3576 5135 3661 5193 τοῦ

435 5219 629 5264 ιιοειιί.

2106 5225 2240 5280 Θεοῦ
2262 5229 2294 5298 ἠ
2304 5227 2435 5298 μῶν.

1384 5329 1691 5394 Addenda
1721 5340 1782 5395 et
1808 5335 2184 5417 corrigenda
2230 5359 2309 5404 ex
2341 5342 2485 5405 cod.
2524 5344 2725 5407 Vatic.

507 5420 587 5512 32;).
617 5422 1005 5512 Ὲῖτξστρεψας·
2172 5441 2251 5512 (6)
2289 5441 2443 5496 Θεοῦ.

510 5492 590 5590 $32
611 5492 791 5590 οἷίοὲΐι
819 5492 922 5590 Lg.
1274 5584 1316 5590 __
1351 5584 1448 5590 __-
2175 5492 2253 5590 li}
2277 5492 2623 5590 ἶᾉῖιᾶἓέαιθσις-

611 5560 689 5650 ?"
700 5562 939 5650 ﬁti'fﬁg'
953 5566 1316 5637 κινναϐάρεως
1348 5584 1473 5641 περ.

537 5628 589 5704 ἑ)
626 5628 774 5704 Ϊὲἒῖς
798 5628 963 5704 Κρρέι

703 5652 774 5710 Ξις
798 5652 992 5715 lappis.~
1072 5705 1084 5715 _
1245 5707 1255 5715 _
2176 5654 2253 5715 (9)
2291 5652 2484 5707 Αὐτοῦ.

537 5655 589 5695 η
635 5655 774 5694 ιιοις
798 5655 963 5704 Λορε.

532 5697 588 5770 5)
626 5697 768 5755 Υίῶν
799 5700 906 5756 τῶν
933 5702 1033 5774 τῆς
1061 5705 1423 5772 ἀναστάσεως.
2176 5655 2197 5789 1

2206 5721 2292 5791 10)
2333 5722 2411 5779 Τὰ
2436 5722 2784 5793 κηρύγματα.
