3978 6204
261 325 364 385 837
1143 321 1232 378 DE
1268 320 1547 379 TITULIS
1577 321 2028 379 PSALMORUM.
2073 323 2355 379 —PSAL.
2393 323 2631 379 XLVIII.
3402 321 3520 386 858

331 441 415 495 15.
443 440 532 492 Ἐν
559 438 710 492 πόλει
733 439 939 510 Κυρίου
974 437 1079 492 τῶν
1105 439 1409 509 δυνάμεων,
1875 447 1902 502 Α

1875 447 1923 502 Α
2019 437 2106 492 I5.
2138 437 2196 492 In
2226 439 2444 492 civitate
2470 437 2685 492 Domini
2715 437 2996 502 virtutum,

331 533 416 586 16.
445 531 531 583 Ἐν
565 530 716 584 πόλει
743 530 838 584 τοῦ
867 529 1002 584 Θεοῦ
1031 529 1208 603 ἡμῶν.

1206 573 1208 581 ,
2009 528 2094 584 I6.
2125 529 2181 583 In
2208 530 2424 585 civitate
2451 529 2545 585 Dei
2581 530 2777 585 nostri.

331 623 418 678 I7.
445 622 504 676 '0
536 621 668 686 Θεὸς
701 621 1060 693 ὲθεμελίωσεν
1093 623 1265 695 αὐτὴν
1294 624 1375 686 είς
1403 622 1497 676 τὸν
1523 621 1717 676 αἰῶνα.

1523 621 1717 676 αἰῶνα.
2008 621 2094 676 I7.
2125 620 2269 675 Deus
2290 619 2538 675 fundavit
2566 636 2688 674 eam
2716 623 2772 674 in
2795 629 3081 674 :rternum.

335 716 417 768 18.
446 713 836 786 ’Υπελάὸομεν,
867 716 896 767 ὁ
927 713 1079 779 Θεὸς,
1101 714 1162 768 τὸ
1189 715 1337 779 ἔλεός
1376 733 1468 769 σου
1492 718 1548 768 ὲν
1577 715 1723 787 μέσῳ
1743 713 1838 768 τοῦ

2011 712 2096 767 18.
2130 712 2517 783 Suscepimus,
2559 711 2735 776 Deus,
2780 709 3208 767 misericordiam
3259 718 3409 764 tuam
3451 708 3509 767 in

263 806 392 862 λαοῦ
429 825 544 861 σου.

1939 804 2118 861 medio
2147 804 2332 875 populi
2361 805 2458 859 tui.

334 899 422 953 I9.
463 897 621 952 Κατὰ
651 897 712 950 τὸ
736 897 904 968 ὄνομά
931 914 1046 965 σου,
1077 897 1271 965 ὀΘεὸς,
1293 899 1431 953 οὕτω
1457 901 1550 954 καὶ
1576 900 1609 971 ἡ
1639 900 1841 964 αῐνεσίς

2012 897 2097 952 19.
2125 896 2433 952 Secundum
2465 911 2660 952 nomen
2693 904 2866 963 tuum,
2897 893 3061 962 Deus,
3085 894 3165 949 sic
3193 903 3248 949 et
3275 893 3392 948 laus
3414 900 3503 949 tua

271 1007 358 1044 σου
384 990 476 1044 ἐπὶ
509 991 577 1043 τὰ
616 989 827 1063 πέρατα
856 991 957 1062 τῆς
983 991 1109 1062 γῆς.

776 1008 827 1044 τα
856 991 957 1062 τῆς
983 991 1109 1062 γῆς,
1942 991 1995 1045 in
2019 991 2150 1046 ﬁnes
2171 999 2347 1046 terra}.

333 1083 425 1137 20.
468 1082 823 1154 Δικαιοσύνης
863 1081 1076 1155 πλήρης
1108 1085 1141 1155 ή
1173 1083 1320 1148 δεξιά
1347 1100 1460 1137 σου.

1350 1100 1460 1137 σου.
2007 1081 2094 1135 20.
2125 1079 2342 1136 Justitia
2370 1081 2527 1150 plena
2554 1080 2776 1136 dextera
2811 1087 2921 1134 tua.

335 1176 424 1229 21.
465 1175 837 1248 Εὗφρανθήτω
868 1175 994 1246 ὸρος
1026 1175 1184 1242 Σιὼν,
1331 1177 1333 1179 ’

1179 1217 1184 1238 ,
1331 1177 1333 1179 ’
2011 1171 2099 1225 21.
2135 1170 2374 1226 Laetetur
2404 1185 2563 1226 mons
2593 1171 2750 1237 Sion,

335 1266 424 1321 22.
466 1266 574 1319 Καὶ
587 1265 1031 1334 ἀγαλλιάσθωσαν
1049 1269 1104 1320 αἱ
1125 1267 1423 1341 θυγατέρες
1436 1268 1536 1340 τῆς
1561 1269 1840 1334 Ἰουδαίας,

1255 1268 1423 1341 ιτέρες
1436 1268 1536 1340 τῆς
1561 1269 1840 1334 Ἰουδαίας,
2015 1262 2103 1318 22.
2135 1263 2202 1318 Ει
2221 1264 2490 1319 exsultent
2509 1263 2632 1318 ﬁlia;
2653 1262 2826 1329 Iudas,

335 1358 423 1411 23.
445 1359 669 1410 Ἕνεκεν
695 1357 804 1412 τῶν
836 1359 1123 1430 χριμάτων
1153 1377 1268 1427 σου,
1294 1361 1490 1434 Κύριε.

1448 1380 1490 1417 ε.
2013 1357 2104 1411 25.
2130 1355 2356 1427 Propter
2379 1356 2586 1428 judicia
2619 1365 2732 1421 tua,
2768 1353 3019 1410 Domine.

336 1446 426 1498 21.
471 1443 798 1498 Κυκλώσατε
823 1445 981 1511 Σιὼν,
1013 1446 1103 1499 καὶ
1130 1446 1449 1519 περιλάϐετε
1478 1448 1646 1520 αὐτήν
1665 1464 1681 1480 °

2015 1449 2105 1503 24.
2138 1448 2482 1504 Circumdate
2515 1447 2670 1514 Sion,
2693 1457 2747 1502 et
2771 1444 3198 1517 complectimini
3223 1458 3366 1506 eam,

337 1537 424 1592 25.
469 1537 808 1608 Διηγήσασθε
841 1539 900 1590 ἐν
935 1540 1048 1602 τοῖς
1081 1539 1306 1612 πύργοις
1335 1539 1526 1610 αὐτῆς.

1335 1539 1526 1610 αὐτῆς.
2017 1538 2106 1593 25.
2136 1537 2363 1594 Narrate
2384 1537 2438 1592 in
2463 1538 2708 1593 turribus
2738 1537 2877 1608 ejus.

340 1627 428 1683 26.
469 1627 640 1681 Θέσθε
656 1627 754 1693 τὰς
773 1629 1000 1699 καρδίας
1018 1629 1170 1701 ὑμῶν
1186 1632 1265 1693 είς
1278 1630 1376 1703 τὴν
1393 1631 1622 1703 δύναμιν
1642 1633 1812 1706 αὐτῆς
1830 1651 1843 1664 ·

1648 1633 1843 1706 αὐτῆς·
2018 1628 2104 1683 26.
2145 1627 2335 1685 Ponite
2355 1630 2520 1686 corda
2543 1639 2719 1686 vestra
2749 1629 2804 1682 in
2834 1629 3032 1684 virtute
3065 1626 3219 1698 ejus;

339 1719 428 1776 27.
474 1720 582 1773 Καὶ
608 1720 986 1774 καταδιέλεσθε
1020 1722 1119 1787 τὰς
1155 1722 1340 1795 βάρεις
1371 1724 1561 1795 αὐτῆς,

1371 1724 1561 1795 αὐτῆς,
2017 1720 2103 1775 27.
2134 1719 2201 1775 Ει
2223 1722 2531 1777 distribuite
2551 1721 2747 1776 domos
2774 1721 2914 1791 ejus,

341 1812 429 1866 28.
447 1814 632 1878 Ὅπως
661 1813 725 1868 ἂν
758 1814 1090 1886 διηγήσησθε
1122 1818 1201 1880 είς
1228 1817 1421 1885 γενεὰν
1454 1818 1669 1888 ὲτέραψ
1880 1811 1912 1866 Β

1484 1818 1669 1888 τέρανο
1880 1811 1921 1866 Β
2017 1811 2102 1866 28.
2131 1811 2203 1868 Ut
2226 1813 2491 1868 enarretis
2519 1815 2575 1868 in
2606 1814 2861 1885 progenie
2885 1812 3054 1867 altera

343 1905 430 1959 29.
453 1905 574 1958 Ὅτι
598 1898 752 1968 οὗτός
779 1906 924 1959 ἐστιν
953 1907 982 1959 ὁ
1008 1905 1139 1970 Θεὸς
1173 1906 1353 1978 ἡμῶν,

2015 1903 2100 1958 29.
2133 1903 2399 1971 Quoniam
2429 1905 2518 1960 hic
2544 1913 2630 1960 est
2655 1905 2798 1961 Deus
2835 1915 3041 1970 noster,

344 1997 432 2051 50.
476 1998 570 2060 Et;
598 1996 689 2051 τὸν
714 1997 884 2052 αἰῶνα
918 2000 1012 2052 καὶ
1038 2000 1116 2063 είς
1146 1999 1235 2052 τὸν
1261 1999 1431 2054 αίῶνα
1453 1998 1548 2054 τοῦ
1581 1999 1774 2063 αἰῶνος
1793 2015 1808 2030 '

1628 1999 1774 2063 ἱῶνος
1793 2015 1808 2030 ο
2016 1996 2102 2051 30.
2138 1995 2195 2051 In
2220 2005 2506 2063 aeternum,
2533 2006 2586 2053 et
2607 1997 2661 2052 in
2690 1997 2949 2053 seculum
2983 1994 3199 2051 saeculi:

343 2087 431 2147 '61.
474 2089 647 2152 Αὐτὸς
684 2093 940 2161 ποιμανεῖ
962 2093 1110 2163 ἡμᾶς
1139 2091 1220 2155 είς
1251 2092 1376 2155 τοὺς
1409 2091 1633 2155 αἰῶνας.

1351 2109 1376 2155 ς
1409 2091 1633 2155 αἰῶνας.
2015 2091 2102 2146 51.
2135 2091 2253 2161 Ipse
2280 2101 2466 2162 pascet
2494 2106 2595 2147 nos
2623 2091 2678 2146 in
2702 2091 2921 2146 sacula.

360 2183 464 2246 Εἰς
494 2180 563 2234 τὸ
601 2180 796 2249 τέλος,
845 2182 968 2249 τοῖς
998 2183 1150 2250 υἱοῖς
1177 2183 1348 2252 Κορέ.
1388 2186 1564 2240 ΨΑΛ.
1613 2187 1757 2240 MH’.

1728 2191 1757 2239 '.
2153 2182 2220 2238 In
2247 2185 2426 2254 ﬁnem,
2458 2185 2585 2254 ﬁliis
2607 2184 2757 2238 Core.
2788 2180 2990 2238 PSAL.
3019 2179 3114 2234 XL
3134 2175 3299 2234 VIII.

346 2270 396 2325 1.
427 2269 723 2325 Ἀκούσατε
755 2272 947 2338 ταῦτα,
983 2273 1159 2327 πάντα
1179 2273 1249 2327 τὰ
1279 2273 1430 2343 ἔθνη,

1346 2289 1430 2343 νη,
2025 2275 2077 2329 1.
2107 2275 2298 2330 Audite
2329 2275 2465 2341 hac,
2501 2290 2690 2330 omnes
2713 2283 2917 2344 gentes,

340 2363 396 2418 2.
423 2365 798 2433 Ἐνωτίσασθε,
826 2367 1023 2432 πάντες
1053 2369 1103 2422 οἱ
1135 2366 1514 2429 κατοικοῦντες
1546 2364 1642 2438 τὴν
1667 2369 1845 2419 οἰκου-

2023 2370 2078 2426 2.
2105 2367 2337 2424 Auribus
2359 2367 2641 2439 percipite,
2667 2380 2862 2422 omnes
2894 2363 2989 2434 qui
3021 2360 3279 2416 habitatis
3304 2356 3512 2412 orbem.
3558 2352 3572 2363 '

273 2455 461 2528 μένην.

1407 2548 1786 2605 ATHANASII
1823 2547 2402 2606 INTERPRETATIO.

347 2661 434 2726 15,
461 2660 550 2718 16.
588 2664 674 2718 Ἐν
702 2667 767 2736 τῇ
794 2665 907 2720 ἄνω
941 2665 1312 2738 Ἰερουσαλήμ.

2033 2663 2120 2730 I5,
2156 2662 2240 2717 I6.
2272 2662 2330 2717 In
2357 2675 2587 2731 superna
2615 2658 2941 2714 Jerusalem.

348 2754 435 2809 17.
465 2755 784 2820 Ἀσάλευτός
811 2758 958 2811 ἐστιν
975 2757 1052 2820 εἰς
1073 2759 1197 2821 τοὺς
1215 2757 1603 2831 ἀτελευτήτους
1620 2759 1847 2820 αἰῶνας.

1689 2759 1847 2820 ῶνας.
2031 2761 2120 2814 I7.
2154 2758 2453 2813 Immobilis
2474 2765 2559 2812 est
2589 2755 2642 2810 in
2677 2753 3009 2825 sempiterna
3039 2748 3260 2806 saecula.

465 2848 866 2944 _At'qmoép50a
898 2848 976 2919 (1)
1005 2848 1072 2902 τὰ
1104 2849 1404 2921 παθήματά
1437 2869 1549 2905 σου.
1879 2883 1915 2944 C

1437 2869 1549 2905 σου.
1879 2883 1923 2944 c
2031 2851 2116 2906 I8.
2145 2849 2494 2906 Narravimus
2521 2846 2804 2919 passiones
2836 2854 2978 2898 tuas.

346 2935 433 2990 19.
465 2937 550 3001 Ὠς
579 2939 936 3012 ἀτελεύτητον
966 2941 1082 2992 ἐστι
1125 2939 1186 2992 τὸ
1217 2939 1386 3012 ὄνομα
1417 2958 1533 3010 σου,
1563 2941 1734 3007 οὕτως
1760 2943 1853 2997 καὶ
1881 2927 1917 2944 ν

2025 2942 2112 2997 19.
2151 2939 2299 2997 Sicut
2329 2941 2721 3011 sempiternum
2767 2945 2850 2992 est
2891 2948 3092 2990 nomen
3132 2939 3310 2992 tuum,
3347 2927 3422 2982 ita
3467 2930 3513 2980 el

272 3028 324 3098 ἡ·
346 3027 550 3094 αἴνεσίς
583 3047 702 3087 σου.

649 3049 702 3087 υ.
1954 3031 2074 3085 laus
2105 3039 2215 3085 tua.

344 3120 435 3176 20.
463 3122 521 3176 ’0
553 3123 681 3188 λαὸς
717 3126 745 3177 ὁ
771 3123 945 3188 ἑστὼς
972 3126 1035 3178 ὲκ
1059 3124 1247 3192 δεξιῶν
1285 3143 1387 3197 μου
1417 3127 1517 3182 (2).

1446 3127 1517 3182 2).
2025 3124 2115 3177 20.
2149 3122 2381 3192 Populus
2413 3131 2564 3178 stans
2591 3137 2622 3176 a
2649 3120 2856 3176 dextris
2888 3118 3017 3173 tuis.

347 3213 437 3267 21.
463 3215 527 3268 Ἡ
552 3215 664 3270 ἄνω
697 3217 1075 3290 Ἰερουσαλήμ.

2021 3207 2110 3262 21.
2147 3205 2391 3276 Superna
2423 3205 2747 3261 Jerusalem.

346 3305 435 3359 22.
477 3308 542 3360 Αἱ
573 3308 740 3380 ψυχαὶ
769 3309 876 3363 τῶν
901 3311 1092 3378 ἁγίων.

2022 3300 2112 3353 22.
2148 3298 2360 3353 Anima:
2384 3307 2716 3353 sanctorum.

344 3397 676 3453 25.”Ενεκεν
707 3400 806 3471 τῆς
837 3399 1244 3465 ἀνταποδόσεώς
1275 3418 1389 3467 σου,
1419 3399 1613 3472 Κύριε.

2029 3388 2121 3441 25.
2156 3386 2382 3457 Propter
2410 3387 2824 3442 retributionem
2848 3392 3021 3448 tuam,
3047 3380 3298 3436 Domine.

343 3489 434 3544 24.
475 3469 877 3563 Οἰκήσατε-τὴν
911 3491 1022 3546 ἅνω
1058 3493 1432 3566 Ἰερουσαλὴμ,
1458 3469 1551 3548 καὶ
1575 3494 1656 3557 είς
1689 3492 1856 3546 κατά-

2021 3480 2112 3536 24.
2145 3480 2396 3536 Habitate
2443 3494 2737 3550 supernam
2785 3476 3087 3533 Jerusalem
3111 3512 3126 3540 ,
3167 3483 3222 3527 et
3253 3469 3517 3542 possidete

273 3599 461 3653 σχεσιν
489 3583 658 3655 αὐτὴν
691 3583 877 3655 ἔσχετε
907 3584 1006 3656 (a).

524 3583 658 3655 ﬁtﬁv
691 3583 877 3655 ἔσχετε
907 3584 1006 3656 (a).
1955 3585 2095 3627 eam.

347 3673 437 3728 2'5.
471 3675 559 3728 Ἐν
585 3650 695 3739 τοῖς
721 3650 896 3744 ἁγίοις
916 3650 1086 3748 αὸτῆς
1117 3677 1448 3749 διηγήσασθε
1469 3677 1538 3732 τὰ
1557 3677 1857 3747 δικαιώμα-

2024 3662 2112 3717 25.
2144 3661 2371 3718 Narrate
2398 3662 2454 3716 in
2482 3661 2688 3717 sanctis
2719 3659 2892 3730 ipsius
2921 3653 3339 3729 iustiﬁcationes
3381 3650 3503 3719 ejus

271 3783 343 3821 τα
373 3784 560 3821 αυτου.

343 3858 434 3912 26.
475 3859 644 3913 Θέσθε
664 3861 763 3933 τὴν
783 3861 1017 3916 διάνοιαν
1040 3860 1194 3932 ὑμῶν
1213 3863 1292 3925 εἰς
1310 3861 1410 3926 τὰς
1428 3860 1645 3924 ἐντολὰς
1666 3858 1852 3914 αὐτοῦ.

2025 3855 2113 3910 26.
2145 3856 2338 3912 Ponite
2363 3865 2600 3912 mentem
2631 3863 2868 3910 vestram
2894 3852 2947 3905 in
2973 3847 3260 3920 prmeeptis
3285 3844 3449 3900 illius.

343 3950 436 4005 27.
479 3953 587 4006 Καὶ
615 3954 901 4024 μερίσεσθε
935 3953 1009 4025 (ὁ)
1045 3955 1144 4017 τὰς
1175 3953 1342 4025 μονὰς
1367 3955 1556 4024 αὐτῆς.

1410 3955 1556 4024 ὺτῆς.
2026 3950 2116 4004 27.
2153 3948 2220 4005 Ει
2243 3948 2466 4004 dividite
2501 3947 2816 4003 mansiones
2840 3943 2981 4014 ejus.

342 4042 435 4097 28.
455 4044 642 4108 Ὅπως
667 4045 732 4099 ἂν
749 4047 906 4120 διηγή
915 4047 1077 4101 σασθε
1094 4050 1150 4101 ὲν
1173 4048 1242 4118 (c)
1261 4047 1336 4118 τῷ
1348 4047 1524 4119 χρόνῳ
1540 4046 1645 4100 τῶν
1664 4044 1854 4115 ἁγίων.

1671 4044 1854 4115 ἁγίων.
2028 4039 2118 4095 28.
2145 4038 2217 4096 Ut
2243 4040 2510 4096 enarretis
2540 4040 2596 4094 in
2625 4048 2870 4108 tempore
2907 4043 3242 4091 sanctorum.

341 4135 432 4189 29.
462 4137 593 4190 ’Ότι
625 4134 802 4206 οὗτός
841 4141 1014 4194 ἐστιν
1041 4144 1074 4195 d
1104 4139 1248 4207 Θεὸς
1270 4139 1460 4210 ἡμῶν.

1410 4157 1460 4193 ν.
2023 4133 2114 4188 29.
2150 4133 2411 4200 Quoniam
2433 4133 2518 4187 hic
2539 4143 2616 4188 est
2645 4131 2786 4186 Deus
2808 4140 2981 4184 noster

343 4225 435 4292 30,
463 4228 551 4283 5L
583 4229 639 4283 ὐ
670 4231 869 4303 ποιμὴν
897 4234 924 4286 ὁ
958 4234 1121 4298 καλὸς
1149 4233 1404 4304 ποιμανεῖ
1429 4232 1575 4304 ἡμᾶς
1609 4229 1714 4302 (5).
1879 4239 1914 4296 1]

1609 4229 1714 4302 (5).
1879 4239 1925 4296 ι)
2017 4225 2109 4294 30,
2145 4227 2234 4281 51.
2265 4225 2460 4282 Pastor
2487 4225 2685 4290 bonus,
2721 4224 2814 4295 qui
2847 4229 3029 4292 pascet
3053 4234 3173 4275 nos.

356 4339 424 4391 'II
457 4344 788 4417 προκειμένη
812 4346 1091 4419 ἐπιγραφὴ
1120 4347 1359 4418 περιέχει
1387 4344 1496 4415 (4)1·
1526 4346 1631 4409 Εὶς
1654 4342 1718 4396 τὸ
1752 4341 1946 4408 τέλος,
1973 4339 2098 4407 τοῖς
2126 4339 2278 4407 υἱοῖς
2304 4339 2455 4408 Κορὲ
2485 4338 2724 4408 ψαλμός
2742 4355 2756 4368 ·
2781 4335 2910 4408 περὶ
2935 4332 3028 4389 τοῦ
3055 4330 3239 4394 τέλους
3267 4326 3374 4382 τῶν
3399 4322 3523 4419 υἱῶν

273 4427 370 4498 τῆς
401 4432 685 4499 ἀπειθείας
711 4437 741 4489 ὁ
770 4417 984 4508 ψαλμὸς
1009 4417 1176 4508 λέγει.
1208 4437 1359 4507 Κορὲ
1385 4437 1532 4505 λέγει
1568 4433 1821 4504 ἀπειθὴς
1855 4433 1931 4505 (5)
1963 4431 2044 4499 τῷ
2087 4431 2208 4499 Θεῷ
2237 4431 2577 4504 γεγένηταιο
2608 4431 2740 4485 διότι
2777 4429 2871 4484 καὶ
2902 4429 3028 4491 τοὺς
3078 4423 3350 4483 τοιούτους
3382 4417 3525 4479 υἱοὺς

275 4520 438 4575 αὐτοῦ
465 4526 622 4580 καλεῖ
653 4529 686 4598 ὴ
716 4529 929 4600 Γραφή.

347 4612 556 4673 Titulus
594 4619 888 4690 inscriptus
919 4619 1161 4676 continet
1196 4636 1211 4674 :
1249 4615 1317 4672 In
1344 4617 1521 4687 ﬁnem,
1555 4615 1686 4686 ﬁliis
1714 4615 1846 4670 Core
1891 4614 2148 4685 psalmus.
2180 4613 2256 4670 De
2313 4614 2418 4670 (ine
2469 4613 2707 4669 ﬁliorum
2762 4607 3137 4668 inobedientiaa
3169 4605 3412 4676 psalmus
3445 4601 3527 4655 lo-

274 4711 482 4780 quitur.
519 4709 649 4767 Core
681 4716 967 4786 signiﬁcat,
1002 4715 1302 4771 inabediens
1337 4713 1444 4768 Deo
1469 4712 1645 4783 [actus
1683 4721 1782 4778 est,
1815 4719 2103 4784 pr0pterea
2137 4712 2274 4768 tales
2303 4711 2422 4782 ejus
2447 4710 2591 4765 ﬁlios
2619 4718 2778 4763 vocat
2810 4704 3006 4777 psalmi
3045 4700 3349 4770 inscriptio.

350 4804 401 4858 1.
441 4804 769 4879 Παιδεύθητε
800 4811 993 4876 ταῦτα,
1027 4809 1062 4864 ὃ.
1101 4807 1281 4882 μέλλω
1326 4807 1528 4875 λέγειν,
1561 4804 1740 4859 πάντα
1785 4802 1853 4858 τὰ

2030 4807 2081 4859 1.
2115 4803 2314 4861 Discite
2346 4805 2480 4869 haec,
2511 4818 2632 4874 quae
2660 4802 2906 4858 dicturus
2930 4811 3074 4859 sum,
3100 4807 3292 4849 omnes
3319 4797 3523 4860 gentes.

275 4891 428 4947 ἔθνη.

341 4910 406 5038 ἓ
427 4985 739 5052 Ἐκδὲξασθε
775 4989 845 5042 τὰ
875 4983 990 5044 ὧτα
1021 4990 1174 5062 ὑμῶν
1197 4988 1233 5044 ὃ.
1260 4988 1371 5060 ἐρῶ
1402 4988 1530 5059 ὑμῖν
1572 4985 1672 5056 (6)-

2034 4981 2089 5038 2.
2118 4981 2366 5052 Excipite
2387 4981 2612 5036 auribus
2645 4977 2863 5044 vestris,
2888 4990 3012 5046 quae
3038 4971 3212 5028 dicam
3246 4963 3420 5019 vobis.

1221 5109 1528 5171 Addenda
1561 5115 1622 5170 et
1675 5101 2056 5183 corrigenda
2088 5119 2169 5164 ex
2201 5101 2342 5164 cod.
2377 5101 2581 5163 Vatic.

349 5226 422 5301 II)
461 5229 860 5301 ἑιηγησόμεθαο
2219 5224 2306 5301 διρι
2337 5223 2436 5301 τῇς
2457 5219 2828 5301 πινναϐἀρεως
2857 5230 2982 5284 περ.

349 5297 425 5365 (2)
463 5293 630 5352 Σου.’
703 5293 714 5300 ’
818 5363 872 5366 *Α
933 5364 944 5366 ᾉ
1339 5361 1351 5366 _
1490 5362 1500 5366 _
2033 5293 2428 5366 (5)1{0957619
2458 5293 2557 5366 ἀπ.
2643 5361 2655 5366 _
2767 5357 2782 5366 _
2838 5357 2859 5366 _
2973 5351 2984 5366 ,
3106 5339 3468 5366 ,7,____A____,._

349 5346 423 5434 (Si
454 5346 656 5430 19.729,
697 5366 786 5429 50,
816 5363 906 5429 3t,
932 5364 1189 5434 leguntur
1226 5361 1586 5434 coniunctim,
1634 5369 1853 5434 acﬂpost

2145 5346 2466 5434 Ειέδξξᾉιᾰθε
2495 5364 2574 5425 εἰς
2601 5361 2735 5416 τὰ...
2763 5357 2888 5427 ὑμῖν
2917 5351 3114 5411 πάντες
3140 5346 3189 5401 οἱ
3217 5346 3527 5399 κατοικοῦν-

270 5432 423 5510 ῄμᾷς
450 5436 889 5510 bascadduntur,
910 5432 1020 5510 -εῑιξΔ
1043 5433 1588 5510 τρὺςῌάἶελευτήτους
1626 5432 1841 5496 αἰῶνας,

963 5432 1020 5510 ίρξΔ
1043 5433 1588 5510 τοὺςμάἶελευτήτους
1626 5432 1850 5496 αἰῶνας,
1954 5432 2048 5503 τες
2075 5437 2174 5510 τὴν
2198 5433 2533 5506 οἰκουμένην,

269 5502 427 5576 δ’τὴν
457 5506 632 5578 ψυχὴν
665 5505 826 5560 αὑτοῦ
852 5505 964 5569 θεὶς
999 5504 1138 5574 ὑπὲρ
1163 5502 1338 5574 ἡμῶν.

343 5619 422 5690 (ο)
456 5620 730 5690 Ἔσχετε.
767 5617 930 5690 Forte
957 5616 1249 5690 515$,ch
1275 5615 1474 5687 ἴσχετε.
1508 5615 1666 5690 Enn.
1749 5683 1784 5690 __

1749 5683 1784 5690 ._
2026 5619 2097 5690 (ε)
2127 5617 2520 5688 Διηγήσασθε.
2552 5611 2713 5669 Forte
2748 5599 3094 5675 διηγήσησθε.
3133 5597 3286 5651 Em.

342 5683 419 5758 (ὁ)
446 5683 794 5757 Μερίὸνεσθε.
831 5689 957 5758 Leg.
985 5683 1097 5744 Vid.
1146 5683 1363 5758 interpi,
1402 5685 1717 5758 μερίσασθε.
1744 5683 1842 5742 En.
