3978 6204
485 336 584 392 339
1329 325 1386 380 s.
1429 321 1806 380 ATHANASII
1845 320 1995 378 ore.
2037 317 2214 374 rans
2256 318 2343 374 Ill.
2382 350 2451 359 —
2487 317 2899 376 EXEGETICA.
3627 323 3735 383 εις.

550 459 602 511 5.
640 454 852 524 Quique
874 451 1156 521 terrigena
1179 457 1231 504 ct
1256 447 1350 503 ﬁlii
1383 449 1688 512 hominum,
2071 453 2117 507 Α

2071 453 2117 507 Α
2214 444 2265 497 3.
2309 443 2381 495 Οἵ
2409 460 2469 494 τε
2495 443 2748 513 γηγενεῖς
2771 441 2864 494 καὶ
2895 440 2999 493 υἱοὶ
3030 437 3137 491 τῶν
3159 438 3483 511 ἀνθρώπιον,

551 550 605 602 4.
639 546 812 602 Simul
837 545 890 599 in
933 558 1099 598 unum
1125 540 1276 596 dives
1304 549 1358 596 ct
1386 555 1612 608 pauper.

2223 536 2276 588 4.
2301 535 2425 587 Ἐπὶ
2451 535 2509 587 τὸ
2545 535 2676 588 αὐτὸ
2711 534 2962 596 πλούσιος
2999 533 3091 584 καὶ
3119 533 3304 603 πένης.

551 639 603 693 5.
637 635 710 692 0s
745 651 926 691 meum
961 635 1211 703 loquetur
1243 631 1588 701 sapientiam,

2319 625 2391 677 Τὸ
2421 625 2595 694 στόμα
2632 641 2731 695 μου
2763 625 2984 695 λαλήσει
3018 622 3225 690 σοφίαν,

553 730 606 783 t3.
635 729 702 784 Et
729 726 1006 782 meditatio
1028 725 1210 780 cordis
1235 725 1340 778 mei
1369 723 1734 794 prudentiam.

2222 716 2276 771 6.
2319 717 2480 786 Καλὴ
2519 715 2714 786 μελέτη
2746 715 2845 785 τῆς
2875 715 3101 784 καρδίας
3131 731 3230 784 μου
3267 714 3500 768 σύνεσιν.

552 823 606 875 7.
639 821 916 875 lnclinabo
951 819 1006 873 in
1040 819 1351 888 parabolam
1381 831 1568 871 aurem
1601 830 1802 877 meam,

1769 832 1802 877 ι,
2222 807 2274 859 7.
2317 807 2496 860 Κλινῶ
2529 809 2609 870 εἰς
2633 806 2945 878 παραϐολὴν
2979 806 3041 857 τὸ
3077 802 3170 869 οὖς
3203 821 3304 876 μου
3325 821 3340 838 ⁶

552 917 605 970 8.
633 915 886 986 Aperiam
917 915 970 968 in
992 912 1247 983 psalterio
1277 911 1700 982 propositionem
1727 897 1928 962 meam.

1915 945 1928 958 .
2221 899 2273 953 8.
2303 899 2520 990 Ἀνοίξω
2547 901 2605 952 ὲν
2635 898 2918 970 ψαλτηρίῳ
2946 898 3008 952 τὸ
3041 896 3331 982 πρόϐλημά
3356 915 3476 968 μου.

553 1008 604 1060 9.
635 1005 745 1060 Cur
773 1006 935 1060 timeo
966 1004 1018 1058 in
1054 1002 1141 1056 die
1178 1002 1355 1056 mala?

2221 990 2274 1044 9.
2295 990 2411 1043 Ἵνα
2440 987 2490 1042 τῖ
2522 987 2792 1060 φοϐοῦμαι
2827 991 2884 1041 ὲν
2917 988 3100 1060 ἡμέριι
3127 989 3372 1058 πονηρᾷς

552 1097 640 1152 10.
671 1097 933 1167 lniquitas
962 1097 1202 1153 calcanei
1238 1096 1345 1150 mei
1380 1091 1741 1148 circumdabit
1772 1104 1875 1144 me.

2224 1081 2309 1133 1υ.
2336 1080 2398 1132 ’11
2427 1080 2626 1150 ἀνομία
2650 1080 2749 1150 τῆς
2786 1078 3023 1149 πτέρνης
3055 1095 3154 1148 μου
3195 1078 3462 1131 κυκλώσει
3496 1095 3581 1148 με.

559 1190 640 1245 ll.
669 1188 772 1255 Qui
798 1191 1078 1244 conlidunt
1102 1189 1154 1242 in
1184 1189 1387 1242 virtute
1414 1201 1533 1251 sua,
2101 1175 2109 1192 ¹

2101 1175 2109 1192 ¹
2225 1175 2311 1228 11.
2355 1175 2415 1225 Οἱ
2443 1172 2760 1236 πεποιθότες
2792 1173 2883 1224 ἐπὶ
2905 1174 2970 1242 τῇ
2995 1170 3218 1250 δυνάμει
3252 1170 3450 1232 αὐτῶν,

481 1318 486 1322 -
555 1281 641 1335 12.
673 1280 738 1336 Ει
799 1283 853 1335 in
887 1281 1230 1336 multitudine
1281 1279 1593 1334 divitiarum
1653 1289 1876 1332 suarum
1931 1271 2048 1341 glo-

2228 1267 2308 1321 12.
2354 1268 2461 1320 Kal
2503 1266 2595 1318 ἐπὶ
2642 1265 2719 1336 τῷ
2766 1265 2957 1338 πλήθει
2993 1263 3086 1317 τοῦ
3116 1262 3344 1316 πλούτου
3383 1263 3560 1316 αὐτῶν
3587 1282 3711 1316 καυο

483 1374 712 1428 t'iantur.

2152 1357 2403 1429 χὼμενοι.

554 1465 636 1518 15.
671 1465 865 1520 Frater
901 1482 1009 1521 non
1045 1465 1285 1532 redimit,
1316 1464 1548 1519 redimet
1573 1462 1760 1525 homo,

2225 1452 2309 1504 15.
2351 1450 2600 1520 Ἀδελφὸς
2633 1450 2690 1503 οὐ
2721 1449 3028 1520 λυτροῦται,
3053 1449 3383 1520 λυτρὼσεται
3409 1450 3709 1516 ἄνθρωπος·

553 1557 641 1610 11.
671 1554 788 1610 Non
816 1556 966 1612 dabit
993 1557 1103 1612 Dco
1126 1556 1486 1628 placationem
1523 1569 1703 1620 suam,

2225 1540 2311 1594 14.
2345 1540 2418 1592 Οὐ
2449 1539 2610 1592 δώσει
2639 1538 2715 1609 τῷ
2743 1539 2862 1610 Θεῷ
2891 1539 3153 1610 ὲξίλασμα
3182 1539 3396 1605 ἑαυτοῦ,

553 1648 640 1702 15.
676 1648 740 1702 Et
771 1651 1005 1718 pretium
1037 1649 1426 1720 redemptionis
1455 1647 1652 1702 anima:
1680 1660 1810 1701 suae.

2227 1635 2312 1688 15.
2341 1635 2450 1687 Kal
2469 1632 2564 1704 τὴν
2583 1633 2744 1704 τιμὴν
2766 1633 2862 1703 τῆς
2881 1632 3199 1704 λυτρώσεως
3218 1633 3318 1704 τῆς
3337 1633 3517 1704 ψυχῆς
3539 1631 3711 1688 αὑτοῦ.

558 1739 642 1794 16.
677 1741 739 1795 Et
803 1741 1086 1797 laborabat
1137 1741 1193 1796 in
1238 1751 1524 1805 internum,
1585 1748 1640 1794 et
1695 1737 1838 1792 vivet
1884 1733 1938 1788 in
1987 1732 2050 1787 (ἰ-
2084 1803 2125 1856 Β

2229 1726 2313 1779 16.
2341 1726 2450 1779 Kal
2482 1724 2769 1778 ἐκοπίασεν
2810 1726 2890 1788 είς
2917 1725 3007 1778 τὸν
3034 1724 3202 1779 αἰῶνα
3223 1766 3238 1790 ,
3273 1725 3366 1778 καὶ
3401 1725 3618 1797 ζήσεται
3643 1726 3713 1788 είς

2155 1818 2307 1856 eamn-

485 1851 629 1889 "em.
1430 1861 1447 1882 ορ

1430 1861 1447 1882 ν
2084 1818 2125 1856 υ
2155 1818 2327 1881 τέλος.

555 1925 637 1979 17.
671 1924 786 1980 Non
815 1925 1018 1980 videbit
1046 1923 1352 1991 interitum,

2231 1910 2316 1962 17.
2353 1909 2466 1961 Οὐκ
2498 1906 2685 1977 ὄψεται
2717 1907 3084 1981 καταφθορὰν,

555 2019 642 2073 18.
675 2018 810 2072 Cum
837 2017 1030 2072 viderit
1059 2018 1332 2087 sapientes
1369 2013 1707 2070 morientes?

2230 2001 2314 2055 18.
2349 2002 2512 2054 Ὅταν
2549 2001 2634 2075 ἴδῃ
2665 2002 2860 2070 σοφοὺς
2884 2001 3354 2073 ἀποθνήσκοντας;

555 2110 642 2164 19.
672 2109 844 2164 Simul
876 2111 1138 2180 insipiens
1165 2118 1220 2165 et
1246 2109 1448 2165 stultus
1479 2108 1773 2177 peribunt:

2234 2096 2318 2150 19.
2364 2095 2486 2147 Ἐπὶ
2516 2093 2579 2146 τὸ
2610 2094 2739 2147 αὐτὸ
2772 2094 2959 2165 ἄφρων
2989 2093 3082 2146 καὶ
3109 2093 3265 2158 ἄνους
3293 2093 3616 2148 ἀπολοῦνται
3634 2110 3648 2126 ’

555 2202 642 2258 20.
678 2202 743 2258 Et
767 2203 1075 2273 relinquent
1100 2202 1292 2259 alienis
1319 2201 1539 2258 divitias
1573 2214 1726 2256 suas.

2226 2185 2314 2240 20.
2357 2185 2466 2238 Kal
2518 2184 2932 2255 καταλείψουσιν
2981 2185 3278 2256 ἀλλοτρίοις
3340 2185 3431 2238 τὸν
3502 2185 3714 2239 πλοῦτον

2155 2275 2356 2330 αὐτῶν.

1609 2415 1976 2474 ATHANASII
2020 2412 2607 2470 INTERPRETATIO.

555 2583 609 2640 3.
643 2581 866 2638 Terreni
895 2580 989 2636 lilii
1019 2579 1325 2637 hominum.

2224 2574 2277 2628 5.
2320 2576 2381 2627 Οἱ
2409 2579 2583 2645 γήινοι
2624 2571 2726 2624 υἱοὶ
2752 2569 2858 2623 τῶν
2887 2569 3205 2641 ἀνθρώπων.

551 2676 604 2728 4.
643 2673 897 2728 Eamdem
926 2672 1229 2728 doctrinam
1257 2669 1414 2726 vobis
1443 2669 1701 2725 omnibus
1733 2667 2041 2739 propositu-

2221 2667 2275 2721 4.
2317 2665 2426 2738 Τὴν
2459 2665 2625 2737 αὐτὴν
2662 2664 3009 2718 διδασκαλίαν
3033 2665 3198 2717 πᾶσιν
3234 2663 3362 2733 ύμῖν
3387 2661 3567 2732 μέλλω
3597 2677 3721 2732 πριυ

483 2780 580 2820 1³115
605 2780 749 2818 sum.

2151 2761 2356 2814 τιθέναι
2379 2758 2479 2829 (1).

553 2856 608 2909 5.
637 2854 878 2925 Apostoli
912 2871 1005 2924 per
1038 2853 1478 2924 medicationem
1519 2853 1805 2923 loquentur
1833 2849 2048 2920 sapien-

2222 2853 2278 2908 5.
2318 2853 2378 2906 Οἱ
2423 2850 2708 2904 ἀπόστολοι
2757 2849 2846 2904 διὰ
2888 2848 2981 2902 τοῦ
3028 2848 3382 2920 κηρύγματος
3434 2846 3717 2918 λαλήσουσι

483 2946 613 2998 tiam
645 2945 784 3015 ejus,
811 2961 916 2999 non
953 2931 1116 3014 hujus
1147 2945 1353 3000 saeculi.
1660 2990 1665 2994 .

2155 2943 2345 3013 σοφίαν
2369 2941 2556 3007 αὐτοῦ,
2585 2941 2732 3013 (οὐκ)
2763 2940 2954 3002 αἰῶνος
2989 2938 3065 3008 (2)
3096 2939 3301 2992 τούτου.

552 3036 604 3090 6.
635 3035 702 3092 Ει
746 3036 1026 3092 meditatio
1075 3037 1412 3092 credentium
1463 3037 1518 3091 in
1570 3052 1653 3092 me
1700 3031 2049 3103 intelligentia

2222 3035 2273 3089 6.
2314 3035 2424 3087 Kal
2451 3037 2484 3106 ἡ
2525 3034 2718 3105 μελέτη
2751 3033 2858 3086 τῶν
2885 3032 3248 3085 πιστευόντων
3287 3033 3366 3096 εἰς
3392 3032 3493 3102 ἐμὲ
3523 3031 3719 3092 σύνεσξς

481 3137 585 3183 cst.

2152 3139 2320 3179 εστιν.

553 3218 604 3273 7.
639 3218 918 3274 Adducam
952 3219 1005 3274 in
1033 3218 1346 3290 parabolam
1374 3217 1692 3289 mysterium
1720 3229 1925 3271 meum.
2078 3206 2120 3263 C

2078 3206 2120 3263 C
2222 3217 2276 3270 7.
2310 3216 2524 3285 Ἀγάγω
2549 3217 2628 3279 είς
2655 3215 2965 3288 παραϐολὴν
2997 3215 3056 3268 τὸ
3081 3214 3374 3286 μυστήριόν
3410 3230 3536 3284 μου.

548 3308 603 3362 8.
637 3309 948 3364 Describam
975 3311 1027 3364 in
1055 3311 1314 3380 psalterio
1338 3309 1768 3379 propositionem
1793 3321 1994 3362 meam.

1875 3321 1994 3360 tam.
2226 3309 2279 3364 8.
2311 3309 2632 3380 Ἀναγρόιψω
2661 3311 2716 3361 ἐν
2744 3308 3026 3380 ψαλτηρίῳ
3053 3307 3113 3361 τὸ
3139 3307 3446 3378 πρόϐλημα.

550 3399 605 3454 9.
638 3399 902 3470 Tempore
930 3403 1200 3471 passionis
1233 3417 1388 3456 meae.

2227 3401 2282 3456 9.
2313 3402 2399 3454 Ἐν
2424 3401 2500 3472 τῷ
2535 3401 2710 3472 καιρῷ
2739 3400 2832 3454 τού
2869 3401 3074 3464 πάθους
3109 3418 3233 3471 μου.

552 3490 640 3545 10.
675 3491 844 3548 Judas
884 3493 1109 3549 ultimus
1141 3493 1537 3564 discipulorum
1575 3505 1817 3547 meorum
1863 3491 2049 3545 insur-

2229 3492 2315 3548 10.
2347 3493 2542 3557 Ἰούδας
2565 3495 2592 3546 6
2619 3493 2842 3564 ἔσχατος
2866 3494 2974 3546 τῶν
3017 3491 3272 3562 μαθητῶν
3310 3509 3411 3563 μου
3457 3490 3714 3545 ἐπισυστεῑ

481 3595 569 3657 get
594 3584 647 3638 in
678 3599 786 3640 me.

2158 3585 2235 3651 (5)
2269 3583 2663 3657 [ὲπισυστήσει]
2697 3601 2804 3655 μοι.

551 3677 638 3731 11.
671 3674 955 3746 Principes
975 3676 1314 3732 Judaeorum.

2230 3677 2314 3730 11.
2355 3678 2416 3730 Οἱ
2445 3677 2697 3747 ἄρχοντες
2721 3678 2829 3730 τῶν
2864 3677 3155 3730 Ἰουδαίων.

549 3765 638 3820 12.
694 3764 897 3821 Scriba;
944 3777 998 3822 et
1049 3767 1309 3824 Pharisaei
1368 3767 1773 3840 Scripturarum
1827 3766 2050 3824 scientia

2232 3771 2319 3823 12.
2361 3772 2423 3822 υἱ
2453 3773 2798 3842 γραμματεῖς
2832 3772 2924 3824 καὶ
2961 3772 3008 3823 οί
3051 3771 3333 3842 Φαρισαῖοι
3366 3770 3457 3823 ἐπὶ
3496 3772 3563 3841 τῇ
3595 3769 3712 3838 γνὼ-

481 3856 632 3910 clati.
2160 3877 2240 3912 σει
2274 3860 2350 3930 (4)
2376 3859 2484 3914 τῶν
2509 3862 2547 3913 Γ
2553 3861 2738 3933 ραφῶν
2765 3849 3133 3932 ἐπαιρόμενοι.

551 3948 638 4003 15.
668 3945 786 4004 Non
838 3947 1010 4005 frater
1055 3959 1241 4006 noster
1277 3961 1380 4019 est,
1414 3953 1508 4023 qui
1533 3952 1752 4008 redimit
1789 3967 1913 4015 nos,
1947 3950 2052 4004 ltoc

2233 3953 2317 4004 15.
2353 3952 2466 4004 Οὐκ
2500 3952 2725 4022 ἀδελφὸς
2755 3954 2912 4024 ἡμῶν
2939 3957 3085 4008 ἐστιν
3117 3956 3145 4008 6
3173 3952 3538 4025 λυτρούμενος
3566 3953 3717 4023 ἡμᾶς.

479 4047 562 4094 est
586 4049 788 4095 nostrar
821 4051 1027 4096 natura:
1057 4051 1111 4097 et
1128 4044 1479 4112 conditionis,
1504 4045 1600 4101 sed
1623 4043 1767 4100 Deus
1797 4059 1893 4112 per
1923 4058 2050 4113 gra-

2157 4043 2432 4097 τουτέστιν
2475 4045 2502 4096 6
2543 4044 2642 4114 τῆς
2677 4045 2753 4116 (5)
2795 4047 3067 4118 ἡμετέρας
3108 4046 3344 4114 φύσεως,
3379 4045 3494 4098 ἀλλ’
3536 4046 3565 4096 6
3603 4044 3717 4105 Θεὸς

479 4131 613 4185 tiam
637 4128 815 4187 factus
849 4133 1009 4188 homo
1034 4134 1287 4188 liberabit
1314 4151 1436 4192 nos.

2160 4134 2298 4188 κατὰ
2323 4134 2480 4205 χάριν
2512 4135 2806 4207 γενόμενος
2835 4137 3119 4209 ἄνθρωπος
3142 4137 3478 4209 λυτρώσεται
3510 4138 3670 4207 ἡμᾶς.

549 4221 635 4276 14.
670 4221 737 4277 Ει
757 4239 865 4278 ιιοη
893 4214 1043 4279 dabit
1073 4227 1314 4297 seipsum
1348 4229 1710 4299 placationem
1740 4243 1839 4300 pro
1869 4227 2050 4282 anima

2235 4228 2320 4281 H.
2362 4228 2468 4280 Kal
2501 4229 2854 4294 οὐδξ,ὲαυτὸν
2891 4230 3050 4284 δώσει
3095 4229 3361 4301 ἐξίλασμα
3393 4229 3492 4300 τὴν
3528 4229 3602 4299 (6)
3630 4228 3719 4297 ψυ-

479 4329 601 4378 sua,
634 4315 727 4369 sed
752 4331 852 4384 pro
879 4317 1158 4374 omnibus.

2158 4322 2257 4394 χὴν
2285 4319 2471 4384 αὐτοῦ,
2513 4323 2646 4376 ἀλλά
2673 4323 2759 4378 διὰ
2786 4325 3011 4384 πάντας.

551 4407 638 4460 15.
662 4404 849 4477 Neque
883 4409 1116 4478 pretium
1153 4411 1376 4483 aliquod
1407 4414 1582 4479 dabit,
1609 4422 1670 4468 ut
1710 4413 1902 4468 liberet
1931 4412 2052 4467 ani-

2233 4413 2320 4468 15.
2361 4415 2493 4468 Οὐδὲ
2540 4416 2704 4487 τιμήν
2749 4434 2866 4469 τινα
2910 4415 3088 4480 δώσει,
3135 4415 3220 4468 ἴνα
3265 4412 3606 4486 λυτρώσηται
3634 4411 3718 4481 τὴν

483 4513 624 4552 mam
652 4516 828 4554 suam.

2091 4570 2123 4576 _
2159 4505 2334 4576 ψυχὴν
2357 4505 2541 4560 αὑτοῦ.

552 4589 638 4645 16.
661 4590 727 4646 Ει
752 4607 947 4662 passus
962 4601 1046 4648 est
1075 4593 1127 4648 in
1158 4594 1383 4661 mundo,
1408 4595 1502 4650 sed
1527 4595 1660 4650 vivit
1693 4595 1744 4648 in
1770 4603 2056 4650 aaternum.
2090 4570 2123 4630 Π

2176 4570 2185 4574 ﬁ
2359 4597 2470 4651 Kal
2502 4597 2738 4651 πέπονθε
2769 4598 2846 4669 τῷ
2885 4597 2962 4668 (7)
2997 4599 3206 4671 κόσμῳ,
3236 4599 3372 4654 ἀλλὰ
3405 4598 3471 4670 ζῇ
3508 4597 3715 4652 ἀτελευ-

2161 4707 2360 4753 τητως.

555 4765 637 4822 17.
673 4765 772 4823 Hic
801 4769 1017 4838 quidem
1060 4785 1170 4826 non
1202 4773 1355 4828 novit
1397 4777 1846 4844 corruptionem;
1881 4788 2058 4846 neque

2161 4708 2192 4742 τ
2231 4708 2309 4742 τω
2346 4731 2360 4744 .

2197 4708 2340 4838 η17Ϊἱ
2360 4775 2528 4847 Οὗτος
2560 4781 2658 4853 μὲν
2693 4782 2791 4835 οὐκ
2823 4777 2930 4836 εἶδε
2967 4782 3284 4856 διαφθοράν·
3315 4785 3372 4834 ού
3411 4779 3521 4852 γάρ
3548 4776 3615 4852 ἦν
3641 4781 3715 4832 δυ-

481 4857 630 4911 cnim
659 4859 922 4927 possibile
949 4870 1088 4928 erat,
1119 4871 1182 4917 ut
1224 4864 1339 4934 ipse
1369 4865 1718 4934 corruptione
1760 4875 2052 4922 teneretur.

1804 4875 2054 4922 :nerettlr.
2162 4873 2318 4926 νατὸν
2345 4874 2662 4946 κρατεῖσθαι
2691 4874 2852 4927 αὐτὸν
2887 4874 2991 4927 ὑπὸ
3020 4874 3117 4945 τῆς
3153 4874 3375 4943 φθορᾶς.

551 4949 637 5003 18.
662 4947 864 5006 Omnes
891 4964 1071 5009 autem
1097 4955 1368 5026 sapientes
1401 4956 1564 5027 hujus
1589 4959 1771 5013 saeculi
1803 4960 1920 5030 ipse
1941 4977 2057 5015 mo-

2236 4965 2319 5019 18.
2348 4966 2568 5028 Πάντας
2593 4965 2649 5018 δὲ
2686 4967 2811 5030 τοὺς
2839 4967 3035 5034 σοφοὺς
3066 4964 3159 5018 τοῦ
3189 4963 3382 5026 αἰῶνος
3412 4961 3600 5016 τούτου
3636 4960 3718 5012 a3-

481 5040 682 5096 rientes
708 5041 931 5098 videbit.

2161 5056 2252 5120 τὸς
2284 5057 2474 5126 ὄψεται
2503 5056 2959 5128 ἀποθνήσκοντας.

551 5133 651 5220 19ἶ
674 5131 847 5188 Simul
867 5150 1059 5192 omnes
1083 5138 1342 5208 peribunt
1373 5155 1482 5195 non
1516 5144 1840 5200 conﬁtentes
1875 5145 2054 5216 ipsum

2235 5150 2320 5203 19.
2361 5149 2730 5220 Ὀμοθυμαδὸν
2753 5150 2952 5214 πάντες
2972 5142 3294 5204 ἀπολοῦνται
3319 5149 3369 5201 οἱ
3394 5147 3470 5218 μὴ
3490 5146 3718 5214 λέγοντες

478 5234 601 5274 esse
631 5219 825 5276 Deum.

2164 5242 2326 5295 αὐτὸν
2357 5238 2494 5297 εἷναι
2524 5243 2675 5295 Θεόν.

547 5311 638 5366 20.
669 5312 1017 5374 Daemonibus
1045 5320 1258 5376 animas
1281 5335 1410 5378 suas
1441 5323 1679 5378 tradent.
1991 5338 1996 5343 ‘

2236 5334 2326 5389 ΞΟ.
2359 5336 2483 5398 Τοῖς
2513 5335 2729 5406 δαίμοσι
2752 5334 2849 5398 τάς
2877 5334 3051 5405 ψυχὰς
3082 5332 3260 5388 αὐτῶν
3287 5328 3719 5402 ὲμπιστεύσουσι.

1431 5436 1733 5499 Addenda
1767 5447 1829 5500 et
1859 5438 2244 5521 corrigenda
2275 5464 2355 5508 ex
2388 5447 2531 5512 cod.
2573 5449 2776 5513 Vatic.

665 5527 828 5615 ἑέγει
858 5532 1090 5615 πέισιντ.
1127 5534 1499 5615 προτίθεσθαι.
1675 5555 1696 5569 ~
2241 5544 2314 5615 (5)
2346 5547 2419 5598 Οὐ
2447 5548 2566 5615 τῆς.

652 5591 944 5688 ,ξτζεξίανοξδ
975 5602 1066 5655 τοῦ
1101 5591 1315 5669 αἰῶνος.
2343 5591 2646 5673 ιῖᾆίόξῖδιθ
2672 5620 2859 5675 ἑαυτὸν
2881 5617 3037 5674 δώσει
3062 5615 3328 5687 ὲξῦιασμα
3351 5616 3472 5688 τήν,
3503 5623 3605 5671 etc.

550 5665 626 5742 re:
652 5665 941 5742 ’ἐπισυστῇ
971 5690 1076 5740 μοι.

551 5689 626 5726 (ἀι
668 5689 941 5742 ιιπισυστῃ
969 5690 1076 5758 μοι.
1161 5746 1186 5759 ⁸
2243 5689 2318 5760 (7)
2363 5690 2449 5742 Ἑν
2479 5689 2574 5758 τῷ.

551 5735 628 5804 (-6)
669 5735 706 5786 Γ
711 5753 1018 5806 ραμματεις
1049 5745 1247 5812 αὐτων,
1286 5748 1400 5815 καί,
1431 5757 1557 5816 ctc.,
1584 5747 1675 5801 ἐπὶ
1704 5748 1801 5817 τὴν
1831 5749 2056 5817 γνῶσιν.

2789 5861 2820 5873 .-
