3978 6204
428 222 534 280 Si;
1226 225 1296 280 ‘S.
1339 219 1711 280 ATHANASII
1757 220 1908 276 UPP.
1956 220 1995 274 P

2097 218 2135 273 S
2179 215 2269 271 111.
2301 248 2367 257 -
2403 205 2822 270 EXEGE’I‘IGA.
3566 203 3664 259 844

507 341 593 398 57.
628 341 896 409 Quoniam
952 354 1077 397 cum
1126 339 1394 395 interierit
1447 340 1583 410 ipse,
1646 354 1756 393 non
1816 339 2075 396 sumetA

2168 331 2256 384 57.
2292 331 2412 383 Ὅτι
2441 329 2538 381 οὐκ
2570 329 2628 381 ὲν
2650 326 2729 397 τῷ
2762 325 3125 396 ἀποθνήσκειν
3156 321 3317 377 αὐτὸν
3344 319 3574 391 λήψεται
3598 322 3663 377 τὰ

439 436 645 499 omnia,

2112 424 2307 483 πάντα,

508 524 597 580 58.
626 522 810 596 Neque
843 523 1130 580 descendet
1178 539 1301 579 cum
1342 538 1408 580 eo
1441 522 1612 595 gloria
1642 522 1770 593 ejus
1802 520 2001 593 [gloria

2179 514 2268 569 58.
2314 513 2448 567 Οὐδὲ
2507 511 2982 581 συγκαταϐήσεται
3038 504 3189 577 αὐτῷ
3241 505 3276 576 ἡ
3327 502 3457 571 δόξα
3506 503 3665 560 αὐτοῦ

436 618 636 674 domus
658 616 821 689 ejus].

2112 605 2259 680 [δόξα
2286 603 2378 659 τοῦ
2408 604 2556 659 οἴκου
2584 602 2794 675 αὐτοῦ].

510 707 603 764 59.
632 687 982 774 Quia—anima
1022 706 1140 775 ejus
1170 706 1222 760 in
1264 705 1375 760 vita
1422 704 1596 761 iusius
1627 703 2000 769 benedicetur,

2177 698 2395 754 59.”οτι
2428 699 2464 768 ἡ
2508 697 2653 771 ψυχὴ
2694 693 2857 750 αὐτοῦ
2895 694 2955 747 ὲν
2991 692 3059 762 τῇ
3099 688 3214 761 ζωῇ
3230 688 3394 743 αὐτοῦ
3437 687 3663 758 εὐλογηα

578 814 593 819 ”
2104 791 2354 862 θήσεται,

513 890 599 947 LO.
630 886 982 944 Conlitebitur
1006 886 1101 941 tibi
1133 902 1255 941 cum
1293 884 1625 940 benefeceris
1647 883 1718 939 ei.

2178 881 2269 935 40.
2313 879 2788 952 Ἐξομολογὴσεταί
2815 895 2917 943 σοι,
2949 879 3080 932 ὅταν
3108 873 3385 946 άγαθύνῃς
3409 870 3585 926 αὐτόν.

511 977 597 1032 41.
630 974 877 1029 lntroibit
897 974 1150 1043 usquein
1173 974 1479 1043 progeniem
1509 981 1725 1043 patrum
1744 984 2000 1037 suorum,

1956 985 2000 1037 Ι,
2181 976 2269 1029 41.
2300 973 2675 1029 Είσελεύσεται
2702 972 2807 1035 ἕως
2833 973 3027 1041 γενεᾶς
3058 969 3311 1040 πατέρων
3343 963 3527 1032 αὐτοῦ,

510 1067 596 1121 42.
632 1064 812 1136 Usque
836 1066 888 1119 in
917 1075 1177 1120 aeternum
1211 1078 1317 1117 non
1357 1063 1556 1118 videbit
1582 1063 1785 1116 lumen.

1604 1076 1785 1116 limen.
2180 1068 2269 1122 42.
2300 1068 2442 1131 Ἕως
2474 1065 2668 1129 αἰῶνος
2693 1065 2793 1118 οὐκ
2817 1064 3005 1134 ὄψεται
3035 1061 3169 1132 φῶς.

508 1158 593 1213 ιδ.
632 1156 697 1212 Ει
741 1158 905 1211 homo
936 1156 1131 1211 cumin
1173 1156 1377 1209 honore
1415 1162 1579 1211 esset.
1627 1167 1735 1207 non
1790 1149 2003 1205 intelle-

1881 1149 2003 1205 Blle-
2176 1160 2269 1213 45.
2297 1159 2405 1213 Καὶ
2436 1158 2739 1229 ἄνθρωπος,
2765 1158 2821 1237 ὲν
2847 1158 2982 1227 τιμῇ
3015 1153 3110 1219 ὢν,
3136 1154 3196 1207 οὐ
3226 1152 3452 1222 συνῆκεο

435 1251 535 1306 xit.

510 1342 594 1396 M.
624 1341 985 1411 Comparatus
1015 1348 1098 1395 est
1117 1337 1382 1409 jumentis
1413 1333 1820 1404 insipientibus,
1845 1338 1899 1386 et
1924 1329 1999 1386 si-

2180 1332 2268 1386 44.
2311 1329 2771 1403 Παρασυνεὸλὴοη
2818 1331 2928 1391 τοῖς
2964 1328 3192 1398 κτήνεσι
3233 1328 3346 1390 τοῖς
3394 1325 3632 1397 ἀνοήτοις

436 1432 583 1488 milis
615 1431 793 1488 factus
820 1441 902 1486 est
927 1434 1053 1487 illis.

2107 1423 2203 1477 καὶ
2236 1421 2490 1495 ὡμοιὼοη
2525 1422 2727 1485 αὐτοῖς.

758 1523 1008 1578 Psalmus
1034 1527 1227 1595 Asaph.
1255 1523 1455 1580 PSAL.
1488 1520 1692 1576 XLIX.

2402 1514 2647 1583 Ψαλμὸς
2679 1511 2759 1579 τῷ
2798 1512 3005 1583 Ἀσάφ.
3048 1513 3223 1566 rma.
3249 1512 3363 1564 M9

508 1617 560 1670 1.
596 1616 740 1670 Deus
783 1616 1005 1671 deorum
1037 1616 1298 1671 Dominus
1322 1617 1539 1671 locutus
1573 1623 1676 1680 est,
1708 1619 1762 1667 et
1786 1610 2003 1667 vocavit

2192 1610 2239 1664 l.
2269 1608 2400 1673 Θεὸς
2426 1606 2579 1663 ’θεῶν
2626 1609 2829 1673 Κύριος
2870 1609 3118 1679 ὲλάλησε,
3165 1606 3263 1661 καὶ
3309 1605 3530 1660 ἐκάλεσε
3569 1604 3660 1674 τὴν

436 1715 668 1760 terram.

666 1747 668 1757 ,
2043 1708 2083 1763 Β
2108 1705 2237 1776 γῆν,

506 1793 560 1847 2.
594 1794 678 1848 Ab
708 1804 827 1849 ortu
862 1794 991 1849 solis
1015 1809 1188 1862 usque
1217 1793 1282 1847 ad
1313 1806 1592 1847 occasum.

2178 1797 2233 1851 2.
2278 1796 2408 1850 Ἀπὸ
2432 1795 2701 1850 ἀνατολῶν
2731 1796 2881 1868 ἡλίου
2916 1792 3345 1868 μέχριδυσμῶν.

507 1885 560 1939 5.
595 1884 672 1939 Ex
701 1885 831 1939 Sion
861 1886 1065 1955 species
1092 1885 1302 1939 decoris
1328 1884 1449 1954 ejus
1481 1903 1493 1937 :

2176 1889 2228 1944 5.
2277 1891 2371 1943 Ἐκ
2397 1886 2536 1942 Σιὼν
2565 1892 2599 1962 ἠ
2635 1889 2936 1962 εὐπρέπεια
2959 1888 3060 1959 τῆς
3092 1887 3421 1959 ὡραιότητος
3453 1878 3627 1936 αὐτοῦ*

504 1975 561 2030 4.
590 1974 735 2030 Deus
762 1976 1046 2030 manileste
1072 1975 1267 2043 veniet,
1307 1973 1448 2030 Deus
1482 1982 1690 2042 noster,

2178 1979 2231 2034 4.
2279 1979 2336 2032 Ὁ
2364 1979 2495 2044 Θεὸς
2524 1979 2781 2051 ἐμφανῶς
2813 1978 2952 2050 ἡξει,
2979 1981 3008 2032 ὁ
3036 1977 3165 2043 Θεὸς
3200 1976 3274 2049 (τι)
3302 1974 3475 2046 ἡμῶν,

509 2066 559 2120 5.
598 2065 662 2120 Et
687 2082 793 2121 non
828 2068 1029 2122 silebit.
1513 2071 1519 2077 ’

1513 2071 1519 2077 ’
2185 2070 2236 2125 5.
2270 2071 2381 2124 Καὶ
2408 2071 2470 2124 οὐ
2500 2073 3007 2144 παρασιωπὴσεται.

504 2156 559 2212 6.
588 2156 732 2228 Ignis
756 2158 810 2212 in
840 2167 1131 2229 conspectu
1158 2159 1275 2228 cjus
1298 2157 1656 2213 exardescet:

1633 2174 1656 2210 9:
2165 2161 2238 2218 ‘6.
2274 2162 2393 2234 Πῦρ
2426 2161 2653 2217 ἐνώπιον
2681 2162 2845 2218 αὑτοῦ
2871 2162 3199 2232 καυθήσεται

592 2246 656 2302 Et
681 2250 737 2302 in
764 2249 991 2304 circuitu
1021 2250 1137 2319 ejus
1174 2259 1466 2319 tempestas
1487 2248 1688 2303 valida.

2180 2252 2238 2307 7.
2269 2253 2381 2307 Καὶ
2404 2253 2588 2326 κύκλῳ
2611 2255 2779 2309 αὐτοῦ
2804 2253 3056 2324 καταιγὶς
3090 2250 3312 2323 σφοδρά.

513 2421 584 2495 (a)
613 2424 768 2479 Vcrs.
801 2427 856 2489 5,
899 2425 956 2477 '0
983 2422 1134 2490 Θεὸς,
1171 2436 1298 2491 etc.,
1331 2428 1839 2501 παρασιωπήσεται.

1549 2583 1927 2641 ATHANASII
1953 2582 2550 2642 INTERPRETATIO.

510 2758 597 2821 57,
633 2759 721 2814 58.
754 2758 905 2813 Nihil
939 2761 1078 2813 enim
1099 2760 1380 2815 intulimus
1419 2761 1475 2816 in
1520 2761 1821 2828 mundam;
1859 2761 2003 2818 haud

2177 2763 2268 2829 57,
2294 2761 2384 2819 58.
2403 2760 2596 2817 Οὐδὲν
2640 2759 2751 2831 γὰρ
2782 2756 3218 2828 εἰσηνέγκαμεν
3244 2757 3320 2825 (1)
3340 2754 3428 2820 εις
3452 2753 3558 2809 τὸν
3581 2751 3648 2808 κε’
3700 2808 3706 2814 .

438 2851 675 2912 dubium.
708 2853 843 2923 quod
876 2869 964 2905 nec
988 2853 1195 2923 auferre
1224 2854 1352 2923 quid
1376 2855 1664 2924 poterimus
1690 2855 1757 2908 ⁸⁷.

2106 2868 2286 2925 σμον·
2318 2854 2531 2925 δῆλον,
2549 2854 2640 2909 ὅτι
2662 2853 2803 2908 οὐδὲ
2822 2851 3158 2922 ἐξενεγκεῖν
3187 2868 3242 2904 τι
3272 2849 3648 2918 δυνησόμεθα

509 2945 598 2999 39.
629 2943 897 3011 Quoniam
942 2946 1125 2999 anima
1167 2945 1288 3016 ejus
1338 2946 1394 3001 in
1442 2947 1547 3002 hoc
1592 2947 1792 3003 saeculo
1843 2947 2004 3005 beata

2105 2976 2129 3009 κ
2178 2942 2267 2999 59.
2299 2944 2424 2997 Ὅτι
2455 2945 2488 3017 ἡ
2516 2942 2664 3015 ψυχὴ
2709 2943 2874 2997 αὐτοῦ
2917 2944 2974 2996 ὲν
3016 2941 3094 3012 τῷ
3123 2940 3216 2995 νῦν
3256 2939 3412 2993 αἰῶνι
3446 2954 3670 3009 μακαοι-

432 3036 845 3107 ρῑαεύίοοῦἰιυτ.

819 3054 845 3090 ’.
2107 3035 2390 3108 σθήσεται.

508 3128 597 3183 40.
625 3128 983 3184 Conﬁtebitur
1019 3129 1115 3184 tibi
1148 3129 1204 3183 in
1241 3128 1464 3196 'udicio,
1511 3144 1635 3185 cum
1684 3130 2005 3186 humiliabis

2179 3128 2271 3184 40.
2314 3127 2796 3200 Ἐξομολογήσεταί
2826 3143 2907 3180 σοι
2932 3127 2990 3179 ὲν
3016 3128 3081 3198 τῇ
3110 3124 3309 3198 κρίσει,
3336 3122 3466 3178 ὅταν
3492 3137 3672 3177 ταπει-

424 3234 586 3274 eum.

2109 3218 2304 3284 νώσεις
2331 3219 2515 3278 αὐτόν.

507 3309 599 3364 41.
635 3304 903 3361 Tradetur
937 3307 1081 3360 enim
1115 3307 1169 3360 in
1214 3307 1394 3361 locum
1432 3308 1635 3365 diaboli
1685 3317 1741 3366 et
1780 3311 2006 3383 angelo-

2182 3311 2272 3367 41.
2305 3310 2749 3383 Παραδοθήσεται
2778 3307 2887 3381 γὰρ
2910 3310 2989 3373 εὶς
3016 3307 3106 3362 τὸν
3131 3307 3292 3362 τόπον
3322 3306 3414 3361 τοῦ
3439 3304 3672 3360 διαὸόλευ

430 3415 564 3455 τυῐη
598 3399 739 3469 ejus.

2113 3399 2208 3455 καὶ
2234 3398 2345 3454 τῶν
2378 3385 2626 3471 ἀγγέλων
2657 3398 2844 3454 αὐτοῦ.

507 3492 597 3547 42.
637 3490 729 3546 Est
753 3491 896 3546 enim
924 3490 981 3545 in
1020 3490 1257 3547 tenebris
1289 3485 1656 3549 exterioribus
1690 3492 1756 3548 "'.

2185 3493 2278 3549 42.
2313 3495 2410 3559 Εἰς
2433 3494 2496 3549 τὸ
2530 3495 2720 3559 σκότος
2748 3492 2857 3565 γάρ
2884 3493 3000 3545 ἐστι
3031 3489 3109 3563 (2)
3138 3491 3201 3544 τὸ
3224 3488 3508 3560 ἐξώτερον.

507 3581 595 3636 45.
628 3578 762 3635 Nam
787 3596 911 3637 cum
932 3589 1078 3637 esset
1096 3581 1396 3637 secundum
1420 3582 1511 3637 Dei
1545 3583 1861 3654 imaginem,
1900 3598 2012 3640 non

2180 3586 2270 3642 43.
2302 3587 2439 3641 Κατ’
2472 3587 2659 3641 εἰκόνα
2702 3585 2813 3658 γὰρ
2855 3584 2998 3637 Θεοῦ
3046 3582 3156 3650 ῶν,
3200 3581 3301 3636 οὐκ
3346 3579 3563 3649 ἐπέγνω
3590 3577 3676 3631 τὸν

426 3672 695 3743 cognovit
719 3670 982 3727 factorem
1013 3687 1196 3727 suum.

1063 3688 1196 3727 lum.
2111 3679 2418 3750 ποιήσαντα
2455 3679 2634 3734 αὐτόν.

508 3758 598 3814 44.
632 3759 838 3815 Similis
887 3761 1138 3814 inventus
1178 3769 1262 3817 est
1290 3761 1559 3831 jumentis
1604 3763 2010 3821 recalcitranti-

2180 3769 2272 3825 44.
2301 3771 2445 3836 Ἴσος
2473 3770 2669 3843 εὑρέθη
2692 3769 2798 3823 τῶν
2824 3764 3276 3838 ἀποσκιρτώντων
3301 3764 3397 3817 καὶ
3414 3759 3676 3817 ἀποστάν-

429 3854 565 3919 ιὴυε,
589 3861 642 3908 et
665 3851 1059 3908 resilientibus.

921 3851 1059 3906 ibl'S-
2111 3878 2221 3916 των
2254 3862 2492 3935 κτηνῶν.

519 3969 586 4022 Ἦ
628 3968 958 4042 προκειμένη
1004 3968 1281 4039 ἐπιγραφὴ
1327 3970 1566 4042 περιέχει
1612 3971 1725 4045 (εγ
1765 3974 2008 4047 Ψαλμὸς
2032 3979 2116 4047 τῷ
2156 3982 2361 4053 Ἁσὰεο,
2398 3983 2644 4037 τουτέστι
2670 3976 2882 4053 ψαλμδς
2908 3977 2995 4051 εμ)
3030 3975 3108 4048 τῷ
3141 3976 3326 4049 κριτῇ.
3368 3972 3549 4044 Ἆσὰςο
3574 3970 3679 4041 γὰο

438 4058 647 4127 κριτὴς
672 4057 1052 4129 ἑρμηνεύεται.

512 4148 725 4206 Titulus
754 4149 1045 4219 inscriptus
1075 4148 1313 4205 continet
1347 4166 1361 4202 :
1397 4147 1643 4204 Psalmus
1671 4153 1871 4220 Asaph,
1915 4154 2021 4210 hoc
2046 4171 2083 4211 es

2111 4167 2131 4212 t
2172 4159 2419 4228 psalmus
2445 4159 2643 4216 Judici.
2682 4161 2862 4230 Λεαρή
2908 4162 3054 4217 enim
3086 4159 3248 4229 iudex
3277 4159 3681 4229 interpretatur.

513 4245 566 4310 1,
599 4245 654 4297 ‘2.
687 4243 829 4300 Deus
875 4244 1158 4299 hominum
1205 4242 1471 4298 Dominus
1512 4259 1610 4314 per
1657 4247 2006 4314 praedicatio-

2191 4253 2244 4318 1,
2274 4254 2329 4308 2.
2360 4254 2492 4319 Θεὸς
2534 4257 2563 4309 ό
2591 4255 2700 4309 τῶν
2744 4256 3045 4329 ἀνθρώπων
3094 4255 3295 4327 Κύριος
3326 4253 3558 4327 ὲλάλησε
3598 4252 3686 4306 διὰ

441 4353 566 4393 nem
594 4337 810 4393 locutus
848 4344 949 4398 est,
983 4346 1038 4391 et
1060 4337 1276 4392 vocavit
1317 4350 1508 4391 omnes
1554 4337 1623 4391 ad
1653 4339 1813 4394 ﬁdem
1842 4355 2004 4397 suam

2116 4343 2227 4421 coni
2244 4347 2612 4421 κηρύγματος,
2651 4348 2745 4402 καὶ
2778 4349 3002 4403 ἐκάλεσε
3032 4348 3238 4412 πάντας
3268 4349 3349 4411 εἰς
3371 4347 3473 4420 τὴν
3494 4345 3685 4404 ἑαυτοῦ

430 4430 504 4484 al;
540 4436 664 4484 ortu
693 4429 826 4483 solis
854 4443 1028 4498 usque
1051 4428 1120 4482 ad
1144 4443 1426 4484 occasum.

2038 4464 2087 4519 θ
2116 4417 2437 4491 πίστιντάπὸ
2463 4438 2734 4493 ἀνατολῶν
2763 4441 2914 4512 ἡλίου
2947 4440 3052 4504 ἓως
3076 4437 3317 4512 δυσμῶν.

512 4523 567 4578 3.
593 4521 635 4576 E
657 4522 808 4578 cmlis
837 4521 1099 4579 adventus
1120 4522 1308 4591 gratia:
1336 4521 1478 4591 ejus.
1837 4553 1841 4557 ν

2188 4528 2243 4583 5.
2282 4529 2377 4582 Ἐκ
2392 4528 2501 4583 τῶν
2523 4531 2767 4602 οὐρανῶν
2789 4533 2822 4603 ἡ
2849 4531 3118 4603 παρουσία
3140 4531 3238 4601 τῆς
3257 4529 3484 4601 χάριτος
3500 4523 3688 4582 αὑτοῦ.

511 4614 565 4668 4.
599 4615 661 4668 In
693 4613 1159 4668 consummatione
1184 4614 1367 4669 szeculi
1393 4626 1584 4668 rursus
1611 4614 1812 4669 veniet.

2187 4619 2242 4673 4.
2285 4620 2372 4673 Ἐν
2398 4622 2465 4691 τῇ
2498 4621 2777 4693 συντελείᾳ
2801 4623 2962 4677 πάλιν
2986 4622 3081 4676 τοῦ
3112 4620 3304 4685 αἰῶνος
3335 4619 3467 4692 ἔλθη
3498 4620 3601 4693 (5).

510 4701 565 4757 5.
592 4700 895 4772 Redarguet
916 4703 1061 4757 enim
1089 4718 1278 4759 omnes
1308 4711 1641 4773 peccatores.

2190 4710 2243 4764 5.
2285 4710 2520 4780 Ἐλέγξει
2551 4713 2658 4785 γὰρ
2685 4713 2892 4777 πάντας
2912 4714 3038 4777 τοὺς
3070 4709 3474 4784 ἡμαρτηκότας.

502 4791 567 4848 6.
594 4790 820 4848 Flumen
846 4803 902 4848 et
927 4794 1078 4850 lacus
1106 4794 1266 4865 ignis.

2189 4800 2245 4854 6.
2286 4800 2343 4856 '0
2370 4805 2609 4875 ποταμὸς
2641 4804 2737 4858 καὶ
2768 4806 2802 4876 ἡ
2829 4804 2993 4877 λίμνη
3025 4803 3118 4857 τοῦ
3153 4801 3343 4874 πυρός.

514 4885 565 4939 7.
595 4883 800 4940 Ventus
829 4887 1122 4943 vehemens
1154 4888 1327 4959 magis
1368 4888 1652 4958 magisque
1698 4889 2005 4945 accendens

2136 4918 2139 4921 λ
2190 4893 2242 4946 7.
2276 4895 2508 4966 ’Ἄνεμος
2535 4896 2762 4968 σφοδρὸς
2803 4896 3050 4961 ἐξάπτων
3080 4894 3342 4968 μειζόνως
3385 4894 3486 4960 τὴν
3513 4885 3695 4960 φλόγα

433 4978 716 5033 ﬂammam
742 4978 883 5050 ignis
907 4979 1073 5036 illius.

2117 4981 2209 5035 τοῦ
2245 4984 2415 5056 πυρὸς
2439 4985 2667 5040 ἐκείνου.

510 5148 555 5180 ⁸⁷
592 5149 615 5203 Ι
646 5150 786 5205 Tim.
829 5167 903 5216 vr,
955 5152 1008 5208 7.
1083 5153 1128 5185 ⁸⁸
1156 5152 1371 5224 δΜοῐιὴ.
1426 5170 1544 5219 \‘lll,
1576 5155 1680 5223 1‘2;
1735 5169 1877 5220 χιιι,
1929 5156 2030 5224 15;

757 5169 786 5205 ι.
829 5167 903 5216 vr,
955 5152 1008 5208 7.
1083 5153 1128 5185 ⁸⁸
1156 5152 1371 5224 δΜοῐιὴ.
1426 5170 1544 5219 \‘lll,
1576 5155 1680 5223 1‘2;
1735 5169 1877 5220 χιιι,
1929 5156 2030 5224 15;
2082 5174 2209 5227 xxv,
2241 5160 2328 5216 50.

1390 5311 1698 5375 Addenda
1728 5323 1790 5376 et
1820 5311 2198 5394 Corrigenda
2250 5328 2328 5377 ex
2356 5316 2495 5377 eod.
2535 5312 2740 5377 Vatic.

515 5472 593 5544 (1)
624 5473 1021 5547 Εἱσενέγκαμεν
1056 5478 1111 5530 ἐν
1153 5476 1229 5547 τῷ
1255 5476 1445 5548 κόσμῳ
1472 5519 1482 5531 .
1506 5520 1517 5533 .
1542 5518 1555 5532 .
1580 5518 1592 5531 .
1652 5479 1703 5531 τί
1727 5497 1810 5543 τις
1844 5479 2005 5540 δυνή-
2184 5478 2261 5546 (5i
2302 5478 2366 5529 'H
2394 5474 2482 5529 διὰ
2513 5475 2611 5545 τῆς
2640 5473 3009 5548 κινναϐάρεως
3032 5489 3158 5545 περ.

438 5553 615 5616 πται.
630 5612 689 5616 _

2191 5548 2264 5616 (4)
2301 5548 2549 5616 διἀὶμός
2577 5548 2747 5616 deest.

516 5612 594 5681 (2)
627 5612 833 5686 Ἔσται.

2190 5612 2264 5690 (5)
2298 5612 2478 5685 Ἑλθή
2511 5616 2661 5671 deest
2688 5615 2741 5668 in
2772 5612 2891 5670 cod.
