3978 6204
301 365 402 420 857
1276 372 1363 425 DE
1398 371 1667 429 TITULIS
1706 375 2149 436 PSALMORUM‘.
2189 353 2257 421 .—
2295 379 2486 436 PSAL.
2518 353 2627 437 Lll'.
3427 384 3530 440 853

374 477 603 536 12.Καὶ
633 479 718 532 ἐπ’
746 482 905 537 αὑτὸν
937 484 1272 553 γελάσονται,
1295 487 1387 539 καὶ
1407 487 1620 558 ὲροῦσιν
1640 506 1653 520 ·
1891 507 1940 560 Α

1619 506 1653 523 η·
1891 507 1940 560 Α
2037 495 2125 548 12.
2159 494 2220 548 Ει
2249 512 2412 565 super
2444 512 2567 551 eum
2593 496 2866 563 ridebunt,
2892 508 2944 552 et
2974 498 3153 550 dicent
3178 514 3190 548 :

374 571 458 624 15.
507 571 635 625 Ἰδοὺ
667 573 968 645 ἄνθρωπος,
1008 577 1067 640 ὃς
1085 578 1184 630 οὐκ
1212 576 1362 630 ἔθετο
1391 578 1480 635 τὸν
1511 579 1642 632 Θεὸν
1673 579 1861 651 βοηθὸν

2028 587 2112 640 15.
2149 588 2285 643 Ecce
2312 591 2495 656 homo,
2528 589 2619 659 qui
2656 604 2761 644 non
2794 590 2975 658 posuit
3004 588 3173 644 Deum
3196 589 3523 658 adjutorium

304 679 469 716 αυτου
487 678 500 693 ⁸

1963 693 2119 732 8111111]
2139 697 2152 731 ε

377 753 465 808 14.
510 752 647 807 Ἀλλ’
676 753 974 810 ὲπῦλπισεν
1011 759 1103 812 ἐπὶ
1128 757 1206 811 τῶ
1250 759 1442 830 πλήθει
1493 761 1586 814 τοῦ
1634 763 1861 818 πλούτου

2032 770 2119 822 14.
2155 769 2258 825 Sed
2299 769 2533 841 speravit
2574 769 2628 825 in
2665 770 3008 826 multitudine
3049 770 3356 826 divitiarum
3398 787 3523 826 sua-

305 860 469 897 αυτου
487 860 503 875 ⁹

1960 877 2080 915 rum
2106 879 2128 914 τ’

379 935 464 990 15.
497 933 606 989 Καὶ
637 934 1008 1008 ἐνεδυναμώθη
1039 939 1130 992 ἐπὶ
1144 942 1209 1010 τῇ
1244 942 1562 1013 ματαιότητι
1588 945 1770 998 αὑτοῦ.

1464 961 1562 1013 τητι
1588 945 1770 998 αὑτοῦ.
2035 952 2120 1005 15.
2152 952 2218 1004 Et
2244 951 2523 1020 praevaluit
2558 952 2611 1006 in
2647 953 2881 1006 vanitate
2917 969 3035 1008 sua.

375 1025 460 1080 16.
503 1025 644 1095 Ἐγὼ
673 1025 728 1079 δὲ
756 1025 886 1079 ὡσεὶ
919 1027 1074 1082 ἐλαία
1108 1033 1460 1102 κατάκαρπος
1509 1037 1566 1089 ὲν
1608 1035 1686 1105 τῷ
1729 1035 1864 1105 οἴκῳ

2043 1043 2130 1096 16.
2172 1042 2284 1113 Ego
2333 1052 2517 1097 autem
2566 1043 2706 1098 sicut
2747 1042 2884 1097 oliva
2936 1042 3212 1098 fructifera
3261 1044 3314 1097 in
3361 1044 3531 1100 domo.

305 1117 398 1173 τοῦ
419 1117 556 1172 Θεοῦ
575 1133 589 1146 ’

1962 1134 2054 1189 Dei
2083 1153 2097 1188 ι
2238 1123 2241 1128 ’

385 1211 466 1264 17.
497 1211 734 1264 Ἦλπισα
763 1212 852 1264 ἐπὶ
879 1213 940 1266 τὸ
964 1213 1110 1278 ἕλεος
1139 1214 1230 1268 τοῦ
1262 1214 1396 1268 Θεοῦ
1438 1218 1518 1279 εἰς
1551 1216 1640 1268 τὸν
1669 1216 1860 1282 αἰῶνα,

2035 1226 2121 1278 17.
2157 1224 2377 1293 Speravi
2426 1225 2489 1277 in.
2523 1223 2894 1279 misericordia
2939 1225 3032 1278 Dei
3077 1225 3130 1278 in
3156 1228 3437 1291 aeternum,
3469 1235 3526 1282 et.

304 1302 395 1356 καὶ
415 1303 495 1364 εἰς
513 1300 603 1354 τὸν
627 1301 800 1355 αἰῶνα
819 1301 912 1355 τοῦ
940 1303 1152 1368 αἰῶνος.

973 1303 1152 1368 ηἰῶνος.
1963 1318 2018 1371 in
2050 1317 2306 1371 saeculum
2336 1315 2544 1369 saeculi.

376 1391 459 1445 18.
507 1392 996 1464 Ἐξομολογήσομαί
1023 1411 1104 1446 σοι
1124 1396 1202 1458 εἰς
1231 1396 1321 1449 τὸν
1349 1396 1518 1450 αἰῶνα
1571 1396 1651 1449 ὅτι
1678 1395 1862 1466 ἐποιη-

1807 1413 1862 1466 η·
2031 1410 2118 1464 18.
2151 1407 2460 1463 Coutitebor
2492 1407 2588 1462 tibi
2621 1407 2676 1461 in
2712 1407 2990 1470 saeuiunt,
3012 1409 3146 1477 quia
3167 1408 3378 1465 fecisti:

303 1495 431 1545 σας⁶

379 1570 460 1626 19.
493 1571 599 1624 Καὶ
629 1571 882 1642 ὑπομενῶ
911 1572 972 1625 τὸ
992 1573 1163 1644 ὄνομά
1188 1593 1300 1642 σου,
1326 1577 1408 1630 ὅτι
1479 1577 1671 1629 οτιστὸν
1699 1577 1858 1629 ὲναν-

2027 1577 2112 1633 19.
2145 1577 2211 1632 Ει
2240 1588 2570 1649 exspectabo
2601 1595 2796 1634 nomen
2827 1591 2999 1646 tuum,
3033 1577 3285 1648 quoniam
3319 1576 3524 1631 bonum

297 1661 414 1714 τίον
447 1660 553 1718 τῶν
581 1660 744 1718 ὁσίων
788 1677 902 1716 σου.

1961 1669 2015 1724 in
2037 1683 2330 1740 conspectu
2361 1682 2674 1726 sanctorum
2709 1680 2945 1726 tuorum.

297 1755 405 1819 Εἰς
428 1751 494 1806 τὸ
527 1751 699 1820 τέλος
722 1755 874 1823 ὑπὲρ
912 1755 1164 1819 mssa,
1197 1759 1503 1825 συνέσεως
1551 1759 1631 1824 τῷ
1661 1761 1856 1815 Δαϐίδ.

1785 1761 1856 1815 ι’δ.
2125 1757 2191 1812 1η
2217 1760 2394 1826 ﬁnem,
2424 1776 2518 1828 pro
2555 1759 2802 1824 Maeleth,
2841 1758 3132 1812 intellectus
3168 1755 3356 1813 David.

919 1850 1090 1902 ΨΑΛ.
1119 1851 1248 1903 NB’.
1889 1857 1934 1910 Β

1889 1857 1934 1910 Β
2548 1850 2752 1908 PSAL.
2801 1850 2926 1906 LII.

372 1936 422 1992 1.
452 1933 618 1991 Εἶπεν
650 1939 838 2010 ἄφρων
857 1941 914 1992 ἐν
944 1941 1142 2012 καρδίᾳ
1166 1941 1328 1994 αὑτοῦ
1348 1959 1361 1972 ·
1396 1943 1508 1995 Οὐκ
1539 1942 1650 1996 ἔστι
1677 1943 1827 2009 Θεός.

2036 1943 2087 1996 1.
2121 1941 2264 1997 Dixit
2297 1943 2556 2012 insipiens
2592 1945 2645 1998 in
2681 1946 2844 1998 corde
2866 1960 3003 1998 suo:
3035 1941 3150 1995 Non
3184 1951 3266 1995 est
3293 1940 3449 1995 Deus.

372 2025 422 2081 2.
453 2028 849 2099 Διεφθὰρησαν,
875 2030 965 2083 καὶ
981 2029 1371 2102 ὲϐδελύχθησαν
1407 2033 1464 2086 ἐν
1485 2033 1734 2102 ἀνομίαις
1753 2052 1772 2070 ἠ

2034 2033 2088 2087 2.
2123 2033 2376 2103 Corrupti
2427 2043 2574 2102 sunt,
2603 2044 2656 2089 et
2707 2034 3093 2089 abominabiles
3133 2032 3262 2086 facti
3299 2039 3424 2085 sunt
3466 2029 3523 2086 in

1965 2125 2378 2194 iniquitatibus:

373 2207 424 2265 '5.
462 2208 575 2271 Οὐκ
599 2207 718 2268 ἔστι,
743 2209 908 2262 ποιῶν
937 2209 1157 2279 ἀγαθόν.

2034 2219 2087 2272 3.
2123 2217 2239 2271 Non
2271 2229 2353 2273 est
2376 2217 2466 2287 qui
2501 2216 2656 2272 faciat
2688 2217 2911 2271 bonum.

370 2301 423 2355 »1.
473 2302 529 2354 Ὁ
561 2301 691 2366 Θεὸς
716 2304 779 2356 ὲκ
801 2302 894 2357 τοῦ
916 2303 1144 2374 οὐρανοῦ
1172 2303 1421 2376 διέκυψεν
1443 2305 1536 2359 ἐπὶ
1559 2306 1686 2369 τοὺς
1706 2307 1857 2372 υἱοὺς

2033 2309 2085 2366 4.
2120 2307 2275 2365 Βευε
2299 2309 2365 2363 de
2397 2308 2538 2365 coelo
2561 2309 2841 2378 prospexit
2864 2322 3026 2378 super
3049 2307 3187 2364 filios
3219 2307 3523 2374 hominum,

293 2393 405 2455 τῶν
432 2392 756 2465 ἀνθρώπων,ι

1405 2532 1782 2591 ATHANASII
1823 2534 2408 2592 INTERPRETATIO.

368 2709 452 2764 12.
487 2710 780 2782 Χαίροντες
808 2711 1040 2767 εἴπωσιν
1053 2729 1069 2745 ⁸
1884 2721 1927 2781 C

1884 2721 1927 2781 ο
2030 2717 2117 2772 12.
2147 2717 2456 2773 Gaudentes
2483 2716 2663 2772 dicent

367 2801 451 2856 15.
489 2797 656 2867 Οὗτος
689 2799 762 2875 ἦν
784 2807 812 2860 ὁ
843 2805 1233 2878 ἀνθιστάμενος
1255 2807 1335 2878 τῷ
1367 2808 1506 2880 Θεῷ.

2033 2811 2123 2864 15.
2153 2808 2252 2864 Hic
2279 2819 2414 2874 erat,
2437 2809 2532 2879 qui
2559 2809 2672 2881 Deo
2696 2806 3100 2863 adversabatur.

367 2891 452 2956 ιιι.
497 2893 635 2948 Ἀλλ’
678 2896 861 2969 ἐϐάρει
901 2898 979 2969 (ι)
1013 2897 1391 2974 [ἐθάρρησεν]
1431 2901 1524 2954 ἐπὶ
1553 2901 1618 2973 τῇ
1669 2897 1865 2965 ἀλαζο-

1563 2901 1618 2973 ιῇ
1669 2897 1865 2965 ἀλαζο-
2035 2901 2121 2957 14.
2156 2901 2259 2956 Sed
2288 2900 2527 2955 confisus
2553 2899 2712 2955 estin
2739 2897 3000 2970 jactantia
3019 2911 3134 2952 sua.

289 2986 416 3058 νείᾳ
445 2986 658 3042 ἑαυτοῦ.

370 3077 455 3133 15.
491 3080 600 3134 Καὶ
630 3079 846 3151 ἴσχυσεν
868 3082 925 3134 ὲν
950 3085 1016 3154 τῇ
1046 3083 1264 3155 ἀνομίᾳ,
1294 3084 1360 3154 ἡν
1391 3081 1627 3154 έφηῦρεν
1653 3083 1751 3155 (2).

2036 3075 2124 3132 15.
2162 3074 2228 3130 Et
2255 3074 2534 3146 praevaluit
2569 3074 2624 3129 in
2652 3073 2936 3146 iniquitate
2965 3087 3128 3141 quam
3156 3069 3379 3125 invenit.

370 3167 452 3222 16.
489 3169 548 3222 Ὀ
575 3170 631 3223 δὲ
669 3172 828 3242 χορὸς
857 3171 965 3226 τῶν
1022 3174 1191 3242 ἁγίων
1233 3173 1446 3247 πλήρης
1500 3176 1647 3228 ἐστὶν
1682 3175 1866 3240 ἐλέους

2031 3167 2118 3223 16.
2149 3166 2361 3221 Chorus
2383 3175 2563 3221 autem
2607 3174 2921 3221 sanctorum
2961 3165 3152 3234 plenus
3189 3169 3273 3217 cst
3310 3160 3528 3217 miseri-

292 3260 390 3316 καὶ
423 3261 648 3331 καρπῶν
678 3264 985 3334 εἰρηνικῶν.

1961 3260 2167 3323 cordia,
2203 3269 2257 3313 et
2288 3258 2560 3314 fructibus
2585 3258 2847 3327 pacificis.

369 3353 454 3416 i7.
493 3353 876 3418 Ἀδιαλείπτως
904 3355 1137 3410 πέποιθα
1168 3358 1258 3410 ἐπὶ
1293 3358 1354 3410 τὸ
1387 3358 1695 3429 ἀμέτρητον
1717 3358 1864 3421 ἔλεος

2031 3352 2118 3406 17.
2148 3351 2523 3406 Ιιιὸνιίοἰεηιει·
2576 3350 2815 3406 confisus
2863 3367 2982 3406 sum
3035 3349 3089 3403 in
3136 3347 3400 3402 immensa
3431 3341 3526 3398 Dei

291 3444 390 3498 τοῦ
422 3443 578 3500 Θεοῦ.

1962 3441 2346 3498 misericordia.

370 3533 454 3588 18.
494 3532 712 3600 Δοξάσω
745 3551 803 3587 σε
843 3537 922 3598 εἰς
974 3534 1064 3588 τὸν
1089 3536 1280 3605 αἰῶνα,
1309 3539 1391 3592 ὅτι
1442 3537 1524 3609 (ὅ),
1586 3539 1651 3594 σύ
1681 3555 1748 3609 με
1780 3541 1860 3606 εἰς

2029 3533 2119 3589 18.
2148 3531 2476 3589 Glorificabo
2520 3540 2573 3586 te
2617 3531 2672 3586 in
2723 3541 3006 3594 aeternum,
3037 3527 3294 3598 quoniam
3339 3532 3399 3578 tu
3440 3536 3532 3576 me

290 3623 453 3677 τοῦτο
472 3625 694 3693 ἤγαγες.

1963 3625 2070 3679 huc
2099 3639 2274 3693 usque
2309 3621 2605 3677 adduxisti.

367 3716 451 3771 19.
478 3717 587 3770 Καὶ⁸
615 3717 856 3788 διαμενῶ
878 3719 953 3790 (4)
978 3722 1064 3773 ἀεὶ
1108 3722 1165 3773 έν
1208 3721 1285 3790 τῷ
1342 3721 1566 3792 ὀνόματί
1609 3739 1738 3786 σου,
1778 3721 1861 3776 ὅτι

2035 3715 2121 3770 19.
2151 3715 2216 3768 Ει
2243 3714 2570 3784 permanebo
2616 3726 2830 3781 semper
2870 3714 2924 3763 in
2969 3709 3188 3796 nomine
3230 3716 3343 3769 tuo,
3386 3718 3527 3772 quo-

289 3804 453 3860 τοῦτο
476 3807 680 3876 ἀγαθόν
708 3811 824 3863 ἐστι
855 3812 987 3864 πᾶσι
1017 3814 1130 3875 τοῖς
1160 3810 1333 3880 ἁγίοις
1359 3829 1473 3865 σου.

1963 3808 2110 3862 niam
2135 3807 2238 3861 hoc
2259 3807 2460 3860 bonum
2488 3813 2570 3859 est
2603 3803 2857 3858 omnibus
2887 3800 3092 3855 sanctis
3121 3800 3245 3852 tuis.

379 3919 443 3974 Ἡ
468 3920 799 3992 προκειμένη
838 3923 1115 3992 ἐπιγραφὴ
1147 3921 1389 3992 περιέχει
1419 3921 1534 3991 (5)·
1563 3923 1667 3987 Εἰς
1713 3921 1778 3975 τὸ
1814 3920 1990 3982 τέλος
2038 3914 2190 3982 ὑπὲρ
2235 3912 2490 3976 Μαελὲθ,
2549 3910 2856 3976 συνέσεως
2887 3908 2966 3974 τῷ
3015 3907 3210 3960 Δαϐἰδ.
3245 3904 3413 3961 Τοῦτο
3436 3898 3530 3958 οὖν

291 4018 444 4070 ἐστιν
471 4014 537 4088 [ὃ
567 4017 752 4089 λέγει]
782 4018 874 4070 ἐπὶ
895 4018 1037 4071 τέλει
1065 4018 1172 4072 τῶν
1206 4017 1414 4073 αἰώνων
1447 4019 1584 4088 ὑπὲρ
1609 4017 1701 4071 τοῦ
1727 4016 1934 4086 Κυρίου
1961 4013 2110 4080 λέγει
2140 4014 2168 4064 ὁ
2197 4009 2433 4080 ψαλμὸς,
2454 4007 2572 4070 πῶς
2603 4005 2681 4074 (6)
2706 4004 3020 4074 ἐπιστρέφει
3041 4003 3130 4054 τὸν
3156 4000 3278 4052 λαὸν
3301 3997 3526 4051 λυτρού-

296 4123 461 4175 μενος
485 4108 648 4162 αὑτὸν
678 4109 742 4162 ὲκ
770 4110 870 4180 τῆς
899 4109 993 4162 τοῦ
1027 4109 1274 4163 διαϐόλου
1312 4111 1648 4172 δυναστείας.
1695 4107 1929 4164 Μαελὲθ
1959 4107 2069 4176 γὰρ
2102 4102 2462 4175 ἑρμηνεύεται
2517 4097 2794 4188 ἀπαρχῄῇ
2844 4093 3067 4168 ἀπαρχὴ
3085 4094 3151 4188 ,δὲ
3202 4095 3234 4188 0'
3277 4093 3530 4188 Χριστος

291 4197 460 4251 ἐστιν.
496 4200 600 4264 Εὶς
624 4201 882 4253 σύνεσιν
909 4197 1227 4272 [Συνέσεως]
1255 4199 1312 4252 δὲ
1343 4197 1420 4266 τῷ
1455 4199 1657 4272 Δαϐὶδ,
1683 4198 1963 4261 τουτέστιν
1991 4197 2120 4250 ὅταν
2159 4192 2286 4264 ἕλόῃ
2317 4194 2396 4255 εἰς
2421 4189 2638 4243 σύνεσιν
2671 4190 2698 4241 ὁ
2717 4187 2842 4250 λαὸς
2869 4188 2897 4239 ὁ
2938 4183 3312 4254 πεποοημένος
3333 4198 3345 4210 ο
3373 4183 3530 4232 τοῦτο

292 4293 406 4362 γὰρ
433 4292 788 4363 ἑρμηνεύεται
820 4297 853 4347 ό
875 4293 1069 4350 Δαϐίδ.

365 4381 580 4438 Titulus
611 4386 930 4456 praepositus
957 4385 1240 4445 continet:
1274 4381 1341 4435 In
1384 4381 1540 4451 ﬁnem
1585 4395 1679 4449 pro
1713 4378 1955 4445 ilaeteth,
2007 4375 2304 4438 intellectus
2331 4375 2518 4429 David.
2558 4373 2672 4430 l-Ioc
2697 4374 2862 4445 igitur
2888 4383 2970 4428 est
2995 4371 3166 4444 [quod
3203 4363 3527 4440 signiﬁcat]:

293 4472 546 4528 Psalmus
575 4475 814 4547 loquitur
844 4477 910 4531 de
932 4475 1165 4536 Domino.
1199 4475 1252 4529 in
1287 4477 1394 4530 ﬁne
1426 4476 1772 4541 saeculorum,
1800 4473 2073 4543 quomodo
2105 4471 2370 4526 convertit
2411 4469 2692 4540 populum,
2728 4470 2966 4524 liberans
2999 4482 3123 4522 eum
3158 4481 3221 4520 ex
3270 4469 3533 4534 potestate

294 4567 519 4622 diaboli.
552 4553 782 4622 Μαριειή
813 4569 957 4624 enim
983 4569 1374 4640 interpretatur
1398 4570 1649 4638 primitias
1672 4584 1690 4620 :
1726 4549 1980 4622 primitiae
2013 4574 2194 4618 autem
2230 4562 2472 4617 Christus
2509 4573 2628 4618 est:
2663 4560 2966 4616 Intellectus
2995 4569 3172 4614 autem
3208 4555 3395 4620 David,
3424 4553 3532 4607 hoc

293 4667 400 4722 est,
429 4674 554 4713 cum
590 4661 644 4714 in
674 4661 1006 4718 intellectum
1039 4663 1246 4719 venerit
1273 4662 1507 4731 populus
1536 4661 1912 4721 desideratus;
1940 4659 2014 4712 ita
2037 4658 2182 4710 enim
2219 4657 2577 4724 interpetatur
2609 4654 2795 4709 David.

366 4751 420 4804 1.
473 4751 533 4804 '0
555 4750 800 4816 διάϐολος
832 4757 928 4809 καὶ
959 4757 1009 4809 οἱ
1043 4754 1209 4812 αὑτοῦ
1238 4755 1439 4819 πάντες
1472 4755 1600 4824 περὶ
1641 4751 1734 4806 τοῦ
1775 4769 1865 4805 τε·
1894 4754 1937 4811 1]

2040 4751 2092 4802 1.
2127 4747 2386 4805 Diabolus
2430 4757 2484 4802 et
2512 4764 2701 4805 omnes
2733 4749 2825 4820 qui
2863 4749 2982 4819 ejus
3013 4753 3140 4805 sunt
3171 4743 3424 4799 dixerunt
3466 4742 3533 4799 de

293 4845 516 4917 χθέντος
538 4846 603 4898 ὲκ
626 4847 726 4916 τῆς
753 4847 1052 4918 Παρθένου.

888 4847 1052 4902 ὶένου.
1963 4849 2093 4898 nato
2128 4855 2194 4893 et
2222 4839 2459 4909 Virgine.

363 4936 418 4990 2.
449 4937 886 5008 Κατεφθάρησαν
911 4939 1004 4992 καὶ
1030 4937 1378 5010 προσώζεσαν
1406 4939 1463 4990 ὲν
1496 4935 1808 5007 ἁμαρτίαις.

1763 4953 1808 4998 ς.
2033 4935 2088 4988 2.
2123 4931 2378 5002 Corrupti
2413 4939 2618 4984 suntet
2645 4935 2967 4999 putruerunt
2993 4929 3047 4980 in
3079 4927 3333 4997 peccatis.

365 5026 421 5080 3.
449 5026 570 5080 Τῶν
599 5029 969 5086 ἀπειθούντων
999 5032 1078 5100 τῷ
1109 5031 1228 5101 Θεῷ
1260 5030 1338 5100 τῷ
1374 5028 1583 5098 ἀγαθῷ,
1623 5027 1714 5080 καὶ
1740 5027 1864 5085 κολ-

2035 5025 2089 5080 3.
2121 5025 2323 5078 Eorum
2358 5023 2453 5094 qui
2500 5022 2611 5080 Deo
2640 5022 2846 5090 optimo
2875 5019 3154 5085 resistunt,
3181 5028 3230 5074 ct
3259 5018 3529 5073 adhaerent

296 5116 559 5186 λωμένοις
593 5117 670 5188 (7)
703 5118 781 5189 τῷ
806 5119 1048 5192 πονηρῷ.
1968 5118 2133 5171 malo.

369 5206 420 5271 4,
456 5210 752 5264 Κατανοεῖν
779 5212 846 5265 τὰ
878 5212 1011 5282 ἔργα
1042 5211 1148 5265 τῶν
1175 5210 1494 5282 ἀνθρώπων.

2060 5206 2108 5260 ι.
2135 5203 2204 5258 Ut
2225 5213 2582 5266 cognosceret
2607 5217 2770 5271 opera
2795 5200 3091 5255 hominum.

1267 5371 1568 5434 Addenda
1597 5378 1658 5439 et
1690 5341 2080 5449 corrigenda
2110 5382 2189 5426 ex
2223 5366 2363 5427 cod.
2403 5365 2605 5426 Vatic.

482 5535 760 5627 ΙςΕθάρῤει.
990 5606 1015 5616 _

369 5644 387 5672 .,
509 5607 695 5672 Ισχυεν
723 5649 736 5659 .
766 5645 781 5660 .
809 5647 822 5659 .
887 5608 1130 5672 ὲφευρεν.

2253 5531 2344 5587 διὰ
2373 5534 2470 5605 τῆς
2494 5533 2858 5606 κινναϐάρεως
2885 5546 3009 5602 περ.

2226 5623 2271 5669 ς.

368 5604 445 5685 (2)
482 5604 695 5690 Ἴσχυεν
723 5649 736 5659 .
766 5645 781 5660 .
809 5647 822 5659 .
887 5606 1130 5677 ἐφεῦρεν,
2056 5604 2119 5676 6)
2155 5606 2271 5669 Ὃς.

374 5665 453 5747 (ᾗ)
489 5676 555 5728 Σε
584 5677 897 5741 ἀπαύστως,
926 5679 1028 5742 ὅτι,
1063 5687 1168 5733 etc.
2045 5609 2123 5747 1⁸0
2148 5675 2406 5744 Κολλωμε

374 5665 453 5742 (δ’)
489 5665 897 5741 Σεῗιπαύστως,
926 5665 1038 5742 ὅτις
1063 5687 1168 5733 etc.
2045 5665 2123 5744 {7"
2148 5665 2539 5744 Κολλωμενων.

376 5744 451 5813 (ὁ)
487 5749 580 5798 Atat
589 5748 753 5818 μείνω
