3978 6204
235 351 330 409 861
1178 351 1265 406 DE
1304 349 1578 405 Tl’TULlS
1608 349 2053 406 PS‘AIMORUM.
2083 380 2150 394 —-
2189 349 2386 404 PSAL.
2419 345 2554 403 Llll.
3367 336 3473 392 862

303 469 358 523 2.
395 469 503 522 Ka‘t
529 469 588 520 ὲν
606 470 674 539 τῇ
697 467 922 540 δυνάμει
970 485 1061 520 σου
1100 471 1306 539 κρινεῖς
1337 486 1424 538 με.
1822 481 1872 532 Α

1411 509 1424 522 .
1822 481 1872 532 Α
1965 469 2021 522 2.
2050 467 2111 520 Et
2137 471 2190 520 in
2229 467 2427 520 virtute
2459 475 2550 519 tua
2573 463 2844 533 judica-bis
2873 476 2978 516 me.

308 561 360 614 '5.
403 561 462 612 '0
485 559 637 625 Θεὸς,
666 561 983 615 εἰσάκουσον
1007 561 1107 629 τῆς
1142 561 1450 631 προσευχῆς
1483 575 1606 628 μου·

1483 575 1606 628 μουο
1970 561 2023 614 5.
2059 561 2215 623 Deus,
2246 559 2445 614 exaudi
2481 559 2784 613 oralionem
2811 569 2989 610 meam
3029 569 3043 608 :

306 649 359 702 4.
401 649 682 704 Ἐνὼτισαι
705 650 776 704 τὰ
806 653 1030 722 ῥήματα
1052 650 1144 704 τοῦ
1177 652 1441 722 στόματός
1471 667 1594 720 μου,

1474 667 1594 720 μου.
1973 652 2026 705 al.
2064 650 2306 705 Auribus
2337 651 2552 720 percipe
2581 649 2747 702 verba
2781 647 2894 700 oris
2918 644 3045 698 mei.

311 741 363 795 5.
393 742 517 794 Ὀτι
543 740 813 813 ἀλλότριοι
841 742 1213 812 ἐπανέστησαν
1244 744 1329 795 ἐπ’
1367 742 1497 811 ἐμέ·

1967 746 2022 800 5.
2055 745 2326 810 Quoniam
2361 743 2523 800 alieni
2548 743 2967 797 insurrexerunt
3006 737 3295 792 adversum
3316 747 3441 789 me:

311 833 368 888 6.
397 833 506 887 Καὶ
529 835 780 906 κραταιοὶ
806 835 1074 906 ἐζήτησαν
1097 835 1194 906 τὴν
1219 836 1402 906 ψυχήν.
1432 849 1534 905 μου
1553 850 1568 865 ο

1975 837 2031 892 6.
2057 837 2120 890 Et
2149 835 2318 891 fortes
2343 834 2676 906 quaesierunt
2701 833 2943 887 animam
2976 844 3155 883 meam
3184 845 3196 881 :

311 923 363 977 ’1.
391 925 502 978 Καὶ
528 925 592 980 οὐ
617 925 906 996 προέθεντο
930 925 1022 980 τὸν
1049 925 1182 980 Θεὸν
1217 925 1446 982 ἐνώπιον
1465 923 1664 980 αὐτῶν.

1975 929 2030 981 τ.
2056 927 2122 982 Ει
2152 943 2260 981 non
2287 933 2692 996 proposuerunt
2736 923 2906 978 Deum
2953 929 3078 976 ante
3115 924 3468 987 conspectum

1902 1035 2084 1075 suum.

313 1102 368 1160 8.
413 1104 544 1158 Ἰδοὺ
568 1103 676 1176 γὰρ
706 1103 740 1156 ό
765 1104 898 1168 Θεὸς
925 1105 1109 1178 βοηθεῖ
1139 1123 1228 1177 μοι
1246 1122 1260 1139 ·

1976 1110 2030 1162 8.
2065 1108 2204 1164 Ecce
2232 1109 2376 1163 enim
2403 1107 2545 1162 Deus
2578 1105 2801 1176 adjuvat
2825 1119 2911 1158 me

311 1194 364 1250 9.
400 1197 508 1250 Kal.
535 1198 564 1249 ὁ
587 1197 790 1268 Κύριος
818 1199 1168 1270 ἀντιλήπτωρ
1205 1199 1306 1268 τῆς
1329 1198 1507 1269 ψυχῆς
1543 1216 1662 1270 μου.

1575 1216 1662 1252 ου.
1979 1201 2034 1256 9.
2070 1203 2138 1256 Et
2170 1200 2434 1254 Dominus
2464 1208 2750 1268 susceptor
2775 1196 2968 1250 anima:
2997 1207 3146 1248 meae.

313 1287 399 1343 10.
437 1289 779 1364 Ἀποστρὲψῃ
819 1289 1242 1362 [Ἃτυοστρέψει]
1284 1290 1352 1343 τὰ
1394 1289 1540 1343 κακὰ
1571 1291 1683 1352 τοῖς
1717 1289 1808 1356 ἐχ-

1717 1289 1808 1356 ὲχ-
1979 1291 2066 1348 10.
2093 1293 2321 1347 Avertes
2346 1289 2619 1363 [avertet]
2645 1290 2788 1345 mala
2820 1287 3056 1343 inimicis
3085 1285 3254 1341 mei8°

242 1377 390 1447 θροῖς
426 1395 528 1448 μου
549 1394 564 1407 ·

322 1469 405 1523 11.
445 1469 531 1522 Ἐν
561 1472 628 1540 τῇ
656 1469 882 1541 ἀληθείᾳ
907 1486 1001 1524 σου
1034 1470 1410 1543 ὲξολόθρευσον
1446 1467 1661 1533 αὐτούς.

1509 1467 1661 1533 ιτούς.
1982 1467 2066 1523 11.
2095 1467 2163 1523 Ει
2194 1468 2246 1522 in
2283 1468 2514 1524 veritate
2537 1477 2626 1522 tua
2649 1467 2904 1538 disperde
2938 1466 3080 1520 illos.

316 1559 401 1613 12.
443 1560 736 1625 Ἑκουσίως
771 1560 920 1614 θύσω
953 1579 1061 1625 σοι,

1981 1559 2071 1614 12.
2096 1559 2414 1615 Voluntarie
2449 1560 2770 1615 sacrificabo
2801 1559 2930 1613 tibi:

316 1650 401 1706 15.
445 1653 937 1725 Ἐξομολογήσομαι
981 1655 1058 1728 τῷ
1090 1654 1314 1725 ὀνόματι
1356 1670 1470 1716 σου,
1502 1651 1694 1722 Κύριε,
1725 1650 1811 1708 ὃτι

1981 1648 2409 1706 15.Conlitebor
2460 1650 2669 1706 nomini
2732 1660 2846 1714 tuo,
2897 1647 3162 1711 Domine,
3216 1643 3475 1714 quoniam

245 1741 470 1808 ἀγαθόν.

1907 1741 2136 1795 bonum.

317 1833 406 1887 14.
436 1834 558 1887 Ὅτι
579 1836 643 1888 ὲκ
667 1837 848 1908 πάσης
877 1837 1110 1906 θλίψεως
1151 1837 1372 1908 ὲρῤύσω
1400 1852 1466 1904 με
1494 1847 1504 1864 ’
1834 1851 1878 1906 Β

1984 1835 2072 1888 11.
2105 1834 2373 1899 Quoniam
2403 1851 2470 1891 ex
2499 1836 2648 1890 omni
2679 1832 3031 1888 tribulatione
3062 1826 3310 1898 eripuisti
3335 1839 3423 1880 me
3458 1843 3473 1879 :

319 1923 407 1976 15.
439 1924 549 1978 Ka‘t
575 1926 634 1981 ἐν
670 1930 784 1992 τοῖς
824 1928 1037 1999 ἐχθροῖς
1079 1944 1179 1998 μου
1210 1923 1418 1982 ἐπεῖδεν
1457 1923 1486 1974 ό
1528 1919 1804 1992 ὀφθαλμός

1981 1924 2071 1978 15.
2120 1923 2187 1979 Et
2237 1939 2404 1996 super
2477 1925 2730 1981 inimicos
2784 1937 2938 1980 meos
2988 1918 3234 1988 despexit
3287 1914 3480 1970 oculus

248 2027 377 2088 μου.

1911 2029 2088 2075 meus.

1360 2235 1733 2295 ATHANASII
1771 2235 2358 2297 INTERPRETATIO.

248 2451 413 2504 νημα
431 2450 446 2462 ⁸
478 2437 688 2503 Ζιφαῖοι
708 2435 764 2488 δὲ
785 2436 1170 2508 ἑρμηνεύονται
1194 2435 1658 2507 ἀναϐάλλοντες.
1683 2436 1856 2491 Σαοὺλ
1875 2437 1932 2490 δὲ
1962 2437 2322 2509 ἑρμηνεύεται
2351 2441 2613 2507 αίτητός.
2653 2437 2826 2492 Τοῦτο
2849 2433 2942 2492 οὖν
2975 2437 3124 2505 λέγει
3142 2453 3156 2466 ·
3188 2435 3238 2488 οι
3289 2431 3480 2504 δαίμο-

252 2545 346 2590 νες
365 2527 441 2597 τῷ
461 2527 692 2599 διαϐόλῳ
715 2529 962 2597 λέγουσιν
988 2547 1002 2562 ·
1044 2531 1173 2584 Ἰδοὺ
1210 2531 1683 2602 συγκεκλεισμένοι
1712 2531 1786 2600 (1)
1811 2530 2004 2601 ἔχομεν
2036 2531 2125 2585 τὸν
2155 2530 2574 2600 ὲξουθενημένον
2599 2533 2803 2584 ἐκεῖνον
2829 2546 2842 2560 ο
2883 2530 3068 2584 λοιπὸν
3104 2531 3133 2582 ό
3173 2527 3249 2598 (2)
3285 2526 3482 2596 συλλη-

247 2619 405 2691 φθεὶς
441 2620 536 2673 ὑπ’
561 2621 738 2681 αὐτῶν
761 2623 854 2674 ἐπὶ
883 2622 1026 2682 τέλει
1048 2625 1127 2686 εἰς
1163 2624 1375 2680 σύνεσιν
1407 2625 1534 2696 ἔλθῃ
1566 2625 1670 2677 ὑπὸ
1698 2625 1790 2678 τοῦ
1813 2625 1976 2690 Θεοῦ,
2003 2627 2230 2696 ἀνυμνεῖ
2251 2624 2341 2679 τὸν
2369 2623 2522 2689 Θεὸν,
2553 2625 2648 2679 καὶ
2673 2625 2849 2680 δέεται
2876 2623 3040 2678 αὐτοῦ
3067 2623 3238 2692 λέγων
3257 2637 3270 2651 ·

248 2747 358 2792 tem
393 2739 817 2808 interpretantur
838 2742 1238 2810 repullulantes.
1269 2745 1404 2802 Saul
1430 2762 1556 2801 vero
1584 2745 1967 2815 interpretatur
1994 2749 2205 2816 petitus.
2258 2745 2371 2800 lloc
2413 2745 2578 2816 igitur
2620 2741 2908 2812 signiﬁcat,
2951 2739 3222 2793 daemones
3266 2731 3483 2788 diabolo

247 2830 471 2885 dicunt:
519 2829 657 2885 Ecce
687 2833 1006 2887 conclusum
1039 2833 1302 2890 habemus
1349 2843 1716 2906 contemptum
1777 2835 1949 2890 illum.
1998 2839 2068 2892 At
2096 2839 2314 2892 demum
2346 2837 2772 2906 comprehensus
2803 2833 2872 2886 ab
2901 2831 3056 2902 ipsis,
3111 2843 3236 2884 eum
3268 2825 3487 2880 tandem

247 2927 432 2984 divina
458 2944 561 2999 ope
585 2930 729 2985 venit
762 2930 818 2984 in
849 2931 1207 2997 intellectum,
1245 2931 1430 2987 laudat
1460 2933 1652 3000 Deum,
1684 2943 1738 2988 et
1765 2945 2020 3004 precatur
2052 2934 2257 3004 ipsum,
2283 2933 2506 2988 dicens:

319 3104 378 3160 2.
405 3107 514 3160 Καὶ
543 3107 680 3162 κατὰ
693 3109 796 3193 τὴν
821 3109 1050 3180 δύναμίν
1079 3126 1173 3162 σου
1206 3108 1474 3182 βοήθησόν
1513 3128 1581 3183 με
1609 3111 1711 3182 (5).
1849 3117 1890 3174 C

1849 3117 1892 3174 ε
1991 3113 2045 3167 2.
2073 3111 2139 3166 Et
2177 3110 2476 3166 secundum
2505 3117 2654 3163 tuam
2684 3105 2979 3178 potentiam
3013 3103 3206 3174 adjuva
3239 3114 3340 3157 me.

319 3197 376 3250 3.
410 3197 506 3261 Είς
548 3196 620 3250 τὰ
681 3192 794 3252 ὧτὰ
855 3215 948 3254 σου
1001 3201 1408 3272 είσακουσθήτω
1453 3204 1487 3272 ἡ
1543 3203 1818 3272 προσευχὴ

1629 3203 1818 3272 οσευχή
1994 3207 2048 3263 5.
2080 3205 2138 3259 In
2172 3204 2399 3260 auribus
2423 3203 2531 3258 tuis
2561 3201 2814 3256 audiatur
2847 3197 3023 3254 oratio
3047 3212 3200 3265 mea”

322 3377 378 3432 4.
416 3378 640 3433 Πάντων
663 3379 798 3451 ὁμοῦ
835 3379 913 3448 (4)
955 3380 1060 3433 τῶν
1107 3381 1367 3451 ῥημάτων
1404 3381 1633 3435 ἀκοῦσαι
1679 3397 1826 3436 κατ-

1998 3387 2049 3443 4.
2079 3386 2311 3456 Dignare
2358 3385 2548 3441 audire
2605 3383 2790 3440 omnia
2844 3381 3008 3437 verba
3078 3395 3234 3447 mea;
3282 3375 3489 3432 nullum

251 3469 483 3535 αξίωσον
501 3487 515 3502 ο
548 3471 714 3542 μηδὲν
743 3471 923 3524 αὐτῶν
951 3472 1255 3542 ἀπόϐλητον
1285 3473 1424 3531 ἔστω
1450 3474 1602 3533 παοὰ.
1630 3475 1732 3527 σοί.

1002 3472 1255 3542 κόόλητον
1285 3473 1424 3531 ἔστω
1450 3474 1602 3533 moi
1630 3475 1732 3527 σοί.
1923 3496 2110 3535 eorum
2135 3493 2166 3533 a
2197 3489 2248 3534 te
2275 3479 2573 3550 rejiciatur.

326 3562 382 3616 5.
414 3564 480 3616 Οἱ
505 3563 778 3634 δαίμονες.

1996 3571 2050 3626 5.
2079 3570 2385 3626 Daemones.

323 3653 378 3708 6.
419 3655 652 3725 Ὁμοίως
675 3657 730 3708 al
756 3656 993 3710 ἐναντίαι
1021 3656 1302 3726 δυνάμεις.

1998 3665 2050 3719 6.
2091 3664 2356 3718 Similiter
2382 3660 2708 3717 adversariae
2738 3666 3050 3730 potestates.

327 3747 380 3800 7.
416 3747 526 3800 Kal.
557 3747 656 3800 οὐκ
683 3748 1017 3817 ὲλσγίσαντο,
1046 3749 1128 3802 ὅτι
1146 3750 1175 3803 ό
1201 3748 1332 3811 Θεὸς
1354 3748 1573 3812 δυνατός
1597 3751 1710 3802 ἐστι
1732 3747 1829 3802 τοῦ

2001 3757 2052 3810 7.
2096 3757 2164 3813 Et
2192 3772 2298 3809 non
2316 3755 2715 3826 cogitaverunt,
2746 3751 2892 3821 quod
2923 3750 3066 3804 Deus
3090 3758 3283 3820 potens
3310 3757 3395 3804 est
3423 3749 3494 3804 ab

253 3836 524 3910 ῥύσασθαί
557 3855 625 3908 με
657 3839 750 3892 ἀπ’
781 3838 982 3892 αὐτῶν.

900 3838 982 3892 ὒν.
1929 3849 2064 3920 ipsis
2102 3865 2186 3902 me
2217 3848 2471 3902 liberare.

323 3929 380 3982 8.
423 3927 555 3982 Ἰδοὺ
582 3930 690 4001 γὰρ
715 3932 743 3981 ὁ
766 3930 898 3994 Θεὸς
922 3929 1209 4002 λυτροῦταί
1239 3949 1307 4002 με
1325 3931 1445 3984 καθ’
1467 3930 1702 4000 ἑκάστην
1727 3930 1825 4000 (5).

1639 3947 1702 4000 ην
1727 3930 1825 4000 (εῆο
1997 3942 2049 3995 8.
2087 3940 2224 3994 Ecce
2253 3939 2398 3992 enim
2437 3937 2580 3991 Deus
2611 3937 2806 3990 liberat
2835 3950 2924 3990 me
2947 3933 3210 4004 quotidie.

323 4022 378 4077 9.
413 4021 526 4076 Kal.
547 4023 622 4086 ὡς
648 4023 922 4094 Δεσπότης
954 4041 1052 4095 μου
1083 4025 1438 4077 ἀντιποιεῖται
1465 4023 1556 4076 τοῦ
1579 4022 1826 4097 πλάσμασι

2000 4033 2053 4087 9.
2089 4030 2154 4086 Et
2186 4031 2354 4086 veluti
2390 4027 2657 4083 Dominus
2709 4042 2866 4081 meus
2909 4024 3145 4097 protegit
3174 4022 3491 4094 ﬁgmentum

252 4131 345 4177 τος
373 4113 559 4167 αὑτοῦ.

546 4155 559 4167 ⁶
1927 4141 2110 4180 ευιιιη.

332 4207 421 4261 10.
463 4206 818 4280 Ἀποστρέψει
850 4208 925 4281 (ϐ)
961 4192 1460 4280 [Ἄποστρέψεται]
1488 4209 1521 4278 ἡ
1545 4204 1702 4276 ὀδύνη
1728 4203 1826 4257 αὕη

1614 4204 1702 4276 ὗνη
1728 4203 1826 4257 αὕη
2001 4213 2085 4269 10.
2113 4211 2473 4266 Convertetur
2505 4208 2665 4264 dolor
2690 4221 2880 4262 eorum
2921 4206 2976 4261 in
3017 4205 3185 4275 ipsos.

254 4298 365 4350 τῶν
387 4299 477 4350 ἐπ’
508 4299 719 4364 αὐτούς.

333 4389 421 4442 11.
473 4388 561 4442 Ἐν
589 4393 656 4460 τῇ
685 4393 866 4461 χάριτι
896 4389 992 4443 τοῦ
1018 4390 1173 4460 ἁγίου
1203 4386 1520 4459 Πνεύματος
1553 4385 1827 4439 ἁπέλασον

1999 4393 2087 4446 11.
2121 4390 2308 4448 Gratia
2342 4388 2515 4444 sancti
2551 4386 2788 4458 Spiritus
2824 4384 3034 4455 expelle
3082 4397 3176 4438 eos
3208 4380 3278 4436 ab
3311 4379 3492 4434 anima

255 4479 454 4542 αὐτοὺς
488 4480 598 4533 ἀπὸ
624 4482 723 4552 τῆς
755 4481 928 4552 ψυχῆς
961 4500 1082 4553 μου.
1856 4479 1900 4534 Β
1931 4500 2072 4538 mea.

323 4573 413 4626 12.
441 4573 562 4628 Ἵνα
610 4573 794 4627 λοιπὸν
860 4578 917 4628 ὲν
971 4574 1163 4646 μηδενὶ
1207 4573 1568 4642 κατεχόμενος
1615 4569 1822 4635 δοξάσω

1997 4573 2084 4626 12.
2117 4571 2188 4627 Ut
2217 4570 2435 4625 demum
2485 4570 2632 4624 nulla
2679 4583 2732 4621 tn
2769 4583 2827 4624 re
2885 4565 3137 4621 detentus
3194 4570 3247 4616 te
3289 4559 3496 4630 gloriﬁ-

255 4676 338 4714 σε.
407 4701 414 4707 .

1925 4680 2063 4720 cem.

328 4750 414 4803 1⁸5.
454 4752 777 4823 Ἀνυμνήσω
821 4755 881 4808 τὸ
916 4753 1089 4826 ὄνομά
1138 4771 1258 4823 σου,
1313 4756 1396 4807 ὅτι
1428 4752 1633 4821 ἀγαθόν.
1683 4753 1829 4805 ἐστιν

2002 4753 2088 4807 15.
2124 4748 2383 4806 Laudabo
2416 4765 2615 4803 nomen
2654 4755 2829 4810 tuum,
2855 4743 3116 4815 quoniam
3157 4742 3360 4798 bonum
3390 4747 3495 4805 est,

255 4841 746 4915 ἐπαναπαυόμενον
775 4847 866 4900 ἐπί
895 4864 1034 4903 τινα.

1931 4860 2054 4899 cum
2091 4859 2254 4914 super
2275 4843 2510 4912 aliquem
2536 4839 2842 4909 requiescit.

327 4934 415 4988 14.
449 4935 636 5006 Πάσης
672 4938 946 5010 ἁμαρτίας
981 4939 1078 5007 (7).

1068 4981 1078 4993 .
2004 4937 2090 4989 14.
2126 4936 2203 4988 Ex
2227 4935 2376 4987 omni
2403 4942 2639 5003 peccato.

323 5023 412 5077 15.
452 5027 563 5079 Kal.
585 5031 651 5100 τῇ
677 5029 883 5103 διανοίᾳ
903 5030 1202 5103 προσέσχον
1226 5030 1344 5102 μετ’
1365 5029 1530 5100 ὀργῆς
1559 5026 1694 5080 κατὰ
1717 5025 1825 5078 τῶν

2005 5024 2092 5077 15.
2124 5021 2190 5076 Et
2231 5030 2412 5078 mente
2455 5019 2662 5075 attendi
2696 5034 2823 5075 cum
2873 5019 2956 5074 ira
3017 5025 3207 5073 contra
3246 5009 3497 5069 inimicos

254 5115 469 5187 ἐχθρῶν
503 5137 626 5188 μου.

530 5137 604 5172 LOU
611 5159 626 5173 .
1929 5131 2101 5172 meos.

1205 5319 1506 5382 Addenda
1537 5325 1596 5378 et
1634 5315 2010 5394 corrigenda
2041 5331 2118 5374 ex
2171 5311 2312 5372 cod.
2349 5309 2548 5370 Vatic.

326 5508 406 5576 (1)
439 5507 734 5576 Συγκεκλεέ
747 5507 958 5576 σμένον.
2005 5501 2080 5563 (5)
2118 5498 2502 5576 'Exdczqyﬁn’
2529 5495 2727 5550 αὐτῶν.

331 5567 410 5636 (‘2)
441 5567 640 5630 Λοιπὸν
674 5573 765 5631 οὖν
779 5567 839 5628 ’ό.

2007 5573 2082 5637 (6)
2127 5567 2493 5636 Ἐπιστρέψει.

325 5648 405 5715 (δ)
439 5648 732 5718 Βοηοήσεις
773 5665 880 5716 μοι.
2010 5643 2086 5713 (7)
2130 5638 2428 5710 Ἀμαρτίας
2457 5637 2624 5704 λέγει.

329 5721 406 5786 (ιι)
436 5719 574 5771 MOU.
