3978 6204
267 341 379 400 865
1215 338 1304 396 DE
1335 333 1612 394 TlTULlS
1643 327 2096 392 'PSALMORUH.
2128 363 2197 375 --
2228 327 2441 390 PSKL.‘
2471 325 2610 387 LW.
3382 321 3490 379 856

344 460 433 516 12.
463 455 992 532 Προσεδεχόμηντὸν
1028 459 1158 512 Θεὸν
1187 455 1280 512 τὸν
1317 457 1556 524 σώζοντά
1602 473 1669 528 με
1722 454 1829 512 ἀπὸ
1853 459 1909 519 Α

2001 453 2087 510 12.
2115 451 2505 522 Exspectabam
2547 449 2742 513 Deum,
2782 447 2876 519 qui
2919 445 3128 502 salvum
3173 457 3264 497 me
3303 441 3489 498 incita

268 551 640 624 ὀλιγοψυχίας,
676 552 768 603 καὶ
791 549 898 603 ἀπὸ
919 548 1250 616 καταιγίδος.

1929 544 2375 617 pusillanimitate
2403 542 2627 613 spiritus
2649 552 2702 596 et
2731 546 3068 608 tempestate.

345 643 436 700 15.
483 641 923 710 Καταπόντισον,
976 639 1180 711 Κύριε,
1242 640 1337 695 καὶ
1385 638 1665 694 καταδίελε
1732 640 1832 707 τὰς

2002 635 2088 689 15.
2122 633 2426 705 Praecipita,
2457 631 2702 696 Domine,
2727 638 2782 685 et
2806 629 2984 684 divide
3002 627 3220 695 linguas
3249 638 3438 678 eorum
3470 640 3487 678 :

253 731 524 804 γλώσσας
563 731 775 786 αὐτῶν·
2008 808 2062 814 __
2119 807 2148 814 Α
2271 805 2284 814 _
2545 805 2557 814 _
2604 805 2616 814 _
2701 806 2713 814 _
2784 813 2790 814 γ
2969 811 2977 814 Α
3111 811 3120 814 Α
3209 802 3244 814 η
3286 801 3319 814 μ,

347 824 435 882 14.
473 825 594 878 ’Ὀτι
626 818 763 878 εῐδον
795 822 1024 894 ἀνομίαν
1043 860 1057 886 ,
1087 821 1181 876 καὶ
1211 822 1513 891 ἀντιλογίαν
1551 823 1608 879 ὲν
1635 824 1702 895 τῇ
1733 821 1834 878 πό-

2000 808 2086 864 14.
2112 805 2377 874 Quoniam
2401 806 2509 861 vidi
2543 805 2905 874 iniquitatem,
2931 811 2984 859 et
3001 802 3487 857 contradictionem

1930 899 1988 957 in
2011 899 2248 954 civitate.

273 917 436 1064 hi5.
477 1008 720 1080 Ἡμέρας
761 1007 858 1061 καὶ
896 1007 1090 1074 νυκτὸς
1117 1005 1384 1063 κυκλώσει
1428 1005 1597 1077 αὐτὴν
1629 1005 1722 1059 ἐπὶ
1762 1003 1835 1060 τὰ

1930 917 1988 957 tn
2011 917 2248 954 ClVllate.

2000 989 2087 1043 15.
2124 987 2219 1042 Die
2255 999 2320 1040 ac
2355 991 2515 1038 nocte
2551 982 2914 1038 circumdabit
2963 996 3082 1038 eam
3114 997 3279 1053 super
3305 997 3491 1038 muros

263 1112 332 1151 τε
341 1099 357 1151 ί
359 1117 427 1171 χη
461 1099 626 1170 αὐτῆς
653 1115 668 1130 ·

1931 1094 2052 1149 ejus
2085 1097 2100 1134 :

346 1169 432 1245 16.
467 1169 800 1262 Καὶάνομία
829 1189 924 1245 καὶ
947 1191 1115 1256 κόπος
1133 1191 1191 1245 ὲν
1212 1189 1360 1262 μέσῳ
1387 1189 1576 1262 αὐτῆς,
1610 1191 1704 1245 καὶ
1722 1189 1836 1245 ἀδι-

2007 1171 2094 1226 16.
2123 1169 2188 1226 Ει
2210 1171 2468 1241 iniquitas
2483 1181 2536 1226 et
2560 1171 2717 1227 labor
2741 1171 2796 1226 in
2819 1170 2998 1226 medio
3027 1172 3166 1241 ejus,
3185 1181 3237 1226 ct
3267 1171 3489 1242 injusti-

1845 1301 1866 1310 ~-
1934 1271 2030 1318 tia.

255 1279 389 1334 τιία.

347 1372 433 1426 17.
468 1372 577 1426 Kal
594 1371 693 1426 οὐκ
720 1371 962 1438 ἐξέλιπεν
984 1373 1048 1427 ὲκ
1066 1371 1173 1427 τῶν
1202 1373 1470 1429 πλατειῶν
1491 1375 1660 1448 αὐτῆς
1679 1377 1826 1442 τόκος

1934 1279 2030 1318 ua.

2003 1356 2092 1410 17.
2127 1353 2191 1409 Ει
2213 1369 2319 1408 non
2343 1352 2539 1410 defecit
2555 1355 2621 1411 dc
2638 1355 2827 1426 plateis
2857 1356 2976 1426 ejus
3011 1373 3198 1424 usura,
3226 1369 3281 1413 et
3307 1345 3485 1414 dolus:

251 1465 370 1518 -καὶ
399 1463 566 1528 δόλος.
1919 1463 1927 1498 Ῐ
1998 1500 2012 1517 ι
2224 1527 2252 1543 ,

347 1555 434 1610 18.
467 1557 609 1618 Ὅτι,
635 1556 683 1608 εί
705 1557 732 1609 ὁ
754 1555 943 1620 aveat;
964 1556 1206 1611 ὠνείδισέ
1243 1575 1330 1628 με,
1363 1559 1644 1630 ὑπήνεγκα
1679 1559 1767 1616 ἄν.

2007 1558 2092 1612 18.
2128 1557 2391 1623 Quoniam
2420 1557 2463 1611 si
2493 1557 2745 1612 inimicus
2762 1573 2914 1613 meus
2935 1559 3306 1615 maledixisset
3333 1561 3487 1628 mihi,

2058 1649 2315 1702 inuissem
2351 1650 2554 1702 utique.

346 1731 432 1786 19.
458 1731 566 1787 Καὶ
588 1733 635 1784 εί
658 1733 687 1786 ό
718 1730 889 1804 μισῶν
911 1751 978 1804 με
1009 1735 1094 1788 ἐπ’
1112 1736 1210 1806 ἐμὲ
1235 1735 1830 1808 ὲμεγαλορῥημονησεν,

1935 1659 2315 1702 ευδιιιιωεεοιιι
2351 1659 2554 1716 utique.

2006 1741 2091 1794 19.
2135 1740 2197 1795 Ει
2227 1743 2271 1795 si
2307 1742 2351 1795 is
2376 1742 2468 1810 qni
2491 1742 2678 1796 oderat
2703 1757 2786 1796 me
2810 1757 2972 1812 super
3004 1757 3089 1796 mc
3117 1758 3312 1811 magna
3347 1743 3493 1798 locu-

271 1822 512 1895 ἐκρύϐην
533 1823 599 1877 ἂν
621 1825 714 1877 ἀπ’
745 1824 947 1893 αὐτοῦ.ἶ

1863 1813 1906 1870 Β
1940 1843 2026 1887 tus
2058 1831 2270 1898 fuisset,
2298 1833 2702 1887 abscondissem
2734 1849 2818 1887 me
2842 1832 3067 1888 forsitan
3101 1834 3170 1886 ab
3196 1849 3277 1888 eo.

342 1914 431 1969 20.
454 1912 530 1970 Σὺ
547 1916 623 1980 δὲ,
650 1917 902 1989 ἄνθρωπε
926 1919 1165 1992 ισόψυχε,
1197 1923 1415 1992 ἡγεμων
1441 1934 1563 1992 μου,
1592 1937 1684 1975 και
1702 1938 1834 1990 γνω-

2009 1922 2100 1975 20.
2131 1920 2209 1977 Τυ
2243 1938 2367 1976 vcro
2395 1923 2555 1976 homo
2584 1922 2877 1988 unanimis,
2907 1923 3018 1978 dux
3052 1939 3228 1990 meus,
3250 1933 3302 1978 et
3333 1932 3495 1979 notus

257 2005 366 2058 ’στέ
399 2023 498 2076 μου
519 2023 533 2037 ·

1937 2028 2094 2070 meus
2128 2032 2142 2068 2

343 2097 429 2149 21.
460 2098 554 2161 ’ος
582 2096 704 2169 [Ὦς
752 2098 912 2175 mss]
955 2101 1049 2157 ἐπὶ
1093 2103 1155 2156 τὸ
1211 2103 1341 2156 αὐτὸ
1395 2102 1698 2171 ὲγλύκανάς
1738 2119 1828 2174 μοι

2006 2105 2098 2160 21.
2141 2105 2246 2171 Qui
2288 2103 2546 2177 [Quippe]
2577 2105 2736 2162 simul
2762 2122 2974 2162 mecum
3013 2107 3199 2163 dulces
3245 2109 3497 2179 capiebas

273 2187 542 2258 ἐδέσματα
558 2205 576 2222 ·

562 2205 576 2222 ·
1878 2202 1890 2218 ‘
1936 2195 2088 2254 cibos
2119 2213 2133 2252 :

331 2277 433 2332 22.
464 2277 550 2332 Ἐν
577 2279 652 2350 τῷ
672 2280 804 2352 οἴκῳ
835 2283 928 2338 τοῦ
955 2283 1086 2338 Θεοῦ
1109 2283 1481 2355 ἐπορεύθημεν
1512 2287 1568 2338 ὲν
1589 2285 1830 2359 ὁμονοίᾳ.

1743 2285 1830 2359 μία.
1998 2287 2088 2342 22.
2117 2289 2174 2342 ln
2207 2288 2369 2344 domo
2398 2288 2493 2343 Dei
2525 2291 2923 2348 ambulavimus
2949 2291 3003 2347 in
3026 2307 3314 2349 consensu.

344 2369 434 2425 25.
480 2371 708 2426 Ἐλθέτω
741 2375 802 2446 δὴ
823 2374 1047 2440 θάνατος
1076 2379 1162 2430 ἐπ’
1195 2378 1422 2443 αὐτοὺς,

1272 2378 1388 2442 τοὺς
1406 2419 1422 2443 ,
2001 2378 2092 2433 25.
2125 2377 2314 2432 Veniat
2337 2395 2486 2434 mors
2513 2395 2679 2451 super
2703 2381 2843 2445 illos,

343 2462 434 2516 24.
468 2464 578 2518 Kal
607 2464 1000 2537 καταϐήτωσαν
1029 2467 1107 2530 είς
1136 2466 1260 2538 ᾅδου
1293 2468 1493 2533 ζῶντες
1512 2486 1526 2501 ’

2003 2467 2092 2522 24.
2118 2468 2183 2522 Ει
2207 2469 2533 2525 descendant
2560 2475 2612 2525 in
2637 2471 2908 2528 infernum
2943 2473 3217 2528 viventes:

343 2552 434 2610 25.
458 2554 579 2608 Ὅτι
600 2557 830 2629 πονηρία
854 2559 912 2613 ὲν
939 2559 1061 2622 ταῖς
1085 2560 1398 2630 παροικίαις
1430 2560 1626 2626 αὐτῶν,
1659 2562 1717 2616 ὲν
1747 2561 1832 2633 μέ-

2125 2558 2395 2626 Quoniam
2432 2562 2674 2632 nequitia
2724 2563 2778 2618 in
2823 2563 3151 2621 habitaculis
3180 2581 3399 2634 eorum,
3441 2565 3497 2622 in

259 2658 356 2716 ’σῳ
387 2645 586 2702 αὐτῶν.

1939 2651 2120 2707 medio
2145 2666 2353 2708 eorum.

343 2737 431 2792 26.
473 2738 615 2809 Ἐγὼ
641 2739 777 2812 πρὸς
810 2740 900 2797 τὸν
932 2740 1063 2796 Θεὸν
1099 2741 1400 2812 ἐκέκραξα.
1436 2735 1528 2797 καὶ
1559 2742 1588 2794 ό
1631 2741 1834 2813 Κύριος

2008 2743 2100 2798 26.
2137 2742 2252 2816 Ego
2279 2746 2346 2801 ad
2378 2745 2547 2803 Deum
2584 2747 2836 2818 clamavi,
2869 2761 2926 2807 et
2962 2750 3228 2808 Dominus
3274 2753 3500 2810 exaudi-

273 2831 558 2903 είοήκουσέ
591 2847 711 2902 μου.

608 2847 711 2886 ton.
1938 2835 2018 2891 vit
2043 2851 2128 2892 me
2165 2854 2179 2893 :

1390 3009 1763 3078 ATHANASII
1799 3011 2382 3076 INTERPRETATIO.

344 3163 436 3220 12.
463 3161 661 3218 Λοιπὸν
685 3163 1082 3236 προσεδεχόμην
1102 3164 1192 3218 τὸν
1207 3163 1337 3218 Θεὸν
1359 3165 1450 3220 τὸν
1469 3167 1830 3242 λυτρούμενόν
1855 3176 1902 3237 c

2001 3171 2089 3227 12.
2128 3173 2368 3245 Denique
2392 3179 2770 3246 exspectabam
2813 3180 3003 3246 Deum,
3047 3183 3140 3253 qui
3184 3197 3267 3238 me
3306 3184 3502 3239 liberat

259 3270 348 3330 ’με
376 3257 486 3313 ἀπὸ
509 3256 620 3312 τῶν
648 3255 901 3310 εἰσϐολῶν
931 3256 1025 3310 τοῦ
1067 3257 1283 3329 ἐχθροῦ.

1067 3257 1283 3329 ἐχθροῦ.
1941 3265 2008 3320 ab
2041 3266 2353 3323 incursibus
2388 3269 2613 3325 inimici.

351 3349 437 3404 15.
485 3348 822 3414 Θανάτωσον,
877 3349 1088 3420 Κύριε,
1139 3351 1232 3404 καὶ
1282 3349 1570 3422 σύντριψον
1641 3352 1841 3409 κακίαν

2011 3359 2098 3413 15.
2132 3359 2413 3429 Mortiﬁca,
2456 3363 2703 3432 Domine,
2740 3374 2794 3422 et
2823 3351 3065 3422 'contere
3107 3364 3368 3422 malitiam
3411 3381 3506 3422 eo-

275 3456 343 3491 αυ
349 3456 474 3493 των.

1939 3464 2081 3503 rum.

347 3531 434 3586 M.
464 3531 586 3586 Ὅτι
610 3531 867 3604 αἷσθομαι
894 3533 954 3586 ὲν
983 3534 1048 3605 τῇ
1088 3533 1283 3606 καρδία
1309 3553 1432 3605 μου.

2010 3540 2096 3594 ll.
2128 3541 2397 3607 Quoniam
2428 3543 2574 3598 sensi
2603 3544 2655 3598 in
2679 3545 2842 3600 corde
2867 3559 3009 3603 meo.

344 3620 433 3676 15.
477 3620 794 3686 Ἀπαύστως
823 3623 1035 3694 ἡμέρας
1069 3624 1162 3678 καὶ
1195 3625 1386 3689 νυκτὸς
1420 3626 1839 3698 περικαθέζεταί

2013 3634 2470 3692 15.1ηοεεεειηιοι·
2506 3637 2595 3692 die
2630 3653 2696 3694 ac
2744 3647 2904 3694 nocte
2929 3641 3342 3700 circumassidet
3372 3642 3506 3699 mihi

277 3729 368 3783 μοι
393 3711 428 3782 ἠ
460 3711 720 3784 ἁμαρτία.

669 3730 720 3766 a.
1939 3735 2240 3793 peceatum.

349 3801 438 3856 16.
473 3801 834 3872 Πεπλήρωται
861 3803 893 3873 ἡ
921 3801 1130 3857 διάνοιά
1163 3820 1263 3874 μου
1286 3803 1600 3874 λογισμῶν.¹

2011 3817 2096 3870 16.
2134 3815 2350 3887 Repleta
2374 3827 2455 3872 est
2477 3833 2631 3873 mens
2654 3834 2772 3874 mea
2795 3821 3233 3891 cogitationibus.

341 3892 436 3946 17.
471 3892 582 3946 Kal
613 3893 714 3946 οὐκ
754 3893 1046 3963 ἀφίσταται
1094 3893 1206 3948 ἀπὸ
1251 3894 1352 3966 τῆς
1398 3895 1624 3965 καρδίας
1659 3913 1758 3967 μου
1805 3896 1840 3966 ἡ

2009 3907 2095 3962 17.
2129 3907 2194 3960 Et
2217 3923 2324 3962 non
2343 3909 2595 3965 discessit
2619 3927 2648 3964 a
2664 3911 2826 3966 corde
2843 3925 2985 3975 meo,
3010 3911 3154 3982 quod
3180 3921 3340 3967 antea
3361 3928 3506 3970 exst-

276 3981 705 4054 προῦπάρχουσα
731 3984 991 4056 ἁμαρτία.
1191 4059 1199 4065 .

871 3985 991 4040 ista.
1191 4059 1199 4065 .
1941 3995 2115 4050 stebat
2142 4008 2442 4065 peccatum.

347 4077 437 4132 18.
472 4077 584 4131 Καὶ
613 4078 700 4130 ὅτε
726 4078 754 4130 ὁ
779 4076 971 4148 ἐχθρὸς
1003 4059 1243 4142 amate
1279 4095 1346 4149 με
1365 4117 1380 4141 ,
1409 4077 1701 4150 ὑπέφερον.

2013 4088 2098 4142 18.
2124 4059 2190 4143 Et
2220 4105 2344 4145 cum
2375 4090 2631 4147 inimicus
2669 4090 2949 4146 maledixit
2977 4092 3132 4160 mihi,
3155 4092 3399 4150 toleravi.

349 4169 435 4223 19.
462 4169 571 4223 Καὶ
589 4168 750 4222 πάλιν
773 4169 861 4221 ὅτε
883 4167 981 4242 τὴν
1000 4170 1215 4242 ἀπάτην
1232 4169 1324 4224 τοῦ
1349 4169 1464 4242 βίου
1485 4170 1704 4225 ἐνέϐαλέ
1726 4189 1840 4243 μοι,

1942 4188 1952 4199 '
2016 4180 2103 4235 19.
2134 4180 2200 4236 Et
2235 4197 2424 4237 rursus
2458 4198 2584 4237 cum
2631 4183 3004 4253 deceptionem
3037 4185 3162 4241 vitae
3203 4187 3337 4243 mihi
3368 4187 3505 4259 inje-

276 4259 378 4312 οῦκ
399 4259 667 4331 ἡνεχόμην
700 4258 1052 4332 [ἠνεσχόμην]
1085 4261 1274 4318 αὐτοῦ.

1103 4261 1274 4318 ιύτοῦ.
1941 4275 2036 4340 cit,
2069 4274 2246 4342 ipsum
2279 4289 2387 4328 non
2418 4273 2674 4330 sustinui.

352 4350 439 4406 20.
457 4351 548 4404 Σοὶ
570 4351 627 4404 δὲ
642 4349 786 4420 λέγω
803 4353 869 4422 τῇ
887 4351 1093 4423 διανοίᾳ
1115 4368 1216 4423 μου
1236 4368 1252 4384 ·
1275 4352 1348 4405 Τὸ
1364 4353 1685 4424 ἡγεμονικόν
1706 4369 1806 4425 μου
1821 4368 1839 4387 ο

2011 4357 2101 4414 20.
2140 4358 2261 4414 Tibi
2291 4372 2472 4416 autem
2497 4361 2622 4416 dico
2655 4376 2809 4416 mens
2849 4375 2970 4416 mea
2991 4400 3008 4428 ,
3035 4359 3409 4434 Principatum
3450 4363 3506 4420 in

1943 4462 2031 4502 me
2058 4457 2208 4504 tenes
2237 4467 2252 4503 ε

350 4533 442 4591 21.
468 4533 544 4588 Τὸ
577 4535 692 4606 μετ’
721 4535 855 4607 ἐμοῦ
886 4534 954 4588 τὰ
993 4535 1153 4605 λόγια
1176 4552 1272 4589 του
1304 4535 1440 4590 Θεοῦ
1475 4537 1644 4608 ἡδέως
1684 4537 1834 4608 ἔχονο
1872 4515 1920 4574 D

1684 4537 1834 4608 ἔχονο
1872 4515 1920 4574 Ῐ)
2013 4537 2101 4592 21.
2135 4538 2342 4595 Mecum
2366 4541 2582 4611 eloquia
2604 4541 2698 4597 Dei
2721 4543 2960 4598 suaviter
2983 4543 3191 4602 habens
3219 4562 3236 4601 :

349 4625 442 4682 22.
471 4625 831 4698 Πορευθῶμεν
864 4627 977 4698 ἅμα
1009 4629 1088 4690 εἰς
1123 4629 1449 4700 προσευχήν.

1403 4646 1449 4684 ν.
2015 4629 2102 4682 22.
2136 4631 2335 4687 Ivimus
2364 4632 2527 4686 simul
2567 4634 2626 4686 ad
2653 4635 2974 4690 orationem.

347 4717 439 4772 25.
468 4719 579 4771 Kal
610 4718 824 4791 ἔρχεται
846 4719 984 4792 ὀργὴ
1001 4717 1096 4773 τοῦ
1119 4719 1252 4774 Θεοῦ
1281 4722 1372 4774 ἐπὶ
1399 4721 1522 4783 τοὺς
1548 4720 1839 4792 λογισμοὺς

2017 4718 2105 4774 25.
2139 4720 2204 4776 Et
2232 4723 2380 4778 venit
2408 4724 2488 4778 ira
2513 4723 2606 4778 Dei
2637 4740 2802 4795 super
2837 4725 3198 4795 cogitationes
3226 4725 3425 4785 malas.

278 4810 404 4874 τοὺς
431 4809 653 4873 κακούς.
2055 4877 2058 4880 ,

349 4899 439 4956 2A.
475 4902 585 4954 Kal
621 4901 844 4971 ἀφανεῖς
873 4899 1113 4968 γίνονται
1148 4901 1276 4972 περὶ
1321 4903 1598 4973 χρήματος
1633 4903 1705 4973 (1)
1741 4903 1839 4971 (α).

1635 4903 1705 4973 (1)
1741 4903 1839 4971 (α),
2019 4896 2108 4952 21.
2144 4896 2210 4951 Et
2249 4907 2579 4954 evanescunt
2611 4900 2663 4952 in
2693 4900 2810 4969 ipso
2834 4915 3017 4956 rerum
3048 4897 3206 4957 usu.‘

348 4991 571 5045 25.Ὄτι
587 4990 755 5045 κακία
776 4989 945 5062 πολλὴ
965 4992 1021 5045 ἐν
1035 4993 1100 5062 τῇ
1123 4991 1336 5064 καρδίᾳ,
1357 4993 1484 5045 ὃταν
1507 4992 1744 5046 οἰκοῦσιν
1763 4989 1840 5064 (2)

2016 4989 2110 5045 25.
2150 4989 2421 5056 Quoniam
2473 4991 2679 5046 malitia
2730 4993 2900 5048 multa
2937 4993 2994 5048 in
3033 4993 3198 5050 corde
3237 5003 3342 5059 est,
3384 5008 3507 5048 cum

279 5083 340 5135 ὲ)
375 5081 532 5152 αὐτῇ.

1948 5080 2053 5152 ipsi
2084 5081 2138 5134 in
2170 5095 2234 5134 eo
2270 5081 2534 5135 habitant.

350 5170 442 5225 26.
466 5167 608 5238 Ἐγὼ
629 5167 976 5241 ἀδικούμενος
997 5170 1088 5223 ὑπ’
1105 5171 1282 5224 αὐτῶν
1304 5171 1573 5244 ἀνεϐόησα
1604 5173 1734 5246 πρὸς
1753 5171 1848 5228 τὸν

2018 5171 2106 5226 26.
2142 5170 2254 5240 Ego
2281 5172 2443 5226 laesus
2466 5173 2535 5226 ab
2578 5173 2711 5242 ipsis
2733 5172 2960 5228 clamavi
2992 5174 3058 5228 ad
3097 5173 3286 5236 Deum,
3321 5181 3376 5225 et
3406 5172 3511 5226 Do-

279 5263 435 5329 Θεὸν,
470 5263 563 5317 καὶ
586 5265 614 5316 ό
641 5263 842 5335 Κύριος
871 5262 1134 5334 ἐϐοήθησέ
1170 5281 1258 5335 μοι
1288 5265 1385 5334 (5).

922 5262 1134 5334 ἷοήθησὲ
1170 5281 1258 5335 μοι
1288 5265 1385 5334 (5).
1950 5263 2135 5319 minus
2155 5263 2361 5333 adjuvit
2389 5281 2493 5320 me.

1224 5376 1528 5439 Addenda
1557 5387 1618 5438 et
1649 5377 2021 5458 corrigenda
2056 5398 2140 5442 ex
2170 5380 2310 5442 cod.
2363 5382 2565 5445 Vatic.

380 5527 433 5600 1)
459 5527 701 5581 Γίνονται
734 5523 1090 5595 παραχρῆμα.
1806 5580 1816 5585 _
2017 5524 2097 5600 (5)
2128 5529 2426 5600 Είσήκουσέ
2458 5548 2578 5600 μου.

380 5528 406 5583 1
459 5527 701 5581 Γίνονται
734 5541 808 5578 πα

352 5527 434 5673 ξῖζ
464 5600 808 5670 Οῐκήσουσιν.

357 5738 436 5814 (α)
462 5742 764 5811 Χρήσεως.
823 5735 882 5790 ln
916 5736 1031 5791 cod.
1073 5733 1231 5788 Bari).
1265 5734 1366 5792 hoc
1407 5734 1626 5792 verbum
1669 5747 1840 5796 exstat
1881 5739 1937 5796 in
1963 5749 2112 5799 textu
2145 5739 2298 5811 nigra
2325 5739 2518 5796 lineola
2557 5738 3009 5794 subternotatum.
