3978 6204
280 344 389 400 87-5
1165 349 1252 404 DE
1295 348 1569 409 Tll‘ULlS
1611 353 2052 417 PSALMORUM.
2095 322 2165 404 έ-
2208 366 2404 424 PSAL.
2450 362 2582 426 LV‘I.
3419 387 3522 444 δη

346 461 401 517 5.
442 463 551 516 Kal
580 464 636 515 ἐν
666 464 731 536 τῇ
770 466 899 537 σκιᾷ
929 467 1036 519 τῶν
1068 468 1358 540 πτερύγων
1391 490 1484 526 σου
1519 474 1708 540 ἐλπιῶ,
1882 490 1917 544 Α

352 551 371 570 ι
416 551 481 570 ’νυ
616 549 640 570 τ
807 556 882 570 οςΛ
962 559 974 570 ι
1023 559 1036 570 ι
1163 561 1175 570 ι

1882 490 1928 544 Α
2041 484 2093 540 5.
2147 483 2212 538 Ει
2239 486 2290 539 in
2327 490 2519 543 umbra
2558 492 2769 546 alarum
2803 502 3016 550 tuarum
3045 501 3293 570 sperabo,

342 551 397 606 4.
416 551 559 616 Ἕως
587 549 646 608 οὗ
681 556 922 626 παρέλθῃ
953 559 983 627 ἡ
1013 559 1234 629 ἀνομία.

2025 577 2077 629 4.
2133 577 2316 633 Donec
2359 587 2598 636 transeat
2638 584 2922 654 iniquitas.

343 642 396 696 5.
438 644 789 716 Κεκρόιξομαι
822 650 954 719 πρὸς
987 651 1078 704 τὸν
1110 652 1240 705 Θεὸν
1269 652 1359 707 τὸν
1387 653 1630 725 ὕψιστον,

1529 674 1630 722 τον,
2025 667 2076 721 5.
2122 668 2382 724 Clamabo
2414 674 2478 725 ad
2511 673 2678 728 Deum
2722 677 3049 735 altissimum
3085 701 3100 738 :

343 732 396 787 ϐ.
438 735 539 787 Τὸν
565 736 698 790 Θεὸν
723 739 814 792 τὸν
841 742 1279 814 εὐεργετήσαντα
1313 765 1401 818 με.

1331 765 1401 801 ιε.
2024 756 2075 810 6.
2133 757 2300 813 Deum
2327 761 2418 828 qui
2447 763 2715 819 benefecit
2748 732 2902 824 milii.

345 823 394 876 7.
425 824 827 890 Ἐξαπέστειλεν
859 833 916 895 ἐξ
947 833 1194 905 ούρανοῦ,
1226 839 1318 891 καὶ
1352 838 1521 892 ἔσωσέ
1551 858 1615 910 με
1635 859 1647 872 ’

1551 858 1647 910 με’
2026 849 2074 902 7.
2131 849 2274 905 Misit
2304 823 2370 907 de
2403 856 2563 920 caelo,
2598 864 2650 911 et
2689 823 2939 917 liberavit
2980 881 3065 919 me
3102 883 3114 920 :

342 916 392 969 8.
413 919 650 974 Ἔδωκεν
676 923 756 984 εἰς
788 923 983 988 ὄνειδος
1011 928 1136 990 τοὺς
1171 932 1618 996 καταπατοῦντας
1655 952 1740 1004 με.

1734 977 1740 989 .
2012 937 2065 993 8.
2127 939 2278 995 Dedit
2304 942 2357 996 in
2397 947 2748 1016 opprobrium
2784 955 3168 1012 conculcantcs
3202 974 3305 1014 me.

342 1008 394 1065 9.
423 1011 828 1076 Ἐξαπέστειλεν
872 1017 900 1067 6
943 1016 1073 1081 Θεὸς
1115 1019 1174 1072 τὸ
1222 1021 1369 1086 ἔλεος
1414 1025 1599 1089 αὑτοῦ,
1627 1029 1718 1080 καὶ
1751 1027 1848 1100 τὴν

2022 1032 2074 1086 9.
2130 1032 2275 1088 Misit
2323 1034 2465 1093 Deus
2513 1040 2946 1101 misericordiam
2998 1064 3174 1114 suam,
3219 1061 3273 1106 et
3318 1053 3515 1109 verita-

265 1103 525 1173 ἀλήθειαν
553 1104 716 1158 αὑτοῦ
741 1124 752 1134 ·

741 1124 752 1134 '
1949 1132 2055 1178 tem
2093 1141 2247 1180 suam
2283 1145 2295 1179 :

339 1196 425 1250 10.
465 1197 576 1251 Kal
619 1199 887 1271 ἐρρύσατο
928 1203 1028 1273 τὴν
1071 1205 1246 1278 ψυχήν
1280 1226 1379 1279 μου
1414 1213 1478 1265 ὲκ
1523 1215 1687 1284 μέσου
1714 1217 1845 1271 σκύ-

2024 1216 2109 1270 10.
2163 1217 2227 1270 Et
2260 1220 2461 1289 eripuit
2503 1224 2741 1280 animam
2779 1241 2952 1282 meam
2995 1229 3060 1282 de
3102 1231 3277 1284 medio
3311 1235 3517 1288 catulo-

267 1306 419 1358 μνων
438 1307 450 1319 ·

1950 1323 2069 1361 rum
2111 1308 2332 1361 leonum
2370 1329 2379 1362 :

342 1383 428 1436 11.
469 1384 796 1457 Ἐκοιμήθην
826 1393 1246 1462 τεταραγμένος.

1222 1411 1246 1452 ς.
2020 1399 2079 1452 11
2094 1439 2107 1452 .
2146 1398 2384 1455 Dormivi
2418 1403 2793 1460 conturbatus.

341 1473 429 1527 12.
462 1475 580 1529 Υἱοὶ
596 1477 916 1550 ἀνθρώπων.
933 1483 980 1533 οἱ
1001 1482 1211 1549 ὀδόντες
1233 1488 1409 1543 αὐτῶν
1424 1490 1562 1544 ὅπλα
1579 1493 1672 1546 καὶ
1692 1491 1836 1564 βέλη·

2019 1491 2103 1544 12.
2137 1491 2256 1547 Filii
2277 1494 2581 1560 hominum,
2605 1497 2792 1554 dentes
2817 1515 3005 1556 eorum
3034 1519 3184 1560 arma
3208 1516 3260 1563 et
3276 1509 3511 1574 sagittae.

342 1565 428 1618 15.
457 1567 567 1619 Καὶ
596 1570 627 1637 ὴ
655 1567 872 1636 γλῶσσα
901 1572 1081 1626 αὐτῶν
1113 1576 1356 1649 μάχαιρα
1385 1579 1551 1644 ὀξεῖα.

1542 1623 1551 1634 .
2019 1588 2106 1643 15.
2137 1587 2203 1644 Ει
2229 1590 2410 1660 lingua
2443 1607 2634 1647 eorum
2662 1595 2874 1663 gladius
2899 1608 3113 1656 acutus.

338 1657 422 1710 11.
466 1659 738 1732 ’Υψὼθητι
773 1665 864 1716 ἐπὶ
890 1667 1014 1730 τοὺς
1044 1669 1327 1738 οὐρανοὺς,
1352 1671 1380 1723 ὁ
1407 1673 1556 1738 Θεός³

1437 1673 1556 1738 ἐός-
2017 1679 2104 1732 14.
2137 1679 2572 1754 Exaltare,super
2603 1685 2962 1762 cmloshDeus
2999 1707 3008 1740 :

340 1748 428 1802 15.
457 1750 566 1803 Kal
588 1751 680 1804 ἐπὶ
708 1755 892 1809 πᾶσαν
911 1757 1010 1827 τὴν
1039 1760 1141 1830 γῆν
1175 1763 1207 1833 ἡ
1237 1762 1361 1829 δόξα
1391 1781 1503 1817 σου.

1413 1781 1503 1817 του.
2017 1771 2104 1825 15.
2138 1769 2204 1826 Et
2236 1772 2292 1826 in
2322 1748 2644 1830 omni—terra
2669 1748 2840 1847 gloria
2872 1786 2984 1844 tua,

335 1841 421 1896 16.
453 1843 665 1912 Παγ.δα
688 1847 992 1920 ἡτοίμασαν
1019 1855 1134 1917 τοῖς
1167 1856 1293 1908 ποσί
1325 1874 1446 1928 μουο
1867 1862 1906 1920 Β

1867 1862 1915 1920 Β
2013 1863 2101 1917 16.
2133 1862 2412 1935 Laqueum
2440 1841 2770 1935 paraverunt
2796 1841 3023 1940 pedibus
3052 1877 3188 1933 meis
3222 1895 3234 1932 :

333 1933 421 1986 17.
451 1935 560 1988 Kal
593 1937 950 2010 κατέκαμψαν
976 1941 1072 2014 τὴν
1097 1943 1276 2018 ψυχήν
1309 1965 1431 2018 μου.

2023 1954 2106 2008 17.
2141 1953 2206 2009 Et
2232 1955 2657 2013 incurvaverunt
2685 1960 2922 2017 animam
2953 1980 3150 2023 meam.

333 2024 420 2079 18.
456 2027 692 2099 Ὠρυξαν
716 2031 820 2102 πρὸ
854 2034 1143 2105 προσώπου
1181 2055 1280 2110 μου
1312 2039 1520 2112 βόθρον·

2015 2043 2102 2099 18.
2134 2045 2408 2102 Foderunt
2433 2059 2558 2104 ante
2589 2049 2783 2106 faciem
2807 2068 2982 2111 meam
3017 2056 3226 2116 foveam
3254 2079 3272 2117 ε

332 2117 418 2174 19.
448 2120 555 2173 Kal
581 2121 836 2178 ἐνέπεσον
868 2127 949 2189 εἰς
973 2129 1154 2184 αὐτόν.

2011 2138 2098 2194 19.
2128 2138 2195 2194 Ει
2226 2140 2535 2197 inciderunt
2565 2144 2622 2198 in
2651 2160 2791 2202 eam.

826 2218 1144 2291 Διάψαλμα
1171 2223 1268 2293 (α).

2562 2237 2893 2309 Diapsalma.

323 2300 414 2354 20.
455 2303 678 2378 Ἐτοίμη
701 2309 735 2379 ή
765 2308 960 2381 καρδία
991 2328 1115 2382 μου,
1149 2316 1177 2366 6
1209 2314 1370 2378 Θεόςο

2007 2321 2098 2378 20.
2127 2321 2382 2380 Paratum
2421 2341 2517 2382 cor
2545 2345 2749 2397 meum,
2781 2331 2962 2391 Deus:

325 2392 411 2446 21.
453 2395 670 2470 Ἐτοίμη
702 2400 734 2471 ἡ
771 2400 964 2470 καρδία
1016 2421 1140 2472 μου,
1176 2405 1397 2478 ᾄσομαι,
1445 2411 1538 2465 καὶ
1580 2411 1736 2480 ψαλῶ
1770 2412 1827 2465 ὲν

2002 2414 2092 2469 9.1.
2125 2414 2381 2472 Paratum
2412 2434 2509 2474 cor
2537 2436 2736 2486 meum,
2768 2428 3018 2495 cantabo,
3051 2438 3105 2484 et
3130 2431 3399 2500 psalmum
3430 2435 3510 2490 di-

249 2484 318 2553 τῇ
344 2482 467 2557 δόξῃ
504 2504 627 2558 μου.

1932 2518 2051 2559 cam
2086 2507 2140 2562 in
2175 2509 2345 2578 gloria
2375 2525 2515 2567 mea.

322 2602 399 2672 (ιι)
425 2604 557 2661 Cod.
585 2603 754 2660 Palat.

1369 2704 1748 2763 ATHANASII
1786 2707 2380 2765 INTERPRETATIO.

246 2845 329 2911 τῷ
367 2849 554 2903 αὑτὸν
579 2849 1047 2921 ἀποδιδράσκειν
1079 2859 1195 2913 ἀπὸ
1231 2862 1556 2929 προσώπου
1588 2863 1789 2919 Σαοὺλ
1816 2866 1904 2931 εὶς
1937 2865 2003 2919 τὸ
2037 2864 2366 2935 σπήλαιον.
2404 2867 2572 2921 Τοῦτο
2595 2864 2687 2923 οὖν
2723 2869 2892 2942 δηλοῖ,
2923 2873 3051 2928 ὅταν
3085 2893 3168 2939 τις
3195 2876 3371 2950 φεύγῃ
3402 2876 3508 2932 ἀπὲ

248 2942 539 3013 προσώπου
571 2947 741 3000 Σαοὺλ
770 2950 850 3010 εἰς
882 2949 970 3003 τὸν
1007 2956 1216 3027 μονήρη
1252 2957 1386 3027 βίον,
1423 2960 1620 3031 μηκέτι
1644 2961 1948 3034 διαφθείρει
1988 2962 2064 3034 (1)
2095 2965 2175 3026 είς
2206 2963 2305 3035 τὴν
2343 2964 2435 3018 τοῦ
2466 2967 2672 3038 Κυρίου
2705 2971 3000 3038 πολιτείαν,
3035 2972 3172 3026 ἀλλὰ
3201 2942 3508 3049 θοᾷνῖβοᾷ]

246 3041 383 3111 πρὸς
413 3041 573 3095 αὐτὸν
598 3042 688 3097 τὸν
725 3046 1076 3116 προκείμενον
1104 3051 1335 3123 ψαλμόν.
1368 3056 1540 3108 Σαοὺλ
1572 3056 1680 3128 γὰρ
1713 3059 1792 3121 εἰς
1817 3057 1909 3111 τὸν
1943 3058 2186 3112 διάϐολον
2217 3060 2610 3131 ἑρμηνεύεται,
2647 3063 2828 3128 καθὼς
2860 3065 3116 3132 πολλάκις
3147 3041 3470 3140 εἰρήκαμενξ

247 3134 384 3203 [csie
410 3135 543 3192 Saul
574 3141 627 3192 in
661 3141 980 3211 speluncam.
1020 3141 1130 3199 Hoc
1166 3146 1331 3216 igitur
1356 3149 1646 3219 signiﬁcat,
1678 3167 1803 3206 cum
1838 3153 1963 3223 quis
1989 3151 2127 3224 fugit
2156 3170 2187 3209 a
2224 3153 2360 3210 facie
2389 3155 2519 3212 Saul
2555 3157 2610 3212 in
2643 3159 2809 3214 vitam
2861 3162 3180 3227 solitariam,
3234 3179 3341 3218 non
3388 3181 3499 3218 am-

246 3227 388 3294 plius
415 3232 720 3303 corrumpit
741 3234 1212 3291 conversationem
1246 3237 1485 3307 Domini,
1520 3241 1616 3295 sed
1654 3242 1942 3299 clamando
1969 3247 2034 3300 ad
2059 3261 2184 3300 eum
2221 3248 2529 3318 appositum
2559 3252 2827 3320 psalmum
2865 3254 3016 3312 dicit.
3054 3254 3183 3311 Saul
3227 3257 3372 3312 cnim
3406 3273 3505 3327 pro

245 3320 466 3380 diabolo
495 3325 780 3396 accipitur,
812 3331 1271 3398 quemadmodum
1313 3351 1457 3407 saepe
1498 3337 1761 3395 diximus.

314 3461 367 3515 ’5.
403 3461 515 3514 Kal
564 3463 620 3516 ἐν
657 3467 724 3535 τῇ
777 3465 1078 3520 ἀναπαύσει
1102 3467 1210 3523 τῶν
1239 3471 1379 3525 δύων
1419 3490 1510 3526 σου
1553 3473 1828 3544 διαθηκῶν
1856 3482 1885 3539 C

2003 3476 2056 3530 3.
2113 3473 2178 3528 Et
2205 3478 2259 3529 in
2297 3476 2576 3548 refrigerio
2608 3479 2843 3536 duorum
2877 3490 3327 3542 testamentorum
3375 3497 3502 3544 tuo-

243 3553 414 3608 ὲλπιῶ
433 3571 446 3585 ·

1923 3579 2047 3619 rum
2085 3566 2317 3635 sperabo
2352 3584 2365 3620 :

310 3645 362 3700 ι.
381 3647 526 3711 Ἕως
555 3643 616 3703 οὗ
647 3651 966 3724 συντελεσθῇ
999 3657 1028 3707 6
1058 3655 1279 3725 κόσμος.

1990 3656 2044 3711 4.
2099 3655 2282 3713 Donec
2327 3671 2743 3717 consummetur
2778 3665 3037 3721 mundus.

313 3737 364 3793 5.
407 3739 766 3812 Δεηθήσομαι,
796 3743 964 3812 λέγει,
992 3746 1084 3800 τοῦ
1123 3747 1257 3800 Θεοῦ
1292 3747 1385 3800 τοῦ
1415 3747 1639 3817 ὑψίστου
1661 3767 1675 3782 ο

1991 3751 2045 3804 5.
2090 3750 2454 3820 Deprecabor,
2481 3753 2678 3823 inquit,
2714 3754 2884 3809 Deum
2915 3758 3282 3815 altissimum:

313 3829 364 3882 6.
406 3831 507 3883 Τὸν
533 3833 913 3905 δωρησάμενον
942 3837 1016 3906 (‘2)
1043 3838 1112 3892 τὰ
1144 3838 1336 3892 ἑαυτοῦ
1365 3841 1565 3895 πάντα.

1253 3838 1336 3892 τοῦ
1365 3841 1565 3895 πάντα.
1991 3842 2045 3896 6.
2105 3841 2206 3908 Qui
2236 3858 2334 3898 sua
2363 3845 2550 3898 omnia
2585 3844 2824 3900 donavit.

311 3921 363 3974 7.
405 3923 506 3975 Τὸν
533 3923 663 3977 Θεὸν
695 3925 865 3994 Λόγον
893 3926 1271 3993 ἐξαπέστειλεν
1300 3931 1328 3983 ὁ
1355 3932 1545 4003 Πατήρ

1360 3932 1545 4003 Πατήρ
1987 3933 2036 3988 7.
2089 3934 2259 3988 Deum
2288 3934 2527 3990 Verbum
2560 3937 2708 3990 misit
2744 3937 2931 3994 Pater.

311 4015 364 4068 8.
407 4015 544 4096 Τοὺς
569 4015 824 4086 δαίμονας
853 4019 1023 4089 λέγει.

1985 4023 2038 4077 8.
2090 4023 2372 4082 Daemones
2405 4027 2697 4096 signiﬁcat.

309 4105 362 4158 9.
403 4091 507 4158 Τὸν
533 4107 660 4160 Υἱὸν
687 4109 872 4174 αὑτοῦ,
900 4113 993 4163 καὶ
1020 4111 1080 4164 τὸ
1106 4113 1329 4184 Πνεῦμα
1363 4113 1527 4167 αὑτοῦ
1554 4113 1615 4167 τὸ
1639 4115 1810 4183 ἆγιον.

1809 4162 1810 4168 η
1989 4115 2042 4170 9.
2100 4115 2295 4171 Filium
2327 4135 2486 4173 suum
2523 4129 2576 4174 et
2613 4128 2861 4174 sanctum
2893 4134 3052 4175 suum
3095 4119 3380 4192 Spiritum.

311 4199 397 4253 10.
414 4199 510 4253 Ἐκ
536 4201 700 4270 μέσου
727 4202 834 4256 τῶν
860 4204 1149 4275 δαιμόνων.

1987 4207 2074 4263 10.
2122 4207 2197 4263 De
2238 4210 2415 4265 medio
2453 4212 2778 4266 daemonum.

317 4291 401 4346 11.
445 4293 858 4367 Ἀνεπαυσάμην
899 4298 1036 4368 μετὰ
1078 4299 1352 4368 φροντίδος
1389 4299 1496 4354 τῶν
1533 4301 1812 4372 ἁμαρτιῶν

1650 4301 1812 4372 ρτιῶν
1989 4298 2075 4352 11.
2109 4298 2368 4369 Requievi
2396 4301 2661 4357 sollicitus
2699 4303 2765 4357 de
2800 4303 3036 4372 peccatis
3063 4305 3217 4361 meis.

285 4401 368 4438 0U.

285 4402 368 4438 ου.

241 4402 281 4453 μ
309 4477 522 4533 12.Τῶν
544 4480 842 4550 ἀνθρώπων
859 4483 910 4536 αξ
928 4483 1261 4538 διδασκαλίαι
1275 4484 1636 4557 θανατηφόροι
1653 4484 1806 4538 εἰσίν.
1984 4475 2071 4528 4'2-
2101 4474 2369 4531 DOClTimB
2391 4476 2673 4531 hominum
2699 4477 2991 4534 ῐηοτῑίίθτω
3011 4490 3158 4535 sumo

309 4569 395 4624 15.
431 4573 540 4625 Kal
569 4574 601 4644 ἡ
631 4573 791 4628 λαλιὰ
822 4575 998 4628 αὐτῶν
1032 4577 1341 4648 ἡκονημένη
1376 4578 1453 4640 εἰς
1485 4577 1650 4630 κακά.

1598 4577 1650 4630 ἀ,
1985 4565 2072 4619 15.
2103 4564 2170 4620 Et
2196 4567 2410 4636 loquela
2435 4583 2623 4622 eorum
2652 4581 2810 4624 acuta
2843 4571 2910 4624 ad
2939 4571 3164 4626 malum.

308 4661 394 4714 14.
423 4663 715 4736 Δοξάσθητι
746 4667 804 4718 ἐν
834 4669 944 4730 τοῖς
974 4667 1147 4735 ἁγίοις
1175 4685 1288 4732 σου,
1315 4671 1343 4722 6
1372 4668 1522 4732 Θεός.

1979 4654 2066 4709 14.
2103 4656 2420 4712 Glorilicare
2453 4658 2508 4712 in
2541 4659 2744 4715 sanctis
2776 4661 2904 4723 tuis,
2930 4659 3093 4717 Deus.

307 4750 394 4804 15.
427 4753 534 4806 Kal
568 4755 626 4808 ὲν
662 4756 822 4809 παντὶ
849 4755 927 4826 τῷ
955 4757 1144 4828 κόσμῳ
1173 4761 1206 4829 ὴ
1242 4759 1423 4822 πίστις
1455 4775 1567 4812 σου.

1379 4777 1423 4822 ις
1455 4775 1567 4812 σου.
1978 4750 2064 4806 15.
2093 4750 2159 4804 Et
2182 4753 2235 4806 in
2264 4755 2412 4807 omni
2435 4754 2642 4810 mundo
2669 4755 2802 4811 ﬁdes
2839 4767 2950 4812 tua.

307 4838 393 4894 16.
425 4842 487 4893 Οἱ
511 4842 762 4914 δαίμονες
787 4843 882 4915 τὴν
1015 4845 1309 4917 ἁμαρτίαν.
1835 4863 1878 4917 ι)

1139 4845 1309 4917 ρτίαν.
1835 4863 1879 4917 ι)
1986 4841 2068 4896 16.
2105 4843 2383 4900 Daemones
2408 4858 2710 4915 peccatum.

308 4930 395 4984 17.
424 4934 534 4987 Καὶ
560 4935 813 4990 εἵλκυσαν
845 4937 943 5007 τὴν
971 4936 1148 5009 ψυχήν
1179 4956 1301 5009 μου.

1979 4933 2065 4989 17.
2095 4933 2162 4988 Ει
2196 4944 2476 4992 traxerunt
2509 4938 2744 4993 animam
2773 4956 2969 4996 meam.

307 5021 392 5076 18.
422 5025 767 5097 Ηύτρέπισάν
804 5046 896 5100 μοι
923 5028 1017 5083 τοῦ
1052 5031 1237 5083 πεσεῖν
1275 5031 1353 5093 εἰς
1383 5030 1480 5102 τὴν
1510 5030 1802 5101 ἁμαρτιαν,

1975 5027 2061 5081 18.
2096 5027 2434 5084 Paraverunt
2469 5032 2603 5086 mihi
2632 5042 2690 5087 ut
2722 5035 2971 5089 caderem
3006 5035 3060 5090 in
3092 5046 3397 5106 peccatum,
3421 5049 3475 5093 et

232 5115 325 5166 καὶ
360 5115 460 5185 ἐμὲ
493 5117 590 5187 μὲν
621 5119 870 5191 ὲρῤύσω·

1902 5134 1990 5173 me
2014 5120 2232 5189 quidem
2263 5122 2526 5178 liberasti.

305 5204 391 5259 19.
438 5207 667 5263 Ἐκεῖνοι
699 5211 755 5264 δὲ
787 5212 1069 5282 ἐνέμειναν
1099 5213 1156 5266 ἐν
1188 5214 1342 5285 αὐτῇ.

1972 5212 2058 5266 19.
2092 5211 2196 5281 Ipsi
2222 5225 2400 5268 autem
2437 5216 2491 5268 in
2519 5231 2584 5271 eo
2615 5227 3049 5286 permanserunt.

301 5296 391 5349 20.
428 5299 522 5362 Εἰς
547 5299 607 5353 τὸ
631 5300 841 5373 θέλημά
874 5320 988 5358 σου.

1976 5300 2066 5355 20.
2097 5301 2155 5356 In
2179 5304 2512 5359 voluntatem
2549 5315 2716 5362 tuam.

300 5389 390 5442 21.
430 5391 706 5462 Ἀνυμνῶν
736 5411 828 5447 σου
871 5395 963 5446 καὶ
1002 5395 1176 5465 λέγων
1202 5398 1300 5459 τὰς
1331 5397 1535 5469 δωρεὰς
1572 5398 1637 5462 ἃς
1669 5401 1799 5468 Exa-

1973 5393 2063 5447 21.
2100 5393 2354 5450 Laudans
2377 5407 2428 5450 ct
2455 5414 2716 5456 cnmrans
2743 5401 2882 5456 dona
2917 5411 3029 5469 tua,
3061 5415 3182 5471 qua
3213 5400 3469 5472 elargitus

228 5480 368 5551 ρίσω
409 5499 517 5552 μοι.

1905 5500 1964 5539 es
1993 5484 2145 5537 mihi.

1171 5620 1478 5683 Addenda
1508 5629 1570 5683 et
1614 5619 1990 5699 corrigenda
2022 5637 2099 5679 ex
2131 5621 2271 5682 cod.
2325 5623 2519 5684 Vatic.

297 5783 375 5855 (1)
415 5784 765 5855 Διαφθείρῃς.
1019 5787 1094 5851 (Ξ)
1129 5790 1520 5862 Δωρησᾶμενόν
1558 5811 1667 5862 μοι.
1955 5792 2032 5861 (ὅ)
2066 5794 2158 5854 Εις
2181 5793 2300 5863 τήν.

506 5875 778 5935 Parnm.
820 5874 937 5935 Gn.
972 5877 1232 5938 XXVII.
3137 5888 3217 5951 28
