  <div class='ocr_page' id='page_1' title='image "/cluster/home/n/w/nwhite01/storage/ocr_20150623/27/mdp.39015007065769/458.png"; bbox 0 0 3978 6204; ppageno 0'>
   <div class='ocr_carea' id='block_1_1' title="bbox 321 332 2626 396">
    <p class='ocr_par' dir='ltr' id='par_1_1' title="bbox 321 332 2626 396">
     <span class='ocr_line' id='line_1_1' title="bbox 321 332 2626 396; baseline 0.004 -10"><span class='ocrx_word' id='word_1_1' title='bbox 321 332 422 386; x_wconf 67' lang='grc'><strong>87³3</strong></span> <span class='ocrx_word' id='word_1_2' title='bbox 1188 335 1276 390; x_wconf 88' lang='lat' dir='ltr'><strong>DE</strong></span> <span class='ocrx_word' id='word_1_3' title='bbox 1314 333 1586 390; x_wconf 84' lang='lat' dir='ltr'><strong>TITULIS</strong></span> <span class='ocrx_word' id='word_1_4' title='bbox 1623 334 2071 393; x_wconf 82' lang='lat' dir='ltr'><strong>PSALMORUM.</strong></span> <span class='ocrx_word' id='word_1_5' title='bbox 2112 368 2174 379; x_wconf 86' lang='lat'><strong>——</strong></span> <span class='ocrx_word' id='word_1_6' title='bbox 2217 336 2410 395; x_wconf 84' lang='lat' dir='ltr'><strong>PSAL.</strong></span> <span class='ocrx_word' id='word_1_7' title='bbox 2445 337 2626 396; x_wconf 69' lang='lat' dir='ltr'><strong>LVII.‘</strong></span> 
     </span>
    </p>
   </div>
   <div class='ocr_carea' id='block_1_2' title="bbox 3440 347 3542 403">
    <p class='ocr_par' dir='ltr' id='par_1_2' title="bbox 3440 347 3542 403">
     <span class='ocr_line' id='line_1_2' title="bbox 3440 347 3542 403; baseline 0.029 -3"><span class='ocrx_word' id='word_1_8' title='bbox 3440 347 3542 403; x_wconf 87' lang='grc'><strong>878</strong></span> 
     </span>
    </p>
   </div>
   <div class='ocr_carea' id='block_1_3' title="bbox 386 447 1881 529">
    <p class='ocr_par' dir='ltr' id='par_1_3' title="bbox 386 447 1815 526">
     <span class='ocr_line' id='line_1_3' title="bbox 386 447 1815 526; baseline 0.001 -22"><span class='ocrx_word' id='word_1_9' title='bbox 386 447 440 504; x_wconf 86' lang='grc'><strong>6.</strong></span> <span class='ocrx_word' id='word_1_10' title='bbox 477 448 887 521; x_wconf 79' lang='grc' dir='ltr'>Ἑπλανήθησαν</span> <span class='ocrx_word' id='word_1_11' title='bbox 915 451 1020 504; x_wconf 86' lang='grc' dir='ltr'><strong>ἀπὸ</strong></span> <span class='ocrx_word' id='word_1_12' title='bbox 1051 454 1306 526; x_wconf 86' lang='grc' dir='ltr'>γαστρὸς,</span> <span class='ocrx_word' id='word_1_13' title='bbox 1331 455 1597 525; x_wconf 78' lang='grc' dir='ltr'><strong>ἐλάλησαν</strong></span> <span class='ocrx_word' id='word_1_14' title='bbox 1627 456 1815 525; x_wconf 77' lang='grc' dir='ltr'>ψευδῆ.</span> 
     </span>
    </p>
   </div>
   <div class='ocr_carea' id='block_1_4' title="bbox 2023 447 3300 529">
    <p class='ocr_par' dir='ltr' id='par_1_4' title="bbox 2050 458 3300 529">
     <span class='ocr_line' id='line_1_4' title="bbox 2050 458 3300 529; baseline 0.006 -18"><span class='ocrx_word' id='word_1_15' title='bbox 2050 458 2100 511; x_wconf 88' lang='grc'><strong>6.</strong></span> <span class='ocrx_word' id='word_1_16' title='bbox 2134 458 2463 515; x_wconf 81' lang='lat' dir='ltr'><strong>Erraverunt</strong></span> <span class='ocrx_word' id='word_1_17' title='bbox 2491 462 2560 515; x_wconf 90' lang='lat' dir='ltr'><strong>ab</strong></span> <span class='ocrx_word' id='word_1_18' title='bbox 2588 468 2764 529; x_wconf 82' lang='lat' dir='ltr'><strong>utero,</strong></span> <span class='ocrx_word' id='word_1_19' title='bbox 2794 460 2958 517; x_wconf 71' lang='lat' dir='ltr'><strong>locuti</strong></span> <span class='ocrx_word' id='word_1_20' title='bbox 2992 471 3118 519; x_wconf 88' lang='lat' dir='ltr'><strong>sunt</strong></span> <span class='ocrx_word' id='word_1_21' title='bbox 3145 461 3300 518; x_wconf 80' lang='lat' dir='ltr'><strong>falsa.</strong></span> 
     </span>
    </p>
   </div>
   <div class='ocr_carea' id='block_1_5' title="bbox 395 539 1774 615">
    <p class='ocr_par' dir='ltr' id='par_1_5' title="bbox 395 539 1774 615">
     <span class='ocr_line' id='line_1_5' title="bbox 395 539 1774 615; baseline 0.007 -24"><span class='ocrx_word' id='word_1_22' title='bbox 395 539 444 593; x_wconf 87' lang='lat'><strong>7.</strong></span> <span class='ocrx_word' id='word_1_23' title='bbox 470 539 649 610; x_wconf 83' lang='grc' dir='ltr'>Θυμὸς</span> <span class='ocrx_word' id='word_1_24' title='bbox 678 541 856 604; x_wconf 83' lang='grc' dir='ltr'>αὐτοῖς</span> <span class='ocrx_word' id='word_1_25' title='bbox 883 541 1018 594; x_wconf 87' lang='grc' dir='ltr'><strong>κατά</strong></span> <span class='ocrx_word' id='word_1_26' title='bbox 1042 541 1140 614; x_wconf 81' lang='grc' dir='ltr'><strong>τὴν</strong></span> <span class='ocrx_word' id='word_1_27' title='bbox 1168 544 1424 614; x_wconf 83' lang='grc' dir='ltr'>ὁμοίωσιν</span> <span class='ocrx_word' id='word_1_28' title='bbox 1456 545 1550 598; x_wconf 84' lang='grc' dir='ltr'>τοῦ</span> <span class='ocrx_word' id='word_1_29' title='bbox 1578 545 1774 615; x_wconf 71' lang='grc' dir='ltr'>ὄφεως,</span> 
     </span>
    </p>
   </div>
   <div class='ocr_carea' id='block_1_6' title="bbox 393 630 1878 711">
    <p class='ocr_par' dir='ltr' id='par_1_6' title="bbox 393 630 1878 711">
     <span class='ocr_line' id='line_1_6' title="bbox 393 630 1878 711; baseline -0.009 -26"><span class='ocrx_word' id='word_1_30' title='bbox 393 630 445 685; x_wconf 88' lang='lat'><strong>8.</strong></span> <span class='ocrx_word' id='word_1_31' title='bbox 486 631 626 683; x_wconf 73' lang='lat' dir='ltr'><strong>&#39;ﬂaal.</strong></span> <span class='ocrx_word' id='word_1_32' title='bbox 644 632 863 696; x_wconf 75' lang='grc' dir='ltr'><strong>ἀσπίδος</strong></span> <span class='ocrx_word' id='word_1_33' title='bbox 883 634 1087 705; x_wconf 82' lang='grc' dir='ltr'>κωφῆς,</span> <span class='ocrx_word' id='word_1_34' title='bbox 1110 634 1205 688; x_wconf 76' lang='grc' dir='ltr'>καὶ</span> <span class='ocrx_word' id='word_1_35' title='bbox 1225 634 1457 708; x_wconf 87' lang='grc' dir='ltr'>βυούσης</span> <span class='ocrx_word' id='word_1_36' title='bbox 1477 637 1544 690; x_wconf 77' lang='grc' dir='ltr'>τὰ</span> <span class='ocrx_word' id='word_1_37' title='bbox 1561 631 1673 690; x_wconf 78' lang='grc' dir='ltr'><strong>ὦτα</strong></span> <span class='ocrx_word' id='word_1_38' title='bbox 1693 639 1878 711; x_wconf 66' lang='grc' dir='ltr'><strong>αὐτῆς.</strong></span> 
     </span>
    </p>
   </div>
   <div class='ocr_carea' id='block_1_7' title="bbox 394 723 1881 802">
    <p class='ocr_par' dir='ltr' id='par_1_7' title="bbox 394 723 1881 802">
     <span class='ocr_line' id='line_1_7' title="bbox 394 723 1881 802; baseline 0.005 -25"><span class='ocrx_word' id='word_1_39' title='bbox 394 723 446 777; x_wconf 89' lang='grc'><strong>9.</strong></span> <span class='ocrx_word' id='word_1_40' title='bbox 483 725 639 787; x_wconf 86' lang='grc' dir='ltr'>’Ἠτις</span> <span class='ocrx_word' id='word_1_41' title='bbox 666 724 766 777; x_wconf 86' lang='grc' dir='ltr'><strong>ούκ</strong></span> <span class='ocrx_word' id='word_1_42' title='bbox 796 725 1163 779; x_wconf 79' lang='grc' dir='ltr'>εἰσακούσεται</span> <span class='ocrx_word' id='word_1_43' title='bbox 1192 728 1373 797; x_wconf 82' lang='grc' dir='ltr'><strong>φωνῆς</strong></span> <span class='ocrx_word' id='word_1_44' title='bbox 1394 729 1717 801; x_wconf 70' lang='grc' dir='ltr'>ἐπᾳδόντων,</span> <span class='ocrx_word' id='word_1_45' title='bbox 1743 748 1881 802; x_wconf 79' lang='grc' dir='ltr'>φαρ-</span> 
     </span>
    </p>
   </div>
   <div class='ocr_carea' id='block_1_8' title="bbox 324 830 603 883">
    <p class='ocr_par' dir='ltr' id='par_1_8' title="bbox 324 830 603 883">
     <span class='ocr_line' id='line_1_8' title="bbox 324 830 603 883; baseline 0 -17"><span class='ocrx_word' id='word_1_46' title='bbox 324 830 499 883; x_wconf 86' lang='grc' dir='ltr'>μακου</span> <span class='ocrx_word' id='word_1_47' title='bbox 524 831 603 878; x_wconf 89' lang='grc' dir='ltr'>τε,</span> 
     </span>
    </p>
   </div>
   <div class='ocr_carea' id='block_1_9' title="bbox 394 903 1450 977">
    <p class='ocr_par' dir='ltr' id='par_1_9' title="bbox 394 903 1450 977">
     <span class='ocr_line' id='line_1_9' title="bbox 394 903 1450 977; baseline 0.002 -19"><span class='ocrx_word' id='word_1_48' title='bbox 394 904 479 958; x_wconf 90' lang='grc'><strong>10.</strong></span> <span class='ocrx_word' id='word_1_49' title='bbox 514 903 587 974; x_wconf 92' lang='lat' dir='ltr'><strong>(a)</strong></span> <span class='ocrx_word' id='word_1_50' title='bbox 610 903 1067 977; x_wconf 79' lang='grc' dir='ltr'>Φαρμακευομένη</span> <span class='ocrx_word' id='word_1_51' title='bbox 1098 905 1245 977; x_wconf 90' lang='grc' dir='ltr'><strong>παρά</strong></span> <span class='ocrx_word' id='word_1_52' title='bbox 1270 905 1450 976; x_wconf 82' lang='grc' dir='ltr'>σοφοῦ.</span> 
     </span>
    </p>
   </div>
   <div class='ocr_carea' id='block_1_10' title="bbox 395 994 1881 1074">
    <p class='ocr_par' dir='ltr' id='par_1_10' title="bbox 395 994 1881 1074">
     <span class='ocr_line' id='line_1_10' title="bbox 395 994 1881 1074; baseline 0.005 -25"><span class='ocrx_word' id='word_1_53' title='bbox 395 995 480 1049; x_wconf 92' lang='grc'><strong>11.</strong></span> <span class='ocrx_word' id='word_1_54' title='bbox 523 996 579 1049; x_wconf 87' lang='grc' dir='ltr'><strong>Ὀ</strong></span> <span class='ocrx_word' id='word_1_55' title='bbox 608 994 737 1058; x_wconf 86' lang='grc' dir='ltr'>Θεὸς</span> <span class='ocrx_word' id='word_1_56' title='bbox 764 995 1036 1065; x_wconf 78' lang='grc' dir='ltr'>συντρίψει</span> <span class='ocrx_word' id='word_1_57' title='bbox 1082 998 1207 1060; x_wconf 79' lang='grc' dir='ltr'>τοὺς</span> <span class='ocrx_word' id='word_1_58' title='bbox 1236 997 1452 1062; x_wconf 82' lang='grc' dir='ltr'><strong>ὀδόντας</strong></span> <span class='ocrx_word' id='word_1_59' title='bbox 1490 999 1666 1055; x_wconf 85' lang='grc' dir='ltr'>αὐτῶν</span> <span class='ocrx_word' id='word_1_60' title='bbox 1706 1002 1764 1055; x_wconf 81' lang='grc' dir='ltr'><strong>ἐν</strong></span> <span class='ocrx_word' id='word_1_61' title='bbox 1803 1003 1881 1074; x_wconf 86' lang='grc' dir='ltr'><strong>τῷ</strong></span> 
     </span>
    </p>
   </div>
   <div class='ocr_carea' id='block_1_11' title="bbox 324 1087 785 1157">
    <p class='ocr_par' dir='ltr' id='par_1_11' title="bbox 324 1087 785 1157">
     <span class='ocr_line' id='line_1_11' title="bbox 324 1087 785 1157; baseline 0 -18"><span class='ocrx_word' id='word_1_62' title='bbox 324 1087 551 1157; x_wconf 84' lang='grc' dir='ltr'>στόματι</span> <span class='ocrx_word' id='word_1_63' title='bbox 580 1087 755 1139; x_wconf 82' lang='grc' dir='ltr'>αὐτῶν</span> <span class='ocrx_word' id='word_1_64' title='bbox 771 1102 785 1116; x_wconf 85' lang='grc'><strong>·</strong></span> 
     </span>
    </p>
   </div>
   <div class='ocr_carea' id='block_1_12' title="bbox 394 1177 1832 1256">
    <p class='ocr_par' dir='ltr' id='par_1_12' title="bbox 394 1177 1832 1256">
     <span class='ocr_line' id='line_1_12' title="bbox 394 1177 1832 1256; baseline 0.005 -25"><span class='ocrx_word' id='word_1_65' title='bbox 394 1178 478 1231; x_wconf 89' lang='grc'><strong>12.</strong></span> <span class='ocrx_word' id='word_1_66' title='bbox 503 1178 612 1240; x_wconf 85' lang='grc' dir='ltr'><strong>Τάς</strong></span> <span class='ocrx_word' id='word_1_67' title='bbox 637 1177 807 1249; x_wconf 91' lang='grc' dir='ltr'>μύλας</span> <span class='ocrx_word' id='word_1_68' title='bbox 830 1178 936 1231; x_wconf 84' lang='grc' dir='ltr'><strong>τῶν</strong></span> <span class='ocrx_word' id='word_1_69' title='bbox 964 1178 1191 1233; x_wconf 82' lang='grc' dir='ltr'>λεόντων</span> <span class='ocrx_word' id='word_1_70' title='bbox 1220 1181 1537 1236; x_wconf 80' lang='grc' dir='ltr'>συνέθλασεν</span> <span class='ocrx_word' id='word_1_71' title='bbox 1562 1185 1590 1237; x_wconf 89' lang='grc' dir='ltr'>ὁ</span> <span class='ocrx_word' id='word_1_72' title='bbox 1612 1183 1832 1256; x_wconf 86' lang='grc' dir='ltr'>Κύριος.</span> 
     </span>
    </p>
   </div>
   <div class='ocr_carea' id='block_1_13' title="bbox 394 1270 1875 1346">
    <p class='ocr_par' dir='ltr' id='par_1_13' title="bbox 394 1270 1875 1346">
     <span class='ocr_line' id='line_1_13' title="bbox 394 1270 1875 1346; baseline 0.003 -22"><span class='ocrx_word' id='word_1_73' title='bbox 394 1272 477 1325; x_wconf 78' lang='grc'><strong>15.</strong></span> <span class='ocrx_word' id='word_1_74' title='bbox 519 1270 1057 1342; x_wconf 81' lang='grc' dir='ltr'>Ἐξουδενωθήσονται</span> <span class='ocrx_word' id='word_1_75' title='bbox 1083 1271 1212 1325; x_wconf 76' lang='grc' dir='ltr'>ὡσεὶ</span> <span class='ocrx_word' id='word_1_76' title='bbox 1235 1273 1378 1346; x_wconf 77' lang='grc' dir='ltr'>ὕδωρ</span> <span class='ocrx_word' id='word_1_77' title='bbox 1401 1274 1843 1346; x_wconf 83' lang='grc' dir='ltr'>διαπορευόμενον</span> <span class='ocrx_word' id='word_1_78' title='bbox 1862 1292 1875 1305; x_wconf 89' lang='grc'><strong>·</strong></span> 
     </span>
    </p>
   </div>
   <div class='ocr_carea' id='block_1_14' title="bbox 390 1361 1875 1437">
    <p class='ocr_par' dir='ltr' id='par_1_14' title="bbox 390 1361 1875 1437">
     <span class='ocr_line' id='line_1_14' title="bbox 390 1361 1875 1437; baseline 0.005 -21"><span class='ocrx_word' id='word_1_79' title='bbox 390 1362 476 1416; x_wconf 65' lang='grc'><strong>14.</strong></span> <span class='ocrx_word' id='word_1_80' title='bbox 523 1363 754 1416; x_wconf 87' lang='grc' dir='ltr'>Ἐντενεί</span> <span class='ocrx_word' id='word_1_81' title='bbox 774 1362 836 1415; x_wconf 89' lang='grc' dir='ltr'><strong>τὸ</strong></span> <span class='ocrx_word' id='word_1_82' title='bbox 866 1362 1015 1427; x_wconf 81' lang='grc' dir='ltr'>τόξον</span> <span class='ocrx_word' id='word_1_83' title='bbox 1048 1364 1231 1431; x_wconf 74' lang='grc' dir='ltr'>αὐτοῦ,</span> <span class='ocrx_word' id='word_1_84' title='bbox 1260 1364 1362 1429; x_wconf 80' lang='grc' dir='ltr'><strong>ἕως</strong></span> <span class='ocrx_word' id='word_1_85' title='bbox 1388 1361 1447 1421; x_wconf 72' lang='grc' dir='ltr'>οὗ</span> <span class='ocrx_word' id='word_1_86' title='bbox 1474 1366 1875 1437; x_wconf 84' lang='grc' dir='ltr'>ἀσθενήσουσιν.</span> 
     </span>
    </p>
   </div>
   <div class='ocr_carea' id='block_1_15' title="bbox 386 1452 1666 1528">
    <p class='ocr_par' dir='ltr' id='par_1_15' title="bbox 386 1452 1666 1528">
     <span class='ocr_line' id='line_1_15' title="bbox 386 1452 1666 1528; baseline 0.003 -22"><span class='ocrx_word' id='word_1_87' title='bbox 386 1452 471 1507; x_wconf 81' lang='grc'><strong>15.</strong></span> <span class='ocrx_word' id='word_1_88' title='bbox 513 1452 653 1506; x_wconf 82' lang='grc' dir='ltr'>Ὧσεὶ</span> <span class='ocrx_word' id='word_1_89' title='bbox 676 1454 843 1526; x_wconf 87' lang='grc' dir='ltr'>κηρὸς</span> <span class='ocrx_word' id='word_1_90' title='bbox 871 1455 1073 1521; x_wconf 73' lang='grc' dir='ltr'>τακεὶς,</span> <span class='ocrx_word' id='word_1_91' title='bbox 1103 1456 1666 1528; x_wconf 85' lang='grc' dir='ltr'>ἀνταναιρεθήσονται·</span> 
     </span>
    </p>
   </div>
   <div class='ocr_carea' id='block_1_16' title="bbox 381 1546 1876 1622">
    <p class='ocr_par' dir='ltr' id='par_1_16' title="bbox 381 1546 1876 1622">
     <span class='ocr_line' id='line_1_16' title="bbox 381 1546 1876 1622; baseline 0.005 -22"><span class='ocrx_word' id='word_1_92' title='bbox 381 1546 467 1600; x_wconf 91' lang='grc'><strong>16.</strong></span> <span class='ocrx_word' id='word_1_93' title='bbox 504 1547 705 1599; x_wconf 89' lang='grc' dir='ltr'>Ἔπεσε</span> <span class='ocrx_word' id='word_1_94' title='bbox 727 1546 841 1621; x_wconf 83' lang='grc' dir='ltr'>πῦρ</span> <span class='ocrx_word' id='word_1_95' title='bbox 862 1549 948 1600; x_wconf 75' lang='grc' dir='ltr'>ἐπ’</span> <span class='ocrx_word' id='word_1_96' title='bbox 971 1549 1183 1613; x_wconf 81' lang='grc' dir='ltr'>αὐτοὺς,</span> <span class='ocrx_word' id='word_1_97' title='bbox 1208 1550 1301 1604; x_wconf 72' lang='grc' dir='ltr'><strong>καὶ</strong></span> <span class='ocrx_word' id='word_1_98' title='bbox 1320 1550 1419 1603; x_wconf 79' lang='grc' dir='ltr'><strong>οὐκ</strong></span> <span class='ocrx_word' id='word_1_99' title='bbox 1443 1546 1579 1604; x_wconf 85' lang='grc' dir='ltr'>εἶδον</span> <span class='ocrx_word' id='word_1_100' title='bbox 1599 1550 1689 1604; x_wconf 91' lang='grc' dir='ltr'><strong>τὸν</strong></span> <span class='ocrx_word' id='word_1_101' title='bbox 1707 1551 1876 1622; x_wconf 79' lang='grc' dir='ltr'>ἣλιον.</span> 
     </span>
    </p>
   </div>
   <div class='ocr_carea' id='block_1_17' title="bbox 387 1638 1877 1716">
    <p class='ocr_par' dir='ltr' id='par_1_17' title="bbox 387 1638 1877 1716">
     <span class='ocr_line' id='line_1_17' title="bbox 387 1638 1877 1716; baseline 0.005 -25"><span class='ocrx_word' id='word_1_102' title='bbox 387 1638 474 1691; x_wconf 98' lang='grc'><strong>17.</strong></span> <span class='ocrx_word' id='word_1_103' title='bbox 519 1640 632 1711; x_wconf 88' lang='grc' dir='ltr'>Πρὸ</span> <span class='ocrx_word' id='word_1_104' title='bbox 682 1640 774 1693; x_wconf 79' lang='grc' dir='ltr'>τοῦ</span> <span class='ocrx_word' id='word_1_105' title='bbox 829 1640 1065 1694; x_wconf 80' lang='grc' dir='ltr'><strong>συνιέναι</strong></span> <span class='ocrx_word' id='word_1_106' title='bbox 1129 1642 1229 1705; x_wconf 86' lang='grc' dir='ltr'>τὰς</span> <span class='ocrx_word' id='word_1_107' title='bbox 1279 1642 1518 1706; x_wconf 83' lang='grc' dir='ltr'>ἀκάνθας</span> <span class='ocrx_word' id='word_1_108' title='bbox 1573 1642 1725 1713; x_wconf 82' lang='grc' dir='ltr'>ὑμῶν</span> <span class='ocrx_word' id='word_1_109' title='bbox 1779 1644 1877 1716; x_wconf 79' lang='grc' dir='ltr'>τὴν</span> 
     </span>
    </p>
   </div>
   <div class='ocr_carea' id='block_1_18' title="bbox 316 1728 541 1800">
    <p class='ocr_par' dir='ltr' id='par_1_18' title="bbox 316 1728 541 1800">
     <span class='ocr_line' id='line_1_18' title="bbox 316 1728 541 1800; baseline 0 -17"><span class='ocrx_word' id='word_1_110' title='bbox 316 1728 541 1800; x_wconf 70' lang='grc' dir='ltr'>ῥάμνον*</span> 
     </span>
    </p>
   </div>
   <div class='ocr_carea' id='block_1_19' title="bbox 2057 550 3542 628">
    <p class='ocr_par' dir='ltr' id='par_1_19' title="bbox 2057 550 3542 628">
     <span class='ocr_line' id='line_1_19' title="bbox 2057 550 3542 628; baseline 0.008 -24"><span class='ocrx_word' id='word_1_111' title='bbox 2057 552 2106 605; x_wconf 90' lang='lat'><strong>7.</strong></span> <span class='ocrx_word' id='word_1_112' title='bbox 2134 550 2307 607; x_wconf 86' lang='lat' dir='ltr'><strong>Furor</strong></span> <span class='ocrx_word' id='word_1_113' title='bbox 2332 553 2438 608; x_wconf 88' lang='lat' dir='ltr'><strong>illis</strong></span> <span class='ocrx_word' id='word_1_114' title='bbox 2464 554 2758 610; x_wconf 86' lang='lat' dir='ltr'><strong>secundum</strong></span> <span class='ocrx_word' id='word_1_115' title='bbox 2788 555 3197 612; x_wconf 80' lang='lat' dir='ltr'><strong>similitudinem</strong></span> <span class='ocrx_word' id='word_1_116' title='bbox 3231 558 3495 628; x_wconf 87' lang='lat' dir='ltr'><strong>serpentis</strong></span> <span class='ocrx_word' id='word_1_117' title='bbox 3526 576 3542 615; x_wconf 90' lang='lat'><strong>:</strong></span> 
     </span>
    </p>
   </div>
   <div class='ocr_carea' id='block_1_20' title="bbox 2054 640 3543 715">
    <p class='ocr_par' dir='ltr' id='par_1_20' title="bbox 2054 640 3543 715">
     <span class='ocr_line' id='line_1_20' title="bbox 2054 640 3543 715; baseline 0.009 -21"><span class='ocrx_word' id='word_1_118' title='bbox 2054 642 2108 695; x_wconf 91' lang='lat'><strong>8.</strong></span> <span class='ocrx_word' id='word_1_119' title='bbox 2147 640 2299 697; x_wconf 82' lang='lat' dir='ltr'><strong>Sicut</strong></span> <span class='ocrx_word' id='word_1_120' title='bbox 2330 644 2532 715; x_wconf 83' lang='lat' dir='ltr'><strong>aspidis</strong></span> <span class='ocrx_word' id='word_1_121' title='bbox 2565 646 2759 712; x_wconf 59' lang='lat' dir='ltr'><strong>surde,</strong></span> <span class='ocrx_word' id='word_1_122' title='bbox 2786 655 2840 701; x_wconf 89' lang='lat' dir='ltr'><strong>et</strong></span> <span class='ocrx_word' id='word_1_123' title='bbox 2870 648 3173 704; x_wconf 86' lang='lat' dir='ltr'><strong>obturantis</strong></span> <span class='ocrx_word' id='word_1_124' title='bbox 3196 664 3355 705; x_wconf 87' lang='lat' dir='ltr'><strong>aures</strong></span> <span class='ocrx_word' id='word_1_125' title='bbox 3380 665 3543 708; x_wconf 87' lang='lat' dir='ltr'><strong>suas:</strong></span> 
     </span>
    </p>
   </div>
   <div class='ocr_carea' id='block_1_21' title="bbox 2053 733 3545 810">
    <p class='ocr_par' dir='ltr' id='par_1_21' title="bbox 2053 733 3545 810">
     <span class='ocr_line' id='line_1_21' title="bbox 2053 733 3545 810; baseline 0.008 -23"><span class='ocrx_word' id='word_1_126' title='bbox 2053 733 2106 788; x_wconf 90' lang='lat'><strong>9.</strong></span> <span class='ocrx_word' id='word_1_127' title='bbox 2144 733 2276 800; x_wconf 71' lang='lat' dir='ltr'><strong>Qua:</strong></span> <span class='ocrx_word' id='word_1_128' title='bbox 2318 750 2429 790; x_wconf 90' lang='lat' dir='ltr'><strong>non</strong></span> <span class='ocrx_word' id='word_1_129' title='bbox 2473 737 2725 793; x_wconf 81' lang='lat' dir='ltr'><strong>exaudiet</strong></span> <span class='ocrx_word' id='word_1_130' title='bbox 2770 753 2959 795; x_wconf 85' lang='lat' dir='ltr'><strong>vocem</strong></span> <span class='ocrx_word' id='word_1_131' title='bbox 3012 741 3443 810; x_wconf 88' lang='lat' dir='ltr'><strong>incantantium,</strong></span> <span class='ocrx_word' id='word_1_132' title='bbox 3492 750 3545 799; x_wconf 90' lang='lat' dir='ltr'><strong>et</strong></span> 
     </span>
    </p>
   </div>
   <div class='ocr_carea' id='block_1_22' title="bbox 1981 827 2224 891">
    <p class='ocr_par' dir='ltr' id='par_1_22' title="bbox 1981 827 2224 891">
     <span class='ocr_line' id='line_1_22' title="bbox 1981 827 2224 891; baseline 0.012 -11"><span class='ocrx_word' id='word_1_133' title='bbox 1981 827 2224 891; x_wconf 65' lang='lat' dir='ltr'><strong>veneﬁcL</strong></span> 
     </span>
    </p>
   </div>
   <div class='ocr_carea' id='block_1_23' title="bbox 2055 917 2982 992">
    <p class='ocr_par' dir='ltr' id='par_1_23' title="bbox 2055 917 2982 992">
     <span class='ocr_line' id='line_1_23' title="bbox 2055 917 2982 992; baseline 0.008 -22"><span class='ocrx_word' id='word_1_134' title='bbox 2055 919 2139 973; x_wconf 85' lang='lat'><strong>10.</strong></span> <span class='ocrx_word' id='word_1_135' title='bbox 2165 917 2295 984; x_wconf 63' lang='lat' dir='ltr'><strong>Quae</strong></span> <span class='ocrx_word' id='word_1_136' title='bbox 2325 919 2629 976; x_wconf 85' lang='lat' dir='ltr'><strong>incantatur</strong></span> <span class='ocrx_word' id='word_1_137' title='bbox 2658 937 2689 976; x_wconf 89' lang='lat' dir='ltr'><strong>a</strong></span> <span class='ocrx_word' id='word_1_138' title='bbox 2722 921 2982 992; x_wconf 86' lang='lat' dir='ltr'><strong>sapiente.</strong></span> 
     </span>
    </p>
   </div>
   <div class='ocr_carea' id='block_1_24' title="bbox 2049 1008 3536 1086">
    <p class='ocr_par' dir='ltr' id='par_1_24' title="bbox 2049 1008 3536 1086">
     <span class='ocr_line' id='line_1_24' title="bbox 2049 1008 3536 1086; baseline 0.003 -24"><span class='ocrx_word' id='word_1_139' title='bbox 2049 1010 2135 1063; x_wconf 83' lang='lat'><strong>11.</strong></span> <span class='ocrx_word' id='word_1_140' title='bbox 2167 1008 2309 1064; x_wconf 86' lang='lat' dir='ltr'><strong>Deus</strong></span> <span class='ocrx_word' id='word_1_141' title='bbox 2338 1018 2576 1065; x_wconf 86' lang='lat' dir='ltr'><strong>conteret</strong></span> <span class='ocrx_word' id='word_1_142' title='bbox 2602 1011 2786 1067; x_wconf 85' lang='lat' dir='ltr'><strong>dentes</strong></span> <span class='ocrx_word' id='word_1_143' title='bbox 2813 1028 3002 1068; x_wconf 89' lang='lat' dir='ltr'><strong>eorum</strong></span> <span class='ocrx_word' id='word_1_144' title='bbox 3036 1014 3090 1069; x_wconf 85' lang='lat' dir='ltr'><strong>in</strong></span> <span class='ocrx_word' id='word_1_145' title='bbox 3125 1030 3219 1070; x_wconf 87' lang='lat' dir='ltr'><strong>ore</strong></span> <span class='ocrx_word' id='word_1_146' title='bbox 3247 1014 3485 1086; x_wconf 91' lang='lat' dir='ltr'><strong>ipsorum</strong></span> <span class='ocrx_word' id='word_1_147' title='bbox 3522 1030 3536 1067; x_wconf 88' lang='lat'><strong>:</strong></span> 
     </span>
    </p>
   </div>
   <div class='ocr_carea' id='block_1_25' title="bbox 2051 1183 3201 1257">
    <p class='ocr_par' dir='ltr' id='par_1_25' title="bbox 2051 1183 3201 1257">
     <span class='ocr_line' id='line_1_25' title="bbox 2051 1183 3201 1257; baseline 0.005 -19"><span class='ocrx_word' id='word_1_148' title='bbox 2051 1184 2139 1238; x_wconf 87' lang='lat'><strong>12.</strong></span> <span class='ocrx_word' id='word_1_149' title='bbox 2176 1183 2343 1240; x_wconf 84' lang='lat' dir='ltr'><strong>Melas</strong></span> <span class='ocrx_word' id='word_1_150' title='bbox 2369 1186 2586 1240; x_wconf 89' lang='lat' dir='ltr'><strong>leonum</strong></span> <span class='ocrx_word' id='word_1_151' title='bbox 2619 1185 2883 1257; x_wconf 74' lang='lat' dir='ltr'><strong>confregit</strong></span> <span class='ocrx_word' id='word_1_152' title='bbox 2918 1187 3201 1245; x_wconf 88' lang='lat' dir='ltr'><strong>Dominus.</strong></span> 
     </span>
    </p>
   </div>
   <div class='ocr_carea' id='block_1_26' title="bbox 2053 1274 3538 1349">
    <p class='ocr_par' dir='ltr' id='par_1_26' title="bbox 2053 1274 3538 1349">
     <span class='ocr_line' id='line_1_26' title="bbox 2053 1274 3538 1349; baseline 0.006 -22"><span class='ocrx_word' id='word_1_153' title='bbox 2053 1274 2140 1327; x_wconf 83' lang='grc'><strong>15.</strong></span> <span class='ocrx_word' id='word_1_154' title='bbox 2161 1276 2241 1329; x_wconf 84' lang='lat' dir='ltr'><strong>Ad</strong></span> <span class='ocrx_word' id='word_1_155' title='bbox 2258 1276 2482 1331; x_wconf 86' lang='lat' dir='ltr'><strong>nihilum</strong></span> <span class='ocrx_word' id='word_1_156' title='bbox 2501 1278 2782 1333; x_wconf 86' lang='lat' dir='ltr'><strong>devenient</strong></span> <span class='ocrx_word' id='word_1_157' title='bbox 2798 1288 3053 1347; x_wconf 89' lang='lat' dir='ltr'><strong>tanquam</strong></span> <span class='ocrx_word' id='word_1_158' title='bbox 3068 1290 3206 1349; x_wconf 87' lang='lat' dir='ltr'><strong>aqua</strong></span> <span class='ocrx_word' id='word_1_159' title='bbox 3224 1279 3538 1337; x_wconf 84' lang='lat' dir='ltr'><strong>decurrens.</strong></span> 
     </span>
    </p>
   </div>
   <div class='ocr_carea' id='block_1_27' title="bbox 2049 1364 3398 1431">
    <p class='ocr_par' dir='ltr' id='par_1_27' title="bbox 2049 1364 3398 1431">
     <span class='ocr_line' id='line_1_27' title="bbox 2049 1364 3398 1431; baseline 0.005 -14"><span class='ocrx_word' id='word_1_160' title='bbox 2049 1364 2136 1419; x_wconf 74' lang='grc'><strong>11.</strong></span> <span class='ocrx_word' id='word_1_161' title='bbox 2166 1364 2403 1422; x_wconf 87' lang='lat' dir='ltr'><strong>lntendet</strong></span> <span class='ocrx_word' id='word_1_162' title='bbox 2430 1382 2615 1423; x_wconf 90' lang='lat' dir='ltr'><strong>arcum</strong></span> <span class='ocrx_word' id='word_1_163' title='bbox 2640 1383 2819 1431; x_wconf 90' lang='lat' dir='ltr'><strong>suum,</strong></span> <span class='ocrx_word' id='word_1_164' title='bbox 2847 1368 3018 1422; x_wconf 88' lang='lat' dir='ltr'><strong>donec</strong></span> <span class='ocrx_word' id='word_1_165' title='bbox 3042 1369 3398 1425; x_wconf 82' lang='lat' dir='ltr'><strong>inﬁrmenlur.</strong></span> 
     </span>
    </p>
   </div>
   <div class='ocr_carea' id='block_1_28' title="bbox 2047 1456 3161 1528">
    <p class='ocr_par' dir='ltr' id='par_1_28' title="bbox 2047 1456 3161 1528">
     <span class='ocr_line' id='line_1_28' title="bbox 2047 1456 3161 1528; baseline 0.004 -17"><span class='ocrx_word' id='word_1_166' title='bbox 2047 1456 2135 1512; x_wconf 83' lang='lat'><strong>15.</strong></span> <span class='ocrx_word' id='word_1_167' title='bbox 2166 1457 2319 1513; x_wconf 88' lang='lat' dir='ltr'><strong>Sicut</strong></span> <span class='ocrx_word' id='word_1_168' title='bbox 2343 1473 2467 1513; x_wconf 88' lang='lat' dir='ltr'><strong>cera</strong></span> <span class='ocrx_word' id='word_1_169' title='bbox 2491 1474 2611 1528; x_wconf 81' lang='lat' dir='ltr'><strong>quae</strong></span> <span class='ocrx_word' id='word_1_170' title='bbox 2635 1458 2772 1525; x_wconf 86' lang='lat' dir='ltr'><strong>ﬂuit,</strong></span> <span class='ocrx_word' id='word_1_171' title='bbox 2798 1459 3112 1514; x_wconf 83' lang='lat' dir='ltr'><strong>auferentur</strong></span> <span class='ocrx_word' id='word_1_172' title='bbox 3148 1479 3161 1515; x_wconf 89' lang='lat'><strong>:</strong></span> 
     </span>
    </p>
   </div>
   <div class='ocr_carea' id='block_1_29' title="bbox 2049 1550 3537 1622">
    <p class='ocr_par' dir='ltr' id='par_1_29' title="bbox 2049 1550 3537 1622">
     <span class='ocr_line' id='line_1_29' title="bbox 2049 1550 3537 1622; baseline 0.005 -20"><span class='ocrx_word' id='word_1_173' title='bbox 2049 1550 2133 1603; x_wconf 84' lang='lat'><strong>16.</strong></span> <span class='ocrx_word' id='word_1_174' title='bbox 2163 1550 2366 1605; x_wconf 86' lang='lat' dir='ltr'><strong>Cecidit</strong></span> <span class='ocrx_word' id='word_1_175' title='bbox 2383 1551 2522 1620; x_wconf 75' lang='lat' dir='ltr'><strong>ignis</strong></span> <span class='ocrx_word' id='word_1_176' title='bbox 2540 1567 2701 1622; x_wconf 89' lang='lat' dir='ltr'><strong>super</strong></span> <span class='ocrx_word' id='word_1_177' title='bbox 2724 1568 2841 1620; x_wconf 91' lang='lat' dir='ltr'><strong>eos,</strong></span> <span class='ocrx_word' id='word_1_178' title='bbox 2864 1562 2916 1607; x_wconf 88' lang='lat' dir='ltr'><strong>et</strong></span> <span class='ocrx_word' id='word_1_179' title='bbox 2941 1570 3048 1609; x_wconf 92' lang='lat' dir='ltr'><strong>non</strong></span> <span class='ocrx_word' id='word_1_180' title='bbox 3067 1552 3322 1607; x_wconf 85' lang='lat' dir='ltr'><strong>viderunt</strong></span> <span class='ocrx_word' id='word_1_181' title='bbox 3343 1553 3537 1610; x_wconf 89' lang='lat' dir='ltr'><strong>solem.</strong></span> 
     </span>
    </p>
   </div>
   <div class='ocr_carea' id='block_1_30' title="bbox 2050 1639 3538 1716">
    <p class='ocr_par' dir='ltr' id='par_1_30' title="bbox 2050 1639 3538 1716">
     <span class='ocr_line' id='line_1_30' title="bbox 2050 1639 3538 1716; baseline 0.005 -22"><span class='ocrx_word' id='word_1_182' title='bbox 2050 1640 2137 1696; x_wconf 86' lang='lat'><strong>17.</strong></span> <span class='ocrx_word' id='word_1_183' title='bbox 2161 1639 2484 1712; x_wconf 87' lang='lat' dir='ltr'><strong>Priusquam</strong></span> <span class='ocrx_word' id='word_1_184' title='bbox 2526 1644 2885 1716; x_wconf 84' lang='lat' dir='ltr'><strong>intelligerent</strong></span> <span class='ocrx_word' id='word_1_185' title='bbox 2924 1646 3094 1715; x_wconf 66' lang='lat' dir='ltr'><strong>spinae</strong></span> <span class='ocrx_word' id='word_1_186' title='bbox 3124 1654 3316 1701; x_wconf 68' lang='lat' dir='ltr'><strong>vestra:</strong></span> <span class='ocrx_word' id='word_1_187' title='bbox 3352 1646 3538 1701; x_wconf 83' lang='lat' dir='ltr'><strong>rham-</strong></span> 
     </span>
    </p>
   </div>
   <div class='ocr_carea' id='block_1_31' title="bbox 1978 1747 2153 1787">
    <p class='ocr_par' dir='ltr' id='par_1_31' title="bbox 1978 1747 2153 1787">
     <span class='ocr_line' id='line_1_31' title="bbox 1978 1747 2153 1787; baseline 0.011 -2"><span class='ocrx_word' id='word_1_188' title='bbox 1978 1747 2107 1787; x_wconf 92' lang='lat' dir='ltr'><strong>num</strong></span> <span class='ocrx_word' id='word_1_189' title='bbox 2139 1751 2153 1787; x_wconf 75' lang='grc' dir='ltr'><strong>ἶ</strong></span> 
     </span>
    </p>
   </div>
   <div class='ocr_carea' id='block_1_32' title="bbox 391 1806 1881 1895">
    <p class='ocr_par' dir='ltr' id='par_1_32' title="bbox 391 1819 1876 1895">
     <span class='ocr_line' id='line_1_32' title="bbox 391 1819 1876 1895; baseline 0.004 -22"><span class='ocrx_word' id='word_1_190' title='bbox 391 1819 473 1874; x_wconf 89' lang='grc'><strong>18.</strong></span> <span class='ocrx_word' id='word_1_191' title='bbox 519 1820 660 1874; x_wconf 82' lang='grc' dir='ltr'>Ὤσεὶ</span> <span class='ocrx_word' id='word_1_192' title='bbox 702 1820 928 1886; x_wconf 78' lang='grc' dir='ltr'>ζῶντας,</span> <span class='ocrx_word' id='word_1_193' title='bbox 970 1822 1103 1877; x_wconf 74' lang='grc' dir='ltr'>ὡσεὶ</span> <span class='ocrx_word' id='word_1_194' title='bbox 1144 1823 1203 1877; x_wconf 81' lang='grc' dir='ltr'><strong>ἐν</strong></span> <span class='ocrx_word' id='word_1_195' title='bbox 1237 1824 1373 1895; x_wconf 77' lang='grc' dir='ltr'>ὀργῇ</span> <span class='ocrx_word' id='word_1_196' title='bbox 1414 1823 1736 1877; x_wconf 88' lang='grc' dir='ltr'>καταπίεται</span> <span class='ocrx_word' id='word_1_197' title='bbox 1783 1824 1876 1879; x_wconf 86' lang='grc' dir='ltr'>αὐ-</span> 
     </span>
    </p>
   </div>
   <div class='ocr_carea' id='block_1_33' title="bbox 2023 1806 3409 1895">
    <p class='ocr_par' dir='ltr' id='par_1_33' title="bbox 2052 1819 3409 1890">
     <span class='ocr_line' id='line_1_33' title="bbox 2052 1819 3409 1890; baseline 0.004 -16"><span class='ocrx_word' id='word_1_198' title='bbox 2052 1819 2137 1875; x_wconf 83' lang='grc'><strong>18.</strong></span> <span class='ocrx_word' id='word_1_199' title='bbox 2172 1821 2325 1877; x_wconf 89' lang='lat' dir='ltr'><strong>Sicut</strong></span> <span class='ocrx_word' id='word_1_200' title='bbox 2356 1823 2617 1890; x_wconf 79' lang='lat' dir='ltr'><strong>viventes,</strong></span> <span class='ocrx_word' id='word_1_201' title='bbox 2648 1823 2788 1879; x_wconf 83' lang='lat' dir='ltr'><strong>sicut</strong></span> <span class='ocrx_word' id='word_1_202' title='bbox 2813 1824 2867 1877; x_wconf 93' lang='lat' dir='ltr'><strong>in</strong></span> <span class='ocrx_word' id='word_1_203' title='bbox 2897 1823 2977 1878; x_wconf 91' lang='lat' dir='ltr'><strong>ira</strong></span> <span class='ocrx_word' id='word_1_204' title='bbox 3012 1824 3265 1880; x_wconf 83' lang='lat' dir='ltr'><strong>absorbet</strong></span> <span class='ocrx_word' id='word_1_205' title='bbox 3294 1840 3409 1883; x_wconf 86' lang='lat' dir='ltr'><strong>eos.</strong></span> 
     </span>
    </p>
   </div>
   <div class='ocr_carea' id='block_1_34' title="bbox 310 1910 736 1982">
    <p class='ocr_par' dir='ltr' id='par_1_34' title="bbox 310 1910 736 1982">
     <span class='ocr_line' id='line_1_34' title="bbox 310 1910 736 1982; baseline 0.005 -18"><span class='ocrx_word' id='word_1_206' title='bbox 310 1910 438 1977; x_wconf 85' lang='grc' dir='ltr'>τούς</span> <span class='ocrx_word' id='word_1_207' title='bbox 466 1911 563 1982; x_wconf 64' lang='grc' dir='ltr'><strong>(ι).</strong></span> <span class='ocrx_word' id='word_1_208' title='bbox 730 1974 736 1979; x_wconf 95' lang='lat'><em>_</em></span> 
     </span>
    </p>
   </div>
   <div class='ocr_carea' id='block_1_35' title="bbox 382 2004 1800 2077">
    <p class='ocr_par' dir='ltr' id='par_1_35' title="bbox 382 2004 1800 2077">
     <span class='ocr_line' id='line_1_35' title="bbox 382 2004 1800 2077; baseline 0.002 -21"><span class='ocrx_word' id='word_1_209' title='bbox 382 2004 467 2059; x_wconf 92' lang='lat'><strong>19.</strong></span> <span class='ocrx_word' id='word_1_210' title='bbox 507 2004 949 2077; x_wconf 81' lang='grc' dir='ltr'>Εὐφρανθὴσεται</span> <span class='ocrx_word' id='word_1_211' title='bbox 974 2006 1199 2069; x_wconf 82' lang='grc' dir='ltr'>δίκαιος,</span> <span class='ocrx_word' id='word_1_212' title='bbox 1234 2006 1361 2059; x_wconf 85' lang='grc' dir='ltr'>ὅταν</span> <span class='ocrx_word' id='word_1_213' title='bbox 1390 2006 1472 2077; x_wconf 83' lang='grc' dir='ltr'>ῐδῃ</span> <span class='ocrx_word' id='word_1_214' title='bbox 1495 2005 1800 2075; x_wconf 78' lang='grc' dir='ltr'>ἐκδίκησιν·</span> 
     </span>
    </p>
   </div>
   <div class='ocr_carea' id='block_1_36' title="bbox 380 2095 1870 2170">
    <p class='ocr_par' dir='ltr' id='par_1_36' title="bbox 380 2095 1870 2170">
     <span class='ocr_line' id='line_1_36' title="bbox 380 2095 1870 2170; baseline 0.002 -21"><span class='ocrx_word' id='word_1_215' title='bbox 380 2095 470 2150; x_wconf 88' lang='grc'><strong>20.</strong></span> <span class='ocrx_word' id='word_1_216' title='bbox 503 2095 613 2159; x_wconf 83' lang='grc' dir='ltr'><strong>Τάς</strong></span> <span class='ocrx_word' id='word_1_217' title='bbox 643 2100 829 2168; x_wconf 87' lang='grc' dir='ltr'>χεῖρας</span> <span class='ocrx_word' id='word_1_218' title='bbox 870 2095 1033 2151; x_wconf 77' lang='grc' dir='ltr'>αὐτοῦ</span> <span class='ocrx_word' id='word_1_219' title='bbox 1086 2097 1295 2168; x_wconf 76' lang='grc' dir='ltr'>νίψεται</span> <span class='ocrx_word' id='word_1_220' title='bbox 1351 2100 1409 2152; x_wconf 82' lang='grc' dir='ltr'>ὲν</span> <span class='ocrx_word' id='word_1_221' title='bbox 1440 2096 1518 2169; x_wconf 81' lang='grc' dir='ltr'>τῷ</span> <span class='ocrx_word' id='word_1_222' title='bbox 1551 2098 1740 2170; x_wconf 81' lang='grc' dir='ltr'>αἵματι</span> <span class='ocrx_word' id='word_1_223' title='bbox 1777 2099 1870 2152; x_wconf 79' lang='grc' dir='ltr'>τοῦ</span> 
     </span>
    </p>
   </div>
   <div class='ocr_carea' id='block_1_37' title="bbox 312 2186 660 2258">
    <p class='ocr_par' dir='ltr' id='par_1_37' title="bbox 312 2186 660 2258">
     <span class='ocr_line' id='line_1_37' title="bbox 312 2186 660 2258; baseline 0.006 -17"><span class='ocrx_word' id='word_1_224' title='bbox 312 2186 660 2258; x_wconf 59' lang='grc' dir='ltr'>ἀμαρτωλοιί</span> 
     </span>
    </p>
   </div>
   <div class='ocr_carea' id='block_1_38' title="bbox 383 2275 1871 2351">
    <p class='ocr_par' dir='ltr' id='par_1_38' title="bbox 383 2275 1871 2351">
     <span class='ocr_line' id='line_1_38' title="bbox 383 2275 1871 2351; baseline 0.001 -21"><span class='ocrx_word' id='word_1_225' title='bbox 383 2277 472 2331; x_wconf 86' lang='grc'><strong>21.</strong></span> <span class='ocrx_word' id='word_1_226' title='bbox 503 2279 613 2332; x_wconf 73' lang='grc' dir='ltr'>Καὶ</span> <span class='ocrx_word' id='word_1_227' title='bbox 638 2276 755 2350; x_wconf 83' lang='grc' dir='ltr'><strong>ὲρεῖ</strong></span> <span class='ocrx_word' id='word_1_228' title='bbox 778 2275 1089 2350; x_wconf 79' lang='grc' dir='ltr'>ἄνθρωπος·</span> <span class='ocrx_word' id='word_1_229' title='bbox 1122 2280 1185 2333; x_wconf 87' lang='grc' dir='ltr'><strong>Εἰ</strong></span> <span class='ocrx_word' id='word_1_230' title='bbox 1211 2280 1319 2351; x_wconf 81' lang='grc' dir='ltr'>ἄρα</span> <span class='ocrx_word' id='word_1_231' title='bbox 1367 2278 1485 2332; x_wconf 75' lang='grc' dir='ltr'>ἐστὶ</span> <span class='ocrx_word' id='word_1_232' title='bbox 1540 2279 1750 2349; x_wconf 89' lang='grc' dir='ltr'>καρπὸς</span> <span class='ocrx_word' id='word_1_233' title='bbox 1795 2279 1871 2349; x_wconf 83' lang='grc' dir='ltr'>τῷ</span> 
     </span>
    </p>
   </div>
   <div class='ocr_carea' id='block_1_39' title="bbox 310 2368 536 2440">
    <p class='ocr_par' dir='ltr' id='par_1_39' title="bbox 310 2368 536 2440">
     <span class='ocr_line' id='line_1_39' title="bbox 310 2368 536 2440; baseline -0.004 -18"><span class='ocrx_word' id='word_1_234' title='bbox 310 2368 504 2440; x_wconf 85' lang='grc' dir='ltr'>δικαίῳ</span> <span class='ocrx_word' id='word_1_235' title='bbox 523 2388 536 2401; x_wconf 94' lang='grc'><strong>·</strong></span> 
     </span>
    </p>
   </div>
   <div class='ocr_carea' id='block_1_40' title="bbox 380 2458 1782 2533">
    <p class='ocr_par' dir='ltr' id='par_1_40' title="bbox 380 2458 1782 2533">
     <span class='ocr_line' id='line_1_40' title="bbox 380 2458 1782 2533; baseline 0 -19"><span class='ocrx_word' id='word_1_236' title='bbox 380 2458 470 2515; x_wconf 88' lang='grc'><strong>22.</strong></span> <span class='ocrx_word' id='word_1_237' title='bbox 502 2462 644 2533; x_wconf 85' lang='grc' dir='ltr'>Ἀρα</span> <span class='ocrx_word' id='word_1_238' title='bbox 674 2460 821 2516; x_wconf 77' lang='grc' dir='ltr'>ἐστὶν</span> <span class='ocrx_word' id='word_1_239' title='bbox 850 2463 879 2516; x_wconf 86' lang='grc' dir='ltr'>ὁ</span> <span class='ocrx_word' id='word_1_240' title='bbox 914 2460 1045 2527; x_wconf 84' lang='grc' dir='ltr'>Θεὸς</span> <span class='ocrx_word' id='word_1_241' title='bbox 1070 2461 1271 2533; x_wconf 85' lang='grc' dir='ltr'>κρίνων</span> <span class='ocrx_word' id='word_1_242' title='bbox 1292 2462 1487 2526; x_wconf 83' lang='grc' dir='ltr'>αὐτοὺς</span> <span class='ocrx_word' id='word_1_243' title='bbox 1518 2463 1576 2516; x_wconf 83' lang='grc' dir='ltr'>ὲν</span> <span class='ocrx_word' id='word_1_244' title='bbox 1599 2464 1666 2533; x_wconf 77' lang='grc' dir='ltr'>τῇ</span> <span class='ocrx_word' id='word_1_245' title='bbox 1693 2464 1782 2533; x_wconf 82' lang='grc' dir='ltr'><strong>γῇ.</strong></span> 
     </span>
    </p>
   </div>
   <div class='ocr_carea' id='block_1_41' title="bbox 382 2672 1554 2749">
    <p class='ocr_par' dir='ltr' id='par_1_41' title="bbox 382 2672 1554 2749">
     <span class='ocr_line' id='line_1_41' title="bbox 382 2672 1554 2749; baseline 0.005 -22"><span class='ocrx_word' id='word_1_246' title='bbox 382 2672 458 2749; x_wconf 77' lang='grc' dir='ltr'><strong>(ᾳ)</strong></span> <span class='ocrx_word' id='word_1_247' title='bbox 486 2672 641 2749; x_wconf 79' lang='lat' dir='ltr'><strong>_Vers.</strong></span> <span class='ocrx_word' id='word_1_248' title='bbox 674 2675 761 2743; x_wconf 90' lang='lat'><strong>10,</strong></span> <span class='ocrx_word' id='word_1_249' title='bbox 784 2676 1077 2749; x_wconf 82' lang='grc' dir='ltr'>Φαρμακοῦ</span> <span class='ocrx_word' id='word_1_250' title='bbox 1098 2694 1181 2746; x_wconf 87' lang='grc' dir='ltr'>τε,</span> <span class='ocrx_word' id='word_1_251' title='bbox 1207 2688 1336 2747; x_wconf 88' lang='lat' dir='ltr'><strong>etc.,</strong></span> <span class='ocrx_word' id='word_1_252' title='bbox 1370 2679 1554 2749; x_wconf 77' lang='grc' dir='ltr'>σοφοῦ.</span> 
     </span>
    </p>
   </div>
   <div class='ocr_carea' id='block_1_42' title="bbox 386 2742 1099 2819">
    <p class='ocr_par' dir='ltr' id='par_1_42' title="bbox 386 2742 1099 2819">
     <span class='ocr_line' id='line_1_42' title="bbox 386 2742 1099 2819; baseline 0.013 -25"><span class='ocrx_word' id='word_1_253' title='bbox 386 2742 458 2814; x_wconf 77' lang='lat' dir='ltr'><strong>(b)</strong></span> <span class='ocrx_word' id='word_1_254' title='bbox 487 2743 545 2799; x_wconf 94' lang='lat' dir='ltr'><strong>ln</strong></span> <span class='ocrx_word' id='word_1_255' title='bbox 573 2742 753 2817; x_wconf 78' lang='lat' dir='ltr'><strong>marg.</strong></span> <span class='ocrx_word' id='word_1_256' title='bbox 775 2742 914 2802; x_wconf 48' lang='lat' dir='ltr'><strong>cod.‘</strong></span> <span class='ocrx_word' id='word_1_257' title='bbox 933 2748 1099 2819; x_wconf 80' lang='grc' dir='ltr'>ὑμᾶς.</span> 
     </span>
    </p>
   </div>
   <div class='ocr_carea' id='block_1_43' title="bbox 2045 2003 3404 2076">
    <p class='ocr_par' dir='ltr' id='par_1_43' title="bbox 2045 2003 3404 2076">
     <span class='ocr_line' id='line_1_43' title="bbox 2045 2003 3404 2076; baseline -0.001 -16"><span class='ocrx_word' id='word_1_258' title='bbox 2045 2003 2129 2060; x_wconf 88' lang='grc'><strong>19.</strong></span> <span class='ocrx_word' id='word_1_259' title='bbox 2161 2003 2454 2060; x_wconf 68' lang='lat' dir='ltr'><strong>Laetabitur</strong></span> <span class='ocrx_word' id='word_1_260' title='bbox 2480 2004 2661 2076; x_wconf 89' lang='lat' dir='ltr'><strong>justus</strong></span> <span class='ocrx_word' id='word_1_261' title='bbox 2698 2020 2822 2059; x_wconf 91' lang='lat' dir='ltr'><strong>cum</strong></span> <span class='ocrx_word' id='word_1_262' title='bbox 2852 2003 3049 2060; x_wconf 87' lang='lat' dir='ltr'><strong>viderit</strong></span> <span class='ocrx_word' id='word_1_263' title='bbox 3070 2004 3363 2059; x_wconf 81' lang='lat' dir='ltr'><strong>vindictam</strong></span> <span class='ocrx_word' id='word_1_264' title='bbox 3390 2024 3404 2059; x_wconf 92' lang='lat'><strong>:</strong></span> 
     </span>
    </p>
   </div>
   <div class='ocr_carea' id='block_1_44' title="bbox 2044 2093 3462 2167">
    <p class='ocr_par' dir='ltr' id='par_1_44' title="bbox 2044 2093 3462 2167">
     <span class='ocr_line' id='line_1_44' title="bbox 2044 2093 3462 2167; baseline 0.001 -19"><span class='ocrx_word' id='word_1_265' title='bbox 2044 2094 2135 2148; x_wconf 85' lang='grc'><strong>20.</strong></span> <span class='ocrx_word' id='word_1_266' title='bbox 2167 2093 2357 2151; x_wconf 84' lang='lat' dir='ltr'><strong>Manus</strong></span> <span class='ocrx_word' id='word_1_267' title='bbox 2385 2112 2513 2152; x_wconf 90' lang='lat' dir='ltr'><strong>suas</strong></span> <span class='ocrx_word' id='word_1_268' title='bbox 2540 2096 2743 2151; x_wconf 85' lang='lat' dir='ltr'><strong>lavabit</strong></span> <span class='ocrx_word' id='word_1_269' title='bbox 2770 2095 2824 2150; x_wconf 85' lang='lat' dir='ltr'><strong>in</strong></span> <span class='ocrx_word' id='word_1_270' title='bbox 2859 2095 3122 2167; x_wconf 83' lang='lat' dir='ltr'><strong>sanguine</strong></span> <span class='ocrx_word' id='word_1_271' title='bbox 3144 2097 3462 2165; x_wconf 85' lang='lat' dir='ltr'><strong>peccatoris.</strong></span> 
     </span>
    </p>
   </div>
   <div class='ocr_carea' id='block_1_45' title="bbox 2044 2273 3531 2348">
    <p class='ocr_par' dir='ltr' id='par_1_45' title="bbox 2044 2273 3531 2348">
     <span class='ocr_line' id='line_1_45' title="bbox 2044 2273 3531 2348; baseline 0.001 -19"><span class='ocrx_word' id='word_1_272' title='bbox 2044 2275 2133 2330; x_wconf 82' lang='lat'><strong>21.</strong></span> <span class='ocrx_word' id='word_1_273' title='bbox 2166 2274 2233 2330; x_wconf 88' lang='lat' dir='ltr'><strong>Et</strong></span> <span class='ocrx_word' id='word_1_274' title='bbox 2256 2276 2399 2332; x_wconf 90' lang='lat' dir='ltr'><strong>dicet</strong></span> <span class='ocrx_word' id='word_1_275' title='bbox 2423 2277 2587 2332; x_wconf 86' lang='lat' dir='ltr'><strong>homo</strong></span> <span class='ocrx_word' id='word_1_276' title='bbox 2622 2296 2636 2333; x_wconf 89' lang='lat'><strong>:</strong></span> <span class='ocrx_word' id='word_1_277' title='bbox 2671 2276 2728 2331; x_wconf 88' lang='lat' dir='ltr'><strong>Si</strong></span> <span class='ocrx_word' id='word_1_278' title='bbox 2756 2278 2942 2347; x_wconf 89' lang='lat' dir='ltr'><strong>utique</strong></span> <span class='ocrx_word' id='word_1_279' title='bbox 2978 2287 3060 2332; x_wconf 91' lang='lat' dir='ltr'><strong>est</strong></span> <span class='ocrx_word' id='word_1_280' title='bbox 3090 2276 3301 2332; x_wconf 82' lang='lat' dir='ltr'><strong>fructus</strong></span> <span class='ocrx_word' id='word_1_281' title='bbox 3336 2273 3484 2348; x_wconf 81' lang='lat' dir='ltr'><strong>justo</strong></span> <span class='ocrx_word' id='word_1_282' title='bbox 3515 2289 3531 2330; x_wconf 89' lang='lat'><strong>:</strong></span> 
     </span>
    </p>
   </div>
   <div class='ocr_carea' id='block_1_46' title="bbox 2049 2456 3319 2530">
    <p class='ocr_par' dir='ltr' id='par_1_46' title="bbox 2049 2456 3319 2530">
     <span class='ocr_line' id='line_1_46' title="bbox 2049 2456 3319 2530; baseline 0.001 -19"><span class='ocrx_word' id='word_1_283' title='bbox 2049 2457 2137 2515; x_wconf 86' lang='lat'><strong>22.</strong></span> <span class='ocrx_word' id='word_1_284' title='bbox 2171 2456 2372 2530; x_wconf 86' lang='lat' dir='ltr'><strong>Utique</strong></span> <span class='ocrx_word' id='word_1_285' title='bbox 2395 2467 2478 2515; x_wconf 90' lang='lat' dir='ltr'><strong>est</strong></span> <span class='ocrx_word' id='word_1_286' title='bbox 2505 2458 2646 2515; x_wconf 88' lang='lat' dir='ltr'><strong>Deus</strong></span> <span class='ocrx_word' id='word_1_287' title='bbox 2667 2458 2920 2530; x_wconf 84' lang='lat' dir='ltr'><strong>judicans</strong></span> <span class='ocrx_word' id='word_1_288' title='bbox 2953 2472 3048 2514; x_wconf 89' lang='lat' dir='ltr'><strong>eos</strong></span> <span class='ocrx_word' id='word_1_289' title='bbox 3079 2457 3134 2514; x_wconf 88' lang='lat' dir='ltr'><strong>in</strong></span> <span class='ocrx_word' id='word_1_290' title='bbox 3157 2464 3319 2513; x_wconf 85' lang='lat' dir='ltr'><strong>terra.</strong></span> 
     </span>
    </p>
   </div>
   <div class='ocr_carea' id='block_1_47' title="bbox 1422 2944 2415 3006">
    <p class='ocr_par' dir='ltr' id='par_1_47' title="bbox 1422 2944 2415 3006">
     <span class='ocr_line' id='line_1_47' title="bbox 1422 2944 2415 3006; baseline 0.004 -5"><span class='ocrx_word' id='word_1_291' title='bbox 1422 2944 1798 3004; x_wconf 82' lang='lat' dir='ltr'><strong>ATHANASII</strong></span> <span class='ocrx_word' id='word_1_292' title='bbox 1831 2946 2415 3006; x_wconf 80' lang='lat' dir='ltr'><strong>INTERPRETATIO.</strong></span> 
     </span>
    </p>
   </div>
   <div class='ocr_carea' id='block_1_48' title="bbox 379 3146 1881 3232">
    <p class='ocr_par' dir='ltr' id='par_1_48' title="bbox 379 3146 1809 3225">
     <span class='ocr_line' id='line_1_48' title="bbox 379 3146 1809 3225; baseline 0.006 -24"><span class='ocrx_word' id='word_1_293' title='bbox 379 3148 431 3202; x_wconf 88' lang='lat'><strong>6.</strong></span> <span class='ocrx_word' id='word_1_294' title='bbox 460 3146 673 3220; x_wconf 84' lang='grc' dir='ltr'>Πλάνην</span> <span class='ocrx_word' id='word_1_295' title='bbox 701 3149 808 3222; x_wconf 85' lang='grc' dir='ltr'>γὰρ</span> <span class='ocrx_word' id='word_1_296' title='bbox 840 3150 916 3223; x_wconf 90' lang='grc'><strong>(1)</strong></span> <span class='ocrx_word' id='word_1_297' title='bbox 948 3150 1136 3206; x_wconf 75' lang='grc' dir='ltr'>ἔλαϐον</span> <span class='ocrx_word' id='word_1_298' title='bbox 1165 3151 1272 3207; x_wconf 87' lang='grc' dir='ltr'><strong>ἀπὸ</strong></span> <span class='ocrx_word' id='word_1_299' title='bbox 1300 3152 1392 3206; x_wconf 82' lang='grc' dir='ltr'>τοῦ</span> <span class='ocrx_word' id='word_1_300' title='bbox 1420 3152 1809 3225; x_wconf 78' lang='grc' dir='ltr'>βαπτίσματος.</span> 
     </span>
    </p>
   </div>
   <div class='ocr_carea' id='block_1_49' title="bbox 2023 3146 3358 3232">
    <p class='ocr_par' dir='ltr' id='par_1_49' title="bbox 2045 3149 3358 3225">
     <span class='ocr_line' id='line_1_49' title="bbox 2045 3149 3358 3225; baseline -0.002 -17"><span class='ocrx_word' id='word_1_301' title='bbox 2045 3154 2098 3209; x_wconf 89' lang='lat'><strong>6.</strong></span> <span class='ocrx_word' id='word_1_302' title='bbox 2130 3155 2176 3208; x_wconf 82' lang='grc' dir='ltr'><strong>Α</strong></span> <span class='ocrx_word' id='word_1_303' title='bbox 2200 3153 2469 3225; x_wconf 84' lang='lat' dir='ltr'><strong>baptismo</strong></span> <span class='ocrx_word' id='word_1_304' title='bbox 2498 3152 2644 3209; x_wconf 89' lang='lat' dir='ltr'><strong>enim</strong></span> <span class='ocrx_word' id='word_1_305' title='bbox 2675 3166 2917 3207; x_wconf 83' lang='lat' dir='ltr'><strong>errorem</strong></span> <span class='ocrx_word' id='word_1_306' title='bbox 2951 3149 3182 3223; x_wconf 83' lang='lat' dir='ltr'><strong>amplexi</strong></span> <span class='ocrx_word' id='word_1_307' title='bbox 3210 3160 3358 3208; x_wconf 83' lang='lat' dir='ltr'><strong>sunt.</strong></span> 
     </span>
    </p>
   </div>
   <div class='ocr_carea' id='block_1_50' title="bbox 379 3239 1958 3317">
    <p class='ocr_par' dir='ltr' id='par_1_50' title="bbox 379 3239 1958 3317">
     <span class='ocr_line' id='line_1_50' title="bbox 379 3239 1958 3317; baseline 0.006 -26"><span class='ocrx_word' id='word_1_308' title='bbox 379 3239 429 3294; x_wconf 89' lang='lat'><strong>7.</strong></span> <span class='ocrx_word' id='word_1_309' title='bbox 446 3240 509 3293; x_wconf 88' lang='grc' dir='ltr'><strong>Ἦ</strong></span> <span class='ocrx_word' id='word_1_310' title='bbox 524 3241 708 3314; x_wconf 82' lang='grc' dir='ltr'>διδαχὴ</span> <span class='ocrx_word' id='word_1_311' title='bbox 725 3243 903 3297; x_wconf 85' lang='grc' dir='ltr'>αὐτῶν</span> <span class='ocrx_word' id='word_1_312' title='bbox 920 3244 1384 3317; x_wconf 82' lang='grc' dir='ltr'>θανατηφόρος,ὼς</span> <span class='ocrx_word' id='word_1_313' title='bbox 1400 3248 1427 3299; x_wconf 84' lang='grc' dir='ltr'>ὁ</span> <span class='ocrx_word' id='word_1_314' title='bbox 1441 3246 1551 3310; x_wconf 89' lang='grc' dir='ltr'>υἱὸς</span> <span class='ocrx_word' id='word_1_315' title='bbox 1567 3246 1659 3299; x_wconf 80' lang='grc' dir='ltr'>τοῦ</span> <span class='ocrx_word' id='word_1_316' title='bbox 1675 3246 1869 3316; x_wconf 78' lang='grc' dir='ltr'>ὄφεως.</span> <span class='ocrx_word' id='word_1_317' title='bbox 1938 3290 1958 3312; x_wconf 88' lang='grc'><em>,</em></span> 
     </span>
    </p>
   </div>
   <div class='ocr_carea' id='block_1_51' title="bbox 378 3330 1804 3410">
    <p class='ocr_par' dir='ltr' id='par_1_51' title="bbox 378 3330 1804 3410">
     <span class='ocr_line' id='line_1_51' title="bbox 378 3330 1804 3410; baseline 0.006 -26"><span class='ocrx_word' id='word_1_318' title='bbox 378 3330 429 3384; x_wconf 85' lang='grc'><strong>8.</strong></span> <span class='ocrx_word' id='word_1_319' title='bbox 472 3332 603 3386; x_wconf 82' lang='grc' dir='ltr'>Ἀπὸ</span> <span class='ocrx_word' id='word_1_320' title='bbox 626 3334 725 3404; x_wconf 81' lang='grc' dir='ltr'>τῆς</span> <span class='ocrx_word' id='word_1_321' title='bbox 753 3334 1005 3405; x_wconf 84' lang='grc' dir='ltr'>ἀληθείας</span> <span class='ocrx_word' id='word_1_322' title='bbox 1026 3337 1123 3409; x_wconf 84' lang='grc' dir='ltr'><strong>τὴν</strong></span> <span class='ocrx_word' id='word_1_323' title='bbox 1152 3337 1317 3410; x_wconf 84' lang='grc' dir='ltr'>ἀκοὴν</span> <span class='ocrx_word' id='word_1_324' title='bbox 1350 3338 1804 3410; x_wconf 79' lang='grc' dir='ltr'>ἀποστρέφουσιν.</span> 
     </span>
    </p>
   </div>
   <div class='ocr_carea' id='block_1_52' title="bbox 379 3411 1874 3486">
    <p class='ocr_par' dir='ltr' id='par_1_52' title="bbox 379 3411 1874 3486">
     <span class='ocr_line' id='line_1_52' title="bbox 379 3411 1874 3486; baseline 0.005 -11"><span class='ocrx_word' id='word_1_325' title='bbox 379 3421 432 3475; x_wconf 88' lang='grc'><strong>9.</strong></span> <span class='ocrx_word' id='word_1_326' title='bbox 474 3421 660 3486; x_wconf 76' lang='grc' dir='ltr'>Οὕτως</span> <span class='ocrx_word' id='word_1_327' title='bbox 709 3423 827 3476; x_wconf 84' lang='grc' dir='ltr'>οὐδὲ</span> <span class='ocrx_word' id='word_1_328' title='bbox 871 3417 1017 3479; x_wconf 80' lang='grc' dir='ltr'>οὗτοι</span> <span class='ocrx_word' id='word_1_329' title='bbox 1063 3426 1317 3481; x_wconf 83' lang='grc' dir='ltr'>ἀκούουσι</span> <span class='ocrx_word' id='word_1_330' title='bbox 1364 3426 1473 3481; x_wconf 85' lang='grc' dir='ltr'><strong>τῶν</strong></span> <span class='ocrx_word' id='word_1_331' title='bbox 1518 3411 1874 3482; x_wconf 71' lang='grc' dir='ltr'>διδασκόντων</span> 
     </span>
    </p>
   </div>
   <div class='ocr_carea' id='block_1_53' title="bbox 307 3511 927 3587">
    <p class='ocr_par' dir='ltr' id='par_1_53' title="bbox 307 3511 927 3587">
     <span class='ocr_line' id='line_1_53' title="bbox 307 3511 927 3587; baseline 0.011 -22"><span class='ocrx_word' id='word_1_332' title='bbox 307 3511 502 3578; x_wconf 80' lang='grc' dir='ltr'>αὐτοὺς</span> <span class='ocrx_word' id='word_1_333' title='bbox 526 3514 624 3585; x_wconf 84' lang='grc' dir='ltr'>τὴν</span> <span class='ocrx_word' id='word_1_334' title='bbox 651 3515 927 3587; x_wconf 80' lang='grc' dir='ltr'>ἀλήθειαν.</span> 
     </span>
    </p>
   </div>
   <div class='ocr_carea' id='block_1_54' title="bbox 379 3603 1871 3683">
    <p class='ocr_par' dir='ltr' id='par_1_54' title="bbox 379 3603 1871 3683">
     <span class='ocr_line' id='line_1_54' title="bbox 379 3603 1871 3683; baseline 0.005 -26"><span class='ocrx_word' id='word_1_335' title='bbox 379 3603 470 3659; x_wconf 83' lang='grc'><strong>10.</strong></span> <span class='ocrx_word' id='word_1_336' title='bbox 506 3606 568 3659; x_wconf 80' lang='grc' dir='ltr'><strong>Οἱ</strong></span> <span class='ocrx_word' id='word_1_337' title='bbox 616 3605 920 3661; x_wconf 86' lang='grc' dir='ltr'>διδάσκαλοι</span> <span class='ocrx_word' id='word_1_338' title='bbox 964 3607 1143 3663; x_wconf 85' lang='grc' dir='ltr'>αὐτῶν</span> <span class='ocrx_word' id='word_1_339' title='bbox 1193 3612 1260 3682; x_wconf 83' lang='grc' dir='ltr'>τῇ</span> <span class='ocrx_word' id='word_1_340' title='bbox 1317 3609 1478 3681; x_wconf 80' lang='grc' dir='ltr'>σοφίᾳ</span> <span class='ocrx_word' id='word_1_341' title='bbox 1523 3610 1617 3664; x_wconf 80' lang='grc' dir='ltr'>τοῦ</span> <span class='ocrx_word' id='word_1_342' title='bbox 1665 3611 1871 3683; x_wconf 84' lang='grc' dir='ltr'>κόσμου</span> 
     </span>
    </p>
   </div>
   <div class='ocr_carea' id='block_1_55' title="bbox 306 3696 1064 3766">
    <p class='ocr_par' dir='ltr' id='par_1_55' title="bbox 306 3696 1064 3766">
     <span class='ocr_line' id='line_1_55' title="bbox 306 3696 1064 3766; baseline 0.015 -19"><span class='ocrx_word' id='word_1_343' title='bbox 306 3696 498 3750; x_wconf 86' lang='grc' dir='ltr'>τούτου</span> <span class='ocrx_word' id='word_1_344' title='bbox 537 3698 818 3753; x_wconf 85' lang='grc' dir='ltr'>ἀπατῶσιν</span> <span class='ocrx_word' id='word_1_345' title='bbox 848 3701 1064 3766; x_wconf 78' lang='grc' dir='ltr'>αὐτούς.</span> 
     </span>
    </p>
   </div>
   <div class='ocr_carea' id='block_1_56' title="bbox 380 3786 1219 3856">
    <p class='ocr_par' dir='ltr' id='par_1_56' title="bbox 380 3786 1219 3856">
     <span class='ocr_line' id='line_1_56' title="bbox 380 3786 1219 3856; baseline 0.008 -17"><span class='ocrx_word' id='word_1_346' title='bbox 380 3786 468 3839; x_wconf 90' lang='grc'><strong>11.</strong></span> <span class='ocrx_word' id='word_1_347' title='bbox 502 3787 611 3851; x_wconf 85' lang='grc' dir='ltr'><strong>Τὰς</strong></span> <span class='ocrx_word' id='word_1_348' title='bbox 636 3789 983 3856; x_wconf 85' lang='grc' dir='ltr'>διδασκαλίας</span> <span class='ocrx_word' id='word_1_349' title='bbox 1020 3791 1219 3846; x_wconf 80' lang='grc' dir='ltr'>αὐτῶν.</span> 
     </span>
    </p>
   </div>
   <div class='ocr_carea' id='block_1_57' title="bbox 376 3877 1225 3954">
    <p class='ocr_par' dir='ltr' id='par_1_57' title="bbox 376 3877 1225 3954">
     <span class='ocr_line' id='line_1_57' title="bbox 376 3877 1225 3954; baseline 0.009 -24"><span class='ocrx_word' id='word_1_350' title='bbox 376 3877 466 3931; x_wconf 83' lang='grc'><strong>12.</strong></span> <span class='ocrx_word' id='word_1_351' title='bbox 498 3879 635 3943; x_wconf 80' lang='grc' dir='ltr'>Τοὺς</span> <span class='ocrx_word' id='word_1_352' title='bbox 664 3882 994 3954; x_wconf 80' lang='grc' dir='ltr'>ἡγουμένους</span> <span class='ocrx_word' id='word_1_353' title='bbox 1024 3883 1225 3938; x_wconf 81' lang='grc' dir='ltr'>αὐτῶν.</span> 
     </span>
    </p>
   </div>
   <div class='ocr_carea' id='block_1_58' title="bbox 376 3971 1845 4049">
    <p class='ocr_par' dir='ltr' id='par_1_58' title="bbox 376 3971 1845 4049">
     <span class='ocr_line' id='line_1_58' title="bbox 376 3971 1845 4049; baseline 0.005 -25"><span class='ocrx_word' id='word_1_354' title='bbox 376 3971 467 4025; x_wconf 78' lang='grc'><strong>15.</strong></span> <span class='ocrx_word' id='word_1_355' title='bbox 513 3972 577 4025; x_wconf 86' lang='grc' dir='ltr'><strong><em>Ἦ</em></strong></span> <span class='ocrx_word' id='word_1_356' title='bbox 607 3975 793 4047; x_wconf 81' lang='grc' dir='ltr'>ἡμέρα</span> <span class='ocrx_word' id='word_1_357' title='bbox 819 3975 895 4047; x_wconf 88' lang='grc'><strong>(2)</strong></span> <span class='ocrx_word' id='word_1_358' title='bbox 923 3977 1021 4047; x_wconf 82' lang='grc' dir='ltr'><strong>τῆς</strong></span> <span class='ocrx_word' id='word_1_359' title='bbox 1048 3976 1280 4049; x_wconf 86' lang='grc' dir='ltr'>κρίσεως</span> <span class='ocrx_word' id='word_1_360' title='bbox 1308 3977 1602 4048; x_wconf 66' lang='grc' dir='ltr'>ἀπορρίψει</span> <span class='ocrx_word' id='word_1_361' title='bbox 1629 3978 1845 4041; x_wconf 81' lang='grc' dir='ltr'>αὐτούς.</span> 
     </span>
    </p>
   </div>
   <div class='ocr_carea' id='block_1_59' title="bbox 380 4060 1871 4137">
    <p class='ocr_par' dir='ltr' id='par_1_59' title="bbox 380 4060 1871 4137">
     <span class='ocr_line' id='line_1_59' title="bbox 380 4060 1871 4137; baseline 0.006 -25"><span class='ocrx_word' id='word_1_362' title='bbox 380 4060 467 4115; x_wconf 74' lang='grc'><strong>14.</strong></span> <span class='ocrx_word' id='word_1_363' title='bbox 510 4062 808 4133; x_wconf 88' lang='grc' dir='ltr'>Ἐνισχύσει</span> <span class='ocrx_word' id='word_1_364' title='bbox 852 4063 945 4119; x_wconf 89' lang='grc' dir='ltr'><strong>τὸν</strong></span> <span class='ocrx_word' id='word_1_365' title='bbox 980 4064 1137 4133; x_wconf 84' lang='grc' dir='ltr'>λόγον</span> <span class='ocrx_word' id='word_1_366' title='bbox 1170 4065 1264 4118; x_wconf 82' lang='grc' dir='ltr'>τοῦ</span> <span class='ocrx_word' id='word_1_367' title='bbox 1310 4066 1663 4137; x_wconf 82' lang='grc' dir='ltr'>κηρύγματος</span> <span class='ocrx_word' id='word_1_368' title='bbox 1705 4068 1871 4121; x_wconf 79' lang='grc' dir='ltr'>αὑτοῦ</span> 
     </span>
    </p>
   </div>
   <div class='ocr_carea' id='block_1_60' title="bbox 305 4150 889 4223">
    <p class='ocr_par' dir='ltr' id='par_1_60' title="bbox 305 4150 889 4223">
     <span class='ocr_line' id='line_1_60' title="bbox 305 4150 889 4223; baseline 0.007 -19"><span class='ocrx_word' id='word_1_369' title='bbox 305 4150 410 4216; x_wconf 69' lang='grc' dir='ltr'>ἕως</span> <span class='ocrx_word' id='word_1_370' title='bbox 438 4152 536 4223; x_wconf 79' lang='grc' dir='ltr'>τῆς</span> <span class='ocrx_word' id='word_1_371' title='bbox 564 4152 889 4219; x_wconf 79' lang='grc' dir='ltr'>συντελείας.</span> 
     </span>
    </p>
   </div>
   <div class='ocr_carea' id='block_1_61' title="bbox 376 4243 1871 4321">
    <p class='ocr_par' dir='ltr' id='par_1_61' title="bbox 376 4243 1871 4321">
     <span class='ocr_line' id='line_1_61' title="bbox 376 4243 1871 4321; baseline 0.007 -26"><span class='ocrx_word' id='word_1_372' title='bbox 376 4243 465 4298; x_wconf 82' lang='grc'><strong>15.</strong></span> <span class='ocrx_word' id='word_1_373' title='bbox 512 4243 598 4308; x_wconf 83' lang='grc' dir='ltr'>Ὠς</span> <span class='ocrx_word' id='word_1_374' title='bbox 624 4246 652 4298; x_wconf 86' lang='grc' dir='ltr'><strong>ό</strong></span> <span class='ocrx_word' id='word_1_375' title='bbox 695 4247 864 4318; x_wconf 84' lang='grc' dir='ltr'>κηρὸς</span> <span class='ocrx_word' id='word_1_376' title='bbox 892 4246 970 4319; x_wconf 80' lang='grc'><strong>(5)</strong></span> <span class='ocrx_word' id='word_1_377' title='bbox 1009 4249 1068 4301; x_wconf 82' lang='grc' dir='ltr'>ὲν</span> <span class='ocrx_word' id='word_1_378' title='bbox 1104 4247 1183 4320; x_wconf 80' lang='grc' dir='ltr'>τῷ</span> <span class='ocrx_word' id='word_1_379' title='bbox 1216 4250 1347 4321; x_wconf 74' lang='grc' dir='ltr'>πυρὶ</span> <span class='ocrx_word' id='word_1_380' title='bbox 1375 4250 1739 4318; x_wconf 85' lang='grc' dir='ltr'>ἀναλίσκεται,</span> <span class='ocrx_word' id='word_1_381' title='bbox 1778 4250 1871 4304; x_wconf 79' lang='grc' dir='ltr'><strong>οὖ-</strong></span> 
     </span>
    </p>
   </div>
   <div class='ocr_carea' id='block_1_62' title="bbox 306 4334 1158 4407">
    <p class='ocr_par' dir='ltr' id='par_1_62' title="bbox 306 4334 1158 4407">
     <span class='ocr_line' id='line_1_62' title="bbox 306 4334 1158 4407; baseline 0.008 -21"><span class='ocrx_word' id='word_1_382' title='bbox 306 4351 415 4396; x_wconf 81' lang='grc' dir='ltr'><strong>τως</strong></span> <span class='ocrx_word' id='word_1_383' title='bbox 439 4334 590 4388; x_wconf 85' lang='grc' dir='ltr'>ἕσται</span> <span class='ocrx_word' id='word_1_384' title='bbox 618 4338 651 4407; x_wconf 85' lang='grc' dir='ltr'>ἡ</span> <span class='ocrx_word' id='word_1_385' title='bbox 684 4336 926 4392; x_wconf 84' lang='grc' dir='ltr'>ἀπώλεια</span> <span class='ocrx_word' id='word_1_386' title='bbox 954 4338 1158 4393; x_wconf 80' lang='grc' dir='ltr'>αὐτῶν·</span> 
     </span>
    </p>
   </div>
   <div class='ocr_carea' id='block_1_63' title="bbox 376 4425 1874 4501">
    <p class='ocr_par' dir='ltr' id='par_1_63' title="bbox 376 4425 1874 4501">
     <span class='ocr_line' id='line_1_63' title="bbox 376 4425 1874 4501; baseline 0.007 -24"><span class='ocrx_word' id='word_1_387' title='bbox 376 4425 463 4478; x_wconf 87' lang='grc'><strong>16.</strong></span> <span class='ocrx_word' id='word_1_388' title='bbox 516 4428 949 4498; x_wconf 80' lang='grc' dir='ltr'>Κατεκυρίευσεν</span> <span class='ocrx_word' id='word_1_389' title='bbox 997 4430 1173 4485; x_wconf 83' lang='grc' dir='ltr'>αὐτῶν</span> <span class='ocrx_word' id='word_1_390' title='bbox 1225 4435 1253 4485; x_wconf 83' lang='grc' dir='ltr'>ὁ</span> <span class='ocrx_word' id='word_1_391' title='bbox 1295 4433 1568 4501; x_wconf 77' lang='grc' dir='ltr'>Σατανᾶς,</span> <span class='ocrx_word' id='word_1_392' title='bbox 1628 4433 1721 4487; x_wconf 75' lang='grc' dir='ltr'><strong>καὶ</strong></span> <span class='ocrx_word' id='word_1_393' title='bbox 1775 4434 1874 4487; x_wconf 83' lang='grc' dir='ltr'><strong>οὐκ</strong></span> 
     </span>
    </p>
   </div>
   <div class='ocr_carea' id='block_1_64' title="bbox 306 4515 912 4592">
    <p class='ocr_par' dir='ltr' id='par_1_64' title="bbox 306 4515 912 4592">
     <span class='ocr_line' id='line_1_64' title="bbox 306 4515 912 4592; baseline 0.015 -24"><span class='ocrx_word' id='word_1_394' title='bbox 306 4515 546 4585; x_wconf 70' lang='grc' dir='ltr'>ἔγνωσαν</span> <span class='ocrx_word' id='word_1_395' title='bbox 573 4518 663 4571; x_wconf 88' lang='grc' dir='ltr'><strong>τὸν</strong></span> <span class='ocrx_word' id='word_1_396' title='bbox 687 4520 912 4592; x_wconf 78' lang='grc' dir='ltr'>Κύριον.</span> 
     </span>
    </p>
   </div>
   <div class='ocr_carea' id='block_1_65' title="bbox 378 4608 1865 4685">
    <p class='ocr_par' dir='ltr' id='par_1_65' title="bbox 378 4608 1865 4685">
     <span class='ocr_line' id='line_1_65' title="bbox 378 4608 1865 4685; baseline 0.003 -25"><span class='ocrx_word' id='word_1_397' title='bbox 378 4608 464 4672; x_wconf 88' lang='grc'><strong>17,</strong></span> <span class='ocrx_word' id='word_1_398' title='bbox 498 4608 583 4663; x_wconf 89' lang='lat'><strong>18.</strong></span> <span class='ocrx_word' id='word_1_399' title='bbox 615 4610 729 4682; x_wconf 93' lang='grc' dir='ltr'>Πρὸ</span> <span class='ocrx_word' id='word_1_400' title='bbox 757 4612 848 4664; x_wconf 82' lang='grc' dir='ltr'><strong>τοῦ</strong></span> <span class='ocrx_word' id='word_1_401' title='bbox 872 4612 970 4676; x_wconf 80' lang='grc' dir='ltr'>τὰς</span> <span class='ocrx_word' id='word_1_402' title='bbox 1001 4613 1227 4684; x_wconf 87' lang='grc' dir='ltr'>ἀνομίας</span> <span class='ocrx_word' id='word_1_403' title='bbox 1249 4612 1399 4684; x_wconf 82' lang='grc' dir='ltr'>ὑμῶν</span> <span class='ocrx_word' id='word_1_404' title='bbox 1420 4612 1865 4685; x_wconf 79' lang='grc' dir='ltr'>κεκολλῆσθαιτῷ</span> 
     </span>
    </p>
   </div>
   <div class='ocr_carea' id='block_1_66' title="bbox 305 4699 1867 4779">
    <p class='ocr_par' dir='ltr' id='par_1_66' title="bbox 305 4699 1867 4779">
     <span class='ocr_line' id='line_1_66' title="bbox 305 4699 1867 4779; baseline 0.003 -26"><span class='ocrx_word' id='word_1_405' title='bbox 305 4699 551 4771; x_wconf 75' lang='grc' dir='ltr'>α.αὸόλῳ.</span> <span class='ocrx_word' id='word_1_406' title='bbox 581 4702 656 4766; x_wconf 86' lang='grc' dir='ltr'>ὡς</span> <span class='ocrx_word' id='word_1_407' title='bbox 680 4703 757 4757; x_wconf 74' lang='grc' dir='ltr'>ἔτι</span> <span class='ocrx_word' id='word_1_408' title='bbox 780 4704 903 4757; x_wconf 77' lang='grc' dir='ltr'>ἐστὲ</span> <span class='ocrx_word' id='word_1_409' title='bbox 929 4705 1146 4771; x_wconf 77' lang='grc' dir='ltr'>ζῶντες,</span> <span class='ocrx_word' id='word_1_410' title='bbox 1177 4709 1235 4761; x_wconf 84' lang='grc' dir='ltr'><strong>ἐν</strong></span> <span class='ocrx_word' id='word_1_411' title='bbox 1258 4710 1321 4778; x_wconf 81' lang='grc' dir='ltr'><strong>τῇ</strong></span> <span class='ocrx_word' id='word_1_412' title='bbox 1354 4708 1490 4779; x_wconf 84' lang='grc' dir='ltr'>ὀργῇ</span> <span class='ocrx_word' id='word_1_413' title='bbox 1529 4705 1693 4760; x_wconf 80' lang='grc' dir='ltr'>αὑτοῦ</span> <span class='ocrx_word' id='word_1_414' title='bbox 1735 4720 1867 4759; x_wconf 78' lang='grc' dir='ltr'>κατο</span> 
     </span>
    </p>
   </div>
   <div class='ocr_carea' id='block_1_67' title="bbox 305 4793 1723 4871">
    <p class='ocr_par' dir='ltr' id='par_1_67' title="bbox 305 4793 1723 4871">
     <span class='ocr_line' id='line_1_67' title="bbox 305 4793 1723 4871; baseline 0.004 -26"><span class='ocrx_word' id='word_1_415' title='bbox 305 4793 455 4848; x_wconf 86' lang='grc' dir='ltr'>ἐπιεν</span> <span class='ocrx_word' id='word_1_416' title='bbox 488 4794 631 4863; x_wconf 81' lang='grc' dir='ltr'>ὑμᾶς</span> <span class='ocrx_word' id='word_1_417' title='bbox 654 4794 745 4847; x_wconf 86' lang='grc' dir='ltr'>διὰ</span> <span class='ocrx_word' id='word_1_418' title='bbox 774 4796 871 4865; x_wconf 87' lang='grc' dir='ltr'>τὴν</span> <span class='ocrx_word' id='word_1_419' title='bbox 904 4795 1109 4867; x_wconf 86' lang='grc' dir='ltr'>πλάνην</span> <span class='ocrx_word' id='word_1_420' title='bbox 1137 4797 1235 4868; x_wconf 82' lang='grc' dir='ltr'>τῆς</span> <span class='ocrx_word' id='word_1_421' title='bbox 1268 4799 1527 4871; x_wconf 76' lang='grc' dir='ltr'>αἱρέσεως</span> <span class='ocrx_word' id='word_1_422' title='bbox 1550 4798 1723 4869; x_wconf 83' lang='grc' dir='ltr'>ὑμῶν.</span> 
     </span>
    </p>
   </div>
   <div class='ocr_carea' id='block_1_68' title="bbox 375 4882 1486 4957">
    <p class='ocr_par' dir='ltr' id='par_1_68' title="bbox 375 4882 1486 4957">
     <span class='ocr_line' id='line_1_68' title="bbox 375 4882 1486 4957; baseline 0.006 -22"><span class='ocrx_word' id='word_1_423' title='bbox 375 4882 462 4936; x_wconf 90' lang='grc'><strong>19.</strong></span> <span class='ocrx_word' id='word_1_424' title='bbox 508 4884 594 4937; x_wconf 86' lang='grc' dir='ltr'>Ἐν</span> <span class='ocrx_word' id='word_1_425' title='bbox 621 4884 700 4956; x_wconf 82' lang='grc' dir='ltr'><strong>τῷ</strong></span> <span class='ocrx_word' id='word_1_426' title='bbox 730 4886 907 4957; x_wconf 86' lang='grc' dir='ltr'>καιρῷ</span> <span class='ocrx_word' id='word_1_427' title='bbox 936 4887 1034 4957; x_wconf 84' lang='grc' dir='ltr'>τῆς</span> <span class='ocrx_word' id='word_1_428' title='bbox 1058 4889 1486 4952; x_wconf 86' lang='grc' dir='ltr'>ἀνταποδόσεως.</span> 
     </span>
    </p>
   </div>
   <div class='ocr_carea' id='block_1_69' title="bbox 368 4974 1779 5051">
    <p class='ocr_par' dir='ltr' id='par_1_69' title="bbox 368 4974 1779 5051">
     <span class='ocr_line' id='line_1_69' title="bbox 368 4974 1779 5051; baseline 0.002 -23"><span class='ocrx_word' id='word_1_429' title='bbox 368 4974 463 5029; x_wconf 88' lang='grc'><strong>20.</strong></span> <span class='ocrx_word' id='word_1_430' title='bbox 507 4975 704 5029; x_wconf 83' lang='grc' dir='ltr'>Ἀθῶον</span> <span class='ocrx_word' id='word_1_431' title='bbox 727 4978 917 5032; x_wconf 81' lang='grc' dir='ltr'>ἑαυτὸν</span> <span class='ocrx_word' id='word_1_432' title='bbox 940 4977 1101 5044; x_wconf 79' lang='grc' dir='ltr'>δείξει</span> <span class='ocrx_word' id='word_1_433' title='bbox 1130 4979 1203 5051; x_wconf 76' lang='grc'><strong>(4)</strong></span> <span class='ocrx_word' id='word_1_434' title='bbox 1226 4981 1334 5034; x_wconf 87' lang='grc' dir='ltr'><strong>ἀπὸ</strong></span> <span class='ocrx_word' id='word_1_435' title='bbox 1363 4980 1460 5051; x_wconf 83' lang='grc' dir='ltr'><strong>τῆς</strong></span> <span class='ocrx_word' id='word_1_436' title='bbox 1488 4977 1779 5050; x_wconf 83' lang='grc' dir='ltr'>ἁμαρτίας.</span> 
     </span>
    </p>
   </div>
   <div class='ocr_carea' id='block_1_70' title="bbox 370 5066 1862 5143">
    <p class='ocr_par' dir='ltr' id='par_1_70' title="bbox 370 5066 1862 5143">
     <span class='ocr_line' id='line_1_70' title="bbox 370 5066 1862 5143; baseline 0.003 -24"><span class='ocrx_word' id='word_1_437' title='bbox 370 5067 463 5122; x_wconf 89' lang='grc'><strong>21.</strong></span> <span class='ocrx_word' id='word_1_438' title='bbox 493 5068 603 5121; x_wconf 72' lang='grc' dir='ltr'>Καὶ</span> <span class='ocrx_word' id='word_1_439' title='bbox 630 5070 746 5140; x_wconf 82' lang='grc' dir='ltr'>ἐρεῖ</span> <span class='ocrx_word' id='word_1_440' title='bbox 771 5069 998 5135; x_wconf 73' lang='grc' dir='ltr'>ἕκαστος</span> <span class='ocrx_word' id='word_1_441' title='bbox 1018 5087 1033 5101; x_wconf 88' lang='grc'><strong>·</strong></span> <span class='ocrx_word' id='word_1_442' title='bbox 1071 5072 1275 5135; x_wconf 87' lang='grc' dir='ltr'>Ὄντως</span> <span class='ocrx_word' id='word_1_443' title='bbox 1290 5070 1437 5125; x_wconf 74' lang='grc' dir='ltr'>ἐστὶν</span> <span class='ocrx_word' id='word_1_444' title='bbox 1467 5066 1862 5143; x_wconf 86' lang='grc' dir='ltr'>μισθαποδοσία</span> 
     </span>
    </p>
   </div>
   <div class='ocr_carea' id='block_1_71' title="bbox 305 5158 621 5230">
    <p class='ocr_par' dir='ltr' id='par_1_71' title="bbox 305 5158 621 5230">
     <span class='ocr_line' id='line_1_71' title="bbox 305 5158 621 5230; baseline 0 -17"><span class='ocrx_word' id='word_1_445' title='bbox 305 5158 382 5230; x_wconf 78' lang='grc' dir='ltr'>τῷ</span> <span class='ocrx_word' id='word_1_446' title='bbox 406 5158 621 5230; x_wconf 83' lang='grc' dir='ltr'>δικαίῳ.</span> 
     </span>
    </p>
   </div>
   <div class='ocr_carea' id='block_1_72' title="bbox 369 5250 1789 5324">
    <p class='ocr_par' dir='ltr' id='par_1_72' title="bbox 369 5250 1789 5324">
     <span class='ocr_line' id='line_1_72' title="bbox 369 5250 1789 5324; baseline 0.001 -20"><span class='ocrx_word' id='word_1_447' title='bbox 369 5250 460 5304; x_wconf 82' lang='grc'><strong>22.</strong></span> <span class='ocrx_word' id='word_1_448' title='bbox 490 5252 700 5315; x_wconf 82' lang='grc' dir='ltr'>Ὄντως</span> <span class='ocrx_word' id='word_1_449' title='bbox 731 5252 877 5307; x_wconf 75' lang='grc' dir='ltr'>ἐστὶν</span> <span class='ocrx_word' id='word_1_450' title='bbox 902 5254 932 5305; x_wconf 86' lang='grc' dir='ltr'>ὁ</span> <span class='ocrx_word' id='word_1_451' title='bbox 968 5254 1133 5308; x_wconf 84' lang='grc' dir='ltr'>ποιῶν</span> <span class='ocrx_word' id='word_1_452' title='bbox 1164 5251 1343 5309; x_wconf 83' lang='grc' dir='ltr'>αὐτῶν</span> <span class='ocrx_word' id='word_1_453' title='bbox 1365 5252 1463 5324; x_wconf 81' lang='grc' dir='ltr'><strong>τὴν</strong></span> <span class='ocrx_word' id='word_1_454' title='bbox 1489 5252 1789 5323; x_wconf 81' lang='grc' dir='ltr'>ἐκδίκησιν.</span> 
     </span>
    </p>
   </div>
   <div class='ocr_carea' id='block_1_73' title="bbox 2046 3241 3534 3314">
    <p class='ocr_par' dir='ltr' id='par_1_73' title="bbox 2046 3241 3534 3314">
     <span class='ocr_line' id='line_1_73' title="bbox 2046 3241 3534 3314; baseline 0.001 -16"><span class='ocrx_word' id='word_1_455' title='bbox 2046 3245 2099 3300; x_wconf 88' lang='lat'><strong>7.</strong></span> <span class='ocrx_word' id='word_1_456' title='bbox 2132 3244 2387 3301; x_wconf 78' lang='lat' dir='ltr'><strong>Doctrina</strong></span> <span class='ocrx_word' id='word_1_457' title='bbox 2410 3258 2596 3299; x_wconf 89' lang='lat' dir='ltr'><strong>eorum</strong></span> <span class='ocrx_word' id='word_1_458' title='bbox 2641 3241 2943 3309; x_wconf 81' lang='lat' dir='ltr'><strong>mortifera,</strong></span> <span class='ocrx_word' id='word_1_459' title='bbox 2980 3252 3042 3298; x_wconf 90' lang='lat' dir='ltr'><strong>ut</strong></span> <span class='ocrx_word' id='word_1_460' title='bbox 3068 3243 3211 3299; x_wconf 87' lang='lat' dir='ltr'><strong>ﬁlius</strong></span> <span class='ocrx_word' id='word_1_461' title='bbox 3239 3244 3534 3314; x_wconf 83' lang='lat' dir='ltr'><strong>serpentis.</strong></span> 
     </span>
    </p>
   </div>
   <div class='ocr_carea' id='block_1_74' title="bbox 2044 3336 2973 3393">
    <p class='ocr_par' dir='ltr' id='par_1_74' title="bbox 2044 3336 2973 3393">
     <span class='ocr_line' id='line_1_74' title="bbox 2044 3336 2973 3393; baseline -0.003 -1"><span class='ocrx_word' id='word_1_462' title='bbox 2044 3336 2099 3392; x_wconf 86' lang='lat'><strong>8.</strong></span> <span class='ocrx_word' id='word_1_463' title='bbox 2125 3337 2388 3393; x_wconf 86' lang='lat' dir='ltr'><strong>Avertunt</strong></span> <span class='ocrx_word' id='word_1_464' title='bbox 2409 3336 2650 3391; x_wconf 90' lang='lat' dir='ltr'><strong>auditum</strong></span> <span class='ocrx_word' id='word_1_465' title='bbox 2673 3350 2705 3390; x_wconf 89' lang='lat' dir='ltr'><strong>a</strong></span> <span class='ocrx_word' id='word_1_466' title='bbox 2728 3336 2973 3390; x_wconf 82' lang='lat' dir='ltr'><strong>veritate.</strong></span> 
     </span>
    </p>
   </div>
   <div class='ocr_carea' id='block_1_75' title="bbox 2044 3422 3536 3496">
    <p class='ocr_par' dir='ltr' id='par_1_75' title="bbox 2044 3422 3536 3496">
     <span class='ocr_line' id='line_1_75' title="bbox 2044 3422 3536 3496; baseline 0.003 -17"><span class='ocrx_word' id='word_1_467' title='bbox 2044 3423 2099 3479; x_wconf 92' lang='lat'><strong>9.</strong></span> <span class='ocrx_word' id='word_1_468' title='bbox 2141 3422 2219 3479; x_wconf 90' lang='lat' dir='ltr'><strong>Ita</strong></span> <span class='ocrx_word' id='word_1_469' title='bbox 2264 3438 2439 3496; x_wconf 89' lang='lat' dir='ltr'><strong>neque</strong></span> <span class='ocrx_word' id='word_1_470' title='bbox 2485 3424 2575 3479; x_wconf 86' lang='lat' dir='ltr'><strong>isti</strong></span> <span class='ocrx_word' id='word_1_471' title='bbox 2622 3423 2851 3480; x_wconf 89' lang='lat' dir='ltr'><strong>audiunt</strong></span> <span class='ocrx_word' id='word_1_472' title='bbox 2898 3423 3154 3480; x_wconf 86' lang='lat' dir='ltr'><strong>docentes</strong></span> <span class='ocrx_word' id='word_1_473' title='bbox 3198 3439 3295 3481; x_wconf 86' lang='lat' dir='ltr'><strong>eos</strong></span> <span class='ocrx_word' id='word_1_474' title='bbox 3340 3425 3536 3483; x_wconf 84' lang='lat' dir='ltr'><strong>verita-</strong></span> 
     </span>
    </p>
   </div>
   <div class='ocr_carea' id='block_1_76' title="bbox 1975 3525 2885 3573">
    <p class='ocr_par' dir='ltr' id='par_1_76' title="bbox 1975 3525 2885 3573">
     <span class='ocr_line' id='line_1_76' title="bbox 1975 3525 2885 3573; baseline -0.009 -2"><span class='ocrx_word' id='word_1_475' title='bbox 1975 3525 2105 3571; x_wconf 90' lang='lat' dir='ltr'><strong>tem.</strong></span> <span class='ocrx_word' id='word_1_476' title='bbox 2855 3562 2885 3573; x_wconf 43' lang='grc' dir='ltr'>δ</span> 
     </span>
    </p>
   </div>
   <div class='ocr_carea' id='block_1_77' title="bbox 2044 3604 3531 3677">
    <p class='ocr_par' dir='ltr' id='par_1_77' title="bbox 2044 3604 3531 3677">
     <span class='ocr_line' id='line_1_77' title="bbox 2044 3604 3531 3677; baseline 0.001 -18"><span class='ocrx_word' id='word_1_477' title='bbox 2044 3605 2133 3660; x_wconf 88' lang='grc'><strong>10.</strong></span> <span class='ocrx_word' id='word_1_478' title='bbox 2163 3604 2401 3677; x_wconf 79' lang='lat' dir='ltr'><strong>Magistri</strong></span> <span class='ocrx_word' id='word_1_479' title='bbox 2428 3620 2619 3661; x_wconf 89' lang='lat' dir='ltr'><strong>eorum</strong></span> <span class='ocrx_word' id='word_1_480' title='bbox 2648 3604 2910 3677; x_wconf 85' lang='lat' dir='ltr'><strong>sapientia</strong></span> <span class='ocrx_word' id='word_1_481' title='bbox 2961 3605 3121 3676; x_wconf 90' lang='lat' dir='ltr'><strong>hujus</strong></span> <span class='ocrx_word' id='word_1_482' title='bbox 3153 3605 3342 3661; x_wconf 87' lang='lat' dir='ltr'><strong>mundi</strong></span> <span class='ocrx_word' id='word_1_483' title='bbox 3385 3606 3531 3661; x_wconf 86' lang='lat' dir='ltr'><strong>deci-</strong></span> 
     </span>
    </p>
   </div>
   <div class='ocr_carea' id='block_1_78' title="bbox 1973 3697 2272 3768">
    <p class='ocr_par' dir='ltr' id='par_1_78' title="bbox 1973 3697 2272 3768">
     <span class='ocr_line' id='line_1_78' title="bbox 1973 3697 2272 3768; baseline -0.007 -16"><span class='ocrx_word' id='word_1_484' title='bbox 1973 3697 2130 3768; x_wconf 89' lang='lat' dir='ltr'><strong>piunt</strong></span> <span class='ocrx_word' id='word_1_485' title='bbox 2157 3712 2272 3754; x_wconf 90' lang='lat' dir='ltr'><strong>eos.</strong></span> 
     </span>
    </p>
   </div>
   <div class='ocr_carea' id='block_1_79' title="bbox 2048 3787 2730 3859">
    <p class='ocr_par' dir='ltr' id='par_1_79' title="bbox 2048 3787 2730 3859">
     <span class='ocr_line' id='line_1_79' title="bbox 2048 3787 2730 3859; baseline -0.003 -16"><span class='ocrx_word' id='word_1_486' title='bbox 2048 3789 2132 3843; x_wconf 90' lang='lat'><strong>11.</strong></span> <span class='ocrx_word' id='word_1_487' title='bbox 2166 3788 2408 3859; x_wconf 90' lang='lat' dir='ltr'><strong>Ipsorum</strong></span> <span class='ocrx_word' id='word_1_488' title='bbox 2436 3787 2730 3844; x_wconf 81' lang='lat' dir='ltr'><strong>doctrinas.</strong></span> 
     </span>
    </p>
   </div>
   <div class='ocr_carea' id='block_1_80' title="bbox 2047 3878 2579 3936">
    <p class='ocr_par' dir='ltr' id='par_1_80' title="bbox 2047 3878 2579 3936">
     <span class='ocr_line' id='line_1_80' title="bbox 2047 3878 2579 3936; baseline -0.004 -2"><span class='ocrx_word' id='word_1_489' title='bbox 2047 3879 2135 3936; x_wconf 86' lang='lat'><strong>12.</strong></span> <span class='ocrx_word' id='word_1_490' title='bbox 2164 3878 2339 3933; x_wconf 87' lang='lat' dir='ltr'><strong>Duces</strong></span> <span class='ocrx_word' id='word_1_491' title='bbox 2368 3894 2579 3934; x_wconf 88' lang='lat' dir='ltr'><strong>eorum.</strong></span> 
     </span>
    </p>
   </div>
   <div class='ocr_carea' id='block_1_81' title="bbox 2043 3968 2920 4040">
    <p class='ocr_par' dir='ltr' id='par_1_81' title="bbox 2043 3968 2920 4040">
     <span class='ocr_line' id='line_1_81' title="bbox 2043 3968 2920 4040; baseline -0.002 -17"><span class='ocrx_word' id='word_1_492' title='bbox 2043 3972 2131 4025; x_wconf 83' lang='grc'><strong>15.</strong></span> <span class='ocrx_word' id='word_1_493' title='bbox 2164 3969 2288 4025; x_wconf 90' lang='lat' dir='ltr'><strong>Dies</strong></span> <span class='ocrx_word' id='word_1_494' title='bbox 2311 3968 2502 4037; x_wconf 85' lang='lat' dir='ltr'><strong>judieii</strong></span> <span class='ocrx_word' id='word_1_495' title='bbox 2534 3968 2784 4040; x_wconf 81' lang='lat' dir='ltr'><strong>projieiet</strong></span> <span class='ocrx_word' id='word_1_496' title='bbox 2806 3981 2920 4022; x_wconf 90' lang='lat' dir='ltr'><strong>eos.</strong></span> 
     </span>
    </p>
   </div>
   <div class='ocr_carea' id='block_1_82' title="bbox 2042 4058 3529 4130">
    <p class='ocr_par' dir='ltr' id='par_1_82' title="bbox 2042 4058 3529 4130">
     <span class='ocr_line' id='line_1_82' title="bbox 2042 4058 3529 4130; baseline -0.002 -12"><span class='ocrx_word' id='word_1_497' title='bbox 2042 4063 2130 4118; x_wconf 73' lang='lat'><strong>14.</strong></span> <span class='ocrx_word' id='word_1_498' title='bbox 2176 4062 2562 4118; x_wconf 87' lang='lat' dir='ltr'><strong>Corroborabit</strong></span> <span class='ocrx_word' id='word_1_499' title='bbox 2607 4074 2913 4117; x_wconf 88' lang='lat' dir='ltr'><strong>sermonem</strong></span> <span class='ocrx_word' id='word_1_500' title='bbox 2965 4058 3365 4130; x_wconf 58' lang='lat' dir='ltr'><strong>praedicationis</strong></span> <span class='ocrx_word' id='word_1_501' title='bbox 3418 4076 3529 4115; x_wconf 77' lang='lat' dir='ltr'><strong>sua:</strong></span> 
     </span>
    </p>
   </div>
   <div class='ocr_carea' id='block_1_83' title="bbox 1974 4155 2815 4226">
    <p class='ocr_par' dir='ltr' id='par_1_83' title="bbox 1974 4155 2815 4226">
     <span class='ocr_line' id='line_1_83' title="bbox 1974 4155 2815 4226; baseline -0.001 -15"><span class='ocrx_word' id='word_1_502' title='bbox 1974 4171 2147 4226; x_wconf 90' lang='lat' dir='ltr'><strong>usque</strong></span> <span class='ocrx_word' id='word_1_503' title='bbox 2173 4156 2240 4211; x_wconf 89' lang='lat' dir='ltr'><strong>ad</strong></span> <span class='ocrx_word' id='word_1_504' title='bbox 2270 4155 2815 4210; x_wconf 89' lang='lat' dir='ltr'><strong>consummationem.</strong></span> 
     </span>
    </p>
   </div>
   <div class='ocr_carea' id='block_1_84' title="bbox 2045 4242 3527 4315">
    <p class='ocr_par' dir='ltr' id='par_1_84' title="bbox 2045 4242 3527 4315">
     <span class='ocr_line' id='line_1_84' title="bbox 2045 4242 3527 4315; baseline -0.003 -14"><span class='ocrx_word' id='word_1_505' title='bbox 2045 4247 2133 4301; x_wconf 82' lang='lat'><strong>15.</strong></span> <span class='ocrx_word' id='word_1_506' title='bbox 2182 4246 2251 4300; x_wconf 88' lang='lat' dir='ltr'><strong>Ut</strong></span> <span class='ocrx_word' id='word_1_507' title='bbox 2282 4260 2404 4302; x_wconf 87' lang='lat' dir='ltr'><strong>cera</strong></span> <span class='ocrx_word' id='word_1_508' title='bbox 2450 4245 2573 4315; x_wconf 78' lang='lat' dir='ltr'><strong>igne</strong></span> <span class='ocrx_word' id='word_1_509' title='bbox 2617 4243 2977 4313; x_wconf 85' lang='lat' dir='ltr'><strong>consumitur,</strong></span> <span class='ocrx_word' id='word_1_510' title='bbox 3006 4243 3105 4312; x_wconf 59' lang='lat' dir='ltr'><strong>fsic</strong></span> <span class='ocrx_word' id='word_1_511' title='bbox 3152 4242 3254 4298; x_wconf 89' lang='lat' dir='ltr'><strong>erit</strong></span> <span class='ocrx_word' id='word_1_512' title='bbox 3298 4243 3527 4314; x_wconf 87' lang='lat' dir='ltr'><strong>perditio</strong></span> 
     </span>
    </p>
   </div>
   <div class='ocr_carea' id='block_1_85' title="bbox 1973 4354 2184 4395">
    <p class='ocr_par' dir='ltr' id='par_1_85' title="bbox 1973 4354 2184 4395">
     <span class='ocr_line' id='line_1_85' title="bbox 1973 4354 2184 4395; baseline 0 0"><span class='ocrx_word' id='word_1_513' title='bbox 1973 4354 2160 4395; x_wconf 87' lang='lat' dir='ltr'><strong>eorum</strong></span> <span class='ocrx_word' id='word_1_514' title='bbox 2170 4381 2184 4395; x_wconf 84' lang='lat'><strong>.</strong></span> 
     </span>
    </p>
   </div>
   <div class='ocr_carea' id='block_1_86' title="bbox 2045 4427 3529 4500">
    <p class='ocr_par' dir='ltr' id='par_1_86' title="bbox 2045 4427 3529 4500">
     <span class='ocr_line' id='line_1_86' title="bbox 2045 4427 3529 4500; baseline -0.001 -15"><span class='ocrx_word' id='word_1_515' title='bbox 2045 4430 2133 4486; x_wconf 89' lang='lat'><strong>16.</strong></span> <span class='ocrx_word' id='word_1_516' title='bbox 2164 4430 2484 4486; x_wconf 90' lang='lat' dir='ltr'><strong>Dominatus</strong></span> <span class='ocrx_word' id='word_1_517' title='bbox 2520 4437 2604 4485; x_wconf 92' lang='lat' dir='ltr'><strong>est</strong></span> <span class='ocrx_word' id='word_1_518' title='bbox 2638 4431 2718 4485; x_wconf 91' lang='lat' dir='ltr'><strong>eis</strong></span> <span class='ocrx_word' id='word_1_519' title='bbox 2765 4427 3017 4496; x_wconf 86' lang='lat' dir='ltr'><strong>Satanas,</strong></span> <span class='ocrx_word' id='word_1_520' title='bbox 3050 4437 3104 4483; x_wconf 92' lang='lat' dir='ltr'><strong>et</strong></span> <span class='ocrx_word' id='word_1_521' title='bbox 3129 4444 3233 4484; x_wconf 90' lang='lat' dir='ltr'><strong>non</strong></span> <span class='ocrx_word' id='word_1_522' title='bbox 3263 4444 3529 4500; x_wconf 83' lang='lat' dir='ltr'><strong>cognove-</strong></span> 
     </span>
    </p>
   </div>
   <div class='ocr_carea' id='block_1_87' title="bbox 1970 4525 2443 4580">
    <p class='ocr_par' dir='ltr' id='par_1_87' title="bbox 1970 4525 2443 4580">
     <span class='ocr_line' id='line_1_87' title="bbox 1970 4525 2443 4580; baseline -0.006 0"><span class='ocrx_word' id='word_1_523' title='bbox 1970 4534 2102 4580; x_wconf 86' lang='lat' dir='ltr'><strong>runt</strong></span> <span class='ocrx_word' id='word_1_524' title='bbox 2134 4525 2443 4579; x_wconf 92' lang='lat' dir='ltr'><strong>Dominum.</strong></span> 
     </span>
    </p>
   </div>
   <div class='ocr_carea' id='block_1_88' title="bbox 2041 4612 3530 4685">
    <p class='ocr_par' dir='ltr' id='par_1_88' title="bbox 2041 4612 3530 4685">
     <span class='ocr_line' id='line_1_88' title="bbox 2041 4612 3530 4685; baseline -0.002 -13"><span class='ocrx_word' id='word_1_525' title='bbox 2041 4616 2244 4684; x_wconf 84' lang='lat'><strong>17,18.</strong></span> <span class='ocrx_word' id='word_1_526' title='bbox 2277 4616 2600 4685; x_wconf 88' lang='lat' dir='ltr'><strong>Priusquam</strong></span> <span class='ocrx_word' id='word_1_527' title='bbox 2647 4621 2839 4670; x_wconf 82' lang='lat' dir='ltr'><strong>vestrae</strong></span> <span class='ocrx_word' id='word_1_528' title='bbox 2878 4612 3189 4684; x_wconf 86' lang='lat' dir='ltr'><strong>iniquitates</strong></span> <span class='ocrx_word' id='word_1_529' title='bbox 3223 4613 3530 4669; x_wconf 83' lang='lat' dir='ltr'><strong>adhaereant</strong></span> 
     </span>
    </p>
   </div>
   <div class='ocr_carea' id='block_1_89' title="bbox 1972 4704 3531 4774">
    <p class='ocr_par' dir='ltr' id='par_1_89' title="bbox 1972 4704 3531 4774">
     <span class='ocr_line' id='line_1_89' title="bbox 1972 4704 3531 4774; baseline -0.002 -11"><span class='ocrx_word' id='word_1_530' title='bbox 1972 4709 2205 4774; x_wconf 87' lang='lat' dir='ltr'><strong>diabolo,</strong></span> <span class='ocrx_word' id='word_1_531' title='bbox 2247 4716 2307 4763; x_wconf 92' lang='lat' dir='ltr'><strong>ut</strong></span> <span class='ocrx_word' id='word_1_532' title='bbox 2352 4708 2529 4762; x_wconf 90' lang='lat' dir='ltr'><strong>adhuc</strong></span> <span class='ocrx_word' id='word_1_533' title='bbox 2558 4706 2796 4761; x_wconf 78' lang='lat' dir='ltr'><strong>viventes</strong></span> <span class='ocrx_word' id='word_1_534' title='bbox 2822 4706 2974 4772; x_wconf 88' lang='lat' dir='ltr'><strong>estis,</strong></span> <span class='ocrx_word' id='word_1_535' title='bbox 3010 4705 3067 4759; x_wconf 91' lang='lat' dir='ltr'><strong>in</strong></span> <span class='ocrx_word' id='word_1_536' title='bbox 3102 4704 3183 4760; x_wconf 86' lang='lat' dir='ltr'><strong>ira</strong></span> <span class='ocrx_word' id='word_1_537' title='bbox 3225 4720 3324 4761; x_wconf 90' lang='lat' dir='ltr'><strong>sua</strong></span> <span class='ocrx_word' id='word_1_538' title='bbox 3368 4710 3531 4762; x_wconf 85' lang='lat' dir='ltr'><strong>devo-</strong></span> 
     </span>
    </p>
   </div>
   <div class='ocr_carea' id='block_1_90' title="bbox 1970 4796 3251 4869">
    <p class='ocr_par' dir='ltr' id='par_1_90' title="bbox 1970 4796 3251 4869">
     <span class='ocr_line' id='line_1_90' title="bbox 1970 4796 3251 4869; baseline -0.003 -14"><span class='ocrx_word' id='word_1_539' title='bbox 1970 4801 2117 4855; x_wconf 88' lang='lat' dir='ltr'><strong>rabit</strong></span> <span class='ocrx_word' id='word_1_540' title='bbox 2149 4814 2248 4855; x_wconf 88' lang='lat' dir='ltr'><strong>vos</strong></span> <span class='ocrx_word' id='word_1_541' title='bbox 2271 4808 2487 4869; x_wconf 88' lang='lat' dir='ltr'><strong>propter</strong></span> <span class='ocrx_word' id='word_1_542' title='bbox 2516 4812 2755 4854; x_wconf 85' lang='lat' dir='ltr'><strong>errorem</strong></span> <span class='ocrx_word' id='word_1_543' title='bbox 2783 4796 3005 4853; x_wconf 72' lang='lat' dir='ltr'><strong>haeresis</strong></span> <span class='ocrx_word' id='word_1_544' title='bbox 3040 4803 3251 4851; x_wconf 71' lang='lat' dir='ltr'><strong>vestrae.</strong></span> 
     </span>
    </p>
   </div>
   <div class='ocr_carea' id='block_1_91' title="bbox 2046 4886 2899 4958">
    <p class='ocr_par' dir='ltr' id='par_1_91' title="bbox 2046 4886 2899 4958">
     <span class='ocr_line' id='line_1_91' title="bbox 2046 4886 2899 4958; baseline 0 -15"><span class='ocrx_word' id='word_1_545' title='bbox 2046 4890 2134 4945; x_wconf 90' lang='lat'><strong>19.</strong></span> <span class='ocrx_word' id='word_1_546' title='bbox 2166 4888 2225 4943; x_wconf 88' lang='lat' dir='ltr'><strong>ln</strong></span> <span class='ocrx_word' id='word_1_547' title='bbox 2249 4898 2489 4958; x_wconf 86' lang='lat' dir='ltr'><strong>tempore</strong></span> <span class='ocrx_word' id='word_1_548' title='bbox 2510 4886 2899 4943; x_wconf 89' lang='lat' dir='ltr'><strong>retributionis.</strong></span> 
     </span>
    </p>
   </div>
   <div class='ocr_carea' id='block_1_92' title="bbox 2038 4979 3284 5049">
    <p class='ocr_par' dir='ltr' id='par_1_92' title="bbox 2038 4979 3284 5049">
     <span class='ocr_line' id='line_1_92' title="bbox 2038 4979 3284 5049; baseline -0.003 -15"><span class='ocrx_word' id='word_1_549' title='bbox 2038 4981 2127 5035; x_wconf 83' lang='lat'><strong>20.</strong></span> <span class='ocrx_word' id='word_1_550' title='bbox 2162 4979 2365 5034; x_wconf 92' lang='lat' dir='ltr'><strong>Purum</strong></span> <span class='ocrx_word' id='word_1_551' title='bbox 2397 4995 2456 5035; x_wconf 88' lang='lat' dir='ltr'><strong>se</strong></span> <span class='ocrx_word' id='word_1_552' title='bbox 2488 4979 2666 5049; x_wconf 81' lang='lat' dir='ltr'><strong>ipsum</strong></span> <span class='ocrx_word' id='word_1_553' title='bbox 2694 4979 2946 5033; x_wconf 84' lang='lat' dir='ltr'><strong>ostendet</strong></span> <span class='ocrx_word' id='word_1_554' title='bbox 2978 4993 3008 5031; x_wconf 90' lang='lat' dir='ltr'><strong>a</strong></span> <span class='ocrx_word' id='word_1_555' title='bbox 3040 4986 3284 5047; x_wconf 88' lang='lat' dir='ltr'><strong>peccato.</strong></span> 
     </span>
    </p>
   </div>
   <div class='ocr_carea' id='block_1_93' title="bbox 2037 5065 3528 5140">
    <p class='ocr_par' dir='ltr' id='par_1_93' title="bbox 2037 5065 3528 5140">
     <span class='ocr_line' id='line_1_93' title="bbox 2037 5065 3528 5140; baseline -0.005 -14"><span class='ocrx_word' id='word_1_556' title='bbox 2037 5072 2127 5126; x_wconf 89' lang='lat'><strong>21.</strong></span> <span class='ocrx_word' id='word_1_557' title='bbox 2160 5070 2227 5125; x_wconf 85' lang='lat' dir='ltr'><strong>Et</strong></span> <span class='ocrx_word' id='word_1_558' title='bbox 2260 5071 2405 5127; x_wconf 89' lang='lat' dir='ltr'><strong>dicet</strong></span> <span class='ocrx_word' id='word_1_559' title='bbox 2449 5069 2859 5140; x_wconf 85' lang='lat' dir='ltr'><strong>unusquisque:</strong></span> <span class='ocrx_word' id='word_1_560' title='bbox 2897 5066 3030 5123; x_wconf 86' lang='lat' dir='ltr'><strong>Vere</strong></span> <span class='ocrx_word' id='word_1_561' title='bbox 3069 5076 3154 5123; x_wconf 87' lang='lat' dir='ltr'><strong>est</strong></span> <span class='ocrx_word' id='word_1_562' title='bbox 3178 5067 3326 5137; x_wconf 86' lang='lat' dir='ltr'><strong>justo</strong></span> <span class='ocrx_word' id='word_1_563' title='bbox 3368 5065 3528 5121; x_wconf 89' lang='lat' dir='ltr'><strong>retri-</strong></span> 
     </span>
    </p>
   </div>
   <div class='ocr_carea' id='block_1_94' title="bbox 1968 5161 2142 5219">
    <p class='ocr_par' dir='ltr' id='par_1_94' title="bbox 1968 5161 2142 5219">
     <span class='ocr_line' id='line_1_94' title="bbox 1968 5161 2142 5219; baseline -0.029 0"><span class='ocrx_word' id='word_1_564' title='bbox 1968 5161 2142 5219; x_wconf 88' lang='lat' dir='ltr'><strong>butio.</strong></span> 
     </span>
    </p>
   </div>
   <div class='ocr_carea' id='block_1_95' title="bbox 2034 5246 3319 5310">
    <p class='ocr_par' dir='ltr' id='par_1_95' title="bbox 2034 5246 3319 5310">
     <span class='ocr_line' id='line_1_95' title="bbox 2034 5246 3319 5310; baseline -0.009 0"><span class='ocrx_word' id='word_1_565' title='bbox 2034 5254 2125 5310; x_wconf 82' lang='grc'><strong>22.</strong></span> <span class='ocrx_word' id='word_1_566' title='bbox 2158 5250 2410 5309; x_wconf 79' lang='lat' dir='ltr'><strong>Profecto</strong></span> <span class='ocrx_word' id='word_1_567' title='bbox 2444 5260 2530 5307; x_wconf 91' lang='lat' dir='ltr'><strong>est</strong></span> <span class='ocrx_word' id='word_1_568' title='bbox 2559 5251 2762 5308; x_wconf 82' lang='lat' dir='ltr'><strong>faciens</strong></span> <span class='ocrx_word' id='word_1_569' title='bbox 2790 5263 2978 5306; x_wconf 89' lang='lat' dir='ltr'><strong>eorum</strong></span> <span class='ocrx_word' id='word_1_570' title='bbox 3008 5246 3319 5303; x_wconf 78' lang='lat' dir='ltr'><strong>vindictam.</strong></span> 
     </span>
    </p>
   </div>
   <div class='ocr_carea' id='block_1_96' title="bbox 1244 5451 2585 5535">
    <p class='ocr_par' dir='ltr' id='par_1_96' title="bbox 1244 5451 2585 5535">
     <span class='ocr_line' id='line_1_96' title="bbox 1244 5451 2585 5535; baseline -0.004 -14"><span class='ocrx_word' id='word_1_571' title='bbox 1244 5457 1547 5521; x_wconf 86' lang='lat' dir='ltr'><strong>Addenda</strong></span> <span class='ocrx_word' id='word_1_572' title='bbox 1580 5464 1639 5519; x_wconf 89' lang='lat' dir='ltr'><strong>et</strong></span> <span class='ocrx_word' id='word_1_573' title='bbox 1665 5455 2037 5535; x_wconf 80' lang='lat' dir='ltr'><strong>corrigenda</strong></span> <span class='ocrx_word' id='word_1_574' title='bbox 2081 5470 2161 5517; x_wconf 79' lang='lat' dir='ltr'><strong>ex</strong></span> <span class='ocrx_word' id='word_1_575' title='bbox 2208 5452 2348 5514; x_wconf 90' lang='lat' dir='ltr'><strong>cod.</strong></span> <span class='ocrx_word' id='word_1_576' title='bbox 2384 5451 2585 5515; x_wconf 80' lang='lat' dir='ltr'><strong>Vatic.</strong></span> 
     </span>
    </p>
   </div>
   <div class='ocr_carea' id='block_1_97' title="bbox 400 5661 1167 5736">
    <p class='ocr_par' dir='ltr' id='par_1_97' title="bbox 400 5661 1167 5736">
     <span class='ocr_line' id='line_1_97' title="bbox 400 5661 1167 5736; baseline -0.005 -16"><span class='ocrx_word' id='word_1_577' title='bbox 400 5666 447 5736; x_wconf 89' lang='lat'><strong>1_)</strong></span> <span class='ocrx_word' id='word_1_578' title='bbox 476 5665 710 5736; x_wconf 83' lang='grc' dir='ltr'>Πλάνην,</span> <span class='ocrx_word' id='word_1_579' title='bbox 745 5665 813 5736; x_wconf 75' lang='grc' dir='ltr'>ἣν</span> <span class='ocrx_word' id='word_1_580' title='bbox 844 5661 1167 5736; x_wconf 63' lang='grc' dir='ltr'>παρέλαβον.</span> 
     </span>
    </p>
   </div>
   <div class='ocr_carea' id='block_1_98' title="bbox 376 5666 1217 5807">
    <p class='ocr_par' dir='ltr' id='par_1_98' title="bbox 376 5666 1217 5807">
     <span class='ocr_line' id='line_1_98' title="bbox 400 5666 1167 5736; baseline -0.003 -17"><span class='ocrx_word' id='word_1_581' title='bbox 400 5666 447 5735; x_wconf 89' lang='grc'><strong>1)</strong></span> <span class='ocrx_word' id='word_1_582' title='bbox 476 5666 710 5736; x_wconf 83' lang='grc' dir='ltr'>Πλάνην,</span> <span class='ocrx_word' id='word_1_583' title='bbox 745 5666 813 5736; x_wconf 75' lang='grc' dir='ltr'>ἣν</span> <span class='ocrx_word' id='word_1_584' title='bbox 844 5666 1167 5735; x_wconf 75' lang='grc' dir='ltr'>παρέλαϐον.</span> 
     </span>
     <span class='ocr_line' id='line_1_99' title="bbox 376 5666 1217 5807; baseline -0.005 -18"><span class='ocrx_word' id='word_1_585' title='bbox 376 5666 453 5807; x_wconf 45' lang='grc'><strong>12)</strong></span> <span class='ocrx_word' id='word_1_586' title='bbox 481 5738 558 5807; x_wconf 78' lang='grc' dir='ltr'><strong>Τῇ</strong></span> <span class='ocrx_word' id='word_1_587' title='bbox 591 5736 845 5807; x_wconf 67' lang='grc' dir='ltr'><strong>ἡμέρᾳ...</strong></span> <span class='ocrx_word' id='word_1_588' title='bbox 877 5732 1217 5803; x_wconf 65' lang='grc' dir='ltr'>ἀπορρίψας.</span> 
     </span>
    </p>
   </div>
   <div class='ocr_carea' id='block_1_99' title="bbox 2037 5659 2637 5803">
    <p class='ocr_par' dir='ltr' id='par_1_99' title="bbox 2037 5659 2637 5803">
     <span class='ocr_line' id='line_1_100' title="bbox 2037 5659 2637 5803; baseline -0.007 -87"><span class='ocrx_word' id='word_1_589' title='bbox 2037 5661 2114 5803; x_wconf 51' lang='grc' dir='ltr'><strong>ὶδ)</strong></span> <span class='ocrx_word' id='word_1_590' title='bbox 2146 5659 2285 5712; x_wconf 79' lang='grc' dir='ltr'>Ὠσεὶ</span> <span class='ocrx_word' id='word_1_591' title='bbox 2312 5659 2501 5794; x_wconf 53' lang='grc' dir='ltr'>κηξρός,</span> <span class='ocrx_word' id='word_1_592' title='bbox 2532 5669 2637 5716; x_wconf 83' lang='lat' dir='ltr'><strong>etc.</strong></span> 
     </span>
     <span class='ocr_line' id='line_1_101' title="bbox 2060 5730 2479 5787; baseline -0.01 -3"><span class='ocrx_word' id='word_1_593' title='bbox 2060 5732 2092 5784; x_wconf 71' lang='grc'>4</span> <span class='ocrx_word' id='word_1_594' title='bbox 2160 5730 2369 5783; x_wconf 77' lang='grc' dir='ltr'>’Δποδεί</span> <span class='ocrx_word' id='word_1_595' title='bbox 2408 5746 2479 5787; x_wconf 65' lang='grc' dir='ltr'><strong>ει..</strong></span> 
     </span>
    </p>
   </div>
   <div class='ocr_carea' id='block_1_100' title="bbox 2060 5730 2479 5787">
    <p class='ocr_par' dir='ltr' id='par_1_100' title="bbox 2060 5730 2479 5787">
     <span class='ocr_line' id='line_1_102' title="bbox 2060 5730 2479 5787; baseline -0.01 -3"><span class='ocrx_word' id='word_1_596' title='bbox 2060 5730 2113 5787; x_wconf 72' lang='grc'><strong>4)</strong></span> <span class='ocrx_word' id='word_1_597' title='bbox 2160 5730 2479 5787; x_wconf 67' lang='grc' dir='ltr'>Ἀποδείξει,</span> 
     </span>
    </p>
   </div>
  </div>
