3978 6204
452 326 557 386 879
1275 322 1331 377 S.
1374 321 1752 379 ATHANASII
1789 324 1938 380 OPP.
1982 325 2160 383 PARS
2198 326 2285 382 ΙΙΙ.
2346 356 2388 370 -
2432 327 2844 387 EXEGETICA.
3575 335 3679 391 880

456 441 522 498 In
555 443 712 509 ﬁnem
733 480 748 505 ,
785 456 846 493 ne
877 439 1148 509 disperdas
1170 481 1183 507 ,
1219 440 1393 495 Darid
1414 483 1428 508 ,
1468 442 1522 495 in
1553 442 1695 496 tituli
1719 444 2019 512 inscriptio-

2120 449 2225 513 Εἰς
2247 448 2312 501 τὸ
2338 445 2531 514 τέλος,
2553 449 2640 519 μὴ
2672 450 3035 521 διαφθείρῃς,
3065 452 3144 518 τῷ
3172 448 3370 517 Δαϐὶὸ,
3414 453 3501 520 είς
3532 470 3671 522 στη-

521 553 658 602 nem,
684 551 801 589 cum
827 534 969 588 misit
990 533 1142 598 Sani,
1172 543 1221 587 et
1246 536 1524 589 custodivit
1562 537 1775 590 domum
1800 538 1936 607 ejus,
1961 549 2019 596 ut

2187 542 2538 610 λοτραφίαν,
2568 546 2745 598 ὁπότε
2783 545 3102 600 ἀπέστειλε
3124 544 3323 599 Σαοὺλ
3347 586 3361 609 .
3414 545 3512 600 καὶ
3538 544 3674 616 £5213-

424 684 427 688 .
523 646 644 685 eum
674 628 1018 698 interﬁceret.
1047 625 1253 683 PSAL.
1286 626 1512 681 LVIII.

2189 634 2339 698 λαξε
2383 635 2490 687 τὸν
2526 631 2694 691 οἷκον
2722 637 2928 703 αὑτοῦ,
2956 637 3063 692 τοῦ
3093 636 3425 693 θανατῶσαι
3468 640 3652 694 αὐτόν

2195 724 2367 778 ΨΑΛ.
2401 726 2535 781 NH’.

403 830 415 846 ’
529 830 579 884 l.
610 828 772 898 Eripe
798 840 886 882 me
914 826 983 881 de
1009 825 1248 881 inimicis
1277 827 1414 882 meis
1436 869 1450 893 ,
1478 825 1621 882 Deus
1653 845 1667 881 :

2192 816 2242 869 1.
2287 815 2497 882 Ἐξέλου
2535 834 2601 888 με
2639 817 2704 872 ὲκ
2728 817 2835 871 τῶν
2866 817 3075 891 ἐχθρῶν
3108 837 3228 889 μου,
3263 820 3292 874 ὁ
3321 820 3479 886 856;-

525 922 579 977 2.
604 921 671 976 Ει
694 920 762 976 ab
790 920 1197 991 insurgentibus
1227 920 1281 974 in
1316 936 1403 976 me
1432 919 1601 976 libera
1631 936 1737 977 me.

2187 908 2241 964 2.
2274 908 2383 964 Καὶ
2403 909 2468 963 ὲκ
2482 910 2588 965 τῶν
2607 911 3048 982 ἐπανισταμένων
3073 914 3159 967 ἐπ’
3178 914 3277 985 ἐμὲ
3294 914 3563 988 λύτρωσαί
3585 935 3670 989 με.

523 1015 579 1069 5.
611 1012 774 1084 Eripe
802 1028 889 1068 me
922 1013 988 1068 de
1014 1012 1366 1083 operantibus
1392 1013 1730 1083 iniquitatem
1757 1033 1770 1069 :

2188 1003 2242 1056 3.
2280 999 2468 1056 Ῥῦσαί
2494 1020 2560 1074 με
2589 1005 2653 1057 ὲκ
2697 1004 2804 1058 τῶν
2830 1005 3207 1078 ἐργαζομένων
3233 1007 3331 1079 τὴν
3378 1008 3638 1080 ἀνομίαν⁴

518 1108 575 1163 4.
601 1105 667 1160 Ει
697 1107 763 1161 de
783 1106 916 1162 viris
945 1107 1272 1177 sanguinum
1306 1106 1452 1161 salva
1475 1121 1583 1161 me.

2188 1094 2242 1149 ι.
2275 1096 2386 1149 Καὶ
2414 1094 2473 1160 ἐξ
2502 1096 2710 1168 ἀνδρῶν
2736 1098 2984 1168 αἱμάτων
3012 1097 3181 1151 σῶσόν
3210 1115 3298 1170 με.

521 1198 577 1253 5.
614 1197 750 1265 Quia
784 1213 910 1253 ecce
931 1205 1189 1268 ceperunt
1222 1198 1459 1253 animam
1489 1214 1663 1253 meam
1701 1240 1713 1252 .

2184 1187 2238 1243 5.
2268 1188 2389 1242 Ὅτι
2415 1188 2522 1243 ἰδοὺ
2551 1189 2846 1261 ὲθὴρευσαν
2871 1192 2966 1264 τὴν
2986 1190 3159 1263 ψυχήν
3192 1210 3293 1265 μου

524 1290 577 1344 6,
608 1289 889 1346 lrruerunt
912 1291 967 1346 in
999 1306 1085 1346 me
1112 1289 1300 1345 fortes.

2189 1280 2240 1336 6.
2276 1280 2559 1335 Ἐπέθεντο
2585 1283 2668 1335 ἐπ’
2690 1282 2789 1353 ἐμὲ
2812 1282 3078 1354 κραταιοί.

524 1380 576 1434 7.
604 1378 791 1450 Neque
819 1379 1079 1452 iniquitas
1114 1394 1229 1434 mea
1250 1420 1264 1447 ,
1293 1394 1467 1449 neque
1497 1383 1778 1447 peccatum
1809 1391 2012 1445 meum,

2182 1373 2237 1428 7.
2269 1372 2405 1428 Οὔτε
2429 1375 2676 1447 ἡάνομία
2697 1393 2820 1447 μου,
2852 1375 2975 1429 οὗτε
3004 1378 3036 1449 ἡ
3068 1376 3311 1447 ἁμαρτία
3331 1393 3452 1449 μου,
3476 1375 3670 1448 Κύριεο

453 1471 683 1529 Domine
714 1492 728 1528 :

522 1566 575 1620 8.
614 1565 745 1623 Sine
775 1566 1059 1637 iniquitate
1086 1564 1326 1628 cucurri,
1356 1571 1410 1619 et
1430 1563 1624 1619 direxi.

2183 1552 2236 1610 8.
2268 1554 2429 1607 Ἀνευ
2458 1554 2685 1626 ἀνομίας
2714 1553 2965 1627 ἔδραμον,
2988 1554 3081 1608 καὶ
3111 1554 3427 1610 κατεύθυνα.

521 1659 574 1714 9.
607 1658 853 1731 Exsurge
878 1660 936 1715 in
959 1674 1248 1715 occursum
1284 1673 1488 1724 meum,
1523 1666 1578 1712 et
1600 1656 1721 1711 vide
1749 1674 1765 1710 :

2181 1644 2234 1701 9.
2282 1645 2624 1718 Ἐξεγέρθητι
2652 1648 2730 1711 εἰς
2758 1646 3079 1718 συνάντησιν
3111 1664 3234 1717 μου,
3263 1648 3354 1701 καὶ
3388 1648 3464 1701 ἴδε
3486 1663 3501 1678 ⁶

523 1751 611 1807 l0.
647 1750 715 1806 Et
738 1760 829 1818 tu,
870 1750 1097 1808 Domine
1127 1750 1270 1806 Deus
1296 1750 1558 1805 virtutum
1578 1790 1594 1817 ,
1639 1747 1784 1805 Deus
1807 1746 1972 1805 Israel
1994 1789 2011 1817 ,

2046 1864 2088 1902 ρ

2184 1738 2267 1794 10.
2296 1737 2408 1801 Καὶ
2440 1737 2524 1803 σὺ,
2553 1736 2723 1810 Κύριε
2759 1740 2788 1792 ὁ
2819 1737 2951 1802 Θεὸς
2975 1737 3081 1794 τῶν
3125 1737 3428 1810 δυνάμεων,
3466 1741 3496 1793 ὁ
3541 1738 3675 1804 Θεὸς

2112 1829 2205 1886 τοῦ
2245 1829 2479 1902 Ἰσραὴλ,

2045 1864 2088 1922 Β
2112 1831 2205 1886 τοῦ
2228 1831 2479 1922 ῖἸσραὴλ,

521 1927 609 1982 il.
644 1927 865 1984 Intende
896 1927 960 1982 ad
984 1926 1280 1982 visitandas
1303 1940 1494 1981 omnes
1522 1932 1706 1997 gentes
1735 1941 1750 1981 :
2054 1921 2073 1922 ί

2054 1921 2073 1922 ί
2184 1921 2268 1976 11.
2305 1921 2548 1993 Πρὸσχες
2575 1921 2668 1976 τοῦ
2701 1922 3099 1994 ἐπισκέψασθαι
3132 1922 3308 1979 πάντα
3339 1922 3408 1977 τὰ
3432 1923 3560 1997 ἔθνη
3579 1942 3594 1957 ·

523 2018 612 2075 12.
643 2017 765 2075 Non
810 2020 1122 2077 miserearis
1152 2018 1407 2074 omnibus
1461 2017 1554 2089 qui
1583 2023 1877 2087 operantur
1907 2014 2011 2070 ini-

2181 2015 2267 2071 12.
2295 2015 2754 2101 Mﬂolxwtpﬁcng
2778 2017 2984 2083 πάντας
3014 2017 3140 2082 τοὺς
3166 2016 3560 2091 ἐργαζομένους
3573 2015 3673 2090 τὴν

450 2108 735 2183 quitatem.

2108 2107 2354 2179 ἀνομίαν.

1561 2259 1929 2317 ATHANASII
1968 2258 2554 2316 INTEBPRETATIO.

532 2423 949 2497 ἨΊτροκειμένη
978 2422 1257 2494 ἐπιγραφὴ
1281 2420 1523 2494 περιέχει
1548 2422 1659 2491 (1)·
1679 2421 1783 2485 El;-
1804 2417 1871 2474 τὸ
1894 2417 2089 2484 τέλος,
2111 2417 2195 2488 μὴ
2226 2417 2590 2489 διαφθείρῃς,
2619 2416 2699 2484 τῷ
2720 2418 2896 2474 Δαϐὶδ
2907 2417 2997 2487 είς
3015 2422 3481 2492 στηλοποαερίαν.
3502 2422 3676 2477 Τοῦτο

448 2517 541 2575 οὖν
561 2518 744 2589 λέγει·
768 2520 848 2583 είς
874 2518 1077 2591 ἀρετήν
1094 2534 1213 2571 τινα
1240 2513 1332 2569 τοῦ
1362 2516 1589 2586 Κυρίου,
1617 2514 1738 2585 ἥτις
1771 2513 1888 2568 ἐστὶ
1917 2511 2312 2584 στηλογραφία,
2337 2511 2423 2581 μὴ
2444 2512 2790 2582 διαφθείρῃς
2822 2513 2927 2577 ἕως
2974 2515 3206 2580 τέλους.
3242 2512 3407 2569 Εἶτα·
3468 2516 3675 2570 Ὁπότε

445 2615 765 2670 ἀπέστειλε
783 2613 1003 2678 Σαοὺλ,
1034 2613 1131 2667 καὶ
1159 2611 1461 2681 ἐφύλαξεν
1491 2607 1660 2665 οἷκον
1688 2610 1894 2676 αὑτοῦ,
1928 2610 2031 2664 τοῦ
2057 2609 2394 2665 θανατῶσαι
2428 2610 2633 2673 αὐτὸν,
2658 2610 2963 2675 τουτέστιν,
3001 2610 3174 2673 οὕτως
3212 2613 3307 2667 καὶ
3355 2615 3384 2666 ὁ
3428 2612 3673 2677 διάϐολος

443 2706 762 2761 ἀποστέλλει
789 2705 1114 2777 ὲπιτηρῆσαι
1140 2704 1230 2756 τὸν
1264 2700 1408 2757 οἷκον
1436 2702 1621 2768 αὐτοῦ,
1646 2702 1737 2755 τοῦ
1765 2701 2091 2756 θανατῶσαι.
2121 2701 2212 2774 Μὴ
2248 2701 2569 2775 διαφθείρῃς
2600 2699 2692 2756 οὖν
2711 2703 2815 2767 ἕως
2846 2702 3032 2767 τέλους
3059 2702 3244 2777 [τινά]
3301 2705 3410 2761 τῶν
3442 2704 3673 2761 ἐντολῶν

442 2797 539 2852 τοῦ
563 2795 793 2868 Κυρίου,
819 2795 956 2849 ἀλλά
978 2795 1103 2864 λέγε
1123 2794 1214 2847 τὸν
1234 2793 1671 2865 ὑποτεταγμένον
1695 2792 1928 2865 ψαλμόν.
1974 2791 2242 2856 Πολλάκις
2266 2791 2375 2865 γὰρ
2408 2794 2640 2863 εἶπαμεν
2680 2793 2778 2865 τὴν
2826 2794 3120 2866 ἑρμηνείαν
3153 2794 3246 2848 τοῦ
3279 2796 3542 2866 ὀνόματος
3575 2798 3673 2850 καὶ

442 2891 549 2947 τοῦ
580 2891 800 2957 Σαοὺλ,
833 2889 926 2943 καὶ
956 2889 1063 2944 τοῦ
1088 2887 1284 2954 Δαϐὶδ,
1308 2888 1395 2942 ὁτὲ
1421 2888 1518 2959 μὲν
1550 2889 1630 2951 εἰς
1651 2886 1742 2941 τὸν
1760 2887 1963 2958 Κύριον
1988 2886 2083 2941 καὶ
2103 2888 2181 2951 εἰς
2201 2886 2328 2950 τοὺς
2352 2885 2518 2940 αὐτοῦ
2556 2885 2937 2959 ἑρμηνεύεται,
2977 2888 3064 2942 ὁτὲ
3097 2888 3154 2941 δὲ
3177 2891 3253 2954 εἰς
3285 2890 3376 2944 τὸν
3401 2889 3669 2945 διάϐολον.

514 3008 727 3065 Titulus
755 3008 1078 3080 praepositus
1110 3007 1392 3062 continet:
1425 3003 1491 3059 In
1524 3007 1704 3074 ﬁnem,
1747 3020 1810 3059 ne
1843 3004 2140 3074 disperdas,
2176 3002 2345 3059 David
2395 3006 2451 3059 in
2497 3004 2642 3059 tituli
2684 3005 3098 3075 inscriptionem.
3128 3005 3244 3061 Hoc
3283 3006 3447 3078 igitur
3488 3007 3668 3063 dicit:

443 3122 506 3161 ne
531 3103 587 3159 in
619 3103 861 3174 aliquam
911 3100 1126 3157 Domini
1177 3101 1455 3163 virtutem,
1482 3115 1602 3170 qua:
1634 3107 1720 3154 est
1743 3097 1885 3153 tituli
1919 3097 2227 3169 inscriptio,
2260 3099 2532 3169 disperdas
2563 3099 2689 3170 (hoc
2709 3107 2811 3166 est,
2858 3115 2928 3155 ne
2956 3098 3168 3167 pecces)
3205 3116 3377 3170 usque
3402 3101 3456 3155 in
3486 3101 3665 3171 ﬁnem.

441 3197 649 3255 Deinde
673 3216 688 3253 :
713 3198 846 3253 Cum
874 3198 1015 3251 misit
1044 3194 1178 3251 Saul
1197 3238 1211 3263 ,
1238 3206 1289 3249 et
1317 3196 1598 3251 custodiuit
1623 3196 1837 3249 domum
1868 3194 2015 3264 ejus,
2033 3207 2104 3284 .ut
2136 3196 2450 3265 interﬁceret
2473 3211 2590 3250 eum
2612 3237 2626 3259 ,
2656 3195 2760 3252 hoc
2783 3202 2865 3251 est
2884 3235 2899 3259 ,
2929 3197 3003 3251 ita
3026 3195 3187 3252 etiam
3221 3179 3472 3251 diabolus
3504 3197 3672 3251 mittit

443 3293 715 3350 custodire
747 3293 967 3348 domum
995 3291 1115 3361 ejus
1138 3329 1153 3355 ,
1181 3300 1242 3344 ut
1276 3290 1584 3347 interﬁciat.
1613 3288 1694 3347 Ne
1720 3290 2003 3361 disperdas
2041 3289 2204 3362 igitur
2234 3306 2407 3361 usque
2449 3290 2506 3346 in
2555 3289 2718 3345 linem
2746 3290 2966 3360 aliquod
3002 3291 3383 3346 mandatorum
3426 3289 3666 3353 Domini,

443 3390 538 3445 sed
566 3390 654 3444 dic
685 3389 987 3459 subjectum
1017 3388 1106 3443 hic
1150 3388 1442 3459 psalmum.
1485 3383 1638 3459 Saepe
1660 3388 1808 3443 enim
1842 3387 2084 3444 diximus
2136 3387 2644 3459 interpretationem
2695 3387 2935 3445 nominis
2974 3396 3025 3443 et
3067 3386 3200 3443 Saul
3230 3397 3279 3441 et
3315 3385 3490 3441 David
3522 3400 3672 3449 nunc

441 3482 614 3553 accipi
635 3482 701 3537 de
731 3481 978 3549 Domino,
1003 3491 1058 3538 et
1082 3481 1150 3538 de
1178 3484 1245 3539 iis
1270 3484 1365 3555 qui
1389 3482 1604 3540 Domini
1629 3492 1792 3551 sunt,
1818 3500 1965 3540 nunc
1985 3500 2115 3542 vero
2144 3485 2212 3542 de
2239 3484 2477 3541 diabolo.

506 3640 569 3705 1,
597 3639 651 3692 ‘2.
685 3637 761 3693 De
786 3638 1207 3708 cogitationibus
1230 3640 1282 3693 in
1311 3638 1472 3695 corde
1506 3654 1647 3695 meo.
2028 3664 2071 3723 ς

2028 3664 2071 3723 C
2174 3640 2227 3705 1,
2257 3639 2311 3693 2.
2348 3638 2468 3693 Τῶν
2497 3639 2554 3692 ἐν
2587 3637 2662 3713 (2)
2695 3637 2891 3711 καρδίᾳ
2922 3654 3024 3709 μου
3050 3636 3340 3709 λογισμῶν.

503 3731 557 3789 '5.
592 3730 639 3783 Α
665 3731 1029 3800 voluptatibus
1057 3730 1417 3786 militantibus
1444 3731 1497 3785 in
1523 3731 1785 3788 membris
1833 3731 1991 3788 meis.

2168 3729 2220 3783 '5.
2247 3728 2366 3784 Τῶν
2394 3728 2595 3799 ἡδονῶν
2621 3728 2729 3782 τῶν
2764 3728 3205 3801 στρατευομένων
3239 3730 3295 3781 ἐν
3326 3729 3438 3793 τοῖς
3483 3725 3664 3799 βέλεσί

2105 3834 2205 3889 ⁵,ιου
2237 3817 2336 3891 (5).

506 3905 557 3956 4.
590 3903 667 3957 De
694 3902 984 3958 contrariis
1015 3904 1396 3972 potestatibus.

2167 3909 2221 3963 4.
2252 3908 2372 3962 Τῶν
2401 3909 2657 3964 ἐναντίων
2684 3909 2984 3979 δυνάμεων.

506 3996 561 4051 5.
594 3994 865 4063 Quoniam
894 4009 1022 4050 ecce
1046 3996 1427 4066 constringunt
1454 3996 1692 4051 animam
1723 4012 1921 4053 meam.

1734 4012 1921 4053 meam.
2171 3999 2225 4056 5.
2256 3999 2378 4054 Ὅτι
2414 4000 2519 4054 ἰδοὺ
2547 3999 2826 4071 συνέχουσι
2848 4000 2946 4072 τὴν
2971 4000 3148 4072 ψυχήν
3184 4017 3305 4072 μου.

506 4083 559 4136 6.
594 4084 894 4139 Daemones.

2169 4087 2221 4143 6.
2252 4091 2315 4142 Οί
2344 4090 2614 4161 δαίμονες.

509 4176 560 4229 7.
595 4173 781 4246 Neque
821 4176 1081 4246 iniquitas
1124 4192 1244 4232 mea
1286 4177 1461 4235 dulcis
1494 4178 1629 4233 mihi
1667 4185 1790 4247 est,
1822 4193 1998 4249 neque

2165 4182 2216 4235 7.
2249 4180 2386 4236 Οὔτε
2410 4185 2442 4255 ἡ
2463 4183 2661 4256 ἀνομία
2692 4202 2791 4256 μου
2822 4184 2951 4255 ἡδέα
2986 4184 3177 4260 [ἡδεῖα]
3210 4189 3299 4257 μοί
3326 4186 3495 4252 ἐστιν,
3538 4184 3660 4241 οὔτε

435 4275 713 4336 peccatum
741 4281 943 4331 meum,
979 4266 1227 4323 Domine.

1190 4284 1227 4323 ξ.
2096 4274 2128 4343 ή
2151 4271 2394 4346 ἁμαρτία
2421 4291 2544 4344 μου,
2569 4274 2761 4345 Κύριε.

502 4355 556 4410 8.
591 4356 729 4412 Gdio
758 4358 965 4413 habens
1002 4358 1342 4429 iniquitatem
1373 4363 1591 4419 cucurri
1633 4363 1687 4417 in
1725 4363 1996 4419 mandatis

2166 4361 2221 4417 8.
2259 4364 2509 4437 Μισήσας
2539 4363 2615 4436 (4)
2640 4365 2737 4437 τὴν
2764 4364 3011 4437 ἀνομίαν,
3031 4365 3261 4438 ἔδραμον
3283 4368 3343 4423 ὲν
3369 4372 3492 4434 ταῖς
3520 4373 3660 4426 ὲντο-

334 4519 343 4527 ι
433 4449 563 4513 tuis,
590 4458 643 4502 et
668 4449 839 4505 direxi
869 4453 920 4505 in
956 4452 1119 4508 corde
1153 4470 1295 4511 meo.

2092 4452 2210 4518 λαῖς
2237 4470 2353 4519 σου,
2387 4456 2480 4510 καὶ
2504 4455 2810 4510 κατεύθυνα
2835 4458 2892 4510 ὲν
2917 4461 2981 4529 τῇ
3015 4457 3210 4530 καρδίᾳ
3237 4476 3360 4531 μου.

503 4545 556 4601 9.
588 4545 722 4601 Veni
749 4547 804 4600 in
837 4547 1103 4604 auxilium
1128 4566 1332 4607 meum.

2162 4546 2215 4601 9.
2256 4545 2406 4599 Ἐλθὲ
2436 4550 2514 4610 εἰς
2539 4546 2634 4619 τὴν
2671 4546 2952 4619 ἀντίληψιν
2974 4566 3096 4620 μου.

505 4637 601 4704 10,
638 4640 724 4694 ll.
756 4638 837 4695 Tu
866 4642 998 4710 ipse,
1041 4643 1286 4713 Domine,
1326 4646 1472 4711 veni,
1499 4652 1552 4699 et
1573 4659 1669 4714 per
1701 4643 1991 4699 adventum

2171 4640 2369 4706 10,11.
2406 4642 2477 4695 Σὺ
2523 4643 2700 4708 αὐτὸς,
2738 4643 2931 4715 Κύριε,
2991 4644 3132 4711 ἐλθὲ,
3188 4647 3283 4701 καὶ
3312 4646 3399 4702 διὰ
3426 4649 3525 4720 τῆς
3559 4647 3661 4720 σῆς

432 4736 584 4783 tuum
615 4744 745 4784 sana
779 4745 970 4788 omnes
997 4742 1202 4804 gentes.

2096 4735 2394 4802 παρουσίας
2426 4734 2572 4790 ἱάσαι
2599 4736 2775 4791 πάντα
2793 4737 2864 4792 τὰ
2892 4738 3041 4810 ἔθνη.

499 4819 583 4870 12.
614 4819 918 4877 Contrariis
946 4823 1329 4891 potestatibus.
1408 4858 1410 4860 τ

2168 4826 2252 4880 12.
2287 4826 2363 4899 (a)
2397 4827 2506 4892 Τὰς
2528 4829 2772 4892 ἐναντίας
2800 4829 3074 4902 δυνάμεις.

1374 4976 1677 5038 Addenda
1706 4985 1767 5039 et
1815 4979 2187 5059 corrigenda
2216 4998 2294 5044 ex
2324 4982 2462 5044 cod.
2497 4984 2698 5048 Vatic.

380 5135 388 5142 ’
426 5210 443 5225 κ
498 5140 571 5212 (1)
702 5142 918 5225 δξάλτῆς
940 5140 1303 5225 θεινναράρεως
1322 5142 1588 5225 ’περιέχει
1606 5158 1620 5171 °
1668 5142 1763 5225 E‘l;
1897 5142 1984 5225 τέ·
2008 5148 2060 5207 ι)
2085 5142 2256 5225 οὕτως
2284 5147 2429 5225 καὶᾼὸ
2454 5146 2697 5225 διάςολος
2724 5149 3041 5225 ἀποστέλλει
3067 5152 3397 5225 έπιτηρῆσαι
3433 5155 3527 5225 τὸν
3560 5172 3662 5209 πι..

426 5210 628 5298 λοςττῷ
653 5213 837 5298 ᾼαδξιδ,
953 5210 1266 5298 causam;
1285 5213 1367 5298 είς
1384 5210 1980 5298 στηζογραφθίανεδπότε
2086 5214 2226 5298 στδν,
2255 5214 2365 5298 τοῦ.
2380 5210 2689 5298 θανατῶσαί
2715 5220 2894 5280 αὐτόν.
2934 5221 3025 5292 Μὴ
3063 5210 3381 5298 διαφθείρῃς
3412 5222 3507 5280 οὖν
3545 5226 3656 5290 ἕως

424 5279 712 5356 ἀπέστειλε
754 5279 955 5356 Σαοδλ,
1109 5279 1337 5356 ἐφ’ύλαξε
1358 5282 1452 5356 τὸν
1471 5279 1832 5356 enhaema,
1885 5283 1979 5336 τοῦ
2081 5279 2267 5356 τέλους
2297 5286 2404 5341 τῶν
2426 5286 2672 5356 ἐντολῶν,
2700 5302 2805 5346 etc.

425 5348 729 5429 θανατῶσαι
767 5348 947 5429 αιξτόν.
981 5348 1160 5429 Τοῖ’)το
1185 5348 1294 5429 οὖν-
1314 5352 1460 5429 λέγει
1496 5354 1576 5429 είς
1622 5353 1823 5429 ἀρετήν
1856 5370 1980 5429 τινα
2366 5360 2454 5429 τῇ.

422 5419 793 5511 Sternit“;
814 5424 937 5511 έςξι
966 5423 1352 5511 επτηλρτςαφίει-
1387 5419 1979 5511 “ιιὴί.δ.ιαφσξίεὴςηερες
2153 5419 2229 5511 ἐξ)
2255 5419 2457 5511 tit-5193‘
2486 5445 2608 5499 μου·

424 5487 810 5580 τέλους-Εἶτα·
855 5487 1062 5573 ᾮπότέ
1082 5487 1361 5580 ἀπέστειλε
1394 5487 1584 5580 Σαοὺλ,
1617 5487 1977 5580 ’καῖὲὶρρλαξε
2059 5565 2108 5580 ,ἢ
2273 5487 2569 5571 Ἐμίσηὰα.
2600 5540 2612 5555 .
2634 5538 2649 5555 .
2670 5539 2685 5555 .
2713 5502 2792 5567 είς
2806 5501 2903 5569 τὰς
2928 5504 3145 5570 ἐντολάς
3169 5521 3282 5571 σου,
3314 5507 3409 5561 καὶ
3437 5505 3656 5580 κατηύ-

423 5556 513 5607 τὸν
540 5556 685 5615 οἷκον
723 5563 910 5628 αὑτοῦ,
953 5563 1046 5616 τοῦ
1097 5563 1404 5618 θανατῶσαι
1446 5556 1626 5633 αὐτόν,
1678 5556 1973 5632 τουτέστιν,
2059 5556 2237 5635 ’θηνα.

493 5714 568 5779 (a)
604 5713 676 5767 N.
720 5717 784 5769 12
821 5717 976 5777 deest.
