3978 6204
320 380 427 439 831
1212 381 1300 435 DE
1340 380 1620 438 TITULYS
1657 381 2104 442 PSALMORUM.
2142 414 2211 427 -—
2240 384 2435 442 PSAL.
2478 385 2659 443 LVIII.
3030 406 3033 407 '
3094 436 3105 445 .
3161 408 3165 412 ‘
3474 392 3578 445 882

883 494 1202 567 Διὰψαλμα
1234 501 1331 567 (a).
1927 510 1971 564 Α
2608 500 2936 574 υὶαρςαιηια.

300 568 303 573 ’
397 586 485 641 15.
528 584 975 657 Ἐπιστρέψουσιν
1002 587 1081 650 είς
1128 588 1405 657 ἑσπέραν,
1459 586 1780 659 λιμὼξουσιν
1826 588 1871 643 ὡ

2080 596 2165 650 15.
2197 595 2597 651 Convertentur
2631 596 2699 652 ad
2721 612 3034 667 vesperam,
3068 596 3268 653 famem
3299 605 3574 662 patientur

325 674 476 729 κύων
494 714 511 743 ,
539 675 636 729 καὶ
666 674 1003 730 κυκλώσουσι
1036 678 1210 732 πόλιν.

2009 696 2061 742 ut
2086 688 2261 754 canis,
2286 696 2340 743 et
2368 688 2679 746 circuibunt
2711 691 3005 746 civitatem.

403 767 488 821 14.
520 766 649 822 Ἰδοὺ
672 767 826 821 αὐτοὶ
841 768 1272 839 ἀποφθέγξονται
1284 772 1340 823 ὲν
1351 769 1429 841 τῷ
1446 769 1671 842 στόματι
1688 769 1867 825 αὐτῶν

1585 769 1867 825 ατιαύτῶν
2076 779 2162 833 II.
2191 779 2330 836 Ecce
2358 780 2461 850 ipsi
2494 781 2786 852 loquemur
2814 783 2865 836 in
2890 797 2983 837 ore
3016 796 3117 836 suo
3142 799 3156 836 :

398 859 489 914 I5.
524 858 596 932 (ὁ)
629 859 741 913 Kal
774 859 1016 932 ῥομφαία
1048 860 1105 914 ὲν
1127 862 1239 926 τοῖς
1269 861 1501 932 χείλεσιν
1523 862 1700 917 αὐτῶν
1723 879 1735 894 ⁸

1461 879 1501 916 ιν
1523 862 1700 917 αὐτῶν
1723 879 1735 894 ⁸
2070 875 2160 930 15.
2194 873 2260 929 Et
2289 874 2502 946 gladius
2530 873 2582 926 in
2613 873 2775 930 labiis
2797 888 2985 927 eorum
3018 888 3032 926 :

400 951 485 1006 I6.
518 952 640 1005 ’Ότι
672 952 755 1016 τίς
771 946 1007 1024 ἧκουσε;
1042 952 1155 1006 Kal
1178 955 1274 1021 σὺ,
1330 953 1502 1027 Κύριε
1529 994 1544 1021 ,
1585 954 1899 1031 ἐκγελάσεις

2070 968 2159 1022 16.
2193 966 2461 1033 Quoniam
2493 968 2617 1036 quis
2649 964 2895 1020 audivit?
2926 962 2993 1018 Et
3018 972 3104 1028 tu,
3133 963 3391 1029 Domine,
3421 962 3566 1019 deri-

324 1044 525 1109 αύτούς
547 1062 562 1077 ο

1996 1060 2147 1116 debis
2178 1074 2272 1114 eos
2306 1076 2318 1112 :

399 1136 482 1190 I7.
526 1135 930 1203 Ἐξουδενωσεις
958 1136 1137 1192 πάντα
1168 1138 1236 1192 τὰ
1265 1138 1412 1212 ἔθνη.

2065 1151 2153 1207 I7.
2189 1150 2269 1204 Ad
2295 1150 2525 1205 nihilum
2557 1149 2792 1204 deduccs
2818 1163 3011 1204 omnes
3032 1156 3237 1219 gentes.

394 1225 480 1280 18.
510 1227 583 1280 Τὸ
607 1229 807 1299 κράτος
846 1246 949 1300 μου
983 1229 1120 1301 πρὸς
1154 1231 1211 1283 σὲ
1233 1231 1473 1300 φυλάξων

2070 1243 2156 1297 I8.
2193 1242 2589 1297 Fortitudinem
2620 1255 2795 1295 meam
2828 1240 2896 1294 ad
2930 1248 2981 1294 te
3007 1238 3311 1295 custodiam
3338 1257 3351 1293 :

396 1316 482 1371 19.
521 1317 640 1371 Ὀτι
668 1320 751 1386 σὺ,
790 1320 819 1372 ὁ
845 1318 998 1384 θεὸς,
1032 1320 1383 1394 ἀντιλήπτωρ
1409 1341 1512 1394 μου
1542 1318 1612 1379 εἴ.

2061 1337 2144 1392 19.
2181 1335 2316 1402 Quia
2345 1344 2421 1399 tu,
2447 1333 2608 1400 Deus,
2642 1342 2926 1403 susceptor
2951 1348 3103 1388 meus
3131 1347 3209 1387 es.

393 1408 482 1463 20.
525 1410 584 1462 '0
606 1409 736 1474 Θεός
765 1429 887 1482 μου,
915 1412 976 1465 τὸ
997 1412 1145 1477 ἔλεος
1165 1414 1327 1468 αὑτοῦ
1356 1415 1655 1487 προφθάσει
1683 1434 1749 1488 με
1771 1433 1785 1447 ·

2058 1426 2149 1480 20.
2183 1425 2328 1481 Deus
2358 1442 2534 1493 meus,
2575 1424 2952 1480 misericordia
2975 1432 3067 1479 tua
3112 1423 3405 1496 praeveniet
3430 1438 3558 1478 me:

391 1499 479 1590 21.
526 1498 583 1554 '0
614 1499 745 1565 Θεός
779 1520 881 1573 μου
911 1503 1071 1571 δείξει
1102 1523 1192 1576 μοι
1221 1507 1278 1561 ὲν
1316 1511 1427 1571 τοῖς
1448 1509 1657 1582 ἐχθροῖς
1691 1528 1815 1581 μου.

2054 1523 2145 1575 21.
2180 1521 2324 1576 Deus
2345 1537 2498 1576 meus
2514 1521 2763 1576 ostendet
2778 1520 2909 1574 mihi
2941 1534 3104 1590 super
3118 1519 3370 1574 inimicos
3389 1532 3556 1573 meos.

390 1589 489 1683 22.Δ
511 1592 601 1664 Μὴ
641 1594 970 1668 ἀποκτείνῃς
1001 1597 1228 1665 αὐτοὺς,
1277 1600 1485 1672 μήποτε
1527 1601 1890 1658 ἐπιλάθωνται

2053 1612 2144 1666 22.
2180 1612 2259 1670 Ne
2286 1614 2504 1669 occidas
2523 1628 2641 1676 eos,
2669 1628 2737 1667 ne
2761 1612 2981 1683 quando
3003 1589 3399 1668 obliviscantur
3427 1610 3559 1680 legis

310 1679 413 1734 τοῦ
434 1680 597 1752 νόμου
625 1699 739 1736 σου.

540 1698 597 1735 ου
625 1699 739 1736 σου.
1988 1713 2111 1762 tuae.

387 1772 476 1828 2'5.
508 1775 903 1849 Διασκὸρπισον
930 1780 1127 1843 αὐτοὺς
1157 1782 1215 1834 ὲν
1247 1784 1313 1854 τῇ
1339 1784 1564 1856 δυνάμει
1600 1804 1693 1842 σου
1712 1804 1727 1821 ο

1502 1802 1564 1839 ιει
1600 1804 1727 1842 σου·
2060 1790 2149 1843 25.
2182 1786 2440 1859 Disperge
2472 1786 2591 1843 illos
2622 1788 2676 1842 in
2706 1788 2902 1842 virtute
2935 1796 3026 1841 tua
3062 1805 3073 1839 :

386 1864 476 1919 24.
509 1867 620 1920 Kal
672 1871 952 1942 κατάγαγε
992 1873 1208 1940 αὐτοὺς,
1253 1876 1282 1929 ὁ
1335 1878 1744 1953 ὑπερασπιστὴς
1782 1899 1884 1952 μου
1916 1861 1957 1915 Β

1843 1899 1884 1934 »υ
1916 1861 1959 1915 Β
2056 1881 2145 1935 24.
2183 1880 2250 1936 Et
2283 1882 2494 1951 depone
2520 1895 2644 1943 eos,
2677 1887 2955 1949 protector
2977 1895 3135 1935 meus
3166 1877 3414 1934 Domine.

312 1957 515 2015 Κύριε.

385 1977 403 2011 θ
447 1976 515 2015 ιε.

385 1976 477 2108 2ῗ5.
517 2053 787 2129 Ἀμαρτία
827 2058 1091 2130 στόματος
1137 2062 1314 2117 αὐτῶν
1341 2063 1497 2133 λόγος
1529 2065 1749 2137 χειλέων
1786 2069 1884 2123 αύ-

2054 2062 2145 2118 25.
2182 2061 2449 2119 Delietum
2481 2063 2595 2119 oris
2624 2077 2816 2118 eorum
2838 2100 2853 2127 ,
2889 2074 3072 2116 sermo
3110 2059 3376 2115 labiorum
3409 2057 3558 2129 ipso-

309 2161 456 2199 των·

1981 2171 2152 2211 mm:

378 2235 468 2291 26.
504 2240 614 2293 Kal
634 2239 1092 2315 συλληφθήτωσαν
1122 2245 1181 2297 ὲν
1209 2248 1275 2318 τῇ
1300 2246 1646 2319 ὑπερηφανίᾳ
1673 2249 1871 2304 αὐτῶν.

1792 2249 1871 2304 ὒν.
2052 2248 2141 2303 26.
2174 2248 2241 2305 Ει
2266 2248 2800 2319 comprehendantur
2828 2247 2882 2300 in
2915 2245 3166 2316 superbia
3204 2258 3302 2298 sua
3329 2242 3363 2297 :‘

384 2328 473 2384 27.
497 2331 607 2384 Kal
632 2332 690 2399 ἐξ
718 2333 856 2405 ἀρᾶς
901 2334 995 2388 καὶ
1037 2335 1266 2407 ψεύδους
1315 2337 1761 2411 διαγγελήσονται
1822 2346 1881 2398 ὲν

2047 2341 2139 2396 27.
2174 2340 2243 2397 Et
2272 2342 2345 2397 de
2381 2342 2791 2403 exsecratione.
2835 2349 2892 2395 et
2928 2336 3217 2393 mendacio
3259 2333 3552 2390 annuntia-

312 2419 618 2492 συντελείᾳ,

1977 2435 2185 2491 buntur
2214 2435 2271 2489 in
2296 2434 2773 2491 consummatione
2792 2474 2805 2500 ,

385 2508 472 2564 28.
514 2511 601 2566 Ἑν
624 2512 759 2585 ὀργῇ
810 2516 1135 2585 συντελείας,
1165 2520 1257 2574 καὶ
1285 2521 1346 2573 ού
1377 2521 1450 2594 μὴ
1472 2523 1770 2596 ύπάρξωσι.

1743 2545 1770 2580 ι.
2049 2525 2139 2579 28.
2171 2523 2232 2579 In
2264 2524 2346 2580 ira
2380 2522 2890 2589 consummationis,
2921 2528 3104 2577 etnon
3134 2526 3314 2576 erunt.

383 2598 470 2656 29.
505 2603 617 2656 Kal
649 2603 967 2672 γνώσονται,
989 2606 1069 2660 ὅτι
1092 2609 1119 2660 ὁ
1161 2607 1294 2673 Θεὸς
1329 2609 1577 2678 δεσπόςει
1616 2614 1712 2669 τοῦ
1776 2616 1882 2669 ’ῐα-

2051 2616 2145 2671 29.
2180 2615 2250 2671 Ει
2282 2617 2476 2686 scient,
2509 2617 2639 2687 quia
2667 2615 2808 2672 Deus
2836 2614 3150 2671 dominatur
3180 2610 3370 2678 Iacob,
3401 2616 3455 2666 et
3483 2607 3548 2663 fi-

308 2689 449 2757 κὼό,
477 2693 571 2746 xal
605 2693 714 2748 τῶν
738 2696 988 2768 περάτων
1020 2699 1119 2770 τῆς
1142 2700 1265 2772 γῆς.

772 2696 988 2768 τεράτων
1020 2699 1119 2770 τῆς
1142 2700 1265 2772 γῆς.
1981 2708 2135 2766 nium
2167 2718 2343 2766 terrae.

388 2783 462 2853 (a)
486 2784 618 2843 Cod.
658 2785 834 2843 Palat.

385 2854 461 2926 (ὁ)
491 2854 645 2914 Vers.
678 2858 765 2914 I5.
793 2860 903 2914 Kal
923 2864 1185 2933 ῥομφαία,
1208 2873 1338 2933 etc.,
1364 2868 1585 2939 ἢκουσε.
1614 2868 1770 2929 Vers.
1790 2872 1878 2941 I6,
1911 2875 1956 2928 K

976 2864 1185 2933 ιμφαία,
1208 2873 1338 2933 etc.,
1364 2868 1585 2939 ἤκουσε.
1614 2868 1770 2929 Vers.
1790 2872 1878 2941 I6,
1911 2872 2024 2928 Kal
2054 2872 2142 2936 σὺ,
2167 2883 2298 2937 etc.,
2329 2867 2547 2932 αὐτούς.

1447 3005 1820 3066 ATHANASII
1857 3007 2436 3067 INTERPRETATIO.

382 3103 468 3201 15.
504 3106 795 3180 Ἔρχονται
825 3114 883 3166 ὲν
939 3114 1120 3169 σκότει
1171 3118 1497 3187 κυκλοῦντες
1535 3123 1633 3198 τὴν
1675 3126 1873 3201 ψυχὴν,
1902 3132 1950 3194 C

2054 3127 2142 3182 15.
2171 3124 2410 3181 Veniunt
2455 3123 2511 3178 in
2557 3121 2797 3178 tenebris
2834 3117 3238 3175 circumdantes
3283 3116 3546 3182 animam.

307 3195 405 3251 zeal
436 3202 740 3257 κατεσθίειν
769 3203 1018 3277 ζητοῦσιν
1041 3208 1117 3271 ὡς
1143 3210 1323 3274 κύνες.
1589 3195 1601 3198 ⁷
1690 3195 1700 3198 ⁷
1754 3195 1785 3200 Π
1808 3195 1820 3201 ⁷

1589 3195 1601 3198 ⁷
1690 3195 1700 3198 ⁷
1754 3195 1820 3201 ’τ’
1979 3227 2033 3275 ct
2055 3219 2317 3274 devorare
2345 3224 2599 3289 quaerunt
2626 3222 2687 3271 ut
2714 3229 2898 3270 canes.

485 3292 613 3389 Ἰδού
636 3295 789 3389 αὐτοὶ
813 3291 958 3389 οὗτοι
975 3302 1363 3379 πειθανότητάς
1378 3324 1529 3373 τινας
1544 3308 1763 3366 λαλοῦσι
1777 3312 1874 3383 (1).
1922 3326 1943 3343 ⁵

2055 3312 2143 3368 14.
2180 3310 2319 3369 Ecce
2351 3311 2409 3366 hi
2453 3311 2558 3382 ipsi
2600 3308 2909 3382 plausibilia
2945 3306 3193 3379 quaedam
3223 3305 3538 3389 loquuntur.

382 3380 467 3438 I5.
496 3385 605 3439 Kal
625 3386 939 3461 ἀναιροῦσιν
962 3393 1020 3446 ἐν
1041 3396 1154 3459 τοῖς
1169 3394 1346 3466 λόγοις
1368 3400 1545 3455 αὐτῶν
1563 3404 1688 3467 τοὺς
1714 3380 1877 3458 ἀκού-

2050 3407 2136 3463 15.
2168 3404 2234 3462 Ει
2254 3380 2511 3463 occidunt
2530 3404 2584 3458 in
2601 3380 2955 3459 sermonibus
2978 3401 3094 3458 suis
3115 3400 3400 3457 audientes
3422 3380 3540 3455 eos.

302 3488 467 3540 οντας
489 3476 685 3533 αὐτῶν.

383 3564 469 3625 I6.
497 3569 609 3624 Kal
643 3572 730 3638 σὺ,
756 3572 948 3647 Κύριε,
966 3577 1258 3643 ἀπελάσεις
1287 3582 1504 3650 αὐτούς.

1446 3586 1504 3650 ις,
2047 3581 2135 3637 I6.
2165 3580 2233 3636 Et
2256 3589 2335 3650 tu,
2363 3581 2617 3646 Domine,
2650 3580 2872 3652 dejicies
2903 3595 3017 3637 eos.

380 3658 588 3741 17..Τά
620 3661 746 3736 ἔθνη
781 3665 921 3720 αὐτά
953 3667 1148 3724 ταῦτα.

2046 3673 2133 3729 17.
2170 3674 2372 3729 Gentes
2406 3672 2744 3744 hujusmodi.

379 3750 467 3806 18.
501 3753 613 3826 Τὴν
637 3754 886 3828 βοήθειάν
929 3776 1031 3830 μου
1054 3760 1207 3832 παρὰ
1235 3761 1327 3816 σοῦ
1358 3766 1589 3837 αἰτήσω.

1547 3783 1589 3822 ι).
2048 3763 2136 3818 18.
2172 3763 2451 3819 Auxilium
2477 3779 2656 3819 meum
2685 3772 2787 3817 ate
2815 3761 3118 3833 postulabo.

375 3844 463 3900 I9.
502 3846 624 3901 Ὅτι
664 3851 728 3905 σὺ
760 3852 1025 3925 ὑπάρχεις
1053 3854 1186 3919 Θεός
1207 3874 1330 3928 μου.

2047 3855 2135 3912 19.
2169 3854 2436 3922 Quoniam
2467 3862 2523 3909 tu
2553 3869 2612 3909 es
2632 3852 2776 3909 Deus
2804 3868 2978 3907 meus.

371 3937 461 3994 20.
511 3939 569 3992 Ὀ
589 3938 781 4013 ἔφορός
797 3961 899 4015 μου
930 3944 1030 4015 (2),
1048 3945 1110 3999 τὸ
1126 3946 1273 4012 ἕλεος
1295 3947 1459 4003 αὐτοῦ
1490 3949 1756 4005 σκεπάσει
1783 3967 1871 4014 με.

2042 3945 2133 4001 20.
2152 3944 2475 4015 Prospector
2490 3958 2666 4008 meus,
2680 3942 3048 3999 misericordia
3064 3950 3153 3996 tua
3172 3946 3415 4010 proteget
3434 3954 3540 3995 me.

377 4029 468 4086 2|.
504 4033 628 4099 Τοῖς
659 4035 877 4108 δαίμοσι
913 4036 1015 4109 (5).
2037 4036 2127 4092 21.
2163 4035 2533 4091 Datntonibus.

373 4123 464 4179 22.
493 4126 586 4199 Μὴ
609 4129 887 4195 παντελῶς
905 4134 1140 4206 ποιήσῃς
1162 4134 1357 4200 αὐτοὺς
1384 4134 1457 4207 μὴ
1481 4129 1643 4203 εῖναι,
1667 4136 1875 4209 μήποτε

2042 4128 2131 4183 22.
2163 4126 2243 4184 Ne
2265 4126 2437 4184 facias
2462 4143 2557 4183 eos
2578 4141 2806 4197 prorsus
2821 4140 2932 4181 non
2947 4124 3232 4191 exsistere,
3255 4120 3545 4193 nequando

298 4215 385 4275 ὡς
412 4217 488 4290 μὴ
528 4219 862 4292 ὑπάρχοντες
891 4223 991 4278 οὐκ
1020 4223 1100 4278 ἔτι
1127 4225 1556 4299 μνημονεύσουσι
1585 4227 1695 4283 τῶν
1716 4227 1869 4284 κολά-

1976 4230 2164 4294 utpote
2217 4236 2328 4276 non
2360 4221 2686 4277 exsistentes
2740 4234 2852 4274 non
2902 4216 3258 4274 recordentur
3313 4213 3545 4287 amplius

301 4324 466 4373 σεων,
498 4302 574 4363 ὧν
597 4311 819 4381 ἐπάγεις
842 4313 1045 4379 αὐτοῖς.

1974 4315 2369 4388 suppliciorum
2399 4329 2522 4385 qum
2546 4312 2680 4384 ipsis
2701 4311 2891 4368 infers.

376 4402 464 4457 25.
509 4403 668 4458 Ἀλλά
692 4404 1077 4479 διασκὸρπισον
1107 4410 1302 4474 αὐτοὺς
1318 4411 1398 4474 εἰς
1422 4410 1483 4464 τὸ
1512 4409 1625 4484 πῦρ
1653 4411 1715 4465 τὸ
1743 4412 1874 4467 αἰώ-

1761 4412 1874 4467 ιῐώ-
2044 4409 2134 4465 25.
2165 4407 2273 4465 Sed
2304 4408 2556 4479 di8perge
2592 4406 2717 4462 illos
2747 4406 2802 4461 iu
2838 4406 3016 4476 ignem
3047 4412 3332 4460 aeternum.

296 4510 436 4550 νιον.
1899 4490 1947 4547 D

374 4587 463 4641 24.
498 4589 607 4642 Kal
639 4590 717 4653 είς
740 4591 986 4663 τάρταρα
1017 4592 1117 4662 τῆς
1150 4592 1251 4664 γῆς
1288 4594 1566 4665 κατά-(ατε
1594 4596 1809 4662 αὐτούς.

1522 4612 1566 4663 τε
1594 4596 1809 4662 αὐτούς,
2038 4588 2131 4642 24.
2165 4587 2233 4643 Ει
2258 4588 2313 4643 in
2348 4597 2549 4643 tartara
2590 4596 2751 4644 terra:
2777 4586 2952 4643 deduc
2979 4602 3093 4644 eos.

368 4679 459 4734 23.
491 4681 589 4734 Διά
625 4683 725 4747 τὰς
750 4684 1024 4755 ἁμαρτίας
1067 4683 1160 4738 τοῦ
1221 4686 1489 4757 στόματος
1537 4688 1712 4744 αὐτῶν
1732 4730 1751 4749 .
1780 4690 1874 4744 xal

2040 4681 2131 4736 25.
2162 4679 2392 4752 Propter
2430 4690 2653 4752 peccata
2690 4681 2805 4737 oris
2859 4681 3129 4752 ipsorum,
3168 4688 3224 4737 et
3261 4694 3543 4737 sermones

292 4771 428 4835 τοὺς
453 4771 644 4841 λόγους
680 4772 753 4847 (4)
782 4773 875 4838 οὓς
907 4775 1171 4847 ἐλάλησαν
1206 4779 1346 4832 κατὰ
1373 4779 1489 4833 σοῦ.

1972 4788 2110 4837 quos
2133 4773 2300 4829 locuti
2335 4783 2466 4829 sunt
2497 4776 2761 4830 adversus
2792 4780 2863 4829 te.
3409 4782 3413 4787 '

373 4862 463 4918 26.
503 4864 613 4917 Kal
639 4865 1101 4921 καταδικασθῶσιν
1125 4870 1181 4922 ἐν
1200 4873 1265 4942 τῇ
1303 4871 1798 4944 ἀνταρσίᾳᾜύτῶν.

1668 4873 1798 4927 τῶν.
2039 4866 2130 4921 26.
2164 4866 2229 4922 Et
2250 4867 2681 4922 condemnentur
2710 4866 2767 4921 in
2795 4867 3091 4923 rebellione
3118 4880 3239 4922 sua.

373 4952 464 5008 27.
493 4956 601 5008 Kal
626 4955 728 5026 τῆς
751 4957 994 5028 ὲκκοπῆς
1024 4958 1122 5029 (5),
1145 4962 1240 5015 καὶ
1266 4961 1360 5015 τοῦ
1376 4961 1625 5032 ψεύδους,
1656 4958 1716 5019 οὗ
1749 4964 1872 5019 ἐλά-

2038 4958 2129 5013 27.
2160 4957 2229 5014 Ει
2273 4959 2342 5015 de
2385 4958 2737 5014 ell‘renatione
2779 4958 2932 5023 oris,
2985 4969 3039 5014 et
3080 4956 3363 5013 mendacio
3399 4954 3542 5025 quod

293 5049 492 5122 λησαν,
528 5049 623 5103 καὶ
644 5049 886 5115 ἐδίδαξαν
920 5052 978 5105 ἐν
1013 5051 1090 5123 τῷ
1109 5054 1314 5125 κόσμῳ.

1972 5051 2140 5108 locuti
2169 5061 2315 5118 sunt,
2343 5060 2398 5106 et
2423 5050 2733 5135 docuerunt
2756 5051 2812 5119 in
2836 5050 3057 5105 mundo.

368 5141 458 5196 28.
476 5143 588 5196 Kal
604 5144 661 5196 ὲν
676 5144 740 5215 τῇ
758 5144 892 5215 ὀργῇ
916 5144 1014 5215 τῆς
1031 5145 1340 5211 συντελείας
1354 5147 1415 5201 οὐ
1440 5147 1514 5221 μὴ
1538 5148 1869 5222 ὑπάρξωσιν.

2042 5144 2133 5198 28.
2166 5142 2234 5198 Et
2259 5143 2313 5197 in
2346 5144 2429 5198 ira
2457 5143 2951 5200 consummationis
2981 5157 3087 5197 non
3126 5138 3444 5196 subsistent.

370 5233 460 5289 29.
504 5235 610 5288 Kal
634 5235 757 5288 τότε
786 5234 1107 5304 γνώσονται,
1146 5237 1227 5291 ὅτι
1261 5237 1340 5310 τῷ
1376 5239 1495 5312 Θεῷ
1535 5241 1872 5296 δουλεύσουσι

2041 5237 2133 5292 29.
2169 5234 2234 5290 Et
2260 5244 2389 5291 tunc
2418 5244 2783 5309 cognoscent,
2833 5233 2979 5306 quod
3016 5231 3126 5287 Deo
3161 5229 3398 5285 servient
3427 5243 3544 5282 om-

298 5328 478 5384 πᾶσαι
500 5326 663 5398 φυλαὶ
687 5325 931 5396 γλῶσσαι
968 5326 1064 5399 (6).

1017 5328 1064 5398 ι).
1973 5346 2072 5387 nes
2097 5329 2271 5386 tribus
2290 5340 2344 5386 et
2372 5331 2588 5401 linguae.

1259 5441 1562 5507 Addenda
1594 5453 1654 5506 et
1683 5447 2058 5526 corrigenda
2082 5464 2161 5510 ex
2216 5446 2355 5509 cod.
2388 5447 2589 5509 Vatic.

479 5563 808 5641 ᾼᾳλήειουσξο
903 5632 934 5641 __
1203 5631 1239 5641 ﬁ
1326 5633 1338 5641 _
2048 5571 2126 5641 (4)
2156 5572 2361 5639 Λόγους
2391 5572 2587 5632 αὐτῶν,
2617 5581 2720 5625 etc.

375 5631 452 5702 (2)
474 5631 671 5688 Αὑτοῦ.
696 5634 789 5688 sed
811 5632 999 5688 melius
1031 5648 1153 5703 μου.
1194 5631 1370 5692 Paulo
1401 5649 1515 5706 post
1562 5641 1866 5713 προφθάσει

2046 5631 2121 5721 (ἓ)
2150 5631 2548 5721 ἐξέκτξξέῆςξοῦ
2577 5631 2824 5721 53/625094-
3013 5710 3025 5721 .
3315 5706 3326 5721 .
3404 5702 3470 5721 ..

305 5717 441 5785 με-.
492 5775 503 5785 .
564 5772 577 5785 .
734 5772 752 5785 .
778 5771 790 5785 .
1402 5703 1411 5706 ﬁ
1610 5703 1622 5713 ’
1685 5703 1696 5712 ’
2150 5712 2271 5767 Ὅτι
2313 5703 2484 5785 Ἰησοῦ
2536 5703 2612 5781 τῷ
2658 5709 2774 5780 Θεῷ
2798 5748 2812 5764 .
2841 5749 2853 5763 .
2884 5745 2900 5761 .
2923 5748 2935 5761 .
2974 5710 3028 5761 αἱ
3061 5705 3221 5774 φυλαὶ
3244 5706 3338 5759 καὶ
3367 5703 3542 5775 γλῶσ-

373 5739 447 5845 ίὸ)
477 5772 709 5845 Δαίμοσι
734 5771 899 5841 λέγει.
1979 5739 2086 5839 call
