3978 6204
335 253 444 310 885
1238 251 1327 305 DE
1371 249 1640 305 TITULIS
1677 249 2122 308 PSALMORUM.
2160 283 2229 293 ——
2268 251 2460 305 PSAL.
2504 251 2639 305 LIX.
3484 253 3587 304 886

410 369 461 421 2.
501 364 806 436 Ὠργίσθης,
840 365 931 417 καὶ
965 363 1304 435 ᾠκτείρησας
1333 365 1498 434 ἡμᾶς.
1950 380 1981 424 Α

1950 380 1993 424 Α
2092 367 2144 419 2.
2175 365 2346 420 lratus
2373 381 2452 430 es,
2483 375 2537 419 et
2571 365 2827 420 misertus
2853 380 2912 420 es
2946 366 3124 420 nobis.

405 460 457 511 5.
489 455 810 518 Συνέσεισας
837 455 935 525 τὴν
976 455 1098 524 γῆν,
1129 455 1222 505 καὶ
1251 453 1612 523 συνετάραξας
1654 456 1845 525 αὑτήν·

2092 460 2146 511 5.
2183 456 2540 514 Commovisti
2571 466 2792 522 terram,
2830 467 2884 511 et
2913 456 3258 512 conturbasti.
3284 471 3403 510 cam
3432 495 3445 508 .

410 549 463 602 4.
497 548 676 599 Ἵασαι
700 545 768 599 τά
794 546 1173 616 συντρίμματα
1208 545 1398 614 αὐτῆς,
1425 547 1506 597 ὅτι
1536 545 1819 616 ἐσαλεύθη.

2091 551 2144 603 4.
2177 549 2319 604 Sana
2349 550 2702 605 contritiones
2741 550 2880 620 eius,
2912 549 3040 619 quia
3075 558 3346 604 commota
3379 555 3479 601 est.

411 641 464 695 5.
497 639 742 706 Ἐδειξας
758 638 835 708 τῷ
866 637 978 708 λαῷ
1015 655 1107 690 σου
1131 636 1360 707 σκληρά.

2091 643 2143 697 5.
2179 641 2477 698 Ostendisti
2509 643 2708 712 populo
2738 652 2833 696 tuo
2867 643 3038 699 dura:

411 732 461 786 6.
502 731 788 794 Ἐπότισας
814 731 960 801 ἡμᾶς
993 724 1134 782 οἶνον
1156 727 1520 792 κατανύξεως.

2096 733 2149 789 6.
2176 733 2385 790 Potasti
2418 749 2521 789 nos
2551 736 2684 789 vino
2708 737 3165 804 conpunctionis.

417 823 466 879 7.
501 822 748 886 Ἔδωκας
773 824 885 884 τοῖς
919 821 1271 891 φοϐουμένοις
1300 837 1358 872 σε
1390 821 1708 892 σημείωσιν,
1729 824 1801 893 (a)
1821 825 1914 876 τοῦ

2092 827 2146 883 7.
2178 826 2380 882 Dedisti
2415 827 2783 881 metuentibus
2818 837 2867 882 te
2900 829 3386 899 significationem,
3416 842 3472 888 ut
3505 833 3589 888 fu-

333 919 532 986 φυγεῖν
570 917 676 969 άπὺ
705 913 995 986 προσώπου
1021 913 1193 980 τόξου.

1024 913 1193 980 τόξου.
2020 918 2170 988 giant
2199 933 2232 971 a
2261 916 2396 973 facie
2417 933 2595 974 arcus.

413 1009 466 1064 8.
501 1010 688 1072 Ὅπως
707 1007 771 1061 ἂν
800 1007 1066 1078 ρυσθῶσιν
1095 1007 1142 1058 οἱ
1171 1007 1437 1077 ἀγαπητοί
1462 1023 1573 1060 σου.

1363 1008 1437 1060 τοί
1462 1023 1573 1060 σου.
2091 1008 2144 1062 8.
2186 1007 2253 1064 Ut
2273 1009 2573 1065 liberentur
2598 1010 2780 1066 dilecti
2816 1014 2891 1066 tui
2922 1031 2934 1067 :

412 1100 466 1156 9.
491 1101 670 1154 Σῶσον
698 1103 763 1171 τῇ
794 1099 943 1169 δεξιᾷ
973 1115 1088 1161 σου,
1129 1099 1224 1152 καὶ
1248 1098 1549 1152 ὲπάκουσόν
1581 1118 1702 1170 μου.

2092 1103 2145 1156 9.
2179 1101 2400 1156 Salvum
2429 1102 2516 1158 fac
2544 1104 2764 1160 dextera
2801 1116 2912 1175 tua,
2943 1118 2996 1164 et
3024 1112 3217 1167 exaudi
3251 1127 3357 1168 me.

413 1192 500 1247 10.
545 1194 600 1246 Ὀ
626 1192 756 1256 Θεὸς
781 1191 1037 1263 ἐλάλησεν
1058 1193 1113 1245 ὲν
1144 1189 1221 1260 τῷ
1253 1191 1391 1260 άγίῳ
1420 1191 1606 1244 αὑτοῦ·

1600 1211 1606 1223 υ
2095 1193 2180 1247 10.
2207 1193 2348 1249 Deus
2373 1195 2588 1251 locutus
2612 1206 2696 1252 est
2729 1198 2780 1251 in
2813 1210 3001 1255 sancto
3031 1218 3132 1255 suo
3159 1221 3171 1256 :

415 1284 502 1337 11.
539 1284 976 1354 Ἀγαλλιάσομαι,
1009 1286 1100 1338 καὶ
1132 1284 1396 1355 διαμεριῶ
1420 1285 1636 1354 Σίκιμα·

1627 1303 1636 1312 -
2091 1285 2176 1336 11.
2208 1283 2479 1354 ιαιιεῢοτ,
2503 1294 2556 1342 et
2585 1289 2829 1358 partibor
2859 1290 3156 1347 Sichimam
3186 1313 3198 1348 :

415 1378 504 1431 12.
540 1378 650 1430 Καὶ
677 1376 774 1447 τὴν
807 1376 1026 1430 κοιλάδα
1058 1377 1165 1430 τῶν
1196 1376 1412 1446 σκηνῶν
1445 1375 1809 1446 διαμετρήσω.

2095 1377 2183 1431 12.
2215 1375 2284 1432 Ει
2315 1379 2615 1434 convallem
2648 1383 3124 1439 tabernaculorum
3156 1388 3407 1442 metibor.

417 1471 504 1526 15.
538 1469 696 1540 Ἐμός
725 1471 840 1521 ἐστι
868 1467 1100 1532 Γαλαὰδ,
1137 1469 1231 1522 καὶ
1259 1470 1388 1540 ὲμός
1415 1471 1528 1521 ἐστι
1565 1467 1881 1536 Μανασσῆςο

1872 1481 1881 1496 ’
2099 1469 2185 1524 15.
2216 1469 2367 1526 Meus
2391 1481 2472 1528 est
2504 1471 2726 1541 Galaad,
2757 1483 2809 1530 ct
2841 1491 2994 1532 meus
3027 1487 3109 1531 est
3137 1477 3443 1534 Manasscs:

418 1648 496 1719 (a)
526 1648 686 1703 Vers.
714 1648 769 1713 8,
802 1646 977 1702 Τοῦ...
1005 1648 1070 1700 Υ.
1107 1645 1159 1710 9,
1193 1645 1400 1708 Ὅπως.

1463 1820 1843 1878 ATHANASII
1876 1820 2474 1878 ZINTERPRETATIO.

343 2044 456 2096 γει,
483 2028 563 2080 ὃτι
592 2028 684 2081 ἐπὶ
713 2027 856 2083 τέλει
897 2029 946 2081 οξ
990 2027 1380 2099 άλλοιούμενοι,
1414 2026 1697 2080 τουτέστιν
1737 2025 1784 2078 oi
1824 2025 2281 2096 μεταϐαλλόμενοι
2308 2025 2417 2080 ἀπὸ
2451 2023 2544 2077 τοῦ
2583 2022 2753 2077 κακοῦ
2812 2025 2892 2088 εἰς
2919 2023 2980 2076 τὸ
3012 2024 3236 2092 ἀγαθὸν,
3285 2027 3362 2089 εἰς
3402 2025 3592 2097 στηλο-

342 2121 584 2190 γραφίαν
609 2120 877 2191 ἔρχονται,
900 2120 1043 2189 λέγω
1069 2120 1133 2191 δὴ
1155 2121 1234 2184 εἰς
1262 2119 1358 2189 τὴν
1383 2119 1634 2188 ἐνάρετον
1654 2117 1948 2172 πολιτείανσ
1980 2114 2117 2170 εἶταο
2157 2116 2240 2182 Τῷ
2294 2117 2474 2173 Δαϐὶδ
2499 2119 2586 2184 εἰς
2632 2117 2909 2186 διδαχὴν,
2963 2116 3106 2187 φημὶ
3139 2117 3230 2170 καὶ
3265 2120 3343 2181 είς
3372 2117 3591 2186 διδαχὴν

342 2213 454 2266 τοῦ
477 2212 684 2266 ἱκανοῦ
711 2211 785 2281 τῇ
813 2213 982 2282 χειρὶ,
1001 2213 1136 2284 ὅπερ
1168 2214 1247 2277 εἰς
1262 2213 1351 2266 τὸν
1371 2211 1572 2283 Κύριον
1606 2211 1935 2282 ἀναφέρεται
1969 2227 1984 2244 ·
2013 2211 2108 2263 καὶ
2135 2210 2318 2264 λοιπὸν
2366 2211 2685 2279 ἐνεπύρισε
2710 2209 2808 2282 τὴν
2837 2209 3066 2281 ἔπαρσιν
3091 2209 3184 2262 τοῦ
3216 2212 3590 2281 μετεωρισμοῦ

343 2301 548 2356 ὡσανεὶ
573 2302 671 2374 τὴν
706 2303 1000 2375 ἁμαρτίαν,
1026 2305 1118 2357 καὶ
1144 2305 1235 2358 τὸν
1285 2305 1659 2376 μετεωρισμὺν
1691 2304 1790 2374 τῆς
1821 2303 2096 2374 ἁμαρτίας
2148 2303 2244 2357 καὶ
2289 2302 2668 2370 παλαιώσεως,
2702 2303 2946 2358 τουτέστι
2979 2304 3070 2357 τὸν
3092 2303 3338 2358 θάνατον·
3366 2303 3592 2356 δώδεγα

344 2393 460 2466 γὰρ
489 2395 748 2463 χιλιάδες
778 2395 1064 2471 [χιλιάδας]
1085 2393 1205 2452 εἷπε
1234 2397 1323 2451 διὰ
1354 2397 1417 2450 τὸ
1447 2399 1554 2452 πᾶν
1581 2397 1682 2468 τῆς
1709 2397 1983 2470 ἁμαρτίας
2016 2397 2108 2451 τοῦ
2143 2396 2398 2452 Θανάτου.

345 2529 601 2586 feruntur
629 2546 660 2585 a
691 2531 836 2586 malo
869 2531 924 2586 in
958 2532 1184 2598 bonum,
1215 2531 1441 2586 veniunt
1474 2530 1530 2584 in
1565 2529 1704 2585 tituli
1741 2529 2173 2600 inscriptionem,
2203 2531 2328 2586 dico
2357 2535 2538 2585 autem
2570 2529 2638 2586 ad
2662 2529 2860 2584 bonam
2884 2529 3008 2584 vitae
3040 2529 3457 2586 institutionem.
3484 2531 3589 2586 De-

345 2627 476 2682 inde
500 2645 513 2681 :
555 2627 719 2682 David
746 2628 802 2680 in
830 2627 1148 2690 doctrinam,
1174 2635 1226 2680 et
1254 2627 1306 2680 in
1336 2625 1660 2691 doctrinam,
1695 2625 1940 2694 inquam,
1969 2641 2129 2679 manu
2152 2625 2346 2695 fortis;
2372 2623 2518 2694 quod
2550 2623 2617 2679 ad
2643 2622 2935 2678 Dominum
2965 2623 3216 2680 refertur.
3244 2623 3313 2680 Ει
3331 2627 3547 2682 demum
3574 2648 3586 2681 :

345 2717 629 2774 Succendit
657 2718 1011 2774 elevationem
1033 2719 1416 2785 sublimitatis;
1445 2733 1640 2789 nempe
1660 2729 1964 2789 peccatum,
1997 2727 2052 2775 et
2083 2720 2473 2775 sublimitatem
2509 2718 2719 2790 peccati
2747 2727 2802 2772 et
2831 2719 3118 2775 vetustatis
3151 2738 3165 2775 :
3191 2719 3296 2776 hoc
3329 2733 3412 2777 est
3441 2740 3588 2780 mor-

345 2823 458 2871 tem
493 2833 507 2869 :
536 2813 830 2868 Duodecim
857 2815 994 2868 enim
1020 2815 1192 2868 millia
1221 2813 1376 2880 dixit,
1410 2823 1631 2884 propter
1657 2830 1818 2871 omne
1844 2831 2016 2886 genus
2046 2818 2254 2888 peccati
2281 2815 2554 2872 mortalis.

419 3014 474 3070 2.
497 3015 609 3069 Οὐκ
631 3017 711 3080 εἰς
734 3015 888 3079 τέλος
909 3015 1284 3089 ἀπεστράφης,
1309 3015 1429 3068 οὐδὲ
1455 3015 1721 3070 ἐπελάθου
1742 3015 1920 3088 ἡμῶν.
1953 3025 1990 3080 Β

2093 3019 2146 3072 2.
2179 3017 2298 3074 Νοη
2337 3019 2389 3073 in
2426 3019 2586 3076 linem
2635 3029 2915 3076 aversatus
2943 3034 3023 3088 es,
3049 3034 3227 3091 neque
3271 3021 3475 3077 oblitus
3526 3037 3583 3076 es

2021 3113 2215 3167 nostri.

419 3194 473 3248 5.
501 3195 565 3246 Οἱ
594 3193 652 3258 ἐξ
674 3193 843 3247 ὲθνῶν
867 3195 942 3265 (1)
967 3193 1297 3258 ἀκούσαντες
1315 3194 1401 3247 διὰ
1421 3196 1516 3248 τού
1545 3194 1917 3267 κηρύγματος,

2090 3207 2140 3260 5.
2176 3205 2281 3272 Qui
2317 3221 2384 3261 ex
2423 3206 2674 3276 gentibus
2713 3215 2841 3262 sunt
2882 3206 3164 3261 audientes
3197 3220 3292 3275 per
3329 3204 3587 3275 praedica-

343 3287 429 3339 ὅτι
462 3285 694 3356 ἐστησας
720 3286 954 3358 ἡμέραν,
971 3280 1085 3360 ὲν
1118 3286 1328 3358 μέλλεις
1349 3289 1526 3358 κρῖναι
1552 3288 1649 3358 τὴν
1670 3289 1914 3360 οἰκουμέ-

2023 3299 2243 3366 tionem,
2271 3300 2418 3370 quod
2462 3300 2698 3355 statuisti
2736 3299 2902 3366 diem,
2933 3299 2988 3352 in
3017 3312 3128 3368 quo
3154 3297 3498 3368 iudicaturus
3528 3313 3588 3352 es

342 3394 446 3448 νην
477 3378 532 3430 ἐν
555 3377 892 3451 δικαιοσύνῃ.

2021 3395 2207 3449 orbem
2238 3395 2291 3449 in
2318 3397 2552 3466 justitia.

414 3471 470 3525 4.
506 3473 680 3524 Ἴασαι
709 3473 778 3525 τὰ
803 3471 1184 3543 συντρίμματα
1206 3472 1392 3543 αὐτῆς,
1411 3473 1491 3525 ὅτι
1518 3473 1794 3544 ὑπήκουσέ
1815 3489 1919 3529 σοι.

2086 3487 2140 3540 4.
2181 3485 2322 3541 Sana
2353 3489 2703 3543 contritiones
2729 3488 2869 3558 ejus,
2897 3488 3157 3559 quoniam
3185 3485 3428 3542 obedivit
3466 3484 3583 3539 tibi.

418 3563 470 3617 5.
506 3565 686 3618 Πάντα
707 3565 778 3618 τὰ
806 3565 1200 3636 προστάγματά
1226 3583 1340 3621 σου.

1228 3583 1340 3621 σου.
2093 3579 2146 3632 5.
2179 3577 2375 3633 Omnia
2401 3581 2654 3634 mandata
2691 3588 2799 3633 tua.

418 3653 472 3707 6.
503 3655 612 3725 Τὴν
636 3656 792 3726 χάριν
817 3671 908 3706 σου
932 3657 1009 3720 εἰς
1039 3655 1370 3724 ἐπιστροφήν

2092 3670 2143 3725 6.
2177 3671 2362 3725 Gratia
2389 3681 2480 3725 tua
2511 3672 2576 3726 ad
2611 3675 3046 3730 conversionem.

420 3743 472 3796 7.
509 3745 629 3807 Τοῖς
660 3745 736 3816 (2)
767 3748 979 3809 πιστοῖς
1025 3745 1244 3814 γνῶσιν,
1292 3741 1385 3796 τοῦ
1439 3747 1628 3813 φυγεῖν
1677 3744 1784 3799 ἀπὸ
1823 3749 1918 3817 τῆς

347 3835 640 3888 ἁμαρτίας.

2097 3762 2147 3817 7.
2174 3761 2450 3818 Fidelibus
2484 3763 2888 3830 cognitionem,
2927 3773 2984 3818 ut
3026 3765 3236 3833 fugiant
3274 3781 3304 3818 a
3347 3774 3583 3833 peccato.

389 3852 640 3906 μαρτιας.

416 3928 471 3982 8.
516 3929 636 3980 Ἀπ’
663 3928 832 3998 αὐτῆς
854 3928 930 4000 (5)
961 3928 1059 3998 τῆς
1094 3928 1387 3998 ἁμαρτίας.

1104 3928 1387 3998 ἁμαρτίας.
2092 3935 2144 3989 8.
2182 3936 2265 3990 Ab
2294 3936 2411 4007 ipso
2439 3945 2675 4006 peccato.

418 4021 469 4073 9.
519 4020 849 4073 Ἐπάκουσὸν
887 4038 1010 4091 μου,
1043 4022 1136 4074 κα)⁵
1172 4020 1342 4073 σῶσον
1369 4022 1425 4073 έν
1457 4020 1533 4091 τῷ
1565 4020 1680 4092 Υίῷ
1708 4037 1820 4074 σου.

1572 4020 1680 4092 fit?)
1708 4037 1820 4074 σου.
2087 4026 2141 4080 9.
2179 4026 2386 4080 EXaudi
2415 4042 2520 4092 me,
2548 4037 2602 4080 et
2627 4027 2773 4082 salva
2802 4029 2854 4082 in
2889 4029 3024 4085 Filio
3052 4038 3143 4086 tuo

415 4110 504 4165 10.
545 4111 601 4165 '0
632 4112 820 4184 Πατὴρ
852 4113 910 4165 έν
929 4111 1005 4181 τῷ
1051 4111 1182 4182 Υἱῷ.

1068 4111 1182 4182 mp.
2094 4118 2182 4173 10.
2216 4117 2374 4172 Pater
2401 4119 2454 4172 in
2481 4118 2639 4174 Filio.

421 4203 509 4256 11.
553 4205 765 4273 Σίκιμα
792 4203 1152 4275 ἑρμηνεύεται
1206 4204 1637 4258 ἀναϐαίνουσα.
1684 4202 1793 4274 Τὴν
1831 4199 1922 4256 οὖν

2092 4211 2178 4263 11.
2209 4208 2440 4263 Sic/timo
2467 4210 2846 4278 interpretatur
2870 4210 3170 4263 ascendens.
3197 4209 3587 4266 Ascendcntmn

343 4293 735 4348 ἀναϐαίνουσαν
767 4294 943 4366 ψυχὴν
985 4295 1119 4364 πρὸς
1142 4295 1229 4365 μὲ,
1281 4295 1312 4364 ἢ
1348 4292 1514 4363 αὐτὴν
1557 4292 1631 4363 (4)
1661 4292 1758 4363 τὴν
1804 4293 1914 4346 Ἐκ-

2024 4301 2188 4372 igitur
2238 4301 2474 4354 animam
2511 4301 2579 4354 ad
2604 4315 2718 4364 me,
2753 4317 2848 4356 seu
2894 4302 3067 4370 ipsam
3106 4301 3401 4356 Ecclesium
3436 4321 3591 4374 sepa-

346 4387 576 4458 κλησίαν
605 4388 928 4458 άποχωρίσω
959 4387 1066 4440 ἀπὸ
1093 4387 1184 4439 τοῦ
1209 4388 1411 4456 κόσμου
1442 4384 1681 4455 ἐμαυτῷ.

1051 4394 1066 4440 >
1093 4387 1184 4439 τοῦ
1209 4388 1411 4456 κόσμου
1442 4384 1681 4455 ἐμαυτῷ.
1947 4367 1989 4425 C
2025 4367 2157 4448 rabo
2183 4393 2316 4446 mihi
2341 4408 2371 4445 a
2399 4393 2622 4449 mundo.

419 4480 505 4534 12.
538 4481 648 4532 Καὶ
672 4482 728 4532 ἐν
759 4483 825 4550 τῇ
861 4479 1003 4549 ψυχῇ
1033 4479 1141 4531 τῶν
1172 4477 1246 4551 (5)
1285 4477 1554 4532 ταπεινῶν
1609 4478 1916 4547 ἐμπεριπα-

1717 4493 1916 4547 περιπα-
2098 4487 2185 4544 12.
2220 4484 2286 4540 Et
2312 4486 2363 4538 in
2395 4485 2577 4540 anima
2611 4484 2895 4539 humilium
2921 4483 3288 4541 inambulabo.

345 4573 515 4644 τήσω.

419 4666 509 4720 15.
550 4665 797 4720 Γαλαὰδ
856 4665 1214 4737 ἑρμηνεύεται
1272 4664 1540 4717 κατοικία
1584 4664 1915 4734 μαρτυρίου

2095 4663 2183 4716 15.
2233 4660 2441 4715 Galaad
2490 4660 2874 4729 interpretatur
2917 4660 3235 4714 inlmbitatio
3281 4665 3584 4716 testimonii.

349 4756 448 4826 (6).
501 4757 840 4827 Μανασσῆς
920 4759 1279 4830 ἑρμηνεύεται
1348 4757 1912 4825 ἐπιλανθανόμενος.

2026 4755 2296 4810 Monaeses
2330 4756 2715 4824 interpretatur
2737 4753 2949 4807 oblitus.
2979 4753 3092 4809 Hoc
3116 4757 3277 4824 igitur
3302 4758 3588 4826 signiﬁcat,

348 4845 518 4900 Τοῦτο
574 4844 667 4902 οὖν
709 4847 876 4917 λέγει·
925 4849 1096 4916 Ἐμός
1128 4847 1259 4901 ἐστι
1307 4846 1572 4910 Γαλαὰδ,
1599 4845 1627 4896 ὁ
1661 4846 1768 4898 ἀπὸ
1817 4845 1916 4915 τῆς

2025 4848 2174 4902 Meus
2199 4858 2273 4902 est
2302 4847 2512 4902 Galaad
2537 4863 2555 4901 :
2580 4847 2673 4916 qui
2706 4862 2736 4900 a
2767 4856 2985 4915 peccato
3029 4849 3493 4917 transmigraverit
3523 4851 3587 4901 ad

346 4939 620 5012 ἁμαρτίας
653 4942 899 5012 μέτοικος
927 4941 1208 5010 γινόμενος
1257 4938 1394 5010 πρὸς
1428 4938 1528 5008 ἐμὲ
1556 4937 1613 4988 ὲν
1645 4936 1917 5007 μαρτυρίᾳ

2024 4957 2109 4995 me
2133 4941 2186 4994 in
2216 4939 2526 4993 testimonio
2554 4955 2566 4989 :
2591 4941 2675 5002 et,’
2696 4954 2837 4991 meus
2860 4947 2934 4991 est
2965 4936 3254 5001 Illanasses,
3280 4937 3587 5007 quioblitus

349 5033 446 5105 (1)-
475 5035 570 5090 καὶ
597 5035 738 5105 ἐμός
782 5035 911 5088 ἐστι
959 5032 1318 5100 Μανασσῆς,
1361 5034 1390 5084 ὁ
1433 5029 1916 5099 ἐπιλανθανόμενος

1782 5045 1916 5091 ιενος
2020 5039 2106 5086 est
2136 5031 2486 5102 pristinarum
2513 5045 2735 5084 suarum
2761 5031 3024 5084 malarum
3061 5029 3353 5084 actionum.

347 5125 456 5179 τῶν
487 5127 768 5198 προτέρων
797 5125 957 5181 αὐτοῦ
983 5123 1229 5195 πονηρῶν
1262 5123 1529 5196 πράξεων.

1291 5271 1600 5332 Addenda
1636 5277 1694 5330 et
1728 5265 2111 5346 corrigenda
2143 5282 2220 5326 ex
2253 5265 2394 5326 cod.
2435 5265 2637 5327 Vatic.

327 5441 331 5534 ζ
415 5453 494 5534 (ε)
528 5453 679 5534 om
701 5453 880 5534 ἐθνῶν
892 5453 1094 5534 desunt.

2091 5450 2167 5534 (an
2197 5449 2338 5534 ea:
2621 5448 2811 5534 αὐῖήν»
2836 5456 2940 5534 φφ·

324 5519 330 5548 ⁸
418 5519 494 5594 (2)
531 5524 776 5588 Ἐδωκας
797 5527 927 5591 τοῖς,
955 5533 1058 5578 etc.
1444 5591 1452 5594 Α
1576 5591 1616 5594 μ

2095 5521 2170 5590 (5)
2204 5522 2312 5572 Καὶ
2339 5519 2435 5588 τὴν
2460 5519 2633 5588 ψυχὴν
2662 5519 2792 5594 τῷν,
2820 5525 2923 5570 etc.

421 5589 497 5663 (5)
551 5595 657 5648 Τοῦ
705 5589 1047 5664 φυγεῖνὰπὸ
1098 5593 1194 5661 τῆς
1253 5591 1539 5662 ἁμαρτίας.
1575 5591 1637 5648 Ν.
1680 5595 1733 5649 9.
1786 5595 1914 5648 Ἀπὸ
2088 5589 2164 5664 (0)
2195 5591 2456 5664 Μετοικία
2481 5589 2802 5664 μαρτυρίας.

345 5661 530 5734 αὐτῆς.
719 5661 729 5664 ⁷
796 5661 801 5662 ⁷
1298 5661 1301 5662 ν
1374 5661 1381 5662 ί
2089 5663 2164 5734 (7)
2194 5663 2284 5725 Εἰς
2321 5661 2638 5733 μαρτυρίαν.
