3978 6204
385 305 482 364 891
1227 314 1286 371 S.
1327 315 1696 372 ATHANASH
1743 320 1892 376 OPP.
1934 321 2111 377 PARS
2146 322 2232 378 lll‘.
2269 349 2338 362 —
2375 322 2784 380 EXEGETICA.
3503 327 3603 383 892

591 419 656 478 In
685 423 861 493 ﬁnem,
889 442 982 494 pro
1018 425 1250 480 (dit/xum
1295 429 1530 496 psalmus
1565 430 1751 486 David.
1976 442 2023 498 Α
2046 439 2147 504 Elg-

2046 439 2147 504 Είς
2178 440 2241 493 τὸ
2272 438 2476 504 τέλος,
2509 437 2663 507 ὺπέρ
2708 436 2961 506 Ἰδιθοὺμ
3001 439 3242 507 ψαλμὸς
3286 440 3366 506 τῷ
3409 445 3598 500 Δαϐίδ.

970 518 1168 574 PSAL.
1209 520 1366 577 LXI.

2633 535 2806 588 ΨΑΛ.
2866 532 3007 585 ΞΑ’.

457 609 509 664 1.
537 606 726 664 Nonne
747 608 856 664 Deo
886 610 1130 680 subjecta
1152 613 1254 667 erit
1282 614 1461 668 anima
1487 615 1648 668 mea?

2118 625 2168 678 1.
2205 625 2338 695 Οὐχὶ
2369 623 2446 694 τῷ
2478 623 2596 694 Θεῷ
2629 626 3030 696 ὑποταγήσεται
3063 627 3096 697 ἡ
3123 625 3265 698 ψυχή
3303 645 3440 698 μου;

453 701 508 755 2.
543 703 624 756 Ab
650 702 768 771 ipso
802 702 944 756 enim
978 703 1223 758 Salutare
1254 720 1454 759 meum.

2114 716 2168 771 2.
2205 714 2341 786 Παρ’
2377 714 2524 786 αὑτῷ
2554 715 2660 787 γὰρ
2691 715 2750 768 τὸ
2784 716 3060 787 Σωτήριόν
3089 734 3210 787 μου.

455 793 511 848 5.
538 791 673 849 Nam
699 802 752 848 et
773 794 888 864 ipse
917 793 1060 850 Deus
1090 809 1242 850 meus
1267 805 1320 849 et
1347 795 1614 850 Salutaris
1645 811 1820 864 meus,

2117 808 2170 862 5.
2204 807 2314 860 Kal.
2342 807 2448 878 γὰρ
2482 807 2642 870 αὑτὸς
2670 807 2800 872 Θεός
2830 825 2927 878 μου
2957 810 3050 861 καὶ
3079 811 3270 882 Σωτήρ
3299 829 3418 882 μου,

455 886 509 939 4.
541 886 833 953 Susceptor
861 902 1039 950 meus,
1072 902 1180 940 non
1212 887 1470 940 movebor
1499 887 1753 956 amplius.

2118 900 2173 954 4.
2214 899 2584 970 Ἀντιλήπτωρ
2617 919 2716 971 μου
2737 941 2750 963 ,
2778 901 2836 953 οὑ
2883 901 2957 972 μὴ
3002 901 3244 955 σαλευθῶ
3277 905 3368 957 ἐπὶ
3402 906 3596 960 πλεῖον,

460 977 513 1031 5.
550 976 847 1046 Quousque
877 978 1086 1034 irruitis
1117 980 1171 1032 in
1201 978 1515 1033 hominem?

2116 992 2167 1047 5.
2192 993 2331 1057 Ἕως
2359 993 2486 1046 πότε
2520 991 2822 1046 ἐπιτίθεσθε
2857 995 2942 1045 ἐπ’
2974 994 3290 1064 ἄνθρωπονς

458 1067 510 1121 6.
544 1068 850 1124 lnterlicitis
882 1069 1120 1124 universi
1151 1085 1282 1124 vos:

2121 1084 2173 1138 6.
2199 1085 2453 1137 Φονεύετε
2479 1085 2677 1148 πάντες
2711 1087 2885 1156 ὑμεῖς,

457 1160 512 1215 7.
547 1157 827 1229 Tanquam
874 1161 1066 1231 parieti
1117 1161 1376 1217 inclinato
1456 1169 1510 1217 et
1561 1161 1813 1216 maceria:
1857 1160 1950 1216 de-

2123 1178 2173 1231 7.
2221 1177 2307 1241 Ὢς
2339 1178 2498 1249 τοίχῳ
2531 1178 2869 1252 κεκλισμὲνῳ
2893 1178 2984 1230 καὶ
3018 1178 3255 1250 φραγμῷ
3281 1179 3534 1250 ὠσμένῳ;

385 1252 590 1324 pulsae?

460 1341 512 1396 8.
552 1339 937 1396 Verumtamen
973 1340 1204 1411 pretium
1237 1357 1416 1399 meum
1452 1345 1822 1417 cogitaverunt
1868 1359 1952 1399 re-

2123 1352 2176 1407 8.
2212 1352 2358 1424 Πλὴν
2395 1354 2492 1425 τὴν
2521 1357 2682 1425 τιμήν
2714 1372 2814 1426 μου
2846 1355 3230 1410 ἐϐουλεύσαντο
3270 1357 3595 1410 ἀπώσασθαι.

387 1433 606 1502 pellere.
1713 1475 1717 1478 .

456 1524 509 1579 9.
536 1523 766 1580 Cucurri
795 1525 848 1579 in
885 1526 972 1580 siti
997 1568 1010 1579 .

2122 1529 2174 1583 9.
2206 1529 2477 1600 Ἔδραμον
2504 1531 2561 1583 ἐν
2589 1531 2732 1603 δίψῃ.

462 1615 548 1670 10.
580 1615 685 1671 Ore
731 1633 829 1672 suo
873 1618 1282 1686 benedicebant,
1307 1619 1469 1674 corde
1491 1618 1567 1691 [et
1599 1617 1784 1684 corde,
1819 1616 1949 1688 ctc.]

2126 1619 2212 1673 10.
2238 1619 2328 1690 Τῷ
2354 1621 2578 1691 στόματι
2600 1621 2774 1676 αὑτῶν
2798 1622 3072 1692 εὑλόγουν,
3098 1627 3164 1695 τῇ
3203 1624 3398 1696 καρδίᾳ
3435 1624 3598 1679 αὐτῶν

388 1725 487 1765 suo
511 1711 920 1766 maledicebant.

817 1720 920 1765 ant.
2055 1730 2192 1783 κατη
2203 1713 2388 1784 ρῶντο.

1012 1801 1342 1872 Diapsalma.
1979 1806 2020 1860 Β

1979 1806 2020 1860 Β
2602 1803 2916 1876 Διάψαλμα
2949 1807 3044 1877 (a).

459 1894 546 1947 11.
579 1893 965 1948 Verumtamen
994 1895 1104 1948 Deo
1127 1893 1368 1963 subjecta
1394 1899 1534 1955 esto,
1567 1892 1748 1947 anima
1795 1907 1948 1948 mea:

1831 1907 1948 1948 lea:
2124 1896 2210 1950 11.
2241 1896 2386 1965 Πλὴν
2419 1896 2497 1967 τῷ
2530 1897 2646 1968 Θεῷ
2675 1899 2996 1970 ὑποτάγηθι,
3029 1902 3060 1971 ἡ
3088 1900 3231 1971 ψυχή
3267 1917 3402 1971 μου’

460 1985 546 2038 12.
581 1984 849 2050 Quoniam
882 1987 949 2040 ab
979 1987 1096 2054 ipso
1125 1986 1378 2054 patientia
1411 2000 1552 2040 mea.

2122 1987 2208 2041 12.
2248 1989 2369 2042 ’Ότι
2399 1992 2526 2059 παρ’
2558 1990 2704 2062 αὐτῷ
2733 1994 2765 2062 ἡ
2806 1993 3047 2063 ὑπομονή
3084 2011 3204 2063 μου.

459 2074 546 2128 15.
573 2073 716 2140 Quin
743 2076 856 2144 ipse
887 2075 1028 2130 Deus
1060 2091 1212 2130 meus
1241 2085 1294 2130 et
1324 2075 1573 2130 Salvator
1595 2090 1784 2131 meus:
1842 2081 1858 2099 '

1842 2081 1858 2099 ⁸
2125 2082 2211 2135 15.
2255 2083 2374 2134 ’Ότι
2400 2083 2560 2146 αὐτὸς
2592 2083 2722 2147 Θεός
2753 2102 2852 2155 μου
2878 2085 2970 2137 καὶ
3002 2086 3190 2157 Σωτήρ
3217 2102 3316 2156 μου
3340 2101 3356 2117 ·

457 2169 547 2223 14.
575 2169 800 2238 Adjulor
822 2184 999 2238 meus,
1029 2184 1136 2224 non
1163 2168 1463 2239 emigrabo.

2125 2171 2210 2224 14.
2251 2172 2618 2247 Ἀντιλήπτωρ
2650 2191 2772 2246 μου,
2807 2175 2868 2226 οὑ
2902 2175 2975 2246 μὴ
3005 2175 3436 2246 μεταναστεύσω.

461 2300 537 2372 (a)
564 2300 747 2356 Codex
772 2300 945 2357 Palat.

1507 2457 1878 2512 ATHANASII
1913 2454 2494 2512 INTERPRETATIO.

466 2613 531 2666 'H
557 2612 890 2684 προκειμένη
923 2612 1200 2686 ἐπιγραφὴ
1245 2613 1487 2685 περιέχει
1533 2612 1644 2684 (1)°
1676 2615 1778 2680 Εἰς
1804 2612 1871 2666 τὸ
1898 2613 2072 2678 τέλος
2096 2653 2110 2677 ,
2147 2610 2300 2679 ὑπὲρ
2345 2609 2591 2679 Ἰδιθοὺμ
2649 2609 2891 2680 unaue;
2955 2608 3037 2676 τῷ
3061 2609 3238 2664 Δαϐίδ
3258 2625 3272 2641 ο
3325 2608 3481 2663 τοῦτο
3525 2605 3608 2664 οὖν

390 2704 571 2773 λέγει·
593 2705 686 2756 ἐπὶ
703 2705 845 2758 τέλει
883 2703 989 2758 τῶν
1019 2705 1228 2760 αἰώνων
1249 2706 1387 2778 ὑπὲρ
1414 2705 1521 2760 τοῦ
1547 2705 1686 2770 ἐνὸς
1707 2705 1910 2773 κριτοῦ
1933 2701 2038 2756 τοῦ
2063 2701 2389 2772 ἐρχομένου
2410 2720 2424 2733 ο
2455 2701 2612 2754 τοῦτο
2643 2701 2751 2772 γὰρ
2785 2702 3142 2774 ἑρμηνεύεται
3174 2702 3409 2774 Ἰδιθούμ
3427 2718 3442 2732 ”
3475 2700 3606 2757 εἷται

396 2797 643 2873 Ψαλμὸς
667 2795 746 2861 τῷ
771 2796 967 2861 Δαϐὶδ,
985 2797 1229 2850 τουτέστι
1253 2796 1485 2867 ψαλμὸς,
1515 2792 1594 2860 τῷ
1616 2793 1802 2858 ἱκανῷ
1826 2791 1900 2861 τῇ
1924 2793 2078 2862 χειρί
2095 2808 2108 2820 ⁸
2136 2791 2292 2844 τοῦτο
2321 2790 2428 2862 γὰρ
2461 2791 2819 2862 ἑρμηνεύεται
2841 2791 3021 2846 Δαϐίδ.
3042 2792 3246 2846 Οὐκοῦν
3269 2791 3451 2861 σαφῶς
3471 2792 3614 2860 λέγει

390 2892 520 2963 περὶ
539 2892 630 2945 τοῦ
659 2890 788 2945 Υἱοῦ
821 2890 913 2945 τοῦ
947 2891 1101 2960 Θεοῦ,
1137 2893 1229 2946 τοῦ
1263 2892 1380 2955 ἑνὸς
1409 2889 1597 2963 κριτοῦ
1625 2890 1922 2962 ἐρχομένου
1951 2887 2160 2943 ἱκανοῦ
2190 2888 2340 2958 χειρὶ
2368 2887 2542 2954 ὄντος
2570 2887 2668 2959 (2).

463 2982 676 3039 Titulus
705 2985 1029 3054 prmpositus
1063 2987 1307 3041 continet
1332 3003 1344 3040 :
1369 2985 1437 3038 In
1466 2986 1643 3054 ﬁnem,
1679 3000 1774 3053 pro
1804 2982 2045 3036 [dit/ium
2073 2980 2310 3050 psalmus
2333 2979 2523 3034 David.
2557 2978 2671 3035 Hoc
2703 2980 2868 3051 igitur
2896 2980 3169 3053 signiﬁcat
3193 2998 3206 3034 :
3233 2981 3287 3034 in
3320 2980 3429 3035 ﬁne
3449 2995 3619 3035 sarcu-

390 3075 569 3130 lorum
596 3091 692 3146 pro
716 3095 819 3132 uno
841 3079 1019 3147 judice
1044 3089 1293 3140 venturo;
1321 3077 1395 3131 ita
1433 3077 1580 3132 enim
1613 3076 2004 3146 interpretatur
2042 3071 2303 3128 Idithum.
2336 3071 2540 3127 Deinde
2567 3092 2581 3127 :
2614 3071 2862 3126 Psalmus
2909 3071 3100 3135 David,
3139 3072 3240 3128 hoc
3265 3079 3350 3127 est
3376 3071 3619 3141 psalmus

392 3187 554 3224 manu
577 3173 722 3241 forti,
751 3173 826 3227 ita
849 3175 991 3228 enim
1023 3176 1410 3243 interpretatur
1435 3170 1626 3226 David.
1659 3173 1848 3241 Itaque
1873 3167 2163 3224 manifeste
2190 3168 2429 3238 loquitur
2467 3168 2534 3223 de
2562 3167 2700 3223 Filio
2729 3167 2844 3236 Dei,
2877 3168 2969 3238 qui
3001 3168 3196 3224 unicus
3233 3166 3407 3223 Judex
3432 3175 3623 3224 ventu-

393 3279 490 3320 rus
522 3275 626 3332 est,
659 3274 713 3321 et
734 3283 893 3320 manu
916 3267 1068 3336 furtis
1089 3277 1187 3320 est.

467 3375 520 3430 1.
548 3373 732 3445 Neque
759 3377 970 3446 justum
1012 3394 1188 3449 neque
1221 3379 1352 3435 utile
1373 3387 1456 3436 est
1477 3379 1671 3433 animae
1693 3393 1824 3433 mea:
1844 3377 1952 3432 ulla
1981 3383 2022 3442 c

2129 3375 2181 3428 1.
2223 3374 2296 3427 Οὑ
2341 3373 2545 3427 δίκαιον
2573 3375 2667 3428 καὶ
2697 3375 2970 3446 συμφέρον
3005 3375 3120 3428 ἐστὶ
3152 3377 3218 3447 τῇ
3255 3375 3398 3446 ψυχῇ
3435 3392 3535 3448 μου
3565 3376 3623 3428 ὲν

390 3465 450 3522 in
481 3483 540 3523 re
561 3469 835 3526 adversari
866 3470 997 3527 Deo.

2063 3466 2248 3538 μηδενὶ
2276 3465 2626 3520 ἀνθίστασθαι
2658 3466 2734 3537 τῷ
2765 3467 2902 3539 Θεῷ.

455 3560 513 3617 2.
540 3559 673 3614 Nam
698 3562 839 3631 apud
865 3578 990 3617 eum
1016 3561 1126 3617 vita
1155 3576 1275 3616 mea
1295 3567 1349 3616 et
1375 3559 1429 3615 in
1455 3563 1706 3632 praesenti
1737 3564 1956 3619 saeculo.

2130 3557 2184 3610 2.
2205 3557 2340 3626 Παρ⁹
2362 3555 2509 3626 αὑτῷ
2530 3556 2636 3628 γὰρ
2660 3559 2691 3626 ἡ
2718 3556 2828 3629 ζωή
2856 3575 2955 3629 μου
2983 3558 3077 3612 καὶ
3098 3557 3155 3611 ἐν
3180 3556 3256 3628 τῷ
3279 3557 3373 3610 νῦν
3395 3555 3472 3626 (5)
3489 3556 3619 3609 ὄντι.

462 3653 516 3709 5.
547 3652 680 3708 Nam
733 3664 787 3711 et
831 3655 947 3726 ipse
998 3662 1082 3711 est
1134 3663 1348 3710 creator
1405 3669 1560 3711 meus
1605 3664 1659 3710 et
1711 3655 1959 3712 Salvator

2129 3651 2183 3704 5.
2219 3650 2327 3702 Καὶ
2349 3648 2457 3719 γὰρ
2479 3649 2639 3713 αὑτός
2660 3651 2775 3702 ἐστι
2803 3650 3132 3722 δημιουργός
3185 3667 3284 3722 μου
3318 3651 3413 3704 καὶ
3437 3651 3623 3720 Σωτήρ

401 3763 576 3803 meus.
2063 3759 2184 3812 μου.»

465 3839 520 3892 4.
559 3837 673 3894 Νοη
701 3839 976 3895 discedam
1004 3839 1072 3894 ab
1107 3854 1172 3894 eo
1203 3853 1376 3909 usque
1409 3838 1464 3892 in
1492 3838 1676 3894 ﬁnem.

2128 3835 2180 3890 4.
2210 3834 2284 3887 Οὐ
2321 3833 2394 3904 μὴ
2433 3833 2652 3886 ἀποστῶ
2688 3833 2782 3887 ἀπ’
2813 3832 2976 3885 αὑτοῦ
3011 3833 3116 3897 ἕως
3137 3835 3342 3898 τέλους.

463 3933 518 3988 5.
548 3932 843 4004 Quousque
873 3933 1110 3988 humana
1130 3933 1370 4004 potentia
1393 3941 1448 3988 et
1472 3932 1678 3988 auxilio
1707 3932 1960 3988 utimini?

2131 3925 2183 3983 5.
2216 3925 2357 3996 Ἕως
2381 3923 2510 3976 πότε
2537 3926 2601 3994 τῇ
2635 3921 2952 3997 ἀνθρωπίνῃ
2979 3923 3260 3995 δυναστείᾳ
3287 3925 3380 3978 καὶ
3405 3923 3624 3996 βοηθείᾳ

1521 4078 1530 4086 .
2059 4015 2260 4088 χρῆσθε
2290 4014 2400 4086 (4)’;

461 4107 517 4164 6.
546 4107 614 4162 Ει
640 4108 886 4165 occiditis
909 4108 1195 4166 inferiores
1220 4110 1376 4166 vobis
1402 4129 1414 4163 :

2129 4107 2180 4161 6.
2211 4108 2320 4160 Kal.
2350 4106 2600 4176 φονεύετε
2621 4110 2746 4172 τοὺς
2769 4110 3189 4182 ὑποδεεστέρους
3222 4109 3375 4180 ὑμῶν
3400 4128 3413 4140 ·

467 4197 522 4254 7.
548 4200 724 4254 Veluti
753 4215 910 4256 muro
935 4202 1165 4269 cadenti,
1197 4209 1250 4256 et
1277 4199 1524 4256 maceria:
1543 4200 1820 4273 disjectze?

2137 4199 2187 4254 7.
2231 4199 2318 4263 Ὡς
2342 4200 2503 4270 τοίχῳ
2530 4200 2781 4254 πίπτοντι
2811 4204 2903 4257 καὶ
2934 4204 3170 4274 φραγμῷ
3197 4203 3404 4274 ριφέντι
3421 4219 3442 4267 ;

467 4290 520 4346 8.
548 4291 625 4346 Ita
649 4293 904 4347 mandata
933 4308 1054 4348 mea
1075 4293 1433 4362 repelluntur.

2134 4292 2187 4346 8.
2222 4291 2407 4354 Οὕτως
2439 4293 2508 4346 τὰ
2539 4295 2935 4366 προστάγματα
2965 4314 3063 4366 μου
3090 4295 3449 4350 ἀπωθοῦνται.

469 4383 523 4447 9,
557 4381 645 4438 10.
671 4380 848 4436 Veluti
882 4397 1109 4438 currens
1150 4385 1204 4438 in
1243 4382 1355 4446 siti,
1389 4381 1484 4451 qui
1511 4398 1608 4438 ore
1632 4383 1853 4454 quidem
1881 4385 1962 4440 ni-

2130 4386 2184 4451 9,
2221 4385 2309 4440 10.
2351 4384 2440 4448 Ὠς
2472 4389 2501 4440 ὁ
2524 4388 2729 4460 τρέχων
2760 4391 2816 4442 ὲν
2849 4393 2914 4462 τῇ
2947 4389 3024 4460 (5)
3051 4390 3178 4462 δίψῃ
3203 4391 3276 4461 τῷ
3305 4391 3404 4461 μὲν
3438 4391 3630 4461 στόμα-

395 4476 496 4537 bit,
521 4488 618 4529 cor
659 4482 840 4529 autem
885 4478 1004 4543 ejus
1034 4475 1171 4528 nihil
1209 4483 1368 4544 potus
1411 4474 1614 4544 excipit
1645 4494 1658 4530 :
1689 4477 1764 4532 ita
1797 4476 1958 4532 etiam

2062 4493 2115 4530 τι
2154 4477 2318 4543 πίνει,
2344 4481 2376 4550 ἡ
2410 4481 2467 4534 δὲ
2492 4480 2686 4551 καρδία
2711 4481 2875 4533 αὑτοῦ
2909 4481 3057 4534 οὐδὲν
3099 4482 3307 4553 δέχεται
3334 4482 3426 4536 τοῦ
3456 4484 3629 4554 πόμα-

397 4567 486 4620 isti
535 4582 628 4622 ore
673 4582 861 4622 eorum
888 4567 1100 4638 eloquia
1149 4583 1268 4622 mea
1313 4565 1605 4636 accipiunt,
1647 4583 1742 4624 cor
1781 4579 1960 4626 autem

2063 4586 2154 4632 τος
2172 4586 2186 4599 ·
2211 4569 2352 4624 οὑτω
2385 4573 2478 4624 καὶ
2507 4566 2650 4626 οὗτοι
2680 4572 2757 4644 τῷ
2779 4573 3004 4644 στόματι
3039 4575 3214 4628 αὑτῶν
3243 4577 3311 4629 τὰ
3345 4577 3501 4646 λόγιά
3526 4595 3628 4647 μου

397 4673 584 4713 eorum
619 4657 775 4729 longe
805 4659 974 4714 abest.

2063 4659 2344 4732 δέχονται,
2398 4665 2430 4734 ή
2459 4663 2516 4716 δὲ
2546 4664 2740 4735 καρδία
2784 4664 2962 4718 αὑτῶν
2997 4666 3276 4737 πόρρωθεν
3307 4668 3382 4737 (6)
3416 4668 3629 4738 ἀπέχει.

472 4751 558 4804 11.
595 4750 676 4804 Tu
711 4761 914 4816 autem,
941 4752 1120 4806 anima
1147 4767 1287 4820 mea,
1313 4755 1421 4810 Deo
1446 4757 1688 4827 subjecta
1714 4765 1852 4812 esto.
1991 4773 2034 4828 ι)

1813 4771 1852 4811 ),
1991 4773 2034 4828 D
2133 4752 2219 4804 11.
2259 4753 2330 4806 Σὺ
2355 4753 2432 4819 δὲ,
2460 4753 2602 4825 ψυχή
2639 4773 2738 4826 μου
2760 4797 2774 4821 ,
2807 4755 2883 4826 τῷ
2916 4756 3033 4827 Θεῷ
3063 4758 3384 4829 ὑποτάγηθι.

469 4841 554 4895 12.
589 4841 854 4908 Quoniam
888 4845 1030 4914 apud
1058 4845 1237 4914 ipsum
1267 4848 1552 4905 retributio
1582 4865 1721 4905 mea.

2135 4844 2222 4900 12.
2261 4846 2382 4899 Ὅτι
2410 4850 2539 4918 παρ’
2565 4848 2712 4920 αὑτῷ
2746 4852 2777 4919 ἡ
2810 4850 3198 4920 μισθαποδοσία
3233 4870 3353 4922 μου.

468 4935 557 4990 15.
591 4933 724 4989 Nam
753 4944 806 4990 et
834 4935 948 5005 ipse
973 4934 1114 4992 Deus
1137 4953 1292 4994 meus
1320 4947 1374 4994 et
1399 4940 1647 4996 Salvator
1676 4957 1851 4998 meus.

2137 4937 2226 4994 15.
2263 4939 2372 4992 Καὶ
2405 4940 2513 5011 γὰρ
2550 4941 2626 5009 (7)
2661 4941 2822 5004 αὑτὸς
2858 4942 2988 5007 Θεός
3022 4961 3121 5014 μου
3158 4945 3248 4997 καὶ
3287 4945 3477 5018 Σωτήρ
3507 4962 3632 5016 μου.

472 5025 558 5080 14.
593 5025 885 5096 Susceptor
911 5041 1066 5084 meus
1091 5037 1173 5084 est
1198 5046 1213 5095 ;
1241 5031 1374 5085 nulli
1402 5031 1556 5087 alteri
1583 5033 1887 5090 adhaerebo.

2135 5028 2220 5082 14.
2265 5029 2629 5104 Ἀντιλήπτωρ
2665 5032 2764 5101 μού
2801 5034 2973 5088 ἐστιν’
3006 5035 3066 5087 οὑ
3109 5035 3184 5106 μὴ
3212 5034 3354 5107 ἄλλῳ
3383 5036 3488 5089 τινὶ
3512 5034 3637 5090 καλε

2065 5121 2229 5192 ληθῶ.

1345 5294 1652 5361 Addenda
1682 5303 1744 5359 et
1789 5296 2165 5376 corrigenda
2199 5317 2273 5361 ex
2309 5303 2447 5364 cod.
2482 5304 2682 5366 Vatic.

677 5481 764 5534 διὰ
791 5483 889 5553 τῆς
916 5484 1282 5557 κινναϐάρεως
1315 5504 1437 5557 περ.
2141 5491 2218 5560 (5)
2248 5493 2325 5562 Τῇ
2356 5491 2526 5547 deest.

476 5549 554 5634 ‘32
592 5549 856 5634 19"“?!
982 5625 1052 5634 ..
1145 5549 1186 5634 ’-
2141 5549 2218 5634 l6)
2245 5549 2460 5634 1139:500-

479 5617 558 5750 §3)
592 5619 703 5672 Νῦν
727 5622 882 5675 αἰῶνι
913 5625 1005 5678 καὶ
1037 5627 1093 5680 ἐν
1121 5625 1197 5697 τῷ
1229 5625 1491 5697 μέλλοντι.

506 5687 562 5752 4)
593 5690 937 5758 Κεχρῆσθαη

1484 5664 1491 5678 .
2249 5617 2522 5707 Κάὶ’γάρ,
2560 5643 2687 5700 etc,
2719 5633 2813 5704 τῷ,
2842 5634 3055 5690 desunt.
