3978 6204
469 283 572 340 899

544 401 628 457 12.
662 400 901 459 Scrutati
939 413 1064 461 sunt
1095 406 1433 475 iniquitatem
1461 429 1474 464 :

541 494 626 548 15.
665 495 990 553 Delecerunt
1024 508 1330 556 scrutantes
1360 505 1642 561 scrutinio.

539 585 625 640 M.
662 587 896 648 Accedet
921 590 1118 654 homo',
1148 602 1200 646 et
1231 609 1325 647 cor
1359 597 1684 663 profundum
1711 618 1724 654 :

538 676 624 731 15.
664 677 729 733 Ει
760 681 1085 736 exaltabitur
1115 682 1275 738 Deus.

544 766 630 821 16.
667 767 1260 839 Sagittaeparvulorum
1293 773 1446 830 facta:
1470 787 1598 832 sunt
1618 780 1788 850 plaga:
1807 796 1994 838 eorum
2019 805 2030 838 :

537 854 624 910 17.
665 856 730 911 Et
755 858 1039 915 inﬁrmata:
1079 872 1204 919 sunt
1235 877 1424 921 contra
1464 884 1558 924 eos
1593 869 1788 940 lingua:
1819 889 2032 931 eorum.

531 945 616 1000 18.
651 948 970 1006 Conturbati
1023 965 1151 1009 sunt
1197 971 1423 1024 omnes,
1469 961 1563 1030 qui
1600 963 1854 1020 videbant
1887 981 1980 1022 eos
2017 987 2030 1022 :

534 1037 620 1091 19.
665 1038 728 1093 Et
758 1041 936 1096 timuit
969 1045 1148 1100 omnis
1181 1048 1369 1103 homo.

529 1126 621 1182 20.
658 1129 723 1183 Ει
747 1134 1209 1191 annuntiaverunt
1231 1153 1395 1209 opera
1419 1142 1539 1209 Dei,

526 1221 618 1276 21.
656 1221 722 1276 Et
753 1223 892 1280 facta
921 1228 1038 1298 ejus
1069 1229 1469 1289 intellexerunt.

529 1314 619 1369 22.
654 1314 950 1374 Laetabitur
966 1321 1148 1391 justus
1165 1325 1218 1378 in
1243 1326 1493 1396 Domino,
1518 1337 1573 1384 et
1600 1332 1839 1402 sperabit
1859 1334 2028 1392 ineo:

524 1492 612 1548 25.
653 1494 720 1550 Ει
748 1497 1112 1556 laudabuntur
1142 1518 1335 1560 omnes
1367 1511 1498 1564 recti
1538 1509 1724 1567 corde.

453 1645 520 1701 ,1η
558 1649 738 1718 ﬁnem,
777 1654 1011 1722 psalmus
1046 1659 1240 1712 cantici
1269 1659 1438 1716 David
1476 1680 1494 1718 :
1539 1665 1826 1734 (canticum
1875 1667 2025 1723 lere-

523 1737 644 1792 mia:
671 1748 721 1792 et
761 1739 1073 1808 Ezechielis,
1098 1746 1160 1798 de
1182 1750 1361 1815 populi
1384 1754 1843 1824 transmigratione
1860 1770 2029 1825 quan—

521 1824 589 1878 do
616 1829 904 1898 profecturi
930 1832 1128 1904 erant.)
1170 1831 1375 1890 PSAL.
1414 1836 1623 1895 LXIV.

519 1937 570 1992 1.
609 1938 684 1996 Te
712 1941 865 2000 decet
890 1947 1144 2017 hymnus.
1175 1947 1335 2013 Deus,
1372 1949 1427 2003 in
1468 1950 1638 2008 Sion:

519 2121 595 2193 (a)
635 2121 788 2181 Vers.
820 2127 907 2190 19,
936 2127 1026 2196 20,
1056 2130 1158 2185 sub
1194 2134 1354 2189 unico
1380 2149 1531 2188 num.

1320 289 1376 346 ὃ.
1419 293 1787 350 ATHANASII
1828 297 1975 354 OPP.
2024 300 2199 357 PARS
2243 302 2332 358 111.
2377 337 2440 346 —
2483 306 2894 368 EXEGETICA.

3597 317 3705 372 900

2061 426 2107 483 Α
2206 421 2294 477 12.
2324 423 2718 496 Ὲξηρεύνησαν
2747 430 2974 501 ἀνομίαν
3005 447 3018 460 ’

2210 515 2294 569 15.
2321 515 2593 581 Ἐξέλιπον
2619 520 3003 592 ἐξερευνῶντες
3034 523 3423 595 ἐξερευνήσεις.

2209 608 2296 664 14.
2338 611 2760 679 Προσελεύσεται
2793 615 3093 688 ἄνθρωπος,
3126 618 3220 671 καὶ
3245 619 3438 689 καρδία
3478 617 3696 689 βαθεῖα·

2207 704 2294 758 15.
2336 707 2445 758 Ka‘t
2473 708 2813 781 ὑψωθήσεται
2841 714 2869 764 6
2899 712 3049 775 Θεός.

2209 795 2293 850 16.
2336 797 2498 862 Βὲλος
2524 801 2730 871 νηπίων
2765 803 3097 876 ἐγενήθησαν
3118 807 3173 859 αἱ
3206 805 3410 877 πληγαὶ
3435 807 3612 861 αὐτῶν

2207 891 2288 944 17.
2330 892 2438 945 Καὶ
2462 893 2820 968 ἐξησθένησαν
2845 897 2931 951 ἐπ’
2948 899 3142 963 αὐτοὺς
3166 901 3220 952 αἱ
3241 900 3479 968 γλῶσσαι
3499 903 3696 960 αὐτῶν.

2205 981 2290 1035 18.
2319 983 2727 1056 Ἐταράχθησαν
2761 989 2958 1052 πάντες
2982 990 3032 1042 οἱ
3061 989 3390 1062 θεωροῦντες
3420 993 3611 1060 αὐτούς
3631 1012 3647 1026 ο

2204 1073 2289 1129 19.
2332 1075 2406 1146 (a)
2443 1077 2552 1130 Kal.
2577 1079 2814 1153 ἐφοϐήθη
2848 1084 2953 1146 πᾶς
2979 1083 3282 1154 ἄνθρωπος.

2202 1168 2291 1223 20.
2332 1170 2440 1223 Καὶ
2473 1171 2798 1243 ἀνήγγειλαν
2829 1175 2896 1230 τὰ
2926 1176 3062 1246 ἔργα
3086 1178 3180 1231 τοῦ
3213 1179 3372 1245 Θεοῦ,

2201 1262 2292 1316 21.
2331 1264 2440 1318 Καὶ
2468 1264 2537 1318 τὰ
2563 1268 2840 1338 ποιήματα
2869 1269 3032 1322 αὐτοῦ
3064 1271 3324 1340 συνῆκαν.

2199 1353 2290 1406 22.
2328 1355 2773 1428 Εὑφρανθήσεται
2804 1358 3008 1423 δίκαιος
3037 1361 3093 1413 ἐν
3126 1361 3202 1432 τῷ
3232 1361 3442 1434 Κυρίῳ,
3473 1364 3567 1417 καὶ
3605 1363 3692 1418 ἐλ-

2131 1449 2244 1499 πιεῑ
2273 1448 2361 1500 ἐπ’
2386 1449 2546 1502 αὐτόν
2565 1467 2578 1480 ’

2197 1539 2284 1593 25.
2327 1541 2434 1594 Καὶ
2450 1542 2894 1614 ἐπαινεθήσονται
2916 1545 3114 1608 πάντες
3128 1546 3177 1598 οἱ
3195 1546 3369 1611 εὐθεῖς
3393 1549 3456 1618 τῇ
3476 1548 3686 1620 καρδίᾳ.

2128 1657 2232 1720 Εις
2251 1657 2316 1709 τὸ
2348 1655 2540 1723 τέλος,
2563 1656 2804 1726 ψαλμὸς
2827 1657 2982 1726 ᾠδῆς
3013 1657 3094 1724 τῷ
3121 1660 3297 1713 Δαϐίδ
3313 1677 3326 1690 ο
3364 1660 3504 1731 (ᾠδὴ
3533 1663 3686 1731 Ἱερε-

2189 1750 2331 1820 μίου
2376 1751 2475 1804 καὶ
2522 1750 2790 1820 Ἰεζεκιὴλ
2833 1750 2940 1805 τοῦ
2993 1753 3142 1807 λαοῦ
3193 1753 3302 1822 τῆς
3343 1755 3645 1824 παροικίας
3667 1791 3685 1820 ,

2055 1834 2098 1891 Β
2195 1844 2293 1898 ὅτε
2321 1844 2579 1914 ἔμελλον
2607 1845 3078 1918 ἐκπορεύεσθαι.)
3115 1849 3288 1901 ΨΑΛ.
3317 1847 3437 1906 ΞΔ’.

2194 1959 2246 2013 1.
2284 1958 2376 2013 Σοὶ
2401 1959 2608 2031 πρέπει.
2629 1959 2815 2031 ὕμνος,
2847 1961 2878 2015 6
2900 1959 3051 2028 Θεὸς,
3079 1961 3138 2016 ἐν
3165 1961 3321 2019 Σιών⁸

1563 2287 1939 2345 ATHANASII
1977 2290 2562 2354 INTERPRETATIO.

514 2453 602 2507 12.
638 2453 693 2509 ln
735 2456 1072 2527 philosophia
1122 2459 1370 2530 quadam
1413 2477 1668 2532 perversa
1709 2466 2010 2538 loquuntur

441 2550 631 2596 contra
663 2542 850 2599 Deum.

511 2633 599 2689 15.
635 2635 918 2693 Perierunt
949 2640 1150 2694 nullam
1181 2654 1484 2710 quaerentes
1509 2647 1812 2706 veritatem.
1847 2671 1853 2678 -

512 2727 599 2782 M.
629 2727 818 2785 Veniet
844 2733 910 2786 ad
945 2733 1191 2788 homines
1222 2734 1482 2794 habentes
1509 2741 1739 2810 gratiam
1771 2742 1827 2798 in
1853 2742 2006 2800 Scri-

446 2818 631 2884 pluris.

507 2911 595 2964 15.
626 2909 688 2964 Et
717 2911 1108 2980 glorilicabitur
1131 2915 1273 2974 Deus
1303 2919 1358 2974 in
1391 2921 1546 2991 ipsis.

509 2999 595 3054 16.
632 2999 801 3057 Verba
830 3005 974 3059 enim
1005 3023 1193 3062 eorum
1223 3011 1537 3068 existimata
1561 3025 1720 3072 acuta
1753 3031 1896 3085 esse,
1924 3019 2009 3075 in-

436 3092 591 3147 ﬁrma
622 3094 974 3152 inveniuntur
1000 3109 1188 3156 contra
1220 3102 1496 3160 hominem
1531 3106 1647 3162 Dei.

505 3271 596 3330 17.
628 3273 695 3328 Et
725 3276 936 3334 confusi
961 3290 1089 3336 sunt
1121 3284 1174 3336 in
1205 3286 1453 3342 doctrina
1481 3303 1692 3345 eorum.

520 3363 594 3423 :8.
615 3363 1025 3437 Obstupuerunt
1053 3387 1242 3429 omnes
1277 3377 1371 3446 qui
1409 3393 1504 3433 eos
1537 3379 1709 3436 victos
1735 3380 2001 3438 viderunt.

507 3542 595 3607 19,
615 3543 706 3600 20.
741 3544 809 3600 Ει
837 3546 1066 3604 miratus
1087 3560 1171 3605 est
1199 3567 1380 3610 omnis
1406 3570 1590 3623 nomo,
1615 3567 1670 3612 et
1709 3559 1783 3615 ita
1825 3561 1999 3616 dixit:

433 3633 617 3690 Gratia
647 3636 742 3692 Dei
769 3649 853 3695 est
881 3641 936 3695 in
970 3642 1193 3700 homine
1233 3648 1326 3701 aui
1353 3649 1642 3707 confundit
1690 3655 1997 3714 hatreticos.

500 3811 588 3867 21.
615 3813 681 3868 Ει
712 3817 990 3874 veritatem
1024 3820 1117 3877 Dei
1150 3838 1541 3896 cognoverunt.

496 3903 584 3959 22.
616 3905 922 3966 Exsultabit
945 3914 1226 3987 homoqui
1259 3919 1540 3978 beareticos
1569 3929 1867 3996 superavit.

500 4103 588 4158 25.
622 4103 684 4159 Ει
722 4107 1083 4166 laudabuntur
1113 4129 1304 4171 omnes
1349 4120 1445 4188 qui
1474 4133 1619 4179 recte
1654 4128 1898 4200 cogitant
1930 4130 1997 4186 de

430 4193 692 4250 Domino.

507 4350 572 4404 Ἠ
602 4360 931 4464 πκςοῗεειμένη
959 4363 1239 4464 ἐπιφραφὴ
1265 4372 1507 4464 περιέχει
1535 4374 1632 4447 (6)⁶
1665 4381 1770 4444 Εἰς
1807 4381 1875 4434 τὸ
1906 4383 2099 4454 τέλος,
2122 4390 2362 4460 ψαηλμὸς
2397 4393 2555 4464 ᾠδῆς
2598 4396 2679 4462 τῷ
2725 4399 2919 4454 Δαϐίδ.
2956 4400 3124 4456 Τοῦτο
3167 4398 3261 4458 οὖν

2188 2470 2370 2526 12.Ἐν
2393 2473 2678 2546 φιλοσοφίᾳ
2699 2476 2805 2530 τιν)¹
2825 2477 3227 2552 διεστραμμένα
3246 2481 3465 2540 λαλοῦσι
3493 2485 3569 2558 (1)
3592 2506 3680 2544 κα-

2114 2562 2185 2616 τὰ
2215 2563 2308 2616 τοῦ
2339 2567 2570 2638 Κυρίου.

2190 2658 2277 2712 15.
2297 2659 2601 2714 Ἀπώλοντο
2634 2661 2921 2733 ζητοῦντες
2949 2665 3101 2721 οὐδὲν
3129 2666 3344 2739 ἀληθές.

2186 2752 2271 2807 14.
2291 2751 2604 2806 Ἐλεύσεται
2629 2755 2766 2824 πρὸς
2790 2757 2916 2820 τοὺς
2947 2756 3262 2829 ἀνθρώπους
3298 2763 3425 2828 τοὺς
3461 2764 3678 2836 ἔχοντας

2035 2877 2077 2936 C
2112 2845 2270 2918 χάριν
2299 2843 2374 2916 (2)
2400 2846 2459 2897 ἐν
2489 2848 2610 2909 ταῖς
2644 2847 2908 2919 Γραφαϊς.

2189 2937 2273 2992 15.
2312 2938 2422 2991 Καὶ
2454 2939 2843 3010 δοξασθήσεται
2875 2941 2904 2994 6
2931 2941 3061 3006 Θεὸς
3087 2943 3145 2997 ἐν
3172 2945 3354 3009 αὐτοῖς
3385 2948 3486 3020 (5),

2183 3028 2270 3083 16.
2313 3026 2393 3080 Τὰ
2429 3029 2646 3100 ῥήματα
2686 3029 2791 3101 γὰρ
2831 3031 3008 3086 αὐτῶν
3034 3033 3103 3086 τὰ
3129 3036 3452 3108 νομιζόμενα
3485 3041 3674 3111 ἠκονη-

2116 3119 2252 3190 μένα
2305 3115 2442 3173 εἷναι
2491 3120 2565 3191 (4)
2609 3120 2876 3194 ἀνίσχυρα
2920 3123 3260 3196 εὑρίσκονται
3286 3129 3422 3200 πρὸς
3464 3130 3556 3183 τὸν
3587 3129 3674 3186 τοῦ

2111 3211 2244 3266 Θεοῦ
2276 3210 2579 3283 ἄνθρωπον.

2182 3303 2269 3356 17.
2310 3305 2420 3358 Καὶ
2451 3303 2899 3376 κατῃσχύνθησαν
2925 3307 2981 3362 ἐν
3006 3311 3071 3381 τῇ
3096 3310 3409 3385 διδασκαλίᾳ
3440 3313 3636 3370 αὐτῶν.

2183 3396 2269 3450 18.
2289 3396 2670 3461 Ἐξενίσθησαν
2703 3398 2901 3464 πάντες
2941 3402 2991 3454 οἱ
3036 3403 3268 3474 ὁρῶντες
3293 3406 3491 3471 αὐτοὺς
3517 3410 3672 3480 ήττη-

2111 3486 2318 3552 θέντας.

2179 3579 2266 3647 19,
2295 3579 2382 3634 20.
2424 3582 2532 3635 Καὶ
2575 3583 2853 3655 ἐθαύμασε
2894 3587 3004 3650 πᾶς
3043 3586 3346 3660 ἄνθρωπος,
3379 3592 3474 3645 καὶ
3524 3587 3667 3647 εἶπεν

2107 3673 2299 3740 οὕτως’
2328 3678 2501 3749 Χάρις
2520 3679 2612 3731 τοῦ
2639 3680 2775 3734 Θεοῦ
2799 3683 2946 3737 ἐστιν
2981 3684 3127 3756 ἐντῷ
3153 3685 3423 3760 ἀνθρώπῳ
3443 3688 3519 3755 τῷ
3542 3707 3665 3744 κατ-

2107 3765 2413 3836 αισχύνοντι
2442 3768 2567 3832 τοὺς
2599 3771 2925 3841 αἱρετικούς.

2174 3859 2263 3912 21.
2304 3861 2414 3914 Ka‘t
2443 3862 2541 3933 τὴν
2571 3863 2825 3935 ἀλήθειαν
2852 3865 2945 3919 τοῦ
2975 3865 3108 3920 Θεοῦ
3141 3869 3475 3939 ἐπέγνωσαν.

2173 3952 2264 4008 22.
2284 3954 2700 4024 Ἀγαλλιάσεται
2738 3961 2767 4013 6
2807 3959 3091 4032 ἄνθρωπος
3122 3961 3221 4034 (5),
3254 3965 3282 4017 6
3309 3968 3437 4030 τοὺς
3465 3967 3659 4040 αἱρετι-

2105 4045 2233 4108 κοὺς
2265 4049 2507 4119 νικήσας.

2171 4136 2258 4190 25.
2299 4139 2406 4192 Καὶ
2428 4140 2870 4212 ἐπαινεθήσονται
2904 4145 3102 4214 πάντες
3128 4147 3176 4202 οί
3206 4149 3381 4221 ὀρθῶς
3408 4148 3660 4221 φρονοῦνο

2026 4241 2071 4294 ι)
2101 4243 2189 4288 τες
2219 4229 2346 4280 περὶ
2378 4229 2469 4282 τοῦ
2500 4232 2725 4287 Κυρίου.

3313 4405 3460 4476 λέγει
3479 4423 3493 4437 ⁶
3523 4407 3654 4480 ὑπὲρ

425 4439 860 4569 ἷῶέιιέελλόντων
886 4451 972 4504 ἐπ’
1000 4456 1242 4524 ἐσχάτων
1265 4439 1372 4514 τῶν
1413 4439 1636 4536 ήμερῶν
1659 4439 1867 4536 γίνεται
1897 4473 1973 4544 (7)
2128 4439 2234 4532 ατοῦ
2246 4439 2476 4554 ΓΚῦρίου
2503 4439 2547 4540 (ξ
2573 4439 2780 4559 ψαλμὸς
2815 4490 2915 4562 τῆς
2941 4492 3081 4564 ᾠδῆς
3111 4494 3312 4568 ταύτης
3340 4439 3555 4569 εἱέρηται
3579 4439 3656 4565 αἱ

469 4552 505 4569 η
647 4541 921 4569 annm—1-.....
950 4545 1024 4569 ...³.
1068 4548 1236 4569 τημηξε
1320 4551 1346 4562 ~
1512 4555 1522 4569 ι
1579 4559 1601 4569 .-
1664 4559 1676 4569 .
1804 4564 1847 4569 --
1873 4563 1883 4569 .
2045 4567 2054 4569 -
2103 4567 2118 4569 _

424 4534 620 4600 Δαϐὶδ,
647 4541 921 4595 τουτέστιν
950 4545 1028 4609 τῷ
1061 4548 1244 4614 ἱκανῷ
1272 4551 1346 4621 τῇ
1378 4534 1548 4623 χειρὶ,
1576 4559 1635 4620 ὃς
1661 4534 1777 4614 ἐστι
1804 4534 2008 4634 Κύριος
2034 4567 2063 4618 6
2089 4567 2220 4632 Θεὸς
2241 4534 2417 4642 ήμίῦν.

503 4647 714 4706 Titulus
740 4657 1062 4724 praepositus
1090 4664 1331 4719 continet
1358 4683 1372 4721 :
1405 4666 1472 4720 In
1499 4669 1676 4737 ﬁnem,
1702 4674 1936 4742 psalmus
1966 4681 2158 4734 cantici
2192 4681 2379 4738 David.
2409 4684 2521 4742 Hoc
2550 4688 2712 4758 igitur
2740 4691 3006 4762 signiﬁcat
3037 4715 3051 4751 :
3078 4713 3174 4767 pro
3216 4699 3282 4755 iis
3324 4714 3446 4771 qua
3471 4701 3648 4757 futura

2569 4747 2598 4758 ν
2789 4747 2818 4762 ι.
2932 4747 2941 4749 -
2990 4747 3004 4750 -
3038 4747 3169 4767 τ--
3217 4747 3282 4755 ---
3327 4747 3646 4771 τ-...........

426 4755 552 4799 sunt
595 4747 648 4800 in
693 4751 1005 4810 novissimis
1029 4757 1218 4814 diebus
1252 4772 1311 4816 ut
1334 4764 1464 4820 ﬁant
1494 4783 1522 4822 a
1556 4767 1808 4840 Domino,
1835 4775 2077 4844 psalmus
2123 4780 2318 4836 cantici
2355 4782 2517 4853 hujus
2563 4785 2761 4842 dicitur
2806 4788 2998 4855 David,
3033 4791 3134 4846 hoc
3168 4800 3250 4847 est
3294 4808 3453 4850 manu
3500 4797 3646 4865 forti,

429 4845 598 4865 -_--_.=-
637 4853 712 4865 --.λ
738 4845 810 4865 η-
1036 4851 1072 4865 η

423 4845 602 4911 qualis
632 4853 715 4899 est
738 4845 1004 4906 Dominus
1033 4851 1177 4909 Deus
1205 4869 1408 4914 noster.

500 4997 546 5051 1.
578 4999 654 5056 Te
703 5005 854 5061 decet
907 5009 1160 5081 hymnus,
1200 5015 1374 5084 Deus,
1417 5020 1474 5075 in
1523 5024 1689 5082 corde
1735 5028 1976 5086 sitienti:

422 5085 549 5142 Sion
575 5093 721 5149 enim
754 5097 1136 5170 interpretatur
1164 5108 1394 5166 sitiensu

2161 5037 2213 5090 1.
2253 5038 2343 5090 Σοὶ
2370 5039 2565 5111 πρέπει
2597 5041 2783 5114 ὕμνος,
2807 5049 2836 5100 6
2857 5048 3006 5114 Θεὸς,
3033 5053 3092 5104 ἐν
3120 5052 3638 5130 καρδίᾳδιψώσῃ(3)⁶

2087 5126 2242 5183 Σιὼν
2267 5129 2374 5202 γὰρ
2400 5132 2758 5205 ἑρμηνεύεται
2780 5137 3036 5208 διψῶσα.

1375 5299 1681 5368 Addenda
1711 5312 1772 5369 et
1803 5310 2178 5390 corrigenda
2208 5331 2286 5376 ex
2320 5319 2461 5380 cod.
2498 5318 2700 5384 Vatic.

492 5443 569 5523 ς
605 5449 965 5523 Ααλήσουσιν.

604 5513 973 5661 ,αὐτοὺς
1004 5533 1032 5584 6
1064 5533 1344 5608 ἄνθρωπος
1375 5537 1510 5610 ἔχων
1544 5546 1725 5620 χάριν,
1760 5559 1867 5608 etc.

491 5651 564 5714 ’4)
598 5651 785 5726 Εἷνάι,
827 5666 994 5724 deest.

2155 5485 2232 5561 (5)
2252 5488 2567 5561 Ἄνθρωπος
2593 5495 2814 5560 ἐκεῖνος.

2254 5556 2564 5686 ’ξίξειέθὲῇς
2587 5556 2954 5640 κινναϐάρεως
2981 5584 3104 5642 περ.

2179 5625 2230 5687 7)
2269 5625 2535 5687 Γίνεσθαιξ

2179 5627 2230 5689 7)
2269 5627 2552 5687 Γίνεσθαι.

2151 5627 2229 5769 i8)
2267 5699 2482 5770 Διψώσῃ
2509 5721 2586 5758 σε.
