3978 6204
344 327 440 382 901
1207 325 1296 379 DE
1338 324 1610 381 TITULIS
1645 324 2086 382 PSALMORRM.
2119 356 2189 370 -—
2225 323 2390 380 PSAI
2447 323 2628 381 LXIV.
3464 327 3568 383 902

413 439 469 491 2.
508 437 618 489 Kal.
645 437 727 489 σοὶ
750 437 1140 510 ἀποδοθήσεται
1173 438 1304 511 εὐχὴ
1338 442 1396 494 ἐν
1429 441 1796 512 Ἰερουσαλήμ.
1936 449 1981 504 Α

1754 458 1796 494 ι.
1936 449 1981 504 Α
2076 441 2128 495 2.
2164 440 2229 495 Et
2257 441 2353 496 tibi
2377 441 2628 496 reddetur
2652 446 2837 493 votum
2872 437 2929 494 in
2963 438 3325 498 Hierusalem.

415 527 470 583 5.
507 526 837 582 Είσάκουσον
864 529 1171 601 προσευχῆς
1199 547 1320 600 μου,
1350 532 1484 604 πρὸς
1512 533 1572 586 σὲ
1601 534 1750 586 πᾶσα
1773 532 1910 605 σὰρξ

2078 534 2130 589 5.
2169 533 2374 590 Exaudi
2425 533 2726 589 orationem
2776 547 2990 600 meam,
3035 534 3103 588 ad
3144 543 3196 589 te
3233 533 3412 589 omnis
3440 549 3561 590 caro

341 619 482 691 ἧξεμ

2006 627 2201 682 veniet.

411 713 465 766 4.
504 712 664 781 Λόγοι
692 713 906 784 ἀνόμων
938 714 1426 786 ὑπερεδυνάμωσαν
1454 718 1619 788 ἡμᾶς.

2006 788 2016 793 _
2075 715 2129 769 4.
2167 714 2341 770 Verba
2372 715 2681 786 iniquorum
2714 716 3110 787 praevaluerunt
3133 731 3297 784 super
3324 731 3425 771 nos
3452 733 3465 770 :

412 804 465 858 5.
504 804 614 857 Καὶ
639 807 757 868 ταῖς
784 804 1058 868 ἀσεϐείαις
1087 806 1241 876 ήμῶν
1277 808 1341 860 σὺ
1378 808 1554 880 ἱλάσῃ.

2076 805 2124 860 5.
2162 805 2228 861 Ει
2255 806 2618 876 impietatibus
2645 809 2847 863 nostris
2873 817 2930 862 tu
2953 807 3352 878 propitiaberis.

412 895 464 949 6.
506 895 811 966 Μακάριος,
841 894 900 949 ὃν
925 896 1170 962 ἐξελέξω,
1201 899 1295 951 καὶ
1327 899 1695 970 προσέλαϐου⁹

2075 898 2127 952 6.
2162 897 2380 965 Beatus,
2411 914 2573 969 quem
2604 900 2814 970 elegisti
2839 912 2889 955 et
2912 899 3257 970 assumpsisti
3283 917 3297 954 :

412 983 463 1036 7.
500 985 927 1055 Κατασκηνώσει
956 987 1013 1040 ὲν
1043 990 1163 1050 ταῖς
1196 987 1385 1051 αὐλαῖς
1419 1006 1532 1042 σου.

1336 991 1385 1051 ῖς
1419 1006 1532 1042 σου.
2076 992 2126 1046 7.
2157 992 2483 1047 lnhabitabit
2511 994 2566 1048 in
2597 995 2751 1049 atriis
2779 997 2907 1050 tuis.

411 1073 466 1129 8.
506 1075 939 1148 Πλησθησόμεθα
963 1078 1020 1132 ἐν
1044 1081 1156 1142 τοῖς
1182 1079 1403 1149 ἀγαθοῖς
1429 1080 1524 1135 τοῦ
1551 1083 1696 1136 οίκου
1725 1100 1815 1136 σου
1837 1100 1849 1113 '

1607 1099 1696 1136 κου
1725 1100 1815 1136 σου
1837 1100 1849 1113 -
2071 1083 2122 1137 8.
2159 1082 2511 1154 Replebimur
2539 1089 2595 1140 in
2625 1086 2785 1141 bonis
2813 1087 3009 1142 domus
3033 1093 3178 1141 tuae:

409 1164 462 1220 9.
482 1166 668 1234 ’Ἄγιος
701 1169 728 1221 6
753 1168 879 1231 ναός
901 1185 1016 1234 σου,
1049 1169 1355 1241 θαυμαστὸς
1388 1175 1445 1226 ἐν
1468 1173 1796 1246 δικαιοσύνῃ.

2073 1175 2124 1230 9.
2167 1174 2427 1230 Sanctum
2461 1177 2721 1247 templum
2745 1187 2917 1244 tuum,
2945 1177 3192 1230 mirabile
3215 1175 3268 1229 in
3293 1175 3561 1246 aequitate.

409 1258 496 1312 10.
524 1260 855 1314 Ἐπάκουσον
877 1261 908 1330 ἡ
917 1261 1055 1332 μῶν,
1085 1263 1113 1314 6
1141 1263 1272 1327 Θεὸς
1297 1266 1324 1317 ὁ
1350 1265 1538 1338 Σωτὴρ
1564 1266 1742 1337 ἡμῶν,

1674 1266 1742 1331 ὃν,
2076 1268 2160 1323 10.
2201 1267 2403 1324 Exaudi
2430 1286 2563 1337 nos,
2602 1271 2740 1324 Deus
2772 1271 3016 1324 Salvator
3043 1279 3245 1336 noster,

410 1349 495 1403 11.
523 1341 603 1403 Ἡ’
619 1351 771 1414 ἐλπὶς
798 1352 1014 1406 πάντων
1033 1353 1140 1406 τῶν
1161 1355 1412 1427 περάτων
1432 1357 1528 1427 τῆς
1547 1359 1649 1427 γῆς
1681 1356 1774 1411 καὶ¹
1795 1359 1901 1411 τῶν

2069 1359 2154 1412 11.
2189 1358 2325 1430 Spes
2348 1362 2592 1416 omnium
2621 1362 2811 1416 ﬁnium
2852 1371 3038 1426 terrm,
3075 1370 3128 1415 et
3163 1376 3353 1416 eorum
3387 1358 3478 1429 qui
3505 1357 3562 1412 in

335 1442 395 1494 ὲν
427 1442 664 1514 θαλάσσῃ
694 1445 928 1516 μακράν.

2000 1447 2138 1502 mari
2176 1448 2355 1515 longe.
3013 1515 3019 1518 ,ρ

408 1532 495 1587 12.
522 1533 850 1606 Ἐτοιμάζων
882 1535 982 1607 ὄρη
1010 1537 1068 1590 ἐν
1098 1539 1166 1608 τῇ
1196 1537 1338 1608 ίσχύῖ
1364 1538 1549 1605 αὐτοῦ,

2068 1537 2156 1592 12.
2195 1537 2512 1609 Prmparans
2541 1550 2752 1596 montes
2783 1542 2836 1596 in
2867 1543 3066 1597 virtute
3093 1555 3192 1595 sua

404 1623 492 1678 15.
533 1625 975 1697 Περιεζωσμένος
1007 1627 1064 1680 ἐν
1087 1627 1394 1701 δυναστείᾳ.

1223 1628 1394 1701 στείᾳ.
2071 1629 2156 1684 15.
2189 1629 2481 1687 Accinctus
2510 1633 2747 1702 potentia
2779 1651 2791 1687 :

406 1712 491 1766 14.
518 1713 576 1766 '0
606 1715 990 1787 συνταράσσων
1014 1717 1074 1770 τὸ
1105 1717 1265 1782 κύτος
1297 1721 1396 1790 τῆς
1429 1719 1723 1792 θαλάσσης,
1933 1786 1963 1792 _

1655 1738 1723 1792 ις,
1933 1786 1963 1792 _
2065 1719 2150 1773 14.
2193 1718 2298 1785 Qui
2333 1721 2627 1777 conturbas
2657 1721 2985 1792 profundum
3025 1722 3226 1784 maris,

403 1806 492 1861 15.
508 1807 711 1876 Ἤχους
732 1786 990 1880 κυμάτων
1018 1810 1188 1882 αὐτῆς
1212 1811 1294 1875 τίς
1333 1786 1727 1883 ύποστήσεται;
1928 1786 1971 1841 Β

1928 1786 1971 1841 Β
2070 1811 2155 1865 15.
2191 1810 2392 1866 Sonum
2420 1786 2682 1868 ﬂuctuum
2711 1813 2829 1882 ejus
2859 1813 2982 1882 quis
3003 1809 3325 1866 sustinebit?

403 1894 488 1948 16,
526 1897 969 1970 Ταραχθήσονται
1005 1901 1073 1954 τὰ
1108 1901 1254 1974 ἐθνη,
1305 1905 1399 1957 καὶ
1430 1903 1822 1975 φοϐηθήσονται
1851 1909 1900 1962 οί

2070 1903 2158 1958 16.
2190 1903 2580 1960 Turbabuntur
2612 1914 2830 1974 gentes,
2871 1914 2925 1960 et
2964 1904 3232 1959 timebunt
3271 1901 3366 1972 qui
3407 1899 3558 1956 habi-

331 1987 708 2052 κατοικοῦντες
735 1988 802 2044 τά
828 1990 1037 2062 πέρατα
1068 1991 1174 2045 ἀπὺ
1200 1991 1308 2046 τῶν
1333 1994 1577 2066 σημείων
1605 2011 1698 2048 σου
1717 2012 1731 2025 ο

1263 1992 1308 2045 iv
1333 1994 1577 2066 σημείων
1605 2011 1698 2048 σου
1717 2012 1731 2025 ο
1997 2004 2115 2050 tant
2142 1997 2405 2051 terminos
2426 2012 2457 2051 a
2482 1996 2653 2066 signis
2684 1996 2792 2050 tuis
2821 2013 2834 2049 :

401 2077 486 2131 17.
536 2078 776 2144 Ἐξόδους
809 2081 1040 2154 πρωΐας,
1070 2084 1165 2138 καὶ
1199 2084 1436 2156 ἑσπέρας
1463 2085 1699 2157 τέρψεις.

2071 2086 2155 2140 17.
2188 2085 2378 2142 Exitus
2403 2086 2673 2150 matutini,
2697 2094 2751 2140 et
2779 2100 3004 2156 vespere
3033 2083 3347 2140 delectabis.

402 2169 489 2224 18.
520 2171 828 2245 Ἐπισκέψω
851 2174 948 2246 τὴν
976 2177 1099 2245 γῆν,
1134 2177 1228 2230 καὶ
1263 2176 1532 2248 ἐμέθυσας
1559 2178 1726 2250 αὐτήν
1746 2195 1759 2208 ⁸

1698 2196 1726 2233 ν
1746 2195 1759 2208 ·
2075 2177 2160 2231 18.
2200 2177 2448 2234 Visitasti
2472 2186 2696 2244 terram,
2721 2185 2775 2233 et
2801 2177 3083 2232 inebriasti
3107 2191 3226 2232 eam
3254 2195 3268 2230 :

406 2259 492 2313 19.
522 2260 857 2334 Ἐπλήθυνας
887 2264 980 2318 τοῦ
1009 2265 1289 2320 πλουτίσαι
1317 2268 1506 2340 αὑτήν.

2069 2269 2155 2323 19.
2190 2269 2556 2341 Multiplicasti
2586 2270 2912 2340 locupletare
2936 2284 3077 2325 eam.

1451 2444 1824 2523 ATHANASII
1863 2444 2440 2503 INTERPRETATIO.

397 2603 452 2656 2.
492 2602 603 2656 Καὶ
643 2603 702 2656 ἐν
829 2603 973 2675 ψυχῇ
997 2607 1063 2676 τῇ
1093 2604 1274 2679 ὁρώσῃ
1304 2622 1362 2658 σε
1391 2604 1778 2677 ἀποδοθήσεται
1812 2623 1893 2660 σοι

2068 2607 2122 2660 2.
2158 2604 2225 2660 Ει
2250 2605 2432 2660 anima
2469 2604 2687 2660 vidente
2729 2614 2781 2661 te
2821 2605 3072 2660 reddetur
3099 2602 3195 2658 tibi
3229 2603 3440 2658 oratio:
3467 2603 3557 2658 Je-

329 2695 478 2765 εὑχή·
507 2695 888 2765 Ἰερουσαλὴμ
903 2695 1011 2767 γὰρ
1029 2697 1386 2768 ἑρμηνεύεται
1407 2697 1613 2767 ὅρασις
1627 2696 1888 2766 εἰρήνης.

1598 2696 1888 2766 πείρήνης.
1999 2699 2226 2753 rusalem
2255 2698 2398 2753 enim
2434 2698 2822 2768 interpretatur
2845 2699 2976 2752 visio
3002 2698 3169 2766 pacis.

401 2788 453 2841 5.
495 2787 826 2843 Είσάκουσον
856 2790 954 2861 τῆς
987 2791 1293 2862 προσευχῆς
1323 2809 1446 2861 μου,
1480 2792 1561 2845 ὅτι
1600 2791 1797 2854 πάντες
1815 2789 1891 2861 τῷ

2069 2790 2124 2843 5.
2146 2788 2353 2844 Exaudi
2379 2789 2683 2844 orationem
2712 2805 2916 2856 meam,
2941 2790 3198 2860 quoniam
3219 2802 3410 2843 omnes
3433 2795 3558 2842 ante

329 2879 533 2949 βήματί
567 2897 659 2934 σου
685 2882 1144 2952 παραστησόμεθα
1182 2881 1279 2953 (1).

1220 2881 1279 2953 l).
1996 2879 2264 2935 tribunale
2292 2889 2446 2934 tuum
2470 2885 2791 2936 statuemur.

397 2973 450 3026 ι’.
479 2971 544 3024 Ἥ
571 2972 758 3044 διδαχὴ
786 2972 880 3027 τοῦ
910 2973 1152 3028 διαϐόλου
1172 2975 1391 3028 καὶτῶν
1421 2975 1706 3047 ὑπουργῶν
1726 2973 1889 3028 αὐτοῦ

2063 2973 2117 3026 4.
2146 2971 2403 3026 Doctrina
2451 2971 2652 3026 diaboli
2689 2981 2744 3027 et
2781 2972 3156 3028 ministrorum
3203 2970 3321 3041 ejus
3352 2985 3557 3041 praeva-

327 3061 611 3132 κατίσχυεν
637 3061 714 3132 (2)
753 3062 926 3133 ήμῶν.

890 3079 926 3116 ν.
1997 3067 2098 3121 luit
2125 3075 2313 3122 contra
2343 3081 2461 3120 nos.

399 3151 526 3205 5.⁹0
556 3151 753 3224 Ἀμνὸς
795 3150 889 3205 τοῦ
927 3152 1061 3205 Θεοῦ
1096 3154 1124 3206 6
1152 3151 1320 3223 αἴρων
1352 3152 1451 3225 τὴν
1486 3152 1756 3224 ἁμαρτίαν
1799 3152 1892 3206 τοῦ

1746 3169 1756 3201 ρ
1799 3152 1892 3206 τοῦ
2071 3155 2125 3212 5.
2155 3156 2342 3227 Agnus
2373 3154 2465 3210 Dei
2491 3154 2585 3224 qui
2621 3154 2758 3209 tollit
2785 3160 3070 3224 peccatum
3105 3151 3317 3207 mundi.

325 3244 552 3314 κόσμου.

1916 3234 1964 3298 C
3402 3230 3405 3232 .

394 3335 446 3390 6.
486 3335 768 3407 Μακάριος
813 3335 870 3389 ὃν
916 3336 1130 3408 ἐῤῥύσω
1159 3339 1222 3391 ἐκ
1248 3336 1324 3409 (5)
1353 3337 1460 3392 τῶν
1488 3336 1770 3408 ἁμαρτιῶν
1800 3338 1896 3391 αὐ-

2067 3347 2118 3400 ἀ.
2149 3345 2347 3400 Beatus
2391 3358 2554 3414 quem
2590 3342 2830 3399 liberasti
2875 3358 2904 3397 a
2931 3341 3165 3412 peccatis
3197 3341 3332 3409 suis,
3371 3349 3425 3396 et
3455 3354 3557 3396 cu-

325 3425 441 3492 τοῢ,
472 3429 566 3480 καὶ
588 3427 858 3497 ἐφύλαξας
885 3429 1065 3481 αὐτόν.

813 3445 858 3492 ις
885 3429 1065 3481 αὐτόν.
1996 3439 2208 3497 stodisti
2239 3453 2384 3493 eum.

399 3518 451 3572 7.
470 3516 562 3570 Ἐν
589 3522 709 3581 ταῖς
734 3519 977 3583 αἰωνίαις
1009 3520 1396 3576 ἀναπαύσεσιν.

1220 3538 1396 3576 ισεσιν.
2069 3533 2120 3587 7.
2155 3531 2212 3584 In
2231 3529 2449 3585 aeternis
2475 3528 2791 3599 refrigeriis.

397 3609 903 3682 8.Ἐμπλησθῶμεν
931 3611 1040 3667 τῶν
1072 3612 1456 3682 δικαιωμάτων
1488 3613 1582 3666 τοῦ
1619 3613 1746 3666 λαοῦ
1777 3630 1890 3668 σου.

1777 3630 1890 3668 σου.
2063 3623 2116 3676 8.
2145 3621 2491 3692 Replebimur
2509 3618 2988 3690 justificationibus
3017 3616 3205 3685 populi
3247 3616 3343 3670 tui.

401 3701 454 3755 9.
473 3699 533 3754 Ὀ
557 3701 686 3764 λαὸς
700 3702 725 3753 6
759 3701 1028 3755 πιστεύων
1049 3703 1129 3765 εἰς
1146 3702 1223 3765 σὲ,
1243 3705 1299 3755 ἐν
1316 3697 1395 3765 οἷς
1416 3703 1578 3765 αὐτὸς
1603 3705 1890 3766 κατοικεῖς.

1846 3721 1890 3766 ςο
2066 3711 2117 3766 9.
2150 3710 2388 3779 Populus
2413 3707 2640 3764 credens
2666 3708 2721 3761 in
2752 3717 2825 3771 te,
2853 3707 2907 3759 in
2945 3693 3149 3773 ipso'tu
3182 3703 3415 3756 habitas.

402 3792 486 3846 10.
530 3791 968 3864 Πρόσδεξαιτοὺς
999 3792 1398 3864 ὕμνουςήμῶν,
1433 3791 1526 3856 οὓς
1558 3809 1638 3846 σοι
1661 3793 1896 3864 προσφέ-

2065 3800 2152 3854 10.
2185 3798 2386 3869 Excipe
2409 3799 2639 3869 hymnos
2663 3805 2899 3860 nostros,
2927 3810 3068 3865 quos
3113 3794 3211 3848 tibi
3255 3792 3552 3848 offerimus.

328 3903 513 3958 ρομεν-

401 3979 486 4032 11.
528 3979 647 4032 Τῶν
678 3978 948 4031 Ἰουδαίων
981 3977 1074 4031 καὶ
1099 3975 1207 4030 τῶν
1243 3975 1412 4030 ἐθνῶν
1445 3974 1680 4031 πάντων.

1574 3991 1680 4031 των.
2065 3976 2150 4030 11.
2187 3973 2499 4029 Iudaeorum
2523 3983 2577 4027 et
2606 3972 2850 4026 omnium
2880 3970 3145 4041 gentium.

400 4069 487 4122 12.
530 4068 812 4122 Ταπεινῶν
839 4066 936 4130 τὰς
968 4065 1216 4128 ἐναντίας
1250 4064 1522 4135 δυνάμεις.

2066 4068 2152 4120 12.
2185 4065 2490 4120 Humilians
2515 4063 2817 4118 contrarias
2845 4068 3166 4132 potestates.

397 4160 484 4214 15.
505 4159 830 4230 Ἐρχόμενος
859 4160 916 4212 ἐν
945 4157 1251 4227 δυναστείᾳ.
1478 4210 1488 4219 ,

1212 4173 1251 4227 ξι.
1478 4210 1488 4219 ,
2067 4157 2154 4210 15.
2182 4153 2418 4210 Veniens
2445 4153 2500 4206 in
2524 4152 2783 4222 potentia.

397 4254 483 4308 14.
511 4253 569 4307 '0
587 4252 884 4325 συντρίϐων
907 4252 966 4305 τὸ
991 4251 1157 4322 κέρας
1185 4248 1278 4303 τοῦ
1303 4249 1561 4320 ἄρχοντος
1580 4245 1674 4300 τοῦ
1690 4247 1891 4317 κόσμου

1809 4263 1891 4298 mu
2060 4245 2148 4302 M.
2177 4245 2472 4301 Conterens
2505 4258 2675 4299 cornu
2697 4242 2958 4313 principis
2981 4240 3170 4296 mundi
3194 4239 3380 4310 hujus.

323 4363 513 4400 τουτου
521 4387 535 4400 ο

398 4438 486 4492 15.
527 4437 636 4500 Τάς
653 4434 917 4497 ὑποϐολὰς
930 4433 1037 4486 τῶν
1053 4431 1310 4498 ἐξουσιῶν
1325 4431 1416 4484 τοῦ
1443 4428 1634 4501 ἐχθροῦ
1659 4429 1740 4493 τίς
1760 4430 1892 4482 ὑπο-

2065 4429 2152 4484 15.
2178 4427 2410 4483 lnsidias
2430 4434 2757 4498 potestatum
2779 4424 2988 4479 inimici
3013 4421 3137 4492 quis
3162 4420 3486 4478 sustinebit?

344 4531 518 4596 ρέρει;

326 4548 762 4691 φεῗὲῖζΈμφοϐα
791 4619 1026 4691 ἐντρομα
1053 4617 1129 4686 (4)
1177 4615 1494 4686 γενήσονται
1535 4612 1603 4666 τά
1637 4611 1764 4682 ἔθνη
1785 4612 1893 4665 ἀπὸ

2065 4607 2150 4662 16.
2183 4605 2407 4661 Timidae
2446 4620 2511 4660 ac
2549 4604 2772 4674 trepidae
2797 4604 2927 4659 ﬁent
2956 4611 3144 4675 gentes
3182 4601 3253 4657 ob
3286 4600 3551 4655 mirabilia

322 4714 434 4767 τῶν
468 4713 758 4783 θαυμάτων
794 4727 907 4776 σου,
937 4703 1010 4763 ὧν
1039 4708 1358 4779 ἀκηκόασιν.

1039 4708 1358 4779 ἀκηκόασιν.
1995 4709 2086 4755 tua
2109 4716 2230 4771 quae
2257 4699 2599 4754 audiverunt.

398 4806 484 4860 17.
505 4803 593 4856 Ἑν
624 4803 701 4874 τῷ
732 4803 870 4873 φωτί
904 4819 994 4855 σου
1022 4799 1308 4868 ἐξαγάγεις
1329 4796 1396 4850 τὰ
1424 4796 1572 4868 ἔθνη,
1617 4796 1712 4848 καὶ
1739 4796 1796 4847 ἐν
1829 4796 1894 4864 τῇ

2068 4791 2239 4848 17.1[ι
2268 4791 2389 4846 luce
2431 4801 2522 4844 tua
2549 4787 2739 4843 educns
2776 4797 2980 4856 gentes,
3011 4795 3066 4840 et
3114 4786 3168 4840 in
3208 4797 3551 4841 consumma-

328 4896 606 4967 συντελείᾳ
635 4895 729 4948 τοῦ
760 4894 948 4957 αἰῶνος
989 4892 1293 4964 πληρώσεις
1326 4889 1464 4942 αὐτά
1493 4887 1894 4956 ἀγαλλιάσεται.

1595 4887 1894 4940 ιλλιάσεται.
2001 4885 2148 4938 tione
2186 4883 2367 4938 saeculi
2399 4880 2647 4950 implebis
2675 4895 2767 4935 eas
2790 4880 3166 4934 exsultatione.

399 4963 633 5044 18.Ἐπὶ
685 4988 784 5058 τῆς
830 4985 934 5055 γῆς
969 4983 1174 5054 ὣφθης,
1206 4981 1299 5034 καὶ
1346 4979 1524 5050 πάσης
1564 4977 1899 5049 εὐφροσύνης

2073 4973 2241 5027 18.1η
2274 4981 2414 5027 terra
2456 4972 2608 5027 visus
2655 4987 2735 5036 es,
2772 4981 2825 5026 et
2852 4972 3002 5026 omni
3052 4969 3236 5025 laetitia
3281 4963 3548 5037 replevisti

327 5080 467 5152 ἐπλή
477 5097 652 5152 ρωσας
673 5079 800 5141 τοὺς
823 5075 918 5130 ἀνθ
928 5074 1159 5147 ρώπους.

688 5079 800 5141 τοὺς
823 5074 1159 5147 ἀνθρώπους.
1995 5065 2259 5120 homines.

405 5174 490 5228 19.
509 5169 846 5242 Ἐπλήθυνας
859 5167 926 5222 τά
941 5163 1254 5237 χαρίσματά
1280 5179 1372 5216 σου
1399 5163 1455 5216 ἐν
1479 5163 1546 5232 τῇ
1571 5158 1892 5229 Ἐκκλησία.

1659 5158 1892 5229 εκλησίᾳ.
2071 5156 2157 5210 19.
2193 5156 2560 5226 Multiplicasti
2596 5154 2738 5209 dona
2771 5162 2863 5209 tua
2887 5154 2942 5208 in
2975 5151 3230 5209 Ecclesia.

299 5329 312 5362 ⁸
1281 5337 1588 5400 Addenda
1619 5344 1680 5396 et
1718 5333 2089 5412 corrigenda
2125 5351 2198 5393 ex
2234 5333 2372 5394 cod.
2409 5331 2606 5394 Vatic.

404 5473 482 5543 (1)
501 5471 934 5543 Παριστάμεθρ.
949 5468 1209 5543 In__tnarg.
1238 5464 1360 5519 cod.
1375 5462 1490 5516 haec
1519 5461 1674 5543 1,8311“
1685 5469 1736 5513 tu
1745 5474 1887 5543 rneo-

960 5468 1209 5543 In__marg.
1238 5464 1360 5519 cod.
1375 5462 1490 5516 haec
1519 5461 1887 5543 l'egunnturneo-
2159 5458 2531 5543 .Ka'ficxucsv.

327 5526 478 5600 dena,
501 5526 831 5605 charactere,
859 5539 949 5592 Ἐν
996 5526 1191 5610 ἄλλοις,
1229 5526 1726 5610 παραστησόμεθα..
1762 5526 1886 5610 11ωο

741 5526 831 5605 εἶθ,
859 5539 949 5592 Ἐν
996 5526 1191 5610 ἄλλοις,
1229 5526 1726 5610 παραστησόμεθα..
1762 5526 1886 5610 11ωο

869 5586 1112 5663 ostendit
1131 5586 1477 5680 vetustatem'
1500 5586 1570 5680 bu
1575 5599 1663 5668 jus
1714 5599 1884 5680 inter-

2062 5586 2285 5680 (ἀλκαὶ
2335 5599 2570 5680 Were
2613 5596 2933 5680 7831i“???
2967 5586 3552 5680 T?_E°XTI:.2‘9}_§XF9

851 5657 1242 5756 commentarii,
1281 5671 1435 5740 cujus
1467 5657 1647 5740 plures
1673 5669 1884 5723 codices

1994 5657 2270 5740 συντελείᾳ
2299 5670 2393 5722 τοῦ
2419 5657 2936 5734 αἰῶνος’πληρώσῃς
2961 5660 3096 5712 αὐτὰ
3125 5657 3517 5726 ἀγαλλιάσεως.

335 5747 466 5812 inss.
499 5754 697 5810 saeuis
724 5768 776 5805 ix
801 5751 915 5819 jam
939 5747 1238 5803 exstabant.
