3978 6204
389 292 487 348 905
1192 282 1250 339 S.
1285 278 1658 337 ATHANASII
1694 278 1845 334 OPP.
1902 276 2079 333 PARS
2114 275 2201 333 111.
2235 305 2306 320 --
2348 271 2762 329 ΕΧΕΒΕΤΙΟΛ.
3505 271 3606 327 90i-

453 412 541 466 20.
569 408 797 464 Flumen
825 405 918 461 Dei
948 404 1207 475 repletum
1233 410 1316 459 est
1342 402 1536 474 aquis:
1971 409 2018 465 Α

1971 409 2018 465 Α
2113 400 2202 465 20.
2241 399 2301 452 Ὀ
2330 395 2570 467 ποταμὸς
2596 393 2689 448 τοῦ
2714 392 2847 447 Θεοῦ
2875 394 3162 468 ἐπληρώθη
3188 395 3396 450 ύδάτων
3414 410 3428 424 ·

456 504 546 557 21.
588 499 800 556 Parasti
850 498 1032 554 cibum
1081 496 1335 562 illorum,
1375 494 1636 567 quoniam
1686 491 1759 549 ita
1808 507 1939 563 pra:-

2117 492 2206 547 2l.
2252 489 2580 560 Ἠτοίμασας
2608 478 2713 558 τήν
2738 487 2945 559 τροφὴν
2990 487 3190 552 αὐτῶν,
3242 489 3325 542 ὅτι
3353 483 3525 550 οὕτως
3574 486 3608 555 ἡ

392 594 619 666 paratio.

2050 582 2360 653 ἐτοιμασία.

463 684 552 738 22.
589 683 754 738 Rivos
788 684 906 752 ejus
940 679 1193 736 inebria:

2118 677 2209 729 22.
2249 675 2325 746 (a)
2357 676 2468 740 Τὰς
2497 676 2742 739 αὔλακας
2773 675 2941 746 αὐτῆς
2968 675 3227 746 μέθυσον·

461 773 553 829 9.3.
579 773 873 844 Multiplica
906 770 1180 843 genimina
1208 769 1348 840 ejus.

2118 768 2207 821 25.
2233 767 2505 837 Πλήθυνον
2540 770 2608 821 τὰ
2632 769 2942 841 γεννήματα
2973 767 3163 838 αὐτῆς.

461 863 552 918 24.
582 863 640 917 ln
667 863 955 918 stillicidiis
978 863 1096 933 ejus
1115 862 1386 917 laetabitur
1417 860 1747 932 germinans.

2122 856 2212 910 24.
2255 857 2342 910 Ἑν
2372 860 2493 922 ταῖς
2523 860 2779 928 σταγόσιν
2805 859 2972 931 αὐτῆς
3002 858 3433 931 εὐφρανθήσεται
3481 857 3611 912 ἀνα-

2056 947 2235 1001 τέλλου
2244 965 2331 1001 σα.

467 1036 556 1090 25.
596 1034 887 1090 Benedices
912 1049 1126 1089 corona:
1153 1033 1281 1088 anni
1314 1031 1663 1102 benignitatis
1697 1039 1803 1085 tua:
1832 1046 1847 1083 :

2122 1040 2211 1095 25.
2236 1040 2559 1109 Εὐλογήσεις
2582 1038 2673 1093 τὸν
2704 1038 2964 1108 στέφανον
2980 1036 3076 1091 τοῦ
3095 1038 3341 1094 ἐνιαυτοῦ
3367 1041 3467 1112 τῆς
3485 1058 3615 1113 χρη-

2059 1133 2313 1206 στότητός
2347 1150 2439 1187 σου
2461 1150 2474 1164 ·

465 1213 554 1267 26.
583 1213 650 1268 Et
684 1213 860 1285 campi
888 1213 967 1267 tui
996 1212 1366 1283 implebuntur
1392 1210 1660 1265 ubertate.

2124 1225 2213 1280 26.
2244 1226 2353 1280 Kal.
2375 1226 2444 1279 τὰ
2471 1224 2625 1279 πεδία
2651 1241 2743 1278 σου
2770 1224 3169 1298 πλησθήσονται
3198 1226 3472 1297 πιότητος.

465 1306 556 1361 27.
591 1305 952 1376 Pinguescant
981 1305 1227 1375 speciosa
1251 1303 1451 1358 deserti
1477 1320 1490 1356 :

2127 1315 2216 1370 27.
2251 1314 2640 1387 Πιανθήσονται
2660 1314 2728 1377 τὰ
2753 1316 2930 1387 ὡραῖα
2960 1317 3059 1387 τῆς
3092 1318 3188 1387 ὲρή
3199 1334 3299 1387 μου
3319 1333 3332 1347 ·

469 1397 559 1452 ι8.
599 1397 664 1451 Et
689 1398 1045 1452 exsultatione
1075 1396 1240 1451 colles
1272 1395 1645 1464 accingentur.

2128 1405 2214 1460 28.
2241 1408 2351 1460 Kal.
2378 1406 2695 1475 ἀγαλλίασιν
2726 1408 2775 1460 οἱ
2817 1407 2993 1477 βουνοὶ
3026 1406 3445 1479 περιζὼσονται.

467 1486 560 1542 29.
596 1486 771 1541 lnduti
803 1495 929 1542 sunt
957 1488 1158 1542 arietes
1184 1487 1364 1542 ovium
1392 1505 1404 1540 :

2129 1497 2218 1553 29.
2267 1498 2611 1552 Ἐνεδύσαντο
2642 1500 2692 1551 οί
2726 1499 2873 1570 κριοὶ
2905 1498 3013 1551 τῶν
3038 1498 3326 1570 προϐάτων
3347 1513 3362 1529 ⁸

471 1582 561 1637 50.
595 1583 660 1635 Ει
684 1582 850 1638 valles
878 1583 1232 1638 abundabunt
1261 1580 1533 1637 frumento
1560 1599 1573 1634 :

2129 1587 2217 1643 50.
2245 1589 2355 1641 Kal.
2383 1591 2436 1642 αἱ
2469 1587 2712 1652 κοιλάδες
2740 1586 3070 1659 πληθυνοῦσι
3113 1591 3288 1641 σῖτον

471 1672 561 1727 51.
595 1673 937 1740 Clamabunt,
969 1673 1166 1729 etenim
1196 1674 1456 1742 hymnum
1483 1672 1685 1726 dicent.

2130 1679 2217 1734 51.
2250 1680 2618 1752 Κεκράξονται
2637 1720 2653 1747 ,
2680 1680 2774 1734 καὶ
2800 1681 2909 1753 γὰρ
2931 1680 3283 1752 ὑμνήσουσιν.

555 1762 608 1816 'n
644 1763 817 1827 ﬁnem,
856 1765 1119 1818 canticum
1144 1762 1337 1829 psalmi
1374 1758 1792 1815 resurrectionis.
1996 1756 2036 1811 Β

1996 1756 2036 1811 Β
2198 1768 2301 1835 Εἰς
2326 1770 2393 1823 τό
2422 1769 2617 1836 τέλος,
2650 1768 2773 1838 ᾠδὴ
2806 1768 3053 1839 ψαλμοῦ
3082 1765 3490 1833 ἀναστάσεως.

996 1852 1193 1908 PSAL.
1228 1852 1323 1906 LX
1343 1851 1402 1907 V.
2144 1894 2149 1897 Α

2144 1894 2149 1897 λ
2677 1861 2851 1914 ΨΑΛ.
2875 1857 3004 1912 SE'.

481 1950 530 2004 l.
564 1944 799 2004 Juln’laie
832 1942 1082 2015 Dtimino,
1111 1949 1292 2004 omnis
1322 1958 1466 2003 terra
1496 1963 1511 2001 :

2141 1947 2191 2001 1.
2230 1947 2552 2016 Ἀλαλάξατε
2577 1949 2655 2021 τῷ
2677 1949 2887 2021 Κυρίῳ,
2920 1950 3066 2003 πᾶσα
3090 1949 3124 2021 ή
3146 1948 3215 2020 γῆ
3239 1965 3252 1978 ·

476 2038 530 2092 2.
554 2038 831 2094 Psalmum
863 2040 1022 2095 dicite
1054 2041 1261 2094 nomini
1293 2040 1432 2108 ejus.

2140 2037 2195 2091 2.
2226 2039 2447 2094 Ψάλατε
2476 2039 2642 2111 δὴτῷ
2678 2039 2901 2112 ὀνόματι
2933 2037 3126 2094 αὑτοῦ·

478 2131 532 2184 5.
573 2129 702 2184 Date
732 2132 959 2203 gloriam
996 2132 1048 2187 in
1078 2131 1238 2186 laude
1265 2131 1408 2201 ejus.

2141 2128 2195 2185 3.
2223 2131 2351 2184 Δότε
2383 2130 2540 2198 δόξαν
2564 2132 2623 2185 ὲν
2647 2132 2847 2187 αἰνέσει
2874 2131 3059 2187 αὐτοῦ.

480 2220 534 2275 4.
572 2219 741 2276 Dicite
773 2220 920 2279 Deo:
961 2222 1135 2290 Quam
1164 2222 1429 2278 terribilia
1468 2227 1597 2291 sunt
1629 2232 1795 2292 opera
1828 2220 1959 2275 tua!

1951 2220 1959 2272 l
2142 2221 2195 2275 4.
2232 2220 2433 2276 Εῐπατε
2465 2222 2543 2295 τῷ
2571 2221 2724 2293 Θεῷ’
2772 2222 2862 2287 Ὧς
2892 2220 3098 2293 φοϐερὰ
3127 2218 3196 2272 τὰ
3227 2217 3364 2291 ἔργα
3396 2234 3489 2271 σου
3509 2250 3522 2271 ι

487 2360 565 2431 (a)
597 2360 779 2416 Codex
804 2358 977 2416 Palat.

1524 2446 1900 2505 ATHANASII
1938 2442 2520 2504 INTERPRETATIO.

482 2614 574 2670 20.
622 2613 859 2685 Spiritus
904 2620 1124 2669 sanctus
1179 2609 1274 2667 Dei
1316 2608 1584 2680 requievit
1629 2621 1794 2679 super
1841 2619 1976 2676 gen-

2144 2603 2236 2661 20.
2265 2605 2337 2659 Τὸ
2363 2605 2515 2675 ἆγιον
2537 2601 2763 2676 Πνεῦμα
2790 2601 2883 2657 τοῦ
2913 2600 3046 2656 Θεοῦ
3072 2599 3415 2655 ἀνεπαύσατο
3448 2600 3541 2654 ἐπὶ
3566 2599 3634 2654 τὰ

418 2717 513 2763 tes.

2082 2692 2232 2764 ἔθνη.

489 2797 578 2851 21.
614 2792 841 2862 Eloquia
870 2797 963 2844 tua
990 2788 1311 2861 praeparasti
1347 2787 1449 2843 eis.

2153 2785 2245 2840 21.
2273 2783 2354 2838 Τὰ
2376 2782 2532 2852 λόγιά
2565 2798 2657 2835 σου
2693 2782 3030 2855 ηὐτρέπισας
3055 2786 3260 2850 αὐτοις.

487 2888 579 2944 22.
609 2884 786 2940 (Zorda
818 2881 1055 2937 ﬁdelium
1083 2879 1231 2951 reple
1259 2879 1430 2949 gratia
1463 2885 1576 2933 tua.

2154 2876 2244 2931 22.
2272 2874 2383 2938 Τὰς
2405 2874 2632 2946 καρδίας
2658 2873 2765 2928 τῶν
2787 2875 2994 2929 πιστῶν
3038 2875 3313 2948 ἔμπλησον
3362 2875 3461 2946 τῆς
3492 2875 3635 2946 χάρι-

2085 2968 2177 3033 τός
2204 2984 2317 3021 σου.
3470 3004 3474 3012 .

494 3065 583 3118 25.
618 3062 682 3116 Ει
708 3076 843 3131 auge
871 3074 1036 3130 opera
1057 3057 1281 3131 justitiaz
1313 3070 1525 3111 eorum.

2156 3060 2241 3114 25.
2273 3059 2385 3111 Καὶ
2413 3057 2701 3113 πλεόνασον
2722 3059 2790 3114 τὰ
2808 3060 2945 3133 ἔργα
2961 3061 3063 3132 τῆς
3086 3058 3428 3130 δικαιοσύνης
3448 3057 3637 3114 αὐτῶν.

492 3158 583 3211 24.
618 3156 753 3211 Cum
783 3153 955 3224 gratia
989 3162 1084 3207 tua
1122 3148 1458 3206 descenderit
1508 3161 1668 3216 super
1699 3143 1980 3215 populum,

2157 3150 2247 3205 24.
2290 3150 2378 3203 Ἐν
2401 3149 2479 3220 τῷ
2504 3151 2602 3222 τὴν
2628 3153 2784 3224 χάριν
2806 3146 2898 3206 σου
2922 3153 3167 3209 κατιέναι
3187 3152 3279 3205 ἐπὶ
3306 3152 3395 3206 τὸν
3428 3151 3573 3216 λαὸν,
3590 3151 3642 3203 ὲν

425 3252 479 3305 in
510 3248 696 3303 laetitia
727 3246 929 3301 facient
952 3243 1188 3300 fructum
1221 3240 1568 3313 poenitentiae.

2089 3243 2396 3317 εὐφροσύνῃ
2420 3246 2703 3316 ποιήσουσι
2736 3247 2943 3319 καρπὸν
2976 3245 3280 3317 μετανοίας.

492 3339 584 3392 25.
627 3337 851 3407 Populo,
885 3335 978 3405 qui
1010 3333 1259 3390 credidit.

2161 3335 2250 3390 25.
2283 3334 2384 3388 Τὸν
2416 3334 2542 3388 λαὸν
2575 3337 2665 3389 τὸν
2698 3338 3119 3393 πεπιστευκότα.

498 3431 588 3484 26.
657 3428 723 3484 Ει
776 3428 1044 3484 mansueti
1110 3426 1273 3482 corde
1346 3424 1712 3495 implebuntur
1779 3419 1986 3491 Spiritu

2161 3428 2250 3482 26.
2280 3428 2390 3481 Kal.
2427 3429 2476 3480 οἱ
2503 3431 2695 3501 πραεῖς
2726 3433 2792 3504 τῇ
2834 3432 3033 3504 καρδίᾳ
3076 3430 3442 3505 πληθήσονται
3487 3427 3647 3484 Πνεύ-

430 3528 640 3577 sancto.

2097 3536 2262 3590 ματος
2290 3519 2463 3587 ἁγίου.

500 3612 592 3664 27.
639 3606 1043 3678 Participabunt
1082 3605 1252 3676 gratia
1285 3611 1374 3659 tua
1395 3641 1412 3669 ,
1459 3616 1600 3672 quos
1639 3618 1671 3658 e
1700 3601 1905 3657 mundo
1934 3617 1991 3657 e-
2018 3625 2063 3687 ο

2161 3610 2248 3665 27.
2287 3610 2645 3666 Μεταλάὅωσι
2665 3614 2764 3687 τῆς
2786 3613 3005 3686 χάριτός
3034 3632 3149 3680 σου,
3192 3615 3285 3678 οὒς
3326 3613 3555 3681 ἐξελέξω
3588 3616 3648 3667 ἐκ

429 3703 628 3773 legisti.

2094 3701 2187 3757 τοῦ
2212 3701 2435 3774 κόσμου.

501 3794 591 3849 28.
622 3794 686 3849 Et
713 3794 809 3849 ﬁlii
839 3794 1224 3864 prophetarum
1256 3791 1583 3864 gaudebunt.

2163 3793 2252 3848 28.
2281 3793 2391 3846 Kal.
2414 3794 2464 3846 οἱ
2493 3794 2601 3846 υἱοὶ
2631 3794 2741 3848 τῶν
2775 3797 3066 3868 προφητῶν
3096 3798 3429 3871 χαρίσονται.

500 3885 591 3940 29.
623 3884 808 3940 Gratia
841 3888 1015 3940 sancti
1053 3882 1288 3955 Spiritus
1315 3882 1568 3954 apostoli.

2164 3884 2255 3939 29.
2284 3883 2392 3955 Τὴν
2420 3884 2578 3957 χάριν
2615 3886 2706 3939 τοῦ
2729 3888 2883 3956 ἁγίου
2911 3888 3226 3962 Πνεύματος
3256 3892 3306 3945 oi
3350 3886 3649 3945 ἀπόστολοι.

498 3977 586 4031 '50.
625 3978 834 4032 Animas
860 3978 1091 4033 humiles
1130 3976 1482 4031 abundabunt
1529 3971 1863 4046 germinibus
1905 3968 1994 4040 ju-

2165 3975 2253 4029 50.
2287 3975 2352 4028 Αἱ
2377 3974 2544 4047 ψυχαὶ
2576 3980 2631 4032 αἱ
2667 3980 2921 4034 ταπειναί
2967 3981 3296 4053 πληθυνοῦσι
3345 3983 3654 4054 γεννήματα

431 4069 611 4125 stitiae.

2098 4070 2462 4143 δικαιοσύνης.

500 4161 588 4215 51.
630 4159 1040 4224 Gloriticabunt,
1077 4167 1130 4212 et
1158 4154 1372 4227 hymnis
1406 4163 1455 4208 te
1488 4154 1809 4210 laudabunt.

1806 4198 1809 4208 .
2171 4158 2259 4211 ⁸51.
2291 4157 2629 4226 Δοξάζονται,
2663 4164 2758 4217 καὶ
2793 4167 3163 4240 ἀνυμνήσουσί
3190 4169 3265 4243 (1)
3296 4186 3377 4226 σε.

511 4274 576 4325 Ἦ
604 4258 936 4344 προκειμένη
968 4269 1248 4341 ἐπιγραφὴ
1270 4269 1512 4340 περιέχει
1541 4267 1615 4338 (2)
1632 4285 1647 4300 ⁶
1682 4269 1786 4334 Εἰς
1804 4269 1871 4322 τὸ
1890 4270 2086 4339 τέλος,
2116 4272 2237 4341 ᾠδὴ
2260 4274 2506 4342 ψαλμοῦ
2527 4277 2937 4349 ἀναστάσεως.
2981 4285 3292 4353 Τουτέστιν,
3320 4288 3403 4350 είς
3424 4286 3487 4340 τὸ
3511 4284 3658 4345 τέλος

431 4364 539 4418 τῶν
579 4363 787 4417 αἰώνων
816 4366 850 4433 ή
882 4362 991 4435 ᾠδὴ
1019 4361 1160 4431 αὕτη
1205 4361 1417 4431 εἴρηται
1468 4359 1605 4430 μετὰ
1629 4359 1845 4431 ψαλμοῦ
1880 4360 1955 4433 (5)
2003 4364 2130 4436 περὶ
2175 4365 2275 4436 τῆς
2321 4366 2663 4434 ἀναστάσεως
2714 4371 2809 4425 τοῦ
2858 4374 3067 4445 Κυρίου
3091 4375 3199 4431 τῶν
3233 4377 3309 4448 (4)
3343 4377 3509 4431 ἐθνῶν
3539 4378 3655 4429 ἐπι-

316 4540 326 4548 .
435 4471 691 4529 στροφης.

505 4574 720 4629 Titulus
749 4571 1070 4643 praepositus
1095 4569 1335 4624 continet
1362 4587 1375 4622 :
1410 4567 1476 4621 In
1497 4568 1674 4637 ﬁnem,
1705 4571 1971 4623 canticum
1999 4574 2190 4640 psalmi
2223 4580 2639 4634 resurrectionis.
2670 4579 2784 4637 Hoc
2824 4591 2930 4653 est,
2966 4585 3022 4640 in
3050 4585 3157 4641 ﬁne
3188 4580 3524 4643 (saeculorum
3562 4585 3657 4639 line

436 4670 708 4726 canticum
734 4666 928 4738 psalmi
964 4665 1170 4719 dictum
1203 4671 1288 4718 est
1313 4663 1381 4718 de
1409 4663 1807 4720 resurrectione
1830 4664 2066 4735 Domini,
2091 4676 2145 4724 et
2169 4673 2521 4728 conversione
2549 4675 2809 4745 gentium.
3448 4674 3453 4681 ’

510 4793 562 4854 1,
590 4790 645 4845 2.
683 4789 742 4844 ln
772 4803 901 4844 voce
933 4787 1109 4842 valida
1139 4785 1354 4841 laudate
1405 4786 1694 4841 Dominum
1743 4787 1798 4841 in
1845 4789 1990 4859 psal-
2023 4795 2067 4849 Ι)

2168 4792 2219 4859 1,
2254 4794 2307 4848 2.
2353 4796 2439 4852 Ἐν
2472 4798 2666 4871 ἰσχυρᾷ
2693 4803 2843 4873 φωνῇ
2876 4802 3226 4876 ἀνυμνήσατε
3261 4802 3353 4856 τὸν
3373 4802 3575 4872 Κύριον
3603 4801 3657 4853 ἐν

436 4888 563 4945 mis,
591 4894 781 4935 omnes
805 4887 1010 4950 gentes.

2104 4882 2357 4957 ψαλμοῖς,
2394 4889 2569 4941 πάντα
2592 4890 2660 4943 τὰ
2683 4889 2831 4964 ἔθνη.
3126 4929 3146 4955 ν

507 4973 560 5025 3.
590 4969 657 5024 Et
680 4971 736 5025 in
779 4970 883 5025 ﬁne
914 4968 1345 5041 uniuscujusque
1372 4969 1567 5040 psalmi
1596 4970 1824 5040 gloriam
1859 4985 1999 5041 prae-

2176 4977 2228 5030 5.
2261 4978 2370 5031 Καὶ
2412 4981 2469 5033 ὲν
2512 4979 2590 5049 τῷ
2635 4981 2777 5035 τέλει
2821 4982 3049 5038 ἑκάστου
3097 4980 3312 5053 ψαλμοῦ
3335 4980 3491 5046 δόξαν
3519 4981 3658 5053 αὐτῷ

436 5065 557 5120 bcte
587 5066 656 5119 ei.

2105 5068 2481 5139 προσαγάγετε
2510 5069 2607 5140 (5).

505 5156 560 5210 4.
593 5153 761 5210 Dicite
794 5154 943 5207 Deo:
973 5149 1259 5217 Quomodo
1306 5150 1749 5208 inenarrabiliter
1797 5168 1999 5210 conce-

2171 5160 2225 5213 4.
2261 5161 2461 5214 Εἴπατε
2488 5161 2565 5232 τῷ
2592 5159 2709 5232 Θεῷ
2727 5177 2741 5191 ⁸
2781 5160 2869 5223 Ὠς
2886 5159 3286 5233 ἁνεκδιηγήτως
3305 5161 3658 5236 συνελήφθης,

437 5256 563 5318 plus
586 5262 665 5310 es,
697 5253 931 5312 etnatus
956 5258 1016 5299 es
1038 5243 1094 5297 in
1124 5243 1309 5297 terra?

1286 5243 1309 5296 ?
2104 5251 2198 5321 καὶ
2218 5250 2441 5323 ὲτέχθης
2466 5252 2559 5306 ἐπὶ
2588 5252 2688 5323 τῆς
2716 5256 2850 5325 γῆς;

1383 5375 1692 5441 Addenda
1720 5382 1782 5440 et
1801 5377 2176 5457 corrigenda
2214 5401 2295 5447 ex
2324 5387 2464 5449 cod.
2504 5386 2704 5451 Vatic.

615 5519 1064 5608 ἷξξιξδθξδξξοντες
1093 5522 1288 5608 239W-
2296 5533 2758 5608 Kppiou,xal._cﬁ;
2781 5532 2910 5585 τῶν.

513 5534 589 5659 (2’)
618 5534 1064 5644 gregi“?
1093 5534 1288 5647 ῗὲμἉ
2179 5534 2256 5658 (ιζ
2296 5535 2523 5671 Κυξρῐου,
2540 5534 2634 5588 καὶ
2659 5534 2758 5673 ἐἷς
2781 5534 2927 5618 τῶνκ
2978 5597 3006 5611 _

512 5594 592 5729 i5)
618 5607 966 5729 Εἴρηταῗῖλιξῦ
996 5607 1327 5729 iii/390$?“
1346 5610 1477 5681 ’περ’
2176 5605 2233 5659 ‘5
2293 5607 2361 5659 Δο
2396 5624 2459 5660 αν
2485 5605 2700 5676 ἀναπέμ
2744 5620 2836 5656 ατε
2868 5615 3037 5672 αυτφο

538 5659 592 5727 5)
618 5658 843 5729 Εἴρηται
871 5660 966 5713 τοῦ
998 5658 1233 5733 ψαλμοῦ.
