3978 6204
280 283 389 341 905

1165 279 1253 336 DE
1290 280 1566 339 TITULIS
1605 278 2057 337 PSALMORUM.
2091 307 2160 319 --
2197 278 2392 334 PSAL.
2437 278 2598 335 LXV.

3428 284 3559 343 906'

364 397 413 452 5.
458 397 546 451 Ἑν
572 397 650 469 τῷ
673 397 866 470 πλήθει
894 397 993 469 τῆς
1018 396 1299 469 δυνάμεώς
1330 414 1423 450 σου
1459 395 1748 467 ψεύσονται
1798 414 1858 450 σε

2032 396 2087 454 5.
2135 396 2192 449 In
2243 395 2591 451 multitudine
2635 394 2851 451 virtutis
2905 401 3014 450 tua
3057 396 3387 453 mentientur
3430 399 3529 455 tibi

282 491 347 547 οἱ.
362 488 544 562 ἐχθροί
576 506 687 543 σου.
1810 550 1816 558 ί

352 578 406 634 6.
436 580 644 652 Πᾶσαὴ
680 580 752 651 γῆ
784 580 1319 652 προσκυνησάτωσαν
1351 597 1456 643 σοι,
1488 579 1582 635 καὶ
1606 579 1861 649 ψαλάτω-

287 670 387 725 σάν
411 688 493 724 σοι
516 687 531 703 θ

358 760 410 814 7.
436 760 776 818 Ψαλάτωσαν
808 764 872 835 δὴ
899 764 978 835 τῷ
1000 765 1223 835 ὀνόματί
1252 781 1368 829 σου,
1397 764 1647 833 Ὕψιστε.

356 851 413 905 8.
443 849 628 917 Δεῦτε,
659 853 755 907 καὶ
795 853 931 906 ίδετε
968 852 1039 906 τὰ
1071 852 1209 923 ἔργα
1240 849 1334 904 τοῦ
1359 849 1495 903 Θεοῦ

852 945 1172 1014 Atat/ruam
1209 942 1309 1013 (a).

356 1032 414 1090 9.
447 1032 538 1098 Ὧς
559 1032 788 1107 φοϐερὸς
803 1038 861 1091 ἐν
892 1036 1108 1109 βουλαῖς
1136 1034 1277 1106 ὑπὲρ
1307 1033 1432 1099 τοὺς
1461 1035 1612 1100 υἱοὺς
1638 1036 1748 1091 τῶν
1768 1038 1863 1091 ἀν·

287 1118 318 1174 θ
327 1120 543 1194 ρώπων.

361 1213 449 1268 10.
487 1212 547 1268 '0
580 1211 968 1285 μεταστρέφων
996 1212 1095 1284 τὴν
1127 1212 1400 1269 θάλασσαν
1426 1218 1505 1280 είς
1527 1214 1716 1289 ξηράψ

362 1305 447 1359 11.
494 1305 583 1359 Ἐν
618 1302 846 1375 ποταμῷ
877 1302 1243 1361 διελεύσονται
1276 1307 1418 1360 ποδί.

361 1398 447 1453 12.
490 1399 637 1452 Ἑκεῖ
663 1395 1152 1469 εὐφρανθησόμεθα
1180 1400 1264 1452 ἐπ’
1304 1400 1474 1470 αὐτῷ,

364 1491 451 1545 15.
484 1490 573 1561 Τῷ
598 1488 912 1553 δεσπόζοντι
937 1493 993 1545 ἐν
1013 1492 1077 1562 τῇ
1107 1490 1397 1565 δυναστείᾳ
1420 1493 1583 1547 αὐτοῦ
1614 1493 1706 1547 τοῦ
1733 1494 1862 1547 αίῶ-

1808 1566 1825 1584 .

287 1598 382 1646 νος

368 1673 451 1731 11.
482 1674 544 1726 Oi
571 1671 842 1744 ὀφθαλμοὶ
875 1673 1039 1727 αὐτοῦ
1063 1676 1157 1729 ἐπὶ
1190 1676 1259 1731 τὰ
1282 1676 1409 1748 ἔθνη
1433 1677 1823 1732 ἐπιϐλέπουσιν
1842 1696 1857 1710 ·

365 1767 449 1824 15.
468 1769 530 1821 Oi
547 1766 1077 1838 παραπικραίνοντες
1092 1769 1167 1838 μὴ
1183 1768 1538 1839 ὑψοὺσθωσαν
1557 1773 1615 1824 ὲν
1627 1773 1858 1833 ἑαυτοῖς.
1892 1753 1936 1809 Β

364 1858 446 1913 16.
476 1857 781 1925 Εὐλογείτε,
812 1855 960 1928 ἔθνη,
984 1856 1077 1910 τὸν
1109 1857 1241 1911 Θεὸν
1268 1861 1299 1929 ἡ
1308 1858 1423 1929 μῶν
1442 1877 1456 1889 ν

361 1951 448 2005 17.
476 1951 586 2004 Καὶ
610 1949 931 2004 ἀκουτίσατε
944 1949 1044 2020 τὴν
1067 1948 1248 2021 φωνὴν
1268 1952 1367 2021 τῆς
1383 1951 1644 2016 αἰνέσεως
1672 1950 1855 2005 αὐτοῦ.

357 2042 445 2097 18.
480 2041 586 2095 Τοῦ
621 2041 848 2112 θεμένου
872 2041 971 2111 τὴν
998 2039 1177 2112 ψυχήν
1205 2057 1305 2110 μου
1331 2041 1411 2104 είς
1443 2038 1612 2112 ζωήν.

360 2134 444 2190 19.
472 2134 582 2187 Καὶ
616 2133 690 2204 μὴ
719 2131 899 2195 δόντος
919 2134 998 2196 εἰς
1024 2132 1183 2185 σάλον
1206 2132 1333 2196 τοὺς
1365 2132 1532 2196 πόδας
1565 2150 1685 2203 μου.

358 2224 448 2282 20.
472 2226 594 2280 Ὀτι
620 2224 944 2296 ἐδοκίμασας
965 2224 1132 2295 ἡμᾶς,
1148 2226 1177 2278 ὁ
1201 2222 1351 2289 Θεὸς,
1377 2224 1665 2296 ὲπύρωσας
1688 2226 1858 2296 ἡμᾶς,

280 2314 363 2382 ὡς
391 2316 656 2389 πυροῦται
685 2316 747 2369 τὸ
779 2315 1066 2388 ἀργύριον.

360 2476 439 2549 (α)
472 2476 652 2533 Codex
685 2474 858 2532 Palat.

1966 486 2169 541 inimici
2202 487 2301 540 tui.

2035 578 2088 632 6.
2124 577 2313 633 Omnis
2338 585 2481 633 terra
2507 578 2696 633 adoret
2744 586 2796 634 te
2819 585 2873 633 et
2896 578 3091 647 psallat
3117 579 3214 633 tibi
3238 596 3254 632 :

2036 760 2087 815 7.
2121 758 2396 814 Psalmum
2430 759 2574 814 dicat
2601 758 2810 815 nomini
2840 770 2958 827 tuo,
2991 759 3289 816 Altissime.

2034 853 2090 909 8.
2123 852 2332 919 Venite,
2366 861 2420 908 et
2448 852 2623 907 videte
2651 867 2814 923 opera
2844 851 2940 907 Dei
2984 871 2999 907 :

2597 948 2930 1019 Diapsalma.

2033 1042 2088 1097 9.
2132 1040 2307 1108 Quam
2359 1040 2615 1097 terribilis
2668 1041 2723 1096 in
2753 1040 3002 1098 consiliis
3048 1055 3215 1111 super
3244 1039 3383 1098 ﬁlios
3433 1051 3535 1096 no-

1964 1136 2200 1190 minum.

2037 1226 2123 1281 10.
2153 1226 2260 1294 Qui
2295 1226 2565 1282 convertit
2594 1241 2748 1280 mare
2778 1226 2832 1281 in
2862 1226 3070 1281 aridam
3100 1247 3113 1281 :

2040 1317 2128 1371 11.
2157 1316 2213 1370 In
2248 1315 2474 1371 ﬂumine
2499 1314 2909 1386 pertransibunt
2932 1318 3089 1386 pede.

2033 1408 2121 1464 {2.
2146 1407 2220 1462 lbi
2238 1409 2541 1464 lmtabimur
2555 1408 2609 1463 in
2630 1408 2772 1478 ipso,

2037 1501 2122 1555 15.
2153 1501 2257 1568 Qui
2284 1500 2596 1556 dominatur
2635 1498 2689 1553 in
2719 1499 3046 1555 virtute‘sua
3082 1500 3137 1553 in
3172 1508 3479 1556 aeternum:

2037 1675 2125 1731 M.
2151 1675 2304 1731 Oculi
2336 1679 2456 1746 eius
2491 1692 2659 1747 super
2687 1686 2874 1748 gentes
2912 1678 3249 1747 respiciunt:

2037 1769 2123 1823 15.
2152 1767 2255 1834 Qui
2286 1780 2614 1838 exasperant
2642 1785 2750 1824 non
2783 1771 3090 1825 exaltentur
3119 1770 3173 1823 in
3203 1768 3532 1839 semetipsis.

2036 1858 2122 1913 16.
2164 1857 2494 1925 Benedicite,
2521 1870 2729 1930 gentes,
2759 1859 2928 1915 Deum
2961 1868 3208 1915 nostrum
3237 1878 3250 1914 :

2036 1951 2123 2006 17.
2155 1950 2221 2005 Et
2253 1951 2495 2006 auditam
2532 1949 2696 2007 facite
2717 1966 2904 2007 vocem
2938 1952 3113 2006 laudis
3141 1952 3281 2020 ejus.

2036 2041 2122 2096 18.
2152 2041 2255 2108 Qui
2285 2043 2469 2113 posuit
2492 2043 2733 2097 animam
2765 2058 2941 2097 meam
2972 2043 3039 2099 ad
3064 2044 3231 2098 vitam
3257 2062 3271 2098 :

2038 2134 2124 2189 19.
2157 2133 2223 2188 Ει
2252 2150 2361 2189 non
2389 2135 2536 2190 dedit
2567 2136 2621 2190 in
2653 2136 3072 2191 commotionem
3105 2136 3269 2206 pedes
3294 2150 3464 2191 meos.

2039 2223 2128 2279 20.
2154 2223 2423 2293 Quoniam
2453 2226 2694 2296 probasti
2719 2241 2841 2290 nos,
2871 2224 3034 2292 Deus,
3062 2226 3185 2299 igne
3210 2226 3533 2280 examinasti

1968 2329 2090 2384 nos,
2126 2316 2269 2372 sicut
2294 2318 2636 2373 examinatur
2662 2325 2967 2386 argentum.

1425 2566 1800 2623 ATIIANASII
1834 2567 2411 2626 INTERPRETATIO.

361 2724 416 2781 5.
444 2724 557 2779 Kal
578 2725 637 2780 ἐν
655 2724 733 2797 τῷ
758 2725 923 2780 πάθει
950 2725 1046 2778 καὶ
1086 2722 1162 2795 (1)
1192 2725 1259 2793 τῇ
1284 2722 1576 2775 ἀναστάσει
1618 2740 1712 2777 σου
1756 2724 1856 2794 ἀρ-

284 2817 541 2890 νήσονταί
572 2835 634 2871 σε
663 2818 794 2872 Θεὸν
814 2820 863 2871 οἱ
894 2816 1154 2871 Ἰουδαῖοι.

356 2909 410 2963 6.
444 2909 523 2963 Τὰ
550 2908 678 2982 ἔθνη
712 2910 890 2964 πάντα
923 2907 1297 2970 πιστεύσουσι,
1329 2904 1424 2958 καὶ
1467 2903 1749 2971 δοξάσουσί
1775 2921 1856 2960 σε.

359 3002 412 3057 7.
459 3003 851 3075 Ἀνυμνήσουσι
885 3003 944 3058 τὸ
973 2999 1383 3075 μεγαλοπρεπὲς
1403 2998 1575 3068 δνομά
1601 3014 1694 3051 σου
1721 2998 1821 3068 (2).

355 3094 411 3150 8.
438 3096 515 3167 Τῇ
536 3095 733 3169 καρδίᾳ
754 3097 786 3168 ἡ
796 3094 911 3168 μῶν
928 3094 1225 3166 προσέχετε
1247 3092 1324 3162 (5)
1359 3093 1470 3153 τοῖς
1496 3088 1861 3162 δικαιώμασιν
1886 3140 1927 3197 C

280 3202 474 3242 αυτου.

359 3280 412 3335 9.
446 3279 567 3333 ’Ότι
592 3278 627 3350 ἠ
647 3277 833 3349 διδαχὴ
854 3279 952 3349 τῆς
965 3277 1188 3348 χάριτος
1216 3274 1383 3330 αὐτοῦ
1412 3273 1727 3345 ἐνδοξοτέρα
1741 3274 1859 3327 ἐστὶ

278 3370 385 3443 τῆς
418 3371 610 3442 σοφίας
636 3371 744 3424 τῶν
771 3369 1094 3441 ἀνθρώπων.

359 3461 446 3515 10.
483 3463 541 3515 Ὀ
572 3462 670 3534 τὴν
697 3461 973 3533 ἁμαρτίαν
1011 3460 1109 3514 τοῦ
1141 3459 1349 3531 κόσμου
1376 3457 1621 3512 θανατῶν

356 3551 444 3605 11.
486 3552 573 3606 Ἐν
601 3555 669 3623 τῇ
701 3551 887 3623 χάριτι
914 3551 1007 3605 τοῦ
1042 3551 1198 3619 ἁγίου
1245 3548 1559 3620 Πνεύματος
1603 3545 1859 3618 ζησουσιν

279 3640 524 3713 ἀφάδως.

357 3733 447 3789 12.
486 3735 574 3787 Ἐν
594 3736 659 3804 τῇ
676 3733 857 3804 χάριτι
877 3731 951 3805 (εί)
968 3731 1061 3785 τοῦ
1092 3730 1376 3802 μέλλοντος
1405 3730 1599 3794 αἰῶνος
1626 3729 1861 3802 εὐφραν-

280 3826 560 3899 θησόμεθα
580 3825 814 3897 ὁρῶντες
843 3825 941 3896 τὴν
970 3823 1127 3889 δόξαν
1150 3823 1246 3877 τοῦ
1272 3821 1427 3877 Θεοῦ.

356 3918 443 3973 15.
478 3917 668 3989 Πατὴρ
689 3916 797 3990 γάρ
817 3918 933 3969 ὲστι
964 3914 1059 3969 τοῦ
1098 3915 1383 3987 μέλλοντος
1406 3914 1621 3977 αἰῶνος.

354 4009 443 4064 14.
468 4011 532 4064 Οί
572 4010 860 4064 ἀπόστολοι
881 4009 975 4063 ἐπὶ
996 4007 1058 4063 τὸ
1093 4008 1354 4080 κήρυγμα
1399 4004 1508 4059 τῶν
1572 4003 1742 4059 ὲθνῶν
1774 4020 1863 4058 πο-

284 4101 557 4175 ρεύονται.
1692 4086 1697 4093 η’

356 4193 446 4250 15.
487 4193 545 4247 Ὀ
570 4193 699 4257 λαὸς
724 4192 834 4246 τῶν
870 4190 1159 4259 Ἰουδαίων,
1190 4189 1266 4261 μὴ
1293 4189 1566 4261 καυχᾶσθε
1587 4188 1854 4258 λέγοντες·

280 4286 524 4356 Σπέρμα
565 4282 811 4355 Ἁϐραάμ
837 4284 1042 4353 ἐσμεν.

354 4377 443 4432 16.
470 4379 584 4430 Οὐκ
605 4375 685 4429 ἔτι
710 4376 820 4446 γὰρ
849 4375 1024 4446 μόνων
1058 4371 1325 4427 Ἰουδαίων
1357 4374 1386 4425 ό
1413 4370 1564 4435 Θεὸς,
1591 4370 1731 4424 ἀλλὰ
1762 4369 1857 4423 καὶ

280 4468 474 4524 ἐθνῶν.

354 4561 445 4615 17.
466 4559 575 4615 Καὶ
590 4556 933 4612 ὑπακούσατε
956 4556 1033 4627 τῷ
1049 4556 1366 4630 κηρύγματι
1381 4556 1480 4628 τῆς
1495 4553 1654 4624 δόξης
1670 4551 1858 4608 αὐτοῦ.

351 4651 441 4707 18.
462 4649 569 4706 Τοῦ
595 4650 993 4723 μεταγαγόντος
1014 4652 1079 4704 ὲκ
1097 4649 1191 4704 τοῦ
1214 4647 1445 4702 θανάτου
1472 4648 1551 4711 είς
1568 4645 1668 4718 τὴν
1690 4644 1856 4717 ζωήν.

350 4743 437 4797 19.
467 4744 578 4797 Καὶ
605 4742 680 4814 μὴ
709 4742 969 4808 ὲάσαντός
999 4760 1066 4814 με
1102 4742 1210 4806 ἕως
1251 4740 1437 4803 τέλους
1500 4741 1566 4810 τῇ
1616 4737 1861 4810 ἁμαρτίᾳ

280 4831 697 4887 συναπολέσθαι.

348 4925 441 4980 20.
481 4926 600 4979 Ὀτι
623 4923 768 4996 εῐδης
794 4918 999 4995 [εἴδες],
1027 4921 1109 4974 ὅτι
1154 4920 1500 4991 ὑπακούομεν
1538 4919 1616 4985 (5)
1644 4917 1723 4991 τῷ
1755 4935 1855 4988 κη-

276 5016 524 5090 ρύγματι
562 5032 691 5070 σου*
720 5016 797 5087 (6)
823 5014 1003 5067 πᾶσαν
1040 5011 1382 5083 ἀκαθαρσίαν
1407 5008 1574 5066 οὖσαν
1612 5010 1672 5062 ἐν
1722 5010 1854 5078 ἡμῖν

271 5110 543 5180 ἐποίησας
572 5108 719 5180 ἡμᾶς
742 5104 1060 5160 ἀποθέσθαι.

350 5220 400 5252 ’⁸
423 5219 582 5276 Joan.
614 5236 733 5285 vm,
763 5220 852 5275 35.
927 5218 973 5251 "
1008 5214 1167 5272 Rom.
1200 5231 1283 5282 ιιι,
1307 5216 1397 5271 29.

2032 2723 2084 2778 5.
2114 2722 2180 2778 Et
2208 2724 2261 2778 in
2293 2727 2565 2796 passione,
2592 2736 2647 2782 et
2678 2727 2732 2782 in
2786 2728 3184 2785 resurrectione
3226 2739 3318 2784 tua
3367 2741 3531 2801 negao

1963 2816 2100 2871 bunt
2131 2826 2183 2872 te
2217 2818 2386 2874 Deum
2412 2818 2606 2875 Judzei.
3404 2876 3411 2883 .

2033 2908 2086 2962 6.
2116 2909 2316 2966 Gentes
2340 2928 2530 2969 omnes
2555 2913 2801 2979 credent,
2837 2922 2891 2968 et
2918 2912 3301 2984 gloriﬁeabunt
3323 2926 3392 2970 te.

2037 3001 2088 3056 7.
2120 3000 2446 3059 Laudabunt
2467 3004 2814 3076 magniﬁcum
2848 3019 3046 3059 nomen
3070 3014 3245 3060 tuum.

2033 3091 2086 3145 8.
2151 3091 2421 3150 Cordibus
2480 3094 2677 3150 vestris
2743 3095 3002 3150 attendite
3047 3093 3532 3164 justiﬁcationihus

1960 3182 2101 3253 ejus.

2030 3274 2083 3330 9.
2129 3273 2398 3342 Quoniam
2443 3274 2689 3332 doctrina
2728 3278 2918 3348 gratia:
2964 3278 3083 3351 ejus
3125 3278 3411 3350 gloriosior
3447 3289 3532 3334 est

1962 3367 2200 3422 humana
2230 3367 2518 3438 sapientia.

2031 3459 2120 3515 10.
2146 3458 2251 3527 Qui
2281 3462 2576 3517 mortiﬁcat
2603 3469 2884 3531 peceatum
2918 3460 3129 3515 mundi.

2036 3549 2122 3604 11.
2152 3549 2209 3605 in
2233 3552 2408 3622 gratia
2440 3552 2616 3608 sancti
2644 3550 2876 3622 Spiritus
2909 3566 3100 3607 secure
3131 3551 3332 3607 vivent.

2032 3730 2201 3786 i2.ln
2248 3732 2420 3802 gratia
2463 3733 2677 3788 venturi
2720 3733 2903 3788 saeculi
2935 3731 3241 3787 laetabimur
3286 3731 3528 3786 videntes

1961 3825 2189 3896 gloriam
2219 3824 2329 3879 Dei.

2033 3919 2123 3974 15.
2158 3917 2318 3974 Pater
2343 3918 2486 3973 enim
2519 3928 2602 3973 est
2630 3918 2843 3973 venturi
2874 3918 3078 3973 saeculi.

2034 4009 2121 4064 14.
2165 4009 2413 4079 Apostoli
2461 4014 2528 4065 ad
2578 4010 3016 4081 praedicationem
3068 4007 3308 4078 gentium
3360 4007 3528 4079 proﬁ-

1960 4100 2256 4155 ciscuntur.

2034 4191 2120 4247 15.
2170 4190 2361 4262 Pepuli
2409 4189 2720 4246 Iudaeorum
2772 4207 2838 4247 ne
2891 4192 3195 4264 gloriemini
3249 4193 3524 4248 dicentes'

1962 4283 2148 4339 Semen
2171 4284 2397 4339 Abraha:
2409 4300 2590 4338 sumus
2607 4284 2674 4340 ⁷⁸.

2033 4374 2123 4429 16.
2145 4373 2264 4429 Non
2297 4376 2530 4446 amplius
2550 4375 2696 4431 enim
2721 4376 2899 4455 solum
2922 4373 3235 4432 Iudaeorum
3264 4386 3348 4432 est
3363 4375 3526 4442 Deus,

1891 4479 1937 4534 ι)
1961 4467 2054 4523 sed
2082 4467 2248 4523 etiam
2281 4468 2519 4538 gentium
2545 4468 2611 4521 ⁷⁷.

2036 4558 2128 4616 17.
2162 4558 2230 4613 Et
2252 4560 2554 4615 auscultate
2580 4556 2950 4630 pradicationi
2977 4556 3165 4627 gloriae
3202 4557 3343 4629 ejus.

2035 4647 2122 4702 18.
2156 4646 2261 4715 Qui
2288 4647 2551 4703 transfert
2572 4663 2600 4700 a
2632 4655 2807 4701 morte
2834 4643 2888 4698 in
2921 4644 3110 4697 vitam.

2035 4738 2122 4794 19.
2155 4738 2220 4794 Ει
2254 4757 2362 4796 non
2391 4754 2589 4810 passus
2615 4749 2701 4794 est
2744 4752 2832 4792 me
2875 4721 3147 4805 usque'in
3197 4735 3360 4790 ﬁnem
3408 4752 3530 4809 cum

1961 4840 2187 4901 peccato
2216 4833 2411 4902 perire.

2032 4921 2122 4976 20.
2149 4920 2417 4989 Quoniam
2449 4923 2654 4989 vidisti,
2680 4921 2829 4993 quod
2864 4921 3305 4991 obtemperamus
3336 4917 3532 4988 prmdi-

1963 5012 2165 5066 cationi
2220 5020 2365 5068 tuae:
2413 5028 2629 5067 omnem
2676 5011 3098 5077 immunditiam,
3143 5025 3265 5080 qua:
3307 5015 3423 5062 erat
3474 5008 3527 5061 in

1964 5103 2143 5162 nobis.
2172 5103 2347 5162 fecisti
2376 5116 2434 5161 ut
2461 5120 2563 5160 nos
2591 5103 3006 5174 deponeremus.

1234 5351 1538 5415 Addenda
1571 5359 1632 5412 et
1670 5347 2049 5426 corrigenda
2083 5363 2164 5407 ex
2198 5344 2341 5406 cod.
2374 5341 2579 5403 Vatic.

352 5486 401 5554 (1

369 5558 408 5612 2

369 5560 408 5612 2

348 5560 410 5752 ξε

369 5698 406 5752 1

369 5698 406 5753 4

472 5485 560 5559 ξεν
573 5483 659 5559 ξιῷ
678 5485 892 5559 πᾉήθει,
924 5482 1058 5559 καί.-
1263 5547 1289 5559 _

462 5556 535 5627 '[b
772 5551 866 5609 σου
901 5551 1346 5621 αεναλοπρεπῶς.

461 5624 758 5697 Πρόσθέτε.

447 5694 629 5766 Χαρᾷ.

602 5787 873 5847 Paeon.
920 5779 1040 5840 Gn.
1113 5776 1360 5838 lidil'll.

409 5485 431 5745 ἓ

2031 5473 2106 5544 (5)
2132 5474 2254 5544 Ὅτι
2277 5472 2418 5544 -ίδῃς,
2450 5471 2532 5523 ὅτι
2564 5466 2964 5544 ὑπακοῳομεν.

2031 5481 2106 5544 (5)
2132 5481 2254 5527 Ὅτι
2284 5481 2352 5543 ιδ,
2372 5488 2418 5533 ς,
2450 5481 2532 5523 ὃτι
2564 5481 2843 5522 υπακουσο
2916 5481 2964 5515 ν.

2030 5545 2102 5615 (6)
2135 5544 2203 5615 N.
2229 5487 2560 5615 21.ἸἸᾶσαν.
2600 5546 2704 5615 etc.
2740 5481 2947 5615 liga;
2976 5532 3220 5615 Ἤγαγες
3256 5528 3529 5603 ήμᾶςέίς

1957 5602 2055 5685 τὴν
2086 5602 2339 5678 σύνταξίν
2365 5627 2479 5665 σου.
2519 5608 2583 5664 Ν.
2613 5608 2702 5662 23.
2748 5602 3038 5687 ’Ἡλεγὲαῆ
3059 5611 3166 5656 etc.

3156 5754 3231 5817 29
