1989 3102
206 179 256 207 9H

625 174 653 202 S.
674 171 860 201 ATHANASll
880 169 954 198 OPP.
975 168 1064 196 PARS
1084 168 1127 195 Ill.
1148 182 1183 189 -
1203 166 1410 195 EXEGETICA.

1775 164 1825 192 9η

222 235 255 263 In
269 237 346 270 ﬁnem
355 233 451 261 cantici
461 232 589 269 [psalmus
605 229 725 265 cantici],
744 228 861 264 psalmus
879 227 975 254 Dat-id.
1003 232 1024 259 Α
1041 227 1051 251 ι

1067 226 1092 258 ις
1105 225 1138 252 τὸ
1152 225 1239 257 τέλθς
1254 223 1334 257 ᾠδῆς
1358 223 1497 258 [ψαλμός
1511 221 1591 256 ᾠδῆς
1604 222 1630 257 l.
1647 221 1766 256 ψαλμὸς
1787 220 1825 254 τῷ

478 278 579 306 ΡδΑΙ..
596 276 715 304 LXVII.

245 329 271 355 l.
292 327 425 362 Exsurgat
442 326 522 358 Deus,
539 329 567 353 et
580 323 748 358 dissipentur
767 320 870 349 inimici
890 319 949 354 cjus
966 328 973 346 ε

245 420 272 447 2.
289 419 322 446 Et
335 419 437 453 fugiant
456 417 502 452 qui
521 416 637 443 oderunt
650 422 713 441 eum
727 421 742 440 a
755 412 825 440 facie
838 411 909 447 ejus.

245 510 272 538 5,
287 510 362 537 Sicut
373 508 462 536 deficit
477 507 580 539 fumus,
598 505 727 533 deﬁciant
740 513 746 530 :

248 556 275 583 ι.
294 555 369 582 Sicut
387 553 447 581 ﬂuit
459 561 521 581 cera
535 560 550 579 a
566 552 635 579 facie
649 551 731 587 ignis,

247 603 274 630 5.
289 602 335 630 Sic
349 606 460 638 pereant
475 604 630 636 peccatores
647 608 662 627 a
680 598 748 626 facie
760 598 817 625 Dei.

250 692 277 719 6.
294 691 327 719 Et
342 691 410 727 justi
430 691 564 722 laetentur,
590 694 618 716 et
638 688 776 716 exsultent
796 686 825 714 in
848 688 994 721 conspectu

214 738 274 772 Dei,

248 784 275 811 7.
294 783 464 810 Delectentur
481 781 509 808 in
524 780 627 808 laetitia.

253 829 409 863 8.;Cantate
423 827 488 860 Deo,
503 826 637 861 psalmum
655 825 736 853 dicite
751 824 856 852 nomini
869 824 929 858 ejus
942 831 949 850 :

251 877 278 905 9.
296 877 350 904 lter
378 875 459 902 facile
487 874 527 908 εἰς
537 873 583 908 qui
608 872 731 900 ascendit
747 879 830 906 super
848 877 994 898 occasum:

214 922 346 950 Dominus
360 928 458 948 nomen
474 919 512 946 illi
526 927 533 946 :

250 967 294 994 10.
309 966 343 993 Et
362 966 495 993 exsultate
508 964 535 991 in
550 966 697 998 conspectu
716 961 785 996 ejus.

252 1013 294 1040 ll.
308 1012 462 1039 Turbentur
474 1018 489 1037 a
502 1010 570 1037 facie
583 1009 662 1044 ejus:

251 1060 295 1087 1‘2.
311 1058 399 1086 Patris
414 1058 608 1093 orphanorum,
625 1060 652 1082 et
662 1054 762 1090 judicis
778 1053 934 1080 viduarum.

249 1106 294 1132 15.
308 1105 380 1132 Deus
396 1105 422 1131 in
438 1105 498 1132 loco
514 1106 607 1131 sancto
625 1108 675 1129 suo
689 1109 695 1127 :

251 1152 293 1179 l4.
311 1151 392 1184 Deus,
413 1151 458 1185 qui
484 1148 635 1177 inhabitare
662 1146 726 1175 facit
751 1145 833 1173 unius
858 1145 944 1174 moris
966 1145 996 1173 in

216 1200 297 1225 dnnio
310 1206 317 1224 :

253 1245 289 1281 (a)
307 1245 337 1281 ln
352 1243 530 1281 marg.__cod.,
544 1241 693 1281 ἀπόλοιντο.

1286 269 1384 296 Δαϐίδ.
1402 270 1489 296 ΨΑΑ.
1504 268 1567 294 ΞΖ¹.

1080 317 1105 343 1.
1124 316 1278 351 Ἀναστήτω
1296 317 1310 342 ὸ
1324 315 1406 347 Θεος,
1428 315 1475 341 καὶ
1494 313 1781 350 διασκορπισθήτωπαν
1802 312 1826 339 οἱ

1043 363 1135 398 ἐχθροὶ
1149 361 1243 388 αὐτοῦ.

1079 409 1106 435 ‘2.
1119 409 1173 435 Καὶ
1188 408 1345 443 φυγέτωσαν
1361 406 1414 434 ἀπὸ
1426 406 1571 441 προσώπου
1587 404 1668 432 αὑτοῦ
1683 405 1706 430 οἱ
1722 404 1827 439 μισοῦν-

1045 462 1089 485 τες
1104 454 1196 481 αὐτόν.

1080 502 1106 528 5.
1125 502 1168 532 Ὠς
1180 499 1299 526 ἐκλείπει
1313 498 1417 530 καπνὸς
1426 519 1434 531 ,
1452 497 1635 524 ὲκλιπὲτωσαν
1647 505 1655 512 ’

1079 548 1105 574 4.
1127 545 1171 578 Ὦς
1183 546 1294 581 τήκεται
1308 545 1391 581 κηρδς
1406 544 1459 571 ἀπὸ
1471 543 1616 579 προσώπου
1630 552 1665 569 πυ
1671 542 1724 576 ρὺς,

1081 593 1106 620 5.
1122 592 1214 624 οὕτως
1229 591 1389 618 ἀπολοῦνται
1406 589 1445 626 (α)
1463 591 1488 616 oi
1511 589 1666 625 ἁμαρτωλοὶ
1681 588 1734 615 ἀπὸ
1748 595 1827 623 προσ-

1045 637 1120 666 ώπου
1134 638 1181 665 τοῦ
1197 637 1274 665 Θεοῦ.

1083 684 1109 712 6.
1126 684 1162 720 (b)
1178 684 1233 711 Καὶ
1247 685 1270 711 οἱ
1287 684 1385 711 δίκαιοι
1396 683 1637 719 εὐφρανθήτωσαν,
1650 681 1828 709 ἀναλλιάσθω·

1047 740 1095 758 σαν
1109 730 1223 757 ἐνώπιον
1237 730 1285 757 τοῦ
1302 729 1380 762 Θεοῦ,

1082 777 1109 804 7.
1124 776 1324 812 Τερφθήτωσαν
1341 776 1370 802 ὲν
1385 774 1547 810 εὐφροσύνῃ.

1082 822 1108 849 8.
1125 822 1225 858 ᾊσατε
1240 822 1279 858 τῷ
1295 822 1365 858 Θεῷ,
1381 822 1484 857 ψάλατε
1498 821 1536 856 τῷ
1550 819 1660 855 ὀνόματι
1674 817 1754 845 αὑτοῦ
1764 826 1771 832 ”

1083 868 1109 896 9.
1128 868 1319 904 Ὁδοποιήσατε
1335 868 1374 904 τῷ
1387 867 1561 903 ὲπιὸεϐηκὸτι
1574 868 1620 893 ἐπὶ
1634 864 1743 900 δυσμῶν
1753 873 1759 879 ·
1776 862 1829 890 Κύ-

1011 907 1034 937 B
1049 922 1105 949 ριος
1120 914 1204 949 ὕνομα
1218 914 1307 949 αὐτῷ·

1086 961 1128 987 10.
1144 961 1199 987 Καὶ
1211 961 1375 995 ἀγαλλιᾶσθε
1388 959 1501 987 ἐνώπιον
1514 957 1605 986 αὑτοῦ.

1087 1007 1130 1034 M.
1146 1007 1365 1043 Ταραχθήτωσαν
1381 1006 1435 1033 ἀπὸ
1446 1005 1591 1041 προσώπου
1606 1003 1688 1031 αὐτοῦ
1700 1011 1707 1017 '

1087 1053 1129 1079 12.
1139 1053 1191 1080 Τοῦ
1203 1054 1305 1089 πατρὸς
1313 1053 1366 1080 τῶν
1375 1052 1499 1089 ὀρφανῶν
1511 1052 1557 1078 καὶ
1565 1050 1657 1086 κριτοῦ
1670 1049 1723 1075 τῶν
1730 1046 1828 1083 χηρῶν.

1087 1099 1129 1125 15.
1151 1099 1178 1125 '0
1194 1099 1258 1130 Θεὸς
1273 1100 1301 1126 ἐν
1316 1099 1390 1134 τόπῳ
1405 1098 1474 1133 ἁγίῳ
1489 1096 1581 1124 αὐτοῦ.

1084 1143 1126 1170 Μ.
1148 1144 1177 1171 '0
1191 1144 1256 1176 Θεὸς
1267 1145 1415 1177 κατοικίζει
1431 1142 1613 1180 μονοτρόπους
1627 1142 1656 1168 ὲν
1669 1141 1735 1176 οἴκῳ
1746 1148 1754 1155 ”

307 1271 382 1308 Visis.
399 1271 428 1306 6‘:
441 1278 506 1310 Καὶ,
523 1271 587 1310 etc.,
604 1275 840 1311 εύφρανθήτωσαν.
868 1275 1020 1301 Διάώαλιια.
1041 1273 1051 1296 Ἰ

1067 1283 1118 1302 ers.
1142 1275 1169 1303 7.
1190 1273 1440 1309 Ἀγαλλιάσθωσαν,
1463 1277 1516 1302 etc.
1535 1272 1612 1301 Veis.
1630 1272 1657 1300 8.
1674 1271 1832 1308 Τερφθήτω-

217 1324 277 1348 σαν,
292 1320 343 1343 etc.

774 1342 962 1372 ATHANASII
982 1342 1271 1371 INTERPRETATIO.

257 1397 289 1423 Ἥ
302 1403 467 1432 προκειμενη
482 1392 622 1428 επιγραφὴ
635 1392 755 1427 περιέχει
770 1391 824 1426 (1)·
837 1391 890 1423 Εἰς
906 1391 940 1417 τὸ
950 1390 1048 1424 τέλος,
1059 1389 1179 1425 ψαλμὸς
1191 1389 1271 1423 ᾠδῆς
1285 1387 1326 1421 τῷ
1345 1387 1447 1414 Δαϐίδ·
1460 1385 1594 1418 τουτέστι,
1610 1385 1673 1421 περὶ
1685 1384 1739 1412 τῶν
1754 1385 1792 1416 εις
1804 1384 1833 1410 τὸ

217 1443 292 1474 τέλος
306 1430 359 1469 τῶν
374 1430 492 1476 Χριστοῦ
507 1438 558 1474 [είς
572 1438 618 1464 τὸν
635 1436 763 1473 Χριστὸν]
781 1435 931 1471 μελλόντων
947 1434 1086 1462 πιστεύειν
1102 1435 1116 1460 ὁ
1131 1434 1237 1469 ψαλμὸς
1253 1432 1343 1469 ᾅδεται
1357 1431 1398 1465 τῷ
1413 1431 1505 1465 ἱκανῷ
1523 1433 1612 1466 χωρί’
1626 1431 1709 1459 Δαϐὶό
1726 1431 1781 1467 γὰρ
1791 1430 1833 1457 οὕ-

216 1497 271 1519 τως
287 1486 476 1523 ἑρμηνεύεται,
494 1484 523 1515 ὅς
538 1484 610 1511 ἐστιν
623 1484 637 1509 ὁ
650 1483 713 1514 Υἱὸς
725 1481 772 1508 τοῦ
783 1481 861 1508 Θεοῦ.

253 1536 359 1563 Titulus
376 1533 537 1570 praepositus
550 1532 671 1559 continet
684 1539 690 1556 :
707 1529 740 1557 In
752 1531 848 1563 ﬁnem,
862 1529 980 1564 psalmus
1000 1529 1099 1555 cantici
1112 1528 1217 1555 David:
1232 1528 1284 1555 hoc
1298 1532 1340 1556 est
1353 1528 1386 1555 de
1399 1527 1442 1559 iis,
1458 1527 1504 1562 qui
1521 1527 1548 1554 in
1565 1527 1644 1554 linem
1659 1525 1685 1552 in
1698 1525 1832 1553 Christum

219 1581 347 1610 credituri
360 1585 425 1608 sunt.
436 1579 557 1615 psalmus
573 1577 679 1605 canitur
695 1583 774 1602 manu
787 1575 873 1609 forti:
889 1573 975 1601 David
987 1575 1060 1601 enim
1077 1574 1114 1601 ita
1132 1574 1336 1608 interpretatur,
1350 1574 1396 1608 qui
1410 1578 1451 1601 est
1466 1572 1552 1600 Filius
1567 1571 1624 1599 Dei.

257 1629 282 1654 l.
299 1626 395 1654 Veniet
410 1625 552 1657 Dominus,
567 1627 593 1650 et
606 1625 781 1650 conterentur
795 1619 944 1646 daemones.

254 1718 280 1744 2.
300 1716 353 1752 Ipsi
366 1716 502 1743 daemones
516 1712 637 1740 videntes
651 1717 715 1738 eum
733 1707 890 1736 clamabunt
904 1715 910 1733 ;
924 1704 1001 1742 [sine]

219 1764 283 1800 quid
299 1763 373 1790 nobis
388 1767 413 1789 et
430 1760 487 1793 tibi,
514 1759 578 1787 Iesu
595 1757 745 1789 Nazarene,
765 1755 856 1782 venisti
868 1753 917 1780 huc
942 1756 1003 1780 ante

222 1818 322 1845 tempus
336 1808 441 1845 perdere
457 1815 504 1834 nos
514 1807 536 1822 ⁸⁰
548 1806 561 1833 ‘I

257 1857 283 1887 5,
298 1855 324 1882 4.
342 1853 492 1882 Contraria
505 1854 663 1887 potestates.

257 1902 283 1929 5.
299 1901 327 1928 In
341 1900 456 1928 adventu
471 1897 530 1932 ejus
544 1896 667 1924 videntes
681 1901 743 1922 eum
758 1893 967 1920 consumentur.

257 1992 285 2019 6.
299 1990 445 2018 Credentes
471 1989 498 2016 in
518 1989 618 2024 ipsum,
643 1989 670 2014 et
690 1985 821 2013 facientes
837 1982 997 2010 voluntaten

222 2039 293 2074 ejus,
310 2037 430 2064 videntes
448 2035 539 2070 ipsum
553 2033 721 2069 gaudebunt.

260 2085 286 2112 7.
301 2083 419 2116 Spiritus
436 2081 535 2113 sancti,

258 2129 285 2157 8.
305 2129 468 2163 Angelorum
485 2134 554 2162 opus
572 2125 690 2161 peragite
703 2130 786 2158 super
799 2126 914 2149 terram.

249 2168 286 2201 ¹9.
312 2173 463 2208 Prasparate
486 2173 566 2200 corda
592 2176 682 2198 vestra
708 2170 733 2197 ei
757 2168 804 2198 qui
832 2164 972 2194 descendit
993 2170 1009 2190 e

224 2216 311 2248 caelis.

261 2266 303 2292 l0.
311 2263 444 2297 Quoniam
456 2261 529 2297 digni
540 2260 602 2287 facti
611 2264 674 2287 sunt
685 2258 775 2286 videre
782 2256 929 2283 adventum
937 2253 1007 2288 ejus.

262 2311 304 2337 Η.
322 2308 424 2336 lnimici
443 2310 600 2342 potestates.

261 2354 305 2384 {2.
320 2355 492 2387 Animarum,
515 2360 576 2388 quae
600 2356 729 2386 tanquam
750 2347 883 2380 infantes,
900 2350 927 2373 et
950 2345 1008 2373 sine

227 2402 360 2438 adjutorio
373 2405 445 2429 sunt.

262 2435 305 2474 λδ.
320 2444 505 2473 Deushabitat
522 2450 575 2471 non
600 2442 687 2470 solum
712 2440 738 2467 in
759 2439 841 2471 malo,
865 2437 912 2466 sed
928 2435 1008 2463 etiam

227 2494 254 2521 in
270 2498 351 2520 terra.

265 2541 307 2567 14.
330 2538 381 2572 Qui
398 2536 546 2565 secundum
565 2535 704 2563 Christum
727 2534 810 2561 vitam
827 2530 1009 2559 monasticam

227 2591 321 2622 agunt.

262 2643 284 2659 ⁸ο
294 2642 387 2669 Matth.
405 2647 465 2672 vui,
478 2639 530 2673 29;
548 2638 605 2666 Luc
619 2645 656 2670 tv,
672 2637 728 2665 51‘:

1011 1622 1034 1652 ο
1084 1619 1110 1645 1.
1129 1618 1283 1646 Ἐλεύσεται
1300 1620 1314 1645 ὁ
1328 1618 1429 1655 Κύριος
1443 1618 1490 1653 (2),
1509 1618 1555 1645 καὶ
1568 1616 1791 1653 συντριϐήσονται
1804 1616 1828 1641 οἱ

1052 1665 1187 1700 δαίμονες.

1088 1710 1115 1737 2.
1144 1711 1175 1736 Οἱ
1192 1710 1269 1736 αὐτοὶ
1282 1710 1417 1745 δαίμονες,
1435 1709 1550 1745 ὁρῶντες
1566 1708 1655 1740 αὑτὸν,
1680 1707 1832 1743 βοήσουαιν·

1053 1757 1109 1784 Δία
1131 1756 1190 1792 [ἔα]
1206 1756 1244 1792 (5)
1266 1757 1294 1783 τί
1311 1756 1383 1791 ἡμῖν
1397 1757 1446 1782 καὶ
1466 1756 1526 1787 σοὶ,
1548 1754 1649 1788 Ἰησοῦ
1670 1752 1833 1788 Ναζαρηνέ;

1054 1800 1143 1837 ἦλθες
1159 1799 1215 1828 ὧδε
1228 1802 1284 1835 πρὸ
1298 1801 1561 1836 καιροῦάπολέσαι
1575 1799 1662 1835 ἡμᾶς.

1090 1847 1117 1878 5,
1132 1847 1158 1873 4.
1174 1847 1207 1873 Al
1223 1846 1343 1873 ἐναντίαι
1355 1846 1495 1881 δυνάμεις.

1089 1893 1115 1919 5.
1134 1893 1178 1918 Ἐν
1195 1893 1227 1928 τῇ
1242 1893 1376 1928 παρουσίᾳ
1395 1891 1477 1918 αὑτοῦ
1495 1891 1611 1927 ὁρῶντες
1637 1890 1716 1917 αὐτὸν
1740 1898 1835 1916 atavo

1055 1939 1207 1965 αλίσκονται
1216 1938 1265 1973 (4).

1091 1985 1117 2011 6.
1135 1986 1165 2011 Οἱ
1183 1984 1353 2015 πιστεύοντες
1373 1985 1412 2016 εἰς
1433 1984 1524 2015 αὐτὸν,
1548 1984 1596 2010 καὶ
1615 1984 1640 2010 οἱ
1658 1983 1795 2013 ποιοῦντες
1809 1980 1836 2007 τὺ

1057 2030 1161 2065 θέλημα
1175 2030 1267 2062 αὑτοῦ,
1286 2030 1447 2065 Θεασάμενοι
1462 2029 1501 2066 (5)
1516 2029 1605 2062 αὑτὸν,
1620 2029 1787 2065 χαρίσονται.

1093 2076 1118 2104 7.
1138 2076 1294 2111 Πνεύματος
1308 2076 1399 2110 ἁγίου,

1093 2123 1119 2150 8.
1141 2122 1274 2156 Ἀγγέλων
1287 2122 1366 2157 ἓργον
1383 2121 1555 2148 ἐπιτελέσατε
1565 2121 1611 2147 ἐπὶ
1624 2120 1674 2156 τῆς
1689 2120 1751 2155 γῆς.

1094 2170 1120 2198 9,
1141 2168 1316 2203 Ἑτοιμάσατε
1336 2168 1385 2199 τὰς
1408 2167 1520 2203 καρδίας
1538 2166 1615 2202 ὑμῶν
1636 2166 1675 2202 τῷ
1691 2164 1838 2200 καταὸεση-

1058 2216 1117 2243 κότι
1132 2215 1185 2242 ἀπὸ
1195 2215 1248 2241 τῶν
1261 2214 1392 2250 οὐρανῶν.

1096 2260 1139 2288 10.
1155 2261 1215 2287 Ὅτι
1230 2259 1385 2295 ἠξιώθησαν
1402 2259 1465 2286 ἰδεῖν
1481 2258 1529 2294 τὴν
1545 2258 1696 2294 παρουσίαν
1708 2257 1798 2284 αὐτοῦ.

1026 2293 1047 2320 θ
1093 2307 1136 2334 Η.
1151 2293 1247 2333 ΑἱτοῦἺ
1259 2293 1355 2342 ἐχθροῦ
1373 2305 1509 2340 δυνάμεις.

1097 2354 1140 2382 η,
1154 2353 1213 2380 Τῶν
1225 2352 1328 2388 νηπίων
1336 2351 1493 2387 ψυχῶν,καὶ
1508 2351 1561 2378 τῶν
1574 2350 1733 2387 ἀὸοηθήτων
1744 2349 1838 2377 οὐσῶν.

1098 2441 1141 2468 l5.
1159 2440 1188 2467 '0
1208 2440 1274 2471 Θεὸς
1290 2439 1359 2466 οἰκεῖ
1380 2438 1410 2465 οὐ
1429 2438 1509 2474 μόνον
1529 2439 1559 2465 ὲν
1575 2437 1691 2474 οὐρανῷ,
1713 2437 1781 2465 ἀλλὰ
1797 2437 1842 2464 καὶ

1064 2487 1111 2513 ἐπὶ
1126 2486 1187 2513 γῆς.

1103 2495 1111 2512 ι
1180 2506 1187 2512 .

1100 2495 1227 2562 lingat;
1242 2530 1312 2557 κατὰ
1324 2529 1441 2565 Χριστὸν
1457 2529 1495 2565 (6)
1512 2529 1686 2565 μονάζοντας.

700 2692 855 2723 Addenda
870 2695 901 2722 et
914 2688 1105 2730 corrigenda
1120 2696 1160 2718 ex
1180 2687 1251 2718 cod.
1268 2686 1370 2717 Vatic.

265 2750 302 2784 (ι)
320 2750 353 2775 'H
370 2749 413 2774 διὰ
431 2748 479 2784 τῆς
495 2745 761 2784 κινναϐάρεῳςι-τῖερ.
777 2743 846 2784 ιΜοΞι
867 2750 916 2777 pro
938 2742 1006 2783 ξίριο

231 2776 399 2827 στόὖ’¹Ιιιιὶιει
409 2776 617 2827 Ιχρόνων,βριοξ
643 2779 722 2827 ραξὶδ
737 2776 1007 2827 Ῐεἰρρηῃέετιξι

231 2811 539 2887 ξκιιῆὸςοχὲρέςδικανδν
545 2817 573 2843 δὲ
585 2816 656 2851 χειρὶ
670 2812 730 2841 εἶπε
743 2811 918 2841 τδνΥιὸντόὖ
927 2811 1006 2839 Θεοῦ.

263 2871 288 2887 ι-
385 2867 397 2887 ξ
415 2870 437 2882 ν

263 2886 300 2924 (5)
316 2887 367 2914 Αἶα
381 2886 455 2913 deest

1096 2738 1133 2809 ἑά)
1144 2737 1177 2765 N.
1186 2738 1219 2770 ,4,
1235 2738 1284 2765 5...
1300 2736 1540 2764 καταναλίσκοντο.

1108 2774 1133 2809 5)
1150 2773 1229 2809 Ν.·7.ν
1243 2772 1490 2809 Θεασάμξγοικειιὶ.
1508 2770 1540 2797 Ν.

1096 2767 1133 2810 (5)
1150 2767 1226 2800 Ν.λ7’.
1243 2772 1422 2807 Θεασάμενοι.
1438 2776 1490 2798 etc.
1508 2770 1540 2797 N.
1558 2770 1584 2797 8.
1608 2767 1777 2804 Πνεύματος,
1794 2772 1843 2795 etc.

1061 2809 1093 2837 N.
1105 2809 1131 2835 9.
1142 2808 1287 2837 Ἀγγέλων,
1296 2813 1347 2834 etc.
1357 2805 1388 2833 N.
1406 2806 1448 2833 10.
1458 2806 1648 2837 Ἑτοιμάσατε,
1660 2810 1724 2837 etc.,
1737 2804 1790 2831 τῶν
1804 2803 1846 2830 οὺς

1064 2815 1093 2837 Ν.
1105 2815 1131 2835 tt.
1144 2815 1287 2843 Ἀγγελων,
1296 2815 1347 2834 etc.
1357 2815 1388 2833 LV.
1406 2815 1448 2833 ιυ.
1465 2815 1648 2841 ιτοιμασατε,
1660 2815 1724 2837 etc.,
1737 2815 1759 2831 τι

1064 2843 1273 2916 ραῖἓὶνΘῖῗὶτὴν
1288 2843 1350 2878 γῆν.
1362 2840 1395 2868 Ν.
1411 2842 1455 2869 ll.
1475 2842 1534 2869 ’Ότι
1551 2839 1699 2878 ἡξιώθητε,
1716 2845 1759 2868 etc
