3978 6204
359 273 471 333 913
1254 276 1345 333 DE
1383 276 1659 335 TITULIS
1696 278 2153 342 ΡεΑιιιοιιυΜ.
2191 311 2263 324 -
2297 276 2495 335 PSAL.
2519 274 2727 334 LXVII.
3501 274 3606 333 9H

428 393 511 447 15.
566 391 803 460 -Εξὰγων
841 395 1242 467 πεπεδημένους
1263 399 1322 453 ὲν
1353 398 1597 472 ἀνδρείᾳ,
1957 420 1999 478 Α

1957 420 2006 478 Α
2106 402 2197 457 15.
2237 401 2341 470 Qui
2376 400 2561 458 educit
2593 399 2806 456 vinctos
2826 396 2884 454 in
2906 388 3257 460 fortitudine,

426 483 509 537 16.
552 482 947 555 Ὀμοίωςστοὺς
986 491 1553 563 παραπικραίνοντας,
1592 491 1719 557 τοὺς
1753 509 1933 548 κατοι-

2107 493 2196 550 16.
2239 494 2502 551 Similiter
2531 508 2627 549 eos
2650 492 2745 562 qui
2775 498 3120 563 exasperant,
3155 486 3250 559 qui
3280 484 3528 542 habitant
3553 486 3606 541 in

353 576 584 639 κοῦντας
620 578 679 630 ὲν
713 577 930 647 τάφοις.

752 577 930 647 deum.
2034 587 2323 658 sepulcris.

424 668 513 722 17.
562 670 621 722 '0
650 668 805 735 Θεὸς,
843 672 901 725 ὲν
935 670 1011 743 τῷ
1038 671 1436 746 ἐκπορεύεσθαι
1478 693 1537 730 σε
1573 676 1802 733 ἐνώπιον
1838 679 1931 734 τοῦ

2108 678 2195 733 17.
2236 677 2402 743 Deus,
2437 690 2559 731 cum
2590 671 2929 744 egredereris
2976 670 3032 726 in
3087 677 3377 742 conspectu
3421 665 3603 739 populi

352 760 486 818 λαοῦ
521 780 638 828 σου,

591 781 638 828 υ,
2036 771 2112 826 tui
2150 789 2162 826 :

425 856 513 911 18.
559 856 648 911 Ἐν
670 855 755 928 τῷ
771 856 1069 912 διαϐαίνειν
1095 874 1156 911 σε
1183 860 1241 913 ὲν
1255 861 1321 931 τῇ
1346 859 1561 932 ἐρήμῳ,
1590 862 1661 934 γῆ
1689 862 1931 935 ἐσείσθη·

2108 863 2196 918 18.
2233 859 2370 916 Cum
2401 856 2764 930 pcrtransires
2792 855 2848 912 in
2879 856 3116 923 deserto,
3133 863 3282 911 terra
3313 867 3459 909 muta
3490 862 3602 908 est:

426 947 511 1001 19.
539 947 616 1020 (a)
645 949 757 1003 Καὶ
789 949 898 1022 γὰρ
928 951 987 1008 οἱ⁴
1002 951 1219 1023 οὐρανοὶ
1247 950 1478 1018 ἕσταξαν
1501 954 1609 1008 ἀπὸ
1639 954 1941 1027 προσώπου.

2112 952 2199 1009 19.
2237 949 2465 1007 Etenim.
2495 948 2621 1006 cteli
2649 945 3053 1005 distillaverunt
3082 959 3112 1000 a
3145 943 3284 1000 facie
3308 939 3405 998 Dei
3432 939 3604 1005 Sinai,

352 1038 448 1093 τοῦ
470 1039 606 1095 Θεοῦ
640 1042 735 1095 τοῦ
764 1043 916 1110 Σινᾶ,

423 1132 512 1187 20.
560 1132 692 1188 Ἀπὸ
724 1133 1019 1205 προσώπου
1046 1135 1139 1190 τοῦ
1172 1136 1306 1193 Θεοῦ
1347 1138 1584 1212 Ἰσραήλ..

1231 1136 1306 1193 τοῦ
1347 1138 1584 1212 Ἰσραήλ..
2105 1139 2195 1194 20.
2230 1138 2276 1193 Α
2311 1137 2449 1194 facie
2480 1135 2577 1193 Dei
2616 1133 2802 1193 Israel.

423 1224 513 1280 21.
546 1226 756 1299 Βροχὴν
784 1227 1032 1284 ἑκούσιον
1053 1230 1324 1302 ἀφοριεῖς,
1353 1233 1382 1286 6
1406 1231 1558 1298 Θεὸς,
1586 1234 1655 1305 τῇ
1680 1235 1936 1307 κληρονο-

2105 1233 2196 1288 21.
2230 1231 2477 1286 Pluviam
2507 1229 2870 1287 voluntariam
2892 1225 3226 1299 segregabis,
3256 1223 3420 1293 Deus,
3438 1222 3609 1278 haere-

326 1328 331 1335 ‘
356 1315 458 1389 μιᾳ
488 1334 582 1371 σου
605 1333 619 1348 ·
1034 1378 1039 1381 ι

2034 1324 2190 1382 dilati
2224 1333 2370 1380 tuae:
3038 1323 3050 1335 '

424 1408 512 1463 22.
547 1410 657 1464 Καὶ
695 1411 965 1483 ἠσθένησε
986 1430 1000 1443 ⁸
1036 1414 1103 1470 σὺ
1130 1414 1187 1469 δὲ
1214 1416 1534 1489 κατηρτίσω
1566 1418 1756 1490 αὐτήν.

2105 1420 2197 1475 22.
2234 1419 2302 1473 Et
2335 1419 2618 1475 inﬁrmata
2661 1423 2779 1484 est;
2815 1423 2870 1471 tu
2905 1428 3037 1470 vero
3060 1411 3332 1484 perfecisti
3357 1425 3501 1467 eam.

424 1500 513 1554 25.
543 1501 622 1554 Τὰ
657 1501 773 1567 ζῶἀ
806 1521 899 1557 σου
925 1507 1274 1563 κατοικοῦσιν
1300 1509 1358 1562 ὲν
1386 1509 1524 1582 αὐτῇ
1549 1526 1564 1543 ·

2105 1514 2198 1569 25.
2235 1512 2506 1568 Animalia
2536 1518 2630 1567 tua
2655 1509 2984 1566 habitabunt
3011 1506 3068 1563 in
3102 1520 3205 1561 ea:

549 1591 879 1668 Ἠτοίμασας
905 1599 964 1652 ὲν
983 1602 1048 1671 τῇ
1081 1600 1413 1673 χρηστότητι
1444 1618 1539 1657 σου
1591 1601 1672 1675 τῷ
1705 1602 1933 1676 πτωχῷ,

449 1702 473 1738 ε
509 1704 555 1738 c.

1891 1602 1933 1675 ᾖ,
2107 1604 2196 1661 24.
2231 1603 2445 1662 Parasti
2472 1604 2530 1660 in
2563 1602 2852 1660 dulcedine
2882 1609 2975 1657 tua
3004 1596 3265 1671 pauperi,
3292 1593 3462 1652 Deus.

349 1686 380 1739 6
404 1686 555 1750 Θεός.
3372 1712 3375 1717 ’

423 1777 514 1832 25.
550 1777 754 1852 Κύριος
785 1751 947 1835 δώσει
979 1781 1133 1855 ῥῆμα
1160 1786 1274 1848 τοῖς
1305 1784 1818 1858 εὑαγγελιζομένοις
1840 1784 1937 1840 δυ·
1967 1774 1994 1830 ε

2109 1791 2200 1847 25.
2239 1789 2503 1845 Dominus
2533 1787 2685 1844 dabit
2712 1786 2943 1843 verbum
2978 1780 3480 1855 evangelizantibus
3502 1776 3611 1834 vir-

350 1868 517 1941 νάμει
550 1872 742 1944 πολλῇ.

2034 1890 2150 1939 tute
2177 1879 2370 1936 multa.

423 1965 513 2021 26.
555 1967 612 2022 '0
635 1968 889 2039 βασιλεὺς
910 1969 1019 2024 τῶν
1044 1969 1328 2044 δυνάμεων
1346 1970 1441 2026 τοῦ
1476 1970 1759 2042 ἀγαπητοῦ
1780 1989 1796 2004 ο

1317 1970 1441 2026 ’τοῦ
1476 1970 1759 2042 ἀγαπητοῦ
1780 1989 1796 2004 ο
2102 1970 2192 2027 26.
2224 1969 2339 2025 Rex
2369 1967 2628 2023 virtutum
2653 1962 2838 2021 dilecti
2872 1981 2887 2018 :

422 2059 514 2114 27.
546 2060 625 2132 Τῇ
650 2061 945 2134 ὡραιότητι
964 2063 1059 2116 τοῦ
1085 2062 1236 2118 οἴκου
1267 2063 1539 2119 διελέσθαι
1574 2064 1775 2126 σκῦλα.

1599 2064 1775 2126 τκῦλα.
2103 2064 2194 2121 27.
2229 2061 2443 2133 Speciei
2473 2060 2673 2116 domus
2703 2057 2943 2113 dividere
2976 2053 3170 2125 spolia.

422 2149 511 2205 28.
559 2152 685 2207 Ἐὰν
707 2153 1009 2227 κοιμηθῆτε
1043 2155 1318 2227 ἁναμέσον
1342 2156 1451 2212 τῶν
1485 2157 1741 2230 κλήρων

1708 2173 1741 2211 .·
2105 2157 2198 2211 28.
2242 2154 2302 2210 Si
2339 2152 2626 2209 dormiatis
2651 2151 2794 2206 inter
2822 2146 3031 2204 medios
3054 2144 3231 2201 cleros
3263 2161 3277 2199 :

426 2242 512 2300 29.
540 2245 820 2317 Πτέρυγες
848 2248 1178 2319 περιστερᾶς
1208 2247 1753 2320 περιηργυρωμέναι,

1587 2247 1753 2312 ιέναι,
2105 2249 2197 2304 29.
2231 2246 2433 2303 Penna:
2462 2244 2731 2301 columbae
2760 2242 3158 2313 deargentataa,

426 2405 503 2476 (a)
528 2405 683 2467 Vers.
711 2409 801 2466 19.
825 2410 903 2481 Γῆ
927 2447 951 2478 ι
982 2419 1088 2468 etc.
1142 2424 1317 2468 usoue
1363 2410 1430 2467 ad
1459 2409 1717 2476 ἔσταξαν.
1764 2412 1799 2481 ᾗ
1829 2410 1923 2467 20.
1978 2412 1997 2466 ’.

1459 2409 1717 2476 ἔσταξαν.
1764 2412 1799 2481 Ῡ
1829 2410 1923 2467 20.
1978 2410 2110 2466 Ἀπὸ
2145 2409 2443 2465 προσώπου
2470 2423 2647 2481 usque
2678 2414 2746 2463 ad
2784 2405 3020 2478 Ἰσραήλ.

1483 2570 1861 2628 ATHANASII
1899 2568 2492 2628 INTERPRETATIO.

423 2715 513 2772 15.
543 2716 683 2780 Τοὺς
704 2718 904 2785 αὐτοὺς
943 2720 1275 2791 μονάζοντας
1319 2723 1390 2778 ὲκι
1429 2723 1539 2777 τῶν
1580 2723 1800 2797 δεσμῶν
1828 2722 1938 2779 τῶν

2108 2726 2197 2782 15.
2230 2722 2463 2782 Eosdem
2491 2724 2789 2780 monachos
2812 2739 2844 2779 e
2876 2721 3110 2779 vinculis
3150 2728 3494 2793 peccatorum
3520 2736 3609 2776 re-

353 2806 636 2880 ἀμαρτιῶν
668 2808 1030 2881 λυτρούμενος
1051 2812 1109 2865 ὲν
1144 2810 1290 2882 ἰσχύϊ
1319 2813 1397 2886 (1)
1426 2813 1568 2869 κατὰ
1606 2815 1707 2886 τῆς
1752 2816 1924 2887 ἁμαρ-

1648 2815 1707 2886 ῆς
1752 2816 1940 2887 ἅμαρ-
2034 2816 2251 2873 dimens
2277 2818 2331 2871 in
2356 2813 2677 2871 fortitudine
2697 2822 2890 2871 contra
2913 2821 3219 2885 peccatum.

350 2899 495 2953 τξαε.

423 2936 509 3045 115.
542 2991 680 3057 Τοὺς
701 2991 789 3048 διὰ
816 2993 924 3049 τῶν
957 2995 1240 3069 ἁμαρτιῶν
1277 2997 1353 3070 (2)
1384 2999 1938 3072 παραπικραενοντας

2103 3000 2192 3056 16.
2227 2998 2332 3068 Qui
2392 2999 2546 3070 prius
2606 2997 3069 3055 exacerbaverant
3134 3009 3262 3051 eum
3339 2992 3612 3064 peccatis,

352 3081 512 3138 αὐτὸν
534 3084 816 3158 πρότερον,
845 3085 1071 3160 ὕστερον
1098 3088 1156 3143 δὲ
1185 3092 1648 3164 μετανοήσαντας,
1678 3091 1776 3147 καὶ
1798 3110 1923 3147 κατ-

2042 3094 2232 3151 deinde
2274 3094 2601 3164 poenitentes
2621 3133 2638 3158 ,
2670 3101 2725 3148 et
2757 3090 3068 3146 habitantes
3100 3088 3152 3143 in
3183 3086 3481 3158 sepulcris,
3509 3084 3613 3139 boc

352 3172 636 3238 οικοῦντας
666 3177 723 3228 ὲν
742 3176 954 3246 τάφοις,
978 3178 1257 3234 τουτέστιν
1284 3181 1341 3234 ὲν
1367 3183 1489 3246 ταῖς
1509 3184 1720 3253 μοναῖς,
1748 3181 1923 3252 ἐξάγει

2043 3200 2120 3244 εει
2146 3188 2201 3243 in
2247 3186 2621 3251 monasteriis,
2647 3184 2833 3242 educit
2859 3184 2916 3239 in
2948 3182 3266 3239 fortitudine
3289 3186 3479 3235 contra
3499 3177 3614 3231 dia-

353 3264 413 3318 ὲν
437 3264 659 3338 ἀνδρείᾳ
680 3267 821 3321 κατά
843 3269 936 3322 τοῦ
964 3270 1233 3325 διαϐόλου.
2035 3279 2242 3335 bolum.

427 3355 511 3410 17.
548 3358 606 3409 '0
631 3357 784 3423 Θεὸς,
802 3361 860 3414 ὲν
884 3359 963 3431 τῷ
995 3360 1390 3434 ἐκπορεύεσθαι
1419 3380 1478 3417 σε
1506 3364 1571 3418 ὲκ
1595 3364 1706 3418 τῶν
1738 3380 1938 3435 πατρι-

2109 3370 2198 3426 17.
2233 3370 2400 3436 Deus,
2434 3383 2561 3425 cum
2602 3376 2656 3423 tu
2684 3364 3008 3436 procederes
3052 3377 3121 3418 ex
3175 3360 3299 3419 sinu
3330 3357 3526 3423 Patris,
3557 3366 3616 3411 ut

355 3445 468 3501 κῶν
497 3447 732 3514 κόλπων,
760 3451 993 3523 ὀφθῆναι
1025 3454 1118 3507 ἐπὶ
1148 3456 1248 3527 τῆς
1279 3456 1384 3528 γῆς
1413 3458 1525 3520 τοῖς
1552 3454 1881 3528 ἀνθρώποις.

2038 3476 2334 3532 appareres
2362 3461 2414 3515 in
2443 3469 2587 3515 terra
2617 3456 2959 3514 hominibus.
3548 3506 3550 3509 ,

428 3539 510 3594 18.
552 3541 639 3595 Ἐν
683 3542 1091 3617 τῷόδοιπορεῖν
1118 3563 1179 3599 σε
1221 3548 1280 3600 ὲν
1323 3547 1401 3619 τῷ
1434 3547 1647 3619 κόσμῳ,
1699 3548 1769 3602 τὰ
1806 3548 1936 3619 ἔθνη

2110 3552 2369 3608 18.(;ιιηι
2432 3560 2487 3606 tu
2542 3552 2646 3605 iter
2711 3547 2922 3604 faceres
3001 3544 3058 3600 in
3127 3542 3368 3610 mundo,
3426 3548 3616 3614 gentes

252 3626 259 3631 ’
355 3629 431 3700 (ὅ)
468 3631 831 3704 μετετέθησαν
859 3634 969 3688 ἀπὸ
992 3635 1093 3707 τῆς
1112 3635 1555 3708 εἰδωλολατρείας
1584 3638 1666 3702 εἰς
1688 3637 1790 3709 τὴν
1813 3640 1823 3691 ἐ

2040 3643 2319 3701 translata:
2342 3650 2472 3697 sunt
2505 3639 2573 3696 ab
2605 3638 2919 3695 idololatria
2955 3637 3011 3693 in
3041 3634 3410 3707 cognitionem
3439 3639 3611 3687 tuam.

395 3722 556 3776 νωσίν
585 3740 703 3778 σου.

355 3738 556 3790 γνωσιν
585 3740 703 3778 σου.

426 3814 512 3869 19.
544 3815 654 3869 Καὶ
682 3814 791 3888 γὰρ
815 3816 864 3869 οἱ
888 3815 1177 3870 ἀπόστολοε
1206 3832 1301 3869 σου
1321 3816 1415 3871 τὸν
1441 3818 1599 3888 λόγον
1626 3835 1719 3873 σου
1743 3818 1926 3888 ἔταξαι.

2109 3829 2197 3885 19.
2236 3825 2449 3885 Etenim
2472 3825 2708 3896 apostoli
2737 3826 2816 3881 tui
2853 3835 3162 3880 sermonem
3184 3827 3357 3874 ~tuum
3385 3813 3615 3872 distilla-

354 3910 434 3972 εἰς
461 3908 561 3973 τὰς
581 3908 810 3980 καρδίας
843 3909 1045 3966 αὐτῶν.

2041 3928 2238 3977 verunt
2262 3920 2317 3974 in
2345 3933 2536 3973 eorum
2565 3916 2755 3974 corda.

426 4002 514 4059 20.
557 4002 689 4058 ’Δπὸ
719 4003 814 4058 τοῦ
845 4004 977 4059 Υἱοῦ
1014 4023 1129 4062 σου.

1017 4023 1129 4062 σου.
2108 4013 2199 4068 20.
2230 4010 2274 4066 Α
2307 4010 2448 4066 Filio
2474 4019 2588 4066 tuo.

426 4094 516 4151 21.
545 4096 618 4149 Τὸ
644 4098 907 4170 κήρυγμα
939 4100 1055 4164 τοῖς
1073 4098 1306 4155 ἔθνεσιν.

2001 4096 2005 4105 ’
2110 4103 2204 4161 2i.
2235 4101 2692 4158 Praedicationem
2724 4098 3000 4172 gentibus.

424 4184 515 4242 22.
551 4188 662 4242 Καὶ
689 4189 997 4269 ἠσθένησαν
1023 4192 1092 4245 τά
1117 4191 1268 4264 ἔθνη,
1294 4193 1389 4247 καὶ
1413 4194 1443 4248 6
1472 4192 1677 4267 Κύριος
1707 4195 1938 4267 ἰασάμε-

2112 4194 2203 4250 22.
2237 4193 2305 4250 Et
2332 4202 2522 4266 gentes
2553 4190 2845 4247 inﬁrmata:
2875 4198 3038 4253 sunt,
3083 4197 3139 4243 et
3187 4186 3452 4244 Dominus
3492 4202 3617 4243 cum

353 4295 444 4343 νος
467 4281 797 4352 κατήρτισεν
831 4283 972 4338 αὑτά
1000 4286 1082 4348 εις
1101 4284 1162 4338 τὸ
1186 4285 1400 4358 θέλημα
1430 4284 1633 4347 αὑτοῦ.-

2040 4287 2369 4351 sanavisset,
2404 4283 2746 4357 perfeciteas
2774 4282 2830 4338 in
2867 4283 3202 4338 voluntatem
3235 4295 3412 4336 suam.

424 4371 513 4427 25.
548 4374 612 4427 0i
636 4375 819 4428 πιστοὶ
854 4377 913 4430 ἐν
937 4380 1001 4449 τῇ
1045 4377 1362 4450 Ἐκκλησία.

1254 4378 1362 4450 cia.
2107 4376 2199 4432 25.
2236 4376 2450 4433 Fideles
2475 4376 2532 4432 in
2563 4372 2825 4431 Ecclesia.

427 4464 518 4519 24.
548 4464 637 4537 Τῷ
669 4465 780 4539 λαῷ
802 4466 880 4540 τῷ
903 4469 1146 4543 ταπεινῷ
1161 4472 1227 4543 τῇ
1251 4470 1449 4544 καρδίᾳ
1467 4470 1566 4544 τὴν
1583 4470 1698 4530 ἄνω
1737 4471 1935 4545 Ἰερου-
1969 4472 1998 4528 Ι]

2112 4471 2206 4527 24.
2234 4469 2446 4541 Populo
2481 4470 2676 4525 humili
2724 4468 2891 4525 corde
2921 4480 3216 4539 supernam
3256 4462 3615 4520 Hierusalem.

356 4556 495 4629 σαλή
502 4576 561 4629 μ.

425 4648 516 4703 25.
545 4651 672 4715 Τοῖς
706 4652 1044 4720 ἀποστόλοις.

975 4670 1044 4720 ις.
2109 4651 2201 4707 25.
2229 4650 2545 4722 Apostolis..

426 4739 516 4796 26.
551 4741 625 4796 T6
656 4742 811 4813 ἅγιον
847 4746 1073 4818 Πνεῦμα
1099 4746 1196 4803 τοῦ
1222 4748 1377 4805 Υῐοῦ.

1335 4748 1377 4805 3.
2108 4741 2202 4797 26.
2236 4742 2472 4799 Sanctus
2495 4739 2734 4813 Spiritus
2761 4738 2906 4797 Filii.

428 4829 519 4886 27.
553 4833 679 4898 Τοῖς
724 4835 1000 4902 ἐκλεκτοῖς
1036 4838 1132 4893 τοῦ
1162 4839 1292 4897 λαοῦ
1312 4841 1494 4896 δίδωσι
1515 4840 1749 4913 διάφορα
1778 4860 1939 4918 χαρι-

2109 4833 2203 4888 27.
2234 4833 2436 4891 Electis
2478 4833 2668 4905 pupuli
2716 4831 2811 4888 dat
2856 4831 3103 4904 Spiritus
3136 4837 3361 4887 sanctus
3405 4828 3618 4884 diversa

359 4937 543 4993 σματα
568 4924 630 4978 τὸ
655 4926 881 4998 Πνεῦμα
909 4929 969 4983 τὸ
990 4929 1163 4999 ἅγιον.
2042 4925 2207 4981 dona-

427 5010 518 5065 28.
560 5013 686 5069 Ἔάν
715 5016 1105 5091 ἀναπαύσησθε
1137 5023 1198 5076 ἐν
1223 5024 1348 5089 ταῖς
1371 5022 1613 5090 ἐντολαῖς
1654 5023 1751 5081 τοῦ
1776 5024 1939 5083 Θεοῦ.

1691 5023 1751 5081 οῦ
1776 5024 1939 5083 Θεοῦ.
2114 5018 2207 5074 28.
2244 5018 2302 5073 Si
2333 5018 2715 5090 requieveritis
2744 5019 2799 5074 in
2843 5016 3115 5073 mandatis
3146 5014 3262 5072 Dei.

428 5101 519 5159 29.
554 5105 620 5160 Ai
649 5105 745 5161 δύο
781 5108 1068 5182 διαθῆκαιζ
1087 5113 1143 5169 αἱ
1177 5112 1258 5186 τῷ
1290 5114 1429 5187 ἁγίῳ
1461 5115 1746 5190 ΙΙνεύματι
1776 5116 1947 5192 λαλη-

2117 5114 2209 5171 29.
2246 5112 2366 5170 Duo
2397 5121 2744 5179 teStamenta,
2772 5127 2896 5184 quae
2927 5126 2957 5166 a
2988 5108 3196 5180 Spiritu
3226 5113 3418 5164 sancto
3441 5120 3619 5160 enun-

359 5192 539 5250 θεῖσαι
595 5200 775 5253 πᾶσαν
804 5201 1167 5276 καθαρότητα,
1187 5204 1429 5278 ἔχουσαι.

2050 5206 2184 5262 tiata
2221 5215 2374 5274 sunt,
2398 5220 2618 5261 omnem
2651 5205 2858 5260 habent
2886 5203 3198 5274 puritatem.

1316 5381 1626 5446 Addenda
1657 5393 1719 5446 et
1762 5386 2137 5466 corrigenda
2171 5403 2249 5447 ex
2281 5383 2424 5451 cod.
2462 5384 2664 5450 Vatic.

433 5544 450 5623 (
551 5541 724 5623 ςξσχύῖ
746 5540 1042 5623 δὲ’-αὐτούς’,
1069 5550 1175 5623 etc.
1307 5613 1321 5623 ι
1448 5613 1462 5623 .

757 5540 1042 5623 δὲαύτούςθ
1069 5550 1175 5623 etc.
1307 5613 1321 5623 ι
1448 5613 1462 5623 ,
2043 5549 2215 5623 δρείᾳ,
2232 5559 2328 5623 etc

435 5616 515 5693 l2)_
551 5607 860 5684 ’Λμαρτιῶν
893 5610 1094 5691 αὐτῶν,
1124 5613 1334 5693 etc.,:ab
1357 5613 1804 5693 npdrepoyletc”
1841 5635 1938 5693 με·

2076 5607 2088 5623 ’
2117 5607 2290 5693 (5)’Ν.
2325 5620 2411 5677 19.
2450 5620 2637 5691 Ἐθνη,
2670 5628 2799 5684 etc.,
2838 5616 3091 5684 ἔσταξαν,
3116 5626 3245 5689 etc.,
3280 5632 3379 5689 pro
3404 5612 3618 5683 ἔταξαν.

361 5683 729 5755 τανοησαντας
754 5699 767 5713 ·
816 5683 1206 5750 κατοικοῦντας
1256 5683 1355 5751 δέ,
1401 5683 1541 5753 ξω,
1586 5685 1801 5756 ἐξάγειν
1843 5683 1910 5742 ἀν
