3978 6204
392 336 498 396 915
1234 331 1292 389 S.
1333 300 1708 390 ATHANASII
1746 333 1900 393 OPP.
1938 332 2119 392 PARS
2155 331 2245 389 ill.
2282 359 2353 373 --
2390 326 2797 386 EXEGETICA.
3522 330 3624 390 910

464 472 555 527 50.
587 471 654 527 Ει
680 472 983 542 posteriora
1012 470 1322 542 dorsi‘ejus
1354 473 1407 526 in
1439 473 1643 543 pallore
1672 475 1813 530 auri.
1983 459 2035 515 Α

2130 449 2221 505 50.
2246 449 2354 502 Καὶ
2379 447 2448 501 τὰ
2472 448 2785 518 μετάφρενα
2799 445 2967 516 αὐτῆς
2990 445 3047 497 ἐν
3069 446 3617 519 χλωρότητιχρυσίου.

464 564 558 618 51.
589 538 728 618 Dum
758 563 1018 621 discernit
1038 538 1277 619 caelestis
1303 538 1459 635 reges
1475 581 1638 636 super
1658 581 1778 621 eam
1796 602 1815 629 ,

2135 541 2226 598 51.
2272 541 2359 593 Ἐν
2387 539 2466 612 τῷ
2482 538 2809 593 διαστέλλειν
2836 538 2926 591 τὸν
2942 539 3261 608 ἐπουράνιον
3284 539 3515 605 ϐασιλεῖς
3538 541 3610 599 ἐπ’

2063 634 2254 688 αὐτῆς.

466 718 554 775 32.
585 718 718 775 Nive
745 718 1143 775 dealbabuntur
1173 719 1229 775 in
1255 719 1495 780 Selmou.

2063 651 2254 706 αυτης.

1480 760 1495 780 ε
2137 730 2224 787 5‘2.
2259 728 2696 798 Χιονωθήσονται
2727 729 2784 781 ὲν
2813 726 3049 798 Σελμών.

467 813 559 871 55.
592 811 748 868 Mons
767 810 885 877 Dei,
910 827 1067 867 mons
1086 812 1331 884 pinguis:
1766 872 1769 875 ,

1766 872 1769 875 ,
2136 822 2227 877 55.
2258 823 2420 892 Ὄρος
2445 819 2537 873 τοῦ
2560 818 2693 872 Θεοῦ
2718 819 2842 890 ὅρος
2873 821 2993 872 πῖον
3016 834 3029 848 ·

465 901 554 957 54.
586 900 742 958 Mons
771 904 1110 974 coagulatus,
1142 919 1301 960 mons
1325 904 1582 975 pinguis:

2142 913 2231 969 54.
2273 915 2436 986 Ὄρος
2477 912 2853 982 τετυρωμένον
2884 912 3009 986 ὅρος
3034 917 3172 969 πῖον.

465 991 555 1049 55.
584 991 787 1064 thuid
818 993 1179 1065 suspicamini
1204 1004 1416 1051 montes
1442 994 1794 1066 coagulatos?

2139 1004 2228 1060 55.
2262 1005 2378 1057 Ἵνα
2415 1002 2468 1056 τί
2498 1002 2902 1073 ὑπολαμϐάνετε
2928 1004 3029 1075 ὅρη
3048 1002 3422 1076 τετυρωμένα;

504 1086 559 1140 6.
589 1085 766 1155 Mons,
804 1086 860 1142 in
890 1102 1002 1158 quo
1036 1088 1432 1159 beneplacitum
1466 1098 1549 1145 est
1581 1087 1691 1143 Deo
1720 1087 1966 1143 habitare

2138 1097 2228 1153 36.
2260 1096 2334 1151 Τὸ
2355 1095 2500 1165 ὅρος,
2520 1095 2549 1149 δ
2568 1095 2856 1167 εὐδόκησεν
2881 1097 2910 1149 6
2932 1095 3062 1160 Θεὸς
3084 1098 3356 1150 κατοικεῖν
3384 1098 3440 1150 ἐν
3458 1095 3619 1169 αὐτῷ·

398 1191 454 1233 ΙΙΙ
487 1193 581 1234 602

467 1270 554 1326 37.
574 1269 800 1326 ‘Etenim
827 1270 1092 1328 Dominus
1119 1272 1388 1329 habitabit
1417 1273 1472 1327 in
1498 1273 1682 1327 finem.

2139 1278 2229 1337 37.
2268 1276 2380 1333 Καὶ
2400 1277 2507 1349 γὰρ
2529 1278 2559 1332 6
2586 1276 2789 1349 Κύριος
2812 1277 3223 1348 κατασκηνώσει
3248 1280 3329 1344 είς
3352 1279 3519 1344 τέλος.

469 1363 559 1420 58.
592 1363 800 1421 Currus
830 1365 924 1421 Dei
949 1366 1135 1422 decem
1162 1366 1403 1423 millibus
1434 1366 1717 1437 multiplex
1748 1408 1760 1421 .

1696 1381 1717 1421 ι
1748 1408 1760 1421 ,
2143 1362 2230 1416 58.
2273 1361 2348 1415 Τὸ
2385 1363 2536 1435 ἅρμα
2557 1361 2652 1416 τοῦ
2680 1362 2813 1416 Θεοῦ
2846 1363 3234 1435 μυριοπλάσιον
3254 1382 3267 1395 ·

469 1455 561 1511 59.
598 1455 762 1511 Miliia
794 1456 1186 1529 abundantium
1214 1475 1228 1512 :

2141 1454 2229 1510 39.
2267 1452 2517 1518 Χιλιάδες
2538 1453 2902 1524 εὐθηνούντων

464 1549 553 1604 40.
590 1549 853 1605 Dominus
886 1551 941 1609 in
968 1550 1048 1607 eis
1078 1550 1132 1604 in
1162 1549 1292 1605 Sina
1323 1551 1378 1605 in
1417 1561 1626 1607 sancto.

2141 1547 2231 1601 40.
2269 1546 2475 1619 Κύριος
2499 1550 2556 1600 ὲν
2582 1548 2767 1611 αὐτοῖς
2788 1549 2848 1601 ὲν
2871 1548 3003 1600 Σινᾶ
3031 1563 3089 1599 εν
3107 1548 3186 1618 τῷ
3212 1548 3369 1618 ἁγίῳ.

464 1639 555 1697 41.
585 1640 894 1702 Ascendisti
924 1642 979 1700 in
1002 1641 1170 1699 altum
1194 1683 1210 1708 ,
1236 1642 1427 1712 cepisti
1453 1643 1855 1721 captivitatem:

2141 1638 2229 1692 41.
2274 1637 2495 1709 Ἀνέϐης
2511 1640 2590 1702 είς
2611 1636 2765 1708 ὕψος,
2786 1636 3210 1709 ᾐχμαλώτευσας
3240 1639 3620 1710 αἰχμαλωσίαν.

470 1729 559 1785 42.
590 1730 864 1802 Accepisti
888 1731 1032 1787 dona
1063 1731 1119 1785 in
1160 1731 1514 1786 hominibus:

2140 1727 2229 1782 42.
2262 1726 2489 1790 Ἔλαϐες
2524 1726 2732 1797 δόματα
2759 1728 2816 1778 ὲν
2850 1725 3154 1797 ἀνθρώποις
3568 1740 3571 1743 ·

464 1822 555 1879 45.
589 1821 799 1878 Etenim
832 1838 941 1878 non
975 1823 1259 1881 credentes
1283 1822 1611 1879 inhabitare.
1999 1822 2035 1875 Β

1999 1822 2041 1875 Β
2138 1820 2224 1875 45.
2257 1821 2367 1873 Kai.
2391 1818 2500 1889 γὰρ
2528 1818 2884 1882 ἀπειθοῦντας
2906 1819 2999 1872 τοῦ
3031 1820 3462 1889 καταπηνῶσαι.

471 1912 558 1967 44.
594 1912 861 1969 Dominus
881 1912 1027 1970 Deus
1046 1914 1366 1970 benedictus
1385 1954 1401 1979 ,
1433 1913 1753 1968 benedictus
1785 1911 1972 1966 Domi-

2138 1913 2226 1968 44.
2264 1912 2467 1985 Κύριος
2511 1915 2541 1966 6
2598 1911 2730 1976 Θεὸς
2761 1912 3049 1983 εὐλογητὸς
3071 1952 3086 1979 ,
3120 1912 3404 1983 εὐλογητὸς
3434 1912 3626 1985 Κύριος

402 2019 506 2058 nus
533 2003 619 2058 die
650 2005 891 2074 quotidie
917 2023 930 2059 :
1226 1997 1231 2002 ’

1226 1997 1231 2002 ’
2069 2004 2284 2075 ἡμέραν
2314 2002 2442 2057 καθ’
2472 2002 2704 2075 ἡμέραν⁸

470 2093 559 2149 45.
595 2094 925 2166 Prosperum
961 2096 1064 2151 iter
1098 2094 1265 2153 faciat
1292 2096 1454 2155 nobis
1475 2095 1620 2155 Deus
1650 2098 1968 2155 salutarium

2140 2094 2230 2148 45.
2269 2093 2347 2161 (a)
2382 2091 2762 2146 Κατευοδώσαι
2812 2094 2944 2164 ἡμῖν
2993 2094 3021 2146 6
3053 2092 3183 2156 Θεὸς
3225 2092 3333 2146 τῶν
3360 2092 3627 2163 σωτηρίων

403 2194 738 2242 nostrorum.
987 2226 992 2232 ι

663 2203 738 2241 m.
987 2226 992 2232 ι
2073 2185 2227 2257 ἡμῶν

1033 2278 1361 2349 Diapsalma.
2094 2256 2103 2257 ί

2094 2256 2103 2257 ί
2695 2256 3027 2325 Διάψαλμα.

474 2369 565 2424 46.
606 2369 749 2427 Deus
772 2380 977 2439 noster,
1006 2372 1149 2429 Deus
1182 2374 1362 2428 salvos
1389 2372 1656 2428 faciendi:

2150 2370 2238 2427 46.
2276 2372 2335 2424 Ὀ
2357 2371 2487 2434 Θεὸς
2508 2369 2661 2441 ἡμῶν
2693 2370 2722 2422 6
2751 2370 2882 2433 Θεὸς
2910 2369 3004 2422 τοῦ
3027 2367 3245 2432 σώζειν·

475 2458 564 2513 47.
602 2458 666 2514 Ει
691 2459 929 2532 Domini,
959 2461 1174 2523 Domini
1204 2463 1384 2521 exitus
1407 2467 1618 2520 mortis.

2150 2463 2239 2521 47.
2272 2464 2380 2518 Καὶ
2394 2462 2490 2517 τοῦ
2503 2462 2732 2533 Κυρίου,
2749 2462 2955 2526 Κυρίου
2971 2463 3027 2516 αἱ
3042 2458 3263 2526 διέξοδοι
3275 2457 3371 2515 τοῦ
3385 2456 3633 2515 θανάτου.

476 2600 554 2672 (a)
587 2598 744 2659 Vers.
777 2600 868 2657 45.
900 2599 1226 2672 Εὐλογητὸς,
1263 2609 1394 2667 etc.,
1426 2607 1811 2663 κανευοδωσει.

1532 2765 1571 2813 A
1587 2759 1906 2819 IHANASII
1946 2758 2528 2816 INTERPRETATIO.

479 2916 572 2986 30,
601 2917 669 2974 Et
711 2919 955 2991 cognitio
998 2919 1194 2978 divina:
1241 2921 1541 2992 Scriptura;
1581 2922 1747 2977 veluti
1783 2936 1977 2977 aurum

2144 2920 2231 2975 30.
2269 2921 2382 2973 Καὶ
2412 2923 2446 2993 ἡ
2473 2921 2673 2989 γνῶσις
2708 2921 2805 2991 τῆς
2838 2917 2989 2981 θείας
3017 2914 3259 2988 Γραφῆςν
3310 2912 3386 2977 ὡς
3423 2910 3640 2985 χρυςίου

408 3006 648 3079 en‘ulget.

2073 3013 2455 3084 ὲξαστράπτει.

479 3100 578 3165 51,
606 3100 695 3155 52.
726 3100 864 3157 Cum
897 3102 1110 3159 miserit
1140 3103 1402 3159 Dominus
1425 3103 1704 3173 apostolos
1734 3103 1789 3158 in
1817 3119 1978 3165 muu-
2018 3172 2044 3176 Δ

2151 3105 2240 3171 51,
2278 3104 2368 3160 52.
2404 3102 2480 3176 (1)
2516 3103 2605 3156 Ἐν
2638 3100 2714 3171 τῷ
2764 3099 2854 3161 τὸν
2896 3098 3100 3172 Κύριον
3142 3097 3492 3152 ἀποστέλλειν
3519 3096 3640 3161 τοὺς

410 3191 561 3255 dum,
592 3192 1034 3249 emundabuntur
1065 3193 1119 3249 in
1157 3193 1363 3257 auxilio
1391 3172 1531 3264 ejus.

2078 3172 2510 3258 ἀποστόλους-είς
2532 3193 2631 3264 τὴν
2663 3190 2986 3261 οἰκουμένην
3005 3230 3022 3257 ,
3054 3188 3542 3261 καθαρισθήσονται
3586 3190 3641 3244 ἐν

1024 3304 1027 3311 τ
1968 3356 1971 3357 ν
2077 3288 2144 3357 τῇ
2182 3284 2404 3356 βοηθείᾳ
2430 3281 2616 3338 αὐτοῦ.

480 3374 570 3429 55.
601 3372 897 3443 Virginem,
920 3385 975 3431 et
998 3374 1282 3446 Deiparam
1308 3376 1580 3448 significat
1599 3418 1614 3441 ,
1957 3356 1977 3372 ’

1957 3356 1977 3372 ’
2120 3356 2237 3428 7755.
2259 3374 2369 3443 Τὴν
2396 3371 2668 3443 Παρθένον
2701 3370 2846 3439 λέγει
2871 3370 2966 3422 καὶ
2991 3368 3268 3431 Θεοτόκρν,

482 3467 572 3521 54.
613 3463 968 3537 Obsignatam
999 3467 1255 3523 videlicet
1277 3467 1606 3539 virginitate.

2151 3465 2239 3519 54.
2271 3463 2786 3534 Συνεσφραγισμένη
2812 3464 2877 3532 τῇ
2910 3459 3176 3532 παρθενίᾳ
3201 3460 3461 3531 δηλονότι.

483 3558 573 3614 55.
610 3556 853 3629 Populus
913 3555 1225 3615 Iudaeorum
1254 3602 1269 3628 ,
1324 3561 1420 3631 qui
1483 3562 1648 3615 corde
1711 3558 1979 3629 coagulati

2154 3556 2242 3611 55.
2291 3557 2347 3609 '0
2366 3555 2492 3619 λαὸς
2525 3553 2633 3608 τῶν
2676 3553 2964 3618 Ἰουδαίων,
2999 3554 3046 3605 oi
3080 3554 3144 3623 τῇ
3186 3552 3381 3623 καρδίᾳ
3410 3569 3644 3627 τετυρω-

414 3662 562 3710 ιιιηῑ.

2087 3648 2257 3718 μένοι.

475 3744 564 3801 56.
611 3743 681 3799 Ut
710 3759 818 3800 non
851 3742 1176 3800 existimetis
1210 3742 1475 3814 virginem
1509 3752 1846 3813 corruptam.

2155 3738 2243 3793 56.
2288 3738 2404 3789 Ἵνα
2426 3734 2499 3805 (2)
2535 3731 2609 3805 μὴ
2631 3732 2821 3803 δοκῆτε
2853 3732 2951 3804 τὴν
2974 3734 3250 3807 Παρθένον
3293 3734 3607 3806 φθαρεῖσαν.

486 3835 576 3890 37.
613 3835 824 3891 Etenim
867 3834 1133 3891 Dominus
1186 3835 1242 3889 in
1289 3836 1765 3897 consummatione
1799 3835 1985 3895 subeuli

2155 3829 2244 3889 57.
2282 3829 2393 3884 Καὶ
2439 3825 2552 3903 γὰρ,
2593 3827 2622 3877 6
2667 3824 2871 3905 Κύριος
2902 3827 2993 3879 ἐπὶ
3038 3827 3318 3898 συντελείᾳ
3337 3825 3432 3879 τοῦ
3462 3826 3647 3888 αἰῶνος

416 3926 681 3983 habitabit
720 3927 775 3982 in
806 3943 889 3983 ea.

2089 3916 2501 3988 κατασκηνώσει
2532 3918 2589 3969 ὲν
2612 3916 2768 3987 αὐτῇ.

485 4020 579 4077 58.
610 4019 819 4077 Novum
850 4028 1259 4086 testamentum,
1291 4027 1347 4074 et
1368 4018 1501 4074 ﬁdes
1528 4018 1642 4074 Dei.
1880 4092 1883 4097 η

2157 4010 2245 4066 58.
2292 4011 2355 4062 Ἦ
2384 4008 2479 4071 νέα
2499 4006 2732 4078 διαθήκη
2761 4006 2854 4061 καὶ
2883 4010 2914 4078 ή
2948 4008 3128 4071 πίστις
3148 4006 3241 4061 τοῦ
3275 4007 3430 4061 Θεοῦ.

488 4115 577 4169 39.
609 4113 677 4168 Et
699 4114 991 4169 multitudo
1026 4113 1287 4173 fidelium.

2156 4103 2245 4158 59.
2277 4103 2387 4155 Καὶ
2415 4101 2474 4154 τὸ
2511 4100 2714 4171 πλῆθος
2741 4100 2848 4153 τῶν
2886 4099 3111 4160 πιστῶν.

493 4205 584 4259 40.
620 4203 794 4259 Filius
819 4204 874 4258 in
899 4203 1129 4268 sanctis,
1163 4203 1258 4273 qui
1284 4209 1412 4258 sunt
1435 4203 1490 4255 in
1513 4200 1785 4257 'mandato
1810 4198 1987 4254 Patris

2159 4195 2249 4248 40.
2294 4195 2352 4260 Ὁ
2381 4192 2506 4257 Υἱὸς
2529 4195 2585 4246 ὲν
2612 4196 2725 4256 τοῖς
2761 4192 2953 4262 ἁγίοις,
2976 4194 3088 4255 τοῖς
3111 4192 3169 4255 ἐν
3207 4194 3273 4263 τῇ
3325 4191 3512 4263 ἐντολῇ
3564 4190 3648 4245 τοῦ

418 4299 524 4353 sui.

2089 4288 2304 4360 Πατ-ρὸς
2336 4284 2521 4340 αὑτοῦ.

487 4390 579 4444 41.
610 4389 939 4459 Assumptus
961 4404 1022 4445 es
1051 4389 1104 4443 in
1141 4387 1314 4459 gloria
1353 4385 1630 4451 accipiens
1659 4384 1902 4454 captivos
1933 4383 1987 4436 in

2169 4380 2252 4435 41.
2301 4377 2635 4449 Ἀνελήφθης
2669 4379 2726 4430 ὲν
2751 4376 2876 4448 δόξῃ
2907 4374 3084 4429 λαϐὼν
3114 4376 3238 4438 τοὺς
3276 4375 3351 4444 (5)
3383 4374 3653 4446 αἰχμαλώ-

420 4482 736 4537 servitutem
771 4480 1020 4535 redactos
1042 4495 1073 4534 a
1096 4479 1336 4534 diabolo.

2016 4504 2070 4565 Β
2091 4487 2238 4535 τους,
2272 4470 2399 4533 τοὺς
2420 4466 2951 4540 αἰχμαλωτισθέντας
2984 4464 3090 4565 ὑπὸ
3114 4463 3207 4517 τοῦ
3240 4462 3506 4519 διαϐόλου.

489 4572 580 4626 42.
618 4572 773 4628 Dono
797 4572 1055 4642 accepisti
1084 4573 1357 4628 homines.
2016 4555 2060 4565 ⁷

2016 4555 2066 4565 ⁷
2164 4562 2253 4616 42.
2287 4560 2517 4625 Ἔλαϐες
2544 4559 2751 4631 δόματα
2774 4559 2897 4620 τοὺς
2925 4555 3258 4629 ἀνθρώπους.

488 4667 577 4725 45.
613 4664 825 4721 Etenim
846 4665 1022 4720 fecisti
1048 4673 1107 4720 ut
1127 4665 1221 4735 qui
1245 4663 1340 4718 tibi
1365 4670 1521 4718 erant
1544 4669 1701 4717 antea
1724 4659 1986 4726 infideles,

2164 4655 2252 4709 45.
2284 4653 2394 4707 Καὶ
2432 4652 2541 4724 γὰρ
2586 4651 2848 4721 ἐποίησας
2892 4648 3017 4711 τοὺς
3065 4646 3422 4710 ἀπειθοῦντας
3468 4660 3549 4698 σοι
3597 4643 3653 4696 τὸ

420 4772 568 4814 nunc
601 4764 957 4826 permaneant
986 4757 1041 4811 in
1063 4756 1351 4827 praeceptis
1379 4755 1502 4810 tuis.

2097 4746 2361 4819 πρότερον
2387 4745 2481 4801 νῦν
2507 4744 2787 4814 ἐπιμένειν
2811 4744 2868 4795 ὲν
2899 4744 3018 4804 ταῖς
3048 4739 3283 4802 ἐντολαῖς
3305 4754 3395 4792 σου
3430 4736 3524 4809 (4).

485 4851 575 4906 44.
610 4849 951 4907 Αὲὶιοινηιιεει
978 4850 1097 4906 sine
1132 4846 1420 4919 principio.

1320 4846 1420 4917 pio.
2167 4839 2257 4894 44.
2299 4838 2491 4901 Ἀΐδιος
2513 4837 2607 4891 καὶ¹
2639 4837 2891 4907 ἄναρχος.

493 4943 580 4998 45.
608 4941 677 4996 Ει
702 4942 902 5014 dirigat
939 4957 1033 4997 cor
1074 4918 1322 4996 nostrum
1347 4940 1401 4994 in
1431 4944 1695 5009 praecepta
1726 4951 1846 4993 sua.

2167 4930 2257 4985 45.
2292 4930 2403 4984 Kal
2426 4926 2741 4983 κατευθύνει
2778 4921 3150 4998 [κατευθύναι]
3174 4922 3248 4996 (5)
3290 4921 3390 4993 τὴν
3441 4918 3655 5000 καρδίαν

802 5098 805 5101 _
2093 5025 2127 5093 ἠ
2138 5021 2255 5093 μῶν
2293 5023 2373 5084 είς
2404 5020 2502 5085 τὰς
2530 5019 2746 5082 ἐντολὰς
2774 5016 2960 5071 αὑτοῦ.

492 5128 584 5186 48.
617 5127 777 5185 Jesus
812 5126 1080 5184 Dominus
1116 5133 1322 5182 uoster.

2168 5110 2254 5164 46,
2299 5109 2506 5180 Ἰησοῦς
2533 5111 2561 5163 6
2585 5110 2789 5181 Κύριος
2814 5108 2988 5179 ἡμῶν.

493 5222 583 5278 47.
614 5220 832 5278 Primus
875 5222 1020 5276 enim
1066 5220 1184 5289 ipse
1228 5232 1516 5287 resurgens
1567 5231 1599 5270 a
1645 5200 1821 5268 morte
1870 5211 1998 5273 fecit

2167 5204 2255 5257 47.
2290 5202 2514 5274 Πρῶτος
2570 5202 2675 5274 γὰρ
2727 5201 2886 5265 αὐτὸς
2920 5199 3156 5267 ἀναστὰς
3211 5200 3275 5251 ἐκ
3302 5197 3397 5252 τοῦ
3440 5197 3658 5260 θανατου

422 5316 627 5372 exitum
654 5315 723 5372 iis
772 5314 867 5384 qui
891 5312 1253 5370 dormierunt.

2102 5296 2359 5368 ἐποίησεν
2385 5294 2563 5361 ἔξοδον
2594 5296 2706 5358 τοῖς
2737 5292 3102 5365 κεκοιμημένο

1374 5423 1680 5486 Addenda
1718 5426 1782 5483 et
1822 5415 2198 5496 corrigenda
2231 5432 2308 5475 ex
2341 5413 2483 5475 cod.
2518 5413 2720 5487 Vatic.

498 5554 574 5625 (1)
604 5555 669 5609 Ν.
702 5554 790 5611 51.
847 5555 935 5607 Ἐν
975 5552 1076 5623 τῷ,
1101 5562 1205 5607 etc.
1235 5552 1305 5607 N.
1343 5551 1433 5605 32.
1466 5547 1893 5618 Καθαρίσονται.
1927 5542 1996 5594 Ν.

503 5665 516 5677 .
548 5625 679 5677 Τὴν.
707 5634 839 5677 etc..
867 5640 990 5677 mox
1018 5639 1115 5677 nro
1146 5623 1238 5676 καί
1264 5621 1480 5677 nraafert
1507 5623 1623 5677 τήν.
1644 5617 1712 5672 Ν.
1746 5615 1834 5669 54.
1867 5615 1999 5667 Συν-

925 5571 935 5604 ν
975 5552 1076 5623 τῷ,
1101 5562 1205 5607 etc.
1235 5552 1305 5607 N.
1343 5551 1433 5605 32.
1466 5547 1893 5618 Καθαρίσονται.
1927 5542 1996 5594 Ν.
2178 5539 2256 5677 (2;
2285 5541 2404 5624 Ἵνα
2424 5539 2496 5592 τί.

925 5640 990 5677 ox
1018 5639 1115 5677 nro
1146 5623 1238 5676 καί
1264 5621 1480 5677 nraafert
1507 5623 1623 5677 τήν.
1644 5617 1712 5672 Ν.
1746 5615 1834 5669 54.
1867 5615 1999 5667 Συν-
2178 5611 2234 5677 (5
2288 5611 2425 5673 Τους
2453 5610 2496 5662 du

426 5610 518 5680 33:
548 5610 679 5706 Τὴν,
707 5634 839 5706 etc.,
867 5640 990 5706 mox
1018 5610 1115 5693 pro
1146 5623 1238 5706 καί
1264 5621 1480 5692 praefert
1507 5610 1997 5706 τήνίιδῐὶΣυνΪ

1051 5610 1115 5679 to
1146 5623 1238 5706 καί
1264 5621 1480 5692 praefert
1507 5610 1716 5706 τήνῘΝἶ
1746 5615 2000 5706 54λΣυνΪ
2288 5610 2622 5706 Ξςξξςῌςξξι.

428 5679 937 5834 ξέῗέείέξὲζιναέξὲά
966 5679 1239 5817 <ξίξῖθΐνίιι.
1266 5679 1854 5761 ’συνεσφραίίισμὲνηη
1902 5684 1999 5751 τὴν

864 5786 923 5831 ,ς
1016 5809 1033 5835 ,
1121 5801 1136 5819 .

1060 5733 1071 5746 .
1128 5693 1239 5749 vid.
1266 5679 1854 5761 ’συνεσφραίίισμὲνηη
1902 5684 2000 5751 τὴν
2180 5679 2255 5745 (4)
2293 5681 2394 5733 Σου
2428 5679 2597 5733 deest.

1060 5765 1136 5819 οἵ.
2179 5753 2253 5824 (ει)
2285 5747 2631 5808 Κατευθυνεῖς
