  <div class='ocr_page' id='page_1' title='image "/cluster/home/n/w/nwhite01/storage/ocr_20150623/27/mdp.39015007065769/478.png"; bbox 0 0 3978 6204; ppageno 0'>
   <div class='ocr_carea' id='block_1_1' title="bbox 369 286 3611 354">
    <p class='ocr_par' dir='ltr' id='par_1_1' title="bbox 369 286 3611 354">
     <span class='ocr_line' id='line_1_1' title="bbox 369 286 3611 354; baseline 0 -2"><span class='ocrx_word' id='word_1_1' title='bbox 369 296 475 354; x_wconf 77' lang='grc'><strong>917</strong></span> <span class='ocrx_word' id='word_1_2' title='bbox 1232 292 1316 346; x_wconf 88' lang='lat' dir='ltr'><strong>DE</strong></span> <span class='ocrx_word' id='word_1_3' title='bbox 1367 290 1642 349; x_wconf 84' lang='lat' dir='ltr'><strong>TlTULlS</strong></span> <span class='ocrx_word' id='word_1_4' title='bbox 1685 289 2130 348; x_wconf 77' lang='lat' dir='ltr'><strong>PSALMORUM.</strong></span> <span class='ocrx_word' id='word_1_5' title='bbox 2170 320 2241 332; x_wconf 90' lang='lat'>—</span> <span class='ocrx_word' id='word_1_6' title='bbox 2278 288 2475 344; x_wconf 81' lang='lat' dir='ltr'><strong>PSAL.</strong></span> <span class='ocrx_word' id='word_1_7' title='bbox 2515 286 2724 347; x_wconf 77' lang='lat' dir='ltr'><strong>LXVII.</strong></span> <span class='ocrx_word' id='word_1_8' title='bbox 3505 294 3611 353; x_wconf 74' lang='grc'><strong>918</strong></span> 
     </span>
    </p>
   </div>
   <div class='ocr_carea' id='block_1_2' title="bbox 443 411 2014 486">
    <p class='ocr_par' dir='ltr' id='par_1_2' title="bbox 443 412 2014 486">
     <span class='ocr_line' id='line_1_2' title="bbox 443 412 2014 486; baseline 0.001 -18"><span class='ocrx_word' id='word_1_9' title='bbox 443 413 528 468; x_wconf 70' lang='lat'><strong>4&#39;8.</strong></span> <span class='ocrx_word' id='word_1_10' title='bbox 559 413 704 484; x_wconf 80' lang='grc' dir='ltr'>Πλὴν</span> <span class='ocrx_word' id='word_1_11' title='bbox 732 415 759 468; x_wconf 83' lang='grc' dir='ltr'><strong>ὸ</strong></span> <span class='ocrx_word' id='word_1_12' title='bbox 801 412 932 477; x_wconf 90' lang='grc' dir='ltr'>Θεὸς</span> <span class='ocrx_word' id='word_1_13' title='bbox 961 413 1244 468; x_wconf 81' lang='grc' dir='ltr'>συνθλάσει</span> <span class='ocrx_word' id='word_1_14' title='bbox 1299 414 1539 483; x_wconf 81' lang='grc' dir='ltr'>κεφαλὰς</span> <span class='ocrx_word' id='word_1_15' title='bbox 1588 413 1800 486; x_wconf 76' lang='grc' dir='ltr'>ἐχθρῶν</span> <span class='ocrx_word' id='word_1_16' title='bbox 1841 417 1938 470; x_wconf 79' lang='grc' dir='ltr'><strong>αὑ-</strong></span> <span class='ocrx_word' id='word_1_17' title='bbox 1969 420 2014 476; x_wconf 78' lang='grc' dir='ltr'><strong>Α</strong></span> 
     </span>
    </p>
   </div>
   <div class='ocr_carea' id='block_1_3' title="bbox 2043 411 3614 486">
    <p class='ocr_par' dir='ltr' id='par_1_3' title="bbox 2115 411 3614 484">
     <span class='ocr_line' id='line_1_3' title="bbox 2115 411 3614 484; baseline 0.002 -17"><span class='ocrx_word' id='word_1_18' title='bbox 2115 412 2203 468; x_wconf 81' lang='lat'><strong>48.</strong></span> <span class='ocrx_word' id='word_1_19' title='bbox 2239 411 2624 467; x_wconf 77' lang='lat' dir='ltr'><strong>Verumtamen</strong></span> <span class='ocrx_word' id='word_1_20' title='bbox 2656 411 2798 467; x_wconf 90' lang='lat' dir='ltr'><strong>Deus</strong></span> <span class='ocrx_word' id='word_1_21' title='bbox 2823 411 3130 484; x_wconf 78' lang='lat' dir='ltr'><strong>confringet</strong></span> <span class='ocrx_word' id='word_1_22' title='bbox 3157 413 3332 484; x_wconf 91' lang='lat' dir='ltr'><strong>capita</strong></span> <span class='ocrx_word' id='word_1_23' title='bbox 3363 413 3614 470; x_wconf 84' lang='lat' dir='ltr'><strong>inimico-</strong></span> 
     </span>
    </p>
   </div>
   <div class='ocr_carea' id='block_1_4' title="bbox 371 522 1942 571">
    <p class='ocr_par' dir='ltr' id='par_1_4' title="bbox 371 526 492 569">
     <span class='ocr_line' id='line_1_4' title="bbox 371 526 492 569; baseline 0.008 -9"><span class='ocrx_word' id='word_1_24' title='bbox 371 526 492 569; x_wconf 83' lang='grc' dir='ltr'>του,</span> 
     </span>
    </p>
   </div>
   <div class='ocr_carea' id='block_1_5' title="bbox 892 522 2463 571">
    <p class='ocr_par' dir='ltr' id='par_1_5' title="bbox 2041 522 2463 571">
     <span class='ocr_line' id='line_1_5' title="bbox 2041 522 2463 571; baseline -0.007 -8"><span class='ocrx_word' id='word_1_25' title='bbox 2041 523 2162 563; x_wconf 90' lang='lat' dir='ltr'><strong>rum</strong></span> <span class='ocrx_word' id='word_1_26' title='bbox 2203 522 2427 562; x_wconf 88' lang='lat' dir='ltr'><strong>suorum</strong></span> <span class='ocrx_word' id='word_1_27' title='bbox 2449 547 2463 571; x_wconf 90' lang='lat'><strong>,</strong></span> 
     </span>
    </p>
   </div>
   <div class='ocr_carea' id='block_1_6' title="bbox 447 597 2018 672">
    <p class='ocr_par' dir='ltr' id='par_1_6' title="bbox 447 599 1938 672">
     <span class='ocr_line' id='line_1_6' title="bbox 447 599 1938 672; baseline 0.001 -19"><span class='ocrx_word' id='word_1_28' title='bbox 447 600 530 654; x_wconf 85' lang='lat'><strong>49.</strong></span> <span class='ocrx_word' id='word_1_29' title='bbox 569 599 826 670; x_wconf 79' lang='grc' dir='ltr'><strong>Κορυφὴν</strong></span> <span class='ocrx_word' id='word_1_30' title='bbox 858 599 1042 671; x_wconf 84' lang='grc' dir='ltr'>τριχὸς</span> <span class='ocrx_word' id='word_1_31' title='bbox 1081 599 1547 670; x_wconf 81' lang='grc' dir='ltr'><strong>διαπορευομένων</strong></span> <span class='ocrx_word' id='word_1_32' title='bbox 1581 603 1643 654; x_wconf 79' lang='grc' dir='ltr'>ἐν</span> <span class='ocrx_word' id='word_1_33' title='bbox 1685 601 1938 672; x_wconf 80' lang='grc' dir='ltr'><strong>πλημμε-</strong></span> 
     </span>
    </p>
   </div>
   <div class='ocr_carea' id='block_1_7' title="bbox 2032 597 3603 672">
    <p class='ocr_par' dir='ltr' id='par_1_7' title="bbox 2111 597 3603 668">
     <span class='ocr_line' id='line_1_7' title="bbox 2111 597 3603 668; baseline -0.001 -15"><span class='ocrx_word' id='word_1_34' title='bbox 2111 599 2202 653; x_wconf 70' lang='grc'><strong>49.</strong></span> <span class='ocrx_word' id='word_1_35' title='bbox 2239 597 2507 652; x_wconf 84' lang='lat' dir='ltr'><strong>Vertieem</strong></span> <span class='ocrx_word' id='word_1_36' title='bbox 2544 597 2724 668; x_wconf 83' lang='lat' dir='ltr'><strong>capilli</strong></span> <span class='ocrx_word' id='word_1_37' title='bbox 2773 598 3265 668; x_wconf 87' lang='lat' dir='ltr'><strong>perambulantium</strong></span> <span class='ocrx_word' id='word_1_38' title='bbox 3307 598 3363 651; x_wconf 89' lang='lat' dir='ltr'><strong>in</strong></span> <span class='ocrx_word' id='word_1_39' title='bbox 3396 597 3603 653; x_wconf 70' lang='lat' dir='ltr'><strong>delicts</strong></span> 
     </span>
    </p>
   </div>
   <div class='ocr_carea' id='block_1_8' title="bbox 372 690 1943 754">
    <p class='ocr_par' dir='ltr' id='par_1_8' title="bbox 372 691 789 754">
     <span class='ocr_line' id='line_1_8' title="bbox 372 691 789 754; baseline 0.002 -10"><span class='ocrx_word' id='word_1_40' title='bbox 372 691 545 754; x_wconf 84' lang='grc' dir='ltr'>λείαις</span> <span class='ocrx_word' id='word_1_41' title='bbox 590 691 789 745; x_wconf 83' lang='grc' dir='ltr'>αὐτῶν.</span> 
     </span>
    </p>
   </div>
   <div class='ocr_carea' id='block_1_9' title="bbox 604 690 2175 754">
    <p class='ocr_par' dir='ltr' id='par_1_9' title="bbox 604 690 2175 746">
     <span class='ocr_line' id='line_1_9' title="bbox 604 690 2175 746; baseline -0.001 -2"><span class='ocrx_word' id='word_1_42' title='bbox 604 691 789 745; x_wconf 83' lang='grc' dir='ltr'>ιὺτῶν.</span> <span class='ocrx_word' id='word_1_43' title='bbox 2040 690 2175 746; x_wconf 84' lang='lat' dir='ltr'><strong>suis.</strong></span> 
     </span>
    </p>
   </div>
   <div class='ocr_carea' id='block_1_10' title="bbox 445 775 2016 854">
    <p class='ocr_par' dir='ltr' id='par_1_10' title="bbox 445 775 1673 854">
     <span class='ocr_line' id='line_1_10' title="bbox 445 775 1673 854; baseline 0.004 -22"><span class='ocrx_word' id='word_1_44' title='bbox 445 779 534 832; x_wconf 86' lang='lat'><strong>50.</strong></span> <span class='ocrx_word' id='word_1_45' title='bbox 561 775 694 832; x_wconf 80' lang='grc' dir='ltr'><strong>Εἷπε</strong></span> <span class='ocrx_word' id='word_1_46' title='bbox 726 778 927 849; x_wconf 83' lang='grc' dir='ltr'>Κύριος</span> <span class='ocrx_word' id='word_1_47' title='bbox 949 797 962 810; x_wconf 89' lang='grc'><strong>·</strong></span> <span class='ocrx_word' id='word_1_48' title='bbox 1011 781 1104 834; x_wconf 89' lang='grc' dir='ltr'>Ἐκ</span> <span class='ocrx_word' id='word_1_49' title='bbox 1136 780 1316 835; x_wconf 81' lang='grc' dir='ltr'>Βασὰν</span> <span class='ocrx_word' id='word_1_50' title='bbox 1343 783 1673 854; x_wconf 74' lang='grc' dir='ltr'>ἐπιστρέψω,</span> 
     </span>
    </p>
   </div>
   <div class='ocr_carea' id='block_1_11' title="bbox 1828 775 3399 854">
    <p class='ocr_par' dir='ltr' id='par_1_11' title="bbox 2111 778 3399 850">
     <span class='ocr_line' id='line_1_11' title="bbox 2111 778 3399 850; baseline 0.001 -14"><span class='ocrx_word' id='word_1_51' title='bbox 2111 781 2202 836; x_wconf 89' lang='grc'><strong>50.</strong></span> <span class='ocrx_word' id='word_1_52' title='bbox 2258 780 2403 834; x_wconf 81' lang='lat' dir='ltr'><strong>Dixit</strong></span> <span class='ocrx_word' id='word_1_53' title='bbox 2432 778 2700 835; x_wconf 90' lang='lat' dir='ltr'><strong>Dominus</strong></span> <span class='ocrx_word' id='word_1_54' title='bbox 2721 799 2733 834; x_wconf 88' lang='lat'><strong>:</strong></span> <span class='ocrx_word' id='word_1_55' title='bbox 2754 781 2832 833; x_wconf 81' lang='lat' dir='ltr'><strong>Ex</strong></span> <span class='ocrx_word' id='word_1_56' title='bbox 2862 780 3036 835; x_wconf 88' lang='lat' dir='ltr'><strong>Basan</strong></span> <span class='ocrx_word' id='word_1_57' title='bbox 3072 792 3399 850; x_wconf 80' lang='lat' dir='ltr'><strong>convertam,</strong></span> 
     </span>
    </p>
   </div>
   <div class='ocr_carea' id='block_1_12' title="bbox 443 868 2014 947">
    <p class='ocr_par' dir='ltr' id='par_1_12' title="bbox 443 873 1523 947">
     <span class='ocr_line' id='line_1_12' title="bbox 443 873 1523 947; baseline 0.001 -19"><span class='ocrx_word' id='word_1_58' title='bbox 443 873 531 928; x_wconf 88' lang='grc'><strong>51.</strong></span> <span class='ocrx_word' id='word_1_59' title='bbox 580 873 920 944; x_wconf 75' lang='grc' dir='ltr'>Ἐπιστρέψω</span> <span class='ocrx_word' id='word_1_60' title='bbox 939 875 996 927; x_wconf 86' lang='grc' dir='ltr'><strong>ὲν</strong></span> <span class='ocrx_word' id='word_1_61' title='bbox 1026 873 1205 944; x_wconf 87' lang='grc' dir='ltr'>βυθοῖς</span> <span class='ocrx_word' id='word_1_62' title='bbox 1231 875 1523 947; x_wconf 78' lang='grc' dir='ltr'>θαλάσσης.</span> 
     </span>
    </p>
   </div>
   <div class='ocr_carea' id='block_1_13' title="bbox 1658 868 3229 947">
    <p class='ocr_par' dir='ltr' id='par_1_13' title="bbox 2114 868 3229 939">
     <span class='ocr_line' id='line_1_13' title="bbox 2114 868 3229 939; baseline -0.003 -14"><span class='ocrx_word' id='word_1_63' title='bbox 2114 871 2202 925; x_wconf 83' lang='grc'>51.</span> <span class='ocrx_word' id='word_1_64' title='bbox 2241 871 2568 924; x_wconf 78' lang='lat' dir='ltr'><strong>(Zonvertam</strong></span> <span class='ocrx_word' id='word_1_65' title='bbox 2601 869 2653 922; x_wconf 92' lang='lat' dir='ltr'><strong>in</strong></span> <span class='ocrx_word' id='word_1_66' title='bbox 2691 868 3016 939; x_wconf 81' lang='lat' dir='ltr'><strong>profundum</strong></span> <span class='ocrx_word' id='word_1_67' title='bbox 3046 871 3229 924; x_wconf 88' lang='lat' dir='ltr'><strong>maris.</strong></span> 
     </span>
    </p>
   </div>
   <div class='ocr_carea' id='block_1_14' title="bbox 442 960 2013 1037">
    <p class='ocr_par' dir='ltr' id='par_1_14' title="bbox 442 965 1678 1037">
     <span class='ocr_line' id='line_1_14' title="bbox 442 965 1678 1037; baseline 0.002 -17"><span class='ocrx_word' id='word_1_68' title='bbox 442 966 530 1021; x_wconf 78' lang='grc'><strong>52.</strong></span> <span class='ocrx_word' id='word_1_69' title='bbox 561 967 746 1029; x_wconf 86' lang='grc' dir='ltr'>Ὅπως</span> <span class='ocrx_word' id='word_1_70' title='bbox 773 965 838 1018; x_wconf 80' lang='grc' dir='ltr'>ἂν</span> <span class='ocrx_word' id='word_1_71' title='bbox 867 965 1010 1037; x_wconf 77' lang='grc' dir='ltr'><strong>βαφῇ</strong></span> <span class='ocrx_word' id='word_1_72' title='bbox 1033 967 1062 1018; x_wconf 81' lang='grc' dir='ltr'>ὁ</span> <span class='ocrx_word' id='word_1_73' title='bbox 1083 967 1216 1030; x_wconf 83' lang='grc' dir='ltr'>ποῦς</span> <span class='ocrx_word' id='word_1_74' title='bbox 1243 985 1334 1022; x_wconf 86' lang='grc' dir='ltr'><strong>σου</strong></span> <span class='ocrx_word' id='word_1_75' title='bbox 1374 969 1430 1022; x_wconf 86' lang='grc' dir='ltr'><strong>ὲν</strong></span> <span class='ocrx_word' id='word_1_76' title='bbox 1454 970 1644 1037; x_wconf 80' lang='grc' dir='ltr'>αἵματι</span> <span class='ocrx_word' id='word_1_77' title='bbox 1666 987 1678 999; x_wconf 71' lang='grc' dir='ltr'>ο</span> 
     </span>
    </p>
   </div>
   <div class='ocr_carea' id='block_1_15' title="bbox 1750 960 3321 1037">
    <p class='ocr_par' dir='ltr' id='par_1_15' title="bbox 2112 960 3321 1032">
     <span class='ocr_line' id='line_1_15' title="bbox 2112 960 3321 1032; baseline -0.001 -16"><span class='ocrx_word' id='word_1_78' title='bbox 2112 961 2201 1016; x_wconf 71' lang='grc'><strong>52.</strong></span> <span class='ocrx_word' id='word_1_79' title='bbox 2240 960 2309 1016; x_wconf 90' lang='lat' dir='ltr'><strong>Ut</strong></span> <span class='ocrx_word' id='word_1_80' title='bbox 2339 962 2638 1032; x_wconf 82' lang='lat' dir='ltr'><strong>intingatur</strong></span> <span class='ocrx_word' id='word_1_81' title='bbox 2665 975 2760 1031; x_wconf 86' lang='lat' dir='ltr'><strong>pes</strong></span> <span class='ocrx_word' id='word_1_82' title='bbox 2793 969 2920 1016; x_wconf 91' lang='lat' dir='ltr'><strong>tuus</strong></span> <span class='ocrx_word' id='word_1_83' title='bbox 2941 961 2993 1016; x_wconf 89' lang='lat' dir='ltr'><strong>in</strong></span> <span class='ocrx_word' id='word_1_84' title='bbox 3023 963 3287 1032; x_wconf 74' lang='lat' dir='ltr'><strong>sanguine</strong></span> <span class='ocrx_word' id='word_1_85' title='bbox 3312 981 3321 1015; x_wconf 93' lang='lat'>:</span> 
     </span>
    </p>
   </div>
   <div class='ocr_carea' id='block_1_16' title="bbox 440 1052 2011 1133">
    <p class='ocr_par' dir='ltr' id='par_1_16' title="bbox 440 1057 1934 1133">
     <span class='ocr_line' id='line_1_16' title="bbox 440 1057 1934 1133; baseline 0.002 -19"><span class='ocrx_word' id='word_1_86' title='bbox 440 1057 531 1114; x_wconf 78' lang='lat'><strong>55.</strong></span> <span class='ocrx_word' id='word_1_87' title='bbox 550 1058 611 1111; x_wconf 84' lang='lat' dir='ltr'><strong>&#39;H</strong></span> <span class='ocrx_word' id='word_1_88' title='bbox 634 1057 852 1126; x_wconf 82' lang='grc' dir='ltr'>γλῶσσα</span> <span class='ocrx_word' id='word_1_89' title='bbox 867 1058 973 1110; x_wconf 89' lang='grc' dir='ltr'><strong>τῶν</strong></span> <span class='ocrx_word' id='word_1_90' title='bbox 995 1059 1170 1113; x_wconf 85' lang='grc' dir='ltr'>κυνῶν</span> <span class='ocrx_word' id='word_1_91' title='bbox 1189 1075 1282 1111; x_wconf 89' lang='grc' dir='ltr'>σου</span> <span class='ocrx_word' id='word_1_92' title='bbox 1299 1058 1358 1124; x_wconf 77' lang='grc' dir='ltr'><strong>ἐξ</strong></span> <span class='ocrx_word' id='word_1_93' title='bbox 1374 1061 1582 1131; x_wconf 77' lang='grc' dir='ltr'>ἐχθρῶν</span> <span class='ocrx_word' id='word_1_94' title='bbox 1602 1063 1732 1133; x_wconf 80' lang='grc' dir='ltr'>παρ’</span> <span class='ocrx_word' id='word_1_95' title='bbox 1748 1061 1934 1118; x_wconf 83' lang='grc' dir='ltr'>αὐτοῦ.</span> 
     </span>
    </p>
   </div>
   <div class='ocr_carea' id='block_1_17' title="bbox 2034 1052 3605 1133">
    <p class='ocr_par' dir='ltr' id='par_1_17' title="bbox 2111 1052 3605 1125">
     <span class='ocr_line' id='line_1_17' title="bbox 2111 1052 3605 1125; baseline 0.003 -17"><span class='ocrx_word' id='word_1_96' title='bbox 2111 1054 2200 1108; x_wconf 83' lang='lat'><strong>55.</strong></span> <span class='ocrx_word' id='word_1_97' title='bbox 2248 1052 2455 1123; x_wconf 87' lang='lat' dir='ltr'><strong>Lingua</strong></span> <span class='ocrx_word' id='word_1_98' title='bbox 2487 1067 2684 1107; x_wconf 90' lang='lat' dir='ltr'><strong>canum</strong></span> <span class='ocrx_word' id='word_1_99' title='bbox 2718 1061 2937 1108; x_wconf 93' lang='lat' dir='ltr'><strong>tuorum</strong></span> <span class='ocrx_word' id='word_1_100' title='bbox 2977 1069 3042 1107; x_wconf 82' lang='lat' dir='ltr'><strong>ex</strong></span> <span class='ocrx_word' id='word_1_101' title='bbox 3074 1053 3310 1110; x_wconf 87' lang='lat' dir='ltr'><strong>inimicis</strong></span> <span class='ocrx_word' id='word_1_102' title='bbox 3350 1054 3420 1110; x_wconf 90' lang='lat' dir='ltr'><strong>ab</strong></span> <span class='ocrx_word' id='word_1_103' title='bbox 3464 1055 3605 1125; x_wconf 86' lang='lat' dir='ltr'><strong>ipso.</strong></span> 
     </span>
    </p>
   </div>
   <div class='ocr_carea' id='block_1_18' title="bbox 441 1143 2012 1222">
    <p class='ocr_par' dir='ltr' id='par_1_18' title="bbox 441 1149 1704 1222">
     <span class='ocr_line' id='line_1_18' title="bbox 441 1149 1704 1222; baseline 0.003 -18"><span class='ocrx_word' id='word_1_104' title='bbox 441 1149 531 1205; x_wconf 75' lang='lat'><strong>54.</strong></span> <span class='ocrx_word' id='word_1_105' title='bbox 577 1149 991 1222; x_wconf 74' lang='grc' dir='ltr'><strong>Ἐθεωρήθησαν</strong></span> <span class='ocrx_word' id='word_1_106' title='bbox 1022 1153 1079 1204; x_wconf 77' lang='grc' dir='ltr'>αἱ</span> <span class='ocrx_word' id='word_1_107' title='bbox 1105 1152 1319 1222; x_wconf 75' lang='grc' dir='ltr'>πορεῖαί</span> <span class='ocrx_word' id='word_1_108' title='bbox 1355 1171 1468 1217; x_wconf 89' lang='grc' dir='ltr'>σου,</span> <span class='ocrx_word' id='word_1_109' title='bbox 1498 1157 1526 1207; x_wconf 81' lang='grc' dir='ltr'>ὁ</span> <span class='ocrx_word' id='word_1_110' title='bbox 1554 1155 1704 1221; x_wconf 86' lang='grc' dir='ltr'><strong>Θεὸς,</strong></span> 
     </span>
    </p>
   </div>
   <div class='ocr_carea' id='block_1_19' title="bbox 1581 1143 3152 1222">
    <p class='ocr_par' dir='ltr' id='par_1_19' title="bbox 1581 1143 3152 1221">
     <span class='ocr_line' id='line_1_19' title="bbox 1581 1143 3152 1221; baseline 0.001 -20"><span class='ocrx_word' id='word_1_111' title='bbox 1581 1155 1704 1221; x_wconf 68' lang='lat' dir='ltr'><strong>lebg,</strong></span> <span class='ocrx_word' id='word_1_112' title='bbox 2108 1145 2198 1199; x_wconf 94' lang='lat'><strong>54.</strong></span> <span class='ocrx_word' id='word_1_113' title='bbox 2232 1143 2345 1200; x_wconf 82' lang='lat' dir='ltr'><strong>Visi</strong></span> <span class='ocrx_word' id='word_1_114' title='bbox 2377 1155 2505 1201; x_wconf 89' lang='lat' dir='ltr'><strong>sunt</strong></span> <span class='ocrx_word' id='word_1_115' title='bbox 2536 1147 2817 1216; x_wconf 88' lang='lat' dir='ltr'><strong>ingressus</strong></span> <span class='ocrx_word' id='word_1_116' title='bbox 2841 1147 2940 1210; x_wconf 89' lang='lat' dir='ltr'><strong>tui,</strong></span> <span class='ocrx_word' id='word_1_117' title='bbox 2977 1145 3119 1202; x_wconf 88' lang='lat' dir='ltr'><strong>Deus</strong></span> <span class='ocrx_word' id='word_1_118' title='bbox 3139 1186 3152 1210; x_wconf 91' lang='lat'><strong>,</strong></span> 
     </span>
    </p>
   </div>
   <div class='ocr_carea' id='block_1_20' title="bbox 441 1236 2012 1316">
    <p class='ocr_par' dir='ltr' id='par_1_20' title="bbox 441 1241 1937 1316">
     <span class='ocr_line' id='line_1_20' title="bbox 441 1241 1937 1316; baseline 0.003 -18"><span class='ocrx_word' id='word_1_119' title='bbox 441 1241 528 1298; x_wconf 86' lang='lat'><strong>55.</strong></span> <span class='ocrx_word' id='word_1_120' title='bbox 561 1244 627 1296; x_wconf 78' lang='grc' dir='ltr'><strong>Αἱ</strong></span> <span class='ocrx_word' id='word_1_121' title='bbox 655 1246 866 1314; x_wconf 86' lang='grc' dir='ltr'>πορεῖαι</span> <span class='ocrx_word' id='word_1_122' title='bbox 895 1242 986 1297; x_wconf 81' lang='grc' dir='ltr'>τοῦ</span> <span class='ocrx_word' id='word_1_123' title='bbox 1012 1243 1144 1298; x_wconf 89' lang='grc' dir='ltr'>Θεοῦ</span> <span class='ocrx_word' id='word_1_124' title='bbox 1183 1263 1282 1316; x_wconf 85' lang='grc' dir='ltr'><strong>μου</strong></span> <span class='ocrx_word' id='word_1_125' title='bbox 1311 1245 1403 1298; x_wconf 83' lang='grc' dir='ltr'>τοῦ</span> <span class='ocrx_word' id='word_1_126' title='bbox 1437 1246 1715 1316; x_wconf 84' lang='grc' dir='ltr'>βασιλέως,</span> <span class='ocrx_word' id='word_1_127' title='bbox 1755 1248 1850 1302; x_wconf 82' lang='grc' dir='ltr'>τοῦ</span> <span class='ocrx_word' id='word_1_128' title='bbox 1879 1249 1937 1303; x_wconf 82' lang='grc' dir='ltr'><strong>ὲν</strong></span> 
     </span>
    </p>
   </div>
   <div class='ocr_carea' id='block_1_21' title="bbox 2032 1236 3603 1316">
    <p class='ocr_par' dir='ltr' id='par_1_21' title="bbox 2109 1236 3603 1310">
     <span class='ocr_line' id='line_1_21' title="bbox 2109 1236 3603 1310; baseline 0.001 -18"><span class='ocrx_word' id='word_1_129' title='bbox 2109 1237 2200 1292; x_wconf 87' lang='grc'><strong>55.</strong></span> <span class='ocrx_word' id='word_1_130' title='bbox 2237 1236 2520 1307; x_wconf 84' lang='lat' dir='ltr'><strong>Ingressus</strong></span> <span class='ocrx_word' id='word_1_131' title='bbox 2549 1236 2644 1293; x_wconf 85' lang='lat' dir='ltr'><strong>Dei</strong></span> <span class='ocrx_word' id='word_1_132' title='bbox 2677 1237 2784 1293; x_wconf 89' lang='lat' dir='ltr'><strong>mei</strong></span> <span class='ocrx_word' id='word_1_133' title='bbox 2833 1237 2996 1309; x_wconf 84' lang='lat' dir='ltr'><strong>regis,</strong></span> <span class='ocrx_word' id='word_1_134' title='bbox 3047 1239 3142 1310; x_wconf 90' lang='lat' dir='ltr'><strong>qui</strong></span> <span class='ocrx_word' id='word_1_135' title='bbox 3186 1246 3269 1294; x_wconf 90' lang='lat' dir='ltr'><strong>est</strong></span> <span class='ocrx_word' id='word_1_136' title='bbox 3303 1239 3356 1292; x_wconf 90' lang='lat' dir='ltr'><strong>in</strong></span> <span class='ocrx_word' id='word_1_137' title='bbox 3393 1247 3603 1296; x_wconf 88' lang='lat' dir='ltr'><strong>sancto.</strong></span> 
     </span>
    </p>
   </div>
   <div class='ocr_carea' id='block_1_22' title="bbox 369 1335 628 1407">
    <p class='ocr_par' dir='ltr' id='par_1_22' title="bbox 369 1335 628 1407">
     <span class='ocr_line' id='line_1_22' title="bbox 369 1335 628 1407; baseline 0.012 -20"><span class='ocrx_word' id='word_1_138' title='bbox 369 1335 447 1407; x_wconf 81' lang='grc' dir='ltr'>τῷ</span> <span class='ocrx_word' id='word_1_139' title='bbox 470 1335 628 1407; x_wconf 81' lang='grc' dir='ltr'><strong>ἁγίῳ.</strong></span> 
     </span>
    </p>
   </div>
   <div class='ocr_carea' id='block_1_23' title="bbox 438 1418 2009 1506">
    <p class='ocr_par' dir='ltr' id='par_1_23' title="bbox 438 1431 1824 1506">
     <span class='ocr_line' id='line_1_23' title="bbox 438 1431 1824 1506; baseline 0 -18"><span class='ocrx_word' id='word_1_140' title='bbox 438 1431 525 1488; x_wconf 86' lang='grc'><strong>56.</strong></span> <span class='ocrx_word' id='word_1_141' title='bbox 562 1432 914 1504; x_wconf 82' lang='grc' dir='ltr'><strong>Προέφθασαν</strong></span> <span class='ocrx_word' id='word_1_142' title='bbox 935 1435 1192 1506; x_wconf 78' lang='grc' dir='ltr'>ἄρχοντες</span> <span class='ocrx_word' id='word_1_143' title='bbox 1215 1434 1449 1505; x_wconf 80' lang='grc' dir='ltr'><strong>ἐχόμενα.</strong></span> <span class='ocrx_word' id='word_1_144' title='bbox 1475 1434 1782 1494; x_wconf 74' lang='grc' dir='ltr'><strong>ψαλλόντων</strong></span> <span class='ocrx_word' id='word_1_145' title='bbox 1811 1474 1824 1498; x_wconf 85' lang='grc'><strong>,</strong></span> 
     </span>
    </p>
   </div>
   <div class='ocr_carea' id='block_1_24' title="bbox 2034 1418 3605 1506">
    <p class='ocr_par' dir='ltr' id='par_1_24' title="bbox 2106 1418 3605 1494">
     <span class='ocr_line' id='line_1_24' title="bbox 2106 1418 3605 1494; baseline -0.001 -17"><span class='ocrx_word' id='word_1_146' title='bbox 2106 1421 2196 1477; x_wconf 89' lang='grc'><strong>56.</strong></span> <span class='ocrx_word' id='word_1_147' title='bbox 2229 1420 2614 1478; x_wconf 70' lang='lat' dir='ltr'><strong>Praevenerunt</strong></span> <span class='ocrx_word' id='word_1_148' title='bbox 2668 1423 2942 1494; x_wconf 84' lang='lat' dir='ltr'><strong>principes</strong></span> <span class='ocrx_word' id='word_1_149' title='bbox 2995 1420 3272 1492; x_wconf 82' lang='lat' dir='ltr'><strong>conjuncti</strong></span> <span class='ocrx_word' id='word_1_150' title='bbox 3324 1418 3605 1493; x_wconf 79' lang='lat' dir='ltr'><strong>psallenti-</strong></span> 
     </span>
    </p>
   </div>
   <div class='ocr_carea' id='block_1_25' title="bbox 2036 1514 2176 1578">
    <p class='ocr_par' dir='ltr' id='par_1_25' title="bbox 2036 1514 2176 1578">
     <span class='ocr_line' id='line_1_25' title="bbox 2036 1514 2176 1578; baseline 0 -9"><span class='ocrx_word' id='word_1_151' title='bbox 2036 1514 2176 1578; x_wconf 89' lang='lat' dir='ltr'><strong>bus,</strong></span> 
     </span>
    </p>
   </div>
   <div class='ocr_carea' id='block_1_26' title="bbox 437 1603 2008 1682">
    <p class='ocr_par' dir='ltr' id='par_1_26' title="bbox 437 1610 1626 1682">
     <span class='ocr_line' id='line_1_26' title="bbox 437 1610 1626 1682; baseline 0.001 -17"><span class='ocrx_word' id='word_1_152' title='bbox 437 1610 529 1666; x_wconf 83' lang='lat'><strong>57.</strong></span> <span class='ocrx_word' id='word_1_153' title='bbox 573 1610 661 1664; x_wconf 83' lang='grc' dir='ltr'><strong>Ἑν</strong></span> <span class='ocrx_word' id='word_1_154' title='bbox 697 1611 846 1682; x_wconf 84' lang='grc' dir='ltr'><strong>μέσῳ</strong></span> <span class='ocrx_word' id='word_1_155' title='bbox 875 1611 1133 1665; x_wconf 79' lang='grc' dir='ltr'>νεανίδων</span> <span class='ocrx_word' id='word_1_156' title='bbox 1157 1610 1626 1682; x_wconf 81' lang='grc' dir='ltr'>τυμπανιστριῶν.</span> 
     </span>
    </p>
   </div>
   <div class='ocr_carea' id='block_1_27' title="bbox 1923 1603 3494 1682">
    <p class='ocr_par' dir='ltr' id='par_1_27' title="bbox 2105 1603 3494 1678">
     <span class='ocr_line' id='line_1_27' title="bbox 2105 1603 3494 1678; baseline -0.003 -18"><span class='ocrx_word' id='word_1_157' title='bbox 2105 1605 2193 1660; x_wconf 87' lang='lat'><strong>57.</strong></span> <span class='ocrx_word' id='word_1_158' title='bbox 2229 1603 2288 1659; x_wconf 89' lang='lat' dir='ltr'><strong>ln</strong></span> <span class='ocrx_word' id='word_1_159' title='bbox 2317 1605 2500 1660; x_wconf 90' lang='lat' dir='ltr'><strong>medio</strong></span> <span class='ocrx_word' id='word_1_160' title='bbox 2526 1605 2944 1676; x_wconf 79' lang='lat' dir='ltr'><strong>juvencularum</strong></span> <span class='ocrx_word' id='word_1_161' title='bbox 2969 1605 3494 1678; x_wconf 79' lang='lat' dir='ltr'><strong>tympanistriarum.</strong></span> 
     </span>
    </p>
   </div>
   <div class='ocr_carea' id='block_1_28' title="bbox 437 1697 2008 1774">
    <p class='ocr_par' dir='ltr' id='par_1_28' title="bbox 437 1700 2005 1774">
     <span class='ocr_line' id='line_1_28' title="bbox 437 1700 2005 1774; baseline -0.001 -16"><span class='ocrx_word' id='word_1_162' title='bbox 437 1701 525 1758; x_wconf 88' lang='lat'><strong>58.</strong></span> <span class='ocrx_word' id='word_1_163' title='bbox 572 1703 658 1755; x_wconf 86' lang='lat' dir='ltr'><strong>’Ev</strong></span> <span class='ocrx_word' id='word_1_164' title='bbox 691 1701 1037 1774; x_wconf 83' lang='grc' dir='ltr'>Ἐκκλησίαις</span> <span class='ocrx_word' id='word_1_165' title='bbox 1057 1703 1326 1771; x_wconf 84' lang='grc' dir='ltr'>εὐλογεῖτε</span> <span class='ocrx_word' id='word_1_166' title='bbox 1349 1701 1442 1758; x_wconf 84' lang='grc' dir='ltr'>τὸν</span> <span class='ocrx_word' id='word_1_167' title='bbox 1465 1700 1618 1766; x_wconf 84' lang='grc' dir='ltr'>Θεὸν,</span> <span class='ocrx_word' id='word_1_168' title='bbox 1863 1707 1876 1720; x_wconf 89' lang='lat'><strong>‘</strong></span> <span class='ocrx_word' id='word_1_169' title='bbox 1964 1760 2005 1774; x_wconf 74' lang='lat'>_</span> 
     </span>
    </p>
   </div>
   <div class='ocr_carea' id='block_1_29' title="bbox 1500 1697 3071 1774">
    <p class='ocr_par' dir='ltr' id='par_1_29' title="bbox 1500 1697 3071 1774">
     <span class='ocr_line' id='line_1_29' title="bbox 1500 1697 3071 1774; baseline 0.003 -25"><span class='ocrx_word' id='word_1_170' title='bbox 1500 1700 1618 1766; x_wconf 69' lang='lat' dir='ltr'><strong>lgbv,</strong></span> <span class='ocrx_word' id='word_1_171' title='bbox 1863 1707 1876 1720; x_wconf 84' lang='lat'><strong>‘</strong></span> <span class='ocrx_word' id='word_1_172' title='bbox 1964 1760 2005 1774; x_wconf 74' lang='lat'>_</span> <span class='ocrx_word' id='word_1_173' title='bbox 2102 1697 2189 1751; x_wconf 90' lang='lat'><strong>58.</strong></span> <span class='ocrx_word' id='word_1_174' title='bbox 2226 1697 2284 1752; x_wconf 88' lang='lat' dir='ltr'><strong>In</strong></span> <span class='ocrx_word' id='word_1_175' title='bbox 2311 1697 2570 1754; x_wconf 90' lang='lat' dir='ltr'><strong>Ecclesiis</strong></span> <span class='ocrx_word' id='word_1_176' title='bbox 2598 1699 2899 1756; x_wconf 88' lang='lat' dir='ltr'><strong>benedicite</strong></span> <span class='ocrx_word' id='word_1_177' title='bbox 2930 1698 3071 1766; x_wconf 87' lang='lat' dir='ltr'><strong>Deo,</strong></span> 
     </span>
    </p>
   </div>
   <div class='ocr_carea' id='block_1_30' title="bbox 437 1760 2008 1866">
    <p class='ocr_par' dir='ltr' id='par_1_30' title="bbox 437 1760 2006 1866">
     <span class='ocr_line' id='line_1_30' title="bbox 437 1760 2006 1866; baseline 0.004 -19"><span class='ocrx_word' id='word_1_178' title='bbox 437 1791 524 1847; x_wconf 89' lang='lat'><strong>59.</strong></span> <span class='ocrx_word' id='word_1_179' title='bbox 552 1792 756 1863; x_wconf 84' lang='grc' dir='ltr'><strong>Κύριον</strong></span> <span class='ocrx_word' id='word_1_180' title='bbox 778 1795 841 1848; x_wconf 80' lang='grc' dir='ltr'>ὲκ</span> <span class='ocrx_word' id='word_1_181' title='bbox 863 1760 1055 1864; x_wconf 49' lang='grc' dir='ltr'>έτηγῶν</span> <span class='ocrx_word' id='word_1_182' title='bbox 1093 1760 1330 1866; x_wconf 73' lang='grc' dir='ltr'><strong>Ἰσραήλ.</strong></span> <span class='ocrx_word' id='word_1_183' title='bbox 1604 1760 1615 1766; x_wconf 32' lang='grc'><strong><em>⁷</em></strong></span> <span class='ocrx_word' id='word_1_184' title='bbox 1964 1760 2006 1815; x_wconf 73' lang='grc' dir='ltr'><strong>Β</strong></span> 
     </span>
    </p>
   </div>
   <div class='ocr_carea' id='block_1_31' title="bbox 1454 1760 3025 1866">
    <p class='ocr_par' dir='ltr' id='par_1_31' title="bbox 1604 1760 3025 1851">
     <span class='ocr_line' id='line_1_31' title="bbox 1604 1760 3025 1851; baseline 0.007 -10"><span class='ocrx_word' id='word_1_185' title='bbox 1604 1760 1615 1766; x_wconf 71' lang='grc'><strong><em>⁷</em></strong></span> <span class='ocrx_word' id='word_1_186' title='bbox 1964 1760 2006 1815; x_wconf 74' lang='grc' dir='ltr'><strong>Β</strong></span> <span class='ocrx_word' id='word_1_187' title='bbox 2103 1789 2192 1844; x_wconf 84' lang='lat'><strong>59.</strong></span> <span class='ocrx_word' id='word_1_188' title='bbox 2226 1788 2456 1845; x_wconf 91' lang='lat' dir='ltr'><strong>Domino</strong></span> <span class='ocrx_word' id='word_1_189' title='bbox 2478 1790 2546 1844; x_wconf 92' lang='lat' dir='ltr'><strong>de</strong></span> <span class='ocrx_word' id='word_1_190' title='bbox 2575 1789 2818 1848; x_wconf 79' lang='lat' dir='ltr'><strong>fontibus</strong></span> <span class='ocrx_word' id='word_1_191' title='bbox 2839 1791 3025 1851; x_wconf 84' lang='lat' dir='ltr'><strong>Israel.</strong></span> 
     </span>
    </p>
   </div>
   <div class='ocr_carea' id='block_1_32' title="bbox 435 1877 2006 1957">
    <p class='ocr_par' dir='ltr' id='par_1_32' title="bbox 435 1885 1657 1957">
     <span class='ocr_line' id='line_1_32' title="bbox 435 1885 1657 1957; baseline -0.004 -16"><span class='ocrx_word' id='word_1_192' title='bbox 435 1885 523 1942; x_wconf 84' lang='grc'>60.</span> <span class='ocrx_word' id='word_1_193' title='bbox 572 1886 717 1940; x_wconf 84' lang='grc' dir='ltr'>Ἐκεῖ</span> <span class='ocrx_word' id='word_1_194' title='bbox 743 1886 996 1956; x_wconf 72' lang='grc' dir='ltr'>Βενιαμὶν</span> <span class='ocrx_word' id='word_1_195' title='bbox 1018 1885 1279 1957; x_wconf 83' lang='grc' dir='ltr'>νεώτερος</span> <span class='ocrx_word' id='word_1_196' title='bbox 1316 1886 1373 1939; x_wconf 80' lang='grc' dir='ltr'>ὲν</span> <span class='ocrx_word' id='word_1_197' title='bbox 1402 1886 1657 1940; x_wconf 69' lang='grc' dir='ltr'>δκστάσει</span> 
     </span>
    </p>
   </div>
   <div class='ocr_carea' id='block_1_33' title="bbox 2035 1877 3606 1957">
    <p class='ocr_par' dir='ltr' id='par_1_33' title="bbox 2108 1877 3606 1952">
     <span class='ocr_line' id='line_1_33' title="bbox 2108 1877 3606 1952; baseline 0.005 -16"><span class='ocrx_word' id='word_1_198' title='bbox 2108 1880 2197 1936; x_wconf 86' lang='grc'><strong>60.</strong></span> <span class='ocrx_word' id='word_1_199' title='bbox 2233 1877 2314 1936; x_wconf 90' lang='lat' dir='ltr'><strong>lbi</strong></span> <span class='ocrx_word' id='word_1_200' title='bbox 2350 1879 2636 1952; x_wconf 87' lang='lat' dir='ltr'><strong>Benjamin</strong></span> <span class='ocrx_word' id='word_1_201' title='bbox 2670 1883 3110 1943; x_wconf 82' lang='lat' dir='ltr'><strong>adolescentulus</strong></span> <span class='ocrx_word' id='word_1_202' title='bbox 3155 1888 3208 1942; x_wconf 91' lang='lat' dir='ltr'><strong>in</strong></span> <span class='ocrx_word' id='word_1_203' title='bbox 3263 1889 3464 1946; x_wconf 86' lang='lat' dir='ltr'><strong>mentis</strong></span> <span class='ocrx_word' id='word_1_204' title='bbox 3507 1903 3606 1944; x_wconf 73' lang='lat' dir='ltr'><strong>ex-</strong></span> 
     </span>
    </p>
   </div>
   <div class='ocr_carea' id='block_1_34' title="bbox 2035 1985 2228 2028">
    <p class='ocr_par' dir='ltr' id='par_1_34' title="bbox 2035 1985 2228 2028">
     <span class='ocr_line' id='line_1_34' title="bbox 2035 1985 2228 2028; baseline 0 -2"><span class='ocrx_word' id='word_1_205' title='bbox 2035 1986 2192 2028; x_wconf 90' lang='lat' dir='ltr'><strong>cessu</strong></span> <span class='ocrx_word' id='word_1_206' title='bbox 2211 1985 2228 2026; x_wconf 75' lang='grc' dir='ltr'><strong>ε</strong></span> 
     </span>
    </p>
   </div>
   <div class='ocr_carea' id='block_1_35' title="bbox 435 2061 2006 2137">
    <p class='ocr_par' dir='ltr' id='par_1_35' title="bbox 435 2061 1708 2137">
     <span class='ocr_line' id='line_1_35' title="bbox 435 2061 1708 2137; baseline -0.003 -18"><span class='ocrx_word' id='word_1_207' title='bbox 435 2063 523 2120; x_wconf 87' lang='grc'>61.</span> <span class='ocrx_word' id='word_1_208' title='bbox 556 2065 631 2137; x_wconf 89' lang='lat' dir='ltr'><strong>(a)</strong></span> <span class='ocrx_word' id='word_1_209' title='bbox 662 2066 950 2136; x_wconf 75' lang='grc' dir='ltr'><strong>’Ἄρχοντες</strong></span> <span class='ocrx_word' id='word_1_210' title='bbox 991 2065 1158 2120; x_wconf 79' lang='grc' dir='ltr'>Ἰούδα</span> <span class='ocrx_word' id='word_1_211' title='bbox 1187 2063 1454 2136; x_wconf 85' lang='grc' dir='ltr'><strong>ἡγεμόνες</strong></span> <span class='ocrx_word' id='word_1_212' title='bbox 1487 2061 1670 2117; x_wconf 84' lang='grc' dir='ltr'>αὐτῶν</span> <span class='ocrx_word' id='word_1_213' title='bbox 1695 2079 1708 2093; x_wconf 72' lang='grc'><strong><em>⁸</em></strong></span> 
     </span>
    </p>
   </div>
   <div class='ocr_carea' id='block_1_36' title="bbox 1554 2061 3125 2137">
    <p class='ocr_par' dir='ltr' id='par_1_36' title="bbox 1554 2062 3125 2124">
     <span class='ocr_line' id='line_1_36' title="bbox 1554 2062 3125 2124; baseline 0.005 -7"><span class='ocrx_word' id='word_1_214' title='bbox 1554 2062 1670 2117; x_wconf 82' lang='grc' dir='ltr'><strong>τῶν</strong></span> <span class='ocrx_word' id='word_1_215' title='bbox 1695 2079 1708 2093; x_wconf 69' lang='grc' dir='ltr'>α</span> <span class='ocrx_word' id='word_1_216' title='bbox 2106 2063 2192 2120; x_wconf 86' lang='grc'><strong>61.</strong></span> <span class='ocrx_word' id='word_1_217' title='bbox 2228 2062 2512 2122; x_wconf 75' lang='lat' dir='ltr'><strong>Principes</strong></span> <span class='ocrx_word' id='word_1_218' title='bbox 2531 2062 2672 2122; x_wconf 72' lang='lat' dir='ltr'><strong>Iuda</strong></span> <span class='ocrx_word' id='word_1_219' title='bbox 2702 2067 2869 2123; x_wconf 88' lang='lat' dir='ltr'><strong>duces</strong></span> <span class='ocrx_word' id='word_1_220' title='bbox 2901 2085 3086 2124; x_wconf 84' lang='lat' dir='ltr'><strong>eorum</strong></span> <span class='ocrx_word' id='word_1_221' title='bbox 3115 2089 3125 2102; x_wconf 85' lang='grc'><strong>·</strong></span> 
     </span>
    </p>
   </div>
   <div class='ocr_carea' id='block_1_37' title="bbox 437 2219 2008 2295">
    <p class='ocr_par' dir='ltr' id='par_1_37' title="bbox 437 2219 2008 2295">
     <span class='ocr_line' id='line_1_37' title="bbox 437 2219 2008 2295; baseline -0.003 -18"><span class='ocrx_word' id='word_1_222' title='bbox 437 2220 513 2295; x_wconf 81' lang='grc' dir='ltr'><strong>(α)</strong></span> <span class='ocrx_word' id='word_1_223' title='bbox 543 2223 595 2292; x_wconf 60' lang='grc' dir='ltr'><strong>ᾗ.</strong></span> <span class='ocrx_word' id='word_1_224' title='bbox 627 2219 716 2289; x_wconf 89' lang='grc'>61,</span> <span class='ocrx_word' id='word_1_225' title='bbox 749 2221 838 2289; x_wconf 76' lang='lat'><strong>62,</strong></span> <span class='ocrx_word' id='word_1_226' title='bbox 871 2220 978 2276; x_wconf 84' lang='lat' dir='ltr'><strong>Sub</strong></span> <span class='ocrx_word' id='word_1_227' title='bbox 1013 2223 1168 2277; x_wconf 85' lang='lat' dir='ltr'><strong>unico</strong></span> <span class='ocrx_word' id='word_1_228' title='bbox 1192 2239 1428 2291; x_wconf 83' lang='lat' dir='ltr'><strong>numero,</strong></span> <span class='ocrx_word' id='word_1_229' title='bbox 1455 2223 1615 2276; x_wconf 79' lang='lat' dir='ltr'><strong>sicuti</strong></span> <span class='ocrx_word' id='word_1_230' title='bbox 1636 2230 1685 2276; x_wconf 86' lang='lat' dir='ltr'><strong>et</strong></span> <span class='ocrx_word' id='word_1_231' title='bbox 1719 2220 1788 2275; x_wconf 92' lang='lat'><strong>66</strong></span> <span class='ocrx_word' id='word_1_232' title='bbox 1819 2230 1868 2276; x_wconf 88' lang='lat' dir='ltr'><strong>et</strong></span> <span class='ocrx_word' id='word_1_233' title='bbox 1904 2219 1973 2276; x_wconf 87' lang='lat'><strong>67</strong></span> <span class='ocrx_word' id='word_1_234' title='bbox 2004 2239 2008 2287; x_wconf 68' lang='grc' dir='ltr'><strong>ς</strong></span> 
     </span>
    </p>
   </div>
   <div class='ocr_carea' id='block_1_38' title="bbox 905 2219 2476 2295">
    <p class='ocr_par' dir='ltr' id='par_1_38' title="bbox 905 2219 2476 2291">
     <span class='ocr_line' id='line_1_38' title="bbox 905 2219 2476 2291; baseline 0.001 -15"><span class='ocrx_word' id='word_1_235' title='bbox 905 2220 978 2276; x_wconf 66' lang='lat' dir='ltr'><strong>iub</strong></span> <span class='ocrx_word' id='word_1_236' title='bbox 1013 2223 1168 2277; x_wconf 85' lang='lat' dir='ltr'><strong>unico</strong></span> <span class='ocrx_word' id='word_1_237' title='bbox 1192 2239 1428 2291; x_wconf 83' lang='lat' dir='ltr'><strong>numero,</strong></span> <span class='ocrx_word' id='word_1_238' title='bbox 1455 2223 1615 2276; x_wconf 79' lang='lat' dir='ltr'><strong>sicuti</strong></span> <span class='ocrx_word' id='word_1_239' title='bbox 1636 2230 1685 2276; x_wconf 86' lang='lat' dir='ltr'><strong>et</strong></span> <span class='ocrx_word' id='word_1_240' title='bbox 1719 2220 1788 2275; x_wconf 89' lang='grc'><strong>66</strong></span> <span class='ocrx_word' id='word_1_241' title='bbox 1819 2230 1868 2276; x_wconf 88' lang='lat' dir='ltr'><strong>et</strong></span> <span class='ocrx_word' id='word_1_242' title='bbox 1904 2219 1973 2276; x_wconf 88' lang='lat'><strong>67</strong></span> <span class='ocrx_word' id='word_1_243' title='bbox 2004 2239 2018 2287; x_wconf 91' lang='lat'><strong>;</strong></span> <span class='ocrx_word' id='word_1_244' title='bbox 2048 2221 2175 2277; x_wconf 84' lang='lat' dir='ltr'><strong>item</strong></span> <span class='ocrx_word' id='word_1_245' title='bbox 2201 2223 2265 2278; x_wconf 87' lang='grc'><strong>81</strong></span> <span class='ocrx_word' id='word_1_246' title='bbox 2301 2234 2350 2278; x_wconf 87' lang='lat' dir='ltr'><strong>et</strong></span> <span class='ocrx_word' id='word_1_247' title='bbox 2390 2225 2476 2280; x_wconf 77' lang='lat'><strong>82.</strong></span> 
     </span>
    </p>
   </div>
   <div class='ocr_carea' id='block_1_39' title="bbox 1487 2382 2477 2441">
    <p class='ocr_par' dir='ltr' id='par_1_39' title="bbox 1487 2382 2477 2441">
     <span class='ocr_line' id='line_1_39' title="bbox 1487 2382 2477 2441; baseline 0.002 -3"><span class='ocrx_word' id='word_1_248' title='bbox 1487 2382 1859 2441; x_wconf 82' lang='lat' dir='ltr'><strong>ATHANASII</strong></span> <span class='ocrx_word' id='word_1_249' title='bbox 1896 2383 2477 2441; x_wconf 77' lang='lat' dir='ltr'><strong>INTERPRETATIO.</strong></span> 
     </span>
    </p>
   </div>
   <div class='ocr_carea' id='block_1_40' title="bbox 437 2549 2008 2636">
    <p class='ocr_par' dir='ltr' id='par_1_40' title="bbox 437 2553 1410 2636">
     <span class='ocr_line' id='line_1_40' title="bbox 437 2553 1410 2636; baseline 0.001 -18"><span class='ocrx_word' id='word_1_250' title='bbox 437 2562 524 2618; x_wconf 72' lang='grc'><strong>48.</strong></span> <span class='ocrx_word' id='word_1_251' title='bbox 553 2562 672 2618; x_wconf 85' lang='grc' dir='ltr'><strong>Τῶν</strong></span> <span class='ocrx_word' id='word_1_252' title='bbox 707 2563 962 2618; x_wconf 75' lang='grc' dir='ltr'>ἐναντίων</span> <span class='ocrx_word' id='word_1_253' title='bbox 993 2564 1294 2636; x_wconf 83' lang='grc' dir='ltr'>δυνάμεων.</span> <span class='ocrx_word' id='word_1_254' title='bbox 1326 2553 1380 2562; x_wconf 26' lang='grc' dir='ltr'><strong>θ’</strong></span> <span class='ocrx_word' id='word_1_255' title='bbox 1407 2557 1410 2560; x_wconf 51' lang='grc'><strong>’</strong></span> 
     </span>
    </p>
   </div>
   <div class='ocr_carea' id='block_1_41' title="bbox 1444 2549 3015 2636">
    <p class='ocr_par' dir='ltr' id='par_1_41' title="bbox 2101 2549 3015 2618">
     <span class='ocr_line' id='line_1_41' title="bbox 2101 2549 3015 2618; baseline -0.003 -13"><span class='ocrx_word' id='word_1_256' title='bbox 2101 2550 2192 2606; x_wconf 89' lang='lat'><strong>48.</strong></span> <span class='ocrx_word' id='word_1_257' title='bbox 2221 2549 2632 2606; x_wconf 77' lang='lat' dir='ltr'><strong>Contrarlarum</strong></span> <span class='ocrx_word' id='word_1_258' title='bbox 2667 2558 3015 2618; x_wconf 83' lang='lat' dir='ltr'><strong>potestatum.</strong></span> 
     </span>
    </p>
   </div>
   <div class='ocr_carea' id='block_1_42' title="bbox 434 2640 2005 2734">
    <p class='ocr_par' dir='ltr' id='par_1_42' title="bbox 434 2657 1931 2734">
     <span class='ocr_line' id='line_1_42' title="bbox 434 2657 1931 2734; baseline 0.002 -24"><span class='ocrx_word' id='word_1_259' title='bbox 434 2657 520 2712; x_wconf 86' lang='lat'><strong>49.</strong></span> <span class='ocrx_word' id='word_1_260' title='bbox 557 2658 660 2711; x_wconf 91' lang='grc' dir='ltr'>Τὸν</span> <span class='ocrx_word' id='word_1_261' title='bbox 692 2657 936 2712; x_wconf 78' lang='grc' dir='ltr'>διάϐολον</span> <span class='ocrx_word' id='word_1_262' title='bbox 991 2659 1082 2713; x_wconf 88' lang='grc' dir='ltr'>τὸν</span> <span class='ocrx_word' id='word_1_263' title='bbox 1111 2660 1210 2730; x_wconf 83' lang='grc' dir='ltr'><strong>τὴν</strong></span> <span class='ocrx_word' id='word_1_264' title='bbox 1266 2659 1466 2714; x_wconf 80' lang='grc' dir='ltr'>κακίαν</span> <span class='ocrx_word' id='word_1_265' title='bbox 1499 2660 1798 2733; x_wconf 74' lang='grc' dir='ltr'>ἐφευρόντα</span> <span class='ocrx_word' id='word_1_266' title='bbox 1853 2662 1931 2734; x_wconf 83' lang='grc' dir='ltr'><strong>εἰς</strong></span> 
     </span>
    </p>
   </div>
   <div class='ocr_carea' id='block_1_43' title="bbox 2025 2640 3596 2734">
    <p class='ocr_par' dir='ltr' id='par_1_43' title="bbox 2101 2640 3596 2712">
     <span class='ocr_line' id='line_1_43' title="bbox 2101 2640 3596 2712; baseline -0.001 -16"><span class='ocrx_word' id='word_1_267' title='bbox 2101 2642 2192 2697; x_wconf 87' lang='lat'><strong>49.</strong></span> <span class='ocrx_word' id='word_1_268' title='bbox 2224 2640 2509 2698; x_wconf 90' lang='lat' dir='ltr'><strong>Diabolum</strong></span> <span class='ocrx_word' id='word_1_269' title='bbox 2567 2642 2904 2697; x_wconf 82' lang='lat' dir='ltr'><strong>inventorem</strong></span> <span class='ocrx_word' id='word_1_270' title='bbox 2936 2641 3155 2696; x_wconf 77' lang='lat' dir='ltr'><strong>malitia:</strong></span> <span class='ocrx_word' id='word_1_271' title='bbox 3198 2642 3251 2696; x_wconf 91' lang='lat' dir='ltr'><strong>in</strong></span> <span class='ocrx_word' id='word_1_272' title='bbox 3294 2651 3596 2712; x_wconf 84' lang='lat' dir='ltr'><strong>peccatum.</strong></span> 
     </span>
    </p>
   </div>
   <div class='ocr_carea' id='block_1_44' title="bbox 367 2747 665 2801">
    <p class='ocr_par' dir='ltr' id='par_1_44' title="bbox 367 2747 665 2801">
     <span class='ocr_line' id='line_1_44' title="bbox 367 2747 665 2801; baseline -0.003 0"><span class='ocrx_word' id='word_1_273' title='bbox 367 2747 665 2801; x_wconf 75' lang='grc' dir='ltr'><strong>ἁμαρτίαν.</strong></span> 
     </span>
    </p>
   </div>
   <div class='ocr_carea' id='block_1_45' title="bbox 414 2764 1985 2914">
    <p class='ocr_par' dir='ltr' id='par_1_45' title="bbox 414 2764 1985 2914">
     <span class='ocr_line' id='line_1_45' title="bbox 451 2764 665 2800; baseline 0.009 -2"><span class='ocrx_word' id='word_1_274' title='bbox 451 2764 486 2798; x_wconf 84' lang='grc' dir='ltr'>α</span> <span class='ocrx_word' id='word_1_275' title='bbox 525 2764 665 2800; x_wconf 88' lang='grc' dir='ltr'>τιαν.</span> 
     </span>
     <span class='ocr_line' id='line_1_46' title="bbox 414 2764 1985 2914; baseline 0.013 -25"><span class='ocrx_word' id='word_1_276' title='bbox 414 2764 523 2891; x_wconf 59' lang='lat' dir='ltr'><strong>p50?.</strong></span> <span class='ocrx_word' id='word_1_277' title='bbox 548 2834 682 2892; x_wconf 86' lang='grc' dir='ltr'>Εἷπε</span> <span class='ocrx_word' id='word_1_278' title='bbox 711 2838 946 2910; x_wconf 82' lang='grc' dir='ltr'>Κύριος·</span> <span class='ocrx_word' id='word_1_279' title='bbox 987 2840 1126 2905; x_wconf 79' lang='grc' dir='ltr'>Τοὺς</span> <span class='ocrx_word' id='word_1_280' title='bbox 1157 2839 1232 2912; x_wconf 88' lang='grc'><strong>(1)</strong></span> <span class='ocrx_word' id='word_1_281' title='bbox 1261 2841 1326 2896; x_wconf 81' lang='grc' dir='ltr'>ὲκ</span> <span class='ocrx_word' id='word_1_282' title='bbox 1361 2843 1460 2914; x_wconf 82' lang='grc' dir='ltr'><strong>τῆς</strong></span> <span class='ocrx_word' id='word_1_283' title='bbox 1496 2843 1757 2914; x_wconf 69' lang='grc' dir='ltr'><strong>αἰσχύνης</strong></span> <span class='ocrx_word' id='word_1_284' title='bbox 1805 2842 1926 2894; x_wconf 69' lang='grc' dir='ltr'><strong>ὲπι-</strong></span> <span class='ocrx_word' id='word_1_285' title='bbox 1956 2897 1985 2914; x_wconf 66' lang='grc' dir='ltr'><strong>ι.</strong></span> 
     </span>
    </p>
   </div>
   <div class='ocr_carea' id='block_1_46' title="bbox 2024 2764 3595 2914">
    <p class='ocr_par' dir='ltr' id='par_1_46' title="bbox 2103 2823 3595 2898">
     <span class='ocr_line' id='line_1_47' title="bbox 2103 2823 3595 2898; baseline 0 -20"><span class='ocrx_word' id='word_1_286' title='bbox 2103 2824 2192 2879; x_wconf 87' lang='grc'><strong>50.</strong></span> <span class='ocrx_word' id='word_1_287' title='bbox 2233 2823 2377 2880; x_wconf 80' lang='lat' dir='ltr'><strong>Dixit</strong></span> <span class='ocrx_word' id='word_1_288' title='bbox 2406 2825 2673 2882; x_wconf 90' lang='lat' dir='ltr'><strong>Dominus</strong></span> <span class='ocrx_word' id='word_1_289' title='bbox 2709 2845 2722 2882; x_wconf 90' lang='lat'><strong>:</strong></span> <span class='ocrx_word' id='word_1_290' title='bbox 2752 2840 2869 2891; x_wconf 88' lang='lat' dir='ltr'><strong>eos,</strong></span> <span class='ocrx_word' id='word_1_291' title='bbox 2901 2827 2994 2898; x_wconf 89' lang='lat' dir='ltr'><strong>qui</strong></span> <span class='ocrx_word' id='word_1_292' title='bbox 3018 2842 3082 2882; x_wconf 83' lang='lat' dir='ltr'><strong>ex</strong></span> <span class='ocrx_word' id='word_1_293' title='bbox 3107 2825 3431 2894; x_wconf 78' lang='lat' dir='ltr'><strong>confusione</strong></span> <span class='ocrx_word' id='word_1_294' title='bbox 3447 2835 3595 2885; x_wconf 83' lang='lat' dir='ltr'><strong>sunt.</strong></span> 
     </span>
    </p>
   </div>
   <div class='ocr_carea' id='block_1_47' title="bbox 362 2897 1933 3008">
    <p class='ocr_par' dir='ltr' id='par_1_47' title="bbox 362 2897 1924 3008">
     <span class='ocr_line' id='line_1_48' title="bbox 362 2897 1924 3008; baseline 0.008 -31"><span class='ocrx_word' id='word_1_295' title='bbox 362 2926 581 2996; x_wconf 68' lang='grc' dir='ltr'>στρέψω</span> <span class='ocrx_word' id='word_1_296' title='bbox 601 2944 613 2956; x_wconf 89' lang='grc'>·</span> <span class='ocrx_word' id='word_1_297' title='bbox 662 2897 871 2982; x_wconf 58' lang='lat' dir='ltr'><strong>Bacch-</strong></span> <span class='ocrx_word' id='word_1_298' title='bbox 893 2897 1024 3001; x_wconf 43' lang='grc' dir='ltr'><strong>-γὰρ</strong></span> <span class='ocrx_word' id='word_1_299' title='bbox 1077 2897 1457 3004; x_wconf 35' lang='grc' dir='ltr'>ἐρρηινεύεταιυ</span> <span class='ocrx_word' id='word_1_300' title='bbox 1487 2897 1770 3004; x_wconf 47' lang='grc' dir='ltr'><strong>αὶσέύνῆ,</strong></span> <span class='ocrx_word' id='word_1_301' title='bbox 1805 2937 1924 3008; x_wconf 73' lang='grc' dir='ltr'>ἥτις</span> 
     </span>
    </p>
   </div>
   <div class='ocr_carea' id='block_1_48' title="bbox 2022 2897 3593 3008">
    <p class='ocr_par' dir='ltr' id='par_1_48' title="bbox 2030 2916 3593 2986">
     <span class='ocr_line' id='line_1_49' title="bbox 2030 2916 3593 2986; baseline -0.003 -15"><span class='ocrx_word' id='word_1_302' title='bbox 2030 2925 2341 2972; x_wconf 75' lang='lat' dir='ltr'><strong>convertam</strong></span> <span class='ocrx_word' id='word_1_303' title='bbox 2387 2934 2399 2970; x_wconf 89' lang='lat'>:</span> <span class='ocrx_word' id='word_1_304' title='bbox 2438 2916 2620 2970; x_wconf 83' lang='lat' dir='ltr'><strong>Basan</strong></span> <span class='ocrx_word' id='word_1_305' title='bbox 2662 2916 2804 2972; x_wconf 90' lang='lat' dir='ltr'><strong>enim</strong></span> <span class='ocrx_word' id='word_1_306' title='bbox 2852 2916 3239 2986; x_wconf 90' lang='lat' dir='ltr'><strong>interpretatur</strong></span> <span class='ocrx_word' id='word_1_307' title='bbox 3283 2916 3593 2985; x_wconf 81' lang='lat' dir='ltr'><strong>ignominia,</strong></span> 
     </span>
    </p>
   </div>
   <div class='ocr_carea' id='block_1_49' title="bbox 359 3008 1930 3090">
    <p class='ocr_par' dir='ltr' id='par_1_49' title="bbox 359 3019 804 3090">
     <span class='ocr_line' id='line_1_50' title="bbox 359 3019 804 3090; baseline 0.009 -19"><span class='ocrx_word' id='word_1_308' title='bbox 359 3019 505 3072; x_wconf 73' lang='grc' dir='ltr'>ἐστὶν</span> <span class='ocrx_word' id='word_1_309' title='bbox 532 3021 560 3072; x_wconf 87' lang='grc' dir='ltr'>ὁ</span> <span class='ocrx_word' id='word_1_310' title='bbox 582 3020 804 3090; x_wconf 83' lang='grc' dir='ltr'><strong>κόσμος.</strong></span> 
     </span>
    </p>
   </div>
   <div class='ocr_carea' id='block_1_50' title="bbox 1473 3008 3044 3090">
    <p class='ocr_par' dir='ltr' id='par_1_50' title="bbox 2031 3008 3044 3078">
     <span class='ocr_line' id='line_1_51' title="bbox 2031 3008 3044 3078; baseline -0.001 -15"><span class='ocrx_word' id='word_1_311' title='bbox 2031 3022 2130 3063; x_wconf 89' lang='lat' dir='ltr'><strong>seu</strong></span> <span class='ocrx_word' id='word_1_312' title='bbox 2166 3008 2428 3078; x_wconf 73' lang='lat' dir='ltr'><strong>confusio,</strong></span> <span class='ocrx_word' id='word_1_313' title='bbox 2462 3009 2640 3078; x_wconf 90' lang='lat' dir='ltr'><strong>qualis</strong></span> <span class='ocrx_word' id='word_1_314' title='bbox 2671 3016 2756 3063; x_wconf 91' lang='lat' dir='ltr'><strong>est</strong></span> <span class='ocrx_word' id='word_1_315' title='bbox 2787 3010 3044 3063; x_wconf 90' lang='lat' dir='ltr'><strong>mundus.</strong></span> 
     </span>
    </p>
   </div>
   <div class='ocr_carea' id='block_1_51' title="bbox 431 3099 2002 3189">
    <p class='ocr_par' dir='ltr' id='par_1_51' title="bbox 431 3110 1671 3189">
     <span class='ocr_line' id='line_1_52' title="bbox 431 3110 1671 3189; baseline 0.007 -26"><span class='ocrx_word' id='word_1_316' title='bbox 431 3110 518 3164; x_wconf 85' lang='grc'><strong>51.</strong></span> <span class='ocrx_word' id='word_1_317' title='bbox 565 3111 907 3183; x_wconf 69' lang='grc' dir='ltr'>Ἐπιστρέψω</span> <span class='ocrx_word' id='word_1_318' title='bbox 935 3111 1132 3176; x_wconf 76' lang='grc' dir='ltr'>αὐτοὺς</span> <span class='ocrx_word' id='word_1_319' title='bbox 1151 3112 1244 3165; x_wconf 75' lang='grc' dir='ltr'><strong>ἐπὶ</strong></span> <span class='ocrx_word' id='word_1_320' title='bbox 1268 3113 1326 3166; x_wconf 88' lang='grc' dir='ltr'>τὸ</span> <span class='ocrx_word' id='word_1_321' title='bbox 1365 3113 1671 3189; x_wconf 81' lang='grc' dir='ltr'><strong>βάπτισμα.</strong></span> 
     </span>
    </p>
   </div>
   <div class='ocr_carea' id='block_1_52' title="bbox 1579 3099 3150 3189">
    <p class='ocr_par' dir='ltr' id='par_1_52' title="bbox 1579 3099 3150 3189">
     <span class='ocr_line' id='line_1_53' title="bbox 1579 3099 3150 3189; baseline -0.006 -27"><span class='ocrx_word' id='word_1_322' title='bbox 1579 3133 1671 3189; x_wconf 78' lang='grc' dir='ltr'>μα,</span> <span class='ocrx_word' id='word_1_323' title='bbox 2101 3100 2196 3156; x_wconf 80' lang='grc'><strong>51.</strong></span> <span class='ocrx_word' id='word_1_324' title='bbox 2231 3099 2558 3154; x_wconf 86' lang='lat' dir='ltr'><strong>Convertam</strong></span> <span class='ocrx_word' id='word_1_325' title='bbox 2585 3115 2680 3156; x_wconf 91' lang='lat' dir='ltr'><strong>eos</strong></span> <span class='ocrx_word' id='word_1_326' title='bbox 2709 3100 2777 3156; x_wconf 90' lang='lat' dir='ltr'><strong>ad</strong></span> <span class='ocrx_word' id='word_1_327' title='bbox 2801 3101 3150 3171; x_wconf 88' lang='lat' dir='ltr'><strong>baptismum.</strong></span> 
     </span>
    </p>
   </div>
   <div class='ocr_carea' id='block_1_53' title="bbox 423 3193 3594 3277">
    <p class='ocr_par' dir='ltr' id='par_1_53' title="bbox 423 3193 3594 3277">
     <span class='ocr_line' id='line_1_54' title="bbox 423 3193 3594 3277; baseline 0.001 -22"><span class='ocrx_word' id='word_1_328' title='bbox 423 3201 510 3255; x_wconf 74' lang='lat'><strong>52.</strong></span> <span class='ocrx_word' id='word_1_329' title='bbox 550 3203 737 3266; x_wconf 83' lang='grc' dir='ltr'><strong>Ὅπως</strong></span> <span class='ocrx_word' id='word_1_330' title='bbox 764 3202 828 3255; x_wconf 82' lang='grc' dir='ltr'>ἂν</span> <span class='ocrx_word' id='word_1_331' title='bbox 863 3202 931 3257; x_wconf 78' lang='grc' dir='ltr'><strong>τὰ</strong></span> <span class='ocrx_word' id='word_1_332' title='bbox 963 3203 1247 3257; x_wconf 88' lang='grc' dir='ltr'>τελευταῖα</span> <span class='ocrx_word' id='word_1_333' title='bbox 1277 3205 1385 3260; x_wconf 83' lang='grc' dir='ltr'><strong>τῶν</strong></span> <span class='ocrx_word' id='word_1_334' title='bbox 1409 3205 1588 3277; x_wconf 87' lang='grc' dir='ltr'>μελῶν</span> <span class='ocrx_word' id='word_1_335' title='bbox 1630 3225 1744 3274; x_wconf 87' lang='grc' dir='ltr'>σου,</span> <span class='ocrx_word' id='word_1_336' title='bbox 1771 3227 1926 3263; x_wconf 82' lang='grc' dir='ltr'>τουτ-</span> <span class='ocrx_word' id='word_1_337' title='bbox 2099 3195 2189 3249; x_wconf 66' lang='grc'><strong>52·</strong></span> <span class='ocrx_word' id='word_1_338' title='bbox 2223 3193 2295 3249; x_wconf 71' lang='grc' dir='ltr'><strong>υῑ</strong></span> <span class='ocrx_word' id='word_1_339' title='bbox 2321 3202 2597 3264; x_wconf 66' lang='grc' dir='ltr'><strong>Ροδῑνειηδ</strong></span> <span class='ocrx_word' id='word_1_340' title='bbox 2631 3196 2876 3251; x_wconf 68' lang='lat' dir='ltr'><strong>membra</strong></span> <span class='ocrx_word' id='word_1_341' title='bbox 2934 3208 3057 3261; x_wconf 69' lang='grc' dir='ltr'><strong>ωτι,</strong></span> <span class='ocrx_word' id='word_1_342' title='bbox 3110 3194 3213 3249; x_wconf 71' lang='lat' dir='ltr'><strong>hoc</strong></span> <span class='ocrx_word' id='word_1_343' title='bbox 3257 3201 3341 3248; x_wconf 72' lang='grc' dir='ltr'><strong>εει</strong></span> <span class='ocrx_word' id='word_1_344' title='bbox 3387 3201 3594 3264; x_wconf 69' lang='grc' dir='ltr'><strong>εθηῑοδι</strong></span> 
     </span>
    </p>
   </div>
   <div class='ocr_carea' id='block_1_54' title="bbox 356 3285 1927 3369">
    <p class='ocr_par' dir='ltr' id='par_1_54' title="bbox 356 3291 1680 3369">
     <span class='ocr_line' id='line_1_55' title="bbox 356 3291 1680 3369; baseline 0.006 -22"><span class='ocrx_word' id='word_1_345' title='bbox 356 3291 474 3348; x_wconf 72' lang='grc' dir='ltr'>ἐστι</span> <span class='ocrx_word' id='word_1_346' title='bbox 495 3294 564 3348; x_wconf 80' lang='grc' dir='ltr'><strong>τὰ</strong></span> <span class='ocrx_word' id='word_1_347' title='bbox 589 3295 735 3365; x_wconf 77' lang='grc' dir='ltr'>ἔθνη,</span> <span class='ocrx_word' id='word_1_348' title='bbox 765 3295 1132 3365; x_wconf 83' lang='grc' dir='ltr'>βαπτισθῶσιν</span> <span class='ocrx_word' id='word_1_349' title='bbox 1161 3298 1217 3350; x_wconf 78' lang='grc' dir='ltr'><strong>ἐν</strong></span> <span class='ocrx_word' id='word_1_350' title='bbox 1248 3297 1324 3369; x_wconf 83' lang='grc' dir='ltr'>τῷ</span> <span class='ocrx_word' id='word_1_351' title='bbox 1351 3300 1542 3369; x_wconf 76' lang='grc' dir='ltr'>αἵματί</span> <span class='ocrx_word' id='word_1_352' title='bbox 1567 3319 1680 3356; x_wconf 87' lang='grc' dir='ltr'><strong>σου.</strong></span> 
     </span>
    </p>
   </div>
   <div class='ocr_carea' id='block_1_55' title="bbox 1333 3285 2904 3369">
    <p class='ocr_par' dir='ltr' id='par_1_55' title="bbox 1351 3285 2904 3369">
     <span class='ocr_line' id='line_1_56' title="bbox 1351 3285 2904 3369; baseline -0.004 -24"><span class='ocrx_word' id='word_1_353' title='bbox 1351 3300 1542 3369; x_wconf 73' lang='grc' dir='ltr'>αἵματί</span> <span class='ocrx_word' id='word_1_354' title='bbox 1567 3319 1680 3356; x_wconf 66' lang='grc' dir='ltr'><strong>σου,</strong></span> <span class='ocrx_word' id='word_1_355' title='bbox 2029 3285 2373 3356; x_wconf 84' lang='lat' dir='ltr'><strong>baptizeutur</strong></span> <span class='ocrx_word' id='word_1_356' title='bbox 2405 3287 2458 3340; x_wconf 92' lang='lat' dir='ltr'><strong>in</strong></span> <span class='ocrx_word' id='word_1_357' title='bbox 2494 3287 2760 3358; x_wconf 82' lang='lat' dir='ltr'><strong>sanguine</strong></span> <span class='ocrx_word' id='word_1_358' title='bbox 2792 3295 2904 3342; x_wconf 92' lang='lat' dir='ltr'><strong>tuo.</strong></span> 
     </span>
    </p>
   </div>
   <div class='ocr_carea' id='block_1_56' title="bbox 432 3374 2003 3465">
    <p class='ocr_par' dir='ltr' id='par_1_56' title="bbox 432 3384 1927 3465">
     <span class='ocr_line' id='line_1_57' title="bbox 432 3384 1927 3465; baseline 0.007 -28"><span class='ocrx_word' id='word_1_359' title='bbox 432 3384 526 3439; x_wconf 64' lang='lat'><strong>55-</strong></span> <span class='ocrx_word' id='word_1_360' title='bbox 556 3385 676 3438; x_wconf 88' lang='grc' dir='ltr'>Τῶν</span> <span class='ocrx_word' id='word_1_361' title='bbox 702 3386 869 3440; x_wconf 80' lang='grc' dir='ltr'>ὲθνῶν</span> <span class='ocrx_word' id='word_1_362' title='bbox 899 3387 1096 3453; x_wconf 79' lang='grc' dir='ltr'>αὐτῶν,</span> <span class='ocrx_word' id='word_1_363' title='bbox 1131 3389 1224 3442; x_wconf 76' lang='grc' dir='ltr'>καὶ</span> <span class='ocrx_word' id='word_1_364' title='bbox 1249 3390 1281 3459; x_wconf 87' lang='grc' dir='ltr'><strong>ή</strong></span> <span class='ocrx_word' id='word_1_365' title='bbox 1307 3390 1527 3458; x_wconf 75' lang='grc' dir='ltr'>γλῶσσα</span> <span class='ocrx_word' id='word_1_366' title='bbox 1558 3392 1732 3465; x_wconf 74' lang='grc' dir='ltr'><strong>ἐδάφη</strong></span> <span class='ocrx_word' id='word_1_367' title='bbox 1765 3395 1822 3447; x_wconf 83' lang='grc' dir='ltr'>ὲν</span> <span class='ocrx_word' id='word_1_368' title='bbox 1849 3394 1927 3464; x_wconf 82' lang='grc' dir='ltr'>τῷ</span> 
     </span>
    </p>
   </div>
   <div class='ocr_carea' id='block_1_57' title="bbox 2023 3374 3594 3465">
    <p class='ocr_par' dir='ltr' id='par_1_57' title="bbox 2095 3374 3594 3448">
     <span class='ocr_line' id='line_1_58' title="bbox 2095 3374 3594 3448; baseline -0.001 -18"><span class='ocrx_word' id='word_1_369' title='bbox 2095 3376 2185 3430; x_wconf 82' lang='grc'><strong>55.</strong></span> <span class='ocrx_word' id='word_1_370' title='bbox 2218 3374 2464 3447; x_wconf 82' lang='lat' dir='ltr'><strong>Ipsarum</strong></span> <span class='ocrx_word' id='word_1_371' title='bbox 2518 3377 2798 3448; x_wconf 88' lang='lat' dir='ltr'><strong>gentium,</strong></span> <span class='ocrx_word' id='word_1_372' title='bbox 2844 3387 2897 3433; x_wconf 92' lang='lat' dir='ltr'><strong>et</strong></span> <span class='ocrx_word' id='word_1_373' title='bbox 2951 3378 3133 3448; x_wconf 80' lang='lat' dir='ltr'><strong>lingua</strong></span> <span class='ocrx_word' id='word_1_374' title='bbox 3186 3377 3357 3432; x_wconf 88' lang='lat' dir='ltr'><strong>tincta</strong></span> <span class='ocrx_word' id='word_1_375' title='bbox 3407 3384 3494 3431; x_wconf 85' lang='lat' dir='ltr'><strong>est</strong></span> <span class='ocrx_word' id='word_1_376' title='bbox 3540 3375 3594 3429; x_wconf 89' lang='lat' dir='ltr'><strong>in</strong></span> 
     </span>
    </p>
   </div>
   <div class='ocr_carea' id='block_1_58' title="bbox 360 3467 1931 3555">
    <p class='ocr_par' dir='ltr' id='par_1_58' title="bbox 360 3477 1927 3555">
     <span class='ocr_line' id='line_1_59' title="bbox 360 3477 1927 3555; baseline 0.004 -26"><span class='ocrx_word' id='word_1_377' title='bbox 360 3477 552 3546; x_wconf 78' lang='grc' dir='ltr'>αἵματί</span> <span class='ocrx_word' id='word_1_378' title='bbox 588 3495 682 3532; x_wconf 89' lang='grc' dir='ltr'>σου</span> <span class='ocrx_word' id='word_1_379' title='bbox 723 3477 800 3548; x_wconf 83' lang='grc' dir='ltr'>τῷ</span> <span class='ocrx_word' id='word_1_380' title='bbox 837 3477 1050 3550; x_wconf 84' lang='grc' dir='ltr'>θανάτῳ</span> <span class='ocrx_word' id='word_1_381' title='bbox 1084 3479 1180 3550; x_wconf 72' lang='lat'><strong>(9!),</strong></span> <span class='ocrx_word' id='word_1_382' title='bbox 1208 3481 1294 3533; x_wconf 82' lang='grc' dir='ltr'>ὅτε</span> <span class='ocrx_word' id='word_1_383' title='bbox 1325 3483 1681 3555; x_wconf 60' lang='grc' dir='ltr'><strong>ἐπέστρεψαν,</strong></span> <span class='ocrx_word' id='word_1_384' title='bbox 1708 3487 1772 3538; x_wconf 83' lang='grc' dir='ltr'>ὲκ</span> <span class='ocrx_word' id='word_1_385' title='bbox 1820 3485 1927 3538; x_wconf 81' lang='grc' dir='ltr'><strong>τῶν</strong></span> 
     </span>
    </p>
   </div>
   <div class='ocr_carea' id='block_1_59' title="bbox 2025 3467 3596 3555">
    <p class='ocr_par' dir='ltr' id='par_1_59' title="bbox 2030 3467 3596 3541">
     <span class='ocr_line' id='line_1_60' title="bbox 2030 3467 3596 3541; baseline 0.001 -21"><span class='ocrx_word' id='word_1_386' title='bbox 2030 3467 2299 3538; x_wconf 82' lang='lat' dir='ltr'><strong>sanguine</strong></span> <span class='ocrx_word' id='word_1_387' title='bbox 2332 3477 2428 3524; x_wconf 90' lang='lat' dir='ltr'><strong>tuo</strong></span> <span class='ocrx_word' id='word_1_388' title='bbox 2455 3484 2555 3541; x_wconf 90' lang='lat' dir='ltr'><strong>per</strong></span> <span class='ocrx_word' id='word_1_389' title='bbox 2579 3480 2833 3537; x_wconf 86' lang='lat' dir='ltr'><strong>mortem,</strong></span> <span class='ocrx_word' id='word_1_390' title='bbox 2867 3470 3089 3541; x_wconf 85' lang='lat' dir='ltr'><strong>quando</strong></span> <span class='ocrx_word' id='word_1_391' title='bbox 3117 3478 3504 3526; x_wconf 82' lang='lat' dir='ltr'><strong>converterunt</strong></span> <span class='ocrx_word' id='word_1_392' title='bbox 3537 3482 3596 3522; x_wconf 81' lang='lat' dir='ltr'><strong>se</strong></span> 
     </span>
    </p>
   </div>
   <div class='ocr_carea' id='block_1_60' title="bbox 359 3559 1930 3628">
    <p class='ocr_par' dir='ltr' id='par_1_60' title="bbox 359 3568 548 3622">
     <span class='ocr_line' id='line_1_61' title="bbox 359 3568 548 3622; baseline 0.011 -2"><span class='ocrx_word' id='word_1_393' title='bbox 359 3568 548 3622; x_wconf 83' lang='grc' dir='ltr'>ἐθνῶν.</span> 
     </span>
    </p>
   </div>
   <div class='ocr_carea' id='block_1_61' title="bbox 831 3559 2402 3628">
    <p class='ocr_par' dir='ltr' id='par_1_61' title="bbox 2026 3559 2402 3628">
     <span class='ocr_line' id='line_1_62' title="bbox 2026 3559 2402 3628; baseline 0.013 -17"><span class='ocrx_word' id='word_1_394' title='bbox 2026 3571 2106 3612; x_wconf 66' lang='grc' dir='ltr'><strong>θιι</strong></span> <span class='ocrx_word' id='word_1_395' title='bbox 2131 3559 2402 3628; x_wconf 84' lang='lat' dir='ltr'><strong>gentibus.</strong></span> 
     </span>
    </p>
   </div>
   <div class='ocr_carea' id='block_1_62' title="bbox 429 3645 2000 3738">
    <p class='ocr_par' dir='ltr' id='par_1_62' title="bbox 429 3661 1588 3738">
     <span class='ocr_line' id='line_1_63' title="bbox 429 3661 1588 3738; baseline 0.005 -23"><span class='ocrx_word' id='word_1_396' title='bbox 429 3661 514 3718; x_wconf 77' lang='lat'><strong>54.</strong></span> <span class='ocrx_word' id='word_1_397' title='bbox 550 3662 629 3715; x_wconf 81' lang='grc' dir='ltr'><strong>Τὰ</strong></span> <span class='ocrx_word' id='word_1_398' title='bbox 657 3662 1000 3734; x_wconf 81' lang='grc' dir='ltr'>δικαιώματά</span> <span class='ocrx_word' id='word_1_399' title='bbox 1024 3682 1115 3717; x_wconf 91' lang='grc' dir='ltr'>σου</span> <span class='ocrx_word' id='word_1_400' title='bbox 1147 3665 1588 3738; x_wconf 82' lang='grc' dir='ltr'><strong>ὲπεγνώσθησαν.</strong></span> 
     </span>
    </p>
   </div>
   <div class='ocr_carea' id='block_1_63' title="bbox 1648 3645 3219 3738">
    <p class='ocr_par' dir='ltr' id='par_1_63' title="bbox 2099 3645 3219 3720">
     <span class='ocr_line' id='line_1_64' title="bbox 2099 3645 3219 3720; baseline 0.004 -20"><span class='ocrx_word' id='word_1_401' title='bbox 2099 3645 2190 3700; x_wconf 87' lang='lat'><strong>54.</strong></span> <span class='ocrx_word' id='word_1_402' title='bbox 2225 3645 2657 3704; x_wconf 84' lang='lat' dir='ltr'><strong>Justiﬁcationes</strong></span> <span class='ocrx_word' id='word_1_403' title='bbox 2686 3657 2794 3704; x_wconf 82' lang='lat' dir='ltr'><strong>tuae</strong></span> <span class='ocrx_word' id='word_1_404' title='bbox 2819 3649 3049 3720; x_wconf 64' lang='lat' dir='ltr'><strong>cognitae</strong></span> <span class='ocrx_word' id='word_1_405' title='bbox 3074 3659 3219 3704; x_wconf 91' lang='lat' dir='ltr'><strong>sunt.</strong></span> 
     </span>
    </p>
   </div>
   <div class='ocr_carea' id='block_1_64' title="bbox 351 3737 1922 3830">
    <p class='ocr_par' dir='ltr' id='par_1_64' title="bbox 351 3737 1850 3830">
     <span class='ocr_line' id='line_1_65' title="bbox 351 3737 1850 3830; baseline 0.003 -22"><span class='ocrx_word' id='word_1_406' title='bbox 351 3755 356 3758; x_wconf 90' lang='grc'><strong>·</strong></span> <span class='ocrx_word' id='word_1_407' title='bbox 429 3752 518 3808; x_wconf 77' lang='lat'><strong>55.</strong></span> <span class='ocrx_word' id='word_1_408' title='bbox 544 3755 611 3808; x_wconf 77' lang='lat' dir='ltr'><strong>At</strong></span> <span class='ocrx_word' id='word_1_409' title='bbox 643 3754 852 3809; x_wconf 72' lang='grc' dir='ltr'>ἐντολαὶ</span> <span class='ocrx_word' id='word_1_410' title='bbox 883 3756 976 3808; x_wconf 85' lang='grc' dir='ltr'>τοῦ</span> <span class='ocrx_word' id='word_1_411' title='bbox 1002 3755 1131 3810; x_wconf 82' lang='grc' dir='ltr'>Υἱοῦ</span> <span class='ocrx_word' id='word_1_412' title='bbox 1165 3757 1258 3809; x_wconf 76' lang='grc' dir='ltr'>τοῦ</span> <span class='ocrx_word' id='word_1_413' title='bbox 1290 3737 1520 3820; x_wconf 55' lang='lat' dir='ltr'><strong>ams</strong></span> <span class='ocrx_word' id='word_1_414' title='bbox 1546 3758 1625 3830; x_wconf 81' lang='grc' dir='ltr'><strong>τῷ</strong></span> <span class='ocrx_word' id='word_1_415' title='bbox 1654 3757 1850 3829; x_wconf 79' lang='grc' dir='ltr'><strong>Πατρι.</strong></span> 
     </span>
    </p>
   </div>
   <div class='ocr_carea' id='block_1_65' title="bbox 1629 3737 3200 3830">
    <p class='ocr_par' dir='ltr' id='par_1_65' title="bbox 1654 3737 3200 3830">
     <span class='ocr_line' id='line_1_66' title="bbox 1654 3737 3200 3830; baseline -0.002 -32"><span class='ocrx_word' id='word_1_416' title='bbox 1654 3757 1850 3829; x_wconf 63' lang='grc' dir='ltr'><strong>Πατρι,</strong></span> <span class='ocrx_word' id='word_1_417' title='bbox 2224 3737 2499 3810; x_wconf 63' lang='lat' dir='ltr'><strong>Praecepta</strong></span> <span class='ocrx_word' id='word_1_418' title='bbox 2527 3739 2671 3806; x_wconf 85' lang='lat' dir='ltr'><strong>Filii,</strong></span> <span class='ocrx_word' id='word_1_419' title='bbox 2695 3741 2790 3810; x_wconf 89' lang='lat' dir='ltr'><strong>qui</strong></span> <span class='ocrx_word' id='word_1_420' title='bbox 2815 3750 2900 3796; x_wconf 88' lang='lat' dir='ltr'><strong>est</strong></span> <span class='ocrx_word' id='word_1_421' title='bbox 2937 3741 2990 3794; x_wconf 87' lang='lat' dir='ltr'><strong>in</strong></span> <span class='ocrx_word' id='word_1_422' title='bbox 3021 3740 3200 3796; x_wconf 89' lang='lat' dir='ltr'><strong>Patre.</strong></span> 
     </span>
    </p>
   </div>
   <div class='ocr_carea' id='block_1_66' title="bbox 432 3829 2003 3920">
    <p class='ocr_par' dir='ltr' id='par_1_66' title="bbox 432 3829 1928 3920">
     <span class='ocr_line' id='line_1_67' title="bbox 432 3829 1928 3920; baseline 0.003 -23"><span class='ocrx_word' id='word_1_423' title='bbox 432 3843 515 3898; x_wconf 88' lang='lat'><strong>56.</strong></span> <span class='ocrx_word' id='word_1_424' title='bbox 543 3847 605 3898; x_wconf 89' lang='grc' dir='ltr'><strong>υἱ</strong></span> <span class='ocrx_word' id='word_1_425' title='bbox 631 3845 920 3916; x_wconf 79' lang='grc' dir='ltr'>ἡγούμενοι</span> <span class='ocrx_word' id='word_1_426' title='bbox 945 3847 1053 3901; x_wconf 89' lang='grc' dir='ltr'><strong>τῶν</strong></span> <span class='ocrx_word' id='word_1_427' title='bbox 1104 3848 1438 3918; x_wconf 81' lang='grc' dir='ltr'>μοναζὸντων</span> <span class='ocrx_word' id='word_1_428' title='bbox 1474 3829 1634 3920; x_wconf 77' lang='grc' dir='ltr'>ἦλθον</span> <span class='ocrx_word' id='word_1_429' title='bbox 1657 3851 1734 3913; x_wconf 74' lang='grc' dir='ltr'><strong>εἰς</strong></span> <span class='ocrx_word' id='word_1_430' title='bbox 1756 3849 1928 3903; x_wconf 80' lang='grc' dir='ltr'><strong>ἀπάν-</strong></span> 
     </span>
    </p>
   </div>
   <div class='ocr_carea' id='block_1_67' title="bbox 2024 3829 3595 3920">
    <p class='ocr_par' dir='ltr' id='par_1_67' title="bbox 2096 3829 3595 3887">
     <span class='ocr_line' id='line_1_68' title="bbox 2096 3829 3595 3887; baseline 0.001 -3"><span class='ocrx_word' id='word_1_431' title='bbox 2096 3829 2185 3884; x_wconf 88' lang='grc'><strong>56.</strong></span> <span class='ocrx_word' id='word_1_432' title='bbox 2219 3830 2485 3887; x_wconf 67' lang='lat' dir='ltr'><strong>Praesides</strong></span> <span class='ocrx_word' id='word_1_433' title='bbox 2512 3833 2907 3886; x_wconf 86' lang='lat' dir='ltr'><strong>monachorum</strong></span> <span class='ocrx_word' id='word_1_434' title='bbox 2936 3840 3202 3887; x_wconf 83' lang='lat' dir='ltr'><strong>venerunt</strong></span> <span class='ocrx_word' id='word_1_435' title='bbox 3245 3832 3458 3886; x_wconf 86' lang='lat' dir='ltr'><strong>obviam</strong></span> <span class='ocrx_word' id='word_1_436' title='bbox 3488 3830 3595 3885; x_wconf 87' lang='lat' dir='ltr'><strong>Do-</strong></span> 
     </span>
    </p>
   </div>
   <div class='ocr_carea' id='block_1_68' title="bbox 359 3920 1930 4011">
    <p class='ocr_par' dir='ltr' id='par_1_68' title="bbox 359 3937 1920 4011">
     <span class='ocr_line' id='line_1_69' title="bbox 359 3937 1920 4011; baseline 0.001 -21"><span class='ocrx_word' id='word_1_437' title='bbox 359 3954 516 4008; x_wconf 83' lang='grc' dir='ltr'>τησιν</span> <span class='ocrx_word' id='word_1_438' title='bbox 545 3937 636 3991; x_wconf 78' lang='grc' dir='ltr'>τοῦ</span> <span class='ocrx_word' id='word_1_439' title='bbox 675 3937 880 4008; x_wconf 81' lang='grc' dir='ltr'>Κυρίου</span> <span class='ocrx_word' id='word_1_440' title='bbox 914 3937 1233 4008; x_wconf 79' lang='grc' dir='ltr'>κατέχοντος</span> <span class='ocrx_word' id='word_1_441' title='bbox 1267 3939 1343 4011; x_wconf 76' lang='lat'><strong>(3)</strong></span> <span class='ocrx_word' id='word_1_442' title='bbox 1392 3940 1519 4003; x_wconf 78' lang='grc' dir='ltr'>τοὺς</span> <span class='ocrx_word' id='word_1_443' title='bbox 1565 3939 1773 3994; x_wconf 79' lang='grc' dir='ltr'>ἑαυτῶν</span> <span class='ocrx_word' id='word_1_444' title='bbox 1825 3957 1920 4011; x_wconf 85' lang='grc' dir='ltr'><strong>μα-</strong></span> 
     </span>
    </p>
   </div>
   <div class='ocr_carea' id='block_1_69' title="bbox 1612 3920 3183 4011">
    <p class='ocr_par' dir='ltr' id='par_1_69' title="bbox 1612 3920 3183 4011">
     <span class='ocr_line' id='line_1_70' title="bbox 1612 3920 3183 4011; baseline -0.002 -31"><span class='ocrx_word' id='word_1_445' title='bbox 1612 3939 1773 3993; x_wconf 77' lang='grc' dir='ltr'><strong>ιυτῶν</strong></span> <span class='ocrx_word' id='word_1_446' title='bbox 1825 3957 1920 4011; x_wconf 75' lang='grc' dir='ltr'><strong>μα-</strong></span> <span class='ocrx_word' id='word_1_447' title='bbox 2026 3920 2386 3979; x_wconf 78' lang='lat' dir='ltr'><strong>minosecum</strong></span> <span class='ocrx_word' id='word_1_448' title='bbox 2417 3923 2678 3980; x_wconf 88' lang='lat' dir='ltr'><strong>habentes</strong></span> <span class='ocrx_word' id='word_1_449' title='bbox 2711 3938 2841 3978; x_wconf 92' lang='lat' dir='ltr'><strong>suos</strong></span> <span class='ocrx_word' id='word_1_450' title='bbox 2869 3924 3183 3994; x_wconf 88' lang='lat' dir='ltr'><strong>discipulos.</strong></span> 
     </span>
    </p>
   </div>
   <div class='ocr_carea' id='block_1_70' title="bbox 359 4025 547 4097">
    <p class='ocr_par' dir='ltr' id='par_1_70' title="bbox 359 4025 547 4097">
     <span class='ocr_line' id='line_1_71' title="bbox 359 4025 547 4097; baseline 0.021 -19"><span class='ocrx_word' id='word_1_451' title='bbox 359 4025 547 4097; x_wconf 79' lang='grc' dir='ltr'><strong>θητάς.</strong></span> 
     </span>
    </p>
   </div>
   <div class='ocr_carea' id='block_1_71' title="bbox 429 4107 2000 4190">
    <p class='ocr_par' dir='ltr' id='par_1_71' title="bbox 429 4115 1918 4190">
     <span class='ocr_line' id='line_1_72' title="bbox 429 4115 1918 4190; baseline 0.003 -22"><span class='ocrx_word' id='word_1_452' title='bbox 429 4115 516 4169; x_wconf 87' lang='grc'><strong>57.</strong></span> <span class='ocrx_word' id='word_1_453' title='bbox 555 4117 644 4170; x_wconf 85' lang='grc' dir='ltr'><strong>Ἐν</strong></span> <span class='ocrx_word' id='word_1_454' title='bbox 674 4117 839 4190; x_wconf 82' lang='grc' dir='ltr'><strong>μέσῳ’</strong></span> <span class='ocrx_word' id='word_1_455' title='bbox 866 4118 986 4189; x_wconf 67' lang='grc' dir='ltr'>τῶνι</span> <span class='ocrx_word' id='word_1_456' title='bbox 1007 4119 1194 4190; x_wconf 79' lang='grc' dir='ltr'>ψυχῶν</span> <span class='ocrx_word' id='word_1_457' title='bbox 1227 4118 1336 4173; x_wconf 89' lang='grc' dir='ltr'><strong>τῶν</strong></span> <span class='ocrx_word' id='word_1_458' title='bbox 1367 4119 1562 4173; x_wconf 74' lang='grc' dir='ltr'>νεωστὶ</span> <span class='ocrx_word' id='word_1_459' title='bbox 1607 4119 1683 4190; x_wconf 87' lang='lat'><strong>(4)</strong></span> <span class='ocrx_word' id='word_1_460' title='bbox 1718 4119 1918 4173; x_wconf 72' lang='lat' dir='ltr'><strong>dmem-</strong></span> 
     </span>
    </p>
   </div>
   <div class='ocr_carea' id='block_1_72' title="bbox 2020 4107 3591 4190">
    <p class='ocr_par' dir='ltr' id='par_1_72' title="bbox 2092 4107 3591 4178">
     <span class='ocr_line' id='line_1_73' title="bbox 2092 4107 3591 4178; baseline -0.001 -14"><span class='ocrx_word' id='word_1_461' title='bbox 2092 4107 2183 4164; x_wconf 90' lang='grc'><strong>57.</strong></span> <span class='ocrx_word' id='word_1_462' title='bbox 2220 4108 2280 4162; x_wconf 89' lang='lat' dir='ltr'><strong>In</strong></span> <span class='ocrx_word' id='word_1_463' title='bbox 2323 4107 2504 4163; x_wconf 92' lang='lat' dir='ltr'><strong>medio</strong></span> <span class='ocrx_word' id='word_1_464' title='bbox 2538 4109 2871 4171; x_wconf 89' lang='lat' dir='ltr'><strong>animarum,</strong></span> <span class='ocrx_word' id='word_1_465' title='bbox 2910 4109 3004 4178; x_wconf 93' lang='lat' dir='ltr'><strong>qui</strong></span> <span class='ocrx_word' id='word_1_466' title='bbox 3037 4117 3282 4163; x_wconf 88' lang='lat' dir='ltr'><strong>recenter</strong></span> <span class='ocrx_word' id='word_1_467' title='bbox 3311 4108 3591 4162; x_wconf 61' lang='lat' dir='ltr'><strong>renuntm-</strong></span> 
     </span>
    </p>
   </div>
   <div class='ocr_carea' id='block_1_73' title="bbox 359 4199 1930 4301">
    <p class='ocr_par' dir='ltr' id='par_1_73' title="bbox 359 4205 1568 4282">
     <span class='ocr_line' id='line_1_74' title="bbox 359 4205 1568 4282; baseline 0.005 -24"><span class='ocrx_word' id='word_1_468' title='bbox 359 4205 604 4276; x_wconf 82' lang='grc' dir='ltr'>ξαμένων</span> <span class='ocrx_word' id='word_1_469' title='bbox 626 4209 718 4262; x_wconf 76' lang='grc' dir='ltr'>καὶ</span> <span class='ocrx_word' id='word_1_470' title='bbox 752 4209 1058 4282; x_wconf 88' lang='grc' dir='ltr'>νεκρουσῶν</span> <span class='ocrx_word' id='word_1_471' title='bbox 1080 4210 1149 4263; x_wconf 86' lang='grc' dir='ltr'><strong>τὰ</strong></span> <span class='ocrx_word' id='word_1_472' title='bbox 1178 4209 1312 4282; x_wconf 82' lang='grc' dir='ltr'><strong>μέλη</strong></span> <span class='ocrx_word' id='word_1_473' title='bbox 1341 4211 1568 4264; x_wconf 82' lang='grc' dir='ltr'>ἑαυτῶν.</span> 
     </span>
    </p>
   </div>
   <div class='ocr_carea' id='block_1_74' title="bbox 2020 4199 3591 4301">
    <p class='ocr_par' dir='ltr' id='par_1_74' title="bbox 2026 4199 3591 4264">
     <span class='ocr_line' id='line_1_75' title="bbox 2026 4199 3591 4264; baseline 0 -10"><span class='ocrx_word' id='word_1_474' title='bbox 2026 4209 2222 4255; x_wconf 82' lang='lat' dir='ltr'><strong>verunt</strong></span> <span class='ocrx_word' id='word_1_475' title='bbox 2280 4199 2526 4264; x_wconf 89' lang='lat' dir='ltr'><strong>mundo,</strong></span> <span class='ocrx_word' id='word_1_476' title='bbox 2575 4208 2630 4254; x_wconf 91' lang='lat' dir='ltr'><strong>et</strong></span> <span class='ocrx_word' id='word_1_477' title='bbox 2682 4199 3150 4254; x_wconf 83' lang='lat' dir='ltr'><strong>mortiﬁcaverunt</strong></span> <span class='ocrx_word' id='word_1_478' title='bbox 3192 4199 3435 4254; x_wconf 89' lang='lat' dir='ltr'><strong>membra</strong></span> <span class='ocrx_word' id='word_1_479' title='bbox 3470 4214 3591 4254; x_wconf 86' lang='lat' dir='ltr'><strong>sua.</strong></span> 
     </span>
    </p>
   </div>
   <div class='ocr_carea' id='block_1_75' title="bbox 427 4291 1998 4371">
    <p class='ocr_par' dir='ltr' id='par_1_75' title="bbox 427 4291 1994 4371">
     <span class='ocr_line' id='line_1_76' title="bbox 427 4291 1994 4371; baseline 0.002 -21"><span class='ocrx_word' id='word_1_480' title='bbox 427 4295 515 4351; x_wconf 87' lang='lat'><strong>58.</strong></span> <span class='ocrx_word' id='word_1_481' title='bbox 558 4298 644 4350; x_wconf 86' lang='grc' dir='ltr'><strong>Ἑν</strong></span> <span class='ocrx_word' id='word_1_482' title='bbox 698 4302 808 4362; x_wconf 87' lang='grc' dir='ltr'>τοῖς</span> <span class='ocrx_word' id='word_1_483' title='bbox 850 4299 1066 4371; x_wconf 83' lang='grc' dir='ltr'><strong>μέλεσιν</strong></span> <span class='ocrx_word' id='word_1_484' title='bbox 1119 4299 1273 4371; x_wconf 84' lang='grc' dir='ltr'>ὑμῶν</span> <span class='ocrx_word' id='word_1_485' title='bbox 1337 4299 1611 4368; x_wconf 71' lang='grc' dir='ltr'>εὐλογεῖτε</span> <span class='ocrx_word' id='word_1_486' title='bbox 1663 4300 1754 4353; x_wconf 89' lang='grc' dir='ltr'>τὸν</span> <span class='ocrx_word' id='word_1_487' title='bbox 1795 4300 1925 4354; x_wconf 85' lang='grc' dir='ltr'>Θεὸν</span> <span class='ocrx_word' id='word_1_488' title='bbox 1958 4291 1994 4301; x_wconf 71' lang='grc'><strong>”</strong></span> 
     </span>
    </p>
   </div>
   <div class='ocr_carea' id='block_1_76' title="bbox 2022 4291 3593 4371">
    <p class='ocr_par' dir='ltr' id='par_1_76' title="bbox 2101 4291 3593 4362">
     <span class='ocr_line' id='line_1_77' title="bbox 2101 4291 3593 4362; baseline -0.003 -12"><span class='ocrx_word' id='word_1_489' title='bbox 2101 4294 2190 4350; x_wconf 89' lang='grc'><strong>58.</strong></span> <span class='ocrx_word' id='word_1_490' title='bbox 2230 4296 2288 4348; x_wconf 88' lang='lat' dir='ltr'><strong>In</strong></span> <span class='ocrx_word' id='word_1_491' title='bbox 2316 4293 2578 4348; x_wconf 89' lang='lat' dir='ltr'><strong>membris</strong></span> <span class='ocrx_word' id='word_1_492' title='bbox 2608 4295 2806 4348; x_wconf 83' lang='lat' dir='ltr'><strong>vestris</strong></span> <span class='ocrx_word' id='word_1_493' title='bbox 2829 4291 3130 4349; x_wconf 77' lang='lat' dir='ltr'><strong>benedieite</strong></span> <span class='ocrx_word' id='word_1_494' title='bbox 3169 4291 3302 4358; x_wconf 91' lang='lat' dir='ltr'><strong>Deo,</strong></span> <span class='ocrx_word' id='word_1_495' title='bbox 3329 4294 3593 4362; x_wconf 82' lang='lat' dir='ltr'><strong>quemad-</strong></span> 
     </span>
    </p>
   </div>
   <div class='ocr_carea' id='block_1_77' title="bbox 357 4383 1928 4462">
    <p class='ocr_par' dir='ltr' id='par_1_77' title="bbox 357 4385 1903 4462">
     <span class='ocr_line' id='line_1_78' title="bbox 357 4385 1903 4462; baseline 0.003 -21"><span class='ocrx_word' id='word_1_496' title='bbox 357 4385 455 4455; x_wconf 80' lang='lat'><strong>(5),</strong></span> <span class='ocrx_word' id='word_1_497' title='bbox 510 4389 693 4453; x_wconf 88' lang='grc' dir='ltr'>καθὼς</span> <span class='ocrx_word' id='word_1_498' title='bbox 733 4391 1056 4462; x_wconf 80' lang='grc' dir='ltr'><strong>γέγραπται·</strong></span> <span class='ocrx_word' id='word_1_499' title='bbox 1093 4393 1213 4444; x_wconf 89' lang='grc' dir='ltr'>Ὅτι</span> <span class='ocrx_word' id='word_1_500' title='bbox 1234 4389 1406 4460; x_wconf 83' lang='grc' dir='ltr'>ὑμεῖς</span> <span class='ocrx_word' id='word_1_501' title='bbox 1419 4391 1566 4457; x_wconf 79' lang='grc' dir='ltr'><strong>ναὸς</strong></span> <span class='ocrx_word' id='word_1_502' title='bbox 1591 4390 1738 4445; x_wconf 85' lang='grc' dir='ltr'>Θεοῦ</span> <span class='ocrx_word' id='word_1_503' title='bbox 1763 4391 1903 4445; x_wconf 85' lang='grc' dir='ltr'><strong>ἐστε</strong></span> 
     </span>
    </p>
   </div>
   <div class='ocr_carea' id='block_1_78' title="bbox 2022 4383 3593 4462">
    <p class='ocr_par' dir='ltr' id='par_1_78' title="bbox 2027 4383 3593 4455">
     <span class='ocr_line' id='line_1_79' title="bbox 2027 4383 3593 4455; baseline -0.003 -15"><span class='ocrx_word' id='word_1_504' title='bbox 2027 4386 2248 4441; x_wconf 92' lang='lat' dir='ltr'><strong>modum</strong></span> <span class='ocrx_word' id='word_1_505' title='bbox 2281 4386 2545 4455; x_wconf 88' lang='lat' dir='ltr'><strong>scriptum</strong></span> <span class='ocrx_word' id='word_1_506' title='bbox 2587 4395 2671 4440; x_wconf 90' lang='lat' dir='ltr'><strong>est</strong></span> <span class='ocrx_word' id='word_1_507' title='bbox 2699 4403 2713 4439; x_wconf 90' lang='lat'><strong>:</strong></span> <span class='ocrx_word' id='word_1_508' title='bbox 2746 4385 2870 4455; x_wconf 83' lang='lat' dir='ltr'><strong>quia</strong></span> <span class='ocrx_word' id='word_1_509' title='bbox 2907 4402 2993 4440; x_wconf 86' lang='lat' dir='ltr'><strong>vos</strong></span> <span class='ocrx_word' id='word_1_510' title='bbox 3027 4384 3269 4454; x_wconf 79' lang='lat' dir='ltr'><strong>templum</strong></span> <span class='ocrx_word' id='word_1_511' title='bbox 3312 4383 3412 4438; x_wconf 84' lang='lat' dir='ltr'><strong>Dei</strong></span> <span class='ocrx_word' id='word_1_512' title='bbox 3447 4386 3593 4448; x_wconf 77' lang='lat' dir='ltr'><strong>estis,</strong></span> 
     </span>
    </p>
   </div>
   <div class='ocr_carea' id='block_1_79' title="bbox 355 4478 1926 4552">
    <p class='ocr_par' dir='ltr' id='par_1_79' title="bbox 355 4478 1605 4552">
     <span class='ocr_line' id='line_1_80' title="bbox 355 4478 1605 4552; baseline 0.005 -22"><span class='ocrx_word' id='word_1_513' title='bbox 355 4478 453 4531; x_wconf 79' lang='grc' dir='ltr'>καὶ</span> <span class='ocrx_word' id='word_1_514' title='bbox 484 4479 548 4531; x_wconf 83' lang='grc' dir='ltr'>τὸ</span> <span class='ocrx_word' id='word_1_515' title='bbox 580 4479 822 4550; x_wconf 75' lang='grc' dir='ltr'>Πνεῦμα</span> <span class='ocrx_word' id='word_1_516' title='bbox 849 4483 954 4535; x_wconf 85' lang='grc' dir='ltr'>τοῦ</span> <span class='ocrx_word' id='word_1_517' title='bbox 991 4482 1138 4535; x_wconf 85' lang='grc' dir='ltr'><strong>Θεοῦ</strong></span> <span class='ocrx_word' id='word_1_518' title='bbox 1176 4482 1330 4536; x_wconf 74' lang='grc' dir='ltr'>οἰκεῖ</span> <span class='ocrx_word' id='word_1_519' title='bbox 1354 4483 1605 4552; x_wconf 81' lang='grc' dir='ltr'><strong>ὲνὺμῐν.</strong></span> 
     </span>
    </p>
   </div>
   <div class='ocr_carea' id='block_1_80' title="bbox 1481 4478 3052 4552">
    <p class='ocr_par' dir='ltr' id='par_1_80' title="bbox 1481 4478 3052 4552">
     <span class='ocr_line' id='line_1_81' title="bbox 1481 4478 3052 4552; baseline -0.004 -15"><span class='ocrx_word' id='word_1_520' title='bbox 1481 4483 1605 4552; x_wconf 85' lang='grc' dir='ltr'><strong>μῐν.</strong></span> <span class='ocrx_word' id='word_1_521' title='bbox 2025 4489 2075 4534; x_wconf 88' lang='lat' dir='ltr'><strong>et</strong></span> <span class='ocrx_word' id='word_1_522' title='bbox 2111 4478 2344 4548; x_wconf 85' lang='lat' dir='ltr'><strong>Spiritus</strong></span> <span class='ocrx_word' id='word_1_523' title='bbox 2371 4478 2465 4532; x_wconf 86' lang='lat' dir='ltr'><strong>Dei</strong></span> <span class='ocrx_word' id='word_1_524' title='bbox 2501 4478 2704 4532; x_wconf 84' lang='lat' dir='ltr'><strong>habitat</strong></span> <span class='ocrx_word' id='word_1_525' title='bbox 2729 4479 2783 4532; x_wconf 82' lang='lat' dir='ltr'><strong>in</strong></span> <span class='ocrx_word' id='word_1_526' title='bbox 2819 4479 2960 4533; x_wconf 83' lang='lat' dir='ltr'><strong>vobis</strong></span> <span class='ocrx_word' id='word_1_527' title='bbox 2985 4479 3052 4530; x_wconf 70' lang='grc' dir='ltr'><strong>υ.</strong></span> 
     </span>
    </p>
   </div>
   <div class='ocr_carea' id='block_1_81' title="bbox 426 4569 1997 4648">
    <p class='ocr_par' dir='ltr' id='par_1_81' title="bbox 426 4569 1926 4648">
     <span class='ocr_line' id='line_1_82' title="bbox 426 4569 1926 4648; baseline 0.004 -24"><span class='ocrx_word' id='word_1_528' title='bbox 426 4569 513 4626; x_wconf 89' lang='lat'><strong>59.</strong></span> <span class='ocrx_word' id='word_1_529' title='bbox 544 4571 746 4643; x_wconf 81' lang='grc' dir='ltr'><strong>Κύριον</strong></span> <span class='ocrx_word' id='word_1_530' title='bbox 791 4576 855 4627; x_wconf 84' lang='grc' dir='ltr'>ὲκ</span> <span class='ocrx_word' id='word_1_531' title='bbox 903 4575 1011 4628; x_wconf 88' lang='grc' dir='ltr'><strong>τῶν</strong></span> <span class='ocrx_word' id='word_1_532' title='bbox 1063 4574 1298 4648; x_wconf 89' lang='grc' dir='ltr'>καρδιῶν</span> <span class='ocrx_word' id='word_1_533' title='bbox 1336 4575 1490 4646; x_wconf 81' lang='grc' dir='ltr'>ὑμῶν</span> <span class='ocrx_word' id='word_1_534' title='bbox 1549 4574 1800 4641; x_wconf 82' lang='grc' dir='ltr'>δοξάζετε</span> <span class='ocrx_word' id='word_1_535' title='bbox 1829 4575 1926 4646; x_wconf 89' lang='grc'><strong>(6)·</strong></span> 
     </span>
    </p>
   </div>
   <div class='ocr_carea' id='block_1_82' title="bbox 2026 4569 3597 4648">
    <p class='ocr_par' dir='ltr' id='par_1_82' title="bbox 2101 4569 3597 4641">
     <span class='ocr_line' id='line_1_83' title="bbox 2101 4569 3597 4641; baseline -0.001 -15"><span class='ocrx_word' id='word_1_536' title='bbox 2101 4571 2193 4626; x_wconf 87' lang='grc'><strong>59.</strong></span> <span class='ocrx_word' id='word_1_537' title='bbox 2233 4570 2464 4624; x_wconf 88' lang='lat' dir='ltr'><strong>Domino</strong></span> <span class='ocrx_word' id='word_1_538' title='bbox 2492 4585 2522 4626; x_wconf 91' lang='lat' dir='ltr'><strong>e</strong></span> <span class='ocrx_word' id='word_1_539' title='bbox 2559 4571 2818 4626; x_wconf 86' lang='lat' dir='ltr'><strong>cordibus</strong></span> <span class='ocrx_word' id='word_1_540' title='bbox 2853 4571 3050 4626; x_wconf 76' lang='lat' dir='ltr'><strong>vestris</strong></span> <span class='ocrx_word' id='word_1_541' title='bbox 3076 4569 3597 4641; x_wconf 73' lang='lat' dir='ltr'><strong>glorilicatezlsrael</strong></span> 
     </span>
    </p>
   </div>
   <div class='ocr_carea' id='block_1_83' title="bbox 367 4661 1938 4736">
    <p class='ocr_par' dir='ltr' id='par_1_83' title="bbox 367 4661 1710 4736">
     <span class='ocr_line' id='line_1_84' title="bbox 367 4661 1710 4736; baseline 0.005 -22"><span class='ocrx_word' id='word_1_542' title='bbox 367 4661 604 4729; x_wconf 79' lang='grc' dir='ltr'><strong>Ἰσραὴλ</strong></span> <span class='ocrx_word' id='word_1_543' title='bbox 635 4665 745 4736; x_wconf 74' lang='grc' dir='ltr'>γὰρ</span> <span class='ocrx_word' id='word_1_544' title='bbox 778 4666 1159 4736; x_wconf 77' lang='grc' dir='ltr'>ἑρμηνεύεται,</span> <span class='ocrx_word' id='word_1_545' title='bbox 1190 4667 1338 4733; x_wconf 80' lang='grc' dir='ltr'>νοῦς</span> <span class='ocrx_word' id='word_1_546' title='bbox 1365 4665 1518 4736; x_wconf 81' lang='grc' dir='ltr'><strong>ὀρῶν</strong></span> <span class='ocrx_word' id='word_1_547' title='bbox 1542 4667 1710 4721; x_wconf 80' lang='grc' dir='ltr'><strong>Θεόν.</strong></span> 
     </span>
    </p>
   </div>
   <div class='ocr_carea' id='block_1_84' title="bbox 1644 4661 3215 4736">
    <p class='ocr_par' dir='ltr' id='par_1_84' title="bbox 1644 4662 3215 4733">
     <span class='ocr_line' id='line_1_85' title="bbox 1644 4662 3215 4733; baseline -0.003 -12"><span class='ocrx_word' id='word_1_548' title='bbox 1644 4667 1710 4721; x_wconf 63' lang='lat' dir='ltr'><strong>ir.</strong></span> <span class='ocrx_word' id='word_1_549' title='bbox 2029 4664 2175 4719; x_wconf 90' lang='lat' dir='ltr'><strong>enim</strong></span> <span class='ocrx_word' id='word_1_550' title='bbox 2207 4663 2621 4733; x_wconf 84' lang='lat' dir='ltr'><strong>interpretatur,</strong></span> <span class='ocrx_word' id='word_1_551' title='bbox 2649 4679 2792 4717; x_wconf 78' lang='lat' dir='ltr'><strong>meus</strong></span> <span class='ocrx_word' id='word_1_552' title='bbox 2821 4663 2998 4718; x_wconf 80' lang='lat' dir='ltr'><strong>videns</strong></span> <span class='ocrx_word' id='word_1_553' title='bbox 3027 4662 3215 4718; x_wconf 89' lang='lat' dir='ltr'><strong>Deum.</strong></span> 
     </span>
    </p>
   </div>
   <div class='ocr_carea' id='block_1_85' title="bbox 424 4753 1995 4827">
    <p class='ocr_par' dir='ltr' id='par_1_85' title="bbox 424 4753 1068 4827">
     <span class='ocr_line' id='line_1_86' title="bbox 424 4753 1068 4827; baseline 0.011 -22"><span class='ocrx_word' id='word_1_554' title='bbox 424 4753 512 4806; x_wconf 88' lang='lat'><strong>60.</strong></span> <span class='ocrx_word' id='word_1_555' title='bbox 539 4755 640 4808; x_wconf 89' lang='grc' dir='ltr'><strong>Τὸν</strong></span> <span class='ocrx_word' id='word_1_556' title='bbox 664 4756 870 4810; x_wconf 77' lang='grc' dir='ltr'>Παῦλον</span> <span class='ocrx_word' id='word_1_557' title='bbox 902 4758 1068 4827; x_wconf 77' lang='grc' dir='ltr'>λέγει.</span> 
     </span>
    </p>
   </div>
   <div class='ocr_carea' id='block_1_86' title="bbox 1204 4753 2775 4827">
    <p class='ocr_par' dir='ltr' id='par_1_86' title="bbox 2100 4754 2775 4826">
     <span class='ocr_line' id='line_1_87' title="bbox 2100 4754 2775 4826; baseline 0.003 -17"><span class='ocrx_word' id='word_1_558' title='bbox 2100 4755 2190 4810; x_wconf 90' lang='grc'><strong>60.</strong></span> <span class='ocrx_word' id='word_1_559' title='bbox 2228 4754 2460 4810; x_wconf 91' lang='lat' dir='ltr'><strong>Paulum</strong></span> <span class='ocrx_word' id='word_1_560' title='bbox 2489 4756 2775 4826; x_wconf 81' lang='lat' dir='ltr'><strong>signiﬁcat.</strong></span> 
     </span>
    </p>
   </div>
   <div class='ocr_carea' id='block_1_87' title="bbox 431 4842 2002 4923">
    <p class='ocr_par' dir='ltr' id='par_1_87' title="bbox 431 4842 1923 4923">
     <span class='ocr_line' id='line_1_88' title="bbox 431 4842 1923 4923; baseline 0.005 -27"><span class='ocrx_word' id='word_1_561' title='bbox 431 4842 519 4897; x_wconf 89' lang='grc'>61.</span> <span class='ocrx_word' id='word_1_562' title='bbox 555 4845 617 4898; x_wconf 79' lang='lat' dir='ltr'><strong>0i</strong></span> <span class='ocrx_word' id='word_1_563' title='bbox 639 4847 925 4902; x_wconf 79' lang='grc' dir='ltr'>ἀπόστολοι</span> <span class='ocrx_word' id='word_1_564' title='bbox 955 4850 1048 4903; x_wconf 80' lang='grc' dir='ltr'>τοῦ</span> <span class='ocrx_word' id='word_1_565' title='bbox 1076 4849 1208 4905; x_wconf 87' lang='grc' dir='ltr'>Θεοῦ</span> <span class='ocrx_word' id='word_1_566' title='bbox 1239 4849 1481 4910; x_wconf 73' lang='grc' dir='ltr'>αἰνετοῦο</span> <span class='ocrx_word' id='word_1_567' title='bbox 1533 4850 1762 4918; x_wconf 84' lang='grc' dir='ltr'>Ἰούδας</span> <span class='ocrx_word' id='word_1_568' title='bbox 1815 4851 1923 4923; x_wconf 81' lang='grc' dir='ltr'><strong>γὰρ</strong></span> 
     </span>
    </p>
   </div>
   <div class='ocr_carea' id='block_1_88' title="bbox 2026 4842 3597 4923">
    <p class='ocr_par' dir='ltr' id='par_1_88' title="bbox 2105 4845 3597 4917">
     <span class='ocr_line' id='line_1_89' title="bbox 2105 4845 3597 4917; baseline -0.002 -17"><span class='ocrx_word' id='word_1_569' title='bbox 2105 4847 2194 4900; x_wconf 83' lang='grc'>61.</span> <span class='ocrx_word' id='word_1_570' title='bbox 2231 4846 2481 4917; x_wconf 89' lang='lat' dir='ltr'><strong>Apostoli</strong></span> <span class='ocrx_word' id='word_1_571' title='bbox 2518 4846 2610 4902; x_wconf 91' lang='lat' dir='ltr'><strong>Dei</strong></span> <span class='ocrx_word' id='word_1_572' title='bbox 2651 4848 2941 4904; x_wconf 90' lang='lat' dir='ltr'><strong>laudabilis</strong></span> <span class='ocrx_word' id='word_1_573' title='bbox 2977 4867 2989 4903; x_wconf 87' lang='lat'><strong>:</strong></span> <span class='ocrx_word' id='word_1_574' title='bbox 3024 4845 3383 4902; x_wconf 73' lang='lat' dir='ltr'><strong>ludasenim</strong></span> <span class='ocrx_word' id='word_1_575' title='bbox 3427 4853 3597 4898; x_wconf 81' lang='lat' dir='ltr'><strong>mter-</strong></span> 
     </span>
    </p>
   </div>
   <div class='ocr_carea' id='block_1_89' title="bbox 354 4936 1925 5011">
    <p class='ocr_par' dir='ltr' id='par_1_89' title="bbox 354 4936 1180 5011">
     <span class='ocr_line' id='line_1_90' title="bbox 354 4936 1180 5011; baseline 0.015 -24"><span class='ocrx_word' id='word_1_576' title='bbox 354 4936 734 5009; x_wconf 76' lang='grc' dir='ltr'><strong>ἑρμηνεύεται,</strong></span> <span class='ocrx_word' id='word_1_577' title='bbox 766 4942 907 5009; x_wconf 86' lang='grc' dir='ltr'>Θεὸς</span> <span class='ocrx_word' id='word_1_578' title='bbox 931 4946 1180 5011; x_wconf 80' lang='grc' dir='ltr'><strong>αἰνετός.</strong></span> 
     </span>
    </p>
   </div>
   <div class='ocr_carea' id='block_1_90' title="bbox 1222 4936 2793 5011">
    <p class='ocr_par' dir='ltr' id='par_1_90' title="bbox 2033 4937 2793 5010">
     <span class='ocr_line' id='line_1_91' title="bbox 2033 4937 2793 5010; baseline 0.004 -17"><span class='ocrx_word' id='word_1_579' title='bbox 2033 4946 2298 5010; x_wconf 85' lang='lat' dir='ltr'><strong>pretatur,</strong></span> <span class='ocrx_word' id='word_1_580' title='bbox 2326 4938 2462 4993; x_wconf 82' lang='lat' dir='ltr'><strong>Deus</strong></span> <span class='ocrx_word' id='word_1_581' title='bbox 2486 4937 2793 4996; x_wconf 73' lang='lat' dir='ltr'><strong>laudabilis.</strong></span> 
     </span>
    </p>
   </div>
   <div class='ocr_carea' id='block_1_91' title="bbox 502 5108 2646 5267">
    <p class='ocr_par' dir='ltr' id='par_1_91' title="bbox 502 5108 2646 5267">
     <span class='ocr_line' id='line_1_92' title="bbox 502 5108 2646 5267; baseline 0.002 -18"><span class='ocrx_word' id='word_1_582' title='bbox 502 5108 678 5165; x_wconf 39' lang='lat' dir='ltr'><strong>mor.</strong></span> <span class='ocrx_word' id='word_1_583' title='bbox 709 5127 788 5178; x_wconf 60' lang='grc' dir='ltr'><strong>ω’</strong></span> <span class='ocrx_word' id='word_1_584' title='bbox 827 5114 914 5171; x_wconf 44' lang='lat'><strong>‘6.</strong></span> <span class='ocrx_word' id='word_1_585' title='bbox 1311 5191 1618 5255; x_wconf 85' lang='lat' dir='ltr'><strong>Addenda</strong></span> <span class='ocrx_word' id='word_1_586' title='bbox 1649 5202 1709 5258; x_wconf 89' lang='lat' dir='ltr'><strong>et</strong></span> <span class='ocrx_word' id='word_1_587' title='bbox 1737 5189 2114 5267; x_wconf 78' lang='lat' dir='ltr'><strong>corrigenda</strong></span> <span class='ocrx_word' id='word_1_588' title='bbox 2163 5208 2241 5252; x_wconf 79' lang='lat' dir='ltr'><strong>ex</strong></span> <span class='ocrx_word' id='word_1_589' title='bbox 2273 5191 2411 5253; x_wconf 92' lang='lat' dir='ltr'><strong>cod.</strong></span> <span class='ocrx_word' id='word_1_590' title='bbox 2447 5190 2646 5254; x_wconf 85' lang='lat' dir='ltr'><strong>Vatic.</strong></span> 
     </span>
    </p>
   </div>
   <div class='ocr_carea' id='block_1_92' title="bbox 455 5345 2026 5428">
    <p class='ocr_par' dir='ltr' id='par_1_92' title="bbox 455 5345 1695 5428">
     <span class='ocr_line' id='line_1_93' title="bbox 455 5345 1695 5428; baseline 0 0"><span class='ocrx_word' id='word_1_591' title='bbox 455 5345 505 5428; x_wconf 76' lang='grc'>1)</span> <span class='ocrx_word' id='word_1_592' title='bbox 538 5346 675 5428; x_wconf 58' lang='grc' dir='ltr'><strong>Τοές</strong></span> <span class='ocrx_word' id='word_1_593' title='bbox 715 5347 1083 5428; x_wconf 55' lang='grc' dir='ltr'><strong>ἓδεδὲεέαἶά·</strong></span> <span class='ocrx_word' id='word_1_594' title='bbox 1163 5419 1182 5428; x_wconf 90' lang='lat'><strong>-</strong></span> <span class='ocrx_word' id='word_1_595' title='bbox 1557 5425 1568 5428; x_wconf 17' lang='lat'><strong>4</strong></span> <span class='ocrx_word' id='word_1_596' title='bbox 1686 5427 1695 5428; x_wconf 28' lang='grc' dir='ltr'>ί</span> 
     </span>
    </p>
   </div>
   <div class='ocr_carea' id='block_1_93' title="bbox 996 5345 2567 5428">
    <p class='ocr_par' dir='ltr' id='par_1_93' title="bbox 996 5351 2567 5428">
     <span class='ocr_line' id='line_1_94' title="bbox 996 5351 2567 5428; baseline 0.006 -24"><span class='ocrx_word' id='word_1_597' title='bbox 996 5351 1083 5428; x_wconf 75' lang='lat' dir='ltr'><strong>od.</strong></span> <span class='ocrx_word' id='word_1_598' title='bbox 1163 5419 1182 5428; x_wconf 83' lang='lat'>_</span> <span class='ocrx_word' id='word_1_599' title='bbox 1557 5425 1568 5428; x_wconf 20' lang='lat'><strong><em>4</em></strong></span> <span class='ocrx_word' id='word_1_600' title='bbox 1686 5427 1695 5428; x_wconf 16' lang='grc' dir='ltr'>ί</span> <span class='ocrx_word' id='word_1_601' title='bbox 2112 5357 2567 5428; x_wconf 76' lang='grc' dir='ltr'><strong>(5)Κατέχοντες.</strong></span> 
     </span>
    </p>
   </div>
   <div class='ocr_carea' id='block_1_94' title="bbox 451 5415 2022 5498">
    <p class='ocr_par' dir='ltr' id='par_1_94' title="bbox 451 5415 1925 5498">
     <span class='ocr_line' id='line_1_95' title="bbox 451 5415 1925 5498; baseline 0.008 -31"><span class='ocrx_word' id='word_1_602' title='bbox 451 5415 596 5498; x_wconf 46' lang='lat' dir='ltr'><strong>Elin</strong></span> <span class='ocrx_word' id='word_1_603' title='bbox 626 5419 1138 5498; x_wconf 39' lang='lat' dir='ltr'><strong>IBEIDATQ‘GGVWCQ}.</strong></span> <span class='ocrx_word' id='word_1_604' title='bbox 1163 5419 1222 5476; x_wconf 87' lang='lat' dir='ltr'><strong>In</strong></span> <span class='ocrx_word' id='word_1_605' title='bbox 1263 5437 1436 5493; x_wconf 89' lang='lat' dir='ltr'><strong>marg.</strong></span> <span class='ocrx_word' id='word_1_606' title='bbox 1473 5425 1593 5479; x_wconf 90' lang='lat' dir='ltr'><strong>cod.</strong></span> <span class='ocrx_word' id='word_1_607' title='bbox 1635 5427 1925 5482; x_wconf 87' lang='lat' dir='ltr'><strong>adnotatur</strong></span> 
     </span>
    </p>
   </div>
   <div class='ocr_carea' id='block_1_95' title="bbox 1848 5415 3419 5498">
    <p class='ocr_par' dir='ltr' id='par_1_95' title="bbox 1848 5415 3419 5498">
     <span class='ocr_line' id='line_1_96' title="bbox 1848 5415 3419 5498; baseline -0.005 -18"><span class='ocrx_word' id='word_1_608' title='bbox 1848 5437 1925 5480; x_wconf 70' lang='lat' dir='ltr'><strong>tur</strong></span> <span class='ocrx_word' id='word_1_609' title='bbox 2104 5415 2183 5498; x_wconf 51' lang='lat'><strong>(‘4)</strong></span> <span class='ocrx_word' id='word_1_610' title='bbox 2210 5415 2420 5481; x_wconf 65' lang='grc' dir='ltr'>Νεωσὲί</span> <span class='ocrx_word' id='word_1_611' title='bbox 2455 5415 2601 5483; x_wconf 73' lang='lat' dir='ltr'><strong>deest</strong></span> <span class='ocrx_word' id='word_1_612' title='bbox 2627 5447 2640 5482; x_wconf 91' lang='lat'><strong>:</strong></span> <span class='ocrx_word' id='word_1_613' title='bbox 2672 5425 2832 5498; x_wconf 77' lang='lat' dir='ltr'><strong>paulo</strong></span> <span class='ocrx_word' id='word_1_614' title='bbox 2866 5434 2984 5494; x_wconf 86' lang='lat' dir='ltr'><strong>post</strong></span> <span class='ocrx_word' id='word_1_615' title='bbox 3012 5415 3419 5492; x_wconf 82' lang='grc' dir='ltr'>νεκρωσάντων.</span> 
     </span>
    </p>
   </div>
   <div class='ocr_carea' id='block_1_96' title="bbox 355 5484 1926 5570">
    <p class='ocr_par' dir='ltr' id='par_1_96' title="bbox 355 5484 1923 5570">
     <span class='ocr_line' id='line_1_97' title="bbox 355 5484 1923 5570; baseline 0.009 -33"><span class='ocrx_word' id='word_1_616' title='bbox 355 5484 617 5570; x_wconf 35' lang='grc' dir='ltr'><strong>ινσᾶλλοις</strong></span> <span class='ocrx_word' id='word_1_617' title='bbox 639 5484 1222 5570; x_wconf 41' lang='grc' dir='ltr'><strong>τῷρθανᾲτίρηθίιιυο</strong></span> <span class='ocrx_word' id='word_1_618' title='bbox 1245 5484 1484 5570; x_wconf 67' lang='lat' dir='ltr'><strong>apparet,</strong></span> <span class='ocrx_word' id='word_1_619' title='bbox 1512 5499 1654 5570; x_wconf 79' lang='lat' dir='ltr'><strong>quod</strong></span> <span class='ocrx_word' id='word_1_620' title='bbox 1675 5498 1923 5565; x_wconf 83' lang='lat' dir='ltr'><strong>superius</strong></span> 
     </span>
    </p>
   </div>
   <div class='ocr_carea' id='block_1_97' title="bbox 1364 5484 2935 5570">
    <p class='ocr_par' dir='ltr' id='par_1_97' title="bbox 1364 5484 2935 5570">
     <span class='ocr_line' id='line_1_98' title="bbox 1364 5484 2935 5570; baseline 0.001 -24"><span class='ocrx_word' id='word_1_621' title='bbox 1364 5484 1484 5570; x_wconf 65' lang='lat' dir='ltr'><strong>iret,</strong></span> <span class='ocrx_word' id='word_1_622' title='bbox 1512 5499 1654 5570; x_wconf 78' lang='lat' dir='ltr'><strong>quod</strong></span> <span class='ocrx_word' id='word_1_623' title='bbox 1675 5498 1923 5565; x_wconf 85' lang='lat' dir='ltr'><strong>superius</strong></span> <span class='ocrx_word' id='word_1_624' title='bbox 2217 5499 2560 5570; x_wconf 70' lang='grc' dir='ltr'>Εὑλογήσατε</span> <span class='ocrx_word' id='word_1_625' title='bbox 2590 5484 2686 5570; x_wconf 59' lang='grc' dir='ltr'>τὸν</span> <span class='ocrx_word' id='word_1_626' title='bbox 2704 5484 2935 5570; x_wconf 9' lang='grc' dir='ltr'><strong>ᾈΚρριὸν.</strong></span> 
     </span>
    </p>
   </div>
   <div class='ocr_carea' id='block_1_98' title="bbox 356 5557 1927 5642">
    <p class='ocr_par' dir='ltr' id='par_1_98' title="bbox 356 5557 1923 5642">
     <span class='ocr_line' id='line_1_99' title="bbox 356 5557 1923 5642; baseline 0.01 -35"><span class='ocrx_word' id='word_1_627' title='bbox 356 5557 519 5642; x_wconf 64' lang='lat' dir='ltr'><strong>etiam</strong></span> <span class='ocrx_word' id='word_1_628' title='bbox 547 5559 756 5620; x_wconf 89' lang='lat' dir='ltr'><strong>monui,</strong></span> <span class='ocrx_word' id='word_1_629' title='bbox 785 5561 920 5613; x_wconf 84' lang='lat' dir='ltr'><strong>tanti</strong></span> <span class='ocrx_word' id='word_1_630' title='bbox 951 5557 1295 5642; x_wconf 45' lang='lat' dir='ltr'><strong>fuisse—saec.-</strong></span> <span class='ocrx_word' id='word_1_631' title='bbox 1319 5557 1374 5642; x_wconf 55' lang='lat' dir='ltr'><strong>ix</strong></span> <span class='ocrx_word' id='word_1_632' title='bbox 1424 5557 1562 5642; x_wconf 72' lang='lat' dir='ltr'><strong>hanc</strong></span> <span class='ocrx_word' id='word_1_633' title='bbox 1603 5557 1923 5634; x_wconf 78' lang='lat' dir='ltr'><strong>interpreta-</strong></span> 
     </span>
    </p>
   </div>
   <div class='ocr_carea' id='block_1_99' title="bbox 2022 5557 3593 5642">
    <p class='ocr_par' dir='ltr' id='par_1_99' title="bbox 2103 5557 3593 5642">
     <span class='ocr_line' id='line_1_100' title="bbox 2103 5557 3593 5642; baseline -0.005 -20"><span class='ocrx_word' id='word_1_634' title='bbox 2103 5557 2598 5642; x_wconf 47' lang='lat' dir='ltr'><strong>(6)det§;}_etc.,</strong></span> <span class='ocrx_word' id='word_1_635' title='bbox 2637 5557 2935 5632; x_wconf 74' lang='grc' dir='ltr'><strong>δοξάζεται,</strong></span> <span class='ocrx_word' id='word_1_636' title='bbox 2982 5572 3112 5628; x_wconf 81' lang='lat' dir='ltr'><strong>etc.;</strong></span> <span class='ocrx_word' id='word_1_637' title='bbox 3167 5561 3260 5617; x_wconf 91' lang='lat' dir='ltr'><strong>sed</strong></span> <span class='ocrx_word' id='word_1_638' title='bbox 3314 5561 3418 5616; x_wconf 82' lang='lat' dir='ltr'><strong>mel</strong></span> <span class='ocrx_word' id='word_1_639' title='bbox 3479 5557 3593 5615; x_wconf 69' lang='lat' dir='ltr'><strong>K5-</strong></span> 
     </span>
    </p>
   </div>
   <div class='ocr_carea' id='block_1_100' title="bbox 359 5625 1930 5708">
    <p class='ocr_par' dir='ltr' id='par_1_100' title="bbox 359 5625 1923 5708">
     <span class='ocr_line' id='line_1_101' title="bbox 359 5625 1923 5708; baseline 0.01 -31"><span class='ocrx_word' id='word_1_640' title='bbox 359 5625 582 5708; x_wconf 60' lang='lat' dir='ltr'><strong>tionenl,</strong></span> <span class='ocrx_word' id='word_1_641' title='bbox 616 5643 711 5708; x_wconf 75' lang='lat' dir='ltr'><strong>seu</strong></span> <span class='ocrx_word' id='word_1_642' title='bbox 744 5631 1220 5708; x_wconf 68' lang='lat' dir='ltr'><strong>commentarium,</strong></span> <span class='ocrx_word' id='word_1_643' title='bbox 1246 5640 1302 5684; x_wconf 89' lang='lat' dir='ltr'><strong>ut</strong></span> <span class='ocrx_word' id='word_1_644' title='bbox 1324 5631 1433 5708; x_wconf 78' lang='lat' dir='ltr'><strong>jam</strong></span> <span class='ocrx_word' id='word_1_645' title='bbox 1463 5634 1613 5708; x_wconf 80' lang='lat' dir='ltr'><strong>plura</strong></span> <span class='ocrx_word' id='word_1_646' title='bbox 1645 5625 1923 5693; x_wconf 73' lang='lat' dir='ltr'><strong>exstarent</strong></span> 
     </span>
    </p>
   </div>
   <div class='ocr_carea' id='block_1_101' title="bbox 1034 5625 2605 5708">
    <p class='ocr_par' dir='ltr' id='par_1_101' title="bbox 1034 5625 2605 5708">
     <span class='ocr_line' id='line_1_102' title="bbox 1034 5625 2605 5708; baseline 0.007 -27"><span class='ocrx_word' id='word_1_647' title='bbox 1034 5631 1220 5708; x_wconf 66' lang='lat' dir='ltr'><strong>arium,</strong></span> <span class='ocrx_word' id='word_1_648' title='bbox 1246 5631 1433 5708; x_wconf 79' lang='lat' dir='ltr'><strong>utjam</strong></span> <span class='ocrx_word' id='word_1_649' title='bbox 1463 5634 1613 5708; x_wconf 79' lang='lat' dir='ltr'><strong>plura</strong></span> <span class='ocrx_word' id='word_1_650' title='bbox 1645 5625 1923 5693; x_wconf 73' lang='lat' dir='ltr'><strong>exstarent</strong></span> <span class='ocrx_word' id='word_1_651' title='bbox 2034 5625 2190 5708; x_wconf 74' lang='grc' dir='ltr'>ριόν’,</span> <span class='ocrx_word' id='word_1_652' title='bbox 2233 5679 2246 5694; x_wconf 98' lang='grc'>.</span> <span class='ocrx_word' id='word_1_653' title='bbox 2295 5625 2605 5707; x_wconf 59' lang='grc' dir='ltr'><strong>Ϊδόξάζετεί</strong></span> 
     </span>
    </p>
   </div>
   <div class='ocr_carea' id='block_1_102' title="bbox 357 5697 1918 5771">
    <p class='ocr_par' dir='ltr' id='par_1_102' title="bbox 357 5697 1918 5771">
     <span class='ocr_line' id='line_1_103' title="bbox 357 5697 1918 5771; baseline 0.01 -22"><span class='ocrx_word' id='word_1_654' title='bbox 357 5697 708 5768; x_wconf 78' lang='lat' dir='ltr'><strong>exemplaria,</strong></span> <span class='ocrx_word' id='word_1_655' title='bbox 730 5700 926 5769; x_wconf 81' lang='lat' dir='ltr'><strong>quibus</strong></span> <span class='ocrx_word' id='word_1_656' title='bbox 954 5701 1184 5771; x_wconf 85' lang='lat' dir='ltr'><strong>scriptor</strong></span> <span class='ocrx_word' id='word_1_657' title='bbox 1210 5697 1382 5757; x_wconf 79' lang='lat' dir='ltr'><strong>nostri</strong></span> <span class='ocrx_word' id='word_1_658' title='bbox 1416 5697 1616 5760; x_wconf 84' lang='lat' dir='ltr'><strong>codicis</strong></span> <span class='ocrx_word' id='word_1_659' title='bbox 1652 5720 1783 5762; x_wconf 80' lang='lat' dir='ltr'><strong>usus</strong></span> <span class='ocrx_word' id='word_1_660' title='bbox 1819 5717 1918 5766; x_wconf 79' lang='lat' dir='ltr'><strong>est.</strong></span> 
     </span>
    </p>
   </div>
  </div>
