3978 6204
317 294 413 348 921

1194 295 1284 350 DE
1321 295 1598 353 TITULIS
1636 299 2085 365 PSALMORUM.
2129 343 2195 354 --
2228 310 2425 370 PSAL.
2476 313 2708 371 LXVIII.

3472 322 3576 377 9‘22

391 413 479 466 81.
516 413 575 464 '0
591 411 724 475 Θεὸς
758 410 972 486 Ἰσραήλ
992 411 1185 476 ἀὐτὸς
1208 410 1366 465 δώσει
1396 410 1625 485 δύναμιν
1651 420 1743 472 καὶ
1767 436 1895 494 κρα-
1924 432 1943 485 1

2067 424 2158 479 8|.
2196 424 2341 482 Deus
2375 426 2576 495 Israel;
2613 429 2729 499 ipse
2755 428 2908 486 dabit
2938 430 3216 502 virtutem,
3263 445 3317 490 et
3363 436 3578 495 fortitu-

318 503 542 557 ταίωσιν
569 501 647 573 τῷ
676 501 790 573 λαῷ
819 503 1006 559 αὑτοῦ.

393 594 482 648 82.
519 591 827 663 Εὐλογητὸς
852 595 879 644 ὁ
911 593 1062 657 Θεός.

322 691 426 757 Εἰς
457 690 520 742 τὸ
553 688 749 754 τέλος,
773 690 926 757 ὑπὲρ
956 688 1074 742 τῶν
1106 690 1706 760 ἀλλοιωθησομένων,
1742 695 1901 762 ψαλ-

479 797 485 804 ’
691 781 807 851 μὸς
843 781 922 847 τῷ
962 782 1158 839 Δαϐίδ.
1198 786 1370 836 ΨΑΛ.
1406 783 1529 839 EH'.

397 874 449 927 I.
479 872 663 927 Σῶσόν
693 890 782 944 με,
811 873 838 925 ὁ
860 873 1010 940 Θεὸς,
1034 875 1115 927 ὅτι
1143 875 1459 946 είσήλθοσαν
1486 875 1650 930 ὕδατα
1672 875 1776 939 ἕως
1796 877 1896 945 ψυο

321 965 426 1037 χῆς
463 981 584 1035 μου·

391 1057 448 1111 Ξ.
496 1055 799 1128 Ἐνεπάγην
833 1057 915 1121 είς
946 1056 1060 1112 ἰλὺν
1099 1055 1283 1128 βυθοῦ,
1317 1057 1412 1110 καὶ
1439 1057 1539 1111 οὐκ
1578 1057 1726 1111 ἔστιν
1771 1058 1901 1111 ὑπό-

325 1165 535 1211 στασις.
1763 1137 1770 1142 ’

397 1245 450 1297 5.
487 1239 690 1297 τΗλθον
713 1245 795 1306 είς
825 1243 895 1298 τὰ
935 1245 1075 1316 βάθη
1102 1245 1203 1316 τῆς
1237 1245 1535 1317 θαλάσσης,
1572 1247 1667 1300 καὶ
1711 1262 1900 1299 καται-

321 1337 411 1405 γὶς
441 1335 795 1389 κατεπόντισε
829 1354 916 1407 με.

391 1426 444 1481 4.
485 1428 781 1482 Ἐκοπίασα
815 1428 1053 1500 κράζων,
1085 1429 1447 1502 ὲὸραγχίασεν
1479 1433 1508 1484 ό
1538 1431 1743 1502 λαρυγξ
1772 1448 1896 1501 μου.

395 1609 447 1663 5.
492 1608 772 1675 Ἐξέλιπον
799 1612 848 1662 οἱ
875 1607 1141 1680 ὀφθαλμοί
1179 1626 1280 1681 μου
1307 1609 1413 1663 ἀπὸ
1436 1608 1530 1662 τοῦ
1557 1609 1795 1675 ἐλπίζειν
1831 1628 1903 1682 με,

320 1701 414 1754 επὶ
434 1701 524 1755 τὸν
547 1702 679 1756 Θεόν
705 1720 825 1773 μου.

1999 514 2178 570 dinem
2209 516 2351 584 plebi
2379 533 2491 572 suae
2512 537 2525 570 :

2072 607 2162 661 8‘2.
2193 605 2521 664 Benedictus
2554 609 2717 667 Deus.

2055 696 2120 751 In
2152 698 2314 768 ﬁnem
2339 740 2353 764 ,
2393 717 2490 769 pro
2531 703 2599 754 iis
2633 702 2724 764 qui
2768 704 3256 774 commutabuntur,
3297 711 3532 778 psalmus

2418 791 2618 848 David.
2651 790 2855 851 PSAL.
2895 792 2993 850 LX
3011 794 3173 852 V111.

2074 882 2128 936 l.
2170 879 2391 935 Salvum
2427 899 2515 939 me
2564 884 2684 948 fac,
2729 885 2904 955 Deus,
2955 891 3210 958 quoniam
3243 893 3577 951 intraverunt

2000 986 2157 1039 aquae
2184 988 2360 1042 usque
2389 976 2456 1029 ad
2486 976 2721 1033 animam
2758 993 2958 1036 meam.

2069 1063 2122 1118 2.
2160 1065 2368 1120 Inlixus
2407 1082 2528 1123 sum
2559 1068 2614 1122 in
2655 1069 2788 1124 lituo
2812 1071 3094 1141 profundi,
3121 1083 3174 1129 et
3197 1089 3305 1129 non
3334 1086 3417 1131 est
3447 1079 3578 1134 sub-

1999 1155 2222 1209 stantia.

2073 1248 2127 1303 5.
2167 1247 2302 1303 Veui
2338 1249 2393 1304 in
2431 1251 2776 1309 altitudinem
2831 1256 3022 1322 maris,
3061 1269 3114 1312 et
3162 1269 3454 1330 tempestas
3482 1261 3577 1317 deo

2002 1341 2192 1395 mersit
2224 1357 2328 1397 me.

2072 1434 2126 1487 4.
2170 1433 2437 1490 Laboravi
2475 1437 2741 1506 clamans,
2794 1455 2976 1496 rancm
3021 1440 3178 1497 factae
3219 1452 3349 1498 sunt
3391 1443 3576 1502 fauces

2001 1538 2151 1579 meze.

2077 1616 2130 1670 5.
2164 1613 2489 1671 Del‘ccerunt
2542 1607 2712 1673 oculi.
2745 1619 2874 1685 mei,
2927 1613 3056 1675 dum
3099 1637 3257 1691 spero
3302 1623 3357 1677 in
3402 1623 3573 1680 Deum

2001 1716 2206 1754 meum.

396 1795 447 1848 0.
488 1771 932 1868 Ἐπληθῦνθησαν
965 1795 1109 1867 ὑπὲρ
1140 1795 1239 1861 τὰς
1277 1795 1470 1868 τρίχας
1517 1795 1616 1867 τῆς
1655 1794 1898 1865 κεφαλῆς
1930 1771 1943 1824 1

2077 1793 2132 1846 6.
2165 1791 2534 1863 lllultiplicatae
2569 1803 2697 1851 sunt
2727 1811 2893 1866 super
2922 1798 3145 1867 capillos
3192 1801 3384 1869 capitis
3439 1815 3569 1865 mer,

325 1902 430 1955 μου
460 1888 508 1940 οἱ
545 1887 828 1957 μισοῦντές
863 1904 929 1958 με
961 1888 1189 1959 δωρεάν.

397 1977 447 2032 7.
493 1977 969 2050 Ἐκραταιὼθησαν
1004 1980 1052 2031 οἱ
1096 1977 1281 2050 ἐχθροί
1307 1995 1429 2050 μου,
1462 1979 1512 2031 οί
1545 1976 1898 2043 ὲκδιώκοντὲς

326 2087 395 2141 με
417 2069 614 2133 ἀδίκως
637 2109 652 2124 .

393 2163 447 2218 8.
479 2163 545 2215 Ἀ
566 2164 664 2234 οὐχ
691 2163 956 2235 ἥρπαζον,
985 2162 1107 2215 τότε
1132 2161 1473 2216 ἀπετίννυον.

393 2254 446 2308 9.
484 2256 542 2308 Ὀ
567 2255 718 2320 Θεὸς,
745 2256 807 2308 σὺ
842 2255 1013 2324 ἔγνως
1040 2253 1136 2326 τὴν
1159 2254 1469 2326 ἀφροσύνην
1506 2269 1628 2324 μου,

395 2347 481 2402 10.
513 2349 623 2400 Καὶ
644 2349 697 2402 αἱ
731 2347 1102 2418 πλημμέλειαί
1135 2363 1234 2418 μου
1267 2346 1372 2400 ἀπὸ
1397 2345 1491 2399 σοῦ
1522 2346 1622 2398 οὐκ
1651 2343 1895 2416 ἀπεκρύ-

322 2439 516 2511 ϐησαν.

394 2533 479 2587 11.
511 2532 601 2604 Μὴ
633 2530 1051 2602 αἰσχυνθείησαν
1075 2531 1164 2582 ἐπ’
1190 2529 1288 2600 ἐμὲ
1331 2530 1378 2582 οί
1407 2528 1772 2600 ὑπομένοντες
1811 2546 1893 2595 σε,

320 2624 512 2696 Κύριε,
548 2624 719 2697 Κύριε
739 2623 846 2677 τῶν
875 2624 1186 2694 δυνάμεωνο

2004 1883 2095 1954 qui
2130 1883 2362 1939 oderunt
2398 1901 2483 1939 me
2514 1886 2700 1954 gratis.
2805 1936 2815 1946 .

2077 1975 2127 2029 7.
2167 1975 2471 2030 Coul‘ortati
2520 1987 2670 2044 sunt,
2729 1978 2822 2049 qui
2873 1980 3144 2049 persecuti
3172 1989 3300 2036 sunt
3328 1995 3437 2048 me,
3471 1980 3574 2038 ini-

2003 2068 2129 2121 mici
2162 2067 2268 2121 mei
2298 2068 2500 2138 injuste
2529 2085 2544 2124 :

2073 2159 2126 2213 8.
2160 2157 2291 2225 Qum
2312 2175 2420 2214 non
2448 2161 2626 2231 rapui,
2661 2173 2792 2216 tunc
2819 2162 3192 2217 exsolvebam.

2071 2252 2127 2306 9.
2168 2250 2328 2319 Deus,
2362 2264 2417 2307 tu
2445 2255 2554 2309 seis
2586 2255 2952 2324 insipientiam
2983 2271 3182 2320 meam,

2071 2343 2158 2399 10.
2190 2342 2256 2398 Et
2278 2344 2475 2400 delicta
2502 2361 2620 2401 mea
2647 2363 2677 2400 a
2705 2358 2756 2402 te
2787 2363 2896 2401 non
2927 2357 3055 2402 sunt
3086 2347 3426 2402 abscondita.

2072 2531 2159 2584 ll.
2193 2528 2311 2583 Non
2343 2527 2666 2582 erubescant
2695 2528 2748 2582 in
2779 2544 2868 2582 me
2903 2545 2996 2598 qui
3021 2535 3339 2598 exspectant
3364 2536 3438 2588 te.
3463 2525 3572 2583 Do-

1997 2619 2163 2680 mine.
2202 2617 2428 2672 Domine
2459 2616 2718 2672 virtutum
2747 2637 2760 2674 :

1436 2715 1810 2772 ATIIANASII
1853 2712 2420 2768 INTERPRETATIO

390 2810 478 2876 81,
510 2809 598 2864 82.
642 2810 698 2863 '0
725 2809 856 2873 Θεὸς
894 2809 1003 2862 τῶν
1073 2810 1327 2882 καθαρῶν
1359 2812 1422 2881 τῇ
1465 2809 1680 2881 καρδίᾳ,
1719 2808 1880 2870 αὐτὸς

316 2899 475 2956 δώσει.
500 2903 563 2956 τὸ
595 2903 820 2973 Πνεῦμα
849 2903 910 2955 τὸ
943 2903 1098 2971 ἅγιον
1142 2907 1253 2966 τοῖς
1297 2901 1686 2975 πειθαρχοῦσιν
1718 2899 1888 2972 αὐτῷ’

315 2990 699 3065 δεδοξασμένος
724 2993 833 3064 γάρ
860 2993 1008 3046 ἐστιν
1038 2995 1097 3046 ἐν
1127 2994 1327 3056 αὐτοῖς.

2075 2805 2164 2871 81,
2200 2805 2288 2860 8‘2.
2326 2804 2470 2860 Deus
2506 2820 2693 2860 eorum
2724 2806 2815 2876 qui
2852 2806 3016 2861 corde
3046 2805 3233 2860 mundi
3266 2813 3414 2866 sunt,
3454 2801 3570 2871 ipse

1997 2897 2148 2951 dabit
2183 2895 2447 2965 Spiritum
2473 2907 2725 2952 sanctum
2758 2898 2858 2961 eis,
2889 2899 2980 2967 qui
3008 2897 3108 2966 ipsi
3135 2896 3414 2959 obedinnt,
3437 2910 3560 2963 nam

1994 2991 2330 3061 gloriﬁcatus
2363 2999 2448 3046 est
2479 2991 2533 3046 in
2569 2992 2724 3062 ipsis.

397 3087 463 3140 'H
488 3088 820 3160 προκειμένη
855 3086 1136 3159 ἐπιγραφὴ
1163 3089 1408 3160 περιέχει
1439 3088 1549 3160 (·1)⁸
1577 3090 1680 3153 Εἰς
1711 3087 1778 3140 τὸ
1803 3085 2172 3155 τέλος-,ὑπὲρ
2203 3087 2321 3140 τῶν
2355 3086 2952 3157 ἁλλοιωθησομένων,
2977 3084 3220 3155 “gf/mmet;
3254 3079 3332 3152 τῷ
3364 3081 3566 3138 Δαϐίδ.

321 3178 492 3234 Τοῦτο
515 3175 608 3234 οὖν
639 3179 810 3247 λέγει,
851 3179 944 3232 ὲπὶ
971 3177 1116 3230 τέλει
1150 3178 1260 3232 τῶν
1285 3177 1494 3231 αἰώνων
1530 3179 1669 3248 ὑπὲρ
1705 3177 1813 3230 τῶν
1843 3175 2290 3248 μεταϐληθέντων
2333 3177 2502 3231 ἐθνῶν
2541 3179 2649 3232 ἀπὸ
2681 3179 2782 3248 τῆς
2817 3178 3088 3248 ἁμαρτίας
3115 3178 3192 3239 εἰς
3217 3176 3307 3228 τὸν
3334 3173 3558 3245 Κύριον,

316 3270 408 3322 καὶ
440 3269 548 3321 τῶν
587 3268 857 3322 Ἰουδαίων
879 3267 987 3320 τῶν
1019 3266 1462 3338 μεταϐληθέντων
1488 3267 1596 3320 ἀπὸ
1615 3267 1722 3319 τῶν
1755 3265 1985 3319 ἐντολῶν
2015 3266 2108 3319 τοῦ
2132 3266 2266 3319 Θεοῦ
2298 3271 2377 3331 εἰς
2404 3268 2502 3338 τὴν
2536 3269 2838 3341 ἁμαρτίαν.
2873 3267 3118 3338 Ψαλμὸς
3150 3264 3231 3330 τῷ
3254 3264 3329 3334 (2)
3354 3263 3531 3320 Δαὸίδ
3553 3278 3570 3297 ⁸

313 3359 516 3413 ὡσανεὶ
543 3359 757 3430 ψαλμὸς
780 3357 860 3424 τῷ
890 3356 1076 3424 ἱκανῷ
1109 3357 1184 3426 τῇ
1215 3360 1387 3428 χειρὶ,
1412 3357 1659 3412 τουτέστι
1689 3357 1767 3428 τῷ
1794 3357 1906 3428 Υἰῷ
1939 3357 2032 3410 τοῦ
2061 3357 2216 3410 Θεοῦ.

385 3454 602 3510 Titulus
636 3453 964 3523 praepositus
996 3453 1242 3508 continet
1271 3472 1282 3506 :
1319 3451 1385 3506 In
1413 3452 1606 3520 ﬁnem,
1632 3467 1728 3520 pro
1755 3452 1844 3514 iis,
1881 3451 1971 3520 qui
2001 3449 2494 3511 commutabuutur,
2535 3449 2772 3518 psalmus
2813 3447 3000 3501 David.
3028 3447 3144 3502 Iloc
3167 3448 3330 3520 igitur
3358 3449 3567 3519 signiti-

317 3560 426 3612 cat,
457 3551 510 3603 in
539 3548 647 3603 fine
675 3549 1004 3603 seculorum
1038 3563 1139 3618 pro
1166 3549 1419 3618 gentibus
1443 3588 1460 3614 ,
1504 3562 1626 3617 quae
1666 3546 1944 3601 translata:
1975 3556 2103 3600 sunt
2134 3562 2163 3600 a
2195 3556 2418 3616 peccato
2465 3545 2518 3598 in
2559 3545 2886 3607 Dominum,
2915 3553 2968 3598 et
3008 3559 3105 3612 pro
3138 3542 3373 3610 Iudaeis,
3410 3547 3503 3615 qui
3535 3561 3566 3602 ο

319 3643 595 3698 mandatis
624 3640 720 3697 Dei
756 3655 816 3697 se
855 3641 1256 3697 transtulerunt
1287 3643 1342 3696 in
1374 3650 1680 3711 peccatum.
1728 3639 1977 3695 Psalmus
2018 3639 2186 3694 David
2210 3655 2229 3693 :
2259 3640 2509 3695 videlicet
2552 3639 2798 3708 psalmus
2843 3655 3002 3691 manu
3032 3638 3159 3706 [οιτὶ
3181 3679 3194 3704 ,
3232 3641 3333 3694 hoc
3358 3650 3441 3695 cst
3471 3639 3566 3696 Dei

315 3733 456 3790 Filio

390 3826 444 3880 1.
487 3823 657 3889 Ἐλθὲ,
685 3827 713 3879 ὁ
734 3822 885 3890 Θεὸς,
911 3824 991 3887 είς
1023 3823 1268 3895 βοήθειάν
1305 3841 1427 3894 μου,
1479 3824 1559 3879 ὅτι
1600 3827 1654 3880 αἱ
1696 3825 1881 3878 ἐπιθυ-
1911 3832 1943 3887 c

2062 3824 2111 3878 1.
2145 3823 2302 3890 Veni,
2337 3825 2496 3887 Deus,
2554 3826 2607 3879 in
2639 3825 2996 3894 "adjutorium
3045 3841 3248 3888 meum,
3295 3825 3558 3897 quoniam

322 3919 441 3990 μίαι
465 3917 559 3972 τοῦ
593 3917 800 3988 κόσμου
829 3916 1113 3987 κατέχουσι
1141 3934 1227 3988 με.

387 4014 442 4067 ‘2.
483 4011 825 4082 Δεδούλωμαι
855 4013 920 4082 τῇ
955 4011 1221 4081 ἁμαρτίᾳ,
1261 4011 1353 4062 καὶ
1395 4009 1497 4062 οὐκ
1536 4009 1702 4080 ἰσχύω
1748 4011 1884 4063 ἀπο-

319 4103 529 4173 στῆναι.

385 4196 438 4250 5.
466 4191 667 4248 Ἦλθον
695 4196 773 4258 εἰς
803 4192 902 4256 τὰς
950 4192 1145 4265 ἡδονὰς
1193 4193 1289 4245 καὶ
1318 4191 1416 4255 τὰς
1463 4191 1754 4261 ἐπιθυμίας
1790 4191 1884 4245 τοῦ

317 4289 544 4358 κόσμου,
581 4285 673 4340 καὶ
711 4287 744 4356 ἡ
782 4283 1025 4356 ἁμαρτία
1053 4284 1442 4356 κατεκυρίευσὲ
1477 4301 1542 4352 με
1576 4285 1672 4352 (5).

385 4380 438 4434 4.
467 4379 562 4441 Εἰς
591 4379 899 4446 ἀπόγνωσιν
918 4374 1101 4429 λοιπὸν
1137 4374 1214 4446 (ιι)
1241 4374 1348 4427 ἀπὸ
1372 4373 1466 4426 τοῦ
1496 4373 1571 4445 μὴ
1603 4372 1881 4427 εἰσακούε-

319 4470 444 4524 σθαι
474 4469 574 4541 τὴν
598 4467 780 4540 δέησίν
816 4486 937 4539 μου.

389 4564 443 4620 5.
483 4563 615 4616 Ἀπὸ
642 4560 736 4615 τοῦ
785 4559 1031 4615 δακεύειν
1072 4557 1147 4629 (5)
1182 4576 1271 4630 με,
1319 4559 1414 4613 καὶ
1460 4559 1773 4631 περιμένειν
1826 4556 1886 4610 τὸ

317 4653 461 4717 ἔλεος
489 4653 581 4706 τοῦ
614 4651 750 4706 Θεοῦ
777 4668 900 4722 μου.

386 4745 439 4803 6.
466 4743 658 4800 Πολλοί
682 4747 820 4799 εἰσιν
840 4746 887 4798 οί
919 4743 1174 4816 δαίμονες
1194 4743 1245 4796 οἱ
1272 4743 1632 4814 ἀντικείμενοί
1662 4761 1748 4814 μοι
1783 4745 1878 4815 (6).

388 4838 443 4893 7.
477 4839 611 4911 Περὶ
635 4838 743 4892 τῶν
766 4835 944 4891 αὐτῶν
973 4836 1242 4890 ἐναντίων.
1257 4836 1538 4906 δυνάμεων
1571 4836 1740 4904 λέγει.

387 4929 442 4986 8.
481 4931 546 4983 Ἀ
581 4929 823 5001 ἐμίσουν,
852 4928 1026 4982 ταῦτα
1064 4926 1352 4999 ἔπραττον.

384 5022 442 5080 9.
482 5023 542 5075 '0
571 5023 725 5087 Θεὸς,
761 5023 824 5075 σὺ
848 5017 995 5083 οἶδας
1013 5019 1112 5091 τὴν
1135 5020 1407 5092 ἁμαρτίαν
1439 5038 1561 5092 μου.

388 5114 475 5169 10.
500 5116 610 5168 Καὶ
630 5117 685 5168 αἱ
719 5113 936 5183 ἀνομίαι
963 5129 1062 5183 μου
1087 5111 1315 5182 φανεραί
1335 5113 1471 5164 εἰσιν
1503 5112 1602 5182 (7).

1989 3916 2318 3986 cupiditates
2347 3917 2533 3970 mundi
2567 3917 2810 3972 detinent
2839 3933 2945 3970 me.

2057 4012 2112 4063 2.
2149 4008 2205 4062 In
2241 4010 2555 4063 servitutem
2584 4011 2835 4065 redactus
2863 4027 2982 4066 sum
3021 4027 3048 4064 a
3091 4020 3312 4081 peccato
3333 4050 3349 4074 ,
3380 4019 3434 4066 et
3460 4026 3559 4065 ne-

1986 4117 2128 4171 queo
2149 4101 2432 4156 absistere.

2057 4194 2108 4248 5.
2150 4192 2283 4248 Veni
2323 4193 2376 4246 in
2407 4195 2750 4260 voluptates,
2794 4195 2849 4242 et
2891 4187 3366 4257 concupiscentias
3405 4209 3561 4250 mun.

1985 4287 2071 4353 di,
2107 4300 2162 4340 et
2184 4293 2467 4355 peccatum
2495 4282 2836 4336 dominatum
2869 4288 2952 4335 est
2982 4281 3036 4334 in
3066 4296 3171 4336 me.

2062 4377 2117 4433 4.
2155 4375 2382 4432 Demum
2424 4375 2476 4427 in
2507 4372 2942 4442 desperationem
2979 4372 3099 4426 veni
3120 4413 3136 4439 ,
3169 4387 3235 4428 eo
3268 4376 3415 4445 quod
3437 4393 3560 4432 ora.

1986 4470 2062 4524 tio
2096 4483 2216 4523 mea
2243 4482 2352 4520 non
2379 4464 2748 4520 exaudiretur.

2052 4559 2104 4613 5.
2141 4557 2280 4612 Dum
2327 4559 2550 4624 aerem,
2592 4566 2649 4612 et
2699 4565 3070 4625 exspectarem
3129 4558 3559 4616 misericordiam

1985 4648 2078 4710 Dei
2109 4651 2237 4706 mei.
2440 4635 2480 4643 ”
2494 4640 2513 4642 '—

2051 4743 2106 4797 6.
2141 4742 2292 4797 Multi
2331 4750 2460 4797 sunt
2486 4741 2785 4808 daemones,
2815 4742 2906 4812 qui
2939 4743 3074 4797 mihi
3109 4744 3485 4801 adversantur.

2056 4835 2106 4890 7.
2145 4834 2221 4888 De
2255 4835 2389 4904 ipsis
2418 4834 2748 4890 adversariis
2773 4837 3133 4904 potestatibus
3155 4838 3412 4896 louuitur.

2051 4927 2104 4980 8.
2136 4927 2269 4992 Quae
2295 4927 2542 4988 oderam,
2578 4926 2693 4980 haec
2720 4925 3008 4980 faciebam.

2053 5017 2107 5072 9.
2145 5016 2308 5081 Deus,
2333 5026 2388 5072 tu
2414 5017 2554 5072 nosti
2579 5024 2861 5086 peceatum
2888 5031 3090 5071 meum.

2055 5107 2144 5162 10.
2178 5104 2245 5159 Ει
2271 5106 2590 5175 iniquitates
2625 5120 2758 5159 meae
2792 5103 3094 5158 manifestae
3120 5110 3268 5157 sunt.

386 5204 473 5258 II.
500 5205 611 5274 Μὴ,
633 5203 720 5257 διὰ
752 5204 812 5257 τὸ
839 5201 1171 5273 ἁμαρτάνειν
1222 5217 1308 5270 με,
1341 5200 1416 5271 (8)
1470 5201 1633 5272 ἔχωσι
1662 5204 1877 5273 παρῤη-
1908 5202 1943 5257 1]

2062 5199 2140 5256 ll.
2177 5195 2255 5252 Ne
2302 5198 2528 5253 timeant
2570 5197 2746 5254 sancti
2790 5197 2869 5253 tui
2913 5206 3130 5268 propter
3168 5200 3387 5265 peccata
3434 5207 3550 5249 mea

318 5295 438 5350 σίαν
465 5295 515 5348 ot
545 5294 690 5363 ᾶγιοί
711 5311 808 5347 σου
833 5292 932 5365 τοῦΔ
957 5291 1280 5363 πρεσϐεύειν
1309 5293 1448 5364 ὑπὲρ
1464 5292 1620 5362 ἐμοῦ.

1984 5306 2080 5360 pro
2103 5305 2188 5344 me
2209 5290 2562 5346 intercedere.

1273 5403 1581 5468 Addenda
1613 5411 1675 5473 et
1709 5403 2086 5484 corrigenda
2119 5419 2196 5462 ex
2223 5401 2365 5463 cod.
2397 5400 2600 5465 Vatic.

385 5511 461 5577 (l)
505 5511 567 5562 Ἥ
596 5509 687 5571 διὰ,
716 5510 812 5577 τῆς
835 5507 1202 5577 κινναϐάρεως
1229 5524 1352 5578 περ.

407 5582 463 5648 2)
500 5579 725 5650 Ψαλμὸς
750 5580 806 5633 δὲ
826 5578 924 5650 τῷ,
963 5587 1066 5633 etc.

413 5653 464 5720 5)
486 5653 626 5720 Mod.

404 5716 460 5794 ﬁt)
485 5716 708 5775 Ἦλθον.

2061 5506 2138 5576 (5)
2167 5503 2452 5577 Δακρύειν.

2060 5578 2136 5644 (6)
2160 5577 2299 5629 Μου.

2057 5648 2110 5714 (7
2169 5645 2258 5699 Σοί
2280 5647 2435 5703 εἰσιν.

2057 5645 2134 5787 (ὃ)
2165 5717 2278 5787 Μή·

2057 5715 2132 5789 (8)
2165 5717 2278 5788 Μή·
