3978 6204
448 320 556 374 925
1269 323 1325 378 S.
1363 322 1736 406 ATHA‘NASII
1777 323 1926 380 OPP.
1964 324 2143 379 PARS
2183 324 2268 380 Ill.
2319 355 2380 366 -
2418 325 2829 382 EXEGETICA.
3571 325 3673 381 929

517 438 605 492 12.
634 438 819 508 Neque
853 439 1256 497 confundantur
1290 459 1454 514 super
1483 461 1588 510 me,
1640 446 1733 515 qui
1763 457 2012 515 quaerunt
2043 453 2085 507 Α

2187 447 2269 498 12.
2304 445 2452 516 Μηδὲ
2482 447 2877 517 ἐντραπείησαν
2899 446 2986 498 ἐπ’
3014 445 3114 514 ἐμέ
3141 444 3188 497 οἱ
3214 444 3504 516 ζητοῦντές
3537 462 3615 513 σε,
3647 445 3669 496 ἑ

449 539 519 593 te,
556 529 696 586 Deus
725 532 910 587 Israel.

2118 539 2248 599 Θεὸς
2274 537 2367 590 τοῦ
2401 537 2635 609 Ἰσραήλ.

516 625 602 678 15.
645 625 913 690 Quoniam
943 635 1164 695 propter
1197 636 1250 680 te
1277 627 1512 682 sustinui
1549 629 1900 698 opprobrium
1930 651 1940 684 :

1813 647 1900 683 um
1930 651 1940 684 :
2187 633 2271 685 15.
2301 632 2423 684 Ὀτι
2451 631 2613 684 ἐνεκά
2637 649 2726 684 σου
2749 631 3030 698 ὑπήνεγκα
3061 630 3377 699 ὀνειδισμὸν.

519 716 606 771 14.
639 715 860 786 Operuit
886 717 1135 773 confusio
1170 717 1360 773 faciem
1393 735 1592 775 meam.

2192 725 2276 777 H.
2313 724 2610 792 Ἐκάλυψεν
2635 724 2866 796 ἐντροπὴ
2899 724 2959 775 τὸ
2988 723 3276 792 πρόσωπόν
3313 740 3433 792 μου.

521 809 606 861 15.
644 807 943 863 Extraneus
976 809 1151 865 factus
1184 827 1304 865 sum
1335 811 1595 868 fratribus
1625 813 1758 868 meis
1785 831 1800 867 :

2185 815 2272 866 15.
2295 813 2828 885 Ἀπηλλοτριωμένος
2854 814 3111 886 ἐγενήθην
3134 818 3244 878 τοῖς
3267 815 3512 883 ἀδελφοῖς
3543 832 3640 886 μου
3657 831 3671 848 ·

521 900 607 952 16.
647 899 708 953 Et
733 902 1048 971 peregrinus
1082 904 1206 958 [iliis
1235 904 1426 958 matris
1453 920 1604 959 meae.

2191 906 2275 959 16.
2305 907 2413 958 Kal
2442 905 2589 970 ξένος
2624 909 2737 970 τοῖς
2769 909 2900 970 υἱοῖς
2936 906 3034 976 τῆς
3067 908 3268 977 μητρός
3297 925 3417 977 μου.

518 991 603 1044 17.
635 991 902 1057 Quoniam
935 996 1080 1051 zelus
1114 997 1308 1052 domus
1337 1007 1440 1052 tua:
1471 997 1704 1052 comedit
1740 1013 1864 1052 me:

2185 997 2269 1049 17.
2304 998 2424 1049 Ὅτι
2459 1000 2486 1050 ὁ
2509 996 2667 1067 ζῆλος
2687 995 2780 1049 τοῦ
2801 997 2948 1049 οἴκου
2978 1014 3069 1049 σου
3098 997 3374 1066 κατέφαγε
3409 1013 3475 1067 με
3497 1015 3510 1028 ⁸

522 1085 607 1136 18.
641 1083 705 1138 Et
749 1089 1038 1156 opprobria
1076 1091 1522 1148 exprobrantium
1575 1093 1668 1147 tibi
1700 1092 2014 1148 ceciderunt

2195 1089 2278 1142 18.
2310 1089 2420 1142 Kal
2445 1091 2491 1142 οἱ
2520 1089 2813 1160 ὀνειδισμοὶ
2854 1089 2960 1142 τῶν
2992 1089 3355 1153 ὀνειδιζόντων
3385 1106 3442 1142 σε
3481 1089 3651 1142 ἐπέπε

449 1188 510 1230 su
521 1193 611 1244 per
639 1195 744 1234 me.

2126 1197 2214 1234 σον
2245 1181 2330 1233 ἐπ’
2359 1181 2477 1250 ἐμέ.

521 1271 607 1324 l9.
642 1270 707 1326 Et
741 1274 929 1342 operui
961 1273 1015 1328 in
1040 1275 1247 1345 jejunio
1279 1275 1515 1330 animam
1550 1256 1769 1332 meam:

2201 1272 2283 1328 19.
2317 1273 2426 1326 Kal
2456 1273 2797 1342 συνεκάλυψα
2830 1276 2887 1327 ἐν
2916 1273 3138 1344 νηστείᾳ
3169 1273 3266 1344 τὴν
3298 1271 3473 1343 ψυχήν
3507 1289 3628 1344 μου.

520 1364 611 1418 20.
638 1365 704 1419 Et
742 1365 943 1421 factum
969 1377 1051 1422 est
1074 1368 1273 1440 [factus
1294 1368 1441 1441 sum]
1467 1371 1522 1424 in
1545 1369 1834 1442 opprobria
1861 1371 2012 1426 mihi.

2187 1362 2278 1419 20.
2311 1363 2420 1416 Kal
2448 1363 2678 1435 ἐγενήθη
2719 1362 3026 1435 [ἐγενήθην]
3061 1365 3138 1427 εἰς
3166 1363 3497 1434 ὀνειδισμοὺς
3539 1362 3677 1433 ἐμοί.

521 1457 612 1511 21.
648 1457 716 1513 Et
741 1461 899 1530 posui
938 1461 1321 1516 vestimentum
1349 1478 1529 1517 meum
1561 1463 1797 1518 cilicium
1827 1482 1840 1517 :

1794 1487 1797 1517 γ
1827 1482 1840 1517 ε
2193 1455 2280 1508 21.
2310 1454 2419 1508 Kal
2455 1454 2660 1526 ἐθέμην
2686 1455 2746 1509 τὸ
2774 1456 2974 1527 ἐνδυμά
3003 1474 3100 1527 μου
3135 1456 3365 1510 σάκκον·

521 1549 611 1605 22.
650 1549 718 1605 Ει
752 1552 925 1608 factus
949 1570 1070 1608 sum
1103 1554 1214 1610 illis
1247 1557 1298 1610 in
1332 1556 1669 1626 parabolam.

2195 1547 2286 1600 22.
2319 1547 2430 1600 Kal
2459 1548 2722 1619 ἐγενόμην
2752 1548 2934 1612 αὑτοῖς
2966 1550 3046 1611 είς
3079 1547 3409 1618 παραϐολήν.

512 1641 600 1696 25.
645 1643 945 1700 Adversum
995 1661 1082 1702 me
1130 1647 1492 1709 loquebantur
1531 1649 1625 1718 qui
1672 1647 1929 1703 sedebant
1965 1648 2016 1701 in

2190 1638 2278 1692 2'5.
2307 1639 2442 1691 Κατ’
2465 1639 2597 1708 ἐμοῦ
2628 1638 2944 1709 ήδολέσχουν
2965 1641 3014 1692 οἱ
3042 1638 3338 1709 καθήμενοι
3367 1641 3425 1692 ἐν
3456 1637 3677 1700 πύλαις·

453 1733 647 1804 portis,

2245 1805 2247 1807 .
2426 1803 2439 1810 η
2544 1804 2547 1807 .

522 1824 612 1877 24.
645 1821 712 1876 Ει
741 1823 793 1876 in
821 1838 908 1878 me
943 1823 1248 1893 psallebant
1274 1825 1366 1892 qui
1397 1825 1655 1880 bibebant
1687 1825 1892 1882 vinum.
2050 1811 2092 1863 Β

2050 1811 2092 1863 Β
2193 1817 2284 1872 24.
2313 1819 2424 1872 Καὶ
2450 1820 2529 1883 είς
2559 1820 2658 1892 ἐμὲ
2691 1820 2919 1890 ἔψαλλον
2951 1823 2998 1874 οἱ
3035 1823 3278 1885 πίνοντες
3316 1817 3474 1875 οἶνον.

524 1914 616 1969 25.
652 1913 764 1984 Ego
789 1929 918 1969 vero
944 1916 1202 1971 oratione'
1217 1931 1336 1972 mea
1372 1918 1440 1974 ad
1461 1929 1534 1983 te,
1565 1919 1828 1974 Domine:

2195 1911 2283 1965 25.
2316 1910 2460 1979 Ἐγὼ
2485 1910 2542 1964 δέ
2575 1913 2648 1983 (a)
2680 1915 2744 1984 τῇ
2778 1917 3048 1985 προσευχῇ
3079 1931 3178 1984 μου
3211 1915 3344 1984 πρὸς
3376 1916 3452 1979 σὲ,
3481 1913 3678 1987 Κύριε·

523 2006 615 2062 26.
650 2005 888 2076 Tempus
909 2008 1253 2078 beneplaciti.

2199 2004 2288 2056 26.
2427 2003 2632 2074 Καιρὸς
2657 2005 2920 2068 εὐδοκίας.

524 2097 616 2153 27.
667 2096 834 2164 Deus,
882 2099 938 2153 in
986 2100 1332 2156 multitudine
1373 2096 1763 2156 misericordia?
1787 2104 1898 2154 tua:
1930 2114 2022 2151 ex-

2197 2095 2285 2148 27.
2331 2095 2387 2148 'O
2417 2094 2566 2159 Θεὸς,
2602 2097 2659 2150 ἐν
2693 2096 2767 2166 τῷ
2791 2097 2982 2168 πλήθει
3009 2099 3100 2150 τοῦ
3125 2098 3302 2162 ἐλέους
3334 2117 3424 2154 σου
3455 2102 3681 2154 ἐπάκου-

456 2189 580 2245 audi
615 2205 717 2244 me.

2133 2187 2220 2239 σὸν
2267 2203 2388 2257 μου.

523 2281 613 2336 28.
641 2280 697 2333 In
729 2279 954 2334 veritate
980 2278 1172 2333 salutis
1196 2287 1318 2333 tuae.

2193 2277 2280 2331 28.
2315 2278 2404 2332 Ἐν
2433 2277 2657 2350 ἀληθείᾳ
2687 2280 2784 2350 τῆς
2809 2281 3079 2351 σωτηρίας
3110 2298 3221 2334 σου.

523 2371 614 2424 29.
642 2369 802 2438 Eripe
830 2384 918 2423 me
941 2369 1008 2422 de
1040 2369 1174 2432 luto,
1214 2377 1271 2423 ut
1305 2385 1411 2423 non
1441 2368 1666 2440 inligar:

2197 2368 2284 2420 29.
2325 2368 2504 2422 Σῶσόν
2537 2388 2604 2440 με
2633 2371 2740 2424 ἀπὸ
2766 2373 2958 2442 πηλοῦ,
2993 2374 3077 2425 ἵνα
3113 2373 3186 2444 μὴ
3217 2374 3448 2443 ἐμπαγῶ
3470 2391 3481 2403 ·

523 2460 613 2516 50.
648 2460 935 2515 Liberatus
967 2475 1088 2514 sum
1118 2460 1185 2514 ab
1217 2460 1304 2527 iis,
1336 2461 1426 2529 qui
1454 2460 1685 2514 oderunt
1719 2475 1826 2524 me,
1860 2470 1905 2514 et
1957 2466 2023 2513 de

2201 2462 2288 2515 50.
2333 2461 2612 2533 Ῥυσθείην
2651 2464 2715 2516 ἐκ
2760 2464 2868 2516 τῶν
2914 2465 3210 2520 μισούντων
3257 2485 3322 2538 με
3356 2469 3448 2522 καὶ
3490 2470 3552 2522 ἐκ
3582 2470 3683 2520 τῶν

455 2549 740 2623 profundis
768 2565 1052 2620 aquarum.

2133 2551 2340 2620 βαθέων
2369 2551 2476 2606 τῶν
2503 2552 2725 2607 ὑδάτων.

527 2682 605 2751 (a)
637 2681 695 2734 In
738 2698 912 2751 marg.
955 2681 1079 2736 cod.
1113 2679 1306 2751 Κάγώ.

528 2682 580 2749 (a
637 2682 695 2734 In
738 2698 912 2751 marg.
955 2682 1079 2736 cod.
1113 2682 1306 2747 Κάγώ.

528 2682 605 2824 (ὁῖ
634 2753 789 2809 Vers.
831 2751 917 2807 26.
968 2752 1173 2826 Καιρὸς
1200 2747 1446 2814 εὐδοκίας
1469 2749 1498 2803 ὁ
1525 2748 1674 2812 Θεός.
1733 2749 1889 2805 Vers.
1918 2748 2008 2803 27.
2049 2750 2099 2802 Ἐ

955 2682 1446 2826 ῗὲίρδξςαέὐιδδκίας
1469 2749 1498 2803 ό
1525 2748 1674 2812 Θεός.
1733 2749 1889 2805 Vers.
1918 2748 2008 2803 27.
2049 2750 2138 2803 Ἐν
2174 2751 2272 2821 τῷ,
2301 2762 2405 2810 etc.

1581 2869 1957 2927 ATllANASll
2000 2871 2578 2934 INTERPRETATIO.

534 2991 622 3046 12.
650 2990 717 3046 Ει
740 2991 1044 3061 deprecatio
1091 3001 1405 3049 sanctorum
1435 3001 1676 3061 tuorum,
1710 3007 1878 3064 quam
1925 3009 2024 3064 pro
2053 3000 2093 3053 C

2200 2996 2285 3050 12.
2323 2998 2432 3050 Kal
2465 2997 2571 3052 τῶν
2604 2999 2772 3068 ἁγίων
2801 3016 2892 3052 σου
2921 3000 2951 3067 ή
2987 2999 3169 3069 δεησις
3214 3013 3248 3066 η
3273 3003 3412 3054 ὑπεο
3445 3001 3578 3054 ἐμοῦ
3615 3001 3682 3070 μὴ

464 3099 550 3138 me
580 3083 834 3148 fundunt,
865 3084 1080 3141 infirma
1117 3101 1225 3140 non
1259 3085 1374 3140 fiat.

1123 3101 1225 3140 non
1259 3085 1374 3140 ﬁat.
2137 3087 2425 3158 ἁνίσχυρος
2453 3088 2694 3160 γένηται.

535 3176 623 3232 15.
652 3175 920 3242 Quoniam
966 3188 1187 3247 propter
1215 3193 1388 3248 spem,
1440 3193 1604 3248 quam
1637 3177 1808 3234 habeo
1853 3177 1910 3232 in
1961 3184 2034 3242 te,

2206 3177 2291 3235 15.
2327 3178 2446 3232 Ὅτι
2473 3179 2561 3232 διὰ
2591 3180 2689 3250 τὴν
2715 3179 2806 3233 ἐπὶ
2838 3181 2894 3233 σέ
2923 3180 3111 3233 ἐλπίδα
3139 3180 3391 3252 ὑπερορῶ
3421 3181 3637 3250 θλίψεις.

463 3267 706 3337 despicio
735 3268 1142 3325 tribulationes.

539 3360 626 3414 14.
660 3360 888 3415 infamia
922 3365 1127 3431 peccati
1158 3365 1283 3421 mei.

2211 3356 2296 3412 M.
2339 3359 2401 3411 'H
2429 3359 2656 3430 αἰσχύνη
2697 3361 2794 3431 τῆς
2834 3361 3104 3432 ἁμαρτίας
3139 3380 3258 3433 μου.

535 3449 624 3504 15.
653 3447 970 3519 Baptizatis.

2209 3451 2295 3504 15.
2323 3452 2449 3515 Τοῖς
2474 3453 2532 3506 ἐν
2557 3452 2635 3522 τῷ
2658 3452 3006 3523 βαπτίσματι.

539 3542 624 3596 16.
657 3543 872 3598 Ablutis
901 3543 955 3597 in
985 3543 1224 3598 lavacro.

2210 3541 2294 3594 16.
2329 3543 2452 3605 Τοῖς
2487 3545 2543 3596 ἐν
2573 3547 2638 3614 τῇ
2677 3544 3048 3616 κολυμϐήθρᾳ.

540 3635 624 3688 17.
664 3633 768 3700 Qui
794 3635 926 3688 mihi
957 3645 1040 3690 est
1061 3645 1249 3691 contra
1284 3645 1579 3706 peccatum.

2210 3633 2298 3687 17.
2328 3635 2388 3688 Οἱ
2425 3632 2550 3704 [Ὃς
2583 3635 2674 3705 μοὶ
2703 3636 2866 3707 κατὰ]
2901 3637 3001 3706 τῆς
3035 3624 3306 3709 ἁμαρτίας
3332 3637 3567 3711 ὑπάρχοι
3603 3640 3685 3712 (1).

538 3727 622 3780 18.
656 3727 1116 3784 Ratiocinationes
1150 3728 1482 3786 daemonum.

2210 3722 2294 3776 18.
2327 3724 2389 3776 Ol
2422 3721 2670 3794 λογισμοὶ
2699 3724 2806 3779 τῶν
2835 3725 3119 3796 δαιμόνων.

539 3817 624 3871 19.
657 3815 724 3870 Ει
756 3817 994 3873 abstinui
1023 3819 1092 3872 ab
1131 3819 1277 3873 omni
1313 3819 1476 3874 malo.

2210 3813 2295 3867 19.
2331 3814 2439 3867 Kal
2470 3815 2706 3885 ἀπέσχον
2733 3816 2806 3886 (2)
2841 3817 2947 3868 ἀπὸ
2977 3817 3176 3881 παντὸς
3207 3818 3397 3873 κακοῦ.

533 3909 623 3962 20.
675 3908 902 3979 Pr0pter
955 3926 1274 3979 sermones,
1317 3911 1518 3983 quibus
1576 3911 2039 3982 exprobraverunt

2207 3903 2294 3958 20.
2319 3903 2417 3957 Διὰ
2442 3905 2516 3973 (5)
2541 3903 2648 3960 τῶν
2669 3904 2962 3976 λογισμῶν,
2992 3899 3066 3960 ὧν
3107 3907 3378 3971 ὠνείδιζόν
3419 3927 3489 3980 με
3519 3910 3568 3962 οἱ
3593 3907 3689 3963 δαί-

472 4001 608 4054 milii
643 4000 939 4056 diemones.

749 4015 939 4056 nones.
2142 4010 2320 4064 μονες.

543 4091 603 4144 21
619 4132 632 4146 .
663 4089 871 4145 Fletum
909 4091 1200 4162 signiﬁcat.

2208 4085 2296 4138 21.
2336 4085 2494 4153 Λέγω
2522 4083 2586 4156 δὴ
2620 4083 2831 4147 πένθος.

539 4184 632 4239 22.
673 4182 731 4238 1η
771 4184 1034 4240 derisum.

2207 4177 2298 4230 22.
2329 4177 2424 4239 Είς
2451 4176 2822 4245 καταγέλωτα.

397 4317 408 4329 .
540 4275 631 4329 25.
691 4275 995 4334 Contrariae
1039 4283 1334 4344 potestates
1381 4285 1575 4330 contra
1623 4290 1712 4331 me
1760 4276 1968 4332 consult

474 4366 598 4399 ιιηηο

2209 4267 2300 4321 25.
2335 4268 2402 4320 Δί
2448 4267 2680 4322 ἐναντίαι
2713 4267 2969 4338 δυνάμεις
3003 4273 3122 4323 κατ’
3165 4271 3297 4343 ἐμοῦ
3346 4271 3687 4326 ἐϐουλεύοντο.

473 4366 622 4421 bant.

549 4457 636 4514 24.
669 4456 734 4512 Ει
765 4458 820 4512 in
849 4472 936 4512 me
957 4465 1286 4528 aspexerunt
1314 4458 1610 4528 gaudentes
1636 4457 1692 4512 iu
1719 4458 1896 4516 malis.

2210 4445 2299 4500 24.
2326 4446 2436 4500 Kal
2461 4446 2542 4510 είς
2568 4447 2668 4516 ἐμὲ
2691 4443 2829 4503 εἶδον
2853 4449 2903 4502 οἱ
2929 4449 3338 4522 εὐφραινόμενοι
3365 4451 3460 4506 ἐπὶ
3477 4455 3586 4517 τοῖς
3608 4467 3692 4504 και

2142 4557 2276 4603 κοις.

546 4634 635 4690 25.
672 4634 786 4706 Ego
815 4643 994 4691 autem
1028 4651 1125 4692 oro
1151 4636 1219 4692 ad
1254 4645 1325 4703 te,
1360 4636 1605 4692 Domine.

2209 4631 2299 4686 25.
2334 4632 2477 4701 Ἐγὼ
2505 4633 2562 4686 δέ
2587 4632 2775 4704 δέομαι
2797 4633 3024 4705 πρδς’σέ
3045 4674 3060 4700 ,
3090 4635 3281 4707 Κύριε.

545 4725 638 4782 26.
669 4725 810 4784 Ecce
837 4736 1051 4797 tempus
1086 4727 1417 4797 acceptabile
1448 4728 1847 4797 deprecationis
1882 4744 2037 4786 meae.

2208 4722 2300 4777 26.
2322 4723 2455 4777 Ἰδοὺ
2475 4723 2548 4795 (4)
2566 4724 2753 4795 καιρὸς
2773 4725 3161 4796 εὐπρόσδεκτος
3176 4728 3274 4796 τῆς
3290 4725 3526 4797 δεήσεως
3545 4743 3654 4796 μου.

545 4817 636 4871 27.
664 4817 803 4874 Ecce
839 4834 985 4873 nunc
1016 4819 1132 4874 dies
1162 4821 1354 4876 salutis
1380 4837 1514 4877 meae
1541 4832 1762 4894 propter
1793 4825 2040 4880 multitu-

2214 4817 2303 4872 27.
2344 4817 2476 4872 Ἰδοὺ
2507 4817 2600 4871 νῦν
2626 4819 2808 4890 ἡμέρα
2837 4820 3106 4892 σωτηρίας
3136 4837 3235 4890 μου
3266 4820 3353 4873 διὰ
3399 4821 3460 4872 τὸ
3505 4818 3691 4886 πλῆῦπ

475 4910 656 4966 dinem
689 4913 1073 4968 misericordiae
1105 4921 1228 4968 tuae.

1016 4913 1073 4967 ia:
1105 4921 1228 4968 tute.
2145 4908 2236 4962 τοῦ
2265 4908 2446 4972 ἐλέους
2475 4926 2587 4965 σου.

548 5003 636 5057 28.
669 5003 904 5069 Incerta
935 5005 1128 5069 salute,
1155 5020 1277 5075 qua:
1310 5003 1442 5058 mihi
1476 5021 1506 5058 a
1546 5015 1597 5060 te
1629 5015 1730 5061 est.

2216 5001 2304 5055 28.
2331 5002 2420 5054 Ἐν
2443 5004 2507 5072 τῇ
2536 5002 2764 5056 ἀπλανεί
2789 5003 3030 5076 σωτηρίᾳ
3059 5020 3157 5074 μου
3185 5007 3250 5074 τῇ
3287 5003 3435 5074 παρὰ
3468 5003 3548 5057 σοί
3574 5003 3660 5070 (5}.

546 5095 638 5171 29.
663 5093 851 5150 Reduc
878 5112 964 5152 me
991 5112 1022 5150 a
1054 5105 1293 5167 peccato,
1325 5113 1395 5153 ne
1423 5112 1790 5168 permaneam.

2215 5093 2301 5147 29.
2328 5092 2462 5145 Ἀπὸ
2488 5093 2585 5164 τῆς
2607 5094 2879 5165 ἁμαρτίας
2913 5093 3151 5163 ἀνάγαγέ
3178 5111 3247 5164 με
3266 5133 3283 5159 ,
3328 5095 3416 5147 ἵνα
3458 5093 3531 5165 μή
3570 5095 3691 5145 ἁπο-

2149 5203 2336 5256 μεινω.

548 5272 636 5327 50.
673 5272 958 5330 Liberatus
986 5291 1105 5330 sum
1130 5275 1198 5332 ab
1229 5275 1527 5332 immundis
1555 5277 1860 5345 spiritibus,
1892 5288 1944 5333 et
1972 5280 2040 5334 ab

2215 5277 2302 5332 50.
2334 5279 2612 5352 Ῥυσθείην
2633 5281 2696 5333 ἐκ
2716 5280 2823 5335 τῶν
2841 5281 3160 5346 ἀκαθάρτων
3181 5279 3503 5352 πνευμάτων
3524 5278 3610 5333 καὶ
3635 5278 3688 5330 ἐκ

480 5378 670 5421 eorum
700 5369 1102 5440 cupiditatibus.

2144 5367 2250 5421 τῶν
2277 5369 2579 5441 ἐπιθυμιῶν
2613 5372 2809 5429 αὐτῶν.

1427 5479 1734 5543 Addenda
1761 5485 1821 5542 et
1869 5477 2244 5555 corrigenda
2280 5497 2363 5542 ex
2385 5480 2526 5542 cod.
2554 5482 2755 5548 Vatic.

667 5603 989 5675 _'_Y7:oup‘{o!.
2220 5611 2294 5675 (ὁ)
2329 5612 2458 5667 Ἰδοὺ
2488 5610 2602 5666 νῦν.

559 5611 604 5668 (1
619 5611 635 5668 )
680 5611 989 5675 ’Υπουργοί.

559 5671 634 5754 <32
666 5672 1005 5754 ζᾼτεεεκέμυν

871 5611 989 5674 ›γοί.
2243 5613 2272 5665 ὁ
2329 5612 2442 5667 ’1δοί

871 5676 1005 5754 όμτπν
2219 5611 2294 5754 151
2323 5682 2442 5738 Σοῦ.

560 5741 637 5810 (δ)
670 5742 774 5794 Καὶ
803 5741 908 5797 διὰ.
