3978 6204
279 355 389 417 ξ25
1173 351 1263 409 DE
1300 349 1575 410 ΤΗΙ]υὸ
1608 344 2058 436 PSADMORUM.
2096 374 2165 385 ——
2202 340 2401 399 PSAL.
2435 335 2666 394 LXVlll.
3410 320 3523 376 926

354 452 444 531 5i.
469 473 562 544 Μή
593 489 659 544 με
687 485 1136 525 καταποντισατω
1168 452 1418 538 καταιγὶς
1445 466 1631 530 ὓδατος
1649 481 1664 496 ’
1876 464 1925 520 Α

1876 464 1956 520 Α.
2021 461 2109 515 51.
2147 457 2263 512 Νοη
2300 469 2384 509 me
2416 454 2695 519 demergat
2722 453 3015 516 tempestas
3043 458 3235 513 aquae:

356 565 446 621 52.
478 536 631 633 Medi).
658 561 972 617 καταπιέτω
1002 577 1070 631 με
1100 558 1256 629 βυθός
1275 576 1289 591 ·
1346 536 1353 538 ⁷

2025 550 2114 606 52.
2146 548 2335 616 Neque
2363 543 2655 599 absorbcat
2679 554 2765 593 me
2796 536 3122 607 profundum
3150 553 3162 588 :

355 658 443 713 55.
483 656 637 725 Μηδὲ
671 654 913 725 συσχέτω
938 653 1023 704 ἐπ’
1051 652 1149 722 ἐμὲ
1178 650 1357 722 φρέαρ
1384 650 1445 702 τὸ
1469 648 1639 719 στόμα
1664 643 1848 701 αὐτοῦ.

1808 643 1848 701 5.
2025 642 2113 696 55.
2143 638 2328 708 Neque
2371 640 2560 704 urgeat
2580 645 2742 701 super
2770 644 2856 683 me
2884 636 3080 697 puteus
3112 640 3175 680 os
3201 638 3379 679 suum.

352 750 438 806 54.
479 714 811 803 Είσάκουσέν
846 761 945 817 μου
965 785 980 811 ,
1015 714 1339 814 Κιίριεϊὸτι⁷
1354 714 1585 814 χρηστὸν
1612 740 1673 794 τὸ
1705 738 1852 803 ἔλεός

2026 732 2116 786 54.
2150 727 2358 783 Exaudi
2412 740 2520 789 me,
2573 721 2823 783 Domine,
2854 716 3109 787 quoniam
3159 714 3389 784 benigna
3433 717 3518 767 est

400 859 414 872 -
1958 820 2326 880 misericordia
2354 827 2444 873 tua

351 860 380 894 υ
400 860 414 872 .

285 860 449 986 ⁷⁷055.
483 930 639 984 Κατὰ
672 929 732 983 τὸ
760 927 961 1000 πλῆθος
987 927 1095 982 τῶν
1117 925 1413 998 οἰκτιρμῶν
1449 942 1540 978 σου
1566 923 1854 994 ἐπίϐλεψον

2026 915 2113 969 55.
2160 911 2469 967 Secundum
2514 906 2917 962 multitudinem
2960 902 3369 959 miserationum
3399 905 3519 953 tua-

286 1021 375 1076 ὲπ*
403 1020 504 1091 ὲμὲ

1959 1019 2079 1059 rum
2104 1002 2313 1071 respice
2352 1000 2407 1053 in
2430 1014 2537 1054 me.

475 1112 567 1183 Μὴ
586 1112 934 1184 ἀποστρέψῃς
950 1111 1012 1165 τὸ
1038 1109 1326 1181 πρόσωπόν
1355 1124 1446 1161 σου
1475 1104 1580 1159 ἀπὸ
1604 1103 1701 1158 τοῦ
1729 1120 1856 1158 παι-

1692 1104 1701 1155 i
1729 1120 1856 1158 παι-
2029 1093 2119 1149 56.
2145 1092 2224 1148 Ne
2244 1100 2457 1147 avertas
2484 1089 2676 1145 faciem
2705 1094 2856 1141 tuam
2887 1100 2918 1139 a
2949 1099 3118 1155 puero
3142 1092 3263 1137 tuo:

285 1201 377 1266 δός
407 1220 536 1257 σου*
2998 1199 3007 1207 ‘

357 1259 445 1350 57.
484 1296 603 1348 Ὀτι
631 1294 903 1365 Θλίόομαι,
935 1295 1071 1365 ταχὺ
1097 1291 1396 1347 ἐπάκουσὸν
1426 1306 1547 1361 μου.

2028 1269 2117 1322 57.
2149 1267 2411 1334 Quoniam
2446 1264 2696 1329 tribulor,
2723 1261 2984 1318 velociter
3008 1259 3204 1315 exaudi
3236 1274 3341 1315 me.

363 1383 451 1440 58.
489 1384 732 1456 Πρόσχες
762 1352 828 1456 τῇ
877 1352 1039 1456 ψυχῆς
1074 1401 1202 1455 μου,
1243 1382 1337 1435 καὶ
1363 1352 1636 1452 λύτρωσαι
1666 1376 1852 1449 αὑτήν.

1681 1376 1852 1449 ιῦτήν,
2030 1360 2120 1414 58.
2147 1357 2373 1413 Intende
2405 1357 2601 1411 animae
2627 1370 2776 1418 meae,
2810 1363 2866 1408 et
2891 1352 3061 1407 libera
3093 1366 3212 1407 eam
3240 1370 3252 1405 :

356 1477 444 1534 59.
477 1445 680 1532 Ἕνεκα
846 1445 1055 1548 ὲέθρίξν
1074 1445 1197 1546 ⁷μου⁷
1225 1471 1382 1545 ῥῦσαί
1418 1445 1506 1542 μὲ.
1789 1445 1799 1449 ⁷

1789 1445 1799 1449 ⁷
2030 1451 2119 1506 59.
2152 1451 2384 1520 Propter
2408 1448 2661 1503 inimicos
2684 1461 2837 1501 meos
2871 1445 3018 1514 eripe
3048 1458 3155 1499 me.

361 1533 446 1628 40.
479 1571 551 1624 Σὺ
581 1571 689 1643 γὰρ
712 1533 999 1639 γινώσοίείς
1026 1533 1117 1621 τὸν
1144 1533 1441 1635 ὁνέιδισμόν
1477 1578 1580 1636 μου
1600 1601 1617 1628 ,
1642 1560 1736 1616 καὶ
1760 1558 1859 1632 τὴν

2031 1540 2121 1597 40.
2158 1540 2238 1595 Tu
2270 1540 2414 1596 enim
2447 1539 2557 1594 sc'is
2583 1536 2971 1608 improperiuni
3002 1550 3203 1600 meum,
3229 1542 3284 1588 et
3327 1533 3520 1589 confu-

292 1663 552 1734 αἰσχύνην
580 1629 706 1734 μοί),
724 1629 831 1715 ⁷καὶ
859 1659 956 1732 τὴν
980 1629 1248 1729 ἐντροπὴν
1286 1629 1407 1728 μον.
1478 1629 1491 1636 ⁷
1815 1629 1825 1632 ⁷

1815 1629 1825 1632 ⁷
1963 1633 2172 1690 sionem
2203 1648 2401 1698 meam,
2438 1640 2492 1686 et
2516 1629 2875 1686 reverentiam
2903 1642 3076 1682 meam
3103 1645 3114 1679 :

468 1716 747 1807 ἐναντίον
781 1769 871 1805 σου
904 1716 1101 1813 έτάντεξ
1134 1751 1184 1802 οἱ
1205 1716 1486 1811 ⁷θλίὸοντές
1514 1764 1601 1817 με.
1900 1816 1913 1817 7

2032 1724 2122 1778 41.
2145 1722 2198 1776 In
2221 1728 2513 1792 conspectu
2534 1729 2623 1776 tuo
2647 1729 2773 1776 sunt
2791 1734 3001 1781 omnes,
3019 1717 3113 1787 qui
3135 1716 3394 1772 tribulant
3412 1729 3519 1769 me.

360 1845 450 1899 42.
485 1845 815 1916 Ὀνειδισμὸν
842 1842 1239 1916 προσεδόκησεν
1271 1842 1304 1911 ὴ
1336 1838 1479 1910 ψυχή
1506 1816 1606 1909 μου
1639 1835 1739 1908 (a),
1766 1834 1863 1891 καὶ
1893 1816 1931 1875 Β

2032 1836 2122 1890 42.
2173 1835 2568 1905 Improperium
2590 1832 2924 1904 exspectavit
2961 1831 3143 1886 anima
3173 1845 3313 1898 mea,
3343 1838 3396 1886 et
3425 1829 3521 1882 mi-

289 1934 689 2007 ταλαιπωρίαν.

609 1952 689 1988 ιν.
1962 1927 2180 1984 seriam.

362 2025 452 2081 45.
482 2028 593 2080 Kal
620 2025 887 2080 ὑπέμεινα
913 2023 1366 2094 συλλυπούμενον,
1391 2021 1485 2074 καὶ
1503 2019 1601 2090 οὐχ
1624 2016 1861 2093 ὑπῆρξεο

2031 2016 2120 2072 45.
2156 2016 2222 2071 Et
2255 2016 2493 2073 sustinui
2524 2017 2619 2088 qui
2649 2016 2811 2072 simul
2844 2016 3283 2083 contristaretur,
3318 2024 3375 2071 et
3413 2028 3527 2069 non

1968 2106 2075 2163 fuit
2099 2126 2112 2161 :
2852 2102 2857 2109 ’

367 2199 452 2255 44.
485 2202 595 2255 Καὶ
632 2201 1080 2274 παρακαλοῦντας
1100 2243 1116 2268 ,
1142 2200 1237 2254 καὶ
1265 2201 1363 2270 οὐχ
1393 2193 1570 2269 εὗρον.

2036 2199 2129 2254 44.
2162 2198 2228 2253 Et
2251 2200 2346 2269 qui
2377 2201 2771 2266 consolaretur,
2808 2207 2863 2254 et
2890 2214 3000 2253 non
3033 2200 3232 2254 inveni.

366 2291 454 2347 45.
488 2294 597 2348 Καὶ
628 2294 834 2349 ἔδωκαν
857 2296 938 2359 είς
966 2294 1027 2348 τὸ
1054 2292 1249 2366 βρῶμά
1278 2309 1377 2363 μου
1410 2290 1571 2362 χολήν
1589 2306 1603 2320 ’

1589 2306 1603 2320 ’
2035 2291 2124 2345 45.
2154 2290 2220 2345 Et
2250 2293 2518 2347 dederunt
2545 2292 2600 2346 in
2631 2306 2814 2347 escam
2846 2307 3021 2347 meam
3056 2290 3145 2344 fel.

364 2383 454 2439 46.
485 2385 593 2438 Καὶ
623 2387 703 2449 είς
732 2386 831 2456 τὴν
861 2385 1019 2455 δίψαν
1051 2403 1151 2456 μου
1182 2383 1436 2439 ὲπότισάν
1463 2399 1530 2453 με
1562 2380 1704 2445 ὅξος.

1663 2395 1704 2442 ς·
2032 2384 2122 2439 46.
2151 2384 2216 2440 Et
2243 2386 2298 2440 in
2321 2386 2410 2440 siti
2444 2401 2563 2441 mea
2597 2395 2927 2456 potaverunt
2953 2400 3040 2439 me
3062 2393 3234 2439 aceto.

400 2476 453 2530 7.
480 2475 764 2550 Γενηθήτω
792 2479 826 2548 ἡ
850 2476 1096 2548 τράπεζα
1120 2476 1300 2529 αὐτῶν
1327 2473 1553 2527 ἐνώπιον
1583 2466 1759 2523 αὐτῶν
1780 2465 1860 2527 είς

320 2568 522 2622 παγίδα.
1723 2605 1727 2609 -

2035 2478 2126 2535 47.
2150 2478 2270 2535 Fiat
2300 2496 2487 2538 mensa
2510 2497 2698 2537 eorum
2723 2495 2914 2537 coram
2940 2480 3073 2551 ipsis
3102 2480 3156 2534 in
3188 2479 3466 2550 laqueum,

293 2583 522 2636 παγίδα,

370 2663 445 2729 (a;
484 2657 543 2713 In
576 2673 751 2728 marg.
786 2659 929 2724 cod.,
960 2660 995 2728 ἠ
1024 2657 1219 2728 καρδία
1255 2675 1373 2728 μου.

1412 2737 1786 2798 ATHANASII
1822 2733 2411 2792 INTERPRETATIO.

367 2841 456 2908 5i,
479 2840 565 2896 52.
594 2837 672 2911 (1)
697 2838 788 2911 Μή
824 2856 924 2909 μου
954 2837 1439 2911 κατακυριευσάτω
1479 2833 1743 2908 ἐπιθυμία
1765 2832 1873 2889 τῶν
1898 2834 1938 2894 C

2044 2829 2135 2895 51,
2170 2830 2262 2884 52.
2289 2828 2408 2883 Νοη
2448 2831 2682 2901 amplius
2731 2832 2785 2886 in
2823 2846 2909 2886 me
2942 2829 3250 2885 dominetur
3277 2827 3533 2899 concupi-

296 2934 585 3005 δαιμόνων.

1973 2922 2181 2978 scentia
2209 2923 2535 2976 daemonum.

377 3026 463 3081 35.
493 3025 646 3095 Μηδὲ
674 3025 970 3099 συγκλείσῃ
1001 3043 1067 3096 με
1091 3026 1148 3080 ὲν
1180 3022 1356 3094 ἑαυτῷ
1392 3024 1420 3076 ὁ
1440 3021 1703 3085 διάϐολος.

2041 3011 2132 3065 55.
2166 3008 2353 3081 Neque
2377 3011 2669 3066 concludat
2694 3026 2781 3066 me
2814 3010 2868 3065 in
2896 3026 2956 3066 se
2984 3010 3107 3097 ipso
3131 3008 3396 3065 diabolus.

369 3118 455 3173 54.
486 3087 776 3187 meum;
810 3114 886 3188 (2)
929 3087 1097 3169 ἐστιν.
1328 3087 1340 3094 ⁷

2039 3102 2130 3158 at.
2164 3101 2324 3159 Utilis
2351 3113 2452 3159 est.
2984 3087 2995 3097 '

372 3210 460 3267 55.
487 3210 650 3264 Ὅσον
676 3209 941 3281 ὑπάρχεις
970 3208 1266 3280 οἰκτίρμων
1291 3247 1306 3270 ,
1353 3204 1616 3277 βοήθησόν
1663 3221 1730 3275 με
1766 3202 1869 3274 (5);

1665 3221 1730 3275 με
1766 3202 1869 3274 (5);
2043 3196 2134 3252 55.
2164 3194 2441 3263 Quantum
2474 3211 2533 3252 es
2560 3196 2875 3250 misericors
2903 3192 3098 3263 adiuva
3133 3207 3236 3248 me.

372 3298 588 3370 362M);
620 3298 900 3371 ὀργισθῇς,
935 3298 1195 3361 Δέσποτα,
1226 3295 1304 3365 τῷ
1336 3295 1414 3367 σῷ
1449 3294 1656 3367 οἰκέτῃ.

1591 3310 1656 3367 πῃ.
2039 3286 2128 3341 56.
2164 3284 2244 3341 Ne
2270 3287 2544 3352 irasceris,
2584 3286 2831 3352 Domine,
2864 3299 3022 3341 servo
3049 3296 3162 3339 tuo.

372 3390 458 3443 57.
494 3389 888 3461 Ὅτιθλίϐομαι
913 3389 999 3442 διὰ
1022 3388 1119 3459 τὴν
1146 3387 1419 3458 ἁμαρτίαν
1470 3404 1569 3458 μου
1604 3385 1742 3456 ταχὺ
1773 3384 1872 3438 ὲπ-

2042 3378 2133 3435 57.
2177 3378 2448 3444 Quoniam
2484 3377 2712 3431 tribulor
2758 3385 2977 3448 propter
3017 3385 3296 3446 peccatum
3332 3388 3535 3438 meum,

305 3478 538 3536 beatide
567 3479 642 3551 (4)
673 3482 821 3552 μου.ἶ

1968 3468 2228 3523 velociter
2256 3469 2453 3523 exaudi
2484 3483 2588 3522 me.

372 3572 461 3626 58.
498 3571 802 3642 Προνόησον
831 3575 898 3643 τῇ
932 3571 1076 3643 ψυχῇ
1114 3589 1213 3642 μου
1245 3572 1345 3642 (5).
1444 3626 1446 3629 .

1245 3572 1345 3642 (5).
1444 3626 1446 3629 ,
2042 3560 2132 3615 58.
2163 3559 2396 3615 Provide
2422 3562 2616 3615 animae
2645 3572 2797 3613 meae.

376 3665 464 3719 59.
498 3667 563 3719 El
590 3666 685 3719 καὶ
709 3667 820 3734 ἐγὼ
845 3666 945 3719 οὐκ
971 3666 1089 3736 εἰμὶ
1134 3665 1280 3732 ἄξιος
1314 3664 1389 3736 (6)
1425 3662 1739 3735 δυσωπῆσαι
1783 3677 1873 3728 σε,

2044 3654 2133 3709 59.
2160 3652 2227 3707 Et
2264 3654 2308 3706 si
2338 3668 2436 3722 ego
2460 3653 2658 3722 dignus
2689 3666 2796 3704 non
2824 3649 2925 3704 sim
2956 3655 3029 3701 ut'
3055 3654 3107 3701 te
3143 3660 3382 3710 exorem,
3434 3660 3531 3699 ve-

304 3757 441 3811 αλλὰ
471 3757 560 3811 διὰ
593 3757 654 3811 τὸ
688 3761 869 3829 μισεῖν
902 3774 959 3811 σε
988 3757 1087 3821 τὰς
1118 3757 1363 3819 ἐναντίας
1392 3756 1669 3826 δυνάμεις.

1974 3752 2288 3799 rumtamen
2324 3742 2583 3811 quoniam
2617 3741 2782 3795 odisti
2820 3736 3123 3793 contrarias
3144 3736 3457 3804 porestates.

375 3847 466 3903 40.
492 3850 564 3904 Σὺ
584 3823 701 3921 γὰρ
722 3839 1013 3918 γινώσκὲις
1036 3849 1128 3903 τὸν
1161 3848 1463 3919 ὁνειδισμόν
1498 3823 1599 3919 μου
1628 3846 1718 3900 τὸν
1748 3844 1879 3917 παρ’

2047 3834 2134 3889 40.
2179 3833 2259 3888 Tu
2303 3834 2447 3887 enim
2499 3831 2609 3887 scis
2658 3829 3009 3899 opprobrium
3053 3840 3258 3889 meum,
3292 3823 3438 3893 quod
3472 3823 3542 3878 ab

306 3941 506 4009 αὐτῶν,
541 3917 635 3995 καὶ
658 3917 761 4013 τὴν
787 3941 1049 4012 αἰσχύνην
1081 3941 1148 4010 ἢν
1175 3939 1305 4010 ἔχω,
1329 3917 1425 3991 καὶ
1456 3917 1555 4008 τῆν
1587 3938 1877 4009 ὲντροπήν.

1975 3927 2058 3983 eis
2082 3926 2216 3980 mihi
2254 3934 2355 3992 est,
2387 3933 2443 3981 et
2480 3923 2878 3988 confusionem,
2917 3933 3081 3990 quam
3128 3917 3323 3981 habeo,
3359 3924 3413 3970 et
3438 3930 3540 3985 pu-

1977 4018 2182 4074 dorem.

374 4114 464 4170 41.
504 4116 569 4168 Δί
600 4114 836 4168 ἐναντίαι
867 4113 1122 4185 δυνάμεις
1160 4113 1297 4167 εἰσὶν
1320 4114 1378 4167 αί
1407 4111 1685 4166 θλίϐουσαί
1718 4129 1805 4182 με.

2050 4109 2142 4163 41.
2174 4106 2478 4162 (Σοου-θῆαι
2505 4113 2801 4176 potestates
2825 4109 2975 4167 sunt,
3000 4115 3120 4170 qua:
3148 4097 3407 4153 tribulant
3433 4112 3539 4152 me.

376 4204 466 4260 42.
490 4205 648 4277 Παρὰ
684 4208 848 4260 πᾶσιν
872 4205 1072 4270 ὄνειδος
1094 4205 1188 4259 καὶ
1214 4202 1501 4274 βδελυκτὺς
1535 4203 1820 4274 ἐγενόμην.
1909 4195 1947 4251 D

2052 4197 2141 4251 42.
2177 4196 2332 4266 Apud
2364 4211 2555 4251 omnes
2601 4194 2918 4265 probrosus,
2949 4200 3004 4247 et
3035 4186 3417 4246 abominabilis
3464 4185 3544 4240 fa-

1979 4298 2101 4344 ctus
2131 4302 2274 4344 sum.

378 4382 465 4437 45.
501 4382 700 4436 Λοιπὸν
731 4383 760 4435 ὁ
788 4381 992 4454 Κύριος
1037 4381 1223 4451 λέγει,
1269 4382 1351 4436 ὅτι
1392 4381 1720 4453 Περιέμεινα
1755 4381 1881 4434 ἰδεῖν

2050 4381 2141 4435 45.
2172 4378 2401 4433 Demum
2447 4374 2713 4431 Dominus
2761 4372 2914 4437 dicit,
2943 4369 3200 4441 quoniam
3237 4363 3544 4436 exspectavi

305 4491 433 4527 τινα
485 4474 918 4545 συλλυπούμενον
940 4473 1048 4546 ,τῷ
1109 4474 1507 4545 ἁμαρτάνοντι,
1557 4474 1651 4527 καὶ
1708 4472 1876 4537 οὐδεὶς

1981 4472 2166 4527 videre
2222 4469 2459 4538 aliquem
2506 4466 2884 4522 condolentem
2930 4461 3198 4534 peccaturi
3223 4497 3238 4515 .
3282 4467 3336 4513 ct
3384 4469 3545 4511 nemo

311 4567 470 4631 ὅλως.

1983 4563 2211 4619 omnino
2238 4560 2360 4615 fuit.

383 4659 473 4714 44.
505 4659 911 4724 Νουθετοῦντας
946 4659 1246 4732 ὲξεζήτησα
1301 4656 1378 4727 (7)
1434 4653 1604 4719 ἐλθὼν
1648 4654 1741 4707 ἐπὶ
1783 4653 1883 4728 τὴν

2054 4654 2147 4709 44.
2178 4652 2552 4706 Admonentes
2600 4644 2824 4716 quasivi
2871 4643 3097 4699 veniens
3121 4641 3177 4695 in
3217 4647 3440 4706 terram,
3492 4644 3548 4692 et

308 4749 438 4821 γῆν,
464 4752 558 4803 καὶ
590 4750 686 4821 οὐχ
710 4744 886 4821 εὗρον.
1818 4766 1821 4769 λ

751 4744 886 4821 5ρον.
1818 4766 1821 4769 λ
1985 4760 2097 4803 non
2123 4745 2322 4799 inveni.

382 4838 473 4894 45.
503 4841 628 4895 Ἐπὶ
652 4840 747 4895 τοῦ
778 4839 1033 4912 σταυροῦ.

868 4839 1033 4912 ιυροῦ.
2057 4837 2145 4893 45.
2176 4836 2232 4890 In
2259 4848 2439 4891 cruce.

383 4932 471 4988 46.
519 4932 749 5004 Ὁμοίως
770 4931 845 5005 (8)
877 4932 969 4984 ἐπὶ
997 4930 1092 4985 τοῦ
1127 4928 1383 5002 σταυροῦ.

1169 4928 1383 5002 ταυροῦ.
2054 4927 2143 4983 46.
2181 4926 2443 4981 Similiter
2472 4925 2529 4980 in
2560 4937 2740 4979 cruce.

385 5022 472 5078 47.
490 5023 553 5076 Ἥ
572 5000 969 5095 πιαρδίααῦτῶν
982 5022 1108 5074 εῐτω
1127 5000 1312 5092 [ἔστω]
1344 5019 1767 5093 εὐτρεπισμένον
1801 5018 1878 5093 (9)

2054 5019 2144 5073 47.
2177 5018 2286 5074 Cor
2308 5033 2496 5073 eorum
2522 5017 2594 5072 sit
2616 5018 2976 5085 praeparatum
3005 5007 3240 5071 diabolo,
3268 5013 3322 5060 et
3343 5000 3547 5075 angelis

310 5113 394 5186 τῷ
424 5114 671 5186 διαϐόλῳ,
701 5115 795 5168 καὶ
825 5115 938 5177 τοῖς
965 5111 1217 5181 ἀγγέλοις
1244 5109 1429 5165 αὑτοῦ.
1985 5110 2126 5182 ejus.

1265 5204 1574 5266 Addenda
1613 5211 1675 5266 et
1706 5203 2087 5289 corrigenda
2108 5218 2187 5264 ex
2209 5197 2349 5262 cod.
2380 5195 2582 5257 Vatic.

390 5330 467 5401 (ι)
500 5328 564 5385 Ν.
598 5330 695 5387 31..
724 5330 984 5401 Μήηειο.
1011 5324 1076 5383 Ν.
1108 5327 1195 5382 32.
1270 5327 1329 5380 ιο
1360 5326 1623 5393 διάϐολος.
1681 5327 1748 5383 Ν.
1783 5327 1875 5388 5,3.
2032 5324 2127 5401 (6)
2157 5325 2221 5377 Et
2244 5321 2337 5401 3.31
2359 5315 2469 5401 ξγὼ
2519 5314 2736 5381 ἀνάξιός
2769 5313 2903 5382 ειμι.
2946 5309 3065 5364 Mox
3102 5306 3549 5380 μισεῖν....δυ-

315 5388 472 5472 Μήξὲ
503 5388 905 5472 navalisve?»
968 5469 977 5472 ,
1140 5466 1152 5472 -
1202 5465 1243 5472 __
1301 5467 1312 5472 _
1584 5388 1598 5393 ⁷
1984 5388 2517 5472 νάὲϋέιςιέῧσαί.μεο

392 5451 470 5538 (2)
506 5451 637 5525 δόἶί
653 5451 933 5541 ὧξρέλιμόν
963 5469 1079 5521 ἐστι
1105 5466 1168 5521 τὸ
1200 5465 1345 5531 ἔλεός
1373 5483 1489 5527 σου.
2158 5451 2271 5541 Keil
2299 5451 2696 5541 vouﬁ'eropvrai
2713 5451 2966 5541 ἐζήτησα.

393 5526 631 5611 (mum.
720 5526 732 5539 ‘
796 5526 849 5611 _'
1326 5526 1341 5531 '
1482 5526 1487 5527 ί

1326 5526 1341 5531 ⁷
1482 5526 1487 5527 ⁷
2171 5531 2409 5611 ξρμοίως
2440 5526 2620 5586 πάλιν.
2650 5533 2752 5611 etc.

2060 5465 2112 5518 ⁷7
2162 5465 2271 5517 Καὶ
2299 5465 2684 5516 νουθετούντας
2713 5465 2778 5515 ες

2081 5536 2110 5586 8
2176 5531 2408 5603 Ὁμοίως
2440 5526 2620 5586 πάλιν.
2650 5533 2753 5579 etc.

2055 5465 2138 5677 $9)
2171 5605 2327 5665 Ἦτω
2359 5593 2778 5673 εὐτρεπισμένη.

419 5608 471 5665 4)
501 5608 860 5665 Ἐπάκουσόν.

419 5616 471 5674 4)
501 5616 860 5665 Ἐπάκουσόν.

394 5616 473 5756 l5)
503 5680 808 5755 Προνόησαι
837 5678 935 5750 τῆς
967 5675 1144 5749 ψυχῆς
1175 5693 1295 5749 μου·
1393 5678 1397 5683 ’
