3978 6204
461 327 568 381 927
1308 329 1364 385 S.
1411 327 1776 385 ATHANASII
1815 327 1967 386 OPP.
2010 325 2189 381 PARS
2228 326 2311 381 lll.
2351 356 2421 377 -μ-
2455 321 2865 379 EXEGETICA.
3606 315 3714 372 θεν

533 443 622 501 48.
653 443 719 498 Ει
749 445 802 500 in
831 448 1268 516 retributionem,
1301 450 1432 504 etin
1467 451 1808 508 scandalum.
2064 454 2104 510 A

2064 454 2112 510 Α
2209 448 2278 501 48
2333 449 2441 501 Kal
2473 447 2553 510 si;
2593 444 2968 503 ἀνταπόδοσιν,
3001 439 3094 493 καὶ
3123 440 3202 501 εἰς
3230 435 3555 541 σκάνδαλον.ε

534 537 621 591 49.
656 536 1032 595 Obscurentur
1058 541 1204 596 oculi
1231 557 1445 611 eorum,
1470 561 1538 599 ne
1567 544 1826 600 videant:

2213 536 2299 592 49.
2324 535 2767 607 Σκοτισθήτωσαν
2798 534 2846 585 οἱ
2879 530 3146 600 ὀφθαλμοὶ
3178 527 3356 582 αὐτῶν
3379 525 3471 580 τοῦ
3497 525 3573 596 μὴ
3597 523 3713 595 βλέ-

2142 646 2262 682 πειν
2284 645 2298 658 ⁶

536 710 626 767 50.
663 711 730 766 Ει
759 713 984 769 dorsum
1019 731 1211 771 eorum
1241 733 1458 789 semper
1487 720 1735 778 incurva.

2213 720 2300 774 50.
2331 718 2441 772 Kal
2489 718 2579 771 τὸν
2637 714 2814 769 νῶτον.
2843 713 3020 767 αὐτῶν
3049 709 3335 775 διαπαντὸς
3371 707 3708 780 σύγκαμψον.

537 803 624 858 51.
655 803 881 863 Είΐυιιᾰθ
909 823 1074 877 super
1106 824 1200 864 eos
1229 810 1364 864 iram
1390 820 1539 865 tuam
1565 826 1582 866 :

2209 813 2296 867 51.
2331 813 2560 881 Ἔκχεον
2581 812 2666 864 ἐπ’
2696 809 2891 872 αὐτοὺς
2922 807 3020 878 τὴν
3053 807 3222 877 ὀργήν
3257 823 3421 909 mu"-
3539 895 3551 909 .
3639 893 3650 909 ι

537 896 625 949 52.
659 895 726 949 Et
759 896 911 951 furor
941 900 1036 954 irae
1065 908 1169 955 tum
1194 905 1620 972 comprehendat
1645 918 1760 960 eos.

2222 904 2309 958 52.
2348 905 2456 956 Kal
2483 905 2510 956 6
2537 901 2706 972 θυμὸς
2731 898 2829 970 τῆς
2852 898 3022 970 ὀργῆς
3053 914 3144 949 σου
3180 894 3472 950 καταλάϐοι
3494 894 3706 956 αὐτούς.

537 985 622 1040 55.
650 987 770 1040 Fiat
803 989 1068 1045 habitatio
1095 1008 1285 1048 eorum
1310 996 1524 1050 deserta
1550 1014 1564 1050 :

2211 996 2299 1049 5'5.
2334 993 2622 1065 Γενηθήτω
2655 994 2688 1064 ἡ
2731 991 2953 1054 ἔπαυλις
2987 990 3162 1042 αὐτῶν
3199 986 3533 1058 ἠρημωμένη

540 1079 629 1134 54.
659 1079 725 1135 Ει
767 1081 821 1135 in
871 1083 1238 1142 tabernaculis
1272 1101 1464 1142 eorum
1493 1103 1600 1142 non
1629 1087 1722 1156 sit,
1754 1087 1848 1158 qui
1879 1087 2038 1143 inha-

2208 1088 2296 1142 54.
2331 1089 2442 1140 Kal
2479 1089 2536 1140 ἐν
2557 1087 2669 1149 τοῖς
2704 1083 3054 1155 σκηνώμασιν
3087 1081 3266 1135 αὐτῶν
3294 1079 3368 1151 μὴ
3403 1079 3541 1132 ἔστω
3561 1081 3590 1131 6
3617 1095 3707 1132 κα-

467 1171 621 1225 bitet.
1871 1189 1873 1192 έ

1871 1189 1873 1192 ‘
2139 1179 2361 1234 τοικῶν.

533 1261 620 1316 55.
646 1261 916 1329 Quoniam
938 1281 1098 1335 quem
1125 1275 1180 1322 tu
1210 1267 1554 1337 percussisti,
1573 1269 1845 1338 persecuti
1870 1280 1997 1325 sunt
2021 1287 2042 1326 τ

1970 1280 1997 1324 t
2021 1287 2042 1326 τ
2213 1274 2303 1329 55.
2331 1273 2452 1326 Ὅτι
2485 1272 2544 1326 ὃν
2578 1271 2643 1324 σὺ
2675 1269 2969 1332 ἐπάταξας,
3005 1265 3157 1319 αὐτοὶ
3183 1264 3541 1330 κατεδίωξαν.

535 1353 625 1407 56.
675 1356 739 1409 Et
783 1371 945 1424 super
973 1357 1216 1412 dolorem
1265 1358 1549 1413 vulnerum
1595 1375 1840 1415 meorum
1876 1361 2031 1416 addi-

2214 1365 2304 1420 56.
2340 1364 2452 1418 Kal
2490 1362 2581 1416 ἐπὶ
2613 1360 2676 1415 τὸ
2713 1360 2877 1429 ἄλγος
2904 1357 3013 1413 τῶν
3039 1355 3371 1428 τραυμάτων
3399 1371 3499 1425 μου
3548 1371 3709 1425 προσ-

467 1444 682 1499 derunt.

2139 1456 2356 1528 έθηκαν.

539 1537 624 1592 57.
647 1537 872 1608 Appone
896 1540 1235 1610 iniquitatem
1259 1557 1420 1610 super
1438 1542 1781 1612 iniquitatem
1805 1558 1996 1598 eorum
2021 1561 2034 1598 :

1978 1560 2034 1598 ιε
2213 1545 2302 1598 57.
2346 1543 2593 1615 Πρόσθες
2621 1541 2854 1612 ἀνομίαν
2888 1538 2978 1592 ἐπὶ
3006 1541 3070 1609 τῇ
3105 1536 3303 1608 ἀνομίᾳ
3341 1534 3549 1589 αὐτῶν·

540 1632 630 1687 58.
664 1631 728 1685 Et
761 1646 869 1685 non
898 1632 1100 1686 intrent
1129 1633 1182 1686 in
1205 1633 1472 1702 justitiam
1503 1643 1673 1689 tuam.

2207 1636 2297 1690 58.
2337 1636 2447 1688 Kal
2477 1634 2551 1706 μὴ
2583 1632 2974 1688 εἰσελθέτωσαν
3001 1633 3058 1684 ἐν
3091 1627 3406 1698 δικαιοσύνῃ
3438 1644 3549 1680 σου.

540 1723 626 1777 59.
662 1721 950 1777 Deleantur
979 1725 1046 1776 de
1069 1723 1210 1778 libro
1239 1725 1537 1779 viventium
1565 1742 1577 1779 :
2070 1795 2103 1798 _

2070 1795 2103 1798 _
2214 1729 2300 1784 59.
2325 1727 2835 1798 Ἐξαλειφθήτωσαν
2866 1727 2929 1778 ἐκ
2955 1723 3136 1794 βίϐλου
3169 1722 3415 1787 ζώντων·

540 1814 629 1865 60.
661 1811 870 1868 Etcum
898 1813 1061 1883 justis
1089 1829 1197 1868 non
1227 1815 1557 1869 scribantur.
2070 1795 2111 1849 Β

2070 1795 2112 1849 Β
2215 1820 2302 1875 60.
2343 1820 2453 1874 Kal
2483 1795 2620 1890 μετὰ
2641 1795 2868 1872 δικαίων
2897 1817 2970 1889 μὴ
2995 1816 3381 1888 γραφήτωσαν.

537 1901 624 1956 61.
657 1900 870 1971 Pauper
900 1911 954 1956 et
982 1902 1173 1956 dolens
1206 1919 1324 1958 sum
1358 1919 1496 1972 ego:

2210 1913 2298 1968 61.
2340 1912 2562 1983 Πτωχὸς
2587 1913 2680 1966 xal
2709 1909 2888 1979 ἀλγῶν
2923 1912 3036 1980 εἰμι
3067 1908 3201 1977 ἐγώ·

538 1993 628 2049 62.
663 1994 822 2050 Salus
855 2002 970 2061 tua,
1002 1994 1167 2060 Deus,
1201 1998 1440 2067 suscepit
1473 2013 1578 2054 me.

2209 2004 2298 2059 62.
2325 2005 2387 2058 Ἡ
2418 2003 2659 2075 σωτηρία
2687 2021 2778 2056 σου
2811 2004 2838 2056 ὁ
2867 2002 2998 2066 Θεὸς
3023 1999 3358 2056 ἀντιλάϐοιτὸ
3384 1997 3459 2068 (α)
3501 2014 3619 2068 μου.

534 2085 622 2142 65.
660 2086 922 2141 Laudabo
957 2103 1152 2142 nomen
1180 2089 1272 2143 Dei
1306 2089 1424 2163 [Dei
1455 2091 1585 2162 mei]
1634 2106 1758 2148 cum
1785 2093 2036 2150 cantico:

2213 2097 2300 2152 65.
2344 2095 2552 2149 Αἰνὲσω
2567 2095 2626 2146 τὺ
2643 2093 2815 2164 ὄνομα
2829 2092 2922 2146 τοῦ
2939 2091 3071 2146 Θεοῦ
3091 2090 3246 2162 [Θεοῦ
3268 2087 3392 2160 μου]
3414 2090 3530 2160 μετ’
3546 2087 3707 2159 ᾠδῆς·

537 2177 622 2233 64.
652 2179 1010 2250 Magnilicabo
1039 2197 1163 2236 eum
1188 2181 1242 2236 in
1273 2183 1451 2238 laude.

2219 2189 2306 2243 64.
2346 2186 2646 2256 Μεγαλυνῶ
2671 2186 2830 2239 αὐτὸν
2857 2188 2913 2238 ἐν
2946 2184 3169 2238 αἰνέσει.

538 2271 626 2324 65.
659 2269 725 2325 Ει
746 2273 977 2341 placebit
1003 2274 1112 2330 Deo
1145 2290 1310 2345 super
1334 2274 1566 2330 vitulum
1592 2275 1886 2344 novellum,
1917 2291 2040 2333 cor-

2211 2282 2300 2336 65.
2340 2281 2449 2334 Kal
2474 2279 2664 2352 ἀρέσει
2695 2277 2771 2348 τῷ
2799 2277 2916 2348 Θεῷ
2941 2277 3082 2345 ὑπὲρ
3115 2275 3309 2346 μόσχον
3333 2273 3473 2335 νέον,
3507 2271 3707 2342 κέρατα

467 2379 573 2416 nua
605 2365 997 2433 producentem
1029 2377 1082 2421 et
1111 2368 1363 2438 ungulas.

1211 2368 1363 2435 ἷυΙίιε-
2141 2374 2444 2446 ἐκφέροντα
2473 2374 2567 2426 καὶ
2591 2371 2782 2436 ὁπλάς.

531 2453 617 2508 66.
653 2452 881 2509 Videant
905 2473 1169 2527 pauperes
1193 2469 1246 2514 et
1274 2459 1542 2516 laetentur.

2209 2466 2300 2522 66.
2343 2465 2420 2537 (b)
2446 2465 2727 2519 Ἰδέτωσαν
2758 2461 2982 2534 πτωχοὶ,
3017 2461 3111 2515 καὶ
3144 2458 3619 2530 εὐφρανθήτωσαν.

551 2564 600 2629 η)
625 2566 971 2620 ’Λντελάϐετο
1007 2584 1111 2623 ms.
1143 2578 1198 2625 et
1227 2571 1350 2627 cod.
1388 2570 1505 2626 Pal.

551 2564 600 2629 η)
625 2566 971 2620 ’Λντελάϐετο
1007 2584 1111 2623 ms.
1143 2578 1198 2625 et
1227 2571 1350 2627 cod.
1388 2570 1505 2626 Pal.

526 2564 603 2708 ἑὸ)
648 2637 706 2692 V.
743 2637 829 2693 66.
858 2638 1104 2711 Κέρατα,
1137 2650 1239 2696 etc.
1272 2641 1336 2696 γ.
1373 2641 1460 2696 67.
1487 2641 1785 2710 ἰδέτωσαν,
1819 2651 1925 2700 etc.
1953 2641 2023 2700 γ.
2063 2643 2097 2699 6

1522 2641 1785 2710 δέτωσαν,
1819 2651 1925 2700 etc.
1953 2641 2023 2700 γ.
2063 2643 2151 2701 68.
2177 2645 2567 2718 Ἐκζητήσατε,
2598 2653 2727 2710 etc.,
2758 2659 2882 2714 usq.
2919 2643 3093 2715 ὑμῶν.

1581 2797 1961 2855 ATHANASH
2000 2793 2590 2854 INTERPRETATIO.

530 2906 618 2961 48.
655 2909 717 2962 Et
749 2908 802 2964 in
829 2911 1082 2979 praesenti
1120 2913 1321 2968 saeculo
1370 2915 1844 2985 (retributionem)
1879 2915 2025 2970 acci-
2051 2917 2094 2976 C

2197 2913 2285 2966 48.
2317 2912 2428 2965 Kal
2474 2913 2532 2965 ἐν
2566 2910 2643 2980 τῷ
2697 2909 2793 2964 νῦν
2825 2909 2982 2963 αἰῶνι
3025 2907 3374 2973 ἀπολάϐωσι,
3412 2911 3508 2963 καὶ
3545 2913 3602 2964 ἐν
3631 2911 3701 2982 τῷ

457 2998 627 3068 piant,
649 3009 703 3054 et
715 3000 768 3054 in
790 3001 972 3057 l‘uturo
987 3004 1442 3074 condemnentur,
1458 3008 1586 3079 quia
1605 3006 1866 3064 seandalo
1881 3016 2028 3064 sunt.

1900 3016 2030 3063 sunt.
2139 3004 2384 3076 μέλλοντι
2409 3003 2833 3075 κατακριθῶσιν,
2871 3002 2946 3066 ὡς
2977 3000 3266 3056 σκάνδαλον
3300 3000 3471 3065 ὄντες.

528 3087 616 3142 49.
647 3089 802 3145 Oculi
833 3095 1031 3148 mentis
1062 3109 1278 3150 eorum.

2205 3096 2294 3150 49.
2319 3097 2382 3148 Οἱ
2409 3095 2674 3167 ὀφθαλμοὶ
2703 3095 2800 3166 τῆς
2834 3094 3070 3158 διανοίας
3103 3093 3300 3148 αὐτῶν.

527 3170 616 3227 50.
651 3174 715 3228 Ει
746 3191 854 3230 non
902 3179 1226 3248 resipiscam
1256 3197 1286 3237 a
1316 3183 1554 3252 peccatis
1587 3199 1803 3250 eorum,
1834 3183 1930 3240 sed
1976 3181 2035 3240 in

2205 3188 2294 3246 50.
2326 3191 2437 3243 Kal
2465 3191 2540 3260 μὴ
2576 3188 2942 3243 ἀνανεύσωσιν
2966 3188 3072 3243 ἀπὸ
3094 3189 3190 3259 τῆς
3215 3187 3488 3258 ἁμαρτίας
3511 3189 3697 3250 αὐτῶν.

457 3260 592 3331 ipsis
622 3268 948 3322 moriantur.

2134 3281 2247 3336 ἀλλ’
2278 3282 2336 3334 ἐν
2365 3281 2503 3352 αὐτῇ
2533 3280 2947 3336 ἀποθανοῦνται.

523 3355 613 3412 51.
648 3356 774 3428 Igne
809 3363 1056 3417 comburi
1083 3363 1169 3419 fac
1199 3381 1296 3421 eos
1329 3383 1359 3422 e
1380 3368 1538 3423 cmlo.

2205 3373 2294 3427 51.
2314 3373 2719 3444 Πυρικαύστους
2751 3373 2946 3436 αὐτοὺς
2968 3372 3044 3444 (1)
3069 3371 3290 3440 ποίησον
3324 3372 3389 3424 ἐκ
3421 3369 3518 3423 τοῦ
3549 3371 3697 3442 οὐρα-

2142 3484 2248 3522 θον.

531 3532 619 3586 52.
657 3531 718 3587 Ει
752 3548 915 3592 nemo
944 3550 1133 3590 eorum
1158 3538 1418 3594 salvetur.

2207 3558 2295 3614 52.
2333 3558 2442 3612 Kal
2481 3557 2670 3628 μηδεὶς
2701 3557 2880 3612 αὐτῶν
2906 3557 3157 3628 διασωθῇ.

527 3623 618 3676 55.
655 3622 886 3680 Mentem
922 3642 1110 3682 eorum
1148 3630 1439 3700 signiﬁcat.

2203 3649 2289 3706 5'5.
2323 3649 2432 3721 Τὴν
2456 3622 2693 3704 διάνοιαν
2717 3648 2792 3720 (2)
2819 3648 2999 3703 αὐτῶν
3029 3622 3193 3716 λέγει.

528 3714 616 3768 54.
650 3714 778 3770 Sine
813 3719 1019 3773 auxilio
1045 3722 1176 3776 sint.

2203 3742 2289 3796 54.
2323 3714 2638 3812 Ἀ6οήθητοι
2673 3714 2826 3794 ὦσιν.

529 3805 620 3860 55.
651 3805 944 3874 Quoniam,
972 3827 1133 3881 quem
1166 3821 1224 3868 tu
1275 3815 1472 3870 misisti
1505 3815 1561 3870 in
1607 3815 1892 3883 mundum,
1923 3817 2027 3893 ipsi

2203 3833 2291 3888 55.
2325 3835 2448 3888 Ὀτι
2490 3833 2548 3887 ὃν
2582 3833 2647 3886 σὺ
2675 3833 2997 3896 ἀπέστειλας
3027 3833 3104 3896 εἰς
3152 3831 3242 3885 τὸν
3283 3831 3490 3885 κόσαον
3515 3871 3530 3885 .
3557 3829 3691 3885 αὐτοὶ

457 3897 790 3955 occiderunt.
987 3959 998 3969 ,

987 3959 998 3969 ι
1054 3995 1065 3996 η
2132 3928 2446 3996 ἐφόνευσαν.

524 3987 611 4040 56.
643 3986 855 4045 Lancea
887 3995 1292 4051 transﬁxerunt.

1518 4091 1525 4092 ί
1707 4090 1718 4092 _
2175 3986 2286 4074 .56.
2321 4021 2502 4092 Λόγχῃ
2536 4019 2610 4091 (ὅ)
2646 4018 3019 4089 ἐξεκέντησαν.

528 4076 616 4131 57.
648 4076 1122 4144 Quemadmodum
1159 4089 1262 4158 ipsi
1291 4091 1527 4145 contenti
1561 4107 1669 4146 non
1697 4090 1918 4146 fuerunt
1941 4105 2025 4142 me

2199 4112 2286 4166 57.
2315 4114 2526 4183 ’Ὠσπερ
2555 4111 2709 4164 αὐτοὶ
2751 4111 2850 4164 οὐκ
2895 4111 3240 4183 ἠρκέσθησαν
3291 4108 3691 4183 σταυρώσαντές

455 4170 813 4239 crucilixisse,
859 4178 956 4232 sed
1007 4179 1175 4234 aliam
1230 4183 1396 4238 etiam
1442 4183 1655 4254 plagam
1705 4183 1838 4237 mihi
1884 4183 2026 4236 iutu-

456 4257 655 4311 lerunt.

1884 4183 2027 4236 mw"
2059 4258 2100 4311 Β
2134 4222 2222 4275 με,
2255 4204 2391 4258 ἀλλὰ
2423 4170 2518 4258 xal
2549 4204 2742 4276 ἑτέραν
2766 4170 2978 4276 πληγῆν
3006 4170 3280 4275 ἐπήγαγόν
3304 4221 3415 4274 μοι.

476 4267 655 4316 erunt.

525 4353 616 4407 58.
646 4356 705 4408 In
732 4371 958 4425 regnum
989 4367 1163 4414 tuum.

2201 4380 2289 4436 58.
2313 4381 2404 4435 Ἐν
2426 4384 2492 4453 τῇ
2521 4381 2765 4454 βασιλεία
2791 4399 2905 4436 σου.

524 4445 615 4499 59.
643 4443 684 4496 Ε
707 4447 880 4502 caelis.

2202 4475 2289 4529 59.
2316 4473 2416 4528 Ἐκ
2574 4443 2837 4547 οὐρανιῦν.

528 4534 613 4590 66.
649 4538 707 4592 In
739 4540 915 4596 ccelis.

1274 4635 1285 4638 _
1590 4636 1599 4638 Α
2202 4565 2290 4621 60.
2317 4566 2407 4621 Ἐν
2439 4569 2552 4630 τοῖς
2578 4534 2842 4638 οὐρανοῖς.

523 4627 611 4683 61.
663 4627 992 4687 Mendicavit
1039 4633 1095 4688 in
1147 4635 1460 4690 servitutem
1511 4636 1788 4694 redactum
1850 4655 2019 4711 genus

1852 4655 2019 4711 genus
2197 4657 2284 4711 61.
2311 4627 2658 4728 Ἐπτώχευσε
2683 4627 2944 4712 δουλωθὲν
2977 4657 3038 4711 τδ
3070 4657 3222 4727 γένος
3246 4656 3423 4728 ἡμῶν.

453 4726 720 4776 nostrum.

523 4807 610 4862 62.
646 4810 714 4864 Ει
747 4814 1025 4883 sepultura
1067 4825 1120 4872 et
1166 4819 1495 4876 resurrectio
1534 4829 1650 4887 tua,
1688 4821 1853 4890 Deus,
1895 4842 2019 4882 sus-

2193 4832 2282 4888 62.
2322 4832 2431 4885 Kal
2464 4832 2664 4903 ἡταφὴ
2698 4831 2792 4885 και
2819 4831 2854 4902 ἡ
2882 4830 3174 4895 ἀνάστασίς
3203 4808 3319 4895 σοι),
3348 4830 3376 4882 ὁ
3416 4829 3567 4893 Θεὸς,
3595 4830 3683 4884 ἀν-

450 4900 592 4970 cepit
623 4918 728 4957 me.

2119 4923 2374 4978 τελάϐετό
2408 4900 2530 4994 μου.

518 4989 607 5045 65.
646 4989 874 5062 llymnis
909 4994 1195 5051 celebrabo
1228 5012 1352 5052 eum
1387 4999 1440 5052 in
1466 5001 1848 5060 exsultatione.

1693 5003 1848 5060 ιίοῐιθο
2191 5016 2282 5070 65.
2310 4989 2432 5069 Ἀνυ
2443 5017 2631 5087 μνήσω
2659 5017 2821 5071 αὐτὸν
2850 5018 2906 5070 ἐν
2933 5015 3264 5085 ἀγαλλιάσει.

519 5083 608 5137 64.
641 5084 970 5142 Glorilicabo
993 5104 1117 5143 eum
1151 5090 1205 5144 in
1236 5089 1414 5147 laude.

2193 5106 2282 5161 64.
2324 5107 2539 5172 Δοξάσω
2569 5109 2730 5162 αὐτὸν
2758 5111 2816 5161 ἐν
2845 5108 3063 5163 αἰνέσει.

517 5174 607 5229 65.
647 5175 822 5246 Super
854 5179 1114 5248 pOpqum
1146 5179 1458 5239 Judzeorum
1511 5188 1808 5256 petulcum,
1839 5195 1895 5245 et
1936 5189 2014 5242 la-

2191 5197 2282 5252 65.
2319 5198 2487 5272 ’Υπὲρ
2512 5201 2602 5254 τὸν
2631 5201 2757 5255 λαὸν
2781 5201 2888 5254 τῶν
2921 5201 3187 5255 Ἰουδαίων
3210 5200 3337 5264 τοὺς
3367 5201 3442 5272 (4)
3474 5197 3682 5270 κερατὶ-

447 5268 764 5325 scivientem
795 5271 850 5325 in
879 5273 1135 5342 peccatis.

2119 5289 2329 5357 ζοντας,
2367 5268 2466 5348 καὶ.
2486 5296 2819 5366 σκιρτῶντας
2851 5298 2908 5350 ἐν
2937 5299 3056 5359 ταῖς
3078 5268 3387 5368 ἁμαρτίαις.

517 5362 602 5419 66.
639 5364 913 5437 Pauperes
943 5369 1126 5435 corde,

2186 5383 2274 5440 66.
2315 5387 2378 5439 Οἱ
2411 5390 2475 5460 τῇ
2507 5362 2701 5460 καρδίᾳ
2729 5392 2953 5461 πτωχοὶ.

1396 5484 1699 5548 Addenda
1728 5495 1787 5549 et
1811 5488 2187 5570 corrigenda
2218 5516 2295 5560 ex
2327 5501 2467 5562 cod.
2493 5502 2697 5564 Vatic.

522 5579 598 5641 (Η
634 5580 840 5643 Αὐτθύς
870 5583 1042 5639 deest.

523 5649 595 5674 ,ἀι
636 5651 697 5674 ⁸11
740 5651 939 5674 9.ι.-.--..

2146 5655 2153 5666 ,
2199 5600 2272 5669 (4)
2312 5601 2379 5674 Ν.
2430 5602 2519 5674 66.
2573 5604 2709 5667 Τοὺς
2756 5621 2896 5674 κερ.,
2937 5603 3059 5659 etc.‘
3087 5603 3155 5659 N.
3185 5604 3274 5658 67.
3307 5605 3368 5655 Oi
3411 5603 3500 5674 τῇ,
3545 5610 3668 5664 etc.,

520 5649 595 5716 (2)
636 5651 699 5700 Ὶί
737 5651 963 5706 διάνοια.

523 5719 596 5743 ,τι
625 5719 699 5743 ’νε
732 5718 894 5743 un---
929 5724 1075 5743 ιμ’-..ε
1228 5727 1239 5743 .

1065 5724 1075 5738 ν
1228 5727 1239 5743 '
2119 5649 2289 5740 duini:
2319 5673 2384 5728 ad
2414 5673 2561 5743 ἔθνη.

523 5719 598 5786 (δ)
625 5719 702 5787 Τῇ
732 5718 899 5791 λόγχῃ
926 5724 1276 5795 ἐξεκέντησάν
1309 5743 1399 5797 με,
1831 5745 1903 5765 πη...
