3978 6204
453 238 548 292 951
1300 237 1356 294 s.
1401 238 1774 296 ATHANASII
1812 242 1963 299 ore.
2004 243 2184 300 PARS
2229 243 2319 300 Ill.
2352 228 2902 302 —‘EXEGETICA.*
3595 241 3705 301 939.

521 353 573 405 5.
635 351 1175 406 Ανθιιςιηιιιι·”ειοιιιη
1234 355 1644 422 erubescentes,
1692 358 1788 427 qui
1826 358 2016 413 dicunt
2049 364 2092 420 Α

2191 363 2243 417 5.
2268 363 2800 434 Ἀποστραφήτωσαν
2847 358 3158 432 παραυτίκα
3216 355 3598 427 αἰσγυνόμενοι
3650 359 3699 413 οι

456 443 588 496 mihi
621 461 633 496 :
673 441 842 513 Euge,
882 459 1038 511 euge.
1087 457 1109 488 ι

2129 451 2375 520 λέγοντές
2407 468 2528 522 μοι·
2561 448 2720 520 Εὖγε,
2749 445 2898 518 εὖγε.

527 534 583 588 6.
608 533 893 590 Exsultent
941 545 995 590 et
1037 536 1287 590 laetentur
1326 537 1378 590 in
1412 546 1462 591 te
1505 553 1717 601 omnes,
1755 555 1847 609 qui
1883 557 2030 610 qna:-

2200 545 2252 596 6.
2273 543 2746 612 Ἀγαλλιὰσθωσαν
2767 543 2862 595 καὶ
2883 539 3335 614 εὐφρανθήτωσαν
3352 539 3443 591 ἐπὶ
3466 539 3547 591 σοὶ
3568 539 3697 590 πάν-

456 635 586 679 runt
611 632 662 681 te
695 625 859 681 Deus.

2129 654 2219 699 τες
2249 638 2295 689 οἱ
2329 636 2617 706 ζητοῦντές
2645 653 2723 700 σε,
2752 637 2779 688 ὁ
2801 634 2932 698 Θεός
2962 634 3057 705 (a).

531 718 581 772 7.
645 717 712 773 Et
768 720 953 774 dicant
1017 733 1266 790 semper:
1329 719 1706 790 Magniﬁcetur
1767 723 2029 780 Dominus

2204 728 2252 780 Ἰ.
2295 727 2402 779 Καὶ
2430 727 2734 795 λεγέτωσαν
2760 725 3072 788 διαπαντόςο
3098 724 3506 794 Μεγαλυνϐήτω
3531 725 3560 776 ὁ
3589 720 3697 777 Κί-

459 809 673 882 [Deus].

2134 835 2245 888 ριος
2275 817 2326 889 [ὁ
2352 817 2525 890 Θεός].

526 901 578 956 8.
607 901 708 967 Qui
731 901 970 971 diligunt
999 901 1238 957 salutare
1279 911 1456 958 tuum.

2203 912 2255 964 8.
2299 912 2361 964 Oi
2395 911 2713 979 ἀγαπῶντες
2737 911 2798 963 τὸ
2831 911 3096 982 σωτήριόν
3134 927 3248 962 σου.

528 990 582 1044 9.
629 990 740 1061 Ego
780 1006 912 1045 vero
948 1006 1152 1062 egenus
1193 1008 1336 1059 sum,
1375 1003 1429 1048 ct
1470 1009 1700 1064 pauper,
1737 995 1901 1066 Deus,
1939 1001 2031 1054 ad-

2204 1003 2256 1055 9.
2280 1000 2424 1069 Ἐγὼ
2445 1001 2499 1054 δὲ
2529 1003 2739 1072 πτωχός
2773 1003 2886 1072 εἰμι
2917 1001 3012 1054 καὶ
3051 1001 3240 1068 πένης,
3270 1001 3298 1050 δ
3325 999 3478 1064 Θεὸς,
3507 999 3694 1072 βοήθη-

453 1081 588 1150 jnva
613 1098 722 1137 me.
1529 1127 1536 1130 -

1529 1127 1536 1130 -
2136 1095 2224 1147 σόν
2249 1113 2355 1166 μοι.

526 1173 613 1228 10.
659 1175 888 1244 Adjntor
919 1191 1094 1240 meus,
1126 1184 1179 1229 et
1214 1175 1477 1230 liberator
1517 1176 1837 1253 [protector]
1879 1197 2033 1239 meus

2206 1189 2291 1241 10.
2336 1187 2534 1258 Βοηθός
2577 1205 2699 1259 μου,
2730 1186 2824 1240 καὶ
2857 1184 3058 1259 ρύστης
3086 1203 3187 1258 μου
3225 1181 3276 1238 εἴ
3297 1188 3381 1251 σὺ,
3409 1184 3601 1256 Κύριε,
3629 1183 3699 1256 μὴ

455 1280 515 1320 es
547 1274 623 1332 tu,
662 1265 887 1320 Domine
916 1284 930 1331 ;
972 1283 1038 1322 ne
1073 1269 1326 1324 moreris.

836 1283 887 1320 ιο
916 1284 930 1331 ;
972 1283 1038 1322 ne
1073 1269 1326 1324 moreris.
2135 1282 2407 1354 χρονίσῃς.

565 1378 815 1434 Ρεαίηιιιε
840 1381 1012 1436 David
1039 1385 1275 1452 ﬁliorum
1303 1383 1572 1449 Ionadab,
1601 1396 1651 1440 et
1679 1389 1916 1456 priorum

2143 1397 2388 1466 Ψαλμὸς
2432 1396 2510 1462 τῷ
2558 1398 2734 1452 Δαϐὶδ
2784 1398 2902 1452 τῶν
2944 1398 3090 1452 υἱῶν
3120 1396 3410 1459 Ἰωναόἀϐ,
3445 1394 3544 1448 καὶ
3587 1391 3700 1445 τῶν

667 1475 991 1540 captivorum
1011 1489 1028 1526 .·
1054 1476 1169 1530 sine
1201 1477 1355 1530 titulo
1383 1479 1523 1546 apud
1554 1478 1824 1534 Hebrwas.
2206 1507 2238 1541 τι

2206 1489 2446 1558 πρώτων
2473 1493 2530 1543 al
2534 1492 3064 1560 χμαλωτισθέντων
3084 1507 3096 1519 ⁸
3139 1489 3543 1555 ἀνεπίγραφος
3571 1486 3698 1551 παρ’

1045 1564 1250 1620 PSAL.
1293 1567 1466 1622 LXX.
2221 1583 2524 1651 Ἑϐραίοις.
2567 1586 2616 1637 Ψ

2221 1583 2524 1651 Ἑϐραίοις.
2567 1586 2714 1637 ΨΑΛ
2727 1625 2738 1636 .
2760 1583 2838 1640 ϐ’.
3165 1592 3171 1598 ’

519 1655 578 1746 ΝΞ.
613 1653 671 1708 In
723 1664 796 1722 te,
859 1656 1107 1723 Domine,
1155 1661 1392 1729 speravi,
1450 1677 1555 1715 non
1612 1663 1922 1718 confundar
1979 1665 2090 1766 inl

2217 1677 2267 1729 1.
2295 1675 2417 1728 Ἐπὶ
2446 1677 2547 1740 σοὶ,
2579 1675 2770 1745 Κύριε,
2799 1676 3024 1746 ἤλπισα,
3055 1674 3129 1747 μὴ
3159 1671 3603 1743 καταισχυνθείῃν
3626 1671 3699 1732 εἰς

457 1757 740 1802 aeternum.

2072 1757 2110 1766 ”
2139 1767 2229 1818 τὸν
2257 1766 2448 1820 αἰῶνα.

527 1860 583 1914 2.
611 1863 666 1916 ln
697 1862 909 1931 justitia
939 1873 1028 1918 tua
1061 1864 1230 1918 libera
1269 1881 1371 1930 me,
1400 1878 1452 1920 et
1485 1867 1634 1936 eripe
1660 1883 1745 1922 me
1771 1886 1784 1922 :

2207 1861 2258 1912 2.
2306 1861 2391 1913 Ἐν
2415 1864 2478 1932 τῇ
2514 1860 2826 1935 δικαιοσύνῃ
2857 1879 2948 1914 σου
2978 1862 3136 1933 ῥῦσαί
3170 1878 3258 1930 με,
3283 1859 3378 1911 καί
3401 1855 3582 1923 ἐξελοῦ
3612 1869 3697 1927 με·

526 1952 576 2006 3.
615 1953 818 2008 lnclina
853 1955 920 2007 ad
951 1970 1038 2008 me
1068 1970 1256 2009 aurem
1289 1965 1460 2024 tuam,
1489 1967 1543 2012 et
1570 1960 1718 2014 salva
1745 1975 1850 2014 me.

2199 1955 2250 2006 5.
2289 1953 2482 2007 Κλῖνον
2518 1955 2650 2026 πρὸς
2678 1955 2745 2024 μὲ
2777 1955 2837 2007 τὸ
2863 1951 2956 2017 οὖς
2978 1971 3092 2018 σου,
3127 1954 3220 2006 καὶ
3248 1951 3418 2004 σῶσόν
3449 1966 3537 2019 με.

530 2042 586 2097 ι.
613 2042 745 2097 Esto
776 2043 908 2096 milii
941 2044 992 2096 in
1027 2044 1196 2098 Deum
1227 2056 1614 2116 protectorem,

2203 2049 2256 2100 4.
2290 2047 2448 2101 Γενοῦ
2485 2065 2573 2117 μοι
2609 2051 2687 2110 εἰς
2705 2049 2835 2100 Θεὸν
2860 2045 3286 2118 ὑπερασπιστὴν,

530 2132 584 2187 5.
613 2133 679 2185 Ει
702 2133 752 2186 in
785 2133 962 2188 locum
990 2136 1284 2203 munitum,
1319 2148 1376 2191 ut
1407 2141 1618 2194 salvum
1659 2157 1746 2195 me
1773 2140 1978 2197 facias:

1798 2143 1940 2197 acias
1966 2161 1978 2195 :
2206 2139 2256 2193 5.
2290 2140 2400 2194 Καὶ
2426 2141 2506 2204 εἰς
2537 2140 2698 2193 τόπον
2731 2140 2922 2212 ὀχυρὸν
2953 2138 3046 2192 τοῦ
3081 2137 3249 2192 σῶσαί
3284 2151 3369 2208 με·

529 2223 581 2278 6.
597 2223 866 2290 Quoniam
887 2225 1287 2282 ﬁrmamentum
1305 2245 1483 2284 meum
1501 2241 1555 2286 et
1575 2231 1839 2302 refugium
1856 2248 2033 2287 meum

2206 2219 2259 2287 6.
2293 2234 2415 2286 Ὅτι
2445 2235 2733 2306 στερέωμα
2765 2251 2868 2304 μου
2896 2235 2989 2288 καὶ
3015 2233 3302 2302 καταφυγή
3351 2246 3452 2300 μου
3480 2225 3528 2280 εἷ
3551 2226 3634 2283 σύ.

463 2333 525 2371 es
554 2327 634 2373 ῐιΙ.

532 2407 604 2481 (a)
642 2407 833 2480 Κύριε.
869 2407 935 2462 At
968 2407 1020 2462 in
1051 2423 1226 2479 marg.
1259 2411 1406 2477 cod.,
1440 2416 1468 2466 ὁ
1495 2415 1647 2480 Θεὸς,
1675 2415 1916 2470 charact.
1937 2413 2140 2469 divers.

1585 2571 1955 2630 ATHANASII
1996 2573 2587 2631 INTERPRETATIO.

525 2725 578 2781 5.
615 2724 693 2781 Re
721 2725 920 2784 iniecta
955 2729 1139 2785 statim
1171 2733 1447 2796 recedent,
1477 2734 1568 2802 qui
1613 2733 1808 2790 dicunt
1853 2735 1984 2790 mihi
2015 2751 2029 2787 :

2205 2734 2260 2788 5.
2290 2734 2595 2805 1’Δπρακτοι
2625 2730 2964 2804 παραχρῆμα
2987 2731 3432 2803 ἀναχωρήσουσιν
3460 2730 3509 2782 οἱ
3529 2729 3699 2798 λέγον-

459 2813 657 2886 Utique
680 2819 870 2890 utique
896 2820 1180 2877 videamus
1200 2823 1319 2892 ejus
1354 2823 1652 2880 interitum.

2133 2825 2223 2890 τές
2256 2841 2380 2897 μοι·
2406 2825 2513 2878 Ναὶ
2540 2825 2628 2878 ναὶ
2655 2825 2852 2895 ἴδωμεν
2877 2821 3040 2876 αὐτοῦ
3065 2822 3162 2894 τὴν
3184 2820 3477 2876 ἀπώλειαν.

526 2908 578 2962 6.
612 2909 682 2964 Sc
712 2911 778 2966 ad
800 2921 851 2966 te
879 2925 1282 2970 convertentes.

2203 2916 2256 2971 6.
2300 2918 2363 2969 Οἱ
2393 2916 2808 2985 ἐπιστρέφοντες
2839 2915 2972 2983 πρὸς
3004 2913 3084 2966 σέ.

532 2997 584 3052 7.
615 2999 966 3055 Gloriﬁcetur
998 3002 1162 3057 Deus.

2208 3006 2258 3062 7.
2301 3005 2620 3076 Δοξασθήτω
2655 3007 2682 3057 ὁ
2713 3004 2865 3067 Θεός.

529 3087 583 3143 8.
629 3089 925 3160 Diligentes
955 3092 1291 3146 voluntatem
1325 3097 1494 3146 tuam.

2211 3096 2264 3150 8.
2306 3097 2369 3148 Oi
2396 3095 2715 3163 ἀγαπῶντες
2745 3094 2805 3146 τὸ
2829 3094 3037 3164 ϐέλημά
3065 3109 3174 3148 σου.

532 3178 585 3231 9.
623 3179 834 3249 Pauper
859 3197 978 3235 sum
1009 3182 1244 3248 jnstitia.

2211 3186 2266 3240 9.
2308 3187 2385 3256 Τῇ
2420 3183 2731 3255 δικαιοσύνῃ
2764 3185 2973 3253 πτωχός
3000 3186 3131 3254 εἰμι.

533 3269 616 3323 10.
650 3270 878 3340 Adjutor
914 3283 966 3326 ct
1011 3273 1274 3328 liberator
1323 3289 1474 3327 meus
1511 3287 1570 3327 es
1602 3281 1655 3327 tu
1703 3289 1767 3328 ex
1798 3275 2033 3332 inimicis

2213 3277 2300 3330 10.
2341 3277 2541 3347 Βοηθὸς
2589 3276 2682 3329 καὶ
2729 3277 2929 3348 ρύστης
2964 3293 3065 3347 μου
3104 3272 3156 3329 εἴ
3189 3277 3252 3328 σὺ
3283 3276 3347 3328 ὲκ
3371 3276 3481 3330 τῶν
3507 3275 3701 3349 ἐχθρῶν

459 3360 618 3425 meis,
643 3360 888 3424 Domine,
930 3379 997 3417 ne
1035 3365 1312 3418 cunctcris

2061 3381 2103 3436 ρ
2142 3386 2264 3439 μου,
2296 3369 2489 3440 Κύριε,
2518 3368 2592 3440 μὴ
2622 3367 2904 3444 βραδύνῃς.

541 3500 606 3550 Ἠ
641 3499 974 3573 προκειμένη
1003 3499 1282 3571 ἐπιγραφὴ
1314 3516 1558 3570 περιέχει
1589 3500 1664 3569 (ι)
1686 3516 1698 3528 ’
1742 3499 1990 3567 Ψαλμὸς
2016 3497 2094 3563 τῷ
2122 3499 2298 3552 Δαϐίδ
2325 3497 2444 3552 τῶν
2474 3499 2620 3552 υἱῶν
2650 3497 2942 3560 Ἰωναδὰϐ,
2979 3498 3214 3552 καὶτῶν
3234 3500 3478 3568 πρώτων
3503 3504 3700 3571 αἰχμα-
3783 3499 3794 3510 ⁷

457 3595 900 3651 λωτισθέντων·
950 3596 1354 3664 ἀνεπίγραφος
1404 3595 1537 3664 παρ’
1577 3596 1889 3662 Ἑϐραίοις.
1936 3597 2104 3649 Τοῦτο
2143 3592 2234 3650 οὖν
2281 3596 2428 3664 λέγει
2479 3596 2720 3664 ψαλμὸς
2752 3595 2832 3660 τῷ
2861 3594 3040 3649 Δαϐὶδ
3081 3594 3161 3660 τῷ
3203 3595 3386 3660 ικανῷ
3422 3595 3502 3664 τῇ
3542 3597 3701 3667 χειρὶ.

459 3690 1018 3761 τουτέστιτῷΚυρίῳ.
1040 3685 1173 3742 Εἶτα
1191 3691 1295 3742 τῶν
1313 3690 1441 3744 υἱῶν
1469 3691 1724 3745 Ἰωναδὰϐ
1748 3691 1845 3762 (2),
1864 3693 2000 3762 ὅπερ
2028 3694 2144 3745 ἐστὶ
2173 3693 2280 3746 τῶν
2301 3692 2432 3746 υἱῶν
2458 3693 2560 3762 τῆς
2587 3692 2834 3755 εὐδοκίας
2857 3691 2948 3745 τοῦ
2975 3691 3130 3758 Θεοῦ,
3157 3692 3355 3746 ὡσανεὶ
3383 3693 3491 3746 τῶν
3523 3695 3698 3762 ἁγίων.

457 3788 716 3842 Ἰωναδὰὸ
743 3786 851 3858 γὰρ
887 3786 1249 3858 ἑρμηνεύεται
1286 3790 1434 3842 Θεοῦ
1468 3789 1843 3858 ἐκουσιότης.
1878 3787 2010 3844 Εἶτα
2040 3792 2135 3844 καὶ
2167 3790 2286 3845 τῶν
2313 3792 2556 3860 πρώτων
2581 3791 3194 3860 αἰχμαλωτισθέντων,
3224 3792 3466 3844 τουτέστι
3494 3792 3602 3845 τῶν
3635 3792 3698 3861 (3)

459 3879 835 3949 ὑποκειμένων
861 3883 927 3950 τῇ
964 3879 1207 3950 ἁμαρτίᾳ
1235 3879 1296 3932 τὸ
1321 3881 1605 3951 πρότερον,
1639 3881 1762 3933 ὕστε
1773 3898 1862 3952 ρον
1887 3881 1943 3934 δὲ
1973 3881 2433 3953 ἐπιστρεψάντων.

529 3969 743 4023 Titulus
769 3969 1094 4038 przrpositus
1127 3971 1370 4024 continet
1402 3989 1414 4024 :
1453 3969 1703 4024 Psalmus
1732 3971 1906 4024 David
1939 3973 2172 4040 ﬁliorum
2195 3971 2462 4036 Ionadab,
2490 3983 2538 4027 et
2583 3973 2817 4042 priorum
2858 3973 3179 4044 captivorum
3200 3989 3217 4028 ."
3241 3973 3350 4026 sine
3391 3972 3546 4026 titulo
3574 3972 3697 4042 apud

461 4065 734 4121 Hebrazos.
767 4064 880 4120 Hoc
913 4074 1095 4120 autem
1125 4067 1390 4135 signiﬁcat
1417 4067 1654 4135 psalmus
1682 4066 1855 4120 David
1888 4084 2049 4120 manu
2083 4069 2232 4136 forti,
2270 4069 2373 4123 hoc
2409 4077 2494 4124 est
2535 4065 2790 4124 Domino.
2819 4067 3038 4132 Deinde,
3069 4066 3300 4136 ﬁliorum
3331 4063 3597 4132 Ionadab,
3631 4065 3696 4116 vi-

458 4163 654 4218 delicet
699 4163 934 4216 ﬁliorum
985 4161 1305 4230 beneplaciti
1361 4159 1475 4224 Dei,
1517 4161 1976 4230 quemadmodum
2014 4163 2186 4215 sancti
2221 4172 2367 4217 sunt.
2398 4163 2643 4217 Jonadab
2671 4165 2813 4218 cnim
2845 4165 3227 4232 interpretatur
3249 4161 3345 4214 Dei
3371 4170 3698 4230 spontanem,

459 4250 528 4305 Et
559 4253 773 4318 deinde,
804 4252 1041 4320 priorum
1067 4252 1411 4318 captivorum,
1446 4249 1548 4303 hoc
1585 4258 1670 4303 est
1703 4265 1916 4313 eorum,
1951 4250 2042 4318 qui
2077 4250 2227 4318 prius
2265 4251 2621 4320 subjaccbant
2657 4263 2897 4322 peccato,
2927 4262 2982 4308 et
3014 4253 3207 4307 deinde
3240 4254 3489 4307 conversi
3525 4262 3665 4307 sunt.

533 4393 586 4446 1.
637 4392 696 4447 In
735 4400 788 4447 te
835 4393 1079 4461 speravi,
1132 4393 1378 4458 Domine,
1433 4396 1578 4464 quod
1631 4396 1928 4462 custodiar,
1977 4406 2030 4452 ct

2213 4399 2263 4455 1.
2305 4399 2428 4453 Ἐπὶ
2479 4402 2561 4453 σοὶ
2613 4400 2848 4472 ἤλπισα,
2899 4397 3090 4472 Κύριε,
3143 4398 3223 4450 ὅτι
3271 4397 3695 4468 φυλαχθήσομαι,

462 4481 611 4537 nulla
638 4482 691 4535 in
721 4497 779 4534 re
811 4482 1054 4536 inveniar
1086 4482 1365 4537 oﬁ‘cndens
1390 4499 1575 4538 coram
1608 4494 1678 4539 te.

2141 4492 2231 4544 ml
2259 4492 2333 4562 (4)
2365 4494 2421 4544 ὲν
2456 4491 2642 4562 μηδενὶ
2669 4489 2876 4562 εὑρεθῶ
2909 4491 3138 4553 πταίσας
3178 4489 3405 4543 ἐνώπιόν
3435 4507 3547 4543 σου.

531 4574 588 4630 2.
617 4574 670 4628 ln
701 4573 836 4628 Filio
869 4584 960 4628 tuo
993 4575 1162 4630 libera
1194 4591 1301 4640 me,
1331 4584 1385 4630 et
1415 4577 1567 4646 eripe
1600 4593 1688 4632 me
1726 4593 1755 4631 a
1790 4581 2030 4648 peccatis

2212 4585 2264 4636 2.
2309 4585 2395 4638 Ἐν
2426 4585 2502 4654 τῷ
2535 4583 2648 4653 Υίῷ
2679 4601 2770 4636 σου
2833 4583 2993 4655 ῥῦσαί
3047 4601 3136 4654 με,
3187 4584 3281 4636 καὶ
3313 4583 3598 4653 ὲξελοῦμαι
3626 4579 3693 4650 (5)

461 4668 618 4723 meis.

2069 4705 2112 4758 Β
2141 4675 2247 4728 ἀπὸ
2270 4675 2377 4728 τῶν
2401 4675 2678 4746 ἁμαρτιῶν
2703 4693 2820 4745 μου.

531 4759 584 4814 3.
623 4759 830 4814 Exaudi
861 4777 964 4824 me,
1001 4772 1054 4816 et
1084 4763 1231 4818 salva
1259 4778 1366 4819 me.

2210 4762 2262 4814 5.
2305 4761 2634 4814 Ἐπάκουσόν
2664 4779 2794 4831 μου,
2833 4763 2927 4816 καὶ
2961 4763 3131 4816 σῶσόν
3163 4781 3229 4834 με
3261 4763 3355 4834 (6).

528 4852 583 4906 4.
609 4850 737 4905 Esto
771 4851 900 4904 mihi
931 4854 984 4906 in
1017 4852 1186 4907 Deum
1223 4865 1606 4924 protectorem.

2208 4852 2260 4904 4.
2289 4853 2465 4905 Ἔστω
2495 4853 2571 4922 (7)
2612 4871 2698 4922 μοι
2723 4856 2801 4916 εἰς
2832 4854 2962 4906 Θεὸν
2997 4856 3421 4926 ὑπερασπιστήν.

529 4943 583 4996 5.
615 4941 670 4996 In
694 4959 979 5012 supernam
1007 4943 1324 5000 Jerusalem.

2207 4943 2258 4996 5.
2289 4943 2381 5006 Εἰς
2406 4943 2502 5014 τὴν
2526 4944 2636 4997 ἄνω
2665 4944 3031 5017 Ἰερουσαλήμ.

531 5033 581 5088 6.
617 5033 884 5098 Quoniam
916 5037 1180 5092 auxilium
1225 5055 1400 5094 meum
1449 5049 1502 5093 et
1541 5039 1807 5111 refugium
1841 5055 2022 5096 meum

1956 5055 2022 5094 1m
2203 5035 2254 5089 6.
2285 5036 2406 5088 Ὀτι
2429 5035 2648 5108 βοήθειά
2681 5055 2780 5108 μου
2813 5039 2904 5092 καὶ
2943 5039 3228 5110 καταφυγὴ
3260 5039 3335 5112 (8)
3364 5035 3415 5094 εἴ
3445 5040 3527 5099 σύ.

458 5141 517 5181 es
551 5136 631 5179 tu.

1413 5261 1721 5324 Addenda
1751 5267 1814 5324 et
1844 5258 2222 5338 corrigenda
2250 5276 2325 5320 ex
2351 5259 2492 5320 cod.
2519 5262 2716 5323 Vatic.

535 5419 610 5493 (ί)
637 5419 814 5493 Ἥλδιὰ
841 5420 1476 5493 τῇςγκινναϐἀρεωςπερ.
1575 5492 1581 5493 γ
1799 5492 1802 5493 ν
1877 5492 1880 5493 ν
2205 5420 2281 5493 (if)
2321 5420 2530 5486 Ἐξελοῦ
2561 5441 2649 5493 με.

646 5473 1072 5572 ᾼέγειδιβᾶλξμὸς
1089 5473 1180 5544 τοῦ
1373 5473 1623 5546 υἱῶν
1655 5492 2019 5557 Ιωναδὰϐβιε.
2733 5493 2902 5548 σῶσόν
2932 5512 3018 5566 με.

533 5558 610 5630 (ὃ)
649 5560 804 5626 Λέγω
834 5558 894 5630 δὴ
924 5558 1051 5627 τῶν,
1087 5572 1189 5617 etc.

886 5580 894 5630 ι
924 5558 1051 5627 τῶν,
1087 5572 1189 5617 etc.
2309 5563 2457 5616 Ἐσο.

538 5627 612 5694 (4)
652 5630 758 5681 Καί
787 5627 946 5685 deest.

2203 5627 2276 5703 (8)
2305 5632 2530 5704 Βοήθεια
2556 5636 2648 5689 καὶ
2672 5637 2956 5706 καταφυγή
2983 5651 3104 5705 μου,
3135 5647 3237 5695 etC.
