3978 6204
344 266 449 320 955
1259 259 1348 314 ΒΕ
1390 257 1664 316 TlTULlS
1701 255 2147 313 PSALMORUM.
2187 282 2248 294 »-
2288 250 2487 307 PSAL.
2529 247 2692 304 LXX.
3487 248 3582 306 εδει

421 379 465 435 7.
504 376 563 433 Ὀ
590 379 717 443 Θεός
750 396 871 450 μου,
907 378 1061 450 ῥῦσαί
1094 395 1159 450 με
1183 379 1246 431 ὲκ
1275 377 1455 448 χειρὸς
1486 374 1831 447 ἁμαρτωλοῦο
1931 382 1979 433 Α

1931 382 1979 433 Α
2076 369 2127 424 7.
2163 367 2305 422 Deus
2336 382 2512 432 meus,
2541 365 2687 434 eripe
2723 378 2808 418 me
2833 363 2900 418 de
2929 378 3089 417 manu
3123 364 3424 431 peccatoris
3451 383 3462 418 :

411 471 468 531 ,8.
503 471 596 523 Ἐκ
623 470 801 541 χειρὸς
824 468 1260 540 παρανομοῦντος
1289 469 1384 522 καὶ
1412 467 1743 530 ἀδικοῦντος.

2087 463 2140 516 8.
2175 460 2250 514 De
2277 474 2439 513 manu
2466 466 2655 513 contra
2686 458 2858 525 legem
2891 457 3097 525 agentis
3123 467 3174 510 et
3206 457 3395 526 iniqui.

416 563 466 618 9.
491 563 612 616 Ὅτι
635 563 698 614 σὺ
729 560 777 614 εἱ
801 565 851 632 ή.
873 563 1116 632 ὑπομονή
1153 579 1275 632 μου,
1310 561 1504 631 Κύριε

2091 553 2143 608 9.
2174 550 2443 617 Quoniam
2469 558 2528 603 tu
2558 563 2618 603 es
2657 547 2914 616 patientia
2954 563 3095 610 mea,
3123 546 3382 600 Domine:

420 655 498 710 10.
530 655 723 724 Κύριε,
753 655 786 725 ἡ
813 655 1093 729 ὲλπίςομου
1126 657 1189 706 ἐκ
1221 653 1468 724 νεότητός
1493 668 1613 722 μου.

2093 643 2180 698 10.
2217 641 2467 709 Domine,
2495 655 2618 708 spes
2649 654 2766 692 mea
2796 654 2825 692 a
2845 638 3132 706 juventute
3159 654 3297 693 mea.

417 746 503 801 11.
547 746 669 799 Ἐπὶ
705 746 764 799 σὲ
804 746 1201 817 ὲπεστηρίχθην
1231 745 1337 798 ἀπὸ
1363 746 1616 816 γαστρόςο

2093 733 2182 788 11.
2217 730 2276 784 ln
2303 740 2354 786 te
2380 731 2736 784 conﬁrmatus
2767 744 2888 783 sum
2921 743 2988 782 ex
3017 737 3170 783 utero
3197 745 3211 781 :

418 837 502 891 12.
551 837 645 890 Ἐκ
675 837 880 901 κοιλίας
905 839 1108 909 μητρός
1137 855 1238 908 μου
1270 837 1332 890 σύ
1368 855 1468 906 μου
1502 833 1553 890 εἴ
1581 838 1918 903 σκεπαστὴς·

2096 826 2185 880 12.
2229 823 2302 878 De
2350 831 2536 877 ventre
2573 821 2762 875 matris
2810 835 2944 875 meae
2991 830 3047 875 tu
3091 835 3246 874 meus
3303 836 3363 874 es
3415 830 3583 889 prme-

2023 929 2159 976 ctor.

422 1018 504 1071 15.
542 1018 629 1070 Ἐν
661 1018 742 1071 σοὶ
774 1019 806 1089 ή
832 1017 1063 1089 ὑμνησίς
1098 1034 1196 1088 μου
1226 1018 1540 1081 διαπαντός.

1471 1018 1540 1081 ὃς.
2098 1013 2186 1066 15.
2221 1013 2280 1065 ln
2303 1019 2357 1065 te
2385 1010 2626 1066 eantatio
2654 1024 2776 1064 mea
2807 1022 3042 1077 semper.

418 1111 506 1163 14.
548 1109 694 1162 Ὠσεὶ
722 1110 883 1179 τέρας
915 1111 1175 1181 ἐγενήθην
1203 1113 1315 1170 τοῖς
1349 1110 1582 1175 πολλοῖςο

2097 1104 2184 1158 14.
2220 1103 2499 1172 Tanquam
2522 1102 2841 1172 prodigium
2875 1100 3051 1155 factus
3076 1113 3198 1154 sum
3230 1098 3415 1153 multis
3444 1113 3453 1150 :

419 1200 505 1252 15.
538 1200 648 1252 Kal
679 1201 742 1252 σὺ
777 1199 967 1269 βοηθός
999 1217 1098 1270 μου
1130 1200 1405 1270 κραταιός.

1252 1200 1405 1263 εαιός.
2095 1196 2183 1252 15.
2218 1194 2287 1249 Ει
2315 1205 2369 1248 ιιι
2401 1195 2618 1264 adjutor
2642 1195 2823 1249 fortis.

415 1290 501 1347 16.
529 1291 874 1363 Πληρωθήτω
907 1293 967 1344 τὸ
1005 1292 1177 1362 στόμα
1211 1309 1310 1362 μου
1339 1291 1616 1356 αἰνέσεως,

1462 1309 1616 1356 σεως,
2102 1287 2188 1342 16.
2228 1288 2520 1358 Repleatur
2553 1303 2614 1343 os
2646 1303 2824 1342 meum
2853 1286 3033 1350 laude,

417 1384 502 1436 17.
541 1385 727 1447 Ὅπως
756 1385 980 1455 ὑμνήσω
1013 1384 1110 1455 τὴν
1141 1384 1296 1447 δόξαν
1320 1400 1432 1436 σου’

2100 1381 2188 1434 17.
2223 1379 2295 1435 Ut
2324 1389 2539 1435 cantem
2577 1381 2804 1450 gloriam
2843 1388 3029 1434 tuam:

421 1475 507 1528 18.
538 1475 705 1546 Ὅλην
730 1475 826 1546 τὴν
853 1475 1064 1546 ἡμέραν
1097 1475 1193 1546 τὴν
1225 1473 1695 1546 μεγαλοπρέπειαν
1738 1491 1851 1528 σου.

1579 1489 1695 1528 ειαν
1738 1491 1851 1528 σου.
2101 1474 2188 1528 18.
2227 1473 2361 1529 Tota
2397 1474 2484 1529 die
2517 1472 2947 1544 magnitudinem
2982 1480 3150 1524 tuam.

424 1568 509 1622 19.
540 1566 630 1638 Μὴ
662 1567 971 1638 ἀπορρίψῃς
1002 1585 1068 1638 με
1093 1569 1171 1631 εἰς
1195 1567 1383 1639 καιρὸν
1403 1569 1607 1639 γήρως·

2101 1569 2189 1624 19.
2221 1568 2299 1623 Ne
2329 1569 2587 1638 projicias
2616 1582 2704 1622 me
2726 1568 2781 1620 in
2814 1575 3056 1635 tempore
3084 1563 3378 1618 senectutis
3405 1581 3416 1615 :

420 1657 507 1712 20.
553 1659 639 1711 Ἐν
664 1658 740 1728 τῷ
773 1658 1042 1712 ἐκλείπειν
1069 1660 1168 1730 τὴν
1205 1661 1360 1731 ἰσχύν
1397 1678 1522 1731 μου,
1580 1678 1655 1733 μη
1689 1677 1926 1730 εγκατα-
1957 1719 1991 1733 _

2103 1660 2192 1714 20.
2223 1660 2361 1716 Cum
2414 1660 2674 1716 defecerit
2717 1660 2891 1714 virtus
2936 1673 3080 1722 mea,
3133 1672 3200 1710 ne
3250 1655 3594 1724 derelinquant

351 1719 725 1822 Nmpe..
1124 1719 1743 1733 ...

1957 1719 2004 1778 Β
2033 1766 2140 1806 me.
2461 1739 2469 1756 ⁸

416 1847 508 1899 21.
543 1846 664 1898 Ὅτι
697 1841 847 1898 εἶπον
868 1846 916 1898 οί
939 1845 1119 1916 ἐχθροί
1167 1862 1266 1913 μου
1290 1847 1428 1915 ὲμοι·

2101 1842 2188 1895 21.
2225 1840 2362 1908 Quia
2400 1825 2655 1896 dixerunt
2682 1840 2887 1894 inimici
2913 1840 3016 1894 mei
3045 1839 3212 1892 mihi:

416 1936 504 1990 22.
536 1937 645 1990 Kal
669 1937 716 1988 οί
742 1935 1102 2004 φυλάσσοντες
1125 1935 1223 2006 τὴν
1255 1935 1429 2006 ψυχήν
1457 1951 1581 2006 μου,

2102 1934 2192 1988 22.
2226 1932 2294 1986 Et
2315 1933 2407 2003 qui
2438 1931 2820 1987 custodiebant
2853 1931 3089 1985 animam
3125 1945 3319 1994 meam,

418 2027 505 2080 25.
553 2025 972 2079 Ἐὁουλεὺσαντο
1002 2025 1098 2077 ἐπὶ
1127 2024 1187 2077 τὸ
1215 2024 1363 2089 αὑτὸ,

2102 2026 2194 2083 25.
2226 2026 2528 2080 Consilium
2558 2024 2805 2080 fecerunt
2832 2024 2886 2077 in
2923 2039 3115 2089 unum,

421 2120 510 2174 24.
543 2120 824 2187 Λέγοντες·
871 2118 929 2171 '0
945 2118 1075 2180 Θεὸς
1104 2117 1459 2186 ἐγκατέλιπεν
1486 2116 1668 2172 αὐτον·

1573 2131 1668 2172 τον·
2098 2117 2188 2171 24.
2217 2116 2469 2172 Dicentes
2495 2135 2508 2170 :
2541 2116 2683 2172 Deus
2703 2114 2993 2184 dereliquit
3025 2131 3144 2168 eum

424 2211 513 2265 25.
540 2209 945 2278 Καταδιώξατε,
971 2211 1066 2262 καὶ
1099 2211 1432 2265 καταλάϐετε
1467 2212 1647 2265 ιιιὺτόν⁸

2107 2209 2198 2264 25.
2230 2208 2650 2280 Persequimini,
2676 2218 2730 2264 et
2752 2209 3191 2278 comprehendite
3217 2223 3338 2262 eum

422 2302 508 2357 26.
540 2303 660 2356 Ὅτι
682 2303 782 2356 οὑκ
803 2302 947 2356 ἔστιν
965 2306 993 2357 ὁ
1023 2303 1301 2374 ῥυόμενος.

2102 2299 2192 2354 2'6.
2226 2300 2362 2365 Quia
2394 2316 2501 2354 non
2528 2308 2612 2354 est
2645 2299 2737 2369 qui
2765 2299 2978 2368 eripiat.

424 2395 513 2451 27.
561 2395 618 2449 Ὀ
648 2395 779 2458 Θεός
813 2413 933 2466 μου,
968 2395 1042 2468 μὴ
1068 2394 1351 2468 μακρὺνῃς
1377 2395 1471 2449 ἀπ’
1497 2393 1650 2464 ἐμοῦ.

1610 2393 1650 2448 5.
2108 2392 2198 2444 27.
2236 2391 2378 2445 Deus
2407 2406 2581 2456 meus,
2613 2405 2682 2444 ne
2710 2389 2980 2459 elongeri-s
3005 2404 3034 2442 a
3064 2403 3181 2441 me:

429 2487 518 2544 28.
568 2489 625 2543 Ὀ
646 2488 778 2551 Θεός
813 2506 936 2560 μου,
965 2489 1045 2552 εἰς
1071 2489 1167 2559 τήν
1198 2486 1450 2559 βοήθειάν
1508 2503 1607 2556 μου
1641 2491 1897 2558 πρόσχες.

1851 2504 1897 2550 ς.
2109 2479 2199 2535 28.
2235 2478 2376 2535 Deus
2405 2495 2582 2549 meus,
2609 2481 2662 2534 in
2691 2479 2956 2533 auxilium
2976 2468 3166 2533 'meum
3202 2478 3422 2546 respice.

1481 2685 1856 2744 ATHANASII
1893 2684 2480 2744 INTERPRETATIO.

434 2864 483 2918 7.
515 2863 622 2918 Τοῦ
657 2863 900 2917 διαϐόλου
928 2862 1007 2935 (1)
1035 2863 1203 2918 λενει.

1090 2880 1203 2918 ινει.
2119 2864 2169 2918 7.
2202 2863 2434 2927 Diaboli,
2468 2863 2661 2934 inquit.

432 2958 484 3013 8.
518 2957 623 3010 Τοῦ
649 2955 833 3012 αὑτοῦ.

2120 2956 2172 3011 8.
2209 2956 2485 3026 Ejusdem.

436 3047 486 3103 9.
517 3049 639 3102 Ὅτι
661 3049 725 3102 σὺ
755 3047 806 3104 εἷ
832 3051 864 3122 ἡ
888 3051 1231 3124 παράκλησίς
1255 3067 1378 3121 μου,
1401 3046 1597 3120 Κύριε.
1964 3030 2005 3084 C

1964 3030 2005 3084 (ἶ
2109 3046 2163 3101 9.
2191 3044 2461 3112 Quoniam
2497 3054 2554 3100 tu
2589 3061 2649 3102 es
2671 3045 2972 3102 consolatio
2998 3059 3141 3108 mea,
3176 3043 3421 3100 Domine.

435 3139 518 3193 10.
556 3139 628 3190 Σὺ
657 3134 707 3192 εἴ
729 3140 884 3204 ἐλπίς
917 3160 1018 3210 μου
1052 3142 1144 3211 ἀφ’
1169 3132 1231 3194 οὗ
1253 3139 1576 3212 ὲνεποιήθην
1604 3136 1706 3214 (2).

2109 3137 2197 3193 10.
2228 3137 2308 3193 Tu
2338 3155 2398 3194 es
2433 3155 2558 3208 spes
2591 3155 2735 3206 mea,
2758 3157 2825 3197 ex
2852 3157 2962 3211 quo
2992 3141 3265 3213 ingenitus
3291 3157 3429 3197 sum.

432 3230 518 3284 11.
561 3231 693 3284 Ἀπὸ
723 3231 816 3286 τοῦ
841 3233 1240 3305 βαπτίσματος.

1011 3251 1240 3305 σματος.
2107 3229 2198 3285 11.
2223 3227 2269 3283 Α
2293 3230 2580 3300 baptismo.

430 3320 516 3375 12.
554 3320 646 3374 Ἐκ
676 3323 774 3393 τῆς
805 3322 1205 3394 κολυμϐήθρας.

1014 3322 1205 3394 ήθρας.
2113 3321 2202 3377 12.
2241 3321 2317 3376 Ex
2349 3323 2585 3378 lavacro.

431 3411 516 3465 15.
558 3412 622 3465 Ἡ
653 3412 948 3484 προσδοκία
984 3429 1106 3482 μου.

2114 3413 2202 3470 15.
2234 3415 2580 3485 Exspectatio
2608 3429 2726 3470 mea

430 3504 516 3559 14.
566 3504 708 3557 Ὧσεὶ
743 3504 989 3573 παίγνιον
1017 3506 1091 3574 (5)
1126 3505 1237 3567 τοῖς
1265 3504 1505 3575 δαίμοσι.

2113 3506 2199 3560 11.
2238 3505 2519 3576 Tanquam
2546 3505 2841 3559 ludibrium
2867 3502 3225 3559 daemonibus.

433 3597 519 3651 15.
557 3599 665 3651 Kal
700 3599 762 3650 σὺ
791 3597 980 3666 βοηθός
1009 3613 1110 3667 μου
1135 3597 1351 3667 ἰσχυρός
1371 3636 1382 3652 .

2113 3598 2203 3652 15.
2233 3597 2298 3652 Ει
2324 3607 2379 3652 ιιι
2407 3591 2624 3667 adjutor
2646 3612 2802 3652 meus
2829 3597 3061 3651 validus.

435 3690 522 3744 16.
557 3691 666 3761 Τῆς
686 3692 907 3762 χάριτός
931 3708 1044 3744 σου.

976 3708 1044 3744 au.
2125 3686 2214 3740 16.
2246 3685 2428 3741 Gratia
2455 3697 2547 3741 tua

439 3784 524 3837 17.
559 3783 668 3855 Τὴν
695 3784 1000 3856 ὡραιότητα
1031 3783 1107 3855 (4)
1135 3786 1233 3855 τῆς
1255 3782 1536 3856 δυνάμεώς
1556 3799 1673 3840 σου.

1571 3799 1673 3840 που.
2114 3779 2203 3834 17.
2231 3777 2702 3834 Pulehritudinem
2734 3779 2988 3848 potentiae
3016 3785 3142 3832 tuae.

436 3875 522 3930 18.
543 3875 955 3946 Κοιταζόμενος,
970 3877 1063 3929 καὶ
1079 3875 1507 3947 διανιστάμενος,
1530 3878 1625 3932 καὶ
1649 3876 1946 3949 πορευόμε-

2120 3870 2205 3924 18.
2237 3869 2524 3924 Dormiens
2566 3878 2621 3924 et
2661 3883 2916 3938 surgens,
2949 3875 3003 3922 et
3048 3867 3336 3920 ambulans
3386 3865 3619 3922 laudabo

364 3985 453 4032 νος
485 3969 708 4039 ὑμνήσω
731 3967 792 4020 τὸ
823 3967 1050 4038 μέγεθος
1084 3967 1158 4036 ,τὸ
1191 3967 1571 4040 ἀκατάληπτον
1601 3967 1701 4039 τῆς
1747 3969 1935 4039 εὐπρε-

1920 3997 1946 4008 -
2049 3965 2478 4036 magnitudinem
2516 3962 3121 4033 incompreltensibilem
3149 3961 3362 4015 decoris
3394 3962 3491 4013 tui.

369 4059 525 4113 πείας
549 4077 640 4113 σου

440 4094 527 4210 1θῖ
558 4156 648 4225 Μὴ
701 4153 1010 4227 ἁπορῤίψῃς
1061 4171 1149 4226 με,
1204 4154 1332 4209 ὅταν
1392 4155 1557 4224 ἐγγὺς
1609 4154 1830 4225 γίνομαι
1868 4150 1945 4223 (5)

2123 4141 2211 4196 19.
2237 4138 2317 4194 Ne
2346 4139 2572 4209 abjicias
2609 4153 2696 4194 me
2722 4153 2846 4194 cum
2887 4151 3055 4209 prope
3087 4153 3166 4202 es,
3207 4146 3264 4190 ut
3294 4137 3616 4205 dispeream.

367 4248 698 4317 ἀφανισμοῦ.

441 4337 527 4394 20.
562 4341 653 4392 Ἐν
679 4341 755 4410 τῷ
779 4339 1024 4392 ἀσθενεῖν
1051 4338 1148 4409 τὴν
1175 4337 1350 4408 ψυχήν
1378 4353 1476 4408 μου
1515 4335 1589 4409 μὴ
1617 4335 1783 4408 ἐάσῃς
1818 4349 1908 4402 με.

1994 4373 2023 4427 D
2124 4321 2215 4374 20.
2247 4318 2327 4375 Ne
2348 4319 2587 4374 dimittas
2612 4335 2699 4374 me
2722 4334 2847 4374 eum
2882 4317 3066 4373 anima
3094 4331 3213 4370 mea
3242 4317 3565 4370 inﬁrmatur.

443 4433 532 4487 21.
569 4434 690 4487 Ὅτι
721 4432 1002 4487 ἁπειλοῦσί
1035 4449 1102 4502 με
1137 4431 1211 4501 (6)
1245 4431 1294 4483 οἱ
1318 4428 1589 4499 δαίμονες.
1978 4411 2014 4427 υ

1978 4411 2022 4427 ⁵⁷
2118 4416 2206 4473 21.
2240 4413 2506 4481 Quoniam
2537 4413 2671 4468 mihi
2707 4413 2982 4466 minantur
3011 4411 3307 4466 demones.

443 4525 532 4579 22.
571 4525 680 4578 Kal
704 4525 753 4577 οἱ
778 4523 1122 4594 ἐκδεχόμενοι
1157 4518 1482 4590 παγιδεῦσαί
1507 4535 1592 4588 με.

2119 4507 2209 4561 22.
2236 4506 2303 4561 Et
2334 4508 2428 4578 qui
2463 4514 2778 4576 exspectant
2808 4504 3022 4574 laqueis
3053 4519 3140 4557 me
3175 4502 3408 4556 irretire.

440 4617 530 4671 25.
556 4614 832 4684 Συνταγὰς
856 4613 1036 4686 ἔχουσι
1070 4613 1187 4667 κατ’
1219 4610 1377 4682 ἐμοῦ,

2120 4598 2212 4652 25.
2235 4597 2439 4653 Fmdus
2470 4598 2744 4652 iniverunt
2771 4605 2962 4652 contra
2993 4610 3101 4659 me,

440 4707 530 4763 24.
559 4708 843 4777 Λέγοντες·
893 4707 952 4759 '0
972 4705 1103 4768 Θεὸς
1129 4704 1308 4757 εἴασεν
1341 4702 1524 4756 αὑτόν.

2123 4690 2213 4744 24.
2247 4689 2500 4745 Dicentes
2528 4709 2542 4745 :
2574 4689 2716 4745 Deus
2745 4689 2955 4744 dimisit
2991 4702 3134 4742 eum.

445 4801 534 4855 25.
559 4801 884 4872 Κρατήσατε
921 4799 1100 4863 αὑτὸν,
1133 4798 1225 4850 καὶ
1246 4792 1714 4866 κατακυριεύσατε
1751 4793 1944 4847 αὑτου.

1825 4809 1944 4846 του.
2127 4783 2218 4837 25.
2256 4782 2458 4840 Tenete
2481 4799 2628 4848 eum,
2654 4793 2709 4838 et
2737 4779 3093 4836 dominamini
3131 4779 3184 4833 in
3216 4777 3391 4846 ipsum

447 4893 534 4947 26.
565 4866 686 4946 ’ότι
706 4866 881 4952 οὑδεὶς
903 4889 1124 4943 δύναται
1156 4889 1316 4942 αὑτὸν
1372 4886 1633 4959 ῥύσασθαι
1672 4884 1732 4949 ἐξ
1763 4883 1944 4955 ἡμῶν.

2129 4874 2220 4928 26.
2251 4874 2521 4940 Quoniam
2549 4889 2708 4930 nemo
2738 4879 2914 4943 potest
2941 4871 3093 4924 illum
3126 4883 3156 4922 a
3192 4868 3345 4922 nubis
3373 4866 3625 4920 liberare.

448 4982 537 5035 27.
581 4982 640 5033 Ὀ
661 4981 791 5044 Θεός
817 4997 937 5051 μου,
973 4978 1046 5049 μὴ
1075 4978 1240 5050 ἐάσῃς
1275 4996 1368 5048 με.

2125 4966 2215 5019 27.
2246 4965 2390 5021 Deus
2416 4982 2591 5032 meus,
2623 4981 2690 5020 ne
2721 4964 2964 5020 dimittas
2998 4975 3103 5015 me.

446 5073 534 5128 28.
605 5075 662 5134 Ὀ
713 5045 903 5144 ἔφορός
954 5045 1081 5141 μου,
1147 5045 1450 5144 προνοητής
1506 5088 1604 5142 μου
1655 5067 1947 5138 εὑδόκησον

2130 5057 2219 5110 28.
2250 5056 2528 5127 lnspector
2573 5071 2730 5113 meus
2769 5056 3103 5126 complaceat
3150 5047 3244 5106 tibi
3294 5056 3352 5100 ut
3384 5045 3631 5113 provisor

378 5163 537 5221 εἶναι.

2066 5162 2219 5203 meus
2242 5162 2336 5201 SIS.

1335 5337 1642 5399 Addenda
1673 5343 1733 5398 et
1768 5331 2146 5410 corrigenda
2177 5345 2255 5389 ex
2299 5325 2441 5386 cod.
2484 5323 2681 5386 Vatic.

459 5540 536 5611 (ι)
575 5540 669 5592 Ἐκ
695 5531 993 5611 χειρὸς-τοῦ
1013 5529 1279 5585 διαϐόλου.
1309 5516 1471 5583 Deest
1497 5526 1660 5593 λέγει.
2128 5513 2204 5611 (ἐξ
2227 5511 2469 5611 ἓῗοῖητὲ

461 5582 536 5683 lii
577 5582 1097 5683 ’Ξζεῶἓὲὲἱῇθῆνςξ
1371 5582 1376 5583 ί
1569 5582 1581 5593 ’
2130 5582 2207 5683 (fil
2235 5582 2496 5683 Ξὲρῖξυμαι·

462 5653 537 5754 (Ξῖ
558 5653 1110 5748 ηέἑξξιέξῖέίέέξιιθην.
2136 5656 2208 5723 t6)
2240 5653 2347 5705 Μαι
