3978 6204
293 298 400 356 957
1207 298 1291 354 DE
1327 298 1604 356 TITULIS
1642 295 2088 354 PSALMORUM.
2123 327 2194 338 —
2231 295 2424 352 PSAL.
2465 296 2651 352 LXXI.
3417 298 3522 354 938

367 410 456 466 46.
480 412 588 465 Kal
616 412 942 486 ἐπιστρέψας
971 416 1336 486 ὲζωοποίησάς
1363 434 1451 488 με·
1899 420 1938 475 Α

1437 434 1451 448 ·
1899 420 1944 475 Α
2042 413 2130 467 46.
2165 413 2230 466 Et
2253 429 2546 469 conversus
2576 413 2851 470 riviﬁcasti
2885 430 3002 470 me:

364 504 577 558 47.Ka.l
609 507 670 558 ἐκ
694 505 799 559 τῶν
831 507 1076 560 ἀϐύσσων
1109 512 1205 578 τῆς
1235 512 1334 580 γῆς
1367 511 1636 580 ἀνήγαγες
1670 527 1734 579 με
1765 510 1858 578 (a).

1584 511 1636 572 ἐς
1670 527 1734 579 με
1765 510 1858 578 (a).
2037 504 2124 558 47.
2158 503 2222 558 Et
2254 506 2318 558 tle
2347 505 2555 575 aliyssis
2581 517 2736 561 terra:
2765 506 3028 560 reduxisti
3053 522 3155 560 me.

371 595 456 647 48.
495 596 852 662 Ἐπλεὸνασας
887 600 970 651 ἐπ’
996 601 1093 669 ἐμὲ
1131 600 1227 670 τὴν
1257 601 1638 680 μεγαλωσύνην
1674 618 1786 656 σου·

2033 595 2120 648 48.
2159 595 2526 666 Multiplicasti
2551 613 2714 668 super
2739 613 2824 653 me
2853 598 3311 665 magniﬁcentiam
3337 606 3483 654 tuam
3509 616 3521 652 :

371 687 458 741 49.
493 689 597 740 Καὶ
632 690 961 760 ἐπιστρέψας
987 691 1363 761 παρεκάλεσάς
1389 709 1510 762 μου.

2032 689 2121 744 49.
2156 689 2220 744 Ει
2247 707 2544 747 conversus
2571 694 2888 748 consolatus
2921 710 2980 750 es
3010 710 3115 749 me.

371 779 459 833 50.
479 779 585 832 Kal
606 781 670 832 ἐκ
685 781 791 833 τῶν
809 782 1056 835 ἀϐύσσων
1076 784 1172 852 τῆς
1189 785 1290 851 γῆς
1312 785 1469 837 πάλιν
1485 786 1754 857 ἀνήγαγες
1773 804 1860 856 με.

1804 804 1860 840 ,ε.
2035 783 2122 838 50.
2150 781 2215 836 Et
2243 783 2308 837 de
2340 784 2550 854 abyssis
2575 795 2732 840 terra:
2754 786 2947 841 iterum
2981 787 3242 844 reduxisti
3274 805 3375 844 me.

374 867 461 922 51.
496 870 603 922 Καὶ
635 869 740 942 γὰρ
794 871 902 940 ἐγὼ
941 872 1400 946 ἐξομολογησομαί
1447 892 1528 928 σοι
1583 878 1639 927 ἐν
1690 876 1862 940 λαοῖς,

2037 873 2123 928 5-1.
2157 872 2290 928 Nam
2323 884 2376 930 et
2402 891 2502 946 ego
2549 877 2850 933 conﬁtebor
2885 878 2982 932 tibi
3025 878 3078 932 in
3136 882 3379 950 populis,
3423 880 3530 937 Do-

303 959 477 1026 Κύριε
507 961 579 1027 (ὁ)
605 975 617 988 ο

563 961 579 1027 ξι
605 975 617 988 ο
1967 965 2131 1020 mine.

375 1053 461 1106 52.
510 1053 595 1104 Ἑν
629 1052 844 1106 σκεύεσι
869 1053 1082 1124 ψαλμοῦ
1107 1057 1204 1128 τὴν
1226 1057 1478 1128 ἀλήθειάν
1506 1076 1619 1121 σου,
1649 1059 1678 1110 ὀ
1709 1058 1862 1122 Θεός.

1762 1059 1862 1122 εός.
2038 1058 2126 1112 52.
2163 1056 2218 1111 In
2245 1057 2391 1112 vasis
2416 1057 2610 1126 psalmi
2636 1057 2917 1112 veritatem
2945 1068 3117 1121 tuam,
3156 1058 3294 1116 Deus
3321 1079 3333 1115 :

375 1143 458 1198 55.
495 1144 662 1196 Ψαλῶ
691 1163 767 1198 σοι
797 1149 853 1199 ἐν
881 1147 1098 1220 κιθάρα,
1132 1152 1159 1202 ὁ
1190 1151 1339 1217 ἆγιος
1367 1150 1458 1202 τοῦ
1505 1151 1744 1222 Ἰσραήλ.

2039 1149 2126 1204 55.
2155 1147 2384 1202 Psallam
2414 1148 2510 1202 tibi
2545 1149 2597 1202 in
2628 1149 2861 1212 cithara,
2896 1158 3117 1205 sanctus
3143 1146 3347 1206 Israel.-

377 1233 462 1288 54.
507 1235 943 1302 ’Λγαλλιάσονται
996 1241 1062 1292 τὰ
1104 1240 1251 1311 χείλη
1324 1259 1468 1312 μου,
1527 1244 1656 1296 ὃταν
1713 1243 1866 1312 est...

2036 1239 2124 1293 54.
2158 1238 2515 1294 Exsultabunt
2541 1240 2680 1294 labia
2724 1255 2863 1308 mea,
2898 1256 3020 1296 cum
3053 1251 3344 1298 cantavero
3395 1245 3529 1301 tibi:

307 1342 389 1378 σοι
412 1343 426 1356 ⁸

492 1421 601 1473 Καὶ
629 1425 660 1494 ἡ
687 1423 829 1493 ψυχή
862 1442 982 1493 μου,
1021 1425 1417 1498 ἧνὲλυτρώσω.

2039 1421 2126 1476 55.
2157 1419 2221 1474 Ει
2241 1421 2422 1476 anima
2458 1437 2598 1490 mea,
2628 1439 2790 1493 quam
2819 1423 3119 1479 redemisti.

375 1507 463 1562 56.
497 1510 613 1562 Ἔτι
648 1511 703 1563 δε
730 1515 820 1565 καὶ
849 1517 878 1583 ἡ
911 1514 1154 1581 γλῶσσά.
1181 1535 1281 1587 μου
1336 1519 1461 1586 ὃλην
1500 1519 1596 1590 τὴν
1653 1519 1867 1592 ἡμέραν

2041 1512 2127 1568 5‘3.
2159 1513 2266 1569 Sed
2289 1525 2341 1568 et
2370 1514 2554 1584 lingua
2581 1531 2696 1570 mea
2733 1524 2843 1571 tota
2869 1516 2957 1570 die
2989 1516 3340 1571 meditabitur
3363 1517 3527 1587 justi-

304 1597 378 1670 (ε)
407 1598 688 1670 μελετήσει
712 1603 808 1673 τὴν
836 1604 1178 1676 δικαιοσύνην
1209 1625 1300 1660 σου
1327 1625 1339 1637 ·

756 1604 808 1673 ἰςν
836 1604 1178 1676 δικαιοσύνην
1209 1625 1300 1660 σου
1327 1625 1339 1637 ·
1974 1605 2101 1658 liam
2133 1613 2278 1658 tuam
2314 1623 2327 1660 :

377 1690 464 1743 57.
500 1690 664 1743 Ὅταν
693 1693 1038 1762 αἱς-[ονοῶσ-ι,
1063 1697 1155 1748 καὶ
1175 1697 1511 1766 ἑντραπῶσιν
1557 1701 1606 1751 οἱ
1645 1698 1870 1769 ζητοῦν·
1901 1756 1941 1770 “

2046 1696 2134 1752 57.
2167 1698 2300 1751 Cum
2332 1696 2566 1763 confusi,
2595 1707 2647 1752 et
2677 1698 2893 1753 reveriti
2917 1697 3138 1763 fuerint,
3161 1699 3257 1770 qui
3284 1708 3535 1770 quaerunt

301 1798 395 1845 τες
429 1782 495 1835 τὰ
528 1785 668 1837 κακά
705 1801 812 1854 μοι.

729 1801 812 1838 ιοι.
1901 1756 1942 1810 Β
1974 1787 2115 1840 mala
2146 1787 2300 1840 mihi.

339 1876 446 1940 Εἰς
482 1875 548 1928 τὸ
581 1876 771 1942 τέλος,
807 1877 1045 1946 ψαλμὸς
1073 1877 1151 1943 τῷ
1183 1880 1359 1934 Δαϐὶδ
1401 1882 1487 1946 εἰς
1523 1881 1827 1952 Σαλομών.

1786 1900 1827 1936 νο,
2135 1874 2200 1931 1η
2223 1877 2402 1946 ﬁnem,
2438 1876 2683 1930 Psalmus
2711 1876 2883 1931 David
2913 1880 2968 1931 in
3003 1877 3357 1933 Salomouem.

855 1959 862 1965 ’
889 1972 1116 2024 ΨΑΛΜ.
1158 1974 1282 2024 οΑν.

2515 1969 2774 2024 PSALM.
2803 1969 3005 2025 LXXI.

378 2054 430 2111 1.
473 2057 529 2110 Ὀ
551 2057 700 2122 Θεὸς,
722 2060 781 2112 τὸ
812 2060 983 2131 κρῖμά
1010 2078 1099 2113 σου
1132 2060 1208 2131 τῷ
1230 2061 1437 2132 βασιλεί
1468 2063 1556 2126 δός
1577 2080 1590 2093 ·

1471 2063 1556 2126 δός
1577 2080 1590 2093 ·
2035 2049 2093 2119 ’1.
2126 2063 2292 2127 Deus,
2323 2061 2588 2133 judicium
2617 2070 2769 2116 tuum
2794 2062 2904 2132 regi
2929 2062 2996 2116 da
3027 2081 3042 2116 :

375 2149 431 2204 2.
456 2153 562 2204 Καὶ
600 2152 694 2223 τὴν
717 2153 1060 2224 δικαιοσύνην
1094 2171 1186 2208 σου
1218 2155 1295 2225 τῷ
1325 2154 1424 2224 υἱῷ
1451 2155 1543 2208 τοῦ
1585 2155 1868 2226 βασιλέως.

1451 2155 1543 2208 τοῦ
1585 2155 1868 2226 βασιλέως.
2051 2156 2106 2211 2.
2136 2155 2489 2225 Etjustitiam
2523 2165 2671 2210 tuam
2699 2154 2809 2210 ﬁlio
2833 2155 2995 2225 regis.

377 2242 432 2297 5.
461 2243 679 2315 Κρίνειν
708 2246 797 2298 τὸν
829 2247 951 2300 λαόν
981 2265 1074 2300 σου
1108 2249 1164 2300 ὲν
1191 2247 1508 2320 δικαιοσύνῃ
1531 2263 1546 2278 ·

2053 2249 2108 2303 5.
2133 2246 2384 2303 Jutlicare
2401 2247 2660 2316 populum
2696 2256 2850 2301 tuum
2887 2245 2940 2299 in
2971 2245 3219 2314 justitia:

373 2399 451 2492 (α)
481 2401 646 2492 mihi)
695 2401 967 2492 ὀινήϊαγές
1004 2419 1090 2492 με.
1147 2401 1498 2492 Ειηιρηάιιῑιιῐη
1554 2401 1655 2456 fuit
1700 2402 1869 2456 πάλαι
1906 2417 1944 2455 η

1820 2419 1869 2455 ιι
1906 2417 2069 2456 manu
2104 2401 2328 2464 recenti,
2354 2401 2445 2455 sed
2476 2401 2635 2454 πάλιν
2656 2401 2929 2471 legebatur
2958 2410 3019 2456 ut
3045 2402 3098 2456 in
3128 2417 3270 2457 vers.
3301 2402 3391 2459 50.

379 2473 454 2544 (ὁ)
497 2472 582 2524 Ἐν
618 2471 791 2537 λαοῖς.
813 2472 982 2541 Κύριε
1008 2471 1220 2525 desunt.

379 2543 450 2612 (ε)
483 2542 647 2613 Ὅλην
670 2545 767 2614 τὴν
797 2542 1008 2612 ἡμέραν
1049 2543 1275 2608 desunt;
1326 2551 1382 2596 at
1435 2543 1488 2595 in
1536 2558 1705 2614 marg.
1737 2543 1858 2598 cod.
1892 2541 2090 2612 legitur
2109 2540 2279 2596 diver.
2309 2542 2551 2596 cbaract.
2578 2549 2785 2596 tantum
2820 2539 2972 2610 ὃλην.

1427 2696 1801 2752 ATHANASII
1842 2693 2431 2752 INTERPRETATIO.

379 2855 468 2913 46.
501 2857 612 2911 Kal
637 2854 895 2926 ἐποίησάς
926 2872 993 2925 με
1041 2858 1365 2924 μετανοῆσαι
1412 2852 1499 2907 διὰ
1536 2853 1634 2924 τῆς
1662 2853 1881 2926 χάριτός

2051 2853 2138 2908 46.
2167 2855 2230 2909 Ει
2257 2853 2432 2909 fecisti
2462 2870 2548 2909 me
2577 2855 2748 2926 gratia
2770 2865 2862 2909 tua
2891 2853 3175 2925 paenitere.
3203 2861 3256 2907 et
3285 2852 3545 2908 viviﬁcari

309 2968 426 3016 σου,
457 2949 552 3003 καὶ
576 2946 968 3016 ζωοποιηθῆναι
999 2947 1054 2999 ἐν
1077 2945 1154 3016 τῷ
1183 2945 1530 3016 βαπτίσματι.

774 2946 968 3016 τιθῆναι
999 2947 1054 2999 ἐν
1077 2945 1154 3016 τῷ
1183 2945 1530 3016 βαπτξσματι.
1979 2949 2036 3003 in
2061 2949 2345 3018 baptismo.

378 3041 468 3096 47.
504 3040 595 3092 Ἐκ
627 3037 734 3090 τῶν
764 3034 1041 3108 ἁμαρτιῶν
1080 3053 1198 3106 μου.

1083 3053 1198 3106 μου.
2054 3040 2142 3095 47.
2175 3039 2216 3093 Ε
2243 3039 2476 3110 peccatis
2501 3038 2654 3092 meis.

381 3133 469 3185 43.
500 3131 608 3182 Kal
628 3128 786 3180 πάλιν
819 3126 1196 3197 ἡμαρτηκότος
1222 3143 1321 3196 μου
1354 3127 1413 3178 οὐ
1438 3124 1690 3196 παρεῖδές
1718 3142 1808 3194 με.
1920 3197 1945 3200 _

2052 3133 2141 3186 48.
2179 3131 2244 3185 Ει
2273 3147 2462 3186 rursus
2487 3146 2609 3186 cum
2635 3143 2965 3200 peccassem,
2995 3143 3100 3183 non
3128 3127 3410 3198 neglexisti
3436 3142 3542 3180 me.

381 3221 468 3277 49.
505 3221 640 3274 Ἀλλ’
672 3219 1001 3288 ἐπιστρέψας
1023 3235 1087 3289 με
1106 3218 1213 3271 ἀπὸ
1243 3218 1338 3289 τῆς
1361 3217 1636 3289 ἁμαρτίας
1659 3217 1750 3271 διὰ
1770 3217 1877 3272 τῶν
1905 3197 1948 3255 C

2049 3225 2138 3282 49.
2177 3224 2281 3282 Sed
2299 3233 2621 3281 convertens
2638 3197 2740 3278 vme
2767 3239 2795 3278 a
2818 3231 3039 3294 peccato
3071 3197 3274 3278 sanctis
3302 3220 3545 3293 Scriptu-

306 3314 482 3385 ἀτέων
504 3314 734 3386 Γραφῶν
763 3311 1121 3381 ὲνονῢέτησάς
1159 3326 1245 3380 με.

983 3311 1121 3381 ησάς
1159 3326 1245 3380 με·
1978 3319 2056 3374 ris
2087 3335 2172 3374 me
2205 3317 2554 3374 admonuisti.

385 3409 470 3463 50.
500 3409 607 3462 Kal
629 3407 785 3460 πάλιν
812 3408 875 3459 ἐκ
906 3405 1156 3474 δευτέρου
1188 3403 1275 3458 διὰ
1313 3404 1413 3475 τῆς
1450 3403 1736 3476 μετανοίας
1785 3405 1878 3475 ἐρ-

2050 3408 2138 3465 50.
2174 3409 2240 3464 Ει
2269 3425 2463 3465 rursus
2488 3407 2730 3463 secundo
2764 3421 2860 3478 per
2889 3405 3266 3477 pmnitentiam
3301 3402 3548 3474 eripuisti

313 3501 466 3573 ῥύσω
499 3518 563 3572 με
597 3501 704 3553 ἀπὸ
732 3499 838 3553 τῶν
867 3497 1100 3569 ἀνομιῶν
1135 3514 1256 3567 μου.

1187 3514 1256 3551 ω.
1979 3516 2066 3556 me
2096 3501 2163 3556 ab
2194 3501 2576 3571 iniquitatibus
2604 3501 2758 3556 meis.

388 3592 475 3646 51.
499 3595 836 3661 Διηγήσομαι
869 3591 1022 3652 πᾶσι,
1050 3588 1109 3641 τὺ
1136 3587 1252 3650 πῶς
1279 3604 1344 3658 με
1378 3586 1637 3657 ἠλέησας.

2045 3593 2134 3647 51.
2166 3591 2409 3648 Narrabo
2441 3593 2697 3648 omnibus
2721 3590 2998 3662 quomodo
3031 3589 3288 3644 misertus
3319 3601 3380 3643 es
3419 3584 3547 3640 mei.

390 3684 478 3739 52.
517 3683 607 3735 Ἑν
626 3685 692 3752 τῇ
715 3680 933 3752 γλώσσῃ
953 3697 1052 3750 μου
1073 3679 1164 3731 κα).
1191 3681 1249 3730 ἐν
1282 3681 1393 3742 τοῖς
1425 3678 1626 3748 χείλεσι
1664 3695 1762 3749 μου
1786 3678 1882 3749 (1).

1594 3679 1626 3731 τί
1664 3695 1762 3749 μου
1786 3678 1882 3749 (1).
2054 3684 2150 3740 52.
2175 3686 2235 3738 In
2262 3685 2443 3755 lingua
2482 3701 2621 3750 mea,
2649 3693 2703 3738 et
2733 3685 2785 3737 in
2816 3683 2978 3738 labiis
3009 3681 3165 3736 meis.

388 3776 477 3831 55.
512 3773 798 3845 Νεκρώσαι
840 3773 914 3841 (9.)
961 3772 1022 3824 τὸ
1066 3771 1223 3841 σῶμα
1276 3788 1374 3841 μου
1415 3769 1502 3823 διὰ
1547 3771 1645 3841 τῆς
1680 3772 1884 3843 ἐγκρα-

2055 3771 2143 3826 53.
2180 3773 2552 3828 Mortiﬁcando
2596 3789 2795 3844 corpus
2824 3787 3004 3827 meum
3034 3785 3131 3841 per
3157 3768 3548 3826 continentiam

315 3869 479 3930 τείας,
497 3866 670 3929 οὕτως
700 3868 796 3918 ἀνυ
806 3866 992 3936 μνήσω
1027 3881 1108 3918 σε.

847 3866 992 3934 νήσω
1027 3881 1108 3918 σε.
1983 3863 2057 3917 ita
2092 3865 2326 3920 laudabo
2348 3875 2418 3920 te.

386 3957 476 4014 Η.
505 3959 585 4010 Τὰ
620 3958 773 4027 χείλη
803 3960 901 4027 τῆς
929 3957 1156 4028 καρδίας
1188 3971 1313 4026 μου.

1234 3971 1313 4007 ου.
2058 3956 2145 4011 54.
2173 3955 2337 4036 Dubia
2367 3957 2548 4012 cordis
2574 3957 2703 4011 mei.
2791 3969 2805 3982 '

385 4050 476 4105 55.
520 4049 612 4102 Ἐκ
641 4050 745 4102 τῶν
766 4047 973 4120 ἐχθρῶν
997 4048 1184 4117 αὐτῆς.

1123 4049 1184 4117 ἰςο
2061 4049 2148 4104 55.
2182 4048 2260 4102 Ex
2292 4050 2527 4104 inimicis
2560 4050 2694 4104 suis.

387 4142 476 4196 56.
526 4140 614 4193 Ἐν
640 4141 720 4210 τῷ
759 4141 906 4211 νόμῳ
941 4155 1033 4192 σου
1073 4139 1337 4208 ἐπιζητεῖ,
1381 4139 1409 4192 ὃ
1440 4154 1492 4191 τι
1549 4138 1776 4209 ἀρεστὸν
1823 4139 1881 4191 ὲν

2057 4139 2145 4194 56.
2184 4137 2241 4193 ln
2277 4138 2392 4210 lege
2421 4148 2512 4194 tua
2551 4146 2775 4209 quaret,
2819 4135 3182 4208 quodcunque
3211 4133 3466 4204 placitum
3497 4132 3553 4188 in

319 4235 402 4290 σοί
435 4236 581 4286 ἐστιν

1987 4245 2051 4284 ea
2085 4230 2178 4284 tibi
2209 4238 2311 4283 est.

387 4327 477 4382 57.
506 4328 568 4379 Οἱ
596 4326 864 4395 δαίμονες.

2055 4319 2142 4375 57.
2181 4321 2479 4373 υαξηιοηρε.

399 4421 464 4474 Ἦ
495 4418 824 4492 προκειμένη
851 4415 1124 4488 ἐπιγραφὴ
1151 4415 1390 4484 περιέχει
1419 4413 1495 4484 (4)
1516 4427 1530 4442 ⁸
1555 4413 1658 4478 Εὶς
1678 4427 1745 4465 το
1772 4409 1968 4478 τέλος,
1995 4410 2242 4483 ψαλμὸς
2273 4411 2352 4476 τῷ
2384 4411 2560 4464 Δαϐὶδ
2589 4413 2676 4476 εὶς
2711 4407 2998 4479 Σαλομὼν
3055 4407 3226 4461 Τοῦτο
3243 4403 3336 4460 οὖν
3367 4406 3517 4477 λέγει
3539 4425 3556 4443 ο

322 4517 408 4572 ἐπ’
435 4514 677 4584 ἐσχάτων
709 4511 816 4564 τῶν
849 4511 1067 4582 ἡμερῶν
1095 4511 1174 4572 εἰς
1196 4509 1284 4561 τὸν
1307 4504 1723 4578 εἰρηνικώτατὸν
1751 4507 1902 4559 ἐστιν
1932 4508 1960 4559 ὁ
1983 4506 2216 4578 ψαλμὸς,
2243 4507 2387 4576 λέγω
2413 4505 2477 4576 δὴ
2506 4506 2587 4568 εἰς
2614 4504 2707 4556 τὸν
2732 4502 2936 4576 Κύριον
2990 4499 3196 4572 Ἰησοῦν
3215 4517 3228 4530 ’
3271 4502 3561 4570 Σαλομὼν

319 4611 431 4683 γὰρ
457 4606 754 4678 εἰρηνικὸς
787 4606 1144 4678 ἑρμηνεύεται
1161 4645 1174 4658 .

396 4731 607 4785 Titulus
638 4727 957 4800 praepositus
991 4721 1271 4778 continet:
1309 4735 1375 4772 .n
1410 4725 1565 4787 (mem
1597 4732 1614 4768 :
1651 4713 1907 4768 Psalmus
1948 4712 2120 4767 David
2158 4715 2211 4767 in
2250 4711 2600 4769 Salomonem.
2656 4711 2770 4768 Hoc
2799 4711 2965 4781 igitur
2997 4709 3305 4782 signiﬁcat:
3346 4709 3401 4764 in
3432 4710 3566 4764 ulti~

321 4823 430 4883 mis
453 4825 639 4878 diebus
673 4822 727 4874 in
758 4833 969 4874 summe
995 4812 1277 4885 paciﬁcum
1310 4818 1392 4866 est
1418 4809 1680 4880 psalmus.
1724 4806 1855 4860 Dico
1887 4814 2073 4861 autem
2105 4807 2161 4860 in
2201 4805 2491 4862 Dominum
2522 4803 2732 4862 Jesum.
2779 4806 3033 4861 Salomon
3063 4804 3208 4860 enim
3244 4803 3568 4872 interpreta—

322 4927 418 4974 tur
435 4916 707 4987 paciﬁcus.

400 5012 454 5068 1.
505 5011 585 5082 Γῴ
610 5010 722 5081 Υἱῷ
761 5027 873 5063 σου.
1926 5002 1970 5056 Ι)

859 5049 873 5062 ,
1926 5002 1970 5056 D
2073 4999 2122 5052 1.
2152 4995 2291 5053 Filio
2317 5007 2430 5053 tuo.

400 5105 457 5160 2.
485 5106 610 5169 Τοῖς
633 5103 806 5172 ἁγίοις
838 5117 954 5154 σου.

2068 5090 2123 5146 2.
2159 5090 2375 5148 Sanctis
2405 5095 2529 5149 tuis.

396 5198 454 5251 5.
484 5198 663 5250 Ποιεῐν
699 5195 788 5248 τὸν
818 5192 944 5247 λαόν
973 5207 1067 5243 σου
1099 5189 1158 5243 ὲν
1187 5185 1500 5258 δικαιοσύνῃ
1539 5202 1632 5239 σου
1657 5183 1853 5257 πορεύε
1877 5211 1905 5228 ο

2069 5183 2124 5238 3.
2153 5182 2374 5251 Facere,
2425 5195 2485 5238 ut
2524 5184 2755 5255 populus
2800 5191 2929 5236 tuus
2981 5180 3035 5234 in
3071 5176 3279 5247 iustitia
3316 5184 3406 5228 tua
3446 5184 3567 5224 am-

331 5289 482 5352 σθαι,

1998 5276 2149 5332 buiet

1279 5391 1585 5456 Addenda
1613 5397 1674 5451 et
1705 5389 2078 5470 corrigenda
2105 5407 2184 5451 ex
2223 5389 2369 5452 cod.
2407 5389 2610 5450 Vatie.

407 5531 484 5602 (l)
511 5533 629 5586 Μου
662 5531 812 5602 deest
2000 5585 2047 5602 _
2074 5515 2148 5598 (4)
2183 5507 3122 5602 Ἦ,διὰίτῆςικινναξάρεωςπεριέχει
3141 5522 3155 5536 ⁶
3191 5505 3269 5568 εἰς
3288 5500 3573 5576 Σαλομών.

431 5581 842 5673 invasam.
963 5667 974 5673 ,
1033 5665 1043 5673 ,
1099 5666 1111 5673 ,
1267 5662 1277 5673 .
1345 5661 1357 5673 .
1444 5658 1456 5673 .
2000 5592 2002 5608 “

1444 5658 1456 5673 ,
2000 5581 2193 5652 Τοῦτο,
2220 5596 2325 5644 etc.
2354 5581 2530 5642 Paulo
2553 5592 2678 5656 post
2711 5581 2989 5649 Σολομῶν.

431 5605 486 5665 2)
525 5603 842 5673 Νεκρὼσας.

406 5603 483 5742 (ὅ)
529 5673 889 5742 Ἑπιζητήσω.
923 5667 975 5720 τι
1001 5665 1058 5719 τὸ
1089 5662 1310 5734 ἀρεστόν
1342 5658 1458 5714 ἐστι
1485 5675 1584 5712 σοι.

657 5718 946 5815 ἕλἰἕιξόὲ.
971 5718 1086 5812 ς..
1129 5718 1397 5811 'xxvn.

3217 5718 3293 5784 30
