3978 6204
447 313 550 365 939
1317 306 1372 358 S.
1417 295 1782 355 ATHANASII
1819 293 1965 349 OPP.
2009 290 2018 344 1

2111 285 2189 342 RS
2225 285 2313 341 111.
2355 315 2424 325 --
2463 281 2878 337 EXEGETICA.
3578 270 3682 327 940

512 428 563 480 4.
597 425 660 480 Et
685 443 948 498 pauperes
979 438 1102 482 tuos
1127 423 1179 478 in
1200 417 1432 490 judicio.
2034 405 2083 463 Α

2034 405 2084 463 Α
2181 400 2232 452 4.
2272 399 2381 450 Kal
2411 397 2536 459 τοὺς
2559 393 2806 464 πτωχούς
2849 409 2942 444 σου
2967 391 3024 444 ἐν
3064 389 3261 457 κρίσει.

504 516 558 572 5.
591 476 899 588 Suscipiraut
932 527 1144 571 montes
1177 525 1363 582 pacem
1385 505 1584 578 populo
1622 520 1635 556 :

2182 489 2232 542 5.
2277 485 2614 540 Ἀναλαὸἐτω
2640 485 2706 538 τά
2743 485 2841 554 ὅρη
2879 483 3099 552 εἰρήνην
3144 479 3220 548 τῷ
3253 476 3367 547 λαῷ
3393 492 3406 506 ·

511 607 562 662 6ο
605 608 669 664 Et
698 574 863 666 colles
890 574 1195 680 justitiam:
1389 574 1400 578 v
1462 574 1472 576 ἡ

2183 583 2235 636 6.
2264 582 2374 634 Kal
2401 581 2448 632 οἱ
2481 579 2656 649 βουνοὶ
2707 574 3071 644 δικαιοσύνην.

513 699 564 752 7.
592 662 864 755 ιυάίέεέίζίὶ
890 662 1156 770 pauperes
1190 691 1375 764 populi
1405 707 1419 745 :

2185 674 2236 726 7.
2266 673 2457 743 Κρινεῖ
2486 672 2610 732 τοὺς
2649 668 2895 736 πτωχοὺς
2914 665 3006 718 τοῦ
3029 662 3160 716 λαοῦ
3181 677 3195 691 ’

513 789 563 842 8.
597 789 661 843 Et
692 795 869 845 salvos
892 762 1057 844 iaciet
1091 762 1230 841 ﬁlios
1259 762 1561 854 pauperum
1595 795 1606 830 :

2185 767 2236 821 8.
2263 766 2373 819 Kal
2401 762 2563 816 σώσει
2583 763 2708 824 τοὺς
2743 762 2893 822 υἱοὺς
2924 762 3030 812 τῶν
3061 773 3309 828 πενητων
3329 773 3344 788 ⁸

509 881 562 934 9.
600 879 664 934 Et
692 881 995 934 bumiliabit
1019 876 1492 935 calumniatorem.

2185 859 2236 913 9.
2263 858 2374 910 Kal
2396 853 2720 909 ταπεινώσει
2755 851 3115 922 συκοφάντην.

516 969 604 1024 10.
634 969 698 1025 Ει
727 971 1064 1040 permanebit
1088 983 1214 1023 cum
1246 966 1382 1026 sole,

2190 948 2276 1002 10.
2310 950 2420 1001 Kal
2450 949 2866 1017 συμπαραμενεῖ
2896 943 2974 1015 τῷ
3000 943 3153 1014 ἡλίῳ,

514 1063 599 1116 11.
639 1063 701 1117 Ει
727 1032 858 1118 ante
889 1063 1068 1117 lunam
1122 1063 1175 1115 in
1219 1053 1566 1127 generatione
1609 1057 1664 1105 et
1705 1045 2011 1118 generatio-

2186 1039 2273 1091 11.
2301 1039 2410 1092 Kal
2430 1037 2536 1108 πρὸ
2564 1037 2659 1100 τῆς
2685 1035 2906 1098 σελήνης
2926 1034 3119 1102 γενεᾶς
3152 1033 3247 1086 καὶ
3267 1033 3344 1104 (α)
3374 1032 3595 1103 γενεῶν.

444 1170 561 1209 nes.

514 1247 601 1301 12.
640 1246 938 1300 Descemlet
966 1244 1109 1299 sicut
1131 1241 1308 1311 pluvia
1345 1241 1396 1294 in
1426 1237 1598 1293 vellus
1626 1256 1640 1290 :

2190 1238 2274 1291 12.
2307 1235 2688 1307 Καταϐήσεται
2718 1235 2792 1299 ώς
2820 1234 2971 1298 ὑετὸς
3004 1233 3096 1285 ἐπὶ
3131 1233 3295 1286 πόκον
3319 1245 3334 1264 ⁸

514 1336 601 1389 15.
635 1334 701 1387 Et
733 1335 874 1389 sicut
904 1343 1050 1403 gutta
1083 1332 1296 1386 stillans
1325 1345 1489 1399 super
1508 1338 1726 1384 terram.

2191 1327 2275 1381 15.
2307 1327 2416 1379 Kal
2435 1326 2566 1378 ὡσεὶ
2602 1323 2812 1393 σταγὼν
2841 1327 2872 1395 ἡ
2900 1325 3169 1388 στάζουσα
3209 1324 3301 1375 ἐπὶ
3332 1323 3432 1393 τὴν
3461 1325 3584 1394 γῆν.

513 1425 601 1479 14.
629 1423 847 1480 Orietur
875 1426 928 1478 in
962 1425 1152 1478 diebus
1179 1423 1298 1491 ejus
1318 1419 1556 1490 justitia,

2191 1417 2278 1470 14.
2325 1417 2594 1470 Ἀνατελεῖ
2631 1418 2688 1470 ὲν
2716 1419 2833 1480 ταῖς
2861 1416 3096 1488 ἡμέραις
3133 1415 3297 1470 αὐτοῦ
3322 1414 3657 1488 δικαιοσύνη,

512 1515 602 1571 15.
633 1514 699 1569 Ει
742 1515 1069 1570 abundantia
1115 1513 1285 1583 pacis,
1329 1511 1503 1564 donec
1541 1506 1818 1564 auferatur
1866 1509 2010 1561 luna.

2189 1513 2276 1587 15.
2304 1514 2413 1566 Καὶ
2441 1511 2644 1582 πλῆθος
2681 1512 2920 1583 εἰρήνης,
2953 1511 3057 1575 ἓως
3115 1504 3175 1563 οὗ
3235 1510 3597 1582 ἀνταναιρεθῇ
3651 1514 3682 1582 ἠ

2125 1605 2347 1677 σελήνη.

515 1696 602 1750 16.
628 1696 692 1748 Et
715 1695 1141 1766 dominabiturja
1175 1696 1312 1750 mari
1335 1710 1508 1767 usque
1533 1695 1601 1750 ad
1634 1708 1807 1758 mare,
2050 1758 2086 1812 Ε

2193 1695 2280 1748 16.
2313 1695 2423 1747 Kal
2451 1692 2875 1765 κατακυριεύσει
2902 1691 3009 1746 ἀπὸ
3049 1692 3322 1765 θαλάσσης
3360 1694 3465 1756 ἓως
3495 1691 3687 1746 θαλάσ-

2130 1807 2248 1860 σης.

521 1878 604 1932 17.
634 1879 698 1932 Et
719 1893 748 1932 a
784 1877 1098 1932 ﬂuminibus
1134 1892 1307 1946 usque
1340 1877 1408 1932 ad
1442 1875 1708 1931 terminos
1735 1873 1886 1929 orbis
1907 1880 2017 1927 ter-

2194 1881 2280 1934 17.
2311 1879 2434 1934 Καὶ⁴
2457 1879 2564 1932 ἀπὸ
2590 1876 2848 1949 ποταμῶν
2877 1877 2981 1941 ἕως
3019 1877 3270 1949 περάτων
3307 1878 3409 1947 τῆς
3440 1875 3684 1948 οἰκουμέ-

447 1985 657 2025 rarum.

2122 1990 2239 2044 νης.

522 2060 608 2114 18.
641 2059 834 2114 Coram
860 2059 950 2112 illo
977 2057 1568 2128 procidentzEthiopes
1604 2075 1620 2111 :

2193 2061 2279 2116 18.
2322 2059 2579 2114 Ἐνώπιον
2610 2061 2774 2113 αὐτου
2807 2059 3204 2131 προπεσοῦνται
3241 2059 3520 2123 Αἰθίοπες·

521 2149 607 2202 19.
638 2148 704 2203 Et
738 2149 943 2204 inimici
972 2151 1091 2218 ejus
1125 2158 1328 2204 terram
1356 2149 1585 2218 lingent.

2194 2151 2281 2207 19.
2307 2153 2415 2206 Kal
2447 2154 2495 2205 oi
2523 2152 2707 2224 ἐχθροὶ
2736 2152 2902 2205 αὑτοῦ
2942 2152 3071 2221 χοῦν
3101 2151 3353 2216 λείξουσι.

515 2242 605 2296 ‘20.
644 2241 814 2310 Reges
849 2241 1096 2305 Tharsis,
1143 2249 1198 2296 et
1237 2241 1430 2296 insulae
1467 2255 1692 2294 munera
1741 2238 1970 2293 offerent
2005 2257 2017 2292 :

2191 2245 2278 2298 20.
2318 2246 2562 2308 Βασιλεῖς
2595 2245 2826 2316 Θαρσεῖς
2857 2246 2950 2298 καὶ
2973 2245 3126 2314 νῆσοι
3147 2245 3295 2316 δῶρα
3324 2245 3683 2317 προσοίσουσι·

517 2332 606 2386 21.
645 2332 815 2402 Reges
840 2333 1077 2387 Arabum
1105 2339 1159 2386 et
1183 2331 1324 2387 Saba
1352 2332 1495 2386 dona
1526 2331 1818 2386 adducent.

2195 2337 2284 2392 21.
2313 2337 2558 2401 Βασιλεῖς
2598 2336 2842 2409 Ἀράϐων
2866 2339 2958 2390 καὶ
2991 2337 3138 2390 Σαϐἄ
3167 2337 3314 2408 δῶρα
3340 2337 3680 2410 προσάξουσι.

523 2467 597 2539 (α)
629 2467 736 2522 Καί
770 2470 939 2524 deest.

1559 2560 1929 2616 ATHANASII
1970 2560 2562 2616 INTERPRETATIO.

521 2727 574 2780 4.
605 2723 668 2777 Ει
691 2738 953 2793 pauperes
984 2721 1178 2791 spiritu
1209 2719 1264 2774 in
1286 2719 1531 2774 veritate.

2193 2717 2246 2770 4.
2280 2717 2390 2770 Kal
2417 2717 2544 2780 τοὺς
2585 2718 2830 2787 πτωχοὺς
2859 2715 2934 2786 τῷ
2964 2716 3232 2787 πνεύματι
3268 2717 3326 2770 ἐν
3345 2716 3586 2789 ἀληθείᾳ.

520 2817 574 2868 5.
613 2812 890 2882 Propheta:
919 2809 1291 2881 praedicabunt
1321 2809 1533 2862 Domini
1558 2806 1871 2862 adventum.

2194 2810 2245 2864 5.
2273 2812 2332 2863 Οἱ
2358 2809 2630 2880 προφῆται
2660 2826 2727 2880 κη
2737 2808 2954 2879 ρύξουσι
2992 2807 3083 2860 τὸν
3109 2807 3312 2878 Κύριον
3335 2809 3639 2880 ἐρχόμενον.

521 2905 574 2959 6.
605 2903 672 2958 Ει
702 2903 930 2973 apostoli
953 2903 1130 2973 ipsum
1162 2901 1450 2956 Dominum
1475 2901 1898 2955 annuntiabunt.
2048 2935 2092 2991 ϐ

1887 2941 1898 2953 .
2048 2935 2092 2991 C
2193 2901 2245 2956 6.
2275 2901 2384 2954 Kal
2408 2903 2454 2953 οἱ
2477 2901 2763 2954 ἀπόστολοι
2795 2901 2887 2954 τὸν
2913 2901 3075 2954 αὐτὸν
3104 2901 3453 2973 κηρύξουσιν.

522 2998 575 3052 7.
611 2995 854 3050 Adducet
882 3009 1148 3064 pauperes
1173 2994 1386 3064 spiritu.

2197 2994 2251 3049 7.
2287 2993 2507 3062 Ἀγάγει
2534 2994 2660 3056 τοὺς
2682 2992 2934 3063 πτωχοὺς
2970 2993 3048 3063 τῷ
3075 2993 3366 3064 πνεύματι.

523 3087 576 3140 8.
608 3084 674 3139 Ει
696 3085 877 3140 salvos
904 3085 1061 3140 faciet
1098 3085 1471 3156 apostolorum
1499 3083 1822 3154 discipulos.

2193 3086 2247 3141 8.
2278 3085 2386 3138 Kal
2413 3085 2576 3138 σώσει
2609 3086 2734 3149 τοὺς
2761 3085 3009 3156 μαθητὰς
3031 3085 3138 3138 τῶν
3165 3086 3497 3143 ἀποστόλων.

519 3177 573 3231 9.
607 3174 914 3230 Diabolum.

2195 3179 2247 3235 9.
2281 3178 2381 3232 Τὸν
2413 3177 2678 3232 διάϐολον.

524 3268 612 3323 10.
641 3267 708 3322 Et
737 3267 1072 3338 permanebit
1100 3281 1224 3320 cum
1260 3269 1489 3320 sanctis.

2199 3270 2281 3325 10.
2316 3268 2390 3341 (α)
2413 3271 2521 3322 Kal
2545 3273 2964 3340 συμπαραμενεῖ
2990 3273 3102 3333 τοῖς
3135 3269 3332 3338 ἁγίοις.

524 3363 606 3415 ll.
638 3359 704 3412 Et
731 3370 857 3414 ante
891 3358 1152 3413 mundum
1190 3358 1352 3428 elegit
1380 3373 1499 3412 eos.

2198 3364 2283 3416 11.
2318 3364 2427 3415 Kal
2467 3362 2572 3433 πρὸ
2604 3361 2696 3415 τοῦ
2725 3363 2929 3433 κόσμου
2965 3361 3245 3429 ἐξελέξατο
3272 3361 3489 3426 αὐτούς.

524 3455 608 3506 l2.
645 3452 943 3507 Descendet
975 3468 1004 3506 e
1041 3452 1196 3506 ccelis
1236 3451 1543 3506 emundans
1576 3465 1794 3506 omnem
1824 3448 2024 3519 iniqui-

2198 3454 2283 3508 12.
2315 3454 2694 3525 Καταὸήσεται
2729 3453 2834 3506 ἀπὸ
2862 3453 2970 3507 τῶν
2996 3453 3242 3524 οὐρανῶν
3283 3453 3560 3525 καθαίρων
3591 3455 3686 3508 πᾶ·

451 3552 640 3600 tatem.

2129 3564 2228 3601 σαν
2253 3547 2500 3618 ἀνομίαν.

525 3637 609 3692 15.
640 3635 789 3690 Dona
827 3651 926 3691 sua
957 3638 1012 3692 in
1048 3635 1328 3706 apostolis.

2199 3639 2286 3692 15.
2322 3637 2403 3691 Τὰ
2428 3638 2740 3710 χαρίσματα
2761 3637 2926 3692 αὐτοῦ
2957 3640 3015 3693 ὲν
3055 3643 3165 3703 τοῖς
3189 3641 3525 3704 ἀποστόλοις.

524 3728 609 3782 14.
643 3725 851 3782 Sancti.

2200 3729 2286 3784 14.
2325 3731 2388 3782 Ol
2421 3728 2585 3798 ἅγιοι.

524 3819 607 3878 15.
643 3817 752 3874 Pax
785 3818 953 3872 multa
977 3817 1079 3872 erit
1108 3817 1162 3870 in
1195 3815 1275 3871 eis
1297 3828 1469 3884 usque
1501 3813 1566 3868 ad
1595 3811 2000 3868 consummatio

2201 3821 2286 3876 15.
2325 3822 2388 3874 Ἦ
2415 3822 2488 3891 (1)
2514 3821 2702 3891 εἰρήνη
2733 3821 2902 3893 πολλὴ
2929 3822 3080 3877 ἔσται
3128 3825 3185 3876 ἐν
3218 3825 3400 3888 αὐτοῖς
3449 3825 3556 3888 ἕως
3603 3823 3689 3893 τῆς

449 3932 575 3973 nem
611 3913 816 3970 saeculi.
1217 3973 1236 3990 ο

2131 3915 2438 3977 συντελείας
2469 3913 2565 3966 τοῦ
2599 3912 2811 3977 αἰῶνος.

523 4007 611 4062 16.
644 4008 690 4060 Α
711 4003 977 4077 principio
1009 4000 1196 4057 mundi
1232 4013 1405 4070 usque
1425 3997 1491 4052 ad
1522 3996 1706 4052 ﬁnem.

2198 4007 2286 4061 16.
2334 4006 2465 4059 Ἀπὸ
2489 4006 2662 4076 ἀρχῆς
2683 4006 2778 4058 τοῦ
2805 4005 3010 4076 κόσμου
3039 4007 3144 4070 ἕως
3181 4007 3470 4080 Roxane]
3505 4007 3687 4079 ἀρχῆς.

524 4101 610 4155 17.
643 4097 709 4153 Et
751 4113 782 4153 a
826 4096 1079 4167 gentibus
1103 4105 1279 4162 usque
1332 4090 1396 4144 ad
1435 4089 1678 4160 reliquos
1701 4102 1893 4143 omnes
1922 4101 2024 4158 po-

2199 4099 2283 4152 17.
2316 4096 2424 4151 Kal
2445 4096 2524 4168 (2)
2548 4096 2654 4150 ἀπὸ
2672 4095 2781 4149 τῶν
2800 4095 2968 4150 ὲθνῶν
2984 4097 3088 4162 ἕως
3107 4097 3216 4150 τῶν
3232 4097 3436 4152 λοιπῶν
3462 4098 3688 4152 πάντων.

494 4194 629 4248 ulos.

494 4209 629 4248 mos.
788 4217 796 4225 -

453 4209 487 4265 Ρ
525 4284 610 4338 18.
642 4281 926 4338 Procidcnt
949 4293 1130 4334 coram
1156 4292 1222 4333 eo
1247 4275 1514 4346 denigrati
1541 4290 1568 4328 a
1608 4275 1865 4343 peccatis.

2203 4268 2288 4322 18.
2318 4270 2730 4341 Προσπέσουσιν
2770 4267 2848 4342 (5)
2879 4271 3028 4342 αὐτῷ
3057 4273 3108 4325 οἱ
3151 4272 3555 4343 μελανωθέντες
3596 4270 3691 4326 ἀπὸ

2131 4360 2241 4414 τῶν
2262 4361 2547 4434 ἁμαρτιῶν

522 4459 614 4513 19.
647 4457 950 4511 Daemones.

2203 4454 2287 4509 19.
2319 4458 2380 4509 Ol
2409 4456 2678 4527 δαίμονες.

520 4547 613 4600 ‘20.
649 4545 910 4615 Apostoli,
945 4555 996 4598 et
1027 4543 1261 4612 populus
1301 4540 1544 4596 ﬁdelium
1596 4540 1866 4597 adducent
1907 4545 2031 4597 ani-

2201 4545 2290 4600 20.
2323 4548 2386 4601 Οἱ
2417 4548 2700 4605 ἀπόστολοι
2729 4553 2823 4606 καὶ
2850 4554 2878 4606 ὁ
2908 4549 3037 4613 λαὸς
3065 4547 3174 4602 τῶν
3203 4548 3414 4602 πιστῶν
3444 4551 3547 4614 τὰς
3580 4550 3695 4602 ἑαυ-

453 4654 572 4694 mas
624 4653 770 4692 suas.
816 4635 1067 4690 Dicemus
1111 4645 1291 4688 autem
1331 4641 1385 4686 et
1414 4632 1578 4686 aliam
1624 4635 2024 4702 interpretatio-

2127 4637 2236 4690 τῶν
2265 4638 2442 4710 ψυχὰς
2467 4643 2911 4713 προσαγάγωσιν.
2937 4642 3192 4711 Λέξωμεν
3218 4641 3273 4694 δὲ
3295 4641 3391 4694 καὶ
3411 4640 3586 4704 ἄλλως
3606 4642 3695 4709 τὴν

452 4746 600 4786 nem.
647 4728 863 4782 Tharsis
907 4729 1291 4796 interpretatur
1327 4723 1581 4792 inspectio
1619 4724 1826 4794 gaudii,
1875 4727 2020 4796 quod

2130 4730 2424 4800 ἑρμηνείαν
2451 4746 2463 4758 ·
2500 4734 2748 4801 Θαρσεῖς
2785 4731 3146 4806 ἑρμηνεύεται
3194 4733 3552 4800 κατασκοπὴ
3601 4747 3698 4800 χα-

453 4823 707 4878 convenit
732 4819 1010 4890 apostolis,
1031 4834 1096 4872 eo
1115 4817 1260 4888 quod
1291 4817 1575 4871 visitarent
1598 4816 1717 4887 ejus
1741 4819 2017 4887 populum.

2124 4816 2257 4886 ρᾶς,
2286 4819 2423 4892 ὅπερ
2445 4815 2585 4892 ἦσαν
2615 4824 2663 4875 οἱ
2691 4824 2997 4887 ἀπόστολοι,
3048 4822 3137 4876 διὰ
3170 4823 3230 4876 τὸ
3275 4821 3695 4876 ἐπισκέπτεσθαι

457 4910 655 4966 Insula:
705 4925 831 4964 vero
879 4908 1129 4962 Ecclesia:
1174 4908 1332 4963 dicta:
1373 4915 1522 4970 sunt,
1557 4906 1685 4977 quia
1733 4923 1924 4962 omnes
1969 4909 2023 4962 iu

2130 4910 2294 4963 αὐτοῦ
2326 4911 2403 4981 (4)
2433 4912 2525 4964 τὸν
2551 4912 2699 4968 λαόν.
2739 4916 2934 4984 Νῆσοι
2958 4915 3014 4968 δὲ
3043 4915 3462 4981 αιἘκκλησίαι
3497 4917 3697 4986 εἰρηνε-

452 5005 586 5074 ipsis
611 5004 913 5058 salvantur.

2128 5019 2237 5065 ται,
2269 5003 2356 5056 διὰ
2385 5003 2446 5055 τὸ
2473 5005 2679 5070 πάντας
2707 5009 2765 5060 ὲν
2799 5008 2989 5071 αὐταῖς
3017 5006 3303 5070 σώζεσθαι.

521 5098 610 5150 21.
646 5095 774 5150 Item
824 5094 1073 5148 similiter
1120 5093 1375 5159 apostoli,
1439 5101 1494 5147 et
1548 5107 1607 5148 se
1649 5101 2026 5146 convertentes

2201 5093 2289 5146 21.
2340 5095 2568 5164 Ὁμοίως
2628 5096 2791 5150 πάλιν
2828 5099 2875 5151 οἱ
2923 5097 3207 5151 ἀπόστολοι
3240 5099 3333 5151 καὶ
3365 5099 3414 5150 oi
3454 5095 3697 5167 ἐπιστρέ-

451 5189 720 5242 adducent
764 5202 822 5241 se
888 5185 1034 5254 ipsos
1095 5186 1148 5240 in
1204 5186 1409 5240 donum
1464 5182 1714 5238 Domino.
1768 5183 2022 5238 Dicamus

2132 5201 2320 5253 φοντες
2345 5187 2766 5257 προσαγάγωσιν
2795 5190 3021 5253 ἑαυτοὺς
3064 5190 3212 5262 δῶρα
3243 5188 3320 5260 τῷ
3363 5189 3568 5261 Κυρίῳ,
3611 5185 3697 5240 εἴ.

1368 5342 1677 5406 Addenda
1721 5350 1783 5406 et
1831 5343 2209 5422 corrigenda
2242 5361 2320 5406 ex
2355 5363 2496 5409 eoo.
2527 5349 2725 5409 Vatic.

775 5484 871 5554 pro
2308 5466 2901 5554 ξῖροτεεσοθνται,νοιςἼ
2931 5470 3030 5540 τῆς
3049 5467 3351 5554 Δἀμαρτὶας.

519 5535 596 5605 {2)
623 5541 729 5593 Καί
759 5535 930 5593 deest.

2199 5535 2274 5608 (4)
2299 5535 2527 5605 Αὖτούς,
2569 5548 2698 5602 etc.,
2722 5535 2997 5608 εἴρηνται(
3015 5535 3116 5592 εις.

519 5678 595 5749 (a)
629 5679 691 5732 Ν.
729 5680 810 5736 10.
844 5679 1022 5736 Deest.
