3978 6204
479 312 574 366 941
1387 313 1473 367 DE
1511 312 1783 370 TITULIS
1822 312 2267 370 PSALMORUM.
2309 315 2591 372 ——PSAL.
2634 317 2818 372 LXXI.
3582 321 3688 378 9-5.2

545 433 636 487 22.
669 433 779 487 Kal
808 435 1267 505 προσκυνήσουσιν
1295 434 1439 505 αὐτῷ
1476 436 1674 500 πάντες
1699 437 1748 490 οἱ
1791 436 2028 506 βασιλεῖς
2061 442 2108 498 Α

1904 437 2028 500 ιλεῖς
2061 442 2108 498 Α
2202 438 2290 492 22.
2325 438 2389 494 Ει
2420 439 2722 495 adorabunt
2743 456 2866 496 eum
2892 455 3080 497 omnes
3105 455 3259 507 reges
3279 450 3475 496 terra:

480 541 574 576 της
599 540 700 576 γης
719 539 732 552 ⁸
1159 557 1161 561 ί

599 541 632 568 γ
675 541 700 556 ο·
719 541 732 552 -
1159 557 1161 561 .

511 541 841 668 n25..nﬁ:ivw
873 614 940 667 τὰ
969 614 1091 686 ἔθνη
1117 615 1487 669 δουλεύσουσιν
1514 616 1679 687 αὐτῷ.

1517 616 1679 687 αὐτῷ.
2197 616 2290 670 25.
2320 614 2520 671 Omnes
2545 625 2732 685 gentes
2759 617 2996 672 servient
3018 619 3088 672 ei.

544 705 634 758 24.
666 706 787 758 Ὅτι
821 707 1084 777 ἐρρύσατο
1105 708 1316 777 πτωχὸν
1341 709 1405 762 ἐκ
1441 708 1723 773 δυνάστου,

2202 705 2291 759 21.
2321 704 2458 772 Quia
2477 705 2728 760 liberabit
2750 721 3039 775 pauperem
3066 721 3098 760 a
3129 713 3371 776 potente,

544 796 634 848 25.
666 797 773 848 Καὶ
800 798 1023 868 πένητα,
1051 793 1094 866 ᾧ
1123 801 1218 869 οὐχ
1242 801 1452 871 ὑπῆρχε
1479 801 1697 873 βοηθός.

2198 796 2288 851 25.
2319 795 2386 850 Et
2411 811 2720 865 pauperem,
2746 797 2833 851 cui
2866 811 2975 850 non
3010 805 3129 852 erat
3147 796 3381 866 adjutor.

543 887 632 940 26.
661 888 904 942 Φείσεται
935 891 1145 960 πτωχοῦ
1172 892 1264 944 καὶ
1298 891 1561 962 πένητος⁹

1447 906 1561 956 τος·
2195 883 2284 938 26.
2310 882 2498 938 Parcet
2517 885 2738 954 pauperi
2758 893 2811 939 et
2831 884 2976 956 inopi
3003 903 3018 940 :

545 977 634 1030 27.
665 980 770 1032 Kal
802 979 977 1050 ψυχὰς
1001 984 1243 1054 πενήτων
1268 983 1448 1040 σώσει.

2199 973 2288 1028 27.
2319 974 2383 1028 Et
2410 975 2621 1032 animas
2643 991 2940 1047 pauperum
2968 977 3143 1032 salvas
3164 975 3341 1032 faciet.

542 1067 631 1121 28.
673 1070 764 1121 Ἐκ
786 1070 966 1137 τόκου,
983 1073 1073 1125 καὶ
1095 1072 1152 1138 ἐξ
1175 1073 1383 1137 ἀδικίας
1420 1073 1755 1147 λυτρὼσεται
1798 1075 1899 1140 τὰς
1923 1075 2031 1146 ψυ-

2194 1065 2283 1121 28.
2313 1065 2390 1118 Ex
2435 1066 2636 1132 usuris,
2679 1076 2733 1120 et
2774 1068 3053 1136 iniquitate
3092 1067 3319 1122 redimet
3348 1065 3558 1120 animas
3583 1078 3679 1118 eo-

472 1159 573 1228 χάς
601 1162 780 1214 αὐτῶν
804 1178 819 1193 °
1916 1157 1928 1172 ”

697 1162 780 1214 ’ῶν
804 1178 819 1193 ο
1916 1157 1928 1172 ⁸
2130 1172 2268 1212 rum.

543 1251 630 1306 29.
665 1252 772 1304 Kal
802 1252 1012 1324 ἔντιμον
1038 1254 1097 1307 τὸ
1117 1256 1284 1325 ὄνομα
1310 1256 1471 1309 αὑτοῦ
1505 1255 1733 1310 ἐνώπιον
1755 1256 1955 1313 αὐτῶν.

1886 1256 1955 1313 δν,
2198 1248 2287 1303 29.
2317 1247 2381 1302 Ει
2406 1248 2722 1303 honorabile
2749 1263 2942 1302 nomen
2968 1248 3088 1317 ejus
3120 1261 3300 1302 coram
3331 1246 3457 1301 illis.

541 1341 627 1394 50.
663 1345 770 1396 Kal
800 1344 1040 1414 ζήσεται,
1069 1348 1162 1398 καὶ
1189 1347 1472 1418 δοθήσεται
1498 1347 1644 1419 αὐτῷ
1675 1348 1740 1400 ἐκ
1767 1347 1862 1401 τοῦ
1895 1365 2030 1421 χρυ-

1958 1365 2030 1402 ιυ-
2198 1341 2286 1394 50.
2324 1340 2391 1394 Ει
2423 1341 2582 1409 vivet,
2610 1351 2664 1396 et
2695 1341 2912 1396 dabitur
2940 1341 2989 1395 ei
3018 1341 3085 1394 de
3117 1354 3252 1395 auro
3284 1339 3497 1394 Arabiae
3517 1364 3529 1383 ο

474 1428 584 1482 σίου
617 1432 715 1500 τῆς
751 1432 1003 1503 Ἀραϐίας
1038 1451 1054 1467 ·

540 1521 628 1574 51.
659 1523 764 1574 Kal
799 1526 1181 1594 προσεύξονται
1211 1529 1337 1598 περὶ
1361 1526 1523 1581 αὐτοῦ
1550 1528 1840 1592 διαπαντός
1866 1548 1881 1562 ο

1669 1529 1840 1592 παντός
1866 1548 1881 1562 ο
2196 1520 2284 1575 51.
2311 1518 2378 1574 Ει
2401 1518 2706 1573 adorabunt
2729 1517 2796 1574 de
2829 1518 2946 1587 ipso
2984 1532 3197 1588 semper
3226 1536 3240 1572 :

533 1613 623 1667 '52.
650 1614 813 1684 Ὅλην
834 1615 927 1687 τὴν
953 1618 1162 1689 ἡμέραν
1197 1620 1583 1690 εὑλογήσουσιν
1616 1620 1796 1673 αὐτόν.

1448 1635 1583 1673 >υσιν
1616 1620 1796 1673 αὐτόν.
2195 1612 2284 1666 52.
2312 1609 2446 1665 Tota
2479 1610 2566 1664 die
2599 1610 2915 1664 benedicent
2949 1609 3019 1663 ei.

537 1703 623 1755 55.
655 1704 842 1757 Ἔσται
881 1709 1154 1777 στήριγμα
1205 1711 1260 1761 ἐν
1318 1712 1380 1778 τῇ
1429 1711 1498 1780 γῇ
1560 1708 1646 1762 ἐπ’
1687 1708 1870 1779 ἄκρων
1919 1708 2024 1762 τῶν
2057 1769 2097 1780 _

2195 1704 2283 1757 55.
2321 1701 2388 1756 Et
2434 1701 2537 1755 erit
2595 1701 2992 1755 ﬁrmamentum
3040 1699 3096 1754 in
3146 1707 3288 1753 terra
3346 1697 3402 1751 in
3451 1695 3684 1751 summis

462 1791 670 1862 ὀρέων.
964 1769 994 1777 ..
1052 1769 1092 1777 ..
1355 1769 1380 1778 ..
1764 1769 1776 1779 .

964 1769 994 1777 Π
1052 1769 1062 1776 ⁷
1081 1769 1092 1777 1
1355 1769 1380 1778 Π
1440 1769 1451 1776 1
1472 1769 1498 1780 η
1764 1769 1776 1779 '
2056 1769 2099 1825 Β
2129 1795 2393 1851 montium
2421 1811 2433 1847 ε

536 1879 622 1933 54.
672 1881 1136 1956 ’Υπεραρθήσεται
1181 1887 1321 1958 ὑπὲρ
1353 1887 1443 1940 τὸν
1470 1888 1700 1944 Λίϐανον
1743 1891 1771 1942 ὁ
1809 1888 2019 1960 καρπὸς

2203 1890 2290 1945 54.
2326 1887 2786 1959 Superextolletur
2805 1899 2967 1954 super
2999 1883 3264 1938 Libanum
3289 1879 3498 1935 fruetus
3521 1877 3640 1948 ejus
3669 1896 3681 1928 :

464 1985 649 2021 αυτου·

532 2060 619 2114 55.
649 2063 757 2114 Καὶ
781 2064 1162 2138 ἐξανθήσουσιν
1187 2070 1250 2122 ὲκ
1280 2069 1486 2133 πόλεως
1517 2070 1649 2124 ὡσεὶ
1691 2070 1880 2143 χόρτος
1921 2070 2022 2140 τῆς

2194 2069 2281 2125 55.
2315 2067 2380 2123 Ει
2411 2067 2676 2123 ﬂorebunt
2702 2067 2768 2122 de
2789 2066 3008 2122 civitate
3041 2063 3182 2118 sicut
3211 2060 3395 2118 fenum
3424 2070 3581 2116 terrae
3610 2077 3624 2112 :

462 2167 584 2220 γης-

532 2243 618 2297 56.
653 2246 842 2299 Ἔσται
877 2248 936 2300 τὸ
969 2248 1140 2321 ὄνομα
1171 2251 1336 2306 αὐτοῦ
1383 2253 1740 2326 εὐλογημένον
1786 2257 1865 2319 είς
1895 2257 2020 2319 τοὺς

1930 2257 2020 2319 οὺς
2198 2247 2286 2302 56.
2317 2247 2434 2302 Erit
2455 2262 2648 2302 nomen
2677 2245 2796 2315 ejus
2821 2244 3162 2300 benedictum
3185 2243 3239 2297 in
3260 2241 3455 2298 saecula
3487 2259 3501 2294 :

462 2334 679 2398 αἰῶνας·

530 2425 616 2478 57.
653 2428 765 2498 Πρὸ
791 2429 882 2481 τοῦ
916 2429 1066 2502 ἡλίου
1093 2431 1336 2503 διαμένει
1359 2434 1419 2488 τὸ
1451 2435 1618 2505 ὄνομα
1648 2433 1834 2488 αὑτοῦ.

1769 2433 1834 2487 δῦ.
2194 2428 2284 2482 57.
2317 2427 2455 2480 Ante
2477 2427 2643 2481 solem
2672 2430 2952 2494 permanet
2982 2436 3179 2477 nomen
3202 2421 3340 2491 ejus.

530 2517 616 2570 58.
651 2519 758 2572 Kal
780 2520 1288 2595 ὲνευλογηθήσονται
1313 2526 1369 2577 ὲν
1401 2525 1550 2597 αὐτῷ
1571 2527 1741 2579 πᾶσαι
1765 2526 1820 2578 αἱ
1853 2523 2016 2594 (ρυλαῖ¹

2193 2519 2282 2573 58.
2311 2517 2376 2572 Ει
2399 2516 2786 2572 benedicentur
2814 2514 2865 2566 in
2904 2514 3022 2582 ipso
3048 2526 3239 2568 omnes
3265 2511 3445 2566 tribus
3465 2522 3620 2564 terrae
3659 2526 3674 2563 :

457 2623 556 2678 της
574 2625 676 2680 γης
699 2622 713 2638 ⁸

1567 2747 1938 2805 ATHANASII
1977 2739 2562 2800 INTERPRETATIO.

460 2870 650 2925 πωμεν
672 2856 729 2910 δὲ
753 2859 844 2910 καὶ
865 2859 1038 2924 ἄλλως
1063 2863 1162 2932 τὴν
1190 2864 1506 2935 ἑρμηνείαν.
1529 2864 1688 2920 Σαϐᾶ
1726 2862 2024 2936 ἑρμηνεύε-

2125 2865 2304 2912 autem
2331 2863 2385 2909 et
2415 2854 2575 2907 aliam
2619 2853 3141 2922 interpretationem.
3177 2850 3319 2905 Saba
3358 2852 3677 2922 interpreta-

457 2963 544 2998 ται
569 2948 918 3019 ἐπιστροφή
937 2953 1194 3021 Ἀράϐων
1214 2955 1268 3008 δὲ
1285 2957 1641 3027 ἑρμηνεύεται
1662 2956 1726 3010 τὸ
1742 2956 1861 3011 τῶν
1885 2957 2024 3010 Ἰου-

2123 2959 2211 3003 tur
2235 2949 2498 3000 conversio
2529 2962 2546 2999 :
2579 2943 2776 2998 Arabes
2815 2953 2995 2998 autem
3031 2959 3152 3013 gens
3180 2942 3508 3008 Iudaeorum,
3541 2958 3676 3013 quo-

452 3038 634 3094 ὃτιίων
661 3041 852 3108 ἔθνος,
884 3045 1069 3117 ἐπειδὴ
1096 3049 1152 3101 ὲν
1184 3047 1260 3116 τῷ
1293 3050 1423 3118 Σινᾷ
1447 3049 1562 3118 ὄρει
1585 3048 1678 3101 τὸν
1703 3048 1864 3118 νόμον
1901 3047 2018 3100 ἐδέ-

2119 3041 2266 3096 niam
2299 3040 2352 3092 in
2378 3046 2561 3092 monte
2592 3035 2721 3090 Sina
2743 3036 2910 3104 legem
2937 3044 3263 3104 acceperunt
3293 3033 3460 3101 ;Sina
3494 3043 3673 3088 autem

455 3130 628 3226 ξαντο.
663 3133 734 3186 Τὸ
765 3134 821 3186 δὲ
843 3137 972 3188 Σινᾶ
1004 3137 1126 3208 ὅρος
1147 3142 1202 3190 ὲν
1219 3142 1298 3218 τῇΙ
1320 3141 1375 3192 Ἀ
1386 3141 1547 3212 ραὸίᾳ
1570 3141 1705 3194 ἐστί.
1742 3140 1839 3193 Διὰ
1858 3138 2012 3193 τοῦτο

2116 3147 2273 3187 mons
2299 3131 2351 3184 in
2375 3129 2572 3183 Arabia
2604 3136 2703 3182 est.
2740 3128 2863 3181 ldeo
2889 3126 3052 3197 igitur
3077 3124 3383 3181 Judaeorum
3420 3126 3674 3196 populum

448 3217 540 3275 οὖν
589 3226 715 3287 τοὺς
774 3226 880 3279 ἀπὸ
932 3199 1050 3280 τῶν.
1077 3199 1342 3283 Ἰουδαίῶν
1386 3199 1585 3301 ’στόμα
1634 3228 1826 3302 [Σαϐᾶ
1883 3227 2008 3300 καὶ]

1240 3199 1342 3282 πίῶν
1386 3199 1585 3301 ⁸στόμα
1634 3228 1826 3302 [mea
1883 3227 2008 3300 καὶ]
2040 3199 2081 3226 υ
2115 3223 2258 3278 Saba
2285 3231 2340 3278 et
2360 3222 2557 3275 Arabes
2578 3218 2811 3274 vocavit.

453 3314 701 3380 Ἄραϐας
729 3317 804 3386 (1)
838 3319 1081 3373 ἐκάλεσε.

515 3406 604 3460 22.
642 3407 706 3461 Οἱ
739 3409 1102 3478 βασιλεύοντες
1137 3413 1273 3466 κατὰ
1306 3415 1406 3485 τῆς
1435 3415 1728 3487 ἁμαρτίας.

1589 3415 1728 3478 τίας,
2189 3400 2280 3454 22.
2307 3399 2610 3480 Ιξεεηιιηιεε
2635 3406 2822 3452 contra
2855 3405 3160 3468 peceatum.

515 3495 605 3550 25.
655 3497 1208 3571 Ἐξαγορασθήσονται
1243 3503 1332 3556 ὑπ’
1359 3503 1433 3574 (2)
1460 3503 1644 3557 αὑτοῦ.

1364 3503 1433 3574 (9,)
1460 3503 1644 3557 αὑτοῦ,
2185 3493 2277 3548 25.
2315 3491 2671 3546 Redimentur
2698 3489 2766 3545 ab
2800 3489 2935 3559 ipso.

513 3585 603 3640 24.
639 3588 776 3652 Τοὺς
807 3593 1054 3662 πτωχοὺς
1077 3593 1150 3663 (5)
1184 3595 1247 3646 ἐκ
1279 3593 1372 3646 τοῦ
1401 3595 1670 3650 διαϐόλου.

1321 3593 1372 3646 οὖ
1401 3595 1670 3650 διαϐόλου,
2183 3584 2274 3638 24.
2302 3583 2574 3654 Pauperes
2603 3599 2630 3637 a
2661 3582 2892 3637 diabolo.

511 3677 600 3732 25.
635 3680 737 3733 Τὸν
763 3683 1079 3737 πιστεύοντα
1111 3684 1334 3739 παλαιόν

1261 3687 1334 3739 ιόν
1359 3686 1456 3757 (4).
2186 3675 2278 3730 25.
2311 3675 2551 3730 Fidelem
2576 3683 2832 3729 veterem.

510 3769 600 3824 26.
631 3770 750 3823 Τῶν
781 3773 971 3840 ἁγίων.

2185 3769 2274 3823 26.
2311 3768 2549 3824 Sanctis.

510 3859 598 3912 27.
626 3860 743 3912 Τῶν
774 3865 1224 3933 προσφευγόντων
1251 3867 1344 3919 ἐπὶ
1370 3867 1428 3920 τὸ
1450 3867 1595 3932 ἔλεος
1621 3868 1807 3921 αὐτοῦ.

2179 3861 2268 3915 27.
2295 3860 2493 3915 Eorum
2521 3858 2614 3928 qui
2638 3857 2704 3912 ad
2728 3856 2847 3927 ejus
2874 3853 3298 3910 misericordiam
3329 3852 3671 3925 confugiunt,

510 3948 598 4002 28.
636 3951 730 4002 Ἐκ
753 3951 850 4022 τῆς
884 3955 1336 4026 προϋπαρχούσης
1367 3957 1544 4010 αὐτῶν
1575 3957 1867 4027 ἁμαρτίας.

1748 3957 1867 4020 πίας.
2173 3951 2264 4007 28.
2288 3951 2367 4005 Ex
2388 3949 2816 4022 praecedentibus
2845 3962 3032 4002 eorum
3067 3947 3319 4016 peccatis.

509 4038 597 4093 29.
633 4041 1023 4114 Δεδοξασμένον
1089 4046 1151 4098 τὸ
1227 4046 1400 4118 ὄνομα
1456 4046 1616 4100 αὑτοῦ
1693 4049 1752 4100 ἐν
1813 4047 1999 4110 αὐτοῖς

1862 4047 1999 4110 irai;
2180 4041 2269 4096 29.
2303 4040 2671 4096 Gloriﬁcatum
2703 4046 2789 4094 est
2815 4051 3010 4092 nomen
3037 4035 3155 4106 ejus
3190 4037 3246 4090 in
3279 4031 3433 4106 ipsis.

433 4131 590 4182 ἐστιν
616 4130 712 4198 (5).

509 4225 596 4280 50.
631 4227 692 4278 Oi
714 4223 994 4278 ἀπόστολοι
1020 4225 1242 4280 δοθῶσιν
1266 4225 1418 4298 αὐτῷ
1452 4228 1516 4279 ὲκ
1543 4225 1638 4279 τοῦ
1671 4225 1856 4289 ἔθνους
1893 4224 2001 4278 τῶν

2181 4221 2269 4275 50.
2303 4221 2549 4290 Apostoli
2583 4219 2791 4274 dabunt
2839 4213 3162 4290 [dabuntur]
3201 4213 3252 4269 ei
3284 4228 3350 4269 ex
3389 4221 3545 4284 gente
3572 4211 3665 4267 δυο

448 4315 735 4370 Ἰουδαίων.

2106 4313 2368 4369 daaorum.

505 4407 592 4461 51.
622 4407 938 4471 Ἀπαύστως
971 4407 1262 4480 κηρύξουσι
1287 4410 1414 4480 περὶ
1437 4407 1600 4462 αὐτοῦ
1619 4445 1634 4461 .

2177 4406 2266 4459 51.
2303 4407 2646 4459 lncessanter
2674 4402 2740 4457 de
2760 4415 2826 4456 eo
2854 4399 3245 4471 praedicabunt.

405 4561 408 4564 .
507 4496 596 4550 52.
631 4497 1011 4561 Ἀδιαλείπτως
1038 4498 1351 4562 δοξάσουσιν
1381 4499 1568 4552 αὐτόν.

2028 4501 2075 4555 D
2176 4497 2264 4554 52.
2301 4497 2677 4552 ludesinenter
2697 4496 2870 4565 ipsum
2901 4493 3299 4565 gloriﬁeabunt.

501 4588 590 4642 55.
624 4589 814 4642 Ἔσται
855 4589 1143 4658 βεϐαίωσις
1169 4589 1274 4642 τῶν
1309 4589 1660 4662 προφητικῶν
1690 4588 1864 4658 λόγων
1911 4587 1991 4662 (6)

2175 4590 2264 4644 55.
2296 4587 2413 4640 Erit
2459 4585 2798 4640 conﬁrmatio
2844 4584 3284 4654 propheticorum
3347 4595 3658 4637 sermonum

431 4677 494 4730 τὸ
518 4678 778 4748 κήρυγμα
798 4679 905 4732 τῶν
925 4679 1260 4732 ἀποστόλων.

2021 4727 2034 4740 .
2101 4679 2414 4751 praedicatio
2442 4679 2832 4748 apostolorum.

495 4769 584 4823 54.
621 4769 680 4821 '0
708 4769 832 4833 λαὸς
851 4770 880 4820 ὁ
908 4770 1096 4832 πιστὸς
1129 4771 1266 4842 ὑπὲρ
1293 4770 1382 4823 τὸν
1407 4768 1534 4822 λαὸν
1553 4769 1661 4824 τῶν
1695 4765 1994 4822 Ἰουδαίων.

2172 4771 2261 4826 54.
2293 4769 2532 4839 Pepulus
2557 4769 2729 4824 ﬁdelis
2761 4783 2925 4837 super
2956 4781 3214 4836 populum
3234 4764 3565 4820 Judaeorum.

497 4860 586 4914 55.
620 4858 723 4913 Kal
754 4860 828 4932 (7)
862 4860 1226 4930 ἐκλάμψουσιν
1274 4863 1330 4916 ὲν
1365 4864 1429 4933 τῇ
1460 4861 1571 4915 ἄνω
1610 4858 1988 4930 Ἰερουσαλήμ.

1852 4858 1988 4929 λήμ.
2171 4863 2260 4917 55.
2295 4861 2362 4915 Ει
2393 4861 2724 4931 aﬁ‘ulgebunt
2755 4860 2810 4914 in
2845 4873 3077 4928 superna
3101 4855 3422 4912 Jerusalem.

499 4949 587 5008 56.
609 4952 703 5015 Εἰς
723 4953 848 5015 τοὺς
875 4953 1261 5023 ἀτελευτήτους
1291 4953 1516 5017 αἰῶνας.

1291 4953 1516 5017 αἰῶνας.
2171 4951 2261 5005 56.
2296 4949 2350 5004 1η
2381 4951 2590 5005 inﬁnita
2624 4951 2839 5005 smcula.

496 5039 584 5094 57.
610 5041 884 5112 Ἀνάρχως
907 5043 1001 5096 καὶ
1028 5044 1424 5113 ἀπερινοήτως.

2165 5044 2254 5098 57.
2290 5042 2418 5097 Sine
2447 5042 2732 5112 principio,
2761 5054 2816 5097 et
2844 5040 3479 5113 incompreliensibiliter.

498 5131 588 5186 58.
618 5133 708 5185 Ἕν
744 5135 822 5203 τῷ
855 5134 1076 5202 ὀνόματι
1116 5134 1279 5188 αὐτοῦ
1325 5135 1750 5207 ἁγιασθήσονται
1811 5133 1861 5185 οἱ
1906 5149 1994 5185 πι-

2172 5132 2262 5188 58.
2293 5131 2350 5186 ln
2383 5134 2604 5189 nomine
2623 5134 2742 5203 ejus
2760 5135 3040 5191 credentes
3067 5135 3121 5188 in
3147 5133 3323 5203 ipsum
3349 5131 3652 5188 sanctiﬁca-

427 5221 704 5285 στεύοντες
724 5222 798 5292 (8)
831 5222 1002 5293 αὐτῷ.

745 5223 798 5292 8)
831 5222 1002 5293 αὐτῷ.
2096 5223 2312 5277 buntur.

1335 5376 1648 5465 Addenda.
1685 5386 1747 5439 et
1787 5377 2164 5456 corrigenda
2220 5395 2297 5438 ex
2357 5377 2498 5439 cod.
2545 5377 2746 5440 Vatic.

499 5493 577 5564 (1)
601 5493 878 5566 :louoaitev
915 5489 1241 5555 ἀποστόλους
1271 5491 1532 5560 Ἃωῇας,
1575 5502 1681 5548 etc,

1091 5489 1241 5555 ὀλους
1271 5491 1532 5560 Ἃοαῇας,
1575 5502 1681 5548 etc.
2157 5497 2234 5566 (5)
2270 5499 2468 5552 Ἐστιν
2489 5499 2657 5554 deest.

499 5566 574 5692 ἓξ)
601 5563 711 5633 Γάρ
751 5564 861 5647 ὑπ’.
2150 5563 2229 5636 (ﬁ)
2257 5567 2368 5621 T6»
2410 5569 2583 5637 λόγων
2615 5568 2722 5624 τῶν
2752 5567 3063 5640 προφητῶν.

558 5637 572 5692 )
610 5635 856 5692 Πιστους.
2159 5637 2234 5692 (7)
2257 5639 2368 5691 Καί
2394 5639 2562 5692 deest.

521 5635 554 5686 5
610 5633 856 5697 Πιστούς.

524 5637 578 5772 4)
601 5703 759 5756 Λαόν.

2159 5633 2234 5706 (7)
2257 5639 2368 5691 Καί
2394 5633 2561 5693 deest.

2166 5706 2241 5772 (8)
2276 5707 2561 5762 [ltcrstiaai

502 5703 578 5774 (4)
601 5703 759 5756 Λαόν.
2166 5703 2241 5777 (8⁷)
2276 5707 2686 5770 Πιστεύσαντες.
