3978 6204
420 340 523 395 915
1283 337 1369 391 DE
1413 336 1456 391 Τ
1463 336 1701 393 ιτωε
1739 335 2193 395 PSALHORL’M.
2238 365 2298 376 -—-
2336 333 2532 392 PSA]...
2575 331 2788 389 LXX".
3562 325 3672 389 913

491 457 542 510 6.
586 455 694 508 Kal
726 454 1012 529 στερέωμα
1034 456 1092 509 ἐν
1122 458 1188 528 τῇ
1218 454 1443 526 μάστιγι
1465 457 1665 512 αὐτῶν.
2028 459 2062 517 Α

2028 459 2075 517 Α
2171 454 2223 510 6.
2259 452 2326 508 Et
2356 454 2758 511 ﬁrmamentum
2793 452 2847 506 in
2879 450 3031 521 plaga
3059 464 3277 504 eorum.

492 543 545 599 7.
583 544 672 598 Ἐν
706 544 899 609 κόποις
920 544 1224 615 ἀνθρώπων
1249 547 1349 600 οὐκ
1368 547 1473 601 είσί
1493 563 1507 576 θ

2185 548 2238 602 7.
2271 546 2328 601 In
2352 547 2633 602 laboribus
2669 544 2960 602 hominum
2990 559 3097 599 non
3126 552 3250 598 sunt
3284 561 3297 599 θ

494 634 548 692 8.
584 636 696 689 Kal
726 636 863 707 μετὰ
891 636 1195 708 ἀνθρώπων
1228 638 1290 691 οὐ
1326 637 1853 710 μαστιγωθήσονται.

1845 678 1853 691 .
2176 640 2229 696 8.
2260 638 2327 692 Et
2353 655 2477 695 cum
2506 639 2819 695 hominibus
2848 654 2955 694 non
2982 636 3416 707 ﬂagellabuntur.

498 727 552 783 9.
586 728 686 781 Διὰ
714 729 873 783 τοῦτο
906 731 1208 802 ἐκράτησεν
1227 732 1425 795 αὐτοὺς
1461 734 1495 804 ἡ
1532 731 1879 803 ὑπερηφανία
1903 734 1997 786 αὐ-

1963 753 1997 782 »-
2180 732 2235 786 9.
2266 730 2393 786 Ideo
2423 730 2598 784 tenuit
2619 745 2716 786 eos
2744 728 2996 787 superbia
3026 742 3215 783 eorum
3246 728 3301 782 in
3332 725 3492 782 ﬁnem
3514 740 3534 781 :

422 813 531 867 τῶν
558 818 638 879 είς
664 816 814 879 τέλος
842 818 940 885 (α)·
2562 826 2577 845 ⁵

497 903 587 958 10.
623 906 1017 977 Περιεϐάλοντο
1040 908 1254 962 ἀδικίαν
1281 910 1376 963 καὶ
1405 910 1659 964 ἀσέϐειαν
1690 910 1918 965 ἑαυτῶν.

2183 912 2270 965 10.
2295 910 2477 981 Operti
2509 920 2637 966 sunt
2676 909 2965 979 iniquitate
2992 917 3046 964 et
3074 909 3349 979 impietate
3379 922 3498 962 sua.

499 995 588 1051 11.
641 996 1009 1063 Ἐξελεύσεται
1032 998 1108 1063 ὡς
1133 1001 1196 1052 ἐκ
1227 1000 1445 1064 στέατος
1467 1004 1498 1072 ἡ
1539 1001 1722 1056 ἀδικία
1740 1001 1939 1056 αὺτῶψ

2179 1004 2268 1057 11.
2313 1003 2555 1058 Prodibit
2578 1002 2734 1073 quasi
2756 1018 2820 1057 ex
2853 1001 3012 1071 adipe
3043 1000 3304 1070 iniquitas
3328 1014 3518 1055 eorum
3553 1011 3574 1056 :

505 1085 594 1143 12.
623 1087 922 1160 Διήλθοσαν
949 1091 1028 1153 είς
1057 1091 1296 1146 διάθεσιν
1327 1093 1574 1165 καρδίας.

2180 1097 2268 1151 12.
2301 1095 2659 1151 Transierunt
2692 1097 2745 1149 in
2770 1093 3018 1150 allectum
3052 1092 3254 1147 cordis.

500 1174 588 1233 13.
619 1179 1004 1251 Διενοήοησαν,
1038 1184 1131 1236 καὶ
1159 1182 1425 1255 ἐλάλησαν
1451 1186 1508 1239 ἐν
1533 1185 1786 1260 πονηρίᾳ·

2181 1190 2269 1244 15.
2301 1188 2705 1260 Cogitavernnt,
2736 1196 2791 1243 ct
2823 1187 2989 1243 locuti
3018 1186 3226 1240 suntin
3255 1183 3494 1255 nequitia
3526 1197 3545 1240 :

500 1267 588 1324 14.
626 1269 863 1325 Ἀδικίαν
897 1274 978 1337 εἰς
1002 1274 1063 1327 τὸ
1088 1274 1219 1343 ὖψος
1248 1275 1536 1346 ἐλάλησαν.

2180 1282 2265 1337 14.
2296 1282 2635 1351 lniquitalcm
2665 1280 2719 1334 in
2767 1279 2984 1335 excelso
3015 1278 3178 1333 locuti
3214 1286 3361 1332 sunt.

503 1360 591 1419 15.
626 1363 849 1419 Ἐθεντο
873 1367 952 1429 είς
979 1367 1207 1436 οὐρανὸν
1240 1369 1300 1421 τὸ
1325 1369 1498 1440 στόμα
1526 1371 1705 1425 αὐτῶν
1738 1386 1753 1400 ⁶

1670 1390 1705 1425 ιν
1738 1386 1753 1400 ⁶
2182 1374 2271 1430 15.
2306 1374 2614 1429 Posuerunt
2645 1374 2698 1427 in
2729 1373 2925 1428 coelum
2952 1386 3014 1426 os
3039 1384 3196 1427 suum
3225 1387 3241 1422 :

507 1454 593 1510 16.
621 1456 731 1509 Kal
757 1460 790 1529 ἡ
820 1458 1041 1526 γλῶσσα
1074 1460 1252 1513 αὐτῶν
1272 1460 1487 1531 διῆλθεν
1521 1463 1615 1516 ἐπὶ
1642 1466 1741 1535 τῆς
1770 1464 1894 1534 γῆς.

1770 1464 1894 1534 γῆς.
2178 1465 2265 1521 16.
2290 1464 2357 1520 Ει
2380 1466 2563 1535 lingua
2587 1479 2775 1520 eorum
2799 1462 3050 1519 transivit
3080 1464 3135 1515 in
3162 1469 3326 1515 terra.

505 1545 591 1601 17.
627 1548 726 1602 Διά
748 1548 907 1602 τοῦτο
936 1551 1252 1623 ἐπιστρέψει
1279 1554 1307 1606 ὁ
1338 1554 1465 1618 λαός
1494 1572 1595 1626 μου
1630 1553 1892 1609 ἐνταῦθα’

1829 1573 1892 1609 α’
2180 1558 2270 1618 17.
2298 1560 2425 1613 Ideo
2453 1566 2797 1613 convertetur
2826 1555 3057 1626 populus
3084 1568 3241 1609 meus
3266 1551 3355 1607 bie
3383 1570 3400 1605 :

506 1639 595 1695 18.
628 1641 736 1694 Kal
768 1643 971 1714 ἡμέραι
995 1646 1222 1718 πλήρεις
1249 1646 1635 1718 εὑρεθήσονται
1664 1649 1724 1701 ἐν
1745 1649 1947 1714 αὐτοῖς.

1745 1649 1947 1714 αὐτοῖς.
2184 1651 2272 1706 18.
2301 1650 2368 1705 Et
2398 1651 2516 1706 dies
2549 1649 2694 1720 pleni
2728 1649 3070 1704 invenientur
3104 1647 3160 1701 in
3197 1647 3296 1701 eis.

504 1732 591 1788 19.
624 1735 735 1788 Kal
763 1732 914 1792 εἷπον
934 1755 947 1768 ·
986 1738 1110 1803 Πῶς
1139 1740 1280 1809 έγνω
1311 1740 1340 1793 ὁ
1370 1739 1536 1807 Θεός;

2179 1744 2269 1802 19.
2300 1742 2367 1800 Et
2387 1743 2676 1800 dixerunt:
2711 1744 2998 1811 Quomodo
3030 1742 3188 1797 scivit
3213 1736 3402 1793 Deus?

502 1825 593 1882 20.
627 1828 738 1881 Kal
767 1831 815 1882 εί
850 1829 965 1884 ἔστι
998 1830 1200 1901 γνῶσις
1229 1833 1287 1885 ἐν
1316 1831 1394 1902 τῷ
1435 1832 1695 1904 ’Υψίστῳς
2040 1823 2073 1879 Ε

1623 1851 1695 1904 "Pi
2040 1823 2084 1879 Β
2182 1838 2273 1894 20.
2309 1839 2376 1894 Et
2402 1839 2447 1895 si
2476 1847 2560 1895 est
2587 1839 2814 1894 scientia
2838 1837 2892 1892 in
2916 1835 3143 1891 Excelsa
3171 1835 3194 1886 ?

500 1917 594 1975 21.
638 1922 772 1975 Ἰδοὺ
805 1916 951 1977 οὗτοι
975 1924 1024 1977 οί
1057 1924 1372 1997 ἁμαρτωλοὶ
1406 1925 1501 1980 καὶ
1535 1926 1891 1998 εὐθηνοῦντες

1863 1946 1891 1993 ς
2184 1932 2278 1986 21.
2312 1930 2454 1987 Ecce
2482 1931 2586 2001 ipsi
2608 1940 2943 2001 peccatores,
2976 1937 3031 1982 et
3056 1924 3396 1981 abundantes
3419 1940 3434 1977 :

506 2013 597 2070 22.
626 2016 720 2080 El;
745 2016 836 2070 τὸν
856 2017 1027 2072 αἰῶνα
1052 2019 1316 2090 κατέσχον
1348 2018 1602 2075 πλούτου.

2187 2023 2281 2080 22.
2315 2023 2372 2079 In
2408 2023 2609 2080 saeculo
2634 2022 2992 2078 obtinuerunt
3013 2018 3252 2075 divitias.

501 2108 592 2164 25.
630 2110 739 2163 Kal
765 2104 895 2165 εἶπα
916 2128 930 2142 °
960 2106 1108 2183 Ἀρα
1142 2113 1388 2183 ματαίως
1415 2112 1711 2170 ἐδικαίωσα
1750 2114 1850 2188 τὴν
1874 2132 2003 2188 καρο

2187 2118 2279 2174 25.
2312 2116 2381 2173 Ει
2425 2116 2539 2173 dixi
2594 2135 2608 2172 :
2664 2115 2806 2188 Ergo
2850 2116 2968 2171 sine
3015 2127 3181 2169 causa
3243 2106 3538 2181 justillcavi
3593 2119 3686 2159 cor

430 2202 551 2257 δίαν
580 2220 680 2274 μου
697 2219 713 2269 ;

2117 2225 2302 2266 meum
2318 2210 2343 2264 i

506 2323 581 2397 (α)
614 2324 823 2381 Αὐτῶν
836 2330 922 2392 εις
937 2326 1109 2393 τέλος
1130 2329 1345 2385 desunt.

1568 2444 1947 2502 ATHANASII
1983 2444 2565 2502 INTERPRETATIO.

508 2556 563 2613 6.
597 2558 707 2611 Kal
729 2559 1046 2629 ἐπιμένουσι
1068 2563 1135 2632 τῇ
1159 2561 1401 2635 ἁμαρτίᾳ
1426 2563 1527 2635 (1).

1377 2581 1401 2635 μ
1426 2563 1527 2635 (1).
2190 2567 2245 2622 6.
2272 2565 2340 2620 Et
2366 2573 2591 2622 manent
2617 2565 2671 2620 in
2701 2572 2948 2636 peccato.

513 2647 566 2706 7.
600 2649 676 2703 Οὐ
714 2648 1025 2719 λογίζονται
1058 2653 1282 2717 ἑαυτοὺς
1310 2653 1395 2707 ἵνα
1420 2655 1497 2718 ὠς
1520 2654 1750 2721 ἕκαστος
1776 2656 1884 2711 τῶν
1911 2659 2008 2711 άν-

2188 2662 2239 2716 7.
2274 2660 2394 2716 Non
2425 2659 2777 2717 considerant
2818 2658 3030 2730 seipsos
3048 2657 3215 2713 veluti
3240 2654 3481 2724 reliquos
3510 2647 3688 2713 homic

436 2739 693 2813 θρώπων.

662 2759 693 2796 1.
2121 2770 2233 2809 nes.

508 2831 562 2886 8.
588 2833 723 2887 Οὐδὲ
771 2834 853 2889 ὅτι
901 2835 1039 2906 μετὰ
1080 2834 1187 2889 τῶν
1231 2835 1534 2909 ἀνθρώπων
1586 2839 1838 2910 μέλλουσι
1893 2842 2013 2913 κρί-
2043 2895 2079 2913 η

2191 2842 2243 2897 8.
2276 2840 2462 2913 Neque
2512 2841 2658 2912 quod
2708 2855 2832 2896 cum
2883 2838 3005 2893 aliis
3049 2834 3362 2892 hominibus
3410 2830 3685 2897 iudicandi

437 2924 645 2980 νεσθαι.

2040 2924 2082 2952 υ
2118 2944 2264 2990 sunt.

473 3055 481 3066 .
510 3016 564 3073 9.
589 3018 688 3073 Διὰ
718 3016 873 3072 τοῦτο
896 3019 955 3072 οὒ
992 3021 1439 3095 μετεμελήθησαν
1464 3024 1557 3079 ἐπὶ
1586 3027 1651 3097 τῇ
1679 3024 1910 3099 σπάρσει
1935 3026 2011 3099 (2)

2191 3023 2244 3077 9.
2278 3019 2568 3091 Propterea
2598 3033 2695 3074 eos
2717 3031 2826 3073 non
2861 3014 3115 3088 paenituit
3148 3021 3370 3085 propter
3396 3012 3689 3071 elationem

439 3106 542 3181 τῆς
563 3108 789 3181 καρδίας
808 3108 1011 3164 αὐτῶν.

972 3129 1011 3164 νο
2119 3114 2301 3170 cordis
2331 3127 2543 3168 eorum.

512 3199 600 3256 10.
637 3199 770 3263 Ταῖς
803 3197 1014 3254 ἑαυτῶν
1040 3200 1339 3273 ἁμαρτίαις
1368 3200 1464 3256 καὶ
1490 3200 1724 3266 ἀδικίαις
1756 3203 2014 3273 σφίγγον-

2190 3207 2279 3263 10.
2309 3205 2772 3275 Constringuntur
2800 3199 3061 3273 peccatis,
3079 3207 3133 3255 et
3148 3196 3526 3271 iniquitatibus
3551 3196 3687 3251 suis.

438 3312 552 3350 ται.

514 3390 601 3445 11.
628 3391 720 3444 Ἐν
750 3393 817 3462 τῇ
840 3391 1027 3464 ἡμέρᾳ.
1060 3391 1159 3461 τῆς
1199 3391 1433 3464 κρίσεως
1466 3388 1661 3462 ἰσχυρά
1694 3389 1728 3461 ἡ
1771 3389 2016 3462 ἁμαρτία

2195 3391 2280 3445 11.
2317 3387 2378 3444 In
2409 3387 2498 3443 die
2522 3382 2715 3457 judicii
2747 3396 2910 3452 grave
2940 3378 3256 3437 ostendetur
3283 3393 3472 3435 eorum
3503 3395 3692 3450 pecca-

441 3482 622 3536 αὐτῶν
650 3483 936 3554 ἀναδειχοῇ
967 3484 1067 3555 (5).
2119 3492 2256 3540 lum.

517 3574 605 3629 12.
634 3575 1118 3648 Ἔξηκολούθησαν.

1107 3616 1118 3630 .
2191 3574 2280 3629 12.
2310 3572 2493 3629 Secuti
2528 3581 2678 3628 sunt.

518 3664 606 3721 15.
641 3665 998 3737 Ἐσκέψαντο,
1045 3666 1141 3721 καὶ
1190 3665 1457 3738 ἐλάλησαν
1496 3663 1711 3737 πονηρά
1741 3660 1883 3718 κατὰ
1922 3662 2015 3717 τοῦ

2196 3669 2283 3724 15.
2308 3667 2834 3737 Consideraverunt,
2860 3677 2915 3723 et
2944 3668 3112 3725 locuti
3139 3674 3268 3724 sunt
3287 3665 3535 3737 improba
3564 3678 3695 3720 con-

442 3757 599 3813 Θεοῦ.

2118 3768 2202 3813 tra
2231 3758 2418 3813 Deum.

516 3850 608 3906 14.
650 3850 895 3923 Ῥήματα
927 3849 1221 3921 βλάσφημα
1247 3846 1391 3902 κατά
1441 3845 1535 3901 τοῦ
1563 3843 1763 3917 Κυρίου
1792 3844 1867 3915 (1)
1897 3844 2020 3900 ἐλά-

2198 3848 2286 3904 14.
2322 3847 2498 3903 Verba
2537 3846 2853 3918 blasphema
2898 3845 3068 3901 locuti
3111 3853 3241 3901 sunt
3263 3852 3458 3899 contra
3508 3842 3693 3899 Domi-

441 3942 633 4017 λησαν.

2122 3954 2272 3995 num.

515 4037 605 4093 15.
638 4036 1061 4108 Δυσφημοῦντες
1089 4032 1232 4089 κατά
1258 4031 1352 4087 του
1383 4031 1539 4086 Θεοῦ.

2203 4031 2291 4087 15.
2325 4028 2373 4083 Μ
2382 4035 2732 4083 urmurantes
2753 4032 2944 4081 contra
2966 4022 3157 4079 Deum.

518 4129 608 4187 16.
643 4132 751 4186 Kal
782 4133 815 4204 ἡ
840 4130 1025 4202 διδαχὴ
1060 4127 1238 4185 αὐτῶν
1272 4125 1536 4197 κατέσχεν
1569 4124 1662 4178 ἐπὶ
1685 4124 1784 4195 τῆς
1810 4124 1934 4194 γῆς.

2191 4121 2280 4177 16.
2318 4118 2385 4175 Et
2409 4118 2658 4174 doctrina
2681 4131 2871 4173 eorum
2903 4116 3138 4172 obtinuit
3159 4130 3324 4187 super
3347 4124 3569 4174 terram.

521 4224 611 4281 17.
641 4203 740 4277 Διὰ
770 4223 931 4276 τοῦτο
971 4222 1062 4275 τὸν
1100 4221 1227 4275 λαόν
1260 4236 1360 4288 μου
1395 4215 1774 4288 ἐπισυναγάγῃ
1801 4212 1865 4286 [ὁ
1891 4213 2020 4278 λαός
2049 4256 2092 4312 D

2198 4213 2290 4269 17.
2334 4212 2629 4283 Propterea
2678 4210 2914 4282 populus
2961 4224 3118 4266 meus
3166 4211 3589 4283 congregabitur
3639 4212 3698 4268 in

449 4332 553 4390 μου
584 4312 1090 4386 ἐπισυναγάγηται]
1126 4316 1184 4367 ἐν
1218 4312 1293 4384 (5)
1338 4307 1585 4381 βασιλεία
1618 4324 1740 4378 μου.

889 4312 1090 4386 γηται]
1126 4316 1184 4367 ἐν
1218 4312 1293 4384 (5)
1338 4307 1585 4381 βασιλεία
1618 4324 1740 4378 μου.
2049 4307 2081 4312 ⁷
2124 4322 2290 4379 regno
2317 4320 2460 4361 meo.

519 4408 609 4465 18.
658 4407 763 4463 Kal
817 4409 968 4463 οὐδὲν
1026 4404 1299 4461 σκοτεινὸν
1344 4403 1506 4475 ἔργον
1540 4401 1597 4455 ἐν
1647 4400 1852 4464 αὐτοῖς,
1888 4397 2023 4454 ἀλλά

2195 4398 2285 4455 18.
2315 4398 2384 4454 Ει
2411 4398 2619 4454 nullum
2645 4412 2785 4471 opus
2807 4398 3156 4454 tenebrosum
3185 4397 3241 4454 in
3276 4397 3431 4471 ipsis,
3461 4399 3555 4453 sed
3581 4413 3700 4454 orn-

445 4502 542 4558 τοῦ
569 4503 745 4573 φωτὸς
768 4502 984 4556 πάντων
1018 4495 1269 4573 [πάντα]
1324 4494 1422 4566 (6).

982 4520 984 4537 '
1018 4495 1269 4573 [πάντα]
1324 4494 1422 4566 (θ)-
2122 4492 2215 4548 uia
2246 4493 2336 4547 lux
2371 4498 2553 4547 erunt.

520 4590 608 4645 19.
647 4592 757 4644 Kal
814 4587 974 4644 εἶπαν
1014 4591 1066 4645 οἱ
1108 4586 1358 4651 ἀσεϐεῖς·
1409 4582 1583 4638 Πόθεν
1641 4577 1782 4636 οἶδεν
1830 4584 1859 4635 ὁ
1891 4581 2025 4646 Θεός

2196 4584 2283 4641 19.
2317 4584 2386 4641 Et
2410 4585 2669 4641 dixerunt
2698 4584 2850 4655 impii
2884 4601 2897 4637 :
2927 4580 3083 4638 Unde
3128 4580 3288 4638 scivit
3319 4579 3466 4640 Deus
3494 4578 3706 4653 aliquid

442 4694 502 4736 τι
531 4680 660 4753 περὶ
692 4678 824 4751 ἐμοῦ
855 4679 931 4749 (7)
958 4695 973 4745 ;

781 4678 824 4733 ›ῦ
855 4679 931 4749 (7)
958 4695 973 4745 ;
2122 4678 2190 4736 de
2214 4695 2300 4735 me
2331 4680 2352 4734 ?

516 4769 607 4826 20.
639 4769 744 4823 Kal
766 4772 813 4824 εἰ
844 4771 979 4833 ὅλως
1004 4767 1120 4823 ἐστὶ
1147 4766 1366 4840 φροντὶς
1397 4764 1750 4837 περὶτούτων
1773 4763 1852 4836 τῷ
1867 4762 2018 4835 Θεῷς

1702 4782 1750 4818 ›ν
1773 4763 1852 4836 τῷ
1867 4762 2018 4835 Θεῷς
2198 4770 2288 4827 20.
2322 4769 2458 4827 Etsi
2488 4770 2598 4825 ulla
2626 4774 2712 4825 est
2740 4783 2878 4824 cura
2896 4767 2964 4823 de
2996 4767 3085 4823 bis
3115 4765 3225 4824 Deo
3250 4766 3273 4819 Ἰ

518 4862 611 4919 21.
637 4864 728 4916 Ἐν
760 4861 838 4933 τῷ
867 4860 1058 4931 κόσμῳ
1079 4858 1436 4931 εὐθηνοῦντες
1457 4858 1558 4928 (8).

2198 4864 2293 4920 21.
2321 4860 2380 4917 In
2415 4861 2621 4917 mundo
2646 4874 2903 4931 prospere
2926 4867 3166 4931 agentes.

523 4954 616 5011 22.
644 4956 739 5020 Είς
763 4955 856 5007 τὸν
874 4953 1044 5007 αἰῶνα
1062 4942 1155 5006 τὸν
1184 4951 1279 5005 νῦν
1304 4950 1405 5022 (9).

1195 4951 1279 5005 νῦν
1304 4950 1405 5022 (9).
2196 4956 2288 5011 22.
2317 4956 2377 5009 In
2412 4956 2517 5010 hoc
2546 4954 2766 5011 saculo.

520 5043 612 5099 25.
650 5046 761 5099 Kal
787 5044 1118 5116 ἐλογισάμην
1137 5042 1259 5097 καθ’
1292 5042 1514 5096 ἐαυτόνο
1541 5035 1688 5113 *Αρα
1713 5040 1787 5113 μὴ
1815 5044 1896 5106 είς
1922 5041 2025 5111 μά-

2202 5046 2289 5101 25.
2312 5046 2378 5101 Ει
2396 5046 2539 5118 apud
2569 5061 2656 5101 me
2683 5046 2862 5115 ipsum
2898 5041 3130 5115 cogitavi
3157 5063 3169 5099 :
3192 5039 3333 5113 Ergo
3359 5038 3564 5094 frustra
3585 5037 3705 5095 abs-

449 5149 555 5207 την
578 5136 678 5190 οὐκ
713 5135 950 5203 ἐξέδωκα
989 5136 1070 5201 είς
1120 5133 1215 5189 τὸν
1258 5133 1488 5189 πλοῦτον
1536 5132 1630 5188 τοῦ
1661 5131 1865 5206 κόσμου
1897 5133 1995 5206 τὴν

1593 5132 1630 5186 μῦ
1661 5131 1865 5206 κόσμου
1897 5133 1995 5206 τὴν
2136 5138 2275 5195 tinui
2308 5154 2404 5195 cor
2431 5153 2613 5194 meum
2639 5157 2669 5193 a
2695 5138 2885 5194 mundi
2914 5134 3164 5192 divitiis?-

450 5229 681 5302 καρδίαν
714 5243 815 5299 μου
834 5242 851 5293 ;

1408 5338 1718 5403 Addenda
1769 5346 1833 5404 et
1862 5339 2240 5423 corrigenda
2271 5357 2350 5403 ex
2381 5338 2524 5402 cod.
2549 5337 2734 5401 Vatis

525 5465 605 5543 (1)
628 5467 919 5543 Αξᾼμαρτίᾳ
945 5463 1143 5521 αὐτῶν.
2494 5464 2675 5543 πλήρη
2702 5459 2793 5516 τοῦ
2814 5458 2999 5543 ξρωτδς
3024 5459 3228 5516 πάντα.

546 5533 604 5616 ἓ)
627 5533 913 5616 Ἰετέάρσεέ·
947 5606 961 5616 .

2406 5533 2575 5616 ,Θεὺςε
2590 5533 2673 5587 τί
2687 5533 2970 5604 ποιοῦμεν.

551 5610 605 5676 5)
628 5605 1019 5679 Ἀναδειχθείη.
2216 5605 2296 5679 (8)
2324 5605 2680 5679 ξξίίθηνοῦσιν.

552 5670 607 5751 4)
638 5680 796 5734 Θεοῦ.
842 5670 876 5679 ”
922 5684 927 5689 “
1208 5744 1234 5751 _
2325 5676 2441 5733 Νῦν
2462 5670 2726 5746 κατέσχον
2748 5670 3005 5727 πλούτου.

550 5744 605 5811 5)
637 5748 1058 5817 Ἑπισυναγὰγω
1083 5764 1142 5803 ιν
1170 5744 1259 5818 τῇ.
