3978 6204
307 293 424 351 947
1160 306 1217 362 5.
1263 308 1632 369 ATHANASII
1671 314 1822 372 OPP.
1862 316 1892 371 1⁵

2083 318 2168 374 ιιι.
2200 352 2273 364 -
2317 305 2744 379 ΕΧΕοΕτιοΑ.’
3456 331 3560 387 948

284 480 287 482 ἓ
389 414 482 471 24.
512 415 580 473 Et
610 418 715 476 lavi
743 420 887 478 inter
911 424 1231 484 innocentes
1262 445 1461 488 manus
1490 450 1659 493 meas.

2060 442 2149 496 2i.
2179 443 2288 497 Kal
2325 442 2597 514 ἐνιψάμην
2627 444 2686 497 ὲν
2711 442 2909 506 ἀθώοις
2935 445 3034 510 τὰς
3058 447 3240 519 χεῖράς
3264 464 3388 519 μου.

389 507 482 561 25.
509 506 576 564 Et
604 509 682 566 fui
707 511 1009 583 ﬂagellatus
1028 526 1139 573 tota
1167 518 1255 575 die
1281 537 1298 575 :

2066 534 2158 589 25.
2187 536 2297 589 Kal
2339 506 2610 607 ἐγενόμῆν
2657 506 3156 610 μεμαστιγωμένος
3181 506 3308 612 ὂλτίν
3351 544 3453 616 τήν
3493 542 3564 618 ή-

2002 626 2175 699 αέραν
2198 646 2213 661 ο

390 685 482 740 26.
531 686 594 742 Et
615 693 899 762 castigatio
933 710 1051 752 mea
1084 697 1141 752 in
1167 702 1472 758 matutinis.

390 777 479 832 27.
534 778 590 834 Si
621 781 886 850 dicebam,
917 790 1151 845 narrabo
1184 791 1266 847 sic
1298 809 1314 845 :

381 868 473 924 28.
539 871 678 929 Ecce
708 876 985 935 nationem
1022 882 1258 939 ﬁliorum
1300 894 1515 941 tuorum
1546 889 1850 959 reprobavi.

382 959 473 1016 29.
526 963 591 1018 Et
631 965 1010 1027 existimabam
1057 984 1114 1030 ut
1151 990 1583 1047 cognoscerem:

390 1052 480 1109 50.
526 1053 639 1113 Hoc
667 1059 821 1115 labor
848 1072 932 1119 est
971 1075 1096 1121 ante
1124 1082 1234 1124 me.

2001 715 2005 718 ’
2065 718 2153 773 26.
2185 721 2293 774 Kal
2321 722 2351 773 ὁ
2387 720 2603 791 ἔλεγχός
2639 739 2738 793 μου
2770 724 2847 786 εἰς
2874 722 2973 787 τὰς
2998 725 3226 796 πρωίας.

2067 810 2155 864 27.
2191 813 2254 865 Et
2281 812 2483 881 ἔλεγον,
2515 813 2842 886 διηγήσομαι
2865 814 3066 879 οὕτως’

2062 900 2152 955 28.
2194 902 2322 956 Ἰδοὺ
2348 906 2414 975 τῇ
2444 906 2605 975 γενεᾷ
2627 904 2734 957 τῶν
2764 906 2895 958 υἱῶν
2926 923 3017 958 σου
3046 906 3405 980 ὴσυνθέτηκα.

2060 991 2148 1047 29.
2186 994 2297 1047 Kal
2325 994 2592 1048 ὑπέλαϐον
2615 995 2708 1048 τοῦ
2740 996 2969 1065 γνῶναιο

2068 1082 2156 1136 50.
2190 1084 2359 1138 Τοῦτο
2389 1086 2554 1150 κόπος
2584 1089 2732 1142 ἐστὶν
2755 1089 2981 1145 ἐνώπιόν
3016 1109 3116 1162 μου
3149 1092 3244 1164 (α).

2066 1174 2155 1230 51.
2187 1176 2335 1240 Ἕως
2363 1170 2422 1230 οὗ
2448 1179 2676 1235 εἰσέλθω
2706 1185 2787 1246 εἰς
2816 1184 2876 1237 τὸ
2904 1187 3253 1258 ἁγιαστήριον
3273 1183 3366 1238 τοῦ
3390 1183 3556 1238 Θεοῦο

2066 1266 2153 1320 52.
2192 1268 2303 1321 Καὶ
2330 1270 2472 1323 συνῶ
2500 1272 2578 1335 εἰς
2612 1272 2680 1325 τὰ
2706 1273 2908 1344 ἔσχατα
2934 1275 3132 1330 αὐτῶν.

388 1147 477 1205 5t.
524 1149 705 1209 Donec
732 1156 928 1211 intrem
974 1159 1029 1213 in
1063 1164 1430 1219 sanctuarium
1469 1165 1562 1221 Dei
1594 1184 1611 1220 :

388 1238 476 1294 52.
528 1241 596 1298 Et
629 1244 924 1318 intelligam
979 1249 1034 1304 in
1077 1254 1390 1311 novissimis
1414 1273 1621 1312 eorum.

387 1331 476 1386 55.
526 1332 912 1397 Verumtamen
952 1355 1174 1415 propter
1212 1347 1367 1403 dolos
1412 1364 1603 1404 eorum
1656 1351 1886 1419 posuisti

348 1423 393 1479 is
421 1426 560 1480 mala
586 1446 601 1480 :

2058 1358 2146 1411 5'5.
2198 1360 2344 1433 Πλὴν
2383 1362 2470 1416 διὰ
2504 1331 2605 1428 τάς
2660 1331 2968 1439 δολιδτητας
3000 1367 3175 1422 αὐτῶν
3221 1367 3340 1422 ἔθου
3374 1366 3557 1431 αὐτοῖς

2044 1448 2133 1480 ..ηι
2154 1466 2168 1480 .

313 1439 393 1479 613
421 1439 560 1481 mala
586 1446 601 1482 ε

2044 1448 2136 1502 ικά
2154 1466 2168 1480 ⁸

386 1515 476 1569 54.
534 1516 787 1589 Dejecisti
828 1538 925 1581 eos
956 1526 1086 1583 dum
1115 1529 1502 1587 allevarentur.

2052 1538 2146 1595 54.
2175 1542 2487 1608 Κατέὄαλες
2512 1544 2710 1611 αὐτοὺς
2740 1551 2796 1602 ἐν
2821 1548 2897 1620 τῷ
2922 1551 3241 1623 ἐπαρθῆναι.

386 1607 476 1662 55.
527 1608 814 1675 Quomodo
841 1616 969 1673 facti
1006 1630 1135 1676 sunt
1167 1621 1222 1675 in
1248 1621 1679 1678 desolationem?

2053 1628 2142 1684 55.
2176 1630 2300 1694 Πῶς
2318 1632 2389 1704 (b)
2413 1607 2658 1702 ἐγένοντο
2688 1607 2769 1700 εἰς
2797 1607 3102 1709 ἐρῆμωσιλη

386 1698 471 1752 56.
528 1699 721 1759 Subito
748 1705 1085 1779 defecerunt,
1116 1715 1397 1783 perierunt
1425 1723 1647 1786 propter
1679 1714 1882 1784 iniqui-

2060 1720 2149 1774 56.
2196 1698 2464 1787 ’EEa-‘ntva—
2484 1698 2759 1793 ἐξέλιπον.
2779 1698 3053 1785 ἀπώλοντο
3091 1698 3180 1785 διὰ
3208 1732 3304 1803 τὴν
3331 1731 3556 1802 ἀνομίαν

316 1798 480 1844 tatem
512 1808 690 1849 suam.

2044 1811 2189 1867 Βτῶν.

383 1883 472 1936 57.
514 1885 673 1942 Velut
699 1892 972 1948 somnium
1006 1899 1299 1966 surgentis,

2059 1903 2149 1959 57.
2191 1905 2337 1960 Ὠσεὶ
2365 1908 2613 1965 ἐνύπνιον
2641 1911 3068 1986 ἐξεγειρομένου,

383 1973 473 2027 58.
523 1974 771 2048 Domine,
804 1983 859 2037 in
905 1985 1123 2043 civitate
1168 1998 1261 2045 tua
1311 1990 1601 2062 imaginem
1633 1987 1876 2059 ipsorum

2060 1994 2149 2049 38.
2200 1999 2406 2071 Κύριε,
2451 2003 2508 2056 ὲν
2549 2005 2616 2074 τῇ
2669 1973 2832 2059 πόλει.
2866 1973 2958 2061 σου
3009 1973 3108 2080 τήν
3151 2008 3335 2062 εἰκόνα
3377 2007 3556 2062 αὐτῶν

315 2068 380 2122 ad
412 2068 640 2126 nihilum
668 2074 900 2146 rediges.

2044 2085 2370 2154 ουδενώσεις.
3277 2140 3291 2148 -

392 2161 480 2216 59.
525 2162 664 2230 Quia
708 2165 1103 2225 inﬂammatum
1132 2180 1214 2227 est
1256 2187 1350 2229 cor
1382 2187 1586 2236 meum,
1630 2180 1687 2227 et
1720 2183 1878 2225 renes

2055 2174 2145 2234 59.
2178 2179 2300 2233 Ὅτι
2328 2182 2591 2257 ἐξεκαύθη
2627 2189 2661 2258 ἡ
2685 2189 2878 2261 καρδία
2905 2207 3024 2261 μου,
3050 2192 3143 2244 καὶ
3168 2192 3216 2244 οἱ
3242 2189 3428 2264 νεφροί
3454 2206 3555 2263 μου

318 2251 422 2305 mei
449 2258 766 2312 commutati
805 2265 953 2314 sunt.

2044 2264 2366 2341 .λοιὼθησαν.

388 2359 466 2441 (ᾳ)
496 2363 768 2441 Evam-36v
795 2386 920 2441 μου.
957 2371 1025 2424 At
1057 2372 1110 2425 in
1144 2387 1340 2441 marg.,
1377 2372 1606 2428 ἐνώπιόν
1642 2390 1760 2441 μου.

388 2390 466 2433 ιιι)
514 2390 768 2420 ωναντιον
798 2390 920 2438 μου.
957 2390 1025 2424 At
1057 2390 1110 2425 In
1144 2390 1340 2441 marg.,
1377 2390 1606 2428 ενωπιον
1712 2393 1760 2428 υ.

387 2431 463 2503 (b)
496 2430 653 2491 Vers.
678 2437 767 2502 55,
793 2439 941 2506 Πῶς,
970 2451 1097 2508 etc.,
1126 2440 1371 2506 ἐξάπινα.
1406 2442 1559 2500 Vers.
1586 2390 2013 2511 ὄζοἘξέλιπον,
2041 2453 2147 2502 etc.

1437 2564 1812 2621 ATHANASII
1846 2564 2434 2629 INTERPRETATIO.

384 2665 475 2721 24.
508 2666 572 2722 Et
600 2673 893 2730 emundavi
924 2689 1158 2734 mentem
1190 2696 1364 2736 meam
1392 2682 1460 2738 ab
1482 2681 1637 2753 ipsis.

2072 2685 2161 2741 24.
2195 2687 2298 2741 Kal
2324 2690 2624 2762 ἑκαθάρισα
2650 2692 2747 2765 τὴν
2772 2690 3008 2746 διάνοιάν
3036 2707 3135 2760 μου
3169 2690 3262 2743 ἀπ’
3283 2687 3480 2743 αὐτῶν.

385 2758 569 2857 25._Et
595 2762 751 2835 plaga
795 2769 980 2824 statim
1028 2774 1173 2827 venit
1212 2789 1376 2845 super
1416 2790 1524 2841 me,
1553 2775 1730 2831 solum
1758 2774 1887 2845 quia

2064 2779 2155 2834 25.
2186 2783 2295 2835 Kal
2327 2758 2514 2857 ulmi)—
2534 2758 2733 2851 ευθέως
2759 2781 2923 2857 ἦλθεν
2953 2758 3046 2837 ὲπί
3066 2782 3185 2855 ἐμὲ,
3231 2782 3388 2853 μόνον
3424 2782 3553 2836 εἶπα

317 2851 423 2907 hoc
446 2850 577 2906 dixi.

2044 2872 2167 2926 ιῦτο.

386 2940 476 2996 26.
515 2940 582 2997 Et
609 2945 893 3016 evigilans,
921 2965 1015 3005 cor
1042 2966 1130 3007 me
1155 2954 1454 3017 damnavit.

2062 2964 2149 3018 26.
2183 2966 2292 3020 Kal
2320 2968 2696 3041 ἀνανήφουσα,
2725 2968 3089 3037 κατεγίνωσκὲ
3129 2984 3228 3039 μου
3268 2968 3301 3038 ἡ
3337 2966 3548 3040 καρδία.

382 3033 480 3103 27,
515 3035 606 3093 28.
654 3036 722 3092 Et
769 3039 1013 3096 dicebam
1063 3042 1208 3099 Deo:
1258 3044 1501 3103 Narrabo
1548 3049 1881 3119 generationi

2060 3057 2148 3122 27,
2182 3058 2271 3114 28.
2307 3061 2418 3113 Kal
2462 3033 2642 3130 έλεγον
2684 3062 2759 3133 (1)
2809 3033 2886 3132 τῷ
2933 3033 3458 3133 Θεῷῧλιηγή-σομαι
3485 3062 3559 3130 τῇ

318 3131 554 3187 ﬁliorum
584 3144 827 3201 tuorum,
870 3136 957 3191 cui
998 3148 1269 3207 praecepta
1293 3138 1508 3203 dedisti,
1542 3102 1683 3210 ξιιοά
1735 3140 1780 3195 si
1811 3141 1884 3195 ita

2062 3102 2148 3122 -"
2185 3102 2271 3114 ’ν’
2308 3102 2418 3113 ⁵⁸⁸⁸⁷
2462 3102 2638 3130 “¹’”“’δ’⁴”
2684 3102 2759 3133 \‘I
2820 3102 2886 3132 "3"
2937 3102 3049 3133 ν”Ὓ
3101 3102 3458 3130 ’““’ἿᾹἿ”Ἴ’”“”’
3496 3102 3554 3130 ’ἶο

2044 3149 2149 3219 ινεᾷ
2180 3149 2286 3203 τῶν
2320 3151 2450 3204 υἱῶν
2478 3169 2592 3215 σου,
2681 3152 2947 3216 ὲνετείλω,
2970 3152 3081 3218 ὃτι,.
3105 3151 3189 3204 ἶνα
3219 3150 3361 3222 [ἐὰν]
3385 3149 3554 3214 οὕτως

318 3224 573 3294 cogitavi,
621 3232 676 3280 et
722 3227 1010 3283 aemulatus
1066 3244 1186 3283 sum
1244 3240 1590 3300 peccatorum
1641 3231 1879 3297 divitias,

2044 3241 2316 3312 ιγίσωμαι,
2352 3243 2442 3295 καὶ
2476 3224 2701 3313 ζηλώσω
2744 3242 3095 3315 [ἐλογισάμην
3118 3282 3132 3307 ,
3164 3242 3257 3294 καὶ
3287 3238 3555 3314 ἐζήλωσα]

319 3317 483 3371 etiam
516 3314 816 3387 ﬂagellatus
853 3334 976 3374 sum
1002 3335 1032 3375 a
1061 3319 1189 3376 Deo.

2044 3348 2078 3384 ›ν
2107 3331 2334 3386 πλοῦτον
2362 3333 2468 3387 τῶν
2496 3314 2850 3406 ἁμαρτωλῶν,
2878 3337 2971 3388 καὶ
2995 3334 3374 3407 ὲμαστιγώθην
3407 3334 3554 3407 παρὰ

1985 3422 2078 3477 τοῦ
2112 3423 2264 3479 Θεοῦ.

389 3489 481 3557 29,
524 3491 613 3547 50.
652 3491 1006 3549 Consideravi
1058 3506 1111 3551 et
1136 3499 1388 3568 cognovi,
1418 3499 1565 3570 quod
1610 3499 1886 3556 tribulatio

2055 3516 2144 3581 29,
2175 3516 2263 3572 50.
2302 3517 2688 3590 Ἐνεθυμήθην,
2730 3519 2822 3573 καὶ
2865 3518 3024 3589 ἔγνω,
3067 3521 3151 3574 ὅτι
3194 3518 3370 3588 θλίψις
3402 3516 3554 3570 σύνε-

321 3582 568 3639 constitit
602 3583 661 3638 in
688 3585 892 3639 mundo
922 3586 1183 3644 adversus
1216 3604 1324 3645 me.

2044 3627 2072 3664 ν
2115 3608 2392 3682 [συνέστη]
2421 3582 2588 3681 ὲνντῷ
2624 3582 2810 3682 κόσμῳ
2835 3582 2916 3682 “cii;
2937 3582 3218 3666 κατέναντι
3267 3582 3558 3683 (2)[xa1:é—

1993 3704 2141 3757 ναντῑ
2178 3721 2276 3774 μου
2292 3702 2336 3775 ].

2060 3794 2147 3849 51.
2177 3795 2321 3860 Ἕως
2348 3790 2408 3851 οὗ
2432 3795 2682 3849 ἀναλύσω
2708 3795 2844 3867 πρὸς
2874 3795 2963 3849 τὸν
2995 3795 3128 3849 Θεόν
3159 3814 3280 3869 μου.

2060 3883 2150 3937 52.
2206 3884 2317 3937 Kal
2377 3885 2497 3939 τότε
2545 3884 2656 3957 ὁρῶ
2714 3885 2767 3937 τί
2807 3885 2959 3939 ἔσται
3002 3886 3179 3940 πάντα.
3245 3886 3313 3941 τὰ
3358 3887 3556 3958 ἔσχατα

1990 3974 2097 4028 τῶν
2126 3975 2200 4046 (5)
2229 3976 2586 4049 ἁμαρτωλῶν.

2059 4067 2146 4121 '55.
2196 4069 2379 4138 Ὅμως
2447 4070 2526 4138 (4)
2562 4068 2649 4122 διὰ
2718 4067 2818 4133 τὰς
2863 4069 3138 4142 ἁμαρτίας
3187 4069 3366 4123 αὐτῶν
3434 4069 3552 4139 εὐττ

1997 4159 2224 4230 ρέπισας
2240 4160 2420 4224 αὐτοῖς
2450 4160 2696 4223 κολάσεις
2727 4162 2949 4224 αἱωνίας

2069 4249 2157 4303 54.
2185 4251 2580 4322 Διεσκόρπισας
2622 4251 2818 4315 αὐτοὺς
2858 4251 2966 4307 ἀπὸ
3013 4251 3107 4306 σοῦ
3140 4252 3231 4306 διὰ
3265 4252 3362 4324 τὴν
3393 4252 3558 4324 ὑπερ-

1993 4339 2257 4409 ηφάνειαν
2289 4339 2387 4409 τῆς
2416 4341 2640 4411 καρδίας
2664 4341 2858 4396 αὐτῶν.

1923 4451 1969 4505 D
2067 4430 2153 4485 55.
2185 4431 2307 4494 Πῶς
2335 4432 2578 4498 ἐγένοντο
2603 4433 2681 4492 εἰς
2708 4420 3009 4503 ἀφανισμόν
3032 4449 3047 4498 ;

2064 4524 2152 4579 56.
2192 4522 2516 4590 ’Δπὲθανον,
2545 4525 2638 4589 καὶ
2660 4522 2935 4577 ἀπώλοντο
2965 4523 3054 4578 διὰ
3074 4523 3164 4577 τὸν
3188 4523 3369 4578 ἄδικον
3403 4523 3557 4577 πλοῦ-

1993 4634 2084 4670 τον
2107 4616 2304 4670 αὐτῶν.

2070 4708 2158 4763 5Ἰ.
2190 4708 2400 4779 Ὥσπερ
2461 4710 2489 4761 ὁ
2533 4708 2983 4779 ὲνυπνιαζόμενος
3038 4709 3140 4780 ὲρᾷ
3186 4707 3262 4780 (5)
3305 4707 3553 4768 πολλάκις

1996 4798 2186 4851 ἑαυτὸν
2215 4799 2272 4849 ἐν
2314 4797 2527 4868 πλούτῳ
2552 4797 2699 4861 ὄντα,
2728 4799 2795 4850 δι’
2833 4797 3116 4870 ὑπρισθεὶς
3144 4799 3200 4851 δὲ
3241 4800 3392 4852 οὐδὲν
3428 4799 3551 4870 ἔχει,

1997 4889 2139 4943 οὕτω
2166 4890 2357 4958 γέγονε
2386 4889 2478 4942 xal
2508 4888 2716 4952 τούτοις
2748 4893 2775 4943 ὁ
2804 4889 3030 4953 πλοῦτος
3057 4890 3255 4944 αὐτῶν.

2068 4981 2156 5042 5,8.
2189 4981 2383 5054 Κύριε,
2416 4983 2475 5034 ὲιν
2496 4983 2567 5051 τῇ
2593 4983 2704 5036 ἄνω
2738 4981 3086 5053 Ἰερουσαλὴμ
3118 4979 3437 5052 ἀπορρίψας
3460 4979 3551 5032 αὺ-

1994 5077 2124 5138 τοὺς
2153 5074 2257 5128 ἀπὸ
2292 5074 2363 5144 (6)
2391 5071 2680 5145 προσώπου
2709 5089 2831 5129 σου.

2068 5167 2156 5222 59.
2175 5167 2300 5219 ’Ὅτι
2330 5146 2621 5236 ὲθλιϐόμην
2647 5166 2705 5217 ὲν
2724 5163 2802 5235 τῷ
2827 5164 3035 5234 κόσμῳ,
3061 5163 3154 5217 καὶ
3180 5162 3382 5233 ὲτάκην
3403 5162 3550 5226 ὅλως.

391 3758 480 3814 5t.
528 3758 709 3815 Donec
738 3772 979 3818 revertar
1001 3766 1068 3821 ad
1096 3765 1264 3822 Deum
1297 3782 1500 3822 meum.

391 3849 479 3904 52.
530 3851 598 3906 Et
632 3859 763 3907 tunc
792 3853 1009 3922 videbo,
1037 3873 1160 3929 quae
1182 3867 1345 3914 erunt
1374 3859 1557 3914 omnia
1591 3856 1887 3914 novissima

320 3950 694 4011 peccatorum.

389 4033 480 4088 55.
521 4031 905 4089 Verumtamen
941 4046 1162 4104 propter
1201 4042 1421 4104 peccata
1463 4051 1655 4092 eorum
1684 4054 1889 4111 praepa-

321 4124 454 4178 rasti
496 4126 576 4180 eis
601 4127 867 4197 supplicia
896 4137 1116 4182 aeterna.

391 4213 481 4268 54.
528 4213 846 4285 Dispersisti
873 4233 970 4273 eos
994 4234 1023 4272 a
1053 4227 1105 4272 te
1130 4228 1352 4289 propter
1375 4220 1685 4290 superbiam
1711 4223 1895 4278 cordis

320 4320 530 4360 eorum.

391 4396 481 4451 55.
513 4396 801 4463 Quomodo
829 4401 1171 4455 exterminati
1202 4405 1372 4458 sunt?

393 4488 484 4544 56.
529 4488 725 4543 Mortui
778 4501 926 4553 sunt,
975 4501 1030 4546 et
1070 4493 1353 4562 perierunt
1391 4504 1612 4566 propter
1662 4496 1895 4567 injustas

322 4592 512 4632 eorum
540 4579 779 4635 divitias.

392 4670 483 4725 57.
525 4669 996 4738 Quemadmodum
1043 4671 1324 4727 dormiens
1352 4683 1500 4729 amat
1537 4691 1679 4747 saepe
1714 4693 1774 4734 se
1812 4678 1895 4750 ip-

322 4779 447 4820 Sum
483 4764 538 4818 in
572 4764 777 4821 divitiis
808 4780 951 4829 esse,
987 4762 1403 4836 expergefactus
1429 4776 1609 4823 autem
1645 4769 1782 4824 nihil
1810 4771 1893 4825 iu-

320 4855 491 4919 venit,
533 4856 607 4911 ita
638 4856 870 4927 contigit
900 4857 1067 4913 etiam
1097 4857 1180 4911 his
1203 4857 1349 4912 circa
1387 4858 1604 4914 divitias
1634 4875 1782 4916 suas.

406 4947 497 5004 58.
544 4947 798 5017 Domine,
844 4949 900 5004 in
927 4964 1165 5021 superna
1207 4946 1508 5005 Jerusalem
1540 4951 1764 5022 abjicies
1797 4968 1895 5009 eos

323 5055 357 5093 a
378 5040 515 5095 facie
542 5049 658 5096 tua.

397 5132 486 5187 59.
531 5131 803 5199 Quoniam
854 5131 1150 5188 tribulatus
1181 5148 1301 5188 sum
1334 5133 1388 5187 in
1429 5134 1653 5200 mundo,
1684 5144 1738 5190 et
1775 5153 1892 5191 om-

324 5223 455 5276 nino
490 5230 869 5292 consumptus.

1271 5316 1578 5380 Addenda
1610 5328 1671 5381 et
1707 5325 2085 5405 corrigenda
2113 5342 2192 5387 ex
2237 5320 2378 5384 cod.
2412 5320 2612 5383 Vatic.

395 5419 471 5501 (ι)
499 5420 610 5474 Kal
650 5420 711 5501 εἰ.
745 5419 950 5501 ξλεγον,
978 5428 1107 5483 etc.,
1139 5422 1221 5477 ὅτι
1255 5421 1428 5485 οὕτως
1451 5422 1755 5495 λογίσομαι,
1787 5438 1892 5485 etc.

2058 5430 2148 5501 (ι)
2185 5426 2435 5501 Ὁμοίως,
2488 5433 2618 5491 etc.,
2654 5425 2973 5496 εὐτρέπισα,
3002 5433 3135 5490 ele.,
3160 5422 3254 5478 sed
3285 5422 3453 5477 altera
3478 5420 3551 5475 le-

328 5485 711 5568 Ultimumaat
736 5485 943 5568 deestni
1171 5561 1185 5568 μ
1232 5560 1253 5568 _
1476 5564 1497 5568 __
1525 5485 1536 5492 ’
1742 5485 1752 5492 ’
1997 5485 2107 5555 οιίὸ
2134 5485 2487 5568 praeferenda.

398 5556 474 5626 (2)
520 5559 626 5640 Kal
648 5561 1041 5640 -éveOUpﬁeny,
1101 5560 1431 5640 καὶέγνω),
1473 5564 1553 5616 ὅτι
1592 5563 1768 5638 θλίψις
1799 5570 1893 5627 νῦν
2070 5556 2152 5640 (5)’
2183 5567 2334 5640 Ὁρᾷ,
2376 5575 2502 5640 et_c.,
2535 5582 2663 5622 mox
2703 5563 3053 5631 διυπνισθεις,
3087 5571 3221 5630 etc.,
3253 5560 3427 5627 οὕτως
3466 5556 3553 5631 γέ·-
3662 5631 3665 5634 ρ

326 5627 350 5676 ἑ
368 5643 471 5709 ᾶτιν
505 5630 579 5709 ἐν
606 5628 684 5697 τῷ
709 5627 909 5709 κρσμῴ
1031 5630 1171 5709 κατὰ
1196 5627 1491 5709 ΘεδνΜὸντι.
1689 5627 1703 5638 ’
1747 5627 1762 5633 ⁷
1994 5627 2149 5709 γονεν
2174 5627 2329 5709 οὐδὲν
2349 5636 2461 5709 καί,
2491 5627 2594 5692 etc.
3014 5627 3048 5677 Ϊ
3170 5664 3175 5668 δ

395 5696 472 5765 (5)
503 5696 696 5750 Ἔσται
723 5698 791 5751 τὰ
815 5696 1020 5770 ἔσχατα
1050 5702 1265 5755 πάντων
1289 5701 1417 5768 τῶν,
1447 5711 1553 5760 etc.
2007 5696 2018 5709 ’
2069 5709 2146 5780 (6)
2189 5706 2320 5761 Ἀπὸ
2346 5696 2473 5759 τοῦζ
