3978 6204
322 337 428 394 949
1179 336 1265 390 DE
1314 336 1590 393 Tl'IULlS
1630 335 1893 392 PSALMG

1995 336 2078 391 ΞΜ.
2135 369 2204 379 -—-
2242 336 2434 391 PSAL.
2477 332 2684 389 LXXII.
3466 331 3566 386 950

385 455 475 510 40.
506 455 676 525 Κάγὼ
703 456 1142 525 ὲξουδενωμένος,
1175 457 1269 509 καὶ
1297 457 1396 509 οὐκ
1419 455 1588 524 ἔγνων
1607 473 1623 486 ο
1915 470 1956 526 Α

2069 455 2158 510 40.
2221 454 2288 509 Et
2321 469 2419 524 ego
2453 455 2517 508 ad
2545 452 2775 506 nihilum
2805 449 3056 508 redactus
3082 464 3225 516 sum,
3250 458 3303 502 et
3330 449 3565 504 nescivi:

392 544 480 599 41.
508 543 802 616 Κτηνώδης
829 544 1092 616 ἐγενήθην
1130 544 1279 614 παρὰ
1313 543 1413 598 σοί.

2077 549 2166 602 41.
2228 546 2541 601 Jumentum
2575 545 2750 600 factus
2778 560 2898 598 sum
2928 543 3065 612 apud
3093 551 3163 596 te.

391 632 480 688 42.
515 633 683 703 Κάγὼ
710 635 998 698 διαπαντὸς
1030 635 1166 704 μετὰ
1197 634 1288 686 σοῦ
1310 650 1323 663 °

2073 640 2163 694 42.
2217 641 2283 694 Et
2319 654 2420 710 ego
2457 654 2672 708 semper
2695 646 2870 692 tecum
2902 654 2914 689 :

389 722 478 778 45.
525 725 863 795 Ἐκράτησας
892 726 989 795 τῆς
1017 726 1194 796 χειρὸς
1217 727 1314 795 τῆς
1337 726 1514 790 δεξιᾶς
1547 745 1646 798 μου
1667 745 1680 759 ο

2077 731 2166 784 45.
2223 728 2467 784 Tenuisti
2499 743 2718 780 manum
2749 727 3021 780 dexteram
3049 739 3222 777 meam
3251 740 3264 756 ·

390 814 480 868 44.
507 815 616 868 Kal
650 817 707 868 ὲν
729 819 796 887 τῇ
830 817 989 887 βουλῇ
1021 835 1113 870 σου
1144 817 1430 888 ὥὴγησὰς
1459 835 1557 890 με*

2069 823 2160 876 44.
2216 820 2282 875 Et
2313 821 2369 873 in
2401 818 2630 874 consilio
2661 827 2753 871 tuo
2777 816 3045 871 deduxisti
3088 830 3211 870 me:

391 904 480 958 45.
511 906 620 958 Καὶ
651 906 788 974 μετὰ
813 905 968 976 δόξης
998 905 1332 974 προσελάόου
1365 924 1452 977 με.

2073 912 2160 965 45.
2218 909 2284 964 Et
2312 925 2434 965 cum
2466 908 2635 979 gloria
2667 907 2953 976 suscepisti
2989 921 3091 960 me.

393 997 481 1051 46.
516 998 580 1051 Τί
605 985 720 1069 γάρ
749 1016 838 1069 μοι
861 999 1099 1068 ὑπάρχει
1131 1000 1188 1052 ὲν
1217 999 1292 1069 τῷ
1323 999 1561 1070 οὐρανῷ;

1526 1017 1561 1064 ’;
2073 1004 2166 1057 46.
2224 1001 2365 1068 Quid
2392 1001 2535 1055 enim
2570 999 2703 1054 mihi
2733 1008 2811 1053 est
2846 999 2899 1052 in
2927 997 3097 1053 οωιοῖ

393 1089 485 1142 47.
518 1090 625 1142 Kal
649 1090 798 1161 παρὰ
826 1090 919 1143 σοῦ
948 1089 1001 1142 τί
1030 1090 1266 1160 ἠθέλησα
1297 1092 1388 1143 ἐπὶ
1418 1091 1514 1162 τῆς
1540 1093 1675 1162 γῆς;

2083 1095 2174 1149 47.
2236 1093 2298 1148 Et
2330 1109 2359 1147 a
2402 1102 2454 1148 te
2483 1094 2612 1163 quid
2642 1093 2789 1146 volui
2821 1105 2985 1161 super
3017 1089 3253 1144 terram?

393 1181 480 1236 48.
524 1181 798 1246 Ἐξέλιπεν
849 1184 880 1254 ἡ
915 1183 1110 1254 καρδία
1145 1199 1244 1253 μου
1281 1183 1373 1236 κα)⁵
1418 1185 1451 1254 ἡ
1498 1183 1632 1254 σάρξ
1675 1202 1814 1256 μου,
1862 1186 1891 1238 ὁ

2082 1186 2175 1241 48.
2228 1184 2433 1240 Defecit
2457 1200 2586 1240 caro
2633 1200 2752 1240 mea
2783 1193 2836 1238 ct
2867 1197 2961 1238 cor
2991 1195 3194 1242 meum.
3224 1179 3364 1235 Deus
3395 1181 3568 1234 cordis

317 1271 452 1337 Θεὸς
482 1273 558 1343 (a)
586 1275 684 1344 τῆς
710 1273 936 1344 καρδίας
969 1291 1071 1345 μου
1093 1290 1108 1304 ο
1999 1280 2102 1335 mei
2139 1295 2154 1334 :

389 1364 480 1418 49.
506 1365 615 1417 Kal
639 1366 672 1435 ὴ
707 1365 864 1436 μερίς
893 1382 992 1436 μου
1021 1367 1048 1418 ὁ
1073 1363 1204 1428 Θεὸς
1235 1367 1315 1430 εἰς
1340 1365 1430 1418 τὸν
1455 1369 1645 1422 αἰῶνα.

1614 1386 1645 1422 ι.
2080 1370 2170 1424 49.
2230 1368 2295 1424 Et
2323 1384 2452 1440 pars
2477 1385 2595 1424 mea
2633 1369 2775 1424 Deus
2819 1369 2872 1422 in
2904 1377 3185 1423 mternum.

390 1454 479 1509 50.
525 1455 646 1508 Ὀτι
700 1456 807 1509 ἰδοὺ
864 1458 913 1508 οἱ
967 1456 1330 1528 μακρύνοντες
1373 1461 1599 1524 ἑαυτοὺς
1637 1461 1745 1514 ἀπὺ
1796 1461 1889 1515 σοῦ

2085 1460 2174 1515 50.
2233 1458 2369 1526 Quia
2417 1475 2541 1515 ecce
2573 1459 2664 1530 qui
2709 1459 2962 1530 elungant
3001 1472 3058 1512 se
3087 1473 3115 1510 a
3163 1465 3236 1517 te,
3276 1453 3566 1524 peribunt:

317 1543 642 1601 ἀπολοῦνται
658 1562 672 1576 ο

393 1635 480 1690 51.
525 1634 955 1707 Ἐξωλόθρευσας
984 1639 1157 1692 πάντα
1177 1639 1267 1692 τὸν
1296 1640 1623 1712 πορνεύοντα
1645 1639 1752 1693 ἀπὸ
1775 1640 1888 1697 σοῦ.

2078 1639 2167 1693 51.
2219 1637 2506 1695 Perdidisti
2543 1653 2733 1694 omnes
2764 1638 2856 1705 qui
2895 1636 3230 1692 fornicamur
3272 1637 3370 1691 abs
3399 1645 3467 1689 te.

387 1726 477 1782 52.
510 1728 664 1797 Ἐμοὶ
690 1727 744 1781 δὲ
771 1728 832 1781 τὸ
855 1729 1288 1800 προσκολλᾶσθαι
1304 1730 1380 1800 τῷ
1397 1731 1514 1801 Θεῷ
1536 1730 1739 1799 ἀγαθόν
1754 1733 1887 1786 ἐστι·

1852 1750 1887 1786 ι·
2085 1731 2183 1786 52.
2231 1729 2360 1785 Mihi
2392 1742 2572 1786 autem
2606 1732 2881 1786 adhaerere
2907 1730 3038 1798 Deo,
3068 1731 3270 1786 bonum
3303 1739 3421 1784 est:

387 1815 476 1873 55.
505 1817 759 1872 Τίοεσθαι
785 1821 841 1872 ὲν
865 1821 944 1890 τῷ
971 1821 1157 1892 Κυρίῳ
1186 1823 1282 1895 τὴν
1315 1823 1502 1876 ἐλπίδα
1535 1841 1658 1894 μου.
1921 1843 1958 1898 Β

1921 1843 1964 1898 Β
2078 1823 2169 1877 55.
2216 1822 2437 1879 Ponere
2468 1824 2521 1878 in
2555 1823 2786 1880 Domino
2815 1824 2924 1880 Deo
2951 1840 3098 1895 spem
3135 1839 3334 1878 meam.

390 1907 480 1962 54.
507 1907 612 1961 Τοῦ
635 1909 943 1978 ἐξαγγεῖλαι
977 1928 1044 1981 με
1074 1911 1252 1976 πάσας
1281 1911 1378 1975 τὰς
1409 1913 1642 1978 αἰνέσεις
1667 1931 1782 1977 σου,

1690 1931 1782 1977 r00,
2075 1915 2165 1971 54.
2220 1915 2293 1971 Ut
2320 1919 2633 1972 annuntiem
2670 1933 2860 1973 omnes
2889 1918 3074 1972 laudes
3116 1925 3261 1982 tuas,

387 1997 481 2052 55.
522 1999 608 2052 Ἐν
629 2003 748 2063 ταῖς
774 2001 967 2066 πύλαις
992 2002 1091 2073 τῆς
1123 2001 1390 2071 θυγατρὸς
1415 2001 1573 2056 Σιών.

1259 2003 1390 2071 ,τρὸς
1415 2001 1573 2056 Σιών.
2077 2007 2165 2062 55.
2217 2009 2278 2064 In
2319 2010 2492 2080 portis
2523 2010 2646 2066 ﬁlia:
2679 2011 2830 2067 Sion.

393 2172 471 2246 (a)
503 2171 659 2230 Vers.
681 2174 770 2241 49,
813 2177 869 2230 '0
894 2176 1044 2242 Θεὸς,
1078 2190 1206 2242 etc.,
1236 2179 1326 2232 τὸν
1350 2179 1540 2235 αἰῶνα.

1446 2334 1825 2390 ATHANASII
1870 2335 2452 2393 INTERPRETATIO.

391 2482 480 2537 40.
515 2484 625 2538 Kal
647 2483 1068 2557 ἐξουδενωμένος
1095 2488 1240 2558 ἤμην
1275 2487 1402 2559 παρ’
1433 2489 1648 2556 αὐτοῖς,
1677 2490 1768 2543 καὶ
1800 2490 1898 2544 οὐκ

1831 2490 1898 2544 ὺκ
2086 2490 2178 2546 40.
2228 2491 2294 2546 Et
2323 2498 2672 2562 contemptus
2703 2492 2779 2547 fui
2814 2493 2881 2548 ab
2912 2493 3066 2564 ipsis,
3093 2499 3148 2549 et
3171 2493 3402 2565 neglexi.

319 2573 484 2647 ἐμελέ
515 2592 624 2647 μοι.
2401 2602 2405 2608 .

397 2668 487 2723 41.
515 2669 624 2721 Καὶ
649 2669 725 2732 ὡς
751 2669 948 2739 κτῆνος
973 2670 1120 2742 ἢμην
1181 2669 1332 2742 παρὰ
1367 2671 1448 2723 σοὶ
1488 2671 1565 2741 τῷ
1597 2672 1894 2746 βουλήματι

2073 2665 2162 2720 41.
2222 2664 2290 2721 Et
2316 2667 2482 2722 veluti
2513 2668 2822 2738 jumentum
2852 2669 2928 2723 l‘ui
2954 2669 3097 2740 apud
3129 2679 3199 2735 te,
3224 2668 3373 2724 omni
3389 2669 3577 2725 volun-

322 2759 642 2832 ἐπιθέμενος
667 2760 844 2834 πάντῃ
874 2762 972 2833 (1).

939 2764 972 2827 ).
2004 2757 2103 2811 tati
2135 2767 2240 2814 tuae
2273 2760 2510 2815 deditus.

397 2850 488 2905 42.
515 2852 572 2905 Ὀ
603 2851 807 2924 Κύριος
829 2853 974 2922 λέγει
998 2853 1132 2924 πρὸς
1157 2853 1319 2907 αὐτόν
1341 2872 1353 2884 °
1375 2856 1484 2909 Kal
1510 2854 1618 2924 ἐγὼ
1640 2856 1727 2910 διὰ
1747 2857 1906 2911 τοῦτο

2070 2848 2161 2906 42.
2207 2851 2275 2908 Et
2308 2851 2575 2910 Dominus
2605 2855 2740 2912 dicit
2775 2857 2842 2912 ad
2875 2873 3021 2921 eum,
3068 2867 3123 2912 et
3156 2872 3257 2927 ego
3291 2863 3577 2927 propterea

325 2946 474 3018 ἥμην
505 2944 792 3010 διαπαντὸς
827 2946 966 3017 μετὰ
991 2946 1105 3001 σοῦ.

992 2946 1105 3001 σοῦ.
2003 2946 2080 3001 fui
2110 2961 2326 3017 semper
2360 2956 2563 3003 tecum.

396 3037 486 3102 45,
513 3038 602 3092 44.
629 3038 738 3092 Kal
769 3039 845 3102 ὼς
889 3040 1120 3111 κτῆνος,
1164 3039 1298 3092 ὅπου
1332 3039 1426 3092 ἐὰν
1453 3040 1701 3112 ὡδήγησὲ
1731 3041 1806 3113 (2)
1837 3060 1903 3112 με

2072 3040 2164 3108 45,
2204 3041 2294 3096 44.
2339 3040 2408 3096 Et
2437 3041 2605 3097 veluti
2628 3042 2959 3112 jumentum,
2993 3055 3321 3111 quocunque
3353 3040 3580 3096 deduxit

327 3128 364 3198 ἡ
392 3127 512 3198 χείρ
544 3145 635 3180 σου
667 3129 759 3181 καὶ
783 3129 842 3180 τὸ
869 3128 1080 3198 Οέλημὰ
1113 3146 1226 3193 σου,
1257 3131 1616 3202 ἐπορευόμην.

1928 3117 1971 3176 C
2005 3146 2093 3186 me
2122 3147 2320 3188 manus
2348 3139 2465 3198 tua,
2499 3143 2552 3189 et
2576 3133 2832 3189 voluntas
2855 3141 2967 3198 tua,
3000 3133 3379 3204 procedebam.

395 3219 484 3273 45.
518 3220 627 3272 Kal
657 3219 750 3274 νῦν
778 3222 835 3275 ὲν
873 3225 938 3293 τῇ
971 3221 1215 3294 βασιλείᾳ
1251 3239 1343 3275 σου
1387 3224 1524 3294 μετὰ
1550 3223 1706 3296 δόξης
1733 3242 1902 3296 προσ-

2071 3219 2162 3275 45.
2205 3219 2271 3276 Et
2317 3237 2463 3277 nunc
2488 3222 2543 3277 in
2589 3237 2756 3293 regno
2789 3232 2883 3277 tuo
2924 3238 3048 3276 eum
3080 3222 3253 3293 gloria
3295 3217 3580 3290 suscepisti

322 3309 516 3366 ελάϐου
542 3329 630 3382 με.
2001 3326 2108 3367 me.

396 3401 486 3456 46.
522 3403 587 3455 Ti
607 3402 714 3476 γάρ
749 3404 838 3474 μοί
861 3405 1008 3458 ἐστιν
1041 3403 1166 3458 ἄλλο
1195 3405 1252 3458 ὲν
1276 3404 1353 3475 τῷ
1382 3406 1614 3476 οὐρανῷ,
1644 3409 1690 3459 εἰ
1723 3406 1796 3478 μὴ
1813 3405 1900 3459 διὰ

2073 3405 2162 3458 46.
2214 3403 2356 3470 Quid
2387 3403 2531 3458 enim
2565 3404 2699 3458 mihi
2740 3413 2824 3460 est
2862 3404 3009 3459 aliud
3053 3405 3106 3459 in
3155 3406 3315 3472 caalo,
3370 3407 3476 3462 nisi
3525 3416 3584 3462 ut

322 3493 424 3563 τῆς
446 3493 664 3565 χάριτός
685 3512 776 3548 σου
799 3495 1194 3568 δοξασθήσομαι
1225 3498 1302 3567 (5)
1331 3497 1435 3549 ὑπὸ
1469 3497 1561 3550 σοῦ
1582 3516 1597 3565 ;

1469 3497 1597 3565 σοῦ;
2001 3513 2099 3567 per
2129 3497 2361 3568 gratiam
2395 3506 2545 3552 tuam
2581 3515 2610 3552 a
2638 3506 2687 3552 te
2720 3498 3027 3568 gloriticer?

395 3584 485 3639 47.
515 3587 624 3640 Kal
649 3587 728 3640 ἔτι
758 3586 833 3641 ὣν
857 3591 914 3641 ὲν
944 3591 1010 3660 τῇ
1044 3592 1114 3660 γῇ
1144 3589 1302 3642 τοῦτο
1329 3589 1568 3661 ἠθέλησα
1598 3589 1750 3661 παρὰ
1781 3590 1897 3645 σοῦ.

1883 3631 1897 3645 .
2073 3586 2166 3642 47.
2214 3585 2281 3640 Et
2311 3587 2489 3642 adhuc
2519 3587 2706 3642 vivens
2739 3589 2794 3643 in
2831 3597 2972 3642 terra
3013 3589 3117 3644 hoc
3152 3590 3295 3644 volui
3332 3605 3362 3644 a
3386 3600 3454 3645 te.

393 3674 483 3730 48.
519 3678 682 3731 Οὐδὲν
721 3677 934 3751 θέλημα
964 3681 1063 3750 τῆς
1089 3681 1312 3752 καρδίας
1345 3699 1467 3752 μου,
1505 3682 1538 3752 ἢ
1574 3682 1671 3754 τῆς
1701 3683 1902 3753 σαρκός

2076 3678 2167 3736 48.
2215 3677 2431 3734 Nullam
2485 3680 2821 3736 voluntatem
2877 3681 3060 3737 cordis
3117 3683 3244 3750 mei,
3301 3691 3353 3736 et
3403 3682 3583 3737 carnis

324 3781 430 3836 μου
456 3767 774 3841 ἐποιούμην.

772 3812 774 3822 ι
2001 3786 2137 3826 mea:
2169 3770 2343 3827 effeci.

397 3859 487 3916 49.
539 3861 674 3916 Ἀλλ’
709 3864 768 3917 ὲν
799 3863 874 3934 (4)
911 3863 1074 3917 παντὶ
1121 3864 1212 3918 καὶ
1253 3865 1312 3918 ὲν
1364 3865 1530 3916 πᾶσιν
1562 3864 1590 3916 ὁ
1631 3864 1762 3927 Θεός
1798 3881 1900 3936 μου

2083 3863 2176 3919 49.
2225 3863 2333 3918 Sed
2359 3864 2506 3919 omni
2553 3863 2605 3917 in
2641 3880 2719 3929 re,
2767 3872 2819 3916 et
2866 3863 2919 3918 in
2952 3862 3208 3918 omnibus
3256 3861 3399 3918 Deus
3429 3880 3581 3918 meus

319 3949 582 4022 ὑπάρχει.
2001 3966 2106 4012 est.

396 4041 487 4108 50,
517 4041 606 4096 5|.
642 4044 705 4098 Οἱ
751 4045 1220 4116 ἀποσχοινίζοντες
1265 4044 1490 4109 ἑαυτοὺς
1528 4044 1637 4098 ἀπὸ
1687 4044 1780 4098 σοῦ
1824 4045 1899 4116 (5)

1824 4045 1899 4116 (5)
2094 4052 2184 4120 50,
2237 4053 2322 4109 51.
2357 4052 2716 4124 Sejungentes
2741 4055 2951 4124 seipsos
2980 4063 3084 4109 ate
3112 4055 3385 4124 peribunt.

321 4133 670 4190 ἀπολοῦνται.

390 4225 480 4279 52.
515 4227 667 4299 Ἐμοὶ
693 4229 751 4282 δὲ
777 4229 838 4284 τὸ
865 4230 1166 4303 ἀχώριστον
1193 4226 1332 4284 εἶναι
1357 4227 1452 4284 τοῦ
1475 4228 1609 4283 Θεοῦ
1633 4229 1902 4301 ἐπιθυμη-

2085 4232 2174 4289 52.
2227 4231 2360 4286 Mihi
2391 4241 2573 4288 autem
2606 4247 2715 4287 non
2747 4231 2992 4302 separari
3027 4247 3057 4286 a
3083 4231 3194 4286 Deo
3225 4231 3280 4286 in
3316 4232 3457 4288 votis
3479 4239 3563 4288 est

322 4315 448 4370 τέον
483 4317 558 4390 (6)
589 4319 726 4373 ὲστί.

401 4408 492 4464 55.
537 4411 724 4466 Πᾶσαν
762 4411 860 4484 τὴν
912 4413 1182 4485 μέριμναν
1230 4427 1323 4464 σου
1367 4411 1444 4482 (7)
1484 4410 1770 4482 ὲπῐρριψον
1812 4410 1898 4464 ἐπ’
1931 4459 1972 4495 n

1931 4459 1976 4495 η
2091 4413 2180 4470 55.
2225 4411 2454 4470 Omnem
2485 4429 2672 4470 curam
2714 4420 2863 4468 tuam
2889 4412 3036 4484 jacta
3062 4426 3225 4482 super
3261 4427 3386 4468 eum
3415 4412 3479 4465 ⁸⁵.

374 4459 490 4515 ,⁷⁷⁷
537 4459 717 4466 -⁷““⁷“’
774 4459 853 4484 ⁷⁷4⁷
912 4459 1175 4485 Γ⁷ΓΤ⁷””“’
1235 4459 1317 4464 ’⁷⁷
1370 4459 1442 4482 \'I
1486 4459 1762 4482 ""|'|"5"
1815 4459 1881 4464 ἠ
1930 4459 1976 4515 D

326 4500 514 4554 αυτόν.

403 4590 490 4645 54.
523 4594 628 4647 Τοῦ
658 4595 959 4667 διηγεῖσθαι
985 4595 1059 4668 (8)
1094 4611 1162 4666 με
1186 4594 1285 4658 τὰς
1314 4593 1631 4664 εὐεργεσίας
1661 4609 1775 4647 σου.

1596 4611 1631 4657 νς
1661 4609 1775 4647 σου.
2085 4593 2174 4648 54.
2229 4592 2302 4649 Ut
2329 4609 2576 4649 enarrem
2601 4592 3004 4649 beneﬁcientias
3027 4598 3167 4676 tuas.

402 4685 492 4740 55.
534 4688 852 4754 Ἀπαύστως
881 4688 1219 4762 ἁνυμνοῦντά
1260 4705 1320 4741 σε
1351 4690 1408 4741 ὲν
1450 4689 1515 4760 τῇ
1551 4687 1661 4742 ἄνω
1707 4685 1903 4759 Ἰερου-

2087 4686 2175 4741 55.
2229 4683 2602 4742 lndesinenter
2650 4695 2702 4741 te
2748 4686 2978 4741 laudans
3009 4683 3063 4738 in
3097 4697 3330 4754 superna
3371 4678 3562 4735 Jernsa

325 4775 532 4850 σαλήμ.

2014 4777 2141 4832 lem.

420 4961 466 4991 ⁸⁸
518 4959 724 5016 Psalm.
759 4978 868 5028 Liv,
893 4963 984 5018 25.

1285 5122 1595 5184 Addenda
1630 5129 1690 5184 et
1715 5116 2090 5196 corrigenda
2133 5132 2213 5176 ex
2256 5114 2397 5176 cod.
2434 5111 2633 5174 Vatic.

634 5288 931 5361 βουλήματι
961 5306 1054 5344 σου
1115 5271 1379 5357 ἐπιθόμην
1413 5284 1606 5338 πάντα.
2017 5281 2264 5361 ιῒὲαοςεούς-ζ
2300 5289 2404 5361 etc.
2433 5277 2499 5332 N.
2525 5277 2627 5361 .5l.
2667 5275 2800 5349 Περὶ
2831 5273 3060 5330 εἰδώλων
3092 5271 3261 5343 λέγει.

530 5348 843 5430 έόδηγήσέί.
1273 5348 1286 5357 ’
1335 5348 1346 5357 ’
2198 5348 2591 5430 [[ζπιουμητόν.

431 5423 484 5500 δ)
517 5423 848 5500 maderent
878 5446 964 5499 με.
1016 5499 1019 5500 ,
2087 5424 2162 5500 <21)
2198 5423 2340 5500 Μουο

520 5488 685 5569 κ’ᾼλλὰ
711 5488 782 5553 ea
806 5488 984 5553 πάντα
1011 5499 1088 5559 ὲν.
1119 5507 1223 5552 etc.
1431 5563 1476 5569 __
1673 5563 1683 5569 _
1742 5561 1753 5569 ,

1013 5499 1088 5559 ὲν.
1119 5507 1223 5552 etc.
1431 5563 1476 5569 __
1673 5563 1683 5569 _
1742 5561 1753 5569 .
2086 5488 2163 5565 (8)
2193 5488 2584 5564 Διηγήσασθαί.

408 5561 486 5639 (5)
517 5568 581 5623 N.
616 5570 707 5628 50.
747 5571 868 5625 Ὅτι
911 5569 1019 5624 ἰδοὺ
1057 5571 1106 5621 οἱ
1159 5563 1628 5636 ἁποσχοινιζοντες
1661 5561 1766 5617 ἀπὸ
1813 5579 1904 5616 σου
