3978 6204
403 275 500 331 951
1318 282 1378 340 S.
1416 283 1785 343 ATHANASH
1823 288 1972 345 OPP.
2013 288 2194 347 PARS
2229 287 2319 346 Ill.
2356 320 2428 335 —
2466 289 2872 349 EXEGETICA.
3519 303 3622 360 952

568 393 880 454 Intellectus
918 397 1116 471 Asaplt.
1196 400 1463 458 PSALM.
1526 403 1799 460 LXXIII.
1997 417 2042 471 Α

1997 417 2042 471 Α
2344 408 2652 477 Συνέσεως
2678 409 2756 476 τῷ
2784 409 2995 480 Ἀσάφ.
3027 412 3204 466 ΨΑΛ.
3227 412 3358 466 01".
3376 388 3390 397 ί

474 488 526 543 1.
581 488 654 546 Ut
680 490 831 560 quid,
870 489 1032 556 Deus,
1061 493 1305 563 repulisti
1331 495 1384 549 in
1415 495 1618 552 tinem?

2145 501 2197 557 1.
2227 501 2343 555 Ἵνα
2376 502 2447 568 τί,
2481 504 2509 555 6
2536 503 2686 570 Θεὸς,
2709 502 2913 558 ἀπώσω
2943 505 3022 567 είς
3047 503 3228 571 τέλος;

474 579 528 635 2.
588 579 764 637 lratus
812 588 896 638 est
944 582 1099 639 furor
1160 594 1290 642 tuus
1341 603 1506 659 super
1570 604 1697 645 oves
1757 605 1972 660 pascuae

2143 591 2197 645 2.
2236 592 2489 665 Ὠργίσθη
2520 597 2548 648 ὀ
2580 594 2747 666 θυμός
2779 612 2872 649 σου
2898 597 2989 649 ἐπὶ
3018 596 3263 668 πρύὸατα
3304 599 3473 672 νομῆς
3506 604 3639 669 cui;

407 672 549 727 tum?

474 763 527 818 3.
576 760 781 819 Memor
807 774 926 821 esto
961 770 1398 841 congregationis
1430 780 1555 840 tua,
1587 790 1752 844 quam
1786 788 1975 845 posse-

2149 772 2202 826 5.
2230 772 2511 844 Μνήσοητι
2550 773 2651 844 τῆς
2684 775 3006 845 συναγωγῆς
3037 793 3129 829 σου
3153 814 3167 840 ,
3196 772 3265 849 ἦς
3302 778 3517 850 ἐκτήσω
3544 778 3640 835 ἀπ’

408 855 533 910 disti
568 856 636 911 ab
664 855 822 913 initio
850 875 865 913 :

706 857 822 913 uitio
850 875 865 913 :
2075 863 2277 934 ἀρχῆς·

478 949 533 1002 4.
589 947 889 1006 Redemisti
928 952 1137 1025 virgam
1166 953 1498 1009 haereditatis
1527 965 1633 1011 tum
1664 975 1677 1011 :

2148 955 2202 1008 4.
2241 954 2559 1027 Ἐλυτρώσω
2585 955 2778 1029 ῥάϐδον
2798 956 3157 1029 κληρονομίας
3186 976 3278 1013 σου
3296 976 3311 990 ο

486 1042 540 1098 5.
588 1042 743 1100 Mons
788 1044 941 1112 Sion,
973 1044 1028 1100 in
1062 1062 1172 1117 quo
1204 1047 1460 1111 habitasti
1495 1048 1548 1102 in
1593 1062 1677 1104 eo.

2152 1045 2203 1101 5.
2232 1047 2395 1116 Ὄρος
2424 1046 2562 1101 Σιὼν
2585 1047 2759 1114 τοῦτο,
2792 1048 2821 1102 ὃ
2848 1051 3269 1120 κατεσκήνωσας
3289 1053 3346 1104 ἐν
3364 1051 3531 1123 αὐτῷ.

491 1135 545 1189 6.
589 1136 731 1192 Leva
765 1154 963 1195 manus
1009 1148 1130 1195 luas
1178 1141 1230 1195 in
1279 1142 1565 1212 superbias
1598 1157 1786 1198 eorum
1831 1143 1887 1197 in
1915 1144 1975 1197 [i-

2145 1138 2196 1192 6.
2231 1140 2473 1211 Ἔπαρον
2509 1139 2608 1203 τὰς
2644 1140 2830 1214 χεῖράς
2866 1158 2959 1194 σου
3002 1143 3094 1194 ἐπὶ
3135 1144 3233 1209 τὰς
3273 1144 3641 1216 ὑπερηφανίας

407 1243 533 1282 nem
565 1246 581 1283 2

2079 1229 2254 1285 αὐτῶν
2283 1231 2363 1294 εἰς
2386 1230 2557 1294 τέλος.

481 1320 529 1376 7.
589 1322 803 1390 Quanta
849 1328 1177 1402 malignatus
1247 1340 1331 1387 est
1383 1331 1636 1388 inimicus
1687 1331 1741 1386 in
1789 1338 1978 1386 sancto

2150 1321 2352 1378 7.”οσα
2378 1322 2781 1395 ἐπονηρεύσατο
2804 1327 2832 1379 6
2858 1325 3048 1399 ἐχθρὸς
3071 1329 3127 1381 ἐν
3148 1328 3225 1399 τῷ
3248 1328 3389 1399 ἁγίῳ
3417 1345 3510 1382 σου
3530 1329 3604 1399 (α)
3626 1368 3642 1397 ,

412 1414 553 1470 tuo?
941 1414 947 1420 ’

481 1504 536 1561 8.
600 1503 666 1561 Et
690 1506 906 1578 gloriati
931 1518 1079 1575 sunt,
1111 1510 1207 1581 qui
1238 1511 1470 1566 oderunt
1504 1521 1578 1575 te,
1606 1512 1659 1567 in
1692 1510 1869 1567 medio
1890 1526 1980 1567 so-

2151 1520 2205 1575 8.
2235 1521 2345 1574 Kal
2377 1521 2809 1594 ἐνεκαυχήσαντο
2829 1524 2879 1577 οί
2899 1523 3182 1595 μισοῦντές
3207 1541 3266 1577 σε
3293 1526 3352 1579 ἐν
3383 1524 3532 1596 μέσῳ
3549 1524 3643 1596 τῆς

411 1598 710 1657 iemnitatis
741 1609 867 1658 tuae.

852 1644 867 1658 .
2083 1612 2275 1683 ἑορτῆς
2303 1629 2417 1667 σου.

484 1690 537 1746 9.
585 1691 895 1750 Posuerunt
940 1695 1095 1767 signa
1142 1712 1242 1754 sua
1276 1697 1452 1769 signa,
1483 1706 1676 1754 etnon
1717 1711 1983 1767 cognove-

2154 1703 2209 1759 9.
2254 1704 2476 1759 Ἐθεντο
2531 1703 2605 1759 τὰ
2646 1708 2849 1779 σημεῖα
2895 1705 3073 1761 αὐτῶν
3124 1709 3358 1778 σημεῖα,
3408 1717 3501 1761 και
3550 1706 3644 1760 οὐκ

413 1791 575 1850 runt,

2017 1797 2060 1852 B
2087 1792 2345 1862 ἔγνωσαν,

484 1876 572 1933 10.
609 1874 763 1931 Sicut
791 1874 845 1928 in
882 1871 1034 1927 exitu
1067 1885 1230 1941 super
1256 1884 1552 1926 summum.

2155 1885 2241 1940 10.
2293 1888 2382 1951 Ὠς
2419 1889 2498 1953 είς
2530 1890 2627 1960 τὴν
2657 1889 2831 1956 ἔξοδον
2862 1891 3133 1961 ὑπεράνω.

486 1970 574 2023 11.
608 1965 778 2034 Quasi
822 1965 878 2019 in
911 1965 1044 2020 silva
1100 1965 1395 2035 lignorum,
1444 1964 1730 2019 securibus
1772 1965 1986 2022 excide-

2152 1977 2237 2031 11.
2282 1980 2365 2042 Ὠς
2396 1982 2454 2034 ἐν
2481 1982 2672 2054 δρυμῷ
2707 1981 2897 2047 ξύλων,
2927 1981 3423 2051 ἀξίναιςιὲξέκοψαν
3446 1988 3543 2046 τὰς
3563 1981 3650 2035 θύ-

417 2069 547 2115 runt
576 2060 776 2130 januas
800 2059 919 2129 ejus
944 2075 958 2112 :
1515 2105 1525 2116 ,

944 2075 958 2112 :
1515 2105 1525 2116 .
2085 2087 2185 2141 ρας
2218 2068 2291 2141 (b)
2318 2073 2487 2143 αὐτῆς
2501 2090 2513 2102 ·

488 2151 578 2206 12.
611 2149 670 2204 ln
724 2149 957 2215 idipsum
1005 2148 1060 2201 in
1113 2146 1331 2211 securi,
1377 2156 1430 2201 et
1478 2147 1624 2202 ascia
1678 2147 1986 2217 deiecerunt

2162 2159 2248 2213 12.
2275 2161 2398 2215 Ἐπὶ
2425 2163 2486 2216 τὸ
2517 2164 2648 2219 αὐτὸ
2669 2166 2725 2219 ἐν
2749 2166 2964 2220 πελέκει
2984 2168 3078 2220 καὶ
3095 2165 3433 2237 λαξευτηριῳ
3460 2166 3649 2236 κατέρ-

414 2259 535 2298 eam
546 2283 560 2296 .

2090 2250 2258 2322 ραξαν
2292 2254 2480 2325 αὐτήν.

486 2336 574 2390 15.
614 2336 980 2392 Incenderunt
1009 2336 1065 2390 in
1094 2337 1218 2406 igne
1247 2334 1617 2389 sanctuarium
1644 2341 1795 2390 tuum
1824 2355 1838 2390 :

2164 2342 2251 2398 15.
2281 2344 2638 2418 Ἐνεπύρισαν
2666 2348 2723 2400 ἐν
2751 2349 2883 2419 πυρὶ
2911 2348 2971 2402 τὸ
3001 2350 3353 2422 ἁγιαστήριόν
3384 2367 3476 2403 σου
3503 2348 3573 2419 (ε)
3599 2361 3613 2377 ⁶

489 2427 577 2483 14.
635 2426 693 2483 1η
746 2438 886 2485 terra
934 2429 1246 2499 polluerunt
1299 2427 1708 2484 tabernaculum
1750 2429 1986 2485 nominis

2162 2434 2250 2489 M.
2282 2436 2375 2499 Εἰς
2403 2435 2499 2508 τὴν
2536 2437 2640 2509 γῆν
2669 2438 3010 2509 ἐϐεϐήλωσαν
3035 2440 3096 2494 τὸ
3121 2443 3385 2513 σκήνωμα
3419 2439 3509 2495 τοῦ
3541 2436 3652 2494 ὀνό-

418 2519 519 2573 tui.

2095 2524 2263 2594 ματός
2293 2541 2407 2579 σου.

485 2660 561 2739 (ᾳ)
613 2662 827 2739 ἐνιξοῖς
851 2661 1026 2739 ἁγίοις
1055 2678 1167 2716 σου.
1195 2662 1263 2716 At
1294 2662 1347 2716 in
1376 2677 1547 2739 marg.
1568 2662 1688 2739 eod.
1713 2662 1980 2739 Cila‘I‘EIth
2020 2664 2056 2717 ἐκ

905 2661 1026 2729 γίοις
1055 2678 1167 2716 σου.
1195 2662 1263 2716 At
1294 2662 1347 2716 in
1376 2677 1547 2739 marg.
1568 2662 1688 2739 eod.
1713 2662 1980 2739 ciia‘ractq
2020 2664 2078 2718 ἐν
2101 2664 2178 2737 τῷ
2200 2668 2339 2739 ἁγίῳ
2362 2686 2476 2723 σου.

489 2660 566 2799 (αζ
613 2662 685 2714 Εν
713 2663 827 2725 τοῖς
851 2661 1026 2729 ἁγίοις
1055 2678 1167 2716 σου.
1195 2662 1263 2716 At
1294 2662 1347 2716 in
1376 2677 1547 2732 marg.
1568 2662 1688 2715 eod.
1713 2662 1980 2727 etiamet,

489 2731 551 2802 (b_
603 2729 816 2802 γῬίζας.
880 2731 936 2785 1n
966 2748 1140 2801 marg.
1174 2742 1356 2786 autem
1388 2732 1509 2787 eod.
1539 2734 1779 2787 charact.
1804 2730 1994 2802 θύρας.

490 2800 563 2874 (c)
598 2801 706 2855 Τοῦ
730 2801 864 2855 Θεοῦ
894 2817 994 2873 pro
1037 2800 1129 2855 σου

1538 2946 1912 3003 ATHANASII
1951 2946 2534 3005 INTERPRETATIO.

499 3063 566 3117 Ἦ
595 3065 932 3136 προκειμένη
958 3064 1237 3138 ἐπιγραφὴ
1271 3066 1513 3137 περιέχει
1551 3064 1659 3134 (i)°
1689 3066 2005 3131 Συνέσεως
2036 3062 2117 3129 τῷ
2160 3063 2364 3134 Ἀσάφ.
2403 3063 2573 3118 Τοῦτο
2601 3060 2693 3119 οὖν
2728 3065 2874 3133 λέγει
2912 3066 3042 3137 περὶ
3072 3065 3180 3119 τῶν
3219 3068 3299 3129 εἰς
3330 3065 3545 3119 σύνεσιν
3573 3067 3659 3138 ἐρ-

418 3157 664 3230 χομένων
692 3160 757 3211 ἐκ
786 3175 881 3212 του
907 3158 1036 3214 λαοῦ
1061 3161 1168 3214 τῶν
1201 3160 1490 3226 Ἰουδαίων,
1509 3160 1603 3214 καὶ
1628 3161 2067 3232 ἐπιστρεφόντων
2095 3162 2189 3215 ἐπὶ
2215 3161 2306 3216 τὸν
2327 3162 2556 3234 Κύριον.
2601 3162 2781 3231 Ἇσίιςρ
2811 3161 2920 3235 γὰρ
2945 3162 3302 3233 ἑρμηνεύεται
3325 3162 3659 3235 cvm-artari},

490 3250 706 3308 Titulus
738 3254 1062 3323 praepositus
1088 3254 1330 3309 continet
1360 3270 1373 3305 :
1407 3253 1713 3308 Intellectus
1754 3252 1954 3324 Asaph.
1988 3253 2102 3311 Hoc
2132 3255 2297 3324 igitur
2340 3256 2609 3325 signiﬁcat
2643 3275 2656 3310 :
2688 3256 2754 3309 de
2782 3255 3121 3309 venientibus
3154 3256 3209 3309 in
3238 3255 3571 3310 intellectum
3598 3272 3660 3312 cx

417 3346 621 3416 populo
644 3343 977 3413 Iudaeorum,
1012 3357 1065 3402 et
1091 3363 1149 3402 se
1172 3348 1613 3404 convertentibus
1646 3347 1712 3403 ad
1746 3348 2056 3405 Dominum.
2094 3348 2271 3419 Asaph
2296 3351 2440 3404 enim
2479 3352 2862 3419 interpretatur
2889 3365 3176 3420 synagoga.

491 3439 543 3492 1.
588 3438 814 3494 Gentem
842 3439 1176 3496 Judaaorum.
2016 3446 2062 3507 C

2016 3446 2064 3507 C
2167 3443 2218 3497 1.
2256 3443 2327 3495 Τὸ
2359 3442 2508 3506 ἔθνος
2532 3441 2638 3497 τῶν
2677 3442 2962 3497 Ἰουδαίων.

491 3528 545 3582 2.
591 3529 828 3587 Minatus
876 3547 936 3587 es
979 3532 1152 3587 iratus
1197 3548 1263 3588 eo
1305 3534 1450 3604 quod
1488 3534 1590 3604 ipsi
1642 3534 1994 3605 epularentur

2167 3534 2221 3588 2.
2264 3533 2591 3605 Ἠπείλησας
2624 3532 2894 3605 θυμωθεὶς
2924 3530 3312 3585 ἐπιδόσκεσθαι
3346 3531 3545 3597 αὐτοὺς
3572 3530 3658 3584 ἐπὶ

421 3637 584 3692 supra
609 3633 843 3688 montes,
876 3634 930 3679 et
978 3624 1082 3680 sub
1113 3625 1337 3680 arbores
1369 3624 1801 3681 idololatrantes.

1763 3640 1801 3681 5.
2095 3624 2163 3679 τὰ
2188 3625 2286 3696 ὄρη
2310 3666 2324 3690 ,
2354 3625 2448 3678 καὶ
2478 3623 2547 3678 τὰ
2576 3623 2766 3693 δένδρα
2797 3621 3334 3694 εἰδωλολατροῦντας,

490 3715 543 3770 5.
589 3715 795 3771 Memor
841 3725 981 3783 este,
1029 3716 1175 3788 quod
1224 3717 1292 3772 ab
1330 3718 1485 3772 initio
1516 3729 1736 3787 prepter
1778 3716 1994 3772 miseri-

2163 3719 2214 3772 5.
2250 3717 2563 3789 Μνήσθητι,
2605 3719 2688 3771 ὅτι
2744 3718 2837 3770 ἀπ’
2882 3716 3060 3787 ἀρχῆς
3123 3715 3210 3768 διὰ
3272 3714 3336 3767 τὸ
3394 3713 3544 3779 ἔλεός
3574 3730 3656 3768 σου

420 3806 664 3862 cordiam
704 3816 850 3862 tuam
880 3808 1174 3879 possedisti
1206 3825 1323 3875 eos,
1352 3817 1411 3865 ut
1446 3810 1687 3866 salvares
1728 3823 1794 3863 ex
1824 3806 1991 3880 Egy-

1878 3806 1994 3880 lgy-
2097 3811 2313 3882 ἐκτήσω
2340 3811 2537 3874 αὐτοὺς
2559 3808 2618 3874 ἐξ
2641 3808 2915 3878 Αἰγύπτου
2944 3808 3037 3861 ἐπὶ
3066 3805 3127 3859 τὸ
3151 3806 3226 3877 (2)
3255 3805 3449 3864 σῶσαι.

422 3908 536 3970 pto.

495 3993 553 4049 εἰ.
603 3993 841 4048 Sanetos
871 4002 1013 4048 tuos.

2166 3992 2221 4046 4.
2251 3991 2389 4049 Τοὺς
2421 3992 2609 4060 ἁγίους
2635 4006 2748 4043 σου.

500 4083 553 4137 5.
597 4083 655 4136 In
693 4082 864 4138 choro
912 4092 1247 4138 sanctorum.

2167 4082 2219 4137 5.
2261 4083 2349 4135 Ἐν
2381 4081 2458 4153 τῷ
2488 4081 2632 4153 χορῷ
2660 4080 2766 4134 τῶν
2793 4080 2979 4151 ἁγίων.

487 4175 540 4228 6.
582 4174 783 4230 Contra
818 4174 1112 4231 daemones.

2168 4174 2222 4229 6.
2254 4174 2413 4228 Κατὰ
2436 4175 2542 4228 τῶν
2569 4174 2853 4244 δαιμόνων.

495 4265 547 4318 7.
590 4264 851 4321 Diabolus
886 4275 1077 4322 contra
1098 4268 1362 4338 populum
1389 4269 1624 4324 ﬁdelem.

2170 4268 2222 4321 7.
2263 4268 2320 4320 '0
2342 4265 2582 4331 διάϐολος
2607 4266 2749 4320 κατὰ
2771 4265 2863 4319 τοῦ
2891 4263 3080 4318 πιστοῦ
3112 4261 3263 4319 λαοῦ.

494 4358 549 4413 8.
601 4357 773 4414 Judaei
807 4361 902 4430 qui
934 4370 984 4414 te
1020 4360 1432 4417 crueiﬁxerunt.

2167 4364 2218 4415 8.
2249 4362 2311 4413 Οἱ
2346 4360 2586 4413 Ἰουδαῖοι
2623 4357 3032 4432 σταυρώσαντές
3058 4375 3136 4412 σε.

494 4451 549 4506 9.
597 4451 983 4522 Cognoverunt
1027 4468 1191 4508 voces
1239 4455 1622 4524 prophetarum
1655 4467 1811 4508 veras
1852 4468 1992 4520 esse,

2170 4451 2223 4505 9.
2261 4451 2545 4519 Ἔγνωσαν
2578 4452 2676 4512 τὰς
2703 4449 2886 4517 φωνὰς
2924 4449 3031 4503 τῶν
3071 4443 3387 4520 προφητῶν,
3429 4446 3512 4500 ὃτι
3541 4445 3661 4517 ἀλη-

424 4556 476 4599 et
509 4545 647 4600 falso
683 4560 777 4600 eas
807 4545 1146 4615 interpretati
1180 4555 1328 4600 sunt.

2099 4540 2212 4605 θεῖς
2240 4544 2367 4602 είσι,
2400 4542 2493 4595 καὶ
2524 4540 2948 4611 παρελογίσαντο
2971 4539 3154 4603 αὐτάς.

497 4637 583 4689 10.
629 4636 913 4691 Auxerunt
946 4652 1091 4692 nunc
1117 4646 1360 4708 peccata,
1395 4652 1517 4708 quae
1551 4646 1912 4708 peccaverunt
1938 4638 1996 4692 in

2168 4634 2256 4689 10.
2288 4633 2459 4689 Πλέον
2489 4633 2583 4687 νῦν
2610 4634 2875 4705 ἥμαρτον,
2909 4624 2983 4686 ὧν
3009 4632 3253 4705 ἥμαρτον
3274 4633 3355 4695 εἰς
3377 4630 3478 4701 τὴν
3497 4628 3652 4697 ἔξοδοι

427 4728 577 4781 exitu
611 4726 828 4799 [Egypti

821 4731 828 4781 ἰ
2031 4791 2062 4799 _
2100 4726 2392 4794 Αἰγύπτου.

499 4820 586 4875 11.
621 4791 878 4890 υιηιῖεηςι
924 4817 1265 4874 infructifera
1318 4820 1386 4874 ad
1433 4819 1860 4876 comburendum
1903 4836 1999 4892 pa-
2027 4791 2070 4852 Β

2172 4791 2260 4871 11.
2311 4818 2399 4880 Ὡς
2424 4817 2553 4883 ξύλα
2583 4817 2804 4889 ἄκαρπα
2834 4821 2915 4882 είς
2957 4817 3150 4872 καῦσιν
3187 4817 3335 4885 ὅντα,
3362 4815 3532 4878 οὕτως
3557 4810 3659 4880 ἐγέ-

425 4919 568 4976 rata,
599 4910 671 4964 ita
700 4909 827 4965 facti
863 4919 991 4965 sunt
1019 4925 1209 4966 eorum
1242 4912 1535 4981 principes.
1738 4916 1743 4921 '

1269 4912 1535 4981 principes.
1738 4916 1743 4921 '
2032 4944 2035 4949 η
2095 4926 2248 4964 νοντο
2278 4910 2329 4962 οἱ
2352 4907 2609 4980 ἄρχοντες
2640 4908 2840 4962 αὐτῶν.

500 5002 588 5056 12.
620 5003 681 5055 In
719 5001 975 5071 peccatis,
1004 5011 1060 5057 et
1087 5002 1468 5073 iniquitatibus
1500 5004 1823 5059 exsistentes
1861 5018 1993 5058 con-

2172 5001 2259 5055 12.
2277 4999 2365 5054 Ἐν
2392 4999 2683 5071 ἁμαρτίαις
2704 5000 2796 5053 καὶ
2820 5002 3068 5072 ἀνομίαις
3086 5001 3235 5063 ὄντες
3255 4998 3549 5053 κατέπεσον
3569 4992 3652 5066 (ὅ).

423 5093 695 5149 ciderunt.

498 5187 588 5241 15.
626 5185 1156 5241 Contaminarerunt
1184 5194 1407 5255 peccato
1434 5186 1690 5256 templum
1726 5184 1840 5239 Dei.

2174 5176 2259 5232 15.
2295 5176 2394 5230 Διὰ
2418 5175 2516 5245 τῆς
2538 5174 2810 5247 ἁμαρτίας
2828 5173 3093 5245 ἐμόλυναν
3114 5173 3206 5226 τὸν
3240 5172 3367 5225 ναὸν
3402 5167 3493 5223 τοῦ
3513 5162 3651 5220 Θεοῦ.

500 5279 593 5334 14.
628 5277 956 5333 Carnalilius
996 5278 1477 5347 concupiscentiis,
1528 5294 1667 5348 quas
1718 5284 1997 5347 perpetra-

2177 5271 2262 5324 M.
2297 5272 2376 5323 Δι’
2401 5262 2474 5321 ὧν
2499 5268 2767 5341 ἔπραττον
2798 5266 3073 5338 σαρκικῶν
3101 5262 3404 5334 ἐπιθυμιῶν
3436 5260 3658 5333 βλασφη-

429 5381 575 5436 runt,
607 5385 682 5426 ita
717 5386 776 5426 ut
805 5373 1272 5433 blasphemaretur
1304 5368 1470 5425 Deus.

1152 5378 1272 5425 etur
1304 5368 1470 5425 Deus.
2107 5361 2319 5436 μεῖσθαι
2349 5360 2441 5414 τὸν
2469 5359 2600 5413 Θεὸν
2626 5361 2723 5432 (4).

1382 5502 1689 5565 Addenda
1718 5509 1777 5566 et
1818 5498 2190 5578 corrigenda
2224 5513 2304 5558 ex
2340 5498 2484 5558 cod.
2517 5493 2721 5555 Vatic.

499 5652 574 5725 (1)
616 5654 678 5706 Ἦ
711 5655 799 5725 διὰ
830 5656 927 5725 τῆς
955 5653 1323 5724 κινναόἀρεως
1353 5666 1479 5722 περ.
2288 5643 2633 5725 ⁹ΙΣατίπξσαν-
2852 5706 2865 5723 υ

501 5705 574 5793 ἰ2δ
610 5705 815 5778 Aristi.
844 5705 925 5725 ‘7"
960 5705 985 5707 η
1056 5705 1095 5708 γ’
1125 5705 1201 5724 ᾑδ
1304 5705 1321 5715 ’
1429 5705 1440 5722 ’
2288 5714 2389 5767 Τὸν
2421 5712 2550 5766 Θεὸν
2595 5705 3023 5780 παρεσκεύαζον.
