3978 6204
503 295 610 352 959
1365 298 1423 355 S.
1464 298 1839 357 ATHANASII
1875 300 2028 359 OPP.
2070 304 2250 362 PARS
2285 304 2374 363 Ill.
2414 333 2485 347 —-
2521 302 2934 359 EXEGETICA.
3665 303 3764 358 960

582 413 670 469 19.
720 414 785 468 Et
816 415 1001 471 omnia
1025 430 1232 471 cornua
1257 426 1608 486 peccatorum
1635 416 1975 491 confringam
2007 440 2019 474 :
2114 430 2153 486 Α

2261 424 2348 480 19.
2369 425 2479 478 Καὶ
2492 424 2671 477 πάντα
2682 420 2750 475 τά
2764 420 2973 492 κέρατα
2984 421 3093 475 τῶν
3105 419 3449 492 ἁμαρτωλῶν
3464 417 3758 474 συνθλάςω·

580 505 669 561 20.
723 506 789 563 Et
816 509 1145 565 exaltabitur
1187 525 1362 565 cornu
1407 511 1563 579 justi.

2253 515 2343 570 20.
2368 515 2478 570 Καὶ
2496 514 2839 586 ὑψωθήσεται
2870 513 2931 566 τὸ
2956 514 3123 585 κέρας
3150 511 3244 566 τοῦ
3267 511 3500 566 δικαίου.

508 612 575 669 In
599 617 778 686 ﬁnem,
824 618 879 672 in
909 619 1156 674 laudibus
1184 637 1202 674 :
1259 621 1510 677 Psalmus
1561 622 1762 692 Asaplt.
1803 622 2079 679 Canticum

2190 631 2290 696 Εἰς
2321 628 2388 682 τὸ
2416 628 2611 694 τέλος.
2636 629 2705 681 ἐν
2732 627 2942 697 ὕμνοις
2960 645 2975 659 ’
3018 626 3260 697 ψαλμιθς
3289 623 3370 692 τῷ
3399 623 3607 695 “0d?-
3625 624 3761 697 ’ῼδὴ

815 713 883 762 ad
925 712 1223 780 Assyrium.
1278 710 1479 768 PSAL.
1538 712 1765 771 LXXV.

2465 720 2617 789 πρὸς
2644 719 2749 773 τὸν
2771 722 3109 786 Ἀσσύριον.
3146 721 3321 773 ΨΑΛ.
3355 718 3481 783 QE'.

577 798 629 852 1.
674 797 847 854 Notus
876 800 929 854 in
956 799 1140 857 Judma
1181 801 1326 859 Deus
1359 822 1372 858 :

2256 810 2307 865 1.
2347 811 2592 875 Γνωστδς
2622 812 2677 864 ἐν
2704 813 2769 881 τῇ
2797 810 3027 881 Ἰουδαίᾳ
3052 811 3080 862 6
3102 809 3235 874 Θεὸς
3255 826 3266 841 ·

575 887 633 944 2.
680 889 737 942 in
766 891 934 945 lsrael
966 907 1222 962 magnum
1256 908 1455 949 nomen
1496 895 1637 964 ejus.

2255 901 2311 955 2.
2337 902 2430 955 ’Ev
2457 902 2534 973 τῷ
2558 902 2775 972 Ἰσραὴλ
2800 901 2941 972 μέγα
2962 900 3023 954 τὸ
3051 900 3222 970 ὄνομα
3244 899 3429 955 αὐτοῦ.

580 980 636 1036 5.
676 979 741 1035 Et
770 980 946 1037 factus
973 994 1057 1037 est
1092 985 1144 1038 in
1189 1000 1320 1054 pace
1352 987 1504 1042 locus
1531 988 1649 1054 ejus
1679 1008 1693 1044 :

2253 992 2308 1048 5.
2348 994 2460 1048 Καὶ
2491 994 2718 1065 ἐγενήθη
2752 995 2807 1046 ἐν
2832 994 3025 1065 εἰρήνῃ
3049 993 3077 1044 6
3104 993 3267 1056 τόπος
3296 990 3459 1046 αὑτοῦ
3477 1008 3492 1024 ·

576 1070 632 1126 4.
679 1072 746 1127 Et
777 1074 1042 1129 habitatio
1076 1075 1197 1144 ejus
1223 1076 1276 1129 in
1306 1077 1459 1132 Sion.

2252 1088 2306 1141 4.
2348 1087 2460 1139 Καὶ
2488 1086 2548 1139 τὸ
2575 1088 2992 1157 κατοικητήριον
3024 1084 3186 1138 αὐτοῦ
3214 1087 3270 1138 ἐν
3300 1084 3457 1140 Σιών.

575 1161 628 1218 5.
670 1162 745 1217 lbi
777 1164 1042 1236 confregit
1070 1169 1342 1237 potentias
1377 1184 1626 1234 arcuum,

2254 1175 2306 1231 5.
2336 1176 2486 1229 Ἐκεῖ
2507 1174 2790 1247 συνέτριψε
2823 1174 2891 1227 τὰ
2930 1175 3104 1246 κράτη
3140 1174 3246 1227 τῶν
3275 1171 3464 1239 τόξων,

583 1254 637 1310 6.
685 1255 910 1311 Scotum
939 1267 993 1313 et
1019 1259 1256 1328 gladium
1285 1270 1340 1315 ct
1369 1262 1591 1318 bellum.

2257 1269 2312 1323 6.
2330 1269 2530 1323 Ὄπλον
2557 1270 2650 1323 καὶ
2677 1270 2948 1341 ῥομφαίαν
2983 1268 3076 1322 καὶ
3100 1266 3355 1337 πόλεμον.

579 1344 631 1401 7.
676 1346 955 1403 Illuminas
989 1357 1041 1402 tn
1076 1350 1398 1405 mirabiliter
1430 1367 1460 1407 a
1500 1354 1784 1408 montibus
1820 1355 2080 1411 mternis:

2254 1360 2308 1413 7.
2348 1358 2606 1423 Φωτίςεις
2638 1360 2701 1412 σὺ
2727 1359 3054 1430 θαυμαστῶς
3078 1359 3184 1411 ἀπὸ
3208 1356 3378 1428 ὀρέων
3408 1355 3675 1410 αἱωνῑωνο

576 1436 629 1492 8.
679 1436 904 1493 Turbati
937 1448 1066 1495 sunt
1096 1456 1287 1498 omnes
1322 1443 1641 1513 insipientes
1688 1446 1870 1500 corde.

2257 1449 2311 1504 8.
2336 1448 2752 1522 Ἐταράχθησαν
2788 1450 2986 1513 πάντες
3020 1451 3067 1502 οἱ
3103 1447 3351 1502 άσύνετοι
3377 1449 3444 1518 τῇ
3474 1446 3690 1519 καρδξᾳ.

575 1529 631 1586 9.
685 1528 1039 1588 Dormierunt
1068 1547 1325 1590 somnum
1356 1552 1545 1604 suum,
1589 1546 1645 1593 et
1681 1537 1819 1592 nihil
1865 1538 2086 1593 invene—

2254 1542 2307 1597 9.
2325 1541 2619 1594 ’Ύπνωσαν
2651 1540 2817 1595 ὕπνον
2848 1540 3047 1605 αὐτῶν,
3078 1541 3171 1593 καὶ
3202 1541 3301 1612 οὐχ
3329 1535 3485 1612 εὗρον
3506 1539 3681 1605 οὐδὲν,

507 1631 658 1687 runt,
1428 1626 1441 1647 '

590 1715 677 1770 10.
730 1714 935 1773 Omnes
961 1717 1061 1772 viri
1091 1716 1404 1775 divitiarum
1435 1719 1490 1775 in
1515 1721 1771 1777 manibus
1802 1719 1938 1776 suis.
2113 1783 2145 1788 _

2257 1714 2343 1770 10.
2384 1714 2591 1778 Πάντες
2604 1716 2653 1768 οἱ
2670 1714 2860 1786 ἄνδρες
2874 1714 2968 1768 τοῦ
2986 1716 3214 1770 πλούτου
3228 1720 3345 1780 ταῖς
3361 1734 3420 1787 χε
3430 1719 3547 1788 ρσὶν
3560 1717 3752 1779 αὐτῶν.

569 1806 656 1860 11.
699 1807 780 1862 Ab
810 1808 1176 1879 increpatione
1201 1819 1314 1875 tua,
1353 1810 1497 1868 Deus
1536 1810 1727 1876 Jacob,
2111 1783 2140 1838 Ε

2111 1783 2154 1838 Β
2253 1807 2493 1861 11.Ἀπδ
2531 1783 2897 1879 ἐπιτιμήσεὼς
2926 1825 3041 1873 σου,
3077 1813 3105 1863 6
3130 1810 3261 1874 Θεὸς
3289 1783 3506 1876 Ἰακῶϐ,

579 1898 667 1952 12.
716 1897 1158 1956 Dormitavcrunt
1189 1905 1283 1973 qui
1312 1905 1676 1959 ascenderunt
1710 1918 1903 1974 equos.

2258 1898 2346 1953 12.
2366 1897 2692 1965 Ἐνύσταξαν
2723 1901 2771 1952 οἱ
2805 1899 3192 1971 ἐπιϐεϐηκότες
3223 1904 3331 1966 τοῖς
3367 1902 3573 1968 ἵπποις.

577 1988 666 2042 15.
717 1988 797 2044 Tu
829 1992 1085 2048 terribilis
1115 2009 1197 2059 es,
1232 1994 1435 2066 etquis
1458 1997 1680 2051 resistet
1706 1994 1847 2051 tibi?

2258 1992 2346 2046 15.
2388 1992 2461 2043 Σὺ
2493 1991 2722 2062 φοϐερὸς
2748 1986 2817 2057 εἶ,
2845 1991 2939 2046 καὶ
2970 1994 3052 2056 τίς
3077 1994 3459 2066 ἀντιστήσεται
3486 2011 3601 2060 σοις

585 2078 673 2133 14.
716 2079 795 2135 Ex
827 2089 956 2136 tunc
993 2082 1074 2138 ira
1105 2093 1220 2141 tua.

2260 2081 2348 2137 14.
2374 2081 2509 2135 Ἀπὸ
2540 2082 2660 2135 τότε
2687 2084 2720 2154 ἡ
2750 2084 2885 2155 ὀργή
2922 2100 3035 2140 σου.

579 2164 665 2227 15.
711 2170 788 2228 De
811 2174 952 2230 cmlo
980 2175 1228 2232 auditum
1262 2175 1444 2235 fecisti
1478 2178 1748 2250 judicium
1781 2197 1797 2234 ε

2257 2173 2345 2228 15.
2370 2172 2470 2226 Ἐκ
2495 2173 2589 2226 τοῦ
2616 2173 2843 2246 οὐρανοῦ
2869 2175 3162 2246 ηκούτισας
3187 2177 3368 2248 κρίσιν
3384 2195 3398 2209 ·

1632 2287 2008 2344 ATHANASII
2051 2286 2633 2343 INTERPRETATIO.

576 2395 666 2452 19.
715 2397 898 2469 Regna
928 2401 1365 2458 adversariorum
1402 2412 1758 2475 potestatum.

2259 2402 2346 2458 19.
2388 2402 2511 2455 Τῶν
2541 2405 2798 2457 ἐναντίων
2828 2404 3111 2475 δυνάμεων
3147 2404 3246 2468 τὰς
3275 2403 3572 2476 βασιλείας.

573 2488 664 2545 20.
700 2491 760 2545 In
792 2507 954 2562 regno
994 2495 1282 2551 cmlorum.

2255 2493 2346 2549 20.
2372 2493 2463 2548 Ἐν
2494 2498 2560 2568 τῇ
2595 2495 2841 2568 βασιλείᾳ
2875 2496 2982 2550 τῶν
3005 2497 3270 2569 οὐρανῶν.

587 2601 652 2656 Ἦ
703 2605 1040 2677 προκειμένη
1097 2608 1378 2682 ἐπιγραφὴ
1425 2610 1669 2682 περιέχει
1702 2610 1779 2681 (1)
1801 2628 1814 2642 ’
1848 2610 1953 2675 Εἰς
2001 2604 2069 2660 τὸ
2096 2604 2295 2672 τέλος,
2324 2606 2394 2660 ἐν
2430 2609 2638 2679 ὕμνοις
2660 2628 2673 2642 ·
2719 2611 2961 2681 ψαλμὸς
2982 2608 3063 2677 τῷ
3100 2610 3459 2682 Ἀσάφ.’ῼδὴ
3488 2610 3639 2680 πρὸς
3659 2610 3756 2666 τὸν

517 2699 1047 2772 ἎσσύριονΠΑσὶιφ
1082 2702 1156 2774 (2)
1191 2704 1550 2777 ἑρμηνεύεται
1580 2704 1922 2776 συλλέγων.
1941 2702 2248 2770 Ἀσσύριος
2281 2703 2338 2757 δὲ
2362 2704 2721 2776 ἑρμηνεύεται
2746 2709 3144 2760 κατευθύνων.
3189 2706 3358 2760 Τοῦτο
3393 2705 3469 2773 (5)
3501 2705 3644 2774 λέγει
3671 2700 3752 2759 ἐπὶ

501 2792 647 2846 τέλει
685 2793 793 2847 τῶν
818 2794 1046 2861 αἰώνων,
1075 2799 1154 2861 εἰς
1189 2797 1355 2869 ὕμνον
1394 2801 1423 2853 6
1466 2800 1680 2872 ψαλμὸς
1714 2799 1930 2872 εἴρηται
1961 2797 2060 2869 (4),
2094 2797 2340 2850 τουτέστι
2365 2797 2443 2868 τῷ
2486 2800 2678 2872 Κυρίῳ
2707 2799 2848 2871 ᾠδῆς
2874 2799 3074 2872 [Ἀσάφ
3102 2799 3237 2871 ᾠδή]
3263 2816 3277 2830 ο
3306 2798 3369 2852 τὸ
3393 2799 3452 2852 δὲ
3491 2800 3642 2868 πρὸς
3659 2799 3754 2853 ter

517 2884 832 2954 Ἀσσύριον
859 2890 993 2960 πρδς
1022 2890 1112 2943 τὸν
1145 2884 1389 2947 διάϐὀλον
1412 2893 1584 2962 λέγει.

578 2979 794 3038 Titulus
823 2987 1145 3053 prmpositus
1174 2990 1457 3044 continet:
1488 2988 1558 3043 In
1597 2993 1776 3059 ﬁnem,
1811 2989 1869 3041 in
1912 2984 2185 3047 laudibus,
2219 2985 2458 3054 psalmus
2489 2986 2692 3057 Asaph,
2724 2988 2990 3040 canticum
3028 2986 3095 3040 ad
3131 2986 3426 3056 Assyrium.
3466 2984 3642 3055 Amph
3680 2985 3755 3038 in-

507 3091 835 3152 terpretatur
877 3087 1149 3158 colligens.
1196 3091 1449 3163 Assyrius
1474 3100 1655 3146 autem
1686 3092 2076 3160 interpretatur
2102 3086 2334 3155 dirigens
2377 3102 2395 3141 :
2439 3088 2543 3143 hoc
2586 3088 2721 3144 dicit
2765 3089 2818 3142 in
2860 3088 2966 3142 line
3005 3085 3354 3149 saeculorum,
3391 3084 3636 3153 psalmus
3677 3081 3751 3137 di-

505 3182 627 3229 ctus
653 3184 736 3229 est
772 3178 822 3231 in
852 3177 1062 3234 laudem
1090 3181 1293 3251 Asaph,
1327 3183 1432 3236 hoc
1456 3191 1560 3245 est,
1597 3180 1829 3236 Domino
1862 3178 2157 3263 canticum.
2188 3175 2320 3230 Illud
2348 3188 2531 3231 autem
2563 3179 2631 3232 ad
2654 3178 2929 3247 Assyrium
2957 3186 3151 3230 contra
3179 3173 3459 3229 diabolum
3478 3171 3751 3242 signiﬁcat-

578 3266 630 3320 1.
681 3266 840 3325 Visus
871 3282 954 3326 est
983 3274 1033 3327 in
1062 3273 1247 3329 Judtea
1287 3275 1458 3332 Deus.
2107 3275 2149 3331 C

2107 3275 2149 3331 C
2253 3271 2305 3326 1.
2337 3271 2585 3344 Ἑωράοη
2613 3275 2670 3326 ἐν
2700 3276 2766 3344 τῇ
2793 3272 3025 3341 Ἰουδαίᾳ
3058 3274 3086 3325 6
3121 3271 3271 3333 Θεός.

576 3358 632 3413 2.
676 3359 732 3413 In
769 3362 1081 3420 hominibus
1111 3366 1417 3423 ridentibus
1445 3384 1593 3434 cum,
1626 3367 1772 3437 quod
1802 3365 1945 3420 Deus
1972 3372 2077 3429 est,

2249 3362 2305 3417 2.
2328 3363 2419 3417 Ἐν
2436 3368 2547 3429 τοῖς
2570 3365 2794 3436 ἀνδράσι
2818 3367 2930 3428 τοῖς
2947 3362 3146 3435 ὁρῶσιν
3163 3362 3346 3427 αὐτὸν,
3371 3362 3456 3415 ὅτι
3478 3360 3594 3414 εστι
3614 3358 3752 3425 Θεὸς,

510 3464 769 3519 magnum
816 3469 1010 3509 nomen
1062 3457 1205 3526 ejus.

2185 3454 2326 3527 μέγα
2354 3457 2414 3510 τὸ
2439 3458 2608 3529 ὄνομα
2637 3456 2822 3512 αὐτοῦ.

570 3545 626 3599 5.
676 3543 730 3599 In
785 3546 1084 3605 Jerusalem
1141 3553 1288 3607 enim
1334 3564 1451 3610 erat
1500 3555 1654 3611 locus
1708 3553 1852 3624 ejus,
1901 3551 2081 3609 Salem

2253 3547 2306 3602 5.
2331 3548 2422 3602 Ἐν
2450 3551 2516 3620 τῇ
2563 3548 2917 3620 Ἰερουσαλὴμ
2940 3548 3050 3621 γὰρ
3076 3543 3144 3620 ἧν
3173 3550 3202 3601 ὁ
3228 3546 3395 3610 τόπος
3425 3542 3612 3601 αὐτοῦ.
3653 3545 3752 3598 Σο-

508 3639 651 3691 enim
682 3654 787 3707 pax
817 3639 1222 3711 interpretatur.

2181 3637 2306 3708 λὴμ
2342 3640 2418 3709 (5)
2458 3640 2565 3713 γὰρ
2589 3640 2795 3709 εἰρήνη
2826 3639 3205 3712 ἑρμηνεύεται.

577 3725 632 3782 4.
680 3726 794 3784 Illic
823 3731 965 3785 enim
999 3735 1260 3790 habitavit
1287 3736 1342 3790 in
1379 3736 1534 3793 Sion.

2251 3731 2306 3785 4.
2328 3731 2480 3786 Ἑκεῖ
2504 3733 2611 3804 γὰρ
2646 3734 2885 3805 κατῴκει
2910 3736 2967 3786 ὲν
3000 3735 3067 3804 τῇ
3097 3730 3255 3785 Σιών.

579 3820 713 3887 5,6.
769 3822 1078 3881 Cincilixus
1157 3831 1301 3883 cnim
1358 3831 1412 3884 in
1463 3828 1616 3897 Sion,
1657 3837 1711 3883 ct
1756 3827 2079 3891 Jerusalem,

2257 3822 2311 3886 5,
2334 3822 2385 3876 6.
2428 3824 2768 3895 Σταυρωθεὶς
2794 3823 2903 3896 γάρ
2937 3827 2994 3879 ἐν
3021 3827 3087 3895 τῇ
3109 3822 3249 3876 Σιὼν
3271 3823 3364 3876 καὶ
3390 3822 3469 3893 (6)
3507 3822 3751 3893 Ἰερουσα-

508 3916 764 3971 contrivit
794 3918 1151 3989 principatus,
1180 3932 1234 3976 et
1265 3922 1559 3991 potestates
1585 3922 1811 3979 diaboli.

2182 3913 2314 3985 λὴμ,
2338 3913 2523 3986 ἔτρεψε
2541 3914 2639 3980 τάς
2676 3916 2868 3988 ἀρχάς.
2889 3916 2983 3969 καὶ
2994 3916 3093 3978 τὰς
3115 3915 3365 3980 ἐξουσίας
3380 3913 3476 3968 τοῦ
3500 3910 3748 3969 διαϐόλου.

579 4004 630 4057 7.
674 4003 1065 4076 Prophetarum
1108 4012 1405 4082 scripturas
1448 4023 1504 4069 tu
1541 4013 1702 4069 nobis
1748 4009 2078 4066 mirabiliter

2257 4006 2309 4060 7.
2350 4007 2461 4071 Τάς
2491 4009 2715 4080 Γραφάς
2740 4010 2968 4081 ἡμῖν’σὺ
3000 4007 3332 4082 θαυμαστῶς
3353 4007 3642 4077 διανοίγεις
3656 4002 3750 4058 τῶν

507 4097 705 4166 aperis.

2185 4097 2499 4170 προφητῶν.

578 4188 630 4243 8.
670 4186 841 4244 Judaei
867 4190 1117 4250 dicebant
1148 4214 1161 4250 :
1194 4195 1341 4252 Unde
1360 4197 1441 4251 hic
1466 4198 1671 4252 litteras
1695 4197 1792 4252 scit
1826 4211 1946 4250 cum
1980 4207 2084 4247 non

2254 4189 2307 4245 8.
2349 4191 2412 4243 Οἱ
2441 4190 2683 4243 Ἰουδαῖοι
2717 4189 2932 4259 ἔλεγον
2966 4191 3159 4245 Πόθεν
3187 4185 3367 4256 οὗτος
3412 4188 3541 4245 οἶδε
3588 4186 3752 4260 τράμ-

508 4280 749 4334 didicerit
777 4281 855 4335 εει

2181 4292 2340 4346 ματα
2358 4277 2443 4346 μὴ
2468 4277 2853 4347 μεμαθηκώς;

578 4373 631 4425 υ.
665 4369 1049 4427 Custodientes
1075 4375 1389 4442 sepulcrum
1427 4374 1576 4432 Jesu.

2258 4368 2310 4423 9.
2352 4369 2417 4421 Οἱ
2449 4369 2742 4441 τηροῦντες
2769 4371 2861 4425 τὸν
2882 4373 3050 4443 τάφον
3073 4372 3168 4427 τοῦ
3195 4371 3392 4445 Ἰησου.

571 4462 664 4517 10.
718 4461 921 4518 Omnes
951 4464 1228 4535 principes
1244 4466 1559 4523 Iudaeorum
1590 4467 1860 4524 dederunt
1892 4484 2085 4539 argen-

2260 4460 2348 4514 10.
2392 4462 2599 4526 Πάντες
2621 4465 2669 4516 οἱ
2696 4463 2885 4535 ἄνδρες
2902 4462 3206 4535 [ἄρχοντεςῖ
3223 4464 3331 4519 τῶν
3345 4463 3618 4519 Ἰουδαίων
3633 4461 3753 4517 ἔδω·

512 4562 623 4608 tum
658 4553 944 4607 militibus.

2118 4611 2155 4627 ﬁ
2189 4571 2291 4608 καν
2320 4554 2559 4626 ἀργύρια
2593 4559 2704 4619 τοῖς
2729 4555 3102 4627 στρατιώταις.

579 4643 667 4698 1i.
715 4642 759 4696 A
809 4643 1082 4706 iussione.
2114 4611 2150 4666 θ

2114 4611 2158 4666 D
2264 4611 2511 4702 ιιξνᾸέδ
2539 4649 2639 4719 τῆς
2676 4611 2975 4713 κελεῖὗσεως
3000 4611 3097 4720 (7).

579 4735 668 4790 12.
712 4733 910 4789 Milites
943 4733 1076 4802 facti
1102 4724 1240 4786 sunt'
1264 4731 1404 4786 velut
1435 4736 1630 4789 mortui
1657 4736 1721 4791 ".

2261 4739 2349 4794 12.
2390 4742 2454 4794 Oi
2487 4741 2812 4812 στρατιῶται
2832 4741 3110 4811 ἐγένοντο
3124 4743 3267 4797 ὡσεὶ
3282 4743 3504 4812 νεκροί.

578 4827 664 4880 15.
707 4822 853 4879 Nihil
885 4825 1030 4878 enim
1061 4831 1164 4884 est,
1200 4822 1348 4892 quod
1394 4825 1669 4882 sustinere
1715 4828 1890 4897 possit
1916 4845 2078 4885 erce-

2228 4908 2232 4911 γ
2262 4833 2349 4887 15.
2398 4834 2561 4887 Οὐδὲν
2586 4834 2696 4906 γάρ
2733 4836 2848 4890 ἐστι
2871 4834 2934 4889 τὸ
2961 4835 3253 4907 δυνάμενον
3283 4835 3473 4908 φέρειν
3494 4837 3595 4909 τὴν
3609 4835 3756 4893 ἄστε-

508 4917 725 4974 dcntem
760 4916 989 4987 gloriam
1026 4924 1201 4968 tuam.

1069 4928 1201 4968 tam.
2184 4938 2313 4975 κτον
2344 4922 2500 4989 δόξαν
2526 4940 2640 4978 σου.

580 5008 667 5065 14.
703 5006 781 5062 Ex
811 5023 922 5079 quo
950 5020 1176 5077 peccare
1203 5005 1371 5076 cmpit
1404 5022 1577 5078 genus
1610 5008 1933 5067 humanum.

2258 5014 2346 5068 14.
2370 5013 2491 5084 Ἀφ’
2515 5010 2575 5070 οὗ
2592 5014 2794 5087 ἤρξατο
2811 5016 3146 5092 ἁμαρτάνειν
3161 5015 3393 5085 τὸγένος
3416 5017 3528 5072 τῶν
3554 5013 3752 5088 ἀνθρών

2186 5120 2302 5158 πων
2332 5104 2430 5174 (8).

577 5184 668 5240 15.
717 5181 762 5237 Ε
794 5185 936 5240 coelo
961 5185 1208 5240 auditum
1237 5194 1341 5246 est,
1370 5186 1513 5257 quod
1537 5185 1805 5256 judicium
1829 5198 1932 5246 est.

2257 5195 2450 5250 153E):
2464 5196 2558 5251 τοῦ
2574 5198 2804 5271 οὐρανοῦ
2817 5200 3079 5255 ἀκουστὸν
3090 5199 3328 5270 ἐγένετο,
3341 5199 3425 5256 ὃτι
3436 5199 3553 5256 ἐστὶ
3566 5197 3750 5273 κρίσις-

577 5274 624 5308 ⁸⁸
655 5272 811 5332 Joan.
844 5291 947 5344 vn,
994 5275 1077 5331 15.
1163 5276 1208 5308 "
1246 5274 1436 5334 Matth.
1495 5294 1697 5344 xxviii,
1747 5279 1802 5334 «1.

1453 5385 1769 5452 Addenda
1799 5396 1862 5453 et
1905 5393 2287 5471 corrigenda
2323 5410 2404 5455 ex
2433 5392 2575 5455 cod.
2602 5393 2809 5458 Vatic.

577 5510 627 5650 ρ
678 5510 743 5566 Ἦ
766 5510 854 5565 διά
873 5511 972 5580 τῆς
995 5510 1365 5586 κινναϐάρεως
1401 5529 1529 5585 περ.
2238 5520 2337 5593 ,(5)
2364 5520 2743 5593 Ἰερουσαλήμ,
2773 5530 2880 5577 etc.
3068 5557 3088 5569 ς

602 5511 660 5716 2}
681 5581 856 5661 Ἀσάφ
882 5582 1009 5669 γάρ,
1038 5590 1141 5638 etc.
2256 5590 2334 5660 (6)
2373 5592 2486 5645 Kal.
2507 5594 2595 5677 τῇ,
2630 5603 2760 5680 etc"
2790 5592 3088 5716 cuvézgujae:

584 5650 639 5716 (ὅ
697 5650 867 5704 Τουτο
897 5667 1012 5716 ουν,
1044 5660 1149 5707 etc.
2260 5661 2338 5716 l7)
2378 5660 2696 5716 Κελευσεωε
2724 5679 2839 5716 σου.
2867 5666 2896 5716 6
2975 5665 3061 5716 eo:

602 5579 660 5664 ἓ)
681 5581 856 5664 ’ἑσέιφ
882 5579 1009 5664 γὲρν
1038 5590 1141 5664 εμπ·
1230 5579 1241 5586 ’
1477 5579 1492 5585 ⁷

2373 5579 2486 5664 Κάῇ
2507 5594 2595 5664 τῇ,
2630 5579 2760 5664 οἱοί,
2790 5592 3094 5664 συνέτριψε.

697 5647 867 5732 ’ξοῦτο
895 5647 1149 5732 οὔῆ-θιὼ
1168 5721 1214 5732 η
1243 5722 1257 5732 ⁸
2374 5647 2696 5732 ᾕελεῦἔεώς
2724 5647 2839 5729 σου,
2867 5647 2903 5719 67
2929 5647 3066 5729 ὸεὸέ
3081 5662 3300 5719 Ἰακώϐ.

581 5719 659 5789 (4)
699 5718 922 5791 Εἴρηται
970 5721 1049 5793 τῷ
1100 5721 1428 5792 συλλέγοντι.

2257 5718 2334 5804 (8)
2374 5722 2430 5787 in
2459 5733 2578 5789 cod.
2613 5718 3058 5803 leéitur'tantum'
3082 5733 3191 5789 τῶν
3221 5718 3551 5806 ἀνθρώπων.
