3978 6204
259 289 360 346 981
1152 300 1243 357 DE
1281 302 1555 362 TITULIS
1592 306 2130 369 PSALMORUM.—
2156 314 2352 373 PSAL.
2393 317 2637 380 LXXVI.
3409 333 3515 391 962

292 505 305 519 ⁹
331 414 420 471 16.
452 414 535 526 ,Γῆ
568 417 833 492 ἐφοϐήθη,
861 424 955 477 καὶ
980 425 1277 498 ἡσύχασεν.
1312 431 1371 483 ὲν
1420 430 1496 502 τῷ
1549 433 1843 505 ἀναστῆναι

2013 437 2100 495 16.
2149 438 2319 498 Terra
2352 446 2576 503 tremuit
2599 456 2656 505 et
2683 450 2914 521 quievit,
2955 466 3081 508 eum
3112 465 3425 526 exsurgeret
3457 455 3516 512 in

257 505 341 568 εἰς
373 505 554 578 κρίσιν
581 509 670 561 τὸν
703 509 835 564 Θεόν
854 527 869 542 ·

854 527 869 542 ⁹
1939 529 2206 600 judicium
2235 534 2378 593 Deus
2406 556 2418 593 :

331 597 420 655 17.
464 598 571 652 Τοῦ
613 601 782 657 σῶσαι
818 604 1022 672 πάντας
1058 609 1183 674 τοὺς
1212 614 1409 681 πραεῖς
1437 613 1539 684 τῆς
1569 616 1693 687 γῆς.

2014 620 2101 677 17.
2150 624 2222 680 L‘t
2251 627 2431 684 salvos
2455 628 2657 686 faceret
2687 647 2878 689 omnes
2898 645 3220 691 mansuetos
3241 642 3421 691 terrae.

331 686 555 743 18.’Ὀτι
582 690 836 762 ἐνθύμιον
864 695 1150 767 ἀνθρώπου
1182 686 1637 772 ὲξομολογήσεταί
1667 721 1777 758 σοι·

2021 714 2107 770 18.
2155 716 2423 784 Quoniam
2454 723 2715 792 cogitatio
2734 725 2974 782 hominis
2993 728 3343 783 conﬁtebitur
3369 727 3467 783 liti
3491 743 3508 783 :

329 779 419 837 19.
450 783 563 836 Καὶ
593 786 1006 860 ἐγκατάλειμμα
1026 791 1281 859 ὲνθυμίου
1307 793 1624 864 ἑορτάσουσί
1659 813 1760 849 σοι.

2011 803 2096 859 l9.
2125 779 2198 861 Et
2232 810 2473 879 reliquiae
2505 779 2854 885 cogitationis
2872 779 3051 872 (die;
3068 779 3308 873 “rga-1....“
3320 779 3331 781 ἡ
3350 779 3515 890 ...ἐπὶ

1937 896 2058 953 tibi.

324 968 415 1024 20.
440 954 681 1037 Εΰξασθε
711 972 805 1025 καὶ
834 973 1058 1027 ἀπόδοτε
1092 976 1282 1047 Κυρίῳ
1308 976 1386 1061 τῷ
1418 978 1539 1050 Θεῷ
1571 980 1749 1050 ὑμῶν.

1737 1021 1749 1034 .
2004 987 2094 1043 20.
2126 987 2348 1059 Vovete,
2380 1002 2435 1048 et
2462 994 2674 1051 reddite
2703 994 2937 1051 Domino
2964 995 3077 1053 Deo
3107 1009 3308 1055 vestro.

320 1056 414 1113 21.
447 1060 655 1124 Πάντες
678 1062 727 1113 οἱ
760 1061 944 1134 κύκλῳ
967 1062 1130 1118 αὐτοῦ
1159 1056 1375 1120 οἴσουσι
1400 1067 1549 1138 δῶρα
1573 1107 1588 1131 ,

2001 1081 2088 1138 21.
2115 1082 2317 1141 Omnes
2334 1056 2433 1157 qui
2458 1088 2511 1143 in
2536 1090 2765 1145 circuitu
2792 1091 2912 1160 ejus
2933 1092 3161 1147 τίσει-ειη
3186 1108 3433 1163 munera,

328 1150 420 1208 22.
445 1150 538 1222 Τῷ
568 1152 784 1225 φοϐερῷ
838 1156 931 1209 καὶ
975 1157 1364 1229 ἀφαιρουμένῳ
1405 1161 1692 1230 πνεύματα
1723 1160 1826 1233 ἀρ-

284 1242 474 1298 ὄντων.

2003 1171 2092 1228 22.
2123 1150 2373 1230 Terribili
2403 1186 2457 1231 et
2481 1178 2749 1234 aulerenti
2785 1150 3038 1251 spiritum
3066 1184 3399 1255 principum.

248 1261 474 1315 χοντων,

316 1335 411 1391 25.
434 1335 658 1408 Φοσερῷ
682 1338 831 1410 παρά
863 1342 977 1403 τοῖς
1004 1339 1283 1411 βασιλεῦσι
1309 1341 1410 1415 τῆς
1436 1344 1561 1417 γῆς.

1387 1360 1410 1407 ς
1436 1344 1561 1417 γῆς.
1997 1353 2088 1411 23.
2125 1353 2378 1413 Terribili
2413 1361 2555 1430 apud
2595 1379 2748 1434 reges
2783 1373 2958 1421 terrm.

237 1449 346 1516 Εἰς
374 1449 441 1503 τὸ
472 1448 667 1516 τέλος,
693 1452 845 1519 ὑπὲρ
887 1451 1145 1523 Ἰδιθούμ
1167 1471 1178 1481 ·
1222 1457 1465 1525 ψωμύς
1495 1455 1576 1523 τῷ
1601 1458 1808 1529 Ἀσάφ.

1753 1477 1816 1529 φ.
2120 1467 2188 1525 In
2214 1471 2393 1542 ﬁnem,
2419 1489 2514 1542 pro
2546 1474 2781 1530 [dit/mm
2808 1495 2826 1533 :
2849 1478 3098 1535 Psalmus
3126 1480 3324 1551 Asaph.

838 1544 1070 1599 ΨΑΛΜ.
1111 1547 1255 1612 OCf'.

2433 1564 2695 1622 I’SALM.
2738 1567 2890 1623 LXX
2905 1568 2996 1625 VI.

312 1631 364 1685 1.
390 1632 545 1703 Φωνῇ
580 1649 680 1704 μου
706 1634 841 1706 πρὸς
866 1633 1066 1708 Κύριον
1093 1637 1386 1710 ἐκέκραξα,
1664 1640 1667 1643 ’

1664 1640 1667 1643 ’
1994 1652 2045 1708 1.
2076 1652 2224 1711 Voce
2252 1672 2371 1712 mea
2392 1659 2459 1713 ad
2482 1658 2771 1716 Dominum
2802 1663 3058 1731 clamavi,

308 1723 365 1777 2.
392 1725 545 1797 Φωνῇ
573 1743 673 1796 μου
704 1728 843 1800 πρὸς
877 1728 968 1782 τὸν
993 1728 1145 1794 Θεὸν,
1174 1730 1269 1784 καὶ
1303 1731 1572 1804 προσέσχε
1606 1752 1718 1807 μοι.

1630 1752 1718 1791 ιοι.
1989 1744 2045 1799 2.
2076 1744 2218 1802 Voce
2245 1763 2365 1802 mea
2395 1749 2462 1804 ad
2495 1751 2685 1819 Deum,
2712 1762 2766 1808 et
2785 1754 3017 1809 intendit
3043 1723 3201 1810 mihi.

307 1815 362 1871 3.
394 1814 485 1869 Ἐν
514 1817 696 1890 ἡμέρᾳ
717 1818 947 1888 θλίψεώς
979 1836 1081 1891 μου
1106 1820 1198 1873 τὸν
1223 1821 1356 1877 Θεὸν
1384 1823 1704 1899 ὲξεζήτησα,

1988 1834 2043 1892 3.
2074 1835 2130 1891 In
2167 1837 2256 1893 die
2288 1814 2822 1899 tribulationis-meae
2845 1842 3015 1900 Deum
3045 1844 3356 1917 exquisivi,

1355 2004 1730 2067 ATHANASII
1768 2011 2358 2077 INTERPRETATIO.

228 2171 235 2181 ’
274 2156 391 2227 ’16.
432 2173 513 2228 Τὰ
544 2173 669 2248 ἔθνη
704 2177 880 2231 πάντα
910 2180 1204 2237 ὲπαίσαντο
1221 2182 1329 2237 ἀπὸ
1351 2185 1450 2256 τῆς
1469 2185 1695 2258 καρδίας
1726 2187 1799 2260 (1)

1979 2194 2066 2250 16.
2115 2197 2316 2254 Gentes
2370 2214 2563 2256 omnes
2633 2200 2822 2258 mundi
2883 2200 3051 2257 corde
3101 2201 3499 2267 conciderunt,

227 2263 325 2319 τοῦ
356 2266 585 2338 κόσμου,
611 2270 667 2322 ἐν
691 2270 769 2341 τῷ
797 2272 887 2324 τὸν
912 2271 1044 2325 Θεὸν
1080 2274 1253 2328 ἐλθεῖν
1279 2277 1371 2330 ἐπὶ
1400 2278 1500 2349 τῆς
1531 2279 1654 2351 γῆς.

1153 2274 1253 2328 δεῖν
1279 2277 1371 2330 ἐπὶ
1400 2278 1500 2349 τῆς
1531 2279 1654 2351 γῆς.
1918 2300 2042 2341 eum
2072 2286 2212 2344 Deus
2238 2290 2384 2345 venit
2417 2289 2472 2345 in
2503 2300 2724 2346 terram.

300 2357 390 2411 17.
432 2358 567 2422 Τοὺς
583 2365 1132 2434 καταπραϋνομένους
1172 2364 1705 2445 [καταπαυομένους]
1735 2372 1813 2444 (2)

1177 2364 1705 2445 [καταπαυομένους]
1735 2372 1813 2444 (2)
1985 2377 2075 2432 17.
2116 2377 2410 2435 Cessantes
2441 2396 2473 2435 a
2502 2390 2748 2451 peccato.

224 2448 338 2503 ἀπὸ
368 2451 465 2521 τῆς
493 2452 788 2524 ἁμαρτίας.

298 2536 386 2592 18.
407 2538 576 2593 Ὅταν
592 2544 642 2595 οἱ
661 2541 909 2615 λογισμοί
938 2563 1039 2617 μου
1060 2549 1485 2621 κατηγοροῦσιν,
1508 2550 1541 2624 ἢ
1566 2553 1660 2606 καὶ
1684 2554 1794 2608 ἀπο

223 2628 529 2697 λογΟὖνται.

1982 2550 2070 2607 18.
2110 2551 2248 2608 Cum
2274 2554 2631 2626 cogitationes
2676 2570 2812 2611 mea!
2852 2555 3208 2620 accusabunt,
3254 2566 3350 2612 aut
3397 2556 3491 2611 de~

1920 2641 2154 2699 fendent.

428 2650 529 2686 ται.
1909 2650 2154 2700 tendent.

298 2719 385 2775 19.
420 2722 540 2776 Τῶν
572 2725 994 2799 ἐνδεικνυμένων
1028 2730 1095 2785 τὸ
1116 2730 1419 2803 ἔργοντοῦ
1454 2738 1645 2806 νόμου
1672 2756 1810 2808 γρα-

1985 2734 2071 2791 19.
2103 2734 2520 2791 Ostendentium
2551 2752 2681 2806 opus
2712 2735 2841 2807 legis
2869 2737 3124 2798 scriptum
3156 2736 3210 2790 in
3239 2738 3486 2794 cordibus

220 2811 455 2867 κτὸν-ὲν
470 2815 598 2882 ταῖς
610 2818 877 2886 καρδίαις
896 2820 1114 2888 αὐτῶν,
1134 2829 1681 2898 συμμαρτυρούσης
1694 2833 1791 2886 αὐ-

1738 2833 1804 2886 ὐ-
1905 2829 2039 2895 tm’s,
2072 2828 2434 2883 testimonium
2467 2829 2711 2883 reddente
2743 2828 2856 2883 illis
2882 2829 3206 2883 conscientia
3240 2829 3306 2883 '°.

220 2901 346 2969 τοῖς
362 2903 437 2974 (5)
452 2905 562 2974 τῆς
572 2910 1003 2980 συνειδήσεως.

290 2993 381 3050 20.
420 2999 486 3050 Ἃ
520 3000 921 3073 ἐπηγγείλασθε
950 3008 1009 3059 ὲν
1058 3006 1137 3079 τῷ
1187 3007 1530 3083 βαπτίσματι
1582 3011 1804 3086 πληρώ-

1970 3007 2062 3063 20.
2094 3007 2227 3076 Quae
2253 3007 2586 3079 promisistis
2612 3008 2666 3063 in
2690 3007 2965 3078 baptismo
2982 3007 3217 3063 Domino
3238 3006 3350 3062 Deo
3378 3022 3478 3065 no-

220 3103 352 3141 σατε
372 3090 562 3162 Κυρίῳ
590 3093 668 3164 τῷ
696 3095 815 3166 Θεῷ
836 3097 1018 3169 ἡμῶν.

717 3095 815 3166 Ξεῷ
836 3099 867 3169 ἡ
878 3097 1018 3168 μῶν.
1900 3109 2019 3158 stro
2047 3103 2288 3173 implete.

287 3177 378 3232 21.
411 3181 640 3251 υίᾶγιοι
672 3185 837 3239 αὑτοῦ
884 3189 1163 3258 ἀγάγωσιν
1208 3190 1358 3264 αὐτῷ
1403 3193 1476 3248 τά
1525 3194 1663 3267 ἔργα
1700 3197 1786 3268 τῆς

215 3267 584 3321 δικαιοσύνης.

1706 3197 1799 3268 τῆς
1970 3195 2060 3250 21.
2093 3193 2280 3250 Sancti
2304 3195 2424 3266 ejus
2452 3193 2679 3250 ali'erent
2705 3192 2809 3265 ipsi
2833 3208 2999 3263 opera
3024 3192 3277 3264 iustitiae.

253 3287 584 3343 ικαιοσυνης,

287 3359 378 3414 22.
415 3362 506 3433 Τῷ
535 3366 762 3438 ἰσχυρῷ,
824 3371 917 3424 καὶ
969 3372 1179 3446 δυνατῷ
1230 3374 1310 3447 τῷ
1344 3374 1419 3449 (1)
1468 3377 1794 3450 ἀφαιροῦντι

1966 3374 2057 3430 22.
2087 3372 2240 3430 Forti
2270 3381 2326 3429 et
2348 3374 2559 3443 potenti
2593 3372 2863 3429 aulerenti
2896 3374 3112 3429 animas
3141 3388 3357 3440 eorum,
3383 3372 3478 3446 qui

215 3449 316 3514 τὰς
346 3451 522 3525 ψυχὰς
551 3456 658 3511 τῶν
687 3461 745 3513 ὲν
781 3460 998 3535 ἐξουσίᾳ
1030 3465 1221 3520 ὄντων.
1614 3449 1619 3450 7

858 3479 901 3514 δυ
909 3463 998 3535 σία
1030 3465 1221 3520 ὄντων.
1614 3449 1619 3450 ί
1896 3473 2027 3523 sunt
2052 3466 2108 3520 in
2141 3472 2429 3536 potestate.

283 3543 374 3600 25.
405 3548 661 3614 Δυνατοῖς
693 3552 832 3626 ὑπὲρ
880 3557 1003 3621 τοὺς
1038 3556 1294 3628 βασιλέας
1322 3561 1397 3633 (5)
1420 3561 1520 3634 τῆς
1552 3562 1678 3634 γῆς.
1818 3542 1854 3601 C

1322 3561 1397 3633 (5)
1420 3561 1520 3634 τῆς
1552 3562 1678 3634 γῆς.
1818 3542 1862 3601 C
1963 3558 2054 3612 23.
2078 3556 2295 3613 Potenti
2325 3572 2491 3627 super
2521 3570 2680 3627 rcges
2706 3561 2884 3612 terrae.

297 3725 363 3782 Ἡ
394 3732 727 3806 προκειμένη
761 3736 1040 3810 ἐπιγραφὴ
1066 3740 1311 3812 περιέχει
1340 3742 1446 3813 (6)·
1473 3743 1577 3808 Εἰς
1595 3742 1663 3796 τὸ
1686 3744 1880 3808 τέλος,
1914 3741 2070 3809 ὑπὲρ
2115 3739 2404 3810 Ἰδιθούμ·
2438 3739 2685 3809 ψαλμὸς
2711 3736 2792 3804 τῷ
2833 3738 3046 3809 Ἀσάφο
3070 3737 3241 3793 Τοῦτο
3270 3732 3364 3793 οὖν
3386 3738 3477 3792 λέ-

213 3837 333 3891 γει·
369 3820 492 3874 Ἐπὶ
523 3824 907 3898 συντελείᾳτοῦ
932 3829 1127 3893 αἰῶνος
1154 3830 1307 3899 ὑπὲρ
1329 3830 1534 3900 κριτοῦ
1561 3832 1670 3886 τοῦ
1696 3829 2027 3901 ἐρχομένου
2057 3830 2132 3901 (7)
2157 3846 2170 3860 ⁸
2196 3829 2355 3882 τοῦτο
2380 3828 2487 3899 γὰρ
2516 3828 2877 3899 ἑρμηνεύεται
2911 3827 2973 3882 τὸ
3016 3827 3290 3900 Ἰδιθούμ.
3317 3823 3470 3881 Εἶτα·

216 3912 466 3983 Ψαλμὸς
486 3912 568 3980 τῷ
612 3915 824 3985 ’Λσὰςλ
854 3918 1102 3972 τουτέστι
1134 3919 1380 3991 ψαλμός
1407 3919 1488 3986 τῷ
1518 3921 1906 3989 συλλέγοντι.
1956 3920 2140 3988 Ἆσὰςρ
2164 3918 2275 3991 γὰρ
2308 3918 2676 3991 ἑρμηνεύεται
2719 3916 3062 3988 συλλέγων,
3106 3918 3244 3991 ὅπερ
3267 3919 3414 3971 ἐστιν
3443 3919 3476 3973 ὁ

210 4007 437 4082 Κύριος,
467 4009 497 4061 ὁ
527 4009 737 4074 πάντας
759 4011 1006 4081 συνάγων
1029 4012 1133 4085 (8).

279 4142 493 4201 Titulus
522 4145 848 4214 praepositus
876 4146 1163 4199 continet:
1197 4141 1261 4198 In
1289 4143 1472 4213 ﬁnem,
1506 4157 1603 4211 pro
1628 4139 1893 4204 lditlium,
1920 4141 2159 4211 psalmus
2191 4142 2389 4212 Asaph.
2427 4140 2545 4198 Hoc
2577 4142 2744 4213 igitur
2778 4141 3090 4214 significat:
3124 4141 3180 4198 in
3212 4157 3470 4198 consum-

207 4239 448 4293 matione
479 4239 662 4295 saeculi
692 4255 788 4308 pro
817 4237 1008 4293 Iudice
1033 4238 1371 4299 adveniente;
1406 4236 1481 4290 ita
1524 4235 1670 4289 enim
1719 4234 2108 4303 interpretatur
2153 4234 2418 4291 [dit/mm.
2451 4235 2655 4292 Deinde
2681 4256 2694 4293 :
2718 4236 2955 4307 psalmus
2992 4237 3194 4305 Asaplt,
3226 4237 3332 4292 hoc
3360 4247 3466 4303 est,

205 4330 442 4400 psalmus
476 4330 766 4402 colligenti.
799 4331 981 4401 Asaph
1006 4331 1152 4386 enim
1181 4329 1573 4398 interpretatur
1598 4325 1873 4397 colligens,
1903 4328 2083 4397 qualis
2105 4336 2192 4383 est
2221 4326 2509 4395 Dominus,
2535 4328 2630 4400 qui
2664 4345 2857 4385 omnes
2884 4335 3181 4401 congregat

278 4489 330 4545 1.
370 4489 467 4543 Ἐκ
488 4487 650 4542 πόνου
681 4488 775 4543 καί
817 4488 1046 4559 συνοχῆς
1079 4486 1177 4557 τῆς
1204 4484 1434 4557 καρδίας
1473 4499 1574 4555 μου
1621 4483 1781 4557 ἐϐόη-

1957 4485 2010 4541 1.
2042 4483 2085 4539 E
2130 4484 2337 4552 labore,
2374 4493 2430 4541 et
2475 4485 2660 4544 cordis
2699 4486 2807 4542 mei
2846 4484 3102 4555 angustia
3129 4482 3361 4540 clamavi
3394 4483 3465 4541 ad

203 4594 278 4633 σα
301 4578 438 4650 πρὸς
470 4578 662 4649 σὲ,(0).
690 4577 865 4649 Κύριε
896 4578 925 4630 ὁ
957 4577 1110 4639 Θεός.

840 4594 865 4629 ε
896 4578 925 4630 ὁ
957 4577 1110 4639 Θεός.
1888 4586 1961 4644 te,
1991 4577 2219 4634 Domine
2248 4577 2410 4636 Deus.

273 4667 330 4723 2.
365 4669 475 4724 Καὶ
511 4672 545 4741 ἠ
580 4670 736 4741 φωνή
772 4686 872 4739 μου
901 4666 1142 4739 ἠκούσθη
1188 4664 1342 4738 παρά
1379 4664 1459 4736 τῷ
1502 4664 1642 4737 Θεῷ,
1687 4666 1781 4719 καὶ

1957 4669 2013 4724 2.
2047 4668 2115 4726 Et
2143 4686 2248 4726 vox
2283 4685 2402 4725 mea
2443 4668 2627 4724 audita
2666 4674 2754 4724 est
2789 4683 2822 4723 a
2858 4665 2994 4735 Deo,
3018 4675 3076 4723 et
3108 4666 3365 4732 intendit,
3402 4672 3464 4725 ut

200 4761 497 4833 προσέσχε,
524 4762 619 4816 τοῦ
642 4761 960 4835 πληρῶσθαι
996 4761 1106 4835 (10)
1133 4759 1230 4832 τὴν
1256 4758 1446 4829 δέησίν
1476 4775 1599 4830 μου.

1256 4758 1446 4829 δέησίν
1476 4775 1599 4830 μου.
1884 4761 2134 4832 impleret
2157 4762 2593 4833 deprecationem
2620 4776 2819 4816 meam.

270 4855 329 4911 5.
375 4855 465 4910 Ἐν
494 4855 574 4927 τῷ
600 4857 778 4929 καιρῷ
806 4856 907 4927 τῆς
938 4852 1214 4927 ἁμαρτίας
1245 4868 1349 4923 μου
1378 4850 1471 4904 τὸν
1502 4848 1635 4903 Θεὸν
1672 4850 1774 4903 ἑπ-

1672 4850 1774 4903 ὲπ-
1947 4852 2000 4907 5.
2030 4850 2301 4925 Tempore
2324 4853 2533 4924 peccati
2561 4853 2669 4909 mei
2712 4852 2884 4908 Deum
2915 4852 3209 4927 exquisivi.

197 4944 464 5019 εζήτησα.
1806 4931 1852 4988 Ῑ)

264 5118 314 5152 ⁸⁸
345 5116 507 5177 Rom.
542 5135 605 5189 ιι,
635 5119 723 5177 15.

1147 5302 1454 5366 Addenda
1478 5307 1540 5365 et
1572 5300 1954 5383 corrigenda
1987 5317 2064 5363 ex
2110 5300 2252 5363 cod.
2286 5299 2489 5362 Vatic.

296 5468 350 5540 1)
368 5465 707 5524 Ἐπαῦσαντο
733 5467 841 5521 ἀπὸ
862 5466 962 5540 τῆς
990 5465 1209 5527 κακίας.
2150 5463 2235 5540 διὰ
2262 5466 2362 5540 τῆς
2388 5466 2758 5540 κινναϐάρεως
2789 5483 2912 5537 περ.

285 5534 345 5607 2)
376 5541 515 5605 Τοὺς
539 5534 1104 5610 καταπραϋνομένους,
1127 5544 1233 5591 etc.
2046 5534 2238 5610 _'I‘_:;ép
2266 5534 2360 5589 τοῦ
2389 5536 2507 5601 ἑνὸς
2531 5534 2743 5610 κριτοῦ.

260 5586 342 5681 ἰὲἱ
366 5586 980 5681 Ᾰῦἔῖὒῦῗ’“”τ””ζῗ”
1940 5586 2024 5681 (ξὶ
2045 5586 2345 5681 ξελλξιώῦἐ

283 5674 329 5735 4⁷
377 5681 463 5748 Τῷ
484 5681 665 5735 deest:
697 5692 827 5733 mox
851 5675 1068 5741 ζώντων
1097 5690 1195 5746 pro
1220 5675 1411 5730 ὄντων.

283 5686 339 5815 5)
366 5748 592 5815 Δυνατῷ
616 5748 755 5815 ὑπὲρ
782 5748 909 5811 τοὺς
937 5745 1196 5815 βασιλεῖς.

1939 5674 2026 5815 (9)
2068 5674 2354 5746 Ἐφώνησα
2394 5674 2528 5748 πρὸς
2561 5676 2640 5756 σέ.
2688 5675 2845 5758 Deest
2883 5675 3111 5747 Κύριεό
3136 5677 3305 5747 Θεός.

1964 5745 2053 5815 10)
2077 5746 2352 5815 Προσὼχε
2381 5763 2493 5815 μοι,
2516 5762 2610 5798 του
2638 5744 2949 5815 πληρωσαι.

283 5681 318 5735 4
377 5681 463 5748 Τῷ
484 5681 665 5735 deest:
697 5692 827 5733 mox
851 5681 1068 5741 ζώντων
1097 5690 1195 5746 pro
1220 5681 1411 5730 ὅντων.
1939 5681 2026 5815 (9)
2068 5681 2354 5746 Ἐφώνησα
2394 5681 2528 5748 πρὸς
2561 5681 2640 5756 σέ.
2688 5681 2845 5758 Deest
2883 5681 2949 5731 K1

256 5681 339 5826 (5)
366 5748 592 5819 Δυνατῷ
616 5748 755 5819 ὑπὲρ
782 5748 909 5811 τοὺς
937 5745 1196 5819 βασιλεῖς.
1964 5745 2053 5816 10)
2077 5746 2352 5831 Προσὼχε
2381 5763 2493 5816 μοι,
2516 5762 2610 5798 του
2638 5744 2949 5817 πληρωσαι.
