3978 6204
496 297 603 355 963
1348 286 1404 340 S.
1445 283 1815 340 ATHANASII
1851 283 2002 338 OPP.
2040 279 2218 336 PARS
2258 280 2347 335 Ill.
2386 310 2458 321 —
2484 278 2888 337 EXEGETICA.
3621 278 3722 335 984

568 410 623 463 4.
653 404 900 459 Manibus
929 403 1061 457 meis
1088 409 1244 456 nocte
1269 416 1453 456 coram
1489 414 1577 466 eo,
1605 408 1657 454 et
1684 414 1789 453 non
1816 412 1938 452 sum
1979 395 2072 452 de-
2096 403 2139 460 Α

2238 396 2294 450 4.
2330 397 2458 458 Ταῖς
2480 395 2634 467 χερσί
2671 412 2773 467 μου
2796 394 2988 458 νυκτὸς
3024 394 3264 450 ἐναντίον
3288 394 3478 461 αὐτοῦ,
3507 396 3603 450 καὶ
3627 399 3722 452 οὐκ

495 508 716 569 ceptus.

2167 486 2471 558 ἡπατήθην.

571 592 624 646 5.
652 588 849 645 Rennit
870 582 1140 641 consolari
1168 580 1348 635 anima
1382 594 1537 634 mea:

2233 580 2286 634 5.
2319 579 2654 651 Ἀπηνῄνατο
2683 577 3098 649 παρακληθῆναι
3123 580 3158 648 ή
3191 576 3335 648 ψυχή
3375 595 3478 649 μου
3501 592 3516 608 ⁸

569 683 622 737 6.
653 680 857 734 Memor
880 676 956 729 fui
983 674 1097 739 Dei,
1128 685 1182 727 et
1206 672 1505 726 delectatus
1533 684 1654 724 sum
1678 686 1692 722 ε

2236 669 2290 725 6.
2320 670 2627 741 Ἐμνήσθην
2653 668 2744 722 τοῦ
2778 668 2933 733 Θεοῦ,
2965 669 3060 722 καὶ
3090 669 3396 741 εὐφράνθην
3417 685 3432 702 ⁸

571 773 626 826 7.
657 769 998 824 Exercitatus
1031 780 1176 829 sum,
1209 774 1263 817 et
1288 760 1485 815 defecit
1513 760 1735 828 spiritus
1763 773 1934 813 meus.

2239 762 2292 819 7.
2322 762 2708 833 Ἦδολὲσχησα,
2736 763 2829 815 καὶ
2858 762 3230 834 ὠλιγοψύχησε
3260 763 3321 815 τὸ
3345 762 3563 834 πνεῦμά
3595 779 3710 834 μου.

574 865 629 920 8.
657 863 1107 930 Anticipaverunt
1128 856 1345 927 vigilias
1371 854 1515 908 oculi
1545 851 1650 905 mei
1682 869 1695 904 :

2234 852 2289 909 8.
2318 854 2789 925 Προκατελάὸοντο
2824 854 3067 923 φυλακὰς
3089 857 3139 907 οί
3169 854 3431 927 ὀφθαλμοί
3466 875 3569 928 μου
3597 873 3611 887 ⁸

571 957 623 1012 9.
656 954 925 1009 Turbatus
954 965 1099 1015 sum,
1130 957 1184 1002 et
1211 962 1321 1001 non
1352 961 1473 1001 sum
1499 943 1734 998 locutus.

2232 943 2288 1002 9.
2321 944 2680 1017 Ἐταράχθην,
2704 947 2795 999 καὶ
2821 947 2921 999 οὐκ
2948 946 3205 1017 ἐλάλησα.
3456 943 3464 951 ’

571 1048 659 1105 1θ.
691 1047 937 1118 Cogitavi
964 1045 1078 1098 dies
1106 1042 1362 1111 antiquos
1391 1058 1404 1093 :

2231 1036 2319 1090 10.
2342 1021 2732 1108 Διελογισίμην
2759 1038 2972 1109 ἡμέρας
3002 1039 3233 1110 ἀρχαίας
3254 1055 3269 1072 ⁸

570 1141 657 1195 11.
685 1138 751 1192 Ει
779 1155 952 1193 annos
983 1147 1214 1191 aeternos
1243 1135 1298 1188 in
1334 1140 1514 1187 mente
1548 1128 1731 1195 habui,
1761 1134 1816 1181 et
1843 1124 2070 1180 medita-

2052 1153 2070 1166 -
2239 1125 2325 1180 11.
2357 1125 2461 1181 Καὶ
2485 1127 2580 1198 ἐτη
2613 1126 2804 1180 αἰώνια
2837 1128 3134 1200 ἐμνήσθην,
3175 1129 3268 1184 καὶ
3293 1130 3616 1202 ἐμελέτησα.

503 1241 594 1286 tus
629 1246 750 1285 sum
776 1248 790 1283 :

574 1316 660 1373 12.
692 1315 861 1372 Nocte
889 1330 1012 1370 cum
1056 1312 1219 1369 corde
1263 1324 1384 1364 meo
1411 1306 1772 1371 exercitabar,
1804 1312 1859 1359 et
1881 1316 2070 1373 scope-

2240 1303 2324 1357 12.
2352 1304 2560 1368 Νυκτὸς
2596 1305 2732 1376 μετά
2762 1306 2861 1375 τῆς
2883 1307 3107 1379 καρδίας
3132 1324 3233 1378 μου
3265 1308 3607 1380 ὴδολέσχουν,
3627 1310 3715 1363 καὶ

500 1410 595 1464 bat
621 1408 844 1478 spiritus
870 1421 1042 1460 meus.
1169 1422 1180 1438 ο

2168 1394 2396 1448 ἐσκαλλε
2425 1396 2484 1449 τὸ
2511 1396 2725 1468 πνεῦμὰ
2750 1414 2871 1468 μου.

574 1499 660 1554 15.
696 1498 949 1567 Nunquid
976 1498 1029 1549 in
1059 1504 1320 1550 :eternum
1343 1489 1593 1561 projiciet
1625 1482 1929 1542 Dominus?

2237 1485 2325 1540 15.
2360 1489 2451 1558 Μὴ
2483 1489 2562 1550 είς
2587 1489 2711 1552 τοὺς
2737 1488 2937 1553 αἰῶνας
2960 1488 3235 1543 ἀπώσεται
3268 1489 3472 1561 Κύριος
3496 1507 3511 1556 ;

575 1586 663 1641 14.
697 1588 761 1641 Et
792 1602 902 1640 non
934 1594 1168 1655 apponet
1192 1592 1250 1637 ut
1275 1579 1652 1650 complacitior
1682 1578 1752 1632 Sit
1776 1572 1990 1629 adhuc?

1886 1572 1990 1629 uc?
2235 1578 2321 1632 14.
2352 1578 2457 1632 Καὶ
2488 1580 2549 1633 οὐ
2584 1580 2880 1652 προσθήσει
2903 1582 2996 1636 τοῦ
3023 1582 3308 1653 εὐδοκῆσαι
3335 1583 3415 1635 ἔτι
3438 1599 3452 1648 ;

575 1680 661 1733 15.
694 1679 801 1732 Aut
830 1679 885 1731 in
912 1678 1072 1730 tinem
1114 1671 1545 1729 misericordiam
1576 1683 1733 1723 suam
1765 1664 2067 1729 abscindet,
2100 1737 2129 1740 _

2240 1667 2325 1723 15.
2363 1670 2440 1739 (a)
2478 1670 2547 1722 Ἢ
2580 1671 2659 1733 εἰς
2688 1670 2840 1735 τέλος
2867 1671 2925 1725 τὸ
2948 1670 3090 1735 ἔλεος
3103 1672 3264 1725 αὐτοῦ
3289 1672 3574 1740 ἀποκόψει,
3600 1688 3714 1724 συν-

503 1774 908 1829 consummavit
951 1771 1174 1825 verbum
1206 1784 1237 1822 a
1281 1765 1631 1838 generatione
1670 1765 1726 1815 in
1768 1759 2070 1833 generatio-

1693 1777 1726 1815 n
1768 1759 2070 1833 generatio-
2098 1737 2142 1792 Β
2174 1758 2385 1813 ἐτέλεσε
2409 1737 2560 1830 ῥῆμα
2581 1761 2688 1814 ἀπὸ
2707 1763 2897 1829 γενεᾶς
2926 1764 3004 1826 εἰς
3027 1762 3218 1832 γενεάν
3248 1778 3263 1827 ;

503 1880 626 1919 nem
645 1864 667 1916 ?

575 1954 663 2006 16.
693 1948 945 2019 Nunquid
968 1946 1315 2002 obliviscetur
1342 1943 1587 1998 misereri
1618 1942 1761 1998 Deus

2239 1936 2324 1993 16.
2354 1936 2446 2008 Μὴ
2478 1937 2789 2008 ἐπιλήσεται
2820 1938 2914 1993 τοῦ
2939 1939 3278 2011 οίκτειρῆσαι
3310 1939 3339 1991 ὁ
3356 1936 3492 2019 θεός
3513 1979 3528 2003 ,

579 2043 666 2096 17.
694 2042 803 2095 Aut
829 2038 1127 2095 continebit
1155 2038 1210 2091 in
1235 2037 1315 2091 ira
1339 2050 1438 2091 sua
1468 2033 1872 2091 misericordias
1903 2034 2069 2090 suas?

2233 2028 2320 2081 17.
2354 2029 2425 2081 "H
2449 2029 2656 2095 συνέξει
2690 2032 2747 2083 ἐν
2778 2032 2842 2102 τῇ
2885 2030 3021 2101 ὀργῇ
3060 2029 3225 2083 αὑτοῦ
3260 2028 3387 2091 τοὺς
3416 2025 3719 2095 οίκτιρμοὺς

2168 2116 2335 2169 αὐτοῦ
2354 2133 2369 2183 ;

578 2235 652 2304 (α)
682 2234 835 2290 Vers.
866 2236 948 2290 15.
975 2235 1045 2287 Ἢ
1073 2235 1152 2296 εἰς
1181 2228 1620 2305 τῌέλοςᾼὰποκοψει
1650 2228 1713 2282 τὸ
1754 2228 1901 2293 ἔλεος
1927 2228 2114 2285 αὐτοῦ.

2055 2228 2114 2285 μῦ.
2155 2227 2217 2285 ν.
2252 2231 2340 2287 16.
2366 2233 2643 2297 Συνέτελε,
2673 2241 2775 2289 etc.
2806 2231 2872 2287 V.
2912 2233 3000 2288 17.
3027 2232 3120 2305 Μὴ
3149 2232 3484 2304 ἐπιλήσεται,
3522 2238 3626 2286 etc.

508 2296 686 2361 V318.
722 2308 791 2358 Ἢ
822 2305 1047 2372 συνέξει,
1069 2314 1172 2359 etc.
1202 2302 1267 2357 V.
1304 2302 1389 2356 19.
1423 2299 1528 2354 Καὶ
1547 2296 1703 2364 ἐῖπα,
1726 2308 1830 2353 etc.

1622 2452 1993 2510 ATHANASII
2028 2448 2613 2507 INTERPRETATIO.

577 2666 630 2719 4.
662 2664 835 2727 Corde
881 2677 1002 2718 meo
1046 2663 1098 2715 in
1148 2660 1365 2715 silentio
1412 2673 1536 2714 eum
1579 2658 1901 2727 deprecatus
1932 2670 2078 2718 sum,

2247 2654 2306 2708 4.
2341 2656 2419 2726 Τῇ
2467 2653 2661 2725 καρδίᾳ
2704 2670 2803 2725 μου
2838 2654 2895 2708 ἐν
2920 2654 3119 2725 ἡσυχίᾳ
3149 2653 3374 2725 ἐδεήθην
3408 2652 3596 2720 αὐτοῦ,
3643 2657 3724 2711 καὶ

504 2763 564 2812 et
593 2771 699 2809 non
732 2755 1005 2823 (deceptus
1030 2752 1162 2822 (sum
1199 2767 1231 2805 a
1258 2749 1683 2821 cogitationibus
1713 2746 2075 2802 subeuntibus

2182 2746 2280 2801 οὐκ
2308 2747 2591 2817 ἠπατήθην
2637 2746 2742 2799 ὑπὸ
2797 2746 2907 2801 τῶν
2950 2746 3224 2817 λογισμῶν
3266 2747 3374 2801 τῶν
3403 2748 3726 2820 ὑπερεχομέ-

511 2846 665 2901 mihi.

2182 2852 2285 2889 νων
2315 2834 2389 2906 (1)
2427 2853 2536 2906 μοι.

582 2938 633 2992 5.
670 2935 1066 3007 Desperavitde
1093 2950 1152 2989 se
1183 2934 1365 2988 anima
1388 2946 1507 2985 mea
1534 2934 1755 3000 propter
1786 2926 2076 2997 subingre-

2251 2925 2303 2979 5.
2345 2926 2598 2979 Ἀπεῖπεν
2622 2925 2819 2996 ἐαυτῆς
2848 2927 2881 2997 ή
2921 2925 3067 2997 ψυχή
3112 2943 3212 2997 μου
3242 2925 3330 2980 διὰ
3362 2927 3433 2981 τὰ
3486 2927 3726 2999 ὑπεισερ-

507 3030 712 3085 dientia
739 3030 794 3084 in
824 3044 965 3084 eam.

2102 3059 2149 3119 ϐ
2179 3015 2383 3085 χόμενα
2406 3016 2561 3085 αὐτῇ.

578 3120 631 3174 6.
673 3120 1055 3174 Verumtamen
1086 3115 1302 3170 Domini
1330 3115 1646 3170 recordatus
1678 3113 1893 3167 laetatus
1929 3123 2070 3164 sum.
2106 3106 2149 3119 “”

2060 3148 2070 3164 .
2106 3106 2149 3119 “”
2249 3107 2303 3162 6.
2331 3106 2522 3176 Ὅμως
2547 3106 2859 3178 εὐφράνθην
2891 3107 3149 3178 μνησθεὶς
3173 3107 3266 3162 τοῦ
3295 3110 3503 3181 Κυρίου
3537 3110 3631 3181 (2).

580 3205 633 3259 7.
665 3204 907 3276 Cogitavi
932 3217 1165 3269 mecum,
1191 3215 1310 3271 quae
1341 3194 2069 3270 ad‘mt-spectabaut,et-ad

2248 3195 2300 3248 7.
2332 3194 2701 3268 Ἐνεθυμήθην
2729 3197 2796 3250 τὰ
2840 3196 2961 3250 κατ’
3000 3198 3253 3268 ἐμαυτὸν,
3303 3201 3397 3253 καὶ⁵
3437 3203 3520 3264 εἰς
3560 3202 3721 3270 ὀλίγον

510 3296 741 3351 nihilum
778 3297 1030 3349 redactus
1058 3309 1202 3348 sum.

784 3297 1030 3349 redactus
1058 3309 1202 3348 sum.
2174 3283 2355 3361 ἦλθον.

580 3388 633 3443 8.
664 3387 987 3442 Praemunivi
1015 3393 1196 3440 mente
1226 3398 1346 3438 mea
1373 3383 1505 3438 mihi
1536 3380 1660 3452 ipsi.

2246 3384 2299 3440 8.
2344 3384 2848 3458 Προησφαλισάμην
2893 3389 2975 3466 τῇ-
3014 3387 3219 3460 διανοίᾳ
3277 3407 3377 3461 μου
3437 3388 3721 3463 [ἐμαυτῷ]

2177 3476 2353 3548 ἐαυτῷ
2386 3478 2485 3549 (5).

583 3562 634 3617 9.
665 3558 938 3615 Turbatus
967 3575 1088 3615 sum
1124 3574 1154 3614 a
1187 3556 1607 3629 cogitationibus
1640 3557 1800 3625 meis,
1846 3564 1902 3614 et
1930 3558 2075 3613 silui.

2248 3567 2301 3621 9.
2332 3567 2743 3640 Ἐταρασσὸμην
2777 3569 2882 3623 ὑπὸ
2918 3568 3026 3623 τῶν
3068 3570 3419 3643 ἐνθυμήσεών
3470 3591 3596 3644 μου,
3640 3573 3722 3628 καὶ⁵

2178 3657 2446 3729 ἡσύχασα.

579 3743 667 3798 10.
697 3741 764 3796 Et
803 3740 1034 3812 cogitavi
1083 3740 1201 3796 dies
1245 3752 1398 3794 meos
1427 3739 1754 3808 praeteritos,
1799 3738 1854 3793 in
1879 3738 2080 3809 quibus

2249 3747 2335 3801 10.
2367 3748 2478 3801 Καὶ
2506 3747 2877 3821 διελογιζόμην
2910 3766 3010 3814 τας
3060 3752 3328 3824 προτέρας
3368 3769 3470 3823 μου
3504 3753 3720 3826 ἡμέρας,

510 3833 752 3905 peccavi.

2178 3836 2235 3891 ἐν
2254 3832 2343 3902 αἷς
2373 3838 2637 3910 ἥμαρτον.

584 3923 670 3977 11.
699 3923 763 3977 Et
784 3922 839 3977 in
860 3931 1039 3978 mente
1057 3922 1226 3978 habui
1247 3923 1415 3977 vitam
1444 3928 1725 3990 aeternam,
1742 3928 1796 3977 et
1818 3927 2080 3977 aeternum

2249 3929 2336 3984 11.
2371 3931 2481 3984 Καὶ
2506 3931 2779 4005 ἐμνήσθην
2796 3934 2895 4005 τῆς
2926 3933 3144 3988 αίωνίου
3170 3935 3315 4005 ζωῆς
3348 3935 3443 3989 καὶ
3478 3936 3575 4007 τῆς
3602 3936 3724 3988 alw-

512 4015 863 4086 Supplicium.

2180 4021 2294 4075 νίου
2335 4021 2610 4088 κολάσεως
2645 4024 2742 4095 (4).

583 4107 669 4162 12.
701 4107 759 4161 In
808 4109 1024 4163 silentio
1059 4124 1284 4165 manens
1316 4107 1660 4163 conferebam
1694 4108 1809 4164 hac
1841 4108 1896 4163 in
1919 4108 2082 4164 corde

2251 4111 2338 4165 12.
2376 4114 2463 4165 Ἐν
2496 4114 2695 4187 ἡσυχίᾳ
2722 4114 2797 4170 ὣν
2823 4116 3140 4170 συνέϐαλλον
3160 4116 3331 4170 ταῦτα
3356 4118 3414 4169 ἐν
3441 4120 3509 4189 τῇ
3547 4115 3726 4188 καρδιᾳ

512 4214 655 4265 meo,
681 4209 736 4254 et
764 4202 819 4254 in
846 4201 1213 4257 sollicitudine
1242 4202 1413 4256 multa
1445 4201 1521 4256 l'ui
1544 4202 1764 4257 dicens:

2183 4219 2307 4274 μου,
2336 4204 2431 4257 καὶ
2458 4206 2515 4258 ἐν
2542 4206 2711 4274 ἀγῶνι
2742 4205 2918 4277 πολλῷ
2941 4208 3204 4279 ἐγενόμην
3225 4208 3396 4277 λέγων
3418 4226 3432 4240 ⁸

584 4293 670 4346 15.
699 4290 953 4362 Nunquid
979 4302 1241 4364 perpetuo
1266 4295 1514 4364 projiciet
1541 4311 1628 4349 me
1663 4294 1846 4350 Deus?

2256 4295 2342 4349 15.
2368 4290 2514 4367 ’Ἃρα
2548 4296 2622 4369 μὴ
2650 4297 2870 4362 τελείως
2899 4300 3190 4372 ἀπορρίψει
3213 4318 3279 4371 με
3313 4303 3343 4355 ὁ
3372 4300 3506 4367 Θεός
3530 4302 3637 4373 (5);

583 4385 671 4440 14.
709 4385 775 4438 Et
804 4400 910 4438 non
940 4387 1276 4455 permanebit
1298 4387 1556 4443 voluntas
1590 4387 1711 4456 ejus
1738 4402 1864 4458 erga
1893 4385 2014 4442 me?
2114 4413 2154 4468 Β

1817 4402 1864 4458 ga
1893 4385 2014 4442 me?
2114 4413 2159 4468 Ι)
2254 4385 2342 4441 14.
2368 4388 2479 4440 Καὶ
2509 4390 2609 4442 οὐκ
2637 4391 2884 4460 ἐπιμενεῖ
2905 4390 2998 4443 τοῦ
3036 4390 3256 4463 θελῆσαι
3292 4409 3388 4464 ps;

585 4475 673 4530 15.
703 4475 810 4529 Aut
837 4476 1060 4531 omnino
1089 4476 1516 4531 misericordiam
1553 4491 1706 4531 suam
1734 4478 2017 4533 abscindet
2047 4493 2078 4533 a

2256 4475 2343 4531 15.
2379 4479 2449 4531 Ἣ
2475 4479 2549 4550 (6)
2583 4479 2803 4544 τελείως
2835 4480 2894 4533 τὸ
2952 4479 3099 4544 ἕλεος
3136 4482 3298 4536 αὐτοῦ
3340 4483 3609 4554 ἀποκόψει
3639 4481 3722 4538 ἀπ’

515 4567 638 4623 me?

2184 4567 2318 4639 ἐμοῦ
2339 4585 2353 4633 ;

585 4658 672 4714 16.
705 4656 959 4729 Nunquid
985 4673 1149 4729 super
1176 4674 1262 4715 me
1287 4660 1521 4715 cessabit
1547 4659 1690 4717 Deus
1716 4662 2009 4718 misereri?

2254 4662 2339 4716 16.
2381 4663 2474 4734 Μὴ
2519 4664 2612 4719 ἐπὶ
2654 4665 2786 4736 ἐμοῦ
2823 4662 2931 4738 ἆρα
2977 4668 3241 4723 παύσεται
3286 4672 3316 4723 ὀ
3352 4668 3486 4732 Θεὸς
3521 4667 3614 4722 τοῦ
3659 4668 3725 4739 μὴ

2182 4755 2517 4825 οίκτειρῆσαι
2537 4773 2552 4823 ;

589 4831 674 4889 17.
704 4834 814 4888 Aut
840 4842 1063 4905 propter
1087 4835 1220 4890 iram
1248 4850 1404 4891 suam
1438 4844 1629 4893 contra
1662 4853 1751 4894 me
1777 4854 1808 4894 a
1837 4840 2075 4910 largiena

2251 4845 2339 4899 17.
2373 4848 2442 4898 "H
2464 4846 2553 4900 διὰ
2575 4848 2675 4920 τὴν
2697 4850 2865 4922 ὀργὴν
2890 4852 3054 4906 αὑτοῦ
3090 4852 3189 4925 τὴν
3236 4853 3371 4926 πρὸς
3395 4853 3497 4925 ἐμὲ
3536 4851 3726 4919 συνέξει

511 4924 599 4982 dis
628 4926 760 4982 mihi
791 4927 1235 4984 miserationibus
1260 4929 1378 4984 suis
1406 4944 1466 4985 se
1489 4930 1834 4986 continebit?

1742 4931 1834 4986 iit?
2181 4936 2316 5008 πρὸς
2347 4938 2658 5010 οίκτιρμοὺς
2683 4943 2845 4996 αὐτοῦ
2873 4943 2965 4998 τοῦ
2994 4943 3069 5017 μὴ
3099 4924 3313 5006 δοῦναινῑ

1456 5107 1764 5174 Addenda
1795 5118 1856 5172 et
1904 5114 2280 5195 corrigenda
2315 5132 2394 5178 ex
2415 5123 2553 5184 cod.
2601 5122 2799 5184 Vatic.

584 5285 663 5395 gl
698 5286 1227 5395 ξξπεισεξχοξιέέων.
1280 5359 1305 5370 _
1335 5359 1378 5395 Ω
1440 5359 1467 5372 _
1532 5376 1535 5377 ν
2169 5317 2251 5355 οτι
2281 5310 2534 5356 ευεσπισε
2564 5306 2624 5359 τὸ
2664 5306 2818 5389 ῥῆμα
2849 5308 3004 5361 τοῦτο
3029 5307 3121 5362 τοῦ
3157 5309 3313 5381 ἐλέην
3349 5310 3726 5373 ἀδιαλείπτως.

636 5390 640 5395 .
773 5374 885 5395 mm-
951 5377 1017 5395 nu
1059 5376 1089 5395 κ
1126 5377 1189 5395 hu
1215 5376 1308 5395 *ηιξ
1381 5378 1468 5395 em.
1527 5365 1616 5395 νηὶ
1654 5364 1970 5395 ...⁵..ΑΑΔ..Ω....
2172 5369 2215 5395 λγ
2270 5372 2331 5395 ιη
2390 5373 2479 5395 ιιι.
2513 5376 2595 5395 ι-ι
2640 5378 2652 5395 ι
2807 5373 2833 5395 τι
3039 5377 3051 5394 α
3305 5379 3329 5390 ~
3402 5384 3414 5395 .
3562 5381 3590 5393 .-
3712 5380 3724 5395 ι

585 5356 663 5453 $2?
691 5356 1191 5453 Jeéfsaérj‘ﬁéﬁr
1215 5359 1308 5453 “se?
1327 5359 1622 5453 ἓξξνὲρηκαι
1654 5364 1990 5437 ηὐφράνθην-
2170 5369 2233 5453 13-
2259 5356 3332 5453 ,ιτ-,Μὴξπὶζέὲέὸξ’ᾰέῑτὶὲιᾱὲὲτειῐέέξδ
3351 5356 3729 5453 xix-{gigas

585 5426 660 5561 gi
691 5425 798 5496 τὴν
825 5425 1063 5521 summa
1091 5425 1192 5499 μὸυ
1221 5431 1302 5493 εις
1324 5431 1538 5486 eam...
1674 5425 1686 5436 ·
1737 5425 1782 5434 ··
1925 5425 1937 5437 ·
2171 5425 2557 5507 956;;NQ'18.
2590 5425 2778 5500 arras
2804 5425 2927 5519 ἧς,
2952 5425 3336 5514 getae;
3370 5425 3725 5519 ἔεδῑιέὅίὲεῖτὶμ

650 5500 665 5559 )
691 5496 1021 5559 Κοιτάσεως-
2177 5513 2328 5561 μούς.
2361 5522 2487 5561 etc..
2519 5516 2671 5561 ποδί·
2696 5526 2998 5561 ηοηριςωι
3029 5519 3080 5561 in
3103 5520 3222 5561 r-mL
3256 5517 3298 5561 Ν
3342 5520 3411 5561 19
3454 5521 3564 5561 καὶ
3584 5515 3725 5561 etm-

610 5493 665 5559 4)
691 5493 1021 5559 Κόιτάσεως.
1092 5493 1104 5499 ⁷
2176 5528 2181 5579 ι

617 5562 666 5594 tu
711 5564 772 5594 οη
796 5565 999 5594 πη--
2112 5587 2117 5594 .

2176 5493 2335 5594 ..σιξ
2358 5493 2494 5594 ea;
2510 5493 2671 5583 apd;
2696 5493 2803 5594 3.1..
2819 5493 3089 5594 alter};
3103 5493 3724 5594 etati'li'ia'zig-

590 5562 666 5633 (ξ)
682 5564 772 5633 _'_O
796 5565 1017 5633 Κύριος.

590 5582 666 5627 (0)
730 5582 1017 5633 unuptog.
2112 5587 2117 5594 '

587 5629 660 5698 (6)
682 5629 748 5686 Ν.
780 5633 865 5689 15.
912 5633 1031 5688 ,Ἀπ’
1103 5637 1234 5708 ἐμοῦ
1276 5638 1442 5707 λέγει.
1496 5637 1560 5694 Ν.
1599 5640 1685 5696 16.
1735 5638 1879 5711 Ἐγὼ
1931 5639 2068 5711 οἴδα,

1844 5638 1858 5659 ε
2112 5587 2117 5594 ’
2171 5582 2322 5637 deest
2350 5582 2569 5650 Κύριε..
2602 5601 2723 5640 mox
2754 5586 2895 5650 ἵλεος
2919 5604 3008 5656 μοι
3034 5588 3212 5657 γενοῦ.

1641 5640 1685 5696 5.
1735 5641 1879 5711 Ἐγω
1931 5639 2068 5711 οἴδα,
