3978 6204
375 310 486 370 965
1256 309 1342 365 DE
1381 307 1654 365 TITULIS
1684 307 2125 365 PSALMORUM.
2160 341 2218 350 --
2248 310 2440 368 PSAL.
2484 310 2718 366 LXXVI.
3497 304 3605 359 966

448 431 535 487 18.
573 429 676 483 Καὶ
704 426 828 483 εἶπα
861 446 874 461 ο
911 429 1023 483 Νῦν
1044 427 1295 500 ἠρξάμην
1323 445 1337 459 ⁸
1963 441 2012 492 Α

1323 445 1337 459 ·
1963 441 2012 492 Α
2109 429 2194 484 18.
2228 429 2286 484 ΕΙ
2324 431 2434 484 dixi
2463 450 2476 486 :
2513 430 2670 485 Nunc
2697 430 2835 500 cwpi
2867 449 2878 482 :

451 523 538 577 19.
573 521 720 592 Αὕτη
741 524 774 592 ἡ
801 522 1080 583 ἀλλοίωσις
1109 523 1208 592 τῆς
1240 521 1417 585 δεξιᾶς
1445 522 1538 574 τοῦ
1579 521 1855 591 Ὑψίστου.

1673 522 1855 576 ιίστου.
2110 521 2195 574 19.
2221 520 2342 592 Haec
2371 523 2602 576 mutatio
2629 523 2867 578 dexterae
2895 520 3126 575 Excelsi.
3230 541 3244 554 -

445 612 538 666 20.
568 590 874 682 Ἐμνήσοην
898 611 1006 664 τῶν
1031 590 1203 682 ἔργων
1224 610 1422 682 Κυρίου
1447 628 1461 641 ·
1660 590 1666 591 ⁷

1660 590 1666 591 ⁷
2104 613 2194 667 20.
2230 590 2434 668 Μὲηιοι·
2464 612 2539 667 fui
2570 629 2792 682 operum
2829 612 3078 665 Domini:

446 704 538 758 21.
570 705 687 756 Ὀτι
717 702 1092 774 μνησθήσομαι
1125 702 1230 754 ἀπὸ
1257 703 1356 770 τῆς
1393 705 1563 775 ἀρχῆς
1591 703 1696 756 τῶν
1730 703 1938 774 Θαυμα-

2105 704 2196 757 21.
2225 703 2362 770 Quia
2382 719 2586 760 memor
2611 719 2705 758 ero
2723 703 2960 759 abinitio
2991 701 3318 756 mirabilium
3349 709 3589 755 tuorum.

378 793 510 848 crle
539 808 654 846 σουο

445 884 533 938 22.
570 882 674 935 Kal.
704 881 984 952 μελετήσω
1028 883 1086 934 ὲν
1120 883 1254 934 πᾶσι
1282 884 1396 944 τοῖς
1423 882 1600 953 ἔργοις
1633 899 1725 935 σου
1745 899 1759 912 ·

2105 882 2195 935 22.
2226 881 2293 935 Et
2332 881 2634 936 meditabor
2662 881 2717 934 in
2751 879 3004 934 omnibus
3032 878 3287 947 operibus
3321 877 3457 933 luis:

446 975 536 1026 25.
564 973 672 1025 Καὶ
701 976 759 1024 ἐν
779 975 889 1034 τοῖς
912 972 1310 1042 ἐπιτηδεύμασί
1347 989 1440 1024 σου
1467 973 1827 1043 ἁδολεσχὴσω.

1784 991 1827 1026 ι).
2107 973 2195 1027 25.
2227 972 2292 1026 Et
2318 973 2369 1025 in
2406 972 2883 1026 adinvcntionibus
2912 970 3019 1025 tuis
3044 969 3355 1024 exercebor.

441 1065 530 1118 24.
578 1064 632 1116 '0
665 1063 816 1127 Θεὸς,
853 1065 909 1115 ἐν
941 1063 1016 1133 τῷ
1052 1064 1188 1133 ἁγίῳ
1223 1065 1255 1131 ἡ
1283 1064 1398 1126 ὁδός
1429 1081 1521 1115 σου
1549 1081 1562 1092 ·

1429 1081 1521 1115 σου
1549 1081 1562 1092 ·
2106 1064 2195 1114 2t.
2227 1063 2386 1126 Deus.
2423 1063 2476 1115 in
2505 1071 2694 1116 sancto
2729 1061 2814 1114 via
2845 1069 2935 1114 tua
2966 1077 2978 1114 :

446 1155 535 1208 25.
566 1154 661 1216 Τίς
684 1153 815 1216 Θεὸς
843 1154 1012 1226 μέγας
1041 1154 1113 1216 ὡς
1141 1156 1169 1206 6
1195 1154 1324 1217 Θεὸς
1352 1154 1539 1224 ὴμῶν;

2110 1152 2198 1205 25.
2235 1152 2368 1218 Quis
2394 1152 2534 1207 Deus
2562 1167 2792 1222 magnus
2814 1151 2954 1206 sicut
2976 1151 3118 1206 Deus
3143 1150 3361 1207 noster?

441 1245 530 1299 26.
557 1246 628 1298 Σὺ
647 1241 697 1297 εἶ
718 1245 745 1296 6
767 1244 898 1308 Θεὸς
923 1247 950 1297 ὀ
984 1243 1144 1297 ποιῶν
1181 1243 1480 1314 Θαυμάσια.

2107 1241 2195 1294 26.
2231 1241 2309 1294 Tu
2335 1257 2395 1295 es
2419 1241 2578 1306 Deus,
2604 1241 2696 1310 qui
2731 1240 2862 1296 facis
2895 1240 3192 1295 mirabilia:

445 1337 532 1390 27.
565 1333 893 1404 Ἑγνώρισας
925 1337 982 1387 ὲν
1010 1338 1120 1398 τοῖς
1150 1334 1297 1396 λαοῖς
1321 1334 1418 1405 τὴν
1447 1334 1674 1404 δύναμίν
1710 1351 1802 1386 σου
1829 1351 1841 1363 ·

2105 1334 2193 1386 27.
2221 1332 2412 1388 Notam
2443 1333 2619 1390 fecisti
2652 1334 2704 1386 in
2733 1333 2945 1402 populis
2973 1333 3222 1387 virtutem
3263 1339 3455 1387 tuam:

443 1427 535 1481 28.
568 1425 886 1496 Ἐλυτρὼσω
912 1427 968 1476 ὲν
993 1424 1068 1495 τῷ
1099 1425 1340 1496 βραχίονί
1364 1443 1455 1478 σου
1484 1425 1574 1478 τὸν
1597 1424 1723 1477 λαόν
1748 1442 1863 1486 σου,

2105 1425 2195 1479 28.
2235 1427 2526 1482 l'ledemisti
2560 1428 2611 1480 in
2632 1426 2856 1480 brachio
2880 1433 2974 1479 tuo
2998 1425 3255 1495 populum
3281 1434 3456 1490 tuum,

445 1519 532 1572 29.
565 1519 700 1580 Τοὺς
733 1518 882 1579 υἱοὺς
918 1516 1110 1569 Ἰακὼϐ
1145 1519 1236 1570 καὶ
1269 1518 1489 1588 Ἰωσήφ.

1363 1518 1489 1588 σήφ.
2106 1518 2194 1570 29.
2226 1518 2394 1573 Filios
2423 1517 2592 1572 Jacob
2626 1527 2682 1572 et
2713 1515 2934 1585 Joseph.

447 1609 534 1664 50.
568 1609 792 1663 Εἴδοσάν
816 1626 874 1660 σε
907 1608 1093 1674 ὕδατα,
1120 1611 1147 1661 6
1171 1608 1301 1671 Θεός
1325 1627 1336 1639 ·

2107 1611 2194 1664 50.
2223 1611 2484 1666 Viderunt
2506 1618 2558 1665 te
2586 1626 2758 1680 aquae,
2787 1607 2963 1664 Deus:

445 1701 532 1754 51.
559 1701 781 1753 Εἴδοσὰν
807 1716 866 1752 σε
895 1699 1083 1760 ὕδατα,
1118 1700 1208 1752 καὶ
1233 1699 1599 1771 ἐφοϐήθησαν.
1974 1765 2003 1771 Α

1974 1765 2003 1771 Α
2110 1700 2197 1753 51.
2231 1701 2494 1755 Viderunt
2523 1710 2574 1754 te
2604 1716 2758 1770 aqua:
2784 1709 2838 1753 et
2861 1700 3176 1752 timuerunt.

445 1791 532 1845 52.
579 1791 980 1862 Ἐταράχθησαν
1003 1790 1247 1855 ἄϐυσσοι,
1273 1765 1475 1861 ᾖλῆδος
1498 1790 1662 1861 ἠχοῦς
1707 1789 1936 1843 ὑδάτωνλ
1972 1765 2011 1819 Β

2112 1790 2199 1844 52.
2227 1790 2449 1846 Turbati
2481 1799 2608 1846 sunt
2636 1765 2836 1861 abyssi,
2864 1788 3152 1843 multitudo
3189 1788 3404 1843 sonitus
3427 1801 3599 1858 aqua-

2045 1897 2164 1937 rum
2193 1899 2206 1935 :
3275 1875 3299 1899 '

444 1965 532 2018 55.
566 1965 749 2034 Φωνὴν
780 1965 982 2018 ἔδωκαν
1016 1966 1071 2018 αἱ
1103 1965 1342 2034 νεφέλαι,

2113 1974 2200 2026 55.
2239 1969 2432 2024 Vocem
2457 1968 2720 2024 dederunt
2743 1969 2935 2034 nubes,

446 2055 532 2109 54.
568 2056 676 2107 Καὶ
711 2055 816 2126 γὰρ
848 2057 915 2108 τὰ
945 2056 1070 2126 βέλη
1111 2073 1202 2108 σου
1229 2055 1659 2128 διαπορεύονται·

1588 2074 1659 2110 αι·
2114 2064 2201 2118 54.
2229 2062 2439 2116 Etenim
2471 2061 2678 2131 sagitta:
2703 2067 2810 2114 tuae
2836 2068 3120 2116 transeunt
3146 2078 3159 2114 :

445 2150 532 2202 55.
567 2151 717 2222 Φωνὴ
750 2153 844 2222 τῆς
869 2151 1092 2223 βροντῆς
1127 2169 1218 2204 σου
1243 2153 1299 2203 ὲν
1334 2151 1410 2221 τῷ
1433 2151 1631 2222 τροχῷ.

1400 2151 1631 2222 ιτροχῷ.
2113 2155 2202 2208 55.
2235 2152 2353 2207 Vox
2383 2151 2607 2206 tOnitrui
2634 2151 2712 2206 ιιιὶ
2745 2150 2800 2205 in
2831 2160 2971 2207 rota.

1490 2267 1862 2323 ATHANASII
1903 2267 2485 2353 lNTERPIlETATlO.

448 2379 534 2432 18.
562 2379 669 2430 Καὶ
691 2373 816 2430 εἶπα
835 2395 850 2410 ο
889 2379 1080 2450 Κύριε,
1105 2379 1180 2442 ὡς
1209 2377 1302 2432 νῦν
1337 2377 1639 2448 ἀρξαμένου
1682 2396 1782 2448 μου
1809 2379 1932 2432 κολ-

2114 2382 2197 2437 18.
2239 2381 2304 2435 Et
2353 2381 2503 2435 dixi:
2539 2379 2788 2443 Domine,
2819 2378 2985 2433 veluti
3015 2392 3159 2432 nunc
3191 2375 3480 2446 incipiente
3513 2389 3598 2429 me

375 2469 574 2524 λᾶσθαί
611 2487 714 2530 σοι,
744 2468 889 2531 ἔλεός
924 2487 1021 2539 μου
1044 2467 1220 2538 γενοῦ.

2026 2474 2311 2528 adhaerere
2343 2473 2600 2537 tibi,esto
2631 2469 3006 2524 misericordia
3039 2484 3179 2522 mea.

444 2562 530 2615 19.
558 2560 662 2613 Καὶ
687 2562 747 2613 τὸ
779 2560 949 2623 οὕτως
977 2560 1372 2631 μεταϐληθῆναι
1405 2576 1470 2631 με
1495 2560 1602 2612 ἀπὸ
1629 2560 1726 2629 τῆς
1761 2560 1936 2631 ἁμαρ-

2111 2567 2197 2620 19.
2227 2565 2294 2619 Et
2340 2567 2414 2618 ita
2459 2579 2546 2617 me
2597 2562 2884 2618 transferri
2933 2577 2962 2616 a
3008 2572 3228 2636 peccato
3266 2559 3320 2613 in
3345 2558 3596 2612 timorem

376 2654 498 2717 τίας
527 2656 605 2717 εἰς
630 2653 718 2705 τὸν
746 2653 905 2722 φόϐον
935 2669 1025 2705 σου
1050 2654 1147 2722 τῆς
1175 2653 1394 2722 χάριτός
1421 2651 1512 2704 σού
1538 2653 1707 2704 ἐστιν.

1127 2670 1147 2715 ς
1175 2653 1394 2722 χάριτός
1421 2651 1512 2704 σού
1538 2653 1707 2704 ἐστιν.
2039 2662 2213 2719 tuum,
2248 2653 2435 2724 gratia:
2460 2661 2566 2706 tua:
2597 2661 2698 2706 est.

461 2745 550 2800 20.
583 2746 692 2798 Kal.
723 2743 908 2796 λοιπὸν
939 2747 996 2796 ὲν
1035 2743 1110 2813 νῷ
1141 2742 1326 2797 ἔλαϐον
1375 2743 1427 2795 τί
1472 2745 1586 2796 ὲστι
1639 2743 1700 2795 τὸ
1751 2741 1942 2813 εὐάρε-

2105 2745 2194 2800 20.
2224 2744 2288 2799 Et
2313 2746 2528 2798 demum
2552 2743 2608 2796 in
2634 2748 2814 2797 mente
2834 2739 3038 2810 accepi,
3061 2739 3208 2810 quod
3237 2747 3320 2794 est
3348 2738 3596 2809 benepla-

380 2855 499 2890 στον
520 2836 593 2906 (1)
622 2836 698 2906 τῷ
725 2837 936 2906 Κυρίῳ.

879 2854 936 2905 [ρ.
2036 2853 2165 2893 cens
2198 2835 2450 2889 Domino.

447 2928 536 2981 21.
572 2929 695 2980 Ὅτι
732 2926 792 2991 ἐξ
828 2928 1001 2999 ἀρχῆς
1060 2927 1438 3000 μνησθήσομαι
1481 2926 1589 2980 τῶν
1630 2926 1934 2998 δικαιωμά-

2101 2929 2192 2983 21.
2223 2926 2490 2994 Quoniam
2516 2924 2584 2978 ab
2607 2922 2768 2978 initio
2795 2934 3004 2976 memor
3025 2933 3121 2974 ero
3144 2919 3597 2990 justiﬁcationum

376 3035 484 3070 των
509 3034 599 3069 σου
608 3056 622 3068 .

2035 3028 2275 3075 tuarum.

447 3108 535 3161 22.
572 3109 679 3160 Καὶ
707 3108 946 3179 ἐπιμενῶ
973 3110 1137 3161 πᾶσιν
1167 3108 1369 3172 αὐτοῖς.
1963 3091 2006 3146 C

1963 3091 2006 3146 δ
2106 3111 2196 3165 22.
2227 3108 2293 3162 Et
2320 3107 2376 3162 in
2409 3105 2665 3161 omnibus
2686 3103 2816 3170 ipsis
2840 3101 3184 3172 permanebo.

445 3200 532 3253 25.
564 3200 671 3252 Καὶ
696 3202 752 3253 ὲν
779 3202 889 3262 τοῖς
905 3200 1084 3271 ἔργοις
1106 3201 1201 3264 τῆς
1219 3200 1564 3264 δικαιοσύνης
1591 3217 1682 3254 σου
1701 3207 1940 3272 τερφυη-

1845 3207 1940 3272 υη-
2106 3201 2197 3259 25.
2234 3199 2301 3253 Ει
2332 3197 2643 3254 delectahor
2673 3197 2724 3249 in
2757 3194 3012 3264 operibus
3035 3193 3264 3264 iustitia:
3289 3201 3416 3248 tuae.

379 3309 560 3361 σομαι.

446 3381 536 3434 24.
577 3382 633 3434 ’0
667 3382 818 3446 Θεὸς,
849 3384 906 3434 ἐν
935 3381 1010 3453 τῷ
1039 3380 1153 3452 Υἱῷ
1181 3399 1274 3435 σου
1305 3384 1338 3452 ἡ
1361 3381 1544 3445 πίστις
1578 3398 1690 3434 σου.

1500 3399 1544 3445 ις
1578 3398 1690 3434 σου.
2106 3378 2197 3433 24.
2228 3377 2389 3440 Deus,
2428 3375 2481 3428 in
2511 3373 2646 3428 Filio
2674 3378 2770 3426 tuo
2794 3371 2927 3426 ﬁdes
2953 3379 3071 3424 tua.

446 3472 534 3525 25.
562 3474 695 3544 Περὶ
720 3468 778 3527 οὗ
819 3473 1028 3536 Παῦλος
1056 3472 1158 3542 ἔφη
1187 3491 1200 3502 ·
1240 3473 1350 3526 Τοῦ
1379 3471 1644 3542 μεγάλου
1671 3474 1816 3526 Θεου
1842 3489 1938 3525 και

2104 3470 2196 3525 25.
2229 3469 2303 3523 De
2329 3483 2438 3539 quo
2468 3465 2672 3520 Paulus
2704 3464 2917 3518 dicebat
2945 3481 2958 3516 :
2992 3460 3174 3532 Magni
3209 3459 3306 3514 Dei
3331 3468 3382 3514 et
3410 3457 3587 3514 Salva-

376 3564 650 3633 Σωτῆρος
681 3565 848 3633 ἡμῶν
889 3565 1088 3632 Ἰησοῦ
1128 3565 1407 3632 Χριστοῦ,
1433 3564 1538 3618 τοῦ
1566 3564 1775 3630 δόντος
1802 3565 1939 3620 ἑαυ-

2041 3565 2169 3617 toris
2198 3562 2365 3617 nostri
2391 3559 2520 3614 Iesu
2567 3559 2792 3622 Christi,
2830 3557 2919 3627 qui
2955 3554 3098 3609 dedit
3143 3555 3369 3624 seipsum
3398 3553 3589 3608 redem-

380 3655 494 3710 τὸν
518 3657 872 3725 ἀντίλυτρον
893 3657 1046 3726 ὑπὲρ
1078 3656 1335 3711 πάντων.

1164 3675 1335 3711 rubr.
2036 3656 2264 3724 ptionem
2288 3670 2382 3722 pro
2406 3652 2643 3706 omnibus
2670 3652 2735 3702 9‘.

446 3745 538 3800 26.
572 3746 643 3798 Σὺ
671 3741 720 3798 εἶ
744 3749 772 3799 6
796 3748 927 3812 Θεὸς
978 3750 1005 3800 6
1049 3748 1338 3818 ἰασάμενος
1371 3748 1428 3800 ἐν
1463 3746 1539 3816 (2)
1571 3750 1636 3817 τῇ
1674 3748 1943 3820 παρουσίᾳ

2111 3745 2201 3798 26.
2239 3743 2320 3797 Tu
2356 3758 2415 3797 cs
2443 3742 2608 3805 Deus,
2637 3742 2728 3810 qui
2777 3739 2981 3794 sanasti
3015 3739 3069 3792 in
3095 3738 3326 3791 adventu
3366 3741 3462 3790 tuo
3487 3751 3574 3790 om

379 3855 472 3890 σου
511 3837 714 3903 πάντας
745 3841 869 3903 τοὺς
898 3838 1531 3909 καταδυναστευομένους
1559 3839 1663 3892 ὑπὸ
1697 3839 1790 3892 τοῦ
1823 3841 1941 3893 δια-

1647 3842 1663 3892 5
1697 3839 1790 3892 τοῦ
1823 3841 1941 3893 δια-
2042 3851 2137 3891 nes
2155 3836 2258 3905 qui
2287 3842 2441 3890 erant
2468 3834 2571 3888 sub
2593 3830 2962 3886 dominatione
2996 3827 3218 3882 diaboli.

380 3930 536 3982 ϐόλου
547 3971 560 3983 .

443 4021 534 4075 27.
581 4024 957 4094 Ἐφανέρωσας
981 4025 1090 4086 τοῖς
1120 4020 1424 4093 ἀνθρώποις
1455 4024 1544 4077 τὸν
1572 4023 1805 4095 Χριστόν
1825 4041 1937 4080 σου.

1871 4041 1937 4080 iu,
2105 4011 2199 4068 27.
2229 4009 2587 4066 Manifestasti
2614 4006 2892 4062 Christum
2928 4012 3082 4058 tuum
3113 3999 3442 4057 hominibus.

445 4109 535 4163 28.
569 4111 656 4163 Ἐν
685 4111 832 4181 αὐτῷ
870 4111 948 4180 τῷ
977 4109 1092 4181 Υἱῷ
1123 4126 1240 4162 σου.

1176 4127 1240 4162 νυ.
2109 4105 2201 4158 28.
2238 4101 2293 4156 In
2326 4103 2444 4171 ipso
2473 4099 2610 4153 Filio
2630 4104 2747 4152 tuo.

437 4199 527 4253 29.
565 4201 698 4263 Τοὺς
729 4201 836 4254 τῶν
894 4180 1154 4254 Ἰουδαίων
1188 4200 1280 4254 καὶ
1331 4199 1440 4254 τῶν
1487 4199 1679 4253 ἐθνῶν.
1719 4199 1941 4268 Ἰωσὴφ

2109 4196 2200 4250 29.
2231 4193 2446 4248 Judaeos
2483 4204 2536 4245 et
2574 4195 2782 4260 gentes.
2823 4185 3015 4255 Joseph
3043 4182 3190 4239 enim
3218 4180 3595 4250 interpretatus

369 4293 483 4362 γὰρ
538 4291 896 4361 ἑρμηνεύεται
954 4291 1190 4344 όνείδου
1252 4289 1558 4362 [ὀνείδους]
1603 4291 1938 4359 ἀφαίρεσις,

1614 4291 1938 4359 ἀφαίρεσις,
2039 4285 2238 4342 ablatio
2266 4283 2552 4354 opprobrii,
2579 4280 2769 4352 quales
2798 4287 2954 4333 erant
2979 4283 3185 4347 gentes.

369 4383 511 4454 ὅπερ
537 4383 643 4434 εἰσὶ
671 4381 738 4434 τὰ
770 4384 846 4452 (5)
873 4382 1049 4453 ἔθνη.’

443 4426 532 4528 50.
559 4426 903 4542 Ἑπὲγνωέάν
935 4426 999 4527 σε
1025 4475 1075 4528 οἱ
1102 4474 1376 4545 δαίμονες.
1963 4426 2013 4486 D

2005 4434 2013 4477 ’
2110 4461 2199 4517 50.
2229 4459 2614 4531 Cognoverunt
2638 4465 2692 4511 te
2719 4455 3013 4510 daemones.
3532 4534 3544 4547 .

440 4562 530 4616 51.
569 4534 791 4631 "Eia-70v
817 4563 922 4633 γὰρ
948 4565 996 4617 οἱ
1013 4534 1263 4634 δαίμονες
1286 4580 1298 4592 ·
1337 4534 1395 4614 Τί
1421 4576 1517 4614 σοι
1551 4560 1569 4632 [
1598 4561 1700 4614 Ἔα
1732 4561 1782 4614 τί
1805 4563 1935 4632 ἡμῖν

2111 4553 2200 4606 51.
2229 4551 2490 4606 Dicebant
2523 4549 2668 4608 enim
2709 4547 2982 4601 daemones
3008 4561 3021 4596 :
3047 4539 3188 4608 Quid
3234 4537 3380 4592 nobis
3408 4544 3457 4590 et
3483 4534 3599 4600 tibi,

367 4653 465 4706 καὶ
490 4654 590 4708 σοί.
625 4663 728 4708 etc.
751 4654 770 4726 ]
800 4655 1012 4724 όᾶγιος
1040 4654 1143 4708 τοῦ
1167 4652 1312 4707 Θεοῦ
1334 4653 1444 4723 (4);

1077 4654 1143 4708 οῦ
1167 4652 1312 4707 Θεοῦ
1334 4653 1407 4723 (4)
1429 4669 1444 4717 ;
2043 4656 2170 4708 etc.,
2196 4643 2420 4698 Sanctus
2449 4642 2542 4695 Dei
2562 4641 2648 4693 9’?

439 4745 528 4798 52.
557 4723 823 4816 Ἔκραξον
857 4745 962 4816 γὰρ
980 4746 1108 4798 αὐτό
1127 4745 1202 4816 (5)
1236 4743 1414 4818 [τοῦτο
1442 4743 1598 4815 αὐτό]
1619 4761 1632 4774 ·
1676 4744 1933 4812 Δεόμεθά

2111 4738 2199 4791 52.
2235 4736 2622 4789 Clamavcrunt
2659 4731 2804 4785 enim
2853 4729 2958 4784 hoc
2998 4728 3217 4798 ipsum:
3257 4723 3598 4779 Obsecramus

364 4853 507 4900 σου,
533 4837 616 4906 μὴ
639 4811 987 4906 ,ϐασανίσῂς
1019 4811 1193 4906 ἡμᾶΙςλ
1230 4811 1288 4890 τὸ
1318 4834 1516 4908 πλῆθος
1551 4811 1643 4889 τοῦ
1670 4811 1932 4903 λεγεῶνος

2041 4834 2088 4879 te
2123 4841 2183 4878 ne
2209 4834 2447 4893 torqueas
2478 4837 2569 4876 nos
2591 4821 2670 4874 ἰε
2700 4818 2992 4874 multitudo
3018 4814 3248 4886 legionis
3271 4811 3600 4869 descendens

361 4927 428 4979 τὸ
471 4929 551 4989 εἰς
573 4928 671 4998 τὴν
707 4927 938 4981 ἄϐυσσον
960 4926 1210 4982 ἀπελθόν.

828 4944 938 4981 ισον
960 4926 1210 4982 ἀπελθόν.
2043 4919 2094 4972 in
2117 4920 2399 4986 abyssum.

438 5017 526 5070 55.
561 5019 621 5070 Οἱ
644 5019 913 5088 προφῆται
935 5016 1388 5088 προανεφώνησαν
1417 5017 1544 5086 περὶ
1573 5012 1754 5068 αὑτοῦ.

1712 5012 1754 5068 3.
2105 5011 2194 5063 55.
2223 5007 2504 5076 Propheta:
2531 5003 3029 5074 prwnuntiaverunt
3058 4998 3126 5054 de
3147 4999 3283 5068 ipso.

439 5111 528 5164 54.
559 5112 638 5163 Τὰ
663 5111 818 5178 λόγιά
852 5128 944 5163 σου
971 5109 1336 5178 ὴκούσθησαν.

2102 5099 2190 5152 54.
2227 5096 2452 5164 Eloquia
2483 5103 2575 5148 tua
2603 5093 2789 5147 audita
2822 5097 2966 5146 sunt.

436 5202 526 5256 55.
559 5202 632 5255 Τὸ
657 5201 916 5273 κήρυγμά
938 5217 1030 5253 σου
1059 5201 1117 5252 ὲν
1153 5200 1229 5270 τῷ
1255 5199 1464 5270 κόσμῳ.

1436 5219 1464 5253 ι.
2111 5189 2200 5244 55.
2231 5187 2551 5242 Praedicatio
2577 5195 2669 5241 tua
2697 5185 2752 5237 in
2784 5183 3007 5237 mundo.

433 5335 474 5364 9‘
513 5331 619 5387 Tit.
645 5349 706 5395 ιι,
735 5332 831 5398 15;
866 5329 887 5383 Ι
928 5329 1067 5383 Tim.
1097 5344 1157 5395 ιι,
1201 5328 1252 5382 6.
1330 5330 1374 5360 ⁹²
1409 5327 1598 5381 Matth.
1623 5342 1738 5392 vnt,
1774 5325 1883 5392 29;
1953 5323 1998 5376 Μ

2023 5338 2116 5377 irc.
2155 5338 2192 5389 ι,
2225 5316 2501 5384 24;‘Luc.
2538 5333 2613 5383 ιν,
2644 5315 2734 5371 54.
2775 5313 3002 5367 "Marc.
3029 5327 3082 5375 ν,
3119 5308 3335 5375 7;Luc.
3367 5307 3594 5390 “11,28.

1307 5435 1610 5496 Addenda
1638 5445 1698 5496 et
1730 5433 2107 5512 corrigenda
2142 5449 2220 5492 ex
2247 5430 2388 5492 cod.
2421 5428 2624 5490 Vatic.

433 5545 508 5613 (vl)
544 5543 812 5614 Ἀρεστὸν.
2286 5532 2562 5611 δαίμονες·
2589 5529 2822 5598 Οἴδαμεν
2845 5543 2926 5591 σε,
2951 5525 3034 5586 τίς
3061 5519 3111 5576 εἷ
3131 5523 3282 5592 ἆγιος
3301 5520 3397 5575 τοῦ¹
3437 5521 3595 5576 Θεοῦ.

436 5603 512 5683 (2')
549 5603 642 5665 vel»
669 5616 836 5667 deest.
949 5681 957 5683 _
1145 5678 1166 5683 __
1325 5678 1336 5683 _
1416 5675 1426 5683 _
1548 5674 1559 5683 _

808 5622 836 5666 l.
949 5681 957 5683 _
1145 5678 1166 5683 __
1325 5678 1336 5683 _
1416 5675 1426 5683 _
1548 5674 1559 5683 _
2032 5603 2379 5674 ‹(5)Αὐτῷ.

434 5674 510 5754 (5)
557 5683 787 5736 Ὀνείδου
825 5681 1110 5750 ἀφαίρεσις
1142 5678 1276 5746 ὅπερ
1321 5675 1469 5728 ἐστὶν
1501 5674 1588 5737 τά,
1622 5684 1725 5728 etc.
