3978 6204
457 297 553 357 971

530 422 620 477 26.
655 422 777 479 Νοη
800 424 1178 480 custodierunt
1208 433 1593 482 testamentum
1623 428 1736 483 Dei.

527 513 619 568 27.
645 513 712 571 Ει
735 514 790 570 in
822 515 938 587 lege
963 515 1083 588 ejus
1113 517 1407 581 uolucrum.
1434 520 1736 576 ambulare.

528 695 619 752 28.
654 695 721 752 Et
744 697 895 753 obliti
922 708 1051 753 sunt
1076 699 1486 756 benefactorum
1516 701 1657 772 ejus,

527 788 618 844 29.
651 788 716 843 Et
748 790 1080 845 mirabilium
1111 790 1249 862 ejus,
1285 808 1408 863 qua:
1434 793 1675 848 ostendit
1697 792 1796 846 eis.

526 965 612 1021 50.
642 965 838 1023 Coram
863 968 1110 1039 patribus
1131 985 1343 1039 eorum,
1369 986 1490 1041 quae
1515 969 1644 1025 fecit
1669 971 1962 1035 mirabilia,

526 1140 616 1197 51.
647 1140 704 1197 ln
731 1151 870 1199 terra
904 1143 1144 1217 Egypti,
1174 1146 1228 1202 in
1259 1162 1453 1217 campo
1473 1147 1692 1203 Taneos

524 1231 613 1288 52.
638 1233 936 1307 Interrupit
961 1252 1132 1301 mare,
1160 1249 1214 1293 et
1247 1240 1499 1310 perduxit
1524 1254 1619 1296 eos
1645 1257 1660 1295 :

528 1328 617 1381 55.
643 1327 709 1382 Et
732 1330 925 1384 statuit
946 1346 1118 1401 aquas
1146 1331 1305 1400 quasi
1329 1341 1528 1388 utrem.
1606 1358 1624 1369 -

522 1421 613 1475 54.
645 1421 711 1477 Et
742 1424 967 1479 deduxit
992 1440 1090 1480 eos
1122 1426 1174 1479 in
1206 1429 1350 1480 nube
1377 1425 1521 1481 diei:

525 1511 617 1566 55.
650 1510 716 1566 Et
739 1520 850 1568 tota
886 1523 1044 1569 nocte
1074 1515 1127 1568 in
1158 1515 1556 1570 illuminatione
1583 1515 1747 1587 ignis.

522 1602 613 1658 56.
644 1605 941 1675 Interrupit
971 1615 1176 1676 petram
1201 1607 1256 1661 in
1279 1622 1464 1662 eremo
1490 1626 1504 1663 :

520 1693 612 1750 57.
642 1693 708 1749 Ει
734 1696 1029 1767 adaquavit
1054 1713 1150 1753 eos
1178 1699 1327 1754 velut
1352 1699 1409 1753 in
1435 1700 1638 1772 abysso
1668 1701 1838 1755 multa
1868 1718 1880 1754 :

520 1787 612 1844 58.
642 1787 710 1843 Et
735 1791 924 1845 eduxit
946 1806 1146 1862 aquam
1178 1792 1246 1848 de
1270 1803 1421 1862 petra
1446 1810 1463 1849 :

521 1881 614 1936 59.
652 1880 719 1937 Et
738 1880 926 1937 eduxit
960 1892 1221 1953 tanquam
1252 1882 1481 1938 ﬂumina
1508 1898 1705 1955 aquas.

518 1971 610 2026 40.
635 1971 698 2026 Et
725 1983 1097 2045 apposuerunt
1125 1975 1304 2030 adhuc
1328 1990 1555 2045 peccare
1585 1977 1634 2030 ei
1656 1995 1669 2031 :

517 2060 608 2113 41.
642 2060 699 2114 lu
734 2034 871 2115 irain
906 2062 1289 2119 excitaverunt
1315 2034 1609 2119 Excelsum
1637 2065 1692 2119 in
1732 2064 2024 2136 iuaquoso.

521 2151 614 2206 42.
644 2151 710 2207 Ει
734 2160 1078 2209 tentaverunt
1101 2155 1269 2211 Deum
1304 2157 1360 2212 in
1386 2157 1646 2213 cordibus
1677 2157 1818 2223 suis,

522 2348 601 2427 (α)
629 2350 972 2427 ἱΗθελονζΑξ
999 2352 1053 2407 in
1085 2368 1258 2425 marg.
1283 2350 1686 2427 ἠϐουλήθησαν.

526 2420 599 2490 (b)
629 2422 735 2494 Τοῦ
760 2421 1011 2494 Θεοῦχιιι
1046 2420 1233 2494 πιεῐεῖ
1257 2420 1447 2478 αὑτοῦ.

522 2494 594 2563 (c)
633 2493 894 2547 Ἔδωκεν.
923 2492 981 2547 In
1019 2492 1192 2566 marg.
1225 2494 1449 2562 ἔδειξεν.

1290 303 1346 358 S.
1388 301 1762 360 ATHANASII
1798 303 1949 361 OPP.
1990 306 2169 365 PARS
2225 306 2321 365 Ill.
2349 340 2418 351 —
2455 309 2863 369 EXEGETICA.

2060 441 2105 497 Α
2200 435 2286 489 26.
2316 436 2428 489 Οὐκ
2466 435 2742 506 ἐφύλαξαν
2768 437 2868 509 τὴν
2899 435 3164 510 διαθήκην
3192 436 3284 491 τοῦ
3308 435 3468 494 Θεοῦ.

3595 316 3697 373 972

2203 526 2293 581 27.
2322 528 2431 581 Kal
2485 529 2544 583 ὲν
2590 529 2669 601 τῷ
2722 529 2870 601 νόμῳ
2899 529 3063 583 αὐτοῦ
3089 530 3190 584 οὐκ
3220 528 3599 604 ἠϐουλήθησαν
3632 530 3703 604 (a)

2133 618 2482 689 πορεύεσθαι.

2206 710 2295 767 28.
2323 713 2432 765 Kal
2459 712 2784 768 ἐπελάθοντο
2801 714 2908 768 τῶν
2930 715 3259 789 εὐεργεσιῶν
3278 717 3442 771 αὐτοῦ
3469 713 3567 788 (θ),

2203 803 2292 859 29.
2358 803 2464 857 Kal
2516 806 2626 861 τῶν
2674 806 2989 878 θαυμασίων
3042 808 3227 872 αὐτοῦ,
3280 803 3355 863 ὧν
3393 809 3593 875 ἔδειξεν
3639 812 3707 881 (ε)

2135 896 2338 959 αὐτοῖς.

2203 987 2292 1042 50.
2364 988 2634 1044 Ἐναντίον
2689 988 2797 1045 τῶν
2831 993 3080 1065 πατέρων
3132 996 3332 1062 αὐτῶν,
3393 993 3431 1051 ἃ
3483 996 3704 1070 ἐποίησε

2135 1075 2432 1147 θαυμάσια,

2203 1169 2292 1223 51.
2339 1171 2428 1223 Ἐν
2449 1172 2518 1242 γῇ
2550 1173 2834 1246 Αίγύπτῳ,
2869 1177 2926 1229 ὲν
2958 1176 3129 1248 πεδίῳ
3159 1177 3398 1242 Τάνεως.

2203 1261 2290 1315 52.
2324 1260 2585 1334 Διέρρηξε
2620 1263 2918 1333 θάλασσαν,
2948 1267 3043 1321 καὶ
3075 1258 3334 1340 διήγαγεν
3370 1267 3567 1333 αὐτούς
3587 1283 3604 1298 ’
3637 1292 3647 1303 ·

2202 1353 2290 1406 55.
2325 1355 2673 1426 Παρέστησεν
2709 1358 2879 1413 ὕδατα
2910 1359 3042 1414 ὡσεὶ
3075 1361 3262 1415 ἀσκόν.
3348 1378 3357 1381 ‘

2204 1442 2289 1498 54.
2324 1445 2432 1498 Kal
2453 1435 2731 1519 ὡδήγησεν
2754 1451 2949 1515 αὐτοὺς
2973 1453 3030 1506 έν
3058 1451 3256 1525 νεφέλῃ
3289 1451 3503 1523 ἡμέρας
3520 1470 3535 1483 ·

2203 1535 2291 1590 55.
2317 1537 2425 1590 Kal
2447 1538 2574 1610 ὅλην
2596 1539 2694 1612 τὴν
2726 1526 2896 1596 νῦκτα
2918 1541 2977 1596 ὲν
3010 1536 3276 1615 ᾡωτισμῷ
3302 1544 3495 1615 πυρός.

2203 1629 2294 1687 56.
2329 1630 2592 1704 Διέρρηξε
2622 1634 2828 1707 πέτραν
2862 1638 2922 1691 ἐν
2959 1638 3185 1711 ὲρήμῳ³

2207 1721 2296 1775 57.
2335 1724 2445 1776 Καὶ
2473 1725 2722 1780 ἐπότισεν
2743 1729 2942 1793 αὐτοὺς
2963 1726 3037 1793 ὠς
3062 1731 3121 1784 ὲν
3150 1716 3373 1799 ἀόῦσσῳ
3408 1726 3599 1798 πολλῇ.

2205 1811 2294 1865 58.
2327 1814 2438 1867 Kal
2465 1814 2735 1887 ἐξήγαγεν
2772 1816 2917 1891 ὕδωρ
2939 1821 3005 1873 ὲκ
3034 1820 3241 1891 πέτρας
3260 1836 3275 1850 ⁸

2205 1902 2293 1957 59.
2322 1904 2433 1959 Kal
2461 1908 2774 1979 κατήγαγεν
2793 1909 2869 1973 ὡς
2895 1913 3170 1982 ποταμοὺς
3197 1911 3381 1965 ὕδατα.

2207 1994 2297 2052 40.
2333 1998 2445 2052 Kal
2483 2001 2810 2071 προσέθεντο
2837 2002 2915 2056 έτι
2947 2002 3042 2056 τοῦ
3083 2002 3418 2074 ἁμαρτάνειν
3450 1997 3599 2070 αὑτῷ

2206 2086 2296 2143 41.
2333 2090 2760 2165 Παρεπίκραναν
2790 2096 2879 2149 τὸν
2903 2095 3166 2165 ’Υψιστον
3190 2096 3248 2149 ὲν
3276 2094 3511 2166 ἀνύδρῳ.

2210 2178 2300 2235 42.
2335 2182 2444 2238 Kal
2468 2183 2831 2258 ἐξεπείρασαν
2853 2187 2946 2243 τὸν
2968 2188 3101 2243 Θεὸν
3127 2192 3184 2243 ὲν
3206 2191 3327 2252 ταῖς
3346 2186 3597 2258 καρδίαις
3615 2183 3701 2238 αὐ·

2137 2284 2270 2334 των,

1579 2608 1959 2668 ATHANASII
1997 2598 2580 2667 INTERPBETATIO.

522 2768 612 2825 26.
636 2769 692 2824 In
716 2769 784 2825 iis
807 2784 930 2840 qua:
947 2769 1016 2825 de
1035 2769 1268 2827 Domino
1284 2772 1428 2828 dicta
1456 2779 1586 2829 sunt
1602 2786 1701 2844 per
1717 2772 2029 2844 prophetas.
2112 2808 2121 2817 ι

521 2939 612 2994 27.
648 2938 714 2994 Ει
739 2954 804 2995 ea
836 2955 958 3011 quae
982 2940 1117 3013 legis
1148 2953 1325 3011 erant,
1355 2946 1648 3002 noluerunt
1683 2945 1883 3002 facere.

521 3030 617 3094 28,
645 3031 737 3086 29.
791 3030 956 3087 Obliti
1002 3042 1128 3090 sunt
1182 3037 1460 3107 quomodo
1509 3035 1860 3109 pertransivit
1894 3035 2028 3108 ipsis

453 3121 709 3177 omnibus
745 3121 1116 3189 benefaciens,
1151 3134 1205 3180 et
1238 3137 1440 3185 sanans
1478 3138 1668 3186 omnes
1715 3128 1808 3199 qui
1847 3128 2028 3199 possi-

454 3214 722 3269 debantur
748 3230 779 3269 a
811 3216 1048 3272 diabolo.

529 3305 618 3361 50.
649 3305 847 3361 Coram
880 3308 1220 3378 principibus
1249 3306 1585 3375 Judaeorum,
1615 3326 1738 3382 quae
1766 3308 1893 3366 fecit
1924 3311 2030 3365 mi-

454 3398 671 3452 rabilia.

525 3489 617 3543 51.
648 3490 705 3543 1η
743 3496 887 3544 terra
925 3491 1279 3547 obtenebrata
1321 3510 1376 3548 ιη
1411 3503 1588 3564 gente,
1614 3501 1737 3566 quae
1772 3493 1904 3549 nihil
1935 3494 2030 3550 su-

458 3581 622 3635 blime
646 3583 775 3652 agit.
815 3581 1006 3636 Taneis
1044 3585 1188 3638 enim
1231 3586 1619 3656 interpretatur
1652 3588 1880 3642 humilia
1912 3589 2031 3658 jus-

457 3690 571 3738 sus,
602 3675 705 3730 hoc
728 3686 812 3731 est
833 3674 1028 3731 Judaei.

528 3767 618 3822 52.
651 3767 877 3839 Aperuit
906 3769 1070 3824 corda
1102 3784 1315 3836 eorum,
1345 3782 1405 3826 ut
1437 3783 1720 3828 cessarent
1746 3790 1774 3827 a
1806 3773 2032 3843 pristina

457 3875 648 3915 eorum
688 3862 1124 3917 conversatione.

527 3953 613 4008 55.
644 3952 712 4006 Et
740 3954 1025 4009 advocavit
1050 3965 1240 4027 gentes
1264 3966 1509 4014 mortuas
1537 3957 1607 4013 ob
1633 3967 1937 4029 peccatum.-

529 4134 620 4189 54.
645 4131 703 4188 In
736 4133 855 4190 luce
884 4150 1005 4190 sua.

525 4225 614 4279 55.
644 4222 710 4278 Et
734 4240 951 4280 omnem
987 4227 1335 4282 tenebrosam
1366 4228 1601 4298 priorem
1631 4230 1877 4299 ipsorum
1911 4246 2036 4286 con-

459 4315 823 4371 versationem
870 4327 1254 4385 commutans,
1300 4319 1352 4374 in
1400 4316 1802 4377 illuminatione
1847 4323 2034 4394 gratiae

459 4422 573 4463 suae
599 4407 822 4462 deduxit
848 4422 966 4464 eos.

528 4498 618 4559 56.
649 4498 818 4556 Latus
849 4516 1009 4555 suum
1042 4500 1096 4556 iu
1125 4502 1332 4557 mundo
1366 4503 1601 4573 aperuit.

528 4588 618 4645 57.
649 4588 926 4661 Sanguine
954 4602 1055 4646 suo
1097 4590 1393 4662 adaquavit
1420 4590 1845 4662 justiﬂcationes
1882 4610 2031 4651 suas.

529 4765 617 4822 58.
649 4758 727 4820 Ex
757 4767 928 4823 latere
960 4781 1081 4823 suo.

526 4860 617 4916 59.
652 4840 718 4914 Et
745 4862 862 4931 ipsa
906 4877 1068 4932 aqua,
1101 4878 1222 4933 qua:
1259 4862 1417 4918 ﬂuxit
1455 4879 1523 4919 ex
1557 4860 1726 4918 latere
1755 4878 1874 4933 ejus
1902 4861 2031 4917 illu-

460 4955 684 5009 minavit
709 4963 914 5025 gentes.

527 5048 617 5103 40.
650 5047 918 5104 Increduli
944 5045 1138 5104 Judaei.

524 5140 614 5195 4l.
642 5138 1118 5195 Cnntristaverunt
1163 5137 1428 5210 Spiritum
1456 5151 1706 5197 sanctum
1732 5142 1788 5198 in
1821 5140 2028 5198 sterili-

455 5242 563 5287 late
596 5233 794 5287 animae
825 5246 1036 5287 eorum.

525 5322 614 5379 42.
652 5321 849 5377 Filium
878 5322 974 5379 Dei
998 5325 1053 5379 in
1078 5324 1311 5379 adventu
1346 5336 1468 5379 suo.

2207 2771 2298 2827 26.
2325 2770 2435 2825 Kal
2457 2769 2567 2835 τοῖς
2599 2771 2905 2843 εἰρημένοις
2937 2772 3063 2846 περὶ
3097 2773 3191 2828 τοῦ
3250 2762 3456 2850 Κυρίου
3483 2767 3570 2834 διᾶ
3599 2780 3701 2837 τῶν

2139 2859 2451 2934 προφητῶν.

2057 2944 2099 2999 C
2200 2951 2291 3005 27.
2323 2950 2434 3004 Kal
2460 2948 2530 3002 τὰ
2555 2949 2650 3003 τοῦ
2678 2951 2844 3022 νόμου
2873 2954 2972 3006 οὐκ
2997 2952 3266 3026 ἠθέλησαν
3291 2958 3532 3030 ποιῆσαι.

2200 3042 2291 3109 28,
2325 3043 2414 3098 29.
2461 3041 2815 3097 Ἐπελάθοντο
2853 3044 2972 3109 πῶς
3027 3046 3237 3118 διῆλθεν
3286 3046 3586 3122 εὐεργετῶν
3613 3053 3701 3107 αὐ-

2128 3133 2256 3196 τοὺς
2277 3133 2503 3197 πάντας,
2538 3132 2631 3186 καὶ
2690 3131 2917 3205 ἰώμενος
2968 3137 3177 3203 πάντας
3223 3142 3349 3205 τοὺς
3408 3144 3699 3197 καταδυνα-

2134 3223 2487 3295 στευομένους
2517 3224 2622 3277 ὑπὸ
2649 3224 2742 3279 τοῦ
2769 3225 3035 3282 διαϐόλου.

2203 3315 2294 3370 50.
2324 3316 2672 3387 Ἔμπροσθεν
2716 3316 2825 3373 τῶν
2855 3320 3129 3391 ἀρχόντων
3159 3321 3267 3377 τῶν
3319 3320 3620 3392 Ἰουδαίων,
3669 3327 3702 3381 ἃ

2133 3406 2357 3476 ἐποίησε
2388 3406 2682 3477 θαυμάσια.

2200 3497 2292 3551 51.
2335 3498 2424 3551 Ἐν
2454 3502 2520 3570 τῇ
2544 3503 2613 3571 γῇ
2644 3492 2720 3571 (1)
2756 3502 3115 3578 ὲσκοτισμένῄ
3138 3509 3195 3562 ὲν
3218 3508 3297 3580 τῷ
3325 3509 3469 3565 ἔθνει
3497 3512 3577 3584 τῷ
3608 3532 3703 3584 μη-

2133 3589 2220 3642 δὲν
2252 3588 2454 3643 τέλειον
2484 3593 2746 3647 ποιοῦντι.
2772 3595 2944 3662 Τάνις
2976 3598 3084 3669 γὰρ
3105 3600 3473 3671 ἑρμηνεύεται
3504 3606 3701 3661 ἐντελέ

2133 3678 2390 3750 λόμενος
2427 3685 2697 3748 ταπεινὰ,
2732 3686 3007 3741 τουτέστιν
3039 3690 3087 3741 οἱ
3132 3677 3391 3745 Ἰουδαῖοι.

2210 3773 2299 3827 52.
2333 3773 2574 3844 Διήνοιξε
2624 3775 2722 3838 τὰς
2764 3776 3000 3848 καρδίας
3040 3780 3250 3846 αὐτῶν,
3281 3783 3373 3837 τοῦ
3400 3784 3705 3841 παύσασθαι

2146 3860 2224 3932 (2)
2255 3862 2356 3933 τῆς
2402 3864 2674 3935 προτέρας
2701 3866 2879 3919 αὐτῶν
2908 3868 3272 3942 ἀναστροφῆς.

2206 3955 2295 4009 55.
2326 3956 2436 4009 Kal
2469 3957 2906 4028 προσεκαλέσατο
2945 3960 3016 4014 τὰ
3041 3961 3168 4036 ἔθνη
3205 3968 3588 4040 νενεκρωμένα
3632 3970 3705 4040 (5)

2139 4045 2244 4097 ὑπὸ
2271 4045 2370 4116 τῆς
2396 4047 2689 4118 ἁμαρτίας.

2208 4136 2298 4192 54.
2346 4139 2435 4191 Ἐν
2470 4138 2550 4209 τῷ
2576 4141 2715 4208 φωτὶ
2746 4141 2934 4200 αὐτοῦ.

2188 4226 2302 4301 ⁹55.
2336 4229 2448 4281 Kal
2510 4228 2638 4300 ὃλην
2687 4228 2786 4302 τὴν
2828 4230 3106 4304 σκοτεινὴν
3162 4230 3235 4306 (4)
3285 4234 3385 4306 τὴν
3444 4240 3703 4312 προτέραν

2137 4317 2318 4370 αὐτῶν
2348 4320 2691 4392 ἀναστροφὴν
2726 4322 3046 4394 μεταϐαλὼν
3065 4364 3080 4388 ,
3116 4327 3173 4378 ὲν
3212 4325 3287 4398 τῷ
3317 4330 3583 4402 φωτισμῷ
3615 4331 3703 4399 τῆς

2137 4409 2359 4482 χάριτος
2386 4412 2550 4465 αὑτοῦ
2575 4413 2857 4485 ὡδήγησεν
2889 4411 3089 4478 αὐτούς

2210 4502 2297 4557 56.
2327 4503 2436 4575 Τὴν
2458 4503 2695 4575 πλευρὰν
2721 4505 2884 4559 αὑτοῦ
2907 4508 2965 4559 ἐν
2989 4507 3067 4578 τῷ
3098 4507 3569 4593 κόσμῳῆδιήν-ριξε.

2209 4590 2296 4655 57.
2325 4598 2424 4653 Διὰ
2450 4599 2545 4654 τοῦ
2582 4601 2813 4673 αἵματος
2849 4603 3017 4656 αὐτοῦ
3040 4578 3269 4659 ἐπότισεῗ
3390 4578 3699 4663 gemmu-

2143 4707 2288 4763 ματα
2313 4690 2500 4745 αὐτοῦ.

2209 4782 2296 4836 58.
2345 4783 2440 4836 Ἐκ
2486 4785 2587 4855 τῆς
2616 4784 2858 4857 πλευρᾶς
2890 4780 3080 4841 αὐτοῦ.

2212 4875 2301 4930 59.
2329 4876 2436 4928 Kal
2462 4877 2520 4929 ὲν
2552 4877 2700 4949 αὐτῷ
2727 4877 2805 4949 τῷ
2831 4877 2984 4934 ὕδατι
3017 4880 3093 4952 τῷ
3119 4884 3184 4935 ὲκ
3214 4883 3314 4954 τῆς
3344 4883 3577 4957 πλευρᾶς
3603 4884 3691 4939 αὖ·

2138 4966 2234 5021 τοῦ
2268 4966 2499 5037 ἐφώτισε
2519 4969 2590 5024 τὰ
2610 4969 2758 5043 ἔθνη.

2212 5056 2300 5110 40.
2334 5059 2396 5110 υί
2421 5059 2774 5126 ἀπειθοῦντες
2816 5062 3077 5117 Ἰουδαῖοι.
3268 5106 3273 5111 .

2209 5147 2298 5202 41.
2346 5144 2650 5222 Ἑλύτιησαν
2681 5154 2738 5207 τὸ
2768 5154 2991 5226 Πνεῦμα
3010 5157 3068 5209 τὸ
3097 5155 3251 5226 ἅγιον
3276 5175 3335 5212 εν
3367 5161 3435 5231 τῇ
3465 5157 3655 5229 ἀκαρπί

2141 5239 2239 5310 τῆς
2264 5241 2439 5313 ψυχῆς
2467 5244 2665 5299 αὐτῶν.

2214 5330 2296 5388 42.
2327 5335 2430 5389 Τὸν
2460 5336 2586 5391 Υἱὸν
2613 5339 2707 5393 τοῦ
2738 5338 2872 5394 Θεοῦ
2905 5341 2965 5396 ὲν
2985 5344 3051 5414 τῇ
3083 5343 3355 5416 παρουσίᾳ
3384 5343 3565 5401 αυτοῦ.

1408 5457 1719 5520 Addenda
1750 5468 1811 5521 et
1839 5465 2212 5546 corrigenda
2248 5489 2324 5534 ex
2357 5475 2496 5538 cod.
2533 5477 2734 5540 Vatic.

632 5580 711 5657 ζῇ
738 5585 807 5654 γῇ
830 5587 917 5655 τῇ,
949 5591 1078 5657 elc.,
1112 5601 1233 5639 mox
1267 5584 1657 5657 ἐντελλόμενοι.

534 5646 1013 5770 (ἓ)1ῐὶὶυί·ρνσὲἱίιιὶυ
1061 5646 1224 5724 lmjus
1262 5657 1400 5710 vers.
1429 5646 1615 5728 incipit
1646 5677 1675 5713 υ
1708 5662 1872 5718 verbo
1892 5663 2029 5717 παύ-

461 5733 558 5771 asa
591 5734 667 5772 αι.

2214 5600 2287 5675 (5)
2325 5602 2642 5675 ῌικώμενα.

2214 5610 2267 5670 (5
2326 5610 2642 5675 Νικὼμενα.

2317 5674 2701 5751 ’[ῂνμσκοτίαν,
2719 5677 2788 5751 ἢν
2812 5677 2910 5751 τὴν
2937 5680 3231 5751 προτέραν,
3263 5677 3393 5747 etc.|

2209 5742 2284 5811 (5)
2326 5742 2601 5798 Ἐπότισεν
2630 5742 2844 5814 αὐτὸύς,
2864 5742 2975 5805 ἰιιιλ
