3978 6204
445 319 548 376 975
1280 321 1338 375 S.
1379 311 1747 375 ATllANASll
1783 316 1935 374 'OPP.
1974 312 2158 376 PARS
2194 319 2284 376 lll.
2325 353 2393 364 -—-
2429 317 2840 377 EXEGETICA.
3575 324 3670 378 975

515 439 602 496 60.
629 437 845 497 Cibaria
872 441 1020 496 misit
1045 439 1124 495 eis
1149 439 1201 493 in
1231 438 1584 492 abundantia.

515 531 603 585 6|.
636 530 936 589 Transtulit
956 538 1202 586 austrum
1231 531 1295 585 de
1324 530 1462 585 caelo
1491 547 1504 584 :

515 621 603 676 6‘2.
632 620 698 676 Et
722 623 934 677 induxit
958 623 1010 676 in
1041 623 1238 676 virtute
1266 637 1364 676 sua
1391 619 1641 675 africum.

513 717 600 771 65.
630 717 696 771 Et
725 717 858 786 pluit
886 734 1048 788 super
1080 732 1173 772 cos
1197 718 1338 772 sicut
1372 717 1646 786 pulverem
1671 732 1864 770 carnes
1892 736 1904 769 :

511 811 600 864 64.
637 811 704 863 Et
733 809 874 864 sicut
895 825 1114 864 arenam
1145 810 1314 863 maris
1340 801 1582 863 volatilia
1609 817 1868 878 pennata.

513 903 600 958 65.
634 900 700 954 Et
725 900 1036 957 ceciderunt
1063 901 1116 954 in
1151 901 1328 955 medio
1355 909 1664 956 castrorum
1693 916 1907 963 eorum,

507 993 594 1050 66.
623 993 780 1048 Circa
812 993 1164 1048 tabernacula
1189 1008 1407 1047 eorum.

506 1084 596 1136 67.
627 1083 693 1137 Et
714 1083 1178 1139 manducaverunt
1201 1093 1255 1137 et
1281 1083 1512 1139 saturati
1548 1091 1678 1140 sunt
1704 1084 1866 1138 nimis
1891 1103 1903 1138 :

509 1171 598 1226 68.
630 1171 694 1225 Et
731 1171 1058 1227 desiderium
1095 1188 1281 1227 eorum
1318 1173 1502 1227 attulit
1534 1175 1653 1229 eis:

509 1262 598 1316 69.
628 1259 744 1316 Νοη
774 1269 900 1318 sunt
923 1260 1154 1317 fraudati
1181 1277 1212 1317 a
1239 1263 1510 1319 desiderio
1537 1279 1662 1319 suo.

511 1353 598 1409 70.
634 1354 826 1408 Adhuc
853 1370 977 1409 esca
1008 1361 1125 1410 erat
1151 1356 1202 1409 in
1238 1371 1334 1410 ore
1363 1356 1630 1426 ipsorum,

512 1444 598 1498 7|.
631 1444 695 1498 Et
725 1445 802 1499 ira
829 1444 920 1500 Dei
948 1448 1194 1501 ascendit
1223 1462 1386 1516 super
1417 1461 1537 1502 eos.

511 1535 598 1590 72.
627 1535 692 1588 Et
712 1536 908 1591 occidit
933 1537 1199 1606 plurimos
1219 1552 1406 1592 eorum
1432 1553 1445 1590 :

491 1627 597 1682 .73.
629 1625 696 1682 Et
723 1629 923 1684 electos
957 1629 1122 1685 Israel
1153 1629 1506 1699 compedivit.

511 1719 599 1774 7t.
630 1719 688 1775 in
719 1721 974 1776 omnibus
1002 1722 1086 1777 his
1113 1728 1477 1792 peccaverunt
1509 1719 1687 1774 adhuc
1714 1738 1728 1773 :

509 1812 600 1869 75.
630 1813 821 1867 Et‘non
857 1813 1203 1868 crediderunt
1238 1813 1291 1866 in
1321 1799 1676 1866 mirabilibus
1706 1809 1848 1878 ejus.

513 1905 599 1959 76.
633 1906 695 1958 Et
719 1904 1035 1960 defecerunt
1059 1905 1114 1959 in
1144 1905 1383 1959 vanitate
1419 1906 1535 1959 dies
1557 1917 1747 1958 eorum
1773 1919 1787 1956 :

513 1997 601 2052 77.
637 1997 704 2051 Et
732 1997 861 2051 anni
889 2012 1079 2052 eorum
1110 2011 1235 2051 cum
1262 1994 1630 2050 feStinatione.

521 2089 606 2143 .8.
636 2088 771 2145 Cum
803 2088 1076 2144 occideret
1103 2103 1228 2152 eos,
1266 2097 1396 2142 tunc
1420 2086 1739 2156 quaerebant
1768 2099 1893 2138 eum
1921 2101 1932 2136 :

511 2183 598 2237 79.
632 2181 697 2236 Et
737 2183 1171 2246 revertebantur,
1219 2192 1271 2236 et
1319 2180 1561 2236 diluculo
1610 2178 1898 2234 veniebant
1939 2176 2004 2230 ad

440 2273 636 2330 Deum.

2039 451 2082 501 Α
2183 439 2269 495 60.
2307 438 2679 508 Ἐπισιτισμὸν
2700 437 3012 492 ἀπέστειλεν
3029 404 3217 503 ἀὐτοῖς
3242 406 3320 504 είς
3345 439 3656 514 πλησμονήν

2193 532 2280 586 61..
2323 532 2526 603 ’Λπῆρε
2549 531 2696 584 νότον
2725 531 2780 596 ἐξ
2808 531 3058 603 οὐρανοῦο

2187 623 2273 677 62.
2306 625 2413 676 Kal
2442 625 2718 694 ἐπήγαγεν
2750 623 2808 676 ἐν
2833 625 2898 693 τῇ
2921 623 3142 694 δυνάμει
3173 623 3335 676 αὑτοῦ
3363 622 3509 679 λίϐα.

2186 713 2272 766 65.
2308 713 2416 766 Kal
2441 712 2658 784 ἔϐρεξεν
2683 714 2769 766 ἐπ’
2793 715 2987 776 αὐτοὺς
3006 715 3136 767 ὡσεὶ
3161 714 3289 785 χοῦν
3331 716 3539 788 σάρκας
3555 735 3569 745 ·

2187 804 2273 857 64.
2308 806 2416 857 Kal
2439 805 2569 857 ὡσεὶ
2594 805 2774 876 ἄμμον
2805 804 3093 859 ’θαλασσῶν
3119 807 3343 860 πετεινὰ
3378 809 3647 882 πτερωτά.

2184 894 2270 948 65.
2296 896 2405 948 Kal
2427 895 2690 949 ἐπέπεσον
2714 896 2772 947 ἐν
2807 896 2954 966 μέσῳ
2979 896 3082 967 τῆς
3110 916 3221 970 παρ
3237 899 3458 971 ·μ6ολῆς
3483 902 3678 968 αὐτῶν,

2183 985 2271 1040 66.
2304 985 2503 1056 Κύκλῳ
2531 986 2638 1039 τῶν
2667 987 3039 1057 σκηνωμάτων
3070 989 3266 1042 αὐτῶν.

2186 1077 2273 1131 67.
2306 1078 2416 1130 Kal
2449 1077 2670 1146 ἔφαγον,
2698 1080 2792 1131 καὶ
2830 1080 3239 1150 ἐνεπλήσθησαν
3271 1081 3471 1155 σφόδρα
3491 1100 3505 1113 ⁸

2184 1165 2271 1220 68.
2310 1167 2420 1218 Kal
2450 1168 2549 1234 τὴν
2580 1167 2874 1239 ἐπιθυμίαν
2908 1168 3086 1223 αὐτῶν
3115 1171 3340 1241 ἤνεγκεν
3364 1173 3560 1236 αὑτεῖς.

2182 1257 2268 1313 69.
2301 1259 2415 1312 Οὐκ
2441 1260 2809 1332 ἐστερήθησαν
2839 1260 2945 1314 ἀπὸ
2967 1262 3064 1333 τῆς
3085 1262 3378 1333 ἐπιθυμίας
3411 1265 3609 1319 αὐτῶν.

2181 1351 2268 1404 70.
2310 1351 2428 1404 Ἔτι
2455 1352 2552 1422 τῆς
2579 1352 2830 1422 βρώσεως
2859 1353 3025 1425 οὗσης
3047 1355 3105 1406 ἐν
3133 1354 3209 1424 τῷ
3238 1356 3461 1424 στόματι
3484 1357 3678 1411 αὐτῶν.

2179 1442 2266 1495 71.
2304 1444 2411 1495 Kal
2436 1444 2570 1515 ὀργὴ
2595 1444 2687 1498 τοῦ
2719 1444 2852 1499 Θεοῦ
2879 1445 3160 1518 ἁνέ6η’ἐπ’
3200 1447 3266 1500 αὐ
3283 1445 3422 1510 τούς.

2179 1533 2266 1586 72.
2297 1535 2408 1586 Kal
2444 1534 2763 1588 ἀπέκτεινεν
2798 1538 2854 1590 ἐν
2881 1539 2992 1601 τοῖς
3026 1537 3267 1590 πλείοσιν
3299 1538 3505 1591 αὐτῶν·

2179 1622 2264 1677 75.
2304 1625 2413 1678 Kal
2441 1627 2566 1688 τοὺς
2589 1627 2876 1691 ἐκλεκτοὺς
2908 1627 3000 1682 τοῦ
3038 1629 3252 1700 Ἰσραὴλ
3285 1630 3646 1685 συνεπόδισεν.

2181 1714 2267 1767 74.
2309 1716 2394 1769 Ἐν
2436 1718 2572 1769 πᾶσι
2598 1717 2810 1782 τούτοις
2841 1719 3085 1790 ἥμαρτον
3115 1720 3227 1773 ἔτι·

2183 1807 2269 1861 75.
2302 1808 2410 1861 Kal
2437 1809 2538 1862 οὐκ
2568 1809 2894 1863 ἐπίστευσαν
2921 1813 2978 1864 ἐν
3009 1815 3121 1875 τοῖς
3152 1813 3474 1884 θαυμασίοις
3496 1813 3674 1868 αὐτοῦ.

2183 1899 2271 1954 76.
2307 1899 2416 1954 Kal.
2445 1899 2692 1966 ἐξέλιπον
2724 1903 2782 1956 ἐν
2819 1905 3136 1976 ματαιότητι
3164 1907 3220 1957 αἱ
3245 1907 3448 1978 ἡμέραι
3480 1908 3673 1961 αὐτῶν·

2184 1993 2275 2046 77.
2309 1993 2420 2045 Kal
2441 1993 2508 2047 τὰ
2541 1992 2632 2066 ἔτη
2663 1995 2840 2048 αὐτῶν
2871 1996 3008 2067 μετὰ
3036 1998 3292 2066 σπουδῆς.

2183 2082 2274 2137 78.
2307 2083 2471 2137 Ὅταν
2491 2083 2805 2139 ἀπέκτεινεν
2829 2087 3044 2151 αὐτοὺς,
3060 2089 3178 2141 τότε
3198 2089 3482 2160 ἐξεζήτουν
3496 2089 3672 2142 αὐτόν’

2179 2173 2267 2228 79.
2333 2171 2442 2227 Kal
2505 2176 2877 2248 ἐπέστρεφον,
2944 2180 3038 2235 καὶ
3088 2180 3354 2253 ὤρθριζον
3405 2182 3541 2253 ergo;
3590 2179 3675 2235 τὸν

2113 2264 2266 2319 Θεόν.

1555 2389 1938 2446 ATHANASII
1979 2385 2563 2442 INTERPRETATIO.

501 2537 589 2592 60.
627 2535 802 2590 Vitam
833 2537 1244 2606 sempiternam.

501 2631 591 2686 61.
622 2630 926 2686 Transtulit
964 2631 1221 2700 populum
1259 2627 1568 2685 Iudaeorum
1617 2628 1685 2682 de
1723 2625 2013 2699 promissis

440 2739 578 2778 SillS.

507 2815 596 2869 62.
629 2813 694 2868 Et
715 2813 940 2868 adduxit
966 2810 1048 2866 eis
1076 2827 1138 2865 ex
1175 2809 1461 2866 Occidente
1486 2807 1900 2879 Vespasianum.

508 2985 598 3052 65,
625 2985 716 3040 64.
749 2979 1145 3039 Multitudinem
1180 2985 1472 3040 exercitus.

503 3078 593 3132 65.
627 3077 761 3133 Pars
785 3092 974 3132 eorum
1005 3078 1283 3133 descendit
1310 3078 1360 3132 in
1389 3088 1565 3133 castra
1599 3075 1934 3131 indecorum.

508 3225 596 3310 66.
625 3255 1115 3309 Circumdederunt
1141 3268 1256 3309 eos.

507 3344 596 3409 67.
621 3343 798 3412 Plagis
820 3343 887 3397 ab
913 3359 980 3398 eo
999 3343 1182 3397 illatis.

509 3435 597 3490 68.
631 3435 696 3489 Ει
721 3449 1031 3490 sermonem
1061 3449 1220 3504 quem
1255 3431 1421 3486 locuti
1457 3439 1584 3485 sunt
1627 3431 2010 3502 cruciﬁgentes

2186 2529 2274 2584 60.
2311 2530 2463 2601 Ζωὴν
2488 2528 2834 2600 ἀτελεύτητον
2872 2532 2965 2599 (1).

2178 2620 2265 2676 61·
2313 2621 2624 2690 Μετέστησε
2678 2619 2769 2674 τὸν
2813 2621 2939 2675 λαὸν
2996 2621 3102 2676 τῶν
3143 2624 3406 2677 Ἰουδαίων
3459 2627 3523 2678 ἐκ
3569 2625 3670 2681 τῶν

2116 2710 2454 2780 ἐπαγγελιῶν
2485 2710 2648 2764 αὐτοῦ
2677 2710 2772 2781 (9.).

2181 2800 2269 2854 62.
2298 2801 2405 2853 Kal
2426 2801 2636 2872 ιἢγαγεν
2660 2801 2842 2864 αὐτοῖς
2875 2803 2939 2854 ἐκ
2960 2802 3058 2872 τῆς
3086 2803 3302 2866 Δύσεως
3333 2802 3662 2858 Οὐεσπασιαο

2115 2893 2199 2945 νόν
2224 2893 2322 2945 (5).

2175 2911 2199 2945 ν
2248 2894 2279 2945 ’5
2309 2932 2322 2944 .

2175 2893 2380 3049 621364.
2415 2983 2489 3052 (4)
2511 2983 2584 3034 To
2613 2983 2817 3053 πλῆθος
2851 2984 2945 3037 τοῦ
2983 2987 3432 3058 στρατευομένου.

2182 3075 2267 3129 65.
2299 3075 2380 3128 Τὰ
2412 3074 2546 3146 μέλη
2578 3075 2756 3128 αὐτῶν
2792 3075 3059 3146 κατῆλθον
3097 3079 3176 3141 είς
3198 3078 3292 3149 τὴν
3329 3080 3669 3154 παρεμϐολὴν

2107 3165 2216 3219 τῶν
2255 3166 2540 3221 Ἰουδαίων.

2181 3258 2269 3314 66.
2313 3259 2660 3313 Ἐκύκλωσαν
2688 3258 2902 3324 αὐτούς.

2176 3351 2266 3405 67.
2296 3352 2406 3416 Τὰς
2441 3351 2652 3421 πληγὰς
2680 3351 2780 3415 τὰς
2831 3352 3147 3424 ἐναχθείσας
3301 3352 3440 3426 [ὑπ’]
3485 3356 3670 3410 αὑτοῦ.

2179 3441 2265 3496 68.
2293 3443 2402 3495 Kal
2425 3443 2516 3495 τὸν
2541 3442 2718 3511 λόγον,
2740 3444 2798 3497 ὃν
2824 3443 3006 3514 ἔλεγον
3051 3443 3410 3516 σταυροῦντες
3444 3446 3537 3499 τὸν
3564 3446 3669 3500 Κύ-

437 3529 732 3583 Dominum
783 3527 1024 3582 dicentes
1058 3546 1070 3580 :
1110 3524 1222 3580 Nos
1261 3524 1487 3579 Cwsaris
1533 3540 1713 3578 sumus
1734 3525 1801 3592 ⁸⁷,
1829 3526 2003 3580 attulit

2156 3551 2246 3599 ιον,
2273 3534 2355 3588 ὅτι
2392 3533 2590 3605 Ἡμεῖς
2621 3535 2727 3591 τοῦ
2765 3537 3066 3605 Καίσαρός
3091 3537 3298 3607 ἐσμεν,
3325 3537 3553 3608 ἤνεγκεν
3577 3540 3668 3592 αὺ-

435 3637 536 3678 01$.

507 3711 598 3766 69.
627 3711 780 3778 Quod
806 3710 1478 3781 exquisiveruntetadepti
1508 3719 1658 3766 sunt.

511 3804 600 3860 70.
635 3803 712 3857 Ex
740 3819 850 3874 quo
881 3804 1135 3857 dicebant
1169 3801 1271 3857 hoc
1304 3801 1356 3855 in
1393 3818 1487 3857 ore
1510 3818 1632 3859 suo.

508 3891 596 3948 7|.
632 3891 756 3945 Fuit
780 3892 892 3963 ipsa
932 3892 1011 3944 ira
1045 3906 1072 3944 a
1098 3891 1206 3945 Deo
1242 3907 1404 3960 super
1432 3909 1548 3948 eos.

509 3981 596 4036 72.
629 3981 692 4036 Et
719 3984 916 4038 occidit
943 3983 1345 4039 multitudinem
1372 3999 1584 4038 eorum.

506 4073 592 4128 75.
627 4072 694 4127 Et
719 4089 907 4128 eorum
931 4075 1191 4145 reliquos,
1219 4075 1310 4144 qui
1337 4076 1700 4130 censebantur
1731 4091 1857 4146 pios
1885 4092 2005 4131 esse

435 4166 656 4221 tradidit
681 4166 734 4218 in
760 4167 1099 4220 servitutem.

505 4259 594 4312 74.
624 4257 690 4310 Et
722 4272 916 4311 rursus
945 4265 1360 4328 permanserunt
1389 4257 1443 4310 in
1475 4267 1716 4326 peccato.

504 4351 594 4404 75.
630 4349 696 4404 Et
725 4365 839 4404 non.
862 4350 1206 4404 crediderunt
1241 4350 1354 4414 eis,
1403 4366 1522 4420 quae
1572 4349 1714 4405 facta
1746 4360 1872 4405 sunt
1897 4351 1997 4420 ipsi

433 4450 467 4490 a
501 4435 627 4489 Deo.

507 4527 598 4579 76.
627 4525 690 4578 Ει
717 4525 770 4578 ἰη
806 4524 1043 4578 vanitate
1073 4523 1278 4577 mentis
1298 4538 1488 4578 eorum
1526 4523 1818 4593 perierunt.

504 4703 591 4758 77.
629 4701 693 4755 Et
721 4701 848 4754 anni
880 4715 1068 4755 eorum
1111 4715 1236 4756 cum
1281 4699 1626 4755 festinatione
1666 4699 1996 4755 defecerunt.

506 4793 597 4846 78.
620 4790 755 4846 Cum
787 4791 1059 4846 occideret
1081 4807 1176 4845 eos
1209 4791 1413 4846 scilicet
1437 4790 1749 4860 quaerebant
1775 4805 1920 4845 eum.

503 4962 592 5017 79.
623 4961 690 5017 Et
719 4961 1028 5026 veniebant,
1053 4972 1109 5016 et
1132 4961 1526 5016 conﬁtebantur
1554 4976 1702 5016 enin.

506 5104 554 5138 ’τ
573 5103 731 5159 loan.
763 5119 877 5168 xu,
905 5102 991 5157 15.

2108 3627 2240 3689 τοῖς.

2182 3715 2268 3770 69.
2309 3717 2373 3769 Ὃ
2407 3715 2770 3788 ἐπεζήτησαν,
2796 3719 2890 3769 καὶ
2922 3717 3111 3787 ἔλαχον
3147 3716 3247 3788 (6).

2183 3806 2272 3860 70.
2314 3807 2431 3876 Ἀφ’
2456 3800 2520 3861 οὗ
2551 3807 2735 3877 ἔλεγον
2768 3808 2927 3861 τοῦτο
2953 3812 3015 3862 ἐν
3036 3808 3113 3881 τῷ
3144 3811 3370 3880 στόματι
3402 3812 3600 3864 αὐτῶν.

2177 3899 2267 3953 71.
2293 3894 2400 3952 Ἦν
2426 3899 2562 3970 αὐτὴ
2589 3902 2622 3969 ἡ
2646 3902 2781 3972 ὀργὴ
2811 3901 2896 3954 ἐπ’
2927 3902 3126 3965 αὐτοὺς
3154 3903 3282 3974 περ).
3305 3903 3381 3974 (7)
3409 3904 3566 3958 Θεοῦ.

2178 3989 2266 4046 72.
2299 3993 2408 4044 Kal
2432 3991 2492 4043 τὸ
2512 3991 2716 4062 πλῆθος
2748 3993 2926 4045 αὐτῶν
2953 3993 3256 4048 ἀπέκτεινε.

2179 4081 2266 4134 75.
2305 4081 2414 4134 Kal
2459 4083 2584 4145 τοὺς
2615 4082 2834 4146 λοιποὺς
2887 4075 3066 4136 αὐτῶν
3115 4085 3240 4146 τοὺς
3285 4083 3665 4157 νομιζομένους

2110 4168 2378 4232 θεοσεϐεῖς
2411 4164 2550 4223 εῖναι
2574 4173 2652 4233 εἰς
2675 4170 2916 4224 δουλείαν
2939 4169 3157 4226 ἔδωκεν.

2035 4280 2081 4338 D
2178 4260 2266 4314 74.
2298 4261 2408 4313 Kal
2435 4260 2594 4314 πάλιν
2624 4260 2887 4333 ἐπέμενον
2920 4265 2986 4335 τῇ
3017 4264 3282 4334 ἁμαρτίᾳ.

2177 4351 2264 4405 75.
2294 4352 2402 4405 Kal
2422 4353 2522 4405 οὐκ
2551 4352 2875 4407 ἐπίστευσαν
2912 4357 3023 4418 τοῖς
3053 4355 3438 4425 γεγενημένοις
3486 4357 3665 4421 αὐτοῖς

2109 4439 2212 4494 ὑπὸ
2234 4439 2328 4494 τοῦ
2363 4441 2518 4497 Θεοῦ.

2177 4531 2266 4585 76.
2300 4533 2410 4586 Kal
2461 4536 2518 4586 ἐν
2565 4551 2882 4604 ματαιοτητι
2932 4535 3025 4590 τοῦ
3057 4534 3177 4602 νοὸς
3214 4535 3394 4590 αὐτῶν
3424 4538 3651 4592 ἀπώλον›

2089 4633 2168 4672 ’το
2206 4621 2302 4691 (8).

2178 4711 2269 4765 77.
2299 4713 2409 4766 Kal
2429 4713 2495 4766 τὰ
2519 4713 2613 4784 ἐτη
2641 4715 2824 4768 αὐτῶν
2850 4717 2988 4785 μετὰ
3026 4715 3255 4788 σπουδῆς
3288 4716 3531 4782 ἐξέλιπεν
3566 4721 3659 4787 (9).

2177 4797 2265 4850 78.
2305 4798 2472 4851 Ὅταν
2499 4801 2815 4857 ἀπέκτεινεν
2837 4803 2948 4875 (1.0)
2981 4805 3175 4868 αὐτοὺς
3201 4805 3357 4876 δῆθεν
3384 4806 3660 4878 εξεζήτουν

2100 4887 2270 4942 ίαύτὸν
2322 4918 2329 4923 -

2177 4977 2264 5032 79.
2291 4979 2401 5033 Kal
2437 4981 2682 5052 ἤρχοντο,
2721 4985 2816 5038 καὶ
2847 4986 3276 5057 ἐξωμολογοῦντο
3299 4989 3464 5043 αὐτόν
3497 4986 3622 5060 (11).

1378 5172 1689 5236 Addenda
1715 5183 1775 5238 et
1805 5183 2187 5264 corrigenda.
2220 5212 2296 5254 ex
2329 5196 2472 5259 cod.
2503 5199 2721 5261 ‘Vatic.

504 5300 580 5368 (1)
619 5298 928 5368 ’Λνεκλιπῆ.

613 5369 709 5442 Ἐκ
731 5369 839 5442 τῷν
878 5366 1047 5420 ἐθνῶν
1079 5366 1193 5442 τῶν
1220 5368 1488 5442 πατρῴων
1513 5369 1704 5425 αὐτοῦ.

503 5438 578 5510 (ὃ)
604 5440 723 5510 [ξὺν
743 5438 1166 5510 Οὐεσπασιανόν.

504 5507 669 5584 (ᾗῇ.
701 5509 788 5584 ϐξ.
823 5509 895 5584 Τὸ
932 5509 1153 5584 πλῆθοςΔ
1180 5509 1274 5584 τοῦ
1319 5511 1750 5584 στρατεςῦματος.
1805 5515 1870 5572 Ν.
1903 5519 1992 5573 64.

431 5578 514 5652 Ἰξὶ
545 5577 669 5647 βέλη
714 5580 892 5652 αὑτῷν
913 5619 927 5642 ,
985 5576 1080 5633 καὶ
1103 5576 1264 5652 ἦλθον
1285 5576 1474 5644 εξξΝ.
1499 5576 1590 5652 65,
1612 5576 1837 5646 66.-Καὶ
1870 5591 1996 5644 ἐκύ-

431 5647 649 5700 κλωσαν
674 5649 888 5710 αὐτούς.

503 5715 583 5784 (ὅ)
623 5717 906 5786 Ἐνεδήσας
935 5720 1137 5783 αὐτοῖς.

2178 5318 2250 5389 (6)
2285 5317 2540 5379 Ἔλαϐον.

2175 5391 2250 5463 (Ἰ)
2283 5393 2463 5463 Παρά-

2173 5461 2247 5532 (8)
2293 5461 2630 5520 Ἀπολοῦντο.

2173 5529 2250 5669 (9)
2284 5532 2469 5586 Αὐτῶν
2506 5537 2752 5607 ματαίως
2785 5536 3046 5608 ἐξέλιπον.

2201 5600 2290 5669 10)
2334 5604 2672 5664 Ἀπέκτενεν.

2201 5600 2290 5670 ’10)
2334 5600 2672 5664 Ἀπέκτενεν.

2179 5669 2289 5742 (11)
2318 5674 2491 5744 Αὐτῷ.
