3978 6204
322 341 445 410 οτι
1211 358 1288 424 nr
1345 357 1620 414 'rrruus
1664 360 2117 417 rsswonuu.
2157 391 2228 403 —
2255 359 2450 416 rsss.
2491 357 2744 412 Lxxvu.
3492 353 3596 407 97s

409 476 498 532 80.
530 478 634 531 Kal
677 478 1045 549 ἐμνήσθησαν,
1063 480 1144 532 ὅτι
1171 481 1198 533 6
1217 477 1346 544 Θεὸς
1363 479 1555 552 βοηθὸς
1571 481 1749 535 αὐτῶν
1772 484 1909 536 ἐστι·
1941 488 1980 546 Λ

2087 483 2176 539 80.
2216 481 2283 538 Ει
2313 483 2660 537 rememorati
2720 487 2849 534 sunt
2896 477 3024 548 quia
3079 473 3223 530 Deus
3258 474 3473 544 adjutor
3506 482 3589 531 est

2017 591 2251 634 eorunt:

409 672 497 727 81.
532 672 640 726 Kal
670 673 699 727 6
730 672 861 736 Θεὸς
889 675 918 726 6
949 672 1170 742 ὕψιστος
1208 675 1484 747 λυτρωτὴς
1517 675 1695 729 αὐτῶν
1724 679 1857 730 ἐστι.

1848 717 1857 730 .
2088 670 2177 724 81.
2214 667 2280 722 Ει
2324 666 2468 720 Deus
2495 663 2746 720 excelsus
2774 662 3082 730 redemptor
3102 674 3288 715 eorum
3317 665 3419 713 est.

410 765 498 818 82.
531 764 640 818 Kal
670 764 962 836 ἠγάπησαν
996 765 1156 819 αὑτὸν
1197 767 1255 818 ἐν
1292 766 1370 837 τῷ
1405 767 1630 837 στόματι
1664 769 1840 820 αὐτῶν
1861 786 1877 798 ι

1537 784 1630 820 ,ατι
1664 769 1840 820 αὐτῶν
1861 786 1877 798 ι
2089 759 2176 815 82.
2207 757 2272 812 Et
2295 759 2601 812 dilexerunt
2621 771 2744 812 eum
2771 755 2822 808 in
2850 770 2944 809 ore
2970 768 3070 808 suo
3096 772 3108 807 ;

410 855 496 910 85.
529 856 637 909 Kal
669 859 733 928 τῇ
772 855 992 930 γλώσσῃ
1020 857 1199 910 αὐτῶν
1228 857 1526 926 ἐψεύσαντο
1549 858 1720 930 αὐτῷ.

1549 858 1720 930 αὐτῷ.
2086 855 2175 909 85.
2214 851 2278 906 Et
2305 852 2490 921 lingua
2520 865 2619 905 sua
2645 847 2857 904 mentiti
2889 855 3016 903 sunt
3038 846 3105 900 ei.

411 949 497 1004 84.
544 951 608 1002 Ἦ
642 950 698 1002 δέ
733 950 928 1022 καρδία
958 949 1137 1004 αὐτῶν
1166 951 1264 1004 06x
1304 950 1484 1004 εὐθεῖα
1520 954 1635 1022 μετ’
1665 951 1828 1005 αὑτοῦ
1851 969 1866 983 ι

1851 969 1866 983 ο
2088 946 2177 1000 84.
2207 945 2314 998 Cor
2335 953 2515 997 autem
2553 955 2744 995 eorum
2780 955 2888 994 non
2922 949 3130 993 rectum
3166 954 3289 994 cum
3317 955 3419 994 eo:

409 1042 498 1098 85.
535 1042 669 1096 Οὑδέ
698 1042 1073 1112 ἐπιστώθησαν
1107 1045 1163 1095 ἐν
1199 1046 1264 1114 τῇ
1288 1043 1532 1118 Διαθήκῃ
1562 1043 1744 1098 αὑτοῦ.

2089 1036 2177 1091 85.
2209 1034 2317 1090 Nec
2357 1034 2542 1088 ﬁdeles
2580 1031 2751 1086 habiti
2789 1041 2917 1086 sunt
2951 1031 3003 1085 in
3032 1031 3384 1087 Testamento
3412 1031 3546 1099 ejus.

410 1135 498 1191 86.
534 1136 705 1200 Αὐτὸς
737 1135 794 1188 δέ
838 1137 914 1204 (a)
949 1137 1095 1189 ἐστιν
1118 1137 1449 1207 οἰκτίρμων·

2081 1125 2176 1201 86.
2213 1126 2333 1194 Ipse
2359 1133 2540 1179 autem
2572 1132 2655 1178 est
2681 1122 3026 1178 misericors:

410 1226 500 1282 87.
533 1227 644 1280 Kal
670 1225 912 1280 ίλάσεται
943 1231 1063 1290 ταῖς
1086 1227 1382 1298 ἁμαρτίαις
1415 1227 1626 1281 αὐτῶν·

2089 1216 2178 1272 87.
2215 1214 2281 1270 Et
2312 1214 2582 1286 propitius
2610 1213 2701 1267 [iet
2724 1213 2964 1282 peccatis
2992 1227 3183 1267 eorum
3211 1228 3224 1266 :

411 1315 500 1371 88.
536 1316 646 1370 Kal
675 1317 735 1370 οὐ
771 1316 1067 1389 διαφθερεῖ.

2089 1309 2178 1364 88.
2210 1307 2276 1363 Et
2303 1323 2409 1362 non
2436 1308 2734 1379 disperdet.

408 1407 497 1462 89.
521 1410 630 1462 Kal
647 1409 928 1482 πληθυνεῖ,
952 1409 1045 1462 τοῦ
1065 1411 1404 1483 ἀποστρέψαι
1423 1411 1514 1463 τὸν
1540 1411 1708 1482 θυμὸν
1731 1409 1915 1462 αὐτοῦ·

1845 1409 1915 1460 ›ὖ·
2088 1402 2178 1456 89.
2213 1399 2280 1454 Et
2313 1400 2633 1465 abundabit,
2669 1409 2728 1460 ut
2763 1409 3033 1455 averteret
3059 1400 3195 1454 iram
3223 1415 3416 1454 suam:

409 1500 499 1556 90.
531 1503 639 1555 Καὶ
668 1505 788 1574 οὐχὶ
823 1506 1081 1560 ἐκκαύσει
1105 1507 1284 1558 πᾶσαν
1311 1506 1406 1576 τὴν
1434 1506 1600 1578 ὀργὴν
1627 1503 1812 1558 αὑτοῦ.

1744 1503 1812 1558 .5,
2091 1491 2178 1546 90.
2215 1490 2280 1546 Et
2307 1507 2414 1546 non
2444 1492 2704 1547 accendet
2730 1507 2949 1546 onmem
2972 1492 3107 1546 iram
3141 1507 3315 1546 suam.

409 1590 498 1645 91.
528 1593 636 1645 Kal
659 1593 925 1666 ἐμνήσθη,
958 1597 1041 1649 ὅτι
1070 1596 1206 1666 σάρξ
1230 1598 1357 1662 είσι,

2090 1585 2178 1641 91.
2214 1583 2278 1638 Et
2305 1584 2628 1640 rec0rdalus
2651 1595 2764 1649 est,
2791 1585 2920 1654 quia
2952 1599 3080 1640 caro
3114 1592 3271 1649 sunt,

409 1679 500 1734 92.
537 1681 760 1753 Πνεῦμα
792 1685 1179 1757 πορευόμενον,
1205 1685 1298 1738 xal
1328 1686 1427 1738 οὐκ
1465 1685 1807 1756 ἐπιστρέφον.

1598 1685 1807 1756 τρέφον.
2091 1675 2184 1728 92.
2212 1676 2448 1746 Spiritus
2475 1676 2700 1740 radens,
2725 1685 2778 1731 et
2802 1691 2908 1731 non
2937 1675 3169 1732 rediens.

411 1772 500 1827 95.
529 1775 768 1840 ΙΙοσάκις
807 1778 1224 1849 παρεπίκραναν
1247 1778 1407 1830 αὑτὸν
1440 1779 1496 1829 ἐν
1519 1780 1584 1847 τῇ
1609 1777 1831 1848 ἐρήμῳς
1956 1827 1982 1849 ,ἵ

1956 1827 1994 1849 n
2091 1765 2179 1819 95.
2213 1765 2436 1832 Quoties
2459 1769 2927 1822 exacerbaverunt
2963 1782 3090 1822 eum
3120 1768 3175 1822 in
3207 1763 3457 1821 deserto?

411 1863 499 1918 9"
529 1827 1397 1939 λτῇ-(ὀ)-
1423 1827 1726 1939 άςύδὲῳγ*
1771 1830 1782 1846 ·
1819 1827 1831 1840 '
1955 1827 1982 1884 ι]

2096 1857 2186 1910 94.
2230 1859 2286 1910 In
2355 1859 2487 1912 iram
2568 1859 2978 1914 concitaverunt
3029 1875 3155 1913 eum
3207 1859 3262 1912 in
3313 1867 3452 1911 terra
3511 1855 3595 1910 in-

2029 1964 2233 2018 aquosa
2253 1949 2275 2004 ?

412 2047 503 2104 95.
535 2048 644 2100 Kal
677 2045 1040 2115 ἐπέστρεψαν,
1078 2047 1173 2099 καὶ
1212 2047 1508 2116 ἐπείρασαν
1538 2045 1628 2097 τὸν
1648 2044 1780 2097 Θεὸν
1805 2061 1816 2074 ·

2098 2045 2189 2099 95.
2223 2045 2290 2098 Et
2322 2047 2572 2102 conversi
2595 2055 2742 2113 sunt,
2773 2056 2825 2102 et
2859 2056 3203 2101 tentaverunt
3240 2046 3408 2100 Deum
3442 2063 3454 2075 ·
3543 2041 3547 2044 ⁴

413 2137 503 2193 96.
533 2138 642 2192 Kal
669 2137 759 2191 τὸν
785 2137 974 2206 Ἀγιον
1017 2137 1110 2190 τοῦ
1154 2136 1370 2207 Ἰσραὴλ
1404 2135 1750 2207 παρώξυναν.

1711 2153 1750 2190 ν.
2099 2133 2185 2189 96.
2220 2134 2284 2189 Et
2313 2134 2571 2192 Sanctum
2598 2137 2762 2194 Israel
2796 2137 3282 2194 exacerbaverunt.

413 2228 503 2284 97.
541 2229 651 2282 Kal
681 2228 752 2298 (ε)
781 2228 878 2280 οὐκ
898 2227 1248 2298 ἐμνήσθησαν
1277 2227 1376 2297 τῆς
1396 2226 1574 2298 χειρὸς
1609 2224 1795 2287 αὐτοῦ,

1684 2224 1795 2287 τοῦ,
2101 2225 2189 2283 97.
2222 2225 2286 2281 Et
2316 2243 2422 2282 non
2449 2229 2716 2284 recordati
2741 2240 2869 2285 sunt
2890 2247 3086 2286 manus
3107 2232 3255 2300 ejus,

415 2323 503 2378 98.
551 2321 812 2393 Ἡμέρας,
837 2315 904 2392 ἧς
937 2318 1279 2391 ὲλυτρὼσατο
1301 2319 1497 2382 αὐτοὺς
1526 2317 1602 2386 (ά)
1637 2319 1701 2370 ἐκ
1744 2316 1925 2388 χειρὸς

1903 2334 1925 2380 ;
2103 2318 2194 2373 98.
2231 2318 2347 2389 Die,
2374 2337 2480 2392 qua
2513 2323 2736 2378 redemit
2761 2339 2859 2378 eos
2883 2325 2948 2378 de
2975 2340 3134 2378 manu
3163 2323 3474 2379 tribulantls

344 2414 639 2478 θλίϐοντος.

417 2547 495 2617 (α)
528 2547 659 2618 Γᾴρ.
688 2550 748 2602 1η
776 2563 946 2615 marg.
979 2545 1060 2598 δέ.

416 2615 493 2687 (b)
521 2615 780 2687 [‘ﬁ'deest
805 2619 857 2670 in
889 2628 1064 2681 textu;
1091 2623 1144 2668 at
1172 2615 1277 2684 leg.
1313 2615 1364 2668 in
1397 2630 1567 2684 marg.

416 2687 492 2756 (ιε)
523 2688 633 2740 Καί
663 2703 770 2741 non
801 2687 1015 2755 legitur.

416 2753 496 2832 (ά)
517 2757 721 2822 Δὺτούς
742 2753 890 2812 deest
917 2757 968 2809 in
996 2762 1139 2810 textu
1167 2771 1182 2820 ;
1213 2753 1407 2825 legitur
1440 2755 1492 2808 in
1535 2772 1742 2825 marg.;
1778 2770 1899 2809 mox
1936 2755 1987 2807 θ)

1270 2753 1407 2825 gitur
1440 2755 1492 2808 in
1535 2772 1742 2825 ntarg._;
1778 2770 1899 2809 mox
1936 2755 2242 2825 θλιὸὁιτων,
2271 2758 2322 2810 in
2357 2775 2523 2828 marg.
2554 2759 2841 2822 Ολίὸοντοᾳ

1471 2899 1510 2951 Α
1524 2897 1756 2954 THANA
1769 2897 1854 2955 SII
1892 2898 1959 2952 IN
1970 2899 2478 2958 TERPRETATIO.

420 3035 513 3102 80,
551 3034 640 3089 81.
675 3034 786 3086 Kal
841 3033 1005 3104 ἀνέϐη
1062 3035 1153 3087 ἐπὶ
1186 3033 1285 3104 τὴν
1315 3025 1537 3105 καρδίαν
1587 3033 1765 3086 αὐτῶν
1825 3033 1930 3085 ὅσα

2106 3033 2194 3100 80,
2229 3036 2318 3090 81.
2353 3037 2416 3090 Et
2457 3038 2704 3093 ascendit
2741 3037 2796 3092 in
2830 3053 2924 3092 cor
2957 3053 3146 3092 eorum
3178 3040 3442 3111 quidquid
3482 2994 3638 3098 fecit

352 3123 576 3195 ἐποίησε
614 3126 725 3185 τοῖς
759 3123 881 3176 δυσὶ
943 3122 1219 3193 βασιλεῦσι
1268 3123 1374 3175 τῶν
1419 3123 1782 3195 Ἀμορραίων,
1835 3124 1923 3176 καὶ

2036 3127 2250 3182 duobus
2280 3129 2499 3199 regibus
2528 3130 2952 3194 Amorrtcorum,
2991 3131 3282 3187 etAmaIcc
3329 3134 3383 3188 in
3424 3135 3534 3188 via.

353 3216 462 3270 τῶν
507 3214 752 3286 Ἀμαλὴκ
779 3215 835 3266 ἐν
875 3215 940 3284 τῇ
967 3212 1090 3284 ὁδῷ.

425 3306 515 3364 82.
553 3306 664 3360 Kal
688 3304 1019 3364 συνετίθεντο
1044 3307 1157 3368 τοῖς
1180 3306 1596 3377 προστάγμασιν
1653 3305 1818 3359 αὑτοῦ
1853 3305 1942 3374 τῷ.
1972 3304 1996 3306 ⁷

1853 3305 1942 3374 τῷ
1972 3304 1999 3306 '
2109 3308 2200 3366 82.
2239 3308 2304 3364 Et
2339 3314 2547 3368 assensi
2586 3323 2714 3368 sunt
2734 3314 3001 3370 mandatis
3029 3315 3147 3385 ejus
3171 3332 3266 3369 ore
3291 3329 3412 3370 suo.

357 3395 588 3465 στόματι
623 3394 822 3448 αὐτῶν.

426 3487 515 3544 85.
563 3487 729 3558 Ἦρνή
743 3502 902 3539 σαντο
922 3485 1103 3539 αὐτόν.

2107 3482 2195 3539 85.
2233 3483 2512 3555 Negabant
2542 3504 2685 3544 eum.

428 3578 516 3634 84.
562 3578 625 3632 Ἥ
656 3577 712 3631 δὲ
760 3575 953 3648 καρδία
983 3577 1164 3631 αὐτῶν
1204 3577 1393 3649 πὸρῤω
1427 3579 1650 3648 ἀπεῖχεν
1679 3571 1788 3632 ’ἀπ’
1834 3579 1934 3630 a6—

1837 3579 1934 3630 a6-
2107 3574 2195 3628 84.
2233 3575 2340 3630 Cor
2364 3587 2546 3633 autem
2583 3596 2772 3636 eorum
2807 3584 2963 3654 longe
2999 3586 3186 3639 aberat
3214 3585 3281 3638 ab
3313 3598 3408 3637 eo.

360 3671 467 3725 τῶν
508 3670 606 3741 (ι).

281 3748 284 3752 ’
431 3763 521 3818 85.
553 3763 688 3817 Οὐδὲ
734 3761 1010 3834 ἠνείχοντο
1051 3759 1332 3814 ἐπιθέσθαι
1389 3759 1464 3830 (2)
1507 3762 1606 3831 τῆς
1664 3761 1852 3833 Διαθή)

2110 3756 2200 3812 85.
2235 3756 2421 3826 Neque
2487 3760 2868 3816 sustinuerunt
2921 3761 3202 3817 intendere
3267 3761 3615 3816 Testamento

361 3855 551 3910 αὑτοῦ.

2040 3845 2179 3914 ejus.

432 3949 522 4005 86.
553 3949 714 4009 Αὐτὸς
751 3946 808 4000 δὲ
847 3944 1200 4017 μακρόθυμός
1225 3945 1392 3998 ἐστιν.
1791 4013 1799 4021 ι

1791 4013 1799 4021 ι
2115 3939 2204 3993 86.
2243 3940 2359 4009 Ipse
2386 3949 2569 3995 autem
2605 3941 2930 4009 Ionganimis
2953 3953 3051 3998 est.

432 4039 524 4094 87.
553 4039 662 4092 Kal
692 4035 922 4090 ἱλατεύει
953 4037 1072 4096 ταῖς
1103 4035 1397 4104 ἁμαρτίαις
1433 4033 1635 4088 αὐτῶν.

2113 4031 2205 4088 87.
2241 4031 2300 4084 Et
2339 4032 2604 4102 propitius
2628 4033 2870 4088 redditur
2898 4034 3132 4104 peccatis
3157 4049 3366 4090 eorum.

433 4129 524 4186 88.
556 4129 668 4182 Kal
688 4128 788 4182 οὐκ
835 4125 1057 4180 ἀπόλλει
1089 4126 1161 4196 (5)
1215 4127 1412 4190 αὐτοὺς
1456 4125 1807 4196 ἐκδεχόμενος
1842 4126 1940 4195 τὴν

2114 4123 2203 4178 88.
2233 4122 2296 4177 Et
2330 4140 2438 4178 non
2481 4125 2657 4195 perdit
2677 4141 2771 4180 eus
2792 4137 3114 4196 exspectans
3138 4143 3324 4182 eorum
3349 4128 3617 4198 paeniten-

367 4223 653 4295 μετάνοιαν
685 4218 886 4274 αὐτῶν.

625 4239 653 4273 ν
685 4218 886 4274 αὐτῶν.
2043 4215 2195 4270 tiam.

435 4313 525 4369 89.
560 4311 668 4366 Kal
707 4311 800 4366 ἐπὶ
842 4309 977 4363 πολὺ
1006 4310 1259 4380 ἐπιμενεῖ
1287 4309 1362 4380 (4)
1394 4311 1461 4379 τῇ
1497 4308 1792 4379 ἁγαθότητι
1847 4308 1944 4361 a6-

2115 4309 2205 4362 89.
2244 4307 2307 4362 Et
2338 4307 2565 4362 multum
2597 4310 2939 4379 exspectabit
2972 4311 3041 4365 ob
3071 4325 3224 4366 suam
3265 4311 3581 4368 bonitatem.

363 4422 460 4458 του
471 4443 483 4456 .

435 4495 525 4549 90.
564 4494 673 4548 Kal
692 4495 792 4548 οὐκ
817 4494 1026 4566 ὀργίζει
1062 4491 1300 4557 τελείως.

2119 4484 2206 4538 90.
2245 4483 2309 4539 Et
2333 4499 2441 4539 non
2475 4483 2730 4541 irascitur
2762 4501 2935 4556 usque
2970 4486 3022 4541 in
3047 4487 3229 4542 ﬁnem.

436 4587 525 4642 91.
558 4585 901 4658 Μνημονεύει
934 4585 1064 4658 γὰρ,
1094 4586 1176 4639 ὅτι
1210 4584 1413 4655 πλῆθός
1445 4587 1571 4638 εισι.
1977 4601 2007 4656 ι]

1977 4601 2018 4656 ι)
2121 4575 2210 4630 91.
2245 4574 2584 4632 Recordatur
2609 4578 2778 4645 enim,
2807 4579 2952 4647 quod
2979 4579 3273 4634 multitudo
3306 4589 3451 4635 sunt.

436 4677 526 4732 92.
563 4677 683 4730 Ὅτι
723 4675 800 4749 (5)
836 4675 930 4730 ἐὰν
985 4676 1317 4749 ἀναχωρήσῃ
1356 4674 1540 4729 αὐτῶν
1599 4675 1946 4747 ἡψυχὴ,οὐκ

2123 4667 2212 4721 92.
2244 4667 2399 4733 Quod
2427 4668 2471 4723 si
2498 4669 2788 4725 recesserit
2812 4671 2882 4724 ab
2913 4670 2994 4726 eis
3025 4673 3230 4739 anima,
3261 4688 3368 4726 non
3393 4673 3626 4744 amplius

367 4769 451 4825 ἔτι
478 4768 730 4823 δύνανται
761 4768 1112 4838 μετανοῆσαι.

1014 4785 1112 4821 ται.
2051 4772 2280 4831 possunt
2307 4765 2585 4833 paenitere.

440 4861 530 4926 95,
565 4859 652 4914 94.
690 4859 1021 4931 Παρώξυναν
1047 4860 1104 4911 ἐν
1129 4862 1194 4930 τῇ
1218 4859 1413 4931 καρδίᾳ
1445 4859 1644 4914 αὐτῶν.

2120 4853 2210 4921 95,
2237 4855 2324 4910 94.
2353 4858 2709 4912 Irritaverunt
2743 4858 2794 4914 in
2819 4860 2981 4914 corde
3014 4874 3225 4914 eorum.

439 4951 530 5018 95,
553 4951 642 5006 96.
672 4951 782 5004 Kal
804 4950 1018 5005 ἐποίουν
1045 4951 1268 5012 ἑαυτοὺς
1294 4951 1421 5012 τοὺς
1461 4949 1870 5021 μετανοοῦντας.

1797 4967 1870 5013 κς.
2124 4944 2213 5008 95,
2248 4947 2336 5003 96.
2372 4947 2434 5002 Et
2465 4949 2739 5004 ﬁnxerunt
2770 4967 2827 5004 se
2852 4952 2996 5020 ipsos
3028 4951 3368 5020 pceuitentes.

437 5037 527 5093 97.
561 5038 676 5090 Οὐκ
707 5039 1012 5109 ἐμέμνηντο
1039 5037 1139 5106 τῆς
1168 5037 1348 5107 ἰσχύος
1378 5038 1563 5092 αὐτοῦ.

2126 5036 2214 5091 97.
2246 5036 2362 5091 Non
2395 5042 2662 5094 recordati
2690 5051 2818 5096 sunt
2842 5043 3170 5112 ptenitcntia:
3192 5042 3332 5108 ejus.

441 5127 531 5180 98.
569 5129 693 5180 ὐτι
722 5128 882 5190 αὐτός
905 5131 1051 5182 ἐστιν
1079 5129 1107 5179 6
1137 5127 1496 5199 λυτρούμενος
1523 5129 1720 5192 αὐτοὺς
1744 5131 1806 5182 ἐκ
1833 5145 1944 5199 χει-

2126 5127 2214 5181 98.
2245 5127 2402 5193 Quod
2431 5130 2545 5200 ipse
2569 5144 2668 5197 est,
2693 5133 2786 5205 qui
2815 5133 3062 5187 liberavit
3085 5146 3184 5185 eos
3204 5130 3272 5185 de
3297 5145 3459 5184 manu
3485 5128 3625 5183 Pha-

373 5222 467 5290 ρὲις
491 5218 714 5292 Φαραώ.

682 5239 714 5276 ν.
2053 5222 2253 5276 raouis.

1333 5381 1640 5445 Addenda
1673 5389 1731 5444 et
1775 5379 2152 5460 corrigenda
2191 5398 2267 5440 ex
2306 5380 2446 5442 cod.
2479 5370 2682 5442 Valic.

445 5535 524 5616 εξ)
556 5535 781 5616 ᾼρῑρῦχ
915 5610 939 5616 _
986 5607 996 5616 ,
1076 5605 1128 5616 _,
1306 5613 1314 5616 Α
2129 5535 2213 5616 (5)-
2240 5532 2416 5616 11.92.
2462 5535 2874 5616 "Qesnﬁvtftr.
2924 5532 2989 5616 an
3037 5527 3633 5616 ομηριηῃᾳρερξυνεν

558 5606 849 5695 ῌξίθεσθναι
878 5610 944 5679 τῇ
972 5605 1236 5678 Διαθήκῃ,
1267 5613 1372 5661 etc.

2059 5597 2544 5695 gnit'legitu‘r._N.
2580 5605 2666 5661 95.
2717 5597 2854 5669 Καί,
2885 5614 2991 5660 etes
3047 5603 3110 5657 N.
3144 5601 3232 5658 96.
3287 5597 3493 5672 Ἰησοῦν
3539 5597 3630 5654 τὸν

449 5675 528 5744 (5)
571 5676 870 5731 ’Δπολλύει.
919 5675 944 5679 ’⁷
1129 5675 1135 5677 ⁷
1190 5675 1215 5678 ’⁷

451 5745 530 5818 (4)
573 5746 872 5819 Ἑπιμένει.

919 5675 944 5679 --
1129 5675 1135 5677 -
1190 5675 1215 5678 --
2059 5675 2184 5730 Υίὸν
2206 5676 2299 5730 τοῦ
2331 5676 2485 5731 Θεοῦ.
