3978 6204
329 357 431 415 981
1204 356 1294 411 DE
1335 355 1609 413 TITULIS
1640 356 2088 417 PSALMORUM.
2126 389 2197 405 ο-
2232 358 2426 413 PSAL.
2466 358 2718 416 LXXVII.
3475 365 3580 423 982

409 477 530 533 118.
575 475 851 549 Ἀπαρχὴν
884 478 1082 541 παντὸς
1104 477 1264 531 πόνου
1296 479 1494 543 αὐτῶν,
1537 480 1595 532 ἐν
1633 483 1744 545 τοῖς
1772 497 1905 553 σκη-
1934 491 1980 545 Α

2079 482 2201 537 118.
2234 481 2512 538 Primitias
2554 482 2736 538 omnis
2766 481 2972 537 laboris
3001 496 3190 539 eorum
3230 484 3284 537 in
3331 485 3581 542 taberna-

333 569 549 640 νώμασι
581 569 731 640 Χάμ.

2010 574 2147 630 culis
2174 574 2367 628 (Iliam.

407 662 531 716 119.
568 662 677 715 Kal
710 660 924 732 ἀπῆρεν
943 660 1016 726 ὡς
1045 661 1292 736 πρόϐατα
1323 661 1414 716 τὸν
1442 662 1570 716 λαόν
1593 664 1776 723 αὑτοῦ.

2082 664 2205 719 119.
2239 663 2304 718 Et
2332 662 2556 718 abstulit
2588 662 2735 716 sicut
2756 674 2887 715 oves
2920 660 3177 729 populum
3202 678 3362 719 suum
3390 682 3404 718 :

410 753 532 809 120.
558 755 668 808 Kal
689 755 969 827 ἀνήγαγεν
988 756 1182 819 αὐτοὺς
1202 755 1335 810 ὡσεὶ
1357 755 1603 827 ποίμνιον
1619 760 1675 810 ἐν
1697 758 1904 831 ἐρήμῳ.

2085 756 2209 811 120.
2242 755 2309 810 Et
2358 755 2611 826 perduxit
2661 769 2758 812 eos
2801 765 3060 824 tanquam
3114 770 3329 826 gregem
3380 755 3434 811 in
3489 756 3586 813 de-

412 932 532 989 121.
560 931 672 987 Kal
703 931 982 1005 ὼδήγησεν
1044 934 1240 999 αὐτοὺς
1295 935 1381 988 ἐπ’
1421 933 1619 997 ἐλπίδι.
1659 935 1753 989 καὶ
1813 937 1911 989 οὐκ

2010 859 2158 906 serto
2189 867 2201 902 :

2087 940 2211 996 121.
2247 940 2315 995 Et
2333 937 2561 995 deduxit
2590 953 2689 996 eos
2716 938 2772 992 in
2800 952 2916 1008 spe,
2942 946 2994 993 et
3029 952 3138 995 non
3166 942 3468 995 timuerunt
3496 957 3509 992 :

336 1024 659 1081 ἐδειλίασαν.

411 1119 531 1173 122.
572 1120 683 1172 Kal
706 1119 832 1183 τοὺς
861 1119 1087 1191 ἐχθροὺς
1117 1119 1296 1174 αὐτῶν
1326 1120 1561 1191 ἐκάλυψε
1591 1121 1855 1176 θάλασσα.

1681 1140 1855 1176 taetra.
2090 1120 2215 1175 122.
2248 1120 2313 1174 Et
2340 1118 2590 1175 inimicos
2615 1133 2803 1174 eorum
2837 1116 3053 1187 operuit
3086 1132 3252 1172 mare.

414 1213 533 1273 123.
572 1211 682 1266 Kal
705 1213 994 1284 εἰσήγαγεν
1043 1212 1237 1276 αὐτοὺς
1286 1213 1364 1276 είς
1410 1212 1534 1284 ὅρος
1580 1214 1912 1285 ἀγιάσματος

2094 1214 2217 1268 125.
2257 1213 2321 1267 Et
2366 1212 2580 1269 induxit
2615 1228 2713 1268 eos
2752 1211 2806 1265 in
2853 1218 3093 1295 montem
3137 1208 3588 1265 sanctiﬁcationis

338 1300 528 1364 αὐτοῦ.

2014 1320 2156 1367 suae,
2839 1353 2847 1362 .

412 1396 537 1458 124.
555 1396 720 1467 Ὄρος
747 1394 924 1461 τοῦτο,
955 1394 984 1448 ὂ
1005 1395 1278 1468 ἐκτήσατο
1305 1398 1339 1469 ή
1363 1396 1513 1464 δεξιὰ
1537 1398 1723 1453 αὑτοῦ.

2096 1396 2218 1450 124.
2258 1394 2493 1450 Montem
2553 1394 2738 1460 hunc,
2796 1408 2958 1462 quem
3017 1390 3305 1462 acquisivit
3366 1389 3586 1445 dextera

412 1572 538 1628 125.
579 1573 691 1630 Kal
711 1573 964 1641 ἐξέϐαλεν
998 1574 1107 1628 ἀπὸ
1132 1574 1427 1647 προσώπου
1452 1577 1629 1630 αὐτῶν
1663 1576 1787 1650 ἔθνη
1807 1595 1821 1611 ο

2014 1510 2043 1545 e
2070 1508 2153 1544 ns.

1663 1576 1787 1650 ἐθνη
1807 1595 1821 1611 ο
2041 1509 2059 1560 J
2090 1583 2212 1636 125.
2257 1582 2316 1633 Et
2354 1580 2516 1651 ejecit
2541 1596 2570 1632 ιι
2601 1578 2739 1634 facie
2780 1593 2969 1633 eorum
3002 1585 3187 1647 gentes
3222 1594 3234 1629 :

418 1662 537 1731 126.
576 1659 687 1718 Kal
724 1663 1145 1735 ἐκληροδότησεν
1174 1665 1368 1729 αὐτοὺς
1393 1668 1451 1720 ἐν
1475 1667 1691 1739 σχοινῐῳ
1719 1668 1910 1739 κληρο-

339 1752 542 1808 δοσίαε.

2092 1675 2219 1727 126.
2253 1674 2318 1729 Et
2350 1682 2498 1729 sorte
2517 1671 2704 1727 divisit
2721 1670 2872 1725 eisin
2896 1668 3140 1724 funiculo
3164 1664 3587 1723 distributionis.

406 1755 542 1819 σίας.

415 1847 537 1901 127.
578 1849 689 1901 Kal
720 1850 1130 1920 κατεσκήνωσεν
1153 1850 1210 1903 ἐν
1231 1852 1342 1914 τοῖς
1364 1848 1716 1923 σκηνώμασιν
1741 1851 1916 1906 αὐτῶν
1948 1840 1986 1899 Β

2087 1851 2206 1904 127.
2242 1850 2305 1904 Et
2339 1850 2584 1906 habitare
2614 1848 2741 1903 fecit
2772 1850 2828 1902 in
2873 1846 3235 1905 tabernaculis
3265 1859 3456 1901 eorum
3490 1843 3589 1897 tri-

342 1940 441 2004 τὰς
470 1939 639 2009 φυλὰς
666 1939 761 1993 τοῦ
800 1941 1032 2013 Ἰσραήλ.

754 1940 761 1990 ἱ
800 1941 1032 2013 Ἰσραήλ.
2014 1942 2115 1997 bus
2144 1940 2325 1996 Israel.

415 2031 538 2084 128.
579 2032 688 2085 Kal
730 2032 1047 2104 ἐπείρασαν,
1095 2035 1188 2089 καὶ
1216 2034 1628 2107 παρεπίκραναν
1657 2035 1749 2089 τὸν
1787 2035 1919 2103 Θεὸν

2091 2031 2210 2086 128.
2260 2029 2328 2100 Et
2361 2038 2738 2094 tentaveruut,
2796 2037 2849 2083 et
2902 2035 3366 2083 exacernaverunt
3422 2021 3600 2078 Deum

342 2124 435 2193 τὸν
463 2123 684 2193 ὕψιστον
702 2141 716 2155 ·

2014 2125 2290 2180 excelsum
2327 2143 2352 2178 τ

387 2252 393 2257 -
418 2215 541 2271 129.
581 2216 694 2269 Kal
725 2217 795 2271 τὰ
829 2216 1104 2290 μαρτύρια
1130 2218 1296 2272 αὑτοῦ
1320 2220 1420 2273 οὐκ
1448 2216 1798 2287 ἐφυλάξαντο.

2086 2216 2208 2272 129.
2244 2216 2309 2270 Et
2343 2215 2653 2271 testimonia
2683 2213 2805 2282 ejus
2846 2227 2957 2268 non
2985 2209 3381 2268 custodierunt.

420 2307 690 2381 130..Kal
720 2309 1087 2380 ἀπέστρεψαν,
1121 2311 1215 2363 καὶ
1246 2310 1539 2381 ἠθέτησαν,
1591 2309 1772 2374 καθὼς
1825 2309 1917 2364 καὶ

2091 2308 2213 2362 150.
2249 2306 2316 2365 Et
2341 2314 2653 2361 averterunt
2672 2311 2824 2368 se,et
2844 2320 2953 2359 non
2975 2308 3332 2361 servaverunt
3350 2307 3591 2369 pactum,

342 2394 396 2446 οί
424 2376 653 2466 πατέρες
684 2395 861 2449 αὐτῶν
881 2376 908 2427 ’⁷
944 2376 983 2419 ’⁷
1272 2376 1282 2380 ⁷
1402 2376 1414 2381 -

2025 2398 2483 2469 quemadmodum
2509 2407 2563 2452 et
2592 2406 2786 2466 patres.
2807 2410 2995 2453 eorum
3024 2412 3035 2448 :

423 2485 544 2539 151.
584 2488 1051 2560 Μετεστράφησαν
1080 2493 1158 2555 είς
1183 2490 1335 2558 τόξον
1367 2491 1638 2564 στρεϐλόν.

2101 2489 2219 2550 151.
2256 2487 2516 2553 Conversi
2546 2496 2673 2542 sunt
2703 2487 2756 2540 in
2794 2501 2981 2540 arcqu
3014 2497 3263 2554 pravum.

419 2576 539 2633 152.
580 2579 692 2637 Kal
717 2580 1074 2657 παρὼργισαν
1093 2582 1254 2638 αὑτὸν
1277 2586 1335 2637 ἐν
1354 2586 1465 2648 τοῖς
1492 2584 1699 2655 βουνοῖς
1719 2582 1914 2637 αὐτῶν·

2099 2581 2218 2634 152.
2253 2579 2319 2634 Et
2353 2579 2405 2633 iu
2455 2578 2590 2633 iram
2629 2583 3040 2641 concitaverunt
3086 2564 3209 2644 eum
3237 2575 3314 2629 .in
3365 2572 3596 2630 collibus

2026 2690 2141 2729 SUlS
2176 2693 2190 2728 ζ

1472 2846 1752 2904 ATHANA
1762 2845 1851 2903 SH
1887 2844 2475 2903 INTERPRETATIO.

418 3048 541 3117 118.
580 3048 713 3104 Ἀπὸ
758 3050 852 3105 τοῦ
885 3050 1130 3124 ἀρχηγοῦ
1159 3051 1338 3106 αὐτῶν
1370 3052 1465 3106 τοῦ
1513 3053 1760 3108 διαϐόλου
1785 3094 1801 3120 ,
1835 3056 1929 3108 καὶ

2102 3052 2222 3108 118.
2255 3051 2301 3106 Α
2331 3051 2573 3123 principe
2603 3065 2790 3105 eorum
2819 3047 3055 3114 diabolo,
3089 3055 3143 3101 et
3171 3047 3334 3100 omni
3354 3045 3473 3115 ejus
3494 3058 3598 3116 po-

349 3140 533 3213 πὰσηςι
584 3141 751 3196 αὐτοῦ
788 3145 889 3215 τῆς
943 3142 1249 3215 δυνάμεως.
1294 3144 1424 3215 Χὰμ
1468 3147 1577 3217 γὰρ
1629 3147 1920 3216 τολμηρὸς

1685 3147 1930 3216 ›.2μτιρὸς
2030 3152 2240 3200 testate.
2267 3144 2434 3200 Citam
2460 3144 2605 3198 enim
2633 3143 3021 3211 interpretatur
3055 3137 3256 3193 audax.

346 3229 729 3304 ἑρμηνεύεται.

422 3323 545 3379 119.
575 3325 685 3379 Kal
715 3325 983 3397 ἐρρύσατο
996 3325 1071 3388 ὡς
1100 3326 1195 3380 ἀπ’
1224 3326 1375 3381 ἐλέου
1411 3326 1487 3399 (1)
1506 3326 1632 3391 τοὺς
1653 3328 1931 3382 πιστεύον-

2098 3326 2221 3382 119.
2261 3324 2326 3380 Ει
2346 3323 2513 3380 veluti
2542 3337 2654 3394 prae
2679 3320 3028 3375 miseratione
3042 3316 3296 3373 liberavit
3314 3315 3601 3372 credentes

347 3431 448 3478 τας
475 3415 645 3486 αὐτῷ.

1952 3454 1999 3519 c
2028 3416 2083 3471 in
2110 3417 2308 3519 ipsum:

423 3508 544 3564 120.
574 3510 685 3565 Kal
729 3511 1004 3583 ἀνήγαγεν
1048 3512 1245 3576 αὐτοὺς
1288 3511 1396 3566 ἀπὸ
1444 3513 1544 3586 τῆς
1579 3513 1784 3585 φθορᾶς
1826 3511 1927 3583 τῆς
1955 3496 1994 3519 υ

2102 3508 2227 3563 120.
2261 3507 2328 3562 Et.
2357 3506 2572 3562 reduxit
2625 3520 2720 3560 eos
2772 3519 2803 3558 a
2850 3500 3203 3572 corruptione
3250 3496 3460 3570 peccati
3511 3512 3603 3567 per

350 3600 627 3672 ἁμαρτίας
652 3600 747 3654 τοῦ
783 3603 859 3674 (2)
884 3602 1275 3675 βαπτίσματος.
1898 3592 1903 3597 ’

1898 3592 1903 3597 ’
2029 3601 2381 3671 baptismum.
3162 3620 3164 3623 ·

404 3678 547 3745 ⁸121.
575 3693 687 3746 Kal
708 3691 992 3765 ὠδήγησαν
1024 3694 1099 3759 (5)
1121 3694 1316 3757 αὐτοὺς
1364 3697 1422 3747 ἐν
1464 3694 1669 3761 πίστει,
1710 3694 1804 3757 καὶ
1829 3695 1929 3751 οὐκ

2106 3692 2229 3747 121.
2266 3691 2332 3747 Et
2357 3690 2584 3748 deduxit
2625 3706 2721 3746 eos
2762 3690 2816 3744 in
2863 3689 3001 3753 ﬁde,
3042 3699 3099 3742 et
3148 3702 3259 3741 non
3306 3685 3604 3740 timuerunt

352 3785 700 3858 ἐφοϐήθησαν
727 3787 825 3857 τὴν
853 3787 1148 3858 ἁμαρτίαν.

760 3787 825 3857 ὴν
853 3787 1148 3858 ἁμαρτίαν.
2030 3792 2331 3853 peccatum.

424 3877 547 3932 122.
563 3876 675 3942 Τὰς
690 3878 937 3943 ἐναντίας
952 3879 1207 3950 δυνάμεις
1224 3877 1531 3932 ἐθανάτωσε
1548 3878 1609 3931 τὸ
1626 3877 1923 3950 βάπτισμα.

2102 3871 2226 3926 122.
2260 3870 2616 3926 Adversarias
2673 3877 2968 3940 potestates
3019 3866 3370 3923 mortiﬁcavit
3427 3864 3605 3945 bapti-

2031 3978 2205 4018 smus.

423 4058 548 4111 125.
567 4059 663 4120 Είς
685 4057 784 4123 τὴν
811 4056 1138 4130 Ἐκκλησίαν
1167 4057 1265 4131 (1).

1093 4076 1138 4111 ιν
1167 4057 1265 4131 (1).
2102 4053 2222 4108 125.
2257 4051 2317 4107 ln
2342 4051 2664 4108 Ecclesiam.

427 4151 551 4206 124.
592 4151 657 4205 Ἥ
691 4151 986 4223 Ἐκκλησία
1027 4151 1093 4223 ἣν
1135 4151 1210 4224 (5)
1268 4153 1662 4224 περιποιήσατο
1703 4151 1791 4207 διὰ
1835 4152 1928 4206 τοῦ

2103 4142 2226 4199 124.
2261 4141 2584 4207 Ecclesiam,
2631 4155 2795 4211 quam
2840 4138 3178 4208 comparavit
3220 4136 3443 4209 proprio
3477 4150 3609 4192 san-

354 4242 487 4295 ιδίου
512 4242 742 4312 αἵματος
769 4244 797 4296 ὁ
832 4243 1125 4314 μονογενὴς
1156 4242 1280 4307 Υἱὸς
1305 4242 1399 4296 τοῦ
1425 4243 1580 4299 Θεοῦ.

1312 4242 1399 4296 τοῦ
1425 4243 1580 4299 Θεοῦ,
2032 4235 2195 4305 guiue
2221 4235 2534 4304 unigenitus
2565 4231 2737 4287 Filius
2769 4232 2883 4287 Dei.

426 4334 550 4390 125.
593 4335 731 4398 Τοὺς
756 4335 1015 4406 δαίμονας
1038 4336 1101 4387 ἐκ
1132 4334 1240 4387 τῶν
1265 4335 1498 4405 καρδιῶν
1520 4335 1718 4389 αὐτῶν.

1583 4335 1718 4389 τῶν,
2105 4325 2230 4379 125.
2267 4325 2550 4380 Daemones
2570 4340 2634 4379 ex
2666 4324 2921 4379 cordibus
2940 4332 3154 4378 eorum.

431 4422 554 4478 126.
573 4422 860 4497 Ἐμέρισεν
893 4425 1075 4488 αὐτοῖς
1113 4425 1180 4477 τὰ
1213 4424 1527 4495 χαρίσματα
1578 4425 1676 4497 τῆς
1711 4425 1932 4496 χάριτος

1578 4425 1676 4497 τῆς
1711 4425 1932 4496 χάριτος
2108 4416 2233 4475 126.
2264 4415 2458 4472 Divisit
2487 4416 2568 4471 eis
2586 4416 2726 4471 dona
2748 4417 2935 4487 gratia:
2965 4432 3098 4470 sum.

351 4514 543 4570 αὐτοῦ.

433 4606 556 4662 127.
595 4604 707 4660 Kal
717 4605 968 4678 ἡγεῖσθαι
985 4607 1238 4679 ἐποίησεν
1253 4607 1431 4661 αὐτῶν
1446 4609 1570 4672 τοὺς
1581 4607 1929 4672 ἀποστόλους.

1798 4614 1929 4672 κους,
2105 4595 2230 4650 127.
2259 4593 2326 4649 Ει
2354 4594 2638 4649 constituit
2664 4594 2832 4649 duces
2853 4607 3043 4649 eorum
3070 4591 3369 4662 apostolos.

428 4698 554 4754 128.
598 4700 661 4752 Oi
695 4701 769 4770 μὴ
799 4700 1188 4764 πιστεύσαντες
1224 4700 1372 4771 αὐτῷ
1402 4701 1667 4755 Ἰουδαῖοι.

2107 4682 2231 4738 128.
2267 4681 2465 4749 Judaei,
2487 4683 2583 4753 qui
2612 4683 2712 4754 ipsi
2744 4696 2853 4737 non
2886 4682 3254 4737 crediderunt.

425 4788 551 4842 129.
591 4788 703 4853 Τὰς
728 4791 1032 4863 μαρτυρίας
1055 4790 1153 4855 τὰς
1181 4792 1479 4865 εἰρημένας
1505 4794 1634 4864 περὶ
1659 4791 1824 4847 αὐτοῦ
1846 4791 1934 4846 διὰ
1969 4793 1996 4847 ll

1899 4792 1934 4846 ἀ
1969 4793 2011 4847 υ
2107 4776 2232 4831 129.
2266 4773 2602 4833 Testimonia
2628 4775 2771 4830 dicta
2804 4773 2873 4829 de
2894 4773 3011 4844 ipso
3035 4788 3131 4828 per
3154 4771 3467 4841 prophetae.

349 4899 463 4936 των
499 4897 815 4955 προφητων.

430 4949 559 5038 150..
592 4949 1019 5046 καὶὴρνήσαντο
1030 4975 1212 5042 αὑτὸν,
1225 4976 1462 5042 καθὼςοὶ
1477 4976 1709 5051 πατέρες
1728 4976 1927 5031 αὐτῶν.

2111 4951 2236 5006 150.
2268 4949 2334 5005 Ει
2361 4960 2696 5023 negaverunt
2724 4965 2849 5006 eum
2870 4987 2888 5015 ,
2926 4949 3383 5019 quemadmoaum
3427 4954 3611 5018 patres

429 5129 556 5184 131.
595 5130 692 5194 Είς
717 5130 1060 5186 διδασκαλίαν
1085 5132 1185 5185 οὐκ
1216 5132 1402 5204 ὀρθήν.

2034 5060 2247 5100 eorum.

2111 5134 2235 5189 151.
2269 5132 2326 5187 In
2354 5133 2657 5189 doctrinam
2689 5148 3034 5202 perversam._

431 5220 559 5286 152,
601 5221 720 5281 155.
738 5222 830 5277 Ἐν
856 5225 979 5289 ταῖς
1003 5221 1253 5296 καρδίαις
1279 5224 1477 5281 αὐτῶν.

1421 5242 1477 5281 ›ν.
2112 5226 2237 5291 152,
2276 5224 2478 5282 155.1η
2500 5224 2758 5280 cordibus
2781 5240 2992 5286 eorum.

1321 5409 1630 5474 Addenda
1661 5418 1725 5477 et
1746 5412 2131 5492 corrigenda
2161 5430 2243 5476 ex
2274 5418 2416 5475 cod.
2456 5413 2661 5476 Vatic.

705 5615 915 5695 ζέοντος
2120 5622 2197 5693 (4)
2241 5623 2351 5695 Τὴν
2389 5623 2715 5695 Ἐκκλησίαν
2744 5622 2909 5695 λέγει.

435 5686 515 5806 (Ξζ
541 5686 638 5772 ᾼιὰ
655 5687 770 5740 τοῦ.

435 5754 493 5806 (3
566 5756 856 5806 Ωδήγησεν.

2236 5686 2345 5767 Τήν
2384 5686 2732 5765 Ἐκκλησίαν,
2757 5686 2844 5765 ἢν,
2873 5702 2984 5749 etc.

434 5754 515 5827 (5)
550 5756 856 5828 Ὠδήγησεν.
