3978 6204
410 322 509 377 99ὶῖ
1248 316 1305 371 S.
1355 316 1726 373 ATHANASII
1777 320 1932 377 OPP.
1973 322 2157 379 PARS
2193 322 2281 378 111.
2322 351 2391 362 -
2429 317 2833 375 EXEGETICA.
3534 317 3640 372 988

483 436 534 488 5.
569 432 871 488 Posnernnt
897 431 1228 488 Hierusalem
1255 435 1401 488 velut
1432 434 1535 508 [in]
1571 452 1853 506 pomorum
1882 454 1980 493 cu-
2011 442 2054 499 Α

2155 439 2209 494 ’5.
2249 432 2471 491 Ἐθεντο
2523 435 2871 506 Ἰερουσαλὴμ
2896 435 2970 498 ὡς
3002 432 3129 506 [είς]
3166 432 3635 504 όπωροφυὶάκιοψ

415 528 643 584 stadiam
680 546 693 581 :

487 620 537 673 1.
570 617 873 677 Posuernnt
907 616 1209 671 morticinia
1246 632 1526 672 servorum
1572 624 1790 671 tuorum
1829 630 1982 672 escas

2156 614 2208 667 4.
2241 613 2461 667 Ἐθεντο
2482 612 2550 666 τὰ
2575 613 2869 685 θνησιμαϊα
2900 612 3006 665 τῶν
3035 610 3234 664 δούλων
3268 628 3360 664 σου
3384 609 3643 683 βρώματα

416 710 729 771 volatilibus
762 707 883 762 cceli
922 726 934 760 ε

2082 709 2192 769 τοῖς
2226 708 2486 768 πετεινοῖς
2505 705 2598 758 τοῦ
2624 704 2850 777 ούρανοῦ
2872 722 2886 736 ο

488 802 539 855 5.
572 800 777 854 Carnes
807 804 1120 852 sanctorum
1150 804 1365 850 tuorum
1400 795 1585 851 bestiis
1617 805 1792 852 terrae.

2155 800 2205 854 5.
2239 799 2349 861 Τὰς
2371 800 2577 871 σάρκας
2602 798 2709 852 τῶν
2731 799 2889 852 ὁσίων
2914 815 3006 851 σου
3028 799 3139 860 τοῖς
3165 796 3373 868 θηρίοις
3396 796 3495 860 τῆς
3522 796 3642 867 γῆς.

489 891 541 945 6.
572 890 887 944 Eﬂ‘uderunt
927 887 1240 958 sanguinem
1287 902 1472 940 eorum
1504 896 1757 959 tanquam
1786 905 1982 960 aquam

2156 892 2211 945 6.
2246 890 2497 960 Ἐξέχεαν
2547 890 2609 943 τὸ
2640 889 2780 962 αἷμα
2806 889 2982 943 αὐτῶν
3008 888 3140 943 ὡσεὶ
3172 888 3314 961 ὕδωρ
3357 888 3539 961 κύκλῳ
3573 888 3643 959 (a)

420 986 472 1038 in
508 983 738 1038 circ-nitu
775 980 1133 1035 Hierusalem.

898 982 1133 1035 ’usalem.
2098 985 2263 1056 Ἰερου
2272 984 2402 1055 σαλή
2412 1002 2469 1054 μ.

398 1060 403 1065 Α
495 1073 545 1126 7.
579 1071 644 1125 Et
672 1087 777 1125 non
809 1081 927 1126 eral.
948 1072 1041 1142 qui
1072 1072 1348 1141 sepeliret.

1342 1111 1348 1124 .
2159 1074 2209 1127 7.
2252 1073 2356 1126 Καὶ
2390 1074 2489 1126 ούκ
2517 1067 2585 1143 ἦν
2615 1072 2643 1125 6
2675 1072 2913 1127 θάπτων.

491 1162 543 1214 8.
579 1160 724 1216 Facti
757 1176 949 1217 smnus
978 1162 1335 1233 opprobrium
1372 1161 1568 1217 vicinis
1591 1162 1793 1218 nostris
1831 1178 1845 1214 :

2159 1167 2215 1220 8.
2247 1166 2610 1237 Ἐγενήθημεν
2633 1165 2830 1229 ὄνειδος
2858 1167 2969 1229 τοῖς
2995 1164 3227 1235 γείτοσιν
3257 1164 3442 1237 ἡμῶν·

493 1256 545 1309 9.
582 1254 949 1311 Snbsannatio
978 1263 1028 1311 et
1068 1256 1249 1311 illusio
1279 1257 1383 1321 his,
1423 1256 1514 1327 qui
1545 1256 1597 1310 in
1633 1256 1861 1312 circuitu
1890 1271 1981 1311 no-

2160 1259 2215 1314 9.
2248 1257 2645 1330 Μυκτηρισμδς
2678 1257 2772 1311 καὶ
2800 1256 3100 1331 χλευασμὸς
3122 1260 3233 1321 τοῖς
3257 1257 3439 1329 κύκλῳ
3470 1258 3642 1330 ἡμῶν.

423 1357 540 1402 stt'o
575 1355 725 1401 sunt.

496 1438 581 1492 10.
620 1439 933 1509 Usquequo.
975 1437 1220 1504 Domine,
1258 1436 1512 1491 irasceris
1547 1436 1599 1489 in
1637 1435 1793 1488 tinem
1826 1433 1849 1486 2

2163 1438 2249 1491 10.
2292 1438 2435 1503 Ἕως
2465 1436 2617 1499 πότε,
2655 1436 2847 1508 Κύριε,
2883 1434 3184 1512 όργισθήσῃ
3215 1436 3295 1500 είς
3329 1436 3512 1503 τέλος

498 1531 584 1584 11.
623 1530 963 1585 Accendetur
988 1530 1135 1584 velut
1166 1530 1302 1599 ignis
1336 1531 1485 1583 zelus
1511 1527 1681 1581 tuus?

2164 1531 2252 1583 11.
2280 1528 2713 1599 Ἑκκαυθὴσεται
2736 1527 2810 1591 ὡς
2836 1526 2946 1600 πῦρ
2970 1530 2997 1581 6
3020 1526 3177 1599 ζῆλός
3206 1545 3328 1593 σους

505 1621 588 1674 12.
624 1620 850 1675 Etl'unde
901 1620 1038 1674 iram
1078 1628 1230 1673 tuam
1277 1618 1330 1673 in
1376 1627 1585 1688 gentes,
1630 1631 1751 1688 quze
1790 1623 1843 1669 te
1886 1628 1992 1667 non

2165 1621 2253 1675 12.
2288 1622 2514 1691 ’Έκχεον
2544 1620 2643 1692 τὴν
2669 1619 2836 1691 ὀργήν
2870 1636 2961 1671 σου
2988 1621 3080 1673 ἐπὶ
3107 1619 3176 1674 τὰ
3202 1620 3351 1691 ἔθνη,
3380 1618 3448 1673 τὰ
3473 1620 3545 1692 μὴ
3568 1638 3647 1689 γι-

427 1719 716 1771 noverunt,

2029 1780 2062 1787 Α
2095 1713 2372 1767 νώσκοντά
2400 1731 2477 1768 σε.
2986 1783 2990 1787 ε

504 1801 588 1855 15.
628 1801 696 1855 Et
737 1799 791 1853 in
823 1813 1009 1869 regna,
1040 1812 1162 1867 quae
1198 1810 1394 1851 nomen
1440 1805 1592 1850 tuum
1638 1808 1745 1848 non
1774 1793 1994 1847 invoca-
2029 1780 2071 1840 Β

2150 1805 2259 1858 -15.
2286 1806 2397 1859 Καὶ
2425 1805 2517 1859 ἐπὶ
2550 1805 2840 1878 βασιλείας,
2870 1805 2927 1859 αἶ
2954 1783 3015 1859 τδ
3044 1803 3213 1878 ὄνομά
3233 1823 3324 1860 σου
3346 1805 3444 1858 ούκ
3464 1806 3652 1858 ἐπεκα-

427 1900 642 1946 νυτηηῑ.

2102 1896 2343 1951 λέσαντο.

502 1983 588 2037 Η-
621 1981 759 2048 Ουίδ
792 1976 1146 2036 θοωθάθνυηι
1178 1974 1369 2037 ³³οοδν
1395 1982 1450 2028 θῑ
1477 1974 1658 2029 locum
1694 1972 1813 2042 eius
1834 1970 1997 2025 deso’
2174 1988 2261 2042 11.
2295 1989 2416 2043 Ὀτι
2449 1989 2754 2060 κατέφαγον
2779 1990 2867 2044 τὸν
2888 1989 3097 2047 Ἰακὼϐ.
3134 1990 3226 2043 καὶ⁵
3252 1990 3344 2045 τὸν
3371 1990 3534 2044 τόπον
3560 1991 3653 2043 αύ-

430 2074 701 2128 iaverunt.
1524 2136 1530 2143 _

1524 2136 1530 2143 _
2105 2079 2198 2134 τοῦ
2231 2082 2336 2153 ηρή
2346 2100 2550 2152 μωσαν.
2629 2081 2646 2103 ⁸

508 2168 591 2224 15.
621 2166 697 2222 Ne
735 2165 1054 2223 memineris
1098 2163 1446 2234 iniquitatum
1492 2168 1807 2216 nostrarum
1855 2159 1998 2213 anti-

1855 2159 1998 2213 ami'
2177 2173 2263 2227 15.
2289 2175 2379 2246 Μὴ
2412 2175 2651 2247 μνησθῇς
2684 2175 2838 2246 ἡμῶν
2867 2173 3102 2245 ἀνομιῶν
3133 2173 3404 2246 ἀρχαίων

431 2274 663 2330 quarum
695 2277 709 2312 :

504 2349 593 2404 16.
622 2349 743 2404 Cito
784 2344 1079 2415 anticipent
1129 2359 1232 2399 nos
1284 2341 1670 2399 misericordia:
1724 2350 1848 2408 tute,
1894 2340 2000 2395 Do—

2179 2349 2265 2403 16.
2302 2349 2451 2419 Ταχὺ
2492 2350 3051 2421 προκαταλαϐἐτωσαν
3104 2352 3251 2423 ἡμᾶς
3300 2352 3349 2403 οἱ
3398 2349 3657 2421 οἰκτιρμοί

434 2441 620 2495 mine:

2109 2458 2223 2502 σου,
2253 2439 2426 2509 Κύριε
2442 2457 2454 2470 ⁸

507 2532 595 2586 17.
630 2530 768 2598 Quia
789 2542 1059 2600 pauperes
1092 2524 1218 2581 facti
1247 2537 1438 2578 sumus
1462 2519 1648 2574 nimis.

1556 2519 1648 2574 iis.
2181 2530 2269 2583 17.
2307 2531 2429 2585 Ὅτι
2460 2531 2878 2602 ὲπτωχεύσαμεν
2910 2531 3127 2602 σφόδρα.

508 2622 596 2676 18.
628 2622 837 2691 Adjuva
871 2636 993 2681 nos.
1026 2618 1168 2673 Dens
1196 2615 1451 2671 salutaris
1471 2621 1656 2667 noster
1689 2629 1704 2666 :

2180 2620 2268 2681 18.
2296 2621 2569 2693 Βοήθησον
2597 2623 2757 2691 ἡμῖν,
2790 2624 2819 2675 ό
2846 2622 2975 2685 θεὸς
3004 2625 3033 2675 6
3054 2622 3241 2694 Σωτὴρ
3271 2621 3453 2693 ἡμῶν·

510 2713 596 2769 19.
622 2712 851 2784 Propter
884 2711 1110 2783 gloriam
1147 2707 1385 2763 nominis
1425 2705 1525 2770 tui,
1551 2703 1799 2768 Domine,
1838 2702 2007 2756 libera

2189 2711 2269 2765 19.
2311 2714 2531 2765 ’Ἕνεκεν
2565 2713 2663 2784 τῆς
2689 2713 2845 2785 δόξης
2872 2711 2966 2766 τοῦ
3012 2713 3271 2782 ὀνόματός
3314 2729 3407 2766 σου
3425 2724 3449 2777 ,’
3475 2710 3659 2784 Κύριε,

437 2821 541 2862 nos
565 2824 579 2859 ε

2115 2803 2276 2874 ρὗαι
2308 2806 2456 2874 ἡμᾶς
2473 2822 2487 2841 ο
2906 2830 2932 2879 σν

508 2896 601 2951 20.
635 2894 703 2949 Ει
732 2890 997 2964 propitius
1021 2896 1139 2944 esto
1165 2885 1403 2957 peccatis
1431 2884 1635 2939 nostris
1667 2898 1886 2957 propter
1911 2904 2009 2943 no-

2179 2894 2267 2949 20.
2304 2898 2412 2949 Καὶ
2446 2896 2689 2970 ἱλάσθητι
2717 2900 2837 2962 ταῖς
2871 2897 3164 2969 ἁμαρτίαις
3196 2896 3352 2968 ἡμῶν
3379 2894 3670 2951 ἕνεκεν-τοῦ

438 3003 565 3043 men
592 2998 769 3042 tuum.

2113 2986 2375 3057 ὀνόματός
2403 3005 2511 3041 σου.

513 3078 590 3149 (a)
614 3075 770 3133 Vers.
798 3074 848 3130 7.
876 3073 1095 3145 Κύκλῳ,
1119 3083 1249 3136 etc.,
1272 3084 1446 3140 usque
1466 3068 1534 3124 ad
1557 3068 1796 3122 θάπτων.

1561 3159 1932 3213 ATHANASII
1976 3159 2563 3221 INTERPRETATIO.

515 3258 569 3311 3.
599 3256 709 3311 Cor
751 3264 999 3311 nostrum
1038 3253 1228 3308 videns
1277 3261 1578 3322 posuerunt
1623 3253 1677 3306 in
1721 3253 2012 3307 desolatin-
2042 3266 2081 3318 ρ

2185 3260 2236 3314 5.
2263 3262 2371 3332 Τὴν
2404 3260 2629 3332 καρδίαν
2680 3259 2851 3332 ἡμῶν.
2875 3260 2972 3331 τὴν
3000 3259 3213 3331 ὁρῶσαν
3259 3258 3334 3328 (I)
3379 3256 3562 3311 ἔθεντο
3602 3257 3676 3320 εἰς

445 3366 567 3404 nem
579 3390 592 3403 .

2119 3355 2413 3423 ἐρήμωσιν.

515 3439 570 3494 4.
602 3436 940 3494 Adversariaz
965 3442 1260 3504 potestates
1290 3431 1507 3487 Judmos
1532 3439 1776 3487 mortuos
1794 3430 1864 3482 ob
1890 3446 2018 3496 pec-

2189 3446 2243 3498 ι1.
2281 3444 2503 3498 Ἕθεντο
2532 3446 2611 3507 είς
2636 3444 2900 3498 ἀνάλωσιν
2928 3445 2983 3496 αί
3015 3442 3251 3497 ἐναντίαι
3276 3440 3533 3510 δυνάμεις
3558 3440 3676 3502 τοὺς

446 3539 627 3588 catum
649 3535 949 3599 posuerunt
986 3528 1040 3580 in
1071 3526 1564 3594 consutnptionem,

2133 3539 2414 3602 Ἰουδαίους
2439 3539 2565 3600 τοὺς
2591 3536 2961 3607 νεκρωθέντας
2983 3534 3068 3587 διὰ
3094 3534 3193 3603 τῆς
3225 3531 3496 3604 ἁμαρτίας

519 3623 572 3677 5.
610 3620 778 3676 Filios
803 3619 1100 3682 Abraham,
1117 3628 1170 3677 et
1192 3617 1361 3680 Isaac,
1389 3625 1440 3673 et
1459 3615 1627 3672 Jacob
1645 3615 1790 3684 ipsos
1806 3613 2020 3670 Judscos

2191 3630 2242 3683 :‘5.
2285 3630 2421 3692 Τοὺς
2451 3629 2599 3691 υἱοὺς
2641 3627 2920 3697 Ἀϐραὰμ,
2978 3625 3072 3677 καὶ
3106 3623 3290 3677 Ἰσαὰκ
3314 3662 3329 3686 ,
3359 3622 3454 3676 καὶ
3494 3619 3676 3675 Ἰακὼϐ

449 3711 748 3765 immundis
775 3710 1080 3780 spiritibus.

2131 3723 2245 3784 τοὺς
2279 3722 2474 3784 αὐτοὺς
2518 3719 2801 3781 Ἰουδαίους
2850 3720 2959 3781 τοῖς
2990 3716 3316 3789 ἀκαθάρτοις
3361 3714 3673 3786 πνεύμασιν.

520 3804 576 3856 6.
599 3802 825 3857 Animas
852 3818 1043 3857 eorum
1078 3803 1131 3855 in
1157 3802 1533 3870 perditionem.

2193 3813 2245 3867 6.
2274 3811 2383 3876 Τὰς
2414 3810 2590 3882 ψυχὰς
2626 3809 2802 3863 αὐτῶν
2827 3811 2904 3872 εἰς
2925 3807 3218 3862 ἀπώλειαν.

523 3892 577 3950 7.
605 3894 666 3947 In
694 3893 951 3950 universo
976 3892 1179 3948 mundo
1205 3908 1313 3951 non
1348 3903 1434 3953 est
1455 3890 1791 3953 mortiﬁrans
1831 3904 2022 3958 peccao

2195 3906 2249 3958 7.
2275 3905 2363 3958 Ἐν
2388 3904 2492 3975 ὅλῳ
2510 3902 2589 3974 τῷ
2604 3902 2791 3974 κόσμῳ
2807 3903 2905 3954 οὐκ
2920 3900 3064 3955 ἐστιν
3081 3902 3110 3952 6
3126 3898 3370 3954 θανατῶν
3391 3897 3489 3969 τὴν
3511 3897 3676 3969 ἁμαρ-

449 3992 585 4041 tum.

2126 3998 2265 4051 τίαν.

515 4080 571 4135 8.
603 4077 948 4134 Adversariis
971 4077 1354 4148 potestatibus.

2194 4089 2247 4143 8.
2285 4090 2418 4151 Ταῖς
2447 4086 2717 4150 ἐναντίαις
2747 4086 3022 4155 δυνάμεσι.

521 4170 575 4225 9.
611 4170 752 4239 Ipsis
779 4168 1053 4224 similiter.

2198 4179 2252 4233 9.
2286 4178 2411 4238 Τοῖς
2439 4176 2621 4238 αὐτοῖς
2652 4173 2727 4245 (2)
2759 4174 2958 4245 ὁμοίως
2990 4173 3087 4245 (a).

524 4257 613 4319 10.
642 4258 823 4326 Quare
849 4260 1079 4314 omnino
1109 4258 1284 4314 iratus
1312 4274 1394 4315 es.

2198 4268 2285 4322 10.
2315 4264 2412 4321 Ᾰιὰ
2440 4266 2492 4320 τί
2518 4266 2738 4330 τελείως
2762 4265 3051 4337 ὀργισθῇςς

528 4351 614 4405 11.
652 4350 853 4405 Contra
877 4350 1176 4405 daemones.

2203 4360 2288 4416 11.
2322 4359 2479 4414 Κατὰ
2510 4358 2617 4413 τῶν
2649 4357 2934 4429 δαιμόνων.

521 4440 609 4495 1‘2.
642 4440 702 4493 In
727 4440 877 4508 ipsos
906 4439 1181 4494 exercitus
1204 4439 1435 4496 inimici.

2200 4454 2286 4507 η.
2333 4454 2455 4506 Ἐπὶ
2485 4454 2584 4516 τὰς
2609 4451 2777 4515 αὐτὰς
2814 4450 2906 4505 τοῦ
2931 4449 3125 4522 ἐχθροῦ
3163 4449 3437 4522 στρατιάς.

521 4532 612 4589 15.
640 4530 944 4587 Potestates
977 4532 1200 4587 diaboli.

2060 4615 2087 4618 _
2204 4545 2293 4618 1?).
2326 4546 2391 4597 Al
2419 4543 2514 4597 τοῦ
2546 4542 2790 4596 διαϐόλου
2825 4542 3099 4611 δυνάμεις.

527 4626 617 4680 “-
650 4622 964 4678 Judmrum
996 4623 1278 4693 Populumo
1304 4631 1361 4678 ει
1391 4624 1553 4678 Corda
1586 4637 1797 4679 θθνυιη·
2060 4615 2103 4668 D
2207 4615 2289 4691 11.
2317 4635 2420 4689 Τὸν
2436 4636 2563 4690 λαὸν
2580 4634 2687 4688 τῶν
2716 4633 3001 4697 Ἰουδαίων,
3029 4631 3240 4696 καὶτὰς
3260 4631 3484 4703 καρδίας
3500 4628 3683 4684 αὐτῶν.

528 4718 615 4772 15.
629 4716 759 4784 Quae
776 4725 873 4783 tot,
892 4716 1168 4785 tantisque
1181 4716 1514 4784 temporibus
1527 4724 1865 4786 congregatae
1879 4725 2024 4768 sunt.

1951 4725 2024 4768 ιιι·
2210 4732 2292 4785 15.
2328 4729 2447 4784 Τῶν
2480 4729 2572 4783 ἐπὶ
2603 4726 2872 4782 τοσούτων
2898 4725 3101 4798 χρόνων
3140 4722 3522 4795 συναχθεισῶν.

528 4813 617 4869 10.
649 4813 950 4882 Antequam
987 4812 1335 4867 absolvamus
1367 4810 1530 4866 vitam
1564 4821 1825 4866 nostram.

2207 4827 2293 4882 16.
2325 4827 2438 4898 Πρὸ
2461 4824 2557 4879 τοῦ
2589 4823 2874 4895 πληρῶσαι
2899 4823 3045 4895 ἡμᾶς
3079 4822 3168 4874 τὸν
3208 4820 3319 4890 βίον
3347 4818 3521 4890 ἡμῶν.

531 4904 620 4967 1'7,
660 4903 745 4959 18.
770 4902 1039 4969 Quoniam
1067 4902 1290 4957 oinnino
1315 4902 1571 4958 denudati
1603 4919 1794 4957 sumus
1827 4899 2029 4954 auxilio

2203 4920 2290 4984 17,
2332 4918 2417 4972 18.
2459 4919 2579 4971 Ὅτι
2595 4916 2805 4986 γυμνοὶξ
2821 4915 3123 4984 γεγόναμεν
3153 4918 3328 4982 πάντη
3357 4909 3463 4963 ἀπὺ
3480 4909 3577 4978 τῆς
3599 4908 3690 4976 σῆς

459 5006 577 5063 ιυο,
616 5011 762 5051 nunc
788 4994 1020 5064 elargire
1044 4995 1201 5050 nobis
1253 4995 1419 5058 istud,
1458 4993 1601 5048 Deus
1640 4993 1891 5047 Salvator
1934 5006 2030 5043 no-

2140 5011 2415 5082 βοηθείας,
2442 5009 2537 5063 νῦν
2565 5006 2806 5080 δώρησαι
2834 5008 2963 5077 ἡμῖν
2988 5004 3211 5074 ταύτην,
3232 5005 3260 5055 6
3288 5002 3417 5065 Θεὸς
3446 5002 3475 5053 6
3511 4999 3686 5077 Σωτὴρ

493 5099 597 5145 ter.

462 5098 490 5145 ε
531 5180 619 5235 19.
646 5179 918 5245 Quoniam
947 5176 1213 5247 benignus
1237 5190 1317 5230 es.
1934 5260 1963 5261 η

1934 5260 1963 5261 Π
2135 5107 2312 5245 wits):
2326 5193 2448 5243 Ὅτι
2476 5189 2855 5261 φιλάνθρωπος
2882 5187 3164 5259 ὑπάρχεις.

532 5270 627 5326 20.
666 5270 936 5336 Quoniam
964 5269 1297 5329 misericors,
1319 5275 1374 5321 et
1398 5264 1602 5320 iaciens
1632 5260 2035 5318 misericordias

1859 5260 2035 5314 ονδίθδ
2208 5281 2297 5335 20.
2343 5281 2404 5334 Ὀ
2428 5281 2673 5356 ἐλεήμων
2700 5281 2796 5337 καὶ
2821 5278 3116 5358 οἰκτίρμων
3144 5273 3430 5347 ὀνομάξειι.

465 5374 791 5415 nominat-Is.

1408 5425 1715 5488 Addenda
1749 5429 1810 5485 et
1840 5416 2217 5499 corrigenda
2248 5433 2324 5476 ex
2359 5414 2501 5476 cod.
2558 5412 2757 5474 Vatic.

543 5528 620 5602 (1)
666 5532 910 5605 Ὀρῶσάν
945 5550 1025 5587 σε,
2217 5521 2295 5591 (‘2)
2324 5519 2448 5583 Τοῖς
2476 5519 2660 5582 αὐτοῖς
2688 5517 3016 5590 ἀκαθάρτοις
3051 5513 3377 5587 πνεύμασιν.

545 5639 620 5707 (a)
649 5637 782 5712 Post
829 5658 956 5712 pag.
1010 5642 1113 5695 112
1169 5658 1288 5711 qua:
1328 5639 1571 5708 sequitur
1632 5638 1827 5712 pagina
1884 5632 2229 5712 desideratur
2257 5647 2272 5695 ;
2300 5630 2393 5712 “ob
2452 5630 2613 5712 idque
2659 5629 3039 5712 deesgtcxtus
3086 5635 3141 5683 et
3190 5620 3622 5686 commentarius
3666 5630 3695 5669 ι

472 5701 613 5765 vers.
651 5710 711 5763 l2
743 5701 935 5779 psa'lmvi
963 5713 1124 5783 hujus
1159 5701 1387 5778 L'xxvm,
1409 5701 1523 5764 ὐπς’
1562 5701 1682 5764 cuin
1705 5701 2168 5775 interpretatione
2196 5701 2332 5757 tituli
2366 5701 2561 5766 psalmi
2588 5701 2882 5762 sequentis.
