4004 6212
455 330 553 384 92)!
1331 333 1390 388 S.
1432 333 1798 392 ATIIANASII
1840 337 1988 392 UPP.
2026 334 2206 391 PARS
2245 336 2330 392 lll.
2373 364 2442 376 ——
2481 330 2866 388 EXEGETICA
3574 329 3681 383 992

514 443 570 498 2.
607 441 710 510 Qui
745 444 971 501 deducis
1003 447 1149 500 velut
1181 462 1338 502 ovem
1363 447 1583 520 Joseph.
2041 457 2084 510 A

2041 457 2084 510 A
2182 453 2238 506 2.
2287 453 2346 506 '0
2380 449 2592 522 ὁδηγῶν
2623 449 2752 501 ὡσεὶ
2786 445 3047 518 πρόϐατον
3074 445 3163 497 τὸν
3201 443 3395 513 Ἰωσήφ

517 535 571 591 5.
600 537 702 604 Qui
732 538 886 592 sedes
909 553 1070 607 super
1096 539 1399 607 cherubim,
1435 543 1806 606 manifestare,

2185 547 2242 600 5.
2281 547 2338 598 Ὀ
2364 544 2669 616 καθήμενος
2695 542 2787 594 ἐπὶ
2819 540 2925 593 τῶν
2959 538 3240 609 χερουὸὶμ,
3281 535 3595 607 ὲμφάνηθιη

513 629 568 683 4.
596 629 791 683 Coram
824 628 1081 698 Ephraim
1112 639 1165 685 et
1192 632 1470 700 Benjaniin
1511 647 1564 690 et
1592 636 1862 692 Manasse.

2183 638 2236 692 4.
2273 637 2543 690 Ἐναντίον
2583 633 2820 706 Ἐφραῖμ
2858 633 2951 686 καὶ
2985 632 3239 701 Βενιαμὶν
3267 631 3358 681 καὶ
3394 629 3678 699 Μανασσῆ.

515 723 569 776 5.
628 721 814 776 Excila
872 724 1166 792 potentiam
1215 734 1383 792 tuam,
1436 737 1490 783 et
1525 731 1668 796 veni,
1721 740 1780 785 ut
1833 733 2012 786 salvos

2184 728 2237 784 ὅ.
2285 729 2587 802 Ἐξὲγειρον
2611 729 2708 798 τὴν
2743 723 3053 780 δυναστείαν
3081 741 3194 786 σου,
3239 722 3332 775 καὶ
3368 720 3487 774 ὲλθὲ
3521 722 3599 783 είς
3626 721 3683 772 τὸ

447 803 615 859 facias
649 820 772 860 nos.
1453 856 1470 876 ,

1453 856 1470 876 ι
2057 888 2068 893 Δ
2114 820 2278 878 σῶσαι
2303 824 2336 893 ἡ
2347 824 2469 892 μᾶς.

516 889 568 950 6.
603 894 768 961 Deus,
797 909 1052 954 converte
1075 915 1196 963 nos,
2056 888 2069 902 ’

2056 888 2069 902 .
2181 914 2232 968 ϐ.
2277 888 2512 976 'O-‘Gebq,
2544 909 2863 982 ὲπίστρεψον
2886 908 3049 979 ἡμᾶς,

511 988 567 1046 ’1.
599 987 664 1042 Et
693 992 918 1046 ostende
951 991 1145 1048 faciem
1177 1005 1346 1059 tuam,
1377 1005 1428 1050 ct
1459 995 1594 1052 salvi
1626 999 1850 1054 erimus.

2183 1010 2235 1063 τ.
2288 1008 2398 1062 Καὶ
2447 1007 2710 1076 ὲπίφανον
2771 1005 2831 1058 τὸ
2884 997 3169 1073 πρόσωπόν
3199 1013 3313 1058 σου,
3362 995 3452 1048 καὶ
3513 997 3683 1068 σωθη-

2113 1099 2332 1170 σόμεθα.

512 1169 568 1225 8.
603 1169 830 1226 Domine
864 1172 1008 1227 Deus
1031 1173 1315 1235 virtutum.

2180 1169 2232 1246 8.
2266 1190 2437 1261 Κύριε
2463 1189 2491 1240 ὁ
2515 1188 2646 1250 θεὸς
2673 1187 2780 1240 τῶν
2811 1185 3107 1255 δυνάμεων,

513 1262 568 1317 9.
605 1261 903 1333 Quousque
931 1265 1187 1321 irasceris
1210 1283 1374 1338 super
1397 1271 1694 1326 orationem
1728 1290 2008 1330 servorum

2176 1283 2231 1338 9.
2268 1281 2414 1345 Ἕως
2446 1280 2574 1333 πότε
2600 1278 2790 1349 ὀργίζῃ
2825 1277 2914 1328 ὲπὶ
2957 1276 3055 1347 τὴν
3107 1273 3410 1346 προσευχὴν
3437 1271 3541 1324 τῶν
3563 1269 3679 1325 δού-

443 1360 661 1410 tuorum
691 1355 715 1408 τ

2109 1376 2214 1432 λων
2239 1392 2330 1428 σου
2353 1391 2365 1439 ;

519 1445 604 1500 10.
635 1445 856 1501 Cibahis
892 1464 992 1502 nos
1023 1464 1161 1517 pane
1195 1449 1553 1521 lacrymarum
1584 1472 1598 1505 ε

2183 1465 2270 1519 10.
2303 1465 2552 1535 Ψωμιεῖς
2577 1463 2723 1532 ἡμᾶς
2756 1460 2916 1532 ἄρτον
2945 1457 3209 1529 δακρύων·

516 1538 603 1590 11.
639 1537 704 1592 Ει
749 1549 937 1608 potum
971 1540 1127 1594 dabis
1164 1541 1321 1596 nobis
1372 1541 1425 1594 in
1473 1543 1728 1614 lacrymis
1777 1544 1827 1597 in
1862 1561 2012 1599 men—

1903 1561 2012 1599 icn—
2178 1559 2264 1622 11,
2298 1558 2407 1618 Καὶ
2438 1558 2638 1618 ποι-διεῖς
2662 1555 2806 1624 ἡμᾶς
2835 1555 2892 1607 ὲν
2920 1552 3179 1620 δάκρυσιν
3204 1550 3261 1605 ἐν
3288 1546 3484 1618 μέτρῳ.

442 1645 594 1684 sura.

515 1723 605 1779 12.
640 1723 880 1782 Posuisti
929 1743 1030 1782 nos
1066 1729 1120 1781 in
1153 1730 1641 1786 contradictionem
1689 1730 1884 1785 vicinis
1912 1745 2009 1784 no-

2186 1738 2272 1792 l2.
2297 1735 2461 1790 Ἔθου
2497 1733 2643 1806 ἡμᾶς
2674 1731 2751 1796 είς
2779 1728 3082 1799 ἀντιλογίαν
3110 1727 3220 1791 τοῖς
3244 1726 3475 1796 γείτοσιν
3504 1724 3653 1796 ἡμῶν

443 1815 570 1868 stris
605 1834 616 1867 :
2043 1807 2085 1868 Β

516 1906 600 1959 15.
646 1905 713 1959 Et
745 1905 952 1964 inimici
985 1908 1161 1962 nostri
1190 1909 1664 1963 subsannaverunt
1693 1925 1811 1963 nos.

2184 1913 2269 1968 15.
2299 1911 2409 1965 Καὶ
2443 1913 2489 1964 οἱ
2517 1910 2699 1981 ἐχθροὶ
2723 1906 2880 1979 ἡμῶν
2901 1907 3270 1978 ὲμυκτήρισαν
3295 1903 3456 1972 ἡμᾶς.

519 1997 607 2051 14.
653 1997 884 2052 Domine
912 1999 1054 2055 Deus
1093 2003 1376 2068 virtutum,
1411 2011 1664 2056 converte
1695 2017 1795 2055 nos
1823 2022 1835 2055 :

2184 2006 2268 2059 14.
2288 2005 2460 2076 Κύριε
2491 2007 2519 2057 ὁ
2548 2003 2678 2066 Θεὸς
2705 2001 2811 2054 τῶν
2843 1999 3140 2070 δυνάμεων.
3173 1995 3490 2066 ὲπίστρεψον
3511 1994 3673 2064 ἡμᾶς·

514 2089 601 2144 15.
646 2088 712 2144 Ει
741 2091 969 2146 ostende
995 2091 1188 2148 faciem
1223 2103 1392 2160 tuam,
1431 2103 1484 2148 et
1514 2094 1647 2148 salvi
1680 2093 1904 2152 erimus.

2186 2097 2273 2150 15.
2308 2095 2417 2150 Καὶ
2475 2094 2735 2164 ὲπίφανον
2781 2090 2842 2144 τὸ
2875 2088 3160 2163 πρόσωπόν
3215 2103 3330 2145 σου.
3375 2085 3467 2138 καὶ
3509 2083 3675 2153 σωοηα

2111 2187 2335 2260 σόμεθα.

1056 2270 1392 2342 Diapsalma.

2745 2274 3075 2342 Διάψαλμα.

515 2361 600 2417 16.
644 2360 863 2414 Vineam
900 2371 966 2415 de
994 2362 1228 2434 Egypto
1262 2365 1612 2426 transmlisti,

2188 2367 2273 2422 16.
2314 2366 2591 2436 Ἀμπελον
2620 2363 2679 2430 ἐξ
2704 2365 2975 2432 Αἰγύπτου
2999 2364 3258 2432 μετῆρας.

516 2454 602 2508 17.
636 2453 854 2522 Ejecisti
888 2467 1093 2525 gentes,
1124 2467 1178 2512 et
1206 2459 1456 2527 plantasti
1488 2475 1632 2513 eam.

2189 2456 2273 2514 17.
2309 2453 2586 2520 Ἐξέόαλες
2621 2455 2768 2523 ἔθνη,
2803 2453 2898 2506 καὶ
2925 2451 3324 2520 κατεφύτευσας
3350 2449 3535 2518 αὑτήν.

1561 2658 1932 2714 ATHANASII
1974 2655 2552 2714 INTERPRETATIO.

509 2871 565 2924 2.
599 2870 1010 2927 Convertentem
1038 2887 1116 2936 se,
1147 2881 1200 2925 et
1230 2873 1514 2926 liberatum
1553 2887 1583 2927 a
1610 2870 1842 2940 peccatis
1867 2869 2002 2928 suis.
2032 2874 2074 2929 C

2176 2867 2229 2921 2.
2268 2865 2369 2918 Τὸν
2391 2861 2804 2935 ἐπιστρέφοντα,
2833 2860 2928 2912 καὶ
2958 2859 3220 2931 ῥωσθέντι-ι
3253 2855 3358 2908 τῶν
3398 2849 3682 2925 ἁμαρτιῶν,

439 2962 633 3032 Ioseph
661 2967 803 3019 enim
829 2965 1213 3034 interpretatur
1244 2967 1441 3019 ablatio
1475 2964 1765 3034 opprobrii.

2111 2959 2296 3014 αὐτοῦ.
2334 2957 2544 3026 Ἰωσὴφ
2569 2954 2677 3026 γὰρ
2703 2951 3058 3026 ἑρμηνεύεται
3085 2949 3319 3003 ὀνείδου
3347 2949 3670 3036 ἀφαίρεσις.

512 3056 566 3110 5.
598 3055 739 3111 Deus
767 3053 1001 3110 Verbum
1033 3072 1251 3125 appare.

2177 3051 2228 3104 5.
2273 3051 2330 3102 Ὀ
2363 3049 2492 3111 Θεὸς
2523 3047 2691 3115 Λόγος
2711 3044 2986 3116 ὠράσθητι
3010 3043 3105 3112 (1).

511 3139 565 3194 4.
600 3139 796 3191 Coram
829 3139 1174 3193 alfercntibus
1227 3139 1485 3202 fructum,
1517 3146 1570 3193 et
1620 3137 1744 3193 filiis
1779 3138 2013 3193 dexterae

2183 3142 2232 3197 4.
2275 3139 2531 3194 Ἐνώπιον
2561 3138 2668 3192 τῶν
2702 3134 3208 3210 καρποφορούντων,
3267 3133 3361 3186 καὶ
3410 3131 3520 3184 τῶν
3549 3130 3672 3184 υἱῶν

443 3244 568 3291 tuae,
601 3240 653 3284 et
678 3230 1124 3284 obliviscentibus
1150 3231 1390 3298 priorum
1421 3230 1682 3283 malarum
1711 3229 2007 3284 actionum.

2109 3234 2206 3304 τῆς
2228 3232 2402 3298 δεξιᾶς
2437 3248 2551 3295 σου,
2573 3229 2668 3282 καὶ
2696 3228 2804 3280 τῶν
2831 3225 3285 3281 ὲπιλανθανὸντων
3306 3224 3381 3296 (2)
3405 3223 3673 3294 προτέρων

442 3321 696 3388 Ephraim
730 3321 1116 3390 interpretatur
1145 3322 1375 3389 fructum
1405 3322 1594 3390 ferens.
1623 3322 1903 3386 Beniamin
1928 3321 2012 3376 in-

2111 3321 2362 3394 πονηρῶν
2384 3320 2654 3391 πράξεων.
2701 3317 2939 3386 Ἐερραῒμ
2984 3314 3339 3386 ἑρμηνεύεται
3383 3327 3671 3382 καρποφο-

442 3421 767 3481 terpretatur
799 3412 1008 3465 oblivio.

2101 3411 2244 3480 ρῶν.
2285 3410 2566 3478 Βενιαμὶν
2589 3405 2947 3480 ἑρμηνεύεται
2966 3403 3364 3474 ἐπιλησμονή.

511 3504 565 3558 5.
603 3502 794 3556 Divina
828 3505 1095 3558 charitate
1137 3514 1319 3558 mutus
1349 3514 1568 3574 propter
1592 3504 1888 3561 humanum
1921 3522 2012 3576 ge-

2183 3502 2236 3556 5.
2270 3502 2403 3572 Θείᾳ
2435 3500 2621 3571 ἀγάπῃ
2656 3496 2972 3568 κινούμενος
3003 3495 3090 3549 διὰ
3133 3497 3195 3550 τὸ
3236 3495 3391 3564 γένος
3438 3496 3546 3548 τῶν
3591 3496 3672 3546 ἁν-

440 3611 543 3650 nus
576 3596 694 3649 veni
728 3597 791 3649 ad
828 3595 1144 3650 salvandum
1185 3612 1302 3650 nos.

2110 3596 2137 3649 θ
2147 3595 2340 3668 ρώπων
2366 3593 2485 3648 ne:
2505 3596 2584 3657 εἰς
2608 3591 2667 3645 τὸ
2692 3591 2860 3647 σῶσαι
2882 3591 3025 3662 ἡμᾶς
3055 3590 3127 3660 (5)

508 3688 562 3742 6.
596 3687 669 3741 Ex
699 3698 940 3758 peccato.

2178 3689 2230 3745 6.
2279 3690 2372 3742 Ἐκ
2393 3688 2492 3757 τῆς
2517 3685 2804 3757 ἁμαρτίας.

509 3782 562 3835 7.
605 3780 670 3834 Et
716 3780 1003 3834 manifesta
1047 3779 1242 3834 Filium
1294 3792 1448 3836 tunm
1480 3799 1643 3852 super
1685 3793 1906 3844 terram,
1957 3792 2010 3836 et

2177 3781 2230 3835 7.
2256 3781 2365 3835 Καὶ
2395 3780 2471 3849 (4)
2528 3779 2838 3849 φανέρωσον
2889 3778 2979 3830 τὸν
3013 3776 3138 3830 Υίόν
3174 3793 3265 3828 σου
3294 3775 3385 3829 ἐπὶ
3436 3774 3533 3844 τῆς
3557 3773 3673 3844 fil-1.

437 3870 571 3928 salvi
599 3870 822 3924 erimus.

2107 3871 2201 3925 καὶ
2230 3869 2600 3942 σωθησόμεθα.

507 3965 562 4026 8,
595 3962 647 4016 9.
677 3959 959 4028 Propheta:
981 3960 1186 4028 dicunt.

2176 3963 2228 4027 8,
2260 3963 2311 4018 9.
2333 3964 2396 4016 Oi
2420 3961 2691 4034 προφῆται
2721 3961 2984 4029 λέγουσιν.

508 4055 597 4110 10.
631 4053 686 4107 In
717 4055 1068 4109 tribulatione
1101 4061 1185 4109 est
1216 4054 1326 4107 vita
1354 4062 1558 4109 nostra.

2179 4053 2394 4110 10.”Εν
2415 4053 2591 4123 θλίψει
2619 4053 2764 4106 ἐστὶν
2788 4053 2918 4122 ἡμῖν
2947 4052 2980 4120 ἠ
3015 4048 3145 4119 ζωή.

510 4147 597 4200 11.
631 4145 687 4198 In
715 4147 902 4201 dolore
929 4147 1167 4201 assidue.

2177 4147 2263 4200 11.
2308 4147 2395 4199 Ἐν
2425 4146 2498 4215 (5)
2531 4145 2689 4217 ὀδύνῃ
2719 4143 3091 4205 ἀδιαλείπτως.

511 4237 596 4290 12.
629 4235 766 4291 Nam
800 4252 992 4292 omnes
1039 4237 1291 4292 homines
1323 4237 1701 4293 contradicunt
1747 4238 2006 4308 praedica-
2041 4219 2085 4274 Β

2189 4239 2274 4292 12.
2323 4237 2682 4306 ’Δντιλέγουσι
2714 4235 2822 4308 γὰρ
2865 4235 3061 4297 πάντες
3089 4232 3138 4286 οἱ
3167 4230 3442 4303 ἄνθρωποι
3473 4228 3551 4299 τῷ
3581 4243 3669 4296 κη‹

438 4328 572 4382 tioni
603 4337 818 4382 nostrae.

2113 4329 2352 4401 ρύγματι
2382 4329 2555 4401 ἡμῶν.

511 4421 602 4473 15.
624 4418 734 4473 Nos
758 4420 941 4474 irrisui
977 4420 1198 4474 habent.

2181 4423 2267 4477 15.
2300 4421 2670 4490 Καταγέλωτα
2694 4419 2771 4487 (6)
2799 4419 3010 4490 ἔχουσιν
3037 4418 3200 4489 ἡμᾶς.

510 4511 597 4564 14.
639 4510 715 4564 Ex
754 4521 996 4578 peccato.

2184 4515 2268 4568 M.
2312 4515 2407 4568 Ἐκ
2435 4514 2533 4586 τῆς
2553 4513 2841 4585 ἁμαρτίας.

509 4600 596 4653 15.
630 4603 839 4668 Appare
869 4615 1033 4670 super
1062 4609 1286 4667 terram,
1322 4609 1375 4657 et
1410 4602 1544 4656 salvi
1567 4603 1793 4658 erimus.

2180 4605 2268 4662 15.
2305 4605 2558 4678 Ὀράθητι
2588 4607 2680 4658 ἐπὶ
2699 4605 2796 4676 τῆς
2825 4604 2947 4674 γῆς,
2970 4603 3062 4657 καὶ
3096 4599 3469 4672 σωθησόμεθα.

511 4690 599 4744 16.
645 4689 912 4760 Populum
943 4690 1276 4756 Judaeorum,
1313 4702 1373 4747 ut
1415 4703 1654 4748 cessaret
1700 4711 1728 4747 a
1763 4703 2004 4763 peccato,

2189 4697 2273 4752 16.
2305 4699 2408 4750 Τὸν
2431 4696 2557 4749 λαὸν
2589 4696 2696 4750 τῶν
2735 4694 3001 4748 Ἰουδαίων
3036 4693 3134 4764 τῆς
3166 4692 3438 4764 ἁμαρτίας
3469 4690 3662 4744 παύσα-

438 4782 693 4838 hortatus
725 4799 786 4838 es
812 4800 907 4853 per
931 4785 1122 4854 legem.

2118 4789 2240 4843 σθαι
2266 4788 2528 4861 παρῄνεις
2557 4789 2632 4858 (7)
2664 4787 2752 4840 διὰ
2778 4786 2869 4839 τοῦ
2891 4786 3074 4857 νόμου.

512 4875 596 4929 17.
647 4876 690 4927 Α
731 4876 994 4932 doctrinis
1042 4876 1280 4948 gentium
1329 4895 1425 4934 cos
1453 4895 1668 4934 cessare
1714 4878 1910 4941 fecisti.
1958 4888 2010 4934 et

2199 4881 2282 4936 17.
2316 4883 2427 4944 Τὰς
2451 4879 2560 4933 τῶν
2585 4878 2750 4933 ἐθνῶν
2779 4878 3119 4941 διδασκαλίας
3146 4875 3452 4930 παύσασθαι
3487 4875 3665 4936 αὐτοὺς

437 4966 692 5034 plantasti
723 4966 775 5021 in
814 4968 928 5037 lege
958 4968 1068 5022 tua.

2120 4974 2442 5043 πεποίηκας,
2473 4972 2567 5027 καὶ
2597 4974 2654 5025 ὲν
2686 4971 2760 5042 τῷ
2786 4971 2933 5043 νόμῳ
2967 4988 3058 5024 σου
3081 4968 3504 5039 κατεφύτευσας.

1386 5218 1690 5280 Addenda
1717 5225 1778 5279 et
1809 5218 2183 5297 corrigenda
2237 5237 2316 5280 ex
2359 5219 2499 5280 cod.
2535 5219 2732 5282 Vatic.

508 5445 582 5522 (1)
619 5447 894 5522 ἶρράίθητι-
1040 5521 1047 5522 ,
1350 5521 1355 5522 ν
1390 5521 1397 5522 ,

1040 5521 1047 5522 ,
1350 5521 1355 5522 ί
1390 5521 1397 5522 ί
2184 5453 2257 5522 (4)
2280 5453 2387 5506 Καί
2411 5455 2578 5510 abest.

507 5517 584 5595 (2i
626 5517 1182 5595 ‘Ejuldvﬁqvopéva,
1210 5529 1313 5595 etc.
1347 5521 1579 5595 Ἐφραῒμ
1609 5523 1738 5595 γάρ,
1772 5532 1875 5580 etc.
1904 5525 2001 5576 Βε-

934 5521 1182 5595 δομένων,
1210 5529 1313 5595 etc.
1347 5521 1579 5595 Ἐφραῒμ
1609 5523 1738 5595 γάρ,
1772 5532 1875 5580 etc.
1904 5525 2001 5576 Βε-
2177 5517 2252 5594 (5)
2288 5527 2396 5578 Καὶ
2437 5527 2515 5578 ὲν.

441 5588 624 5667 νιοξμὶν
673 5588 1030 5667 ἑρμηνεύεται
1059 5591 1187 5667 plet;
1208 5588 1457 5658 δεξιιῑς.’
1487 5588 1784 5666 Μανασσῆς
1834 5595 2004 5666 ἑρμη-
2183 5588 2259 5664 (6)
2291 5595 2399 5667 Καὶ
2435 5612 2630 5662 καταγ.

441 5660 1094 5740 νειέἑῖα.⁵..ἐῑέίλ.ησιξονύι
1202 5734 1216 5740 -
1282 5734 1305 5740 _
1373 5732 1448 5740 -.
1741 5660 1750 5666 ’
1866 5660 1914 5666 ”
1966 5660 1976 5664 ⁷

1013 5660 1094 5740 nj.
1202 5734 1216 5740 _
1282 5734 1305 5740 _
1373 5732 1448 5740 Α.
1741 5660 1750 5666 ’
1866 5660 1914 5666 ”
1966 5660 1976 5664 ⁷
2184 5660 2594 5740 Παραινεῖς.

515 5724 589 5789 (5)
628 5727 777 5780 me:
798 5724 875 5793 είς
909 5724 964 5784 τὸ
1001 5724 1169 5785 σῶσαι
1195 5734 1335 5798 ὑμᾶς
1369 5732 1507 5797 θεία,
1532 5745 1632 5791 ctc.
