4004 6212
359 297 489 360 997
1248 304 1334 359 DE
1369 303 1645 360 TITULIS
1685 305 2142 363 PSALMORUM.
2181 335 2251 348 —
2291 305 2488 363 PSAL.
2532 307 2744 365 LXXX.
3430 335 3433 338 ·
3503 314 3610 372 998

432 423 486 481 9.
521 425 836 499 Μαρτύριον
866 444 925 482 εν
953 428 1030 499 τῷ
1073 427 1268 499 Ἰωσὴφ
1295 427 1445 481 ἔθετο
1471 427 1660 481 αὐτόν’
1962 440 2008 494 Α

1962 440 2008 494 Α
2105 431 2157 485 9.
2195 430 2589 486 Testimonium
2624 432 2678 485 in
2708 430 2908 503 Ioseph
2935 432 3115 503 posuit
3146 433 3279 490 illud
3312 449 3327 488 :

434 517 518 571 10.
555 517 643 570 Ἐν
675 517 750 588 τῷ
778 517 1012 585 ἐξελθεῖν
1044 520 1203 572 αὑτὸν
1237 522 1300 572 ἐκ
1332 521 1434 589 γῆς
1459 521 1752 588 Αἰγύπτου.

1704 540 1752 576 υ.
2104 519 2189 574 10.
2219 519 2353 575 Cum
2387 523 2561 576 exiret
2589 523 2706 592 ipse
2737 522 2803 577 de
2843 532 2985 578 terra
3019 523 3240 595 Egypti
3272 541 3285 576 :

433 608 522 662 11.
551 609 806 662 Γλῶσσαν
831 611 896 682 ἢν
927 611 1023 663 οὐκ
1049 610 1207 680 ἔγνω,
1245 612 1494 682 1ἤκουσεν.

2103 609 2190 662 11.
2221 607 2483 681 Linguam
2516 627 2676 680 quam
2713 627 2823 667 non
2857 623 3104 678 noverat,
3141 613 3367 670 audivit.

432 696 521 752 12.
551 699 886 769 Ἀπέστησεν
909 701 1017 752 ἀπὸ
1045 700 1256 771 ἄρσεων
1285 701 1374 754 τὸν
1405 702 1572 755 νῶτον
1607 702 1770 755 αὐτοῦ
1791 721 1803 732 ’

1711 702 1770 755 οὗ
1791 721 1803 732 ο
2105 702 2191 754 12.
2224 701 2454 756 Divertit
2485 704 2552 758 ab
2579 705 2838 759 oneribus
2871 706 3095 760 dorsum
3121 706 3241 776 ejus
3274 721 3289 760 :

433 788 520 843 15.
553 790 618 841 Ai
651 792 826 859 χεῖρες
858 790 1020 843 αὑτοῦ
1045 791 1101 842 ὲν
1134 789 1209 859 τῷ
1242 789 1442 860 κοφίνῳ
1477 791 1821 844 ὲδούλευσαν·

1710 807 1821 844 ταν·
2105 795 2190 848 15.
2223 792 2416 848 Manus
2449 795 2568 864 ejus
2604 795 2656 849 in
2693 797 2933 865 cophino
2965 798 3291 854 servierunt.

435 881 523 935 14.
557 882 647 933 Ἐν
674 881 849 950 θλίψει
878 883 1190 936 ὲπεκαλέσω
1227 901 1313 954 με,
1347 883 1436 936 καὶ
1467 884 1783 954 ἐρρυσάμην
1811 900 1868 934 σε
1890 900 1901 913 ·

2104 886 2192 940 14.
2224 883 2281 938 1n
2321 886 2670 940 tribulatione
2701 887 2967 942 invocasti
2999 904 3106 953 me,
3133 897 3186 943 et
3216 889 3439 945 liberavi
3470 900 3520 946 te
3552 909 3567 946 :

433 969 518 1023 15.
551 971 868 1041 Ἐπήκουσά
896 989 986 1023 σου
1020 974 1075 1024 ἐν
1107 972 1409 1044 ἀποκρύφῳ
1438 973 1773 1037 καταιγίδος’

2105 977 2192 1030 15.
2226 975 2488 1030 Exaudivi
2521 985 2570 1030 te
2603 978 2653 1029 in
2683 977 3003 1033 abscondito
3037 981 3378 1049 tempestatis
3414 999 3427 1035 ι

431 1059 518 1115 16.
550 1060 880 1134 Ἑδοκίμασά
910 1082 967 1117 σε
1001 1066 1092 1118 ἐπὶ
1126 1065 1313 1129 ὓδατος
1340 1066 1664 1135 ἀντιλογίας.

2107 1069 2192 1123 16.
2227 1067 2458 1123 Probavi
2496 1077 2547 1123 te
2573 1071 2715 1138 apud
2753 1086 2948 1138 aquam
2982 1072 3451 1127 contradictionis.

1037 1159 1351 1227 Διάιψαλμα
1362 1197 1376 1211 .

2659 1161 2990 1229 Diapsalma.

434 1247 522 1302 17.
551 1249 836 1316 Ἄκουσον,
863 1249 991 1312 λαός
1035 1265 1166 1322 μου,
1215 1252 1307 1304 καὶ
1349 1248 1790 1321 διαμαρτύρομαι
1830 1266 1930 1313 σοι,

2109 1252 2192 1305 17.
2225 1251 2383 1317 Audi,
2419 1255 2649 1323 populus
2678 1271 2852 1322 meus,
2888 1269 2942 1309 et
2989 1265 3264 1310 contestor
3301 1267 3351 1311 te
3385 1256 3557 1313 lsrael
3587 1274 3603 1312 :

373 1337 593 1410 Ἰσραήλ
616 1337 689 1406 (a)

435 1432 522 1486 18.
572 1432 696 1486 Ἐὰν
742 1431 981 1504 ἀκούσῃς
1035 1450 1167 1504 μου,
1210 1433 1309 1486 οὐκ
1355 1431 1506 1484 ἔσται
1556 1433 1613 1485 ὲν
1665 1432 1747 1484 σοὶ
1804 1431 1934 1494 Θεὸς

2113 1429 2193 1482 18.
2239 1429 2293 1483 Si
2341 1431 2578 1486 audieris
2626 1447 2750 1499 me,
2799 1447 2908 1487 non
2965 1434 3068 1489 erit
3119 1435 3176 1489 in
3225 1444 3276 1489 te
3325 1434 3467 1491 Deus
3517 1451 3605 1492 τοι·

361 1522 676 1594 πρόσφατος
692 1539 706 1554 ο
1447 1531 1452 1534 ’

634 1540 676 1586 ›ς
692 1539 706 1554 ⁸
1447 1531 1452 1534 ’
2035 1538 2163 1577 cens
2205 1543 2215 1576 :

433 1613 518 1668 19.
549 1613 620 1686 (b)
650 1615 784 1668 Οὐδὲ
813 1618 1210 1688 προσκυνήσεις
1238 1615 1344 1686 θεῷ
1373 1614 1655 1686 ἀλλοτρίῳ.

1614 1633 1655 1686 ρ.
2107 1617 2190 1670 19.
2227 1615 2411 1686 Neque
2444 1617 2699 1673 adorabis
2735 1621 2900 1673 deum
2936 1620 3195 1675 alienum.

430 1703 520 1759 20.
561 1705 699 1773 Ἐγὼ
731 1707 838 1778 γάρ
867 1709 979 1778 εἰμι
1010 1708 1211 1778 Κύριος
1239 1711 1266 1760 ὁ
1287 1708 1416 1771 Θεός
1452 1725 1542 1760 σου
1562 1725 1576 1737 ·

2104 1708 2191 1762 20.
2223 1708 2335 1779 Ego
2365 1711 2507 1765 enim
2541 1727 2662 1765 sum
2698 1711 2963 1768 Dominus
2991 1713 3135 1770 Deus
3164 1723 3294 1770 tuus
3322 1733 3338 1770 :

436 1797 524 1851 21.
565 1799 624 1851 '0
658 1799 947 1868 ἀναγαγών
980 1817 1038 1853 σε
1065 1802 1127 1854 ἐκ
1160 1802 1261 1871 γῆς
1284 1801 1556 1869 Αἰγύπτου
1577 1817 1591 1829 ·
1968 1811 2010 1866 Β

1968 1811 2010 1866 Β
2104 1799 2192 1852 21.
2229 1799 2333 1864 Qui
2365 1801 2526 1854 eduxi
2560 1810 2609 1856 te
2639 1803 2706 1856 de
2737 1813 2879 1857 terra
2915 1803 3134 1874 A'lgypti
3167 1821 3179 1854 ε

429 1892 519 1945 22.
550 1891 821 1947 Πλάτυνον
848 1894 908 1946 τὸ
941 1895 1112 1964 στόμα
1143 1911 1256 1959 σου,
1292 1895 1386 1946 καὶ
1420 1892 1691 1964 πληρώσω
1723 1892 1872 1945 αὐτό.

1632 1910 1691 1944 τω
1723 1892 1872 1945 αὐτό.
2097 1889 2186 1944 22.
2224 1890 2398 1945 Dilata
2425 1908 2486 1946 os
2512 1902 2685 1953 tuum.
2715 1905 2768 1947 et
2804 1894 3036 1962 implebo
3062 1895 3213 1948 illud.

432 1983 522 2039 25.
551 1985 660 2036 Kal
693 1985 792 2037 οὐκ
820 1985 1050 2055 ἤκουσεν
1090 1988 1118 2038 ὁ
1155 1985 1280 2049 λαός
1314 2003 1415 2056 μου
1450 1983 1547 2055 τῆς
1576 1985 1757 2054 φωνῆς
1795 1995 1928 2054 μουο

2097 1981 2188 2037 23.
2219 1981 2284 2037 Et
2310 1999 2416 2037 non
2452 1984 2661 2038 audivit
2693 1986 2927 2054 pOpulus
2970 2001 3124 2041 meus
3153 2001 3344 2040 vocem
3379 2001 3553 2040 meam
3591 2004 3604 2013 ·

426 2073 517 2127 24.
546 2075 656 2127 Kal
689 2075 904 2146 Ἰσραὴλ
933 2077 992 2128 οὐ
1024 2076 1291 2147 προσέσχε
1327 2093 1438 2147 μοι.

2097 2074 2189 2128 24.
2224 2073 2290 2128 Ει
2325 2073 2489 2130 Israel
2523 2091 2630 2130 non
2663 2076 2896 2131 intendit
2922 2077 3075 2130 mihi.

431 2167 522 2222 25.
557 2168 668 2221 Kal.
694 2169 1045 2236 ὲξαπέστειλα
1059 2170 1219 2234 αὐτὸς
1240 2166 1480 2242 [αὐτούς]
1500 2170 1638 2224 κατὰ
1656 2169 1724 2221 τὰ
1746 2170 1934 2237 ἐπιτη-

2101 2167 2190 2221 25.
2252 2155 2549 2223 Etdimisi
2593 2183 2689 2224 eos
2747 2170 3048 2225 secundum
3109 2169 3378 2225 desideria
3427 2171 3607 2226 cordis

357 2258 604 2331 δεύματα
634 2262 742 2315 τῶν
775 2260 1010 2333 καρδιῶν
1033 2261 1240 2316 αὐτῶν·

686 2262 742 2315 ὒν
775 2260 1010 2333 καρδιῶν
1033 2261 1240 2316 αὐτῶν·
2032 2274 2223 2313 eorum
2255 2276 2267 2312 :

453 2383 506 2448 ιι)
550 2375 705 2433 Vers.
754 2379 840 2431 18.
897 2379 1144 2449 Ἰσραήλ’
1209 2380 1373 2441 Ἐάν,
1423 2389 1527 2434 etc.
1566 2379 1626 2434 V.
1673 2379 1760 2434 19.
1806 2379 1919 2431 Οὐκ
1960 2376 2012 2428 Ea

431 2378 508 2518 (ὁ)
543 2447 694 2504 Vers.
738 2448 828 2504 20.
873 2449 1043 2516 Οὑδὲ,
1077 2460 1180 2503 etc.
1226 2450 1286 2504 ν.
1325 2450 1413 2504 21.
1454 2449 1593 2518 Ἐγὼ
1638 2450 1781 2518 γάρ,
1838 2457 1944 2501 etc.
1984 2445 2012 2500 1

754 2379 840 2431 18.
897 2379 1144 2449 Ἰσραήλ’
1209 2380 1373 2441 Ἐάν,
1423 2389 1527 2434 etc.
1566 2379 1626 2434 V.
1673 2379 1760 2434 19.
1806 2379 1919 2431 Οὐκ
1960 2376 2145 2437 ἔσται,
2187 2386 2291 2432 etc.

738 2448 828 2504 20.
873 2449 1043 2516 Οὑδὲ,
1077 2460 1180 2503 etc.
1226 2450 1286 2504 V.
1325 2450 1413 2504 21.
1454 2449 1593 2518 Ἐγὼ
1638 2450 1781 2518 γάρ,
1838 2457 1944 2501 etc.
1984 2445 2047 2500 γ.
2086 2445 2176 2501 22.
2215 2448 2272 2500 '0

458 2445 508 2520 b)
543 2447 694 2504 Vers.
738 2448 828 2504 20.
873 2445 1043 2516 Οὐδὲ,
1068 2445 1180 2503 διο.
1226 2450 1286 2504 γ.
1325 2450 1413 2504 21.
1454 2449 1593 2519 Ἐγὼ
1638 2450 1781 2520 γάρ,
1838 2457 1944 2501 etc.
1984 2445 2039 2500 γ.

1262 2451 1286 2503 ’.
1325 2450 1413 2504 21.
1454 2449 1593 2519 Ἐγὼ
1638 2450 1781 2520 γάρ,
1838 2457 1944 2501 etc.
1984 2445 2047 2500 γ.
2086 2445 2176 2501 22.
2215 2448 2272 2500 '0
2303 2445 2596 2517 ἀναγαγών
2624 2464 2706 2514 σε,
2737 2456 2843 2504 etc.

1487 2560 1860 2618 ATHANASII
1899 2558 2479 2618 INTERPRETATIO.

434 2659 487 2716 9.
517 2659 590 2714 Τὸ
627 2659 798 2723 πάθος
838 2658 1003 2712 αὐτοῦ
1049 2660 1393 2730 μνημόσυνον
1431 2659 1582 2713 ἔθετο
1617 2661 1673 2712 ὲν
1715 2657 1792 2728 τῷ
1818 2655 1933 2726 λαῷ

2106 2657 2158 2712 9.
2191 2658 2512 2713 Passionem
2555 2675 2709 2714 suam
2754 2660 3078 2714 memoriam
3111 2670 3295 2730 posuit
3327 2663 3379 2713 in
3413 2665 3610 2730 pOptno

360 2751 439 2824 τῷ
481 2750 893 2823 καθαριζομένῳ
943 2751 1050 2805 ἀπὸ
1091 2751 1200 2805 τῶν
1246 2751 1530 2823 ἁμαρτιῶν
1573 2750 1670 2822 (1).
1722 2748 1933 2816 Ἰωσὴφ

2031 2752 2324 2806 emundato
2380 2767 2410 2806 a
2462 2753 2720 2822 peccatis.
2768 2751 2962 2822 laseph
3015 2753 3160 2807 enim
3228 2753 3611 2821 interpretatur

362 2845 472 2916 γὰρ
503 2843 861 2915 ἑρμηνεύεται
895 2842 1131 2896 όνείδου
1158 2843 1493 2911 ἀφαίρεσις,
1524 2839 1680 2912 οἵπερ
1714 2840 1851 2892 εἰσὶν
1884 2839 1931 2890 οἱ

1816 2853 1851 2892 νν
1884 2839 1931 2890 οἱ
2033 2842 2228 2897 oblatio
2260 2843 2548 2914 opprobrii,
2584 2845 2728 2915 quod
2769 2845 3025 2899 convenit
3055 2845 3397 2899 illuminatis.

362 2937 740 3010 φωτιζόμενοι.

433 3029 521 3084 10.
549 3030 636 3082 Ἐν
661 3029 735 3102 (2)
759 3027 836 3100 τῷ
864 3028 955 3083 τὸν
987 3028 1116 3082 λαὸν
1150 3026 1474 3100 λυτροῦσθαι
1506 3023 1613 3079 τῶν
1649 3023 1929 3097 ἁμαρτιῶν
1957 3055 1999 3112 C

1957 3055 1999 3112 α
2106 3021 2192 3075 10.
2225 3019 2360 3075 Cum
2397 3022 2651 3079 liberaret
2683 3023 2943 3092 populum
2980 3039 3010 3077 a
3041 3023 3284 3092 peccatis
3323 3038 3535 3077 eorum.

360 3118 562 3174 αὐτῶν.

435 3211 521 3266 11.
562 3211 635 3265 Τὸ
670 3214 930 3284 κήρυγμα
970 3209 1062 3266 τοῦ
1104 3210 1347 3283 Κυρίου,
1384 3212 1520 3282 ὅπερ
1551 3211 1649 3263 οὐκ
1693 3205 1932 3280 ᾔδεισαν,

2114 3202 2201 3256 11.
2234 3200 2571 3256 Dominicam
2621 3201 3062 3270 praedicationem
3102 3213 3114 3253 ι
3159 3218 3322 3272 quam
3363 3219 3470 3257 non
3510 3218 3611 3258 no-

361 3299 600 3370 ἤκουσαν
634 3300 704 3353 τὰ
725 3301 872 3372 ἔθνη.

2037 3303 2244 3355 verant,
2272 3293 2594 3347 audiverunt
2625 3303 2831 3361 gentes.

433 3391 520 3446 12.
560 3391 878 3464 Ἀπέστησε,
933 3393 1027 3446 καὶ
1082 3391 1408 3463 ἀπεστράφη
1470 3391 1609 3463 μετά
1663 3389 1835 3444 ταῦτα
1866 3389 1930 3442 τὸ

2108 3384 2195 3438 12.
2235 3383 2529 3448 Discessit,
2581 3393 2635 3438 et
2688 3395 2834 3438 retro
2886 3400 3150 3439 conversa
3202 3394 3286 3440 cst
3329 3395 3447 3454 post
3498 3386 3613 3441 ha’c

361 3482 784 3558 σκληροτραχείν
819 3488 891 3558 ('5)
918 3485 1026 3539 τῶν
1062 3485 1351 3539 Ἰουδαίων.

1126 3485 1351 3539 .υδαίων.
2037 3477 2340 3547 pervicacia
2374 3474 2707 3530 Iudaeorum.

427 3574 520 3631 13.
550 3577 611 3630 Οἱ
641 3559 926 3630 ἀπόστολοι
953 3579 1010 3629 ὲν
1049 3575 1128 3646 τῷ
1154 3576 1342 3647 κόσμῳ
1380 3573 1456 3646 τῷ
1486 3573 1855 3644 πεπληγμένῳ
1877 3572 1938 3624 τὸ

2112 3569 2196 3623 15.
2233 3569 2475 3638 Apostoli
2507 3569 2561 3622 in
2611 3569 2817 3623 mundo
2865 3577 3088 3638 stupore
3133 3568 3384 3637 perculso
3414 3568 3607 3636 praedi-

361 3668 624 3739 κήρυγμα
656 3669 955 3738 διηκόνουν.

2038 3661 2307 3715 cationem
2343 3659 2821 3713 administrabant.

436 3760 520 3816 14.
550 3761 693 3832 Πρὸς
741 3761 830 3814 τὸν
862 3761 990 3814 λαὸν
1031 3758 1178 3828 λέγει
1200 3774 1214 3789 θ
1259 3759 1345 3811 Ἐν
1378 3757 1672 3829 ἁμαρτίαις
1704 3755 1780 3810 ὢν
1838 3755 1937 3808 ὲπ-

2116 3752 2198 3805 14.
2230 3751 2307 3805 Ad
2340 3751 2599 3820 p0pulum
2640 3752 2935 3820 loquitur:
2964 3750 3249 3804 Exsistens
3278 3749 3330 3802 in
3377 3750 3610 3816 peccatis

359 3847 603 3907 εκαλέσω
636 3871 723 3924 με,
753 3854 848 3908 καὶ
882 3852 1199 3924 ἐρρυσάμην
1233 3865 1313 3905 σε.

2041 3843 2305 3896 invocasti
2343 3855 2449 3903 me,
2487 3849 2540 3894 et
2569 3840 2794 3894 liberavi
2834 3848 2903 3892 te.

432 3946 521 4000 15.
555 3947 866 4019 Ἐπήκουσά
891 3963 984 3998 σου
1011 3947 1068 3997 ὲν
1095 3944 1171 4014 τῷ
1209 3942 1388 3995 σκότει
1411 3942 1508 4012 τῆς
1527 3940 1603 4014 (4)
1643 3941 1934 4012 ἁμαρτίας.

1588 3941 1603 4012 )
1643 3941 1934 4012 ἁμαρτίας.
2113 3934 2199 3987 15.
2230 3933 2490 3987 Exaudivi
2523 3941 2574 3986 te
2598 3932 2653 3985 in
2679 3930 2916 3986 tenebris
2939 3927 3169 3998 peccati.

430 4036 520 4091 16.
564 4037 685 4089 Ἐπὶ
712 4035 805 4089 τοῦ
843 4034 1231 4106 βαπτίσματος.

1030 4049 1231 4104 ςματος.
2112 4028 2200 4080 16.
2229 4027 2283 4079 ln
2321 4027 2611 4095 baptismo.

428 4128 455 4180 1
467 4129 518 4192 7,
553 4128 634 4183 18.
656 4127 730 4199 (5)
749 4128 870 4181 Ἐπὶ
884 4125 978 4180 τοῦ
994 4125 1365 4197 βαπτίσματος
1380 4124 1466 4177 δια
1474 4141 1547 4193 μα
1555 4121 1648 4195 ρτύ
1658 4140 1810 4194 ρεται
1833 4123 1897 4174 αὑ
1908 4150 1934 4161 -

2113 4120 2203 4184 17,
2237 4117 2326 4172 18.
2371 4116 2430 4170 In
2472 4115 2742 4184 baptismo
2780 4121 3117 4168 contestatus
3145 4119 3231 4166 est
3273 4111 3362 4175 ei;
3411 4109 3492 4162 vir
3533 4109 3611 4161 vi-

358 4219 465 4291 τίξν
501 4221 638 4291 ἀνὴρ
661 4219 798 4273 δ’τὺν
827 4218 956 4272 Θεὸν
979 4217 1140 4289 ὁρῶν,
1165 4216 1259 4270 ὲάν
1282 4215 1521 4286 ἀκούσῃς
1552 4232 1674 4286 μου,
1703 4215 1802 4266 οὐκ
1822 4213 1937 4266 ἔστι

2038 4208 2174 4264 dens
2207 4210 2396 4272 Deum,
2431 4206 2476 4262 si
2504 4204 2746 4278 audieris
2777 4220 2886 4267 me,
2918 4218 3027 4256 non
3059 4201 3164 4256 erit
3209 4201 3264 4254 in
3307 4210 3379 4266 te,
3421 4215 3611 4269 quem-

359 4313 418 4366 ἑν
453 4311 558 4376 σοὶ,
591 4310 666 4374 ὡς
694 4309 800 4382 πρὸ
821 4308 1010 4363 τούτου
1049 4309 1145 4379 μὲν
1175 4307 1249 4378 μὴ
1276 4304 1371 4369 ὢν,
1393 4305 1530 4376 μετά
1547 4305 1719 4357 ταῦτα
1740 4305 1928 4372 λέγων.

1717 4305 1928 4372 λέγων.
2041 4303 2334 4355 admodum
2371 4315 2472 4354 nec
2508 4306 2664 4351 antea
2690 4295 2812 4359 fuit,
2841 4304 2900 4348 ut
2925 4303 3116 4363 postea
3149 4292 3298 4347 dicit.

433 4405 516 4458 19.
568 4402 699 4456 Οὐδὲ
740 4381 964 4472 κτίσμα
1007 4398 1324 4471 προσθήκην
1373 4395 1496 4449 τινὰ
1538 4397 1930 4467 προσκυνήσεις
1963 4408 2005 4462 D

2115 4392 2201 4447 19.
2241 4389 2427 4460 Neque
2467 4405 2578 4443 rem
2624 4397 2863 4442 creatam
2912 4384 3343 4438 additamentum
3391 4381 3611 4450 aliquod

361 4497 501 4568 πλὴν
533 4497 634 4566 τῆς
661 4494 910 4566 Τριάδος.

2033 4486 2308 4548 adorabis,
2346 4485 2437 4538 sed
2472 4483 2644 4536 solam
2685 4478 3029 4532 Trinitatem.

427 4565 518 4650 20,
549 4565 638 4641 21.
677 4585 818 4656 Ἐγὼ
858 4585 964 4658 γάρ
999 4586 1112 4655 εἰμι
1151 4585 1180 4636 ὁ
1210 4581 1502 4651 Δεσπότης,
1540 4582 1635 4634 καὶ
1664 4581 1937 4650 Δημιουρ-

2110 4576 2201 4638 20,
2235 4576 2324 4628 21.
2352 4574 2464 4644 Ego
2497 4574 2641 4626 enim
2679 4586 2798 4625 sum
2825 4568 3110 4633 Dominus,
3139 4575 3193 4621 et
3213 4565 3438 4621 Creator
3463 4575 3607 4630 tuus,

359 4679 455 4748 γός
496 4696 620 4743 σου,
659 4681 686 4732 ὁ
727 4677 815 4730 διά
840 4677 934 4730 τοῦ
964 4675 1169 4740 πάθους
1202 4690 1302 4747 μου
1329 4671 1619 4742 ἀναγαγών
1651 4688 1710 4722 σε
1747 4674 1807 4723 ἐκ
1837 4672 1934 4740 τῆς

2037 4669 2130 4736 qui
2167 4685 2258 4737 per
2293 4667 2601 4736 passionem
2638 4678 2811 4717 meam
2838 4659 3000 4716 eduxi
3043 4667 3094 4714 te
3129 4674 3160 4713 e
3199 4659 3457 4712 servitute
3490 4671 3613 4725 pec-

356 4770 602 4834 δουλείας
626 4771 723 4840 τῆς
751 4769 1042 4840 ἁμαρτίας.
2039 4761 2164 4814 cati.

430 4861 521 4916 22.
551 4859 792 4924 Ἀνοιξον
817 4859 878 4912 τὸ
910 4860 1084 4930 στόμα
1111 4874 1224 4921 σου,
1249 4857 1343 4909 καὶ
1364 4853 1495 4908 λαϐὲ
1522 4852 1744 4921 Πνεῦμα
1767 4851 1939 4919 ἅγιον.

2116 4853 2206 4906 22.
2240 4849 2402 4920 Aperi
2435 4864 2498 4903 os
2525 4857 2699 4909 tuum,
2731 4853 2784 4899 et
2812 4843 2996 4912 accipe
3024 4841 3284 4912 Spiritum
3309 4848 3574 4894 sanctum.

432 4953 526 5008 25.
566 4953 735 5006 Καὶοί
771 4948 1088 5012 ἀπιθοῦντες
1103 4947 1178 5020 (a)
1217 4946 1458 5001 Ἰουδαῖοι
1493 4944 1592 4996 οὐκ
1618 4941 1948 4994 ἐπίστευσάν

1888 4941 1948 4993 iv
2111 4947 2201 5003 25.
2242 4944 2306 4998 Et
2336 4941 2598 4998 increduli
2623 4938 2793 4995 Judaei
2817 4937 2950 4992 mihi
2976 4951 3084 4991 non
3107 4935 3469 4990 crediderunt.

405 5063 486 5100 ου.

363 5065 520 5192 μοέλ.
551 5137 614 5191 Oi
637 5135 788 5189 αὐτοὶ
826 5132 1068 5188 Ἰουδαῖοι
1094 5127 1400 5201 ἠρνήσαντό
1434 5143 1534 5197 με.
1597 5189 1615 5206 ⁸

1521 5168 1534 5181 .
1597 5189 1615 5206 ο
2109 5123 2199 5178 21.
2235 5121 2401 5177 Iidem
2426 5119 2598 5175 Judaai
2628 5123 2958 5189 negaverunt
2984 5129 3090 5206 me.

429 5229 520 5286 25.
546 5227 656 5280 Kal.
680 5227 838 5280 εἴασα
862 5223 1057 5286 αὐτοὺς
1078 5222 1136 5277 ὲν
1156 5222 1275 5283 ταῖς
1302 5201 1618 5289 ἐπιθυμίαις
1651 5215 1759 5271 τῶν
1795 5234 1928 5290 καρ-

2115 5213 2277 5270 25.Ει
2290 5214 2470 5269 dimisi
2484 5227 2579 5266 eos
2593 5213 2645 5265 in
2663 5205 3121 5278 concupiscentiis
3136 5201 3381 5258 cordium
3398 5211 3610 5252 eorum.

357 5318 490 5373 διῶν
523 5315 721 5372 αὐτῶν.

1307 5374 1611 5436 Addenda
1663 5382 1724 5434 et
1771 5378 2146 5460 corrigenda
2177 5395 2253 5438 ex
2287 5375 2428 5437 cod.
2460 5374 2658 5435 Vatic.

433 5488 512 5562 (1)
542 5486 861 5562 i'Apap-ctjbv
881 5481 1079 5562 αὐτῶν,
1110 5487 1242 5562 (1ςά
1275 5477 1444 5562 ὅσπερ
1481 5488 1580 5543 pro
1607 5473 1786 5544 οἵπερ.

2094 5478 2204 5562 ’(5),
2237 5475 2300 5530 Ν.
2337 5476 2422 5562 17.
2480 5473 2625 5560 ‘lini,
2670 5467 2881 5562 etc.'N.
2925 5465 3246 5562 1§.x’Av:§9,
3275 5460 3611 5562 Elei-@119}:

538 5532 1425 5630 "Ezrrlw'mbﬂﬁamiaitarog‘:
1482 5532 1498 5543 ’
1600 5612 1611 5628 ν
1695 5532 1743 5625 ς’
2045 5532 2153 5629 υὺξι
2173 5532 2336 5630 ’ἔσται
2362 5549 2418 5599 ὲν
2437 5532 2926 5630 Ξοιζηπροεούτοίί
2944 5532 3459 5630 ϐεδςᾉμὲν
3477 5532 3618 5630 μετὰ

529 5606 1064 5698 ίίᾊῖτέάτρἀῴη
1087 5640 1143 5691 μ.
1164 5637 1212 5672 τ.
1233 5606 1292 5670 ’τ.
1312 5612 1805 5684 σκληροτράχηλον,
1826 5628 1928 5672 etc.
2039 5623 2206 5702 ταυτα
2228 5619 2284 5702 δὲ.
2309 5617 2399 5668 ὢν.
2436 5614 2498 5696 Ν.
2523 5614 2610 5668 20.
2635 5606 2776 5702 Ὀὐδὲ
2803 5610 3007 5702 uiis}.th
3026 5650 3050 5693 ζ
3075 5608 3108 5702 ἢ)
3143 5606 3480 5702 προσθημην,

434 5677 1099 5774 (ἰδ’έκόἶὲι’ῐιᾷὲὸξ⁸ιὲἧξί“
1436 5677 1468 5684 ”
1551 5677 1561 5684 ’
1794 5677 1804 5681 ⁷

2039 5689 2102 5745 Ν.
2136 5691 2224 5742 21.
2260 5689 2399 5740 Ἐ-ίὼ
2431 5687 2538 5738 "ito
2590 5693 2692 5736 etc.
2721 5685 2784 5732 ﬁt.
2811 5680 2901 5732 22.
2938 5677 2996 5730 Ὀ
3025 5677 3109 5732 διὰ
3138 5677 3229 5730 σοῦ
3258 5677 3462 5737 πάθους
3491 5689 3610 5743 μου.

431 5794 509 5848 (al
553 5793 936 5853 Ἆπιθοῦντες.
971 5787 1129 5842 Forte
1163 5777 1533 5840 ἀπιστοτθιτες.
1562 5778 1720 5834 Enn.
