4004 6212
470 314 572 369 999
1277 301 1333 356 S.
1376 294 1744 355 ATHANASII
1779 297 1931 384 O.PP.
1975 296 2159 352 PARS
2199 295 2286 352 111.
2330 325 2399 337 —-
2436 291 2852 352 EXEGETICA.
3564 289 3700 348 l000

535 427 628 480 26.
665 425 821 479 Ibunt
844 423 897 477 in
925 417 1403 476 adinventionibus
1427 415 1564 470 suis.
1959 424 1970 435 ‘
2070 419 2110 474 Α

2070 419 2110 474 Α
2211 409 2299 463 26.
2332 409 2686 479 Πορεύσονται
2718 409 2776 460 ὲν
2807 407 2915 469 τοῖς
2946 402 3365 474 ἐπιτηδεύμασιν
3396 401 3592 455 αὐτῶν.

537 519 628 573 27.
663 516 718 572 Si
753 515 984 586 p0pulus
1013 525 1166 566 meus
1190 509 1430 564 audisset
1461 523 1546 562 me
1573 529 1586 562 :

1529 523 1546 562 ε
1573 529 1586 562 ;
2209 503 2298 556 27.
2328 503 2390 555 Εἰ
2420 504 2448 552 ὁ
2471 500 2598 563 λαός
2632 517 2730 571 μου
2757 497 2957 570 ἤκουσέ
2989 513 3110 566 μου.

537 610 628 664 28.
661 607 826 662 Israel
860 606 913 659 in
941 604 1041 658 viis
1069 603 1204 656 meis
1239 601 1284 656 si
1323 603 1680 656 ambulasset.

2205 594 2293 649 28.
2337 592 2550 664 Ἰσραὴλ
2575 595 2693 655 ταῖς
2721 591 2859 653 ὁδοῖς
2887 607 2986 660 μου
3019 591 3068 640 εἰ
3101 586 3370 659 ἐπορεύθη
3391 603 3405 618 ·

536 703 629 756 29.
662 699 766 754 Pro
803 697 974 752 nihilo
1027 694 1255 750 forsitan
1303 693 1557 747 inimicos
1615 708 1804 746 eorum
1858 692 2038 745 Immi-

2204 686 2293 740 29.
2338 685 2424 738 Ἐν
2457 686 2534 754 τῷ
2571 682 2758 755 μηδενὶ
2794 682 2860 735 ἂν
2920 682 3041 745 τοὺς
3089 681 3317 754 ἐχθροὺς
3361 680 3540 736 αὐτῶν
3587 683 3705 735 m-

473 795 688 848 liassem
723 805 736 845 :

2139 778 2376 831 πείνωσα
2398 789 2410 808 ⁴

539 884 629 938 50.
661 883 728 937 Et
756 895 921 951 super
969 877 1288 933 tribulantes
1327 892 1456 943 eos,
1503 877 1774 931 misissem
1815 887 2034 929 manum

2206 869 2293 923 50.
2334 870 2443 923 Καὶ
2486 868 2578 921 ἐπὶ
2620 861 2745 931 τοὺς
2781 865 3059 928 θλίϐοντας
3093 865 3289 927 αὐτοὺς
3331 863 3598 918 ἐπέϐαλον
3643 865 3705 918 ἂν

472 991 673 1031 meam.

2135 964 2234 1034 τὴν
2260 963 2416 1032 χεῖρά
2446 979 2566 1032 μου.

540 1069 628 1120 51.
661 1065 870 1120 Inimici
908 1063 1118 1118 Domini
1153 1061 1361 1117 mentiti
1393 1070 1521 1116 sunt
1549 1061 1597 1114 ei
1636 1077 1647 1113 :

2207 1053 2294 1106 51.
2331 1054 2393 1104 Οἱ
2426 1042 2610 1123 ἐχθροὶ
2633 1050 2838 1122 Κυρίου
2864 1037 3162 1118 ἐψεύσαντο
3191 1046 3366 1117 αὐτῷ’

541 1158 630 1213 52.
663 1157 728 1212 Ει
757 1158 860 1212 erit
890 1166 1102 1226 tempus
1127 1171 1314 1211 eorum
1343 1157 1398 1209 in
1427 1153 1644 1210 saecula.

2205 1141 2292 1199 52.
2328 1144 2612 1214 Καὶέσται
2643 1145 2671 1196 ὁ
2703 1132 2891 1212 καιρὸς
2923 1139 3102 1194 αὐτῶν
3130 1140 3210 1202 εἰς
3246 1139 3336 1192 τὸν
3359 1138 3549 1196 αἰῶνα.

535 1252 626 1306 55.
667 1251 732 1304 Et
761 1249 962 1305 cibavit
983 1264 1078 1304 eos
1108 1265 1173 1303 ex
1205 1249 1363 1318 adipe
1399 1246 1657 1302 frumenti
1694 1263 1706 1296 :

2205 1237 2290 1289 55.
2326 1235 2433 1288 Καὶ
2463 1233 2734 1304 ἐψώμισεν
2768 1233 2960 1294 αὐτοὺς
2992 1231 3056 1284 ὲκ
3087 1231 3304 1292 στέατος
3338 1227 3513 1300 πυροῦ
3533 1245 3546 1258 ·

534 1339 623 1396 54.
657 1339 723 1392 Et
755 1340 820 1392 de
854 1350 1002 1408 petra
1035 1340 1192 1393 melle
1221 1338 1481 1392 saturavit
1504 1351 1618 1390 eos.

2206 1327 2294 1380 5-1.
2324 1327 2432 1379 Καὶ
2455 1328 2517 1379 ἐκ
2545 1326 2747 1396 πέτρας
2776 1325 2896 1394 μέλι
2926 1324 3214 1395 ἐχόρτασεν
3244 1321 3459 1384 αὐτούς.

743 1431 990 1483 Ρκαίηιιιε
1019 1429 1216 1500 Asaph.
1245 1428 1446 1484 PSAL.
1480 1425 1742 1481 LXXXI.

2436 1414 2679 1484 Ψαλμὸς
2705 1413 2785 1480 τῷ
2823 1414 3023 1483 Ἀσάφ.
3067 1416 3237 1468 ΨΑΛ.
3273 1415 3410 1466 ΠΑ¹.

537 1522 590 1576 1.
619 1520 762 1575 Deus
795 1522 943 1575 stetit
972 1521 1025 1574 in
1054 1535 1326 1592 synagoga
1357 1521 1580 1573 deorum
1613 1537 1626 1570 :

2208 1509 2257 1562 1.
2304 1508 2363 1560 Ὀ
2396 1508 2525 1596 Θεδς
2557 1508 2684 1579 ἔστη
2717 1509 2775 1560 ὲν
2803 1509 3090 1577 συναγωγῇ
3123 1504 3260 1558 θεῶν
3289 1502 3387 1575 (α).

538 1607 594 1661 2.
630 1609 690 1661 In
720 1609 895 1663 medio
925 1617 1105 1662 autem
1133 1608 1264 1662 deos
1292 1608 1573 1677 dijudicat.

2202 1601 2257 1654 2.
2303 1597 2388 1654 Ἐν
2420 1599 2568 1671 μέσῳ
2591 1600 2648 1652 δὲ
2679 1600 2812 1653 Θεοῦ
2841 1597 3044 1671 [θεοὺς]
3075 1598 3359 1670 διακρινεῖ.

537 1701 588 1754 5.
622 1698 916 1770 Usquequo
939 1700 1197 1769 iudicatis
1225 1700 1565 1770 iniquitatem
1599 1708 1612 1753 ἑ

1523 1715 1565 1752 m
1599 1708 1612 1753 ἑ
2204 1695 2257 1748 5.
2286 1694 2429 1755 Ἕως
2458 1693 2586 1746 πότε
2616 1694 2828 1764 κρίνετε
2857 1692 3071 1745 ἀδικίαν
3091 1705 3104 1720 ·

536 1792 592 1845 4.
629 1792 695 1846 Ει
729 1791 896 1847 facies
926 1801 1272 1862 peccatorum
1302 1791 1558 1845 sumitis?
2063 1776 2105 1841 Β

2063 1776 2105 1841 Β
2203 1786 2255 1839 4.
2292 1786 2400 1839 Καὶ
2427 1785 2688 1856 πρόσωπα
2715 1783 3052 1855 ἁμαρτωλῶν
3077 1780 3382 1852 λαμϐάνετε
3406 1796 3422 1845 ;

1084 1881 1416 1950 Diapsalma.

2763 1878 3098 1945 Διάψαλμα.

532 1973 586 2028 5.
618 1974 863 2028 Judicale
897 1989 1070 2045 egeno
1099 1982 1152 2028 et
1185 1975 1390 2043 pupillo
1421 1989 1435 2025 :

2212 1959 2262 2025 5.
2301 1971 2536 2042 Κρίνατε
2562 1968 2779 2040 ὀρφανῷ
2811 1968 2904 2023 καὶ
2936 1966 3164 2038 πτωχῷ⁴

528 2064 582 2118 6.
615 2065 883 2120 Humilem
917 2075 970 2120 et
1000 2080 1290 2136 pauperem
1318 2065 1632 2135 justiﬁcale.

2199 2069 2252 2118 6.
2286 2063 2551 2118 Ταπεινὸν
2574 2063 2668 2116 καὶ
2697 2062 2902 2133 πένητα
2931 2059 3279 2116 δικαιώσατε.

531 2158 586 2212 7.
626 2157 829 2227 Eripite
851 2173 1162 2228 pauperem,
1193 2167 1246 2213 et
1273 2173 1503 2228 egenum
1535 2177 1548 2212 :

2208 2158 2258 2210 7.
2296 2155 2568 2220 Ἐξέλεσθε
2594 2153 2800 2224 πένητα
2836 2156 2929 2207 καὶ
2964 2153 3177 2223 πτωχὸν
3198 2167 3211 2183 ⁸

533 2247 588 2301 8.
626 2247 701 2302 De
735 2263 897 2301 manu
934 2250 1237 2318 peccatoris
1270 2248 1496 2302 liberate
1531 2261 1677 2302 eum.

2203 2246 2254 2300 8.-
2292 2248 2388 2300 Ἐκ
2420 2247 2600 2319 χειρὸς
2629 2244 2952 2316 ἁμαρτωλοῦ
2982 2244 3216 2316 ῥύσασθε
3240 2242 3423 2299 αὐτόν.

532 2403 606 2482 (ει)
635 2403 782 2457 Θεῶν
811 2405 960 2460 deest
991 2404 1046 2458 in
1083 2412 1254 2458 textu.
1295 2402 1368 2456 At
1414 2419 1586 2474 marg.
1617 2406 1738 2459 cod.
1775 2401 2017 2459 charact.
2059 2401 2113 2456 ad

1295 2402 1368 2456 At
1414 2419 1586 2474 marg.
1617 2406 1738 2459 cod.
1775 2401 2017 2459 charact.
2059 2401 2374 2466 adnotatur,
2406 2401 2463 2453 ὲν
2493 2399 2676 2465 ἄλλοις
2701 2400 2861 2454 θεῶν.

1604 2561 1964 2618 ATHANASII
2006 2549 2588 2618 INTEnPnETATIO.

531 2702 621 2758 26.
648 2702 708 2758 In
744 2703 1123 2774 iniquitatibus
1158 2703 1294 2758 suis.

2209 2699 2298 2754 26.
2335 2698 2421 2753 Ἐν
2445 2691 2562 2762 ταῖς
2595 2699 2841 2770 ἀνομίαις
2872 2700 3068 2755 αὐτῶν.

532 2794 622 2851 27.
652 2795 755 2866 Ipsi
780 2794 976 2851 Judaei.

2206 2794 2295 2848 27.
2329 2796 2390 2847 Οἱ
2425 2795 2578 2847 αὐτοὶ
2617 2794 2876 2847 Ἰουδαῖοι.

533 2885 624 2942 28.
648 2887 704 2941 In
729 2889 1208 2957 justiﬁeationibus
1248 2890 1404 2941 meis.

2202 2887 2293 2941 28.
2340 2889 2426 2941 Ἐν
2456 2890 2568 2950 τοῖς
2595 2885 2924 2957 δικαιώμασί
2957 2904 3050 2940 σου
3087 2886 3190 2956 (1).

531 2979 622 3034 29.
657 2980 865 3034 Diaboli
905 2989 1226 3050 potestates.

2203 2978 2293 3032 29.
2329 2979 2438 3042 Τὰς
2464 2979 2556 3032 τοῦ
2589 2979 2830 3032 διαϐόλου
2861 2979 3132 3048 δυνάμεις.

531 3071 622 3128 50.
654 3070 828 3142 Super
859 3073 1168 3128 immundos
1195 3071 1440 3140 spiritus.

2205 3071 2294 3126 50.
2343 3071 2465 3123 Ἐπὶ
2491 3070 2559 3124 τὰ
2591 3070 2875 3141 πνεύματα
2907 3072 2976 3124 τὰ
3007 3070 3309 3144 ἀκάθαρτα.

531 3164 620 3219 51.
651 3163 854 3229 Judaei,
908 3183 1029 3235 qua:
1077 3165 1127 3220 ei
1159 3164 1524 3234 promiserant
1573 3163 1630 3218 in
1678 3171 1862 3218 monte
1895 3163 2024 3217 Sina
2058 3216 2102 3240 η

2200 3162 2286 3216 51.
2338 3164 2400 3216 Οἱ
2445 3162 2722 3225 Ἰουδαῖοι,
2753 3161 2788 3215 ἆ
2823 3162 3106 3218 συνέθεντο
3145 3163 3294 3235 αὑτῴ
3341 3149 3400 3217 έν
3439 3163 3694 3240 spuma

459 3255 774 3326 adimplere,
808 3274 915 3312 non
948 3258 1214 3312 fecerunt.

2057 3254 2102 3278 “
2135 3255 2393 3326 πληροῦν,
2419 3255 2519 3308 οὐκ
2546 3254 2823 3326 ἐποίησαν.

532 3347 620 3401 52.
657 3347 723 3402 Ει
751 3349 1056 3403 maledictio
1083 3363 1274 3401 eorum
1306 3355 1565 3416 perpetua
1594 3355 1697 3401 est.

2199 3348 2286 3402 52.
2313 3347 2422 3400 Καὶ
2452 3349 2484 3419 ἡ
2508 3349 2722 3420 κατάρα
2744 3348 2924 3402 αὐτῶν
2950 3339 3303 3419 ἀτελεύτητός
3325 3352 3442 3405 ἐστι
3464 3351 3570 3422 (2).

526 3440 617 3494 55.
649 3439 860 3494 Fideles
888 3455 1026 3504 pane
1055 3439 1264 3493 caelesti
1302 3437 1570 3507 (cibavit).

2197 3438 2285 3491 55.
2320 3439 2456 3500 Τοὺς
2479 3442 2703 3504 πιστοὺς
2731 3441 2820 3492 τὸν
2849 3441 3098 3514 οὐράνιον
3128 3444 3311 3514 ἄρτον.

529 3531 618 3584 54.
663 3531 729 3586 Et
777 3530 844 3586 de
905 3531 1078 3602 gratia
1132 3545 1230 3584 sua
1285 3530 1518 3600 eloquiis
1577 3529 1692 3584 suis
1754 3530 2024 3584 saturavit

2194 3522 2280 3582 34.
2330 3529 2437 3581 Καὶ
2495 3531 2558 3582 ὲκ
2606 3531 2703 3600 τῆς
2747 3531 2965 3603 χάριτος
3011 3533 3174 3587 αὐτοῦ
3221 3535 3290 3588 τὰ
3332 3532 3488 3603 λόγια
3537 3532 3691 3590 αὑτοῦ

454 3635 571 3677 eos.
2123 3621 2418 3692 ἐχόρτασεν
2453 3620 2667 3685 αὐτούς.

537 3715 603 3770 Ἦ
631 3717 960 3790 προκειμένη
991 3718 1269 3789 ἐπιγραφὴ
1299 3717 1539 3789 περιέχει
1573 3717 1680 3788 (5)·
1726 3717 1970 3787 Ψαλμός
2004 3717 2084 3782 τῷ
2125 3717 2326 3786 Ἇσὰερ,
2356 3717 2492 3788 ὅπερ
2538 3709 2896 3790 ἑρμηνεύεται
2935 3723 3176 3792 gramm
3220 3723 3307 3788 εὶς
3340 3721 3449 3777 τὸν
3487 3723 3692 3794 λέγον-

455 3823 527 3860 τα
562 3807 638 3879 (4)
676 3809 773 3862 καὶ
801 3811 888 3875 εἰς
917 3810 1031 3878 τὴν
1059 3809 1418 3879 συναγωγὴν
1441 3807 1562 3863 τῶν
1605 3809 1900 3863 Ἰουδαίων
1929 3809 2036 3880 (5)·
2070 3807 2140 3861 τὰ
2175 3808 2280 3878 γὰρ
2309 3808 2592 3881 ἀμφότερα
2615 3811 2974 3882 ἑρμηνεύεται
2999 3810 3079 3878 τῷ
3117 3812 3319 3882 Ἀσάφ,
3352 3815 3447 3867 καὶ
3474 3814 3686 3868 συλλέ-

457 3919 595 3972 γων,
625 3905 718 3957 καὶ
747 3904 1065 3977 συναγωγή
1089 3922 1099 3934 '
1130 3905 1191 3958 τὸ
1226 3899 1318 3958 οὖν
1345 3905 1556 3977 πρῶτον
1582 3906 1662 3969 εἰς
1691 3907 1780 3959 τὸν
1808 3905 1960 3970 Θεὸν,
1988 3905 2048 3958 τὸ
2080 3904 2136 3957 δὲ
2171 3903 2244 3973 (6)
2277 3903 2524 3975 δεύτερον
2551 3905 2631 3968 είς
2663 3907 2789 3970 τοὺς
2833 3905 3136 3969 Ἰουδαίους.

529 3995 745 4051 Titulus
773 3999 1092 4067 praepositus
1121 3997 1362 4052 continet
1391 4012 1403 4046 :
1434 3995 1683 4052 Psalmus
1718 3997 1916 4065 Amph,
1949 3996 2092 4066 quod
2124 3995 2512 4064 interpretatur
2540 3997 2776 4066 psalmus
2811 3997 2866 4052 in
2911 4001 3260 4070 colligentem,
3291 4013 3341 4058 et
3370 4005 3426 4058 ἱιι
3458 4002 3690 4074 Synapo-

456 4103 577 4158 9am
623 4107 718 4147 seu
765 4095 1215 4165 congregationem
1243 4095 1580 4163 Iudaeorum,
1611 4107 1843 4167 utroque
1878 4097 2022 4152 enim
2073 4097 2238 4150 modo
2273 4095 2663 4166 interpretatur
2689 4096 2890 4169 Amph,
2925 4109 2979 4155 et
3023 4102 3290 4172 colligens,
3326 4112 3381 4158 et
3410 4085 3688 4179 synagoga,

457 4200 554 4238 seu
582 4190 912 4258 congregatio
943 4206 961 4243 :
993 4191 1236 4260 primum
1269 4192 1433 4263 igitur
1462 4192 1515 4246 in
1547 4191 1739 4262 Deum,
1775 4193 1968 4248 deinde
1995 4191 2049 4246 in
2076 4189 2314 4247 Iudaeos.

530 4345 580 4401 1.
614 4345 756 4400 Deus
789 4345 1025 4402 Verbum
1050 4349 1269 4404 advenit
1296 4351 1348 4404 in
1385 4353 1562 4407 medio
1594 4352 1928 4410 Iudaeorum.

2193 4358 2244 4410 1.
2260 4357 2317 4410 '0
2339 4355 2469 4420 Θεὸς
2493 4356 2661 4425 Λόγος
2677 4358 3003 4432 παρεγένετο
3021 4358 3080 4409 ὲν
3105 4356 3254 4428 μέσῳ
3273 4357 3381 4410 τῶν
3403 4356 3665 4412 Ἰουδαίων

525 4435 580 4486 2.
612 4434 668 4488 ln
700 4436 989 4491 manifesto
1018 4450 1200 4494 autem
1233 4443 1504 4514 redarguit
1533 4462 1647 4501 eos.

2189 4451 2243 4505 2.
2283 4451 2368 4502 Ἑν
2393 4450 2449 4502 δὲ
2471 4449 2548 4520 τῷ
2577 4451 2651 4520 (7)
2677 4451 2899 4521 φανερῷ
2920 4450 3130 4522 ἐλέγχει
3153 4451 3369 4514 αὐτούς.

525 4525 579 4577 5.
616 4525 911 4595 Usquequo
940 4528 1071 4582 nihil
1105 4544 1294 4585 verum
1322 4533 1538 4601 facitis;

2189 4545 2244 4599 5.
2280 4546 2424 4609 Ἕως
2452 4545 2581 4598 ποτε
2607 4545 2758 4599 οὐδὲν
2794 4546 2992 4619 ἀληθὲς
3022 4551 3222 4601 ποιεῖτε
3244 4564 3256 4577 ·

525 4617 577 4670 ι.
611 4616 932 4675 Hominibus
963 4620 1224 4689 placetis?

2189 4638 2242 4689 4.
2285 4637 2403 4690 Ἀνθ
2412 4642 2813 4710 ρωπαρεσκεῖτε
2831 4654 2847 4704 ;

529 4707 830 4763 5.1ustum
888 4711 1152 4780 judicium
1221 4716 1492 4785 judicate,
1548 4728 1598 4772 et
1670 4718 2015 4787 opitulamini
2053 4785 2093 4804 ﬁ

2191 4729 2244 4783 5.
2272 4731 2384 4801 Τὴν
2410 4707 2625 4784 δικαίαν
2654 4733 2833 4802 κρίσιν
2863 4732 3105 4804 κρίνατε,
3141 4733 3234 4786 καὶ
3269 4731 3568 4804 βοηθήσατε
3597 4733 3677 4801 ὀρ-

453 4801 658 4870 pupillo
683 4812 735 4856 et
757 4807 1000 4873 pauperi.
1706 4785 1721 4787 _

1706 4785 1721 4787 —
2051 4785 2096 4840 Β
2124 4821 2275 4892 coan
2311 4785 2403 4876 καὶ
2438 4823 2656 4896 πτωχῷ.
2695 4785 2705 4802 Ι
2900 4785 2910 4804 ⁸

522 4893 576 4994 6.
613 4893 679 4948 Et
711 4895 1006 4953 humilibus
1037 4915 1102 4953 ac
1136 4902 1466 4970 pauperibus
1495 4902 1799 4958 subvenite.

2196 4903 2248 4968 6.
2281 4915 2390 4968 Καὶ
2411 4919 2522 4978 τοῖς
2551 4893 2826 4982 ταπεινοῖς
2855 4919 2948 4973 καὶ
2991 4920 3185 4990 πένησι
3220 4917 3543 4992 συνέρχεσθε
3568 4918 3656 4988 (8).

525 4983 576 5078 :1.
609 4984 813 5078 injuria
844 4985 1120 5041 allectum.
2197 5004 2248 5057 7.
2293 5005 2690 5078 ’Ᾱδικούμενον.

524 5075 556 5127 8
609 5072 891 5131 Vindicate
921 5092 1263 5148 oppressum.

2193 5095 2246 5149 8.
2274 5097 2407 5167 Ποιή
2416 5072 2541 5150 σατέ
2565 5101 2845 5174 ἐκδίκησιν
2869 5102 2950 5174 τῷ
2972 5103 3448 5176 καταπονουμένῳ.

1401 5247 1703 5310 Addenda
1744 5257 1803 5313 et
1831 5250 2208 5330 corrigenda
2240 5271 2316 5314 ex
2351 5257 2490 5318 cod.
2535 5259 2738 5320 Vatic.

636 5406 775 5525 19:30:;
2185 5420 2262 5506 (6)
2294 5420 2462 5474 Τοῦτο
2495 5417 2588 5509 οὖν
2623 5426 3002 5498 ἑρμηνεύεται·
3037 5428 3223 5501 τὸμὲν
3246 5428 3461 5503 πρῶτον
3488 5434 3563 5498 εἰς
3587 5430 3666 5486 τὸν

539 5541 581 5544 __
649 5543 653 5544 ν
753 5493 846 5528 καί·
2119 5492 2345 5544 Κυοιον.
2379 5493 2440 5544 τὸ
2462 5492 2538 5544 δε.
2573 5506 2677 5544 etc.

529 5506 603 5554 (τί
645 5506 846 5561 ,υυυυιια
883 5545 908 5557 ~
2119 5506 2199 5542 nu
2246 5509 2345 5552 ιον,
2379 5506 2440 5544 το
2462 5506 2538 5554 οε,
2573 5506 2677 5550 etc.

632 5543 819 5658 2113::
851 5563 947 5644 της
974 5549 1337 5622 κινναϐάρεως
1370 5570 1516 5621 περι.
2188 5509 2265 5632 (ς)
2293 5563 2400 5630 Kal
2426 5564 2482 5614 ὲν
2514 5564 2611 5636 τῷ,
2645 5577 2747 5624 etc.

529 5633 541 5658 Ι
673 5627 734 5658 UA
756 5650 765 5658 ι
797 5632 976 5658 γονμη-
2186 5634 2263 5658 tu.
2311 5633 2695 5658 'V'_--1---_n_.

529 5611 601 5690 ιε)
632 5611 978 5690 Ξῖζλλέχονὲας
1096 5689 1101 5690 ί
1202 5611 1213 5622 ·
1318 5611 1331 5616 '
1441 5611 1455 5621 '
2184 5611 2263 5689 is;
2295 5611 2722 5690 ὀῑὲτέδέᾲἔέθειὶῖ

532 5678 604 5744 (5)
634 5680 751 5732 Τῶν
787 5678 1049 5739 Ἰουδαίων
1075 5689 1243 5746 deest.
