4004 6212
365 267 500 326 1001
1210 252 1300 316 DE
1330 257 1602 318 TlTULlS
1639 258 2084 319 PSALMORUM.
2127 287 2195 297 --
2232 253 2428 312 PSAL.
2471 253 2734 310 LXXXII.
3464 257 3604 314 i002

437 384 490 438 9.
527 381 604 453 (α)
637 379 750 436 Οὐκ
773 382 1038 451 ἔγνωσαν,
1066 377 1188 434 οὐδὲ
1218 379 1457 452 συνῆκαν
1477 399 1490 410 ’
1967 388 2014 444 Α

1967 388 2014 444 Α
2111 378 2164 433 9.
2200 374 2520 432 Nescierunt
2546 373 2650 446 (a),
2680 387 2856 444 neque
2886 373 3305 432 intellexerunt:

434 475 523 532 10.
563 475 650 528 Ἐν
680 474 862 528 σκότει
897 471 1306 544 διαπορεύονται
1330 491 1345 506 ο

1330 491 1345 506 ο
2112 470 2198 525 10.
2235 469 2293 524 In
2323 468 2562 524 tenebris
2586 467 2905 523 ambulant:

438 567 526 622 11.
563 565 982 636 Σαλευθήτωσαν
1006 566 1184 620 πάντα
1215 566 1286 619 τὰ
1311 565 1535 636 θεμέλια
1563 565 1660 638 τῆς
1694 566 1820 636 γῆς.

1817 607 1820 619 .
2110 563 2196 618 11.
2233 561 2595 617 Movebuntur
2624 562 2807 618 omnia
2840 558 3192 618 fundamenta
3221 572 3398 619 terrae.

435 658 523 712 12.
562 656 704 728 Ἐγὼ
735 653 866 711 εἶπα
887 675 899 688 ·
924 656 1050 710 Θεοί
1078 656 1224 723 ὲστε,
1259 657 1354 711 καὶ
1386 659 1492 711 υἱοὶ
1526 657 1780 728 Ὑψίστου
1812 659 1938 714 πάν·

2116 657 2200 712 12.
2239 655 2352 726 Ego
2381 655 2529 711 dixi:
2555 653 2640 708 Dii
2669 655 2835 722 estis,-
2867 660 2923 709 et
2943 653 3042 708 ﬁlii
3071 651 3280 711 Excelsi
3303 670 3531 712 omnes:

363 767 456 803 12‘
485 767 499 780 ·

429 783 528 895 ~.15.
575 841 770 912 Ὑμεῖς
793 841 851 894 δὲ
874 841 950 906 ὡς
981 839 1255 912 ἄνθρωποι
1287 837 1660 915 ἀποθνήσκετε

2112 836 2202 890 15.
2234 834 2346 890 Vos
2373 842 2554 890 autem
2576 833 2719 889 sicut
2735 832 2982 891 homines
3003 833 3283 890 morimini
3307 853 3321 890 :

440 933 526 987 M.
557 933 665 988 Καὶ
687 932 761 997 ὡς
781 929 860 998 εἷς
890 933 998 987 τῶν
1028 934 1304 1006 ἀρχόντων
1338 934 1587 990 πίπτετε.

2114 928 2200 982 14.
2235 927 2302 983 Ει
2332 928 2474 983 sicut
2498 942 2641 982 unus
2671 927 2739 982 de
2767 927 3106 997 principibus
3145 928 3359 1004 caditis.

441 1026 528 1082 15.
559 1024 814 1090 Ἀνάστα,
850 1027 880 1078 ὁ
905 1025 1057 1090 Θεὸς,
1091 1027 1275 1098 κρῖνον
1306 1026 1405 1098 τὴν
1433 1026 1559 1098 γῆν.

1544 1065 1559 1083 .
2113 1020 2202 1076 15.
2241 1019 2436 1092 Surge,
2469 1019 2634 1088 Deus,
2661 1019 2849 1091 iudica
2884 1029 3125 1076 terram:

440 1119 526 1174 16.
567 1120 688 1174 Ὅτι
719 1119 784 1174 σὺ
814 1117 1386 1191 κατακληρονομήσεις
1413 1115 1472 1173 ἐν
1499 1116 1632 1174 πᾶσι
1661 1118 1774 1182 τοῖς
1797 1117 1944 1176 ἔθνε-

2114 1113 2203 1168 16.
2237 1113 2509 1182 Quoniam
2562 1124 2620 1170 tu
2671 1114 3017 1171 haereditabis
3067 1114 3124 1170 in
3171 1116 3428 1174 omnibus
3475 1133 3607 1190 gen.

369 1233 475 1269 σιν.

2043 1206 2217 1297 tibus.

551 1346 689 1418 ’ῼδὴ
721 1346 968 1417 ψαλμοῦ
1001 1345 1082 1412 τῷ
1115 1347 1321 1417 Ἀσάφ.
1365 1349 1601 1404 ΨΑΛΜ.
1637 1351 1769 1403 ΠΒθ.

2143 1341 2422 1397 Canticum
2459 1342 2655 1413 psalmi
2690 1345 2886 1414 Asaph.
2929 1343 3198 1402 PSALM.
3231 1347 3522 1404 LXXXII.

440 1465 495 1520 1.
537 1464 593 1518 Ὁ
619 1463 772 1528 Θεὸς,
792 1463 876 1528 τίς
905 1463 1304 1536 ὁμοιωθήσεται
1329 1482 1446 1529 σοις

2119 1457 2172 1511 1.
2210 1456 2375 1524 Deus,
2398 1458 2520 1529 quis
2543 1459 2739 1515 similis
2761 1459 2865 1516 erit
2894 1460 3031 1517 tibi?

436 1556 493 1610 2.
524 1555 618 1627 Μὴ
645 1553 896 1629 σιγήσῃς,
929 1556 1062 1628 μηδὲ
1087 1553 1499 1629 καταπραΰνῃς,
1536 1559 1564 1610 ὁ
1597 1557 1750 1622 Θεός.

2114 1550 2172 1605 2.
2207 1548 2284 1605 Ne
2310 1558 2512 1618 lateas,
2550 1567 2727 1623 neque
2753 1556 3141 1625 compescaris,
3173 1555 3337 1614 Deus.

439 1647 494 1701 5.
525 1646 645 1700 Ὀτι
674 1646 781 1700 ίδοὺ
808 1648 857 1700 οἱ
882 1645 1069 1720 ἐχθροί
1101 1664 1193 1701 σου
1227 1649 1483 1724 ἡχησανέ

2121 1643 2175 1698 5.
2209 1641 2478 1710 Quoniam
2501 1659 2630 1700 ecce
2659 1645 2870 1703 inimici
2903 1649 2980 1704 tui
3009 1660 3310 1708 sonuerunt
3334 1669 3347 1708 :

441 1739 496 1794 4.
523 1740 634 1794 Καὶ
661 1741 710 1794 οἱ
745 1739 1026 1812 μισοῦντές
1058 1759 1118 1794 σε
1151 1737 1293 1813 ἦραν
1331 1741 1590 1814 κεφαλήν.
1973 1750 2018 1807 Β

1973 1750 2018 1807 Β
2121 1735 2175 1791 4.
2208 1734 2274 1790 Ει
2306 1737 2399 1807 qui
2429 1736 2662 1792 oderunt
2693 1745 2745 1794 te
2781 1743 3092 1797 extulerunt
3121 1754 3302 1815 caput.

442 1832 495 1887 5.
532 1832 654 1885 Ἐπὶ
674 1832 766 1886 τὸν
789 1832 914 1886 λαόν
937 1850 1028 1886 σου
1059 1831 1670 1905 κατεπανουργεύσαντο
1696 1851 1939 1908 γνωμην·

2125 1828 2176 1882 5.
2216 1827 2390 1899 Super
2440 1829 2700 1901 populum
2748 1840 2903 1888 tuum
2963 1836 3398 1908 malignaverunt
3430 1839 3619 1896 consi-

2050 1921 2185 1978 lium
2228 1942 2242 1979 :

443 2011 500 2066 6.
529 2011 640 2066 Καὶ
671 2011 1058 2066 ἐϐουλεύσαντο
1092 2011 1233 2067 κατὰ.
1263 2012 1372 2067 τῶν
1414 2015 1583 2084 ἁγίων
1619 2033 1733 2070 σου.

2119 2014 2272 2087 6.ξΕι
2303 2018 2678 2089 cogitaverunt
2705 2022 2966 2077 adversus
2994 2029 3213 2078 sanctos
3243 2030 3366 2079 tuos
3391 2041 3406 2080 :

445 2102 498 2159 7.
529 2100 695 2158 Εἶπον
725 2105 798 2177 (b)
820 2120 834 2135 ο
865 2103 1029 2158 Δεῦτε
1050 2146 1065 2172 ,
1109 2107 1205 2159 καὶ
1243 2105 1718 2180 ὲξολοθρεύσωμεν
1750 2111 1948 2173 αὐτοὺς

369 2195 433 2263 ἐξ
462 2196 649 2262 ἔθνους

2122 2108 2172 2163 7.
2207 2108 2470 2168 Dixerunt
2519 2113 2802 2180 :Venite,
2867 2123 2922 2169 et
2973 2115 3350 2185 disperdamus
3405 2131 3500 2174 eos
3554 2117 3621 2174 de

2050 2211 2206 2263 ﬂente

623 2216 649 2262 ς
2050 2219 2081 2272 8

471 2379 524 2446 a)
551 2376 707 2451 V_ers.
742 2377 908 2451 9,10,
938 2379 1042 2435 sub
1080 2377 1243 2451 unico
1267 2379 1424 2451 vers.)

444 2413 524 2522 ὶῐί
546 2413 1042 2521 έῖτὲἔζο.“ἰη“ἶιέεἲὲἴ
1069 2413 1241 2503 ἂῖιὶὶῑῗ

1499 2527 1875 2597 ATHANASII
1915 2531 2496 2597 INTERPRETATIO.

448 2687 500 2755 9.
530 2699 664 2756 Οὐδὲ
704 2701 782 2769 (1)
815 2701 1132 2770 ἐπέγνωσαν
1173 2700 1294 2754 οὐδὲ
1339 2701 1578 2772 συνῆκαν
1618 2701 1807 2775 ὥσπερ
1842 2703 1944 2758 αὑ-

2115 2701 2172 2774 9.
2206 2699 2392 2772 Neque
2424 2708 2831 2770 cognoverunt.
2859 2705 3036 2772 neque
3075 2700 3461 2758 intellexerunt
3485 2715 3622 2770 quo‘

370 2791 487 2855 τοῖς
513 2790 853 2863 πῳσέταξαδ

2047 2793 2211 2848 modo
2238 2791 2373 2862 ipsis
2402 2791 2671 2861 praecepi;

442 2882 532 2937 10.
565 2882 728 2938 Ἀλλὰ
755 2885 814 2937 ὲν
843 2886 910 2956 τῇ
939 2886 1186 2959 ἁμαρτιᾳ
1211 2885 1556 2958 πορεύονται.
1621 2912 1635 2936 κ

1436 2903 1556 2941 ται.
1621 2912 1635 2936 κ
2119 2884 2208 2938 tu.
2245 2882 2352 2938 Sed
2381 2882 2437 2937 in
2461 2891 2686 2953 peccato
2716 2881 3017 2937 ambulant.

446 2975 533 3032 11.
564 2975 1036 3048 Μετατεθήτωσαν
1069 2979 1247 3032 πάντα
1273 2978 1342 3034 τὰ
1374 2977 1504 3050 ἔθνη
1548 2981 1628 3043 είς
1668 2977 1769 3042 τὰς
1802 2980 1950 3033 ἐντο-

2121 2974 2209 3028 11.
2247 2971 2676 3030 Transferantur
2712 2986 2904 3028 omnes
2935 2978 3124 3042 gentes
3153 2971 3206 3026 in
3238 2983 3504 3043 praecepta
3530 2970 3626 3025 Ju-

371 3067 475 3130 λὰς
505 3067 616 3122 τῶν
655 3069 949 3126 Ἰουδαίων.

1412 3165 1438 3170 μ
1534 3165 1672 3170 __
1820 3070 2315 3170 ..-εδεΡΪωέλ
2404 3125 2605 3170 -

446 3161 537 3216 12.
562 3160 705 3231 Ἐγὼ
729 3158 858 3216 εῐπα
879 3159 1015 3217 εἶναι
1040 3165 1185 3235 ὑμᾶς
1207 3164 1362 3229 θεοὺς
1375 3165 1474 3236 τῆς
1485 3165 1705 3237 χάριτός
1729 3159 1830 3236 μου
1849 3165 1952 3237 (2),
1982 3158 2023 3170 “

2127 3163 2215 3220 12.
2247 3162 2360 3236 Ego
2389 3163 2502 3220 dixi
2521 3204 2537 3231 ,
2568 3177 2690 3221 esse
2715 3170 2814 3221 vos
2853 3163 2985 3220 deos
3016 3164 3189 3234 gratia
3223 3179 3342 3218 mea
3361 3204 3376 3231 ,
3403 3172 3457 3220 et
3485 3163 3627 3218 ﬁlios

375 3254 474 3307 καὶ
502 3254 653 3332 υἱοὺς
674 3255 770 3308 τοῦ
803 3242 1016 3329 Πατρός
1045 3275 1169 3330 μου.

811 3242 1016 3329 Πατρός
1045 3275 1169 3330 μου.
2055 3257 2234 3314 Patris
2265 3257 2392 3313 mei.

446 3347 535 3402 15.
571 3346 759 3419 Ὑμεῖς
789 3350 845 3404 δὲ
867 3350 942 3414 ὡς
959 3351 1030 3420 γῆ
1051 3352 1147 3405 καὶ
1170 3350 1360 3416 σποδὸς
1381 3354 1439 3406 ὲν
1461 3355 1580 3416 ταῖς
1595 3351 1812 3423 γηίναις
1836 3352 1957 3404 ὲπι-

2127 3350 2212 3406 15.
2249 3347 2360 3406 Vos
2386 3357 2568 3407 autem
2618 3349 2788 3405 veluti
2831 3357 2978 3405 terra
3019 3365 3073 3405 ε.
3119 3364 3257 3404 cinis
3299 3351 3629 3419 permanetis

375 3439 600 3510 θυμίαις
631 3443 1020 3515 ὲναπομένετε.

2057 3444 2114 3500 in
2142 3443 2377 3498 terrenis
2408 3440 2890 3512 concupiscentiis.

447 3529 534 3586 14.
567 3531 676 3584 Καὶ
697 3531 772 3596 ὡς
805 3535 834 3587 ὁ
866 3533 1110 3599 διάϐολος
1143 3533 1374 3589 πίπτετε
1407 3535 1514 3590 ἀπὸ
1543 3534 1654 3590 τῶν
1689 3533 1958 3606 οὐρανίων

2130 3535 2218 3590 14.
2251 3534 2317 3590 Et
2350 3543 2615 3607 tanquam
2642 3534 2894 3590 diabolus
2922 3548 2952 3588 a
2988 3535 3304 3590 coelestibus
3346 3536 3629 3607 praeceptis

373 3621 606 3676 ἐντολῶν
638 3626 718 3688 είς
750 3623 944 3696 γηίναν
970 3626 1070 3697 (5).

1022 3626 1070 3696 ι).
2057 3626 2252 3683 cadilis
2283 3627 2340 3681 in
2370 3635 2603 3682 terrena.

448 3715 537 3769 15.
563 3718 640 3787 Τῇ
671 3717 748 3788 (4)
772 3718 932 3793 τρίτῃ
959 3719 1166 3791 ἡμέρᾳ,
1196 3719 1292 3774 καὶ
1316 3719 1491 3775 σῶσον
1515 3719 1608 3774 τὸν
1636 3720 1861 3790 κόσμον.

1566 3737 1608 3774 ›ν
1636 3720 1861 3790 κόσμον.
2126 3719 2216 3774 15.
2253 3716 2436 3773 Tertia
2472 3719 2578 3784 die,
2611 3726 2667 3774 et
2688 3716 2836 3773 salva
2862 3717 3147 3772 mundum.

445 3808 536 3865 16.
580 3810 703 3863 Ὅτι
754 3811 818 3864 σὺ
871 3814 1250 3885 περιποιήσεις
1310 3812 1388 3885 (5)
1431 3815 1513 3877 είς
1557 3811 1829 3884 σωτηρίαν
1878 3810 1956 3884 τῷ

2126 3810 2214 3867 16.
2245 3810 2520 3878 Quoniam
2570 3819 2628 3865 tu
2689 3809 2913 3879 proprio
2969 3817 3062 3862 tuo
3113 3810 3376 3879 sanguine
3438 3824 3628 3875 omnes

378 3901 496 3973 ίδίῳ
527 3920 619 3957 σου
643 3903 835 3976 αἵματι
869 3906 1050 3960 πάντα
1077 3904 1146 3960 τὰ
1173 3906 1322 3978 ἔθνη.

2056 3911 2243 3974 gentes
2273 3902 2341 3957 ad
2374 3916 2468 3957 cas
2500 3901 3093 3970 salvandas-acquircs.

460 4025 526 4090 Ἦ
560 4038 891 4109 προκειμένη
917 4039 1196 4110 ἐπιγραφὴ
1224 4039 1466 4112 περιέχει
1489 4056 1504 4072 °
1531 4039 1608 4112 (6)
1649 4038 1850 4111 ὁμοίως
1891 4035 1984 4092 τοῦ
2023 4024 2239 4109 πρώτου
2269 4034 2486 4107 ψαλμοῦ
2517 4034 2613 4108 τὴν
2632 4034 2926 4107 ἑρμηνείαν
2957 4033 3163 4104 ἕχειείς
3195 4033 3286 4087 τὸν
3309 4035 3509 4107 Κύριον
3539 4036 3633 4091 καὶ

373 4135 458 4197 είς
490 4135 616 4198 τοὺς
644 4135 948 4198 Ἰουδαίους.

448 4245 664 4313 Titulus
706 4255 1033 4326 praepositus
1080 4256 1370 4313 continet:
1400 4254 1654 4312 similiter
1688 4268 1752 4310 ac
1789 4251 2116 4310 antecedens
2160 4249 2408 4322 psalmus
2464 4248 2968 4319 interpretationem
3005 4251 3169 4307 liabet
3211 4252 3264 4306 in
3308 4248 3631 4321 Dominum,

373 4361 432 4408 et
462 4350 700 4407 Judazos.

451 4445 504 4498 1.
541 4442 654 4498 Οὐκ
685 4440 830 4495 ἔστιν
856 4440 1028 4504 οὕτως
1047 4439 1270 4503 δυνατὸς
1296 4439 1390 4494 καὶ
1409 4425 1640 4504 δίκαιος.
1985 4441 2030 4496 D

1985 4441 2030 4496 D
2130 4438 2180 4491 1.
2212 4436 2332 4491 Non
2363 4444 2447 4492 est
2471 4437 2668 4508 aliquis
2695 4437 2766 4492 ita
2789 4445 2982 4508 potens
3007 4447 3060 4492 et
3091 4437 3293 4506 justus.

448 4535 502 4591 2.
530 4535 622 4606 Μὴ
651 4533 1078 4606 μακροθυμήσῃς
1101 4532 1194 4586 ἐπὶ
1211 4533 1324 4596 τοῖς
1347 4533 1672 4604 γινομένοις.

1670 4575 1672 4580 ,
2125 4530 2180 4583 2.
2217 4529 2294 4586 Ne
2316 4531 2522 4588 diutius
2551 4529 2695 4586 feras
2717 4546 2839 4601 quae
2868 4541 3078 4600 patrata
3104 4545 3251 4587 sunt.

449 4627 505 4683 '5.
535 4627 598 4680 Οί
625 4625 876 4696 δαίμονες
898 4623 1192 4696 scaenam
1224 4624 1324 4696 (7).

2127 4625 2179 4678 5.
2217 4622 2498 4679 Dazmones
2523 4624 2740 4678 exaltati
2773 4632 2920 4679 sunt.

449 4720 504 4773 4.
538 4719 648 4772 Καὶ
667 4721 716 4771 οἱ
754 4717 993 4771 Ἰουδαῖοι
1019 4715 1444 4789 κατεπήρθησὰν
1472 4733 1586 4771 σου.

2129 4714 2182 4769 1.
2218 4713 2285 4769 Εῑ
2311 4714 2485 4770 Judmi
2517 4725 2706 4771 contra
2743 4724 2796 4770 te
2824 4715 3017 4770 elevatl
3048 4725 3192 4771 sunt.

453 4809 508 4864 5.
541 4809 665 4861 Ἐπὶ⁵
696 4807 787 4862 τὸν
805 4806 933 4860 λαόν
954 4824 1046 4860 σου
1070 4805 1464 4860 ὲδολιεύσαντο.

2131 4807 2181 4862 5.
2211 4808 2412 4863 Contra
2440 4808 2701 4878 populum
2730 4816 2883 4862 tuum
2923 4807 3113 4865 dolose
3137 4817 3363 4880 egerunt

451 4901 504 4954 6.
540 4901 698 4954 Κατὰ
718 4899 825 4954 τῶν
857 4898 1173 4970 προφητῶν.

2134 4899 2187 4954 6.
2221 4899 2422 4954 Contra
2450 4899 2767 4970 prophetas.

457 4993 507 5047 7.
543 4993 606 5046 Οἱ
629 4991 878 5062 δαίμονες
909 4990 1049 5044 κατὰ
1070 4989 1179 5043 τῶν
1204 4989 1372 5058 ἁγίων
1405 4986 1594 5044 εἶπαν·
1623 4984 1809 5052 Δεῦτε,
1854 4986 1954 5041 καὶ

2137 4989 2189 5042 7.
2225 4989 2506 5047 Daamones
2531 4990 2790 5046 dixerunt
2829 5001 3021 5046 contra
3049 4999 3269 5046 sanctos
3303 5007 3316 5044 :
3347 4989 3553 5058 Venite,
3581 4997 3635 5047 et

373 5082 601 5156 ἂρωμεν
625 5083 804 5137 αὐτῶν
835 5082 934 5154 τὴν
965 5082 1182 5152 μνήμην
1206 5082 1312 5135 ἀπὸ
1345 5081 1445 5152 τῆς
1470 5082 1591 5153 γῆς.

1579 5121 1591 5133 .
2061 5083 2318 5139 tollamus
2348 5099 2539 5140 eorum
2566 5086 2889 5141 memoriam
2927 5102 2958 5142 e
2991 5095 3154 5140 terra.

1338 5250 1647 5312 Addenda
1679 5259 1739 5313 et
1776 5250 2154 5330 corrigenda
2186 5265 2264 5312 ex
2299 5251 2438 5313 cod.
2478 5249 2675 5315 Vatic.

555 5413 870 5497 ’ρςθτειθίον
905 5413 1024 5469 οὔτε
1057 5413 1328 5471 συνιοῦσιν
1354 5415 1496 5486 ἅπερ
1534 5416 1740 5483 αὐτοῖς,
1775 5421 1882 5476 e‘tc.
2146 5417 2224 5497 (_6)
2476 5417 2580 5497 τῆς
2619 5417 2986 5497 κινναϐάρεως
3013 5415 3322 5497 ’περιέχειο-
3502 5412 3641 5497 ἔβαλε

664 5485 848 5558 χάριτί
878 5505 1006 5561 μου.
1110 5555 1120 5561 _
1215 5555 1226 5561 _
1465 5481 1476 5486 ’
1727 5481 1733 5483 ⁷
2077 5481 2178 5561 μοῧ
2204 5481 2282 5558 τῷ
2305 5489 2478 5558 Ἀσάφ
2502 5481 2754 5560 θ’όμοίως
2789 5481 2880 5541 τοῦ
2931 5487 3037 5559 πρὸ
3072 5481 3262 5540 τούτου
3298 5481 3392 5539 τοῦ
3422 5481 3642 5540 ψαλμοῦ

558 5555 776 5629 mmet,
807 5555 936 5629 etc”
956 5558 1042 5629 εἰς
1068 5555 1136 5609 τὰ
1165 5555 1346 5629 γήινα.

744 5555 776 5620 ί,
807 5555 936 5629 θεόν
956 5558 1042 5629 εἰς
1068 5555 1136 5609 τὰ
1165 5555 1346 5629 γήινα.
2074 5555 2192 5629 τὴν,
2221 5555 2325 5614 etc.

473 5601 528 5703 ξς
547 5601 1040 5703 νξξιᾶἇὲᾆξῑόἒὸέῖ
1064 5601 1136 5678 ἐξ
1153 5601 1460 5696 {dicatam
2083 5601 2522 5703 "‘(if-iﬁmm,

559 5697 938 5770 Περιποίησαι.

830 5815 1099 5874 Parnm.
1136 5812 1253 5875 Gn.
1285 5813 1404 5874 XX
1418 5810 1541 5877 Vl].
3289 5808 3367 5873 32
