4004 6212
371 236 550 342 ⁴ιοθδ
1259 279 1346 334 ne
1385 274 1662 333 mnus
1691 273 1952 332 PSALMC

2092 271 2148 328 li.
2188 301 2260 313 —
2298 267 2498 330 PSAL.
2523 267 2809 325 LXXXIII.
3538 265 3673 322 1006

477 397 568 452 25.
599 395 810 459 Οἵτινες
856 389 1010 449 εἷπον
1047 412 1060 425 ο
1115 396 1630 468 Κληρονομήσωμεν
1673 395 1888 458 ἑαυτοῖς
1930 393 1991 446 τὸ
2019 399 2058 457 Α

2166 389 2258 444 25.
2292 388 2396 453 Qui
2427 389 2685 445 dixerunt
2710 407 2724 443 :
2759 386 3081 442 Haereditate
3109 385 3487 458 possideamus
3514 387 3673 444 nobis

407 489 764 564 ἀγιαστήριον
786 492 879 546 τοῦ
912 492 1069 545 Θεοῦ.

1026 492 1069 545 5.
2087 482 2460 539 sanctuarium
2492 481 2607 537 Dei.

476 584 565 638 24.
610 586 666 638 '0
695 585 830 649 Θεός
858 602 982 656 μου,
1009 584 1103 637 θοῦ
1127 584 1326 648 αὐτοὺς
1349 582 1426 646 ὡς
1453 581 1678 655 τροχόν

2156 575 2248 629 24.
2286 573 2430 629 Deus
2464 589 2644 640 meus,
2664 588 2803 643 pone
2829 573 2949 628 illos
2974 580 3035 627 ut
3060 579 3234 626 rotam
3260 591 3273 625 :

474 678 566 732 25.
615 678 703 741 Ὠς
735 655 990 749 καλάμην
1015 678 1154 732 κατὰ
1189 679 1478 750 πρόσωπον
1509 678 1736 747 ἀνέμου.

2157 665 2248 719 23.
2288 655 2353 718 Et
2384 665 2526 719 sicut
2558 665 2809 732 stipulam
2848 672 2974 718 ante
2999 661 3189 717 faciem
3226 661 3389 716 venti.

476 769 566 823 26.
605 770 748 823 Ὡσεὶ
779 769 912 840 πῦρ,
941 769 970 823 ὃ
993 769 1266 840 διαφλέξει
1299 769 1503 842 δρυμόν
1530 785 1545 802 ο

2164 751 2257 810 26.
2295 754 2449 811 Sicut
2479 755 2642 826 ignis,
2671 756 2764 825 qui
2795 757 3082 811 comburet
3114 754 3309 810 silvam
3338 772 3351 808 :

473 859 564 912 27.
605 860 748 913 'Os'al.
770 859 919 930 φλὸξ,
950 861 984 930 ἢ
1017 859 1091 932 (ο)
1120 860 1455 914 κατακαύσει
1483 859 1611 931 ὅρη.

2161 848 2253 902 27.
2286 847 2352 902 Et
2384 849 2528 903 sicut
2555 847 2793 915 ﬂamma,
2818 865 2940 918 quae
2977 849 3261 903 comburet
3298 858 3531 901 montes.

472 949 564 1006 28.
587 948 744 1003 Οὕτω
768 949 1118 1014 καταδιὼξεις
1145 950 1341 1011 αὐτοὺς
1378 951 1436 1001 ὲν
1472 951 1538 1020 τῇ
1570 946 1838 1017 καταιγίδι
1868 964 1983 1000 amr

1947 964 1983 999 ν
2113 992 2118 997 ,
2161 939 2251 997 28.
2288 939 2365 994 Ita
2408 943 2751 1009 persequeris
2779 941 2900 996 illos
2934 941 2986 994 in
3023 948 3344 1010 tempestate
3386 948 3480 993 tua
3515 957 3528 992 :

471 1041 563 1096 29.
594 1042 706 1095 Καὶ
735 1042 794 1095 ἐν
824 1043 888 1112 τῇ
913 1042 1049 1112 ὀργῇ
1084 1057 1178 1093 σου
1212 1038 1566 1109 συνταράξεις
1598 1038 1815 1102 αὐτούς.

1627 1038 1815 1102 ιὺτούς.
2161 1031 2251 1086 29.
2286 1031 2353 1087 Ει
2380 1033 2432 1086 in
2466 1033 2544 1086 ira
2575 1042 2666 1087 tua
2703 1032 3060 1087 conturbabis
3095 1046 3208 1086 eos.

473 1131 561 1187 50.
598 1132 890 1204 Πλήρωσον
915 1131 983 1184 τὰ
1011 1131 1278 1202 πρόσωπα
1307 1129 1486 1183 αὐτῶν
1512 1129 1754 1202 ἀτιμίας·

1660 1129 1754 1194 ἴας’
2163 1123 2254 1179 50.
2285 1125 2455 1195 Imple
2491 1124 2660 1180 facies
2689 1140 2876 1179 eorum
2909 1122 3241 1193 ignominia:

471 1223 559 1279 51.
590 1225 702 1278 Καὶ
730 1225 1023 1295 ζητήσουσι
1057 1224 1118 1277 τὸ
1139 1224 1309 1294 ὄνομα
1344 1239 1460 1287 σου,
1497 1223 1691 1294 Κύριε.

2161 1221 2250 1276 5|.
2285 1218 2354 1274 Et
2384 1229 2632 1290 quarunt
2667 1235 2866 1275 nomen
2903 1229 3080 1285 tuum,
3110 1217 3358 1272 Domine.

470 1306 560 1368 52'.
621 1315 1096 1386 Αίσχυνθήτωσαν,
1155 1315 1246 1368 κα)⁵
1301 1314 1730 1388 ταραχθήτωσαν
1778 1315 1858 1377 εἰς
1898 1313 1988 1367 τὸν

2161 1313 2250 1368 52.
2285 1312 2646 1380 Erubescant,
2672 1319 2727 1368 et
2752 1313 3149 1368 conturbentur
3182 1311 3237 1365 in
3266 1310 3524 1366 saeculum
3558 1326 3665 1366 sae-

399 1404 572 1460 αίῶνα
600 1407 695 1460 τοῦ
725 1406 944 1471 αἰῶνοςο

658 1407 695 1460 ιῦ
725 1406 944 1471 αἰῶνοςο
2087 1406 2198 1461 culi
2227 1425 2239 1460 :

470 1499 558 1553 55.
593 1498 705 1552 Καὶ
733 1501 1177 1571 ὲντραπήτωσαν,
1208 1498 1300 1553 καὶ
1331 1497 1738 1553 ἀπολέσθωσαν.

1534 1497 1738 1552 θωσαν.
2160 1497 2249 1552 55.
2287 1496 2353 1550 Et
2379 1495 2784 1551 confundantur
2810 1504 2864 1550 et
2893 1505 3115 1565 pereant

467 1589 556 1642 51.
589 1589 698 1642 Καὶ
727 1588 1042 1657 γνώτωσαν,
1067 1591 1150 1643 ὅτι
1181 1589 1352 1661 ὄνομά
1388 1608 1469 1643 σοι
1498 1589 1724 1660 Κύριος

2162 1591 2251 1644 54.
2289 1588 2354 1643 Ει
2389 1596 2743 1658 cognoscant,
2770 1589 2898 1658 quia
2921 1605 3120 1644 nomen
3156 1588 3250 1643 tibi
3289 1587 3551 1642 Dominus
3580 1625 3593 1639 .

467 1679 558 1737 55.
583 1681 654 1733 Σὺ
693 1680 854 1751 μόνος
877 1682 1097 1751 ὕψιστος
1127 1683 1220 1736 ἐπὶ
1243 1684 1419 1736 πᾶσαν
1446 1679 1544 1753 τὴν
1578 1681 1703 1752 γῆν.

2163 1680 2254 1735 55-.
2289 1678 2370 1733 Tu
2410 1677 2561 1735 solus
2588 1677 2896 1733 altissimus
2929 1677 2987 1732 in
3013 1679 3162 1733 omni
3190 1689 3352 1734 terra.

395 1791 502 1857 Εἰς
521 1791 588 1846 τὸ
611 1791 803 1859 τέλος,
852 1793 1006 1863 ὑπὲρ
1055 1793 1174 1848 τῶν
1194 1792 1402 1862 ληνῶν
1454 1792 1582 1860 τοῖς
1627 1788 1780 1859 υἱοῖς
1832 1792 1976 1862 Κορὲ

2018 1760 2059 1814 Β
2194 1791 2262 1847 1η
2285 1792 2462 1863 ﬁnem,
2492 1807 2589 1862 pro
2616 1791 2971 1848 torcularibus
2995 1793 3124 1862 ﬁliis
3152 1792 3286 1846 Core
3333 1791 3589 1859 psalmus.

834 1887 1096 1955 ψαλμός.
1133 1887 1364 1940 ΨΑΑΜ.
1387 1883 1527 1940 1m.

2543 1883 2811 1940 PSALM.
2855 1882 3187 1940 LXXXIII.

470 1976 522 2030 1.
561 1976 648 2042 Ὣς
679 1977 940 2049 ἀγαπητὰ
986 1978 1055 2032 τὰ
1108 1977 1445 2051 σκηνώματα
1496 1995 1609 2044 σου,
1669 1977 1842 2049 Κύριε
1870 1979 1979 2034 τῶν

2155 1978 2207 2033 1.
2241 1978 2417 2046 Quam
2449 1978 2643 2035 dilecta
2670 1979 3021 2034 tabernacula
3050 1989 3141 2034 tua
3161 2021 3176 2044 ,
3226 1979 3454 2033 Domine
3485 1976 3663 2032 virtu!

393 2066 676 2140 δυνάμεων
696 2069 710 2122 ι

668 2069 710 2122 ιι
2086 2074 2249 2128 tum!

465 2183 548 2255 (α)
577 2183 652 2237 Ἦ
678 2185 829 2241 deest
858 2185 914 2241 in
951 2194 1122 2253 textu,
1160 2185 1358 2257 legitur
1397 2186 1454 2242 in
1482 2199 1656 2256 marg.
1690 2185 2060 2242 κατακαῦσαι.

1490 2346 1871 2406 ΑΤΗΑΝΛδΙΙ
1923 2345 2512 2406 INTERPRETATIO.

465 2497 554 2558 25.
585 2502 1084 2576 Αἰχμαλωτίσωμεν
1116 2507 1208 2561 τὸν
1233 2505 1361 2560 λαὸν
1384 2451 1572 2571 αὑτοῦ,
1609 2505 1702 2558 καὶ
1731 2505 1821 2558 τὸν
1850 2504 1976 2558 ναὸν

2147 2504 2239 2560 25.
2275 2505 2333 2560 In
2365 2505 2731 2577 captivitatem
2763 2509 3105 2567 abducamus
3138 2510 3398 2581 populum
3427 2511 3572 2584 ejus,
3604 2504 3663 2569 οι

390 2591 562 2647 αὐτοῦ
587 2593 664 2663 (1)
684 2594 1095 2668 διαρπάσωμεν.

2077 2598 2338 2668 templum
2369 2598 2490 2668 ejus
2516 2599 2865 2671 diripiamus.

464 2684 558 2739 24.
603 2685 1008 2759 Ktltoupévoug
1044 2688 1120 2761 (2)
1179 2690 1284 2743 ὑπὸ
1323 2688 1430 2743 τῶν
1472 2688 1737 2743 ἑλκόντων
1779 2684 1976 2754 αὖτοὺς

2145 2688 2233 2744 24.
2268 2691 2327 2745 1η
2365 2691 2551 2748 orbem
2579 2704 2831 2750 versatos
2860 2711 2892 2751 a
2929 2696 3272 2752 trahentibus
3312 2711 3409 2754 eos
3447 2698 3502 2752 in
3531 2711 3661 2768 pec-

391 2777 478 2840 είς
501 2777 796 2849 ἁμαρτίαν.

698 2777 796 2832 ίαν.
2074 2791 2279 2838 catum.

461 2869 553 2926 25.
585 2865 714 2924 Ὧδε
747 2871 906 2925 κάκεῖ
938 2874 1403 2946 περιφερομένους
1445 2874 1552 2930 ὑπὸ
1577 2874 1690 2928 τῶν
1733 2876 1968 2932 καταδυ-

1943 2905 1968 2917 -
2141 2875 2231 2932 2-5.
2264 2875 2382 2933 Huc
2413 2876 2538 2934 illos
2575 2878 2996 2938 circumdelatos
3022 2896 3054 2937 a
3083 2881 3517 2940 dominantibus.

384 2963 804 3034 ναστευομένων
828 2964 928 3035 (5).

462 3053 557 3109 26.
601 3054 690 3119 Ὠς
721 3053 853 3120 ξύλα
882 3057 1108 3130 ἄκαρπα
1145 3059 1426 3115 ἀνάλωσον
1459 3059 1682 3126 αὐτούς.

2141 3054 2232 3110 26.
2267 3053 2339 3111 Ut
2366 3057 2512 3127 ligna
2540 3057 2883 3116 infructil‘era
2913 3076 3178 3119 consume
3200 3078 3313 3119 eos.

460 3144 550 3200 27.
589 3147 678 3211 Ὠς
706 3149 740 3219 ή
768 3147 1104 3220 Θειότηςλσου
1136 3148 1428 3208 κατακαίει
1465 3154 1564 3226 τὴν
1608 3155 1856 3208 ἐναντίαν
1882 3155 1974 3208 δύ-

2143 3145 2234 3201 27.
2271 3145 2426 3204 Sicut
2455 3148 2718 3206 divinitas
2766 3159 2857 3208 tua
2901 3153 3175 3209 comburit
3204 3155 3532 3211 contrariam
3561 3170 3654 3228 po-

385 3253 556 3310 ναμιν

2024 3310 2035 3311 7
2075 3244 2347 3295 testatem.

459 3328 550 3385 28.
591 3310 678 3383 Ἐν
699 3331 778 3403 τῷ
801 3332 958 3406 θυμῷ
986 3352 1098 3391 σου.
2005 3310 2040 3368 C

2005 3310 2049 3368 (ἶ
2150 3330 2241 3385 28.
2282 3330 2339 3388 In
2366 3332 2738 3406 indignatione
2768 3341 2881 3391 tua.

460 3422 552 3479 29.
571 3424 705 3489 Ταῖς
727 3427 979 3499 ἀνομίαις
1009 3428 1190 3483 αὐτῶν
1243 3429 1626 3498 συναπολέσεις
1659 3432 1736 3506 (5)
1757 3434 1976 3499 αὐτούς.

1831 3434 1976 3499 τούς,
2147 3423 2237 3480 29.
2270 3423 2409 3482 Cum
2441 3441 2635 3483 eorum
2671 3425 3050 3497 iniquitatibus
3077 3429 3273 3500 perdes
3298 3446 3412 3488 eos.

463 3512 553 3573 50.
583 3518 695 3583 Τὰς
731 3521 961 3593 καρδίας
986 3521 1185 3576 αὐτῶν.

1100 3521 1185 3576 ὢν.
2075 3569 2095 3588 _
2146 3519 2234 3574 50.
2265 3519 2445 3575 Corda
2469 3535 2681 3575 eorum.

461 3607 550 3662 51.
577 3610 688 3664 Καὶ
715 3612 856 3683 μετὰ
904 3613 1080 3670 ταῦτα
1125 3615 1519 3685 ὲπιγνώσονται
1573 3615 1651 3690 (6)
1702 3618 1802 3690 τὴν
1846 3618 1973 3691 βοή-

2076 3613 2086 3666 '.
2147 3610 2235 3666 51.
2270 3609 2339 3665 Ει
2365 3619 2488 3680 post
2519 3625 2582 3667 ea
2613 3623 2944 3684 cognoscent
2975 3613 3238 3670 auxilium
3265 3623 3444 3682 tuum,
3473 3625 3527 3672 et
3559 3615 3657 3672 be-

386 3696 544 3754 θειάν
574 3719 666 3756 σου
690 3705 784 3757 καὶ
816 3705 916 3771 τὰς
943 3707 1264 3778 εὐεργεσίας
1293 3726 1408 3764 σου.

832 3705 916 3771 τὰς
943 3707 1264 3778 εὐεργεσίας
1293 3726 1408 3764 σου.
2074 3701 2268 3756 neHCia
2304 3710 2413 3758 tua.

461 3794 551 3850 52.
581 3797 884 3864 Διαπαντὸς
911 3802 960 3854 οί
997 3801 1072 3873 μὴ
1099 3801 1408 3874 πειθόμενοι
1441 3820 1535 3857 σου
1565 3804 1664 3876 (7).

1651 3843 1664 3856 ,
2150 3793 2239 3848 52.
2277 3791 2523 3864 Semper,
2554 3794 2647 3865 qui
2673 3794 2770 3849 tibi
2803 3808 2913 3850 non
2945 3795 3224 3852 obediunt.

459 3886 548 3941 55.
591 3888 678 3941 Ἐν
698 3891 766 3960 τῇ
799 3889 982 3963 ἡμέρᾳ
1001 3892 1099 3964 τῆς
1123 3893 1377 3965 κρίσεως.

1123 3893 1377 3965 κρίσεως.
2149 3889 2239 3944 55.
2273 3887 2332 3943 In
2363 3888 2450 3944 die
2475 3887 2687 3959 judicii.

459 3978 553 4043 54,
583 3980 674 4036 55.
704 3981 792 4035 Ἐν
813 3985 879 4054 τῇ
900 3983 1026 4055 δόξῃ
1068 3984 1170 4054 τῆς
1205 3986 1508 4058 παρουσίας
1530 4003 1623 4040 σου
1653 3987 1728 4058 (8)
1752 3985 1982 4056 ἐπιγνῶ-

2149 3983 2244 4049 54,
2270 3981 2358 4038 55.
2393 3981 2448 4036 1η
2479 3980 2650 4053 gloria
2689 3981 2953 4038 adventus
2996 3982 3074 4038 tui
3121 3989 3476 4052 cognoscant,
3506 3981 3657 4053 quod

392 4084 498 4135 σιν,
528 4069 609 4124 ὅτι
637 4071 696 4126 ὃν
718 4071 1033 4139 ἐξουθένουν
1078 4075 1206 4130 Υἱδν
1232 4076 1545 4148 ἀνθρώπου,
1571 4071 1727 4142 οὗτος
1776 4077 1973 4151 Κύριος

2079 4089 2242 4146 quem
2274 4080 2722 4144 contempserunt
2747 4073 2945 4130 Filium
2973 4075 3210 4132 hominis
3230 4115 3246 4141 ,
3273 4075 3364 4131 hic
3389 4075 3657 4130 Dominus

391 4161 619 4219 πάντων
643 4165 781 4229 ἐστὶ,
816 4168 911 4220 καὶ
933 4166 1082 4238 αὑτῷ
1133 4170 1283 4224 πᾶσα
1314 4169 1536 4239 γλῶσσα
1584 4170 1972 4244 ἐξομολογήσε-

2081 4167 2328 4223 omnium
2355 4174 2458 4231 est,
2492 4174 2548 4222 et
2573 4165 2676 4237 ipsi
2703 4168 2884 4223 omnis
2904 4167 3086 4238 lingua
3113 4167 3484 4232 confitebitur,
3520 4181 3662 4237 quo-

387 4268 506 4322 ται,
536 4255 617 4308 ὅτι
642 4259 705 4311 σὺ
726 4253 778 4312 εἷ
805 4259 1009 4331 Κύριος
1031 4261 1254 4332 ὕψιστος
1275 4264 1356 4327 είς
1385 4263 1544 4332 δόξαν
1566 4264 1703 4318 Θεοῦ
1732 4265 1968 4339 Πατρός.

2084 4263 2231 4320 niam
2262 4278 2320 4321 tu
2344 4277 2404 4320 es
2429 4261 2696 4319 Dominus
2726 4261 3028 4320 altissimus
3057 4263 3113 4318 in
3137 4261 3308 4335 gloria
3337 4261 3430 4318 Dei
3455 4260 3656 4317 Patris.

409 4345 602 4421 Ἀμην.

1999 4353 2054 4416 D
2079 4357 2271 4413 Amen.

450 4484 546 4538 ’Ἦ
578 4491 914 4562 προκειμένη
947 4489 1228 4566 ἐπιγραφὴ
1250 4488 1496 4567 περιέχει
1526 4495 1625 4568 (9)·
1649 4495 1754 4561 Εἰς
1791 4494 1857 4550 τὸ
1887 4495 2080 4563 τέλος,
2106 4495 2260 4564 ὑπὲρ
2287 4493 2408 4550 τῶν
2435 4482 2643 4564 ληνῶν
2669 4490 2794 4559 τοῖς
2818 4487 2968 4558 υἱοῖς
3019 4489 3175 4560 Κορὲ
3231 4489 3494 4560 ψαλμὸς,
3526 4489 3650 4542 ὅπερ

394 4575 779 4650 ἑρμηνεύεται·
819 4585 898 4647 εἰς
926 4585 986 4637 τὸ
1011 4585 1162 4649 τέλος
1194 4585 1302 4640 τῶν
1325 4586 1537 4641 αἰώνων
1563 4587 1704 4659 ὑπὲρ
1728 4588 1837 4642 τῶν
1866 4584 2099 4659 ἐχόντων
2119 4589 2176 4640 ὲν
2204 4590 2323 4652 ταῖς
2346 4586 2597 4658 καρδίαις
2615 4585 2728 4658 (10)
2772 4585 2866 4640 τὸν
2911 4581 3053 4639 οἶνον
3078 4583 3179 4655 τῆς
3207 4582 3550 4655 εὐφροσύνης
3569 4580 3638 4634 τὸν

393 4673 598 4745 Κύριον
631 4677 787 4749 ἡμῶν
824 4677 1049 4751 Ἰησοῦν.
1086 4677 1218 4736 Εἶτα
1250 4681 1374 4750 τοῖς
1393 4679 1544 4752 υἱοῖς
1566 4682 1718 4754 Κορὲ
1745 4683 2006 4755 ψαὶμός.
2030 4678 2176 4755 Κορὲ
2208 4683 2320 4756 γὰρ
2348 4673 2708 4755 ἑρμηνεύεται
2735 4677 3064 4753 φαλακρός·
3086 4681 3116 4735 ὁ
3137 4676 3195 4734 δὲ
3217 4680 3492 4753 φαλακρὸς
3512 4679 3666 4752 παρὰ

387 4765 473 4836 τῷ
501 4769 650 4840 νόμῳ
679 4774 935 4842 καθαρός
951 4776 1121 4833 ἐστιν.

465 4859 682 4919 Titulus
709 4869 1036 4938 praepositus
1070 4869 1315 4926 continet
1343 4887 1360 4926 :
1398 4868 1467 4926 In
1497 4871 1690 4940 ﬁnem‘,
1721 4889 1817 4944 pro
1841 4874 2199 4930 torcularibus
2228 4872 2358 4946 ﬁliis
2385 4873 2520 4930 Core
2545 4872 2815 4946 psalmus,
2861 4874 3007 4946 quod
3053 4874 3442 4944 interpretatur
3469 4873 3523 4927 in
3555 4872 3665 4940 line

390 4957 720 5014 szeculorum
759 4976 860 5032 pro
902 4962 1226 5020 habentibus
1267 4963 1324 5019 in
1366 4966 1626 5024 cordibus
1649 4960 1839 5024 vinum
1872 4960 2071 5024 laetitiae
2096 4968 2388 5025 Dominum
2434 4976 2686 5026 nostrum
2719 4965 2930 5026 Jesum.
2960 4967 3160 5024 Deinde
3192 4965 3322 5036 ﬁliis
3366 4963 3498 5020 Core
3519 4963 3665 5034 psan

395 5063 534 5104 mus.
565 5050 698 5107 Core
725 5056 871 5110 enim
896 5056 1284 5129 interpretatur
1305 5056 1505 5118 calvus.
1533 5061 1734 5120 Calvus
1758 5075 1940 5123 autem
1971 5066 2276 5122 secundum
2306 5068 2480 5139 legem
2514 5065 2744 5121 mundus
2787 5077 2892 5122 est.

467 5141 519 5196 1.
545 5144 611 5197 Αἱ
640 5144 852 5202 αἰώνιαί
895 5166 988 5204 σου
1020 5146 1375 5218 ἀναπαύσεις.

1347 5173 1375 5217 ῖ.
2159 5160 2208 5215 1.
2248 5157 2474 5216 Ᾰῧιειοηε
2509 5170 2598 5216 tua
2626 5159 2928 5232 refrigeria.

1349 5267 1658 5331 Addenda
1683 5276 1744 5332 et
1792 5273 2170 5355 corrigenda
2201 5292 2280 5339 ex
2328 5277 2471 5338 cod.
2509 5277 2709 5338 Vatic.

468 5357 547 5439 i1)
571 5360 780 5439 ᾼ.ὐτῶνο
833 5432 846 5439 ,
2149 5377 2227 5439 (7)
2263 5377 2369 5429 Σοι.

468 5429 1160 5525 ἕοιμωμενουςὲψῃ
1199 5505 1347 5525 ημῖν
2089 5519 2103 5525 Δ
2291 5448 2379 5501 Ἐν
2436 5451 2502 5521 τῇ
2552 5447 2744 5519 ἐνδόξῳ
2802 5464 2896 5501 σου
2943 5445 3238 5520 παρουσίᾳ,
3292 5457 3396 5505 etc.
3453 5449 3668 5525 non:pr

491 5500 547 5590 5)
575 5500 1162 5590 I‘Safﬁuvansuévtwv
1188 5505 1401 5590 αὐτούς.
1420 5578 1444 5590 _
1525 5579 1537 5590 _
2080 5500 2256 5590 ήμῖὗν.

580 5571 815 5659 ξιξειότηςι
839 5586 970 5659 e_tc.,
1001 5577 1099 5640 τὰς
1133 5563 1378 5642 ἐναντίας
1415 5578 1690 5650 δυνάμεις.
2087 5563 2336 5654 Ἦ
2363 5587 2450 5641 διὰ
2483 5589 2583 5659 τῆς
2612 5589 2980 5652 κινναόἀοεως
3009 5606 3135 5659 περ.

492 5640 547 5783 5)
582 5640 928 5733 ξυναποξεῖς.
956 5640 963 5642 “
1360 5640 1369 5642 ⁷
1553 5640 1564 5650 “
1651 5640 1666 5644 ⁷
2153 5640 2272 5715 ‘Il'm
2291 5640 2786 5723 'Kaoazdg'idaéov.

490 5710 524 5765 6
613 5713 944 5784 Επιγνωσιν.

685 5732 757 5774 τιγ
761 5733 835 5769 νω
842 5733 944 5774 σιν.
