4004 6212
427 351 564 408 1007
1271 347 1328 402 S.
1365 344 1732 400 ATHANASII
1774 341 1922 399 UPP.
1971 343 2147 398 PARS
2186 342 2274 398 ιιι.
2312 374 2378 383 -
2422 342 2833 400 ΕΧΕΟΕΤΙΟΑ.
3538 346 3675 400 1008

495 469 547 522 2.
581 467 948 537 Concupiscit,
1007 475 1058 520 et
1115 463 1293 519 deﬁcit
1347 465 1526 518 anima
1581 479 1700 517 mea
1745 464 1800 516 in
1849 461 2065 525 atriaA

2160 465 2213 516 2.
2273 463 2576 527 Ἐπιποθεῖ,
2636 464 2729 517 καὶ
2781 462 3022 515 ἐκλείπει
3057 465 3088 534 ἡ
3135 463 3280 535 ψυχή
3317 481 3420 537 μου
3454 465 3534 528 εἰς
3576 464 3674 528 τὰς

427 560 660 616 Domini.

2093 554 2261 618 αὐλὰς
2288 554 2382 608 τοῦ
2421 556 2646 626 Κυρίου.

499 656 552 710 5.
586 655 694 710 Cor
724 669 903 708 meum
923 661 976 708 et
999 667 1128 708 caro
1156 666 1276 708 mea
1303 651 1714 708 exsultaverunt
1739 649 1794 704 in
1822 647 1992 704 Deum

2164 648 2218 702 5.
2255 647 2317 700 Ἡ
2339 647 2535 719 καρδία
2563 665 2662 720 μου
2695 649 2793 704 καὶ
2852 649 2885 720 ή
2943 647 3080 720 σάρξ
3121 665 3220 719 μου
3283 649 3675 719 ἡγαλλιάσαντο

428 747 608 803 vivum

2094 740 2187 793 ἐπὶ
2209 739 2340 795 Θεὸν
2367 739 2563 805 ζῶντα.

497 841 548 893 4.
588 837 797 893 Etenim
829 851 1016 906 passer
1045 834 1250 890 invenit
1273 834 1376 890 sibi
1402 835 1623 889 domum
1647 853 1665 889 ι

2164 835 2220 890 4.
2248 835 2361 888 Καὶ
2386 832 2497 904 γὰρ
2528 833 2805 905 στρουθίον
2841 826 2997 903 εὗρεν
3026 833 3202 905 ἑαυτῷ
3231 834 3427 889 οἰκίαν·

499 931 552 985 5.
589 930 654 984 Et
689 938 868 984 turtur
912 928 1097 982 nidum
1133 927 1262 992 sibi,
1295 927 1387 981 ubi
1420 935 1584 996 ponat
1620 925 1796 998 pullos
1821 937 1991 980 suos:

2166 923 2219 977 5.
2248 924 2359 977 Καὶ
2389 924 2604 995 τρυγὼν
2627 923 2844 978 νοσσιὰν
2871 925 3060 995 ἑαυτῇ,
3107 917 3169 977 οὗ
3197 925 3352 997 θήσει
3385 925 3455 981 τά
3486 926 3673 981 νοσσία

2041 1033 2045 1037 ’
2095 1015 2314 1087 ἑαυτῆς.

492 1107 547 1162 6.
583 1105 787 1160 Altarin
820 1113 943 1171 tua,
976 1104 1203 1160 Domine
1247 1103 1544 1166 virtutum,
1592 1116 1687 1157 rex
1745 1115 1898 1158 meus
1943 1109 1998 1157 et

2166 1106 2217 1160 6.
2246 1107 2327 1160 Τὰ
2354 1108 2718 1182 θυσιαστήριά
2764 1128 2880 1175 σου,
2933 1111 3106 1182 Κύριε
3151 1110 3261 1165 τῶν
3297 1111 3600 1184 δυνάμεων,
3648 1115 3675 1166 6

430 1199 571 1255 Deus
597 1214 770 1254 meus.

2098 1199 2351 1271 βασιλεύς
2375 1203 2450 1272 (α)
2491 1221 2592 1275 μου
2624 1204 2717 1258 καὶ
2742 1205 2770 1256 6
2792 1205 2923 1268 Θεός
2949 1222 3070 1275 μου.

498 1293 552 1345 7.
587 1290 734 1345 Beati
763 1293 856 1360 qui
886 1289 1132 1344 habitant
1154 1291 1208 1342 in
1239 1289 1401 1343 domo
1432 1297 1522 1342 tua
1551 1308 1563 1341 :

2169 1293 2221 1347 7.
2254 1295 2528 1366 Μακάριοι
2555 1296 2603 1348 οἱ
2628 1297 3005 1360 κατοικοῦντες
3027 1298 3085 1349 ἐν
3111 1296 3189 1368 τῷ
3218 1295 3352 1366 οἴκῳ
3380 1312 3492 1349 σου·

496 1383 552 1438 8.
588 1381 646 1436 ln
677 1382 874 1437 saecula
902 1380 1226 1437 saeculorum
1262 1381 1559 1436 laudabdnt
1586 1391 1657 1434 te.

2168 1385 2222 1439 8.
2257 1387 2352 1450 Εἰς
2377 1389 2502 1451 τοὺς
2531 1387 2730 1452 αἰῶνας
2753 1387 2858 1440 τῶν
2878 1388 3088 1442 αἰώνων
3110 1389 3377 1443 αἱνέσουσί
3405 1405 3485 1442 σε.

1046 1470 1380 1540 Βὶαρεαίιηα.

2699 1481 3030 1552 Διάψαλμα.

501 1567 552 1622 9.
586 1566 785 1622 Beatus
815 1565 916 1629 vir,
946 1563 1034 1620 cui
1054 1573 1137 1618 est
1161 1564 1420 1619 auxilium
1448 1563 1549 1634 ipsi
1575 1562 1672 1619 abs
1701 1572 1751 1618 te
1779 1581 1792 1617 :

2166 1569 2505 1644 9.Μακάριος
2516 1564 2718 1644 ἀνὴρ,ᾧ
2730 1571 2874 1625 ἐστιν
2887 1573 3164 1644 ἀντίληψις
3175 1575 3321 1647 αὐτῷ
3333 1575 3482 1646 παρά
3496 1574 3671 1642 σοὶ(ί›).

503 1660 586 1712 10.
618 1657 981 1714 Ascensiones
1003 1656 1058 1711 in
1085 1656 1248 1711 corde
1277 1672 1376 1711 suo
1406 1657 1709 1726 disposuit,

2172 1663 2258 1718 10.
2299 1664 2612 1727 ’Λναϐόισεις
2638 1667 2694 1716 ὲν
2721 1667 2786 1735 τῇ
2811 1665 3008 1736 καρδία
3038 1666 3200 1719 αὑτοῦ
3241 1667 3461 1732 διέθετο,

502 1754 587 1807 1|.
623 1749 677 1805 In
711 1749 849 1805 valle
871 1749 1233 1818 lacrymarum
1262 1747 1484 1811 inloco,
1516 1764 1679 1817 quem
1720 1747 1922 1818 posuit.
2029 1829 2058 1831 _

2172 1755 2258 1810 11.
2292 1757 2384 1820 Είς
2416 1757 2511 1828 τὴν
2541 1756 2760 1810 κοιλάδα
2817 1757 2911 1810 τοῦ
2945 1758 3315 1830 κλαυθμῶνος,
3364 1761 3444 1824 είς
3482 1759 3574 1815 τὸν
3605 1760 3669 1831 (c)

710 1854 716 1860 '
2025 1829 2074 1890 Β
2099 1848 2284 1913 τόπον,
2317 1849 2375 1904 ὸν
2398 1850 2569 1904 ἔθετο.

501 1933 587 1989 12.
623 1931 834 1986 Etenim
860 1929 1288 1987 benedictionem
1323 1929 1473 1986 dabit
1494 1929 1814 2001 legislator:

1813 1952 1814 1981 1
2170 1939 2258 1994 12.
2281 1940 2390 1993 Kal.
2415 1941 2521 2016 γὰρ
2545 1941 2792 2011 εὐλογίας
2838 1943 2998 1998 δώσει
3019 1947 3046 1998 6
3071 1943 3394 2015 νομοθετῶν.

504 2026 592 2080 15.
622 2023 780 2076 lbunt
806 2023 874 2078 de
895 2022 1095 2077 virtute
1118 2022 1171 2076 in
1201 2021 1456 2078 virtutem
1485 2039 1499 2076 :

2172 2033 2258 2088 15.
2295 2035 2658 2105 Πορεύσονται
2688 2039 2752 2090 ἐκ
2777 2037 3058 2108 δυνάμεως
3091 2039 3168 2101 είς
3195 2037 3440 2107 δύναμιν·

500 2117 589 2171 Ui.
627 2113 910 2170 Videbitur
939 2114 1084 2170 Deus
1110 2115 1342 2171 deorum
1377 2115 1430 2170 in
1467 2113 1623 2172 Sion.

2177 2127 2260 2180 14.
2307 2127 2631 2199 Ὀφθήσεται
2655 2133 2682 2184 6
2705 2131 2836 2194 Θεὸς
2861 2131 2968 2184 τῶν
3006 2131 3143 2184 θεῶν
3179 2133 3234 2183 ὲν
3269 2129 3425 2183 Σιών.

502 2210 590 2290 1β.
629 2207 855 2262 Domine
910 2206 1053 2263 Deus
1105 2209 1405 2275 virtutum,
1458 2208 1654 2265 exaudi
1698 2207 2001 2264 orationem

2179 2220 2260 2272 15.
2293 2221 2464 2291 Κύριε
2490 2225 2518 2276 6
2551 2223 2683 2287 Θεὸς
2704 2224 2812 2278 τῶν
2870 2225 3171 2296 δυνάμεων,
3219 2224 3534 2280 εἰσάκουσον
3579 2223 3668 2293 τῆς

431 2319 609 2361 meam
643 2323 657 2358 ἒ

2104 2313 2412 2384 προσευχῆς
2443 2332 2563 2385 μου·

1057 2394 1394 2466 Diapsalma.

2710 2407 3040 2476 Διάψαλμα.

508 2489 591 2545 16.
622 2489 862 2544 Auribus
890 2487 1126 2558 percipe,
1169 2485 1312 2543 Deus
1343 2486 1533 2545 Jacob.

1487 2490 1533 2545 ί).
2175 2495 2261 2550 16.
2300 2496 2602 2567 Ἐνὼτισαι,
2626 2499 2656 2551 6
2689 2499 2822 2563 Θεὸς
2857 2499 3068 2553 Ἰακὼϐ.

502 2581 592 2636 1Ὶ.
625 2579 908 2636 Protector
938 2587 1122 2635 noster
1150 2578 1354 2649 aspice,
1396 2579 1542 2637 Deus
1567 2599 1582 2634 τ

2178 2587 2265 2643 17.
2313 2590 2723 2662 Ὑπερασπιστά
2746 2591 2923 2664 ἡμῶν,
2958 2591 3054 2658 ἴδε,
3083 2592 3111 2645 6
3139 2592 3290 2657 Θεός·

505 2716 580 2796 (ᾳ)
616 2715 770 2796 Yers.
806 2717 860 2770 7.
901 2715 963 2796 'Q
987 2713 1237 2796 βασιλεύς
1279 2726 1542 2796 pontem.
1671 2717 1723 2771 8.
1755 2713 2039 2796 Μακάριοι
2071 2733 2086 2768 1

946 2713 1237 2796 ξβασιλεύς
1279 2726 1542 2796 pom-etc.
1671 2717 1723 2771 8.
1755 2713 2039 2796 Μακάριοι
2071 2717 2274 2785 πάντες
2297 2725 2390 2796 Δοἱ,
2423 2732 2527 2782 etc.

505 2718 558 2788 (α
616 2718 770 2806 vers.
806 2718 860 2770 7.
901 2718 959 2768 Ὀ
987 2718 1237 2785 βασιλεύς
1279 2733 1402 2786 μου,
1438 2726 1542 2771 etc.
1571 2718 1637 2772 Υ.
1671 2718 1723 2771 8.
1761 2718 2039 2796 Μακάριοι
2071 2733 2085 2768 1

941 2784 1221 2855 ἀντίληψις
1271 2787 1434 2842 αὐτοῦ
1482 2787 1632 2859 παρὰ
1688 2787 1802 2841 σοῦ.
1835 2793 1903 2840 At
1935 2802 1990 2840 in
2019 2803 2085 2841 m:

743 2733 770 2771 ς.
806 2718 860 2770 7.
901 2718 959 2768 Ὀ
987 2718 1237 2785 βασιλεύς
1279 2733 1402 2786 μου,
1438 2726 1542 2771 etc.
1571 2718 1637 2772 Υ.
1671 2718 1723 2771 8.
1761 2718 2039 2796 Μακάριοι
2071 2718 2274 2785 πάντες
2319 2745 2324 2770 ‹

941 2784 1221 2855 ἀντίληψις
1271 2787 1434 2842 αὐτοῦ
1482 2787 1632 2859 παρά
1688 2787 1802 2841 σοῦ.
1835 2793 1903 2840 At
1935 2802 1990 2840 In
2019 2799 2192 2863 marg.
2227 2793 2324 2847 σοί.

529 2857 576 2914 cl
598 2857 700 2911 Τόν
738 2857 906 2914 deest.

1559 2943 1930 3002 ATHANASII
1972 2943 2556 3004 INTERPRETATIU.

505 3067 559 3123 2.
591 3065 758 3137 Cupio
787 3065 1037 3134 dissolvi,
1067 3073 1117 3118 et
1147 3080 1256 3119 esse
1289 3078 1405 3118 cum
1442 3061 1651 3118 Christo
1681 3065 1722 3118 ’.
2032 3049 2076 3110 C

2177 3066 2233 3120 2.
2271 3061 2564 3118 Ἐπιποθῶ
2597 3061 2927 3129 ἀναλῦσαι,
2959 3061 3056 3117 καὶ
3089 3064 3211 3120 σὺν
3241 3063 3476 3135 Χριστῷ
3504 3069 3668 3124 εῖναι.

507 3159 560 3213 5.
592 3156 727 3215 Tota
756 3158 960 3223 anima,
989 3166 1043 3213 et
1067 3171 1295 3228 corpore
1325 3156 1379 3210 in
1413 3155 1520 3211 Deo
1548 3155 1806 3211 inhaereo.

2179 3157 2231 3214 5.
2267 3156 2443 3219 Ὅλως
2463 3156 2528 3226 τῇ
2565 3153 2708 3227 ψυχῇ
2735 3155 2930 3228 καὶτῷ
2956 3156 3164 3228 σώματι
3208 3159 3540 3232 πρόσκειμαι
3589 3164 3673 3216 ἐπὶ

2107 3249 2199 3302 τὸν
2219 3247 2371 3301 Θεόν.

507 3335 562 3389 4.
590 3333 780 3390 Omnis
827 3335 1008 3390 anima
1052 3343 1367 3390 sanctorum
1393 3332 1534 3404 apud
1567 3332 1734 3387 Deum
1764 3331 2006 3403 requiem

2177 3340 2231 3394 4.
2256 3341 2413 3394 Πᾶσα
2432 3339 2577 3412 ψυχὴ
2604 3339 2772 3410 ἁγίων
2800 3340 2911 3412 ἔχει
2933 3341 3235 3397 ἀνάπαυσιν
3263 3344 3415 3416 παρά
3444 3345 3523 3418 τῷ
3541 3346 3669 3418 Θεῷ.

436 3426 619 3482 habet.

509 3520 562 3574 5.
597 3518 664 3574 Et
687 3516 860 3572 Filius
888 3515 982 3571 Dei
1009 3515 1172 3570 habet
1206 3527 1398 3570 rursus
1431 3512 1525 3569 ubi
1570 3516 1817 3572 habitare
1844 3517 2009 3574 faciat

2175 3515 2228 3570 5.
2265 3513 2374 3568 Καὶ
2393 3515 2422 3568 6
2450 3513 2576 3577 Υίὸς
2595 3513 2689 3567 τοῦ
2720 3513 2855 3568 Θεοῦ
2886 3515 2995 3586 ἔχει
3025 3518 3186 3573 πάλιν
3215 3520 3348 3574 ὅπου
3381 3522 3458 3594 (1)
3498 3542 3671 3577 κατοι-

437 3619 656 3666 52110105
689 3621 840 3663 SUOS.

2106 3607 2263 3677 κήσει
2287 3607 2412 3670 τοὺς
2437 3605 2623 3675 ἁγίους
2651 3606 2835 3664 αὐτοῦ.

507 3699 562 3759 6.
595 3699 775 3756 Corda
806 3705 1121 3754 sanctorum
1171 3702 1388 3750 tuorum
1415 3715 1431 3759 ,-
1479 3708 1716 3768 regnans
1749 3703 1803 3752 et
1830 3697 2007 3754 domi-

2176 3700 2229 3754 6.
2261 3699 2327 3752 Ai
2358 3700 2576 3774 καρδίαι
2606 3699 2713 3753 τῶν
2745 3699 2917 3770 ἁγίων
2943 3717 3036 3755 σου
3063 3702 3160 3774 (2),
3194 3705 3222 3758 6
3254 3704 3552 3775 βασιλεύων
3581 3706 3672 3780 (5),

437 3809 578 3852 nans
607 3795 660 3849 in
694 3807 800 3848 me.
1709 3822 1712 3824 η

1709 3822 1712 3824 ~
2107 3791 2202 3844 καὶ
2231 3793 2260 3844 6
2287 3791 2561 3856 δεσπόζων
2587 3809 2707 3863 μου.

511 3888 562 3943 '7.
605 3888 665 3940 ln
698 3899 932 3956 superna
976 3879 1299 3938 Jerusalem.
1628 3934 1634 3940 _

1628 3934 1634 3940 _
2177 3881 2229 3934 7.
2263 3882 2356 3945 Εἰς
2387 3881 2500 3936 ἄνω
2527 3881 2899 3956 Ἰερουσαλήμ.

505 3980 560 4034 8.
593 3978 954 4034 lncessanter.
2177 3973 2232 4027 8.
2276 3973 2754 4038 Ἀκαταπαύστως.

506 4074 560 4128 9.
594 4071 652 4126 ιιι
679 4085 789 4142 quo
815 4066 1138 4125 inhabitavit
1168 4065 1340 4136 gratia
1367 4077 1481 4121 tua.

2178 4062 2230 4118 9.
2259 4064 2352 4126 Εἰς
2372 4063 2431 4116 ὃν
2470 4064 2846 4134 ἐπεσκήνωσεν
2875 4067 2907 4136 ἡ
2951 4065 3110 4138 χάρις
3145 4083 3258 4123 σου.

510 4165 598 4220 10.
634 4162 890 4218 leestia
917 4160 1138 4231 cogitat,
1165 4167 1221 4214 et
1243 4168 1521 4228 cperatur.

2178 4154 2264 4208 10.
2290 4155 2371 4208 Τὰ
2402 4157 2698 4227 ἐπουράνια
2732 4160 2937 4228 φρονεῖ,
2970 4159 3061 4212 καὶ
3103 4159 3462 4217 πολιτεύεται.

510 4259 598 4312 11.
633 4256 941 4312 Humilians
983 4256 1078 4322 δεῖ,
1119 4262 1176 4309 et
1210 4253 1433 4323 plorans
1477 4249 1639 4307 corde
1679 4265 1782 4306 suo
1829 4251 2004 4305 inha-

2179 4248 2266 4302 11.
2301 4247 2602 4315 Ταπεινῶν,
2635 4251 2730 4303 καὶ
2754 4251 2832 4322 (4)
2862 4251 3071 4305 πενθῶν
3097 4253 3154 4306 ὲν
3187 4256 3253 4326 τῇ
3289 4256 3488 4328 καρδίᾳ
3519 4253 3675 4313 αὐτοῦ

436 4358 590 4406 rente
629 4347 746 4402 tibi.

2107 4340 2172 4409 τῇ
2201 4339 2536 4413 ἀνακειμένῃ
2561 4357 2662 4398 σοι.
3363 4314 3376 4328 ι
3462 4314 3472 4329 ⁸

1901 4449 1976 4452 με-
2030 4391 2082 4452 D
2186 4431 2247 4452 In
2315 4431 2402 4452 ἠν
2440 4435 2496 4452 ,η
2554 4431 2779 4452 D,__,\,',
2871 4434 2884 4451 ο
2939 4435 2963 4446 η
3064 4436 3131 4452 [ιη
3189 4436 3245 4452 ιο
3403 4442 3415 4452 ι
3456 4441 3472 4452 ε

509 4440 598 4494 12.
633 4440 688 4494 In
719 4452 888 4508 regno
916 4451 1052 4500 suo,
1092 4435 1225 4491 dicit
1261 4435 1560 4490 Dominus:
1603 4433 1812 4500 Venite,
1857 4434 2006 4487 bene-
2035 4431 2082 4452 ¹¹

2182 4431 2269 4484 12.
2315 4431 2404 4484 ’Ev
2434 4435 2501 4503 τῇ
2554 4431 2798 4505 βασιλείᾳ
2828 4434 3004 4487 αὐτῶν
3060 4436 3136 4507 (5)
3189 4436 3336 4508 λέγει
3393 4442 3421 4493 6
3456 4441 3673 4514 Κύριος·

438 4533 569 4588 dicti
595 4530 774 4585 Patris
801 4530 926 4597 mei,
953 4528 1173 4596 accipite
1195 4537 1442 4596 paratum
1480 4525 1622 4578 vobis
1647 4541 1861 4595 regnum
1887 4525 1927 4578 ³.

2101 4525 2300 4589 Δεῦτε,
2335 4527 2390 4579 οἱ
2412 4525 2803 4596 εὐλογημένοι
2841 4527 2944 4580 τοῦ
2997 4531 3225 4596 Πατρός
3264 4549 3405 4600 μου,
3455 4535 3674 4590 ἀπολά-

2104 4619 2232 4671 ϐετε
2261 4617 2376 4685 τὴν·
2407 4617 2858 4687 ἡτοιμασμένην
2871 4618 3012 4686 ὑμῖν
3030 4620 3382 4684 βασιλείαν.

507 4707 593 4763 15.
625 4707 781 4762 Ibunt
806 4721 870 4762 ex
894 4705 1087 4777 gratia,
1117 4719 1238 4774 qua).
1267 4702 1356 4758 hic
1378 4711 1463 4759 est
1500 4702 1555 4757 in
1585 4702 1742 4773 ipsis,
1777 4702 1830 4756 in
1858 4703 2004 4757 futu-

2172 4707 2260 4763 15.
2291 4703 2656 4780 Παρεύσονται
2686 4710 2750 4762 ὲκ
2771 4709 2871 4779 τῆς
2893 4711 3112 4781 χάριτος
3162 4713 3258 4784 τῆς
3295 4714 3464 4787 οὔσης
3493 4718 3550 4771 ὲν
3580 4718 3671 4770 αὖ·

434 4815 552 4856 ram
581 4801 766 4855 vitam.

2101 4797 2213 4860 τοῖς
2241 4796 2474 4850 ἐνταῦθα
2502 4799 2581 4861 είς
2603 4799 2700 4869 τὴν
2735 4799 3029 4869 μέλλουσαν
3061 4801 3223 4873 ζωήν.

506 4893 594 4947 14.
635 4891 912 4948 Videbitur
961 4890 1053 4946 Dei
1100 4889 1271 4944 Filius
1301 4888 1439 4945 Deus
1467 4889 1715 4956 deorum,
1741 4892 1832 4960 qui
1865 4890 1999 4945 tales

2178 4890 2266 4974 11.
2308 4890 2667 4962 Ὀραθήσεται
2695 4891 2724 4943 6
2747 4890 2874 4956 Υἱὸς
2895 4893 2987 4945 τοῦ
3011 4893 3146 4947 Θεοῦ
3175 4895 3251 4967 (6)
3281 4897 3390 4951 τῶν
3421 4900 3559 4955 κατὰ
3586 4901 3671 4971 χά-

436 4979 609 5050 gratia
638 4987 785 5046 sunt,
809 4977 862 5032 in
894 4979 1126 5033 adventu
1159 4993 1281 5033 suo.

2105 4998 2186 5054 ριν
2210 4981 2346 5034 θεῶν
2379 4983 2434 5034 ἐν
2460 4984 2525 5052 τῇ
2555 4982 2826 5054 παρουσίᾳ
2849 4983 3035 5037 αὑτοῦ.

505 5071 596 5131 15.
627 5071 794 5144 lmple
815 5071 1098 5143 petitiones
1134 5085 1306 5126 meas.

2171 5073 2259 5128 15.
2286 5073 2575 5145 Πλήρωσον
2600 5074 2667 5127 τὰ
2696 5076 2818 5147 αἰτή
2827 5076 2969 5146 ματά
2993 5094 3113 5148 μου.

506 5165 593 5220 16.
630 5165 803 5230 Audi,
827 5163 969 5219 Deus
990 5160 1175 5217 Jacob.

2172 5163 2258 5218 16.
2286 5166 2569 5230 Ἄκουσον,
2603 5167 2631 5218 6
2668 5166 2798 5231 Θεὸς
2835 5167 3046 5222 Ἰακώϐ.

504 5259 592 5314 17.
628 5256 876 5321 Attende,
913 5255 1076 5311 Deus.

2175 5257 2261 5310 17.
2290 5257 2554 5328 Πρόσχες,
2597 5261 2624 5312 6
2655 5259 2805 5324 Θεός.

505 5353 527 5384 ³
551 5349 787 5421 Philipp.
820 5365 858 5414 ι,
879 5346 969 5400 23.
1049 5345 1068 5377 ³
1097 5343 1284 5398 Matth.
1324 5358 1449 5407 xxv,
1481 5343 1571 5398 54.

1382 5458 1687 5522 Addenda
1719 5471 1779 5523 et
1819 5463 2196 5545 corrigenda
2243 5482 2322 5528 ex
2351 5465 2492 5528 cod.
2531 5467 2733 5529 Vatic.

507 5590 583 5658 (1)
607 5592 786 5656 Πόλιν,
822 5589 924 5644 ποῦ
958 5597 1083 5650 etc.,
1115 5585 1279 5639 αὑτοῦ
1307 5584 1475 5641 deest.

2179 5594 2256 5658 (6i
2279 5592 2564 5647 Ταπεινῶν
2599 5593 2810 5657 ἑαυτὸν,
2836 5595 2948 5658 καὶ,
2977 5604 3080 5652 etc.

505 5661 1106 5742 (ἓ)ἶ⁵9υ.“⁰.η-¹ἰεί¹¹3¹“·.
1478 5730 1489 5742 .
1595 5740 1601 5742 Α
1704 5733 1723 5742 -
1819 5736 1846 5742 ..
1907 5734 1967 5742 _-

2161 5663 2259 5742 ,(5)
2306 5662 2500 5728 Αὑτοῦ,
2549 5673 2686 5727 etc.,
2726 5665 2995 5735 βασιλείαν
3059 5666 3164 5739 πρὸ
3226 5669 3535 5742 καταϐολῆς
3586 5661 3672 5725 τοῦ

506 5732 581 5802 (5)
615 5731 678 5783 Ν.
715 5731 770 5786 7.
807 5731 864 5782 ὐ
894 5728 1189 5799 βασιλεύων
1227 5743 1349 5797 μου,
1407 5730 1522 5795 καὶ,
1556 5740 1660 5786 etc.
1701 5733 1763 5786 Ν.
1816 5736 1867 5788 8.
1907 5734 2001 5798 Εἰς
2071 5759 2078 5769 ·
2111 5728 2335 5802 κόσμου.

432 5798 529 5870 τὴν
563 5798 699 5859 ἂνω.
899 5798 902 5799 ⁷
1407 5831 1410 5834 ~
2190 5798 2262 5873 (6)
2314 5805 2370 5858 ’0
2397 5804 2546 5872 Θεός,
2577 5814 2682 5861 etc.
