4004 6212
409 1651 418 1684 1

434 373 567 429 1011
1273 367 1333 424 S.
1375 363 1750 422 ATHANASII
1788 360 1938 418 OPP.
1980 354 2161 412 PARS
2203 351 2380 409 Ill.—
2418 349 2835 405 EXEGETICA.
3543 342 3678 398 1012

500 488 556 547 6.
583 488 842 545 Avertisti
866 491 934 546 ab
963 491 1043 546 ira
1078 490 1470 562 indignationis
1498 501 1623 547 tuae.

501 581 552 636 7.
591 581 859 639 Converte
881 599 1003 651 nos,
1032 584 1174 640 Deus
1200 585 1458 640 salutaris
1490 593 1696 639 noster.

500 674 555 728 8.
590 673 659 730 Et
689 684 871 732 averte
897 677 1033 731 iram
1061 685 1212 731 tuam
1247 692 1277 732 a
1308 678 1488 732 nobis.

503 766 557 822 9.
587 764 840 838 Nunquid
863 767 917 822 in
947 777 1208 822 aeternum
1235 767 1490 823 irasceris
1521 764 1727 821 nobis?

2033 488 2086 545 Α
2183 479 2236 533 6.
2281 475 2654 546 Ἀπέστρεψας
2677 473 2782 526 ἀπὸ
2805 471 2970 544 ὀργῆς
2998 467 3167 540 Θυμοῦ
3191 485 3303 521 σου.

2177 572 2232 624 7.
2273 567 2627 638 Ἐπίστρεψον
2653 567 2821 637 ἡμᾶς,
2854 567 2881 616 6
2907 561 3039 625 Θεὸς
3062 562 3170 615 τῶν
3196 557 3478 633 σωτηρίων
3500 557 3675 629 ήμῶνδ

2177 661 2234 716 8.
2265 661 2376 714 Kal.
2399 657 2742 729 ἀπόστρεψον
2769 656 2858 709 τὸν
2896 654 3066 724 θυμόν
3097 669 3189 704 σου
3224 651 3316 720 ἀφ’
3343 653 3374 722 ή
3386 650 3524 721 μῶν.

2177 753 2231 808 9.
2260 751 2352 822 Μὴ
2389 751 2469 813 είς
2497 749 2622 811 τοὺς
2649 747 2852 809 αἰῶνας
2877 742 3138 816 ὀργισθῇς
3165 745 3328 814 ήμῖν;

2181 843 2269 898 10.
2303 840 2375 895 Ἢ
2399 839 2660 900 διατενεῖς
2680 835 2779 906 τὴν
2802 833 2976 906 ὀργήν
3002 848 3095 884 σου
3129 830 3234 884 ἀπὸ
3264 829 3456 899 γενεᾶς
3481 827 3561 893 είς
3590 844 3680 897 γε-

2108 934 2240 990 νεάν
2257 953 2271 1002 ;

2181 1026 2267 1080 11.
2308 1024 2365 1078 Ὀ
2397 1023 2550 1087 Θεὸς,
2575 1021 2639 1074 σὺ
2673 1015 3008 1087 ἐπιστρέψας
3037 1013 3278 1078 ζωώσεις
3301 1012 3451 1084 ἡμᾶς
3472 1028 3488 1042 ·

2179 1117 2268 1170 12.
2301 1115 2412 1170 Kal
2441 1116 2468 1167 6
2493 1112 2620 1175 λαός
2660 1127 2753 1162 σου
2775 1105 3207 1179 εὐφρανθήσεται
3235 1105 3329 1157 ἐπὶ
3363 1102 3464 1156 σοί.

2180 1209 2265 1263 15.
2302 1204 2483 1272 Δεῖξον
2507 1205 2658 1274 ἡμῖν,
2691 1199 2884 1271 Κύριε,
2913 1197 2972 1250 τὸ
2998 1195 3146 1259 ἔλεός
3179 1212 3272 1248 σου
3291 1211 3304 1224 ·

2181 1301 2268 1354 14.
2296 1298 2406 1352 Καὶ
2437 1297 2498 1349 τὸ
2525 1293 2790 1365 σωτήριόν
2821 1307 2913 1344 σου
2943 1289 3084 1361 δῲης
3117 1289 3271 1359 ἡμῖν.

2181 1389 2268 1446 15.
2307 1387 2633 1457 Ἀκούσομαι
2661 1384 2713 1437 τί
2737 1382 2957 1454 λαλήσει
2985 1383 3042 1434 ὲν
3071 1379 3195 1450 ἐμοὶ
3223 1376 3427 1450 Κύριος
3464 1379 3492 1431 6
3520 1377 3670 1445 Θεὸς.

507 858 598 914 10.
623 858 732 914 Aut
775 860 1034 916 extendes
1079 861 1215 916 iram
1269 870 1420 916 tuam
1472 876 1502 916 a
1559 856 1910 930 generatione
1948 855 2005 910 in

433 954 840 1024 generationem
862 953 891 1008 ἲ

505 1048 593 1103 11.
625 1045 790 1114 Deus,
821 1056 878 1104 tu
909 1063 1206 1105 conversus
1233 1046 1536 1103 viviﬁcabis
1558 1061 1703 1102 nos:

501 1138 592 1193 12.
623 1137 690 1193 Et
717 1139 869 1208 plebs
898 1147 989 1194 tua
1019 1141 1293 1195 laetabitur
1321 1139 1374 1194 in
1406 1147 1478 1196 te.

506 1229 595 1284 15.
618 1227 856 1286 Ostende
885 1231 1066 1297 nobis,
1091 1231 1340 1296 Domine,
1359 1228 1787 1287 misericordiam
1811 1236 1959 1283 tuam
1989 1245 2002 1281 :

507 1321 593 1378 M.
631 1324 698 1378 Et
732 1323 972 1378 salutare
994 1332 1148 1378 tuum
1175 1323 1244 1379 da
1273 1323 1456 1378 nobis.

501 1414 589 1469 15.
623 1413 889 1481 Audiam,
943 1415 1078 1486 quid
1147 1416 1404 1488 loquatur
1470 1415 1525 1469 in
1591 1429 1682 1470 me
1743 1410 2008 1468 Dominus

436 1505 604 1563 Deus.

507 1596 597 1650 16.
623 1597 892 1664 Quoniam
925 1598 1179 1670 loquetur
1207 1613 1392 1668 pacem
1421 1598 1476 1652 in
1502 1596 1712 1668 plebem
1740 1610 1915 1659 suam,

506 1688 596 1744 17.
621 1689 688 1744 Ει
713 1706 876 1760 super
905 1699 1128 1747 sanctos
1161 1705 1316 1759 suos,
1343 1697 1397 1744 et
1429 1703 1593 1760 super
1618 1703 1733 1756 eos,
1764 1685 1858 1758 qui
1879 1699 2009 1742 con-

435 1789 657 1837 vertunt
675 1797 770 1837 cor
792 1782 858 1837 ad
886 1797 1035 1838 eum.

508 1872 597 1930 18.
626 1871 1016 1930 Verumtamen
1073 1888 1242 1944 prope
1292 1872 1543 1930 timentes
1590 1887 1718 1928 eum
1771 1868 2009 1927 salutare

439 1966 638 2037 ipsius,

509 2058 598 2113 19.
624 2055 698 2112 Ut
730 2055 996 2111 inhabitet
1015 2054 1186 2126 gloria
1213 2055 1267 2108 in
1297 2063 1442 2108 terra
1479 2062 1688 2110 nostra.

468 2171 473 2180 π
505 2147 596 2203 20.
622 2145 993 2202 Misericordia
1028 2153 1083 2200 et
1101 2145 1304 2200 veritas
1331 2145 1685 2199 obViaverunt
1713 2161 1734 2198 :~

512 2241 602 2297 21.
638 2237 854 2296 Justitia
879 2246 935 2293 et-
954 2252 1057 2308 pax
1090 2237 1350 2292 osculata
1376 2244 1526 2293 sunt.

511 2333 603 2387 22.
628 2331 844 2389 Veritas
863 2331 930 2387 de
952 2339 1096 2386 terra
1121 2337 1240 2384 orta
1265 2338 1348 2384 est
1373 2346 1389 2383 :

511 2426 601 2486 25.
624 2423 693 2483 Et
718 2424 934 2498 iustitia
963 2423 1030 2480 de
1055 2422 1194 2480 c(elo
1219 2420 1523 2492 prospexit.

2181 1588 2267 1644 16.
2301 1589 2420 1642 Ὅτι
2440 1586 2663 1657 λαλήσει
2693 1585 2917 1656 εἰρήνην
2939 1583 3030 1635 ἐπὶ
3062 1581 3152 1634 τὸν
3177 1581 3306 1634 λαὸν
3334 1579 3520 1641 αὐτου,

2181 1681 2268 1734 17.
2297 1679 2410 1733 Kal
2437 1677 2530 1730 ἐπὶ
2551 1676 2676 1740 τοὺς
2715 1676 2892 1740 ὁσίους
2921 1671 3105 1737 αὐτοῦ,
3142 1672 3236 1727 καὶ
3264 1672 3356 1725 ἐπὶ
3387 1672 3513 1733 τοὺς
3560 1671 3677 1722 ἐπι.

2112 1772 2441 1844 στρέφοντας
2465 1768 2692 1840 καρδίαν
2725 1769 2810 1820 ἐπ’
2845 1766 3027 1820 αὐτόν.

2178 1862 2264 1917 18.
2295 1861 2439 1932 Πλὴν
2467 1861 2632 1930 ἐγγὺς
2665 1859 2773 1912 τῶν
2808 1855 3154 1928 φοϐουμένων
3192 1856 3356 1910 αὑτὸν
3393 1856 3456 1909 τὸ
3499 1858 3678 1913 σωτήέ

2109 1972 2224 2027 ριον
2253 1949 2443 2018 αὐτοῦ,

2177 2045 2263 2102 19.
2299 2045 2405 2099 Τοῦ
2444 2044 2864 2115 κατασκηνῶσαι
2885 2041 3042 2108 δόξαν
3069 2045 3127 2097 ἐν
3145 2046 3211 2115 τῇ
3245 2045 3314 2114 γῇ
3355 2042 3529 2114 ἡμῶν.

2180 2139 2270 2194 20.
2304 2139 2492 2202 Ἔλεος
2523 2137 2617 2192 καὶ
2651 2137 2879 2208 ἀλήθεια
2909 2139 3250 2208 συνήντησαν
3273 2152 3291 2167 ο

2193 2230 2282 2284 21.
2321 2229 2645 2300 Δικαιοσύνη
2672 2231 2767 2283 καὶ
2797 2231 2983 2301 εἰρήνη
3009 2227 3410 2299 κατεφίλησανί

2192 2321 2283 2375 22.
2331 2321 2580 2393 Ἀλήθεια
2609 2323 2672 2374 ἐκ
2693 2321 2795 2391 τῆς
2815 2321 2918 2391 γῆς
2942 2319 3179 2374 ἀνέτειλε
3204 2337 3218 2351 ο

2191 2414 2284 2469 25.
2315 2415 2426 2469 Kal.
2460 2413 2772 2485 δικαιοσύνη
2805 2415 2869 2467 ἐκ
2894 2411 2987 2467 τοῦ
3016 2410 3248 2483 οὐρανοῦ
3268 2407 3506 2479 διέκυψε.

1560 2614 1934 2674 ΑΤΗΑΝΑδιι
1970 2612 2553 2671 INTERPRETATIO.

515 2805 570 2864 6.
597 2805 878 2877 Propitius
903 2803 1079 2860 factus
1118 2817 1178 2857 es
1214 2800 1472 2857 universo
1516 2796 1704 2870 generi
1748 2795 2008 2853 humano.

2056 2797 2082 2856 Ξ
2185 2793 2238 2847 6.
2269 2791 2457 2856 Ἴλεως
2485 2790 2645 2860 γενοῦ
2679 2791 2841 2846 παντὶ
2861 2788 2938 2862 τῷ
2969 2791 3115 2860 γένει
3140 2791 3249 2842 τῶν
3279 2785 3596 2859 ἀνθρώπων.

519 2901 573 2958 7.
600 2899 683 2954 Ad
707 2908 759 2954 te
779 2899 958 2968 ipsum
983 2910 1253 2966 congrega
1279 2908 1401 2948 nos.

2187 2886 2243 2942 7.
2286 2885 2686 2955 Ἐπισυνάγαγε
2715 2887 2862 2957 ήμᾶς
2900 2884 3036 2957 πρὸς
3069 2883 3279 2937 ἑαυτόν.

518 2992 571 3047 8.
607 2990 676 3046 Et
699 3004 915 3047 cessare
936 2987 1023 3044 fac
1043 2986 1414 3049 maledictum,
1436 2981 1584 3056 quod
1608 2981 1712 3039 fuit
1739 2983 1807 3038 ab
1824 2981 2020 3050 Adam,

2188 2977 2241 3031 8.
2275 2977 2384 3030 Kal.
2433 2976 2642 3031 παῦσον
2668 2977 2769 3048 τὴν
2812 2976 3055 3047 κατάραν
3079 2974 3177 3046 τὴν
3222 2972 3330 3026 ἀπὸ
3362 2971 3452 3025 τοῦ
3498 2971 3686 3042 Ἀδὰμ,

447 3094 504 3141 et
533 3084 690 3150 Cain,
725 3090 781 3138 et
809 3080 1056 3151 reliquis.

2121 3069 2217 3122 καὶ
2247 3069 2408 3134 Κάῖν,
2435 3067 2528 3122 καὶ
2556 3067 2663 3122 τῶν
2694 3067 2915 3121 λοιπῶν.

519 3177 577 3232 9.
603 3174 855 3245 Nunquid
885 3172 1220 3244 permanebit
1247 3170 1513 3227 sententia
1543 3169 1633 3224 illa
1656 3182 1870 3238 semper
1896 3167 1921 3221 ‘l

2193 3162 2244 3216 9.
2283 3159 2372 3233 Μὴ
2398 3160 2650 3231 ἐπιμείνῃ
2685 3161 2727 3230 ἡ-
2746 3158 3019 3227 ἀπόφασις
3048 3155 3230 3226 ἐκείνη
3252 3155 3338 3208 διὰ
3369 3156 3599 3221 παντός;

523 3267 1030 3322 10.Transeuntem
1076 3265 1143 3319 de
1205 3263 1553 3334 generatione
1607 3261 1662 3314 in
1719 3259 2024 3330 generatio—

2194 3254 2282 3309 10.
2319 3253 2686 3324 Διερχομένην
2711 3249 2819 3305 ἀπὸ
2851 3251 3045 3318 γενεᾶς
3071 3250 3151 3312 είς
3176 3247 3404 3318 γενεάν;

452 3377 576 3416 nem
587 3360 615 3413 ⁸1

522 3453 610 3506 11.
648 3451 793 3508 Deus
824 3461 908 3520 tu,
954 3451 1050 3522 qui
1081 3447 1403 3505 convertisti
1441 3461 1542 3502 nos
1579 3461 1646 3501 ex
1689 3452 1865 3499 morte
1901 3459 2025 3514 pec-

453 3547 581 3612 cati,
609 3545 820 3600 viviﬁca
845 3559 941 3615 per
970 3543 1202 3615 gratiam
1229 3549 1396 3595 tuam.

524 3637 612 3690 12.
640 3636 934 3692 Credentes
967 3635 1021 3689 in
1048 3645 1118 3690 te.

525 3731 616 3784 15.
647 3729 849 3785 Filium
887 3738 1063 3786 tuum.

525 3821 611 3874 14.
650 3818 912 3891 Spiritum
941 3828 1190 3876 sanctum
1223 3829 1402 3876 tuum.

527 3913 618 3970 15.
644 3913 910 3985 Adjiciam
937 3915 1052 3984 jam
1086 3921 1323 3968 mentem
1365 3925 1543 3966 meam
1574 3909 1670 3976 iis,
1709 3924 1832 3980 qua:
1871 3907 1946 3962 ab
1963 3920 2031 3961 eo

458 4004 601 4060 dicta
635 4008 837 4063 suntin
869 4007 1102 4062 adventu
1129 4021 1255 4062 suo.

530 4097 618 4151 16.
644 4097 915 4165 Quoniam
945 4113 1135 4170 pacem
1170 4114 1325 4153 suam
1350 4097 1576 4152 donabit
1601 4096 1779 4151 nobis.

529 4189 618 4244 17.
647 4189 715 4244 Et
749 4205 914 4260 super
940 4189 1218 4260 apostolos
1249 4204 1402 4256 suos,
1429 4197 1485 4243 et
1517 4202 1680 4257 super
1701 4200 1892 4242 omnes
1919 4197 2030 4239 ere-

458 4281 653 4337 deutes
682 4281 739 4335 in
763 4297 909 4337 eum.

531 4371 618 4429 18.
671 4371 1056 4428 Verumtamen
1102 4375 1350 4444 proxima
1393 4381 1478 4429 est
1523 4373 1672 4429 salus
1727 4368 2033 4425 timentium

459 4478 614 4528 eum,
638 4471 695 4518 et
717 4465 1058 4520 credentium
1087 4466 1212 4536 ipsi.

532 4554 626 4611 19.
660 4553 732 4612 Ut
754 4557 936 4626 gratia.
959 4557 1057 4613 Dei
1084 4558 1267 4612 veniat
1294 4557 1349 4611 in
1375 4557 1538 4612 corda
1568 4563 1777 4611 nostra.

2198 3435 2284 3488 11.
2329 3434 2386 3487 '0
2410 3433 2560 3498 Θεὸς,
2593 3433 2658 3484 σὺ
2686 3428 3017 3502 ἐπιστρέψας
3047 3429 3195 3499 ἡμᾶς
3223 3427 3288 3479 ἐκ
3335 3423 3430 3478 τοῦ
3461 3424 3680 3479 θανάτου

2126 3529 2225 3598 τῆς
2249 3525 2542 3598 ἁμαρτίας,
2574 3522 2908 3593 ζωοποίησον
2939 3520 3032 3574 διὰ·
3055 3519 3156 3590 τῆς
3183 3517 3404 3590 χάριτός
3430 3533 3546 3572 σου.

2202 3619 2286 3672 12.
2330 3620 2392 3671 Οἱ
2438 3615 2783 3677 πιστεύοντες
2816 3617 2874 3667 ἐν
2905 3611 2986 3665 σοί
3019 3610 3113 3682 (1).

2200 3713 2285 3766 15.
2323 3710 2424 3764 Τὸν
2450 3709 2579 3762 Υίόν
2615 3725 2730 3760 σου.

2199 3801 2284 3857 14.
2317 3801 2390 3853 Τὸ
2421 3799 2646 3869 Πνεῦμὰ
2668 3815 2760 3851 σου
2785 3797 2846 3850 τὸ
2875 3795 3052 3864 ἅγιον.

2199 3895 2289 3950 15.
2333 3892 2641 3962 Ἐιπιστήσω
2661 3890 2752 3944 τὸν
2783 3887 2907 3942 νοῦν
2937 3905 3036 3958 μου
3067 3885 3253 3940 λοιπὸν
3302 3886 3417 3948 τοῖς
3472 3882 3689 3953 λεγομὲ-

2131 4004 2241 4050 νοις
2275 3985 2352 4059 (2)
2388 3984 2479 4038 ὑπ’
2509 3981 2673 4036 αύτοῦ
2701 3983 2759 4035 ἐν
2783 3984 2848 4050 τῇ
2890 3979 3162 4050 παρουσίᾳ
3183 3975 3368 4030 αὑτοῦ.

2204 4079 2290 4132 16.
2314 4078 2438 4130 ’Ότι
2462 4075 2559 4146 τὴν
2587 4072 2776 4127 ἑαυτοῦ
2800 4072 3020 4142 εἰρήνην
3049 4070 3345 4140 δωρήσεται
3371 4069 3522 4138 ἡμῖν.

2056 4143 2106 4203 D
2201 4169 2287 4221 17.
2323 4167 2434 4220 Kal.
2485 4143 2577 4221 ἐπὶ
2618 4165 2745 4226 τοὺς
2773 4161 3099 4224 ἀποστόλους
3122 4159 3307 4225 αὑτοῦ,
3361 4160 3456 4212 καὶ
3487 4159 3566 4221 εἰς
3620 4154 3689 4226 (3)

2131 4261 2336 4323 πάντας
2356 4259 2481 4320 τοὺς
2508 4255 2861 4318 πιστεύοντας
2887 4256 2966 4316 εἰς
2994 4253 3171 4306 αὐτόν.

2202 4352 2288 4409 18.
2323 4351 2514 4420 Ὅμως
2535 4347 2760 4419 πλησίον
2793 4345 2939 4398 ἐστὶν
2969 4348 3001 4415 ή
3028 4344 3268 4416 σωτηρία
3303 4343 3411 4396 τῶν
3435 4339 3690 4411 φοϐουμέο

2132 4463 2236 4499 νων
2269 4443 2457 4507 αὑτὸν,
2479 4442 2573 4495 καὶ
2603 4440 2962 4492 πιστευόντων
2989 4436 3156 4506 αὐτῷ.

2205 4537 2292 4593 19.
2319 4535 2428 4588 Τοῦ
2457 4535 2554 4606 τὴν
2577 4531 2735 4604 χάριν
2762 4530 2853 4584 τοῦ
2886 4529 3020 4584 Θεοῦ
3042 4529 3213 4583 ἐλθεῖν
3235 4528 3316 4591 είς
3343 4526 3442 4591 τὰς
3476 4526 3692 4598 καρδίας

2133 4630 2290 4702 ἡμῶν
2330 4627 2428 4699 (ι).

2204 4722 2293 4776 20.
2329 4720 2449 4772 Τῶν
2498 4717 2667 4771 ἐθνῶν
2718 4715 2814 4770 καὶ
2855 4712 2960 4766 τῶν
3005 4711 3273 4766 Ἰουδαίων
3313 4711 3391 4784 (5)
3426 4712 3553 4774 λαὸς
3586 4711 3693 4764 ἐπί-

2137 4828 2366 4866 στευσαν
2395 4811 2532 4880 ἅμα.

2206 4907 2295 4964 21.
2338 4902 2568 4973 Ὁμοίως
2604 4903 2653 4954 οἱ
2695 4901 2800 4956 τῶν
2837 4900 3102 4953 Ἰουδαίων
3125 4900 3219 4952 καὶ
3246 4898 3416 4952 ἐθνῶν
3442 4897 3519 4968 (6)
3541 4893 3691 4970 [laci]

2138 4993 2424 5066 ἡνώθησαν
2450 4993 2507 5043 ἐν
2532 4990 2710 5043 πίστει
2745 4990 2839 5042 καὶ
2863 4987 3049 5058 ἀγάπῃ
3084 4987 3352 5058 ἀλλήλοις.

2211 5088 2301 5142 22.
2330 5085 2410 5139 Τὰ
2439 5084 2576 5155 ἔργα
2603 5084 2702 5154 τῆς
2728 5081 3074 5152 δικαιοσύνης
3093 5083 3157 5135 ἐκ
3190 5079 3298 5134 τῶν
3331 5079 3570 5152 καρδιῶν
3595 5075 3692 5130 τῶν

2139 5182 2235 5235 ἀνθ
2242 5179 2459 5253 ρώπων.

2212 5272 2303 5326 25.
2347 5271 2405 5323 Ὁ
2445 5269 2573 5332 Υἱὸς
2595 5267 2690 5320 τοῦ
2729 5267 2863 5322 Θεοῦ
2892 5267 3255 5337 παραγέγονε..

530 4730 622 4790 20.
655 4730 908 4788 Gentium
953 4741 1010 4791 et
1037 4732 1347 4790 Iudaeorum
1392 4735 1628 4806 populus
1666 4732 1831 4788 simul
1861 4731 2038 4788 credi-

462 4823 683 4880 derunt.

533 4915 624 4970 21.
653 4914 913 4972 Similiter
934 4916 1270 4982 Iudaeorum,
1312 4929 1366 4974 et
1406 4919 1645 4989 gentium
1689 4916 1874 4988 populi
1905 4933 2038 4972 con-

466 5009 634 5064 Iuncti
668 5020 797 5065 sunt
824 5011 1055 5066 invicem
1087 5012 1139 5066 in
1176 5011 1276 5067 lide
1303 5020 1358 5068 et
1389 5012 1675 5067 charitate.

532 5104 624 5158 22.
652 5102 828 5174 Opera
862 5102 1090 5174 iustitiae
1117 5105 1184 5159 de
1215 5105 1476 5160 cordibus
1503 5104 1814 5159 hominum.

532 5272 623 5331 25.
664 5265 838 5332 Filius
872 5271 970 5329 Dei
1003 5272 1242 5332 advenit.

1417 5459 1728 5524 Addenda
1764 5465 1825 5524 et
1857 5455 2234 5537 corrigenda
2262 5473 2344 5518 ex
2379 5453 2523 5517 cod.
2559 5451 2756 5512 Vane.

645 5646 740 5709 Εἰς
779 5645 862 5702 σε.

565 5645 591 5697 1
645 5646 740 5709 Εἰς
779 5645 862 5702 σε.

539 5645 620 5852 ὶ21
648 5715 972 5800 Λεγομένοις
1005 5734 1115 5788 μοι.

567 5783 621 5852 5)
663 5783 803 5838 Ἐπι.

567 5783 621 5853 δ)
663 5783 803 5838 Ἐπί.

2219 5641 2296 5710 (ι)
2332 5640 2537 5710 ’Υμῶν.

2219 5703 2296 5782 (5)
2333 5703 2736 5782 ’θ’τῶνὲθνῶν
2766 5707 2860 5762 καὶ
2901 5703 3184 5782 Ἰουδαίων.

2324 5782 2384 5838 Οἱ
2408 5780 2514 5838 τῶν
2549 5779 2813 5839 Ἰουδαίων
2845 5777 2935 5834 καὶ
2965 5775 3074 5832 τῶν
3101 5773 3291 5843 ἐθνῶν,
3309 5780 3416 5832 etc.
