4004 6212
425 335 565 393 1019
1205 331 1261 386 S.
1300 329 1670 385 ATllANASll
1709 329 1862 387 OPP.
1905 331 2006 386 ΡΑΙ

2127 327 2314 386 111’.’--
2353 325 2766 385 EXEGETICA.
3538 319 3676 375 1020

492 450 544 506 6.
577 448 748 504 Mater
776 449 928 514 Sion,
957 449 1098 504 dicet
1124 448 1290 502 homo
1324 468 1339 502 :
2013 451 2057 506 Α

2013 451 2057 506 Α
2153 447 2206 502 6.
2239 447 2436 517 Μήτηρ
2463 442 2622 508 Σιὼν,
2653 444 2766 514 ἐρεῖ
2788 440 3111 512 ἄνθρωπος’·

493 545 544 600 7.
574 543 642 599 Et
669 544 835 598 homo
862 552 1024 597 natus
1052 550 1138 596 est
1165 542 1220 596 in
1251 557 1314 596 ea

2175 540 2226 593 7.
2262 538 2366 592 Καὶ
2399 536 2684 608 ἄνθρωπος
2714 533 2947 604 ἐγενήθη
2974 534 3031 585 ἐν
3056 531 3222 600 αύτῇο

491 637 544 692 8.
578 635 646 691 Ει
678 618 795 706 ipse
819 632 1070 692 fundavit
1089 649 1210 689 eam
1236 633 1574 690 Altissimus.

2172 630 2224 685 8.
2261 631 2372 683 Kal.
2405 628 2566 691 αὐτὸς
2591 625 2952 696 ὲθεμελίωσεν
2987 623 3155 693 αὐτὴν
3189 624 3216 674 ὁ
3242 620 3527 690 Ὕψιστος.

490 729 545 785 9.
576 728 839 784 Dominus
869 726 1112 781 narrabit
1140 725 1196 780 in
1231 726 1517 798 scripturis
1548 726 1898 796 populorum,
1941 733 1995 779 et

2169 723 2222 778 9.
2257 722 2460 794 Κύριος
2489 721 2808 792 διηγήσεται
2835 720 2892 772 ἐν
2916 720 3101 788 γραφῇ
3141 715 3308 780 λαῶν,
3346 715 3441 767 καὶ
3480 713 3673 784 ἀρχόν-

421 821 726 892 principum
754 819 970 885 borum,
1001 819 1096 889 qui
1121 818 1340 874 fuerunt
1370 819 1426 873 in
1453 833 1538 872 ea.

2099 833 2207 869 των
2239 813 2464 880 τούτων,
2497 811 2605 866 τῶν
2633 811 3018 882 γεγενημένων
3050 811 3107 861 ἐν
3132 809 3291 879 αὐτῇ.

494 911 581 967 10.
615 910 770 967 Sicut
800 910 1100 965 laetantium
1133 911 1379 965 Omnium
1419 909 1682 965 habitatio
1711 916 1794 963 est
1828 908 1882 961 in
1919 915 1989 962 te.

2172 912 2264 967 10.
2309 912 2397 975 Ὠς
2427 909 2869 982 εὐφραινομένων
2902 907 3118 961 πάντων
3144 907 3177 976 ἡ
3207 904 3454 958 κατοικία
3479 905 3537 955 ἐν
3568 901 3667 958 σοί.

423 1024 700 1080 Canticum
739 1023 931 1093 psalmi
957 1024 1086 1093 ﬁliis
1123 1024 1276 1088 Core,
1303 1021 1358 1078 in
1387 1025 1544 1094 ﬁnem
1581 1041 1676 1094 pro
1708 1022 1990 1086 Maheleth,

2111 1024 2250 1096 ’ῼδὴ
2273 1023 2518 1094 ψαλμοῦ
2553 1022 2678 1089 τοῖς
2711 1020 2864 1087 υἱοῖς
2903 1018 3087 1088 Κορὲ,
3117 1020 3203 1082 εὶς
3229 1015 3295 1069 τὸ
3323 1015 3497 1082 τέλος
3523 1017 3689 1084 ὑπὲρ,

491 1119 565 1172 ad
620 1117 1040 1187 respondendum
1096 1135 1386 1172 sermonem
1425 1119 1722 1172 intellectus
1769 1115 1991 1170 Ait/tam

2167 1115 2405 1174 Μαελὲθ
2425 1157 2438 1180 ,
2504 1115 2612 1170 τοῦ
2675 1111 3072 1182 ἀποκριθῆναι
3121 1111 3307 1178 λόγον
3367 1108 3673 1174 συνέσεως

489 1208 777 1265 Israelita.
812 1207 1080 1264 PSALM.
1112 1209 1465 1266 LXXXVII.

2168 1211 2355 1278 Αὶθὰμ
2391 1208 2471 1274 τῷ
2516 1207 2876 1276 Ἰσραηλίτῃ.
2913 1207 3086 1260 ΨΑΛ.
3119 1207 3260 1259 IIZ'.

492 1302 546 1358 1.
576 1302 808 1358 Domine
839 1301 986 1359 Deus
1009 1303 1202 1358 salutis
1235 1318 1391 1368 meae,

2170 1302 2230 1359 1.Δ
2252 1301 2423 1373 Κύριε
2451 1302 2480 1353 ὁ
2509 1301 2640 1364 Θεὸς
2671 1302 2774 1370 τῆς
2799 1297 3074 1370 σωτηρίας
3102 1313 3202 1367 μου
3223 1338 3250 1361 ,,

489 1393 548 1449 2.
574 1393 672 1449 Die
703 1394 939 1450 clamavi
966 1403 1021 1449 et
1047 1404 1205 1451 nocte
1233 1411 1419 1450 coram
1452 1404 1526 1449 te.

2168 1393 2223 1448 2.
2271 1393 2512 1466 Ἡμέρας
2538 1392 2813 1463 ἐκέκραξα
2847 1392 2942 1445 καὶ
2971 1393 3026 1443 ἐν
3055 1389 3212 1444 νυκτὶ
3235 1389 3478 1443 ἐναντίον
3505 1403 3611 1442 σου.

490 1485 548 1540 5.
579 1484 752 1540 Intret
785 1484 842 1540 in
870 1495 1168 1556 conspectu
1197 1495 1292 1541 tuo
1319 1485 1494 1541 oratio
1523 1497 1642 1540 mea
1669 1503 1682 1538 :

2171 1486 2226 1540 5.
2255 1484 2558 1540 Είσελθέτω
2588 1483 2816 1538 ἐνώπιόν
2841 1501 2932 1537 σου
2959 1485 2995 1554 ἡ
3020 1481 3291 1554 προσευχή
3329 1497 3429 1550 μου
3450 1495 3464 1509 ·

490 1576 546 1632 4.
578 1574 785 1631 lnclina
821 1591 1006 1631 aurem
1041 1585 1188 1632 tuam
1222 1577 1289 1631 ad
1316 1591 1531 1647 precem
1563 1589 1763 1630 meam.

2167 1575 2222 1629 4.
2253 1575 2448 1629 Κλῖνον
2469 1575 2530 1628 τὸ
2552 1569 2644 1638 οὖς
2679 1591 2772 1626 σου
2808 1575 2887 1637 εἰς
2907 1574 3004 1644 τὴν
3029 1571 3208 1643 δέησίν
3243 1587 3364 1640 μου.

493 1669 547 1725 5.
573 1666 711 1734 Quia
736 1669 939 1739 repleta
965 1678 1049 1723 est
1075 1669 1235 1724 malis
1262 1670 1442 1723 anima
1473 1684 1591 1722 mea
1622 1686 1635 1721 :
2023 1738 2030 1739 ί

2023 1738 2030 1739 7
2169 1667 2222 1720 5.
2257 1667 2381 1721 Ὅτι
2406 1666 2651 1738 ἐπλήσθη
2674 1666 2860 1720 κακῶν
2893 1667 2926 1736 ἡ
2955 1664 3100 1734 ψυχή
3137 1681 3237 1734 μου
3257 1679 3269 1693 ⁸

495 1758 549 1816 6.
580 1759 648 1817 Et
678 1738 940 1817 vitaimea
969 1759 1186 1817 inferno
1215 1761 1691 1834 appropinquavit.
1932 1820 1935 1822 _
2016 1738 2066 1799 Β

1578 1761 1691 1816 ivit.
1932 1820 1935 1822 _
2016 1738 2066 1799 Β
2162 1757 2215 1812 6.
2238 1759 2403 1832 Καὶὴ
2430 1758 2540 1832 ζωή
2581 1776 2679 1830 μου
2712 1758 2789 1828 τῷ
2823 1757 2925 1830 ᾇδῃ
2968 1757 3159 1828 ήγγισε

1560 1914 1930 1971 ATHANASII
1959 1913 2555 1974 INTERPRETATIO.

424 2057 681 2133 [populus
705 2057 1052 2129 Ethiopum]
1083 2057 1305 2113 humilis
1336 2057 1650 2130 denigratus
1689 2073 1718 2113 a
1748 2065 1992 2129 peccato,

2099 2061 2236 2129 οχὴ,
2263 2059 2358 2114 καὶ
2392 2057 2518 2120 λαὸς
2555 2056 2710 2130 [λαὸς
2740 2054 2848 2109 τῶν
2871 2051 3171 2123 Αἰθιόπων)
3196 2054 3224 2106 ό
3255 2052 3508 2116 ταπεινὸς
3525 2055 3551 2106 ὁ
3576 2068 3666 2123 με·

422 2149 480 2204 hi
508 2165 699 2208 omnes
729 2150 786 2205 in
813 2151 1031 2206 lavacro
1063 2151 1307 2206 renovati
1337 2160 1485 2206 sunt.

2103 2153 2482 2224 μελανωμένος
2521 2150 2626 2203 ὑπὸ
2661 2152 2761 2220 τῆς
2796 2147 3087 2220 ἁμαρτίας,
3120 2141 3261 2201 οὗτοι
3292 2146 3489 2209 πάντες
3521 2149 3574 2200 ἐν
3605 2149 3666 2218 τῇ

2100 2243 2228 2298 κολυ
2238 2244 2382 2315 μϐήθ
2394 2260 2462 2313 ρᾳ
2483 2239 2753 2312 ἀνενεώθη
2762 2256 2879 2294 σαν.

461 2324 514 2378 6.
576 2327 799 2384 Matrem
842 2337 1037 2385 vocant
1064 2328 1385 2397 Ecclesiam,
1429 2329 1520 2386 ubi
1565 2329 1840 2386 confessio
1877 2330 1994 2386 sin-

2168 2335 2221 2389 6.
2252 2335 2483 2407 Μητέρα
2515 2333 2742 2387 καλοῦσι
2774 2331 2873 2404 τὴν
2908 2330 3259 2402 Ἐκκλησίαν,
3295 2331 3427 2384 ὅπου
3468 2330 3501 2399 ὴ
3545 2331 3665 2398 ὀμο-

423 2419 674 2490 gulorum
694 2419 955 2476 ﬁdelium.

2101 2428 2257 2497 λογία
2277 2429 2510 2481 ἑκάστου
2541 2425 2650 2479 τῶν
2676 2424 2905 2479 πιστῶν.

494 2511 546 2579 7,
578 2512 629 2567 8.
654 2511 720 2568 Et
743 2513 1057 2571 Altissimus
1086 2513 1252 2569 homo
1285 2515 1503 2569 advenit
1533 2513 1586 2569 in
1619 2530 1763 2581 eam,
1797 2523 1851 2569 et
1877 2515 1995 2585 ipse

2171 2519 2226 2585 7,
2250 2519 2303 2572 8.
2341 2518 2418 2590 (1)
2449 2519 2559 2572 Καὶ
2595 2518 2625 2570 ό
2674 2517 2935 2587 ’Υψιστος
2983 2515 3270 2588 ἄνθρωπος
3305 2514 3668 2586 παραγέγονεν

422 2602 668 2662 fundavit
695 2620 840 2661 eam.

2098 2613 2157 2664 ἐν
2189 2611 2350 2682 αὐτῇ,
2383 2609 2478 2664 καὶ
2511 2609 2672 2673 αὐτὸς
2695 2609 3054 2680 ἐθεμελίωσεν
3078 2608 3269 2678 αὐτήν.

493 2695 548 2751 9.
574 2695 840 2754 Dominus
867 2699 983 2754 haec
1022 2698 1138 2770 ipsa
1185 2699 1432 2753 narrabit
1463 2701 1516 2754 in
1552 2699 1849 2769 Scripturis
1890 2697 1991 2752 Ju-

2168 2701 2219 2754 9.
2262 2700 2321 2752 '0
2343 2698 2549 2771 Κύριος
2578 2699 2716 2754 αὐτὰ
2738 2699 2912 2752 ταῦτα
2942 2698 3260 2769 διηγήσεται
3290 2698 3347 2749 ἐν
3377 2699 3445 2766 τῇ
3474 2695 3586 2764 Γρα
3599 2694 3668 2763 φῇ

423 2787 686 2856 ὁποι-ιω),
726 2797 781 2845 et
827 2791 1219 2861 apostolorum,
1271 2801 1326 2846 et
1367 2791 1848 2861 evangelistarum,
1899 2793 1994 2862 qui

2097 2789 2222 2852 τῶν)
2238 2791 2531 2854 Ἰουδαίων,
2563 2792 2657 2845 καὶ
2680 2789 2788 2843 τῶν
2816 2788 3145 2854 ἀποστόλων,
3169 2790 3263 2842 καὶ
3281 2787 3671 2857 εύαγγελιστῶν

423 2889 554 2936 sunt
580 2881 636 2935 in
666 2880 911 2938 Ecclesia
951 2883 1212 2939 ﬁdelium.
1837 2949 1840 2955 ,

1837 2949 1840 2955 ι
2096 2882 2206 2936 τῶν
2243 2883 2410 2938 ὄντων
2437 2886 2495 2938 ἐν
2517 2887 2584 2955 τῇ
2634 2883 2928 2955 Ἐκκλησία
2958 2882 3066 2937 τῶν
3093 2881 3321 2935 πιστῶν.

495 2971 582 3026 10.
613 2973 770 3029 Sicut
794 2975 1066 3031 exercitus
1098 2984 1413 3031 sanctorum
1443 2975 1759 3048 angelorum
1781 2991 1996 3033 semper

2172 2976 2260 3030 10.
2309 2977 2398 3042 Ὦς
2437 2977 2494 3032 αἱ
2521 2976 2632 3031 τῶν
2671 2977 2843 3046 ἁγίων
2886 2977 3135 3046 ἀγγέλων
3180 2974 3429 3047 στρατιαὶ
3458 2973 3566 3027 τῶν
3595 2973 3673 3026 ἀεὶ

422 3063 743 3135 laetantium,
773 3068 847 3124 ita
871 3078 954 3125 cst
987 3069 1254 3125 habitatio
1279 3071 1332 3125 in
1366 3064 1465 3126 te.

2025 3065 2069 3124 C
2103 3070 2427 3142 χαιρόντων,
2459 3069 2635 3134 οὕτως
2665 3071 2813 3124 ἐστὶν
2843 3072 2876 3141 ἡ
2908 3069 3154 3124 κατοικία
3188 3071 3245 3122 ἐν
3276 3069 3380 3123 σοί.

504 3157 570 3211 Ἦ
597 3160 932 3232 προκειμένη
962 3162 1240 3234 ἐπιγραφὴ
1274 3163 1520 3234 περιέχει
1553 3163 1628 3237 (2)
1650 3179 1665 3192 ’
1708 3163 1847 3232 ’ῼδὴ
1877 3163 2121 3232 ψαλμοῦ
2147 3161 2272 3228 τοῖς
2300 3162 2453 3229 υἱοῖς
2486 3162 2659 3231 Κορὲ,
2685 3163 2774 3230 εἰς
2800 3162 2868 3217 τό
2913 3161 3091 3227 τέλος
3114 3159 3265 3228 ὑπὲρ
3289 3160 3547 3222 Μαελὲθ,
3574 3160 3672 3213 τοῦ

420 3251 812 3320 ἀποκριθῆναι
843 3255 1028 3322 λόγον
1055 3253 1364 3321 συνέσεως
1395 3255 1584 3325 Αὶθάμ
1609 3253 1689 3319 τῷ
1730 3255 2100 3324 Ἰσραηλίτῃ.
2133 3253 2282 3325 Αὕτη
2311 3248 2405 3308 οὖν
2440 3252 2708 3326 ἑρμηνεία
2740 3252 2835 3307 τοῦ
2863 3252 3302 3324 ἐπιγράμματος.
3335 3251 3490 3320 Κορὲ
3516 3253 3672 3306 ἀντι-

396 3346 670 3415 λογικός
701 3348 992 3418 γεγένηται
1041 3349 1178 3420 πρὸς
1210 3350 1301 3402 τὸν
1349 3349 1505 3402 Θεόν.
1564 3349 1803 3404 Μαελὲθ
1849 3349 1907 3403 δὲ
1956 3350 2322 3422 ἑρμηνεύεται
2356 3349 2622 3418 ἀπαρχή.
2683 3350 2873 3420 Αἱθὰμ
2915 3349 2972 3402 δὲ
3015 3347 3374 3420 ἑρμηνεύεται
3417 3349 3672 3416 ὑψηλός.

436 3435 818 3507 Ἰσραηλίτης
843 3439 1281 3512 δέἐρμηνεύεται
1334 3440 1491 3509 ἀνὴρ
1521 3440 1676 3508 ὀρῶν
1707 3441 1815 3494 τὸν
1850 3442 2018 3495 Θεόν.
2066 3443 2132 3494 Ἥ
2157 3440 2266 3511 ᾠδὴ
2291 3437 2383 3494 οὖν
2414 3439 2508 3494 τοῦ
2537 3440 2753 3512 ψαλμοῦ
2785 3444 2898 3506 τοῖς
2927 3442 3282 3511 ἁντιλογικοῖς
3304 3442 3405 3507 ἔτι,
3436 3440 3674 3496 τουτέστι

421 3524 502 3594 τῷ
535 3524 651 3596 λαῷ
678 3525 786 3579 τῶν
817 3527 1086 3581 Ἰουδαίων
1116 3529 1255 3601 ὑπὲρ
1283 3529 1381 3599 τῆς
1409 3529 1687 3599 ἀπαρχῆς,
1728 3529 1930 3583 ὡσανεὶ
1951 3530 2045 3583 τοῦ
2067 3529 2306 3601 Χριστοῦ
2343 3531 2733 3602 ἀποκρίνονται
2763 3534 2843 3596 εἰς
2867 3531 3080 3586 σύνεσιν
3115 3533 3262 3604 αὐτῷ
3284 3533 3361 3604 τῷ
3388 3534 3578 3605 ὑψηλῷ
3604 3533 3675 3602 τῷ

422 3612 540 3684 Υίῷ
564 3613 661 3667 τοῦ
683 3614 816 3669 Θεοῦ
847 3615 924 3687 τῷ
952 3617 1146 3689 ὁρῶντι
1173 3618 1265 3672 τὸν
1305 3618 1547 3690 Πατέρα.
1585 3618 1798 3686 Οὐδεὶς
1827 3615 2049 3687 ἑώρακε
2075 3618 2185 3673 τὸν
2216 3619 2452 3688 Πατέρα
2476 3623 2530 3674 εἰ
2548 3620 2634 3690 μὴ
2668 3625 2702 3676 ὀ
2733 3621 2839 3676 τοῦ
2877 3623 3106 3691 Πατρός
3127 3623 3229 3686 ὢν,
3257 3623 3438 3688 καθὼς
3464 3608 3677 3696 εἴρηκεν

421 3710 482 3763 ὲν
511 3705 847 3778 Εύαγγελίῳ.
875 3707 972 3762 Ἐκ
997 3709 1290 3782 προσώπου
1317 3706 1410 3764 οὖν
1439 3710 1546 3764 τῶν
1575 3710 1852 3767 Ἰουδαίων
1881 3711 1990 3765 τῶν
2019 3712 2460 3783 ἐπιστρεφόντων
2498 3715 2578 3777 εἰς
2603 3713 2696 3768 τὸν
2723 3714 2926 3785 Κύριόν
2966 3717 3110 3768 ἐστιν
3137 3717 3166 3769 ὁ
3199 3715 3415 3788 ψαλμός
3597 3699 3600 3702 ’

493 3795 706 3856 Titulus
725 3804 1051 3872 praepositus
1085 3805 1330 3862 continet
1354 3823 1369 3861 :
1393 3805 1674 3861 Canticum
1710 3807 1906 3878 psalmi
1929 3808 2059 3877 ﬁliis
2106 3809 2261 3868 Core.
2289 3810 2342 3861 in
2374 3811 2534 3878 ﬁnem
2569 3825 2664 3879 pro
2697 3809 2985 3878 Maheleth,
3025 3811 3094 3864 ad
3124 3814 3542 3881 respondendum
3571 3832 3674 3868 ser-

422 3907 628 3947 monem
658 3895 957 3952 intellectus
991 3899 1217 3955 .Etham
1242 3901 1528 3958 Israelita.
1561 3902 1686 3958 Haec
1712 3904 1878 3974 igitur
1906 3913 1987 3958 est
2014 3903 2396 3975 interpretatio
2426 3905 2818 3975 inscriptionis.
2845 3905 2978 3961 Core
3009 3909 3371 3964 contradictor
3397 3910 3576 3966 factus
3599 3924 3677 3965 est

425 3995 614 4041 contra
654 3986 850 4045 Deum.
885 3990 1150 4047 Mahcleth
1179 4005 1361 4051 autem
1407 3998 1796 4068 interpretatur
1837 3998 2110 4066 primitiae.
2145 3998 2371 4055 .Etham
2413 4008 2595 4055 autem
2631 4000 3025 4071 interpretatur
3069 4003 3384 4059 altissimas.
3427 4004 3677 4061 Israelita

424 4085 607 4172 autem
637 4080 1030 4172 interpretatur
1077 4087 1166 4142 Vir
1191 4091 1370 4146 videns
1396 4091 1584 4146 Deum.
1618 4092 1903 4148 Canticum
1935 4093 2101 4163 igitur
2129 4095 2322 4164 psalmi
2350 4103 2434 4150 est
2461 4096 2762 4151 etiamnum
2787 4099 3308 4166 contradicentibus,
3346 4101 3451 4157 hoc
3482 4113 3566 4157 est
3588 4119 3674 4172 po-

424 4168 552 4234 pulo
574 4169 887 4229 Iudaeorum
923 4192 1023 4246 pro
1049 4181 1328 4249 primitiis,
1351 4199 1546 4252 nempe
1575 4183 1796 4240 Christo
1825 4185 2190 4255 respondente
2231 4187 2286 4239 in
2325 4185 2685 4252 intellectum,
2716 4187 2819 4257 ipsi
2850 4187 3134 4244 Altissimo
3174 4189 3269 4245 Dei
3297 4189 3440 4244 Filio
3477 4168 3674 4246 videnti

425 4259 665 4355 Patrem.
704 4264 875 4322 Nemo
907 4271 1036 4324 vidit
1071 4271 1305 4339 Patrem,
1333 4276 1438 4330 nisi
1463 4278 1552 4347 qui
1580 4275 1762 4331 Patris
1789 4287 1867 4331 est
1898 4277 2405 4349 :quemadmodum
2435 4279 2574 4336 dixit
2623 4279 2679 4334 in
2727 4279 3023 4352 Evangelio
3051 4284 3094 4338 ⁵.
3130 4281 3205 4338 Ex
3242 4299 3479 4354 persona
3521 4285 3676 4355 igitur

425 4353 742 4413 Judaeorum
775 4364 1212 4420 convertentium
1240 4383 1300 4423 se
1332 4369 1401 4424 ad
1431 4368 1724 4425 Dominum
1757 4376 1845 4425 est
1879 4370 2148 4440 psalmus.

500 4453 551 4506 1.
586 4451 816 4510 Domine
847 4455 991 4512 Deus
1012 4458 1138 4514 vita:
1173 4477 1328 4517 meae.
2028 4467 2076 4525 D

2028 4467 2076 4525 D
2175 4466 2228 4520 1.
2264 4467 2438 4538 Κύριε
2467 4467 2495 4520 ὁ
2518 4467 2650 4532 Θεδς
2685 4469 2783 4540 τῆς
2822 4469 2967 4538 ζωῆς
3003 4489 3124 4539 μου.

499 4543 551 4596 2.
588 4543 944 4602 lncessanter.

2175 4558 2230 4611 9..
2261 4559 2317 4612 ’A
2326 4558 2434 4614 παύ
2443 4578 2601 4624 στως.

497 4632 702 4726 5.Νο11
745 4639 1114 4708 prohibebunt
1161 4655 1379 4714 peccata
1423 4661 1542 4703 mea
1571 4662 1642 4704 ne
1672 4647 1740 4704 ad
1768 4656 1821 4705 te
1845 4664 2000 4708 acce-

2174 4651 2227 4704 5.
2259 4650 2350 4722 Μὴ
2371 4651 2703 4706 κωλύσουσιν
2726 4654 2780 4706 αἱ
2802 4655 3066 4725 ἁμαρτίαι
3091 4674 3188 4726 μου
3210 4657 3301 4708 τοῦ
3328 4656 3673 4726 προσεγγίσαι

428 4725 519 4780 dat
547 4725 855 4798 deprecatio
893 4747 1035 4789 mea.

2106 4761 2190 4798 σοι
2221 4743 2321 4815 τὴν
2347 4743 2528 4815 δέησίν
2559 4762 2678 4815 μου.

497 4820 552 4874 4.
582 4817 836 4877 Libenter
867 4826 1055 4896 excipe
1078 4826 1530 4897 supplicationem
1563 4832 1788 4903 meam.)

1693 4832 1788 4903 m.)
2175 4835 2229 4890 4.
2275 4834 2478 4898 Ἡδέως
2506 4852 2608 4906 μου
2632 4837 2780 4902 δέξαι
2809 4837 2908 4909 τὴν
2940 4839 3147 4893 ἱκεσίαν
3177 4838 3274 4910 ('5).

501 4910 554 4966 5.
589 4911 728 4979 Quia
759 4917 962 4987 repleta
988 4928 1070 4974 est
1096 4921 1332 4990 peccatis
1356 4923 1538 4977 anima
1563 4940 1702 4980 mea.

2178 4925 2232 4980 5.
2269 4925 2392 4979 Ὅτι
2421 4925 2667 4998 ἐπλήσθη
2695 4928 2978 5000 ἁμαρτιῶν
3012 4932 3045 5001 ἡ
3074 4929 3217 5000 ψυχή
3253 4946 3371 4998 μου.

501 5003 554 5057 6.
585 5002 652 5058 Ει
680 5016 964 5078 propterea
1000 5010 1109 5066 vita
1135 5027 1255 5068 mea
1281 5013 1537 5072 Christus
1561 5015 1776 5072 inferno
1805 5033 2001 5088 appro-

2179 5016 2233 5070 6.
2275 5017 2386 5070 Καὶ
2413 5017 2501 5070 διὰ
2530 5017 2689 5072 τοῦτο
2715 5021 2748 5090 ἡ
2777 5018 2888 5084 ξωεῐπ
2919 5038 3016 5074 μου
3043 5022 3071 5074 ὁ
3095 5021 3324 5092 Χριστὸς
3349 5020 3426 5092 τῷ
3456 5020 3555 5094 ᾄδῃ
3585 5021 3675 5092 ἦγ-

429 5096 731 5168 pinquavit,
763 5108 824 5155 ut
853 5100 1111 5159 liberaret
1138 5120 1246 5160 me.

1185 5120 1246 5160 ne.
2107 5126 2281 5179 γισεν,
2306 5109 2394 5162 ἵνα
2421 5107 2648 5181 ρύσηταί
2681 5129 2766 5182 με.

541 5258 564 5290 ⁵
595 5255 732 5313 Joan
769 5273 809 5323 ι,
845 5258 944 5328 18;
977 5276 1052 5327 vr,
1091 5259 1177 5316 46.

1376 5335 1684 5400 Addenda
1715 5346 1777 5399 et
1821 5341 2200 5420 corrigenda
2231 5361 2308 5405 ex
2339 5346 2480 5408 cod.
2522 5341 2722 5406 Vatia.

466 5491 635 5579 ςυθΝ.
681 5496 736 5550 6.
764 5497 890 5579 ξςαὶ
917 5499 978 5579 ό,
1003 5496 1221 5579 e_tc._N._
1253 5499 1302 5552 8.
1453 5502 1856 5579 Kiiptog,_ete.,
1887 5507 1996 5579 τῶν

2109 5507 2363 5579 κριθῆναι
2387 5510 2674 5577 συνέσεως,
2706 5518 2832 5573 etc.,
2856 5513 2966 5575 τοῖς
2985 5509 3338 5579 ἀντιλογικοῖς
3361 5513 3530 5571 ἐστιν,
3555 5523 3679 5573 etc..

445 5560 730 5653 Ἰουδαίων.
764 5560 1046 5653 Ν.“9.“Κ.αὶ
1067 5571 1174 5653 τῶν
1200 5560 1760 5653 ἁποστόλωνίθιρ-ίΝ.
1795 5560 1876 5630 10.
1914 5578 2001 5640 Ὠς
2108 5560 2200 5653 τοῦ

432 5631 751 5726 “lggﬁcgfg
767 5637 1084 5726 fami?”
1100 5640 1488 5726 JSPOUMMP;
1658 5725 1662 5726 ί
1825 5716 1849 5726 _
1880 5719 1891 5726 _
1984 5631 1997 5640 ’
2110 5631 2363 5726 (ἴδη-οἱς.2
2393 5651 2497 5704 τῶν
2532 5631 2964 5726 ἐπιστρεφόντων
2987 5631 3132 5706 ἐστὶν
3165 5631 3192 5706 ό
3217 5651 3450 5722 ψαλμός.

511 5701 677 5770 (ἓΓΗ
706 5706 793 5758 διὰ
817 5701 1310 5781 τῆξκινναϐάρεως
1339 5701 1600 5788 περιέχει,
1619 5716 1849 5783 οἱα,τοῦ
1869 5719 2002 5773 ἀπο-
2120 5701 2145 5702 Π
