4004 6212
382 332 408 389 1
418 332 521 388 021

1233 328 1324 383 DE
1358 328 1634 385 TITULIS
1668 328 2118 386 PSALMORUM.
2161 364 2230 374 —
2264 332 2458 391 PSAL.
2500 333 2806 397 LXXXVI].

3495 352 3636 410 1022

449 452 504 505 7.
527 447 964 522 Προσεὶογξσθην
987 444 1126 518 μετὰ
1148 445 1256 498 τῶν
1282 444 1715 498 καταϐαινόντων
1739 445 1818 508 είς
1839 443 1964 498 λάκε·
1988 509 1990 519 Ι

2136 446 2190 500 7.
2218 445 2544 504 [Estimatus
2592 465 2716 506 sum
2762 467 2886 509 cum
2942 456 3396 520 descendentibus
3445 466 3502 519 in
3552 469 3637 524 ia-

372 559 476 598 τιιον
495 560 511 575 ⁸

449 635 504 689 8.
535 630 834 703 Ἐγενήθην
855 626 988 682 ὡσεὶ¹
1007 625 1292 698 ἄνθρωπος
1310 623 1631 697 ἀϐοήθητος,
1663 625 1722 679 ὲν
1749 627 1963 698 νεκροῖς

377 729 686 800 ἐλεύθερος.

446 825 500 878 9.
547 819 691 873 'Ooe‘t
716 814 1048 890 τραυματίαι
1083 813 1436 877 καθεύδοντες
1475 813 1535 867 ἐν
1567 813 1724 885 τάφῳ
1752 813 1851 886 (α),
1877 809 1952 872 ὧν

371 917 473 969 οὐκ
505 912 784 986 ἐμνήσθης
813 910 894 963 ἔτι
913 927 928 941 ο
1575 964 1585 975 κ

448 1005 532 1059 10.
564 1004 675 1056 Καὶ
707 1002 861 1057 αὐτοὶ
895 1003 960 1054 ὲκ
989 1001 1086 1073 τῆς
1114 999 1295 1072 χειρός
1325 1017 1418 1054 σου
1449 997 1803 1070 ἀπώσθησαν.

443 1092 530 1145 11.
570 1088 794 1143 Ἐθεντό
830 1107 896 1160 με
928 1091 986 1142 ὲν
1019 1088 1208 1160 λάκκῳ
1241 1090 1560 1160 κατωτάτῳ,

444 1180 528 1235 12.
559 1181 648 1233 Ἐν
680 1181 975 1242 σκοτεινοῖς
1009 1179 1104 1232 καὶ
1128 1180 1186 1231 ὲν
1211 1181 1338 1250 σκιᾷ
1366 1180 1619 1236 θανάτου.

343 1322 348 1330 .
442 1274 530 1328 15.
566 1273 684 1326 Ἐπ’
717 1271 819 1343 ἐμὲ
847 1272 1212 1344 ὲπεστηρίχθη
1246 1275 1274 1326 6
1305 1271 1474 1343 θυμός
1500 1290 1592 1327 σου
1613 1290 1627 1303 ·

341 1375 344 1380 ’
440 1364 532 1418 14.
559 1363 672 1417 Καὶ
699 1361 907 1426 πάντας
935 1361 1062 1425 τοὺς
1100 1360 1512 1435 μετεωρισμούς
1547 1379 1642 1415 σου
1672 1363 1946 1434 ἐπήγαγες

366 1457 457 1510 ἐπ’
489 1453 613 1526 ὲμέ.

439 1548 525 1602 15.
561 1546 908 1618 Ἐμάκρυνας
931 1563 1056 1609 τους
1089 1544 1364 1615 γνωστούς
1395 1561 1496 1618 μου
1532 1544 1626 1598 ἀπ’
1660 1545 1797 1617 ἐμοῦ
1818 1565 1832 1578 ο

436 1640 524 1694 16.
559 1637 785 1692 Ἔθεντό
814 1654 881 1708 με
909 1636 1186 1707 βδέλυγμα
1213 1637 1448 1699 ἑαυτοῖς.

436 1731 526 1786 17.
553 1729 887 1802 Παρεδόθην,
915 1729 1011 1782 καὶ
1043 1729 1144 1782 οὐκ
1166 1727 1569 1802 ὲξεπορευόμην
1588 1745 1602 1759 ⁸

438 1822 522 1879 18.
548 1825 610 1877 Oi
633 1821 904 1892 ὀφθαλμοί
934 1839 1036 1892 μου
1070 1821 1375 1893 ἠσθένησαν
1398 1822 1506 1875 ἀπὸ
1540 1823 1828 1893 πτωχείας.

437 1918 523 1975 19.
550 1915 857 1988 Ἐκέκραξα
889 1914 1026 1988 πρὸς
1060 1914 1150 1983 σὲ,
1177 1912 1350 1986 Κύριε
1370 1953 1387 1980 ,
1411 1915 1537 1986 ὃλην
1574 1914 1646 1986 (b)
1669 1916 1768 1986 τὴν
1797 1914 1938 1986 ἡμέ-

395 2027 495 2066 αν·

435 2029 463 2062 ν
481 2029 495 2042 .

359 2029 517 2158 ρα20.
553 2100 858 2175 Διεπέτασα
892 2099 1029 2170 πρὸς
1058 2097 1118 2152 σὲ
1147 2096 1245 2162 τὰς
1274 2097 1461 2169 χεῖράς
1494 2115 1616 2168 μου.

427 2196 519 2250 21.
551 2195 645 2266 Μὴ
672 2197 785 2258 τοῖς
807 2197 1021 2266 νεκροῖς
1052 2192 1298 2264 ποιήσεις
1325 2189 1634 2260 θαυμάσια;

970 2285 1309 2353 Attigit-alga.

426 2379 517 2434 22.
541 2381 614 2434 ’Ἠ
639 2381 722 2434 ίατ
731 2379 812 2450 poi
823 2379 1131 2450 ἀναστήσου
1139 2395 1210 2443 σι,
1225 2377 1318 2429 καὶ
1335 2374 1628 2446 ἐξομολογὴ
1637 2373 1817 2428 σονταί
1830 2392 1932 2440 σοι;

425 2474 521 2531 25.
554 2472 645 2545 Μὴ
676 2472 998 2544 διηγήσεταί
1032 2489 1116 2535 τις
1148 2472 1205 2524 ὲν
1238 2469 1316 2541 τῷ
1345 2469 1524 2522 σκότει
1561 2467 1629 2522 τὰ
1660 2468 1936 2523 θαυμάσιά

353 2584 450 2620 σου
475 2569 512 2633 ;‘

407 2680 507 2751 .(a)
540 2680 630 2751 ξΕν
657 2679 868 2751 τάφοις.
916 2677 976 2751 In
1012 2692 1187 2748 marg.
1237 2677 1307 2751 tu!
1329 2677 1506 2751 ταφῳ.

539 2750 694 2806 Yers.
724 2747 817 2805 20.
844 2748 1037 2818 Ὅλην,
1066 2747 1196 2813 etc.,
1222 2747 1410 2818 χεῖράς
1441 2764 1562 2818 μου.

2060 553 2185 594 cum
2206 556 2221 593 ἶ

2127 629 2181 685 8.
2210 629 2411 689 Factus
2455 647 2579 690 sum
2626 636 2772 693 sicut
2803 639 2969 696 homo
3003 642 3122 700 sine
3162 645 3457 718 adjutorio,
3492 649 3634 704 inter

2057 729 2304 778 mortuos
2329 722 2486 780 liber.

2129 815 2184 869 9.
2222 813 2377 872 Sicut
2425 818 2698 874 vulnerati
2744 820 3076 881 dormientes
3108 826 3164 882 in
3194 831 3464 901 sepulcro,
3495 850 3632 906 quo-

2055 921 2177 960 rum
2203 922 2311 963 non
2335 923 2394 964 es
2418 924 2628 965 memor
2651 914 2884 984 amplius
2911 934 2924 971 :

2131 998 2222 1053 10.
2254 997 2321 1056 Et
2345 1002 2448 1072 ipsi
2479 1003 2546 1058 de
2572 1019 2738 1060 manu
2772 1015 2863 1063 tua
2889 1011 3093 1080 repulsi
3125 1006 3285 1071 sunt:

2125 1090 2212 1144 11.
2245 1089 2552 1151 Posuerunt
2589 1112 2677 1151 me
2706 1099 2758 1154 in
2797 1101 2917 1156 lacu
2945 1103 3214 1172 infcriori,

2123 1181 2212 1236 12.
2250 1180 2309 1237 In
2344 1185 2647 1244 tenebrosis
2681 1199 2733 1244 et
2765 1190 2821 1244 in
2853 1195 3045 1250 umbra
3077 1200 3287 1255 mortis.

2125 1273 2216 1330 15.
2255 1273 2432 1346 Super
2465 1293 2554 1333 me
2586 1281 2944 1339 conﬁrmatus
2975 1296 3058 1340 est
3089 1286 3245 1343 furor
3267 1299 3396 1347 tuus
3423 1309 3437 1347 :

2121 1364 2212 1421 14.
2243 1365 2310 1423 Et
2328 1383 2520 1426 omnes
2537 1371 2868 1430 elevationes
2891 1385 3017 1432 tuas
3039 1377 3302 1436 i‘nduxisti
3331 1398 3494 1454 super
3516 1398 3622 1438 me.

2121 1543 2209 1601 15.
2246 1543 2436 1619 Longe
2467 1547 2646 1606 fecisti
2670 1560 2830 1610 notos
2856 1571 3009 1612 meos
3035 1573 3066 1613 a
3099 1574 3188 1614 me
3207 1579 3224 1614 :

2115 1634 2202 1691 16.
2235 1637 2543 1696 Posuerunt
2563 1657 2651 1699 me
2680 1644 3147 1706 abominationem
3176 1652 3303 1710 sibi.

2111 1729 2199 1782 17.
2232 1729 2488 1788 Traditus
2522 1749 2644 1789 sum
2676 1746 2732 1791 et
2759 1753 2872 1792 non
2898 1741 3254 1810 egrediebar:
3307 1724 3317 1746 ’

2110 1821 2200 1875 18.
2225 1820 2383 1877 Oculi
2404 1826 2512 1881 mei
2540 1826 2870 1899 languerunt
2894 1845 3006 1900 prae
3039 1832 3246 1903 inopia.

2116 1910 2204 1968 19.
2239 1913 2482 1972 Clamavi
2507 1917 2576 1974 ad
2610 1929 2683 1986 te,
2716 1919 2970 1988 Domine,
2995 1931 3110 1978 tota
3141 1924 3229 1980 die
3250 1941 3271 1981 :

2112 2090 2202 2146 20.
2233 2090 2479 2164 Expandi
2505 2095 2570 2151 ad
2606 2105 2662 2152 te
2688 2114 2886 2156 manus
2913 2116 3086 2158 meas.

2112 2181 2201 2236 21.
2235 2181 2494 2256 Nunquid
2529 2187 2762 2242 mortuis
2789 2187 2962 2246 facies
2998 2191 3271 2248 mirabilia
3289 2193 3325 2260 2

2647 2300 2876 2372 Diapsal
2882 2321 2987 2360 ma.

2111 2383 2202 2438 22.
2229 2386 2336 2443 Aut
2361 2391 2557 2446 medici
2588 2395 2935 2450 suscitabunt
2966 2403 3020 2450 et
3052 2396 3456 2453 conﬁtebuntur
3490 2400 3622 2454 tibi?

2109 2475 2199 2530 25.
2235 2477 2494 2552 Nunquid
2522 2484 2770 2541 narrabit
2797 2487 2998 2558 aliquis
3022 2485 3077 2541 in
3127 2489 3368 2546 tenebris
3393 2489 3618 2547 mirabi.

2037 2563 2109 2623 b'a
2135 2572 2262 2628 tua?

1481 2883 1860 2941 ATHANASII
1894 2885 2484 2947 INTERPRETATIO.

418 3032 473 3085 7.
503 3031 612 3084 Kal.
647 3026 1044 3102 προσελογίσθη
1070 3028 1098 3081 6
1125 3026 1329 3098 Κύριος
1363 3027 1499 3099 μετὰ
1511 3027 1618 3082 τῶν
1640 3026 1932 3081 ἀσθενούν-

348 3143 460 3179 των
491 3125 583 3179 καὶ
610 3125 688 3196 (1)
718 3122 1194 3192 ἀποθνησκόντων.

424 3217 475 3271 8.
512 3215 620 3270 Καὶ
649 3215 865 3284 ἐγένετο
891 3214 920 3265 6
945 3212 1149 3283 Κύριος
1177 3210 1252 3274 ὠς
1276 3210 1561 3283 ἄνθρωπος
1587 3210 1663 3282 (2)
1697 3210 1935 3282 ἀϐοήθη-

2105 3028 2159 3082 '7.
2192 3028 2257 3083 Et
2291 3039 2570 3099 reputatus
2593 3041 2676 3088 est
2699 3031 2964 3088 Dominus
2992 3048 3117 3088 cum
3155 3033 3388 3090 inﬁrmis
3421 3044 3478 3090 et
3501 3052 3620 3092 mo-

2030 3119 2324 3176 rientibus.

2101 3209 2152 3263 8.
2184 3209 2252 3263 Et
2300 3209 2480 3266 factus
2524 3222 2607 3268 est
2656 3211 2923 3268 Dominus
2970 3220 3235 3284 tanquam
3287 3216 3452 3270 homo
3499 3220 3618 3273 sine

347 3326 444 3372 τος
478 3308 536 3360 ἐν
567 3306 780 3376 νεκροῖς
807 3302 1112 3373 ἐλεύθερος,
1141 3301 1388 3354 τουτέστι
1421 3299 1497 3374 μὴ
1529 3300 1818 3373 χρεωστῶν
1848 3301 1936 3355 θά-

2111 3299 2304 3369 iutorio
2351 3302 2492 3355 inter
2538 3311 2788 3358 mortuos
2831 3303 2990 3368 liber,
3016 3302 3123 3358 hoc
3160 3313 3244 3360 est
3269 3320 3378 3359 non
3412 3306 3620 3363 debens

601 3495 652 3547 oi
675 3491 987 3566 ἁμαρτωλοὶ
1015 3491 1063 3544 oi
1091 3489 1470 3555 ἀποθανόντες,
1499 3482 1573 3545 ὧν
1593 3489 1692 3543 οὐκ
1716 3488 1832 3544 ἔστι
1853 3488 1932 3561 (5)

349 3606 460 3664 μνη
471 3590 742 3661 μόνευσις.

423 3683 511 3739 10.
546 3680 909 3752 Ἀπώσθησαν
935 3680 1042 3752 γὰρ
1069 3679 1267 3745 ζῶντες
1297 3679 1362 3732 ἐκ
1403 3680 1501 3750 τῆς
1539 3677 1786 3749 βοηθείας
1816 3693 1929 3728 σου.
1977 3758 1979 3760 η

423 3777 512 3832 11.
543 3776 607 3829 Οἱ
639 3775 900 3845 δαίμονες
925 3775 984 3827 ὲν
1011 3775 1077 3843 τῇ
1112 3771 1376 3843 ἁμαρτίᾳ.

422 3869 512 3923 12.
535 3869 624 3924 Ἐν
641 3871 760 3931 ταῖς
782 3865 1100 3937 ἐπιθυμίαις
1117 3864 1210 3918 τοῦ
1228 3863 1433 3934 κόσμου
1456 3863 1548 3916 καὶ
1568 3861 1669 3914 τοῠ-
1682 3860 1928 3915 θανάτου.

428 3960 513 4014 15.
541 3957 836 4029 Ὠργίσθης
873 3973 983 4028 μοι.

425 4052 512 4107 14.
541 4050 651 4114 Τὰς
677 4048 906 4113 ἀπειλάς
937 4066 1054 4106 σου.

423 4144 510 4198 15.
537 4143 676 4207 Τοὺς
702 4143 1008 4216 προφήτας.

420 4236 508 4292 16.
540 4238 764 4308 Μεμιση
774 4235 954 4306 μένον.

421 4329 510 4383 17.
537 4327 922 4400 Ἐκρατούμην
952 4326 1060 4381 ἀπὸ
1082 4323 1184 4394 τῆς
1215 4321 1486 4394 ἁμαρτίας
1508 4359 1522 4385 ,
1550 4321 1644 4374 καὶ
1672 4320 1772 4373 οὐκ
1804 4320 1931 4389 ἡδυ-

343 4424 530 4495 νάμην
555 4423 875 4494 ἀποστῆναι.

422 4516 510 4571 18.
559 4516 624 4569 Οί
657 4513 927 4585 ὀφθαλμοὶ
959 4512 1060 4582 τῆς
1091 4509 1327 4572 διανοίας
1368 4525 1469 4579 μου
1511 4506 1819 4578 ὴσθένησαν
1855 4503 1932 4576 (ι)

343 4611 460 4666 ἀπὸ
489 4608 585 4665 τοῦ
610 4606 914 4680 ὰϐοὴθητόν
947 4623 1014 4677 με
1044 4599 1204 4657 εἶναι.

419 4701 508 4757 19.
541 4699 742 4772 Δέομαί
776 4715 890 4763 σου,

418 4793 508 4847 20.
539 4793 652 4865 Τὴν
685 4791 913 4863 καρδίαν
950 4808 1051 4861 μου
1080 4790 1327 4844 ἀνέτεινα
1361 4787 1498 4858 πρὸς
1533 4784 1612 4838 σέ.

415 4885 506 4939 21.
531 4885 625 4956 Μὴ
659 4884 798 4955 μετὰ
826 4883 885 4936 τὸ
923 4881 1210 4937 ἀποθανεῖν
1242 4897 1309 4952 με
1342 4879 1589 4949 ποιήσεις
1619 4877 1707 4928 ἐπ’
1729 4875 1829 4946 ἐμὲ
1855 4873 1930 4944 (5)

342 4975 416 5032 τὰ
443 4977 558 5030 ’θαυ
567 4977 740 5048 μάσιά
783 4995 876 5030 σου
898 4994 912 5043 ;

417 5069 508 5122 22.
538 5071 610 5123 Ἢ
635 5070 809 5142 ἰατροὶ
834 5068 1087 5123 δύνανται
1116 5065 1416 5138 ἀναστῆσαί
1459 5082 1544 5136 με,
1573 5065 1658 5117 ἴνα
1684 5059 1932 5132 ἐξομολο-

346 5163 608 5233 γήσωμαί
643 5178 726 5216 σοι
749 5179 766 5228 ;

418 5255 510 5310 25.
540 5256 633 5328 Μὴ
662 5257 720 5310 ὲν
743 5255 823 5327 τῷ
861 5255 1018 5326 τάφῳ
1048 5253 1282 5325 δωρήσει
1316 5269 1406 5323 μοι
1443 5247 1790 5320 συγχώρησιν
1824 5246 1932 5299 τῶν

348 5346 766 5420 ἁμαρτημάτων
797 5365 898 5418 μου
926 5347 1001 5419 (6)
1023 5365 1038 5415 ;

2039 3400 2293 3448 mortem.

2103 3485 2157 3540 9.
2195 3485 2348 3541 Sicut
2378 3495 2694 3557 peccatores
2726 3490 3047 3559 morientes,
3079 3505 3319 3560 quorum
3355 3492 3502 3548 nulla
3534 3502 3619 3549 est

2037 3578 2324 3632 memoria.

2109 3669 2195 3724 10.
2233 3666 2487 3721 Viventes
2520 3667 2664 3720 enim
2687 3666 2898 3736 depulsi
2930 3679 3058 3724 sunt
3087 3672 3156 3728 de
3186 3675 3391 3730 auxilio
3426 3683 3548 3730 tuo.

2105 3759 2190 3812 11.
2217 3757 2501 3812 Dmmones
2530 3758 2582 3811 in
2611 3765 2857 3826 peccato.

2108 3851 2195 3904 12.
2224 3849 2282 3903 In
2312 3849 2764 3918 concupiscentiis
2798 3848 2986 3903 mundi
3017 3855 3072 3903 et
3099 3849 3318 3907 mortis.

2105 3942 2192 3995 15.
2226 3940 2399 3994 Iratus
2425 3956 2484 3995 es
2512 3940 2667 3995 mihi.

2109 4034 2197 4088 14.
2231 4034 2410 4087 Minas
2437 4043 2577 4088 tuas.

2109 4125 2198 4181 15.
2228 4123 2549 4193 Prophetas.

2109 4218 2197 4271 16.
2225 4216 2511 4272 Odiosum.

2105 4313 2194 4367 17.
2223 4312 2480 4368 Detentus
2529 4327 2650 4366 sum
2692 4327 2722 4366 a
2764 4320 3011 4383 peccato,
3050 4321 3106 4368 et
3146 4329 3255 4369 non
3282 4315 3433 4385 potui
3466 4315 3613 4370 absi-

2040 4414 2204 4463 stere.

2109 4498 2195 4553 18.
2231 4495 2386 4552 Oculi
2423 4498 2622 4555 mentis
2669 4514 2801 4554 mea:
2848 4498 3110 4554 inﬁrmati
3143 4505 3294 4565 sunt,
3322 4498 3468 4570 quod
3499 4498 3615 4554 sine

1965 4604 1968 4606 ‘
2038 4593 2312 4664 adjutorio
2339 4610 2538 4649 essem.

2109 4688 2198 4743 19.
2237 4686 2510 4758 Deprecor
2540 4697 2613 4754 tc,

2107 4781 2198 4837 20.
2228 4778 2336 4834 Cor
2370 4795 2552 4834 meum
2577 4779 2641 4833 ad
2670 4787 2721 4832 te
2761 4778 2988 4831 intendi.

2109 4873 2197 4928 21.
2236 4871 2492 4941 Nunquid
2528 4883 2818 4941 postquam
2847 4879 3100 4924 mortuus
3131 4868 3286 4924 fuero
3311 4866 3494 4938 facies
3517 4881 3610 4922 su-

2038 4982 2135 5037 per
2171 4981 2258 5019 me
2289 4965 2557 5019 mirabilia
2589 4971 2678 5017 tua
2706 4964 2729 5015 ?

2106 5056 2200 5110 22.
2227 5055 2337 5110 Aut
2363 5053 2558 5110 medici
2581 5062 2813 5124 possunt
2839 5069 2926 5109 me
2950 5051 3220 5110 suscitare
3263 5056 3320 5102 ut
3352 5048 3614 5102 conﬁtear

2040 5148 2133 5203 tibi
2155 5147 2180 5202 ?

2108 5242 2204 5296 25.
2230 5239 2488 5312 Nunquid
2521 5242 2576 5295 in
2613 5240 2865 5312 sepulcro
2897 5236 3050 5294 dabit
3080 5233 3215 5291 mihi
3250 5230 3462 5287 veniam
3493 5245 3615 5300 pec-

2041 5342 2288 5389 catorum
2317 5331 2611 5388 meorum?

1306 5482 1613 5547 Addenda
1649 5487 1708 5544 et
1742 5476 2120 5558 corrigenda
2175 5492 2256 5538 ex
2287 5480 2428 5537 cod.
2464 5473 2667 5538 Vatic.

422 5632 500 5766 (1)
528 5632 650 5685 Τῶν
684 5631 1072 5696 ἀσθενούντων,
1103 5632 1196 5685 καὶ
1219 5631 1434 5689 desunt.

423 5703 481 5766 (2
541 5703 598 5755 '0
620 5704 823 5766 κόσμος
852 5703 1155 5766 ἄνθρωπος.

423 5703 500 5775 (2)
541 5703 598 5775 '9
620 5704 823 5775 κόσμος
852 5703 1155 5773 ἄνθρωπος.

267 5811 326 5834 ..ο
423 5773 502 5844 (5)
534 5773 676 5829 Ἔτι.

2114 5620 2191 5690 (4)
2226 5620 2288 5672 Οἱ
2321 5619 2591 5690 ὀφθαλμοί
2627 5636 2726 5689 μου
2763 5620 2859 5690 τῆς
2886 5617 3118 5682 διανοίας
3148 5615 3473 5690 ἡσθένησαν,
3506 5626 3614 5675 etc.

2113 5689 2190 5760 (5)
2218 5691 2313 5762 Είς
2342 5691 2463 5762 ἐμὲ,
2492 5690 2647 5762 deest
2672 5689 2760 5743 τὰ.

2114 5759 2188 5833 (6)
2212 5761 2322 5831 Τὴν
2355 5759 2506 5828 dum.
2538 5777 2585 5813 τ.
2628 5761 2678 5814 ἁ.
2715 5759 2906 5822 ἠμῶνς
