4004 6212
316 329 458 385 10⁴25
1123 330 1212 384 DE
1250 329 1524 386 TITULIS
1560 326 2007 388 PSALMORUM.
2042 360 2112 372 —-
2140 329 2335 386 PSAL.
2381 326 2708 383 LXXXVIII.
3414 319 3562 386 {026‘

382 445 441 500 2.
478 445 571 509 El;
594 445 783 514 γενεάν
824 446 916 499 καὶ
955 447 1144 516 γενεὰν
1175 449 1468 519 ἀπαγγελῶ
1495 449 1592 522 τὴν
1623 449 1884 522 ἀλήθειάν
1915 457 1962 516 Α

2054 452 2109 506 2.
2152 451 2208 505 1η
2237 450 2640 522 generationem
2691 455 2741 502 et
2777 445 3176 517 generationem
3217 447 3551 503 annuntialio

317 554 412 589 σου
445 538 504 590 ἐν
525 538 603 608 τῷ
633 538 860 608 στόματί
892 557 1012 609 μου.

1986 543 2264 597 veritatem
2287 551 2435 597 tuam
2463 541 2516 595 in
2542 555 2636 594 ore
2662 553 2801 592 meo.

385 630 437 682 5.
457 629 577 683 Ὅτι
612 625 770 696 εἶπας
789 649 802 662 ·
851 633 945 697 Et;
972 633 1063 687 τὸν
1094 633 1266 688 αίῶνα
1289 632 1433 700 ἔλεος
1467 635 1885 708 οἰκοδομηθήσε-

2062 636 2114 690 3.
2136 631 2406 700 Quoniam
2428 633 2614 690 dixisti
2633 652 2646 688 :
2669 631 2724 687 lu
2743 631 3404 703 aeternummisericordia
3427 635 3553 689 tedi—

314 739 406 774 ται
425 738 439 752 ⁸

1988 728 2241 783 ﬁcabittrr
2267 743 2281 780 :

385 813 438 866 4.
469 814 556 867 Ἐν
582 816 694 879 τοῖς
715 815 961 886 οὐρανοῖς
987 815 1436 889 ἐτοιμασθήσεται
1469 819 1502 889 ἡ
1524 817 1750 890 ἀλήθειά
1771 834 1886 871 σου.

1600 817 1750 890 ήθειά
1771 834 1886 871 σου.
2056 820 2110 874 4.
2141 819 2200 873 1η
2226 818 2381 874 caelis
2414 817 2810 889 praeparabitur
2840 823 3042 871 veritas
3067 826 3181 872 tua.

386 909 439 961 5.
479 907 744 980 Διεθέμην
780 909 1043 982 διαθήκην
1076 913 1186 975 τοῖς
1217 911 1488 975 ἐκλεκτοῖς
1522 926 1624 983 μου
1645 927 1658 942 ο

2060 911 2114 966 5.
2145 910 2401 981 Disposui
2428 918 2816 965 testamentum
2852 907 3038 962 electis
3064 907 3202 962 meis
3228 925 3241 960 :

387 998 442 1054 6.
460 1000 670 1070 ’Ὢμοσα
694 1000 858 1054 Δαδὶδ
884 1001 963 1074 τῷ
990 1002 1160 1074 δούλῳ
1189 1021 1312 1075 μου.

1310 1046 1312 1053 ν
2059 1002 2112 1058 6.
2139 1002 2324 1057 Juravi
2355 1001 2523 1056 David
2557 1015 2715 1056 servo
2749 1014 2891 1054 meo.

389 1089 440 1141 7.
457 1089 600 1152 Ἕως
629 1090 722 1142 τοῦ
747 1090 940 1156 αίῶνος
969 1091 1242 1164 ἑτοιμάσω
1263 1093 1325 1146 τὸ
1359 1093 1577 1165 σπέρμα
1618 1110 1709 1146 σου
1734 1110 1746 1125 ο

2063 1096 2114 1150 7.
2147 1093 2330 1164 Usque
2375 1094 2429 1149 in
2469 1102 2732 1148 aeternum
2777 1093 3095 1164 praepara‘b’o
3130 1107 3316 1148 semen
3351 1097 3508 1146 tuum
3541 1111 3551 1146 :

384 1179 438 1234 8.
480 1181 588 1233 Καὶ
613 1181 950 1254 οἰκοδομήσω
984 1184 1064 1248 εἰς
1091 1184 1284 1253 γενεὰν
1317 1185 1408 1238 καὶ
1433 1184 1625 1254 γενεὰν
1654 1185 1741 1238 τὸν
1769 1184 1893 1258 θρό·

2061 1188 2113 1240 8.
2142 1185 2208 1240 Ει
2235 1185 2510 1240 aediticabo
2535 1185 2589 1238 in
2630 1187 3030 1253 generationem
3061 1193 3114 1240 et
3146 1185 3549 1255 generationem

315 1291 406 1328 νον
431 1291 546 1330 σου.

1993 1277 2176 1333 sedem
2205 1285 2376 1333 tuam.

326 1367 331 1374 ’
919 1368 1255 1438 Διάψαλμα.

2609 1368 2944 1440 Diapsalma.

390 1458 442 1513 9.
478 1457 992 1529 ’Egopolorﬂcov'rat
1029 1462 1077 1513 οί
1111 1459 1328 1534 οὐρανοὶ
1361 1460 1430 1513 τὰ
1463 1459 1743 1532 Θαυμάσιά
1779 1474 1892 1526 σου,

2065 1459 2118 1514 9.
2150 1459 2568 1516 Conﬁtebttntur
2597 1460 2719 1515 caeli
2751 1459 3021 1514 mirabilia
3057 1467 3178 1524 tua,
3211 1458 3439 1515 Domine
3469 1477 3479 1512 :

316 1547 492 1620 Κύριε
507 1566 521 1580 ·

386 1639 475 1694 10.
519 1641 626 1694 Καὶ⁹
655 1640 767 1713 γὰρ
797 1641 896 1712 τὴν
925 1641 1180 1713 ἀλήθειάν
1201 1659 1296 1694 σου
1319 1642 1376 1693 ἐν
1395 1639 1689 1712 Ἐκκλησία
1705 1639 1891 1708 ἁγίων.

2066 1631 2153 1685 10.
2185 1631 2391 1686 Etenim
2414 1631 2695 1686 veritatem
2716 1641 2864 1686 tuam
2891 1632 2944 1686 in
2959 1631 3201 1688 Ecclesia
3223 1640 3557 1688 sanctorum.

389 1729 478 1784 11.
498 1730 620 1784 Ὅτι
645 1730 729 1794 τίς
766 1732 823 1783 ἐν
853 1730 1103 1800 νεφέλαις
1132 1731 1457 1802 ἱσωθήσεται
1487 1729 1562 1801 τῷ
1601 1729 1825 1800 Κυρίῳ;

2066 1725 2154 1779 11.
2179 1722 2444 1789 Quoniam
2474 1725 2598 1794 quis
2626 1725 2680 1778 in
2704 1724 2941 1780 nubibus
2969 1725 3272 1795 aequabitur
3296 1723 3565 1781 Domino?

389 1820 476 1876 12.
503 1821 930 1893 Ὀμοιωθήσεται
957 1821 1035 1893 τῷ
1059 1822 1251 1893 Κυρίῳ
1283 1822 1340 1874 ἐν
1363 1823 1496 1884 υίοῖς
1529 1820 1698 1886 Θεοῦ;
1924 1822 1966 1876 Β

1602 1821 1698 1886 οὖ;
1924 1822 1966 1876 Β
2063 1816 2152 1872 12.
2180 1816 2386 1872 Similis
2416 1817 2519 1872 erit
2549 1815 2779 1872 Domino
2811 1819 2868 1871 in
2892 1817 3018 1872 filiis
3050 1816 3180 1872 Dei?

388 1911 476 1965 15.
504 1912 562 1966 '0
598 1912 751 1979 Θεὸς,
790 1915 818 1966 ὁ
848 1911 1258 1982 ἐνδοξαξόμενος
1288 1915 1344 1965 ἐν
1374 1912 1534 1983 βουλῇ
1563 1911 1753 1980 ἁγίων,

2065 1909 2152 1962 15.
2181 1909 2343 1974 Deus,
2369 1909 2461 1979 qui
2504 1908 2838 1978 gloriﬁcatur
2877 1908 2932 1963 iu
2971 1908 3202 1964 consilio
3225 1917 3564 1973 sanctorum,
3606 1964 3611 1970 _

387 2003 402 2064 Ι
425 2003 478 2058 4.
518 2004 707 2073 Μέγας
732 2003 825 2056 καὶ
848 2003 1077 2075 φοϐερός
1097 2006 1246 2057 ἐστιν
1274 2005 1364 2057 ἐπὶ
1384 2003 1590 2067 πάντας
1619 2002 1746 2066 τοὺς
1767 2002 1895 2074 περὶ

2070 2000 2157 2055 14.
2190 1998 2417 2069 Magnus
2440 2007 2494 2054 et
2527 1999 2785 2054 terribilis
2831 2013 2998 2069 super
3026 2012 3220 2055 omnes
3251 1997 3346 2070 qui
3373 1998 3428 2052 in
3459 1997 3565 2052 cir—

318 2093 504 2166 κύκλῳ
535 2095 719 2148 αὑτοῦ.

1997 2092 2146 2148 cuitu
2174 2091 2293 2162 ejus
2312 2098 2457 2146 sunt.

392 2184 482 2238 15.
521 2184 692 2255 Κύριε
717 2186 744 2237 ὁ
776 2185 906 2250 Θεὸς
937 2185 1044 2240 τῶν
1077 2185 1376 2258 δυνάμεων,
1404 2184 1487 2248 τίς
1521 2184 1706 2256 ὅμοιός
1741 2201 1858 2252 σοις

2071 2185 2157 2238 15.
2188 2181 2434 2246 Domine,
2469 2181 2610 2236 Deus
2642 2179 2931 2246 virtutum,
2963 2180 3087 2250 quis
3122 2180 3318 2236 similis
3350 2181 3493 2236 tibi?

390 2275 477 2330 16.
498 2277 730 2341 Δυνατὸς
748 2272 817 2348 εί,
840 2276 1031 2349 Κύριε,
1049 2279 1146 2334 καὶ
1163 2279 1198 2351 ή
1214 2276 1440 2350 ἀλήθειά
1455 2292 1546 2330 σου
1562 2275 1759 2329 κύκλου
1781 2293 1893 2330 σου.

2073 2275 2163 2331 16.
2194 2273 2395 2331 Potens
2419 2289 2498 2342 es,
2529 2272 2778 2340 Domine,
2808 2282 2861 2328 et
2897 2275 3095 2331 veritas
3130 2285 3223 2330 tua
3249 2276 3304 2331 iu
3337 2275 3567 2332 circuitu

2007 2379 2118 2424 tuo.

390 2455 478 2509 17.
520 2454 592 2509 Σὺ
615 2455 894 2520 δεσπόζεις
925 2453 1018 2508 τοῦ
1049 2454 1281 2525 κράτους
1318 2452 1418 2522 τῆς
1450 2449 1719 2521 θαλάσσης
1740 2465 1753 2479 ο

1551 2449 1719 2521 άσσης
1740 2465 1753 2479 ο
2073 2459 2158 2512 17.
2199 2455 2281 2513 Tu
2314 2457 2612 2514 dominaris
2641 2456 2893 2528 potestati
2928 2455 3132 2511 maris:

391 2549 481 2604 18.
522 2548 625 2603 Τὸν
649 2548 705 2602 δέ
731 2548 890 2603 σάλον
908 2548 1017 2602 τῶν
1038 2547 1297 2618 κυμάτων
1318 2544 1488 2615 αὐτῆς
1505 2543 1568 2596 σὺ
1587 2540 1906 2614 καταπραΰ-

1830 2540 1906 2594 ιΰ-
2082 2550 2169 2605 18.
2207 2549 2412 2604 Motum
2447 2559 2626 2605 autem
2657 2547 2920 2603 ﬂuctuum
2946 2548 3065 2620 ejus
3087 2554 3142 2601 tu
3172 2546 3411 2618 mitigas.

318 2657 455 2703 νεις.

1360 2829 1364 2832 ν
1452 2802 1825 2863 ATHANASII
1862 2798 2452 2858 INTERPRETATIO.

391 3013 447 3068 2.
489 3010 570 3066 Τὰ
594 3011 992 3084 προστάγματά
1021 3029 1112 3065 σου
1141 3009 1381 3084 κηρύξω.

1319 3028 1381 3064 ω.
2074 3001 2130 3057 2.
2155 2999 2433 3070 Praecepta
2462 3008 2553 3054 tua
2577 2997 2900 3069 praedicabo.

392 3104 446 3159 5.
462 3104 585 3158 Ὀτι
622 3105 936 3176 ἐπηγγείλω
966 3104 1322 3169 ἀδιαλείπτως
1344 3103 1434 3158 τὸν
1454 3101 1754 3175 ήλεημὲνον
1772 3099 1901 3155 λαδν

2076 3096 2128 3151 5.
2163 3093 2302 3160 Quia
2333 3091 2701 3147 indesinenter
2748 3087 3077 3146 denuntiasti
3121 3085 3380 3158 populum
3406 3085 3570 3139 tiliae.

320 3198 680 3269 περιποιῆσαι
707 3197 784 3270 (1)
817 3201 895 3262 εἰς
921 3198 1231 3270 οἰκοδομήν.

2008 3186 2299 3243 rieordiam
2325 3185 2578 3254 adeptum
2610 3183 2888 3254 possidere
2917 3181 2972 3236 in
2999 3177 3427 3236 aediﬁcationem.

393 3288 449 3342 4.
475 3286 566 3341 Ἐν
587 3291 700 3353 τοῖς
726 3289 902 3359 ἁγίοις
926 3290 960 3360 ὴ
987 3288 1167 3354 πίστις

1058 3306 1167 3354 στις
1197 3289 1294 3362 (2).
2078 3279 2133 3335 4.
2163 3279 2224 3332 In
2248 3277 2455 3334 sanctis
2487 3274 2639 3330 fides.

394 3381 450 3435 5.
477 3379 923 3453 Ἐπήγγειλάμην
940 3384 1050 3445 τοῖς
1066 3381 1238 3450 ἁγίοις
1266 3381 1364 3455 τὴν
1391 3379 1663 3452 βασιλείαν
1686 3395 1782 3449 μου
1802 3376 1899 3447 (5).
1931 3396 1974 3454 C

1640 3397 1663 3432 ν
1686 3395 1782 3449 μου
1802 3376 1899 3447 (5).
1931 3396 1974 3454 ρ
2078 3375 2130 3430 5.
2161 3371 2496 3429 Annuntiavi
2520 3368 2724 3426 sanctis
2755 3382 2980 3439 regnum
3017 3375 3221 3423 meum.

393 3470 449 3526 6.
490 3471 614 3535 Τοῖς
639 3471 780 3525 κατὰ
815 3472 908 3526 τὸν
941 3472 1102 3525 Δαδὶδ
1130 3475 1321 3544 πραεῖς
1364 3469 1608 3545 [πραέσι]
1653 3472 1720 3542 τῇ
1775 3485 1908 3540 καρ-

1400 3469 1608 3544 ιτραέσι]
1653 3472 1720 3542 τῇ
1775 3485 1908 3540 καρ-
2079 3465 2131 3521 6.
2163 3464 2324 3520 Juxta
2351 3463 2518 3519 David
2550 3461 2772 3517 mitibus
2797 3461 2981 3516 corde.

324 3569 418 3624 δία
437 3569 536 3624 (41.

392 3587 418 3622 1
522 3611 536 3624 .

392 3568 801 3731 ⁸’ὶνςἾΙροαγιίιγω
834 3660 892 3713 ἐν
925 3658 1003 3730 τῷ
1029 3658 1240 3728 κόσμῳ.

2086 3643 2138 3699 7.
2168 3641 2476 3738 Prpducam
2507 3641 2563 3695 in
2597 3639 2823 3694 mundo.

401 3753 456 3808 8.
495 3749 613 3824 Τὴν
634 3752 908 3823 βασιλείαν
935 3768 1048 3805 σου.

1035 3793 1048 3805 .
2079 3743 2133 3798 8.
2167 3741 2412 3814 Regnum
2441 3751 2611 3796 tuum.

398 3841 452 3898 9.
492 3845 846 3916 Διηγήσονται
891 3844 940 3896 οἱ
987 3839 1269 3897 ἀπόστολοι
1301 3840 1392 3893 καὶ
1431 3838 1511 3909 (5)
1558 3838 1608 3889 οἱ
1654 3836 1797 3904 ἅγιοι
1841 3834 1906 3890 τὰ

1888 3834 1906 3890 l
2082 3836 2134 3892 9.
2164 3834 2472 3890 Narrabth
2501 3829 2733 3902 apostoli
2765 3837 2820 3884 et
2852 3830 3028 3885 saneti
3053 3827 3325 3883 mirabilia
3356 3836 3469 3884 tua.

328 3935 614 4007 θαυμάσιά
647 3953 762 3992 σου.
871 3926 887 3948 ’

402 4026 491 4083 10.
529 4027 640 4081 Καὶ
659 4028 768 4101 γὰρ
790 4029 890 4098 τὴν
907 4027 1088 4082 πίστιν
1106 4042 1198 4080 σου
1217 4025 1275 4078 ἐν
1289 4024 1366 4097 τῷ
1384 4023 1574 4094 πλήθει
1588 4021 1696 4075 τῶν
1715 4021 1906 4089 ἁγίων.

2084 4016 2170 4072 10.
2195 4014 2405 4072 Etenim
2429 4012 2587 4068 ﬁdem
2608 4021 2758 4066 tuam
2786 4009 2841 4063 in
2867 4008 3211 4064 multitudine
3241 4014 3577 4064 sanctorum.

405 4120 494 4184 11,
521 4120 610 4174 12.
642 4121 718 4192 (6)
753 4121 848 4184 Τίς
875 4119 982 4174 τῶν
1009 4116 1302 4192 προφητῶν
1327 4117 1359 4189 ἢ
1385 4115 1494 4169 τῶν
1533 4114 1702 4183 ἁγίων
1737 4111 1909 4166 ίσοδύ⁸

2084 4110 2172 4176 11,
2203 4109 2289 4162 12.
2327 4106 2460 4173 Quis
2502 4104 2888 4175 prophetarum
2919 4111 3012 4156 aut
3051 4109 3363 4156 sanctorum
3393 4113 3580 4169 aequa-

329 4227 490 4264 ναται
533 4190 669 4264 εἶναι
698 4190 804 4264 -τοῦ
850 4190 1062 4282 Κυρίου⁷
1084 4208 1197 4281 [τῷ
1230 4206 1491 4278 Κυρίῳ];
1540 4205 1768 4258 Ἐκεῖνοι
1801 4202 1910 4273 γὰρ

2011 4203 2080 4258 lis
2109 4216 2231 4257 esse
2277 4208 2453 4271 potest
2501 4196 2772 4252 Domino?
2798 4194 2878 4248 Illi
2925 4193 3072 4250 enim
3113 4192 3287 4264 gratia
3332 4190 3577 4262 ejusdem

330 4299 476 4354 κατὰ
509 4300 666 4372 χάριν
698 4300 863 4354 αὑτοῦ
893 4299 987 4354 τοῦ
1032 4298 1205 4370 Ἰησοῦ
1238 4300 1344 4351 εἰσι
1371 4298 1475 4350 uio).
1502 4295 1594 4349 τοῦ
1626 4293 1783 4362 Θεοῦ,
1808 4293 1906 4346 αὒ-

1589 4295 1594 4344 i
1626 4293 1783 4362 Θεοῦ,
1808 4293 1906 4346 αὐ·
2010 4293 2138 4351 Jesu
2165 4302 2293 4351 sunt
2316 4292 2408 4347 Dei
2439 4290 2555 4356 ﬁlii,
2592 4289 2710 4360 ipse
2739 4297 2919 4342 autem
2958 4296 3170 4340 natura.

329 4392 427 4455 τὸς
449 4391 507 4445 δέ
535 4391 676 4446 κατὰ
703 4391 883 4462 φύσιν.

407 4484 496 4539 15.
516 4485 605 4538 Ἐν
635 4487 754 4551 ταῖς
784 4485 1032 4557 καρδίαις
1065 4483 1262 4539 αὐτῶν.

1204 4499 1262 4537 ιν.
2081 4473 2168 4527 15.
2194 4469 2252 4524 In
2279 4468 2539 4525 cordibus
2571 4478 2785 4520 eorum.

404 4577 494 4633 M.
513 4551 921 4651 Ἀκατάληπτος
940 4579 1034 4632 καὶ
1060 4575 1464 4647 παντοδύναμός
1486 4576 1631 4628 ἐστιν
1655 4572 1748 4626 ἐπὶ
1770 4570 1903 4624 “nim

2083 4565 2170 4619 14.
2206 4555 2772 4629 lncomprehensibilis
2814 4560 2872 4610 et
2907 4551 3255 4623 omnipotens
3302 4557 3384 4605 est
3424 4559 3587 4617 super

327 4687 434 4735 τας
458 4672 583 4735 τοὺς
611 4672 798 4742 ἁγίους
829 4672 1015 4726 αὑτοῦ.

2013 4673 2208 4715 omnes
2231 4663 2453 4712 sanctos
2484 4666 2638 4707 81108.

408 4763 497 4819 15.
535 4739 915 4838 Φιλάνθρωπος
939 4765 1033 4818 καὶ
1059 4764 1325 4836 ἐλεήμων.
1944 4755 1989 4812 Β

1944 4755 1990 4812 D
2088 4750 2178 4808 15.
2212 4747 2489 4818 Benignus
2507 4752 2561 4800 et
2584 4739 2917 4825 misericors.

409 4855 498 4909 16.
540 4857 601 4909 υἱ
635 4837 778 4925 ἆγιοί
814 4874 930 4910 σου.

926 4896 930 4909 ι
2087 4841 2174 4896 16.
2202 4837 2386 4894 Sancti
2411 4837 2507 4892 tui.

408 4946 496 5002 17.
536 4916 722 5020 Πάσής
756 4947 890 5018 ὁμοῦ
925 4947 1023 5018 τῆς
1047 4946 1368 5018 οἰκουμένης
1389 4940 1634 5008 ἐξουσίαν
1665 4937 1743 5010 (7)
1769 4937 1916 5008 ἔχεις

2084 4933 2172 4988 17.
2209 4930 2402 4986 Totius
2451 4926 2616 4983 simul
2661 4924 2904 4981 universi
2949 4928 3273 4994 potestatem
3323 4916 3488 4972 habes
3527 4921 3586 4970 ut

331 5039 415 5103 ὡς
440 5039 771 5110 δημιουργὸς
796 5039 988 5110 αὐτῆς.

956 5056 988 5102 ῖ-
2016 5021 2260 5096 ejusdem
2297 5025 2537 5075 creator.

409 5131 497 5188 18.
538 5133 676 5196 Τοὺς
700 5134 1037 5204 πειρασμοὺς
1060 5132 1228 5202 αὐτῆς
1257 5129 1580 5200 ἀνισχύρους
1604 5124 1798 5187 ποιεῖς.

1574 5142 1580 5185 ς
1604 5124 1798 5187 ποιεῖς.
2089 5116 2176 5171 18.
2210 5111 2562 5168 Tentationes
2588 5108 2708 5179 ejus
2733 5107 2978 5162 inﬁrmas
3005 5103 3155 5159 facis.

1295 5351 1601 5414 Addenda
1629 5357 1691 5414 et
1737 5343 2118 5427 corrigenda
2147 5358 2225 5404 ex
2259 5337 2402 5402 cod.
2434 5335 2637 5398 Vatic.

413 5552 495 5624 (1)
515 5546 948 5626 Περιποιεῖσθαι.

413 5624 492 5692 (2)
530 5623 715 5686 Πίστις
749 5637 864 5673 σου.

2083 5528 2159 5602 (5)
2198 5527 2260 5580 Οἱ
2285 5522 2593 5587 ἀπόστολοι,
2616 5520 2710 5574 καὶ
2734 5520 2951 5574 desunt.
3297 5583 3320 5594 ἢ

2012 5672 2060 5692 ,τ
2084 5601 2180 5692 σει.
2200 5595 2532 5692 δείξεις
2553 5589 3198 5692 ;;πξῑξξηδὲχξιῑξι.ιηξιναι
3357 5571 3586 5654 κυρίω·

531 5654 714 5747 ἦ
749 5654 864 5673 ww
2012 5654 2202 5734 N319,
2221 5654 2516 5765 ‘Execirmy.
2553 5662 2645 5717 τοῦ
2669 5660 2798 5718 Υίοῦ
2827 5658 2922 5712 τοῦ
2951 5654 3110 5711 Θεοῦ.

788 5755 816 5765 ”
1022 5755 1033 5765 ³
1113 5754 1124 5765 “
1311 5752 1356 5765 ’δ’
2086 5741 2160 5765 l-n
2201 5738 2323 5765 v3.1.
2364 5753 2460 5765 Α..-
2486 5752 2549 5765 Α...

532 5736 731 5836 ᾗράεῖς
759 5755 875 5816 οὖσι
906 5755 1047 5815 κατὰ
1075 5754 1170 5828 τὴν
1201 5752 1422 5826 καρδίαν
1449 5767 1571 5822 μου.
2085 5741 2162 5813 (7)
2201 5738 2272 5793 Συ
2302 5736 2569 5804 ἐξουσίαν.
