4004 6212
450 294 588 352 1027

521 409 609 466 19.
641 408 722 463 Tu
746 407 1046 464 humiliasti
1071 407 1214 464 sicut
1241 407 1586 462 vulneratum
1615 406 1938 477 superbum:

518 501 610 556 20.
655 500 715 555 ln
761 501 986 556 brachio
1020 501 1235 555 virtutis
1281 508 1388 554 tuae
1433 497 1738 568 dispersisti
1767 497 2016 553 inimicos

452 603 596 649 tuos.

521 687 611 742 21.
640 684 744 741 Tui
779 693 906 740 sunt
930 683 1055 739 coeli
1089 691 1142 739 et
1167 693 1260 739 tua
1287 693 1369 740 est
1393 694 1538 740 terra
1569 699 1584 736 :

519 780 610 835 22.
637 778 836 834 Orbem
890 785 1045 832 terrae
1091 786 1146 832 et
1188 777 1582 847 plenitudinem
1625 772 1744 844 ejus
1793 782 1852 828 tu
1892 773 2017 829 luu-

451 871 613 928 dasti.

521 964 614 1018 23.
640 960 965 1032 Aquilonem
995 967 1051 1015 et
1077 973 1230 1014 mare
1255 968 1313 1014 tu
1345 958 1541 1015 creasti
1569 975 1585 1013 :
1613 1029 1627 1040 .

519 1052 610 1108 2L.
645 1051 865 1106 Thabor
907 1059 961 1106 et
1007 1049 1246 1104 Hcrmon
1289 1050 1346 1104 in
1377 1050 1595 1105 nomine
1635 1056 1733 1104 tuo
1773 1048 2017 1102 exsulta-

448 1146 625 1202 bunt:

517 1234 609 1288 25.
645 1229 823 1287 Tuum
853 1230 1140 1286 brachium
1169 1245 1294 1286 cum
1325 1229 1592 1300 potentia.

522 1323 612 1380 26.
648 1323 921 1377 Firmetur
965 1337 1159 1377 manus
1207 1331 1332 1389 tua,
1382 1330 1437 1377 et
1487 1321 1755 1378 exaltetur
1797 1323 2018 1381 dextera

449 1429 566 1474 tua.

517 1511 611 1568 27.
639 1509 860 1565 Justitia
890 1517 943 1564 et
965 1506 1256 1579 judicium,
1287 1509 1617 1578 praeparatio
1647 1509 1792 1565 sedis
1819 1518 1947 1564 tuaa.

519 1603 610 1658 28.
658 1600 1028 1656 Misericordia
1089 1607 1142 1654 et
1186 1599 1387 1655 veritas
1450 1600 1757 1670 praecedent
1817 1600 2016 1658 [aciem

453 1701 602 1749 tuam
630 1709 645 1747 :

519 1786 612 1839 29.
640 1785 837 1840 Beatus
871 1785 1104 1856 populus
1135 1783 1228 1853 qui
1265 1783 1368 1840 scit
1391 1783 1795 1854 jubilationem.

523 1877 612 1930 30.
644 1876 893 1944 Domine,
916 1877 972 1929 in
1003 1875 1208 1929 lumine
1231 1874 1415 1930 vultus
1452 1874 1530 1928 tui
1556 1873 1949 1929 ambulabunt:

519 2077 608 2133 51.
642 2076 708 2132 Et
736 2079 791 2132 in
821 2077 1041 2133 nomine
1070 2084 1163 2133 tuo
1197 2077 1547 2134 exsultabunt
1568 2086 1681 2135 tota
1711 2079 1799 2134 die
1828 2097 1843 2134 :

520 2235 610 2292 52.
647 2235 714 2291 Et
744 2237 798 2290 in
827 2237 1036 2307 iustitia
1061 2245 1152 2292 tua
1174 2239 1582 2294 exaltabuntur.

521 2325 610 2380 55.
642 2325 910 2392 Quoniam
940 2328 1108 2398 gloria
1138 2329 1352 2384 virtutis
1381 2343 1570 2384 eorum
1599 2333 1658 2383 tu
1686 2342 1746 2384 es
1773 2345 1786 2382 :

524 2419 615 2474 54.
650 2418 717 2474 Ει
746 2419 798 2474 in
844 2421 1186 2491 beneplacito
1234 2430 1327 2476 tuo
1365 2421 1690 2477 exaltabitur
1717 2436 1886 2477 cornu
1918 2434 2018 2475 no-

455 2519 650 2566 strum.

1281 292 1345 350 s.
1385 279 1757 350 ATHANASl-I
1794 295 1944 351 opp.
1979 293 2160 351 PARS
2196 282 2390 353 [IL-1
2427 272 2847 355 ΕΧΕοΕΤιοἉ.

3545 296 3685 355 1028

2041 411 2090 469 Α
2185 406 2273 461 19.
2313 406 2384 460 Σὺ
2413 404 2782 469 ἐταπείνωσας
2803 403 2879 467 ὡς
2903 404 3238 474 τραυματίαν
3261 406 3606 481 ὑπερήφανον
3629 431 3644 444 .
3671 413 3678 420 ν

2185 497 2276 553 20.
2302 499 2390 551 Ἐν
2426 497 2505 568 τῷ
2546 497 2788 570 βραχίονι
2816 497 2916 567 τῆς
2941 497 3221 568 δυνάμεώς
3252 517 3346 553 σου
3373 501 3681 575 διεσκόρπι-

2119 607 2217 653 σας
2245 591 2372 652 τοὺς
2397 587 2624 660 ἐχθρούς
2657 605 2772 643 σου.

2185 679 2276 733 21.
2317 677 2406 730 Σοί
2444 679 2580 731 εἰσιν
2605 678 2655 731 οἱ
2681 678 2919 751 οὐρανοὶ,
2951 678 3044 732 καὶ
3073 679 3138 750 σή
3174 679 3320 734 ἐστιν
3350 683 3383 754 ἡ
3409 682 3516 754 γῆο

2184 771 2276 826 22.
2317 772 2428 842 Τὴν
2451 771 2773 844 οἰκουμένην
2802 771 2895 825 καὶ
2917 771 2977 824 τὸ
2998 771 3269 844 πλήρωμα
3293 774 3462 845 αὐτῆς
3489 776 3554 830 σὺ
3577 776 3683 831 ἐθε-

2121 857 2416 930 μελίωσας.

2184 952 2275 1007 25.
2316 953 2418 1006 Τὸν
2446 951 2645 1025 βορρᾶν
2669 950 2763 1006 καὶ
2790 951 2888 1024 τὴν
2917 951 3189 1008 θάλασσαν
3215 955 3278 1009 σὺ
3309 955 3526 1022 ἔκτισας
3545 976 3558 988 ο

2185 1043 2277 1098 24.
2317 1043 2514 1116 Θαϐὼρ
2538 1045 2631 1098 καὶ
2661 1045 2875 1116 Ἑρμὼν
2899 1047 2956 1099 ἐν
2981 1044 3058 1116 τῷ
3084 1044 3306 1118 ὀνόματί
3329 1066 3419 1102 σου
3437 1049 3683 1118 ἀγαλλιά-

2121 1153 2302 1190 σονται
2322 1153 2335 1166 ’

2184 1229 2277 1283 25.
2317 1227 2415 1292 Σὺς
2445 1230 2474 1282 ὁ
2508 1228 2744 1300 βραχίων
2775 1232 2912 1301 μετὰ
2933 1230 3265 1295 δυναστείας.

2186 1319 2277 1375 26.
2316 1320 2726 1392 Κραταιωθήτω
2750 1322 2783 1392 ἡ
2805 1322 2921 1393 χείρ
2941 1339 3054 1388 σου,
3075 1322 3386 1395 ὑψωθῆτωή
3405 1323 3555 1390 δεξιά
3571 1343 3679 1380 σου.

2185 1497 2275 1554 27.
2316 1500 2634 1574 Δικαιοσύνη
2652 1501 2746 1555 καὶ
2765 1502 2938 1574 κρῖμα
2955 1504 3235 1574 ἐτοιμασία
3251 1501 3342 1557 τοῦ
3361 1504 3549 1577 θρόνου
3572 1524 3683 1562 σου.

2185 1593 2276 1647 28.
2295 1593 2481 1658 Ἔλεος
2518 1595 2613 1647 καὶ
2645 1593 2869 1665 ἀλήθεια
2910 1596 3497 1670 προπορεύσονται,πῴ
3521 1617 3683 1672 προσ-

2118 1684 2266 1738 ώπου
2298 1702 2390 1738 σου
2411 1701 2423 1715 ·

2047 1777 2091 1833 Β
2188 1779 2276 1834 29.
2319 1776 2602 1847 Μακάριος
2625 1778 2654 1829 ὁ
2686 1777 2812 1842 λαὸς
2841 1780 2869 1832 ὁ
2898 1779 3179 1849 γινώσκων
3209 1782 3546 1854 ἀλαλαγμόν.

2191 1870 2280 1925 50.
2320 1870 2512 1940 Κύριε,
2530 1871 2586 1923 ἐν
2605 1867 2681 1939 τῷ
2709 1873 2848 1939 φωτὶ
2864 1873 2958 1928 τοῦ
2974 1873 3267 1945 προσώπου
3290 1893 3382 1930 σου
3399 1875 3682 1948 πορεύσον-

2120 1979 2232 2017 ται⁶

2173 2039 2283 2111 ’51.
2320 2058 2430 2112 Kal
2458 2058 2514 2112 ἐν
2537 2059 2615 2130 τῷ
2643 2058 2864 2131 ὀνόματί
2886 2076 2977 2113 σου
3013 2057 3429 2129 ἀγαλλιάσονται
3446 2061 3572 2134 ὅλην
3588 2061 3682 2133 τὴν

2121 2148 2331 2219 ἡμέραν
2349 2165 2366 2182 ο

2191 2241 2281 2296 52.
2321 2241 2431 2296 Καὶ
2465 2243 2523 2296 ἐν
2550 2245 2614 2314 τῇ
2641 2243 2952 2315 δικαιοσύνῃ
2988 2261 3079 2297 σου
3109 2243 3505 2316 ὑψωθήσονται.

2192 2332 2417 2388 55.”Οτι
2441 2334 2702 2406 καύχημα
2725 2336 2822 2406 τῆς
2850 2335 3127 2406 δυνάμεως
3151 2337 3327 2390 αὐτῶν
3360 2337 3422 2390 σὺ
3455 2329 3522 2389 εί.

2192 2424 2281 2478 54.
2323 2426 2432 2479 Kal
2474 2427 2531 2478 ἐν
2571 2428 2636 2497 τῇ
2683 2426 2898 2496 εὐδοκία
2939 2443 3029 2479 σου
3061 2425 3403 2498 ὑψωθήσεται
3434 2426 3496 2480 τὺ
3521 2425 3680 2498 κέρας

2123 2513 2302 2584 ἡμῶν.

1565 2665 1943 2724 ATHANASII
1976 2665 2554 2725 INTEBPRETATIO.

520 2770 628 2832 19Ϊ·
641 2761 950 2835 Diabolum.

513 2869 690 2924 20.1n
746 2869 1066 2928 fortitudine
1099 2871 1221 2928 Filii
1263 2874 1340 2928 tui
1390 2874 1676 2945 perdidisti
1719 2876 2020 2933 contrarias

454 2967 771 3028 potestates.

2186 2785 2275 2840 19.
2315 2785 2418 2838 Τὸν
2447 2783 2706 2839 διάϐολον.

2187 2877 2278 2931 20.
2297 2875 2389 2931 Ἐν
2414 2880 2482 2949 τῇ
2511 2876 2654 2948 ἰσχύϊ
2681 2874 2776 2930 τοῦ
2805 2873 2935 2930 Υἱοῦ
2967 2891 3060 2929 σου
3085 2873 3372 2941 ἀπώλεσας
3398 2873 3499 2941 τὰς
3531 2877 3678 2932 ἐνανι-

2119 2969 2238 3033 τίας
2262 2969 2540 3040 δυνάμεις.

523 3048 612 3105 21.
648 3047 750 3102 Tui
796 3058 923 3105 sunt
952 3051 1126 3107 sancti
1158 3052 1237 3108 tui
1280 3053 1333 3108 in
1379 3055 1540 3121 coelo,
1572 3063 1627 3110 et
1671 3064 1856 3127 gentes
1898 3071 2018 3112 cre-
2046 3032 2093 3095 ο

2190 3025 2282 3118 2⁷1.
2321 3025 2410 3114 Σοί
2439 3025 2575 3115 εἰσιν
2600 3060 2674 3133 (1)
2698 3061 2748 3114 οἱ
2779 3061 2837 3114 ἐν
2857 3059 2936 3132 τῷ
2960 3059 3170 3130 ούρανῷ
3196 3054 3338 3129 ἅγιοί
3363 3025 3476 3126 σου,
3501 3061 3680 3114 καὶτὰ

452 3141 640 3197 dentes
673 3142 727 3196 in
755 3149 846 3198 te:
877 3142 1128 3200 similiter
1169 3153 1224 3200 et
1254 3147 1458 3202 coelum
1485 3153 1540 3203 et
1572 3154 1719 3203 terra
1752 3156 1844 3203 tua
1871 3157 2018 3215 sunt,

451 3233 579 3304 quia
608 3248 671 3288 ea
702 3236 925 3290 creasti.

521 3324 612 3376 22.
641 3323 843 3380 Omnes
872 3323 1036 3379 simul
1064 3323 1314 3381 homines
1345 3325 1589 3384 fundasti
1618 3329 1674 3384 in
1699 3329 1804 3386 ﬁde
1835 3340 1947 3387 tua.

522 3501 612 3556 23.
643 3501 1006 3557 Adversantes
1031 3498 1130 3556 tibi
1153 3498 1392 3570 Judaeos,
1423 3512 1478 3558 et
1507 3504 1772 3562 mundum
1800 3515 1868 3577 tu
1894 3523 2019 3563 rur-

453 3609 548 3650 sus
570 3595 870 3649 renovasti.

521 3688 612 3743 24.
646 3685 814 3744 Electi
844 3686 924 3742 tui
951 3694 1006 3744 et
1032 3695 1346 3759 peccatores
1374 3689 1427 3744 in
1459 3691 1680 3746 nomine
1699 3699 1794 3749 tuo
1818 3693 2018 3764 gaude-

453 3784 610 3835 bunL

520 3868 610 3924 25.
644 3865 816 3924 Filius
846 3876 972 3926 tuus
995 3867 1089 3940 qui
1115 3877 1310 3941 potens
1337 3880 1442 3926 est.

520 3959 611 4020 26.
647 3961 853 4034 chuet
893 3960 1066 4018 Filius
1092 3972 1240 4030 tuus,
1271 3971 1325 4018 et
1363 3963 1695 4032 gloriﬁcetur
1725 3973 1851 4022 tuus
1879 3964 2018 4021 Uni-

451 4057 682 4128 genitus.

515 4149 606 4205 27.
635 4149 907 4208 Severitas
937 4158 993 4206 et
1017 4152 1246 4222 aequitas
1276 4151 1332 4205 in
1358 4161 1453 4206 tuo
1485 4150 1764 4206 tribunali.

518 4328 611 4384 28.
633 4328 692 4384 ln
725 4331 978 4400 praesenti
1007 4339 1186 4387 autem
1222 4333 1420 4389 saeculo
1448 4331 1581 4390 ﬁdes
1610 4343 1663 4390 et
1696 4333 2011 4390 misericor-

449 4419 537 4474 dia
567 4429 800 4490 acceptte
823 4422 966 4490 apud
999 4432 1072 4477 te.

519 4509 611 4566 29.
639 4509 744 4577 Qui
776 4525 843 4565 ex
866 4512 1030 4566 corde
1063 4529 1164 4568 suo
1186 4513 1371 4583 gemit.

516 4602 608 4659 50.
640 4605 701 4656 In
734 4605 904 4673 gratia
924 4603 1049 4659 Filii
1073 4606 1172 4659 tui.

515 4693 607 4749 51.
638 4694 1007 4752 Indesinenter
1029 4697 1084 4752 in
1101 4697 1306 4753 aeterna
1327 4695 1510 4755 futura
1533 4698 1655 4757 luce
1677 4701 2010 4771 gaudebunt.

515 4877 606 4934 32.
637 4877 705 4933 Et
733 4878 788 4933 in
818 4877 957 4934 Filio
988 4886 1081 4934 tuo
1113 4879 1582 4951 gloriﬁcabuntur.

512 4971 602 5026 55.
627 4970 892 5036 Quoniam
923 4973 975 5027 in
1002 4980 1055 5027 te
1077 4972 1376 5043 gloriantur
1404 4984 1459 5029 et
1483 4970 1932 5033 corroborantur.

514 5061 603 5116 54.
632 5061 698 5116 Ει
727 5063 780 5116 in
809 5063 1081 5120 voluntate
1112 5075 1202 5121 tua
1228 5076 1282 5122 et
1312 5065 1433 5122 Filii
1478 5069 1553 5124 tui
1602 5071 1862 5140 dirigetur
1900 5085 2003 5142 po-

445 5163 614 5212 testas
643 5165 851 5225 nostra,
882 5173 1045 5228 quam
1077 5159 1234 5216 nobis
1264 5161 1331 5216 ab
1357 5161 1512 5218 initio
1535 5162 1754 5223 dedisti.

2121 3149 2245 3223 ἔθνη
2285 3150 2355 3204 τὰ
2387 3149 2708 3204 πιστεύοντα
2743 3152 2824 3213 εἰς
2859 3151 2951 3202 σέο
2985 3149 3185 3220 ὁμοίως
3214 3149 3308 3201 καὶ
3335 3150 3477 3203 κατὰ
3507 3149 3568 3203 τὸ
3595 3149 3680 3220 δη-

2124 3245 2510 3318 μιουργητικὸν
2547 3241 2712 3298 αὐτοῦ
2745 3245 2882 3297 εἰσιν
2910 3243 2960 3295 οἱ
2987 3243 3204 3314 οὐρανοὶ
3236 3243 3329 3295 καὶ
3355 3244 3388 3312 ή
3417 3241 3512 3312 γῆ.

2189 3336 2279 3392 22.
2319 3336 2535 3398 Πάντας
2563 3334 2696 3407 ὁμοῦ
2730 3336 2854 3398 τοὺς
2891 3333 3205 3407 ἀνθρώπους
3240 3332 3599 3405 ἐθεμελίωσας
3625 3335 3680 3386 ὲν

2118 3431 2184 3500 τῇ
2220 3429 2399 3482 πίστει
2430 3444 2544 3481 σου.

2185 3519 2274 3573 25.
2316 3515 2452 3582 Τοὺς
2477 3517 2915 3590 ἐναντιουμένους
2939 3535 3020 3571 σοι
3054 3515 3337 3581 Ἰουδαίους
3368 3517 3570 3572 καὶτὸν
3598 3519 3681 3572 κό-

2127 3629 2260 3683 σμον
2295 3611 2360 3664 σὺ
2390 3608 2550 3664 πάλιν
2578 3611 2944 3674 ἀνεκαίνισας.

2185 3703 2274 3758 24.
2317 3704 2379 3756 υἱ
2411 3703 2653 3758 ἐκλεκτοί
2687 3720 2778 3756 σου
2810 3703 2902 3757 καὶ
2934 3703 2982 3756 οἱ
3016 3702 3327 3774 ἁμαρτωλοὶ
3374 3703 3433 3756 ἐν
3463 3701 3542 3774 τῷ
3569 3703 3678 3757 6V6-

2121 3797 2250 3869 ματί
2276 3813 2368 3849 σου
2394 3797 2723 3868 χαρίσονται.
3471 3805 3473 3808 ‘

2183 3889 2274 3943 23.
2318 3887 2416 3952 Σὸς
2442 3890 2470 3941 ὁ
2503 3889 2630 3953 Υἱὸς
2656 3891 2684 3942 ὁ
2709 3886 2933 3952 δυνατός
2965 3885 3064 3959 (2).
3184 3887 3186 3890 ’
3371 3917 3380 3928 ι

2183 3979 2274 4034 26.
2313 3978 2651 4033 Βασιλευέτω
2680 3979 2756 4051 (5)
2803 3981 2832 4033 ὁ
2862 3980 2989 4044 Υἱός
3037 3996 3152 4046 σου,
3185 3980 3279 4034 καὶ⁴
3320 3979 3624 4052 δοξασθήτω
3649 3976 3677 4033 ὁ

2115 4071 2427 4142 Μονογενής
2455 4089 2570 4124 σου.

2112 4205 2145 4232 ,
2186 4163 2274 4218 27.
2315 4163 2616 4235 Αίσηρότης
2645 4161 2722 4235 (4)
2748 4163 2841 4218 καὶ
2869 4164 3328 4236 απροσωποληψία
3365 4165 3428 4222 ἐν
3471 4164 3550 4237 τῷ
3588 4163 3676 4236 βήο

2119 4253 2250 4324 ματί
2284 4271 2400 4309 σου.

2183 4346 2271 4402 28.
2301 4346 2390 4400 Ἐν
2425 4345 2482 4400 δὲ
2509 4345 2585 4418 τῷ
2622 4345 2714 4401 νῦν
2740 4343 2893 4402 αἰῶνι
2922 4345 3099 4411 πίστις
3123 4346 3218 4402 καὶ
3241 4348 3576 4419 ἐλεημοσύνη
3594 4348 3674 4402 δε-

2116 4437 2239 4490 κταὶ
2263 4434 2415 4507 παρὰ
2445 4435 2544 4489 σοί.
3330 4435 3337 4443 ”

2183 4526 2273 4580 29.
2300 4527 2357 4580 Ὀ
2380 4527 2445 4580 ὲκ
2466 4527 2564 4598 τῆς
2587 4527 2810 4598 καρδίας
2833 4527 2998 4581 αὑτοῦ
3029 4527 3216 4581 πενθεῖ
3242 4520 3340 4600 (5).

2184 4618 2274 4674 50.
2303 4619 2390 4674 Ἐν
2418 4617 2482 4690 τῇ
2515 4620 2695 4690 χάριτι
2722 4615 2814 4672 τοῦ
2845 4614 2976 4672 Υἱοῦ
3004 4638 3119 4675 σου.

2184 4710 2270 4764 51.
2298 4709 2678 4773 Ἀδιαλείπτως
2721 4711 2779 4764 ἐν
2827 4709 2906 4780 τῷ
2951 4711 3107 4783 ἀϊδίῳ
3142 4712 3280 4782 φωτὶ
3316 4710 3395 4783 τῷ
3437 4713 3676 4784 μέλλοντι

2115 4801 2443 4872 χαρίσονται.

2183 4889 2270 4944 52.
2313 4890 2420 4943 Kal
2456 4893 2514 4944 ἐν
2550 4891 2628 4962 τῷ
2660 4891 2772 4961 Υίῷ
2801 4909 2893 4946 σου
2925 4893 3362 4966 δοξασθήσονται.

2185 4977 2272 5033 55.
2293 4980 2412 5033 Ὅτι
2449 4980 2507 5034 ὲν
2545 4981 2627 5035 σοὶ
2655 4983 2960 5053 καυχῶνται
2986 4985 3080 5040 καὶ
3100 4985 3476 5059 δυναμοῦνται.

2184 5069 2271 5124 54.
2312 5071 2421 5124 Kal
2459 5073 2516 5125 ἐν
2551 5073 2630 5144 τῷ
2677 5073 2940 5147 θελήματι
2989 5093 3099 5143 σου,
3138 5080 3231 5132 καὶ
3268 5077 3361 5133 τοῦ
3405 5077 3537 5134 Υῐοῦ
3583 5096 3669 5132 σου

2111 5156 2544 5235 ἀνορθωθήσεται
2574 5166 2647 5238 (6)
2677 5168 2712 5238 ἡ
2758 5168 2972 5235 ἐξουσία
3005 5169 3180 5243 ἡμῶν,
3221 5172 3288 5244 ἢν
3329 5173 3463 5244 ἡμῖν
3491 5172 3552 5241 ἐξ
3576 5175 3667 5243 ἀρ-

2114 5254 2214 5324 Χῆς
2241 5254 2496 5321 δέδωκας.

1385 5363 1692 5426 Addenda
1742 5374 1802 5427 et
1836 5367 2212 5447 corrigenda
2249 5388 2326 5434 ex
2348 5375 2488 5436 cod.
2526 5375 2728 5444 Vatic.
2760 5416 2770 5424 -

444 5485 612 5610 “(01“)”
613 5485 717 5610 ἓοί
747 5489 852 5542 είσι
881 5490 975 5543 καὶ
1003 5488 1074 5556 οἱ,
1104 5490 1403 5560 ειο.”ομως
1429 5488 1542 5555 καί,
1578 5503 1680 5547 etc.
1717 5491 1845 5564 Leg.
1871 5493 2005 5560 vid.,

479 5573 675 5692 μ’ῗέςῦ
705 5627 795 5690 σὸς
819 5628 942 5692 Υἱὸς
971 5631 1208 5696 δυνατός.

516 5693 592 5762 (5)
628 5695 1016 5753 Βασιλευσάτω.

794 5715 1016 5753 ευσατω.

2185 5497 2262 5584 (ἒ)
2299 5499 2662 5584 9.9639967719-

2181 5570 2260 5637 (5)
2299 5570 2533 5627 Πενθῶν.

2185 5639 2260 5711 (6)
2278 5642 2680 5714 Ἀνορθωθήτω.
