4004 6212
312 317 454 376 1029
1158 321 1246 375 DE
1284 319 1559 377 TITULIS
1586 315 2038 381 PSALMORUM.
2076 348 2147 364 —
2174 318 2373 378 PSAL.
2406 319 2736 376 LXXXVIII.
3413 321 3549 377 1050

380 436 608 497 55.”Οτι
631 434 725 488 τοῦ
756 437 959 508 Κυρίου
996 439 1027 509 ή
1058 438 1363 511 ἀντίληψις,
1924 446 1961 508 Δ

1336 458 1363 506 r.
1924 446 1971 508 Α
2068 440 2161 496 55.
2189 440 2329 509 Quia
2352 439 2571 496 Domini
2593 439 2917 511 assumptio,

381 528 473 583 36.
513 528 622 582 Kal
651 526 745 581 τοῦ
784 529 938 598 ἁγίου
973 530 1187 602 Ἰσραὴλ
1218 530 1481 602 βασιλέως
1513 530 1693 603 ήμῶν.

1454 549 1481 595 ς
1513 530 1693 603 ἡμῶν.
2061 532 2152 589 56.
2182 530 2248 587 Ει
2276 532 2451 589 sancti
2474 532 2639 588 Israel
2670 533 2816 602 regis
2842 529 3035 587 nostri.

380 620 470 675 37.
510 618 643 673 Τότε
675 619 939 688 ἐλάλησας
964 623 1020 674 ἐν
1047 622 1233 694 ὁράσει
1263 624 1374 687 τοῖς
1411 624 1547 686 υἱοῖς
1582 638 1696 686 σου,

2063 624 2154 681 37.
2188 622 2341 680 Tune
2366 623 2582 679 locutus
2606 636 2667 679 es
2696 623 2751 678 in
2778 623 2991 679 visione
3023 620 3149 678 ﬁliis
3180 620 3307 687 tuis,

380 709 470 766 38.
510 710 619 764 Kal
643 707 834 775 εἶπαςο
874 711 1107 785 Ἐθέμην
1138 712 1388 785 βοήθειαν
1418 714 1512 766 ἐπὶ
1536 710 1760 767 δυνατόν
1782 728 1798 744 ·

2060 713 2151 770 58.
2179 713 2246 769 Et
2263 714 2450 770 dixisti
2475 733 2488 769 :
2512 712 2680 770 Posui
2714 714 3047 785 adjutorium
3074 713 3128 769 in
3153 720 3373 785 potente
3397 731 3412 769 :

382 799 469 854 39.
500 798 732 869 ’Υψωσα
760 801 1013 855 ἐκλεκτὸν
1042 804 1105 857 ὲκ
1137 803 1231 858 τοῦ
1260 801 1390 857 λαοῦ
1420 819 1546 873 μου.

2058 808 2150 863 59.
2185 808 2427 863 Exaltavi
2452 808 2683 864 electum
2713 807 2780 862 de
2809 807 2963 877 plebe
2989 821 3131 864 mea.

375 892 465 947 40.
500 885 672 963 Εὗρον
696 892 859 947 Δαϐὶδ
882 893 975 947 τὸν
997 893 1181 949 δοῦλόν
1218 911 1339 966 μου’

2064 899 2155 955 40.
2185 899 2370 956 Inveni
2394 898 2564 955 David
2596 913 2815 955 servum
2835 913 3050 954 meum:

380 983 469 1039 41.
512 984 599 1037 Ἐν
628 984 794 1057 ἐλαίῳ
822 986 962 1058 ἁγίῳ
989 1005 1086 1059 μου
1115 986 1307 1059 ἕχρισα
1326 986 1506 1040 αὐτόν.

1454 1001 1506 1040 ›ν.
2064 991 2157 1046 41.
2184 988 2316 1047 Oleo
2345 999 2537 1047 sancto
2562 1005 2686 1046 meo
2717 990 2853 1045 unxi
2887 1005 3035 1046 eum.

374 1075 469 1133 42.
514 1076 579 1130 Ἦ
610 1077 718 1151 γὰρ
749 1077 1005 1151 χείρημου
1040 1079 1485 1150 συναντιλήψεται
1516 1074 1684 1145 αὐτῷ’

1608 1074 1684 1145 τιῖν
2060 1083 2150 1138 42.
2179 1081 2370 1139 Manus
2398 1082 2544 1138 enim
2573 1097 2694 1138 mea
2732 1081 3086 1137 auxiliabitur
3117 1080 3189 1136 ei.

374 1168 467 1223 45.
501 1168 614 1222 Kal
639 1168 667 1219 6
695 1168 931 1240 βραχίων
957 1189 1057 1243 μου
1086 1171 1399 1243 κατισχύσει
1424 1169 1607 1222 αὐτόν.

2063 1175 2153 1230 45.
2182 1174 2248 1229 Et
2274 1176 2559 1230 brachium
2595 1189 2777 1230 meum
2802 1173 3129 1231 confortabit
3151 1188 3297 1230 eum.

380 1259 469 1313 4-4.
500 1258 613 1313 Οὐκ
639 1258 906 1331 ὠφελήσει
927 1263 1117 1336 ἐχθρὸς
1149 1265 1207 1317 ἐν
1241 1261 1411 1334 αὐτῷ’
1503 1320 1508 1325 ,

2061 1265 2153 1323 44.
2183 1262 2328 1319 Nihil
2357 1262 2602 1334 proﬁciet
2627 1263 2883 1320 inimicus
2906 1263 2964 1317 in
2993 1277 3059 1318 eo
3084 1281 3097 1317 :

378 1351 467 1405 45.
496 1351 607 1405 Kal
654 1352 769 1416 υίὸς
813 1354 1044 1427 ἀνομίας
1093 1357 1153 1409 οὐ
1190 1350 1608 1427 προσθήσειτοῦ
1640 1346 1889 1404 κακῶσαι

2062 1355 2154 1411 45.
2179 1353 2245 1409 Ει
2273 1355 2418 1411 Illius
2450 1354 2755 1426 iniquitatis
2781 1369 2890 1410 non
2924 1362 3158 1424 apponet
3187 1368 3384 1410 nocere
3409 1351 3483 1411 ei.

309 1445 495 1499 αὐτόν.

371 1533 582 1590 46.Kal
607 1531 859 1602 συγκόψει)
890 1530 997 1586 ἀπὸ
1014 1529 1304 1602 προσώπου
1330 1527 1494 1583 αὑτοῦ
1516 1530 1641 1594 τοὺς
1666 1530 1891 1603 ἐχθροὺς

1853 1549 1891 1596 ις
2060 1525 2150 1586 46.
2176 1527 2242 1585 Ει
2262 1527 2546 1586 concidam
2574 1542 2607 1583 a
2635 1525 2774 1583 facie
2802 1525 2976 1597 ipsius
3000 1524 3254 1580 ’nimicos
3282 1523 3434 1595 ejus:

308 1644 475 1682 αυτου
494 1644 509 1657 ·

375 1719 465 1772 47.
494 1716 606 1771 Kal
630 1716 755 1779 τοὺς
788 1712 1078 1786 μισοῦντας
1110 1711 1273 1765 αὐτὸν
1297 1710 1676 1783 τροπώσομαι.

2060 1708 2148 1763 47.
2179 1710 2247 1765 Et
2267 1708 2511 1766 odientes
2531 1723 2657 1764 eum
2684 1707 2739 1762 in
2764 1705 2949 1777 fugam
2980 1714 3296 1760 convertam

377 1809 464 1865 48.
487 1810 598 1863 Kal
626 1811 659 1881 ὴ
681 1805 906 1880 ἀλήθειά
928 1822 1051 1877 μου,
1066 1805 1159 1858 καὶ
1188 1804 1250 1857 τὸ
1272 1803 1416 1868 ἔλεός
1441 1821 1543 1875 μου
1568 1806 1682 1876 μετ’
1697 1803 1881 1857 αὐτοῦ·
1914 1801 1958 1857 Β

2057 1800 2145 1856 48.
2188 1800 2257 1855 Ει
2308 1800 2512 1857 veritas
2563 1815 2707 1867 mea,
2743 1807 2801 1854 et
2844 1796 3219 1853 misericordia
3264 1809 3384 1851 mea
3428 1809 3551 1850 cum

1985 1895 1997 1908 ο
2954 1885 2974 1908 ο

372 1990 464 2046 49.
498 1990 609 2042 Kal
633 1988 691 2042 ἐν
716 1987 795 2058 τῷ
827 1984 1051 2058 ὀνόματί
1087 2001 1189 2057 μου
1223 1985 1569 2057 ὑψωθήσεται
1615 1984 1675 2038 τὸ
1721 1984 1888 2057 κέρας

1985 1913 1998 1950 1
2042 1909 2142 1950 80:
3272 1909 3277 1913 '

2005 1910 2142 2041 p49.
2171 1983 2238 2040 Et
2269 1983 2324 2039 in
2359 1982 2581 2038 nomine
2609 1996 2736 2038 meo
2764 1980 3096 2038 exaltabitur
3124 1994 3293 2036 cornu
3320 1980 3477 2053 ejus:

304 2078 493 2135 αὐτοῦ.

371 2172 462 2227 50.
485 2172 595 2226 Καὶ
619 2169 852 2241 θήσομαι
883 2169 941 2223 ἐν
975 2168 1215 2241 θαλάσσῃ
1240 2169 1398 2239 χεῖρα
1423 2166 1608 2221 αὐτοῦ·

1563 2166 1608 2221 ὖ*
2053 2161 2142 2217 50.
2173 2161 2241 2215 Ει
2265 2175 2464 2232 ponam
2491 2160 2547 2215 in
2576 2161 2715 2216 mari
2743 2175 2968 2215 manum
2992 2159 3144 2229 ejus:

373 2260 462 2314 51.
492 2260 602 2313 Kal
627 2261 685 2314 ἐν
713 2261 976 2331 ποταμοῖς
1007 2256 1187 2323 δεξιὰν
1214 2256 1402 2311 αὑτοῦ.

2056 2253 2144 2308 51.
2170 2253 2240 2309 Ει
2261 2254 2314 2308 in
2338 2252 2656 2309 ﬂuminibus
2679 2253 2964 2308 dexteram
2992 2253 3130 2321 ejus.

371 2350 462 2405 52.
483 2349 654 2413 Αὐτὸς
685 2348 1068 2403 ἐπικαλέσεταί
1105 2365 1192 2420 με*
1220 2347 1411 2419 Πατήρ
1442 2362 1545 2417 μου
1565 2339 1617 2398 εἴ
1645 2345 1730 2409 σὺ,

1725 2387 1730 2407 ,
2059 2343 2149 2398 52.
2182 2343 2304 2414 Ipse
2332 2343 2610 2398 invocabit
2636 2356 2761 2397 me:
2792 2340 2957 2397 Pater
2986 2356 3142 2397 meus
3166 2355 3225 2397 es
3246 2348 3306 2397 tu

373 2440 462 2495 53.
493 2440 624 2504 Θεός
652 2457 777 2511 μου,
807 2439 901 2493 xal
927 2437 1279 2509 ἀντιλήπτωρ
1300 2436 1401 2508 τῆς
1421 2435 1693 2507 σωτηρίας
1726 2451 1849 2505 μου.

1739 2451 1849 2490 ιου.
2053 2433 2145 2489 55.
2180 2432 2323 2490 Deus
2344 2447 2518 2499 meus,
2546 2441 2598 2488 et
2630 2439 2917 2503 susceptor
2944 2429 3135 2487 salutis
3165 2445 3320 2487 meae.

366 2530 463 2587 54.
491 2531 660 2600 Κάγὼ
680 2530 1019 2603 πρωτότοκον
1053 2528 1291 2600 θήσομαι
1319 2527 1505 2593 αὐτὸν,

2054 2525 2144 2579 54.
2175 2522 2243 2579 Ει
2274 2539 2375 2595 ego
2401 2525 2823 2595 primogenitum
2846 2537 3047 2593 ponam
3068 2522 3246 2590 illum,

373 2622 459 2678 55.
500 2622 730 2694 ’Υψηλὸν
762 2620 912 2694 παρά
932 2623 1043 2688 τοῖς
1071 2619 1348 2693 βασιλεῦσι
1369 2620 1473 2691 τῆς
1494 2619 1620 2689 γῆς.

1494 2619 1620 2689 γῆς.
2053 2617 2147 2674 55.
2173 2616 2464 2674 Excelsum
2501 2632 2613 2688 pra:
2645 2616 2865 2687 regibus
2890 2624 3067 2674 terrae.

1424 2769 1795 2827 ATHANASII
1832 2768 2422 2827 INTERPRETATIO.

371 2896 463 2963 35,
499 2896 588 2952 36.
626 2896 749 2950 Ὅτι
784 2894 880 2950 τοῦ
926 2894 1157 2968 Πατρὸς,
1188 2894 1281 2949 καὶ
1322 2892 1414 2948 τοῦ
1460 2892 1613 2959 Υίοῦ,
1638 2893 1732 2948 καὶ
1782 2892 1875 2947 τοῦ
1903 2898 1946 2956 C.

2049 2893 2140 2959 35,
2180 2892 2271 2950 36.
2302 2892 2571 2960 Quoniam
2598 2892 2777 2952 Patris
2805 2902 2859 2951 et
2884 2891 3007 2952 Filii
3037 2902 3092 2951 et
3118 2892 3353 2966 Spiritus
3378 2899 3549 2955 sancti

293 2986 459 3042 ἁγίου
495 2985 813 3057 Πνεύματος
842 2988 875 3057 ή
900 2984 1182 3056 ἀντίληψις
1211 2985 1342 3054 ήμϊν
1366 2983 1464 3053 (1).

941 2984 1182 3056 ντίληψις
1211 2985 1342 3054 ἡμῖν
1366 2983 1464 3053 (1).
1983 2985 2287 3055 assumptio
2310 2992 2522 3043 nostra.

371 3074 449 3131 57
492 3075 625 3130 Τότε
651 3078 763 3138 τοῖς
790 3075 1065 3140 Ἰουδαίοις
1093 3076 1151 3129 ἐν
1188 3073 1474 3145 αἰνίγμασι
1498 3072 1586 3128 διὰ
1609 3070 1714 3127 τῶν
1746 3089 1881 3144 προ-

2047 3077 2135 3131 57.
2170 3075 2325 3132 Tunc
2353 3075 2555 3133 Iudaeis
2600 3076 2659 3131 in
2709 3076 3087 3149 asnigmatibus
3130 3094 3229 3150 per
3259 3081 3554 3152 prophetas

292 3166 487 3238 φητῶν
516 3166 678 3238 ἐλάλη
686 3183 807 3230 σας,

723 3183 807 3230 ας,
1982 3169 2198 3225 locutus
2223 3185 2304 3237 es,

369 3259 461 3315 38.
499 3258 613 3313 Kal
637 3254 795 3321 εἶπας
813 3275 827 3288 ο
855 3256 946 3329 Τῷ
964 3255 1080 3328 Υίῷ
1103 3273 1204 3328 μου
1234 3256 1486 3329 βοηθήσω
1514 3254 1662 3327 ὑμῖν.

2052 3260 2143 3316 58.
2171 3259 2237 3316 Ει
2259 3260 2447 3316 dixisti
2475 3279 2489 3316 :
2517 3260 2577 3315 In
2605 3259 2745 3315 Filio
2772 3276 2894 3317 meo
2916 3261 3185 3332 adjuvabo
3209 3278 3324 3319 vos.

344 3349 458 3406 ‘39.
494 3349 597 3404 Τὸν
632 3349 789 3421 χορὸν
809 3348 919 3403 τῶν
972 3349 1144 3419 ἁγίων
1195 3348 1508 3403 ἀποστόλων
1547 3346 1878 3418 ἐξελεξάμην

2055 3351 2148 3408 59.
2177 3351 2420 3409 Chorum
2448 3361 2764 3415 sanctorum
2799 3353 3168 3424 apostolorum
3197 3354 3336 3426 elegi
3355 3362 3413 3412 et
3436 3355 3552 3428 glo—

293 3443 394 3497 καὶ
412 3441 658 3507 ἐδόξασα.

634 3481 658 3495 ,.
1980 3443 2215 3500 riﬁcavi.

365 3533 457 3587 40.
484 3526 654 3605 Εὗρον
679 3531 756 3604 (2)
778 3531 907 3586 λαὸν
931 3531 1024 3586 τὸν
1062 3530 1273 3601 πεποοη
1283 3530 1464 3600 μένον.

2050 3538 2141 3595 40.
2174 3538 2361 3593 Inveni
2385 3539 2648 3609 populum
2678 3539 3072 3599 desideratum.

365 3622 456 3678 41.
495 3621 582 3678 Ἑν
605 3622 686 3693 τῷ
733 3620 1012 3691 Πνεύματί
1072 3638 1173 3691 μου
1196 3618 1276 3690 τῷ
1304 3620 1443 3690 ἀγίῳ
1472 3620 1564 3675 τὸν
1596 3620 1758 3676 αὐτὸν
1792 3637 1884 3673 at-

2051 3627 2143 3681 41.
2176 3625 2234 3680 In
2267 3624 2471 3695 Spiritu
2497 3634 2688 3683 sancto
2712 3643 2836 3685 meo
2862 3630 3115 3686 eumdem
3140 3630 3356 3689 ﬁdelem
3377 3646 3550 3703 popu-

291 3714 425 3769 στὺν
451 3714 577 3770 λαὸν
607 3713 873 3785 ἠγάπησα
892 3712 991 3783 (3).

731 3730 873 3784 πησα
892 3712 991 3783 (5).
1982 3718 2095 3774 lum
2127 3720 2312 3776 dilexi.

364 3806 455 3860 42.
497 3807 555 3860 Ὀ
579 3804 688 3878 γὰρ
721 3805 848 3868 Υίός
873 3822 973 3875 μου
997 3804 1360 3876 ὑπερασπίςει
1398 3804 1579 3858 αὐτόν.

2052 3812 2141 3866 42.
2168 3812 2303 3867 Nam
2328 3812 2501 3868 Filius
2522 3827 2676 3868 meus
2694 3813 2928 3886 protegit
2960 3813 3161 3884 ipsum.

361 3897 454 3951 45.
482 3897 591 3950 Kal
619 3897 781 3959 αὐτὸς
804 3898 834 3949 6
864 3896 992 3959 Υἱός
1029 3913 1130 3966 μου
1152 3894 1388 3965 ἐνισχύει
1419 3894 1494 3965 (4)
1526 3894 1709 3951 αὐτόν.

1686 3914 1709 3948 ἰ
2051 3902 2140 3957 45.
2172 3901 2240 3956 Et
2270 3902 2413 3957 idem
2442 3902 2615 3957 Filius
2645 3916 2800 3957 meus
2825 3902 3100 3959 confortat
3120 3908 3267 3959 eum.

364 3988 456 4043 44.
484 3989 557 4043 οὐ
591 3986 1012 4058 κατακυριεύσει
1049 3988 1078 4040 6
1110 3984 1353 4048 διάϐολος
1379 3983 1565 4040 αὐτοῦ.

2051 3993 2139 4048 44.
2170 3991 2287 4049 Non
2317 3994 2685 4049 dominabitur
2710 3995 2765 4049 in
2797 4010 2923 4051 eum
2952 3996 3225 4053 diabolus.

364 4080 456 4136 45.
493 4080 552 4134 '0
577 4079 738 4144 αὐτὸς
767 4078 1139 4150 ἀντικείμενος
1172 4078 1271 4130 οὐκ
1299 4076 1365 4130 ἂν
1397 4075 1595 4148 δυνηθῇ
1620 4077 1807 4131 αὐτοῦ.

2050 4084 2141 4141 45.
2170 4083 2313 4142 Idem
2344 4086 2688 4142 adversarius
2710 4087 2848 4142 nihil
2877 4089 3078 4159 poterit
3114 4089 3373 4147 adversus
3398 4104 3540 4147 eum.

360 4170 453 4227 46.
490 4172 600 4236 Τὰς
619 4171 869 4234 ἐναντίας
895 4169 1175 4241 δυνάμεις.
1656 4188 1657 4191 η
1908 4243 1941 4249 _

1656 4188 1657 4191 ‘
1908 4243 1941 4249 _
2053 4176 2146 4233 46.
2175 4177 2533 4234 Adversarias
2566 4184 2884 4249 potestates.

363 4265 453 4319 47.
477 4266 615 4330 Τοὺς
638 4267 896 4339 δαίμονας
920 4264 1172 4330 ὑποτάξω
1196 4266 1398 4328 αὐτοῖς.
1908 4243 1944 4298 n

1375 4284 1398 4319 τ.
1908 4243 1952 4298 Ῑ)
2049 4267 2140 4322 47.
2173 4266 2455 4323 Daemones
2486 4243 2771 4337 subjiciam
2806 4269 2956 4339 ipsis,

364 4357 455 4411 48.
488 4359 597 4412 Kal
617 4359 679 4412 τὸ
702 4358 931 4429 Πνεῦμά
973 4375 1073 4428 μου
1104 4356 1165 4410 τὸ
1197 4356 1373 4423 ἅγιον,
1411 4355 1506 4409 καὶ
1537 4356 1566 4408 6
1619 4353 1746 4417 Υἱός
1779 4370 1881 4425 μου

2049 4358 2139 4412 48.
2167 4357 2237 4412 Et
2272 4356 2509 4428 Spiritus
2530 4367 2754 4414 sanctus
2777 4375 2954 4427 meus,
2979 4368 3033 4417 et
3060 4361 3233 4418 Filius
3262 4378 3417 4421 meus
3438 4379 3542 4421 non

289 4450 583 4521 ἀχώριστοι
604 4450 816 4505 ἔσονται
840 4450 934 4504 τοῦ
962 4448 1152 4503 πιστοῦ
1177 4447 1330 4502 λαοῦ.

1273 4447 1330 4502 ὓ.
1978 4451 2375 4521 separabuntur
2397 4466 2427 4505 a
2455 4451 2658 4521 populo
2686 4451 2854 4507 ﬁdeli.

359 4540 449 4596 49.
497 4526 563 4593 Ἦ
590 4540 832 4610 βασιλεία
858 4539 953 4594 τοῦ
982 4538 1139 4594 λαοῦ.

1072 4538 1139 4592 r3.
2047 4543 2133 4598 49.
2169 4541 2416 4615 Regnum
2444 4543 2653 4613 populi.

360 4630 451 4686 50.
485 4633 572 4686 Ἐν
593 4631 673 4704 τῷ
693 4633 885 4704 κόσμῳ
910 4630 1008 4704 τὴν
1039 4630 1355 4686 δυναστείαν
1389 4628 1578 4683 αὑτοῦ.

1503 4628 1578 4683 αὖ.
2043 4636 2132 4692 50.
2164 4634 2221 4690 In
2248 4635 2457 4692 mundo
2475 4636 2904 4693 dominationem
2940 4637 3084 4708 ejus.

362 4724 452 4779 51.
478 4725 589 4779 Kal
617 4726 674 4778 ὲν
702 4726 814 4790 τοῖς
845 4724 1020 4779 ἔθνεσι
1047 4722 1146 4787 τὰς
1174 4721 1394 4785 ἐντολὰς
1425 4717 1611 4774 αὐτοῦ.

1517 4717 1611 4774 τοῦ.
2041 4727 2130 4784 51.
2163 4726 2229 4783 Et
2250 4727 2304 4783 in
2330 4728 2582 4800 gentibus
2610 4740 2876 4801 praecepta
2898 4731 3098 4798 ipsius.

359 4817 450 4871 52.
486 4817 579 4881 Τὸ,
613 4815 804 4887 Πάτερ
832 4815 1002 4886 ἡμῶν
1031 4818 1064 4870 ὁ
1089 4816 1159 4870 ἐν
1180 4816 1298 4881 τοῖς
1339 4812 1636 4883 οὐρανοῖς.

1568 4812 1636 4879 ἴς.
2040 4819 2130 4874 52.
2159 4818 2320 4874 Pater
2349 4828 2528 4875 noster
2551 4822 2642 4891 qui
2667 4838 2721 4876 es
2751 4821 2808 4876 in
2838 4823 3006 4879 cwlis.
3143 4810 3149 4816 ’

359 4909 448 4964 55.
496 4907 595 4978 Μὴ
653 4908 1002 4978 εἰσενέγκῃς
1050 4905 1209 4976 ἡμᾶς
1251 4907 1327 4978 (5)
1384 4908 1472 4972 εὶς
1520 4901 1873 4974 πειρασμὸν,

2041 4910 2129 4965 55.
2170 4909 2253 4965 Ne
2277 4911 2500 4966 inducas
2529 4928 2622 4967 nos
2655 4914 2711 4967 in
2739 4915 3104 4984 tentationem,
3135 4917 3227 4973 sed
3256 4915 3422 4973 libera
3444 4931 3539 4971 nos

283 4999 451 5055 me
466 4998 655 5069 ῥῦσαι
676 4997 834 5068 ἡμᾶς
857 4998 977 5054 ἀπὸ
1004 4998 1111 5052 τοῦ
1134 4998 1428 5067 πονηροῦ.
1971 5017 2004 5055 a
2036 4999 2178 5054 malo
2200 5002 2243 5058 ⁸.

357 5092 448 5147 54.
487 5092 575 5145 Ἐν
605 5094 672 5163 τῇ
707 5091 950 5162 βασιλείᾳ
978 5090 1084 5143 τῶν
1112 5092 1381 5163 οὐρανῶν.

1200 5092 1381 5146 »ανῶν.
2050 5092 2140 5148 54.
2164 5090 2221 5146 In
2248 5107 2475 5163 regnum
2501 5094 2781 5151 caelorum.

357 5182 449 5237 55.
479 5182 873 5253 Δεδοξασμένον
900 5182 1038 5254 ὑπὲρ
1070 5183 1195 5246 τοὺς
1219 5182 1471 5253 βασιλέας
1504 5179 1603 5253 (6).

1358 5182 1471 5246 χέας
1504 5179 1603 5253 (6).
2047 5182 2137 5238 55.
2171 5181 2539 5241 Gloriﬁcatum
2572 5200 2736 5257 super
2763 5200 2939 5259 reges.

377 5296 401 5327 ⁸
434 5294 624 5352 Matth.
653 5312 729 5361 νι,
768 5297 920 5352 9-15.

1244 5385 1555 5447 Addenda
1584 5393 1645 5447 et
1676 5384 2052 5465 corrigenda
2103 5403 2184 5449 ex
2212 5386 2355 5450 cod.
2391 5388 2592 5452 Vatic.

361 5507 747 5585 (HIEME..-
1178 5580 1193 5585 _
1409 5577 1426 5585 ,
1532 5578 1544 5585 ,
1771 5579 1796 5585 _
2040 5512 2479 5585 (4)]Ενισχύσει.

355 5575 440 5671 (2)
463 5575 649 5667 Ν.’4ιοἶ
674 5575 846 5671 Εὗρον
874 5581 975 5671 τρί’
987 5581 1113 5636 λαὸν
1146 5580 1235 5635 τὸν
1260 5577 1657 5651 πεποθημὲνονο
1704 5579 1863 5636 τοῦτο

1445 5578 1657 5651 ημένονο
1704 5579 1863 5636 τοῦτο
2143 5583 2220 5671 his
2248 5575 2348 5671 pro
2377 5586 2539 5671 ήμᾶξ.
2579 5583 2654 5671 Ita
2678 5585 2843 5671 etiarn
2880 5599 3026 5669 "lux.

355 5603 435 5649 (Ζ)
464 5603 527 5634 Π.
559 5603 647 5637 ἆυ.
676 5603 846 5655 ιιιυρον
874 5603 966 5635 τον
989 5603 1113 5636 Ααον
1146 5603 1235 5635 τον
1260 5603 1657 5651 πεπουημενον*
1704 5603 1863 5636 τουτο
2063 5603 2117 5648 θ)
2144 5603 2220 5637 ΜΞ
2248 5603 2348 5655 pro
2580 5603 2654 5639 Ila
2683 5603 2843 5640 etlam
2880 5603 3000 5642 ΠΙὉῘ

277 5650 776 5788 γάρῦξρμίτξέἱιζῗαι
806 5652 985 5707 Δαϐίδ.
2039 5603 2114 5727 (6)
2146 5656 2305 5725 Παρὰ
2332 5672 2460 5719 τους
2493 5654 2728 5726 βασιλεῖς
2750 5654 2846 5723 τῆς
2876 5655 3000 5728 γῆς.
