4004 6212
458 304 591 361 ωδε
1307 293 1364 348 s.
1409 289 1784 346 ATHANASII
1825 286 1976 343 orp.
2017 285 2200 341 rans
2236 285 2327 340 ιιι.
2367 315 2438 324 -
2476 256 2891 340 EXEGETICA.
3585 283 3727 339 loss

525 416 614 473 56.
652 416 709 470 in
727 423 986 470 aeternum
1009 411 1235 468 servabo
1253 409 1326 462 illi
1355 407 1784 462 misericordiam
1804 419 1981 459 meam
2006 421 2017 456 :
2053 411 2100 466 Α

2006 421 2017 456 :
2053 411 2100 466 Α
2195 402 2283 456 56.
2313 403 2404 464 Εἰς
2440 401 2528 454 τὸν
2562 401 2731 454 αἰῶνα
2763 398 2980 469 φυλάξω
3009 397 3156 468 αὐτῷ
3187 397 3249 451 τὸ
3280 397 3426 464 ἔλεός
3460 417 3582 470 μου·

527 509 616 565 57.
645 507 711 562 Et
738 512 1118 562 testamentum
1146 517 1329 556 meum
1361 500 1515 554 ﬁdele
1542 500 1666 568 ipsi.

2202 494 2290 547 57.
2329 494 2495 563 Καὶή
2528 491 2760 562 διαθήκη
2796 509 2896 562 μου
2933 490 3100 558 πιστὴ
3126 488 3291 560 αὐτῷ.

527 600 619 657 58.
655 599 722 654 Et
749 613 944 668 ponam
976 598 1026 650 in
1057 594 1317 651 saeculum
1344 592 1530 648 saeculi
1559 605 1744 648 semen
1769 589 1928 660 ejus:

2200 588 2288 641 58.
2341 586 2451 640 Καὶ
2503 585 2737 657 θήσομαι
2793 587 2872 649 εἰς
2924 585 3012 638 τὸν
3043 586 3214 640 αίῶνα
3259 584 3354 639 τοῦ
3412 585 3606 649 αἰῶνος
3661 596 3722 640 το

2131 683 2354 754 σπέρμα
2376 681 2560 736 αὐτοῦ·

532 780 718 841 59..Et
741 781 997 836 thronum
1026 777 1146 848 ejus
1169 776 1311 832 sicut
1335 776 1452 832 dies
1485 775 1608 832 cceli
1637 791 1652 830 :

2212 773 2299 827 59.
2335 772 2445 826 Ka‘t
2471 771 2562 825 τὸν
2585 770 2771 841 θρόνον
2799 770 2962 824 αὐτοῦ
3019 771 3094 834 ὠς
3124 768 3224 834 τάς
3256 771 3466 841 ἡμέρας
3499 769 3593 822 τοῦ
3623 770 3710 822 οὐ-

2135 885 2315 939 ρανου.

535 959 622 1016 60.
652 959 710 1016 Si
741 966 920 1014 autem
940 955 1335 1027 de‘r‘eliquerint
1365 953 1460 1008 lllii
1496 953 1616 1023 ejus
1635 951 1808 1022 legem
1827 947 2027 1018 meam,

2198 959 2287 1015 60.
2357 957 2484 1012 Ἐὰν
2543 954 2978 1027 ἐγκαταλίπωσιν
3033 957 3082 1008 οί
3136 954 3243 1008 υἱοὶ
3303 954 3467 1008 αὐτοῦ
3514 955 3605 1008 τὸν
3632 954 3709 1007 νό-

2136 1067 2234 1124 μον
2270 1067 2371 1123 μου
2389 1093 2406 1119 ,

526 1145 614 1200 61.
648 1142 716 1198 Ει
749 1142 804 1197 in
827 1140 1048 1212 judiciis
1076 1139 1215 1195 meis
1249 1152 1358 1194 non
1391 1133 1797 1192 ambUIaverint

2200 1143 2287 1198 6L
2319 1143 2429 1198 Kal.
2449 1145 2562 1207 τοῖς
2589 1143 2819 1216 κρίμασί
2855 1159 2954 1214 μου
2991 1141 3066 1213 μὴ
3095 1139 3453 1211 πορευθῶσιν·

527 1239 617 1294 62.
654 1238 712 1293 Si
733 1237 973 1309 justitias
992 1250 1142 1290 meas
1166 1231 1609 1305 profanaverint:

2202 1236 2290 1292 62.
2339 1237 2466 1291 Ἐἀν
2488 1236 2559 1290 τά
2579 1235 2924 1307 δικαιώματά
2954 1251 3056 1306 μου
3087 1232 3454 1304 βεϐηλώσωσν

528 1331 615 1386 65.
649 1330 716 1384 Ει
748 1330 1001 1385 mandata
1029 1342 1148 1383 mea
1180 1341 1288 1381 non
1316 1320 1702 1387 custodierint,

2199 1327 2288 1383 65.
2326 1327 2437 1382 Kal.
2459 1328 2559 1393 τὰς
2588 1327 2805 1391 ἐντολάς
2835 1342 2938 1397 μου
2970 1324 3044 1396 μὴ
3067 1322 3394 1393 φυλάξωσιψ

524 1424 616 1479 64.
649 1423 896 1479 Visitabo
931 1421 987 1474 in
1020 1419 1172 1489 virga
1201 1417 1518 1486 iniquitates
1549 1426 1741 1469 eorum
1770 1449 1785 1466 .

2203 1415 2727 1495 64.,”Επισκέψομαι
2752 1421 2809 1473 ὲν
2841 1418 3021 1491 ῥάϐδῳ
3052 1415 3152 1480 τάς
3183 1415 3414 1486 ἀνομίας
3443 1415 3638 1481 αὐτῶν,

527 1516 615 1572 65.
644 1514 708 1568 Ει
735 1514 789 1568 in
821 1512 1139 1570 verberibus
1168 1517 1394 1581 peccata
1421 1521 1637 1564 eorum.

2205 1514 2292 1569 65.
2327 1515 2435 1568 Καὶ
2455 1515 2512 1567 ὲν
2537 1512 2754 1584 μάστιξι
2781 1510 2882 1574 τὰς
2909 1508 3126 1573 ἀδικίας
3155 1507 3333 1562 αὐτῶν

527 1607 614 1663 66.
649 1605 1080 1664 Misericordiam
1130 1611 1314 1660 autem
1354 1616 1536 1658 meam
1585 1613 1695 1658 non
1724 1595 2032 1671 dispergam

2204 1607 2293 1664 66.
2325 1605 2398 1661 Τὸ
2418 1608 2475 1662 δὲ
2503 1607 2650 1670 ἔλεός
2683 1623 2784 1678 μου
2811 1605 2872 1658 οὐ
2899 1603 2975 1675 μὴ
3011 1600 3352 1657 διασκεδάσω
3384 1601 3478 1656 ἀπ’
3513 1600 3709 1655 αὐτῶν

454 1702 526 1758 ab
555 1701 656 1757 eis.

526 1792 613 1848 67.
638 1789 824 1862 Neque
851 1788 1058 1845 nocebo
1089 1787 1142 1842 in
1173 1785 1402 1842 veritate
1427 1797 1568 1839 mea.
2057 1787 2104 1844 Β

2057 1787 2104 1844 Β
2200 1786 2288 1843 67.
2315 1786 2438 1840 Οὐδ’
2460 1787 2522 1840 οὐ
2560 1785 2636 1857 μὴ
2669 1785 2910 1856 ἀδικήσω
2935 1769 2994 1838 ἓν
3021 1787 3088 1857 τῇ
3111 1781 3340 1856 ἀληθείᾳ
3369 1799 3489 1854 μου.

527 1882 615 1938 68.
649 1880 835 1953 Neque
859 1862 1156 1952 profanibo
1178 1884 1563 1933 testamentum
1589 1887 1806 1929 meum:

2197 1881 2284 1936 68.
2309 1881 2430 1935 Οὐδ’
2462 1880 2522 1933 οὐ
2559 1881 2632 1951 μὴ
2664 1879 2957 1952 βεϐηλώσω
2977 1880 3076 1950 τὴν
3113 1878 3380 1950 διαθήκην
3416 1891 3535 1947 μου·

525 1973 615 2031 69.
651 1973 714 2029 Et
740 1987 860 2044 qua:
888 1969 1194 2041 procedunt
1214 1968 1283 2024 de
1309 1967 1472 2025 labiis
1495 1965 1658 2034 meis,
1688 1979 1799 2020 non
1832 1962 2030 2019 faciam

2197 1972 2283 2030 69.
2313 1972 2425 2027 Kal
2445 1972 2514 2025 τὰ
2545 1971 2957 2042 ἐκπορευόμενα
2983 1969 3073 2024 διὰ
3117 1968 3225 2023 τῶν
3257 1967 3481 2038 χειλέων
3527 1984 3627 2038 μου
3649 1965 3707 2019 ού

456 2066 631 2122 irrita.

2131 2066 2206 2138 μὴ
2241 2065 2514 2136 ἀθετήσω.
2565 2103 2573 2111 -

526 2160 614 2214 70.
650 2155 828 2214 Semel
866 2154 1048 2228 iuravi
1074 2154 1130 2210 in
1162 2158 1353 2210 sancto
1396 2165 1545 2219 meo,
1587 2151 1635 2208 si
1668 2149 1835 2206 David
1880 2163 2033 2205 men-

2201 2157 2286 2212 70.
2319 2153 2503 2221 ’Ἃπαξ
2561 2154 2751 2226 ὤμοσα
2794 2156 2853 2208 ὲν
2899 2153 2980 2224 τῷ
3007 2153 3148 2225 ἁγίῳ
3178 2170 3304 2225 μου,
3353 2153 3403 2205 εί
3447 2151 3525 2222 τῷ
3550 2150 3707 2204 Δαεὶδ

455 2253 601 2308 ﬁat?

2131 2247 2400 2320 ψεύσομαι
2425 2265 2439 2314 ;

527 2345 614 2400 71.
646 2343 842 2398 Semen
867 2341 989 2412 ejus
1013 2339 1072 2396 in
1094 2345 1359 2396 aeternum
1394 2336 1638 2394 manebit
1665 2336 1895 2410 [manet]
1921 2354 1934 2390 :

2205 2342 2296 2417 7i.
2323 2341 2397 2395 Τὸ
2419 2340 2640 2414 σπέρμα
2661 2340 2826 2394 αὑτοῦ
2856 2343 2937 2405 είς
2968 2339 3059 2394 τὸν
3089 2339 3261 2395 αἰῶνα
3292 2341 3445 2410 μενεῖ
3473 2336 3672 2410 [μένει]
3691 2355 3705 2369 ·

527 2438 616 2492 72.
653 2437 720 2492 Et
749 2435 980 2492 thronus
1000 2432 1120 2503 ejus
1157 2432 1302 2488 sicut
1334 2432 1417 2488 sol
1451 2432 1506 2486 in
1546 2437 1842 2501 conspectu
1880 2444 2023 2486 meo.

2208 2418 2295 2512 72.
2320 2433 2430 2488 Καὶ
2453 2434 2480 2485 6
2504 2433 2692 2506 θρόνος
2731 2433 2890 2488 αὑτοῦ
2918 2433 2994 2496 ὡς
3033 2434 3062 2486 6
3092 2433 3242 2503 ἥλιος
3279 2431 3522 2487 ἐναντίον
3555 2448 3667 2500 μου.

528 2531 616 2585 75.
648 2528 714 2585 Ει
745 2528 885 2584 sicut
913 2527 1041 2581 luna
1064 2523 1304 2595 perfecta
1333 2523 1389 2578 in
1422 2531 1728 2578 aeternum:

2203 2513 2292 2582 75.
2319 2527 2428 2582 Καὶ
2456 2528 2532 2591 ὡς
2558 2529 2591 2600 ἡ
2614 2527 2807 2600 σελήνη
2837 2525 3246 2600 κατηρτισμένη
3278 2529 3359 2592 είς
3397 2526 3487 2580 τὺν
3521 2526 3703 2580 αἰῶνα·

1044 2615 1386 2689 Diapsalma.

2739 2615 3056 2688 Διάψαλμα

538 2715 615 2770 74.
646 2713 713 2770 Ει
742 2713 896 2770 testis
919 2712 976 2768 in
1011 2711 1150 2767 cualo
1178 2709 1377 2765 fidelis.

2201 2707 2290 2766 74.
2316 2711 2426 2765 Καὶ
2456 2711 2485 2764 6
2516 2709 2722 2782 μάρτυς
2747 2711 2805 2764 ὲν
2827 2710 3042 2781 οὐρανῷ
3067 2707 3269 2775 πιστός.

1579 2835 1956 2900 ATHANASII
1993 2840 2577 2901 INTERPRETATIO.

526 2960 616 3016 56.
644 2958 1036 3015 lndesiuenter.

2201 2960 2290 3016 56.
2337 2961 2728 3017 Ἀδιάλειπτον.

526 3054 618 3110 57.
646 3052 712 3108 Et
741 3054 1026 3124 passiones
1060 3050 1248 3109 ﬁdeles
1271 3048 1404 3122 ipsi.

2204 3053 2292 3109 57.
2321 3054 2430 3107 Καὶ
2463 3053 2533 3108 τὰ
2565 3054 2864 3127 παθήματα
2890 3054 2967 3126 (1)
2996 3055 3164 3109 πιστά
3200 3053 3367 3126 αὐτῷ.

528 3147 618 3204 58.
649 3145 825 3218 Opera
845 3147 1073 3219 justitiae
1099 3146 1241 3218 ejus.

2201 3143 2289 3198 58.
2320 3144 2399 3198 Τά
2421 3144 2555 3217 ἔργα
2577 3147 2676 3216 τῆς
2702 3145 3043 3215 δικαιοσύνης
3075 3146 3258 3202 αὐτοῦ.

526 3241 618 3297 59.
653 3241 722 3298 Et
751 3256 980 3313 regnum
1013 3240 1185 3312 ipsius
1214 3239 1638 3297 interminabile.

2200 3235 2289 3292 59.
2323 3237 2435 3290 Καὶ
2458 3237 2556 3309 τὴν
2590 3237 2869 3308 βασιλείαν
2889 3239 3055 3292 αὑτοῦ
3085 3239 3462 3310 ἀτελεύτητον.

525 3331 615 3388 60.
644 3331 703 3388 In
729 3333 1188 3404 concupiscentiis
1217 3333 1468 3389 cordium
1491 3347 1682 3389 eorum
1709 3335 2027 3402 sequentuin

2198 3329 2286 3386 60.
2335 3332 2421 3384 Ἑν
2447 3335 2570 3395 ταῖς
2614 3332 2932 3404 ἐπιθυμίαις
2968 3333 3076 3387 τῶν
3129 3333 3366 3405 καρδιῶν
3411 3333 3593 3388 αὐτῶν
3633 3333 3709 3402 ἐξ-

2052 3411 2096 3470 C
2128 3419 2485 3494 ἀκολουθήσοι)
2493 3421 2564 3479 σι.

529 3511 620 3568 61.
647 3511 714 3566 Ει
740 3511 1031 3568 declinabit
1057 3527 1154 3568 cor
1182 3526 1374 3567 eorum
1408 3527 1465 3567 ιιι
1491 3511 1810 3568 vanitatem.

2203 3514 2291 3570 61.
2326 3515 2436 3568 Καὶ
2457 3515 2736 3588 ἐκκλίνῃὴ
2763 3517 2962 3589 καρδία
2989 3517 3168 3572 αὐτῶν
3207 3518 3288 3581 είς
3321 3519 3673 3590 ματαιότητα.

531 3603 620 3661 62.
648 3605 705 3659 ln
731 3605 1174 3676 intemperantias
1197 3615 1606 3663 convertentur.

1597 3646 1606 3662 .
2204 3604 2294 3660 62.
2341 3606 2428 3659 Ἐν
2450 3605 2759 3675 ἀσελγείαις
2785 3609 3178 3681 τραπήσονται.

532 3699 623 3753 65.
651 3697 716 3752 Ει
736 3697 961 3754 omnino
989 3715 1019 3753 a
1045 3713 1132 3754 me
1161 3698 1465 3754 discedent.

2202 3701 2290 3758 65.
2321 3703 2430 3757 Καὶ
2462 3703 3160 3776 παντελῶςριιοστήσουσιν
3193 3703 3270 3777 (9)
3294 3701 3388 3758 ἀπ’
3416 3703 3573 3774 ἐμοῦ.

529 3789 619 3845 64.
649 3788 824 3854 Quem
846 3789 993 3844 enim
1015 3789 1202 3860 diligo,
1234 3789 1452 3861 corrigo
1476 3797 1532 3844 et
1561 3789 1792 3861 castigo.

2203 3794 2292 3849 64.
2327 3797 2423 3850 Ὃν
2452 3795 2559 3868 γάρ
2579 3796 2803 3864 ἀγαπῶ,
2844 3797 3053 3868 ἐλέγχω
3078 3798 3170 3851 καὶ
3203 3796 3465 3852 παιδεύω.

530 3883 620 3938 65.
652 3883 893 3955 Flagello
926 3893 1105 3940 autem
1154 3885 1209 3938 in
1249 3883 1564 3940 inﬁrmitate
1589 3893 1644 3940 et
1668 3881 2034 3951 tribulatione.

2207 3888 2294 3942 65.
2329 3887 2590 3952 Μαστίζω
2633 3888 2690 3941 δὲ
2747 3890 2806 3941 ὲν
2859 3889 3141 3962 ἀρρωστίᾳ
3175 3891 3270 3944 και
3316 3889 3516 3958 θλίψει,
3545 3871 3710 3943 πάντά

461 3979 679 4030 omnem
715 3975 889 4030 tilium
922 3985 1249 4046 exspectans
1279 3977 1346 4032 ad
1380 3977 1786 4048 paenitentiam.

1567 3977 1786 4033 entiam.
2137 3979 2249 4033 υἱὸν
2279 3981 2360 4044 είς
2387 3980 2671 4050 μετάνοιαν
2699 3979 3148 4051 ἀπεκδεχόμενος.

543 4068 623 4125 66.
657 4068 941 4142 Castigans
969 4079 1151 4127 autem
1177 4085 1274 4127 eos
1297 4086 1407 4127 non
1435 4071 1600 4126 morti
1627 4073 1860 4127 tradam.

2210 4073 2298 4128 66.
2341 4071 2616 4128 Παιδεύων
2647 4074 2704 4127 δὲ
2732 4073 2928 4137 αὐτοὺς
2946 4073 3007 4126 οὐ
3033 4074 3108 4145 μὴ
3141 4072 3453 4128 θανατώσω.

538 4161 625 4216 67.
654 4159 841 4233 Neque
881 4164 1170 4235 projiciam
1204 4179 1300 4222 eos
1320 4173 1697 4222 convertentes
1734 4166 1870 4221 sein
1901 4179 2038 4236 prae-

2209 4162 2298 4219 67.
2343 4161 2476 4216 Οὐδὲ
2519 4163 2592 4234 μὴ
2634 4162 2712 4234 (5)
2742 4161 3032 4234 ἀπορρίψω
3057 4160 3254 4225 αὐτοὺς
3292 4165 3708 4235 ἐπιπρέσοντας

472 4254 646 4324 ceptis
671 4256 831 4311 meis.

2138 4256 2196 4310 ἐν
2217 4258 2327 4320 τοῖς
2349 4254 2731 4328 προστάγμασί
2763 4272 2884 4326 μου.

537 4347 628 4403 68.
662 4346 850 4418 Neque
874 4348 1098 4404 omnino
1131 4333 1661 4408 exterminabuutur.

2208 4347 2296 4402 68.
2325 4347 2460 4402 Οὐδὲ
2503 4348 2578 4420 μὴ
2609 4348 2826 4410 τελείως
2859 4349 2939 4411 εἰς
2976 4348 3284 4420 ἀφανισμον
3305 4350 3519 4404 ἔσονται
3549 4351 3637 4421 (4).

535 4438 624 4496 69.
657 4438 724 4494 Ει
755 4441 1164 4519 auﬁpromitto
1183 4458 1292 4498 non
1323 4443 1580 4499 destituo.

2208 4440 2295 4495 69.
2355 4441 2465 4494 Kal.
2521 4439 2664 4511 ἅπερ
2715 4439 3135 4512 ὲπαγγείλομαι,
3185 4442 3247 4495 ού
3303 4443 3379 4514 μὴ
3431 4442 3710 4496 παοεκλεί-

2142 4550 2228 4588 πω
2253 4532 2351 4605 (5).

537 4618 625 4676 70.
688 4619 870 4679 Semel
915 4621 1175 4679 constitui
1220 4622 1276 4676 in
1305 4622 1417 4678 ﬁlio
1453 4639 1603 4695 ~meo
1659 4623 1869 4691 David,
1927 4639 2034 4681 non

2210 4625 2299 4681 70.
2323 4624 2507 4690 Ἃπαξ
2556 4624 2729 4698 ὥρισα
2773 4625 2834 4679 ὲν
2872 4622 2953 4698 τῷ
3003 4625 3107 4698 υἱῷ
3144 4644 3243 4698 μου
3277 4627 3354 4696 τῷ
3414 4628 3596 4693 Δαϐὶδ,
3654 4628 3707 4682 οὐ

466 4713 719 4770 mentiar.

2058 4763 2112 4792 ἢ
2139 4719 2426 4792 ψεύσομαι.

541 4763 869 4864 area...
2058 4763 2113 4830 D

2058 4763 2113 4830 ι)
2142 4763 2441 4828 νων-’1,

2209 4813 2298 4868 71.
2324 4813 2388 4866 Οἱ
2415 4829 2558 4883 αγιοι
2595 4811 2691 4884 (6).

537 4900 630 4956 72.
662 4899 910 4971 Regnum
938 4900 1181 4972 ipsorum
1207 4901 1504 4974 eﬂ‘ulg‘ebit.

2213 4905 2301 4959 72.
2345 4905 2409 4957 'H
2443 4904 2684 4974 βασιλεία
2705 4903 2885 4960 αὐτῶν
2908 4905 2985 4978 (7)
3007 4906 3289 4978 ἐκλάμψει.

534 4989 625 5050 75.
661 4992 925 5048 Similiter
953 5009 1179 5064 regnum
1205 4995 1374 5066 ipsius
1401 4992 1688 5049 fundatum
1716 5002 1821 5049 est.
2031 5063 2034 5066 γ

2031 5063 2034 5066 ,
2216 4995 2305 5052 75.
2338 4986 2784 5067 Τεθεμελιωμένη
2817 4995 3017 5067 ὁμοίως
3049 5000 3082 5069 ἡ
3113 4997 3354 5069 βασιλεία
3377 4997 3560 5058 αὐτοῦ.

536 5085 628 5143 74.
657 5083 773 5140 Hoc
805 5084 1003 5141 dicitur
1027 5063 1109 5142 Vde
1132 5063 1312 5155 Patre,
1349 5097 1404 5143 et
1441 5087 1510 5143 de
1539 5085 1702 5154 Filio,
1733 5093 1788 5142 et
1818 5086 1883 5141 de
1914 5063 2038 5154 Spié

2213 5087 2301 5142 74.
2327 5063 2556 5155 Λέγεται
2614 5063 2783 5140 τοῦτο-
2820 5063 2912 5141 ἐπὶ
2952 5089 3031 5161 (8)
3070 5063 3171 5143 τοῦ
3203 5091 3435 5162 Πατρδς,
3484 5092 3578 5146 καὶ
3625 5091 3711 5145 τοῦ

464 5179 576 5234 ritu
623 5186 852 5256 sapcto:
887 5179 954 5235 de
1003 5177 1164 5237 Patre
1217 5181 1475 5252 quidem,
1524 5181 1782 5254 quoniam
1828 5195 1859 5235 e
1896 5179 2036 5234 caelo

2145 5177 2300 5242 Υίοῦ,
2323 5179 2417 5231 καὶ
2443 5178 2536 5231 τοῦ
2569 5179 2724 5247 ἁγίου
2754 5179 3089 5251 Πνεύματος·
3115 5181 3206 5234 ἐπὶ
3237 5182 3336 5252 μὲν
3362 5183 3458 5236 τοῦ
3485 5184 3709 5256 Πατρὺς,

470 5271 639 5326 dixit:
669 5238 773 5325 δίο
805 5279 883 5326 est
912 5270 1086 5328 Filius
1111 5238 1253 5330 meus
1281 5274 1500 5332 dilectus
1514 5238 1572 5332 τις
1599 5276 1664 5331 dc
1695 5273 1833 5331 Filio
1855 5281 2036 5328 autem

2144 5269 2330 5340 ἐπειδὴ
2388 5269 2498 5323 ἀπὸ
2545 5238 2654 5323 τῶν
2705 5238 2950 5342 οὐρανῶν
2992 5266 3164 5326 εἶπεν·
3227 5238 3417 5342 ὸῦτός
3470 5238 3639 5331 ἑστιί*

550 5367 575 5402 ⁷
597 5367 767 5402 “alii:
816 5375 904 5402 ’νυ

597 5365 791 5424 Matth.
813 5375 971 5440 jxvu,
1001 5370 1056 5426 5.

1417 5441 1730 5506 Addenda
1770 5440 1832 5504 et
1865 5438 2242 5518 corrigenda
2273 5455 2354 5499 ex
2386 5436 2526 5499 cod.
2562 5437 2764 5500 Vatic.

563 5538 616 5616 1)
646 5539 955 5616 Εαθήματά
981 5560 1101 5616 μου.
2323 5538 2782 5616 Ἐπαγγέλλομαι,
2827 5543 2886 5595 ού
2915 5561 2986 5613 μη
3016 5545 3354 5616 παραλείπω.

651 5607 822 5681 Παντῖ
843 5607 1170 5672 ἀποσῖτῶσιν,
2221 5607 2297 5681 (6)
2323 5607 2604 5681 Τουτέστιν
2632 5607 2680 5662 οἱ
2708 5611 2868 5678 ἆγιοι.

541 5677 620 5754 ἐξ)
652 5679 772 5754 925’
798 5681 859 5732 οὺ
881 5685 956 5754 μή
1442 5728 1499 5754 ..ί
2223 5677 2300 5754 (A77)
2336 5680 2525 5754 50305.

541 5677 620 5817 (3)
652 5679 772 5730 Οὐδ’
798 5681 859 5732 οὺ
881 5685 956 5754 μή
1442 5728 1500 5761 in

541 5745 598 5817 (4
655 5747 949 5808 Ἔστωσαν.
1592 5770 1594 5772 '
1664 5814 1666 5816 τ

1442 5728 1500 5761 ῃ
2223 5677 2300 5751 (7)
2336 5680 2525 5732 Αὑτοῦ.
2758 5677 2764 5678 ί

1592 5770 1594 5772 τ
1664 5814 1666 5816 γ
2215 5752 2291 5824 (8)
2335 5751 2501 5806 Τοῦτο
2525 5753 2618 5806 καὶ
2645 5751 2759 5822 ἐπὶ,
2797 5761 2897 5808 εις·
3010 5803 3023 5820 .
