4004 6212
350 230 479 289 i055
1139 230 1228 288 DE
1272 231 1545 289 TlTULlS
1582 230 2033 288 PSALMORUM.
2071 262 2137 272 —
2177 231 2377 288 PSAL.
2416 232 2746 290 LXXXVIII.
3431 236 3571 301 I038

409 349 493 404 75.
518 349 589 403 Σὺ
621 348 677 402 δὲ
708 347 910 403 ἀπώσω
937 351 1031 403 καὶ
1052 349 1441 417 ’ὲξουδὲνωσας,
1928 359 1976 412 Α

1928 359 1976 412 Α
2072 351 2160 406 75.
2195 349 2278 405 Tu
2305 364 2435 405 vero
2462 350 2709 420 repulisti
2737 359 2791 406 et
2822 350 3141 421 despexisti,

409 438 493 492 76.
538 437 821 491 Ἀνεϐάλου
847 438 940 491 τὸν
975 438 1211 510 Χριστόν
1249 456 1343 492 σου
1363 479 1377 502 ,

2083 439 2169 494 76.
2200 437 2469 496 Distulisti
2499 438 2779 495 Christum
2808 448 2984 503 tuum,

405 529 491 586 7'1.
525 527 908 599 Κατέστρεψας
926 528 1024 600 τὴν
1051 528 1315 601 διαθήκην
1339 529 1431 583 τοῦ
1461 528 1646 582 δούλου
1683 542 1795 581 σου·

1608 546 1646 581 μυ
1683 542 1795 581 σου·
2082 531 2168 584 77.
2200 528 2455 586 Evertisti
2491 537 2871 586 testamentum
2898 532 3040 586 servi
3072 531 3149 586 tui
3176 549 3189 585 :

407 620 492 678 78.
535 622 908 691 Ἐὄεὸήλωσας
935 625 1015 686 είς
1056 623 1154 693 τὴν
1183 623 1287 693 γῆν
1318 623 1378 676 τὸ
1409 624 1656 694 ἁγίασμα
1682 622 1868 676 αὑτοῦ.

1755 622 1868 676 τοῦ.
2082 620 2171 675 78.
2205 620 2513 677 Profanasti
2547 622 2601 676 in
2632 630 2776 678 terra
2804 622 3175 679 sanctuarium
3200 624 3336 694 ejus.

407 715 492 771 79.
521 713 781 777 Καθεῖλες
811 713 1017 779 πάντας
1045 715 1172 779 τοὺς
1195 715 1479 787 φραγμοὺς
1508 714 1694 768 αὐτοῦ·

1524 714 1694 768 ιύτοῢο
2084 712 2170 768 79.
2201 711 2526 770 Destruxisti
2561 728 2752 770 omnes
2773 730 2929 786 sepes
2954 716 3105 786 ejus:

403 807 489 862 80.
522 806 680 859 Ἔθου
703 806 769 860 τὰ
799 805 1129 877 ὀχυρώματα
1168 806 1332 860 αὐτοῦ
1365 807 1588 862 δειλίαν.

2078 805 2167 862 80.
2200 805 2441 863 Posuisti
2463 805 2865 863 ﬁrmamentum
2897 808 3019 880 ejus
3049 807 3412 867 formidinem.

405 899 491 953 81.
515 898 819 969 Διήρπαζον
839 897 998 950 αὐτὸν
1026 898 1224 962 πάντες
1247 900 1296 952 οί
1316 898 1642 962 διοδεύοντες
1671 898 1789 952 ὁδόν
1806 897 1904 967 (a)'

2081 896 2170 951 81.
2200 896 2546 968 Diripuerunt
2574 912 2698 952 eum
2729 913 2923 954 omnes
2953 905 3299 955 transeuntes
3328 901 3501 954 viam:
3558 932 3564 939 κ

407 989 493 1045 82.
537 988 795 1059 Ἐγενήθη
825 988 1021 1052 ὄνειδος
1046 992 1157 1053 τοῖς
1183 989 1416 1059 γείτοσιν
1440 990 1625 1044 αὐτοῦ.

2081 988 2171 1043 82.
2198 988 2400 1045 Factus
2427 1000 2511 1045 est
2539 990 2888 1061 opprobrium
2920 990 3117 1047 vicinis
3140 993 3275 1048 suis.

405 1079 494 1135 85.
529 1079 788 1149 ’Υψωσας
817 1079 914 1151 τὴν
944 1078 1119 1144 δεξιὰν
1138 1080 1245 1135 τῶν
1270 1080 1557 1136 θλιὸόντων
1584 1082 1765 1136 αὐτόν’

2079 1081 2168 1135 85.
2203 1079 2464 1136 Exaltasti
2499 1071 2774 1137 dexteram
2799 1082 3218 1152 deprimentium
3236 1099 3395 1139 eum:

412 1168 498 1223 84.
525 1167 816 1240 Εὔφρανας
840 1168 1046 1232 πάντας
1072 1170 1198 1233 τοὺς
1226 1169 1451 1242 ἐχθροὺς
1480 1168 1668 1224 αὐτοῦ.

1601 1168 1668 1223 ὤ.
2082 1171 2171 1225 84.
2202 1169 2511 1227 Laetiﬁcasti
2544 1187 2737 1228 omnes
2759 1172 3010 1228 inimicos
3042 1172 3182 1243 ejus.

408 1260 495 1315 85.
559 1260 930 1331 Ἀπέστρεψας
995 1258 1095 1330 τὴν
1155 1259 1406 1333 βοήθειαν
1469 1261 1569 1332 τῆς
1635 1261 1909 1331 ῥομφαίας

1635 1261 1909 1331 ῥομφαίας
2079 1263 2169 1320 85.
2206 1264 2461 1319 Avertisti
2493 1263 2817 1334 adjutorium
2846 1263 3009 1336 gladii
3035 1264 3155 1334 ejus
3182 1280 3197 1319 :

344 1352 500 1406 αὐτοῦ
520 1369 535 1382 ’

409 1443 493 1498 86.
518 1443 625 1497 Kal.
652 1444 752 1497 οὐκ
773 1443 1067 1498 ἀντελάὸου
1093 1443 1259 1501 αὑτοῦ
1302 1447 1360 1499 ἐν
1391 1444 1469 1515 τῷ
1502 1445 1741 1514 πολέμῳ.

1569 1445 1741 1514 ιλέμῳ.
2080 1442 2168 1497 86.
2201 1441 2268 1497 Ει
2293 1456 2399 1497 non
2421 1457 2480 1499 es
2502 1442 2795 1500 auxiliatos
2825 1443 2876 1497 ei
2907 1443 2961 1497 in
2985 1443 3150 1499 bello.

405 1535 495 1590 87.
526 1536 844 1601 Κατέλυσας
894 1537 1002 1591 ἀπὸ
1047 1536 1388 1610 καθαρισμοῦ
1420 1535 1587 1590 αὐτοῦ
1615 1552 1627 1565 ⁸

1615 1552 1627 1565 υ
2078 1535 2169 1591 87.
2201 1534 2525 1591 Destruxisti
2556 1536 2624 1591 ab
2649 1536 3036 1591 emundatione
3057 1551 3191 1592 sua:

409 1625 494 1681 88.
526 1628 627 1681 Τὸν
658 1627 844 1701 θρόνον
876 1629 1040 1683 αὐτοῦ
1068 1631 1148 1694 είς
1169 1630 1267 1701 τὴν
1297 1630 1402 1700 γῆν
1432 1627 1797 1700 κατέῤῥαξας.

1594 1627 1797 1699 φαξας.
2081 1626 2170 1681 88.
2202 1627 2268 1682 Ει
2296 1629 2475 1683 sedem
2508 1629 2627 1697 ejus
2660 1628 2712 1683 in
2740 1637 2882 1683 terra
2910 1629 3175 1685 collisisti.

400 1723 492 1780 89.
535 1723 898 1796 Ἐσμίκρυνας
926 1724 1026 1788 τὰς
1055 1725 1267 1798 ἡμέρας
1307 1722 1398 1778 τοῦ
1432 1723 1623 1794 χρόνου
1668 1720 1829 1775 αὐτοῦ
1852 1739 1863 1750 ·
1940 1702 1979 1756 Β

1507 1723 1623 1777 όνου
1668 1720 1863 1775 αὑτοῦ·
1940 1702 1979 1756 Β
2079 1719 2168 1775 89.
2193 1718 2474 1777 Minorasti
2501 1721 2618 1775 dies
2647 1721 2908 1790 temporis
2932 1721 3088 1791 ejus:

408 1814 493 1871 90.
525 1815 806 1887 Κατὲχεας
836 1815 1000 1870 αὑτοῦ
1033 1814 1224 1888 [αὐτῷ]
1266 1815 1550 1888 αἰσχύνην.

1421 1818 1550 1888 ὸνην.
2075 1812 2163 1867 90.
2188 1811 2482 1868 Pcrfudisti
2507 1828 2631 1868 eum
2663 1812 3002 1867 confusione.

967 1906 1299 1977 Διάψαλμα.

2638 1903 2969 1973 Diapsalma.

367 2049 373 2057 ,
407 1995 494 2052 9i.
524 1997 669 2062 Ἕως
692 1998 842 2060 πότε,
874 1998 1066 2072 Κύριε,
1104 1999 1422 2072 ἀποστρέφῃ
1453 2000 1533 2062 είς
1560 1999 1746 2062 τέλος;

2079 1996 2166 2052 9i.
2203 1995 2517 2066 Usquequo,
2542 1994 2793 2062 Domine,
2820 1997 3022 2052 avertis
3055 1997 3110 2051 in
3145 1996 3345 2052 tinem!

408 2090 498 2145 92.
540 2091 970 2164 Ἐκκαυθήσεται
1005 2092 1079 2154 ὼς
1112 2091 1223 2163 πῦρ
1251 2093 1284 2162 ἡ
1308 2092 1445 2163 ὀργή
1478 2109 1609 2158 σου;

1594 2110 1609 2158 ;
2077 2090 2167 2144 92.
2197 2088 2528 2145 Exardescet
2556 2088 2698 2144 sicut
2729 2089 2870 2159 ignis
2902 2089 2983 2147 ira
3016 2090 3153 2144 tua?

404 2183 493 2239 95.
517 2183 804 2255 Μνήσθητι
835 2184 922 2247 τίς
956 2201 1058 2254 μου
1094 2186 1126 2255 ή
1151 2184 1449 2248 ὑπόστασις
1470 2201 1484 2215 ·

2089 2180 2178 2236 93.
2214 2178 2515 2235 Memorare
2542 2194 2665 2262 quae
2697 2194 2815 2246 mea
2847 2180 3149 2235 substantia
3175 2198 3189 2234 :

408 2320 480 2394 (α)
513 2323 575 2376 Οί
605 2323 1104 2394 παραπορευόμενοι
1139 2323 1238 2397 τὴν
1276 2322 1414 2377 ὀδόν.
1449 2322 1519 2375 At
1548 2320 1602 2375 in
1625 2335 1819 2389 marg.,
1850 2319 1900 2372 οί
1936 2318 1985 2372 δι

840 2323 1104 2394 οευόμενοι
1139 2323 1238 2397 τὴν
1276 2322 1414 2377 ὀδόν.
1449 2322 1519 2375 At
1548 2320 1602 2375 in
1625 2335 1819 2389 marg.,
1850 2319 1900 2372 οί
1936 2316 2258 2381 διοδεύοντες
2285 2316 2421 2370 ὁδόν.

1483 2436 1763 2492 ATHANA
1772 2437 1853 2491 Sll
1890 2432 2466 2491 INTEBPRETATIO.

346 2554 475 2621 Πός
495 2571 614 2625 μου
667 2556 970 2627 ἀγαπητός
996 2558 1095 2630 (1)⁹
1139 2561 1267 2632 περὶ
1312 2561 1368 2615 δὲ
1397 2559 1491 2614 τοῦ
1525 2559 1678 2624 Υίοῦ,
1728 2559 1914 2631 ἐπειδὴ

2014 2558 2139 2628 quia
2211 2572 2408 2629 passus
2471 2565 2554 2612 est
2621 2557 2678 2611 in
2742 2564 2919 2622 terra;
2994 2554 3064 2610 de
3135 2564 3324 2612 sancto
3397 2568 3577 2611 autem

337 2646 597 2700 πέπονθεν
624 2648 718 2700 ἐπὶ
756 2649 852 2719 τῆς
883 2651 1004 2721 γῆς·
1035 2651 1163 2722 περὶ
1191 2652 1247 2705 δὲ
1281 2652 1374 2704 τοῦ
1394 2652 1548 2721 ἁγίου
1578 2649 1913 2720 Πνεῦματος,

2016 2648 2254 2720 Spiritu,
2310 2649 2437 2719 quia
2499 2648 2868 2703 testimonium
2938 2647 3213 2718 perhibuit
3282 2648 3350 2703 de
3416 2647 3574 2715 FillO,

334 2737 520 2809 ἐπειδὴ
542 2736 891 2811 ἐμαρτύρησε
917 2740 1045 2812 περὶ
1107 2739 1201 2793 τοῦ
1244 2739 1397 2803 Υίοῦ,
1426 2740 1607 2805 καθὼς
1652 2742 1680 2793 ὁ
1713 2739 1915 2810 Κύριος

2014 2737 2468 2810 quemadmodum
2517 2736 2784 2793 Dominus
2812 2738 2988 2792 dixit:
3016 2736 3145 2792 Cum
3186 2747 3359 2793 autem
3386 2752 3577 2793 venerit

335 2822 517 2882 εἶπεν·
548 2829 736 2883 Ὅταν
775 2829 842 2884 δὲ
865 2830 1012 2900 ἔλθῃ
1070 2835 1102 2885 ό
1134 2830 1524 2900 Παράκλητος
1559 2831 1623 2885 τὸ
1673 2830 1916 2900 Πνεῦμα

2015 2830 2330 2885 Paracletus
2355 2828 2587 2901 Spiritus
2617 2831 2876 2897 veritatis,
2904 2829 2994 2885 ille
3025 2831 3379 2886 testimonium
3403 2832 3578 2901 perhi-

336 2918 444 2988 τῆς
466 2920 768 2987 ἀληθείας,
798 2923 1027 2990 ἐκεῖνος
1050 2922 1414 2994 μαρτυρήσει
1449 2924 1579 2993 περὶ
1605 2921 1769 2993 ἐμοῦ.

840 2923 1027 2990 κεῖνος
1050 2922 1414 2994 μαρτυρήσει
1449 2924 1579 2993 περὶ
1605 2921 1769 2993 ἐμοῦ.
1940 2961 1983 3018 c
2016 2923 2151 2980 bebit
2180 2925 2245 2979 de
2277 2925 2421 2993 me”.

402 3008 491 3062 75.
541 3011 614 3063 Σὺ
645 3010 724 3073 δὲ,
771 3013 800 3064 ὁ
851 3010 979 3076 λαὸς
1036 3012 1144 3067 τῶν
1212 3013 1499 3077 Ἰουδαίων,
1552 3011 1780 3075 ἀπώσω,
1817 3013 1911 3066 καὶ
1946 3008 1983 3018 “

2085 3017 2173 3073 75.
2208 3016 2287 3072 Tu
2333 3028 2534 3083 autem,
2585 3018 2786 3088 populo
2839 3016 3172 3084 Iudaeorum,
3204 3018 3470 3088 repulisti,
3521 3026 3576 3073 et

332 3101 690 3167 ἑξουδένωσας
708 3104 801 3157 τὸν
828 3104 957 3158 Υίδν
978 3104 1071 3157 τοῦ
1104 3104 1239 3158 Θεοῦ
1271 3106 1361 3159 τὸν
1392 3105 1615 3175 βασιλέα
1651 3122 1766 3157 σου.

1481 3105 1615 3159 τιλέα
1651 3122 1766 3157 σου.
2012 3106 2303 3179 despexisti
2331 3108 2525 3164 Filium
2549 3109 2644 3165 Dei
2675 3125 2856 3180 regem
2884 3118 3062 3165 tuum.

399 3188 489 3243 76.
513 3190 616 3243 Τὸν
637 3191 870 3263 Χριστὸν
900 3192 1086 3262 ἕτερον
1120 3195 1249 3265 παρ’
1267 3195 1429 3247 αὐτὸν
1450 3182 1905 3264 ’ἀπεκδεχόμενοᾳ

1850 3211 1905 3257 ις.
2085 3197 2170 3254 76.
2199 3199 2379 3254 Alium
2403 3198 2681 3256 Christum
2714 3208 2910 3270 praeter
2934 3214 3058 3255 eum
3093 3209 3431 3270 exspectans.

402 3281 491 3336 77.
523 3282 629 3336 Τοῦ
659 3282 788 3338 λαοῦ
814 3284 924 3339 τῶν
968 3284 1256 3340 Ἰουδαίων.

1166 3304 1256 3340 ων.
2076 3289 2165 3345 77.
2200 3289 2389 3362 Populi
2417 3290 2747 3348 Judaeorum.

401 3370 490 3426 78.
539 3373 780 3442 Ἀφείλου
814 3374 890 3445 (2)
942 3376 1042 3447 τὴν
1070 3377 1228 3448 χάριν
1261 3395 1352 3431 σου
1377 3377 1485 3432 ἀπὸ
1508 3377 1602 3431 τοῦ
1626 3377 1905 3449 ἁγιάσμα-

2086 3382 2172 3437 78.
2201 3383 2487 3440 Ahstulisti
2517 3385 2747 3454 gratiam
2778 3393 2925 3439 tuam
2958 3401 2986 3440 a
3017 3388 3328 3443 sanctuario
3363 3402 3575 3443 eorum.

326 3478 422 3527 ως
446 3464 645 3517 αὐτῶν.

400 3554 492 3609 79.
529 3556 755 3621 Ἔλαϐες
782 3557 879 3629 τὴν
913 3558 1162 3630 βοήθειάν
1188 3577 1279 3613 σου
1313 3562 1407 3614 ἀπ’
1433 3561 1637 3616 αὐτῶν.

2081 3562 2170 3618 79.
2202 3562 2488 3618 Abstulisti
2513 3563 2844 3634 adjutorium
2869 3574 3020 3621 tuum
3046 3568 3114 3622 ab
3139 3567 3288 3639 ipsis.

398 3646 488 3701 80.
515 3646 588 3700 Τδ
610 3646 807 3719 θράσος
838 3650 1016 3704 αὐτῶν
1036 3649 1115 3722 (5)
1142 3653 1433 3723 μετέδαλες
1466 3656 1545 3717 είς
1574 3652 1795 3708 δειλίαν.

2084 3654 2173 3709 80.
2200 3646 2495 3711 Audaciam
2538 3670 2727 3711 eorum
2769 3659 3081 3714 convertisti
3128 3660 3181 3714 in
3208 3659 3573 3720 formidinem.

399 3736 489 3792 8L
536 3739 993 3811 ᾘχμαλώτευσαν
1024 3744 1222 3809 αὐτοὺς
1242 3746 1312 3799 τὰ
1335 3746 1484 3818 ἑθνη.

2114 3746 2167 3799 1.
2198 3746 2254 3799 In
2294 3745 2662 3815 captivitatem
2689 3746 3032 3803 abduxerunt
3057 3764 3154 3804 eos
3188 3757 3395 3820 gentes.

394 3826 488 3882 82.
521 3829 615 3893 El;
651 3830 894 3886 δουλείαν
919 3833 1175 3903 γεγόνασι
1203 3837 1317 3899 τοῖς
1351 3835 1526 3890 ἔθνεσι
1563 3836 1661 3909 (4).

1629 3839 1661 3905 ).
2080 3835 2168 3890 82.
2202 3834 2259 3890 ln
2283 3836 2595 3891 servitutem
2623 3836 2748 3892 facti
2776 3845 2904 3892 sunt
2939 3838 3210 3911 gentibus.

394 3920 489 3976 83.
514 3924 1017 3997 Κατακυριεύεσθαι
1050 3927 1244 3991 αὐτοὺς
1270 3926 1653 4000 συνεχώρησας
1676 3928 1780 3983 ὑπὸ
1800 3929 1911 3983 τῶν

2078 3928 2167 3983 8'5.
2201 3927 2502 3983 Permisisti
2538 3934 2600 3982 ut
2637 3928 2887 3986 homines
2916 3930 2972 3985 in
3014 3945 3110 3987 eos
3138 3930 3573 3991 dominarentur.

318 4010 427 4067 ἀνθ
436 4012 660 4085 ρώπων.

396 4104 488 4161 84.
520 4107 723 4173 Εῖασας
748 4111 945 4175 αὐτοὺς
979 4110 1300 4183 σαλευθῆναι
1331 4112 1409 4182 (3)
1441 4112 1533 4166 ὑπ’
1557 4112 1759 4168 αὐτῶν.

1396 4112 1409 4181 )
1441 4112 1533 4166 ὑπ’
1557 4112 1759 4168 αὐτῶν.
2078 4104 2167 4162 84.
2200 4104 2387 4161 Sivisti
2414 4121 2508 4163 eos
2537 4108 2606 4163 ab
2636 4108 2765 4179 ipsis
2785 4109 2977 4181 jactari

392 4196 488 4252 85.
528 4199 831 4274 ’Δνίσχυροι
853 4203 1158 4273 γεγόνασιν.

1144 4246 1158 4258 ,
2079 4195 2171 4251 85.
2194 4194 2398 4251 Inﬁrmi
2423 4194 2553 4251 facti
2575 4207 2721 4253 sunt.

394 4287 490 4343 86.
517 4288 780 4360 Πρόνοιαν
811 4292 989 4346 αὐτῶν
1022 4294 1120 4346 οὐκ
1148 4293 1229 4346 ἑτι
1253 4295 1493 4364 ἐποιήσω
1525 4293 1621 4365 (6).
1932 4298 1975 4356 1]

1932 4298 1981 4356 ι)
2078 4284 2169 4341 86.
2203 4284 2323 4341 Non
2353 4287 2587 4357 amplius
2619 4304 2805 4345 curam
2829 4291 2895 4347 de
2916 4292 3023 4349 illis
3048 4294 3281 4365 gessisti.

392 4379 490 4435 87.
516 4380 626 4452 Τὴν
661 4384 960 4455 περιτομὴν
998 4384 1205 4439 ἑαυτῶν
1232 4385 1522 4454 κατέλεγεν
1553 4386 1654 4457 (7).

2082 4373 2172 4429 87.
2203 4372 2407 4429 Eorum
2434 4376 2904 4436 circumcisionem
2930 4383 3251 4453 reprobasti.

393 4470 487 4527 88.
514 4472 624 4545 Τὴν
647 4473 802 4538 δόξαν
824 4474 1002 4530 αὐτῶν
1027 4476 1119 4530 καὶ
1138 4477 1237 4548 τὴν
1262 4477 1643 4548 ὑπερηφανίαν
1668 4480 1750 4542 είς
1773 4495 1905 4533 σπο-

2077 4466 2170 4523 88.
2198 4465 2437 4523 Gloriam
2465 4483 2656 4526 eorum
2682 4481 2736 4528 et
2763 4475 3074 4545 superbiam
3100 4477 3153 4532 in
3178 4478 3453 4548 pulverem
3480 4483 3574 4538 de—

314 4563 415 4619 δὸν
442 4566 773 4636 κατήγαγες.

645 4583 773 4634 ιγες.
2005 4560 2226 4617 duxisti.

392 4652 487 4709 89.
518 4655 631 4725 Τῆς
667 4656 884 4711 αἰωνίου
918 4659 1062 4730 ζωῆς
1084 4660 1482 4733 ἐστερήθησαν.

1394 4677 1482 4715 αν.
2073 4651 2163 4709 89.
2197 4652 2425 4709 ,λΕιθιΊιει
2454 4655 2569 4710 νίαι
2599 4655 2798 4725 privati
2827 4665 2972 4712 sunt.

394 4744 488 4802 90.
513 4749 623 4801 Kal.
643 4751 700 4801 ὲν
731 4749 807 4821 τῷ
830 4750 944 4814 νῦν,
978 4752 1072 4805 καὶ
1096 4755 1153 4806 ὲν
1182 4752 1259 4824 τῷ
1289 4753 1534 4824 μέλλοντι
1573 4753 1751 4807 αἰῶνι.

1666 4756 1751 4807 ινι,
2076 4743 2166 4800 90.
2192 4745 2261 4800 Et
2286 4747 2339 4803 in
2375 4749 2627 4818 prasenti
2657 4756 2712 4804 et
2738 4748 2791 4802 in
2822 4748 3006 4805 futuro
3033 4753 3247 4809 stmulo.

390 4837 487 4892 91.
529 4839 588 4891 '0
621 4842 903 4913 προφήτης
924 4842 1100 4897 δέεται
1131 4844 1272 4916 ὑπὲρ
1315 4843 1498 4899 αὐτῶν
1525 4861 1538 4873 ·
1574 4845 1677 4899 Διὰ
1713 4844 1771 4898 τί
1805 4860 1899 4898 τε·

2076 4836 2166 4891 91.
2193 4835 2465 4909 Propheta
2497 4855 2598 4910 pro
2629 4841 2762 4911 ipsis
2804 4842 3164 4912 deprecatur:
3194 4844 3371 4910 Quare
3389 4861 3571 4914 perpo-

304 4927 507 4994 ⁸λείως
526 4929 876 5001 ἀποστρέφῃ
899 4935 1121 5000 αὐτούς
1142 4949 1163 4998 ;

952 4935 1163 5000 ὑτούς;
2006 4937 2095 4984 tuo
2122 4934 2374 4987 averseris
2401 4949 2488 4986 eos
2507 4934 2533 4987 ?

395 5014 493 5070 92.
542 5016 659 5072 Ἐπ’
683 5018 879 5084 αὐτοὺς
911 5022 969 5074 ὲν
992 5024 1058 5094 τῇ
1083 5025 1357 5098 παρουσίᾳ
1382 5043 1478 5080 σου

1400 5043 1478 5080 που
2076 5020 2165 5076 92.
2198 5019 2371 5092 Super
2397 5035 2492 5078 eos
2522 5022 2577 5076 in
2603 5023 2836 5077 adventu
2870 5031 2981 5078 tuo.

390 5104 490 5160 93.
518 5106 732 5178 Ὅτιγῆ
756 5110 849 5163 καὶ
872 5111 1064 5176 σποδός
1091 5115 1226 5184 ειμι.
1574 5130 1584 5141 '

1574 5130 1584 5141 ο
2074 5112 2164 5167 93.
2199 5111 2354 5180 Quod
2381 5123 2527 5169 terra
2558 5123 2614 5169 et
2644 5115 2822 5184 pulvis
2847 5131 2987 5171 sum.

404 5219 433 5252 ⁸
461 5217 620 5276 Joan.
652 5237 744 5288 xv,
774 5221 869 5278 26.

1287 5318 1597 5382 Addenda
1628 5326 1690 5382 et
1723 5318 2104 5399 corrigenda
2128 5337 2208 5381 ex
2239 5321 2379 5382 cod.
2419 5320 2619 5384 Vatic.

382 5408 476 5492 (1
594 5412 895 5492 ἀζαπητός.
2075 5421 2153 5492 (5)
2186 5419 2566 5492 Σκυλευθῆναι.

384 5480 476 5574 $22
508 5480 819 5574 ’ἑερῑῖὶεςὶ
2080 5480 2158 5574 l9)
2189 5492 2426 5574 ξιριισωο

523 5552 822 5636 Τέλθάρσος
851 5555 1035 5636 βὺτέὖι
2182 5552 2368 5617 Αὐτῶν
2389 5560 2685 5615 κατέλυσαν

388 5619 481 5691 (4)
523 5619 772 5679 Ἔθνεσιν
807 5624 994 5681 αὐτοῦ.

650 5715 924 5779 Patron.
950 5717 1068 5779 (in.
1105 5715 1365 5779 XXVII.
1996 5802 2025 5806 μ’
2343 5806 2347 5810 ι
2377 5796 2427 5806 ⁸,
2506 5801 2536 5808 ἡ
3203 5711 3284 5776 33

2506 5801 2536 5808 νο
