4004 6212
483 285 623 339 1056
1319 289 1376 344 S.
1417 287 1787 345 ATIIANASII
1829 289 1976 344 OPP.
2018 289 2064 344 Ρη

2130 289 2198 345 \S
2239 291 2322 346 Ill.
2361 321 2431 332 -—
2470 293 2879 352 EXEGETICA.
3576 307 3711 362 1035

551 405 636 460 94.
672 404 921 476 Nunquid
945 412 1091 464 enim
1112 424 1244 464 vane
1287 411 1621 466 constituisti
1654 427 1844 466 omnes
1891 412 2039 467 ﬁlios
2075 417 2118 472 Α

2211 414 2300 468 94.
2335 415 2428 483 Μὴ
2465 416 2572 487 γὰρ
2617 419 2860 487 ματαίως
2897 419 3116 483 ἔκτισας
3155 422 3358 485 πάντας
3398 423 3527 486 τοὺς
3558 426 3709 490 υἱοῦ,

482 496 810 551 hominum?

2148 509 2253 560 τῶν
2282 507 2581 578 ἀνθρώπων
2602 527 2615 575 ;

554 587 642 641 95.
673 585 804 652 Quis
851 597 932 642 eSt
985 588 1148 642 homo
1188 590 1280 658 qui
1333 591 1516 656 vivet,
1567 601 1622 645 et
1681 606 1789 645 non
1841 591 2046 646 videbit

2217 600 2304 652 95.
2340 601 2436 662 Τίς
2467 603 2613 654 ἐστιν
2647 601 2949 674 ἄνθρωπος,
2983 603 3041 666 ὃς
3067 602 3311 673 ζήσεται,
3347 607 3439 659 καὶ
3467 605 3568 660 οὐκ
3591 606 3716 678 ὅψομ-

482 677 750 731 mortem?

2145 706 2233 742 ται
2255 690 2480 742 θάνατον
2497 707 2511 756 ;

551 764 638 820 96.
671 765 833 820 Eruet
851 767 1084 821 animam
1117 782 1271 822 suam
1293 767 1360 823 de
1387 784 1548 822 manu
1581 767 1762 822 iul'cri.

2213 781 2302 835 96.
2344 781 2595 836 Ῥύσεται
2623 783 2723 854 τὴν
2748 784 2926 857 ψυχὴν
2951 786 3114 839 αὐτοῦ
3144 788 3208 838 ἐκ
3243 785 3420 856 χειρὸς
3444 785 3591 857 ᾅδου.

552 855 640 911 97.
675 855 772 910 Ubi
826 867 953 911 sunt
1005 859 1398 915 miser’cordim
1453 869 1558 914 tum
1611 860 1881 928 antiquae,
1937 856 2043 910 Do-

1948 856 2043 909 DO'
2211 872 2296 926 97.
2336 871 2444 924 Ποῦ
2471 875 2572 924 εἰσι
2601 873 2668 926 τὰ
2704 873 2826 944 ὲλέη
2850 855 2953 928 σου
2981 875 3048 928 τὰ
3076 876 3296 946 ἀρχαῖα,
3324 855 3529 946 Κύριε,

483 962 659 1009 mine,

550 1038 638 1090 98.
670 1037 815 1104 Quas
831 1038 1028 1108 jurasti
1055 1039 1222 1094 David
1255 1038 1309 1092 in
1337 1038 1566 1093 veritate
1595 1038 1726 1092 tua?

2207 1051 2294 1104 98.
2335 1053 2401 1105 Ἃ
2428 1051 2645 1123 ὤμοσας
2671 1055 2749 1124 τῷ
2772 1056 2933 1110 Δαόὶδ
2977 1058 3034 1110 ὲν
3065 1059 3130 1128 τῇ
3169 1057 3395 1128 ἀληθείᾳ
3425 1072 3555 1120 σονς

552 1125 640 1181 99.
675 1127 878 1183 Memor
931 1139 1048 1184 esto
1073 1170 1088 1194 ,
1138 1127 1388 1196 Domine,
1423 1127 1704 1198 opprobrii
1761 1140 2041 1182 servorum

2213 1139 2295 1196 99.
2325 1143 2628 1212 Μνήσθητι,
2670 1144 2841 1214 Κύριε
2867 1183 2882 1208 ,
2915 1145 3008 1198 τοῦ
3040 1125 3340 1212 ὀνειδισμοῦ
3368 1125 3475 1199 τῶν
3503 1143 3708 1198 δούλων

480 1227 721 1285 tuorum,
2143 1251 2257 1288 σου.

553 1307 674 1364 100.
705 1308 858 1376 Quod
885 1313 1128 1366 continui
1165 1313 1219 1366 in
1263 1313 1386 1368 sinu
1419 1325 1542 1366 meo
1583 1309 1874 1364 multarum
1907 1322 2041 1379 gen-

2210 1289 2327 1381 100.
2358 1321 2431 1382 Ub
2455 1327 2691 1398 ὑπέσχου
2723 1327 3002 1402 [ὑπέσχον]1
3031 1330 3088 1382 ἐν
3119 1329 3197 1399 τῷ
3234 1328 3418 1397 κόλπῳ
3443 1345 3544 1397 μου
3574 1326 3707 1378 πολ-

480 1407 638 1453 tium.

2139 1417 2245 1472 λῶν
2279 1417 2465 1473 ὲθνῶν.

550 1489 670 1543 101.
710 1487 863 1554 Quod
904 1488 1364 1558 exprobraverunt
1413 1489 1618 1544 inimici
1657 1488 1757 1556 tui,
1789 1487 2036 1551 Domine,

1836 1488 2036 1582 οηξξυξν
2177 1493 2188 1503 ’
2211 1507 2330 1561 101.
2367 1502 2440 1560 Οῦ
2467 1509 2745 1564 ὠνείδισαν
2777 1514 2824 1564 οἱ
2847 1511 3028 1582 ἐχθροί
3059 1529 3172 1576 σου,
3211 1511 3384 1582 Κύριε
3405 1554 3417 1578 ,

555 1580 678 1634 102.
706 1579 862 1646 Quod
887 1581 1349 1649 exprobraverunt
1373 1581 1853 1637 commutationem
1880 1579 2040 1634 Chri-

2210 1596 2331 1650 102.
2363 1592 2438 1651 Οῦ
2462 1599 2742 1653 ὠνειδιταν
2767 1601 2831 1652 τὸ
2845 1579 3192 1673 ἀντάλλαγμα
3211 1579 3561 1672 τοῦ-Χριστοῦ
3588 1616 3702 1654 σου.

479 1674 545 1727 sti
581 1673 682 1727 tui.

549 1764 669 1818 105.
699 1763 1019 1820 Benedictus
1045 1763 1308 1819 Dominus
1337 1764 1391 1818 in
1421 1775 1687 1820 aeternum
1715 1781 1731 1820 :
1763 1763 1874 1827 ﬁat,
1919 1763 2032 1816 liat.
2066 1762 2108 1817 B

2205 1749 2326 1803 105.
2360 1749 2660 1823 Εὐλογητὸς
2688 1751 2890 1822 Κύριος
2913 1753 2991 1817 εις
3016 1751 3107 1806 τὸν
3128 1751 3316 1806 αἰῶνα.
3350 1751 3580 1812 Γένοιτο,
3598 1749 3691 1820 γέ-

2144 1857 2302 1893 νοιτο.

569 1936 754 1991 Oratio
789 1937 960 2008 Moysi
990 1938 1218 1994 Iwminis
1241 1938 1362 1995 Dei.
1404 1937 1608 1996 PSAL.
1647 1934 1964 1991 LXXXIX.

2244 1932 2562 2003 Προσευχὴ
2597 1932 2822 2001 Μωῦσῇ
2851 1932 3162 2002 ἀνθρώπου
3195 1932 3269 2004 (a)
3291 1933 3396 1988 τοῦ
3429 1932 3576 1988 Θεοῦ

2727 2005 2957 2058 ΨΑΛΜ.
2987 2005 3116 2058 ΠΘ.

547 2105 598 2141 οι.
629 2085 882 2154 Domine,
919 2087 1185 2161 refugium
1227 2090 1402 2147 factus
1435 2106 1494 2147 es
1532 2088 1768 2145 nobisin
1807 2103 2034 2161 genera-

2212 2097 2263 2152 1.
2294 2099 2485 2171 Κύριε,
2512 2098 2802 2170 καταφυγὴ
2855 2098 3118 2171 ὲγενήθης
3149 2100 3279 2170 ἡμῖν
3317 2098 3375 2154 ὲν
3409 2096 3570 2155 νενεᾶ
3607 2099 3699 2153 καὶ

472 2177 621 2233 tione
653 2187 706 2233 et
733 2181 1096 2248 generatione.

737 2181 1096 2248 generatione.
2139 2192 2318 2261 γενεᾷ.

546 2308 620 2380 (α)
665 2275 958 2382 nivosam
989 2314 1044 2368 in
1076 2315 1160 2370 ed.

1585 2428 1958 2485 ATIIANASII
1998 2420 2583 2485 INTERPRETATIO.

542 2581 631 2635 9t.
678 2580 932 2652 Nunquid
961 2581 1134 2640 fecisti
1167 2585 1436 2653 homines,
1464 2594 1523 2642 ut
1560 2585 1862 2656 perderes?

2207 2584 2296 2640 94.
2329 2583 2422 2655 Μὴ
2451 2581 2562 2652 γὰρ
2587 2583 2679 2635 ἐπὶ
2707 2583 2766 2636 τὸ
2811 2555 3072 2638 ἀπολέσαι
3100 2585 3404 2656 πεποίηκας
3443 2587 3572 2651 τοὺς
3611 2589 3700 2641 ἀνα

2141 2674 2389 2739 θρώπους
2414 2691 2429 2739 ;

533 2765 620 2830 95,
645 2765 734 2820 96.
776 2765 911 2833 Quis
947 2767 1225 2822 hominum
1273 2777 1449 2838 potest
1486 2767 1690 2836 vivere,
1729 2776 1783 2822 et
1812 2781 1921 2822 non
1954 2767 2038 2822 vi-

2141 2691 2170 2728 υ
2211 2693 2356 2728 ωπου
2414 2691 2429 2739 ;

2179 2693 2297 2830 p95,
2320 2691 2408 2820 9;.
2441 2765 2535 2829 Τις
2558 2763 2778 2819 δύναται
2808 2766 2915 2818 τῶν
2944 2763 3242 2836 ἀνθρώπων
3270 2765 3468 2835 ζῆσαι,
3506 2769 3602 2820 καὶ
3628 2769 3697 2840 μὴ

469 2857 598 2912 dere
647 2858 922 2911 mortem?
964 2858 1031 2912 Et
1079 2859 1124 2914 si
1172 2859 1368 2914 viderit
1411 2868 1660 2922 mortem,
1692 2860 1816 2927 quis
1860 2867 2037 2927 potest

2141 2861 2267 2914 ἰδεῖν
2295 2858 2556 2926 θάνατον;
2586 2859 2695 2912 Καὶ
2721 2858 2815 2912 ἐὰν
2859 2859 2943 2932 ἴδῃ
2976 2857 3226 2926 Θάνατον,
3250 2857 3332 2922 τις
3363 2859 3583 2913 δύναται
3608 2862 3697 2930 ῥύ-

468 2961 662 3001 eruere
689 2948 927 3002 animam
957 2963 1134 3014 suam,
1160 2950 1266 3003 nisi
1292 2959 1350 3003 tu
1378 2949 1548 3013 solus,
1571 2949 1665 3018 qui
1690 2957 1908 3017 propter
1938 2961 2038 3001 nos

2138 2951 2334 3006 σασθαι
2365 2952 2464 3022 τὴν
2486 2950 2676 3004 ἑαυτοῦ
2697 2951 2901 3023 ψυχὴν,
2933 2953 2981 3003 εἰ
3023 2949 3097 3021 μὴ
3143 2949 3206 3003 σὺ
3253 2950 3330 3021 (1)
3365 2951 3524 3022 μόνος
3571 2955 3599 3004 ὁ
3637 2953 3697 3004 δι’

473 3035 634 3090 homo
657 3035 832 3092 factus
853 3039 955 3092 es?
984 3035 1194 3091 Etenim
1224 3052 1332 3091 non
1359 3037 1532 3093 solum
1564 3051 1622 3092 se
1648 3036 1826 3107 ipsum
1859 3036 2040 3090 susci-

2134 3045 2281 3113 ἡμᾶς
2309 3043 2598 3113 γενόμενος
2618 3041 2931 3113 ᾶνθρωπος;
2959 3041 3030 3094 Οὐ
3057 3041 3216 3110 μόνον
3241 3042 3348 3112 γὰρ
3397 3045 3588 3097 ἑαυτὸν
3619 3047 3698 3098 ἁν-

471 3129 624 3191 tavit,
667 3129 763 3184 sed
796 3129 964 3186 multa
1015 3145 1236 3200 corpora
1289 3139 1634 3197 sanctorum,
1678 3131 1766 3198 qui
1818 3128 2042 3180 dormie—

2135 3132 2264 3203 ἐστη
2271 3150 2381 3197 σεν,
2394 3132 2528 3186 ἀλλὰ
2545 3131 2856 3187 καὶπολλὰ
2871 3131 3110 3200 σώματα
3132 3130 3247 3186 τῶν
3261 3135 3699 3202 κεκοιμημένων

471 3232 594 3275 rant
618 3224 659 3276 ’.

2136 3224 2320 3294 ἁγίων
2353 3222 2609 3292 ἤγειρεν.

538 3311 628 3374 97,
653 3309 740 3363 98.
774 3309 876 3366 Ubi
917 3317 1044 3364 sunt
1087 3307 1507 3374 misericordiae,
1555 3320 1694 3378 quas
1738 3303 2040 3376 promisisti

2206 3315 2294 3378 97,
2332 3312 2418 3368 98.
2457 3312 2564 3366 Ποῦ
2595 3314 2753 3378 εἰσιν,
2776 3312 2812 3367 ἆ
2837 3313 3145 3383 ὲπηγγείλω
3166 3313 3242 3385 τῷ
3267 3314 3380 3386 Υἱῷ
3410 3333 3504 3369 σου
3533 3319 3694 3370 ποιεῖν

470 3401 608 3455 Filio
639 3409 730 3455 tuo
757 3400 935 3456 facere
955 3415 1117 3469 super
1142 3399 1378 3454 omnes?

1072 3415 1117 3454 ιι·
1142 3399 1378 3454 omnes?
2061 3393 2102 3450 C
2135 3405 2228 3457 ἐπὶ
2259 3405 2464 3467 πάντας
2495 3403 2653 3476 ὲλέης

541 3491 628 3557 99,
665 3491 784 3544 100.
815 3489 1142 3556 Recordare,
1176 3488 1425 3554 Domine,
1449 3487 1593 3558 quod
1619 3484 1926 3557 opprobriis
1953 3481 2032 3538 af-

2199 3497 2287 3560 99,
2319 3496 2439 3552 100.
2466 3495 2742 3568 Μνήσθητι
2771 3536 2785 3560 ,
2818 3494 2988 3566 Κύριε
3009 3537 3024 3560 ,
3060 3496 3142 3548 ὅτι
3194 3497 3559 3568 ὀνειδιζόμεθα
3598 3500 3696 3552 ὑπὸ

471 3584 684 3639 [icimur
713 3584 781 3638 ab
811 3582 1138 3637 adversariis
1167 3581 1527 3653 potestatibus
1556 3579 1895 3635 dicentibus:
1930 3577 2032 3633 Ubi

2131 3589 2236 3643 τῶν
2270 3589 2526 3641 ἐναντίων
2557 3587 2836 3657 δυνάμεων
2870 3585 3132 3654 λεγόντων
3149 3604 3162 3617 ο
3182 3588 3290 3640 Ποῦ
3318 3589 3506 3642 εἰσινᾶ
3534 3593 3695 3660 ἐπηγ-

471 3684 617 3742 sunt,
653 3691 775 3745 qua:
800 3673 1048 3746 promisit
1071 3672 1214 3728 Deus
1239 3671 1524 3728 ostendere
1553 3672 1703 3744 genti
1730 3670 1943 3726 David?

1922 3671 1943 3726 ?
2127 3680 2341 3750 γείλατο
2359 3681 2388 3732 ὁ
2414 3679 2543 3742 Θεὸς
2569 3677 2873 3731 δείκνυσθαι
2903 3676 3043 3730 ἔθνει
3073 3678 3167 3731 τοῦ
3196 3679 3359 3732 Δαϐίδ
3385 3679 3461 3750 (2)
3488 3697 3503 3746 ;

541 3767 662 3821 101.
685 3765 877 3821 Judaei.

2158 3788 2160 3791 '
2201 3774 2324 3828 101.
2359 3775 2421 3826 Οἱ
2463 3772 2698 3828 Ἰουδαῖοι

541 3859 664 3914 102.
689 3858 916 3925 Quando
959 3857 1247 3913 conviciati
1293 3863 1421 3910 sunt
1463 3855 1600 3912 Filio
1625 3865 1740 3923 tuo,
1771 3857 1861 3928 qui
1886 3857 2033 3912 dedit

2209 3865 2330 3920 102.
2359 3866 2487 3919 Ὅτε
2517 3865 2796 3921 ὠνείδισαν
2847 3867 2938 3920 τὸν
2989 3869 3113 3922 Υἱόν
3153 3884 3245 3920 σου
3288 3869 3380 3921 τὸν
3437 3867 3694 3922 δεδωκότα

469 3967 530 4006 se
557 3950 734 4020 ipsum
780 3951 1261 4006 commutationem
1302 3964 1402 4018 pro
1431 3949 1633 4018 populo
1664 3959 1776 4015 tuo,
1809 3950 1902 4020 qui
1931 3964 2032 4004 un-

2135 3956 2325 4013 έαυτὸν
2349 3954 2618 4022 ἀντάλλαγ
2628 3973 2700 4008 ua
2716 3957 2854 4026 ὑπὲρ
2869 3956 2962 4010 τοῦ
2983 3957 3110 4010 λαοῦ
3137 3974 3229 4010 σου
3244 3957 3337 4010 τοῦ
3365 3958 3689 4028 χρισθέντος.

471 4051 589 4094 elus
622 4047 726 4096 est.

545 4131 662 4186 105.
693 4132 887 4200 Amen,
920 4148 1098 4189 amen.

2208 4129 2330 4185 105.
2370 4129 2560 4200 Ἀμὴν,
2599 4131 2764 4200 ἁμήν.

551 4245 615 4296 Ἦ
654 4245 982 4316 προκειμένη
1011 4245 1285 4318 ἐπιγραφὴ
1313 4243 1551 4314 περιέχει
1572 4241 1941 4310 ’.Προσευχὴ
1965 4238 2044 4306 τῷ
2063 4242 2307 4296 Μωῦσεῐ
2325 4241 2641 4311 ἀνθρώπου
2682 4242 2757 4313 (4)
2782 4243 2888 4296 τοῦ
2917 4243 3083 4298 Θεοῦ.
3113 4243 3258 4314 Αὕτη
3291 4239 3384 4296 οῦν
3434 4245 3694 4315 ἑρμηνεία

471 4337 724 4408 ὑπάρχει.
755 4340 1013 4409 Μωῦσῆς
1039 4339 1345 4407 ἀνάληψις
1369 4336 1748 4409 ἑρμηνεύεται.
1778 4337 1894 4399 Πᾶς
1923 4331 2015 4390 οὖν
2043 4337 2327 4408 ἄνθρωπος
2353 4337 2447 4390 τοῦ
2485 4337 2620 4390 Θεοῦ
2649 4338 3006 4409 προσεύχεται
3034 4339 3125 4391 τὸν
3169 4339 3528 4409 προκείμενον
3560 4340 3693 4409 ψαλ-

475 4432 572 4499 μὸν
598 4434 664 4502 τῇ
685 4432 967 4502 ἀναλήψει,
996 4434 1240 4486 τουτέστι
1277 4432 1356 4502 τῷ
1404 4430 1516 4500 Υἱῷ
1563 4429 1660 4483 τοῦ
1701 4429 1856 4484 Θεοῦ.
1887 4431 1960 4482 Οὐ
1995 4431 2103 4501 γὰρ
2135 4427 2275 4496 εἶπε,
2308 4431 2619 4500 προσευχὴ
2669 4431 2966 4498 Μωῢσέως
2996 4431 3096 4503 (5),
3152 4432 3286 4486 ἀλλά
3332 4431 3412 4497 τῷ
3468 4434 3699 4488 Μωῦσεῑ

470 4525 667 4578 ὡσανεὶ
692 4527 757 4596 τῇ
785 4526 1043 4597 ἀναλήψει
1065 4526 1353 4598 [τουτέστι]
1378 4525 1453 4595 τῷ
1480 4525 1592 4594 Υἱῷ
1612 4523 1705 4576 τοῦ
1728 4523 1884 4588 Θεοῦ,
1917 4521 2096 4586 καθὼς
2135 4524 2213 4595 (6)
2247 4525 2609 4596 προείπαμεν,
2631 4527 2712 4578 ὅτι
2731 4525 2958 4588 ἕκαστος
2988 4525 3097 4578 τῶν
3118 4525 3210 4578 τοῦ
3241 4525 3376 4578 Θεοῦ
3397 4525 3694 4596 ἀνθρώπων

469 4613 642 4680 οὕτως
665 4619 1044 4688 προσεύχεται,
1077 4618 1257 4681 καθὼς
1281 4620 1310 4672 ὁ
1350 4618 1562 4688 ψαλμὸς
1588 4616 1854 4686 περιέχει.

543 4729 754 4787 Titulus
784 4735 1106 4803 praepositus
1128 4735 1405 4788 continet:
1439 4732 1624 4787 Oratio
1653 4731 1826 4802 Moysi
1851 4731 2076 4785 hominis
2107 4731 2226 4786 Dei.
2258 4732 2386 4788 Haec
2437 4733 2598 4803 igitur
2640 4722 3010 4804 interpretatio
3047 4742 3147 4788 est.
3180 4731 3385 4802 Moyses
3409 4735 3694 4802 assumptio

469 4829 878 4897 interpretatur.
911 4829 1098 4885 Omnis
1124 4830 1285 4900 igitur
1310 4829 1473 4883 homo
1502 4827 1596 4883 Dei
1623 4837 1744 4882 orat
1777 4828 2084 4898 appositum
2115 4827 2383 4896 psalmum
2435 4828 2818 4898 assumptioni,
2846 4828 2946 4882 hoc
2978 4836 3058 4882 est
3093 4825 3231 4880 Filio
3259 4824 3374 4880 Dei.
3406 4825 3526 4880 Non
3555 4827 3691 4880 enim

469 4921 628 4985 dixit,
655 4920 825 4973 oratio
847 4917 1071 4987 Moysis,
1099 4920 1192 4974 sed
1228 4917 1422 4989 Moysi,
1451 4917 1676 4988 perinde
1703 4931 1767 4972 ac
1795 4918 1841 4972 si
1869 4917 2103 4972 dixisset
2130 4919 2510 4988 assumptioui,
2543 4920 2645 4972 hoc
2664 4927 2746 4972 est
2764 4917 2900 4971 Filio
2931 4917 3043 4984 Dei,
3080 4917 3220 4972 sicut
3249 4927 3409 4972 antea
3436 4917 3689 4982 diximus,

467 5017 617 5086 quod
649 5014 1025 5085 unusquisque
1053 5016 1212 5069 homo
1245 5014 1336 5069 Dei
1363 5014 1435 5068 ita
1464 5023 1583 5068 orat
1617 5012 2075 5084 quemadmodum
2113 5013 2358 5082 psalmus
2386 5013 2648 5068 continet:

537 5110 588 5161 1.
611 5107 708 5184 ,ᾼο
736 5107 889 5173 Abel,
913 5114 966 5162 et
1002 5107 1056 5160 in
1085 5107 1310 5177 singulis
1345 5107 1801 5178 generationibus.

2195 5105 2244 5158 1.
2296 5105 2427 5157 Ἀπὸ
2456 5105 2640 5170 Ἅϐελ,
2672 5107 2766 5159 καὶ
2801 5105 2878 5176 (7)
2901 5104 3022 5158 καθ’
3050 5105 3283 5173 ἑκάστην
3314 5100 3528 5170 γενεάν.

538 5225 558 5254 ο
587 5219 775 5273 Matth.
813 5236 982 5283 xxvu,
1013 5219 1099 5274 52.

1421 5312 1729 5374 Addenda
1758 5318 1819 5373 et
1847 5311 2219 5390 corrigenda
2273 5327 2349 5371 ex
2387 5311 2528 5372 cod.
2558 5311 2759 5377 Vatic.

649 5456 710 5526 Εἰ
748 5456 821 5526 μὴ
856 5458 1021 5526 μόνος
1055 5456 1140 5520 σύ,
1175 5466 1278 5510 etc.
1338 5525 1341 5526 7
1499 5525 1516 5526 77
2058 5459 2103 5513 D

1247 5472 1278 5510 :.
1338 5525 1341 5526 7
1499 5525 1516 5526 77
2058 5459 2103 5513 D
2129 5454 2372 5526 Μωῢσεῐ
2388 5455 2692 5526 ἀνθρώπῳ,
2727 5464 2828 5511 etc.

542 5523 619 5595 (ἓ)
647 5523 1094 5595 [Αναδείᾷινυσθαι
1121 5526 1247 5595 ἔθνη
1269 5525 1360 5578 τοῦ
1386 5525 1518 5578 Θεοῦ
1548 5543 1561 5590 ;
2209 5525 2282 5594 (5)
2315 5525 2418 5577 Τοῦ
2449 5527 2746 5595 Μωῡσέως.

543 5592 617 5665 (5)
645 5591 877 5665 Deestot
929 5595 1207 5649 Ἰουδαῖοι.
1237 5591 1247 5595 ⁷
2001 5664 2005 5665 7
2207 5591 2282 5665 (6)
2321 5594 2602 5665 Ἀναλήψει
2624 5613 2675 5653 τ.
2716 5596 2781 5654 Υ.
2814 5613 2864 5652 τ.
2889 5594 2948 5648 Θ.
2975 5594 3134 5658 καθά,
3163 5602 3268 5649 ctc.

543 5599 617 5659 (ὅ)
645 5599 798 5646 Deest
825 5599 877 5647 ot
929 5599 1207 5649 Ἰουδαῖοι.

542 5659 618 5731 (4)
657 5661 719 5711 'H
743 5663 829 5716 διὰ
862 5665 958 5734 τῆς
989 5666 1354 5737 κινναϐάρεως
1381 5666 1621 5736 περιέχει
1643 5683 1655 5697 ο
1709 5664 2025 5734 Προσευχή

1038 5599 1207 5649 δαῖοι.
2228 5599 2282 5662 6)
2321 5599 2602 5665 Ἀναλήψει

1038 5666 1354 5737 ,νναὸάρεως
1381 5666 1621 5736 περιέχει
1643 5683 1655 5697 ο
1709 5664 2025 5734 Προσευχή
2207 5599 2284 5736 ΣἹ)
2315 5665 2424 5718 Καί
2457 5667 2619 5721 deest.
