4004 6212
325 261 460 316 1057
1191 258 1281 312 DE
1320 255 1593 312 TITULIS
1629 256 2077 313 PSALMOBUM.
2103 288 2171 299 —-
2193 256 2388 314 PSAL.
2432 256 2718 312 LXXXIX.
3425 261 3562 317 i038

397 377 450 430 2.
479 375 592 446 Πρὸ
612 375 704 427 τοῦ
730 375 830 446 ὅρη
855 373 1168 447 γενηθῆναι,
1194 375 1291 428 καὶ
1313 374 1615 445 πλασθῆναι
1641 373 1738 446 τὴν
1766 376 1888 445 γῆν,
1920 389 1960 448 Α

2066 374 2121 428 9.
2153 372 2478 445 Priusquam
2506 385 2716 430 montes
2739 374 2950 440 tierent,
2977 381 3030 428 et
3059 372 3388 430 formaretur
3420 373 3563 432 terra

320 466 416 520 καὶ
450 466 551 537 τὴν
580 465 927 537 οἰκουμένην,

666 483 730 518 ,ου
738 465 927 537 μένην,
1999 476 2052 522 et
2081 466 2247 530 orbis.

391 558 446 612 5.
475 558 582 611 Καὶ
613 557 719 611 ἀπὸ
748 555 840 612 τοῦ
871 555 1065 621 αἰῶνος
1096 556 1192 611 καὶ
1223 557 1329 621 ἕως
1355 554 1449 610 τοῦ
1481 556 1675 620 αἰῶνος
1705 557 1766 608 σὺ
1795 551 1864 608 εἴ.

1818 551 1864 608 νῖ.
2066 561 2119 615 5.
2159 559 2224 612 Et
2254 573 2284 614 a
2315 557 2535 622 saeculo,
2570 565 2624 614 et
2652 572 2828 628 usque
2854 557 2908 611 in
2935 556 3193 612 saeculum
3233 567 3290 612 tu
3321 569 3399 612 es.

389 647 446 701 4.
473 647 564 718 Μὴ
607 646 956 719 ἀποστρέψῃς
983 647 1269 719 ἄνθρωπον
1299 649 1378 710 είς
1408 646 1733 701 ταπείνωσιν
1753 663 1766 676 ο

1716 664 1733 699 ν
1753 663 1766 676 ’
2068 651 2119 705 4.
2155 648 2233 705 Ne
2266 659 2480 705 avertas
2508 651 2783 704 hominem
2817 649 2871 704 in
2901 648 3297 702 humilitatem:

393 739 446 793 5.
481 739 592 792 Καὶ
621 733 779 803 εἶπας
802 755 816 768 ⁸
863 739 1277 811 Ἐπιστρέψατε,
1308 740 1413 792 υἱοὶ
1429 739 1536 792 τῶν
1566 738 1888 812 ἀνθρώπων.

1780 757 1888 793 ιων.
2066 743 2117 797 5.
2153 742 2215 796 Et
2239 741 2422 797 dixisti
2449 760 2462 796 :
2489 739 2901 805 Convertimini,
2933 740 3026 793 lilii
3061 739 3361 793 hominum.

402 832 454 885 6.
486 831 608 884 Ὅτι
631 830 775 901 χίλια
807 829 901 901 ἔτη
924 832 982 885 ὲν
1007 831 1301 902 ὀφθαλμοῖς
1342 849 1460 898 σου,
1499 832 1692 902 Κύριε,
1723 832 1797 897 ὡς
1815 833 1891 902 (ιι)

2063 834 2116 887 6.
2151 833 2415 901 Quoniam
2449 834 2596 888 mille
2617 834 2742 888 anni
2765 840 2890 887 ante
2919 830 3118 885 oculos
3141 837 3284 894 tuos,
3309 828 3561 888 Domine,

315 921 524 994 ἡμέραν
1993 939 2249 999 tanquam
2277 929 2396 984 dies
2429 926 2714 1001 [tanquam
2743 928 2798 980 in
2829 923 3035 995 nocte],

387 1013 439 1067 7.
483 1014 547 1066 Ἦ
575 1012 748 1085 ἐχθὲς,
773 1013 892 1084 ἥτις
917 1013 1121 1086 διῆλθε,
1155 1015 1250 1069 καὶ
1279 1015 1495 1089 φυλακὴ
1521 1017 1578 1070 ἐν
1607 1015 1782 1084 νυκτὶ,

2068 1019 2119 1073 7.
2153 1019 2278 1074 Dies
2309 1019 2584 1086 hesterna,
2618 1031 2739 1090 quae
2773 1015 3067 1087 fpraateriit,
3101 1020 3160 1068 et
3201 1011 3456 1070 custodia
3504 1013 3559 1068 in

1994 1119 2177 1174 nocte,

387 1191 440 1246 8.
472 1191 552 1244 Τὰ
577 1191 982 1264 ὲξουδενώματα
1015 1195 1192 1251 αὐτῶν
1218 1195 1312 1268 ἐτη
1347 1195 1583 1251 ἔσονται.

2059 1202 2114 1257 8.
2146 1201 2278 1268 Quae
2310 1214 2407 1269 pro
2439 1197 2612 1252 nihilo
2633 1195 2903 1251 habentur
2932 1210 3122 1253 eorum
3146 1195 3276 1252 anui
3303 1206 3485 1252 erunt.

389 1285 441 1341 9.
476 1284 548 1337 Τὸ
577 1285 720 1355 πρωὶ
748 1285 881 1338 ὡσεὶ
914 1287 1042 1360 χλόη
1075 1288 1368 1360 παρέλθον

2062 1295 2112 1350 9.
2146 1293 2300 1348 Mane
2322 1292 2464 1349 sicut
2488 1291 2655 1345 herba
2679 1297 2923 1346 transeat
2948 1309 2962 1345 :

389 1375 476 1429 10.
509 1375 580 1428 Τὸ
605 1377 748 1449 πρωὶ
774 1378 1025 1448 ἀνθῆσαι,
1058 1381 1152 1433 καὶ
1192 1380 1450 1451 παρέλθοι
1468 1399 1482 1413 ο

1368 1380 1482 1434 θοι·
2065 1385 2146 1440 10.
2179 1384 2335 1440 Mane
2363 1383 2552 1439 ﬂoreat
2579 1392 2633 1438 et
2665 1389 2949 1438 transeat:

388 1465 476 1519 11.
508 1467 580 1518 Τὸ
601 1467 836 1540 ἑσπέρας
864 1470 1148 1537 ἀποπέσοι,
1174 1471 1554 1544 σκληρυνθείη,
1580 1473 1672 1525 καὶ
1689 1471 1888 1544 ξηραν-

1654 1471 1888 1544 ὶξηραν-
2059 1478 2146 1531 11.
2173 1475 2409 1547 Vespere
2429 1471 2661 1538 decidat,
2695 1471 2910 1527 indurct
2929 1479 2983 1527 et
3003 1479 3235 1527 arescat.

315 1557 456 1633 θείη.

386 1650 475 1706 12.
510 1651 630 1705 Ὅτι
668 1651 985 1724 ὲξελίπομεν
1014 1655 1072 1707 ὲν
1092 1657 1157 1726 τῇ
1190 1656 1324 1726 ὀργῇ
1360 1671 1450 1707 σου
1473 1670 1487 1684 '

1440 1670 1487 1705 δ’
2060 1654 2146 1710 12.
2181 1653 2322 1720 Quia
2354 1650 2661 1708 defecimus
2688 1650 2744 1705 in
2780 1651 2861 1704 ira
2887 1659 2978 1704 tua
3010 1669 3021 1703 :

389 1742 475 1796 15.
508 1743 619 1797 Καὶ
651 1744 708 1796 ἐν
738 1743 816 1814 τῷ
842 1744 998 1816 θυμῷ
1022 1763 1115 1799 σου
1151 1746 1552 1819 ἐταράχθημεν.
1923 1757 1967 1812 Β

1543 1787 1552 1800 .
1923 1757 1967 1812 Β
2062 1747 2149 1800 15.
2191 1746 2256 1799 Et
2278 1745 2330 1802 in
2354 1742 2538 1798 furore
2562 1753 2656 1797 tuo
2679 1741 2881 1797 turbati
2912 1756 3124 1796 sumus.

385 1832 472 1886 M.
496 1834 657 1887 Ἐθου
674 1834 772 1899 τὰς
787 1837 1012 1908 ἀνομίας
1028 1837 1181 1909 ἡμῶν
1209 1839 1450 1893 ἐναντίον
1466 1838 1741 1912 [ἐνώπιόν]
1769 1856 1884 1894 σουο

2065 1838 2153 1893 14.
2183 1834 2422 1892 Posuisti
2449 1835 2760 1906 iniquitates
2788 1842 3005 1889 nostras
3035 1833 3092 1888 in
3113 1843 3403 1905 conspectu
3431 1839 3555 1890 tuo:

388 1926 477 1982 15.
523 1929 582 1981 Ὁ
611 1928 744 2004 αἰὼν
763 1929 920 2000 ἡμῶν
940 1931 1020 1994 εἰς
1042 1929 1319 2001 φωτισμὸν
1345 1929 1438 1984 τοῦ
1458 1931 1747 2004 προσώπου
1768 1948 1884 1988 σου.

2060 1956 2064 1960 ·
2098 1931 2153 1985 5.
2180 1926 2452 1988 Seculum
2471 1943 2716 1991 nostrum
2742 1935 2797 1989 in
2820 1934 3219 1992 illuminatione
3241 1935 3425 1992 vultus
3456 1934 3559 1992 tui.

381 2130 462 2200 (a)
492 2128 644 2186 Vers.
690 2158 734 2186 ι.
773 2131 885 2196 Ὧς,
915 2143 1045 2195 etc.,
1077 2130 1252 2188 νυκτί.

1440 2330 1822 2388 ATHANASH
1863 2283 2444 2393 INTERPRETATIO.

387 2531 442 2596 2,
479 2531 528 2586 5.
555 2531 629 2602 (1)
663 2531 751 2594 Ὠς
775 2529 883 2603 γὰρ
904 2531 1070 2595 ἀΐδιος
1093 2532 1220 2595 Θεὸς
1243 2531 1459 2587 πάντων
1489 2534 1882 2606 προῦπάρχων,

2060 2535 2118 2602 2,
2145 2536 2197 2590 5.
2232 2533 2366 2590 Nam
2421 2536 2564 2592 sicut
2601 2535 2747 2594 Deus
2779 2545 3014 2595 azternus
3047 2551 3171 2596 ante
3202 2554 3381 2596 omnia
3415 2542 3559 2598 exsi-

309 2623 389 2687 ὠς
435 2623 653 2677 πάντων
687 2622 1044 2695 Δημιουργὺς,
1098 2622 1220 2676 οὔτε
1254 2623 1427 2695 ἀρχὴν
1455 2625 1678 2696 ἡμερῶν
1711 2624 1884 2694 ἔχετο,

1993 2628 2176 2685 stens,
2223 2629 2285 2674 ut
2327 2620 2572 2674 omnium
2612 2621 2862 2687 Creator,
2907 2638 3083 2693 neque
3129 2622 3318 2679 habuit
3345 2625 3556 2681 dierum

313 2714 440 2770 οὕτε
473 2716 618 2786 ζωῆς
650 2716 820 2780 τέλος.
1849 2787 1851 2789 ι

1849 2787 1851 2789 ι
1996 2710 2344 2784 principium,
2376 2727 2551 2782 neque
2590 2712 2808 2768 habebit
2837 2713 2960 2767 vitae
2989 2713 3172 2771 linem.

383 2808 438 2862 4.
469 2807 558 2879 Μὴ
583 2806 756 2872 οὕτως
785 2809 951 2882 ἐάσῃς
975 2811 1121 2880 ἡμᾶς
1159 2809 1216 2860 ὲν
1239 2808 1536 2880 ἁμαρτίαις
1572 2811 1731 2874 ὄντας
1756 2811 1889 2864 ἀπο-

2065 2807 2119 2863 4.
2145 2804 2224 2861 Ne
2250 2806 2324 2861 ita
2353 2806 2505 2862 sinas
2533 2821 2633 2862 nos
2664 2808 2718 2862 in
2748 2808 2984 2877 peccatis
3011 2808 3337 2864 exsistentes
3362 2809 3553 2865 reverti

314 2901 544 2972 στρέψαι
583 2902 662 2964 είς
690 2903 815 2972 γῆν,
841 2900 900 2965 ἐξ
928 2896 995 2972 ἧς
1027 2899 1363 2972 ὲλήφθημεν.

1918 2931 1960 2989 C
1994 2900 2050 2955 in
2077 2907 2297 2966 terram,
2323 2914 2392 2955 ex
2415 2915 2523 2969 qua
2547 2901 2750 2971 sumpti
2779 2916 2991 2956 sumus.

386 2993 440 3047 5.
473 2994 584 3048 Καὶ
635 2990 813 3058 εἶπας
855 2997 938 3047 Οὐ
979 2995 1284 3064 ,ϐούλομαι
1333 2996 1440 3050 τὸν
1484 2995 1741 3050 θάνατον
1785 2993 1891 3047 τοῦ

2068 2992 2120 3046 5.
2150 2991 2218 3046 Et
2245 2992 2431 3047 dixisti
2464 3010 2478 3046 :
2511 2991 2652 3046 Nolo
2678 3002 2899 3047 mortem
2927 2993 3238 3062 peccatoris,
3275 2993 3366 3048 sed
3390 3009 3555 3064 magis

311 3085 684 3155 ἁμαρτωλοί),
720 3087 800 3153 ὡς
832 3087 895 3141 τὸ
927 3087 1304 3158 ἐπιστρέψαι,
1335 3089 1432 3144 καὶ
1464 3087 1571 3157 ζῇν
1598 3085 1804 3154 αὐτόν.

1176 3097 1304 3158 yrat,
1335 3089 1432 3144 καὶ
1464 3087 1571 3157 ζῇν
1598 3085 1804 3154 αὐτόν.
1994 3092 2052 3138 ut
2085 3094 2419 3139 convertatur
2445 3093 2494 3138 et
2523 3085 2660 3138 vivat
2693 3086 2757 3141 ¹⁰.

386 3177 439 3233 6.
481 3179 546 3232 Ἦ
568 3179 750 3250 ἡμέρα
773 3179 870 3250 τῆς
897 3181 1148 3251 κρίσεως.

938 3181 1148 3251 ρίσεως.
2063 3177 2118 3231 6.
2151 3176 2278 3233 Dies
2295 3177 2511 3248 judicii,

385 3272 440 3325 7.
486 3272 574 3334 Ὠς
603 3273 636 3342 ἡ
669 3271 1014 3344 παρελθοῦσα
1053 3273 1256 3345 ἡμέρα,
1291 3273 1462 3336 οὓτως
1501 3273 1770 3343 διερχεται
1795 3270 1892 3324 καὶ

2063 3271 2115 3323 7.
2156 3268 2310 3326 Sicut
2346 3269 2484 3334 dies,
2516 3285 2640 3340 quae
2691 3268 2972 3339 praeteriit,
3008 3269 3082 3325 ita
3125 3269 3320 3325 transit
3359 3277 3414 3324 et
3441 3269 3558 3324 dies

318 3365 353 3433 ἡ
389 3362 572 3435 ἡμέρα
600 3364 698 3434 τῆς
732 3363 992 3434 κρίσεωςο
1033 3365 1126 3417 καὶ
1159 3363 1347 3438 ὥσπερ
1394 3367 1450 3418 ὲν
1499 3363 1654 3416 νυκτὶ
1683 3362 1759 3434 (2)
1793 3379 1892 3431 φυ-

1988 3360 2179 3432 judicii
2205 3379 2220 3415 :
2249 3369 2302 3416 et
2353 3361 2813 3431 quemadmodum
2859 3362 2915 3416 in
2960 3370 3119 3417 nocte
3156 3361 3402 3417 custodia
3453 3372 3556 3425 est,

311 3456 454 3525 λακή
487 3458 654 3520 ἐστιν,
683 3455 852 3519 οὕτως
880 3457 973 3510 καὶ
997 3455 1136 3527 μετά
1165 3456 1261 3528 τὴν
1291 3457 1502 3528 ἡμέραν
1527 3456 1626 3526 τῆς
1652 3454 1887 3526 κρίσεως

1994 3455 2068 3510 ita
2112 3462 2166 3510 et
2218 3444 2340 3524 post
2387 3454 2530 3509 diem
2578 3453 2768 3525 judioii
2803 3455 3069 3511 securitas
3101 3455 3224 3520 erit,
3250 3465 3304 3511 et
3348 3463 3561 3510 aeterna

314 3547 584 3616 ἀσφάλεια
608 3546 810 3613 ἔσεται,
851 3549 1063 3620 καὶτῆς
1091 3547 1306 3602 αἰωνίου
1329 3547 1494 3618 ζωῆς,
1528 3547 1734 3616 καὶτῆς
1761 3547 1890 3598 αἰω-

1131 3547 1306 3602 ίωνίου
1329 3547 1494 3618 ζωῆς,
1528 3547 1734 3616 καὶτῆς
1761 3547 1890 3598 αίω-
1992 3549 2115 3603 vitae
2142 3556 2196 3602 et
2220 3541 2412 3604 aeterni
2441 3547 2712 3618 supplicii.

315 3637 430 3690 νίου
469 3637 762 3703 κολάσεως.

388 3729 441 3784 8.
476 3732 540 3784 Αἱ
560 3731 807 3796 κολάσεις
825 3733 1022 3799 αὐτῶν,
1077 3735 1136 3788 ἐν
1195 3729 1284 3797 αῖς
1337 3730 1696 3804 ἀναρίθμητοι
1744 3731 1893 3786 ἔσον-

2065 3720 2119 3776 8.
2148 3719 2423 3791 Supplicia
2457 3734 2672 3783 eorum,
2705 3719 2760 3774 in
2784 3719 2985 3790 quibus
3017 3719 3135 3776 sine
3163 3720 3273 3773 ulla
3299 3721 3559 3789 tempori;

313 3839 408 3875 ται
437 3822 541 3895 (δ).

1995 3827 2248 3868 mensura
2271 3811 2684 3882 permanebunt.

390 3914 445 3969 3.
487 3916 553 3968 Ἦ
585 3919 848 3990 νηπιότης
877 3919 953 3982 ὡς
993 3919 1120 3989 χλόη
1155 3919 1429 3992 παρέλθοι.

1997 3898 2000 3902 ’
2065 3902 2118 3958 9.
2151 3901 2382 3973 Infantia
2414 3898 2556 3957 sicut
2592 3901 2759 3956 herba
2785 3907 3049 3955 transeat.

392 4007 481 4062 10.
517 4009 626 4062 Καὶ
666 4011 826 4065 πάλιν
858 4011 1059 4076 εὐθέως
1089 3990 1406 4084 ήνηπιότης
1426 4013 1648 4084 ἀνθήσει
1669 4013 1749 4074 είς
1775 4009 1891 4064 νεό-

2068 3994 2151 4047 l0.
2180 3993 2247 4048 Et
2274 4008 2467 4049 rursus
2497 3992 2680 4048 statim
2710 3991 3075 4048 adolescentia
3101 3990 3372 4046 adolescet
3397 3990 3452 4045 in
3468 3991 3561 4062 ju-

313 4118 477 4173 τητα,
506 4101 600 4155 καὶ
629 4101 765 4173 αὐτὴ
790 4102 989 4173 ὁμοίως
1028 4081 1436 4174 παρελεύσεται.
1549 4081 1559 4084 ν

1993 4091 2290 4150 ventutem,
2323 4091 2377 4138 et
2407 4082 2528 4153 ipsa
2553 4082 2804 4138 similiter
2832 4081 3204 4150 pertransibit.

389 4195 476 4249 11.
515 4196 680 4249 Ὅταν
708 4195 765 4249 δὲ
790 4197 1028 4270 γηράσῃ,
1051 4197 1535 4268 συγκαμφθήσεται
1566 4198 1660 4251 καὶ
1706 4196 1892 4250 τελευ-

2067 4176 2153 4232 11.
2187 4175 2323 4232 Cum
2357 4184 2540 4232 autem
2582 4175 2824 4232 senuerit
2863 4174 3239 4231 incurvabitur
3265 4181 3320 4229 et
3359 4174 3559 4229 morie—

317 4287 495 4342 τήσει.
1926 4283 1970 4341 ι)
1998 4276 2106 4324 tur.

391 4304 495 4342 σει.
1926 4287 1932 4341 1

351 4287 482 4433 ήη.
518 4379 640 4432 Ὅτι
668 4379 1069 4452 ἡμαρτηκότων
1120 4377 1279 4452 ἡμῶν
1321 4379 1409 4434 διά
1457 4379 1558 4450 τῆς
1610 4383 1896 4452 παρακοῆς

1998 4287 2160 4418 mis.
2185 4361 2454 4430 Quoniam
2471 4357 2830 4432 peccantibus
2843 4357 3003 4414 nobis
3021 4373 3119 4429 per
3143 4357 3561 4415 inobedientiam

315 4470 618 4542 ὡργίσθης,
644 4471 738 4524 καὶ
765 4471 1110 4544 ἀπέστρεψας
1135 4474 1282 4544 ἡμᾶς
1310 4472 1408 4544 (4).

1180 4474 1282 4542 μᾶς
1310 4472 1408 4544 (4).
1998 4456 2170 4512 iratus
2202 4471 2278 4516 es.
2293 4465 2350 4510 et
2376 4453 2617 4510 avertisti
2642 4466 2761 4508 nos.

397 4563 481 4618 15.
520 4563 641 4617 Ὅτι
680 4552 1002 4634 ἐλήφθημε,
1035 4564 1126 4618 καὶ
1145 4563 1220 4636 (5)
1255 4563 1598 4635 θυμωθέντος
1629 4583 1722 4621 σου
1752 4568 1895 4637 ἀφα-

2066 4548 2156 4603 15.
2189 4546 2456 4616 Quoniam
2489 4544 2760 4617 reliquisti
2791 4559 2902 4612 me,
2927 4550 2982 4600 et
3006 4550 3346 4600 tetrascente
3384 4553 3563 4600 exter-

320 4655 512 4726 νισμδς
552 4654 870 4726 ἐγενόμεθα.

845 4674 870 4710 ι,
1995 4641 2187 4696 minati
2217 4654 2426 4695 sumus.

395 4748 484 4804 14.
530 4749 1037 4820 Ἀναγεγραμμέναι
1075 4750 1211 4804 εἰσὶν
1237 4748 1396 4821 ἡμῶν
1427 4749 1484 4804 αἱ
1529 4750 1748 4821 ἀνομίαι
1805 4754 1891 4806 ὲν-

2071 4733 2160 4788 14.
2196 4732 2490 4801 Descriptae
2531 4737 2660 4787 sunt
2679 4729 2998 4801 iniquitates
3030 4738 3232 4785 nostrae
3274 4743 3460 4785 coram
3486 4735 3561 4783 te.

321 4842 497 4895 ώπιόν
523 4858 643 4897 σου.
2029 4843 2032 4854 “

395 4935 484 4990 15.
528 4935 594 4988 Ἦ
621 4933 733 5004 ζωὴ
762 4933 917 5004 ἡμῶν
946 4933 1168 5004 γένηται
1200 4932 1610 5006 οπεφωτισμένη
1658 4935 1764 4989 διὰ·
1793 4937 1894 5006 τῆς

1698 4935 1764 4989 ιὰ·
1793 4937 1894 5006 τῆς
2073 4937 2162 4993 15;
2191 4937 2311 4992 Vita
2343 4946 2528 4992 nostra
2550 4935 2889 4993 illuminetur
2910 4936 3143 4992 adventu
3169 4943 3279 4991 tuo.

326 5029 629 5104 παρουσίας
660 5046 775 5083 σου.

382 5146 424 5176 '°
455 5143 652 5199 Ezech.
684 5158 883 5207 xxxnt,
919 5142 1003 5196 Η.

1278 5297 1598 5360 Addenda
1636 5305 1697 5360 et
1726 5295 2103 5378 corrigenda
2130 5313 2206 5357 ex
2237 5294 2377 5356 cod.
2411 5294 2614 5356 Vatic.

397 5463 476 5537 (1)
507 5466 577 5522 Ν.
601 5467 657 5521 2.
699 5467 964 5537 iugem,
993 5461 1386 5533 προῦπάρχεις,
1414 5468 1516 5515 etc.
1552 5461 1619 5514 N.
1664 5460 1718 5513 3.
1756 5459 1893 5514 Οὕτε

1376 5500 1386 5524 ,
1414 5468 1516 5515 etc.
1552 5461 1619 5514 N.
1664 5460 1718 5513 3.
1756 5459 1893 5514 Οὔτε
2302 5459 2768 5537 παραδοθησονται
2797 5460 2957 5530 ὰναρ.

327 5528 1101 5613 αρᾶὲᾷν-ἡμερῶνέκειςν.θέο·
1144 5600 1171 5613 -
1537 5602 1549 5613 .
1618 5599 1630 5613 ,
1874 5601 1885 5613 .
2072 5528 2148 5613 (1)
2181 5528 2886 5613 ζῌέιβείέθξνέλήφέϊιμεν·

507 5593 858 5680 Πόἶρέρχεταῖ
894 5593 986 5657 καὶ
1025 5603 1058 5672 ἡ
1112 5600 1208 5671 τῆς
1243 5600 1472 5671 κρίσεως
1527 5599 1707 5670 ἡμέρα
1727 5618 1740 5630 ⁸
1805 5601 1896 5655 καὶ
2076 5593 2150 5672 (5)
2181 5593 2370 5657 Νβίδ.
2401 5602 2510 5654 Καὶ
2536 5593 2875 5671 suadeam;
2893 5615 2985 5653 σου
3015 5599 3095 5663 εἰς
3124 5593 3442 5669 ἀφανισμόν,
3461 5605 3569 5659 etc.

329 5677 516 5748 ὥσπερ
546 5681 602 5733 ὲν
635 5681 699 5748 τῇ
726 5674 899 5739 νυκτί,
930 5682 1056 5736 etc.,
1091 5670 1355 5740 ἀσφάλειά
1380 5671 1541 5723 ἐστιν.
1919 5741 1925 5748 .
2097 5688 2114 5694 -
