  <div class='ocr_page' id='page_1' title='image "/cluster/home/n/w/nwhite01/storage/ocr_20150623/27/mdp.39015007065769/539.png"; bbox 0 0 4004 6212; ppageno 0'>
   <div class='ocr_carea' id='block_1_1' title="bbox 477 321 3733 393">
    <p class='ocr_par' dir='ltr' id='par_1_1' title="bbox 477 321 3733 393">
     <span class='ocr_line' id='line_1_1' title="bbox 477 321 3733 393; baseline 0 -11"><span class='ocrx_word' id='word_1_1' title='bbox 477 337 632 393; x_wconf 64' lang='lat'><strong>1059</strong></span> <span class='ocrx_word' id='word_1_2' title='bbox 1325 329 1382 384; x_wconf 85' lang='lat' dir='ltr'><strong>s.</strong></span> <span class='ocrx_word' id='word_1_3' title='bbox 1423 327 1792 382; x_wconf 66' lang='lat' dir='ltr'><strong>ATHANASII</strong></span> <span class='ocrx_word' id='word_1_4' title='bbox 1834 326 1980 381; x_wconf 65' lang='lat' dir='ltr'><strong>ore.</strong></span> <span class='ocrx_word' id='word_1_5' title='bbox 2025 325 2205 379; x_wconf 58' lang='lat' dir='ltr'><strong>rans</strong></span> <span class='ocrx_word' id='word_1_6' title='bbox 2244 323 2328 378; x_wconf 94' lang='grc' dir='ltr'>ιιι.</span> <span class='ocrx_word' id='word_1_7' title='bbox 2373 355 2438 363; x_wconf 89' lang='grc'><strong><em>-</em></strong></span> <span class='ocrx_word' id='word_1_8' title='bbox 2475 321 2867 378; x_wconf 70' lang='lat' dir='ltr'><strong>EXEGETICA</strong></span> <span class='ocrx_word' id='word_1_9' title='bbox 3581 324 3733 385; x_wconf 64' lang='lat'><strong>1040&#39;</strong></span> 
     </span>
    </p>
   </div>
   <div class='ocr_carea' id='block_1_2' title="bbox 561 437 2142 517">
    <p class='ocr_par' dir='ltr' id='par_1_2' title="bbox 561 442 2125 517">
     <span class='ocr_line' id='line_1_2' title="bbox 561 442 2125 517; baseline -0.005 -13"><span class='ocrx_word' id='word_1_10' title='bbox 561 449 649 504; x_wconf 85' lang='grc'><strong>16.</strong></span> <span class='ocrx_word' id='word_1_11' title='bbox 684 450 951 515; x_wconf 80' lang='lat' dir='ltr'><strong>Quoniam</strong></span> <span class='ocrx_word' id='word_1_12' title='bbox 979 458 1165 499; x_wconf 89' lang='lat' dir='ltr'><strong>omnes</strong></span> <span class='ocrx_word' id='word_1_13' title='bbox 1194 443 1309 497; x_wconf 88' lang='lat' dir='ltr'><strong>dies</strong></span> <span class='ocrx_word' id='word_1_14' title='bbox 1339 444 1512 498; x_wconf 70' lang='lat' dir='ltr'><strong>nosui</strong></span> <span class='ocrx_word' id='word_1_15' title='bbox 1537 442 1886 498; x_wconf 83' lang='lat' dir='ltr'><strong>defecerunt:</strong></span> <span class='ocrx_word' id='word_1_16' title='bbox 2077 461 2125 517; x_wconf 69' lang='grc' dir='ltr'>Α</span> 
     </span>
    </p>
   </div>
   <div class='ocr_carea' id='block_1_3' title="bbox 1859 437 3440 517">
    <p class='ocr_par' dir='ltr' id='par_1_3' title="bbox 1873 437 3440 517">
     <span class='ocr_line' id='line_1_3' title="bbox 1873 437 3440 517; baseline -0.004 -20"><span class='ocrx_word' id='word_1_17' title='bbox 1873 461 1886 497; x_wconf 86' lang='lat'><strong>:</strong></span> <span class='ocrx_word' id='word_1_18' title='bbox 2077 461 2125 517; x_wconf 69' lang='grc' dir='ltr'>Α</span> <span class='ocrx_word' id='word_1_19' title='bbox 2223 438 2308 494; x_wconf 85' lang='grc'><strong>16.</strong></span> <span class='ocrx_word' id='word_1_20' title='bbox 2327 437 2446 492; x_wconf 85' lang='grc' dir='ltr'><strong>Ὅτι</strong></span> <span class='ocrx_word' id='word_1_21' title='bbox 2476 440 2646 491; x_wconf 78' lang='grc' dir='ltr'>πᾶσαι</span> <span class='ocrx_word' id='word_1_22' title='bbox 2672 440 2727 492; x_wconf 92' lang='grc' dir='ltr'>αἱ</span> <span class='ocrx_word' id='word_1_23' title='bbox 2757 438 2959 509; x_wconf 81' lang='grc' dir='ltr'><strong>ἡμέραι</strong></span> <span class='ocrx_word' id='word_1_24' title='bbox 2982 437 3137 508; x_wconf 80' lang='grc' dir='ltr'>ἡμῶν</span> <span class='ocrx_word' id='word_1_25' title='bbox 3167 437 3410 504; x_wconf 79' lang='grc' dir='ltr'><strong>ἐξέλιπον</strong></span> <span class='ocrx_word' id='word_1_26' title='bbox 3429 455 3440 467; x_wconf 92' lang='grc'><strong>·</strong></span> 
     </span>
    </p>
   </div>
   <div class='ocr_carea' id='block_1_4' title="bbox 561 529 2142 602">
    <p class='ocr_par' dir='ltr' id='par_1_4' title="bbox 561 535 1383 596">
     <span class='ocr_line' id='line_1_4' title="bbox 561 535 1383 596; baseline -0.007 0"><span class='ocrx_word' id='word_1_27' title='bbox 561 543 651 596; x_wconf 84' lang='grc'><strong>17.</strong></span> <span class='ocrx_word' id='word_1_28' title='bbox 674 539 742 595; x_wconf 85' lang='grc' dir='ltr'><strong>Ει</strong></span> <span class='ocrx_word' id='word_1_29' title='bbox 763 541 817 594; x_wconf 96' lang='lat' dir='ltr'><strong>in</strong></span> <span class='ocrx_word' id='word_1_30' title='bbox 844 540 921 593; x_wconf 91' lang='lat' dir='ltr'><strong>ira</strong></span> <span class='ocrx_word' id='word_1_31' title='bbox 949 547 1036 592; x_wconf 88' lang='lat' dir='ltr'><strong>tua</strong></span> <span class='ocrx_word' id='word_1_32' title='bbox 1061 535 1383 592; x_wconf 78' lang='lat' dir='ltr'><strong>defecimus.</strong></span> 
     </span>
    </p>
   </div>
   <div class='ocr_carea' id='block_1_5' title="bbox 1720 529 3301 602">
    <p class='ocr_par' dir='ltr' id='par_1_5' title="bbox 2226 529 3301 602">
     <span class='ocr_line' id='line_1_5' title="bbox 2226 529 3301 602; baseline -0.003 -18"><span class='ocrx_word' id='word_1_33' title='bbox 2226 532 2312 585; x_wconf 92' lang='grc'><strong>17.</strong></span> <span class='ocrx_word' id='word_1_34' title='bbox 2352 530 2462 584; x_wconf 85' lang='lat' dir='ltr'><strong>Kal</strong></span> <span class='ocrx_word' id='word_1_35' title='bbox 2495 533 2552 583; x_wconf 87' lang='grc' dir='ltr'><strong>ἐν</strong></span> <span class='ocrx_word' id='word_1_36' title='bbox 2583 534 2651 602; x_wconf 85' lang='grc' dir='ltr'>τῇ</span> <span class='ocrx_word' id='word_1_37' title='bbox 2676 533 2811 602; x_wconf 81' lang='grc' dir='ltr'><strong>ὀργῇ</strong></span> <span class='ocrx_word' id='word_1_38' title='bbox 2845 549 2936 584; x_wconf 86' lang='grc' dir='ltr'><strong>σου</strong></span> <span class='ocrx_word' id='word_1_39' title='bbox 2964 529 3301 600; x_wconf 67' lang='grc' dir='ltr'>ἐξεὶὲίπομεν.</span> 
     </span>
    </p>
   </div>
   <div class='ocr_carea' id='block_1_6' title="bbox 561 619 2142 694">
    <p class='ocr_par' dir='ltr' id='par_1_6' title="bbox 561 626 1875 690">
     <span class='ocr_line' id='line_1_6' title="bbox 561 626 1875 690; baseline -0.008 -1"><span class='ocrx_word' id='word_1_40' title='bbox 561 634 629 690; x_wconf 90' lang='grc'><strong>18</strong></span> <span class='ocrx_word' id='word_1_41' title='bbox 688 632 828 687; x_wconf 86' lang='lat' dir='ltr'><strong>Anni</strong></span> <span class='ocrx_word' id='word_1_42' title='bbox 850 630 1017 686; x_wconf 78' lang='lat' dir='ltr'><strong>nostri</strong></span> <span class='ocrx_word' id='word_1_43' title='bbox 1046 629 1186 683; x_wconf 91' lang='lat' dir='ltr'><strong>sicut</strong></span> <span class='ocrx_word' id='word_1_44' title='bbox 1207 643 1403 682; x_wconf 85' lang='lat' dir='ltr'><strong>aranea</strong></span> <span class='ocrx_word' id='word_1_45' title='bbox 1437 626 1875 682; x_wconf 89' lang='lat' dir='ltr'><strong>meditabuntur:</strong></span> 
     </span>
    </p>
   </div>
   <div class='ocr_carea' id='block_1_7' title="bbox 1863 619 3444 694">
    <p class='ocr_par' dir='ltr' id='par_1_7' title="bbox 1863 619 3444 694">
     <span class='ocr_line' id='line_1_7' title="bbox 1863 619 3444 694; baseline -0.004 -15"><span class='ocrx_word' id='word_1_46' title='bbox 1863 643 1875 679; x_wconf 91' lang='lat'><strong>:</strong></span> <span class='ocrx_word' id='word_1_47' title='bbox 2221 623 2308 678; x_wconf 88' lang='grc'><strong>18.</strong></span> <span class='ocrx_word' id='word_1_48' title='bbox 2349 623 2428 676; x_wconf 83' lang='grc' dir='ltr'><strong>Τὰ</strong></span> <span class='ocrx_word' id='word_1_49' title='bbox 2462 621 2556 692; x_wconf 84' lang='grc' dir='ltr'><strong>ἔτη</strong></span> <span class='ocrx_word' id='word_1_50' title='bbox 2580 622 2734 694; x_wconf 82' lang='grc' dir='ltr'>ἡμῶν</span> <span class='ocrx_word' id='word_1_51' title='bbox 2762 622 2892 674; x_wconf 77' lang='grc' dir='ltr'>ὡσεὶ</span> <span class='ocrx_word' id='word_1_52' title='bbox 2919 621 3126 692; x_wconf 84' lang='grc' dir='ltr'>ἀράχνη</span> <span class='ocrx_word' id='word_1_53' title='bbox 3156 619 3444 691; x_wconf 80' lang='grc' dir='ltr'>ἐμελέτων·</span> 
     </span>
    </p>
   </div>
   <div class='ocr_carea' id='block_1_8' title="bbox 565 711 2146 789">
    <p class='ocr_par' dir='ltr' id='par_1_8' title="bbox 565 717 2048 789">
     <span class='ocr_line' id='line_1_8' title="bbox 565 717 2048 789; baseline -0.007 -8"><span class='ocrx_word' id='word_1_54' title='bbox 565 728 652 782; x_wconf 90' lang='grc'><strong>19.</strong></span> <span class='ocrx_word' id='word_1_55' title='bbox 683 725 805 779; x_wconf 90' lang='lat' dir='ltr'>Dies</span> <span class='ocrx_word' id='word_1_56' title='bbox 827 736 1092 777; x_wconf 89' lang='lat' dir='ltr'><strong>annorum</strong></span> <span class='ocrx_word' id='word_1_57' title='bbox 1121 729 1435 775; x_wconf 89' lang='lat' dir='ltr'><strong>nostrorum</strong></span> <span class='ocrx_word' id='word_1_58' title='bbox 1465 721 1522 774; x_wconf 92' lang='lat' dir='ltr'><strong>in</strong></span> <span class='ocrx_word' id='word_1_59' title='bbox 1551 718 1687 789; x_wconf 85' lang='lat' dir='ltr'><strong>ipsis</strong></span> <span class='ocrx_word' id='word_1_60' title='bbox 1709 717 2048 788; x_wconf 88' lang='lat' dir='ltr'><strong>septuaginta</strong></span> 
     </span>
    </p>
   </div>
   <div class='ocr_carea' id='block_1_9' title="bbox 2144 711 3725 789">
    <p class='ocr_par' dir='ltr' id='par_1_9' title="bbox 2225 711 3725 787">
     <span class='ocr_line' id='line_1_9' title="bbox 2225 711 3725 787; baseline -0.005 -16"><span class='ocrx_word' id='word_1_61' title='bbox 2225 717 2310 771; x_wconf 83' lang='grc'><strong>19.</strong></span> <span class='ocrx_word' id='word_1_62' title='bbox 2351 717 2417 767; x_wconf 84' lang='grc' dir='ltr'><strong>Αἱ</strong></span> <span class='ocrx_word' id='word_1_63' title='bbox 2460 714 2664 787; x_wconf 79' lang='grc' dir='ltr'><strong>ἡμέραι</strong></span> <span class='ocrx_word' id='word_1_64' title='bbox 2707 714 2815 769; x_wconf 84' lang='grc' dir='ltr'>τῶν</span> <span class='ocrx_word' id='word_1_65' title='bbox 2848 715 2982 768; x_wconf 82' lang='grc' dir='ltr'>ὲτών</span> <span class='ocrx_word' id='word_1_66' title='bbox 3008 713 3164 785; x_wconf 85' lang='grc' dir='ltr'>ἡμῶν</span> <span class='ocrx_word' id='word_1_67' title='bbox 3193 714 3251 766; x_wconf 84' lang='grc' dir='ltr'><strong>ἐν</strong></span> <span class='ocrx_word' id='word_1_68' title='bbox 3278 715 3466 776; x_wconf 79' lang='grc' dir='ltr'>αὐτοῖς</span> <span class='ocrx_word' id='word_1_69' title='bbox 3493 711 3725 784; x_wconf 78' lang='grc' dir='ltr'>ἐϐδομή-</span> 
     </span>
    </p>
   </div>
   <div class='ocr_carea' id='block_1_10' title="bbox 492 807 2073 878">
    <p class='ocr_par' dir='ltr' id='par_1_10' title="bbox 492 821 654 876">
     <span class='ocr_line' id='line_1_10' title="bbox 492 821 654 876; baseline -0.012 0"><span class='ocrx_word' id='word_1_70' title='bbox 492 821 654 876; x_wconf 87' lang='lat' dir='ltr'><strong>anni:</strong></span> 
     </span>
    </p>
   </div>
   <div class='ocr_carea' id='block_1_11' title="bbox 893 807 2474 878">
    <p class='ocr_par' dir='ltr' id='par_1_11' title="bbox 2155 807 2474 878">
     <span class='ocr_line' id='line_1_11' title="bbox 2155 807 2474 878; baseline -0.009 -16"><span class='ocrx_word' id='word_1_71' title='bbox 2155 825 2315 862; x_wconf 86' lang='grc' dir='ltr'>κοντα</span> <span class='ocrx_word' id='word_1_72' title='bbox 2344 807 2438 878; x_wconf 77' lang='grc' dir='ltr'>ἔτη</span> <span class='ocrx_word' id='word_1_73' title='bbox 2460 823 2474 837; x_wconf 90' lang='grc'><strong>·</strong></span> 
     </span>
    </p>
   </div>
   <div class='ocr_carea' id='block_1_12' title="bbox 567 897 2148 976">
    <p class='ocr_par' dir='ltr' id='par_1_12' title="bbox 567 901 1942 976">
     <span class='ocr_line' id='line_1_12' title="bbox 567 901 1942 976; baseline -0.009 -9"><span class='ocrx_word' id='word_1_74' title='bbox 567 913 656 967; x_wconf 86' lang='grc'><strong>20.</strong></span> <span class='ocrx_word' id='word_1_75' title='bbox 692 910 746 966; x_wconf 91' lang='lat' dir='ltr'><strong>Si</strong></span> <span class='ocrx_word' id='word_1_76' title='bbox 774 920 949 964; x_wconf 87' lang='lat' dir='ltr'><strong>autem</strong></span> <span class='ocrx_word' id='word_1_77' title='bbox 978 909 1033 962; x_wconf 86' lang='lat' dir='ltr'><strong>in</strong></span> <span class='ocrx_word' id='word_1_78' title='bbox 1062 906 1427 976; x_wconf 87' lang='lat' dir='ltr'><strong>potentatibus</strong></span> <span class='ocrx_word' id='word_1_79' title='bbox 1459 904 1734 974; x_wconf 81' lang='lat' dir='ltr'><strong>octoginta</strong></span> <span class='ocrx_word' id='word_1_80' title='bbox 1764 901 1892 956; x_wconf 89' lang='lat' dir='ltr'><strong>anni</strong></span> <span class='ocrx_word' id='word_1_81' title='bbox 1929 919 1942 954; x_wconf 89' lang='lat'>:</span> 
     </span>
    </p>
   </div>
   <div class='ocr_carea' id='block_1_13' title="bbox 1916 897 3497 976">
    <p class='ocr_par' dir='ltr' id='par_1_13' title="bbox 1929 897 3497 969">
     <span class='ocr_line' id='line_1_13' title="bbox 1929 897 3497 969; baseline -0.003 -15"><span class='ocrx_word' id='word_1_82' title='bbox 1929 919 1942 954; x_wconf 88' lang='lat'>:</span> <span class='ocrx_word' id='word_1_83' title='bbox 2220 900 2310 955; x_wconf 87' lang='lat'><strong>20.</strong></span> <span class='ocrx_word' id='word_1_84' title='bbox 2332 898 2458 952; x_wconf 83' lang='grc' dir='ltr'><strong>Ἐὰν</strong></span> <span class='ocrx_word' id='word_1_85' title='bbox 2485 899 2542 953; x_wconf 85' lang='grc' dir='ltr'><strong>δέ</strong></span> <span class='ocrx_word' id='word_1_86' title='bbox 2568 901 2626 953; x_wconf 84' lang='grc' dir='ltr'><strong>ἐν</strong></span> <span class='ocrx_word' id='word_1_87' title='bbox 2659 898 2994 962; x_wconf 83' lang='grc' dir='ltr'><strong>δυναστείαις</strong></span> <span class='ocrx_word' id='word_1_88' title='bbox 3023 897 3344 968; x_wconf 86' lang='grc' dir='ltr'>ὀγδοήκοντα</span> <span class='ocrx_word' id='word_1_89' title='bbox 3370 897 3462 969; x_wconf 78' lang='grc' dir='ltr'>ἔτη</span> <span class='ocrx_word' id='word_1_90' title='bbox 3484 914 3497 927; x_wconf 89' lang='grc'><strong>·</strong></span> 
     </span>
    </p>
   </div>
   <div class='ocr_carea' id='block_1_14' title="bbox 563 989 2144 1064">
    <p class='ocr_par' dir='ltr' id='par_1_14' title="bbox 563 989 1745 1064">
     <span class='ocr_line' id='line_1_14' title="bbox 563 989 1745 1064; baseline -0.006 -14"><span class='ocrx_word' id='word_1_91' title='bbox 563 998 653 1051; x_wconf 87' lang='grc'><strong>21.</strong></span> <span class='ocrx_word' id='word_1_92' title='bbox 692 996 758 1049; x_wconf 88' lang='grc' dir='ltr'><strong>Ει</strong></span> <span class='ocrx_word' id='word_1_93' title='bbox 789 994 1018 1064; x_wconf 87' lang='lat' dir='ltr'><strong>amplius</strong></span> <span class='ocrx_word' id='word_1_94' title='bbox 1047 1006 1236 1048; x_wconf 90' lang='lat' dir='ltr'><strong>eorum</strong></span> <span class='ocrx_word' id='word_1_95' title='bbox 1270 992 1443 1058; x_wconf 90' lang='lat' dir='ltr'><strong>labor,</strong></span> <span class='ocrx_word' id='word_1_96' title='bbox 1473 999 1528 1045; x_wconf 91' lang='lat' dir='ltr'><strong>et</strong></span> <span class='ocrx_word' id='word_1_97' title='bbox 1564 989 1745 1045; x_wconf 89' lang='lat' dir='ltr'><strong>dolor.</strong></span> 
     </span>
    </p>
   </div>
   <div class='ocr_carea' id='block_1_15' title="bbox 1901 989 3482 1064">
    <p class='ocr_par' dir='ltr' id='par_1_15' title="bbox 2222 990 3482 1054">
     <span class='ocr_line' id='line_1_15' title="bbox 2222 990 3482 1054; baseline -0.003 -8"><span class='ocrx_word' id='word_1_98' title='bbox 2222 991 2311 1047; x_wconf 84' lang='grc'><strong>21.</strong></span> <span class='ocrx_word' id='word_1_99' title='bbox 2353 991 2464 1044; x_wconf 89' lang='lat' dir='ltr'><strong>Kal</strong></span> <span class='ocrx_word' id='word_1_100' title='bbox 2490 991 2551 1044; x_wconf 81' lang='grc' dir='ltr'><strong>τὸ</strong></span> <span class='ocrx_word' id='word_1_101' title='bbox 2582 991 2765 1044; x_wconf 84' lang='grc' dir='ltr'>πλεῖον</span> <span class='ocrx_word' id='word_1_102' title='bbox 2785 990 2960 1044; x_wconf 82' lang='grc' dir='ltr'>αὐτῶν</span> <span class='ocrx_word' id='word_1_103' title='bbox 2993 990 3158 1054; x_wconf 84' lang='grc' dir='ltr'>κόπος</span> <span class='ocrx_word' id='word_1_104' title='bbox 3189 991 3279 1044; x_wconf 76' lang='grc' dir='ltr'><strong>καὶ</strong></span> <span class='ocrx_word' id='word_1_105' title='bbox 3309 990 3482 1052; x_wconf 84' lang='grc' dir='ltr'>πόνος.</span> 
     </span>
    </p>
   </div>
   <div class='ocr_carea' id='block_1_16' title="bbox 557 1076 2138 1156">
    <p class='ocr_par' dir='ltr' id='par_1_16' title="bbox 557 1082 2049 1156">
     <span class='ocr_line' id='line_1_16' title="bbox 557 1082 2049 1156; baseline -0.007 -13"><span class='ocrx_word' id='word_1_106' title='bbox 557 1090 646 1143; x_wconf 88' lang='grc'><strong>22.</strong></span> <span class='ocrx_word' id='word_1_107' title='bbox 676 1087 944 1155; x_wconf 85' lang='lat' dir='ltr'><strong>Quoniam</strong></span> <span class='ocrx_word' id='word_1_108' title='bbox 974 1086 1286 1156; x_wconf 85' lang='lat' dir='ltr'><strong>supervenit</strong></span> <span class='ocrx_word' id='word_1_109' title='bbox 1322 1082 1686 1142; x_wconf 85' lang='lat' dir='ltr'><strong>mansuetudo</strong></span> <span class='ocrx_word' id='word_1_110' title='bbox 1731 1095 1896 1151; x_wconf 86' lang='lat' dir='ltr'><strong>super</strong></span> <span class='ocrx_word' id='word_1_111' title='bbox 1927 1093 2049 1146; x_wconf 89' lang='lat' dir='ltr'><strong>nos,</strong></span> 
     </span>
    </p>
   </div>
   <div class='ocr_carea' id='block_1_17' title="bbox 2145 1076 3726 1156">
    <p class='ocr_par' dir='ltr' id='par_1_17' title="bbox 2221 1076 3726 1152">
     <span class='ocr_line' id='line_1_17' title="bbox 2221 1076 3726 1152; baseline -0.003 -17"><span class='ocrx_word' id='word_1_112' title='bbox 2221 1081 2310 1135; x_wconf 91' lang='lat'><strong>22.</strong></span> <span class='ocrx_word' id='word_1_113' title='bbox 2330 1082 2450 1135; x_wconf 85' lang='grc' dir='ltr'><strong>Ὅτι</strong></span> <span class='ocrx_word' id='word_1_114' title='bbox 2481 1079 2681 1152; x_wconf 82' lang='grc' dir='ltr'>ἐπῆλθε</span> <span class='ocrx_word' id='word_1_115' title='bbox 2719 1080 2960 1151; x_wconf 85' lang='grc' dir='ltr'><strong>πραότης</strong></span> <span class='ocrx_word' id='word_1_116' title='bbox 2986 1081 3067 1148; x_wconf 84' lang='grc' dir='ltr'>ἐφ’</span> <span class='ocrx_word' id='word_1_117' title='bbox 3096 1083 3263 1151; x_wconf 75' lang='grc' dir='ltr'>ἡμᾶς,</span> <span class='ocrx_word' id='word_1_118' title='bbox 3307 1081 3398 1132; x_wconf 78' lang='grc' dir='ltr'><strong>καὶ</strong></span> <span class='ocrx_word' id='word_1_119' title='bbox 3441 1076 3726 1148; x_wconf 83' lang='grc' dir='ltr'>παιδευθη-</span> 
     </span>
    </p>
   </div>
   <div class='ocr_carea' id='block_1_18' title="bbox 488 1175 2069 1250">
    <p class='ocr_par' dir='ltr' id='par_1_18' title="bbox 488 1181 960 1250">
     <span class='ocr_line' id='line_1_18' title="bbox 488 1181 960 1250; baseline -0.011 -13"><span class='ocrx_word' id='word_1_120' title='bbox 488 1191 542 1237; x_wconf 88' lang='lat' dir='ltr'><strong>et</strong></span> <span class='ocrx_word' id='word_1_121' title='bbox 576 1181 960 1250; x_wconf 89' lang='lat' dir='ltr'><strong>corripiemur.</strong></span> 
     </span>
    </p>
   </div>
   <div class='ocr_carea' id='block_1_19' title="bbox 797 1175 2378 1250">
    <p class='ocr_par' dir='ltr' id='par_1_19' title="bbox 797 1175 2378 1246">
     <span class='ocr_line' id='line_1_19' title="bbox 797 1175 2378 1246; baseline -0.004 -12"><span class='ocrx_word' id='word_1_122' title='bbox 797 1195 960 1234; x_wconf 65' lang='lat' dir='ltr'><strong>amur.</strong></span> <span class='ocrx_word' id='word_1_123' title='bbox 2156 1175 2378 1246; x_wconf 89' lang='grc' dir='ltr'>σόμεθα.</span> 
     </span>
    </p>
   </div>
   <div class='ocr_carea' id='block_1_20' title="bbox 559 1261 2140 1339">
    <p class='ocr_par' dir='ltr' id='par_1_20' title="bbox 559 1261 1637 1339">
     <span class='ocr_line' id='line_1_20' title="bbox 559 1261 1637 1339; baseline -0.011 -11"><span class='ocrx_word' id='word_1_124' title='bbox 559 1273 651 1328; x_wconf 97' lang='grc'><strong>25.</strong></span> <span class='ocrx_word' id='word_1_125' title='bbox 677 1271 812 1338; x_wconf 82' lang='lat' dir='ltr'><strong>Quis</strong></span> <span class='ocrx_word' id='word_1_126' title='bbox 837 1269 988 1324; x_wconf 88' lang='lat' dir='ltr'><strong>novit</strong></span> <span class='ocrx_word' id='word_1_127' title='bbox 1011 1275 1333 1339; x_wconf 86' lang='lat' dir='ltr'><strong>potestatem</strong></span> <span class='ocrx_word' id='word_1_128' title='bbox 1361 1264 1457 1319; x_wconf 69' lang='lat' dir='ltr'><strong>ira:</strong></span> <span class='ocrx_word' id='word_1_129' title='bbox 1486 1261 1637 1319; x_wconf 64' lang='lat' dir='ltr'><strong>tuae?</strong></span> 
     </span>
    </p>
   </div>
   <div class='ocr_carea' id='block_1_21' title="bbox 1951 1261 3532 1339">
    <p class='ocr_par' dir='ltr' id='par_1_21' title="bbox 2222 1262 3532 1334">
     <span class='ocr_line' id='line_1_21' title="bbox 2222 1262 3532 1334; baseline -0.005 -14"><span class='ocrx_word' id='word_1_130' title='bbox 2222 1267 2310 1321; x_wconf 89' lang='lat'><strong>25.</strong></span> <span class='ocrx_word' id='word_1_131' title='bbox 2351 1266 2448 1329; x_wconf 88' lang='grc' dir='ltr'>Τίς</span> <span class='ocrx_word' id='word_1_132' title='bbox 2473 1265 2730 1334; x_wconf 84' lang='grc' dir='ltr'><strong>γινώσκει</strong></span> <span class='ocrx_word' id='word_1_133' title='bbox 2755 1263 2814 1316; x_wconf 83' lang='grc' dir='ltr'><strong>τὸ</strong></span> <span class='ocrx_word' id='word_1_134' title='bbox 2836 1262 3035 1333; x_wconf 88' lang='grc' dir='ltr'>κράτος</span> <span class='ocrx_word' id='word_1_135' title='bbox 3062 1263 3161 1334; x_wconf 84' lang='grc' dir='ltr'>τῆς</span> <span class='ocrx_word' id='word_1_136' title='bbox 3191 1263 3359 1334; x_wconf 82' lang='grc' dir='ltr'>ὀργῆς</span> <span class='ocrx_word' id='word_1_137' title='bbox 3399 1279 3490 1315; x_wconf 88' lang='grc' dir='ltr'><strong>σου</strong></span> <span class='ocrx_word' id='word_1_138' title='bbox 3519 1278 3532 1326; x_wconf 93' lang='grc'>;</span> 
     </span>
    </p>
   </div>
   <div class='ocr_carea' id='block_1_22' title="bbox 559 1349 2140 1426">
    <p class='ocr_par' dir='ltr' id='par_1_22' title="bbox 559 1349 2051 1419">
     <span class='ocr_line' id='line_1_22' title="bbox 559 1349 2051 1419; baseline -0.011 0"><span class='ocrx_word' id='word_1_139' title='bbox 559 1365 648 1419; x_wconf 72' lang='grc'><strong>21.</strong></span> <span class='ocrx_word' id='word_1_140' title='bbox 678 1363 745 1418; x_wconf 89' lang='grc' dir='ltr'><strong>Ει</strong></span> <span class='ocrx_word' id='word_1_141' title='bbox 775 1378 883 1418; x_wconf 68' lang='grc' dir='ltr'>ἰι-αι</span> <span class='ocrx_word' id='word_1_142' title='bbox 914 1363 1109 1416; x_wconf 89' lang='lat' dir='ltr'><strong>timore</strong></span> <span class='ocrx_word' id='word_1_143' title='bbox 1141 1368 1236 1414; x_wconf 92' lang='lat' dir='ltr'><strong>tuo</strong></span> <span class='ocrx_word' id='word_1_144' title='bbox 1287 1359 1426 1413; x_wconf 88' lang='lat' dir='ltr'><strong>iram</strong></span> <span class='ocrx_word' id='word_1_145' title='bbox 1473 1365 1624 1411; x_wconf 87' lang='lat' dir='ltr'><strong>tuam</strong></span> <span class='ocrx_word' id='word_1_146' title='bbox 1663 1349 2051 1409; x_wconf 81' lang='lat' dir='ltr'><strong>dinumerare?</strong></span> 
     </span>
    </p>
   </div>
   <div class='ocr_carea' id='block_1_23' title="bbox 2144 1349 3725 1426">
    <p class='ocr_par' dir='ltr' id='par_1_23' title="bbox 2218 1353 3725 1426">
     <span class='ocr_line' id='line_1_23' title="bbox 2218 1353 3725 1426; baseline -0.005 -14"><span class='ocrx_word' id='word_1_147' title='bbox 2218 1359 2308 1412; x_wconf 63' lang='lat'><strong>24.</strong></span> <span class='ocrx_word' id='word_1_148' title='bbox 2348 1359 2458 1412; x_wconf 91' lang='lat' dir='ltr'><strong>Kal</strong></span> <span class='ocrx_word' id='word_1_149' title='bbox 2503 1357 2610 1412; x_wconf 78' lang='grc' dir='ltr'>ἀπὸ</span> <span class='ocrx_word' id='word_1_150' title='bbox 2652 1355 2747 1410; x_wconf 83' lang='grc' dir='ltr'>τοῦ</span> <span class='ocrx_word' id='word_1_151' title='bbox 2793 1355 2957 1426; x_wconf 81' lang='grc' dir='ltr'>φόϐου</span> <span class='ocrx_word' id='word_1_152' title='bbox 3009 1372 3101 1408; x_wconf 89' lang='grc' dir='ltr'><strong>σου</strong></span> <span class='ocrx_word' id='word_1_153' title='bbox 3147 1355 3237 1408; x_wconf 84' lang='grc' dir='ltr'><strong>τὸν</strong></span> <span class='ocrx_word' id='word_1_154' title='bbox 3286 1354 3453 1424; x_wconf 84' lang='grc' dir='ltr'>θυμόν</span> <span class='ocrx_word' id='word_1_155' title='bbox 3503 1371 3594 1406; x_wconf 89' lang='grc' dir='ltr'><strong>σου</strong></span> <span class='ocrx_word' id='word_1_156' title='bbox 3643 1353 3725 1418; x_wconf 80' lang='grc' dir='ltr'>ἐξ-</span> 
     </span>
    </p>
   </div>
   <div class='ocr_carea' id='block_1_24' title="bbox 592 1448 2592 1522">
    <p class='ocr_par' dir='ltr' id='par_1_24' title="bbox 592 1448 2592 1522">
     <span class='ocr_line' id='line_1_24' title="bbox 592 1448 2592 1522; baseline -0.011 0"><span class='ocrx_word' id='word_1_157' title='bbox 592 1518 596 1522; x_wconf 73' lang='grc'><strong>.</strong></span> <span class='ocrx_word' id='word_1_158' title='bbox 2154 1448 2592 1520; x_wconf 85' lang='grc' dir='ltr'>αριθμήσασθαι;</span> 
     </span>
    </p>
   </div>
   <div class='ocr_carea' id='block_1_25' title="bbox 558 1533 2139 1610">
    <p class='ocr_par' dir='ltr' id='par_1_25' title="bbox 558 1533 1803 1601">
     <span class='ocr_line' id='line_1_25' title="bbox 558 1533 1803 1601; baseline -0.01 0"><span class='ocrx_word' id='word_1_159' title='bbox 558 1547 647 1601; x_wconf 82' lang='lat'><strong>25.</strong></span> <span class='ocrx_word' id='word_1_160' title='bbox 681 1545 966 1601; x_wconf 80' lang='lat' dir='ltr'><strong>Dexteram</strong></span> <span class='ocrx_word' id='word_1_161' title='bbox 999 1550 1148 1597; x_wconf 89' lang='lat' dir='ltr'><strong>tuam</strong></span> <span class='ocrx_word' id='word_1_162' title='bbox 1181 1541 1262 1597; x_wconf 90' lang='lat' dir='ltr'><strong>sic</strong></span> <span class='ocrx_word' id='word_1_163' title='bbox 1291 1546 1476 1595; x_wconf 88' lang='lat' dir='ltr'><strong>notam</strong></span> <span class='ocrx_word' id='word_1_164' title='bbox 1509 1536 1596 1591; x_wconf 75' lang='lat' dir='ltr'><strong>fac</strong></span> <span class='ocrx_word' id='word_1_165' title='bbox 1623 1533 1761 1590; x_wconf 88' lang='lat' dir='ltr'><strong>mihi</strong></span> <span class='ocrx_word' id='word_1_166' title='bbox 1790 1552 1803 1589; x_wconf 87' lang='lat'><strong>:</strong></span> 
     </span>
    </p>
   </div>
   <div class='ocr_carea' id='block_1_26' title="bbox 1818 1533 3399 1610">
    <p class='ocr_par' dir='ltr' id='par_1_26' title="bbox 2223 1536 3399 1610">
     <span class='ocr_line' id='line_1_26' title="bbox 2223 1536 3399 1610; baseline -0.003 -18"><span class='ocrx_word' id='word_1_167' title='bbox 2223 1539 2311 1594; x_wconf 80' lang='lat'><strong>25.</strong></span> <span class='ocrx_word' id='word_1_168' title='bbox 2355 1539 2464 1610; x_wconf 86' lang='grc' dir='ltr'><strong>Τὴν</strong></span> <span class='ocrx_word' id='word_1_169' title='bbox 2487 1539 2668 1605; x_wconf 82' lang='grc' dir='ltr'>δεξιάν</span> <span class='ocrx_word' id='word_1_170' title='bbox 2699 1555 2794 1590; x_wconf 92' lang='grc' dir='ltr'><strong>σου</strong></span> <span class='ocrx_word' id='word_1_171' title='bbox 2822 1537 2964 1590; x_wconf 77' lang='grc' dir='ltr'>οὕτω</span> <span class='ocrx_word' id='word_1_172' title='bbox 2986 1536 3249 1608; x_wconf 84' lang='grc' dir='ltr'>γνώρισόν</span> <span class='ocrx_word' id='word_1_173' title='bbox 3280 1553 3399 1606; x_wconf 89' lang='grc' dir='ltr'>μοι·</span> 
     </span>
    </p>
   </div>
   <div class='ocr_carea' id='block_1_27' title="bbox 558 1627 2139 1701">
    <p class='ocr_par' dir='ltr' id='par_1_27' title="bbox 558 1628 1628 1700">
     <span class='ocr_line' id='line_1_27' title="bbox 558 1628 1628 1700; baseline -0.007 -10"><span class='ocrx_word' id='word_1_174' title='bbox 558 1637 649 1691; x_wconf 91' lang='grc'><strong>26.</strong></span> <span class='ocrx_word' id='word_1_175' title='bbox 685 1635 751 1689; x_wconf 85' lang='grc' dir='ltr'><strong>Ει</strong></span> <span class='ocrx_word' id='word_1_176' title='bbox 780 1635 1020 1691; x_wconf 91' lang='lat' dir='ltr'><strong>eruditos</strong></span> <span class='ocrx_word' id='word_1_177' title='bbox 1053 1632 1217 1688; x_wconf 91' lang='lat' dir='ltr'><strong>corde</strong></span> <span class='ocrx_word' id='word_1_178' title='bbox 1249 1631 1304 1685; x_wconf 89' lang='lat' dir='ltr'><strong>in</strong></span> <span class='ocrx_word' id='word_1_179' title='bbox 1337 1628 1628 1700; x_wconf 86' lang='lat' dir='ltr'><strong>sapientia.</strong></span> 
     </span>
    </p>
   </div>
   <div class='ocr_carea' id='block_1_28' title="bbox 2137 1627 3718 1701">
    <p class='ocr_par' dir='ltr' id='par_1_28' title="bbox 2222 1627 3718 1701">
     <span class='ocr_line' id='line_1_28' title="bbox 2222 1627 3718 1701; baseline -0.003 -15"><span class='ocrx_word' id='word_1_180' title='bbox 2222 1632 2312 1686; x_wconf 90' lang='lat'><strong>26.</strong></span> <span class='ocrx_word' id='word_1_181' title='bbox 2351 1633 2460 1684; x_wconf 88' lang='lat' dir='ltr'><strong>Kal</strong></span> <span class='ocrx_word' id='word_1_182' title='bbox 2491 1633 2614 1694; x_wconf 83' lang='grc' dir='ltr'>τοὺς</span> <span class='ocrx_word' id='word_1_183' title='bbox 2648 1630 3110 1701; x_wconf 82' lang='grc' dir='ltr'>πεπαιδευμένους</span> <span class='ocrx_word' id='word_1_184' title='bbox 3140 1632 3206 1701; x_wconf 82' lang='grc' dir='ltr'>τῇ</span> <span class='ocrx_word' id='word_1_185' title='bbox 3233 1627 3428 1700; x_wconf 78' lang='grc' dir='ltr'><strong>καρδίᾳ</strong></span> <span class='ocrx_word' id='word_1_186' title='bbox 3464 1628 3520 1680; x_wconf 84' lang='grc' dir='ltr'><strong>ἐν</strong></span> <span class='ocrx_word' id='word_1_187' title='bbox 3546 1627 3718 1697; x_wconf 70' lang='grc' dir='ltr'>σοφίᾳ.</span> 
     </span>
    </p>
   </div>
   <div class='ocr_carea' id='block_1_29' title="bbox 558 1719 2139 1814">
    <p class='ocr_par' dir='ltr' id='par_1_29' title="bbox 558 1719 1670 1814">
     <span class='ocr_line' id='line_1_29' title="bbox 558 1719 1670 1814; baseline -0.007 -31"><span class='ocrx_word' id='word_1_188' title='bbox 558 1730 649 1783; x_wconf 86' lang='grc'><strong>27.</strong></span> <span class='ocrx_word' id='word_1_189' title='bbox 675 1728 1020 1790; x_wconf 80' lang='lat' dir='ltr'><strong>Convertere,</strong></span> <span class='ocrx_word' id='word_1_190' title='bbox 1061 1723 1309 1814; x_wconf 77' lang='lat' dir='ltr'><strong>Domine,</strong></span> <span class='ocrx_word' id='word_1_191' title='bbox 1339 1719 1670 1792; x_wconf 85' lang='lat' dir='ltr'><strong>usquequo?</strong></span> 
     </span>
    </p>
   </div>
   <div class='ocr_carea' id='block_1_30' title="bbox 1674 1719 3255 1814">
    <p class='ocr_par' dir='ltr' id='par_1_30' title="bbox 2225 1721 3255 1796">
     <span class='ocr_line' id='line_1_30' title="bbox 2225 1721 3255 1796; baseline -0.003 -19"><span class='ocrx_word' id='word_1_192' title='bbox 2225 1727 2313 1780; x_wconf 90' lang='lat'><strong>27.</strong></span> <span class='ocrx_word' id='word_1_193' title='bbox 2334 1723 2710 1796; x_wconf 83' lang='grc' dir='ltr'>Ἐπίστρεψον,</span> <span class='ocrx_word' id='word_1_194' title='bbox 2741 1722 2935 1794; x_wconf 84' lang='grc' dir='ltr'>Κύριε,</span> <span class='ocrx_word' id='word_1_195' title='bbox 2963 1722 3067 1785; x_wconf 77' lang='grc' dir='ltr'><strong>ἕως</strong></span> <span class='ocrx_word' id='word_1_196' title='bbox 3093 1721 3255 1787; x_wconf 86' lang='grc' dir='ltr'>πότε;</span> 
     </span>
    </p>
   </div>
   <div class='ocr_carea' id='block_1_31' title="bbox 558 1812 2139 1887">
    <p class='ocr_par' dir='ltr' id='par_1_31' title="bbox 558 1812 2126 1887">
     <span class='ocr_line' id='line_1_31' title="bbox 558 1812 2126 1887; baseline -0.01 -12"><span class='ocrx_word' id='word_1_197' title='bbox 558 1820 649 1875; x_wconf 88' lang='grc'><strong>28.</strong></span> <span class='ocrx_word' id='word_1_198' title='bbox 681 1820 748 1873; x_wconf 85' lang='grc' dir='ltr'><strong>Ει</strong></span> <span class='ocrx_word' id='word_1_199' title='bbox 774 1815 1130 1887; x_wconf 86' lang='lat' dir='ltr'><strong>deprecabilis</strong></span> <span class='ocrx_word' id='word_1_200' title='bbox 1155 1812 1273 1870; x_wconf 81' lang='lat' dir='ltr'><strong>esto</strong></span> <span class='ocrx_word' id='word_1_201' title='bbox 1297 1827 1460 1883; x_wconf 89' lang='lat' dir='ltr'><strong>super</strong></span> <span class='ocrx_word' id='word_1_202' title='bbox 1491 1825 1680 1866; x_wconf 85' lang='lat' dir='ltr'><strong>servos</strong></span> <span class='ocrx_word' id='word_1_203' title='bbox 1708 1815 1859 1876; x_wconf 82' lang='lat' dir='ltr'><strong>tuos.</strong></span> <span class='ocrx_word' id='word_1_204' title='bbox 2084 1827 2126 1883; x_wconf 79' lang='grc' dir='ltr'><strong>Β</strong></span> 
     </span>
    </p>
   </div>
   <div class='ocr_carea' id='block_1_32' title="bbox 1906 1812 3487 1887">
    <p class='ocr_par' dir='ltr' id='par_1_32' title="bbox 2084 1812 3487 1887">
     <span class='ocr_line' id='line_1_32' title="bbox 2084 1812 3487 1887; baseline -0.005 -16"><span class='ocrx_word' id='word_1_205' title='bbox 2084 1827 2126 1883; x_wconf 85' lang='grc' dir='ltr'>Β</span> <span class='ocrx_word' id='word_1_206' title='bbox 2222 1817 2311 1871; x_wconf 88' lang='lat'><strong>28.</strong></span> <span class='ocrx_word' id='word_1_207' title='bbox 2353 1817 2462 1870; x_wconf 81' lang='lat' dir='ltr'><strong>Kal</strong></span> <span class='ocrx_word' id='word_1_208' title='bbox 2487 1814 2867 1887; x_wconf 80' lang='grc' dir='ltr'>παρακλήθητι</span> <span class='ocrx_word' id='word_1_209' title='bbox 2893 1814 2985 1867; x_wconf 75' lang='grc' dir='ltr'>ἐπὶ</span> <span class='ocrx_word' id='word_1_210' title='bbox 3008 1815 3122 1877; x_wconf 83' lang='grc' dir='ltr'>τοῖς</span> <span class='ocrx_word' id='word_1_211' title='bbox 3145 1812 3350 1875; x_wconf 84' lang='grc' dir='ltr'>δούλοις</span> <span class='ocrx_word' id='word_1_212' title='bbox 3374 1829 3487 1865; x_wconf 91' lang='grc' dir='ltr'>σου.</span> 
     </span>
    </p>
   </div>
   <div class='ocr_carea' id='block_1_33' title="bbox 551 1898 2132 1982">
    <p class='ocr_par' dir='ltr' id='par_1_33' title="bbox 551 1898 2051 1982">
     <span class='ocr_line' id='line_1_33' title="bbox 551 1898 2051 1982; baseline -0.007 -16"><span class='ocrx_word' id='word_1_213' title='bbox 551 1913 643 1968; x_wconf 87' lang='lat'><strong>29.</strong></span> <span class='ocrx_word' id='word_1_214' title='bbox 677 1910 884 1982; x_wconf 83' lang='lat' dir='ltr'><strong>Repleti</strong></span> <span class='ocrx_word' id='word_1_215' title='bbox 921 1923 1110 1965; x_wconf 90' lang='lat' dir='ltr'><strong>sumus</strong></span> <span class='ocrx_word' id='word_1_216' title='bbox 1153 1921 1313 1962; x_wconf 90' lang='lat' dir='ltr'><strong>mane</strong></span> <span class='ocrx_word' id='word_1_217' title='bbox 1353 1901 1731 1960; x_wconf 87' lang='lat' dir='ltr'><strong>misericordia</strong></span> <span class='ocrx_word' id='word_1_218' title='bbox 1772 1909 1896 1964; x_wconf 88' lang='lat' dir='ltr'><strong>tua,</strong></span> <span class='ocrx_word' id='word_1_219' title='bbox 1947 1898 2051 1955; x_wconf 86' lang='lat' dir='ltr'><strong>Do-</strong></span> 
     </span>
    </p>
   </div>
   <div class='ocr_carea' id='block_1_34' title="bbox 2144 1898 3725 1982">
    <p class='ocr_par' dir='ltr' id='par_1_34' title="bbox 2225 1899 3725 1979">
     <span class='ocr_line' id='line_1_34' title="bbox 2225 1899 3725 1979; baseline -0.007 -15"><span class='ocrx_word' id='word_1_220' title='bbox 2225 1911 2316 1966; x_wconf 89' lang='lat'><strong>29.</strong></span> <span class='ocrx_word' id='word_1_221' title='bbox 2335 1907 2669 1979; x_wconf 87' lang='grc' dir='ltr'>Ἐνεπλήσθη</span> <span class='ocrx_word' id='word_1_222' title='bbox 2679 1924 2775 1978; x_wconf 91' lang='grc' dir='ltr'><strong>μεν</strong></span> <span class='ocrx_word' id='word_1_223' title='bbox 2789 1907 2850 1959; x_wconf 83' lang='grc' dir='ltr'><strong>τὸ</strong></span> <span class='ocrx_word' id='word_1_224' title='bbox 2866 1906 3010 1978; x_wconf 74' lang='grc' dir='ltr'>πρωὶ</span> <span class='ocrx_word' id='word_1_225' title='bbox 3020 1904 3113 1958; x_wconf 81' lang='grc' dir='ltr'>τοῦ</span> <span class='ocrx_word' id='word_1_226' title='bbox 3128 1903 3308 1967; x_wconf 79' lang='grc' dir='ltr'>ἐλέους</span> <span class='ocrx_word' id='word_1_227' title='bbox 3322 1920 3435 1968; x_wconf 89' lang='grc' dir='ltr'>σου,</span> <span class='ocrx_word' id='word_1_228' title='bbox 3447 1899 3725 1975; x_wconf 78' lang='grc' dir='ltr'>Κύριε(α)·</span> 
     </span>
    </p>
   </div>
   <div class='ocr_carea' id='block_1_35' title="bbox 490 2021 667 2062">
    <p class='ocr_par' dir='ltr' id='par_1_35' title="bbox 490 2021 667 2062">
     <span class='ocr_line' id='line_1_35' title="bbox 490 2021 667 2062; baseline -0.017 0"><span class='ocrx_word' id='word_1_229' title='bbox 490 2021 667 2062; x_wconf 77' lang='lat' dir='ltr'><strong>mine:</strong></span> 
     </span>
    </p>
   </div>
   <div class='ocr_carea' id='block_1_36' title="bbox 559 2081 2140 2156">
    <p class='ocr_par' dir='ltr' id='par_1_36' title="bbox 559 2089 1776 2155">
     <span class='ocr_line' id='line_1_36' title="bbox 559 2089 1776 2155; baseline -0.004 -5"><span class='ocrx_word' id='word_1_230' title='bbox 559 2097 650 2152; x_wconf 77' lang='lat'><strong>30.</strong></span> <span class='ocrx_word' id='word_1_231' title='bbox 681 2095 751 2150; x_wconf 88' lang='lat' dir='ltr'><strong>Et</strong></span> <span class='ocrx_word' id='word_1_232' title='bbox 779 2092 1190 2155; x_wconf 85' lang='lat' dir='ltr'><strong>exsultavimus,</strong></span> <span class='ocrx_word' id='word_1_233' title='bbox 1225 2099 1279 2146; x_wconf 88' lang='lat' dir='ltr'><strong>et</strong></span> <span class='ocrx_word' id='word_1_234' title='bbox 1307 2089 1554 2144; x_wconf 86' lang='lat' dir='ltr'><strong>delectati</strong></span> <span class='ocrx_word' id='word_1_235' title='bbox 1585 2103 1776 2145; x_wconf 90' lang='lat' dir='ltr'><strong>sumus</strong></span> 
     </span>
    </p>
   </div>
   <div class='ocr_carea' id='block_1_37' title="bbox 1927 2081 3508 2156">
    <p class='ocr_par' dir='ltr' id='par_1_37' title="bbox 2228 2081 3508 2156">
     <span class='ocr_line' id='line_1_37' title="bbox 2228 2081 3508 2156; baseline -0.002 -16"><span class='ocrx_word' id='word_1_236' title='bbox 2228 2086 2318 2140; x_wconf 83' lang='grc'><strong>50.</strong></span> <span class='ocrx_word' id='word_1_237' title='bbox 2358 2085 2467 2138; x_wconf 89' lang='lat' dir='ltr'><strong>Kal</strong></span> <span class='ocrx_word' id='word_1_238' title='bbox 2493 2083 2960 2156; x_wconf 81' lang='grc' dir='ltr'>ἠγαλλιασάμεθα,</span> <span class='ocrx_word' id='word_1_239' title='bbox 2989 2083 3080 2138; x_wconf 75' lang='grc' dir='ltr'><strong>καὶ</strong></span> <span class='ocrx_word' id='word_1_240' title='bbox 3105 2081 3508 2154; x_wconf 82' lang='grc' dir='ltr'>εὐφράνθημεν,</span> 
     </span>
    </p>
   </div>
   <div class='ocr_carea' id='block_1_38' title="bbox 561 2177 2142 2250">
    <p class='ocr_par' dir='ltr' id='par_1_38' title="bbox 561 2183 1495 2246">
     <span class='ocr_line' id='line_1_38' title="bbox 561 2183 1495 2246; baseline -0.014 1"><span class='ocrx_word' id='word_1_241' title='bbox 561 2192 649 2246; x_wconf 90' lang='grc'><strong>51.</strong></span> <span class='ocrx_word' id='word_1_242' title='bbox 684 2190 743 2244; x_wconf 89' lang='lat' dir='ltr'><strong>In</strong></span> <span class='ocrx_word' id='word_1_243' title='bbox 772 2189 1025 2244; x_wconf 90' lang='lat' dir='ltr'><strong>omnibus</strong></span> <span class='ocrx_word' id='word_1_244' title='bbox 1052 2186 1244 2243; x_wconf 91' lang='lat' dir='ltr'><strong>diebus</strong></span> <span class='ocrx_word' id='word_1_245' title='bbox 1273 2183 1495 2239; x_wconf 88' lang='lat' dir='ltr'><strong>nostris.</strong></span> 
     </span>
    </p>
   </div>
   <div class='ocr_carea' id='block_1_39' title="bbox 1810 2177 3391 2250">
    <p class='ocr_par' dir='ltr' id='par_1_39' title="bbox 2229 2177 3391 2250">
     <span class='ocr_line' id='line_1_39' title="bbox 2229 2177 3391 2250; baseline 0 -18"><span class='ocrx_word' id='word_1_246' title='bbox 2229 2179 2318 2233; x_wconf 89' lang='grc'><strong>51.</strong></span> <span class='ocrx_word' id='word_1_247' title='bbox 2361 2179 2436 2247; x_wconf 83' lang='lat' dir='ltr'><strong>(b)</strong></span> <span class='ocrx_word' id='word_1_248' title='bbox 2468 2177 2558 2231; x_wconf 84' lang='lat' dir='ltr'><strong>’Ev</strong></span> <span class='ocrx_word' id='word_1_249' title='bbox 2582 2177 2784 2242; x_wconf 83' lang='grc' dir='ltr'>πάσαις</span> <span class='ocrx_word' id='word_1_250' title='bbox 2810 2181 2931 2243; x_wconf 84' lang='grc' dir='ltr'>ταῖς</span> <span class='ocrx_word' id='word_1_251' title='bbox 2951 2179 3182 2250; x_wconf 83' lang='grc' dir='ltr'>ἡμέραις</span> <span class='ocrx_word' id='word_1_252' title='bbox 3214 2177 3391 2248; x_wconf 82' lang='grc' dir='ltr'>ἡμῶν.</span> 
     </span>
    </p>
   </div>
   <div class='ocr_carea' id='block_1_40' title="bbox 561 2268 2142 2343">
    <p class='ocr_par' dir='ltr' id='par_1_40' title="bbox 561 2283 1116 2341">
     <span class='ocr_line' id='line_1_40' title="bbox 561 2283 1116 2341; baseline -0.011 -1"><span class='ocrx_word' id='word_1_253' title='bbox 561 2286 650 2341; x_wconf 85' lang='grc'><strong>52.</strong></span> <span class='ocrx_word' id='word_1_254' title='bbox 682 2283 871 2339; x_wconf 68' lang='lat' dir='ltr'><strong>Lmtati</strong></span> <span class='ocrx_word' id='word_1_255' title='bbox 903 2297 1116 2338; x_wconf 90' lang='lat' dir='ltr'><strong>sumus.</strong></span> 
     </span>
    </p>
   </div>
   <div class='ocr_carea' id='block_1_41' title="bbox 1708 2268 3289 2343">
    <p class='ocr_par' dir='ltr' id='par_1_41' title="bbox 2233 2268 3289 2343">
     <span class='ocr_line' id='line_1_41' title="bbox 2233 2268 3289 2343; baseline -0.003 -17"><span class='ocrx_word' id='word_1_256' title='bbox 2233 2271 2321 2326; x_wconf 87' lang='lat'><strong>52.</strong></span> <span class='ocrx_word' id='word_1_257' title='bbox 2363 2269 2812 2342; x_wconf 85' lang='grc' dir='ltr'>Εὐφρανθείημεν</span> <span class='ocrx_word' id='word_1_258' title='bbox 2843 2268 3289 2343; x_wconf 84' lang='grc' dir='ltr'>[εὐφράνθημεν]·</span> 
     </span>
    </p>
   </div>
   <div class='ocr_carea' id='block_1_42' title="bbox 563 2354 2144 2441">
    <p class='ocr_par' dir='ltr' id='par_1_42' title="bbox 563 2364 1728 2441">
     <span class='ocr_line' id='line_1_42' title="bbox 563 2364 1728 2441; baseline -0.009 -13"><span class='ocrx_word' id='word_1_259' title='bbox 563 2375 653 2428; x_wconf 86' lang='grc'><strong>55.</strong></span> <span class='ocrx_word' id='word_1_260' title='bbox 682 2373 789 2427; x_wconf 90' lang='lat' dir='ltr'><strong>Pro</strong></span> <span class='ocrx_word' id='word_1_261' title='bbox 819 2372 1007 2428; x_wconf 87' lang='lat' dir='ltr'><strong>diebus</strong></span> <span class='ocrx_word' id='word_1_262' title='bbox 1031 2369 1232 2441; x_wconf 89' lang='lat' dir='ltr'><strong>quibus</strong></span> <span class='ocrx_word' id='word_1_263' title='bbox 1256 2382 1358 2423; x_wconf 93' lang='lat' dir='ltr'><strong>nos</strong></span> <span class='ocrx_word' id='word_1_264' title='bbox 1393 2364 1728 2420; x_wconf 90' lang='lat' dir='ltr'><strong>humiliasti:</strong></span> 
     </span>
    </p>
   </div>
   <div class='ocr_carea' id='block_1_43' title="bbox 1841 2354 3422 2441">
    <p class='ocr_par' dir='ltr' id='par_1_43' title="bbox 2230 2354 3422 2434">
     <span class='ocr_line' id='line_1_43' title="bbox 2230 2354 3422 2434; baseline 0.002 -18"><span class='ocrx_word' id='word_1_265' title='bbox 2230 2363 2320 2419; x_wconf 89' lang='lat'><strong><em>55.</em></strong></span> <span class='ocrx_word' id='word_1_266' title='bbox 2342 2361 2486 2416; x_wconf 82' lang='grc' dir='ltr'>’Δνθ’</span> <span class='ocrx_word' id='word_1_267' title='bbox 2509 2354 2585 2418; x_wconf 82' lang='grc' dir='ltr'>ὧν</span> <span class='ocrx_word' id='word_1_268' title='bbox 2609 2361 2832 2434; x_wconf 78' lang='grc' dir='ltr'>ἡμερῶν</span> <span class='ocrx_word' id='word_1_269' title='bbox 2855 2361 3225 2425; x_wconf 84' lang='grc' dir='ltr'>ὲταπείνωσας</span> <span class='ocrx_word' id='word_1_270' title='bbox 3248 2360 3422 2432; x_wconf 78' lang='grc' dir='ltr'>ἡμᾶς·</span> 
     </span>
    </p>
   </div>
   <div class='ocr_carea' id='block_1_44' title="bbox 563 2445 2144 2533">
    <p class='ocr_par' dir='ltr' id='par_1_44' title="bbox 563 2457 1538 2533">
     <span class='ocr_line' id='line_1_44' title="bbox 563 2457 1538 2533; baseline -0.009 -13"><span class='ocrx_word' id='word_1_271' title='bbox 563 2465 653 2521; x_wconf 76' lang='grc'><strong>51.</strong></span> <span class='ocrx_word' id='word_1_272' title='bbox 679 2464 850 2520; x_wconf 89' lang='lat' dir='ltr'><strong>Annis</strong></span> <span class='ocrx_word' id='word_1_273' title='bbox 881 2463 1079 2533; x_wconf 89' lang='lat' dir='ltr'><strong>quibus</strong></span> <span class='ocrx_word' id='word_1_274' title='bbox 1105 2460 1343 2516; x_wconf 84' lang='lat' dir='ltr'><strong>vidimus</strong></span> <span class='ocrx_word' id='word_1_275' title='bbox 1373 2457 1538 2513; x_wconf 89' lang='lat' dir='ltr'><strong>mala.</strong></span> 
     </span>
    </p>
   </div>
   <div class='ocr_carea' id='block_1_45' title="bbox 1492 2445 3073 2533">
    <p class='ocr_par' dir='ltr' id='par_1_45' title="bbox 1492 2445 3073 2526">
     <span class='ocr_line' id='line_1_45' title="bbox 1492 2445 3073 2526; baseline -0.003 -14"><span class='ocrx_word' id='word_1_276' title='bbox 1492 2472 1538 2512; x_wconf 86' lang='lat' dir='ltr'><strong>a.</strong></span> <span class='ocrx_word' id='word_1_277' title='bbox 2231 2453 2321 2509; x_wconf 66' lang='grc'><strong>51.</strong></span> <span class='ocrx_word' id='word_1_278' title='bbox 2347 2453 2538 2522; x_wconf 85' lang='grc' dir='ltr'>Ἐτῶν,</span> <span class='ocrx_word' id='word_1_279' title='bbox 2564 2445 2638 2512; x_wconf 80' lang='grc' dir='ltr'>ὧν</span> <span class='ocrx_word' id='word_1_280' title='bbox 2667 2454 2877 2526; x_wconf 75' lang='grc' dir='ltr'>εἴδομεν</span> <span class='ocrx_word' id='word_1_281' title='bbox 2908 2453 3073 2508; x_wconf 86' lang='grc' dir='ltr'>κακά.</span> 
     </span>
    </p>
   </div>
   <div class='ocr_carea' id='block_1_46' title="bbox 560 2617 1246 2764">
    <p class='ocr_par' dir='ltr' id='par_1_46' title="bbox 560 2617 1246 2764">
     <span class='ocr_line' id='line_1_46' title="bbox 560 2617 1246 2764; baseline -0.007 -87"><span class='ocrx_word' id='word_1_282' title='bbox 560 2623 644 2764; x_wconf 76' lang='grc' dir='ltr'><strong>(α)</strong></span> <span class='ocrx_word' id='word_1_283' title='bbox 684 2622 861 2690; x_wconf 85' lang='grc' dir='ltr'>Κύριε</span> <span class='ocrx_word' id='word_1_284' title='bbox 887 2634 995 2674; x_wconf 87' lang='lat' dir='ltr'><strong>non</strong></span> <span class='ocrx_word' id='word_1_285' title='bbox 1028 2617 1246 2688; x_wconf 82' lang='lat' dir='ltr'><strong>legitur.</strong></span> 
     </span>
     <span class='ocr_line' id='line_1_47' title="bbox 588 2688 1222 2763; baseline -0.006 -17"><span class='ocrx_word' id='word_1_286' title='bbox 588 2694 640 2763; x_wconf 75' lang='grc' dir='ltr'><strong>ὁ)</strong></span> <span class='ocrx_word' id='word_1_287' title='bbox 684 2692 838 2748; x_wconf 86' lang='lat' dir='ltr'><strong>Vers.</strong></span> <span class='ocrx_word' id='word_1_288' title='bbox 871 2691 961 2754; x_wconf 87' lang='lat'><strong><em>5|,</em></strong></span> <span class='ocrx_word' id='word_1_289' title='bbox 996 2689 1087 2755; x_wconf 89' lang='lat'><strong><em>52,</em></strong></span> <span class='ocrx_word' id='word_1_290' title='bbox 1119 2688 1222 2743; x_wconf 87' lang='lat' dir='ltr'><strong>sub</strong></span> 
     </span>
    </p>
   </div>
   <div class='ocr_carea' id='block_1_47' title="bbox 588 2685 1594 2763">
    <p class='ocr_par' dir='ltr' id='par_1_47' title="bbox 588 2685 1594 2763">
     <span class='ocr_line' id='line_1_48' title="bbox 588 2685 1594 2763; baseline -0.008 -17"><span class='ocrx_word' id='word_1_291' title='bbox 588 2685 640 2763; x_wconf 76' lang='grc' dir='ltr'><strong>ὁ)</strong></span> <span class='ocrx_word' id='word_1_292' title='bbox 684 2685 838 2748; x_wconf 65' lang='lat' dir='ltr'><strong>Veis.</strong></span> <span class='ocrx_word' id='word_1_293' title='bbox 871 2691 961 2754; x_wconf 86' lang='lat'><strong><em>5|,</em></strong></span> <span class='ocrx_word' id='word_1_294' title='bbox 996 2685 1222 2755; x_wconf 62' lang='lat' dir='ltr'><strong>52,&#39;sub</strong></span> <span class='ocrx_word' id='word_1_295' title='bbox 1249 2685 1412 2742; x_wconf 90' lang='lat' dir='ltr'><strong>unico</strong></span> <span class='ocrx_word' id='word_1_296' title='bbox 1440 2699 1594 2738; x_wconf 92' lang='lat' dir='ltr'><strong>num.</strong></span> 
     </span>
    </p>
   </div>
   <div class='ocr_carea' id='block_1_48' title="bbox 1617 2833 2615 2890">
    <p class='ocr_par' dir='ltr' id='par_1_48' title="bbox 1617 2833 2615 2890">
     <span class='ocr_line' id='line_1_49' title="bbox 1617 2833 2615 2890; baseline -0.002 0"><span class='ocrx_word' id='word_1_297' title='bbox 1617 2834 1991 2890; x_wconf 81' lang='lat' dir='ltr'><strong>ATHANASII</strong></span> <span class='ocrx_word' id='word_1_298' title='bbox 2030 2833 2615 2890; x_wconf 77' lang='lat' dir='ltr'><strong>INTEBPRETATIO.</strong></span> 
     </span>
    </p>
   </div>
   <div class='ocr_carea' id='block_1_49' title="bbox 569 2966 2150 3058">
    <p class='ocr_par' dir='ltr' id='par_1_49' title="bbox 569 2978 2145 3058">
     <span class='ocr_line' id='line_1_50' title="bbox 569 2978 2145 3058; baseline -0.012 -10"><span class='ocrx_word' id='word_1_299' title='bbox 569 2995 654 3049; x_wconf 83' lang='grc'><strong>16.</strong></span> <span class='ocrx_word' id='word_1_300' title='bbox 689 2990 955 3058; x_wconf 82' lang='lat' dir='ltr'><strong>Quoniam</strong></span> <span class='ocrx_word' id='word_1_301' title='bbox 983 2987 1094 3057; x_wconf 91' lang='lat' dir='ltr'><strong>jam</strong></span> <span class='ocrx_word' id='word_1_302' title='bbox 1131 2983 1462 3054; x_wconf 88' lang='lat' dir='ltr'><strong>completum</strong></span> <span class='ocrx_word' id='word_1_303' title='bbox 1486 2991 1569 3036; x_wconf 88' lang='lat' dir='ltr'><strong>est</strong></span> <span class='ocrx_word' id='word_1_304' title='bbox 1591 2979 1699 3037; x_wconf 83' lang='lat' dir='ltr'><strong>hoc</strong></span> <span class='ocrx_word' id='word_1_305' title='bbox 1715 2978 2008 3034; x_wconf 82' lang='lat' dir='ltr'><strong>saeculum.</strong></span> <span class='ocrx_word' id='word_1_306' title='bbox 2097 2982 2145 3044; x_wconf 70' lang='grc' dir='ltr'><strong><em>ε</em></strong></span> 
     </span>
    </p>
   </div>
   <div class='ocr_carea' id='block_1_50' title="bbox 1903 2966 3484 3058">
    <p class='ocr_par' dir='ltr' id='par_1_50' title="bbox 1903 2966 3484 3049">
     <span class='ocr_line' id='line_1_51' title="bbox 1903 2966 3484 3049; baseline -0.003 -18"><span class='ocrx_word' id='word_1_307' title='bbox 1903 2993 2008 3032; x_wconf 83' lang='lat' dir='ltr'><strong>um.</strong></span> <span class='ocrx_word' id='word_1_308' title='bbox 2097 2982 2145 3044; x_wconf 69' lang='grc' dir='ltr'><strong><em>ε</em></strong></span> <span class='ocrx_word' id='word_1_309' title='bbox 2247 2980 2331 3033; x_wconf 85' lang='grc'><strong>16.</strong></span> <span class='ocrx_word' id='word_1_310' title='bbox 2353 2979 2474 3031; x_wconf 86' lang='grc' dir='ltr'>Ὅτι</span> <span class='ocrx_word' id='word_1_311' title='bbox 2499 2977 2682 3031; x_wconf 78' lang='grc' dir='ltr'>λοιπὸν</span> <span class='ocrx_word' id='word_1_312' title='bbox 2715 2977 3068 3049; x_wconf 88' lang='grc' dir='ltr'>πεπλήρωται</span> <span class='ocrx_word' id='word_1_313' title='bbox 3095 2978 3125 3030; x_wconf 87' lang='grc' dir='ltr'><strong>ό</strong></span> <span class='ocrx_word' id='word_1_314' title='bbox 3151 2975 3285 3030; x_wconf 72' lang='grc' dir='ltr'>αἰὼν</span> <span class='ocrx_word' id='word_1_315' title='bbox 3307 2966 3484 3038; x_wconf 73' lang='grc' dir='ltr'>οὗτος.</span> 
     </span>
    </p>
   </div>
   <div class='ocr_carea' id='block_1_51' title="bbox 570 3063 2151 3150">
    <p class='ocr_par' dir='ltr' id='par_1_51' title="bbox 570 3069 2066 3150">
     <span class='ocr_line' id='line_1_52' title="bbox 570 3069 2066 3150; baseline -0.013 -10"><span class='ocrx_word' id='word_1_316' title='bbox 570 3086 656 3140; x_wconf 74' lang='grc' dir='ltr'><strong>Π.</strong></span> <span class='ocrx_word' id='word_1_317' title='bbox 682 3079 814 3136; x_wconf 84' lang='lat' dir='ltr'><strong>Nam</strong></span> <span class='ocrx_word' id='word_1_318' title='bbox 840 3080 1006 3150; x_wconf 81' lang='lat' dir='ltr'><strong>priori</strong></span> <span class='ocrx_word' id='word_1_319' title='bbox 1037 3077 1232 3132; x_wconf 66' lang='lat' dir='ltr'><strong>saeculo</strong></span> <span class='ocrx_word' id='word_1_320' title='bbox 1255 3082 1653 3144; x_wconf 78' lang='lat' dir='ltr'><strong>nongentorum</strong></span> <span class='ocrx_word' id='word_1_321' title='bbox 1689 3078 1808 3125; x_wconf 89' lang='lat' dir='ltr'><strong>erat</strong></span> <span class='ocrx_word' id='word_1_322' title='bbox 1835 3069 1942 3123; x_wconf 88' lang='lat' dir='ltr'><strong>vita</strong></span> <span class='ocrx_word' id='word_1_323' title='bbox 1971 3069 2066 3122; x_wconf 89' lang='lat' dir='ltr'><strong>ho-</strong></span> 
     </span>
    </p>
   </div>
   <div class='ocr_carea' id='block_1_52' title="bbox 2155 3063 3736 3150">
    <p class='ocr_par' dir='ltr' id='par_1_52' title="bbox 2243 3063 3736 3143">
     <span class='ocr_line' id='line_1_53' title="bbox 2243 3063 3736 3143; baseline -0.003 -17"><span class='ocrx_word' id='word_1_324' title='bbox 2243 3073 2327 3128; x_wconf 83' lang='grc'><strong>17.</strong></span> <span class='ocrx_word' id='word_1_325' title='bbox 2359 3073 2416 3125; x_wconf 86' lang='lat'><strong>&#39;0</strong></span> <span class='ocrx_word' id='word_1_326' title='bbox 2446 3071 2553 3143; x_wconf 85' lang='grc' dir='ltr'><strong>γὰρ</strong></span> <span class='ocrx_word' id='word_1_327' title='bbox 2602 3070 2867 3143; x_wconf 73' lang='grc' dir='ltr'>πρότερος</span> <span class='ocrx_word' id='word_1_328' title='bbox 2898 3069 3032 3124; x_wconf 83' lang='grc' dir='ltr'>αἰὼν</span> <span class='ocrx_word' id='word_1_329' title='bbox 3062 3068 3138 3142; x_wconf 90' lang='grc'><strong>(1)</strong></span> <span class='ocrx_word' id='word_1_330' title='bbox 3175 3068 3500 3123; x_wconf 73' lang='grc' dir='ltr'>ἐννακοσίων</span> <span class='ocrx_word' id='word_1_331' title='bbox 3523 3067 3657 3119; x_wconf 69' lang='grc' dir='ltr'>ἐτῶν</span> <span class='ocrx_word' id='word_1_332' title='bbox 3675 3063 3736 3139; x_wconf 78' lang='grc' dir='ltr'>ἦν</span> 
     </span>
    </p>
   </div>
   <div class='ocr_carea' id='block_1_53' title="bbox 497 3158 2078 3243">
    <p class='ocr_par' dir='ltr' id='par_1_53' title="bbox 497 3158 2072 3243">
     <span class='ocr_line' id='line_1_54' title="bbox 497 3158 2072 3243; baseline -0.014 -10"><span class='ocrx_word' id='word_1_333' title='bbox 497 3178 729 3243; x_wconf 89' lang='lat' dir='ltr'><strong>minum,</strong></span> <span class='ocrx_word' id='word_1_334' title='bbox 752 3188 898 3228; x_wconf 92' lang='lat' dir='ltr'><strong>nunc</strong></span> <span class='ocrx_word' id='word_1_335' title='bbox 935 3178 1112 3225; x_wconf 87' lang='lat' dir='ltr'><strong>autem</strong></span> <span class='ocrx_word' id='word_1_336' title='bbox 1165 3167 1434 3222; x_wconf 88' lang='lat' dir='ltr'><strong>diminuta</strong></span> <span class='ocrx_word' id='word_1_337' title='bbox 1489 3172 1572 3219; x_wconf 91' lang='lat' dir='ltr'><strong>est</strong></span> <span class='ocrx_word' id='word_1_338' title='bbox 1620 3162 1675 3216; x_wconf 89' lang='lat' dir='ltr'><strong>in</strong></span> <span class='ocrx_word' id='word_1_339' title='bbox 1713 3167 1934 3216; x_wconf 87' lang='lat' dir='ltr'><strong>centum</strong></span> <span class='ocrx_word' id='word_1_340' title='bbox 1987 3158 2072 3212; x_wconf 83' lang='lat' dir='ltr'><strong>vi-</strong></span> 
     </span>
    </p>
   </div>
   <div class='ocr_carea' id='block_1_54' title="bbox 2155 3158 3736 3243">
    <p class='ocr_par' dir='ltr' id='par_1_54' title="bbox 2167 3160 3736 3239">
     <span class='ocr_line' id='line_1_55' title="bbox 2167 3160 3736 3239; baseline -0.006 -16"><span class='ocrx_word' id='word_1_341' title='bbox 2167 3170 2202 3239; x_wconf 83' lang='grc' dir='ltr'><strong>ἡ</strong></span> <span class='ocrx_word' id='word_1_342' title='bbox 2234 3167 2343 3238; x_wconf 79' lang='grc' dir='ltr'><strong>ζωὴ</strong></span> <span class='ocrx_word' id='word_1_343' title='bbox 2387 3165 2493 3219; x_wconf 86' lang='grc' dir='ltr'>τῶν</span> <span class='ocrx_word' id='word_1_344' title='bbox 2537 3165 2857 3238; x_wconf 82' lang='grc' dir='ltr'>ἀνθρώπων,</span> <span class='ocrx_word' id='word_1_345' title='bbox 2883 3163 2979 3218; x_wconf 79' lang='grc' dir='ltr'>νῦν</span> <span class='ocrx_word' id='word_1_346' title='bbox 3023 3162 3080 3217; x_wconf 80' lang='grc' dir='ltr'><strong>δὲ</strong></span> <span class='ocrx_word' id='word_1_347' title='bbox 3127 3160 3520 3233; x_wconf 76' lang='grc' dir='ltr'>ἠλαττώθησαν</span> <span class='ocrx_word' id='word_1_348' title='bbox 3554 3161 3634 3223; x_wconf 78' lang='grc' dir='ltr'>εἰς</span> <span class='ocrx_word' id='word_1_349' title='bbox 3661 3165 3736 3232; x_wconf 83' lang='grc' dir='ltr'>ρκ’</span> 
     </span>
    </p>
   </div>
   <div class='ocr_carea' id='block_1_55' title="bbox 498 3257 2286 3343">
    <p class='ocr_par' dir='ltr' id='par_1_55' title="bbox 498 3257 2286 3343">
     <span class='ocr_line' id='line_1_56' title="bbox 498 3257 2286 3343; baseline -0.008 -19"><span class='ocrx_word' id='word_1_350' title='bbox 498 3270 632 3343; x_wconf 79' lang='lat' dir='ltr'><strong>ginli</strong></span> <span class='ocrx_word' id='word_1_351' title='bbox 663 3281 857 3322; x_wconf 89' lang='lat' dir='ltr'><strong>annos.</strong></span> <span class='ocrx_word' id='word_1_352' title='bbox 2169 3257 2286 3329; x_wconf 76' lang='grc' dir='ltr'>ἔτη.</span> 
     </span>
    </p>
   </div>
   <div class='ocr_carea' id='block_1_56' title="bbox 572 3341 2153 3418">
    <p class='ocr_par' dir='ltr' id='par_1_56' title="bbox 572 3343 2066 3418">
     <span class='ocr_line' id='line_1_57' title="bbox 572 3343 2066 3418; baseline -0.015 0"><span class='ocrx_word' id='word_1_353' title='bbox 572 3363 659 3418; x_wconf 85' lang='grc'><strong>18.</strong></span> <span class='ocrx_word' id='word_1_354' title='bbox 694 3359 831 3412; x_wconf 90' lang='lat' dir='ltr'><strong>Anni</strong></span> <span class='ocrx_word' id='word_1_355' title='bbox 867 3357 1038 3412; x_wconf 81' lang='lat' dir='ltr'><strong>nostri</strong></span> <span class='ocrx_word' id='word_1_356' title='bbox 1075 3351 1414 3407; x_wconf 85' lang='lat' dir='ltr'><strong>miserabiles</strong></span> <span class='ocrx_word' id='word_1_357' title='bbox 1439 3356 1492 3403; x_wconf 87' lang='lat' dir='ltr'><strong>et</strong></span> <span class='ocrx_word' id='word_1_358' title='bbox 1518 3346 1720 3402; x_wconf 83' lang='lat' dir='ltr'><strong>inﬁrmi</strong></span> <span class='ocrx_word' id='word_1_359' title='bbox 1758 3343 1889 3399; x_wconf 77' lang='lat' dir='ltr'><strong>tacti</strong></span> <span class='ocrx_word' id='word_1_360' title='bbox 1919 3351 2066 3399; x_wconf 90' lang='lat' dir='ltr'><strong>sunt.</strong></span> 
     </span>
    </p>
   </div>
   <div class='ocr_carea' id='block_1_57' title="bbox 2125 3341 3706 3418">
    <p class='ocr_par' dir='ltr' id='par_1_57' title="bbox 2240 3341 3706 3418">
     <span class='ocr_line' id='line_1_58' title="bbox 2240 3341 3706 3418; baseline -0.006 -14"><span class='ocrx_word' id='word_1_361' title='bbox 2240 3349 2326 3404; x_wconf 89' lang='grc'><strong>18.</strong></span> <span class='ocrx_word' id='word_1_362' title='bbox 2367 3347 2447 3401; x_wconf 83' lang='grc' dir='ltr'><strong>Τὰ</strong></span> <span class='ocrx_word' id='word_1_363' title='bbox 2475 3347 2569 3418; x_wconf 76' lang='grc' dir='ltr'><strong>ἔτη</strong></span> <span class='ocrx_word' id='word_1_364' title='bbox 2597 3345 2752 3418; x_wconf 85' lang='grc' dir='ltr'>ἡμῶν</span> <span class='ocrx_word' id='word_1_365' title='bbox 2772 3344 2964 3417; x_wconf 78' lang='grc' dir='ltr'>οἰκτρὰ</span> <span class='ocrx_word' id='word_1_366' title='bbox 2990 3343 3084 3398; x_wconf 74' lang='grc' dir='ltr'>καὶ</span> <span class='ocrx_word' id='word_1_367' title='bbox 3110 3342 3376 3414; x_wconf 82' lang='grc' dir='ltr'>ἀνίσχυρα</span> <span class='ocrx_word' id='word_1_368' title='bbox 3399 3341 3706 3410; x_wconf 81' lang='grc' dir='ltr'>γεγόνασιν.</span> 
     </span>
    </p>
   </div>
   <div class='ocr_carea' id='block_1_58' title="bbox 570 3435 2151 3516">
    <p class='ocr_par' dir='ltr' id='par_1_58' title="bbox 570 3439 2070 3516">
     <span class='ocr_line' id='line_1_59' title="bbox 570 3439 2070 3516; baseline -0.012 -8"><span class='ocrx_word' id='word_1_369' title='bbox 570 3453 756 3510; x_wconf 83' lang='grc'><strong>19-21.</strong></span> <span class='ocrx_word' id='word_1_370' title='bbox 789 3450 924 3504; x_wconf 88' lang='lat' dir='ltr'><strong>Nam</strong></span> <span class='ocrx_word' id='word_1_371' title='bbox 967 3449 1033 3503; x_wconf 88' lang='lat' dir='ltr'><strong>ad</strong></span> <span class='ocrx_word' id='word_1_372' title='bbox 1078 3443 1416 3516; x_wconf 87' lang='lat' dir='ltr'><strong>septuaginta</strong></span> <span class='ocrx_word' id='word_1_373' title='bbox 1459 3449 1516 3496; x_wconf 90' lang='lat' dir='ltr'><strong>et</strong></span> <span class='ocrx_word' id='word_1_374' title='bbox 1555 3439 1836 3510; x_wconf 86' lang='lat' dir='ltr'><strong>octoginta</strong></span> <span class='ocrx_word' id='word_1_375' title='bbox 1897 3451 2070 3492; x_wconf 90' lang='lat' dir='ltr'><strong>annos</strong></span> 
     </span>
    </p>
   </div>
   <div class='ocr_carea' id='block_1_59' title="bbox 2156 3435 3737 3516">
    <p class='ocr_par' dir='ltr' id='par_1_59' title="bbox 2241 3435 3737 3508">
     <span class='ocr_line' id='line_1_60' title="bbox 2241 3435 3737 3508; baseline -0.005 -14"><span class='ocrx_word' id='word_1_376' title='bbox 2241 3441 2307 3497; x_wconf 90' lang='grc'><strong>19</strong></span> <span class='ocrx_word' id='word_1_377' title='bbox 2327 3470 2352 3480; x_wconf 88' lang='grc'><strong><em>-</em></strong></span> <span class='ocrx_word' id='word_1_378' title='bbox 2372 3439 2462 3494; x_wconf 87' lang='grc'><strong>21.</strong></span> <span class='ocrx_word' id='word_1_379' title='bbox 2513 3439 2605 3502; x_wconf 75' lang='grc' dir='ltr'><strong>Εἰς</strong></span> <span class='ocrx_word' id='word_1_380' title='bbox 2635 3438 3000 3508; x_wconf 77' lang='grc' dir='ltr'>ἐϐδομήκοντα</span> <span class='ocrx_word' id='word_1_381' title='bbox 3031 3435 3138 3507; x_wconf 82' lang='grc' dir='ltr'><strong>γὰρ</strong></span> <span class='ocrx_word' id='word_1_382' title='bbox 3170 3436 3262 3489; x_wconf 77' lang='grc' dir='ltr'><strong>καὶ</strong></span> <span class='ocrx_word' id='word_1_383' title='bbox 3291 3435 3622 3507; x_wconf 79' lang='grc' dir='ltr'>ὀγδοήκοντα</span> <span class='ocrx_word' id='word_1_384' title='bbox 3655 3435 3737 3504; x_wconf 73' lang='grc' dir='ltr'><strong>ἐτη</strong></span> 
     </span>
    </p>
   </div>
   <div class='ocr_carea' id='block_1_60' title="bbox 502 3525 2083 3618">
    <p class='ocr_par' dir='ltr' id='par_1_60' title="bbox 502 3529 2072 3618">
     <span class='ocr_line' id='line_1_61' title="bbox 502 3529 2072 3618; baseline -0.014 -14"><span class='ocrx_word' id='word_1_385' title='bbox 502 3546 850 3618; x_wconf 76' lang='lat' dir='ltr'><strong>pervenimus</strong></span> <span class='ocrx_word' id='word_1_386' title='bbox 877 3562 889 3597; x_wconf 89' lang='lat'><strong>:</strong></span> <span class='ocrx_word' id='word_1_387' title='bbox 918 3543 964 3597; x_wconf 90' lang='lat' dir='ltr'><strong>si</strong></span> <span class='ocrx_word' id='word_1_388' title='bbox 997 3549 1178 3596; x_wconf 90' lang='lat' dir='ltr'><strong>autem</strong></span> <span class='ocrx_word' id='word_1_389' title='bbox 1220 3535 1432 3606; x_wconf 84' lang='lat' dir='ltr'><strong>longius</strong></span> <span class='ocrx_word' id='word_1_390' title='bbox 1464 3533 1662 3589; x_wconf 81' lang='lat' dir='ltr'><strong>vixerit</strong></span> <span class='ocrx_word' id='word_1_391' title='bbox 1705 3533 1891 3598; x_wconf 90' lang='lat' dir='ltr'><strong>homo,</strong></span> <span class='ocrx_word' id='word_1_392' title='bbox 1919 3529 2072 3584; x_wconf 82' lang='lat' dir='ltr'><strong>labor</strong></span> 
     </span>
    </p>
   </div>
   <div class='ocr_carea' id='block_1_61' title="bbox 2157 3525 3738 3618">
    <p class='ocr_par' dir='ltr' id='par_1_61' title="bbox 2171 3525 3738 3602">
     <span class='ocr_line' id='line_1_62' title="bbox 2171 3525 3738 3602; baseline -0.004 -17"><span class='ocrx_word' id='word_1_393' title='bbox 2171 3531 2516 3602; x_wconf 57' lang='grc' dir='ltr'>ἐφθάσαμεν</span> <span class='ocrx_word' id='word_1_394' title='bbox 2571 3530 2666 3583; x_wconf 83' lang='grc' dir='ltr'>ἐὰν</span> <span class='ocrx_word' id='word_1_395' title='bbox 2717 3530 2773 3583; x_wconf 81' lang='grc' dir='ltr'>δὲ</span> <span class='ocrx_word' id='word_1_396' title='bbox 2822 3529 3038 3582; x_wconf 89' lang='grc' dir='ltr'>πλείονα</span> <span class='ocrx_word' id='word_1_397' title='bbox 3081 3529 3221 3599; x_wconf 80' lang='grc' dir='ltr'><strong>ζήσῃ</strong></span> <span class='ocrx_word' id='word_1_398' title='bbox 3247 3525 3554 3598; x_wconf 78' lang='grc' dir='ltr'>ἄνθρωπος,</span> <span class='ocrx_word' id='word_1_399' title='bbox 3585 3527 3738 3588; x_wconf 78' lang='grc' dir='ltr'>κόπος</span> 
     </span>
    </p>
   </div>
   <div class='ocr_carea' id='block_1_62' title="bbox 501 3611 2082 3705">
    <p class='ocr_par' dir='ltr' id='par_1_62' title="bbox 501 3611 2066 3705">
     <span class='ocr_line' id='line_1_63' title="bbox 501 3611 2066 3705; baseline -0.015 -8"><span class='ocrx_word' id='word_1_400' title='bbox 501 3611 605 3704; x_wconf 76' lang='lat' dir='ltr'><strong>est,</strong></span> <span class='ocrx_word' id='word_1_401' title='bbox 627 3647 681 3694; x_wconf 92' lang='lat' dir='ltr'><strong>et</strong></span> <span class='ocrx_word' id='word_1_402' title='bbox 707 3637 861 3692; x_wconf 91' lang='lat' dir='ltr'><strong>dolor</strong></span> <span class='ocrx_word' id='word_1_403' title='bbox 883 3642 1100 3705; x_wconf 90' lang='lat' dir='ltr'><strong>propter</strong></span> <span class='ocrx_word' id='word_1_404' title='bbox 1129 3639 1432 3701; x_wconf 88' lang='lat' dir='ltr'><strong>peccatum,</strong></span> <span class='ocrx_word' id='word_1_405' title='bbox 1461 3625 1608 3696; x_wconf 85' lang='lat' dir='ltr'><strong>quod</strong></span> <span class='ocrx_word' id='word_1_406' title='bbox 1638 3631 1723 3679; x_wconf 88' lang='lat' dir='ltr'><strong>est</strong></span> <span class='ocrx_word' id='word_1_407' title='bbox 1758 3623 1814 3677; x_wconf 90' lang='lat' dir='ltr'><strong>in</strong></span> <span class='ocrx_word' id='word_1_408' title='bbox 1839 3621 2066 3677; x_wconf 89' lang='lat' dir='ltr'><strong>mundo.</strong></span> 
     </span>
    </p>
   </div>
   <div class='ocr_carea' id='block_1_63' title="bbox 2156 3611 3737 3705">
    <p class='ocr_par' dir='ltr' id='par_1_63' title="bbox 2173 3611 3737 3692">
     <span class='ocr_line' id='line_1_64' title="bbox 2173 3611 3737 3692; baseline -0.006 -16"><span class='ocrx_word' id='word_1_409' title='bbox 2173 3624 2286 3676; x_wconf 76' lang='grc' dir='ltr'>ἐστὶ</span> <span class='ocrx_word' id='word_1_410' title='bbox 2327 3623 2421 3676; x_wconf 76' lang='grc' dir='ltr'>καὶ</span> <span class='ocrx_word' id='word_1_411' title='bbox 2469 3621 2628 3686; x_wconf 85' lang='grc' dir='ltr'>πόνος</span> <span class='ocrx_word' id='word_1_412' title='bbox 2672 3621 2760 3674; x_wconf 84' lang='grc' dir='ltr'>διὰ</span> <span class='ocrx_word' id='word_1_413' title='bbox 2798 3620 2896 3692; x_wconf 82' lang='grc' dir='ltr'>τὴν</span> <span class='ocrx_word' id='word_1_414' title='bbox 2940 3618 3208 3689; x_wconf 75' lang='grc' dir='ltr'>ἁμαρτίαν</span> <span class='ocrx_word' id='word_1_415' title='bbox 3246 3616 3344 3687; x_wconf 76' lang='grc' dir='ltr'>τὴν</span> <span class='ocrx_word' id='word_1_416' title='bbox 3387 3611 3554 3670; x_wconf 75' lang='grc' dir='ltr'>οὖσαν</span> <span class='ocrx_word' id='word_1_417' title='bbox 3583 3617 3642 3667; x_wconf 87' lang='grc' dir='ltr'><strong>ἐν</strong></span> <span class='ocrx_word' id='word_1_418' title='bbox 3673 3613 3737 3684; x_wconf 74' lang='grc' dir='ltr'>τῷ</span> 
     </span>
    </p>
   </div>
   <div class='ocr_carea' id='block_1_64' title="bbox 2173 3716 2384 3787">
    <p class='ocr_par' dir='ltr' id='par_1_64' title="bbox 2173 3716 2384 3787">
     <span class='ocr_line' id='line_1_65' title="bbox 2173 3716 2384 3787; baseline -0.009 -17"><span class='ocrx_word' id='word_1_419' title='bbox 2173 3716 2384 3787; x_wconf 81' lang='grc' dir='ltr'>κόσμῳ.</span> 
     </span>
    </p>
   </div>
   <div class='ocr_carea' id='block_1_65' title="bbox 569 3797 2150 3898">
    <p class='ocr_par' dir='ltr' id='par_1_65' title="bbox 569 3817 2072 3898">
     <span class='ocr_line' id='line_1_66' title="bbox 569 3817 2072 3898; baseline -0.013 -10"><span class='ocrx_word' id='word_1_420' title='bbox 569 3833 658 3889; x_wconf 86' lang='grc'><strong>22.</strong></span> <span class='ocrx_word' id='word_1_421' title='bbox 691 3829 959 3898; x_wconf 89' lang='lat' dir='ltr'><strong>Quoniam</strong></span> <span class='ocrx_word' id='word_1_422' title='bbox 1004 3825 1179 3881; x_wconf 89' lang='lat' dir='ltr'><strong>Filius</strong></span> <span class='ocrx_word' id='word_1_423' title='bbox 1225 3822 1321 3878; x_wconf 82' lang='lat' dir='ltr'><strong>Dei</strong></span> <span class='ocrx_word' id='word_1_424' title='bbox 1369 3821 1537 3886; x_wconf 88' lang='lat' dir='ltr'><strong>venit,</strong></span> <span class='ocrx_word' id='word_1_425' title='bbox 1568 3827 1624 3874; x_wconf 89' lang='lat' dir='ltr'><strong>et</strong></span> <span class='ocrx_word' id='word_1_426' title='bbox 1655 3817 1835 3874; x_wconf 89' lang='lat' dir='ltr'><strong>edocti</strong></span> <span class='ocrx_word' id='word_1_427' title='bbox 1882 3829 2072 3871; x_wconf 91' lang='lat' dir='ltr'><strong>sumus</strong></span> 
     </span>
    </p>
   </div>
   <div class='ocr_carea' id='block_1_66' title="bbox 2157 3797 3738 3898">
    <p class='ocr_par' dir='ltr' id='par_1_66' title="bbox 2241 3797 3738 3873">
     <span class='ocr_line' id='line_1_67' title="bbox 2241 3797 3738 3873; baseline -0.009 -10"><span class='ocrx_word' id='word_1_428' title='bbox 2241 3809 2334 3864; x_wconf 88' lang='lat'><strong>22.</strong></span> <span class='ocrx_word' id='word_1_429' title='bbox 2354 3809 2476 3861; x_wconf 84' lang='grc' dir='ltr'><strong>Ὅτι</strong></span> <span class='ocrx_word' id='word_1_430' title='bbox 2502 3807 2630 3869; x_wconf 80' lang='grc' dir='ltr'>Υἱὸς</span> <span class='ocrx_word' id='word_1_431' title='bbox 2656 3802 2749 3858; x_wconf 83' lang='grc' dir='ltr'>τοῦ</span> <span class='ocrx_word' id='word_1_432' title='bbox 2777 3802 2912 3856; x_wconf 78' lang='grc' dir='ltr'>Θεοῦ</span> <span class='ocrx_word' id='word_1_433' title='bbox 2941 3798 3091 3873; x_wconf 79' lang='grc' dir='ltr'>ἦλθε,</span> <span class='ocrx_word' id='word_1_434' title='bbox 3124 3801 3220 3853; x_wconf 76' lang='grc' dir='ltr'><strong>καὶ</strong></span> <span class='ocrx_word' id='word_1_435' title='bbox 3257 3797 3625 3868; x_wconf 80' lang='grc' dir='ltr'>παιδευόμεθα</span> <span class='ocrx_word' id='word_1_436' title='bbox 3650 3815 3738 3850; x_wconf 84' lang='grc' dir='ltr'>κα-</span> 
     </span>
    </p>
   </div>
   <div class='ocr_carea' id='block_1_67' title="bbox 503 3895 2084 3982">
    <p class='ocr_par' dir='ltr' id='par_1_67' title="bbox 503 3918 1238 3982">
     <span class='ocr_line' id='line_1_68' title="bbox 503 3918 1238 3982; baseline -0.018 0"><span class='ocrx_word' id='word_1_437' title='bbox 503 3935 851 3982; x_wconf 90' lang='lat' dir='ltr'><strong>contemnere</strong></span> <span class='ocrx_word' id='word_1_438' title='bbox 877 3922 1016 3975; x_wconf 88' lang='lat' dir='ltr'><strong>hanc</strong></span> <span class='ocrx_word' id='word_1_439' title='bbox 1050 3918 1238 3973; x_wconf 82' lang='lat' dir='ltr'><strong>vitam.</strong></span> 
     </span>
    </p>
   </div>
   <div class='ocr_carea' id='block_1_68' title="bbox 1433 3895 3014 3982">
    <p class='ocr_par' dir='ltr' id='par_1_68' title="bbox 2173 3895 3014 3973">
     <span class='ocr_line' id='line_1_69' title="bbox 2173 3895 3014 3973; baseline -0.012 -17"><span class='ocrx_word' id='word_1_440' title='bbox 2173 3903 2458 3973; x_wconf 84' lang='grc' dir='ltr'>ταφρονεῖν</span> <span class='ocrx_word' id='word_1_441' title='bbox 2493 3902 2592 3970; x_wconf 85' lang='grc' dir='ltr'><strong>τῆς</strong></span> <span class='ocrx_word' id='word_1_442' title='bbox 2621 3897 2764 3966; x_wconf 81' lang='grc' dir='ltr'>ζωῆς</span> <span class='ocrx_word' id='word_1_443' title='bbox 2793 3895 3014 3963; x_wconf 85' lang='grc' dir='ltr'>ταύτης.</span> 
     </span>
    </p>
   </div>
   <div class='ocr_carea' id='block_1_69' title="bbox 569 3982 2150 4082">
    <p class='ocr_par' dir='ltr' id='par_1_69' title="bbox 569 4003 1550 4082">
     <span class='ocr_line' id='line_1_70' title="bbox 569 4003 1550 4082; baseline -0.015 -11"><span class='ocrx_word' id='word_1_444' title='bbox 569 4018 660 4072; x_wconf 80' lang='lat'><strong>25.</strong></span> <span class='ocrx_word' id='word_1_445' title='bbox 687 4013 821 4082; x_wconf 86' lang='lat' dir='ltr'><strong>Quis</strong></span> <span class='ocrx_word' id='word_1_446' title='bbox 845 4012 994 4068; x_wconf 90' lang='lat' dir='ltr'><strong>novit</strong></span> <span class='ocrx_word' id='word_1_447' title='bbox 1013 4021 1211 4065; x_wconf 58' lang='lat' dir='ltr'><strong>aeterna</strong></span> <span class='ocrx_word' id='word_1_448' title='bbox 1241 4003 1550 4076; x_wconf 84' lang='lat' dir='ltr'><strong>supplicia?</strong></span> 
     </span>
    </p>
   </div>
   <div class='ocr_carea' id='block_1_70' title="bbox 1692 3982 3273 4082">
    <p class='ocr_par' dir='ltr' id='par_1_70' title="bbox 2243 3982 3273 4053">
     <span class='ocr_line' id='line_1_71' title="bbox 2243 3982 3273 4053; baseline -0.016 -6"><span class='ocrx_word' id='word_1_449' title='bbox 2243 3992 2335 4046; x_wconf 89' lang='grc'><strong>25.</strong></span> <span class='ocrx_word' id='word_1_450' title='bbox 2377 3991 2472 4053; x_wconf 92' lang='grc' dir='ltr'><strong>Τίς</strong></span> <span class='ocrx_word' id='word_1_451' title='bbox 2493 3986 2599 4042; x_wconf 73' lang='grc' dir='ltr'>οἶδε</span> <span class='ocrx_word' id='word_1_452' title='bbox 2627 3986 2695 4041; x_wconf 86' lang='grc' dir='ltr'>τὰ</span> <span class='ocrx_word' id='word_1_453' title='bbox 2726 3986 2943 4039; x_wconf 77' lang='grc' dir='ltr'>αἰωνίου</span> <span class='ocrx_word' id='word_1_454' title='bbox 2973 3982 3273 4047; x_wconf 86' lang='grc' dir='ltr'>κολάσεως;</span> 
     </span>
    </p>
   </div>
   <div class='ocr_carea' id='block_1_71' title="bbox 573 4067 2154 4178">
    <p class='ocr_par' dir='ltr' id='par_1_71' title="bbox 573 4093 2074 4178">
     <span class='ocr_line' id='line_1_72' title="bbox 573 4093 2074 4178; baseline -0.013 -13"><span class='ocrx_word' id='word_1_455' title='bbox 573 4111 664 4166; x_wconf 69' lang='grc'><strong>24.</strong></span> <span class='ocrx_word' id='word_1_456' title='bbox 692 4108 908 4163; x_wconf 85' lang='lat' dir='ltr'><strong>Habens</strong></span> <span class='ocrx_word' id='word_1_457' title='bbox 937 4105 1200 4178; x_wconf 85' lang='lat' dir='ltr'><strong>_timorem</strong></span> <span class='ocrx_word' id='word_1_458' title='bbox 1233 4110 1386 4155; x_wconf 90' lang='lat' dir='ltr'><strong>tuum</strong></span> <span class='ocrx_word' id='word_1_459' title='bbox 1417 4105 1594 4169; x_wconf 89' lang='lat' dir='ltr'><strong>potest</strong></span> <span class='ocrx_word' id='word_1_460' title='bbox 1626 4109 1956 4168; x_wconf 79' lang='lat' dir='ltr'><strong>cognoscere</strong></span> <span class='ocrx_word' id='word_1_461' title='bbox 1981 4093 2074 4164; x_wconf 89' lang='lat' dir='ltr'><strong>ju-</strong></span> 
     </span>
    </p>
   </div>
   <div class='ocr_carea' id='block_1_72' title="bbox 2159 4067 3740 4178">
    <p class='ocr_par' dir='ltr' id='par_1_72' title="bbox 2245 4067 3740 4152">
     <span class='ocr_line' id='line_1_73' title="bbox 2245 4067 3740 4152; baseline -0.012 -14"><span class='ocrx_word' id='word_1_462' title='bbox 2245 4084 2336 4137; x_wconf 73' lang='grc'><strong>24.</strong></span> <span class='ocrx_word' id='word_1_463' title='bbox 2362 4083 2419 4136; x_wconf 88' lang='grc' dir='ltr'>Ὁ</span> <span class='ocrx_word' id='word_1_464' title='bbox 2449 4081 2585 4152; x_wconf 80' lang='grc' dir='ltr'>ἔχων</span> <span class='ocrx_word' id='word_1_465' title='bbox 2610 4079 2701 4132; x_wconf 82' lang='grc' dir='ltr'><strong>τὸν</strong></span> <span class='ocrx_word' id='word_1_466' title='bbox 2729 4077 2890 4146; x_wconf 79' lang='grc' dir='ltr'>φόϐον</span> <span class='ocrx_word' id='word_1_467' title='bbox 2935 4092 3027 4128; x_wconf 93' lang='grc' dir='ltr'><strong>σου</strong></span> <span class='ocrx_word' id='word_1_468' title='bbox 3071 4073 3290 4127; x_wconf 81' lang='grc' dir='ltr'>δύναται</span> <span class='ocrx_word' id='word_1_469' title='bbox 3321 4069 3621 4138; x_wconf 81' lang='grc' dir='ltr'>ἐπιγνῶναι</span> <span class='ocrx_word' id='word_1_470' title='bbox 3654 4067 3740 4139; x_wconf 77' lang='grc' dir='ltr'>τὴν</span> 
     </span>
    </p>
   </div>
   <div class='ocr_carea' id='block_1_73' title="bbox 507 4162 2088 4256">
    <p class='ocr_par' dir='ltr' id='par_1_73' title="bbox 507 4201 910 4256">
     <span class='ocr_line' id='line_1_74' title="bbox 507 4201 910 4256; baseline -0.012 -1"><span class='ocrx_word' id='word_1_471' title='bbox 507 4201 708 4256; x_wconf 87' lang='lat' dir='ltr'><strong>dicium</strong></span> <span class='ocrx_word' id='word_1_472' title='bbox 735 4206 910 4253; x_wconf 88' lang='lat' dir='ltr'><strong>tuum.</strong></span> 
     </span>
    </p>
   </div>
   <div class='ocr_carea' id='block_1_74' title="bbox 2162 4162 3743 4256">
    <p class='ocr_par' dir='ltr' id='par_1_74' title="bbox 2176 4162 3743 4247">
     <span class='ocr_line' id='line_1_75' title="bbox 2176 4162 3743 4247; baseline -0.011 -16"><span class='ocrx_word' id='word_1_473' title='bbox 2176 4176 2354 4247; x_wconf 86' lang='grc' dir='ltr'>κρίσιν</span> <span class='ocrx_word' id='word_1_474' title='bbox 2381 4192 2494 4227; x_wconf 92' lang='grc' dir='ltr'>σου.</span> <span class='ocrx_word' id='word_1_475' title='bbox 3733 4162 3743 4171; x_wconf 85' lang='grc'><strong>“</strong></span> 
     </span>
    </p>
   </div>
   <div class='ocr_carea' id='block_1_75' title="bbox 577 4250 2158 4352">
    <p class='ocr_par' dir='ltr' id='par_1_75' title="bbox 577 4276 2075 4352">
     <span class='ocr_line' id='line_1_76' title="bbox 577 4276 2075 4352; baseline -0.009 -10"><span class='ocrx_word' id='word_1_476' title='bbox 577 4288 665 4342; x_wconf 80' lang='grc'><strong>25.</strong></span> <span class='ocrx_word' id='word_1_477' title='bbox 698 4285 998 4341; x_wconf 89' lang='lat' dir='ltr'><strong>Potentiam</strong></span> <span class='ocrx_word' id='word_1_478' title='bbox 1044 4292 1192 4339; x_wconf 88' lang='lat' dir='ltr'><strong>tuam</strong></span> <span class='ocrx_word' id='word_1_479' title='bbox 1241 4297 1336 4352; x_wconf 90' lang='lat' dir='ltr'><strong>per</strong></span> <span class='ocrx_word' id='word_1_480' title='bbox 1377 4281 1628 4336; x_wconf 89' lang='lat' dir='ltr'><strong>timorem</strong></span> <span class='ocrx_word' id='word_1_481' title='bbox 1671 4287 1826 4333; x_wconf 88' lang='lat' dir='ltr'><strong>tuum</strong></span> <span class='ocrx_word' id='word_1_482' title='bbox 1867 4276 1958 4331; x_wconf 84' lang='lat' dir='ltr'><strong>&#39;fac</strong></span> <span class='ocrx_word' id='word_1_483' title='bbox 1987 4291 2075 4329; x_wconf 92' lang='lat' dir='ltr'><strong>me</strong></span> 
     </span>
    </p>
   </div>
   <div class='ocr_carea' id='block_1_76' title="bbox 2158 4250 3739 4352">
    <p class='ocr_par' dir='ltr' id='par_1_76' title="bbox 2246 4250 3739 4327">
     <span class='ocr_line' id='line_1_77' title="bbox 2246 4250 3739 4327; baseline -0.012 -5"><span class='ocrx_word' id='word_1_484' title='bbox 2246 4267 2335 4322; x_wconf 83' lang='lat'><strong>25.</strong></span> <span class='ocrx_word' id='word_1_485' title='bbox 2367 4266 2439 4318; x_wconf 86' lang='grc' dir='ltr'><strong>Τὸ</strong></span> <span class='ocrx_word' id='word_1_486' title='bbox 2470 4263 2692 4318; x_wconf 86' lang='grc' dir='ltr'>δυνατόν</span> <span class='ocrx_word' id='word_1_487' title='bbox 2729 4279 2818 4315; x_wconf 88' lang='grc' dir='ltr'><strong>σου</strong></span> <span class='ocrx_word' id='word_1_488' title='bbox 2841 4259 2929 4314; x_wconf 82' lang='grc' dir='ltr'><strong>διὰ</strong></span> <span class='ocrx_word' id='word_1_489' title='bbox 2950 4259 3043 4312; x_wconf 79' lang='grc' dir='ltr'>τοῦ</span> <span class='ocrx_word' id='word_1_490' title='bbox 3073 4256 3237 4327; x_wconf 78' lang='grc' dir='ltr'>φόϐου</span> <span class='ocrx_word' id='word_1_491' title='bbox 3275 4271 3367 4308; x_wconf 88' lang='grc' dir='ltr'><strong>σου</strong></span> <span class='ocrx_word' id='word_1_492' title='bbox 3418 4252 3647 4324; x_wconf 77' lang='grc' dir='ltr'>ποίησόν</span> <span class='ocrx_word' id='word_1_493' title='bbox 3674 4250 3739 4322; x_wconf 77' lang='grc'><strong>(2)</strong></span> 
     </span>
    </p>
   </div>
   <div class='ocr_carea' id='block_1_77' title="bbox 511 4352 2092 4450">
    <p class='ocr_par' dir='ltr' id='par_1_77' title="bbox 511 4381 826 4450">
     <span class='ocr_line' id='line_1_78' title="bbox 511 4381 826 4450; baseline -0.01 -15"><span class='ocrx_word' id='word_1_494' title='bbox 511 4381 826 4450; x_wconf 84' lang='lat' dir='ltr'><strong>intelligere.</strong></span> 
     </span>
    </p>
   </div>
   <div class='ocr_carea' id='block_1_78' title="bbox 912 4352 2493 4450">
    <p class='ocr_par' dir='ltr' id='par_1_78' title="bbox 2109 4352 2493 4432">
     <span class='ocr_line' id='line_1_79' title="bbox 2109 4352 2493 4432; baseline -0.021 -16"><span class='ocrx_word' id='word_1_495' title='bbox 2109 4352 2152 4406; x_wconf 74' lang='grc' dir='ltr'>Β</span> <span class='ocrx_word' id='word_1_496' title='bbox 2183 4378 2249 4432; x_wconf 86' lang='grc' dir='ltr'><strong>με</strong></span> <span class='ocrx_word' id='word_1_497' title='bbox 2280 4360 2493 4414; x_wconf 82' lang='grc' dir='ltr'>εἰδέναι.</span> 
     </span>
    </p>
   </div>
   <div class='ocr_carea' id='block_1_79' title="bbox 577 4437 2158 4534">
    <p class='ocr_par' dir='ltr' id='par_1_79' title="bbox 577 4437 2080 4534">
     <span class='ocr_line' id='line_1_80' title="bbox 577 4437 2080 4534; baseline -0.008 -10"><span class='ocrx_word' id='word_1_498' title='bbox 577 4437 766 4526; x_wconf 54' lang='grc' dir='ltr'><strong>26.νΕι</strong></span> <span class='ocrx_word' id='word_1_499' title='bbox 806 4469 1035 4524; x_wconf 91' lang='lat' dir='ltr'><strong>humiles</strong></span> <span class='ocrx_word' id='word_1_500' title='bbox 1066 4467 1232 4523; x_wconf 89' lang='lat' dir='ltr'><strong>corde</strong></span> <span class='ocrx_word' id='word_1_501' title='bbox 1265 4465 1495 4534; x_wconf 83' lang='lat' dir='ltr'><strong>repletos</strong></span> <span class='ocrx_word' id='word_1_502' title='bbox 1519 4461 1693 4533; x_wconf 85' lang='lat' dir='ltr'><strong>gratia</strong></span> <span class='ocrx_word' id='word_1_503' title='bbox 1735 4469 1828 4513; x_wconf 91' lang='lat' dir='ltr'><strong>tua</strong></span> <span class='ocrx_word' id='word_1_504' title='bbox 1871 4457 1957 4512; x_wconf 83' lang='lat' dir='ltr'><strong>fac</strong></span> <span class='ocrx_word' id='word_1_505' title='bbox 1995 4472 2080 4512; x_wconf 91' lang='lat' dir='ltr'><strong>me</strong></span> 
     </span>
    </p>
   </div>
   <div class='ocr_carea' id='block_1_80' title="bbox 2162 4437 3743 4534">
    <p class='ocr_par' dir='ltr' id='par_1_80' title="bbox 2255 4437 3743 4513">
     <span class='ocr_line' id='line_1_81' title="bbox 2255 4437 3743 4513; baseline -0.013 -7"><span class='ocrx_word' id='word_1_506' title='bbox 2255 4453 2342 4507; x_wconf 85' lang='grc'><strong>26.</strong></span> <span class='ocrx_word' id='word_1_507' title='bbox 2374 4451 2483 4504; x_wconf 87' lang='lat' dir='ltr'><strong>Kal</strong></span> <span class='ocrx_word' id='word_1_508' title='bbox 2510 4450 2634 4512; x_wconf 75' lang='grc' dir='ltr'>τοὺς</span> <span class='ocrx_word' id='word_1_509' title='bbox 2660 4447 2944 4507; x_wconf 77' lang='grc' dir='ltr'>ταπεινοὺς</span> <span class='ocrx_word' id='word_1_510' title='bbox 2980 4445 3043 4513; x_wconf 81' lang='grc' dir='ltr'>τῇ</span> <span class='ocrx_word' id='word_1_511' title='bbox 3073 4440 3268 4511; x_wconf 81' lang='grc' dir='ltr'>καρδίᾳ</span> <span class='ocrx_word' id='word_1_512' title='bbox 3298 4440 3425 4501; x_wconf 83' lang='grc' dir='ltr'>τοὺς</span> <span class='ocrx_word' id='word_1_513' title='bbox 3464 4437 3743 4508; x_wconf 60' lang='grc' dir='ltr'>πεπληρω-</span> 
     </span>
    </p>
   </div>
   <div class='ocr_carea' id='block_1_81' title="bbox 513 4529 2094 4638">
    <p class='ocr_par' dir='ltr' id='par_1_81' title="bbox 513 4579 820 4638">
     <span class='ocr_line' id='line_1_82' title="bbox 513 4579 820 4638; baseline -0.023 -16"><span class='ocrx_word' id='word_1_514' title='bbox 513 4579 820 4638; x_wconf 83' lang='lat' dir='ltr'><strong>agnoscere.</strong></span> 
     </span>
    </p>
   </div>
   <div class='ocr_carea' id='block_1_82' title="bbox 1928 4529 3509 4638">
    <p class='ocr_par' dir='ltr' id='par_1_82' title="bbox 2188 4529 3509 4618">
     <span class='ocr_line' id='line_1_83' title="bbox 2188 4529 3509 4618; baseline -0.014 -19"><span class='ocrx_word' id='word_1_515' title='bbox 2188 4546 2377 4618; x_wconf 86' lang='grc' dir='ltr'>μένους</span> <span class='ocrx_word' id='word_1_516' title='bbox 2408 4545 2472 4612; x_wconf 82' lang='grc' dir='ltr'>τῇ</span> <span class='ocrx_word' id='word_1_517' title='bbox 2507 4539 2686 4612; x_wconf 82' lang='grc' dir='ltr'>χάριτί</span> <span class='ocrx_word' id='word_1_518' title='bbox 2711 4554 2802 4590; x_wconf 90' lang='grc' dir='ltr'><strong>σου</strong></span> <span class='ocrx_word' id='word_1_519' title='bbox 2838 4537 2912 4608; x_wconf 88' lang='grc'><strong>(5)</strong></span> <span class='ocrx_word' id='word_1_520' title='bbox 2938 4532 3158 4604; x_wconf 83' lang='grc' dir='ltr'>ποίησόν</span> <span class='ocrx_word' id='word_1_521' title='bbox 3191 4549 3258 4601; x_wconf 87' lang='grc' dir='ltr'><strong>με</strong></span> <span class='ocrx_word' id='word_1_522' title='bbox 3289 4529 3509 4582; x_wconf 78' lang='grc' dir='ltr'>εἰδέναι.</span> 
     </span>
    </p>
   </div>
   <div class='ocr_carea' id='block_1_83' title="bbox 583 4627 2164 4720">
    <p class='ocr_par' dir='ltr' id='par_1_83' title="bbox 583 4650 1376 4720">
     <span class='ocr_line' id='line_1_84' title="bbox 583 4650 1376 4720; baseline -0.014 -8"><span class='ocrx_word' id='word_1_523' title='bbox 583 4658 670 4712; x_wconf 89' lang='lat'><strong>27.</strong></span> <span class='ocrx_word' id='word_1_524' title='bbox 701 4654 836 4711; x_wconf 75' lang='lat' dir='ltr'><strong>Veni</strong></span> <span class='ocrx_word' id='word_1_525' title='bbox 873 4655 940 4709; x_wconf 90' lang='lat' dir='ltr'><strong>ad</strong></span> <span class='ocrx_word' id='word_1_526' title='bbox 975 4668 1092 4720; x_wconf 90' lang='lat' dir='ltr'><strong>nos,</strong></span> <span class='ocrx_word' id='word_1_527' title='bbox 1129 4650 1376 4705; x_wconf 88' lang='lat' dir='ltr'><strong>Domine.</strong></span> 
     </span>
    </p>
   </div>
   <div class='ocr_carea' id='block_1_84' title="bbox 1522 4627 3103 4720">
    <p class='ocr_par' dir='ltr' id='par_1_84' title="bbox 2247 4627 3103 4704">
     <span class='ocr_line' id='line_1_85' title="bbox 2247 4627 3103 4704; baseline -0.015 -13"><span class='ocrx_word' id='word_1_528' title='bbox 2247 4637 2339 4691; x_wconf 87' lang='lat'><strong>27.</strong></span> <span class='ocrx_word' id='word_1_529' title='bbox 2363 4634 2517 4688; x_wconf 86' lang='grc' dir='ltr'><strong>Ἐλθέ</strong></span> <span class='ocrx_word' id='word_1_530' title='bbox 2549 4632 2684 4704; x_wconf 84' lang='grc' dir='ltr'>πρὸς</span> <span class='ocrx_word' id='word_1_531' title='bbox 2712 4631 2878 4702; x_wconf 78' lang='grc' dir='ltr'>ἡμᾶς,</span> <span class='ocrx_word' id='word_1_532' title='bbox 2911 4627 3103 4698; x_wconf 80' lang='grc' dir='ltr'>Κύριε.</span> 
     </span>
    </p>
   </div>
   <div class='ocr_carea' id='block_1_85' title="bbox 581 4714 2162 4812">
    <p class='ocr_par' dir='ltr' id='par_1_85' title="bbox 581 4739 1783 4812">
     <span class='ocr_line' id='line_1_86' title="bbox 581 4739 1783 4812; baseline -0.014 -6"><span class='ocrx_word' id='word_1_533' title='bbox 581 4752 673 4806; x_wconf 87' lang='grc'><strong>28.</strong></span> <span class='ocrx_word' id='word_1_534' title='bbox 701 4750 775 4804; x_wconf 90' lang='lat' dir='ltr'><strong>De</strong></span> <span class='ocrx_word' id='word_1_535' title='bbox 797 4747 1162 4805; x_wconf 87' lang='lat' dir='ltr'><strong>anterioribus</strong></span> <span class='ocrx_word' id='word_1_536' title='bbox 1190 4741 1526 4812; x_wconf 84' lang='lat' dir='ltr'><strong>temporibus</strong></span> <span class='ocrx_word' id='word_1_537' title='bbox 1554 4739 1783 4810; x_wconf 90' lang='lat' dir='ltr'><strong>peccati.</strong></span> 
     </span>
    </p>
   </div>
   <div class='ocr_carea' id='block_1_86' title="bbox 2058 4714 3639 4812">
    <p class='ocr_par' dir='ltr' id='par_1_86' title="bbox 2254 4714 3639 4798">
     <span class='ocr_line' id='line_1_87' title="bbox 2254 4714 3639 4798; baseline -0.013 -15"><span class='ocrx_word' id='word_1_538' title='bbox 2254 4729 2340 4783; x_wconf 86' lang='lat'><strong>28.</strong></span> <span class='ocrx_word' id='word_1_539' title='bbox 2381 4727 2516 4798; x_wconf 72' lang='grc' dir='ltr'>Περὶ</span> <span class='ocrx_word' id='word_1_540' title='bbox 2546 4726 2652 4778; x_wconf 80' lang='grc' dir='ltr'>τῶν</span> <span class='ocrx_word' id='word_1_541' title='bbox 2683 4721 2957 4794; x_wconf 83' lang='grc' dir='ltr'>προτέρων</span> <span class='ocrx_word' id='word_1_542' title='bbox 2986 4717 3190 4788; x_wconf 85' lang='grc' dir='ltr'>χρόνων</span> <span class='ocrx_word' id='word_1_543' title='bbox 3219 4714 3315 4784; x_wconf 81' lang='grc' dir='ltr'>τῆς</span> <span class='ocrx_word' id='word_1_544' title='bbox 3343 4715 3639 4784; x_wconf 83' lang='grc' dir='ltr'>ἁμαρτιας.</span> 
     </span>
    </p>
   </div>
   <div class='ocr_carea' id='block_1_87' title="bbox 583 4800 2164 4904">
    <p class='ocr_par' dir='ltr' id='par_1_87' title="bbox 583 4829 1902 4904">
     <span class='ocr_line' id='line_1_88' title="bbox 583 4829 1902 4904; baseline -0.011 -6"><span class='ocrx_word' id='word_1_545' title='bbox 583 4845 673 4898; x_wconf 87' lang='grc'><strong>29.</strong></span> <span class='ocrx_word' id='word_1_546' title='bbox 702 4841 988 4894; x_wconf 77' lang='lat' dir='ltr'><strong>Exoriente</strong></span> <span class='ocrx_word' id='word_1_547' title='bbox 1015 4848 1086 4903; x_wconf 88' lang='lat' dir='ltr'><strong>te,</strong></span> <span class='ocrx_word' id='word_1_548' title='bbox 1122 4834 1326 4904; x_wconf 87' lang='lat' dir='ltr'><strong>impleti</strong></span> <span class='ocrx_word' id='word_1_549' title='bbox 1360 4848 1551 4890; x_wconf 89' lang='lat' dir='ltr'><strong>sumus</strong></span> <span class='ocrx_word' id='word_1_550' title='bbox 1578 4829 1752 4902; x_wconf 86' lang='lat' dir='ltr'><strong>gratia</strong></span> <span class='ocrx_word' id='word_1_551' title='bbox 1776 4837 1902 4884; x_wconf 79' lang='lat' dir='ltr'><strong>tua.</strong></span> 
     </span>
    </p>
   </div>
   <div class='ocr_carea' id='block_1_88' title="bbox 2161 4800 3742 4904">
    <p class='ocr_par' dir='ltr' id='par_1_88' title="bbox 2257 4800 3742 4879">
     <span class='ocr_line' id='line_1_89' title="bbox 2257 4800 3742 4879; baseline -0.015 -4"><span class='ocrx_word' id='word_1_552' title='bbox 2257 4821 2346 4875; x_wconf 82' lang='grc'><strong>29.</strong></span> <span class='ocrx_word' id='word_1_553' title='bbox 2369 4815 2766 4876; x_wconf 80' lang='grc' dir='ltr'>Ἀνατείλαντός</span> <span class='ocrx_word' id='word_1_554' title='bbox 2798 4828 2892 4864; x_wconf 86' lang='grc' dir='ltr'><strong>σου</strong></span> <span class='ocrx_word' id='word_1_555' title='bbox 2911 4853 2926 4877; x_wconf 92' lang='grc'><strong>,</strong></span> <span class='ocrx_word' id='word_1_556' title='bbox 2966 4805 3360 4879; x_wconf 79' lang='grc' dir='ltr'>ἐπληρώθημεν</span> <span class='ocrx_word' id='word_1_557' title='bbox 3397 4804 3500 4875; x_wconf 81' lang='grc' dir='ltr'><strong>τῆς</strong></span> <span class='ocrx_word' id='word_1_558' title='bbox 3536 4800 3742 4875; x_wconf 75' lang='grc' dir='ltr'>χάριτός</span> 
     </span>
    </p>
   </div>
   <div class='ocr_carea' id='block_1_89' title="bbox 2190 4930 2304 4966">
    <p class='ocr_par' dir='ltr' id='par_1_89' title="bbox 2190 4930 2304 4966">
     <span class='ocr_line' id='line_1_90' title="bbox 2190 4930 2304 4966; baseline 0 0"><span class='ocrx_word' id='word_1_559' title='bbox 2190 4930 2304 4966; x_wconf 85' lang='grc' dir='ltr'>σου.</span> 
     </span>
    </p>
   </div>
   <div class='ocr_carea' id='block_1_90' title="bbox 583 4996 2164 5089">
    <p class='ocr_par' dir='ltr' id='par_1_90' title="bbox 583 5018 1942 5089">
     <span class='ocr_line' id='line_1_91' title="bbox 583 5018 1942 5089; baseline -0.013 -12"><span class='ocrx_word' id='word_1_560' title='bbox 583 5023 672 5078; x_wconf 83' lang='grc'><strong>50.</strong></span> <span class='ocrx_word' id='word_1_561' title='bbox 707 5023 766 5074; x_wconf 87' lang='lat' dir='ltr'><strong>In</strong></span> <span class='ocrx_word' id='word_1_562' title='bbox 796 5019 999 5089; x_wconf 87' lang='lat' dir='ltr'><strong>Spiritu</strong></span> <span class='ocrx_word' id='word_1_563' title='bbox 1028 5024 1238 5072; x_wconf 82' lang='lat' dir='ltr'><strong>sancto.</strong></span> <span class='ocrx_word' id='word_1_564' title='bbox 1937 5018 1942 5022; x_wconf 88' lang='lat'>&#39;</span> 
     </span>
    </p>
   </div>
   <div class='ocr_carea' id='block_1_91' title="bbox 1363 4996 2944 5089">
    <p class='ocr_par' dir='ltr' id='par_1_91' title="bbox 1937 4996 2944 5069">
     <span class='ocr_line' id='line_1_92' title="bbox 1937 4996 2944 5069; baseline -0.017 -5"><span class='ocrx_word' id='word_1_565' title='bbox 1937 5018 1942 5022; x_wconf 83' lang='lat'>&#39;</span> <span class='ocrx_word' id='word_1_566' title='bbox 2258 5005 2346 5059; x_wconf 87' lang='lat'><strong>50.</strong></span> <span class='ocrx_word' id='word_1_567' title='bbox 2367 5002 2456 5056; x_wconf 86' lang='grc' dir='ltr'>Ἐν</span> <span class='ocrx_word' id='word_1_568' title='bbox 2483 4999 2758 5069; x_wconf 85' lang='grc' dir='ltr'>Πνεύματι</span> <span class='ocrx_word' id='word_1_569' title='bbox 2785 4996 2944 5066; x_wconf 82' lang='grc' dir='ltr'>ἁγίῳ.</span> 
     </span>
    </p>
   </div>
   <div class='ocr_carea' id='block_1_92' title="bbox 595 5081 2176 5180">
    <p class='ocr_par' dir='ltr' id='par_1_92' title="bbox 595 5110 1332 5180">
     <span class='ocr_line' id='line_1_93' title="bbox 595 5110 1332 5180; baseline -0.008 -12"><span class='ocrx_word' id='word_1_570' title='bbox 595 5115 682 5168; x_wconf 89' lang='grc'><strong>51.</strong></span> <span class='ocrx_word' id='word_1_571' title='bbox 721 5113 778 5166; x_wconf 91' lang='lat' dir='ltr'><strong>ln</strong></span> <span class='ocrx_word' id='word_1_572' title='bbox 807 5111 956 5167; x_wconf 91' lang='lat' dir='ltr'><strong>omni</strong></span> <span class='ocrx_word' id='word_1_573' title='bbox 988 5125 1149 5180; x_wconf 90' lang='lat' dir='ltr'><strong>opere</strong></span> <span class='ocrx_word' id='word_1_574' title='bbox 1168 5110 1332 5163; x_wconf 85' lang='lat' dir='ltr'><strong>bono.</strong></span> 
     </span>
    </p>
   </div>
   <div class='ocr_carea' id='block_1_93' title="bbox 1570 5081 3151 5180">
    <p class='ocr_par' dir='ltr' id='par_1_93' title="bbox 2255 5081 3151 5165">
     <span class='ocr_line' id='line_1_94' title="bbox 2255 5081 3151 5165; baseline -0.016 -14"><span class='ocrx_word' id='word_1_575' title='bbox 2255 5097 2342 5151; x_wconf 85' lang='grc'><strong>51.</strong></span> <span class='ocrx_word' id='word_1_576' title='bbox 2384 5094 2459 5165; x_wconf 72' lang='grc'><strong>(4)</strong></span> <span class='ocrx_word' id='word_1_577' title='bbox 2483 5091 2572 5144; x_wconf 84' lang='grc' dir='ltr'><strong>Ἐν</strong></span> <span class='ocrx_word' id='word_1_578' title='bbox 2600 5089 2758 5142; x_wconf 78' lang='grc' dir='ltr'>παντὶ</span> <span class='ocrx_word' id='word_1_579' title='bbox 2783 5087 2926 5157; x_wconf 74' lang='grc' dir='ltr'>ἔργῳ</span> <span class='ocrx_word' id='word_1_580' title='bbox 2947 5081 3151 5154; x_wconf 83' lang='grc' dir='ltr'>ἀγαθῷ.</span> 
     </span>
    </p>
   </div>
   <div class='ocr_carea' id='block_1_94' title="bbox 597 5179 2178 5275">
    <p class='ocr_par' dir='ltr' id='par_1_94' title="bbox 597 5179 1301 5275">
     <span class='ocr_line' id='line_1_95' title="bbox 597 5179 1301 5275; baseline -0.014 -14"><span class='ocrx_word' id='word_1_581' title='bbox 597 5207 686 5261; x_wconf 80' lang='grc'><strong>52.</strong></span> <span class='ocrx_word' id='word_1_582' title='bbox 715 5205 771 5258; x_wconf 85' lang='lat' dir='ltr'><strong>In</strong></span> <span class='ocrx_word' id='word_1_583' title='bbox 805 5202 1052 5275; x_wconf 69' lang='lat' dir='ltr'><strong>praesenti</strong></span> <span class='ocrx_word' id='word_1_584' title='bbox 1085 5201 1301 5256; x_wconf 71' lang='lat' dir='ltr'><strong>szeculo.</strong></span> 
     </span>
    </p>
   </div>
   <div class='ocr_carea' id='block_1_95' title="bbox 1321 5179 2902 5275">
    <p class='ocr_par' dir='ltr' id='par_1_95' title="bbox 2257 5179 2902 5254">
     <span class='ocr_line' id='line_1_96' title="bbox 2257 5179 2902 5254; baseline -0.011 -14"><span class='ocrx_word' id='word_1_585' title='bbox 2257 5187 2344 5240; x_wconf 89' lang='lat'><strong>52.</strong></span> <span class='ocrx_word' id='word_1_586' title='bbox 2369 5184 2460 5238; x_wconf 89' lang='grc' dir='ltr'><strong>Ἐν</strong></span> <span class='ocrx_word' id='word_1_587' title='bbox 2492 5183 2568 5254; x_wconf 83' lang='grc' dir='ltr'><strong>τῷ</strong></span> <span class='ocrx_word' id='word_1_588' title='bbox 2597 5181 2691 5237; x_wconf 80' lang='grc' dir='ltr'>νῦν</span> <span class='ocrx_word' id='word_1_589' title='bbox 2728 5179 2902 5234; x_wconf 82' lang='grc' dir='ltr'>αἰῶνι.</span> 
     </span>
    </p>
   </div>
   <div class='ocr_carea' id='block_1_96' title="bbox 599 5269 2180 5364">
    <p class='ocr_par' dir='ltr' id='par_1_96' title="bbox 599 5269 1348 5364">
     <span class='ocr_line' id='line_1_97' title="bbox 599 5269 1348 5364; baseline -0.013 -10"><span class='ocrx_word' id='word_1_590' title='bbox 599 5299 688 5364; x_wconf 83' lang='grc'><strong>55,</strong></span> <span class='ocrx_word' id='word_1_591' title='bbox 716 5269 822 5352; x_wconf 45' lang='grc'><strong>51.,</strong></span> <span class='ocrx_word' id='word_1_592' title='bbox 835 5295 1098 5364; x_wconf 86' lang='lat' dir='ltr'><strong>Tempore</strong></span> <span class='ocrx_word' id='word_1_593' title='bbox 1125 5291 1348 5363; x_wconf 85' lang='lat' dir='ltr'><strong>peccati.</strong></span> 
     </span>
    </p>
   </div>
   <div class='ocr_carea' id='block_1_97' title="bbox 1739 5269 3320 5364">
    <p class='ocr_par' dir='ltr' id='par_1_97' title="bbox 2258 5269 3320 5346">
     <span class='ocr_line' id='line_1_98' title="bbox 2258 5269 3320 5346; baseline -0.011 -14"><span class='ocrx_word' id='word_1_594' title='bbox 2258 5278 2346 5344; x_wconf 83' lang='lat'><strong>55,</strong></span> <span class='ocrx_word' id='word_1_595' title='bbox 2373 5277 2460 5331; x_wconf 73' lang='grc'><strong>54.</strong></span> <span class='ocrx_word' id='word_1_596' title='bbox 2491 5275 2580 5330; x_wconf 84' lang='grc' dir='ltr'><strong>Ἐν</strong></span> <span class='ocrx_word' id='word_1_597' title='bbox 2604 5274 2682 5346; x_wconf 84' lang='grc' dir='ltr'>τῷ</span> <span class='ocrx_word' id='word_1_598' title='bbox 2710 5270 2885 5344; x_wconf 86' lang='grc' dir='ltr'>καιρῷ</span> <span class='ocrx_word' id='word_1_599' title='bbox 2910 5271 3006 5341; x_wconf 81' lang='grc' dir='ltr'>τῆς</span> <span class='ocrx_word' id='word_1_600' title='bbox 3031 5269 3320 5339; x_wconf 83' lang='grc' dir='ltr'>ἁμαρτιας.</span> 
     </span>
    </p>
   </div>
   <div class='ocr_carea' id='block_1_98' title="bbox 1467 5429 2794 5517">
    <p class='ocr_par' dir='ltr' id='par_1_98' title="bbox 1467 5429 2794 5517">
     <span class='ocr_line' id='line_1_99' title="bbox 1467 5429 2794 5517; baseline -0.012 -12"><span class='ocrx_word' id='word_1_601' title='bbox 1467 5441 1770 5505; x_wconf 85' lang='lat' dir='ltr'><strong>Addenda</strong></span> <span class='ocrx_word' id='word_1_602' title='bbox 1817 5446 1877 5503; x_wconf 77' lang='lat' dir='ltr'><strong>et</strong></span> <span class='ocrx_word' id='word_1_603' title='bbox 1905 5433 2280 5517; x_wconf 82' lang='lat' dir='ltr'><strong>corrigenda</strong></span> <span class='ocrx_word' id='word_1_604' title='bbox 2311 5450 2391 5496; x_wconf 78' lang='lat' dir='ltr'><strong>ex</strong></span> <span class='ocrx_word' id='word_1_605' title='bbox 2420 5432 2560 5494; x_wconf 92' lang='lat' dir='ltr'><strong>cod.</strong></span> <span class='ocrx_word' id='word_1_606' title='bbox 2595 5429 2794 5491; x_wconf 87' lang='lat' dir='ltr'><strong>Vatic.</strong></span> 
     </span>
    </p>
   </div>
   <div class='ocr_carea' id='block_1_99' title="bbox 597 5576 2178 5687">
    <p class='ocr_par' dir='ltr' id='par_1_99' title="bbox 597 5576 1574 5687">
     <span class='ocr_line' id='line_1_100' title="bbox 597 5576 1574 5687; baseline -0.008 -18"><span class='ocrx_word' id='word_1_607' title='bbox 597 5617 672 5687; x_wconf 80' lang='grc' dir='ltr'><strong>(ι)</strong></span> <span class='ocrx_word' id='word_1_608' title='bbox 711 5617 784 5669; x_wconf 77' lang='grc' dir='ltr'><strong>Τδ</strong></span> <span class='ocrx_word' id='word_1_609' title='bbox 815 5617 920 5687; x_wconf 73' lang='grc' dir='ltr'><strong>γὰρ</strong></span> <span class='ocrx_word' id='word_1_610' title='bbox 949 5615 1207 5687; x_wconf 79' lang='grc' dir='ltr'>πρότερον</span> <span class='ocrx_word' id='word_1_611' title='bbox 1235 5612 1264 5664; x_wconf 89' lang='grc' dir='ltr'>ὁ</span> <span class='ocrx_word' id='word_1_612' title='bbox 1288 5576 1574 5678; x_wconf 41' lang='lat' dir='ltr'><strong>seu...</strong></span> 
     </span>
    </p>
   </div>
   <div class='ocr_carea' id='block_1_100' title="bbox 2170 5576 3751 5687">
    <p class='ocr_par' dir='ltr' id='par_1_100' title="bbox 2233 5576 3751 5687">
     <span class='ocr_line' id='line_1_101' title="bbox 2233 5576 3751 5687; baseline -0.016 -34"><span class='ocrx_word' id='word_1_613' title='bbox 2233 5670 2246 5687; x_wconf 50' lang='lat'><strong>’</strong></span> <span class='ocrx_word' id='word_1_614' title='bbox 2381 5597 2449 5687; x_wconf 56' lang='lat'><strong>11.</strong></span> <span class='ocrx_word' id='word_1_615' title='bbox 2480 5595 2568 5687; x_wconf 92' lang='lat'><strong>,</strong></span> <span class='ocrx_word' id='word_1_616' title='bbox 2596 5593 2686 5687; x_wconf 57' lang='lat'><strong><em>52,</em></strong></span> <span class='ocrx_word' id='word_1_617' title='bbox 2711 5590 2801 5673; x_wconf 62' lang='grc' dir='ltr'><strong>Ἰξν</strong></span> <span class='ocrx_word' id='word_1_618' title='bbox 2835 5587 3175 5687; x_wconf 50' lang='grc' dir='ltr'>παντί,ηρξο.</span> <span class='ocrx_word' id='word_1_619' title='bbox 3217 5585 3286 5641; x_wconf 90' lang='grc' dir='ltr'><strong>Ν.</strong></span> <span class='ocrx_word' id='word_1_620' title='bbox 3319 5585 3410 5648; x_wconf 87' lang='grc'><strong>55,</strong></span> <span class='ocrx_word' id='word_1_621' title='bbox 3444 5580 3541 5638; x_wconf 85' lang='grc' dir='ltr'>Ἐν</span> <span class='ocrx_word' id='word_1_622' title='bbox 3566 5580 3642 5652; x_wconf 82' lang='grc' dir='ltr'>τῷ</span> <span class='ocrx_word' id='word_1_623' title='bbox 3662 5576 3751 5633; x_wconf 81' lang='grc' dir='ltr'>νῦν</span> 
     </span>
    </p>
   </div>
   <div class='ocr_carea' id='block_1_101' title="bbox 621 5658 3141 5756">
    <p class='ocr_par' dir='ltr' id='par_1_101' title="bbox 621 5658 3141 5756">
     <span class='ocr_line' id='line_1_102' title="bbox 621 5658 3141 5756; baseline -0.009 -21"><span class='ocrx_word' id='word_1_624' title='bbox 713 5658 1261 5756; x_wconf 60' lang='grc' dir='ltr'><strong>ἠὲιῆξὲμᾶῗζεὶἑὲᾇάιῖ</strong></span> <span class='ocrx_word' id='word_1_625' title='bbox 1291 5658 1442 5678; x_wconf 40' lang='lat' dir='ltr'><strong>mw,</strong></span> <span class='ocrx_word' id='word_1_626' title='bbox 1473 5658 1573 5666; x_wconf 38' lang='lat' dir='ltr'><strong>ww</strong></span> <span class='ocrx_word' id='word_1_627' title='bbox 2193 5658 2368 5725; x_wconf 61' lang='grc' dir='ltr'>αἰῶνι.</span> <span class='ocrx_word' id='word_1_628' title='bbox 2391 5667 2458 5725; x_wconf 91' lang='grc' dir='ltr'><strong>Ν.</strong></span> <span class='ocrx_word' id='word_1_629' title='bbox 2485 5665 2574 5732; x_wconf 74' lang='grc'><strong>54,</strong></span> <span class='ocrx_word' id='word_1_630' title='bbox 2599 5663 2688 5718; x_wconf 91' lang='grc' dir='ltr'><strong>Ἐν</strong></span> <span class='ocrx_word' id='word_1_631' title='bbox 2709 5661 2786 5732; x_wconf 77' lang='grc' dir='ltr'>τῷ</span> <span class='ocrx_word' id='word_1_632' title='bbox 2813 5658 3006 5732; x_wconf 79' lang='grc' dir='ltr'>καιρῷ,</span> <span class='ocrx_word' id='word_1_633' title='bbox 3037 5666 3141 5714; x_wconf 87' lang='lat' dir='ltr'><strong>etc.</strong></span> 
     </span>
    </p>
   </div>
   <div class='ocr_carea' id='block_1_102' title="bbox 622 5754 1210 5824">
    <p class='ocr_par' dir='ltr' id='par_1_102' title="bbox 622 5754 1210 5824">
     <span class='ocr_line' id='line_1_103' title="bbox 622 5754 1210 5824; baseline -0.005 -17"><span class='ocrx_word' id='word_1_634' title='bbox 622 5755 672 5824; x_wconf 76' lang='grc'><strong>5)</strong></span> <span class='ocrx_word' id='word_1_635' title='bbox 712 5755 820 5824; x_wconf 78' lang='grc' dir='ltr'><strong>Τῆς</strong></span> <span class='ocrx_word' id='word_1_636' title='bbox 836 5754 1061 5824; x_wconf 59' lang='grc' dir='ltr'>’χάριτός</span> <span class='ocrx_word' id='word_1_637' title='bbox 1101 5769 1210 5804; x_wconf 87' lang='grc' dir='ltr'>σου.</span> 
     </span>
    </p>
   </div>
  </div>
