4004 6212
388 420 393 427 7
478 343 618 401 1013
1329 342 1384 396 S.
1423 339 1795 398 ATHANASII
1837 340 1966 397 OPP

2136 344 2207 395 ib
2245 344 2331 393 Ill.
2366 369 2435 379 —
2477 343 2883 395 LKEGEI'ICA.
3578 349 3717 402 1044

546 461 601 515 6.
633 459 698 515 Et
722 475 752 515 α
777 461 940 516 verbo
963 475 1172 530 aspero.
2067 467 2114 525 Δ

2067 467 2114 525 Α
2209 460 2262 514 δ.
2304 459 2412 513 Kal
2441 459 2547 512 ἀπὸ
2571 459 2728 528 λόγου
2756 455 3112 530 ταραχώδους.

545 553 600 608 7.
634 551 884 623 Scapulis
908 553 1022 606 suis
1044 550 1389 606 obumbrabit
1415 550 1511 605 tibi
1538 570 1549 604 :

2212 553 2267 611 7.
2289 551 2378 605 ’Ev
2403 553 2512 614 τοῖς
2541 550 2899 622 μεταφρένοις
2925 549 3087 604 αὑτοῦ
3117 550 3424 604 ἐπισκιάσει
3454 566 3570 604 σοι·

547 643 604 700 8.
633 643 700 698 Et
727 644 828 699 sub
855 642 1047 714 pennis
1073 643 1191 715 ejus
1221 641 1484 714 sperabis.

2213 644 2266 698 8.
2310 643 2419 696 Καὶ
2448 643 2552 696 ὑπὸ
2582 643 2678 706 τὰς
2711 642 2987 713 πτέρυγας
3020 640 3180 695 αὐτοῦ
3207 641 3427 706 ἒλπιεῖς.

547 733 602 788 9.
635 732 801 789 Scuto
829 733 1186 788 circumdabit
1210 740 1261 787 te
1281 733 1480 787 veritas
1513 733 1632 802 ejus
1659 752 1672 788 :

2215 734 2268 788 9.
2288 733 2476 804 Ὅπλῳ
2497 732 2762 786 κυκλώσει
2793 749 2852 784 σε
2883 734 2916 803 ὴ
2943 732 3166 803 ἀλήθεια
3188 732 3350 786 αὐτοῦ
3383 749 3396 763 ·

550 825 638 880 10.
663 823 780 880 Νοη
809 824 1024 880 timebis
1050 840 1079 878 a
1104 824 1297 878 timore
1320 835 1608 880 nocturno.

2216 824 2303 880 10.
2345 825 2418 877 Οὐ
2445 825 2729 898 φοϐηθήσῃ
2759 825 2865 878 ἀπὸ
2893 823 3055 894 φόϐου
3089 822 3417 895 νυκτερινοῦ.

550 916 638 970 11.
675 915 723 969 Α
748 915 942 984 sagitta
972 916 1186 971 volante
1215 916 1391 978 indie
1419 934 1434 971 :

2217 916 2303 970 11.
2330 915 2460 969 Ἀπὸ
2501 915 2686 986 βέλους
2719 914 3014 985 πετομένου
3044 915 3283 986 ἡμέρας·

547 1008 636 1062 12.
661 1006 710 1061 Α
737 1009 956 1079 negotio
982 1010 1397 1080 perambulante
1419 1009 1472 1064 in
1505 998 1763 1066 tenebris.

2220 1007 2306 1061 12.
2333 1008 2467 1061 Ἀπὸ
2506 1008 2826 1078 πράγματος
2851 1011 2908 1061 ἐν
2950 1007 3127 1061 σκότει
3151 1007 3625 1080 διαπορευομένου,

549 1098 638 1153 15.
659 1097 742 1153 Ab
766 1098 990 1154 incursu
1020 1109 1076 1156 et
1107 1100 1379 1156 daemonio
1411 1102 1732 1156 meridiano.

2219 1099 2307 1154 15.
2332 1099 2466 1151 Ἀπὸ
2505 1099 2904 1172 συμπτώματος
2921 1101 3015 1154 καὶ
3027 1100 3301 1171 δαιμονίου
3324 1099 3715 1173 μεσημϐρινοῦ.

545 1181 638 1242 HI
668 1186 880 1245 Cadent
900 1205 932 1245 a
955 1191 1122 1247 latere
1150 1202 1247 1246 tuo
1275 1192 1446 1258 mille,

2220 1190 2307 1244 14.
2350 1192 2600 1245 Πεσεῖται
2628 1193 2692 1244 ὲκ
2717 1192 2810 1246 τοῦ
2837 1192 3051 1257 κλίτους
3085 1210 3176 1245 σου
3204 1193 3398 1263 χιλιὰς,

552 1282 640 1336 15.
678 1280 746 1336 Et
763 1282 950 1338 decem
983 1284 1152 1338 millia
1175 1299 1204 1338 a
1232 1284 1440 1339 dextris
1468 1284 1576 1340 tuis
1603 1303 1616 1338 :

1574 1320 1576 1335 .
1603 1303 1616 1338 :
2221 1281 2310 1336 15.
2351 1283 2460 1335 Καὶ
2495 1283 2692 1353 μυριὰς
2717 1286 2780 1336 ὲκ
2811 1283 3000 1348 δεξιῶν
3029 1301 3121 1338 σου
3141 1301 3155 1316 ·

554 1373 642 1427 16.
677 1374 758 1429 Ad
791 1383 844 1430 te
871 1385 1048 1430 autem
1086 1392 1191 1432 non
1227 1376 1713 1448 apprOpinquabit.

2221 1373 2308 1428 16.
2352 1374 2494 1444 Πρὸς
2523 1375 2582 1427 σὲ
2605 1375 2663 1430 δὲ
2698 1376 2796 1428 οὐκ
2821 1377 3013 1444 ὲγγιεί.
3543 1439 3550 1450 ι

554 1466 644 1520 17.
672 1466 1056 1523 Verumtamen
1086 1471 1258 1525 oculis
1293 1471 1400 1526 tuis
1428 1470 1834 1527 considerabis:

2221 1464 2307 1518 17.
2352 1465 2497 1536 Πλὴν
2524 1469 2638 1530 τοῖς
2661 1467 2956 1538 οφθαλμοῖς
2990 1485 3084 1521 σου
3110 1471 3466 1542 κατανοήσεις
3484 1485 3500 1500 ·

555 1557 641 1612 18.
671 1557 738 1613 Et
772 1559 1181 1616 retributionem
1211 1570 1558 1631 peccatorum
1585 1561 1814 1618 videbis.

1790 1581 1814 1614 ι,
2221 1555 2309 1610 18.
2348 1556 2459 1609 Kal.
2482 1557 2832 1611 ἀνταπόδοσιν
2866 1559 3206 1633 ἁμαρτωλῶν
3235 1560 3371 1630 ὄψει.

556 1649 642 1704 19.
675 1648 944 1716 Quoniam
971 1661 1026 1705 tu
1058 1666 1137 1714 es,
1168 1650 1413 1717 Domine,
1446 1667 1570 1723 spes
1600 1669 1720 1712 mea
1751 1673 1762 1710 :

1660 1669 1720 1712 ea
1751 1673 1762 1710 ;
2223 1646 2309 1704 19.
2349 1648 2470 1700 Ὀτι
2511 1648 2599 1714 σὺ,
2633 1648 2826 1721 Κύριε,
2861 1651 2893 1721 ἡ
2925 1649 3079 1714 ἐλπίς
3109 1668 3207 1719 μου
3229 1667 3241 1681 ·

553 1741 644 1794 20.
676 1741 1015 1797 Altissimum
1047 1744 1275 1813 posuisti
1302 1744 1570 1816 refugium
1612 1755 1786 1801 tuum.

2225 1738 2314 1792 20.
2353 1739 2456 1792 Τὸν
2482 1739 2745 1810 ’Ὕψιστον
2777 1741 2899 1795 ἔθου
2934 1744 3255 1814 καταφυγήν
3292 1761 3401 1799 σου.

553 1829 643 1884 21.
676 1828 793 1884 Non
828 1831 1048 1886 accedet
1077 1833 1142 1888 ad
1176 1841 1226 1888 te
1257 1835 1460 1889 malum
1488 1854 1500 1889 :
2086 1821 2127 1878 Β

2086 1821 2127 1878 Β
2225 1829 2314 1885 21.
2351 1831 2427 1885 Οὐ
2462 1832 2884 1902 προσελεύσεται
2913 1835 3048 1904 πρὸς
3078 1835 3136 1887 σὲ
3161 1835 3306 1889 κακά
3332 1851 3343 1863 ·

553 1920 644 1974 22.
695 1921 760 1976 Et
811 1922 1078 1994 ﬂagellum
1133 1941 1240 1978 non
1296 1927 1750 1997 annropinquabit
1807 1928 2055 1984 taberna—

2221 1921 2310 1974 22.
2345 1923 2454 1977 Ka‘t
2483 1923 2676 1994 μάστιξ
2719 1924 2817 1978 οὐκ
2865 1927 3042 1994 ὲγγιεῖ
3077 1927 3133 1978 ὲν
3179 1925 3252 1997 (a)
3296 1925 3374 1997 τῷ
3411 1926 3720 1999 σκηνώματί

487 2012 609 2065 culo
639 2021 754 2067 tuo.
2160 2029 2276 2067 σου.

555 2101 646 2157 23.
674 2099 947 2168 Quoniam
980 2105 1187 2175 angelis
1221 2107 1336 2161 suis
1364 2107 1642 2162 mandavit
1675 2109 1740 2162 de
1769 2117 1838 2178 te,

555 2195 647 2248 24.
675 2192 748 2250 Ut
779 2197 1092 2252 custodiant
1116 2208 1168 2253 te
1198 2199 1251 2252 in
1277 2201 1531 2256 omnibus
1562 2202 1666 2258 viis
1700 2205 1828 2260 tuis.

553 2286 642 2340 25.
682 2285 742 2340 In
769 2287 1022 2349 manibus
1043 2291 1333 2359 portabunt
1359 2302 1408 2346 te
1433 2309 1449 2347 :

558 2405 633 2473 (a)
675 2404 770 2458 Ἐν
791 2405 959 2460 deeSt.

2224 2126 2315 2181 25.
2351 2129 2473 2183 Ὅτι
2500 2133 2614 2194 τοῖς
2637 2132 2894 2200 ἀγγέλοις
2927 2131 3091 2186 αὑτοῦ
3121 2132 3410 2186 ἐντελεῖται
3439 2135 3567 2204 περὶ
3591 2131 3679 2186 σοῦ
3704 2176 3716 2194 ,

2226 2218 2314 2274 24.
2357 2221 2462 2274 Τοῦ
2491 2222 2814 2292 διαφυλάξαι
2853 2241 2911 2276 σε
2941 2225 2998 2278 ἐν
3040 2225 3238 2288 πάσαις
3273 2228 3392 2289 ταῖς
3418 2227 3558 2290 ὁδοῖς
3588 2242 3694 2279 σου.

2225 2310 2315 2367 25.
2365 2315 2486 2368 Ἐπὶ
2515 2316 2713 2387 χειρῶν
2742 2315 2935 2386 άροῦσί
2961 2335 3017 2370 σε
3040 2335 3055 2349 ο

1613 2597 1986 2655 ATHANASII
2024 2601 2612 2662 lNTERPRE'l‘ATlO.

559 2747 614 2803 6.
643 2750 709 2804 Et
734 2752 803 2806 ab
825 2754 973 2807 omni
1008 2753 1270 2810 diabolica
1297 2755 1565 2812 doctrina.

2232 2769 2283 2823 6.
2327 2771 2436 2822 Καὶ
2461 2769 2566 2822 ἀπὸ
2599 2769 2778 2840 πάσης
2803 2767 3147 2835 διδασκαλίας
3178 2771 3459 2826 διαόόλων.

561 2839 614 2891 7.
642 2837 701 2893 In
723 2841 881 2898 donis
909 2843 1024 2899 suis
1053 2843 1378 2900 refocillabit
1409 2857 1479 2899 te.

2235 2863 2284 2916 7.
2310 2862 2400 2916 Ἐν
2432 2865 2543 2926 τοῖς
2572 2863 2904 2934 χαρίσμασιν
2936 2863 3236 2918 ἀναπαύσει
3263 2881 3344 2916 σε.

554 2930 608 2986 8.
635 2932 703 2987 Ει
744 2933 802 2989 in
834 2934 1046 2994 duobus
1085 2934 1445 3000 Testamentis
1477 2937 1598 3008 ejus
1624 2939 1854 2997 credens
1883 2941 2065 3000 salvus

2231 2956 2284 3010 8.
2324 2954 2432 3008 Καὶ
2478 2955 2534 3005 ὲν
2577 2957 2694 3016 ταῖς
2722 2952 2872 3005 δυσὶν
2917 2952 3080 3005 αὑτοῦ
3121 2952 3415 3023 Διαθήκαις
3446 2948 3731 3012 πιστεύσας

492 3024 610 3080 ηθδ·
2166 3043 2406 3098 σωθήσῃ.

564 3047 610 3080 5.

564 3119 618 3175 9.
645 3120 1096 3178 Invulnerabilem
1125 3132 1179 3179 te
1211 3125 1476 3180 custodiet
1502 3123 1675 3195 gratia
1705 3127 1898 3200 ipsius.
2089 3166 2133 3224 ο

2166 3047 2274 3098 σωθ
2394 3087 2406 3098 .

1871 3144 1898 3183 ι.
2089 3166 2133 3224 C
2234 3047 2581 3206 9ῗ1⁹ἶὶ1τρωτόν
2611 3153 2668 3189 σε
2693 3135 2915 3205 φυλάξει
2940 3135 3063 3207 (1)ή
3087 3137 3246 3208 χάρις
3269 3135 3452 3189 αὐτοῦ.

563 3211 653 3268 10.
681 3213 766 3269 Ab
787 3213 936 3268 omni
961 3215 1389 3271 comminatione
1415 3217 1640 3274 diaboli.
2093 3211 2133 3224 “’

2093 3211 2133 3224 “
2243 3229 2328 3284 10.
2351 3229 2486 3281 Ἀπὸ
2523 3229 2701 3300 πάσης
2725 3229 2955 3298 ἀπειλῆς
2976 3227 3068 3282 τοῦ
3097 3227 3336 3282 διαϐόλου
3375 3227 3471 3298 (2).

564 3304 653 3358 11.
684 3304 767 3358 Ab
796 3315 918 3360 astu
943 3307 1300 3364 daamoniaco.

2245 3322 2331 3374 11.
2357 3320 2491 3374 Ἀπὸ
2530 3322 2604 3391 (5)
2640 3321 2898 3392 λογισμοῦ
2923 3320 3323 3393 δαιμονιώδους.

565 3394 654 3448 12.
683 3396 766 3450 Ab
787 3396 936 3450 omni
964 3397 1239 3466 voluptate
1264 3399 1490 3454 diaboli.

2245 3411 2331 3464 12.
2355 3411 2490 3464 Ἀπὸ
2528 3410 2707 3481 πάσης
2744 3412 2934 3482 ἡδονῆς
2963 3411 3161 3483 (ιγτοῦ
3189 3411 3451 3465 διαϐόλου.

564 3487 761 3544 15;Αι›
813 3490 962 3546 omni
1013 3500 1238 3560 peccato
1280 3501 1656 3563 permanente,
1705 3503 1760 3550 et
1799 3494 2066 3550 daemonio

2246 3503 2332 3557 13.
2359 3501 2492 3556 Ἀπὸ
2529 3502 2708 3574 πάσης
2729 3504 2997 3576 ἁμαρτίας
3025 3503 3406 3573 ἐπιμενούσης,
3435 3503 3530 3556 καὶ
3553 3502 3736 3572 δαιμο-

495 3576 810 3636 eﬂundente
834 3581 891 3635 in
911 3590 963 3636 te
991 3585 1466 3651 concupiscentias
1495 3600 1713 3656 pravas.

2177 3593 2286 3648 νίου
2319 3593 2600 3664 ἐκχέοντος
2627 3597 2706 3658 εἰς
2739 3595 3029 3665 ἐπιθυμίας
3059 3596 3318 3666 πονηράς.

567 3671 657 3725 14.
690 3669 916 3741 Signato
947 3683 1000 3728 te
1029 3673 1186 3744 signo
1211 3676 1392 3732 crucis
1417 3693 1549 3732 suae.

2247 3685 2333 3740 14.
2374 3685 2448 3758 (a)
2465 3686 2919 3757 Σημειωσαμένου
2941 3703 3034 3740 σου
3055 3686 3115 3740 τὸ
3131 3689 3350 3757 σημεῖον
3364 3684 3459 3740 τοῦ
3486 3682 3733 3758 σταυροῦ.

563 3765 653 3822 15.
684 3765 889 3824 Omnes
913 3767 1237 3824 adversariae
1266 3779 1564 3840 potestates
1593 3781 1969 3830 conterentur.

2247 3779 2334 3834 15.
2375 3779 2553 3834 Πᾶσαι
2579 3780 2635 3832 ai
2667 3779 2905 3834 ἐναντίαι
2929 3779 3183 3850 δυνάμεις
3207 3777 3669 3850 συντριϐήσονται.

567 3858 660 3913 16.
691 3858 759 3913 Et
793 3875 979 3915 earum
1017 3862 1166 3916 nulla
1198 3866 1606 3934 approximabit
1634 3867 1752 3924 tibi.

1737 3909 1752 3924 .
2247 3871 2334 3926 16.
2375 3872 2484 3926 Καὶ
2510 3871 2681 3933 οὐδεὶς
2709 3871 2886 3929 αὐτῶν
2908 3870 3194 3943 πλησιάσει
3218 3887 3318 3924 σοι.

569 3950 660 4005 17.
689 3949 864 4021 Vigila
887 3960 1070 4008 tamen
1087 3956 1289 4010 mentis
1313 3957 1506 4012 oculis.

2248 3965 2335 4018 17.
2352 3963 2542 4036 Ὅμως
2564 3962 2700 4033 νῆφε
2732 3965 2842 4026 τοῖς
2869 3964 2967 4034 τῆς
2999 3960 3232 4026 διανοίας
3258 3963 3573 4033 ὀφθαλμοῖς.

570 4043 664 4099 18.
692 4044 760 4098 Et
788 4045 844 4098 in
881 4046 969 4100 die
993 4045 1181 4115 iudicii
1209 4049 1416 4104 videbis
1446 4060 1710 4105 aeternum
1740 4054 2069 4124 supplicium

2247 4057 2332 4112 18.
2367 4058 2474 4110 Καὶ
2505 4058 2564 4108 ἐν
2603 4059 2668 4128 τῇ
2702 4056 2886 4128 ἡμέρᾳ
2916 4056 3018 4127 τῆς
3051 4056 3283 4128 κρίσεως
3319 4056 3426 4130 ὄψῃ
3465 4057 3564 4127 τὴν
3611 4053 3736 4109 aldi-

501 4136 728 4203 diaboli,
755 4146 810 4192 et
839 4139 1157 4208 angelorum
1184 4140 1326 4210 ejus,
1364 4157 1687 4214 eorumque,
1730 4145 1824 4214 qui
1869 4146 1948 4200 eis
1975 4146 2069 4200 ob-

2179 4166 2289 4204 νιον
2319 4147 2539 4202 κόλασιν
2573 4147 2666 4201 τοῦ
2707 4148 2974 4212 διαϐόλου,
3016 4148 3112 4203 καὶ
3144 4147 3252 4201 τῶν
3282 4148 3531 4217 ἀγγέλων
3559 4145 3736 4210 αὑτοῦ,

499 4240 891 4300 temperarunt.

2178 4241 2271 4293 καὶ
2299 4257 2405 4293 των
2429 4240 2608 4302 αὐτοῖς
2638 4238 2971 4310 πειθομένων
2997 4238 3093 4311 (5).

571 4320 760 4376 19-21.
793 4321 917 4377 Non
953 4324 1195 4378 accedent
1227 4325 1296 4378 ad
1329 4336 1377 4378 te
1411 4326 1572 4393 mala,
1599 4335 1653 4382 et
1669 4326 1757 4382 dic
1785 4345 1797 4380 :
1833 4325 1931 4393 Tu,
1963 4325 2070 4380 Do-

2248 4331 2436 4386 19-21.
2473 4333 2555 4384 Οὐ
2569 4330 3037 4398 προσελεύσεται
3056 4331 3206 4398 πρὸς
3224 4330 3299 4384 σὲ
3314 4329 3489 4391 κακὰ,
3515 4328 3610 4381 καὶ
3624 4325 3739 4395 λέγε

501 4413 662 4477 mine,
714 4423 830 4482 spes
880 4429 1038 4468 mea:
1076 4414 1339 4470 Dominus
1381 4426 1562 4472 autem
1606 4419 1672 4472 ad
1725 4434 1850 4472 eum
1899 4418 2064 4473 dicit:

2181 4425 2291 4496 (6)·
2329 4423 2435 4488 Σὺ,
2470 4424 2665 4492 Κύριε,
2692 4424 2730 4491 ἠ
2759 4423 2936 4489 ἐλπίς
2963 4439 3083 4491 μου
3109 4439 3122 4453 ο
3171 4425 3200 4476 ὁ
3246 4423 3303 4474 δὲ
3335 4422 3576 4492 Κύριοςο
3615 4417 3741 4488 Ἐμὲ

501 4505 649 4558 Ροηε
670 4517 750 4559 me
781 4505 1080 4574 adjutorem
1106 4515 1276 4574 tuum,
1306 4524 1408 4562 non
1437 4509 1827 4580 approximabit
1857 4509 2071 4580 aliquod

1919 4510 2071 4580 iquod
2109 4535 2150 4588 ο
2181 4518 2287 4572 θοῦ
2315 4518 2547 4585 ,ϐοηθόν
2574 4532 2712 4582 σου,
2743 4517 2816 4569 οὐ
2851 4514 3177 4582 πλησιάσει
3209 4516 3395 4568 κακόν
3426 4532 3500 4567 τι.

502 4597 725 4653 malum.

572 4688 668 4745 22.
697 4688 764 4744 Et
784 4697 1026 4759 potestas
1055 4690 1254 4745 diaboli
1287 4690 1340 4744 in
1373 4704 1422 4746 te
1452 4707 1558 4746 non
1583 4691 1979 4747 dominabitur.

2249 4694 2338 4747 22.
2362 4695 2471 4746 Καὶ
2483 4689 2768 4744 δυναστεία
2786 4691 2877 4743 τοῦ
2895 4689 3136 4744 διαϐόλου
3160 4689 3219 4742 σὺ
3246 4687 3525 4760 κυριεύσει
3541 4703 3634 4740 σου
3649 4686 3739 4755 (7).

573 4781 782 4850 25,24.
813 4780 1088 4849 Quoniam
1131 4784 1406 4854 praecipiet
1453 4785 1658 4856 angelis
1705 4785 1842 4848 suis,
1895 4793 1955 4838 ut
2007 4785 2074 4838 ab

2255 4787 2346 4848 25,
2376 4785 2466 4839 2-1.
2489 4784 2564 4855 (8)
2595 4787 2715 4842 ’Ότι
2738 4783 3028 4858 προστάξει
3041 4785 3152 4846 τοῖς
3165 4781 3415 4851 ἀγγέλοις
3439 4779 3606 4832 αὐτοῦ
3626 4780 3740 4832 λυτ-

505 4876 656 4933 omni
689 4875 1008 4945 deceptione
1041 4885 1092 4930 te
1123 4876 1374 4932 liberem.

2191 4877 2414 4948 ροῦσθαί
2448 4895 2507 4931 σε
2534 4878 2641 4931 άπὸ
2669 4879 2846 4949 πάσης
2866 4877 3091 4947 πλάνης.

578 4967 670 5023 25.
712 4966 776 5021 Et
809 4975 858 5021 te
890 4967 1162 5022 deducant
1191 4969 1245 5021 in
1279 4983 1442 5024 omne
1475 4982 1616 5026 onus
1642 4967 1868 5022 bonum.

2252 4968 2340 5022 25.
2372 4969 2481 5021 Kal
2507 4967 2761 5035 ὁδηγοῦσί
2786 4985 2844 5022 σε
2867 4969 2958 5039 εείς
2987 4969 3094 5022 πᾶν
3128 4967 3285 5038 ἔργον
3315 4963 3539 5034 ἀγαθόν.

1473 5128 1776 5189 Addenda
1811 5134 1868 5188 et
1901 5126 2272 5204 corrigenda
2302 5143 2379 5186 ex
2409 5126 2549 5188 cod.
2595 5125 2795 5188 Vatic.

579 5295 656 5366 (1)
696 5294 1036 5364 Διαφυλάξει,
1096 5365 1105 5366 7
1144 5365 1150 5366 7
1300 5365 1307 5366 7
1368 5363 1382 5366 _
1466 5362 1490 5366 _
2182 5291 2244 5366 N7.
2281 5291 2377 5366 20,
2401 5293 2491 5347 21.
2534 5294 2591 5346 '0
2633 5293 2689 5346 δὲ
2717 5293 2915 5366 Κύριος
2934 5293 3305 5366 πρὸςῗαῦτόν·
3352 5290 3504 5362 Ἐμέ,
3531 5300 3636 5347 etc.
3685 5288 3742 5340 οὗ

579 5362 660 5433 (2)
680 5362 819 5418 Ἀπδ
848 5367 1027 5432 πάσης
1052 5365 1258 5434 πλάνης
1295 5362 1514 5435 ἐχθροῦ.
2184 5363 2474 5485 πληἹσιάσει
2507 5381 2589 5417 σοι
2613 5362 2813 5419 κακόν.⁷
2847 5368 2904 5419 Τι
2940 5362 3049 5419 non
3084 5364 3293 5434 legitur.

579 5437 657 5485 (3i
679 5439 814 5485 Ἄπό
848 5451 954 5485 non
986 5437 1197 5485 legitur.
2253 5435 2270 5485 ί
2314 5433 2330 5485 l
2361 5435 2470 5485 Σοι.

579 5437 657 5506 (5)
679 5439 814 5491 Ἀπό
848 5451 954 5491 non
986 5437 1197 5506 legitur.
1220 5433 1224 5434 ⁷
1399 5433 1406 5435 ἡ

888 5451 954 5491 0n
986 5437 1197 5506 legitur.
1220 5433 1224 5434 ί
1399 5433 1406 5435 ἡ
2253 5433 2330 5506 (ἶ)
2361 5435 2469 5506 gon.

604 5499 659 5575 4)
693 5506 931 5575 ίῐιλάνης.
1038 5499 1064 5506 ⁷
1234 5574 1240 5575 7
1346 5574 1350 5575 7

2188 5571 2233 5575 __
2261 5499 2427 5575 (8')?!-
2461 5503 2550 5559 25.
2571 5503 2730 5566 Ὅτι.
2759 5515 2873 5575 etc.
2899 5503 2965 5559 N.
2995 5503 3082 5558 et.
3105 5499 3503 5575 Λυτρώσασθαί
3541 5517 3621 5566 σε,
3643 5506 3740 5554 etc.

603 5571 658 5646 57)
689 5574 794 5646 Kal
823 5571 957 5630 πᾶσι
986 5580 1099 5640 τοῖς
1129 5574 1487 5646 πειθομένοις.
1513 5643 1523 5646 7
1898 5642 1911 5646 _
2013 5642 2023 5646 _
2188 5571 2374 5632 Νζ25.
2410 5575 2573 5630 Αὐτοὶ
2596 5575 2652 5629 δὲ
2681 5574 2934 5645 ὁδηγοῦσι
2969 5590 3048 5638 σε,
3083 5584 3186 5629 etc.

609 5642 664 5713 6')
694 5643 758 5700 N.
823 5647 908 5701 19.
954 5649 1062 5699 Καὶ
1110 5642 1441 5714 λέγε,’ριο.,
1494 5642 2084 5716 desuntpraccedcntia.

586 5761 661 5832 (a)
702 5762 764 5816 N.
797 5766 886 5835 11,
914 5765 1001 5833 15,
1032 5765 1118 5830 16,
1149 5782 1288 5823 unus
1329 5774 1619 5823 comment.
