  <div class='ocr_page' id='page_1' title='image "/cluster/home/n/w/nwhite01/storage/ocr_20150623/27/mdp.39015007065769/542.png"; bbox 0 0 4004 6212; ppageno 0'>
   <div class='ocr_carea' id='block_1_1' title="bbox 332 278 3551 354">
    <p class='ocr_par' dir='ltr' id='par_1_1' title="bbox 332 278 3551 354">
     <span class='ocr_line' id='line_1_1' title="bbox 332 278 3551 354; baseline 0.002 -20"><span class='ocrx_word' id='word_1_1' title='bbox 332 280 451 336; x_wconf 68' lang='grc' dir='ltr'>10ὶό</span> <span class='ocrx_word' id='word_1_2' title='bbox 1120 332 1125 338; x_wconf 92' lang='grc'><strong><em>,</em></strong></span> <span class='ocrx_word' id='word_1_3' title='bbox 1229 280 1313 334; x_wconf 86' lang='lat' dir='ltr'><strong>DE</strong></span> <span class='ocrx_word' id='word_1_4' title='bbox 1355 279 1632 335; x_wconf 86' lang='lat' dir='ltr'><strong>TITULIS</strong></span> <span class='ocrx_word' id='word_1_5' title='bbox 1673 278 2124 335; x_wconf 67' lang='lat' dir='ltr'><strong>PSALMORUM.</strong></span> <span class='ocrx_word' id='word_1_6' title='bbox 2165 311 2234 322; x_wconf 91' lang='lat'><strong>-—</strong></span> <span class='ocrx_word' id='word_1_7' title='bbox 2269 279 2462 334; x_wconf 86' lang='lat' dir='ltr'><strong>PSAL.</strong></span> <span class='ocrx_word' id='word_1_8' title='bbox 2498 281 2630 336; x_wconf 76' lang='lat' dir='ltr'><strong>XCI.</strong></span> <span class='ocrx_word' id='word_1_9' title='bbox 3344 337 3350 354; x_wconf 61' lang='grc'>,</span> <span class='ocrx_word' id='word_1_10' title='bbox 3405 283 3551 340; x_wconf 67' lang='lat'><strong>{04&#39;6-</strong></span> 
     </span>
    </p>
   </div>
   <div class='ocr_carea' id='block_1_2' title="bbox 392 391 1973 468">
    <p class='ocr_par' dir='ltr' id='par_1_2' title="bbox 392 391 1957 467">
     <span class='ocr_line' id='line_1_2' title="bbox 392 391 1957 467; baseline 0.002 -19"><span class='ocrx_word' id='word_1_11' title='bbox 392 391 475 448; x_wconf 75' lang='grc'><strong>26.</strong></span> <span class='ocrx_word' id='word_1_12' title='bbox 507 393 731 465; x_wconf 83' lang='grc' dir='ltr'><strong>Μήποτε</strong></span> <span class='ocrx_word' id='word_1_13' title='bbox 766 395 1077 467; x_wconf 80' lang='grc' dir='ltr'>προσκόψῃς</span> <span class='ocrx_word' id='word_1_14' title='bbox 1110 396 1245 467; x_wconf 86' lang='grc' dir='ltr'>πρὸς</span> <span class='ocrx_word' id='word_1_15' title='bbox 1277 397 1423 450; x_wconf 84' lang='grc' dir='ltr'>λίθον</span> <span class='ocrx_word' id='word_1_16' title='bbox 1446 397 1536 450; x_wconf 84' lang='grc' dir='ltr'><strong>τὸν</strong></span> <span class='ocrx_word' id='word_1_17' title='bbox 1571 397 1704 451; x_wconf 85' lang='grc' dir='ltr'><strong>πόδα</strong></span> <span class='ocrx_word' id='word_1_18' title='bbox 1731 415 1842 450; x_wconf 88' lang='grc' dir='ltr'>σου.</span> <span class='ocrx_word' id='word_1_19' title='bbox 1913 406 1957 460; x_wconf 85' lang='grc' dir='ltr'><strong>Α</strong></span> 
     </span>
    </p>
   </div>
   <div class='ocr_carea' id='block_1_3' title="bbox 1892 391 3473 468">
    <p class='ocr_par' dir='ltr' id='par_1_3' title="bbox 1913 395 3473 468">
     <span class='ocr_line' id='line_1_3' title="bbox 1913 395 3473 468; baseline 0.003 -19"><span class='ocrx_word' id='word_1_20' title='bbox 1913 406 1957 460; x_wconf 84' lang='grc' dir='ltr'><strong>Α</strong></span> <span class='ocrx_word' id='word_1_21' title='bbox 2056 397 2148 452; x_wconf 87' lang='lat'><strong>26.</strong></span> <span class='ocrx_word' id='word_1_22' title='bbox 2176 395 2254 452; x_wconf 86' lang='lat' dir='ltr'><strong>Ne</strong></span> <span class='ocrx_word' id='word_1_23' title='bbox 2282 397 2421 453; x_wconf 78' lang='lat' dir='ltr'><strong>forte</strong></span> <span class='ocrx_word' id='word_1_24' title='bbox 2456 398 2694 453; x_wconf 82' lang='lat' dir='ltr'><strong>oll‘eudas</strong></span> <span class='ocrx_word' id='word_1_25' title='bbox 2719 400 2786 453; x_wconf 87' lang='lat' dir='ltr'><strong>ad</strong></span> <span class='ocrx_word' id='word_1_26' title='bbox 2815 398 3042 468; x_wconf 88' lang='lat' dir='ltr'><strong>lapidem</strong></span> <span class='ocrx_word' id='word_1_27' title='bbox 3079 397 3266 468; x_wconf 85' lang='lat' dir='ltr'><strong>pedem</strong></span> <span class='ocrx_word' id='word_1_28' title='bbox 3301 405 3473 454; x_wconf 91' lang='lat' dir='ltr'><strong>tuum.</strong></span> 
     </span>
    </p>
   </div>
   <div class='ocr_carea' id='block_1_4' title="bbox 316 478 1897 562">
    <p class='ocr_par' dir='ltr' id='par_1_4' title="bbox 316 478 1622 562">
     <span class='ocr_line' id='line_1_4' title="bbox 316 478 1622 562; baseline 0.028 -31"><span class='ocrx_word' id='word_1_29' title='bbox 316 478 324 488; x_wconf 83' lang='grc'><strong>”</strong></span> <span class='ocrx_word' id='word_1_30' title='bbox 390 483 476 537; x_wconf 75' lang='grc'><strong>27.</strong></span> <span class='ocrx_word' id='word_1_31' title='bbox 517 484 638 537; x_wconf 75' lang='grc' dir='ltr'><strong>Ἐπὶ</strong></span> <span class='ocrx_word' id='word_1_32' title='bbox 666 485 867 539; x_wconf 82' lang='grc' dir='ltr'>άσπίδα</span> <span class='ocrx_word' id='word_1_33' title='bbox 893 488 985 540; x_wconf 71' lang='grc' dir='ltr'><strong>καὶ</strong></span> <span class='ocrx_word' id='word_1_34' title='bbox 1010 487 1318 556; x_wconf 83' lang='grc' dir='ltr'>βασιλίσκον</span> <span class='ocrx_word' id='word_1_35' title='bbox 1347 490 1587 562; x_wconf 67' lang='grc' dir='ltr'><strong>ἐπιδήσῒὶ</strong></span> <span class='ocrx_word' id='word_1_36' title='bbox 1611 505 1622 519; x_wconf 84' lang='grc'><em>’</em></span> 
     </span>
    </p>
   </div>
   <div class='ocr_carea' id='block_1_5' title="bbox 1854 478 3435 562">
    <p class='ocr_par' dir='ltr' id='par_1_5' title="bbox 2055 488 3435 560">
     <span class='ocr_line' id='line_1_5' title="bbox 2055 488 3435 560; baseline 0.004 -18"><span class='ocrx_word' id='word_1_37' title='bbox 2055 489 2146 544; x_wconf 88' lang='grc'>27.</span> <span class='ocrx_word' id='word_1_38' title='bbox 2183 488 2354 559; x_wconf 81' lang='lat' dir='ltr'><strong>Super</strong></span> <span class='ocrx_word' id='word_1_39' title='bbox 2379 491 2643 560; x_wconf 82' lang='lat' dir='ltr'><strong>aspidem,</strong></span> <span class='ocrx_word' id='word_1_40' title='bbox 2670 498 2724 545; x_wconf 90' lang='lat' dir='ltr'><strong>et</strong></span> <span class='ocrx_word' id='word_1_41' title='bbox 2750 491 3062 547; x_wconf 86' lang='lat' dir='ltr'><strong>basiliscum</strong></span> <span class='ocrx_word' id='word_1_42' title='bbox 3092 491 3435 548; x_wconf 84' lang='lat' dir='ltr'><strong>ambulabis:</strong></span> 
     </span>
    </p>
   </div>
   <div class='ocr_carea' id='block_1_6' title="bbox 394 577 1975 656">
    <p class='ocr_par' dir='ltr' id='par_1_6' title="bbox 394 577 1709 656">
     <span class='ocr_line' id='line_1_6' title="bbox 394 577 1709 656; baseline 0.005 -26"><span class='ocrx_word' id='word_1_43' title='bbox 394 577 481 632; x_wconf 76' lang='lat'><strong>28.</strong></span> <span class='ocrx_word' id='word_1_44' title='bbox 516 578 628 656; x_wconf 80' lang='grc' dir='ltr'><strong>Καὶ</strong></span> <span class='ocrx_word' id='word_1_45' title='bbox 654 581 1064 650; x_wconf 79' lang='grc' dir='ltr'>καταπατήσεις</span> <span class='ocrx_word' id='word_1_46' title='bbox 1090 579 1277 633; x_wconf 82' lang='grc' dir='ltr'>λέοντα</span> <span class='ocrx_word' id='word_1_47' title='bbox 1308 582 1401 634; x_wconf 78' lang='grc' dir='ltr'>κα).</span> <span class='ocrx_word' id='word_1_48' title='bbox 1422 582 1709 652; x_wconf 81' lang='grc' dir='ltr'>δράκοντα.</span> 
     </span>
    </p>
   </div>
   <div class='ocr_carea' id='block_1_7' title="bbox 1694 577 3275 656">
    <p class='ocr_par' dir='ltr' id='par_1_7' title="bbox 1695 582 3275 641">
     <span class='ocr_line' id='line_1_7' title="bbox 1695 582 3275 641; baseline 0.001 -4"><span class='ocrx_word' id='word_1_49' title='bbox 1695 622 1709 637; x_wconf 96' lang='grc'><strong>.</strong></span> <span class='ocrx_word' id='word_1_50' title='bbox 2055 582 2145 636; x_wconf 89' lang='grc'><strong>28.</strong></span> <span class='ocrx_word' id='word_1_51' title='bbox 2185 583 2251 637; x_wconf 89' lang='lat' dir='ltr'><strong>Et</strong></span> <span class='ocrx_word' id='word_1_52' title='bbox 2279 583 2623 641; x_wconf 86' lang='lat' dir='ltr'><strong>conculcabis</strong></span> <span class='ocrx_word' id='word_1_53' title='bbox 2653 585 2859 639; x_wconf 84' lang='lat' dir='ltr'><strong>leonem</strong></span> <span class='ocrx_word' id='word_1_54' title='bbox 2888 594 2940 640; x_wconf 91' lang='lat' dir='ltr'><strong>et</strong></span> <span class='ocrx_word' id='word_1_55' title='bbox 2968 585 3275 639; x_wconf 83' lang='lat' dir='ltr'><strong>draconem.</strong></span> 
     </span>
    </p>
   </div>
   <div class='ocr_carea' id='block_1_8' title="bbox 392 668 1973 747">
    <p class='ocr_par' dir='ltr' id='par_1_8' title="bbox 392 668 1699 742">
     <span class='ocr_line' id='line_1_8' title="bbox 392 668 1699 742; baseline 0.002 -21"><span class='ocrx_word' id='word_1_56' title='bbox 392 669 476 722; x_wconf 86' lang='lat'><strong>29.</strong></span> <span class='ocrx_word' id='word_1_57' title='bbox 509 668 628 722; x_wconf 83' lang='grc' dir='ltr'>Ὅτι</span> <span class='ocrx_word' id='word_1_58' title='bbox 654 671 740 722; x_wconf 86' lang='grc' dir='ltr'>ἐπ’</span> <span class='ocrx_word' id='word_1_59' title='bbox 769 670 868 740; x_wconf 82' lang='grc' dir='ltr'><strong>ἐμὲ</strong></span> <span class='ocrx_word' id='word_1_60' title='bbox 902 670 1115 740; x_wconf 75' lang='grc' dir='ltr'>ἡλπισε,</span> <span class='ocrx_word' id='word_1_61' title='bbox 1147 673 1238 725; x_wconf 74' lang='grc' dir='ltr'>καὶ</span> <span class='ocrx_word' id='word_1_62' title='bbox 1269 672 1501 742; x_wconf 79' lang='grc' dir='ltr'><strong>ῥύσομαι</strong></span> <span class='ocrx_word' id='word_1_63' title='bbox 1537 673 1699 726; x_wconf 85' lang='grc' dir='ltr'>αὐτόν</span> 
     </span>
    </p>
   </div>
   <div class='ocr_carea' id='block_1_9' title="bbox 1881 668 3462 747">
    <p class='ocr_par' dir='ltr' id='par_1_9' title="bbox 2059 674 3462 747">
     <span class='ocr_line' id='line_1_9' title="bbox 2059 674 3462 747; baseline 0.001 -20"><span class='ocrx_word' id='word_1_64' title='bbox 2059 674 2154 728; x_wconf 89' lang='grc'><strong>29.</strong></span> <span class='ocrx_word' id='word_1_65' title='bbox 2192 674 2458 739; x_wconf 86' lang='lat' dir='ltr'><strong>Quoniam</strong></span> <span class='ocrx_word' id='word_1_66' title='bbox 2489 675 2539 729; x_wconf 90' lang='lat' dir='ltr'><strong>in</strong></span> <span class='ocrx_word' id='word_1_67' title='bbox 2583 691 2666 731; x_wconf 91' lang='lat' dir='ltr'><strong>me</strong></span> <span class='ocrx_word' id='word_1_68' title='bbox 2699 676 2955 747; x_wconf 75' lang='lat' dir='ltr'><strong>speravit,</strong></span> <span class='ocrx_word' id='word_1_69' title='bbox 2989 686 3040 734; x_wconf 89' lang='lat' dir='ltr'><strong>et</strong></span> <span class='ocrx_word' id='word_1_70' title='bbox 3069 675 3308 731; x_wconf 84' lang='lat' dir='ltr'><strong>liberabo</strong></span> <span class='ocrx_word' id='word_1_71' title='bbox 3337 690 3462 731; x_wconf 92' lang='lat' dir='ltr'><strong>eum</strong></span> 
     </span>
    </p>
   </div>
   <div class='ocr_carea' id='block_1_10' title="bbox 393 760 1974 837">
    <p class='ocr_par' dir='ltr' id='par_1_10' title="bbox 393 760 1712 834">
     <span class='ocr_line' id='line_1_10' title="bbox 393 760 1712 834; baseline 0.001 -18"><span class='ocrx_word' id='word_1_72' title='bbox 393 760 475 816; x_wconf 79' lang='grc'><strong>50.</strong></span> <span class='ocrx_word' id='word_1_73' title='bbox 512 761 775 815; x_wconf 89' lang='grc' dir='ltr'>Σκεπάσω</span> <span class='ocrx_word' id='word_1_74' title='bbox 795 762 977 830; x_wconf 84' lang='grc' dir='ltr'>αὐτὸν,</span> <span class='ocrx_word' id='word_1_75' title='bbox 1009 765 1089 817; x_wconf 82' lang='grc' dir='ltr'><strong>ὅτι</strong></span> <span class='ocrx_word' id='word_1_76' title='bbox 1117 763 1258 832; x_wconf 78' lang='grc' dir='ltr'>ἔγνω</span> <span class='ocrx_word' id='word_1_77' title='bbox 1289 765 1350 818; x_wconf 83' lang='grc' dir='ltr'><strong>τὸ</strong></span> <span class='ocrx_word' id='word_1_78' title='bbox 1383 764 1556 834; x_wconf 80' lang='grc' dir='ltr'>ὗνομά</span> <span class='ocrx_word' id='word_1_79' title='bbox 1588 781 1712 833; x_wconf 87' lang='grc' dir='ltr'>μου.</span> 
     </span>
    </p>
   </div>
   <div class='ocr_carea' id='block_1_11' title="bbox 1962 760 3543 837">
    <p class='ocr_par' dir='ltr' id='par_1_11' title="bbox 2060 762 3543 837">
     <span class='ocr_line' id='line_1_11' title="bbox 2060 762 3543 837; baseline 0.005 -22"><span class='ocrx_word' id='word_1_80' title='bbox 2060 763 2149 816; x_wconf 84' lang='lat'><strong>50.</strong></span> <span class='ocrx_word' id='word_1_81' title='bbox 2196 762 2478 827; x_wconf 74' lang='lat' dir='ltr'><strong>Protegam</strong></span> <span class='ocrx_word' id='word_1_82' title='bbox 2523 782 2682 834; x_wconf 89' lang='lat' dir='ltr'><strong>eum,</strong></span> <span class='ocrx_word' id='word_1_83' title='bbox 2737 767 2994 836; x_wconf 87' lang='lat' dir='ltr'><strong>quoniam</strong></span> <span class='ocrx_word' id='word_1_84' title='bbox 3040 765 3291 837; x_wconf 83' lang='lat' dir='ltr'><strong>cognovit</strong></span> <span class='ocrx_word' id='word_1_85' title='bbox 3347 782 3543 823; x_wconf 90' lang='lat' dir='ltr'><strong>nomen</strong></span> 
     </span>
    </p>
   </div>
   <div class='ocr_carea' id='block_1_12' title="bbox 1986 871 2187 910">
    <p class='ocr_par' dir='ltr' id='par_1_12' title="bbox 1986 871 2187 910">
     <span class='ocr_line' id='line_1_12' title="bbox 1986 871 2187 910; baseline -0.005 -1"><span class='ocrx_word' id='word_1_86' title='bbox 1986 871 2187 910; x_wconf 84' lang='lat' dir='ltr'><strong>nneurn.</strong></span> 
     </span>
    </p>
   </div>
   <div class='ocr_carea' id='block_1_13' title="bbox 396 937 1977 1018">
    <p class='ocr_par' dir='ltr' id='par_1_13' title="bbox 396 937 1889 1012">
     <span class='ocr_line' id='line_1_13' title="bbox 396 937 1889 1012; baseline -0.005 -16"><span class='ocrx_word' id='word_1_87' title='bbox 396 940 480 996; x_wconf 86' lang='grc'>51.</span> <span class='ocrx_word' id='word_1_88' title='bbox 514 939 854 1012; x_wconf 81' lang='grc' dir='ltr'>Κεκράξεται</span> <span class='ocrx_word' id='word_1_89' title='bbox 905 940 1039 1011; x_wconf 81' lang='grc' dir='ltr'>πρὸς</span> <span class='ocrx_word' id='word_1_90' title='bbox 1086 941 1174 1011; x_wconf 84' lang='grc' dir='ltr'>μέ,</span> <span class='ocrx_word' id='word_1_91' title='bbox 1207 940 1302 994; x_wconf 69' lang='grc' dir='ltr'>καὶ</span> <span class='ocrx_word' id='word_1_92' title='bbox 1351 937 1889 1008; x_wconf 73' lang='grc' dir='ltr'>ἐγὼιέπακούσομαι</span> 
     </span>
    </p>
   </div>
   <div class='ocr_carea' id='block_1_14' title="bbox 1800 937 3381 1018">
    <p class='ocr_par' dir='ltr' id='par_1_14' title="bbox 1800 945 3381 1018">
     <span class='ocr_line' id='line_1_14' title="bbox 1800 945 3381 1018; baseline 0.005 -20"><span class='ocrx_word' id='word_1_93' title='bbox 1800 954 1889 990; x_wconf 58' lang='lat' dir='ltr'><strong>lat</strong></span> <span class='ocrx_word' id='word_1_94' title='bbox 2071 945 2159 999; x_wconf 81' lang='grc'><strong>51.</strong></span> <span class='ocrx_word' id='word_1_95' title='bbox 2192 945 2458 1000; x_wconf 82' lang='lat' dir='ltr'><strong>Clamabit</strong></span> <span class='ocrx_word' id='word_1_96' title='bbox 2485 963 2550 1002; x_wconf 85' lang='lat' dir='ltr'><strong>aa</strong></span> <span class='ocrx_word' id='word_1_97' title='bbox 2574 963 2678 1014; x_wconf 89' lang='lat' dir='ltr'><strong>me,</strong></span> <span class='ocrx_word' id='word_1_98' title='bbox 2707 959 2759 1004; x_wconf 93' lang='lat' dir='ltr'><strong>et</strong></span> <span class='ocrx_word' id='word_1_99' title='bbox 2787 965 2886 1018; x_wconf 79' lang='lat' dir='ltr'><strong>ego</strong></span> <span class='ocrx_word' id='word_1_100' title='bbox 2914 951 3198 1005; x_wconf 84' lang='lat' dir='ltr'><strong>exaudiam</strong></span> <span class='ocrx_word' id='word_1_101' title='bbox 3225 964 3381 1006; x_wconf 88' lang='lat' dir='ltr'><strong>eum:</strong></span> 
     </span>
    </p>
   </div>
   <div class='ocr_carea' id='block_1_15' title="bbox 331 1033 521 1089">
    <p class='ocr_par' dir='ltr' id='par_1_15' title="bbox 331 1033 521 1089">
     <span class='ocr_line' id='line_1_15' title="bbox 331 1033 521 1089; baseline -0.005 -1"><span class='ocrx_word' id='word_1_102' title='bbox 331 1033 486 1089; x_wconf 78' lang='grc' dir='ltr'>αὐτοῦ</span> <span class='ocrx_word' id='word_1_103' title='bbox 508 1052 521 1066; x_wconf 77' lang='grc' dir='ltr'><strong>ο</strong></span> 
     </span>
    </p>
   </div>
   <div class='ocr_carea' id='block_1_16' title="bbox 397 1121 1978 1198">
    <p class='ocr_par' dir='ltr' id='par_1_16' title="bbox 397 1125 1298 1198">
     <span class='ocr_line' id='line_1_16' title="bbox 397 1125 1298 1198; baseline -0.006 -15"><span class='ocrx_word' id='word_1_104' title='bbox 397 1128 483 1183; x_wconf 80' lang='grc'>52.</span> <span class='ocrx_word' id='word_1_105' title='bbox 512 1129 644 1182; x_wconf 86' lang='grc' dir='ltr'><strong>Μετ’</strong></span> <span class='ocrx_word' id='word_1_106' title='bbox 673 1125 838 1182; x_wconf 81' lang='grc' dir='ltr'>αὑτοῦ</span> <span class='ocrx_word' id='word_1_107' title='bbox 861 1128 975 1198; x_wconf 79' lang='grc' dir='ltr'>εἰμι</span> <span class='ocrx_word' id='word_1_108' title='bbox 1009 1128 1067 1180; x_wconf 83' lang='grc' dir='ltr'><strong>ἐν</strong></span> <span class='ocrx_word' id='word_1_109' title='bbox 1094 1125 1298 1196; x_wconf 79' lang='grc' dir='ltr'>θλίψει·</span> 
     </span>
    </p>
   </div>
   <div class='ocr_carea' id='block_1_17' title="bbox 1532 1121 3113 1198">
    <p class='ocr_par' dir='ltr' id='par_1_17' title="bbox 2062 1121 3113 1194">
     <span class='ocr_line' id='line_1_17' title="bbox 2062 1121 3113 1194; baseline 0.006 -18"><span class='ocrx_word' id='word_1_110' title='bbox 2062 1122 2152 1176; x_wconf 87' lang='grc'><strong>52.</strong></span> <span class='ocrx_word' id='word_1_111' title='bbox 2182 1121 2317 1177; x_wconf 87' lang='lat' dir='ltr'><strong>Cum</strong></span> <span class='ocrx_word' id='word_1_112' title='bbox 2351 1125 2467 1194; x_wconf 89' lang='lat' dir='ltr'><strong>ipso</strong></span> <span class='ocrx_word' id='word_1_113' title='bbox 2494 1141 2612 1179; x_wconf 87' lang='lat' dir='ltr'><strong>sum</strong></span> <span class='ocrx_word' id='word_1_114' title='bbox 2647 1125 2698 1178; x_wconf 90' lang='lat' dir='ltr'><strong>in</strong></span> <span class='ocrx_word' id='word_1_115' title='bbox 2735 1126 3113 1183; x_wconf 77' lang='lat' dir='ltr'><strong>tribulatione:</strong></span> 
     </span>
    </p>
   </div>
   <div class='ocr_carea' id='block_1_18' title="bbox 395 1213 1976 1290">
    <p class='ocr_par' dir='ltr' id='par_1_18' title="bbox 395 1215 1618 1290">
     <span class='ocr_line' id='line_1_18' title="bbox 395 1215 1618 1290; baseline -0.004 -17"><span class='ocrx_word' id='word_1_116' title='bbox 395 1218 484 1273; x_wconf 79' lang='lat'><strong>5&#39;5.</strong></span> <span class='ocrx_word' id='word_1_117' title='bbox 516 1217 832 1290; x_wconf 81' lang='grc' dir='ltr'>Ἐξελοῦμαι</span> <span class='ocrx_word' id='word_1_118' title='bbox 863 1217 1045 1282; x_wconf 80' lang='grc' dir='ltr'>αὐτὸν,</span> <span class='ocrx_word' id='word_1_119' title='bbox 1081 1217 1176 1271; x_wconf 70' lang='grc' dir='ltr'><strong>καὶ</strong></span> <span class='ocrx_word' id='word_1_120' title='bbox 1199 1216 1406 1280; x_wconf 81' lang='grc' dir='ltr'>δοξάσω</span> <span class='ocrx_word' id='word_1_121' title='bbox 1436 1215 1618 1269; x_wconf 80' lang='grc' dir='ltr'>αὐτόν.</span> 
     </span>
    </p>
   </div>
   <div class='ocr_carea' id='block_1_19' title="bbox 1608 1213 3189 1290">
    <p class='ocr_par' dir='ltr' id='par_1_19' title="bbox 1608 1213 3189 1287">
     <span class='ocr_line' id='line_1_19' title="bbox 1608 1213 3189 1287; baseline 0.003 -18"><span class='ocrx_word' id='word_1_122' title='bbox 1608 1254 1618 1269; x_wconf 92' lang='grc'><strong>.</strong></span> <span class='ocrx_word' id='word_1_123' title='bbox 2062 1214 2153 1268; x_wconf 86' lang='grc'><strong>55.</strong></span> <span class='ocrx_word' id='word_1_124' title='bbox 2183 1213 2418 1284; x_wconf 85' lang='lat' dir='ltr'><strong>Eripiam</strong></span> <span class='ocrx_word' id='word_1_125' title='bbox 2453 1232 2599 1280; x_wconf 88' lang='lat' dir='ltr'><strong>eum,</strong></span> <span class='ocrx_word' id='word_1_126' title='bbox 2634 1225 2687 1270; x_wconf 83' lang='lat' dir='ltr'><strong>et</strong></span> <span class='ocrx_word' id='word_1_127' title='bbox 2711 1218 3022 1287; x_wconf 82' lang='lat' dir='ltr'><strong>gloriﬁcabo</strong></span> <span class='ocrx_word' id='word_1_128' title='bbox 3047 1234 3189 1274; x_wconf 89' lang='lat' dir='ltr'><strong>eum.</strong></span> 
     </span>
    </p>
   </div>
   <div class='ocr_carea' id='block_1_20' title="bbox 398 1301 1979 1382">
    <p class='ocr_par' dir='ltr' id='par_1_20' title="bbox 398 1308 1624 1382">
     <span class='ocr_line' id='line_1_20' title="bbox 398 1308 1624 1382; baseline -0.003 -18"><span class='ocrx_word' id='word_1_129' title='bbox 398 1310 485 1364; x_wconf 81' lang='lat'><strong>54.</strong></span> <span class='ocrx_word' id='word_1_130' title='bbox 519 1310 852 1382; x_wconf 81' lang='grc' dir='ltr'>Μακρότητα</span> <span class='ocrx_word' id='word_1_131' title='bbox 883 1309 1104 1381; x_wconf 83' lang='grc' dir='ltr'>ἡμερῶν</span> <span class='ocrx_word' id='word_1_132' title='bbox 1139 1309 1403 1379; x_wconf 75' lang='grc' dir='ltr'>ἐμπλήσω</span> <span class='ocrx_word' id='word_1_133' title='bbox 1426 1308 1587 1361; x_wconf 82' lang='grc' dir='ltr'>αὐτόν</span> <span class='ocrx_word' id='word_1_134' title='bbox 1609 1325 1624 1338; x_wconf 89' lang='grc'><strong>·</strong></span> 
     </span>
    </p>
   </div>
   <div class='ocr_carea' id='block_1_21' title="bbox 1613 1301 3194 1382">
    <p class='ocr_par' dir='ltr' id='par_1_21' title="bbox 1613 1301 3194 1379">
     <span class='ocr_line' id='line_1_21' title="bbox 1613 1301 3194 1379; baseline 0.006 -25"><span class='ocrx_word' id='word_1_135' title='bbox 1613 1325 1624 1338; x_wconf 79' lang='grc' dir='ltr'><strong>ι</strong></span> <span class='ocrx_word' id='word_1_136' title='bbox 2060 1304 2148 1357; x_wconf 77' lang='lat'><strong>54.</strong></span> <span class='ocrx_word' id='word_1_137' title='bbox 2184 1301 2540 1374; x_wconf 83' lang='lat' dir='ltr'><strong>Longitudine</strong></span> <span class='ocrx_word' id='word_1_138' title='bbox 2560 1307 2768 1362; x_wconf 90' lang='lat' dir='ltr'><strong>dierum</strong></span> <span class='ocrx_word' id='word_1_139' title='bbox 2800 1310 3017 1379; x_wconf 79' lang='lat' dir='ltr'><strong>replebo</strong></span> <span class='ocrx_word' id='word_1_140' title='bbox 3041 1325 3194 1364; x_wconf 86' lang='lat' dir='ltr'><strong>eum:</strong></span> 
     </span>
    </p>
   </div>
   <div class='ocr_carea' id='block_1_22' title="bbox 334 1393 1915 1472">
    <p class='ocr_par' dir='ltr' id='par_1_22' title="bbox 334 1399 1540 1472">
     <span class='ocr_line' id='line_1_22' title="bbox 334 1399 1540 1472; baseline -0.004 -17"><span class='ocrx_word' id='word_1_141' title='bbox 334 1441 336 1444; x_wconf 53' lang='grc' dir='ltr'>μ</span> <span class='ocrx_word' id='word_1_142' title='bbox 397 1400 484 1456; x_wconf 82' lang='lat'><strong>55.</strong></span> <span class='ocrx_word' id='word_1_143' title='bbox 510 1401 619 1456; x_wconf 79' lang='lat' dir='ltr'><strong>Kal.</strong></span> <span class='ocrx_word' id='word_1_144' title='bbox 650 1401 807 1466; x_wconf 78' lang='grc' dir='ltr'>δείξω</span> <span class='ocrx_word' id='word_1_145' title='bbox 832 1400 982 1472; x_wconf 83' lang='grc' dir='ltr'>αὺτῷ</span> <span class='ocrx_word' id='word_1_146' title='bbox 1009 1399 1072 1453; x_wconf 76' lang='grc' dir='ltr'>τὸ</span> <span class='ocrx_word' id='word_1_147' title='bbox 1104 1399 1382 1472; x_wconf 80' lang='grc' dir='ltr'>Σωτήριόν</span> <span class='ocrx_word' id='word_1_148' title='bbox 1418 1417 1540 1470; x_wconf 88' lang='grc' dir='ltr'>μου.</span> 
     </span>
    </p>
   </div>
   <div class='ocr_carea' id='block_1_23' title="bbox 1602 1393 3183 1472">
    <p class='ocr_par' dir='ltr' id='par_1_23' title="bbox 2060 1393 3183 1455">
     <span class='ocr_line' id='line_1_23' title="bbox 2060 1393 3183 1455; baseline 0.006 -7"><span class='ocrx_word' id='word_1_149' title='bbox 2060 1395 2147 1448; x_wconf 86' lang='lat'><strong>55.</strong></span> <span class='ocrx_word' id='word_1_150' title='bbox 2180 1393 2244 1448; x_wconf 81' lang='lat' dir='ltr'><strong>Et</strong></span> <span class='ocrx_word' id='word_1_151' title='bbox 2273 1396 2551 1450; x_wconf 77' lang='lat' dir='ltr'><strong>ostendam</strong></span> <span class='ocrx_word' id='word_1_152' title='bbox 2593 1397 2672 1451; x_wconf 89' lang='lat' dir='ltr'><strong>illi</strong></span> <span class='ocrx_word' id='word_1_153' title='bbox 2702 1397 2949 1454; x_wconf 88' lang='lat' dir='ltr'><strong>Salutare</strong></span> <span class='ocrx_word' id='word_1_154' title='bbox 2984 1415 3183 1455; x_wconf 89' lang='lat' dir='ltr'><strong>meum.</strong></span> 
     </span>
    </p>
   </div>
   <div class='ocr_carea' id='block_1_24' title="bbox 393 1487 1974 1568">
    <p class='ocr_par' dir='ltr' id='par_1_24' title="bbox 393 1491 1837 1563">
     <span class='ocr_line' id='line_1_24' title="bbox 393 1491 1837 1563; baseline -0.004 -16"><span class='ocrx_word' id='word_1_155' title='bbox 393 1492 621 1563; x_wconf 74' lang='grc' dir='ltr'>ίιάλμὸς</span> <span class='ocrx_word' id='word_1_156' title='bbox 655 1492 833 1562; x_wconf 81' lang='grc' dir='ltr'>ᾠδῆς,</span> <span class='ocrx_word' id='word_1_157' title='bbox 866 1493 954 1558; x_wconf 82' lang='grc' dir='ltr'><strong>είς</strong></span> <span class='ocrx_word' id='word_1_158' title='bbox 981 1491 1094 1560; x_wconf 81' lang='grc' dir='ltr'><strong>τὴν</strong></span> <span class='ocrx_word' id='word_1_159' title='bbox 1121 1491 1348 1560; x_wconf 69' lang='grc' dir='ltr'>ἡμέραν</span> <span class='ocrx_word' id='word_1_160' title='bbox 1375 1491 1482 1544; x_wconf 87' lang='grc' dir='ltr'>τοῦ</span> <span class='ocrx_word' id='word_1_161' title='bbox 1512 1491 1837 1544; x_wconf 73' lang='grc' dir='ltr'><strong>Σαϐϐαῖον.</strong></span> 
     </span>
    </p>
   </div>
   <div class='ocr_carea' id='block_1_25' title="bbox 1982 1487 3563 1568">
    <p class='ocr_par' dir='ltr' id='par_1_25' title="bbox 2024 1487 3563 1568">
     <span class='ocr_line' id='line_1_25' title="bbox 2024 1487 3563 1568; baseline 0.008 -30"><span class='ocrx_word' id='word_1_162' title='bbox 2024 1487 2269 1542; x_wconf 80' lang='lat' dir='ltr'><strong>Psalmus</strong></span> <span class='ocrx_word' id='word_1_163' title='bbox 2306 1488 2520 1553; x_wconf 76' lang='lat' dir='ltr'><strong>cantici,</strong></span> <span class='ocrx_word' id='word_1_164' title='bbox 2553 1489 2607 1542; x_wconf 80' lang='lat' dir='ltr'><strong>in</strong></span> <span class='ocrx_word' id='word_1_165' title='bbox 2637 1489 2773 1542; x_wconf 79' lang='lat' dir='ltr'><strong>diem</strong></span> <span class='ocrx_word' id='word_1_166' title='bbox 2808 1489 3047 1547; x_wconf 80' lang='lat' dir='ltr'><strong>Sabbati.</strong></span> <span class='ocrx_word' id='word_1_167' title='bbox 3079 1492 3344 1555; x_wconf 76' lang='lat' dir='ltr'><strong>PSALM.</strong></span> <span class='ocrx_word' id='word_1_168' title='bbox 3365 1494 3486 1552; x_wconf 80' lang='lat' dir='ltr'><strong>XC-</strong></span> <span class='ocrx_word' id='word_1_169' title='bbox 3513 1543 3519 1552; x_wconf 91' lang='lat'><strong>.</strong></span> <span class='ocrx_word' id='word_1_170' title='bbox 3556 1495 3563 1568; x_wconf 68' lang='grc' dir='ltr'>ξ</span> 
     </span>
    </p>
   </div>
   <div class='ocr_carea' id='block_1_26' title="bbox 915 1580 1306 1648">
    <p class='ocr_par' dir='ltr' id='par_1_26' title="bbox 915 1580 1306 1648">
     <span class='ocr_line' id='line_1_26' title="bbox 915 1580 1306 1648; baseline -0.003 -13"><span class='ocrx_word' id='word_1_171' title='bbox 915 1580 1145 1636; x_wconf 79' lang='grc' dir='ltr'><strong>ΨΑΑΜ.</strong></span> <span class='ocrx_word' id='word_1_172' title='bbox 1187 1585 1306 1648; x_wconf 55' lang='lat' dir='ltr'><strong>nm.</strong></span> 
     </span>
    </p>
   </div>
   <div class='ocr_carea' id='block_1_27' title="bbox 405 1665 1986 1745">
    <p class='ocr_par' dir='ltr' id='par_1_27' title="bbox 405 1671 1605 1745">
     <span class='ocr_line' id='line_1_27' title="bbox 405 1671 1605 1745; baseline -0.006 -16"><span class='ocrx_word' id='word_1_173' title='bbox 405 1675 450 1730; x_wconf 86' lang='grc'>1.</span> <span class='ocrx_word' id='word_1_174' title='bbox 495 1673 720 1744; x_wconf 80' lang='grc' dir='ltr'>’Δγαθδν</span> <span class='ocrx_word' id='word_1_175' title='bbox 743 1674 804 1727; x_wconf 83' lang='grc' dir='ltr'><strong>τὸ</strong></span> <span class='ocrx_word' id='word_1_176' title='bbox 826 1673 1260 1745; x_wconf 75' lang='grc' dir='ltr'>ἐξομολογεῖσθαι</span> <span class='ocrx_word' id='word_1_177' title='bbox 1286 1671 1364 1743; x_wconf 80' lang='grc' dir='ltr'>τῷ</span> <span class='ocrx_word' id='word_1_178' title='bbox 1392 1671 1605 1740; x_wconf 83' lang='grc' dir='ltr'><strong>Κυρίῳ,</strong></span> 
     </span>
    </p>
   </div>
   <div class='ocr_carea' id='block_1_28' title="bbox 1451 1665 3032 1745">
    <p class='ocr_par' dir='ltr' id='par_1_28' title="bbox 1451 1665 3032 1740">
     <span class='ocr_line' id='line_1_28' title="bbox 1451 1665 3032 1740; baseline 0.002 -17"><span class='ocrx_word' id='word_1_179' title='bbox 1451 1671 1605 1740; x_wconf 84' lang='grc' dir='ltr'>υρίῳ,</span> <span class='ocrx_word' id='word_1_180' title='bbox 2067 1667 2114 1719; x_wconf 88' lang='grc'>1.</span> <span class='ocrx_word' id='word_1_181' title='bbox 2147 1665 2355 1720; x_wconf 88' lang='lat' dir='ltr'><strong>Bonum</strong></span> <span class='ocrx_word' id='word_1_182' title='bbox 2390 1676 2474 1722; x_wconf 86' lang='lat' dir='ltr'><strong>est</strong></span> <span class='ocrx_word' id='word_1_183' title='bbox 2507 1669 2750 1724; x_wconf 80' lang='lat' dir='ltr'><strong>confiteri</strong></span> <span class='ocrx_word' id='word_1_184' title='bbox 2785 1671 3032 1739; x_wconf 91' lang='lat' dir='ltr'><strong>Domino,</strong></span> 
     </span>
    </p>
   </div>
   <div class='ocr_carea' id='block_1_29' title="bbox 400 1758 1981 1834">
    <p class='ocr_par' dir='ltr' id='par_1_29' title="bbox 400 1759 1963 1834">
     <span class='ocr_line' id='line_1_29' title="bbox 400 1759 1963 1834; baseline -0.005 -17"><span class='ocrx_word' id='word_1_185' title='bbox 400 1763 453 1818; x_wconf 78' lang='grc'><strong>2.</strong></span> <span class='ocrx_word' id='word_1_186' title='bbox 483 1764 592 1819; x_wconf 74' lang='grc' dir='ltr'><strong>Καὶ</strong></span> <span class='ocrx_word' id='word_1_187' title='bbox 621 1763 840 1834; x_wconf 80' lang='grc' dir='ltr'>ψάλλειν</span> <span class='ocrx_word' id='word_1_188' title='bbox 868 1762 944 1833; x_wconf 83' lang='grc' dir='ltr'>τῷ</span> <span class='ocrx_word' id='word_1_189' title='bbox 970 1762 1193 1834; x_wconf 85' lang='grc' dir='ltr'>ὀνόματί</span> <span class='ocrx_word' id='word_1_190' title='bbox 1229 1779 1344 1824; x_wconf 89' lang='grc' dir='ltr'>σου,</span> <span class='ocrx_word' id='word_1_191' title='bbox 1377 1759 1628 1829; x_wconf 81' lang='grc' dir='ltr'>’Υψιστε.</span> <span class='ocrx_word' id='word_1_192' title='bbox 1923 1823 1963 1834; x_wconf 47' lang='lat'><strong>_‘</strong></span> 
     </span>
    </p>
   </div>
   <div class='ocr_carea' id='block_1_30' title="bbox 1596 1758 3177 1834">
    <p class='ocr_par' dir='ltr' id='par_1_30' title="bbox 1596 1758 3177 1834">
     <span class='ocr_line' id='line_1_30' title="bbox 1596 1758 3177 1834; baseline 0.005 -22"><span class='ocrx_word' id='word_1_193' title='bbox 1596 1776 1628 1812; x_wconf 79' lang='grc' dir='ltr'>ε.</span> <span class='ocrx_word' id='word_1_194' title='bbox 1923 1823 1963 1834; x_wconf 37' lang='grc' dir='ltr'><strong>ἡ</strong></span> <span class='ocrx_word' id='word_1_195' title='bbox 2063 1758 2116 1812; x_wconf 86' lang='grc'>2.</span> <span class='ocrx_word' id='word_1_196' title='bbox 2150 1759 2215 1813; x_wconf 87' lang='grc' dir='ltr'>Ει</span> <span class='ocrx_word' id='word_1_197' title='bbox 2246 1760 2476 1830; x_wconf 87' lang='lat' dir='ltr'><strong>psallere</strong></span> <span class='ocrx_word' id='word_1_198' title='bbox 2504 1763 2710 1816; x_wconf 90' lang='lat' dir='ltr'><strong>nomini</strong></span> <span class='ocrx_word' id='word_1_199' title='bbox 2738 1773 2852 1830; x_wconf 83' lang='lat' dir='ltr'><strong>tuo,</strong></span> <span class='ocrx_word' id='word_1_200' title='bbox 2882 1765 3177 1822; x_wconf 84' lang='lat' dir='ltr'><strong>Altissime.</strong></span> 
     </span>
    </p>
   </div>
   <div class='ocr_carea' id='block_1_31' title="bbox 398 1823 1979 1927">
    <p class='ocr_par' dir='ltr' id='par_1_31' title="bbox 398 1823 1967 1927">
     <span class='ocr_line' id='line_1_31' title="bbox 398 1823 1967 1927; baseline -0.004 -17"><span class='ocrx_word' id='word_1_201' title='bbox 398 1856 450 1910; x_wconf 82' lang='lat'><strong>5.</strong></span> <span class='ocrx_word' id='word_1_202' title='bbox 483 1854 588 1908; x_wconf 78' lang='grc' dir='ltr'><strong>Τοῦ</strong></span> <span class='ocrx_word' id='word_1_203' title='bbox 615 1823 962 1924; x_wconf 72' lang='grc' dir='ltr'>άναγγέλλείν</span> <span class='ocrx_word' id='word_1_204' title='bbox 990 1855 1050 1908; x_wconf 81' lang='grc' dir='ltr'><strong>τὸ</strong></span> <span class='ocrx_word' id='word_1_205' title='bbox 1066 1823 1220 1927; x_wconf 50' lang='grc' dir='ltr'>’πρωὶ</span> <span class='ocrx_word' id='word_1_206' title='bbox 1243 1855 1303 1906; x_wconf 85' lang='grc' dir='ltr'><strong>τὸ</strong></span> <span class='ocrx_word' id='word_1_207' title='bbox 1495 1869 1609 1917; x_wconf 85' lang='grc' dir='ltr'>σου,</span> <span class='ocrx_word' id='word_1_208' title='bbox 1919 1823 1967 1883; x_wconf 79' lang='grc' dir='ltr'><strong>Β</strong></span> 
     </span>
    </p>
   </div>
   <div class='ocr_carea' id='block_1_32' title="bbox 1971 1823 3552 1927">
    <p class='ocr_par' dir='ltr' id='par_1_32' title="bbox 2068 1849 3552 1925">
     <span class='ocr_line' id='line_1_32' title="bbox 2068 1849 3552 1925; baseline 0.005 -20"><span class='ocrx_word' id='word_1_209' title='bbox 2068 1852 2122 1906; x_wconf 83' lang='grc'><strong>5.</strong></span> <span class='ocrx_word' id='word_1_210' title='bbox 2155 1849 2236 1905; x_wconf 87' lang='lat' dir='ltr'><strong>Ad</strong></span> <span class='ocrx_word' id='word_1_211' title='bbox 2271 1853 2700 1908; x_wconf 87' lang='lat' dir='ltr'><strong>annuntiandum</strong></span> <span class='ocrx_word' id='word_1_212' title='bbox 2740 1871 2897 1910; x_wconf 90' lang='lat' dir='ltr'><strong>mane</strong></span> <span class='ocrx_word' id='word_1_213' title='bbox 2933 1858 3356 1914; x_wconf 76' lang='lat' dir='ltr'><strong>misericordiam</strong></span> <span class='ocrx_word' id='word_1_214' title='bbox 3381 1868 3552 1925; x_wconf 87' lang='lat' dir='ltr'><strong>tuam,</strong></span> 
     </span>
    </p>
   </div>
   <div class='ocr_carea' id='block_1_33' title="bbox 402 1939 1983 2021">
    <p class='ocr_par' dir='ltr' id='par_1_33' title="bbox 402 1944 1510 2021">
     <span class='ocr_line' id='line_1_33' title="bbox 402 1944 1510 2021; baseline -0.002 -21"><span class='ocrx_word' id='word_1_215' title='bbox 402 1946 453 2000; x_wconf 81' lang='lat'><strong>4.</strong></span> <span class='ocrx_word' id='word_1_216' title='bbox 488 1946 596 2000; x_wconf 79' lang='grc' dir='ltr'>Καὶ</span> <span class='ocrx_word' id='word_1_217' title='bbox 623 1944 722 2021; x_wconf 81' lang='grc' dir='ltr'>τὴν</span> <span class='ocrx_word' id='word_1_218' title='bbox 750 1945 1005 2017; x_wconf 85' lang='grc' dir='ltr'>ἀλήθειάν</span> <span class='ocrx_word' id='word_1_219' title='bbox 1037 1962 1128 1998; x_wconf 88' lang='grc' dir='ltr'><strong>σου</strong></span> <span class='ocrx_word' id='word_1_220' title='bbox 1155 1945 1297 1999; x_wconf 84' lang='grc' dir='ltr'>κατὰ</span> <span class='ocrx_word' id='word_1_221' title='bbox 1320 1944 1510 2007; x_wconf 82' lang='grc' dir='ltr'>νύκτα,</span> 
     </span>
    </p>
   </div>
   <div class='ocr_carea' id='block_1_34' title="bbox 1508 1939 3089 2021">
    <p class='ocr_par' dir='ltr' id='par_1_34' title="bbox 1508 1939 3089 2017">
     <span class='ocr_line' id='line_1_34' title="bbox 1508 1939 3089 2017; baseline 0.009 -29"><span class='ocrx_word' id='word_1_222' title='bbox 1508 1987 1510 1999; x_wconf 83' lang='lat'><em>_</em></span> <span class='ocrx_word' id='word_1_223' title='bbox 2068 1941 2123 1994; x_wconf 93' lang='lat'><strong>4.</strong></span> <span class='ocrx_word' id='word_1_224' title='bbox 2154 1939 2221 1994; x_wconf 85' lang='lat' dir='ltr'><strong>Et</strong></span> <span class='ocrx_word' id='word_1_225' title='bbox 2251 1941 2532 1997; x_wconf 83' lang='lat' dir='ltr'><strong>veritatem</strong></span> <span class='ocrx_word' id='word_1_226' title='bbox 2563 1952 2708 1999; x_wconf 89' lang='lat' dir='ltr'><strong>tuam</strong></span> <span class='ocrx_word' id='word_1_227' title='bbox 2737 1961 2830 2014; x_wconf 92' lang='lat' dir='ltr'><strong>per</strong></span> <span class='ocrx_word' id='word_1_228' title='bbox 2859 1956 3089 2017; x_wconf 87' lang='lat' dir='ltr'><strong>noctem,</strong></span> 
     </span>
    </p>
   </div>
   <div class='ocr_carea' id='block_1_35' title="bbox 399 2031 1980 2111">
    <p class='ocr_par' dir='ltr' id='par_1_35' title="bbox 399 2035 1888 2111">
     <span class='ocr_line' id='line_1_35' title="bbox 399 2035 1888 2111; baseline -0.002 -18"><span class='ocrx_word' id='word_1_229' title='bbox 399 2038 451 2094; x_wconf 83' lang='lat'><strong>5.</strong></span> <span class='ocrx_word' id='word_1_230' title='bbox 491 2037 576 2092; x_wconf 83' lang='lat' dir='ltr'><strong>‘Ev</strong></span> <span class='ocrx_word' id='word_1_231' title='bbox 602 2038 908 2111; x_wconf 84' lang='grc' dir='ltr'>δεκαχόρδῳ</span> <span class='ocrx_word' id='word_1_232' title='bbox 927 2038 1228 2110; x_wconf 85' lang='grc' dir='ltr'>ψαλτηρίῳ,</span> <span class='ocrx_word' id='word_1_233' title='bbox 1259 2037 1376 2109; x_wconf 87' lang='grc' dir='ltr'>μετ’</span> <span class='ocrx_word' id='word_1_234' title='bbox 1404 2037 1548 2109; x_wconf 84' lang='grc' dir='ltr'><strong>ᾠδῆς</strong></span> <span class='ocrx_word' id='word_1_235' title='bbox 1577 2037 1636 2092; x_wconf 89' lang='grc' dir='ltr'><strong>ἐν</strong></span> <span class='ocrx_word' id='word_1_236' title='bbox 1667 2035 1888 2108; x_wconf 72' lang='grc' dir='ltr'>κιθάρᾳ.</span> 
     </span>
    </p>
   </div>
   <div class='ocr_carea' id='block_1_36' title="bbox 1970 2031 3551 2111">
    <p class='ocr_par' dir='ltr' id='par_1_36' title="bbox 2067 2031 3551 2105">
     <span class='ocr_line' id='line_1_36' title="bbox 2067 2031 3551 2105; baseline 0.006 -19"><span class='ocrx_word' id='word_1_237' title='bbox 2067 2031 2122 2087; x_wconf 80' lang='lat'><strong>5.</strong></span> <span class='ocrx_word' id='word_1_238' title='bbox 2151 2031 2209 2086; x_wconf 86' lang='lat' dir='ltr'><strong>In</strong></span> <span class='ocrx_word' id='word_1_239' title='bbox 2229 2033 2567 2089; x_wconf 87' lang='lat' dir='ltr'><strong>decachordo</strong></span> <span class='ocrx_word' id='word_1_240' title='bbox 2588 2037 2842 2105; x_wconf 90' lang='lat' dir='ltr'><strong>psalterio</strong></span> <span class='ocrx_word' id='word_1_241' title='bbox 2860 2053 2982 2092; x_wconf 93' lang='lat' dir='ltr'><strong>cum</strong></span> <span class='ocrx_word' id='word_1_242' title='bbox 3004 2039 3217 2094; x_wconf 87' lang='lat' dir='ltr'><strong>cantico</strong></span> <span class='ocrx_word' id='word_1_243' title='bbox 3244 2039 3299 2095; x_wconf 93' lang='lat' dir='ltr'><strong>in</strong></span> <span class='ocrx_word' id='word_1_244' title='bbox 3325 2041 3551 2096; x_wconf 82' lang='lat' dir='ltr'><strong>cithara.</strong></span> 
     </span>
    </p>
   </div>
   <div class='ocr_carea' id='block_1_37' title="bbox 400 2122 1981 2204">
    <p class='ocr_par' dir='ltr' id='par_1_37' title="bbox 400 2127 1884 2204">
     <span class='ocr_line' id='line_1_37' title="bbox 400 2127 1884 2204; baseline -0.002 -21"><span class='ocrx_word' id='word_1_245' title='bbox 400 2128 453 2184; x_wconf 88' lang='grc'><strong>6.</strong></span> <span class='ocrx_word' id='word_1_246' title='bbox 480 2130 600 2185; x_wconf 71' lang='grc' dir='ltr'>Ὅτι</span> <span class='ocrx_word' id='word_1_247' title='bbox 623 2129 894 2204; x_wconf 78' lang='grc' dir='ltr'>εὖφρανάς</span> <span class='ocrx_word' id='word_1_248' title='bbox 918 2149 1007 2202; x_wconf 85' lang='grc' dir='ltr'>με,</span> <span class='ocrx_word' id='word_1_249' title='bbox 1038 2130 1233 2203; x_wconf 83' lang='grc' dir='ltr'>Κύριε,</span> <span class='ocrx_word' id='word_1_250' title='bbox 1265 2131 1322 2184; x_wconf 88' lang='grc' dir='ltr'><strong>ἐν</strong></span> <span class='ocrx_word' id='word_1_251' title='bbox 1352 2129 1432 2202; x_wconf 81' lang='grc' dir='ltr'>τῷ</span> <span class='ocrx_word' id='word_1_252' title='bbox 1463 2127 1724 2201; x_wconf 84' lang='grc' dir='ltr'>ποιήματι</span> <span class='ocrx_word' id='word_1_253' title='bbox 1758 2142 1884 2181; x_wconf 73' lang='grc' dir='ltr'>σουο</span> 
     </span>
    </p>
   </div>
   <div class='ocr_carea' id='block_1_38' title="bbox 1950 2122 3531 2204">
    <p class='ocr_par' dir='ltr' id='par_1_38' title="bbox 2067 2122 3531 2198">
     <span class='ocr_line' id='line_1_38' title="bbox 2067 2122 3531 2198; baseline 0.007 -20"><span class='ocrx_word' id='word_1_254' title='bbox 2067 2124 2120 2179; x_wconf 89' lang='grc'><strong>6.</strong></span> <span class='ocrx_word' id='word_1_255' title='bbox 2157 2122 2295 2190; x_wconf 86' lang='lat' dir='ltr'><strong>Quia</strong></span> <span class='ocrx_word' id='word_1_256' title='bbox 2329 2125 2609 2183; x_wconf 88' lang='lat' dir='ltr'><strong>delectasti</strong></span> <span class='ocrx_word' id='word_1_257' title='bbox 2649 2143 2758 2194; x_wconf 89' lang='lat' dir='ltr'><strong>me,</strong></span> <span class='ocrx_word' id='word_1_258' title='bbox 2799 2128 3046 2198; x_wconf 89' lang='lat' dir='ltr'><strong>Domine,</strong></span> <span class='ocrx_word' id='word_1_259' title='bbox 3073 2131 3128 2187; x_wconf 94' lang='lat' dir='ltr'><strong>in</strong></span> <span class='ocrx_word' id='word_1_260' title='bbox 3161 2130 3368 2189; x_wconf 82' lang='lat' dir='ltr'><strong>factura</strong></span> <span class='ocrx_word' id='word_1_261' title='bbox 3399 2142 3488 2188; x_wconf 89' lang='lat' dir='ltr'><strong>tua</strong></span> <span class='ocrx_word' id='word_1_262' title='bbox 3519 2153 3531 2188; x_wconf 92' lang='lat'><strong>:</strong></span> 
     </span>
    </p>
   </div>
   <div class='ocr_carea' id='block_1_39' title="bbox 1433 2259 2438 2340">
    <p class='ocr_par' dir='ltr' id='par_1_39' title="bbox 1433 2259 2438 2340">
     <span class='ocr_line' id='line_1_39' title="bbox 1433 2259 2438 2340; baseline 0 -23"><span class='ocrx_word' id='word_1_263' title='bbox 1433 2259 1812 2340; x_wconf 67' lang='lat' dir='ltr'><strong>ATHANASII</strong></span> <span class='ocrx_word' id='word_1_264' title='bbox 1850 2259 2438 2317; x_wconf 81' lang='lat' dir='ltr'><strong>INTERPRETATIO.</strong></span> 
     </span>
    </p>
   </div>
   <div class='ocr_carea' id='block_1_40' title="bbox 397 2381 1978 2456">
    <p class='ocr_par' dir='ltr' id='par_1_40' title="bbox 397 2381 1894 2454">
     <span class='ocr_line' id='line_1_40' title="bbox 397 2381 1894 2454; baseline -0.001 -18"><span class='ocrx_word' id='word_1_265' title='bbox 397 2381 486 2437; x_wconf 79' lang='lat'><strong>26.</strong></span> <span class='ocrx_word' id='word_1_266' title='bbox 512 2384 739 2452; x_wconf 84' lang='grc' dir='ltr'>Μήποτε</span> <span class='ocrx_word' id='word_1_267' title='bbox 792 2384 934 2438; x_wconf 83' lang='grc' dir='ltr'>κατὰ</span> <span class='ocrx_word' id='word_1_268' title='bbox 967 2384 1099 2438; x_wconf 81' lang='grc' dir='ltr'>Θεὸν</span> <span class='ocrx_word' id='word_1_269' title='bbox 1153 2383 1524 2447; x_wconf 81' lang='grc' dir='ltr'>ἐπιτελοῦντός</span> <span class='ocrx_word' id='word_1_270' title='bbox 1563 2383 1638 2454; x_wconf 86' lang='grc'><strong>(1)</strong></span> <span class='ocrx_word' id='word_1_271' title='bbox 1673 2400 1766 2436; x_wconf 90' lang='grc' dir='ltr'><strong>σου</strong></span> <span class='ocrx_word' id='word_1_272' title='bbox 1800 2383 1894 2454; x_wconf 81' lang='grc' dir='ltr'>ἐρ-</span> 
     </span>
    </p>
   </div>
   <div class='ocr_carea' id='block_1_41' title="bbox 1976 2381 3557 2456">
    <p class='ocr_par' dir='ltr' id='par_1_41' title="bbox 2070 2381 3557 2456">
     <span class='ocr_line' id='line_1_41' title="bbox 2070 2381 3557 2456; baseline 0.001 -19"><span class='ocrx_word' id='word_1_273' title='bbox 2070 2382 2158 2437; x_wconf 88' lang='grc'><strong>26.</strong></span> <span class='ocrx_word' id='word_1_274' title='bbox 2189 2381 2266 2437; x_wconf 87' lang='lat' dir='ltr'><strong>Ne</strong></span> <span class='ocrx_word' id='word_1_275' title='bbox 2295 2381 2434 2438; x_wconf 85' lang='lat' dir='ltr'><strong>forte</strong></span> <span class='ocrx_word' id='word_1_276' title='bbox 2464 2383 2698 2456; x_wconf 86' lang='lat' dir='ltr'><strong>obeunte</strong></span> <span class='ocrx_word' id='word_1_277' title='bbox 2719 2391 2771 2437; x_wconf 90' lang='lat' dir='ltr'><strong>te</strong></span> <span class='ocrx_word' id='word_1_278' title='bbox 2801 2397 2938 2452; x_wconf 90' lang='lat' dir='ltr'><strong>opus</strong></span> <span class='ocrx_word' id='word_1_279' title='bbox 2966 2382 3264 2439; x_wconf 91' lang='lat' dir='ltr'><strong>secundum</strong></span> <span class='ocrx_word' id='word_1_280' title='bbox 3296 2381 3463 2437; x_wconf 89' lang='lat' dir='ltr'><strong>Deum</strong></span> <span class='ocrx_word' id='word_1_281' title='bbox 3493 2398 3557 2438; x_wconf 84' lang='lat' dir='ltr'><strong>ea</strong></span> 
     </span>
    </p>
   </div>
   <div class='ocr_carea' id='block_1_42' title="bbox 328 2473 1909 2546">
    <p class='ocr_par' dir='ltr' id='par_1_42' title="bbox 328 2473 1891 2546">
     <span class='ocr_line' id='line_1_42' title="bbox 328 2473 1891 2546; baseline 0 -20"><span class='ocrx_word' id='word_1_282' title='bbox 328 2489 423 2542; x_wconf 85' lang='grc' dir='ltr'><strong>γον</strong></span> <span class='ocrx_word' id='word_1_283' title='bbox 455 2473 781 2546; x_wconf 83' lang='grc' dir='ltr'>ἐνθυμηθῇς,</span> <span class='ocrx_word' id='word_1_284' title='bbox 814 2476 898 2539; x_wconf 87' lang='grc' dir='ltr'><strong>τίς</strong></span> <span class='ocrx_word' id='word_1_285' title='bbox 943 2475 1205 2546; x_wconf 85' lang='grc' dir='ltr'>ἐπιθυμία</span> <span class='ocrx_word' id='word_1_286' title='bbox 1243 2475 1338 2529; x_wconf 78' lang='grc' dir='ltr'>τοῦ</span> <span class='ocrx_word' id='word_1_287' title='bbox 1374 2475 1640 2540; x_wconf 79' lang='grc' dir='ltr'>διαϐόλου,</span> <span class='ocrx_word' id='word_1_288' title='bbox 1676 2476 1770 2527; x_wconf 78' lang='grc' dir='ltr'><strong>καὶ</strong></span> <span class='ocrx_word' id='word_1_289' title='bbox 1797 2476 1891 2526; x_wconf 85' lang='grc' dir='ltr'>ἐκ-</span> 
     </span>
    </p>
   </div>
   <div class='ocr_carea' id='block_1_43' title="bbox 1979 2473 3560 2546">
    <p class='ocr_par' dir='ltr' id='par_1_43' title="bbox 1999 2474 3560 2546">
     <span class='ocr_line' id='line_1_43' title="bbox 1999 2474 3560 2546; baseline 0 -16"><span class='ocrx_word' id='word_1_290' title='bbox 1999 2475 2228 2546; x_wconf 78' lang='lat' dir='ltr'><strong>COgites,</strong></span> <span class='ocrx_word' id='word_1_291' title='bbox 2261 2490 2382 2545; x_wconf 77' lang='lat' dir='ltr'><strong>quae</strong></span> <span class='ocrx_word' id='word_1_292' title='bbox 2414 2483 2542 2530; x_wconf 89' lang='lat' dir='ltr'><strong>sunt</strong></span> <span class='ocrx_word' id='word_1_293' title='bbox 2591 2474 3032 2545; x_wconf 86' lang='lat' dir='ltr'><strong>concupiscentia</strong></span> <span class='ocrx_word' id='word_1_294' title='bbox 3074 2474 3297 2540; x_wconf 90' lang='lat' dir='ltr'><strong>diaboli,</strong></span> <span class='ocrx_word' id='word_1_295' title='bbox 3343 2475 3438 2530; x_wconf 90' lang='lat' dir='ltr'><strong>sed</strong></span> <span class='ocrx_word' id='word_1_296' title='bbox 3465 2475 3560 2530; x_wconf 88' lang='lat' dir='ltr'><strong>de-</strong></span> 
     </span>
    </p>
   </div>
   <div class='ocr_carea' id='block_1_44' title="bbox 329 2561 1910 2636">
    <p class='ocr_par' dir='ltr' id='par_1_44' title="bbox 329 2561 836 2634">
     <span class='ocr_line' id='line_1_44' title="bbox 329 2561 836 2634; baseline 0.004 -20"><span class='ocrx_word' id='word_1_297' title='bbox 329 2561 514 2632; x_wconf 70' lang='grc' dir='ltr'>κλίνῃς</span> <span class='ocrx_word' id='word_1_298' title='bbox 531 2561 626 2614; x_wconf 84' lang='grc' dir='ltr'>ἀπ’</span> <span class='ocrx_word' id='word_1_299' title='bbox 649 2562 836 2634; x_wconf 77' lang='grc' dir='ltr'>αὐτῆς.</span> 
     </span>
    </p>
   </div>
   <div class='ocr_carea' id='block_1_45' title="bbox 851 2561 2432 2636">
    <p class='ocr_par' dir='ltr' id='par_1_45' title="bbox 2000 2565 2432 2636">
     <span class='ocr_line' id='line_1_45' title="bbox 2000 2565 2432 2636; baseline 0.002 -14"><span class='ocrx_word' id='word_1_300' title='bbox 2000 2567 2168 2622; x_wconf 88' lang='lat' dir='ltr'><strong>clines</strong></span> <span class='ocrx_word' id='word_1_301' title='bbox 2191 2565 2259 2621; x_wconf 91' lang='lat' dir='ltr'><strong>ab</strong></span> <span class='ocrx_word' id='word_1_302' title='bbox 2293 2565 2432 2636; x_wconf 87' lang='lat' dir='ltr'><strong>ipsa.</strong></span> 
     </span>
    </p>
   </div>
   <div class='ocr_carea' id='block_1_46' title="bbox 399 2651 1980 2729">
    <p class='ocr_par' dir='ltr' id='par_1_46' title="bbox 399 2651 1895 2729">
     <span class='ocr_line' id='line_1_46' title="bbox 399 2651 1895 2729; baseline 0.003 -25"><span class='ocrx_word' id='word_1_303' title='bbox 399 2651 487 2707; x_wconf 81' lang='grc'>27.</span> <span class='ocrx_word' id='word_1_304' title='bbox 520 2653 644 2705; x_wconf 75' lang='grc' dir='ltr'><strong>Ἐπὶ</strong></span> <span class='ocrx_word' id='word_1_305' title='bbox 669 2653 764 2724; x_wconf 85' lang='grc' dir='ltr'>τὴν</span> <span class='ocrx_word' id='word_1_306' title='bbox 791 2653 990 2708; x_wconf 78' lang='grc' dir='ltr'>ἰοϐόλον</span> <span class='ocrx_word' id='word_1_307' title='bbox 1020 2656 1115 2711; x_wconf 74' lang='grc' dir='ltr'><strong>καὶ</strong></span> <span class='ocrx_word' id='word_1_308' title='bbox 1145 2653 1472 2729; x_wconf 78' lang='grc' dir='ltr'>τυραννικὴν</span> <span class='ocrx_word' id='word_1_309' title='bbox 1498 2652 1780 2726; x_wconf 77' lang='grc' dir='ltr'>ἐνέργειαν</span> <span class='ocrx_word' id='word_1_310' title='bbox 1804 2656 1895 2708; x_wconf 83' lang='grc' dir='ltr'>τοῦ</span> 
     </span>
    </p>
   </div>
   <div class='ocr_carea' id='block_1_47' title="bbox 1981 2651 3562 2729">
    <p class='ocr_par' dir='ltr' id='par_1_47' title="bbox 2071 2655 3562 2726">
     <span class='ocr_line' id='line_1_47' title="bbox 2071 2655 3562 2726; baseline -0.001 -16"><span class='ocrx_word' id='word_1_311' title='bbox 2071 2656 2164 2712; x_wconf 89' lang='grc'><strong>27.</strong></span> <span class='ocrx_word' id='word_1_312' title='bbox 2203 2655 2380 2726; x_wconf 83' lang='lat' dir='ltr'><strong>Super</strong></span> <span class='ocrx_word' id='word_1_313' title='bbox 2407 2663 2748 2722; x_wconf 85' lang='lat' dir='ltr'><strong>venenatam,</strong></span> <span class='ocrx_word' id='word_1_314' title='bbox 2771 2664 2824 2711; x_wconf 90' lang='lat' dir='ltr'><strong>et</strong></span> <span class='ocrx_word' id='word_1_315' title='bbox 2844 2655 3180 2724; x_wconf 82' lang='lat' dir='ltr'><strong>tyrannicam</strong></span> <span class='ocrx_word' id='word_1_316' title='bbox 3203 2655 3401 2710; x_wconf 88' lang='lat' dir='ltr'><strong>diaboli</strong></span> <span class='ocrx_word' id='word_1_317' title='bbox 3434 2669 3562 2725; x_wconf 82' lang='lat' dir='ltr'><strong>ope-</strong></span> 
     </span>
    </p>
   </div>
   <div class='ocr_carea' id='block_1_48' title="bbox 330 2742 1911 2817">
    <p class='ocr_par' dir='ltr' id='par_1_48' title="bbox 330 2742 989 2816">
     <span class='ocr_line' id='line_1_48' title="bbox 330 2742 989 2816; baseline 0.011 -22"><span class='ocrx_word' id='word_1_318' title='bbox 330 2742 575 2796; x_wconf 76' lang='grc' dir='ltr'>διαϐόλου</span> <span class='ocrx_word' id='word_1_319' title='bbox 621 2745 989 2816; x_wconf 84' lang='grc' dir='ltr'>κατισχύσεις.</span> 
     </span>
    </p>
   </div>
   <div class='ocr_carea' id='block_1_49' title="bbox 1064 2742 2645 2817">
    <p class='ocr_par' dir='ltr' id='par_1_49' title="bbox 2004 2747 2645 2817">
     <span class='ocr_line' id='line_1_49' title="bbox 2004 2747 2645 2817; baseline -0.002 -14"><span class='ocrx_word' id='word_1_320' title='bbox 2004 2749 2272 2804; x_wconf 90' lang='lat' dir='ltr'><strong>rationem</strong></span> <span class='ocrx_word' id='word_1_321' title='bbox 2305 2747 2645 2817; x_wconf 64' lang='lat' dir='ltr'><strong>praevalebis.</strong></span> 
     </span>
    </p>
   </div>
   <div class='ocr_carea' id='block_1_50' title="bbox 401 2835 1982 2912">
    <p class='ocr_par' dir='ltr' id='par_1_50' title="bbox 401 2835 1629 2912">
     <span class='ocr_line' id='line_1_50' title="bbox 401 2835 1629 2912; baseline 0.005 -25"><span class='ocrx_word' id='word_1_322' title='bbox 401 2835 490 2889; x_wconf 83' lang='grc'><strong>28.</strong></span> <span class='ocrx_word' id='word_1_323' title='bbox 525 2835 633 2889; x_wconf 72' lang='grc' dir='ltr'>Καὶ</span> <span class='ocrx_word' id='word_1_324' title='bbox 668 2837 726 2889; x_wconf 85' lang='grc' dir='ltr'><strong>τὸ</strong></span> <span class='ocrx_word' id='word_1_325' title='bbox 751 2837 950 2907; x_wconf 82' lang='grc' dir='ltr'>κράτος</span> <span class='ocrx_word' id='word_1_326' title='bbox 979 2838 1156 2892; x_wconf 83' lang='grc' dir='ltr'>αυτῶν</span> <span class='ocrx_word' id='word_1_327' title='bbox 1191 2837 1498 2911; x_wconf 87' lang='grc' dir='ltr'>συντρίψεις</span> <span class='ocrx_word' id='word_1_328' title='bbox 1531 2839 1629 2912; x_wconf 83' lang='grc'>(2).</span> 
     </span>
    </p>
   </div>
   <div class='ocr_carea' id='block_1_51' title="bbox 1539 2835 3120 2912">
    <p class='ocr_par' dir='ltr' id='par_1_51' title="bbox 1539 2835 3120 2912">
     <span class='ocr_line' id='line_1_51' title="bbox 1539 2835 3120 2912; baseline 0 -20"><span class='ocrx_word' id='word_1_329' title='bbox 1539 2839 1629 2912; x_wconf 77' lang='grc'>[2).</span> <span class='ocrx_word' id='word_1_330' title='bbox 2071 2838 2164 2893; x_wconf 88' lang='lat'><strong>28.</strong></span> <span class='ocrx_word' id='word_1_331' title='bbox 2199 2835 2266 2891; x_wconf 88' lang='lat' dir='ltr'><strong>Et</strong></span> <span class='ocrx_word' id='word_1_332' title='bbox 2305 2852 2496 2893; x_wconf 89' lang='lat' dir='ltr'><strong>eorum</strong></span> <span class='ocrx_word' id='word_1_333' title='bbox 2527 2838 2824 2908; x_wconf 84' lang='lat' dir='ltr'><strong>potentiam</strong></span> <span class='ocrx_word' id='word_1_334' title='bbox 2852 2846 3120 2894; x_wconf 86' lang='lat' dir='ltr'><strong>conteres.</strong></span> 
     </span>
    </p>
   </div>
   <div class='ocr_carea' id='block_1_52' title="bbox 401 2925 1982 3003">
    <p class='ocr_par' dir='ltr' id='par_1_52' title="bbox 401 2925 1796 3003">
     <span class='ocr_line' id='line_1_52' title="bbox 401 2925 1796 3003; baseline 0.004 -25"><span class='ocrx_word' id='word_1_335' title='bbox 401 2925 491 2980; x_wconf 87' lang='lat'><strong>29.</strong></span> <span class='ocrx_word' id='word_1_336' title='bbox 523 2927 646 2980; x_wconf 89' lang='grc' dir='ltr'><strong>Ὅτι</strong></span> <span class='ocrx_word' id='word_1_337' title='bbox 674 2929 775 2999; x_wconf 82' lang='grc' dir='ltr'><strong>ἐμὲ</strong></span> <span class='ocrx_word' id='word_1_338' title='bbox 806 2929 996 3000; x_wconf 81' lang='grc' dir='ltr'>βοηθὸν</span> <span class='ocrx_word' id='word_1_339' title='bbox 1029 2930 1180 2983; x_wconf 76' lang='grc' dir='ltr'>ἔθετο</span> <span class='ocrx_word' id='word_1_340' title='bbox 1203 2931 1260 2984; x_wconf 86' lang='grc' dir='ltr'><strong>ἐν</strong></span> <span class='ocrx_word' id='word_1_341' title='bbox 1292 2933 1359 3002; x_wconf 84' lang='grc' dir='ltr'>τῇ</span> <span class='ocrx_word' id='word_1_342' title='bbox 1386 2929 1583 3003; x_wconf 81' lang='grc' dir='ltr'>καρδίᾳ</span> <span class='ocrx_word' id='word_1_343' title='bbox 1609 2928 1796 2985; x_wconf 80' lang='grc' dir='ltr'>αὐτοῦ.</span> 
     </span>
    </p>
   </div>
   <div class='ocr_carea' id='block_1_53' title="bbox 1979 2925 3560 3003">
    <p class='ocr_par' dir='ltr' id='par_1_53' title="bbox 2069 2927 3560 3000">
     <span class='ocr_line' id='line_1_53' title="bbox 2069 2927 3560 3000; baseline 0 -18"><span class='ocrx_word' id='word_1_344' title='bbox 2069 2928 2161 2983; x_wconf 90' lang='lat'><strong>29.</strong></span> <span class='ocrx_word' id='word_1_345' title='bbox 2203 2927 2476 2994; x_wconf 87' lang='lat' dir='ltr'><strong>Quoniam</strong></span> <span class='ocrx_word' id='word_1_346' title='bbox 2502 2943 2589 2983; x_wconf 91' lang='lat' dir='ltr'><strong>me</strong></span> <span class='ocrx_word' id='word_1_347' title='bbox 2621 2927 2922 2998; x_wconf 85' lang='lat' dir='ltr'><strong>adjutorem</strong></span> <span class='ocrx_word' id='word_1_348' title='bbox 2952 2929 3134 3000; x_wconf 81' lang='lat' dir='ltr'><strong>posuit</strong></span> <span class='ocrx_word' id='word_1_349' title='bbox 3163 2928 3217 2982; x_wconf 92' lang='lat' dir='ltr'><strong>in</strong></span> <span class='ocrx_word' id='word_1_350' title='bbox 3244 2927 3405 2983; x_wconf 90' lang='lat' dir='ltr'><strong>corde</strong></span> <span class='ocrx_word' id='word_1_351' title='bbox 3441 2940 3560 2982; x_wconf 85' lang='lat' dir='ltr'><strong>suo.</strong></span> 
     </span>
    </p>
   </div>
   <div class='ocr_carea' id='block_1_54' title="bbox 402 3017 1983 3095">
    <p class='ocr_par' dir='ltr' id='par_1_54' title="bbox 402 3017 1732 3095">
     <span class='ocr_line' id='line_1_54' title="bbox 402 3017 1732 3095; baseline 0.005 -25"><span class='ocrx_word' id='word_1_352' title='bbox 402 3017 492 3071; x_wconf 86' lang='lat'><strong>50.</strong></span> <span class='ocrx_word' id='word_1_353' title='bbox 521 3018 742 3082; x_wconf 81' lang='grc' dir='ltr'>Φυλάξω</span> <span class='ocrx_word' id='word_1_354' title='bbox 775 3021 955 3091; x_wconf 84' lang='grc' dir='ltr'>αὑτὸν,</span> <span class='ocrx_word' id='word_1_355' title='bbox 991 3023 1074 3078; x_wconf 73' lang='grc' dir='ltr'><strong>ὅτι</strong></span> <span class='ocrx_word' id='word_1_356' title='bbox 1101 3022 1462 3079; x_wconf 68' lang='grc' dir='ltr'>πεπίστευκεν</span> <span class='ocrx_word' id='word_1_357' title='bbox 1495 3023 1577 3088; x_wconf 71' lang='grc' dir='ltr'><strong>είς</strong></span> <span class='ocrx_word' id='word_1_358' title='bbox 1610 3021 1732 3095; x_wconf 78' lang='grc' dir='ltr'>ἐμὲ.</span> 
     </span>
    </p>
   </div>
   <div class='ocr_carea' id='block_1_55' title="bbox 1876 3017 3457 3095">
    <p class='ocr_par' dir='ltr' id='par_1_55' title="bbox 2070 3019 3457 3092">
     <span class='ocr_line' id='line_1_55' title="bbox 2070 3019 3457 3092; baseline -0.002 -13"><span class='ocrx_word' id='word_1_359' title='bbox 2070 3021 2163 3079; x_wconf 82' lang='lat'><strong>50.</strong></span> <span class='ocrx_word' id='word_1_360' title='bbox 2207 3019 2525 3077; x_wconf 71' lang='lat' dir='ltr'><strong>Eustodiam</strong></span> <span class='ocrx_word' id='word_1_361' title='bbox 2548 3035 2696 3088; x_wconf 90' lang='lat' dir='ltr'><strong>eum,</strong></span> <span class='ocrx_word' id='word_1_362' title='bbox 2724 3021 2985 3092; x_wconf 89' lang='lat' dir='ltr'><strong>quoniam</strong></span> <span class='ocrx_word' id='word_1_363' title='bbox 3012 3021 3242 3078; x_wconf 83' lang='lat' dir='ltr'><strong>credidit</strong></span> <span class='ocrx_word' id='word_1_364' title='bbox 3268 3021 3324 3075; x_wconf 88' lang='lat' dir='ltr'><strong>in</strong></span> <span class='ocrx_word' id='word_1_365' title='bbox 3351 3035 3457 3076; x_wconf 89' lang='lat' dir='ltr'><strong>me.</strong></span> 
     </span>
    </p>
   </div>
   <div class='ocr_carea' id='block_1_56' title="bbox 401 3108 1982 3186">
    <p class='ocr_par' dir='ltr' id='par_1_56' title="bbox 401 3108 1295 3186">
     <span class='ocr_line' id='line_1_56' title="bbox 401 3108 1295 3186; baseline 0.007 -23"><span class='ocrx_word' id='word_1_366' title='bbox 401 3108 490 3163; x_wconf 82' lang='grc'><strong>51.</strong></span> <span class='ocrx_word' id='word_1_367' title='bbox 521 3110 595 3166; x_wconf 79' lang='grc' dir='ltr'><strong>Τὸ</strong></span> <span class='ocrx_word' id='word_1_368' title='bbox 624 3110 836 3184; x_wconf 81' lang='grc' dir='ltr'>θέλημα</span> <span class='ocrx_word' id='word_1_369' title='bbox 867 3115 1031 3168; x_wconf 74' lang='grc' dir='ltr'>αὑτοῦ</span> <span class='ocrx_word' id='word_1_370' title='bbox 1065 3117 1295 3186; x_wconf 85' lang='grc' dir='ltr'>ποιήσω.</span> 
     </span>
    </p>
   </div>
   <div class='ocr_carea' id='block_1_57' title="bbox 1356 3108 2937 3186">
    <p class='ocr_par' dir='ltr' id='par_1_57' title="bbox 2070 3111 2937 3183">
     <span class='ocr_line' id='line_1_57' title="bbox 2070 3111 2937 3183; baseline -0.003 -13"><span class='ocrx_word' id='word_1_371' title='bbox 2070 3114 2162 3170; x_wconf 83' lang='grc'><strong>51.</strong></span> <span class='ocrx_word' id='word_1_372' title='bbox 2190 3111 2536 3168; x_wconf 78' lang='lat' dir='ltr'><strong>Voluntatem</strong></span> <span class='ocrx_word' id='word_1_373' title='bbox 2565 3112 2683 3183; x_wconf 86' lang='lat' dir='ltr'><strong>ejus</strong></span> <span class='ocrx_word' id='word_1_374' title='bbox 2715 3111 2937 3169; x_wconf 82' lang='lat' dir='ltr'><strong>faciam.</strong></span> 
     </span>
    </p>
   </div>
   <div class='ocr_carea' id='block_1_58' title="bbox 403 3203 1984 3280">
    <p class='ocr_par' dir='ltr' id='par_1_58' title="bbox 403 3203 1973 3280">
     <span class='ocr_line' id='line_1_58' title="bbox 403 3203 1973 3280; baseline 0.005 -25"><span class='ocrx_word' id='word_1_375' title='bbox 403 3203 491 3257; x_wconf 78' lang='grc'><strong>52.</strong></span> <span class='ocrx_word' id='word_1_376' title='bbox 521 3203 720 3276; x_wconf 82' lang='grc' dir='ltr'>Βοηθὸς</span> <span class='ocrx_word' id='word_1_377' title='bbox 741 3207 898 3260; x_wconf 79' lang='grc' dir='ltr'>αὑτοῦ</span> <span class='ocrx_word' id='word_1_378' title='bbox 922 3207 1113 3278; x_wconf 77' lang='grc' dir='ltr'>ἔσομαι</span> <span class='ocrx_word' id='word_1_379' title='bbox 1134 3211 1189 3261; x_wconf 90' lang='grc' dir='ltr'><strong>ἐν</strong></span> <span class='ocrx_word' id='word_1_380' title='bbox 1204 3211 1268 3279; x_wconf 81' lang='grc' dir='ltr'>τῇ</span> <span class='ocrx_word' id='word_1_381' title='bbox 1286 3208 1466 3280; x_wconf 76' lang='grc' dir='ltr'>ἡμέρᾳ</span> <span class='ocrx_word' id='word_1_382' title='bbox 1480 3209 1578 3280; x_wconf 85' lang='grc' dir='ltr'>τῆς</span> <span class='ocrx_word' id='word_1_383' title='bbox 1589 3206 1902 3276; x_wconf 75' lang='grc' dir='ltr'>ἀπολογίας.</span> <span class='ocrx_word' id='word_1_384' title='bbox 1931 3204 1973 3263; x_wconf 87' lang='lat' dir='ltr'><strong><em>C</em></strong></span> 
     </span>
    </p>
   </div>
   <div class='ocr_carea' id='block_1_59' title="bbox 1696 3203 3277 3280">
    <p class='ocr_par' dir='ltr' id='par_1_59' title="bbox 1698 3203 3277 3277">
     <span class='ocr_line' id='line_1_59' title="bbox 1698 3203 3277 3277; baseline 0.001 -17"><span class='ocrx_word' id='word_1_385' title='bbox 1698 3206 1902 3276; x_wconf 84' lang='grc' dir='ltr'>Αογίας.</span> <span class='ocrx_word' id='word_1_386' title='bbox 1931 3204 1973 3263; x_wconf 88' lang='lat' dir='ltr'><strong><em>C</em></strong></span> <span class='ocrx_word' id='word_1_387' title='bbox 2075 3207 2164 3263; x_wconf 84' lang='lat'><strong>52.</strong></span> <span class='ocrx_word' id='word_1_388' title='bbox 2191 3206 2421 3277; x_wconf 78' lang='lat' dir='ltr'><strong>Adjutor</strong></span> <span class='ocrx_word' id='word_1_389' title='bbox 2455 3205 2574 3276; x_wconf 85' lang='lat' dir='ltr'><strong>ejus</strong></span> <span class='ocrx_word' id='word_1_390' title='bbox 2603 3220 2698 3260; x_wconf 89' lang='lat' dir='ltr'><strong>ero</strong></span> <span class='ocrx_word' id='word_1_391' title='bbox 2729 3205 2784 3259; x_wconf 94' lang='lat' dir='ltr'><strong>in</strong></span> <span class='ocrx_word' id='word_1_392' title='bbox 2812 3205 2899 3260; x_wconf 89' lang='lat' dir='ltr'><strong>die</strong></span> <span class='ocrx_word' id='word_1_393' title='bbox 2926 3203 3277 3261; x_wconf 81' lang='lat' dir='ltr'><strong>defensionis.</strong></span> 
     </span>
    </p>
   </div>
   <div class='ocr_carea' id='block_1_60' title="bbox 409 3295 1990 3372">
    <p class='ocr_par' dir='ltr' id='par_1_60' title="bbox 409 3295 1902 3372">
     <span class='ocr_line' id='line_1_60' title="bbox 409 3295 1902 3372; baseline 0.002 -24"><span class='ocrx_word' id='word_1_394' title='bbox 409 3295 498 3348; x_wconf 87' lang='lat'><strong>55.</strong></span> <span class='ocrx_word' id='word_1_395' title='bbox 531 3297 626 3349; x_wconf 86' lang='grc' dir='ltr'>Ἐκ</span> <span class='ocrx_word' id='word_1_396' title='bbox 659 3299 758 3367; x_wconf 83' lang='grc' dir='ltr'><strong>τῆς</strong></span> <span class='ocrx_word' id='word_1_397' title='bbox 803 3299 1022 3353; x_wconf 82' lang='grc' dir='ltr'>αἰωνίου</span> <span class='ocrx_word' id='word_1_398' title='bbox 1053 3300 1326 3364; x_wconf 86' lang='grc' dir='ltr'>κολάσεως</span> <span class='ocrx_word' id='word_1_399' title='bbox 1355 3299 1774 3372; x_wconf 84' lang='grc' dir='ltr'>λυτρωσάμενος</span> <span class='ocrx_word' id='word_1_400' title='bbox 1805 3299 1902 3352; x_wconf 84' lang='grc' dir='ltr'>αὐ-</span> 
     </span>
    </p>
   </div>
   <div class='ocr_carea' id='block_1_61' title="bbox 2000 3295 3581 3372">
    <p class='ocr_par' dir='ltr' id='par_1_61' title="bbox 2078 3296 3581 3369">
     <span class='ocr_line' id='line_1_61' title="bbox 2078 3296 3581 3369; baseline -0.003 -14"><span class='ocrx_word' id='word_1_401' title='bbox 2078 3300 2166 3355; x_wconf 83' lang='grc'><strong>55.</strong></span> <span class='ocrx_word' id='word_1_402' title='bbox 2194 3301 2238 3354; x_wconf 90' lang='grc' dir='ltr'>Ε</span> <span class='ocrx_word' id='word_1_403' title='bbox 2273 3298 2540 3369; x_wconf 91' lang='lat' dir='ltr'><strong>supplicio</strong></span> <span class='ocrx_word' id='word_1_404' title='bbox 2573 3306 2776 3353; x_wconf 84' lang='lat' dir='ltr'><strong>aeterno</strong></span> <span class='ocrx_word' id='word_1_405' title='bbox 2819 3296 3056 3354; x_wconf 90' lang='lat' dir='ltr'><strong>liberans</strong></span> <span class='ocrx_word' id='word_1_406' title='bbox 3088 3312 3214 3352; x_wconf 91' lang='lat' dir='ltr'><strong>eum</strong></span> <span class='ocrx_word' id='word_1_407' title='bbox 3246 3296 3581 3354; x_wconf 59' lang='lat' dir='ltr'><strong>transferam.</strong></span> 
     </span>
    </p>
   </div>
   <div class='ocr_carea' id='block_1_62' title="bbox 332 3384 1913 3464">
    <p class='ocr_par' dir='ltr' id='par_1_62' title="bbox 332 3384 1619 3463">
     <span class='ocr_line' id='line_1_62' title="bbox 332 3384 1619 3463; baseline 0.006 -26"><span class='ocrx_word' id='word_1_408' title='bbox 332 3384 449 3447; x_wconf 72' lang='grc' dir='ltr'>τὸν,</span> <span class='ocrx_word' id='word_1_409' title='bbox 489 3390 811 3460; x_wconf 84' lang='grc' dir='ltr'>μεταστήσω</span> <span class='ocrx_word' id='word_1_410' title='bbox 847 3390 1008 3444; x_wconf 79' lang='grc' dir='ltr'>αὐτὸν</span> <span class='ocrx_word' id='word_1_411' title='bbox 1042 3392 1098 3444; x_wconf 83' lang='grc' dir='ltr'><strong>ἐν</strong></span> <span class='ocrx_word' id='word_1_412' title='bbox 1129 3394 1193 3463; x_wconf 82' lang='grc' dir='ltr'>τῇ</span> <span class='ocrx_word' id='word_1_413' title='bbox 1231 3391 1474 3463; x_wconf 81' lang='grc' dir='ltr'>βασιλείᾳ</span> <span class='ocrx_word' id='word_1_414' title='bbox 1498 3408 1619 3463; x_wconf 91' lang='grc' dir='ltr'>μου.</span> 
     </span>
    </p>
   </div>
   <div class='ocr_carea' id='block_1_63' title="bbox 1133 3384 2714 3464">
    <p class='ocr_par' dir='ltr' id='par_1_63' title="bbox 1133 3391 2714 3464">
     <span class='ocr_line' id='line_1_63' title="bbox 1133 3391 2714 3464; baseline 0.003 -20"><span class='ocrx_word' id='word_1_415' title='bbox 1133 3394 1193 3463; x_wconf 83' lang='grc' dir='ltr'>τῇ</span> <span class='ocrx_word' id='word_1_416' title='bbox 1231 3391 1474 3463; x_wconf 80' lang='grc' dir='ltr'>βασιλείᾳ</span> <span class='ocrx_word' id='word_1_417' title='bbox 1498 3408 1619 3463; x_wconf 89' lang='grc' dir='ltr'>μου.</span> <span class='ocrx_word' id='word_1_418' title='bbox 2009 3410 2134 3451; x_wconf 90' lang='lat' dir='ltr'><strong>eum</strong></span> <span class='ocrx_word' id='word_1_419' title='bbox 2162 3394 2217 3449; x_wconf 88' lang='lat' dir='ltr'><strong>in</strong></span> <span class='ocrx_word' id='word_1_420' title='bbox 2241 3409 2471 3464; x_wconf 77' lang='lat' dir='ltr'><strong>regnum</strong></span> <span class='ocrx_word' id='word_1_421' title='bbox 2511 3407 2714 3448; x_wconf 87' lang='lat' dir='ltr'><strong>meum.</strong></span> 
     </span>
    </p>
   </div>
   <div class='ocr_carea' id='block_1_64' title="bbox 403 3476 1984 3554">
    <p class='ocr_par' dir='ltr' id='par_1_64' title="bbox 403 3476 1904 3554">
     <span class='ocr_line' id='line_1_64' title="bbox 403 3476 1904 3554; baseline 0.004 -24"><span class='ocrx_word' id='word_1_422' title='bbox 403 3476 492 3531; x_wconf 84' lang='lat'><strong>54.</strong></span> <span class='ocrx_word' id='word_1_423' title='bbox 523 3479 619 3543; x_wconf 87' lang='grc' dir='ltr'>Είς</span> <span class='ocrx_word' id='word_1_424' title='bbox 649 3481 724 3552; x_wconf 88' lang='lat'><strong>(5)</strong></span> <span class='ocrx_word' id='word_1_425' title='bbox 770 3481 869 3547; x_wconf 86' lang='grc' dir='ltr'>τὰς</span> <span class='ocrx_word' id='word_1_426' title='bbox 937 3483 1220 3547; x_wconf 71' lang='grc' dir='ltr'>αίωνίους)</span> <span class='ocrx_word' id='word_1_427' title='bbox 1247 3483 1582 3549; x_wconf 86' lang='grc' dir='ltr'>ἀναπαύσεις</span> <span class='ocrx_word' id='word_1_428' title='bbox 1629 3483 1904 3554; x_wconf 80' lang='grc' dir='ltr'>εἰσαγάγω</span> 
     </span>
    </p>
   </div>
   <div class='ocr_carea' id='block_1_65' title="bbox 1815 3476 3396 3554">
    <p class='ocr_par' dir='ltr' id='par_1_65' title="bbox 1815 3483 3396 3554">
     <span class='ocr_line' id='line_1_65' title="bbox 1815 3483 3396 3554; baseline 0.003 -18"><span class='ocrx_word' id='word_1_429' title='bbox 1815 3499 1904 3553; x_wconf 77' lang='grc' dir='ltr'><strong>ιγω</strong></span> <span class='ocrx_word' id='word_1_430' title='bbox 2079 3486 2172 3541; x_wconf 88' lang='lat'><strong>54.</strong></span> <span class='ocrx_word' id='word_1_431' title='bbox 2204 3487 2264 3539; x_wconf 87' lang='lat' dir='ltr'><strong>In</strong></span> <span class='ocrx_word' id='word_1_432' title='bbox 2293 3494 2494 3541; x_wconf 80' lang='lat' dir='ltr'><strong>aeterna</strong></span> <span class='ocrx_word' id='word_1_433' title='bbox 2518 3483 2799 3554; x_wconf 76' lang='lat' dir='ltr'><strong>refrigeria</strong></span> <span class='ocrx_word' id='word_1_434' title='bbox 2822 3483 3162 3541; x_wconf 89' lang='lat' dir='ltr'><strong>introducam</strong></span> <span class='ocrx_word' id='word_1_435' title='bbox 3193 3483 3396 3541; x_wconf 82' lang='lat' dir='ltr'><strong>ipsum.</strong></span> 
     </span>
    </p>
   </div>
   <div class='ocr_carea' id='block_1_66' title="bbox 336 3567 523 3623">
    <p class='ocr_par' dir='ltr' id='par_1_66' title="bbox 336 3567 523 3623">
     <span class='ocr_line' id='line_1_66' title="bbox 336 3567 523 3623; baseline 0.021 -4"><span class='ocrx_word' id='word_1_436' title='bbox 336 3567 523 3623; x_wconf 75' lang='grc' dir='ltr'>αὐτόν.</span> 
     </span>
    </p>
   </div>
   <div class='ocr_carea' id='block_1_67' title="bbox 412 3661 1993 3737">
    <p class='ocr_par' dir='ltr' id='par_1_67' title="bbox 412 3661 1176 3737">
     <span class='ocr_line' id='line_1_67' title="bbox 412 3661 1176 3737; baseline 0.007 -21"><span class='ocrx_word' id='word_1_437' title='bbox 412 3661 501 3716; x_wconf 78' lang='lat'><strong>55.</strong></span> <span class='ocrx_word' id='word_1_438' title='bbox 529 3663 642 3734; x_wconf 81' lang='grc' dir='ltr'>Τὴν</span> <span class='ocrx_word' id='word_1_439' title='bbox 671 3664 1020 3720; x_wconf 89' lang='grc' dir='ltr'>άνταπόδοσίν</span> <span class='ocrx_word' id='word_1_440' title='bbox 1055 3683 1176 3737; x_wconf 86' lang='grc' dir='ltr'>μου.</span> 
     </span>
    </p>
   </div>
   <div class='ocr_carea' id='block_1_68' title="bbox 1273 3661 2854 3737">
    <p class='ocr_par' dir='ltr' id='par_1_68' title="bbox 2080 3661 2854 3718">
     <span class='ocr_line' id='line_1_68' title="bbox 2080 3661 2854 3718; baseline 0.001 -2"><span class='ocrx_word' id='word_1_441' title='bbox 2080 3661 2169 3716; x_wconf 82' lang='lat'><strong>55.</strong></span> <span class='ocrx_word' id='word_1_442' title='bbox 2200 3661 2630 3718; x_wconf 80' lang='lat' dir='ltr'><strong>Retributionem</strong></span> <span class='ocrx_word' id='word_1_443' title='bbox 2655 3677 2854 3718; x_wconf 87' lang='lat' dir='ltr'><strong>meam.</strong></span> 
     </span>
    </p>
   </div>
   <div class='ocr_carea' id='block_1_69' title="bbox 424 3768 3573 3854">
    <p class='ocr_par' dir='ltr' id='par_1_69' title="bbox 424 3768 3573 3854">
     <span class='ocr_line' id='line_1_69' title="bbox 424 3768 3573 3854; baseline -0.003 -21"><span class='ocrx_word' id='word_1_444' title='bbox 424 3781 491 3834; x_wconf 88' lang='grc' dir='ltr'><strong>Ἦ</strong></span> <span class='ocrx_word' id='word_1_445' title='bbox 519 3783 850 3853; x_wconf 79' lang='grc' dir='ltr'>προκειμένη</span> <span class='ocrx_word' id='word_1_446' title='bbox 886 3783 1164 3854; x_wconf 80' lang='grc' dir='ltr'>ἐπιγραφὴ</span> <span class='ocrx_word' id='word_1_447' title='bbox 1187 3783 1430 3854; x_wconf 81' lang='grc' dir='ltr'>περιέχει</span> <span class='ocrx_word' id='word_1_448' title='bbox 1457 3782 1534 3854; x_wconf 84' lang='lat'><strong>(4)</strong></span> <span class='ocrx_word' id='word_1_449' title='bbox 1561 3799 1576 3814; x_wconf 84' lang='lat'><strong><em>°</em></strong></span> <span class='ocrx_word' id='word_1_450' title='bbox 1613 3780 1858 3850; x_wconf 71' lang='grc' dir='ltr'>Ψαλμὸς</span> <span class='ocrx_word' id='word_1_451' title='bbox 1884 3777 2065 3848; x_wconf 83' lang='grc' dir='ltr'>ᾠδῆς,</span> <span class='ocrx_word' id='word_1_452' title='bbox 2104 3780 2192 3845; x_wconf 83' lang='grc' dir='ltr'>εὶς</span> <span class='ocrx_word' id='word_1_453' title='bbox 2217 3768 2334 3849; x_wconf 63' lang='grc' dir='ltr'><strong>ἑὴν</strong></span> <span class='ocrx_word' id='word_1_454' title='bbox 2357 3778 2586 3850; x_wconf 70' lang='grc' dir='ltr'>ἡμέραν</span> <span class='ocrx_word' id='word_1_455' title='bbox 2623 3777 2732 3835; x_wconf 77' lang='grc' dir='ltr'>τοῦ</span> <span class='ocrx_word' id='word_1_456' title='bbox 2758 3777 3082 3843; x_wconf 79' lang='grc' dir='ltr'>Σαϐϐάτου,</span> <span class='ocrx_word' id='word_1_457' title='bbox 3115 3778 3250 3848; x_wconf 82' lang='grc' dir='ltr'>ὅπερ</span> <span class='ocrx_word' id='word_1_458' title='bbox 3279 3774 3573 3846; x_wconf 74' lang='grc' dir='ltr'>ἑρμηνεύε-</span> 
     </span>
    </p>
   </div>
   <div class='ocr_carea' id='block_1_70' title="bbox 337 3866 3363 3946">
    <p class='ocr_par' dir='ltr' id='par_1_70' title="bbox 337 3866 3363 3946">
     <span class='ocr_line' id='line_1_70' title="bbox 337 3866 3363 3946; baseline -0.003 -18"><span class='ocrx_word' id='word_1_459' title='bbox 337 3892 432 3928; x_wconf 88' lang='grc' dir='ltr'><strong>ται</strong></span> <span class='ocrx_word' id='word_1_460' title='bbox 461 3874 548 3938; x_wconf 79' lang='grc' dir='ltr'>εἱς</span> <span class='ocrx_word' id='word_1_461' title='bbox 580 3873 696 3940; x_wconf 81' lang='grc' dir='ltr'><strong>τὴν</strong></span> <span class='ocrx_word' id='word_1_462' title='bbox 725 3873 1104 3928; x_wconf 65' lang='grc' dir='ltr'>συντέλειαν.</span> <span class='ocrx_word' id='word_1_463' title='bbox 1133 3873 1302 3927; x_wconf 81' lang='grc' dir='ltr'>Τοῦτο</span> <span class='ocrx_word' id='word_1_464' title='bbox 1333 3874 1442 3945; x_wconf 84' lang='grc' dir='ltr'>γὰρ</span> <span class='ocrx_word' id='word_1_465' title='bbox 1469 3873 1618 3946; x_wconf 87' lang='grc' dir='ltr'>δηλοῖ</span> <span class='ocrx_word' id='word_1_466' title='bbox 1646 3873 1705 3927; x_wconf 76' lang='grc' dir='ltr'><strong>τὸ</strong></span> <span class='ocrx_word' id='word_1_467' title='bbox 1732 3871 2054 3935; x_wconf 77' lang='grc' dir='ltr'>Σάϐϐατόν,</span> <span class='ocrx_word' id='word_1_468' title='bbox 2090 3869 2227 3942; x_wconf 82' lang='grc' dir='ltr'>ὅπερ</span> <span class='ocrx_word' id='word_1_469' title='bbox 2255 3871 2685 3943; x_wconf 80' lang='grc' dir='ltr'>ἑρμηνευόμενον</span> <span class='ocrx_word' id='word_1_470' title='bbox 2724 3868 2942 3937; x_wconf 82' lang='grc' dir='ltr'>λέγεται</span> <span class='ocrx_word' id='word_1_471' title='bbox 2969 3866 3363 3931; x_wconf 79' lang='grc' dir='ltr'>κατάπαυσις.</span> 
     </span>
    </p>
   </div>
   <div class='ocr_carea' id='block_1_71' title="bbox 416 3978 3570 4058">
    <p class='ocr_par' dir='ltr' id='par_1_71' title="bbox 416 3978 3570 4058">
     <span class='ocr_line' id='line_1_71' title="bbox 416 3978 3570 4058; baseline -0.004 -14"><span class='ocrx_word' id='word_1_472' title='bbox 416 3988 628 4044; x_wconf 87' lang='lat' dir='ltr'><strong>Titulus</strong></span> <span class='ocrx_word' id='word_1_473' title='bbox 658 3986 982 4058; x_wconf 66' lang='lat' dir='ltr'><strong>praepositus</strong></span> <span class='ocrx_word' id='word_1_474' title='bbox 1015 3987 1294 4042; x_wconf 86' lang='lat' dir='ltr'><strong>continet:</strong></span> <span class='ocrx_word' id='word_1_475' title='bbox 1327 3986 1578 4041; x_wconf 73' lang='lat' dir='ltr'><strong>Psalmus</strong></span> <span class='ocrx_word' id='word_1_476' title='bbox 1606 3986 1825 4053; x_wconf 80' lang='lat' dir='ltr'><strong>cantici,</strong></span> <span class='ocrx_word' id='word_1_477' title='bbox 1850 3987 1908 4040; x_wconf 78' lang='lat' dir='ltr'><strong>in</strong></span> <span class='ocrx_word' id='word_1_478' title='bbox 1930 3985 2069 4038; x_wconf 80' lang='lat' dir='ltr'><strong>diem</strong></span> <span class='ocrx_word' id='word_1_479' title='bbox 2098 3982 2343 4049; x_wconf 78' lang='lat' dir='ltr'><strong>Sabbau,</strong></span> <span class='ocrx_word' id='word_1_480' title='bbox 2381 3983 2528 4055; x_wconf 90' lang='lat' dir='ltr'><strong>quod</strong></span> <span class='ocrx_word' id='word_1_481' title='bbox 2553 3984 2938 4054; x_wconf 85' lang='lat' dir='ltr'><strong>interpretatur</strong></span> <span class='ocrx_word' id='word_1_482' title='bbox 2965 3983 3022 4037; x_wconf 77' lang='lat' dir='ltr'><strong>in</strong></span> <span class='ocrx_word' id='word_1_483' title='bbox 3051 3978 3570 4036; x_wconf 71' lang='lat' dir='ltr'><strong>consummationem.</strong></span> 
     </span>
    </p>
   </div>
   <div class='ocr_carea' id='block_1_72' title="bbox 339 4081 3448 4154">
    <p class='ocr_par' dir='ltr' id='par_1_72' title="bbox 339 4081 3448 4154">
     <span class='ocr_line' id='line_1_72' title="bbox 339 4081 3448 4154; baseline -0.002 -14"><span class='ocrx_word' id='word_1_484' title='bbox 339 4084 462 4142; x_wconf 84' lang='lat' dir='ltr'><strong>Hoc</strong></span> <span class='ocrx_word' id='word_1_485' title='bbox 493 4085 636 4140; x_wconf 89' lang='lat' dir='ltr'><strong>enim</strong></span> <span class='ocrx_word' id='word_1_486' title='bbox 674 4087 911 4143; x_wconf 87' lang='lat' dir='ltr'><strong>declarat</strong></span> <span class='ocrx_word' id='word_1_487' title='bbox 937 4087 1106 4142; x_wconf 86' lang='lat' dir='ltr'><strong>dictio</strong></span> <span class='ocrx_word' id='word_1_488' title='bbox 1132 4085 1223 4139; x_wconf 85' lang='lat' dir='ltr'><strong>illa</strong></span> <span class='ocrx_word' id='word_1_489' title='bbox 1256 4081 1548 4139; x_wconf 83' lang='lat' dir='ltr'><strong>Sabbatum</strong></span> <span class='ocrx_word' id='word_1_490' title='bbox 1575 4083 1723 4154; x_wconf 88' lang='lat' dir='ltr'><strong>quod</strong></span> <span class='ocrx_word' id='word_1_491' title='bbox 1761 4082 2149 4149; x_wconf 83' lang='lat' dir='ltr'><strong>interpretatur</strong></span> <span class='ocrx_word' id='word_1_492' title='bbox 2181 4081 2408 4152; x_wconf 78' lang='lat' dir='ltr'><strong>requies.</strong></span> <span class='ocrx_word' id='word_1_493' title='bbox 3446 4086 3448 4089; x_wconf 80' lang='grc'><em>’</em></span> 
     </span>
    </p>
   </div>
   <div class='ocr_carea' id='block_1_73' title="bbox 419 4193 2000 4274">
    <p class='ocr_par' dir='ltr' id='par_1_73' title="bbox 419 4197 1992 4274">
     <span class='ocr_line' id='line_1_73' title="bbox 419 4197 1992 4274; baseline -0.004 -16"><span class='ocrx_word' id='word_1_494' title='bbox 419 4204 472 4258; x_wconf 87' lang='grc'>1.</span> <span class='ocrx_word' id='word_1_495' title='bbox 504 4203 586 4257; x_wconf 80' lang='grc' dir='ltr'>Τὰ</span> <span class='ocrx_word' id='word_1_496' title='bbox 613 4203 833 4274; x_wconf 78' lang='grc' dir='ltr'>κρυπτά</span> <span class='ocrx_word' id='word_1_497' title='bbox 854 4203 954 4272; x_wconf 82' lang='grc' dir='ltr'>τῆς</span> <span class='ocrx_word' id='word_1_498' title='bbox 977 4201 1204 4273; x_wconf 79' lang='grc' dir='ltr'>καρδίας</span> <span class='ocrx_word' id='word_1_499' title='bbox 1217 4201 1481 4271; x_wconf 88' lang='grc' dir='ltr'>διηγεῖται</span> <span class='ocrx_word' id='word_1_500' title='bbox 1502 4199 1578 4271; x_wconf 83' lang='grc' dir='ltr'>τῷ</span> <span class='ocrx_word' id='word_1_501' title='bbox 1599 4198 1789 4270; x_wconf 83' lang='grc' dir='ltr'>Κυρίῳ</span> <span class='ocrx_word' id='word_1_502' title='bbox 1817 4197 1913 4270; x_wconf 75' lang='lat'><strong>(5).</strong></span> <span class='ocrx_word' id='word_1_503' title='bbox 1948 4202 1992 4256; x_wconf 91' lang='lat' dir='ltr'><strong>D</strong></span> 
     </span>
    </p>
   </div>
   <div class='ocr_carea' id='block_1_74' title="bbox 1698 4193 3279 4274">
    <p class='ocr_par' dir='ltr' id='par_1_74' title="bbox 1698 4193 3279 4270">
     <span class='ocr_line' id='line_1_74' title="bbox 1698 4193 3279 4270; baseline -0.002 -19"><span class='ocrx_word' id='word_1_504' title='bbox 1698 4198 1789 4270; x_wconf 77' lang='grc' dir='ltr'><strong>ρίῳ</strong></span> <span class='ocrx_word' id='word_1_505' title='bbox 1817 4197 1913 4270; x_wconf 76' lang='lat'><strong>(5).</strong></span> <span class='ocrx_word' id='word_1_506' title='bbox 1948 4202 1992 4256; x_wconf 92' lang='lat' dir='ltr'><strong>D</strong></span> <span class='ocrx_word' id='word_1_507' title='bbox 2093 4200 2146 4256; x_wconf 91' lang='grc'><strong>1.</strong></span> <span class='ocrx_word' id='word_1_508' title='bbox 2175 4199 2506 4255; x_wconf 89' lang='lat' dir='ltr'><strong>Abscondita</strong></span> <span class='ocrx_word' id='word_1_509' title='bbox 2534 4196 2716 4254; x_wconf 90' lang='lat' dir='ltr'><strong>cordis</strong></span> <span class='ocrx_word' id='word_1_510' title='bbox 2745 4210 3002 4252; x_wconf 86' lang='lat' dir='ltr'><strong>enarrare</strong></span> <span class='ocrx_word' id='word_1_511' title='bbox 3030 4193 3279 4250; x_wconf 90' lang='lat' dir='ltr'><strong>Domino.</strong></span> 
     </span>
    </p>
   </div>
   <div class='ocr_carea' id='block_1_75' title="bbox 415 4284 1996 4367">
    <p class='ocr_par' dir='ltr' id='par_1_75' title="bbox 415 4290 1915 4366">
     <span class='ocr_line' id='line_1_75' title="bbox 415 4290 1915 4366; baseline -0.005 -16"><span class='ocrx_word' id='word_1_512' title='bbox 415 4297 471 4350; x_wconf 75' lang='grc'>2.</span> <span class='ocrx_word' id='word_1_513' title='bbox 503 4296 591 4348; x_wconf 90' lang='grc' dir='ltr'>Ἐν</span> <span class='ocrx_word' id='word_1_514' title='bbox 621 4295 818 4366; x_wconf 82' lang='grc' dir='ltr'>μελέτῃ</span> <span class='ocrx_word' id='word_1_515' title='bbox 847 4294 1142 4348; x_wconf 85' lang='grc' dir='ltr'>ἐπαίνουσά</span> <span class='ocrx_word' id='word_1_516' title='bbox 1161 4291 1496 4364; x_wconf 80' lang='grc' dir='ltr'>[ἐπαίνεσίν]</span> <span class='ocrx_word' id='word_1_517' title='bbox 1528 4308 1608 4344; x_wconf 93' lang='grc' dir='ltr'><strong>σοι</strong></span> <span class='ocrx_word' id='word_1_518' title='bbox 1635 4290 1712 4362; x_wconf 86' lang='grc'>(6)</span> <span class='ocrx_word' id='word_1_519' title='bbox 1745 4306 1915 4361; x_wconf 86' lang='grc' dir='ltr'>προσ-</span> 
     </span>
    </p>
   </div>
   <div class='ocr_carea' id='block_1_76' title="bbox 1648 4284 3229 4367">
    <p class='ocr_par' dir='ltr' id='par_1_76' title="bbox 1648 4284 3229 4367">
     <span class='ocr_line' id='line_1_76' title="bbox 1648 4284 3229 4367; baseline -0.008 -13"><span class='ocrx_word' id='word_1_520' title='bbox 1648 4290 1712 4362; x_wconf 65' lang='grc' dir='ltr'><strong>ζϐ)</strong></span> <span class='ocrx_word' id='word_1_521' title='bbox 1745 4306 1915 4361; x_wconf 85' lang='grc' dir='ltr'>προσ·</span> <span class='ocrx_word' id='word_1_522' title='bbox 2091 4293 2143 4347; x_wconf 82' lang='grc'>2.</span> <span class='ocrx_word' id='word_1_523' title='bbox 2179 4290 2235 4346; x_wconf 84' lang='lat' dir='ltr'><strong>In</strong></span> <span class='ocrx_word' id='word_1_524' title='bbox 2266 4291 2624 4367; x_wconf 84' lang='lat' dir='ltr'><strong>meditatione</strong></span> <span class='ocrx_word' id='word_1_525' title='bbox 2645 4289 2858 4345; x_wconf 90' lang='lat' dir='ltr'><strong>laudem</strong></span> <span class='ocrx_word' id='word_1_526' title='bbox 2888 4287 2982 4342; x_wconf 88' lang='lat' dir='ltr'><strong>tibi</strong></span> <span class='ocrx_word' id='word_1_527' title='bbox 3017 4284 3229 4342; x_wconf 77' lang='lat' dir='ltr'><strong>aﬂ‘erre.</strong></span> 
     </span>
    </p>
   </div>
   <div class='ocr_carea' id='block_1_77' title="bbox 459 4405 562 4443">
    <p class='ocr_par' dir='ltr' id='par_1_77' title="bbox 459 4405 562 4443">
     <span class='ocr_line' id='line_1_77' title="bbox 459 4405 562 4443; baseline 0.01 -1"><span class='ocrx_word' id='word_1_528' title='bbox 459 4405 562 4443; x_wconf 88' lang='grc' dir='ltr'>ειν.</span> 
     </span>
    </p>
   </div>
   <div class='ocr_carea' id='block_1_78' title="bbox 342 4388 1923 4551">
    <p class='ocr_par' dir='ltr' id='par_1_78' title="bbox 342 4388 1860 4551">
     <span class='ocr_line' id='line_1_78' title="bbox 342 4388 1860 4551; baseline -0.006 -16"><span class='ocrx_word' id='word_1_529' title='bbox 342 4388 614 4536; x_wconf 44' lang='grc' dir='ltr'><strong>φέξῗᾝῡ</strong></span> <span class='ocrx_word' id='word_1_530' title='bbox 644 4477 947 4551; x_wconf 85' lang='grc' dir='ltr'>διηγεῖσθαι</span> <span class='ocrx_word' id='word_1_531' title='bbox 977 4477 1226 4548; x_wconf 81' lang='grc' dir='ltr'>φανερῶς</span> <span class='ocrx_word' id='word_1_532' title='bbox 1257 4477 1316 4530; x_wconf 84' lang='grc' dir='ltr'><strong>τὸ</strong></span> <span class='ocrx_word' id='word_1_533' title='bbox 1344 4475 1460 4540; x_wconf 85' lang='grc' dir='ltr'><strong>πῶς</strong></span> <span class='ocrx_word' id='word_1_534' title='bbox 1494 4473 1730 4546; x_wconf 79' lang='grc' dir='ltr'>ἡλεήθης</span> <span class='ocrx_word' id='word_1_535' title='bbox 1762 4472 1860 4544; x_wconf 86' lang='grc'>(7).</span> 
     </span>
    </p>
   </div>
   <div class='ocr_carea' id='block_1_79' title="bbox 1871 4388 3452 4551">
    <p class='ocr_par' dir='ltr' id='par_1_79' title="bbox 2094 4463 3452 4538">
     <span class='ocr_line' id='line_1_79' title="bbox 2094 4463 3452 4538; baseline -0.007 -13"><span class='ocrx_word' id='word_1_536' title='bbox 2094 4472 2148 4525; x_wconf 88' lang='lat'><strong>5.</strong></span> <span class='ocrx_word' id='word_1_537' title='bbox 2183 4471 2266 4525; x_wconf 86' lang='lat' dir='ltr'><strong>Ad</strong></span> <span class='ocrx_word' id='word_1_538' title='bbox 2297 4469 2755 4525; x_wconf 79' lang='lat' dir='ltr'><strong>manifestandum</strong></span> <span class='ocrx_word' id='word_1_539' title='bbox 2785 4465 3061 4538; x_wconf 87' lang='lat' dir='ltr'><strong>quomodo</strong></span> <span class='ocrx_word' id='word_1_540' title='bbox 3091 4463 3347 4520; x_wconf 87' lang='lat' dir='ltr'><strong>misertus</strong></span> <span class='ocrx_word' id='word_1_541' title='bbox 3375 4478 3452 4518; x_wconf 89' lang='lat' dir='ltr'><strong>es.</strong></span> 
     </span>
    </p>
   </div>
   <div class='ocr_carea' id='block_1_80' title="bbox 419 4559 2000 4643">
    <p class='ocr_par' dir='ltr' id='par_1_80' title="bbox 419 4565 1920 4643">
     <span class='ocr_line' id='line_1_80' title="bbox 419 4565 1920 4643; baseline -0.005 -15"><span class='ocrx_word' id='word_1_542' title='bbox 419 4573 474 4628; x_wconf 73' lang='lat'><strong>4.</strong></span> <span class='ocrx_word' id='word_1_543' title='bbox 506 4573 618 4628; x_wconf 77' lang='lat' dir='ltr'><strong>Kal.</strong></span> <span class='ocrx_word' id='word_1_544' title='bbox 645 4573 788 4628; x_wconf 76' lang='grc' dir='ltr'>κατὰ</span> <span class='ocrx_word' id='word_1_545' title='bbox 828 4571 906 4643; x_wconf 87' lang='grc'>(8)</span> <span class='ocrx_word' id='word_1_546' title='bbox 944 4570 1124 4642; x_wconf 81' lang='grc' dir='ltr'>πάσης</span> <span class='ocrx_word' id='word_1_547' title='bbox 1161 4568 1437 4642; x_wconf 82' lang='grc' dir='ltr'>ἁμαρτίας</span> <span class='ocrx_word' id='word_1_548' title='bbox 1464 4567 1793 4640; x_wconf 81' lang='grc' dir='ltr'>προσφέρειν</span> <span class='ocrx_word' id='word_1_549' title='bbox 1823 4565 1920 4638; x_wconf 73' lang='grc' dir='ltr'><strong>τὴν</strong></span> 
     </span>
    </p>
   </div>
   <div class='ocr_carea' id='block_1_81' title="bbox 2001 4559 3582 4643">
    <p class='ocr_par' dir='ltr' id='par_1_81' title="bbox 2097 4559 3582 4631">
     <span class='ocr_line' id='line_1_81' title="bbox 2097 4559 3582 4631; baseline -0.007 -15"><span class='ocrx_word' id='word_1_550' title='bbox 2097 4563 2151 4616; x_wconf 87' lang='lat'><strong>4.</strong></span> <span class='ocrx_word' id='word_1_551' title='bbox 2199 4562 2265 4616; x_wconf 90' lang='lat' dir='ltr'><strong>Et</strong></span> <span class='ocrx_word' id='word_1_552' title='bbox 2298 4561 2367 4616; x_wconf 84' lang='lat' dir='ltr'><strong>ad</strong></span> <span class='ocrx_word' id='word_1_553' title='bbox 2417 4559 2796 4631; x_wconf 86' lang='lat' dir='ltr'><strong>proferendam</strong></span> <span class='ocrx_word' id='word_1_554' title='bbox 2844 4565 3033 4613; x_wconf 89' lang='lat' dir='ltr'><strong>contra</strong></span> <span class='ocrx_word' id='word_1_555' title='bbox 3090 4569 3251 4610; x_wconf 88' lang='lat' dir='ltr'><strong>omne</strong></span> <span class='ocrx_word' id='word_1_556' title='bbox 3305 4561 3582 4624; x_wconf 84' lang='lat' dir='ltr'><strong>peccatum</strong></span> 
     </span>
    </p>
   </div>
   <div class='ocr_carea' id='block_1_82' title="bbox 343 4655 1924 4738">
    <p class='ocr_par' dir='ltr' id='par_1_82' title="bbox 343 4665 1348 4738">
     <span class='ocr_line' id='line_1_82' title="bbox 343 4665 1348 4738; baseline -0.002 -18"><span class='ocrx_word' id='word_1_557' title='bbox 343 4665 612 4738; x_wconf 82' lang='grc' dir='ltr'>ἀλήθειαν</span> <span class='ocrx_word' id='word_1_558' title='bbox 636 4666 746 4720; x_wconf 81' lang='grc' dir='ltr'><strong>τῶν</strong></span> <span class='ocrx_word' id='word_1_559' title='bbox 772 4665 1206 4738; x_wconf 85' lang='grc' dir='ltr'>προσταγμάτων</span> <span class='ocrx_word' id='word_1_560' title='bbox 1233 4681 1348 4718; x_wconf 90' lang='grc' dir='ltr'>σου.</span> 
     </span>
    </p>
   </div>
   <div class='ocr_carea' id='block_1_83' title="bbox 1428 4655 3009 4738">
    <p class='ocr_par' dir='ltr' id='par_1_83' title="bbox 2019 4655 3009 4723">
     <span class='ocr_line' id='line_1_83' title="bbox 2019 4655 3009 4723; baseline -0.008 -13"><span class='ocrx_word' id='word_1_561' title='bbox 2019 4655 2303 4710; x_wconf 83' lang='lat' dir='ltr'><strong>veritatem</strong></span> <span class='ocrx_word' id='word_1_562' title='bbox 2342 4663 2735 4723; x_wconf 63' lang='lat' dir='ltr'><strong>praeceptorum</strong></span> <span class='ocrx_word' id='word_1_563' title='bbox 2767 4656 3009 4704; x_wconf 90' lang='lat' dir='ltr'><strong>tuorum.</strong></span> 
     </span>
    </p>
   </div>
   <div class='ocr_carea' id='block_1_84' title="bbox 427 4739 2008 4828">
    <p class='ocr_par' dir='ltr' id='par_1_84' title="bbox 427 4751 1926 4828">
     <span class='ocr_line' id='line_1_84' title="bbox 427 4751 1926 4828; baseline -0.007 -14"><span class='ocrx_word' id='word_1_564' title='bbox 427 4759 479 4814; x_wconf 87' lang='lat'><strong>5.</strong></span> <span class='ocrx_word' id='word_1_565' title='bbox 517 4760 609 4814; x_wconf 87' lang='grc' dir='ltr'>Ἐν</span> <span class='ocrx_word' id='word_1_566' title='bbox 634 4761 756 4822; x_wconf 85' lang='grc' dir='ltr'>ταῖς</span> <span class='ocrx_word' id='word_1_567' title='bbox 777 4758 908 4812; x_wconf 85' lang='grc' dir='ltr'>δέκα</span> <span class='ocrx_word' id='word_1_568' title='bbox 932 4756 1173 4822; x_wconf 81' lang='grc' dir='ltr'>ἐντολαῖς</span> <span class='ocrx_word' id='word_1_569' title='bbox 1195 4753 1478 4828; x_wconf 85' lang='grc' dir='ltr'>νεκρώσας</span> <span class='ocrx_word' id='word_1_570' title='bbox 1509 4752 1571 4806; x_wconf 85' lang='grc' dir='ltr'><strong>τδ</strong></span> <span class='ocrx_word' id='word_1_571' title='bbox 1593 4751 1752 4824; x_wconf 83' lang='grc' dir='ltr'>σῶμα</span> <span class='ocrx_word' id='word_1_572' title='bbox 1779 4752 1836 4804; x_wconf 82' lang='grc' dir='ltr'><strong>ἐν</strong></span> <span class='ocrx_word' id='word_1_573' title='bbox 1858 4752 1926 4821; x_wconf 80' lang='grc' dir='ltr'>τῇ</span> 
     </span>
    </p>
   </div>
   <div class='ocr_carea' id='block_1_85' title="bbox 2002 4739 3583 4828">
    <p class='ocr_par' dir='ltr' id='par_1_85' title="bbox 2096 4739 3583 4814">
     <span class='ocr_line' id='line_1_85' title="bbox 2096 4739 3583 4814; baseline -0.008 -13"><span class='ocrx_word' id='word_1_574' title='bbox 2096 4746 2148 4801; x_wconf 80' lang='grc'><strong>5.</strong></span> <span class='ocrx_word' id='word_1_575' title='bbox 2180 4745 2236 4800; x_wconf 85' lang='lat' dir='ltr'><strong>In</strong></span> <span class='ocrx_word' id='word_1_576' title='bbox 2265 4746 2449 4801; x_wconf 90' lang='lat' dir='ltr'><strong>decem</strong></span> <span class='ocrx_word' id='word_1_577' title='bbox 2473 4742 2759 4814; x_wconf 70' lang='lat' dir='ltr'><strong>praeceptis</strong></span> <span class='ocrx_word' id='word_1_578' title='bbox 2792 4739 3116 4796; x_wconf 83' lang='lat' dir='ltr'><strong>mortiﬁcato</strong></span> <span class='ocrx_word' id='word_1_579' title='bbox 3146 4752 3370 4809; x_wconf 86' lang='lat' dir='ltr'><strong>corpore</strong></span> <span class='ocrx_word' id='word_1_580' title='bbox 3392 4750 3583 4792; x_wconf 87' lang='lat' dir='ltr'><strong>canere</strong></span> 
     </span>
    </p>
   </div>
   <div class='ocr_carea' id='block_1_86' title="bbox 344 4834 1925 4922">
    <p class='ocr_par' dir='ltr' id='par_1_86' title="bbox 344 4844 1550 4922">
     <span class='ocr_line' id='line_1_86' title="bbox 344 4844 1550 4922; baseline -0.007 -16"><span class='ocrx_word' id='word_1_581' title='bbox 344 4849 565 4922; x_wconf 81' lang='grc' dir='ltr'>διανοίᾳ</span> <span class='ocrx_word' id='word_1_582' title='bbox 599 4853 657 4905; x_wconf 86' lang='grc' dir='ltr'><strong>ἐν</strong></span> <span class='ocrx_word' id='word_1_583' title='bbox 687 4849 921 4921; x_wconf 84' lang='grc' dir='ltr'>ψαλμοῖς</span> <span class='ocrx_word' id='word_1_584' title='bbox 944 4848 1089 4921; x_wconf 73' lang='grc' dir='ltr'>ᾅδειν</span> <span class='ocrx_word' id='word_1_585' title='bbox 1114 4847 1193 4919; x_wconf 81' lang='grc' dir='ltr'>τῷ</span> <span class='ocrx_word' id='word_1_586' title='bbox 1224 4846 1417 4918; x_wconf 81' lang='grc' dir='ltr'>Κυρίῳ</span> <span class='ocrx_word' id='word_1_587' title='bbox 1449 4844 1550 4920; x_wconf 65' lang='grc'>(9).</span> 
     </span>
    </p>
   </div>
   <div class='ocr_carea' id='block_1_87' title="bbox 1168 4834 2749 4922">
    <p class='ocr_par' dir='ltr' id='par_1_87' title="bbox 1168 4834 2749 4920">
     <span class='ocr_line' id='line_1_87' title="bbox 1168 4834 2749 4920; baseline -0.011 -18"><span class='ocrx_word' id='word_1_588' title='bbox 1168 4847 1193 4919; x_wconf 67' lang='grc' dir='ltr'><strong>ᾖ</strong></span> <span class='ocrx_word' id='word_1_589' title='bbox 1224 4846 1417 4918; x_wconf 81' lang='grc' dir='ltr'>Κυρίῳ</span> <span class='ocrx_word' id='word_1_590' title='bbox 1449 4844 1550 4920; x_wconf 67' lang='grc'>(9).</span> <span class='ocrx_word' id='word_1_591' title='bbox 2025 4847 2206 4894; x_wconf 88' lang='lat' dir='ltr'><strong>mente</strong></span> <span class='ocrx_word' id='word_1_592' title='bbox 2232 4836 2470 4906; x_wconf 86' lang='lat' dir='ltr'><strong>psalmos</strong></span> <span class='ocrx_word' id='word_1_593' title='bbox 2500 4834 2749 4889; x_wconf 91' lang='lat' dir='ltr'><strong>Domino.</strong></span> 
     </span>
    </p>
   </div>
   <div class='ocr_carea' id='block_1_88' title="bbox 422 4923 2003 5014">
    <p class='ocr_par' dir='ltr' id='par_1_88' title="bbox 422 4936 1661 5014">
     <span class='ocr_line' id='line_1_88' title="bbox 422 4936 1661 5014; baseline -0.009 -17"><span class='ocrx_word' id='word_1_594' title='bbox 422 4942 478 4997; x_wconf 89' lang='lat'><strong>6.</strong></span> <span class='ocrx_word' id='word_1_595' title='bbox 503 4943 616 5013; x_wconf 83' lang='grc' dir='ltr'><strong>Τὴν</strong></span> <span class='ocrx_word' id='word_1_596' title='bbox 644 4939 869 5014; x_wconf 89' lang='grc' dir='ltr'>καρδίαν</span> <span class='ocrx_word' id='word_1_597' title='bbox 905 4958 1004 5010; x_wconf 89' lang='grc' dir='ltr'><strong>μου</strong></span> <span class='ocrx_word' id='word_1_598' title='bbox 1038 4939 1126 4994; x_wconf 87' lang='grc' dir='ltr'>διὰ</span> <span class='ocrx_word' id='word_1_599' title='bbox 1144 4937 1252 4993; x_wconf 82' lang='grc' dir='ltr'><strong>τῶν</strong></span> <span class='ocrx_word' id='word_1_600' title='bbox 1279 4936 1506 4992; x_wconf 80' lang='grc' dir='ltr'>ἐντολῶν</span> <span class='ocrx_word' id='word_1_601' title='bbox 1543 4951 1661 4988; x_wconf 91' lang='grc' dir='ltr'>σου.</span> 
     </span>
    </p>
   </div>
   <div class='ocr_carea' id='block_1_89' title="bbox 1445 4923 3026 5014">
    <p class='ocr_par' dir='ltr' id='par_1_89' title="bbox 1445 4923 3026 4989">
     <span class='ocr_line' id='line_1_89' title="bbox 1445 4923 3026 4989; baseline -0.008 0"><span class='ocrx_word' id='word_1_602' title='bbox 1445 4936 1506 4989; x_wconf 72' lang='grc' dir='ltr'>ὒν</span> <span class='ocrx_word' id='word_1_603' title='bbox 1543 4951 1661 4988; x_wconf 88' lang='grc' dir='ltr'>σου.</span> <span class='ocrx_word' id='word_1_604' title='bbox 2102 4928 2156 4983; x_wconf 87' lang='grc'><strong>6.</strong></span> <span class='ocrx_word' id='word_1_605' title='bbox 2187 4926 2297 4983; x_wconf 89' lang='lat' dir='ltr'><strong>Cor</strong></span> <span class='ocrx_word' id='word_1_606' title='bbox 2321 4941 2503 4982; x_wconf 92' lang='lat' dir='ltr'><strong>meum</strong></span> <span class='ocrx_word' id='word_1_607' title='bbox 2531 4925 2585 4979; x_wconf 93' lang='lat' dir='ltr'><strong>in</strong></span> <span class='ocrx_word' id='word_1_608' title='bbox 2611 4923 2881 4978; x_wconf 87' lang='lat' dir='ltr'><strong>mandatis</strong></span> <span class='ocrx_word' id='word_1_609' title='bbox 2902 4923 3026 4978; x_wconf 89' lang='lat' dir='ltr'><strong>tuis.</strong></span> 
     </span>
    </p>
   </div>
   <div class='ocr_carea' id='block_1_90' title="bbox 1266 5057 2604 5142">
    <p class='ocr_par' dir='ltr' id='par_1_90' title="bbox 1266 5057 2604 5142">
     <span class='ocr_line' id='line_1_90' title="bbox 1266 5057 2604 5142; baseline -0.01 -9"><span class='ocrx_word' id='word_1_610' title='bbox 1266 5068 1569 5132; x_wconf 85' lang='lat' dir='ltr'><strong>Addenda</strong></span> <span class='ocrx_word' id='word_1_611' title='bbox 1605 5072 1667 5127; x_wconf 87' lang='lat' dir='ltr'><strong>et</strong></span> <span class='ocrx_word' id='word_1_612' title='bbox 1701 5061 2076 5142; x_wconf 78' lang='lat' dir='ltr'><strong>corrigenda</strong></span> <span class='ocrx_word' id='word_1_613' title='bbox 2127 5079 2206 5124; x_wconf 81' lang='lat' dir='ltr'><strong>ex</strong></span> <span class='ocrx_word' id='word_1_614' title='bbox 2235 5060 2375 5122; x_wconf 90' lang='lat' dir='ltr'><strong>cod.</strong></span> <span class='ocrx_word' id='word_1_615' title='bbox 2409 5057 2604 5120; x_wconf 84' lang='lat' dir='ltr'><strong>Vatic.</strong></span> 
     </span>
    </p>
   </div>
   <div class='ocr_carea' id='block_1_91' title="bbox 430 5179 2700 5278">
    <p class='ocr_par' dir='ltr' id='par_1_91' title="bbox 430 5179 2700 5278">
     <span class='ocr_line' id='line_1_91' title="bbox 430 5179 2700 5278; baseline -0.01 -24"><span class='ocrx_word' id='word_1_616' title='bbox 430 5201 510 5272; x_wconf 86' lang='grc'><strong>(1)</strong></span> <span class='ocrx_word' id='word_1_617' title='bbox 563 5197 988 5278; x_wconf 58' lang='grc' dir='ltr'>ξΕνθυμηθέντος</span> <span class='ocrx_word' id='word_1_618' title='bbox 1041 5213 1134 5249; x_wconf 92' lang='grc' dir='ltr'><strong>σου</strong></span> <span class='ocrx_word' id='word_1_619' title='bbox 1189 5193 1394 5278; x_wconf 61' lang='grc' dir='ltr'><strong>ἔργονῑ</strong></span> <span class='ocrx_word' id='word_1_620' title='bbox 1472 5189 1770 5262; x_wconf 88' lang='grc' dir='ltr'>ἐνθύμησις</span> <span class='ocrx_word' id='word_1_621' title='bbox 1827 5185 1929 5256; x_wconf 79' lang='grc' dir='ltr'><strong>τῆς</strong></span> <span class='ocrx_word' id='word_1_622' title='bbox 2033 5185 2246 5278; x_wconf 46' lang='lat'><strong>#733.“</strong></span> <span class='ocrx_word' id='word_1_623' title='bbox 2237 5179 2423 5278; x_wconf 45' lang='lat'><strong>1:05:0-</strong></span> <span class='ocrx_word' id='word_1_624' title='bbox 2430 5182 2700 5278; x_wconf 40' lang='grc' dir='ltr'>γάρ-ἕξις..</span> 
     </span>
    </p>
   </div>
   <div class='ocr_carea' id='block_1_92' title="bbox 351 5241 3437 5341">
    <p class='ocr_par' dir='ltr' id='par_1_92' title="bbox 351 5241 3437 5341">
     <span class='ocr_line' id='line_1_92' title="bbox 351 5241 3437 5341; baseline -0.004 -16"><span class='ocrx_word' id='word_1_625' title='bbox 351 5241 1555 5341; x_wconf 48' lang='grc' dir='ltr'><strong>ενέρἒίξὲ’ἑοῖ’ἐῖαξᾷᾗουῖὖνᾱνὲὶῖιτόἆττέέ.</strong></span> <span class='ocrx_word' id='word_1_626' title='bbox 1667 5241 1705 5259; x_wconf 27' lang='grc' dir='ltr'>’ί</span> <span class='ocrx_word' id='word_1_627' title='bbox 1749 5241 1767 5252; x_wconf 89' lang='grc'><em>’</em></span> <span class='ocrx_word' id='word_1_628' title='bbox 1885 5241 1926 5256; x_wconf 69' lang='grc'><strong>’⁷</strong></span> <span class='ocrx_word' id='word_1_629' title='bbox 2034 5241 2048 5256; x_wconf 92' lang='grc'><em>’</em></span> <span class='ocrx_word' id='word_1_630' title='bbox 2099 5241 2463 5341; x_wconf 39' lang='lat' dir='ltr'><strong>{aggere</strong></span> <span class='ocrx_word' id='word_1_631' title='bbox 2488 5241 3163 5341; x_wconf 52' lang='lat' dir='ltr'><strong>ﬁc__3t§g§€at_g§tnyfi°0at</strong></span> <span class='ocrx_word' id='word_1_632' title='bbox 3191 5243 3268 5316; x_wconf 71' lang='grc' dir='ltr'>τῷ</span> <span class='ocrx_word' id='word_1_633' title='bbox 3300 5241 3437 5314; x_wconf 73' lang='grc' dir='ltr'><strong>Θεῷ-</strong></span> 
     </span>
    </p>
   </div>
   <div class='ocr_carea' id='block_1_93' title="bbox 455 5320 3028 5406">
    <p class='ocr_par' dir='ltr' id='par_1_93' title="bbox 455 5320 3028 5406">
     <span class='ocr_line' id='line_1_93' title="bbox 455 5320 3028 5406; baseline -0.007 -12"><span class='ocrx_word' id='word_1_634' title='bbox 455 5320 715 5404; x_wconf 56' lang='grc' dir='ltr'>ἕῖλύτοῦ</span> <span class='ocrx_word' id='word_1_635' title='bbox 753 5335 1054 5406; x_wconf 83' lang='grc' dir='ltr'>συντρίψει.</span> <span class='ocrx_word' id='word_1_636' title='bbox 1325 5402 1337 5406; x_wconf 90' lang='lat'><em>_</em></span> <span class='ocrx_word' id='word_1_637' title='bbox 1406 5400 1416 5406; x_wconf 89' lang='lat'>_</span> <span class='ocrx_word' id='word_1_638' title='bbox 1593 5397 1607 5406; x_wconf 85' lang='lat'>_</span> <span class='ocrx_word' id='word_1_639' title='bbox 1664 5397 1677 5406; x_wconf 89' lang='lat'><strong>_</strong></span> <span class='ocrx_word' id='word_1_640' title='bbox 1813 5395 1828 5406; x_wconf 35' lang='grc' dir='ltr'>ἰ</span> <span class='ocrx_word' id='word_1_641' title='bbox 1849 5393 1864 5406; x_wconf 82' lang='lat'>_</span> <span class='ocrx_word' id='word_1_642' title='bbox 2336 5321 2475 5406; x_wconf 54' lang='grc' dir='ltr'>ἐλέει</span> <span class='ocrx_word' id='word_1_643' title='bbox 2505 5320 2759 5384; x_wconf 81' lang='grc' dir='ltr'>ἐπαίνους</span> <span class='ocrx_word' id='word_1_644' title='bbox 2793 5335 2894 5386; x_wconf 84' lang='grc' dir='ltr'>σοι,</span> <span class='ocrx_word' id='word_1_645' title='bbox 2923 5328 3028 5375; x_wconf 86' lang='lat' dir='ltr'><strong>etc.</strong></span> 
     </span>
    </p>
   </div>
   <div class='ocr_carea' id='block_1_94' title="bbox 457 5353 2038 5482">
    <p class='ocr_par' dir='ltr' id='par_1_94' title="bbox 457 5353 1934 5482">
     <span class='ocr_line' id='line_1_94' title="bbox 457 5353 1054 5406; baseline -0.008 -12"><span class='ocrx_word' id='word_1_646' title='bbox 457 5353 511 5404; x_wconf 78' lang='grc'><strong>2)</strong></span> <span class='ocrx_word' id='word_1_647' title='bbox 541 5353 715 5392; x_wconf 77' lang='grc' dir='ltr'>Αυτου</span> <span class='ocrx_word' id='word_1_648' title='bbox 753 5353 883 5390; x_wconf 83' lang='grc' dir='ltr'>συντ</span> <span class='ocrx_word' id='word_1_649' title='bbox 927 5353 1054 5406; x_wconf 78' lang='grc' dir='ltr'>ιψει.</span> 
     </span>
     <span class='ocr_line' id='line_1_95' title="bbox 457 5353 1934 5482; baseline -0.01 -17"><span class='ocrx_word' id='word_1_650' title='bbox 457 5413 512 5482; x_wconf 87' lang='lat'><strong>5)</strong></span> <span class='ocrx_word' id='word_1_651' title='bbox 528 5409 604 5482; x_wconf 15' lang='lat' dir='ltr'><strong>7N.</strong></span> <span class='ocrx_word' id='word_1_652' title='bbox 635 5407 728 5473; x_wconf 79' lang='grc'><strong>52,</strong></span> <span class='ocrx_word' id='word_1_653' title='bbox 751 5407 822 5461; x_wconf 85' lang='grc'><strong>55</strong></span> <span class='ocrx_word' id='word_1_654' title='bbox 993 5406 1110 5469; x_wconf 85' lang='grc' dir='ltr'>Είς.</span> <span class='ocrx_word' id='word_1_655' title='bbox 1147 5409 1280 5469; x_wconf 85' lang='lat' dir='ltr'><strong>etc.,</strong></span> <span class='ocrx_word' id='word_1_656' title='bbox 1315 5400 1509 5470; x_wconf 82' lang='grc' dir='ltr'>ἀγάγω</span> <span class='ocrx_word' id='word_1_657' title='bbox 1549 5397 1732 5462; x_wconf 85' lang='grc' dir='ltr'>αὐτόν,</span> <span class='ocrx_word' id='word_1_658' title='bbox 1763 5393 1934 5450; x_wconf 76' lang='lat' dir='ltr'><strong>addu-</strong></span> 
     </span>
    </p>
   </div>
   <div class='ocr_carea' id='block_1_95' title="bbox 926 5353 2507 5482">
    <p class='ocr_par' dir='ltr' id='par_1_95' title="bbox 926 5353 2507 5482">
     <span class='ocr_line' id='line_1_96' title="bbox 926 5353 2507 5482; baseline -0.01 -21"><span class='ocrx_word' id='word_1_659' title='bbox 926 5353 1110 5469; x_wconf 34' lang='lat'><strong>33;.</strong></span> <span class='ocrx_word' id='word_1_660' title='bbox 1147 5409 1280 5469; x_wconf 71' lang='lat' dir='ltr'><strong>etc...</strong></span> <span class='ocrx_word' id='word_1_661' title='bbox 1315 5400 1509 5470; x_wconf 81' lang='grc' dir='ltr'>ἀγάγω</span> <span class='ocrx_word' id='word_1_662' title='bbox 1549 5397 1732 5462; x_wconf 86' lang='grc' dir='ltr'>αὐτόν,</span> <span class='ocrx_word' id='word_1_663' title='bbox 1763 5393 1934 5450; x_wconf 71' lang='lat' dir='ltr'><strong>addu—</strong></span> 
     </span>
    </p>
   </div>
   <div class='ocr_carea' id='block_1_96' title="bbox 353 5457 1934 5547">
    <p class='ocr_par' dir='ltr' id='par_1_96' title="bbox 353 5457 1873 5547">
     <span class='ocr_line' id='line_1_97' title="bbox 353 5457 1873 5547; baseline 0 0"><span class='ocrx_word' id='word_1_664' title='bbox 353 5457 728 5547; x_wconf 54' lang='lat' dir='ltr'><strong>cain&#39;ipsum:</strong></span> <span class='ocrx_word' id='word_1_665' title='bbox 809 5544 834 5547; x_wconf 91' lang='lat'><em>_</em></span> <span class='ocrx_word' id='word_1_666' title='bbox 1071 5457 1128 5547; x_wconf 61' lang='grc' dir='ltr'>ί-</span> <span class='ocrx_word' id='word_1_667' title='bbox 1263 5457 1279 5469; x_wconf 76' lang='grc'><strong>’</strong></span> <span class='ocrx_word' id='word_1_668' title='bbox 1365 5457 1376 5470; x_wconf 80' lang='grc'><em>’</em></span> <span class='ocrx_word' id='word_1_669' title='bbox 1440 5457 1452 5469; x_wconf 81' lang='grc'><em>’</em></span> <span class='ocrx_word' id='word_1_670' title='bbox 1530 5545 1536 5547; x_wconf 20' lang='grc' dir='ltr'><em>Α</em></span> <span class='ocrx_word' id='word_1_671' title='bbox 1646 5535 1661 5547; x_wconf 97' lang='grc'>.</span> <span class='ocrx_word' id='word_1_672' title='bbox 1859 5531 1873 5547; x_wconf 86' lang='grc'><strong>.</strong></span> 
     </span>
    </p>
   </div>
   <div class='ocr_carea' id='block_1_97' title="bbox 1310 5457 2891 5547">
    <p class='ocr_par' dir='ltr' id='par_1_97' title="bbox 1365 5457 2891 5547">
     <span class='ocr_line' id='line_1_98' title="bbox 1365 5457 2891 5547; baseline -0.021 -3"><span class='ocrx_word' id='word_1_673' title='bbox 1365 5457 1376 5470; x_wconf 54' lang='grc'><em>’</em></span> <span class='ocrx_word' id='word_1_674' title='bbox 1440 5457 1452 5469; x_wconf 55' lang='grc'><em>’</em></span> <span class='ocrx_word' id='word_1_675' title='bbox 1530 5545 1536 5547; x_wconf 20' lang='grc' dir='ltr'><em>Α</em></span> <span class='ocrx_word' id='word_1_676' title='bbox 1646 5535 1661 5547; x_wconf 82' lang='grc'>,</span> <span class='ocrx_word' id='word_1_677' title='bbox 1717 5457 1726 5462; x_wconf 32' lang='grc'><strong>⁷</strong></span> <span class='ocrx_word' id='word_1_678' title='bbox 1859 5531 1873 5547; x_wconf 70' lang='grc'><strong><em>,</em></strong></span> <span class='ocrx_word' id='word_1_679' title='bbox 2219 5457 2398 5547; x_wconf 40' lang='lat' dir='ltr'><strong>{Cara}</strong></span> <span class='ocrx_word' id='word_1_680' title='bbox 2431 5457 2564 5533; x_wconf 80' lang='lat' dir='ltr'><strong>etc.,</strong></span> <span class='ocrx_word' id='word_1_681' title='bbox 2596 5460 2751 5519; x_wconf 76' lang='lat' dir='ltr'><strong>deest</strong></span> <span class='ocrx_word' id='word_1_682' title='bbox 2771 5457 2891 5512; x_wconf 83' lang='grc' dir='ltr'>καί.</span> 
     </span>
    </p>
   </div>
   <div class='ocr_carea' id='block_1_98' title="bbox 435 5531 2353 5620">
    <p class='ocr_par' dir='ltr' id='par_1_98' title="bbox 435 5531 2353 5620">
     <span class='ocr_line' id='line_1_99' title="bbox 435 5531 2353 5620; baseline -0.007 -16"><span class='ocrx_word' id='word_1_683' title='bbox 435 5531 618 5620; x_wconf 40' lang='grc' dir='ltr'>(5)-τῆ</span> <span class='ocrx_word' id='word_1_684' title='bbox 647 5544 735 5620; x_wconf 70' lang='grc' dir='ltr'>διὰ</span> <span class='ocrx_word' id='word_1_685' title='bbox 774 5544 874 5620; x_wconf 67' lang='grc' dir='ltr'>τῇς</span> <span class='ocrx_word' id='word_1_686' title='bbox 908 5543 1278 5620; x_wconf 62' lang='grc' dir='ltr'>κινναᾷάρεως</span> <span class='ocrx_word' id='word_1_687' title='bbox 1306 5557 1455 5620; x_wconf 56' lang='grc' dir='ltr'><strong>περἴε</strong></span> <span class='ocrx_word' id='word_1_688' title='bbox 1493 5531 1935 5620; x_wconf 41' lang='grc' dir='ltr'>εξοηέρμηνεύε-</span> <span class='ocrx_word' id='word_1_689' title='bbox 2111 5531 2187 5606; x_wconf 86' lang='grc'><strong>(9)</strong></span> <span class='ocrx_word' id='word_1_690' title='bbox 2217 5535 2353 5606; x_wconf 79' lang='grc' dir='ltr'><strong>Θεῳ.</strong></span> 
     </span>
    </p>
   </div>
   <div class='ocr_carea' id='block_1_99' title="bbox 359 5605 1930 5687">
    <p class='ocr_par' dir='ltr' id='par_1_99' title="bbox 359 5605 1930 5687">
     <span class='ocr_line' id='line_1_100' title="bbox 359 5605 1930 5687; baseline -0.011 -15"><span class='ocrx_word' id='word_1_691' title='bbox 359 5638 396 5672; x_wconf 80' lang='grc' dir='ltr'><strong>τ</strong></span> <span class='ocrx_word' id='word_1_692' title='bbox 425 5605 479 5675; x_wconf 71' lang='grc' dir='ltr'>ιὶ.</span> <span class='ocrx_word' id='word_1_693' title='bbox 496 5605 738 5687; x_wconf 71' lang='grc' dir='ltr'>’Ψαλμὸς</span> <span class='ocrx_word' id='word_1_694' title='bbox 762 5605 869 5685; x_wconf 70' lang='grc' dir='ltr'>τῆς</span> <span class='ocrx_word' id='word_1_695' title='bbox 893 5614 1035 5685; x_wconf 80' lang='grc' dir='ltr'>ᾠδῆς</span> <span class='ocrx_word' id='word_1_696' title='bbox 1055 5605 1254 5683; x_wconf 76' lang='grc' dir='ltr'>εἰς’τὴν</span> <span class='ocrx_word' id='word_1_697' title='bbox 1283 5605 1587 5666; x_wconf 75' lang='grc' dir='ltr'>συντέλειάν</span> <span class='ocrx_word' id='word_1_698' title='bbox 1614 5605 1758 5659; x_wconf 84' lang='grc' dir='ltr'>ἐστιν</span> <span class='ocrx_word' id='word_1_699' title='bbox 1784 5605 1930 5675; x_wconf 83' lang='grc' dir='ltr'>είρη-</span> 
     </span>
    </p>
   </div>
  </div>
