4004 6212
424 282 580 343 1.1051
1076 334 1079 337 .
1323 286 1379 341 S.
1424 286 1791 344 ATHANASII
1832 290 1980 349 OPP.

2090 295 2204 349 lRS
2244 294 2331 352 Ill.
2371 325 2441 339 —-
2479 293 2888 351 EXEGETICA.
3531 296 3671 355 1052

513 400 565 454 9.
594 400 637 453 Λ
666 401 888 458 vocibus
920 418 1185 473 aquarum
1219 406 1542 463 multarum.
2034 421 2081 476 Α

2034 421 2081 476 Α
2181 417 2233 473 9.
2276 417 2408 473 Ἀπὸ
2428 417 2622 488 φωνῶν
2649 417 2855 471 ὑδάτων
2882 416 3107 470 πολλῶν.

515 495 604 551 10.
640 495 914 553 Mirabiles
942 496 1207 553 elationes
1235 498 1436 554 maris:

2180 510 2266 566 10.
2298 510 2614 581 Θαυμαστοὶ
2640 513 2689 564 oi
2717 509 3081 583 μετεωρισμώ
3111 509 3211 579 τῆς
3236 510 3508 583 θαλάσσης
3531 528 3545 542 ·

511 587 597 641 11.
632 586 898 647 Mirabilis
932 591 988 645 in
1016 592 1141 647 altis
1169 590 1454 650 Dominus.

2180 602 2267 656 11.
2298 602 2623 672 Θαυμαστὸς
2647 603 2705 655 ὲν
2732 601 2951 673 ὑψηλοῖς
2979 601 3007 654 ὁ
3039 600 3257 673 Κύριος.

516 679 604 735 12.
648 678 979 738 Testimonia
1018 692 1108 738 tua
1147 685 1424 740 credibilia
1458 685 1600 741 facta
1630 696 1756 742 sunt
1794 688 1999 744 nimis:

1912 688 1959 744 is
1987 708 1999 743 :
2181 692 2269 746 12.
2303 691 2385 745 Τὰ
2418 692 2693 765 μαρτύριά
2725 708 2816 745 σου
2848 690 3220 764 ἐπιστώθησαν
3252 692 3452 763 σφόδρα
3474 709 3489 723 ·

512 772 600 826 13.
632 770 866 826 Domum
899 781 1045 829 tuam
1093 773 1247 831 decet
1290 776 1620 843 sanctitudo,
1663 776 1909 847 Domine,
1952 780 2003 834 in

2174 785 2262 839 15.
2297 785 2388 857 Τῷ
2411 785 2545 858 οἴκῳ
2576 803 2669 840 σου
2691 784 2890 858 πρέπει
2923 784 3185 855 ἀγίασμα,
3208 783 3398 855 Κύριε,
3450 785 3529 847 είς
3574 802 3669 854 μα-

439 859 831 933 longitudinem
866 863 1076 919 dierum
1089 905 1103 921 .

1039 881 1076 919 at
1089 905 1103 921 .
2108 876 2347 948 κρότητα
2377 877 2620 948 ἡμερῶν.

510 973 760 1031 Psalmus
798 974 967 1031 David
988 987 1182 1047 quarta
1204 976 1448 1033 Sabbati.
1476 977 1675 1035 PSAL.
1714 979 1765 1035 Χ
1769 978 1845 1035 CI
1851 980 1877 1033 1
1887 978 1934 1034 1.

1906 978 1934 1034 ν,
2287 967 2535 1037 Ψαλμὸς
2572 966 2652 1033 τῷ
2687 965 2872 1092 iugali
2898 965 3127 1106 titlefidt
3170 964 3487 1020 Σαϐϐάτου.

511 1129 562 1183 1.
591 1127 733 1185 Deus
758 1130 1025 1186 ultionum
1053 1131 1334 1199 Dominus,
1361 1133 1504 1190 Dens
1534 1134 1802 1190 ultionum
1834 1133 2004 1189 libere

2179 1129 2230 1182 1.
2266 1128 2399 1195 Θεὸς
2425 1129 2755 1201 ὲκδικήσεων
2798 1128 3001 1201 Κύριος
3022 1167 3038 1195 ,
3065 1127 3198 1192 Θεὸς
3231 1129 3309 1200 (α)
3336 1128 3672 1200 ὲκδικήσεων

442 1217 572 1288 egit.

2106 1219 2572 1292 ἐπαρρησιάσατο.

508 1310 564 1362 2.
599 1308 872 1375 Exaltare,
901 1313 994 1380 qui
1026 1313 1237 1383 iudicas
1263 1324 1462 1369 terram
1495 1333 1507 1368 :

2177 1310 2230 1363 2.
2273 1308 2562 1381 ’Υψὼθητι,
2588 1312 2616 1363 ὁ
2641 1311 2837 1381 κρίνων
2863 1311 2959 1381 τὴν
2987 1310 3088 1380 γῆν
3107 1327 3121 1341 ·

508 1399 564 1455 5.
596 1398 782 1457 Redde
812 1404 1221 1460 retributionem
1254 1406 1523 1474 superbis.

2178 1399 2231 1453 5.
2277 1399 2497 1463 ’Δπόδος
2522 1398 2873 1454 ἀνταπόδοσιν
2901 1402 3011 1463 τοῖς
3034 1399 3418 1471 ὑπερηφανοις.

505 1492 561 1546 4.
601 1490 894 1563 Usquequo
933 1505 1268 1565 peccatores,
1294 1496 1566 1552 Domine?

2178 1485 2231 1539 4.
2265 1486 2412 1550 Ἕως
2443 1487 2572 1539 πότε
2606 1486 2941 1559 ἁμαρτωλοὶ,
2970 1488 3172 1560 Κύριε;

513 1580 567 1634 5.
609 1579 902 1654 Usquequo
933 1595 1242 1654 peccatores
1269 1586 1684 1657 gloriabuntur?

2176 1575 2229 1630 5.
2260 1576 2406 1638 Ἕως
2441 1576 2573 1629 πότε
2602 1575 2916 1648 ἁμαρτωλοὶ
2956 1577 3347 1648 καυχήσονται;

510 1671 565 1728 6.
601 1672 919 1730 Eﬂ'abuntur
947 1685 1000 1730 et
1026 1679 1316 1748 loquentur
1342 1679 1681 1748 iniquitatem

2175 1667 2226 1722 6.
2258 1666 2583 1737 Φθέγξονται
2610 1668 2702 1722 καὶ
2729 1668 3046 1740 λαλήσουσιν
3079 1667 3321 1734 ἀδικίαν;

505 1761 562 1817 7.
599 1761 916 1835 Loquentur
944 1782 1154 1835 omnes,
1195 1769 1289 1839 qui
1322 1779 1618 1838 Operantur
1656 1767 1993 1838 iniustitiam.
2033 1757 2075 1816 Β

2180 1765 2233 1817 7.
2267 1764 2572 1836 Λαλήσουσι
2603 1765 2802 1828 πάντες
2829 1765 2878 1817 οἱ
2912 1762 3263 1834 ἐργαζόμενοι
3293 1762 3391 1834 τὴν
3414 1778 3656 1834 ανομιαν.

508 1851 566 1908 8.
601 1853 863 1926 Populum
901 1867 1074 1924 tuum,
1111 1860 1358 1928 Domine,
1394 1863 1854 1919 lmmiliaverunt:

1758 1872 1816 1917 nt
1842 1880 1854 1916 :
2176 1854 2229 1909 8.
2265 1855 2368 1908 Τὸν
2405 1856 2531 1910 λαόν
2559 1872 2676 1921 σου,
2704 1854 2899 1928 Κύριε,
2934 1854 3296 1909 ἐταπείνωσαν
3320 1870 3332 1882 ·

505 1943 560 1998 9.
593 1943 660 1999 Et
689 1947 1051 2006 haereditatem
1079 1960 1225 2004 tuam
1254 1961 1599 2008 vexaverunt.

2175 1952 2226 2007 9.
2258 1951 2367 2003 Καὶ
2397 1950 2494 2021 τὴν
2528 1950 2891 2022 κληρονομίαν
2922 1966 3015 2003 σου
3043 1948 3344 2005 ἐκάκωσαν.

511 2034 600 2088 10.
632 2035 887 2105 Viduam,
919 2047 973 2093 et
1002 2042 1260 2110 pupillum
1293 2043 1675 2097 interfecerunt
1704 2061 1716 2096 :
1773 2074 1795 2089 -

1704 2061 1716 2096 :
1773 2074 1795 2089 ι-
2180 2042 2264 2095 10.
2296 2044 2485 2114 Χήραν
2514 2042 2608 2095 καὶ
2641 2041 2871 2112 ὀρφανὸν
2900 2041 3220 2095 ἀπέκτειναν
3242 2058 3256 2071 ·

511 2168 585 2241 (a)
616 2167 771 2226 Vers.
805 2171 861 2225 2.
899 2170 956 2225 '0
986 2173 1136 2240 Θεὸς,
1164 2182 1267 2228 etc.

1548 2281 1921 2339 ATHANASII
1960 2280 2548 2338 INTERPRETATIO.

513 2434 567 2490 9.
599 2433 646 2487 A
685 2435 935 2491 doctrina
978 2436 1142 2507 hujus
1176 2438 1384 2506 mundi,
1416 2438 1621 2494 scilicet
1663 2454 1693 2493 a
1737 2437 2000 2510 sapientia

2175 2436 2227 2492 9.
2280 2434 2412 2488 Ἀισιὸ
2443 2434 2541 2505 τῆς
2571 2434 2792 2506 διδαχῆς
2835 2437 2934 2506 τῆς
2963 2436 3021 2489 ἐν
3048 2433 3124 2505 τῷ
3169 2434 3389 2505 κόσμῳ,
3424 2433 3655 2488 τουτέστι

434 2524 734 2583 mundana.

2100 2529 2199 2600 τῆς
2230 2528 2419 2597 σοφίας
2438 2527 2539 2598 τῆς
2563 2528 2620 2580 ὲν
2648 2525 2725 2596 τῷ
2756 2526 2961 2597 κόσμῳ.

504 2617 591 2672 10.
622 2617 920 2675 Gloriﬂcati
956 2620 1131 2676 sancti
1170 2620 1225 2675 in
1252 2621 1477 2677 mundo.

2177 2622 2261 2677 10.
2291 2619 2676 2691 Δεδοξασμένοι
2698 2621 2747 2673 oi
2769 2620 2913 2689 ἆγιοι
2940 2620 2998 2673 ὲν
3029 2619 3104 2691 τῷ
3125 2619 3312 2691 κόσμῳ

511 2709 595 2763 11.
634 2708 980 2766 Gloriticatus
1009 2711 1066 2766 in
1099 2713 1300 2768 sanctis
1334 2712 1617 2770 Dominus.

2178 2712 2260 2765 11.
2293 2710 2682 2782 Δεδοξασμένος
2702 2714 2761 2766 ὲν
2783 2714 2896 2775 τοῖς
2918 2711 3092 2779 ἁγίοις
3115 2713 3143 2765 ὁ
3164 2709 3382 2782 Κύριος.

505 2800 589 2854 12.
621 2790 911 2858 Passiones
946 2812 1052 2857 tuae
1089 2805 1309 2859 creditae
1331 2805 1541 2859 suntin
1574 2803 1797 2859 mundo.

2175 2802 2261 2856 12.
2292 2802 2372 2857 Τὰ
2404 2801 2703 2874 παθήματά
2723 2819 2816 2856 σου
2848 2802 3242 2875 ἐπιστεύθησαν
3264 2804 3322 2856 ὲν
3351 2801 3429 2874 τῷ
3450 2803 3650 2873 κόσμῳ.

504 2890 590 2943 15.
637 2889 903 2962 Populum
952 2901 1105 2948 tuum
1152 2893 1306 2949 decet
1351 2894 1523 2964 gratia
1568 2902 1657 2949 tua
1692 2894 1745 2948 in
1788 2892 1995 2948 inﬁnita

2171 2892 2255 2946 15.
2285 2890 2372 2961 Τῷ
2401 2890 2514 2962 λαῷ
2545 2908 2636 2944 σου
2677 2892 2871 2961 πρέπει
2909 2893 2942 2962 ἡ
2975 2891 3132 2963 χάρις
3182 2909 3274 2946 σου
3316 2894 3395 2956 είς
3416 2891 3543 2956 τοὺς
3579 2890 3653 2964 (1)

432 2980 652 3035 saecula.
682 2985 688 2991 '

2103 2982 2490 3053 ἅτελευτήτους
2514 2981 2734 3046 αἰῶνας.

513 3075 577 3127 Ἥ
604 3076 936 3147 προκειμένη
966 3077 1244 3149 ἐπιγραφὴ
1268 3077 1509 3149 περιέχει
1534 3077 1610 3147 (2)
1635 3095 1648 3109 ·
1686 3078 1930 3146 Ψαλμύς
1956 3075 2036 3140 τῷ
2059 3074 2238 3128 Δαϐίδ
2266 3073 2498 3143 τετράδι
2523 3074 2825 3130 Σαϐϐάτου
2849 3092 2862 3105 ·
2908 3077 2984 3141 ὡς
3017 3078 3273 3142 πολλάκις
3322 3079 3618 3151 εἰρήκαμεν
3637 3093 3651 3109 ο

435 3171 683 3239 Ψαλμὸς
713 3169 814 3243 [τῷ
834 3173 1030 3241 Δαϐίδ,
1071 3173 1335 3246 τουτέστι]
1363 3171 1440 3239 τῷ
1466 3172 1648 3239 ἰκανῷ
1678 3173 1753 3242 τῇ
1776 3173 1945 3242 χειρὶ,
1973 3172 2218 3226 τουτέστι
2241 3170 2319 3242 τῷ
2342 3170 2453 3242 Υἰῷ
2483 3170 2577 3225 τοῦ
2599 3171 2754 3226 Θεοῦ.
2780 3169 2910 3227 Εἶτα
2938 3173 3169 3242 τετράδι
3189 3173 3657 3246 Σαϐϐάτου,ὄπερ

430 3266 600 3338 δηλοῖ,
634 3267 716 3320 ὅτι
750 3268 878 3338 περ)⁵
905 3268 1165 3338 νηστειῶν
1185 3271 1278 3322 καὶ
1309 3270 1633 3342 ἐγκρατείας
1676 3268 1826 3339 δηλοῖ
1856 3270 1885 3320 ὁ
1933 3266 2147 3339 ψαλμός
2165 3283 2179 3297 ·
2207 3264 2378 3327 οῦτως
2393 3262 2502 3335 γὰρ
2526 3262 2598 3334 (5)
2624 3262 2745 3328 ἔθος
2782 3264 2925 3335 ἔχειν
2954 3265 3052 3336 τὴν
3082 3266 3336 3336 τετράδα.
3370 3268 3479 3322 Τοῦ
3504 3266 3562 3323 δὲ
3582 3265 3655 3339 (4)

431 3360 735 3417 Σαϐὄὰτου
766 3359 1037 3429 σημαίνει,
1070 3360 1152 3414 ὅτι
1189 3361 1431 3431 καὶπερὶ
1462 3360 1564 3430 τῆς
1598 3359 1895 3431 μελλούσης
1923 3360 2157 3432 κρίσεως
2188 3358 2218 3411 ὁ
2237 3354 2447 3426 ψαλμδς
2472 3353 2686 3425 εἴρηται
2712 3354 2811 3426 (5).
2835 3355 3189 3421 Κατάπαυσις
3217 3357 3325 3430 γὰρ
3353 3358 3413 3413 τὸ
3446 3360 3655 3415 Σάϐϐα-

430 3470 523 3509 τον
552 3452 785 3509 εἴρηται.

504 3469 1084 3609 31'initiis“ingeniosa(us
1109 3536 1349 3591 continet
1376 3551 1391 3601 ;
1426 3534 1673 3590 Psalmus
1706 3535 1877 3591 David
1901 3546 2098 3606 quarta
2127 3534 2377 3591 Sabbati:
2403 3547 2460 3592 ut
2491 3537 2688 3608 saepius
2716 3538 2957 3595 diximus
2982 3556 2997 3595 :
3029 3538 3278 3596 Paulinus
3320 3540 3513 3611 David,
3555 3547 3655 3604 hoc

433 3643 537 3694 est.
572 3651 731 3688 manu
754 3632 908 3703 forti,
935 3646 1128 3703 nempe
1166 3628 1259 3686 Dei
1291 3629 1449 3685 Filio.
1493 3629 1693 3686 Deinde
1715 3641 1908 3702 quarta
1946 3631 2187 3697 Sabbati,
2219 3631 2362 3702 quod
2407 3632 2695 3703 signiﬁcat,
2735 3635 3005 3704 psalmum
3033 3651 3193 3707 agere
3215 3638 3280 3694 de
3328 3639 3573 3712 jejuniis,
3605 3654 3655 3699 ρι

433 3727 795 3791 continentia;
852 3724 923 3777 ita
964 3724 1108 3777 enim
1162 3738 1278 3777 mos
1319 3733 1403 3777 cst
1443 3722 1686 3792 accipere
1751 3738 2037 3777 numerum
2088 3723 2519 3793 quaternarium.
2564 3722 2739 3780 Dictio
2783 3736 2963 3782 autem
3023 3727 3115 3783 illa
3147 3726 3369 3784 Sabbati
3418 3733 3649 3799 indicat,

434 3821 580 3892 quod
608 3819 770 3874 etiam
808 3818 874 3872 de
906 3815 1085 3871 futuro
1126 3816 1331 3886 judicio
1363 3816 1601 3886 psalmus
1640 3816 1819 3871 dictus
1845 3826 1947 3872 est.
1988 3817 2281 3872 Sabbatum
2321 3815 2468 3871 enim
2502 3817 2717 3887 requies
2744 3819 3126 3890 interpretatur

505 3914 559 3969 1.
610 3910 930 3980 Unigenitus
981 3908 1074 3964 Dei
1123 3907 1311 3971 Filius,
1362 3910 1579 3980 quando
1627 3911 1776 3965 visus
1813 3918 1896 3964 est
1944 3911 1997 3963 in
2026 3918 2068 3974 ί]

2171 3910 2221 3964 1.
2266 3912 2323 3965 Ὀ
2362 3912 2652 3984 μονογενής
2667 3912 2794 3977 Υἱὸς
2819 3912 2910 3966 τοῦ
2932 3913 3088 3979 Θεοῦ,
3111 3914 3198 3975 ὅτε
3223 3912 3299 3985 (6)
3323 3915 3417 3968 ἐπὶ
3443 3917 3540 3988 τῆς
3553 3917 3649 3988 γῆς

434 4013 598 4070 terra,
620 4012 674 4058 et
707 4017 828 4056 cum
859 4000 1166 4056 hominibus
1194 4010 1544 4056 conversatus
1581 4009 1664 4056 est
1689 4002 1754 4065 “,
1791 4000 2004 4055 dicebat

2099 4001 2250 4075 ὤφθη
2281 4005 2374 4058 καὶ
2402 4007 2513 4069 τοῖς
2535 4003 2843 4077 ἀνθρώποις
2869 4004 3293 4077 συνανεστράφη,
3337 4004 3520 4076 ἔλεγεν
3546 4011 3649 4073 τοῖς

433 4094 745 4151 Iudaeorum
782 4092 1149 4149 sacerdotibus
1174 4109 1186 4145 :
1215 4089 1327 4162 Ego
1356 4091 1536 4161 palam
1564 4090 1768 4145 loculus
1797 4108 1912 4147 sum
1939 4090 1995 4144 in

2096 4094 2205 4148 τῶν
2250 4095 2515 4150 Ἰουδαίων
2561 4095 2935 4168 ἀρχιερεῦσιν·
2995 4095 3134 4167 Ἐγὼ
3175 4098 3482 4169 παρῤησίᾳ
3522 4099 3652 4156 ἐλά·

437 4187 628 4257 templo
656 4186 722 4236 ⁸⁸.

2094 4188 2264 4253 λησα
2286 4187 2355 4239 ἐν
2376 4184 2455 4251 τῷ
2496 4186 2647 4255 ἱερῷ.

504 4278 559 4331 2.
593 4276 923 4339 Gloriﬁcare,
948 4270 1051 4329 Fiii
1079 4275 1195 4332 Dei.

2165 4277 2221 4330 2.
2256 4275 2572 4346 Δοξάσθητι,
2607 4279 2634 4329 ὁ
2669 4276 2794 4340 Υἱὸς
2823 4277 2916 4330 τοῦ
2949 4276 3106 4334 Θεοῦ.

504 4371 557 4424 '5.
591 4370 651 4422 In
690 4367 778 4421 die
805 4367 1016 4437 judicii.

2169 4367 2222 4421 5.
2271 4367 2357 4419 Ἐν
2385 4369 2452 4437 τῇ
2484 4365 2665 4438 ἡμέρᾳ
2687 4367 2786 4436 τῆς
2815 4367 3063 4439 κρίσεως.

506 4461 560 4514 4.
599 4458 1007 4513 Deliciabuntur
1039 4458 1093 4511 in
1119 4457 1361 4511 mundo?

2166 4458 2221 4513 4.
2268 4458 2605 4530 Ἐντρυφῶσι
2624 4457 2701 4529 τῷ
2730 4459 2917 4531 κόσμῳ
2943 4476 2957 4524 ;

507 4553 561 4608 5.
602 4552 658 4606 ln
685 4550 965 4620 iactantia,
1002 4558 1056 4606 et
1082 4549 1285 4619 rapinis
1311 4550 1445 4606 suis.

2167 4551 2221 4605 5.
2262 4526 2483 4621 Ἐπὶ-τῇ
2503 4526 2788 4620 ἀλαζονείᾳ
2820 4526 2915 4603 κα).
2940 4552 3156 4624 ἁρπαγῇ
3196 4551 3396 4608 αὐτῶν.

405 4628 408 4637 ’
507 4642 561 4698 6.
592 4641 795 4696 Contra
825 4650 896 4708 te,
939 4640 1184 4696 Domine.

2134 4638 2217 4692 ‘6.
2252 4637 2409 4691 Κατὰ
2446 4638 2561 4704 σοῦ,
2593 4637 2763 4709 Κύριε
2797 4638 2894 4708 (7).

507 4733 561 4788 7.
592 4733 978 4790 Gloriabuntur
1008 4732 1063 4787 in
1095 4732 1375 4803 jactantiis
1415 4731 1550 4788 suis.

2162 4727 2215 4782 7.
2249 4730 2624 4800 Καυχήσονται
2653 4731 2710 4783 ὲν
2736 4731 2857 4793 ταῖς
2886 4730 3217 4796 ἀλαζονείαις
3241 4732 3438 4789 αὐτῶν.

442 4830 451 4837 ’
508 4825 563 4879 8.
594 4823 883 4879 Credentes
920 4824 976 4877 in
1009 4835 1059 4877 te
1086 4821 1415 4877 occiderunt.

2169 4819 2224 4873 8.
2260 4820 2398 4884 Τοὺς
2425 4821 2773 4886 πιστεύοντας
2799 4824 2878 4885 είς
2904 4823 2963 4875 σὲ
2984 4822 3322 4878 ἀπέκτειναν.

508 4917 561 4971 9.
599 4914 825 4972 Sanctos
854 4924 973 4971 tuos
1002 4915 1057 4969 in
1093 4915 1402 4970 carceribus
1428 4912 1826 4969 concluserunt.

2169 4912 2223 4966 9.
2256 4911 2394 4974 Τοὺς
2427 4911 2613 4980 ἁγίους
2644 4928 2737 4965 σου
2768 4916 2825 4967 ὲν
2850 4913 3114 4983 φυλακαῖς
3145 4914 3514 4971 κατέκλεισαν.

508 5007 596 5063 10.
632 5006 841 5078 Egenos
877 5006 1059 5078 populi
1095 5005 1193 5062 tui.

2173 5004 2258 5059 10.
2295 5005 2431 5069 Τοὺς
2463 5004 2707 5076 πτωχοὺς
2738 5005 2833 5058 τοῦ
2858 5006 2985 5060 λαοῦ
3018 5023 3126 5061 σου.

438 5217 465 5272 ³
507 5145 556 5180 ⁸⁸
588 5147 798 5202 Baruch
824 5162 938 5273 231,
985 5144 1076 5203 '58.
1181 5147 1223 5179 ¹⁸
1259 5145 1370 5217 Ego
1414 5145 1595 5217 palam
1628 5145 1832 5200 locutus
1868 5160 1986 5198 sum
2018 5143 2213 5197 mundo
2238 5158 2259 5196 .'
2299 5158 2390 5211 ego
2421 5157 2624 5211 semper
2655 5143 2814 5199 docui
2857 5146 2913 5198 in
2946 5153 3312 5213 synagoga,.et
3343 5144 3399 5198 in
3446 5143 3643 5214 templo.

472 5233 595 5273 oan.
632 5233 785 5273 ινιιι.
902 5258 916 5273 .

472 5233 595 5274 oan.
632 5233 785 5283 xvni,
824 5233 916 5273 zu.

1379 5309 1688 5375 Addenda
1711 5315 1772 5373 et
1794 5305 2169 5388 corrigenda
2201 5322 2279 5368 ex
2307 5303 2442 5366 cod.
2475 5305 2670 5367 Vatia.

533 5433 589 5504 1)
621 5435 686 5487 Ν.
726 5435 811 5489 14.
843 5437 938 5500 Εἰς
957 5437 1101 5500 τούς,
1128 5444 1232 5492 etc.
2027 5440 2072 5498 ο

2027 5440 2072 5498 D
2170 5433 2245 5499 (5)
2280 5432 2343 5504 (Ὀ
2369 5431 2582 5504 ψαλμὺς
2619 5431 2853 5504 εἴρηκεν.

406 5502 415 5542 ⁵
529 5496 587 5584 ἓ)
624 5504 801 5584 2ίριά
829 5496 931 5584 τῆξ
953 5496 1314 5577 κιννᾶϐἀιτως
1344 5523 1469 5579 περ.
2028 5496 2055 5498 “
2170 5496 2247 5584 (6)
2277 5503 2344 5556 Ν.
2467 5496 2617 5584 ’ίῳ-εξ,
2833 5501 3040 5584 ξΕλεγεΔ
3074 5500 3182 5574 γὰρ
3226 5502 3339 5566 τοῖς
3375 5516 3430 5558 τ.
3495 5499 3556 5559 Ἰ.
3579 5496 3648 5559 il-

526 5570 589 5646 ἒ)
624 5572 793 5646 Τςλῦςεο
824 5570 951 5645 γάρ.
982 5586 1089 5633 etc.
1182 5570 1194 5577 ’
1420 5570 1430 5579 ’
1670 5612 1683 5626 ι
2105 5612 2107 5645 λ

1670 5612 1683 5626 .
2105 5570 2307 5646 ρεῦσιν,
2343 5581 2448 5646 etc.
2476 5571 2540 5627 Ν.
2569 5574 2621 5627 5.
2641 5570 2970 5646 ΑΔοξάσθητι,
2995 5580 3096 5627 ctc.

525 5639 589 5710 μ)
616 5640 686 5692 Δέ
710 5639 875 5698 deest.
904 5639 914 5645 ’
2105 5640 2106 5643 “

2105 5639 2118 5646 ’
2180 5643 2250 5716 (7)
2280 5644 2473 5710 Κύριε,
2501 5658 2604 5697 non
2641 5643 2850 5709 legitur.
