4004 6212
400 316 538 374 1055
1324 316 1410 369 DE
1454 314 1727 370 TlTULlS
1765 308 2210 368 PSALMORUM.
2241 337 2311 347 —
2343 304 2538 360 PSAL.
2579 300 2760 358 XCIII.
3483 294 3621 352 1354

477 437 559 491 11.
586 438 692 491 1ίαί¹
725 441 1056 510 προσήλυτον
1086 440 1397 507 ἐφόνευσαν.
1988 441 2034 495 Α

1387 481 1397 490 .
1988 441 2034 495 Α
2134 433 2218 486 11.
2248 429 2313 484 Et
2343 431 2602 484 advenam
2629 425 2962 481 occiderunt.

472 531 558 584 12.
597 532 704 584 Καὶ
738 527 886 584 εἷπον
911 548 926 563 ⁸
959 533 1071 584 Ούκ
1103 531 1292 600 ὄψεται
1318 530 1522 602 Κύριος
1548 548 1561 560 θ

2133 524 2218 577 12.
2258 522 2321 576 Et
2350 521 2602 576 dixerunt
2627 538 2638 574 :
2671 517 2789 573 Non
2814 515 3015 573 videbit
3043 511 3301 570 Dominus
3326 528 3341 567 :

476 621 564 674 15.
594 621 727 674 υύδὲ
753 622 971 694 συνήσει
995 623 1023 674 ὀ
1048 621 1179 685 Θεὸς
1204 620 1296 674 τοῦ
1339 619 1551 673 Ἰακώϐ.
1963 657 1965 660 ‹

1511 620 1551 672 5.
1963 657 1965 660 ‹
2138 615 2221 669 15.
2241 612 2422 681 Neque
2463 611 2720 680 intelliget
2742 608 2885 662 Deus
2909 605 3092 660 Jacob.

474 713 560 766 14.
591 713 784 766 Σύνετε
804 713 888 785 δὴ,
927 714 1176 784 ἄφρονες,
1203 716 1258 766 ὲν
1293 712 1368 783 τῷ
1391 711 1503 782 λαῷ
1526 729 1541 746 ο

2134 704 2223 757 14.
2261 701 2562 770 lntelligite,
2594 699 2909 768 insipientes
2939 697 2992 750 in
3029 696 3257 766 populo:

474 803 560 858 15.
591 806 699 857 Καὶ
725 807 896 876 μωροὶ
918 805 1067 868 ποτὲ,
1098 805 1424 875 φρονήσατε.

2137 792 2226 846 15.
2260 791 2325 846 Ει
2355 791 2502 847 stulti
2529 791 2838 859 aliquando,
2863 788 3055 858 sapite.

475 895 562 950 16.
609 896 668 949 '0
694 896 963 965 φυτεύσας
984 898 1043 950 τὸ
1066 892 1157 960 οὖς
1185 897 1303 966 οὐχὶ
1334 894 1516 948 ἀκούει
1538 911 1553 960 ;

2135 883 2222 937 16.
2257 882 2358 949 Qui
2395 882 2654 952 plantavit
2681 896 2890 941 aurem,
2925 894 3030 933 non
3054 877 3246 933 audit?

475 989 561 1040 17.
593 989 665 1041 ’Ἡ
689 989 716 1041 ὁ
745 987 954 1051 πλάσας
977 987 1067 1040 τὸν
1086 987 1362 1058 ὀφθαλμὸν
1388 987 1508 1056 ούχὶ
1532 985 1786 1037 κατανοεῖ
1809 999 1824 1049 ;

2133 972 2221 1027 17.
2256 974 2364 1026 Aut
2387 972 2480 1042 qui
2507 972 2663 1026 tinxit
2695 971 2937 1033 oculum,
2965 984 3072 1022 non
3102 968 3450 1024 considerat?

475 1081 560 1136 18.
600 1082 658 1134 Ὁ
689 1081 956 1135 παιδεύων
979 1080 1103 1152 ἔθνη
1137 1080 1256 1151 οὐχὶ
1297 1079 1536 1147 ὲλέγξει;

2135 1064 2223 1118 18.
2262 1063 2367 1130 Qui
2402 1065 2630 1133 corripit
2655 1073 2862 1134 gentes,
2897 1077 3004 1115 non
3037 1061 3265 1131 arguet?

475 1172 562 1226 19.
605 1173 662 1226 '0
687 1172 952 1226 διδάσκων
979 1151 1260 1243 ἄνθρωπον
1293 1170 1524 1240 γνῶσιν;

2137 1156 2222 1210 19.
2252 1153 2356 1220 Qui
2387 1155 2543 1210 docet
2571 1155 2842 1208 hominem
2877 1151 3196 1207 scientiam?

474 1263 562 1317 20.
588 1261 791 1334 Κύριος
811 1261 1065 1331 γινώσκει
1085 1261 1209 1326 τοὺς
1229 1260 1606 1332 διαλογισμοὺς
1625 1257 1732 1313 τῶν
1760 1253 1968 1328 ἀνθρώ-

2135 1247 2225 1301 20.
2277 1246 2539 1302 Dominus
2596 1246 2698 1302 scit
2749 1245 3103 1316 COgitationes
3154 1243 3453 1307 hominum,
3488 1255 3616 1311 quo-

404 1372 556 1419 πων,
586 1355 666 1407 ὅτι
700 1355 806 1406 εἰσὶ¹
847 1354 1083 1425 μάταιοι.

996 1372 1083 1406 ιοι.
2068 1340 2213 1393 niam
2241 1354 2392 1393 vanae
2424 1347 2569 1394 sunt.

473 1445 563 1499 21.
593 1424 876 1515 Μακάριος
904 1445 1214 1516 ἄνθρωπος,
1248 1445 1304 1498 ὃν
1331 1444 1395 1498 ἂν
1422 1441 1733 1512 παιδεύσῃς,
1763 1439 1931 1512 Κύριε

2139 1431 2228 1484 21.
2265 1430 2463 1486 Beatus
2503 1431 2687 1494 homo,
2719 1444 2879 1499 quem
2909 1436 2965 1482 tu
2995 1427 3282 1492 erudieris,
3309 1424 3535 1482 Domine
3556 1441 3571 1457 ο

480 1536 570 1591 22.
597 1537 705 1588 Καὶ
743 1538 805 1587 ἐκ
833 1535 926 1588 τοῦ
958 1536 1121 1606 νόμου
1165 1552 1257 1587 σου
1298 1531 1508 1603 διδάξῃς
1539 1530 1715 1584 αὐτόν.

1539 1530 1715 1584 αὐτόν.
2139 1522 2228 1575 22.
2257 1521 2324 1576 Et
2355 1524 2421 1578 de
2443 1525 2556 1594 lege
2580 1533 2670 1577 tua
2693 1523 2944 1576 docueris
2968 1536 3111 1575 eum.

472 1629 560 1683 25.
598 1627 702 1680 Τοῦ
736 1627 970 1699 πραῧναι
1001 1626 1161 1679 αὐτὸν
1195 1626 1285 1694 ἀφ’
1313 1622 1535 1696 ἡμερῶν
1576 1619 1826 1691 πονηρῶν
1848 1635 1862 1650 ⁶

1582 1619 1826 1691 πονηρῶν
1848 1635 1862 1650 ·
2138 1611 2226 1666 25.
2260 1611 2334 1666 Ut
2362 1613 2574 1684 mitiges
2595 1614 2645 1668 ei
2679 1628 2709 1667 a
2740 1612 2932 1667 diebus
2965 1612 3121 1666 malis
3151 1629 3163 1664 :

477 1720 568 1773 21.
598 1720 741 1783 Ἕως
761 1712 820 1773 οὗ
853 1721 1022 1791 ὀρυγῇ
1049 1717 1127 1789 τῷ
1150 1714 1453 1788 ἁμαρτωλῷ
1483 1713 1690 1784 βόθρος.
2004 1779 2041 1791 _

1597 1729 1690 1775 ως.
2004 1779 2041 1791 _
2136 1701 2228 1757 24.
2252 1701 2432 1757 Donec
2453 1701 2689 1756 fodiatur
2717 1701 2985 1771 peccaturi
3011 1699 3178 1754 fovea.

477 1811 566 1865 25.
596 1813 716 1866 Ὀτι
741 1813 842 1867 οὐκ
869 1811 1146 1866 ἀπώσεται
1174 1809 1374 1878 Κύριος
1397 1808 1484 1860 τὸν
1517 1805 1640 1859 λαὸν
1667 1802 1828 1857 αὑτοῦ
1852 1817 1864 1827 ⁸
2004 1779 2042 1833 Β

2004 1779 2042 1833 Β
2139 1793 2229 1850 25.
2264 1792 2402 1859 Quia
2440 1808 2546 1847 non
2585 1793 2805 1863 repellet
2834 1791 3096 1846 Dominus
3127 1791 3332 1854 plebem
3369 1803 3561 1853 suam;

479 1902 569 1956 26.
606 1903 717 1955 Καὶ
746 1901 844 1972 τὴν
871 1900 1230 1972 κληρονομίαν
1258 1896 1420 1951 αὐτοῦ
1451 1897 1550 1948 οὐκ
1572 1891 1970 1962 ἐγκαταλείψει.

1856 1891 1970 1961 ἴψει,
2139 1884 2230 1938 26.
2259 1883 2326 1936 Ει
2357 1884 2724 1939 hereditatem
2757 1898 2910 1937 suam
2954 1898 3059 1936 non
3085 1881 3437 1948 derelinquct.

480 1995 570 2048 27.
607 1996 749 2059 Ἕως
782 1985 842 2047 οὗ
873 1992 1183 2064 δικαιοσύνη
1218 1989 1522 2062 ἐπιστρέψῃ
1551 1989 1630 2052 εἰς
1666 1987 1866 2057 κρίσιν.

2137 1976 2227 2029 27.
2260 1976 2625 2047 Quoadusque
2644 1975 2856 2044 justitia
2882 1983 3222 2029 convertetur
3249 1972 3582 2041 injudicium
3615 1991 3628 2025 :

477 2084 565 2141 28.
593 2086 699 2142 Καὶ
723 2085 969 2140 ὲνόαενοι
995 2084 1161 2154 αὐτῆς
1185 2082 1382 2144 πάντες
1403 2083 1450 2132 οἱ
1473 2080 1645 2143 εὐθεῖς
1668 2080 1732 2148 τῇ
1757 2075 1967 2146 καρδία.

2137 2068 2224 2122 28.
2258 2067 2326 2122 Et
2372 2069 2464 2138 qui
2514 2068 2668 2138 juxta
2712 2067 2857 2120 illam
2899 2081 3123 2131 omnes,
3180 2065 3273 2134 qui
3311 2073 3458 2119 recto
3508 2078 3636 2119 sunt

2070 2162 2253 2215 corde.

487 2258 574 2313 29.
607 2258 702 2323 Τίς
732 2257 1089 2328 ἀναστήσεταί
1141 2274 1226 2309 μοι
1254 2255 1345 2309 ἐπὶ
1376 2249 1822 2322 πονηρευομένοις
1851 2246 1971 2318 [πο-

2146 2252 2235 2306 29.
2273 2253 2407 2318 Quis
2437 2260 2729 2322 consurget
2760 2251 2894 2306 mihi
2919 2251 3182 2306 adversus
3211 2249 3613 2322 malignantes?

415 2349 828 2425 νηρευομένους]
850 2369 864 2416 ;

1524 2478 1893 2535 ΑΤΠᾹΝΑΒΙΙ
1933 2474 2514 2530 INTERPRETATIO.

490 2649 577 2703 11.
600 2647 712 2700 Καὶ
734 2643 838 2698 τῶν
864 2644 1108 2713 πενήτων
1130 2638 1622 2694 κατεδυνάστευσαν

2153 2631 2238 2686 11.
2269 2629 2336 2684 Et
2356 2643 2619 2700 pauperes
2645 2627 2884 2699 potentia
2908 2645 3007 2686 sua
3037 2637 3442 2698 oppresserunt.

491 2738 578 2791 12.
604 2737 678 2790 Ού
714 2738 946 2789 ποιεῖται
973 2733 1229 2806 πρόνοιαν
1261 2729 1368 2782 τῶν
1395 2725 1712 2798 ἀνθρώπων.

1463 2725 1712 2798 θρώπων.
2153 2721 2238 2776 12.
2278 2719 2395 2775 Νοη
2425 2721 2683 2791 prospicit
2717 2720 3044 2777 hominibus.

407 2831 410 2833 “
490 2829 579 2883 15.
615 2828 748 2882 Οὐδὲ
780 2829 890 2880 νοεῖ
913 2826 981 2880 τά
1008 2823 1344 2894 γεγενημένα
1377 2819 1471 2890 (1).

2157 2813 2240 2867 15.
2272 2810 2457 2883 Neque
2484 2829 2606 2882 qnze
2635 2814 2778 2870 facta
2812 2822 2939 2867 sunt
2961 2813 3148 2867 noscit.

492 2917 578 2972 14.
609 2918 879 2989 Νοήσατε,
908 2916 958 2968 οί
987 2915 1238 2982 λέγοντες
1261 2910 1336 2982 (2)
1363 2903 1501 2961 εἶναι
1533 2904 1684 2958 Θεόν.
2005 2950 2048 3009 C

2005 2950 2048 3009 Ο
2153 2905 2242 2960 14.
2278 2903 2582 2978 lntelligite,
2607 2906 2854 2960 dicentes
2879 2921 2984 2960 non
3008 2920 3128 2960 esse
3154 2905 3337 2960 Deum.

493 3011 578 3065 15.
604 3011 712 3064 Καὶ
733 3011 781 3063 οἰ
805 3009 1072 3071 άσύνετοι,
1091 3004 1418 3076 ἀνανήψας-ε.
2007 2995 2048 3009 ν’

2007 2995 2048 3009 ν
2153 2997 2238 3052 15.
2274 2995 2338 3051 Ει
2371 2998 2707 3066 insipientes,
2732 2998 3046 3067 resipiscite.

497 3105 582 3159 16.
629 3105 688 3157 '0
719 3103 1005 3174 ἰασάμενος
1044 3101 1132 3155 τὸν
1178 3098 1358 3152 δοῦλον
1391 3093 1482 3148 τοῦ
1535 3088 1852 3164 ἀρχιερέως,
1893 3088 1982 3174 ὅτε

2153 3087 2237 3143 16.
2292 3088 2394 3155 Qui
2442 3089 2560 3144 solo
2612 3097 2758 3144 tactu
2820 3090 3032 3144 sanavit
3094 3104 3309 3143 servum
3359 3089 3642 3160 principis,

423 3197 629 3266 Πέτρος
661 3173 932 3264 ἀπέκοψεν
953 3191 1114 3246 αὐτοῦ
1145 3189 1206 3242 τὸ
1228 3187 1386 3241 ὠτίον
1408 3185 1561 3257 μόνον
1579 3181 1871 3252 ἁψάμενος,
1889 3173 1984 3228 καὶ

2082 3179 2298 3252 quando
2319 3179 2513 3235 Petrus
2549 3180 2597 3235 ei
2637 3180 2868 3236 abscidit
2912 3180 3208 3236 auriculam
3236 3182 3302 3246 ¹⁸,
3332 3196 3458 3234 num
3507 3181 3639 3250 ipse,

425 3286 505 3354 (5)
534 3285 693 3348 αὐτὸς
723 3285 752 3336 ὁ
783 3285 1070 3354 ἰασάμενος
1086 3278 1194 3352 ἆρα
1223 3280 1322 3332 οὐκ
1352 3275 1573 3338 ἀκούεις

1432 3275 1573 3338 θύεις
2084 3271 2174 3342 qui
2210 3286 2392 3326 aurem
2420 3272 2652 3336 sanavit,
2689 3287 2797 3325 non
2825 3272 3013 3326 auditi

499 3375 584 3428 17.
638 3374 696 3427 ὐ
722 3373 814 3426 τοῦ
858 3375 921 3426 ὲκ
937 3371 1200 3442 γεννητῆς
1221 3365 1422 3437 τυφλοῦ
1455 3363 1532 3434 τῷ
1570 3362 1682 3433 ἰδίῳ
1711 3357 1984 3428 πτύσματι

2155 3366 2241 3420 17.
2275 3363 2378 3431 Qui
2424 3365 2612 3420 oculos
2658 3365 2784 3420 caeci
2819 3379 2850 3419 a
2902 3363 3181 3419 nativitate
3225 3363 3445 3433 proprio
3490 3371 3645 3433 sputo

428 3469 555 3531 τοὺς
582 3465 888 3537 ὀφθαλμοὺς
919 3464 1126 3526 πλάσας
1155 3461 1265 3533 (4);

880 3484 888 3528 ;
919 3464 1126 3526 πλάσας
1155 3461 1265 3533 (4);
2085 3454 2343 3511 formavit
2375 3456 2461 3510 ‘7?

505 3559 592 3627 18,
622 3560 709 3614 19.
751 3559 808 3612 '0
840 3557 1061 3613 ὲνοικῶν
1093 3557 1173 3620 εἰς
1199 3554 1300 3616 τὰς
1333 3549 1552 3622 καρδίας
1576 3546 1683 3600 τῶν
1709 3540 1987 3597 πιστευόν-

2159 3549 2248 3612 18,
2285 3547 2371 3603 19.
2405 3546 2509 3614 Qui
2540 3547 2807 3602 inhabitat
2833 3546 2886 3601 in
2919 3546 3174 3602 cordibus
3218 3544 3550 3600 credentium
3593 3545 3645 3598 in

429 3669 537 3705 των
554 3653 632 3715 εἰς
654 3651 834 3717 αὐτὸν,
860 3651 953 3703 καί
979 3647 1242 3702 διδάσκων
1273 3644 1466 3705 αὐτοὺς
1495 3639 1556 3693 τὸ
1589 3637 1714 3707 Θέλη
1724 3652 1798 3706 μα
1823 3628 1986 3686 αὑτοῦ

2087 3656 2233 3705 eum,
2269 3648 2322 3694 et
2363 3640 2519 3694 docet
2551 3639 2697 3709 ipsos
2744 3638 3073 3692 voluntatem
3105 3652 3282 3699 suam,
3333 3636 3650 3704 redarguere

431 3745 532 3799 οὐκ
561 3745 672 3816 ἔχει
711 3742 924 3812 ἐλέγξαι
953 3743 1098 3812 ὑμᾶς
1127 3741 1184 3792 ἐν
1207 3741 1272 3809 τῇ
1303 3736 1485 3808 ἡμέρᾳ
1520 3732 1620 3802 τῆς
1650 3729 1914 3798 κρίσεως;

1347 3736 1485 3806 μέρᾳ
1520 3732 1620 3802 τῆς
1650 3729 1914 3798 κρίσεως;
2092 3731 2336 3800 nequibit
2369 3745 2462 3784 vos
2488 3730 2542 3783 in
2583 3730 2669 3784 die
2690 3727 2923 3797 judicii?

504 3837 594 3890 20.
623 3837 746 3890 Ὅτι
767 3835 1059 3906 ἀνωφελεῖς
1086 3833 1220 3887 εἰσιν
1245 3832 1298 3884 αἱ
1332 3827 1508 3896 σοφίαι
1533 3823 1641 3876 τῶν
1671 3818 1989 3906 ἀνθρώπων.

1955 3834 1989 3868 ι.
2163 3821 2253 3875 20.
2293 3818 2558 3886 Quoniam
2587 3820 2807 3873 inutiles
2837 3828 2961 3873 sunt
3001 3818 3252 3872 humana:
3281 3817 3536 3871 scientiae.

503 3929 589 3984 21.
613 3929 708 3982 Διὰ
731 3929 826 3998 τῆς
846 3905 1063 4000 χάριτός
1098 3941 1190 3976 σου
1212 3962 1227 3987 ,
1263 3921 1320 3974 ὃν
1349 3919 1414 3973 ἂν
1440 3913 1733 3985 παιδεύσῃς
1760 3905 1994 3976 ἐπιγνῶ-

2163 3911 2252 3966 21.
2285 3909 2455 3976 Quem
2485 3925 2580 3979 per
2615 3909 2842 3978 gratiam
2871 3917 3017 3961 tuam
3056 3905 3322 3961 erudieris
3354 3907 3420 3959 ad
3449 3919 3652 3976 cogno-

435 4040 526 4076 ναι
555 4021 624 4075 τὰ
657 4018 1052 4091 προστάγματά
1082 4032 1173 4068 σου
1192 4056 1207 4079 ,

1145 4032 1173 4068 υ
1192 4056 1207 4079 ,
2097 4004 2291 4061 scenda
2320 4009 2587 4072 praecepta
2612 4010 2723 4063 tua,

513 4112 600 4166 22.
628 4089 864 4176 Διδάξεις
890 4109 965 4179 (5)
1001 4107 1158 4161 αὑτὸν
1183 4093 1446 4158 ἐπιτελεῖν
1472 4096 1629 4151 αύτά.

1576 4096 1629 4150 ά.
2163 4095 2254 4150 22.
2288 4093 2513 4149 Docebis
2538 4107 2662 4147 eum
2701 4091 2886 4146 eadem
2919 4089 3157 4157 implere.

512 4204 600 4258 25.
643 4203 750 4258 Τοῦ
772 4202 869 4273 τὴν
897 4201 1115 4272 εἰρήνην
1145 4214 1237 4250 σου
1277 4193 1457 4248 δοῦναι
1490 4193 1546 4244 ὲν
1572 4191 1637 4259 τῇ
1679 4182 1874 4256 καρδίᾳ
1898 4180 1997 4236 αύ-

1730 4182 1874 4256 ιρδίᾳ
1898 4180 1997 4236 αὖ·
2166 4186 2257 4241 25.
2293 4184 2361 4240 Ut
2388 4185 2483 4240 des
2512 4198 2696 4255 pacem
2732 4192 2877 4236 tuam
2905 4183 2959 4236 in
2986 4181 3145 4236 corde
3172 4179 3311 4249 ejus.

436 4295 534 4350 ’εοῦ
571 4295 666 4350 (Gl.
2031 4289 2076 4346 D

794 4376 854 4438 οὗ
898 4383 959 4436 τὸ
986 4379 1199 4435 αἰώνιον
1228 4376 1338 4449 πῦρ
1377 4374 1593 4444 δέξηται
1620 4370 1707 4424 τὸν
1733 4365 1996 4420 διάϐολον.
2031 4296 2076 4346 D

1887 4365 1996 4420 λον.
2031 4296 2076 4346 D
2165 4365 2256 4421 24.
2281 4364 2464 4419 Donec
2488 4371 2720 4418 aeternus
2751 4361 2892 4433 ignis
2923 4362 3156 4431 excipiat
3179 4359 3468 4414 diabolum.

512 4479 600 4533 25.
635 4478 754 4532 ’Ότι
786 4477 884 4530 οὐκ
911 4472 1188 4546 ἀπορῤίψῃ
1215 4467 1417 4542 Κύριος
1441 4466 1531 4519 τὸν
1553 4464 1678 4518 λαὸν
1711 4458 1893 4515 αὐτοῦ.

2165 4459 2254 4514 25.
2322 4457 2587 4524 Quoniam
2641 4472 2747 4511 non
2807 4456 3024 4525 ahjiciet
3074 4453 3336 4510 Dominus
3399 4453 3654 4523 populum

2099 4567 2277 4607 suum.

515 4658 603 4713 26.
635 4658 746 4710 Καὶ
775 4657 900 4718 τοὺς
921 4653 1110 4719 ἁγίους
1141 4647 1305 4705 αυτοῦ
1335 4647 1395 4700 οὐ
1426 4644 1643 4714 παρίδῃ.

1635 4683 1643 4696 .
2168 4639 2258 4694 26.
2298 4638 2366 4694 Et
2390 4649 2607 4694 sanctos
2638 4653 2767 4694 suos
2795 4652 2904 4691 non
2940 4636 3216 4706 despiciet.

515 4752 604 4806 27.
637 4751 779 4812 Ἕως
800 4742 860 4803 οὗ
880 4751 908 4801 ὁ
932 4746 1058 4809 Υἱὸς
1076 4742 1169 4796 τοῦ
1195 4739 1329 4796 Θεοῦ
1355 4739 1483 4810 ἔλθῃ
1510 4739 1690 4807 κρῖναι
1712 4732 1808 4804 τὴν
1831 4732 2006 4784 οἰκου-

2172 4730 2262 4784 27.
2295 4728 2662 4798 Quoadusque
2693 4725 2784 4782 Dei
2812 4725 2983 4781 Filius
3014 4726 3191 4780 veniet
3223 4724 3286 4779 ad
3310 4722 3660 4793 judicandum

450 4845 637 4916 μένην.

2104 4820 2385 4876 mundum.

517 4907 606 4989 28.
642 4935 750 4987 Καὶ
783 4931 1006 5003 πλησίον
1037 4930 1108 5000 ('7)
1133 4927 1295 4982 αὐτοῦ
1319 4925 1515 4984 πάντες
1553 4921 1603 4972 οἰ
1652 4918 1793 4986 ἅγιοι
1821 4918 2005 4970 αύτου.

1752 4935 1793 4970 οι
1821 4918 2005 4970 αύτου.
2105 4907 2110 4912 ’
2174 4909 2264 4963 28.
2297 4907 2363 4962 Et
2386 4909 2538 4978 juxta
2574 4923 2696 4964 eum
2728 4922 2917 4962 omnes
2947 4907 3119 4961 sancti
3149 4907 3333 4977 ipsius.

519 5027 609 5100 2Q.
646 5026 740 5088 Τίς
767 5026 832 5079 ἂν
857 4997 1052 5095 ’ἔτερος
1070 5019 1200 5092 ἦλθε
1233 5016 1535 5088 πολεμῆσαι
1567 5011 1708 5066 κατὰ
1729 5008 1836 5062 τῶν
1861 5010 2013 5061 ἐναν-

2175 5001 2266 5056 29.
2297 5000 2554 5067 Quisnam
2584 5002 2724 5055 alius
2758 5001 2935 5055 veniet
2977 5001 3042 5054 ad
3087 4997 3431 5069 pugnandum
3473 5002 3662 5054 contra

450 5093 582 5171 τίων
613 5117 892 5188 δυνάμεων
953 5093 961 5095 ⁷

2112 5093 2448 5149 adversarias
2487 5093 2823 5164 potestates?

528 5235 572 5270 ³⁸
608 5229 740 5285 Luc.
781 5243 919 5291 xxii,
948 5225 1036 5290 5ο,
1069 5225 1158 5281 51.
1236 5224 1275 5254 ¹⁷
1302 5221 1457 5279 Joan.
1493 5237 1568 5286 ix,
1605 5219 1658 5283 6,
1691 5219 1739 5272 7.

1402 5337 1424 5372 ⁸
1447 5333 1695 5395 ddenda
1727 5338 1787 5393 et
1818 5321 2187 5403 corrigenda
2217 5337 2294 5382 ex
2323 5322 2462 5383 cod.
2500 5321 2700 5384 Vatic.

528 5493 604 5559 (1)
629 5491 908 5561 Γινόμενᾳ,
2299 5469 2631 5561 ξῐῑλάσαςκῲς
2665 5467 2962 5561 νομίζεται,
2996 5461 3094 5514 οὐκ
3123 5459 3318 5528 ἐφορᾷς

631 5540 1124 5631 λέγοντες.⁸
1151 5623 1162 5631 _
1193 5623 1204 5631 _
1457 5619 1468 5631 Ι
1590 5618 1631 5631 Η
1839 5617 1852 5631 “
1929 5613 1953 5631 ν
2308 5540 2671 5631 ᾗσιὶῇδιδάξας
2691 5580 2703 5601 ,
2739 5545 2844 5591 ete.

640 5613 714 5683 Τὸ
729 5613 1074 5684 ἓήίοναύτοῧ
1103 5623 1374 5694 ἁψάμενος
1405 5619 1561 5690 μόνον
1589 5618 1773 5671 ἰάσατο
1806 5617 1864 5670 τὸ
1897 5613 2007 5679 οὖς.
2296 5613 2498 5700 ἑύτῶν.

459 5663 714 5769 “leuet:
736 5663 892 5684 υιι.υν
912 5663 1074 5683 ιιι-’νυν
1103 5663 1372 5694 νυτνντηε-νιν
1405 5663 1555 5690 ιη”ν
1902 5663 2007 5679 ⁷⁷³*
2297 5663 2670 5749 uliginem,
2703 5685 2829 5738 ουκ,
2861 5675 2906 5728 οἰ
2939 5671 3111 5734 εὑΟεῖς
3133 5671 3197 5739 τῇ
3233 5663 3449 5736 καρδίᾳ.
