4004 6212
367 254 505 310 1055
1211 259 1268 313 S.
1285 258 1288 260 ⁷
1307 258 1677 314 ATHANASll
1717 260 1865 316 OPP.
1908 261 1947 314 P

2015 262 2085 317 ZS
2123 262 2209 318 ΙΙΙ.
2252 295 2318 304 -
2341 264 2754 321 EXEGETICA.
3458 274 3596 330 1656

437 367 525 422 50.
565 367 668 422 Aut
697 367 820 438 quis
867 370 1031 424 stabit
1064 386 1273 425 mecum
1322 371 1582 427 adversus
1640 385 1924 444 operantcs
1955 384 1997 438 Α

2096 379 2185 434 50.
2217 381 2285 432 Ἢ
2317 379 2400 442 τίς
2431 382 2950 452 συμπαραστήσεταί
2985 400 3074 453 μοι
3103 384 3194 438 ἐπὶ
3226 389 3337 451 τοῖς
3370 387 3597 458 ἐργαζο-

365 454 744 527 iniquitatem?

2036 468 2215 535 μένοις
2247 468 2344 539 τὴν
2378 470 2607 539 ἀνομίαν
2624 488 2636 535 ;

439 553 529 606 51.
560 550 674 607 Nisi
709 555 836 624 quia
875 554 1136 611 Dominus
1172 557 1379 626 adjuvit
1423 576 1544 616 me:

2103 557 2193 612 51.
2222 559 2286 610 Εί
2319 557 2393 628 μὴ
2422 559 2503 610 ὅτι
2534 559 2733 631 Κύριος
2760 559 3022 632 ἐϐοήθησέ
3054 577 3171 631 μοι·

444 643 532 698 52.
587 643 755 700 Paulo
804 647 987 703 minus
1038 647 1340 706 habitasset
1386 653 1440 706 in
1492 653 1706 708 inferno
1753 656 1930 708 anima

2103 650 2192 704 52.
2243 650 2400 722 Παρὰ
2437 650 2609 722 βραχὺ
2668 652 2958 724 παρῴκησε
2987 653 3065 725 τῷ
3098 652 3197 725 ᾄδῃ
3226 655 3260 726 ἡ
3292 657 3434 728 ψυχή
3473 674 3592 728 μου.

368 751 510 790 mea.

440 829 527 882 55.
573 827 628 882 Si
655 829 901 884 dicebam
933 847 944 882 :
977 829 1156 886 Motus
1185 843 1269 888 est
1298 848 1392 903 pes
1426 819 1614 889 mens:

2105 827 2194 882 55.
2227 829 2290 880 Ei
2315 827 2500 897 ἔλεγον
2519 846 2532 858 ·
2561 830 2884 884 Σεσάλευται
2908 833 2937 884 6
2958 832 3091 897 ποῦς
3120 851 3221 905 μου
3246 851 3262 866 ·

439 922 526 975 54.
558 920 922 976 Misericordia
960 932 1070 984 tua,
1102 924 1346 988 Domine,
1372 926 1663 996 adjuvabat
1687 945 1790 983 me.

1645 937 1663 982 ι
1687 945 1790 983 τηρ,
2107 918 2198 971 54.
2228 918 2300 971 Τὸ
2328 919 2476 984 ἔλεός
2503 938 2616 988 σου,
2646 921 2839 993 Κύριε,
2867 923 3080 996 ἐϐοήθει
3113 942 3221 996 μοι.

440 1011 526 1065 ’55.
557 1010 864 1065 Secundum
897 1013 1296 1069 multitudinem
1329 1015 1577 1071 dolorum
1615 1034 1855 1072 meorum
1879 1020 1931 1073 in

2107 1009 2196 1064 55.
2227 1011 2383 1064 Κατὰ
2403 1012 2465 1065 τὸ
2497 1011 2700 1083 πλῆθος
2729 1013 2837 1068 τῶν
2863 1014 3062 1068 ὀδυνῶν
3088 1033 3190 1087 μου
3219 1018 3275 1070 ἐν
3306 1021 3370 1088 τῇ
3405 1020 3598 1090 καρδία

370 1105 532 1158 corde
562 1119 701 1169 meo,
755 1105 1158 1162 consolationes
1207 1117 1310 1163 tua:
1365 1109 1776 1164 laetilicavcrunt
1808 1113 1930 1166 ani-

2038 1119 2138 1172 μου
2165 1143 2180 1159 .
2214 1105 2268 1156 αἱ
2305 1102 2680 1175 παρακλήσεις
2723 1121 2816 1156 σου
2845 1103 3118 1177 εὔφραναν
3150 1105 3245 1178 τὴν
3269 1107 3444 1179 ψυχήν
3476 1126 3595 1180 μου.

370 1211 513 1247 mam
545 1211 741 1248 meam.

441 1285 526 1340 56.
555 1285 809 1356 Nunquid
839 1288 1076 1344 adhmret
1107 1291 1202 1345 tibi
1230 1294 1385 1346 sedes
1412 1293 1734 1362 iniquitatis,

2107 1269 2196 1325 56.
2232 1267 2324 1342 Μὴ
2361 1272 2755 1344 συμπροσὲστω
2783 1291 2863 1327 σοι
2889 1273 3072 1346 θρόνος
3097 1275 3355 1346 ἀνομίας,

439 1378 527 1433 57.
553 1377 656 1443 Qui
687 1379 842 1449 [iugis
869 1380 1106 1434 laborem
1140 1383 1192 1434 in
1221 1383 1534 1452 praecepto?

2105 1363 2194 1416 57.
2237 1364 2294 1416 Ὀ
2323 1363 2580 1419 πλάσσων
2606 1365 2772 1420 κόπον
2805 1367 2896 1418 ἐπὶ
2926 1365 3283 1437 πρόσταγμα;

440 1469 528 1524 58.
557 1469 866 1540 Captabunt
896 1471 948 1524 in
974 1472 1210 1525 animam
1238 1473 1370 1541 justi
1397 1492 1410 1527 :

2109 1456 2198 1509 58.
2231 1456 2307 1527 Θη
2319 1456 2602 1527 ρεόσουσιν
2635 1459 2725 1511 ἐπὶ
2752 1457 2924 1528 ψυχὴν
2951 1458 3159 1512 δικαίου
3179 1477 3192 1490 ·

440 1559 532 1614 59.
565 1558 631 1612 Et
656 1559 974 1629 sanguinem
1011 1560 1355 1614 innocentem
1386 1561 1846 1616 condemnabunt.

1638 1561 1846 1616 labant.
2106 1546 2194 1600 59.
2236 1549 2347 1600 Kal.
2379 1543 2517 1618 αἷμα
2551 1550 2724 1604 ἀθῶον
2750 1551 3219 1606 καταδικάσονται.

441 1649 531 1702 40.
570 1646 636 1701 Ει
667 1648 840 1701 factus
875 1656 959 1701 est
986 1648 1119 1701 mihi
1149 1647 1411 1703 Dominus
1446 1649 1499 1701 in
1532 1646 1802 1718 refugium
1829 1665 1844 1702 :

1833 1665 1844 1702 ι
2106 1636 2194 1690 40.
2228 1637 2338 1690 Καὶ
2366 1639 2581 1705 ἐγένετό
2613 1658 2701 1710 μοι
2725 1641 2927 1713 Κύριος
2957 1643 3038 1706 εἰς
3067 1644 3414 1715 καταφυγήν·

441 1733 528 1785 41.
562 1731 629 1784 Et
659 1730 801 1786 Deus
823 1732 1045 1786 meusin
1077 1732 1407 1802 adjutorium
1433 1733 1546 1803 spei
1569 1749 1721 1788 meae.

2108 1729 2199 1782 41.
2231 1731 2342 1782 Καὶ
2365 1733 2393 1783 6
2423 1730 2555 1795 Θεός
2597 1750 2696 1803 μου
2721 1735 2802 1796 είς
2835 1733 3024 1805 βοηθὸν
3055 1734 3268 1799 ἐλπίδος
3299 1753 3418 1806 μου.

442 1823 532 1878 42.
568 1823 634 1878 Ει
660 1825 847 1879 reddet
881 1825 988 1880 illis
1013 1824 1278 1880 Dominus
1304 1825 1653 1900 [secundum]
1681 1826 1937 1898 iniquita-
1965 1811 2010 1870 Β

2106 1819 2195 1873 42.
2234 1821 2342 1873 Καὶ
2384 1821 2648 1876 ἀποδώσει
2684 1824 2864 1889 αὐτοῖς
2913 1823 3116 1895 Κύριος
3153 1823 3250 1896 τὴν
3288 1823 3613 1898 [κατὰξτὴνι

372 1923 480 1968 tem
514 1915 781 1983 ipsorum.

2041 1911 2269 1982 ἀνομίαν
2307 1912 2503 1969 αὐτῶν.

442 2005 531 2058 45.
569 2003 643 2074 (a)
676 2003 743 2058 Et
766 2005 1060 2060 secundum
1089 2006 1347 2060 malitiam
1378 2021 1565 2062 eorum
1597 2025 1610 2062 :

1554 2024 1565 2061 I
1597 2025 1610 2062 :
2111 2002 2200 2058 45.
2237 2003 2347 2056 Kal.
2375 2003 2516 2056 κατὰ
2545 2003 2643 2074 τὴν
2671 2004 2930 2075 πονηρίαν
2960 2004 3135 2058 αὐτῶν

440 2094 530 2148 44.
567 2093 847 2164 Disperdet
876 2096 997 2151 illos
1024 2097 1287 2151 Dominus
1313 2097 1455 2155 Deus
1490 2097 1721 2170 [noster]

2112 2093 2200 2147 44.
2249 2096 2495 2164 Ἀφανιεῖ
2520 2096 2717 2159 αὐτοὺς
2748 2095 2948 2165 Κύριος
2975 2096 3003 2149 6
3028 2095 3160 2161 Θεὸς
3186 2091 3407 2168 [ἡμῶν].

441 2313 518 2386 (a)
545 2313 698 2370 Vers.
728 2315 817 2378 45,
846 2315 934 2380 44,
963 2330 1106 2370 vers.
1138 2330 1301 2370 unus.

1483 2573 1856 2632 ATHANASII
1891 2573 2476 2632 INTERPRETATIO.

436 2752 525 2807 50.
553 2751 661 2806 Αιιι
691 2752 813 2823 quis
841 2753 973 2807 mihi
999 2768 1152 2824 opem
1203 2754 1336 2809 feret
1385 2763 1575 2809 contra
1609 2753 1925 2811 immundos

2105 2755 2193 2810 50.
2221 2756 2294 2809 "H
2319 2757 2402 2819 τίς
2432 2754 2876 2812 συναντελάϐεταί
2903 2753 2976 2827 (1)
3011 2771 3099 2826 μοι
3126 2756 3217 2808 ἐπὶ
3261 2756 3330 2810 τὰ
3363 2755 3605 2828 πνεύμα-

366 2845 593 2914 spiritus
618 2845 641 2898 ?

2031 2866 2102 2903 τα
2135 2849 2419 2921 ἀκάθαρτα
2438 2867 2453 2916 ;

440 2938 529 2992 51.
556 2933 669 2990 Nisi
695 2935 836 2990 Deus
862 2935 956 2990 Dei
984 2935 1155 2990 Filius
1183 2935 1481 3006 adjuvisset
1515 2953 1619 2993 me.

2105 2941 2193 2994 51.
2229 2942 2293 2994 Εί
2327 2941 2401 3013 μὴ
2429 2943 2457 2994 6
2491 2941 2622 3004 Θεὸς
2655 2939 2748 2994 τοῦ
2779 2937 2913 2992 Θεοῦ
2949 2939 3211 3012 ἐϐοήθησε
3241 2958 3351 3012 μοι.

437 3028 526 3083 5‘2.
561 3020 728 3083 Paulo
777 3029 956 3082 minus
990 3028 1410 3097 permansissem
1465 3031 1520 3083 in
1577 3039 1754 3085 morte
1805 3046 1933 3102 pec—

2109 3028 2196 3082 52.
2226 3029 2364 3100 Παρ’
2398 3029 2574 3098 ὀλίγον
2602 3029 2928 3099 ἐναπὲμεινα
2954 3027 3031 3100 τῷ
3053 3030 3267 3101 θανάτῳ
3293 3030 3391 3102 τῆς
3417 3030 3591 3102 ἁμαρ-

367 3121 499 3174 cati.

1980 3179 1996 3180 γ
2035 3115 2175 3180 τίας.

442 3212 528 3266 55.
563 3210 619 3265 Si
647 3211 892 3265 videbam
937 3227 1024 3265 me
1071 3211 1246 3281 ipsum
1289 3211 1342 3264 in
1385 3211 1701 3276 tentationc,
1735 3219 1789 3267 et
1829 3211 1938 3266 cla-
1963 3179 2007 3238 Ο

2104 3179 2191 3262 55.
2229 3208 2292 3260 Εἰ
2322 3207 2548 3260 ἔϐλεπον
2589 3206 2777 3263 ἑαυτὸν
2810 3208 3198 3282 πειραζόμενον
3221 3248 3236 3274 ,
3289 3208 3386 3262 καὶ
3430 3206 3591 3260 ἐϐόων

365 3303 584 3357 mabam
621 3303 685 3356 ad
721 3313 791 3356 te.

721 3313 791 3356 te.
2038 3297 2176 3371 πρὸς
2209 3299 2288 3353 σέ.

438 3394 526 3447 54.
565 3392 676 3446 Nisi
702 3393 791 3446 Dci
827 3391 996 3446 Filius
1025 3393 1228 3462 adjuvit
1262 3408 1366 3446 me.

2105 3390 2194 3444 54.
2224 3392 2286 3443 Εί
2321 3390 2397 3462 (Ξ)
2437 3391 2510 3463 μὴ
2541 3393 2568 3444 6
2591 3391 2719 3455 Υἱὸς
2745 3391 2839 3446 τοῦ
2877 3392 3012 3447 Θεοῦ
3041 3391 3306 3464 ἐϐοήθησέ
3345 3408 3455 3462 μοι.

440 3484 528 3538 55.
553 3483 858 3538 Secundum
885 3485 1280 3539 multitudinem
1314 3485 1748 3542 adversariarum
1788 3494 1939 3556 pote-

2107 3481 2194 3535 55.
2229 3481 2386 3534 Κατὰ
2426 3481 2485 3535 τὸ
2525 3482 2726 3552 πλῆθος
2764 3483 2869 3538 τῶν
2902 3485 3154 3540 ἐναντίων
3186 3482 3465 3554 δυνάμεων
3489 3483 3590 3535 τῶν

371 3587 570 3633 statum
611 3577 1005 3645 insurgentium
1058 3577 1109 3630 in
1154 3577 1316 3632 corde
1368 3593 1486 3632 meo
1531 3577 1936 3646 superabunda-

2037 3573 2477 3644 ἐπανισταμένων
2520 3577 2575 3627 ἐν
2607 3577 2669 3646 τῇ
2700 3575 2895 3648 καρδίᾳ
2941 3593 3042 3648 μου
3073 3575 3588 3648 ὑπερεπερίσσευσεν

370 3669 448 3722 vit
491 3669 660 3738 gratia
713 3678 822 3732 tua,
875 3678 928 3722 ct
961 3669 1185 3738 ejiciens
1235 3669 1450 3723 illorum
1490 3669 1844 3739 cogitationes
1881 3669 1936 3723 in

2036 3668 2070 3737 ἡ
2093 3665 2252 3737 χάρις
2283 3682 2398 3730 σου,
2429 3666 2524 3719 καὶ
2550 3667 2791 3720 ἐκϐαλὼν
2812 3668 2906 3731 τὰς
2933 3667 3153 3721 ἐκείνων
3175 3666 3494 3737 ἐνθυμήσεις
3515 3664 3589 3727 είς

371 3762 611 3819 laetitiam
644 3772 697 3814 et
718 3762 971 3830 gaudium
1019 3762 1254 3816 animam
1288 3777 1463 3817 meam
1499 3762 1783 3816 convertit.

2037 3758 2374 3830 εὐφροσύνην
2409 3759 2501 3812 καί
2531 3758 2704 3829 χαρὰν
2740 3758 3001 3830 μετέϐαλε
3025 3757 3121 3829 τὴν
3149 3757 3323 3828 ψυχήν
3353 3773 3475 3828 μου.

447 3852 534 3907 56.
567 3850 818 3923 Nunquid
867 3853 1137 3909 inhabitat
1177 3854 1230 3908 in
1266 3855 1429 3909 corde
1478 3870 1599 3909 meo
1640 3853 1936 3908 dominatio

2105 3852 2193 3906 56.
2226 3851 2317 3922 Μὴ
2351 3852 2627 3905 ἐνοικείτω
2653 3853 2709 3904 ἐν
2739 3853 2804 3922 τῇ
2836 3850 3031 3924 καρδίᾳ
3076 3867 3177 3921 μου
3202 3848 3482 3904 δυναστεία
3502 3845 3586 3898 τοῦ

371 3944 594 4000 diaboli.

2034 3942 2302 3997 διαϐόλου.

441 4036 530 4090 57.
561 4033 760 4091 Volens
796 4036 959 4090 vitam
1011 4037 1292 4092 instituere
1339 4036 1636 4092 secundum
1673 4035 1768 4091 Dei
1799 4050 1934 4105 prae-

2107 4033 2194 4086 57.
2235 4033 2291 4086 '0
2313 4033 2452 4086 κατὰ
2480 4033 2538 4085 τὸ
2568 4033 2643 4103 (5)
2670 4033 2994 4106 πρόσταγμα
3019 4030 3113 4084 τοῦ
3140 4031 3273 4084 Θεοῦ
3304 4029 3584 4085 ἀσκεῖσθαι

371 4137 543 4197 cepta.

2045 4125 2378 4196 βουλόμενος.

440 4219 529 4272 58.
562 4218 870 4288 Captabunt
917 4217 1063 4273 enim
1113 4218 1412 4285 daemones,
1464 4217 1511 4274 si
1569 4216 1687 4271 ﬁeri
1735 4224 1930 4286 potest,

2103 4214 2190 4268 58.
2228 4213 2562 4285 Θηρεύσουσι
2589 4213 2696 4285 γὰρ
2722 4213 2770 4266 οἱ
2803 4211 3050 4284 δαίμονες
3073 4253 3088 4279 ,
3131 4214 3179 4266 εί
3207 4212 3462 4277 δυνατὸν,
3502 4212 3589 4267 καὶ

371 4311 536 4364 etiam
568 4311 776 4363 animas
809 4310 1009 4378 justas.

1003 4350 1009 4364 .
2031 4307 2210 4379 ψυχὰς
2241 4305 2456 4369 δικαίας
2488 4305 2584 4376 (4).

443 4400 531 4453 59.
571 4399 638 4453 Ει
675 4400 884 4454 animas
933 4408 1246 4456 sanctorum
1282 4410 1536 4472 tanquam
1568 4402 1774 4472 peccati
1812 4417 1931 4458 reas

2102 4400 2190 4455 59.
2223 4401 2332 4452 Καὶ
2366 4398 2461 4461 τὰς
2489 4396 2596 4450 τῶν
2639 4395 2808 4465 ἁγίων
2837 4393 3012 4467 ψυχὰς
3040 4394 3587 4464 συκοφαντοῦσιν,.ὠς

371 4489 870 4546 calumniabuntur.

1961 4512 2006 4566 ι)
2035 4488 2397 4552 ὑποκειμένας
2429 4486 2667 4558 ἁμαρτίᾳ
2699 4485 2796 4556 (5).

442 4579 530 4633 40.
561 4580 640 4632 Ad
666 4580 839 4647 ipsum
871 4579 1014 4633 enim
1059 4580 1375 4652 confugiens
1402 4581 1660 4637 liberatus
1699 4597 1818 4636 sum
1865 4581 1933 4636 ab

2106 4579 2192 4634 40.
2233 4578 2390 4649 Αὐτῷ
2439 4577 2548 4648 γὰρ
2610 4574 2973 4647 προσδραμὼν
3021 4574 3291 4648 ἐρῤύσθην
3330 4576 3392 4629 ἐν.
3419 4575 3493 4648 (6)
3511 4575 3588 4644 ,τῷ

369 4669 606 4724 inimicis
646 4671 802 4725 meis.

791 4709 802 4723 .
2036 4671 2213 4744 ἐχθρῷ
2253 4689 2372 4742 μου.

441 4763 524 4815 41.
564 4761 639 4815 Ex
673 4761 804 4830 ipsis
840 4776 928 4816 me
957 4761 1203 4816 redemit.

2102 4762 2189 4816 41.
2232 4761 2600 4833 Ἐλυτρώσατό
2637 4777 2704 4831 με
2738 4759 2816 4831 (7)
2849 4759 2909 4825 ἐξ
2936 4760 3129 4815 αὐτῶν.

443 4850 533 4903 4‘2.
572 4850 629 4902 In
661 4849 748 4903 die
777 4850 987 4920 judicii.

2103 4851 2193 4905 42.
2226 4853 2314 4904 Ἐν
2348 4855 2413 4922 τῇ
2449 4851 2631 4923 ἡμέρᾳ
2661 4851 2757 4922 τῆς
2785 4851 3030 4924 κρίσεως.

442 4941 531 5003 45,
559 4941 646 4994 44.
684 4939 749 4994 Et
777 4957 1076 4997 secunoum
1111 4958 1298 5000 eorum
1348 4945 1607 5000 malitiam
1660 4947 1833 5002 tradet
1877 4947 1930 5000 in

2101 4944 2191 5009 45,
2219 4944 2306 4996 44.
2336 4943 2447 4995 Καὶ
2497 4943 2636 4996 κατὰ
2669 4942 2767 5014 τὴν
2814 4942 3010 4997 κακίαν
3058 4940 3237 4996 αὐτῶν
3282 4939 3585 5012 παραδώσει

373 5033 698 5105 supplicium
736 5043 1019 5088 mternum.

2035 5036 2113 5098 εἰς
2144 5035 2220 5104 (8)
2259 5036 2476 5088 κόλασιν
2511 5033 2741 5089 αἰώνιον.

1317 5260 1618 5322 Addenda
1648 5267 1707 5320 et
1744 5258 2114 5335 corrigenda
2155 5275 2230 5317 ex
2264 5257 2402 5319 cod.
2443 5257 2639 5318 Vatic.

477 5441 527 5516 1
559 5443 979 5516 ξυναντελάϐετό
1010 5463 1098 5516 μοι
1129 5445 1436 5516 πνεύματα,
1470 5453 1583 5516 _et_c._
1605 5511 1620 5516 Α
2105 5441 2180 5516 (5)
2216 5442 2555 5516 ᾉμαρτίαις..

475 5509 529 5577 ‘2)
569 5513 628 5562 El
662 5509 1026 5585 εὐσπλαγχνίοὶ
1060 5534 1183 5581 σου,
1235 5509 1439 5585 Κύριε,
1466 5511 1663 5565 ἐϐοΰθτκ
1701 5529 1806 5565 nm.
2107 5511 2182 5582 (6)
2215 5509 2310 5565 Ἐκ
2333 5509 2439 5565 τῶν
2461 5512 2670 5585 ἐχθρῶν
2706 5532 2824 5584 μου,
2860 5525 2906 5569 et
2942 5515 3012 5567 ita
3040 5515 3142 5579 leg.

474 5579 528 5648 5)
559 5581 630 5632 Τό
661 5583 828 5636 deest.
2108 5581 2181 5648 (7)
2216 5583 2327 5648 Γάρ
2362 5599 2447 5648 με.

451 5601 528 5644 (ο)
561 5601 628 5632 ιο
661 5601 828 5636 neeSt.
2108 5601 2181 5648 tu
2218 5601 2327 5653 ιαρ
2362 5601 2447 5652 με.

342 5696 345 5704 ,
452 5647 797 5713 (4)Δικαίων.
2113 5650 2185 5721 (8)
2217 5653 2482 5724 Πονηρίαν
2519 5652 2693 5707 αὐτῶν
2735 5654 3252 5726 παραδώσειαῦτους
3295 5654 3395 5717 είς,
3445 5660 3550 5710 etc.
