4004 6212
351 336 490 394 1057
1082 333 1087 339 ’
1234 336 1317 392 DE
1355 333 1626 391 TITULIS
1661 334 2109 393 PSALMORUM.
2159 369 2220 376 ——
2265 337 2458 393 PSAL.
2495 339 2675 395 XCIV.
3455 349 3591 405 1033

344 453 518 523 Αἶνος
543 455 703 524 ᾠδῆς
731 456 809 521 τῷ
828 454 1022 519 Δαϐὶδ,
1044 454 1446 522 ἀνεπίγραφος
1466 455 1600 521 παρ’
1615 453 1921 522 Ἑϐραίοις.

1953 469 2004 525 Α
2117 454 2258 508 Laus
2289 456 2482 508 cantici
2513 453 2706 518 David,
2735 456 2846 508 sine
2871 454 3026 509 titulo
3052 458 3192 526 apud
3230 457 3502 516 Hebrazos.

971 549 1143 602 ΨΑΑ.
1176 550 1300 613 ιιΔι.

2585 545 2786 600 PSAL.
2821 545 2951 601 XCI
2968 546 3028 603 V.

424 637 474 691 1.
500 635 684 701 Δεῦτε,
717 636 1173 708 ἀγαλλιασὼμεθα
1199 636 1276 708 τῷ
1309 637 1498 708 Κυρίῳ
1517 653 1532 666 θ

1462 653 1532 708 ῳ*
2099 640 2144 690 l.
2182 636 2368 692 Venite
2396 638 2734 692 exsultemus
2774 637 3043 692 Domino:

421 727 474 782 2.
507 727 886 799 Ἀλαλάξωμεν
915 729 992 798 τῷ
1017 728 1136 799 Θεῷ
1171 727 1249 799 τῷ
1287 729 1491 799 σωτῆρι
1533 729 1710 800 ἡμῶν.

1550 729 1710 800 ιιμῶν.
2093 730 2145 783 2.
2181 727 2488 783 Juliilemus
2520 728 2629 782 Deo
2653 729 2875 784 salutari
2908 738 3131 783 nostro:

426 818 476 875 5.
501 820 905 892 Προφθάσωμεν
923 821 986 874 τὸ
1013 821 1300 891 πρόσωπον
1327 819 1490 873 αὐτοῦ
1513 821 1571 875 ὲν
1601 819 1922 893 ἐξομολογή-

1898 854 1922 864 -
2092 823 2144 877 5.
2182 823 2626 889 Ρι-ξεοοοιιροηιυε
2657 820 2847 874 faciem
2879 819 2998 890 ejus
3019 820 3073 873 in
3105 820 3479 877 confessione:

345 928 430 966 σει
456 930 470 943 ⁸

425 1004 477 1058 4.
510 1005 618 1057 Ka‘t
644 1007 699 1057 ὲν
727 1003 961 1074 ψαλμοῖς
986 1002 1340 1073 ἁλαλὰξωμεν
1369 1003 1519 1074 αύτῷ

1412 1003 1519 1074 ὺτῷ
2093 1000 2145 1053 4.
2173 999 2240 1054 Ει
2270 1000 2322 1054 in
2346 999 2572 1070 psalmis
2601 999 2898 1069 jubilemus
2923 999 2993 1053 ei.

424 1093 476 1148 5.
501 1094 622 1146 Ὅτι
649 1093 782 1157 Θεὸς
820 1093 990 1163 μέγας
1019 1091 1222 1164 Κύριος
1242 1108 1259 1124 ’

2094 1090 2144 1144 5.
2177 1089 2446 1155 Quoniam
2489 1088 2632 1144 Deus
2667 1104 2898 1159 magnus
2930 1087 3234 1142 Dominus:

424 1185 477 1240 6.
516 1186 623 1238 Καὶ
670 1184 915 1256 βασιλεὺς
968 1184 1138 1257 μέγας
1189 1184 1282 1237 ἐπὶ
1331 1185 1511 1238 πᾶσαν
1535 1185 1634 1256 τὴν
1663 1187 1766 1256 γῆν
1793 1183 1922 1257 [ἐπὶ

2092 1180 2144 1234 6.
2189 1181 2254 1236 Ει
2285 1197 2376 1237 rex
2417 1198 2646 1254 magnus
2679 1197 2844 1252 super
2893 1195 3107 1236 omnem
3165 1191 3360 1238 terram
3409 1184 3591 1256 [super

351 1279 560 1340 πάντας
592 1279 716 1340 τοὺς
748 1275 952 1348 λαούς].

2023 1292 2211 1332 omnes
2250 1277 2501 1350 populos]
2529 1297 2543 1333 :

422 1369 611 1422 7.Ὄτι
641 1369 697 1420 ὲν
724 1371 788 1439 τῇ
823 1369 966 1438 χειρὶ
1017 1367 1119 1440 [ὅτι
1151 1369 1251 1422 οὐκ
1294 1368 1574 1423 ἀπώσεται
1603 1369 1806 1437 Κύριος
1830 1370 1918 1422 τὸν

2096 1368 2146 1421 7.
2189 1369 2327 1435 Quia
2387 1372 2442 1424 in
2492 1387 2654 1426 manu
2697 1370 3004 1444 [Quoniam
3051 1390 3161 1430 non
3212 1374 3433 1443 repellet
3484 1371 3593 1427 Do-

350 1461 480 1515 λαὸν
506 1460 666 1514 αὑτοῦ
687 1477 700 1490 ·
733 1461 814 1513 ὅτι
847 1462 904 1513 ὲν
933 1463 1000 1532 τῇ
1031 1461 1196 1533 χειρί,
1227 1470 1332 1517 etc.
1357 1461 1377 1532 ]
1422 1457 1584 1514 αὐτοῦ
1610 1458 1678 1510 τὰ
1709 1460 1920 1512 πέοατα

2023 1461 2204 1515 minus
2232 1462 2438 1531 plebem
2476 1465 2802 1534 suam,quia
2841 1465 2896 1520 in
2929 1483 3112 1532 manu,
3142 1467 3274 1539 etc.]
3309 1468 3428 1524 eius
3463 1468 3593 1522 ﬁnes

347 1554 449 1622 τῆς
479 1553 601 1622 γῆς·

2025 1560 2181 1607 ιοιεηε
2217 1571 2230 1607 ζ

421 1645 473 1699 8.
514 1645 621 1697 Καὶ
648 1643 714 1696 τὰ
739 1643 846 1714 ὕψη
870 1645 978 1697 τῶν
1000 1643 1168 1714 ὀρέων
1198 1645 1362 1698 αὐτοῦ
1395 1647 1556 1701 εἰσιν.

2089 1645 2141 1700 8.
2177 1645 2243 1701 Et
2266 1647 2578 1704 altitudines
2608 1652 2874 1706 montium
2910 1652 3082 1722 ipsius
3114 1661 3260 1709 sunt.

421 1737 472 1789 9.
490 1738 610 1790 Ὅτι
636 1736 802 1791 αὑτοῦ
831 1739 978 1790 ἐστιν
1005 1737 1038 1808 ἠ
1067 1736 1332 1802 θάλασσα,
1357 1738 1452 1791 καὶ
1480 1741 1642 1804 αὐτὸς
1667 1739 1920 1799 ἐποίησεν
1942 1807 1992 1864 Β

1974 1808 1992 1864 ι
2091 1735 2146 1791 9.
2195 1736 2462 1803 Quoniam
2500 1741 2670 1812 ipsius
2696 1752 2778 1798 est
2811 1758 2983 1810 mare,
3011 1753 3065 1799 et
3095 1745 3211 1815 ipse
3237 1744 3362 1799 fecit
3388 1743 3555 1799 illud:

345 1846 518 1900 αυτην
536 1846 550 1858 ⁶

1466 1986 1844 2043 ATHANASII
1881 1987 2476 2050 INTERPRETATIO.

428 2147 491 2200 'H
514 2147 848 2219 προκειμένη
870 2146 1150 2222 ἐπιγραφὴ
1181 2149 1422 2220 περιέχει
1449 2148 1556 2220 (l)°
1580 2145 1763 2216 Αἶνος
1789 2150 1950 2221 ᾠδῆς
1977 2149 2058 2217 τῷ
2089 2151 2286 2216 Δαόὶδ,
2319 2151 2726 2222 ἀνεπίγραφος
2752 2155 2886 2222 παρ’
2903 2155 3205 2224 Ἑϐραίοις,
3228 2155 3303 2218 ὡς
3330 2154 3589 2220 πολλάκις

348 2241 669 2312 εἰρήκαμεν,
694 2235 843 2304 αἶνος
872 2241 1013 2312 ᾠδῆς
1035 2237 1114 2304 τῷ
1139 2237 1323 2304 ἱκανῷ
1344 2239 1419 2309 τῇ
1444 2239 1619 2310 χειρὶ,
1642 2241 1891 2294 τουτέστι
1920 2239 2001 2308 τῷ
2029 2241 2140 2308 mp
2163 2242 2271 2297 τοῦ
2288 2231 2467 2296 Θεοῦ.
2496 2237 2630 2295 Εἶτα
2655 2243 3061 2313 ἀνεπίγραφος
3093 2243 3230 2312 παρ’
3269 2245 3561 2310 Ἑϐραίοις

347 2331 426 2393 ὡς
451 2331 711 2394 πολλάκις
747 2333 1051 2403 εἰρήκαμεν
1089 2335 1168 2407 (2)
1191 2353 1203 2366 ·
1232 2337 1292 2389 οὐ
1313 2335 1422 2408 γὰρ
1448 2336 1631 2406 ἔχουσι
1664 2338 1762 2409 τὴν
1794 2328 2141 2394 διδασκαλίαν
2183 2338 2277 2392 τοῦ
2323 2338 2536 2410 ψαλμοῦ
2568 2340 2626 2391 ὲν
2661 2341 2778 2402 ταῖς
2809 2339 3054 2410 καρδίαις
3087 2339 3286 2393 αὐτῶν.
3344 2337 3450 2390 Τοῦ
3487 2335 3590 2408 γὰρ

345 2421 562 2492 ψαλμοῦ
587 2421 874 2485 καλοῦντος
902 2423 1098 2489 αὐτοὺς
1127 2425 1265 2497 πρὸς
1289 2428 1381 2480 τὸν
1409 2426 1634 2498 Κύριον,
1656 2428 1750 2481 καὶ
1778 2429 1938 2483 πάλιν
1950 2428 2218 2498 λέγοντοςο
2245 2428 2516 2498 Σήμερον
2542 2429 2651 2482 ἐὰν
2676 2430 2789 2498 τῆς
2819 2430 3025 2500 φωνῆς
3053 2428 3240 2484 αὑτοῦ
3265 2429 3590 2495 ἀκούσητε,

339 2512 428 2582 μὴ
461 2514 841 2582 σκληρύνητε
863 2515 970 2580 τὰς
1001 2515 1247 2583 καρδίας
1268 2513 1550 2585 ὐμῶν-(5).
1578 2515 1877 2580 Λαλοῦντος
1905 2516 1962 2568 δὲ
1985 2517 2166 2581 αὐτοῖς
2188 2516 2282 2569 τοῦ
2313 2515 2518 2586 Κυρίου
2544 2517 2602 2570 ὲν
2630 2519 2698 2587 τῇ
2728 2517 2998 2588 παρουσίᾳ
3025 2515 3212 2579 αὐτοῦ,
3232 2516 3328 2586 οὐχ
3356 2516 3583 2586 ὑπήκου-

350 2617 448 2653 σαν
481 2601 644 2654 αὑτοῦ
662 2615 674 2628 ·
697 2601 774 2655 διὸ
790 2601 1200 2686 ,ἐπιγέγραπται
1228 2602 1597 2674 ἀνεπίγραφος
1623 2606 1751 2676 παρ’
1781 2604 2074 2686 Ἑβραίοις.
2106 2606 2218 2677 Τῆς
2241 2605 2349 2677 γὰρ
2373 2604 2746 2676 παραγγελίας
2768 2607 2864 2659 τοῦ
2881 2607 3095 2680 ψαλμοῦ
3124 2609 3221 2678 οὐχ
3252 2607 3571 2678 ὑπήκουσαν

342 2694 420 2758 ὡς
452 2698 524 2768 μὴ
559 2695 770 2766 ἔχοντες
790 2681 962 2750 ἀὑτὸν
996 2701 1053 2751 ἐν
1082 2698 1267 2762 αὐτοῖς
1302 2698 1400 2770 (4).
1433 2698 1644 2752 Οὐκοῦν
1670 2681 2072 2771 ἀνεπίγραφος
2105 2702 2242 2769 παρ’
2279 2701 2568 2769 Ἑϐραίοις
2597 2704 2630 2755 ὀ
2650 2701 2890 2771 ψαλμὸς
2913 2743 2926 2768 ,
2960 2699 3160 2753 ὡσανεὶ
3188 2698 3553 2770 ἀπρόσδεκτος
3576 2715 3588 2727 ·

345 2787 406 2838 οὺ
441 2787 548 2858 γὰρ
583 2789 898 2860 ὑπήκουσαν
937 2793 1124 2848 αὑτοῦ.

419 2878 636 2957 Titulus
667 2905 989 2974 praepositus
1031 2907 1272 2962 continet
1297 2926 1310 2963 :
1339 2906 1485 2961 Laus
1514 2906 1710 2960 cantici
1736 2903 1905 2958 David
1934 2904 2046 2958 sine
2077 2903 2236 2960 titulo
2274 2903 2414 2974 apud
2442 2901 2716 2969 Hebrteos,
2745 2911 2806 2957 ut
2832 2916 2974 2972 saepe
3006 2899 3264 2964 diximus.
3301 2902 3421 2956 laus
3465 2916 3581 2956 can-

346 2991 439 3046 tici
468 3009 634 3045 manu
667 2993 821 3062 forti,
865 2995 970 3050 hoc
998 3005 1102 3064 est,
1139 2996 1238 3051 Dei
1274 2996 1439 3052 Filio.
1481 2996 1685 3052 Deinde
1707 2995 1819 3050 sine
1853 2993 2011 3049 titulo
2053 2993 2194 3064 apud
2225 2993 2476 3049 Hebraeos
2501 3010 2520 3048 :
2559 3009 2670 3048 non
2708 2992 2875 3058 enim,
2916 3001 2976 3048 ut
3014 3007 3156 3062 saepe
3193 2991 3453 3059 diximus,
3494 2994 3580 3048 ha-

344 3087 476 3141 bent
499 3088 802 3144 doctrinam
835 3091 1028 3160 psalmi
1061 3093 1116 3147 in
1157 3093 1417 3149 cordibus
1447 3093 1584 3149 suis.
1617 3090 1754 3147 Nam
1795 3091 2009 3162 psalmo
2037 3098 2265 3146 vocante
2280 3105 2375 3146 eos
2396 3091 2461 3145 ad
2491 3088 2806 3157 Dominum,
2833 3097 2888 3145 et
2915 3104 3106 3144 rursus
3137 3089 3350 3145 dicente
3376 3109 3390 3143 :
3423 3088 3588 3145 Hodie

341 3180 391 3231 si
423 3195 597 3233 vocem
633 3181 745 3250 ejus
778 3183 1080 3252 audieritis,
1107 3183 1268 3239 nolite
1291 3184 1554 3239 obdurare
1584 3182 1746 3237 corda
1784 3189 1980 3260 vestra.
2023 3179 2304 3253 Loquente
2343 3196 2470 3237 vero
2505 3181 2636 3251 ipsis
2689 3178 2923 3235 Domino
2968 3180 3025 3235 in
3057 3179 3293 3235 adventu
3333 3195 3434 3235 suo
3481 3193 3589 3235 non

343 3277 668 3331 audiverunt
690 3292 837 3344 eum,
867 3279 988 3334 ideo
1014 3280 1331 3336 inscribitur
1357 3281 1476 3336 sine
1514 3279 1674 3335 titulo
1708 3278 1850 3350 apud
1878 3259 2154 3335 flebrzeos.
2183 3277 2387 3333 Psalmi
2415 3277 2562 3333 enim
2596 3275 3066 3333 denuntiationem
3095 3292 3206 3333 non
3245 3276 3588 3332 audiverunt.

341 3379 404 3424 ut
430 3369 522 3438 qui
552 3385 658 3423 non
687 3369 956 3428 habebant
993 3373 1144 3429 illum
1175 3374 1230 3427 in
1269 3389 1328 3430 se
1364 3373 1518 3444 ipsis.
1550 3371 1737 3444 Itaque
1772 3373 1886 3426 sine
1923 3372 2076 3428 titulo
2121 3371 2260 3440 apud
2291 3369 2542 3425 Hebrteos
2573 3366 2834 3440 psalmus,
2872 3368 3073 3440 quippe
3097 3368 3193 3440 qui
3236 3367 3306 3423 ab
3335 3368 3470 3440 ipsis
3496 3383 3590 3424 er-

342 3470 534 3530 ceptus
575 3475 685 3515 non
714 3469 820 3529 est,
853 3479 961 3518 non
990 3464 1136 3519 enim
1177 3465 1254 3520 illi
1281 3465 1750 3521 auscultaverunt.

414 3551 467 3603 1.
492 3549 673 3614 Δεῦτε,
699 3550 1074 3623 πληρωθῶμεν
1100 3553 1280 3624 πάσης
1309 3555 1484 3626 χαρᾶς
1507 3554 1564 3608 ὲν
1595 3553 1670 3625 (5)
1700 3551 1911 3625 Κυρίῳ.
1941 3567 1984 3625 ο

1941 3567 1984 3625 ο
2089 3553 2140 3606 1.
2174 3551 2384 3618 Venite,
2416 3553 2742 3623 impleamur
2763 3550 2915 3608 omni
2947 3550 3146 3623 gaudio
3174 3551 3232 3606 in
3263 3550 3511 3610 Domino.

415 3642 468 3696 Ξ.
496 3641 784 3714 Δεηθῶμεν
811 3643 947 3714 μετὰ
965 3643 1214 3716 δακρύων
1239 3645 1334 3698 τοῦ
1359 3644 1492 3699 Θεοῦ
1517 3646 1676 3717 ήμῶν
1704 3644 1879 3716 Ἰησοῦ
1899 3662 1913 3675 ·

2086 3645 2141 3699 2.
2173 3643 2537 3715 Deprecemur
2571 3661 2696 3700 cum
2725 3644 2982 3718 lacrymis
3014 3643 3307 3699 Dominum
3338 3653 3587 3701 nostrum

338 3736 402 3788 τὸ
435 3735 543 3806 γὰρ
569 3735 792 3804 Σωτὴρ,
834 3736 1064 3804 Ἰησοῦς
1094 3737 1170 3808 (6)
1207 3737 1587 3810 ἑρμηνεύεται.

2013 3732 2198 3790 Jesum
2227 3753 2243 3802 ;
2269 3733 2519 3790 Salvator
2545 3736 2692 3791 enim
2722 3733 2878 3790 Iesus
2911 3735 3311 3804 interpretatur.

413 3826 467 3882 5.
492 3827 598 3880 Kal.
631 3827 738 3898 πρὸ
767 3828 865 3900 τῆς
900 3829 1196 3899 παρουσίας
1233 3829 1398 3884 αὑτοῦ
1424 3828 1702 3901 δεηθῶμεν
1727 3826 1913 3882 αὑτοῦ.

1876 3826 1913 3882 i.
2083 3825 2138 3881 5.
2173 3825 2237 3881 Ει
2261 3835 2385 3882 ante
2409 3826 2703 3882 adventum
2735 3827 2909 3897 ipsius
2935 3825 3286 3882 Obsecremus
3310 3840 3457 3882 eum.

413 3917 468 3970 4.
496 3919 604 3970 Καὶ
628 3917 920 3988 ψάλλοντες
952 3918 1316 3989 ἱκετεύσωμεν
1341 3919 1522 3974 αὐτόν.

2081 3919 2136 3973 4.
2176 3918 2241 3973 Ει
2273 3920 2564 3989 psallentes
2587 3919 2958 3990 supplicemus
2979 3918 3103 3988 ipsi.

417 4010 469 4064 5.
505 4011 710 4081 Ἰησοῦς
749 4011 986 4083 Χριστός
1014 4013 1090 4084 (7)
1111 4029 1123 4042 ·
1152 4013 1335 4076 καθὼς
1359 4015 1387 4066 ὁ
1411 4009 1733 4072 Ἀπόστολος
1754 4006 1916 4060 αὑτὸν

2083 4011 2138 4066 5.
2204 4009 2366 4067 Jesus
2422 4011 2714 4068 Christus:
2777 4010 3237 4080 quemadmodum
3292 4008 3585 4080 Apostolus

337 4103 490 4170 λέγει
525 4104 698 4173 μέγαν
731 4102 862 4156 Θεὸν
891 4105 948 4158 ἐν
977 4104 1056 4175 τῷ
1079 4106 1280 4158 εἰπεῖν·
1319 4104 1429 4159 Τοῦ
1454 4099 1722 4174 μεγάλου
1745 4097 1912 4162 Θεοῦ,

2011 4116 2139 4156 eum
2191 4111 2352 4158 vocat
2387 4117 2651 4174 magnum
2700 4100 2873 4156 Deum
2922 4100 3132 4168 dicens,
3179 4099 3362 4171 Magni
3410 4099 3506 4154 Dei
3533 4108 3583 4155 et

337 4195 440 4248 καὶ
472 4194 742 4263 Σωτῆρος
770 4195 938 4265 ἡμῶν
976 4194 1185 4274 Ἰησοῦ
1226 4195 1520 4265 Χριστοῦ,
1577 4193 1647 4260 ὃς
1693 4191 1916 4246 ἔδωκεν

2013 4189 2306 4246 Saluatoris
2335 4193 2504 4246 nostri
2528 4189 2660 4248 Iesu
2691 4189 2916 4259 Christi,
2948 4191 3038 4264 qui
3062 4189 3208 4245 dedit
3249 4190 3583 4260 semetipsum

335 4287 558 4341 ἑαυτὸν
581 4289 731 4358 ὑπὲρ
762 4287 951 4358 ἡμῶν.

782 4287 951 4358 ἱμῶνο
2013 4300 2106 4354 pro
2130 4282 2276 4336 nobis
2297 4284 2363 4336 ¹⁸.

413 4382 466 4436 6.
495 4382 616 4434 Ἐπὶ
645 4383 820 4436 πάντα
862 4383 917 4437 δὲ
955 4382 1029 4453 (8)
1071 4382 1138 4436 τὰ
1171 4380 1299 4450 ἔθνη
1333 4378 1640 4450 βασιλεύσει
1683 4376 1774 4432 διὰ
1819 4377 1915 4448 τῆς
1961 4415 1981 4433 -.

2078 4376 2132 4435 6.
2171 4375 2346 4446 Super
2369 4392 2561 4433 omnes
2599 4385 2782 4433 autem
2813 4387 3003 4450 gentes
3025 4375 3277 4448 regnabit
3305 4390 3400 4447 per
3421 4376 3583 4433 ﬁdem

337 4474 580 4538 πίστεως
609 4475 792 4528 αὑτοῦ.

609 4475 792 4528 αὑτοῦ.
2013 4483 2189 4527 suam.

414 4566 463 4618 7.
493 4567 548 4618 Ὀ
575 4567 701 4631 λαὸς
732 4568 760 4618 ὁ
790 4567 997 4631 πιστός.

2083 4559 2134 4619 7.
2188 4557 2427 4628 Populus
2469 4557 2661 4614 ﬁdelis.

414 4657 466 4712 8.
506 4660 569 4711 Ol
603 4658 748 4728 λόγοι
777 4659 883 4712 τῶν
915 4660 990 4730 (9)
1020 4658 1331 4730 προφητῶν.

2081 4651 2136 4709 8.
2181 4649 2577 4722 Prophetarum
2619 4664 2923 4708 sermones.

411 4751 463 4805 9.
483 4752 602 4804 Ὅτι
637 4752 800 4805 αὑτοῦ
832 4754 945 4805 ἐστι
978 4753 1086 4805 πᾶν
1129 4752 1189 4804 τὸ
1217 4749 1417 4822 πλῆθος
1446 4747 1555 4801 τῶν
1587 4747 1911 4821 ἀνθρώπων,

2078 4738 2138 4794 9.
2182 4739 2450 4804 Quoniam
2480 4740 2652 4810 ipsius
2686 4748 2773 4796 est
2805 4740 3058 4794 universa
3104 4739 3390 4796 hominum
3441 4756 3583 4795 mu.-

335 4846 434 4898 καὶ
465 4845 615 4910 αὐτὸ,
641 4845 734 4898 καὶ
759 4847 819 4898 τὸ
849 4845 1061 4917 πρῶτον
1091 4844 1202 4915 (10)
1232 4841 1662 4914 ἐδημιούργησεν
1692 4839 1910 4903 αὐτοὺς,

2013 4830 2211 4898 titudo,
2257 4839 2313 4887 et
2355 4833 2490 4902 ipse,
2529 4841 2585 4886 et
2629 4829 2869 4902 primum
2900 4829 3108 4887 creavit
3150 4843 3269 4899 eos,
3299 4839 3358 4886 et
3384 4828 3583 4886 deinde

335 4936 433 4990 καὶ
468 4934 629 4990 πάλιν
656 4939 712 4990 ὲν
731 4935 808 5007 τῷ
832 4936 1165 5008 βαπτίσματι
1191 4932 1550 4988 ἁνεκαίνισεν.
1944 4932 1988 4987 D
2012 4923 2070 4979 in
2093 4922 2364 4995 baptismo
2391 4921 2696 4987 ῐθηονανίῑο

410 5071 454 5103 ιε
481 5069 590 5126 Tit.
622 5071 799 5138 .ιι,15,
846 5071 930 5124 u.

1283 5229 1590 5295 Addenda
1641 5234 1702 5290 et
1733 5220 2107 5302 corrigenda
2133 5237 2214 5283 ex
2243 5217 2387 5283 cod;
2419 5215 2624 5282 Vatia.

408 5407 485 5476 (1)
531 5405 594 5458 Ἡ
623 5403 712 5457 διὰ
739 5404 838 5473 τῆς
861 5399 1227 5472 κινναϐάρεως
1261 5417 1386 5525 περ.
1699 5468 1710 5479 η
2073 5389 2150 5462 (6)
2185 5390 2275 5462 Τῷ
2297 5389 2406 5470 γηὰρ
2435 5389 2650 5463 Σωτῆρι
2685 5382 2884 5460 Ἰησοῦ,
2904 5393 3009 5441 etc.

408 5477 488 5525 (si
521 5475 616 5525 ὀι-
639 5473 937 5525 πολλάκις
962 5471 1297 5525 ειοήκαιιεν.
1372 5485 1448 5525 acc
1471 5470 1668 5524 desunt
1698 5482 1752 5521 ιη
1778 5465 1899 5522 cod.
2070 5462 2147 5525 (7)
2173 5461 2383 5525 Ἰησους
2413 5459 2711 5525 ὁΧριστός,
2742 5468 2880 5522 eteo.
2903 5455 2963 5520 ὃς
2994 5454 3009 5508 ἰ

429 5452 488 5552 ᾗ
521 5452 616 5552 ab}
962 5452 1448 5552 elpiiicauemhaac
1471 5470 1668 5552 desunt
1698 5468 1752 5521 in
1778 5465 1899 5522 cod.

1660 5485 1668 5524 ι
1698 5468 1752 5521 in
1778 5465 1899 5522 cod.
2173 5452 2711 5552 ’I‘rico'ﬁcioXpté‘cdg,
2742 5452 2880 5522 ἔξω..
2903 5455 2963 5520 ὃς
2994 5452 3241 5508 δέδωκεν.

429 5480 465 5531 2
521 5480 616 5540 Ὧς
639 5480 937 5538 πολλάκις
962 5480 1297 5552 είρηκαμεν,
1334 5480 1448 5526 haec
1471 5480 1668 5551 gesunt
1698 5482 1752 5521 In
1778 5480 1899 5522 cou.

429 5480 488 5618 σί
520 5544 729 5618 Α’Υμῶν,
753 5544 829 5608 ὡς
866 5545 1029 5618 ὲν-τῳ
1066 5551 1664 5618 παραπικρασμῳζειο.
1887 5607 1901 5618 _

882 5491 937 5538 ις
962 5480 1297 5552 είρηκαμεν,
1334 5480 1448 5526 haec
1471 5480 1668 5551 gesunt
1698 5482 1752 5521 in
1778 5480 1899 5522 coo.
2101 5480 2118 5514 ι
2178 5480 2383 5532 νιησους
2413 5480 2442 5511 ο

877 5546 1029 5618 ὲν-τῳ
1066 5551 1664 5618 παραπικρασμῳζειο.
1887 5607 1901 5618 _
2284 5531 2458 5618 deest:

428 5599 483 5686 3)
519 5599 760 5678 Ἐαυτοίς
785 5599 1013 5684 ,ἰ›ευιο’
1043 5599 1168 5681 ι)οεί
1222 5599 1354 5681 παρ’
1398 5599 1581 5672 αὐτοῖς
1630 5623 1731 5679 pro
1773 5607 1901 5676 παρ’

1773 5607 1901 5676 παρ’
2069 5599 2750 5686 ίῖθὶιίὶὶλοιτῖοὶ.τῶνν.ειοι
3301 5665 3316 5686 .

343 5661 981 5748 'Eé-plalgtg:'“',r——"
1044 5661 1165 5681 Γ--
1559 5661 1577 5672 ’
1632 5661 1720 5679 ’θ’
1853 5661 1866 5676 ’
2069 5661 2180 5748 (10)
2219 5671 2328 5748 Καὶ
2353 5661 2653 5741 αὐτὸς,καὶ
2701 5667 2761 5722 τὸ
2813 5665 3094 5740 πρότερον,
3141 5661 3566 5736 mendum“...

403 5704 850 5829 ῗῦαἰῖλῖσθῶμεν
877 5755 1054 5824 πάσης
1087 5751 1305 5824 χάριτος
1330 5751 1394 5803 ὲν
1429 5746 1526 5817 τῷ,
1560 5754 1663 5802 etc.
2001 5704 2088 5795 σεδ
2121 5704 2333 5805 αύτούς.
