4004 6212
431 348 570 402 1039
1274 347 1326 399 S.
1367 344 1735 398 ATHANASII
1773 342 1923 398 OPP.
1959 343 2143 398 PARS
2177 345 2264 399 Ill.
2306 375 2372 385 —
2411 344 2816 400 EXEGETICA.
3513 346 3651 402 1060

495 461 584 516 10.
624 461 689 515 Et
715 463 921 517 aridam
956 480 1150 518 manus
1183 465 1302 531 ejus
1329 462 1718 517 formaverunt.
2028 472 2075 527 Α

2028 472 2075 527 Α
2177 464 2258 518 10.
2301 465 2411 516 Καὶ
2441 465 2540 534 τὴν
2571 464 2740 535 ξηρὰν
2772 465 2825 516 αἱ
2854 465 3032 533 χεῖρες
3065 464 3226 517 αὖτοῦ
3259 463 3513 520 ἔπλασαν.

499 551 588 608 11.
634 550 825 609 Venite
854 555 1166 616 adoremus,
1198 564 1252 608 ct
1283 553 1634 622 procidamus
1667 553 1713 605 ei
1741 570 1756 606 :

2169 553 2254 606 11.
2273 553 2454 617 Δεῦτε,
2470 556 2947 624 προσκυνήσωμεν,
2965 553 3058 605 καὶ
3075 553 3470 623 προσπέῖωμεν
3490 554 3653 624 αὐτῷ·

495 643 582 698 12.
632 645 698 699 Ει
727 647 1003 714 ploremus
1033 661 1214 700 coram
1261 645 1514 708 Domino,
1547 644 1640 714 qui
1690 643 1816 698 fecit
1864 647 1993 713 nos:

2170 644 2256 698 12.
2296 646 2405 698 Καὶ
2455 643 2776 715 κλαύσωμεν
2829 643 3067 697 ἐναντίον
3118 643 3342 714 Κυρίου,
3372 642 3466 697 τοῦ
3504 647 3655 716 ποιή-

2103 753 2288 799 σαντος
2325 737 2488 806 ἡμᾶς.

501 839 588 894 15.
643 839 779 906 Quia
813 843 926 912 ipse
960 853 1042 898 est
1075 843 1217 898 Deus
1246 852 1430 898 noster
1458 861 1471 896 :

2171 827 2256 882 15.
2274 829 2392 880 Ὅτι
2420 828 2580 890 αὐτὸς
2609 829 2751 879 ἐστιν
2782 827 2810 878 ὁ
2835 825 2964 888 Θεὸς
2990 825 3142 895 ἡμῶν
3164 841 3175 855 ·

493 931 583 987 14.
639 931 702 986 Et
727 948 825 987 nos
849 925 1080 1004 popufﬁs
1111 952 1324 1006 pascuae
1351 937 1471 1003 ejus
1496 954 1507 986 :

2170 920 2256 973 14.
2297 921 2406 972 Kal
2443 922 2602 990 ἡμεῖς
2630 919 2754 983 λαὸς
2781 919 2949 988 νομῆς
2976 916 3157 1000 αὐτού.

503 1019 592 1073 15.
643 1019 709 1073 Et
741 1036 868 1076 oves
907 1041 1100 1078 manus
1129 1024 1269 1094 ejus.

2171 1012 2256 1066 15.
2297 1012 2407 1065 Kal
2445 1011 2686 1083 πρόϐατα
2721 1009 2898 1082 χειρὸς
2923 1009 3105 1062 αὑτοῦ.

510 1109 596 1163 16.
647 1109 838 1176 Hodie,
876 1115 921 1168 si
951 1131 1137 1169 vocem
1173 1116 1289 1185 ejus
1327 1113 1641 1169 audieritis:

2173 1103 2257 1157 16.
2298 1105 2544 1174 Σήμερον
2581 1103 2673 1155 ἐὰν
2699 1106 2795 1173 τ-ἦς
2828 1102 3007 1172 φωνῆς
3041 1099 3202 1154 αὑτοῦ
3234 1099 3529 1169 ἀκούσητε·

503 1199 586 1252 17.
642 1199 817 1258 Nolite
861 1206 1130 1262 obdurare
1161 1208 1336 1277 (corda
1369 1216 1570 1269 vestra,
1605 1205 1745 1259 sicut
1791 1202 1844 1255 in
1875 1202 1998 1256 irri-

2171 1195 2258 1250 17.
2297 1196 2386 1267 Μή
2421 1196 2756 1270 σκληρύνητε
2795 1194 2891 1258 τὰς
2937 1193 3161 1262 καρδίας
3187 1193 3360 1263 ὑμῶν,
3391 1193 3550 1255 ὼς.ἐν
3577 1190 3650 1264 τῷ

433 1291 642 1345 talione
668 1309 681 1345 ;

2102 1289 2567 1360 παραπικρασμῷ.

502 1381 588 1434 18.
641 1381 950 1437 Secundum
981 1384 1122 1439 diem
1155 1383 1464 1438 tentationis
1495 1383 1547 1436 in
1577 1383 1792 1438 deserto
1820 1406 1834 1442 :

2172 1382 2258 1436 18.
2300 1381 2456 1433 Κατὰ
2474 1381 2569 1452 τὴν
2599 1381 2807 1452 ἡμέραν
2827 1379 2919 1432 τοῦ
2943 1376 3244 1448 πειρασμοῦ
3269 1379 3325 1430 ἐν
3350 1379 3413 1446 τῇ
3443 1378 3647 1448 ἐρήμῳ*

500 1469 588 1526 19.
645 1473 742 1528 Ubi
777 1482 1120 1528 tentaverunt
1161 1491 1246 1528 me
1277 1485 1455 1544 patres
1485 1474 1693 1528 vestri:

2171 1473 2256 1528 19.
2297 1467 2372 1525 Οὔ
2401 1473 2693 1544 ἐπείρασαν
2732 1488 2800 1542 με
2822 1471 2870 1524 οἱ
2906 1469 3140 1540 πατέρες
3170 1467 3318 1538 ὑμῶν

500 1561 589 1614 20.
637 1564 1012 1622 Probaverunt
1041 1585 1147 1632 me,
1193 1578 1245 1623 et
1274 1569 1524 1622 viderunt
1555 1582 1720 1635 opera
1753 1581 1893 1620 mea.

1883 1605 1893 1619 .
2169 1565 2258 1617 20.
2286 1565 2640 1636 Ἐδοκίμασάν
2675 1581 2762 1635 με,
2793 1564 2884 1616 καὶ
2913 1559 3048 1616 εἶδον
3074 1561 3142 1614 τὰ
3179 1561 3314 1632 ἔργα
3344 1578 3464 1632 μου.

497 1653 587 1708 21.
637 1657 999 1732 Quadraginta
1046 1663 1204 1716 annis
1238 1661 1478 1716 offensus
1527 1660 1605 1714 fui
1666 1667 1999 1727 generation.

2169 1659 2256 1712 21.
2299 1659 2707 1730 Τεσσαράκοντα
2755 1657 2848 1728 ἔτη
2903 1654 3248 1726 προσώχθισα
3277 1653 3352 1726 (a)
3393 1659 3458 1727 τῇ
3495 1663 3649 1730 γενεᾷ

429 1747 504 1798 illi
546 1764 560 1799 :

2101 1750 2282 1820 ἐκείνῃ
2301 1767 2314 1780 ε

497 1837 584 1890 22.
646 1835 706 1888 Et
741 1832 888 1889 dixi:
929 1834 1152 1905 Semper
1177 1845 1362 1890 errant
1404 1837 1587 1892 corde.
2027 1833 2066 1886 Β

2027 1833 2066 1886 Β
2162 1841 2250 1892 22.
2293 1841 2400 1893 Καὶ
2429 1835 2554 1893 εἶπα
2574 1857 2587 1871 ·
2624 1840 2732 1894 Ἀεὶ
2758 1837 3148 1910 πλανῶνταιτῇ
3181 1837 3392 1913 καρδίᾳ.

499 1928 586 1980 25.
637 1926 740 1994 lpsi
765 1941 892 1980 vero
919 1942 1025 1979 non
1061 1936 1432 1995 cognoverunt
1465 1928 1579 1983 vias
1609 1945 1794 1986 meas:

2166 1931 2257 1986 25.
2300 1933 2463 1985 Αὐτοὶ
2490 1932 2546 1985 δέ
2567 1933 2665 1986 οὐκ
2692 1932 2934 2002 ἔγνωσαν
2965 1931 3062 1994 τὰς
3085 1930 3237 1994 ὁδούς
3271 1947 3373 2002 μου
3393 1947 3407 1962 ⁶

498 2015 586 2069 21.
629 2015 730 2068 Ubi
757 2016 938 2084 juravi
970 2016 1023 2069 in
1071 2015 1151 2070 ira
1182 2031 1299 2071 mea
1329 2031 1345 2070 :
1395 2016 1453 2072 Si
1483 2018 1787 2077 introibant
1815 2021 1868 2076 in
1897 2037 1986 2080 re-

2165 2022 2256 2075 24.
2301 2023 2387 2088 Ὠς
2415 2023 2602 2095 ὤμοσα
2629 2027 2686 2080 ὲν
2735 2029 2802 2097 τῇ
2843 2025 2979 2096 ὀργῇ
3009 2040 3112 2096 μου
3131 2039 3145 2055 ο
3179 2023 3242 2075 Εἰ
3269 2021 3653 2080 εἰσελεύσονται

429 2108 613 2174 quiem
644 2122 838 2160 meam.

2099 2115 2179 2180 εἰς
2209 2117 2308 2187 τὴν
2340 2119 2683 2174 κατάπαυσίν
2717 2139 2837 2192 μου.

523 2264 576 2328 a)
616 2262 771 2318 Vers.
804 2263 894 2326 21,
922 2261 1297 2335 Προσώχθισα,
1326 2271 1432 2318 etc.

1563 2427 1940 2483 ATHANASII
1971 2426 2551 2486 INTERPRETATIO.

503 2575 589 2631 10.
634 2574 700 2630 Et
748 2591 842 2630 cor
899 2578 1144 2632 omnium
1199 2580 1405 2635 creavit
1471 2579 1705 2654 Spiritus
1769 2591 1992 2640 sanctus

2162 2585 2246 2640 10.
2283 2585 2394 2639 Καὶ
2424 2585 2522 2655 τὴν
2561 2585 2787 2657 καρδίαν
2833 2584 3045 2638 πάντων
3073 2583 3251 2637 ἔκτισε
3278 2583 3338 2636 τὺ
3356 2581 3578 2654 Πνεῦμα
3596 2581 3653 2637 τὸ

427 2665 546 2734 ejus
572 2667 627 2720 in
662 2667 878 2722 lavacro
915 2668 1470 2740 incorruptibilitatis.

2091 2675 2244 2746 ἅγιον
2277 2677 2436 2731 αὑτοῦ
2473 2678 2546 2749 (1)
2577 2677 2738 2749 ἐνξτῷ
2767 2675 3101 2748 λουτρῷέτῆς
3127 2675 3444 2748 ἀφθαρσίας.

503 2757 588 2813 11.
637 2757 881 2812 Primum
927 2757 1210 2816 ﬂectamus
1243 2761 1291 2817 ei
1332 2778 1527 2833 genua,
1576 2773 1832 2835 tanquam
1872 2765 1992 2830 rei,

2164 2767 2250 2822 11.
2307 2768 2530 2841 Πρῶτον
2575 2769 2722 2839 αὐτῷ
2760 2768 3028 2840 κλίνωμεν
3055 2769 3204 2838 γόνυ,
3249 2768 3323 2831 ὡς
3369 2767 3650 2821 ὑπεύθυνοι

427 2858 482 2902 et
513 2861 642 2904 tunc
672 2850 1013 2919 postulemus
1054 2853 1269 2907 veniam
1311 2869 1528 2922 eorum,
1577 2872 1812 2927 quorum
1845 2859 1998 2914 debi-

2093 2859 2264 2924 ὄντες,
2299 2861 2391 2912 καὶ
2443 2860 2564 2912 τότε
2611 2857 2952 2932 συγχώρησιν
3003 2860 3329 2930 αἰτήσωμεν,
3355 2852 3428 2914 ὧν
3456 2858 3653 2929 ὀφείλο-

429 2951 574 2996 tores
600 2955 814 2998 sumus.

2024 2992 2067 3022 ρ
2103 2967 2201 3022 μεν
2229 2949 2426 3005 αὐτῶν.

502 3033 590 3086 12.
638 3032 1037 3090 Conﬁtebimur
1086 3051 1270 3094 coram
1309 3037 1560 3109 Domino,
1591 3041 1686 3110 qui
1717 3055 2002 3113 regenera-
2026 3032 2071 3052 "'

2175 3041 2266 3097 12.
2299 3041 2824 3114 Ἐξομολογησόμεθα
2851 3042 3074 3096 ἐνώπιον
3091 3044 3293 3115 Κυρίου
3319 3042 3410 3096 τοῦ
3439 3043 3653 3098 ἀνακαι-

429 3122 509 3177 vit
537 3137 658 3178 nos.

2102 3134 2345 3197 νίσαντος
2376 3135 2541 3206 ἡμᾶς.

499 3210 588 3271 1Ξ.
635 3214 741 3280 Qui
773 3216 1015 3273 intuetur
1061 3233 1273 3276 omnes.

1236 3233 1273 3276 Β.
2173 3226 2260 3281 15.
2281 3227 2376 3290 Ὃς
2397 3227 2567 3298 ἐφορᾷ
2593 3227 2817 3290 πάντας.

497 3304 587 3359 11,
637 3305 702 3361 Et
731 3321 832 3362 nos
876 3307 1110 3379 populus
1133 3312 1290 3366 ovilis
1317 3311 1465 3382 ejus.

2175 3317 2260 3372 14.
2301 3318 2411 3370 Καὶ
2449 3319 2607 3388 ἡμεῖς
2629 3317 2756 3381 λαὸς
2782 3317 2880 3388 τῆς
2901 3317 3069 3388 αύλῆς
3101 3316 3281 3371 αὑτοῦ.

499 3396 585 3450 15.
647 3395 710 3451 Et
735 3413 865 3453 oves
888 3399 1122 3456 dextera
1149 3403 1291 3472 ejus.

2175 3413 2259 3466 15.
2301 3413 2413 3465 Καὶ
2448 3411 2693 3482 πρόϐατα
2727 3413 2822 3483 τῆς
2851 3411 3028 3479 δεξιᾶς
3055 3410 3238 3466 αὑτοῦ.

502 3487 590 3542 16.
641 3485 724 3540 Ex
756 3503 865 3558 quo
895 3490 1047 3545 visus
1077 3501 1160 3546 est
1193 3493 1248 3545 in
1293 3492 1474 3560 terris,
1507 3492 1703 3563 faudite
1738 3503 1793 3550 et
1819 3509 2001 3550 vocem

2173 3503 2259 3558 16.
2288 3502 2402 3572 Ἀφ’
2425 3497 2485 3556 οὗ
2506 3502 2643 3574 ὀφθῇ
2669 3503 2744 3573 (2)
2801 3505 2892 3556 ἐπὶ
2914 3505 3012 3574 τῆς
3037 3507 3158 3576 γῆς,
3191 3503 3286 3558 καὶ
3320 3504 3544 3559 ἀκούετε
3565 3506 3655 3577 τῆς

428 3578 570 3649 ejus,
606 3586 659 3633 et
685 3581 1096 3648 praedicandum
1131 3583 1332 3653 ipsum.

2104 3595 2285 3665 φωνῆς
2321 3594 2505 3658 αὑτοῦ,
2538 3595 2628 3648 καὶ
2660 3595 2767 3647 τῶν
2794 3595 3172 3666 κηρυσσόντων
3203 3595 3384 3651 αὐτόν.

499 3671 588 3727 17.
634 3670 712 3726 Ne
740 3674 863 3728 sitis
894 3673 1057 3730 corde
1089 3675 1324 3747 lapideo.

2176 3687 2264 3740 17.
2302 3687 2392 3759 Μὴ
2421 3688 2633 3757 γίνεσθε
2661 3688 3006 3761 λιθοκὰρδιοι.

485 3761 588 3842 ’18.
647 3762 802 3817 Sicut
859 3762 1094 3834 majores
1139 3766 1336 3833 uestri,
1392 3767 1486 3839 qui
1537 3767 2003 3826 exaeerbaverunt

2172 3779 2259 3834 18.
2296 3781 2370 3851 (5)
2407 3781 2491 3844 Ὡς
2523 3782 2571 3833 οἱ
2599 3781 2702 3853 πρὸ
2747 3781 2903 3852 ήμῶν
2945 3783 2994 3835 oi
3025 3782 3535 3855 παραπικράναν-ες
3565 3782 3654 3836 αύ-

438 3872 568 3910 eum
600 3856 652 3910 in
681 3871 887 3916 eremo.

2099 3871 2190 3924 τὸν
2220 3874 2278 3931 ἐν
2303 3875 2368 3943 τῇ
2403 3873 2612 3944 ἐρήμῳ.

503 3947 591 4003 19.
649 3948 1003 4020 Nequaquam
1051 3965 1151 4007 vos
1184 3964 1308 4007 eum
1349 3951 1420 4008 ita
1463 3953 1744 4010 tentabitis
1792 3955 1846 4008 in
1907 3955 2001 4009 ad-

2173 3964 2258 4020 19.
2291 3965 2440 4034 Μηδὲ
2469 3965 2624 4035 ὑμεῖς
2650 3964 2818 4027 οὕτως
2845 3963 3004 4017 αὑτὸν
3046 3963 3265 4035 μέλλετε
3291 3965 3580 4035 πειράζειν
3605 3965 3656 4016 ἐν

429 4049 591 4095 ventu
618 4057 738 4110 suo,
773 4043 1232 4114 quemadmodum
1259 4056 1438 4116 patres
1473 4047 1636 4102 vestri
1665 4056 2003 4102 tentaverunt

2100 4057 2165 4128 τῇ
2186 4055 2453 4128 παρουσίᾳ
2477 4056 2657 4122 αὐτοῦ,
2673 4056 2746 4121 ὼς
2773 4058 2820 4110 οἱ
2838 4056 3069 4127 πατέρες
3091 4055 3242 4126 ὑμῶν
3262 4055 3556 4123 ἐπείρασαν
3573 4072 3650 4124 με.

429 4150 538 4192 me.

500 4227 591 4288 20.
639 4225 857 4299 Experti
884 4239 1012 4284 sunt
1044 4231 1248 4296 omnia,
1292 4243 1414 4299 qua:
1446 4229 1627 4284 intulit
1659 4230 1760 4288 eis.

2169 4230 2489 4301 20.Ἔχουσι
2509 4233 2698 4302 πεῖραν
2717 4229 2930 4283 πάντων
2957 4221 3031 4282 ὧν
3070 4229 3346 4299 ἐπήγαγεν
3364 4227 3438 4299 (1)
3465 4229 3653 4290 αὐτοῖς.

501 4320 590 4377 21.
641 4320 1008 4392 Quadraginta
1037 4337 1212 4377 annos
1237 4323 1510 4392 permansi
1549 4323 1605 4376 in
1646 4323 1736 4377 illa
1765 4335 1990 4393 genera-
2023 4336 2062 4391 ι)

2165 4324 2253 4376 21.
2274 4323 2690 4394 Τεσσαράκοντα
2722 4322 2813 4392 ἐτη
2846 4321 2983 4390 παρέ
2994 4338 3148 4390 μεινα
3165 4324 3220 4373 ἐν
3236 4322 3397 4389 γενεᾷ
3423 4321 3501 4388 (5)
3525 4319 3659 4371 ὲκεί-

431 4409 581 4464 tione
607 4411 916 4480 indignatus
957 4427 1148 4468 eorum
1179 4415 1458 4483 operibus,
1504 4422 1556 4468 et
1601 4415 1865 4483 patienter
1910 4413 1988 4468 fe-

2094 4432 2160 4488 νῃ
2176 4414 2524 4487 ὀργιζόμενος
2540 4416 2629 4471 ἐπὶ
2643 4418 2751 4478 τοῖς
2767 4414 2948 4486 έργοις
2961 4412 3159 4474 αὐτῶν,
3173 4413 3265 4464 καὶ
3278 4411 3630 4483 μακροθυμῶν
3641 4462 3659 4480 ,

434 4513 584 4555 rens.

506 4589 593 4644 22.
643 4589 711 4646 Et
734 4591 877 4646 dixi:
908 4591 1027 4647 Non
1052 4601 1135 4648 est
1167 4593 1296 4648 fides
1325 4594 1379 4648 in
1413 4593 1565 4662 ipsis.

2169 4597 2259 4651 22.
2300 4596 2408 4649 Καὶ
2435 4592 2561 4649 εἶπα
2591 4595 2685 4667 (6)⁹
2721 4595 2834 4648 Οὐκ
2860 4594 2972 4646 ἐστι
3000 4594 3178 4657 πίστις
3205 4593 3262 4647 ἐν
3288 4591 3491 4655 αὐτοῖς.

507 4681 597 4739 25.
649 4682 753 4751 Ipsi
800 4692 976 4736 autem
1023 4683 1314 4738 noluerunt
1362 4698 1691 4750 cognoscere
1747 4684 1999 4741 mandata

2172 4690 2262 4744 25.
2299 4690 2460 4741 Αὐτοὶ
2477 4689 2533 4740 δὲ
2550 4690 2647 4743 οὐκ
2675 4687 2944 4758 ἠθέλησαν
2971 4687 3163 4738 εἰδέναι
3183 4685 3280 4749 τὰς
3312 4683 3527 4748 ἐντολάς
3543 4699 3655 4755 μου.

493 4785 581 4824 ea.

507 4861 598 4915 24.
646 4859 716 4917 Ut
748 4864 1002 4918 constitui
1029 4862 1099 4918 de
1133 4864 1308 4933 ipsis:
1346 4861 1405 4918 Si
1437 4862 1738 4918 introibunt
1764 4863 1817 4917 in
1848 4871 2002 4917 teter-

2175 4863 2266 4919 24.
2292 4867 2378 4928 Ὧς
2405 4864 2578 4936 ὥρισα
2604 4866 2729 4935 περὶ
2764 4864 2958 4917 αὐτῶν·
2984 4865 3047 4917 Εἰ
3079 4865 3156 4934 (7)
3183 4862 3570 4918 εἰσελεύσονται
3589 4861 3663 4924 εἰς

436 4969 508 5007 na
537 4968 657 5008 mea
679 4953 982 5024 refrigeria.

2108 4956 2206 5020 τὰς
2237 4957 2485 5020 αἰωνίους
2513 4973 2610 5027 μου
2642 4957 2993 5019 ἀναπαύσεις.

1394 5141 1700 5202 Addenda
1737 5149 1800 5202 et
1832 5139 2207 5218 corrigenda
2238 5155 2316 5199 ex
2343 5139 2481 5200 cod.
2520 5139 2718 5200 Vatic.

505 5304 847 5385 μλῐξάντων
874 5305 978 5357 τῶν
1017 5304 1312 5376 ἀνθρώπων
1359 5304 1537 5358 ἔκτισε
1569 5303 1629 5356 τὸ
1655 5303 1876 5374 Πνεῦμα
1900 5303 1996 5356 αύ-
2117 5301 2334 5385 vim
2363 5302 2410 5385 oi
2448 5301 2698 5372 πατέρες,
2735 5309 2829 5357 etc.

438 5372 536 5428 τοῦ
565 5372 625 5427 τὸ
659 5376 828 5442 ἅγιον,
859 5384 962 5428 etc.
1119 5372 1129 5376 ⁷
1804 5372 1814 5374 ἡ
2174 5372 2248 5442 (4)
2281 5372 2608 5442 Ἐπήγαγον.

517 5443 594 5513 (2)
629 5441 862 5512 Ὀφθείς,
889 5454 1015 5507 etc.,
1043 5443 1318 5506 ἀκούσετε,
1349 5452 1451 5498 etc.
1479 5511 1487 5513 _

1082 5443 1318 5506 κούσετε,
1349 5452 1451 5498 etc.
1479 5511 1487 5513 _
2173 5441 2250 5512 (ὃ)
2279 5441 2366 5513 ’ἓν
2393 5441 2458 5513 τῇ
2488 5443 2663 5512 γενεᾷ.

518 5509 595 5581 (ὅ)
634 5509 713 5565 Ν.
743 5515 824 5567 18.
870 5514 1043 5585 Ὡςγοὶ
1097 5515 1200 5585 πρὸ
1246 5513 1395 5582 ὑμῶν
1443 5511 1490 5566 οἱ
1537 5514 1996 5585 παραπικραίνον-
2291 5509 2490 5585 Efﬁcit

441 5595 557 5645 τες,
581 5591 685 5636 etc.
711 5585 800 5654 Μὴ
843 5584 935 5636 καὶ
965 5581 1267 5656 ύμεῖςζᾱο.
1287 5581 1474 5652 usque
1502 5583 1565 5636 ad
1599 5581 1799 5636 αὐτοῦ(
1820 5583 1887 5638 Ν.
1909 5582 1993 5644 19,

966 5581 1474 5656 ύμεῖςζριομυείιυε
1502 5583 1565 5636 ad
1599 5581 1799 5636 αὐτοῦ(
1820 5583 1887 5638 Ν.
1909 5582 1993 5644 19,
2175 5582 2252 5651 (7)
2288 5583 2357 5635 El
2382 5584 2547 5638 deest.
