4004 6212
451 340 584 395 ιιιδδ
1280 333 1333 386 s.
1375 333 1735 386 ATllANASll
1777 332 1923 388 opp.
1964 331 2139 385 pias
2180 330 2263 384 ιιι.
2301 360 2366 371 -
2407 313 2811 384 EXEGETICA.
3531 316 3658 372 ton

521 454 603 508 15.
647 450 844 505 Aﬂ‘erte
877 448 1122 507 Domino,
1163 447 1350 514 patriae
1391 446 1652 513 gentium,
2032 449 2077 503 Α

2046 449 2077 503 Α
2179 443 2258 494 15.
2288 441 2570 506 Ἐνέγκατε
2607 437 2684 507 τῷ
2719 435 2925 506 Κυρίῳ,
2961 436 3014 486 αί
3045 431 3267 502 πατριαὶ
3299 429 3407 484 τῶν
3435 431 3627 496 ἐθνων,

523 541 609 596 14.
656 539 851 593 ΑΠἐι-ιε
883 537 1113 590 Domino
1148 534 1370 603 gloriam
1417 544 1468 587 et
1498 534 1756 587 honorem
1782 550 1795 563 ·

2183 533 2264 586 14.
2292 534 2573 600 Ἐνέγκατε
2613 530 2690 600 τῷ
2725 527 2912 598 Κυρίῳ
2947 527 3102 592 δόξαν
3139 526 3232 577 καὶ
3261 525 3457 595 τιμήν·

521 634 610 688 15.
662 630 858 684 Aﬂ‘erte
884 629 1112 681 Domino
1136 626 1357 695 gloriam
1393 627 1595 679 nomini
1630 625 1770 693 ejus.

2180 626 2266 678 15.
2293 624 2575 692 Ἐνέγκατε
2612 620 2689 689 τῷ
2729 621 2914 689 Κυρίῳ
2951 617 3106 683 δόξαν
3140 615 3360 686 ὀνόματι
3395 615 3577 669 αὑτοῦ.

523 723 610 779 16.
662 721 852 776 Tollite
875 720 1100 783 hostias,
1130 725 1184 770 et
1215 719 1430 770 introile
1459 718 1510 769 iu
1541 718 1676 770 atria
1707 716 1824 782 ejus
1851 731 1864 766 :

2184 718 2267 771 16.
2285 719 2483 786 Ἀρατε
2516 715 2721 779 θυσίας,
2745 713 2838 766 καὶ
2859 707 3238 780 είσπορεύεσθε
3267 710 3346 769 εἰς
3373 706 3473 769 τὰς
3499 706 3667 768 αὐλὰς

2113 808 2301 862 αὑτοῦ.

527 899 614 953 17.
661 898 891 951 Adorate
921 895 1206 948 Dominum
1247 895 1298 948 iu
1334 895 1473 948 atrio
1497 903 1685 948 sancto
1728 892 1868 960 ejus.

2183 899 2268 950 17.
2309 897 2719 968 Προσκυνήσατε
2748 892 2825 962 τῷ
2855 891 3042 962 Κυρίῳ
3071 891 3126 943 ὲν
3157 889 3290 960 αὐλῇ
3323 889 3453 959 ἁγία
3481 888 3666 941 αὐτοῖν.

529 986 614 1039 18.
663 985 1075 1039 Commoveatur
1101 1000 1127 1037 a
1156 983 1291 1037 facie
1326 984 1444 1052 ejus
1473 983 1720 1036 universa
1750 992 1890 1034 terra
1920 996 1934 1033 :

2184 989 2269 1044 18.
2310 986 2629 1056 Σαλευθήτω
2662 984 2766 1037 ἀπὸ
2795 981 3078 1052 προσώπου
3107 979 3268 1032 αὐτοῦ
3293 982 3440 1032 πᾶσα
3471 981 3504 1049 ή
3537 979 3630 1048 γῆ.
3665 1041 3670 1046 ,

530 1077 614 1130 19.
652 1076 816 1130 Dicite
840 1075 896 1128 in
927 1076 1192 1143 gentibus,
1227 1076 1352 1144 quia
1377 1074 1636 1128 Dominus
1663 1075 1920 1142 regnavit.

2187 1078 2264 1131 19.
2303 1079 2502 1130 Εἴπατε
2534 1078 2590 1127 ἐν
2617 1077 2727 1136 τοῖς
2758 1073 3078 1138 ἕθνεσιν,ὃτι
3105 1069 3308 1141 Κύριος
3333 1069 3664 1122 ἐϐασίλευσε.

531 1168 618 1220 20.
649 1167 856 1222 Etenim
883 1167 1118 1222 correxit
1161 1167 1346 1221 orbem
1385 1175 1573 1230 terrze,
1603 1165 1696 1234 qui
1727 1180 1836 1219 non
1863 1177 2010 1218 com-

2184 1167 2272 1221 20.
2298 1168 2405 1219 Kal.
2433 1166 2540 1236 γὰρ
2571 1163 2894 1234 κατώρθωσε
2955 1160 3052 1231 τὴν
3083 1160 3426 1230 οἰκουμένην,
3456 1161 3575 1230 ἣτις
3612 1160 3671 1213 ού

463 1263 784 1318 movebitur.
1921 1318 1927 1323 ,

1921 1318 1927 1323 ε
2121 1256 2344 1325 σαλευθή
2355 1275 2519 1311 σεται.

531 1354 620 1408 21.
649 1352 919 1408 Judicabit
944 1353 1169 1422 populos
1197 1351 1251 1405 in
1277 1352 1547 1420 aaquitatc.

1462 1362 1547 1407 rte.
2183 1349 2271 1402 2|.
2301 1351 2489 1420 Κρινεῖ
2511 1349 2670 1413 λαοὺς
2699 1349 2754 1400 ἐν
2777 1346 3043 1414 εὐθύτητι.

533 1444 620 1498 22.
653 1444 924 1499 laetentur
951 1445 1093 1508 coeli,
1119 1453 1172 1498 et
1198 1445 1427 1498 exsultet
1459 1452 1600 1496 terra
1624 1460 1637 1496 :

2185 1439 2271 1493 22.
2292 1440 2764 1512 Εὐφραινέσθωσαν
2775 1446 2822 1496 oi
2835 1441 3065 1514 οὐρανοὶ,
3079 1440 3170 1492 καὶ
3186 1437 3525 1505 ἀγαλλιάσοω
3539 1436 3668 1506 ἡγῆ·

534 1533 623 1586 25.
660 1535 1074 1589 Commovealur
1103 1550 1273 1594 mare.
1306 1545 1359 1589 et
1381 1522 1656 1604 plenitudo
1679 1532 1796 1602 ejus
1825 1551 1839 1586 :

2181 1531 2270 1586 25.
2302 1533 2617 1604 Σαλευθήτω
2645 1536 2677 1604 ἡ
2707 1535 2944 1586 Θάλασσα
2978 1533 3070 1585 καὶ
3099 1532 3159 1583 τὸ
3188 1531 3459 1601 πλήρωμα
3488 1528 3667 1596 αὐτῆς

535 1625 623 1678 21.
661 1625 981 1679 Gaudebant
1006 1627 1202 1694 campi,
1231 1633 1285 1680 et
1313 1627 1515 1691 omnia,
1534 1641 1653 1694 qua:
1681 1625 1735 1678 in
1765 1625 1844 1680 eis
1867 1634 2010 1679 sunt.

2187 1625 2273 1679 24.
2301 1627 2607 1696 Χαρήσεται
2631 1626 2697 1679 τὰ
2723 1627 2876 1679 πεδία
2899 1626 2990 1678 καὶ
3019 1624 3193 1677 πάντα.
3221 1624 3288 1675 τὰ
3315 1624 3372 1673 ἐν
3403 1623 3601 1682 αὐτοῖς.

537 1714 625 1766 25.
658 1713 809 1768 Tunc
837 1715 1184 1769 exsultabunt
1215 1716 1394 1769 omnia
1427 1717 1570 1785 ligna
1595 1715 1853 1771 silvarum

2187 1717 2275 1770 25.
2295 1718 2424 1768 Τότε
2455 1717 2866 1784 ἀγαλλιάσονται
2892 1717 3065 1770 πάντα
3095 1715 3160 1768 τὰ
3187 1713 3316 1778 ξύλα
3340 1713 3432 1767 τοῦ
3455 1709 3668 1783 δρυμοῦ,

538 1804 628 1858 26.
657 1810 702 1856 Α
729 1803 864 1859 facie
893 1803 1127 1869 Domini,
1156 1804 1282 1874 quia
1315 1805 1500 1860 venit:
2048 1801 2094 1858 B

2048 1801 2094 1858 B
2187 1808 2274 1863 26.
2318 1809 2448 1861 Ἀπὸ
2469 1809 2756 1880 προσώπου
2791 1809 3017 1879 Κυρίου,
3047 1809 3126 1860 ὅτι
3161 1806 3397 1877 ἔρχεται·

541 1893 628 1946 27.
660 1893 926 1958 Quoniam
955 1894 1359 1962 venitjudicare
1387 1902 1605 1949 terram.

1557 1909 1605 1946 Do
2188 1900 2276 1952 27.
2302 1902 2421 1954 ’Ὀτι
2451 1902 2664 1972 ἔρχεται
2690 1905 2868 1973 κρῖναι
2895 1900 2992 1971 τὴν
3019 1900 3138 1969 γῆν.

540 1985 628 2039 28.
659 1985 929 2038 Judicabit
957 1985 1142 2038 orbem
1171 1993 1327 2038 terra:
1353 1985 1403 2038 in
1437 1985 1688 2056 aequitate
1720 2001 1734 2036 :

2189 1990 2277 2045 28.
2303 1993 2490 2064 Κρινεῖ
2515 1993 2610 2063 τὴν
2637 1993 2959 2062 οἰκουμένην
2991 1993 3046 2044 ἐν
3072 1988 3403 2060 δικαιοσύνῃ·

543 2075 627 2130 29.
659 2073 726 2127 Ει
757 2074 983 2143 populos
1011 2075 1065 2128 in
1091 2074 1318 2128 veritate
1349 2089 1465 2128 sua.

2193 2085 2280 2137 29.
2311 2084 2419 2136 Καὶ
2447 2084 2605 2146 λαοὺς
2635 2087 2690 2136 ἐν
2718 2088 2782 2154 τῇ
2809 2083 3033 2154 ἀληθείᾳ
3062 2081 3241 2136 αὑτοῦ.
3399 2125 3411 2134 .
3447 2143 3453 2152 _

477 2185 722 2240 Psalmus
762 2186 925 2240 David
961 2202 980 2240 :
1023 2186 1230 2257 quando
1279 2195 1418 2239 terra
1468 2186 1578 2255 ejus
1624 2187 1869 2239 restituta
1908 2195 2024 2239 est:

2129 2195 2369 2263 Ψαλμὸς
2393 2195 2472 2260 τῷ
2498 2195 2674 2248 Δαϐίδ
2691 2211 2703 2222 ’
2730 2196 2826 2248 ὅτε
2846 2197 2882 2262 ἡ
2909 2195 2985 2264 γῆ
3015 2194 3198 2249 αὐτοῦ
3221 2194 3671 2248 ἀποκαθίστατο·

637 2281 746 2334 sine
778 2279 932 2333 titulo
959 2280 1098 2349 apud
1125 2278 1393 2333 Hebrazos.
1425 2278 1628 2334 PSAL.
1660 2278 1865 2334 XCVI.

2237 2290 2633 2357 ἀνεπίγραφος
2687 2290 2820 2357 παρ’
2864 2287 3168 2356 Ἑϐραίοις.
3227 2290 3398 2342 ΨΑΛ.
3451 2289 3578 2353 ις.

548 2392 598 2444 1.
631 2390 892 2447 Dominus
919 2391 1178 2462 regnavit,
1207 2391 1439 2447 exsultet
1468 2400 1608 2447 terra
1641 2409 1654 2446 :

2204 2398 2255 2452 1.
2295 2400 2353 2451 '0
2381 2398 2581 2470 Κύριος
2609 2401 2970 2466 ἐϐασίλευσεν,
2997 2400 3338 2470 ἀγαλλιάσθω
3362 2401 3394 2469 ἡ
3424 2399 3513 2470 γῆ.

1589 2568 1961 2626 ATHANASII
2000 2569 2580 2630 ιΝΤΕιιΡιιΕΤΑΤιυ.

552 2728 753 2792 15,14.
801 2728 1064 2800 Populum
1118 2729 1351 2785 ﬁdelem.

1343 2768 1351 2784 .
2207 2730 2292 2794 15,
2321 2730 2406 2783 14.
2442 2730 2543 2783 Τὸν
2570 2729 2752 2783 πιστὸν
2783 2728 2924 2782 λαόν.

552 2819 634 2873 15.
687 2821 978 2877 Credentes
1011 2822 1065 2876 in
1092 2835 1292 2875 nomen
1318 2820 1458 2891 ejus.

2209 2822 2293 2876 15.
2335 2822 2471 2885 Τοὺς
2500 2821 2849 2884 πιστεύοντας
2878 2823 2955 2882 είς
2980 2819 3038 2872 τὸ
3068 2820 3235 2890 δνομα
3266 2820 3444 2873 αὐτοῦ.

554 2911 634 2964 16.
691 2910 970 2968 Facientes
1014 2912 1444 2968 misericordiam
1475 2911 1877 2966 communicate
1921 2927 2039 2982 my—

2208 2913 2292 2966 16.
2322 2913 2470 2984 Ἐλεη
2481 2911 2712 2982 μοσύνην
2738 2911 3012 2973 ποιοῦντες
3037 2914 3334 2963 κοινωνεῖτε
3359 2915 3469 2974 τοῖς
3493 2930 3687 2982 pum.-

483 3005 661 3058 steriis
682 3003 871 3073 ipsius.
893 3003 1119 3059 Talibus
1141 3005 1285 3060 enim
1306 3004 1588 3060 sacriﬁciis
1614 3004 1860 3074 placatur
1876 3001 2037 3056 Deus.

2140 3005 2270 3075 ρίοις
2298 3003 2480 3058 αὐτοῦ.
2500 3002 2764 3056 Τοιαύτας
2783 3002 2889 3074 γάρ
2906 3003 3092 3066 θυσίας
3115 3004 3478 3072 εὐαρεστεῖται
3497 3004 3524 3054 ὁ
3542 3004 3685 3067 Θεός.

556 3097 638 3151 17.
687 3095 744 3150 In
777 3098 938 3152 corde
962 3098 1186 3159 mundo.
2064 3075 2106 3133 ο

2064 3075 2106 3133 (ί
2211 3097 2294 3148 17.
2323 3097 2408 3147 Ἐν
2443 3096 2637 3166 καρδία
2664 3095 2894 3164 καθαρᾷ.

556 3192 641 3245 18.
695 3191 1111 3247 Transferantur
1159 3191 1226 3246 ab
1275 3205 1461 3246 errore
1491 3190 1560 3259 _in
1602 3189 1884 3244 veritatem
1922 3203 2040 3241 om-

2211 3186 2296 3244 18.
2338 3184 2713 3238 Μετατεθῶσιν
2735 3185 2839 3238 ἀπὸ
2865 3183 2960 3256 τῆς
2983 3184 3184 3256 πλάνης
3206 3189 3283 3248 είς
3311 3188 3408 3258 τὴν
3439 3190 3688 3261 ἀλήθειαν

485 3299 581 3336 nes
607 3291 790 3352 gentes
820 3283 888 3336 ob
921 3283 1208 3336 adventum
1243 3281 1384 3351 ejus.

2138 3277 2224 3332 διὰ
2258 3279 2332 3350 (1)
2357 3281 2453 3348 τῆς
2477 3277 2774 3347 παρουσίας
2797 3277 2956 3329 αὐτοῦ
2994 3275 3166 3329 πάν’τα
3203 3278 3269 3330 τὰ
3295 3279 3442 3351 ἔθνη.

558 3372 639 3425 19.
675 3372 964 3426 Ρνωόῐοειε
991 3373 1045 3425 in
1089 3371 1354 3441 gentibus,
1391 3369 1536 3440 quod
1565 3366 1823 3426 contrivit
1849 3366 2042 3421 adver—
2096 3382 2097 3385 ‘

2209 3369 2294 3423 19.
2325 3367 2607 3438 Κηρύξατε
2637 3369 2692 3418 ἐν
2725 3370 2835 3429 τοῖς
2891 3366 3116 3430 ἔθνεσιν,
3151 3368 3229 3420 ὃτι
3287 3371 3574 3442 συνέτριψε
3603 3375 3693 3435 τὰς

486 3465 660 3519 sarias
688 3473 995 3532 potestates.

2141 3458 2382 3521 ἐναντίας
2407 3457 2627 3529 δυνάμει

557 3555 642 3610 20.
675 3554 925 3608 Omnium
950 3554 1111 3609 corda
1140 3553 1194 3608 in
1225 3554 1327 3610 ﬁde
1356 3570 1453 3610 sua
1476 3555 1774 3612 renovavit.

2211 3548 2300 3604 20.
2336 3551 2666 3604 Ἀνεκαίνισε
2712 3550 2808 3613 τὰς
2837 3550 3060 3621 καρδίας
3095 3551 3306 3604 πάντων
3335 3553 3393 3604 ὲν
3432 3555 3497 3605 ﬁ
3526 3555 3693 3607 πίστει

2143 3657 2304 3693 αυτου
2315 3683 2326 3693 .

557 3729 643 3784 21.
677 3729 894 3783 Docebit
918 3737 1100 3799 gentes
1130 3729 1306 3785 facere
1338 3729 1641 3785 veritatem.

2211 3731 2298 3784 21.
2331 3732 2534 3797 Διδάξει
2565 3735 2734 3786 ποιεῖν
2759 3732 2825 3785 τά
2857 3731 2981 3804 ἔθνη
3014 3731 3281 3803 ἀλήθειαν.

557 3821 646 3874 22.
681 3821 1097 3890 Superccelestes
1128 3822 1379 3886 virtutes,
1410 3830 1462 3876 et
1497 3819 1787 3875 multitudo
1814 3820 2040 3875 creden-

2211 3824 2298 3880 22.
2347 3826 2410 3876 Αἱ
2460 3825 2768 3896 ἐπουράνιοι
2821 3824 3072 3894 δυνάμεις
3135 3826 3226 3877 καὶ
3281 3825 3341 3878 τὸ
3371 3825 3570 3895 πλῆθος
3596 3826 3695 3878 τῶν

488 3915 644 3968 tium.

2145 3915 2523 3968 πιστευόντων.

555 4006 643 4060 25.
672 4005 938 4061 Turbetur
978 4006 1238 4072 mundus,
1279 4013 1332 4061 et
1358 4006 1410 4060 in
1446 4005 1566 4076 ipso
1593 4005 1950 4075 principatus,
1993 4013 2046 4059 et

2212 4008 2300 4061 25.
2337 4008 2668 4079 Ταραχθήτω
2694 4009 2722 4060 ὁ
2755 4008 2974 4079 κόσμος,
3005 4009 3097 4061 καὶ
3131 4011 3184 4062 ἐν
3217 4009 3365 4080 αὐτῷ
3402 4011 3566 4082 ἀρχαὶ
3613 4012 3698 4063 καὶ

489 4108 803 4168 potestates.
837 4129 842 4132 -

837 4129 842 4132 -
2145 4097 2401 4163 ἐξουσίαι.

463 4209 470 4218 ο
558 4191 646 4244 24.
680 4190 886 4245 Animaa
914 4197 1319 4245 mansuetorum
1350 4197 1404 4243 et
1431 4186 1740 4243 humilium.

2179 4189 2302 4258 {24.
2341 4193 2402 4242 Ai
2431 4190 2597 4260 ψυχαὶ
2624 4191 2730 4244 τῶν
2761 4192 2975 4264 πραέων
3003 4192 3096 4246 καὶ
3124 4193 3411 4247 ταπεινῶν.

557 4286 644 4337 25.
678 4285 873 4339 Gentes
901 4300 1021 4354 quae
1053 4286 1203 4354 prius
1232 4285 1448 4354 quidem
1489 4293 1642 4340 erant
1669 4280 2040 4346 infructil‘erze,

2213 4280 2302 4332 25.
2336 4279 2414 4332 Τὰ
2440 4280 2564 4351 ἔθνη
2591 4281 2657 4333 τὰ
2681 4279 2938 4352 πρότερον
2973 4283 3070 4352 μὲν
3097 4282 3226 4336 ὅντα
3257 4283 3501 4353 ἄκαρπα,
3531 4280 3623 4335 νῦν
3648 4281 3697 4332 δε

491 4391 634 4428 nunc
669 4382 846 4427 autem
877 4375 1172 4429 credentes.

978 4375 1172 4429 dentes.
2147 4372 2559 4425 πεπιστευκότα.

561 4465 648 4518 26.
683 4462 750 4518 Ut
783 4465 1025 4518 videatur
1055 4466 1107 4518 in
1145 4475 1309 4519 terra.
2076 4435 2122 4489 Β

2076 4435 2122 4489 ι)
2223 4462 2313 4516 26.
2358 4463 2612 4531 Ὀιρθῆναι
2639 4463 2729 4515 ἐπὶ
2757 4463 2856 4533 τῆς
2881 4463 3001 4532 γῆς.

559 4555 649 4608 27.
682 4553 746 4606 Ει
772 4569 962 4608 rursus
989 4555 1043 4608 in
1069 4553 1305 4624 glorioso
1337 4554 1455 4622 ejus
1485 4552 1742 4606 adventu.

2223 4550 2311 4603 27.
2335 4552 2442 4604 Καὶ
2476 4552 2632 4604 πάλιν
2658 4554 2713 4605 ἐν
2739 4555 2802 4624 τῇ
2839 4553 3032 4622 ἐνδόξῳ
3054 4551 3214 4605 αὐτοῦ
3244 4551 3534 4624 παρουσίᾳ.

561 4649 650 4700 28.
679 4645 1000 4701 Universum
1034 4647 1316 4700 mundum.

1290 4669 1316 4698 ι.
2221 4644 2310 4700 28.
2336 4646 2516 4698 Πάντα
2535 4646 2625 4698 τὸν
2657 4646 2871 4715 κόσμον.

562 4737 651 4792 29.
687 4738 816 4792 Sine
844 4737 1153 4807 acceptione
1184 4750 1557 4806 personarum.

1328 4750 1557 4790 marum.
2221 4736 2310 4791 29.
2357 4737 2909 4808 ’Λπροσωπολήπτως.

576 4857 640 4908 Ἠ
667 4855 997 4928 προκειμένη
1027 4855 1302 4928 ἐπιγραφὴ
1336 4854 1578 4927 περιέχει
1611 4853 1709 4924 (2)·
1775 4853 1864 4919 Τῷ
1894 4852 2092 4928 Δαϐὶδῆ
2127 4855 2307 4907 ὁπότε
2340 4854 2410 4906 ἐν
2456 4853 2530 4921 τῇ
2589 4853 2666 4923 γῇ
2713 4853 2897 4908 αὑτοῦ
2939 4853 3378 4908 ἀποκαθίστατο
3418 4852 3540 4925 [ὅτε
3572 4856 3608 4922 ἠ
3640 4851 3702 4923 γῆ

494 4952 677 5008 αὑτοῦ
692 4951 1174 5023 ἀποκαθίστατο]·
1204 4952 1604 5021 ἀνεπίγραφος
1623 4951 1758 5018 παρ’
1787 4950 2084 5018 Ἑϐραίοις,
2117 4947 2191 5010 ὡς
2217 4949 2474 5012 πολλάκις
2493 4949 2791 5019 εἰρήκαμεν
2819 4948 2918 5020 (5),
2944 4948 3038 5002 κοιλ⁵
3068 4948 3228 5001 πάλιν
3257 4947 3400 5016 λέγω
3431 4947 3510 5013 τῷ
3532 4947 3705 5011 ικανῴ

566 5046 774 5102 Titulus
801 5046 1080 5116 appositus
1111 5047 1390 5098 continet:
1417 5043 1666 5096 Psalmus
1706 5040 1874 5094 David
1906 5057 1924 5093 :
1952 5039 2160 5109 quando
2193 5041 2248 5093 in
2273 5049 2465 5093 terram
2503 5054 2654 5090 suam
2701 5041 2969 5091 restitutus
3013 5048 3089 5090 est
3123 5037 3286 5108 [terra
3318 5037 3430 5106 ejus
3473 5039 3706 5091 restituta

495 5137 594 5211 eu]
622 5154 636 5194 :
668 5139 776 5193 sine
807 5138 957 5192 titulo
991 5138 1128 5208 apud
1157 5137 1426 5201 Hebraeos,
1458 5145 1518 5190 ut
1543 5151 1682 5205 saape
1707 5135 1965 5198 diximus,
1995 5143 2048 5188 et
2081 5149 2296 5188 rursum
2327 5133 2449 5187 dico
2484 5132 2718 5200 psalmus
2753 5131 2918 5185 David
2944 5133 3322 5199 interpretatur
3362 5148 3524 5184 manu
3563 5131 3701 5199 forti.

567 5231 618 5282 1.
638 5228 738 5284 Per
769 5229 924 5283 fidem
949 5229 1190 5300 regnavit
1213 5245 1226 5281 :
1252 5229 1520 5284 exsultent
1547 5236 1752 5295 gentes,
1777 5225 2034 5295 quoniam

2212 5223 2262 5277 1.
2291 5222 2389 5275 Διὰ
2437 5225 2535 5294 τῆς
2569 5223 2805 5286 πίστεως
2850 5223 3214 5276 ἐϐασίλευσεν·
3272 5223 3701 5292 ἀγαλλιάσθωσαν

500 5321 739 5391 regnavit
769 5335 930 5390 super
953 5335 1046 5376 eas

2155 5315 2220 5368 τά
2245 5314 2389 5385 ἔθνη,
2418 5316 2498 5367 ὃτι
2524 5314 2862 5368 ἐϐασίλευσεν
2881 5316 2966 5367 ἐπ’
2992 5316 3143 5368 αὑτά.

1431 5473 1736 5535 Addenda
1763 5479 1823 5534 et
1851 5470 2227 5548 corrigenda
2259 5487 2336 5531 ex
2370 5471 2512 5533 cod.
2551 5472 2753 5532 Vatic.

567 5617 646 5760 {1)
682 5617 784 5672 Διά
805 5628 858 5674 et
887 5618 1079 5673 πάντα
1099 5619 1168 5673 τὰ
1188 5618 1351 5686 ἔθνη.
1377 5617 1500 5672 Des.
1519 5619 1632 5673 hzec
1653 5619 1810 5674 verba
1837 5619 1889 5672 in
1915 5619 2031 5671 cod.
2141 5619 2148 5667 ε

593 5688 650 5756 2)
689 5690 750 5741 Ἦ
773 5689 858 5742 διὰ
887 5689 986 5759 τῆς
1034 5689 1395 5760 κινναϐάρεως
1428 5689 1686 5760 περιέχει·
1720 5688 1808 5741 Τῶ
1859 5689 2042 5753 Δαϐὶδ,

1494 5619 1632 5673 ,ᾕρεε
1653 5619 1810 5674 verba
1837 5619 1889 5672 in
1915 5619 2031 5671 cod.
2141 5619 2227 5671 ὅτε
2256 5619 2378 5687 ἡγῆ
2404 5615 2564 5668 αὐτοῦ
2601 5613 2942 5676 καθίσταται,
2975 5621 3075 5666 etc.

1500 5689 1686 5760 ριέχει·
1720 5688 1808 5741 Τῶ
1859 5689 2042 5753 Δαϐὶδ,
2221 5689 2294 5758 (5)
2328 5689 2555 5757 Εἰρηκα.

593 5688 650 5758 2)
689 5690 750 5741 Ἦ
773 5689 858 5742 διὰ
887 5689 986 5759 τῆς
1034 5689 1395 5760 κινναϐάρεως
1428 5689 1686 5760 περιέχει·
1720 5688 1808 5741 Τῶ
1859 5689 2042 5753 Δαϐὶδ,
2221 5689 2294 5758 (5)
2328 5689 2555 5757 Εἰρηκα.
