4004 6212
446 322 584 383 1067
1260 314 1316 369 S.
1359 309 1728 366 ATHANASII
1766 306 1914 363 OPP.
1956 303 2131 362 PARS
2170 303 2260 359 Ill.
2301 331 2370 344 --
2404 298 2816 355 EXEGETICA.
3530 292 3667 348 1068

516 444 596 500 t7.
628 441 692 498 Et
716 441 1119 497 exsultaverunt
1147 435 1268 489 ﬁliae
1296 432 1468 497 Judze,
2021 429 2067 486 Δ

2178 422 2250 480 l7.
2281 422 2390 475 Καὶ
2419 417 2813 490 ἠγαλλιάσαντο
2841 416 2896 468 αἱ
2929 413 3226 484 θυγατέρες
3248 411 3344 482 τῆς
3384 411 3659 473 Ἰουδαίας,
3751 392 3759 402 ’

514 535 600 591 18.
635 533 859 602 Propter
887 531 1086 602 judicia
1114 537 1226 582 tua.
1260 524 1506 579 Domine.

2173 513 2260 568 18.
2290 514 2510 566 Ἕνεκεν
2538 512 2645 565 τῶν
2678 508 2957 581 κριμάτων
2986 523 3100 569 σου,
3131 503 3319 576 Κύριε.

513 629 598 684 19.
615 627 880 694 Quoniam
912 635 967 679 tu
985 619 1245 676 Dominus
1274 617 1572 673 altissimus
1599 625 1761 682 super
1781 623 1997 665 omnem

1976 623 1997 662 ι
2173 604 2259 660 19.
2284 605 2404 658 Ὅτι
2431 604 2493 656 σὺ
2524 603 2725 674 Κύριος
2748 602 2965 671 ὕψιστος
2993 599 3085 651 ἐπὶ
3114 599 3292 650 πᾶσαν
3316 595 3413 666 τὴν
3435 593 3557 663 γῆν·

445 735 640 779 terram
677 737 692 774 ζ

511 815 602 870 20.
637 811 808 866 Nimis
835 810 1102 865 exaltatus
1129 821 1188 862 es
1210 819 1372 875 super
1394 816 1582 858 omnes
1613 799 1768 854 deos.

2172 789 2260 844 20.
2286 787 2491 858 Σφόδρα
2515 783 2875 857 ὑπερυψώθης
2904 782 3042 853 ὑπὲρ
3072 780 3278 843 πάντας
3309 780 3434 842 τοὺς
3487 774 3660 839 θεούς.

510 869 598 961 ει.
633 904 735 971 Qui
761 901 980 971 diligitis
1011 869 1318 963 Dominam,
1353 895 1498 951 odite
1523 893 1753 956 malum;

2173 879 2260 934 21.
2287 881 2348 932 Ol
2377 877 2692 945 ἀγαπῶντες
2715 875 2804 927 τὸν
2834 873 3056 945 Κύριον,
3091 874 3294 942 μισεῖτε
3327 869 3550 940 πονηρά·

510 999 600 1054 22.
621 994 864 1051 Custodit
885 989 1147 1047 Dominus
1167 990 1374 1044 animas
1397 995 1707 1042 sanctorum
1734 995 1993 1038 suorum:

2173 969 2260 1023 22.
2293 967 2556 1020 Φυλάσσει
2583 965 2784 1036 Κύριος
2801 962 2900 1026 τὰς
2927 961 3103 1032 ψυχὰς
3123 959 3229 1013 τῶν
3263 959 3421 1012 ὁσίων
3446 958 3626 1012 αὐτοῦ’

511 1091 601 1144 23.
637 1088 710 1142 De
743 1101 902 1141 manu
933 1082 1227 1152 peccatoris
1257 1079 1505 1135 liberabit
1534 1091 1650 1132 eos.

2174 1061 2262 1114 23.
2309 1061 2402 1113 Ἐκ
2431 1058 2609 1130 χειρὸς
2640 1053 2958 1130 ἀμαρτωλοῦ
2991 1053 3210 1126 ῥύσεται
3239 1050 3453 1115 αύτούς.

511 1180 598 1234 24.
635 1178 751 1232 Lux
783 1185 899 1231 orta
933 1147 1014 1228 est
1040 1174 1187 1243 justo
1221 1191 1237 1228 :

2172 1151 2261 1206 24.
2289 1151 2404 1214 Φῶς
2428 1148 2662 1204 ἀνέτειλε
2687 1149 2763 1218 τῷ
2787 1147 2994 1216 δικαίῳ·

512 1273 602 1328 25.
631 1271 695 1324 Ει
725 1269 885 1324 rectis
913 1233 1073 1322 corde
1103 1264 1305 1320 laetitia.

2171 1243 2259 1296 25.
2283 1242 2393 1295 Καὶ
2414 1243 2522 1304 τοῖς
2543 1239 2721 1293 εὐθέσι
2746 1241 2812 1309 τῇ
2840 1237 3034 1309 καρδίᾳ.
3062 1233 3381 1306 εὐφροσύνη.

512 1364 601 1418 26.
636 1358 917 1414 Laetamini
943 1356 1074 1426 justi
1106 1355 1158 1409 in
1186 1353 1453 1408 Domino:

2173 1334 2260 1388 26.
2286 1334 2658 1405 Εὐφράνθητε,
2687 1332 2898 1395 δίκαιοι,
2922 1333 2979 1385 ὲν
2999 1329 3076 1400 τῷ
3098 1328 3288 1400 Κυρίῳ
3305 1344 3318 1357 ·

513 1453 603 1507 27.
629 1452 694 1506 Et
713 1449 1043 1504 conﬁtemini
1075 1445 1351 1501 memoria:
1393 1439 1834 1498 sanctiﬁcationis
1857 1437 1994 1507 ejus.

2172 1426 2371 1481 27.Ka‘t
2384 1421 2776 1496 ἐξομολογεῖσθε
2789 1426 2853 1494 τῇ
2874 1425 2973 1494 μνή
2983 1439 3055 1494 μη
3067 1421 3162 1492 τῆς
3176 1415 3477 1488 ἁγιωσύνης
3485 1412 3663 1468 αὐτοῦ.

726 1542 974 1596 Psalmus
1013 1539 1201 1593 David.
1237 1535 1437 1590 PSAL.
1471 1533 1565 1588 XC
1581 1530 1712 1586 VII.

2417 1517 2664 1586 Ψαλμὸς
2688 1515 2766 1581 τῷ
2797 1515 2990 1568 Δαϐίδ.
3032 1517 3203 1568 ΨΑΛ.
3235 1514 3353 1576 1.,Ζ’.

521 1640 568 1692 1.
599 1636 821 1692 Cantate
843 1633 1070 1688 Domino
1099 1631 1367 1685 canticum
1395 1641 1593 1680 novum
1626 1641 1640 1688 ;

1626 1641 1640 1688 ;
2181 1614 2229 1667 1.
2265 1612 2466 1683 ’ᾼσατε
2498 1610 2574 1680 τῷ
2607 1609 2794 1681 Κυρίῳ
2819 1604 2966 1681 ᾆσμα
2988 1607 3198 1661 καινόν·

515 1733 571 1785 2.
605 1729 741 1795 Quia
769 1725 1034 1780 mirabilia
1059 1721 1186 1777 fecit
1219 1720 1514 1789 Dominuss

2178 1706 2232 1760 2.
2262 1706 2382 1756 Ὅτι
2417 1703 2704 1773 θαυμαστά
2727 1701 2976 1772 ἐποίησεν
2997 1703 3024 1753 6
3055 1699 3276 1770 Κύριος.

518 1822 570 1875 5.
609 1789 845 1873 ξαινονίι
873 1830 999 1871 eum
1026 1813 1246 1868 dextera
1277 1810 1418 1880 ejus.
2042 1795 2084 1848 B

2042 1795 2084 1848 B
2183 1797 2233 1849 3.
2273 1795 2512 1847 Ἔσωσεν
2537 1793 2698 1845 αὑτὸν
2732 1791 2940 1864 maga
2970 1789 3133 1844 αὐτοῦ
3166 1805 3177 1816 ·

518 1911 571 1964 4.
602 1909 676 1975 Et
692 1909 972 1965 brachium
1003 1913 1252 1961 sanctum
1282 1879 1422 1971 ejus.

2179 1888 2228 1942 4.
2261 1888 2369 1940 Καὶ
2400 1889 2427 1939 6
2456 1884 2692 1956 βραχίων
2713 1885 2741 1936 6
2765 1882 2916 1950 ἆγιος
2943 1879 3124 1934 αὑτοῦ,

521 2001 573 2054 5.
607 1972 806 2054 Notum
840 1996 964 2051 fecit
995 1994 1250 2048 Dominus
1285 1967 1520 2045 salutare
1555 1999 1713 2040 suum
1743 2000 1757 2037 :

2177 1978 2228 2034 5.
2275 1977 2563 2048 Ἐγνώρισε
2593 1974 2794 2047 Κύριος
2823 1973 2885 2025 τὸ
2911 1973 3168 2043 σωτήριον
3189 1967 3352 2021 αὑτοῦ
3373 1984 3384 1995 ·

520 2090 573 2147 6.
629 2089 685 2143 ln
753 2095 1045 2156 conspectu
1121 2081 1358 2154 gentium
1423 2075 1680 2132 revelavit
1744 2071 2010 2143 justitiam

2179 2068 2230 2122 6.
2269 2066 2536 2120 Ἐναντίον
2561 2063 2669 2118 τῶν
2707 2061 2873 2116 ὲονῶν
2920 2057 3233 2129 ἀπεκάλυψε
3274 2057 3370 2128 τὴν
3402 2052 3667 2110 δικαιοσύ-

453 2200 628 2240 suam.

2109 2179 2205 2232 νην
2229 2177 2409 2214 αυτου.

1561 2341 1936 2403 ATHANASII
1971 2337 2560 2396 INTERPRETATIO.

524 2521 612 2576 Π.
645 2518 852 2572 Animae
879 2521 1220 2576 sanctorum,
1264 2516 1317 2563 et
1353 2521 1474 2577 quae
1503 2504 1753 2575 repositae
1792 2506 1921 2556 sunt
1952 2499 2007 2552 in

2184 2495 2271 2549 17.
2299 2494 2362 2546 Αἱ
2413 2491 2582 2563 ψυχαὶ
2607 2489 2712 2544 τῶν
2750 2487 2942 2557 ἁγίων,
2972 2488 3066 2540 καὶ
3102 2486 3177 2558 (1)
3219 2485 3569 2556 ἀνακείμεναι
3609 2488 3672 2556 τῇ

453 2625 684 2682 superna
705 2604 1059 2661 Hierusalem.

1045 2642 1059 2655 .
2113 2587 2224 2642 ἄνω
2256 2584 2621 2656 Ἰερουσαλήμ.

523 2668 851 2771 18.Ρι·οριει”
867 2711 1083 2765 ea,qua:
1100 2694 1165 2749 de
1191 2692 1346 2746 nobis
1371 2686 1705 2752 deliberasti,
1729 2689 1782 2739 et
1810 2682 2007 2739 fecisti.

2180 2677 2266 2732 18.
2289 2679 2511 2730 Ἕνεκεν
2531 2669 2604 2728 ὧν
2625 2672 2921 2725 ἐϐουλεύσω
2942 2671 3068 2743 περὶ
3089 2672 3121 2741 ἡ
3130 2669 3263 2741 μῶν,
3282 2671 3377 2724 καὶ
3396 2668 3671 2737 ἐποίησας.

523 2797 611 2852 19.
645 2757 912 2861 Quoniam
942 2801 1033 2857 tu,
1072 2786 1318 2852 Domine,
1350 2781 1682 2855 gloriﬁcatus
1708 2793 1768 2833 es
1805 2776 1862 2830 in
1889 2775 2012 2829 uni.

2183 2771 2268 2826 19.
2306 2769 2428 2822 Ὅτι
2462 2768 2526 2820 σὺ
2561 2762 2611 2818 εἷ
2661 2763 3058 2836 δεδοξασμένος,
3090 2762 3283 2833 Κύριε,
3331 2764 3388 2814 ἐν
3414 2759 3576 2813 παντὶ
3600 2757 3677 2827 τῷ

453 2905 609 2945 verso
638 2885 861 2942 mundo.
1851 2875 1859 2894 ’

736 2885 861 2940 ndo.
1851 2875 1859 2894 ’
2109 2862 2317 2933 κόσμῳ.

521 2980 610 3035 20.
641 2976 780 3033 Vere
803 2976 1204 3032 demonstratus
1232 2985 1309 3036 es,
1333 2967 1478 3039 quod
1503 2976 1561 3021 tu
1587 2980 1646 3020 es
1673 2962 1822 3019 solus
1841 2959 2006 3024 Deus,

2174 2954 2264 3010 20.
2305 2950 2545 3023 Ἀληθῶς
2597 2949 2861 3020 ἐδείχθης,
2914 2949 2994 3000 ὅτι
3029 2947 3092 3000 σὺ
3126 2940 3175 2998 εἷ
3211 2943 3341 3005 Θεὸς
3374 2942 3449 3014 (2)
3501 2942 3671 3013 μόνος.

452 3088 561 3129 non
594 3079 774 3126 autem
805 3067 903 3134 illi,
936 3066 1030 3137 qui
1058 3065 1132 3120 dii
1163 3064 1437 3119 dicuntur.

1265 3069 1437 3117 mtur.
2113 3046 2174 3098 οὐ
2199 3045 2307 3113 γὰρ
2330 3046 2379 3097 οῑ
2408 3042 2686 3112 λεγόμενοι
2719 3039 2846 3095 θεοί.

655 3125 1264 3232 Diligentes-Dominum
1303 3151 1474 3223 fugite
1509 3163 1671 3206 omne
1701 3153 2006 3218 peccatum.
2036 3140 2085 3202 C

2181 3138 2268 3191 21.
2302 3138 2363 3189 Οἱ
2422 3132 2738 3204 ἀγαπῶντες
2793 3132 2882 3185 τὸν
2942 3128 3167 3202 Κύρων,
3223 3126 3448 3196 φεύγετε
3501 3125 3675 3178 πᾶσαν

2098 3227 2405 3301 ἁμαρτίαν.

521 3345 614 3400 22.
645 3342 948 3399 Colentium
977 3355 1125 3394 eum.

2181 3320 2269 3374 22.
2298 3317 2415 3370 Τῶν
2439 3316 2744 3387 σεϐομένων
2769 3313 2931 3370 αὐτόν
2957 3312 3054 3384 (3).

521 3439 613 3493 2'5.
646 3425 724 3488 Ex
755 3432 953 3487 diaboli
980 3436 1262 3500 potestate.

2181 3412 2270 3465 25.
2312 3411 2405 3464 Ἐκ
2437 3410 2535 3478 τῆς
2557 3408 2650 3461 τοῦ
2681 3406 2925 3461 διαϐόλου
2957 3401 3291 3464 δυναστείας.

646 3522 830 3578 Gratia
857 3535 952 3575 sua
982 3489 1042 3572 in
1071 3516 1327 3572 cordibus
1349 3512 1608 3568 ﬁdelium.

2181 3502 2269 3558 21.
2300 3502 2409 3573 Τὴν
2443 3502 2600 3572 χάριν
2637 3497 2736 3572 [Ἡ
2769 3495 2948 3570 χάρις]
2976 3494 3138 3551 αὑτοῦ
3187 3495 3244 3546 ὲν
3269 3493 3387 3553 ταῖς
3435 3489 3675 3562 καρδίαις

2115 3593 2222 3648 τῶν
2254 3592 2328 3664 (4)
2357 3592 2580 3646 πιστῶν.

523 3701 612 3756 25.
646 3699 711 3754 Et
741 3697 956 3752 mundis
983 3695 1146 3751 corde
1179 3693 1410 3762 Spiritus
1442 3690 1561 3761 ejus
1592 3697 1834 3746 sanctus.

2185 3685 2274 3739 25.
2305 3685 2414 3738 Καὶ
2441 3683 2516 3754 (5)
2568 3685 2679 3746 τοῖς
2731 3681 2987 3751 καθαροῖς
3023 3680 3087 3749 τῇ
3119 3678 3314 3750 καρδίᾳ
3353 3680 3415 3732 τὸ
3456 3674 3677 3745 Πνεῦμα

2117 3775 2280 3828 αὐτοῦ
2310 3776 2370 3828 τὸ
2402 3775 2572 3828 ἅγιον.

525 3872 614 3940 26,
642 3871 732 3925 27.
765 3869 1062 3935 Exsultate,
1105 3877 1159 3922 et
1197 3865 1490 3938 gloriﬁCate
1533 3880 1656 3919 eum
1688 3865 2010 3919 memoriam

2117 3791 2280 3828 αυτου
2310 3791 2370 3828 το
2402 3791 2572 3842 αγιον.

2188 3865 2289 3930 26,
2321 3865 2408 3920 27.
2442 3863 2816 3932 Ἀγαλλιᾶσθε,
2851 3863 2945 3916 κα).
2975 3862 3221 3928 δοξάζετε
3249 3861 3429 3927 αὐτὸν,
3469 3874 3672 3930 μνημο·

459 3966 715 4021 babentes
748 3963 1049 4019 sanctitatis
1091 3961 1229 4031 ejus,
1271 3974 1378 4028 qua
1421 3956 1742 4014 sanctiﬁcati
1776 3958 1927 4021 estis,
1962 3967 2015 4012 et

2119 3955 2362 4019 νεύοντες
2384 3953 2477 4006 τοῦ
2517 3952 2787 4024 ἀγιασμοῦ
2821 3951 2893 4023 (6)
2909 3952 3097 4020 αὐτοῦ,
3123 3947 3184 4006 οὗ
3233 3949 3551 4021 ἡγιάσθητε,
3586 3947 3673 4001 καὶ

459 4071 556 4111 vos
589 4054 904 4110 sanctiﬁcat.

2118 4047 2332 4116 ἁγιάζει
2364 4047 2523 4119 ὑμᾶς.

538 4193 604 4243 Ἦ
637 4187 966 4260 προκειμένη
988 4181 1263 4256 ἐπιγραφὴ
1291 4181 1533 4253 περιέχει
1565 4179 1671 4250 (7l'
1711 4180 1954 4247 Ψαλμὸς
1973 4177 2051 4244 τῷ
2075 4179 2270 4244 Δαϐὶδ,
2298 4177 2544 4232 τουτέστι
2570 4177 2649 4243 τῷ
2670 4177 2851 4246 ἱκανῷ
2874 4178 2948 4248 τῇ
2977 4177 3147 4250 χειρὶ,
3169 4177 3246 4248 τῷ
3288 4176 3478 4249 Κυρίῳ
3525 4172 3672 4246 ἡμῶν

474 4285 644 4358 Ἰησοῦ
674 4280 909 4354 Χριστῷ.
3391 4306 3396 4308 _

532 4377 743 4430 Titulus
771 4374 1089 4444 praepositus
1124 4371 1368 4426 continet
1405 4388 1418 4424 :
1455 4366 1702 4421 Psalmus
1733 4366 1934 4429 David,
1967 4369 2071 4421 hoc
2097 4374 2180 4421 est
2207 4381 2368 4418 manu
2403 4365 2553 4434 forti,
2596 4363 2828 4420 Domino
2856 4373 3047 4420 nostro
3077 4362 3206 4420 Jesu
3227 4362 3464 4418 Christo.

529 4488 579 4538 1.
611 4483 888 4538 Mundum.
2046 4481 2092 4535 ι)

2046 4481 2092 4535 D
2191 4475 2242 4529 1.
2268 4475 2539 4548 Καθαρόν.

528 4577 582 4630 2.
613 4575 670 4628 1η
707 4584 867 4627 terra.

2193 4565 2244 4619 2.
2289 4567 2411 4619 Ἐπὶ
2442 4567 2542 4636 τῆς
2573 4566 2694 4637 γῆς.

529 4669 580 4722 3.
612 4665 781 4721 Filius
816 4665 934 4733 ejus
962 4661 1248 4732 acquisivit
1283 4675 1474 4716 omnes
1500 4659 1603 4715 sibi
1632 4659 1758 4728 ipsi,
1790 4667 1844 4713 et
1866 4656 2015 4712 Patri

2192 4659 2245 4710 5.
2289 4658 2348 4710 '0
2380 4657 2505 4720 Υἱὸς
2526 4657 2690 4710 αὑτοῦ
2727 4659 3143 4730 περιεποιήσατο
3166 4658 3372 4721 πάντας
3401 4654 3478 4727 (8)
3503 4652 3667 4726 ἐαυτῷ

454 4773 575 4816 mo.
2123 4749 2215 4803 καὶ
2237 4747 2313 4819 τῷ
2348 4750 2521 4819 Πατρὶ
2549 4749 2735 4805 αὑτοῦ.

520 4852 576 4908 6.
612 4849 928 4920 Unigenitus
950 4845 1090 4900 Deus
1113 4843 1372 4898 Verbum.

2190 4837 2246 4891 4.
2292 4837 2351 4888 Ὀ
2386 4839 2678 4907 μονογενὴς
2697 4837 2825 4900 Θεὸς
2846 4839 3032 4907 Λόγος.

523 4943 575 4996 5.
609 4937 964 4995 Manifestavit
995 4935 1155 4989 Pater
1185 4934 1381 4989 Filium
1413 4950 1594 4990 suum.

2183 4928 2235 4982 5.
2283 4928 2648 5000 Ἐφανέρωσεν
2676 4932 2704 4981 ὁ
2727 4931 2915 5001 Πατὴρ
2937 4931 3025 4982 τὸν
3052 4930 3175 4984 Υίὸν
3213 4929 3399 4986 αὑτοῦ.

519 5033 573 5088 6.
611 5031 711 5086 Per
747 5025 1180 5100 praedicationem
1225 5027 1478 5082 revelavit
1517 5025 1676 5080 Pater
1713 5022 2008 5080 Dominum

2187 5022 2238 5076 6.
2274 5020 2371 5073 Διά
2389 5020 2482 5072 τοῦ
2520 5021 2870 5092 κηρύγματος
2892 5023 3236 5093 ἀπεκάλυψεν
3279 5024 3308 5075 6
3347 5023 3538 5094 Πατὴρ
3585 5023 3667 5075 τὸν

452 5134 698 5180 nostrum
718 5121 902 5178 Jesum
930 5117 1150 5173 Christu
1164 5135 1216 5174 ιιι

2117 5112 2321 5184 Κύριον
2349 5111 2505 5181 ἡμῶν
2537 5113 2744 5184 Ἰησοῦν
2773 5115 3023 5170 Χοιστόν.

1382 5307 1695 5372 Addenda
1724 5311 1784 5369 et
1839 5299 2212 5381 corrigenda
2243 5319 2324 5363 ex
2357 5299 2499 5363 cod.
2541 5298 2740 5361 Vatic.

523 5484 599 5553 (1)
631 5483 697 5553 Al.
728 5496 824 5553 pro
849 5482 960 5532 καί.

2292 5467 2399 5553 Κιαί
2425 5468 2586 5553 deest.

2308 5538 2667 5607 Ἀγιάσματος
2693 5533 2877 5598 αὐτοῦ,
2908 5528 2969 5590 οὗ
2995 5532 3295 5604 ἡγιάσθη...
3317 5533 3487 5606 ἡμᾶς.

523 5623 576 5688 (o
624 5619 793 5688 Αυτὸν
821 5621 878 5669 ὲν
898 5617 1139 5688 ἀληθεία.
2304 5607 2376 5688 ςῌ
2406 5608 2492 5688 ξιά
2521 5608 2616 5688 τῆς
2650 5605 3015 5677 κινναϐάρεως
3039 5603 3300 5674 περιέχει.

523 5603 595 5688 (ὃῇ
624 5619 793 5688 Αὑτὸν
821 5603 878 5669 ἐφ
898 5617 1139 5688 ἀληθεία.
2304 5603 2616 5688 ⁵ᾙζιέιτῆς
2650 5603 3025 5677 κινναϐάρεως
3039 5603 3300 5674 περιέχει.

521 5676 594 5756 ξι)
626 5685 731 5739 Τοῦ
760 5685 947 5740 πιστοῦ
971 5676 1117 5740 λαοῦ.
2189 5677 2264 5750 (8)
2289 5676 2443 5749 Αὐτῷ
2467 5676 2695 5739 πάντας.
