4004 6212
439 343 566 402 1071
1273 335 1331 387 S.
1371 329 1749 386 ATHANASII
1789 329 1938 386 OPP.
1977 329 2016 382 Ρ

2087 327 2154 383 15
2193 326 2282 382 111.
2321 356 2388 366 --
2426 325 2842 382 ΕΧΕΟΕΤΙΟΑ.
3530 326 3668 380 1072

503 459 558 512 8.
591 455 696 523 Qui
734 452 890 510 sedes
913 467 1074 524 super
1100 450 1400 513 cherubim,
1430 457 1714 504 moveatur
1753 459 1917 505 terra.
2023 454 2067 510 Α

2164 446 2219 500 2.
2267 446 2324 497 '0
2359 442 2668 515 καθήμενος
2694 443 2786 496 ἐπὶ
2817 442 2926 496 τῶν
2958 441 3254 514 χερουὸηι,
3287 442 3602 514 σαλευθήτω
3634 443 3670 516 ὴ

2104 555 2167 606 γη

2163 575 2194 608 ι.

505 628 556 681 5.
595 624 856 681 Dominus
890 622 943 677 in
975 619 1108 676 Sion
1140 636 1369 692 magnus
1389 661 1404 684 ,

1336 637 1369 676 8
1389 661 1404 684 ν
2171 629 2224 684 5.
2261 627 2462 696 Κύριος
2483 628 2540 680 ἐν
2561 626 2695 680 Σιὼν
2729 627 2917 698 μέγας,

504 717 556 772 4.
592 716 657 770 Ει
691 716 941 772 excelsus
969 729 1132 783 super
1155 727 1343 766 onmes
1373 711 1623 781 populos.

2171 718 2204 771 4
2252 720 2361 772 Καὶ
2386 718 2585 788 ὑψηλός
2618 720 2766 770 ἐστιν
2799 719 2891 771 ἐπὶ
2925 717 3132 781 πάντας
3163 719 3290 782 τοὺς
3315 717 3496 783 λαούς.

505 809 556 865 5.
596 809 966 864 Conliteantur
991 803 1228 877 [omnes]
1267 803 1473 858 nomini
1515 811 1608 858 tuo
1635 817 1873 874 magno:

2171 809 2223 862 5.
2268 807 2885 878 Ἐξομολογησάσθωσαν
2915 807 3160 882 [πάντες]
3196 809 3275 880 τῷ
3317 810 3543 882 ὀνόματί
3573 829 3666 864 σου

2099 897 2176 953 τῶ
2211 899 2426 953 μεγάλω
2443 915 2455 927 ·

505 978 558 1032 6.
591 975 855 1044 Quoniam
888 973 1149 1038 terribile,
1173 984 1225 1028 et
1255 982 1502 1029 sanctum
1529 979 1611 1028 est
1640 991 1653 1026 :

2099 915 2176 969 τῳ
2209 915 2426 969 μεγαλῳ
2443 915 2455 927 '

1529 979 1611 1028 εει
1640 991 1653 1026 ε
2171 990 2223 1043 6.
2251 991 2372 1043 ’Ὀτι
2408 989 2634 1060 φοϐερὸν
2673 989 2767 1042 καὶ
2786 989 2937 1058 ἆγιόν
2968 991 3103 1044 ἐστι.

505 1071 558 1124 7.
594 1068 660 1122 Et
693 1068 868 1122 honor
899 1066 1045 1136 regis
1067 1065 1334 1136 judicium
1364 1066 1559 1135 diligit.

2171 1078 2223 1130 7.
2257 1079 2366 1131 Kat
2391 1078 2523 1149 τιμὴ
2551 1077 2811 1148 βασιλέως
2837 1079 3012 1150 κρίσιν
3041 1079 3248 1150 ἀγαπᾷ.

504 1155 556 1209 8.
593 1153 672 1208 Tu
704 1153 906 1224 parasti
935 1153 1268 1209 directiones
1296 1170 1311 1207 :

2171 1165 2222 1220 8.
2258 1168 2330 1220 Σὺ
2354 1168 2655 1238 ἡτοίμασας
2687 1166 2986 1237 εὐθύτητα-ς
3006 1181 3018 1193 ’

504 1246 556 1300 9.
592 1243 865 1300 Judicium
898 1253 952 1300 et
973 1245 1241 1314 justitiam
1270 1262 1323 1300 in
1349 1243 1518 1300 Jacob
1545 1253 1600 1300 tu
1631 1243 1824 1300 fecisti.

2169 1259 2221 1313 9.
2250 1259 2446 1330 Κρίσιν
2475 1260 2564 1313 καὶ
2589 1259 2930 1328 δικαιοσύνην
2955 1260 3012 1311 ἐν
3053 1258 3248 1312 Ἰακὼό
3291 1260 3354 1313 σὺ
3385 1257 3668 1332 ἐποίησας.

507 1341 592 1391 10.
618 1337 862 1392 Exaltate
884 1335 1174 1391 Dominum
1203 1335 1372 1392 Deum
1409 1345 1652 1392 nostrum
1679 1352 1693 1390 :

1679 1352 1693 1390 ἒ
2173 1348 2257 1404 10.
2301 1350 2526 1421 ’Υψοῦτε
2564 1352 2765 1422 Κύριον
2791 1351 2880 1403 τὸν
2908 1351 3039 1404 Θεὸν
3063 1353 3247 1422 ἡμῶν·

508 1431 592 1484 11.
625 1428 690 1484 Et
714 1430 936 1483 adorato
961 1429 1260 1484 scabellum
1287 1429 1483 1499 pedum
1507 1429 1625 1499 ejus
1649 1449 1662 1483 :

2173 1439 2258 1494 11.
2279 1443 2388 1494 Καὶ
2414 1445 2764 1514 προσκυνεῖτε
2780 1443 2858 1514 τῷ
2877 1444 3150 1515 ὑποποδίῳ
3168 1444 3272 1497 τῶν
3293 1443 3466 1498 ποδῶν
3482 1443 3666 1498 αὐτοῦ·

507 1522 593 1576 12.
625 1519 894 1587 Quoniam
921 1529 1145 1575 sanctus
1167 1527 1269 1576 est.

1179 1527 1269 1576 est.
2175 1531 2258 1584 12.
2293 1533 2412 1587 ’Ότι
2442 1534 2596 1602 ἆγιός
2625 1537 2760 1588 ἐστι.

506 1614 592 1666 is.
624 1613 858 1684 Moyses,
884 1622 938 1667 et
959 1613 1143 1667 Aaron
1173 1613 1225 1666 in
1251 1612 1624 1668 sacerdotibus
1652 1611 1771 1682 ejus
1791 1653 1806 1678 ,
2003 1641 2009 1650 -

2174 1623 2256 1676 15.
2293 1626 2552 1691 Μωῦσῆς,
2583 1627 2678 1678 καὶ
2724 1625 2928 1697 Ἀαρὼν
2955 1627 3013 1680 ὲν
3043 1629 3153 1690 τοῖς
3184 1626 3418 1698 ἱερεῦσιν
3439 1627 3600 1681 αὐτοῦ
3622 1666 3638 1692 ,

507 1701 593 1755 lt.
632 1701 697 1757 Et
749 1701 970 1758 Samuel
1020 1704 1161 1757 inter
1200 1718 1316 1771 eos,
1369 1707 1463 1774 qui
1507 1704 1762 1759 invocant
1803 1719 1999 1759 nomen

2177 1713 2264 1766 H.
2298 1717 2406 1767 Και
2434 1716 2684 1787 Σαμουὴλ
2712 1718 2769 1770 ὲν
2791 1721 2903 1780 τοῖς
2934 1718 3378 1790 ἐπικαλουμένοις
3414 1720 3477 1773 τὸ
3503 1714 3669 1790 ὄνομα

434 1795 552 1864 ejus
569 1833 583 1858 ,

2037 1797 2079 1851 Β
2109 1806 2292 1870 αὐτοῦ,

507 1887 593 1941 15.
625 1887 949 1943 lnvocabant
1006 1887 1330 1955 Dominum,
1393 1897 1447 1943 et
1501 1889 1616 1958 ipse
1669 1889 1995 1946 exaudiebat

2181 1899 2267 1952 15.
2311 1901 2702 1956 Ἐπεκαλοῦντο
2727 1903 2815 1958 τὸν
2839 1903 3064 1975 Κύριον,
3091 1905 3183 1959 καὶ
3209 1905 3368 1970 αὐτὸς
3397 1908 3674 1980 είσήκσυεν

435 1998 550 2038 «οε.

2108 1989 2307 2042 αὐτῶν.

509 2072 594 2127 16.
625 2073 680 2127 In
707 2073 957 2128 columna
983 2073 1144 2128 nubis
1167 2074 1490 2145 loquebatur
1517 2075 1584 2130 ad
1622 2089 1739 2133 eos.

2178 2080 2264 2133 16.
2305 2081 2391 2134 Ἐν
2413 2081 2587 2153 στύλῳ
2611 2083 2841 2156 νεφέλης
2870 2084 3049 2139 ἐλάλει
3086 2087 3222 2158 πρὸς
3243 2089 3462 2153 αὐτούς.

507 2164 593 2218 17.
631 2163 898 2231 Quoniam
927 2165 1306 2220 custodiebant
1325 2167 1633 2222 testimonia
1666 2168 1784 2239 ejus
1805 2209 1821 2232 ,

1777 2186 1784 2222 ε
1805 2209 1821 2232 ,
2179 2170 2264 2226 17.
2298 2172 2419 2226 Ὀτι
2445 2174 2745 2242 ἐφύλασσον
2768 2177 2835 2230 τὰ
2861 2178 3134 2250 μαρτύρια
3156 2181 3320 2235 αὑτοῦ
3342 2220 3358 2246 ,

1545 2380 1917 2438 ATHANASII
1963 2384 2548 2450 INTERPRETATIO.

436 2579 720 2678 (ecumbe-ﬁ
767 2582 916 2678 χειρὶ
1087 2579 1200 2678 Tin
1243 2579 1337 2678 τού
1370 2576 1694 2678 geel—1331a
1727 2583 2134 2678 ἀκεπίγραςρος
2191 2595 2326 2661 παρ’
2365 2595 2677 2664 Ἑϐραίοις·
2713 2599 3083 2673 ἀπρόσδεκτος
3109 2601 3186 2672 (1)
3219 2602 3326 2677 γάρ
3361 2604 3514 2659 ἔστιν
3549 2606 3673 2678 παρ’

450 2674 723 2746 Ἑϐραίοις
771 2675 798 2725 ὁ
829 2673 1148 2744 ἐγκείμενος
1178 2674 1236 2726 ἐν
1267 2672 1343 2743 τῷ
1375 2672 1596 2744 ψαλμῷ,
1626 2676 1901 2732 τουτέστιν
1925 2682 1951 2732 ὁ
1985 2680 2111 2747 Υἰδς
2139 2685 2233 2740 τοῦ
2268 2687 2424 2740 Θεοῦ.

438 2765 646 2819 Deinde
675 2765 788 2818 sine
821 2765 976 2818 titulo
1013 2763 1153 2833 apud
1188 2763 1436 2818 Hebraeos
1470 2781 1488 2817 :
1518 2775 1779 2835 exceptus
1800 2770 1946 2825 enim
1971 2789 2080 2829 non
2110 2788 2195 2832 est
2233 2778 2302 2832 ab
2333 2777 2596 2849 Hebrais,
2628 2783 2721 2854 qui
2759 2783 2814 2837 in
2843 2784 3058 2855 psalmo
3089 2784 3421 2851 continetur,
3452 2787 3558 2844 hoc
3595 2795 3676 2843 est

440 2856 532 2912 Dei
560 2856 599 2910 F
605 2856 749 2912 ilius.

518 2875 532 2911 1
560 2872 588 2910 ι*
605 2872 749 2912 mus.

510 2993 562 3046 2.
599 2993 704 3059 Qui
739 2993 882 3048 sedes
908 3009 1062 3063 super
1095 2993 1373 3049 Cuerubim
1395 3036 1409 3060 ,
1443 2995 1494 3049 in
1525 2998 1890 3067 cognitionem
1920 3014 2014 3056 ve—
2040 2986 2080 3042 (ἶ

2182 2985 2235 3041 2.
2290 2987 2352 3041 '0
2407 2994 2748 3060 καθήμενος
2788 2991 2888 3046 ἐπὶ
2937 2990 3057 3046 τῶν
3093 2994 3396 3064 χερουόὶμ,
3463 2995 3543 3058 είς
3603 2994 3675 3066 (2)

439 3084 593 3138 niant
621 3093 826 3155 gentes.

2112 3077 2406 3147 ἐπίγνωσιν
2432 3083 2560 3156 ἔλθῃ
2587 3084 2656 3138 τὰ
2686 3083 2834 3155 ἔθνη.

510 3176 562 3228 5.
600 3177 656 3230 In
687 3175 974 3232 animabus
1001 3175 1312 3232 sitientibus
1333 3191 1457 3232 eum
1490 3193 1722 3248 magnus
1747 3187 1850 3235 est.
1879 3178 2009 3235 Sion

2181 3172 2233 3226 '5.
2277 3173 2363 3228 'Ev
2383 3178 2500 3240 ταῖς
2520 3177 2714 3248 ψυχαῖς
2735 3181 2851 3240 ταῖς
2872 3175 3128 3246 διψώσαις
3144 3179 3305 3233 αὑτὸν
3324 3179 3494 3251 μέγας
3517 3178 3675 3235 ἐστίν.

438 3268 582 3322 enim
611 3267 997 3336 interpretatur
1021 3268 1228 3323 sitiens.

2111 3262 2266 3317 Σιὼν
2290 3265 2397 3336 γὰρ
2425 3266 2663 3335 διψῶσα
2691 3267 3071 3338 ἑρμηνεύεται.

508 3358 562 3414 4.
604 3357 951 3413 Glorilicatus
985 3357 1040 3412 in
1074 3357 1345 3429 gentibus.

2182 3353 2238 3409 4.
2267 3355 2660 3427 Δεδοξασμένος
2681 3360 2739 3410 ὲν
2771 3359 2883 3420 τοῖς
2912 3356 3109 3411 ἔθνεσι.

510 3448 561 3502 5.
597 3447 826 3504 Peccata
857 3463 976 3503 sua.

2186 3446 2235 3500 5.
2270 3448 2382 3512 Τὰς
2417 3450 2691 3521 ἁμαρτίας
2715 3450 2915 3505 αὐτῶν.

511 3543 563 3594 6.
595 3538 868 3606 Quoniam
899 3540 1239 3606 lionorabile,
1274 3550 1328 3595 et
1357 3541 1668 3598 immortale
1691 3552 1796 3598 est.

1659 3552 1796 3598 :est.
2180 3537 2233 3591 6.
2264 3538 2384 3591 Ὅτι
2416 3539 2632 3612 ἔντιμον
2664 3542 2759 3594 καὶ
2796 3541 3066 3596 ἀθάνατόν
3104 3541 3240 3596 ἐστι.

512 3633 565 3687 7.
598 3632 663 3686 Et
694 3631 864 3703 gloria
889 3631 1012 3687 Filii
1039 3631 1134 3687 Dei
1163 3648 1350 3688 verum
1389 3633 1584 3704 diligit.

2187 3629 2236 3683 7.
2269 3630 2378 3682 Kal.
2405 3632 2438 3701 η
2469 3630 2595 3698 δόξα
2617 3632 2710 3686 τοῦ
2735 3632 2866 3686 Υἱοῦ
2891 3631 3142 3686 τοῦΘεοῦ
3162 3631 3222 3684 τὸ
3249 3629 3446 3702 ἀληθὲς
3472 3631 3672 3702 ἀγαπᾷ.

513 3725 566 3780 8.
597 3724 849 3780 Mandata
877 3733 969 3780 tua
1008 3733 1134 3781 ante
1161 3726 1606 3781 constitutionem
1632 3727 1844 3782 mundi.

2185 3720 2238 3774 8.
2268 3721 2378 3784 Τὰς
2413 3721 2629 3786 ἐντολάς
2653 3741 2746 3777 σου
2778 3723 2853 3794 (5)
2880 3723 2987 3795 πρὸ
3015 3722 3321 3794 καταϐολῆς
3349 3723 3574 3793 κόσμου.

513 3817 566 3871 9.
597 3815 817 3888 Legem,
857 3826 911 3873 et
947 3817 1240 3888 prophetas
1270 3818 1324 3872 in
1354 3817 1556 3888 pooulo
1591 3816 1907 3877 Iudaeorum
1953 3826 2014 3872 tu

2184 3815 2236 3870 9.
2269 3814 2372 3867 Τὸν
2387 3816 2548 3881 νόμον
2578 3817 2670 3870 καὶ
2687 3816 2761 3888 (4)
2778 3819 3060 3888 προφήτας
3087 3817 3144 3869 ὲν
3171 3815 3248 3887 τῷ
3269 3815 3384 3886 λαῷ
3406 3816 3518 3870 τῶν
3557 3798 3678 3870 Ἰου-

443 3909 663 3966 dedisti.

2117 3906 2280 3960 δαίων
2309 3909 2373 3961 σὺ
2405 3908 2634 3972 ἔδωκας.

517 4003 602 4058 10.
632 4001 964 4058 Gloriﬁcate.

2189 4000 2276 4056 10.
2306 4001 2576 4068 Δοξάσατε
2604 4001 2699 4073 (5).

516 4095 604 4161 11,
637 4095 722 4149 12.
758 4094 986 4152 Crucem
1014 4093 1155 4163 ejus.

2189 4093 2276 4159 11,
2307 4093 2393 4148 12.
2424 4093 2514 4166 Τῷ
2553 4094 2769 4166 σταυρῷ
2801 4093 2986 4150 αὐτοῦ.

516 4187 600 4240 15.
635 4186 845 4241 Fideles
891 4186 1057 4242 veluti
1101 4184 1316 4256 Moyses
1369 4186 1422 4240 in
1476 4183 1906 4256 praedicatione,
1963 4194 2018 4239 et

2188 4183 2274 4238 15.
2305 4185 2368 4236 Οί
2403 4185 2584 4238 πιστοὶ
2636 4186 2710 4249 ὡς
2759 4186 2997 4256 Μωῦσῆς
3049 4187 3127 4247 είς
3155 4185 3217 4238 τὸ
3249 4186 3532 4258 κήρυγμα,
3593 4183 3679 4236 καὶ

446 4277 623 4332 omnis
648 4275 910 4332 Ecclesia.
935 4277 1117 4329 Aaron
1139 4275 1284 4330 enim
1314 4275 1704 4345 interpretatur
1732 4291 1879 4328 mons
1907 4274 2015 4328 vir-

2122 4276 2329 4347 πᾶσαὴ
2373 4275 2684 4348 Ἐκκλησία.
2733 4275 2949 4344 Ἀαρὼν
2999 4275 3106 4348 γὰρ
3153 4275 3512 4347 ἑρμηνεύεται
3552 4274 3679 4343 ὄρος

447 4370 595 4432 tutis,
626 4367 804 4438 qualis
837 4375 921 4423 est
949 4367 1192 4423 Ecclesia
1217 4367 1484 4421 ﬁdelium.

2043 4348 2087 4404 Ῑ)
2115 4363 2443 4434 δυνάμεως.
2473 4367 2610 4436 ὅπερ
2633 4368 2777 4420 ἐστὶν
2803 4369 2834 4437 ἡ
2874 4367 3170 4437 Ἐκκλησία
3189 4367 3296 4420 τῶν
3335 4365 3555 4419 πιστῶν.

517 4459 602 4512 tt.
636 4457 872 4529 Populus
903 4457 1108 4513 habens
1144 4473 1344 4512 nomen
1393 4457 1525 4524 Dei,
1577 4459 1682 4512 hoc
1727 4465 1812 4512 est
1857 4455 2015 4513 Chri-

2192 4455 2277 4508 M.
2317 4456 2376 4509 '0
2405 4456 2531 4520 λαὸς
2555 4460 2582 4510 ὁ
2609 4455 2745 4528 ἔχων
2767 4458 2827 4509 τὸ
2847 4457 3017 4530 ὄνομα
3038 4457 3115 4528 (6)
3139 4457 3233 4510 τοῦ
3261 4456 3419 4517 Θεοῦ.
3445 4455 3680 4510 τουτέστι

447 4554 672 4608 stianus.
731 4550 865 4605 Nam
929 4549 1142 4606 Samuel
1196 4550 1584 4620 interpretatur
1647 4564 1836 4602 nomen
1899 4548 2013 4617 ejus

2121 4547 2460 4618 Χριστιανός.
2502 4549 2788 4618 Σαμουὴλ
2825 4548 2934 4620 γὰρ
2965 4548 3324 4621 ἑρμηνεύεται
3359 4548 3546 4618 ὄνομα
3579 4547 3679 4599 αὑ·

447 4642 607 4695 Deus.

2122 4637 2228 4692 τοῦ
2260 4643 2293 4693 ό
2313 4640 2473 4706 Θεός.

518 4733 605 4788 15.
639 4731 887 4786 Fideles;

2197 4733 2282 4786 15.
2309 4734 2372 4786 υἱ
2403 4731 2581 4786 πιστοί
2607 4730 2702 4803 (7).

518 4823 604 4877 16.
636 4823 691 4877 In
722 4822 981 4893 apostolis
1001 4861 1015 4888 ,
1045 4837 1138 4892 qui
1169 4836 1234 4876 ex
1264 4821 1548 4892 propnetis
1589 4831 1780 4886 erant,
1817 4821 2016 4892 praedi-

2194 4823 2278 4877 16.
2324 4822 2411 4877 Ἐν
2437 4825 2546 4885 τοῖς
2570 4821 2885 4886 ἀποστόλοις
2908 4825 3019 4884 τοῖς
3055 4820 3130 4892 (8)
3162 4823 3225 4874 ὲκ
3255 4820 3365 4877 τῶν
3398 4818 3685 4894 προφητῶν

341 4991 346 4996 ⁸
446 4917 590 4973 cavit
609 4916 712 4970 eis.
1832 4935 1836 4938 ·

1832 4935 1836 4938 ·
2123 4919 2221 4988 εκή
2232 4918 2387 4989 ρυξεν
2409 4919 2609 4979 αὐτοῖς.

519 5001 605 5056 17.
631 5000 896 5068 Quoniam
933 4999 1277 5056 crediderunt
1304 5000 1356 5055 in
1383 4999 1664 5057 doctrinas
1710 4999 1830 5070 ejus
1853 5040 1892 5066 ,.

2196 5011 2284 5065 17.
2317 5011 2439 5064 Ὅτι
2473 5008 2798 5064 ἐπίστευσαν
2827 5007 2904 5078 (9)
2933 5009 2990 5062 ὲν
3022 5008 3136 5070 τοῖς
3165 5006 3482 5078 μαθήμασιν
3506 5001 3682 5060 αὐτοῦ.

1390 5233 1699 5297 Addenda
1733 5240 1792 5294 et
1823 5229 2199 5311 corrigenda
2228 5246 2307 5290 ex
2335 5228 2475 5291 eod.
2511 5229 2716 5292 Vatic.

2248 5515 2263 5579 )
2300 5509 2588 5578 Ὀνόματα.

516 5439 899 5524 (1,)Τευτέστιν
938 5439 1297 5524 ἀπρόσδεκτος
1337 5439 1465 5510 παρ’
1505 5434 1777 5508 Ἑϐραίοις
1826 5436 1884 5489 ὲν
1930 5434 2006 5506 τῷ

519 5579 594 5650 (2)
624 5579 760 5650 flint
797 5579 1018 5647 γνῶσιν.
2193 5579 2266 5650 (ἶ)
2295 5581 2358 5650 gi
2390 5581 2572 5632 πιστοὶ
2604 5579 2872 5650 ὑπῆρχον.

2191 5437 2267 5508 (5)
2302 5436 2572 5501 Δοξάσατε
2595 5439 2777 5493 αὐτόν.

447 5508 644 5578 ψαλμῷ
672 5508 941 5578 βασιλεύς,
977 5508 1082 5566 etc.
1421 5508 1430 5510 ‘
2190 5509 2242 5578 (6

544 5579 594 5644 Ξ)
641 5579 760 5630 Ἐπὶ
797 5579 1018 5647 γνῶσιν.
2193 5579 2241 5647 (7

622 5649 896 5783 ἷξὲϊῖτούς,
927 5727 1030 5774 etc.
1709 5769 1717 5772 _

2197 5648 2274 5716 (8)
2307 5649 2431 5710 Τοῖς
2455 5650 2623 5704 deest.

1709 5769 1717 5772 _
2191 5717 2265 5783 (9)
2301 5718 2623 5783 Ἐπίστευον,

2250 5583 2266 5647 )

543 5714 594 5785 ι)
623 5717 728 5770 Καὶ
753 5716 896 5783 τούς,
927 5727 1030 5774 etc.
1709 5769 1717 5772 _

1709 5769 1717 5772 _
2191 5714 2265 5789 ('9)
2301 5718 2633 5788 Ἐπίστευον,
2671 5726 2800 5785 etc.,
2830 5714 3162 5789 παθήμασιν.
