4004 6212
356 311 491 365 1075
1256 305 1345 360 DE
1387 308 1663 364 TITULIS
1700 309 1937 365 PSALM‘

2002 306 2154 362 KUM.
2194 340 2261 349 --
2295 308 2487 362 PSAL.
2528 305 2703 361 XCIX.
3447 292 3583 357 11174

422 422 506 475 18.
545 421 655 473 Καὶ
688 419 753 472 τὰ
792 419 1182 491 προστάγματα
1209 418 1394 483 αὑτοῦ,
1426 419 1461 471 ἃ.
1491 419 1689 473 ἔδωκεν
1720 421 1918 483 αὐτοῖς.
1952 446 1994 486 Α

1622 437 1689 473 εεν
1720 421 1918 483 αὐτοῖς.
1952 446 1994 486 Α
2098 418 2183 473 18.
2220 417 2285 472 Ει
2312 430 2572 489 przecepta
2597 418 2738 487 ejus.
2763 430 2883 484 quae
2910 413 3055 468 dedit
3078 414 3203 469 illis.

420 512 502 566 19.
532 509 701 580 Κύριε
732 509 760 559 ὁ
787 508 915 571 Θεὸς
942 508 1116 578 ἡμῶν,
1149 509 1212 560 σὺ
1245 510 1511 579 ὲπήκουες
1543 509 1719 563 αὐτῶν
1740 527 1752 538 ·

2094 510 2179 564 19.
2214 511 2437 565 Domine
2478 510 2618 565 Deus
2645 516 2847 571 noster,
2873 515 2931 560 tu
2953 505 3282 563 exaudiebas
3315 522 3445 562 eos:

429 603 516 655 :20.
554 602 611 652 '0
635 599 787 665 Θεὸς,
812 600 875 651 σὺ
901 598 1141 661 εύΐλατος
1170 599 1345 665 ἐγίνου
1378 600 1582 665 αὐτοῖς.

1478 601 1582 665 οἷς,
2090 601 2180 654 20.
2210 600 2351 657 Deus
2388 611 2440 655 tu
2477 600 2744 671 propitius
2778 598 2928 653 fuisti
2948 599 3057 663 eis,

419 695 506 749 '21.
529 691 637 747 Καὶ
659 691 887 744 ὲκδικῶν
908 691 1001 743 ἐπὶ
1020 692 1194 744 πάντα
1212 691 1279 743 τὰ
1300 691 1550 762 ὲπιτηδεύ
1559 709 1703 762 ματα
1724 691 1919 746 αὐτῶν.

2093 694 2184 749 2i.
2214 693 2281 749 Et
2312 695 2584 749 ulciscens
2621 694 2675 747 in
2710 706 2905 748 omnes
2932 690 3341 747 adinventiones
3373 706 3580 749 eorum.

425 786 515 838 22.
560 783 785 853 ’Υψοῦτε
818 782 1021 855 Κύριον
1044 782 1133 836 τὸν
1165 782 1296 835 Θεὸν
1325 783 1481 853 ἡμῶν
1503 798 1517 813 ’

2093 785 2183 839 22.
2214 786 2457 840 Exaltate
2491 786 2775 840 Dominum
2801 783 2967 837 Deum
2992 791 3239 837 nostrum
3269 802 3284 837 :

421 878 510 931 23.
545 877 654 930 Καὶ
682 877 1032 946 προσκυνεῖτε
1066 878 1144 939 εἰς
1170 874 1293 946 ὅρος
1321 875 1471 943 ἅγιον
1492 874 1685 928 αὐτοῦ·

1670 891 1685 906 ·
2092 876 2182 930 23.
2212 877 2277 931 Et
2310 877 2530 931 adorate
2561 876 2614 929 in
2640 884 2824 929 monte
2850 879 3041 928 saneto
3083 872 3200 942 ejus
3225 891 3238 929 :

424 970 515 1022 2i.
545 969 668 1021 Ὅτι
696 968 849 1037 ἅγιος
881 967 1083 1039 Κύριος
1111 969 1138 1021 ὁ
1165 966 1296 1031 Θεὸς
1331 967 1510 1039 ήμῶν.

2094 969 2187 1023 24.
2214 968 2480 1035 Quoniam
2510 976 2731 1023 sanctus
2757 960 3037 1021 Dominus
3058 963 3200 1020 Deus
3246 972 3448 1019 noster.

360 1102 601 1173 Ψαλμὸς
655 1101 734 1168 τῷ
772 1101 945 1155 Δασὶδ
974 1104 1061 1167 εἰς
1104 1102 1559 1173 ἐξομολόγησιν.
1602 1106 1777 1159 ΨΑΛ.
1803 1106 1922 1172 1.,Θν.

1905 1146 1922 1159 .
2134 1098 2380 1154 Psalmus
2413 1098 2586 1153 David
2618 1100 2671 1152 in
2698 1098 3035 1167 confessione.
3058 1095 3257 1151 PSAL.
3276 1093 3480 1152 XCIX.

431 1240 481 1293 1.
519 1238 842 1305 Ἀλαλάξατε
875 1237 953 1309 τῷ
977 1238 1115 1310 Θεῷ,
1142 1241 1289 1293 πᾶσα
1317 1242 1349 1311 ἡ
1383 1240 1455 1310 γῆ
1473 1257 1487 1272 .

1473 1257 1487 1272 ·
2098 1236 2149 1288 1.
2191 1233 2425 1290 Juhilate
2459 1234 2590 1297 Deo,
2631 1232 2809 1290 omnis
2847 1240 2990 1287 terra
3024 1249 3044 1285 τ

424 1333 476 1383 2.
510 1329 837 1382 Δουλεύσατε
868 1329 944 1400 τῷ
969 1330 1159 1402 Κυρίῳ
1191 1334 1248 1384 ὲν
1273 1330 1599 1403 εὐφροσύνῃ.

1429 1330 1599 1403 ισύνῃ.
2095 1326 2149 1383 2.
2194 1326 2402 1381 Servite
2442 1326 2669 1380 Domino
2708 1325 2762 1378 in
2803 1322 3010 1379 latitia.

428 1423 481 1475 5.
515 1420 795 1474 Είσέλθετε
823 1421 1047 1474 ἐνώπιον
1080 1422 1240 1476 αὑτοῦ
1276 1425 1331 1476 ἐν
1360 1418 1694 1494 ἀγαλλίάσει.

2096 1419 2146 1472 5.
2192 1417 2417 1473 lntroite
2445 1418 2499 1472 in
2532 1424 2829 1487 conspectu
2863 1414 2983 1485 ejus
3018 1414 3073 1467 in
3110 1412 3486 1469 exsultatione.

426 1514 483 1566 4.
515 1514 710 1578 Γνῶτε,
744 1514 824 1567 ὅτι
858 1513 1058 1585 Κύριος
1088 1514 1247 1578 αὑτός
1272 1518 1417 1569 ἐστιν
1440 1517 1467 1569 ὀ
1494 1515 1623 1581 Θεὸς
1660 1516 1813 1588 ἡμῶν
1838 1535 1855 1547 ⁸

2095 1512 2148 1566 4.
2195 1510 2429 1578 Scitote,
2496 1513 2755 1582 quoniam
2817 1509 3082 1573 Dominus
3132 1509 3252 1578 ipse
3304 1512 3389 1561 est
3456 1504 3595 1559 Deut

2027 1597 2233 1656 nostin.
2510 1642 2513 1645 .

432 1692 484 1745 5.
517 1691 685 1755 Αὐτὸς
715 1693 967 1763 ἐποίησεν
998 1694 1167 1763 ἡμᾶς,
1201 1692 1296 1747 καὶ
1322 1694 1419 1763 οὐχ
1452 1696 1609 1764 ἡμεῖς
1629 1711 1643 1725 ο

1563 1697 1609 1759 ῖς
1629 1711 1643 1725 ·
2098 1694 2151 1747 5.
2189 1691 2307 1761 Ipse
2340 1691 2468 1747 fecit
2502 1708 2624 1757 nos,
2646 1702 2699 1747 et
2729 1707 2835 1746 non
2867 1691 2967 1761 ipsi
2999 1706 3101 1745 nos
3129 1708 3144 1746 :

432 1784 485 1838 6.
518 1784 703 1854 Ἡμεῖς
727 1784 783 1837 δὲ
804 1784 933 1848 λαὸς
950 1785 1135 1854 αὑτοῦ,
1157 1786 1253 1839 καὶ
1282 1784 1530 1857 πρόϐατα
1556 1786 1723 1857 νομῆς
1743 1787 1928 1841 αὐτοῦ.
1962 1766 2005 1820 Β

2098 1784 2153 1839 6.
2189 1782 2299 1839 Nos
2352 1792 2532 1839 autem
2587 1785 2818 1854 populus
2869 1783 3023 1852 ejus,
3084 1788 3139 1837 et
3197 1793 3330 1836 oves
3383 1789 3600 1848 pascua;

2026 1891 2165 1945 ejus.

428 1958 481 2010 7.
510 1957 786 2011 Εξσέλθετε
820 1959 902 2022 είς
920 1959 1018 2023 τὰς
1052 1960 1226 2023 πύλας
1256 1960 1420 2013 αὑτοῦ
1449 1963 1505 2013 ἐν
1530 1960 1929 2033 ἐξομολογήσει*

1687 1962 1929 2033 ιλογήσειι
2101 1968 2151 2020 7.
2194 1966 2416 2021 lntroite
2448 1975 2631 2036 portas
2652 1965 2773 2036 ejus
2802 1966 2855 2021 in
2885 1963 3259 2029 confessione.

436 2048 491 2104 8.
527 2048 616 2113 Et;
649 2049 746 2113 τὰς
777 2050 944 2114 αὐλὰς
978 2050 1143 2104 αὑτοῦ
1174 2053 1232 2104 ὲν
1266 2050 1476 2121 ὕμνοις.

1266 2050 1476 2121 ὕμνοις.
2096 2056 2151 2111 8.
2194 2056 2347 2111 Atria
2370 2057 2491 2127 ejus
2518 2057 2573 2111 in
2598 2057 2835 2126 hymnis.

434 2143 488 2195 υ.
528 2141 959 2214 Ἐξομολογεῖσθε
989 2144 1158 2215 αὐτῷ,
1203 2145 1403 2198 αῖνεῖτε
1444 2144 1506 2197 τὸ
1529 2145 1698 2216 ὄνομα
1728 2148 1891 2201 αὐτοῦ
1913 2165 1926 2177 ·

1745 2148 1891 2201 ιύτοῦ
1913 2165 1926 2177 ·
2106 2147 2160 2201 9.
2196 2146 2540 2203 Conﬁtemini
2570 2146 2668 2212 illi,
2696 2146 2911 2202 laudate
2941 2159 3136 2201 nomen
3169 2143 3287 2213 ejus
3312 2159 3326 2197 :

444 2235 526 2289 ID.
559 2236 676 2289 Ὀτι
708 2236 942 2308 χρηστὸς
972 2236 1192 2309 Κύριος.

2110 2240 2197 2296 10.
2236 2239 2505 2307 Quoniam
2540 2240 2724 2296 suavis
2759 2251 2843 2296 est
2883 2238 3162 2293 Dominus.

440 2328 525 2381 11.
556 2328 650 2392 Et;
682 2324 777 2382 τὸν
800 2328 971 2384 αἰῶνα
1000 2331 1059 2383 τὸ
1089 2329 1287 2403 [αἰῶνα
1320 2328 1412 2385 τοῦ
1444 2331 1637 2396 αίῶνος
1673 2331 1754 2403 τὸ]
1788 2331 1935 2396 ἔλεος

2112 2333 2199 2386 11.
2234 2331 2293 2388 In
2321 2342 2585 2388 aeternum
2622 2331 2703 2405 [in
2742 2331 2998 2389 saeculum
3042 2325 3252 2400 saaculi]
3294 2321 3600 2381 misericor-

358 2413 526 2469 αὐτοῦ
548 2433 565 2449 -

2046 2422 2132 2477 dia
2153 2423 2273 2492 ejus
2300 2440 2313 2476 :

1485 2594 1864 2652 ATHANASII
1901 2595 2481 2657 INTERPRETATIO.

446 2749 528 2803 18.
563 2750 673 2814 Τὰς
716 2752 1037 2822 παραδόσεις
1067 2751 1159 2805 τοῦ
1208 2750 1508 2822 μυστηρίου
1546 2750 1640 2804 τοῦ
1682 2750 1936 2806 θανάτου.
1967 2756 2012 2813 C.

1546 2750 1640 2804 τοῦ
1682 2750 1936 2806 θανάτου.
1967 2756 2012 2813 c
2116 2753 2200 2809 l8.
2230 2754 2573 2809 Traditiones
2606 2753 2847 2825 mysterii
2880 2755 3091 2811 mortis.

444 2843 525 2895 19.
557 2842 627 2895 Σὺ
657 2841 733 2911 (1)
764 2842 1030 2914 ὲπλήρους
1058 2842 1125 2896 τὰ
1152 2842 1430 2914 αἰτήματα
1456 2843 1659 2897 αὐτῶν.

1647 2885 1659 2897 .
2115 2847 2199 2902 19.
2231 2847 2312 2903 Τυ
2347 2847 2681 2917 adimplebas
2702 2847 2990 2918 petitiones
3020 2863 3228 2904 eorum.

435 2933 527 2987 20.
564 2932 660 2986 Διὰ
686 2932 779 2987 τοῦ
809 2934 988 3005 τιμίου
1026 2952 1118 2987 σου
1148 2934 1396 3004 σώματος
1424 2935 1517 3012 γρ).
1548 2934 1795 3004 αἵματος,

2113 2939 2202 2993 20.
2239 2939 2340 2993 Per
2369 2939 2667 3009 pretiosum
2708 2947 2861 2994 tuum
2907 2954 3126 3009 corpus,
3173 2945 3229 2993 et
3261 2937 3601 3009 sanguinem.

436 3027 498 3079 2i
516 3027 640 3079 ,Καὶ
656 3026 905 3097 πολεμῶν
922 3028 1013 3080 καὶ
1032 3044 1159 3081 συντ
1172 3027 1334 3099 ρί6ων
1350 3029 1476 3092 τοὺς
1492 3027 1717 3100 ἐχθροὺς
1732 3027 1932 3081 αὐτῶν.

2111 3032 2203 3085 2i.
2235 3032 2299 3086 Et
2325 3033 2674 3103 impugnans,
2705 3040 2759 3088 et
2791 3043 3079 3088 conterens
3108 3045 3296 3087 eorum
3338 3029 3618 3103 inimicos‘

438 3118 527 3171 22.
558 3117 827 3184 Δοξάσατε
860 3119 1040 3172 αὐτόν.

2112 3123 2202 3177 22.
2236 3123 2544 3178 Gloriﬁcate
2581 3138 2725 3178 eum.

440 3211 533 3263 25.
570 3211 657 3264 Ἐν
684 3213 749 3281 τῇ
780 3210 891 3264 ἄνω
930 3212 1300 3283 Ἰερουσαλήμ.

2113 3213 2199 3269 23.
2236 3214 2295 3269 In
2322 3228 2556 3283 superna
2582 3212 2901 3269 Jerusalem.

441 3301 530 3355 24.
560 3304 714 3358 Κατὰ
748 3303 908 3373 φύσιν
939 3304 1097 3375 μόνος
1125 3307 1308 3369 αὐτὸς.

2114 3304 2204 3361 24.
2239 3304 2553 3361 Secundum
2588 3312 2839 3359 naturam
2870 3304 3021 3359 solus
3052 3304 3184 3373 ipse.

457 3484 517 3535 'll
551 3481 884 3554 προκειμένη
913 3484 1189 3557 ἐπιγραφὴ
1219 3484 1463 3555 περιέχει
1487 3484 1564 3555 (2)
1586 3502 1600 3515 ·
1630 3484 1878 3556 Ψαλμὸς
1916 3484 2149 3551 πάντας
2172 3487 2260 3552 εὶς
2296 3484 2525 3549 πίστιν,
2556 3484 2655 3538 καὶ
2688 3481 3150 3554 ἐξομολόγησικι

448 3597 664 3654 Titulus
700 3597 1025 3668 praepositus
1057 3599 1301 3654 continet
1329 3617 1343 3653 :
1372 3598 1627 3655 Psalmus
1659 3617 1835 3657 omnes
1880 3599 1948 3654 ad
1986 3601 2166 3670 ﬁdem,
2193 3609 2243 3655 et
2273 3600 2674 3671 confessionem.

447 3755 497 3808 1.
531 3754 765 3825 Δεήθητε
794 3753 887 3807 τοῦ
910 3751 1044 3807 Θεοῦ
1075 3754 1211 3825 μετὰ
1237 3755 1506 3825 δακρύων.

1436 3772 1506 3809 av.
2122 3757 2173 3811 1.
2201 3755 2363 3810 Orate
2386 3756 2555 3809 Deum
2589 3769 2711 3810 cum
2746 3752 3017 3823 lacrymis.

447 3845 500 3898 2.
537 3845 814 3914 ’Υπάγητε
839 3843 914 3915 (5)
946 3843 1096 3915 αὐτῷ
1129 3845 1267 3915 μετὰ
1292 3845 1621 3916 προθυμίας.

1614 3888 1621 3902 ,
2120 3848 2175 3902 2.
2217 3846 2477 3915 Subjici‘te
2508 3861 2605 3901 vos
2637 3845 2714 3899 illi
2742 3860 2866 3900 cum
2896 3844 3195 3898 alacritate.

440 3937 495 3989 5.
532 3935 859 4006 Προσέλθετε
890 3936 967 4005 (4)
998 3934 1147 4007 αὐτῷ
1183 3935 1320 4007 μετὰ
1344 3937 1539 4007 χαρᾶς.

1507 3954 1539 3999 ς.
2120 3940 2173 3994 5.
2202 3938 2453 3993 Accedite
2478 3936 2545 3992 ad
2578 3952 2701 3991 eum
2729 3951 2851 3991 cum
2874 3934 3088 4005 gaudio.

448 4029 500 4081 4.
529 4026 860 4080 Πιστεύσατε
884 4027 959 4097 (5)
992 4028 1068 4099 τῷ
1097 4027 1478 4100 σταυρωθέντι,
1501 4028 1582 4083 ὅτι
1609 4029 1771 4093 αὐτός
1797 4030 1943 4082 ἐστιν
1980 4088 2016 4101 λ

2119 4032 2175 4087 4.
2203 4032 2420 4088 Credite
2476 4030 2775 4097 cruciﬁxo,
2836 4030 2980 4101 quod
3036 4029 3153 4099 ipse
3212 4034 3297 4083 est
3354 4023 3616 4080 Dominus

378 4124 408 4174 ὁ
443 4121 573 4184 Θεὸς
608 4121 783 4192 ἡμῶν.
892 4088 903 4097 ’
941 4088 951 4097 ’
1040 4088 1052 4099 ’
1236 4088 1248 4100 ’
1465 4088 1474 4093 ’
1750 4088 1766 4093 ⁷

680 4121 783 4175 ῶν.
1978 4088 2020 4142 D
2055 4136 2261 4183 noster.

445 4212 497 4267 5.
544 4213 712 4276 Αὐτὸς
741 4214 886 4283 ἡμᾶς
917 4213 1136 4284 ἐποίησε
1173 4213 1284 4285 (6),
1330 4216 1424 4269 καὶ
1468 4214 1588 4287 οὐχ).
1618 4214 1678 4281 ἐξ
1705 4213 1861 4285 ήμῶν
1886 4212 1948 4265 τὸ

2128 4218 2181 4271 5.
2216 4217 2334 4288 Ipse
2359 4232 2460 4273 nos
2492 4215 2643 4283 fecit,
2668 4224 2724 4271 et
2758 4229 2867 4270 non
2904 4229 2972 4269 ex
3002 4212 3158 4269 nobis
3196 4226 3407 4276 sumus,
3433 4219 3494 4265 ut
3514 4208 3617 4262 ali-

380 4304 541 4369 εἷναι,
566 4305 640 4369 ὦς
668 4322 810 4368 τινες
837 4304 1104 4373 λέγουσιν.

792 4322 810 4368 ς
837 4304 1104 4373 λέγουσιν.
2053 4311 2144 4384 qui
2166 4310 2373 4367 dicunt.

453 4398 504 4451 6.
542 4398 730 4468 Ἡμεῖς
756 4396 812 4449 δὲ
833 4396 960 4460 λαὸς
982 4396 1169 4465 αὐτοῦ,
1190 4397 1284 4451 καὶ
1312 4395 1557 4468 πρόϐατα
1588 4397 1689 4467 τῆς
1718 4394 1950 4466 ποίμνης

2128 4407 2182 4461 6.
2211 4404 2320 4461 Nos
2341 4414 2524 4461 autem
2553 4404 2784 4476 populus
2810 4404 3034 4475 ejus,.et
3061 4415 3188 4456 oves
3209 4399 3385 4472 gregis
3408 4399 3549 4471 ejus.

381 4509 569 4545 αυτου.

458 4585 507 4639 7.
544 4585 623 4656 Τῇ
660 4583 734 4656 (7)
766 4583 971 4653 διανοίᾳ
1002 4579 1174 4651 ὑμῶν.

1040 4579 1174 4651 μῶν.
2130 4586 2181 4640 7.
2217 4584 2396 4640 Mente
2420 4593 2618 4639 vestra.

455 4679 506 4732 8.
543 4678 876 4746 Είσαγάγετε
916 4678 975 4728 ὲν
1019 4677 1133 4737 τοῖς
1170 4674 1419 4746 οὐρανοῖς
1449 4672 1549 4737 τὰς
1589 4672 1751 4744 εὐχὰς
1778 4671 1952 4744 ὑμῶν.

1733 4690 1751 4737 ς
1778 4671 1952 4744 ὑμῶν.
2131 4677 2189 4731 8.
2228 4676 2565 4731 lntroducite
2590 4676 2646 4729 in
2672 4674 2840 4731 coalos
2871 4687 3058 4744 preces
3083 4678 3314 4727 vestras.

454 4770 508 4821 9.
547 4768 1018 4840 Ἐξομολογοῦντες
1045 4766 1143 4829 τὰς
1170 4767 1445 4838 ἁμαρτίας
1470 4766 1647 4837 ὑμῶν,
1679 4765 1772 4819 καὶ
1796 4766 1957 4837 εὐχα-

2132 4766 2571 4824 9.Couﬁtentes'
2614 4774 2832 4837 peccata
2891 4774 3103 4829 vestra,
3161 4771 3213 4817 et
3274 4760 3474 4831 gratias
3523 4760 3623 4828 ipsi

388 4860 695 4931 ριστοῦντες
724 4858 890 4928 αὐτῷ.

724 4858 890 4928 αὐτῷ.
2061 4869 2297 4930 agentes.

460 4952 547 5015 10,
583 4952 669 5005 11.
700 4952 822 5004 Ὂτι
857 4950 1057 5018 ἀγαθὸς
1098 4950 1300 5022 Κύριος
1321 4990 1335 5016 ,
1365 4950 1459 5004 καὶ
1490 4952 1566 5022 (8)
1604 4948 1959 5018 ἀτελεύτητον

2134 4950 2225 5014 10,
2255 4950 2345 5005 11.
2374 4949 2641 5017 Quoniam
2664 4950 2840 5006 bonus
2863 4946 3146 5009 Dominus,
3170 4950 3225 4998 et
3243 4951 3499 4999 aeternum
3525 4953 3621 4993 no-

386 5042 445 5094 τὸ
468 5041 636 5111 ὄνομα
661 5038 848 5095 αὑτοῦ.
968 5038 972 5041 ’

771 5038 848 5095 οὗ.
968 5038 972 5041 ’
2063 5055 2186 5095 men
2216 5039 2352 5109 ejus.

1336 5217 1641 5279 Addenda
1688 5223 1748 5278 et
1788 5213 2168 5294 corrigenda
2194 5231 2271 5275 ex
2303 5212 2442 5274 cod.
2477 5212 2674 5273 Vatic.

462 5402 535 5475 (1)
567 5402 787 5475 Κύριεῃὸ
809 5402 939 5475 Θεὸς
971 5402 1147 5474 ἡμῶν,
1177 5403 1264 5465 σύ,
1286 5413 1389 5457 etc.
1467 5472 1476 5475 Α
1791 5473 1798 5475 _
2131 5404 2206 5472 (5)
2241 5401 2641 5475 ’ξπιστεύσατε

465 5472 764 5543 (2)Ϋ”Η’διὰ
796 5473 896 5542 τῆς
927 5472 1293 5543 κινναϐάρεως
1326 5472 1585 5542 περιέχει’
1622 5473 1844 5543 Ψαλμὸς
1876 5475 1953 5535 είς
2136 5476 2213 5539 (6)
2240 5472 2528 5543 Έπλασεν,
2553 5472 2851 5543 plasmauit.

392 5533 795 5629 iiogololnom‘
816 5533 1176 5615 προτρέπεταὶ
1199 5533 1307 5614 γὰρ
1332 5546 1359 5595 ὁ
1377 5533 1589 5612 deuio;
1613 5533 1838 5607 πάνταςξ
1854 5533 1958 5600 etc.
2142 5533 2218 5624 ρ’)
2256 5541 2317 5594 Ν.
2350 5533 2679 5629 ’ἹκΤῆξθιελ
2698 5542 2901 5629 .εύχὰς
2922 5536 3213 5629 ύμιῖιν.
3246 5537 3277 5592 8
3296 5577 3309 5603 ,
3344 5537 3401 5603 9,
3437 5533 3626 5610 ὀμωο.

473 5612 547 5680 t5)
589 5612 967 5681 Ὑποτάγητε(
1214 5612 1220 5614 ⁷
2074 5614 2295 5680 γοῦντες
2324 5630 2373 5665 τ.
2402 5614 2453 5665 ἁ.
2492 5612 2566 5681 ὑ.,
2600 5612 3064 5681 εὐχαριστήσατεν
3087 5616 3193 5663 etc.

472 5680 546 5751 (4)
581 5680 937 5753 Προσέλθατε.

2146 5684 2217 5750 (8)
2249 5682 2355 5735 Καί
2389 5698 2497 5739 non
2529 5680 2740 5749 legitur.
