4004 6212
410 278 549 333 11175
1250 287 1307 343 S.
1350 289 1716 350 ATHANASII
1756 296 1906 351 ΟΡΡ.
1947 300 1991 354 P

2112 303 2127 357 ἱ
2162 301 2249 360 ll].
2292 335 2357 345 -—
2397 305 2804 364 EXEGETICA.
3498 313 3639 370 1076
3688 310 3693 314 ’

476 426 565 481 12.
599 425 666 481 Ει
696 440 870 496 usque
908 427 963 481 in
1003 429 1404 496 generationem
1426 474 1442 501 ,
1479 445 1532 490 et
1570 438 1969 507 generationem
2001 423 2048 479 Α

2144 423 2231 520 12Σ
2261 423 2369 477 Καὶ
2399 424 2505 489 ἕως
2524 427 2717 494 γενεᾶς
2747 427 2838 480 καὶ
2867 428 3058 495 γενεᾶς
3076 426 3324 501 [γενεῶν]
3349 432 3383 502 ἡ
3411 432 3637 507 ἀλήθεια

410 515 835 589 [generationes]
868 518 1067 572 veritas
1093 519 1231 587 ejus.
2068 515 2254 563 αυτοῦ.

781 607 1036 663 Psalmus
1064 609 1258 666 David.
1287 611 1489 670 PSAL.
1520 616 1561 670 C

2389 604 2634 674 Ψαλμὸς
2664 604 2743 670 τῷ
2767 607 2965 662 Δαϐίὸ.
3004 609 3177 663 ΨΑΛ.
3212 613 3290 665 P'.

480 703 532 756 1.
567 701 989 759 Misericordiam
1016 712 1071 756 et
1097 701 1371 773 judicium
1409 709 1642 763 cantabo
1685 710 1814 776 tibi,
1866 710 1971 767 Do—

1758 710 1814 776 ri,
1866 710 1971 767 Do.
2138 708 2191 763 1.
2224 709 2412 764 Ἐλεον
2445 710 2538 763 καὶ
2574 711 2754 783 κρίσιν
2784 711 2985 784 ᾄσομαί
3012 731 3114 781 σοι,
3145 716 3339 787 Κύριε·

408 809 591 848 mine:

475 886 530 940 2.
571 884 805 941 Psallam
855 894 909 940 et
964 884 1263 959 intelligam
1325 888 1381 943 in
1433 890 1519 944 via
1582 890 1965 958 immaculata,

2134 886 2188 941 2.
2213 887 2384 943 Ψαλῶ
2426 890 2523 943 καὶ
2560 892 2775 963 συνήσω
2802 894 2858 946 ἐν
2883 891 2988 962 ὀδῷ
3019 891 3265 965 ἀμώμῳ,
3313 894 3442 948 πότε
3479 896 3633 967 ἣξεις

406 977 625 1047 quando
650 976 834 1032 venies
855 977 921 1033 ad
954 993 1062 1033 me.

735 976 834 1032 lies
855 977 921 1033 ad
954 993 1062 1033 me.
2066 979 2203 1051 πρὸς
2231 980 2316 1051 μέ.

475 1072 528 1125 5.
562 1069 1010 1126 Perambulabam
1068 1070 1125 1126 in
1176 1071 1490 1128 innocentia
1537 1073 1720 1128 cordis
1760 1073 1868 1128 mei
1912 1074 1968 1128 in

2131 1071 2185 1129 5.
2218 1073 2622 1145 Διεπορευόμην
2654 1075 2713 1127 ὲν
2756 1075 2963 1147 ἀκακία
2990 1075 3215 1147 καρδίας
3256 1092 3369 1146 μου-
3388 1079 3446 1130 ἐν
3479 1077 3638 1148 μέσῳ

406 1159 585 1215 medio
615 1158 816 1214 domus
844 1175 998 1218 meae.

904 1175 998 1218 eae.
2063 1161 2158 1216 τοῦ
2185 1163 2331 1217 οῐκου
2367 1182 2485 1235 μου.

473 1250 527 1305 4.
561 1247 681 1304 Non
735 1250 1106 1321 proponebam
1159 1256 1284 1308 ante
1320 1252 1504 1309 oculos
1541 1268 1690 1309 meos
1731 1266 1846 1309 rem
1886 1252 1969 1308 in-

2135 1254 2190 1307 ι.
2230 1255 2305 1308 Οὐ
2350 1256 2713 1329 προετιθὲμην
2758 1258 3135 1332 [προεθέμην]
3185 1260 3289 1333 πρὸ
3340 1260 3630 1332 ὀφθαλμῶν

396 1341 602 1412 justam
632 1361 645 1395 :

2071 1362 2171 1414 μου
2200 1348 2432 1418 πρᾶγμα
2464 1349 2778 1420 παράνομον
2796 1366 2812 1382 ⁸

471 1433 524 1488 5.
560 1432 843 1490 Facientes
883 1435 1363 1504 praevaricationes
1385 1437 1551 1490 odivi.

2134 1437 2187 1491 5.
2223 1436 2516 1502 Ποιοῦντας
2546 1440 2882 1511 παραϐάσεις
2911 1441 3164 1513 ἐμίσησα.

468 1526 525 1581 6.
559 1524 678 1580 Non
708 1525 939 1581 adhaesit
962 1526 1098 1581 mihi
1123 1542 1220 1582 cor
1250 1543 1477 1598 pravum
1505 1547 1532 1581 :~

2133 1528 2186 1582 6.
2215 1529 2329 1582 Οὐκ
2358 1529 2617 1602 ἐκολλήθη
2653 1549 2742 1601 μοι
2770 1533 2966 1605 καρδία
2997 1534 3213 1606 σκαμϐη
3233 1552 3246 1566 ·

471 1619 523 1674 7.
561 1616 930 1675 Declinaan
977 1636 1008 1675 a
1057 1635 1144 1675 me
1188 1620 1485 1691 malignum
1530 1637 1637 1675 non
1671 1635 1968 1692 cognosce-

2139 1621 2192 1676 7.
2233 1620 2599 1686 Ἐκκλίνοντος
2623 1624 2717 1677 ἀπ’
2753 1624 2886 1699 ἐμοῦ
2911 1625 3004 1683 τοῦ
3029 1626 3284 1698 πονηροῦ,
3319 1628 3418 1680 οὐκ
3440 1628 3628 1696 ἐχίνω-

399 1712 546 1766 bam.

2071 1728 2216 1766 σκον.

470 1801 527 1855 8.
560 1800 952 1857 Detrahentem-
980 1808 1192 1855 secreto
1222 1801 1477 1871 proximo
1516 1816 1635 1869 suo,
1669 1801 1813 1857 hunc
1839 1816 1962 1871 per-
1994 1781 2036 1838 Β

2136 1803 2187 1858 8.
2224 1803 2329 1857 Τὸν
2358 1805 2761 1860 καταλαλοῦντα
2794 1807 2968 1881 λάθρα
2997 1809 3088 1864 τὸν
3117 1809 3339 1882 πλησίον
3358 1809 3471 1882 [τοῦ
3496 1812 3624 1882 πλη-

400 1891 687 1964 sequebar.

2069 1894 2207 1967 σίου]
2236 1895 2422 1962 αὑτοῦ,
2446 1896 2635 1951 τοῦτον
2667 1897 2965 1963 ὲξεδίωκον.

469 1987 523 2041 9.
556 1986 801 2056 Superbo
843 1986 1023 2054 oculo,
1053 1996 1107 2042 et
1153 1984 1451 2042 insatiabili
1485 1985 1664 2048 corde,
1700 1998 1823 2039 cum
1858 1982 1960 2038 hoc

2137 1985 2188 2040 9.
2228 1986 2592 2060 Ὑπερηφάνῳ
2640 1989 2901 2062 ὀφθαλμῷ
2924 2032 2940 2056 ,
2989 1993 3080 2046 καὶ
3112 1993 3368 2066 ἀπλήστῳ
3401 1993 3627 2069 καρδίᾳ-ν

397 2091 508 2132 non
538 2076 783 2132 edebam.

2062 2074 2234 2145 τούτῳ
2260 2077 2322 2129 οὑ
2350 2077 2650 2147 συνήσθιον.

470 2166 558 2220 10.
587 2165 745 2221 Oculi
773 2168 880 2221 mei
907 2167 974 2221 ad
1002 2166 1186 2222 ﬁdeles
1217 2173 1411 2226 terrae.
1568 2198 1571 2201 -

2131 2167 2216 2222 10.
2254 2168 2316 2220 Oi
2349 2167 2615 2240 ὀφθαλμοί
2643 2187 2744 2241 μου
2778 2172 2870 2224 ἐπι
2895 2189 3019 2234 τους
3047 2189 3268 2238 πιστους
3298 2193 3397 2247 της
3429 2191 3551 2247 γης,

466 2256 555 2314 11.
591 2256 663 2313 Ut
687 2258 908 2314 sedeant
933 2258 1035 2329 ipsi
1063 2272 1294 2313 mecum.

2134 2257 2220 2309 11.
2258 2256 2364 2308 Τοῦ
2396 2258 2769 2331 ωγκαθῆᾳθαι
2792 2262 2986 2327 αὐτοὺς
3013 2266 3129 2334 μετ’
3158 2265 3310 2337 ἐμοῦ.

470 2350 554 2406 12.
581 2351 880 2407 Ambulans
922 2353 975 2406 in
1017 2352 1110 2405 via
1156 2348 1538 2413 immaculata,
1574 2348 1662 2403 hic
1694 2347 1827 2402 mibi
1858 2348 1960 2401 mi-

2132 2345 2219 2398 12.
2253 2347 2626 2418 Πορευόμενος
2678 2353 2736 2404 ἐν
2772 2352 2875 2424 ὁδῷ
2909 2352 3153 2427 ἀμώμῳ,
3189 2353 3339 2423 οὗτός
3369 2377 3456 2431 μοι
3493 2359 3637 2415 ﬂata

396 2443 685 2500 nistrabat.

2060 2435 2150 2489 τού
2160 2454 2297 2508 ργει.

1518 2599 1606 2654 AT
1611 2596 1893 2654 HANASII
1935 2596 2518 2655 INTEBPRETATIO.

464 2761 555 2818 12.
587 2760 657 2816 Et
679 2761 814 2819 ﬁdes
840 2762 967 2833 ejus.
985 2762 1334 2833 sempiterna.

2140 2757 2223 2811 12.
2251 2758 2362 2812 Καὶ
2393 2760 2426 2829 ἡ
2458 2758 2639 2824 πίστις
2669 2759 2832 2813 αὑτοῦ
2860 2760 3229 2832 ἀτελεύτητος.

477 2876 543 2930 Ἠ
572 2875 908 2948 προκειμένη
938 2875 1216 2948 ἐπιγραφὴ
1251 2874 1496 2946 περιέχει
1527 2872 1601 2942 (1)
1624 2889 1638 2903 ·
1676 2870 1925 2941 Ψαλμόςλ
1952 2870 2031 2936 τῷ
2063 2870 2274 2935 Δαόὶδ,
2320 2871 2563 2924 τουτέστι
2621 2869 2702 2948 τῷ
2743 2871 3164 2940 εὐαρεστοῦντι
3195 2872 3266 2925 ἐν
3294 2872 3445 2926 πᾶσι
3485 2871 3627 2945 Θεῷ,

408 2967 798 3042 Ἕρμηνεύεται
823 2968 931 3039 γὰρ
949 2966 1124 3039 τῷ-(2)
1147 2964 1240 3020 τοῦ
1271 2964 1449 3039 Δαϐίδ
1470 2962 1640 3034 ὄνομα
1660 2961 1874 3016 τοῦτον
1900 2961 2159 3031 ἐποίησα
2181 2959 2536 3035 [ἠγάπησα],
2563 2962 2762 3016 ὡσανεὶ
2788 2962 2894 3016 τῶν
2910 2964 2968 3013 ὲν
2997 2963 3131 3016 πᾶσι
3156 2961 3273 3033 Θεῷ
3294 2962 3619 3034 εὐαρεστῶν,

462 3061 678 3118 Titulus
700 3060 1022 3132 praepositus
1048 3060 1293 3116 continet
1325 3076 1339 3113 :
1379 3055 1630 3112 Psalmus
1658 3054 1863 3121 David,
1902 3054 2008 3110 hoc
2036 3063 2117 3110 est
2146 3056 2230 3123 ei,
2266 3056 2357 3124 qui
2392 3057 2447 3109 in
2485 3057 2726 3109 omnibus
2756 3056 3040 3125 comptacet
3077 3054 3207 3111 Deo.
3240 3055 3627 3127 Interpretatur

393 3155 542 3210 enim
579 3153 751 3208 David
779 3168 975 3209 nomen
995 3152 1131 3206 hunc
1158 3151 1258 3221 feci
1282 3146 1516 3222 [dilexi],
1548 3162 1740 3217 nempe
1772 3162 1922 3212 eum,
1948 3147 2063 3218 qui;
2091 3147 2145 3201 in
2180 3147 2437 3202 omnibus
2467 3146 2579 3203 Deo
2603 3148 2921 3218 cumplacet.

466 3243 521 3299 1.
552 3242 968 3300 Beneticentiam
1005 3252 1191 3306 tuam,
1236 3250 1297 3295 et
1332 3239 1492 3294 ﬁdem
1533 3249 1682 3293 tuam
1730 3238 1959 3292 medita-
1985 3249 2029 3307 α

2131 3237 2183 3291 1.
2214 3238 2325 3310 Τὴν
2352 3237 2596 3292 εὐποιίαν
2622 3256 2714 3292 σου
2743 3239 2835 3292 καὶ
2857 3240 2956 3310 τὴν
2988 3239 3168 3292 πίστιν
3194 3256 3288 3292 σου
3321 3240 3618 3311 μελετήσω,

397 3338 523 3402 bor,
555 3335 803 3392 Domine.

678 3337 803 3391 line.
2065 3328 2259 3400 Κύριε.

466 3430 520 3484 2.
556 3429 891 3500 lntelligam,
931 3442 1053 3498 qua:
1080 3424 1311 3496 psallam
1348 3424 1405 3478 in
1438 3423 1602 3479 corde
1641 3436 1798 3493 puro,
1833 3436 1959 3477 cum

2133 3417 2187 3471 2.
2238 3416 2506 3490 Ἐννοήσω
2555 3418 2629 3488 (5)
2669 3417 2813 3488 ἅπερ
2858 3417 3012 3489 ψαλῶ
3056 3421 3113 3473 ὲν
3157 3418 3351 3491 καρδία
3394 3419 3628 3492 καθαρᾷ,

396 3520 723 3577 inhabitabit
750 3521 805 3574 in
835 3534 922 3575 me
947 3518 1121 3590 gratia
1141 3527 1256 3583 tua,
1293 3515 1542 3571 Domine.

2063 3511 2191 3564 ὅταν
2219 3509 2583 3583 ὲπισκηνώσει
2615 3513 2649 3582 ἡ
2679 3512 2836 3583 χάρις
2864 3528 2979 3576 σου,
3007 3512 3198 3585 Κύριε.

465 3611 522 3667 ὃ.
556 3609 949 3666 Permanebam
1003 3609 1060 3663 in
1089 3607 1454 3664 exsultatione
1512 3605 1695 3662 cordis
1746 3602 1853 3659 mei
1906 3601 1961 3656 in

2129 3602 2183 3657 5'.
2211 3601 2490 3656 Διετέλουν
2544 3604 2603 3656 ὲν
2653 3602 2974 3672 ἀγαλλιάσει
3014 3605 3112 3674 τῆς
3155 3604 3381 3674 καρδίας
3423 3622 3527 3678 μευ
3573 3608 3632 3659 ὲν

395 3704 576 3760 medio
618 3705 986 3759 membrorum
1026 3715 1294 3756 meorum.

1141 3716 1294 3755 vrum.
2016 3698 2017 3701 “
2067 3696 2216 3766 μέσῳ
2246 3694 2352 3748 τῶν
2387 3694 2563 3765 μελῶν
2600 3713 2722 3778 μου.

468 3797 522 3851 4.
554 3794 675 3852 Non
704 3795 893 3866 recepi
916 3795 974 3849 in
1000 3801 1189 3850 mente
1209 3793 1392 3848 cordis
1418 3791 1524 3846 mei
1562 3805 1677 3854 rem
1713 3802 1959 3859 pravam.

2134 3786 2187 3841 4.
2223 3786 2336 3839 Οὐκ
2368 3786 2629 3868 ὲδεχόμην
2670 3790 2728 3841 ἐν
2766 3790 2831 3859 τῇ
2874 3787 3082 3858 διανοίᾳ
3127 3786 3224 3857 τῆς
3262 3786 3490 3858 καρδίας
3527 3802 3624 3859 μου

2063 3880 2296 3949 πρᾶγμα
2324 3876 2398 3950 (4)
2432 3879 2697 3950 πονηρόν.

464 3975 517 4030 5.
553 3973 923 4045 Cogitationes
969 3969 1289 4025 diabolicas.

2134 3972 2186 4029 5.
2230 3970 2587 4043 Ἐνθυμήσεις
2619 3973 2956 4044 δαιμονικάς.

465 4059 520 4112 6.
560 4056 819 4112 Doctrina
842 4054 1065 4110 diaboli.

2134 4062 2187 4116 6.
2217 4061 2545 4116 Διδασκαλία
2574 4063 2665 4116 τοῦ
2698 4063 2961 4118 διαϐόλου.

469 4150 525 4205 7..
557 4148 873 4204 Absistente
896 4160 1090 4217 parum
1122 4161 1155 4200 a
1193 4160 1280 4200 me
1309 4144 1571 4224 maligno,
1597 4159 1706 4198 non
1739 4149 1965 4198 cuncta-

2132 4152 2186 4205 7.
2227 4153 2621 4224 Ἀφισταμένου
2673 4156 2865 4227 μικρὸν
2913 4156 3011 4221 ἀπῗι
3040 4156 3173 4227 ἐμοῦ
3214 4154 3310 4210 τοῦ
3357 4154 3628 4229 πονηροῦ,

396 4244 520 4308 bar,
543 4240 639 4297 sed
665 4239 1042 4309 inspiciebant.
2062 4242 2161 4296 οὒκ
2187 4243 2420 4315 ἤμελλον
2446 4244 2544 4315 (5),
2576 4230 2703 4299 ἀλλ”
2725 4247 2972 4319 ἐνηφόρῳ
3005 4246 3367 4321 [ὲναφὼρων].

469 4334 520 4388 8.
552 4329 952 4401 Cogitationem
1003 4335 1378 4399 suggerentem
1417 4325 1551 4382 mihi
1594 4324 1799 4396 aliquid
1838 4339 1984 4393 pra-.

2133 4334 2187 4391 8.
2230 4335 2333 4388 Τὸν
2364 4335 2631 4409 λογισμὸν)
2650 4337 2740 4391 τὸν
2771 4338 3152 4395 ὑποϐάλλοντα
3176 4339 3266 4411 μοί
3304 4358 3357 4394 τι
3398 4339 3625 4411 πονηρὸν

394 4437 529 4476 vum
574 4429 768 4476 contra
805 4420 1056 4489 aliquem.
1089 4419 1382 4474 hominem
1403 4418 1689 4488 ejiciebam
1735 4433 1764 4472 e
1798 4417 1963 4471 corde

2064 4425 2208 4479 κατά
2239 4444 2383 4491 τινος
2405 4427 2514 4481 τῶν
2546 4428 2845 4502 ἀνθρώπων
2872 4429 3119 4494 ἐξέϐαλον
3162 4433 3227 4484 ὲκ
3269 4432 3368 4504 τῆς
3408 4431 3626 4504 καρδίας

396 4526 541 4568 meo.
2067 4536 2189 4589 μου.

465 4602 520 4658 9.
564 4601 776 4658 Sensus
825 4602 1136 4672 superbiae,
1185 4608 1241 4656 et
1290 4600 1532 4656 avaritia:
1580 4614 1691 4655 non
1743 4599 1853 4653 alui
1904 4600 1956 4653 in
1989 4606 2034 4660 1)

2140 4606 2194 4675 9.
2235 4608 2591 4682 Ἐνθυμήσεις
2627 4609 2704 4682 (6)
2741 4611 3114 4684 ὑπερηφανίας
3146 4613 3239 4677 καὶ
3277 4613 3626 4685 φιλαργυρία,

394 4695 562 4753 corde
594 4708 737 4749 meo.

2067 4700 2167 4763 οὐκ
2191 4698 2420 4772 ἔτρεφον
2444 4704 2501 4755 ἐν
2524 4704 2589 4773 τῇ
2621 4702 2815 4774 καρδία
2849 4719 2969 4774 μου.

466 4784 553 4851 10,
582 4784 669 4840 11.
696 4783 848 4841 Mens
894 4800 1016 4840 mea
1058 4784 1113 4839 in
1159 4784 1451 4855 praeceptis
1489 4783 1622 4848 tuis,
1658 4788 1720 4836 ut
1748 4796 1963 4853 perma-

2144 4789 2232 4857 10,
2269 4792 2357 4849 11.
2409 4792 2475 4846 Ἦ
2506 4793 2714 4847 διάνοια
2744 4811 2846 4865 μου
2881 4797 2938 4848 ὲν
2978 4799 3089 4859 τοῖς
3123 4797 3504 4868 προστάγμασί
3543 4795 3627 4849 σού

395 4886 563 4934 neant
594 4877 713 4946 ipsa
746 4877 805 4931 in
832 4877 997 4932 corde
1027 4891 1167 4932 meo.

2070 4884 2186 4934 ἐστι
2210 4882 2304 4936 τοῦ
2333 4883 2606 4956 διαμένειν
2628 4886 2769 4939 αὐτὰ
2792 4887 2850 4938 ἐν
2878 4888 2943 4957 τῇ
2971 4886 3165 4958 καρδίᾳ
3196 4904 3338 4958 μου..

466 4970 553 5026 12.
594 4968 832 5040 Spiritus
866 4977 1090 5026 sanctus
1129 4978 1256 5025 tuus
1293 4968 1390 5023 hic
1443 4967 1574 5022 mihi
1621 4966 1965 5022 ministrabat

2148 4973 2234 5027 12.
2281 4975 2354 5028 Τὸ
2388 4974 2612 5048 Πνεῦμά
2646 4993 2738 5029 σου
2778 4977 2838 5030 τὸ
2865 4978 3017 5046 ἅγιον
3050 4962 3202 5041 ’έοῦτό
3250 4978 3326 5050 (7)
3371 4997 3471 5051 μοι,
3505 4978 3607 5033 tm

395 5066 624 5135 gratiam
658 5073 832 5118 tuam.

2067 5065 2287 5138 τούργει
2314 5066 2412 5139 τὴν
2433 5068 2590 5141 χάριν
2614 5085 2727 5123 σου.
3276 5050 3280 5057 Α
3376 5050 3399 5060 θ’

1351 5236 1657 5299 Addenda
1694 5248 1755 5297 et
1791 5239 2167 5319 corrigenda
2198 5260 2275 5304 ex
2308 5245 2447 5308 cod.
2480 5247 2683 5310 Vatia.

665 5385 877 5462 διὰητῇς
895 5384 1280 5462 κινναϐάρεως
1306 5381 1585 5462 περιέχει...
1784 5454 1796 5462 _
1943 5453 1956 5462 .
2248 5389 2439 5462 Λόγον.

467 5451 542 5531 (2)
586 5455 660 5508 Τὸ
682 5455 777 5531 σεοῢ
802 5451 972 5531 ῥαόὶδ
1010 5451 1210 5531 ὄνομα,
1239 5451 1426 5506 τοῦτον
1459 5451 1720 5523 ἐπόθησε,
1768 5453 1966 5507 ὡσανεὶ
2263 5451 2546 5531 Ἦμέλουν,
2575 5461 2689 5516 ἀλλ’
2723 5461 2918 5531 ενιφον,

393 5522 1211 5603 τδν.ἒ-.Ξέο.εὶοἐὐαρεποῖξνέαι
1376 5591 1388 5603 .
1580 5593 1592 5603 .
1846 5598 1859 5603 -
2138 5522 2216 5603 (ﬁl
2253 5522 2598 5603 ’E‘I'thciv.
2627 5541 2752 5599 εισι,
2783 5522 3022 5602 ἔ⁵τρεφον.
3050 5538 3157 5587 οων

465 5591 538 5660 (5)
554 5592 768 5671 [Vult-1'),
805 5589 899 5647 καὶ
942 5599 1152 5667 συνήσω
1175 5595 1329 5666 ,ειπερ
1362 5589 1547 5663 ψάλλω
1578 5593 1654 5660 ἐν,
1684 5605 1812 5661 elc.,
1844 5598 1964 5651 ἐπι·
2251 5601 2390 5653 Λύτό
2414 5589 2532 5671 ’μὸι.

398 5660 685 5729 σκηνώσει,
720 5672 826 5717 etc.
