4004 6212
348 311 478 369 10ἳῖ
1361 311 1447 367 DE
1491 313 1764 370 TlTULlS
1802 314 2250 372 PSALMORUM.
2290 347 2360 360 -—
2387 315 2581 376 PSAL.
2616 319 2700 374 Cl.
3435 324 3569 378 1078

417 430 500 484 15.
547 427 620 482 Οὐ
663 425 896 498 κατῴκει
944 425 1001 478 ἐν
1036 424 1184 498 μέσῳ
1225 428 1322 499 τῆς
1367 430 1544 494 οἰκίας
1595 448 1694 500 μου
1745 431 1910 485 ποιῶν
1938 439 1985 495 Α

2088 431 2174 485 15.
2217 430 2334 486 Νοη
2361 433 2638 489 habitabat
2663 435 2716 488 in
2755 433 2934 489 medio
2959 431 3152 488 domus
3179 446 3338 498 mea,
3369 437 3461 505 qui
3485 435 3566 491 fa-

341 520 738 593 ὑπερηφανίαν.

2010 520 2084 573 cit
2115 521 2444 588 superbiam.

416 612 503 667 14.
549 611 738 666 Λαλῶν
795 611 988 678 ἄδικα,
1038 613 1098 666 οὐ
1150 611 1477 668 κατεύθυνεν
1527 615 1754 668 ἐνώπιον
1801 615 1908 669 τῶν

2088 609 2175 664 14.
2206 610 2310 678 Qui
2336 613 2579 682 loquitur
2603 614 2812 684 iniqua,
2839 631 2945 669 non
2971 613 3165 670 direxit
3195 614 3248 668 in
3277 624 3565 684 conspectu

341 703 633 774 ὀφθαλμῶν
670 721 790 774 μου.

2011 702 2291 757 oculorum
2331 718 2593 759 meorum.

415 797 499 850 15.
533 796 626 858 Εἰς
653 795 752 856 τὰς
779 795 988 864 πρωῒας
1006 795 1321 848 ἀπέκτεινον
1342 794 1684 866 [ἀπέκτενον]
1702 794 1905 858 πάντας

2086 793 2176 847 15.
2208 792 2266 847 ln
2299 795 2566 850 matutino
2597 796 2983 852 interficiebam
3026 811 3215 852 omnes
3255 804 3567 867 peccatores

340 891 465 951 τοὺς
496 885 850 958 ἁμαρτωλοὺς
879 886 976 956 τῆς
1000 887 1103 958 γῆς
1119 927 1134 951 ο

600 885 850 958 ιρτωλοὺς
879 886 976 956 τῆς
1000 887 1103 958 γῆς
1119 927 1134 951 ,
2005 892 2181 939 terrae.

413 980 499 1034 16.
527 980 630 1032 Τοῦ
676 979 1048 1050 ἐξολοθρεῦσαι
1086 981 1149 1033 ἐκ
1198 979 1402 1044 πόλεως
1447 981 1653 1052 Κυρίου
1699 980 1904 1043 πάντας

2078 976 2165 1030 16.
2202 977 2269 1033 Ut
2321 979 2688 1049 disperderem
2733 980 2802 1034 de
2847 979 3062 1034 civitate
3111 977 3326 1034 Domini
3376 993 3564 1034 omnes

338 1073 466 1136 τοὺς
497 1072 896 1144 ἐργαζομένους
919 1071 1018 1143 τὴν
1047 1072 1293 1142 ἀνομίαν.

1111 1072 1293 1142 ομίαν.
2009 1055 2299 1144 operantes
2333 1069 2692 1141 iniquitatem.

339 1186 654 1256 Προσευχὴ
685 1185 766 1252 τῷ
803 1183 1032 1254 πτωχῷ,
1064 1183 1208 1237 ὅταν
1248 1183 1572 1252 ἀκηδιάσῃ,
1601 1182 1697 1236 καὶ
1725 1182 1904 1235 ἐναν-

2013 1186 2195 1243 Oratio
2235 1186 2482 1256 pauperi,
2511 1199 2630 1237 cum
2669 1182 2858 1235 anxius
2896 1183 3086 1252 fuerit,
3118 1189 3166 1235 et
3207 1182 3262 1234 in
3296 1189 3570 1248 conspectu

409 1286 539 1336 τίον
617 1283 833 1350 Κυρίου
938 1278 1118 1349 ἐκχέῃ
1186 1280 1300 1348 τὴν
1393 1280 1605 1349 δέησιν
1693 1277 1898 1333 αὐτοῦ.

1843 1277 1898 1332 ὗ.
2145 1278 2356 1333 Domini
2391 1277 2631 1346 effuderit
2656 1293 2853 1346 precem
2891 1293 3064 1332 suam.
3096 1274 3296 1331 PSAL.
3328 1275 3423 1332 CI.

417 1375 590 1428 ΨΑΛ.
630 1371 761 1426 ΡΑ’.
2665 1415 2673 1421 .

417 1467 470 1522 1.
503 1465 696 1536 Κύριε,
732 1464 1046 1517 εἰσάκουσον
1071 1463 1167 1533 τῆς
1195 1462 1500 1533 προσευχῆς
1524 1479 1623 1532 μου
1643 1478 1657 1492 ·

1618 1478 1657 1511 ι·
2078 1458 2128 1511 1.
2163 1457 2409 1522 Domine,
2441 1457 2636 1512 exaudi
2660 1457 2960 1512 orationem
2983 1472 3159 1513 meam
3186 1476 3199 1487 ·

410 1557 464 1610 2.
498 1557 608 1608 Καὶ
631 1559 664 1625 ἡ
699 1556 910 1625 κραυγή
947 1572 1046 1626 μου
1075 1553 1210 1625 πρὸς
1242 1554 1300 1607 σὲ
1329 1553 1546 1607 ἐλθέτω.

1446 1572 1546 1606 τω.
2071 1546 2125 1600 2.
2159 1546 2224 1601 Et.
2243 1546 2448 1602 clamor
2483 1561 2639 1601 meus
2661 1546 2728 1600 ad
2759 1555 2809 1601 te
2830 1546 3027 1601 veniat.

407 1648 459 1700 3.
489 1647 577 1717 Μὴ
609 1645 953 1717 ἀποστρέψῃς
981 1645 1041 1699 τὸ
1065 1645 1353 1716 πρόσωπόν
1387 1663 1478 1697 σου
1501 1645 1594 1697 ἀπ’
1621 1646 1752 1714 ἐμοῦ
1775 1662 1788 1675 °

1528 1645 1594 1697 ιπ⁹
1621 1646 1752 1714 ἐμοῦ
1775 1662 1788 1675 ο
2071 1640 2125 1694 3.
2149 1638 2266 1694 Non
2289 1648 2503 1695 avertas
2533 1639 2724 1695 faciem
2757 1649 2900 1695 tuam
2928 1656 2960 1695 a
2982 1655 3069 1695 me
3096 1658 3109 1672 ·

409 1737 461 1789 4.
499 1737 587 1789 Ἐν
684 1737 749 1791 ἂν
781 1736 966 1808 ἡμέρᾳ
1006 1736 1292 1808 θλίόωμαι,
1337 1736 1515 1790 κλῖνον
1558 1733 1694 1805 πρὸς
1739 1734 1806 1805 μὲ
1838 1735 1899 1787 τὸ
1928 1783 1968 1837 Β

2069 1731 2124 1784 4.
2153 1730 2211 1785 ln
2243 1747 2570 1802 quacunque
2609 1733 2696 1787 die
2736 1731 2986 1798 tribulor,
3017 1730 3222 1785 inclina
3258 1729 3326 1783 ad
3350 1743 3436 1784 me
3466 1744 3563 1784 an-

333 1825 427 1892 οὖς
460 1845 573 1882 σου.
1784 1853 1788 1855 ν

1784 1853 1788 1855 »
1928 1825 1968 1837 "
1995 1837 2110 1876 rem
2145 1831 2316 1876 tuam.

407 1919 458 1972 5.
506 1920 591 1972 Ἐν
714 1918 778 1972 ἂν
819 1919 1000 1990 ἡμέρᾳ
1034 1916 1438 1988 ἐπικαλέσωμαί
1480 1934 1567 1982 σε,
1610 1919 1746 1987 ταχὺ
1795 1917 1894 1969 ἐπ-

2066 1911 2207 1966 5.1n
2273 1927 2602 1983 quacunque
2657 1912 2746 1968 die
2798 1913 3121 1967 invocavero
3175 1918 3249 1975 te,
3305 1909 3564 1965 velociter

333 2012 466 2064 άκου
475 2010 562 2064 σόν
598 2026 716 2080 μου.

1992 2004 2186 2060 exaudi
2210 2020 2316 2060 me.
2937 2045 2939 2047 ,

403 2101 454 2156 6.
487 2101 606 2156 Ὀτι
635 2101 880 2167 ἐξέλιπον
903 2101 1034 2154 ὡσεὶ
1065 2100 1267 2163 καπνὸς
1291 2101 1345 2153 αἱ
1373 2098 1572 2169 ἡμέραι
1605 2115 1706 2168 μου
1726 2113 1742 2129 '

2061 2093 2114 2147 6.
2151 2093 2290 2159 Quia
2326 2093 2645 2150 defecerunt
2679 2093 2821 2150 sicut
2844 2092 3029 2150 fumus
3061 2093 3178 2148 dies
3202 2091 3350 2147 mei:

404 2193 455 2247 7.
489 2195 595 2246 Kal.
625 2193 693 2247 τά
733 2194 866 2247 ὀστᾶ
912 2210 1010 2263 μου
1043 2193 1173 2246 ὡσεί
1202 2191 1428 2262 φρύγιον
1460 2188 1888 2259 συνεφρύγησαν.

1700 2205 1888 2258 γησαν.
2065 2187 2117 2242 7.
2151 2186 2218 2242 Et
2244 2202 2367 2244 ossa
2394 2203 2514 2243 mea
2542 2189 2684 2243 sicut
2711 2187 2976 2242 cremium
3002 2192 3281 2240 aruerunt.

1448 2343 1824 2401 ATHANASII
1855 2342 2442 2399 INTERPRETATIO.

409 2504 492 2559 l3.
519 2505 593 2558 Οὐ
619 2502 850 2576 κατῴκει
881 2501 958 2574 (1)
982 2504 1039 2559 ἐν
1066 2506 1134 2575 τῇ
1161 2501 1356 2573 καρδίᾳ
1385 2517 1486 2571 μου
1517 2498 1778 2571 λογισμὸς
1797 2498 1891 2552 τοῦ

2075 2498 2156 2553 15.
2191 2496 2311 2552 Non
2337 2496 2618 2552 habitabat
2657 2496 2715 2552 in
2751 2496 2916 2553 corde
2952 2510 3076 2551 nico
3111 2494 3380 2550 diabolica
3413 2494 3557 2564 cogi-

330 2594 575 2654 διαϐόλου
633 2593 639 2605 ⁸

567 2611 575 2646 ι
633 2593 639 2605 ⁸
2002 2590 2148 2644 talio.

403 2684 503 2739 M.‘
548 2682 962 2754 Ύποτιθέμενός
1013 2700 1100 2753 μοι
1148 2682 1472 2752 ἐνθυμήσεις
1530 2679 1746 2740 ἀδίκους
1797 2677 1896 2729 οὐκ

2073 2681 2163 2736 14.
2202 2679 2510 2751 Subjiciens
2568 2682 2704 2737 mihi
2761 2680 3117 2752 cogitationes
3166 2677 3398 2750 injustas
3448 2693 3555 2733 non

333 2775 551 2844 ἴσχυσεν
585 2777 641 2828 ἐν
669 2777 734 2845 τῇ
759 2773 969 2844 διανοίᾳ
998 2790 1120 2843 μου.

2000 2774 2285 2842 praevaluit
2305 2775 2360 2828 in
2382 2781 2562 2829 mente
2582 2789 2722 2829 mea.

403 2866 492 2921 15.
528 2866 615 2919 Ἐν
642 2865 753 2936 γὰρ
779 2868 846 2936 τῇ
875 2865 1055 2936 χάριτί
1084 2881 1176 2918 σου
1203 2862 1563 2935 φωτιζόμενον
1587 2859 1665 2932 (2)
1693 2858 1897 2922 πάντας

2073 2864 2160 2919 15.
2195 2866 2333 2919 Nam
2351 2866 2525 2936 gratia
2555 2875 2642 2920 tua
2685 2865 3020 2920 illuminatus
3060 2877 3248 2918 omnes
3288 2876 3384 2917 eos
3416 2875 3562 2915 mor-

329 2957 528 3020 αὐτοὺς
559 2959 782 3029 νεκροὺς
808 2957 1061 3012 ἀπέλυον.

1007 2974 1061 3012 .ν,
2001 2958 2125 3009 tuos
2156 2955 2200 2986 ’ί
2235 2954 2588 3010 dimitteliam.

403 3048 491 3105 16.
524 3049 628 3102 Τοῦ
659 3049 957 3121 ἀπορρῖψαι
1001 3050 1065 3101 ἐκ
1096 3044 1188 3118 ’(⁸5)
1229 3048 1328 3117 τῆς
1357 3045 1580 3117 καρδίας
1627 3061 1726 3115 μου
1760 3041 1890 3095 πάν-

2072 3044 2161 3099 16.
2195 3043 2265 3100 Ut
2284 3046 2603 3116 projicerem
2633 3061 2698 3102 ex
2718 3045 2882 3114 corde
2909 3059 3030 3099 meo
3059 3058 3250 3098 omnes
3272 3049 3558 3112 aperantes

329 3159 429 3204 τας
461 3143 587 3205 τοὺς
612 3139 1011 3212 ἐργαζομένους
1041 3140 1140 3211 τὴν
1185 3140 1435 3210 ἀνομίαν,
1465 3138 1559 3191 καὶ
1591 3135 1767 3200 πάσας
1797 3135 1892 3198 τὰς

1999 3135 2360 3207 iniquitatem,
2398 3147 2453 3194 et
2495 3152 2685 3193 omnes
2725 3136 3080 3208 cogitationes
3125 3134 3560 3190 adversariarum

330 3231 654 3305 ἐνθυμήσεις
687 3232 792 3286 τῶν
822 3232 1078 3287 ἐναντίων
1107 3231 1404 3302 δυνάμεων.

767 3251 792 3286 ν
822 3232 1078 3287 ἐναντίων
1107 3231 1404 3302 δυνάμεων.
1921 3262 1964 3319 C
1998 3235 2348 3300 potestatum.

414 3366 478 3418 ’11
512 3365 843 3436 προκειμένη
877 3362 1154 3435 ἐπιγραφὴ
1182 3362 1424 3434 περιέχει
1451 3360 1528 3432 (4)
1550 3375 1565 3390 °
1593 3356 1911 3429 Ῑζοοσευχὴ
1944 3359 2024 3426 τῷ
2048 3361 2288 3433 πτωχῷ,
2317 3364 2560 3418 τουτέστι
2589 3364 2667 3430 τῷ
2692 3362 3034 3434 ἁμαρτωλῷ.
3066 3357 3222 3416 Εἶτα·
3251 3362 3396 3416 ὅταν
3420 3362 3566 3428 ἀκη-

329 3462 536 3532 διάσῃ,
572 3463 770 3517 ὡσανεί
798 3463 923 3516 ὅταν
965 3466 1045 3525 εἰς
1091 3461 1396 3529 ἀπόγνωσιν
1437 3458 1564 3530 ἔλθῃ
1598 3455 1823 3510 ἐαυτοῦ·
1866 3457 1964 3512 καί
2001 3459 2280 3514 ἐναντίον
2306 3462 2526 3529 Κυρίου
2557 3459 2751 3530 ἐκχέει
2791 3459 2905 3528 τὴν
2934 3459 3144 3527 δέησιν
3174 3457 3390 3513 αὐτοῦ’
3425 3457 3566 3526 λέγω

328 3555 395 3625 δὴ
432 3554 721 3625 μετανοῶν,
747 3555 830 3622 ἐφ’
857 3549 1052 3626 οἷσπερ
1085 3553 1298 3625 ἐκρίψει
1339 3550 1526 3604 ἑαυτὸν
1555 3550 1640 3603 ἐπ’
1673 3549 1900 3620 ἐδάφους
1920 3591 1936 3616 ,
1961 3553 2056 3604 καὶ
2101 3549 2240 3622 μετὰ
2263 3551 2510 3624 δακρύων
2555 3550 2786 3624 ἰσχυρῶν
2816 3551 2909 3605 καὶ
2939 3551 3257 3622 στεναγμῶν
3283 3549 3566 3622 άλαλήτων

331 3647 728 3718 ὶξομολογεῖται
753 3647 830 3718 τῷ
854 3646 1040 3718 Κυρίῳ
1065 3648 1125 3699 ού
1155 3647 1412 3715 σχήματι,
1448 3643 1569 3697 ἀλλ’·
1591 3641 1771 3714 ἔργοις
1795 3642 1889 3696 καὶ
1920 3641 2116 3712 λόγοις.

404 3761 617 3820 Titulus
651 3765 970 3834 praepositus
989 3760 1265 3818 continet:
1297 3758 1482 3814 Oratio
1528 3757 1776 3827 pauperi,
1805 3755 1911 3812 hoc
1951 3770 2037 3812 est
2065 3760 2350 3828 peccatori.
2383 3759 2586 3814 Deinde
2618 3775 2632 3811 :
2675 3774 2792 3812 cum
2826 3757 3016 3809 anxius
3045 3754 3227 3824 fuerit,
3255 3751 3478 3822 perinde
3502 3767 3566 3806 ac

331 3858 378 3912 si
406 3858 610 3913 diceret
641 3872 767 3912 cum
791 3858 846 3912 in
867 3855 1303 3927 desperationem
1330 3851 1416 3908 sui
1443 3851 1560 3921 ipse
1579 3850 1790 3905 venerit
1820 3860 1903 3905 :et
1927 3868 2106 3908 coram
2135 3854 2359 3910 Domino
2374 3855 2620 3925 effuderit
2643 3834 3055 3923 deprecationem
3081 3870 3250 3918 suain,
3272 3852 3562 3922 prs-nitens.

331 3952 576 4020 inquam,
608 3967 820 4018 eorum,
841 3967 941 4022 pro
961 3949 1158 4020 quibus
1178 3946 1740 4018 seipsumfprosternit
1766 3960 1929 4016 super
1958 3956 2184 4016 terram,
2209 3959 2261 4006 et
2291 3967 2414 4006 cum
2447 3950 2702 4021 lacrymis
2724 3934 2937 4016 validis,
2959 3959 3014 4004 et
3036 3947 3324 4020 gemitibus
3346 3947 3562 4002 inenar-

333 4045 601 4100 rabilibus
639 4046 928 4101 conﬁtetur
950 4046 1181 4102 Domino
1210 4063 1319 4101 non
1355 4047 1543 4101 habitu
1576 4045 1844 4115 corporis,
1871 4046 1968 4102 sed
1992 4049 2174 4103 verbis
2207 4057 2261 4103 et
2286 4050 2562 4119 operibus.

406 4135 456 4188 1.
488 4133 681 4205 Κύριε,
709 4134 994 4188 εἰσελθέτω
1008 4138 1083 4198 εἰς
1099 4134 1168 4188 τὰ
1183 4129 1296 4188 ὦτά
1311 4152 1401 4188 σου
1421 4137 1454 4207 ὴ
1478 4135 1749 4207 προσευχή
1769 4151 1893 4205 μου.

2077 4138 2127 4192 1.
2161 4137 2409 4205 Domine,
2439 4137 2774 4208 ingrediatur
2801 4138 2856 4192 in
2893 4152 3050 4193 aures
3077 4146 3197 4192 tuas
3219 4134 3393 4192 oratio
3421 4151 3560 4192 mea.

401 4225 456 4278 2.
488 4225 599 4294 Τῆς
623 4225 846 4296 καρδίας
871 4243 972 4297 μου
996 4229 1024 4280 ό
1052 4227 1369 4297 στεναγμός.

1180 4227 1369 4297 αγμός.
2073 4229 2128 4283 2.
2159 4228 2406 4284 Gemitus
2433 4229 2612 4285 cordis
2635 4230 2761 4284 mei.

404 4317 458 4371 3.
492 4316 591 4370 Διὰ
615 4318 712 4382 τὰς
743 4317 1016 4389 ἁμαρτίας
1046 4335 1165 4390 μου.

2074 4321 2127 4375 5.
2157 4319 2385 4389 Propter
2414 4326 2633 4390 peccata
2655 4333 2793 4373 mea.

402 4407 456 4461 4.
492 4408 666 4463 Μόνον
705 4408 1016 4480 θλιὸόμενον
1049 4408 1409 4482 [θλιϐόμενος]
1437 4408 1514 4481 (5)
1544 4409 1723 4482 βοήσω
1762 4411 1900 4482 πρὸς

1704 4429 1723 4464 o
1762 4411 1900 4482 πρὸς
2077 4412 2134 4466 ι.
2167 4411 2377 4480 Solum,
2412 4424 2536 4466 cum
2566 4410 2817 4477 tribulor,
2843 4409 3090 4466 clamabo
3116 4409 3183 4464 ad
3213 4417 3285 4463 te.

333 4496 416 4550 σέ.

406 4589 458 4644 5.
492 4589 775 4660 Συντόμως
801 4590 1086 4662 πλήρωσόν
1121 4607 1221 4662 μου
1249 4589 1348 4662 τὴν
1381 4591 1614 4663 αἴτησιν.
1929 4564 1974 4619 D

1929 4564 1974 4619 Β
2076 4591 2131 4648 5.
2162 4590 2460 4647 Confestim
2484 4589 2647 4660 imple
2676 4587 2990 4659 petitionem
3021 4602 3217 4643 meam.

404 4677 458 4731 6.
490 4679 610 4732 ’Ότι
641 4681 697 4732 ἐν
731 4680 972 4753 ἁμαρτίᾳ
998 4681 1073 4751 (6)
1104 4683 1407 4752 γεγήρακα.

1356 4697 1407 4734 α.
2075 4682 2130 4740 6.
2167 4683 2306 4750 Quia
2331 4683 2385 4737 in
2407 4695 2627 4752 peccato
2658 4681 2937 4736 consenui.

405 4767 459 4820 7.
500 4768 606 4823 Καὶ
652 4773 684 4841 ὴ
726 4772 876 4842 ἰσχύς
921 4772 994 4842 (7)
1041 4789 1142 4843 μου
1185 4773 1568 4841 συγκέκαυται,
1604 4773 1696 4827 καὶ
1726 4789 1894 4846 μεμε-

2079 4769 2132 4823 7.
2165 4769 2233 4825 Ει
2281 4771 2609 4845 virtus‘mea
2638 4768 2921 4823 combusta
2953 4776 3056 4830 est,
3093 4775 3147 4821 et
3173 4765 3452 4836 denigrata
3487 4775 3598 4825 est;

331 4859 569 4914 λάνωται
595 4861 727 4915 ὡσεὶ
751 4863 1020 4935 φρύγανον
1055 4863 1159 4917 ὑπὸ
1189 4865 1287 4935 τῆς
1317 4865 1609 4937 ἁμαρτίας.

1248 4867 1287 4935 ις
1317 4865 1609 4937 ἁμαρτίας.
2009 4877 2040 4916 a
2079 4870 2323 4932 peccato,
2354 4861 2520 4917 veluti
2545 4861 2829 4917 cremium.

406 4974 450 5004 ⁹¹
486 4974 680 5044 Εριιεε.
705 4992 765 5046 ιι,
797 4977 848 5034 1.

1277 5067 1586 5130 Addenda
1627 5074 1688 5130 et
1731 5066 2106 5146 corrigenda
2136 5081 2212 5125 ex
2244 5063 2385 5125 cod.
2416 5063 2618 5125 Vatic.

404 5210 481 5284 (1)
506 5211 857 5284 Κατῲκησεν.
1999 5213 2078 5284 τῷ
2103 5212 2446 5284 ἁμαρτωλῷ-ο
2481 5211 2609 5264 ὅταν
2637 5209 2925 5284 ἀκηδμιάσῃ,
2941 5205 3156 5284 ⁸ὡσμνεί
3178 5201 3569 5284 ὅτῳ-ἔληθες

412 5270 486 5352 (ἕ)
513 5270 899 5353 Φωτίςόμενος.
2002 5270 2298 5352 ἐπίγνωσιν
2319 5301 2332 5314 ·
2383 5270 2502 5337 εἶτα
2558 5270 2829 5353 μετανόῶν
2871 5270 3088 5353 ἔφ’-οἷς
3123 5271 3390 5353 ἔπραξεν,
3422 5270 3567 5353 ῥίψει

408 5342 484 5418 (5)
528 5342 798 5424 ’ᾼπδτῆς
841 5342 1002 5423 paulo
1050 5365 1173 5422 post
1213 5355 1369 5424 deest
1408 5357 1534 5420 καί,
1560 5356 1753 5411 deinde
1823 5356 1904 5419 εἰς

2003 5342 2213 5418 ἑαυτόν,
2263 5342 2878 5424 θις.,ἐξομὶ>λογήσεται
2914 5342 3001 5417 ’τῷ
3047 5342 3234 5413 Κυρίῳ
3281 5342 3460 5413 ἔργῳ)
3491 5342 3565 5400 ὀὐ

337 5421 430 5472 τὸν
479 5421 648 5476 αἰῶνα
697 5421 977 5504 δυνάμεων
1017 5421 1115 5493 pro
1156 5421 1264 5477 τῶν
1314 5425 1566 5479 ἐναντίων
1598 5426 1899 5496 δυνάμεων,
2003 5429 2259 5504 σχήματι,
2291 5426 2385 5477 καὶ
2412 5423 2609 5503 λόγω.-

342 5492 436 5543 sed
479 5501 582 5543 vet.
620 5493 712 5543 alt.
750 5495 929 5543 lectio.
2072 5495 2149 5543 (bl
2174 5493 2483 5543 Φωτίζοιιαι
2520 5475 2609 5543 θοῇ

342 5492 436 5545 sed
479 5475 712 5547 vet.ralt.
750 5475 966 5548 nemo;
1017 5475 1041 5493 '
1092 5475 1105 5477 ’
2012 5475 2495 5564 Ἆὲἶιίὧτίζόμαί
2519 5475 2730 5562 βοῆσαι.

387 5559 493 5642 μ)
533 5561 593 5614 'H
609 5562 719 5644 _6td_t_
751 5564 870 5644 τῆς.
899 5562 1264 5644 κινναϐάρεως
1289 5564 1582 5644 ’περιέχε-ι·
1626 5564 1899 5644 προσευχὴ
2189 5563 2528 5644 ξᾼμᾳρτίαξς.
2561 5635 2573 5644 _
2657 5635 2682 5644 _

345 5629 663 5712 τῷπτωχῴ,
693 5629 818 5712 ὅταν
848 5629 1140 5712 ακηδιάσῃξ
1167 5635 1259 5712 καὶ
1287 5629 1699 5712 ἐναντιᾟυρίοὺ
1731 5629 1899 5712 ἐκιχέῂ
2021 5705 2032 5712 _
2193 5629 2367 5706 ’ἰσχὺς
2416 5634 2513 5703 τῆς
2546 5635 2720 5703 ψυχῆς
2767 5647 2862 5700 μου
2888 5674 2901 5697 ,
2957 5642 3056 5688 etc.
3115 5631 3257 5686 Ὠσιὶ
3297 5629 3567 5704 φρύγανον

343 5703 444 5770 τὴν
493 5701 674 5772 atem
720 5703 913 5756 αὐτοῦ’
943 5701 1238 5774 προσευχὴ
1280 5703 1357 5773 τῷ
1401 5701 1615 5774 πτωχῷ,
1652 5701 1897 5758 τουτέστῖ
2003 5701 2214 5762 ἁεέυιιι.
