4004 6212
316 245 436 301 1081
1247 238 1336 294 DE
1375 237 1651 295 TlTULlS
1686 236 2148 294 PSALMORUM.
2188 265 2258 278 -—
2293 234 2491 291 PSAL.
2531 234 2617 290 Cl.
3404 234 3553 294 1082

375 364 468 418 9.4.
500 361 612 417 Καὶ
653 357 712 413 τὸ
755 349 1098 431 μνημόσυνόν
1148 374 1242 410 σου
1288 336 1367 421 εἱς
1413 355 1608 426 γενεὰν
1648 357 1742 410 καὶ
1783 372 1876 426 γε·
1903 360 1952 420 Α

2054 353 2250 410 24.Ἐι
2269 352 2583 409 memoriale
2615 360 2767 407 tuum
2793 350 2846 405 in
2880 350 3278 422 generationem
3307 359 3361 407 et
3386 367 3548 412 aene-

314 455 459 509 νεάν.

1983 447 2270 502 rationem.

378 543 467 598 25.
497 542 569 595 Σὺ
598 539 835 603 ἀναστὰς
866 538 1226 609 οἱκτειρήσεις
1257 535 1354 608 τὴν
1379 534 1516 589 Σιών
1536 553 1549 567 ν

2050 537 2145 592 25.
2174 536 2254 591 Tu
2283 551 2583 606 exsurgens
2611 533 2956 590 misereberis
2986 533 3117 589 Sion
3151 552 3164 586 :

377 635 468 690 26.
502 634 625 687 ’Ότι
670 630 860 703 καιρὸς
896 629 990 684 τοῦ
1042 627 1381 700 οἱκτειρῆσαι
1428 626 1616 698 αὐτὴν,
1643 626 1725 679 ὃτι
1757 625 1884 697 ἥκει

2051 630 2144 685 26.
2181 629 2319 697 Quia
2346 639 2564 699 tempus
2589 627 2883 682 miserendi
2905 627 3045 698 ejus,
3079 628 3206 698 quia
3228 626 3377 683 venit
3404 636 3546 684 tem-

316 725 522 796 καιρός.
1979 735 2102 791 pus.

380 815 469 870 27.
496 814 618 867 Ὅτι
640 812 936 882 εὐδόκησαν
956 812 1006 864 οἱ
1031 809 1206 863 δοῦλοί
1233 826 1324 863 σου
1345 809 1471 872 τοὺς
1489 807 1670 871 λίθους
1689 806 1878 878 αὐτῆς*

2051 812 2143 866 27.
2178 810 2446 879 Quoniam
2476 811 2797 881 placuerunt
2824 811 2998 867 servis
3018 810 3126 866 tuis
3155 812 3361 883 lapides
3388 813 3544 884 ejus:

379 909 467 963 28.
498 907 607 962 Kal.
633 907 724 960 τὸν
752 904 878 977 χοῦν
909 904 1076 981 αὐτῆς
1098 902 1515 973 οἱκτειρήσουσι.

1449 918 1515 955 τι.
2050 902 2143 958 28.
2174 902 2239 958 Et
2274 912 2433 958 terra:
2466 903 2587 974 ejus
2609 903 3030 959 miserebuntur.

379 1002 466 1056 29.
497 1000 609 1054 Καὶ
655 996 1054 1069 φοϐηθήσονται
1097 995 1166 1049 τὰ
1216 994 1341 1066 ἔθνη
1373 994 1435 1048 τὸ
1467 993 1639 1065 ὄνομα
1676 992 1888 1065 Κυρίου

2050 995 2141 1050 29.
2175 994 2241 1049 Et
2279 994 2551 1051 timebunt
2591 1003 2784 1068 gentes
2817 1011 3012 1052 nomen
3065 995 3283 1054 Domini
3324 996 3546 1070 [nomen

319 1092 510 1167 [ὄνομα
539 1109 654 1156 σου,
685 1087 883 1162 Κύριε]
902 1105 915 1117 ο

904 1105 915 1117 ·
1982 1096 2162 1151 tuum,
2190 1084 2439 1158 Domine]
2470 1103 2485 1144 :

383 1183 473 1237 50.
508 1182 618 1237 Καὶ
648 1180 847 1242 πάντες
870 1180 919 1231 οἱ
948 1176 1186 1248 βασιλεῖς
1211 1176 1309 1247 τῆς
1334 1176 1436 1247 γῆς
1471 1174 1567 1247 τὴν
1587 1174 1744 1242 δόξαν
1766 1191 1882 1228 σου.

1719 1192 1744 1227 ν
1766 1191 1882 1228 σου.
2054 1177 2147 1234 50.
2178 1177 2246 1232 Ει
2272 1194 2467 1236 omnes
2497 1194 2653 1250 reges
2681 1187 2839 1236 terra;
2871 1180 3101 1249 gloriam
3130 1190 3300 1237 tuam.

384 1276 474 1330 5i.
509 1274 630 1327 Ὅτι
659 1270 1003 1342 οἰκοδομήσει
1032 1269 1234 1341 Κύριος
1267 1268 1364 1340 τὴν
1394 1265 1559 1321 Σιών·

1546 1283 1559 1297 ·
2051 1270 2143 1324 51.
2172 1268 2310 1336 Quia
2333 1269 2623 1326 :ediiicabit
2650 1270 2911 1328 Dominus
2940 1270 3069 1326 Sion
3097 1287 3111 1327 :

382 1365 471 1419 32.
503 1364 613 1418 Καὶ
634 1362 924 1431 ὀφθήσεται
961 1362 1018 1413 ὲν
1048 1362 1115 1430 τῇ
1145 1358 1272 1430 δόξῃ
1306 1355 1493 1411 αὐτοῦ.

1380 1355 1493 1411 τοῦ.
2055 1361 2147 1416 32.
2182 1361 2249 1417 Et
2270 1362 2543 1418 videbitur
2572 1363 2626 1417 in
2648 1363 2822 1436 gloria
2843 1379 2961 1420 sua.

384 1458 473 1512 35.
514 1455 841 1525 Ἐπέϐλεψεν
889 1453 982 1507 ἐπὶ
1027 1454 1126 1525 τὴν
1179 1451 1489 1524 προσευχὴν
1539 1449 1649 1503 τῶν
1691 1466 1884 1504 ταπει-

2057 1455 2147 1511 55.
2185 1456 2444 1528 Respexit
2479 1457 2535 1513 in
2557 1458 2860 1514 orationem
2896 1458 3181 1515 humilium
3213 1456 3500 1533 [gentium]
3528 1475 3548 1516 :

318 1551 422 1605 νῶν
448 1549 469 1623 [
494 1549 661 1605 ἐθνῶν
684 1548 703 1621 ]
726 1564 742 1581 ο
1902 1572 1903 1575 η

388 1642 477 1697 54.
506 1641 617 1697 Καὶ
649 1642 747 1694 οὐκ
778 1638 1098 1706 ὲξουδένωσε
1124 1637 1220 1710 τὴν
1249 1636 1431 1707 δέησιν
1457 1633 1656 1690 αὐτῶν.

1516 1633 1656 1690 nam.
2052 1635 2141 1691 54.
2169 1634 2236 1691 Ει
2263 1653 2372 1692 non
2402 1636 2605 1707 sprevit
2634 1653 2849 1708 precem
2884 1653 3097 1695 eorum.

390 1736 481 1790 55.
510 1734 781 1806 Γραφήτω
807 1731 945 1803 αῦτη
976 1731 1054 1793 εἱς
1081 1730 1272 1799 γενεὰν
1295 1729 1489 1799 ἑτέραν
1507 1744 1521 1760 ο
1912 1720 1956 1776 Β

1912 1720 1956 1776 Β
2055 1727 2146 1783 55.
2176 1725 2460 1784 Scribatur
2492 1729 2607 1786 haec
2632 1729 2688 1783 in
2718 1732 3067 1801 generatione
3096 1731 3262 1786 altera
3295 1750 3308 1783 :

388 1828 478 1882 56.
511 1827 622 1880 Καὶ
649 1826 776 1889 λαὸς
801 1827 829 1879 ὁ
861 1823 1173 1893 κτιζόμενος
1207 1820 1412 1874 αἰνέσει
1443 1820 1533 1873 τὸν
1556 1818 1780 1891 Κύριον.

2057 1820 2146 1876 56.
2177 1819 2243 1876 Ει
2279 1821 2510 1891 populus
2559 1822 2655 1892 qui
2699 1832 2919 1879 creatur
2957 1824 3195 1879 laudabit
3239 1822 3549 1878 Dominum.

389 1916 482 1970 57.
507 1915 629 1967 Ὅτι
659 1911 916 1982 ἐξέκυψεν
949 1910 1007 1977 ἐξ
1056 1909 1222 1979 ὕψους
1254 1909 1410 1977 ἁγίου
1440 1907 1605 1962 αὐτοῦ
1630 1923 1644 1938 ·

2050 1913 2139 1969 57.
2172 1911 2313 1979 Quia
2343 1912 2713 1983 prospexitde
2733 1915 2954 1970 excelso
2982 1924 3173 1970 sancto
3204 1930 3304 1971 suo
3336 1933 3351 1971 :

390 2007 479 2062 58.
510 2006 711 2078 Κύριος
740 2003 801 2069 ἐξ
823 2002 1053 2075 ούρανοῦ
1085 2002 1177 2056 ἐπὶ
1208 2001 1305 2071 τὴν
1331 2002 1434 2072 γῆν
1463 2000 1730 2067 ἑπέϐλεψε
1764 2041 1780 2065 ,

1697 2019 1730 2054 ιε
1764 2041 1780 2065 ,
2055 2005 2149 2060 58.
2181 2003 2447 2061 Dominus
2466 2006 2535 2060 de
2572 2007 2712 2061 coelo
2736 2006 2791 2061 in
2818 2015 3018 2062 terram
3046 2006 3278 2078 aspexit,

391 2100 482 2155 59.
516 2098 621 2151 Τοῦ
645 2096 875 2150 ἀκοῦσαι
890 2094 983 2149 τοῦ
1009 2092 1310 2163 στεναγμοῦ
1339 2092 1449 2145 τῶν
1474 2092 1891 2164 πεπεδημένων,

1623 2092 1681 2162 δη
1690 2093 1891 2164 μένων,
2047 2096 2135 2151 59.
2171 2095 2239 2151 Ut
2263 2097 2475 2153 audiret
2500 2097 2732 2169 gemitus
2756 2098 3204 2169 compeditorum,

394 2191 483 2246 40.
513 2188 618 2242 Τοῦ
650 2187 806 2241 λῦσαι
834 2187 959 2250 τοὺς
989 2185 1135 2248 υἱοὺς
1155 2182 1263 2238 τῶν
1289 2180 1772 2252 τεθανατωμένων.

1597 2180 1772 2236 ιένων.
2055 2188 2148 2245 40.
2182 2185 2253 2243 Ut
2273 2189 2505 2246 solveret
2534 2189 2677 2246 ﬁlios
2707 2190 3178 2262 interemptorum.

1440 2359 1816 2416 ATHANASII
1854 2359 2433 2420 INTERPRETATIO.

395 2527 488 2582 24.
530 2522 929 2593 Ἀτελεύτητον.
2066 2519 2155 2575 24.
2190 2519 2610 2593 δθωρίιενηιιη..

396 2618 487 2672 25.
532 2613 669 2669 Σιὼν
700 2613 954 2675 ἀϐεστος
1003 2608 1314 2681 [ἄσϐεστος]
1371 2608 1449 2679 (1)
1501 2605 1893 2679 ἑρμηνεύεταισ

2061 2613 2153 2667 25.
2186 2614 2317 2668 Sion
2346 2614 2793 2687 inexstinguibilis
2829 2616 3214 2688 interpretatur
3250 2636 3264 2673 :
3294 2620 3557 2677 mundum

323 2709 427 2778 τὴν
455 2703 777 2775 οἰκουμένην
803 2697 895 2755 οῦν
920 2699 1088 2768 λέγει.

1991 2704 2161 2774 igitur
2182 2704 2474 2775 significat.
2862 2698 2866 2705 ’

396 2797 488 2852 26.
519 2796 632 2866 Τῆς
655 2793 957 2867 παρουσίας
995 2808 1089 2844 σου
1117 2789 1217 2862 (2).

1009 2808 1089 2844 του
1117 2789 1217 2862 (2).
2059 2795 2151 2851 26.
2183 2796 2460 2855 Adventus
2491 2798 2590 2854 tui.

396 2890 487 2944 27.
514 2889 638 2941 Ὅτι
679 2886 923 2941 θέλουσιν
966 2882 1042 2953 (5)
1088 2884 1138 2935 οἱ
1189 2880 1332 2949 ἆγιοί
1368 2896 1485 2946 σου,
1530 2879 1806 2932 τουτέστιν
1863 2879 1892 2930 ὁ
1922 2920 1965 2979 c

2065 2888 2156 2942 2'7.
2187 2889 2453 2957 Quoniam
2501 2892 2687 2947 volunt
2733 2891 2908 2949 sancti
2942 2893 3045 2960 tui,
3094 2893 3199 2948 hoc
3240 2900 3323 2950 est
3360 2894 3561 2951 chorus

324 2983 489 3056 δορὸς
536 2981 649 3035 τῶν
678 2976 971 3051 προφητῶν
1017 2975 1111 3029 καὶ
1160 2971 1490 3037 ἀποστόλων,
1533 2970 1604 3025 τὰ
1646 2968 1770 3040 ἔθνη
1805 2967 1899 3021 ἐπὶ

1999 2980 2405 3051 prophetarum,
2444 2992 2498 3038 et
2528 2984 2919 3054 apostolorum,
2949 2993 3008 3040 ut
3044 2992 3234 3057 gentes
3266 2985 3320 3041 in
3366 2996 3416 3043 te
3447 3002 3563 3042 cre-

325 3112 341 3128 .
360 3076 417 3125 τι
448 3073 743 3128 πιστεύειν.

571 3073 743 3128 ςεύειν.
2000 3073 2152 3131 dant.

398 3168 491 3223 9.8.
519 3166 632 3220 Καὶ
671 3165 731 3219 τὺ
773 3160 975 3234 πλῆθος
1018 3160 1127 3214 τῶν
1164 3159 1269 3230 ἠδη
1308 3154 1762 3227 καταφθαρέντων
1796 3151 1905 3206 ὑπὸ

2069 3166 2162 3224 28.
2194 3165 2261 3222 Et
2288 3167 2499 3223 miserti
2534 3178 2663 3223 sunt
2700 3167 3065 3224 multitudinis
3090 3183 3283 3241 eorum
3313 3169 3405 3240 qui
3436 3185 3564 3225 cor-

324 3263 430 3331 τῆς
464 3258 738 3331 ἁμαρτίας
767 3253 1108 3326 ᾡκτείρησαν

1084 3270 1108 3305 ν
1138 3251 1238 3322 (4).
2003 3257 2146 3328 rupti
2178 3267 2335 3313 erant
2360 3274 2391 3314 a
2422 3269 2665 3330 peccato.

400 3355 492 3409 29.
529 3349 914 3406 ’Υπακούσωσι
937 3346 1014 3417 τῷ
1038 3343 1349 3416 κηρύγματι
1383 3340 1461 3411 (5)
1488 3338 1672 3394 αὐτοῦ.

1430 3340 1461 3408 ί)
1488 3338 1672 3394 αὑτοῦ·
2072 3350 2164 3408 29.
2191 3348 2454 3406 Obedient
2475 3352 2845 3421 praedicationi
2873 3350 3011 3422 ejus.

403 3445 494 3500 '50.
536 3444 601 3497 Οἱ
634 3439 1002 3514 βασιλεύοντες
1050 3433 1193 3490 κατὰ
1235 3433 1335 3503 τῆς
1372 3430 1643 3504 ἁμαρτίας
1688 3426 1775 3483 διὰ
1807 3427 1905 3499 τῆς

2075 3443 2165 3497 50.
2194 3441 2502 3514 Regnantes
2520 3452 2710 3497 contra
2727 3452 3009 3513 peccatum
3034 3458 3131 3513 per
3148 3444 3378 3514 gratiam
3397 3452 3570 3512 tuam,

330 3537 558 3611 χάριτός
590 3552 682 3589 σου
710 3532 1103 3605 φοϐηθήσονται
1131 3527 1220 3580 τὸν
1246 3525 1475 3598 σταυρόν
1508 3541 1623 3577 σου.

1151 3527 1220 3580 τὸν
1246 3525 1475 3598 σταυρόν
1508 3541 1623 3577 σου.
2009 3534 2277 3588 timebunt
2309 3549 2527 3589 crucem
2562 3545 2732 3589 tuam.

407 3629 495 3683 51.
522 3627 645 3699 Τὴν
677 3625 935 3681 ἄσϐεστον
959 3620 1054 3693 (6),
1080 3619 1178 3691 τὴν
1224 3618 1483 3688 διψῶσαν,
1514 3613 1760 3669 τουτέστι
1806 3611 1910 3682 τὴν

2076 3626 2165 3681 51.
2189 3625 2713 3697 Incxstinguibilem,
2746 3633 2800 3681 et
2829 3626 3119 3693 sitientem,
3149 3626 3254 3683 hoc
3281 3637 3367 3683 est
3394 3626 3572 3683 Eccle-

332 3722 399 3788 ἒξ
422 3720 590 3775 ὲθνῶν
622 3714 964 3788 Ἐκκλησίαν
994 3711 1062 3766 τὰ
1092 3710 1202 3783 γὰρ
1235 3708 1518 3781 ἀμφότερα
1546 3703 1907 3778 ἑρμηνεύεται

2010 3716 2145 3771 siam
2173 3731 2239 3770 ex
2269 3716 2519 3788 gentibus
2550 3734 2565 3783 ;
2596 3724 2829 3786 utroque
2872 3717 3018 3772 enim
3049 3717 3214 3773 modo
3252 3717 3573 3788 interpreta-

328 3814 513 3878 Σιὼν,
540 3812 634 3866 κα)⁵
656 3811 909 3875 ἇϐεστος
931 3801 1261 3880 [ἄσϐεστος],
1291 3801 1385 3854 καὶ
1415 3797 1674 3867 διψῶσα.

1602 3813 1674 3852 ἀι
2012 3817 2100 3863 tur
2130 3805 2280 3874 Sion,
2314 3818 2369 3863 et
2399 3808 2867 3878 inexstinguibilis,
2893 3818 2948 3865 et
2977 3809 3183 3865 sitiens.

410 3906 502 3961 32.
539 3905 662 3958 Ἐπὶ
689 3904 794 3975 γῆς
820 3905 882 3958 ὲν
905 3903 972 3973 τῇ
1000 3896 1274 3971 παρουσίᾳ
1306 3891 1493 3948 αὑτοῦ.

2081 3899 2169 3952 '52.
2208 3896 2382 3968 Super
2416 3906 2614 3953 terram
2640 3897 2696 3952 in
2726 3898 2959 3953 adventu
2988 3913 3109 3954 suo.

412 3999 503 4053 '53.
535 3995 653 4049 Τῶν
679 3994 869 4064 ἁγίων.

2080 3991 2168 4046 55.
2198 3989 2540 4046 Sanctorum.

406 4088 497 4145 54.
527 4088 636 4141 Καὶ
663 4087 724 4140 ού
756 4084 978 4155 παρεῖδε
1020 4082 1118 4153 τὴν
1165 4078 1373 4134 ἱκεσίαν
1415 4072 1615 4139 αὐτῶν,
1648 4071 1727 4143 ἢν
1764 4068 1912 4124 ὲποί-

2082 4082 2170 4138 54.
2206 4081 2271 4137 Ει
2298 4095 2408 4136 non
2432 4081 2674 4151 despexit
2696 4079 3144 4151 supplicationem
3170 4092 3383 4144 eorum,
3409 4093 3572 4147 quam

333 4201 437 4239 ουν
469 4180 544 4252 (7)
581 4180 719 4251 ὑπὲρ
751 4176 907 4250 ἡμῶν
928 4175 1120 4237 νυκτὸς
1148 4173 1242 4227 καὶ
1275 4169 1510 4242 ἡμέρας.

1463 4186 1510 4232 ς·
2014 4173 2122 4239 die,
2147 4180 2416 4243 noctuque
2444 4186 2541 4242 pro
2567 4171 2722 4227 nobis
2754 4170 3042 4226 faciebant.

414 4277 507 4331 '55.
548 4276 615 4327 Ἢ
656 4269 1035 4344 φιλανθρωπία
1076 4264 1214 4337 αὕτη
1258 4263 1354 4316 τοῦ
1412 4259 1546 4314 Θεοῦ
1602 4256 1911 4328 γνωρισθή-
1941 4255 1995 4317 D

2087 4266 2176 4321 55.
2207 4264 2515 4335 Benignitas
2538 4265 2672 4333 ipsa.
2696 4262 2790 4318 Dei
2824 4270 2955 4318 nota
2986 4262 3079 4318 ﬁat
3110 4276 3205 4332 per
3247 4259 3584 4330 scripturam

332 4388 421 4423 τω
457 4367 532 4438 (8)
561 4365 649 4419 διὰ
678 4363 778 4435 τῆς
798 4360 1018 4434 γραφῆς
1046 4360 1157 4420 τοῖς
1178 4357 1313 4418 υἱοῖς
1341 4352 1450 4406 τῶν
1473 4349 1571 4406 ἀνθ
1581 4348 1802 4422 ρώπων.

900 4360 1018 4431 ιφῆς
1046 4360 1157 4420 τοῖς
1178 4357 1313 4418 υἱοῖς
1341 4352 1450 4406 τῶν
1473 4348 1802 4422 ἀνθρώπων.
2014 4351 2143 4407 ﬁliis
2177 4352 2481 4404 hominum.

416 4460 507 4515 '56.
544 4458 603 4511 '0
628 4458 688 4510 ὲν
712 4454 792 4526 τῷ
826 4452 1160 4524 βαπτίσματι
1191 4443 1668 4515 ἀνακαινιζόμενος
1692 4440 1788 4513 (9).

1439 4443 1668 4515 ,ζόμενος
1692 4440 1788 4513 (9).
2082 4444 2172 4498 36.
2203 4441 2307 4510 Qui
2337 4442 2391 4496 in
2420 4439 2688 4511 baptismo
2710 4446 3020 4494 renovatur.

415 4552 506 4608 '57.
526 4551 648 4604 Ὅτι
670 4550 734 4602 ὲκ
758 4544 853 4601 τοῦ
886 4545 945 4598 οὐ
955 4538 1115 4615 ρανοῦ
1147 4534 1499 4608 κατελήλυθε.

1354 4534 1499 4589 λυθε.
2083 4537 2172 4592 57.
2207 4536 2343 4604 Quia
2376 4536 2443 4592 de
2469 4535 2607 4593 caalo
2636 4533 2935 4591 descendit.

421 4643 510 4697 38.
542 4639 747 4713 Κύριος
768 4639 833 4691 ὲκ
856 4634 953 4689 τοῦ
970 4628 1200 4705 ούρανοῦ
1217 4628 1310 4681 ἐπὶ
1329 4627 1428 4699 τὴν
1442 4626 1545 4696 γῆν
1568 4621 1918 4696 παρεγένετο.

1720 4621 1918 4692 γένετο.
2086 4630 2175 4686 58.
2208 4628 2472 4684 Dominus
2504 4628 2572 4684 de
2591 4626 2730 4684 ccelo
2757 4626 2813 4681 in
2838 4635 3040 4681 terram
3067 4623 3301 4681 advenit.

421 4734 512 4789 59.
546 4729 652 4785 Τοῦ
682 4727 903 4799 ποιῆσαι
950 4724 1229 4796 ἐκδίκησιν
1276 4718 1387 4790 (10)
1431 4715 1541 4769 τῶν
1582 4729 1920 4767 καταπονου-

1682 4729 1920 4767 απονου-
2093 4722 2181 4778 59.
2212 4720 2280 4776 Ut
2312 4719 2614 4776 vindicaret
2642 4730 2932 4788 oppressos
2959 4731 2991 4770 a
3019 4722 3263 4787 peccato.

348 4829 536 4900 μένων
562 4825 668 4878 ὑπὸ
696 4822 795 4893 τῆς
823 4816 1115 4891 ἁμαρτίας.
1490 4825 1494 4829 ·

425 4919 513 4973 40.
546 4916 653 4971 Τοῦ
681 4891 1057 4986 λυτρώσασθαι
1082 4907 1153 4962 τὰ
1174 4906 1341 4961 τέκνα
1375 4899 1477 4971 τῆς
1516 4897 1787 4972 ἁμαρτίας
1833 4898 1928 4952 καὶ

1752 4917 1787 4963 ις
1833 4898 1928 4952 καὶ
2093 4901 2184 4957 40.
2216 4899 2288 4956 Ut
2315 4898 2606 4955 redimeret
2632 4896 2771 4951 ﬁlios
2796 4894 3000 4966 peccati
3033 4902 3087 4948 et
3116 4891 3333 4949 mortis.

346 5013 453 5067 τοῦ
489 5010 744 5066 θανάτου.

1312 5177 1620 5244 Addenda
1655 5183 1715 5239 et
1745 5169 2118 5250 corrigenda
2145 5183 2225 5229 ex
2272 5164 2409 5228 cod.
2442 5162 2641 5225 Vatic.

436 5384 514 5453 (ι)
550 5382 801 5444 Ἀϐατος.
979 5448 989 5453 _
1096 5446 1121 5453 _
1408 5442 1421 5453 ι

2101 5363 2174 5432 (6)
2209 5359 2461 5421 Ἀϐατον,
2487 5366 2616 5419 elc.,
2644 5355 2705 5408 τὸ
2733 5353 2892 5417 Σιὼν,
2918 5368 3012 5407 και
3040 5348 3261 5412 ἄϐατος,
3285 5350 3395 5403 etc.

2102 5434 2172 5453 ιη».
2204 5432 2270 5453 nr
2288 5447 2332 5453 _-
2369 5428 2582 5453 2......’-....

436 5432 518 5523 {ei
547 5432 1160 5523 ηὸἑῑῆἱέικαιρδςῖῆς
1189 5442 1489 5523 περορσίας
1518 5458 1645 5514 μουο
2099 5432 2625 5523 ίξὶὲἕῖἱέἒῗῗίῖῗγι
2675 5513 2702 5523 -
2754 5511 2789 5523 .,
2840 5494 2966 5523 -.-.
3003 5490 3115 5523 ην-

546 5490 890 5594 Θέλίισξῖσιν,
922 5490 1050 5583 υῗοῒ,
1077 5490 1406 5576 ἐεδῖσοίξειο.
1465 5490 1487 5507 ι
1518 5490 1555 5514 Γ

2202 5500 2462 5594 γνωρίσει
2492 5516 2573 5581 σοι
2598 5496 2645 5549 δ.
2674 5513 2725 5551 τ.
2754 5511 2808 5562 γ.
2840 5494 2970 5546 πᾶσι
3003 5490 3134 5554 τοῖς,
3159 5495 3268 5544 ctc.

467 5573 520 5663 ii
559 5573 932 5663 vespm.
1039 5573 1048 5583 ’
1258 5573 1265 5576 ’
2104 5573 2719 5663 είὶηᾌ.ν.ακῗέ“;ἳὲἕῖἶ³ς’

467 5595 518 5663 4)
565 5595 579 5612 ’
624 5595 932 5662 κτεερησαςο
2104 5595 2176 5643 ιν,
2232 5595 2681 5655 Λνακαυίυυμενυς

432 5595 524 5735 ιὶὅ)
551 5595 624 5716 Τίέ
654 5662 933 5735 κήρυγμα.
2105 5644 2213 5721 (1.0)
2244 5642 2353 5712 Τὴν
2384 5643 2681 5709 ἐκοικησιν.
