4004 6212
482 322 619 378 1085
1322 320 1377 373 S.
1417 317 1791 374 ATHANASII
1827 316 1980 374 OPP.
2017 317 2063 374 P.

2111 318 2196 373 BS
2234 317 2321 373 111.
2349 347 2417 357 -
2451 311 2857 370 EXEGETICA.
3563 297 3692 353 1084

546 436 636 490 41.
674 432 739 487 Ut
764 433 1083 488 annuntient
1113 433 1168 486 ln
1197 431 1325 484 Sion
1359 447 1554 486 nomen
1577 432 1813 488 Domini.
2073 445 2124 499 Α

2073 445 2124 499 Α
2215 434 2304 488 41.
2341 430 2445 484 Τοῦ
2467 428 2783 498 ἀναγγεῖλαι
2807 427 2865 479 ὲν
2885 423 3021 478 Σιὼν
3045 422 3104 475 τδ
3123 422 3291 492 ὄνομα
3315 419 3521 491 Κυρίου
3541 460 3556 486 ,

551 525 642 584 42.
677 524 742 578 Et
773 525 989 579 laudem
1015 524 1134 592 ejus
1159 523 1211 576 in
1241 521 1597 580 Hierusalem.

2221 527 2309 581 4'2.
2341 523 2448 577 Καὶ
2474 520 2573 591 τὴν
2610 521 2810 574 αῐνεσιν
2834 515 2994 572 αὐτοῦ
3018 518 3075 568 ὲν
3109 513 3475 586 Ἰερουσαλήμ.

552 615 641 670 43.
675 614 732 670 ln
765 614 1133 670 conveniendo
1171 613 1400 683 populos
1427 613 1479 667 in
1516 629 1706 681 unum,
1740 623 1795 668 et
1817 630 1968 684 reges
1992 625 2050 669 ut

2218 617 2306 671 45.
2342 618 2430 670 Ἐν
2475 613 2552 683 τῷ
2600 608 3018 679 ὲπισυναχθῆναι
3072 605 3231 667 λαοὺς
3280 605 3372 657 ἐπὶ
3419 603 3481 656 τὸ
3529 602 3693 666 αὐτὸ,

483 709 723 762 serviant
758 707 1012 763 Domino.

2149 706 2287 779 [καὶ]
2323 706 2396 778 (a)
2427 703 2663 775 βασιλεῖς
2694 698 3075 750 τοῦνδουλεύειν
3104 695 3180 766 τῷ
3211 695 3417 765 Κυρίῳ.

552 801 642 856 44.
677 799 972 869 Respondit
998 803 1044 853 ei
1081 800 1134 854 in
1165 799 1251 853 via
1279 800 1494 854 virtutis
1517 815 1629 855 suze
1665 819 1678 854 :

2214 798 2310 851 44.
2343 794 2644 867 Ἀπεκρίθη
2669 792 2814 863 αὐτῴ
2845 794 2901 845 ὲν
2923 789 3026 860 ὀδῷ
3057 787 3238 859 ἰσχύος
3259 785 3419 840 αὑτοῦ
3443 801 3459 819 ⁶

551 891 640 945 45.
672 889 999 943 Paucitatem
1030 890 1236 944 dierum
1273 904 1517 943 meorum
1552 890 1740 944 nuntia
1770 889 1925 943 mihi.

2215 888 2304 942 45.
2338 887 2447 958 Τὴν
2460 886 2744 953 ὀλιγότητα
2762 883 2868 935 τῶν
2897 879 3116 951 ἡμερῶν
3137 896 3236 950 μου
3249 878 3565 947 ἀνάγγειλόν
3583 896 3688 949 μοι.

550 980 637 1034 46.
671 978 747 1034 Ne
772 995 990 1035 revoces
1018 996 1106 1035 me
1130 979 1186 1034 in
1223 981 1448 1034 dimidio
1491 981 1704 1034 dierum
1747 994 1992 1034 meorum
2027 994 2044 1032 :

1984 996 1992 1033 ι
2027 994 2044 1032 :
2214 975 2302 1029 46.
2339 977 2428 1043 Μὴ
2463 973 2746 1048 αναγάγῃς
2783 988 2847 1041 με
2879 971 2936 1022 ὲν
2959 968 3143 1039 ἡμίσει
3175 966 3392 1038 ἡμερῶν
3425 985 3524 1038 μου
3551 985 3565 1000 ’

549 1072 638 1125 47.
667 1071 722 1125 In
753 1073 1156 1140 generationem
1183 1073 1589 1142 generatiouum
1626 1072 1753 1124 anni
1786 1072 1885 1124 tui.

1626 1072 1753 1124 anni
1786 1072 1885 1124 tui.
2212 1067 2300 1121 47.
2349 1068 2435 1118 Ἐν
2459 1065 2620 1134 γενεᾷ
2650 1063 2850 1133 γενεῶν
2880 1061 2946 1114 τὰ
2973 1061 3064 1131 ἔτη
3092 1077 3204 1112 σου.

547 1160 637 1215 48.
672 1161 831 1216 1ηἱιὶο
863 1173 940 1226 tu,
980 1163 1223 1227 Domine,
1255 1172 1462 1217 terram
1494 1161 1732 1216 fundasti
1765 1179 1778 1216 :

2214 1157 2300 1210 48.
2335 1159 2470 1210 Κατ’
2503 1155 2674 1226 ἀρχὰς
2709 1156 2794 1220 σὺ,
2820 1152 3011 1223 Κύριε,
3036 1151 3136 1214 τὴν
3160 1150 3263 1220 γῆν
3295 1149 3652 1219 ἐθεμελίωσας
3673 1165 3688 1182 ·

550 1249 638 1304 49.
672 1249 738 1304 Et
766 1266 928 1319 opera
953 1268 1209 1306 manuum
1240 1259 1456 1305 tuarum
1485 1259 1612 1306 sunt
1644 1251 1787 1305 cmli.

2212 1248 2299 1302 49.
2327 1247 2436 1300 Καὶ
2465 1246 2601 1318 ἔργα
2619 1246 2725 1298 τῶν
2756 1243 2952 1315 χειρῶν
2991 1242 3081 1296 σού
3117 1244 3251 1295 εἰσιν
3281 1244 3327 1294 oi
3353 1241 3585 1312 οὐρανοί.

551 1341 638 1397 50.
667 1342 770 1410 lpsi
804 1345 1056 1413 peribunt
1087 1364 1099 1398 :
1125 1353 1180 1398 tu
1210 1353 1392 1398 autem
1425 1359 1711 1414 permanes
1743 1362 1756 1397 :

2215 1339 2299 1394 50.
2334 1339 2496 1392 Αὐτοὶ
2520 1336 2868 1390 ἀπολοῦνται·
2897 1336 2960 1388 σὺ
2989 1334 3043 1386 δὲ
3065 1332 3355 1404 διαμένεις·

552 1431 640 1486 51.
675 1433 740 1488 Ει
760 1450 948 1491 omnes
978 1436 1118 1490 sicut
1147 1441 1525 1491 vestimentum
1562 1442 1920 1490 veterascent.

2211 1427 2297 1481 5|.
2326 1429 2434 1480 Καὶ
2455 1427 2653 1489 πάντες
2685 1425 2760 1489 ὡς
2787 1425 2996 1495 ἱμάτιον
3029 1423 3507 1494 παλαιωθήσονται.

551 1523 640 1582 52.
673 1524 738 1580 Ει
766 1530 908 1582 sicut
931 1529 1263 1597 opertorium
1293 1539 1472 1584 vertes
1503 1543 1618 1593 eos,
1652 1536 1708 1582 et
1753 1526 2044 1581 mutabun-

2216 1520 2302 1575 52.
2339 1521 2449 1573 Καὶ
2482 1519 2615 1572 ὡσεὶ
2648 1517 2987 1589 περιϐόλαιον
3013 1515 3205 1582 ἑλίξεις
3233 1517 3449 1580 αὐτοὺς,
3477 1514 3568 1572 καὶ
3600 1514 3691 1567 ἀλ-

481 1625 610 1671 tur:

2142 1611 2279 1681 λαγή
2288 1627 2466 1663 σονται
2493 1626 2507 1640 ·

549 1706 638 1760 55.
667 1706 748 1761 Τιι
774 1717 956 1763 autem
984 1710 1126 1765 idem
1157 1710 1274 1780 ipse
1298 1725 1379 1777 es,
1404 1719 1460 1766 et
1491 1710 1620 1765 anni
1656 1710 1736 1764 tui
1765 1725 1874 1764 nou
1908 1708 2040 1764 deli-
2088 1779 2093 1780 ί

2214 1698 2300 1752 55.
2330 1699 2400 1751 Σὺ
2430 1697 2488 1750 δὲ
2523 1698 2552 1750 ό
2584 1695 2742 1758 αὐτὸς
2785 1693 2854 1762 εἷ,
2901 1695 2997 1748 καὶ
3025 1693 3094 1746 τὰ
3129 1693 3222 1764 ἔτη
3270 1710 3362 1746 σου
3396 1693 3494 1746 οὐκ
3525 1693 3690 1746 Exiet;

478 1797 641 1851 cient.
1180 1779 1194 1780 γ

1180 1779 1194 1780 ί
2073 1779 2119 1838 Β
2143 1789 2357 1858 ψουσιν.
2426 1811 2431 1816 ·

555 1888 644 1944 54.
669 1888 791 1942 Filii
816 1906 1093 1946 servorum
1127 1902 1344 1947 tuorum
1373 1893 1729 1947 habitabunt:

2215 1877 2302 1932 54.
2339 1879 2401 1930 Οἱ
2427 1875 2534 1929 υἱοὶ
2557 1874 2664 1928 τῶν
2689 1874 2890 1927 δούλων
2919 1890 3013 1927 σου
3044 1871 3516 1945 κατασκηνώσουσι
3540 1889 3553 1902 ·

550 1979 635 2034 55.
664 1979 729 2035 Et
756 1997 940 2037 semen
972 1998 1160 2039 eorum
1186 1986 1239 2038 in
1262 1985 1519 2040 saeculum
1553 1985 1834 2053 dirigetur.

2218 1968 2305 2023 55.
2337 1969 2446 2020 Καὶ
2487 1967 2547 2020 τὸ
2593 1967 2812 2037 σπέρμα
2847 1965 3023 2018 αὐτῶν
3059 1968 3138 2028 εις
3167 1966 3257 2019 τὸν
3289 1964 3458 2018 αἰῶνα
3498 1980 3697 2016 κατευδ

1565 2059 1573 2078 ’
2137 2060 2297 2120 θυνθή
2306 2077 2472 2113 σεται.

551 2238 623 2309 (α)
658 2241 810 2298 VCTS-
847 2242 934 2308 45,
970 2245 1078 2297 Καὶ
1104 2241 1361 2314 βασιλεῖς,
1393 2253 1496 2300 etc.
1521 2243 1654 2299 Vers
1669 2245 1760 2309 44,
1809 2242 2127 2313 Ἀπεκρίθη,
2167 2250 2272 2297 etc.

1588 2395 1964 2450 ATHANASII
2006 2391 2592 2449 INTERPRETATIO.

544 2551 629 2605 41.
667 2551 737 2608 Ut
769 2557 1152 2626 praedicaretur
1209 2559 1263 2612 in
1313 2562 1515 2615 mundo
1566 2568 1912 2630 peccatorum
1954 2572 2039 2611 re-

2205 2555 2294 2610 41.
2331 2555 2435 2609 Τοῦ
2460 2554 2798 2625 κηρυχθῆναι
2823 2555 2881 2608 ὲν
2903 2556 2970 2625 τῇ
3007 2552 3295 2624 οἰκουμένη
3309 2551 3500 2619 ἄφεσιν
3517 2551 3689 2622 ἁμαρ.

446 2719 448 2721 η
475 2641 666 2696 missio
689 2643 742 2696 in
767 2646 983 2700 nomine
1019 2645 1233 2700 Domini
1265 2650 1436 2703 nostri
1468 2647 1598 2704 Jesu
1621 2646 1848 2703 Christi.

2133 2647 2263 2701 τιῶν
2282 2650 2338 2700 ἐν
2370 2646 2448 2717 τῷ
2472 2648 2694 2717 ὀνόματι
2720 2645 2812 2700 τοῦ
2835 2647 3039 2715 Κυρίου
3065 2642 3219 2715 ἡμῶν
3243 2639 3418 2712 Ἰησοῦ
3432 2641 3679 2714 Χριστοῦ.

466 2727 472 2733 ⁸
543 2733 632 2788 42.
663 2732 719 2788 In
741 2751 974 2805 superna
1001 2737 1355 2793 Hierusalem.

2201 2738 2290 2795 49..
2328 2739 2499 2810 Ἐντῇ
2531 2739 2642 2793 ἄνω
2683 2736 3053 2809 Ἰερουσαλήμ.

545 2822 635 2879 43.
669 2825 728 2879 In
756 2830 1127 2884 conveniendo
1149 2840 1334 2900 gentes
1357 2847 1452 2901 per
1474 2829 1932 2901 praedicationem.

2203 2830 2293 2885 43.
2338 2830 2425 2883 Ἐν
2455 2830 2533 2900 τῷ
2565 2830 2736 2883 ὲλθείν
2765 2827 2852 2881 διὰ
2881 2827 2973 2881 τοῦ
3005 2828 3358 2899 κηρύγματος
3384 2828 3452 2881 τὰ
3477 2826 3622 2897 ἔθνη.

545 2915 635 2971 44.
664 2919 1332 2992 Auscultaverunt_gentes
1365 2923 1594 2978 Domino
1624 2923 1892 2980 credendo
1921 2938 2038 2994 pas-

2202 2919 2290 2974 44.
2329 2920 2403 2991 (1)
2465 2921 2808 2991 ’Υπήκουσαν
2856 2918 2922 2972 τὰ
2967 2917 3091 2989 ἔθνη
3141 2919 3218 2990 τῷ
3259 2920 3446 2990 Κυρίῳ
3511 2917 3693 2970 πίστει

473 3005 682 3062 sionem
716 3011 854 3080 ejus.

2131 3011 2224 3064 τοῦ
2259 3011 2460 3075 πάθους
2482 3011 2668 3065 αὑτοῦ.

538 3099 625 3154 45.
653 3100 897 3157 Concede
920 3103 1071 3169 mihi,
1103 3113 1156 3159 te
1181 3105 1463 3175 deprecor,
1489 3114 1548 3160 ut
1571 3121 1794 3176 prorsus
1814 3121 2041 3176 persua-

2200 3103 2289 3158 45.
2322 3104 2522 3174 Δέομαί
2554 3120 2667 3167 σου,
2708 3103 2796 3166 δός
2835 3121 2924 3175 μοι
2961 3102 3458 3175 πληροφορηθῆναι,
3504 3103 3584 3156 ὅτι
3627 3104 3676 3155 αι

470 3208 615 3256 sum,
652 3203 968 3266 certumque
1002 3198 1253 3263 habeam,
1295 3215 1500 3270 paucos
1545 3215 1668 3256 esse
1709 3201 1827 3256 dies
1873 3200 2034 3270 hujus

1709 3201 1827 3256 dies
1873 3200 2034 3270 hujus
2129 3195 2330 3268 ἡμέραι
2361 3193 2456 3248 τοῦ
2488 3195 2680 3258 αἰῶνος
2708 3195 2896 3248 τούτου
2921 3195 3095 3247 ὀλίναι
3117 3193 3268 3246 εἰσίν.

469 3286 670 3339 ειεςιιιὶ.

538 3375 627 3428 46.
653 3375 730 3430 Ne
759 3393 845 3431 me
877 3379 1173 3435 transferas
1214 3381 1282 3436 ab
1315 3382 1418 3438 hoc
1444 3383 1668 3448 mundo,
1712 3384 2028 3455 priusquam
2056 3356 2103 3417 Ο

2094 3356 2103 3416 ἶ
2204 3373 2290 3428 46.
2316 3377 2406 3446 Μή
2438 3393 2505 3446 με
2536 3378 2878 3448 μεταστήσῃς
2903 3376 3010 3429 ἀπὸ
3035 3373 3126 3428 τοῦ
3159 3375 3366 3444 κόσμου
3397 3373 3581 3427 τούτου
3610 3371 3675 3442 μὴ

469 3465 801 3531 impleverim
827 3480 1090 3540 praecepta
1124 3481 1233 3526 tua.

2135 3464 2490 3520 τελειῶσαντά
2523 3483 2589 3537 με
2620 3466 2717 3528 τὰς
2748 3466 2966 3528 ἐντολάς
3001 3482 3115 3521 σου.

538 3556 626 3611 4⁵1.
657 3556 1002 3626 Setnpiterni.

2203 3554 2290 3608 47.
2326 3555 2398 3624 (2)
2434 3555 2806 3626 Ἀτελεύιητα.

534 3642 623 3697 48.
664 3641 833 3699 Natus
865 3661 923 3698 es
955 3647 1006 3698 iu
1037 3654 1202 3702 terra.

2204 3645 2294 3700 48.
2338 3647 2593 3718 Ἐτέχοης
2626 3649 2716 3700 ἐπὶ
2746 3647 2843 3717 τῆς
2864 3647 2987 3716 γῆς.

537 3731 626 3784 49.
655 3731 758 3798 Qui
789 3733 844 3786 in
875 3749 970 3790 eos
999 3747 1312 3806 assumptus
1341 3753 1421 3794 es.

2200 3739 2290 3794 49.
2324 3739 2430 3792 Τοῦ
2460 3739 2854 3809 ἀναληφθέντος
2885 3741 2941 3791 ὲν
2969 3739 3166 3802 αὐτοῖς.

534 3821 622 3876 50.
646 3821 823 3877 Novos
856 3835 1034 3879 autem
1066 3828 1252 3891 caelos,
1281 3836 1335 3882 et
1366 3845 1560 3883 novam
1601 3839 1800 3884 terram
1829 3845 2026 3889 exsuc—

2201 3824 2289 3880 50.
2323 3827 2556 3890 Καινοὺς
2577 3827 2632 3880 δὲ
2660 3827 2938 3898 οὐρανοὺς,
2980 3827 3072 3880 καὶ
3101 3828 3290 3898 καινὴν
3327 3825 3432 3896 γῆν
3464 3829 3673 3898 προσϐο-

463 3923 674 3969 ctamus
705 3914 859 3984 juxta
883 3922 1032 3970 tuam
1060 3919 1500 3988 promissionem.

2131 3916 2314 3986 κῶμεν
2339 3916 2478 3970 κατὰ
2510 3917 2571 3969 τὸ
2594 3917 2912 3988 ἐπάγγελμα
2941 3917 3124 3972 αὐτοῦ.

537 4002 624 4058 51.
657 4003 1106 4076 Corrumpentur.

2198 4005 2284 4058 51.
2312 4005 2853 4078 Καταφθαρήσονται.

537 4092 624 4145 5:2.
661 4092 941 4164 Tanquam
966 4097 1101 4151 liber
1131 4099 1252 4153 coeli
1285 4099 1648 4158 involventur.

2189 4097 2276 4150 52.
2308 4097 2694 4168 Εἱληθήσονται
2724 4098 2801 4167 (5)
2825 4099 2872 4150 οἱ
2900 4097 3114 4168 οὐρανοὶ
3139 4098 3213 4161 ὡς
3238 4098 3456 4167 βιϐλίον.

538 4180 625 4235 53.
663 4181 743 4235 Tu
800 4193 982 4239 autem
1027 4196 1079 4241 et
1131 4187 1302 4244 factus
1350 4190 1533 4256 homo,
1566 4191 1706 4245 idem
1750 4207 1808 4246 es
1849 4194 2024 4263 qualis

2197 4185 2282 4240 53.
2315 4187 2386 4239 Σὺ
2408 4187 2462 4238 δὲ
2489 4188 2581 4240 καὶ
2611 4187 2898 4256 γενόμενος
2930 4186 3004 4256 (4)
3029 4185 3306 4256 ἄνθρωπος
3349 4190 3378 4240 ό
3431 4186 3588 4248 αὐτὸς
3629 4180 3675 4236 εἴ

464 4286 607 4335 cras,
641 4281 694 4325 et
721 4275 860 4328 sicut
882 4275 1091 4331 dierum
1115 4279 1441 4350 principium
1476 4297 1586 4335 non
1622 4282 1808 4348 habes,
1832 4284 1904 4338 ita
1925 4299 2022 4339 ne-

2126 4278 2305 4340 όποῖος
2327 4273 2414 4348 ἦς,
2446 4279 2539 4331 καὶ
2561 4277 2748 4349 ὥσπερ
2790 4277 2960 4349 ἀρχὴν
3008 4277 3224 4349 ἡμερῶν
3261 4279 3360 4332 οὐκ
3403 4277 3564 4348 ἔχεις,
3593 4275 3674 4329 οὖ-

462 4373 568 4428 que
595 4361 716 4414 vitae
747 4364 926 4419 ﬁnem.
1667 4374 1673 4380 ‘

1667 4374 1673 4380 ‘
2125 4384 2232 4430 τως
2257 4369 2377 4421 οὐδὲ
2406 4367 2549 4441 ζωῆς
2577 4369 2745 4432 τέλος.

531 4449 618 4503 54.
655 4450 756 4516 Qui
785 4465 912 4508 sunt
942 4471 1035 4524 per
1071 4456 1229 4512 ﬁdem
1255 4461 1348 4514 ﬁlii
1389 4463 1794 4531 prOphetarum,
1822 4475 1876 4520 et
1900 4481 2022 4537 apo-

2197 4458 2284 4512 54.
2315 4461 2380 4514 Oi
2415 4459 2503 4514 διὰ
2544 4460 2643 4530 τῆς
2687 4460 2922 4523 πίστεως
2957 4460 3060 4512 υἱοὶ
3097 4459 3201 4512 τῶν
3245 4461 3538 4533 προφητῶν
3588 4461 3672 4514 καὶ

459 4541 722 4597 stolorum
754 4544 1074 4601 habitabant
1105 4548 1160 4601 in
1197 4565 1431 4620 superna
1453 4552 1809 4609 Hierusalem.

2124 4550 2232 4603 τῶν
2257 4551 2570 4604 ἀποστόλων
2599 4549 3106 4621 κατασκηνώσουσιν
3135 4553 3192 4605 ὲν
3229 4553 3295 4621 τῇ
3323 4551 3436 4605 ἄνω
3485 4549 3671 4621 Ἱερουρ

2129 4640 2259 4698 σαλή
2271 4659 2328 4698 μ..

531 4717 617 4772 55.
647 4717 712 4773 Et
741 4735 902 4790 opera
932 4723 1155 4793 justitize
1185 4741 1374 4782 eorum
1411 4730 1802 4799 permanebunt
1831 4730 1885 4784 in
1918 4745 2020 4786 sre-
2053 4712 2098 4766 D

2129 4643 2227 4695 σαλ
2313 4683 2328 4698 .

2086 4718 2098 4762 ⁵
2195 4643 2422 4786 Καὶ
2448 4732 2514 4786 τὰ
2555 4733 2688 4804 ἔργα
2729 4733 2826 4802 τῆς
2871 4731 3213 4804 δικαιοσύνης
3252 4730 3429 4786 αὐτῶν
3475 4732 3554 4795 εις
3583 4730 3667 4785 τὸν

459 4809 639 4864 culum
667 4812 1076 4882 sempiternum.

2124 4824 2478 4896 ἀτελεύτητον
2505 4827 2676 4880 αἰῶνα
2711 4828 2877 4896 μενεῖ.

1454 5001 1705 5064 ddenda
1746 5010 1808 5065 et
1837 5007 2212 5085 corrigenda
2250 5025 2326 5069 ex
2360 5006 2501 5069 cod.
2530 5005 2731 5068 Vatic.

491 5157 982 5252 .(‘U‘fﬁlz'éal
1014 5167 1138 5252 ττιὺς
1171 5164 1544 5252 Rectam?
1601 5171 1881 5226 δουλεῦσαι
1934 5168 2021 5252 διὰ
2189 5171 2263 5252 is)
2293 5169 2478 5252 13;":
2503 5169 2589 5223 48-
2629 5169 3298 5252 ἐιτεχθεὶςέτεῖτὲιεχῆςυ

456 5235 812 5324 ξῇς-τξξςτεως
833 5235 911 5303 τῷ
941 5235 1145 5307 Κυρίῳ.
1171 5237 1234 5292 N.
1269 5238 1355 5294 45.
1398 5239 1762 5324 Ύπήκουσαν,
1798 5256 1927 5310 etc.,
1962 5244 2019 5295 ὲν
2297 5239 2644 5324 ξίλιχήσεται
2671 5242 2700 5294 ό
2731 5235 2954 5311 οὖρανδς
2979 5239 3053 5302 ὡς
3076 5235 3297 5309 βιϐλίον.

455 5300 524 5367 τῇ
550 5301 748 5355 πίστει.
883 5300 893 5303 ’
1031 5300 1043 5307 ’
1098 5300 1109 5307 ’
1525 5300 1536 5312 ’
1647 5314 1658 5324 ’
1747 5300 1759 5307 ⁷
1915 5300 1926 5310 ’
2300 5300 2621 5382 Γενόίρξενος.
