4004 6212
289 318 419 376 1085
1188 318 1276 372 DE
1311 317 1375 372 Tl
1389 319 1584 375 TULlS
1622 319 1870 375 PSALMC

1916 317 2064 374 10M.
2106 348 2175 359 —
2207 316 2400 372 PSAL.
2435 314 2548 372 Cll.
3360 308 3497 364 1036

581 435 823 504 Ψαλμός
851 433 930 500 τῷ
957 435 1152 491 Δαϐίδ.
1195 440 1366 493 ΨΑΛ.
1399 441 1524 492 PB'.
1862 442 1911 498 Δ

1862 442 1911 498 Α
2290 453 2536 508 Psalmus
2569 451 2759 506 David.
2790 449 2993 504 PSAL.
3018 447 3147 505 Cll.

348 525 404 581 1.
444 525 692 592 Εὐλόγει,
714 527 747 594 ἡ
771 524 914 596 ψυχή
952 543 1073 594 μου,
1100 525 1190 579 τὸν
1213 526 1444 598 Κύριον·

2009 549 2060 602 1.
2087 547 2341 613 Benedic,
2377 545 2560 600 anima
2592 559 2732 608 mea,
2767 543 2997 597 Domino
3029 561 3041 597 :

345 617 402 672 2.
437 618 546 671 Kal
591 617 769 670 πάντα
817 617 885 669 τὰ
933 618 1082 680 ἐντός
1127 635 1230 688 μου
1268 618 1328 672 τὸ
1377 619 1554 691 ὄνομα,
1587 620 1654 674 τὸ
1686 620 1838 690 ἅγιον

2005 639 2060 693 2.
2092 637 2159 692 Et
2203 637 2406 704 omnia,
2451 651 2572 706 quae
2615 636 2759 690 intra
2801 650 2888 688 me
2917 644 3044 689 sunt
3071 633 3274 688 nomini
3309 639 3497 688 saneto

283 708 462 764 αὐτοῦ.
1937 731 2056 802 ejus

349 797 402 851 3.
438 796 681 865 Εὐλόγει,
709 800 740 865 ὴ
769 796 913 868 ψυχή
944 815 1068 867 μου,
1091 798 1180 851 τὸν
1209 799 1408 870 Κύριον
1426 818 1444 832 ο

1442 825 1444 828 ’
2006 823 2062 877 5.
2098 819 2344 882 Benedic.
2372 821 2551 875 anima
2575 835 2714 886 mea,
2749 819 2980 873 Domino
3011 836 3023 872 :

348 889 397 944 4.
433 889 542 942 Kal.
583 888 657 960 μὴ
709 887 1062 942 ὲπιλανθάνου
1107 892 1281 954 πάσας
1324 892 1423 957 τὰς
1461 895 1840 959 ἀνταποδόσεις

1754 912 1840 959 ἐις
2004 911 2057 965 4.
2087 911 2153 965 Ει
2182 911 2291 965 noli
2317 910 2563 966 oblivisci
2583 925 2774 965 omnes
2797 909 3180 965 retributiones
3199 909 3335 978 ejus.

281 999 464 1036 συτου.

352 1071 401 1127 5.
433 1071 534 1124 Τὸν
575 1071 950 1124 εὺῐλατεύοντα
983 1073 1161 1136 πάσας
1190 1074 1288 1138 τὰς
1331 1075 1556 1146 ἀνομίας
1585 1093 1676 1129 σου
1703 1075 1841 1148 [πά-

1826 1109 1841 1120 -
2009 1088 2060 1142 5.
2093 1087 2192 1153 Qui
2219 1087 2544 1158 propitiatur
2570 1084 2826 1139 omnibus
2853 1081 3228 1153 iniquitatibus
3258 1081 3364 1135 tuis
3393 1098 3407 1134 :

281 1180 400 1226 σαις
425 1164 545 1224 ταῖς
572 1162 818 1232 ἀνομίαις
845 1180 935 1215 σου
961 1162 980 1235 ]
1005 1180 1017 1193 ·

347 1257 398 1306 6.
436 1253 536 1305 Τὸν
569 1250 796 1322 ἰώμενον
827 1254 1006 1317 πάσας
1037 1253 1134 1317 τὰς
1163 1256 1349 1320 νόσους
1375 1273 1489 1310 σου·

2008 1267 2060 1321 6.
2091 1265 2192 1333 Qui
2225 1275 2380 1321 sanat
2407 1280 2598 1320 omnes
2632 1264 2976 1318 inﬁrmitates
3007 1271 3147 1316 tuas.

348 1342 398 1395 7.
430 1343 532 1395 Τὸν
565 1341 926 1412 λυτρούμενον
951 1346 1015 1398 ἐκ
1049 1345 1252 1417 φθορᾶς
1273 1349 1367 1419 τὴν
1399 1350 1542 1421 ζωήν
1571 1368 1695 1405 σουο
1813 1364 1815 1366 ’

1608 1368 1695 1405 ου’
1813 1364 1815 1366 ’
2010 1357 2059 1412 7.
2095 1356 2195 1423 Qui
2221 1358 2435 1412 redimit
2461 1358 2528 1412 de
2555 1357 2774 1411 interitu
2807 1355 2974 1409 vitam
2999 1363 3146 1408 tuam
3177 1371 3189 1406 :

345 1433 397 1488 8.
432 1433 534 1487 Τὸν
562 1435 928 1503 στεφανοῦντά
961 1453 1018 1488 σε
1049 1439 1105 1489 ὲν
1138 1438 1273 1492 ἐλέει
1299 1442 1389 1493 καὶ
1412 1445 1731 1514 οίκτιρμοῖς.

2007 1448 2060 1501 8.
2094 1447 2198 1515 Qui
2236 1458 2461 1504 coronat
2505 1456 2557 1503 te
2595 1448 2650 1501 in
2698 1437 3070 1502 misericordia
3101 1455 3155 1500 et
3189 1443 3493 1498 miseratio~

1939 1537 2122 1593 nibus.
3411 1539 3416 1543 ’

345 1590 397 1646 9.
430 1591 531 1643 Τὸν
553 1591 950 1662 ἐμπιμπλῶντα
972 1595 1029 1646 ἐν
1046 1595 1267 1664 ἀγαθοῖς
1288 1599 1386 1667 τὴν
1406 1599 1697 1670 ἐπιθυμίαν
1723 1619 1837 1654 σου·

345 1682 432 1735 10.
473 1683 1010 1755 Ἀνακαινισθήσεται
1044 1688 1118 1750 ὡς
1157 1688 1316 1741 ἀετοῦ
1351 1691 1384 1761 ή
1417 1691 1603 1762 νεότης
1643 1707 1770 1745 σουο

350 1775 435 1828 11.
465 1775 640 1828 Ποιῶν
675 1777 1040 1848 ἐλεημοσύνας
1062 1781 1088 1832 ό
1112 1780 1313 1851 Κύριος
1332 1800 1345 1812 ·

345 1867 432 1921 12.
468 1869 574 1921 Καὶ
604 1871 776 1940 κρῖμα
816 1872 946 1922 πᾶσι
972 1874 1084 1933 τοῖς
1109 1872 1503 1943 ἀδικουμένοις.

345 1959 432 2012 15.
476 1959 766 2031 Ἐγνὼρισε
793 1962 891 2025 τὰς
921 1963 1072 2026 ὁδοὺς
1096 1964 1257 2017 αὑτοῦ
1286 1966 1362 2036 τῷ
1395 1969 1600 2038 Μωῦσῇ
1627 1986 1641 1999 ο

349 2051 434 2105 Μ.
475 2052 598 2116 Τοῖς
623 2055 758 2116 υἱοῖς
795 2055 1007 2126 Ἰσραὴλ
1035 2057 1102 2110 τὰ
1123 2057 1400 2128 θελήματα
1420 2061 1600 2118 αὑτοῦ.

345 2142 432 2198 15.
468 2143 785 2215 Οίκτίρμων
816 2147 909 2199 καὶ
937 2147 1182 2219 ἐλεήμων
1212 2153 1240 2203 ὁ
1272 2152 1489 2223 Κύριος,

2009 1623 2062 1675 9.
2099 1621 2201 1688 Qui
2235 1625 2403 1694 replet
2429 1625 2483 1678 in
2508 1624 2668 1679 bonis
2691 1623 3022 1679 desiderium
3050 1631 3202 1677 tuum
3230 1639 3243 1674 :

2010 1712 2094 1766 10.
2131 1712 2498 1770 Renovaltitur
2522 1725 2582 1770 ut
2605 1716 2800 1784 aquilae
2826 1715 3082 1784 juventus
3109 1723 3221 1768 tua.

1866 1799 1910 1853 Β
2008 1804 2093 1857 11.
2127 1804 2352 1862 Faciens
2381 1808 2783 1864 misericordias
2806 1808 3068 1863 Dominus
3094 1825 3109 1860 :

2004 1895 2088 1948 12.
2121 1896 2187 1951 Et
2213 1897 2475 1967 judicium
2501 1901 2756 1955 omnibus
2781 1901 3038 1970 injuriam
3064 1897 3414 1969 patientibus.

2005 1987 2087 2041 15.
2121 1986 2287 2045 Notas
2318 1989 2446 2045 fecit
2475 1993 2590 2046 vias
2617 2006 2747 2047 suas
2772 1991 2944 2063 Moysi
2971 2010 2987 2046 ι

2009 2075 2094 2129 14.
2123 2077 2274 2135 Filiis
2301 2078 2462 2136 Israel
2496 2082 2803 2136 voluntates
2831 2097 2980 2136 suas.

2014 2169 2101 2223 15.
2139 2170 2422 2227 Miserator
2454 2181 2509 2227 et
2538 2173 2850 2229 misericors
2881 2173 3162 2228 Dominus.

346 2235 433 2288 16.
470 2237 840 2308 Μακρόθυμος
871 2241 965 2292 καὶ
991 2241 1294 2306 πολυέλεος.

2013 2259 2098 2314 16.
2135 2259 2482 2332 Longanimis
2505 2272 2559 2318 et
2582 2264 2811 2319 multum
2841 2263 3169 2319 misericors.

349 2329 438 2382 17.
471 2331 585 2383 Οὐκ
613 2333 694 2394 είς
719 2331 873 2396 τέλος
907 2333 1293 2405 όργισθήσεται
1317 2353 1331 2368 ⁸

2018 2349 2107 2403 17.
2133 2329 2332 2406 Νοιι-ἰιι
2372 2362 2684 2424 perpetuum
2716 2354 3015 2409 irascetur:

343 2418 430 2473 18.
462 2419 594 2474 Οὐδὲ
616 2423 696 2486 είς
721 2422 810 2475 τὸν
835 2423 1008 2477 αἰῶνα
1035 2429 1236 2496 μηνιεῖ.

2020 2440 2106 2494 18.
2133 2440 2315 2512 Neque
2340 2418 2396 2498 in
2425 2418 2683 2500 aeternum
2715 2445 3153 2500 comminabitur.

1389 2607 1761 2666 ATHANASII
1809 2616 2386 2681 INTERPRETATIO.

446 2714 778 2808 προκειμένη
800 2715 1089 2808 ἐπιγραφὴ
1113 2721 1355 2790 περιέχει
1387 2720 1462 2793 (ί)
1487 2740 1500 2753 ’
1528 2724 1609 2791 Τῷ
1631 2729 1808 2783 Δαϐὶδ
1823 2735 2082 2804 ψαλμός,
2105 2739 2348 2792 τουτέστι
2376 2739 2455 2806 τῷ
2474 2738 2656 2805 ἱκανῷ
2675 2737 2749 2807 τῇ
2772 2737 2918 2808 χειρὶ
2937 2735 3014 2806 τῷ
3035 2735 3148 2806 Υἱῷ
3166 2734 3260 2789 τοῦ
3279 2735 3430 2792 Θεοῦ.

343 2802 556 2898 'l‘iutlus
580 2806 903 2874 praepositus
931 2809 1173 2863 continet
1205 2829 1218 2864 :
1248 2811 1493 2869 Psalmus
1520 2816 1713 2883 David,
1747 2822 1851 2878 hoc
1883 2802 1968 2882 est.
1993 2802 2154 2883 manu
2180 2832 2306 2898 {orti
2330 2802 2607 2886 Dei-Filio.

343 2893 396 2986 1τ
419 2892 472 2960 2,
492 2895 544 2949 5.
575 2895 637 2946 Ἠ
669 2894 812 2964 ψυχή
840 2913 960 2966 μου,
989 2898 1082 2950 καὶ
1117 2902 1148 2969 ἡ
1181 2902 1377 2970 καρδία
1403 2921 1502 2974 μου
1536 2902 1636 2976 (2),
1675 2911 1768 2961 καὶ
1811 2912 1844 2983 ή
1872 2925 1916 2982 c

2020 2918 2071 2981 1,
2099 2919 2154 2986 2,
2182 2920 2235 2976 5.
2266 2922 2460 2976 Anima
2491 2936 2631 2985 mea,
2660 2930 2714 2976 et
2745 2935 2840 2975 cor
2873 2933 3053 2973 meum
3079 2923 3134 2972 et
3161 2917 3334 2972 virtus
3363 2932 3501 2972 mea:

274 2985 429 3055 ἰσχύς
452 3003 576 3055 μου,
599 2986 806 3054 εὐλόγει
831 2987 920 3040 τὸν
946 2989 1169 3060 Κύριον.

946 2989 1169 3060 Κύριον.
1943 3010 2243 3066 benedicile
2274 3011 2527 3066 Domino.

338 3078 377 3168 1
411 3079 486 3150 (5)
531 3079 650 3168 Ὅτι
692 3080 756 3168 ἐκ
799 3078 892 3131 τοῦ
923 3079 996 3152 μὴ
1020 3081 1170 3146 ὄντος
1191 3085 1249 3137 τὸ
1263 3083 1399 3139 εἷναί
1433 3106 1492 3140 σε
1523 3093 1840 3164 παρήγαγε.

1682 3109 1840 3162 γαγε·
2012 3101 2067 3156 4.
2101 3100 2369 3168 Quoniam
2394 3119 2460 3157 ex
2491 3103 2662 3158 nihilo
2689 3112 2739 3158 te
2766 3099 2990 3156 adduxit
3015 3109 3073 3155 ιιι
3095 3114 3263 3155 esses.

348 3166 382 3220 5
438 3168 548 3220 Kal.
577 3167 654 3237 τῷ
688 3167 876 3236 αἵματι
911 3169 1005 3221 τοῦ
1039 3171 1168 3224 Υἱοῦ
1212 3175 1376 3228 αὐτοῦ
1411 3176 1748 3250 ἐλυτρώσατό
1782 3199 1843 3236 σε

2013 3192 2064 3246 5.
2092 3192 2156 3246 Ει
2191 3195 2456 3264 sanguine
2480 3193 2602 3247 Filii
2632 3194 2717 3247 sui
2749 3191 2980 3246 redemit
3012 3199 3064 3244 te
3096 3207 3127 3244 a
3170 3197 3346 3245 morte
3380 3203 3503 3257 peo-

269 3260 382 3313 ἁπὺ
409 3259 637 3314 θανάτου
665 3261 764 3331 τῆς
790 3263 1082 3334 ἁμαρτίας,
1106 3267 1578 3339 καιὲπηγγείλατό
1597 3289 1676 3326 σοι
1700 3272 1843 3346 ζωὴν

269 3351 508 3404 αἰώνιον.

1485 3273 1578 3324 ατό
1597 3289 1676 3326 σοι
1700 3272 1843 3346 ζωὴν
1943 3284 2071 3349 cati,
2103 3292 2155 3339 et
2174 3259 2425 3355 promisit
2447 3285 2543 3339 tibi
2569 3285 2738 3338 vitam
2769 3292 3024 3338 aeternam
3054 3300 3066 3335 :

268 3370 306 3405 α
314 3368 406 3406 ιων
412 3368 488 3407 ιον
495 3393 508 3407 ο

344 3443 398 3499 6.
434 3443 533 3498 Διά
560 3444 652 3497 τοῦ
684 3443 888 3509 πάθους
919 3445 1012 3499 τοῦ
1044 3447 1173 3501 Υἱοῦ
1207 3450 1372 3504 αὐτοῦ
1407 3455 1471 3506 ὲκ
1497 3454 1701 3526 φθορᾶς
1743 3454 1842 3528 τὴν

2012 3452 2064 3506 6.
2097 3451 2200 3507 Per
2245 3454 2553 3522 passionem
2602 3452 2722 3506 Filii
2776 3452 2862 3506 sui
2920 3451 2989 3506 de
3056 3451 3281 3506 interitu
3338 3449 3499 3502 vitam

269 3537 422 3608 ζωήν
445 3555 560 3591 σου.

525 3555 560 3591 ι.
1940 3553 2106 3598 tuam.

346 3627 397 3682 7.
434 3629 532 3682 Διά
559 3631 658 3698 τῆς
677 3631 894 3701 χάριτος
910 3630 1003 3684 τοῦ
1026 3632 1340 3703 Πνεύματος
1362 3637 1524 3689 αὑτοῦ
1547 3638 1640 3692 τοῦ
1662 3639 1838 3706 ἁγίου.

1362 3637 1524 3689 αὑτοῦ
1547 3638 1640 3692 τοῦ
1662 3639 1838 3706 ἁγίου,
2013 3632 2062 3686 7.
2089 3631 2191 3688 Per
2217 3634 2442 3704 gratiam
2477 3633 2715 3702 Spiritus
2743 3632 2939 3688 sancti.

344 3723 398 3776 8.
434 3723 535 3775 Τὸν
555 3724 919 3794 χαρισάμενον
947 3741 1028 3778 σοι
1056 3725 1116 3778 τὸ
1155 3726 1454 3795 βασιλεύειν
1479 3731 1537 3781 ὲν
1558 3734 1624 3801 τῇ
1658 3732 1840 3803 χάριτι

2009 3725 2061 3779 8.
2098 3723 2200 3790 Qui
2244 3725 2467 3779 donavit
2507 3726 2626 3789 tibi,
2672 3734 2732 3780 ut
2764 3740 3023 3796 regnares
3072 3726 3127 3777 in
3173 3723 3340 3793 gratia
3380 3721 3500 3776 Filii

265 3814 364 3868 ’τοῦ
398 3814 527 3867 Υίοῢ
555 3815 738 3880 αὑτοῦ,
765 3817 858 3869 καὶ
889 3813 984 3869 τοῦ
1011 3815 1165 3884 ἁγίου
1189 3818 1326 3871 Πνεύ
1337 3836 1523 3888 ματος.

1047 3815 1165 3884 γίου
1189 3818 1523 3888 Πνεύματος,
1941 3814 2046 3877 sui,
2088 3824 2142 3866 et
2169 3813 2402 3883 Spiritus
2434 3816 2625 3869 sancti.

344 3906 398 3959 9.
435 3905 538 3960 Τὸν
578 3905 887 3977 πληροῦντα
925 3906 1000 3977 (4)
1040 3906 1150 3960 τῶν
1187 3909 1542 3980 χαρισμάτων
1581 3910 1678 3982 τὴν
1706 3929 1842 3983 καρ-

1676 3931 1678 3948 ι
1706 3929 1842 3983 καρ-
2010 3903 2064 3957 9.
2097 3901 2198 3968 Qui
2227 3903 2413 3973 implet
2439 3903 2753 3959 cmlestibus
2772 3904 2932 3958 donis
2960 3919 3055 3958 cor
3089 3911 3257 3956 tuum.

267 3999 395 4051 δέαν
430 4013 547 4052 σου.

348 4088 438 4143 10.
484 4088 572 4140 Ἐν
619 4087 696 4158 τῷ
749 4088 1082 4158 βαπτίσματι
1121 4091 1216 4142 καὶ
1250 4092 1307 4143 ἐν
1340 4095 1404 4163 τῇ
1442 4093 1688 4165 βασιλείᾳ
1732 4094 1840 4148 τῶν

1588 4094 1688 4165 Legg
1732 4094 1840 4148 τῶν
2013 4077 2100 4130 10.
2131 4075 2186 4130 1η
2211 4076 2504 4146 baptismo,
2529 4086 2582 4133 et
2615 4095 2669 4132 ιιι
2695 4093 2860 4148 regno
2887 4079 3169 4132 coelorum.

262 4195 537 4250 ουρανων.

347 4269 434 4322 11.
471 4269 730 4339 Παρέχων
750 4269 818 4323 τὰ
845 4271 968 4341 ὲλέη
993 4272 1156 4326 αὐτοῦ
1183 4275 1211 4326 ὁ
1247 4271 1469 4344 Κύριος.

1869 4268 1914 4322 D
2014 4249 2097 4302 11.
2128 4249 2378 4304 Praebens
2404 4250 2807 4305 misericordias
2841 4264 2969 4304 suas
3004 4247 3285 4302 Dominus.

342 4360 430 4413 12.
460 4362 569 4414 Kal.
594 4360 820 4414 ἐκδικῶν
849 4362 1053 4425 πάντας
1090 4363 1165 4433 (5)
1210 4366 1335 4427 τοὺς
1377 4365 1840 4420 καταδυναστευο-

1799 4384 1840 4420 ,,
2012 4341 2098 4396 12.
2135 4341 2200 4395 Et
2234 4342 2514 4398 vindicans
2544 4356 2736 4398 omnes
2764 4355 3059 4413 oppressos
3085 4355 3115 4392 a
3143 4339 3380 4394 diabolo.

268 4453 471 4523 μένους
501 4453 605 4506 ὑπὸ
622 4453 714 4506 τοῦ
744 4454 1012 4511 διαόόλου.

346 4543 433 4596 15.
468 4541 556 4612 Τῷ
575 4541 686 4611 λαῷ
717 4542 792 4613 (6)
819 4541 1164 4613 ἀνανεχθέντι
1191 4544 1299 4596 ἀπὸ
1322 4544 1416 4597 τοῦ
1451 4546 1842 4617 βαπτίσματος.

2015 4543 2099 4598 15.
2129 4542 2472 4613 Populo,qui
2498 4543 2744 4599 sublatus
2790 4551 2874 4597 est
2913 4557 2942 4596 e
2977 4541 3266 4610 baptismo.
3301 4536 3503 4609 Moyses

261 4629 532 4696 Μωῢσῆς
553 4631 662 4701 γὰρ
689 4631 1048 4702 ἑρμηνεύεται
1076 4632 1381 4700 ἀναίρεσις
1414 4633 1652 4700 ὓδατος.

1469 4633 1652 4700 ιἶατος.
1942 4634 2084 4687 enim
2122 4632 2508 4700 interpretatur
2537 4633 2768 4686 sublatio
2800 4631 2865 4684 ab
2895 4647 3050 4700 aqua.

347 4722 433 4776 14.
465 4722 588 4785 Τοῖς
637 4723 770 4787 υἱοῖς
810 4722 918 4775 τῶν
965 4721 1216 4794 ὁρώντων
1263 4723 1355 4777 τὸν
1404 4725 1534 4778 Θεὸν
1581 4725 1845 4797 ἐγνώρισε

2016 4722 2103 4774 14.
2139 4720 2178 4779 Ε
2185 4722 2292 4776 iliis
2321 4723 2618 4776 videntium
2649 4722 2816 4777 Deum
2845 4730 2969 4776 nota
2997 4719 3126 4774 fecit
3147 4726 3434 4789 praecepta,
3453 4726 3506 4771 et

261 4813 376 4878 τὰς
410 4814 624 4877 ἐντολὰς
647 4815 742 4866 καὶ
765 4815 826 4867 τὸ
852 4815 1064 4885 θέλημα
1092 4813 1279 4869 αὐτοῦ.

898 4815 978 4884 ἕλη
989 4833 1064 4885 μα
1092 4813 1279 4869 αὐτοῦ.
1942 4811 2273 4865 voluntatem
2305 4826 2479 4864 suam.

345 4905 434 4968 15,
468 4905 552 4960 16.
581 4907 856 4976 Οίκτείρει
884 4907 959 4978 (7)
992 4909 1200 4970 πάντας
1244 4910 1272 4961 ό
1331 4909 1569 4980 Κύριος,
1615 4911 1706 4963 καὶ
1741 4928 1845 4980 μα-

2013 4901 2100 4965 15,
2140 4901 2225 4956 16.
2259 4900 2542 4955 Miseretur
2570 4901 2814 4954 omnium
2850 4899 3134 4963 Dominus,
3165 4907 3220 4954 et
3260 4897 3501 4967 longani-

266 4996 560 5069 κροθυμεῖ,
592 4997 690 5048 καὶ
719 4995 980 5066 πληθύνει
1007 4998 1069 5050 τὸ
1097 4997 1244 5060 ἔλεος
1268 4998 1456 5051 αὑτοῦ.

1943 4994 2046 5047 mis
2080 5005 2182 5055 est,
2215 5003 2269 5048 et
2296 4994 2620 5062 multiplicat
2647 4993 3076 5047 misericordiam
3105 5006 3279 5045 suam.

345 5089 436 5155 17,
473 5088 538 5142 18
591 5088 704 5141 Οὐκ
728 5071 1211 5160 ἀποστραφήσεται
1246 5091 1321 5164 (8)
1345 5094 1512 5163 ἡμᾶς.

1296 5091 1321 5164 ι)
1345 5094 1512 5163 ἡμᾶς,
2014 5089 2100 5150 17,
2129 5087 2222 5142 18.
2247 5086 2363 5142 Non
2393 5088 2732 5142 aversabitur
2759 5103 2877 5141 nos.

1223 5183 1528 5244 Addenda
1561 5191 1622 5244 et
1664 5180 2037 5259 corrigenda
2068 5197 2144 5240 ex
2194 5179 2334 5240 cod.
2361 5179 2559 5240 Vatic.

344 5285 422 5356 (1)
454 5286 516 5338 Ἡ
529 5285 615 5339 διὰ
633 5286 731 5354 τῆς
745 5285 1111 5356 κινναόἀρεως
1126 5286 1650 5356 περ.,ειο.,Ψαλμός
1670 5288 1837 5340 deest.
1949 5282 2268 5356 90095.:th
2292 5282 2434 5352 ζωήν
2452 5298 2575 5356 σου.
2613 5281 2675 5337 Ν.
2709 5282 2763 5346 6,
2790 5281 2840 5333 7.
2873 5279 2970 5332 Διὰ
2996 5279 3093 5348 τῆς
3123 5277 3362 5347 χάριτος,
3397 5285 3500 5330 εις.

345 5355 571 5442 (21111ου
594 5351 745 5427 καῖή
765 5351 1120 5425 διάνοιάμου,
1139 5351 1233 5409 καὶ
1254 5358 1288 5424 ἡ
1319 5356 1468 5442 ἰσχύς
1492 5351 1848 5426 μόυ.Ιὶ(ιιὶιιιιιι

267 5427 496 5480 desunt.
734 5423 744 5427 ⁷
1000 5423 1009 5425 ἡ
1276 5423 1285 5424 ί
1373 5423 1381 5425 “
1452 5423 1467 5442 ⁸
1484 5423 1502 5491 ξ

1000 5423 1009 5425 ἡ
1276 5423 1285 5424 “
1373 5423 1381 5425 ἡ
1452 5423 1502 5491 ’ξ
2027 5423 2100 5491 (5)
2135 5423 2348 5483 Πάντας
2370 5425 2538 5476 deest.

343 5494 420 5561 (ξι)
447 5492 510 5548 Ν.
540 5495 597 5549 4.
624 5496 753 5570 ξὐτι
770 5493 952 5570 ὲκιςτοῦ
980 5494 1053 5564 μὴ
1082 5493 1336 5570 ὄντος-είς
1356 5495 1424 5570 ,τὸ
1455 5489 1592 5570 εἶναί
1618 5510 1676 5546 σε
1703 5511 1847 5570 παρ·
2251 5491 2363 5570 λαῷ
2388 5491 2639 5570 τῷδθιοη
2672 5489 2884 5570 εὕρεσις
2913 5487 3118 5570 ύδαῖος.

265 5553 506 5633 ἠγαγεν,
557 5566 648 5618 καὶ
686 5564 763 5634 τῷ
802 5553 996 5634 αἵματὶ
1037 5553 1130 5616 τοῦ
1174 5553 1558 5634 Υἱοῦ’(ειιρρι.
1607 5581 1669 5618 ex
1721 5553 1844 5618 cod.
2029 5553 2104 5634 (7)
2132 5553 2400 5634 Οἰατείρει
2426 5553 2651 5634 πάντας,
2689 5553 2781 5634 καὶ
2807 5559 2946 5634 ελεεζ
2972 5559 2999 5608 ὁ
3024 5556 3245 5626 Κύριος,
3280 5553 3370 5608 καὶ
3405 5567 3510 5609 ua-

267 5627 438 5716 llari}.
474 5635 637 5716 apto-5
662 5627 999 5716 ξλύτριὶισιξεό
1022 5651 1079 5716 σε
1239 5627 1506 5712 θανάτου)
1540 5634 1638 5716 τιῆς
1661 5635 1848 5716 ἀμαρ-
1953 5627 2222 5716 προθυμεῖ
2247 5627 2380 5702 πρὸς
2405 5633 2625 5716 πέρι-ας,
2658 5631 2750 5683 καὶ
2779 5627 3054 5699 πληθύνει,
3089 5637 3195 5680 etc.

270 5705 400 5767 τίας
439 5704 531 5757 καὶ
576 5707 620 5759 ὲ.
667 5704 714 5770 ζ.
747 5701 900 5761 αξών.
924 5701 984 5759 Ν.
1023 5704 1074 5763 5.
1111 5703 1207 5756 Διά
1242 5703 1354 5767 τοῦ,
1393 5701 1517 5769 εις-ζ,
1550 5701 1743 5758 (lesunt
1784 5701 1850 5758 ἐκ

929 5701 984 5759 Ν.
1023 5704 1074 5763 5.
1111 5703 1207 5756 Διά
1242 5703 1354 5767 τοῦ,
1393 5701 1517 5769 εις-ζ,
1550 5701 1743 5758 (lesunt
1784 5701 1850 5758 ἐκ
1993 5701 2100 5768 ’(8)
2134 5701 2510 5773 ⁷”Α’ποστραςῇ.
