4004 6212
476 302 604 358 1087
1311 307 1370 362 S.
1411 307 1782 365 ATIIANASII
1821 311 1972 369 OPP.
2009 315 2188 370 PARS
2227 316 2309 370 Ill.
2348 343 2419 356 -—
2457 313 2864 370 EXEGETICA.
3561 313 3693 367 1088

543 440 629 496 10.
667 438 786 494 Νοη
826 442 1122 496 secundum
1165 442 1480 512 iniquitates
1529 454 1744 501 nostras
1791 445 2035 518 [peccata
2066 436 2111 488 Α

2211 428 2296 482 19.
2330 429 2403 480 Οὐ
2439 427 2580 482 κατά
2604 429 2703 492 τὰς
2727 427 2953 499 ἀνομίας
2980 424 2999 497 [
3023 424 3322 496 ἁμαρτίας]
3345 426 3500 496 ἡμῶν
3519 426 3698 495 ἐποίη-

477 534 681 604 nostra]
713 532 841 588 fecit
865 535 1022 589 nobis
1050 553 1064 588 :

838 574 841 584 .
865 535 1022 589 nobis
1050 553 1064 588 :
2136 535 2226 570 σεν
2255 521 2385 589 ἡμῖν
2407 535 2419 548 ⁸

512 623 628 678 20.
659 620 842 694 Neque
871 623 1168 679 secundum
1205 629 1427 693 peccata
1470 633 1655 679 nostra
1697 624 2033 696 [iniquitates

2203 609 2291 664 20.
2324 609 2459 662 Οὐδὲ
2511 607 2654 661 κατά
2715 607 2813 671 τὰς
2859 607 3134 679 ἁμαρτίας
3189 604 3494 676 [ἀνομίας]
3543 605 3693 676 ἡμῶν

477 725 690 770 nostras
729 715 978 770 retribuit
1019 714 1195 768 nobis.

1116 715 1195 768 iis.
2134 699 2512 752 ἀνταπέδωκεν
2547 701 2697 770 ἡμῖν.

539 804 630 862 21.
657 806 924 872 Quoniam
960 805 1260 860 secundum
1291 803 1632 859 altitudinem
1659 805 1832 860 caelia
1866 816 2030 870 terra,

2202 789 2292 843 21.
2329 790 2450 843 Ὅτι
2480 789 2620 844 κατά
2641 790 2702 842 τὸ
2734 787 2865 857 ὕψος
2888 788 2980 842 τοῦ
3009 787 3236 859 οὐρανοῦ
3258 788 3365 841 ἀπὸ
3393 785 3492 856 τῆς
3516 785 3637 855 γῆς.

540 895 631 950 22.
662 893 1048 949 Corroboravit
1092 893 1354 949 Dominus
1402 893 1834 949 misericordiam
1879 910 2034 948 suam

2203 881 2292 934 22.
2333 881 2705 952 Ἐκραταίωσε
2741 880 2941 952 Κύριος
2981 880 3042 932 τὸ
3073 879 3223 943 ἔλεος
3253 878 3417 933 αὑτοῦ
3455 878 3548 929 ἐπ)⁵
3575 878 3697 940 τοὺς

476 1003 637 1056 super
662 986 909 1040 timentes
939 1000 1018 1039 se.

2136 972 2300 1042 φοϐου
2309 974 2505 1043 μένους
2526 973 2704 1028 αὐτόν.

541 1080 633 1134 25.
663 1078 936 1145 Quantum
959 1078 1122 1132 distat
1149 1087 1302 1132 ortus
1334 1076 1401 1130 ab
1433 1077 1736 1139 occidente,

2207 1065 2298 1120 25.
2333 1064 2578 1118 Καθόσον
2595 1065 2888 1134 ἀπέχουσιν
2910 1063 3164 1116 ἀνατολαὶ
3189 1060 3297 1116 ἀπὸ
3314 1059 3557 1131 δυσμῶν,

541 1170 630 1224 24.
661 1169 842 1241 Longe
868 1168 996 1225 fecit
1023 1186 1054 1224 a
1083 1169 1242 1223 nobis
1273 1168 1584 1238 iniquitates
1610 1179 1846 1224 nostras.

2205 1155 2294 1209 24.
2337 1154 2674 1225 Ἐμάκρυνεν
2703 1155 2794 1222 ἀφ’
2817 1152 2974 1224 ἡμῶν
2995 1152 3095 1216 τὰς
3125 1152 3354 1223 ἀνομίας
3385 1149 3557 1222 ἡμῶν.

541 1261 630 1315 25.
666 1260 948 1327 Quomodo
975 1260 1266 1315 miseretur
1291 1269 1444 1329 pater
1473 1259 1706 1314 ﬁliorum
1742 1279 1755 1314 :

1655 1275 1706 1313 ω
1742 1279 1755 1314 τ
2207 1245 2297 1298 25.
2335 1244 2533 1308 Καθὼς
2564 1245 2821 1314 οἰκτείρει
2844 1245 3024 1315 πατὴρ
3055 1243 3230 1306 υἱούς·

541 1354 630 1407 26.
667 1353 918 1408 Misertus
946 1362 1030 1408 est
1057 1352 1316 1408 Dominus
1346 1353 1663 1406 timentibus
1689 1367 1766 1407 se.

2207 1336 2300 1393 26.
2347 1337 2660 1408 ’ῼκτείρησε
2686 1338 2890 1408 Κύριος
2911 1338 3037 1399 τοὺς
3067 1334 3430 1405 φοϐουμένους
3463 1331 3647 1388 αὐτόν.

542 1444 632 1498 27.
659 1443 924 1511 Quoniam
953 1447 1066 1514 ipse
1104 1445 1356 1516 cognovit
1395 1445 1710 1514 ﬁgmentum
1740 1452 1985 1499 nostrum
2021 1461 2036 1496 :

1787 1452 1985 1499 οειιιιιηι
2021 1461 2036 1496 ;
2204 1427 2294 1483 27.
2327 1428 2450 1480 Ὅτι
2480 1428 2640 1492 αὐτὸς
2668 1428 2809 1497 ἔγνω
2835 1430 2897 1482 τὸ
2929 1428 3150 1498 πλάσμα
3180 1426 3331 1498 ἡμῶν
3355 1443 3368 1456 ·

543 1536 632 1590 28.
661 1535 993 1592 Recordatus
1019 1545 1124 1601 est,
1161 1536 1418 1606 quoniam
1456 1534 1631 1602 pulvis
1661 1550 1873 1590 sumus.

1539 1535 1631 1590 lvis
1661 1550 1873 1590 sumus,
2208 1519 2296 1573 28.
2347 1520 2644 1591 Ἐμνήσθη,
2667 1523 2749 1574 ὅτι
2783 1520 2909 1592 χοῦς
2936 1522 3120 1592 ἐσμεν.

543 1629 633 1684 29.
669 1627 842 1684 llomo
867 1629 1006 1685 sicut
1037 1605 1218 1684 fenum
1249 1627 1365 1682 dies
1394 1628 1511 1696 ejus
1537 1645 1550 1681 :

2217 1611 2306 1665 29.
2337 1611 2656 1681 Ἀνθρωπος
2691 1613 2821 1665 ὡσεὶ
2849 1613 3041 1684 χόρτος
3070 1613 3125 1664 αἱ
3163 1609 3366 1681 ἡμέραι
3395 1605 3558 1662 αὑτοῦ
3583 1621 3596 1636 ⁸

543 1719 632 1774 50.
655 1719 936 1790 Tanquam
964 1719 1063 1775 ﬁos
1091 1719 1205 1789 agri
1233 1721 1314 1774 sic
1336 1718 1619 1773 eﬁlorebit.

2210 1704 2298 1757 50.
2348 1704 2490 1757 Ὠσεὶ
2518 1703 2676 1768 ἄνθος
2708 1704 2803 1758 τοῦ
2837 1703 3006 1776 ἀγροῦ
3031 1703 3200 1766 οὕτως
3230 1701 3529 1771 ἐξανθήσει.

546 1812 636 1866 51.
662 1788 934 1879 Quoniam
959 1788 1184 1883 spiritus
1228 1812 1578 1883 pertransibit
1613 1810 1664 1864 in
1698 1810 1809 1875 illo,
1842 1816 1896 1864 et
1935 1823 2044 1864 non
2073 1792 2118 1846 Β

2213 1790 2304 1844 51.
2336 1791 2458 1844 Ὀτι
2489 1793 2703 1863 πνεῦμα
2733 1793 2946 1865 διῆλθεν
2986 1795 3042 1846 ἐν
3079 1791 3245 1862 αὐτῷ,
3276 1791 3368 1845 καὶ
3404 1791 3508 1859 οὐχ,
3535 1788 3700 1858 ὑπάρ-

477 1905 736 1959 subsistet
768 1924 780 1958 :
987 1879 1004 1883 ’
1228 1879 1246 1883 -
2144 1879 2221 1945 ξεί
2252 1897 2264 1910 ’

547 1994 636 2048 52.
674 1993 738 2048 Ει
767 2009 872 2048 non
904 2003 1198 2064 cognoscet
1227 1993 1459 2063 amplius
1482 1994 1661 2047 locum
1688 2008 1869 2048 suum.

2213 1969 2300 2024 32.
2337 1969 2448 2022 Καὶ
2473 1969 2574 2022 οὐκ
2596 1970 2956 2040 ἐπιγνώσεται
2987 1969 3066 2023 ἔτι
3093 1971 3185 2024 τὸν
3221 1972 3381 2024 τόπον
3413 1968 3596 2023 αὐτοῦ.

547 2086 635 2140 55.
667 2058 1038 2141 Misericordia
1090 2095 1268 2140 autem
1317 2058 1539 2140 Domini
1591 2085 1660 2139 ab
1708 2093 1934 2151 aeterno,
1993 2093 2048 2139 ct

2209 2061 2296 2115 55.
2333 2061 2404 2114 Τὸ
2429 2061 2487 2114 δὲ
2522 2061 2668 2124 ἕλεος
2694 2061 2788 2115 τοῦ
2838 2063 3046 2133 Κυρίου
3096 2061 3203 2116 ἀπὺ
3251 2061 3342 2114 τοῦ
3389 2060 3582 2124 αἰῶνος
3615 2058 3705 2112 καὶ

483 2193 651 2246 κει-μω
681 2179 733 2231 in
765 2187 1025 2232 aeternum
1054 2193 1216 2247 super
1245 2178 1498 2232 timentes
1526 2192 1674 2232 eum.

2140 2155 2243 2216 ἕως
2267 2153 2358 2206 τοῦ
2393 2153 2587 2216 αἰῶνος
2609 2153 2702 2205 ἐπὶ
2721 2155 2847 2218 τοὺς
2870 2153 3240 2224 φοϐουμένους
3273 2153 3451 2206 αὐτόν.

549 2244 639 2323 ει.
668 2267 734 2322 Ει
752 2269 962 2338 justitia
992 2244 1136 2323 unus
1169 2270 1223 2323 in
1257 2269 1398 2324 ﬁlios
1427 2268 1683 2340 ﬁliorum,

2216 2245 2302 2298 54.
2333 2245 2443 2320 Καὶ
2466 2246 2498 2316 ἡ
2522 2245 2829 2316 δικαιοσύνη
2860 2244 3022 2299 αὑτοῦ
3065 2245 3157 2298 ἐπὶ
3190 2246 3324 2307 υἱοῖς
3349 2244 3503 2308 υἱῶν,

552 2359 642 2414 55.
677 2359 772 2416 His
798 2363 890 2430 qui
921 2370 1139 2417 servant
1161 2371 1539 2416 testamentum
1570 2363 1708 2432 ejus,

2215 2337 2303 2391 55.
2335 2337 2458 2400 Τοῖς
2485 2337 2814 2406 φυλάσσουσι
2843 2338 2941 2409 τὴν
2969 2338 3231 2409 διαθήκην
3264 2337 3426 2392 αὐτοῦ
3457 2378 3471 2403 ,

555 2449 647 2507 56.
676 2448 741 2504 Ει
763 2467 1032 2508 memores
1067 2463 1192 2508 sunt
1217 2453 1594 2508 mandatorum
1635 2452 1828 2522 ipsius,
1861 2452 1926 2506 ad
1970 2449 2050 2506 fa—

2216 2426 2304 2482 56.
2341 2429 2452 2481 Καὶ
2483 2429 2850 2500 μεμνημένοις
2875 2427 2984 2483 τῶν
3001 2429 3226 2482 ἐντολῶν
3243 2427 3428 2490 αὑτοῦ,
3449 2427 3542 2480 τοῦ
3558 2429 3703 2498 ττοιῆ⁸

482 2539 731 2594 cicndum
764 2557 846 2594 ea.
2150 2535 2238 2570 σαι
2266 2535 2454 2580 dum"

553 2627 639 2680 57.
671 2626 933 2685 Dominus
970 2631 1025 2684 in
1056 2631 1194 2686 caelo
1224 2633 1436 2702 paravit
1467 2631 1650 2687 sedem
1673 2647 1826 2687 suam
1853 2651 1866 2685 :

2213 2606 2298 2660 57.
2327 2605 2529 2677 Κύριος
2548 2609 2604 2661 ἐν
2619 2606 2695 2676 τῷ
2715 2607 2929 2678 οὐρανῷ
2945 2608 3209 2678 ἡτοίμασε
3221 2609 3310 2662 τὸν
3324 2609 3508 2680 θρόνον
3526 2607 3699 2664 αὐτοῦ’

549 2718 637 2774 58.
671 2719 736 2774 Ει
763 2737 986 2792 regnum
1013 2723 1180 2793 ipsius
1210 2699 1464 2778 omnibus
1493 2722 1832 2777 dominatur.

2212 2699 2299 2754 58.
2332 2701 2497 2770 Καὶή
2531 2699 2776 2768 βασιλεία
2806 2699 2972 2752 αὑτοῦ
3001 2700 3216 2754 πάντων
3247 2699 3516 2764 δεσπόζει.

551 2810 638 2865 59.
667 2811 970 2868 Benedicite
991 2815 1241 2879 Domino,
1271 2831 1459 2871 omnes
1483 2815 1659 2886 angeli
1689 2815 1830 2883 ejus,

2216 2790 2305 2846 59.
2341 2791 2624 2860 Εὐλογείτε
2645 2792 2735 2846 τὸν
2759 2791 2982 2863 Κύριον,
3003 2791 3202 2855 πάντες
3221 2792 3271 2846 οί
3293 2792 3705 2862 ἀγγελοιαὺτοῦ,

550 2903 638 2958 40.
673 2903 925 2963 Potentes
949 2907 1145 2963 virtute
1175 2908 1437 2964 facientes
1462 2883 1687 2962 verbum
1712 2906 1880 2970 illius,

2220 2883 2308 2938 40.
2338 2885 2563 2937 Δυνατοὶ
2588 2884 2730 2954 ἰσχύϊ
2766 2883 3047 2947 ποιοῦντες
3083 2885 3173 2938 τὸν
3199 2883 3356 2952 λόγον
3383 2883 3571 2953 αὑτοῦ,

1595 3079 1970 3138 ATHANASII
2019 3080 2593 3137 INTERPRETATIO.

556 3249 646 3307 19.
676 3246 791 3304 Non
844 3249 1044 3304 oblitus
1095 3259 1180 3303 est
1217 3251 1414 3317 nostri,
1461 3249 1920 3320 quemadmodum
1954 3265 2053 3304 nos
2080 3257 2123 3313 (1

2225 3245 2311 3301 19.
2339 3243 2454 3298 υέκ
2479 3244 2773 3299 ἐπελάθετο
2821 3243 2996 3315 ἡμῶν,
3038 3240 3220 3306 καθὼς
3256 3245 3418 3314 ἡμεῖς
3461 3244 3712 3300 ἐπελαθό-

483 3343 603 3412 ejus
632 3341 784 3396 obliti
814 3355 1006 3394 sumus
1035 3339 1089 3391 in
1125 3340 1384 3408 peccatis.

2157 3336 2294 3408 μεθα
2326 3333 2494 3388 afﬁci}
2517 3339 2574 3389 ἐν
2606 3338 2724 3398 ταῖς
2759 3335 3072 3406 ἁμαρτίαις.

553 3433 644 3488 20.
673 3432 859 3504 Neque
888 3433 962 3487 ita
993 3431 1137 3497 fecit,
1169 3431 1631 3501 quemadmodum
1662 3432 1810 3504 digni
1839 3449 2050 3498 sumus,

2221 3433 2310 3487 20.
2337 3431 2470 3484 0)ιέ
2499 3429 2678 3494 καθὼς
2723 3430 2864 3494 ἄξιοί
2908 3430 3075 3500 ἐσμεν
3122 3426 3215 3482 τοῦ
3247 3426 3598 3500 βδελυχθῆναι
3627 3429 3717 3482 ἀπ’

487 3538 546 3580 ut
578 3541 677 3580 nos
707 3526 821 3595 ipse
849 3523 1277 3578 abominaretur.

2152 3523 2338 3590 αὑτοῦ,
2360 3521 2460 3576 οὐκ
2484 3524 2703 3595 ἐποίησε
2731 3522 2906 3576 τοῦτο.

553 3616 643 3680 21,
674 3615 761 3672 22.
809 3615 1132 3670 [inmensam
1175 3624 1230 3670 et
1265 3615 1694 3685 investigabilem
1737 3617 2052 3672 misericor-

2223 3616 2312 3679 21,
2337 3617 2432 3670 22.
2473 3616 2800 3688 Ἀμέτρητον
2831 3616 2925 3668 καὶ
2965 3615 3365 3685 ἀνεξιχνίαστον
3411 3615 3719 3686 ἐδωρήσατο

486 3710 628 3763 diam
659 3710 918 3780 elargitus
946 3716 1030 3763 est
1062 3707 1380 3764 timentibus
1413 3725 1559 3766 eum.

1556 3753 1559 3765 .
2153 3709 2298 3772 ἔλεος
2329 3711 2402 3780 (1)
2435 3727 2552 3774 τος
2579 3708 2931 3778 φοϐουμένοις
2958 3709 3137 3761 αὐτόν.

555 3801 645 3866 25,
679 3799 766 3853 24.
802 3798 912 3856 Nos
940 3799 1087 3854 enim
1121 3800 1259 3855 lucis
1295 3801 1437 3858 ﬁlios
1467 3802 1666 3869 effecit,
1700 3813 1920 3874 peccata
1958 3820 2056 3859 au-

2223 3807 2312 3864 25,
2347 3799 2436 3853 24.
2481 3799 2657 3870 Ἠμᾶς
2681 3803 2790 3869 γὰρ
2833 3799 2983 3860 υἱοὺς
3019 3796 3193 3865 φωτὸς
3229 3794 3502 3860 ἀνέδειξε,
3539 3793 3635 3857 τὰς
3664 3793 3718 3846 δὲ

490 3906 594 3948 tem
628 3904 815 3948 nostra
839 3893 1087 3949 dissolvit
1113 3895 1164 3948 in
1189 3894 1478 3964 baptismo.

2155 3894 2430 3967 ἁμαρτίας
2457 3892 2610 3964 ἡμῶν
2640 3891 2932 3945 κατέλυσεν
2966 3891 3021 3941 ὲν
3053 3887 3130 3958 τῷ
3164 3887 3518 3958 βαπτίσματι.

557 3987 648 4048 25,
677 3985 766 4041 26.
800 3985 1025 4057 Propter
1056 3987 1434 4043 miserationes
1466 3991 1584 4058 ejus
1618 4003 1815 4058 passus
1845 3998 1930 4045 est
1961 4005 2059 4058 pro

2226 3993 2317 4056 25,
2347 3992 2438 4046 26.
2457 3988 2702 4062 [Διά]Τά
2733 3987 3016 4057 σπλάγχνα
3047 3984 3210 4040 αὐτοῦ
3248 3983 3448 4037 ἔπαθον
3477 3983 3554 4054 (2)
3581 3981 3715 4050 ὑπὲρ

489 4079 668 4134 nobis.

2160 4085 2334 4156 ἡμῶν.

557 4168 648 4233 27,
679 4168 768 4222 28.
801 4167 1066 4234 Quoniam
1099 4176 1243 4224 terra
1271 4177 1325 4223 et
1353 4169 1530 4238 pulvis
1556 4185 1765 4224 sumus.

1658 4185 1765 4224 lus.
2227 4174 2318 4237 27,
2344 4172 2434 4226 28.
2468 4175 2588 4226 Ὅτι
2619 4170 2691 4241 γῆ
2717 4170 2812 4223 καὶ
2839 4167 3030 4230 σποδός
3055 4167 3239 4237 ἐσμεν.

558 4258 650 4312 29.
679 4257 1035 4322 Germinavit,
1062 4257 1265 4323 ﬂoruit,
1297 4261 1529 4314 exaruit.

2227 4267 2318 4322 29.
2355 4265 2717 4336 Ἐϐλάστησεν
2753 4265 2849 4334 (5),
2879 4261 3132 4333 ἦνθησεν,
3161 4257 3447 4330 ἐξηράνθη.

531 4347 648 4402 50.
683 4348 924 4410 Ditescit,
955 4358 1008 4404 et
1035 4350 1371 4420 gloriﬁcatur
1396 4351 1448 4404 in
1477 4352 1585 4406 vita
1623 4368 1741 4408 sua.

2230 4356 2318 4411 50.
2357 4355 2604 4419 Πλουτεῖ,
2647 4355 2742 4408 καὶ
2770 4340 3047 4416 δοξάζεται
3073 4351 3130 4404 ὲν
3161 4353 3226 4421 τῇ
3261 4351 3369 4418 ζωῇ
3405 4346 3583 4400 αὑτοῦ.

561 4437 652 4492 51.
681 4438 948 4504 Quoniam
991 4440 1217 4508 angelus
1261 4443 1648 4511 superveniens
1688 4443 1891 4514 accepit
1937 4446 2054 4499 ani.

2228 4449 2315 4502 51.
2350 4449 2473 4500 Ὅτι
2521 4446 2750 4516 ἄγγελος
2804 4443 3034 4507 ἐπιστὰς
3077 4442 3154 4515 (4)
3192 4440 3363 4512 ιἔλαϐε
3407 4439 3504 4510 τὴν
3551 4436 3717 4508 ψυχὴν

493 4545 638 4584 lnam
668 4530 837 4596 illius,
877 4540 933 4584 et
962 4530 1182 4586 defecit.

1179 4572 1182 4582 ’
2165 4538 2351 4605 αὑτοῦ,
2380 4539 2475 4592 καὶ
2497 4538 2760 4602 ἐξέλιπεν.

564 4622 651 4674 52.
680 4618 744 4674 Et
773 4636 880 4674 non
910 4621 1146 4690 amplius
1167 4622 1479 4676 revertitur.
2088 4629 2132 4684 ι)

2088 4629 2132 4684 D
2229 4631 2316 4688 52.
2351 4631 2454 4684 Καὶ
2481 4630 2580 4684 οὐκ
2611 4630 2686 4702 (5)
2713 4629 2792 4682 ἔτι
2821 4627 3239 4700 ὑποστρέφεται.

561 4712 650 4766 55.
679 4711 883 4778 Gratia,
917 4722 971 4768 et
1003 4713 1311 4785 benignitas
1333 4716 1472 4786 ejus.
1891 4759 1895 4763 .

1891 4759 1895 4763 -
2227 4725 2314 4778 55.
2360 4725 2426 4777 Ἦ
2452 4723 2611 4794 χάρις
2639 4723 2735 4776 καὶ
2760 4725 2793 4794 ἡ
2825 4719 3196 4792 φιλανθρωπία
3226 4716 3409 4773 αὑτοῦ.

563 4803 652 4858 54.
682 4803 748 4858 Et
773 4806 1062 4861 retributio
1084 4807 1224 4876 ejus.

2226 4817 2313 4870 51.
2350 4815 2603 4888 Καὶ(6)ή
2641 4813 3028 4887 μισθαποδοσία
3047 4812 3211 4866 αὑτοῦ

562 4897 652 4964 55,
685 4896 773 4951 56.
808 4895 926 4963 His,
951 4899 1045 4968 qui
1071 4900 1121 4954 ei
1157 4901 1532 4969 beneplacent.
2233 4909 2322 4972 35,
2353 4908 2443 4964 56,
2468 4909 2591 4972 Τοῖς
2617 4906 3000 4982 εὐαρεστοῦσιν
3034 4904 3200 4976 αὐτῷ.

565 4991 652 5046 57.
686 4989 906 5058 Habuit,
931 5003 987 5049 et
1016 4995 1198 5049 habet.

1196 5038 1198 5046 ι
2232 5002 2324 5056 57.
2354 4997 2500 5072 Εἶχε,
2533 5001 2628 5054 καὶ
2650 4999 2777 5070 ἔχει.

564 5085 654 5139 58.
687 5083 1036 5153 C(elestibus,
1059 5097 1112 5141 et
1140 5088 1510 5156 terrestribus,
1548 5097 1602 5143 et
1624 5087 1833 5143 inferis.

2232 5091 2321 5143 58.
2354 5089 2746 5160 Ἐπουρανίων,
2781 5090 2875 5143 καὶ
2909 5089 3187 5157 ἐπιγείων,
3214 5087 3307 5141 καὶ
3338 5084 3718 5156 καταχθονίων.

563 5179 654 5243 59,
679 5179 766 5235 40.
799 5180 1126 5236 Obedicntcs
1155 5181 1204 5234 ei
1234 5180 1287 5234 in
1320 5180 1597 5235 omnibus.

2233 5181 2324 5245 59,
2355 5179 2444 5235 40.
2480 5181 2543 5232 Οἱ
2577 5179 2943 5242 ὑπακούοντες
2970 5176 3116 5248 αὑτῷ
3145 5179 3224 5239 εἰς
3250 5175 3447 5230 πάντα.

1444 5334 1750 5396 Addenda
1800 5344 1860 5396 et
1888 5335 2262 5415 corrigenda
2292 5352 2371 5396 ex
2410 5335 2551 5396 cod.
2575 5334 2778 5396 Vatic.

579 5502 645 5576 id)
779 5501 943 5576 ἔλξοςο
2228 5505 2304 5576 (5)
2361 5506 2466 5558 Καὶ
2509 5505 2609 5557 οὐκ
2670 5506 2974 5576 ἐπιστραφῇ
3030 5503 3127 5558 οὐκ
3169 5503 3247 5556 ἔτι
3291 5504 3348 5557 ὲν
3395 5501 3474 5574 τῷ
3529 5515 3715 5573 κοσμφ

571 5573 648 5644 (:2)
687 5573 928 5644 Ἔπαθεν
941 5613 952 5625 .
1152 5643 1157 5644 γ
1469 5643 1473 5644 ν
2157 5574 2347 5644 τούτῳ.

689 5641 1330 5724 Ἐϐλάστησενηηῦξησεν
1389 5643 1643 5714 ἤνθησεν,
1695 5644 1986 5716 ἐξηράνθη.
2241 5640 2314 5716 (6)
2353 5646 2458 5700 Καί
2484 5645 2651 5704 deest.

575 5710 648 5771 (4)
689 5709 947 5773 Ἐπιστὰς
972 5709 1131 5777 αὐτῷ.
