4004 6212
474 307 610 363 1091

552 427 603 480 3.
635 423 737 490 Qui
772 423 1012 477 ambulat
1033 437 1194 491 super
1226 437 1431 491 pennas
1456 433 1760 476 ventorum.

553 515 604 568 9.
641 514 741 582 Qui
783 515 911 570 facit
942 514 1161 582 angelos
1188 527 1318 567 suos
1349 513 1576 581 spiritus
1611 530 1624 566 :

556 607 641 660 10.
676 605 740 660 Et
785 606 1066 660 ministros
1130 619 1260 659 suos
1315 605 1455 674 ignis
1511 604 1714 675 [ignem
1767 603 2047 674 urentem]

482 697 780 754 ﬂammam.

553 791 638 845 11.
667 790 767 855 Qui
793 788 1028 843 fundasti
1049 797 1249 842 terram
1268 803 1434 858 super
1467 787 1817 842 stabilitatem
1847 802 2003 842 suam
2033 805 2046 840 :

555 881 786 936 123Non
829 881 1175 935 inclinabitur
1199 880 1255 933 in
1283 880 1540 934 szeculum
1561 880 1777 934 'smculi.

554 975 640 1026 15.
666 971 907 1042 Abyssus
939 972 1080 1025 sicut
1107 971 1490 1026 vestimentum
1519 971 1752 1024 amictus
1775 969 1892 1038 ejus
1926 985 1942 1021 :

552 1061 637 1116 1:1.
674 1063 847 1131 Super
877 1071 1086 1116 montes
1119 1062 1344 1116 stabunt
1373 1076 1550 1129 aquae.

553 1154 639 1209 15.
676 1155 755 1207 Ab
781 1155 1152 1223 increpatione
1185 1164 1276 1209 tua
1303 1154 1510 1224 fugient
1543 1171 1557 1206 :

553 1246 640 1299 16.
677 1247 720 1298 A
749 1261 880 1300 voce
905 1246 1124 1300 tonitrui
1155 1247 1230 1300 tui
1259 1245 1648 1300 formidabunt.

552 1329 640 1384 17.
668 1329 983 1384 Ascendunt
1012 1339 1244 1394 montes,
1276 1339 1329 1384 et
1361 1328 1698 1383 descendunt
1721 1325 1920 1395 campi,

551 1421 639 1476 18.
674 1421 728 1474 In
757 1423 957 1487 locum,
989 1438 1149 1493 quem
1177 1421 1417 1476 fundasti
1439 1422 1539 1475 eis.

554 1513 640 1567 19.
674 1512 986 1568 Terminum
1013 1513 1263 1582 posuisti,
1298 1528 1458 1582 quem
1495 1527 1602 1567 non
1634 1506 2048 1578 transgredien-

479 1618 568 1662 ὶιιι·
597 1625 610 1662 ε

549 1699 639 1754 20.
672 1697 859 1770 Neque
885 1707 1269 1754 convertentur
1300 1697 1512 1768 operire
1539 1705 1764 1751 terram.

1319 307 1374 361 ε.
1415 300 1782 360 namss"
1823 302 1974 356 ore.
2015 298 2194 354 PARS
2235 300 2317 355 ιιι.
2360 331 2430 341 --
2469 277 2880 356 EXEGE’flCA.

2071 427 2118 480 Α
2214 419 2265 473 8.
2313 420 2369 472 '0
2409 418 2724 490 περιπατῶν
2748 418 2840 470 ἐπὶ
2873 417 3158 488 πτερύγων
3197 417 3437 480 ἀνέμων.

3591 297 3726 348 ίθτἸΞ.

2220 513 2272 565 9.
2316 513 2373 564 '0
2405 511 2572 564 ποιῶν
2595 513 2718 575 τοὺς
2744 510 3008 580 ἀγγέλους
3037 509 3200 564 αὑτοῦ
3236 511 3523 580 πνεύματα
3547 526 3560 540 ·

2221 605 2306 657 10.
2341 605 2449 657 Καὶ
2479 605 2604 666 τοὺς
2635 604 2977 674 λειτουργοὺς
3014 603 3176 657 αὐτοῦ
3221 604 3387 674 πυρὸς
3414 603 3568 675 [πῦρ
3601 602 3727 672 φλέ-

2151 714 2242 764 γον
2271 695 2282 766 ]
2316 695 2509 764 φλόγα.

2225 789 2309 839 11.
2354 788 2411 840 Ὀ
2440 786 2704 856 θεμελιῶν
2722 785 2818 856 τὴν
2850 787 2952 857 γῆν
2976 787 3067 840 ἐπὶ
3090 787 3185 857 τὴν
3208 788 3502 856 ἀσφάλειαν
3529 788 3722 856 αὐτῆς

2221 883 2306 932 12.
2335 881 2408 932 Οὐ
2441 880 2758 949 κλιθήσεται
2783 882 2862 942 είς
2880 880 2972 932 τὸν
2993 879 3162 934 αἰῶνα
3192 881 3284 933 τοῦ
3319 881 3538 946 αἰῶνος.

2221 970 2305 1023 15.
2339 971 2605 1034 Ἀϐυσσος
2628 971 2702 1032 ὡς
2735 972 2944 1042 ἱμάτιον
2988 970 3049 1022 τὸ
3083 970 3423 1041 περιϐόλαιον
3457 971 3622 1027 αὑτοῦ
3653 986 3669 1001 ·

2221 1055 2308 1108 14.
2358 1057 2481 1110 Ἐπὶ
2509 1058 2616 1110 τῶν
2641 1058 2809 1129 ὀρέων
2840 1060 3125 1128 στήσονται
3153 1059 3332 1113 ὕδατα.

2222 1145 2306 1198 1'5.
2349 1146 2480 1198 Ἀπὸ
2507 1146 2876 1218 ὲπιτιμήσεώς
2899 1165 2990 1200 σου
3025 1147 3341 1215 φεύξονται·

2221 1236 2308 1289 16.
2353 1238 2482 1290 Ἀπὸ
2513 1239 2696 1309 φωνῆς
2726 1239 2952 1309 βροντῆς
2988 1257 3081 1292 σου
3107 1240 3483 1295 δειλιάσουσιν.

2219 1327 2304 1381 17.
2336 1329 2740 1382 Ἀναϐαίνουσιν
2760 1330 2881 1401 ὄρη,
2918 1333 3011 1384 καὶ
3037 1331 3423 1386 καταϐαίνουσι
3453 1333 3630 1398 πεδία,

2220 1418 2304 1472 18.
2339 1419 2431 1482 Εἰς
2458 1420 2550 1472 τὸν
2572 1422 2754 1483 τόπον,
2783 1421 2840 1473 ὃν
2871 1421 3239 1492 ἐθεμελίωσας
3273 1425 3432 1477 αὐτά.

2220 1509 2305 1564 19.
2337 1511 2522 1581 Ὅριον
2549 1511 2692 1575 ἔθου,
2719 1513 2748 1564 ὃ
2779 1513 2838 1564 οὐ
2869 1513 3313 1583 παρελεύσονται’

2218 1687 2306 1741 20.
2330 1689 2463 1743 Οὐδὲ
2487 1690 2874 1762 ἐπιστρέφουσι
2905 1692 3142 1762 καλῦψαι
3164 1693 3260 1766 τὴν
3281 1695 3402 1766 γῆν.

1606 1869 1982 1926 ATHANASH
2023 1867 2606 1924 INTERPRETATIO.

551 2060 605 2118 8.
629 2059 729 2127 Qui
751 2058 1048 2114 inambulat
1074 2058 1126 2113 in
1155 2057 1413 2112 cordibus
1443 2054 1837 2126 apostolorum.

554 2152 607 2215 9,
639 2151 726 2207 10.
755 2149 1097 2206 Manifestum
1146 2149 1363 2220 quidem
1407 2157 1507 2213 est,
1549 2146 1693 2217 quod
1727 2145 1899 2201 sancti
1931 2143 2048 2215 ejus

485 2244 708 2312 spiritus
736 2251 880 2308 sunt,
907 2251 961 2296 et
995 2242 1223 2297 virtutes
1255 2241 1626 2295 ministrantes
1657 2237 1706 2291 ei
1739 2237 1878 2308 ignis
1898 2243 2046 2290 sunt.

489 2336 876 2390 Verumtamen
911 2351 1104 2391 sensus
1132 2334 1454 2404 allegoricus
1493 2333 1600 2386 hoc
1629 2329 1917 2402 significat,
1955 2328 2047 2398 qui

484 2424 614 2481 facit
647 2428 1031 2480 annuntiantes
1075 2427 1404 2480 voluntatem
1449 2439 1601 2480 suam
1647 2421 1955 2493 spirituales
1995 2428 2049 2474 et

484 2516 924 2572 administrantes
960 2517 1061 2572 sibi
1089 2517 1263 2587 ignem
1307 2516 1712 2571 comburentcm
1735 2521 1928 2568 contra
1955 2511 2049 2566 ad-

482 2607 753 2661 versarias
777 2615 1088 2676 potestates.
1121 2604 1437 2660 Versiculus
1469 2615 1648 2659 autem
1669 2647 1684 2669 ,
1719 2605 1774 2658 in
1823 2618 1931 2674 quo
1965 2609 2049 2657 est

484 2697 590 2752 hoc
623 2698 837 2768 signum
863 2698 1098 2752 limnisci
1133 2697 1234 2751 sub
1272 2697 1485 2751 duobus
1518 2695 1704 2768 [super
1729 2695 1838 2750 duo
1884 2692 2042 2765 sigla]

482 2785 589 2850 OB,
649 2787 717 2842 ad
761 2789 1096 2858 septuaginta
1129 2789 1266 2843 duos
1323 2788 1648 2857 interpretes
1710 2785 1963 2856 pertinet,
1994 2794 2047 2839 et

480 2896 578 2949 per
608 2881 945 2950 particulam,
973 2897 1092 2951 quae
1119 2889 1240 2950 post
1271 2880 1604 2936 versiculum
1652 2889 1754 2943 est,
1817 2879 2042 2944 indicat;

481 2985 578 3038 per
607 2970 743 3024 duas
771 2979 954 3025 autem
991 2971 1310 3040 punctiones
1334 3011 1348 3036 ,
1380 2970 1493 3024 sive
1527 2979 1745 3038 puncta,
1777 2969 1884 3023 duo
1913 2968 2046 3039 juga

484 3058 614 3132 [duo
657 3061 824 3132 sigla,
856 3078 952 3116 seu
1006 3073 1163 3119 notas
1211 3062 1664 3134 compendiarias]
1709 3062 2044 3132 septuaginta

481 3151 713 3206 duorum
762 3153 1114 3222 interpretum
1139 3156 1404 3225 signiﬁcat
1436 3155 1539 3225 (α).

551 3243 636 3297 11.
665 3242 767 3310 Qui
791 3246 1050 3301 mundum
1076 3245 1316 3302 fundasti
1340 3249 1393 3301 in
1428 3247 1531 3301 lide
1557 3247 1698 3318 ejus.

2081 2060 2122 2113 Β
2223 2051 2276 2107 8.
2313 2053 2370 2105 '0
2400 2051 2788 2123 ἐμπεριπατῶν
2813 2055 2891 2116 εἰς
2906 2053 3003 2117 τὰς
3020 2055 3242 2126 καρδίας
3257 2056 3363 2110 τῶν
3383 2059 3711 2114 ἀποστόλων.

2219 2143 2272 2205 9,
2309 2143 2394 2198 10.
2435 2145 2601 2214 Δῆλον
2652 2145 2751 2214 μέν
2797 2147 2966 2210 ἐστιν,
3011 2147 3092 2200 ὅτι
3143 2151 3190 2201 οἱ
3243 2150 3387 2217 ἅγιοι
3429 2151 3507 2221 (1)
3553 2151 3713 2207 αὑτοῦ

2149 2234 2442 2304 Πνεύματά
2472 2237 2598 2298 εἰσι,
2629 2237 2794 2288 κα.ὶαὶ
2819 2235 3076 2306 δυνάμεις
3103 2240 3158 2292 αἱ
3189 2237 3264 2310 (2)
3302 2239 3707 2313 λειτουργοῦσαι

2147 2326 2293 2396 αὐτῷ
2317 2327 2428 2397 πῦρ
2472 2328 2628 2379 εἰσιν.
2660 2328 2849 2398 Ὅμως
2903 2332 2936 2400 ὴ
2983 2329 3184 2402 θεωρία
3238 2333 3394 2386 τοῦτο
3425 2336 3605 2403 λέγει·
3658 2337 3713 2390 '0

2149 2418 2316 2470 ποιῶν
2339 2419 2464 2483 τοὺς
2488 2421 2908 2489 ἀναγγέλλοντας
2936 2421 2996 2475 τὸ
3007 2423 3082 2493 (5)
3098 2423 3340 2494 βούλημα
3366 2427 3530 2480 αὑτοῦ
3554 2446 3715 2482 πνευ-

2151 2512 2433 2582 ματικοὺς,
2461 2513 2697 2576 καὶτοὺς
2724 2514 3168 2584 λειτουργοῦντας
3195 2517 3341 2588 αὐτῷ
3378 2520 3490 2589 πῦρ
3521 2521 3714 2589 φλέγειν

2147 2601 2286 2656 κατὰ
2327 2603 2434 2656 τῶν
2492 2605 2745 2659 ἐναντίων
2793 2607 3092 2677 δυνάμεων.
3147 2607 3204 2660 ὐ
3235 2609 3412 2679 στίχος
3459 2611 3517 2664 δὲ
3542 2651 3556 2675 ,
3587 2614 3645 2664 ὲν

2149 2694 2262 2746 ἐστι
2289 2694 2348 2747 τὸ
2373 2699 2596 2766 σημεῖον
2628 2697 2784 2750 τοῦτο
2800 2698 2892 2750 τοῦ
2930 2699 2993 2769 λη
3006 2701 3249 2769 μνίσκου,
3285 2704 3388 2756 ὑπὸ
3415 2703 3506 2756 δύο
3535 2705 3715 2774 ζυγῶν

2147 2777 2191 2850 ᾧ
2211 2784 2373 2856 [ὑπὲρ
2399 2786 2489 2839 δύο
2511 2785 2730 2858 σιγλῶν]
2755 2790 2863 2842 τῶν
2903 2789 3357 2862 ΟΒ¹ὲρμηνευτῶν
3384 2795 3715 2867 εἴρηταιρωὶ

2145 2875 2231 2928 διὰ
2262 2877 2361 2946 μὲν
2396 2877 2493 2948 τῆς
2522 2879 2755 2949 κεραίας
2783 2881 2881 2950 τῆς
2914 2881 3048 2952 μετὰ
3075 2883 3164 2938 τὸν
3202 2885 3380 2956 στίχον
3414 2886 3595 2956 δηλοῖ⁴
3628 2888 3713 2940 διὰ

2144 2966 2202 3019 δὲ
2236 2968 2342 3020 τῶν
2370 2969 2462 3022 δύο
2511 2971 2750 3041 στιγμῶν
2778 2973 2896 3044 ἦτοι
2929 2975 3180 3046 νύγματα
3211 2975 3576 3052 [νυγμάτων],
3616 2981 3713 3043 τὰς

2143 3057 2236 3111 δύο
2260 3057 2426 3127 ξυγὰς
2448 3059 2692 3133 [σίγλας]
2725 3062 2832 3116 τῶν
2867 3065 3212 3137 ὲρμηνευτῶν
3259 3070 3553 3139 ἐσήμανεν.
3625 3070 3710 3124 Ita

2145 3150 2201 3202 in
2235 3149 2364 3204 Cod.
2399 3168 2495 3205 ms.
2529 3151 2693 3206 Barb.

2213 3241 2298 3294 11.
2342 3241 2398 3294 Ὀ
2432 3242 2519 3295 τὸν
2563 3244 2763 3316 κόσμον
2825 3245 3161 3317 Θεμελιὼσας
3205 3251 3262 3303 ἐν
3309 3251 3385 3322 (4)
3424 3254 3494 3324 τῇ
3538 3252 3712 3306 πίστει

2147 3331 2333 3386 αὑτοῦ.

550 3421 638 3476 12.
672 3421 844 3477 Porta:
863 3423 1005 3477 enim
1034 3421 1190 3478 inferi
1225 3441 1334 3479 non
1361 3424 1741 3495 lpraavalebunt
1780 3423 2045 3480 adversus
2073 3397 2115 3454 Ο

2219 3423 2304 3476 12.
2338 3424 2508 3478 Πύλαι
2543 3426 2650 3498 γὰρ
2678 3427 2802 3499 ᾅδου
2836 3443 2895 3482 ου
2927 3433 3307 3502 κατισχύσουσι
3345 3435 3446 3505 τῆς
3477 3437 3708 3500 πίστεως

483 3513 639 3567 fidem
676 3522 845 3566 tuam.

549 3603 637 3658 15.
663 3601 1084 3661 Justilicationes
1121 3606 1240 3676 ejus
1275 3607 1436 3679 sicut}
1461 3608 1848 3663 vestimentum
1890 3610 2046 3667 dicit.

550 3695 636 3752 14.
665 3696 722 3750 1η
769 3698 999 3753 adventu
1050 3701 1430 3769 prophetarum
1483 3701 1801 3756 restiterunt
1854 3719 2044 3758 eorum

482 3788 743 3843 i-loctrinae
770 3788 1062 3846 daemones.

550 3879 637 3934 15.
667 3880 713 3932 A
745 3896 990 3936 sermone
1010 3888 1188 3936 autem
1211 3881 1476 3937 adventus
1501 3883 1580 3938 tui
1606 3884 2043 3954 dissipabuntur.

549 4062 636 4118 16.
666 4063 710 4116 Α
738 4078 866 4118 voce
888 4062 1139 4132 praecepti
1166 4061 1242 4116 tui
1265 4062 1670 4133 dispergentnr.

548 4242 633 4295 17.
659 4241 864 4296 Elevati
897 4251 1024 4298 sunt
1049 4243 1190 4298 sicut
1219 4254 1450 4309 montes,
1488 4251 1541 4297 et
1565 4242 1811 4312 deiecisti
1849 4259 1944 4299 eos
1975 4245 2034 4301 ir.

479 4343 698 4386 tux-ram.

548 4425 632 4480 18.
667 4425 724 4479 1η
755 4425 951 4495 ignem,
975 4438 1133 4492 quem
1159 4422 1472 4492 praeparasti
1505 4421 1609 4477 eis.

547 4513 634 4568 19.
663 4512 809 4568 Dicm
837 4512 1046 4582 judicii,
1072 4528 1236 4581 quam
1271 4527 1377 4565 non
1410 4513 1782 4581 praeteribunt.

2145 3515 2307 3570 αὑτοῦ
2317 3556 2330 3570 .

2215 3609 2302 3662 15.
2337 3610 2416 3662 Τὰ
2447 3610 2790 3682 δικαιώματα
2821 3614 2984 3668 αὑτοῦ
3017 3616 3092 3679 ὡς
3127 3617 3337 3688 ἱμάτιον
3365 3619 3536 3688 λέγει.

2216 3701 2304 3754 14.
2346 3702 2465 3754 Ἐπῖ¹
2491 3703 2590 3772 τῆς
2621 3707 2920 3776 παρουσίας
2945 3707 3050 3760 τῶν
3085 3711 3376 3782 προφητῶν
3396 3712 3706 3767 ἀνθίσταντο

2143 3793 2208 3861 τῇ
2237 3791 2550 3864 διδασκαλίᾳ
2576 3795 2753 3847 αὐτῶν
2777 3797 2826 3848 οἱ
2852 3797 3122 3867 δαίμονες.

2216 3883 2302 3936 15.
2347 3884 2478 3936 Ἀπὸ
2505 3885 2560 3937 δὲ
2589 3886 2663 3956 (5)
2685 3887 2778 3940 τοῦ
2821 3888 2979 3958 λόγου
3015 3892 3114 3961 τῆς
3144 3893 3440 3957 παρουσίας
3467 3911 3560 3947 σου
3577 3895 3703 3965 ἁφα-

2144 3977 2254 4037 νείς
2272 3976 2610 4046 γενήσονται.

2215 4065 2301 4119 16.
2336 4067 2470 4120 Ἀπὸ
2499 4069 2686 4139 φωνῆς
2727 4069 2820 4124 τοῦ
2873 4071 3290 4144 προστάγματός
3332 4092 3426 4129 σου
3463 4077 3703 4149 διαλυθή-

2144 4173 2344 4210 σονται.

2214 4245 2295 4299 17.
2341 4247 2662 4318 ’Υψώθησαν
2694 4251 2770 4315 ὡς
2797 4252 2918 4324 ὅρη,
2962 4254 3054 4307 καὶ
3081 4255 3377 4321 κατέϐαλες
3404 4257 3602 4324 αὐτοὺς
3628 4259 3700 4323 είς

2140 4335 2235 4406 τὴν
2272 4338 2393 4407 γῆν.

2209 4426 2294 4481 18.
2331 4429 2424 4492 Είς
2445 4431 2504 4484 τὸ
2527 4431 2656 4503 πῦρ,
2681 4433 2708 4485 ὃ
2732 4435 3031 4504 ἡτοίμασας
3064 4437 3264 4501 αὐτοῖς.

2208 4517 2294 4571 19.
2321 4519 2430 4590 Τὴν
2457 4522 2662 4594 ἡμέραν
2694 4525 2789 4593 τῆς
2811 4526 3062 4594 κρίσεως,
3084 4527 3149 4596 ἢν
3172 4528 3691 4599 οὐχύπερϐἠσονται.

543 4605 630 4659 20.
664 4603 847 4675 Neque
869 4615 1199 4660 revertentur
1211 4603 1278 4658 ad
1297 4602 1683 4658 dominandum
1709 4603 1763 4657 in
1791 4604 2029 4659 homini-
2057 4639 2111 4700 Β

2203 4609 2291 4666 20.
2307 4612 2442 4665 Οὐδὲ
2465 4614 2784 4669 ἀναλύσουσι
2822 4617 3104 4687 κυριεῦσαι
3128 4617 3203 4688 (6)
3224 4619 3334 4673 τῶν
3378 4620 3694 4693 ἀνθρώπων.

475 4694 597 4750 bus.

1423 4837 1724 4902 Addenda
1754 4846 1814 4899 et
1859 4842 2234 4922 corrigenda
2273 4867 2350 4912 ex
2380 4850 2521 4913 cod.
2547 4850 2752 4915 Vatic.

543 5029 624 5142 ιιι
654 5029 923 5142 sive»

728 5140 737 5142 _
775 5117 787 5142 ι
811 5109 919 5142 post

545 5099 621 5166 (2)
653 5100 739 5156 Αἰ.
775 5103 942 5152 deest.

545 5161 617 5239 ’3)
647 5169 735 5238 Τῷ
763 5169 1075 5239 βουλήματι.

657 5220 1247 5310 ἶέπίτὴνηὸισφάλειαν
1285 5239 1465 5293 αὐτοῦ.
1518 5238 1640 5294 Mel.
1693 5239 1786 5294 alt.
1831 5241 1994 5295 lectio

2142 5035 2230 5089 ubi
2265 5046 2443 5092 tamen
2471 5040 2755 5107 legendum
2785 5043 2998 5099 videtur
3031 5044 3123 5098 σοῦ
3159 5062 3268 5101 non
3297 5046 3487 5102 αὐτοῦ.

2319 5107 2384 5160 Δέ
2409 5126 2512 5179 non
2553 5111 2764 5179 legitur.

2206 5175 2280 5248 (6)
2310 5175 2812 5236 Κυοιεῦσαζπάλιν.

544 5397 619 5478 (α)
653 5393 1329 5479 Nolet.s'ibi'umtsquisque,
1359 5395 1434 5449 vel
1451 5395 1712 5479 jaceutem
1743 5395 1955 5479 lineam,
1986 5396 2063 5450 vel
2089 5396 2249 5479 signa.
2273 5398 2563 5479 radiantia,
2589 5401 2643 5455 id
2665 5413 2762 5466 est,
2793 5404 2967 5459 obelos
2995 5421 3080 5469 ψ,
3115 5408 3192 5462 uel
3221 5410 3471 5464 σείει-ἶσος
3510 5412 3600 5479 Χ,
3639 5419 3687 5466 ει

471 5465 758 5545 ubicunque
791 5465 972 5549 uiderit
1017 5466 1754 5549 virgulamﬁ—prggedentem
1799 5467 1954 5549 ablea
1997 5483 2156 5549 usque
2181 5467 2380 5549 mlduo
2414 5482 2627 5538 puncta,
2658 5489 2773 5541 qua:
2801 5465 3180 5543 impressum“,
3220 5482 3355 5532 sciat
3385 5482 3439 5532 in
3478 5465 3692 5549 septum-

473 5535 619 5603 ginta
645 5534 1044 5609 translatoribus
1067 5536 1181 5604 plus
1213 5534 1408 5609 haberi.
1454 5532 1550 5587 Ubi
1581 5544 1753 5609 autem
1791 5535 1957 5609 stella:
1987 5537 2386 5609 similitudinem
2414 5532 2760 5609 perspexerit,
2793 5544 2856 5597 de
2875 5532 3117 5600 'llcbra'is
3149 5532 3686 5604 uoluminibusaarli-

475 5613 583 5686 tum
609 5605 836 5686 nouer_it,_
854 5620 994 5674 asque
1022 5621 1180 5686 usque
1218 5607 1283 5658 ad
1308 5606 1410 5686 duo
1434 5604 1835 5686 puuctanjum‘ta
1869 5603 2236 5686 Theodotionis
2262 5603 2524 5686 damnarat
2544 5603 2857 5686 editionem,
2883 5617 2973 5686 qui
3005 5619 3345 5682 simplicitate
3368 5603 3624 5676 sermonis
3652 5632 3687 5674 α

473 5673 800 5739 septuaginta
820 5673 1184 5744 interpretibus
1210 5692 1311 5729 non
1332 5674 1619 5730 discordat.
1649 5673 1862 5731 Praelat.
1898 5677 2068 5733 sancti
2098 5675 2317 5732 Hieron.
2348 5679 2412 5734 ad
2447 5681 2596 5736 Paul.
2630 5693 2681 5738 et
2706 5673 2961 5741 Eustoch.
2987 5687 3039 5740 in
3076 5673 3274 5752 ιέεαιι.,
3301 5673 3406 5746 etc.
