4004 6212
389 358 523 417 1097
1289 363 1375 419 on
1417 361 1970 435 TlTULlSpPSALMt

2018 370 2178 432 [ΨΜ.
2221 403 2288 412 -
2325 368 2522 427 PSAL.
2565 368 2693 429 CIII.
3463 382 3599 438 1098

452 474 542 530 52.
569 473 754 527 Πάντα
780 472 838 526 ἐν
869 491 1028 546 σοφιᾳ
1051 477 1326 546 ἐποίησας’
1976 489 2021 542 Α

1976 489 2021 542 Α
2116 485 2205 540 52.
2234 483 2424 540 Omnia
2460 487 2513 540 in
2545 487 2807 557 sapientia
2837 485 3009 542 fecisti
3042 504 3055 543 :

453 565 543 621 55.
581 565 899 636 Ἐπληρώθη
927 569 960 636 ἡ
985 568 1054 638 γῆ
1083 570 1178 638 τῆς
1202 568 1428 632 κτίσεως
1459 588 1570 624 σου.

2118 575 2204 630 55.
2230 574 2448 644 impleta
2473 588 2555 631 est
2583 587 2726 630 terra
2764 577 3107 646 possessione
3140 585 3252 632 tua".

455 657 543 713 54.
579 656 726 728 Αὕτη
756 661 788 728 ή
817 657 1057 711 θάλασσα
1083 661 1116 729 ἡ
1150 660 1356 731 μεγάλη
1381 663 1475 715 καὶ
1507 662 1833 733 εὐρύχωρος·

2117 668 2203 721 54.
2235 667 2348 724 Hoc
2383 685 2532 724 mare
2571 686 2847 740 magnum,
2880 680 2933 725 et
2963 671 3260 740 spatiosum
3305 674 3599 729 manibus:

454 749 541 804 55.
567 751 713 802 Ἐκεῖ
744 750 946 820 ἑρπετὰ
969 744 1042 804 ὧν
1070 753 1169 804 οὐκ
1194 752 1339 806 ἐστιν
1367 754 1618 825 ἀριθμὸς,

2117 759 2204 815 55.
2239 761 2353 816 lllic
2388 762 2619 831 reptilia,
2651 778 2882 832 quorum
2918 779 3024 818 non
3051 772 3137 819 est
3164 779 3444 833 numerus,

454 841 541 894 56.
577 841 700 912 Ζῶα
727 840 896 912 μικρὰ
924 841 1061 912 μετὰ
1091 843 1361 913 μεγάλων.

2115 853 2204 907 56.
2234 853 2505 908 Animalia
2531 854 2724 924 pusilla
2748 870 2871 910 cum
2907 854 3142 925 magnis.

453 932 541 986 57.
581 932 724 985 Ἐκεῖ
760 932 916 985 πλοῖα
941 932 1382 1004 διαπορεύονταιο

2114 944 2202 998 57.
2227 943 2338 1000 Illic
2362 961 2525 1001 naves
2559 954 2976 1016 pertranseunt:

453 1023 540 1078 58.
575 1024 799 1094 Δράκων
846 1019 1029 1088 οὗτος,
1082 1024 1140 1077 ὃν
1167 1024 1407 1088 ἔπλασας
1444 1027 1732 1096 ἐμπαίζειν
1772 1029 1940 1100 αὐτῷ.

2114 1035 2201 1090 58.
2234 1035 2407 1090 Draco
2429 1037 2551 1104 iste,
2579 1052 2740 1108 quem
2787 1035 3036 1093 formasti
3062 1038 3129 1093 ad
3167 1037 3497 1092 illudendum
3526 1039 3597 1093 ei.

453 1115 542 1169 59.
575 1117 757 1168 Πάντα
785 1117 920 1186 πρὸς
948 1116 1006 1168 σὲ
1039 1117 1379 1188 προσδοκῶσι
1407 1117 1588 1172 δοῦναι
1613 1121 1712 1192 τὴν
1739 1124 1942 1196 τροφὴν

2114 1129 2200 1183 59.
2232 1128 2425 1183 Omnia
2452 1123 2568 1185 ate
2599 1139 2918 1202 exspectant
2942 1139 3003 1185 ut
3029 1131 3125 1186 des
3151 1146 3333 1186 escam
3358 1133 3598 1202 ipsorum

380 1209 558 1262 αὐτῶν
591 1207 816 1280 [αὐτοῖς]
840 1210 919 1272 είς
941 1207 1189 1280 εῠκαιρον
1207 1226 1220 1240 ·

1030 1226 1189 1280 ιαιρον
1207 1226 1220 1240 ·
2045 1219 2220 1291 [ipsis]
2248 1220 2302 1274 in
2334 1230 2575 1291 tempore
2600 1240 2611 1276 :

454 1302 542 1356 60.
572 1301 762 1365 Δόντος
796 1319 886 1354 σου
925 1303 1124 1366 αὐτοῖς,
1162 1301 1522 1367 συλλέξουσιν.

1371 1320 1522 1357 ιυσιν.
2112 1311 2202 1365 60.
2229 1311 2400 1366 Dante
2437 1322 2489 1367 te
2517 1313 2644 1379 illis,
2677 1312 2952 1384 colligeut.

452 1390 538 1444 61.
594 1391 924 1456 Ἀνοίξαντός
968 1408 1059 1444 σου
1094 1389 1173 1461 [δέ
1205 1389 1322 1463 σου]
1353 1391 1452 1462 τὴν
1478 1395 1634 1465 χεῖρα
1657 1435 1671 1458 ,
1704 1394 1772 1448 τὰ
1805 1393 1944 1466 σύμ.

2111 1404 2198 1458 61.
2228 1405 2509 1474 Aperiente
2553 1404 2779 1479 [autem]
2817 1414 2869 1461 te
2907 1420 3152 1468 manum,
3196 1405 3378 1459 omnia
3407 1405 3598 1475 imples

379 1499 556 1536 παντα
588 1483 985 1555 πλησθὴσονται
1014 1482 1404 1554 χρηστότητος·

955 1501 985 1536 ιι
1014 1482 1374 1554 χρηστότητος
1391 1501 1404 1514 ·
2040 1495 2240 1552 buntur
2269 1498 2536 1554 bonitate.

449 1575 538 1630 6‘2.
573 1576 1036 1648 Ἀποστρέψαντος
1053 1576 1110 1629 δέ
1142 1592 1233 1627 σου
1261 1575 1321 1627 τὸ
1341 1574 1648 1646 πρρσωπον,
1675 1577 1942 1651 ταραχθῆ·

1876 1579 1942 1633 πή·
2109 1587 2197 1641 62.
2225 1587 2512 1643 Avertente
2542 1597 2723 1643 autem
2752 1597 2805 1645 te
2828 1586 3046 1656 faciem,
3073 1589 3457 1648 turbabuntur.

380 1684 584 1720 σονται.

449 1759 534 1811 63.
579 1757 907 1820 Ἀντανελεῖς
931 1757 992 1810 τὸ
1018 1756 1234 1828 πνεῦμα
1256 1756 1453 1820 αὐτῶν,
1484 1755 1578 1808 καὶ
1605 1753 1935 1824 ἐκλείψουσι·

1792 1770 1935 1807 ουσιο
2108 1740 2198 1795 65.
2228 1740 2453 1798 Auferes
2486 1742 2736 1813 spiritum
2766 1759 2978 1810 eorum,
3002 1752 3055 1800 et
3080 1743 3330 1799 deﬁcient
3360 1786 3373 1800 .

450 1849 536 1902 64.
565 1850 674 1903 Καὶ
699 1851 778 1913 εἰς
813 1848 902 1901 τὸν
934 1848 1062 1918 χοῦν
1087 1849 1265 1901 αὐτῶν
1293 1845 1726 1918 ἐπιστρέφουσιν.
1967 1839 2010 1894 Β

1701 1863 1726 1895 ι,
1967 1839 2010 1894 Β
2106 1830 2194 1886 64.
2224 1830 2290 1886 Ει
2322 1831 2374 1886 in
2415 1833 2689 1902 pulverem
2723 1849 2883 1891 suum
2916 1846 3282 1892 revertentur.

451 1941 538 1995 65.
583 1940 987 2006 Ἐξαποστελεῖς
1009 1940 1069 1995 τὸ
1094 1940 1319 2010 Πνεῦμά
1346 1957 1438 1992 σου
1458 1977 1474 2004 ,
1506 1938 1598 1991 καὶ
1621 1935 1937 2007 κτισθήσον-

1798 1937 1937 2007 ἶσον..
2113 1923 2200 1978 65.
2230 1923 2454 1980 Emittes
2476 1924 2737 1996 Spiritum
2770 1937 2945 1996 tuum,
2975 1934 3030 1982 et
3057 1929 3379 1984 creabuntut‘

374 2049 505 2087 ται·

449 2125 538 2180 66.
565 2125 676 2177 Καὶ
707 2124 1038 2187 ἀνακαινιεῖς
1064 2124 1125 2177 τὸ
1150 2123 1436 2196 πρόσωπον
1469 2121 1568 2192 τῆς
1598 2121 1723 2191 γῆς.

1469 2121 1568 2192 τῆς
1598 2121 1723 2191 γῆς.
2111 2125 2199 2181 66.
2227 2124 2295 2180 Ει
2322 2127 2607 2182 renovabis
2638 2126 2831 2184 faciem
2855 2137 3028 2184 terrae.-

444 2218 532 2270 67.
574 2217 724 2270 Ἠτω
757 2219 790 2288 ἡ
820 2216 944 2280 δόξα
973 2216 1174 2288 Κυρίου
1209 2218 1286 2278 είς
1316 2215 1440 2278 τοὺς
1467 2213 1698 2275 αἰῶνας’

1526 2213 1698 2275 ὦνας’
2112 2216 2200 2272 67.
2234 2218 2315 2272 Sit
2339 2217 2506 2288 gloria
2541 2217 2754 2274 Domini
2779 2220 2833 2273 in
2860 2220 3060 2276 saecula
3093 2236 3107 2273 :

446 2311 534 2366 68.
563 2311 1004 2382 Εὑφρανθήσεται
1048 2309 1246 2380 Κύριος
1281 2308 1373 2361 ἐπὶ
1400 2308 1510 2368 τοῖς
1546 2303 1724 2375 ἔργοις
1753 2301 1934 2354 αὑτοῦ.

1753 2301 1934 2354 αὑτοῦ.
2110 2305 2200 2358 68.
2225 2305 2512 2362 Laetabitur
2534 2308 2797 2364 Dominus
2823 2310 2877 2363 in
2908 2309 3162 2380 operibus
3195 2294 3330 2364 suis.

448 2405 535 2460 69.
577 2405 634 2457 '0
665 2403 970 2458 ἐπιϐλέπων
1001 2402 1091 2454 ἐπὶ
1120 2402 1215 2472 τὴν
1249 2401 1350 2471 γῆν
1376 2440 1391 2466 ,
1435 2396 1530 2452 xei.
1565 2395 1728 2450 ποιῶν
1770 2392 1937 2464 αὐτὴν

1909 2409 1937 2446 ν
2111 2395 2202 2452 69.
2233 2397 2336 2466 Qui
2360 2399 2578 2469 respicit
2603 2407 2824 2466 terram,
2852 2409 2906 2455 et
2935 2399 3063 2457 facit
3085 2416 3206 2457 eam
3239 2407 3489 2463 tremere.

370 2498 619 2570 τρέμειν.

1488 2685 1856 2746 ATHANASII
1894 2672 2474 2745 lNTERPRETA‘l‘IO.

443 2894 534 2955 5‘2.
560 2897 742 2952 Πάντα
767 2899 835 2952 τὰ
857 2897 1166 2970 χαρίσματὰ
1196 2914 1286 2950 σου
1309 2897 1366 2950 ἐν
1386 2899 1450 2968 τῇ
1475 2895 1837 2966 πολυποικίλῳ
1853 2912 1945 2950 σου

2115 2898 2205 2954 52.
2232 2898 2426 2955 Omnia
2456 2898 2600 2955 dona
2644 2908 2756 2966 tua,
2791 2901 2846 2954 in
2883 2899 3179 2956 multifaria
3213 2909 3304 2958 tua
3333 2904 3593 2976 sapientis?

366 2989 536 3060 σοφίᾳ.
563 2990 892 3059 κατήρτισας
920 2989 1016 3058 (I).

753 3005 892 3052 ςισας
920 2989 1016 3058 (I).
2040 2990 2334 3060 perfecisti.

443 3079 532 3136 55.
571 3080 629 3132 Ὀ
655 3079 856 3150 κόσμος
896 3078 973 3150 (2)
997 3079 1104 3133 τῶν
1142 3076 1309 3147 ἁγίων
1336 3093 1449 3134 σου.

1258 3096 1309 3132 ον
1336 3093 1449 3134 σου.
2108 3085 2194 3141 55.
2222 3085 2454 3141 Mundus
2475 3085 2678 3141 sanctis
2715 3085 2839 3140 tuis.

441 3172 530 3226 54.
574 3173 638 3224 Ἦ
663 3172 975 3243 οἰκουμένη.

2107 3173 2194 3228 54.
2220 3172 2380 3229 Orbis
2408 3186 2696 3230 terrarum.-

439 3265 530 3319 55.
559 3267 619 3317 Οἱ
652 3264 922 3335 δαίμονες.
1178 3263 1180 3265 ’
1965 3279 2010 3340 C

1178 3263 1180 3265 ’
1965 3279 2010 3340 C
2110 3264 2199 3320 55.
2226 3263 2529 3320 Daemones.

438 3356 526 3411 56.
558 3358 619 3410 Ot
640 3356 735 3411 ἄνθ
746 3373 932 3428 ρωποι.
1907 3401 1917 3412 ,

1907 3401 1917 3412 .
2106 3355 2196 3411 56.
2233 3355 2508 3411 Homines.-
2769 3432 2771 3435 τ
3149 3432 3154 3437 _

439 3452 526 3507 57.
558 3455 618 3506 Oi
652 3453 792 3521 ἅγιοι
838 3451 1050 3522 ἔχοντες
1106 3451 1162 3503 ἐν
1207 3449 1386 3513 αὐτοῖς
1440 3448 1513 3519 (3)
1542 3446 1610 3501 τὰ
1645 3445 1799 3516 λόγια
1833 3442 1928 3498 τοῦ

2105 3448 2196 3503 57.
2229 3447 2412 3502 Sancti
2452 3447 2711 3513 habentes
2761 3447 2814 3501 in
2871 3446 3064 3517 seipsis
3111 3447 3325 3520 eloquia
3368 3451 3488 3520 Dei,
3542 3453 3595 3510 et

361 3542 524 3608 Θεοῦ,
547 3543 641 3597 και
661 3542 965 3615 διάτῶνμ)
988 3541 1277 3612 τρέφοντες
1304 3549 1365 3594 τὸ
1400 3541 1554 3611 γένος
1591 3539 1699 3594 τῶν
1724 3536 1932 3609 ἀνθρώ-

1422 3541 1554 3611 Γὲνος
1591 3539 1699 3594 τῶν
1724 3536 1932 3609 ἀνθρὼ-
1992 3533 1995 3537 ’
2031 3540 2238 3597 eisdem
2259 3541 2465 3598 alentes
2489 3540 2788 3596 humanum
2813 3556 3003 3610 genus.

365 3651 526 3779 “"58.
543 3725 602 3780 Ὀ
626 3722 866 3789 διάϐολος
887 3725 915 3777 6
929 3721 1004 3792 (5)
1026 3721 1488 3792 καταπαιζόμενος
1513 3718 1616 3772 ὑπὸ
1635 3719 1741 3772 τῶν
1761 3718 1930 3788 ἁγίων

1601 3719 1741 3772 ὁτῶν
1761 3718 1930 3788 ἁγίων
2103 3699 2194 3769 58.
2228 3696 2486 3770 Diabolus
2511 3713 2734 3770 delusus
2765 3730 2796 3768 a
2821 3715 3024 3772 sanctis
3057 3704 3182 3774 tuis.

367 3829 485 3870 σου.

437 3908 523 3964 59.
557 3907 640 3960 Τὰ
671 3906 796 3975 ἔθνη
831 3905 1215 3975 ἁπεκδέχονται
1255 3902 1353 3957 τὴν
1382 3900 1532 3972 παρὰ
1567 3901 1660 3954 σοῦ
1701 3918 1926 3972 τροφην,

2105 3880 2193 3950 59.
2222 3892 2420 3950 Gentes
2458 3903 2774 3965 exspectant
2814 3910 2846 3950 a
2899 3904 2952 3950 te
2998 3911 3201 3966 escam,
3249 3913 3413 3970 quam
3459 3901 3591 3973 ipsis

361 4001 431 4071 ἣν
467 4002 650 4064 αὐτοῖς
675 3999 863 4062 δώσεις
895 4001 951 4051 ἐν
981 3999 1188 4068 εἰρήνῃ.

895 4001 951 4051 ἐν
981 3999 1188 4068 εἰρήνῃ.
2033 3986 2188 4042 dabis
2221 3985 2273 4039 in
2296 3999 2447 4056 pace.

436 4092 524 4146 60.
551 4091 851 4153 Δεδωκότος
877 4107 968 4142 σου
999 4089 1179 4150 αὐτοῖς
1201 4125 1216 4152 ,
1249 4086 1346 4149 τὰς
1379 4083 1594 4147 ἐντολάς
1629 4099 1721 4136 σου
1750 4084 1928 4148 δέξον-

2103 4079 2191 4132 60.
2222 4077 2363 4132 Cum
2400 4086 2460 4133 tu
2483 4076 2694 4134 dederis
2724 4076 2859 4148 ipsis
2880 4078 3134 4134 mandata
3156 4089 3270 4147 tua,
3297 4081 3589 4152 excipient.

360 4203 451 4240 ται

434 4225 522 4331 61.
549 4274 965 4347 Φανερώσαντος
1003 4269 1058 4325 δέ
1088 4289 1180 4326 σου
1225 4271 1318 4326 τὸν
1349 4268 1552 4340 Κύριον
1584 4269 1712 4322 Υἱὸν
1734 4308 1748 4332 ,
1791 4270 1820 4321 ὁ
1850 4268 1926 4338 (6)

2101 4276 2189 4331 6t.
2228 4275 2609 4333 Manifestante
2660 4281 2842 4331 autem
2905 4285 2958 4333 te
3012 4277 3300 4334 Dominum
3356 4282 3589 4356 Filium;

356 4370 564 4439 κόσμος
588 4385 681 4421 σου
698 4367 1064 4438 πλησθήσεται
1079 4364 1171 4418 τοῦ
1193 4361 1506 4434 Πνεύματός
1525 4379 1618 4414 σου
1638 4359 1730 4414 τοῦ
1750 4360 1925 4428 ἁγίου.

1778 4360 1925 4428 ιγίουο
2033 4370 2271 4427 mundus
2301 4379 2430 4425 tuus
2460 4368 2770 4439 implebitur
2797 4366 3004 4439 Spiritu
3033 4381 3222 4426 sancto
3244 4382 3359 4429 tuo.

431 4459 521 4513 62.
563 4459 696 4512 Ἀπὸ
722 4458 829 4511 τῶν
869 4457 1134 4511 Ἰουδαίων
1177 4455 1616 4528 ἀποστρέψαντος
1641 4453 1716 4506 ’τὸ
1758 4453 1924 4524 πρόσ-

2100 4462 2191 4518 62.
2222 4463 2509 4518 Avertente
2535 4468 2590 4518 te
2617 4460 2809 4518 faciem
2842 4469 2995 4519 tuam
3031 4476 3063 4519 a
3103 4463 3304 4522 Judtnis
3345 4467 3411 4522 ad
3448 4468 3591 4525 nihl-'-

354 4552 506 4604 ωπόν
537 4568 660 4615 σου,
691 4552 769 4613 είς
799 4548 1098 4620 ἀφανισμὸν
1136 4547 1345 4601 ἔσονται
1375 4547 1468 4618 (7).

915 4548 1098 4620 νισμὸν
1136 4547 1345 4601 ἔσονται
1375 4547 1468 4618 (7).
2031 4554 2144 4609 lum
2167 4553 2496 4624 redigentur.

428 4639 517 4692 65.
540 4638 724 4713 Λάϐῃς
744 4639 842 4709 τὴν
861 4638 1018 4710 χάριν
1043 4638 1135 4690 ἀπ’
1151 4635 1350 4702 αὐτῶν,
1379 4635 1471 4689 καὶ
1491 4633 1916 4706 διαλυθήσονται.
1953 4639 1998 4694 D

1788 4651 1916 4688 νται.
1953 4639 1998 4694 D
2097 4644 2187 4699 65.
2211 4643 2437 4699 Auferes
2468 4643 2695 4714 gratiam
2725 4644 2796 4700 ab
2826 4644 2982 4715 ipsis,
3009 4655 3063 4702 et
3099 4647 3369 4722 peribunt.

429 4729 518 4783 64.
548 4730 658 4782 Καὶ
686 4732 744 4782 ἐν
775 4732 841 4801 τῇ
874 4729 1114 4801 ἁμαρτίᾳ
1151 4727 1329 4781 αὐτῶν
1353 4727 1757 4798 ἐναπομένωσιν

1590 4743 1757 4780 ηνωσιν
1789 4725 1890 4798 (8).
2095 4736 2185 4792 64.
2214 4735 2281 4791 Ει
2306 4738 2361 4792 in
2392 4746 2612 4807 peccato
2627 4751 2728 4793 suo
2757 4739 3171 4809 permanebunt.

425 4819 516 4873 65.
560 4821 682 4874 Ἐπὶ
712 4823 838 4885 τοὺς
871 4820 1222 4884 πιστεύοντας
1249 4820 1334 4882 είς
1365 4819 1448 4873 σέ.

1312 4826 1334 4882 τ’
1365 4819 1448 4873 σέ.
2096 4825 2184 4880 65.
2211 4823 2387 4895 Super
2422 4825 2703 4881 credentes
2731 4827 2788 4881 in
2818 4840 2893 4882 te.

424 4911 514 4966 66.
534 4913 642 4966 Καὶ
657 4912 977 4976 ἀνανεώσεις
998 4913 1093 4985 τὴν
1112 4913 1348 4968 διάνοιαν
1363 4912 1464 4983 τῆς
1479 4909 1706 4983 καρδίας
1722 4910 1924 4965 αὐτῶν.

1728 4910 1924 4965 αὐτῶν.
2096 4915 2183 4970 66.
2218 4915 2284 4969 Ει
2308 4918 2595 4973 renovabis
2627 4929 2864 4975 mentem
2886 4920 3066 4977 cordis
3097 4934 3309 4976 eorum;

425 4998 517 5067 67,
550 5003 636 5058 68.
665 5004 740 5075 (9)
767 5005 891 5067 Τοῖς
917 5004 1112 5073 ἁγίοις.

1051 5022 1112 5068 ις.
2094 5007 2184 5072 67,
2214 5005 2303 5064 68.
2327 5005 2387 5062 In
2410 5010 2632 5065 sanctis.

426 5093 516 5149 69.
546 5096 671 5149 Ἐπὶ
696 5096 756 5149 τὸ
792 5096 1042 5167 σύστημα
1069 5094 1183 5150 τῶν
1206 5095 1499 5168 δαιμόνων.

1206 5095 1499 5168 δαιμόνων.
2095 5096 2183 5153 69.
2209 5095 2527 5152 Dmmonum
2557 5107 2781 5156 costam.

1303 5271 1610 5333 Addenda
1654 5275 1714 5332 et
1742 5275 2117 5352 corrigenda
2145 5288 2228 5333 ex
2272 5272 2415 5336 cod.
2440 5273 2638 5336 Vatic.

451 5436 505 5516 ξ)
532 5439 866 5516 ξρατήρτισα.
897 5511 910 5516 _
991 5507 1008 5516 _
2090 5447 2171 5516 (6)
2201 5448 2306 5503 Τὸν
2327 5448 2456 5504 Υίόν
2487 5467 2578 5503 σου
2603 5490 2618 5514 ,
2647 5435 2699 5515 6,
2731 5453 2834 5504 etc.

451 5438 505 5508 i)
532 5439 866 5511 Κατήρτισα.
2113 5447 2171 5516 6)
2201 5448 2306 5503 Τὸν
2327 5448 2456 5504 Υίόν
2487 5467 2535 5503 σι

447 5508 504 5576 2)
541 5507 862 5582 Ἐπληρὼθη
887 5511 916 5565 6
944 5507 1164 5578 κόσμος,
1195 5522 1298 5568 etc.
2116 5517 2168 5585 7)
2195 5520 2535 5592 Γενήσονται.

449 5578 502 5646 5)
545 5579 801 5642 Ἐαυτοῖς.
2115 5587 2148 5640 8
2203 5589 2535 5660 Ἐναπομείνι

447 5646 502 5712 4)
532 5649 607 5700 Δι’
643 5650 843 5702 αὐτῶν.
1763 5722 1767 5728 _
2115 5657 2147 5710 9
2191 5657 2234 5711 Ν
2301 5660 2347 5687 ⁸⁸⁷
2399 5661 2535 5716 Ἀπα

451 5716 499 5789 “’)
534 5719 593 5773 '0
624 5720 790 5774 deest.
1764 5729 1774 5756 λ

449 5578 502 5660 ξι)
545 5578 861 5660 ἷεὶαυῖδῖξπ
2093 5578 2675 5660 (8)ῘΕνάπομεινωσιν-
2790 5658 2830 5660 ί,
2900 5656 2945 5660 ί-
3025 5659 3040 5660 ί
3159 5644 3168 5660 ς

449 5589 502 5646 ὃ.)
546 5589 801 5642 Ἐαυτοῐς.
2115 5589 2148 5640 8
2203 5589 2675 5660 Ἐναπομείνωσιν.
3165 5644 3168 5648 .

532 5649 843 5774 άοὲίέἒιίν.
1763 5722 1774 5756 ἰ
2092 5589 2170 5726 29)
2191 5657 2234 5711 Ν
2301 5660 2347 5687 ⁸⁸⁷
2399 5661 2735 5721 Ἀπαύστως.
2785 5658 2852 5716 Ν.
2883 5656 2971 5714 68.-
2999 5659 3124 5724 Τοτς
3148 5654 3340 5728 ἁγίοις.

630 5821 896 5880 Parnm.
945 5819 1034 5879 Gn
1048 5862 1061 5877 .
1110 5818 1368 5882 XXVII;

3192 5804 3271 5883 35'
