4004 6212
359 356 507 422 ,1101

1288 357 1376 412 DE
1416 358 1692 417 TITULIS
1731 361 2172 423 PSALMORUM.
2214 368 2497 424 ——PSAL.
2538 370 2672 427 CIV.

3487 375 3623 430 “(l2

448 475 534 530 10.
560 473 639 529 Τά
661 474 860 547 τέρατα
887 475 1050 531 αὐτοῦ
1074 515 1089 540 .
1123 474 1218 531 xal.
1254 477 1322 530 τά
1347 478 1588 549 κρίματα
1618 482 1711 534 τοῦ
1743 484 1943 553 στόμα-

2120 489 2207 543 10.
2235 487 2485 561 Prodigia
2524 493 2664 562 ejus,
2693 490 2967 560 etjudicia
2991 489 3105 546 oris
3126 489 3266 558 ejus.

371 585 467 634 τος
503 568 690 623 αὑτοῦ.

447 661 532 716 11.
565 663 792 733 Σπέρμα
831 661 1079 734 Ἀϐραάμ
1107 661 1283 716 δοῦλοι
1315 662 1502 728 αὑτοῦ,

447 754 534 809 12.
571 753 691 807 Υίοὶ
734 753 925 807 Ἰακὼὸ
955 754 1200 808 ἐκλεκτοὶ
1232 754 1420 809 αὑτοῦ.

447 843 532 898 15.
567 843 739 906 Αὐτὸς
777 843 980 915 Κύριος
1021 846 1049 896 ὁ
1081 842 1212 906 Θεὸς
1245 841 1436 914 ἡμῶν,

447 935 534 989 14.
584 937 670 988 Ἐν
701 936 845 1008 πάσῃ
879 939 944 1007 τῇ
977 939 1046 1008 γῇ
1081 936 1148 990 τὰ
1174 937 1416 1010 κρίματα
1449 934 1636 993 αὑτοῦ.

441 1028 530 1083 15.
573 1029 848 1100 Ἐμνήσθη
877 1032 956 1092 είς
985 1030 1076 1082 τὸν
1105 1032 1276 1085 αἰῶνα
1309 1030 1570 1102 διαθήκης
1594 1031 1780 1099 αὑτοῦ,

442 1120 528 1178 16.
561 1121 756 1189 Λόγου,
783 1116 844 1174 οὗ
871 1122 1172 1176 ἐνετείλατο
1201 1125 1280 1187 είς
1316 1121 1493 1193 χιλίας
1523 1125 1733 1192 γενεάς.

443 1213 532 1267 17.
567 1216 664 1266 Ὃν
693 1213 896 1266 διέθετο
930 1213 1004 1285 τῷ
1040 1215 1309 1287 Ἀϐραὰμ,

441 1304 527 1358 18.
565 1305 672 1358 Kal
699 1305 791 1358 τοῦ
824 1306 986 1376 ὅρκου
1017 1306 1182 1361 αὑτοῦ
1216 1307 1294 1379 τῷ
1333 1308 1538 1363 Ἰσαάκ.

442 1399 528 1454 19.
562 1399 671 1452 Kal.
702 1397 930 1468 ἔστησεν
965 1398 1128 1453 αὐτὸν
1154 1398 1230 1470 τῷ
1268 1399 1458 1453 Ἰακὼϐ
1486 1402 1566 1463 είς
1597 1399 1923 1471 πρόσταγμα

435 1489 528 1544 20.
562 1490 670 1543 Kal.
692 1489 772 1560 τῷ
817 1490 1033 1561 Ἰσραὴλ
1062 1492 1142 1554 είς
1169 1489 1436 1562 διαθήκην
1463 1490 1700 1544 αἰώνιον.

436 1583 526 1637 21.
562 1583 748 1652 Λέγων
775 1600 788 1614 ’
822 1583 912 1635 Σοὶ
945 1581 1100 1635 δώσω
1127 1581 1225 1653 τὴν
1256 1585 1360 1653 γῆν
1391 1582 1608 1636 Χαναάν
1646 1598 1661 1613 ο

436 1675 527 1728 22.
551 1675 845 1746 Σχοίνισμα
875 1674 1235 1746 κληρονομίας
1269 1674 1442 1744 ὑμῶν.

435 1769 524 1824 25.
572 1768 659 1821 Ἐν
688 1767 764 1838 τῷ
794 1763 931 1820 εἶναι
960 1768 1155 1831 αὐτοὺς
1187 1765 1406 1838 ἀριθμῷ
1440 1765 1682 1837 βραχεῖς,

435 1859 522 1913 24.
571 1859 904 1928 Ὀλιγοστοὺς
930 1861 1024 1912 καὶ
1053 1859 1348 1929 παροίκους
1372 1859 1429 1910 ὲν
1458 1857 1618 1929 αὐτῇ.

432 1951 526 2005 25.
546 1952 654 2005 Καὶ
676 1951 888 2022 διῆλθεν
920 1950 979 2015 ἐξ
1011 1950 1196 2013 ἔθνους
1230 1951 1310 2012 είς
1334 1949 1484 2013 ἔθνος
1504 1966 1519 1981 ·

435 2043 524 2099 26.
551 2042 660 2096 Καὶ
685 2044 750 2096 ὲκ
779 2041 1055 2113 βασιλείας
1089 2041 1168 2103 είς
1192 2039 1318 2094 λαὸν
1353 2039 1562 2111 ἕτερον.

2119 670 2203 724 11.
2234 669 2428 726 Semen
2459 671 2734 728 Abraham
2767 673 2910 728 servi
2941 673 3080 743 ejus,

2121 760 2206 816 12.
2236 760 2358 816 Filii
2387 760 2557 816 Jacob
2585 763 2738 816 electi
2761 763 2901 831 ejus.

2118 852 2205 906 15.
2234 852 2354 923 Ipse
2384 854 2646 910 Dominus
2671 854 2813 909 Deus
2848 861 3053 918 noster,

2117 942 2204 996 14.
2237 943 2294 997 In
2326 943 2582 1000 universa
2615 953 2756 999 terra
2779 943 2983 1014 judicia
3009 942 3148 1012 ejus.

2116 1033 2204 1087 15.
2239 1033 2444 1089 Memor
2477 1033 2582 1090 fuit
2604 1037 2656 1090 in
2681 1035 2937 1090 saeculum
2971 1035 3278 1089 testamenti
3304 1031 3411 1096 sui,

2116 1119 2204 1174 16.
2239 1119 2422 1189 Verbi,
2446 1125 2591 1194 quod
2623 1125 2902 1179 mandavit
2941 1124 2995 1178 in
3035 1124 3181 1178 mille
3207 1121 3608 1194 generationes.

2115 1213 2204 1268 17.
2229 1215 2385 1283 Quod
2411 1217 2683 1286 disposuit
2706 1217 3007 1288 Abraham,

2113 1305 2200 1362 18.
2231 1306 2295 1361 Ει
2316 1308 2608 1377 juramenti
2637 1310 2718 1362 sui
2759 1307 2928 1364 Isaac.

2113 1397 2198 1452 19.
2229 1396 2294 1452 Ει
2321 1400 2510 1453 statuit
2534 1398 2661 1453 illud
2682 1396 2850 1453 J-acob
2877 1399 2930 1452 in
2960 1405 3316 1468 praeceptum,

2112 1489 2202 1544 20.
2235 1490 2300 1545 Et
2323 1492 2485 1548 Israel
2515 1492 2568 1546 in
2595 1499 2979 1548 testamentum
3013 1499 3302 1546 aeternum.

2111 1576 2198 1630 2t”.
2237 1577 2470 1634 Dicens:
2504 1577 2624 1634 Tibi
2645 1581 2789 1635 dabo
2823 1588 3024 1635 terram
3049 1579 3332 1642 Chanaan,

2111 1669 2200 1721 22.
2238 1668 2562 1726 Funiculum
2602 1673 2936 1727 hazreditatis
2959 1681 3157 1726 vestra:

2111 1760 2198 1813 25.
2234 1759 2370 1815 Cum
2401 1774 2584 1818 essent
2610 1763 2713 1832 ipsi
2747 1779 2976 1818 numero
3008 1763 3227 1826 modici,

1969 1852 2014 1912 Β
2109 1849 2200 1904 24.
2233 1850 2555 1908 Paucissimi
2578 1863 2632 1908 et
2659 1855 2850 1909 incolae
2882 1855 3024 1925 ejus.

2115 1942 2206 1997 25.
2241 1944 2306 1997 Et
2332 1945 2766 2015 pertransierunt
2794 1947 2861 2000 de
2891 1955 3047 2016 gente
3075 1949 3129 2002 in
3161 1957 3376 2018 gentem
3403 1966 3421 2006 ε

2116 2036 2202 2092 26.
2239 2034 2304 2091 Ει
2331 2037 2398 2092 de
2421 2052 2588 2109 regno
2618 2039 2685 2093 ad
2711 2039 2970 2109 populum
3001 2040 3256 2096 alterum.

1479 2237 1851 2294 ATHANASII
1891 2237 2476 2298 INTERPRETATIO.

440 2397 523 2455 10.
546 2397 611 2450 Ai
643 2397 810 2464 ίάσεις
843 2401 935 2454 καὶ
957 2401 1013 2453 αἱ
1035 2397 1373 2453 διδασκαλίαι
1400 2393 1496 2451 τοῦ
1518 2395 1680 2468 λόγου
1705 2399 1806 2470 τῆς
1835 2398 1934 2469 χά-

364 2506 512 2560 ριτος
543 2489 708 2544 αὐτοῦ
737 2491 838 2562 (1).

434 2581 519 2635 11.
549 2583 611 2635 Ol
638 2584 818 2636 πιστοὶ
850 2584 925 2646 ὡς
953 2581 1227 2653 Ἀϐραάμ.

437 2674 520 2731 12.
552 2677 614 2728 Ol.
649 2674 934 2728 ἀπόστολοι
967 2675 1042 2739 ὼς
1067 2671 1257 2727 Ἰακὼὸ
1276 2711 1292 2738 ,
1317 2670 1565 2726 τουτέστι
1608 2671 1838 2744 καθαροὶ
1869 2674 1936 2743 τῇ

361 2767 581 2840 καρδίᾳ.

437 2861 522 2914 15.
562 2860 620 2914 '0
651 2858 708 2926 se
731 2859 904 2932 ἀρχῆς
935 2858 1096 2922 αὐτὸς
1121 2857 1214 2911 καὶ
1245 2856 1336 2909 ἐπὶ
1360 2856 1462 2926 γῆς
1486 2854 1672 2925 ὀφθείς
1699 2854 1794 2927 (2).

436 2953 522 3007 14.
559 2952 638 3007 Τά
671 2955 727 3006 ὲν
758 2955 868 3017 τοῖς
918 2949 1270 3020 Εὐαγγελίοις
1304 2949 1698 3019 προστάγματα
1749 2947 1936 3003 αὑτοῦ.

439 3047 521 3101 15.
549 3046 898 3118 Ἐπλήρωσεν
919 3047 976 3098 ὲν
997 3044 1172 3117 καιρῷ
1201 3044 1411 3115 ἐσχάτῳ
1432 3041 1498 3095 τά
1520 3042 1764 3114 περὶτῆς
1791 3023 1958 3113 βασι--

362 3139 514 3203 λείας
541 3139 606 3192 αὑ
615 3138 730 3193 τοῦ.

435 3232 520 3286 16.
557 3232 694 3302 Περὶ
722 3230 815 3284 τοῦ
840 3230 1044 3294 πάθους
1072 3229 1255 3296 αὐτοῦ,
1283 3222 1344 3283 οὗ
1373 3229 1634 3301 προέλεγε
1662 3227 1782 3282 καθ’
1806 3229 1939 3284 ὲκάο

363 3342 498 3396 στην
524 3323 714 3394 γενεὰν
741 3323 830 3378 διὰ
855 3321 964 3375 τῶν
989 3319 1303 3394 προφητῶν.

439 3416 527 3470 17.
557 3415 679 3468 Ὅτι
712 3411 832 3468 εἷπε
858 3412 935 3484 τῷ
962 3412 1246 3484 Ἁϐραάμ·
1285 3413 1475 3465 Ἔσται
1505 3410 1567 3464 τὸ
1601 3411 1821 3482 σπέρμα
1850 3427 1944 3464 σου

365 3507 442 3573 ὡς
473 3508 543 3562 τά
580 3507 756 3578 ἄστρα
797 3505 890 3558 τοῦ
923 3504 1154 3573 οὐρανοῦ
1187 3503 1265 3574 τῷ
1303 3502 1498 3572 πλήθει
1529 3501 1624 3554 xal.
1663 3501 1740 3572 τῷ
1785 3500 1942 3570 φωτί.

443 3599 528 3653 18.
559 3600 670 3652 Kal
702 3598 802 3668 τὴν
837 3597 1016 3652 πίστιν
1052 3595 1198 3667 αὐτῷ
1229 3596 1306 3667 τῷ
1335 3594 1449 3666 λαῷ
1477 3595 1574 3666 τῆς
1607 3595 1827 3666 χάριτος
1865 3591 1944 3662 (3)

365 3690 610 3764 [χαρᾶξῷ
634 3691 834 3762 Ὅρκος
881 3689 990 3760 γὰρ
1035 3688 1218 3752 πίστις
1257 3687 1426 3741 ἐστίν.
1453 3684 1659 3741 ἰακὼσ
1680 3685 1738 3738 δὲ
1768 3685 1943 3755 ἑρμη-

370 3784 586 3838 νεύεται
621 3782 814 3854 χάρις.

446 3873 525 3926 19.
562 3873 670 3925 Kal
700 3870 1013 3941 ἐπλήρωσεν
1047 3867 1214 3940 αὐτὴν
1242 3865 1538 3921 ἀσάλευτον
1577 3865 1676 3936 τὴν
1701 3865 1910 3931 ὲπαγγε
1929 3890 1943 3902 -

364 3966 486 4019 λίαν
512 3963 611 4033 τῆς
638 3961 871 4026 πίστεως
900 3961 978 4031 τῷ
1005 3959 1120 4030 λαῷ
1155 3957 1233 4029 τῷ
1257 3957 1329 4012 τά
1359 3955 1487 4028 τέλη
1522 3955 1630 4010 τῶν
1672 3954 1943 4009 Ἰουδαίων

367 4055 715 4124 κατασχόντι.

433 4146 524 4200 20.
554 4146 664 4200 Kal.
700 4146 812 4208 τοῖς
864 4143 1182 4207 ἀποστόλοις
1248 4142 1342 4196 xal.
1397 4142 1508 4204 τοῖς
1563 4138 1740 4210 ἁγίοις
1806 4139 1941 4191 πᾶσι

361 4242 479 4302 τοῖς
499 4238 696 4310 ὁρῶσιν
718 4236 878 4290 αὑτὸν
903 4239 961 4290 ὲν
985 4233 1289 4305 ὁμοιώματι
1334 4230 1656 4302 ἀνθρώπων,
1696 4230 1789 4282 καὶ
1809 4231 1941 4300 ὁμο-

361 4328 614 4398 λογοῦσιν
643 4327 823 4391 αὑτὸν,
854 4326 929 4390 ὡς
972 4323 1105 4377 Θεὸν
1131 4323 1208 4394 (4)
1261 4325 1381 4375 κατ’
1404 4319 1612 4383 οὐσίαν,
1664 4316 1851 4388 ὥσπερ
1904 4319 1940 4370 δ

377 4419 619 4489 Ἰσραὴλ
644 4417 798 4488 ὀρῶν
818 4416 924 4472 τὸν
952 4417 1120 4470 Θεόν.

437 4511 526 4565 21.
555 4510 744 4579 Λέγων
773 4508 852 4583 τῷ
879 4506 1026 4579 χορῷ
1059 4504 1167 4559 τῶν
1199 4503 1512 4558 ἀποστόλων
1539 4518 1552 4531 ο
1605 4501 1764 4570 Ὑμῖν
1785 4498 1942 4552 δώσω

367 4602 548 4656 πάντα
567 4599 658 4652 τὸν
679 4599 882 4670 κόσμον
908 4597 1017 4650 τῶν
1048 4593 1241 4650 ἐθνῶν.
1267 4594 1505 4648 Χαναὰν
1519 4590 1627 4662 γὰρ
1647 4587 1944 4661 ἑρμηνεύε-

2109 2397 2197 2454 10.
2235 2399 2580 2470 Sanationes,
2625 2413 2678 2458 et
2715 2400 2978 2458 doctrinae
3019 2403 3168 2460 verbi
3200 2407 3390 2478 gratiae
3435 2412 3610 2480 ipsius

2118 2575 2200 2631 ll.
2229 2576 2440 2634 Fideles
2471 2579 2612 2634 sicut
2641 2579 2940 2636 Abraham.

2112 2670 2198 2725 l2.
2233 2669 2483 2737 Apostoli
2531 2672 2672 2727 sicut
2707 2669 2897 2728 Jacob.
2933 2674 3036 2729 hoc
3079 2683 3163 2729 est
3198 2676 3387 2731 mundi
3414 2677 3615 2736 corde:

2112 2846 2202 2901 15.
2231 2847 2333 2913 Qui
2357 2863 2387 2902 a
2418 2849 2707 2920 principio,
2745 2850 2886 2905 idem
2924 2851 3053 2906 etin
3082 2861 3227 2908 terra
3252 2853 3400 2909 visus
3422 2863 3523 2909 est.

2112 2936 2198 2990 M.
2233 2936 2504 3009 Praecepta
2527 2939 2666 3010 ejus,
2688 2955 2808 3009 quae
2832 2939 2884 2993 in
2909 2938 3215 3012 Evangeliis
3237 2945 3611 2998 continentur.

2112 3027 2197 3080 15.
2227 3028 2467 3098 Implevit
2488 3029 2542 3084 in
2573 3039 2815 3101 tempore
2843 3031 3145 3086 novissimo
3181 3047 3303 3102 quae
3337 3031 3404 3087 de
3441 3047 3610 3102 regno

2042 3134 2142 3173 suo
2171 3121 2518 3189 promiserat.

2114 3209 2203 3264 16.
2232 3209 2308 3264 De
2336 3212 2587 3278 passione
2620 3227 2740 3279 sua,
2776 3228 2940 3283 quam
2985 3213 3239 3285 prmdixit
3279 3214 3334 3269 in
3381 3217 3613 3287 singulis

2046 3302 2482 3375 generationibus
2511 3319 2608 3374 per
2637 3305 2953 3374 pr0phetas.

2120 3392 2205 3449 17.
2233 3393 2501 3460 Quoniam
2546 3394 2683 3450 dixit
2719 3395 2994 3452 Abraham
3032 3412 3051 3455 :
3090 3395 3206 3451 Erit
3246 3413 3432 3454 semen
3459 3407 3614 3454 tuum

2045 3486 2185 3543 sicut
2213 3496 2361 3542 astra
2381 3487 2502 3542 caeli
2533 3488 2894 3552 multitudine,
2929 3497 2981 3544 et
3010 3488 3130 3546 luce
3158 3489 3226 3543 ”.

2116 3577 2202 3631 18.
2234 3576 2300 3632 Ει
2323 3578 2478 3632 [idem
2512 3579 2684 3633 eidem
2713 3579 2913 3648 populo
2943 3579 3128 3650 gratiae
3160 3576 3408 3654 [laetitia]
3445 3598 3460 3648 ;
3491 3595 3615 3635 nam

2039 3669 2410 3738 juramentum
2459 3669 2590 3724 lides
2634 3679 2735 3725 est.
2774 3669 2940 3723 Iacob
2987 3680 3168 3726 autem
3229 3672 3617 3742 interpretatur

2044 3762 2241 3833 gratia.

2116 3853 2201 3906 19.
2234 3850 2300 3904 Ει
2327 3851 2568 3922 implevit
2598 3851 2771 3920 ipsam
2824 3851 3328 3906 incommutabilem
3378 3852 3614 3921 promis-

2045 3944 2250 3999 sionem
2279 3942 2402 3998 ﬁdei
2425 3943 2625 4014 populo
2647 3943 2918 3999 detineuti
2941 3945 3238 3999 novissima
3271 3943 3608 4000 Judaaorum.

2112 4121 2202 4178 20.
2241 4121 2308 4177 Et
2348 4122 2611 4192 apostolis
2657 4132 2712 4179 et
2762 4122 2968 4178 sanctis
3007 4121 3263 4178 omnibus
3303 4120 3613 4178 videntibus

2043 4230 2168 4271 eum
2212 4215 2265 4270 in
2317 4215 2728 4273 similitudinem
2779 4215 3062 4269 hominum
3113 4221 3169 4269 et
3223 4214 3610 4270 conﬁtentibus

2043 4324 2167 4364 eum
2195 4317 2253 4364 ut
2280 4307 2446 4364 Deum
2481 4308 2776 4364 secundum
2807 4307 3124 4373 essentiam,
3149 4306 3609 4378 quemadmodum

2044 4399 2216 4455 Israel
2239 4401 2414 4454 videns
2450 4399 2613 4453 Deum
2645 4399 3048 4468 interpretatur.

2111 4496 2198 4550 2|.
2232 4493 2424 4549 Dicens
2440 4493 2608 4548 choro
2629 4493 2994 4562 apostolorum
3015 4509 3029 4548 :
3050 4489 3215 4548 Vobis
3232 4491 3373 4547 dabo
3392 4507 3609 4548 omnem

2045 4586 2305 4638 mundum
2329 4583 2592 4654 gentium.
2619 4581 2892 4636 Chanaam
2913 4583 3056 4637 enim
3095 4581 3482 4652 interpretatur
3513 4584 3612 4637 αό-

364 4711 458 4748 ται
474 4690 833 4761 προσκυνῶν
854 4689 968 4758 τὴν
986 4688 1060 4759 (5)
1088 4686 1361 4756 ἀνομίαν,
1378 4685 1514 4754 ὅπερ
1536 4677 1674 4753 ἦσαν
1701 4680 1766 4734 τά
1789 4679 1935 4752 ἔθνη.

2072 4692 2202 4729 ιναηε
2227 4675 2579 4746 iniquitatem,
2610 4673 2802 4744 quales
2832 4683 2986 4728 erant
3013 4683 3223 4744 gentes.

439 4785 530 4840 22.
583 4783 909 4854 Ἀπέραντον
930 4780 1130 4850 πλῆθος
1167 4779 1267 4848 τῆς
1299 4771 1661 4847 κληρονομίας
1690 4771 1865 4843 ὑμῶν.

440 4876 533 4930 25.
563 4871 742 4930 Ἦσαν
771 4874 878 4946 γάρ
904 4872 1132 4928 δώδεκα.

437 4961 528 5016 24.
577 4960 812 5024 ’ἰδιώτας
835 4960 911 5031 τῷ
935 4961 1096 5031 λόγῳ,
1133 4959 1225 5012 καὶ
1254 4955 1499 5026 πτωχοὺς
1533 4953 1589 5006 ὲν
1618 4951 1696 5024 τῷ
1722 4953 1936 5024 κόσμῳ.

439 5053 530 5108 25.
561 5053 943 5124 Κηρύσσοντες
965 5051 1062 5122 τὴν
1091 5048 1363 5121 βασιλείαν
1385 5046 1476 5101 τοῦ
1508 5043 1646 5099 Θεοῦ
1681 5045 1782 5116 (6).

438 5145 530 5200 26.
560 5145 670 5198 Kal.
699 5145 763 5197 ὲκ
779 5143 874 5196 τοῦ
899 5141 1030 5196 λαοῦ
1052 5141 1160 5194 τῶν
1196 5139 1466 5194 Ἰουδαίων
1493 5136 1708 5209 διῆλθον
1733 5134 1940 5206 κηρύσ-

370 5253 558 5299 σοντες
589 5237 670 5300 είς
694 5235 764 5288 τὰ
792 5235 940 5306 ἔθνη.

443 5371 489 5406 ’³
527 5369 661 5426 Gen.
690 5388 779 5437 xv,
807 5371 840 5425 5
871 5387 886 5435 ;
927 5386 1038 5434 xu,
1073 5367 1160 5420 10.

2112 4768 2205 4821 22.
2230 4766 2499 4820 lntinitam
2525 4765 2924 4820 multitudinem
2955 4763 3292 4819 hereditatis
3319 4771 3515 4820 vestrae

2109 4860 2200 4914 25.
2239 4860 2406 4914 Erant
2430 4858 2574 4913 enim
2596 4857 2906 4912 duodecim.

2105 4952 2193 5006 24.
2223 4951 2486 5006 Sermone
2513 4950 2753 5021 imperiti
2783 4959 2836 5004 et
2865 4963 3132 5019 pauperes
3161 4948 3216 5003 in
3243 4945 3446 5001 mundo

2105 5045 2193 5100 25.
2227 5043 2592 5098 Praadicantes
2624 5057 2852 5113 regnum
2889 5039 3002 5095 Dei.

2105 5136 2195 5190 26.
2226 5134 2293 5188 Et
2341 5135 2408 5189 de
2447 5134 2651 5204 populo
2700 5131 3015 5188 Iudaeorum
3064 5137 3500 5203 pertrausterunt
3539 5126 3608 5182 ad

2039 5225 2440 5296 praedicandum
2470 5225 2522 5278 in
2549 5223 2801 5296 gentibus

1321 5457 1623 5520 Addenda
1661 5464 1724 5518 et
1757 5452 2129 5533 corrigenda
2159 5468 2238 5512 ex
2284 5447 2426 5510 cod.
2456 5447 2655 5512 Vatic.

439 5615 515 5758 El)
545 5616 776 5688 Χάριτός
807 5632 920 5669 σου.

463 5687 519 5758 ἓ)
553 5687 801 5758 Ἐπικῆς
837 5686 920 5758 ﬁt

463 5682 519 5767 ἓ)
553 5682 803 5767 Ϊξτξὶέἧξ
837 5686 944 5767 Υῆξ
965 5682 1164 5767 δκέθηο.

445 5745 709 5825 Αὐτοῦ
844 5745 956 5825 λαῷ
984 5745 1080 5826 τῆς
1105 5745 1344 5824 γάριτος,
1364 5747 1682 5819 οιο.,’1σαὰκ
1711 5745 1791 5814 δέ,
1821 5752 1930 5802 etc.

2137 5600 2190 5726 «η
2221 5600 2312 5662 Εἰς
2337 5600 2490 5664 Θεόν,
2523 5613 2542 5653 ε

2137 5671 2182 5750 ἕρ
2216 5668 2346 5750 ,Τήϊ
2375 5670 2542 5750 ἀρθείς

2116 5736 2188 5813 (6)
2213 5736 2345 5794 Θεοῦ
2376 5741 2453 5802 είς
2475 5737 2649 5792 πάντα
2681 5736 2752 5791 τὰ
2778 5736 2929 5811 ἔθνη.

2221 5599 2312 5662 Εἰς
2337 5597 2490 5664 Θεόν,
2523 5606 2629 5654 etc.
