4004 6212
451 361 588 420 1105
1293 361 1347 412 S.
1391 358 1751 413 ATIIANASII
1791 360 1938 418 OPP.
1982 361 2158 418 PARS
2195 363 2281 418 Ill.
2323 360 2826 418 —EXEGET|C.~\.
3531 364 3671 424 “04

521 482 589 534 27
646 477 761 533 Non
789 476 1002 547 reliquit
1036 476 1306 529 hominem
1348 489 1540 528 nocere
1573 473 1685 529 eis:
2036 486 2084 536 Α

2036 486 2084 536 Α
2176 479 2264 532 27.
2297 479 2409 530 Οὐκ
2436 478 2646 548 ἀφῆκεν
2670 479 2952 548 ἄνθρωπον
2973 477 3226 550 ἀδικῆσαι
3254 479 3451 544 αὐτούς
3473 499 3488 514 ο

520 572 610 625 28.
636 568 702 624 Ει
730 567 990 638 corripuit
1017 581 1112 636 pro
1139 567 1216 619 eis
1245 581 1418 635 reges.

2179 569 2268 624 28.
2301 569 2409 622 Καὶ
2436 569 2657 638 ἧλεγξεν
2678 569 2818 640 ὑπὲρ
2845 569 3022 623 αὐτῶν
3051 569 3312 640 βασιλεῖς.

520 662 608 716 29.
643 659 817 714 Nolite
845 668 1060 726 tangere
1095 657 1332 711 christos
1368 673 1518 713 meos
1541 700 1558 714 .

2177 661 2266 714 29.
2301 662 2392 729 Μὴ
2428 661 2662 715 ἅπτεσθε
2693 662 2801 715 τῶν
2835 662 3065 733 χριστῶν
3094 680 3195 733 μου
3220 680 3234 694 ·

523 751 610 806 50.
648 750 708 804 Et
742 751 793 804 in
823 748 1097 818 prophetis
1126 747 1261 800 meis
1293 747 1459 802 nolite
1488 747 1799 817 malignari.

2177 751 2265 807 50.
2301 752 2410 805 Καὶ
2443 754 2502 805 ὲν
2526 755 2640 816 τοῖς
2669 755 2973 823 προφήταις
3001 769 3102 823 μου
3135 755 3210 824 μὴ
3236 756 3615 827 πονηρεύεσθε.

523 841 610 896 5i.
647 842 710 895 Et
735 839 946 894 vocavit
980 837 1176 892 famem
1201 853 1363 907 super
1393 849 1633 895 terrain:

2178 840 2264 893 51.
2302 840 2410 894 Καὶ
2442 842 2666 895 ἐκάλεσε
2688 842 2844 914 λιμὸν
2871 843 2963 896 ἐπὶ
2991 842 3087 915 τὴν
3115 844 3218 914 γῆν

523 933 608 988 52.
645 931 814 986 Omne
844 933 1243 985 firmamentum
1266 930 1424 1000 panis
1451 932 1726 986 contrivit.

1707 972 1726 986 η.
2179 931 2267 986 52.
2301 933 2414 985 Πᾶν
2446 934 2720 1004 στήριγμα
2750 934 2915 1005 ἄρτου
2953 933 3288 1005 συνέτριψεν.

522 1027 606 1080 55.
644 1025 930 1079 Misitante
960 1039 1054 1078 eos
1086 1024 1262 1077 virum
1290 1039 1305 1075 :

2177 1023 2265 1076 55.
2307 1023 2644 1077 Ἀπέστειλεν
2677 1025 2979 1098 ἔμπροσθεν
2999 1024 3176 1080 αὐτῶν
3208 1024 3491 1098 ἄνθρωπον

523 1117 609 1171 54.
641 1115 698 1169 1η
720 1131 931 1171 servum
963 1114 1301 1170 venundatus
1331 1124 1414 1170 est
1433 1111 1654 1185 Joseph.

1531 1115 1654 1185 eph.
2177 1113 2262 1167 54.
2297 1115 2390 1177 Είς
2422 1113 2605 1168 δοῦλον
2639 1117 2848 1188 ἐπράθη
2892 1118 3110 1188 Ἰωσήφ.

524 1210 613 1262 55.
643 1207 1082 1280 Humiliaverunt
1103 1207 1157 1260 in
1185 1208 1542 1278 compedibus
1577 1206 1736 1276 pedes
1766 1205 1922 1277 ejus'

2177 1203 2266 1258 55.
2308 1204 2704 1259 Ἐταπείνωσαν
2733 1209 2789 1259 ὲν
2815 1206 3002 1270 πέδαις
3025 1209 3148 1272 τοὺς
3171 1207 3337 1272 πόδας
3361 1207 3525 1262 αὐτοῦ
3541 1224 3557 1240 ο

521 1299 611 1354 56.
645 1297 870 1352 Ferrum
903 1299 1216 1367 pertransiit
1242 1300 1480 1353 animam
1516 1298 1656 1368 ejus.

1611 1314 1656 1351 s.
2176 1294 2262 1349 56.
2296 1295 2515 1367 Σίδηρον
2536 1297 2748 1368 διῆλθεν
2773 1301 2805 1370 ἡ
2836 1299 2981 1370 ψυχὴ
3001 1299 3185 1354 αὐτοῦ.

521 1389 609 1442 57.
641 1387 820 1442 Donec
846 1387 1054 1441 veniret
1076 1389 1295 1442 verbum
1329 1389 1446 1458 ejus
1473 1407 1487 1442 :

2175 1385 2262 1439 57.
2293 1385 2464 1456 Μέχρι
2495 1386 2588 1438 τοῦ
2617 1386 2788 1441 ἐλθεῖν
2818 1389 2906 1442 τὸν
2935 1389 3088 1458 λόγον
3115 1389 3299 1445 αὑτοῦ.

522 1479 610 1532 58.
646 1477 932 1548 Eloquium
962 1477 1173 1532 Domini
1201 1477 1549 1532 inﬂammavit
1581 1491 1730 1532 eum.-

2172 1476 2262 1531 58.
2295 1477 2367 1529 Τὸ
2393 1477 2569 1546 λόγιον
2594 1479 2796 1550 Κυρίου
2827 1480 3106 1552 ὲπύρωσεν
3143 1481 3321 1534 αὐτόν.

521 1572 608 1625 59.
645 1569 790 1624 Misit
813 1586 928 1634 rex,
951 1577 1005 1624 et
1025 1569 1185 1624 solvit
1211 1585 1334 1624 eum
1359 1587 1371 1622 :

2174 1567 2262 1622 59.
2301 1568 2610 1622 Ἀπέστειλε
2647 1569 2919 1640 βασιλεὺς,
2953 1571 3047 1625 καὶ
3079 1571 3266 1624 ἔλυσεν
3292 1570 3488 1624 αὐτόν·

521 1664 607 1716 41).
638 1660 894 1730 Princeps
927 1661 1104 1732 populi
1140 1671 1194 1715 et
1216 1661 1421 1716 dimisit
1447 1676 1592 1717 eum.

2175 1659 2262 1712 40.
2299 1662 2512 1734 ’Ἄρχων
2541 1663 2694 1730 λαοῦ,
2727 1663 2819 1716 καὶ
2847 1662 3059 1733 ἀφῆκεν
3107 1664 3289 1718 αὐτόν.

519 1754 608 1806 4|.
641 1752 934 1807 Constituit
965 1768 1088 1806 eum
1120 1750 1408 1806 Dominum
1435 1751 1632 1807 domus
1661 1765 1796 1815 suae,

2174 1753 2261 1808 4i.
2294 1755 2637 1827 Κατέστησεν
2670 1756 2828 1810 αὐτὸν
2853 1757 3055 1827 Κύριον
3076 1755 3166 1810 τοῦ
3197 1758 3342 1809 οἴκου
3373 1751 3556 1820 αὐτοῦ,

519 1843 610 1897 42.
649 1843 712 1898 Et
743 1844 1041 1914 principem
1076 1844 1254 1897 omnis
1281 1842 1646 1913 possessionis
1676 1857 1808 1897 suae.

2171 1845 2259 1899 42.
2285 1846 2394 1899 Καὶ
2420 1847 2656 1919 ἄρχοντα
2695 1847 2878 1918 πάσης
2909 1849 3007 1918 τῆς
3030 1848 3272 1919 κτήσεως
3306 1846 3489 1901 αὑτοῦ.

520 1937 606 1991 45.
645 1934 714 1991 Ut
739 1937 976 1992 erudiret
1011 1935 1284 2006 principes
1309 1934 1429 2006 ejus
1461 1937 1605 1991 sicut
1633 1934 2006 2003 semetipsum,

2173 1932 2260 1988 45.
2295 1934 2400 1988 Τοῦ
2424 1936 2706 1990 παιδεῦσαι
2728 1937 2852 2000 τοὺς
2880 1926 3142 2008 ἄρχοντας
3163 1937 3326 1990 αὑτοῦ
3348 1937 3422 2000 ὡς
3447 1935 3660 2002 ἑαυτὸν,

1564 2070 1945 2127 ATHANASH
1987 2068 2562 2131 INTERPRETATIO.

521 2245 609 2300 27.
643 2244 757 2301 Non
783 2247 1001 2318 reliquit
1033 2249 1340 2320 quempiam
1375 2263 1581 2313 eorum,
1613 2247 1707 2316 qui
1742 2256 1870 2302 tunc
1901 2246 2002 2300 im-
2032 2250 2074 2304 Β

2168 2241 2258 2296 27.
2292 2242 2404 2295 Οὐκ
2442 2241 2619 2312 ἀφῆκέ
2654 2259 2774 2296 τινα
2811 2241 2916 2296 τῶν
2946 2242 3068 2294 τότε
3123 2238 3466 2313 κρατούντων
3497 2254 3660 2292 κατα-

449 2339 656 2409 perium
685 2339 1020 2405 obtinebant,
1055 2350 1113 2395 ut
1147 2341 1422 2411 apostolos
1454 2349 1800 2410 superarent.

1378 2356 1422 2395 )s
1454 2349 1800 2410 superarem.
2104 2331 2457 2386 δυναστεῦσαι
2488 2335 2595 2386 τῶν
2629 2333 2959 2386 ἀποστόλων.

515 2429 602 2485 28.
641 2427 904 2485 Herodem
934 2440 987 2486 et
1019 2430 1288 2486 Neronem
1319 2429 1615 2486 interfecit.

2171 2426 2259 2478 28.
2311 2426 2556 2496 Ἡρώδην
2581 2427 2674 2478 καὶ
2703 2425 2926 2495 Νέρωνα
2960 2423 3313 2478 ἐθανάτωσεν.

516 2521 606 2576 29.
635 2521 945 2588 Apostolos.

2171 2516 2259 2570 29.
2297 2516 2416 2571 Τῶν
2446 2516 2775 2570 ἀποστόλων.

517 2607 604 2662 50.
636 2610 800 2662 Erant
851 2609 995 2663 enim
1048 2609 1208 2663 iidem
1245 2609 1477 2678 apostoli
1509 2611 1673 2665 etiam
1703 2609 2001 2680 prophetae,

2172 2607 2259 2660 50.
2284 2603 2463 2659 Ἦσαν
2495 2607 2603 2678 γὰρ
2642 2609 2688 2659 οἱ
2720 2608 2872 2660 αὐτοὶ
2912 2605 3193 2660 ἀπόστολοι
3224 2606 3318 2659 καὶ
3366 2605 3659 2680 προφῆται,

448 2700 830 2754 annuntiantes
856 2715 976 2770 quas
1002 2701 1181 2754 futura
1218 2711 1344 2755 sunt
1375 2701 1425 2754 in
1458 2716 1623 2772 regno
1647 2701 1933 2757 caelorum.

2103 2694 2346 2762 λέγοντες
2379 2695 2445 2747 τὰ
2476 2695 2734 2766 μέλλοντα
2762 2699 2819 2750 ὲν
2838 2698 2903 2766 τῇ
2930 2693 3175 2766 βασιλείᾳ
3199 2693 3306 2748 τῶν
3331 2693 3594 2765 οὐρανῶν.

517 2789 606 2843 51.
637 2789 694 2842 In
741 2789 1078 2862 Synagogam
1113 2790 1291 2844 intulit
1321 2805 1429 2843 non
1477 2789 1672 2845 famem
1705 2791 1882 2862 panis,
1911 2790 2005 2846 sed

2173 2788 2259 2842 3L
2303 2789 2389 2840 Ἐν
2427 2791 2492 2859 τῇ
2539 2791 2824 2860 συναγωγῇ
2881 2789 3110 2859 ἤνεγκεν
3161 2789 3220 2841 οὐ
3270 2787 3429 2859 λιμὸν
3471 2787 3658 2858 ἄρτου,

448 2879 643 2935 famem
675 2881 926 2936 audiendi
961 2883 1180 2936 verbum
1211 2880 1424 2934 Domini
1449 2882 1514 2934 ".

2102 2877 2237 2932 ἀλλὰ
2265 2877 2420 2948 λιμὸν
2448 2878 2541 2932 τοῦ
2575 2879 2803 2932 ἀκοῦσαι
2831 2878 2983 2946 λόγον
3012 2880 3214 2951 Κυρίου
3249 2877 3345 2950 (1).

514 2971 602 3026 52.
634 2970 856 3028 Omnem
893 2987 1081 3027 eorum
1131 2972 1460 3027 mundanam
1509 2973 1815 3029 doctrinam
1859 2973 2006 3030 dedit

2095 3021 2102 3028 ,
2171 2969 2258 3022 52.
2294 2970 2480 3023 Πᾶσαν
2511 2970 2684 3023 αὐτῶν
2733 2970 2829 3042 τὴν
2861 2970 3204 3025 διδασκαλίαν
3250 2972 3348 3042 τὴν
3395 2970 3658 3045 κοσμικὴν

447 3064 502 3118 in
536 3064 914 3134 perditionem.

2105 3063 2184 3127 εἰς
2210 3063 2512 3132 ἀφανισμὸν
2532 3062 2747 3117 ἔδωκεν.

516 3155 604 3210 55.
637 3153 764 3208 Fuit
792 3155 944 3210 homo
966 3155 1159 3211 missus
1184 3172 1217 3211 a
1237 3154 1362 3224 Deo,
1383 3156 1469 3209 cui
1493 3172 1677 3211 nomen
1699 3165 1813 3210 erat
1838 3153 1871 3209 .1
1879 3173 2006 3210 aan-

2174 3154 2262 3208 55.
2315 3154 2574 3218 Ἐγένετο
2634 3154 2940 3221 ἄνθρωπος
3003 3154 3455 3224 ἀπεσταλμένος
3505 3154 3664 3223 ,παρὰ

447 3263 534 3300 nes
551 3247 619 3298 ’⁸.
2106 3245 2272 3310 Θεοῦ,
2295 3244 2478 3314 ὄνομα
2505 3243 2664 3310 αὑτῷ
2699 3245 2982 3312 Ἰωάννης

515 3339 602 3392 54.
634 3336 940 3392 Humanum
971 3353 1139 3407 genus
1162 3339 1436 3392 venditum
1471 3347 1584 3391 erat
1607 3340 1660 3392 in
1689 3337 2004 3392 servitutem

2173 3335 2261 3388 54.
2291 3334 2364 3387 Τὸ
2387 3335 2540 3404 γένος
2570 3334 2677 3388 τῶν
2713 3335 3014 3406 ἀνθρώπων
3059 3337 3139 3400 εἰς
3185 3335 3426 3390 δουλείαν
3469 3332 3537 3407 ἦν
3567 3353 3662 3390 πε·-

445 3427 516 3481 ab
545 3428 716 3482 Adam
760 3429 829 3482 ob
876 3435 1155 3498 peccatum
1187 3445 1200 3481 :
1228 3443 1351 3481 nam
1395 3427 1588 3498 Joseph
1619 3429 2005 3498 interpretatur

2103 3423 2381 3495 πραμένος
2425 3424 2500 3495 (2)
2539 3427 2604 3495 τῇ
2646 3426 2886 3497 ἁμαρτίᾳ
2929 3426 3038 3480 ἀπὸ
3070 3427 3163 3480 τοῦ
3202 3427 3404 3497 Ἀδὰμο
3441 3428 3655 3498 Ἰωσὴφ·

447 3518 653 3571 addidi.

2036 3578 2068 3586 _
2105 3515 2212 3586 γὰρ
2248 3515 2602 3586 ἑρμηνεύεται
2635 3516 2994 3584 προσέθηκα.

515 3611 602 3664 55.
640 3605 974 3664 Do'muerunt
1004 3609 1324 3666 adversariae
1357 3622 1654 3682 potestates
1696 3628 1864 3684 genus
1901 3613 2004 3667 hu-
2029 3578 2071 3634 Ο

2116 3578 2126 3584 -
2174 3578 2259 3658 55.
2280 3578 2290 3586 ’
2311 3578 2614 3673 ξΕδάμασαν
2654 3578 2893 3659 ἐνναντίαί
2921 3606 2994 3676 (5)
3023 3605 3274 3675 δυνάμεις
3303 3606 3364 3658 τὸ
3382 3606 3536 3675 γένος
3553 3607 3657 3660 τῶν

446 3717 664 3757 manum
693 3712 931 3772 peccato.

2104 3695 2200 3748 ἀνθ
2208 3693 2404 3766 ρώπων
2428 3698 2493 3765 τῇ
2529 3696 2791 3768 ἁμαρτίᾳ.

515 3791 601 3846 56.
655 3791 712 3846 ln
763 3801 990 3848 mortem
1023 3792 1212 3848 incidit
1260 3794 1440 3847 anima
1489 3794 1728 3848 universi
1780 3795 2003 3849 humani

2174 3787 2262 3840 56.
2297 3787 2390 3849 Εἰς
2422 3785 2647 3840 θάνατον
2680 3789 2946 3842 ἐπέπεσεν
2983 3789 3060 3861 (4)
3095 3792 3127 3861 ἡ
3165 3791 3311 3863 ψυχὴ
3342 3791 3541 3856 παντὸς
3566 3790 3655 3844 τοῦ

445 3883 679 3951 generis.

2102 3878 2288 3947 γένους
2319 3878 2425 3931 τῶν
2451 3879 2546 3933 ἀνθ
2554 3879 2771 3950 ρώπων.

513 3973 603 4027 57.
629 3973 808 4030 Donec
832 3975 982 4030 venit
1011 3974 1317 4048 unigenitus
1341 3973 1508 4030 Filius
1532 3975 1642 4029 Dei.

2169 3971 2258 4024 57.
2280 3971 2422 4036 Ἕως
2445 3967 2505 4025 οὗ
2534 3967 2694 4041 ἦλθεν
2725 3973 2753 4024 ό
2787 3973 3075 4044 μονογενὴς
3099 3974 3226 4037 Υἱὸς
3250 3973 3343 4026 τοῦ
3375 3973 3531 4027 Θεοῦ.

513 4064 600 4121 58.
633 4064 888 4122 Doctrina
918 4079 973 4122 et
991 4067 1256 4124 adventus
1281 4066 1494 4122 Domini
1518 4066 1799 4121 mundavit
1832 4082 2002 4136 genus

2169 4063 2257 4118 58.
2301 4064 2364 4115 Ἦ
2388 4063 2573 4134 διδαχὴ
2605 4064 2696 4116 καὶ
2722 4067 2754 4135 ἡ
2785 4064 3055 4136 παρουσία
3087 4065 3181 4118 τοῦ
3216 4066 3420 4136 Κυρίου
3457 4065 3656 4120 ἐκαθά-

445 4157 763 4210 humanum.

2104 4170 2218 4225 ρισε
2241 4154 2301 4206 τὸ
2331 4155 2486 4222 γένος
2508 4153 2615 4207 τῶν
2639 4154 2953 4225 ἀνθρώπων.

512 4247 599 4301 59.
628 4247 788 4302 Pater
812 4248 1012 4303 Filium
1044 4249 1215 4316 misit,
1247 4258 1300 4304 et
1327 4247 1489 4304 solvit
1520 4257 1696 4304 totum
1735 4247 1998 4303 mundum

2167 4246 2256 4302 59.
2298 4246 2354 4298 '0
2376 4246 2564 4318 Πατὴρ
2588 4247 2677 4300 τὸν
2700 4247 2826 4301 Υἱὸν
2845 4248 3148 4312 ἀπέστειλε,
3182 4249 3274 4302 κα¹ι
3297 4247 3452 4302 ἔλυσε
3481 4250 3653 4304 πάντα,

443 4353 472 4389 a
496 4339 727 4406 peccatis
752 4340 881 4394 suis.

2098 4337 2187 4391 τὸν
2210 4337 2411 4409 κόσμον
2437 4339 2544 4392 ἀπὸ
2568 4339 2676 4392 τῶν
2699 4338 2980 4410 ἁμαρτιῶν
3018 4339 3215 4394 αὐτῶν.

509 4425 594 4480 40.
635 4426 856 4483 Liberos
883 4430 1030 4485 insos
1067 4431 1244 4485 eﬂ'ecit
1288 4447 1318 4485 a
1361 4431 1733 4486 dominatione
1769 4432 1992 4501 peccati.

2167 4429 2257 4485 40.
2312 4430 2657 4502 Ἐλευθέρους
2709 4431 2906 4495 αὐτοὺς
2953 4431 3218 4500 πεποίηκε
3273 4430 3366 4484 τοῦ
3406 4431 3648 4503 κυριεύε-

2101 4519 2221 4574 σθαι
2255 4519 2334 4592 (5)
2363 4521 2468 4574 ὑπὸ
2495 4521 2596 4591 τῆς
2615 4521 2927 4593 ἁμαρτίας(

513 4605 600 4660 4i.
635 4605 793 4662 Pater
822 4608 1016 4662 Filium
1045 4624 1203 4663 suum
1232 4609 1531 4663 declaravit
1569 4610 1852 4664 Dominum
1879 4625 1998 4664 om-

2164 4611 2254 4670 41.
2293 4611 2352 4665 Ὁ
2380 4613 2568 4686 Πατὴρ
2594 4613 2826 4679 ἀνέδειξε
2851 4613 2942 4666 τὸν
2966 4613 3094 4667 Υίὸν
3115 4611 3275 4668 αὑτοῦ
3299 4613 3504 4684 Κύριον
3526 4614 3648 4667 πάν-

441 4695 589 4751 nium
621 4709 954 4763 sanctorum,
985 4707 1039 4754 et
1077 4699 1248 4754 dixit:
1285 4698 1389 4753 Hic
1411 4710 1488 4753 est
1532 4699 1707 4754 Filius
1746 4717 1886 4754 meus
1915 4703 1997 4755 di-

2094 4719 2202 4756 των
2221 4701 2328 4757 τῶν
2369 4704 2558 4773 ἁγίων,
2603 4707 2698 4759 καὶ
2733 4706 2980 4776 εἴρηκεν,
3029 4705 3104 4770 ὡς
3140 4703 3327 4772 Οὗτός
3361 4706 3438 4774 (6)
3485 4707 3648 4760 ἐστιν

441 4790 623 4858 lectus,
658 4792 827 4858 ipsum
853 4790 1052 4845 audite.

2095 4796 2129 4847 ό
2163 4796 2293 4860 Υἱός
2319 4813 2439 4863 μου
2464 4799 2498 4850 ὁ
2519 4797 2840 4866 ἀγαπητὸς,
2864 4799 3049 4854 αὐτοῦ
3071 4798 3337 4852 ἀκούετε.

507 4883 593 4938 42.
629 4881 931 4951 Principem
960 4890 1014 4937 et
1039 4881 1440 4936 Dominatorem
1479 4883 1662 4939 omnis
1694 4884 1855 4940 simul
1879 4900 1992 4941 (ξων
2025 4907 2068 4963 D

2058 4913 2068 4956 ,
2165 4885 2253 4940 42.
2289 4887 2554 4958 ’Ἄρχοντα
2615 4889 2708 4941 καὶ
2754 4889 3098 4961 ὲξουσιαστὴν
3147 4889 3326 4960 πάσης
3375 4888 3509 4960 ὁμοῦ
3553 4887 3639 4956 τῆς

443 4975 586 5032 testis
609 4985 661 5028 et
687 4973 980 5039 terrestris,
1004 4982 1055 5029 et
1090 4973 1316 5041 inferna:
1348 4983 1630 5031 creaturae.

2097 4977 2439 5047 ἐπουρανίου,
2465 4979 2556 5030 καὶ
2595 4979 2872 5046 ἐπιγείων,
2914 4981 3005 5034 καὶ
3032 4979 3393 5051 καταχθονίων
3426 4979 3500 5051 (7)
3531 4977 3639 5032 κτί-

2105 5082 2260 5129 σεως.

501 5151 588 5204 45.
624 5147 912 5219 Apostolo;
928 5147 1062 5217 ejus.

2158 5155 2249 5212 45.
2286 5157 2423 5220 Τοὺς
2456 5157 2781 5222 ἀποστόλους
2806 5158 2989 5213 αὐτοῦ.

501 5269 548 5300 ’δ
584 5268 751 5323 Amos
777 5281 901 5330 vni,
938 5265 1024 5319 ii.
1109 5265 1156 5299 ⁸⁵
1182 5263 1342 5320 Joan.
1378 5281 1415 5330 ι,
1443 5263 1501 5320 6.

1368 5360 1675 5458 Addenda
1712 5367 1774 5424 et
1805 5362 2180 5443 corrigenda
2225 5379 2303 5426 ex
2331 5363 2472 5426 cod.
2507 5366 2684 5429 Vatic

500 5525 752 5600 (1)8305.
852 5593 863 5600 Δ
1314 5591 1355 5600 __
2266 5527 2486 5600 Τοῦ-μὴ
2515 5527 2882 5600 κυριεύεσθαι.

605 5593 978 5670 ῌεπραμένον,
1004 5603 1131 5658 etc.,
1161 5591 1518 5664 προσέθηκεν.
2279 5590 2688 5670 έᾼγίώνάὑτοῦ,
2718 5597 2950 5670 εἰρηκώς
2978 5614 3003 5670 ’γ
3022 5590 3209 5662 οὗτος,
3243 5612 3349 5657 etc.

499 5665 576 5742 {5)
697 5665 954 5742 ἐναντίαι.
1069 5733 1111 5742 _
1144 5731 1169 5742 η
1211 5732 1225 5742 _
2167 5665 2242 5740 (7)
2287 5665 2579 5736 Ἐπιγείου,
2605 5671 2696 5724 καὶ
2719 5665 3093 5740 καταχθονίου,
3121 5679 3227 5723 etc.

495 5733 569 5805 (4)
604 5733 920 5800 ⁹Υπέπεσεν,
939 5743 1041 5789 etc.
1069 5732 1171 5786 Τοῦ
1195 5732 1364 5788 deest.
