4004 6212
344 324 366 379 1
387 325 483 384 105
1236 331 1320 385 DE
1359 331 1637 390 TITULIS
1674 335 1925 394 PSALM(

2005 340 2127 396 UM.
2167 370 2234 381 —
2277 339 2472 397 PSAL.
2503 342 2638 398 CIV.
3435 351 3583 408 ’11οσ

413 440 501 495 44.
539 441 648 496 Kal
679 441 804 507 τοὺς
832 444 1233 516 πρεσϐυτέρους
1265 448 1430 502 αὐτοῦ
1467 450 1703 519 σοφίσαι.
1944 459 1994 516 Α

1691 492 1703 505 .
1944 459 1994 516 Α
2089 457 2180 510 44.
2219 455 2285 510 Ει
2309 472 2468 513 senes
2501 458 2620 527 ejus
2657 457 2995 527 prudentiam
3029 460 3266 517 doceret.

412 530 502 585 45.
537 532 647 585 Kal
675 533 922 604 εἰσῆλθεν
969 537 1187 607 Ἰσραὴλ
1219 539 1299 601 είς
1329 539 1602 608 Αἴγυπτον
1622 558 1636 572 ·

1588 558 1636 594 ι·
2089 549 2178 604 45.
2215 550 2281 603 Et
2310 550 2535 618 intravit
2562 549 2728 605 Israel
2761 551 2812 604 in
2836 550 3126 623 Egyptum
3157 572 3169 608 :

411 622 500 678 46.
536 623 645 677 Kal.
682 625 877 678 Ἰακὼϐ
911 627 1238 700 παρῴκησεν
1271 631 1328 682 ἐν
1357 635 1426 701 γῇ
1459 630 1608 704 Χάμ.

2089 641 2177 696 46.
2209 641 2274 696 Ει
2302 641 2471 698 Jacob
2503 643 2688 698 accola
2719 643 2822 698 fuit
2850 648 2906 698 in
2935 622 3076 700 terra
3105 645 3297 700 Cham.

410 713 500 767 47.
535 715 644 768 Kal
676 715 878 787 ηὔξησε
903 717 994 771 τὸν
1025 719 1153 773 λαὸν
1175 721 1340 774 αὐτοῦ
1377 723 1610 794 σφόδρα’

2086 735 2176 788 47.
2209 736 2273 788 Ει
2307 736 2458 790 auxit
2492 737 2750 806 populum
2783 753 2942 792 suum
2978 740 3364 794 vehementer:

409 803 500 860 43.
529 806 636 859 Kal.
668 809 1036 880 ὲκραταίωσεν
1067 811 1229 866 αὑτὸν
1259 814 1397 886 ὑπὲρ
1420 815 1546 880 τοὺς
1573 813 1799 886 ἐχθροὺς
1821 817 1914 869 αύ-

1758 833 1799 878 ις
1821 817 1914 869 αὖ·
2085 823 2175 878 48.
2210 824 2276 879 Ει
2301 803 2537 879 ﬁrmavit
2567 841 2692 882 eum
2725 843 2890 897 super
2917 827 3170 884 inimicos
3199 830 3339 899 ejus.

338 913 456 948 του.

410 987 498 1043 49.
536 987 883 1060 Μετέστρεψε
927 992 1025 1064 τὴν
1076 994 1300 1067 καρδίαν
1344 997 1509 1051 αὐτοῦ
1543 999 1636 1053 τοῦ
1686 1003 1911 1074 μισῆσαι

2085 997 2171 1053 49.
2203 997 2481 1054 Convertit
2507 1015 2604 1055 cor
2633 1001 2753 1070 ejus
2780 1011 2839 1056 ut
2863 1001 3038 1058 odiret
3067 1005 3324 1074 populum
3351 1005 3472 1078 ejus
3497 1027 3511 1064 :

336 1077 430 1131 τὸν
455 1078 584 1132 λαὸν
610 1079 771 1132 αὐτοῦ
788 1097 804 1112 ο

409 1169 498 1226 50.
535 1170 640 1223 Τοῦ
679 1171 978 1227 δολιοῦσθαι
1012 1175 1070 1227 ἐν
1101 1181 1212 1240 τοῖς
1239 1177 1444 1242 δούλοις
1479 1179 1662 1232 αὑτοῦ.

1602 1179 1662 1232 ιῦ.
2081 1178 2170 1232 50.
2210 1178 2274 1232 Et
2300 1179 2484 1233 dolum
2518 1178 2720 1234 faceret
2753 1179 2804 1233 in
2830 1195 3016 1236 servos
3045 1181 3183 1250 ejus.

409 1261 498 1316 5‘1.
541 1261 917 1327 Ἐξαπὲστειλε
952 1267 1191 1338 Μωῡσῆν
1218 1268 1308 1322 τὸν
1339 1268 1522 1322 δοῦλον
1546 1269 1730 1333 αὑτοῦ,

1466 1287 1522 1322 ον
1546 1269 1730 1333 αὑτοῦ,
2078 1266 2168 1321 51.
2205 1266 2352 1322 Misit
2375 1266 2594 1340 Moysen
2621 1283 2837 1323 servum
2867 1285 3047 1336 suum,

407 1351 496 1406 52.
535 1351 758 1422 Ἀαρὼν,
799 1354 858 1406 ὃν
889 1355 1172 1423 ἐξελέξατο
1198 1358 1392 1430 ἐαυτῷ.

1354 1358 1392 1428 ᾧ.
2079 1355 2166 1411 52.
2199 1356 2400 1424 Aaron,
2431 1374 2593 1428 quem
2623 1358 2786 1428 elegit
2815 1360 2935 1414 sibi.

409 1441 496 1496 55.
533 1442 724 1496 Ἐθετο
744 1445 802 1496 ἐν
835 1445 1161 1512 αὐτοῖςτοὺς
1181 1447 1372 1518 λόγους
1410 1450 1516 1502 τῶν
1549 1449 1790 1521 σημείων
1813 1451 1908 1505 αύ-

1762 1467 1790 1504 ν
1813 1451 1908 1505 αύ-
2076 1447 2166 1502 55.
2198 1447 2388 1504 Posuit
2409 1448 2462 1503 in
2493 1450 2572 1505 eis
2594 1451 2758 1504 verba
2786 1451 3066 1520 signorum
3094 1467 3343 1518 suorum,

332 1550 452 1599 του,

405 1624 494 1679 54.
525 1625 635 1679 Kal
659 1625 766 1701 τῶν
793 1626 1036 1698 τεράτων
1061 1627 1223 1681 αὐτοῦ
1251 1630 1308 1682 ἐν
1336 1633 1405 1700 γῇ
1437 1631 1582 1701 Χάμ.

2073 1630 2161 1684 54.
2192 1627 2259 1683 Et
2288 1628 2665 1699 prodigiorum
2688 1645 2914 1685 suorum
2953 1631 3006 1684 in
3032 1641 3175 1687 terra
3204 1633 3394 1688 (illam.

405 1715 492 1770 55.
535 1696 911 1781 Ἐξατπέστειλε
943 1718 1132 1782 σκότος
1163 1719 1257 1772 καὶ
1291 1696 1615 1774 ἐσκότασεν⁹

1502 1696 1615 1774 τενο
2073 1721 2162 1776 55.
2194 1696 2341 1776 Misit
2370 1696 2622 1776 tenebras
2651 1731 2705 1776 et
2729 1723 3046 1778 obscuravit
3071 1744 3083 1778 :

403 1803 494 1859 56.
529 1804 649 1858 Ὅτι
675 1806 1088 1877 παρεπίκραναν
1117 1809 1244 1871 τοὺς
1285 1809 1474 1878 λόγους
1507 1811 1692 1866 αὑτοῦ.
1935 1803 1978 1858 Β

1935 1803 1978 1858 Β
2075 1812 2165 1867 56.
2195 1811 2334 1878 Quia
2363 1813 2830 1868 exacerbaverunt
2853 1831 3136 1871 sermones
3171 1833 3336 1871 suos:

402 1896 492 1952 57.
521 1898 868 1970 Μετέστρεψε
896 1898 964 1952 τά
992 1899 1161 1954 ὕδατα
1190 1901 1368 1954 αὐτῶν
1394 1905 1472 1966 εἰς
1499 1899 1638 1974 αἷμα
1657 1920 1669 1932 ·

2075 1902 2160 1956 57.
2199 1902 2479 1958 Convertit
2513 1917 2685 1972 aquas
2713 1920 2902 1960 eorum
2936 1906 2988 1961 in
3022 1908 3383 1979 sanguinem:

402 1989 491 2045 58.
527 1991 636 2044 Kal.
665 1991 950 2046 ἀπέκτεινε
969 1993 1097 2056 τοὺς
1127 1994 1314 2064 ἰχθύας
1347 1996 1546 2050 αὐτῶν.

1347 1996 1546 2050 αὐτῶν.
2075 1995 2163 2048 58.
2197 1993 2264 2048 Et
2288 1994 2487 2050 occidit
2509 1995 2685 2064 pisces
2714 2013 2925 2051 eorum.

401 2081 488 2136 59.
535 2082 810 2153 Ἐξεῖρψεν
842 2085 874 2154 ή
909 2082 979 2153 γῆ
1010 2083 1189 2138 αὐτῶν
1224 2085 1529 2156 βατράχους

1374 2086 1529 2156 ἔιχους
2071 2087 2160 2148 59.
2196 2086 2377 2141 Edidit
2403 2096 2545 2141 terra
2573 2103 2763 2141 eorum
2797 2104 2955 2142 ranas

400 2174 488 2230 60.
531 2175 619 2229 Ἐν
645 2177 755 2238 τοῖς
784 2175 1052 2243 ταμιείοις
1079 2174 1186 2228 τῶν
1219 2176 1481 2246 βασιλέων
1514 2177 1714 2232 αὐτῶν.

1572 2177 1714 2231 ὀτῶν.
2070 2178 2156 2233 60.
2190 2178 2246 2232 lu
2271 2179 2640 2249 penetralibus
2669 2195 2858 2249 regum
2885 2181 3153 2252 ipsorum;

1456 2314 1827 2372 ATHANASH
1874 2313 2457 2372 INTERPRETATIO.

397 2469 485 2530 44.
516 2475 628 2528 Kal.
661 2475 990 2538 επισκόπους
1027 2475 1120 2528 καὶ
1163 2474 1568 2547 πρεσϐυτέρους
1603 2477 1660 2528 ἐν
1702 2475 1892 2545 πλήθει

2065 2474 2152 2530 44.
2191 2475 2256 2531 Ει
2295 2477 2580 2548 episcopos
2625 2486 2680 2533 et
2727 2478 3072 2550 presbyteros
3123 2478 3178 2534 in
3235 2479 3571 2538 plenitudine

321 2567 424 2639 τῆς
457 2567 533 2638 (Ι)
563 2567 782 2639 χάριτος
814 2566 1000 2622 αὐτοῦ.

763 2587 782 2632 ς
814 2566 1000 2622 αὐτοῦ.
1993 2566 2182 2637 gratiae
2208 2581 2344 2621 suae.

393 2658 483 2713 45.
529 2659 586 2712 '0
609 2658 766 2730 χορὸς
794 2659 902 2711 τῶν
926 2658 1237 2713 ἀποστόλων
1269 2660 1515 2731 εἰσῆλθεν
1539 2662 1597 2714 ἐν
1625 2664 1690 2733 τῇ
1718 2660 1894 2731 θλίψει

2062 2657 2146 2712 45.
2178 2658 2392 2714 Chorus
2423 2659 2802 2730 apostolorum
2827 2660 3112 2732 ingressus
3139 2669 3223 2718 est
3250 2661 3306 2716 in
3341 2663 3570 2717 tribula-

322 2748 417 2802 τοῦ
450 2748 678 2819 κόσμου.
726 2750 969 2819 Ἰσραὴλ
1006 2749 1114 2822 γὰρ
1163 2751 1524 2822 ἑρμηνεύεται
1566 2753 1713 2820 νοῦς
1741 2753 1895 2822 ὁρῶν

1995 2748 2195 2804 tionem
2213 2751 2422 2806 mundi.
2445 2751 2622 2807 Israel
2643 2753 2788 2808 enim
2815 2754 3202 2824 interpretatur
3229 2771 3370 2809 mena
3388 2756 3565 2809 videns

322 2840 430 2895 τόν
461 2841 626 2906 Θεὸν,
662 2842 797 2912 ὅπερ
829 2837 966 2911 ἦσαν
989 2845 1038 2896 oi.
1070 2843 1376 2899 ἀπόστολοι.
1408 2845 1705 2915 Αἴγυπτος
1725 2847 1781 2900 δὲ
1805 2849 1892 2919 ἐρ-

1997 2840 2182 2908 Deum,
2211 2843 2401 2913 quales
2423 2854 2580 2899 erant
2622 2847 2876 2917 apostoli.
2906 2845 3168 2918 Egypzus
3193 2856 3373 2902 autem
3403 2851 3567 2904 inter-

322 2933 613 3003 μηνεύεται
637 2936 860 3003 θλίψις.

1936 2931 1941 2932 ⁷
1993 2938 2237 3002 pretatur
2271 2931 2573 2986 tribulatio.
2658 2980 2661 2984 .

389 3024 478 3079 46.
525 3025 584 3078 '0
615 3025 743 3090 Υίὸς
771 3026 864 3079 τοῦ
894 3027 1027 3082 Θεοῦ
1057 3029 1387 3100 παρῴκησεν
1419 3031 1477 3082 ἐν
1498 3029 1575 3101 τῷ
1610 3030 1820 3104 κόσμῳ.

1550 3029 1575 3101 ᾖ
1610 3030 1820 3104 κόσμῳ,
2061 3021 2146 3076 46.
2185 3022 2357 3077 Filius
2389 3023 2485 3079 Dei
2517 3025 2786 3080 habitavit
2815 3026 2871 3080 in
2905 3028 3131 3082 mundo.

391 3117 478 3170 47.
509 3119 617 3172 Kal
644 3121 939 3191 κατήρτισε
959 3123 1086 3186 τοὺς
1108 3122 1295 3191 ἁγίους
1337 3121 1523 3180 αὐτοῦ.

1347 3121 1523 3180 κὺτοῦ,
2061 3115 2147 3170 47.
2182 3115 2248 3169 Et
2277 3115 2504 3187 perfecit
2530 3126 2748 3174 sanctos
2775 3134 2928 3174 suos.

391 3208 477 3262 48.
529 3211 806 3280 Ἐνίσχυσε
836 3214 962 3277 τοὺς
995 3213 1182 3282 ἁγίους
1214 3214 1354 3287 ὑπὲρ
1386 3214 1483 3277 τὰς
1517 3215 1762 3280 ἐναντίας
1797 3217 1889 3270 δυ-

2061 3208 2152 3263 48.
2185 3209 2575 3265 Corroboravit
2605 3219 2828 3268 sanctos
2855 3227 3016 3283 super
3048 3213 3392 3272 adversariae
3423 3224 3569 3286 pote-

318 3300 528 3371 νάμεις.

1991 3308 2177 3356 states.

387 3391 476 3446 49.
524 3393 870 3465 Ἀπεστράφη
899 3392 960 3447 τὸ
1004 3392 1156 3458 ἔθνος
1195 3395 1304 3448 τῶν
1345 3395 1611 3450 Ἰουδαίων
1658 3395 1747 3452 διά
1792 3397 1890 3470 τὴν

2060 3393 2147 3448 49.
2181 3393 2478 3451 Aversatus
2501 3403 2586 3451 est
2609 3405 2822 3468 gentem
2841 3395 3150 3453 Judaaurum
3180 3406 3398 3469 propter
3411 3414 3565 3452 suam

315 3483 574 3537 ἀπιστίαν
604 3485 803 3540 αὐτῶν.

1991 3484 2390 3541 infidelitatem.

393 3575 481 3630 50.
529 3577 746 3650 Ἐπειδὴ
780 3576 1147 3632 ἐδολιεύσαντο
1171 3577 1308 3632 κατά
1332 3579 1440 3633 τῶν
1465 3577 1757 3652 προφητῶν
1793 3578 1891 3633 αύ-

2061 3575 2146 3632 50.
2203 3576 2471 3644 Quoniam
2518 3577 2672 3633 dolos
2743 3577 2992 3635 fecerunt
3041 3590 3229 3636 contra
3273 3582 3565 3654 prophetas

314 3684 434 3720 του.

1991 3683 2143 3723 SUOS.

391 3758 477 3812 51.
525 3757 902 3823 Ἐξαπέστειλε
957 3759 1051 3814 τὸν
1123 3761 1280 3832 χορὸν
1349 3761 1456 3815 τῶν
1530 3761 1722 3816 ἀλιέων
1787 3761 1885 3831 (2).

2060 3758 2150 3812 51.
2186 3757 2331 3812 Misit
2353 3759 2581 3814 chorum
2601 3760 2957 3829 piscatorum.
2990 3759 3197 3832 Moyses
3225 3763 3368 3818 enim
3397 3763 3564 3817 inter-

314 3845 578 3915 Μωῦσῆς
604 3849 711 3919 γὰρ
742 3848 1101 3919 ἑρμηνεύεται
1148 3849 1452 3919 ἀναίρεσις
1495 3849 1595 3920 ἀφ’
1648 3850 1884 3915 ὕδατος.

1987 3859 2232 3920 pretatur
2259 3852 2548 3920 assumptio
2577 3853 2639 3905 ab
2663 3869 2818 3922 aqua.
2849 3853 2889 3906 Ε
2913 3870 3061 3908 mare
3088 3855 3352 3926 siquidem
3381 3866 3565 3912 sustu-

325 3937 460 3990 Ἀπδ
490 3938 597 4010 γάρ
623 3940 722 4011 τῆς
747 3940 1020 4012 θαλάσσης
1062 3941 1303 3996 ἀνείλετο
1345 3943 1469 4007 τοὺς
1515 3942 1846 4006 ἀποστόλους
1870 3960 1884 3974 ο

1526 3942 1846 4006 ἀποστόλους
1870 3960 1884 3974 ·
1987 3943 2051 3998 lit
2079 3942 2356 4012 apostolos
2384 3959 2398 3996 :
2431 3952 2589 3996 erant
2621 3945 2763 3997 cnim
2791 3946 3107 4014 piscatores.

310 4023 451 4098 ἦσαν
478 4029 586 4101 γάρ
609 4031 797 4094 ἀλιεῖς.

387 4119 474 4173 52.
525 4119 749 4188 Ἀαρὼν
805 4121 1166 4192 ἑρμηνεύεται
1221 4122 1356 4190 ὅρος
1407 4123 1745 4193 δυνάμενος
1787 4125 1883 4196 (5),

2059 4120 2149 4175 52.
2176 4121 2357 4174 Aaron
2395 4120 2785 4191 interpretatur
2817 4138 2964 4175 mons
3016 4122 3246 4189 virtutis,
3275 4122 3453 4192 qualis
3480 4131 3566 4179 est

309 4212 451 4284 ὅπερ
483 4213 688 4285 ἐστὶνὴ
724 4215 1019 4286 Ἐκκλησία
1046 4214 1153 4268 τῶν
1184 4215 1410 4282 πιστῶν,
1442 4216 1509 4286 ἢν
1563 4219 1885 4290 περιεποιή-

1991 4211 2231 4269 Ecclesia
2287 4213 2548 4280 ﬁdelium,
2582 4227 2745 4282 quam
2797 4215 3132 4284 comparavit
3164 4215 3266 4270 sibi
3301 4215 3563 4286 sanguine

313 4321 448 4358 σατο
471 4304 557 4358 διὰ
577 4304 671 4358 τοῦ
703 4305 832 4359 ἰδίου
857 4308 1108 4377 αἵματος.
1983 4320 2106 4361 suo.

386 4395 474 4450 55.
504 4397 585 4450 Τά
618 4399 1018 4470 προστάγματα
1045 4399 1210 4452 αὐτοῦ
1239 4399 1390 4453 ἔθετο
1408 4401 1464 4452 ἐν
1504 4399 1581 4471 τῷ
1610 4400 1743 4472 λαῷ.

1541 4399 1581 4471 ᾦ
1610 4400 1743 4472 λαῷ.
2054 4398 2148 4455 55.
2178 4395 2450 4466 Praecepta
2479 4411 2576 4449 sua
2611 4395 2791 4472 posuit
2825 4396 2878 4450 in
2907 4397 3122 4466 populo.

389 4487 476 4543 54.
508 4489 621 4542 Kal.
652 4489 763 4544 τῶν
795 4491 1134 4561 παθημάτων
1173 4492 1337 4545 αὐτοῦ
1367 4534 1380 4556 ,
1423 4486 1498 4545 ὧν
1528 4493 1787 4564 ὑπέμεινε
1819 4497 1884 4565 τῇ

2053 4489 2143 4544 54.
2185 4486 2251 4542 Et
2273 4490 2588 4557 passionum
2613 4503 2862 4552 suarum,
2883 4504 3020 4557 quas
3038 4505 3234 4558 passus
3247 4499 3330 4545 est
3351 4489 3403 4544 in
3429 4506 3562 4544 con-

313 4579 394 4650 (4)
441 4586 729 4654 συναγωγῇ
776 4584 885 4636 τῶν
933 4583 1218 4656 τολμηρῶν
1249 4585 1570 4657 ἀνθρώπων.
1613 4580 1741 4656 Χὶὶμ
1779 4587 1886 4658 γὰρ

1983 4580 2299 4650 gregatione
2330 4580 2616 4634 audacium
2655 4581 2961 4635 hominum.
3001 4578 3168 4636 Cham
3198 4583 3342 4637 enim
3383 4586 3563 4637 audax

311 4673 611 4743 τολμηρὸς
647 4675 1026 4746 ἑρμηνεύεται.

806 4676 1026 4730 θεύεται.
1985 4674 2387 4742 interpretatur.

385 4763 474 4816 55.
516 4764 603 4817 ‘Ev
626 4767 692 4836 τῇ
735 4769 1018 4838 συναγωγῇ
1049 4767 1228 4822 αὐτῶν
1259 4767 1348 4823 διὰ
1373 4767 1753 4841 τηνζάπιστίαν
1783 4769 1885 4823 αὐ-

2054 4766 2143 4820 55.
2172 4763 2230 4819 1η
2259 4765 2739 4836 congregationem
2770 4781 2959 4821 eorum
2995 4775 3214 4836 propter
3248 4781 3438 4821 eorum
3475 4766 3560 4820 in-

308 4853 442 4907 τῶν.

1983 4858 2325 4915 ﬁdelitatem.

384 4942 473 4998 56.
511 4943 633 4998 Ὅτι
665 4946 765 4999 ούκ
800 4946 1069 5014 ἐφύλαξαν
1091 4948 1156 5002 τά
1180 4948 1578 5020 προστάγματα
1609 4947 1796 5003 αὐτοῦ.

1783 4991 1796 5001 .
2055 4949 2143 5006 56.
2174 4949 2309 5017 Quia
2340 4963 2447 5003 non
2481 4947 2897 5004 custodiverunt
2919 4949 3039 5019 ejus
3071 4960 3355 5020 prmccpta.

383 5032 473 5089 57.
522 5034 795 5105 Ἀφείλετο
818 5038 997 5092 αὐτῶν
1021 5039 1120 5110 τὴν
1165 5040 1346 5111 χάριν,
1377 5040 1468 5095 καὶ
1508 5039 1656 5094 εἴασε
1689 5041 1886 5105 αὐτοὺς

2053 5043 2144 5097 57.
2175 5040 2410 5098 Abstulit
2427 5043 2510 5097 eis
2529 5041 2785 5111 gratiam,
2827 5049 2884 5097 et
2931 5043 3178 5112 permisit
3217 5057 3312 5096 eos
3355 5039 3559 5096 servire

308 5123 584 5180 δουλεύειν
614 5130 681 5205 τῇ
710 5129 968 5202 ἁμαρτίᾳ.

642 5130 681 5205 ᾖ
710 5129 968 5202 ἁμαρτίᾳ·
1978 5142 2223 5205 peccato.

384 5216 472 5270 58.
502 5217 613 5282 Ta;
637 5199 811 5290 ίξιυχάς
831 5199 1011 5274 αὐτῶν
1040 5220 1139 5286 τὰς
1170 5223 1226 5275 ἐν
1251 5223 1438 5294 κόσμῳ
1457 5225 1534 5295 (5)
1560 5224 1883 5296 νηχομένας.

1657 5224 1883 5296 ςομένας.
1979 5199 1998 5205 -
2049 5225 2142 5280 58.
2169 5224 2394 5279 Animas
2421 5239 2608 5278 eorum
2640 5224 2694 5278 in
2729 5224 2934 5280 mundo
2965 5233 3238 5281 natantes.

383 5309 472 5363 59.
508 5311 572 5364 Ai
595 5311 811 5382 καρδίαι
839 5314 1017 5366 αὐτῶν
1037 5314 1134 5379 τάς
1155 5316 1446 5386 ἐπιθυμίας
1462 5317 1568 5369 τῶν
1591 5317 1880 5389 δαιμόνων.

1848 5335 1880 5374 ι.
2050 5318 2139 5373 59.
2171 5317 2348 5372 Corda
2374 5331 2564 5371 eorum
2593 5316 3069 5386 concupiscentias
3097 5317 3429 5372 daemonum.

380 5399 471 5455 60.
513 5401 602 5454 Ἐν
631 5404 754 5466 ταῖς
781 5402 1040 5468 διανοίαις
1067 5403 1174 5458 τῶν
1205 5407 1480 5476 ἀρχόντων
1503 5408 1703 5462 αύτῶν.
1771 5437 1774 5444 ·

1548 5408 1703 5462 ὑτῶν.
1771 5437 1774 5444 -
2051 5409 2138 5464 60.
2175 5407 2232 5463 In
2269 5408 2546 5463 mentibus
2574 5409 2883 5478 principum
2915 5423 3129 5464 eorum.

1261 5524 1566 5586 Addenda
1600 5531 1660 5587 et
1691 5527 2063 5608 corrigenda
2104 5545 2178 5588 ex
2211 5525 2350 5588 cod.
2385 5525 2585 5586 Vatic.

410 5620 462 5699 1)
498 5622 963 5699 Ἐμτῖλῆσαιητῆςι
989 5637 1100 5699 εισι.
1429 5697 1437 5699 ,

890 5626 928 5699 ἐς
938 5664 963 5699 ν,
989 5637 1100 5699 ac:
1429 5697 1437 5699 ,
2058 5632 2133 5697 (5)
2160 5630 2471 5699 Δυνάμεως.

404 5687 460 5754 2)
506 5687 746 5780 Ἁλιέων,
887 5687 1146 5780 ’Μωύσῆς
1207 5697 1562 5770 ἑρμηνεύεται
1609 5701 1885 5775 ἀναίρεσις

310 5759 526 5828 ὕδατος,
556 5774 661 5820 etc.
697 5764 950 5834 ἀνήλατο,
978 5759 1114 5822 εις.⁷
1237 5759 1286 5769 ”
1337 5759 1348 5770 ’
1738 5759 1748 5775 ’
1866 5759 1881 5767 ’

1034 5783 1079 5822 C.
1104 5759 1114 5767 ⁷
1237 5759 1247 5768 ’
1275 5759 1286 5769 ’
1337 5759 1348 5770 ’
1738 5759 1748 5775 ’
1866 5759 1881 5767 ’
2180 5772 2265 5826 Ἐν
2294 5759 2368 5843 τῷ
2408 5770 2615 5840 κόσμῳ.
