4004 6212
474 331 612 388 “97
1321 340 1379 394 S.
1425 337 1792 398 ᾹΤΗᾹΝΑΞΙΙ
1836 346 1986 404 ΟΡΡ.
2025 348 2055 401 Ρ

2127 350 2205 406 [ιδ
2244 353 2329 409 lll.
2371 387 2438 397 —
2475 356 2886 413 EXEGETICA.
3564 355 3708 419 ’1108

542 453 629 506 6i.
674 451 838 520 Dixit,
867 463 921 509 et
950 456 1094 510 venit
1116 458 1440 529 ccenomyia,
2069 477 2112 530 Α

2069 477 2112 530 Α
2213 471 2300 526 61.
2345 469 2499 535 Εἶπε,
2533 476 2626 527 καὶ
2653 470 3091 546 ἦλθεικυνόμυια,

542 544 632 598 62.
666 545 1004 616 Et'ciniphes
1034 549 1088 601 in
1111 550 1364 605 omnibus
1403 550 1603 607 linibus
1626 568 1838 608 eorum.

2208 565 2296 620 62.
2338 568 2447 620 Kal
2478 571 2699 630 σκνῖπες
2729 569 2786 619 ἐν
2819 569 2946 620 πᾶσι
2969 571 3079 631 τοῖς
3104 567 3269 640 ὁρίοις
3299 569 3491 627 αὐτῶν.

542 635 631 691 65.
672 635 862 691 Posuit
892 639 1102 708 pluvias
1128 655 1315 696 eorum
1355 643 1694 711 grandinem,
1876 678 1878 680 τ

1876 678 1878 680 ν
2210 659 2296 713 65.
2317 659 2506 712 Ἐθετο
2537 660 2635 723 τὰς
2670 659 2867 731 βροχὰς
2890 663 3064 714 αὐτῶν
3097 635 3353 732 χαλαζαν,

541 723 629 779 64.
672 725 849 796 Ignem
881 729 1288 784 comburentem
1323 732 1376 785 in
1420 741 1560 787 terra
1597 734 1858 804 ipsorum.

1738 751 1858 789 'llm-
2211 750 2298 804 64.
2343 750 2460 822 Πῦρ
2483 723 2815 820 καταφλεγον
2845 723 2902 805 ἐν
2932 756 2995 824 τῇ
3026 723 3319 824 γῇάὺτων.

545 815 633 872 65.
675 816 740 871 Ει
784 822 1054 889 percussit
1097 822 1284 878 vineas
1317 839 1506 879 eorum
1539 835 1593 880 et
1639 828 1899 884 ﬁculneas
1943 846 2036 885 eo-

2213 839 2300 894 65.
2343 841 2450 893 Kal
2473 841 2707 907 ἐπάταξε
2730 841 2828 904 τὰς
2861 842 3136 913 ἀμπέλους
3168 843 3346 895 αὐτῶν
3372 840 3587 903 καὶτὰς
3617 857 3705 896 συ-

477 923 595 965 rum
628 925 642 962 Ξ

2141 931 2243 993 xi;
2268 929 2471 984 αὐτῶν·

546 997 633 1051 66.
676 995 740 1051 Ει
773 1000 1029 1055 contrivit
1061 1015 1223 1058 omne
1251 1003 1456 1075 lignum
1499 1006 1687 1061 ﬁnium
1731 1022 1941 1063 eorum.

1890 1024 1941 1062 η·
2213 1020 2300 1075 66.
2343 1023 2452 1075 Kal
2478 1023 2759 1095 συνέτριψε
2793 1025 2898 1078 πᾶν
2931 1024 3083 1088 ξύλον
3102 1025 3249 1097 ὁρίου
3274 1025 3471 1080 αὐτῶν.

544 1089 631 1144 67.
669 1090 834 1154 Dixit,
869 1103 922 1147 et
950 1095 1097 1148 venit
1128 1095 1354 1160 locusta,

2209 1114 2298 1169 67.
2338 1111 2490 1180 Εἷπε,
2520 1117 2610 1170 καὶ
2641 1089 2802 1188 ἦλθεν
2826 1118 3003 1190 ἀκρὶς,

541 1181 628 1237 68.
667 1181 732 1236 Et
763 1185 1024 1249 bruchus,
1063 1187 1219 1257 cujus
1256 1205 1361 1243 non
1390 1198 1506 1244 erat
1534 1204 1816 1245 numerus.

1738 1207 1816 1245 ns.
2211 1205 2300 1260 68.
2343 1208 2452 1260 Kal
2484 1181 2728 1279 βροῦχος,
2759 1205 2817 1262 οὗ
2849 1181 2948 1262 οιέκ
2975 1204 3041 1280 ἦν
3071 1209 3319 1280 ἀριθμός.

543 1273 628 1331 69.
675 1275 736 1330 Et
769 1279 1005 1333 comedit
1028 1295 1186 1333 omne
1212 1280 1395 1334 fenum
1423 1283 1476 1335 in
1508 1289 1652 1337 terra
1682 1298 1870 1337 eorum
1896 1282 2036 1355 [om-

2203 1297 2292 1352 69.
2336 1298 2446 1352 Kal
2477 1268 2747 1355 ὲὰτέὲαξτέ
2782 1301 2956 1355 πάντα
2981 1268 3169 1372 έόρτον
3197 1268 3254 1355 ἐν
3277 1268 3340 1372 τῇ
3368 1303 3435 1370 γῇ
3460 1299 3667 1353 αὐτῶν·

472 1381 594 1419 nem
629 1366 862 1424 fructum
899 1380 1056 1426 terrae
1086 1372 1334 1445 eorum]:
2981 1355 3013 1372 "
3046 1355 3057 1372 '
3315 1355 3340 1372 "
3379 1355 3420 1370 ··

544 1457 631 1514 70.
667 1459 733 1514 Ει
780 1465 1015 1518 comedit
1071 1482 1286 1520 onmem
1329 1468 1565 1522 fructum
1627 1475 1786 1524 terra:
1845 1483 2033 1524 eorum

2208 1475 2294 1530 70.
2336 1477 2446 1530 Kat
2463 1477 2737 1547 κατέφαγε
2755 1477 2929 1532 πάντα
2945 1478 3035 1532 τὸν
3049 1495 3119 1532 κα
3128 1477 3257 1549 ρπὺν
3273 1477 3371 1546 τῆς
3385 1477 3484 1547 γῆς
3502 1475 3700 1529 αὐτῶν.

473 1544 656 1618 [omne
691 1550 872 1606 fenum
917 1555 968 1608 in
1003 1568 1146 1611 terra
1197 1558 1436 1630 eorum].

543 1641 629 1695 71.
679 1645 742 1698 lit
793 1649 1063 1714 percussit
1103 1666 1263 1705 ornne
1313 1652 1734 1722 primogenitum
1793 1652 1847 1706 in
1893 1660 2033 1705 terra

2206 1655 2289 1708 71.
2331 1655 2440 1708 Kal
2470 1654 2705 1722 ἐπάταξε
2739 1657 2847 1710 πᾶν
2884 1655 3225 1727 πρωτότοκον
3246 1655 3302 1708 ἐν
3326 1658 3390 1726 τῇ
3414 1657 3483 1725 γῇ
3504 1653 3698 1708 αὐτῶν

470 1747 657 1787 rerum
686 1735 762 1808 [in
795 1749 935 1792 terra
962 1739 1202 1814 Egypti]
1231 1762 1243 1797 :

541 1833 624 1887 79..
673 1834 946 1890 Primitias
975 1838 1152 1888 omnis
1178 1836 1381 1891 laboris
1416 1851 1628 1890 eorum.
2068 1821 2110 1875 Β

2068 1821 2110 1875 Β
2211 1835 2296 1887 7‘2.
2326 1835 2608 1906 Ἀπαρχὴν
2637 1833 2836 1898 παντὸς
2867 1834 3024 1887 πόνου
3055 1832 3251 1888 αὐτῶν.

541 1925 628 1982 75.
655 1925 738 2005 7Et
768 1927 955 1980 eduxit
989 1941 1083 1979 eos
1114 1926 1166 1979 in
1205 1935 1429 1996 argento
1466 1933 1519 1980 et
1548 1941 1684 1980 auro
1710 1943 1722 1979 :

2205 1923 2292 1979 75.
2333 1925 2444 1978 Kal
2467 1923 2734 1995 ἐξήγαγεν
2767 1923 2964 1985 αὐτοὺς
2997 1923 3052 1974 ἐν
3082 1920 3328 1993 ἀργυρίῳ
3355 1919 3448 1973 καὶ
3477 1917 3697 1990 χρυσίῳ.

544 2016 626 2070 74.
682 2017 745 2070 Et
776 2033 881 2070 non
918 2026 1034 2071 erat
1069 2017 1121 2070 in
1157 2018 1406 2073 tribubus
1441 2032 1624 2072 eorum
1661 2018 1928 2072 inlirtnus.

2207 2016 2292 2069 7L
2335 2016 2444 2068 Kal
2468 2016 2567 2068 οὐκ
2589 2011 2656 2086 ἦν
2686 2018 2744 2068 ἐν
2769 2016 2889 2077 ταῖς
2919 2013 3110 2083 φυλαῖς
3143 2011 3320 2066 αὐτῶν
3350 2012 3378 2063 ὁ
3409 2008 3665 2063 ἀσθενῶν.

539 2108 628 2164 75.
670 2105 872 2162 Lzetata
906 2117 989 2162 est
1020 2106 1288 2178 Egyptus
1330 2125 1383 2162 tn
1428 2110 1766 2178 protectione
1805 2124 2036 2164 eorum:

1962 2124 1992 2162 ιι
2021 2125 2036 2163 :
2207 2105 2294 2158 75.
2336 2104 2626 2176 Εὑφράνθη
2660 2104 2929 2172 Αἴγυπτος
2961 2105 3018 2156 ἐν
3048 2104 3112 2174 τῇ
3143 2101 3303 2172 ἐξόδῳ
3329 2101 3503 2154 αὐτῶν
3529 2118 3543 2131 ·

543 2199 629 2252 76.
669 2199 807 2266 Quia
837 2200 1083 2253 incubuit
1107 2201 1270 2252 timor
1295 2214 1482 2253 eorum
1520 2215 1682 2268 super
1711 2214 1826 2254 eos.

2208 2197 2293 2250 76.
2311 2198 2431 2250 Ὀτι
2457 2196 2723 2249 ἐπέπεσεν
2744 2198 2771 2249 ὁ
2798 2196 2960 2264 φόϐος
2993 2195 3169 2248 αὐτῶν
3201 2195 3285 2246 ἐπ’
3313 2191 3527 2255 αὐτο-ἲς.

541 2289 627 2344 77.
666 2289 934 2359 Expandit
964 2291 1160 2344 nubem
1195 2291 1249 2343 in
1297 2290 1694 2359 protectionem
1737 2291 1859 2346 eis:

2213 2287 2300 2343 77.
2339 2287 2630 2340 Διεπέτασε
2657 2286 2881 2355 νεφέλην
2905 2288 2983 2350 είς
3021 2284 3228 2356 σκέπην
3258 2285 3437 2346 αὐτοῖς
3455 2299 3471 2316 ο

541 2372 625 2425 78.
670 2373 732 2426 Et
764 2375 936 2444 ignem
965 2384 1023 2428 ut
1053 2375 1253 2428 luceret
1283 2375 1362 2428 eis
1397 2389 1493 2444 per
1521 2386 1756 2434 noctem.

2213 2377 2300 2431 78.
2340 2378 2449 2430 Kal
2477 2377 2586 2448 πῦρ
2610 2376 2702 2430 τοῦ
2731 2377 2960 2444 φωτίσαι
2982 2377 3160 2439 αὐτοῖς
3182 2375 3277 2446 τὴν
3308 2374 3495 2437 νύκτα..

543 2463 628 2520 79.
667 2463 966 2534 Petierunt,
989 2475 1043 2521 et
1065 2467 1212 2521 venit
1238 2467 1491 2521 coturnix
1517 2484 1532 2521 :

2217 2466 2303 2535 79.
2323 2468 2590 2539 ᾞτησαν.
2621 2469 2715 2521 καὶ
2742 2463 2904 2538 ἦλθεν
2933 2467 3318 2537 ὀρτυγομήτρα
3337 2481 3356 2499 ο

1589 2643 1965 2701 ATHANASII
2018 2643 2596 2700 INTERPRETATIO.

538 2801 627 2858 6l.
668 2801 940 2868 Permisit,
973 2812 1026 2858 et
1057 2812 1323 2858 venerunt
1363 2813 1549 2873 gentes
1576 2811 1763 2857 contra
1800 2801 1966 2872 ipsos.

2205 2798 2293 2852 6|.
2334 2798 2708 2872 Συνεχὼρησε,
2735 2799 2828 2852 καὶ
2853 2793 2983 2870 ἦλθε
3011 2797 3078 2851 τὰ
3103 2796 3227 2868 ἔθνη
3253 2797 3370 2849 κατ’
3400 2793 3599 2850 αὐτῶν.

539 2893 628 2947 62.
679 2892 745 2947 Ει
772 2895 927 2964 plaga
957 2893 1276 2949 insanabilis
1317 2909 1481 2963 super
1509 2910 1698 2949 eorum
1729 2893 1962 2948 animas.

2205 2891 2292 2945 62.
2334 2893 2440 2945 Kal
2474 2893 2654 2963 πληγὴ
2693 2891 2910 2954 ἀνίατος
2942 2890 3035 2944 ἐπὶ
3075 2890 3171 2954 τὰς
3195 2889 3368 2960 ψυχὰς
3400 2888 3599 2942 αὐτῶν.

538 2985 624 3039 65.
676 2983 916 3056 Reliquit
941 3001 1036 3041 eos
1064 2986 1283 3041 obedire
1313 2986 1574 3042 doctrina;
1610 2985 1941 3040 dagmonum.

2203 2984 2293 3037 65.
2336 2984 2530 3037 Εῖασεν
2563 2985 2757 3048 αὐτοὺς
2785 2983 2970 3055 διδαχῇ
3006 2982 3082 3053 (1)
3120 2980 3229 3035 τῶν
3273 2981 3540 3051 δαιμόνων
3586 2977 3696 3033 πεί·

1549 3119 1558 3127 .
2136 3075 2342 3129 Θεσοαι.

537 3163 626 3216 64.
668 3163 970 3227 Diabolum,
999 3166 1088 3234 qui
1125 3166 1466 3234 consumpsit
1512 3181 1700 3221 eorum
1729 3173 1963 3235 gentem.
2060 3201 2102 3259 α

2060 3201 2102 3259 c
2209 3169 2297 3224 64.
2340 3170 2441 3222 Τὸν
2466 3169 2707 3222 διάϐολον
2729 3167 3155 3236 καταφθείροντα
3179 3165 3238 3220 τὸ
3265 3165 3413 3228 ἔθνος
3440 3163 3637 3218 αὐτῶν.

539 3254 625 3308 65.
667 3254 892 3309 Animas
922 3271 1132 3319 eorum,
1162 3257 1290 3326 quia
1328 3253 1680 3310 infructiferze
1719 3253 2030 3307 manebant.
2069 3253 2102 3259 '

2086 3253 2102 3258 ”
2206 3262 2294 3317 65.
2337 3263 2446 3325 Τὰς
2475 3261 2648 3332 ψυχὰς
2672 3260 2868 3322 αὐτῶν,
2892 3259 3074 3330 ἐπειδὴ
3096 3259 3328 3330 ἄκαρποι
3357 3257 3547 3328 ἔμενον
3571 3256 3667 3322 (2,).

539 3347 627 3402 66.
667 3347 896 3401 Omnem
952 3349 1226 3404 hominem
1272 3365 1458 3404 earum
1507 3350 1746 3404 tribuum
1794 3345 2031 3402 fructum

2210 3353 2300 3408 66.
2344 3353 2529 3407 Πάντα
2551 3352 2834 3422 ἄνθρωπον
2860 3351 2965 3405 τῶν
2987 3349 3166 3420 φυλῶν
3198 3348 3375 3403 αὐτῶν
3405 3348 3480 3418 μὴ
3507 3364 3680 3417 καρπο

468 3457 577 3495 non
611 3440 893 3504 ferentem,

843 3457 893 3504 η.
2138 3445 2424 3518 φοροῦντα.

538 3536 626 3590 67.
669 3535 942 3600 Permisit,
975 3543 1036 3590 ut
1061 3537 1308 3591 venirent
1336 3545 1522 3607 gentes
1562 3547 1824 3592 adversus
1845 3549 1962 3589 eos.

2207 3537 2295 3590 67.
2339 3537 2418 3590 Τὰ
2450 3535 2575 3607 ἔθνη
2613 3535 2988 3607 συνεχώρησεν
3029 3532 3199 3587 ἐλθεῖν
3225 3531 3360 3604 πρὸς
3397 3531 3558 3585 αὐτόν
3591 3530 3696 3583 ταΰ-

2135 3628 2284 3698 τούς]
2320 3629 2418 3698 (5).

539 3715 627 3769 68.
670 3715 815 3772 Gens
863 3715 1237 3770 Romanorum
1284 3715 1440 3770 valde
1472 3730 1568 3772 eos
1599 3729 1826 3770 numero
1873 3729 2033 3770 exce-

2135 3628 2261 3682 τούς
2342 3629 2418 3682 3‘.

2212 3628 2299 3772 68].
2320 3630 2417 3772 (Tib
2446 3718 2594 3781 ἔθνος
2628 3718 2736 3770 τῶν
2772 3715 3058 3788 Ῥωμαίων
3093 3715 3221 3769 λαὸν
3263 3713 3584 3768 ἐκλείποντα
3628 3711 3698 3783 (ιι

468 3806 626 3862 dens.
2136 3807 2280 3882 [λίαν
2307 3808 2577 3879 ἐκλεῖπον]
2613 3807 2826 3870 αὐτούς.

537 3896 626 3962 69,
659 3895 744 3950 70.
783 3897 1026 3951 Perdidit
1052 3912 1265 3951 omnem
1295 3913 1480 3952 eorum
1517 3906 1754 3966 gentem.

2207 3900 2296 3963 69,
2324 3898 2408 3952 70.
2441 3898 2862 3968 Ἐξωλόθρευσεν
2893 3895 3035 3949 ἅπαν
3070 3895 3146 3963 (5)
3180 3894 3239 3948 τὸ
3278 3892 3427 3956 ἔθνος
3469 3891 3666 3948 αὐτῶν.

537 3987 626 4042 71.
671 3987 735 4041 Ει
791 3989 988 4043 occidit
1046 4003 1259 4042 onmem
1304 3989 1550 4043 Judaeum
1597 3989 1650 4042 in
1699 3986 2034 4054 Jerusalem;

2205 3991 2267 4043 Ἠ
2283 4031 2295 4044 .
2325 3990 2432 4042 Kal
2449 3989 2704 4057 ἐφόνευσε
2723 3988 2895 4041 πάντα
2909 3987 3156 4040 Ἰουδαῖον
3173 3986 3228 4037 ἐν
3241 3987 3304 4056 τῇ
3319 3984 3671 4056 Ἰερουσαλήμ
3687 4023 3698 4033 .

469 4079 642 4144 ipsum
673 4078 818 4132 enim
855 4079 1114 4150 populum
1147 4077 1426 4149 Scriptura
1474 4079 1898 4150 primogenitum
1931 4094 2032 4132 an-

2139 4080 2311 4132 Αὑτὸν
2343 4077 2451 4150 γὰρ
2480 4079 2569 4132 τὸν
2599 4077 2725 4131 λαὸν
2753 4078 2787 4147 ὴ
2826 4076 3014 4148 Γραφὴ
3046 4075 3381 4147 πρωτότοκον
3406 4074 3561 4143 ἔλεγε
3581 4075 3697 4145 πρό-

469 4178 553 4223 tea
583 4170 742 4224 dixit.

733 4210 742 4224 .
2141 4186 2196 4223 τε
2205 4186 2314 4241 ρον.

541 4261 628 4313 72.
671 4259 808 4314 Cum
858 4259 991 4330 ipsis
1019 4261 1348 4330 primoribus
1382 4257 1773 4315 interfecerunt
1817 4273 2036 4314 omnem

2209 4260 2296 4313 72.
2330 4259 2462 4312 Ἀπὸ
2509 4257 2615 4312 τῶν
2663 4258 2894 4331 πρώτων
2941 4257 3117 4310 αὐτῶν
3154 4257 3442 4326 ἐφόνευσαν
3495 4258 3605 4308 πᾶν
3645 4257 3699 4308 τὸ

467 4365 656 4404 eorum
684 4351 1108 4407 multitudinem.

976 4367 1108 4407 rtem.
2138 4351 2338 4422 πλῆθος
2362 4351 2557 4404 αὐτῶν.

538 4441 624 4497 75.
663 4440 877 4496 Judzeos
927 4451 1104 4497 autem
1134 4443 1236 4512 ipsi
1302 4441 1584 4498 credentes
1616 4440 1805 4496 eduxit
1848 4455 1913 4494 ex
1947 4437 2038 4495 Je-

2210 4441 2296 4496 75.
2339 4444 2475 4507 Τοὺς
2500 4443 2555 4495 δέ
2583 4444 2975 4516 πιστεύσαντας
3021 4441 3168 4512 αὐτῷ
3201 4440 3484 4504 Ἰουδαίους
3511 4441 3697 4511 ἐξήγα-

378 4588 381 4591 _
469 4532 705 4585 rusalem
736 4532 790 4584 in
827 4532 998 4598 gratia
1025 4548 1149 4591 sua.
1271 4590 1274 4594 ,

2067 4548 2110 4603 υ
2138 4551 2234 4603 γεν
2268 4535 2332 4588 ἐκ
2355 4535 2452 4604 τῆς
2494 4535 2845 4606 Ἰερουσαλὴμ
2879 4535 2937 4587 ἐν
2963 4537 3028 4605 τῇ
3057 4534 3238 4605 χάριτι
3269 4531 3453 4587 αὐτοῦ.

539 4622 623 4676 74.
669 4625 732 4676 Ει
763 4622 945 4678 nullus
965 4621 1275 4677 Judaeorum
1296 4622 1631 4678 credentium
1658 4623 1911 4678 inventus
1927 4631 2033 4688 est,

2209 4627 2294 4680 74.
2345 4627 2454 4680 Kal
2499 4628 2596 4696 οὐχ
2641 4628 2838 4699 εὑρέθη
2883 4645 2965 4691 τις
2993 4627 3099 4680 τῶν
3127 4626 3530 4680 πιστευσάντων
3572 4625 3693 4680 Ἰου-

466 4713 560 4783 qui
591 4715 906 4769 vulneratus
931 4713 1093 4768 fuerit
1116 4713 1171 4767 in
1208 4713 1370 4767 bello.

2134 4717 2296 4771 δαίων
2321 4719 2348 4770 ὁ
2376 4716 2603 4788 πληγεὶς
2634 4720 2692 4770 ἐν
2725 4717 2804 4788 τῷ
2839 4718 3076 4788 πολέμῳ.

540 4806 625 4860 75.
669 4805 726 4860 In
751 4823 939 4862 eorum
973 4807 1216 4861 interitu.

2208 4809 2294 4863 75.
2321 4808 2442 4862 Ἐπὶ
2469 4811 2533 4879 τῇ
2566 4809 2642 4878 (6)
2673 4809 2918 4879 ἀπωλείᾳ
2950 4809 3149 4864 αὐτῶν.

537 4896 621 4951 76.
666 4896 799 4963 Quia
827 4896 1331 4951 custodiebanteos.

2213 4900 2296 4954 76.
2315 4901 2436 4952 Ὅτι
2459 4899 2818 4970 ἐφρουροῦντο
2841 4900 2914 4968 (7)
2940 4899 3154 4963 αὐτούς.

537 4988 623 5042 77.
667 4989 934 5059 Expandit
967 4988 1228 5042 auxilium
1270 5001 1428 5040 suum
1474 4987 1855 5043 credentibus:

2209 4990 2298 5044 77.
2339 4989 2447 5061 Τὴν
2470 4988 2720 5060 βοήθειαν
2738 4989 2901 5043 αὑτοῦ
2918 4989 3136 5060 ἥπλωσε
3146 4993 3256 5055 τοῖς
3274 4991 3583 5045 πιστεύουσι
3599 4989 3684 5060 (8)⁸

535 5076 622 5134 78.
666 5077 907 5134 Gratiam
950 5095 1128 5144 suam,
1164 5090 1222 5134 ut
1250 5091 1512 5132 munuum
1545 5079 1897 5140 illuminaret.

2211 5081 2296 5137 78.
2339 5080 2448 5153 Τὴν
2475 5081 2630 5150 χάριν
2661 5079 2736 5150 (9)
2763 5079 2926 5135 αὑτοῦ
2960 5081 3191 5150 φωτίσαι
3219 5083 3308 5137 τὸν
3333 5083 3555 5155 κόσμον.

536 5173 624 5229 79.
665 5172 920 5230 Ctelestia
948 5189 1043 5228 sua
1079 5174 1220 5229 dona
1258 5171 1406 5226 dedit
1435 5170 1681 5226 ﬁdelibus
1713 5191 1728 5224 :

2209 5172 2297 5228 79.
2335 5172 2417 5225 Τὰ
2446 5174 2756 5244 χαρίσματα
2781 5173 2942 5229 αὐτοῦ
2970 5174 3136 5229 ἔδωκε
3167 5179 3276 5240 τοῖς
3300 5179 3504 5241 πιστοῖς
3527 5193 3539 5207 ·

1419 5331 1721 5394 Addenda
1751 5340 1814 5396 et
1845 5333 2217 5413 corrigenda
2249 5353 2325 5396 ex
2356 5334 2498 5396 cod.
2547 5335 2748 5397 Vatic.

537 5455 612 5528 (1)
651 5457 733 5528 Τῇ
758 5457 942 5528 διδαχῇ
1262 5468 1264 5470 ⁷
2198 5457 2274 5528 (6)
2303 5451 2390 5528 Ἐν
2420 5457 2507 5528 “(ﬁt

649 5511 942 5595 ΔίέεμενοδίΙ
1302 5595 1310 5596 7
1370 5594 1406 5596 77
2301 5511 2634 5594 Ἐφοϐὖῦντο.

537 5594 614 5666 (5)
642 5594 821 5666 (Αὑτὸν
849 5599 1008 5652 habet
1028 5597 1190 5650 etiam
1216 5595 1337 5651 cod.
1367 5594 1488 5650 Vat.
1553 5664 1562 5666 7
1718 5665 1726 5666 7

1304 5595 1337 5650 Ι.
1367 5594 1488 5650 Vat.
1553 5664 1562 5666 7
1718 5665 1726 5666 7
2197 5594 2274 5666 (8)
2312 5596 2484 5649 Αὑτοῦ
2509 5599 2624 5666 τοῖς
2660 5597 2885 5655 πιστοῖς.

639 5663 967 5740 Ἐκλίχοντα.
995 5666 1154 5722 Forte
1177 5667 1458 5737 lugendum
1488 5664 1882 5735 ἐκλιχνεύοντα.

1297 5667 1458 5721 ndum
1488 5664 1882 5735 ἐκλιχνεύοντα.
2198 5663 2273 5740 (9)
2315 5667 2423 5722 Kal
2446 5666 2542 5739 τὴν
2567 5665 2742 5737 χάριν,
2776 5676 2878 5720 etc.

538 5730 612 5802 (ὃ)
655 5730 857 5790 Πάντα.
