4004 6212
307 302 446 358 H09
1223 301 1308 356 DE
1354 301 1626 360 TITULIS
1663 304 2115 363 PSALMORUM.
2154 336 2222 360 -τ
2259 303 2452 360 PSAL.
2493 294 2623 358 CV."
3261 352 3263 356 .
3407 305 3551 365 'lllO

378 417 467 471 80.
508 418 616 470 Kal
647 416 896 486 ἄρτον⁰ού
908 416 1066 488 ρανοῦ
1100 415 1392 486 ἐνέπλησεν
1424 417 1637 482 αύτούς.
1909 426 1955 482 Α

2050 420 2139 474 80.
2162 418 2223 473 Ει
2235 433 2375 488 pane
2389 417 2512 472 cadi
2527 417 2892 473 saturaviteos
2907 416 3121 490 [panem
3139 420 3256 475 coeli
3273 419 3414 477 dedit
3426 424 3548 497 eis].

379 510 468 564 8i.
509 508 768 580 Διὲρρηξε
798 509 1023 580 πέτραν,
1049 507 1142 561 καὶ
1167 507 1443 579 ἐρρύησαν
1471 508 1636 562 ὕδατα
1657 527 1668 540 ’

2057 511 2149 567 81.
2191 509 2433 580 Disrupit
2461 518 2690 578 petram,
2722 518 2775 564 et
2799 507 3068 564 ﬂuxerunt
3094 526 3287 578 aqua:

381 601 471 656 89..
501 601 904 672 Ἐπορεύθησαν
941 603 1000 654 ἐν
1033 599 1282 671 ἀνύδροις
1313 600 1566 671 ποταμοί.

2057 604 2150 659 82.
2189 601 2562 674 Abierunt[Et
2589 601 2855 673 abierunt]
2886 603 2938 656 in
2977 603 3136 658 siccis
3169 603 3408 662 ﬂumina.

382 694 471 748 83.
491 695 614 746 Ὀτι
641 693 884 764 ἐμνήσθη
907 691 1001 745 τοῦ
1025 691 1180 760 λόγου
1203 691 1295 745 τοῦ
1329 692 1482 760 ἁγίου
1507 693 1692 759 αὐτοῦ,

2059 695 2152 749 85.
2192 693 2459 761 Quoniam
2489 678 2698 747 memor
2725 693 2826 748 fuit
2863 694 3009 748 verbi
3034 695 3204 749 sancti
3235 695 3317 750 sui

383 785 472 840 84.
511 784 620 838 Τοῦ
655 785 788 857 πρὸς
831 784 1081 855 Ἀδραὰμ
1107 783 1196 835 τὸν
1224 782 1408 837 δοῦλον
1440 783 1624 837 αὑτοῦ.

2063 787 2153 844 84.
2190 786 2344 852 Quod
2371 786 2557 840 habuit
2589 783 2656 838 ad
2679 785 2952 839 Abraham
2983 801 3208 855 puerum
3244 803 3424 846 suum.

385 878 471 931 85.
513 877 622 930 Kal
661 877 894 947 ἐξήγαγε
921 875 1011 928 τὸν
1042 874 1170 929 λαὸν
1201 873 1364 929 αὑτοῦ
1399 877 1458 929 ὲν
1485 876 1832 945 ἀγαλλιάσει·

2063 880 2152 936 85.
2192 878 2257 932 Ει
2279 877 2464 934 eduxit
2488 878 2746 948 pepulum
2777 892 2935 932 suum
2970 879 3021 932 in
3050 880 3443 940 exsultatione:

383 971 474 1024 86.
515 971 624 1023 Kal
660 970 788 1033 τοὺς
821 969 1108 1033 ἐκλεκτοὺς
1134 968 1297 1022 αὐτοῦ
1326 971 1384 1022 ὲν
1419 968 1745 1041 εὐφροσύνῃ.

1378 986 1384 1014 ι
1419 968 1745 1041 εὐφροσύνῃ.
2061 973 2150 1029 86.
2187 970 2252 1024 Et
2295 970 2498 1026 electos
2521 970 2728 1026 suosaio
2757 969 2959 1026 laetitia.

384 1062 470 1117 87.
514 1063 622 1116 Kal
661 1062 859 1116 ἔδωκεν
886 1063 1067 1125 αὐτοῖς
1093 1059 1276 1133 χώρας
1309 1059 1477 1114 ὲθνῶν
1496 1077 1508 1089 ·

2061 1065 2150 1120 87.
2192 1064 2420 1120 Etdedit
2449 1065 2553 1120 illis
2587 1051 2830 1134 regiones
2855 1066 3091 1134 gentium
3119 1083 3132 1122 :

385 1156 474 1209 88.
518 1155 626 1208 Kal
665 1155 859 1218 πόνους
895 1153 1040 1208 λαῶν
1073 1152 1640 1225 κατεκληρονόμησαν.

2059 1159 2148 1215 88.
2189 1158 2253 1214 Et
2286 1159 2499 1213 labores
2540 1159 2861 1229 populorum
2900 1160 3274 1228 possederunt.

386 1247 680 1309 89.”υπως
709 1245 774 1299 ἂν
809 1244 1082 1314 φυλάξωσι
1106 1244 1172 1297 τὰ
1205 1241 1548 1314 δικαιώματα
1581 1241 1744 1295 αὐτοῦ
1765 1259 1776 1270 ·

1658 1241 1776 1294 τοῦ·
2059 1251 2149 1308 89.
2195 1248 2262 1306 Ut
2305 1251 2610 1306 custodiant
2637 1250 3052 1319 jnstilicationes
3080 1251 3198 1319 ejus
3227 1269 3239 1306 :

386 1339 492 1395 90.
517 1339 627 1392 Kal
656 1339 750 1392 τὸν
775 1339 938 1410 νόμον
968 1337 1132 1392 αὑτοῦ
1161 1339 1524 1409 ὲκζητήσωσι.

2059 1340 2150 1397 90.
2190 1339 2254 1395 Ει
2285 1341 2454 1412 legem
2493 1340 2612 1410 ejus
2642 1339 2922 1410 requirant
2949 1338 3292 1413 [requirent].

747 1455 1132 1521 Ἀλληλούτα.
1166 1456 1340 1507 ΨΑΛ.
1369 1455 1499 1506 PE'.

2440 1453 2688 1508 Alleluia.
2746 1451 2945 1509 PSAL.
2997 1451 3111 1510 CV.

388 1547 438 1602 1.
469 1546 907 1618 Ἔξομολογεῖσθε
937 1545 1014 1616 τῷ
1046 1545 1254 1617 Κυρίῳ,
1284 1545 1364 1597 ὅτι
1396 1543 1627 1615 χρηστός
1646 1560 1658 1572 '

2065 1549 2116 1603 l.
2149 1546 2490 1602 Conlitemini
2524 1545 2773 1606 Domino.
2799 1546 3056 1615 quoniam
3102 1545 3274 1600 bonus
3301 1585 3314 1599 .

385 1641 579 1695 2.Ὅτι
609 1642 688 1710 είς
719 1640 810 1692 τὸν
843 1638 1014 1692 αἰῶνα
1045 1637 1104 1691 τὸ
1129 1637 1275 1701 ἔλεος
1302 1635 1485 1690 αὑτοῦ.

2060 1641 2115 1695 2.
2159 1639 2424 1706 Quoniam
2458 1640 2510 1694 in
2539 1639 2796 1694 saeculum
2827 1637 3196 1692 misericordia
3224 1637 3361 1708 ejus.

386 1732 439 1788 5.
480 1732 575 1796 Τίς
605 1711 827 1800 λαλήσει
854 1731 952 1794 τὰς
982 1727 1298 1792 δυναστείας
1324 1726 1418 1780 τοῦ
1453 1726 1693 1797 Κυρίου;
1923 1770 1966 1824 Β

1600 1743 1693 1824 ou“,
1756 1816 1782 1824 _
1923 1770 1966 1824 Β
2167 1731 2300 1824 Quis
2332 1731 2584 1824 loquetur
2626 1730 2898 1824 potentias
2929 1728 3181 1824 Domini?

387 1823 441 1878 4.
470 1823 763 1887 Ἀκουστάς
796 1825 1008 1893 ποιήσει
1042 1821 1218 1883 πάσας
1243 1818 1340 1882 τὰς
1368 1817 1598 1880 αἱνέσεις
1624 1816 1784 1871 αὐτοῦ
1808 1834 1824 1884 ;
1925 1816 1963 1824 ”

1624 1816 1824 1884 αὐτοῦς
1925 1816 1963 1824 ”
2065 1823 2116 1877 4.
2161 1822 2388 1876 Auditas
2413 1822 2570 1876 faciet
2602 1837 2792 1877 omnes
2825 1821 3006 1875 laudes
3029 1819 3185 1890 ejus?

389 1915 442 1969 5.
482 1915 754 1986 Μακάριοι
773 1917 821 1967 οί
845 1914 1208 1982 φυλάσσοντες
1233 1912 1434 1983 κρίσιν,
1457 1911 1550 1963 καὶ
1575 1909 1648 1980 (α)
1677 1910 1893 1992 ποιοῦν-

2063 1915 2115 1971 5.
2157 1915 2306 1971 Beati
2334 1915 2428 1986 qui
2475 1914 2788 1970 custodiunt
2828 1912 3117 1982 judicium,
3149 1922 3202 1968 et
3239 1911 3441 1969 faciunt
3472 1912 3563 1984 ju-

315 2020 408 2070 τες
432 2005 776 2077 δικαιοσύνην
808 2008 866 2059 ὲν
901 2005 1061 2059 παντὶ
1093 2002 1291 2075 καιρῷ.

1163 2002 1291 2075 ηιρῷ·
1995 2011 2196 2064 stitiam
2226 2011 2278 2064 in
2306 2007 2453 2063 omni
2482 2016 2744 2077 tempore.

389 2144 466 2216 (α)
503 2143 652 2201 Vers.
677 2145 729 2201 6.
758 2145 866 2199 Kal
899 2144 1198 2211 ποιοῦντες,
1221 2153 1328 2202 etc.
1371 2143 1430 2197 ιτ.
1467 2143 1517 2196 7.
1552 2142 1854 2215 Μνήσθητι,
1884 2154 1986 2199 etc.

1445 2325 1825 2382 ATllANASll
1866 2325 2444 2384 INTERPRETATIO.

395 2486 483 2541 80.
524 2485 626 2539 Τδν
658 2487 786 2540 Υίὸν
824 2488 989 2542 αὑτοῦ
1032 2487 1123 2541 τὸν
1171 2488 1429 2559 μονογενῆ
1465 2487 1662 2542 εδωκεν
1687 2486 1765 2558 (l)
1824 2487 1902 2551 sl;

2070 2488 2158 2542 80.
2197 2487 2392 2543 Filium
2421 2503 2580 2544 suum
2614 2489 2950 2561 unigenitum
2991 2489 3140 2545 dedit
3183 2490 3235 2556 in
3272 2491 3530 2562 partu-ipa

324 2578 632 2650 μετάληψιν
665 2580 763 2649 (α).

665 2580 763 2649 (a).
1999 2580 2223 2636 tionem.

393 2673 482 2726 8L
522 2674 632 2744 Τὴν
658 2672 898 2743 πλευρὰν
914 2672 1008 2726 τοῦ
1040 2670 1172 2726 Υίοῦ
1216 2669 1380 2725 αὐτοῦ
1413 2669 1492 2742 (2)
1519 2668 1774 2746 διήνοιξε,
1808 2669 1905 2724 καὶ

2065 2672 2156 2733 81.
2199 2673 2370 2730 Latus
2423 2671 2548 2728 Filii
2614 2673 2700 2728 sui
2759 2673 2991 2742 aperuit,
3051 2682 3106 2728 et
3163 2683 3352 2742 potum
3421 2672 3563 2729 dedit

323 2765 540 2819 ἰπότισε
569 2766 659 2818 τὸν
689 2765 912 2837 κόσμον.

1999 2768 2223 2822 mundo.
2798 2748 2805 2758 ’

395 2857 485 2911 82.
513 2854 916 2929 Ἐπορεύθιησαν
949 2857 1005 2911 ὲν
1031 2859 1143 2920 τοῖς
1166 2855 1372 2910 ἔθνεσιν
1405 2857 1454 2910 οἱ
1489 2855 1896 2924 εὐαγγελισταί.

1809 2856 1896 2914 ἀί.
2076 2857 2471 2928 82.-Abierunt
2497 2858 2550 2913 in
2578 2868 2760 2930 gentes
2792 2856 3066 2930 Evangelii
3095 2874 3390 2930 praecones.

399 2950 487 3014 85,
524 2950 611 3004 84.
643 2949 718 3021 (ὅ)
761 2941 835 3002 Οὖ
883 2949 1246 3020 ἐπηγγείλατο
1279 2947 1452 3017 λέγων
1487 2949 1566 3018 τῷ
1611 2947 1898 3021 Ἀδραὰμο

2073 2946 2167 3014 83,
2198 2947 2286 3002 84.
2329 2947 2483 3014 Quod
2533 2948 2860 3018 promiserat
2908 2947 3181 3003 Abraham
3225 2947 3410 3004 dicens
3442 2985 3457 3001 .
3507 2943 3569 3004 In

340 3041 431 3096 Ἐν
455 3045 519 3114 τῇ
553 3043 730 3095 πίστει
757 3059 850 3095 σου
885 3041 1333 3113 εὐλογηθήσονται
1373 3041 1551 3095 πάντα
1577 3041 1644 3094 τά
1682 3039 1828 3113 ἔθνη.

1599 3041 1644 3094 τὰ
1682 3039 1828 3113 ἔθνη.
2007 3039 2112 3097 ﬁde
2141 3047 2233 3095 tua
2263 3041 2651 3096 benedicentur
2683 3056 2872 3097 omnes
2899 3051 3086 3112 gentes
3116 3041 3180 3095 ³⁸.

398 3133 487 3188 85.
517 3133 610 3186 Ἐκ
642 3133 735 3187 τοῦ
762 3134 964 3204 κόσμου
996 3132 1184 3186 τούτου
1220 3134 1344 3197 τοὺς
1371 3135 1591 3197 πιστοὺς
1620 3132 1783 3187 αὑτοῦ
1813 3133 1903 3207 ὲρ-
1935 3192 1975 3207 Α

1746 3132 1783 3187 »ὗ
1813 3133 1903 3207 se.
1935 3192 1975 3207 Α
2078 3133 2168 3190 85.
2207 3133 2284 3189 Ex
2314 3133 2418 3188 hoc
2448 3133 2652 3188 mundo
2676 3132 2862 3188 ﬁdeles
2899 3148 3030 3190 suos
3061 3132 3327 3189 liberavit.

328 3225 554 3300 ῥύσατο.

400 3319 490 3374 86.
530 3318 640 3373 Kal
672 3321 798 3380 τοὺς
822 3319 1007 3388 ἁγίους
1035 3319 1201 3374 αὑτοῦ
1230 3321 1285 3372 ὲν
1319 3318 1484 3389 χαρᾷ.

1432 3318 1484 3388 ᾷ.
2075 3313 2162 3369 86.
2203 3312 2270 3368 Et
2299 3322 2521 3370 sanctos
2554 3327 2685 3370 suos
2719 3313 2774 3367 in
2799 3313 3013 3383 gaudio.

403 3411 492 3465 87.
533 3410 643 3474 Τὰς
671 3411 922 3474 αἰωνίους
945 3411 1204 3464 ἀνέπαλιν
1233 3409 1332 3480 (4).

1192 3409 1332 3480 ομ).
2076 3406 2167 3461 87.
2209 3404 2432 3460 Eterna
2473 3404 2773 3476 refrigeria.

403 3502 492 3558 88.
533 3502 643 3566 Τὰς
674 3504 839 3574 μονὰς
870 3504 976 3558 τῶν
1005 3507 1196 3574 ἁγίων.

2075 3498 2164 3553 88.
2205 3496 2533 3553 Sanctorum
2564 3497 2894 3550 mansiones.

405 3595 493 3651 89.
521 3597 914 3670 ’Δτελευτήτως
947 3598 1274 3670 διαμένωσιν
1310 3597 1387 3668 (ὅ)
1432 3600 1511 3661 εἰς
1541 3597 1600 3651 τὸ
1626 3596 1906 3668 βάπτισμα

2075 3591 2166 3645 89.
2208 3591 2266 3644 ln
2292 3591 2684 3659 sempiternum
2710 3593 3062 3658 permaneant
3087 3585 3138 3639 in
3167 3584 3260 3640 Dei
3285 3583 3570 3656 baptismo.

331 3689 428 3742 τοῦ
465 3689 622 3745 Θεοῦ.

407 3783 496 3838 90.
526 3784 635 3838 Kal
667 3783 759 3837 τὸν
797 3783 961 3856 νόμον
1002 3782 1167 3837 αὐτοῦ
1203 3780 1668 3854 ὲξακριθώσαντες
1691 3778 1911 3851 πληρώ-

2078 3771 2167 3824 90.
2210 3769 2277 3823 Ει
2344 3769 2518 3838 legem
2564 3767 2684 3837 ejus
2738 3775 2990 3821 accurate
3035 3781 3098 3820 ac
3143 3765 3425 3835 diligenter
3483 3762 3577 3816 im-

335 3891 516 3930 σουσι.

2007 3865 2203 3935 pleanl.

421 3989 487 4042 'H
520 3987 850 4059 προκειμένη
880 3985 1157 4058 ἐπιγραφὴ
1189 3984 1428 4056 περιέχει
1461 3983 1538 4054 (6)
1559 3980 1966 4049 οἶιὶλληλούΐα,
2009 3976 2145 4045 ὅπερ
2184 3971 2545 4044 ἑρμηνεύεται
2579 3969 2796 4024 αὶνεῒτε
2839 3969 2946 4022 τὸν
2980 3968 3123 4022 ὄντα
3159 3967 3325 4020 Θεόν.

421 4079 626 4136 l‘itulus
657 4081 938 4152 appositus
984 4079 1226 4135 continet
1262 4095 1277 4133 :
1307 4077 1572 4139 Alleluia;
1600 4074 1744 4145 quod
1777 4072 2165 4140 interpretatur
2189 4065 2402 4119 laudate
2431 4079 2550 4118 eum
2575 4063 2665 4134 qui
2695 4061 2835 4116 Deus
2857 4069 2955 4114 est.

496 4201 876 4270 Ἐξαγγείλατε
921 4199 1069 4271 αύτῷ
1115 4199 1214 4263 τὰς
1248 4198 1519 4271 προτέρας
1547 4199 1605 4252 ὲν
1629 4199 1696 4268 τῇ
1727 4193 1918 4266 ἀγνοίᾳ
1952 4197 1992 4250 D

2093 4190 2145 4244 1.
2188 4187 2478 4244 Enuntiate
2510 4185 2614 4256 ipsi
2673 4182 2887 4255 priores
2910 4189 3118 4236 vestras
3147 4179 3408 4243 actiones,
3443 4192 3581 4247 quas

339 4295 499 4367 ὑμῶν
531 4295 774 4366 πράξεις,
802 4296 884 4349 ὅτι
911 4293 1114 4362 ἀγαθός
1139 4293 1308 4347 ἐστιν.

2017 4284 2071 4338 in
2097 4279 2401 4354 ignorantia
2434 4275 2805 4340 commisistis,
2837 4271 3096 4344 quoniam
3137 4271 3312 4326 bonus
3337 4278 3437 4324 est.

412 4388 468 4442 2.
509 4362 620 4441 κει
648 4386 988 4440 ἀδιάλειπτον
1017 4387 1076 4440 τδ
1103 4386 1248 4449 ἕλεος
1278 4381 1464 4436 αὑτοῦ.

2085 4373 2142 4426 2.
2186 4371 2251 4425 Ει
2275 4366 2660 4424 indefectibilis
2684 4363 3063 4420 misericordia
3093 4362 3233 4432 ejus.

414 4481 472 4541 ‘5,
497 4480 551 4533 4.
599 4480 696 4542 Τίς
734 4479 933 4550 δυνηθῇ
968 4476 1328 4549 διηγήσασθαι
1362 4475 1519 4546 μόνον
1561 4472 1660 4535 τὰς
1707 4472 1922 4544 εὐεργε-

2089 4465 2144 4528 '5,
2187 4462 2240 4516 4.
2282 4460 2416 4528 Quis
2467 4458 2666 4530 poterit
2708 4471 2932 4513 narrare
2974 4455 3150 4511 solum
3206 4450 3583 4508 beneﬂcentias

344 4569 469 4634 σίας
518 4569 611 4623 τοῦ
661 4542 986 4642 Κυρίούίδς
1038 4542 1266 4640 παρέχει
1316 4542 1426 4632 τοῖς
1473 4542 1813 4638 ἀνθρώποις.
1837 4563 1924 4615 ἵνα

2023 4554 2263 4621 Domini,
2296 4567 2436 4622 quas
2457 4550 2660 4622 praebet
2685 4547 3020 4608 hominibus,
3053 4555 3112 4601 ut
3146 4544 3428 4600 audientes
3469 4542 3583 4598 lau-

346 4661 641 4724 ὰκούοντες
672 4662 911 4733 ὑμνῶσιν
941 4661 1016 4731 (7)
1039 4659 1201 4713 αὐτόν
1227 4702 1241 4725 ,

756 4662 911 4714 νῶσιν
941 4661 1016 4731 (7)
1039 4659 1201 4713 αὐτόν
1227 4702 1241 4725 ,
2019 4650 2146 4706 dent
2173 4646 2337 4704 eum?

421 4753 476 4808 5.
510 4753 590 4823 (8)
629 4725 903 4824 Μακάριοι
940 4725 1007 4805 δι’
1036 4751 1401 4816 πιστεύοντες,
1439 4749 1520 4804 ὅτι
1562 4747 1674 4801 ἔστι
1723 4746 1922 4818 κρίσις,

2093 4742 2146 4797 5.
2189 4737 2340 4795 Beati
2391 4736 2695 4800 credentes,
2746 4733 2891 4804 quod
2951 4739 3036 4788 est
3079 4730 3366 4802 judicium,
3415 4734 3474 4783 et
3505 4725 3586 4781 fa-

345 4845 445 4900 καὶ
479 4844 754 4911 ποιοῦντες
799 4842 1160 4915 δικαιοσύνην,
1203 4843 1298 4898 καὶ
1339 4840 1532 4905 νυκτὸς
1579 4839 1674 4893 καὶ⁵
1713 4837 1926 4909 ἡμέρας

2028 4835 2232 4890 cientes
2251 4829 2542 4904 justitiam,
2570 4841 2624 4886 et
2654 4838 2812 4884 nocte
2839 4841 2904 4883 ac
2923 4825 3012 4882 die
3049 4824 3249 4879 bonum
3277 4827 3580 4892 operantcs.

351 4937 643 5000 ποιοῦντες
670 4935 892 5005 ἀγαθόν.

430 5076 479 5108 ﬂ
505 5076 640 5131 Gem
676 5092 818 5139 xm,
849 5073 932 5133 ‘8.
1303 5143 1610 5206 Addenda
1643 5147 1702 5202 et
1747 5134 2126 5217 corrigenda
2163 5149 2236 5194 ex
2271 5149 2410 5194 coo.
2448 5127 2644 5190 ValiCo

427 5289 510 5357 (1)
535 5289 774 5343 Ἔδωκεν
805 5290 1006 5356 αὐτοῖς,
1044 5297 1150 5346 etc.
2097 5279 2262 5357 (ρ)
2285 5277 2395 5357 διὰ.
2408 5277 2507 5345 τῆς
2533 5272 2901 5344 κινναϐάρεως
2931 5269 3194 5343 περιέχει.

429 5349 509 5425 ζεδ
547 5361 741 5414 Αὐτοῦ
774 5361 938 5412 deest.
965 5349 1003 5356 ”

926 5399 938 5412 ο
965 5349 1003 5356 "
2097 5350 2174 5425 (ἶ)
2201 5349 2507 5425 simqu-

429 5403 508 5501 255
547 5403 735 5495 Νῗὲἐζ
756 5403 979 5493 ἁξῖέὶὶε.
1009 5429 1077 5483 N.
1105 5429 1194 5492 84,
1230 5428 1321 5483 85.
1361 5426 1454 5480 Ἐκ
1486 5427 1602 5479 τοῦ.

2099 5403 2184 5501 ξεῖ.
2216 5403 2382 5501 Νῑ,⁵-ο
2412 5415 2685 5501 Medae:
2729 5427 2924 5501 ιιεειηθ.
2943 5405 3373 5501 #1389521“.-
3394 5403 3591 5501 falli“

535 5475 979 5562 1955:6335"
1108 5475 1194 5492 ﬂ,
1233 5475 1321 5483 “-
1376 5475 1454 5480 *ἡ
2022 5475 2238 5566 νυκτός,
2262 5475 2452 5542 eth-.6
2478 5475 2695 5554 ἀγαθόν.
2730 5475 2930 5538 Desunt
2962 5480 3054 5534 καὶ
3086 5475 3358 5542 ποιοῦντες
3391 5475 3591 5530 δῖκαιοο

430 5560 510 5641 (5)
547 5560 924 5643 Διαμείνωσιν.
2025 5560 2209 5632 σύνην.

431 5715 513 5788 (a)
555 5715 890 5786 Μετάληψις,
922 5715 1216 5768 communio
1249 5729 1340 5769 seu
1383 5708 1724 5783 partiripatio
1753 5705 2011 5764 Eucharis

1042 5715 1216 5768 munia
1249 5729 1340 5769 seu
1383 5708 1724 5783 partiripatio
1753 5705 2124 5764 Encharistite.
2159 5703 2281 5759 Vid.
2316 5701 2439 5756 Lex.
2479 5699 2623 5754 Snic.
