4004 6212
478 279 608 348 1111
1318 279 1374 334 s.
1417 279 1790 334 ATHANASll
1828 279 1978 336 OPP.
2019 277 2201 336 PARS
2239 278 2325 335 In.
2366 310 2435 322 -
2472 280 2878 339 EXEGETICA.
3574 287 3710 342 ηιξ

541 398 597 454 6.
634 395 898 453 Memento
937 406 1130 462 nostra,
1178 397 1424 463 .Jtimine,
1471 397 1523 450 in
1575 397 1908 467 beneplacito
1951 413 2049 468 po-
2080 402 2122 458 Α

2220 396 2270 450 6.
2312 397 2591 467 Μνήσθητι
2621 396 2798 468 ήμῶν,
2830 396 3016 467 Κύριε,
3047 397 3104 449 ὲν
3134 400 3198 470 τῇ
3229 399 3441 469 εὐδοκία
3465 399 3558 453 τοῦ
3581 402 3707 456 λαοῦ

470 485 583 550 Puli
599 489 688 544 ‘tui
714 506 728 543 :
2138 505 2230 540 σου
2249 505 2265 520 ο

543 583 594 637 7.
641 580 807 645 Visita
839 596 938 636 nos
967 580 1019 638 in
1045 579 1271 636 salutari
1301 588 1417 635 tuo.

2209 581 2262 636 7.
2295 581 2618 652 Ἑπίσκεψαι
2649 582 2794 653 ἡμᾶς
2815 582 2871 634 ὲν
2897 579 2974 651 τῷ
2999 580 3246 652 σωτηρίῳ
3280 597 3393 635 σου.

541 675 594 733 8.
635 676 715 729 Ad
741 674 1024 729 videndum
1055 673 1108 726 in
1136 673 1376 728 bonitate
1403 674 1698 730 electorum
1741 681 1980 740 tuorum,

2205 673 2258 728 8.
2301 673 2406 725 Τοῦ
2449 673 2574 727 ίδεῖν
2607 674 2664 726 ὲν
2696 675 2760 743 τῇ
2795 673 3115 743 χρηστότητι
3143 673 3250 726 τῶν
3283 672 3550 726 ἐκλεκτῶν
3587 689 3705 740 σου,

541 766 592 820 9.
636 765 715 818 Ad
744 763 1032 821 laetandum
1073 762 1127 820 in
1159 763 1344 817 laztitia
1375 763 1550 834 gentis
1580 771 1706 826 tuae.

2211 767 2261 821 9.
2302 765 2406 818 Τοῦ
2427 764 2792 836 εὐφρανθῆναι
2810 767 2866 817 ὲν
2883 767 2946 836 τῇ
2963 764 3264 836 εὐφροσύνῃ
3278 764 3370 818 τοῦ
3389 765 3570 830 ἔθνους
3586 783 3701 831 σου,

541 854 625 924 10.
674 853 742 907 Ut
771 853 1008 907 lauderis
1041 867 1164 907 cum
1207 853 1520 908 haereditate
1547 862 1657 907 tua.

2212 858 2298 912 10.
2341 856 2446 909 Τοῦ
2476 856 2811 912 ἐπαινεῖσθαι
2845 857 2982 928 μετὰ
3007 857 3104 927 τῆς
3130 855 3486 927 κληρονομίας
3516 875 3628 914 σου.

543 947 627 1002 11.
668 944 1016 1000 Peccavimus
1045 960 1168 1000 cum
1202 945 1449 1016 patribus
1493 947 1735 1002 nostris:

2203 949 2290 1002 11.
2337 948 2682 1019 Ἥμάρτομεν
2720 948 2854 1018 μετὰ
2885 947 2989 999 τῶν
3018 946 3266 1017 πατέρων
3294 947 3477 1017 ήμῶν·

543 1039 626 1094 12.
665 1037 866 1108 lnjuste
891 1038 1122 1106 egimus,
1154 1038 1493 1106 iniquitatem
1526 1037 1776 1093 fecimus.

1552 1038 1776 1093 ecimus.
2204 1039 2294 1093 12.
2340 1040 2741 1110 Ἦνομήσαμεν,
2777 1039 3133 1110 ἠδικήσαμεν.

544 1130 627 1184 15.
669 1129 857 1190 Patres
892 1130 1068 1185 nostri
1115 1129 1172 1184 in
1217 1128 1450 1202 Egypto
1498 1145 1605 1184 non
1654 1129 2036 1186 intellexerunt

2205 1132 2293 1186 15.
2325 1133 2387 1186 Oi
2419 1133 2654 1203 πατέρες
2691 1131 2846 1202 ἡμῶν
2893 1131 2950 1184 ὲν
2999 1130 3258 1202 Αἰγύπτῳ
3279 1131 3339 1184 οὐ
3372 1131 3606 1202 συνῆκαν
3632 1129 3702 1183 τὰ

470 1221 734 1288 mirabilia
768 1229 858 1274 tua
892 1238 908 1277 :

2133 1225 2412 1296 θαυμάσιά
2445 1243 2536 1278 σου
2556 1242 2569 1256 ·

542 1313 623 1367 11.
669 1312 788 1368 Non
839 1312 1061 1368 fuerunt
1092 1327 1358 1369 memores
1407 1314 1773 1370 multitudinis
1818 1315 2035 1372 miseri-

2208 1318 2296 1372 14.
2329 1318 2445 1373 Οὐκ
2482 1317 2828 1390 ἐμνήσθησαν
2856 1317 2948 1374 τοῦ
2977 1316 3211 1389 πλήθους
3231 1316 3324 1370 τοῦ
3355 1317 3534 1381 ὲλὲους
3570 1334 3661 1370 σου
3682 1333 3699 1347 ·

467 1407 666 1474 cordize
697 1417 801 1462 tuae
830 1425 844 1461 :

538 1500 624 1556 15.
669 1499 735 1556 Et
760 1500 1106 1555 irritaverunt
1129 1499 1482 1556 ascendentes
1511 1499 1567 1554 in
1589 1514 1737 1556 mare
1767 1499 2032 1556 Rubrum.

2205 1497 2294 1551 15.
2322 1499 2436 1550 Kat
2457 1499 2874 1569 παρεπίκραναν
2900 1495 3275 1560 ἀναϐαίνοντες
3297 1498 3353 1549 ὲν
3373 1499 3439 1567 τῇ
3467 1496 3701 1568 Ἐρυθρᾷ

2135 1589 2398 1662 θαλάσσῃ.

540 1677 626 1734 16.
662 1677 726 1734 Εῑ
751 1679 980 1737 salvavit
1001 1695 1093 1737 eos
1124 1690 1344 1752 propter
1374 1697 1572 1738 nomen
1600 1698 1760 1738 suum
1790 1700 1803 1737 :

2201 1681 2287 1734 16.
2311 1681 2421 1733 Καὶ
2453 1679 2655 1734 ἔσωσεν
2686 1679 2882 1743 αὐτοὺς
2908 1678 3090 1733 ἕνεκεν
3112 1679 3205 1735 τοῦ
3229 1679 3489 1750 ὀνόματος
3512 1678 3693 1734 αὐτοῦ·

539 1772 624 1827 17.
669 1771 738 1827 Ut
771 1783 955 1843 notam
984 1773 1184 1829 faceret
1216 1775 1508 1843 potentiam
1548 1791 1724 1839 suam.
2065 1761 2110 1819 Β

2065 1761 2110 1819 Β
2203 1772 2290 1829 17.
2327 1772 2432 1825 Τοῦ
2461 1773 2722 1842 γνωρίσαι
2747 1771 2846 1844 τὴν
2878 1771 3190 1825 δυναστείαν
3218 1771 3400 1824 αὐτοῦ.

539 1861 625 1916 18.
669 1861 735 1916 Et
777 1863 1044 1936 increpuit
1077 1878 1226 1926 mare
1270 1863 1541 1924 Rubrum.
1593 1873 1648 1918 et
1696 1864 2030 1920 exsiccatum

2196 1864 2281 1918 18.
2326 1864 2438 1919 Καὶ
2467 1864 2764 1936 ἐπετίμησε
2798 1867 2864 1936 τῇ
2903 1864 3138 1937 Ἐρυθρᾷ
3161 1863 3421 1936 θαλάσσῃ,
3449 1863 3541 1918 καὶ
3573 1863 3695 1935 ἐξη-

469 1962 552 2009 est
579 1986 596 2010 ε
1991 1951 2007 1968 '
2134 1957 2300 2028 ράνθη
2317 1973 2330 1987 ⁸

540 2047 626 2102 19.
664 2046 730 2102 Et
757 2047 980 2103 deduxit
1008 2063 1104 2104 eos
1133 2049 1187 2103 in
1220 2047 1417 2120 abysso
1445 2051 1586 2104 sicut
1613 2049 1668 2102 in
1692 2048 1929 2110 deserto.

2203 2051 2288 2104 19.
2318 2049 2428 2102 Καὶ
2455 2048 2736 2119 ὡδήγησεν
2759 2049 2952 2110 αὐτοὺς
2982 2050 3038 2101 ὲν
3058 2046 3274 2118 ἁδύσσῳ
3299 2047 3372 2111 ὡς
3401 2049 3457 2100 ὲν
3485 2049 3690 2121 ἐρήμῳ.

535 2138 627 2195 20.
666 2139 731 2194 Et
756 2141 984 2195 salvavit
1004 2155 1100 2196 eos
1123 2141 1189 2196 dc
1210 2157 1376 2196 manu
1405 2138 2030 2212 odientis[odientium]:

1979 2138 2030 2211 ]:
2199 2141 2291 2195 20.
2325 2142 2437 2194 Καὶ
2469 2140 2668 2194 ἔσωσεν
2700 2141 2896 2204 αὐτοὺς
2929 2143 2992 2193 ἐκ
3023 2140 3201 2213 χειρὸς
3234 2139 3514 2210 μισοῦντος
3540 2155 3557 2171 ·

537 2229 625 2302 21.
673 2231 742 2298 Et
771 2231 1000 2289 redemit
1029 2247 1123 2288 eos
1155 2233 1222 2289 de
1257 2249 1418 2288 manu
1445 2233 1815 2292 inimicorum.

2199 2231 2289 2286 21.
2320 2233 2429 2286 Kal.
2456 2233 2795 2305 ὲλυτρώσατο
2818 2233 3012 2297 αὐτοὺς
3041 2235 3104 2287 ὲκ
3129 2230 3555 2305 χειρδςεὲχθρῶν.

1597 2383 1962 2441 ATHANASII
2005 2383 2580 2455 INTERPRETATIO.

537 2540 591 2601 ϐ.
626 2541 893 2600 Memento
941 2544 1132 2612 nostri,
1186 2544 1432 2610 Domine,
1478 2544 1732 2614 quoniam
1783 2545 1877 2603 tibi
1906 2546 2021 2621 pla-

2199 2546 2251 2601 6.
2297 2543 2576 2618 Μνήσθητι
2626 2546 2800 2619 ἡμῶν,
2839 2545 3031 2617 Κύριε,
3078 2547 3160 2600 ὅτι
3200 2547 3436 2610 εὐδοκεῒς
3482 2545 3574 2600 τοῦ
3605 2545 3693 2597 ὲλ-

469 2638 582 2704 ςμὶι
613 2645 674 2692 ut
702 2638 917 2692 venires
948 2637 1015 2692 ad
1042 2654 1136 2693 eos
1163 2638 1257 2708 qui
1282 2637 1538 2692 credituri
1568 2648 1747 2698 erant.

1584 2648 1747 2698 :rant.
2133 2635 2244 2705 θεῖν
2288 2638 2471 2713 [πρὸς]
2503 2640 2628 2702 τοὺς
2653 2638 3039 2702 πιστεύσοντας
3068 2640 3165 2711 (1).

540 2728 593 2788 7.
643 2727 817 2783 Visita
850 2745 948 2784 nos
989 2729 1238 2784 inlirmos
1262 2729 1315 2783 in
1342 2731 1595 2798 passione
1636 2739 1749 2792 tua.

2206 2731 2256 2785 7.
2282 2729 2602 2800 Ἐπίσκεψαι
2630 2733 2777 2802 ἡμᾶς
2797 2732 2921 2793 τοὺς
2951 2731 3195 2796 ἀσθενεῖς
3225 2734 3283 2784 ὲν
3310 2731 3388 2802 τῷ
3405 2731 3693 2786 πάθεισουο

539 2825 593 2878 8.
631 2821 713 2877 Ad
737 2822 1035 2876 faciendam
1068 2822 1497 2888 misericordiam
1537 2823 1822 2878 nobiscum
1849 2821 1900 2877 in
1925 2822 2025 2877 bo-

2204 2821 2257 2877 8.
2298 2821 2403 2875 Τοῦ
2443 2822 2499 2876 δὲ
2537 2825 2683 2893 ἡμᾶς
2729 2823 2802 2894 (2)
2845 2823 3062 2892 ἐλεῆσαι
3096 2825 3153 2876 ὲν
3190 2827 3256 2898 τῇ
3297 2825 3590 2894 ἀγαθὸτητι
3633 2827 3693 2895 ἣν

472 2917 659 2988 nitate,
685 2929 846 2988 quam
875 2915 1007 2969 facis
1037 2929 1160 2985 erga
1189 2913 1282 2980 Dei
1315 2915 1534 2970 eiectos.

2136 2917 2306 2969 ποιεῖν
2344 2913 2558 2987 [ποιεῖς]
2590 2915 2712 2978 τοὺς
2742 2915 3026 2980 ἐκλεκτοὺς
3048 2915 3140 2970 τοῦ
3169 2915 3323 2971 Θεοῦ.

541 3008 597 3062 9.
643 3006 724 3060 Ad
755 3007 1044 3068 lzetandum
1077 3009 1130 3062 in
1163 3005 1356 3077 gratia,
1388 3022 1550 3076 quam
1579 3007 1788 3078 praebes
1823 3007 2027 3064 sanctis

2203 3007 2256 3062 9.
2294 3006 2398 3062 Τοῦ
2432 3009 2794 3080 εὐφρανθῆναι
2820 3010 2876 3066 ἐν
2905 3012 2969 3080 τῇ
3000 3009 3180 3081 χάριτι
3212 3011 3277 3081 ἣν
3333 3009 3696 3082 (5).παρέχεις

471 3099 600 3156 tuis.

2058 3087 2102 3146 C
2131 3102 2244 3164 τοῖς
2267 3101 2443 3168 ἁγίοις
2468 3118 2582 3158 σου.

543 3189 632 3244 10.
675 3195 741 3246 Ut
781 3188 928 3260 digni
977 3187 1272 3243 elIiciamur
1317 3189 1649 3246 beatitudine
1694 3205 1907 3257 eorum,
1936 3191 2031 3263 qui

2203 3191 2287 3246 10.
2321 3192 2425 3246 Τοῦ
2480 3193 2774 3266 ἀξιωθῆναι
2821 3195 3306 3267 μακαριασμοῦμ)
3352 3197 3460 3250 τῶν
3507 3199 3695 3268 εὐαρε-

469 3281 823 3352 beneplacent
857 3281 973 3336 tibi.

2133 3285 2446 3356 στησάντων
2471 3304 2571 3339 σοι.

542 3374 629 3435 11,
665 3373 752 3428 12.
785 3372 894 3428 Nos
933 3382 984 3428 et
1017 3382 1198 3444 patres
1237 3374 1408 3431 nostri
1445 3374 1820 3449 cruciligentes
1846 3387 1896 3432 te
1928 3376 2028 3431 ini-

2201 3375 2392 3440 11,12.
2424 3379 2616 3447 Ἡμεῖς
2643 3377 2736 3431 καὶ
2764 3379 2811 3431 οἱ
2841 3380 3075 3450 πατέρες
3103 3380 3257 3452 ήμῶν
3283 3382 3332 3438 οἱ
3358 3382 3696 3454 σταυρώσαν-

469 3479 574 3534 que
599 3465 831 3535 egimus.

2128 3465 2220 3528 τές
2251 3483 2308 3518 σε
2338 3468 2512 3538 ὴνομή
2522 3485 2711 3538 σαμεν.

539 3557 626 3610 15.
675 3555 864 3614 Patres
911 3558 1105 3626 nostri,
1148 3572 1273 3616 cum
1320 3559 1373 3627 in
1406 3558 1640 3613 tenebris
1669 3569 1874 3626 essent,
1923 3576 2030 3616 non

2200 3556 2285 3611 15.
2321 3558 2382 3609 Οἱ
2409 3557 2642 3629 πατέρες
2671 3558 2825 3629 ἡμῶν
2863 3560 2919 3612 ὲν
2944 3559 3020 3627 (5)
3063 3561 3245 3615 σκότει
3284 3560 3436 3624 ὄντες
3475 3562 3536 3614 οὐ
3577 3579 3695 3616 συν-

469 3648 844 3704 iutellexerunt
873 3635 1295 3721 magnitudinem
1325 3650 1708 3706 misericordia:
1731 3660 1860 3708 tua).

1845 3693 1860 3708 ,
2129 3645 2268 3715 ἧκαν
2295 3646 2392 3716 τὴν
2425 3646 2726 3718 ὑπερϐολὴν
2754 3647 2853 3718 τῆς
2882 3647 3280 3718 εὐσπλαγχνίας
3305 3666 3417 3703 σου.

541 3740 626 3813 14.
663 3739 781 3803 Non
827 3744 1092 3810 recordati
1135 3753 1262 3799 sunt
1305 3742 1690 3810 immensitatis
1721 3744 2030 3802 misericor-

2206 3737 2286 3792 14.
2319 3738 2431 3791 Οὐκ
2463 3738 2808 3809 ἐμνήσθησαν
2832 3740 2894 3792 τὸ
2927 3741 3230 3812 ἀμέτρητον
3267 3740 3342 3813 (6)
3370 3741 3553 3804 ἐλέους
3584 3758 3691 3804 σου,

467 3833 568 3887 dia:
591 3841 718 3899 tuae,
745 3835 836 3905 qui
863 3851 986 3890 cum
1018 3835 1158 3890 Deus
1186 3851 1357 3902 esses,
1381 3834 1634 3905 dignatus
1666 3851 1726 3892 es
1753 3837 2030 3900 hominem

2129 3826 2210 3878 ὅτι
2234 3827 2364 3890 Θεὸς
2389 3826 2463 3879 ὢν
2487 3827 2723 3896 ἠξίωσας
2755 3830 3036 3902 ἄνθρωπος
3061 3831 3329 3902 γενέσθαι,
3352 3834 3446 3886 καὶ
3471 3833 3695 3904 ὀφθῆναι

467 3922 602 3993 ﬁeri,
637 3933 691 3981 et
715 3926 1047 3999 manil‘estari
1071 3927 1401 3993 hominibus,

1019 3927 1047 3980 ’ἰ
1071 3927 1401 3993 hominibus,
2131 3921 2242 3982 τοῖς
2277 3919 2600 3990 ἀνθρώποις.

537 4014 624 4069 15.
665 4014 732 4070 Ει
758 4027 939 4085 mente
968 4018 1093 4076 elati
1121 4019 1473 4089 irritaverunt
1511 4029 1562 4075 te
1603 4019 1881 4075 mundana
1915 4030 2030 4076 tur—

2201 4011 2288 4066 15.
2343 4011 2453 4063 Καὶ
2502 4013 2916 4082 παρεπίκρανάν
2979 4031 3036 4067 σε
3081 4015 3429 4088 ἐπαιρόμενοι
3481 4020 3546 4089 τῇ
3586 4017 3693 4071 δια-

466 4106 730 4194 pitudine.

2128 4103 2247 4174 νοία
2279 4105 2338 4155 ὲν
2369 4102 2444 4172 (7)
2467 4105 2532 4173 τῇ
2564 4104 2792 4176 αἰσχύνῃ
2817 4105 2912 4158 τοῦ
2940 4107 3163 4178 κόσμου.

536 4197 622 4251 16.
666 4198 731 4252 Et
755 4214 946 4254 eorum
993 4199 1261 4268 inﬁrmos,
1291 4210 1385 4256 aut
1415 4217 1444 4256 a
1480 4201 1698 4264 diabolo
1743 4217 2030 4274 possessas

2203 4194 2286 4252 16.
2345 4193 2456 4262 Καὶ
2497 4195 2620 4259 τοὺς
2663 4196 3020 4262 ἀσθενοῦντας
3062 4201 3273 4264 αὐτῶν,
3323 4203 3355 4271 ῆ
3400 4201 3689 4254 καταδυνα-

466 4290 692 4346 salvavit
733 4301 950 4362 propter
979 4293 1365 4364 benignitatem
1412 4295 1653 4367 nominis
1682 4295 1785 4350 sui.

2131 4285 2486 4356 στευομένους
2525 4285 2629 4339 ὑπὸ
2661 4285 2753 4339 τοῦ
2798 4288 3041 4342 διαὸόλου
3090 4290 3260 4344 ἔσωσε
3302 4291 3390 4345 διὰ
3434 4292 3496 4344 τὸ
3533 4292 3690 4361 ὄνομα

2131 4377 2292 4432 αὐτοῦ
2323 4377 2382 4431 τὸ
2412 4378 2806 4451 φιλάνθρωπον.

534 4468 621 4534 17.
672 4466 742 4523 Ut
770 4471 1079 4527 ostenderet
1120 4473 1253 4543 ipsis
1279 4490 1432 4530 suam
1468 4474 1790 4545 potentiam.
2058 4438 2104 4496 ο

2058 4438 2104 4496 D
2204 4471 2290 4524 17.
2325 4438 2440 4524 Ἵνα
2473 4438 2760 4544 φανερώσῃ
2787 4473 2967 4535 αὐτοῖς
2992 4473 3089 4545 τὴν
3115 4475 3265 4545 ἰσχὺν
3290 4473 3474 4528 αὐτοῦ.

536 4559 621 4614 18.
670 4559 737 4614 Et
796 4562 1067 4632 increpuit
1112 4565 1280 4620 verbo
1335 4565 1524 4636 gratiae
1576 4582 1690 4622 suae
1747 4574 2030 4637 peccatum

2202 4563 2289 4617 18.
2323 4564 2436 4617 Καὶ
2461 4564 2759 4635 ἐπετίμησε
2789 4565 2876 4618 διὰ
2906 4564 3001 4619 τοῦ
3033 4565 3189 4635 λόγου
3217 4565 3316 4635 τῆς
3344 4567 3565 4640 χάριτος
3597 4566 3686 4618 αὐ⁶

465 4651 672 4718 mundi,
701 4662 754 4706 et
779 4655 1128 4710 mortiﬁcavit
1157 4657 1308 4711 illud.

2127 4655 2220 4709 τοῦ
2251 4658 2315 4726 τῇ
2341 4656 2583 4728 ἁμαρτίᾳ
2607 4656 2699 4710 τοῦ
2731 4657 2956 4729 κόσμου’,
2981 4659 3075 4712 καὶ
3113 4659 3410 4730 ὲνέκρωσεν
3435 4661 3619 4732 αὐτήν.

535 4742 621 4796 19.
662 4742 729 4796 Et
754 4746 1038 4814 credentes
1071 4748 1122 4801 ei
1157 4747 1384 4804 deduxit
1411 4749 1464 4804 in
1491 4749 1786 4820 baptismo,
1823 4752 1875 4806 in
1907 4751 2030 4806 illu-

2199 4749 2286 4817 19.
2336 4749 2448 4801 Καὶ
2486 4750 2614 4812 τοὺς
2653 4749 3009 4814 πιστεύοντας
3045 4751 3190 4821 αὐτῴ
3226 4751 3509 4822 ὡδήγησεν
3537 4753 3592 4804 ὲν
3617 4750 3683 4820 τῷ

466 4837 761 4895 minatione
790 4849 850 4894 ut
877 4841 1019 4896 ﬁlios
1049 4842 1210 4898 Israel
1237 4844 1293 4898 in
1327 4859 1532 4902 eremo.

2131 4839 2500 4911 βαπτίσματι,
2535 4841 2592 4894 ὲν
2637 4842 2899 4913 φωτισμῷ
2939 4841 3014 4906 ὡς
3047 4843 3172 4906 τοὺς
3209 4843 3358 4906 υἱοὺς
3404 4843 3612 4915 Ἰσραὴλ
3635 4846 3683 4895 ἐν

2129 4929 2195 4997 τῇ
2231 4929 2440 4998 ὲρήμιρο

530 5021 620 5096 20,
653 5021 743 5078 21.
785 5021 1097 5093 Baptismus
1124 5025 1396 5106 principes
1421 5025 1634 5084 Satanae
1654 5029 2022 5100 mortiﬁcavit.

2441 5017 2520 5106 _(8)
2561 5017 2633 5068 Τὸ
2679 5018 2956 5091 βάπτίσμα
2997 5021 3120 5085 τοὺς
3165 5022 3430 5094 ἄρχοντας
3463 5023 3555 5076 τοῦ
3592 5022 3680 5076 Σα-

2133 5105 2269 5156 τανᾶ
2298 5102 2650 5165 ἐθανάτωσεν.

1409 5278 1714 5342 Addenda
1746 5287 1806 5343 et
1832 5284 2209 5364 corrigenda
2242 5303 2322 5347 ex
2359 5289 2502 5350 cod.
2533 5292 2733 5356 Vatic.
2847 5333 2852 5338 -

558 5417 611 5510 1
633 5416 869 5510 vgxgezv,‘
888 5422 1178 5510 καὶησῶσαι
1205 5426 1329 5510 θεοὺς
1355 5424 1704 5510 πιστεύοντάς
1744 5445 1846 5510 σοιά.
2201 5433 2274 5502 (6)
2305 5437 2592 5510 Ἀμετρον.

649 5489 758 5576 I25
784 5491 877 5544 καὶ
895 5493 1180 5562 ἡμᾶςνθιθο
1273 5498 1445 5558 ποιεῖς
1467 5499 1578 5560 τοῖς
1600 5497 1887 5569 ἐκλεκτοῖς,
1917 5509 2020 5557 etc.
2308 5488 2691 5576 Διὰνόίξιᾏςάτά
2723 5511 2837 5572 σοῦ,
2873 5512 2951 5574 ἐν,
2983 5520 3088 5566 etc.

2182 5558 2293 5657 λε’),
2317 5558 2388 5630 Ν.
2420 5558 2532 5642 eo",
2551 5558 2690 5646 "ei,"
2705 5558 3088 5653 genera;
3106 5581 3170 5639 N.
3213 5583 3304 5640 εδ.
3339 5583 3547 5648 Πάντας
3586 5578 3677 5648 γὰρ

639 5626 748 5715 Σοῦ
786 5633 1151 5715 μακαρισμοῦ.
2136 5626 2455 5715 αὐτοῦξὲιέ

535 5695 612 5774 (5)
639 5695 726 5750 Ἐν
754 5695 848 5770 τῷ,
889 5695 993 5755 etc.
