4004 6212
311 272 460 329 1115
1233 278 1320 333 DE
1359 279 1638 336 TITULIS
1675 282 2124 340 PSALMORUM.
2163 317 2233 330 --
2263 283 2459 341 PSAL.
2498 283 2611 340 CV.
3413 290 3555 350 “ﬂ

380 394 470 448 22.
507 392 804 462 Ἐκάλυψεν
834 392 977 464 ὕδωρ
1007 395 1132 457 τοὺς
1159 394 1438 460 θλίϐοντας
1462 397 1688 461 αὐτούς·
1797 461 1804 468 ο
1914 407 1954 461 Α

1515 397 1688 461 ὅτούς·
1797 461 1804 468 ο
1914 407 1954 461 Α
2055 397 2146 454 22.
2190 398 2414 466 Operuit
2443 413 2584 468 aqua
2617 395 2934 453 tribulantes
2961 413 3096 458 eos:

386 485 478 538 25.
506 477 600 546 Εἷς
632 482 690 547 ἐξ
718 484 894 536 αὐτῶν
919 485 1016 553 οὐχ
1041 484 1358 555 ὑπελείφθη.

2051 491 2143 547 25.
2184 489 2338 545 Unus
2373 506 2440 544 ex
2472 491 2551 545 eis
2583 505 2692 544 non
2724 492 3003 546 remansit.

383 574 474 629 24.
510 575 618 628 Kal
644 574 964 629 ἐπίστευσαν
989 575 1066 646 τῷ
1096 576 1238 648 λόγῳ
1265 577 1452 633 αὑτοῦ.

2054 583 2142 637 24.
2190 582 2256 637 Ει
2284 583 2632 638 crediderunt
2654 583 2818 638 verbo
2849 584 2970 653 ejus
2997 582 3225 656 [verbis]
3255 603 3271 640 :

378 663 471 720 25.
499 665 610 718 Kal
638 659 776 738 ᾖσαν
800 664 898 736 τὴν
925 667 1128 719 αῖνεσιν
1153 666 1340 722 αὐτοῦ.

2051 674 2144 730 25.
2195 673 2262 728 Et
2297 675 2613 729 cecinerunt
2651 674 2865 730 laudem
2906 674 3284 746 [laudaverunt
3311 676 3550 752 laudem]

1984 781 2120 838 epis.

383 841 474 895 26.
515 840 828 912 Ἐτόιχυναν,
859 843 1180 898 ἐπελάθοντο
1203 845 1311 900 τῶν
1337 847 1512 918 ἔργων
1543 848 1706 902 αὑτοῦ
1727 865 1741 879 ·

2054 858 2146 913 26.
2190 857 2312 913 Cito
2345 857 2613 924 fecerunt,
2643 858 2798 913 obliti
2833 866 2960 914 sunt
2987 873 3211 930 operum
3249 858 3407 930 ejus:

388 931 478 985 27.
507 933 617 1002 Οὐχ
641 933 933 1002 ὑπέμειναν
957 933 1056 1006 τὴν
1091 935 1281 1007 βουλὴν
1313 937 1500 992 αὐτοῦ.

2059 951 2146 1004 27.
2187 951 2250 1006 Et
2291 967 2400 1006 non
2431 951 2810 1007 sustinuerunt
2841 951 3130 1006 consilium
3169 949 3311 1021 ejus.

384 1024 477 1080 28.
507 1027 616 1078 Kal
648 1024 998 1097 ἐπεθύμησαν
1024 1028 1316 1100 ἐπιθυμίαν
1347 1033 1403 1083 ἑν
1433 1034 1497 1102 τῇ
1530 1032 1744 1104 ἐρήμῳ·
1773 1024 1782 1040 ’

2053 1043 2141 1098 28.
2184 1043 2249 1098 Et
2272 1043 2664 1113 concupierunt
2689 1043 3186 1113 concupiscentiam
3213 1041 3268 1095 in
3300 1042 3547 1097 deserto;

383 1115 474 1170 29.
504 1117 612 1169 Kal
638 1116 929 1187 ἐπείρασαν
960 1118 1048 1171 τὸν
1077 1120 1207 1173 Θεὸν
1231 1123 1289 1174 ἑν
1323 1122 1556 1194 ἀνύδρῳ.

2054 1134 2146 1192 29.
2184 1134 2248 1188 Et
2281 1142 2631 1190 tentaverunt
2669 1133 2835 1188 Deum
2882 1135 2936 1188 in
2985 1133 3272 1204 inaquoso.

387 1209 478 1263 50.
514 1211 622 1263 Kal
655 1210 853 1264 ἔδωκεν
883 1211 1064 1274 αὐτοῖς
1092 1211 1153 1264 τὸ
1187 1214 1392 1285 αἴτημα
1422 1214 1599 1268 αὐτῶν
1621 1231 1636 1246 ’

2053 1225 2140 1280 50.
2194 1224 2260 1280 Ει
2291 1226 2439 1281 dedit
2465 1227 2546 1281 eis
2580 1227 2894 1295 petitionem
2931 1227 3172 1295 ipsorum
3205 1245 3218 1281 :

388 1300 478 1354 51.
520 1301 891 1368 Ἐξαπέστειλε
917 1303 1234 1377 πλησμονὴν
1261 1309 1338 1370 είς
1363 1306 1458 1369 τὰς
1479 1307 1656 1378 ψυχὰς
1685 1306 1880 1362 αὐτῶν.

1690 1306 1880 1362 αὐτῶν.
2053 1314 2142 1370 51.
2194 1314 2340 1370 Misit
2367 1315 2701 1370 saturitatem
2731 1315 2785 1368 in
2819 1315 3033 1370 animas
3062 1331 3271 1377 eorum.

382 1392 471 1445 52.
501 1393 609 1446 Kal
633 1393 988 1466 παρώργισαν
1003 1395 1093 1450 τὸν
1118 1399 1351 1468 Μωῦοῆν
1371 1399 1425 1449 ἐν
1439 1399 1506 1468 τῇ
1540 1399 1881 1470 παρεμϐολῇ,

1635 1399 1881 1470 >εμ6ολῇ,
2051 1402 2142 1456 52.
2183 1403 2247 1458 Ει
2272 1403 2619 1458 irritaverunt
2648 1403 2865 1475 Moysen
2895 1405 2950 1458 in
2984 1407 3180 1462 castris
3199 1444 3216 1470 ,

382 1486 474 1539 55.
504 1486 604 1539 Τὸν
631 1487 707 1557 (a)
742 1487 952 1560 Ἀαρὼν
983 1489 1074 1542 τὸν
1107 1490 1262 1558 ἅγιον
1294 1489 1521 1561 Κυρίου.

2053 1496 2142 1550 55.
2186 1495 2366 1551 Aaron
2401 1509 2651 1553 sanetum
2684 1497 2922 1554 Domini.
3369 1551 3378 1572 ,

384 1578 473 1631 54.
515 1579 760 1651 Ἦνοίχθη
795 1583 826 1651 ἡ
859 1582 950 1652 γῆ,
978 1582 1070 1636 καὶ
1103 1583 1331 1636 κατέπιε
1355 1583 1564 1636 Δαθάνσ

2055 1589 2142 1644 54.
2185 1589 2386 1661 Aperta
2406 1604 2489 1646 est
2520 1601 2682 1659 terra,
2709 1602 2761 1646 ct
2783 1593 3065 1662 deglutivit
3088 1588 3298 1645 Datlian
3326 1610 3339 1645 :

381 1671 472 1725 55.
504 1673 611 1726 Kal
640 1673 903 1743 ἐκάλυψεν
929 1675 1018 1729 ἐπὶ
1041 1674 1137 1745 τὴν
1163 1675 1481 1746 συναγωγὴν
1515 1675 1790 1748 Ἀϐειρὼν.

2053 1681 2142 1736 55.
2182 1683 2248 1737 Ει
2274 1685 2489 1754 operuit
2515 1700 2677 1754 super
2703 1687 3177 1756 congregationem
3216 1684 3443 1739 Ahiron.

382 1762 470 1817 56.
512 1765 622 1818 Kal
648 1765 915 1836 ἐξεκαύθη
951 1765 1061 1838 πῦρ
1091 1768 1148 1819 ἐν
1181 1769 1245 1837 τῇ
1281 1770 1569 1839 συναγωγῇ
1596 1766 1775 1822 αὐτῶν
1795 1783 1809 1800 ⁸

1742 1783 1809 1821 ν*
2056 1769 2146 1830 56.
2187 1771 2252 1826 Ει
2273 1775 2478 1830 exarsit
2521 1775 2664 1846 ignis
2705 1775 2761 1830 in
2794 1790 3064 1846 synagoga
3094 1791 3280 1830 eorum
3305 1816 3323 1832 .

387 1857 478 1911 57.
504 1857 638 1923 Φλὸξ
669 1857 997 1929 κατέφλεξεν
1023 1858 1399 1930 ἁμαρτωλούς.
1920 1858 1963 1913 Β

1920 1858 1963 1913 Β
2069 1862 2161 1920 57.
2200 1863 2440 1920 Flamma
2465 1867 2766 1923 combussit
2805 1876 3138 1936 peccatores.

387 1999 459 2074 (a)
493 2002 594 2055 Τόν
622 2003 793 2058 deest.

1428 2157 1810 2216 ATHANASII
1849 2156 2438 2218 INTERPRETATIO.

383 2317 478 2383 22,
501 2318 592 2373 25.
616 2318 831 2382 Πάντας
858 2315 966 2390 γάρ
991 2316 1306 2390 συνέτριψεν
1327 2316 1421 2372 ἐπὶ
1449 2317 1542 2371 τοῦ
1569 2317 1780 2382 ὓδατος.

1688 2336 1780 2382 τος.
2051 2315 2142 2382 22,
2182 2317 2273 2372 25.
2326 2315 2531 2371 Omnes
2556 2315 2703 2370 enim
2731 2314 2985 2370 contrivit
3015 2313 3068 2368 in
3110 2329 3269 2384 aqua.

385 2407 478 2462 24.
518 2408 582 2460 Oi
613 2405 998 2476 βαπτισθέντες
1030 2407 1354 2462 ἑπίστευσαν
1379 2410 1492 2471 τοῖς
1523 2407 1730 2481 ῥηθεῖσι
1757 2409 1888 2480 παρ’

2051 2409 2142 2465 24.
2179 2408 2444 2479 Baptizati
2500 2415 2684 2462 autem
2739 2406 3088 2462 crediderunt
3132 2422 3193 2460 ea
3246 2421 3368 2475 qua:
3409 2405 3551 2460 dicta

314 2497 483 2556 αὐτοῦ
523 2500 580 2553 ἐν
610 2501 720 2562 τοῖς
744 2498 1097 2567 Εὑαγγελίοις
1123 2499 1252 2569 περὶ
1275 2498 1374 2570 τῆς
1399 2497 1764 2571 ἀποκειμένης
1789 2497 1890 2568 βα-

1983 2500 2189 2556 suntin
2219 2499 2526 2570 Evangeliis
2551 2499 2618 2554 de
2643 2513 2810 2570 regno
2840 2499 3124 2562 caelorum,
3154 2498 3298 2567 quod
3343 2496 3424 2552 eis
3470 2513 3554 2551 re-

312 2589 522 2654 σιλείας
547 2590 653 2643 τῶν
683 2591 946 2660 οὐρανῶν.

762 2591 946 2658 ρανῶν.
1983 2594 2217 2666 positum
2241 2602 2343 2649 est.

387 2682 477 2736 25.
513 2684 624 2737 Kal
651 2681 905 2749 ἐδόξασαν
934 2683 1118 2738 αὐτόν.

1989 2705 2030 2759 ς
2058 2685 2149 2741 25.
2190 2685 2256 2740 Ει
2281 2685 2722 2755 gloriﬁcaverunt
2743 2698 2889 2740 eum.

383 2771 473 2826 26.
514 2773 571 2826 Ὀ
600 2773 722 2836 λαὸς
755 2773 862 2826 τῶν
897 2773 1163 2826 Ἰουδαίων

2055 2777 2148 2833 26.
2196 2776 2436 2847 Populus
2471 2775 2803 2830 Juda'orutn.

385 2862 472 2915 27.
507 2863 580 2915 Οὐ
607 2863 880 2935 διέμειναν
916 2865 974 2918 ἑν
995 2863 1072 2936 τῷ
1098 2865 1245 2935 νόμῳ
1293 2863 1386 2918 καί
1412 2866 1532 2927 ταῖς
1558 2865 1763 2933 φωναῖς
1781 2864 1890 2916 τῶν

2059 2869 2151 2924 27.
2193 2867 2309 2924 Non
2341 2875 2756 2938 permanserunt
2795 2867 2850 2921 in
2879 2867 2996 2938 lege
3046 2873 3101 2921 et
3137 2865 3295 2920 dictis
3325 2862 3555 2934 prophe-

312 2956 630 3028 προφητῶν.

609 2980 630 3009 ‘-
1989 2973 2190 3018 tarum.

380 3045 475 3102 28.
529 3049 641 3102 Kal
691 3046 888 3118 μᾶλλον
934 3047 1226 3119 ἠγάπησαν
1281 3047 1382 3118 τὴν
1445 3045 1745 3100 ἀπόλαυσιν
1792 3045 1885 3103 τοῦ
1936 3123 1943 3124 7

2059 3053 2148 3108 28.
2189 3051 2257 3107 Et
2281 3051 2454 3124 magis
2489 3051 2797 3108 dilexerunt
2828 3050 3016 3106 mundi
3051 3049 3214 3117 hujus
3236 3045 3552 3102 oblectatio-

313 3138 521 3211 κόσμου
550 3140 760 3196 τούτου.

556 3140 760 3196 τούτου.
1917 3123 1959 3181 C
1992 3159 2137 3198 nem.

383 3232 473 3287 29.
504 3233 612 3286 Kal
649 3233 946 3304 ἐπείρασαν
977 3233 1069 3285 τὸν
1099 3233 1230 3286 Θεὸν
1267 3234 1324 3285 ἐν
1356 3234 1475 3294 ταῖς
1511 3231 1758 3302 καρδίαις
1792 3232 1890 3285 αὐ-

2057 3236 2146 3291 29.
2188 3233 2254 3290 Et
2308 3243 2655 3290 tentaverunt
2730 3235 2900 3291 Deum
2973 3236 3028 3290 in
3063 3236 3322 3291 cordibus
3365 3249 3553 3289 eorum

311 3321 422 3377 τῶν
466 3327 584 3388 ταῖς
631 3324 704 3395 μὴ
743 3324 991 3394 ἐχούσαις
1041 3327 1199 3394 χάριν
1229 3323 1364 3377 Θεοῦ
1387 3361 1403 3388 ,
1436 3323 1682 3392 λέγοντες
1711 3323 1886 3395 αὐτῷ’

1989 3327 2214 3397 gratiam
2245 3325 2339 3380 Dei
2373 3340 2479 3380 non
2515 3327 2863 3392 habentibus,
2909 3326 3158 3382 dicentes
3200 3325 3302 3395 ipsi
3331 3343 3344 3381 :
3391 3323 3553 3378 Votu-

310 3415 567 3483 Σημεῖόν
592 3416 848 3484 θέλομεν
879 3416 1027 3470 ἰδεῖν
1053 3415 1171 3470 ἀπὸ
1202 3417 1340 3471 σοῦ.

1206 3417 1340 3471 σοῦ.
1989 3435 2104 3472 ntus
2132 3435 2164 3471 a
2202 3427 2248 3472 te
2277 3421 2484 3489 signant
2499 3419 2669 3473 videre
2701 3421 2787 3472 η’.

385 3505 474 3560 50.
507 3509 684 3578 Ὅπερ
719 3509 794 3579 (l)
831 3507 1120 3578 ἠθέλησαν.

1111 3549 1120 3562 .
2061 3510 2150 3564 50.
2195 3509 2350 3576 Quod
2386 3510 2692 3565 voluerunt.

384 3594 475 3650 5|.
519 3596 612 3649 Ἐκ
638 3596 742 3649 τῶν
788 3597 950 3652 πέντε
989 3596 1064 3667 (2)
1099 3596 1301 3666 ἄρτων,
1336 3597 1430 3650 καὶ
1470 3595 1631 3651 πάλιν
1669 3597 1734 3648 ἐκ
1780 3595 1888 3648 τῶν

2059 3603 2149 3657 51.
2188 3601 2440 3672 Quinque
2469 3603 2718 3672 panibus,
2750 3615 2804 3658 et
2839 3617 3032 3658 rursus
3096 3609 3299 3670 septem
3344 3598 3558 3655 satiavit

312 3686 453 3740 ἑπτὰ
483 3687 773 3759 ἑχόρτασεν
803 3688 1020 3752 αὐτούς.

598 3705 773 3742 ιτασεν
803 3688 1020 3752 αὐτούς.
1987 3708 2082 3748 eos
2117 3693 2179 3753 ,‘7.

419 3778 475 3844 2,
513 3781 600 3834 55.
665 3781 740 3851 (5)
784 3782 894 3834 Kal
940 3780 1234 3851 ἐπέμειναν
1307 3779 1732 3851 παροργίζοντες
1797 3779 1890 3833 τὸν

2057 3784 2146 3849 52,
2192 3785 2281 3840 55.
2324 3785 2390 3838 Et
2421 3795 2904 3854 perseveraverunt
2946 3784 3224 3838 irritantes
3256 3779 3452 3835 Filium
3502 3780 3556 3832 in

314 3870 443 3926 Υίδν
483 3872 540 3923 ἑν
573 3871 650 3943 τῷ
679 3873 890 3943 κόσμῳ.
924 3871 1186 3941 Μωϋσῆς
1213 3871 1320 3943 γὰρ
1353 3871 1708 3942 ἑρμηνεύεται
1741 3871 1884 3926 ἀνά-

1987 3876 2211 3930 mundo.
2249 3876 2456 3946 Moyses
2479 3877 2622 3931 enim
2655 3877 3041 3944 interpretatur
3068 3874 3380 3942 assumptio,
3412 3873 3555 3941 quod

309 3965 535 4029 ληψις,
578 3963 713 4035 ὅπερ
739 3964 886 4019 ἐστὶν
927 3966 957 4020 ὁ
994 3965 1120 4029 re;
1148 3964 1240 4019 τοῦ
1266 3964 1424 4030 Θεοῦ,
1453 3965 1726 4035 ἀνελήφθη
1758 3965 1884 4034 γάρ.

1987 3970 2241 4023 convenit
2265 3969 2360 4022 Dei
2390 3967 2548 4031 Filio,
2577 3969 2670 4037 qui
2704 3977 3018 4038 assumptus
3048 3975 3149 4021 est.
3185 3969 3361 4019 Aaron
3394 3963 3560 4018 inter-

325 4053 540 4122 Ἀαρὼν
573 4055 931 4127 ἑρμηνεύεται
958 4057 1096 4126 ὅρος
1130 4057 1434 4126 δυνάμεως
1457 4074 1472 4089 ·
1502 4056 1591 4110 τὸν
1627 4052 1718 4110 οὖν
1761 4055 1887 4109 Υίὸν

1990 4066 2230 4125 pretatur
2277 4074 2424 4110 mons
2479 4058 2724 4112 virtutis:
2779 4057 2964 4126 itaque
3011 4056 3281 4125 signiﬁcat
3320 4053 3416 4108 Dei
3465 4051 3559 4105 Fi-

310 4145 408 4198 τοῦ
438 4145 573 4199 Θεοῦ
597 4146 766 4215 λέγει,
800 4149 889 4201 τὸν
913 4149 1054 4204 κατά
1081 4147 1242 4220 φύσιν
1266 4149 1442 4217 ἆγιον.

1986 4148 2142 4213 lium,
2170 4148 2262 4218 qui
2298 4149 2596 4203 secundum
2628 4157 2876 4202 naturam
2911 4159 3133 4202 sanctus
3172 4154 3278 4201 est.

386 4238 475 4292 54.
519 4240 767 4310 Ἥνοίχθη
797 4241 828 4310 ὴ
855 4240 998 4312 ψυχὴ
1029 4241 1136 4294 τῶν
1166 4241 1534 4294 ἀπειθούντων
1566 4257 1642 4308 τῳ
1673 4237 1884 4308 Κυρίῳ,

2057 4238 2145 4292 54.
2195 4237 2394 4308 Aperta
2421 4248 2503 4292 est
2552 4239 2733 4293 anima
2772 4254 2880 4292 non
2931 4237 3418 4306 obtemperantium
3453 4235 3561 4289 Do-

310 4331 407 4384 κα).
436 4330 626 4386 ἐλαϐεν
655 4335 880 4396 ἑαυτοὺς
905 4336 1003 4404 τὴν
1026 4335 1298 4408 ἁμαρτίαν
1327 4333 1383 4406 [ἡ
1403 4331 1666 4404 ἁμαρτία]
1685 4331 1882 4385 αὑτῶνσ

1986 4329 2156 4389 mino.
2182 4337 2239 4382 et.
2264 4337 2543 4398 peccatum
2574 4345 2760 4384 eorum
2787 4329 3027 4398 suscepit
3058 4330 3241 4399 ipsos;
3281 4343 3408 4382 nam
3437 4327 3553 4381 Da—

308 4422 510 4476 Δαθὰν
538 4423 644 4495 γάρ
677 4426 878 4492 κρίσις
909 4425 1196 4496 δεδομένη
1233 4423 1593 4497 ἑρμηνεύεται
1624 4425 1721 4493 (4).

1497 4441 1593 4476 ιται
1624 4425 1721 4493 (4).
1923 4465 1964 4518 D
1994 4423 2120 4477 than
2148 4421 2412 4490 judicium
2440 4423 2626 4474 datum
2671 4423 3078 4491 interpretatur.

383 4514 474 4568 55.
540 4517 803 4584 Ἆόειρὼν
877 4517 1239 4589 ἑρμηνεύεται
1291 4516 1560 4584 πατέρων
1610 4513 1888 4583 ὑψηλῶν.
1924 4507 1960 4518 ν

2063 4513 2151 4568 55.
2187 4513 2388 4597 Αρὶνθη
2422 4513 2812 4582 interpretatur
2859 4521 3010 4580 pater
3059 4508 3315 4566 excelsus.
3364 4507 3563 4564 Pecca-

325 4604 622 4675 Ἐκάλυψεν
663 4604 755 4661 οὖν
801 4609 833 4678 ἡ
884 4609 1130 4678 ἁμαρτία
1184 4607 1282 4679 τὴν
1317 4606 1638 4676 συναγωγὴν
1685 4604 1745 4658 τὸ
1795 4604 1890 4674 μὲν

1991 4611 2104 4656 tum
2164 4604 2331 4672 igitur
2383 4603 2672 4672 cooperuit
2727 4617 3058 4674 synagogam
3126 4611 3284 4656 antea
3339 4598 3559 4654 Patrum

310 4694 530 4764 πρῶτον
577 4698 686 4752 τῶν
739 4699 1000 4770 Πατέρων
1053 4699 1162 4754 τῶν
1207 4700 1400 4769 ἁγίων,
1458 4697 1748 4769 [δεύτερον
1799 4693 1891 4766 δὲ]

1990 4704 2327 4761 sanctorum,
2360 4705 2415 4749 et
2441 4695 2632 4750 deinde
2672 4695 2976 4764 principum
3017 4709 3229 4752 eorum.
3257 4692 3352 4762 qui
3381 4707 3561 4748 excae-

308 4788 421 4840 τῶν
445 4789 719 4859 ἀρχόντων
750 4791 824 4862 (5)
854 4791 963 4846 τῶν
990 4791 1432 4862 τετυφλωμένων.

694 4809 719 4843 ν
750 4791 824 4862 (5)
854 4791 963 4846 τῶν
990 4791 1432 4862 τετυφλωμένων.
1991 4786 2098 4840 cati
2129 4795 2275 4840 sunt.

384 4878 472 4933 56.
489 4881 598 4933 Kal
621 4881 944 4936 ἐπλεόνασεν
973 4885 1006 4954 ἡ
1038 4884 1282 4954 ἁμαρτία
1303 4885 1359 4934 ἑν
1379 4885 1446 4954 τῇ
1475 4880 1670 4953 καρδίᾳ
1689 4877 1888 4942 αὐτῶν.

1840 4895 1888 4932 ν.
2064 4877 2152 4930 56.
2205 4877 2591 4956 Etabundavit
2617 4887 2897 4948 peccatum
2930 4878 2983 4932 in
3017 4878 3182 4935 corde
3213 4895 3421 4936 eorum.

387 4969 474 5024 57.
509 4971 617 5024 Kal
641 4973 840 5044 ἀνομία
871 4974 1246 5044 κατηνάλωσεν
1275 4974 1490 5038 αύτούς.

1475 5013 1490 5027 ,
2068 4967 2160 5023 57.
2202 4967 2269 5022 Ει
2297 4969 2556 5039 iniquitas
2582 4971 2922 5042 consumpsit
2957 4987 3051 5026 eos

407 5123 679 5181 "'Matth.
710 5143 810 5190 xu,
844 5128 932 5182 52.
1014 5129 1058 5159 "’
1104 5128 1292 5184 Matth.
1342 5147 1451 5196 xw,
1502 5129 1607 5195 16;
1649 5144 1738 5191 xv,
1789 5127 1894 5194 54;
1928 5124 2096 5180 Marc.
2121 5141 2210 5183 v1.
2243 5125 2347 5194 58;
2381 5143 2500 5192 rm,
2531 5127 2594 5192 i;
2635 5126 2794 5185 Joan.
2831 5146 2920 5185 v1.
2981 5129 3069 5185 10.

1265 5283 1572 5346 Addenda
1604 5292 1665 5344 et
1697 5284 2074 5363 corrigenda
2109 5301 2186 5344 ex
2226 5284 2369 5344 cod.
2408 5284 2608 5347 Vatie.

384 5452 463 5520 (1)
488 5454 598 5506 Kal
628 5452 825 5506 ἔδωκεν
855 5453 1037 5515 αὐτοῖς
1060 5451 1216 5521 ὅπερ,
1247 5460 1350 5506 etc.
2061 5455 2138 5523 (4)
2171 5456 2408 5510 Ἕλαὸον
2465 5458 2550 5526 εφ⁹
2598 5457 2825 5520 ἑαυτοὺς
2884 5468 2982 5580 τςέν
3027 5454 3300 5526 αμαρτίαν
3353 5453 3552 5510 αὐτῶν.

385 5522 464 5580 (2)
491 5523 662 5576 Πέντε
689 5525 818 5580 γάρ.
1989 5525 2164 5578 Δαθάν
2191 5525 2299 5580 γὰρ
2331 5527 2690 5580 ἑρμηνεύεται
2724 5527 2903 5580 κρίσις
2957 5527 3202 5580 εδομένη.

385 5522 464 5648 (2)
491 5523 662 5576 Πέντε
689 5525 818 5593 γάρ.
1359 5590 1383 5601 _
1534 5591 1558 5600 _
1989 5522 2164 5578 Δαθάν
2191 5525 2299 5598 γάρ
2331 5522 2690 5648 ἑρμηνεύεται
2724 5527 2903 5610 κρίσις
2927 5522 3202 5598 δεδομένη.
3366 5595 3390 5606 _

385 5592 442 5648 (5
491 5592 558 5648 Ν.
598 5593 686 5648 52.
714 5594 822 5648 Kal
865 5595 912 5646 ἑ.
967 5610 1023 5646 π.
1059 5609 1110 5644 τ.
1157 5591 1244 5645 Υί.
1292 5609 1386 5644 του
1428 5591 1560 5646 Θεου
1602 5607 1772 5648 usune
1824 5595 1886 5648 ad
2061 5596 2136 5648 (5)
2179 5596 2252 5648 Τὸ
2299 5597 2356 5648 δὲ
2429 5598 2648 5648 εύτεοον
2697 5596 2940 5648 Βουλεται
2973 5600 3004 5648 ἠ
3039 5597 3300 5648 ἑρμηνεία
3326 5613 3430 5648 των
3461 5594 3498 5648 ἀ

384 5591 464 5660 (5)
491 5592 558 5648 N.
598 5593 686 5648 52.
714 5591 822 5648 Kal
865 5595 912 5646 ἑ.
967 5610 1023 5646 π.
1059 5609 1110 5644 τ.
1157 5591 1244 5645 Υί.
1292 5591 1386 5644 τοῦ
1428 5591 1560 5646 Θεοῦ
1602 5607 1772 5662 usque
1824 5595 1886 5650 ad

307 5661 590 5742 ἀνελήφθη
625 5665 752 5735 γάρ.
792 5661 856 5718 Ν.
893 5663 978 5722 55.
1024 5659 1232 5732 Ἀαρὼν
1267 5661 1312 5715 ἑ.
1341 5661 1388 5715 ὅ.
1418 5661 1660 5727 δυνατόν,
1685 5672 1791 5727 etc.

2061 5596 2136 5662 (5)
2179 5591 2278 5649 Tb'
2299 5591 2374 5661 δὲ’
2399 5591 2648 5677 δεύτερον
2696 5591 2940 5668 βούλεται
2973 5600 3005 5668 ἡ
3039 5591 3300 5670 ἑρμηνεία
3326 5595 3430 5648 τῶν
3461 5594 3562 5668 ἀρ-

1990 5665 2212 5736 χόντων,
2245 5675 2347 5722 ctc.
