4004 6212
470 267 606 312 1115

537 376 626 432 58.
669 376 735 431 Et
765 377 1006 433 fecerunt
1031 379 1252 435 vitulum
1286 382 1338 436 in
1370 383 1586 442 Choreb
1615 407 1629 443 :

539 470 624 522 59.
671 470 734 523 Et
781 472 1143 526 adoraverunt
1197 476 1466 546 sculptile.

478 562 483 566 ’
539 559 627 617 40.
691 561 753 615 Et
778 571 1125 617 mutaverunt
1151 565 1378 634 gloriam
1407 586 1564 624 suam

539 654 627 708 4|.
672 650 727 706 In
767 654 1178 710 similitudinem
1206 659 1359 712 vituli
1389 663 1727 718 comedentis
1755 662 1960 718 fenum.

539 742 630 800 42.
669 742 735 798 Et
756 744 908 798 obliti
935 756 1062 802 sunt
1092 746 1282 813 Deum,
1325 752 1420 820 qui
1450 753 1678 809 salvavit
1701 770 1835 810 eos:

537 927 625 981 45.
665 925 766 993 Qui
791 926 919 982 fecit
940 932 1211 1001 magnalia
1239 933 1292 986 in
1322 933 1578 1006 Egypto,

536 1019 624 1072 44.
667 1019 928 1074 Mirabilia
957 1023 1011 1075 in
1037 1031 1180 1078 terra
1208 1025 1403 1091 Cham,

537 1111 623 1166 45.
661 1111 948 1169 Terribilia
976 1116 1029 1170 in
1059 1119 1194 1172 mari
1228 1119 1430 1177 Rubro.

535 1205 624 1261 46.
673 1205 740 1261 Et
766 1207 900 1263 dixit
928 1219 985 1263 ut
1018 1211 1352 1281 disperderet
1373 1231 1467 1267 eos
1501 1235 1515 1270 :

537 1294 626 1350 47.
669 1294 725 1349 Si
752 1313 860 1350 non
890 1297 1101 1370 Moyses
1127 1301 1329 1357 electus
1354 1303 1472 1369 ejus

535 1387 623 1441 48.
667 1387 918 1444 Stetisset
967 1391 1022 1444 in
1060 1393 1432 1448 contractione
1467 1395 1518 1448 in
1555 1407 1845 1466 conspectu
1891 1400 2029 1468 ejus,

533 1479 620 1533 49.
668 1479 735 1536 Ut
761 1493 1027 1539 averteret
1052 1486 1188 1540 iram
1210 1487 1352 1558 ejus,
1391 1505 1454 1543 ne
1488 1489 1820 1560 disperderet
1844 1508 1962 1548 eos.

535 1654 620 1710 50.
655 1655 720 1710 Et
736 1674 833 1727 pro
850 1660 1018 1715 nihilo
1041 1661 1349 1718 habuerunt
1367 1673 1564 1718 terram
1583 1666 2021 1725 desiderabilem:

533 1747 621 1802 51.
659 1747 775 1804 Non
807 1753 1157 1808 crediderunt
1191 1757 1357 1810 verbo
1388 1758 1526 1826 ejus.

535 1835 622 1889 5'72.
663 1838 727 1894 Et
754 1855 1232 1903 murmuraverunt
1269 1846 1728 1922 [murmurabant]
1761 1850 1814 1905 in
1844 1853 2023 1908 taber-

464 1930 674 1986 naculis
702 1933 817 1989 suis
841 1953 854 1989 :

535 2065 611 2135 (a)
640 2067 748 2123 Καί
774 2069 942 2126 deest.

1299 262 1357 319 S.
1399 263 1773 324 ATHANASII
1813 271 1965 327 UPP.
2009 271 2186 326 PARS
2225 270 2314 326 111.
2357 298 2428 311 -
2469 267 2879 323 EXEGETICA.

3569 265 3710 320 5H6

2059 402 2103 456 Α
2204 392 2292 446 58.
2325 392 2433 445 Kal.
2462 390 2721 458 ἐποίησαν
2750 390 2946 461 μόσχον
2975 390 3032 443 ἑν
3057 390 3285 462 Χωρήῦ·

2201 481 2289 535 59.
2322 481 2432 533 Kal
2464 478 2877 550 προσεκύνησαν
2911 477 2988 548 τῷ
3017 478 3259 549 γλυπτῷ.

2205 574 2293 628 40.
2326 573 2433 626 Kal
2462 571 2758 642 ἠλλάξαντο
2787 572 2884 642 τὴν
2915 571 3070 637 δόξαν
3103 570 3265 624 αὑτοῦ

2205 664 2290 718 41.
2331 665 2420 716 Ἐν
2450 663 2751 734 ὁμοιώματι
2785 664 2985 734 μόσχου
3013 663 3281 726 ἐσθίοντος
3311 660 3524 734 χόρτον.

2202 755 2288 807 42.
2319 757 2428 810 Kal
2455 757 2527 826 (a)
2560 755 2882 808 ἐπελάθοντο
2910 753 3001 809 τοῦ
3031 755 3162 807 Θεοῦ
3192 754 3282 808 τοῦ
3309 753 3572 820 σώζοντος
3605 751 3706 808 αὖα

2132 862 2287 909 τους·

2202 937 2290 988 45.
2322 935 2428 988 Τοῦ
2462 937 2784 1006 ποιήσαντος
2817 934 3028 1005 μεγάλα
3053 936 3112 989 ἑν
3137 935 3415 1007 Αἰγύπτῳ,

2203 1027 2292 1082 44.
2323 1027 2611 1098 Θαυμάσια
2641 1031 2698 1082 ἐν
2731 1031 2801 1099 γῇ
2829 1026 2980 1098 Χὰμ,

2201 1124 2289 1178 45.
2316 1122 2524 1193 Φοϐερὰ
2553 1124 2644 1176 ἐπὶ
2672 1123 2945 1195 Θαλάσσης
2977 1121 3259 1192 Ἐρυθρᾶς.

2199 1215 2287 1269 46.
2321 1214 2428 1268 Kal
2449 1211 2567 1267 εἷπε
2597 1212 2688 1268 τοῦ
2714 1213 3086 1286 ὲξολοθρεῦσαι
3115 1211 3338 1275 αὐτούς’

2199 1307 2289 1364 47.
2322 1308 2384 1360 Ei
2423 1308 2496 1378 μὴ
2529 1309 2763 1378 Μωῦσῆς
2793 1309 2820 1361 6
2854 1305 3104 1368 ἐκλεκτὸς
3137 1303 3298 1358 αὐτοῦ

2198 1399 2288 1452 48.
2319 1402 2390 1466 (b)
2424 1401 2592 1470 Ἐστη
2627 1402 2682 1452 ἑν
2707 1402 2772 1470 τῇ
2807 1399 3028 1470 θραύσει
3053 1395 3278 1450 ἐνώπιον
3302 1394 3485 1460 αὑτοῦ,

2198 1491 2285 1544 49.
2337 1489 2440 1543 Τοῦ
2489 1491 2828 1561 ἀποστρέψαι
2868 1489 2958 1542 τὸν
3000 1489 3166 1558 θυμὸν
3207 1487 3405 1551 αὐτοῦ,
3463 1485 3557 1539 τοῦ
3621 1485 3696 1558 μὴ

2127 1581 2504 1654 ὲξολοθρεῦσαι
2535 1582 2748 1646 αὐτούς.

2194 1674 2282 1728 50.
2311 1675 2420 1728 Kal
2453 1673 2815 1739 ὲξουδένωσαν
2841 1675 2942 1745 γῆν
2973 1673 3311 1744 ἐπιθυμητήν
3330 1687 3343 1701 ·

2058 1751 2100 1808 Β
2198 1764 2283 1818 51.
2321 1765 2432 1817 Οὐκ
2461 1765 2783 1820 ἐπίστευσαν
2811 1764 2888 1835 τῷ
2915 1764 3057 1834 λόγῳ
3081 1762 3262 1817 αὑτοῦ.

2198 1855 2285 1910 52.
2320 1857 2429 1909 Kal
2455 1857 2760 1926 ἐγόγγυσαν
2793 1855 3132 1930 [ἐγόγγυζον]
3165 1859 3221 1908 ὲν
3251 1857 3363 1917 τοῖς
3399 1850 3692 1922 σκτινώμα-

2129 1963 2212 2000 σιν
2243 1946 2421 2000 αὐτῶν
2440 1963 2456 1978 ·

2199 2079 2275 2151 (b)
2309 2077 2463 2135 Vers.
2489 2079 2557 2135 48
2582 2078 2820 2136 omissus
2840 2087 2923 2135 est
2949 2081 3018 2137 ab
3043 2082 3268 2152 antiquo
3301 2083 3588 2155 scriptore.

1590 2255 1964 2312 ATHANASII
2003 2257 2578 2316 INTERPRETATIO.

533 2392 620 2448 58.
663 2391 729 2447 Et
757 2393 1001 2449 fecerunt
1026 2396 1128 2450 sibi
1163 2397 1296 2467 ipsis
1325 2411 1417 2450 cor
1442 2395 1705 2466 insipiens
1743 2397 1798 2451 in
1831 2397 2031 2451 mentis

463 2499 576 2538 suae
603 2483 984 2540 obcaecatione.
1031 2485 1234 2542 Choreb
1262 2489 1408 2543 enim
1437 2489 1826 2558 interpretatur
1853 2491 2028 2544 exsic-

462 2577 620 2636 catio,
653 2577 830 2646 qualis
858 2589 942 2634 est
967 2581 1206 2636 caecitas.

530 2668 617 2720 59.
679 2667 745 2722 Et
772 2670 824 2723 in
852 2671 1164 2726 servitutem
1196 2672 1401 2728 redacti
1431 2685 1560 2728 sunt
1593 2691 1623 2729 a
1656 2685 1896 2744 peccato.

529 2758 615 2813 40.
656 2757 721 2813 Ει
749 2761 975 2831 gloriam
1007 2764 1329 2828 intellectus,
1372 2783 1532 2837 quem
1575 2769 1722 2824 dedit
1751 2770 1830 2824 eis
1861 2769 2022 2835 Deus,
2052 2797 2094 2855 ο

463 2858 960 2908 transmutaverunt
997 2857 1048 2910 in
1095 2867 1328 2912 mentem
1362 2860 1674 2928 reprobam.

533 2944 619 2999 41.
655 2943 721 2998 Et
769 2947 1055 3002 assimilati
1130 2960 1258 3004 sunt
1302 2951 1551 3020 jumento
1610 2953 1905 3023 insipienti,
1974 2964 2023 3010 et

462 3036 916 3103 quemadmodum
953 3039 1082 3094 illud
1128 3039 1314 3096 fenum
1357 3043 1487 3107 edit,
1544 3043 1690 3114 quod
1741 3046 1795 3099 in
1849 3047 2026 3117 ignem

462 3129 715 3193 mittitur,
762 3132 834 3186 ita
869 3141 923 3187 et
953 3133 1041 3188 isti
1091 3146 1370 3202 peccatum
1419 3137 1744 3207 suscipiunt,
1795 3139 1938 3208 quod
1973 3140 2024 3193 in

461 3221 896 3276 combustionem
933 3223 1241 3292 projicitur.

530 3313 620 3368 42.
661 3314 726 3368 Ει
765 3315 916 3371 obliti
949 3325 1075 3371 sunt
1107 3315 1445 3372 Salvatorem
1486 3317 1696 3373 mundi.

533 3408 618 3460 45.
670 3408 773 3472 Qui
802 3423 995 3477 magna
1028 3407 1155 3464 fecit
1197 3409 1250 3462 in
1287 3411 1531 3466 tenebris
1578 3410 1802 3476 mundi;
1851 3409 2025 3482 Egy-

458 3507 579 3568 ptas
605 3499 746 3552 enim
787 3499 1010 3555 tenebra:
1054 3502 1464 3571 interpretatur.

528 3587 615 3643 44.
653 3587 710 3643 In
754 3605 1026 3661 synagoga
1065 3589 1400 3648 Judazorum.
1435 3591 1602 3647 Citam
1652 3595 1796 3649 enim
1845 3593 2026 3648 audax

459 3679 862 3752 interpretatur,
897 3684 1076 3753 qualis
1122 3693 1208 3740 est
1237 3683 1550 3740 Judaeorum
1596 3687 1850 3756 populus.

525 3860 611 3914 45.
655 3859 940 3917 Terribilia
973 3863 1028 3918 in
1058 3865 1634 3936 mundqiniquitatis.

524 3952 612 4006 46.
653 3951 718 4004 Ει
752 3955 888 4008 dixit
913 3956 1087 4021 Pater,
1114 3967 1173 4011 ut
1204 3957 1540 4027 disperderet
1563 3973 1676 4013 eos.

524 4045 613 4112 47,
653 4045 740 4100 48.
781 4046 899 4102 Nisi
943 4047 1113 4106 Filius
1179 4050 1298 4120 ejus
1350 4054 1588 4106 stetisset
1637 4053 1691 4104 in
1739 4065 1901 4106 cruce
1943 4051 2025 4106 di-

2195 2397 2280 2452 58.
2318 2398 2426 2450 Kal.
2455 2398 2717 2469 ἐποίησαν
2749 2399 2960 2463 ἑαυτοῖς
2989 2397 3242 2452 ἀσύνετον
3285 2399 3510 2471 καρδίαν
3541 2402 3598 2453 ἑν
3625 2404 3690 2472 τῇ

2127 2487 2369 2558 πηρώσει
2395 2488 2494 2558 τῆς
2518 2488 2752 2552 διανοίας
2783 2489 2981 2543 αὐτῶν.
3019 2488 3229 2557 Χωρὴϐ
3253 2490 3360 2561 γὰρ
3396 2492 3692 2563 ἑρμηνεύε-

2123 2596 2210 2631 ται
2245 2579 2573 2648 ξηριισμὸς,
2606 2581 2741 2650 ὅπερ
2776 2581 2889 2632 ἐστὶ
2919 2581 3184 2652 πήρωσις.

2195 2671 2281 2724 59.
2307 2671 2416 2723 Kal
2442 2669 2811 2740 ἐδουλώθησαν
2843 2673 2907 2741 τῇ
2935 2671 3196 2744 ἁμαρτίᾳ.

2197 2761 2283 2816 40.
2315 2763 2420 2815 Kal
2454 2762 2551 2834 τὴν
2597 2764 2672 2833 (1)
2720 2763 2876 2828 δόξαν
2916 2764 3016 2833 τῆς
3049 2764 3346 2830 συνέσεως,
3386 2758 3453 2836 ἧς
3497 2764 3692 2818 ἔδωκεν

2129 2853 2309 2917 αὐτοῖς
2333 2857 2360 2906 6
2388 2854 2536 2920 Θεὸς,
2565 2855 2854 2926 μετέϐαλον
2883 2857 2962 2919 είς
2987 2855 3239 2926 ἀδόκιμον
3268 2856 3409 2911 νοῦν.

2198 2945 2283 2998 41.
2327 2946 2434 2999 Kal
2469 2945 2826 3020 ὡμοιώθησαν
2853 2949 3039 3018 κτήνει
3072 2948 3334 3018 ἀσυνέτῳ,
3378 2949 3472 3001 καὶ
3507 2947 3690 3018 ὥσπερ

2127 3037 2308 3090 ἐκεῖνα
2353 3037 2542 3109 χόρτον
2571 3039 2737 3092 ἐσθίει
2776 3039 2866 3092 τὸν
2899 3040 2977 3104 είς
3004 3038 3064 3092 τὸ
3093 3039 3202 3111 πῦρ
3232 3039 3574 3110 βαλλόμενον,
3601 3039 3690 3092 οῦ-

2125 3146 2233 3192 τως
2273 3131 2366 3183 καὶ
2389 3126 2532 3183 οὗτοι
2556 3131 2655 3201 τὴν
2679 3131 2953 3203 ἁμαρτίαν
2985 3130 3456 3203 μεταλαμϐάνουσι
3487 3133 3588 3202 τὴν
3617 3134 3693 3196 εἰς

2127 3219 2320 3275 καῦσιν
2354 3221 2701 3292 βαλλομένην.

2196 3313 2285 3366 42.
2319 3314 2428 3366 Kal
2462 3312 2780 3366 ἐπελάθοντο
2811 3313 2905 3367 τοῦ
2927 3314 3176 3386 Σωτῆρος
3202 3313 3294 3368 τοῦ
3322 3314 3549 3384 κόσμου.

2197 3403 2282 3458 45.
2329 3405 2434 3457 Τοῦ
2480 3407 2800 3476 ποιήσαντος
2852 3407 3061 3477 μεγάλα
3111 3407 3170 3458 ἑν
3228 3406 3304 3475 τῷ
3357 3408 3536 3460 σκότει
3598 3405 3692 3460 τοῦ

2127 3495 2350 3565 κόσμου.
2379 3496 2676 3566 Αἴγυπτος
2707 3499 2814 3570 γὰρ
2845 3500 3067 3564 σκότος
3101 3499 3457 3570 ἑρμηνεύεται
3488 3500 3587 3569 (‘2).

2196 3585 2284 3638 44.
2337 3587 2424 3638 Ἐν
2472 3589 2537 3658 τῇ
2590 3591 2878 3659 συναγωγῇ
2921 3588 3030 3641 τῶν
3083 3587 3370 3643 Ἰουδαίων.
3418 3587 3545 3658 Χὰμ
3585 3588 3689 3660 γὰρ

2125 3679 2422 3748 τολμηρὸς
2456 3681 2836 3753 ἑρμηνεύεται,
2872 3683 3008 3754 ὅπερ
3037 3683 3182 3735 ἐστὶν
3210 3685 3238 3736 6
3264 3683 3393 3746 λαὸς
3421 3683 3529 3736 τῶν
3565 3682 3691 3736 ἰου-

2125 3770 2306 3824 δαίων.

2197 3864 2285 3918 45.
2312 3863 2519 3936 Φοὸερὰ
2545 3867 2602 3918 ὲν
2632 3865 2708 3937 τῷ
2739 3866 2926 3937 κόσμῳ
2953 3866 3054 3936 τῆς
3077 3865 3304 3939 ἀνομίας

2193 3958 2283 4013 46.
2315 3960 2426 4012 Kal
2461 3955 2612 4013 εἶπεν
2653 3961 2682 4012 6
2711 3959 2898 4030 Πατὴρ
2929 3959 3024 4012 τοῦ
3059 3959 3437 4031 ἑξολοθρεῦσαι
3477 3957 3689 4021 αὐτούς.

2197 4053 2286 4115 47,
2329 4052 2417 4106 48.
2472 4053 2533 4106 Et
2579 4051 2652 4124 μὴ
2699 4055 2726 4105 6
2772 4053 2899 4116 Υίδς
2947 4054 3112 4106 αὑτοῦ
3166 4053 3296 4122 ἔστη
3344 4053 3420 4123 (5)
3463 4055 3556 4106 ἐπὶ
3601 4052 3689 4106 τοῦ

456 4150 584 4191 cens
612 4156 624 4190 :
662 4136 848 4204 Pater,
880 4140 1090 4196 dimitte
1120 4141 1252 4210 illis,
1286 4159 1390 4197 non
1413 4143 1554 4197 enim
1589 4143 1763 4196 sciunt
1784 4144 1912 4214 quid
1943 4144 2026 4214 fa—
2057 4164 2098 4220 D
2127 4145 2138 4197 1

2139 4144 2364 4217 Σταυροῦ
2394 4144 2565 4212 λέγων
2594 4161 2607 4174 ·
2642 4144 2831 4214 Πάτερ
2851 4187 2864 4212 ,
2907 4145 3056 4214 ἄφες
3086 4145 3321 4211 αὐτοῖς·
3350 4147 3424 4199 οὐ
3463 4145 3571 4215 γὰρ
3607 4145 3689 4197 οἵ-

453 4225 598 4278 ciunt
631 4227 697 4282 ³³.

525 4315 614 4369 49.
658 4316 728 4372 Ut
757 4331 1023 4378 averteret
1065 4323 1203 4378 iram
1245 4323 1388 4397 ejus,
1423 4341 1492 4381 ne
1525 4326 1861 4394 disperderet
1907 4341 2021 4382 eos.

456 4405 661 4476 Moyses
688 4411 832 4464 enim
870 4416 1162 4484 assumptio
1201 4416 1612 4486 interpretatur,
1646 4417 1792 4486 quod
1820 4432 2024 4473 conve-

453 4500 536 4554 nit
562 4498 791 4559 Domino
821 4515 1007 4563 nostro
1033 4507 1184 4578 Jesu,
1219 4513 1315 4583 qui
1345 4522 1662 4582 assumptus
1686 4519 1790 4568 est.

525 4673 613 4728 50.
654 4675 937 4749 Deiparam
976 4680 1200 4738 Mariam
1232 4685 1451 4755 injuriis
1486 4686 1804 4754 allicientes,
1837 4696 1890 4742 et
1918 4687 2023 4742 Do-

2119 4239 2259 4292 δασι
2289 4239 2348 4291 τί
2379 4237 2677 4290 ποιοῦσιν.

2187 4330 2277 4386 49.
2325 4331 2515 4392 Ὅπως
2562 4331 2878 4402 ἀποστρέψῃ
2921 4330 3011 4382 τὸν
3050 4329 3220 4402 θυμὸν
3267 4328 3430 4382 αὑτοῦ
3479 4327 3572 4381 τοῦ
3619 4326 3688 4398 μὴ

2119 4418 2493 4490 ἐξολοθρεῦσαι
2523 4419 2738 4482 αὐτούς.
2769 4419 3030 4488 Μωυσῆς
3055 4421 3163 4490 γὰρ
3194 4420 3496 4487 dra.th
3529 4421 3690 4489 ἑρμη-

2119 4513 2355 4577 νεύεται,
2378 4513 2514 4586 ὅπερ
2537 4514 2684 4568 ἐστὶν
2704 4517 2732 4568 ὁ
2753 4514 2957 4586 Κύριος
2983 4514 3141 4588 ἡμῶν
3171 4513 3393 4586 Ἰησοῦς·
3419 4511 3685 4584 ἀνελήφθη

2121 4608 2280 4752 vagi}.
2313 4698 2423 4770 Τὴν
2453 4697 2712 4753 Θεοτόκον
2741 4697 2959 4770 Μαρίαν
2985 4694 3362 4762 ὀνειδίζοντες,
3394 4695 3470 4768 τῷ
3505 4693 3684 4766 Κυρίῳ

454 4769 603 4824 mino
634 4771 700 4826 de
734 4772 850 4842 ipsa
882 4774 1126 4831 dicentes
1170 4797 1183 4832 :
1237 4776 1350 4832 Nos
1383 4795 1448 4833 ea:
1505 4779 1856 4849 fornicatione
1910 4781 2027 4834 nati
2122 4810 2138 4844 ς

2139 4791 2250 4862 τερ).
2294 4769 2461 4863 αὐτῆς
2496 4790 2590 4844 καὶ
2624 4769 2905 4858 λέγοντες·
2957 4789 3145 4860 Ἡμεῖς
3185 4789 3254 4842 ἐκ
3301 4789 3580 4857 πορνείας
3617 4787 3682 4838 οὐ

451 4877 553 4914 non
571 4878 750 4917 sunms
764 4865 829 4919 “.

526 4950 612 5004 5|.
649 4949 768 5007 Non
799 4955 1171 5022 crediderunt,
1201 4961 1344 5030 quod
1391 4960 1562 5017 Filius
1597 4962 1687 5017 Dei
1717 4971 1882 5020 esset.

525 5040 612 5098 52.
660 5041 1134 5104 Murmuraverunt
1164 5051 1218 5106 in
1261 5067 1318 5108 se
1352 5054 1484 5124 ipsis
1509 5055 1793 5113 dicentes:
1833 5054 2020 5111 Nonne

453 5133 538 5187 hic
583 5144 661 5189 est
709 5137 851 5206 fabri
896 5141 1042 5210 ﬁlius
1093 5143 1188 5197 ’°?

2122 4880 2539 4950 γεγεννήμεθα.

2192 4974 2280 5026 51.
2307 4974 2419 5026 Οὐκ
2441 4973 2783 5039 ἐπίστευσαν,
2807 4973 2888 5025 ὅτι
2917 4974 2946 5026 6
2975 4973 3099 5035 Υίός
3127 4973 3241 5026 ἐστι
3269 4971 3362 5025 τοῦ
3395 4970 3549 5024 Θεοῦ.

2187 5064 2274 5117 52.
2316 5063 2641 5132 Ἐγόγγυζον
2672 5063 2795 5117 καθ’
2823 5066 3045 5128 ἑαυτοὺς
3077 5065 3353 5134 λέγοντες·
3384 5056 3673 5133 Οὐχοῦτός

2117 5156 2285 5208 ἐστιν
2313 5158 2345 5208 ὸ
2372 5153 2478 5208 τοῦ
2509 5154 2786 5221 τέκτονος
2825 5157 2988 5222 vide;

551 5268 573 5297 "
598 5267 730 5325 Luc.
757 5288 912 5339 mu,
957 5273 1046 5328 54.
1131 5277 1174 5309 ²⁹
1227 5277 1390 5335 Joan.
1422 5296 1516 5336 VIII
1541 5323 1555 5342 ,
1582 5281 1668 5336 4|.
1755 5283 1800 5315 ³⁸
1849 5281 2041 5340 Matth.
2074 5301 2206 5352 xm,
2246 5285 2312 5341 55
2338 5303 2352 5350 ;
2383 5284 2539 5340 Joan.
2577 5304 2664 5351 νι,
2701 5288 2787 5341 42.

1409 5447 1711 5510 Addenda
1745 5457 1803 5509 et
1836 5451 2206 5531 corrigenda
2236 5468 2314 5511 ex
2351 5449 2490 5511 cod.
2537 5450 2735 5511 \‘atic.

501 5579 620 5664 (1,),
765 5583 852 5664 ξίολ
910 5587 1017 5639 Kal.
1063 5591 1159 5659 τήν
1247 5602 1370 5657 etc.,
1420 5609 1590 5664 usque
1639 5594 1703 5650 ad
1751 5594 2010 5664 ἀσυνέτῳ.

465 5644 508 5698 Ν
544 5644 649 5702 ⁷41.
682 5651 787 5703 Kal.
819 5653 1023 5727 ὥσπερ,
1049 5644 1150 5713 etc.

2196 5594 2270 5660 (‘2)
2310 5593 2694 5664 Ἐρμηνεύεται
2730 5590 3009 5654 σκότωσις.

2205 5665 2280 5735 (5)
2311 5666 2491 5731 "Eam
2523 5680 2625 5718 non
2663 5664 2875 5730 legitur.
