4004 6212
292 317 424 372 nn
1275 321 1363 377 DE
1403 321 1677 378 rrruus
1713 298 2171 382 PSAl.lleRL‘-lll.
2211 359 2281 368 —
2321 327 2515 383 PSAL.
2546 327 2656 384 (ιγ.
3396 329 3534 386 ms

359 433 447 488 55.
483 436 597 487 Οὐκ
624 436 947 506 εἰσήκουσαν
968 436 1276 507 τῆςφωνῆς
1313 441 1538 509 Κυρίου.
1898 444 1936 500 Α

1898 444 1936 500 Δ
2047 445 2134 500 55.
2160 443 2275 500 Νοη
2303 444 2660 498 exaudierunt
2688 457 2872 499 vocem
2909 441 3141 497 Domini.

360 525 447 578 54.
480 525 583 578 K‘al
614 526 784 596 ἐτι-ἦρε
807 527 904 598 τὴν
939 530 1098 598 χεῖρα
1122 529 1284 582 αὐτοῦ
1334 531 1418 581 ἐπ’
1451 532 1666 595 αὐτοὺς,

2045 536 2134 590 54.
2169 535 2232 588 Et
2259 536 2490 590 elevavit
2523 551 2741 589 manum
2775 549 2928 589 suam
2953 549 3116 603 super
3147 549 3261 598 eos,

361 616 447 671 55.
481 615 587 670 Τοῦ
619 617 942 671 καταϐαλεῖν
973 620 1169 683 αὐτοὺς
1196 621 1253 670 ἐν
1287 622 1352 690 τῇ
1376 621 1586 692 ἐρήμῳ.

1521 640 1586 690 ῳ.
2169 625 2236 680 Ut
2268 634 2634 694 prosterneret
2662 640 2757 680 eos
2785 625 2838 679 in
2869 623 3100 679 deserto.

362 707 450 761 56.
475 705 581 762 Kal
607 707 701 761 τοῦ
727 708 1054 763 καταϐαλεῖν
1079 708 1140 762 τὸ
1172 711 1391 782 σπέρμα
1415 711 1595 766 αὐτῶν
1642 712 1702 768 ἐν
1756 713 1870 777 τοῖς

2045 714 2132 770 56.
2164 715 2229 769 Ει
2264 725 2322 771 ut
2349 716 2602 781 dejiceret
2631 731 2813 771 semen
2850 729 3038 770 eorum
3073 715 3126 768 in
3158 713 3509 770 nationibus:

299 795 488 851 ίθνεσι.

365 889 452 943 57.
484 887 589 942 Kal
617 888 1000 958 διασκορπίσαι
1034 890 1232 955 αὐτοὺς
1263 893 1321 944 ἐν
1354 895 1473 956 ταῖς
1501 891 1726 964 χώραις.

1596 910 1726 956 ναις.
2051 890 2139 944 57.
2173 889 2239 944 Ει
2267 890 2599 960 dispergeret
2626 904 2720 944 eos
2755 889 2807 941 in
2842 887 3177 958 regionibus.

364 979 452 1033 58.
495 978 600 1032 Kal
627 980 984 1051 ἐτελέσθησαν
1017 981 1095 1052 τῷ
1128 980 1464 1054 Βεελφεγὼρο

1439 999 1464 1028 ν’
2047 982 2135 1037 58.
2168 980 2235 1035 Ει
2268 981 2463 1036 initiati
2497 991 2625 1037 sunt
2658 979 3020 1049 Beelpliegor:

367 1071 450 1124 59.
485 1070 587 1125 Kal
611 1071 811 1142 ἔφαγον
845 1073 1031 1138 θυσίας
1063 1073 1291 1144 νεκρῶν.

2043 1075 2134 1130 59.
2174 1074 2240 1128 Ει
2281 1074 2635 1129 comederunt
2671 1073 2937 1129 sacrificia
2991 1079 3349 1126 mortuorum.

369 1165 456 1217 60.
493 1163 599 1218 Kal
629 1164 953 1236 παρώξυναν
996 1167 1155 1221 αὐτὸν
1186 1170 1242 1221 ἐν
1288 1173 1400 1232 τοῖς
1450 1167 1875 1240 ἐπιτηδεύμασιν

2054 1165 2145 1224 60.
2217 1165 2285 1222 Et
2331 1167 2684 1222 irritaverunt
2735 1182 2857 1221 eum
2937 1166 2991 1220 in
3062 1163 3542 1219 adinventionibus

305 1255 493 1308 ιῦῖῶν·

372 1349 458 1402 61.
493 1349 594 1402 Kal
627 1351 932 1423 ἐπληθύνθη
967 1351 1024 1404 ἐν
1057 1353 1236 1416 αὐτοῖς
1269 1354 1298 1422 ἡ
1333 1352 1560 1419 πτῶσις.

1556 1395 1560 1408 .
2050 1351 2140 1406 61.
2176 1351 2242 1406 Et
2269 1352 2625 1423 multiplicata
2658 1361 2740 1407 est
2767 1351 2820 1404 in
2851 1349 2931 1404 eis
2959 1349 3137 1403 ruina.

371 1439 460 1495 6‘2.
494 1440 598 1494 Kal
630 1441 758 1513 ἐστη
781 1443 962 1505 Φινεὲς
992 1443 1085 1496 καὶ
1118 1443 1420 1508 ἐξιλάσατο·

2055 1443 2144 1501 62.
2178 1446 2241 1499 Et
2279 1445 2428 1500 stetit
2452 1443 2685 1498 Phinees
2714 1452 2767 1499 et
2794 1442 3026 1512 placavit
3054 1459 3066 1495 :

372 1534 461 1586 65.
500 1531 603 1586 Καὶ
629 1534 948 1606 ἐκόπασενή
979 1533 1223 1605 θραῦσις.

2047 1535 2136 1589 65.
2166 1536 2228 1589 Ει
2259 1536 2493 1591 cessavit
2520 1535 2827 1605 .qUassatio.

373 1626 462 1679 6i.
489 1625 592 1680 Kal
625 1626 876 1698 ἐλογίσθη
903 1627 1050 1699 αὐτῷ
1069 1630 1150 1692 είς
1173 1628 1537 1700 δικαιοσύνην,
1719 1619 1721 1621 ’

1719 1619 1721 1621 ’
2051 1628 2145 1682 64.
2181 1627 2247 1682 Et
2285 1637 2592 1698 reputatum
2624 1638 2707 1682 est
2733 1627 2781 1682 ei
2813 1627 2866 1680 in
2902 1623 3191 1695 justitiam.

368 1719 457 1772 65.
483 1720 574 1783 El;
613 1719 805 1788 γενεὰν
833 1723 928 1775 καὶ
952 1721 1142 1790 γενεὰν
1165 1722 1269 1786 ἕως
1289 1722 1383 1774 τοῦ
1408 1722 1622 1787 αίῶνος.
1911 1789 1930 1792 _

2051 1719 2139 1774 65.
2185 1719 2244 1774 1n
2297 1720 2698 1792 generationem
2736 1727 2790 1774 et
2837 1717 3238 1789 generationem
3289 1725 3460 1782 usque
3492 1709 3547 1764 it.

1911 1789 1953 1843 Β
1982 1789 2394 1881 Sempiternum.

375 1897 464 1954 66.
497 1899 606 1952 Kal
639 1898 996 1972 παρώργισαν
1019 1903 1178 1956 αὐτὸν
1208 1903 1300 1955 ἐπὶ
1328 1901 1517 1966 ὓδατος
1557 1901 1881 1972 ἀντιλογίας

2053 1903 2143 1957 66.
2202 1902 2267 1958 Ει
2327 1903 2682 1958 irritaverunt
2740 1916 2864 1955 eum
2914 1899 2980 1954 ad
3030 1913 3226 1968 aquam
3279 1892 3557 1950 contradi-

1981 1993 2178 2050 ctionis
2205 2013 2218 2049 :

375 2078 466 2133 67.
503 2079 611 2132 Kal
631 2081 881 2152 ἐκακώθη
909 2081 1145 2151 Μωῦσῆς
1177 2081 1242 2134 δι’
1269 2079 1484 2144 αὐτούς.

2053 2087 2142 2141 67.
2179 2085 2244 2140 Et
2272 2096 2502 2140 vexatus
2527 2097 2606 2140 est
2637 2083 2850 2155 Moyses
2875 2090 3095 2153 propter
3122 2096 3238 2136 eos.

379 2167 466 2223 68.
497 2170 617 2223 Ὅτι
648 2171 1061 2244 παρεπίκραναν
1092 2173 1161 2226 τὸ
1177 2172 1393 2241 πνεῦμα
1418 2171 1606 2227 αὐτοῦ’

2061 2179 2152 2234 68.
2187 2178 2324 2245 Quia
2351 2179 2815 2233 exacerbaverunt
2837 2175 3088 2245 spiritum
3116 2173 3273 2241 eius:

380 2261 466 2316 69.
504 2260 607 2317 Kal
633 2263 922 2318 διέστειλεν
950 2266 1007 2319 ἐν
1028 2269 1141 2330 τοῖς
1170 2265 1404 2336 γείλεσιν
1430 2265 1620 2321 αὑτοῦ.

1394 2286 1404 2316 ρ
1430 2265 1620 2321 αὑτοῦ.
2065 2270 2152 2324 69.
2189 2268 2253 2323 Et
2285 2268 2533 2324 distinxit
2564 2269 2617 2322 in
2651 2267 2812 2322 labiis
2839 2265 2975 2322 suis.

1436 2465 1809 2523 ATHANASII
1850 2467 2415 2524 INTERPRETATIO

383 2641 470 2696 55.
512 2642 624 2695 Ουκ
671 2643 994 2711 εισήκουσαν
1036 2643 1133 2714 τῆς
1186 2645 1488 2716 μαρτυρίας
1537 2643 1631 2698 τοῦ
1674 2646 1883 2717 Πατρὸς

2051 2646 2140 2701 55.
2187 2643 2304 2701 Non
2335 2645 2691 2701 exaudierunt
2717 2643 2894 2698 Patris
2926 2641 3295 2696 testimonium
3338 2653 3369 2694 e
3410 2636 3565 2695 caelis

316 2735 410 2788 ἀπ’
438 2733 681 2806 οὐρανῶν
717 2734 925 2805 βοώσης
955 2734 1057 2807 (1)·
1099 2732 1284 2803 Οὗτός
1313 2737 1484 2792 ἐστιν
1519 2742 1552 2792 ὀ
1601 2739 1734 2805 Υἱός
1767 2756 1888 2808 μου

1641 2739 1734 2805 ’ἰός
1767 2756 1888 2808 μου
1985 2740 2229 2795 clamans
2257 2757 2270 2794 :
2305 2737 2407 2793 Hic
2432 2747 2510 2792 est
2534 2736 2712 2793 Filius
2742 2752 2884 2790 meus
2911 2735 3132 2788 dilectus
3156 2733 3222 2785 ³³.

316 2827 350 2882 δ
387 2827 712 2895 ἀγαπητός.

385 2916 474 2971 54.
507 2915 611 2970 Kal
634 2915 876 2989 ὠργίσθη
906 2917 1104 2981 αὐτούς
1130 2917 1230 2988 (9.).

1130 2917 1230 2988 (2)·
2065 2917 2156 2974 54.
2194 2915 2260 2973 Et
2293 2918 2466 2972 iratus
2486 2925 2570 2971 est
2595 2915 2695 2970 eis.

387 3007 475 3061 55.
517 3007 623 3061 Τοῦ
656 3007 1049 3061 συναπολέσθαι
1077 3009 1153 3080 (5)
1196 3010 1393 3072 αὐτοὺς
1421 3012 1484 3080 τῇ
1519 3010 1783 3081 ἁμαρτίᾳ.
1924 3049 1968 3110 c

1924 3049 1970 3110 c
2072 3009 2163 3064 55.
2197 3005 2270 3062 Ut
2307 3009 2454 3077 ipsos
2495 3005 2743 3076 perderet
2775 3017 2896 3057 cum
2931 3007 3172 3068 peccato.
3290 3088 3302 3098 .
3383 3087 3393 3098 .

388 3098 475 3151 56.
512 3096 617 3151 Kal
641 3097 732 3151 τοῦ
764 3098 1096 3170 παραδοῦναι
1124 3099 1318 3163 αὐτοὺς
1344 3103 1410 3171 τῇ
1435 3099 1541 3154 τῶν
1566 3099 1735 3154 ἐθνῶν
1767 3102 1899 3154 ἀνα·
1926 3090 1969 3110 ν

1839 3115 1899 3154 α·
1926 3090 1970 3110 ν
2073 3104 2162 3158 56.
2197 3101 2263 3156 Et
2299 3112 2355 3154 ut
2385 3099 2623 3154 traderet
2660 3112 2755 3152 eos
2781 3093 3020 3162 gentium
3057 3090 3420 3144 subversioui.

317 3202 522 3242 στροφὴ
534 3228 548 3240 .

389 3207 419 3240 ο
534 3228 548 3240 .

387 3192 614 3335 5ζῗῗίίαὶ
653 3280 992 3352 ἀποστρέψαι
1036 3282 1113 3353 (4)
1157 3282 1352 3346 αὐτοὺς
1389 3283 1446 3336 ἐν
1466 3284 1586 3348 ταῖς
1638 3280 1732 3336 τοῦ
1786 3282 1902 3354 βίου

1730 3284 1732 3327 ί
1786 3282 1902 3354 βίου
2074 3281 2164 3336 57.
2198 3279 2267 3334 Et
2299 3279 2564 3334 averteret
2592 3291 2685 3330 eos
2712 3274 2766 3328 in
2799 3270 3147 3341 deceptiones
3169 3266 3311 3320 vitaz.

319 3372 524 3427 ἀπάται
561 3411 579 3428 .

393 3464 480 3518 58.
517 3389 622 3518 Kal
643 3464 973 3535 ἐλάτρευσαν
1031 3463 1107 3536 τῷ
1135 3466 1365 3538 διαϐόλῳ
1407 3465 1496 3520 διὰ
1523 3467 1622 3539 τῆς
1653 3467 1900 3537 ἀνομίας·

2076 3458 2166 3513 58.
2197 3456 2264 3511 Et
2285 3457 2572 3511 coluerunt
2603 3452 2878 3508 diabolum
2913 3465 3010 3520 per
3037 3446 3409 3516 iniquitatem:
3435 3439 3578 3496 Beel-

321 3556 666 3625 Βεελερεγὼρ
693 3557 800 3627 γὰρ
828 3556 1187 3628 ἑρμηνεύεται
1244 3537 1406 3626 εἶδος
1446 3537 1902 3629 ἀσχήμοσύνης.

2005 3551 2200 3623 phegor
2252 3551 2401 3604 enim
2436 3549 2820 3618 interpretatur
2866 3544 3060 3613 species
3111 3537 3488 3608 deformitatis,
3530 3540 3580 3590 ei

321 3647 418 3700 καὶ
450 3647 874 3717 δαιμοχαιρῶν.
2013 3645 2299 3697 immanem
2339 3655 2546 3692 amans.

395 3738 482 3793 59.
513 3714 948 3810 Καὶ-μετέλαϐον
999 3740 1098 3804 τὰς
1151 3740 1447 3812 ἐπιθυμίας
1478 3741 1578 3805 τὰς
1607 3740 1908 3812 νεκρούσας

2081 3734 2169 3788 59.
2225 3731 2290 3785 Et
2346 3736 2676 3800 acceperunt
2735 3720 3208 3793 concupiscentias
3262 3714 3577 3772 occidentes

321 3834 424 3905 τὴν
448 3832 622 3904 ψυχὴν
650 3831 851 3886 αὐτῶν.

2010 3841 2200 3882 eorum
2237 3823 2495 3878 animam.

395 3926 486 3984 60.
519 3927 609 3978 Ἐν
635 3929 754 3988 ταῖς
779 3925 1075 3997 ἁμαρτίαις
1100 3924 1298 3978 αὐτῶν.

1179 3924 1298 3978 τῶν.
2082 3915 2172 3972 60.
2207 3915 2260 3968 In
2286 3913 2524 3984 peccatis
2550 3923 2760 3965 eorum.

397 4019 486 4073 61.
519 4017 622 4071 Kal
650 4019 710 4071 τὸ
735 3995 938 4086 πλῆθος
963 4016 1140 4069 αὐτῶν
1163 4016 1426 4069 συνέπεσε
1453 4018 1518 4087 τῇ
1543 4015 1803 4088 ἁμαρτίᾳ.

2083 4009 2172 4064 61.
2207 4007 2268 4062 Et
2297 4004 2586 4061 multitudo
2619 4015 2806 4055 eorum
2833 3995 3072 4051 concidit
3104 3997 3348 4062 peccato.
3550 4074 3562 4086 .

399 4112 488 4166 6‘2.
522 4109 626 4164 Kal
649 4110 920 4178 Στέφανος
960 4110 1120 4162 πάλιν
1156 4109 1502 4180 προσηύξατο
1559 4111 1686 4182 περὶ
1736 4108 1914 4163 αὐτῶν

2089 4101 2178 4159 62.
2210 4100 2278 4155 Ει
2309 4114 2503 4154 rursus
2539 4094 2848 4163 Stephanus
2897 4103 3021 4142 cum
3049 4081 3383 4154 lapidaretur
3411 4081 3585 4131 oravit

324 4205 682 4276 λιθαζόμενος
710 4173 903 4272 λέγων·
933 4204 1130 4271 Κύριε,
1173 4173 1258 4272 μὴ
1309 4173 1504 4273 δήσῃς
1555 4173 1760 4268 αὐτοῖς
1803 4201 1905 4271 τὴν

2015 4209 2115 4265 pro
2136 4194 2216 4248 eis
2249 4190 2436 4245 dicens
2465 4202 2479 4241 :
2516 4185 2755 4250 Domine,
2783 4199 2844 4235 ne
2871 4187 3078 4233 statuas
3118 4175 3226 4228 illis
3270 4173 3364 4225 hoc
3408 4183 3587 4239 pecea-

327 4261 623 4364 ἁμαρτίαν
650 4261 894 4362 ταύτην.
919 4261 1127 4359 Φιιίεὲξ
1307 4261 1668 4365 ἑρμηνεύεται
1721 4261 1908 4364 στόμα

2018 4261 2220 4340 tum“.
2276 4282 2494 4336 Phinees
2527 4278 2670 4334 enim
2723 4275 3112 4344 interpretatur
3142 4283 3198 4322 os
3229 4266 3342 4335 ejus
3391 4261 3552 4316 silem

327 4389 520 4443 αὐτοῦ
540 4387 744 4457 σιγῶν·
775 4387 935 4441 τοῦτο
963 4387 1072 4460 γὰρ
1105 4387 1272 4440 είπὼν
1304 4388 1595 4458 ἐκοιμήθη.

1308 4388 1595 4458 ἐκοιμήθη.
1946 4391 1993 4450 ι)
2022 4378 2125 4432 hoc
2147 4375 2289 4430 enim
2326 4372 2513 4455 dicens
2543 4367 2889 4423 obdormivit.

403 4480 494 4534 65.
525 4477 630 4534 Kal
650 4479 924 4532 ἐπαύσατο
953 4480 985 4550 ἠ
1019 4458 1156 4550 ὀργὴ
1190 4478 1283 4530 τοῦ
1309 4476 1462 4532 Θεοῦ.

2093 4467 2182 4521 65.
2221 4464 2285 4518 Et
2313 4462 2547 4518 cessavit
2577 4463 2654 4514 ira
2689 4458 2802 4512 Dei.
3174 4541 3185 4554 O
3277 4539 3290 4553 .
3394 4538 3405 4550 .
3438 4537 3448 4550 .

406 4571 602 4636 64,65.
636 4571 742 4625 Kal
765 4545 1016 4642 ἐλογίσθη
1050 4545 1410 4641 ’Στεφάνῳ
1445 4571 1523 4633 είς
1549 4568 1916 4638 δικαιοσύνην.

2096 4560 2187 4623 64,
2212 4557 2301 4613 65.
2332 4554 2396 4610 Et
2423 4562 2728 4624 repntatum
2758 4558 2840 4604 est
2875 4545 3150 4616 Stephano
3174 4545 3228 4596 in
3271 4545 3565 4609 justitiam.

406 4635 495 4719 66.
529 4663 631 4718 Kal
660 4635 1018 4735 παρὼργισαν
1056 4635 1146 4718 τδν
1174 4635 1476 4734 Κύριον-μὴ
1521 4659 1808 4714 πιστεῦσαι
1841 4635 1919 4730 (5)

2098 4654 2186 4709 66.
2220 4649 2285 4706 Et
2326 4650 2680 4705 irritaverunt
2709 4642 2997 4699 Dominum
3043 4638 3165 4709 ejus
3196 4635 3467 4703 baptismo
3493 4641 3595 4680 non

331 4756 416 4828 τῷ
451 4755 784 4826 βαπτίσματι
822 4754 1004 4809 αὑτοῦ.

740 4772 784 4807 τι
822 4754 1004 4809 αὑτοῦ.
2028 4744 2321 4805 credendo.

409 4849 498 4903 67.
529 4847 633 4902 Kal
663 4847 958 4918 ἠσθένησεν
988 4850 1016 4901 ὁ
1035 4847 1198 4919 νόμος
1231 4846 1296 4900 δι’
1325 4843 1540 4907 αὐτούς.

2099 4838 2188 4893 67.
2220 4835 2286 4890 Ει
2315 4835 2399 4889 lex
2441 4832 2715 4887 inﬁrmata
2739 4837 2822 4884 est
2853 4832 3074 4898 propter
3109 4833 3223 4875 eos.

409 4940 501 4996 68.
536 4942 656 4994 Ὀτι
685 4939 1001 5012 παρὼργισε
1033 4941 1124 4993 τὸν
1150 4939 1462 5010 λαλήσαντα
1493 4938 1559 4991 δι’
1590 4935 1756 4990 αὐτοῦ
1785 4935 1883 5007 (6).

1790 4935 1883 5007 [6).
2100 4929 2189 4984 68.
2220 4927 2359 4992 Quia
2384 4924 2734 4978 irritaverunt
2765 4919 3074 4988 loquentem
3093 4925 3196 5012 per
3225 4921 3371 4962 eum.

412 5032 500 5087 69.
537 5033 649 5087 Οὐκ
670 5003 945 5086 ἐτιέλόιλει
976 5033 1155 5095 αὐτοῖς
1184 5032 1214 5084 ὁ
1247 5003 1428 5103 νιίμος.
1794 5003 1802 5007 ⁷

1794 5003 1802 5007 ⁷
2101 5019 2189 5076 69.
2225 5018 2343 5073 Non
2376 5016 2613 5086 amplius
2639 5012 2720 5069 eis
2743 5007 3068 5080 loquebatur
3093 5003 3196 5057 lex.

413 5233 462 5268 “
486 5232 674 5289 Matth.
707 5250 841 5297 xvn,
873 5235 925 5289 5.
1004 5233 1048 5265 ³⁸
1073 5233 1194 5286 Act.
1225 5247 1326 5302 vn,
1360 5231 1451 5289 59.

1301 5403 1604 5465 Addenda
1643 5409 1698 5463 et
1745 5395 2118 5478 corrigenda
2156 5411 2232 5453 ex
2278 5387 2420 5450 cod.
2461 5383 2638 5445 Vutic

420 5597 496 5662 (ι)
528 5597 785 5659 Βοῶντος,
807 5604 938 5658 ειη..
968 5596 996 5646 ὁ
1043 5590 1342 5662 ἀγαπητὸς,
1370 5591 1425 5642 ἐν
1449 5579 1492 5656 ᾧ
1521 5584 1815 5657 ηὐδόκησα·
2105 5578 2180 5664 (ξ)
2209 5572 2553 5664 ζθτὲἳέέῖεἶίῗις

419 5649 496 5738 (ἐὶ
526 5649 937 5738 Ἑτεάὺἓὶξύςδ
1092 5649 1103 5660 ’
1467 5649 1552 5657 ’⁷
1711 5649 1722 5654 ⁷
1925 5717 1927 5719 ι
2105 5649 2184 5738 (ἓξ
2215 5649 2636 5738 ἓὶσῖἱῗῗέἓῖῗῖῗ
2691 5709 2710 5738 -.
2765 5703 2982 5738 .-.ρης

529 5719 911 5793 ὧναπολέσαι.
1921 5761 1928 5765 .
2113 5721 2188 5791 (6)
2220 5719 2580 5783 Παοώργισαν
2610 5728 2658 5762 τ.
2693 5727 2738 5761 ι..
2765 5719 2822 5759 εν
2847 5719 3013 5776 αυῑῳ.
