  <div class='ocr_page' id='page_1' title='image "/cluster/home/n/w/nwhite01/storage/ocr_20150623/27/mdp.39015007065769/580.png"; bbox 0 0 4004 6212; ppageno 0'>
   <div class='ocr_carea' id='block_1_1' title="bbox 297 318 3545 397">
    <p class='ocr_par' dir='ltr' id='par_1_1' title="bbox 297 318 3545 397">
     <span class='ocr_line' id='line_1_1' title="bbox 297 318 3545 397; baseline -0.002 -15"><span class='ocrx_word' id='word_1_1' title='bbox 297 343 422 397; x_wconf 70' lang='lat'><strong>“9|</strong></span> <span class='ocrx_word' id='word_1_2' title='bbox 1224 328 1311 384; x_wconf 86' lang='lat' dir='ltr'><strong>DE</strong></span> <span class='ocrx_word' id='word_1_3' title='bbox 1348 324 1624 383; x_wconf 85' lang='lat' dir='ltr'><strong>TITULIS</strong></span> <span class='ocrx_word' id='word_1_4' title='bbox 1658 323 2109 380; x_wconf 53' lang='lat' dir='ltr'><strong>PSALMORUM.</strong></span> <span class='ocrx_word' id='word_1_5' title='bbox 2147 353 2217 363; x_wconf 86' lang='lat'><strong>-—</strong></span> <span class='ocrx_word' id='word_1_6' title='bbox 2252 319 2450 376; x_wconf 74' lang='lat' dir='ltr'><strong>PSAL.</strong></span> <span class='ocrx_word' id='word_1_7' title='bbox 2495 318 2636 376; x_wconf 80' lang='lat' dir='ltr'><strong>CVI.</strong></span> <span class='ocrx_word' id='word_1_8' title='bbox 2735 353 2738 357; x_wconf 57' lang='grc' dir='ltr'><strong>ν</strong></span> <span class='ocrx_word' id='word_1_9' title='bbox 3403 321 3545 377; x_wconf 62' lang='grc'>1192</span> 
     </span>
    </p>
   </div>
   <div class='ocr_carea' id='block_1_2' title="bbox 355 433 1936 512">
    <p class='ocr_par' dir='ltr' id='par_1_2' title="bbox 355 440 1936 512">
     <span class='ocr_line' id='line_1_2' title="bbox 355 440 1936 512; baseline 0 -18"><span class='ocrx_word' id='word_1_10' title='bbox 355 441 443 499; x_wconf 82' lang='grc'><strong>88.</strong></span> <span class='ocrx_word' id='word_1_11' title='bbox 476 441 768 505; x_wconf 82' lang='grc' dir='ltr'>Πλεονάκις</span> <span class='ocrx_word' id='word_1_12' title='bbox 802 440 1070 512; x_wconf 72' lang='grc' dir='ltr'>ἐρρύσατο</span> <span class='ocrx_word' id='word_1_13' title='bbox 1096 440 1312 503; x_wconf 77' lang='grc' dir='ltr'>αὐτούς’</span> <span class='ocrx_word' id='word_1_14' title='bbox 1894 443 1936 500; x_wconf 78' lang='grc' dir='ltr'>Α</span> 
     </span>
    </p>
   </div>
   <div class='ocr_carea' id='block_1_3' title="bbox 1175 433 2756 512">
    <p class='ocr_par' dir='ltr' id='par_1_3' title="bbox 1175 433 2756 504">
     <span class='ocr_line' id='line_1_3' title="bbox 1175 433 2756 504; baseline -0.003 -13"><span class='ocrx_word' id='word_1_15' title='bbox 1175 440 1312 503; x_wconf 79' lang='grc' dir='ltr'>τούς·</span> <span class='ocrx_word' id='word_1_16' title='bbox 1894 443 1942 500; x_wconf 77' lang='grc' dir='ltr'>Α</span> <span class='ocrx_word' id='word_1_17' title='bbox 2039 435 2127 490; x_wconf 87' lang='grc'><strong>88.</strong></span> <span class='ocrx_word' id='word_1_18' title='bbox 2158 433 2308 504; x_wconf 62' lang='lat' dir='ltr'><strong>Saepe</strong></span> <span class='ocrx_word' id='word_1_19' title='bbox 2341 433 2589 488; x_wconf 78' lang='lat' dir='ltr'><strong>liberavit</strong></span> <span class='ocrx_word' id='word_1_20' title='bbox 2616 447 2712 488; x_wconf 89' lang='lat' dir='ltr'><strong>eos</strong></span> <span class='ocrx_word' id='word_1_21' title='bbox 2743 475 2756 486; x_wconf 95' lang='lat'><strong>.</strong></span> 
     </span>
    </p>
   </div>
   <div class='ocr_carea' id='block_1_4' title="bbox 356 524 1937 604">
    <p class='ocr_par' dir='ltr' id='par_1_4' title="bbox 356 531 1866 604">
     <span class='ocr_line' id='line_1_4' title="bbox 356 531 1866 604; baseline -0.004 -16"><span class='ocrx_word' id='word_1_22' title='bbox 356 534 444 588; x_wconf 86' lang='lat'><strong>89.</strong></span> <span class='ocrx_word' id='word_1_23' title='bbox 505 532 671 586; x_wconf 75' lang='grc' dir='ltr'>Αὐτοὶ</span> <span class='ocrx_word' id='word_1_24' title='bbox 715 532 774 585; x_wconf 85' lang='grc' dir='ltr'><strong>δέ</strong></span> <span class='ocrx_word' id='word_1_25' title='bbox 822 532 1238 604; x_wconf 83' lang='grc' dir='ltr'><strong>παρεπίκραναν</strong></span> <span class='ocrx_word' id='word_1_26' title='bbox 1283 533 1446 586; x_wconf 84' lang='grc' dir='ltr'>αὐτὸν</span> <span class='ocrx_word' id='word_1_27' title='bbox 1499 547 1554 585; x_wconf 87' lang='grc' dir='ltr'><strong>εν</strong></span> <span class='ocrx_word' id='word_1_28' title='bbox 1584 548 1650 602; x_wconf 78' lang='grc' dir='ltr'>τῃ</span> <span class='ocrx_word' id='word_1_29' title='bbox 1704 531 1866 600; x_wconf 74' lang='grc' dir='ltr'>βουλῇ</span> 
     </span>
    </p>
   </div>
   <div class='ocr_carea' id='block_1_5' title="bbox 1967 524 3548 604">
    <p class='ocr_par' dir='ltr' id='par_1_5' title="bbox 2043 524 3548 598">
     <span class='ocr_line' id='line_1_5' title="bbox 2043 524 3548 598; baseline -0.001 -16"><span class='ocrx_word' id='word_1_30' title='bbox 2043 527 2128 582; x_wconf 87' lang='grc'><strong>89.</strong></span> <span class='ocrx_word' id='word_1_31' title='bbox 2165 526 2272 598; x_wconf 88' lang='lat' dir='ltr'><strong>Ipsi</strong></span> <span class='ocrx_word' id='word_1_32' title='bbox 2321 535 2502 581; x_wconf 86' lang='lat' dir='ltr'><strong>autem</strong></span> <span class='ocrx_word' id='word_1_33' title='bbox 2552 525 3015 581; x_wconf 82' lang='lat' dir='ltr'><strong>exacerbaverunt</strong></span> <span class='ocrx_word' id='word_1_34' title='bbox 3053 540 3178 581; x_wconf 89' lang='lat' dir='ltr'><strong>eum</strong></span> <span class='ocrx_word' id='word_1_35' title='bbox 3226 524 3282 580; x_wconf 91' lang='lat' dir='ltr'><strong>in</strong></span> <span class='ocrx_word' id='word_1_36' title='bbox 3313 524 3548 581; x_wconf 75' lang='lat' dir='ltr'><strong>consilio</strong></span> 
     </span>
    </p>
   </div>
   <div class='ocr_carea' id='block_1_6' title="bbox 294 626 1875 688">
    <p class='ocr_par' dir='ltr' id='par_1_6' title="bbox 294 626 493 688">
     <span class='ocr_line' id='line_1_6' title="bbox 294 626 493 688; baseline -0.015 -4"><span class='ocrx_word' id='word_1_37' title='bbox 294 626 464 688; x_wconf 70' lang='grc' dir='ltr'>αὐτῶν</span> <span class='ocrx_word' id='word_1_38' title='bbox 479 645 493 658; x_wconf 86' lang='grc'><strong>·</strong></span> 
     </span>
    </p>
   </div>
   <div class='ocr_carea' id='block_1_7' title="bbox 532 626 2113 688">
    <p class='ocr_par' dir='ltr' id='par_1_7' title="bbox 1971 633 2113 676">
     <span class='ocr_line' id='line_1_7' title="bbox 1971 633 2113 676; baseline -0.014 0"><span class='ocrx_word' id='word_1_39' title='bbox 1971 633 2113 676; x_wconf 74' lang='lat' dir='ltr'><strong>SUO:</strong></span> 
     </span>
    </p>
   </div>
   <div class='ocr_carea' id='block_1_8' title="bbox 357 708 1938 785">
    <p class='ocr_par' dir='ltr' id='par_1_8' title="bbox 357 712 1797 785">
     <span class='ocr_line' id='line_1_8' title="bbox 357 712 1797 785; baseline -0.006 -11"><span class='ocrx_word' id='word_1_40' title='bbox 357 719 446 775; x_wconf 90' lang='lat'><strong>90.</strong></span> <span class='ocrx_word' id='word_1_41' title='bbox 475 717 580 772; x_wconf 98' lang='lat' dir='ltr'><strong>Kal</strong></span> <span class='ocrx_word' id='word_1_42' title='bbox 604 714 1046 785; x_wconf 74' lang='grc' dir='ltr'><strong>ἐταπεινώθησαν</strong></span> <span class='ocrx_word' id='word_1_43' title='bbox 1076 714 1134 767; x_wconf 90' lang='grc' dir='ltr'><strong>ἐν</strong></span> <span class='ocrx_word' id='word_1_44' title='bbox 1161 716 1280 777; x_wconf 87' lang='grc' dir='ltr'>ταῖς</span> <span class='ocrx_word' id='word_1_45' title='bbox 1306 713 1560 784; x_wconf 78' lang='grc' dir='ltr'>ἀνομίαις</span> <span class='ocrx_word' id='word_1_46' title='bbox 1592 712 1797 766; x_wconf 84' lang='grc' dir='ltr'>αὐτῶν.</span> 
     </span>
    </p>
   </div>
   <div class='ocr_carea' id='block_1_9' title="bbox 1764 708 3345 785">
    <p class='ocr_par' dir='ltr' id='par_1_9' title="bbox 1764 708 3345 780">
     <span class='ocr_line' id='line_1_9' title="bbox 1764 708 3345 780; baseline 0.005 -23"><span class='ocrx_word' id='word_1_47' title='bbox 1764 729 1797 766; x_wconf 79' lang='grc' dir='ltr'>ι.</span> <span class='ocrx_word' id='word_1_48' title='bbox 2044 712 2133 766; x_wconf 90' lang='lat'><strong>90.</strong></span> <span class='ocrx_word' id='word_1_49' title='bbox 2166 708 2231 764; x_wconf 88' lang='lat' dir='ltr'><strong>Et</strong></span> <span class='ocrx_word' id='word_1_50' title='bbox 2255 709 2522 764; x_wconf 79' lang='lat' dir='ltr'><strong>liumiliati</strong></span> <span class='ocrx_word' id='word_1_51' title='bbox 2557 717 2686 765; x_wconf 89' lang='lat' dir='ltr'><strong>sunt</strong></span> <span class='ocrx_word' id='word_1_52' title='bbox 2713 710 2767 764; x_wconf 91' lang='lat' dir='ltr'><strong>in</strong></span> <span class='ocrx_word' id='word_1_53' title='bbox 2802 709 3183 780; x_wconf 76' lang='lat' dir='ltr'><strong>iniquitatibus</strong></span> <span class='ocrx_word' id='word_1_54' title='bbox 3209 711 3345 766; x_wconf 89' lang='lat' dir='ltr'><strong>suis.</strong></span> 
     </span>
    </p>
   </div>
   <div class='ocr_carea' id='block_1_10' title="bbox 359 804 1940 881">
    <p class='ocr_par' dir='ltr' id='par_1_10' title="bbox 359 805 1696 881">
     <span class='ocr_line' id='line_1_10' title="bbox 359 805 1696 881; baseline -0.01 -12"><span class='ocrx_word' id='word_1_55' title='bbox 359 814 448 869; x_wconf 84' lang='lat'><strong>91.</strong></span> <span class='ocrx_word' id='word_1_56' title='bbox 476 812 580 866; x_wconf 84' lang='lat' dir='ltr'><strong>Kal</strong></span> <span class='ocrx_word' id='word_1_57' title='bbox 601 806 708 864; x_wconf 77' lang='grc' dir='ltr'>εἶδε</span> <span class='ocrx_word' id='word_1_58' title='bbox 739 810 940 881; x_wconf 80' lang='grc' dir='ltr'>Κύριος</span> <span class='ocrx_word' id='word_1_59' title='bbox 965 810 1022 861; x_wconf 85' lang='grc' dir='ltr'><strong>ἐν</strong></span> <span class='ocrx_word' id='word_1_60' title='bbox 1049 806 1126 877; x_wconf 84' lang='grc' dir='ltr'><strong>τῷ</strong></span> <span class='ocrx_word' id='word_1_61' title='bbox 1159 806 1434 860; x_wconf 80' lang='grc' dir='ltr'>θλίϐεσθαι</span> <span class='ocrx_word' id='word_1_62' title='bbox 1481 805 1696 869; x_wconf 78' lang='grc' dir='ltr'>αὐτούς’</span> 
     </span>
    </p>
   </div>
   <div class='ocr_carea' id='block_1_11' title="bbox 1864 804 3445 881">
    <p class='ocr_par' dir='ltr' id='par_1_11' title="bbox 2044 804 3445 874">
     <span class='ocr_line' id='line_1_11' title="bbox 2044 804 3445 874; baseline 0 -14"><span class='ocrx_word' id='word_1_63' title='bbox 2044 805 2133 860; x_wconf 89' lang='lat'><strong>9|.</strong></span> <span class='ocrx_word' id='word_1_64' title='bbox 2165 805 2227 859; x_wconf 85' lang='lat' dir='ltr'><strong>Et</strong></span> <span class='ocrx_word' id='word_1_65' title='bbox 2260 804 2390 858; x_wconf 87' lang='lat' dir='ltr'><strong>vidit</strong></span> <span class='ocrx_word' id='word_1_66' title='bbox 2422 804 2702 867; x_wconf 86' lang='lat' dir='ltr'><strong>Dominus,</strong></span> <span class='ocrx_word' id='word_1_67' title='bbox 2730 819 2855 858; x_wconf 92' lang='lat' dir='ltr'><strong>cum</strong></span> <span class='ocrx_word' id='word_1_68' title='bbox 2887 805 2986 874; x_wconf 89' lang='lat' dir='ltr'><strong>ipsi</strong></span> <span class='ocrx_word' id='word_1_69' title='bbox 3017 805 3403 860; x_wconf 88' lang='lat' dir='ltr'><strong>tribularentur</strong></span> <span class='ocrx_word' id='word_1_70' title='bbox 3429 823 3445 860; x_wconf 89' lang='lat'><strong>:</strong></span> 
     </span>
    </p>
   </div>
   <div class='ocr_carea' id='block_1_12' title="bbox 360 898 1941 975">
    <p class='ocr_par' dir='ltr' id='par_1_12' title="bbox 360 899 1862 975">
     <span class='ocr_line' id='line_1_12' title="bbox 360 899 1862 975; baseline -0.007 -13"><span class='ocrx_word' id='word_1_71' title='bbox 360 906 452 962; x_wconf 72' lang='lat'><strong>92.</strong></span> <span class='ocrx_word' id='word_1_72' title='bbox 492 907 579 960; x_wconf 91' lang='grc' dir='ltr'><strong>Ἐν</strong></span> <span class='ocrx_word' id='word_1_73' title='bbox 605 903 680 975; x_wconf 85' lang='grc' dir='ltr'>τῷ</span> <span class='ocrx_word' id='word_1_74' title='bbox 717 902 878 956; x_wconf 84' lang='grc' dir='ltr'>αὐτὸν</span> <span class='ocrx_word' id='word_1_75' title='bbox 909 901 1222 956; x_wconf 81' lang='grc' dir='ltr'>εἰσακοῦσαι</span> <span class='ocrx_word' id='word_1_76' title='bbox 1251 901 1350 970; x_wconf 83' lang='grc' dir='ltr'>τῆς</span> <span class='ocrx_word' id='word_1_77' title='bbox 1371 901 1608 971; x_wconf 82' lang='grc' dir='ltr'><strong>δεήσεως</strong></span> <span class='ocrx_word' id='word_1_78' title='bbox 1631 899 1862 959; x_wconf 62' lang='grc' dir='ltr'><strong>αὐτῶν.Δ</strong></span> 
     </span>
    </p>
   </div>
   <div class='ocr_carea' id='block_1_13' title="bbox 1455 898 3036 975">
    <p class='ocr_par' dir='ltr' id='par_1_13' title="bbox 1455 898 3036 971">
     <span class='ocr_line' id='line_1_13' title="bbox 1455 898 3036 971; baseline -0.001 -19"><span class='ocrx_word' id='word_1_79' title='bbox 1455 917 1608 971; x_wconf 67' lang='grc' dir='ltr'>ισεως</span> <span class='ocrx_word' id='word_1_80' title='bbox 1631 899 1862 959; x_wconf 58' lang='grc' dir='ltr'>αὐτῶν-</span> <span class='ocrx_word' id='word_1_81' title='bbox 2043 899 2132 954; x_wconf 66' lang='lat'><strong>92.</strong></span> <span class='ocrx_word' id='word_1_82' title='bbox 2162 898 2227 954; x_wconf 84' lang='lat' dir='ltr'><strong>Et</strong></span> <span class='ocrx_word' id='word_1_83' title='bbox 2264 898 2468 954; x_wconf 87' lang='lat' dir='ltr'><strong>audivit</strong></span> <span class='ocrx_word' id='word_1_84' title='bbox 2497 899 2798 952; x_wconf 84' lang='lat' dir='ltr'><strong>oralionem</strong></span> <span class='ocrx_word' id='word_1_85' title='bbox 2818 913 3036 951; x_wconf 86' lang='lat' dir='ltr'><strong>eorum.</strong></span> 
     </span>
    </p>
   </div>
   <div class='ocr_carea' id='block_1_14' title="bbox 363 989 1944 1068">
    <p class='ocr_par' dir='ltr' id='par_1_14' title="bbox 363 992 1499 1068">
     <span class='ocr_line' id='line_1_14' title="bbox 363 992 1499 1068; baseline -0.011 -12"><span class='ocrx_word' id='word_1_86' title='bbox 363 999 450 1056; x_wconf 79' lang='grc'>95.</span> <span class='ocrx_word' id='word_1_87' title='bbox 487 997 590 1051; x_wconf 80' lang='grc' dir='ltr'><strong>Καὶ</strong></span> <span class='ocrx_word' id='word_1_88' title='bbox 619 995 860 1068; x_wconf 84' lang='grc' dir='ltr'>ἐμνήσθη</span> <span class='ocrx_word' id='word_1_89' title='bbox 887 994 986 1065; x_wconf 83' lang='grc' dir='ltr'>τῆς</span> <span class='ocrx_word' id='word_1_90' title='bbox 1014 994 1279 1065; x_wconf 84' lang='grc' dir='ltr'><strong>διαθήκης</strong></span> <span class='ocrx_word' id='word_1_91' title='bbox 1311 992 1499 1046; x_wconf 75' lang='grc' dir='ltr'>αὐτοῦ’</span> 
     </span>
    </p>
   </div>
   <div class='ocr_carea' id='block_1_15' title="bbox 1514 989 3095 1068">
    <p class='ocr_par' dir='ltr' id='par_1_15' title="bbox 2046 989 3095 1058">
     <span class='ocr_line' id='line_1_15' title="bbox 2046 989 3095 1058; baseline -0.004 -12"><span class='ocrx_word' id='word_1_92' title='bbox 2046 993 2135 1047; x_wconf 78' lang='grc'>95.</span> <span class='ocrx_word' id='word_1_93' title='bbox 2173 991 2240 1046; x_wconf 83' lang='grc' dir='ltr'>Ει</span> <span class='ocrx_word' id='word_1_94' title='bbox 2262 1007 2478 1058; x_wconf 86' lang='lat' dir='ltr'><strong>memor</strong></span> <span class='ocrx_word' id='word_1_95' title='bbox 2504 989 2609 1044; x_wconf 85' lang='lat' dir='ltr'><strong>fuit</strong></span> <span class='ocrx_word' id='word_1_96' title='bbox 2637 991 2945 1045; x_wconf 79' lang='lat' dir='ltr'><strong>testamenti</strong></span> <span class='ocrx_word' id='word_1_97' title='bbox 2972 990 3056 1043; x_wconf 92' lang='lat' dir='ltr'><strong>sui</strong></span> <span class='ocrx_word' id='word_1_98' title='bbox 3085 1009 3095 1043; x_wconf 93' lang='lat'><strong>:</strong></span> 
     </span>
    </p>
   </div>
   <div class='ocr_carea' id='block_1_16' title="bbox 365 1079 1946 1160">
    <p class='ocr_par' dir='ltr' id='par_1_16' title="bbox 365 1082 1868 1160">
     <span class='ocr_line' id='line_1_16' title="bbox 365 1082 1868 1160; baseline -0.007 -14"><span class='ocrx_word' id='word_1_99' title='bbox 365 1091 452 1147; x_wconf 68' lang='lat'><strong>96.</strong></span> <span class='ocrx_word' id='word_1_100' title='bbox 488 1089 594 1144; x_wconf 87' lang='lat' dir='ltr'><strong>Kal</strong></span> <span class='ocrx_word' id='word_1_101' title='bbox 617 1086 956 1160; x_wconf 82' lang='grc' dir='ltr'>μετεμελήθη</span> <span class='ocrx_word' id='word_1_102' title='bbox 987 1085 1129 1141; x_wconf 76' lang='grc' dir='ltr'>κατὰ</span> <span class='ocrx_word' id='word_1_103' title='bbox 1168 1085 1228 1138; x_wconf 88' lang='grc' dir='ltr'><strong>τὸ</strong></span> <span class='ocrx_word' id='word_1_104' title='bbox 1279 1084 1484 1154; x_wconf 80' lang='grc' dir='ltr'>πλῆθος</span> <span class='ocrx_word' id='word_1_105' title='bbox 1529 1083 1623 1136; x_wconf 83' lang='grc' dir='ltr'>τοῦ</span> <span class='ocrx_word' id='word_1_106' title='bbox 1684 1082 1868 1146; x_wconf 77' lang='grc' dir='ltr'><strong>ἐλέους</strong></span> 
     </span>
    </p>
   </div>
   <div class='ocr_carea' id='block_1_17' title="bbox 1962 1079 3543 1160">
    <p class='ocr_par' dir='ltr' id='par_1_17' title="bbox 2044 1079 3543 1154">
     <span class='ocr_line' id='line_1_17' title="bbox 2044 1079 3543 1154; baseline -0.001 -15"><span class='ocrx_word' id='word_1_107' title='bbox 2044 1083 2132 1139; x_wconf 71' lang='grc'><strong>94.</strong></span> <span class='ocrx_word' id='word_1_108' title='bbox 2191 1082 2257 1137; x_wconf 83' lang='grc' dir='ltr'>Ει</span> <span class='ocrx_word' id='word_1_109' title='bbox 2299 1082 2555 1154; x_wconf 73' lang='lat' dir='ltr'><strong>paenituit</strong></span> <span class='ocrx_word' id='word_1_110' title='bbox 2611 1097 2736 1137; x_wconf 90' lang='lat' dir='ltr'><strong>eum</strong></span> <span class='ocrx_word' id='word_1_111' title='bbox 2792 1081 3092 1136; x_wconf 88' lang='lat' dir='ltr'><strong>secundum</strong></span> <span class='ocrx_word' id='word_1_112' title='bbox 3141 1079 3543 1138; x_wconf 87' lang='lat' dir='ltr'><strong>multitudinem</strong></span> 
     </span>
    </p>
   </div>
   <div class='ocr_carea' id='block_1_18' title="bbox 291 1176 1872 1240">
    <p class='ocr_par' dir='ltr' id='par_1_18' title="bbox 291 1184 564 1240">
     <span class='ocr_line' id='line_1_18' title="bbox 291 1184 564 1240; baseline -0.015 0"><span class='ocrx_word' id='word_1_113' title='bbox 291 1184 483 1240; x_wconf 83' lang='grc' dir='ltr'>αὐτοῦ.</span> <span class='ocrx_word' id='word_1_114' title='bbox 555 1217 564 1225; x_wconf 93' lang='lat'><strong><em>-</em></strong></span> 
     </span>
    </p>
   </div>
   <div class='ocr_carea' id='block_1_19' title="bbox 947 1176 2528 1240">
    <p class='ocr_par' dir='ltr' id='par_1_19' title="bbox 1974 1176 2528 1232">
     <span class='ocr_line' id='line_1_19' title="bbox 1974 1176 2528 1232; baseline -0.009 0"><span class='ocrx_word' id='word_1_115' title='bbox 1974 1176 2363 1232; x_wconf 54' lang='lat' dir='ltr'><strong>misericordia</strong></span> <span class='ocrx_word' id='word_1_116' title='bbox 2397 1191 2528 1231; x_wconf 59' lang='lat' dir='ltr'><strong>sua.</strong></span> 
     </span>
    </p>
   </div>
   <div class='ocr_carea' id='block_1_20' title="bbox 365 1264 1946 1343">
    <p class='ocr_par' dir='ltr' id='par_1_20' title="bbox 365 1270 1507 1343">
     <span class='ocr_line' id='line_1_20' title="bbox 365 1270 1507 1343; baseline -0.009 -10"><span class='ocrx_word' id='word_1_117' title='bbox 365 1277 452 1333; x_wconf 83' lang='lat'><strong>95.</strong></span> <span class='ocrx_word' id='word_1_118' title='bbox 485 1276 590 1331; x_wconf 90' lang='lat' dir='ltr'><strong>Kal</strong></span> <span class='ocrx_word' id='word_1_119' title='bbox 617 1275 814 1329; x_wconf 77' lang='grc' dir='ltr'>ἔδωκεν</span> <span class='ocrx_word' id='word_1_120' title='bbox 842 1272 1037 1334; x_wconf 84' lang='grc' dir='ltr'>αὐτοὺς</span> <span class='ocrx_word' id='word_1_121' title='bbox 1058 1272 1138 1336; x_wconf 80' lang='grc' dir='ltr'><strong>είς</strong></span> <span class='ocrx_word' id='word_1_122' title='bbox 1171 1270 1507 1343; x_wconf 80' lang='grc' dir='ltr'>οἰκτιρμούς,</span> 
     </span>
    </p>
   </div>
   <div class='ocr_carea' id='block_1_21' title="bbox 1492 1264 3073 1343">
    <p class='ocr_par' dir='ltr' id='par_1_21' title="bbox 1492 1264 3073 1335">
     <span class='ocr_line' id='line_1_21' title="bbox 1492 1264 3073 1335; baseline 0 -15"><span class='ocrx_word' id='word_1_123' title='bbox 1492 1310 1507 1335; x_wconf 86' lang='grc'><strong>,</strong></span> <span class='ocrx_word' id='word_1_124' title='bbox 2042 1266 2133 1321; x_wconf 79' lang='lat'><strong>95.</strong></span> <span class='ocrx_word' id='word_1_125' title='bbox 2169 1265 2233 1320; x_wconf 88' lang='lat' dir='ltr'><strong>Et</strong></span> <span class='ocrx_word' id='word_1_126' title='bbox 2263 1266 2410 1320; x_wconf 91' lang='lat' dir='ltr'><strong>dedit</strong></span> <span class='ocrx_word' id='word_1_127' title='bbox 2438 1281 2532 1321; x_wconf 90' lang='lat' dir='ltr'><strong>eos</strong></span> <span class='ocrx_word' id='word_1_128' title='bbox 2562 1266 2617 1320; x_wconf 91' lang='lat' dir='ltr'><strong>in</strong></span> <span class='ocrx_word' id='word_1_129' title='bbox 2649 1264 3073 1331; x_wconf 82' lang='lat' dir='ltr'><strong>misericordias,</strong></span> 
     </span>
    </p>
   </div>
   <div class='ocr_carea' id='block_1_22' title="bbox 365 1357 1946 1435">
    <p class='ocr_par' dir='ltr' id='par_1_22' title="bbox 365 1363 1872 1435">
     <span class='ocr_line' id='line_1_22' title="bbox 365 1363 1872 1435; baseline -0.006 -10"><span class='ocrx_word' id='word_1_130' title='bbox 365 1371 454 1426; x_wconf 90' lang='lat'><strong>96.</strong></span> <span class='ocrx_word' id='word_1_131' title='bbox 517 1368 787 1423; x_wconf 86' lang='grc' dir='ltr'>Ἐναντίον</span> <span class='ocrx_word' id='word_1_132' title='bbox 850 1365 1064 1420; x_wconf 83' lang='grc' dir='ltr'>πάντων</span> <span class='ocrx_word' id='word_1_133' title='bbox 1136 1363 1244 1418; x_wconf 84' lang='grc' dir='ltr'>τῶν</span> <span class='ocrx_word' id='word_1_134' title='bbox 1311 1363 1872 1435; x_wconf 84' lang='grc' dir='ltr'>αίχμαλωτευσάντων</span> 
     </span>
    </p>
   </div>
   <div class='ocr_carea' id='block_1_23' title="bbox 1823 1357 3404 1435">
    <p class='ocr_par' dir='ltr' id='par_1_23' title="bbox 1823 1357 3404 1430">
     <span class='ocr_line' id='line_1_23' title="bbox 1823 1357 3404 1430; baseline 0 -14"><span class='ocrx_word' id='word_1_135' title='bbox 1823 1379 1872 1416; x_wconf 87' lang='grc' dir='ltr'>›ν</span> <span class='ocrx_word' id='word_1_136' title='bbox 2047 1357 2136 1414; x_wconf 86' lang='grc'>96.</span> <span class='ocrx_word' id='word_1_137' title='bbox 2165 1357 2224 1413; x_wconf 87' lang='lat' dir='ltr'><strong>1n</strong></span> <span class='ocrx_word' id='word_1_138' title='bbox 2258 1371 2555 1428; x_wconf 89' lang='lat' dir='ltr'><strong>conspectu</strong></span> <span class='ocrx_word' id='word_1_139' title='bbox 2585 1358 2852 1425; x_wconf 89' lang='lat' dir='ltr'><strong>omnium,</strong></span> <span class='ocrx_word' id='word_1_140' title='bbox 2888 1358 2981 1430; x_wconf 90' lang='lat' dir='ltr'><strong>qui</strong></span> <span class='ocrx_word' id='word_1_141' title='bbox 3012 1367 3262 1428; x_wconf 85' lang='lat' dir='ltr'><strong>ceperant</strong></span> <span class='ocrx_word' id='word_1_142' title='bbox 3287 1375 3404 1416; x_wconf 91' lang='lat' dir='ltr'><strong>eos.</strong></span> 
     </span>
    </p>
   </div>
   <div class='ocr_carea' id='block_1_24' title="bbox 293 1463 525 1526">
    <p class='ocr_par' dir='ltr' id='par_1_24' title="bbox 293 1463 525 1526">
     <span class='ocr_line' id='line_1_24' title="bbox 293 1463 525 1526; baseline -0.004 -8"><span class='ocrx_word' id='word_1_143' title='bbox 293 1463 525 1526; x_wconf 72' lang='grc' dir='ltr'>αὐτούς,</span> 
     </span>
    </p>
   </div>
   <div class='ocr_carea' id='block_1_25' title="bbox 366 1536 1947 1624">
    <p class='ocr_par' dir='ltr' id='par_1_25' title="bbox 366 1549 1494 1624">
     <span class='ocr_line' id='line_1_25' title="bbox 366 1549 1494 1624; baseline -0.008 -15"><span class='ocrx_word' id='word_1_144' title='bbox 366 1557 456 1611; x_wconf 85' lang='grc'>97.</span> <span class='ocrx_word' id='word_1_145' title='bbox 482 1556 661 1607; x_wconf 83' lang='grc' dir='ltr'>Σῶσον</span> <span class='ocrx_word' id='word_1_146' title='bbox 688 1553 854 1624; x_wconf 79' lang='grc' dir='ltr'>ἡμᾶς,</span> <span class='ocrx_word' id='word_1_147' title='bbox 883 1550 1049 1622; x_wconf 80' lang='grc' dir='ltr'>Κύριε</span> <span class='ocrx_word' id='word_1_148' title='bbox 1077 1551 1104 1602; x_wconf 94' lang='lat'><strong>6</strong></span> <span class='ocrx_word' id='word_1_149' title='bbox 1136 1549 1266 1612; x_wconf 85' lang='grc' dir='ltr'>Θεὸς</span> <span class='ocrx_word' id='word_1_150' title='bbox 1290 1549 1443 1621; x_wconf 81' lang='grc' dir='ltr'>ἡμῶν</span> <span class='ocrx_word' id='word_1_151' title='bbox 1479 1564 1494 1580; x_wconf 88' lang='grc'><strong>·</strong></span> 
     </span>
    </p>
   </div>
   <div class='ocr_carea' id='block_1_26' title="bbox 1734 1536 3315 1624">
    <p class='ocr_par' dir='ltr' id='par_1_26' title="bbox 2049 1536 3315 1604">
     <span class='ocr_line' id='line_1_26' title="bbox 2049 1536 3315 1604; baseline 0.003 -10"><span class='ocrx_word' id='word_1_152' title='bbox 2049 1538 2136 1594; x_wconf 89' lang='lat'><strong>97.</strong></span> <span class='ocrx_word' id='word_1_153' title='bbox 2171 1536 2361 1594; x_wconf 87' lang='lat' dir='ltr'><strong>Salvos</strong></span> <span class='ocrx_word' id='word_1_154' title='bbox 2387 1555 2486 1594; x_wconf 91' lang='lat' dir='ltr'><strong>nos</strong></span> <span class='ocrx_word' id='word_1_155' title='bbox 2515 1537 2621 1604; x_wconf 84' lang='lat' dir='ltr'><strong>fac,</strong></span> <span class='ocrx_word' id='word_1_156' title='bbox 2657 1539 2887 1594; x_wconf 90' lang='lat' dir='ltr'><strong>Domine</strong></span> <span class='ocrx_word' id='word_1_157' title='bbox 2921 1538 3064 1594; x_wconf 85' lang='lat' dir='ltr'><strong>Deus</strong></span> <span class='ocrx_word' id='word_1_158' title='bbox 3095 1548 3315 1598; x_wconf 86' lang='lat' dir='ltr'><strong>noster:</strong></span> 
     </span>
    </p>
   </div>
   <div class='ocr_carea' id='block_1_27' title="bbox 369 1631 1950 1716">
    <p class='ocr_par' dir='ltr' id='par_1_27' title="bbox 369 1641 1656 1716">
     <span class='ocr_line' id='line_1_27' title="bbox 369 1641 1656 1716; baseline -0.009 -11"><span class='ocrx_word' id='word_1_159' title='bbox 369 1652 458 1706; x_wconf 88' lang='lat'><strong>98.</strong></span> <span class='ocrx_word' id='word_1_160' title='bbox 495 1651 606 1703; x_wconf 90' lang='lat' dir='ltr'><strong>Kal</strong></span> <span class='ocrx_word' id='word_1_161' title='bbox 639 1647 1007 1715; x_wconf 84' lang='grc' dir='ltr'>ἐπισυνάγαγε</span> <span class='ocrx_word' id='word_1_162' title='bbox 1042 1646 1188 1716; x_wconf 79' lang='grc' dir='ltr'>ἡμᾶς</span> <span class='ocrx_word' id='word_1_163' title='bbox 1210 1647 1273 1697; x_wconf 83' lang='grc' dir='ltr'><strong>ἐκ</strong></span> <span class='ocrx_word' id='word_1_164' title='bbox 1307 1643 1415 1696; x_wconf 82' lang='grc' dir='ltr'><strong>τῶν</strong></span> <span class='ocrx_word' id='word_1_165' title='bbox 1446 1641 1617 1695; x_wconf 85' lang='grc' dir='ltr'>ἐθνῶν</span> <span class='ocrx_word' id='word_1_166' title='bbox 1642 1658 1656 1671; x_wconf 78' lang='grc' dir='ltr'><strong>ο</strong></span> 
     </span>
    </p>
   </div>
   <div class='ocr_carea' id='block_1_28' title="bbox 1556 1631 3137 1716">
    <p class='ocr_par' dir='ltr' id='par_1_28' title="bbox 1556 1631 3137 1702">
     <span class='ocr_line' id='line_1_28' title="bbox 1556 1631 3137 1702; baseline 0 -14"><span class='ocrx_word' id='word_1_167' title='bbox 1556 1641 1617 1693; x_wconf 73' lang='lat' dir='ltr'><strong>Iw</strong></span> <span class='ocrx_word' id='word_1_168' title='bbox 1642 1658 1656 1671; x_wconf 82' lang='lat'><strong>-</strong></span> <span class='ocrx_word' id='word_1_169' title='bbox 2044 1631 2134 1686; x_wconf 87' lang='lat'><strong>98.</strong></span> <span class='ocrx_word' id='word_1_170' title='bbox 2166 1631 2232 1686; x_wconf 87' lang='lat' dir='ltr'><strong>Et</strong></span> <span class='ocrx_word' id='word_1_171' title='bbox 2259 1647 2526 1702; x_wconf 76' lang='lat' dir='ltr'><strong>congrega</strong></span> <span class='ocrx_word' id='word_1_172' title='bbox 2551 1647 2654 1687; x_wconf 92' lang='lat' dir='ltr'><strong>nos</strong></span> <span class='ocrx_word' id='word_1_173' title='bbox 2682 1632 2749 1687; x_wconf 93' lang='lat' dir='ltr'><strong>de</strong></span> <span class='ocrx_word' id='word_1_174' title='bbox 2783 1633 3094 1688; x_wconf 88' lang='lat' dir='ltr'><strong>nationibus</strong></span> <span class='ocrx_word' id='word_1_175' title='bbox 3121 1650 3137 1688; x_wconf 91' lang='lat'><strong>:</strong></span> 
     </span>
    </p>
   </div>
   <div class='ocr_carea' id='block_1_29' title="bbox 369 1721 1950 1812">
    <p class='ocr_par' dir='ltr' id='par_1_29' title="bbox 369 1729 1940 1812">
     <span class='ocr_line' id='line_1_29' title="bbox 369 1729 1940 1812; baseline -0.015 -12"><span class='ocrx_word' id='word_1_176' title='bbox 369 1747 458 1800; x_wconf 89' lang='lat'><strong>99.</strong></span> <span class='ocrx_word' id='word_1_177' title='bbox 485 1743 591 1797; x_wconf 89' lang='lat' dir='ltr'><strong>T06</strong></span> <span class='ocrx_word' id='word_1_178' title='bbox 611 1739 1103 1812; x_wconf 82' lang='grc' dir='ltr'>ἐξομολογήσασθαι</span> <span class='ocrx_word' id='word_1_179' title='bbox 1129 1737 1208 1808; x_wconf 81' lang='grc' dir='ltr'>τῷ</span> <span class='ocrx_word' id='word_1_180' title='bbox 1234 1735 1455 1806; x_wconf 83' lang='grc' dir='ltr'>ὀνόματί</span> <span class='ocrx_word' id='word_1_181' title='bbox 1483 1751 1574 1786; x_wconf 91' lang='grc' dir='ltr'><strong>σου</strong></span> <span class='ocrx_word' id='word_1_182' title='bbox 1604 1731 1682 1804; x_wconf 85' lang='grc' dir='ltr'>τῷ</span> <span class='ocrx_word' id='word_1_183' title='bbox 1703 1729 1866 1803; x_wconf 80' lang='grc' dir='ltr'>ἁγίῳ·</span> <span class='ocrx_word' id='word_1_184' title='bbox 1901 1805 1940 1812; x_wconf 75' lang='lat'><em>_</em></span> 
     </span>
    </p>
   </div>
   <div class='ocr_carea' id='block_1_30' title="bbox 1653 1721 3234 1812">
    <p class='ocr_par' dir='ltr' id='par_1_30' title="bbox 1653 1721 3234 1812">
     <span class='ocr_line' id='line_1_30' title="bbox 1653 1721 3234 1812; baseline -0.004 -26"><span class='ocrx_word' id='word_1_185' title='bbox 1653 1729 1866 1804; x_wconf 70' lang='grc' dir='ltr'>ῖιὰγίῳ·</span> <span class='ocrx_word' id='word_1_186' title='bbox 1901 1805 1940 1812; x_wconf 82' lang='lat'><em>_</em></span> <span class='ocrx_word' id='word_1_187' title='bbox 2045 1723 2135 1778; x_wconf 91' lang='lat'><strong>99.</strong></span> <span class='ocrx_word' id='word_1_188' title='bbox 2166 1721 2236 1777; x_wconf 90' lang='lat' dir='ltr'><strong>Ut</strong></span> <span class='ocrx_word' id='word_1_189' title='bbox 2261 1723 2616 1778; x_wconf 84' lang='lat' dir='ltr'><strong>conﬁteamur</strong></span> <span class='ocrx_word' id='word_1_190' title='bbox 2642 1724 2846 1777; x_wconf 90' lang='lat' dir='ltr'><strong>nomini</strong></span> <span class='ocrx_word' id='word_1_191' title='bbox 2871 1731 3062 1779; x_wconf 86' lang='lat' dir='ltr'><strong>sancto</strong></span> <span class='ocrx_word' id='word_1_192' title='bbox 3102 1732 3234 1780; x_wconf 88' lang='lat' dir='ltr'><strong>tuo:</strong></span> 
     </span>
    </p>
   </div>
   <div class='ocr_carea' id='block_1_31' title="bbox 372 1805 1953 1904">
    <p class='ocr_par' dir='ltr' id='par_1_31' title="bbox 372 1805 1948 1904">
     <span class='ocr_line' id='line_1_31' title="bbox 372 1805 1948 1904; baseline -0.009 -14"><span class='ocrx_word' id='word_1_193' title='bbox 372 1836 495 1890; x_wconf 87' lang='grc'>100.</span> <span class='ocrx_word' id='word_1_194' title='bbox 529 1835 634 1889; x_wconf 82' lang='grc' dir='ltr'>Τοῦ</span> <span class='ocrx_word' id='word_1_195' title='bbox 661 1805 1029 1904; x_wconf 74' lang='grc' dir='ltr'>ἐγκαυχᾶισθαι</span> <span class='ocrx_word' id='word_1_196' title='bbox 1058 1833 1115 1884; x_wconf 87' lang='grc' dir='ltr'><strong>ἐν</strong></span> <span class='ocrx_word' id='word_1_197' title='bbox 1133 1805 1198 1901; x_wconf 65' lang='grc' dir='ltr'>τῇ</span> <span class='ocrx_word' id='word_1_198' title='bbox 1222 1805 1422 1882; x_wconf 79' lang='grc' dir='ltr'>αἰνέσει</span> <span class='ocrx_word' id='word_1_199' title='bbox 1456 1843 1569 1880; x_wconf 91' lang='grc' dir='ltr'>σου.</span> <span class='ocrx_word' id='word_1_200' title='bbox 1898 1805 1948 1864; x_wconf 71' lang='grc' dir='ltr'><em>Β</em></span> 
     </span>
    </p>
   </div>
   <div class='ocr_carea' id='block_1_32' title="bbox 1414 1805 2995 1904">
    <p class='ocr_par' dir='ltr' id='par_1_32' title="bbox 1414 1805 2995 1885">
     <span class='ocr_line' id='line_1_32' title="bbox 1414 1805 2995 1885; baseline 0.004 -23"><span class='ocrx_word' id='word_1_201' title='bbox 1414 1845 1422 1880; x_wconf 61' lang='grc' dir='ltr'>ε</span> <span class='ocrx_word' id='word_1_202' title='bbox 1456 1843 1569 1880; x_wconf 63' lang='grc' dir='ltr'>σου,</span> <span class='ocrx_word' id='word_1_203' title='bbox 1898 1805 1948 1864; x_wconf 80' lang='grc' dir='ltr'><em>Β</em></span> <span class='ocrx_word' id='word_1_204' title='bbox 2040 1815 2162 1870; x_wconf 89' lang='grc'>100.</span> <span class='ocrx_word' id='word_1_205' title='bbox 2197 1816 2262 1870; x_wconf 84' lang='lat' dir='ltr'><strong>Et</strong></span> <span class='ocrx_word' id='word_1_206' title='bbox 2284 1815 2578 1885; x_wconf 81' lang='lat' dir='ltr'><strong>gloriemur</strong></span> <span class='ocrx_word' id='word_1_207' title='bbox 2599 1815 2658 1870; x_wconf 91' lang='lat' dir='ltr'><strong>in</strong></span> <span class='ocrx_word' id='word_1_208' title='bbox 2697 1816 2855 1872; x_wconf 88' lang='lat' dir='ltr'><strong>laude</strong></span> <span class='ocrx_word' id='word_1_209' title='bbox 2882 1825 2995 1870; x_wconf 88' lang='lat' dir='ltr'><strong>tua.</strong></span> 
     </span>
    </p>
   </div>
   <div class='ocr_carea' id='block_1_33' title="bbox 371 1907 1952 1997">
    <p class='ocr_par' dir='ltr' id='par_1_33' title="bbox 371 1916 1582 1997">
     <span class='ocr_line' id='line_1_33' title="bbox 371 1916 1582 1997; baseline -0.012 -15"><span class='ocrx_word' id='word_1_210' title='bbox 371 1927 493 1982; x_wconf 82' lang='lat'><strong>101.</strong></span> <span class='ocrx_word' id='word_1_211' title='bbox 529 1926 830 1997; x_wconf 77' lang='grc' dir='ltr'>Εὐλογητὸς</span> <span class='ocrx_word' id='word_1_212' title='bbox 879 1923 1081 1995; x_wconf 84' lang='grc' dir='ltr'>Κύριος</span> <span class='ocrx_word' id='word_1_213' title='bbox 1102 1923 1130 1974; x_wconf 91' lang='lat'><strong>6</strong></span> <span class='ocrx_word' id='word_1_214' title='bbox 1161 1919 1293 1983; x_wconf 71' lang='grc' dir='ltr'>θεὸς</span> <span class='ocrx_word' id='word_1_215' title='bbox 1333 1916 1582 1988; x_wconf 85' lang='grc' dir='ltr'>Ἰσραήλ·</span> 
     </span>
    </p>
   </div>
   <div class='ocr_carea' id='block_1_34' title="bbox 1620 1907 3201 1997">
    <p class='ocr_par' dir='ltr' id='par_1_34' title="bbox 2042 1907 3201 1965">
     <span class='ocr_line' id='line_1_34' title="bbox 2042 1907 3201 1965; baseline -0.001 0"><span class='ocrx_word' id='word_1_216' title='bbox 2042 1911 2164 1965; x_wconf 92' lang='grc'>101.</span> <span class='ocrx_word' id='word_1_217' title='bbox 2186 1908 2510 1964; x_wconf 84' lang='lat' dir='ltr'><strong>Benedictus</strong></span> <span class='ocrx_word' id='word_1_218' title='bbox 2539 1907 2801 1964; x_wconf 85' lang='lat' dir='ltr'><strong>Dominus</strong></span> <span class='ocrx_word' id='word_1_219' title='bbox 2830 1908 2972 1964; x_wconf 86' lang='lat' dir='ltr'><strong>Deus</strong></span> <span class='ocrx_word' id='word_1_220' title='bbox 2997 1907 3162 1964; x_wconf 89' lang='lat' dir='ltr'><strong>Israel</strong></span> <span class='ocrx_word' id='word_1_221' title='bbox 3187 1929 3201 1964; x_wconf 89' lang='lat'><strong>:</strong></span> 
     </span>
    </p>
   </div>
   <div class='ocr_carea' id='block_1_35' title="bbox 370 1999 1951 2077">
    <p class='ocr_par' dir='ltr' id='par_1_35' title="bbox 370 2007 1603 2077">
     <span class='ocr_line' id='line_1_35' title="bbox 370 2007 1603 2077; baseline -0.011 -5"><span class='ocrx_word' id='word_1_222' title='bbox 370 2018 494 2074; x_wconf 69' lang='lat'><strong>102.</strong></span> <span class='ocrx_word' id='word_1_223' title='bbox 531 2017 662 2070; x_wconf 85' lang='grc' dir='ltr'>Ἀπὸ</span> <span class='ocrx_word' id='word_1_224' title='bbox 681 2016 773 2069; x_wconf 83' lang='grc' dir='ltr'>τοῦ</span> <span class='ocrx_word' id='word_1_225' title='bbox 796 2014 987 2077; x_wconf 74' lang='grc' dir='ltr'>αἰῶνος</span> <span class='ocrx_word' id='word_1_226' title='bbox 1014 2013 1109 2066; x_wconf 72' lang='grc' dir='ltr'><strong>καὶ</strong></span> <span class='ocrx_word' id='word_1_227' title='bbox 1138 2011 1242 2072; x_wconf 74' lang='grc' dir='ltr'><strong>ἕως</strong></span> <span class='ocrx_word' id='word_1_228' title='bbox 1264 2007 1358 2061; x_wconf 80' lang='grc' dir='ltr'>τοῦ</span> <span class='ocrx_word' id='word_1_229' title='bbox 1387 2007 1603 2069; x_wconf 84' lang='grc' dir='ltr'>αἰῶνος.</span> 
     </span>
    </p>
   </div>
   <div class='ocr_carea' id='block_1_36' title="bbox 1604 1999 3185 2077">
    <p class='ocr_par' dir='ltr' id='par_1_36' title="bbox 2043 1999 3185 2069">
     <span class='ocr_line' id='line_1_36' title="bbox 2043 1999 3185 2069; baseline -0.004 -13"><span class='ocrx_word' id='word_1_230' title='bbox 2043 2001 2166 2056; x_wconf 73' lang='lat'><strong>102.</strong></span> <span class='ocrx_word' id='word_1_231' title='bbox 2196 2001 2241 2052; x_wconf 82' lang='lat' dir='ltr'><strong>A</strong></span> <span class='ocrx_word' id='word_1_232' title='bbox 2267 2000 2488 2064; x_wconf 77' lang='lat' dir='ltr'><strong>saeculo,</strong></span> <span class='ocrx_word' id='word_1_233' title='bbox 2521 2008 2576 2054; x_wconf 93' lang='lat' dir='ltr'><strong>et</strong></span> <span class='ocrx_word' id='word_1_234' title='bbox 2611 2014 2784 2069; x_wconf 91' lang='lat' dir='ltr'><strong>usque</strong></span> <span class='ocrx_word' id='word_1_235' title='bbox 2820 1999 2872 2052; x_wconf 89' lang='lat' dir='ltr'><strong>in</strong></span> <span class='ocrx_word' id='word_1_236' title='bbox 2903 2000 3185 2054; x_wconf 59' lang='lat' dir='ltr'><strong>sarculum.</strong></span> 
     </span>
    </p>
   </div>
   <div class='ocr_carea' id='block_1_37' title="bbox 368 2090 1949 2180">
    <p class='ocr_par' dir='ltr' id='par_1_37' title="bbox 368 2098 1693 2180">
     <span class='ocr_line' id='line_1_37' title="bbox 368 2098 1693 2180; baseline -0.01 -15"><span class='ocrx_word' id='word_1_237' title='bbox 368 2109 492 2164; x_wconf 76' lang='lat'><strong>105.</strong></span> <span class='ocrx_word' id='word_1_238' title='bbox 522 2109 632 2163; x_wconf 87' lang='lat' dir='ltr'><strong>Kal</strong></span> <span class='ocrx_word' id='word_1_239' title='bbox 670 2111 784 2180; x_wconf 85' lang='grc' dir='ltr'>ἐρεῖ</span> <span class='ocrx_word' id='word_1_240' title='bbox 811 2107 918 2170; x_wconf 80' lang='grc' dir='ltr'>πᾶς</span> <span class='ocrx_word' id='word_1_241' title='bbox 951 2106 978 2157; x_wconf 97' lang='lat'><strong>6</strong></span> <span class='ocrx_word' id='word_1_242' title='bbox 1009 2103 1134 2166; x_wconf 81' lang='grc' dir='ltr'>λαός</span> <span class='ocrx_word' id='word_1_243' title='bbox 1155 2121 1167 2133; x_wconf 91' lang='grc'>·</span> <span class='ocrx_word' id='word_1_244' title='bbox 1200 2101 1433 2164; x_wconf 87' lang='grc' dir='ltr'>Γένοιτο,</span> <span class='ocrx_word' id='word_1_245' title='bbox 1463 2098 1693 2168; x_wconf 85' lang='grc' dir='ltr'>γένοιτο.</span> 
     </span>
    </p>
   </div>
   <div class='ocr_carea' id='block_1_38' title="bbox 1700 2090 3281 2180">
    <p class='ocr_par' dir='ltr' id='par_1_38' title="bbox 2042 2090 3281 2162">
     <span class='ocr_line' id='line_1_38' title="bbox 2042 2090 3281 2162; baseline 0 -14"><span class='ocrx_word' id='word_1_246' title='bbox 2042 2094 2164 2149; x_wconf 78' lang='grc'>103.</span> <span class='ocrx_word' id='word_1_247' title='bbox 2197 2092 2263 2147; x_wconf 86' lang='grc' dir='ltr'>Ει</span> <span class='ocrx_word' id='word_1_248' title='bbox 2291 2093 2435 2148; x_wconf 86' lang='lat' dir='ltr'><strong>dicet</strong></span> <span class='ocrx_word' id='word_1_249' title='bbox 2465 2093 2646 2147; x_wconf 89' lang='lat' dir='ltr'><strong>omnis</strong></span> <span class='ocrx_word' id='word_1_250' title='bbox 2683 2092 2916 2162; x_wconf 88' lang='lat' dir='ltr'><strong>populus</strong></span> <span class='ocrx_word' id='word_1_251' title='bbox 2945 2111 2958 2146; x_wconf 91' lang='lat'><strong>:</strong></span> <span class='ocrx_word' id='word_1_252' title='bbox 2994 2090 3132 2159; x_wconf 89' lang='lat' dir='ltr'><strong>Fiat,</strong></span> <span class='ocrx_word' id='word_1_253' title='bbox 3167 2093 3281 2148; x_wconf 84' lang='lat' dir='ltr'><strong>liat.</strong></span> 
     </span>
    </p>
   </div>
   <div class='ocr_carea' id='block_1_39' title="bbox 689 2206 2270 2291">
    <p class='ocr_par' dir='ltr' id='par_1_39' title="bbox 689 2219 1481 2291">
     <span class='ocr_line' id='line_1_39' title="bbox 689 2219 1481 2291; baseline -0.013 -13"><span class='ocrx_word' id='word_1_254' title='bbox 689 2223 1062 2291; x_wconf 75' lang='grc' dir='ltr'><strong>Ἁλληλοῠῖα.</strong></span> <span class='ocrx_word' id='word_1_255' title='bbox 1118 2222 1292 2274; x_wconf 81' lang='grc' dir='ltr'><strong>ΨΑΑ.</strong></span> <span class='ocrx_word' id='word_1_256' title='bbox 1342 2219 1481 2284; x_wconf 73' lang='lat' dir='ltr'><strong>Pq&#39;.</strong></span> 
     </span>
    </p>
   </div>
   <div class='ocr_carea' id='block_1_40' title="bbox 1522 2206 3103 2291">
    <p class='ocr_par' dir='ltr' id='par_1_40' title="bbox 2408 2206 3103 2265">
     <span class='ocr_line' id='line_1_40' title="bbox 2408 2206 3103 2265; baseline 0.004 -4"><span class='ocrx_word' id='word_1_257' title='bbox 2408 2207 2662 2262; x_wconf 81' lang='lat' dir='ltr'><strong>Alleluia.</strong></span> <span class='ocrx_word' id='word_1_258' title='bbox 2707 2206 2915 2262; x_wconf 83' lang='lat' dir='ltr'><strong>PSAL.</strong></span> <span class='ocrx_word' id='word_1_259' title='bbox 2951 2207 3103 2265; x_wconf 86' lang='lat' dir='ltr'><strong>CVI.</strong></span> 
     </span>
    </p>
   </div>
   <div class='ocr_carea' id='block_1_41' title="bbox 366 2300 1947 2391">
    <p class='ocr_par' dir='ltr' id='par_1_41' title="bbox 366 2306 1665 2391">
     <span class='ocr_line' id='line_1_41' title="bbox 366 2306 1665 2391; baseline -0.011 -17"><span class='ocrx_word' id='word_1_260' title='bbox 366 2319 420 2374; x_wconf 86' lang='grc'><strong>1.</strong></span> <span class='ocrx_word' id='word_1_261' title='bbox 462 2315 898 2391; x_wconf 75' lang='grc' dir='ltr'>Ἑξομολογεῖσθε</span> <span class='ocrx_word' id='word_1_262' title='bbox 930 2314 1008 2386; x_wconf 81' lang='grc' dir='ltr'><strong>τῷ</strong></span> <span class='ocrx_word' id='word_1_263' title='bbox 1033 2312 1242 2385; x_wconf 79' lang='grc' dir='ltr'>Κυρίῳ,</span> <span class='ocrx_word' id='word_1_264' title='bbox 1277 2312 1360 2365; x_wconf 82' lang='grc' dir='ltr'>ὅτι</span> <span class='ocrx_word' id='word_1_265' title='bbox 1389 2306 1626 2381; x_wconf 87' lang='grc' dir='ltr'>χρηστός</span> <span class='ocrx_word' id='word_1_266' title='bbox 1647 2321 1665 2338; x_wconf 82' lang='grc'><strong><em>⁸</em></strong></span> 
     </span>
    </p>
   </div>
   <div class='ocr_carea' id='block_1_42' title="bbox 1646 2300 3227 2391">
    <p class='ocr_par' dir='ltr' id='par_1_42' title="bbox 1647 2300 3227 2374">
     <span class='ocr_line' id='line_1_42' title="bbox 1647 2300 3227 2374; baseline 0.004 -22"><span class='ocrx_word' id='word_1_267' title='bbox 1647 2321 1665 2338; x_wconf 79' lang='grc' dir='ltr'><strong><em>ο</em></strong></span> <span class='ocrx_word' id='word_1_268' title='bbox 2047 2301 2097 2354; x_wconf 92' lang='grc'><strong>1.</strong></span> <span class='ocrx_word' id='word_1_269' title='bbox 2126 2300 2474 2357; x_wconf 85' lang='lat' dir='ltr'><strong>Conﬁtemini</strong></span> <span class='ocrx_word' id='word_1_270' title='bbox 2509 2301 2762 2368; x_wconf 89' lang='lat' dir='ltr'><strong>Domino,</strong></span> <span class='ocrx_word' id='word_1_271' title='bbox 2795 2303 3054 2374; x_wconf 89' lang='lat' dir='ltr'><strong>quoniam</strong></span> <span class='ocrx_word' id='word_1_272' title='bbox 3082 2303 3227 2359; x_wconf 79' lang='lat' dir='ltr'><strong>bOlll&#39;</strong></span> 
     </span>
    </p>
   </div>
   <div class='ocr_carea' id='block_1_43' title="bbox 1417 2479 2422 2544">
    <p class='ocr_par' dir='ltr' id='par_1_43' title="bbox 1417 2479 2422 2544">
     <span class='ocr_line' id='line_1_43' title="bbox 1417 2479 2422 2544; baseline -0.012 0"><span class='ocrx_word' id='word_1_273' title='bbox 1417 2484 1784 2544; x_wconf 61' lang='lat' dir='ltr'><strong>ATHANASH</strong></span> <span class='ocrx_word' id='word_1_274' title='bbox 1839 2479 2422 2538; x_wconf 80' lang='lat' dir='ltr'><strong>INTERPRETATIO.</strong></span> 
     </span>
    </p>
   </div>
   <div class='ocr_carea' id='block_1_44' title="bbox 369 2635 1950 2726">
    <p class='ocr_par' dir='ltr' id='par_1_44' title="bbox 369 2649 1418 2726">
     <span class='ocr_line' id='line_1_44' title="bbox 369 2649 1418 2726; baseline -0.012 -12"><span class='ocrx_word' id='word_1_275' title='bbox 369 2660 457 2714; x_wconf 90' lang='lat'><strong>88.</strong></span> <span class='ocrx_word' id='word_1_276' title='bbox 493 2658 762 2720; x_wconf 86' lang='grc' dir='ltr'>Πολλάκις</span> <span class='ocrx_word' id='word_1_277' title='bbox 795 2669 1170 2726; x_wconf 89' lang='grc' dir='ltr'>συνεχωρησεν</span> <span class='ocrx_word' id='word_1_278' title='bbox 1198 2649 1418 2712; x_wconf 84' lang='grc' dir='ltr'>αὐτούς.</span> 
     </span>
    </p>
   </div>
   <div class='ocr_carea' id='block_1_45' title="bbox 1231 2635 2812 2726">
    <p class='ocr_par' dir='ltr' id='par_1_45' title="bbox 1231 2635 2812 2712">
     <span class='ocr_line' id='line_1_45' title="bbox 1231 2635 2812 2712; baseline -0.007 -11"><span class='ocrx_word' id='word_1_279' title='bbox 1231 2649 1418 2712; x_wconf 84' lang='grc' dir='ltr'>.ὐτούς.</span> <span class='ocrx_word' id='word_1_280' title='bbox 2045 2637 2136 2694; x_wconf 90' lang='grc'>88.</span> <span class='ocrx_word' id='word_1_281' title='bbox 2168 2639 2322 2710; x_wconf 62' lang='lat' dir='ltr'><strong>Saepe</strong></span> <span class='ocrx_word' id='word_1_282' title='bbox 2348 2635 2677 2694; x_wconf 83' lang='lat' dir='ltr'><strong>condonavit</strong></span> <span class='ocrx_word' id='word_1_283' title='bbox 2713 2636 2812 2692; x_wconf 87' lang='lat' dir='ltr'><strong>eis.</strong></span> 
     </span>
    </p>
   </div>
   <div class='ocr_carea' id='block_1_46' title="bbox 370 2728 1951 2821">
    <p class='ocr_par' dir='ltr' id='par_1_46' title="bbox 370 2735 1884 2821">
     <span class='ocr_line' id='line_1_46' title="bbox 370 2735 1884 2821; baseline -0.011 -15"><span class='ocrx_word' id='word_1_284' title='bbox 370 2753 454 2807; x_wconf 89' lang='lat'><strong>89.</strong></span> <span class='ocrx_word' id='word_1_285' title='bbox 505 2751 664 2805; x_wconf 76' lang='grc' dir='ltr'>Αὐτοὶ</span> <span class='ocrx_word' id='word_1_286' title='bbox 717 2750 772 2803; x_wconf 84' lang='grc' dir='ltr'>δὲ</span> <span class='ocrx_word' id='word_1_287' title='bbox 823 2747 1170 2821; x_wconf 82' lang='grc' dir='ltr'>παρώργιζον</span> <span class='ocrx_word' id='word_1_288' title='bbox 1221 2743 1382 2798; x_wconf 88' lang='grc' dir='ltr'>αὐτὸν</span> <span class='ocrx_word' id='word_1_289' title='bbox 1433 2744 1490 2795; x_wconf 88' lang='grc' dir='ltr'><strong>ἐν</strong></span> <span class='ocrx_word' id='word_1_290' title='bbox 1532 2743 1600 2815; x_wconf 82' lang='grc' dir='ltr'>τῇ</span> <span class='ocrx_word' id='word_1_291' title='bbox 1653 2735 1884 2811; x_wconf 68' lang='grc' dir='ltr'>ἀπιστίᾳ</span> 
     </span>
    </p>
   </div>
   <div class='ocr_carea' id='block_1_47' title="bbox 1968 2728 3549 2821">
    <p class='ocr_par' dir='ltr' id='par_1_47' title="bbox 2046 2728 3549 2802">
     <span class='ocr_line' id='line_1_47' title="bbox 2046 2728 3549 2802; baseline 0.005 -18"><span class='ocrx_word' id='word_1_292' title='bbox 2046 2729 2135 2785; x_wconf 91' lang='grc'><strong>89.</strong></span> <span class='ocrx_word' id='word_1_293' title='bbox 2165 2729 2274 2802; x_wconf 83' lang='lat' dir='ltr'><strong>Ipsi</strong></span> <span class='ocrx_word' id='word_1_294' title='bbox 2325 2739 2509 2786; x_wconf 89' lang='lat' dir='ltr'><strong>autem</strong></span> <span class='ocrx_word' id='word_1_295' title='bbox 2561 2730 2913 2784; x_wconf 84' lang='lat' dir='ltr'><strong>irritaverunt</strong></span> <span class='ocrx_word' id='word_1_296' title='bbox 2961 2742 3088 2784; x_wconf 84' lang='lat' dir='ltr'><strong>eum</strong></span> <span class='ocrx_word' id='word_1_297' title='bbox 3127 2728 3185 2785; x_wconf 91' lang='lat' dir='ltr'><strong>in</strong></span> <span class='ocrx_word' id='word_1_298' title='bbox 3234 2731 3549 2792; x_wconf 75' lang='lat' dir='ltr'><strong>inlidentate</strong></span> 
     </span>
    </p>
   </div>
   <div class='ocr_carea' id='block_1_48' title="bbox 297 2835 1878 2900">
    <p class='ocr_par' dir='ltr' id='par_1_48' title="bbox 297 2846 498 2900">
     <span class='ocr_line' id='line_1_48' title="bbox 297 2846 498 2900; baseline 0 0"><span class='ocrx_word' id='word_1_299' title='bbox 297 2846 498 2900; x_wconf 83' lang='grc' dir='ltr'>αὐτῶν.</span> 
     </span>
    </p>
   </div>
   <div class='ocr_carea' id='block_1_49' title="bbox 518 2835 2099 2900">
    <p class='ocr_par' dir='ltr' id='par_1_49' title="bbox 1975 2835 2099 2879">
     <span class='ocr_line' id='line_1_49' title="bbox 1975 2835 2099 2879; baseline -0.032 0"><span class='ocrx_word' id='word_1_300' title='bbox 1975 2835 2099 2879; x_wconf 84' lang='lat' dir='ltr'><strong>sua.</strong></span> 
     </span>
    </p>
   </div>
   <div class='ocr_carea' id='block_1_50' title="bbox 372 2913 1953 3005">
    <p class='ocr_par' dir='ltr' id='par_1_50' title="bbox 372 2929 1402 3005">
     <span class='ocr_line' id='line_1_50' title="bbox 372 2929 1402 3005; baseline -0.009 -12"><span class='ocrx_word' id='word_1_301' title='bbox 372 2938 461 2993; x_wconf 88' lang='lat'><strong>90.</strong></span> <span class='ocrx_word' id='word_1_302' title='bbox 496 2937 598 2993; x_wconf 88' lang='lat' dir='ltr'><strong>Kal</strong></span> <span class='ocrx_word' id='word_1_303' title='bbox 625 2933 999 3005; x_wconf 76' lang='grc' dir='ltr'>κατενύγησαν</span> <span class='ocrx_word' id='word_1_304' title='bbox 1022 2949 1167 2995; x_wconf 89' lang='grc' dir='ltr'>τινες</span> <span class='ocrx_word' id='word_1_305' title='bbox 1196 2929 1402 2985; x_wconf 82' lang='grc' dir='ltr'>αὐτῶν.</span> 
     </span>
    </p>
   </div>
   <div class='ocr_carea' id='block_1_51' title="bbox 1590 2913 3171 3005">
    <p class='ocr_par' dir='ltr' id='par_1_51' title="bbox 2047 2913 3171 2985">
     <span class='ocr_line' id='line_1_51' title="bbox 2047 2913 3171 2985; baseline -0.005 -9"><span class='ocrx_word' id='word_1_306' title='bbox 2047 2919 2136 2976; x_wconf 90' lang='grc'><strong>90.</strong></span> <span class='ocrx_word' id='word_1_307' title='bbox 2175 2917 2241 2971; x_wconf 90' lang='lat' dir='ltr'><strong>Et</strong></span> <span class='ocrx_word' id='word_1_308' title='bbox 2265 2915 2433 2985; x_wconf 86' lang='lat' dir='ltr'><strong>aliqui</strong></span> <span class='ocrx_word' id='word_1_309' title='bbox 2461 2928 2649 2969; x_wconf 91' lang='lat' dir='ltr'><strong>eorum</strong></span> <span class='ocrx_word' id='word_1_310' title='bbox 2678 2913 2991 2983; x_wconf 87' lang='lat' dir='ltr'><strong>compuncti</strong></span> <span class='ocrx_word' id='word_1_311' title='bbox 3023 2923 3171 2970; x_wconf 78' lang='lat' dir='ltr'><strong>sunt.</strong></span> 
     </span>
    </p>
   </div>
   <div class='ocr_carea' id='block_1_52' title="bbox 371 3006 2722 3106">
    <p class='ocr_par' dir='ltr' id='par_1_52' title="bbox 371 3006 2722 3106">
     <span class='ocr_line' id='line_1_52' title="bbox 371 3006 2722 3106; baseline -0.011 -22"><span class='ocrx_word' id='word_1_312' title='bbox 371 3031 458 3085; x_wconf 87' lang='grc'><strong>91.</strong></span> <span class='ocrx_word' id='word_1_313' title='bbox 495 3029 632 3093; x_wconf 83' lang='grc' dir='ltr'>Τοὺς</span> <span class='ocrx_word' id='word_1_314' title='bbox 660 3028 735 3099; x_wconf 89' lang='grc'><strong>(1)</strong></span> <span class='ocrx_word' id='word_1_315' title='bbox 767 3025 1134 3095; x_wconf 80' lang='grc' dir='ltr'>λυπουμένους</span> <span class='ocrx_word' id='word_1_316' title='bbox 1163 3022 1360 3077; x_wconf 84' lang='grc' dir='ltr'>αὐτῶν.</span> <span class='ocrx_word' id='word_1_317' title='bbox 1903 3045 1950 3106; x_wconf 75' lang='lat' dir='ltr'>c</span> <span class='ocrx_word' id='word_1_318' title='bbox 2049 3011 2137 3068; x_wconf 84' lang='lat'><strong>91.</strong></span> <span class='ocrx_word' id='word_1_319' title='bbox 2171 3009 2322 3078; x_wconf 86' lang='lat' dir='ltr'><strong>ipsos</strong></span> <span class='ocrx_word' id='word_1_320' title='bbox 2345 3006 2722 3106; x_wconf 68' lang='lat' dir='ltr'><strong>contristatos.</strong></span> 
     </span>
    </p>
   </div>
   <div class='ocr_carea' id='block_1_53' title="bbox 371 3096 1952 3192">
    <p class='ocr_par' dir='ltr' id='par_1_53' title="bbox 371 3096 1950 3192">
     <span class='ocr_line' id='line_1_53' title="bbox 371 3096 1950 3192; baseline -0.004 -18"><span class='ocrx_word' id='word_1_321' title='bbox 371 3120 456 3174; x_wconf 76' lang='lat'><strong>92.</strong></span> <span class='ocrx_word' id='word_1_322' title='bbox 485 3120 590 3174; x_wconf 89' lang='lat' dir='ltr'><strong>Kal</strong></span> <span class='ocrx_word' id='word_1_323' title='bbox 644 3096 910 3192; x_wconf 84' lang='grc' dir='ltr'>δεομένων</span> <span class='ocrx_word' id='word_1_324' title='bbox 958 3115 1136 3171; x_wconf 85' lang='grc' dir='ltr'>αὐτῶν</span> <span class='ocrx_word' id='word_1_325' title='bbox 1179 3113 1315 3186; x_wconf 85' lang='grc' dir='ltr'>πρὸς</span> <span class='ocrx_word' id='word_1_326' title='bbox 1348 3111 1510 3167; x_wconf 86' lang='grc' dir='ltr'>αὐτὸν</span> <span class='ocrx_word' id='word_1_327' title='bbox 1559 3113 1880 3186; x_wconf 80' lang='grc' dir='ltr'>είσήκουσεν</span> <span class='ocrx_word' id='word_1_328' title='bbox 1911 3096 1950 3106; x_wconf 41' lang='grc'>⁷</span> 
     </span>
    </p>
   </div>
   <div class='ocr_carea' id='block_1_54' title="bbox 1911 3096 3492 3192">
    <p class='ocr_par' dir='ltr' id='par_1_54' title="bbox 1911 3096 3492 3167">
     <span class='ocr_line' id='line_1_54' title="bbox 1911 3096 3492 3167; baseline -0.003 -6"><span class='ocrx_word' id='word_1_329' title='bbox 1911 3096 1950 3106; x_wconf 56' lang='grc'>⁷</span> <span class='ocrx_word' id='word_1_330' title='bbox 2055 3104 2144 3162; x_wconf 71' lang='grc'>92.</span> <span class='ocrx_word' id='word_1_331' title='bbox 2178 3103 2245 3158; x_wconf 89' lang='lat' dir='ltr'><strong>Et</strong></span> <span class='ocrx_word' id='word_1_332' title='bbox 2271 3098 2685 3158; x_wconf 78' lang='lat' dir='ltr'><strong>deprecantibus</strong></span> <span class='ocrx_word' id='word_1_333' title='bbox 2715 3096 2848 3167; x_wconf 89' lang='lat' dir='ltr'><strong>ipsis</strong></span> <span class='ocrx_word' id='word_1_334' title='bbox 2874 3096 3046 3163; x_wconf 90' lang='lat' dir='ltr'><strong>illum,</strong></span> <span class='ocrx_word' id='word_1_335' title='bbox 3073 3097 3348 3155; x_wconf 80' lang='lat' dir='ltr'><strong>exaudivit</strong></span> <span class='ocrx_word' id='word_1_336' title='bbox 3379 3115 3492 3158; x_wconf 84' lang='lat' dir='ltr'><strong>eos.</strong></span> 
     </span>
    </p>
   </div>
   <div class='ocr_carea' id='block_1_55' title="bbox 296 3213 498 3267">
    <p class='ocr_par' dir='ltr' id='par_1_55' title="bbox 296 3213 498 3267">
     <span class='ocr_line' id='line_1_55' title="bbox 296 3213 498 3267; baseline -0.005 0"><span class='ocrx_word' id='word_1_337' title='bbox 296 3213 498 3267; x_wconf 81' lang='grc' dir='ltr'>αὐτῶν.</span> 
     </span>
    </p>
   </div>
   <div class='ocr_carea' id='block_1_56' title="bbox 371 3301 1952 3390">
    <p class='ocr_par' dir='ltr' id='par_1_56' title="bbox 371 3301 1882 3378">
     <span class='ocr_line' id='line_1_56' title="bbox 371 3301 1882 3378; baseline -0.005 -17"><span class='ocrx_word' id='word_1_338' title='bbox 371 3306 456 3362; x_wconf 77' lang='lat'><strong>93.</strong></span> <span class='ocrx_word' id='word_1_339' title='bbox 481 3306 586 3361; x_wconf 83' lang='lat' dir='ltr'><strong>Kal</strong></span> <span class='ocrx_word' id='word_1_340' title='bbox 607 3305 871 3378; x_wconf 81' lang='grc' dir='ltr'>ἐμνήσθη,</span> <span class='ocrx_word' id='word_1_341' title='bbox 906 3306 986 3359; x_wconf 85' lang='grc' dir='ltr'><strong>ὅτι</strong></span> <span class='ocrx_word' id='word_1_342' title='bbox 1040 3303 1135 3358; x_wconf 74' lang='grc' dir='ltr'>καὶ</span> <span class='ocrx_word' id='word_1_343' title='bbox 1167 3302 1320 3358; x_wconf 81' lang='grc' dir='ltr'>αὐτοὶ</span> <span class='ocrx_word' id='word_1_344' title='bbox 1365 3301 1594 3373; x_wconf 74' lang='grc' dir='ltr'>σπέρμα</span> <span class='ocrx_word' id='word_1_345' title='bbox 1629 3301 1882 3373; x_wconf 75' lang='grc' dir='ltr'>Ἀϐρααμ</span> 
     </span>
    </p>
   </div>
   <div class='ocr_carea' id='block_1_57' title="bbox 1974 3301 3555 3390">
    <p class='ocr_par' dir='ltr' id='par_1_57' title="bbox 2056 3315 3555 3390">
     <span class='ocr_line' id='line_1_57' title="bbox 2056 3315 3555 3390; baseline -0.003 -14"><span class='ocrx_word' id='word_1_346' title='bbox 2056 3321 2144 3376; x_wconf 82' lang='grc'>95.</span> <span class='ocrx_word' id='word_1_347' title='bbox 2177 3317 2244 3372; x_wconf 84' lang='grc' dir='ltr'>Ει</span> <span class='ocrx_word' id='word_1_348' title='bbox 2269 3315 2588 3374; x_wconf 84' lang='lat' dir='ltr'><strong>recordatus</strong></span> <span class='ocrx_word' id='word_1_349' title='bbox 2614 3325 2719 3384; x_wconf 84' lang='lat' dir='ltr'><strong>est,</strong></span> <span class='ocrx_word' id='word_1_350' title='bbox 2759 3319 2904 3390; x_wconf 90' lang='lat' dir='ltr'><strong>quod</strong></span> <span class='ocrx_word' id='word_1_351' title='bbox 2935 3328 2988 3375; x_wconf 90' lang='lat' dir='ltr'><strong>et</strong></span> <span class='ocrx_word' id='word_1_352' title='bbox 3014 3319 3116 3390; x_wconf 87' lang='lat' dir='ltr'><strong>ipsi</strong></span> <span class='ocrx_word' id='word_1_353' title='bbox 3163 3337 3350 3382; x_wconf 83' lang='lat' dir='ltr'><strong>semen</strong></span> <span class='ocrx_word' id='word_1_354' title='bbox 3380 3327 3555 3384; x_wconf 85' lang='lat' dir='ltr'><strong>Abra-</strong></span> 
     </span>
    </p>
   </div>
   <div class='ocr_carea' id='block_1_58' title="bbox 295 3399 1876 3470">
    <p class='ocr_par' dir='ltr' id='par_1_58' title="bbox 295 3399 427 3453">
     <span class='ocr_line' id='line_1_58' title="bbox 295 3399 427 3453; baseline -0.023 -1"><span class='ocrx_word' id='word_1_355' title='bbox 295 3399 427 3453; x_wconf 76' lang='grc' dir='ltr'>εἰσι.</span> 
     </span>
    </p>
   </div>
   <div class='ocr_carea' id='block_1_59' title="bbox 708 3399 2289 3470">
    <p class='ocr_par' dir='ltr' id='par_1_59' title="bbox 1986 3415 2289 3470">
     <span class='ocr_line' id='line_1_59' title="bbox 1986 3415 2289 3470; baseline -0.02 0"><span class='ocrx_word' id='word_1_356' title='bbox 1986 3415 2113 3470; x_wconf 88' lang='lat' dir='ltr'><strong>ham</strong></span> <span class='ocrx_word' id='word_1_357' title='bbox 2141 3419 2289 3466; x_wconf 88' lang='lat' dir='ltr'><strong>sunt.</strong></span> 
     </span>
    </p>
   </div>
   <div class='ocr_carea' id='block_1_60' title="bbox 371 3491 1952 3563">
    <p class='ocr_par' dir='ltr' id='par_1_60' title="bbox 371 3491 1031 3563">
     <span class='ocr_line' id='line_1_60' title="bbox 371 3491 1031 3563; baseline -0.005 -15"><span class='ocrx_word' id='word_1_358' title='bbox 371 3493 457 3548; x_wconf 80' lang='grc'>9-1.</span> <span class='ocrx_word' id='word_1_359' title='bbox 486 3492 591 3546; x_wconf 86' lang='lat' dir='ltr'><strong>Kal</strong></span> <span class='ocrx_word' id='word_1_360' title='bbox 613 3491 1031 3563; x_wconf 84' lang='grc' dir='ltr'>ἐσπλαγχνίσθη.</span> 
     </span>
    </p>
   </div>
   <div class='ocr_carea' id='block_1_61' title="bbox 1076 3491 2657 3563">
    <p class='ocr_par' dir='ltr' id='par_1_61' title="bbox 2057 3505 2657 3562">
     <span class='ocr_line' id='line_1_61' title="bbox 2057 3505 2657 3562; baseline 0 -2"><span class='ocrx_word' id='word_1_361' title='bbox 2057 3506 2144 3560; x_wconf 76' lang='grc'><strong>94.</strong></span> <span class='ocrx_word' id='word_1_362' title='bbox 2180 3505 2246 3559; x_wconf 83' lang='grc' dir='ltr'>Ει</span> <span class='ocrx_word' id='word_1_363' title='bbox 2276 3505 2535 3561; x_wconf 87' lang='lat' dir='ltr'><strong>misertus</strong></span> <span class='ocrx_word' id='word_1_364' title='bbox 2555 3513 2657 3562; x_wconf 91' lang='lat' dir='ltr'><strong>est.</strong></span> 
     </span>
    </p>
   </div>
   <div class='ocr_carea' id='block_1_62' title="bbox 371 3581 1952 3671">
    <p class='ocr_par' dir='ltr' id='par_1_62' title="bbox 371 3581 1805 3652">
     <span class='ocr_line' id='line_1_62' title="bbox 371 3581 1805 3652; baseline -0.003 -12"><span class='ocrx_word' id='word_1_365' title='bbox 371 3586 457 3640; x_wconf 82' lang='lat'><strong>95.</strong></span> <span class='ocrx_word' id='word_1_366' title='bbox 493 3585 596 3638; x_wconf 88' lang='lat' dir='ltr'><strong>Kal</strong></span> <span class='ocrx_word' id='word_1_367' title='bbox 618 3585 815 3639; x_wconf 73' lang='grc' dir='ltr'>ἔδωκεν</span> <span class='ocrx_word' id='word_1_368' title='bbox 844 3586 1038 3648; x_wconf 75' lang='grc' dir='ltr'>αὐτοὺς</span> <span class='ocrx_word' id='word_1_369' title='bbox 1067 3584 1146 3646; x_wconf 79' lang='grc' dir='ltr'>εἰς</span> <span class='ocrx_word' id='word_1_370' title='bbox 1183 3583 1475 3652; x_wconf 82' lang='grc' dir='ltr'>ἐπίγνωσιν</span> <span class='ocrx_word' id='word_1_371' title='bbox 1497 3581 1679 3645; x_wconf 80' lang='grc' dir='ltr'>ἐλέους</span> <span class='ocrx_word' id='word_1_372' title='bbox 1707 3582 1805 3650; x_wconf 68' lang='lat'><strong>(2).</strong></span> 
     </span>
    </p>
   </div>
   <div class='ocr_carea' id='block_1_63' title="bbox 1881 3581 3462 3671">
    <p class='ocr_par' dir='ltr' id='par_1_63' title="bbox 2057 3596 3462 3671">
     <span class='ocr_line' id='line_1_63' title="bbox 2057 3596 3462 3671; baseline 0.006 -17"><span class='ocrx_word' id='word_1_373' title='bbox 2057 3599 2146 3654; x_wconf 84' lang='lat'><strong>95.</strong></span> <span class='ocrx_word' id='word_1_374' title='bbox 2180 3597 2244 3651; x_wconf 83' lang='lat' dir='ltr'><strong>Et</strong></span> <span class='ocrx_word' id='word_1_375' title='bbox 2272 3598 2419 3652; x_wconf 90' lang='lat' dir='ltr'><strong>dedit</strong></span> <span class='ocrx_word' id='word_1_376' title='bbox 2445 3613 2542 3652; x_wconf 94' lang='lat' dir='ltr'><strong>eos</strong></span> <span class='ocrx_word' id='word_1_377' title='bbox 2571 3598 2627 3651; x_wconf 93' lang='lat' dir='ltr'><strong>in</strong></span> <span class='ocrx_word' id='word_1_378' title='bbox 2659 3596 3024 3671; x_wconf 83' lang='lat' dir='ltr'><strong>cognitionem</strong></span> <span class='ocrx_word' id='word_1_379' title='bbox 3058 3601 3462 3662; x_wconf 63' lang='lat' dir='ltr'><strong>misericordia.</strong></span> 
     </span>
    </p>
   </div>
   <div class='ocr_carea' id='block_1_64' title="bbox 373 3671 1954 3762">
    <p class='ocr_par' dir='ltr' id='par_1_64' title="bbox 373 3673 1882 3747">
     <span class='ocr_line' id='line_1_64' title="bbox 373 3673 1882 3747; baseline -0.005 -14"><span class='ocrx_word' id='word_1_380' title='bbox 373 3680 457 3734; x_wconf 84' lang='lat'><strong>96.</strong></span> <span class='ocrx_word' id='word_1_381' title='bbox 491 3678 593 3732; x_wconf 87' lang='lat' dir='ltr'><strong>Kal</strong></span> <span class='ocrx_word' id='word_1_382' title='bbox 630 3677 1000 3732; x_wconf 76' lang='grc' dir='ltr'>ἐναντιοῦσθαι</span> <span class='ocrx_word' id='word_1_383' title='bbox 1053 3678 1166 3740; x_wconf 84' lang='grc' dir='ltr'>τοῖς</span> <span class='ocrx_word' id='word_1_384' title='bbox 1195 3675 1412 3747; x_wconf 86' lang='grc' dir='ltr'>δαίμοσι</span> <span class='ocrx_word' id='word_1_385' title='bbox 1461 3678 1572 3737; x_wconf 87' lang='grc' dir='ltr'>τοῖς</span> <span class='ocrx_word' id='word_1_386' title='bbox 1601 3673 1882 3745; x_wconf 81' lang='grc' dir='ltr'>αἰχμαλω-</span> 
     </span>
    </p>
   </div>
   <div class='ocr_carea' id='block_1_65' title="bbox 1973 3671 3554 3762">
    <p class='ocr_par' dir='ltr' id='par_1_65' title="bbox 2057 3671 3554 3762">
     <span class='ocr_line' id='line_1_65' title="bbox 2057 3671 3554 3762; baseline 0.006 -17"><span class='ocrx_word' id='word_1_387' title='bbox 2057 3689 2145 3745; x_wconf 90' lang='grc'><strong>96.</strong></span> <span class='ocrx_word' id='word_1_388' title='bbox 2177 3688 2238 3742; x_wconf 81' lang='lat' dir='ltr'><strong>Et</strong></span> <span class='ocrx_word' id='word_1_389' title='bbox 2273 3703 2576 3758; x_wconf 84' lang='lat' dir='ltr'><strong>repugnare</strong></span> <span class='ocrx_word' id='word_1_390' title='bbox 2606 3687 2944 3745; x_wconf 68' lang='lat' dir='ltr'><strong>daemonibus</strong></span> <span class='ocrx_word' id='word_1_391' title='bbox 2973 3671 3341 3762; x_wconf 68' lang='lat' dir='ltr'><strong>redigentibus</strong></span> <span class='ocrx_word' id='word_1_392' title='bbox 3373 3712 3468 3753; x_wconf 90' lang='lat' dir='ltr'><strong>eos</strong></span> <span class='ocrx_word' id='word_1_393' title='bbox 3498 3700 3554 3754; x_wconf 91' lang='lat' dir='ltr'><strong>in</strong></span> 
     </span>
    </p>
   </div>
   <div class='ocr_carea' id='block_1_66' title="bbox 294 3772 1875 3852">
    <p class='ocr_par' dir='ltr' id='par_1_66' title="bbox 294 3772 798 3835">
     <span class='ocr_line' id='line_1_66' title="bbox 294 3772 798 3835; baseline -0.004 -8"><span class='ocrx_word' id='word_1_394' title='bbox 294 3773 464 3828; x_wconf 78' lang='grc' dir='ltr'><strong>τεύσα</strong></span> <span class='ocrx_word' id='word_1_395' title='bbox 472 3789 551 3826; x_wconf 86' lang='grc' dir='ltr'><strong>σιν</strong></span> <span class='ocrx_word' id='word_1_396' title='bbox 584 3772 798 3835; x_wconf 81' lang='grc' dir='ltr'>αὐτούς.</span> 
     </span>
    </p>
   </div>
   <div class='ocr_carea' id='block_1_67' title="bbox 794 3772 2375 3852">
    <p class='ocr_par' dir='ltr' id='par_1_67' title="bbox 794 3781 2375 3852">
     <span class='ocr_line' id='line_1_67' title="bbox 794 3781 2375 3852; baseline -0.011 -2"><span class='ocrx_word' id='word_1_397' title='bbox 794 3813 798 3825; x_wconf 80' lang='grc'><em>’</em></span> <span class='ocrx_word' id='word_1_398' title='bbox 1986 3781 2375 3852; x_wconf 88' lang='lat' dir='ltr'><strong>captivitatem.</strong></span> 
     </span>
    </p>
   </div>
   <div class='ocr_carea' id='block_1_68' title="bbox 370 3857 1951 3944">
    <p class='ocr_par' dir='ltr' id='par_1_68' title="bbox 370 3857 1874 3936">
     <span class='ocr_line' id='line_1_68' title="bbox 370 3857 1874 3936; baseline -0.006 -16"><span class='ocrx_word' id='word_1_399' title='bbox 370 3866 457 3920; x_wconf 86' lang='lat'><strong>97.</strong></span> <span class='ocrx_word' id='word_1_400' title='bbox 485 3865 588 3919; x_wconf 89' lang='lat' dir='ltr'><strong>Kal</strong></span> <span class='ocrx_word' id='word_1_401' title='bbox 614 3865 707 3919; x_wconf 77' lang='grc' dir='ltr'>τοῦ</span> <span class='ocrx_word' id='word_1_402' title='bbox 742 3864 866 3936; x_wconf 74' lang='grc' dir='ltr'>βοᾷν</span> <span class='ocrx_word' id='word_1_403' title='bbox 895 3863 1030 3935; x_wconf 89' lang='grc' dir='ltr'>πρὸς</span> <span class='ocrx_word' id='word_1_404' title='bbox 1056 3860 1216 3916; x_wconf 83' lang='grc' dir='ltr'>αὐτὸν</span> <span class='ocrx_word' id='word_1_405' title='bbox 1244 3859 1330 3914; x_wconf 84' lang='grc' dir='ltr'>διὰ</span> <span class='ocrx_word' id='word_1_406' title='bbox 1355 3859 1448 3913; x_wconf 82' lang='grc' dir='ltr'>τοῦ</span> <span class='ocrx_word' id='word_1_407' title='bbox 1481 3857 1874 3931; x_wconf 66' lang='grc' dir='ltr'>βαπτίσματος</span> 
     </span>
    </p>
   </div>
   <div class='ocr_carea' id='block_1_69' title="bbox 1974 3857 3555 3944">
    <p class='ocr_par' dir='ltr' id='par_1_69' title="bbox 2057 3870 3555 3944">
     <span class='ocr_line' id='line_1_69' title="bbox 2057 3870 3555 3944; baseline 0.003 -15"><span class='ocrx_word' id='word_1_408' title='bbox 2057 3874 2146 3929; x_wconf 85' lang='lat'><strong>97.</strong></span> <span class='ocrx_word' id='word_1_409' title='bbox 2183 3871 2248 3928; x_wconf 89' lang='lat' dir='ltr'><strong>Et</strong></span> <span class='ocrx_word' id='word_1_410' title='bbox 2275 3872 2514 3927; x_wconf 89' lang='lat' dir='ltr'><strong>clamare</strong></span> <span class='ocrx_word' id='word_1_411' title='bbox 2548 3870 2617 3926; x_wconf 89' lang='lat' dir='ltr'><strong>ad</strong></span> <span class='ocrx_word' id='word_1_412' title='bbox 2645 3886 2771 3926; x_wconf 91' lang='lat' dir='ltr'><strong>eum</strong></span> <span class='ocrx_word' id='word_1_413' title='bbox 2804 3887 2901 3942; x_wconf 91' lang='lat' dir='ltr'><strong>per</strong></span> <span class='ocrx_word' id='word_1_414' title='bbox 2924 3872 3254 3944; x_wconf 88' lang='lat' dir='ltr'><strong>baptismum</strong></span> <span class='ocrx_word' id='word_1_415' title='bbox 3285 3893 3300 3931; x_wconf 90' lang='lat'><strong>:</strong></span> <span class='ocrx_word' id='word_1_416' title='bbox 3328 3876 3555 3934; x_wconf 89' lang='lat' dir='ltr'><strong>Domine</strong></span> 
     </span>
    </p>
   </div>
   <div class='ocr_carea' id='block_1_70' title="bbox 294 3955 1875 4029">
    <p class='ocr_par' dir='ltr' id='par_1_70' title="bbox 294 3955 880 4029">
     <span class='ocr_line' id='line_1_70' title="bbox 294 3955 880 4029; baseline -0.002 -18"><span class='ocrx_word' id='word_1_417' title='bbox 294 3955 465 4028; x_wconf 82' lang='grc' dir='ltr'>Κύριε</span> <span class='ocrx_word' id='word_1_418' title='bbox 489 3960 517 4012; x_wconf 92' lang='lat'><strong>6</strong></span> <span class='ocrx_word' id='word_1_419' title='bbox 544 3958 674 4022; x_wconf 86' lang='grc' dir='ltr'>Θεὸς</span> <span class='ocrx_word' id='word_1_420' title='bbox 705 3957 880 4029; x_wconf 83' lang='grc' dir='ltr'>ήμῶν.</span> 
     </span>
    </p>
   </div>
   <div class='ocr_carea' id='block_1_71' title="bbox 786 3955 2367 4029">
    <p class='ocr_par' dir='ltr' id='par_1_71' title="bbox 786 3957 2367 4019">
     <span class='ocr_line' id='line_1_71' title="bbox 786 3957 2367 4019; baseline -0.003 1"><span class='ocrx_word' id='word_1_421' title='bbox 786 3957 880 4010; x_wconf 75' lang='grc' dir='ltr'><strong>ὧν·</strong></span> <span class='ocrx_word' id='word_1_422' title='bbox 1986 3962 2131 4019; x_wconf 89' lang='lat' dir='ltr'><strong>Deus</strong></span> <span class='ocrx_word' id='word_1_423' title='bbox 2164 3971 2367 4017; x_wconf 89' lang='lat' dir='ltr'><strong>noster.</strong></span> 
     </span>
    </p>
   </div>
   <div class='ocr_carea' id='block_1_72' title="bbox 369 4047 1950 4123">
    <p class='ocr_par' dir='ltr' id='par_1_72' title="bbox 369 4047 1464 4120">
     <span class='ocr_line' id='line_1_72' title="bbox 369 4047 1464 4120; baseline -0.005 -15"><span class='ocrx_word' id='word_1_424' title='bbox 369 4050 455 4106; x_wconf 90' lang='lat'><strong>98.</strong></span> <span class='ocrx_word' id='word_1_425' title='bbox 501 4051 595 4104; x_wconf 86' lang='grc' dir='ltr'>Ἐκ</span> <span class='ocrx_word' id='word_1_426' title='bbox 627 4050 701 4120; x_wconf 78' lang='grc'><strong>(3)</strong></span> <span class='ocrx_word' id='word_1_427' title='bbox 736 4049 841 4103; x_wconf 86' lang='grc' dir='ltr'><strong>τῶν</strong></span> <span class='ocrx_word' id='word_1_428' title='bbox 875 4049 1130 4102; x_wconf 86' lang='grc' dir='ltr'>ἐναντίων</span> <span class='ocrx_word' id='word_1_429' title='bbox 1159 4047 1464 4118; x_wconf 81' lang='grc' dir='ltr'>δυνάμεων.</span> 
     </span>
    </p>
   </div>
   <div class='ocr_carea' id='block_1_73' title="bbox 1399 4047 2980 4123">
    <p class='ocr_par' dir='ltr' id='par_1_73' title="bbox 1399 4053 2980 4123">
     <span class='ocr_line' id='line_1_73' title="bbox 1399 4053 2980 4123; baseline 0.001 -16"><span class='ocrx_word' id='word_1_430' title='bbox 1399 4062 1464 4100; x_wconf 71' lang='grc' dir='ltr'><strong>»νο</strong></span> <span class='ocrx_word' id='word_1_431' title='bbox 2055 4055 2147 4111; x_wconf 87' lang='grc'>98.</span> <span class='ocrx_word' id='word_1_432' title='bbox 2177 4053 2258 4108; x_wconf 81' lang='lat' dir='ltr'><strong>Ex</strong></span> <span class='ocrx_word' id='word_1_433' title='bbox 2283 4053 2573 4110; x_wconf 90' lang='lat' dir='ltr'><strong>contrariis</strong></span> <span class='ocrx_word' id='word_1_434' title='bbox 2600 4054 2980 4123; x_wconf 86' lang='lat' dir='ltr'><strong>potestatibus.</strong></span> 
     </span>
    </p>
   </div>
   <div class='ocr_carea' id='block_1_74' title="bbox 369 4139 1950 4211">
    <p class='ocr_par' dir='ltr' id='par_1_74' title="bbox 369 4139 1097 4211">
     <span class='ocr_line' id='line_1_74' title="bbox 369 4139 1097 4211; baseline -0.003 -15"><span class='ocrx_word' id='word_1_435' title='bbox 369 4140 455 4196; x_wconf 91' lang='lat'><strong>99.</strong></span> <span class='ocrx_word' id='word_1_436' title='bbox 491 4141 599 4204; x_wconf 72' lang='grc' dir='ltr'><strong>Τὰς</strong></span> <span class='ocrx_word' id='word_1_437' title='bbox 622 4141 893 4211; x_wconf 81' lang='grc' dir='ltr'>ἁμαρτίας</span> <span class='ocrx_word' id='word_1_438' title='bbox 919 4139 1097 4210; x_wconf 85' lang='grc' dir='ltr'>ἡμῶν.</span> 
     </span>
    </p>
   </div>
   <div class='ocr_carea' id='block_1_75' title="bbox 1058 4139 2639 4211">
    <p class='ocr_par' dir='ltr' id='par_1_75' title="bbox 1058 4146 2639 4204">
     <span class='ocr_line' id='line_1_75' title="bbox 1058 4146 2639 4204; baseline 0.003 -10"><span class='ocrx_word' id='word_1_439' title='bbox 1058 4156 1097 4194; x_wconf 65' lang='grc' dir='ltr'>ν.</span> <span class='ocrx_word' id='word_1_440' title='bbox 2056 4148 2144 4204; x_wconf 91' lang='grc'><strong>99.</strong></span> <span class='ocrx_word' id='word_1_441' title='bbox 2177 4146 2404 4203; x_wconf 87' lang='lat' dir='ltr'><strong>Peccata</strong></span> <span class='ocrx_word' id='word_1_442' title='bbox 2433 4154 2639 4200; x_wconf 87' lang='lat' dir='ltr'><strong>nostra.</strong></span> 
     </span>
    </p>
   </div>
   <div class='ocr_carea' id='block_1_76' title="bbox 370 4228 1951 4309">
    <p class='ocr_par' dir='ltr' id='par_1_76' title="bbox 370 4228 1440 4303">
     <span class='ocr_line' id='line_1_76' title="bbox 370 4228 1440 4303; baseline -0.002 -18"><span class='ocrx_word' id='word_1_443' title='bbox 370 4232 494 4288; x_wconf 88' lang='lat'><strong>100.</strong></span> <span class='ocrx_word' id='word_1_444' title='bbox 539 4234 624 4284; x_wconf 83' lang='lat' dir='ltr'><strong>’Ev</strong></span> <span class='ocrx_word' id='word_1_445' title='bbox 659 4233 733 4303; x_wconf 66' lang='lat'><strong>(4)</strong></span> <span class='ocrx_word' id='word_1_446' title='bbox 763 4235 875 4294; x_wconf 86' lang='grc' dir='ltr'>τοῖς</span> <span class='ocrx_word' id='word_1_447' title='bbox 898 4228 1282 4303; x_wconf 78' lang='grc' dir='ltr'>προστάγμασι</span> <span class='ocrx_word' id='word_1_448' title='bbox 1319 4246 1440 4283; x_wconf 91' lang='grc' dir='ltr'>σου.</span> 
     </span>
    </p>
   </div>
   <div class='ocr_carea' id='block_1_77' title="bbox 1152 4228 2733 4309">
    <p class='ocr_par' dir='ltr' id='par_1_77' title="bbox 1152 4228 2733 4309">
     <span class='ocr_line' id='line_1_77' title="bbox 1152 4228 2733 4309; baseline -0.004 -10"><span class='ocrx_word' id='word_1_449' title='bbox 1152 4228 1282 4299; x_wconf 67' lang='grc' dir='ltr'><strong>μασι</strong></span> <span class='ocrx_word' id='word_1_450' title='bbox 1319 4246 1440 4283; x_wconf 78' lang='grc' dir='ltr'>σουο</span> <span class='ocrx_word' id='word_1_451' title='bbox 2057 4239 2179 4295; x_wconf 91' lang='lat'><strong>100.</strong></span> <span class='ocrx_word' id='word_1_452' title='bbox 2209 4238 2264 4292; x_wconf 89' lang='lat' dir='ltr'><strong>ln</strong></span> <span class='ocrx_word' id='word_1_453' title='bbox 2295 4238 2576 4309; x_wconf 71' lang='lat' dir='ltr'><strong>praeceptis</strong></span> <span class='ocrx_word' id='word_1_454' title='bbox 2607 4237 2733 4293; x_wconf 89' lang='lat' dir='ltr'><strong>luis.</strong></span> 
     </span>
    </p>
   </div>
   <div class='ocr_carea' id='block_1_78' title="bbox 371 4319 1952 4393">
    <p class='ocr_par' dir='ltr' id='par_1_78' title="bbox 371 4319 1870 4393">
     <span class='ocr_line' id='line_1_78' title="bbox 371 4319 1870 4393; baseline -0.002 -19"><span class='ocrx_word' id='word_1_455' title='bbox 371 4322 492 4375; x_wconf 85' lang='lat'><strong>101.</strong></span> <span class='ocrx_word' id='word_1_456' title='bbox 527 4323 827 4393; x_wconf 72' lang='grc' dir='ltr'>Εὐλογητὸς</span> <span class='ocrx_word' id='word_1_457' title='bbox 859 4322 1060 4393; x_wconf 81' lang='grc' dir='ltr'>Κύριος</span> <span class='ocrx_word' id='word_1_458' title='bbox 1087 4324 1115 4374; x_wconf 90' lang='lat'><strong>6</strong></span> <span class='ocrx_word' id='word_1_459' title='bbox 1161 4321 1293 4384; x_wconf 88' lang='grc' dir='ltr'>Θεὸς</span> <span class='ocrx_word' id='word_1_460' title='bbox 1325 4319 1434 4373; x_wconf 84' lang='grc' dir='ltr'>τῶν</span> <span class='ocrx_word' id='word_1_461' title='bbox 1473 4320 1725 4373; x_wconf 91' lang='grc' dir='ltr'>διανοιων</span> <span class='ocrx_word' id='word_1_462' title='bbox 1759 4319 1870 4372; x_wconf 86' lang='grc' dir='ltr'><strong>τῶν</strong></span> 
     </span>
    </p>
   </div>
   <div class='ocr_carea' id='block_1_79' title="bbox 1977 4319 3558 4393">
    <p class='ocr_par' dir='ltr' id='par_1_79' title="bbox 2056 4329 3558 4392">
     <span class='ocr_line' id='line_1_79' title="bbox 2056 4329 3558 4392; baseline 0.004 -6"><span class='ocrx_word' id='word_1_463' title='bbox 2056 4331 2177 4386; x_wconf 91' lang='grc'>101.</span> <span class='ocrx_word' id='word_1_464' title='bbox 2215 4330 2536 4386; x_wconf 88' lang='lat' dir='ltr'><strong>Benedictus</strong></span> <span class='ocrx_word' id='word_1_465' title='bbox 2583 4329 2849 4386; x_wconf 90' lang='lat' dir='ltr'><strong>Dominus</strong></span> <span class='ocrx_word' id='word_1_466' title='bbox 2899 4329 3041 4387; x_wconf 89' lang='lat' dir='ltr'><strong>Deus</strong></span> <span class='ocrx_word' id='word_1_467' title='bbox 3084 4333 3344 4389; x_wconf 79' lang='lat' dir='ltr'><strong>mentium</strong></span> <span class='ocrx_word' id='word_1_468' title='bbox 3381 4338 3558 4392; x_wconf 85' lang='lat' dir='ltr'><strong>conﬁ-</strong></span> 
     </span>
    </p>
   </div>
   <div class='ocr_carea' id='block_1_80' title="bbox 289 4406 1870 4498">
    <p class='ocr_par' dir='ltr' id='par_1_80' title="bbox 289 4406 1870 4483">
     <span class='ocr_line' id='line_1_80' title="bbox 289 4406 1870 4483; baseline 0 -20"><span class='ocrx_word' id='word_1_469' title='bbox 289 4411 696 4480; x_wconf 72' lang='grc' dir='ltr'>ὁμολογούντων</span> <span class='ocrx_word' id='word_1_470' title='bbox 733 4429 813 4476; x_wconf 92' lang='grc' dir='ltr'><strong>σε,</strong></span> <span class='ocrx_word' id='word_1_471' title='bbox 837 4413 916 4464; x_wconf 82' lang='grc' dir='ltr'>ὅτι</span> <span class='ocrx_word' id='word_1_472' title='bbox 953 4412 1084 4474; x_wconf 86' lang='grc' dir='ltr'>Θεὸς</span> <span class='ocrx_word' id='word_1_473' title='bbox 1119 4406 1190 4466; x_wconf 81' lang='grc' dir='ltr'>εί.</span> <span class='ocrx_word' id='word_1_474' title='bbox 1223 4411 1394 4464; x_wconf 82' lang='grc' dir='ltr'>Τοῦτο</span> <span class='ocrx_word' id='word_1_475' title='bbox 1422 4411 1530 4483; x_wconf 81' lang='grc' dir='ltr'>γὰρ</span> <span class='ocrx_word' id='word_1_476' title='bbox 1570 4410 1870 4483; x_wconf 80' lang='grc' dir='ltr'>ἑρμηνεύε-</span> 
     </span>
    </p>
   </div>
   <div class='ocr_carea' id='block_1_81' title="bbox 1980 4406 3561 4498">
    <p class='ocr_par' dir='ltr' id='par_1_81' title="bbox 1980 4419 3561 4498">
     <span class='ocr_line' id='line_1_81' title="bbox 1980 4419 3561 4498; baseline 0.005 -21"><span class='ocrx_word' id='word_1_477' title='bbox 1980 4422 2205 4478; x_wconf 88' lang='lat' dir='ltr'><strong>tentium</strong></span> <span class='ocrx_word' id='word_1_478' title='bbox 2267 4429 2320 4476; x_wconf 91' lang='lat' dir='ltr'><strong>te</strong></span> <span class='ocrx_word' id='word_1_479' title='bbox 2384 4419 2556 4476; x_wconf 92' lang='lat' dir='ltr'><strong>Deum</strong></span> <span class='ocrx_word' id='word_1_480' title='bbox 2619 4436 2762 4477; x_wconf 89' lang='lat' dir='ltr'><strong>esse.</strong></span> <span class='ocrx_word' id='word_1_481' title='bbox 2814 4422 2889 4477; x_wconf 91' lang='lat' dir='ltr'><strong>Ita</strong></span> <span class='ocrx_word' id='word_1_482' title='bbox 2949 4425 3096 4478; x_wconf 89' lang='lat' dir='ltr'><strong>enim</strong></span> <span class='ocrx_word' id='word_1_483' title='bbox 3137 4424 3561 4498; x_wconf 77' lang='lat' dir='ltr'><strong>_interpretatur</strong></span> 
     </span>
    </p>
   </div>
   <div class='ocr_carea' id='block_1_82' title="bbox 289 4487 1870 4578">
    <p class='ocr_par' dir='ltr' id='par_1_82' title="bbox 289 4502 1472 4576">
     <span class='ocr_line' id='line_1_82' title="bbox 289 4502 1472 4576; baseline 0.003 -21"><span class='ocrx_word' id='word_1_484' title='bbox 289 4513 389 4555; x_wconf 71' lang='grc' dir='ltr'><strong>ται</strong></span> <span class='ocrx_word' id='word_1_485' title='bbox 433 4503 666 4576; x_wconf 84' lang='grc' dir='ltr'>Ἰσραήλ,</span> <span class='ocrx_word' id='word_1_486' title='bbox 703 4505 850 4570; x_wconf 77' lang='grc' dir='ltr'>νοῦς</span> <span class='ocrx_word' id='word_1_487' title='bbox 880 4502 1035 4572; x_wconf 79' lang='grc' dir='ltr'>ὀρῶν</span> <span class='ocrx_word' id='word_1_488' title='bbox 1061 4502 1169 4558; x_wconf 81' lang='grc' dir='ltr'><strong>τὸν</strong></span> <span class='ocrx_word' id='word_1_489' title='bbox 1202 4502 1274 4573; x_wconf 80' lang='grc'>(5)</span> <span class='ocrx_word' id='word_1_490' title='bbox 1305 4504 1472 4559; x_wconf 78' lang='grc' dir='ltr'><strong>Θεόν.</strong></span> 
     </span>
    </p>
   </div>
   <div class='ocr_carea' id='block_1_83' title="bbox 1574 4487 3155 4578">
    <p class='ocr_par' dir='ltr' id='par_1_83' title="bbox 1983 4487 3155 4578">
     <span class='ocr_line' id='line_1_83' title="bbox 1983 4487 3155 4578; baseline -0.002 -11"><span class='ocrx_word' id='word_1_491' title='bbox 1983 4512 2170 4578; x_wconf 90' lang='lat' dir='ltr'><strong>Israel,</strong></span> <span class='ocrx_word' id='word_1_492' title='bbox 2199 4528 2341 4566; x_wconf 77' lang='lat' dir='ltr'><strong>mens</strong></span> <span class='ocrx_word' id='word_1_493' title='bbox 2373 4511 2552 4566; x_wconf 80' lang='lat' dir='ltr'><strong>videns</strong></span> <span class='ocrx_word' id='word_1_494' title='bbox 2574 4511 2762 4567; x_wconf 86' lang='lat' dir='ltr'><strong>Deum.</strong></span> <span class='ocrx_word' id='word_1_495' title='bbox 3137 4487 3155 4510; x_wconf 42' lang='lat' dir='ltr'><strong>O</strong></span> 
     </span>
    </p>
   </div>
   <div class='ocr_carea' id='block_1_84' title="bbox 371 4591 1952 4673">
    <p class='ocr_par' dir='ltr' id='par_1_84' title="bbox 371 4591 1680 4667">
     <span class='ocr_line' id='line_1_84' title="bbox 371 4591 1680 4667; baseline 0.003 -22"><span class='ocrx_word' id='word_1_496' title='bbox 371 4591 493 4646; x_wconf 74' lang='grc'>102.</span> <span class='ocrx_word' id='word_1_497' title='bbox 545 4597 676 4648; x_wconf 85' lang='grc' dir='ltr'><strong>Ἀπὸ</strong></span> <span class='ocrx_word' id='word_1_498' title='bbox 695 4595 787 4649; x_wconf 82' lang='grc' dir='ltr'>τοῦ</span> <span class='ocrx_word' id='word_1_499' title='bbox 819 4597 1011 4658; x_wconf 77' lang='grc' dir='ltr'>αἰῶνος</span> <span class='ocrx_word' id='word_1_500' title='bbox 1043 4597 1137 4650; x_wconf 74' lang='grc' dir='ltr'><strong>καὶ</strong></span> <span class='ocrx_word' id='word_1_501' title='bbox 1170 4599 1249 4660; x_wconf 83' lang='grc' dir='ltr'><strong>είς</strong></span> <span class='ocrx_word' id='word_1_502' title='bbox 1276 4597 1364 4649; x_wconf 89' lang='grc' dir='ltr'><strong>τὸν</strong></span> <span class='ocrx_word' id='word_1_503' title='bbox 1399 4594 1680 4667; x_wconf 87' lang='grc' dir='ltr'>μέλλοντα.</span> 
     </span>
    </p>
   </div>
   <div class='ocr_carea' id='block_1_85' title="bbox 1678 4591 3259 4673">
    <p class='ocr_par' dir='ltr' id='par_1_85' title="bbox 1678 4603 3259 4673">
     <span class='ocr_line' id='line_1_85' title="bbox 1678 4603 3259 4673; baseline 0.004 -17"><span class='ocrx_word' id='word_1_504' title='bbox 1678 4637 1680 4645; x_wconf 63' lang='grc' dir='ltr'><strong>ι</strong></span> <span class='ocrx_word' id='word_1_505' title='bbox 2054 4603 2179 4658; x_wconf 74' lang='grc'>102.</span> <span class='ocrx_word' id='word_1_506' title='bbox 2211 4603 2257 4656; x_wconf 87' lang='grc' dir='ltr'><strong>Α</strong></span> <span class='ocrx_word' id='word_1_507' title='bbox 2285 4603 2537 4673; x_wconf 61' lang='lat' dir='ltr'><strong>presenti</strong></span> <span class='ocrx_word' id='word_1_508' title='bbox 2568 4603 2790 4670; x_wconf 66' lang='lat' dir='ltr'><strong>saeculo,</strong></span> <span class='ocrx_word' id='word_1_509' title='bbox 2821 4613 2875 4659; x_wconf 90' lang='lat' dir='ltr'><strong>et</strong></span> <span class='ocrx_word' id='word_1_510' title='bbox 2907 4605 2960 4659; x_wconf 91' lang='lat' dir='ltr'><strong>in</strong></span> <span class='ocrx_word' id='word_1_511' title='bbox 2994 4604 3259 4662; x_wconf 83' lang='lat' dir='ltr'><strong>futurum.</strong></span> 
     </span>
    </p>
   </div>
   <div class='ocr_carea' id='block_1_86' title="bbox 373 4684 1954 4768">
    <p class='ocr_par' dir='ltr' id='par_1_86' title="bbox 373 4684 1874 4761">
     <span class='ocr_line' id='line_1_86' title="bbox 373 4684 1874 4761; baseline 0.002 -23"><span class='ocrx_word' id='word_1_512' title='bbox 373 4684 496 4740; x_wconf 77' lang='grc'>105.</span> <span class='ocrx_word' id='word_1_513' title='bbox 525 4687 634 4740; x_wconf 86' lang='lat' dir='ltr'><strong>Kal</strong></span> <span class='ocrx_word' id='word_1_514' title='bbox 663 4690 768 4751; x_wconf 75' lang='grc' dir='ltr'><strong>πᾶς</strong></span> <span class='ocrx_word' id='word_1_515' title='bbox 801 4691 829 4743; x_wconf 94' lang='lat'><strong>6</strong></span> <span class='ocrx_word' id='word_1_516' title='bbox 865 4688 992 4754; x_wconf 82' lang='grc' dir='ltr'>λαὸς</span> <span class='ocrx_word' id='word_1_517' title='bbox 1037 4687 1146 4743; x_wconf 85' lang='grc' dir='ltr'><strong>τῶν</strong></span> <span class='ocrx_word' id='word_1_518' title='bbox 1189 4688 1396 4742; x_wconf 85' lang='grc' dir='ltr'>πιστῶν</span> <span class='ocrx_word' id='word_1_519' title='bbox 1429 4687 1611 4757; x_wconf 78' lang='grc' dir='ltr'>λέγει’</span> <span class='ocrx_word' id='word_1_520' title='bbox 1658 4686 1832 4761; x_wconf 78' lang='grc' dir='ltr'>Ἀμήν</span> <span class='ocrx_word' id='word_1_521' title='bbox 1859 4726 1874 4752; x_wconf 90' lang='grc'><strong>,</strong></span> 
     </span>
    </p>
   </div>
   <div class='ocr_carea' id='block_1_87' title="bbox 1972 4684 3553 4768">
    <p class='ocr_par' dir='ltr' id='par_1_87' title="bbox 2052 4691 3553 4768">
     <span class='ocr_line' id='line_1_87' title="bbox 2052 4691 3553 4768; baseline 0.006 -20"><span class='ocrx_word' id='word_1_522' title='bbox 2052 4694 2174 4749; x_wconf 76' lang='grc'>105.</span> <span class='ocrx_word' id='word_1_523' title='bbox 2202 4691 2266 4750; x_wconf 84' lang='lat' dir='ltr'><strong>Et</strong></span> <span class='ocrx_word' id='word_1_524' title='bbox 2288 4696 2576 4750; x_wconf 84' lang='lat' dir='ltr'><strong>universus</strong></span> <span class='ocrx_word' id='word_1_525' title='bbox 2617 4696 2854 4751; x_wconf 84' lang='lat' dir='ltr'><strong>ﬁdelium</strong></span> <span class='ocrx_word' id='word_1_526' title='bbox 2883 4698 3116 4768; x_wconf 89' lang='lat' dir='ltr'><strong>populus</strong></span> <span class='ocrx_word' id='word_1_527' title='bbox 3144 4700 3325 4756; x_wconf 86' lang='lat' dir='ltr'><strong>dicat:</strong></span> <span class='ocrx_word' id='word_1_528' title='bbox 3359 4701 3553 4768; x_wconf 86' lang='lat' dir='ltr'><strong>Amen,</strong></span> 
     </span>
    </p>
   </div>
   <div class='ocr_carea' id='block_1_88' title="bbox 297 4778 1878 4851">
    <p class='ocr_par' dir='ltr' id='par_1_88' title="bbox 297 4778 470 4851">
     <span class='ocr_line' id='line_1_88' title="bbox 297 4778 470 4851; baseline -0.006 -19"><span class='ocrx_word' id='word_1_529' title='bbox 297 4778 470 4851; x_wconf 83' lang='grc' dir='ltr'>ἀμήν.</span> 
     </span>
    </p>
   </div>
   <div class='ocr_carea' id='block_1_89' title="bbox 581 4778 2162 4851">
    <p class='ocr_par' dir='ltr' id='par_1_89' title="bbox 1984 4802 2162 4840">
     <span class='ocr_line' id='line_1_89' title="bbox 1984 4802 2162 4840; baseline -0.006 0"><span class='ocrx_word' id='word_1_530' title='bbox 1984 4802 2162 4840; x_wconf 83' lang='lat' dir='ltr'><strong>amen.</strong></span> 
     </span>
    </p>
   </div>
   <div class='ocr_carea' id='block_1_90' title="bbox 381 4895 3553 5041">
    <p class='ocr_par' dir='ltr' id='par_1_90' title="bbox 381 4895 3553 5041">
     <span class='ocr_line' id='line_1_90' title="bbox 381 4895 3553 5041; baseline 0.004 -95"><span class='ocrx_word' id='word_1_531' title='bbox 381 4895 446 5041; x_wconf 51' lang='lat'><strong>&#39;51</strong></span> <span class='ocrx_word' id='word_1_532' title='bbox 471 4895 799 4968; x_wconf 80' lang='grc' dir='ltr'>προκειμένη</span> <span class='ocrx_word' id='word_1_533' title='bbox 826 4897 1104 4972; x_wconf 82' lang='grc' dir='ltr'>ἐπιγραφή</span> <span class='ocrx_word' id='word_1_534' title='bbox 1129 4897 1391 4970; x_wconf 86' lang='grc' dir='ltr'>περιέχει·</span> <span class='ocrx_word' id='word_1_535' title='bbox 1430 4897 1810 4967; x_wconf 71' lang='grc' dir='ltr'><strong>Ἀλληλούτα,</strong></span> <span class='ocrx_word' id='word_1_536' title='bbox 1837 4895 1972 4969; x_wconf 85' lang='grc' dir='ltr'>ὅπερ</span> <span class='ocrx_word' id='word_1_537' title='bbox 1996 4897 2378 4971; x_wconf 76' lang='grc' dir='ltr'>ἑρμηνεύεται,</span> <span class='ocrx_word' id='word_1_538' title='bbox 2401 4897 2709 4966; x_wconf 75' lang='grc' dir='ltr'>αἱνέσατε,</span> <span class='ocrx_word' id='word_1_539' title='bbox 2735 4900 2835 4954; x_wconf 77' lang='grc' dir='ltr'>καὶ</span> <span class='ocrx_word' id='word_1_540' title='bbox 2851 4899 2927 4974; x_wconf 84' lang='grc'><strong>(6)</strong></span> <span class='ocrx_word' id='word_1_541' title='bbox 2943 4902 3258 4974; x_wconf 77' lang='grc' dir='ltr'>ύμνήσατε</span> <span class='ocrx_word' id='word_1_542' title='bbox 3281 4905 3387 4959; x_wconf 75' lang='grc' dir='ltr'>τὸν</span> <span class='ocrx_word' id='word_1_543' title='bbox 3408 4906 3553 4960; x_wconf 73' lang='grc' dir='ltr'>ὄντα</span> 
     </span>
     <span class='ocr_line' id='line_1_91' title="bbox 381 5005 480 5041; baseline 0 0"><span class='ocrx_word' id='word_1_544' title='bbox 381 5010 383 5017; x_wconf 59' lang='grc' dir='ltr'><em>ν</em></span> <span class='ocrx_word' id='word_1_545' title='bbox 420 5005 480 5041; x_wconf 82' lang='grc' dir='ltr'><strong>ν.</strong></span> 
     </span>
    </p>
   </div>
   <div class='ocr_carea' id='block_1_91' title="bbox 304 4998 480 5044">
    <p class='ocr_par' dir='ltr' id='par_1_91' title="bbox 304 4998 480 5044">
     <span class='ocr_line' id='line_1_92' title="bbox 304 4998 480 5044; baseline -0.017 0"><span class='ocrx_word' id='word_1_546' title='bbox 304 4998 480 5044; x_wconf 62' lang='grc' dir='ltr'>θεόν.</span> 
     </span>
    </p>
   </div>
   <div class='ocr_carea' id='block_1_92' title="bbox 371 5080 3400 5156">
    <p class='ocr_par' dir='ltr' id='par_1_92' title="bbox 371 5080 3400 5156">
     <span class='ocr_line' id='line_1_93' title="bbox 371 5080 3400 5156; baseline 0.001 -18"><span class='ocrx_word' id='word_1_547' title='bbox 371 5080 590 5139; x_wconf 79' lang='lat' dir='ltr'><strong>Titulus</strong></span> <span class='ocrx_word' id='word_1_548' title='bbox 627 5087 949 5154; x_wconf 58' lang='lat' dir='ltr'><strong>praepositus</strong></span> <span class='ocrx_word' id='word_1_549' title='bbox 974 5083 1217 5138; x_wconf 90' lang='lat' dir='ltr'><strong>continet</strong></span> <span class='ocrx_word' id='word_1_550' title='bbox 1254 5101 1268 5137; x_wconf 91' lang='lat'><strong>:</strong></span> <span class='ocrx_word' id='word_1_551' title='bbox 1295 5081 1551 5149; x_wconf 81' lang='lat' dir='ltr'><strong>Alleluia,</strong></span> <span class='ocrx_word' id='word_1_552' title='bbox 1601 5082 1747 5153; x_wconf 90' lang='lat' dir='ltr'><strong>quod</strong></span> <span class='ocrx_word' id='word_1_553' title='bbox 1776 5082 2190 5153; x_wconf 87' lang='lat' dir='ltr'><strong>interpretatur,</strong></span> <span class='ocrx_word' id='word_1_554' title='bbox 2241 5081 2485 5150; x_wconf 82' lang='lat' dir='ltr'><strong>laudate,</strong></span> <span class='ocrx_word' id='word_1_555' title='bbox 2513 5091 2561 5137; x_wconf 86' lang='lat' dir='ltr'><strong>et</strong></span> <span class='ocrx_word' id='word_1_556' title='bbox 2587 5081 2822 5138; x_wconf 74' lang='lat' dir='ltr'><strong>excitate</strong></span> <span class='ocrx_word' id='word_1_557' title='bbox 2864 5101 3003 5150; x_wconf 83' lang='lat' dir='ltr'><strong>eum,</strong></span> <span class='ocrx_word' id='word_1_558' title='bbox 3028 5091 3120 5156; x_wconf 79' lang='lat' dir='ltr'><strong>qui</strong></span> <span class='ocrx_word' id='word_1_559' title='bbox 3144 5087 3280 5142; x_wconf 73' lang='lat' dir='ltr'><strong>Deus</strong></span> <span class='ocrx_word' id='word_1_560' title='bbox 3303 5097 3400 5142; x_wconf 79' lang='lat' dir='ltr'><strong>est.</strong></span> 
     </span>
    </p>
   </div>
   <div class='ocr_carea' id='block_1_93' title="bbox 372 5195 1953 5272">
    <p class='ocr_par' dir='ltr' id='par_1_93' title="bbox 372 5197 1780 5272">
     <span class='ocr_line' id='line_1_94' title="bbox 372 5197 1780 5272; baseline -0.001 -19"><span class='ocrx_word' id='word_1_561' title='bbox 372 5197 422 5253; x_wconf 88' lang='lat'><strong>1..</strong></span> <span class='ocrx_word' id='word_1_562' title='bbox 452 5199 527 5272; x_wconf 88' lang='lat'><strong>(7)</strong></span> <span class='ocrx_word' id='word_1_563' title='bbox 549 5199 933 5272; x_wconf 86' lang='grc' dir='ltr'>Προσαγάγετε</span> <span class='ocrx_word' id='word_1_564' title='bbox 961 5199 1059 5263; x_wconf 82' lang='grc' dir='ltr'><strong>τὰς</strong></span> <span class='ocrx_word' id='word_1_565' title='bbox 1084 5199 1259 5270; x_wconf 78' lang='grc' dir='ltr'>ψυχὰς</span> <span class='ocrx_word' id='word_1_566' title='bbox 1285 5197 1438 5270; x_wconf 81' lang='grc' dir='ltr'>ὐμῶν</span> <span class='ocrx_word' id='word_1_567' title='bbox 1459 5197 1536 5270; x_wconf 81' lang='grc' dir='ltr'><strong>τῷ</strong></span> <span class='ocrx_word' id='word_1_568' title='bbox 1567 5198 1780 5270; x_wconf 83' lang='grc' dir='ltr'>Κυρίῳ.</span> 
     </span>
    </p>
   </div>
   <div class='ocr_carea' id='block_1_94' title="bbox 1521 5195 3102 5272">
    <p class='ocr_par' dir='ltr' id='par_1_94' title="bbox 1521 5195 3102 5270">
     <span class='ocr_line' id='line_1_95' title="bbox 1521 5195 3102 5270; baseline 0.003 -20"><span class='ocrx_word' id='word_1_569' title='bbox 1521 5198 1536 5250; x_wconf 70' lang='lat' dir='ltr'><strong>i</strong></span> <span class='ocrx_word' id='word_1_570' title='bbox 1567 5198 1780 5270; x_wconf 83' lang='grc' dir='ltr'>Κυρίῳ.</span> <span class='ocrx_word' id='word_1_571' title='bbox 2060 5197 2112 5251; x_wconf 86' lang='lat'><strong>1.</strong></span> <span class='ocrx_word' id='word_1_572' title='bbox 2141 5195 2345 5251; x_wconf 83' lang='lat' dir='ltr'><strong>Aﬂerte</strong></span> <span class='ocrx_word' id='word_1_573' title='bbox 2375 5197 2589 5253; x_wconf 88' lang='lat' dir='ltr'><strong>animas</strong></span> <span class='ocrx_word' id='word_1_574' title='bbox 2617 5207 2826 5255; x_wconf 88' lang='lat' dir='ltr'><strong>vestras</strong></span> <span class='ocrx_word' id='word_1_575' title='bbox 2853 5198 3102 5254; x_wconf 88' lang='lat' dir='ltr'><strong>Domino.</strong></span> 
     </span>
    </p>
   </div>
   <div class='ocr_carea' id='block_1_95' title="bbox 1249 5331 2604 5414">
    <p class='ocr_par' dir='ltr' id='par_1_95' title="bbox 1249 5331 2604 5414">
     <span class='ocr_line' id='line_1_96' title="bbox 1249 5331 2604 5414; baseline -0.001 -20"><span class='ocrx_word' id='word_1_576' title='bbox 1249 5334 1556 5397; x_wconf 77' lang='lat' dir='ltr'><strong>Addenda</strong></span> <span class='ocrx_word' id='word_1_577' title='bbox 1580 5343 1649 5398; x_wconf 79' lang='lat' dir='ltr'><strong>&#39;et</strong></span> <span class='ocrx_word' id='word_1_578' title='bbox 1683 5332 2060 5414; x_wconf 81' lang='lat' dir='ltr'><strong>corrigenda</strong></span> <span class='ocrx_word' id='word_1_579' title='bbox 2113 5349 2192 5392; x_wconf 75' lang='lat' dir='ltr'><strong>ex</strong></span> <span class='ocrx_word' id='word_1_580' title='bbox 2224 5331 2364 5393; x_wconf 91' lang='lat' dir='ltr'><strong>cod.</strong></span> <span class='ocrx_word' id='word_1_581' title='bbox 2399 5331 2604 5392; x_wconf 87' lang='lat' dir='ltr'><strong>Valic.</strong></span> 
     </span>
    </p>
   </div>
   <div class='ocr_carea' id='block_1_96' title="bbox 394 5455 1975 5598">
    <p class='ocr_par' dir='ltr' id='par_1_96' title="bbox 394 5457 1255 5598">
     <span class='ocr_line' id='line_1_97' title="bbox 395 5457 1255 5533; baseline 0 -20"><span class='ocrx_word' id='word_1_582' title='bbox 395 5459 448 5528; x_wconf 90' lang='lat'><strong>1)</strong></span> <span class='ocrx_word' id='word_1_583' title='bbox 477 5460 582 5516; x_wconf 87' lang='lat' dir='ltr'><strong>Kal</strong></span> <span class='ocrx_word' id='word_1_584' title='bbox 607 5457 712 5515; x_wconf 80' lang='grc' dir='ltr'>εῐδε</span> <span class='ocrx_word' id='word_1_585' title='bbox 736 5460 934 5533; x_wconf 86' lang='grc' dir='ltr'>Κύριος</span> <span class='ocrx_word' id='word_1_586' title='bbox 960 5459 1116 5524; x_wconf 81' lang='grc' dir='ltr'><strong>τούς,</strong></span> <span class='ocrx_word' id='word_1_587' title='bbox 1147 5468 1255 5514; x_wconf 91' lang='lat' dir='ltr'><strong>etc.</strong></span> 
     </span>
     <span class='ocr_line' id='line_1_98' title="bbox 394 5530 702 5598; baseline 0.003 -14"><span class='ocrx_word' id='word_1_588' title='bbox 394 5530 451 5598; x_wconf 77' lang='lat'><strong>&#39;2)</strong></span> <span class='ocrx_word' id='word_1_589' title='bbox 479 5533 702 5587; x_wconf 81' lang='grc' dir='ltr'>Ἐλθεῖν.</span> 
     </span>
    </p>
   </div>
   <div class='ocr_carea' id='block_1_97' title="bbox 1979 5455 3560 5598">
    <p class='ocr_par' dir='ltr' id='par_1_97' title="bbox 1983 5455 3560 5581">
     <span class='ocr_line' id='line_1_99' title="bbox 2045 5455 3560 5544; baseline 0.003 -33"><span class='ocrx_word' id='word_1_590' title='bbox 2045 5456 2121 5544; x_wconf 66' lang='grc' dir='ltr'><strong>(β)</strong></span> <span class='ocrx_word' id='word_1_591' title='bbox 2166 5458 2233 5511; x_wconf 87' lang='grc' dir='ltr'><strong>Ἦ</strong></span> <span class='ocrx_word' id='word_1_592' title='bbox 2267 5455 2356 5510; x_wconf 80' lang='grc' dir='ltr'>διὰ</span> <span class='ocrx_word' id='word_1_593' title='bbox 2398 5457 2497 5528; x_wconf 85' lang='grc' dir='ltr'>τῆς</span> <span class='ocrx_word' id='word_1_594' title='bbox 2532 5457 2904 5528; x_wconf 74' lang='grc' dir='ltr'>κινναϐάρεως</span> <span class='ocrx_word' id='word_1_595' title='bbox 2943 5457 3209 5528; x_wconf 87' lang='grc' dir='ltr'>περιέχει,</span> <span class='ocrx_word' id='word_1_596' title='bbox 3243 5463 3348 5514; x_wconf 87' lang='lat' dir='ltr'><strong>etc.</strong></span> <span class='ocrx_word' id='word_1_597' title='bbox 3392 5457 3560 5520; x_wconf 79' lang='lat' dir='ltr'><strong>Deest</strong></span> 
     </span>
     <span class='ocr_line' id='line_1_100' title="bbox 1983 5545 2097 5581; baseline -0.009 0"><span class='ocrx_word' id='word_1_598' title='bbox 1983 5545 2097 5581; x_wconf 85' lang='grc' dir='ltr'>και.</span> 
     </span>
    </p>
   </div>
   <div class='ocr_carea' id='block_1_98' title="bbox 391 5597 3559 5673">
    <p class='ocr_par' dir='ltr' id='par_1_98' title="bbox 391 5597 3559 5673">
     <span class='ocr_line' id='line_1_101' title="bbox 391 5597 3559 5673; baseline -0.001 -16"><span class='ocrx_word' id='word_1_599' title='bbox 475 5606 584 5657; x_wconf 85' lang='lat' dir='ltr'><strong>Kal</strong></span> <span class='ocrx_word' id='word_1_600' title='bbox 615 5601 976 5670; x_wconf 82' lang='grc' dir='ltr'>ἐπισυνάγαγε</span> <span class='ocrx_word' id='word_1_601' title='bbox 1001 5601 1148 5672; x_wconf 80' lang='grc' dir='ltr'>ἡμᾶς</span> <span class='ocrx_word' id='word_1_602' title='bbox 1171 5602 1252 5663; x_wconf 84' lang='grc' dir='ltr'><strong>ἐκ,</strong></span> <span class='ocrx_word' id='word_1_603' title='bbox 1287 5609 1395 5656; x_wconf 90' lang='lat' dir='ltr'><strong>etc.</strong></span> <span class='ocrx_word' id='word_1_604' title='bbox 1968 5597 2117 5673; x_wconf 83' lang='lat'><strong>__(7)</strong></span> <span class='ocrx_word' id='word_1_605' title='bbox 2149 5599 2218 5653; x_wconf 88' lang='lat' dir='ltr'><strong>N.</strong></span> <span class='ocrx_word' id='word_1_606' title='bbox 2252 5599 2300 5655; x_wconf 88' lang='lat'><strong>1.</strong></span> <span class='ocrx_word' id='word_1_607' title='bbox 2354 5600 2769 5673; x_wconf 85' lang='grc' dir='ltr'>Προσαγάγετε,</span> <span class='ocrx_word' id='word_1_608' title='bbox 2820 5613 2992 5668; x_wconf 86' lang='lat' dir='ltr'><strong>usque</strong></span> <span class='ocrx_word' id='word_1_609' title='bbox 3027 5599 3094 5654; x_wconf 81' lang='lat' dir='ltr'><strong>ad</strong></span> <span class='ocrx_word' id='word_1_610' title='bbox 3156 5599 3326 5653; x_wconf 82' lang='grc' dir='ltr'>ἐστιν.</span> <span class='ocrx_word' id='word_1_611' title='bbox 3373 5598 3445 5655; x_wconf 88' lang='grc' dir='ltr'><strong>Ν.</strong></span> <span class='ocrx_word' id='word_1_612' title='bbox 3491 5599 3559 5660; x_wconf 76' lang='grc'><strong>2.</strong></span> 
     </span>
    </p>
   </div>
   <div class='ocr_carea' id='block_1_99' title="bbox 398 5666 1979 5743">
    <p class='ocr_par' dir='ltr' id='par_1_99' title="bbox 398 5666 1979 5743">
     <span class='ocr_line' id='line_1_102' title="bbox 398 5666 1979 5743; baseline -0.001 -16"><span class='ocrx_word' id='word_1_613' title='bbox 398 5666 453 5743; x_wconf 55' lang='lat'><strong>6)</strong></span> <span class='ocrx_word' id='word_1_614' title='bbox 487 5674 592 5727; x_wconf 78' lang='grc' dir='ltr'>Τοῦ</span> <span class='ocrx_word' id='word_1_615' title='bbox 623 5666 994 5743; x_wconf 77' lang='grc' dir='ltr'>ἐγκαυχᾶσθαι</span> <span class='ocrx_word' id='word_1_616' title='bbox 1023 5666 1085 5726; x_wconf 69' lang='grc' dir='ltr'>ἓν</span> <span class='ocrx_word' id='word_1_617' title='bbox 1140 5681 1245 5727; x_wconf 89' lang='lat' dir='ltr'><strong>etc.</strong></span> <span class='ocrx_word' id='word_1_618' title='bbox 1675 5711 1682 5721; x_wconf 89' lang='lat'><strong>.</strong></span> <span class='ocrx_word' id='word_1_619' title='bbox 1749 5721 1753 5724; x_wconf 76' lang='grc'><strong>.</strong></span> <span class='ocrx_word' id='word_1_620' title='bbox 1968 5667 1979 5686; x_wconf 76' lang='grc'>⁸</span> 
     </span>
    </p>
   </div>
   <div class='ocr_carea' id='block_1_100' title="bbox 672 5666 2253 5743">
    <p class='ocr_par' dir='ltr' id='par_1_100' title="bbox 672 5666 2253 5743">
     <span class='ocr_line' id='line_1_103' title="bbox 672 5666 2253 5743; baseline -0.002 -16"><span class='ocrx_word' id='word_1_621' title='bbox 672 5666 994 5743; x_wconf 65' lang='grc' dir='ltr'>Γκαυχᾶσθαι</span> <span class='ocrx_word' id='word_1_622' title='bbox 1023 5666 1085 5726; x_wconf 71' lang='grc' dir='ltr'><strong>ἐν</strong></span> <span class='ocrx_word' id='word_1_623' title='bbox 1140 5681 1245 5727; x_wconf 87' lang='lat' dir='ltr'><strong>etc.</strong></span> <span class='ocrx_word' id='word_1_624' title='bbox 1675 5711 1682 5721; x_wconf 91' lang='lat'><strong>.</strong></span> <span class='ocrx_word' id='word_1_625' title='bbox 1749 5721 1753 5724; x_wconf 74' lang='grc'>,</span> <span class='ocrx_word' id='word_1_626' title='bbox 1968 5666 2116 5734; x_wconf 76' lang='grc' dir='ltr'>Ὅτι,</span> <span class='ocrx_word' id='word_1_627' title='bbox 2149 5678 2253 5724; x_wconf 88' lang='lat' dir='ltr'><strong>etc.</strong></span> 
     </span>
    </p>
   </div>
   <div class='ocr_carea' id='block_1_101' title="bbox 367 5742 784 5813">
    <p class='ocr_par' dir='ltr' id='par_1_101' title="bbox 367 5742 784 5813">
     <span class='ocr_line' id='line_1_104' title="bbox 367 5742 784 5813; baseline 0.01 -16"><span class='ocrx_word' id='word_1_628' title='bbox 367 5742 447 5813; x_wconf 79' lang='lat'><strong>(5)</strong></span> <span class='ocrx_word' id='word_1_629' title='bbox 479 5745 588 5799; x_wconf 82' lang='grc' dir='ltr'><strong>Τόν</strong></span> <span class='ocrx_word' id='word_1_630' title='bbox 611 5742 784 5801; x_wconf 80' lang='lat' dir='ltr'><strong>deest.</strong></span> 
     </span>
    </p>
   </div>
  </div>
