4004 6212
500 328 639 384 1125
1301 325 1356 380 5.
1399 324 1768 382 ΛΤΗΑΝΑΒΙΙ
1809 325 1961 380 OPP.
2001 323 2080 378 PA

2177 349 2181 370 ι
2220 319 2305 376 Ill.
2348 350 2418 362 —
2459 318 2870 379 EXEGETICA.
3597 325 3742 376 ηαδ

567 446 620 500 2.
651 443 919 511 Quoniam
951 443 1003 498 in
1041 443 1300 498 saeculum
1335 443 1715 499 misericordia
1750 444 1890 516 ejus.

2240 440 2294 493 2.
2328 440 2448 492 ’Ὁτι
2475 440 2554 503 εἰς
2579 439 2670 492 τὸν
2697 439 2863 492 αἰῶνα
2889 438 2948 492 τὸ
2979 437 3125 501 ἕλεος
3145 437 3328 492 αὐτοῦ.

568 538 622 592 5.
659 536 851 590 Dicant
876 535 970 606 qui
1005 534 1266 604 redempti
1294 545 1420 590 sunt
1447 551 1477 590 a
1506 535 1778 591 Domino:

2243 533 2296 585 5.
2322 531 2651 585 Εἰπάτωσαν
2673 534 2719 585 οἱ
2747 531 3142 602 λελυτρωμένοι
3175 530 3280 583 ὑπὸ
3308 529 3512 600 Κυρίου
3541 549 3554 563 ·

569 635 621 689 4.
653 634 802 701 Quos
839 631 1064 687 redemit
1090 631 1157 686 de
1190 647 1355 686 manu
1387 631 1594 685 inimici
1623 649 1636 684 :

2247 624 2301 676 4.
2332 622 2438 686 Οὓς
2459 622 2800 695 ἐλυτρώσατο
2829 627 2892 678 ἐκ
2912 621 3092 694 χειρὸς
3122 621 3315 693 ἐχθροῦ
3337 638 3350 650 ·

573 729 625 783 5.
661 727 726 782 Et
753 727 819 782 de
849 725 1165 796 regionibus
1197 724 1547 794 congregavit
1574 738 1707 778 eos:

2244 714 2295 767 5.
2329 715 2438 766 Kal.
2471 715 2536 767 ἐκ
2567 713 2675 766 τῶν
2701 713 2892 785 χωρῶν
2920 713 3223 783 συνήγαγεν
3251 709 3446 776 αὐτούς
3467 727 3482 742 ο

573 820 626 875 6.
682 819 728 872 Α
777 818 910 874 solis
964 825 1124 881 ortu,
1177 825 1232 872 et
1281 831 1479 870 occasu
1509 857 1525 883 ,
1572 817 1640 870 ab
1691 816 1965 886 aquilone,
2021 822 2074 868 et

2242 805 2294 859 6.
2339 805 2471 858 Ἀπὸ
2495 803 2786 871 ἀνατολῶν,
2812 805 2906 858 καὶ
2927 802 3166 875 δυσμῶν,
3198 804 3287 858 καὶ
3313 803 3500 874 βορρᾶ,
3527 803 3627 858 καὶ
3650 801 3746 859 θα,⁹

504 912 665 969 mari.

2177 895 2398 969 λάσσης.

575 1005 625 1059 7.
659 1003 990 1058 Erraverunt
1016 1001 1071 1055 in
1108 1000 1400 1056 solitudine
1429 999 1482 1052 in
1527 999 1838 1068 inaquoso:

2244 989 2299 1044 7.
2345 987 2752 1060 Ἐπλανήθησαν
2782 990 2838 1041 ἐν
2859 990 2924 1058 τῇ
2964 989 3155 1060 ἐρήμῳ
3182 990 3240 1042 ἐν
3269 987 3512 1060 ἀνύδρῳο

571 1095 627 1150 8.
667 1092 827 1148 Viam
862 1091 1100 1147 civitatis
1136 1090 1429 1145 habitaculi
1458 1106 1566 1145 non
1601 1090 1926 1144 invenerunt

2243 1079 2297 1134 8.
2336 1080 2482 1135 Ὀδὸν
2519 1081 2723 1145 πόλεως
2760 1081 3176 1152 κατοικητηριου
3209 1082 3306 1153 οὐχ
3335 1075 3493 1155 εὗρον

571 1185 625 1242 9.
665 1185 998 1250 Εδυτίθηιθε,
1034 1193 1088 1240 et
1121 1185 1406 1239 sitientes:

2243 1173 2297 1227 9.
2329 1170 2648 1236 Πεινῶντες,
2681 1173 2774 1226 καὶ
2800 1171 3060 1242 διψῶντες
3079 1189 3092 1203 ο
3476 1199 3483 1206 -

574 1279 663 1335 10.
687 1279 882 1334 Anima
911 1275 1170 1351 [Animae]
1193 1292 1383 1331 eorum
1411 1276 1467 1330 in
1507 1275 1642 1346 ipsis
1675 1273 1874 1330 defecit
1909 1272 2076 1346 [defe-

2246 1264 2332 1318 10.
2372 1264 2436 1316 Ἦ
2465 1263 2610 1335 ψυχὴ
2656 1263 2742 1336 [Αἱ
2768 1261 2963 1338 ψυχαὶ]
2988 1265 3165 1318 αὐτῶν
3208 1267 3266 1320 ἐν
3295 1265 3478 1329 αὐτοῖς
3523 1265 3742 1331 ἐξέλιπε

503 1370 745 1444 cerunt].

2179 1354 2195 1430 ξ
2203 1352 2472 1428 ἐξέλιπον]
2481 1395 2493 1409 .

581 1465 665 1518 ll.
714 1462 781 1517 Et
823 1462 1196 1517 clamaverunt
1223 1460 1292 1516 ad
1338 1457 1630 1515 Dominum
1677 1474 1802 1514 cum
1854 1458 2077 1514 tribula-

2246 1450 2332 1503 11.
2356 1449 2466 1502 Ka‘t
2502 1446 2804 1521 ἐκέκραξαν
2830 1449 2962 1522 πρὸς
3009 1449 3210 1520 Κύριον
3251 1451 3308 1503 ἐν
3337 1448 3414 1521 τῷ
3463 1449 3742 1504 θλίὗεσθαι

503 1565 690 1610 rentur
707 1572 720 1608 ς

2177 1541 2371 1605 αύτούς
2392 1560 2405 1572 °

575 1647 664 1702 12.
698 1644 766 1701 Et
795 1644 862 1700 de
892 1643 1312 1701 necessitatibus
1341 1657 1532 1696 eorum
1559 1641 1759 1712 eripuit
1785 1656 1901 1697 eos.

2247 1631 2332 1684 12.
2361 1634 2469 1684 Καὶ
2498 1634 2562 1687 ἐκ
2589 1634 2698 1687 τῶν
2737 1632 2991 1699 ἀναγκῶν
3019 1633 3197 1685 αὐτῶν
3220 1632 3490 1703 ἐρρύσατο
3521 1631 3740 1695 αὐτούς.

576 1739 665 1793 15.
696 1737 761 1791 Ει
793 1737 1016 1792 deduxit
1040 1753 1134 1792 eos
1163 1737 1215 1790 in
1243 1735 1385 1790 viam
1413 1745 1638 1799 rectam,

2245 1725 2332 1780 15.
2363 1727 2471 1778 Ka‘t
2495 1727 2774 1798 ὡδήγησεν
2801 1727 2994 1789 αὐτοὺς
3025 1726 3104 1788 εἰς
3131 1725 3249 1778 ὁδὸν
3277 1725 3493 1778 εὐθεῖαν
3514 1765 3531 1785 ,

577 1831 663 1885 14.
706 1828 781 1884 Ut
811 1831 950 1884 irent
980 1829 1032 1883 in
1064 1829 1337 1884 civitatem
1369 1826 1741 1882 habitationis.
1789 1821 1796 1828 “

2246 1817 2331 1870 14.
2365 1817 2470 1872 Τοῦ
2503 1795 2829 1890 πορευθῆναι
2851 1820 2930 1880 εἰς
2962 1818 3113 1871 πόλιν
3143 1819 3590 1890 κατοικητηρίου.

578 1924 667 1977 15.
701 1922 1075 1977 Conﬁteantur
1104 1919 1336 1974 Domino
1367 1918 1751 1972 misericordia:
1784 1917 1920 1988 ejus,

2247 1909 2332 1963 15.
2381 1911 2988 1981 Ἐξομολογησάσθωσαν
3006 1910 3082 1982 τῷ
3106 1913 3291 1984 Κυρίῳ
3309 1912 3378 1964 τὰ
3396 1911 3518 1982 ἐλέη
3546 1909 3736 1975 αὑτοῦ,

579 2011 666 2065 16.
701 2010 768 2065 Et
797 2009 1067 2064 mirabilia
1095 2009 1215 2080 ejus
1245 2008 1371 2063 ﬁliis
1401 2009 1703 2062 hominum.
1794 2072 1796 2075 ι

2241 2000 2325 2054 16.
2363 2003 2473 2056 Καὶ
2496 2003 2566 2057 τὰ
2595 2002 2872 2072 θαυμάσια
2894 2003 3056 2058 αὑτοῦ
3082 1998 3196 2068 τοῖς
3221 2006 3357 2068 υἱοῖς
3384 2005 3490 2057 τῶν
3525 2003 3741 2075 ἀνθρὼο

2176 2109 2313 2146 πων.

581 2185 664 2240 17.
697 2183 832 2251 Quia
861 2182 1080 2238 satiavit
1107 2182 1346 2237 animam
1380 2181 1596 2237 inanem
1628 2206 1640 2239 ;

2239 2183 2326 2238 17.
2365 2186 2486 2239 Ὅτι
2513 2187 2774 2260 ἐχόρτασε
2811 2187 2989 2260 ψυχὴν
3020 2192 3181 2262 κενήν
3201 2205 3215 2220 ·

577 2276 666 2330 18.
695 2276 762 2328 Ει
794 2272 1033 2327 animam
1063 2271 1388 2327 esurientem
1420 2273 1640 2326 satiavit
1669 2272 1848 2328 bonis.

2247 2275 2331 2331 18.
2361 2278 2468 2332 Καὶ
2489 2278 2663 2351 ψυχὴν
2689 2279 2957 2333 πεινῶσαν
2983 2281 3276 2351 ἐνέπλησεν
3301 2282 3542 2352 ἀγαθῶν.

1632 2459 2010 2520 ATHANASII
2045 2460 2627 2519 INTERPRETATIO.

579 2655 629 2676 ...
670 2621 939 2691 Quoniam
977 2621 1155 2676 bonus
1189 2629 1296 2687 est,
1325 2621 1586 2692 quoniam
1618 2620 1828 2676 inﬁnita
1863 2629 1946 2676 est
1977 2619 2080 2675 mi-

2244 2619 2299 2673 2.
2334 2619 2455 2673 Ὅτι
2480 2618 2681 2691 ἀγαθός
2709 2621 2876 2685 ἐστιν,
2906 2621 2988 2674 ὅτι
3018 2619 3370 2692 ἀτελεύτητον
3394 2622 3460 2677 τὸ
3482 2623 3630 2689 ἔλεος
3648 2626 3747 2680 αὖα

505 2714 807 2771 sericordia
836 2715 976 2785 ejus.
2174 2711 2288 2767 τοῦ.

578 2806 630 2859 5.
685 2805 877 2861 Dicant
932 2803 1146 2860 liberati
1212 2819 1242 2857 a
1301 2802 1532 2859 Domino
1581 2820 1680 2875 per
1726 2803 2080 2875 baptismum,

2243 2805 2297 2858 5.
2324 2805 2644 2858 Εἰπὰτωσαν
2677 2807 2724 2860 οἱ
2749 2805 3140 2878 λελυτρωμένοι
3178 2806 3281 2860 ὑπὸ
3309 2807 3514 2878 Κυρίου
3543 2807 3622 2879 τῷ
3653 2809 3746 2879 βαρ

507 2897 764 2966 quoniam
817 2899 1037 2964 bonus,
1089 2904 1145 2953 et
1197 2896 1516 2954 indeﬁciens
1561 2907 1646 2952 est
1705 2897 2080 2953 misericordia

2177 2897 2555 2967 πτίσματι,ὅτι
2578 2898 2799 2967 ἀγαθὸς,
2822 2899 2916 2952 καὶ
2941 2899 3000 2952 τὺ
3031 2897 3176 2962 ἔλεος
3195 2897 3358 2952 αὑτοῦ
3402 2898 3746 2953 ἀδιάλειπιόν

504 2988 650 3058 ejus.

2179 2991 2293 3042 ἐστι
2330 2991 2424 3059 (1).

579 3081 630 3134 4.
675 3079 906 3136 Diaboli.
1412 3103 1417 3107 ·

2248 3081 2302 3136 4.
2341 3082 2444 3137 Τοῦ
2475 3081 2745 3138 διαϐόλου.

580 3169 632 3224 5.
658 3168 724 3224 Et
756 3169 1007 3224 circuivit
1034 3166 1194 3224 Jesus
1219 3169 1384 3224 urbes
1415 3177 1468 3224 et
1497 3169 1746 3239 regiones
1775 3167 2077 3238 praedicans

2248 3175 2300 3230 5.
2337 3176 2446 3228 Kal.
2471 3179 2730 3247 περιῆγεν
2765 3177 2795 3230 ὁ
2832 3174 2908 3246 (2)
2951 3174 3158 3247 Ἰησοῦς
3177 3175 3276 3240 τὰς
3304 3176 3507 3240 πόλεις,
3533 3177 3631 3232 καὶ
3649 3177 3746 3242 τὰς

507 3270 734 3325 regnum
775 3256 903 3320 Dei,
941 3264 995 3310 et
1033 3272 1234 3312 sanans
1286 3272 1505 3311 omnem
1561 3257 1813 3312 morbum
1878 3269 1931 3313 et
1961 3274 2080 3313 om-

511 3359 632 3398 nem
665 3344 1060 3398 inﬁrmitatem.

579 3430 631 3484 6.
664 3433 707 3483 A
739 3433 941 3502 populo
966 3431 1302 3501 Judaeorum,
1326 3442 1382 3490 et
1408 3434 1669 3508 gentium.

583 3525 634 3579 7.
669 3524 1000 3580 Erraverunt
1033 3526 1087 3579 in
1137 3527 1340 3581 mundo
1379 3527 1434 3582 in
1469 3527 1796 3596 idololatria,
1827 3539 1881 3586 et
1927 3531 2076 3586 omni

511 3615 1125 3672 actione-"infructil'era.

579 3709 632 3764 8.
659 3709 992 3780 Praeceptum
1031 3710 1267 3766 caelestis
1314 3713 1551 3768 civitatis
1588 3730 1695 3769 non
1731 3717 2072 3772 invenerunt.

578 3800 632 3854 9.
663 3798 732 3853 Ut
765 3799 1198 3856 rcfocillarcntur
1224 3817 1413 3857 eorum
1440 3805 1655 3860 animae.

579 3888 664 3943 10.
687 3888 1112 3956 Exarserunt,et
1140 3903 1480 3964 consumptae
1503 3906 1628 3950 sunt
1659 3911 1850 3950 eorum
1881 3897 2076 3952 anima:

508 4001 539 4039 a
573 3993 816 4054 peccato.

2177 3265 2360 3340 χώρας
2396 3267 2685 3340 κηρύσσων
2714 3269 2810 3339 τὴν
2847 3267 3124 3338 βασιλείαν
3153 3268 3247 3322 τοῦ
3275 3269 3433 3334 Θεοῦ,
3462 3270 3558 3323 καὶ
3587 3269 3745 3340 ἰώμε-

2177 3378 2265 3424 νος
2287 3362 2463 3413 πᾶσαν
2493 3359 2668 3425 νόσον,
2697 3361 2791 3414 καὶ
2824 3361 3003 3414 πᾶσαν
3036 3360 3326 3431 μαλακίαν.

2247 3449 2298 3503 6.
2346 3451 2477 3502 Ἀπὸ
2503 3448 2595 3501 τοῦ
2625 3449 2752 3502 λαοῦ
2782 3448 2890 3502 τῶν
2927 3449 3196 3503 Ἰουδαίων
3229 3449 3323 3503 καὶ
3353 3449 3463 3502 τῶν
3497 3449 3688 3505 ἐθνῶν.

2247 3541 2299 3594 7.
2335 3539 2744 3612 Ἐπλανήθησαν
2777 3543 2835 3594 ἐν
2855 3541 2934 3612 τῷ
2957 3541 3144 3613 κόσμῳ
3165 3543 3223 3595 ἐν
3247 3544 3312 3614 τῇ
3336 3541 3741 3615 εἰδοὶωλατρεξᾳ

2177 3633 2270 3687 καὶ
2303 3631 2453 3706 πάσῃ
2483 3631 2678 3704 πράξει
2705 3633 2958 3705 ἀκάρπῳ.
3059 3686 3064 3692 ,

2247 3723 2299 3777 8.
2334 3723 2410 3795 (5)
2464 3724 2707 3796 Ἐντολὴν
2739 3725 2837 3796 τῆς
2855 3725 3179 3795 ἐπουρανίου
3203 3725 3410 3790 πόλεως
3431 3726 3533 3798 οὐχ
3559 3719 3736 3799 εὗρον.

2244 3818 2297 3873 9.
2330 3817 2447 3872 Ἵνα
2479 3816 2894 3871 ἀναπαύσωνται
2933 3820 2988 3872 αἱ
3011 3818 3180 3889 ψυχαὶ
3201 3818 3400 3872 αὐτῶν.

2247 3907 2332 3960 10.
2374 3907 2728 3974 Ἐξεκαίοντο,
2758 3910 2851 3962 καὶ
2873 3911 3233 3982 κατετήκοντο
3256 3913 3310 3964 αἱ
3352 3911 3525 3983 ψυχαὶ
3565 3911 3735 3965 αὐτῶν

2176 4001 2282 4055 ἀπὸ
2308 4001 2406 4070 τῆς
2429 4001 2722 4072 ἁμαρτίας.

583 4077 666 4130 ll.
700 4076 766 4131 Et
787 4078 1160 4138 clamaverunt
1188 4082 1255 4136 ad
1287 4081 1458 4137 Deum
1507 4099 1631 4139 cum
1661 4085 2076 4156 possiderentur

2248 4090 2336 4148 11.
2388 4093 2498 4144 Kal.
2543 4092 2774 4162 ἐϐόησαν
2813 4093 2951 4166 πρὸς
2996 4094 3086 4148 τὸν
3127 4095 3278 4158 Θεὸν,
3325 4097 3405 4149 ὅτι
3451 4095 3732 4150 κατεδυνα-

507 4182 537 4219 a
577 4181 817 4236 peccato.

2177 4182 2428 4238 στεύοντο
2456 4185 2559 4236 ὑπὸ
2587 4187 2682 4258 τῆς
2711 4189 3005 4261 ἁμαρτίας.

580 4257 665 4309 12.
703 4257 775 4310 De
802 4258 1130 4316 adversariis
1159 4263 1544 4330 potestatibus.

2246 4274 2334 4328 12.
2375 4275 2468 4328 Ἐκ
2489 4276 2562 4346 (4)
2593 4279 2699 4330 τῶν
2725 4257 2978 4334 ἐναντίων
3011 4283 3313 4353 δυνάμεων.

585 4348 663 4401 15.
695 4345 752 4401 In
783 4349 941 4404 ﬁdem
966 4353 1211 4406 veritatis
1243 4368 1377 4409 suae.

2248 4365 2335 4421 15.
2369 4367 2463 4428 Εἰς
2490 4368 2588 4439 τὴν
2615 4370 2794 4422 πίστιν
2826 4372 2925 4442 τῆς
2950 4345 3204 4444 ἀληθείας
3228 4371 3415 4425 αὐτοῦ.

576 4439 662 4494 14.
689 4438 761 4495 Ut
792 4441 1098 4498 invenirent
1127 4446 1367 4514 requiem
1396 4448 1447 4500 in
1481 4463 1714 4519 superna
1747 4449 2072 4506 Jerusalem.

2252 4457 2337 4513 14.
2375 4458 2480 4512 Τοῦ
2513 4461 2690 4532 εὑρεῖν
2715 4463 2909 4527 αὐτοὺς
2936 4464 3238 4517 ἀνάπαυσιν
3265 4466 3332 4536 τῇ
3367 4464 3446 4536 (5)
3482 4463 3596 4517 ἄνω
3644 4463 3731 4515 Ἱε-

2181 4565 2274 4619 ρου
2282 4548 2414 4620 σαλή
2423 4566 2483 4619 μ.

2249 4640 2336 4694 15.
2367 4642 2724 4714 Διηγήσονται
2763 4646 2896 4698 πᾶσι
2924 4645 2992 4699 τὰ
3024 4645 3145 4718 ἐλέη
3168 4645 3352 4698 αὐτοῦ.

2248 4731 2334 4786 16.
2367 4735 2476 4787 Καὶ
2503 4735 2599 4808 τὴν
2623 4736 2929 4809 ἀμέτρητον
2966 4737 3128 4790 αὑτοῦ
3164 4735 3475 4808 ἀγαθότητα
3504 4736 3615 4799 τοῖς
3650 4729 3725 4804 (6)

2177 4824 2309 4888 υἱοῖς
2331 4825 2439 4878 τῶν
2467 4827 2790 4900 ἀνθρώπων.

2242 4916 2327 4970 17.
2367 4919 2488 4972 Ὅτι
2511 4922 2689 4973 πᾶσαν
2719 4921 2895 4993 ψυχὴν
2923 4919 3121 4991 ἀσθενῆ
3151 4919 3227 4991 (7)
3256 4917 3673 4990 ἐνεδυνάμωσεν.

2243 5007 2327 5060 18.
2356 5010 2460 5061 Kal
2490 5010 2750 5080 ἐνέπλησε
2782 5014 2892 5068 τῶν
2918 5013 3269 5084 χαρισμάτων
3297 5009 3395 5065 τοῦ
3420 5009 3727 5075 Πνεύματος

2172 5098 2334 5152 αὐτοῦ
2362 5100 2454 5153 τοῦ
2483 5101 2710 5170 ἀγαθοῦ.

582 4620 664 4675 15.
696 4618 1008 4676 Narrabunt
1033 4623 1286 4680 omnibus
1310 4625 1710 4684 misericordias
1741 4630 1882 4699 ejus.

577 4711 1016 4768 16.1mmensam
1056 4714 1177 4785 ejus
1208 4717 1502 4773 bonitatem
1539 4719 1662 4775 ﬁliis
1694 4721 1997 4778 hominum.

575 4899 661 4957 17.
694 4898 798 4968 Qui
826 4901 1154 4960 confortavit
1175 4920 1391 4961 omnem
1418 4907 1654 4964 animam
1695 4911 1986 4968 inﬁrmam.

577 4992 664 5050 18.
693 4993 759 5049 Et
783 4995 1027 5066 implevit
1047 4995 1207 5054 donis
1240 4995 1477 5069 Spiritus
1505 5002 1588 5057 sui
1617 5003 1764 5058 boni.

1443 5267 1747 5331 Addenda
1778 5278 1838 5330 et
1883 5272 2258 5354 corrigenda
2304 5293 2382 5337 ex
2413 5279 2553 5339 cod.
2590 5279 2788 5342 Vatic.

497 5427 793 5556 16926;?)
814 5427 890 5498 τῷ
920 5428 1254 5501 βαπτίσματι
1287 5431 1392 5485 ὑπὸ
1417 5433 1644 5505 Κυρίου,
1680 5447 1810 5504 etc.,
1839 5439 2063 5494 διαπαν-

2241 5443 2313 5515 (4)
2358 5447 2458 5500 Ἐκ
2481 5447 2648 5502 deest.

2239 5516 2315 5569 t5)
2358 5519 2444 5569 Ἐν
2478 5520 2565 5569 τῆ.

565 5534 587 5556 ,
619 5525 788 5550 ευ-ιιν.
815 5567 842 5578 ~
2239 5525 2315 5577 (5)
2359 5525 2444 5569 Ἐν
2478 5525 2565 5588 τῇ.

573 5564 1122 5654 Εερὲηγεῄγὰρκρ,
1158 5581 1261 5625 etc.
1441 5642 1452 5654 ι
1533 5644 1545 5654 _
1602 5643 1624 5654 _
1737 5647 1784 5654 __
1841 5648 1864 5654 _
1943 5651 2027 5654 ἡ*
2238 5585 2315 5654 (6)
2355 5585 2891 5652 Toic.etc.,desunt.

572 5633 1141 5727 (ξλὲίξίςεντὸλήν
1187 5657 1358 5712 usque
1388 5642 1454 5697 ad
1487 5643 1686 5698 αὐτῶν.
1735 5647 1804 5702 Ν.
1837 5648 1889 5703 9.
1941 5651 2083 5716 Ἐξς·

503 5713 768 5765 ικαιοντο,
799 5713 901 5758 etc.
