4004 6212
363 357 503 414 1125
1256 354 1342 408 DE
1379 351 1657 408 'l‘l'l‘llLlS
1694 349 2146 406 PSALMORUM.
2186 379 2253 391 —-
2290 347 2495 406 PSAL.
2528 347 2662 404 CVI.
3455 351 3586 406 H26

433 469 518 522 19.
554 467 908 534 Καθημένους
945 465 1001 516 ἐν
1029 480 1206 517 σκοτει
1234 467 1327 518 καὶ
1351 466 1477 535 σκιᾷ
1505 464 1756 529 Θανάτου,
1943 470 1989 524 Α

1943 470 1989 524 Α
2090 463 2172 518 19.
2206 461 2462 517 Sedentes
2498 461 2549 516 in
2581 459 2818 516 tenebris
2851 468 2902 513 et
2934 459 3126 514 umbra
3163 459 3369 525 mortis,

425 557 516 612 20.
551 556 964 626 Πεπεδημένους
996 558 1053 607 ἐν
1084 555 1324 624 πτωχείᾳ
1353 557 1444 608 καὶ
1485 556 1708 626 σιδήρῳ.

1594 573 1708 626 λρῳ.
2094 554 2184 609 20.
2230 553 2450 608 Vinctos
2477 553 2530 606 in
2567 552 2908 607 mendicitate
2933 559 2987 604 et
3011 549 3175 605 ferro.

431 649 519 702 2|.
547 648 668 701 ’Ότι
699 646 1110 718 παρεπίκραναν
1150 647 1216 700 τὰ
1247 647 1402 714 λόγια
1430 647 1522 700 τοῦ
1560 649 1695 702 Θεοῦ
1719 667 1730 677 ·

1667 649 1695 702 ὖ
1719 667 1730 677 ·
2095 644 2184 698 2t.
2211 645 2348 709 Quia
2380 644 2842 698 exacerbaverunt
2863 642 3076 713 eloquia
3113 641 3208 698 Dei
3235 661 3248 697 :

427 739 517 794 22.
547 737 654 791 Καὶ
688 737 1007 818 τὴνβουλὴν
1037 737 1126 792 τοῦ
1164 737 1414 807 Ὑψίστου
1441 742 1784 810 παρώξυναν.

1693 759 1784 796 παν.
2092 735 2180 788 22.
2215 733 2281 788 Et
2304 736 2588 791 consilium
2614 736 2877 792 Altissimi
2907 735 3274 790 irritaverant.

424 827 514 882 25.
545 828 654 880 Καὶ
684 825 1018 897 ἐταπεινώθη
1041 828 1098 881 ὲν
1120 827 1305 892 κόποις
1336 830 1368 898 ἡ
1403 829 1596 901 καρδία
1624 832 1804 885 αὐτῶν
1827 848 1840 860 ·

2093 827 2178 879 25.
2219 824 2284 880 Et
2331 825 2676 882 humiliatum
2709 838 2792 882 est
2825 827 2878 880 in
2923 826 3202 912 laboribus
3229 842 3323 882 cor
3354 824 3580 898 [anima]

2025 931 2262 971 eorunt:

427 1008 514 1066 24.
565 1008 915 1077 Ἠσθένησαν,
948 1008 1039 1060 καὶ
1060 1008 1158 1061 οὐκ
1187 1003 1254 1078 ἦν
1286 1008 1313 1060 ὁ
1335 1007 1561 1080 βοηθῶν.

2093 1010 2182 1062 24.
2216 1009 2471 1064 lntirmati
2506 1020 2653 1079 sunt,
2683 1027 2782 1067 nec
2807 1022 2924 1068 erat
2961 1013 3055 1084 qui
3092 1012 3387 1082 adjuvaret.

429 1101 519 1155 25.
549 1101 659 1154 Καὶ
689 1099 987 1164 ἐκέκραξαν
1023 1100 1157 1170 πρὸς
1196 1099 1399 1171 Κύριον
1444 1103 1500 1154 ἐν
1532 1100 1611 1172 τῷ
1650 1101 1926 1159 θλίϐεσθαι

2092 1101 2181 1157 25.
2231 1101 2296 1158 Ει
2343 1103 2713 1158 clamaverunt
2755 1104 2823 1159 ad
2858 1103 3143 1160 Dominum
3191 1121 3315 1161 cum
3356 1104 3582 1159 tributa-

365 1193 560 1257 αὐτούς
579 1208 592 1223 '

2024 1207 2208 1252 rentur
2234 1217 2248 1254 2

430 1283 516 1338 26.
547 1283 653 1336 Καὶ
686 1284 750 1335 ἐκ
774 1280 878 1333 τῶν
906 1279 1158 1349 ἀναγκῶν
1184 1280 1363 1335 αὐτῶν
1390 1279 1594 1335 ἔσωσεν
1625 1281 1841 1346 αὐτούς.

2092 1289 2182 1345 26.
2211 1289 2274 1344 Et
2296 1289 2362 1346 de
2387 1292 2796 1349 necessitatibus
2819 1308 3008 1348 eorum
3033 1293 3259 1350 salvavit
3285 1292 3575 1366 [liberavit]

2021 1393 2164 1434 θος..

430 1455 518 1509 27.
554 1457 661 1510 Καὶ
686 1456 948 1526 ἐξήγαγεν
974 1456 1168 1520 αὐτοὺς
1196 1457 1262 1511 ἐκ
1288 1456 1512 1522 σκάτους
1533 1455 1630 1512 καὶ
1654 1457 1809 1520 σκιᾶς
1832 1455 1926 1509 θα-

2089 1471 2177 1526 27.
2216 1471 2281 1527 Et
2311 1471 2498 1530 eduxit
2529 1489 2624 1532 eos
2661 1475 2728 1531 de
2756 1476 2992 1532 tenebris
3015 1485 3069 1532 et
3101 1475 3290 1531 umbra
3319 1477 3543 1536 mortis:

358 1565 554 1602 νατου·

424 1641 510 1695 28.
546 1641 652 1694 Kal.
686 1641 808 1703 τοὺς
833 1639 1064 1712 δεσμοὺς
1093 1640 1276 1698 αὐτῶν
1301 1639 1608 1711 διέρρηξεν.

1451 1639 1608 1711 ἠξεν.
2090 1653 2180 1707 28.
2227 1653 2292 1708 Ει
2319 1655 2532 1712 vincula
2560 1671 2748 1713 eorum
2784 1658 3032 1728 disrupit.

427 1733 514 1786 29.
556 1732 1167 1804 Ἐξομολογησάσθωσαν
1190 1732 1266 1805 τῷ
1288 1733 1476 1806 Κυρίῳ
1499 1731 1568 1786 τὰ
1589 1730 1711 1804 ἐλέη
1738 1729 1919 1795 αὐτοῦ,
1955 1810 1992 1820 _

1832 1729 1919 1795 ὀὖν
1955 1810 1992 1820 _
2091 1743 2180 1798 29.
2209 1744 2582 1803 Conﬁteantur
2608 1748 2839 1804 Domino
2869 1749 3250 1806 misericordia:
3275 1749 3413 1820 ejus,

429 1825 518 1878 50.
555 1825 664 1876 Καὶ
691 1822 760 1876 τὰ
784 1823 1058 1894 θαυμάσια
1090 1825 1253 1878 αὑτοῦ
1280 1825 1392 1888 τοῖς
1425 1823 1558 1886 υίοϊς
1587 1819 1694 1876 τῶν
1717 1820 1924 1893 ἀνθρὼ-
1953 1810 1995 1863 Β

1620 1819 1694 1876 ὦν
1717 1820 1924 1893 ἀνθρώ-
1953 1810 1995 1863 Β
2090 1833 2159 1887 50
2210 1833 2275 1890 Et
2301 1837 2568 1892 mirabilia
2595 1839 2712 1910 ejus
2740 1839 2866 1896 ﬁliis
2896 1841 3200 1894 hominum.

355 1933 497 1970 ταυν.

423 2007 511 2060 51.
545 2007 666 2060 Ὅτι
697 2005 979 2078 συνέτριψε
1006 2005 1178 2068 πύλας
1203 2003 1412 2076 χαλκᾶς
1433 2019 1452 2037 ⁸

2085 2011 2174 2066 51.
2207 2013 2345 2080 Quia
2377 2017 2629 2072 contrivit
2657 2027 2840 2088 portas
2866 2033 3038 2075 aareas
3064 2036 3078 2072 :

427 2099 514 2152 52.
549 2099 658 2151 Kal.
693 2098 918 2169 μοχλοὺς
943 2097 1194 2168 σιδηροῦς
1224 2096 1568 2151 συνέθλασεν.

1459 2112 1568 2151 σεν.
2084 2103 2172 2157 52.
2215 2104 2280 2159 Ει
2313 2115 2493 2162 vectes
2527 2107 2730 2164 ferreos
2757 2106 3040 2179 confregit.

427 2192 516 2246 53.
556 2190 898 2245 Ἀντελάόετο
931 2190 1109 2243 αὐτῶν
1135 2189 1196 2255 ἐξ
1212 2190 1332 2243 όδοῦ
1361 2189 1588 2260 ἀνομίας
1615 2190 1793 2242 αὐτῶν

1784 2209 1793 2238 ν
2085 2193 2172 2249 55.
2207 2194 2454 2267 Suscepit
2484 2214 2579 2253 eos
2596 2200 2662 2253 de
2694 2199 2774 2253 via
2813 2201 3114 2270 iniquitatis
3135 2215 3323 2256 eorum
3354 2222 3365 2256 :

425 2285 512 2339 54.
544 2284 640 2338 Διὰ
668 2285 772 2356 γὰρ
801 2285 898 2348 τὰς
926 2283 1153 2354 ἀνομίας
1177 2280 1356 2335 αὐτῶν
1375 2280 1814 2353 ἐταπεινώθησαν

2095 2284 2184 2337 51.
2222 2282 2448 2357 Propter
2480 2288 2776 2359 injustitias
2805 2281 2948 2344 enim
2977 2306 3106 2345 suas
3139 2291 3404 2345 humiliati
3427 2300 3571 2346 sunt.

424 2377 512 2430 55.
543 2378 654 2430 Πᾶν
689 2377 883 2448 βρῶμα
907 2376 1221 2440 ἐϐδελύξατο
1257 2375 1290 2446 ἡ
1318 2373 1463 2446 ψυχὴ
1493 2373 1674 2428 αὐτῶν
1700 2391 1712 2402 ·

2097 2375 2184 2431 55.
2221 2375 2445 2434 Omnem
2472 2396 2652 2436 escam
2683 2375 2989 2436 abominata
3017 2390 3096 2436 est
3133 2383 3312 2436 anima
3345 2397 3531 2435 eorum
3561 2425 3571 2436 .

425 2467 512 2521 56.
544 2468 651 2520 Καὶ
674 2467 908 2538 ἤγγισαν
928 2465 1030 2530 ἓως
1069 2465 1176 2520 τῶν
1204 2465 1386 2519 πυλῶν
1408 2461 1770 2520 τοσθανάτου.

2091 2468 2180 2522 36.
2246 2468 2309 2525 Et
2380 2475 2947 2548 appropinquavernnt
3019 2489 3190 2552 usque
3252 2474 3318 2536 ad
3391 2485 3575 2552 portas

2026 2561 2239 2619 mortis.

1465 2688 1839 2745 ATHANASII
1880 2691 2464 2760 INTERPRETATIO.

427 2809 511 2865 l9.
559 2810 1023 2882 Ἑγκεκλεισμένοι
1052 2810 1127 2880 (1)
1160 2811 1216 2864 ἐν
1255 2813 1321 2882 τῇ
1361 2809 1600 2883 ἁμαρτίᾳ
1633 2809 1727 2864 τοῦ
1762 2811 1918 2868 θανά,-

1448 2809 1600 2883 ιρτίᾳ
1633 2809 1727 2864 τοῦ
1762 2811 1918 2868 θανά·
2090 2821 2179 2877 19.
2206 2821 2448 2878 lnclusos
2478 2823 2530 2877 in
2565 2834 2790 2894 peccato
2821 2826 3029 2882 mortis.

353 2919 468 2956 του.

421 2991 510 3046 20.
564 2991 964 3064 Ῥερημμένους
994 2990 1466 3064 [Πεπεδημένουρῖ
1497 2993 1554 3045 ἐν
1581 2991 1777 3064 θλίψει,
1818 2993 1914 3048 καὶ⁹
1941 3029 1983 3086 C

2085 2992 2174 3048 20.
2205 2993 2428 3050 Fractos
2451 2993 2836 3068 [compeditos]
2870 2995 3239 3064 tribulatione,
3285 3011 3338 3051 et
3385 2995 3441 3050 (1(
3459 2998 3573 3052 lore

350 3082 512 3156 ὀδύνῃ
545 3084 758 3154 ἰσχυρᾷ.

634 3084 758 3154 υρᾷ.
1950 3082 1980 3086 ⁷
2021 3083 2213 3140 valido.

421 3174 511 3228 21.
549 3175 669 3227 Ὅτι
697 3174 910 3227 ἐναντία
930 3173 1036 3228 τῶν
1056 3174 1227 3243 λόγων
1254 3159 1506 3228 τοῦῸεοῦ
1557 3177 1914 3247 πεποιήκασι.

2087 3177 2176 3230 21.
2211 3176 2481 3242 Quoniam
2512 3179 2784 3232 contraria
2813 3175 3154 3234 sermonibus
3183 3176 3274 3232 Dei
3309 3178 3569 3232 fecerunt.

421 3266 509 3320 22.
538 3266 630 3338 Μὴ
661 3267 982 3336 ποιήσαντες
1009 3265 1070 3318 τὸ
1094 3265 1302 3336 θέλημα
1329 3265 1514 3318 αὑτοῦ.

2085 3268 2176 3323 22.
2200 3267 2317 3323 Non
2345 3268 2606 3324 facientes
2631 3269 2964 3324 voluntatem
3005 3270 3143 3339 ejus.

355 3373 362 3378 '
421 3358 510 3413 25.
549 3358 842 3424 Ἐδουλώθη
866 3361 922 3412 ἐν
949 3359 1187 3430 ἁμαρτίᾳ
1227 3359 1300 3428 (2)
1342 3360 1374 3430 ἡ
1401 3357 1594 3427 καρδία
1618 3357 1820 3411 αὐτῶν.

1785 3375 1820 3410 ο.
2085 3361 2174 3415 25.
2209 3360 2566 3432 Subjugatum
2592 3369 2676 3415 est
2699 3361 2755 3415 in
2786 3369 3004 3430 peccato
3033 3377 3126 3415 cor
3153 3375 3366 3425 eorum,

422 3450 510 3503 25.
547 3451 611 3502 Ai
649 3449 819 3520 ψυχαὶ
857 3449 1034 3502 αὐτῶν
1060 3448 1382 3519 ἡσθένησαν,
1424 3448 1519 3502 καὶ
1563 3448 1734 3512 οὐδεὶς
1767 3447 1918 3519 ἴσχυε

2087 3451 2176 3506 24.
2213 3450 2280 3506 Et
2324 3453 2520 3506 animae
2568 3467 2758 3506 eorum
2807 3452 3091 3506 inﬁrmata:
3147 3461 3292 3519 sunt,
3329 3461 3384 3506 et
3417 3465 3575 3505 nemo

353 3544 615 3616 βοηθῆσαι
645 3547 848 3608 αὐτοῖς.

2017 3547 2194 3616 potuit
2223 3545 2304 3600 eis
2335 3545 2611 3600 auxiliari.

424 3638 512 3691 25.
543 3638 651 3692 Καὶ
682 3637 980 3708 ἐδεήθησαν
1012 3637 1068 3688 ἐν
1102 3637 1182 3707 τῷ
1207 3633 1552 3706 κυριευεσθαι
1594 3635 1788 3699 αυτοὺς
1815 3633 1919 3688 ὑπὸ

2086 3637 2176 3691 25.
2212 3637 2277 3691 Ει
2307 3637 2579 3707 deprecati
2625 3645 2772 3701 sunt,
2816 3652 2939 3691 cum
2993 3636 3048 3691 in
3085 3652 3179 3692 eos
3209 3635 3576 3692 dominaretur

351 3730 452 3800 τῆς
487 3727 780 3801 ἁμαρτίας.

740 3746 780 3792 ς.
2018 3733 2321 3795 peccatum.

422 3819 512 3873 26.
545 3819 653 3872 Καὶ
675 3821 742 3871 ἐκ
763 3818 870 3871 τῶν
893 3815 1215 3888 ἀκαθάρτων
1249 3813 1574 3885 πνευμάτων
1597 3813 1800 3868 ἔσωσεν
1817 3814 1922 3868 αὺ-

1817 3814 1922 3868 αὺ-
2087 3816 2175 3871 26.
2214 3815 2280 3871 Et
2297 3832 2365 3872 ex
2391 3815 2688 3871 immundis
2708 3816 2990 3886 spiritibus
3023 3815 3247 3869 salvavit
3273 3828 3386 3868 eos.

351 3931 498 3976 τους.

422 4005 512 4058 27.
549 4001 661 4073 Τῆς
687 4002 933 4068 ἐξουσίας
963 4003 1058 4055 τοῦ
1091 4000 1358 4055 διαϐόλου.

1250 4000 1358 4054 λου.
2089 3991 2180 4047 27.
2210 3991 2287 4045 Ex
2321 3992 2522 4047 diaboli
2549 3999 2831 4060 potestate.

425 4093 514 4150 28.
546 4094 655 4147 Καὶ
701 4094 797 4156 τὰς
832 4091 1124 4162 ἐπιθυμίας
1146 4090 1244 4154 τὰς
1286 4105 1525 4160 πονηράς
1557 4103 1622 4142 εκ
1648 4105 1756 4140 των
1785 4103 1924 4159 καρ-

2092 4083 2183 4138 28.
2213 4081 2282 4139 Et
2309 4083 2525 4152 disjccit
2557 4083 2831 4152 improbas
2867 4081 3330 4150 concupiscentias
3376 4097 3442 4136 ex
3481 4097 3575 4138 eo-

353 4186 480 4238 διῶν
511 4185 687 4239 αὐτῶν
713 4183 1037 4254 ἀπέρριψεν.

862 4183 1037 4254 ριψεν.
2021 4193 2140 4230 rum
2167 4177 2437 4231 cordibus.

423 4277 516 4330 29.
562 4278 928 4348 Ἀνυμνήσατε
957 4274 1034 4344 (5)
1062 4274 1129 4326 τὰ
1154 4272 1276 4342 ἐλὲη
1301 4269 1395 4325 τοῦ
1427 4270 1654 4342 Κυρίου.

1564 4270 1654 4324 ζου.
2089 4269 2180 4324 29.
2216 4267 2458 4323 Laudate
2485 4266 2884 4323 misericordias
2913 4265 3145 4321 Domini.

423 4367 513 4422 50.
543 4368 650 4420 Καὶ
673 4368 1016 4439 διηγήσονται
1041 4365 1136 4437 τὴν
1158 4362 1464 4435 ἀμέτρητον
1514 4359 1676 4414 αὑτοῦ
1729 4360 1916 4428 φιλαν-
1950 4371 1995 4426 ι)

1950 4371 1995 4426 ι)
2091 4355 2179 4409 50.
2211 4354 2277 4409 Ει
2300 4355 2598 4411 narrabunt
2623 4357 2942 4410 immensam
2976 4354 3093 4426 ejus
3120 4354 3523 4425 benignitatem.

355 4459 622 4514 θοωπίαν.

390 4477 622 4531 ρωπίαν.

427 4552 516 4602 51.
549 4552 671 4604 Ὅτι
706 4548 987 4621 συνέτριψε
1013 4547 1110 4610 τὰς
1132 4544 1380 4606 ἐναντίας
1407 4542 1687 4613 δυνάμεις.

2087 4529 2176 4582 51.
2208 4527 2478 4595 Quoniam
2510 4527 2766 4583 contrivit
2793 4531 3135 4584 adversantis
3153 4536 3470 4598 potestates.

426 4637 513 4690 52.
547 4638 654 4690 Καὶ
669 4643 794 4704 τοὺς
820 4620 1083 4713 ἄρχοντας
1114 4636 1206 4691 τοῦ
1256 4635 1485 4697 σκότους
1521 4632 1618 4702 τῆς
1649 4631 1922 4704 ἁμαρτίας

1879 4649 1922 4696 ις
2087 4620 2174 4676 52.
2207 4621 2272 4675 Ει
2300 4621 2533 4691 perdidit
2558 4621 2830 4692 principes
2861 4623 3204 4676 tenebrarum
3233 4620 3460 4690 peccati.

399 4728 656 4781 πώλεσεν.

357 4731 656 4782 ἀπώλεσεν.

428 4822 515 4875 55.
562 4821 856 4892 Ἐρρύσατο
881 4820 1071 4884 αὐτοὺς
1105 4824 1168 4875 ὲκ
1206 4818 1305 4891 τῆς
1348 4815 1695 4886 ἀναστροφῆς
1740 4812 1920 4868 αὐτῶν

2087 4794 2175 4848 55.
2209 4792 2482 4850 Liberavit
2515 4809 2612 4849 eos
2653 4809 2722 4849 ex
2756 4793 3003 4864 improba
3052 4807 3241 4849 eorum
3291 4804 3577 4846 conversa-

357 4913 458 4982 τῆς
488 4914 746 4982 πονηρᾶς.

1524 4884 1535 4886 ’
1655 4884 1660 4885 ⁷
2020 4884 2186 4937 tione.

428 4972 516 5058 54.
551 4972 648 5056 Διά
672 4972 778 5074 γάρ
802 5001 898 5065 τὰς
919 5001 1144 5073 ἀνομίας
1175 4999 1357 5056 αὐτῶν
1389 4997 1778 5068 ἐδουλώθησαν.

2090 4975 2179 5029 54.
2209 4972 2339 5028 Nam
2370 4975 2423 5028 in
2457 4977 2772 5030 servitutem
2817 4974 3021 5030 redacti
3071 4981 3198 5030 sunt
3235 4979 3452 5044 propter
3482 4984 3575 5024 eo-

2021 5081 2142 5120 rum
2174 5066 2503 5134 iniquitates.
2986 5138 2989 5141 γ

429 5173 519 5228 55.
571 5174 929 5245 Ἐξετάκησαν
989 5177 1044 5226 ai
1089 5173 1258 5244 ψυχαὶ.
1308 5173 1483 5228 αὐτῶν
1531 5173 1624 5227 καὶ
1668 5169 1917 5239 ἀπεγνὼ-

2093 5157 2182 5210 55.
2210 5157 2617 5212 Contabuerunt
2671 5158 2865 5212 anima:
2915 5171 3102 5210 eorum
3152 5162 3204 5209 et
3253 5152 3575 5221 desperave-

367 5263 587 5335 σθησαν.

2026 5257 2171 5304 runt.

433 5331 520 5408 56.
550 5357 692 5419 Ἕως
725 5357 800 5426 (4)
831 5355 930 5426 τῆς
951 5355 1253 5410 συντελείας
1280 5356 1407 5408 παρ’
1433 5353 1609 5421 ὀλίγον
1640 5354 1669 5405 ὁ
1692 5351 1920 5414 θάνατος

2096 5342 2183 5395 56.
2237 5338 2419 5408 Usque
2483 5339 2550 5394 ad
2609 5338 3126 5395 consummationem
3184 5334 3344 5407 paulo
3398 5331 3579 5388 minus

368 5446 642 5500 ἐκυρίευσε
680 5448 785 5501 τῶν
817 5447 1136 5518 ἀνθρώπων.

2029 5448 2180 5488 mors
2211 5430 2486 5484 dominata
2514 5442 2598 5485 est
2620 5432 2673 5485 in
2707 5431 3031 5486 hominibus.

1302 5555 1609 5618 Addenda
1639 5560 1698 5614 et
1746 5549 2119 5631 corrigenda
2147 5564 2225 5608 ex
2259 5545 2400 5607 cod.
2437 5545 2632 5607 Vatic.

435 5671 484 5744 (1
497 5685 511 5744 )
550 5673 1074 5744 ἶΕγκεκΑεισμὲνους.
2192 5665 2330 5744 "QVO
2339 5663 2572 5744 μνρῦσιν.

435 5739 513 5809 (2)
556 5735 884 5813 Ἀμαρτίαις’.
1036 5735 1043 5736 ί
2092 5736 2167 5805 (4)
2192 5736 2335 5798 Ἕως
2357 5735 2482 5805 τάρο
