4004 6212
381 312 517 368 1129
1285 319 1376 376 DE
1412 322 1682 380 TITULIS
1720 324 2168 382 PSALMORUM.
2202 359 2269 368 —
2306 327 2500 385 PSAL.
2533 329 2666 386 CVI.
3456 342 3595 397 H30

450 432 537 485 55.
567 432 630 484 Ἠ
655 432 800 505 ψυχὴ
834 435 1010 489 αὐτῶν
1041 438 1098 489 ὲν
1124 441 1311 502 κακοῖς
1339 440 1582 510 ἐτήκετο.
1969 453 2016 508 Α

1969 453 2016 508 Α
2117 445 2202 498 55.
2241 445 2435 502 Anima
2465 463 2652 503 eorum
2685 449 2737 503 in
2771 450 2930 506 malis
2956 452 3279 508 tabescebat.

451 521 540 575 54.
570 523 995 596 Ἐταράχθησανζ
1029 527 1391 599 ἐσαλεύθησαν
1420 530 1494 593 ὡς
1520 534 1547 583 ὁ
1583 531 1793 601 μεθύων
1813 549 1826 561 ·

2112 537 2201 592 54.
2233 537 2453 594 Turbati
2481 548 2624 598 sunt.
2654 554 2706 596 et
2735 543 2863 599 moti
2896 555 3024 598 sunt
3048 545 3188 600 sicut
3218 546 3400 601 ebrius
3429 561 3442 598 :

448 611 536 665 55.
577 613 686 666 Kal
721 615 866 668 πᾶσα
897 617 928 686 ή
956 618 1115 686 σοφία
1141 618 1315 671 αὐτῶν
1345 620 1637 691 κατεπόθη.

2232 628 2297 683 Ει
2326 631 2504 686 omnis
2531 633 2796 702 sapientia
2819 651 3009 690 eorum
3035 637 3289 692 devorata
3320 646 3422 693 est.

449 703 534 756 56.
575 705 686 758 Kal
738 704 1036 775 ὲκέκραξαν
1083 709 1216 779 πρὸς
1253 709 1455 782 Κύριον
1485 715 1540 765 ἐν
1565 713 1642 783 τῷ
1665 712 1934 770 θλίϐεσθαι

2115 720 2204 773 56.
2261 720 2327 775 Et
2367 722 2736 781 clamaverunt
2781 728 2848 782 ad
2876 726 3166 784 Dominum
3198 746 3320 786 cum
3371 730 3598 786 tribula-

378 793 572 858 αὐτούς
591 811 604 824 ·

2043 820 2229 866 rentur
2254 828 2265 865 :

447 887 536 942 57.
578 887 685 940 Kal
712 889 775 942 ἐκ
795 889 903 943 τῶν
936 891 1186 961 ἀναγκῶν
1219 893 1396 949 αὐτῶν
1426 895 1689 968 ἐξήγαγεν
1719 899 1931 963 αὐτούς.

1817 899 1931 963 ούς.
2113 904 2201 958 57.
2228 904 2293 959 Et
2319 906 2385 962 de
2409 908 2823 965 necessitatibus
2850 926 3038 967 eorum
3070 914 3256 970 eduxit
3284 931 3398 971 eos.

444 977 532 1032 58.
575 979 684 1032 Kal
714 981 943 1047 ἐπέταξε
974 987 1039 1056 τῇ
1069 987 1356 1055 καταιγίδι,
1380 989 1474 1040 καὶ
1495 987 1623 1060 ἔστη
1644 991 1722 1053 εἰς
1742 987 1931 1064 αὖρανο

1896 1010 1931 1044 ιο
2110 994 2196 1049 58.
2231 995 2294 1052 Ει
2326 1000 2597 1055 mandavit
2621 1003 2888 1071 procellae,
2921 1013 2975 1060 et
3000 1007 3145 1061 stetit
3168 1007 3220 1060 in
3247 1023 3434 1062 auram
3464 1026 3477 1061 :

449 1067 534 1124 59.
582 1070 692 1124 Kal
727 1071 983 1144 ἐσίγησαν
1019 1077 1086 1129 τὰ
1115 1077 1333 1148 κύματα
1363 1079 1552 1148 αὐτῆς.

1373 1079 1552 1148 ιὺτῆς.
2105 1085 2194 1139 59.
2222 1085 2286 1140 Et
2306 1087 2572 1144 siluerunt
2599 1067 2792 1147 [luctus
2817 1093 2954 1163 ejus.

444 1157 534 1214 60.
574 1161 683 1214 Kal
714 1163 1116 1238 εὐφράνθησαν,
1141 1168 1222 1220 ὄτι
1255 1168 1530 1239 ἡσύχασαν
1553 1187 1566 1200 ·

1562 1187 1566 1199 '
2110 1179 2196 1234 60.
2231 1180 2296 1236 Et
2325 1183 2486 1238 lmtati
2510 1193 2656 1252 sunt,
2681 1187 2807 1256 quia
2837 1157 3102 1243 siluerunt
3131 1207 3143 1242 :

447 1251 532 1304 61.
572 1252 680 1305 Καὶ
708 1253 984 1328 ὡδήγησεν
1029 1259 1221 1323 αὐτοὺς
1264 1261 1355 1314 ἐπὶ
1400 1259 1592 1331 λιμένα
1634 1260 1934 1332 θελήματος

1907 1280 1934 1326 ς
2112 1272 2197 1326 61.
2237 1273 2302 1329 Ει
2332 1275 2551 1331 deduxit
2577 1251 2668 1333 eos
2697 1251 2755 1332 in
2782 1286 3002 1349 portum
3031 1280 3327 1337 voluntatis
3356 1296 3485 1336 suae.

373 1358 561 1396 αυτου.

444 1436 530 1489 62.
557 1437 1169 1511 Ἐξομολογησάσθωσαν
1192 1443 1270 1514 τῷ
1292 1443 1480 1515 Κυρίῳ
1508 1443 1576 1497 τὰ
1601 1444 1723 1514 ἐλέη
1746 1445 1931 1509 αὑτοῦ,

1858 1445 1931 1509 αὖ,
2109 1453 2197 1509 62.
2229 1454 2601 1513 Conﬁtcantur
2630 1457 2858 1515 Domino
2891 1461 3280 1518 misericordiae
3299 1462 3439 1534 ejus,

442 1527 532 1584 65.
545 1531 732 1597 Καὶιτὰ
748 1531 1022 1604 θαυμάσια
1035 1533 1198 1588 αὐτοῦ
1215 1538 1325 1599 τοῖς
1341 1537 1475 1600 υἱοῖς
1487 1537 1595 1590 τῶν
1610 1537 1706 1590 ἀνθ
1714 1537 1930 1609 ρώπων.

1623 1537 1930 1609 ὶνθρώπων.
2106 1546 2193 1600 65.
2219 1544 2285 1600 Ει
2310 1547 2580 1604 mirabilia
2605 1551 2724 1621 ejus
2748 1552 2872 1608 tiliis
2903 1553 3204 1610 hominum.

443 1618 530 1672 64.
560 1620 956 1690 Ὑψωσάτωσαν
985 1624 1145 1678 αὐτὸν
1175 1627 1233 1678 ἐν
1265 1625 1528 1698 ἐκκλησίᾳ
1553 1627 1681 1680 λαοῦ
1703 1645 1716 1658 ·

1621 1627 1681 1680 οὗ
1703 1645 1716 1658 ·
2104 1635 2192 1691 64.
2220 1635 2466 1695 Exaltent
2496 1618 2706 1697 eum—in
2732 1643 2959 1698 ecclesia
2991 1645 3160 1713 plebis
3188 1663 3201 1697 :

443 1708 530 1762 65.
571 1711 680 1764 Καὶ
709 1713 766 1765 ἐν
797 1712 1031 1785 καθέδρᾳ
1048 1714 1428 1786 πρεσϐυτέρων
1449 1715 1816 1770 αίνεσάτωσαν
1833 1718 1930 1770 αὐ-

1789 1734 1816 1769 ν
1833 1718 1930 1770 αὑ·
2099 1725 2187 1781 65.
2213 1727 2278 1782 Ει
2307 1728 2361 1783 in
2393 1731 2647 1787 cathedra
2674 1731 2950 1788 seniorum
2981 1708 3200 1790 laudent
3224 1749 3367 1790 eum.

371 1799 482 1854 τόν.
1454 1809 1460 1817 “
1967 1819 2010 1874 Β

441 1890 531 1947 66.
550 1892 740 1947 Ἐθετο
773 1897 1051 1966 ποταμοὺς
1075 1899 1155 1961 είς
1180 1897 1383 1970 ἔρημον
1403 1915 1416 1928 ·

2100 1903 2188 1958 66.
2217 1909 2413 1961 Posuit
2437 1907 2667 1965 ﬂumina
2705 1911 2761 1965 in
2791 1912 3062 1966 desertum
3087 1928 3103 1964 :

440 1984 530 2039 67.
570 1987 681 2040 Kal
705 1987 970 2055 διεξόδους
994 1990 1201 2044 ὑδάτων
1231 1993 1311 2055 εἰς
1339 1991 1518 2062 δίψαν.

1488 2010 1518 2047 ν.
2101 1996 2188 2051 67.
2220 1996 2286 2051 Et
2319 1999 2496 2056 exitus
2526 2017 2791 2072 aquarum
2824 2004 2879 2058 in
2902 2004 3069 2059 sitim.

440 2076 530 2131 68.
569 2079 677 2149 Γῆν
703 2082 1049 2152 καρποφόρον
1078 2082 1158 2146 είς
1180 2081 1379 2154 ἅλμην,

2102 2085 2192 2143 68.
2220 2086 2442 2145 Terram
2467 2090 2800 2148 fructileram
2827 2093 2887 2148 in
2925 2095 3279 2166 salsuginem,

441 2166 528 2221 69.
572 2167 646 2240 (a)
675 2170 806 2223 Ἀπὸ
832 2172 1027 2236 κακίας
1057 2173 1166 2226 τῶν
1197 2172 1593 2228 κατοικούντων
1620 2175 1676 2227 ὲν
1706 2175 1862 2245 αὐτῇ.

1556 2190 1593 2226 ιν
1620 2175 1676 2227 ἐν
1706 2175 1862 2245 αὐτῇ.
2105 2177 2192 2233 69.
2226 2183 2268 2232 Α
2296 2183 2498 2238 malitia
2525 2185 2944 2243 inhabitantium
2973 2189 3030 2242 iu
3053 2203 3137 2243 ea.

335 2309 342 2323 ,Α
441 2259 528 2316 70.
549 2261 737 2317 Ἐθετο
765 2264 967 2338 ἔρημον
993 2269 1072 2330 εἰς
1097 2266 1291 2338 λίμνας
1324 2267 1528 2322 ὑδάτων
1553 2286 1565 2298 ·

2108 2270 2193 2326 70.
2221 2271 2409 2330 Posuit
2439 2276 2713 2334 desertum
2749 2281 2801 2335 in
2833 2290 3022 2351 stagna
3047 2294 3307 2350 aquarum

438 2375 518 2450 (a)
547 2375 702 2434 Vers.
737 2377 827 2446 69,
859 2379 942 2447 70,
975 2380 1063 2446 71,
1091 2381 1192 2436 sub
1225 2381 1386 2436 unico
1415 2389 1702 2436 comment.

1485 2537 1852 2595 ATHANASll
1898 2539 2476 2600 INTERPRETATIO.

438 2700 529 2756 53.
551 2701 946 2773 Ἐφοϐήθησαν,
977 2703 1068 2757 καὶ
1102 2703 1535 2776 ὼλιγοψύχησαν.
1648 2721 1652 2724 '

2098 2703 2185 2759 55.
2223 2703 2288 2758 Et
2317 2704 2634 2772 timuerunt,
2667 2712 2722 2760 et
2751 2705 2935 2762 animo
2963 2705 3155 2778 deiecti
3184 2715 3328 2764 sunt.

435 2791 524 2846 54.
564 2792 674 2846 Kal
697 2793 754 2844 ἐν
781 2792 950 2861 ἀγῶνι
979 2793 1145 2866 πολλῇ
1173 2795 1369 2864 γέγονα
1393 2795 1496 2866 (1).

1455 2798 1496 2864 ).
2097 2796 2188 2852 54.
2219 2795 2286 2852 Ει
2309 2798 2364 2852 in
2397 2813 2570 2868 agone
2596 2798 2766 2853 multo
2795 2797 3027 2854 fuerunt.

438 2883 527 2939 55.
566 2884 676 2938 Kal
705 2885 854 2938 πᾶσα
883 2887 916 2957 ἡ
940 2887 1105 2958 τέχνη
1134 2886 1310 2942 αὐτῶν
1337 2887 1541 2959 ἡττήθη
1573 2887 1677 2941 ὑπὸ
1692 2886 1786 2940 τοῦ
1808 2879 1932 2940 κλύ-

2099 2888 2188 2943 55.
2209 2887 2276 2943 Ει
2294 2888 2474 2943 omnis
2492 2903 2582 2944 ars
2609 2903 2794 2944 eorum
2817 2899 3070 2959 superata
3093 2897 3176 2946 est
3194 2905 3226 2944 a
3254 2899 3586 2962 tempestate.

363 2974 532 3038 δωνος
549 2992 565 3008 ⁸
594 2970 735 3049 ἦσαν
757 2977 865 3048 γὰρ
893 2977 1078 3042 ἁλιεῖς.

2028 2988 2182 3036 erant
2203 2981 2346 3037 enim
2378 2981 2697 3050 piscatores.

437 3066 525 3120 56.
558 3067 666 3120 Kal
692 3066 924 3139 ἐϐόησαν
949 3069 1085 3141 πρὸς
1111 3069 1201 3124 τὸν
1224 3068 1431 3141 Ἰησοῦν
1449 3087 1462 3100 ⁸
1486 3071 1683 3138 Κύριε,
1727 3069 1931 3124 σῶσον
1957 3106 1998 3163 C

2103 3075 2190 3129 56.
2214 3073 2280 3129 Et
2314 3075 2686 3131 clamaverunt
2709 3075 2774 3130 ad
2797 3074 3013 3132 Jesum:
3040 3076 3282 3144 Domine,
3308 3079 3452 3132 salva
3473 3094 3588 3142 nos,

361 3158 541 3228 ἡμᾶς,
568 3160 971 3230 ἀπολλύμεθα.

771 3161 971 3230 ύμεθα.
1966 3158 1996 3163 ⁷
2033 3169 2263 3236 perimus
2287 3167 2351 3220 ³⁸.

435 3249 524 3303 57.
558 3250 667 3303 Kal
713 3251 778 3303 ἐκ
809 3250 915 3305 τῶν
959 3251 1218 3322 κυμάτων
1260 3252 1354 3306 καὶ
1393 3249 1486 3305 τοῦ
1531 3251 1787 3316 λαίλαπος
1833 3250 1926 3304 τοῦ

2102 3257 2191 3312 57.
2242 3256 2310 3314 Ει
2345 3273 2413 3315 ex
2449 3257 2702 3315 ﬂuctibus
2743 3269 2798 3316 et
2837 3259 2981 3315 venti
3010 3261 3243 3331 procella
3298 3260 3593 3316 sublevavit

360 3341 566 3412 ἀνέμου
599 3342 877 3415 ἐξήγειρεν
905 3343 981 3415 (2)
1012 3344 1208 3408 αὐτούς
2031 3363 2148 3406 eos.

432 3432 524 3488 58.
546 3433 874 3506 Ἐπετίμησε
906 3434 1013 3507 γὰρ
1037 3435 1113 3507 τῷ
1138 3436 1345 3508 ἀνέμῳ,
1379 3436 1474 3491 καὶ
1502 3435 1795 3500 ἐπαύσατο,
1835 3433 1928 3488 καὶ

2104 3441 2191 3496 58.
2221 3439 2524 3514 Increpavit
2555 3444 2700 3498 enim
2735 3453 2977 3510 ventum,
3005 3453 3059 3500 et
3083 3445 3308 3515 quievit,
3336 3454 3389 3500 et
3417 3446 3592 3500 solum

364 3523 524 3593 μόνον
558 3521 730 3600 αὔραν
758 3529 1013 3598 παρεῖχεν
1038 3529 1116 3591 εἰς
1143 3526 1404 3597 ἀνάψυξιν
1430 3527 1631 3590 αὐτοῖς.

1557 3528 1631 3590 ’ῖςο
2033 3547 2221 3587 auram
2254 3533 2435 3589 emisit
2468 3533 2525 3588 in
2554 3548 2743 3590 eorum
2777 3534 3138 3604 refrigerium.

431 3617 521 3672 59.
563 3619 672 3672 Kal
704 3619 936 3688 ἐγένετο
964 3618 1198 3688 γαλήνη
1220 3617 1473 3688 μεγάλη.

2103 3623 2192 3677 59.
2223 3622 2291 3676 Ει
2323 3625 2468 3692 facta
2495 3634 2573 3678 est
2602 3625 2964 3695 tranquillitas
2989 3640 3180 3693 magna
3197 3624 3261 3676 ³⁷.

433 3708 522 3764 60.
563 3709 673 3764 Kal
706 3709 1071 3781 ,ἐπλήσθησαν
1113 3710 1354 3780 χάριτος,
1401 3709 1482 3761 ὅτι
1534 3707 1610 3777 (5)
1667 3705 1928 3775 διεσώθη-

2102 3713 2191 3771 60.
2219 3714 2284 3769 Et
2311 3715 2513 3785 impleti
2564 3724 2691 3771 sunt
2724 3717 2922 3786 gaudio
2953 3755 2969 3783 ,
3003 3715 3264 3786 quoniam
3292 3713 3428 3768 salvi
3461 3712 3591 3766 facti

365 3813 486 3851 σαν.

2033 3816 2177 3862 sunt.

434 3887 524 3942 61.
559 3890 947 3946 Κατέπλευσαν
971 3892 1080 3964 γὰρ
1103 3893 1183 3956 εἰς
1210 3891 1308 3962 τὴν
1339 3889 1520 3960 χώραν
1551 3887 1660 3941 τῶν
1689 3887 1930 3959 Γαδαρη-

2100 3899 2188 3952 61.
2206 3896 2604 3968 Navigavernnt
2624 3898 2769 3952 enim
2794 3897 2846 3951 in
2868 3897 3142 3968 regionem
3155 3895 3591 3951 Gadarenortim.

363 3996 491 4035 νων.

432 4069 520 4124 62.
559 4072 914 4143 Διηγήσονται
946 4075 1002 4129 ἐν
1028 4073 1344 4145 Εὐαγγελίῳ
1377 4073 1475 4144 (4).

1378 4073 1475 4144 (4).
2096 4071 2188 4127 62.
2225 4071 2532 4126 Narrabunt
2561 4071 2616 4126 in
2646 4071 2959 4144 Evangelia.

432 4164 524 4223 65.
557 4167 668 4220 Kal
692 4156 832 4220 αὐτᾶ
853 4166 922 4221 τὰ
948 4167 1223 4238 Θαυμάσιά
1247 4164 1412 4221 αὑτοῦ
1459 4165 1554 4219 σὺν
1578 4165 1691 4229 τοῖς
1722 4163 1926 4227 λοιποῖς

2101 4163 2189 4220 6'5.
2219 4163 2286 4220 Et
2312 4165 2427 4221 haec
2451 4165 2719 4221 mirabilia
2747 4166 2889 4237 ejus,
2911 4174 2966 4221 et
2996 4165 3103 4220 alia
3130 4165 3257 4222 ﬁliis
3280 4165 3585 4221 hominum.

354 4259 474 4322 τοῖς
507 4256 582 4329 (5)
617 4261 752 4322 υἱοῖς
775 4259 880 4312 τῶν
909 4259 1225 4331 ἀνθρώπων.
2348 4344 2398 4354 η
2471 4344 2484 4354 _
3036 4342 3076 4354 ..
3171 4343 3184 4354 .
3375 4342 3388 4354 .

431 4349 519 4404 64.
560 4351 848 4418 Δοξάσουσι
882 4351 1042 4405 αὐτὸν
1083 4351 1171 4405 διὰ
1212 4351 1302 4405 τοῦ
1348 4352 1698 4424 κηρύγματος
1729 4352 1786 4404 ἐν
1814 4351 1924 4412 τοῖς

2099 4346 2188 4401 64.
2217 4344 2606 4402 Glorilicabunt
2634 4357 2759 4399 eum
2783 4358 2880 4414 per
2912 4342 3350 4413 praedicationem
3374 4342 3428 4397 in
3455 4355 3588 4412 gen-

357 4442 585 4497 ἔθνεσιν.

1957 4463 1999 4516 D
2028 4439 2191 4494 tibus.

429 4536 516 4591 65.
550 4538 660 4592 Kal
699 4539 756 4591 ἐν
789 4540 855 4609 τῇ
885 4536 1185 4590 ἀναπαύσει
1212 4535 1320 4590 τῶν
1355 4536 1525 4589 ἁγίων
1554 4532 1923 4588 αἰνεσάτωσαν

1761 4547 1923 4586 εωσαν
2093 4528 2179 4583 65.
2209 4529 2276 4584 Et
2303 4528 2358 4582 in
2386 4526 2572 4582 reauie
2603 4534 2918 4582 sanctorum
2945 4524 3168 4579 laudent
3193 4537 3342 4580 eum.

356 4629 538 4683 αὐτόν.

427 4719 515 4773 66.
557 4719 668 4785 Τὰς
695 4721 866 4790 φυλὰς
883 4719 991 4773 τῶν
1021 4719 1313 4773 Ἰουδαίων.
1750 4807 1755 4808 ν

2091 4711 2178 4764 66.
2208 4709 2404 4764 Tribus
2424 4708 2757 4764 Iudaeorum.
3293 4795 3304 4808 .

426 4811 514 4866 67.
553 4815 664 4868 Kal
704 4813 812 4868 ἀπὸ
850 4813 958 4866 τῶν
1001 4813 1236 4884 καρδιῶν
1273 4810 1450 4867 αὐτῶν
1494 4808 1688 4884 ἀφελεῖ
1713 4807 1790 4880 (6)
1821 4808 1921 4878 τὴν

2018 4812 2025 4820 ·
2086 4803 2178 4856 67.
2229 4802 2294 4856 Et
2326 4817 2356 4856 e
2405 4801 2661 4856 cordibus
2696 4815 2888 4854 eorum
2924 4797 3130 4853 auferet
3171 4797 3396 4867 gratiam
3432 4809 3585 4850 suam

356 4899 516 4970 χάριν
537 4903 700 4957 αὐτοῦ
728 4902 816 4956 διὰ
847 4902 942 4974 τὴν
977 4903 1232 4957 ἀπιστίαν
1262 4901 1465 4955 αὐτῶν.

1305 4901 1465 4955 ὐτῶν.
2020 4905 2240 4965 propter
2271 4909 2458 4948 eorum
2493 4893 2886 4948 infidelitatem.

427 4991 514 5056 68,
540 4991 628 5046 69.
658 4996 768 5063 Τὴν
793 4995 1109 5067 συναγωγὴν
1143 4994 1241 5066 τὴν
1260 4995 1500 5048 ἄτεκνον.

2090 4987 2180 5052 68,
2212 4985 2299 5040 69.
2333 4985 2670 5056 Synagogam
2700 4984 2918 5040 sterilen
3171 5071 3182 5083 .
3475 5066 3485 5078 ⁸

427 5077 516 5142 70,
543 5078 627 5131 71.
653 5080 763 5132 Kal
787 5081 885 5146 τὰς
914 5083 1138 5154 καρδίας
1165 5083 1345 5136 αὐτῶν
1386 5080 1573 5154 βρύειν
1614 5080 1713 5149 τὴν
1759 5079 1916 5149 χάριν

2092 5079 2180 5140 70,
2225 5078 2310 5139 71.
2355 5077 2421 5132 Et
2471 5077 2637 5131 corda
2682 5091 2872 5133 eorum
2915 5084 2975 5129 ut
3017 5077 3318 5144 germinent
3355 5077 3580 5137 gratiam

352 5169 540 5224 αὐτοῦ.

2023 5185 2196 5225 suam.

469 5283 472 5286 ’
496 5283 540 5313 ³⁸
565 5282 750 5338 Matth.
777 5302 895 5354 vui,
923 5287 1012 5342 25.
1091 5289 1133 5320 ³⁷
1161 5287 1294 5344 Ibid.
1326 5288 1417 5342 26.

1298 5441 1602 5504 Addenda
1645 5448 1706 5502 et
1741 5437 2111 5519 corrigenda
2143 5455 2222 5499 ex
2251 5435 2390 5497 cod.
2428 5435 2627 5496 Vatic.

529 5561 843 5640 ,Ξεὲόνασινο
2191 5560 2504 5640 Ε-ὑαγγελίῳ
2534 5565 2600 5614 τα
2632 5559 2756 5627 ἐλέη
2791 5555 2974 5610 αὑτοῦ.

422 5630 502 5711 (3)
529 5630 974 5711 Ἐξῄῖαγενηεὶιο-
1207 5708 1228 5711 ,,
1314 5709 1333 5711 μ

947 5650 974 5686 :.
1207 5708 1228 5711 ﬂ
1314 5709 1333 5711 μ
2177 5630 2342 5711 Τοῖς.
2359 5633 2528 5686 deest.

418 5700 498 5771 (3)
537 5700 648 5755 Kal
670 5702 1059 5773 ἐπληρώθησαν
1090 5708 1279 5776 χαρᾶς,
1311 5709 1409 5769 ὅτι,
1442 5716 1542 5762 clc.

852 5702 1059 5773 ώθησαν
1090 5708 1279 5776 χαρᾶς,
1311 5709 1409 5769 ὅτι,
1442 5716 1542 5762 etc.
2077 5700 2153 5774 (6)
2177 5702 2433 5770 Ἀφεῖίιεν.

671 5796 941 5857 ΡΑΤιιοι..
1000 5797 1115 5858 Gn.
1167 5802 1422 5864 XXV“.
2362 5838 2363 5841 η
3223 5783 3302 5840 36
