4004 6212
439 326 567 382 HM
1292 312 1346 364 S.
1391 305 1760 362 ATHANASII
1797 303 1947 359 OPP.
1991 300 2171 356 PARS
2212 297 2295 354 Ill.
2337 328 2406 337 —
2446 295 2860 351 EXEGETICA.
3215 310 3224 312 *
3538 278 3676 341 1132

517 440 596 494 ai.
621 437 686 492 Et
708 444 908 491 terram
935 433 1050 488 sine
1078 444 1218 500 aqua
1241 429 1294 482 in
1323 427 1501 482 exitus
1524 437 1811 496 aquarum.
2032 429 2080 485 Α

2032 429 2080 485 Α
2176 417 2259 470 7|.
2303 416 2410 470 Kal
2435 414 2539 484 γῆν
2568 412 2789 483 ἄνυδρον
2816 412 2895 473 είς
2919 407 3181 472 διεξόδους
3211 404 3439 458 ὑδάτων.

513 532 598 586 72.
627 531 692 585 Ει
711 527 996 585 collocavit
1026 496 1146 578 illic
1167 521 1470 578 esurientes
1497 535 1511 571 :

2174 509 2260 562 7‘2.
2300 509 2410 561 Kal
2437 504 2739 576 κατῴκισεν
2766 505 2880 556 ἐκεῖ
2904 496 3207 560 πεινῶντας
3226 513 3239 527 ·

513 625 600 678 75.
635 622 704 677 Et
730 619 1128 676 constituerunt
1155 612 1402 670 civitates
1430 607 1807 664 habitationis.

2174 601 2261 656 7'5.
2302 600 2411 653 Kal
2440 596 2830 667 συνεστήσαντο
2857 592 3039 655 πόλεις
3070 587 3442 649 κατοικεσίας.

520 718 596 771 ul.
611 715 676 770 Et
696 714 1100 770 seminaverunt
1118 713 1359 770 auros,et
1379 703 1761 773 plantaverunt
1783 698 1969 751 vineas
1989 713 2002 748 :

2174 694 2262 749 74.
2302 693 2411 746 Kal
2439 691 2694 760 ἐσπειραν
2727 686 2953 762 ἀγροὺς,
2970 685 3063 738 καὶ
3080 681 3383 752 ἐφύτευσαν
3423 674 3676 748 ἀμπελῶ-

2108 804 2201 850 νας
2216 803 2230 817 ο

509 893 594 948 75.
623 890 690 946 Et
725 890 967 945 fecerunt
999 885 1235 941 fructum
1264 881 1583 937 nativitatis.

2177 877 2262 932 73.
2305 876 2416 928 Kal
2442 873 2701 945 ἐποίησαν
2723 871 2933 944 καρπὸν
2963 871 3328 942 γεννήματος.

519 984 604 1039 76.
627 982 692 1037 Ει
712 979 986 1037 benedixit
1009 977 1109 1045 eis,
1139 986 1191 1031 et
1222 971 1562 1044 multiplicati
1590 978 1718 1026 sunt
1749 965 1958 1041 [nimis]
1990 985 2002 1021 :

2179 968 2264 1022 76.
2307 967 2418 1022 Kal
2446 966 2734 1036 εὐλόγησεν
2750 963 2966 1028 αὐτοὺς,
2984 961 3078 1015 καὶ
3096 953 3501 1028 ἐπληθύνθησαν
3524 948 3681 1024 [σφό-

1600 1119 1602 1121 .
2109 1058 2258 1134 δρα]⁶

515 1161 600 1216 77.
635 1161 703 1216 Ει
721 1161 964 1232 jumenta
991 1173 1179 1216 eorum
1216 1171 1324 1211 non
1352 1152 1659 1208 minoravit.

2181 1152 2268 1208 77.
2307 1153 2418 1207 Kal
2447 1151 2513 1206 τὰ
2539 1151 2713 1220 κτήνη
2741 1148 2918 1202 αὐτῶν
2942 1147 3040 1200 οὐκ
3071 1143 3385 1216 ἐσμίκρυνε.

511 1255 600 1311 78.
633 1253 700 1309 Ει
725 1253 883 1325 pauci
914 1251 1042 1308 facti
1067 1261 1214 1318 sunt,
1241 1258 1296 1306 et
1325 1248 1502 1304 vexati
1537 1255 1684 1304 sunt.

2180 1247 2269 1302 78.
2310 1247 2418 1301 Kal
2452 1243 2828 1316 ὠλιγώθησαν,
2855 1241 2948 1296 καὶ
2986 1237 3342 1307 ἐκακώθησαν

515 1348 599 1402 79.
627 1347 673 1401 Α
704 1347 1050 1402 tribulatione
1073 1344 1340 1400 malorum
1363 1353 1417 1398 et
1449 1343 1657 1398 dolore.

2181 1341 2268 1395 79.
2315 1337 2446 1391 Ἀπὸ
2484 1336 2713 1406 θλίψεως
2745 1334 2930 1388 κακῶν
2965 1334 3060 1387 καὶ
3089 1328 3301 1400 ὀδύνης.

515 1440 604 1495 80.
626 1439 808 1495 Effusa
835 1447 918 1494 est
939 1435 1272 1506 contemptio
1294 1449 1457 1506 super
1480 1431 1754 1504 principes
1783 1442 1970 1484 eorum
1995 1444 2007 1480 :

2183 1429 2270 1485 80.
2303 1429 2560 1499 Ἐξεχύθη
2591 1427 2934 1492 ἐξουδένωσις
2964 1424 3050 1477 ἐπ’
3081 1421 3349 1494 ἄρχοντας
3378 1413 3556 1469 αὐτῶν
3582 1411 3678 1481 (α)-

515 1533 602 1587 81.
633 1531 698 1586 Ει
721 1546 905 1587 errare
933 1529 1060 1586 fecit
1087 1545 1182 1587 eos
1216 1530 1271 1584 in
1299 1527 1468 1593 invio,
1499 1533 1553 1582 et
1581 1539 1692 1578 non
1719 1523 1773 1576 in
1799 1521 1903 1575 via.

2185 1522 2274 1577 81.
2301 1522 2412 1575 Kal
2432 1520 2736 1591 ἐπλάνησεν
2766 1517 2963 1578 αὐτοὺς
2992 1517 3049 1568 ἐν
3083 1511 3295 1581 ἀϐάτῳ,
3327 1507 3420 1562 καὶ
3440 1505 3539 1576 οὐχ
3561 1501 3679 1573 όδιῖ).

515 1623 602 1678 82.
632 1623 697 1678 Et
721 1623 928 1694 adjuvit
951 1638 1240 1692 pauperem
1267 1622 1332 1676 de
1362 1619 1544 1688 inopia
1576 1633 1590 1670 :

2188 1614 2276 1667 82.
2314 1613 2422 1666 Kal
2454 1610 2717 1682 ἐϐοήθησε
2749 1609 2942 1679 πένητι
2970 1609 3034 1660 ἐκ
3066 1602 3336 1674 πτωχείας
3355 1617 3369 1631 ⁸

517 1715 605 1769 83.
635 1714 700 1768 Et
725 1714 906 1785 posuit
936 1714 1078 1769 sicut
1109 1729 1236 1768 oves
1262 1711 1521 1766 familias.

2186 1707 2274 1761 85.
2309 1707 2421 1759 Kal
2452 1705 2605 1757 ἔθετο
2641 1703 2716 1766 ὡς
2741 1701 2988 1773 πρόϐατα
3017 1697 3269 1768 πατριάς.

517 1807 605 1861 84.
636 1805 908 1862 Videbunt
938 1807 1093 1873 recti,
1122 1816 1174 1860 et
1203 1805 1561 1859 laalabuntur:
2050 1811 2093 1866 Β

2050 1811 2093 1866 Β
2191 1797 2279 1852 84.
2321 1796 2579 1866 Ὄψονται
2610 1794 2808 1856 εύθεῖς,
2837 1792 2932 1845 καὶ
2968 1787 3456 1860 εὐφρανθήσονται·

519 1901 609 1955 85.
641 1898 708 1954 Ει
737 1900 914 1954 omnis
943 1869 1198 1969 iniquitas
1226 1896 1486 1967 oppilabit
1509 1909 1571 1949 os
1601 1907 1784 1949 suum.

2190 1889 2277 1943 85.
2326 1890 2436 1942 Kal
2467 1890 2613 1942 πᾶσα
2668 1883 2866 1956 ἀνομία
2899 1879 3168 1954 ἐμφράξει
3195 1879 3257 1932 τὸ
3289 1876 3461 1946 στόμα
3498 1869 3685 1942 αὐτῆς.

519 1989 606 2044 86.
635 1990 769 2056 Quis
795 1991 1012 2061 sapiens
1041 1999 1095 2044 et
1119 1989 1386 2044 eustodiet
1412 1985 1562 2040 hzec?

2193 1981 2279 2035 86.
2317 1982 2411 2045 Τίς
2444 1981 2606 2050 σοφὸς
2636 1978 2728 2033 καὶ
2761 1975 2986 2047 φυλάξει
3020 1973 3221 2038 satira;

521 2081 611 2137 87.
636 2081 702 2138 Et
735 2083 994 2154 intelliget
1019 2080 1423 2138 misericordias
1445 2077 1704 2134 Domini?

2195 2073 2282 2127 87.
2312 2074 2422 2127 Kal
2453 2073 2743 2144 συνήσουσι
2771 2068 2840 2124 τὰ
2868 2068 2990 2139 ἐλέη
3018 2065 3111 2119 τοῦ
3150 2061 3390 2134 Κυρίου;

525 2239 600 2310 (a)
627 2236 817 2292 Αὐτῶν
847 2239 1017 2295 deest.

1570 2384 1946 2446 ATHANASII
1985 2377 2582 2440 INTERPRETATIO.

528 2676 614 2730 79.
648 2671 1044 2730 Multitudinem
1075 2667 1318 2742 gentium
1345 2665 1400 2720 in
1424 2661 1686 2719 Ecclesia.

2195 2653 2283 2708 72.
2324 2651 2398 2706 Τὸ
2427 2650 2628 2723 πλῆθος
2655 2649 2762 2703 τῶν
2788 2646 2956 2702 ἐθνῶν
2981 2646 3040 2701 ἐν
3068 2647 3136 2718 τῇ
3164 2641 3485 2714 Ἐκκλησία.

524 2766 618 2820 75.
650 2763 852 2819 Eorum
883 2760 1068 2818 corda.
1086 2739 1101 2742 ἡ

2198 2747 2284 2801 75.
2325 2743 2436 2807 Τὰς
2461 2743 2686 2814 καρδίας
2712 2739 2911 2795 αὐτῶν.

529 2858 619 2912 7i.
651 2855 894 2927 Apostoli
924 2853 1088 2910 corda
1115 2852 1382 2924 gentium.

2195 2838 2284 2892 74.
2327 2838 2390 2890 Οἱ
2420 2835 2704 2890 ἀπόστολοι
2727 2833 2825 2897 τὰς
2858 2830 3086 2904 καρδίας
3108 2829 3216 2884 τῶν
3250 2827 3435 2883 ἐθνῶν.

528 2947 615 3004 75.
645 2923 842 3003 Gentes
869 2923 1395 3014 Truetumijustitiaa.

2200 2929 2286 2983 75.
2329 2928 2411 2982 Τὰ
2433 2927 2560 2998 ἔθνη
2590 2924 2802 2999 καρπόν
2826 2923 3192 2992 δικαιοσύνης.

527 3039 616 3092 76.
640 3036 871 3094 Fideles.

2204 3020 2292 3075 76.
2332 3020 2470 3084 Τοὺς
2499 3017 2743 3082 πιστούς.

531 3131 618 3186 77.
644 3129 710 3184 Et
736 3127 967 3183 humiles
992 3127 1130 3182 inter
1157 3141 1273 3193 eos,
1297 3132 1350 3179 et
1368 3123 1528 3178 mites
1547 3137 1652 3177 non
1671 3117 2026 3177 contempsit.

2214 3113 2298 3167 77.
2341 3113 2450 3167 Kal
2472 3113 2599 3177 τοὺς
2623 3111 2910 3174 ταπεινοὺς
2942 3108 3142 3174 αὐτῶν,
3165 3107 3257 3162 καὶ
3287 3106 3362 3178 (1)
3392 3106 3589 3177 πραεῖς
3609 3103 3703 3157 οὐκ

2135 3200 2506 3267 ἐξουδένωσεν.

540 3309 621 3364 78.
655 3307 893 3376 Populus
917 3303 1251 3358 Judaaorum.

2207 3292 2294 3348 78.
2326 3293 2382 3348 '0
2416 3292 2542 3358 λαὸς
2570 3290 2678 3368 τῶν
2710 3291 3001 3347 Ἰουδαίων.

538 3399 618 3455 79.
645 3401 689 3452 A
719 3361 1069 3452 tribulatione
1099 3392 1392 3456 malorum,
1411 3398 1466 3443 et
1496 3385 1725 3451 doloris,
1745 3398 1912 3454 quam
1945 3381 2032 3436 in-

2206 3385 2294 3442 79.
2325 3385 2461 3439 Ἀπὸ
2503 3361 2735 3456 θλίψεως
2765 3385 2844 3455 (ﬁ)
2899 3382 3083 3438 κακῶν
3121 3382 3217 3436 καὶ
3259 3381 3356 3453 τῆς
3395 3379 3590 3450 ὀδύνης
3611 3379 3706 3449 τῆς

463 3495 703 3551 tulerunt
731 3491 812 3546 eis
841 3495 1045 3559 gentes,
1073 3500 1195 3556 qua:
1223 3483 1276 3536 in
1309 3495 1404 3537 eos
1433 3479 1731 3535 dominata
1761 3483 1910 3533 sunt.

2136 3477 2432 3549 γενομένης
2447 3477 2630 3542 αὐτοῖς
2655 3475 2807 3548 παρὰ
2829 3476 2936 3531 τῶν
2965 3475 3134 3530 ἐθνῶν
3164 3473 3272 3529 τῶν
3310 3473 3707 3546 κυριευσὰντων

2139 3569 2358 3634 αὐτούς.

539 3672 626 3727 80.
657 3671 994 3726 Judzeorum.

2206 3663 2294 3719 80.
2325 3661 2445 3717 Τῶν
2477 3661 2766 3718 Ἰουδαίων.

540 3765 628 3820 8i.
675 3762 742 3817 Et
787 3759 1008 3818 demisit
1049 3771 1145 3813 eos
1186 3754 1438 3810 incedere
1480 3754 1539 3808 in
1590 3748 2036 3822 concupiscentia

2207 3756 2296 3810 81.
2325 3753 2434 3809 Kal
2479 3754 2660 3808 εἴασεν
2709 3752 2906 3817 αὐτοὺς
2935 3755 3003 3824 τῇ
3033 3749 3298 3823 ἐπιθυμίᾳ
3329 3748 3440 3805 τῶν
3476 3740 3707 3816 καρδιῶν

467 3858 714 3914 cordium
749 3869 998 3911 suorum.

2137 3847 2315 3902 αὐτῶν
2341 3848 2416 3918 (5)
2440 3843 2787 3918 πορεύεσθαι.

538 3950 625 4005 8‘2.
653 3947 919 4017 Poliulum
950 3961 1016 4000 ex
1049 3941 1322 4015 gentibus.

2208 3939 2296 3993 82.
2331 3937 2420 4008 Τῷ
2451 3937 2525 4008 (4)
2559 3933 2618 4002 ἐξ
2644 3921 2812 3990 ἒθνῶν
2841 3935 2979 4006 λαῷ.

539 4041 625 4097 8'5.
658 4039 876 4094 Gentes.

2210 4032 2298 4086 εδ.
2330 4031 2410 4083 Τὰ
2436 4029 2585 4099 ἔθνη.

540 4134 628 4190 84.
665 4133 878 4188 Sanctae
911 4129 1140 4184 virtutes
1187 4125 1490 4198 gaudentes
1521 4121 1840 4180 clamabunt
1867 4137 1879 4172 :
1911 4119 2038 4175 Glo-

2210 4123 2299 4180 84.
2335 4124 2399 4176 Αἱ
2433 4123 2585 4191 ἆγιαι
2613 4119 2870 4191 δυνάμεις
2903 4118 3223 4190 χαιρόμεναι
3254 4114 3490 4185 βοήσωσι
3516 4128 3529 4141 ο
3559 4109 3709 4173 Δόξα

469 4228 549 4280 ria
580 4227 630 4278 in
660 4223 938 4280 altissimis
965 4221 1094 4286 Deo,
1127 4230 1176 4275 et
1206 4221 1261 4274 in
1296 4228 1437 4276 terra
1464 4233 1572 4288 pax
1596 4216 1662 4285 ³⁸,
1699 4227 1803 4271 etc.

2143 4215 2210 4270 ὲν
2236 4216 2518 4286 ὑψίστοις
2556 4214 2676 4280 Θεῷ
2702 4212 2800 4268 καὶ
2831 4212 2930 4266 ἐπὶ
2975 4209 3087 4282 γῆς
3126 4206 3334 4278 εἰρήνη
3361 4205 3459 4275 (5),
3489 4203 3584 4258 καὶ
3640 4201 3707 4254 τὰ

2146 4306 2294 4368 ἑξῆς.

544 4400 630 4454 83.
663 4399 729 4452 Et
761 4399 941 4452 omnis
975 4399 1255 4453 contraria
1303 4403 1547 4466 potestas
1592 4392 1816 4448 confusa
1866 4398 2042 4445 conti-

2146 4308 2172 4359 ὲ
2207 4306 2233 4317 ”
2280 4347 2294 4361 .

2351 4397 2463 4450 Kal
2515 4400 2663 4451 πᾶσα
2708 4395 2929 4451 ἐναντία
2979 4392 3208 4464 δύναμις
3262 4385 3709 4458 καταισχυνθεῖσα

467 4499 650 4549 cescet
673 4505 794 4545 cum
819 4503 915 4543 sua
941 4489 1208 4543 doctrina.

2145 4491 2411 4542 παύσεται
2443 4489 2580 4560 μετὰ
2602 4488 2701 4560 τῆς
2725 4487 2943 4558 διδαχῆς
2974 4484 3151 4540 αὐτῶν
3186 4482 3284 4551 (6).

541 4582 632 4648 86,
681 4583 770 4637 87.
818 4579 938 4635 Non
983 4580 1153 4636 dicit:
1186 4579 1321 4646 Quis
1355 4577 1573 4647 sapiens
1604 4574 1770 4646 hujus
1802 4573 2039 4628 mundi?

2213 4580 2300 4645 86,
2336 4579 2425 4634 87.
2461 4579 2538 4634 Οὐ
2570 4579 2750 4648 λέγει·
2782 4579 2876 4642 Τίς
2907 4577 3068 4647 σοφὸς
3109 4573 3202 4628 τοῦ
3249 4573 3450 4644 κόσμου
3482 4569 3703 4630 τούτου;

467 4679 562 4734 sed
593 4675 718 4749 quis
754 4675 990 4744 repletus
1023 4673 1287 4744 sapientia
1311 4669 1655 4732 abscondita,
1707 4678 1766 4724 ut
1799 4675 2038 4722 mentem

2145 4672 2279 4726 ἀλλὰ
2298 4672 2397 4742 τῆς
2415 4671 2911 4744 ἀποκεκρυμμένης
2930 4668 3120 4739 σοφίας
3140 4667 3223 4731 τίς
3242 4661 3705 4737 ἐμπεπλησμένος.

469 4783 624 4824 suam
685 4765 930 4820 advertat
959 4763 1027 4818 ad
1056 4778 1148 4830 ea,
1183 4776 1306 4833 qua:
1346 4760 1438 4815 hic
1480 4759 1624 4814 dicta
1659 4767 1822 4822 sunt,
1858 4765 1913 4812 et
1941 4772 2036 4812 co-

2150 4763 2235 4817 ϊνα
2263 4762 2476 4835 πρόσχῃ
2505 4766 2571 4834 τῇ
2605 4762 2813 4833 διανοίᾳ
2839 4758 3026 4833 [πρὸς]
3055 4757 3226 4813 ταῦτα
3249 4757 3319 4811 τὰ
3346 4753 3608 4827 εἰρημένα
3632 4752 3709 4802 ἐν·

471 4866 692 4932 gnoscat
745 4856 1154 4912 misericordias
1194 4851 1414 4911 Domini
1449 4853 1768 4917 immensas,
1799 4858 1854 4905 et
1887 4849 2039 4904 inve-

2150 4853 2341 4918 ταῦθα,
2371 4855 2464 4909 καὶ
2494 4853 2701 4926 ἐπιγνῷ
2726 4853 2794 4907 τὰ
2820 4852 2942 4924 ἐλέη
2973 4851 3067 4908 τοῦ
3103 4849 3309 4906 Κυοίου
3337 4847 3406 4902 τά
3439 4845 3704 4914 άμέτοτττα

470 4950 789 5024 sugabﬂes?

2153 4947 2245 4998 καὶ
2273 4946 2681 5018 ἀνεξιχνίαστα;

578 5133 622 5166 ³⁸
655 5133 786 5187 Luc.
815 5129 991 5198 μνη,

1427 5283 1735 5346 Addenda
1781 5289 1840 5344 et
1870 5291 2240 5356 corrigenda
2286 5293 2365 5338 ex
2400 5275 2540 5338 cod.
2575 5275 2776 5338 Vatic.

554 5452 628 5522 \l)
667 5452 964 5516 Ταπεινοὺς
991 5451 1069 5522 τῷ
1093 5447 1389 5522 πνεύματι.
1417 5461 1532 5508 και,
1569 5455 1697 5522 etc._
2325 5439 2568 5522 ¹λαῷ
2588 5441 2705 5522 ,τῶν
2734 5439 2794 5522 ἐξ
2821 5437 3011 5522 ἐθνων.

557 5505 632 5590 ii)
661 5522 922 5592 Θλίψεων,
944 5505 1088 5587 ἐισί,
1120 5505 1529 5594 κυρῖευσάντων
1560 5515 1758 5570 αὐτῶν.
2324 5505 2408 5565 ΕΓ
2427 5505 2552 5595 ήνηξ
2585 5514 2642 5567 ἐν
2665 5507 2971 5581 ἀνθρώποις
3000 5505 3236 5561 εὐδοκία.

557 5581 630 5653 (3)
661 5589 818 5647 Deest
847 5607 1066 5653 αιφιᾳα.
2224 5516 2300 5653 i6)
2329 5530 2525 5653 Μίδης.

557 5581 630 5661 (3)
661 5581 818 5647 Deest
847 5581 1085 5664 αιιριᾳαί
1194 5581 1211 5594 ’

943 5581 1085 5663 uta;
1194 5581 1211 5594 ’
2225 5581 2300 5655 (6)
2329 5581 2524 5653 Αὐτῆς.
