2002 3106
175 156 242 184 11Ξῦ

209 258 233 284 1.
251 257 361 293 Ἑτοιμη
374 259 391 293 ὴ
404 259 500 294 καρδία
516 267 577 293 μου,
589 259 603 284 ὁ
614 258 689 291 Θεὸς,
705 258 798 295 ἑτοίμη
811 259 849 295 (α)
858 260 875 295 ὴ
888 267 955 294 καρ-

173 303 214 330 δία
233 312 283 339 μου
293 312 299 319 ·
780 315 783 319 ·

206 349 232 375 2.
254 348 371 383 Ἀσομαι
383 348 430 375 καὶ¹
445 347 522 382 ψαλῶ
539 348 567 374 ὲν
581 349 613 383 τῇ
631 347 694 384 δόξῃ
707 356 768 383 μου.

207 393 233 420 5.
257 393 437 429 Ἐξεγέρθητι,
453 395 469 429 ἡ
486 394 549 427 δόξα
566 402 630 429 μου·

208 439 236 466 4.
256 439 439 475 Ἐξεγέρθητι,
452 439 599 475 ψαλτήριον
611 440 658 466 καὶ
672 439 787 474 κιθάρα·

207 485 234 511 5.
257 485 484 520 Ἐξεγερθήσομαι
498 485 607 521 ὄρθρου.

207 529 233 555 6.
253 528 499 564 Ἐξομολογήσομαί
516 538 556 556 σοι
572 529 601 557 ἐν
614 529 699 563 λαοῖς,
713 530 813 565 Κύριε”

208 576 234 602 7.
250 575 333 602 Ψαλῶ
347 584 388 602 σοι
401 577 429 602 ὲν
441 575 555 603 ἔθνεσιν.

208 622 234 647 8.
252 621 312 647 Ὅτι
331 621 401 656 μέγα
419 621 512 648 ἐπάνω
527 621 582 648 τῶν
597 621 720 657 οὐρανῶν
743 622 773 648 τὸ
797 621 870 653 ἔλεός
889 630 935 647 σου

207 666 233 694 9.
249 666 304 692 Καὶ
316 666 367 698 ἕως
380 666 433 694 τῶν
449 666 566 702 νεφελῶν
578 668 594 703 ἡ
610 667 721 703 ἀλήθειά
735 675 792 693 σου.

208 713 251 740 10.
272 713 408 749 ’Υψώθητι
425 714 471 740 ἐπὶ
484 714 546 745 τοὺς
562 714 702 749 οὐρανοὺς,
717 714 731 740 ὁ
742 713 806 744 Θεός
816 721 822 727 ·

209 762 251 789 li.
272 762 327 789 Kal.
341 762 387 788 ἐπὶ
399 762 488 788 πᾶσαν
507 761 556 797 τὴν
571 761 623 797 γῆν
638 762 654 796 ἠ
670 760 732 794 δόξα
756 769 811 787 σου.

209 809 252 835 12.
269 810 362 840 Ὅπως
377 808 411 835 ἂν
426 808 560 844 ρυσθῶσιν
575 810 599 835 oi
615 807 750 842 ἀγαπητοί
767 815 812 833 σου

208 855 252 882 15.
270 855 360 882 Σῶσον
376 855 408 890 τῇ
424 854 499 890 δεξιᾷ
516 863 562 880 σου
572 874 579 887 ,
597 854 644 881 καὶ
658 853 809 880 ὲπάκουσόν
824 860 884 888 μου.

209 900 252 928 Μ.
272 901 301 927 '0
317 900 382 932 Θεδς
397 900 525 936 ἐλάλησεν
542 901 570 926 ὲν
583 899 621 935 τῷ
634 900 701 935 ἁγίῳ
718 899 800 926 αὑτοῦ
810 907 816 914 ·

209 945 251 972 15.
275 945 487 982 ’Υψωθήσωμαι,
504 945 551 972 καὶ
566 945 697 981 διαμεριῶ
712 945 826 980 Σίκιμα·

208 1002 247 1039 (α)
264 1002 342 1031 Veis.
358 1003 385 1037 2,
406 1003 526 1039 Έτοίμη,
538 1010 604 1037 etc.,
620 1003 684 1040 δόξῃ
700 1012 762 1039 μου.

624 156 669 184 DE
689 156 825 185 TlTULlS
844 156 1110 186 PSALMORUM.'-—
1119 158 1216 187 PSAL.
1232 158 1315 188 (ΝΠ.

179 213 247 248 ’ῼδὴ
277 213 398 247 pupae
421 212 565 249 [ψαλμοῦ]
585 211 625 245 τῷ
646 212 743 240 male.
775 214 861 240 ΨΑΑ.
889 214 953 240 ΡΖ’.
970 218 993 246 Α

1717 163 1786 190 1154

1099 214 1239 243 Canticum
1257 216 1352 251 psalmi
1372 216 1466 243 David.
1486 215 1583 243 ΡδΑι.
1597 216 1689 244 CVII.

1044 260 1069 286 1.
1079 259 1206 288 Paratum
1219 269 1266 289 cor
1278 269 1378 294 meum,
1391 261 1472 293 Deus,
1485 268 1608 297 paratum
1621 271 1667 290 cor
1679 271 1783 290 meum:

1042 348 1068 374 2.
1087 343 1207 376 Cantabo
1222 353 1248 376 ct
1261 349 1373 384 psallam
1388 350 1415 377 in
1429 350 1513 386 gloria
1529 359 1599 378 mea.

1041 393 1069 423 3.
1085 394 1213 430 Exsurge.
1229 396 1312 430 gloria
1330 404 1390 423 mea
1406 404 1414 422 :

1043 439 1069 479 4.
1087 439 1217 476 Exsurge.
1235 441 1392 476 ps:xlterium
1406 446 1433 470 et
1445 442 1548 470 cithara
1561 451 1570 469 :

1042 486 1070 514 5.
1087 485 1236 522 Exsurgam
1250 488 1381 516 diluculo.

1042 531 1069 559 6.
1084 531 1238 560 Conﬁtebor
1252 534 1300 561 tibi
1313 534 1339 562 in
1354 535 1471 570 populis,
1484 535 1597 564 Domine
1609 546 1616 563 -.

1044 578 1069 604 7.
1086 578 1118 605 Et
1133 580 1245 613 psallam
1257 580 1305 608 tibi
1318 581 1344 608 in
1359 582 1525 609 nationibus.

1043 624 1068 651 8.
1083 623 1151 657 Quia
1167 633 1264 661 magna
1279 630 1321 654 est
1334 634 1415 662 super
1427 628 1510 656 caelos
1526 628 1708 657 misericordia
1721 633 1783 658 tua:

1042 671 1069 697 9.
1084 670 1115 697 Et
1131 679 1216 706 usque
1231 672 1264 699 ad
1281 673 1365 700 nubes
1381 674 1479 702 veritas
1497 678 1552 701 tua.

1043 716 1077 742 10
1100 715 1223 744 Exaltare
1236 725 1319 753 super
1334 719 1433 751 caelos,
1450 719 1521 747 Deus
1535 729 1542 745 :

1044 762 1087 789 11.
1104 762 1135 790 Ει
1150 771 1230 798 super
1245 772 1352 792 omnem
1368 770 1467 792 terram
1483 766 1567 801 gloria
1585 770 1638 794 tua.

1044 807 1084 834 12.
1104 807 1139 835 Ut
1155 809 1302 837 liberentur
1317 810 1406 837 dilecti
1420 811 1458 838 tui
1471 819 1478 836 :

1045 852 1087 880 15.
1106 853 1216 882 Salvum
1232 856 1274 882 fac
1285 856 1394 883 dextera
1410 860 1466 889 tua,
1481 860 1508 884 et
1520 857 1617 884 exaudi
1631 864 1684 885 me.

1046 898 1087 926 14.
1106 899 1176 927 Deus
1194 901 1302 929 locutus
1316 904 1358 929 est
1373 902 1399 928 in
1416 907 1510 929 sancto
1526 910 1576 930 suo
1593 911 1599 928 :

1045 944 1088 972 15.
1106 945 1260 979 Exaltabor,
1274 951 1300 974 et
1313 947 1430 975 dividam
1445 946 1593 975 Sichimam
1605 957 1612 962 -

731 1078 918 1108 ATHANASll
940 1077 1231 1107 INTERPRETATIO.

214 1157 248 1184 Ἦ
261 1157 427 1193 προκειμένη
444 1157 584 1193 ἐπιγραφὴ
610 1157 733 1193 περιέχει
747 1157 785 1193 (1)
797 1165 804 1172 ·
833 1156 902 1192 ᾯδὴ
917 1155 1038 1191 ψαλμοῦ
1053 1154 1092 1188 τῷ
1104 1155 1202 1189 Δαϐὶδ,
1215 1156 1284 1191 ὅπερ
1295 1155 1475 1191 ἒρμηνεὺεται
1488 1157 1519 1183 τὸ
1531 1155 1607 1193 ᾆσμα
1618 1157 1664 1184 τοῦ
1677 1157 1785 1193 ψαλμοῦ

174 1203 215 1237 τῷ
227 1204 319 1238 ικανῷ
337 1204 374 1240 τῇ
386 1205 474 1240 χειρὶ,
488 1206 610 1233 τουτέστι
622 1205 662 1240 τῷ
676 1204 733 1240 Υἱῷ
750 1205 796 1231 τοῦ
816 1204 883 1232 Θεοῦ
900 1204 949 1240 (2).

210 1263 316 1291 Titulus
328 1263 489 1297 praepositus
502 1262 624 1291 continet
638 1271 644 1290 :
658 1262 798 1290 Canticum
813 1263 910 1298 psalmi
923 1262 1019 1293 David,
1037 1260 1109 1296 quod
1122 1260 1324 1294 interpretatur,
1341 1259 1484 1288 Canticum
1501 1262 1598 1296 psalmi
1615 1271 1694 1290 manu
1708 1264 1785 1299 {oi-tio

173 1309 226 1337 hoc
241 1313 284 1336 est
297 1308 343 1336 Dei
360 1308 439 1335 Filio.

210 1368 236 1394 1.
253 1367 300 1399 Εἰς
310 1366 340 1393 τὺ
356 1366 513 1399 δοξάζεσθαι
530 1366 567 1402 (5)
581 1366 629 1403 τὴν
648 1366 727 1403 χάριν
742 1376 799 1394 σου.

208 1412 235 1439 2.
255 1413 299 1439 Ἐν
312 1412 470 1447 ἀγαλλιάσει
485 1412 534 1447 τῆς
551 1412 661 1448 χάριτός
677 1421 723 1439 σου
738 1412 816 1448 ψαλῶ
832 1412 880 1448 (4).

208 1456 236 1483 5.
250 1455 326 1483 Ἐλθὲ
339 1457 367 1483 ἐν
384 1457 416 1492 τῇ
432 1456 534 1491 διανοίᾳ
548 1465 610 1491 μου,
622 1458 635 1483 ό
649 1457 716 1489 Θεός

210 1502 236 1529 Il.
254 1502 309 1530 Καὶ
322 1502 476 1530 διανίστασο
489 1503 527 1539 (6)
543 1504 573 1530 τὸ
589 1504 697 1540 πνεῦμά
714 1512 765 1539 μου
784 1504 832 1531 σὺν
850 1505 884 1539 τῇ
899 1503 957 1529 δια-

174 1547 234 1583 νοίᾳ
251 1556 312 1582 μου.

210 1575 237 1620 Si.
247 1565 331 1619 Ῡοταν
341 1593 461 1630 φωτίσῃς
473 1603 506 1630 με
516 1594 561 1621 διὰ
570 1595 617 1631 τῆς
626 1594 735 1630 χάριτός
748 1603 803 1628 σου,
812 1594 871 1622 τότε
884 1594 959 1630 ὲξερ-
972 1565 992 1593 c

173 1637 291 1673 θήσυμαι
307 1638 345 1674 (7)
367 1640 400 1674 τῇ
414 1639 522 1675 καρδίᾳ.

210 1682 236 1709 6.
251 1683 312 1710 ‘Aw
317 1684 410 1720 μνήσω
426 1693 455 1711 σε
469 1685 498 1711 ὲν
510 1685 594 1717 λαοῖς,
608 1685 705 1720 Κύριε.

210 1729 237 1756 7.
252 1729 361 1762 Δοξάσω
377 1739 407 1756 σε
428 1731 457 1757 ὲν
476 1732 531 1763 τοῖς
543 1731 656 1758 ἔθνεσιν.

211 1775 236 1802 8.
254 1776 405 1812 Διηγοῦμεν
421 1776 458 1812 (8)
474 1777 567 1809 πᾶσιν,
584 1778 625 1804 ὅτι
639 1777 722 1809 πολὺς
733 1777 747 1803 ὁ
760 1777 854 1813 μισθὸς
866 1778 880 1805 ὁ
892 1778 960 1804 ἀπο‹

174 1819 301 1855 κείμενος
313 1822 369 1853 τοῖς
383 1821 511 1855 ἀγαπῶσι
527 1830 567 1849 σε.

211 1865 238 1892 9.
255 1867 309 1893 Καὶ
334 1868 351 1903 ἡ
375 1867 525 1902 ἐπαγγελία
540 1867 594 1895 τῶν
617 1868 766 1904 μελλόντων
784 1866 892 1901 ἀγαθῶν
909 1868 960 1899 ἕως

173 1909 231 1937 τῶν
246 1910 330 1945 ἁγίων
346 1912 384 1947 (9)
397 1912 452 1940 τῶν
465 1914 674 1950 κεχωρισμένων
688 1913 720 1940 ἐκ
732 1913 781 1949 τῆς
795 1913 857 1948 γῆς.

212 1956 255 1983 10.
274 1958 455 1995 Ἀναλήφθητι
468 1960 513 1986 ἐπὶ
528 1961 591 1992 τοὺς
607 1960 754 1995 οὐρανοὺς,
768 1960 782 1985 ό
797 1959 873 1991 Θεός.

215 2002 257 2030 Η.
274 2003 329 2030 Καὶ
342 2004 388 2030 ἐπὶ
404 2005 491 2032 πάντα
501 2005 534 2032 τὰ
544 2005 607 2041 ἔθνη
622 2005 652 2032 τὸ
664 2006 793 2042 κήρυγμα
808 2004 861 2032 τῶν
874 2005 962 2041 παθη-

176 2050 271 2084 μάτων
288 2058 334 2076 σου
354 2050 420 2087 (10).

214 2095 255 2123 12.
272 2096 302 2122 Οἱ
315 2098 486 2129 πιστεύοντες
500 2098 540 2130 είς
554 2097 594 2125 σέ.

213 2141 257 2168 13.
275 2142 442 2170 Ἐπάκουσόν
465 2152 526 2179 μου,
541 2143 589 2170 καὶ
603 2142 687 2169 σῶσον
698 2144 731 2178 τῆ
749 2142 821 2178 ἰσχύϊ
836 2151 894 2170 σου.

213 2186 257 2213 14.
275 2187 375 2214 Λοιπὸν
391 2188 405 2214 ὁ
419 2188 484 2220 Θεὸς
504 2188 589 2222 Λόγος
605 2188 779 2223 ἀποκρίνεται
794 2186 838 2214 διὰ
853 2186 900 2213 τοῦ
914 2195 960 2222 χο-

176 2231 226 2267 ροῦ
240 2232 295 2259 τῶν
308 2234 454 2270 προφητῶν
467 2242 475 2249 ⁸

214 2279 257 2305 15.
271 2279 352 2307 Ὅταν
370 2280 519 2316 σταυρωθῶ
532 2300 539 2312 ,
562 2280 624 2308 τότε
647 2280 751 2312 πάντας
771 2280 835 2311 τοὺς
851 2279 963 2311 πιστοὺς

174 2323 285 2351 ἑλκύσω
300 2325 367 2360 πρὸς
384 2326 512 2361 ἐμαυτόν.
535 2326 640 2361 Σίκιμα
663 2318 717 2362 γάρ
738 2326 916 2362 ἑρμηνεύεται
943 2326 961 2359 ἡ

173 2369 382 2398 ἀναϐαίνουσα
394 2392 401 2405 ,
427 2372 566 2399 τουτέστιν
580 2373 596 2407 ἡ
620 2372 650 2405 ἐξ
665 2372 748 2399 ἐθνῶν
763 2371 927 2407 Ἐκκλησία·
945 2372 961 2407 ἢ

175 2414 260 2441 πάλιν
279 2417 295 2450 ἡ
310 2416 430 2443 ποθοῦσα
443 2417 516 2453 ψυχὴ
528 2417 573 2444 τὸν
585 2417 703 2453 Κύριον·
718 2417 828 2453 χωρίζει
842 2417 895 2453 γὰρ
907 2416 962 2452 (il)

174 2460 211 2485 ἐκ
226 2459 273 2485 τοῦ
290 2459 407 2494 κόσμου’
425 2462 442 2497 ἢ
467 2462 548 2489 πάλιν
568 2461 642 2489 ἔστιν
659 2462 746 2494 ἄλλως
767 2461 902 2496 θεωρῆσαι
916 2460 961 2487 τὸν

174 2504 280 2540 Κύριον
294 2504 420 2539 λέγοντα,
434 2506 475 2533 ὃτι
491 2506 575 2532 Ὅταν
586 2506 743 2542 σταυρωθῶ,
756 2506 789 2533 τὰ
805 2505 962 2542 χαρίσματά

177 2557 231 2583 μου
244 2549 392 2585 διαμερίσω
404 2551 460 2582 τοῖς
476 2551 647 2578 πιστεύουσιν
662 2553 701 2584 είς
716 2552 775 2587 ἐμὲ.

1044 1357 1070 1385 1.
1086 1357 1126 1384 Ad
1142 1356 1343 1392 gloriﬁcandam
1359 1356 1473 1392 gratiam
1486 1364 1571 1385 tuam.

1044 1402 1071 1429 2.
1086 1402 1113 1430 ln
1131 1403 1311 1431 exsultatione
1326 1404 1419 1439 gratia
1436 1408 1489 1431 tua:
1505 1404 1628 1439 psallam.

1044 1449 1070 1475 5.
1087 1448 1153 1475 Veni
1169 1448 1196 1476 in
1212 1455 1329 1476 mentem
1344 1456 1444 1481 meam,
1459 1448 1530 1477 Deus

1045 1496 1070 1523 ι.
1085 1494 1117 1522 Et
1132 1502 1253 1531 assurge,
1270 1496 1381 1530 spiritus
1398 1502 1475 1523 meus
1488 1503 1549 1523 cum
1567 1499 1657 1523 mente
1674 1503 1741 1522 mea.

1045 1586 1072 1613 5.
1081 1585 1149 1613 Cum
1165 1585 1330 1613 illuminabis
1343 1593 1386 1613 me
1399 1585 1484 1621 gratia
1496 1589 1553 1619 tua,
1564 1589 1628 1613 tunc
1643 1591 1787 1621 exsurgal!)

1008 1632 1099 1659 corde.

1044 1677 1070 1704 6.
1086 1676 1215 1704 Laudabo
1231 1680 1256 1704 te
1269 1676 1296 1703 in
1311 1675 1428 1711 populis,
1443 1675 1565 1703 Domine.

1044 1723 1071 1749 7.
1083 1722 1244 1750 Gloriilcabo
1255 1728 1280 1750 te
1298 1723 1324 1749 in
1340 1722 1475 1757 gentibus.

1045 1769 1071 1796 8.
1086 1768 1263 1796 Narrabimus
1279 1768 1407 1796 omnibus
1417 1789 1425 1802 ,
1441 1768 1571 1803 quoniam
1586 1769 1671 1795 multa
1684 1775 1789 1796 merces

1010 1815 1127 1848 reposita
1144 1818 1185 1841 est
1200 1814 1373 1848 diligentibus
1388 1817 1424 1840 te.

1045 1861 1071 1888 9.
1089 1860 1121 1888 Et
1138 1860 1282 1895 promissio
1310 1859 1464 1886 futurorum
1488 1859 1622 1887 bonorum
1644 1867 1731 1894 usque
1754 1858 1789 1887 ad

1010 1910 1129 1938 sanctos,
1143 1904 1189 1939 qui
1203 1904 1319 1939 separati
1335 1907 1398 1931 sunt
1413 1911 1428 1931 a
1442 1908 1523 1930 terra.

1046 1951 1090 1979 10.
1106 1950 1228 1978 Asccnde
1243 1957 1324 1986 super
1338 1950 1432 1982 caelos,
1446 1949 1526 1977 Deus.

1047 1998 1089 2024 11.
1100 1996 1134 2025 Ει
1146 2005 1228 2032 super
1240 2004 1336 2024 omnes
1350 2000 1444 2032 gentes
1459 1995 1615 2030 praedicatio
1630 1995 1790 2030 passionum

1011 2049 1130 2071 tuarum.

1048 2089 1089 2117 12.
1107 2088 1252 2116 Credentes
1265 2089 1293 2115 in
1308 2092 1344 2115 te.

1047 2135 1090 2162 15.
1105 2133 1207 2161 Exaudi
1223 2141 1276 2165 me,
1292 2138 1318 2161 et
1333 2133 1406 2160 salva
1423 2132 1579 2160 fortitudine
1592 2136 1648 2159 tua.

1047 2179 1090 2206 M.
1108 2179 1209 2206 Deinde
1227 2178 1297 2206 Deus
1312 2177 1430 2205 Verbum
1450 2177 1594 2213 respondet
1614 2184 1662 2212 per
1677 2176 1790 2205 chorum

978 2233 1000 2260 ι)
1012 2226 1206 2261 prophetarum
1224 2234 1231 2250 :

1046 2272 1091 2299 15.
1113 2271 1181 2299 Cum
1202 2270 1349 2298 cruciﬁxus
1373 2270 1467 2304 fuero,
1493 2274 1558 2297 tunc
1579 2277 1673 2298 omnes
1698 2269 1790 2297 ﬁdeles

1011 2318 1116 2346 traham
1137 2318 1169 2344 ad
1187 2325 1230 2344 me
1246 2316 1345 2351 ipsum.
1370 2315 1488 2343 Sichima
1504 2315 1575 2343 enim
1600 2315 1792 2350 interpretatur

1010 2364 1161 2394 ascendens.
1185 2363 1237 2390 hoc
1255 2368 1297 2390 est
1310 2362 1430 2389 Ecclesia
1445 2370 1476 2389 ex
1494 2362 1635 2397 gentibus;
1655 2366 1702 2389 aut
1712 2361 1790 2388 aliter

1012 2410 1102 2438 anima
1130 2409 1287 2437 desiderans
1320 2408 1481 2440 Dominum,
1517 2408 1618 2435 secedit
1651 2407 1723 2434 enim
1756 2406 1790 2433 de

1014 2456 1132 2488 mundo;
1147 2459 1193 2482 aut
1215 2454 1312 2481 iterum
1333 2454 1386 2481 alio
1405 2453 1486 2481 modo
1499 2453 1642 2488 allegorice
1661 2450 1788 2486 explicari

1014 2503 1072 2530 haec
1092 2505 1204 2537 possunt
1224 2502 1257 2528 de
1279 2501 1392 2528 Domino
1414 2501 1520 2528 dicente
1539 2500 1628 2527 :Cum
1645 2498 1791 2526 cruciﬁxus

1013 2548 1101 2581 fuero,
1111 2547 1228 2575 dividam
1242 2548 1312 2575 dona
1328 2555 1387 2575 mea
1403 2546 1574 2575 credentibus
1592 2545 1618 2573 in
1633 2552 1685 2572 me.

650 2627 803 2659 Addenda
824 2631 854 2659 et
869 2625 1056 2666 corrigenda
1071 2633 1110 2655 ex
1126 2623 1195 2655 cod.
1213 2623 1315 2655 Vatic.

274 2689 305 2726 ’1⁵1
317 2689 360 2726 διὰ
372 2690 420 2725 τῆς
435 2690 617 2726 κινναϐάρεως
632 2689 764 2725 περιέχει.

217 2724 255 2758 (2)
275 2723 341 2760 Θεοῦ
356 2723 471 2760 εῐρηται.

217 2760 254 2794 (5)
267 2759 407 2792 Δέξασθαι.

228 2794 256 2830 4)
272 2794 364 2830 finiri)
381 2802 433 2822 non
453 2795 559 2830 legitur.

229 2829 256 2865 5)
270 2829 372 2865 Καρδίᾳ
387 2838 448 2864 μου,
462 2829 551 2862 όνΘεός
568 2838 627 2865 μου.

218 2867 256 2900 (ϐ)
269 2867 450 2900 Διαναστησω.

1096 2688 1331 2727 Ἐξεγεροήτομαι.

1059 2723 1086 2756 8)
1101 2723 1196 2756 Διηγού
1203 2730 1290 2755 μενος.

1058 2757 1085 2790 9)
1109 2757 1205 2790 Ἀγίων
1223 2765 1278 2782 σου.

1061 2793 1103 2825 10)
1119 2791 1252 2825 Μαϐητῶν
1270 2800 1325 2816 σου.

1061 2794 1103 2825 10)
1119 2794 1252 2825 Μαθητῶν
1270 2800 1283 2816 σ

1049 2794 1103 2862 (li)
1120 2827 1176 2862 Γὰρ
1190 2826 1283 2862 αὑτήν.
