4004 6212
338 395 474 452 1157
1253 405 1342 460 DE
1383 405 1658 462 TITULIS
1696 407 2444 468 l‘SALMORUM.—PSAL.
2479 410 2659 465 CVIII.
3444 415 3584 476 H58

405 516 494 571 29.
540 517 628 570 Ἐν
655 515 734 588 τῷ
767 517 886 590 Θεῷ
914 518 1212 590 ποιήσομεν
1257 521 1508 594 δύναμιν,
1937 533 1983 590 Α

1430 542 1508 590 ιν,
1937 533 1983 590 Α
2081 527 2171 582 29.
2203 526 2259 581 1η
2295 526 2403 583 Deo
2430 527 2694 584 faciemus
2716 527 2970 584 virtutem
2999 549 3011 583 :

402 610 492 666 30.
521 610 629 663 Kal
657 610 818 674 αὐτὸς
845 612 1185 679 ἐξουδενώσει
1210 615 1336 679 τοὺς
1365 616 1594 690 ἐχθροὺς
1625 619 1801 690 ἡμῶν.

2083 618 2170 675 50.
2206 617 2273 673 Et
2295 619 2410 690 ipse
2439 617 2506 674 ad
2540 619 2770 675 nihilum
2796 619 3024 676 deducet
3057 619 3308 677 inimicos
3333 633 3575 682 nostros.

409 724 514 788 Είς
544 721 610 776 τὸ
638 722 831 788 τέλος·
865 724 1107 794 ψαλμὸς
1145 724 1222 792 τῷ
1247 727 1443 781 Δαϐἰὸ.
1483 730 1656 784 ΨΑΛ.
1689 733 1822 786 PH’.

2151 733 2217 788 In
2248 735 2404 804 ﬁnem
2433 750 2452 789 :
2476 733 2728 789 Psalmus
2761 735 2951 790 David.
2983 734 3185 791 PSAL.
3217 734 3435 791 CVIII.

406 833 457 886 1.
501 834 557 888 '0
578 834 732 899 Θεὸς,
764 834 862 906 τὴν
893 835 1099 889 αἷνεσίν
1134 855 1236 908 μου
1276 837 1350 910 μὴ
1377 843 1818 916 παρασιωπήσῃς
1838 861 1853 876 ο

1588 843 1818 916 ωπήσῃς
1838 861 1853 876 ο
2081 844 2132 897 1.
2164 843 2328 912 Deus,
2354 846 2569 902 laudem
2605 863 2781 902 meam
2812 863 2880 903 ne
2905 848 3169 904 tacueris:

403 925 459 979 2.
487 927 610 980 Ὀτι
646 928 818 998 στόμα
849 928 1172 1004 ἀμαρτωλοῦ
1195 971 1210 996 ,
1260 933 1355 985 καὶ
1405 933 1578 1004 στόμα
1615 933 1785 989 δολίου
1820 938 1906 990 ἐπ’

2079 935 2133 990 2.
2164 937 2303 1003 Quia
2325 953 2389 994 os
2410 943 2736 1008 peccatoris,
2757 949 2811 996 et
2839 956 2904 997 os
2929 940 3106 996 dolosi
3125 955 3288 1011 super
3310 956 3396 998 me
3422 957 3579 1014 aper—

333 1014 437 1085 ὲμὲ
463 1015 710 1086 ἠνοίχθη.

675 1033 710 1086 ι.
2008 1038 2122 1084 tum
2154 1040 2256 1085 est.

403 1111 458 1164 5.
497 1109 794 1180 Ἑλάλησαν
817 1114 936 1166 κατ’
956 1113 1090 1184 ἐμοῦ
1115 1113 1338 1186 γλώσσῃ
1366 1115 1518 1187 δολία
1538 1135 1552 1146 ·

2079 1121 2132 1175 5.
2167 1119 2361 1177 Locuti
2384 1133 2512 1178 sunt
2542 1124 2834 1182 adversum
2865 1140 2953 1181 me
2979 1125 3164 1196 lingua
3187 1125 3376 1180 dolosa
3402 1146 3441 1192 :_

405 1202 460 1256 4.
495 1203 606 1255 Kal.
637 1203 815 1272 λόγοις
844 1205 1036 1276 μίσους
1059 1207 1377 1262 ἐκύκλωσαν
1403 1227 1470 1280 με
1494 1227 1507 1241 ο

2081 1211 2130 1266 4.
2166 1212 2231 1267 Ει
2257 1215 2602 1271 sermonibus
2635 1217 2745 1272 odii
2779 1216 3252 1272 circumdederunt
3272 1231 3401 1271 me:

407 1295 461 1351 5.
493 1296 602 1350 Kal
630 1297 980 1369 ἐπολέμησάν
1029 1318 1097 1371 με
1131 1301 1358 1372 δωρεάν.

2080 1303 2132 1358 5.
2168 1303 2235 1358 Et
2256 1317 2706 1377 expugnaverunt
2732 1323 2818 1364 me
2843 1311 3029 1379 gratis.

404 1387 460 1442 6.
495 1389 640 1442 ’Λντὶ
671 1388 765 1442 τοῦ
799 1391 1022 1461 ἀγαπᾷν
1049 1409 1118 1463 με
1151 1393 1486 1448 ἐνδιέϐαλλόν
1521 1413 1588 1466 με
1607 1413 1622 1427 ·

2014 1399 2021 1406 ’
2079 1397 2132 1452 6.
2163 1395 2270 1452 Pro
2293 1414 2357 1453 eo
2386 1408 2446 1454 ut
2471 1415 2556 1454 me
2589 1401 2898 1472 diligerent,
2933 1401 3290 1457 detrahebant
3313 1401 3481 1456 mibi:

402 1480 457 1534 7.
500 1479 640 1549 Ἐγὼ
661 1480 717 1534 δὲ
749 1484 1161 1556 προσηυχόμην.

2080 1489 2132 1543 7.
2167 1489 2278 1562 Ego
2307 1501 2486 1547 autem
2513 1493 2757 1549 orabam.

401 1570 456 1625 8.
484 1573 592 1626 Kal
616 1572 800 1628 ἔθεντο
826 1577 949 1629 κατ’
976 1577 1113 1648 ἐμοῦ
1146 1579 1292 1632 κακά
1321 1579 1442 1632 ἀντὶ
1466 1579 1683 1648 ἀγαθῶν
1714 1597 1727 1611 °

2080 1584 2134 1640 8.
2171 1584 2237 1639 Et
2268 1598 2570 1656 posuerunt
2603 1588 2890 1643 adversum
2938 1603 3025 1643 me
3071 1587 3212 1642 mala
3253 1602 3360 1658 pro
3384 1586 3573 1644 bouis:

401 1666 454 1720 9.
487 1668 598 1720 Kal.
627 1669 784 1738 μῖσος
804 1669 926 1724 ἀντὶ
953 1671 1055 1742 τῆς
1079 1672 1411 1744 ἀγαπήσεως
1438 1690 1562 1744 μου.

1464 1690 1562 1728 ιου.
2079 1677 2134 1732 9.
2164 1675 2230 1731 Et
2255 1677 2438 1732 odium
2467 1693 2566 1748 pro
2588 1679 2878 1734 dilectione
2905 1695 3045 1735 mea.

402 1758 488 1812 10.
521 1760 881 1832 Κατάστησον
909 1763 996 1816 ἐπ’
1019 1764 1183 1818 αὐτὸν
1209 1765 1534 1837 ἁμαρτωλόν
1556 1781 1571 1796 ·
1958 1782 1962 1786 ’

1958 1782 1962 1786 '
2084 1768 2171 1823 10.
2202 1769 2487 1825 Constitue
2518 1785 2683 1841 super
2709 1786 2834 1826 eum
2865 1781 3203 1842 peccatorem
3229 1791 3241 1826 :

403 1854 490 1909 11.
527 1856 636 1908 Kal
666 1856 912 1922 διάϐολος
947 1860 1127 1930 στήτω
1149 1859 1214 1912 ἐκ
1245 1859 1436 1924 δεξιῶν
1458 1858 1624 1914 αὐτοῦ
1940 1875 1983 1930 Β

1571 1858 1624 1913 οὗ
1940 1875 1983 1930 Β
2084 1863 2168 1917 Η.
2198 1861 2264 1918 Ει
2294 1863 2545 1919 diabolus
2575 1871 2678 1920 stet
2711 1880 2741 1919 a
2775 1864 2982 1920 dextris
3014 1865 3152 1935 ejus.

402 1945 489 1999 12.
533 1947 720 2020 Ἐντῷ
749 1949 1028 2020 κρίνεσθαι
1066 1951 1248 2019 αὑτὸν,
1302 1951 1509 2017 ἐξέλθοι
1543 1951 1901 2006 καταδεδικα-

1854 1969 1901 2004 ι-
2081 1954 2167 2008 12.
2198 1954 2334 2008 Cum
2362 1953 2640 2024 iudicatur
2667 1953 2804 2023 ipse,
2831 1965 2987 2012 exeat
3007 1956 3435 2012 condemnatus.

329 2036 526 2109 σμένος
554 2054 566 2068 ·

1455 2226 1832 2283 ATHANASII
1883 2223 2470 2282 INTERPRETA'IIO.

397 2401 489 2456 29.
535 2403 620 2456 Ἐν
681 2403 758 2474 τῷ
812 2402 930 2474 Θεῷ
965 2404 1053 2458 διὰ
1107 2404 1208 2476 τῆς
1249 2404 1484 2468 πίστεως
1535 2403 1765 2473 δύναμιν
1811 2404 1914 2457 θῶ-

1811 2404 1914 2457 θῶ-
2086 2402 2179 2459 29.
2211 2400 2270 2458 In
2297 2400 2409 2459 Deo
2429 2417 2527 2474 per
2556 2402 2715 2458 tidem
2741 2402 2997 2458 virtutem
3028 2398 3364 2471 reponimus.

373 2512 429 2547 εν
488 2495 508 2549 1
548 2534 560 2548 .

327 2511 372 2565 μ
397 2495 486 2641 501
514 2495 624 2642 Kal
643 2587 805 2651 αὐτὸς
825 2587 1070 2653 ἀσθενεῖς
1092 2589 1310 2659 ποιήσει
1328 2589 1454 2653 τοὺς
1471 2588 1698 2660 ἐχθροὺς
1723 2585 1900 2658 ἡμῶν.

1860 2605 1900 2642 ν.
2083 2584 2176 2642 50.
2202 2585 2267 2642 Ει
2291 2586 2410 2657 ipse
2438 2584 2686 2640 inﬁrmos
2714 2585 2900 2642 reddet
2925 2584 3178 2640 inimicos
3191 2578 3441 2640 ’nostros.

409 2761 473 2813 'H
505 2763 842 2836 προκειμένη
877 2765 1158 2837 ἐπιγραφὴ
1188 2767 1434 2837 περιέχει
1466 2766 1542 2836 (2)
1568 2783 1583 2796 ·
1614 2767 1742 2818 Ὅτι
1769 2766 1803 2818 ό
1831 2765 2074 2836 ψαλμὸς
2101 2767 2190 2831 εἰς
2215 2763 2288 2819 τὰ
2309 2763 2451 2832 τέλη
2473 2763 2698 2834 εἴρηται
2726 2765 2844 2819 τῶν
2868 2765 3222 2835 μελλόντων
3241 2763 3582 2836 συμϐήσεθ

321 2853 405 2920 τῷ
427 2855 612 2922 ἱκανῷ
642 2855 720 2924 τῇ
740 2858 913 2926 χειρὶ,
956 2859 1200 2911 τουτέστί
1227 2857 1305 2928 τῷ
1342 2857 1455 2928 Υἱῷ
1487 2856 1582 2911 τοῦ
1616 2857 1776 2911 Θεοῦ.

405 2945 620 3004 Titulus
649 2951 975 3022 prapositus
1004 2951 1248 3008 continet
1275 2969 1288 3005 :
1317 2951 1469 3017 Quod
1499 2949 1748 3006 Psalmus
1781 2951 1960 3008 dictus
1989 2961 2068 3010 est
2095 2955 2162 3010 de
2196 2953 2266 3009 iis
2295 2965 2414 3022 qua:
2449 2950 2502 3003 in
2538 2949 2637 3003 fine
2658 2957 2903 3004 eventura
2925 2960 3074 3004 erant
3105 2966 3265 3004 manu
3291 2949 3440 3019 forti,
3482 2949 3583 3002 hoc

326 3055 418 3100 est
440 3043 535 3101 Dei
559 3043 722 3102 Filio.

400 3221 447 3274 1.
490 3222 550 3275 Ὁ
583 3222 714 3287 Θεὸς
761 3224 788 3276 6
838 3223 1030 3295 Πατήρ
1067 3241 1192 3295 μου,
1223 3224 1250 3276 6
1293 3224 1452 3295 μόνος
1494 3240 1562 3295 με
1592 3222 1897 3292 γινώσκων,
1927 3229 1970 3288 C.

2070 3223 2122 3279 1.
2157 3222 2300 3282 Deus
2329 3225 2488 3281 Pater
2517 3240 2692 3293 meus,
2717 3225 2811 3294 qui
2837 3224 2987 3278 solus
3017 3239 3102 3278 me
3127 3222 3434 3294 cognoscis,
3465 3223 3584 3293 glo-

321 3310 423 3381 τὴν
456 3312 614 3376 δόξαν
648 3331 748 3384 μου
779 3315 1095 3386 φανέρωσον
1120 3316 1204 3380 τίς
1239 3317 1496 3388 ὑπάρχει.

1425 3335 1496 3375 ει.
2007 3313 2147 3369 riam
2175 3330 2353 3370 meam
2383 3313 2671 3369 manifesta
2697 3313 2874 3383 qualis
2903 3318 3004 3366 est.

395 3403 449 3458 2.
488 3405 608 3458 Ὅτι
637 3405 711 3468 ὠς
748 3405 844 3460 ἕνα
872 3406 981 3460 τῶν
1003 3407 1307 3480 ἀνθρώπων
1331 3402 1485 3472 οὗτος
1519 3411 1548 3463 6
1585 3408 1908 3483 ἁμαρτωλὸς

2079 3407 2134 3463 2.
2173 3406 2442 3473 Quoniam
2467 3406 2637 3462 veluti
2689 3406 2757 3460 ad
2807 3420 2977 3459 unum
3028 3419 3093 3459 ex
3130 3403 3462 3467 hominibus,
3509 3403 3583 3456 ita

318 3496 349 3547 6
385 3494 462 3563 (5)
523 3495 721 3559 Ἰούδας
755 3498 892 3567 μετά
941 3498 1090 3552 δόλου
1122 3495 1286 3572 ἦλθεν
1338 3500 1562 3572 φιλῆσαί
1608 3519 1676 3572 με
1700 3500 1899 3571 λέγων·

2007 3509 2261 3569 peccator
2293 3497 2462 3554 Judas
2503 3515 2627 3554 cum
2679 3499 2806 3555 dolo
2835 3499 2982 3554 venit
3008 3498 3075 3552 ad
3111 3496 3468 3552 osculandum
3496 3510 3581 3548 me

319 3585 520 3654 Χαῖρε,
554 3586 775 3642 Ῥαϐϐί.
2007 3590 2231 3645 dicens:
2263 3591 2391 3657 Ave,
2422 3590 2590 3644 Rabbi
2614 3591 2680 3644 ⁸⁹.

395 3678 448 3732 5.
487 3677 749 3733 Συνέθετο
785 3679 924 3750 μετά
949 3680 1058 3734 τῶν
1106 3682 1373 3735 Ἰουδαίων
1407 3685 1593 3736 λαὸετν
1627 3684 1704 3749 (4)
1733 3682 1902 3755 ἀργύ-

2078 3683 2132 3738 '5.
2163 3682 2430 3738 Convenit
2451 3698 2575 3737 cum
2598 3682 2804 3738 Judazis
2828 3689 3112 3752 argentum
3145 3681 3214 3734 ab
3235 3680 3316 3736 eis
3339 3679 3584 3750 accipere

323 3786 419 3842 ρια
449 3771 575 3841 παρ’
606 3772 806 3835 αὐτῶν,
848 3772 944 3825 καὶ
973 3774 1308 3844 παραδοῦναί
1340 3792 1428 3846 με.

897 3772 944 3825 xl
973 3774 1308 3844 παραδοῦναί
1340 3792 1428 3846 με.
2008 3783 2071 3829 ut
2105 3790 2189 3829 me
2215 3776 2478 3830 traderet.

396 3862 450 3917 4.
483 3865 593 3917 Kal
633 3863 1050 3936 βουλευσάμενοι
1085 3866 1404 3922 ἐκύκλωσάν
1441 3885 1528 3939 με.

2078 3870 2132 3924 4.
2167 3869 2233 3925 Et
2261 3871 2398 3926 inito
2424 3869 2654 3926 consilio
2679 3867 3155 3924 circumdederunt
3191 3882 3297 3922 me.

401 3955 452 4009 5.
489 3956 599 4009 Kal
635 3958 773 4027 μετά
801 3958 974 4026 ξύλων
1002 3961 1096 4013 καὶ
1132 3959 1415 4032 μαχαιρῶν
1463 3960 1711 4024 ἐλθόντες
1743 3961 1912 4034 ἐκρά-

2076 3963 2128 4018 5.
2169 3961 2384 4020 Etcum
2427 3962 2662 4032 fustibus
2705 3970 2760 4016 et
2787 3961 2981 4032 gladiis
3014 3960 3295 4016 venientes
3331 3973 3583 4027 compre-

323 4045 501 4117 τησάν
527 4064 593 4116 με
616 4048 838 4113 ἀδίκως.

2010 4056 2319 4112 benderunt
2351 4071 2438 4111 me
2465 4055 2684 4126 injuste.

399 4137 452 4192 6.
501 4139 674 4212 Ὑπὲρ
704 4135 777 4194 ὧν
798 4141 1029 4212 ὤφειλον
1057 4142 1277 4214 ἀγαπᾷν
1325 4161 1393 4216 με
1421 4185 1436 4211 ,
1466 4146 1545 4199 ὄτι
1592 4147 1716 4210 τοὺς
1749 4146 1911 4200 ἀσθε-

2079 4146 2133 4202 6.
2159 4145 2265 4203 Pro
2297 4148 2364 4202 iis
2398 4148 2470 4202 ob
2499 4163 2621 4218 quae
2649 4147 2914 4202 debebant
2940 4159 3026 4200 me
3045 4143 3289 4214 diligere,
3319 4141 3473 4214 quod.
3493 4158 3585 4198 eo—

323 4230 550 4296 νοῦντας
580 4233 758 4285 αὐτῶν
796 4235 1054 4306 ἰασάμην,
1078 4236 1418 4308 κατηγόρουν
1442 4255 1541 4309 μου
1576 4238 1676 4308 (5).

1576 4238 1676 4308 (5).
2008 4256 2130 4295 rum
2168 4239 2413 4294 inﬁrmos
2436 4238 2645 4302 sanavi,
2675 4238 3004 4294 accusabant
3038 4251 3143 4290 me.

400 4323 454 4376 7.
506 4325 648 4394 Ἐγὼ
675 4326 731 4378 δὲ
757 4328 1152 4399 προσηυχόμην
1170 4328 1341 4382 τύπον
1362 4333 1472 4393 τοῖς
1505 4331 1773 4402 μαθηταῖς
1807 4349 1907 4403 μου

2086 4331 2137 4387 7.
2171 4330 2282 4402 Ego
2314 4339 2494 4386 autem
2541 4331 2788 4394 orabam,
2832 4328 3140 4398 exemplum
3171 4326 3417 4396 pra:bens
3449 4328 3585 4382 meis

322 4414 502 4480 διδοὺς
539 4417 597 4470 ἐν
624 4417 802 4489 καιρῷ
837 4419 1150 4491 πειρασμοῦ
1181 4420 1356 4486 οὕτως
1378 4423 1802 4494 προσεύχεσθαι.

2012 4422 2297 4493 discipulis
2331 4430 2576 4491 tempore
2605 4419 2973 4474 tribulationis
3004 4418 3255 4474 similiter
3283 4431 3460 4472 orare.

396 4507 448 4562 8.
486 4509 595 4563 Kal
627 4508 834 4582 ῶρισαν
861 4512 1211 4585 ἀναιρεθῆναί
1255 4531 1324 4586 με
1367 4517 1489 4570 ἀντὶ
1514 4517 1620 4570 τῶν
1647 4517 1867 4586 ἀγαθῶν
1889 4559 1904 4584 ,
1940 4577 1973 4586 -

2082 4517 2136 4571 8.
2173 4514 2239 4569 Et
2283 4523 2590 4569 statuerunt
2629 4528 2716 4568 me
2771 4512 3076 4567 interﬁcere
3123 4525 3223 4580 pro
3266 4510 3425 4564 bonis
3466 4525 3588 4580 qua:

325 4592 401 4651 ὧν
425 4599 513 4652 ἀεὶ
549 4577 826 4672 παρέσχον
858 4577 1063 4667 αὑτοξς.
1109 4577 1121 4585 ’
1255 4577 1268 4586 ’
1695 4577 1706 4586 '
1891 4577 1900 4584 ’

1011 4607 1063 4667 ’ςο
1109 4577 1121 4585 ’
1255 4577 1268 4586 ¹
1695 4577 1706 4586 '
1891 4577 1900 4584 '
1937 4577 1981 4633 Β
2013 4623 2229 4678 semper
2253 4607 2334 4662 eis
2359 4607 2592 4677 praebui.‘

396 4691 448 4744 9.
487 4691 597 4745 Kal
633 4694 756 4747 ἀντί
780 4695 882 4767 τῆς
903 4696 1144 4768 ἀγάπης,
1172 4689 1241 4769 ἧς
1276 4697 1388 4766 ἐγὼ
1420 4698 1688 4769 ἠγάπησα
1717 4701 1913 4765 αὐτοὺς

2079 4703 2133 4756 9.
2161 4699 2227 4755 Et
2251 4716 2350 4771 pro
2377 4701 2670 4756 dilectione
2707 4715 2814 4771 qua
2855 4714 2950 4756 eos
2977 4714 3096 4772 _ego
3129 4698 3314 4766 dilexi,
3344 4697 3472 4751 odio
3505 4710 3588 4748 me

324 4781 426 4850 (6),
449 4783 674 4853 ἐμίσουν
703 4803 792 4856 με.

760 4803 792 4842 ε.
2011 4792 2341 4848 habuerunt.

401 4874 488 4938 10,
545 4876 630 4932 11.
681 4879 922 4950 Ἀρχέτω
975 4883 1178 4946 αὐτοῦ,
1240 4882 1334 4936 καὶ
1409 4881 1752 4954 κυριευσάτω
1817 4883 1911 4936 ἀπ’

2086 4881 2172 4948 10,
2209 4881 2294 4934 ll.
2321 4879 2380 4934 In
2429 4895 2495 4935 eo
2543 4879 2831 4949 imperium
2873 4894 2939 4934 ac
2965 4877 3395 4934 dominationem
3434 4886 3591 4926 excr-

326 4965 506 5036 ἀρχῆς
535 4967 613 5037 (7)
638 4970 961 5042 ἁμαρτωλὸς
985 4975 1012 5026 6
1039 4973 1302 5038 διάϐολος.
1578 5014 1582 5018 -

2010 4982 2130 5030 ceat
2151 4973 2424 5038 diabolus,
2458 4973 2549 5043 qui
2585 4972 2689 5026 fuit
2722 4973 2790 5026 ab
2818 4971 2974 5028 initio
3003 4979 3275 5040 peccator.

402 5055 491 5108 12.
531 5055 961 5131 Ἀναπολόγητος
988 5061 1130 5116 ἔστω
1152 5065 1209 5118 ἐν
1236 5066 1304 5137 τῇ
1321 5063 1506 5138 ἡμέρᾳ
1525 5064 1627 5136 τῆς
1656 5065 1890 5137 κρίσεως

1537 5064 1627 5136 τῆς
1656 5065 1890 5137 κρίσεως
2083 5067 2171 5122 12.
2204 5065 2596 5122 lnexcusabilis
2618 5067 2688 5121 sit
2717 5065 2771 5119 in
2799 5065 2886 5120 dic
2909 5062 3118 5136 judicii.

405 5237 450 5270 ³⁹
484 5236 673 5293 Matth.
708 5258 856 5308 xxvn,
890 5243 979 5298 49.

1282 5386 1592 5450 Addenda
1629 5395 1690 5452 et
1723 5388 2098 5469 corrigenda
2129 5405 2207 5452 ex
2235 5389 2377 5453 cod.
2415 5386 2611 5448 Vatic.

405 5547 484 5616 (ll
515 5549 656 5603 Auva
701 5549 950 5623 ωθῶμεν.
2080 5559 2155 5630 (4)
2189 5558 2520 5630 Λαμϐἀνειν.

405 5604 482 5676 (‘23
517 5619 580 5672 'H
605 5568 700 5676 διῖ
714 5621 816 5676 τῆς
839 5622 1208 5676 κινναϐάρεως
1229 5623 1468 5676 πεοιέιιει
1486 5641 1498 5655 ο
1519 5627 1612 5676 Εἰς
1647 5627 1706 5676 τὸ
1728 5629 1899 5676 τέλος-
2081 5631 2158 5676 im
2195 5632 2317 5676 Mm-

426 5604 1612 5708 ξλδξηἕιδιβῇςζκιιθοεδάρξωίτεεριέιξιοΕἰς
1647 5627 1899 5708 τετέλρς,
2081 5604 2158 5708 ἰὲἇ
2189 5604 2520 5708 ἷῦἷ’”.””’
2588 5691 2615 5708 .
2687 5695 2699 5708 .
2770 5691 2781 5708 ,
2888 5706 2907 5708 _

404 5624 482 5740 (ὶὲ)
517 5624 580 5672 Ἡ
605 5624 694 5704 διὰ
714 5624 816 5744 ἐἷς
839 5624 1217 5711 κινναϐάρεως
1229 5624 1468 5713 περιέχει
1486 5641 1498 5655 °
1519 5627 1612 5690 Εἰς
1647 5627 1706 5680 τὸ
1728 5629 1899 5693 τέλος,
2081 5624 2148 5696 ὅ
2195 5624 2318 5684 Μοί.
2687 5695 2699 5708 .
2770 5691 2781 5708 '
3021 5689 3033 5703 ,
3112 5687 3124 5702 ,

328 5689 410 5761 ψα
431 5689 548 5775 Ϋὺς
571 5708 650 5774 τερ
678 5695 754 5744 Λα
795 5693 860 5749 ίδ.
894 5695 1062 5748 Τουτο
1076 5711 1168 5748 ουν
1189 5693 1356 5765 οηλοι,
1413 5699 1528 5764 Οτι,
1555 5706 1657 5754 ctc.
1685 5699 1903 5770 Συμὸή-
2199 5701 2556 5775 ᾏγαπήλσεως
2583 5691 2650 5775 ἧς
2681 5706 2944 5775 ῃγαπῃσα
2978 5703 3172 5751 αυτους
3216 5683 3347 5757 ἐγώ,
3384 5693 3490 5741 εισι

331 5707 548 5813 limam;
571 5708 650 5774 es)
678 5707 860 5749 Δαοιο.
895 5707 1062 5748 ’[ουτο
1076 5707 1168 5748 ουν
1189 5707 1356 5765 οηΑοι,
1388 5707 1528 5764 "Uri,
1555 5707 1657 5754 etc.
1685 5707 1903 5770 Συμϋή-

331 5775 654 5842 κεραμείῳ
679 5776 782 5842 θω-

1324 5707 1356 5759 i,
1388 5707 1528 5764 «uti,
1555 5707 1657 5754 ctc.
1685 5707 1903 5770 Συμδη-
2084 5707 2156 5769 (6)
2199 5707 2556 5771 ,Αγαπήσεως
2583 5707 2650 5767 ὴς
2681 5707 2905 5775 wax“

2085 5771 2162 5842 (7)
2195 5771 2368 5824 Αὑτοῦ
2398 5772 2425 5823 6
2461 5770 2552 5823 ἀπ’
2581 5770 2773 5837 ὰρχης,
2803 5771 2905 5819 etc.

395 5831 484 5903 ιδ)
523 5831 576 5884 ’0
603 5831 772 5889 deest.
