2002 3106
224 169 295 202 U59
644 173 671 199 S.
693 172 879 201 ATHANASll
899 171 973 200 OPP.
994 171 1013 198 P

1046 170 1082 198 as
1097 170 1141 198 ΙΙΙ.
1161 184 1196 191 -
1214 169 1419 198 EXEGETICA.
1767 171 1836 198 ηιο

262 231 304 259 15.
320 231 353 258 Et
367 230 454 258 oratio
471 230 530 266 ejus
544 230 591 257 ﬁat
602 229 628 257 in
643 235 796 265 peccatum.
1016 233 1039 260 Α

1034 250 1039 259 _
1087 228 1130 255 15.
1149 228 1202 254 Καὶ
1213 228 1230 263 ἡ
1244 228 1383 264 προσευχὴ
1393 228 1475 254 αὑτοῦ
1489 228 1609 263 γενέσθω
1620 229 1661 261 είς
1679 229 1824 265 ἁμαρτίαν.

263 277 304 304 14.
320 276 399 304 Fiant
415 276 472 304 dies
485 276 543 311 ejus
556 276 634 312 pauci
649 284 656 303 :

1093 274 1135 300 Μ.
1154 273 1347 309 Γενηθήτωσαν
1361 274 1389 300 αἱ
1405 274 1505 310 ἡμέραι
1520 273 1601 300 αὐτοῦ
1618 274 1704 309 ὀλίγαι

263 323 304 350 15.
323 322 356 349 Et
372 322 555 357 episcopatum
571 322 630 357 ejus
641 322 755 358 accipiat
769 323 847 350 alter.

1093 320 1135 346 15.
1154 319 1209 346 Καὶ
1220 319 1269 355 τὴν
1283 319 1433 355 ἐπισκοπὴν
1446 318 1527 346 αὐτοῦ
1544 319 1620 345 λάϐοι
1630 319 1731 354 ἕτερος.

262 367 305 393 46.
321 365 400 392 Fiant
413 366 459 392 ﬁlii
475 365 534 400 ejus
545 366 678 401 orplrani:

1093 365 1135 391 16.
1150 365 1344 400 Γενηθήτωσαν
1359 365 1383 391 οἱ
1396 365 1449 391 υἱοὶ
1461 365 1542 391 αὑτοῦ
1558 365 1669 401 ὀρφανοί
1679 373 1685 380 ·

262 413 303 439 Π,
319 412 352 439 Ει
364 420 433 439 uxor
445 412 505 447 ejus
519 412 608 439 vidua.

1093 412 1136 439 Π.
1151 412 1205 438 Καὶ
1220 412 1236 447 ὴ
1253 411 1321 447 γυνὴ
1331 411 1411 438 αὐτοῦ
1424 412 1505 447 χήρα.

266 459 306 485 I8.
320 458 451 486 Nutantes
477 459 676 487 transferantur
702 459 749 487 ﬁlii
772 459 832 495 ejus
853 464 880 486 et
901 458 1005 486 mendi-

1095 457 1137 483 18.
1156 457 1332 492 Σαλευόμενοι
1351 457 1596 492 μεταναστήτωσαν
1618 457 1642 482 οἱ
1666 456 1720 483 υἱοὶ
1744 456 1838 487 αὑτοῦ,

228 509 289 532 cent
300 514 308 532 :

1060 504 1105 530 καὶ
1117 502 1351 538 ἐπαιτησάτωσαν·

264 552 306 578 t9.
322 550 470 586 Ejiciantur
482 552 515 579 de
528 552 742 580 habitationibus
753 552 822 580 suis.

1094 548 1137 575 19.
1155 548 1378 584 Ἐκὸληθήτωσαν
1390 549 1422 574 ἐκ
1436 548 1489 575 τῶν
1503 548 1650 575 οἰκοπέδων
1669 548 1768 574 αὐτῶν.

262 596 306 622 20.
322 594 464 623 Scrutatur
473 596 608 624 ienerator
620 605 729 626 omnem
740 598 916 626 substantiam
930 597 989 626 eius
998 607 1007 624 :

1093 594 1137 621 20.
1161 594 1376 630 Ἐξερευνησάτω
1389 594 1530 629 δανειστὴς
1549 594 1637 620 πάντα
1650 615 1656 626 ,
1680 594 1731 620 ὅσα
1746 593 1838 629 ὑπάρ-

558 661 560 663 .
1059 647 1101 674 χει
1118 647 1192 673 αυτῳ
1203 647 1210 654 ”

262 686 305 713 2l.
320 685 353 713 Et
368 687 497 722 diripiant
509 687 590 715 alieni
604 688 711 716 labores
724 689 793 723 ejus.
1013 690 1016 691 ⁷

1093 684 1137 711 21.
1147 684 1201 711 Καὶ
1206 684 1431 720 διαρπασάτωσαν
1439 684 1516 711 me:
1521 693 1570 720 ριοι
1575 685 1637 715 τοὺς
1645 685 1740 716 πόνους
1746 683 1838 710 αὑτοῦ.

262 732 306 759 22.
322 732 383 760 Non
394 733 429 761 sit
445 734 482 760 illi
496 734 602 768 adjutor

1095 730 1139 756 22.
1156 730 1200 765 Μὴ
1216 730 1363 765 ὑπαρξάτω
1375 729 1450 765 αὑτῷ
1466 730 1651 765 ἀντιλήπτωρ-

263 779 306 806 25.
326 778 379 807 Nec
394 780 429 807 sit
439 780 485 815 qui
503 780 663 807 misereatur
676 779 784 814 pupillis
798 779 868 814 ejus.

1094 777 1138 803 25.
1151 776 1227 811 Μηδὲ
1237 776 1378 812 γενηθήτω
1387 776 1535 810 οἰκτίρμων
1546 777 1601 807 τοῖς
1610 776 1736 810 ὀρφανοῖς
1748 774 1840 801 αὐτοῦ.

263 825 307 851 2i.
323 824 402 853 Fiant
420 825 475 852 nati
489 825 548 860 ejus
562 825 590 852 in
605 825 759 852 interitum:

1094 822 1139 848 24.
1156 822 1298 857 Γενηθήτω
1311 822 1345 848 τὰ
1358 821 1443 848 τέκνα
1457 820 1540 848 αὑτοῦ
1551 821 1591 852 εἰς
1605 820 1789 856 ὲξολόθρευσιν
1798 827 1805 836 ·

262 869 306 896 25.
325 869 354 897 In
372 871 544 905 generatione
560 879 613 899 una
628 871 749 898 deleatur
764 878 862 898 nomen
877 870 947 906 ejus.

1094 866 1138 893 25.
1159 867 1202 893 Ἐν
1217 867 1297 901 γενεᾷ
1315 867 1363 901 μιᾷ
1375 866 1546 901 ἐξαλειφθείη
1559 865 1589 892 ea
1600 866 1685 900 ὄνομα
1704 865 1796 892 αὐτοῦ.

263 914 306 942 26.
325 916 353 942 1n
366 917 523 944 memoriam
536 917 628 945 redeat
642 917 771 952 iniquitas
788 922 894 951 patrum
906 916 965 951 ejus
983 916 1009 943 in
1026 913 1046 940 Β

1094 913 1140 940 26.
1162 912 1360 948 Ἀναμνησθείη
1373 913 1390 948 ἡ
1413 912 1512 947 ἀνομία
1538 911 1592 938 τῶν
1616 911 1741 946 πατέρων
1760 910 1844 937 αὐτοῦ

229 967 372 996 conspectu
390 961 494 989 Domini
507 972 513 989 :

491 964 494 989 i
507 972 513 989 :
1061 959 1151 987 ἔναντι
1163 959 1264 995 Κυρίου
1275 967 1281 975 ·

263 1007 306 1033 2ἷ.
323 1007 355 1034 Et
368 1012 504 1042 peccatum
523 1009 617 1035 matris
630 1007 689 1044 ejus
704 1016 758 1035 non
772 1008 906 1036 deleatur.

1095 1007 1140 1034 27.
1156 1008 1211 1034 Καὶ
1226 1008 1243 1042 ἡ
1256 1007 1376 1043 ἁμαρτία
1390 1008 1439 1043 τῆς
1457 1008 1559 1043 μητρδς
1583 1007 1665 1033 αὐτοῦ
1689 1007 1725 1042 μὴ
1741 1007 1843 1039 ἐξαλει-

1064 1053 1152 1088 φθείη.

262 1096 306 1123 28.
321 1096 400 1124 Fiant
413 1102 506 1125 contra
520 1097 666 1126 Dominum
683 1105 788 1133 semper
805 1107 812 1125 :

1094 1098 1139 1126 28.
1154 1097 1349 1133 Γενηθήτωσαν
1362 1098 1482 1124 ἐναντίον
1494 1097 1596 1134 Κυρίου
1607 1097 1752 1128 διαπαντός
1765 1105 1772 1112 ε

262 1143 307 1170 29.
325 1142 357 1169 Et
371 1143 506 1178 dispereat
520 1144 554 1172 de
570 1149 643 1172 terra
662 1145 792 1171 memoria
808 1151 912 1171 eorum.

1094 1144 1138 1171 29.
1148 1143 1203 1169 Καὶ
1213 1143 1301 1175 same
1307 1143 1414 1179 ρευθείη
1422 1144 1454 1170 ἐκ
1464 1143 1515 1178 γῆς
1524 1143 1557 1176 τὺ,
1563 1143 1732 1178 μνημόσυνον
1742 1142 1841 1168 αὐτῶν.

262 1188 306 1215 50.
325 1188 376 1216 Pro
387 1197 420 1216 eo
434 1190 506 1224 quod
522 1198 576 1217 non
592 1194 634 1217 est
648 1190 808 1218 recordatus
821 1188 911 1216 facere
924 1189 1009 1216 mise—

910 1200 911 1213 ι
924 1189 1009 1216 mise—
1094 1189 1138 1216 50.
1159 1188 1231 1216 'AVB’
1243 1185 1280 1216 ὧν
1296 1188 1346 1215 οὐκ
1356 1188 1478 1224 ἐμνήσθη
1492 1188 1602 1224 ποιῆσαι
1612 1187 1700 1218 ἐλεος·

229 1233 392 1261 ricordiam:

795 1347 979 1375 ATHANASH
996 1345 1283 1376 INTERPRETATiO.

265 1447 307 1477 15.
326 1447 359 1476 Et
373 1456 421 1477 cor
437 1449 496 1484 ejus
511 1450 557 1478 ﬁat
568 1450 595 1477 in
607 1451 743 1478 tenebras.

1094 1448 1136 1476 l3.
1151 1448 1235 1484 Καὶὴ
1250 1447 1347 1485 καρδία
1360 1447 1441 1475 αὐτοῦ
1457 1446 1576 1482 γενέσθω
1586 1448 1625 1479 είς
1642 1448 1746 1478 σκότος.

264 1493 307 1520 M.
325 1493 424 1521 Eadem
438 1494 511 1522 enim
524 1495 568 1522 die
581 1495 676 1523 abiens
690 1503 720 1523 se
733 1495 883 1531 suspendit.

1094 1494 1136 1521 M.
1154 1494 1313 1531 Ᾱύθήμερον
1329 1495 1380 1530 γὰρ
1396 1493 1520 1521 ἀπελθὼν
1537 1493 1687 1528 ἀπήγξατο.

262 1540 307 1567 .5.
321 1540 459 1573 Matthias,
474 1549 529 1568 non
545 1545 634 1568 autem
652 1541 824 1576 publicanus.

721 1542 824 1569 icanns.
1095 1540 1136 1567 15.
1151 1540 1285 1572 Ματθίας,
1298 1540 1346 1575 οὐχ
1359 1541 1373 1566 ὁ
1385 1539 1511 1575 τελώνης.

261 1585 305 1612 16.
320 1585 407 1621 Opera
420 1586 479 1621 ejus
498 1585 614 1614 inutilia.

1095 1585 1138 1611 16.
1155 1585 1195 1612 Τὰ
1207 1585 1274 1621 ἔργα
1285 1584 1365 1612 αὐτοῦ
1384 1584 1487 1619 μάταια
1502 1583 1550 1619 (1).

262 1630 307 1678 ξῚ.
324 1630 463 1658 Ειιοηὶιηε
476 1632 535 1666 ejus
552 1632 667 1667 direpta.
1023 1650 1043 1678 ρ

1023 1650 1043 1678 C
1095 1631 1137 1657 17.
1155 1631 1210 1657 Καὶ
1226 1632 1243 1666 ὴ
1255 1630 1329 1666 ψυχὴ
1342 1629 1424 1657 αὑτοῦ
1441 1630 1654 1666 διαρπαζομένη.

263 1675 305 1702 18.
319 1677 349 1703 In
362 1681 482 1712 egestate
495 1677 648 1705 intellectus
663 1685 742 1705 mens
753 1678 813 1712 ejus
826 1677 965 1705 consistat.
1028 1675 1043 1678 ⁷

1095 1677 1139 1704 18.
1163 1677 1206 1704 Ἐν
1220 1676 1307 1712 ἐνδείᾳ
1318 1676 1451 1708 συνέσεως
1465 1676 1636 1704 καταστῶσιν
1651 1676 1678 1703 αί
1690 1676 1790 1711 φρένες
1802 1676 1847 1702 αι-

1060 1731 1115 1748 του.
1435 1743 1439 1745 μ

264 1763 307 1791 19.
325 1763 438 1791 Excidat
451 1764 486 1792 ab
501 1765 561 1800 ipso
578 1773 654 1793 mens
670 1766 729 1800 ejus
745 1766 779 1793 ob
793 1765 929 1800 improbas
945 1773 1009 1792 con-

1095 1767 1128 1794 l9
1158 1766 1382 1802 Ἐκὸληθήτωσαν
1394 1767 1442 1793 ἀπ’
1456 1766 1538 1793 αὑτοῦ
1550 1767 1577 1792 αἱ
1592 1765 1691 1801 φρένες
1702 1765 1785 1791 αὐτοῦ
1795 1765 1844 1791 ὑπὸ

228 1809 408 1838 cuniscentias
422 1810 534 1838 adnatas
549 1810 577 1838 in
591 1811 672 1838 corde
687 1818 748 1838 suo.

1059 1814 1112 1841 τῶν
1126 1814 1154 1840 ἐν
1164 1815 1197 1849 τῇ
1213 1813 1313 1850 καρδίᾳ
1325 1813 1407 1840 αὐτοῦ
1418 1813 1567 1849 τεχθέντων
1580 1813 1706 1848 πονηρῶν
1727 1812 1845 1847 ἐνθυμή-

1061 1867 1138 1885 σεων.

262 1899 306 1926 20.
319 1897 428 1926 Nullum
442 1903 583 1935 peccatum
604 1899 664 1926 eius
679 1898 844 1926 condonabit
865 1897 1008 1925 Dominus.

1093 1904 1137 1931 20.
1154 1904 1296 1940 Μηδεμίαν
1316 1904 1452 1941 ἁμαρτίαν
1472 1904 1509 1940 (2)
1534 1902 1615 1930 αὐτοῦ
1632 1903 1804 1938 συγχωρήσει
1832 1903 1843 1928 ὁ

1059 1949 1171 1985 Κύριος.

260 1987 304 2014 2|.
321 1987 354 2015 Et
382 1987 545 2015 adversariae
568 1991 714 2023 potestates
739 1988 952 2015 dominabuntur
982 1988 1008 2014 in

1093 1996 1136 2023 21.
1155 1996 1210 2023 Καὶ
1223 1995 1261 2032 (5)
1275 1997 1303 2022 αί
1320 1996 1440 2023 ἐναντίαι
1451 1995 1581 2030 δυνάμεις
1600 1994 1842 2030 κατακυριεύσουσι

227 2033 317 2060 anima
330 2038 357 2060 et
368 2034 498 2061 membris
514 2033 583 2069 ejus.

1059 2040 1106 2075 τῆς
1122 2039 1210 2074 ψυχῆς
1221 2039 1268 2067 καὶ
1279 2040 1334 2066 τῶν
1350 2040 1438 2075 μελῶν
1454 2040 1545 2067 αὑτοῦ.

263 2079 307 2106 22.
324 2078 421 2107 Nullus
433 2080 457 2107 ei
470 2080 576 2113 adjutor
590 2080 752 2107 inveniatur.

1093 2084 1136 2111 22.
1152 2084 1253 2120 Μηδεὶς
1267 2085 1366 2121 εὑρεθῇ
1381 2085 1475 2120 βοηθὸς
1493 2084 1581 2111 αὐτῶν

261 2125 304 2152 25.
324 2124 417 2160 Neque
432 2125 563 2153 Dominus
579 2127 740 2154 misereatur
760 2126 846 2154 ullius
870 2126 1007 2161 improba-

1094 2130 1139 2157 25.
1156 2130 1232 2166 Μηδὲ
1246 2131 1425 2167 οἱκτειρήσῃό
1440 2131 1541 2167 Κύριός
1556 2141 1582 2158 τι
1594 2131 1647 2158 τῶν
1662 2131 1750 2166 ἔργων
1762 2129 1842 2156 αὑτοῦ

228 2179 289 2199 rum
303 2172 362 2206 ejus
373 2172 521 2200 actionum.

470 2181 521 2200 um.
1058 2177 1111 2203 τῶν
1126 2177 1260 2212 πονηρῶν.

264 2217 307 2245 2i.
322 2217 409 2252 Opera
426 2219 495 2253 ejus.

1092 2223 1136 2250 24.
1154 2224 1194 2250 Τὰ
1209 2223 1276 2260 ἔργα
1291 2222 1372 2250 αὐτοῦ
1392 2223 1438 2259 (5).

261 2264 306 2292 25.
325 2264 422 2292 Statim
435 2272 468 2292 ex
483 2265 553 2292 libro
566 2265 722 2293 viventium.

1092 2270 1136 2296 25.
1152 2270 1322 2305 παραχρῆμα
1336 2271 1369 2297 ἐκ
1378 2270 1428 2305 τῆς
1446 2269 1535 2305 βίϐλου
1552 2269 1601 2304 τῆς
1616 2268 1703 2303 ζωῆς

262 2311 306 2338 26.
323 2310 433 2338 Patrum
453 2311 524 2346 ejus,
538 2311 584 2346 qui
606 2311 635 2338 in
649 2319 741 2339 eremo
764 2319 870 2347 semper
892 2312 1006 2340 Domino
1022 2321 1043 2347 ι)

1091 2316 1135 2343 26.
1153 2316 1213 2343 Τῶν
1228 2316 1358 2352 Πατέρων
1373 2316 1455 2343 αὑτοῦ
1473 2316 1527 2343 τῶν
1546 2316 1575 2342 ἐν
1589 2316 1621 2350 τῇ
1643 2314 1739 2350 ἐρήμῳ
1768 2313 1840 2339 ἐναν-

226 2355 360 2385 aJVersati
372 2361 446 2385 sunt.

1059 2361 1207 2396 τιουμένων
1220 2362 1262 2388 ἀεὶ
1277 2361 1316 2397 τῷ
1332 2363 1434 2398 Κυρίῳ.

260 2404 307 2430 27.
323 2403 480 2440 Synagogze.

1092 2408 1136 2434 27.
1157 2407 1211 2443 Τῆς
1227 2408 1400 2443 συναγωγῆς.

257 2449 301 2475 28.
318 2448 396 2476 Fiant
409 2458 515 2485 semper
527 2449 656 2478 contrarii
670 2449 794 2477 Domino.

1090 2453 1134 2480 28.
1150 2453 1346 2490 Γενηθήτωσαν
1355 2454 1393 2489 (6)
1403 2455 1447 2481 ἀεὶ
1463 2452 1663 2488 ἐναντιούμενοι
1681 2450 1720 2487 τῷ
1734 2447 1832 2483 Κυρίῳ·

261 2495 304 2522 29.
322 2495 356 2522 Et
384 2495 519 2531 dispereat
547 2497 581 2525 de
603 2502 674 2525 terra
702 2497 849 2525 viventium
875 2499 1005 2526 memoria

1092 2499 1136 2527 29.
1152 2500 1207 2526 Καὶ
1219 2500 1256 2535 (7)
1271 2500 1473 2535 ἐξολοθρευθείη
1494 2501 1527 2527 ἐκ
1547 2500 1597 2534 τῆς
1608 2499 1660 2533 γῆς
1668 2498 1722 2523 τῶν
1733 2495 1833 2529 ζώντων

223 2542 403 2575 pervicacium
418 2541 583 2570 Judazorum.

1058 2546 1088 2571 τὸ
1106 2546 1278 2581 μνημόσυνον
1296 2546 1349 2572 τῶν
1366 2547 1549 2573 ἀπειθούντων
1566 2544 1709 2572 Ἰουδαίων.

258 2586 302 2614 50.
319 2586 374 2616 Pro
388 2595 423 2616 eo
437 2589 509 2624 quod
522 2589 560 2617 ita
576 2590 711 2625 cogitavit.

1094 2591 1136 2618 30.
1162 2591 1231 2618 ‘AVO'
1247 2588 1284 2619 ὧν
1294 2591 1380 2624 οὕτως
1392 2593 1558 2628 ἐπενοήσατο
1572 2592 1610 2628 (8)

696 2686 850 2718 Addenda
868 2690 899 2718 et
914 2687 1100 2727 corrigenda
1116 2697 1156 2719 ex
1179 2688 1248 2719 cod.
1266 2689 1367 2720 Vatiu.

369 2762 478 2802 μάταια.
507 2798 512 2802 ⁵
1089 2765 1128 2799 (5)
1141 2765 1240 2802 Αὑτοῦ,
1261 2766 1346 2799 λέγει.

313 2797 556 2836 t}'07.(;)'d11t1‘07£1‘l,
574 2805 626 2826 etc.

533 2807 556 2829 ν,
574 2805 626 2826 etc.
1139 2795 1323 2828 Γενέσονωσαν.

260 2828 476 2870 ἑφέἔιίὶίεβέιζ
510 2867 540 2870 .-
594 2867 600 2870 ,
628 2867 640 2870 -

529 2867 540 2870 -
594 2867 600 2870 ,
628 2867 640 2870 _
1090 2828 1134 2870 ἔτ’)
1155 2836 1209 2862 Kal
1224 2837 1307 2863 deest.

258 2863 294 2897 μ)
309 2864 441 2900 Εὑρεθείη
457 2867 559 2901 βοηθῶν
571 2867 654 2903 αὐτῷ.
1088 2863 1132 2906 (si
1149 2871 1333 2906 ’Δπενοήσατο
