4004 6212
325 331 460 386 HM
1243 324 1333 379 DE
1370 325 1410 379 Τ
1417 322 1644 380 ITULIS
1677 319 2125 378 PSALMORUM.
2158 350 2228 362 —-
2263 315 2454 372 PSAL.
2494 314 2675 372 CVIII.
3411 315 3554 372 H42

398 444 481 499 51.
519 441 625 496 Kal
649 441 967 507 κατεδίωξεν
995 441 1278 512 ἄνθρωπον
1303 442 1510 511 πένητα
1538 441 1631 494 καὶ
1654 439 1886 510 πτωχὸν,
1917 445 1967 502 Α

2064 434 2154 490 51.
2185 433 2250 487 Ει
2278 439 2597 504 persecutus
2628 439 2710 486 est
2745 431 3021 486 hominem
3049 430 3264 502 inopem
3293 438 3346 486 et
3393 446 3548 485 men-

1993 529 2172 582 dicum

397 618 483 672 52.
514 615 622 669 Kal
641 613 1108 684 κατανενυγμὲνον
1132 614 1195 683 τῇ
1226 611 1421 683 καρδίᾳ
1445 611 1538 665 τοῦ
1563 609 1888 664 θανατῶσαι.

1993 546 2199 593 mcum,

1652 609 1888 664 νατῶσαιι
2068 619 2154 675 52.
2191 619 2256 672 Ει
2282 625 2670 687 compunctum
2701 614 2865 670 corde
2889 615 3233 670 mortiﬁcare.

398 711 487 763 55.
514 707 624 760 Kal.
648 706 901 776 ἠγάπησε
938 705 1204 776 κατάραν,
1228 705 1322 757 καὶ
1353 703 1471 773 ἥξει
1491 702 1636 774 αὑτῷ
1655 719 1666 732 ·

2062 712 2150 767 55.
2183 711 2247 764 Et
2275 709 2464 765 dilexit
2490 707 2952 773 maledictionem,
2983 707 3236 777 etlveniet
3257 707 3305 761 ei
3331 725 3343 762 :

397 800 485 854 54.
513 800 622 852 Kal
650 801 749 852 οὐκ
779 797 1046 869 ἠθέλησεν
1072 796 1321 865 εὐλογίαν
1348 835 1361 859 ,
1399 797 1493 848 καὶ
1527 794 1896 866 μακρυνθήσε-

2063 803 2156 860 54.
2183 803 2249 857 Ει
2269 802 2444 858 noluit
2461 800 2914 864 benedictionem,
2943 808 2997 855 et
3017 799 3356 871 elongabitur
3380 799 3448 853 ab
3469 812 3553 853 eo.

328 908 417 943 ται
445 891 539 942 ἀπ’
570 888 755 942 αὐτοῦ.

402 983 486 1037 55.
521 983 631 1035 Kal
668 980 956 1035 ἐνεδύσατο
983 980 1226 1054 κατάραν
1248 980 1322 1044 ὡς
1345 980 1557 1050 ἱμάτιον
1578 996 1590 1008 ·

2065 984 2154 1038 55.
2188 982 2254 1036 Et
2283 982 2461 1037 induit
2495 980 2928 1036 maledictionem
2972 981 3113 1035 sicut
3136 979 3554 1035 vestimentum:

401 1071 488 1126 56.
521 1071 631 1124 Kal
657 1071 905 1141 εἰσῆλθεν
935 1070 1065 1123 ὡσεὶ
1111 1069 1252 1140 ὕδωρ
1285 1071 1364 1132 εἰς
1391 1068 1460 1121 τὰ
1486 1067 1688 1136 ἔγκατα
1711 1065 1896 1121 αὐτοῦ’

1818 1065 1896 1120 οὖ“
2067 1074 2153 1129 56.
2187 1073 2252 1127 Et
2282 1073 2502 1128 intravit
2535 1073 2679 1128 sicut
2702 1087 2842 1142 aqua
2873 1071 2926 1126 in
2959 1071 3216 1127 interiora
3246 1071 3399 1142 ejus:

401 1165 489 1218 57.
519 1165 625 1217 Kal
647 1163 778 1216 ὡσεὶ
809 1163 990 1216 ἔλαιον
1017 1165 1075 1215 ὲν
1105 1165 1216 1226 τοῖς
1240 1161 1451 1224 ὀστέοις
1477 1159 1662 1216 αὑτοῦ.

1562 1159 1662 1216 τοῦ.
2069 1166 2158 1221 57.
2194 1164 2261 1219 Et
2286 1167 2428 1220 sicut
2461 1165 2642 1220 oleum
2671 1164 2724 1218 in
2760 1163 2977 1220 ossibus
3009 1163 3143 1233 eius.

406 1255 496 1310 3S.
529 1255 815 1326 Γενηθήτω
849 1254 995 1326 αὐτῷ
1017 1254 1090 1318 ὡς
1125 1254 1335 1325 ἱμάτιον
1363 1253 1390 1306 ὃ
1420 1253 1820 1324 περιϐάλλεται·

2072 1257 2160 1312 58.
2197 1257 2316 1311 Fiat
2346 1257 2395 1312 ei
2422 1258 2564 1314 sicut
2593 1258 2978 1312 vestimentum
3015 1273 3124 1326 quo
3147 1256 3423 1326 operitur:

405 1347 491 1402 39.
536 1346 637 1398 Kal
669 1345 799 1398 ὡσεὶ
828 1345 970 1417 ζώνη
999 1347 1064 1416 ἢν
1087 1345 1374 1409 διαπαντὸς
1401 1345 1810 1417 περιζώννυται.

1788 1385 1810 1398 η.
2072 1348 2161 1403 59.
2204 1347 2269 1402 Et
2295 1349 2436 1405 sicut
2467 1365 2605 1405 zona
2633 1365 2742 1419 qua
2767 1365 2980 1420 semper
3006 1349 3369 1421 praecingitur.

404 1437 493 1490 40.
529 1437 696 1491 Τοῦτο
721 1437 782 1491 τὸ
810 1437 968 1508 ἔργον
991 1437 1098 1492 τῶν
1144 1437 1592 1492 ὲνδιαϐαλλόντων
1638 1455 1704 1509 με
1757 1437 1905 1508 παρὰ

2074 1439 2162 1493 40.
2197 1438 2311 1496 Hoc
2361 1456 2498 1511 opus
2529 1455 2740 1506 eorum,
2772 1441 2866 1512 qui
2903 1441 3198 1498 detrahunt
3242 1440 3375 1495 mihi
3422 1437 3561 1508 apud

337 1525 560 1599 Κυρίου,
1563 1593 1565 1596 γ

1561 1593 1565 1608 ξ
2005 1529 2316 1594 Dominum,

406 1618 495 1671 4i.
550 1617 656 1672 Καὶ
705 1619 813 1673 τῶν
857 1619 1160 1675 λαλούντων
1215 1621 1425 1693 πονηρά
1478 1621 1616 1675 κατά
1671 1622 1769 1692 τῆς
1808 1621 1908 1691 ψυ-

2076 1622 2164 1676 41.
2203 1619 2269 1675 Et
2317 1620 2410 1691 qui
2469 1619 2770 1692 loquuntur
2824 1623 2968 1678 mala
3016 1621 3276 1679 adversus
3327 1620 3563 1676 animam

335 1711 438 1781 χῆς
480 1727 599 1782 μου.

2010 1728 2201 1768 meam.

411 1802 499 1857 4?...
523 1801 626 1855 Kal
649 1803 733 1868 σὺ,
758 1801 930 1876 Κύριε
947 1803 1143 1876 Κύριε,
1163 1803 1385 1874 ποίησον
1419 1806 1533 1876 μετ’
1551 1804 1683 1874 ἐμοῦ
1717 1804 1902 1877 [ἕλεος]
1939 1793 1981 1850 Β

2076 1805 2160 1858 42.
2193 1803 2257 1858 Ει
2282 1813 2359 1869 ιιι,
2395 1806 2625 1861 Domine
2668 1803 2914 1873 Domine,
2949 1806 3036 1862 fac
3060 1808 3295 1861 'mecum
3335 1803 3569 1858 [miscrio

339 1893 523 1953 ἕνεκεν
555 1893 648 1946 τοῦ
688 1895 948 1965 ὀνόματός
975 1911 1089 1948 σου*

2013 1895 2275 1969 cordiam]
2305 1905 2522 1968 propter
2558 1912 2752 1952 nomen
2795 1906 2978 1952 tuum:

411 1987 500 2041 45.
537 1988 659 2041 Ὀτι
687 1988 919 2063 χρηστὸν
955 1987 1013 2041 τὸ
1039 1987 1182 2051 ἔλεός
1217 2005 1308 2041 σου
1339 1986 1579 2060 [Κύριε].

2080 1986 2167 2040 45.
2199 1986 2337 2052 Quia
2367 1987 2553 2042 suavis
2577 1987 2947 2044 misericordia
2973 1995 3064 2043 tua
3100 1985 3373 2059 [Domine]

413 2078 500 2131 44.
539 2077 724 2132 Ῥὖσαί
760 2096 848 2149 με,
875 2079 954 2132 ὅτι
977 2080 1186 2150 πτωχὸς
1218 2078 1312 2131 καὶ
1350 2077 1516 2151 πένης
1543 2077 1659 2150 είμὶ
1687 2076 1814 2147 ἐγώο

2080 2077 2169 2131 44.
2203 2077 2396 2132 Libera
2420 2094 2505 2133 me
2531 2078 2656 2147 quia
2678 2093 2882 2150 egenus
2905 2087 2961 2134 et
2987 2093 3195 2149 pauper
3220 2091 3322 2147 ego
3346 2093 3464 2132 sum
3487 2095 3497 2129 :

415 2169 504 2222 45.
541 2169 649 2223 Kal
684 2170 935 2241 ήκαρδία
965 2188 1063 2241 μου
1093 2169 1417 2241 τετάρακται
1446 2169 1595 2234 ἐντός
1628 2186 1729 2239 μου

2090 2169 2180 2224 45.
2210 2169 2276 2225 Et
2303 2185 2396 2226 cor
2427 2187 2608 2227 meum
2636 2172 3015 2227 conturbatum
3045 2180 3130 2226 est
3157 2171 3296 2226 intra
3327 2185 3428 2224 me.

415 2261 502 2315 46.
537 2262 678 2314 Ὠσεὶ
703 2262 827 2316 σκιὰ
851 2264 907 2316 ὲν
930 2263 1008 2333 τῷ
1036 2263 1277 2318 ἐκκλῖναι
1303 2261 1489 2333 αὐτὴν,
1526 2261 1912 2335 άντανῃρέθην·

1866 2277 1912 2315 ν·
2080 2258 2167 2313 46.
2202 2257 2352 2314 Sicut
2379 2262 2571 2316 umbra
2599 2277 2722 2316 cum
2753 2261 3006 2328 declinat,
3043 2261 3257 2316 ablatus
3285 2275 3408 2315 sum
3436 2277 3447 2312 :

415 2351 503 2406 47.
545 2351 917 2424 Ἑξετινάχθην
947 2352 1077 2406 ὡσεὶ
1107 2352 1345 2425 ἀκρίδες.

2080 2349 2170 2402 47.
2203 2347 2270 2403 Et
2290 2363 2557 2406 excussus
2588 2366 2709 2407 sum
2739 2351 2881 2406 sicut
2906 2351 3147 2407 locustae.

1467 2524 1844 2580 ATHANASII
1885 2525 2470 2584 lNTERPRETATIO.

422 2683 512 2737 5i.
550 2683 663 2737 Kal
683 2679 973 2744 κατεδίωξε
999 2679 1088 2733 τὸν
1113 2679 1364 2734 πλούσιον
1392 2679 1482 2733 τὸν
1516 2679 1581 2734 δι’
1613 2681 1757 2752 ἡμᾶς
1779 2699 1924 2734 πτω-

2091 2683 2181 2736 51.
2212 2680 2279 2736 Ει
2319 2692 2642 2753 persecutus
2671 2693 2755 2741 est
2791 2683 3009 2740 divitem
3054 2690 3272 2755 propter
3316 2700 3416 2740 nos
3449 2700 3580 2755 pau-

347 2774 640 2845 χεύσαντα.

2017 2790 2199 2846 perem
2243 2775 2463 2831 factum.

423 2865 514 2921 52.
548 2867 590 2918 Τ
592 2865 652 2920 ὸν
677 2866 850 2937 πρᾷον
879 2867 945 2936 τῇ
968 2864 1182 2938 καρδίᾳ.

1020 2864 1182 2938 ιρδίᾳ.
2090 2869 2177 2922 52.
2214 2867 2394 2922 Mitem
2423 2867 2601 2923 corde.

424 2959 510 3012 55.
539 2957 645 3011 Kal
669 2959 702 3030 ὴ
732 2957 920 3028 ἀγάπη
950 2957 1022 3028 (1)
1063 2956 1310 3020 θάνατον,
1346 2957 1439 3009 καὶ
1462 2954 1582 3026 ἧξεί
1611 2955 1814 3034 αὺγτοῖς.

1578 2997 1582 3007 ,
1611 2955 1814 3034 aegon.
2084 2958 2173 3012 55.
2210 2957 2276 3012 Ει
2305 2957 2493 3013 dilexit
2521 2965 2775 3025 mortem,
2806 2967 2860 3014 et
2888 2958 3066 3013 veniet
3091 2959 3159 3013 ei.

425 3049 511 3104 '54.
545 3049 654 3104 Kal
697 3050 798 3103 οὐκ
835 3047 1068 3120 ἠθέλησε
1101 3049 1199 3120 τὴν
1229 3047 1443 3103 αἰώνιον
1468 3047 1632 3120 ζωὴν,
1667 3047 1760 3100 καὶ
1786 3049 1919 3101 άπο-
1945 3081 1988 3140 C

1852 3062 1919 3100 ιο·
1945 3081 1988 3140 C
2089 3049 2176 3103 54.
2210 3048 2275 3104 Et
2298 3049 2470 3104 noluit
2499 3049 2662 3104 vitam
2687 3058 2963 3116 aeternam,
2985 3057 3040 3105 ct
3064 3047 3237 3104 aberit
3259 3046 3328 3102 ab
3353 3061 3433 3101 eo.

354 3143 612 3213 στήσεται
636 3141 730 3194 ἀπ’
757 3140 942 3197 αὐτοῦ.

425 3233 513 3288 55.
540 3233 642 3287 Τὸν
672 3233 898 3287 θάνατον
921 3233 996 3297 ὡς
1024 3232 1256 3303 ἱμάτιον.

2095 3232 2183 3288 55.
2211 3232 2438 3288 Mortem
2469 3243 2529 3287 ut
2555 3232 2952 3287 vestimentum.

426 3325 517 3379 56.
559 3325 800 3394 Πρηνὴς
826 3325 934 3395 γὰρ
960 3326 1277 3394 γενόμενος
1299 3322 1563 3389 ἐλάκτισε
1583 3320 1795 3392 μέσος,
1823 3320 1921 3374 καὶ

2099 3326 2184 3380 56.
2222 3325 2287 3380 Ει
2320 3341 2598 3397 suspensus
2645 3326 2841 3395 crepuit
2885 3323 3086 3379 medius
3107 3362 3122 3389 ,
3145 3331 3194 3377 et
3241 3319 3436 3390 diffusa
3467 3325 3585 3373 sunt

354 3417 614 3485 ἐξεχύθη
635 3415 830 3470 πάντα
860 3416 932 3469 τὰ
959 3414 1284 3484 σπλάγχνα
1316 3412 1521 3467 αὑτοῦ.

1066 3414 1284 3484 ιάγχνα
1316 3412 1521 3467 αὑτοῦ.
2030 3420 2205 3473 omnia
2227 3420 2425 3474 viscera
2447 3420 2558 3490 ejus
2581 3418 2647 3472 “.

429 3509 517 3562 37.
550 3506 852 3580 Περιεχύθη
876 3510 903 3561 ὁ
926 3507 1150 3571 θάνατος
1184 3509 1241 3560 ὲν
1276 3509 1386 3569 τοῖς
1416 3505 1632 3576 μέλεσιν
1667 3501 1852 3557 αὐτοῦ.

2102 3511 2189 3566 57.
2224 3507 2639 3564 Circumdiﬂ‘usa
2666 3517 2748 3564 est
2780 3522 2927 3562 mors
2955 3505 3011 3560 in
3036 3502 3294 3559 membris
3319 3500 3457 3572 ejus.

430 3600 518 3656 58.
559 3600 738 3654 Ἔστω
773 3600 888 3672 μετ’
929 3599 1093 3655 αὐτοῦ
1139 3597 1225 3652 διὰ
1259 3597 1454 3662 παντὸς
1510 3599 1544 3668 ἡ
1575 3596 1649 3666 (2)
1685 3593 1928 3667 ἁμαρτία

2103 3603 2192 3657 58.
2223 3601 2305 3657 Sit
2346 3617 2471 3658 cum
2521 3601 2642 3672 ipso
2671 3615 2886 3670 semper
2925 3606 3206 3670 peccatum
3247 3591 3591 3650 circumdans

360 3711 430 3747 πε
437 3692 838 3765 ριπτυσσομὲνη
867 3692 1048 3746 αὐτόν.
2035 3709 2182 3748 eum.

433 3787 520 3843 59.
549 3785 919 3859 Περισφὶγγου
946 3785 1020 3854 (5)
1047 3783 1208 3838 αὐτὸν
1227 3781 1333 3835 ἀεί.

2110 3787 2198 3842 59.
2231 3785 2563 3857 Coaugustet
2583 3798 2706 3839 eum
2739 3797 2971 3852 semper.

432 3877 522 3936 40.
559 3878 729 3932 Τοῦτο
753 3877 993 3948 γενέσθω
1021 3877 1113 3930 ἐπὶ
1167 3875 1257 3929 τὸν
1300 3872 1540 3928 διάὸολον
1563 3870 1653 3924 καὶ
1684 3869 1808 3932 τοὺς
1835 3869 1934 3937 ἀγ-

1864 3883 1934 3937 ιγ·
2037 3879 2192 3951 ικ40.
2215 3877 2331 3934 Hoc
2356 3879 2450 3933 tiat
2475 3885 2662 3934 contra
2681 3873 2956 3930 diabolum
2989 3881 3042 3927 et
3065 3868 3284 3940 angelos
3314 3867 3445 3937 ejus.

361 3971 556 4041 γέλους
581 3971 764 4027 αὑτοῦ.

435 4064 526 4119 41.
553 4065 664 4118 Kal
699 4059 888 4136 [κατὰ]
917 4061 1022 4115 τῶν
1062 4057 1317 4113 ἐναντίων
1338 4055 1640 4126 δυνάμεων,
1667 4051 1773 4104 τῶν
1807 4066 1937 4119 συμ-

2112 4061 2201 4115 4|.
2230 4057 2297 4112 Ει
2315 4053 2552 4131 [contra]
2567 4051 2909 4108 adversarias
2934 4055 3246 4120 potestates,
3269 4057 3390 4115 quae
3410 4041 3598 4098 ineunt

365 4155 764 4226 ϐουλευομένων
795 4150 1088 4207 ἀπολέσθαι
1121 4148 1194 4220 (4)
1223 4149 1321 4220 τὴν
1354 4145 1529 4216 ψυχήν
1563 4159 1684 4215 μου.

1563 4159 1684 4215 μου·
2043 4155 2294 4218 consilia,
2322 4161 2382 4208 ut
2416 4150 2645 4222 perdant
2670 4147 2906 4202 animam
2936 4159 3133 4198 meam.

442 4246 527 4300 42.
551 4244 656 4299 Kal
678 4247 765 4311 σὺ,
800 4243 965 4314 Κύριε
997 4241 1185 4314 Κύριε,
1220 4240 1300 4293 ὅτι
1322 4237 1382 4292 τὸ
1411 4235 1582 4308 ὄνομά
1615 4251 1708 4287 σου
1752 4231 1937 4303 φιλάν-

2110 4249 2199 4304 42.
2232 4247 2300 4302 Et
2327 4255 2406 4314 tu,
2428 4243 2651 4298 Domine
2680 4239 2926 4306 Domine,
2948 4235 3202 4308 quoniam
3223 4243 3421 4286 nomen
3446 4233 3599 4282 tuum

369 4341 587 4412 θρωπον
611 4337 825 4409 λέγεται
880 4335 973 4389 καὶ
1001 4333 1170 4398 ἐστὶν,
1195 4331 1366 4394 οὕτως
1398 4327 1491 4383 καὶ
1543 4325 1765 4396 ποίησον
1823 4321 1937 4393 μετ’

1915 4321 1937 4375 θ
2044 4341 2340 4412 benignum
2364 4337 2581 4400 dicitur,
2612 4340 2667 4390 et
2699 4340 2801 4398 est,
2830 4330 2903 4385 ita
2933 4328 3096 4382 etiam
3127 4324 3211 4380 iac
3239 4334 3452 4378 mecum
3484 4337 3496 4375 :

366 4431 504 4495 ἐμοῦ
519 4449 532 4462 ·
1971 4437 2018 4495 Ῑ)

401 4450 532 4578 μίἒ.
557 4523 680 4576 Ὅτι
703 4519 904 4590 ἀγαθὸν
929 4517 989 4572 τὸ
1007 4514 1152 4579 ἔλεός
1177 4530 1290 4567 σου.
1971 4450 1982 4494 1

1971 4450 2018 4495 υ
2114 4523 2208 4578 45.
2238 4517 2505 4588 Quoniam
2535 4515 2680 4571 bona
2711 4508 3083 4566 misericordia
3113 4514 3225 4560 tua.

441 4616 531 4670 44.
570 4614 760 4669 Ῥὕσαί
793 4631 882 4684 με,
927 4613 1010 4666 ὅτι
1041 4609 1252 4681 πτωχός
1281 4608 1418 4678 εἰμι,
1449 4605 1543 4659 xal
1595 4600 1763 4672 πένης
1793 4599 1850 4654 ὲν
1881 4599 1949 4670 τῇ

2117 4615 2206 4670 44.
2244 4613 2437 4668 Libera
2457 4623 2564 4675 me,
2588 4604 2843 4677 quoniam
2867 4599 3151 4656 mendicus
3182 4602 3237 4652 et
3257 4597 3462 4665 pauper
3487 4600 3607 4645 sum

374 4709 520 4781 ἰσχύϊ
545 4708 643 4779 τῆς
663 4707 839 4779 ψυχῆς
873 4722 992 4776 μου.

2048 4710 2103 4766 in
2135 4704 2453 4763 fortitudine
2479 4702 2675 4758 animae
2701 4712 2849 4753 meae.

444 4777 534 4855 45.
564 4777 669 4855 Kal
701 4777 964 4872 ὴῃκαρδία
997 4812 1097 4868 μου
1120 4795 1176 4847 ὲν
1191 4791 1361 4861 άγῶνι
1391 4786 1568 4859 πολλῷ
1595 4785 1949 4878 καθέστηκεν

1849 4797 1949 4836 ίεΨ
2122 4802 2212 4855 45.
2242 4798 2308 4853 Et
2333 4813 2428 4852 cor
2455 4809 2636 4849 meum
2669 4791 2722 4846 in
2747 4803 2919 4859 agone
2951 4783 3123 4841 multo
3148 4777 3390 4836 constitit
3405 4791 3430 4878 ι.

445 4893 535 4948 46.
582 4889 978 4961 Ἀσθενησάσης
1026 4885 1194 4956 αὐτῆς
1235 4883 1327 4938 καὶ
1380 4879 1704 4948 ὲκκλινάσης
1732 4874 1942 4948 [Ἀσθε-

2120 4893 2211 4948 46.
2241 4891 2420 4961 Ipsum
2446 4895 2626 4942 autem
2652 4883 3007 4943 inﬁrmatum,
3036 4883 3090 4932 et
3111 4873 3389 4942 delapsum
3419 4873 3472 4918 in
3493 4875 3611 4932 pee-

375 4985 618 5056 νήσασαν
655 4981 825 5052 αὐτὴν
853 4979 948 5035 καὶ
1006 4973 1350 5046 ἑκκλίνασαν]
1391 4975 1472 5036 εἰς
1506 4968 1782 5042 ἁμαρτίαν
1819 4966 1945 5019 ὲθα-

1175 4973 1350 5046 ιασαν]
1391 4975 1472 5036 εἰς
1506 4968 1782 5042 ἁμαρτίαν
1819 4966 1945 5019 ὲθα-
2053 4998 2234 5046 catum
2260 4983 2418 5040 morti
2448 4978 2756 5044 tradidisti..

375 5078 623 5139 νάτωσας
649 5073 747 5144 (5).

451 5169 539 5222 47.
567 5165 907 5237 Κατερῤίφην
949 5162 1058 5218 ἀπὸ
1084 5160 1192 5215 τῶν
1238 5157 1436 5229 ἀερίων
1483 5153 1805 5222 πνευμάτων
1840 5149 1947 5204 τῶν

2127 5168 2219 5223 47.
2253 5163 2536 5233 Projectus
2557 5173 2676 5214 sum
2707 5155 2776 5212 ab
2798 5152 2957 5209 aeriis
2991 5143 3284 5204 immundis
3310 5136 3606 5212 spiritibus.

380 5261 726 5332 ἀκαθάρτων.

481 5382 501 5411 ο
540 5382 607 5411 Δ..

456 5382 501 5412 ι.
597 5397 607 5410 .

532 5380 649 5432 Αίίο
679 5393 718 5443 ¹’
750 5375 835 5430 1⁸⁸
1331 5455 1637 5519 Addenda
1678 5459 1739 5516 ει
1797 5444 2170 5525 corrigenda
2216 5457 2291 5502 ex
2343 5434 2712 5501 cod.Vatic.

2116 5593 2194 5662 (4)
2232 5586 2536 5662 ξᾼπολέσαι.

578 5619 914 5734 Ξὲγιῇᾘῗεν,
943 5621 1070 5676 em”
1105 5608 1270 5677 αὐτῷ,
2116 5608 2204 5734 ςἕ)
2235 5608 2745 5728 ἓῗῗτῗνσῗμαρτίαν
2774 5639 3107 5712 ὶθανατώθη.

463 5694 541 5757 (2)
578 5692 649 5746 ἰι
669 5690 830 5744 deest.

464 5754 544 5834 (5)
577 5761 682 5814 Kal
710 5754 1161 5832 περισφίγγουσα,
1193 5757 1296 5805 etc.
