4004 6212
313 360 453 419 {MS

623 479 867 550 Ψαλμὸς
895 480 975 548 τῷ
1017 483 1212 537 Δαϐίδ.
1252 477 1420 539 ΨᾹΛ.
1446 489 1575 541 ΡΘν.

386 570 433 622 1.
472 565 639 625 Εἶπεν
686 573 715 625 6
742 573 945 645 Κύριος
972 575 1050 646 τῷ
1102 577 1293 648 Κυρίῳ
1328 595 1451 648 μουο
1484 578 1667 633 Κάθου
1692 581 1757 634 ἐκ
1801 580 1889 634 δε-

310 660 437 729 ξιῶν
466 680 588 733 μουο

382 756 435 809 2.
470 757 612 821 Ἕως
642 757 707 812 ἂν
732 757 810 812 θῶ
858 762 984 826 τοὺς
1035 762 1263 835 ἐχθρούς
1318 781 1413 819 σου
1444 765 1731 820 ὑποπόδιον
1780 767 1889 822 τῶν

312 847 488 902 ποδῶν
522 866 639 904 σου.

381 940 433 994 5.
471 940 693 996 Ῥάϐδον
731 942 1014 1016 δυνάμεως
1046 945 1397 1013 ἐξαποστελεῖ
1439 964 1522 1002 σοι
1576 947 1781 1014 Κύριος
1822 951 1888 1003 ἐκ

309 1028 448 1084 Σιών
467 1045 482 1060 ·

380 1121 433 1177 4.
463 1120 568 1177 Καὶ
599 1127 965 1199 κατακυρίευε
997 1127 1056 1180 ἐν
1082 1127 1230 1200 μέσῳ
1261 1128 1370 1183 τῶν
1402 1129 1611 1202 ἐχθρῶν
1639 1149 1752 1187 σου.

378 1212 432 1268 5.
470 1213 624 1268 Μετά
653 1215 747 1268 σοῦ
779 1218 812 1288 ή
846 1217 987 1289 ἁρχὴ
1038 1219 1096 1271 ἐν
1124 1219 1304 1290 ἡμέρᾳ
1338 1220 1437 1290 τῆς
1462 1221 1746 1293 δυνάμεώς
1769 1239 1886 1292 σου,

377 1303 429 1360 6.
469 1306 556 1359 Ἐν
586 1309 707 1370 ταῖς
733 1307 1080 1381 λαμπρότησι
1104 1311 1211 1365 τῶν
1238 1312 1409 1381 ἁγίων
1436 1330 1548 1367 σουο

377 1398 431 1453 7.
476 1399 571 1452 Ἐκ
603 1401 838 1473 γαστρὸς
869 1402 973 1474 πρὸ
1015 1404 1320 1477 Ἑωσφόρου
1363 1406 1627 1479 ἐγέννησά
1659 1424 1738 1462 σε.

377 1490 431 1545 8.
465 1493 667 1563 Ὠμοσε
694 1493 918 1566 Κύριος,
949 1495 1124 1549 καὶού
1158 1498 1677 1569 μεταμεληθήσεταν

379 1584 432 1638 9.
462 1586 534 1638 Σὺ
558 1587 736 1658 ἱερεὺς
782 1589 858 1660 (a)
923 1591 1003 1654 εἰς
1037 1590 1127 1645 τὸν
1175 1591 1366 1658 αἰῶνα,
1400 1592 1544 1646 κατά
1585 1593 1682 1665 τὴν
1733 1591 1887 1658 τάξιν

303 1677 662 1748 Μελχισεδέκ.

1156 365 1245 422 DE
1285 366 1564 424 TlTULlS
1606 368 2057 430 PSALMORUM.
2097 404 2168 416 —
2201 373 2398 432 PSAL.
2439 374 2575 433 CIX.

1913 493 1962 550 Α

3420 383 3581 440 “46'

2341 489 2588 547 Psalmus
2613 490 2800 546 David.
2817 490 3020 549 PSAL.
3051 493 3201 552 CIX.

2058 581 2109 636 l.
2142 580 2288 637 Dixit
2327 581 2591 639 Dominus
2626 581 2858 640 Domino
2894 600 3018 642 meo
3059 584 3242 642 :Sede
3270 600 3302 641 a
3347 586 3555 644 dextris

2076 691 2160 731 IS:

1985 690 2121 819 m2?
2141 719 2324 820 Donec
2349 779 2551 837 ponam
2592 764 2848 824 inimicos
2877 775 3003 826 tuos
3029 759 3321 827 scabellum
3353 770 3553 842 pedum

1986 859 2224 907 tuorum.

2055 957 2112 1011 5.
2166 955 2388 1030 Virgam
2445 959 2664 1017 virtutis
2723 961 2935 1018 emittet
2998 962 3097 1018 tibi
3159 959 3422 1019 Dominus
3484 977 3553 1018 ex

1985 1048 2117 1105 Sion
2136 1067 2151 1105 :

2054 1143 2109 1199 4.
2147 1143 2214 1200 Ει
2238 1144 2523 1203 dominare
2556 1146 2613 1202 in
2641 1147 2824 1204 medio
2849 1147 3193 1205 inimicorum
3220 1156 3461 1205 tuorum.

2060 1234 2112 1289 5.
2148 1233 2348 1291 Tecum
2372 1237 2699 1308 principium
2725 1237 2781 1293 in
2815 1237 2903 1294 die
2928 1239 3146 1295 virtutis
3170 1247 3305 1308 tute,

2057 1323 2108 1380 6.
2139 1323 2198 1379 In
2231 1326 2611 1396 splendoribus
2635 1336 2944 1383 sanctorum
2976 1337 3195 1383 tuorum
3222 1347 3239 1383 :

2059 1416 2111 1470 7.
2142 1415 2222 1471 Ex
2247 1425 2402 1473 utero
2426 1426 2553 1474 ante
2583 1417 2896 1475 Luciferum
2929 1421 3087 1490 genui
3119 1430 3190 1476 te.

2058 1509 2110 1565 8.
2144 1507 2355 1565 Juravit
2380 1509 2667 1578 Dominus,
2692 1520 2748 1567 et
2771 1527 2880 1567 non
2905 1512 3187 1583 paenitebit
3214 1526 3337 1567 eum
3358 1528 3377 1566 τ

1984 1602 2020 1658 1'
2056 1603 2106 1658 9.
2138 1603 2219 1658 Tu
2242 1618 2301 1660 es
2324 1605 2579 1663 sacerdos
2606 1606 2664 1661 in
2690 1613 2951 1663 internum
2976 1605 3274 1663 secundum
3306 1603 3551 1661 ordinem

1986 1691 2411 1751 Melchisedech.
3286 1709 3291 1713 ’

383 1791 454 1866 (a)
488 1793 622 1850 Cod.
652 1796 724 1849 Σὺ
758 1791 810 1850 εἴ
837 1797 1104 1868 βασιλεύς.
1135 1797 1260 1870 Leg.
1322 1799 1519 1869 ἱερεύς,
1542 1807 1616 1855 υι
1663 1811 1877 1858 constat

2007 1816 2300 1862 comment.
2334 1822 2431 1863 seu
2465 1808 2747 1879 interpret.

1431 1941 1806 2000 ATHANASII
1845 1944 2431 2003 INTERPRETATIO.

387 2051 452 2105 Ἠ
482 2053 815 2125 προκειμένη
844 2056 1122 2128 ἐπιγραφὴ
1162 2058 1405 2130 περιέχει
1435 2057 1535 2130 (1)’
1575 2059 1822 2130 Ψαλμός
1842 2059 1923 2127 τῷ
1947 2061 2147 2130 Δαϐὶδ,
2182 2063 2320 2136 ὅπερ
2373 2062 2755 2135 ἑρμηνεύεται,
2801 2060 2876 2125 ὡς
2924 2057 3184 2123 πολλάκις
3236 2056 3555 2129 εἰρήκαμεν,

309 2143 558 2213 Ψαλμὸς
585 2142 665 2210 τῷ
699 2144 881 2211 ἱκανῷ
910 2146 985 2215 τῇ
1011 2147 1179 2217 χειρὶ,
1214 2149 1461 2203 τουτέστι
1484 2151 1563 2221 τῷ
1598 2151 1711 2223 Υἱῷ
1734 2151 1828 2206 τοῦ
1853 2152 2010 2211 Θεοῦ.
2270 2228 2273 2231 Α

378 2240 596 2296 Titulus
638 2242 964 2312 praepositus
1004 2246 1280 2303 continet:
1317 2245 1566 2302 Psalmus
1618 2247 1811 2315 David,
1856 2251 2003 2321 quod
2046 2252 2456 2324 interpretatur,
2487 2261 2551 2309 ut
2574 2250 2772 2323 saepius
2798 2250 3058 2316 diximus,
3111 2245 3355 2303 Psalmus
3393 2261 3556 2301 manu

301 2332 456 2403 forti,
480 2330 587 2385 hoc
610 2341 695 2386 est
721 2330 816 2386 Dei
841 2331 998 2389 Filio.

377 2426 427 2479 1.
455 2420 623 2478 Εἶπεν
653 2427 681 2478 6
730 2424 920 2497 Πατὴρ
952 2424 1029 2496 τῷ
1084 2423 1476 2496 ἐξαγοράσαντί
1514 2441 1581 2497 με
1612 2423 1690 2497 τῷ
1716 2425 1884 2496 τιμίῳ

2057 2429 2110 2483 1.
2147 2428 2294 2487 Dixit
2344 2431 2506 2490 Pater
2532 2434 2604 2503 ei,
2630 2435 2723 2506 qui
2754 2450 2843 2492 me
2880 2433 3111 2490 redemit
3151 2430 3393 2502 pretioso
3428 2445 3556 2486 san—

298 2516 494 2589 αῖματι
529 2515 715 2571 αὐτοῦ’
744 2516 943 2573 Κάθου
964 2518 1032 2572 ἐκ
1063 2516 1277 2583 δεξιῶν
1299 2534 1419 2587 μου
1447 2516 1544 2591 (2),
1563 2518 1653 2572 ἵνα
1682 2519 1882 2582 πάντες

299 2611 524 2682 γνῶσιν,
550 2613 630 2666 ὅτι
652 2612 716 2666 σὺ
746 2607 796 2665 εἷ
825 2614 858 2684 ἠ
884 2611 1011 2678 δόξα
1044 2630 1167 2685 μου.

372 2704 428 2758 2.
457 2705 602 2768 Ἕως
629 2704 694 2758 ἂν
716 2707 766 2759 οί
793 2704 987 2777 ἀέριοι,
1009 2706 1104 2760 καὶ
1134 2705 1384 2774 ἐπίγειοι,
1419 2705 1513 2761 καὶ
1540 2704 1881 2777 καταχθόνιοι

300 2794 488 2866 ἐχθροί
505 2811 599 2848 σου
616 2796 744 2865 γόνυ
759 2796 1032 2866 κάμψουσι
1054 2797 1325 2867 δεδεμένοι
1345 2798 1562 2869 δεσμοῖς
1579 2798 1654 2868 (5)
1670 2798 1879 2861 ἀϊδίοις,

235 2920 241 2924 -
303 2888 807 2959 ἐξομολογούμενοι,
838 2889 919 2943 ὅτι
940 2888 1107 2955 ὅντως
1142 2887 1341 2962 Κύριος
1383 2889 1586 2961 Ἰησοῦς
1612 2891 1691 2953 εἰς
1726 2888 1883 2954 δόξαν

301 2977 397 3032 τοῦ
431 2978 623 3033 ἑαυτοῦ
653 2980 886 3053 Πατρός.

375 3072 429 3126 5.
485 3073 571 3125 Ἐν
602 3072 827 3144 δυνάμει
853 3074 948 3128 καὶ
973 3073 1192 3147 ἐξουσία
1232 3073 1440 3147 μεγάλῃ
1472 3072 1751 3127 ἐλεύσεται
1777 3074 1885 3127 ἀπὸ

304 3163 398 3217 τοῦ
437 3165 668 3236 Πατρός
707 3166 862 3221 Σιὼν
893 3165 1001 3240 γὰρ
1034 3167 1407 3239 ιἑρμηνεύεται
1452 3168 1657 3233 τόπος,
1679 3167 1812 3220 ὅπου
1843 3166 1882 3234 ἡ

303 3256 528 3325 σκηνή.

374 3348 428 3401 4.
460 3346 563 3401 Καὶ
591 3347 928 3419 βασιλεύσεις
963 3349 1039 3422 (4)
1069 3349 1437 3423 ἀτελευτήτως
1488 3350 1630 3404 κατὰ
1656 3349 1764 3404 τῶν
1792 3351 1887 3421 ἐχ-

301 3437 451 3511 θρῶν
484 3455 599 3492 σου.

377 3532 429 3587 5.
458 3532 803 3604 Ἐμπροσθέν
826 3549 919 3587 σου
945 3534 974 3586 6
1002 3534 1232 3605 σταυρὸς
1258 3532 1351 3587 τοῦ
1375 3534 1577 3598 πάθους
1605 3550 1698 3587 σου
1740 3534 1798 3586 ὲν
1820 3535 1888 3605 τῇ

302 3624 489 3698 ἡμέρᾳ
508 3626 607 3697 τῆς
631 3625 838 3691 ἐνδόξου
873 3643 967 3680 σου
1001 3625 1322 3698 παρουσίας.

374 3717 427 3771 6.
458 3717 626 3772 Ὅταν
649 3719 699 3771 οἱ
720 3716 863 3787 ἂγιοί
889 3734 981 3771 σου
1006 3717 1371 3789 ἐκλάμψουσιν
1394 3717 1469 3781 ὡς
1492 3719 1519 3770 6
1545 3716 1713 3788 ἦλιος.
1782 3776 1785 3777 ν

1982 2524 2145 2594 guine
2174 2542 2314 2583 suo:
2347 2527 2479 2583 Sede
2517 2547 2551 2585 a
2578 2531 2780 2586 dextris
2812 2530 2961 2596 meis,
3008 2536 3067 2583 ut
3103 2542 3295 2583 omnes
3328 2533 3560 2582 noscant

1981 2617 2240 2686 quoniam
2268 2628 2328 2674 tu
2355 2634 2414 2675 es
2437 2621 2608 2692 gloria
2630 2638 2772 2678 mea.

2050 2706 2103 2761 2.
2134 2706 2315 2764 Donec
2347 2711 2492 2765 aerei
2522 2719 2577 2767 et
2603 2720 2893 2769 terrestres
2930 2720 2986 2767 et
3024 2708 3319 2766 infernales
3349 2704 3557 2763 inimici

1982 2799 2061 2853 tui
2085 2815 2226 2869 genu
2261 2799 2479 2858 ﬂectent
2504 2803 2672 2860 vincti
2700 2805 2933 2861 vinculis
2962 2804 3202 2870 aeternis,
3235 2801 3558 2858 conﬁtentes

1982 2888 2112 2958 quia
2137 2904 2265 2946 vere
2291 2899 2372 2947 est
2402 2890 2672 2951 Dominus
2705 2892 2866 2952 Jesus
2900 2875 3150 2966 ingloria
3182 2891 3356 2947 Patris
3384 2890 3471 2948 sui
3488 2890 3554 2943 δι.

2055 3064 2110 3120 5.
2142 3062 2202 3120 In
2237 3066 2436 3124 virtute
2464 3077 2519 3125 et
2548 3077 2820 3140 potestate
2857 3083 3054 3139 magna
3091 3067 3267 3122 veniet
3314 3080 3346 3119 a
3374 3062 3555 3116 Patre.

1988 3153 2117 3210 Sion
2133 3157 2278 3213 enim
2307 3159 2697 3232 interpretatur
2719 3161 2863 3215 locus
2894 3161 2985 3216 ubi
3010 3170 3094 3216 est
3114 3154 3555 3213 Tabernaculum.

2058 3339 2111 3394 4.
2139 3339 2209 3395 Et
2255 3343 2510 3414 regnabis
2560 3343 2617 3399 in
2667 3350 2932 3401 aeternum
2988 3341 3250 3398 adversus
3307 3334 3563 3393 inimicos

1990 3439 2133 3486 ιυοε.

2058 3522 2113 3577 5.
2147 3522 2288 3577 Ante
2317 3530 2369 3577 te
2399 3537 2533 3578 crux
2566 3523 2838 3594 passionis
2875 3531 2983 3580 tua;
3019 3525 3075 3578 in
3108 3522 3196 3578 die
3224 3519 3446 3594 gloriosi
3479 3517 3562 3573 tui

1989 3613 2273 3669 adventus.

2060 3705 2113 3760 6.
2146 3703 2375 3771 Quando
2408 3703 2582 3759 sancti
2611 3703 2689 3757 tui
2722 3701 3007 3773 fulgebunt
3034 3705 3175 3761 sicut
3205 3703 3288 3759 sol
3311 3704 3378 3759 δ’.

376 3809 428 3863 7.
468 3811 557 3863 Ἐν
585 3810 710 3882 ἐμοὶ
737 3805 805 3882 ἦς
829 3811 917 3865 ἀεὶ
940 3811 1035 3881 ἀφ’
1058 3804 1118 3865 οὗ
1144 3787 1398 3882 ἠρξάμην
1440 3787 1790 3881 δημιουργεῖν
1818 3806 1887 3862 τά

2062 3796 2114 3851 7.
2146 3794 2204 3850 In
2232 3810 2319 3850 me
2345 3809 2469 3851 eras
2499 3808 2736 3862 semper,
2760 3808 2826 3848 ex
2864 3809 2974 3865 quo
3001 3794 3141 3863 coepi
3165 3806 3353 3848 creare
3377 3790 3562 3845 omnia

303 3897 483 3950 πάντα
508 3896 597 3951 διὰ
634 3896 751 3952 σού·
802 3899 1123 3971 ἐφανέρωσά
1157 3916 1239 3965 σε,
1294 3899 1375 3953 ὃτι
1430 3894 1597 3970 εἶχον,
1627 3899 1721 3952 καὶ
1778 3897 1886 3969 ἔχω

304 3987 435 4041 Υἱδν
463 3990 522 4042 ἐν
554 3988 632 4059 (5)
655 3990 855 4061 ἐαυτῷ.

375 4079 432 4136 8.
469 4081 661 4136 Ἕθετο
689 4084 719 4135 6
763 4083 953 4155 Πατὴρ
994 4084 1187 4157 βουλὴν
1219 4084 1512 4139 ἀσάλευτον
1543 4084 1633 4139 καὶ
1684 4084 1890 4156 ἀμετά-

305 4172 527 4245 ὀλητον.

375 4264 430 4319 9.
461 4265 534 4319 Σὺ
562 4259 615 4319 εἴ
655 4265 823 4331 ὅντως
872 4267 1050 4339 ἱερεὺς
1086 4267 1311 4340 ἀληθὴς,
1346 4268 1374 4321 6
1412 4267 1660 4339 καθάρας
1715 4267 1890 4321 πάντα

302 4354 397 4409 τὸν
415 4355 543 4409 λαόν
574 4372 666 4410 σου
697 4356 773 4429 (6)
806 4357 914 4411 ἀπὸ
936 4358 1044 4413 τῶν
1070 4358 1351 4431 ἁμαρτιῶν
1379 4357 1561 4413 αὐτοῦ·
1590 4359 1651 4412 οὐ
1680 4358 1891 4430 δεήσεις

299 4444 340 4516 ἢ
384 4446 592 4512 ἱκεσίας
648 4448 1017 4520 ποιησάμενος
1042 4450 1178 4522 πρός
1224 4467 1367 4514 τινα,
1421 4449 1558 4505 ἀλλά
1598 4450 1675 4521 τῷ
1722 4449 1891 4520 τιμίῳ

301 4540 501 4612 αἵματι
521 4541 731 4606 πάντας
774 4542 1097 4615 καθαρίσας.
1131 4542 1205 4597 Τὸ
1257 4544 1335 4609 δὲ,
1378 4544 1528 4599 κατὰ
1573 4544 1688 4614 τὴν
1718 4543 1892 4611 τάξιν

300 4631 705 4701 Μελχισεδὲκ,
741 4632 929 4687 τοῦτον
963 4632 1077 4705 ἔχει
1129 4634 1223 4688 τὸν
1266 4634 1487 4707 τρόπον.
1514 4635 1738 4707 Πρῶτον
1792 4635 1891 4706 μὲν

296 4719 335 4772 6
360 4719 693 4788 Μελχισεδὲκ
719 4722 897 4793 ἱερεὺς
927 4722 1207 4796 ἀνεδείχθη
1235 4724 1333 4778 οὐκ
1369 4725 1434 4778 ἐκ
1455 4725 1553 4795 τῆς
1606 4724 1775 4796 φυλῆς
1794 4723 1889 4778 τοῦ

299 4808 439 4863 Λευῖ
468 4810 569 4880 τῆς
598 4812 891 4884 ἱερατείας,
926 4816 1115 4888 ὥσπερ
1143 4815 1265 4871 οὕτε
1299 4819 1328 4871 ὁ
1377 4815 1595 4888 Κύριος,
1628 4819 1715 4870 ὅτε
1741 4817 1891 4870 εὐδό-

210 4960 217 4968 ,
302 4918 475 4972 κησεν
507 4905 599 4958 ἐπὶ
624 4905 726 4976 τῆς
751 4907 855 4978 γῆς
882 4909 1159 4981 τεχθῆναι,
1188 4911 1290 4964 οὐκ
1317 4912 1381 4965 ἐκ
1402 4910 1494 4964 τοῦ
1519 4909 1651 4964 Λευῒ
1674 4910 1889 4983 ἐτέχθη·

297 4994 559 5067 δεύτερον
591 4996 648 5051 δὲ
672 4998 771 5063 τάς
794 4998 1043 5067 δεκάτας,
1071 5001 1137 5065 ἀς
1181 5001 1353 5056 ἐδίδου
1382 5001 1410 5054 ὁ
1441 5004 1619 5074 ἱερεὺς
1648 5002 1725 5073 τῷ
1747 5003 1888 5073 Θεῷ,

298 5084 509 5150 ταύτας
538 5088 909 5159 προσήνεγκεν
934 5090 1182 5162 Ἀϐραὰμ
1202 5091 1281 5162 τῷ
1297 5092 1651 5163 Μελχισεδέκ.
1671 5094 1889 5166 Ἐπειδὴ

299 5177 453 5231 κατὰ
482 5147 658 5233 πάντα
684 5147 854 5236 τύπον
882 5147 1076 5253 ἔφερεν
1103 5147 1485 5254 όὶνῙελχισεδὲκ
1531 5186 1621 5239 τὸν
1649 5185 1776 5239 Υίὸν
1795 5147 1892 5239 τού
1924 5147 1970 5205 D

296 5268 465 5325 Θεοῦ.

1986 3900 2083 3955 per
2112 3893 2202 3940 te:
2234 3882 2575 3939 manilestavi
2611 3893 2664 3938 te
2695 3882 2841 3953 quod
2871 3883 3138 3939 habebam
3167 3890 3222 3938 et
3255 3881 3431 3937 habeo
3465 3878 3559 3934 Fi-

1989 3975 2121 4030 lium
2160 3975 2215 4029 in
2246 3990 2333 4029 me
2365 3975 2505 4044 ipso.

2057 4067 2110 4121 8.
2141 4065 2331 4122 Posuit
2361 4064 2523 4121 Pater
2546 4063 2880 4119 voluntatem
2911 4064 3246 4120 immobilem
3267 4071 3430 4135 atque
3459 4064 3561 4119 im-

1989 4176 2043 4215 m
2052 4177 2082 4214 u
2092 4159 2306 4214 labilem
2317 4198 2331 4213 .

2060 4263 2201 4321 9.Tu
2230 4279 2289 4319 es
2313 4264 2498 4334 utique
2527 4262 2786 4318 sacerdos
2812 4276 2998 4330 verus,
3025 4262 3329 4319 emundans
3346 4276 3564 4318 omnem

1989 4357 2249 4427 populum
2280 4365 2432 4410 tuum
2465 4370 2496 4409 a
2520 4352 2757 4425 peccatis
2782 4353 2920 4421 suis,
2953 4369 3132 4425 neque
3150 4355 3565 4424 deprecationes

1991 4457 2084 4502 aut
2111 4447 2535 4518 supplicationes
2563 4445 2771 4502 iaciens
2796 4445 2864 4501 ad
2892 4445 3155 4516 aliquem,
3180 4447 3276 4503 sed
3319 4447 3564 4518 pretioso

1991 4540 2255 4611 sanguine
2289 4554 2479 4594 omnes
2501 4538 2828 4595 emundans.
2859 4536 2997 4594 Illud
3022 4546 3240 4594 autem:
3269 4539 3563 4593 secundum

1992 4633 2229 4686 ordinem
2253 4629 2631 4685 Melchisedech
2667 4647 2697 4703 ,ο
2749 4628 2804 4682 in
2838 4627 2986 4683 hunc
3017 4627 3244 4684 modum
3273 4642 3334 4684 se
3380 4628 3563 4682 habet.

1990 4723 2245 4779 Primum
2268 4723 2489 4795 quidem
2515 4720 2907 4777 Melchisedech
2935 4720 3194 4777 sacerdos
3222 4719 3567 4776 renuntiatus

1990 4825 2093 4882 εει,
2126 4831 2234 4870 non
2267 4830 2332 4870 ex
2369 4814 2513 4870 tribu
2544 4811 2672 4867 Levi
2701 4811 3065 4879 sacerdotali,
3103 4812 3565 4881 quemadmodum

1992 4922 2169 4977 neque
2196 4905 2488 4973 Dominus,
2521 4920 2645 4960 cum
2673 4903 2722 4958 ei
2754 4903 2961 4973 placuit
2989 4904 3142 4959 nasci
3172 4903 3229 4957 in
3261 4912 3425 4969 terra,
3454 4917 3564 4956 non

1991 5013 2058 5053 ex
2087 4999 2231 5054 tribu
2268 4996 2398 5051 Levi
2435 5005 2597 5052 natus
2628 5006 2710 5051 est
2739 5014 2752 5049 :
2785 4994 2982 5050 deinde
3007 4984 3269 5058 decimas,
3306 5007 3444 5061 quas
3472 4993 3569 5048 da-

1993 5092 2088 5147 bat
2119 5091 2377 5146 sacerdos
2407 5089 2542 5153 Deo,
2578 5088 2679 5143 has
2723 5086 2922 5143 obtulit
2959 5086 3240 5141 Abraham
3283 5083 3568 5139 Melchise-

1997 5181 2212 5239 dech”.
2236 5177 2503 5244 Quoniam
2524 5179 2580 5234 in
2599 5181 2854 5238 omnibus
2891 5180 3123 5252 ﬁguram
3170 5177 3391 5249 gerebat
3435 5176 3568 5233 Mel-

2005 5274 2296 5331 chisedech
2332 5274 2454 5330 Filii
2489 5274 2605 5331 Dei.

382 5384 427 5415 ¹⁵⁸
450 5382 684 5457 Philipp.
713 5402 773 5453 ιι,
802 5384 889 5453 10,
922 5386 1007 5441 il.
1081 5387 1125 5419 ι’
1154 5385 1345 5443 Matth.
1374 5405 1494 5458 xm,
1525 5390 1613 5446 45.
1691 5392 1737 5423 ⁸³
1765 5390 1902 5447 Gen.
1938 5404 2050 5456 xlv,
2077 5387 2166 5443 20.

1258 5480 1568 5544 Addenda
1617 5488 1678 5544 et
1712 5480 2092 5561 corrigenda
2123 5496 2203 5541 ex
2239 5478 2380 5541 cod.
2410 5480 2610 5542 Vatic.

377 5576 459 5645 (i)
498 5575 565 5629 Ἦ
591 5575 679 5630 διά
699 5579 797 5650 τῆς
819 5576 1188 5647 κινναϐάρεως
1211 5577 1470 5649 περιέχει.

377 5645 459 5701 (ἓ)
489 5647 695 5701 Desunt
736 5648 935 5701 Κάθου
955 5647 1023 5701 ἐκ
1055 5646 1268 5701 δεξιῶν
1295 5666 1429 5701 ιιου.

373 5646 459 5790 (ἓ)
489 5647 695 5702 Desunt
736 5646 935 5705 Κάθου
955 5647 1023 5702 ἐκ
1055 5646 1268 5712 δεξιῶν
1284 5646 1429 5719 μου.

402 5719 457 5790 ξι)
483 5718 758 5790 ᾼεσμίοις.
1142 5726 1157 5737 ⁸

378 5787 458 5860 (4)
482 5787 764 5843 Βασίλευε.

2059 5578 2136 5649 (5)
2177 5577 2469 5649 ’Erdeest.
2497 5646 2517 5649 μ
2854 5648 2859 5649 ί
2951 5625 2968 5649 Α.
3019 5647 3025 5649 _
3115 5628 3120 5634 .

2069 5644 2145 5718 (6)
2199 5647 2339 5701 Λαὸν
2360 5646 2522 5702 αὐτοῦ
2548 5650 2603 5706 ἀ.
2625 5665 2674 5703 τ.
2705 5650 2759 5702 ἁ.
2804 5648 2893 5701 αὐ.
2944 5646 3154 5718 δεήσεις
3189 5644 3416 5718 ἱκεσίας,
3439 5653 3567 5706 (ιῑιιη

1997 5714 2087 5790 τῷ
2105 5714 2268 5790 τιμίῳ
2300 5735 2391 5772 σου
2415 5720 2604 5790 αἵματι
2627 5720 2829 5790 πάντα,
2849 5714 3200 5790 ἐκαθάρισας,
3227 5726 3356 5781 clc.,
3384 5714 3570 5783 ὥσπερ

1996 5769 2151 5853 eam
2163 5769 2389 5861 ’Κόριὸᾷ
2416 5769 2548 5856 ista;
2568 5769 2833 5843 sive:
2860 5769 2969 5842 τις
2984 5769 3167 5843 Θέοῡ.Ζ
