4004 6212
461 377 600 435 ΗΠ

1287 385 1344 440 S.
1381 383 1754 440 ATHANASH
1794 384 1945 440 ΟΡΡ.
1989 382 2168 436 PAllS
2207 379 2378 434 lll.—
2405 378 2820 434 EXEGETICA.

3546 379 3681 434 1118

530 498 615 555 10.
647 499 907 556 Dominus
937 515 967 555 a
998 500 1200 556 dextris
1235 503 1343 558 tuis
1375 502 1641 574 confregit
1692 503 1746 558 in
1794 503 1880 558 die
1929 503 2021 555 irae
2049 509 2090 562 Α
2197 499 2208 550 l

2197 498 2281 556 10,
2323 497 2526 568 Κύριος
2552 499 2615 550 ἐκ
2637 495 2824 561 δεξιῶν
2853 512 2946 549 σου
2975 493 3292 549 συνέθλασεν
3318 491 3408 566 (α)
3421 493 3478 547 ἐν
3504 494 3686 565 ἣμερα

457 605 571 647 suae
607 606 777 662 reges.

531 679 615 733 11.
648 679 915 735 Judiuabit
948 681 1002 734 in
1034 682 1364 750 nationibus,
1396 684 1637 755 implebit
1671 688 1896 742 ruinas:

532 773 617 826 12.
648 771 1049 843 Couquassabit
1079 777 1255 845 capita
1283 778 1336 832 in
1368 785 1509 835 terra
1543 781 1856 836 multorum.

530 871 616 925 l5.
655 871 727 925 De
763 881 999 926 torrente
1035 874 1087 927 in
1119 875 1201 928 via
1234 875 1421 931 bibet:

533 965 618 1019 11.
649 963 939 1034 Propterea
965 968 1222 1023 exaltabit
1246 977 1426 1039 caput.

923 1057 1171 1112 Alleluia.
1221 1059 1349 1114 PSA
1362 1060 1422 1115 L.
1453 1060 1568 1116 CX.

529 1145 579 1201 1.
614 1143 922 1202 Conﬁtebor
957 1151 1073 1214 tibi,
1100 1150 1344 1217 Domine,
1381 1155 1432 1207 in
1462 1163 1579 1210 toto
1605 1155 1771 1214 corde
1792 1171 1914 1213 meo
1936 1175 1949 1186 '

526 1319 580 1373 2.
612 1318 668 1373 1η
697 1323 924 1379 consilio
953 1325 1224 1396 justorum
1260 1340 1313 1384 et
1339 1335 1781 1406 congregatione.

525 1411 579 1467 3.
611 1411 801 1484 Magna
824 1431 987 1486 opera
1011 1419 1252 1488 Domini,

523 1501 578 1556 4.
612 1501 888 1576 Exquisita
921 1510 974 1564 in
1005 1527 1195 1572 omnes
1232 1517 1538 1573 voluntates
1567 1518 1706 1589 ejus.

533 1593 586 1650 5.
615 1597 900 1656 Confessio
933 1613 983 1657 et
1019 1607 1419 1676 magniﬁcentia
1448 1625 1586 1680 opus
1617 1611 1735 1680 ejus
1761 1630 1774 1665 :

523 1787 576 1843 6.
613 1788 678 1844 Et
700 1791 908 1862 justitia
932 1795 1052 1865 ejus
1077 1808 1259 1853 manet
1290 1799 1345 1854 in
1383 1803 1640 1857 saeculum
1669 1805 1876 1861 saeculi.

525 1939 602 2008 (a)
637 1941 788 2000 Vers.
815 1947 900 2012 11,
925 1950 1253 2006 Συνέθλασεν

2123 590 2287 660 ὀργῆς
2319 587 2482 642 αὑτοῦ
2512 588 2766 658 βασιλεῖς.

2195 680 2280 733 11.
2317 679 2503 751 Κρινεῖ
2530 682 2587 732 ἐν
2610 681 2720 741 τοῖς
2743 677 2941 744 ἔθνεσι,
2974 677 3250 750 πληρώσει
3272 675 3540 746 πτώματα
3559 690 3573 706 ⁸

2194 772 2280 826 12.
2314 771 2605 826 Συνθλάσει
2635 770 2874 841 κεφαλὰς
2899 771 2989 824 ἐπὶ
3013 771 3115 841 γῆς
3140 767 3364 822 πολλῶν.

2194 865 2278 918 15.
2325 864 2417 917 Ἐκ
2444 865 2742 936 χειμάρρου
2768 865 2825 916 ἐν
2863 861 2965 934 ὁδῷ
2997 862 3205 915 πίεται·

2192 953 2277 1007 14.
2308 953 2406 1006 Διὰ
2435 954 2592 1007 τοῦτο
2623 952 2824 1024 ὑψώσει
2850 953 3108 1024 κεφαλήν.

2533 1047 2911 1116 Ἁλληλούῖα.
2958 1049 3130 1100 sua.
3158 1047 3271 1098 PI'.

2193 1138 2243 1190 1.
2287 1138 2362 1208 (ὁ)
2406 1138 2896 1210 Ἐξομολογήσομαί
2921 1155 3022 1206 σοι,
3051 1136 3240 1207 Κύριε,
3280 1137 3337 1188 ἐν
3361 1135 3457 1208 ὅλῃ
3485 1134 3686 1205 καρδίᾳ.

2125 1247 2224 1299 μου
2250 1247 2263 1260 ·

2189 1320 2244 1374 9..
2287 1321 2375 1374 Ἐν
2407 1321 2565 1394 βουλῇ
2601 1322 2801 1375 εὐθέων
2827 1323 2918 1377 καὶ
2947 1323 3254 1393 συναγωγῇ.

2188 1412 2241 1466 ὅ.
2278 1413 2501 1480 Μεγάλαι
2525 1413 2594 1466 τὰ
2621 1412 2755 1485 ἔργα
2784 1413 2985 1484 Κυρίου

2189 1502 2244 1555 4.
2291 1502 2544 1574 Ἐξεζητη
2555 1505 2688 1574 μένα
2717 1505 2798 1567 είς
2820 1505 2996 1558 πάντα
3021 1502 3089 1555 τὰ
3113 1500 3390 1572 θελήματα
3421 1500 3606 1554 αὑτοῦ.

2191 1589 2244 1646 5.
2291 1591 2704 1666 Ἐξομολόγησις
2761 1597 2855 1648 καὶ
2913 1591 3354 1664 μεγαλοπρέπεια
3407 1591 3466 1646 τὸ
3524 1591 3686 1662 ἔργον

2121 1683 2282 1738 αὑτοῦ
2293 1703 2305 1715 ·

2192 1773 2244 1827 6.
2284 1773 2386 1828 Kal
2418 1777 2451 1846 ἡ
2481 1775 2792 1848 δικαιοσύνη
2822 1775 2986 1829 αὐτοῦ
3019 1777 3167 1846 μένει
3189 1778 3268 1838 είς
3289 1775 3377 1829 τὸν
3402 1773 3570 1828 αἰῶνα
3591 1773 3684 1826 τοῦ

2046 1867 2088 1920 Β
2117 1863 2332 1929 αίῶνος.

1261 1965 1416 2044 ,Iete.
1461 1958 1738 2044 Versat?”
1773 1964 1976 2044 Κρινεῖ,
2025 1981 2129 2044 etc.
2171 1973 2325 2031 Vers.
2357 1979 2443 2044 15,
2470 1979 2780 2043 Συνθλάσει,
2804 1993 2906 2038 etc.

525 2013 599 2082 (ι)
630 2012 688 2068 In
724 2032 895 2088 marg.
931 2021 999 2074 ad
1022 2037 1164 2078 vers.
1197 2012 1478 2096 lflegitur
1512 2012 1984 2102 mediae—Veii;

2167 2012 2944 2123 ἐ,Ὗῖθέᾞίξξῖξῗέῗίἓιῖἐλ
2968 2069 2982 2120 ;
3009 2053 3077 2108 ad
3109 2067 3252 2109 vers.
3293 2053 3346 2118 5,
3386 2051 3574 2106 Δὰλεθ.

1569 2188 1947 2248 ATHANASII
1989 2195 2572 2260 INTERPRETATIO.

423 2329 431 2332 ”
524 2331 610 2386 10.
646 2332 728 2387 Tu
755 2349 784 2388 a
817 2334 1023 2393 dextris
1051 2338 1246 2406 Patris,
1279 2348 1333 2395 et
1360 2339 1597 2411 Spiritus
1624 2355 1850 2404 sanctus
1887 2361 2012 2408 tuus

455 2439 486 2478 a
519 2425 722 2481 dextris
745 2427 889 2495 tuis;
920 2427 1125 2498 Spiritu
1148 2433 1294 2490 enim
1327 2435 1438 2491 oris
1466 2436 1588 2506 ejus
1615 2441 1802 2509 perdet
1834 2443 2017 2498 Domi-

455 2530 560 2570 nus
591 2516 867 2572 diabolum
902 2530 954 2574 et
987 2529 1283 2591 potestates
1313 2524 1435 2596 ejus
1470 2526 1535 2580 “.

532 2690 613 2744 ll.
641 2690 824 2750 Faciet
855 2696 1153 2754 vindictam
1201 2717 1252 2756 ,ιι
1296 2704 1615 2762 nationibus
1644 2705 1712 2771 ‘5,
1744 2717 1796 2763 et
1835 2722 2024 2766 omnes

456 2783 790 2854 principatus
817 2787 1022 2846 inimici
1047 2795 1415 2851 mortiﬁcabit.

529 2875 614 2929 l2.
651 2876 986 2936 Daemonum.

526 2969 610 3022 15.
640 2969 715 3025 Ex
749 2973 1098 3030 multitudine
1129 2978 1368 3048 gentium
1417 2979 1470 3034 in
1498 2983 1603 3038 fide
1632 2983 1792 3053 bibet
1834 3001 2022 3042 eorum

457 3061 711 3118 salutem.

527 3155 613 3210 l4.
645 3155 935 3229 Propterea
969 3163 1259 3232 pristinum
1295 3165 1657 3236 principatum
1701 3184 1868 3239 super
1899 3184 2020 3223 om-

457 3247 544 3301 nia
586 3265 706 3318 qua:
749 3252 804 3306 in
855 3262 996 3308 terra
1040 3265 1188 3324 sunt,
1238 3266 1291 3312 et
1321 3268 1645 3328 potestatem
1676 3275 1838 3330 quam
1873 3261 2021 3318 dedit

455 3342 611 3398 nobis
644 3344 698 3398 in
734 3345 929 3413 Adam,
955 3363 1150 3405 rursus
1178 3350 1338 3406 nobis
1369 3353 1640 3408 restituet.

2191 2360 2278 2414 10.
2313 2362 2383 2414 Σὺ
2411 2363 2473 2414 ἐκ
2508 2361 2698 2428 δεξιῶν
2734 2361 2827 2417 τοῦ
2874 2363 3108 2435 Πατρὸς,
3140 2363 3233 2416 καὶ
3261 2364 3322 2415 τὺ
3346 2362 3572 2433 Πνεῦμα
3594 2379 3690 2416 σου

2118 2442 2180 2495 τὸ
2220 2445 2373 2513 ἆγιον
2416 2448 2481 2498 ἐκ
2518 2445 2706 2512 δεξιῶν
2752 2465 2844 2501 σου
2881 2446 2989 2519 (1)ο
3032 2447 3110 2518 τῷ
3147 2447 3254 2518 γὰρ
3295 2447 3369 2517 (2)
3411 2448 3688 2517 Πνεύματι

2119 2527 2213 2580 τοῦ
2242 2529 2506 2600 στόματος
2545 2531 2711 2585 αὑτοῦ
2739 2531 3007 2586 ἀναλώσει
3040 2535 3068 2586 ό
3101 2531 3299 2603 Κύριος
3329 2533 3420 2585 τὸν
3447 2532 3689 2586 διάϐολον

2121 2613 2214 2666 καὶ
2249 2614 2347 2677 τὰς
2379 2614 2627 2680 ἐξουσίας
2645 2614 2830 2669 αὑτοῦ.

2199 2703 2283 2756 11.
2317 2704 2540 2776 Ποιήσει
2571 2704 2845 2775 ἐκδίκησιν
2888 2704 2945 2757 ἐν
2986 2708 3099 2768 τοῖς
3147 2704 3341 2768 ἔθνεσι,
3372 2705 3464 2757 καὶ
3510 2706 3688 2768 πάσας

2123 2794 2216 2849 τοῦ
2248 2796 2440 2867 ἐχθροῦ
2470 2797 2568 2860 τὰς
2596 2797 2769 2868 ἀρχὰς
2796 2794 3114 2850 θανατώσει.

2195 2889 2284 2944 12.
2319 2887 2438 2940 Τῶν
2466 2888 2755 2958 δαιμόνων.

2197 2978 2284 3034 15.
2329 2981 2422 3033 Ἐκ
2450 2980 2542 3033 τοῦ
2577 2979 2813 3051 πλήθους
2838 2979 2945 3033 τῶν
2970 2979 3137 3034 ἐθνῶν
3171 2981 3227 3033 ἑν
3255 2983 3318 3050 τῇ
3350 2979 3530 3032 πίστει
3571 2979 3691 3032 πίε-

2125 3088 2215 3126 ται
2247 3072 2345 3144 τὴν
2385 3073 2658 3144 σωτηρίαν
2691 3071 2890 3128 αὐτῶν.

2200 3165 2286 3220 14.
2314 3167 2413 3219 Διὰ
2457 3165 2615 3219 τοῦτο
2647 3165 2744 3236 τὴν
2777 3164 3046 3237 προτέραν
3085 3164 3256 3236 ἀρχὴν
3303 3163 3443 3216 κατὰ
3478 3163 3692 3216 πάντων

2123 3257 2233 3311 τῶν
2262 3257 2355 3310 ἐπὶ
2383 3257 2482 3327 τῆς
2501 3257 2605 3327 γῆς
2633 3257 2727 3310 καὶ
2771 3256 3049 3322 ἐξουσίαν,
3082 3257 3147 3327 ἣν
3185 3254 3382 3308 ἔδωκεν
3430 3256 3558 3324 ἡμῖν
3603 3255 3693 3306 ἐπὶ

2122 3351 2216 3405 τοῦ
2259 3350 2448 3422 Ἀδὰμ,
2478 3350 2637 3404 πάλιν
2666 3350 3111 3422 ἀποκατέστησεν
3145 3351 3222 3420 (5)
3259 3352 3408 3421 ἡμῖν.

465 3498 528 3550 Ἦ
559 3500 888 3574 προκειμένη
916 3503 1192 3575 ἐπιγραφὴ
1217 3507 1457 3578 περιέχει
1488 3509 1562 3578 (4)
1583 3524 1598 3540 ο
1632 3509 2003 3577 Ἀλληλούῑα,
2030 3508 2168 3579 ὅπερ
2207 3504 2567 3578 ἑρμηνεύεται
2599 3505 2896 3571 αἱνέσατε,
2926 3505 3254 3575 ὐμνήσατε,
3283 3516 3691 3570 παθη-(τίθεσθ’.

561 3589 773 3648 Titulus
804 3597 1126 3665 praepositus
1155 3600 1397 3655 continet
1425 3620 1437 3654 :
1464 3602 1539 3670 (a)
1576 3601 1830 3670 Alleluia,
1861 3602 2005 3673 quod
2033 3602 2441 3671 interpretatur,
2478 3599 2694 3653 laudate
2718 3611 2766 3652 et
2791 3597 3021 3652 exaltate
3049 3613 3167 3650 eum
3199 3598 3288 3668 qui
3313 3595 3452 3650 Deus
3478 3606 3575 3650 est.

525 3686 576 3739 1.
608 3685 740 3742 Cum
765 3705 981 3759 cmpero
1005 3689 1175 3762 loqui,
1212 3693 1350 3748 nihil
1379 3696 1568 3751 celabo
1594 3711 1784 3751 eorum
1819 3711 1940 3766 qua:
1968 3695 2020 3749 in
2050 3700 2093 3759 (Ξ
2197 3694 2208 3747 l

2197 3693 2251 3747 1.
2270 3691 2362 3746 Ἐν
2388 3690 2465 3763 τῷ
2486 3690 2752 3763 ἄρξασθαί
2785 3709 2852 3762 με
2873 3691 3050 3746 λαλεῖν
3077 3691 3175 3762 (5'),
3200 3691 3298 3744 οὐκ
3317 3689 3620 3761 ἀποκρύψω
3642 3709 3693 3744 τι

453 3778 612 3836 corde
644 3795 762 3834 meo
795 3790 943 3837 sunt.

525 3870 579 3925 2.
617 3871 754 3927 Cum
789 3875 1264 3946 congregabuntur
1295 3877 1467 3934 sancti
1509 3878 1563 3932 in
1595 3877 1682 3934 die
1703 3877 1916 3948 judicii.

521 4044 572 4097 5.
605 4043 795 4114 Magna
821 4048 966 4102 enim
987 4063 1177 4104 eorum
1207 4053 1495 4106 retributio
1530 4067 1559 4106 a
1592 4051 1849 4106 Domino.
1884 4049 2022 4106 Nam

457 4135 582 4190 Geth
612 4136 795 4211 [Betti]
825 4141 1211 4212 interpretatur
1248 4143 1417 4210 lacus,
1451 4144 1596 4214 quod
1631 4152 1716 4199 est
1749 4144 1954 4199 ltetitia.

525 4321 578 4374 4.
611 4319 844 4378 Probata
875 4339 1038 4394 opera
1073 4333 1388 4381 sanctorum
1425 4328 1476 4381 in
1509 4344 1700 4384 omnes
1722 4327 2030 4382 voluntates

457 4407 692 4466 Domini.
717 4413 853 4468 Illud
886 4417 1030 4470 enim
1075 4417 1245 4472 Gimel
1292 4419 1682 4490 interpretatur
1729 4419 2024 4483 retributio,

457 4504 665 4560 scilicet
693 4509 1028 4578 operationis
1051 4519 1386 4567 sanctorum.

523 4685 577 4740 5.
609 4687 713 4753 Qui
757 4688 962 4744 inventi
1002 4700 1130 4746 sunt
1163 4691 1218 4746 in
1254 4691 1638 4748 misericordia
1686 4699 1740 4747 et
1787 4688 1913 4753 ﬁde.
1938 4703 2028 4744 os-

453 4779 594 4832 tcnsi
625 4789 752 4835 sunt
776 4780 991 4837 Domini
1028 4799 1170 4839 esse.

2122 3781 2231 3838 τῶν
2257 3783 2313 3835 ἑν
2343 3783 2408 3852 τῇ
2433 3781 2627 3853 καρδία
2656 3799 2778 3854 μου.

2195 3872 2250 3928 2.
2282 3875 2372 3927 Ἐν
2397 3873 2474 3945 τῷ
2501 3873 2926 3945 ἐπισυναχθῆναι
2955 3876 3079 3938 τοὺς
3115 3874 3299 3944 ἁγίους
3326 3875 3382 3926 ἑν
3411 3875 3477 3944 τῇ
3513 3873 3696 3944 ἡμέρᾳ

2125 3966 2226 4037 τῆς
2251 3966 2505 4037 κρίσεως.

2199 4057 2253 4112 5.
2284 4058 2510 4128 Μεγάλη
2539 4061 2571 4130 ἠ
2598 4059 2949 4122 ἀνταπόδοσις
2971 4056 3134 4111 αὐτοῦ
3163 4057 3377 4130 [αὐτῶν
3395 4057 3415 4130 ]
3433 4058 3586 4130 παρὰ
3601 4057 3692 4111 τοῦ

2129 4147 2329 4218 Κυρίου
2487 4147 2558 4201 Τὸ
2586 4147 2691 4220 γὰρ
2717 4149 2847 4217 Γὴθ
2889 4147 3034 4220 [Βὴθ
3054 4146 3073 4219 ]
3097 4147 3451 4219 ἑρμηνεύεται
3485 4147 3690 4216 ληνὸς.

2124 4241 2259 4311 ὅπερ
2278 4241 2424 4293 ἐστὶν
2456 4241 2780 4312 εὐφροσύνη.

2195 4330 2247 4384 4.
2280 4331 2729 4402 Δεδοκιμασμένα
2757 4329 2824 4383 τὰ
2855 4329 2992 4402 ἔργα
3023 4327 3131 4381 τῶν
3159 4328 3327 4396 ἁγίων
3351 4329 3492 4382 κατὰ
3520 4328 3692 4381 πάντα

2124 4422 2194 4475 τὰ
2223 4422 2502 4495 θελήματα
2531 4423 2623 4477 τοῦ
2656 4423 2876 4495 Κυρίου.
2910 4423 2982 4475 Τὸ
3009 4421 3116 4494 γὰρ
3141 4420 3344 4491 Γαμὲν
3370 4422 3445 4491 (7)
3483 4419 3688 4493 [Γίμελ]

2130 4517 2489 4588 ἑρμηνεύεται
2537 4515 2962 4582 ἀνταπόδοσις,
3003 4513 3246 4568 τουτέστι
3275 4515 3368 4567 τοῦ
3396 4514 3556 4586 ἔργου
3589 4513 3690 4565 τῶν

2135 4607 2324 4676 ἁγίων.

2205 4699 2258 4754 5.
2292 4701 2353 4752 Οἱ
2384 4701 2442 4753 ἐν
2488 4699 2822 4772 ἐλεημοσύνη
2877 4697 2972 4752 καὶ
3022 4697 3201 4752 πίστει
3247 4697 3556 4770 εὑρεθέντες
3603 4695 3687 4748 τοῦ

2133 4791 2340 4863 Κυρίου
2366 4792 2755 4863 ἀνεδείχθησαν
2778 4790 2876 4860 (8).

527 4869 578 4926 6.
608 4873 672 4927 Et
699 4883 1015 4931 sanctorum
1049 4874 1339 4933 multitudo
1367 4880 1549 4928 manet
1579 4872 1636 4928 in
1668 4872 1970 4929 aeternitate
1999 4893 2011 4930 :
2046 4897 2092 4954 ι)
2183 4884 2208 4937 G

2183 4884 2235 4938 6.
2272 4884 2378 4939 Kal
2396 4886 2456 4938 τὸ
2497 4884 2700 4956 πλῆθος
2731 4883 2841 4936 τῶν
2887 4882 3058 4950 ἁγίων
3103 4880 3253 4952 μένει
3283 4880 3645 4950 ἀτελευτήτως
3667 4891 3680 4904 ⁶

454 4963 570 5019 haec
597 4966 741 5021 enim
774 4976 858 5024 est
887 4969 1278 5041 interpretatio.

524 5078 571 5109 “
594 5078 641 5135 ll
676 5079 868 5138 Thess.
899 5098 961 5151 ιι,
1001 5084 1054 5138 8.
1132 5083 1178 5116 ’⁵⁸
1202 5083 1347 5138 Psal.
1381 5099 1560 5148 cxux,
1590 5082 1644 5138 7.

2122 4977 2158 5044 ἡ
2190 4974 2402 5048 [αὕτη]
2441 4977 2516 5047 (9)
2551 4975 2660 5047 γὰρ
2685 4973 2946 5046 ἑρμηνεία
2977 4973 3142 5027 ἐστίν.

1283 5188 1291 5196 ·
1399 5173 1710 5236 Addenda
1757 5179 1818 5234 et
1862 5175 2238 5254 corrigenda
2271 5191 2346 5235 ex
2379 5171 2520 5234 cod.
2554 5171 2755 5234 Vatic.

530 5291 854 5366 (1)-ῐ1ατρὸς
877 5294 1019 5350 κατὰ
1043 5295 1103 5348 τὸ
1127 5294 1352 5366 Πνεῦμά
1378 5312 1471 5347 σου
1497 5293 1559 5347 τὸ
1585 5294 1759 5362 διγιον,
1777 5293 1870 5347 καὶ
1897 5292 2029 5347 αὐτὸ

461 5360 524 5413 ἐκ
544 5362 732 5426 δεξιῶν
763 5360 880 5419 σου.

534 5431 609 5506 (ἓ)
640 5432 702 5506 Ν.
736 5434 822 5487 11.
855 5434 943 5504 Τῷ
969 5437 1100 5506 γάρ,
1137 5445 1264 5498 etc.,
1296 5434 1446 5488 deest
1481 5443 1584 5487 art.
1614 5435 1666 5487 ὁ.

539 5500 614 5639 $5)
646 5500 1134 5574 Ἀποκαταστήσει.

563 5572 615 5637 1)
647 5573 712 5625 Ἡ
736 5573 825 5626 διὰ
856 5575 956 5639 τῆς
986 5593 1134 5629 κιννα

563 5572 615 5637 1)
647 5573 712 5645 Ἡ
736 5573 825 5645 διὰ
856 5575 956 5645 τῆς
986 5571 1355 5645 κινναϐάρεως
1385 5572 1657 5643 περιέχει,
1699 5579 1832 5638 etc.,
1863 5571 2037 5643 ὑμνη-

471 5654 600 5693 σατε
625 5643 714 5694 τὸν
742 5643 871 5696 ὄντα
895 5643 1047 5701 Θεόν.

543 5710 618 5779 (5)
649 5711 838 5765 Λαλεῖν
872 5731 959 5783 με,
992 5723 1121 5780 etc.,
1149 5714 1344 5786 καρδίᾳ
1379 5729 1499 5785 μου·
1547 5710 1909 5784 ἑρμηνεύεται
1933 5711 2039 5778 γὰρ

2134 5295 2194 5347 τὸ
2217 5295 2388 5361 Ἀσὰφ
2414 5293 2555 5364 ἁρχὴ
2581 5291 2862 5364 στόματος.

2208 5365 2284 5430 (6)
2317 5362 2518 5428 Αὑτοῖξ
2539 5362 2688 5434 παρὰ
2718 5362 2936 5434 Κυρίου.

2313 5433 2515 5512 ξξαμιέλ2
2541 5429 2668 5512 (χιοζ.
2692 5433 2760 5486 τὰ
2791 5429 3063 5512 έργαλτῶν
3091 5429 3279 5512 ἁγίων.
3388 5495 3403 5512 ι

2208 5492 2283 5574 (8)
2313 5492 2742 5576 Ἀνεδείχθησαν.
2792 5492 2961 5556 Ᾰάλεθ
3006 5502 3113 5571 γὰρ
3138 5492 3526 5570 ’ἑρμηνεύεται
3567 5492 3677 5549 ἀνά-

2142 5593 2332 5646 ιρισις.

2209 5647 2284 5716 t9)
2325 5647 2388 5698 'H
2421 5644 2528 5715 γὰρ
2558 5641 2915 5714 ἑρμηνεύεται
2944 5640 3111 5694 ἐστιν.

543 5825 620 5900 (ιι)
660 5825 907 5886 Psalmus
948 5831 1050 5888 iste
1088 5839 1170 5888 est
1197 5846 1416 5888 carmen
1460 5830 1882 5902 alphabeticum.
1913 5828 2037 5886 Vid.
2069 5825 2288 5882 Hieron.
2325 5826 2376 5878 in
2410 5823 2634 5878 Prwfat.
2661 5822 2713 5876 in
2753 5820 2845 5876 lib.
2874 5819 2995 5891 Reg.
3021 5827 3074 5874 et
3104 5819 3171 5873 al.
3195 5817 3311 5872 Scr.
