4004 6212
335 372 474 429 11-19
1272 379 1361 434 DE
1404 378 1680 437 TlTl'LlS
1716 380 2159 439 PSALMORUM.
2196 411 2266 424 -—
2301 378 2503 438 PSAL.
2540 377 2657 436 CX.
3418 377 3560 435 115’)

405 491 458 546 7.
491 490 694 546 Μνείαν
722 494 1013 566 ἐποιήσατο
1043 495 1151 551 τῶν
1184 497 1504 569 θαυμασίων
1536 498 1722 563 αὑτοῦ,
1925 512 1974 569 Α

1657 498 1722 563 n7,
1925 512 1974 569 Α
2073 499 2119 553 7.
2150 496 2463 552 Memoriam
2490 494 2617 553 fecit
2637 495 2962 551 mirabilium
2993 510 3238 559 suorum,

403 584 457 638 8.
504 583 777 656 Ἐλεήμων
807 590 900 640 καὶ
923 588 1219 660 οἰκτίρμων
1245 592 1273 642 ὁ
1303 589 1516 661 Κύριος

2069 589 2125 644 8.
2161 588 2465 644 Misericors
2495 598 2548 643 et
2579 589 2865 643 miserator
2892 586 3191 643 Dominus:

403 676 460 732 9.
495 677 710 749 Τροφὴν
730 676 897 733 ἔδωκε
933 683 1046 744 τοῖς
1089 680 1442 753 φοϐουμένοις
1470 682 1649 736 αὐτόν.
1952 692 1957 697 ‘

1379 700 1442 746 ης
1470 682 1649 736 αὐτόν.
1952 692 1957 697 ’
2063 681 2115 735 9.
2149 680 2337 734 Escam
2362 678 2509 735 dedit
2539 678 2853 734 timentibus
2884 692 2960 732 se.

406 766 493 821 10.
530 769 915 841 Μνησθήσεται
944 774 1024 836 είς
1043 775 1135 826 τὸν
1160 773 1331 828 αίῶνα
1359 774 1623 846 διαθήκης
1656 774 1818 828 αὐτοῦ
1842 790 1857 806 ο

1796 774 1857 827 ὖ·
2065 771 2151 827 10.
2190 769 2393 826 Memor
2423 771 2526 826 erit
2551 771 2604 824 in
2632 770 2892 826 saeculum
2927 768 3233 824 testamenti
3258 768 3377 824 sui:

408 860 493 915 11.
530 863 703 934 Ἱσχὺν
730 864 904 937 ἔργων
930 866 1092 921 αὑτοῦ
1123 867 1408 939 ἀνήγγειλε
1455 867 1532 939 τῷ
1568 868 1681 938 λαῷ
1708 868 1894 936 αὑτοῦ,

2062 864 2149 917 11.
2184 861 2447 919 Virtutem
2473 877 2699 933 operum
2727 875 2952 917 suorum
2979 859 3323 915 annuntiabit
3359 859 3558 930 populo

1995 968 2118 1015 SUO,

410 1039 496 1094 12.
530 1039 637 1093 Τοῦ
664 1039 846 1095 δοῦναι
878 1042 1058 1106 αὐτοῖς
1096 1041 1454 1113 κληρονομίαν
1484 1040 1675 1096 ὲθνῶν.

1610 1042 1675 1096 ‘w.
2068 1041 2155 1096 12.
2188 1042 2259 1098 Ut
2286 1042 2376 1098 det
2405 1042 2512 1098 illis
2535 1042 2899 1098 haereditatem
2926 1042 3191 1113 gentium,

408 1131 493 1187 15.
531 1133 707 1204 Ἔργα
737 1131 932 1204 χειρῶν
960 1132 1121 1188 αὐτοῦ
1154 1133 1378 1205 ἀλήθεια
1401 1133 1494 1187 καὶ
1521 1133 1729 1205 κρίσις.

2069 1136 2155 1188 15.
2192 1134 2366 1205 Opera
2391 1151 2650 1191 manuum
2680 1136 2819 1207 ejus,
2853 1135 3049 1191 veritas
3068 1144 3121 1190 et
3146 1135 3428 1205 judicium.

407 1225 495 1280 M.
523 1226 719 1281 Πισταὶ
747 1229 916 1281 πᾶσαι
944 1229 1000 1281 αί
1026 1227 1233 1282 ἐντολαὶ
1254 1227 1417 1281 αὑτοῦ
1445 1246 1459 1259 ο

2067 1228 2156 1283 11.
2187 1227 2390 1282 Fidelia
2422 1229 2607 1283 omnia
2635 1228 2889 1285 mandata
2919 1228 3037 1299 ejus
3074 1246 3086 1281 :

408 1317 495 1373 15.
535 1319 952 1390 Ἐστηριγμέναι
975 1321 1053 1383 είς
1074 1320 1169 1373 τὸν
1201 1319 1371 1375 αίῶνα
1388 1319 1482 1373 τοῦ
1515 1318 1709 1381 αίῶνος
1733 1335 1745 1350 ⁸

1517 1318 1745 1381 αίῶνος’
2070 1321 2153 1375 15.
2182 1319 2511 1376 Continuata
2546 1322 2599 1376 in
2631 1322 2888 1378 saeculum
2917 1322 3098 1378 saeculi

407 1409 495 1464 16.
531 1411 901 1482 Πεποιημὲναι
926 1413 983 1465 ὲν
1014 1410 1241 1483 ἀληθείᾳ
1269 1412 1364 1465 καὶ
1386 1410 1659 1481 εὐθύτητι.

1477 1410 1659 1481 κύτητι.
2068 1410 2152 1465 ’6.
2184 1411 2348 1467 Facta
2380 1413 2433 1466 in
2462 1414 2686 1469 veritate
2714 1422 2769 1468 et
2791 1414 3058 1482 aequitate.

409 1504 495 1558 17.
530 1503 814 1576 Λύτρωσιν
838 1503 1123 1558 ἀπέστειλε
1155 1502 1482 1575 [ἀπέστειλε
1510 1501 1730 1572 Κύριος,
1762 1508 1866 1556 etc.
1873 1537 1895 1571 λ

2064 1502 2151 1558 17.
2184 1502 2635 1575 Redemptiouem
2661 1506 2813 1562 misit
2841 1504 3013 1578 [misit
3040 1503 3327 1576 Dominus]
3359 1517 3557 1574 popino

334 1594 413 1665 τῷ
444 1594 556 1665 λαῷ
576 1595 737 1649 αὺτοῦ
768 1612 784 1628 ·

576 1595 737 1649 αὑτοῦ
768 1612 784 1628 ο
1995 1610 2096 1651 suo
2126 1608 2138 1646 :

405 1686 492 1740 18.
537 1685 866 1742 Ἑνετείλατο
889 1686 970 1749 είς
999 1685 1091 1740 τὸν
1121 1684 1291 1740 αἰῶνα
1320 1683 1583 1756 διαθήκην
1621 1683 1783 1740 αὑτοῦ
1808 1699 1824 1715 ο

2067 1686 2157 1742 18.
2188 1685 2463 1744 Mandavit
2490 1689 2545 1744 in
2575 1698 2836 1745 aeternum
2867 1696 3245 1745 testamentum
3272 1703 3464 1744 suum:

404 1779 494 1833 19.
532 1779 719 1849 Ἀγιον
741 1779 837 1833 καὶ
869 1778 1097 1849 φοϐερὸν
1117 1778 1178 1832 τὺ
1197 1777 1366 1849 ὄνομα
1388 1776 1574 1831 αὑτοῦ.

2067 1776 2153 1832 19.
2183 1776 2442 1832 Sanctum
2472 1788 2527 1834 et
2553 1780 2793 1835 terribile
2825 1795 3019 1836 nomen
3054 1779 3190 1849 ejus.

403 1866 492 1920 20.
534 1867 700 1941 Ἀρχὴ
725 1867 915 1937 σοφίας
948 1860 1112 1937 φόϐος
1140 1865 1341 1941 Κυρίου
1367 1884 1380 1897 ·
1925 1886 1970 1941 Β

1925 1886 1970 1941 Β
2064 1865 2402 1924 20.1nitium
2433 1871 2711 1940 sapientiae
2743 1872 2906 1927 timor
2931 1871 3143 1926 Domini
3169 1890 3182 1927 :

400 1954 492 2009 21.
518 1955 738 2021 Σύνεσις
765 1956 822 2011 δὲ
860 1956 1039 2027 ἀγαθὴ
1068 1958 1202 2015 πᾶσι
1230 1958 1339 2020 τοῖς
1368 1953 1613 2009 ποιοῦσιν
1648 1955 1819 2028 αὐτήν
1838 1972 1852 1986 ·

2064 1959 2155 2013 21.
2190 1959 2496 2017 Intellectus
2527 1962 2705 2017 bonus
2734 1963 2989 2018 omnibus
3030 1961 3353 2018 facientibus
3395 1975 3556 2016 eam:

400 2046 490 2103 22.
534 2049 597 2101 Ἡ
612 2048 816 2113 αίνεσις
830 2048 992 2102 αὐτοῦ
1015 2048 1163 2120 μένει
1183 2050 1263 2110 είς
1277 2048 1368 2102 τὸν
1385 2047 1555 2103 αἰῶνα
1567 2046 1662 2100 τοῦ
1678 2046 1889 2111 αίῶνος.

1795 2064 1889 2111 νος.
2062 2049 2152 2105 22.
2176 2049 2440 2107 Laudatio
2462 2052 2583 2123 ejus
2604 2061 2784 2108 manet
2808 2052 2863 2107 in
2892 2053 3148 2107 saeculum
3178 2052 3376 2107 saeculi.

1441 2222 1818 2279 ATHANASll
1857 2222 2155 2280 INTERPR
2168 2226 2445 2284 ETATIO.

400 2382 456 2438 7.
488 2382 941 2455 Ἐμνημόνευσεν,
975 2384 1047 2447 ὡς
1094 2385 1319 2454 προεῖπε
1354 2383 1442 2438 διὰ
1466 2383 1572 2438 τῶν
1598 2384 1891 2455 προφητῶν

2068 2386 2119 2440 7.
2152 2350 2486 2443 Recordatus
2511 2397 2614 2453 est,
2647 2399 2706 2443 ut
2750 2389 2999 2458 praedixit
3031 2405 3128 2459 per
3151 2404 3280 2444 suos
3318 2388 3559 2458 pronec

330 2472 520 2541 αὑτοῦ,
552 2473 745 2541 ἐλθεῖν,
777 2475 873 2530 καὶ
891 2475 967 2545 (1)
990 2474 1078 2529 διὰ
1104 2474 1214 2529 τῶν
1240 2473 1580 2547 παθημάτων
1602 2476 1766 2530 αὑτοῦ
1791 2476 1894 2529 σῶ-

1870 2506 1894 2517 -
1998 2490 2107 2546 tas,
2141 2480 2347 2545 venire,
2376 2489 2429 2536 et
2450 2496 2545 2553 per
2567 2482 2874 2553 passionem
2902 2497 3059 2538 suam
3093 2481 3303 2537 salvare
3331 2496 3448 2537 nos.

330 2584 423 2621 σαι
458 2568 623 2621 ἡμᾶς.

404 2586 423 2621 ι
539 2568 574 2620 ἃ
610 2606 623 2621 .

365 2568 642 2732 α8.ὴ’ἒλζή
652 2675 767 2730 μων
790 2658 899 2731 γὰρ
930 2660 1024 2714 καὶ
1049 2659 1348 2732 οίκτίρμων
1370 2660 1655 2733 ὑπάρχειὸ
1673 2659 1890 2733 Κύριος.

1875 2704 1890 2718 .
2063 2658 2118 2713 8.
2145 2657 2456 2715 Misericors
2489 2658 2635 2715 enim
2667 2668 2722 2714 et
2747 2660 3032 2713 miserator
3062 2667 3144 2714 est
3168 2657 3450 2714 Dominus.

400 2751 456 2806 9.
501 2751 721 2806 Ἑαυτὸν
749 2751 859 2824 γὰρ
880 2752 1107 2824 τροφὴν,
1138 2752 1233 2806 καὶ
1255 2751 1323 2806 τά
1354 2751 1510 2820 λόγια
1534 2752 1700 2807 αὐτοῦ
1726 2752 1891 2807 ἔδωκε

2067 2750 2119 2805 9.
2155 2748 2225 2806 Se
2253 2751 2431 2820 ipsum
2468 2751 2614 2805 enim
2641 2750 2694 2804 in
2721 2766 2926 2816 escam,
2967 2759 3022 2805 et
3047 2750 3262 2821 eloquia
3290 2766 3387 2806 sua
3415 2752 3560 2807 dedit

326 2846 442 2908 τοῖς
463 2843 628 2914 φοϐου
635 2844 815 2916 μένοις
834 2845 1019 2899 αὐτόν.

906 2845 1019 2899 τόν.
1995 2842 2313 2898 umentibus
2341 2858 2487 2898 eum.

406 2936 493 2992 10.
532 2936 910 3000 Ἀδιαλείπτως
947 2936 1313 3009 μνησθήσεται
1341 2936 1449 2991 τῶν
1492 2938 1665 3007 ἀγίων
1701 2936 1887 2993 αὐτοῦ.

2070 2934 2156 2989 10.
2188 2935 2558 2991 Indesinenter
2574 2937 2951 2992 recordabitur
2976 2946 3285 2993 sanctorum
3313 2950 3558 2991 suorum.

402 3028 489 3084 11.
523 3029 635 3100 Τὴν
665 3027 892 3100 δύναμιν
919 3027 1028 3082 τῶν
1057 3027 1288 3099 Γραφῶν
1320 3027 1396 3099 (2)
1434 3027 1541 3084 τῶν
1571 3029 1890 3102 προλεχθέν-

2064 3024 2152 3081 11.
2195 3024 2456 3083 Virtutem
2484 3027 2612 3100 [hoc
2640 3038 2726 3085 est
2757 3044 3014 3084 arcanum
3043 3026 3290 3100 sensum]
3316 3028 3561 3098 Scriptu-

323 3137 435 3174 των
458 3118 765 3192 ἑφανέρωσε
794 3121 905 3183 τοῖς
942 3119 1257 3183 ἀποστόλοις
1284 3117 1470 3173 αὐτοῦ.

1990 3130 2176 3172 rarum
2208 3117 2275 3172 de
2324 3119 2390 3172 iis
2435 3135 2556 3190 quae
2607 3120 2862 3190 praedicta
2917 3119 3160 3187 fuerunt,
3191 3116 3563 3175 manifestavit

1992 3213 2258 3284 apostolis
2288 3211 2424 3267 suis.

400 3302 486 3356 12.
512 3300 618 3355 Τοῦ
643 3301 823 3357 δοῦναι
852 3302 964 3365 τοῖς
990 3300 1308 3366 ἀποστόλοις
1332 3299 1585 3367 ἐξουσίαν
1608 3301 1891 3374 κυριεῦσαι

2063 3303 2151 3360 12.
2190 3301 2259 3358 Ut
2293 3303 2448 3359 daret
2472 3305 2729 3375 apostolis
2758 3313 3079 3375 potestatem
3108 3300 3424 3357 dominandi
3453 3316 3551 3356 su-

323 3395 417 3449 διά
440 3394 517 3467 (5)
547 3394 640 3449 τοῦ
667 3395 1021 3468 κηρύγματος
1048 3397 1264 3452 πάντων
1285 3397 1395 3451 τῶν
1421 3397 1611 3453 ἐθνῶν.

1547 3398 1611 3453 δν.
1992 3408 2089 3465 per
2115 3410 2305 3451 omnes
2333 3404 2521 3464 gentes
2547 3411 2644 3467 per
2669 3394 3128 3466 praedicationem.

399 3486 486 3543 15.
520 3488 602 3542 Τὰ
632 3488 768 3561 ἔργα
798 3488 905 3544 τῶν
940 3490 1252 3544 ἀποστόλων
1280 3488 1444 3543 αὐτοῦ
1483 3489 1666 3553 πίστις
1694 3489 1791 3545 καὶ
1815 3489 1892 3545 δι-

1815 3489 1892 3545 δι-
2068 3486 2151 3542 15.
2182 3486 2357 3558 Opera
2385 3488 2755 3559 apostolorum
2782 3486 2902 3556 ejus
2928 3486 3061 3543 lides
3093 3495 3146 3541 et
3163 3485 3389 3556 justitia.

324 3577 610 3650 καιοσύνη.

402 3670 490 3725 14.
533 3669 778 3740 ’Δληθεῖς
804 3672 860 3724 αἱ
889 3670 1208 3740 ἐπαγγελίαι
1239 3669 1424 3726 αὐτοῦ.
1922 3659 1965 3716 C

1351 3669 1424 3726 αὖ.
1922 3659 1965 3716 C
2072 3667 2159 3721 M.
2190 3666 2345 3724 Verte
2374 3668 2771 3738 promissiones
2794 3668 2932 3738 ejus.

401 3760 487 3815 15.
517 3760 620 3814 Καὶ
651 3761 1038 3834 ἀμεταμέλητα
1060 3763 1131 3816 τὰ
1153 3763 1465 3836 χαρίσματα
1498 3760 1665 3817 αὐτοῦ
1691 3762 1794 3834 (ι).

1547 3760 1665 3817 ὗτοῦ
1691 3762 1794 3834 (ι).
2064 3759 2150 3812 15.
2188 3758 2252 3813 Et
2286 3760 2403 3814 sine
2431 3759 2745 3829 poenitentia
2767 3759 2907 3813 dona
2942 3759 3128 3829 ipsius.

403 3852 488 3906 16.
520 3850 939 3924 Κατηρτισμὲνα
965 3852 1139 3925 (ὅ).ὲν
1166 3854 1348 3908 πίστει
1389 3854 1483 3909 καὶ
1531 3854 1862 3925 δικαιοσύνῃ.

1418 3854 1483 3909 nt
1531 3854 1862 3925 δικαιοσύνῃ.
2069 3850 2159 3905 16.
2184 3849 2433 3905 Perfecta
2460 3851 2514 3904 in
2557 3850 2659 3906 ﬁde
2689 3860 2744 3906 et
2770 3850 2999 3918 justitia.

398 3943 487 3998 17.
526 3944 583 3998 '0
617 3945 809 4017 Πατὴρ
834 3945 926 4001 τὸν
968 3944 1095 4000 Υἱόν
1122 3944 1287 4001 αὐτοῦ
1332 3945 1423 4000 τὸν
1465 3946 1731 4017 μονογενῆ
1769 3945 1898 3998 ἔδω-

2063 3942 2153 3997 17.
2200 3940 2362 3997 Pater
2413 3941 2610 3997 Filium
2657 3957 2817 3997 suum
2861 3938 3202 4011 unigenitum
3252 3936 3402 3993 dedit
3460 3950 3558 4005 pro

320 4053 424 4091 κεν
450 4035 589 4106 ὑπὲρ
610 4036 710 4108 τῆς
734 4036 829 4090 τοῦ
865 4037 1069 4109 κόσμου
1104 4037 1269 4109 ζωῆς.

2077 4036 2177 4090 Indi
2209 4035 2335 4090 vita.
3656 4024 3658 4033 ’

401 4126 484 4182 18.
526 4127 856 4182 Ἐνετείλατο
892 4130 1004 4193 τοῖς
1033 4130 1380 4184 πιστεύουσιν
1420 4129 1570 4202 αὐτῷ
1600 4129 1892 4200 φυλάσσειν

2072 4128 2158 4183 18.
2187 4127 2449 4200 Praecepit
2492 4127 2834 4185 credentibus
2879 4127 2928 4181 ei
2980 4122 3253 4181 custodire
3302 4117 3556 4175 mandata

319 4217 392 4271 τὰ
417 4219 815 4290 προστάγματα
844 4217 1028 4273 αὐτοῦ.
1996 4237 2116 4278 sua.

396 4308 488 4365 19.
523 4311 768 4377 Ἔνδοξον
791 4314 902 4376 τοῖς
932 4311 1110 4382 ἁγίοις
1141 4315 1235 4366 καὶ
1262 4312 1489 4384 φοϐερὸν
1520 4316 1634 4378 τοῖς
1674 4313 1890 4386 δαίμοσι

2069 4313 2159 4369 19.
2211 4313 2525 4368 Gloriosum
2569 4312 2793 4377 sanctis,
2842 4300 2895 4366 et
2941 4306 3180 4364 terribile
3220 4302 3556 4361 damonibus

318 4402 385 4457 τὸ
407 4401 579 4475 ὄνομα
600 4403 783 4459 αὐτοῦ.

2008 4419 2194 4459 nomen
2219 4403 2359 4474 ejus.
3580 4416 3589 4424 τ

391 4493 487 4549 20.
516 4494 625 4550 Κάὶ
645 4497 810 4569 ἀρχαὶ
837 4496 914 4569 (ϐ)
958 4497 1193 4562 πίστεως
1220 4498 1281 4552 τὸ
1305 4498 1607 4571 φοϐηθῆναι
1643 4499 1735 4553 τὸν
1777 4497 1887 4552 Κύ-

1726 4515 1735 4548 ν
1777 4497 1887 4552 Κύ-
2000 4558 2011 4563 ,
2067 4497 2159 4554 20.
2193 4497 2259 4554 Ει
2290 4496 2501 4552 initium
2530 4497 2652 4552 fidei
2683 4495 2875 4551 timere
2896 4492 3184 4548 Dominum
3211 4488 3307 4561 (α).

317 4604 462 4660 ριον.

389 4677 483 4732 21.
514 4678 689 4752 Χάρις
718 4680 776 4734 δὲ
797 4681 1113 4754 Πνεύματος
1141 4682 1297 4753 ἁγίου
1330 4682 1448 4739 ἐστὶ
1479 4686 1615 4739 πᾶσι
1654 4687 1767 4749 τοῖς
1793 4702 1887 4755 φο-

2066 4675 2157 4730 21.
2195 4674 2380 4730 Gratia
2410 4683 2589 4730 autem
2625 4672 2862 4744 Spiritus
2898 4670 3071 4728 sancti
3091 4678 3175 4725 est
3206 4665 3455 4724 omnibus
3488 4661 3556 4716 ti-

311 4772 418 4823 ϐου
427 4771 605 4840 μένοις
630 4772 722 4826 τὸν
745 4772 961 4843 Κύριον.

1992 4769 2266 4824 mentibus
2288 4768 2597 4826 Dominum.

389 4858 483 4914 22.
510 4860 886 4935 ’Δτελεύτητος
920 4864 1068 4936 μένει
1096 4866 1172 4938 (7)
1204 4870 1238 4939 ἠ
1284 4867 1489 4931 αίνεσις
1536 4865 1631 4921 τοῦ
1665 4863 1883 4921 Κυρίου.
1916 4878 1969 4940 ι)

1580 4865 1631 4921 αὖ
1665 4863 1883 4921 Κυρίου.
1916 4878 1969 4940 ι)
2067 4861 2155 4917 22.
2185 4859 2315 4915 Sine
2338 4862 2442 4916 line
2470 4870 2653 4915 manet
2683 4856 2921 4913 laudatio
2948 4852 3161 4910 Domini

1272 5042 1586 5107 Addenda
1617 5051 1680 5106 et
1715 4996 2090 5121 corrigenda
2124 5057 2202 5102 ex
2239 5036 2379 5099 cod.
2407 5036 2610 5103 Vatic,

392 5197 470 5268 (1)
497 5191 877 5276 ’ίΩνψπροεῖπεν
906 5203 954 5258 ὃ.
984 5221 1037 5257 τ.
1062 5221 1122 5260 π.
1154 5205 1248 5259 τοῦ
1273 5206 1465 5276 ἐλεεῖν,
1493 5205 1607 5275 καί,
1635 5216 1764 5272 etc.,
1786 5223 1889 5260 σω-
2173 5201 2593 5276 ξᾼμεταμέλητα
2620 5201 2728 5274 γὰρ
2751 5199 2818 5253 τὰ
2848 5197 3155 5270 χαρίσματα
3173 5199 3266 5246 τοῦ
3296 5189 3443 5252 Θεοῦ,

305 5269 678 5344 caveque;
745 5342 765 5344 _
852 5343 887 5344 η
1449 5269 1461 5276 ’
1593 5269 1603 5275 ⁷
1751 5269 1759 5272 ⁷
2064 5272 2140 5344 (5)
2173 5269 2630 5344 Κατηρτισμέναι.

394 5340 474 5418 12)
508 5341 808 5418 Πρρφητῶν
842 5343 983 5415 (leg.
1018 5344 1198 5413 potius
1228 5344 1446 5401 videtur
1482 5345 1887 5418 προφητειῶν.)

1272 5344 1446 5401 idetur
1482 5345 1887 5418 προφητειῶν.)
2064 5340 2140 5418 (ρ)
2177 5340 2527 5418 idaliteth
2561 5343 2662 5398 καί
2691 5348 2744 5397 et
2769 5341 2853 5393 τό.

394 5360 474 5409 (τι)
509 5360 808 5413 Προφητων
842 5360 983 5415 (leg.
1018 5360 1198 5413 ponus
1228 5360 1446 5401 Videtur
1482 5362 1848 5418 προφητειων.
1867 5360 1887 5415 )

392 5410 473 5482 (ὅ)
502 5411 605 5466 Διά
624 5414 799 5469 deest.

953 5360 983 5414 ς.
1018 5360 1198 5413 ponus
1228 5360 1446 5401 Videtur
1482 5362 1848 5418 προφητειων.
1867 5360 1887 5415 )
2064 5360 2118 5399 (υ
2180 5360 2233 5394 ‘A
2274 5360 2366 5412 χηο
2401 5360 2527 5407 εισι»

2065 5360 2141 5483 (71
2172 5360 2347 5466 Μὲνει
2367 5412 2534 5468 deest.

394 5623 476 5697 (α)
512 5624 689 5681 Aliam
736 5624 892 5681 atl‘ert
931 5623 1065 5682 Dan.
1109 5624 1387 5683 Barbarus
1419 5628 1941 5698 interpretationem,
1987 5646 2106 5704 quae
2141 5638 2224 5687 est
2264 5630 2490 5701 Didymi.
