4004 6212
476 371 609 430 1151

911 486 1156 542 Alleluia.
1185 483 1390 540 PSAL.
1426 483 1578 540 CXI.

544 580 598 634 1.
627 577 825 635 Beatus
851 579 952 643 vir,
984 577 1077 649 qui
1114 577 1265 633 timet
1301 576 1591 649 Dominum
1618 593 1637 633 :

543 668 597 722 2.
633 666 691 723 1n
719 667 987 723 mandatis
1002 647 1136 738 ﬁejus
1169 668 1315 722 volet
1331 647 1524 725 'nimis.

544 759 599 817 5.
628 760 822 815 Potens
853 760 910 814 in
943 768 1085 814 terra
1110 758 1215 815 erit
1248 775 1431 815 semen
1460 760 1614 829 ejus:

543 853 597 907 4.
625 852 911 908 Generatio
942 862 1214 909 rectorum
1242 852 1612 908 benedicatur.

547 947 600 1001 5.
631 946 811 1001 Gloria
843 954 897 1002 et
923 946 1123 1002 divitia:
1152 947 1208 1001 in
1237 946 1402 1001 domo
1433 945 1551 1016 ejus
1579 963 1594 999 :

545 1040 599 1096 6.
629 1040 694 1094 Et
710 1040 922 1109 justitia
948 1041 1066 1112 ejus
1098 1039 1359 1096 manet'in
1384 1038 1644 1096 saeculum
1669 1033 1877 1095 saeculi.

542 1220 595 1274 7.
626 1219 887 1275 Exortum
919 1228 1002 1276 est
1024 1220 1080 1274 in
1109 1217 1346 1274 tenebris
1371 1216 1553 1271 lumen
1581 1211 1763 1268 rectis.

544 1312 599 1367 8.
633 1312 938 1369 Misericors
963 1322 1018 1366 et
1047 1311 1338 1366 miserator
1363 1317 1416 1363 et
1433 1307 1614 1378 justus
1641 1322 1656 1359 :

472 1436 486 1448 -
543 1407 596 1461 9.
627 1404 908 1461 Iucundus
930 1404 1012 1460 vir
1032 1404 1124 1475 qui
1149 1403 1439 1458 miseretur
1460 1408 1515 1455 et
1541 1395 1887 1453 commodat:

543 1496 629 1550 1ο.
660 1493 918 1564 Disponet
940 1508 1222 1551 sermones
1251 1505 1382 1547 suos
1411 1490 1466 1544 in
1484 1488 1731 1559 judicio:

541 1585 629 1638 11.
655 1584 792 1651 Quia
819 1586 873 1639 in
899 1594 1159 1639 aeternum
1191 1598 1299 1637 non
1323 1578 1779 1641 commovebitur.

534 1678 630 1743 12.
662 1678 720 1733 In
751 1681 1010 1732 memoria
1037 1685 1237 1732 aeterna
1263 1675 1366 1730 erit
1392 1674 1615 1744 justus:

542 1771 630 1826 15.
664 1770 747 1825 Ab
773 1771 1049 1825 auditione
1072 1770 1212 1824 mala
1241 1784 1346 1822 non
1379 1766 1613 1822 timebit.

546 1863 628 1917 14.
662 1862 916 1918 Paratum
945 1877 1041 1918 cor
1064 1861 1183 1932 ejus
1211 1873 1431 1933 sperare
1456 1859 1513 1914 in
1552 1856 1782 1913 Domino
1810 1873 1822 1908 :

543 1954 629 2008 15.
659 1954 1044 2009 Conlirmatum
1089 1961 1173 2009 est
1195 1966 1293 2008 eor
1312 1950 1453 2022 ejus,
1477 1964 1586 2005 non
1616 1947 1826 2003 timebit

1310 369 1371 425 S.
1411 365 1785 424 ATHANASII
1823 364 1973 424 OPP.
2014 363 2193 421 PARS
2231 352 2317 419 111.
2356 388 2426 402 -
2463 355 2870 416 EXEGETICA.

2058 490 2109 549 Δ

3559 348 3705 408 1152

2511 448 2892 544 Eunaeum.
2939 473 3112 526 ΨΑΛ.
3157 471 3315 526 PIA'.

2205 571 2257 624 1.
2285 567 2572 638 Μακάριος
2604 563 2743 636 ἀνὴρ
2773 564 2802 616 ὁ
2826 560 3157 633 φοϐούμενος
3182 559 3274 614 τδν
3314 557 3509 630 Κύριον
3531 575 3546 590 ·

2203 661 2259 715 2.
2310 660 2395 712 Ἐν
2417 659 2541 722 ταῖς
2576 654 2817 718 ἐντολαῖς
2842 651 3005 706 αὐτοῦ
3032 652 3247 722 θελήσει
3274 649 3499 720 σφόδρα.

2203 752 2255 806 5.
2288 749 2518 804 Δυνατδν
2552 750 2608 801 ὲν
2640 749 2707 818 τῇ
2730 748 2801 817 γῇ
2833 744 2987 799 ἔσται
3018 744 3078 798 τὸ
3104 743 3323 814 σπέρμα
3351 740 3549 797 αὑτοῦ·

2201 838 2445 899 4.⁴Γενεὰ
2471 839 2672 895 εὐθέων
2696 836 3139 909 εὐλογηθήσεται.

2181 935 2255 989 5.
2288 935 2424 999 Δόξα
2452 932 2547 986 καὶ
2575 930 2801 993 πλοῦτος
2831 931 2888 983 ὲν
2911 929 2990 999 τῷ
3018 928 3151 999 οἴκῳ
3172 925 3356 982 αὐτοῦ’

2203 1027 2253 1082 6.
2286 1027 2395 1081 Καὶ
2422 1028 2456 1097 ἡ
2484 1021 2795 1092 δικαιοσύνη
2820 1018 2984 1077 αὐτοῦ
3019 1019 3168 1091 μένει
3190 1023 3267 1084 εἰς
3292 1018 3380 1073 τὸν
3401 1018 3572 1074 αῐιῖινα
3603 1016 3702 1074 τοῦ

2133 1118 2351 1182 αἰῶνος.

2202 1210 2253 1263 7.
2296 1208 2658 1277 Ἐξανέτειλεν
2681 1205 2740 1261 ὲν
2762 1206 2941 1261 σκότει
2966 1206 3082 1276 φῶς
3111 1207 3223 1269 τοῖς
3251 1203 3489 1258 εὐθέσιν⁸

2201 1302 2254 1357 8.
2282 1302 2436 1373 Ἐλεή
2446 1317 2562 1373 μων
2589 1301 2684 1356 καὶ
2702 1300 2999 1371 οἰκτίρμων
3024 1298 3119 1351 καὶ
3142 1297 3367 1361 δίκαιος.

2200 1392 2254 1449 9.
2286 1393 2533 1467 Χρηστδς
2558 1393 2697 1465 ἀνὴρ
2725 1394 2757 1447 ὁ
2782 1391 3063 1463 οἰκτείρων
3085 1391 3179 1444 καὶ¹
3208 1388 3414 1461 κιχρῶν
3430 1405 3447 1422 ’

2201 1484 2289 1540 10.
2317 1486 2673 1556 Οἱκονομήσει
2699 1483 2824 1548 τοὺς
2850 1483 3038 1552 λόγους
3065 1481 3228 1536 αὑτοῦ
3255 1481 3314 1536 ὲν
3345 1480 3555 1553 κρίσει⁶

2201 1577 2288 1632 11.
2320 1578 2443 1632 Ὅτι
2464 1578 2545 1642 είς
2575 1575 2863 1639 τὸν,αίῶνα
2889 1574 2951 1627 οὑ
2984 1573 3391 1644 σαλευθήσεται.

2202 1669 2290 1725 12.
2322 1670 2416 1734 El;
2452 1668 2790 1742 μνημόσυνον
2822 1664 3038 1720 αἰώνιον
3069 1665 3221 1722 ἔσται
3248 1665 3481 1730 δίκαιος’
3568 1718 3578 1726 ,

2203 1760 2291 1815 15.
2324 1761 2662 1831 Ἀπὸ-ἀκοῆς
2695 1760 2935 1830 πονηρᾶς
2966 1760 3028 1813 οὐ
3063 1756 3446 1829 φοϐηθήσεται.

2205 1851 2293 1906 14.
2341 1851 2561 1923 Ἐτοίμη
2591 1852 2625 1922 ἡ
2655 1850 2855 1922 καρδία
2883 1835 3050 1904 αὐτοῧ
3080 1849 3319 1915 ἐλπίζειν
3357 1849 3448 1902 ἐπὶ
3468 1847 3698 1919 Κύριον

2209 1944 2297 1999 15.
2337 1945 2686 2017 Ἐστήρικται
2719 1944 2752 2015 ή
2777 1942 2971 2014 καρδία
2994 1940 3182 2007 αὐτοῦ,
3209 1941 3271 1994 οὐ
3301 1941 3376 2013 μὴ
3400 1940 3635 2013 φοϐηθῇ,

1586 2121 1959 2181 ATHANASII
1995 2119 2577 2178 INTERPRETATIO.

554 2286 620 2343 Ἦ
671 2288 1000 2360 προκειμένη
1036 2290 1316 2362 ἐπιγραφὴ
1349 2284 1592 2360 περιέχει
1612 2284 1687 2357 (1)
1713 2302 1726 2316 ·
1760 2282 2134 2352 Ἀλληλούτα,
2165 2281 2303 2354 ὅπερ
2346 2278 2713 2353 ἑρμηνεύεται.
2732 2277 3010 2332 αῑνέσατε
3033 2315 3049 2342 ,
3085 2275 3396 2345 ὐμνήσατε
3421 2272 3531 2328 τὸν
3557 2272 3705 2327 ὄντα

477 2383 643 2437 θεόν.

551 2475 761 2533 Titulus
788 2475 1111 2547 praepositus
1144 2475 1418 2532 continet:
1449 2472 1707 2542 Alleluia,
1741 2474 1886 2544 quod
1922 2474 2329 2540 interpretatur,
2357 2469 2572 2524 laudate
2604 2475 2653 2522 et
2686 2470 2917 2521 exaltate
2941 2481 3060 2520 eum
3085 2465 3174 2536 qui
3204 2464 3345 2518 Deus
3374 2472 3473 2520 est.

545 2662 597 2716 1.
629 2660 765 2728 Quia
795 2661 1028 2718 abstinet
1060 2661 1129 2716 ab
1161 2660 1311 2716 omni
1336 2658 1506 2716 malo.

541 2752 597 2806 2.
631 2753 821 2808 Studet
850 2753 1074 2824 implere
1096 2753 1217 2823 ejus
1247 2761 1535 2824 praecepta.

540 2842 595 2896 5.
623 2841 680 2897 In
711 2851 853 2899 terra
892 2844 1189 2899 viventium
1216 2843 1466 2914 ’pretiosa
1489 2847 1652 2896 erunt
1690 2853 1852 2910 opera
1885 2837 2027 2910 ejus.

542 3019 596 3074 4.
623 3021 839 3078 Chorus
870 3036 1081 3088 eorum,
1110 3022 1202 3093 qui
1231 3022 1395 3078 corde
1427 3019 1614 3074 mundi
1646 3026 1792 3083 sunt,
1826 3016 2031 3089 gloriﬁ-

469 3112 698 3167 rabitur.

538 3204 593 3260 5.
626 3202 817 3259 Omnis
840 3204 1011 3275 gratia
1034 3213 1087 3258 et
1112 3202 1322 3273 iustitia
1354 3204 1410 3258 in
1434 3212 1581 3259 sorte
1608 3210 1943 3259 sanctorum.

535 3374 588 3429 6.
621 3374 688 3429 Et
714 3390 900 3430 eorum
929 3376 1215 3431 retributio
1238 3379 1590 3446 sempiterna.

532 3466 587 3523 7.
619 3465 868 3521 Ostendit
902 3466 954 3519 in
983 3467 1188 3522 mundo
1217 3468 1423 3523 sanctis
1452 3466 1651 3523 Filium
1680 3484 1864 3524 suum.

537 3558 592 3621 8,
617 3559 669 3612 9.
704 3555 886 3613 Bonus
914 3559 1015 3625 vir,
1044 3561 1135 3629 qui
1155 3563 1206 3614 in
1235 3563 1499 3617 charitate
1519 3564 1886 3618 communicat
1906 3580 2029 3619 cum

464 3648 712 3717 proximo
736 3663 837 3704 suo
862 3650 1025 3714 dona,
1059 3667 1181 3721 quae
1210 3652 1313 3709 ius:
1349 3669 1381 3707 a
1406 3652 1518 3709 Deo
1541 3654 1667 3709 data
1704 3666 1854 3710 sunt.

545 3810 625 3864 10.
659 3808 810 3866 Dicet
829 3813 973 3866 enim
998 3812 1230 3868 Domino
1261 3816 1314 3870 in
1334 3815 1542 3888 judicio
1565 3836 1581 3873 :
1608 3821 1855 3884 Domine,
1878 3823 2031 3889 quin-

464 3915 559 3970 que
586 3899 781 3954 talenta
805 3900 1080 3957 tradidisti
1118 3905 1268 3973 mihi,
1296 3923 1410 3961 ecce
1436 3907 1549 3962 alia
1577 3909 1801 3980 quinque
1826 3909 2028 3964 talenta

467 3992 702 4046 lucratus
731 4011 848 4050 sum
881 3988 946 4046 “.

528 4085 614 4141 11.
646 4084 901 4158 lmpletus
926 4098 1009 4146 est
1032 4090 1175 4144 enim
1201 4091 1396 4159 gaudio
1421 4100 1475 4147 et
1501 4093 1794 4148 exsultabit
1820 4093 1920 4164 (a).

533 4178 619 4230 12.
656 4178 807 4235 Dicet
836 4182 982 4236 enim
1030 4183 1133 4252 ipsi
1179 4180 1442 4238 Dominus
1471 4203 1484 4239 :
1518 4182 1684 4254 Euge,
1719 4201 1859 4239 serve
1902 4186 2029 4239 bone

460 4276 509 4321 el
534 4268 729 4337 ﬁdelis,
756 4273 882 4341 quia
911 4289 1068 4342 super
1088 4290 1260 4342 pauca
1284 4274 1435 4344 fuisti
1455 4274 1647 4344 ﬁdelis,
1680 4290 1841 4344 supra
1858 4275 2027 4330 multa

463 4366 512 4411 te
535 4361 870 4426 constituam,
894 4364 1035 4418 intra
1067 4365 1123 4418 in
1149 4363 1401 4436 gaudium
1426 4364 1640 4420 Domini
1670 4368 1746 4421 tui
1776 4368 1842 4421 ⁸⁷.

538 4535 619 4591 15.
648 4534 764 4593 Νοη
789 4541 1023 4611 amplius
1050 4541 1197 4598 enim
1230 4543 1332 4598 erit
1357 4544 1409 4599 ei
1432 4544 1804 4601 adversarius.

460 4718 504 4773 Β
532 4628 618 4681 M.
648 4627 904 4686 Paratum
941 4641 1027 4690 est
1066 4648 1283 4706 semper
1310 4650 1408 4692 cor
1444 4635 1567 4708 ejus
1598 4637 1667 4693 ad
1698 4637 2022 4709 placendum

508 4734 595 4773 eo.

508 4734 595 4776 ΘΟ.

530 4812 617 4868 15.
645 4812 948 4873 Perfectum
977 4819 1310 4897 [fundatum]
1337 4830 1423 4882 est
1442 4839 1539 4883 eor
1564 4827 1683 4900 ejus
1712 4826 1768 4882 in
1785 4825 1916 4884 Deo.

523 5015 570 5050 ’⁵⁵
594 5016 782 5075 Matth.
815 5038 941 5091 xxv,
972 5025 1057 5081 20.
1136 5027 1180 5060 ⁸⁷
1213 5029 1344 5087 ibid.
1374 5030 1466 5088 21.

2205 2655 2258 2711 1.
2290 2654 2413 2706 ’Ότι
2444 2649 2732 2719 ἀφίσταται
2758 2646 2866 2703 ἀπὸ
2885 2646 3086 2708 παντὸς
3110 2643 3300 2701 κακοῦ.

2204 2744 2259 2798 2.
2285 2740 2583 2806 Σπουδάζει
2611 2738 2894 2812 πληρῶσαι
2924 2738 3021 2801 τὰς
3050 2735 3269 2800 ἐντολὰς
3294 2733 3480 2789 αὐτοῦ.

2202 2836 2255 2890 5.
2298 2834 2388 2889 Ἐν
2417 2835 2485 2905 τῇ
2528 2834 2597 2904 γῇ
2642 2830 2749 2885 τῶν
2768 2816 2995 2895 ’ζώντων
3030 2827 3186 2899 τίμια
3223 2826 3435 2881 ἔσονται
3458 2825 3526 2880 τὰ
3563 2825 3707 2898 ἔργα

2135 2926 2429 3072 αὑῖῗῖΐῶν
2467 3012 2716 3087 καθαρῶν
2761 3015 2827 3084 τῇ
2868 3012 3066 3084 καρδίᾳ
3103 3012 3132 3064 ὁ
3166 3010 3326 3082 χορὸς
3375 3009 3701 3081 δοξασθήσε-

2057 3146 2100 3204 c
2136 3124 2246 3160 ται.

2205 3198 2257 3252 5.
2285 3199 2441 3252 Πᾶσα
2487 3198 2647 3269 χάρις
2693 3195 2787 3249 καὶ
2829 3194 3137 3267 δικαιοσύνη
3179 3194 3239 3249 ὲν
3278 3192 3357 3266 τῷ
3380 3193 3577 3265 κλήρῳ
3598 3191 3703 3247 τῶν

2134 3286 2325 3356 ἁγίων.

2201 3377 2252 3431 6.
2283 3376 2360 3447 (2)
2385 3377 2494 3430 Καὶ
2518 3378 2551 3446 ὴ
2582 3374 2972 3447 μισθαποδοσία
2995 3374 3171 3430 αὐτῶν
3196 3374 3572 3445 ἁτελεύτητος.

2197 3469 2250 3523 7.
2269 3466 2560 3533 ’Δνὲδειξεν
2576 3469 2633 3520 ὲν
2647 3466 2724 3538 τῷ
2739 3467 2929 3539 κόσμῳ
2945 3469 3058 3530 τοῖς
3072 3464 3247 3534 ἁγίοις
3262 3466 3351 3519 τὸν
3371 3465 3500 3518 Υῐὸν
3514 3462 3697 3517 αὐτοῦ.

2197 3561 2250 3627 8,
2279 3562 2332 3616 9.
2363 3560 2437 3631 (5)
2467 3559 2696 3628 Ἀγαθὸς
2728 3560 2866 3631 ἀνὴρ
2897 3562 2925 3613 ὁ
2954 3561 3010 3612 ἐν
3039 3559 3227 3631 ἀγάπῃ
3273 3556 3592 3628 μεταδιδοὺς
3624 3556 3701 3626 τῷ

2128 3653 2354 3723 πλησίον
2407 3650 2605 3717 αὑτοῦ,
2653 3651 2720 3704 ἐκ
2769 3649 2865 3704 τοῦ
2929 3650 3261 3724 χαρίσματος
3306 3647 3399 3702 τοῦ
3457 3647 3701 3710 δοθέντος

2130 3741 2279 3813 αὐτῷ
2310 3743 2460 3816 παρὰ
2487 3742 2580 3796 τοῦ
2616 3741 2775 3799 Θεοῦ.

2198 3834 2284 3890 10.
2317 3835 2479 3903 Λέγει
2523 3833 2639 3906 γὰρ
2672 3832 2750 3904 τῷ
2792 3831 2983 3905 Κυρίῳ
3025 3832 3083 3885 ὲν
3123 3833 3190 3903 τῇ
3236 3830 3456 3902 κρίσειο
3498 3829 3695 3897 Κύριε,

2127 3926 2307 3978 πέντε
2338 3923 2603 3979 τάλαντα
2637 3940 2739 3993 μοι
2784 3921 3152 3991 παρέδωκας,
3188 3919 3279 3975 ιδε
3319 3920 3481 3974 ἄλλα
3522 3917 3699 3972 πέντε

2127 4013 2394 4068 τάλαντα
2420 4013 2736 4081 ἐκέρδησα.

2196 4104 2281 4159 11.
2320 4104 2683 4176 Πεπλήρωται
2707 4102 2815 4174 γὰρ
2842 4104 3034 4174 χαρᾶς,
3057 4102 3150 4156 καὶ
3176 4101 3581 4172 ἁγαλλιάσεται.

2196 4194 2283 4249 12.
2321 4194 2485 4265 Λέγει
2513 4195 2622 4267 γὰρ
2657 4195 2733 4264 (4)
2779 4194 2928 4265 αὐτῷ
2955 4197 2983 4249 ὁ
3024 4194 3246 4265 Κύριος·
3278 4189 3434 4262 Εὖγε
3455 4233 3471 4257 ,
3517 4191 3696 4245 δοῦλε

2127 4285 2335 4355 ἀγαθὲ,
2366 4286 2462 4340 καὶ
2496 4287 2695 4354 more,
2726 4285 2825 4340 ἐπὶ
2856 4287 3031 4355 ὀλίγα
3050 4281 3124 4355 ἧς
3153 4285 3385 4350 πιστὸς,
3412 4283 3513 4336 ἐπὶ
3538 4285 3686 4335 πολ-

2125 4377 2252 4434 λῶν
2278 4393 2353 4433 σε
2394 4376 2776 4445 καταστήσω·
2820 4376 3057 4431 εἴσελθε
3101 4377 3187 4442 είς
3218 4374 3331 4443 τὴν
3363 4373 3559 4443 χαρὰν
3584 4370 3693 4426 τοῦ

2054 4491 2100 4548 D
2129 4472 2350 4540 Κυρίου
2384 4485 2521 4549 σοι).

2195 4562 2281 4616 15.
2311 4560 2424 4614 Οὐκ
2447 4559 2528 4614 ἔτι
2560 4558 2669 4631 γὰρ
2698 4558 2878 4614 ἔσεται
2901 4561 2930 4612 ὁ
2960 4557 3331 4627 ἀντικείμενος
3363 4555 3533 4627 αὐτῷ.

2195 4650 2282 4706 14.
2308 4650 2680 4724 Ηύτρέπισται
2725 4648 2953 4704 πάντοτε
2980 4650 3014 4719 ἡ
3066 4645 3259 4719 καρδία
3304 4643 3468 4699 αὐτοῦ
3500 4644 3582 4707 είς
3613 4641 3684 4713 (5)

2124 4742 2482 4815 εὐαρέστησιν
2512 4740 2608 4796 τοῦ
2633 4739 2791 4796 Θεοῦ.
3099 4801 3109 4809 ,

2196 4832 2284 4887 15.
2333 4831 2686 4887 Τετελείωται
2721 4827 3151 4903 [τεθεμελίωται]
3194 4829 3228 4901 ή
3278 4825 3478 4902 καρδία
3524 4822 3676 4879 αὑτοῦ

2124 4925 2185 4993 ἐν
2211 4923 2289 4995 τῷ
2317 4922 2455 4994 Θεῷ.

1395 5204 1702 5267 Addenda
1733 5215 1792 5270 et
1825 5208 2198 5288 corrigenda
2232 5231 2305 5276 ex
2355 5213 2498 5278 cod.
2534 5213 2737 5276 Vatie.

632 5314 697 5399 ’ἐξ
715 5315 927 5399 δέὰ-τῆς
942 5321 1312 5399 κινναόάρεως
1332 5329 1602 5399 περιέχει.

523 5384 602 5467 ς
635 5383 706 5467 .
727 5386 781 5467 ρ,
806 5388 869 5467 7-ζ
884 5383 1012 5467 Καὶ,
1036 5383 1573 5467 θιαξὰτέλεύτοςίῧς
1597 5401 1887 5467 ἀνέδειξεν,
1909 5411 2016 5457 etc.

450 5518 490 5575 ἀ
524 5443 602 5521 (5')
628 5452 702 5508 N.
730 5443 784 5537 8'.
826 5443 1496 5532 xs...§‘s"égs;"iii'9‘3
1519 5443 2018 5544 ﬁgasz‘ai'igg'zi

488 5522 637 5575 γάπη
670 5526 826 5575 Θεου-
852 5538 956 5575 etc-

488 5522 639 5595 γάπῃ
670 5526 826 5593 Θεοῦ,
852 5522 956 5585 etc.

2191 5333 2489 5407 (QNLM.
2515 5333 2693 5407 Λέγει
2740 5333 2876 5407 γᾴρ,
2906 5340 3013 5407 (διοΣ
3061 5329 3260 5407 Ν
3441 5326 3540 5391 ἔτι,
3572 5333 3665 5380 etc.

2123 5398 2705 5546 Νέῗὲέἶεπέήρωται
2737 5398 2846 5472 γὰρ
2874 5403 3045 5473 χαρᾶς
3075 5402 3168 5456 καὶ
3190 5398 3556 5468 ἀγαλλιάσεως

2362 5492 2390 5539 ς
2422 5491 2447 5527 τ
2488 5493 2536 5530 ν.
2800 5503 2805 5508 -

522 5687 607 5776 (βξ
627 5686 928 5776 σιξηξζηειιι..
958 5697 1054 5750 sub
1102 5716 1247 5755 num.
1289 5701 1375 5765 11,
1417 5700 1755 5776 uou__legitur
1790 5702 2012 5776 iujcod”
2063 5705 2151 5760 sed
2175 5712 2348 5761 exstat
2376 5703 2598 5773 inferius
2628 5701 2698 5756 ad
2742 5718 2795 5755 η.
2824 5701 2940 5776 ,15,
2972 5708 3021 5755 et
3049 5699 3132 5753 hic
3175 5697 3368 5768 legitur
3400 5704 3662 5752 comment.

450 5766 508 5814 11.
540 5757 627 5824 12,
660 5769 709 5814 et
738 5762 817 5818 ita
842 5764 1081 5824 deinceus
1114 5757 1428 5829 vra'voste'ro
1455 5757 1656 5841 ordine,
1695 5785 1750 5829 ut
1786 5757 2002 5830 videtur:
