4004 6212
510 303 657 364 1155‘

577 429 630 484 9.
666 427 798 494 Quis
822 428 963 484 sicut
992 427 1250 485 Dominus
1276 430 1417 487 Deus
1446 436 1671 490 noster?

580 517 666 571 10.
697 516 799 584 Qui
832 518 886 572 in
918 518 1040 573 altis
1070 519 1314 573 habitat:

583 610 667 664 11.
704 608 769 663 Ει
795 609 1019 664 humilia
1061 610 1284 681 respicit
1312 610 1561 683 [respicit
1608 623 1661 670 et
1700 616 1809 672 alta
1850 633 1879 672 a
1938 634 2077 692 onge

506 700 835 773 cognoscit],

579 792 665 848 η.
700 792 755 847 ln
781 793 919 848 coelo
948 800 1002 847 et
1021 792 1075 847 in
1105 800 1273 848 terra.

580 887 662 940 15.
699 885 978 942 Suscitans
1011 902 1040 941 a
1069 895 1214 942 terra
1251 886 1495 958 inopem.

578 977 663 1031 H.
696 978 761 1033 Et
792 978 858 1033 de
890 986 1131 1035 stercore
1164 980 1380 1050 erigens
1409 994 1721 1051 pauperem,

580 1067 664 1122 t5.
692 1067 764 1124 Ut
785 1069 1014 1125 collocet
1046 1085 1172 1126 eum
1200 1086 1325 1127 cum
1357 1072 1721 1143 principibus,

581 1158 665 1215 46.
700 1160 837 1215 Cum
865 1162 1203 1232 principibus
1237 1163 1421 1234 populi
1449 1164 1557 1219 sui.

574 1251 658 1305 17.
688 1254 791 1318 Qui
820 1253 1063 1309 habitare
1088 1253 1218 1310 facit
1250 1254 1495 1311 sterilem
1523 1255 1579 1312 in
1611 1256 1794 1324 domo,

576 1344 661 1400 18.
689 1344 908 1401 Matrem
938 1345 991 1400 in
1018 1345 1146 1403 filiis
1172 1347 1470 1404 laetantem.

1016 1458 1265 1516 Alleluia.
1313 1460 1514 1518 CXIII

580 1551 632 1606 1.
671 1550 728 1606 In
758 1551 906 1606 exitu
935 1552 1103 1609 Israel
1131 1554 1198 1609 de
1225 1553 1484 1628 Egypto,

572 1643 627 1698 2.
669 1642 873 1701 Domus
909 1644 1076 1702 Jacob
1117 1646 1184 1704 de
1210 1650 1410 1719 populo
1437 1650 1692 1708 barbaro.

575 1737 629 1791 5.
674 1735 840 1792 Facta
864 1749 947 1793 est
974 1735 1159 1795 Iudaea
1191 1740 1554 1798 sanctificatio
1597 1741 1761 1813 ejus:

574 1831 628 1885 1.
677 1829 842 1886 Israel
868 1839 1109 1902 potestas
1134 1832 1279 1903 ejus.

575 1923 627 1979 5.
668 1922 816 1978 Mare
844 1924 978 1980 vidit
1009 1934 1065 1981 et
1112 1925 1289 1997 fugit:

1328 313 1385 368 S.
1427 313 1801 374 ATHANASII
1840 318 1989 377 OPP.
2031 319 2211 377 PARS
2250 324 2338 380 111.
2379 358 2447 367 -
2485 327 2900 388 EXEGETICA.

2100 446 2148 503 Α
2244 444 2295 498 9.
2330 446 2425 510 Τίς
2455 445 2530 510 ὡς
2556 446 2754 521 Κύριος
2778 453 2807 505 ό
2830 451 2961 518 Θεὸς
2990 456 3178 527 ήμῶνς

3615 348 3745 407 1156

2248 536 2332 592 10.
2380 538 2438 591 Ὀ
2466 540 2524 594 ἐν
2554 539 2776 613 ὑψηλοῖς
2802 548 3068 602 κατοικῶν
3093 567 3107 580 ο

2248 628 2333 682 11.
2362 632 2469 684 Kal
2487 630 2560 685 τὰ
2581 635 2809 691 ταπεινά
2837 638 3048 711 ἐφορῶν
3071 640 3326 717 [ἐφορῶν,
3354 648 3448 702 καὶ
3469 647 3540 703 τε
3572 650 3748 723 ὑψηλά

2178 720 2286 774 ἀπὸ
2323 724 2591 796 μακρόθεν
2622 728 2987 803 γιγνώσκων],

2250 813 2334 869 12.
2381 816 2468 869 Ἐν
2498 818 2574 889 τῷ
2607 819 2818 895 οὐρανῷ
2845 825 2939 880 καὶ
2963 827 3020 879 ἐν
3047 829 3113 899 τῇ
3149 832 3218 903 γῇ
3239 847 3251 860 ·

2249 906 2336 961 15.
2378 905 2434 961 Ὀ
2464 909 2689 983 ἐγείρων
2715 915 2823 969 ἀπὸ
2852 915 2955 988 γῆς
2990 919 3221 991 πτωχὸν,

2250 992 2334 1053 14.
2362 999 2471 1052 Kal
2500 1001 2608 1055 ἀπὸ
2636 1004 2865 1077 κοπρίας
2901 1007 3117 1078 ἀνυψῶν
3143 1010 3367 1084 πένητα,

2250 1089 2332 1145 15.
2373 1090 2477 1145 ιΡοῦ
2513 1093 2730 1150 καθίσαι
2756 1097 2921 1154 αὐτὸν
2949 1099 3087 1171 μετά
3112 1104 3406 1176 ἀρχόντων,

2250 1182 2336 1241 16.
2374 1186 2528 1240 Μετά
2563 1188 2835 1261 ἀρχόντων
2868 1193 2996 1249 λαοῦ
3023 1195 3211 1253 αὐτοῦ.

2250 1273 2334 1327 17.
2377 1275 2434 1330 '0
2460 1279 2784 1345 κατοικίζων
2806 1286 3022 1360 στείραν
3053 1289 3111 1342 ἐν
3145 1290 3298 1367 οἴκῳ,

2250 1366 2333 1422 18.
2364 1370 2588 1444 Μητέρα
2616 1373 2707 1426 ἐπὶ
2735 1375 2944 1443 τέκνοις
2976 1366 3425 1455 εὐφραινομένην.

2689 1465 3059 1538 Ἀλληλούΐα.
3088 1476 3251 1530 PII".

2252 1554 2299 1609 1.
2341 1554 2429 1608 Ἑν
2460 1556 2624 1629 ἐξόδῳ
2658 1560 2872 1632 Ἰσραὴλ
2896 1562 2956 1628 ἐξ
2979 1565 3278 1636 Αἰγύπτου,

2247 1648 2301 1702 2.
2330 1651 2491 1703 Οῖκου
2527 1650 2718 1706 Ἰακὼὸ
2746 1658 2810 1709 ἐκ
2842 1656 2972 1710 λαοῦ
3009 1658 3303 1733 βαρϐάρου.

2250 1742 2300 1797 5.
2341 1742 2597 1817 Ἐγενήθη
2635 1748 2861 1804 Ἰουδαία
2890 1750 3133 1824 ἀγίασμα
3153 1752 3347 1808 αὐτοῦ’

2253 1832 2302 1886 4.
2342 1835 2553 1908 Ἰσραὴλ
2585 1837 2802 1904 ἐξουσία
2830 1841 3016 1897 αὐτοῦ.

2251 1924 2300 1979 5.
2345 1926 2408 1979 'H
2435 1926 2676 1983 θάλασσα
2704 1925 2810 1985 εἶδε
2841 1934 2934 1987 καὶ
2959 1933 3155 2006 ἔφυγεν
3174 1953 3189 1969 ’

1617 2042 1997 2100 ATHANASII
2035 2038 2628 2100 INTERPRETATIO.

577 2130 725 2186 9-H.
754 2129 909 2197 Quod
941 2130 994 2185 in
1034 2132 1172 2188 ccelo
1217 2132 1467 2189 habitans
1511 2133 1748 2191 humiles
1793 2144 1849 2191 et
1877 2150 2075 2206 pecca-

504 2232 651 2280 tores
676 2221 812 2278 adeo
846 2221 1054 2277 dilexit.

573 2315 658 2369 12.
688 2313 791 2381 Qui
826 2315 881 2368 in
913 2313 1053 2369 caelo
1086 2329 1336 2384 manens,
1364 2323 1420 2371 et
1446 2316 1501 2372 in
1530 2325 1730 2373 terram
1763 2318 2009 2378 advenit.

576 2409 662 2471 15.
694 2408 781 2465 11.
814 2407 920 2474 Qui
959 2423 1130 2478 genus
1165 2409 1489 2474 humanum,
1518 2412 1667 2481 quod
1692 2413 1963 2468 ceciderat
2006 2413 2077 2468 ob

504 2512 747 2555 terrenas
768 2508 822 2555 et
851 2499 1145 2571 llagitiosas
1183 2502 1688 2572 concupiscentias,
1740 2504 2072 2573 sublevavit,

500 2600 557 2645 et
580 2590 808 2660 gloriam
832 2591 882 2644 ei
907 2590 1131 2645 donavit
1159 2590 1493 2661 adoptionis.

573 2682 657 2740 15.
688 2680 759 2737 Ut
809 2681 1033 2752 dignum
1076 2681 1280 2739 faceret
1312 2700 1485 2756 genus
1526 2685 1828 2743 humanum
1859 2687 2075 2747 deliciis

500 2775 816 2845 angelorum
828 2816 842 2832 .

576 2869 662 2923 16.
683 2869 821 2926 Cum
853 2872 1077 2939 sanctis,
1107 2874 1200 2945 qui
1235 2882 1367 2931 sunt
1393 2891 1519 2933 cum
1551 2877 1760 2949 angelis
1789 2878 1923 2935 suis.

579 3024 660 3080 17.
691 3025 1041 3086 lntroducens
1067 3044 1163 3100 per
1185 3031 1347 3089 fidem
1370 3032 1672 3092 Ecclesiam
1701 3037 1944 3109 gentium
1973 3053 2071 3094 an-

501 3127 585 3174 tea
613 3118 1033 3179 infructiferam.

575 3210 660 3266 18.
683 3211 739 3268 In
759 3229 1050 3285 supernam
1071 3215 1409 3274 Hierusalem
1429 3219 1483 3275 in
1500 3222 1706 3279 sanctis
1721 3225 2065 3294 gaudentem.

2252 2131 2400 2187 9-11.
2438 2133 2559 2188 ’Ότι
2600 2135 2659 2189 ἐν
2693 2137 2769 2209 τῷ
2815 2140 3027 2214 οὐρανῷ
3075 2145 3341 2200 κατοικῶν
3384 2150 3515 2214 τοὺς
3560 2168 3747 2210 ταπει-

2181 2223 2303 2288 νοὺς
2330 2225 2424 2278 καὶ
2446 2226 2800 2298 ἁμαρτωλοὺς
2825 2232 2997 2298 οὕτως
3027 2236 3331 2310 ἠγάπησεν.

2253 2312 2339 2368 12.
2380 2315 2437 2369 Ὀ
2470 2318 2526 2369 ἐν
2552 2315 2628 2389 τῷ
2650 2321 2859 2392 οὐρανῷ
2888 2321 2963 2377 ὢν
2989 2327 3083 2379 καὶ
3103 2327 3195 2381 ἐπὶ
3223 2329 3327 2400 γῆς
3349 2336 3743 2404 παραγέγονεν.

2253 2408 2339 2471 15,
2363 2408 2448 2463 14.
2485 2409 2542 2463 Ὁ
2566 2408 2626 2465 τὸ
2665 2413 2819 2482 γένος
2854 2416 2963 2470 τῶν
2987 2418 3289 2491 ἀνθρώπων
3314 2424 3379 2477 ἐκ
3403 2426 3515 2479 τῶν
3547 2432 3746 2501 γηΐνων

2182 2501 2277 2553 καὶ
2297 2501 2519 2558 ἀσώτων
2542 2504 2841 2578 ἐπιθυμιῶν
2863 2510 3026 2565 πεσὸν
3051 2511 3377 2586 ἀναστήσας,
3402 2518 3499 2571 καὶ
3520 2518 3744 2588 δοξάσας

2178 2592 2266 2646 διά
2297 2594 2395 2665 τῆς
2424 2592 2714 2663 υἱοθεσίας.

2250 2684 2336 2740 15.
2369 2686 2474 2740 Τοῦ
2506 2687 2733 2753 ἀξιῶσαι
2762 2692 2823 2745 τὸ
2843 2693 2999 2762 γένος
3020 2695 3128 2752 τῶν
3162 2697 3465 2771 ἀνθρώπων
3486 2702 3587 2775 τῆς
3613 2705 3742 2760 ἀνα-

2180 2774 2429 2840 παύσεως
2451 2778 2559 2831 τῶν
2585 2779 2847 2849 ἀγγέλων.

2247 2867 2334 2923 16.
2359 2869 2514 2924 Μετὰ
2528 2870 2635 2926 τῶν
2656 2873 2823 2942 ἀγίων
2834 2876 2938 2931 τῶν
2954 2878 3217 2934 συνόντων
3230 2883 3341 2947 τοῖς
3359 2882 3540 2953 ἁγίοις
3560 2884 3744 2958 [ἀγγέ-

2176 2958 2312 3032 λοις]
2340 2962 2522 3019 αὐτοῦ.

2248 3052 2335 3109 17.
2372 3055 2431 3109 '0
2473 3057 2573 3129 τὴν
2618 3059 2942 3133 Ἐκκλησίαν
2979 3065 3089 3120 τῶν
3132 3067 3300 3125 ἐθνῶν
3346 3069 3447 3144 τὴν
3480 3075 3741 3148 πρότερον

2179 3140 2424 3217 ἄκαρπον
2451 3149 2686 3219 εἰσάγων
2721 3152 2809 3207 διά
2839 3156 2939 3228 τῆς
2971 3157 3223 3224 πίστεως.

2247 3237 2331 3292 18.
2357 3237 2466 3311 Τὴν
2485 3240 2595 3296 ἄνω
2623 3242 2970 3319 Ἰερουσαλὴμ
2990 3249 3282 3321 χαίρουσαν
3301 3252 3394 3309 ἐπὶ⁵
3410 3259 3525 3322 τοῖς
3546 3259 3737 3330 ἁγίοις.

577 3305 644 3358 Ἠ
669 3307 998 3379 προκειμένη
1031 3309 1306 3384 ἐπιγραφὴ
1328 3313 1568 3386 περιέχει
1596 3314 1703 3387 (1)·
1743 3318 2116 3392 umquam,
2149 3328 2178 3382 ὃ
2203 3332 2373 3402 ἐστιν,
2402 3305 2621 3391 (κινεῖτε-
2656 3305 2764 3393 τόν
2791 3305 2944 3396 ὄντᾶ
2969 3305 3134 3398 686;-

573 3397 788 3457 Titulus
815 3405 1141 3473 praepositus
1166 3406 1411 3463 continet
1439 3426 1454 3464 :
1488 3410 1744 3481 Alleluia,
1772 3414 1878 3471 hoc
1906 3427 2008 3484 est,
2045 3419 2262 3479 laudate
2285 3397 2403 3481 cuin
2431 3430 2520 3499 qui
2548 3430 2689 3486 Deus
2718 3442 2814 3491 est.

569 3513 621 3570 1..
663 3512 835 3571 Israel
865 3518 1252 3590 interpretatur
1276 3526 1499 3596 populus
1542 3528 1746 3599 fortis:
1794 3532 2061 3608 zEgypms
2090 3523 2126 3583 C

2236 3524 2287 3578 1.
2342 3525 2590 3597 Ἰσραὴλ
2636 3532 2996 3605 ἑρμηνεύεται
3041 3539 3192 3608 λαός
3231 3544 3484 3615 ἰσχυρός
3506 3563 3521 3578 ⁸
3566 3548 3739 3619 Αιγυ-

498 3615 676 3661 autem
705 3609 1078 3669 obtenebratio.
1108 3613 1245 3671 Dum
1276 3617 1445 3689 igitur
1480 3619 1693 3678 liberati
1724 3634 1856 3681 sunt
1882 3627 2069 3686 ﬁdeles

496 3714 527 3753 a
561 3701 799 3757 tenebris
828 3706 1060 3774 peccati.

567 3789 620 3843 2.
659 3790 926 3850 Fidelium
972 3800 1276 3857 tenentium
1305 3811 1570 3862 extrema.
1603 3805 1771 3863 Iacob
1811 3811 1956 3867 enim
1988 3813 2069 3869 in-

495 3893 822 3953 terpretatur
852 3895 1025 3944 tenens
1052 3902 1290 3947 extrema
1313 3911 1332 3948 :
1364 3896 1497 3953 illud
1538 3906 1744 3967 autem,
1781 3919 1846 3958 ea:
1874 3907 2067 3976 populo

495 3973 739 4041 barbaro,
768 3987 956 4034 notum
987 3993 1071 4037 est
1092 3981 1429 4061 [signiﬁcat],
1461 3992 1607 4060 quod
1635 3992 1808 4051 fidelis
1835 3973 2068 4066 populus

491 4068 776 4151 egrediens
808 4086 839 4125 e
867 4074 1105 4131 tenebris
1145 4080 1372 4136 recessit
1404 4095 1436 4137 a
1464 4082 1714 4141 barbaris
1734 4126 1749 4153 ,
1781 4087 1886 4144 hoc
1927 4100 2010 4146 est
2034 4106 2066 4146 a

491 4142 786 4217 contrariis
806 4167 1189 4233 potestatibus.

570 4251 624 4311 5,
660 4251 727 4306 Et
753 4255 971 4312 demum
1005 4258 1250 4318 Ecclesia
1300 4262 1440 4322 facta
1472 4277 1558 4323 est
1603 4268 1653 4325 ei
1701 4272 2063 4331 sanctiﬁcatio

492 4355 587 4410 per
613 4342 972 4414 baptismum;
997 4349 1189 4409 Judwa
1213 4355 1413 4413 dicitur
1440 4370 1728 4431 propterea
1758 4366 1906 4434 quod
1938 4383 2063 4437 gra-

491 4433 569 4487 tia
597 4434 650 4488 in
681 4437 797 4506 ipsa
824 4449 909 4495 est
938 4439 1054 4504 Dei,
1086 4445 1180 4514 qui
1217 4445 1474 4519 dignatus
1500 4460 1583 4508 est
1620 4468 1685 4508 ex
1714 4433 1852 4510 Iuda
1885 4433 2060 4515 nasci.

492 4521 805 4584 Secundum
832 4542 1014 4589 autem
1058 4538 1297 4596 nominis
1335 4542 1836 4614 interpretationem
1869 4549 2061 4607 Judwa

490 4615 878 4688 interpretatur
918 4627 1170 4696 conﬁtens
1211 4631 1338 4691 Deo,
1371 4633 1508 4690 Cum
1533 4638 1703 4708 igitur
1733 4641 1916 4697 anima
1948 4642 2062 4701 Deo

486 4708 795 4778 conﬁtetur,
826 4714 887 4770 fit
927 4716 1044 4787 ipsa
1072 4721 1346 4781 confessio
1380 4727 1765 4796 sanctificatio,
1815 4746 1884 4789 eo
1912 4737 2060 4806 quod

486 4798 809 4859 auferantur
843 4818 1088 4877 peccata.

553 4959 606 5015 4.
646 4961 712 5019 Ει
760 4966 864 5021 viri
919 4969 1164 5029 videntes
1210 4974 1414 5046 Deum,
1455 4980 1559 5038 hoc
1598 4992 1716 5051 est,
1762 4994 2041 5059 apostoli,

484 5053 756 5125 principes
786 5057 906 5129 ejus
941 5078 956 5116 :
1006 5062 1081 5120 ita
1125 5066 1270 5122 enim
1309 5069 1702 5142 interpretatur
1744 5053 1934 5149 Israel,
1967 5053 2048 5141 vir
2155 5092 2190 5147 ἀ

484 5145 663 5201 eidem
696 5147 885 5208 Deum.

541 5236 594 5290 5.
637 5238 942 5301 Idololatria
977 5245 1114 5318 fugit
1135 5251 1325 5310 videns
1350 5254 1522 5313 Deum
1546 5260 1602 5316 in
1633 5271 1800 5325 terra.

2171 3629 2320 3684 πτος
2354 3619 2411 3673 δὲ
2438 3620 2840 3695 (2)ξσκότωοίς
2860 3647 2874 3660 ο
2915 3633 2974 3687 ἐν
3001 3632 3079 3704 τῷ
3105 3630 3197 3690 οὖν
3220 3637 3348 3702 τοὺς
3385 3640 3735 3706 πιστεύοντας

2173 3710 2435 3783 ρυσθῆναι
2459 3715 2522 3768 ἐκ
2550 3717 2644 3771 τοῦ
2680 3721 2903 3786 σκότους
2927 3724 3026 3796 τῆς
3046 3727 3340 3800 ἁμαρτίας.

2239 3801 2292 3857 2.
2333 3804 2454 3860 Τῶν
2489 3809 2694 3864 πιστῶν
2731 3813 2840 3866 τῶν
2864 3819 3246 3889 κατασχόντων
3273 3823 3341 3877 τά
3365 3823 3592 3896 ἔσχατα.
3632 3829 3736 3883 Ἰα-

2170 3893 2293 3949 κὼό
2332 3896 2440 3970 γάρ
2487 3901 2846 3975 ἑρμηνεύεται
2882 3911 3115 3979 κρατῶν
3154 3893 3529 3984 gazam-“to
3566 3921 3645 3987 δὲ,
3671 3924 3736 3977 ἐκ

2166 3990 2320 4045 λαοῦ
2353 3993 2662 4064 ,βαρϐάρου
2686 4037 2701 4063 ,
2746 3999 2901 4071 δῆλον
2945 4001 3137 4079 [δηλοῖ]
3188 4006 3270 4062 ὅτι
3313 4007 3342 4061 6
3379 4013 3572 4079 πιστὸς
3608 4016 3733 4079 λαὸς

2167 4079 2399 4144 ἐξελθὼν
2432 4084 2496 4137 ἐκ
2537 4084 2629 4139 τοῦ
2664 4089 2886 4156 σκότους
2936 4094 3250 4171 ἀνεχώρησε
3282 4098 3389 4156 τῶν
3421 4103 3734 4179 βαρϐάρων,

2165 4173 2407 4228 τουτέστι
2440 4177 2545 4230 τῶν
2576 4179 2834 4238 ἐναντίων
2859 4184 3159 4259 δυνάμεων.

2234 4265 2286 4365 ξ».
2316 4268 2424 4321 Καὶ
2453 4268 2636 4326 λοιπὸν
2663 4273 2871 4343 γίνεται
2907 4281 3054 4352 αὐτῷ
3096 4285 3129 4355 ἡ
3168 4285 3462 4358 Ἐκκλησία
3493 4291 3737 4365 ἀγίασμα

2163 4351 2251 4407 διά
2291 4356 2385 4409 τοῦ
2427 4358 2822 4434 βαπτίσματος.
2864 4351 3128 4426 Ἰουδὰίιι
3164 4351 3380 4444 λέγεται
3420 4379 3512 4433 διὰ
3541 4351 3607 4435 τὸ

2163 4445 2321 4519 χάριν
2348 4445 2485 4506 εἶναι
2511 4454 2569 4507 ἐν
2588 4455 2724 4527 αὐτῇ
2748 4458 2840 4514 τοῦ
2867 4463 3299 4533 καταξιώσαντος
3319 4469 3454 4525 Θεοῦ
3482 4474 3542 4539 ἐξ
3566 4476 3730 4531 Ἰούδα

2160 4541 2434 4615 τεχθῆναι.
2461 4547 2619 4602 Κατά
2644 4550 2701 4603 δὲ
2728 4552 2825 4625 τὴν
2850 4557 3142 4628 ἑρμηνείαν
3166 4561 3260 4616 τοῦ
3288 4564 3549 4635 ὀνόματος
3585 4572 3725 4623 ’1ου-

2160 4631 2299 4727 (Sola
2334 4635 2696 4710 ἑρμηνεύεται
2732 4646 2852 4712 Θεῷ
2877 4631 3425 4723 ἐξομολογούμενος
3454 4658 3723 4727 (3).⁶Ὀταν

2160 4719 2252 4778 οὖν
2283 4726 2428 4800 ψυχὴ
2461 4731 2580 4804 Θεῷ
2606 4735 3087 4813 ἐξομολογήσεται,
3133 4719 3340 4814 γενέται
3380 4719 3523 4822 ea,"
3562 4754 3597 4824 ἡ
3642 4754 3723 4819 ἐξ·

2159 4817 2482 4892 ομολόγησις
2532 4827 2776 4900 ἀγίασμα
2821 4831 2909 4887 διὰ
2957 4835 3057 4907 τῆς
3096 4838 3441 4912 ἀφαιρέσεως
3486 4817 3720 4912 (θ’-τῶν

2086 4936 2131 4991 D
2160 4909 2461 4983 ἁμαρτιῶν.

2225 5004 2280 5058 4.
2311 5006 2420 5059 Καὶ
2446 5009 2493 5061 οἱ
2526 5010 2715 5083 ἀνδρες
2741 5016 2790 5068 οἱ
2814 5017 3048 5088 ὁρῶντες
3079 5021 3212 5078 Θεὸν
3243 5024 3322 5094 (5)
3341 5067 3356 5092 ,
3387 5028 3629 5084 τουτέστι
3665 5030 3709 5082 oi

2194 5095 2438 5152 πόστο).οι
2461 5141 2476 5163 ,
2505 5101 2763 5173 ἄρχοντες
2803 5109 2966 5164 αὐτοῦ
2989 5129 3002 5142 ’
3038 5112 3195 5169 τοῦτο
3228 5115 3337 5190 γάρ
3362 5120 3706 5192 ἑρμηνεύεται

2172 5183 2431 5256 Ἰσραὴλ,
2461 5191 2616 5262 ἀνὴρ
2645 5193 2799 5264 ὁρῶν
2823 5201 2988 5256 Geor.

2223 5276 2276 5335 5.
2294 5279 2357 5332 Ἦ
2384 5280 2794 5359 εἰδωλολατρεία
2816 5290 3014 5363 ἔφυγεν
3041 5293 3223 5353 ἰδοῦσα
3241 5297 3374 5355 Θεὸν
3390 5301 3483 5357 ἐπὶ
3501 5300 3602 5374 γῆς
3617 5300 3703 5373 (6).

1419 5379 1727 5448 Addenda
1776 5391 1835 5449 et
1875 5389 2251 5474 corrigenda
2298 5416 2376 5461 ex
2406 5393 2547 5466 cod.
2576 5407 2774 5471 Vatic.

551 5508 628 5607 ﬂ)
857 5519 957 5607 τῆς
985 5523 1352 5607 κινναρὁιρεως
1382 5531 1621 5605 περιέχει
1641 5553 1656 5568 ο
1700 5537 2040 5607 Ἀλληλούϊα.

477 5575 619 5704 om:
648 5575 1004 5655 ἑρμηνεύεται
1033 5575 1384 5660 alvei—reicit;

549 5650 569 5704 1
612 5656 626 5704 l
656 5652 722 5704 Δὲ
753 5654 1124 5704 ἑρμηνεύεται-
1158 5675 1242 5704 οη»

549 5650 626 5727 (ἓ)
656 5650 1128 5727 ᾁξῌέρμηνεύεται,
1158 5650 1262 5724 θεοί

548 5721 629 5793 (3)
665 5720 1174 5802 Ἐξομολογουμένη.

2224 5546 2302 5619 (ἑ)
2338 5547 2629 5619 Ἃφέσεωςο

2224 5616 2302 5690 (5)
2332 5616 2433 5690 Τὸν
2463 5616 2614 5690 Θεόν,
2651 5635 2754 5682 etc.

2222 5687 2299 5761 (6)
2323 5687 2428 5745 Τὸν
2448 5691 2580 5750 Θεὸν
2601 5687 2698 5749 ἐπὶ
2726 5698 2824 5769 τῆς
2856 5700 2978 5772 γῆς.
