4004 6212
312 251 446 305 1157

375 367 428 418 6.
469 365 525 418 '0
563 363 826 436 Ἰορδάνης
855 364 1098 437 ἐστράφη
1134 365 1214 426 εἰς
1237 365 1306 418 τὰ
1337 364 1530 418 ὀπίσω.

378 457 426 509 7.
460 455 540 508 Τὰ
565 455 664 527 ὅρη
691 457 1014 526 ἐσκίρτησαν
1044 455 1175 509 ὡσεὶ¹
1210 457 1387 526 κριοί·

375 549 429 602 8.
464 549 573 600 Kal
600 551 647 601 οἱ
683 547 862 618 βουνοὶ
890 549 966 612 ὡς
998 549 1158 620 ἀρνία
1193 549 1500 620 προϐάτων.

373 639 425 693 9.
456 640 520 691 Τί
556 639 637 691 σοί
662 641 798 701 ἐστι,
837 639 1104 702 Θάλασσα,
1133 641 1214 693 ὅτι
1249 640 1487 709 ἕφυγες;

376 732 460 784 10.
492 730 600 784 Kal
632 731 718 794 σὺ,
763 731 1021 801 Ίορδάνη,
1055 733 1134 784 ὅτι
1169 733 1442 805 ἐστράφης
1469 734 1548 796 είς
1572 732 1638 787 τὰ
1669 733 1875 800 autem;

376 817 460 870 11.
491 816 571 870 Τὰ
595 817 718 890 ὄρη,
742 819 821 872 ὅτι
850 821 1212 893 ἐσκιρτήσατε
1242 822 1373 876 ὡσεὶ
1407 822 1579 894 κριοί;

374 909 459 962 12.
494 909 602 963 Καὶ
633 912 682 962 ot
719 911 897 980 βουνοὶ
927 911 1004 976 ὡς
1030 914 1194 984 ἀρνία
1225 915 1512 985 προϐάτων
1538 931 1553 980 ;

375 1003 458 1056 15.
501 1002 633 1056 Ἀπὸ
659 1003 950 1074 προσώπου
983 1005 1189 1076 Κυρίου
1220 1005 1484 1077 ἐσαλεύθη
1518 1009 1551 1078 ὴ
1587 1007 1678 1079 γῆ,

373 1094 457 1147 14.
502 1094 630 1147 Ἀπὸ
665 1093 958 1166 πρὼσοπου
985 1097 1076 1150 τοῦ
1105 1097 1238 1151 Θεοῦ
1276 1098 1466 1152 Ἰακώϐ
1488 1115 1501 1127 ·

373 1186 452 1240 15.
476 1186 581 1240 Τοῦ
607 1187 935 1258 στρέψαντος
962 1190 1061 1260 τὴν
1090 1190 1296 1263 πέτραν
1321 1194 1400 1255 εἰς
1419 1191 1615 1263 λίμνας
1636 1192 1869 1256 ὑδάτων,

370 1279 453 1333 16.
484 1279 593 1334 Καὶ
621 1281 720 1351 τὴν
747 1281 1052 1353 ἀκροτομον
1082 1285 1161 1346 είς
1193 1283 1374 1354 πηγὰς
1405 1285 1634 1340 ὑδάτων.

370 1372 451 1424 17.
484 1372 574 1443 Μὴ
606 1373 756 1443 ἡμῖν,
783 1372 979 1444 Κύριε,
1019 1373 1094 1444 μὴ
1119 1377 1271 1445 ἡμῖν,

370 1463 451 1517 18.
495 1462 632 1517 Ἀλλ’
656 1465 689 1535 ἢ
723 1465 800 1536 τῷ
827 1466 1053 1536 ὀνόματί
1081 1484 1172 1520 σου
1199 1468 1288 1531 δὸς
1312 1467 1492 1532 δόξαν.

372 1554 454 1608 19.
493 1556 613 1608 Ἐπὶ
643 1555 723 1628 τῷ
754 1556 894 1610 ἐλέει
926 1575 1019 1612 σου
1049 1558 1144 1611 ml
1168 1561 1230 1630 τῇ
1257 1559 1486 1630 ἀληθείᾳ
1520 1576 1612 1612 σου
1632 1575 1646 1588 ·

367 1642 454 1695 20.
491 1644 713 1714 Μήποτε
759 1644 955 1737 εἴπωσι
1001 1645 1071 1699 τὰ
1116 1646 1243 1718 ἔθνη
1271 1663 1285 1678 ·
1335 1647 1445 1700 Ποῦ
1495 1651 1644 1701 ἐστιν
1676 1647 1704 1700 ὁ
1736 1647 1868 1712 Θεὸς

297 1750 474 1792 αυτων
497 1751 511 1799 ;

1207 246 1292 300 DE
1331 245 1514 302 TITU;
1542 244 1605 300 IS
1645 245 2089 301 PSALMORUM.
2133 275 2202 286 ——
2239 243 2435 298 PSAL.
2478 244 2661 302 CXIII.

1904 374 1950 429 Α
2046 365 2099 425 6.
2136 363 2388 421 Jordanis
2416 380 2715 421 conversus
2755 377 2838 422 est
2879 376 3198 424 retrorsum.

3415 249 3555 312 1158

2058 456 2106 509 7.
2148 455 2357 512 Montes
2386 457 2795 512 exsultaverunt
2828 467 2884 513 ut
2910 459 3108 514 arietes
3143 477 3157 511 :

2057 546 2112 601 8.
2153 545 2219 600 Et
2248 546 2415 602 colles
2447 547 2591 601 sicut
2620 549 2744 618 agni
2776 549 2979 604 ovium.

2053 637 2105 691 9.
2143 638 2279 703 Quid
2317 646 2400 694 est
2431 640 2550 706 tibi,
2589 656 2758 705 mare,
2801 643 2946 710 quod
2977 642 3198 712 fugisti?

2058 729 2139 783 10.
2177 729 2238 782 Et
2268 741 2344 797 tu,
2368 729 2638 798 Jordanis,
2657 735 2784 803 quia
2808 750 3105 792 conversus
3125 753 3183 794 es
3201 747 3496 796 retrorsum
3518 739 3542 795 2

2056 821 2142 876 11.
2185 821 2417 888 Montes,
2441 825 2568 893 quia
2605 825 2924 881 exsultastis
2947 828 3087 884 sicut
3112 831 3342 887 arietes?

2055 912 2139 965 12.
2176 912 2239 967 Ει
2263 916 2427 970 colles
2462 917 2605 972 sicut
2639 918 2764 990 agni
2794 921 3015 974 ovium?

2052 1005 2137 1058 15.
2180 1007 2223 1057 Α
2256 1005 2392 1060 facie
2423 1007 2639 1064 Domini
2675 1021 2820 1066 mota
2853 1019 2937 1067 est
2970 1020 3137 1080 terra,

2053 1095 2137 1148 14.
2175 1098 2220 1149 Α
2245 1095 2381 1153 facie
2407 1099 2500 1154 Dei
2533 1100 2741 1158 Jacob:

2051 1187 2135 1242 15.
2186 1188 2286 1254 Qui
2330 1194 2595 1248 convertit
2629 1203 2838 1264 petram
2893 1196 2948 1250 in
3004 1205 3192 1269 stagna
3256 1213 3546 1269 aquarum,

2050 1278 2136 1332 16.
2178 1280 2243 1334 Et.
2272 1299 2458 1351 rupem
2493 1286 2544 1338 in
2581 1284 2756 1343 fontes
2800 1304 3088 1358 aquarum.

2050 1371 2136 1429 17.
2177 1370 2295 1426 Non
2330 1377 2510 1442 nobis,
2549 1377 2796 1444 Domine,
2831 1397 2940 1436 non
2977 1383 3159 1451 nobis,

2048 1463 2133 1517 18.
2175 1465 2280 1520 Sed
2307 1469 2513 1522 nomini
2542 1477 2635 1524 tuo
2666 1473 2732 1526 da
2767 1461 3018 1540 gloriam.

2047 1556 2132 1610 19.
2175 1556 2350 1628 Super
2395 1561 2768 1620 misericordia
2801 1575 2889 1620 tua
2921 1577 2974 1622 et
3004 1569 3230 1625 veritate
3263 1578 3355 1624 tua
3383 1587 3398 1623 :

2043 1650 2137 1706 20.
2180 1651 2475 1725 Nequando
2523 1657 2708 1714 dicant
2753 1671 2960 1731 gentes,
3011 1663 3102 1718 ubi
3136 1673 3220 1719 est
3253 1663 3397 1720 Deus
3448 1680 3542 1720 eo-

1900 1735 1946 1794 B
1977 1757 2095 1795 rum
2120 1742 2142 1795 ?

1414 1892 1793 1948 ATHANASII
1837 1893 2424 1958 INTERPRETATIO.

364 2041 417 2096 6.
459 2041 516 2095 Ὀ
540 2042 613 2113 (1)
653 2043 918 2114 Ἰορδάνης
943 2044 1304 2116 ἑρμηνεύεται
1337 2045 1411 2114 τῇ
1444 2045 1709 2115 ἐσχάτῳ·
1737 2046 1868 2118 πλῆ-

293 2138 386 2197 θος
415 2129 506 2188 οὖν
539 2134 644 2187 τῶν
689 2135 857 2189 ἐθνῶν
896 2135 1240 2208 ἀνεχώρησεν
1289 2139 1398 2192 ἀπὸ
1443 2139 1542 2209 τῆς
1587 2138 1871 2193 εἰδωλολα-

291 2222 508 2289 τρείας,
545 2224 636 2276 ml
670 2219 800 2295 ἦλθε
832 2226 968 2296 πρὸς
998 2225 1088 2278 τὸν
1121 2225 1179 2293 ἐξ
1217 2227 1392 2299 ἀρχῆς
1423 2229 1730 2300 Δεσπότην,
1774 2231 1868 2284 καὶ

292 2324 365 2386 Δη
375 2315 632 2387 μιουργὸν
659 2316 887 2386 Ἰησοῦν.

362 2405 413 2460 7.
459 2408 523 2460 Οἱ
556 2409 830 2480 προφῆται
875 2409 1198 2479 ἀγάλλονται
1248 2412 1342 2466 καὶ
1387 2413 1479 2465 ἐπὶ
1519 2417 1586 2484 τῇ
1641 2413 1715 2485 (‘2)
1751 2415 1868 2468 ἐπι-

292 2500 498 2569 στροφῇ
527 2499 634 2553 τῶν
659 2499 827 2555 ἐθνῶν
854 2517 866 2531 ·

362 2588 414 2644 8.
434 2592 544 2643 Καὶ
573 2592 625 2656 οἱ⁴
646 2593 708 2644 ἐκ
724 2593 832 2646 τῶν
855 2595 1145 2665 προφητῶν
1167 2595 1564 2661 ἀνατείλαντες,
1591 2597 1866 2652 τουτέστιν

286 2682 339 2736 0t
372 2681 654 2736 ἀπόστολοι
682 2683 869 2759 ὥσπερ
896 2687 943 2738 οἱ
973 2686 1148 2756 βουνοὶ
1175 2689 1238 2741 ἐκ
1266 2688 1372 2741 τῶν
1395 2689 1585 2760 ὀρέων.

362 2775 414 2830 9.
447 2775 510 2828 Τί
546 2776 626 2829 σοί
651 2778 797 2831 ἐστιν
821 2819 835 2845 ,
879 2778 1288 2852 είδωλολατρεία
1306 2820 1321 2847 ,
1351 2782 1433 2835 ὅτι
1461 2781 1660 2850 ἔφυγες
1681 2821 1696 2847 ,
1729 2782 1867 2855 ὅπερ

291 2866 384 2918 ἐπὶ
409 2865 514 2919 τῶν
550 2869 841 2940 προφητῶν
872 2871 970 2924 οὑκ
997 2872 1286 2944 ἐποίησας;

362 2957 450 3012 10.
484 2960 593 3012 Καὶ
621 2961 811 3032 ὑμεῖς,
845 2961 914 3016 τὰ
959 2963 1085 3036 ἐθνη
1116 2965 1312 3033 πάντα,
1339 2967 1420 3021 ὅτι
1451 2967 1723 3040 ἀπέστητε
1759 2968 1869 3024 ἀπὸ

287 3053 387 3124 τῆς
414 3051 850 3128 είδωλολατρείας
872 3073 886 3123 ;

361 3145 448 3199 11.
468 3145 576 3199 Kal
602 3146 776 3217 ὑμεῖς,
800 3149 848 3201 οἱ
872 3151 1166 3222 προφῆται,
1193 3153 1273 3206 ὅτι
1303 3151 1473 3216 οὕτως
1496 3152 1826 3221 ἀγαλλιᾶσθε
1849 3172 1863 3220 ;

361 3237 445 3291 12.
482 3238 711 3309 Ὀμοίως
754 3241 846 3294 ml
888 3243 1066 3315 ὑμεῖς,
1107 3245 1155 3297 οἱ
1179 3246 1241 3298 ἐκ
1269 3245 1376 3298 τῶν
1403 3245 1697 3318 προφητῶν
1726 3246 1865 3300 ἀπό-

291 3326 490 3390 στολοι,
529 3328 582 3381 τί
613 3327 786 3393 οὕτως
809 3331 1060 3402 χαίρετε;

361 3419 450 3473 15.
493 3419 657 3492 Ὁμοῦ
701 3421 757 3474 δὲ
791 3423 990 3488 πάντες
1042 3427 1459 3498 ἀποκρίνονται·
1487 3430 1522 3501 ἠ
1567 3427 1667 3501 μὲν
1713 3430 1864 3484 είδω⁴

287 3511 570 3584 λολατρεία
590 3515 990 3588 ἀποδυρομένη,
1009 3519 1080 3571 τὰ
1105 3519 1161 3571 δὲ
1191 3520 1340 3591 ἔθνη,
1365 3520 1458 3574 ml
1493 3523 1541 3576 οἱ
1563 3522 1860 3594 προφῆται,

288 3607 381 3659 ml
409 3609 456 3659 οἱ
489 3609 774 3664 ἀπόστολοι
807 3612 1085 3682 χαίροντες
1119 3613 1336 3683 βοῶσιν,
1359 3617 1462 3681 ὅτι,
1487 3616 1745 3686 ὀφθέντος
1767 3617 1861 3672 τοῦ

287 3697 423 3751 Θεοῦ
452 3701 544 3752 ἐπὶ
581 3702 679 3772 τῆς
711 3702 835 3773 γῆς,
868 3703 1067 3768 πάντες
1109 3706 1475 3778 μετετέθησαν
1509 3711 1589 3772 είς
1617 3709 1716 3781 τὴν
1745 3712 1863 3763 ἐπί-

285 3806 488 3860 γνωσιν
518 3793 707 3849 αὑτοῦ.

360 3883 446 3937 14.
476 3884 607 3937 Ἀπὸ
632 3885 734 3956 τῆς
761 3887 1060 3956 παρουσίας
1080 3888 1174 3942 τοῦ
1202 3887 1337 3942 Θεοῦ
1369 3889 1737 3962 κηρυχθέντος

299 3972 510 4028 Ἰακὼό
535 3974 642 4046 γάρ
677 3977 1040 4048 ἑρμηνεύεται
1067 3979 1244 4047 ἀκοή.

360 4065 446 4120 15.
493 4065 596 4120 Τοῦ
659 4069 1056 4140 μεταϐαλόντος
1113 4071 1188 4141 (4)
1244 4069 1340 4142 τὴν
1385 4069 1589 4140 λιθίνην
1631 4070 1860 4142 καρδίαν

285 4158 396 4212 τῶν
420 4158 587 4214 ἐθνῶν
616 4163 695 4225 εἰς
719 4163 816 4234 τὴν
842 4163 1000 4235 χάριν
1021 4181 1033 4193 °
1053 4161 1313 4228 Δυνατὸς
1334 4161 1443 4230 γάρ
1464 4164 1633 4216 ἐστιν
1648 4167 1680 4217 ό
1696 4164 1858 4229 Θεὸς,

288 4250 469 4315 καθὼς
497 4248 645 4307 εἶπεν
665 4253 970 4326 [Ἰωάννης,
997 4256 1202 4326 ἐγεῖραι
1223 4253 1408 4326 τέκνα]
1435 4254 1536 4326 υἱῷ
1553 4271 1567 4284 ·
1589 4256 1860 4324 Ἕγειρον

284 4341 469 4396 τέκνα
495 4341 570 4408 τῷ
602 4344 845 4415 Ἀϐραὰμ
872 4346 942 4400 ἐκ
968 4345 1084 4400 τῶν
1105 4346 1291 4400 λίθων
1313 4346 1561 4398 τούτων.

358 4434 446 4491 16.
488 4437 597 4489 Καὶ
638 4438 736 4509 τὴν
781 4437 1152 4509 σκληροτάτην
1185 4437 1364 4491 αὑτῶν
1404 4437 1644 4492 διάνοιαν
1679 4439 1761 4502 είς
1790 4436 1858 4491 τὰ

283 4527 594 4599 χαρίσματα
621 4530 804 4584 αὑτοῦ.

359 4620 444 4674 17.
472 4623 582 4693 Οὐχ
708 4623 846 4691 ἄξιοί
879 4626 1068 4696 ἐσμεν,
1091 4625 1249 4678 τοῦτο
1281 4624 1360 4696 (5)
1388 4623 1648 4694 ἐποίησας
1673 4625 1712 4689 ἰἰ

2037 2052 2088 2106 6.
2129 2049 2384 2105 Iordanis
2428 2053 2815 2124 interpretatur
2844 2058 2897 2111 in
2937 2068 3169 2115 extremo
3197 2074 3215 2112 :
3242 2062 3539 2118 multitudo

1970 2142 2137 2214 igitur
2172 2143 2411 2213 gentium
2448 2147 2675 2202 secessit
2712 2148 2782 2202 ab
2827 2149 3156 2216 idololatria,
3191 2165 3245 2208 et
3287 2156 3437 2210 venit
3469 2157 3538 2210 ad

1969 2236 2252 2306 antiquum
2288 2235 2600 2307 Dominum,
2627 2251 2682 2295 et
2711 2239 3023 2298 Creatorem
3049 2242 3258 2299 Jesum.

2041 2416 2092 2471 7.
2133 2415 2419 2488 Prophetae
2485 2418 2763 2474 exsultant
2837 2419 3000 2475 etiam
3055 2420 3111 2475 in
3176 2423 3538 2496 conversione

1968 2521 2242 2579 gentium:

2039 2600 2091 2657 8.
2133 2601 2199 2656 Et
2231 2601 2322 2672 qui
2351 2617 2417 2656 ex
2461 2601 2736 2673 prophetis
2782 2603 2888 2657 orti
2938 2609 3085 2670 sunt,
3140 2603 3246 2658 hoc
3273 2611 3359 2659 est
3403 2619 3538 2674 apo-

1969 2692 2091 2747 stoli
2126 2693 2266 2746 sicut
2299 2691 2467 2747 colles
2505 2706 2571 2746 ex
2603 2693 2902 2748 montibus.

2040 2783 2094 2838 9.
2134 2783 2274 2850 Quid
2325 2793 2409 2838 est
2448 2783 2566 2848 tibi,
2597 2784 2919 2851 idololatria,
2957 2784 3100 2854 quod
3148 2783 3354 2855 fugisti,
3391 2785 3537 2856 quod

1969 2876 2071 2932 sub
2098 2876 2374 2946 prophetis
2406 2891 2516 2930 non
2561 2876 2782 2931 fecisti?

2041 2966 2126 3020 10.
2170 2966 2236 3021 Et
2267 2983 2386 3036 vos,
2430 2976 2614 3038 gentes
2648 2984 2858 3035 onmes,
2905 2968 3050 3039 quod
3088 2969 3432 3027 abscessistis
3468 2971 3539 3026 ab

1967 3059 2272 3114 idololatria
2297 3059 2319 3113 ?

2042 3151 2130 3205 11.
2175 3151 2241 3205 Et
2269 3167 2388 3213 vos,
2413 3153 2710 3222 prophetae,
2746 3153 2890 3223 quod
2922 3153 3056 3208 adeo
3085 3155 3434 3210 exsultastis?

2042 3243 2128 3297 12.
2169 3243 2431 3300 Similiter
2473 3246 2635 3300 etiam
2681 3261 2798 3312 vos,
2834 3246 2928 3316 qui
2971 3261 3036 3302 ex
3085 3247 3364 3317 prophetis
3404 3245 3538 3302 estis

1891 3334 1937 3396 C
1969 3335 2224 3406 apostoli,
2253 3351 2352 3391 cur
2381 3336 2453 3390 ita
2495 3336 2783 3405 gaudetis?

2036 3428 2122 3482 15.
2168 3426 2342 3482 Simul
2389 3443 2580 3483 omnes
2633 3428 3007 3498 respondent:
3063 3428 3365 3484 idololatria
3411 3428 3535 3498 qui-

1963 3518 2086 3574 dem
2137 3519 2476 3584 lamentans,
2535 3529 2722 3590 gentes
2779 3530 2983 3580 autem,
3032 3527 3086 3573 et
3140 3519 3434 3589 prophetae,
3485 3527 3538 3574 et

1963 3610 2197 3680 apostoli
2245 3611 2542 3681 gaudentes
2600 3610 2862 3676 clamant,
2919 3609 3201 3679 quoniam,
3243 3617 3538 3678 apparente

1964 3702 2076 3757 Deo
2126 3703 2180 3756 in
2218 3711 2382 3766 terra,
2418 3717 2607 3757 omnes
2654 3701 2902 3756 translati
2935 3710 3062 3756 sunt
3106 3702 3161 3754 in
3195 3700 3314 3769 ejus
3349 3699 3537 3768 cogni-

1964 3794 2185 3846 tionem.

2036 3882 2123 3935 14.
2158 3882 2240 3935 Ab
2269 3881 2501 3936 adventu
2532 3879 2649 3948 Dei,
2684 3880 2776 3950 qui
2814 3881 3168 3936 annuntialus
3196 3887 3322 3934 est:
3364 3877 3532 3932 Iacob

1963 3974 2108 4028 enim
2151 3973 2542 4042 interpretatur
2572 3973 2797 4027 auditio.

1961 4107 1984 4135 ι
2036 4065 2122 4119 15.
2171 4064 2274 4132 Qui
2327 4073 2657 4120 transmutat
2719 4063 2932 4135 lapidea
2977 4064 3218 4134 gentium
3262 4064 3428 4119 corda
3476 4063 3533 4117 in

1962 4159 2191 4228 gratiam
2228 4175 2240 4208 :
2276 4157 2538 4222 Quoniam
2569 4165 2748 4226 potens
2781 4165 2858 4210 est
2884 4155 3044 4221 Deus,
3078 4156 3534 4224 quemadmodum

1961 4248 2397 4317 dixitJoannes,
2439 4249 2699 4303 suscitare
2743 4249 2884 4320 ﬁlios
2925 4249 3193 4302 Abraham
3237 4250 3300 4301 de
3338 4248 3535 4317 lapidi-

1963 4345 2058 4395 bus
2091 4342 2210 4395 istis
2249 4341 2318 4396 "’.

2034 4432 2120 4487 16.
2164 4430 2230 4487 Et
2258 4431 2610 4488 clarissimam
2630 4431 2846 4487 illarum
2875 4439 3112 4487 mentem
3139 4432 3194 4486 in
3223 4432 3343 4502 ejus
3366 4432 3532 4486 dona.

2033 4614 2118 4669 17.
2161 4611 2280 4668 Non
2313 4612 2440 4683 quia
2472 4627 2572 4666 nos
2603 4612 2752 4683 digni
2783 4612 2979 4677 simus,
3004 4611 3111 4666 hoc
3138 4609 3316 4665 fecisti
3350 4626 3365 4662 :

360 4713 446 4768 18.
486 4675 623 4768 Ἀῐλέ
648 4675 1072 4790 rotatas-{.3
1100 4675 1410 4789 ειιιιξέι
1435 4675 1849 4786 δτιέριλὲιᾴθρω-

2032 4705 2119 4760 18.
2163 4704 2268 4760 Sed
2307 4675 2370 4761 ut
2416 4675 2746 4775 gloriﬁcetur
2789 4675 2987 4759 nomen
3040 4711 3217 4769 tuum,
3273 4702 3533 4774 quoniam

285 4821 388 4869 πος
415 4804 510 4860 ml
540 4807 786 4879 ἐλεήμων
817 4805 883 4863 εἷ.

358 4896 443 4951 19.
478 4897 577 4951 Διά
606 4899 665 4951 τὸ
697 4899 842 4964 ἔλεός
871 4917 964 4954 σου
990 4901 1083 4954 ml
1111 4901 1208 4971 τὴν
1235 4900 1492 4973 ἀλήθεάιν
1528 4916 1643 4953 σου.

356 4987 444 5044 20.
476 4989 588 5044 Ἵνα
623 4991 697 5062 μὴ
729 4993 1106 5063 καυχήσωνται
1131 4995 1186 5046 αἱ
1212 4993 1448 5048 ἐναντίαι
1477 4993 1735 5064 δυνάμεις
1755 4988 1850 5045 λέ-

281 5097 477 5151 γουσαι
497 5096 510 5110 ·
540 5081 648 5134 Ποῦ
681 5083 826 5135 ἐστιν
851 5085 880 5135 ὁ
904 5082 1034 5146 Θεὸς
1061 5085 1088 5136 ὁ
1121 5084 1347 5154 ποιήσας
1381 5081 1579 5146 αὑτούς
1604 5099 1619 5148 ;

357 5216 404 5249 δ’
433 5216 620 5271 Matth.
649 5232 732 5282 Ill,
778 5220 832 5274 9.

1954 4798 2221 4868 benignus
2252 4805 2306 4852 et
2340 4798 2680 4868 misericors.
2707 4812 2787 4852 es.

2025 4891 2111 4946 19.
2133 4888 2358 4960 Pr0pter
2379 4889 2802 4944 misericordiam
2825 4897 2971 4944 tuam
2987 4898 3040 4946 et
3060 4889 3334 4944 veritatem
3363 4894 3530 4941 tuam.

2022 4983 2113 5038 20.
2153 4980 2232 5036 Ne
2275 4983 2576 5052 glorientur
2628 4981 2953 5037 adversaria:
2999 4990 3295 5051 potestates
3343 4978 3530 5033 dicen-

1953 5085 2036 5132 tes
2062 5095 2075 5131 :
2110 5074 2202 5130 ubi
2232 5083 2315 5129 est
2339 5073 2483 5128 Deus
2512 5074 2606 5143 qui
2645 5073 2772 5129 fecit
2798 5073 2930 5130 eos?

1233 5312 1534 5373 Addenda
1571 5319 1630 5372 et
1660 5305 2039 5387 corrigenda
2081 5321 2160 5364 ex
2195 5303 2334 5364 cod.
2369 5303 2574 5364 Vatic.

366 5451 441 5521 (1)
491 5450 757 5522 Ἰορδάνης
799 5451 1156 5523 ἑρμηνεύεται
1202 5455 1271 5527 γῆ
1319 5457 1541 5529 ἐσχάτη,
1597 5459 1670 5513 Τδ
1715 5455 1853 5526 πλῆ-

288 5521 411 5582 οος.
443 5529 548 5575 etc.
713 5521 719 5522 ⁷
832 5521 839 5523 ⁷
932 5521 935 5522 ⁷
1215 5521 1219 5523 ’

358 5590 442 5733 E2;
478 5589 858 5670 Ἀγαλλιῶνται
886 5591 977 5694 im).
1003 5595 1089 5665 τῇ,
1115 5600 1219 5651 etc.

383 5661 419 5715 ὅ
469 5660 576 5714 Του
606 5661 985 5733 κηρυχθέντος.

383 5660 442 5732 ὅ)
469 5660 576 5714 Τοῦ
606 5661 985 5733 κηρυχθέντος.

2037 5447 2110 5517 (4)
2143 5447 2582 5513 Μεταϐάλλοντος
2604 5489 2618 5514 ,
2653 5458 2780 5514 etc.,
2815 5448 2914 5529 τήν
2950 5446 3108 5570 χάθριν
3161 5441 3326 5528 αὑτοῦ
3347 5484 3362 5510 ,
3397 5452 3528 5506 etc.,

2037 5517 2136 5570 θὼς
2168 5515 2318 5570 εἶπεν
2355 5519 2635 5570 Ἰωάννης·
2678 5520 2771 5570 Ἐκ
2809 5534 2915 5570 των
2990 5519 3004 5570 ί
3042 5535 3115 5570 ων
3149 5530 3355 5568 τουτων
3387 5515 3528 5570 ὲγεῖ⁴

1959 5515 2136 5580 καθὼς
2168 5515 2331 5588 εἶπεν
2355 5519 2635 5588 Ἰωάννης·
2678 5520 2771 5572 Ἐκ
2809 5515 2915 5571 τῶν
2951 5515 3115 5571 λίθων
3149 5515 3355 5568 τούτων
3387 5515 3532 5581 ἐγεί·

1957 5588 2244 5660 ραι-’τέξνα
2268 5587 2345 5660 τῷ
2379 5587 2648 5660 ’Δὸραάρη

2029 5657 2104 5729 (5)
2135 5654 2351 5729 Ἐσμέν,
2391 5654 2562 5730 Κύριε
2582 5654 2602 5688 ·’
2623 5660 2720 5726 οὑχ
2740 5661 2821 5714 ὅτι
2845 5657 2985 5724 ἄξιοί
3011 5654 3397 5728 ἐσμινβοῦτο,
3419 5663 3524 5709 etc.
