4004 6212
501 275 638 333 1159

569 393 660 446 21.
705 390 847 447 Deus
875 399 1056 445 autem
1099 396 1283 443 noster
1308 385 1364 440 in
1405 386 1545 441 coelo
1577 394 1632 440 et
1669 386 1722 439 in
1757 394 1922 450 terra,

571 483 663 538 22.
706 481 902 537 Omnia
929 493 1268 551 quaecunque
1301 477 1474 532 voluit
1497 476 1642 532 fecit.

571 577 662 631 25.
704 574 1006 633 Simulacra
1033 571 1277 643 gentium
1305 577 1590 640 argentum
1631 576 1687 623 et
1720 582 1936 634 aurum,

572 670 662 724 24.
707 667 880 738 Opera
911 680 1170 720 manuum
1206 663 1512 718 hominum.

457 751 463 758 ’
572 763 662 817 25.
704 759 777 815 Os
810 759 1028 821 habent,
1070 765 1123 811 et
1153 770 1263 810 non
1297 754 1593 825 loquentur
1621 771 1634 806 :

577 855 670 908 26.
712 852 911 908 Oculos
942 851 1164 914 habent,
1191 856 1247 904 et
1273 863 1382 903 non
1413 847 1696 902 videbunt.

568 946 657 998 27.
701 945 875 998 Aures
903 943 1129 1007 habent,
1161 949 1216 996 et
1243 955 1349 995 non
1383 938 1606 993 audient
1636 956 1648 991 :

569 1035 657 1089 28.
698 1033 868 1090 Nares
895 1035 1116 1102 habent,
1147 1041 1200 1088 et
1223 1047 1331 1087 non
1363 1029 1691 1085 odorabunt.

569 1127 661 1181 29.
699 1125 891 1182 Manus
926 1127 1146 1192 habent,
1191 1133 1381 1180 etnon
1407 1122 1705 1193 palpabunt
1734 1139 1746 1174 :

575 1221 667 1275 '59.
705 1221 875 1276 Pedes
900 1219 1118 1286 habent,
1145 1227 1200 1274 et
1229 1234 1340 1273 non
1367 1215 1728 1272 ambulabunt
1754 1232 1768 1266 :

572 1314 662 1368 5-1.
693 1310 807 1367 Νοιι
840 1291 1152 1366 clamabunt
1185 1310 1240 1363 in
1277 1317 1499 1379 gutture
1530 1321 1651 1362 suo.

573 1405 661 1458 σε..
698 1403 914 1459 Similes
945 1403 1053 1457 illis
1085 1402 1214 1456 ﬁant
1241 1387 1448 1473 [Neque
1475 1399 1619 1453 enim
1645 1404 1729 1451 est
1758 1393 1982 1464 spiritus
2019 1393 2073 1446 in

505 1513 599 1552 ore
624 1499 867 1568 ipsorum
895 1515 908 1551 :
941 1495 1145 1551 similes
1177 1493 1395 1548 illorum
1426 1489 1578 1562 [iant]
1614 1489 1708 1559 qui
1739 1485 1950 1542 faciunt
1988 1499 2072 1551 ea,

576 1697 666 1750 55.
697 1693 762 1750 Et
787 1708 980 1749 omnes
1018 1690 1111 1762 qui
1137 1689 1416 1746 conﬁdunt
1455 1687 1510 1740 in
1543 1685 1642 1739 eis.

577 1790 665 1844 54.
699 1788 901 1842 Domus
933 1784 1096 1840 Israel
1137 1781 1375 1853 speravit
1401 1780 1454 1833 ill
1485 1776 1715 1831 Domino
1741 1793 1756 1829 :

578 1883 669 1938 55.
702 1881 931 1951 Adjutor
963 1888 1018 1933 et
1051 1883 1326 1947 protector
1354 1886 1545 1928 eorum
1575 1877 1676 1925 est.

1339 271 1396 327 S.
1436 267 1806 324 ATHANASII
1845 268 1997 325 OPP.
2037 267 2214 323 PARS
2251 266 2339 322 lll.
2381 298 2450 308 —
2482 265 2889 322 EXEGETICA.

3616 263 3751 321 “60

2092 391 2135 446 Α
2231 385 2321 437 21.
2365 385 2421 435 Ὁ
2448 384 2502 436 δὲ
2526 382 2658 446 Θεὸς
2689 382 2844 452 ἡμῶν
2871 385 2926 434 ἐν
2954 381 3033 451 τῷ
3051 382 3260 452 ούρανῴ
3292 383 3384 438 καὶ
3407 385 3463 436 ἐν
3492 387 3559 453 τῇ
3591 387 3687 455 τῇ,

2235 477 2326 529 22.
2362 476 2548 528 Πάντα
2577 477 2677 528 ὅσα
2708 475 2968 545 ἠθέλησεν
2997 475 3238 544 ἐποίησε.

2238 567 2326 622 25.
2359 567 2436 619 Τὰ
2459 565 2650 618 εἴδωλα
2673 566 2779 619 τῶν
2806 565 2973 618 ἐθνῶν
3003 566 3261 637 ἀργύριον
3301 566 3392 619 καὶ
3425 567 3671 638 χρυσίον,

2238 660 2327 712 21.
2359 660 2534 730 Ἔργα
2567 657 2762 728 χειρῶν
2791 656 3113 728 ἀνθρώπων.

2237 753 2330 806 25.
2365 753 2547 821 Στόμα
2579 751 2779 822 ἔχουσι,
2814 751 2906 805 καὶ
2935 752 2993 804 ού
3026 751 3344 823 λαλήσουσιν
3367 769 3381 782 ο

2239 846 2328 898 26.
2367 843 2704 914 Ὀφθαλμοὺς
2741 843 2942 913 ἔχουσι,
2977 844 3072 896 καὶ
3099 846 3197 896 οὐκ
3221 845 3459 913 ὄψονται.

2240 938 2328 991 27.
2356 934 2494 989 Ὦτα
2521 935 2720 1006 ἔχουσι,
2750 936 2844 988 καὶ
2873 935 2972 988 οὐκ
3000 933 3320 988 ἀκούσονται
3341 951 3354 964 ·

2241 1030 2328 1083 28.
2365 1030 2544 1092 Ῥῖνας
2576 1027 2776 1097 έχουσι,
2807 1027 2900 1080 καὶ
2935 1028 3035 1080 οὐκ
3065 1027 3550 1098 ὀσφρανθήσονται.

2243 1123 2330 1177 29.
2364 1123 2564 1193 Χεῖρας
2587 1121 2787 1192 έχουσι,
2817 1122 2911 1173 καὶ
2937 1121 2996 1173 ού
3023 1119 3428 1191 ψηλαφήσουσι·

2243 1216 2330 1270 50.
2365 1214 2537 1278 Πόδας
2564 1213 2766 1284 έχουσι,
2793 1212 2886 1265 καὶ
2912 1213 2972 1265 οὐ
3005 1214 3494 1284 περιπατήσουσιν·

2245 1307 2332 1361 51.
2361 1307 2435 1360 Ού
2461 1307 2800 1377 φωνήσουσιν
2831 1307 2887 1358 ἐν
2912 1304 2990 1375 τῷ
3019 1303 3252 1376 λάρυγγι
3284 1303 3483 1357 αὐτῶν.

2245 1400 2332 1454 52.
2387 1400 2601 1470 Ὅμοιοι
2661 1399 2843 1460 αὐτοῖς
2897 1395 3136 1464 γένοιντο
3207 1393 3373 1465 [ούδέ
3439 1393 3550 1464 γάρ
3605 1395 3752 1445 ἐστιν

2176 1493 2393 1563 πνεῦμα
2430 1493 2486 1544 ἐν
2513 1490 2589 1560 τῷ
2625 1490 2850 1561 στόματι
2887 1488 3100 1542 αὐτῶνθ
3137 1488 3312 1559 ὅμοιοι
3338 1486 3518 1540 αὐτῶν
3548 1486 3751 1554 γένων-

2175 1584 2293 1657 ται]
2329 1586 2378 1638 οἰ
2409 1583 2687 1646 ποιοῦντες
2720 1582 2888 1647 αὐτὰ,

2247 1677 2336 1731 55.
2373 1675 2482 1729 Kal.
2517 1676 2717 1738 πάντες
2744 1675 2793 1727 οἰ
2822 1671 3137 1734 πεποιθότες
3163 1671 3249 1723 ἐπ’
3279 1671 3480 1732 αὑτοῖς.

2105 1787 2148 1840 Β
2244 1769 2332 1822 54.
2371 1763 2528 1831 Οἶκος
2578 1763 2794 1837 Ἰσραὴλ
2821 1764 3051 1836 ἡλπισεν
3079 1761 3172 1816 ἐπὶ
3197 1759 3398 1831 Κύριον
3419 1775 3432 1788 ⁸

2249 1860 2336 1914 55.
2362 1859 2561 1930 Βοηθὸς
2595 1859 2686 1912 καὶ
2709 1853 3120 1929 ὑπερασπιστὴς
3147 1853 3324 1909 αὐτῶν
3349 1855 3514 1907 ἐστιν.

1631 2041 2003 2100 ATHANASII
2045 2036 2630 2096 INTERPBETATIO.

579 2217 766 2274 21-25.
808 2213 1046 2269 Avaritia
1079 2211 1223 2267 enim
1253 2207 1524 2281 gentiliter
1573 2203 1868 2258 viventium
1901 2199 2076 2254 idolo-

510 2311 665 2364 latria
713 2316 815 2374 est,
846 2303 1302 2376 quemadmodum
1343 2298 1480 2354 dixit
1513 2295 1806 2367 Apostolus
1842 2293 1910 2344 ⁵ο.
1943 2291 2076 2356 Quae

510 2410 692 2456 autem
717 2398 862 2452 dicta
888 2401 1018 2449 sunt
1048 2393 1115 2447 de
1135 2391 1295 2446 idolis
1325 2386 1612 2446 manifesta
1645 2383 1899 2438 omnibus
1923 2389 2072 2445 sunt,

509 2492 656 2563 quod
700 2491 933 2544 formam
972 2485 1193 2556 quidem
1241 2483 1464 2547 habent,
1513 2478 1662 2534 nulla
1710 2488 1890 2530 autem
1934 2474 2076 2528 inest

393 2640 395 2642 .
510 2583 752 2654 operatio
782 2582 836 2635 in
866 2578 1150 2640 membris,
1182 2589 1236 2631 et
1266 2590 1352 2639 ea,
1381 2588 1503 2644 qua:
1536 2571 1792 2626 dicuntur
1821 2567 1875 2621 in
1905 2581 2076 2636 appo-

512 2676 616 2731 sito
641 2673 851 2744 psalmo
882 2671 949 2725 de
972 2671 1040 2724 iis
1067 2668 1158 2738 qui
1195 2667 1283 2721 illa
1315 2665 1540 2728 faciunt,
1573 2661 1657 2716 vel
1679 2661 1734 2714 in
1769 2659 1876 2713 illis
1903 2657 2074 2713 conﬁ-

512 2767 668 2830 dunt,
693 2763 978 2820 verissima
1008 2770 1168 2825 sunt;
1199 2758 1289 2813 sed
1322 2754 1647 2812 conveniens
1673 2751 1823 2818 duxi,
1845 2751 2073 2805 descen-

513 2859 642 2914 dere
677 2855 746 2911 ad
783 2853 1118 2925 allegoriam,
1158 2859 1213 2907 et
1260 2847 1488 2920 singulis
1525 2844 1776 2900 versibus
1806 2841 2077 2912 subjicere

511 2942 788 3015 propriam
817 2942 1139 2998 sententiam
1168 2953 1361 2994 sensus
1393 2935 1688 3006 allegorici.

578 3121 669 3176 24.
700 3121 848 3193 Opus
886 3118 1448 3190 concupiscentiarum
1495 3112 1777 3168 hominum
1825 3117 1911 3166 est
1948 3123 2078 3163 ava-

511 3212 659 3267 ritia.

575 3303 669 3357 25.
709 3301 930 3356 Nullum
976 3300 1120 3356 enim
1172 3299 1378 3354 bonum
1434 3304 1720 3367 loquentur
1778 3302 2076 3366 gauoentes

511 3391 780 3464 pecuniis.

2247 2197 2434 2251 21ο25.
2470 2196 2546 2267 (1)
2587 2195 2653 2248 Ἦ
2685 2193 2793 2267 γὰρ
2839 2193 3172 2266 φιλαργυρία
3200 2192 3307 2246 τῶν
3341 2191 3575 2256 ἐθνικῶς
3604 2191 3748 2256 ζών-

2182 2303 2290 2339 των
2314 2283 2721 2355 εἰδωλολατρεία
2753 2283 2897 2349 ἐστὶ,
2929 2283 3111 2348 καθὼς
3151 2279 3300 2338 εἶπεν
3330 2285 3358 2336 ὁ
3408 2283 3749 2345 Ἀπόστολος.

2180 2377 2262 2431 Τὰ
2283 2377 2339 2430 δὲ
2373 2376 2633 2448 εἰρημένα
2662 2375 2789 2444 περὶ
2827 2374 2936 2429 τῶν
2967 2374 3196 2430 εἰδώλων
3231 2375 3364 2444 δῆλα
3397 2375 3564 2427 πᾶσίν
3593 2378 3749 2436 εἰσιν,

2179 2468 2259 2521 ὅτι
2303 2468 2623 2538 χαρακτῆρα
2674 2467 2771 2537 μὲν
2815 2465 3060 2537 ἔχουσιν,
3111 2466 3360 2538 ἐνέργεια
3404 2466 3459 2519 δέ
3514 2466 3751 2536 μηδεμία

2181 2559 2413 2630 ὑπάρχει
2447 2558 2504 2610 ἐν
2534 2560 2648 2620 τοῖς
2679 2556 2989 2628 λεγομένοις
3026 2555 3238 2626 μέλεσιν
3271 2557 3368 2626 (2),
3405 2557 3499 2610 καὶ
3553 2559 3586 2626 ἡ
3616 2557 3748 2608 ἁπό-

2181 2665 2343 2718 φασις
2373 2647 2428 2700 δὲ
2467 2648 2500 2718 ἡ
2535 2647 2798 2718 εἰρημένη
2840 2649 2896 2700 ἐν
2924 2646 2999 2717 τῷ
3029 2647 3368 2719 προκειμένῳ
3393 2646 3595 2719 ψαλμῷ
3629 2646 3750 2717 περὶ

2178 2741 2286 2794 τῶν
2319 2740 2618 2793 ποιούντων
2661 2738 2797 2792 αὑτὰ
2817 2778 2832 2803 ,
2876 2741 2969 2792 καὶ
2996 2741 3121 2812 περὶ
3161 2739 3267 2793 τῶν
3298 2739 3636 2793 πεποιθότων
3667 2740 3750 2792 ἐπ’

2180 2833 2366 2896 αὑτοῖς
2397 2831 2594 2902 ἀληθὲς
2626 2831 2893 2901 ὑπάρχει·
2926 2831 3061 2885 ἀλλὰ
3091 2832 3294 2886 δίκαιον
3324 2833 3622 2902 ἡγησάμην
3661 2833 3750 2886 καὶ

2180 2924 2279 2979 ἐπὶ
2316 2925 2416 2996 τὴν
2457 2923 2782 2996 ἁλληγορίαν
2821 2923 3016 2989 ἐλθεῖν,
3043 2926 3155 2992 ζκα).
3197 2924 3459 2994 ὑποθῆναι
3505 2925 3747 2988 ἑκάστοις

2183 3017 2386 3088 στίχοις
2421 3017 2496 3087 (5)
2529 3016 2586 3069 τὸ
2619 3015 2746 3069 ἴδιον
2780 3015 2957 3085 νόημα
2985 3017 3086 3086 τῆς
3115 3016 3367 3087 θεωρίας.

2249 3110 2525 3180 24.Ἔργα
2539 3107 2838 3177 ἐπιθυμιῶν
2862 3108 3160 3178 ἀνθρώπων
3176 3110 3362 3179 ἐστὶνὴ
3389 3108 3742 3181 φιλαργυρία.

2249 3291 2345 3346 25.
2379 3290 2542 3343 Οὐδὲν
2569 3290 2675 3362 γὰρ
2706 3289 2907 3358 ἀγαθὸν
2941 3288 3260 3360 λαλήσουσιν
3296 3287 3370 3360 (4)
3398 3289 3449 3341 οἱ
3476 3291 3591 3353 τοῖς
3619 3289 3746 3360 χρή-

2181 3401 2314 3454 μασι
2343 3383 2644 3453 χαίροντες.
2991 3410 2997 3415 η

583 3485 672 3538 26.
704 3483 986 3553 Tanquam
1013 3497 1120 3536 non
1147 3479 1406 3535 habentes
1434 3477 1626 3534 oculos
1651 3478 1719 3534 ad
1743 3493 1932 3533 eorum
1964 3493 2078 3548 per—
2106 3488 2147 3546 α

2249 3476 2338 3532 26.
2387 3475 2474 3537 Ὠς
2518 3473 2592 3544 μὴ
2622 3473 2835 3543 ἔχοντες
2871 3473 2977 3546 γὰρ
3014 3473 3322 3546 ὀφθαλμοὺς
3365 3475 3511 3529 κατὰ
3540 3477 3607 3545 τῇ
3633 3476 3746 3528 ἐαυ-

512 3575 771 3629 ditionem
796 3571 1228 3643 progredientur.

577 3667 664 3722 27.
695 3663 814 3720 Non
837 3666 982 3720 enim
1007 3662 1392 3718 auscultabunt
1415 3661 1700 3732 praeceptis
1726 3661 1843 3716 Dei.

580 3843 667 3899 28.
705 3844 826 3897 Non
859 3843 1001 3898 enim
1037 3842 1357 3912 beneplaciti
1404 3841 1495 3896 Dei
1544 3845 1837 3913 participes
1888 3853 2075 3897 erunt.

582 3934 672 3990 29.
698 3933 812 3989 Non
835 3935 982 3989 enim
1011 3934 1682 4004 exquisiveruntillvenire
1697 3945 1907 4005 portam
1933 3939 2075 4002 vitae,

513 4029 619 4082 hoc
652 4036 735 4082 est
769 4026 1080 4081 Dominum.

583 4117 670 4174 50.
713 4116 1168 4173 Claudicaverunt
1223 4118 1407 4185 enim,
1467 4133 1752 4188 perversas
1791 4127 2078 4174 seauentes

511 4206 631 4261 tias
662 4207 720 4260 in
740 4207 1044 4260 actionibus
1069 4207 1205 4262 suis.

583 4299 671 4351 51.
708 4295 825 4351 Non
865 4299 1197 4353 invocabunt
1225 4298 1540 4354 Dominum.

589 4389 676 4442 52.
712 4388 974 4444 Peribunt
994 4406 1100 4444 non
1138 4406 1296 4448 secus
1324 4408 1388 4447 ac
1421 4395 1684 4464 pecunia,
1709 4395 1802 4464 qui
1835 4410 1926 4450 eas
1953 4395 2070 4448 the-

515 4481 811 4535 saurizant.

583 4571 670 4625 55.
701 4571 768 4626 Et
802 4588 990 4628 omnes
1018 4574 1073 4628 in
1115 4577 1359 4644 pecuniis
1393 4588 1687 4648 sperantes.

583 4661 672 4717 54.
703 4663 877 4719 Mente
903 4675 1078 4720 autem
1108 4667 1277 4720 Deum
1306 4669 1552 4724 videntes
1580 4678 1931 4740 speraverunt
1962 4684 2071 4725 non

514 4751 568 4806 in
599 4755 861 4822 pecuniis,
896 4757 989 4811 sed
1021 4756 1075 4811 in
1107 4757 1356 4813 Domino.

582 4848 672 4901 55.
705 4847 772 4903 Ει
811 4849 932 4904 ideo
969 4849 1242 4906 confortat
1270 4867 1386 4914 eos,
1418 4851 1720 4923 iisdemque
1751 4853 2031 4923 pr05plcit.

583 5044 630 5077 ⁸⁸
657 5044 868 5104 Coloss.
905 5062 988 5111 ιιι,
1024 5049 1076 5102 5.

2181 3566 2286 3620 τῶν
2315 3565 2559 3635 ἀπωλείᾳ
2588 3564 2665 3635 (5)
2702 3564 3079 3636 πορεύσονται.

2247 3659 2336 3712 27.
2373 3659 2444 3710 υύ
2481 3657 2587 3729 γὰρ
2618 3657 2966 3710 ὑπακούσωσι
3011 3659 3124 3722 τοῖς
3181 3656 3276 3710 τοῦ
3315 3655 3454 3710 Θεοῦ
3509 3657 3744 3728 προστά-

2181 3767 2403 3822 γμασιν.

2248 3843 2337 3896 28.
2369 3842 2441 3893 Ού
2485 3840 2594 3912 γὰρ
2620 3840 2718 3911 τῆς
2743 3839 2985 3902 εὐδοκίας
3013 3837 3105 3891 τοῦ
3129 3838 3261 3892 Θεοῦ
3306 3837 3379 3908 (6)
3411 3838 3742 3909 μετέχωσιν.

2247 3933 2337 3988 20.
2363 3933 2435 3985 Οὐ
2459 3931 2567 4003 γὰρ
2590 3931 2918 4003 ἐξεζήτησαν
2939 3931 3117 4000 εὑρεῖν
3150 3929 3245 4002 τὴν
3270 3930 3437 4003 θύραν
3456 3931 3560 4000 τῆς
3585 3931 3742 3999 ζωῆς,

2177 4023 2425 4076 τουτέστι
2456 4023 2548 4076 τὸν
2578 4023 2782 4094 Κύριον
2818 4023 2920 4092 (7).

2246 4116 2334 4169 50.
2377 4115 2686 4186 Ἐχώλαναν
2733 4115 2841 4187 γὰρ
2885 4113 3315 4186 διεστραμμένας
3355 4113 3511 4178 ὁδοὺς
3556 4131 3741 4184 πορευ-

2179 4205 2362 4268 θέντες
2387 4209 2442 4258 ἐν
2469 4209 2585 4270 ταῖς
2617 4205 2879 4279 πράξεσιν
2909 4205 3106 4261 αὐτῶν.

2246 4296 2333 4350 51.
2371 4298 2445 4349 Ol)
2479 4297 2554 4369 μὴ
2581 4297 2992 4351 ἐπικαλέσονται
3017 4297 3107 4350 τὸν
3141 4296 3361 4368 Κύριον.

2184 4407 2192 4415 '
2247 4390 2333 4443 52.
2369 4392 2620 4445 Ἔσονται
2665 4390 2836 4455 οὕτως
2866 4390 3222 4462 ἀπολλύμενοι
3269 4391 3343 4454 ὡς
3388 4389 3458 4443 τὰ
3488 4391 3731 4460 χρήματα

2177 4484 2224 4534 οἱ
2259 4480 2675 4552 θησαυρίζοντες
2703 4483 2860 4536 αὐτά.

2247 4575 2333 4628 55.
2369 4575 2479 4628 Καὶ
2509 4575 2706 4638 πάντες
2734 4576 2781 4627 οἰ
2813 4573 3119 4638 ἐλπίζοντες
3149 4574 3239 4626 ἐπὶ
3267 4575 3376 4637 τοῖς
3405 4573 3659 4643 χρήμασι.

2246 4666 2335 4721 54.
2357 4666 2434 4739 (8)
2467 4669 2528 4720 Οἱ
2555 4667 2611 4720 δέ
2650 4671 2714 4740 τῇ
2744 4667 2949 4736 διανοίᾳ
2981 4665 3114 4718 Θεὸν
3135 4663 3364 4735 ὁρῶντες
3387 4663 3616 4734 ἤλπισαν
3635 4662 3720 4715 οὐκ

2178 4756 2269 4809 ἐπὶ
2302 4758 2574 4828 χρήμασιν
2594 4797 2608 4821 ,
2640 4757 2751 4810 ἀλλ’
2782 4757 2872 4808 ἐπὶ
2903 4755 3122 4825 Κύριον.
3636 4796 3644 4802 .

2250 4849 2338 4902 55.
2376 4850 2487 4902 Καὶ
2515 4851 2590 4920 (9)
2620 4850 2708 4902 διὰ
2755 4847 2910 4900 τοῦτο
2953 4846 3187 4917 ἐνισχύει
3220 4845 3414 4909 αὐτοὺς
3434 4883 3449 4909 ,
3478 4859 3568 4897 και
3599 4838 3713 4908 πρέ-

2103 4955 2155 5015 D
2179 4957 2325 4995 νοιαν
2353 4941 2531 4995 αὐτῶν
2564 4944 2814 4995 ποιεῖται.

1453 5166 1757 5229 Addenda.
1787 5176 1846 5231 et
1882 5170 2255 5250 corrigenda
2292 5190 2372 5234 ex
2397 5172 2537 5234 cod.
2579 5173 2782 5235 Vatia.

689 5320 738 5374 N
771 5322 984 5404 _2~l,_22.
1014 5322 1158 5404 "use
1184 5323 1314 5404 Θεὸς
1344 5325 1499 5404 ἡμῶν
1547 5328 1638 5404 καὶ
1677 5330 1782 5404 πρὸ
1805 5330 1905 5404 τῆς
1934 5347 2073 5404 παρ-

509 5393 698 5467 ουσίας
729 5393 920 5467 αὑτοῦ(
955 5396 1046 5446 καὶ
1077 5395 1222 5467 ἐν-τῇ
1242 5393 1527 5467 παρουσίᾳ
1556 5393 1942 5465 αὐτοῦ’πάντα,
1969 5393 2070 5453 ὅσα

511 5461 782 5541 ἠθέλησεν.
801 5463 1076 5541 ἐποίησεν.
1106 5463 1158 5516 Ν
1169 5507 1180 5519 .
1199 5461 1290 5519 25.
1334 5461 1396 5518 Ἦ
1426 5461 1533 5538 γὰρ
1562 5468 1894 5541 φιλαργυρία
1915 5461 1937 5535 ,’
1959 5479 2065 5526 etc.

583 5531 658 5596 (2)
681 5531 912 5585 Μέλεσιν
941 5531 1134 5588 αὐτῶν.

689 5601 1003 5679 ῌαραθῆναι
1037 5605 1246 5678 ἑκάστῳ
1279 5606 1461 5679 στίχῳ.

581 5666 657 5738 (4)
691 5666 866 5723 Λαλοῦ
874 5666 974 5727 σιν.

2249 5333 2326 5403 (5)
2359 5335 2470 5404 Τῆς
2499 5333 2706 5388 ἑαυτῶν
2738 5333 3018 5404 ἀπωλείας.

2250 5405 2325 5474 (6)
2355 5403 2593 5468 Εὑωδίας
2626 5405 2719 5457 τοῦ
2750 5403 3009 5475 Χριστοῦ.

2249 5475 2328 5546 (7)
2359 5476 2610 5546 Χριστόν.

2250 5479 2302 5542 (7
2359 5479 2610 5546 Χριστόν.

2250 5479 2328 5616 (8)
2352 5547 2420 5598 Ν.
2453 5546 2541 5608 55,
2569 5544 2655 5599 54.
2689 5544 2751 5616 Ol
2783 5543 2838 5596 δέ
2868 5551 2972 5597 etc.

2251 5616 2326 5686 (9)
2357 5616 2464 5672 Καὶ
2497 5631 2604 5671 non
2633 5615 2845 5684 legitur.
