4004 6212
344 324 482 381 1169
1240 321 1330 376 DE
1370 311 1644 378 TITULIS
1680 320 2127 379 PSALMORUM.
2160 349 2227 362 —-
2266 315 2460 373 PSAL.
2500 313 2706 371 CXVII.
3437 321 3574 376 11το

411 436 605 490 2.*οτι
640 439 716 499 εἷς
749 437 840 491 τὸν
868 450 1040 490 αιωνα
1065 438 1128 491 τὸ
1155 435 1300 501 ἔλεος
1324 437 1509 492 αὐτοῦ.
1944 446 1986 499 Α

1944 446 1986 499 Α
2082 436 2138 490 2.
2166 433 2430 501 Quoniam
2460 431 2513 485 in
2541 433 2796 487 saeculum
2827 432 3193 489 misericordia
3227 436 3364 505 ejus.

414 526 466 579 5.
506 525 727 579 Είπάτω
756 526 820 598 δὴ
843 522 989 590 οἶκος
1028 527 1265 598 Ἰσραὴλ.
1291 529 1372 581 ὃτι
1406 529 1628 597 ἀγαθὸς,

2086 527 2140 582 3.
2171 527 2320 581 Dicat
2352 540 2496 579 nunc
2519 524 2712 578 domus
2751 524 2935 588 Israel,
2960 527 3216 594 quoniam
3252 528 3447 594 bonus,

415 616 467 669 4.
485 616 604 668 Ὀτι
630 618 709 679 είς
735 616 825 670 τὸν
851 617 1022 671 αἰῶνα
1049 617 1107 670 τὸ
1132 617 1278 682 ἕλεος
1307 620 1492 674 αὑτοῦ.

2086 619 2139 674 4.
2168 616 2434 683 Quoniam
2466 616 2518 670 in
2546 615 2802 670 saeculum
2835 616 3205 672 misericordia
3234 618 3372 685 ejus.

417 707 468 761 5.
511 707 730 761 Εἰπάτω
758 708 822 780 δὴ
847 704 993 772 οἶκος
1033 707 1258 781 Ἀαρὼν,
1293 712 1373 764 ὅτι
1401 711 1622 780 ἀγαθὸς.

2091 711 2145 766 5.
2176 708 2331 763 Dicat
2358 723 2504 762 nunc
2525 708 2721 763 domus
2751 707 2954 773 Aaron,
2992 709 3247 778 quoniam
3278 710 3474 777 bonus,

417 797 471 851 6.
488 798 609 850 Ὀτι
637 801 717 856 εἰς
753 799 844 852 τὸν
873 799 1046 854 αἰῶνα
1074 800 1135 854 τὸ
1164 801 1314 865 ἔλεος
1342 802 1527 856 αὑτοῦ.

2093 802 2147 857 6.
2182 800 2449 868 Quoniam
2485 801 2538 854 in
2569 800 2828 855 saxulum
2859 801 3228 857 misericordia
3254 802 3390 872 ejus.

421 890 474 945 7.
507 892 830 945 Εἰπὰτωσαν
854 893 918 964 δὴ
935 894 1133 959 πάντες
1156 897 1204 947 οἱ
1230 894 1394 963 φοόού
1404 912 1551 953 ιιενοι
1576 897 1667 950 τὸν
1695 897 1910 969 Κύριον,

2021 962 2037 974 ’
2097 893 2148 950 7.
2193 892 2385 947 Dicam
2413 907 2556 946 nunc
2583 906 2772 947 omnes
2811 892 3058 947 timentes
3091 891 3402 960 Dominum,
3441 910 3584 965 qua-

351 985 434 1038 ὃτι
457 984 677 1052 ἀγαθὸς,

2023 985 2167 1040 niam
2202 985 2379 1040 bonus
2395 1023 2411 1049 ,

425 1077 476 1130 8.
509 1077 631 1129 ’Ότι
660 1078 740 1140 εἰς
773 1077 863 1130 τὸν
886 1076 1060 1132 αἰῶνα
1088 1078 1149 1131 τὸ
1177 1077 1324 1142 ἕλεος
1348 1080 1532 1135 αὑτοῦ.

2101 1078 2155 1132 8.
2186 1074 2455 1142 Q'uoniam
2481 1074 2536 1129 in
2563 1075 2819 1130 saeculum
2842 1075 3211 1131 misericordia
3243 1076 3376 1145 ejus.

427 1167 481 1223 9.
511 1168 607 1221 Ἐκ
635 1167 864 1239 θλίψεως
894 1170 1313 1243 ἐπεκαλεσάμην
1336 1172 1428 1225 τὸν
1456 1171 1674 1245 Κύριον,

2092 1169 2147 1224 9.
2181 1168 2257 1223 De
2283 1167 2634 1222 tribulatione
2670 1168 2914 1222 invocavi
2950 1166 3270 1233 Dominum,

430 1258 517 1312 10.
556 1257 661 1312 Καὶ
691 1260 966 1330 ἐπήκουσέ
1001 1279 1102 1333 μου
1131 1264 1210 1327 είς
1238 1263 1569 1334 πλατυσμόν.

2098 1261 2183 1315 10.
2219 1262 2286 1315 Et
2320 1259 2597 1316 exaudivit
2635 1275 2723 1314 me
2766 1259 2819 1313 in
2854 1260 3154 1315 latitudine.

429 1350 515 1403 1|.
550 1346 750 1421 Κύριος
781 1352 904 1422 ἐμοὶ
937 1351 1126 1422 βοηθὸς
1151 1392 1166 1416 ,
1199 1353 1294 1408 καὶ
1332 1354 1393 1407 οὐ
1428 1354 1804 1427 φοϐηθήσομαι
1824 1370 1841 1387 ο
1868 1354 1923 1410 τί

2097 1352 2187 1405 11.
2223 1351 2487 1407 Dominus
2526 1350 2662 1405 milii
2696 1351 2931 1421 adjutor,
2962 1360 3016 1406 et
3045 1367 3152 1407 non
3197 1352 3430 1418 timebo,
3459 1351 3584 1421 quid

362 1440 575 1512 ποιήσει
604 1458 693 1511 μοι
727 1441 824 1495 ἀνθ
831 1459 1009 1514 ρωπος
1034 1461 1050 1509 ;

1003 1461 1009 1505 ς
1034 1461 1050 1509 ;
2026 1442 2185 1498 iaciat
2228 1442 2359 1496 mihi
2383 1442 2584 1497 homo?

434 1533 519 1587 12.
586 1532 785 1605 Κύριος
839 1535 963 1605 ἐμοὶ
1001 1535 1213 1607 βοηθὸς,
1269 1537 1425 1606 κάγὼ
1467 1538 1737 1609 ἐπόψομαι
1789 1539 1926 1610 ,τοὺς

2101 1533 2189 1588 12.
2229 1532 2497 1589 Dominus
2524 1534 2660 1588 mibi
2683 1532 3006 1607 adjutor,_et
3032 1549 3134 1606 ego
3165 1534 3457 1613 despiciam
3485 1536 3588 1589 ini-

363 1622 589 1694 ἐχθρούς
619 1641 741 1694 μου.

2026 1626 2198 1681 Inicos
2237 1639 2409 1680 meos.
2570 1624 2576 1633 ’

436 1716 523 1769 1'5.
559 1715 783 1784 Ἀγαθὸν
805 1715 1119 1770 πεποιθέναι
1145 1718 1239 1771 ἐπὶ
1269 1716 1487 1791 Κύριον,
1962 1780 1999 1791 __

1962 1780 1999 1791 __
2099 1713 2186 1769 125.
2216 1713 2426 1768 Bonum
2456 1722 2541 1769 est
2569 1715 2842 1770 conlidere
2867 1715 2921 1769 in
2944 1714 3215 1783 1Domino,

434 1806 521 1860 ιιι.
545 1807 614 1859 Ἢ
632 1780 961 1861 ’πεποιθέναι
995 1808 1079 1860 ἐπ’
1107 1780 1413 1878 ἄνθρωπον.
1472 1780 1483 1784 ⁷
1960 1780 2001 1835 Β

1960 1780 2001 1835 Β
2104 1806 2193 1862 14.
2224 1807 2398 1872 Quam
2429 1806 2702 1861 conlidere
2737 1806 2791 1861 in
2827 1780 3067 1863 homine.

436 1898 523 1953 15.
553 1898 781 1966 ’Λγαθὸν
807 1898 1047 1962 ἐλπίζειν
1069 1900 1164 1953 ἐπὶ
1195 1899 1414 1971 Κύριον,

2107 1897 2193 1952 15.
2230 1896 2441 1952 Bonum
2482 1906 2565 1952 est
2592 1913 2811 1968 sperare
2832 1898 2884 1952 in
2914 1898 3175 1962 Domino.

437 1988 525 2044 16.
554 1990 623 2042 Ἣ
648 1989 885 2055 ἐλπίζειν
923 1991 1010 2044 ἐπ’
1041 1991 1268 2062 ἄρχουσι
1307 1990 1646 2064 [ἄρχοντας]

1563 1991 1646 2064 ις]
2106 1989 2194 2044 16.
2236 1989 2412 2056 Quam
2456 2004 2676 2062 sperare
2704 1989 2761 2045 in
2792 1991 3144 2061 principibus.

437 2080 524 2134 17.
566 2080 749 2135 Πάντα
776 2081 844 2135 τὰ
870 2081 998 2152 εθνη
1024 2082 1340 2136 ἐκύκλωσαν
1368 2099 1435 2153 με
1461 2099 1473 2113 ⁸

2112 2078 2195 2134 17.
2229 2080 2432 2135 Omnes
2461 2090 2646 2151 gentes
2678 2080 3069 2137 circumierunt
3095 2098 3182 2137 me
3207 2101 3221 2137 :

440 2172 526 2226 18.
570 2171 673 2226 Καὶ
691 2171 770 2243 τῷ
789 2172 1013 2244 ὀνόματι
1043 2172 1246 2243 Κυρίου
1269 2173 1563 2246 ἠμυνάμην
1592 2175 1808 2235 αὐτούς.

1772 2192 1808 2235 τ.
2117 2170 2200 2225 18.
2237 2169 2304 2225 Et
2336 2172 2556 2227 nomine
2585 2170 2798 2228 Domini
2826 2174 2972 2229 ultus
2996 2187 3115 2229 sum
3158 2175 3212 2228 in
3241 2190 3353 2230 eos.

443 2260 529 2319 19.
559 2260 944 2326 Κυκλὼσαντες
966 2260 1282 2315 ἐκύκλωσαν
1312 2277 1379 2331 με
1397 2277 1409 2289 ’

2110 2261 2197 2315 19.
2229 2260 2644 2318 Circumdantes
2665 2263 3140 2320 circumdederunt
3166 2281 3288 2319 me:

1490 2416 1869 2497 minus"
1909 2437 2487 2497 mrcarnenm.

445 2592 635 2646 2."01:t
655 2592 936 2657 ἀνελλιπὲς
967 2591 1028 2647 τὸ
1055 2592 1201 2657 ἔλεος
1229 2593 1414 2646 αὑτοῦ.

2112 2596 2168 2646 ’2.
2196 2593 2462 2659 Quoniam
2499 2593 2811 2648 indeﬂcicns
2842 2593 3211 2649 misericordia
3247 2593 3384 2662 ejus.

442 2683 497 2739 3.
521 2684 587 2736 Ἦ
618 2682 813 2754 καρδία
844 2683 952 2737 τῶν
972 2682 1223 2755 ὁρώντων
1252 2682 1384 2738 Θεὸν
1406 2685 1474 2755 τῇ
1497 2682 1704 2755 διανοίᾳ
1736 2684 1836 2755 (1).

1465 2682 1704 2755 (διανοίᾳ
1736 2684 1836 2755 (1).
2110 2684 2164 2738 5.
2191 2683 2300 2739 Cur
2328 2684 2621 2739 videntium
2650 2683 2818 2739 Deum
2850 2694 3046 2740 mente.

445 2778 501 2831 4.
518 2776 638 2831 Ὅτι
662 2774 946 2841 ἀνελλιπὲς
976 2775 1054 2847 (2)
1077 2774 1139 2829 τὸ
1164 2774 1310 2840 ἕλεος
1336 2773 1523 2831 αὐτοῦ.

2112 2777 2167 2830 4.
2195 2774 2464 2842 Quoniam
2500 2775 2818 2832 indeliciens
2842 2776 3212 2832 misericordia
3239 2775 3374 2846 ejus.

447 2869 501 2924 5.
541 2868 764 2923 Είπάτω
790 2868 855 2940 δὴ
877 2869 1078 2940 ὀχορὸς
1104 2867 1210 2922 τῶν
1242 2866 1430 2937 ἁγίων,
1450 2868 1533 2922 ὅτι
1552 2866 1754 2935 ἀγαθός
1774 2866 1943 2925 ἐστιν·

2111 2867 2167 2922 5.
2191 2865 2351 2922 Dicat
2381 2882 2529 2923 nunc
2556 2868 2757 2923 chorus
2778 2878 3115 2935 sanctorum,
3146 2869 3404 2938 quoniam
3432 2869 3606 2925 bonus

388 2959 605 3027 Ἀαρὼν
633 2958 742 3029 γὰρ
766 2957 1121 3029 ἑρμηνεύεται
1159 2956 1294 3025 ὄρος
1321 2956 1646 3026 δυνάμεως.

2047 2970 2131 3014 est
2160 2977 2173 3014 :
2203 2960 2381 3014 Aaron
2412 2958 2556 3013 enim
2585 2959 2970 3029 interpretatur
2997 2974 3144 3013 mons
3171 2959 3401 3013 virtutis.

449 3051 502 3106 6.
523 3052 644 3104 Ὅτι
679 3050 923 3120 ῆπλωται
969 3052 1061 3104 ἐπὶ
1103 3051 1311 3113 πάντας
1347 3049 1474 3111 τοὺς
1501 3045 1853 3119 βουλομένους
1884 3044 1945 3100 τὸ

2119 3049 2174 3104 6.
2197 3047 2466 3116 Quoniam
2502 3048 2767 3119 explicata
2805 3058 2890 3105 est
2938 3065 3102 3121 super
3130 3064 3320 3104 omnes
3371 3048 3608 3103 volentes

377 3142 528 3206 (λεος
557 3142 739 3197 αὐτοῦ.

1974 3192 2014 3209 η
2048 3139 2423 3194 misericordia
2450 3137 2591 3209 ejus.
3164 3199 3168 3207 ,

455 3234 507 3288 7.
537 3234 860 3287 Εἱπάτωσαν
896 3232 960 3304 δὴ
992 3233 1191 3296 πάντες
1230 3232 1279 3289 οἱ
1328 3232 1575 3286 ταπεινοὶ
1612 3233 1680 3302 τῇ
1724 3230 1944 3309 καρδίᾳ,
1970 3192 2018 3251 c

2117 3232 2172 3289 7.
2206 3231 2403 3288 Dicant
2446 3192 2595 3289 nunc
2634 3246 2826 3288 onines
2860 3231 3096 3287 humiles
3128 3199 3312 3298 corde,
3351 3231 3605 3301 quoniam

376 3327 463 3382 ὒτι
492 3327 692 3395 ἁγαθός
716 3328 882 3390 ἐστιν,

792 3343 882 3390 ειν,
2047 3324 2225 3381 bonus
2255 3334 2340 3382 est
2358 3367 2373 3391 ,

454 3419 508 3473 8.
538 3419 660 3471 Ὀτι
690 3418 749 3470 τὸ
781 3417 926 3479 ἔλεος
955 3416 1119 3470 αὑτοῦ
1155 3416 1241 3468 ἐπ’
1270 3415 1465 3479 αὐτούς
1492 3417 1641 3469 ἐστιν
1674 3413 1773 3486 (5).

2118 3416 2172 3473 8;
2205 3416 2471 3485 Quoniam
2500 3431 2662 3487 super
2689 3430 2786 3470 eos
2823 3415 3193 3472 misericordia
3222 3416 3341 3486 ejus
3367 3422 3471 3471 est.
3690 3474 3696 3483 ,

457 3510 510 3563 9.
536 3509 627 3561 Ἑν
651 3508 729 3578 τῷ
762 3508 942 3561 σκότει
965 3507 1066 3577 τῆς
1092 3507 1368 3579 ἁμαρτίας
1401 3504 1769 3576 κρατούμενος
1798 3505 1948 3578 ἐδεή-

2117 3508 2174 3566 9..
2205 3507 2263 3562 ln
2296 3509 2533 3564 tenebris
2582 3508 2787 3579 peccati
2839 3509 3089 3565 detentus
3127 3508 3446 3578 deprecatus
3491 3520 3609 3562 sum

384 3601 488 3669 θην
520 3598 684 3654 αὐτοῦ
715 3599 811 3669 (4).

613 3598 684 3652 τοῦ
715 3599 811 3669 (4).
2048 3615 2194 3654 eum.

460 3691 551 3744 10.
584 3688 691 3744 Καὶ
720 3689 989 3760 ἐπήκουσέ
1019 3707 1143 3761 μου,
1187 3689 1282 3747 καὶ
1306 3687 1482 3759 ἤγαγέ
1520 3706 1588 3760 με
1612 3690 1691 3751 είς
1710 3688 1951 3746 ἀνάπαυε

2125 3690 2211 3744 10.
2246 3688 2311 3744 Et
2337 3688 2616 3744 exaudivit
2643 3704 2762 3757 me,
2793 3700 2846 3745 et
2874 3691 3100 3746 adduxit
3150 3705 3237 3745 me
3277 3689 3330 3742 in
3372 3687 3610 3759 requiem

390 3798 477 3834 σιν
502 3779 594 3834 τοῦ
616 3780 794 3850 φωτὸς
820 3778 1007 3833 αὑτοῦ.

2053 3780 2190 3838 lucis
2212 3794 2343 3835 suae.
3616 3841 3620 3845 η

462 3871 546 3927 11.
573 3870 694 3942 Ἀφ’
721 3865 782 3926 οὗ
819 3871 981 3934 αὐτὸς
1016 3866 1364 3940 περιασπίζει
1402 3867 1479 3940 (5)
1528 3884 1653 3937 μου,
1689 3867 1748 3922 τε
1772 3866 1955 3925 δειλιῶ

2123 3872 2211 3926 11.
2250 3873 2329 3927 Ex
2367 3886 2478 3941 quo
2514 3871 2634 3943 ipse
2661 3884 2748 3926 me
2776 3872 3028 3942 protegit,
3061 3869 3189 3941 quid
3217 3868 3421 3924 timebo
3447 3877 3618 3923 terre-

387 3980 513 4018 τινα
535 3960 645 4016 τῶν
670 3961 872 4032 γηίνων
894 3961 1203 4032 δυνάμεωνς

937 3961 1203 4032 δνὰμεωη
2054 3979 2154 4019 nas
2180 3962 2518 4034 potestates?

466 4054 550 4110 12.
580 4051 779 4127 Κύριος
797 4052 1251 4125 ἀντιλαμϐάνεται
1274 4066 1397 4121 μου,
1439 4049 1593 4120 κάγὼ
1631 4050 1789 4120 μόνον
1814 4050 1959 4106 ἵσταο

2127 4052 2214 4107 12.
2243 4053 2507 4108 Dominus
2533 4053 2830 4123 cpitulatur
2854 4051 3010 4114 mihi,
3037 4061 3090 4105 et
3111 4065 3213 4121 ego
3236 4049 3386 4105 solus
3424 4060 3511 4104 sto
3539 4048 3615 4100 vi-

392 4165 494 4214 μαι
523 4146 664 4219 ὁρῶν
691 4148 819 4210 τοὺς
848 4145 1115 4217 ἄρχοντας
1134 4143 1229 4197 τοῦ
1257 4142 1480 4206 σκότους
1508 4140 1957 4212 συντριϐομένους

1788 4140 1957 4205 ιένους
2056 4145 2191 4200 dens
2219 4144 2565 4199 tenebrarum
2595 4143 2868 4214 principes
2906 4143 2974 4198 ab
2999 4157 3064 4198 eo
3092 4141 3369 4197 contritos.

388 4239 484 4292 ὑπ’
505 4237 692 4294 αὐτοῦ.

465 4332 551 4396 13,
586 4331 672 4387 14.
710 4330 786 4403 (6)
834 4328 1062 4399 ’Δγαθὸν
1099 4328 1339 4402 θαρρεῖν,
1381 4328 1474 4380 καί
1516 4325 1819 4398 καυχᾶσθαι
1867 4324 1959 4378 ἐπὶ

2130 4325 2219 4390 15,
2250 4324 2338 4378 14.
2371 4324 2577 4380 Bonum
2601 4323 2905 4391 conﬁdere,
2939 4331 2992 4378 et
3020 4321 3240 4392 gloriari
3274 4319 3328 4375 in
3366 4316 3618 4378 Domino.

386 4423 484 4479 τὸν
512 4421 731 4492 Κύριον,
762 4423 797 4496 ἢ
821 4421 1136 4476 πεποιθέναι
1167 4421 1260 4473 ἐπὶ
1288 4419 1457 4492 γηίνῃ
1477 4418 1782 4489 δυναστείᾳ.

2060 4429 2221 4485 quam
2257 4413 2510 4469 ﬁduciam
2536 4413 2736 4468 habere
2757 4411 2811 4465 in
2841 4422 3051 4467 terrena
3087 4416 3368 4479 potestate.

467 4512 556 4576 15,
596 4512 684 4567 16.
723 4511 951 4581 Ἀγαθὸν
991 4513 1050 4564 ἐν
1083 4512 1329 4581 ὑπομονῇ
1371 4508 1684 4601 περιμένειν
1725 4505 1961 4601 τὴνῌτῶν
1992 4543 2038 4601 ι)

2134 4503 2221 4570 15,
2257 4503 2341 4558 16.
2371 4501 2578 4557 Bonum
2605 4502 2658 4555 in
2698 4500 2953 4571 patientia
2987 4507 3299 4568 exspectare
3328 4495 3435 4553 frui
3473 4495 3620 4553 futu-

395 4605 698 4669 μελλόντων
728 4602 945 4672 ἀγαθῶν
996 4601 1315 4666 ἀπόλαυσιν,
1371 4601 1404 4671 ἢ
1447 4599 1779 4672 πρόσκαιρον
1820 4595 1961 4668 ἔχειν

2063 4596 2140 4651 ris
2189 4595 2382 4663 bonis,
2432 4609 2593 4664 quam
2637 4590 3020 4662 temporariam
3063 4603 3255 4660 capere
3290 4587 3494 4658 peccati
3526 4602 3620 4639 vo-

393 4697 668 4768 άμαρτίας
689 4696 1006 4750 ἀπόλαυσιν.

762 4696 1006 4750 εόλαυσιν.
2064 4689 2343 4757 luptatem.

476 4786 559 4841 17.
596 4787 660 4839 Al
690 4787 929 4840 ἐναντίαι
960 4786 1218 4858 δυνάμεις
1246 4784 1560 4838 ἐκύκλωσαν
1591 4798 1679 4852 με.

2138 4778 2225 4832 17.
2268 4777 2570 4833 Contraria:
2604 4783 2897 4845 potestates
2927 4773 3398 4829 circumdederunt
3430 4784 3516 4823 me

475 4876 560 4930 18.
599 4875 702 4928 Καὶ
731 4875 809 4946 τῷ
839 4875 1056 4947 σταυρῷ
1082 4875 1174 4929 τοῦ
1204 4874 1439 4946 Χριστοῦ
1483 4871 1775 4945 συνέτριψα
1811 4871 1969 4926 αὐτὸν

1535 4871 1775 4945 ινέτριψα
1811 4871 1969 4926 αὐτὸν
2140 4871 2226 4925 18.
2260 4870 2327 4926 Et
2349 4884 2512 4926 cruce
2530 4867 2732 4924 Christi
2753 4866 2981 4923 contrivi
3007 4881 3116 4921 eas.

394 4965 419 5041 ί
443 4965 647 5039 αὑτάς]
675 4967 774 5038 (7).

476 5058 561 5113 19.
592 5056 695 5112 Καὶ
717 5058 877 5113 πάλιν
910 5058 1203 5129 ἐπέμειναν
1226 5059 1476 5130 ἐπιμονῇ.

2139 5047 2224 5101 19.
2262 5044 2328 5099 Ει
2356 5059 2551 5099 rursus
2576 5051 2986 5113 perseveranter
3023 5038 3396 5110 perstiterunt.

1349 5233 1653 5295 Addenda
1691 5242 1751 5294 et
1798 5227 2175 5309 corrigenda
2205 5243 2285 5287 ex
2311 5228 2450 5287 cod.
2487 5223 2664 5284 Vatic

480 5428 557 5493 (1)
594 5427 818 5482 Είπάτω
849 5427 915 5497 δὴ
949 5425 1145 5497 καρδία
1177 5421 1283 5477 τῶν
1311 5421 1557 5492 ὁρώντων
1590 5420 1678 5474 τὸν
1715 5420 1867 5485 Θεὸν,
1889 5420 1968 5473 ὅτι
2259 5409 2677 5497 ξγπξρασῖείζεξς

480 5465 556 5493 ιιι
594 5465 818 5482 usu-untur
850 5465 915 5497 νιί
951 5465 1145 5497 nuru-vv
1187 5465 1279 5477 συσπ
1313 5465 1552 5492 νΓνσ--ννν
1601 5465 1673 5474 --σν
1721 5465 1867 5485 v—vv,
1893 5465 1968 5473 -.-

400 5498 609 5570 ἁγαθός
638 5499 803 5551 ἐστιν.

481 5568 560 5606 [ΩΧ
579 5566 971 5606 ’Δηεὶοὗιτῇρηνν

2148 5465 2230 5606 (6)
2259 5480 2328 5535 Ν.Δ
2354 5465 2437 5535 1'5.
2483 5465 2734 5549 Ἀγαθόν,
2759 5472 2943 5531 ctc.N.
2974 5471 3055 5527 l4.
3078 5472 3149 5525 Ἦ
3172 5468 3391 5543 θαρρεῖν
3411 5467 3502 5526 ἐπὶ
3515 5465 3637 5537 γηί-

2078 5572 2173 5606 ma
2231 5551 2533 5605 υναστείαν.

480 5551 560 5637 (2)
579 5551 976 5637 ’λτελεύτητοελ
1013 5634 1021 5637 _
2078 5551 2533 5637 νην-θυναπείαν.

482 5622 564 5708 (3)
601 5638 745 5708 Ἐστι
770 5622 1076 5697 διαπαντός.
2020 5644 2025 5647 ·
2132 5622 2220 5695 (7)
2250 5622 2472 5684 Δύτούς.

480 5707 564 5777 (ι)
594 5707 713 5760 Σου.
