4004 6212
451 342 583 397 H79

1282 346 1338 397 S.
1378 344 1746 400 ATHANASH
1787 343 1935 402 OPP.
1981 343 2159 398 PARS
2196 344 2279 397 Ill.
2312 372 2377 382 —
2412 337 2818 395 EXEGETICA.

3522 328 3656 384 H80

518 461 602 516 18.
638 460 831 517 Revela
854 465 1041 519 oculos
1069 478 1239 529 meos,
1270 474 1323 518 et
1345 466 1701 523 considerabo
1728 466 1998 527 mirabilia
2028 473 2072 526 Α

2170 464 2256 518 18.
2301 461 2671 530 ’Δποκάλυψον
2696 460 2822 522 τοὺς
2862 456 3169 527 ὀφθαλμούς
3196 469 3317 524 μου,
3360 449 3455 533 διαὶ
3498 464 3660 502 κατα-

444 552 511 606 de
542 552 658 623 lege
684 561 796 607 tua.

516 640 598 694 t9.
633 640 808 697 Incola
831 657 931 713 ego
963 658 1082 698 sum
1113 643 1165 701 in
1194 652 1356 712 terra,
1389 661 1494 699 non
1525 646 1828 705 abscondas
1852 662 1882 708 a
1909 663 1995 707 me

445 733 701 786 mandata
737 742 847 787 tua.
1966 798 1967 801 η

514 822 607 878 20.
641 824 966 894 Concupivit
1006 825 1188 885 anima
1233 843 1350 882 mea
1399 827 1706 883 desiderare
1730 827 2000 897 iustiﬁca-

448 918 619 971 tiones
656 924 778 972 tuas
806 918 859 973 in
900 918 1048 970 omni
1085 928 1346 987 tempore.

518 1004 607 1060 21.
642 1004 933 1075 increpasti
973 1008 1259 1078 superbos,
1309 1008 1577 1064 maledicti
1607 1008 1701 1079 qui
1730 1008 2003 1073 declinant

447 1113 476 1151 a
512 1096 779 1150 mandatis
806 1099 935 1152 tuis.

515 1188 605 1253 22.
634 1187 800 1254 Aufer
826 1205 855 1254 a
879 1206 964 1255 me
993 1190 1342 1261 opprobrium
1372 1200 1426 1246 et
1447 1200 1837 1262 contemptum.
1872 1191 2000 1261 quia

447 1282 755 1336 testimonia
796 1291 886 1336 tua
916 1282 1206 1352 exquisivi.

514 1373 606 1438 25.
649 1373 857 1427 Etenim
893 1374 1147 1439 sederunt
1171 1376 1442 1447 principes
1462 1415 1478 1437 .
1509 1386 1565 1429 et
1600 1375 1886 1439 adversum
1916 1389 2004 1429 me

446 1455 822 1535 loquebantur.
886 1482 1076 1523 servus
1133 1477 1314 1522 autem
1371 1478 1499 1522 tuus
1543 1467 1893 1529 exercebatur
1947 1467 2000 1524 in

445 1556 921 1631 justiﬁcationibus
951 1559 1078 1619 tuis.

523 1649 609 1702 24.
642 1647 777 1711 Nam
802 1659 856 1703 et
886 1649 1197 1704 testimonia
1236 1657 1331 1705 tua
1377 1649 1656 1707 meditatio
1680 1664 1793 1705 mea
1821 1661 1925 1713 est,
1947 1655 2005 1704 et

448 1741 734 1808 consilium
776 1757 956 1806 meum
985 1741 1403 1810 iustiﬁcationes
1428 1752 1552 1796 tuae.

2100 556 2277 627 νοήσω
2305 553 2373 607 τὰ
2403 554 2677 623 θαυμάσια
2698 552 2764 603 ὲκ
2793 549 2887 603 τοῦ
2920 548 3083 618 νόμου
3108 562 3220 599 σου,

2170 646 2254 700 19.
2288 644 2553 717 Πάροικος
2583 641 2694 711 ἐγώ
2721 642 2834 712 εἰμι
2862 642 2920 694 ὲν
2950 641 3017 709 τῇ
3071 638 3165 706 γῇ,
3223 632 3297 704 μὴ
3335 628 3660 701 άποκρύψῃς

2099 739 2192 800 ἀπ’
2216 735 2347 807 ὲμοῦ
2368 736 2466 798 τὰς
2497 733 2713 796 ἐντολάς
2746 749 2858 784 σου.

2166 830 2257 885 20.
2297 827 2663 898 Ἐπεπόθησεν
2690 827 2723 896 ή
2750 824 2892 894 ψυχή
2924 837 3026 890 μου
3074 816 3169 872 τοῦ
3226 814 3560 884 ἐπιθυμῆσαι
3591 809 3663 864 τὰ

2099 917 2340 989 κρίματὰ
2365 934 2456 970 σου
2490 914 2731 969 ὲντιταντὶ
2754 910 2945 983 καιρῷ.

2168 1008 2258 1067 2|.
2304 1007 2672 1078 ‘Estettpqoa;
2728 999 3116 1074 ὑπερηφάνοις,
3169 994 3556 1065 ὲπικατάρατοι
3612 990 3663 1041 oi

2100 1098 2433 1160 ἐκκλίνοντες
2463 1096 2569 1150 άπὸ
2597 1096 2702 1149 τῶν
2729 1093 2953 1149 ἐντολῶν
2978 1109 3094 1147 σου.

2169 1191 2259 1245 22.
2281 1189 2504 1262 Περίελε
2533 1189 2626 1242 ἀπ’
2649 1187 2781 1257 ἐμοῦ
2818 1186 3018 1250 ὄνειδος
3043 1182 3137 1238 καὶ
3169 1180 3540 1248 ὲξουδένωσιν,·
3579 1176 3665 1229 ὅτι

2100 1280 2169 1335 τὰ
2193 1280 2467 1352 μαρτύριά
2493 1297 2584 1333 σου
2612 1278 2932 1348 ὲξεξήτησα.

2170 1374 2259 1438 25.
2303 1373 2413 1426 Καὶ
2464 1371 2573 1443 γάρ
2606 1370 2864 1425 ἐκάθισαν
2912 1367 3189 1440 ἄρχοντες,
3237 1363 3332 1417 καὶ
3381 1361 3502 1414 κατ’
3528 1357 3663 1429 ἐμοῦ

2103 1463 2449 1525 κατελάλουν·
2481 1464 2510 1515 ὁ
2536 1462 2593 1515 δὲ
2629 1459 2810 1522 δοῦλός
2853 1476 2946 1514 σου
2999 1456 3273 1526 ὴδολέσχει
3335 1455 3391 1506 ὲν
3421 1453 3537 1513 τοῖς
3582 1448 3666 1501 δι-

2103 1554 2377 1625 καιώμασί
2409 1571 2522 1607 σου.

2169 1644 2259 1698 24.
2292 1644 2401 1699 Καὶ
2432 1643 2538 1714 γάρ
2574 1642 2643 1696 τὰ
2679 1640 2952 1714 μαρτύριά
2980 1657 3072 1693 σου
3131 1636 3324 1709 μελέτη
3389 1652 3492 1706 μου
3526 1632 3666 1696 ἐστὶ,

2104 1737 2196 1799 καὶ
2227 1737 2287 1803 αί¹
2309 1733 2628 1805 ωμὸουλίαι
2662 1750 2762 1804 μου
2794 1733 2864 1790 τὰ
2881 1728 3224 1800 δικαιώματά
3243 1743 3338 1779 σου

516 1833 605 1888 25.
643 1833 882 1895 Adhaesit
924 1807 1231 1903 pavimento
1276 1834 1459 1899 anima
1501 1849 1616 1889 mea
1637 1873 1652 1897 ,
1682 1831 1890 1887 viviﬁca
1919 1847 2005 1887 me
2035 1807 2075 1861 θ

2137 1827 2259 1887 .25.
2301 1825 2588 1897 Ἐκολλήθη
2617 1824 2694 1896 τῷ
2741 1825 2922 1893 ἐδάφει
2967 1825 3000 1895 ἠ
3049 1821 3192 1893 ψυχή
3227 1836 3350 1890 μου,
3402 1815 3568 1885 ζῆσόν
3600 1827 3671 1884 μι

451 1926 746 1986 secundum
780 1925 1002 1984 verbum
1035 1934 1207 1979 tuum.

513 2017 584 2072 26
640 2015 766 2070 Vias
811 2031 963 2071 meas
1010 2015 1286 2070 enuntiavi
1320 2022 1374 2068 et
1402 2013 1668 2069 exaudisti
1717 2028 1826 2077 me,
1873 2011 2008 2069 doce

457 2124 541 2164 me
568 2107 986 2181 justiﬁcationes
1020 2116 1160 2171 tuas.
1199 2154 1212 2163 .

517 2200 605 2253 27.
641 2197 789 2253 Viam
814 2198 1263 2269 justilicationum
1306 2206 1520 2259 tuarum
1568 2196 1777 2250 instrue
1805 2210 1889 2250 me
1909 2237 1925 2262 ,
1952 2204 2007 2250 et

458 2292 752 2350 exercebor
779 2292 833 2354 in
862 2289 1197 2346 mirabilibus
1222 2290 1349 2351 tuis.

526 2382 614 2436 εδ.
645 2381 961 2468 θοι-ηιὶιεγῃ
1000 2381 1182 2443 anima
1224 2395 1342 2434 mea
1386 2394 1496 2448 pra:
1523 2379 1716 2445 taedio,
1748 2378 2008 2436 conﬁrma

453 2489 538 2527 me
564 2473 616 2527 in
643 2473 824 2530 verbis
851 2473 977 2537 tuis.

2103 1918 2244 1972 κατὰ
2266 1918 2356 1974 τὸν
2401 1917 2561 1986 λόγον
2589 1934 2703 1975 σου.

2170 2016 2259 2070 26.
2291 2016 2401 2079 Τάς
2426 2014 2579 2078 ὁδούς
2608 2032 2706 2084 μου
2737 2012 3046 2083 ἐξήγγειλα,
3076 2011 3169 2064 καὶ
3197 2004 3513 2076 ἐπήκουσά(
3545 2017 3651 2071 μου

2102 2105 2307 2169 δίδαξον
2335 2124 2402 2176 με
2425 2105 2495 2159 τὰ
2522 2097 2872 2176 δικαιώματᾶ
2884 2121 2999 2157 σου.

2172 2198 2261 2253 27.
2327 2197 2475 2250 Ὀδὸν
2539 2196 2921 2267 δικαιωμάτων
2961 2212 3054 2248 σου
3102 2192 3377 2247 συνέτισόν
3426 2205 3528 2257 με,
3582 2186 3673 2241 καὶ

2108 2289 2257 2345 ἀδολε
2266 2288 2533 2359 σχήσωέν
2550 2290 2661 2355 τοζς
2682 2287 3002 2357 θαυμασίοις
3032 2302 3146 2341 σου.

2176 2381 2265 2436 28.
2318 2380 2633 2446 Ἐνύσταξεν
2688 2383 2722 2452 ἠ
2769 2380 2911 2451 ψυχή
2975 2397 3075 2451 μου
3121 2376 3231 2431 άπὸ
3282 2374 3532 2445 άκηδίας,
3583 2370 3673 2441 βε-

2112 2473 2342 2538 ϐαίωσόν
2380 2491 2445 2545 με
2479 2475 2536 2542 ἐν
2558 2475 2668 2536 τοῖς
2697 2472 2871 2541 λόγοις
2904 2489 3018 2527 σου.

1563 2601 1945 2658 ΑΤΗΑΝΑδἸΙ
1977 2602 2555 2667 ΙΝΤΕΒΡΒΕΤΑΤΙΟε

523 2721 609 2776 48.
645 2721 846 2791 Separa
904 2720 1156 2781 tenebras
1200 2735 1234 2777 e
1273 2722 1436 2776 corde
1480 2735 1621 2786 meo,
1679 2729 1733 2774 et
1781 2721 1874 2775 lux
1922 2729 2012 2775 tua

454 2814 689 2876 lllnceat,
718 2824 772 2868 et
799 2826 1088 2882 agnoscam
1118 2810 1253 2882 legis
1275 2819 1381 2867 tua:
1406 2821 1692 2881 praecepta.

525 2988 612 3043 19.
639 2985 755 3041 Non
783 2986 958 3045 habeo
981 2986 1253 3050 civitatem
1302 2986 1392 3042 hic
1439 2994 1870 3056 permanentem,
1909 2984 2015 3041 'scd

2184 2720 2270 2777 18.
2299 2720 2629 2793 Διαχώρισον
2663 2735 2724 2774 το
2748 2719 2937 2782 σκότος
2965 2718 3027 2770 ἐκ
3049 2717 3150 2787 τῆς·
3180 2714 3405 2787 καρδίας
3433 2730 3559 2784 μου,
3583 2709 3677 2766 καὶ

2111 2810 2175 2875 τὰ
2203 2812 2319 2882 φῶς
2355 2829 2450 2867 σου
2496 2811 2735 2883 λάμψον,
2762 2811 2856 2864 καὶ
2908 2808 3113 2878 ὲπιγνῶ
3171 2806 3240 2861 τὰ
3280 2807 3679 2878 προστᾲγματα

2111 2903 2203 2956 τοῦ
2234 2904 2398 2975 νόμου
2429 2920 2543 2957 σου.

2183 2994 2268 3050 19.
2307 2995 2421 3051 Οὐκ
2443 2996 2553 3066 ἔχω
2575 2995 2725 3048 πόλιν
2757 2986 2859 3047 ὧδε
2910 2992 3192 3063 μένουσαν,
3226 2990 3361 3044 ἀλλὰ
3400 2991 3503 3061 τὴν
3547 2989 3677 3061 μέλ-

457 3078 696 3134 futuram
730 3079 784 3132 in
806 3078 961 3134 caelis
987 3079 1225 3149 inquiro,
1256 3077 1411 3147 cujus
1434 3086 1487 3131 tu
1520 3076 1713 3131 artifex
1766 3084 1820 3132 et
1850 3075 2018 3131 labri-
2041 3118 2081 3175 ϐ

2128 3089 2310 3140 λουσαν
2340 3087 2531 3150 ἐντοῖς
2569 3088 2816 3157 οὐρανοῖς
2865 3082 3124 3156 ἐπιζητῶ,
3172 3079 3241 3157 ἧς
3285 3084 3537 3153 τεχνίτης
3589 3084 3680 3135 καὶ

455 3182 608 3227 cator
629 3186 720 3238 es;
764 3186 833 3225 ne
865 3170 1145 3242 indignum
1174 3186 1259 3225 me
1291 3168 1567 3229 existimes
1596 3183 1888 3240 agnoscere
1921 3182 2017 3223 vo-

458 3263 715 3316 luntatem
748 3269 918 3317 tuam.

526 3352 614 3407 20.
646 3352 927 3407 Desiderat
955 3352 1136 3409 anima
1162 3365 1302 3415 mea,
1331 3358 1385 3411 et
1413 3364 1521 3413 non
1547 3350 1809 3405 detrectat
1839 3348 2018 3406 facere

457 3443 654 3515 judicia
686 3441 775 3497 tua
806 3452 965 3496 nocte
992 3451 1153 3512 atque
1187 3441 1292 3495 die.

528 3533 617 3588 2i.
652 3532 934 3609 Diabolum
985 3541 1038 3587 et
1086 3532 1307 3603 angelos
1354 3532 1510 3601 ejus:
1535 3531 1589 3585 In
1625 3531 1897 3586 interitum
1931 3546 2019 3586 re-

462 3623 657 3679 servati
689 3633 837 3686 sunt.
878 3623 971 3692 qui
1011 3638 1044 3676 a
1092 3623 1200 3678 tuis
1231 3623 1510 3693 praeceptis
1560 3639 1619 3683 se
1664 3633 1934 3684 avertunt,
1963 3631 2018 3676 et

462 3717 515 3769 in
560 3715 821 3785 pristinas
862 3713 1164 3784 iniquitatis
1209 3728 1320 3770 suae
1362 3713 1805 3768 cuuversationes
1839 3728 2019 3767 rever-

463 3815 671 3861 tuntur.

532 3900 621 3953 22.
659 3899 853 3953 Adime
888 3913 916 3952 a
952 3913 1039 3953 me
1076 3905 1312 3953 veterem
1359 3897 1506 3973 illam
1550 3896 1848 3968 improbam
1890 3911 2019 3950 con-

462 3994 886 4063 cupiscentiam,
953 3992 1081 4061 quia
1132 3991 1372 4045 delector
1428 3990 1482 4043 in
1541 3989 1824 4062 praeceptis
1877 3990 2018 4052 tuis,

463 4085 604 4138 unde
637 4083 834 4155 singuli
866 4083 1117 4137 homines
1178 4081 1367 4136 laudes
1434 4095 1497 4141 ac
1537 4081 1904 4137 testimonium
1930 4096 2022 4135 ac-

460 4174 508 4227 ci
516 4175 689 4241 piunt.

530 4265 624 4321 25.
664 4264 873 4318 Etenim
898 4264 1169 4335 principes
1200 4265 1546 4319 tenebrarum
1579 4264 1770 4319 Irarum
1803 4263 2022 4318 consul-

463 4365 712 4409 taverunt
761 4355 1046 4409 adversum
1108 4370 1215 4414 me.
1265 4370 1366 4426 ego
1416 4363 1635 4417 autem,
1671 4370 1830 4422 quem
1873 4354 2023 4408 rede-

2115 3177 2441 3250 δημιουργδς
2464 3177 2626 3241 αὐτὸς
2651 3177 2944 3248 ὑπάρχειςιί
2966 3175 3041 3245 μὴ
3070 3174 3217 3240 ἄξιον
3249 3175 3441 3253 ἡγήσῃ
3469 3190 3540 3242 με
3586 3172 3679 3225 τοῦ

2116 3269 2317 3337 γνῶναι
2347 3270 2409 3321 τὸ
2438 3268 2647 3340 θέλημά
2678 3286 2791 3322 σου.

2184 3361 2273 3416 20.
2323 3360 2603 3414 Ἐπιποθεῖ
2642 3362 2675 3432 ἡ
2741 3360 2886 3430 ψυχή
2937 3376 3059 3424 μου,
3111 3358 3205 3411 καὶ
3249 3358 3350 3411 οὐκ
3399 3357 3681 3429 ὀρὼνυται

2117 3452 2406 3527 [ἀρνεῖται]
2429 3454 2497 3507 τά
2525 3454 2766 3525 κρίματά
2787 3471 2879 3506 σου
2912 3456 3080 3507 ποιεῖν
3111 3452 3301 3516 νυκτὸς
3328 3452 3422 3505 καὶ
3446 3452 3679 3523 ἡμέρας.

2185 3547 2275 3600 2|.
2326 3546 2417 3618 Τῷ
2465 3547 2694 3617 διαϐόλῳ
2743 3549 2836 3600 καὶ
2893 3549 3004 3611 τοῖς
3058 3545 3306 3614 ἀγγέλοις
3334 3544 3519 3597 αὐτοῦ·
3566 3544 3684 3597 Ἐπὶ

2117 3637 2361 3708 ἀπωλείᾳ
2390 3637 2712 3708 τετήρηνται
2740 3637 2788 3688 οί
2830 3635 2936 3688 ἀπὸ
2977 3634 3084 3688 τῶν
3128 3633 3354 3688 ἐντολῶν
3381 3651 3474 3686 σου
3499 3633 3684 3686 λαϐόν-

2117 3748 2209 3795 τες
2246 3731 2484 3794 ἑαυτοὺς,
2532 3730 2625 3783 καὶ
2665 3731 2745 3792 εἰς
2770 3729 2871 3791 τὰς
2893 3728 3159 3799 προτέρας
3213 3727 3387 3779 αὐτῶν
3424 3727 3682 3806 πονηρίας

2118 3822 2458 3895 ἀναστροφὰς
2480 3821 2849 3893 πορευόμενοι.

2196 3914 2289 3968 22.
2330 3913 2529 3983 Ἀφελε
2556 3913 2649 3966 ἀπ’
2674 3910 2805 3982 ἐμοῦ
2840 3910 2936 3982 τὴν
2970 3908 3205 3962 παλαιὰν
3256 3907 3471 3978 ἐκείνην
3500 3906 3685 3959 ἐπιθυ-

2124 4005 2250 4075 μίαν
2276 4004 2375 4074 τὴν
2403 4001 2662 4074 πονηρὰν,
2696 4002 2776 4054 ὅτι
2804 4001 2973 4070 ἡδέως
3023 3999 3129 4069 ἔχω
3178 3997 3247 4051 τά
3292 3996 3703 4068 προστάγματάο

2123 4111 2239 4159 σου,
2261 4093 2325 4145 δι’
2358 4086 2419 4146 οὗ
2446 4089 2859 4163 μεμαρτύρηται
2896 4088 3123 4149 ἕκαστος
3141 4085 3246 4140 τῶν
3271 4082 3595 4155 ἀνθρώπων.

2191 4272 2281 4326 25.
2319 4269 2423 4324 Καὶ
2450 4269 2557 4340 γάρ
2581 4271 2629 4322 οἱ
2654 4269 2910 4339 ἄρχοντες
2939 4265 3032 4319 τοῦ
3067 4265 3286 4327 σκότους
3342 4262 3531 4317 τούτου
3571 4264 3687 4334 βου-

2123 4363 2400 4418 λεύσονται
2429 4364 2545 4415 κατ’
2574 4361 2729 4431 ἐμοῦ,
2758 4357 2868 4427 ἐγὼ
2896 4359 2951 4411 δὲ
2982 4359 3041 4411 ὃν
3071 4356 3401 4428 ὲξηγόρασας
3424 4354 3506 4425 τῷ
3524 4355 3701 4424 τιμίῳ,

462 4446 609 4503 misti
635 4446 871 4515 pretioso
902 4456 995 4499 tuo
1017 4444 1298 4516 sanguine,
1331 4445 1743 4500 considerabam
1772 4442 2017 4513 Scriptu-
2050 4452 2081 4508 ι]

2128 4470 2216 4506 σου
2250 4453 2441 4522 αἵματι
2465 4449 2877 4519 ὲπεσκεπτόμην
2909 4448 3009 4510 τὰς
3044 4447 3263 4517 Γραφάς
3296 4462 3388 4498 σου

463 4551 552 4591 1'35
583 4544 724 4590 tuas.

532 4626 622 4680 24.
651 4625 860 4680 Etenim
898 4626 1164 4680 meditans
1187 4624 1273 4678 die
1297 4640 1359 4679 ac
1380 4633 1541 4680 nocte
1560 4666 1575 4691 ,
1601 4640 1724 4695 qua:
1753 4616 2025 4681 contesta-

464 4730 551 4775 tus
577 4734 636 4772 es
662 4718 817 4780 mihi,
851 4726 904 4772 et
936 4717 1051 4771 haec
1078 4716 1281 4771 suadeo
1309 4717 1508 4771 anima:
1536 4732 1689 4771 meae.

532 4809 623 4864 25.
647 4809 980 4863 Humiliatus
1023 4824 1145 4884 sum
1186 4823 1371 4863 coram
1419 4819 1491 4875 te,
1534 4808 1742 4863 vivilica
1774 4822 1861 4863 me
1888 4808 2028 4863 sicut

465 4901 577 4955 vult
599 4901 771 4972 gratia
795 4910 907 4955 tua.

530 4992 622 5047 26.
662 4990 963 5047 Confessus
1014 5005 1135 5046 sum
1190 4989 1289 5045 tibi
1343 4990 1568 5062 pristina
1618 4991 1672 5044 in
1723 4990 2025 5060 ignorantia

466 5100 584 5140 mea
618 5094 867 5153 peccata,
902 5092 956 5136 et
984 5081 1166 5136 statim
1196 5082 1451 5138 misertus
1478 5098 1539 5137 es
1568 5083 1671 5138 mei
1702 5100 1716 5135 :
1748 5083 1889 5136 dona
1928 5083 2027 5151 igi-

463 5189 554 5231 tur
588 5177 719 5232 mibi
751 5176 981 5245 gratiam
1007 5184 1180 5231 tuam.

532 5269 621 5322 27.
664 5268 1117 5322 llluminationem
1150 5265 1555 5337 Scripturarum
1589 5274 1801 5319 tuarum
1830 5263 1912 5318 l‘ac
1937 5279 2022 5318 me

464 5341 761 5429 intelligere
817 5374 912 5427 per
965 5358 1193 5428 gratiam
1250 5368 1438 5420 tuam,
1498 5372 1610 5426 prae
1668 5354 2023 5409 delectatione

466 5465 573 5501 non
604 5451 829 5505 cessabo
866 5449 1015 5518 loqui
1065 5450 1117 5502 in
1154 5449 1525 5518 magnitudine
1559 5461 1867 5501 sermonum
1903 5455 2023 5500 tuo-

466 5553 528 5591 ΠΙ
536 5554 584 5590 m
596 5577 610 5590 .

533 5628 623 5683 28.
658 5628 953 5683 Submersa
1011 5638 1093 5683 est
1142 5628 1321 5681 anima
1376 5642 1493 5679 mea
1553 5643 1579 5677 τι
1636 5635 1878 5696 peccato,
1933 5640 2025 5682 seu

475 5719 640 5773 excita
676 5736 763 5775 me
792 5720 961 5787 gratia
991 5730 1083 5774 tua
1122 5722 1175 5774 in
1201 5718 1378 5773 verbis
1408 5719 1514 5772 tuis

2189 4630 2277 4685 24.
2305 4629 2409 4684 Καὶ
2468 4629 2576 4699 γάρ
2628 4626 2866 4698 μελετῶν
2908 4626 3099 4689 νυκτὸς
3145 4627 3239 4679 καὶ
3283 4625 3512 4696 ἡμέρας,
3549 4625 3585 4679 ἃ
3614 4625 3695 4678 διο.

2122 4722 2417 4794 εμαρτύρω
2441 4739 2553 4792 μοι,
2580 4720 2674 4774 καὶ
2695 4719 2834 4773 αὐτὰ
2858 4718 3206 4790 συμϐουλεύω
3229 4721 3293 4789 τῇ
3314 4717 3459 4788 ψυχῇ
3485 4734 3607 4788 μου.

2192 4815 2284 4871 25'.
2352 4811 2752 4883 Ἑταπεινώθην
2793 4809 3021 4867 ἐνώπιόν
3063 4827 3190 4872 σου.
3232 4809 3568 4881 ζωοποίησόν
3624 4824 3691 4879 με

2125 4905 2307 4968 καθὼς
2334 4905 2475 4958 θέλει
2504 4907 2536 4973 ἠ
2559 4903 2718 4974 χάρις
2756 4919 2870 4957 σου.

2193 4998 2282 5053 26.
2332 4995 2858 5068 Ἐξωμολογησάμην
2889 4994 2987 5056 τὰς
3015 4991 3275 5064 πρότερον
3305 4993 3361 5045 ἐν
3406 4994 3473 5062 τῇ
3506 4991 3687 5060 ἀγνοίᾳ

2127 5105 2228 5158 μου
2258 5086 2548 5157 ἁμαρτίας,
2583 5086 2678 5138 καὶ
2720 5083 2882 5147 εὐθὺς
2924 5081 3158 5151 ὴλέησάς
3195 5097 3281 5151 με·
3313 5078 3555 5153 δώρησαι
3600 5076 3689 5132 οὖν

2127 5197 2216 5250 μοι
2248 5178 2346 5248 τὴν
2365 5177 2524 5247 χάριν
2554 5193 2669 5229 σου.

2195 5272 2284 5324 27.
2317 5271 2419 5323 Τὸν
2459 5269 2737 5339 φωτισμὸν
2789 5266 2895 5320 τῶν
2927 5265 3155 5335 Γραφῶν
3206 5280 3299 5316 σου
3331 5261 3687 5330 συνέτισόνμζ

2127 5360 2219 5413 διὰ
2249 5360 2347 5428 τῆς
2376 5358 2596 5430 χάριτός
2628 5375 2742 5421 σου,
2770 5358 2876 5410 ἀπὸ
2895 5356 2995 5425 τῆς
3019 5354 3261 5424 τέρψεως
3282 5352 3391 5425 [οὐ]
3421 5352 3686 5421 παύσομι

2127 5452 2304 5518 λέγειν
2335 5452 2391 5505 ἐν
2419 5453 2484 5522 τῇ
2527 5449 2899 5520 μεγαλειότητι
2926 5447 3030 5500 τῶν
3051 5446 3222 5512 λόγων
3252 5462 3364 5498 σου.

2202 5626 2290 5681 28.
2323 5625 2703 5695 Βεϐύθισταιὴ
2959 5640 3058 5693 μου
3115 5622 3221 5675 ἀπὸ
3266 5623 3365 5692 τῆς
3408 5619 3688 5693 ἁμαρτίαν

2133 5717 2268 5771 ἀλλὰ
2293 5716 2552 5788 διέγειρόν
2584 5734 2651 5787 με
2683 5718 2748 5786 τῇ
2777 5714 2955 5786 χάριτί
2986 5732 3077 5767 σου
3112 5716 3168 5767 ἐν
3192 5716 3307 5776 τοῖς
3337 5712 3518 5780 λόγοις
3547 5729 3655 5769 σου.
