4004 6212
315 321 444 376 llSl
1148 322 1239 376 DE
1279 322 1552 380 TITUIJS
1591 324 2034 382 PSALMORUM.
2058 357 2129 369 υ·-
2166 325 2360 382 PSAL.
2400 322 2636 385 CXVIII.
3410 321 3543 378 H82

391 439 474 494 29.
508 439 656 493 Ὀδδν
675 440 886 506 ἀδικίας
910 442 1216 521 ἀποστησον
1240 445 1332 500 ἀπ’
1353 445 1508 516 ἐμοῦ,
1527 447 1620 507 καὶ
1642 446 1720 519 *ᾧ
1734 447 1883 520 νόμῳ
1909 455 1958 513 Α

1956 503 1958 511 λ
2055 450 2144 504 29.
2181 448 2335 504 Viam
2362 447 2662 518 iniquitatis
2687 458 2879 500 amove
2907 457 2939 497 a
2970 459 3078 507 me.
3108 450 3164 497 et
3196 442 3264 497 de
3309 443 3424 512 lege
3452 453 3537 495 tua

315 546 407 583 σου
434 529 651 599 ἐλέησόν
683 549 770 602 με.

1980 543 2236 597 miserere
2268 540 2395 596 mei.

384 622 472 677 30.
514 621 659 676 Ὀδὸν
699 623 955 693 ἀληθείας
984 626 1342 711 ᾑρετισάμην,
1396 629 1488 682 καὶ
1534 628 1603 683 τὰ
1640 630 1881 701 κρίματά

2054 635 2142 689 50.
2179 635 2330 688 Viam
2362 634 2608 688 veritatis
2630 632 2803 701 elegi,
2849 640 2902 685 et
2933 629 3141 697 judicia
3171 636 3259 681 tua
3289 641 3396 679 non
3421 641 3538 679 sum

315 729 411 766 σου
440 713 538 766 οὐκ
566 714 928 787 ἐπελαθόμην.

615 714 928 787 τελαθόμην.
1981 728 2196 780 oblitus.

386 804 473 858 51.
532 805 854 876 Ἐκολλήθην
901 809 1014 870 τοῖς
1048 809 1367 880 μαρτυρίοις
1423 828 1537 874 σου,
1582 810 1770 887 Κύριε,
1806 812 1881 881 μή

2053 817 2142 870 3l.
2173 816 2388 872 Adhtesi
2438 813 2768 870 testimoniis
2823 812 2954 875 tuis,
2991 810 3238 871 Domine,
3287 807 3396 860 noli
3458 819 3544 858 me

318 912 383 965 με
407 894 792 967 καταισχύνῃς.
1174 943 1179 947 .

752 913 792 959 ἶ·
1174 943 1179 947 -
1983 907 2333 962 confundere.

387 987 475 1040 32.
515 988 661 1041 Ὀδὸν
690 988 914 1041 ἐντολῶν
949 1006 1041 1043 σου
1095 989 1348 1062 ἔδραμον,
1407 993 1534 1046 ὅταν
1588 991 1885 1057 ἐπλάτυνας

2055 998 2145 1053 52.
2175 998 2330 1053 Viam
2354 997 2737 1052 mandatorum
2769 1005 2989 1051 tuorum
3022 990 3271 1052 cucurri,
3299 1003 3423 1043 cum
3460 986 3544 1041 di-

318 1078 417 1147 τὴν
438 1078 664 1149 καρδίαν
689 1096 810 1149 μου.

1986 1091 2166 1146 latasti
2192 1105 2287 1145 cor
2312 1105 2515 1144 meum.

393 1170 481 1225 55.
534 1169 912 1243 Νομοθέτησόν
968 1190 1057 1243 με,
1107 1172 1300 1247 Κύριε,
1355 1175 1451 1245 τὴν
1497 1173 1614 1226 ὁδὸν
1667 1174 1774 1227 τῶν
1813 1172 1889 1227 δι-

2057 1184 2145 1237 55.
2184 1181 2380 1254 Legem
2410 1196 2551 1252 pone
2575 1180 2733 1244 mibi,
2764 1177 3014 1241 Domine,
3040 1178 3180 1230 viam
3204 1172 3547 1243 justiticatio-

321 1263 650 1333 καιωμάτων
679 1282 794 1327 σου,
822 1265 917 1319 καὶ
936 1265 1218 1338 ἐκζητήσω
1250 1266 1418 1338 αὐτὴν
1444 1268 1755 1330 διαπαντός.

1614 1268 1755 1330 ντός-
1989 1290 2118 1328 num
2156 1284 2393 1339 tuarum,
2417 1282 2472 1327 et
2491 1272 2773 1343 exquiram
2809 1285 2929 1324 eam
2965 1284 3195 1338 semper.

391 1354 478 1409 54.
510 1355 793 1410 Συνέτισόν
830 1374 919 1427 με,
947 1358 1042 1411 καὶ
1068 1358 1407 1431 ὲξερευνήσω
1432 1359 1524 1412 τὸν
1572 1358 1733 1430 νόμον
1772 1375 1889 1421 σου,

2059 1362 2147 1418 51.
2176 1361 2251 1417 Da
2304 1362 2435 1417 mihi
2487 1362 2858 1425 intellectum,
2919 1370 2972 1414 et
3038 1358 3324 1413 scrutabor
3379 1358 3548 1426 legem

318 1446 415 1498 καὶ
441 1444 659 1514 φυλάξω
688 1447 850 1502 αὑτὸν
874 1449 932 1502 ἐν
959 1448 1057 1520 ὅλῃ
1079 1449 1274 1521 καρδίᾳ
1308 1467 1429 1521 μου.

1992 1463 2166 1520 tuam,
2192 1464 2246 1509 et.
2271 1454 2575 1510 custodiam
2598 1455 2746 1508 illam
2780 1454 2833 1508 in
2857 1462 2970 1507 toto
2990 1451 3155 1506 corde
3178 1465 3315 1504 meo.

390 1537 478 1592 35.
523 1537 817 1611 Ὁδήγησόν
844 1557 911 1612 με
953 1541 1012 1594 ἐν
1161 1541 1334 1613 τρίϐῳ
1358 1540 1465 1594 τῶν
1499 1538 1724 1593 ἐντολῶν
1777 1556 1891 1603 σου,

2064 1546 2154 1600 55.
2187 1544 2369 1601 Deduc
2402 1562 2488 1601 me
2529 1547 2585 1601 in
2623 1547 2871 1602 semitam
2903 1543 3282 1599 mandatorum
3312 1552 3551 1600 tuorum,

317 1630 404 1684 δτι
435 1630 601 1696 αὐτὴν
625 1631 885 1702 ἠθέλησα.
1076 1689 1082 1696 ,

1076 1689 1082 1696 ,
1995 1639 2121 1708 quia
2155 1638 2327 1706 ipsam
2358 1637 2526 1693 volui;

390 1721 479 1777 36.
509 1723 703 1777 Κλίνον
724 1723 822 1794 τὴν
858 1724 1087 1795 καρδίαν
1119 1741 1220 1795 μου
1263 1726 1341 1787 είς
1362 1723 1430 1778 τὰ
1483 1722 1757 1795 μαρτύριά
1777 1738 1892 1786 σου,

2066 1726 2154 1782 56.
2188 1726 2394 1782 lnclina
2422 1742 2518 1782 cor
2542 1740 2725 1780 meum
2777 1724 2831 1779 in
2876 1723 3184 1779 testimonia
3212 1730 3326 1781 tua,
3362 1728 3415 1774 et
3447 1733 3554 1771 non

317 1814 413 1867 καὶ
440 1812 513 1885 μὴ
541 1817 620 1876 είς
638 1813 966 1880 πλεονεξίαν.

800 1813 966 1880 εξίαν.
1927 1804 1970 1858 Β
1998 1818 2052 1873 in
2074 1817 2381 1875 avaritiam.

391 1908 484 1963 57.
529 1909 890 1982 Ἀπόστρεψον
919 1910 1044 1972 τοὺς
1066 1908 1376 1980 ὀφθαλμορς
1415 1926 1514 1980 μου
1546 1907 1640 1963 τοῦ
1671 1909 1746 1979 μὴ
1775 1906 1901 1960 ίδεῖν

2063 1909 2153 1963 57.
2191 1907 2385 1962 Averte
2413 1906 2608 1963 oculos
2628 1922 2780 1962 meos
2808 1920 2875 1960 ne
2898 1905 3118 1959 videant
3145 1905 3467 1966 vanitatem;
3504 1901 3556 1950 in

323 2001 682 2071 ματαιότητα,
712 2003 769 2055 ἐν
801 2005 869 2073 τῇ
903 2001 1008 2072 ὁδῷ
1039 2018 1132 2055 σου
1159 2002 1323 2072 ζῆσόν
1359 2019 1446 2072 με.

996 2003 1008 2053 i
1039 2018 1132 2055 σου
1159 2002 1323 2072 ζῆσόν
1359 2019 1446 2072 με.
1998 2002 2084 2056 via
2121 2009 2209 2056 tua
2237 2000 2449 2054 vivilica
2472 2013 2577 2053 me.

396 2092 484 2145 58.
529 2092 729 2163 Στῆσον
775 2092 852 2163 τῷ
905 2092 1075 2164 δούλῳ
1113 2109 1207 2145 σου
1259 2091 1320 2145 τὸ
1356 2089 1537 2160 λόγιόν
1572 2105 1665 2143 σου
1698 2091 1778 2153 είς
1810 2088 1902 2141 τὸν

2076 2091 2165 2148 58.
2208 2092 2398 2147 Statue
2440 2104 2601 2146 servo
2642 2097 2736 2144 tuo
2779 2087 3052 2157 eloquium
3087 2095 3239 2141 tuum
3280 2086 3337 2137 in
3369 2082 3561 2137 timore

323 2180 488 2250 φόϐον
515 2198 628 2238 σου.
978 2178 985 2185 ’
2001 2192 2114 2237 tuo.

398 2274 486 2328 59.
527 2275 751 2347 Περίελε
793 2277 883 2329 τὸν
928 2275 1227 2347 ὀνειδισμόν
1281 2293 1404 2347 μου,
1450 2274 1511 2328 δν
1544 2273 1895 2342 ὑπώπτευσα,

2072 2273 2161 2330 39.
2193 2273 2427 2343 Amputa
2455 2270 2806 2340 opprobrium
2841 2285 3022 2325 meum
3042 2308 3058 2333 ,
3086 2267 3230 2338 quod
3258 2264 3566 2333 suspicatus

322 2365 408 2421 δτι
438 2364 504 2418 τὰ
531 2366 775 2438 κρίματά
806 2383 899 2420 σου
923 2368 1153 2438 χρηστά.

2004 2380 2149 2429 sum,
2188 2363 2316 2432 quia
2344 2362 2548 2431 judicia
2583 2371 2672 2415 tua
2703 2361 2963 2429 jucunda.

398 2455 486 2511 40.
535 2457 664 2511 Ἰδοὺ
721 2458 1042 2530 ἐπεθύμησα
1089 2460 1186 2522 τὰς
1213 2457 1429 2521 ἐντολάς
1481 2473 1598 2520 σου,
1632 2458 1690 2521 ἐν
1823 2454 1903 2509 δι-

2077 2452 2167 2507 40.
2200 2450 2339 2507 Ecce
2362 2451 2646 2521 concupivi
2682 2449 2933 2505 mandata
2964 2460 3078 2510 tua,
3111 2446 3165 2500 in
3199 2446 3453 2515 aequitate
3474 2454 3566 2498 tua

323 2549 589 2626 καιοσύνῃ
618 2566 709 2604 σου
741 2551 904 2623 ζῆσόν
936 2568 1020 2622 με.

778 2551 904 2623 ῆσόν
936 2568 1020 2622 με.
2006 2541 2220 2599 viviﬁca
2256 2556 2359 2595 me.

1455 2652 1829 2712 ATHANASII
1860 2647 2452 2710 lNTEBPRETATlO.

401 2775 491 2847 29.
533 2775 828 2841 Ἀπέλασον
851 2775 950 2840 τὰς
978 2775 1273 2848 ἐπιθυμίας
1292 2774 1387 2830 τοῦ
1411 2775 1616 2847 κόσμου
1639 2774 1735 2843 ἀπ’
1752 2769 1906 2847 ἐμοῦ,

2073 2768 2166 2824 29.
2198 2765 2419 2836 Expelle
2461 2779 2493 2819 a
2531 2779 2619 2818 me
2659 2762 2849 2817 mundi
2874 2760 3366 2831 concupiscentias,
3392 2768 3448 2812 et
3467 2759 3568 2813 mi'

329 2868 427 2922 καὶ
464 2867 683 2940 ἐλέησόν
713 2884 780 2937 με
811 2868 1019 2939 ὁδηγῶν
1044 2885 1113 2939 με
1137 2868 1195 2921 ἐν
1223 2867 1303 2938 τῷ
1334 2868 1484 2939 νόμῳ
1510 2885 1631 2923 σου.

1518 2885 1631 2923 σου.
2006 2873 2188 2915 serere
2209 2858 2315 2911 mei
2342 2854 2616 2910 deducens
2644 2869 2731 2908 me
2758 2853 2810 2907 in
2841 2853 2957 2923 lege
2988 2860 3099 2905 tua.

405 2958 493 3025 50.
524 2936 817 3030 Πεπόθηκα
873 2936 964 3012 τὸν
1019 2936 1146 3012 Ῠίδν
1198 2936 1294 3013 tofi
1319 2936 1476 3023 Geoﬁ,
1519 2957 1620 3030 τὴν
1672 2956 1792 3012 ὁδὸν
1815 2958 1911 3029 τῆς

2073 2949 2168 3005 50.
2196 2945 2505 3003 Desideravi
2548 2943 2747 2998 Filium
2780 2943 2906 3008 Dei,
2937 2941 3030 3012 qui
3062 2949 3144 2995 est
3172 2939 3261 2993 via
3295 2936 3568 2999 veritatis;

330 3052 611 3124 ἀληθείαςο
665 3053 1035 3131 ἐμνημόνευον
1080 3053 1188 3124 γὰρ
1241 3053 1300 3106 τὸ
1362 3051 1514 3122 βῆμά
1579 3068 1672 3105 σου
1721 3051 1782 3103 τὸ
1813 3067 1911 3120 φο-

1814 3067 1911 3120 φο-
2007 3040 2323 3098 recordatus
2352 3038 2497 3094 enim
2525 3053 2645 3093 sum
2675 3035 2940 3091 tremendi
2968 3033 3045 3088 tui
3080 3030 3395 3087 tribunalis.

329 3144 516 3215 ϐερόν.

445 3171 516 3201 δν.

408 3171 495 3292 gl.
546 3236 879 3305 ’Λκολουθετν
900 3236 1153 3308 ἠρξάμην
1200 3238 1316 3299 τοῖς
1364 3234 1748 3307 προστάγμασί
1791 3251 1905 3297 σου,
1934 3171 1976 3237 C

2081 3239 2170 3305 51.
2204 3237 2418 3294 lnstitui
2453 3237 2605 3307 sequi
2652 3242 2917 3306 praecepta
2953 3242 3065 3297 tua,
3105 3230 3355 3294 Domine,
3391 3243 3460 3282 ne
3491 3242 3575 3280 tue

331 3318 525 3401 Κύριε.
557 3331 633 3402 μὴ
657 3329 913 3401 ἀδόκιμόν
934 3347 1004 3401 με
1027 3329 1192 3401 ἐάσῃς
1214 3330 1270 3382 ἐν
1292 3327 1493 3393 αὐτοῖς.

1263 3327 1493 3393 ναύτοίς.
2013 3332 2300 3402 reprobum
2329 3331 2381 3385 in
2413 3329 2545 3399 ipsis
2579 3327 2844 3383 dimittas.

408 3420 498 3492 32.
532 3420 833 3493 Προθύμως
853 3421 988 3476 ποιῶ
1021 3421 1081 3475 τδ
1127 3417 1341 3493 θέλημα
1382 3436 1501 3487 σου,
1544 3420 1671 3474 ὅταν
1698 3419 1912 3491 ἀνοίξῃς

2083 3423 2172 3485 52.
2203 3422 2470 3476 Alacritcr
2512 3418 2656 3475 facio
2703 3419 3036 3472 voluntatem
3077 3423 3225 3467 tuam
3248 3449 3262 3473 ,
3296 3425 3419 3465 cum
3452 3423 3579 3477 ape-

330 3512 437 3582 τὴν
468 3511 690 3582 καρδίαν
720 3529 819 3583 μου
848 3511 1127 3589 ἐγγράψας
1162 3514 1218 3565 ἐν
1250 3512 1386 3582 αὐτῇ
1407 3509 1498 3564 τὸν
1526 3511 1690 3581 νόμον
1723 3525 1840 3563 σου.

2014 3514 2190 3575 rueris
2215 3528 2309 3567 cor
2332 3527 2513 3566 meum
2539 3509 2845 3565 inscribens
2875 3508 2927 3560 in
2960 3505 3078 3576 ipso
3106 3504 3275 3574 legem
3300 3511 3469 3554 tuam.

408 3603 497 3657 55.
521 3601 778 3674 Στήριξον
797 3605 855 3656 ἐν
882 3605 948 3675 τῇ
982 3602 1191 3677 διανοίᾳ
1222 3621 1324 3673 μου
1352 3603 1411 3655 τὸ
1465 3601 1582 3664 πῶς
1618 3599 1914 3654 ἐπιτελέσαι)

2084 3604 2174 3670 55.
2206 3603 2482 3659 Conlirma
2531 3601 2587 3655 in
2635 3608 2816 3654 mente
2848 3613 2965 3652 mea
2996 3592 3268 3663 quomodo
3303 3589 3575 3671 perﬁciam

328 3699 410 3752 τὰ
436 3699 781 3771 δικαιώματά.
807 3717 921 3764 σου,
951 3700 1043 3754 καὶ
1069 3699 1384 3773 ἐπιποθήσω
1435 3697 1523 3751 ἀεὶ
1551 3695 1819 3751 αἰτεῖσθαι
1837 3694 1909 3766 (l)

2010 3696 2438 3767 iustiﬁcationes
2471 3703 2615 3756 tuas,
2646 3701 2701 3746 et
2723 3689 3044 3746 desiderabo
3071 3700 3281 3754 semper
3308 3699 3337 3736 a
3366 3691 3419 3736 te
3440 3682 3577 3735 hanc

331 3791 491 3863 παρὰ
517 3790 610 3845 σοῦ
639 3792 737 3863 τὴν
765 3793 921 3863 χάριν
942 3791 1166 3863 ταύτην.

976 3791 1166 3863 αὐτην.
2015 3786 2266 3857 gratiam.
2550 3826 2554 3831 ‹

411 3882 500 3939 54.
529 3882 765 3939 Φὼτισόν
814 3903 903 3955 με,
958 3881 1395 3954 καὶέπιζητήσω
1456 3882 1554 3951 τὴν
1617 3877 1914 3952 ἑρμηνείαν

2085 3879 2174 3935 54.
2211 3876 2460 3933 lllumina
2508 3890 2615 3941 me,
2663 3883 2719 3929 et
2766 3872 3047 3942 exquiram
3079 3865 3576 3935 interpretationem

332 3979 450 4042 τῶν
471 3977 701 4051 Γραφῶν
742 3995 857 4041 σου,
891 3978 985 4032 καὶ
1014 3976 1299 4035 σπουδάσω
1324 3974 1607 4046 πληρῶσαι
1650 3969 1818 4042 αὐτὴν
1847 3969 1913 4022 δι’

2017 3980 2235 4035 tuarum
2274 3968 2713 4039 Scripturarum,
2739 3973 2795 4020 et
2822 3962 3055 4019 studebo
3084 3974 3202 4014 eam
3241 3955 3462 4025 implere
3484 3968 3580 4024 per

336 4071 520 4144 ἔργων
551 4070 790 4139 ἀγαθῶν.

781 4111 790 4125 .
2017 4076 2181 4131 Opera
2203 4059 2362 4115 bona.

410 4130 504 4219 55.
546 4130 698 4217 Ἐπεὶ
724 4161 915 4234 νήπιός
950 4162 1085 4233 εἰμι,
1138 4160 1233 4213 καὶ
1288 4159 1388 4211 οὐκ
1437 4153 1551 4210 οἶδα
1598 4153 1830 4227 βαδίζειν
1858 4155 1917 4206 ἐν

2054 4130 2069 4131 7
2092 4148 2179 4203 35.
2222 4146 2493 4216 Quoniam
2548 4143 2728 4198 infans
2776 4156 2896 4198 sum
2918 4182 2934 4207 ,
2967 4147 3021 4194 et
3049 4137 3172 4192 novi
3206 4132 3484 4189 ambulare
3525 4130 3578 4183 in

336 4261 464 4323 ταῖς
493 4259 729 4323 ἐντολαῖς
777 4275 892 4323 σου,
937 4257 1113 4328 ζητῶν
1144 4257 1238 4309 καὶ
1262 4255 1362 4326 τὴν
1387 4253 1503 4308 ὁδὸν
1542 4252 1741 4307 αὐτῶνο
1780 4252 1917 4323 κρά-

2021 4240 2305 4313 praeceptis
2328 4238 2459 4303 tuis,
2488 4251 2740 4306 quaerens
2765 4233 2946 4288 adhuc
2970 4244 3161 4286 eorum
3192 4229 3328 4281 viam
3355 4246 3368 4279 :
3393 4237 3584 4293 appre-

338 4314 511 4421 τησον
530 4352 595 4422 τῇ
625 4314 808 4421 χάριτί
835 4314 930 4405 σου
946 4314 1061 4421 ’τὴν
1089 4346 1266 4418 ψυχήν
1297 4314 1419 4417 μου,
1448 4345 1543 4398 καὶ
1570 4341 1792 4412 ποίησόν
1819 4314 1831 4323 ’
1852 4356 1919 4411 με

2023 4331 2199 4386 liende
2223 4328 2392 4399 gratia
2429 4336 2520 4381 tua
2551 4325 2789 4380 animam
2820 4336 2997 4377 meam
3019 4362 3035 4388 ,
3075 4330 3130 4374 et
3162 4317 3248 4373 fac
3285 4326 3342 4371 ut
3370 4314 3423 4369 in
3453 4314 3585 4383 ipsis

342 4444 541 4496 πατεῖν
570 4443 627 4494 ἐν
659 4442 870 4503 αὑταῖς.

733 4443 870 4503 ταῖς.
2023 4423 2314 4483 ambulem.

417 4532 507 4589 56.
547 4501 962 4605 ’Υπόταξοντὴν
1003 4529 1232 4602 καρδίαν
1258 4546 1357 4600 μου
1398 4528 1479 4591 εἰς
1525 4525 1591 4579 τὰ
1656 4522 1928 4597 μαρτύριὰ
1958 4513 1998 4568 Ι)

2097 4514 2185 4580 56,
2223 4513 2443 4582 Subjice
2490 4525 2584 4566 cor
2616 4523 2798 4564 meum
2835 4503 3160 4561 testimoniis
3191 4501 3327 4564 tuis,
3375 4507 3431 4553 et
3478 4512 3585 4550 non

346 4640 466 4691 σου,
491 4623 590 4676 καὶ
624 4589 784 4694 [οὐκ]⁷
804 4623 884 4685 εἰς
903 4589 1002 4693 τὴν
1055 4589 1484 4673 πλεονεκτοῦσαν
1517 4631 1586 4684 με
1627 4589 1923 4683 ὁίμοίρτίαν,

2032 4603 2481 4671 circumvenienti
2514 4618 2601 4658 me
2634 4607 2888 4671 peccato,
2926 4613 2995 4652 ne
3026 4595 3237 4663 redigar
3276 4593 3330 4645 in
3360 4589 3588 4645 servitu-

348 4717 439 4769 ἵνα
473 4714 548 4786 μὴ
570 4707 616 4767 ῶ
637 4712 1044 4783 δεδουλωμένος.
2026 4709 2153 4757 tem.

418 4773 512 4862 τί.
530 4773 780 4859 ἒιθιίνιεισον
802 4773 925 4869 τοῖος
950 4773 1256 4874 oaeneon;
1284 4799 1385 4872 τῆς
1414 4799 1652 4860 διανοίας
1686 4812 1810 4866 μου,
1833 4794 1928 4848 τοῦ

2098 4791 2188 4853 57.
2219 4788 2469 4844 lllumina
2512 4785 2702 4842 oculos
2746 4780 2946 4837 mentis
2990 4792 3155 4840 meze,
3192 4789 3259 4829 ne
3285 4773 3590 4827 adbaeream

346 4899 428 4970 μὴ
459 4902 719 4970 προσχεῖν
747 4898 826 4961 εἰς
855 4867 954 4966 την
984 4867 1284 4950 ἀπόλαυσιν
1315 4867 1411 4946 τοῦ
1464 4889 1791 4959 κόσμου’-ἐν
1850 4882 1927 4956 τῷ

1850 4882 1930 4956 τῷ
2029 4884 2218 4941 mundi
2242 4880 2612 4951 voluptatibus
2641 4878 2731 4931 :in
2766 4873 2904 4929 Filio
2932 4879 3023 4925 tuo
3047 4867 3257 4922 vivitlca
3288 4880 3389 4917 me.

352 4989 465 5061 Υίῷ
491 5006 586 5043 σου
619 4986 952 5058 ζωοποίησὸν
982 5003 1070 5056 με.

424 5057 514 5137 58.
542 5078 803 5152 Στήριξον
831 5057 911 5141 εἰς
955 5077 1054 5148 τὴν
1103 5075 1331 5146 καρδίαν
1363 5090 1460 5146 μου
1500 5073 1561 5125 τὸ
1610 5068 1789 5138 λόγιόν
1838 5083 1932 5126 σου

2106 5074 2200 5131 58.
2232 5071 2507 5126 (Sentit-ma
2537 5069 2590 5122 in
2627 5065 2791 5122 corde
2822 5077 2942 5118 meo
2983 5057 3257 5128 eloquium
3287 5061 3438 5106 tuum
3468 5062 3590 5103 cun:

355 5172 500 5245 μετὰ
524 5173 620 5227 τοῦ
651 5172 814 5242 φόϐου
839 5187 957 5224 σου.

784 5189 814 5224 υ
839 5187 957 5224 σου.
2033 5165 2226 5219 timore
2254 5172 2365 5217 tuo.

429 5266 516 5319 59.
556 5236 757 5334 Ἀφελε
824 5263 919 5315 ἀπ’
968 5258 1100 5331 ἐμοῦ
1149 5258 1247 5328 τὴν
1296 5256 1553 5326 αἰσχύνην
1594 5252 1708 5326 [ἥν]
1770 5266 1935 5321 προσπ-

2046 5328 2047 5331 η
2099 5256 2189 5309 39.
2220 5251 2386 5307 Aufer
2412 5266 2442 5305 a
2472 5265 2560 5304 me
2588 5249 2849 5318 pudorem
2870 5284 2885 5309 ,
2916 5256 3077 5311 quem
3114 5236 3297 5292 subire
3315 5239 3594 5334 esspecta-

356 5357 590 5428 εδόκησα
621 5321 762 5427 ἐχειν
792 5357 884 5409 ἐπι
941 5321 1035 5407 tot":
1076 5321 1314 5424 βήματος
1494 5321 1573 5401 δτι
1695 5321 1933 5412 ἐπαγγε-

2038 5328 2090 5402 vi
2129 5345 2182 5397 iu
2220 5351 2315 5396 tuo
2340 5339 2619 5405 tribunali,
2670 5339 2799 5407 quia
2842 5338 3000 5387 bona:
3043 5336 3171 5385 sunt
3207 5321 3596 5396 promissiones

357 5455 472 5509 λίαι
504 5472 599 5508 σου
629 5453 848 5524 ἀγαθαί.

577 5472 599 5506 υ
629 5453 848 5524 ἀγαθαί.
2039 5446 2158 5524 tute.

434 5545 525 5600 ιο.
568 5514 698 5600 Ἰδοδ
729 5544 958 5615 ἐδίψησα
1002 5544 1171 5595 ποιεῖν
1195 5539 1290 5602 τὰς
1312 5534 1528 5598 ἐντολάς
1558 5549 1672 5596 σου,
1716 5531 1932 5597 πότισόν

2103 5523 2193 5579 40.
2226 5523 2365 5581 Ecce
2390 5522 2535 5580 sitivi
2571 5520 2748 5575 facere
2777 5514 3029 5571 mandata
3061 5521 3173 5577 tua,
3200 5516 3325 5579 pota
3358 5519 3446 5560 me
3475 5516 3597 5578 gn-

362 5654 438 5711 με
462 5635 562 5708 τὴν
584 5636 739 5709 χάριν
768 5651 880 5687 σου.

670 5652 739 5689 >ιν
768 5651 880 5687 σου.
2035 5616 2107 5669 lia
2142 5624 2251 5670 tua.

434 5751 513 5831 (ί)
544 5748 658 5806 Vox
685 5746 946 5803 αἰτεῖσθαι
974 5741 1246 5800 abundare
1281 5740 1487 5795 videtur
