4004 6212
482 365 618 420 H85

549 481 636 538 4i.
676 483 737 538 Et
787 487 964 540 veniat
1013 501 1175 556 super
1219 501 1303 541 me
1335 487 1721 556 ,misericordia
1773 499 1895 552 tua,
1943 488 2048 545 Du-
2076 498 2117 551 Α

477 574 646 636 mine.
671 576 906 630 salutare
929 587 1080 630 tuum
1108 579 1404 631 secundum
1423 579 1696 646 eloquium
1726 591 1899 633 tuum.

552 665 640 721 42.
675 665 739 720 Et
771 668 1108 736 respondebo
1135 670 1596 738 exprobrantibus
1628 672 1760 725 mibi
1797 673 2038 738 verbum,

478 757 604 826 quia
638 759 846 825 speravi
884 759 936 812 in
969 761 1312 814 sermonibus
1349 762 1477 815 tuis.

549 848 636 902 43.
669 849 732 902 Et
763 866 830 902 ne
861 850 1077 904 auferas
1121 853 1187 906 de
1219 869 1313 906 ore
1359 870 1478 908 meo
1533 855 1756 908 verbum
1795 855 2040 910 veritatis

481 957 890 1010 usquequaque,
917 944 1045 1012 quia
1069 946 1120 996 in
1145 943 1364 1013 jndiciis
1404 947 1509 1000 luis
1536 947 1931 1016 supersperavi.

549 1117 637 1171 44.
671 1115 736 1170 Et
756 1120 1056 1173 custodiam
1078 1121 1246 1191 legem
1273 1131 1420 1176 tuam
1442 1138 1676 1192 semper,
1707 1124 1758 1176 in
1781 1125 2038 1179 saeculum

476 1215 532 1261 et
564 1207 617 1261 in
655 1209 912 1263 saeculum
950 1211 1156 1264 saeculi.

549 1299 639 1354 45.
677 1299 740 1353 Ει
783 1303 1126 1357 ambulabant
1179 1304 1233 1358 in
1281 1305 1591 1368 latitudine,
1627 1307 1752 1375 quia
1786 1307 2039 1364 mandata

478 1400 570 1446 tua
601 1393 890 1461 exquisivi.

548 1483 635 1538 46.
669 1484 733 1539 Et
760 1486 1022 1555 loquebar
1053 1486 1105 1540 in
1145 1489 1472 1544 testimoniis
1497 1490 1606 1545 tuis
1649 1491 1701 1544 in
1742 1503 2034 1560 conspectu

479 1589 688 1645 regum,
712 1585 765 1630 et
799 1595 904 1631 non
935 1578 1331 1636 conftmdebar.

547 1667 633 1720 47.
669 1668 732 1723 Et
764 1671 1060 1726 meditabar
1113 1672 1166 1725 in
1217 1673 1484 1728 mandatis
1527 1673 1656 1739 tuis,
1715 1690 1838 1744 quae
1869 1674 2034 1728 dilexi

476 1760 652 1813 valde.

1321 368 1377 421 ὃ.
1422 366 1790 421 ATHANASII
1832 368 1979 422 ΟΡΡ.
2024 369 2200 422 PARS
2238 367 2320 424 Ill.
2356 399 2424 406 —
2461 366 2863 422 EXEGETICA.

3575 365 3712 420 “3‘.

2221 491 2308 542 4|.
2342 489 2445 543 Kai.
2474 489 2613 542 ἔλθοι
2640 490 2722 541 ἐπ’
2756 487 2854 558 ἐμὲ
2882 489 2942 538 rb
2967 485 3112 549 ἔλεός
3141 503 3254 549 σου,
3283 484 3468 555 Κύριε,
3490 483 3552 536 τὸ
3605 499 3714 536 σω-

2143 581 2332 651 τήριόν
2369 598 2460 632 σου
2482 578 2622 632 κατὰ
2649 579 2737 630 τὸν
2762 577 2915 643 λόγον
2938 594 3049 629 σου.

2214 673 2301 725 4'2.
2335 673 2435 726 Καὶ
2463 671 2899 742 άποκριθήσομαι
2927 670 3036 731 τοῖς
3074 667 3385 731 ὀνειδίζουσί
3411 683 3498 736 μοι
3530 665 3709 732 λόγον,

2141 765 2220 816 ὅτι
2249 764 2450 833 ἤλπισα
2473 762 2563 814 ἐπὶ
2586 764 2696 824 τοῖς
2718 760 2892 828 λόγοις
2920 778 3030 813 σου.

2212 855 2299 908 45.
2340 852 2442 908 Καὶ
2489 853 2560 924 μὴ
2591 851 2845 923 περιέλῃς
2867 852 2929 903 ὲκ
2959 847 3052 902 τοῦ
3097 847 3356 918 στόματός
3411 863 3510 915 μου
3554 845 3714 911 λόγον

2143 947 2401 1018 ἀληθείας
2424 948 2526 1010 ’ἐως
2546 945 2770 1016 σφόδρα,
2801 945 2882 997 ὃτι
2911 944 3002 996 ἐπὶ
3021 945 3130 1004 rei;
3153 938 3380 1011 κριμασί
3416 955 3506 991 σου
3544 937 3713 1006 ἐπήλ-

2141 1053 2291 1088 πισα.

2214 1127 2301 1178 44.
2343 1125 2447 1179 Καὶ
2477 1123 2693 1193 φυλάξω
2724 1122 2815 1175 τὸν
2859 1123 3019 1191 νόμον
3048 1137 3139 1172 σου
3178 1117 3462 1181 διαπαντὸς
3509 1119 3588 1180 είς
3618 1115 3714 1169 τόν

2139 1219 2328 1280 αἰῶνα,
2358 1219 2451 1271 καὶ
2473 1219 2551 1280 εἰς
2567 1217 2656 1269 τὸν
2681 1215 2852 1269 αίῶνα
2881 1213 2971 1267 τοῦ
3003 1213 3214 1275 αἰῶνος.

2213 1307 2301 1360 45.
2325 1307 2429 1362 Καὶ
2451 1306 2791 1377 ἐπορευόμην
2823 1305 2882 1358 ἐν
2909 1303 3222 1375 πλατυσμῷ,
3247 1303 3329 1355 ὅτι
3359 1302 3457 1364 τάς
3488 1299 3712 1360 ἐντολάς

2141 1416 2232 1452 σου
2265 1399 2584 1468 ὲξεζήτησα.

2208 1492 2294 1545 46.
2328 1492 2436 1543 Καὶ
2467 1489 2686 1544 ἐλάλουν
2733 1491 2790 1542 ὲν
2831 1491 2941 1552 τοῖς
2987 1487 3300 1559 μαρτυρίοις
3343 1503 3431 1538 σου
3465 1485 3709 1538 ἐναντίον

2141 1583 2424 1653 βασιλέων,
2459 1584 2549 1634 καὶ
2579 1583 2678 1636 οὐκ
2709 1583 3037 1652 ᾐσχυνόμην.

2208 1673 2294 1726 47.
2332 1674 2438 1724 Καὶ
2469 1671 2734 1742 ἐμελέτων
2763 1672 2820 1724 ὲν
2844 1675 2962 1735 ταῖς
2995 1671 3231 1735 ἐντολαῖς
3257 1687 3370 1733 σου,
3397 1668 3462 1732 ἃς
3486 1668 3706 1738 ἠγάπη-

2139 1779 2204 1814 σα
2234 1761 2454 1832 σφόδρα.

545 1852 634 1908 48.
670 1852 734 1906 Ει
765 1854 935 1908 levavi
969 1870 1162 1910 manus
1193 1871 1342 1909 meas
1386 1856 1451 1909 ad
1483 1855 1735 1909 mandata
1768 1865 1878 1915 tua,
1913 1872 2035 1926 qua:
2069 1838 2112 1892 Β

2204 1854 2290 1906 48.
2334 1853 2440 1906 Καὶ
2465 1849 2575 1923 ἦρα
2598 1851 2695 1914 τὰς
2721 1852 2906 1923 χεῖράς
2942 1868 3040 1921 μου
3071 1850 3205 1921 πρδς
3225 1849 3323 1911 τὰς
3344 1848 3556 1911 ἐντολάς
3585 1865 3702 1910 σου,

475 1945 660 2009 dilexi,
693 1954 747 1998 et
775 1948 1070 2001 exercebar
1101 1948 1152 2000 in
1181 1947 1668 2016 justiﬁcationibus
1695 1950 1820 2001 tuis.

545 2036 634 2089 49.
669 2036 876 2090 Memor
902 2047 1021 2092 esto
1049 2040 1194 2093 verbi
1241 2040 1317 2093 tui
1345 2054 1504 2094 servo
1529 2047 1646 2105 tuo,
1676 2041 1728 2093 in
1759 2055 1867 2107 quo
1899 2039 2029 2091 milii

475 2143 627 2194 spem
661 2128 879 2182 dedisti.

543 2217 633 2274 50.
662 2217 785 2272 lbec
820 2236 905 2274 me
955 2222 1238 2276 consolata
1272 2231 1355 2276 est
1404 2239 1456 2276 In
1509 2223 1813 2276 humilitate
1871 2237 1989 2276 mea
2015 2261 2031 2286 ,

474 2311 600 2378 quia
631 2311 905 2380 eloquium
936 2322 1088 2366 tuum
1123 2314 1413 2369 vivilicavit
1438 2331 1543 2370 uie.

543 2401 632 2456 51.
668 2400 896 2472 Superbi
939 2403 1122 2473 inique
1152 2407 1382 2474 agebant
1412 2420 1820 2475 usquequaque,
1859 2419 1887 2460 τι
1915 2419 2030 2474 .ege

470 2503 650 2547 autem
683 2502 772 2547 tua
801 2511 908 2548 non
943 2495 1231 2550 declinavi.

2135 1946 2199 2008 ἃς
2233 1945 2512 2014 ἠγάπησα,
2546 1943 2639 1995 καὶ
2668 1943 2983 2012 ὴδολέσχουν
3005 1944 3061 1994 ὲν
3085 1945 3194 2004 τοῖς
3222 1939 3544 2008 δικαιώμασί
3584 1956 3700 1990 σου.

2206 2038 2292 2098 49.
2328 2034 2609 2106 Μνήσθητι
2659 2035 2766 2087 τῶν
2801 2035 2968 2102 λόγων
3000 2050 3112 2092 αου.
3138 2032 3216 2102 τῷ
3257 2032 3425 2100 δούλῳ
3474 2047 3591 2093 σου,
3623 2023 3701 2082 ὧν

2131 2128 2439 2197 ἑπήλπισάς
2473 2143 2559 2196 με.

2203 2220 2290 2274 50.
2326 2219 2470 2289 Αὕτη
2509 2236 2573 2289 με
2602 2219 2969 2288 παρεκάλεσεν
3014 2218 3071 2270 ὲν
3108 2219 3171 2288 τῇ
3200 2213 3523 2268 ταπεινώσει
3572 2231 3696 2283 μου,

2137 2315 2218 2367 ὅτι
2245 2315 2304 2367 τὸ
2325 2315 2502 2383 λόγιόν
2532 2332 2624 2367 σου
2655 2313 2814 2383 εζησὲ
2852 2331 2938 2384 με.

2205 2405 2292 2458 51.
2326 2406 2692 2475 ’Υπερήφανοι
2732 2405 3072 2475 παρηνόμουν
3097 2405 3201 2468 ἓως
3244 2403 3468 2474 σφόδρα,
3502 2403 3612 2455 άπὸ
3643 2402 3698 2455 δὲ

2135 2492 2227 2546 τοῦ
2251 2495 2414 2564 νόμου
2450 2511 2541 2546 σου
2566 2494 2664 2546 οὐκ
2689 2492 2948 2557 ἐξέκλινα.

1590 2649 1963 2706 ATHANASII
2007 2649 2579 2706 INTEBPRETATIO.

545 2840 632 2894 41.
665 2839 730 2892 Ει
749 2840 927 2893 veniat
953 2856 1114 2910 super
1145 2857 1230 2895 me
1266 2843 1504 2911 Spiritus
1537 2850 1664 2895 tuus
1702 2851 1923 2896 sanctus
1954 2841 2032 2895 vi-

472 2930 726 2993 vilicans,
756 2931 1206 2999 quemadmodum
1239 2932 1368 2985 mibi
1400 2933 1713 3002 promisisti.
1964 3002 1972 3010 .

542 3021 627 3074 42.
668 3020 730 3073 Et
766 3020 833 3074 da
875 3022 1004 3074 mibi
1051 3022 1312 3092 gratiam,
1344 3033 1399 3074 ut
1425 3037 1524 3094 ego
1552 3022 1745 3091 loquar
1769 3037 1799 3075 e
1831 3021 2032 3077 sanctis

471 3114 581 3168 tuis
619 3113 916 3182 Scriptnris
967 3123 1152 3168 contra
1205 3130 1396 3169 omnes
1462 3115 1771 3176 luereticos,
1834 3124 1885 3168 et
1939 3113 2033 3167 Jn-

2201 2841 2285 2894 41.
2315 2840 2418 2893 Καὶ
2449 2838 2590 2893 ἔλθοι
2641 2841 2725 2891 επ’
2747 2837 2844 2909 ἐμὲ
2894 2837 2956 2890 τὸ
2986 2837 3205 2908 Πνεῦμά
3238 2855 3328 2891 σου
3351 2838 3409 2890 τὺ
3438 2839 3595 2906 ἆγιςν
3637 2841 3704 2892 τὰ

2130 2929 2443 2993 ζωοποιοῦν,
2474 2927 2654 2992 καθὼς
2683 2928 3012 2999 ἐπήγγειλάς
3044 2945 3153 2998 μοι.
3391 3003 3394 3006 4

2197 3022 2284 3075 4‘2.
2309 3021 2412 3075 Kal
2437 3021 2524 3084 δός
2560 3038 2648 3092 μοι
2694 3021 2790 3092 τὴν
2842 3021 2998 3094 χάριν
3029 3020 3121 3074 τοῦ
3159 3015 3332 3088 λέγειν
3367 3038 3431 3090 με
3464 3020 3570 3073 άπὸ
3590 3023 3697 3074 τῶν

2128 3113 2295 3180 άγίων
2325 3113 2554 3183 Γραφῶν
2610 3130 2701 3166 σου
2753 3114 2887 3182 πρὸς
2932 3113 3135 3176 πάντας
3184 3114 3510 3183 αἱρετικους,
3567 3115 3694 3166 Ἰου-

467 3205 649 3266 ιιιεος,
695 3215 745 3258 et
790 3204 1050 3273 gentiles,
1102 3205 1355 3273 quoniam
1404 3205 1700 3260 desideravi
1749 3221 2029 3263 sermones
2057 3204 2142 3299 Cl

2147 3203 2308 3265 Βαίους
2333 3221 2390 3256 τε
2421 3206 2513 3257 καὶ
2543 3205 2826 3273 Ἕλληνας,
2881 3205 2961 3257 ὅτι
3012 3203 3293 3257 ὲπεπόθειν
3332 3203 3697 3284 [sitan-601*,an

471 3305 615 3350 ιυοε.

543 3385 628 3438 45.
664 3385 728 3437 Et
764 3401 828 3438 ne
869 3385 1082 3438 auferas
1127 3402 1156 3438 a
1212 3402 1296 3439 me
1325 3387 1552 3455 gratiam
1588 3395 1731 3444 tuam
1768 3403 1937 3456 usque
1974 3390 2027 3442 in

472 3477 652 3536 ﬁnem,
678 3477 931 3544 quoniam
958 3485 1100 3530 lotus
1127 3477 1329 3531 effusus
1351 3494 1469 3530 sum
1504 3478 1555 3530 in
1587 3479 1866 3547 praeceptis
1897 3480 2023 3533 tuis.

542 3568 626 3622 44.
664 3569 729 3622 Et
774 3569 1138 3624 indesinenter
1188 3570 1380 3624 faciam
1429 3571 1596 3641 legem
1630 3583 1798 3637 tuam,
1826 3571 2026 3628 habens

470 3676 587 3718 cam
620 3661 671 3714 in
701 3677 786 3715 me
809 3661 944 3731 ipso,
973 3670 1025 3715 et
1051 3661 1102 3714 in
1130 3663 1399 3732 praesenti,
1433 3675 1486 3718 et
1524 3663 1708 3718 futuro
1736 3666 1953 3718 saeculo.
2001 3708 2029 3735 ὃ

538 3839 624 3893 43.
659 3840 726 3895 Ει
764 3841 1053 3895 exsultavit
1092 3858 1185 3896 cur
1212 3857 1390 3896 meum
1412 3883 1426 3907 ,
1457 3843 1715 3910 quoniam
1759 3843 2026 3898 sollicitus

471 3927 544 3983 fui
575 3931 747 3985 facere
774 3932 1098 3985 voluntatem
1133 3939 1299 3986 tuam.
1487 3923 1492 3930 ’

538 4022 624 4075 46.
659 4021 1107 4094 Etrecogitabam
1153 4025 1204 4077 in
1255 4032 1431 4078 mente
1463 4040 1578 4078 mea
1610 4032 1874 4093 praecepta
1910 4034 2024 4090 tua,

468 4123 522 4165 ct
571 4114 742 4167 restiti
778 4115 995 4184 regibus
1045 4117 1418 4180 tenebrarum,
1467 4127 1519 4171 et
1563 4133 1668 4170 non
1705 4127 1832 4171 sunt
1859 4117 1910 4170 in
1943 4135 2027 4172 me

467 4205 750 4259 dominati.

543 4298 626 4352 47.
655 4299 719 4352 Et
750 4299 800 4352 in
832 4301 994 4354 corde
1021 4317 1140 4356 meo
1171 4301 1503 4370 explicabam
1546 4301 1877 4371 Scripturas,
1899 4303 2025 4372 quia

466 4405 652 4443 earum
687 4391 952 4443 desiderio
983 4393 1187 4445 ell'usus
1215 4409 1355 4446 sum.

538 4481 624 4534 48.
658 4480 719 4534 Et
742 4482 945 4534 intendi
978 4493 1209 4538 mentem
1247 4486 1425 4538 cordis
1479 4485 1576 4537 mei
1613 4485 1666 4538 in
1699 4487 2026 4554 contempla-

2132 3295 2222 3347 ἐπὶ
2253 3296 2378 3358 τοὺς
2408 3295 2596 3363 λόγους
2641 3313 2755 3348 σου.

2199 3387 2285 3443 43.
2316 3387 2418 3442 Καὶ
2445 3388 2518 3460 μὴ
2550 3389 2753 3462 ἀφέλῃς
2812 3389 2905 3442 ἀπ’
2931 3388 3063 3459 ἐμοῦ
3106 3388 3204 3460 τὴν
3247 3390 3403 3458 χάριν
3445 3407 3538 3442 σου
3591 3390 3692 3452 ἕως

2129 3479 2332 3543 τέλους,
2357 3481 2435 3532 ὅτι
2461 3481 2517 3532 ἐν
2543 3481 2653 3542 τοῖς
2684 3480 3091 3548 προστάγμασιν
3118 3481 3250 3542 ὅλως
3298 3480 3620 3549 ὲκκέχυμαι.

2197 3568 2284 3622 44.
2309 3569 2412 3622 Καὶ
2438 3571 2646 3640 ποιήσω
2687 3570 3045 3634 ἀδιαλείπτως
3072 3573 3160 3624 τὸν
3211 3573 3369 3641 νόμον
3403 3589 3495 3623 σου
3555 3573 3690 3641 ἔχων

2127 3660 2285 3713 αὑτὸν
2318 3662 2372 3713 ὲν
2402 3659 2578 3730 ἐαυτῷ
2611 3661 2704 3713 καὶ
2736 3663 2791 3712 ὲν
2820 3659 2897 3730 τῷ
2928 3661 3041 3724 νῦν,
3079 3662 3172 3714 καὶ
3230 3665 3287 3714 ἐν
3337 3661 3414 3730 τῷ
3450 3660 3689 3730 μέλλοντι

2127 3753 2300 3808 αἰῶνι.

2196 3843 2282 3897 45.
2324 3844 2427 3898 Καὶ
2451 3844 2810 3914 ἠγαλλιάσατο
2839 3845 2872 3914 ή
2926 3844 3116 3912 καρδία
3141 3861 3261 3913 μου,
3302 3845 3381 3897 ὅτι
3412 3843 3686 3914 μεριμνῶν

2130 3935 2519 4009 [ἐμερίμνησα]
2548 3936 2641 3990 τοῦ
2668 3939 2837 3990 ποιεῖν
2863 3936 2922 3988 τὸ
2951 3937 3162 4006 θέλημά
3196 3953 3310 3990 σου.

2195 4026 2284 4080 46.
2315 4028 2424 4080 Καὶ
2461 4027 2824 4096 ἐμνημόνευον
2859 4028 2915 4079 ἐν
2948 4029 3010 4098 τῇ
3040 4028 3246 4099 διανοίᾳ
3293 4045 3390 4097 μου
3436 4029 3546 4081 ἀπὸ
3580 4028 3684 4082 τῶν

2126 4119 2554 4189 προσταγμάτων
2579 4135 2692 4179 σου,
2724 4118 2818 4172 καὶ
2843 4117 3177 4190 άνθιστάμην
3207 4123 3318 4182 τοῖς
3343 4120 3434 4172 τοῦ
3471 4123 3684 4184 σκότους

2129 4209 2424 4277 βασιλεῦσι,
2457 4209 2551 4262 καὶ
2574 4210 2671 4261 οὐκ
2699 4211 3055 4281 ὲκυριευόμην
3086 4211 3176 4263 ὑπ’
3209 4212 3404 4264 αὐτῶν.

2195 4298 2282 4352 47.
2317 4299 2424 4351 Καὶ
2448 4301 2504 4351 ὲν
2527 4301 2590 4369 τῇ
2621 4299 2817 4371 καρδίᾳ
2839 4317 2937 4369 μου
2962 4300 3184 4353 ὲπέλυον
3209 4301 3307 4364 τὰς
3343 4300 3683 4374 Γραφάςηδτι

2127 4391 2428 4461 ὲκκὲχυμαι
2464 4391 2644 4444 ποθεῖν
2682 4391 2869 4453 αὑτάς.

2193 4483 2280 4534 48.
2312 4483 2417 4534 Καὶ
2442 4483 2698 4535 ἐνέτεινον
2725 4483 2822 4554 τὴν
2853 4483 3085 4536 διάνοιαν
3113 4485 3209 4555 τῆς
3231 4485 3453 4556 καρδίας
3480 4503 3583 4555 μου
3608 4487 3682 4546 είς

468 4575 667 4627 tionem
702 4574 1104 4643 Scripturarum
1143 4586 1394 4640 tuarum,
1429 4593 1566 4647 quas
1600 4577 1787 4641 dilexi,
1817 4587 1870 4632 et
1899 4595 2023 4646 per-
2061 4590 2142 4654 οη

2147 4572 2226 4643 τὴν
2254 4571 2484 4643 Θεωρίαν
2513 4573 2616 4626 τῶν
2641 4574 2870 4645 Γραφῶν
2905 4591 3018 4635 σου,
3055 4573 3118 4636 ἃς
3144 4573 3424 4642 ἠγάπησα,
3460 4576 3555 4626 καὶ
3585 4575 3679 4625 ἐπ-

468 4668 642 4718 mansi
670 4665 905 4732 probans
932 4666 1312 4737 ctdijudicans
1348 4685 1469 4736 quae
1520 4669 1572 4722 in
1623 4671 1732 4723 tuis
1785 4669 2030 4740 Scriptu—

469 4759 544 4808 ris
584 4758 952 4811 continentur.

535 4848 623 4902 49.
659 4849 982 4915 Recordare,
1016 4849 1160 4919 quod
1191 4851 1486 4919 promisisti
1534 4852 1776 4907 misereri
1817 4853 1942 4917 mei,
1980 4853 2024 4908 si

465 4939 518 4993 in
544 4939 885 4994 sermonibus
916 4943 1023 4995 tuis
1059 4944 1337 4997 versabar.

534 5033 622 5086 50.
647 5031 770 5087 Ηιιξο
801 5035 1091 5102 promissio
1119 5044 1209 5091 tua
1235 5037 1514 5092 consolata
1549 5046 1631 5092 est
1662 5053 1766 5097 me,
1806 5039 2022 5105 quando

460 5139 610 5176 eram
642 5123 692 5176 in
730 5133 951 5193 peccato
984 5141 1124 5188 meo,
1161 5129 1417 5197 quoniam
1452 5129 1634 5182 dixisti
1665 5149 1676 5184 :
1718 5128 1854 5182 Nolo
1885 5146 2021 5180 mor-

463 5224 562 5267 tem
584 5216 894 5281 peccatoris,
922 5214 1009 5268 sed
1037 5225 1089 5268 ut
1118 5229 1474 5281 convertatur,
1502 5229 1550 5272 et
1574 5220 1708 5272 vivnt
1735 5221 1799 5271 ⁸⁸.

533 5382 618 5434 iil.
658 5385 1074 5442 Contemnentes
1105 5401 1370 5458 praecepta
1409 5399 1498 5442 tua
1530 5393 1692 5459 impie
1716 5401 1884 5461 agunt
1930 5408 2021 5446 ns-

464 5487 570 5540 qne
601 5476 652 5528 in
684 5479 864 5540 linem,
894 5496 992 5547 ego
1013 5489 1192 5534 autem
1224 5497 1253 5535 a
1290 5483 1401 5552 lege
1431 5491 1518 5536 tua
1555 5499 1659 5537 non
1694 5483 1912 5538 recessi.

537 5731 583 5764 “
619 5734 810 5789 Ezech.
847 5752 1040 5803 xxxiii,
1070 5739 1128 5793 il

2129 4663 2321 4732 έμενον
2351 4663 2675 4735 δοκιμάζων,
2707 4667 2800 4717 καὶ
2821 4666 3120 4734 ἀνακρίνων
3142 4665 3283 4735 τὰ,ὲν
3309 4668 3424 4730 ταῖς
3443 4667 3681 4736 Γραφαίς

2125 4771 2237 4807 σου.

2191 4844 2279 4898 49.
2321 4845 2625 4916 Μνήσθητι.
2655 4847 2733 4898 ὅτι
2760 4846 3086 4916 ἐπήγγειλας
3113 4846 3277 4900 ἐλεεῖν
3321 4865 3407 4918 με,
3437 4847 3535 4900 ἐὰν
3567 4850 3679 4901 ἑπι-

2129 4937 2426 5008 στρέψωέέν
2457 4941 2568 5001 τοῖς
2594 4938 2770 5006 λόγοις
2805 4957 2916 4993 σου.

2191 5029 2277 5083 5Ο.
2309 5029 2508 5101 Λῦτηὴ
2542 5031 2839 5099 ἐπαγγελία
2868 5049 2961 5084 σου
3000 5032 3418 5104 παρεμυθήσατό
3448 5050 3536 5104 με,
3557 5035 3677 5086 ὅταν

2121 5121 2266 5190 ἥμην
2301 5122 2357 5171 ὲν
2384 5125 2448 5190 τῇ
2491 5122 2730 5192 ἁμαρτίᾳ
2763 5141 2884 5191 μου,
2927 5125 3006 5176 ὅτι
3052 5124 3304 5194 εἴρηκας
3348 5127 3428 5178 Οὐ
3461 5126 3675 5188 ,ϐούλιμ-

2114 5221 2216 5273 μαι
2249 5205 2355 5257 τὸν
2377 5205 2631 5258 θάνατον
2673 5207 2776 5259 τοῦ
2805 5208 3172 5276 ἁμαρτωλοῦ,
3203 5211 3274 5274 ὡς
3324 5209 3387 5261 τὸ
3412 5207 3675 5276 ἐπιστρέ-

2119 5313 2274 5364 φειν,
2311 5297 2406 5348 καὶ
2440 5295 2546 5363 ζῇν
2576 5299 2778 5350 αὐτόν.

2189 5386 2250 5439 51
2272 5431 2276 5435 .
2303 5387 2364 5439 Οἱ
2389 5386 2785 5452 ἐξουδενοῦντες
2810 5388 2878 5440 τά
2903 5387 3291 5458 προστάγματά
3329 5406 3420 5441 σου
3450 5388 3672 5441 ἀσεϐοῦ-

2127 5495 2208 5528 σιν
2247 5477 2354 5541 ἕως
2387 5479 2599 5542 τέλους’
2643 5479 2751 5548 ἐγὼ
2782 5479 2836 5533 δὲ
2868 5480 2973 5532 ἀπὸ
3000 5479 3091 5535 τοῦ
3113 5479 3276 5550 νόμου
3310 5496 3403 5532 σου
3455 5481 3552 5534 οὐκ
3576 5479 3672 5548 ἀορ-

2130 5571 2378 5640 ιστάμην.
