4004 6212
354 317 488 373 1185

1205 313 1290 366 DE
1326 313 1599 368 TITULIS
1637 313 2084 372 ρειωιοῐιυδι.
2121 346 2188 357 -
2227 315 2422 372 PSAL.
2457 316 2693 372 CXVIII.

3440 323 3576 376 “86

419 435 508 490 52.
533 433 838 506 Ἐμνήσθην
868 436 974 488 τῶν
999 452 1279 506 κριματων
1307 453 1398 488 σου
1435 438 1526 489 ἀπ’
1552 435 1764 499 αἰῶνος,
1801 437 1900 490 Κύε

2082 438 2168 492 52.
2202 437 2407 492 Memor
2436 437 2513 492 fui
2539 437 2870 508 judiciorum
2903 448 3118 494 tuorum
3157 456 3186 493 a
3217 454 3440 508 saeculo,
3461 440 3566 494 Do-

347 543 454 599 ριεδ
484 528 576 580 καὶ
604 527 972 596 παρεκλήθην.

418 619 506 673 55.
537 617 765 688 Ἀθυμία
791 618 1017 688 κατέσχε
1043 635 1110 688 με
1132 616 1237 671 ἀπὸ
1259 618 1594 690 ἁμαρτωλῶν
1619 621 1727 673 τῶν
1747 621 1909 688 ἐγκα-

345 709 784 780 ταλιμπανὸντων
817 711 906 762 τὸν
944 709 1108 780 νόμον
1142 727 1256 764 σου.

419 802 506 856 5i.
539 800 729 854 Ψαλτὰ
776 796 912 871 ἦσαν
946 818 1034 872 μοι
1065 801 1134 854 τὰ
1160 799 1499 873 δικαιώματά
1543 820 1635 856 σου
1669 805 1726 856 ἐν
1759 804 1909 874 τόπῳ

346 891 633 963 παροικίας
673 908 793 961 μου.

419 983 504 1037 55.
529 981 837 1053 Ἑμνήσθην
871 985 929 1036 ἐν
968 985 1122 1038 νυκτὶ
1145 983 1238 1037 τοῦ
1264 985 1524 1055 ὀνόματός
1559 1003 1674 1051 σου,
1710 989 1904 1060 Κύριε,

345 1073 439 1124 καὶ
468 1071 706 1139 ἐφύλαξα
729 1072 818 1124 τὸν
845 1072 1006 1142 νόμον
1033 1090 1145 1126 σου.

416 1163 502 1218 56.
537 1163 682 1234 Αὕτη
717 1165 946 1236 ἐγενήθη
981 1183 1091 1236 μοι,
1121 1168 1201 1219 ὃτι
1243 1165 1308 1221 τὰ
1335 1165 1676 1238 δικαιώματα
1702 1186 1793 1222 σου
1823 1170 1908 1236 ἐξ·

344 1256 608 1309 εἷήτησα.

380 1273 391 1284 ν
412 1273 474 1306 ντ
522 1273 608 1309 σα.

377 1273 515 1398 3571.1
537 1344 706 1415 Μερίς
735 1361 832 1414 μου
864 1341 931 1409 εἴ,
959 1343 1149 1416 Κύριε,
1181 1339 1310 1399 εἶπα
1340 1345 1435 1399 τοῦ
1461 1345 1795 1416 φυλάξασθαι
1819 1347 1907 1399 τὸν

343 1435 508 1506 νόμον
536 1451 649 1487 σου.

415 1527 502 1582 58.
525 1526 783 1597 Ἐδεήθην
800 1526 891 1578 τοῦ
911 1525 1200 1597 προσώπου
1233 1544 1326 1580 σου
1354 1529 1414 1581 ἐν
1437 1529 1531 1599 ὅλῃ
1555 1527 1750 1600 καρδία
1780 1545 1904 1597 μου,

342 1619 564 1691 ἐλέησόν
595 1635 661 1689 με
695 1618 833 1671 κατὰ
867 1619 927 1671 τὸ
952 1619 1129 1686 λόγιόν
1165 1637 1278 1674 σου.

413 1713 502 1768 59.
533 1711 928 1781 Διελογισάμην
973 1711 1070 1774 τὰς
1120 1711 1270 1774 ὁδούς
1312 1729 1424 1777 σου,
1465 1713 1560 1766 καὶ
1602 1713 1908 1783 ἐπέστρεψα

339 1807 466 1867 τοὺς
496 1805 660 1868 πόδας
685 1821 784 1875 μου
825 1804 902 1865 εἰς
929 1802 995 1855 τὰ
1032 1803 1304 1875 μαρτύριά
1335 1822 1450 1856 σου.

413 1894 504 1948 60.
533 1894 918 1965 Ἠτοιμὰσθην,
954 1896 1046 1946 καὶ
1074 1897 1173 1948 οὐκ
1211 1896 1514 1968 ἐταράχθην
1536 1896 1631 1950 τοῦ
1669 1896 1904 1967 φυλάξα-

346 1989 470 2040 σθαι
491 1986 590 2050 τὰς
617 1986 832 2048 ἐντολάς
864 2003 979 2039 σου.

413 2078 502 2131 61.
533 2078 748 2148 Σχοινία
796 2077 1132 2148 ἁμαρτωλῶν
1173 2077 1621 2149 περιεπλακησὰν
1653 2097 1764 2150 μοι,
1810 2081 1904 2134 καὶ

339 2169 436 2223 τοῦ
457 2171 618 2241 νόμου
654 2187 744 2222 σου
776 2172 874 2223 ούκ
898 2170 1258 2241 ἐπελαθόμην.

411 2258 500 2313 62.
552 2258 913 2312 Μεσονύκτιον
937 2260 1318 2332 ἐξηγειρόμην,
1341 2261 1435 2315 τοῦ
1468 2262 1905 2332 ἐξομολογεῖσθαί

344 2370 426 2406 σοι
453 2353 546 2406 ἐπὶ
573 2354 642 2407 τὰ
669 2355 910 2424 κρίματα
942 2353 1040 2424 τῆς
1068 2353 1412 2424 δικαιοσύνης
1444 2370 1557 2406 σου.

413 2443 503 2498 65.
537 2445 772 2512 Μέτοχος
799 2444 907 2513 ἐγώ
933 2446 1047 2515 είμι
1084 2443 1298 2498 πάντων
1323 2443 1431 2497 τῶν
1457 2443 1802 2514 φοϐουμένων
1825 2462 1903 2509 σε,

341 2535 436 2588 καὶ
463 2535 569 2587 τῶν
597 2535 972 2605 φυλασσόντων
1004 2536 1100 2600 τὰς
1131 2535 1346 2598 ἐντολάς
1374 2552 1486 2589 σου.

2015 531 2178 596 mine,
2217 540 2271 584 et
2305 531 2619 585 consolatus
2660 547 2804 586 smn.

2079 622 2168 676 55.
2206 620 2442 676 Deiectio
2475 621 2648 676 tenuit
2676 637 2760 677 me
2789 638 2888 692 pro
2921 623 3296 692 peccatoribus
3327 625 3560 678 dereiin-

2012 710 2306 778 quentibus
2329 711 2498 777 legem
2531 718 2697 762 tuam.

2081 801 2170 854 54.
2205 801 2516 855 Cantabiles
2544 801 2676 856 mihi
2726 813 2880 857 erant
2910 803 3326 872 iustificationes
3358 813 3464 860 tute
3505 778 3592 860 inI

2011 891 2128 947 loco
2168 893 2619 962 peregrinationis
2649 911 2802 948 mete.

2083 986 2173 1039 55.
2212 985 2416 1038 Memor
2469 985 2544 1038 fui
2582 996 2741 1041 nocte
2776 988 3015 1042 nominis
3050 988 3126 1041 tui
3149 1027 3165 1052 ,
3204 988 3429 1043 Domine
3461 1029 3478 1056 ,
3519 999 3574 1043 et

2011 1077 2275 1132 custodiri
2301 1077 2470 1147 legem
2507 1088 2677 1131 tuam.

2083 1169 2171 1223 55.
2197 1162 2327 1224 Ilaec
2359 1169 2498 1224 facta
2531 1179 2615 1224 est
2641 1171 2797 1236 milii,
2841 1171 2965 1240 quia
2989 1170 3411 1240 justilicatiooes
3437 1181 3559 1225 tuas

2010 1262 2296 1330 exquisivi.

2079 1353 2170 1407 57.
2193 1353 2378 1406 Portio
2403 1368 2520 1406 mea
2543 1367 2622 1418 es,
2655 1352 2902 1417 Domine,
2951 1352 3064 1408 dixi
3092 1355 3370 1409 custmlire
3397 1353 3567 1424 legem

2010 1457 2180 1500 tuam.

2077 1535 2165 1590 58.
2205 1534 2533 1604 Deprecatus
2567 1550 2686 1590 sum
2721 1534 2913 1590 faciem
2955 1547 3100 1592 tuam
3162 1537 3222 1591 in
3262 1547 3371 1592 loto
3403 1537 3568 1592 corde

2007 1639 2149 1690 meo,
2181 1625 2439 1681 miserere
2473 1625 2575 1679 mei
2611 1626 2906 1680 secundum
2940 1627 3222 1697 eloquium
3249 1638 3420 1682 tuum.

2078 1713 2164 1768 59.
2196 1713 2438 1786 Cogitavi
2466 1715 2580 1769 vias
2601 1729 2770 1782 meas,
2800 1726 2852 1771 et
2875 1718 3110 1772 conveni
3134 1719 3296 1787 pedes
3326 1733 3475 1773 meos
3508 1719 3564 1772 in

2009 1804 2318 1858 testimonia
2356 1814 2470 1857 tua.

2072 1895 2160 1950 60.
2191 1894 2421 1965 Paratus
2455 1913 2598 1959 sum,
2621 1906 2673 1950 et
2701 1912 2804 1951 non
2841 1913 2960 1951 sum
2994 1899 3260 1959 turbatus,
3293 1909 3351 1953 ut
3378 1909 3550 1955 custo-

2001 1987 2149 2041 diam
2177 1988 2426 2041 mandata
2455 1995 2564 2041 tua.

2071 2079 2158 2131 6l.
2199 2077 2376 2132 Funes
2425 2088 2768 2148 peccatorum
2821 2081 3175 2151 circumplcxi
3223 2091 3350 2137 sunt
3381 2098 3487 2146 me,
3510 2093 3563 2138 ct

2002 2171 2170 2239 legem
2201 2181 2349 2225 tuam
2375 2188 2481 2226 non
2515 2188 2633 2226 sum
2667 2173 2891 2228 oblitus.

2069 2261 2158 2314 62.
2193 2261 2364 2316 Media
2411 2271 2566 2316 nocte
2610 2262 2918 2332 surgebam,
2954 2262 3020 2316 ad
3065 2263 3428 2320 conﬁtendum
3464 2265 3564 2319 tibi

2000 2368 2164 2421 super
2191 2353 2398 2422 judicia
2430 2353 2845 2422 justilicationis
2878 2364 3000 2409 tuae.

2072 2444 2161 2498 65.
2192 2444 2467 2514 Particeps
2502 2460 2602 2515 ego
2641 2459 2762 2499 sum
2794 2448 3032 2500 omnium
3069 2446 3374 2503 timentium
3401 2455 3475 2513 te,
3505 2457 3566 2502 et

2001 2537 2426 2591 custodientium
2459 2536 2710 2590 mandata
2743 2546 2856 2590 tua.

1469 2669 1838 2726 ATI‘IANASII
1873 2671 2450 2727 INTERPBETATIO.

415 2784 500 2840 52.
538 2785 710 2838 Μόνον
740 2786 795 2838 ἐν
823 2785 898 2855 νῷ
929 2784 1104 2838 λαδὼν
1148 2786 1218 2838 τὰ
1261 2787 1655 2856 προστάγματα
1690 2805 1803 2849 σου,
1835 2788 1907 2842 τὰ

340 2877 403 2942 ἐξ
427 2878 620 2948 ἀρχῆς,
646 2877 836 2948 Κύριε,
872 2880 1117 2950 χαίρεται
1146 2882 1178 2950 ή
1207 2880 1400 2951 καρδία
1435 2899 1557 2950 μου.

413 2969 501 3023 55.
537 2969 712 3039 Πολλὴ
748 2968 921 3038 θλίψις
950 2966 1059 3040 εἶχέ
1089 2988 1175 3040 με,
1203 2971 1327 3024 ὅταν
1358 2971 1540 3042 ἐώρων
1573 2974 1696 3035 τοὺς
1722 2974 1900 3043 ἁμαρ-

337 3061 595 3122 τάνοντας
625 3061 1087 3132 καταφρονοῦντας
1113 3064 1234 3124 τοὺς
1265 3063 1454 3133 νόμους
1487 3079 1600 3116 σου.

413 3147 500 3243 54..
525 3149 636 3243 ’ξεῖ
675 3149 763 3243 ἐνῂ
787 3150 897 3210 τοῖς
944 3147 1269 3220 δικαιώμασί
1309 3168 1401 3204 σου
1432 3153 1757 3223 ἐτερπόμην,
1793 3152 1898 3224 [ἐν]
1923 3190 1964 3243 C

339 3237 501 3290 παντὶ
527 3237 676 3308 τόπῳ
705 3237 800 3308 τῆς
831 3240 935 3308 γῆς
961 3241 1235 3310 ὑπάρχων.

410 3326 500 3379 55.
535 3327 830 3398 Ἀμαρτίας
879 3347 966 3399 μοι
1011 3331 1447 3403 ύπεισελθούσης,
1496 3333 1787 3404 ἐμνήσθην,
1815 3335 1898 3386 ὅτι

338 3417 470 3480 Θεός
499 3437 598 3489 μου
621 3416 688 3482 εἴ,
723 3421 814 3473 καὶ
844 3422 1084 3493 ἀπέστην
1124 3425 1218 3477 ἀπ’
1250 3427 1417 3496 αὐτῆς
1439 3442 1453 3456 ·
1487 3426 1640 3480 τοῦτο
1673 3427 1780 3499 γὰρ
1809 3428 1896 3479 ἐν·

337 3508 527 3562 ελείλω
559 3527 646 3579 μοι
677 3511 944 3581 [ἐνετείλω
964 3513 1096 3586 μοι].

413 3601 497 3656 56.
530 3602 674 3674 Αὕτη
707 3621 797 3675 μοι
825 3603 1042 3675 βοήθεια
1069 3607 1323 3678 ὑπῆρξεν,
1353 3608 1432 3660 ὅτι
1469 3608 1539 3662 τὰ
1561 3609 1898 3680 δικαιώματά

339 3712 434 3747 σου
462 3696 774 3766 ἐπεπόθησα
815 3697 1010 3767 μᾶλλον
1036 3699 1068 3770 ἢ
1096 3699 1194 3769 τὴν
1223 3699 1512 3772 ἁμαρτίαν.

410 3785 498 3839 57.
527 3786 603 3840 Συ
649 3784 699 3840 εἷ
742 3793 773 3861 ή
819 3791 928 3862 ζωή
960 3809 1079 3861 μου,
1103 3791 1305 3862 Κύριε·
1340 3792 1636 3864 συνεθέμην
1667 3793 1773 3864 γὰρ
1801 3794 1894 3846 τοῦ

336 3874 621 3948 πληρῶσαι
645 3880 734 3932 τὸν
762 3882 921 3952 νόμον
945 3899 1056 3938 σου.

409 3967 496 4020 58.
518 3968 769 4042 Ἐδεήθην
802 3973 968 4027 ἐλθεῖν
996 3971 1118 4045 [τήν
1142 3972 1302 4043 χάριν
1323 3972 1460 4044 eoa],
1490 3975 1545 4026 ἐν
1576 3976 1670 4048 ὅλῃ
1700 3992 1898 4047 καροια

339 4073 466 4126 μου,
502 4059 717 4130 ἐλέησόν
752 4080 840 4134 με,
871 4065 961 4116 καὶ
987 4064 1299 4118 ἀπόστειλον
1322 4065 1507 4136 αὐτὴν,
1539 4066 1720 4130 καθὼς
1747 4067 1896 4139 εἴρη-

339 4168 470 4214 κας·
497 4155 739 4217 Αίτεῖτε,
764 4155 859 4208 καὶ
893 4155 1208 4222 δοθήσεται
1242 4155 1398 4225 ὑμῖν.

409 4246 494 4302 59.
518 4247 606 4300 Ἐν
639 4248 715 4319 νῷ
741 4247 945 4312 ἔλαϐον,
967 4250 1047 4302 ὄτι
1072 4253 1128 4302 ἐν
1149 4250 1439 4319 ἁμαρτίαις
1463 4248 1784 4320 πορεύομαι,
1803 4249 1894 4304 καὶ

340 4341 677 4410 μετανοήσας
701 4339 1001 4410 κατέφυγον
1025 4343 1102 4404 είς
1127 4341 1192 4393 τὰ
1220 4340 1518 4413 παθήματά
1550 4358 1664 4394 σου.

408 4430 495 4483 60.
517 4430 659 4494 Ἕως
683 4431 913 4485 θανάτου
942 4431 1240 4503 ηὐτρέπισα
1265 4431 1361 4505 τὴν
1386 4432 1564 4504 ψυχήν
1594 4451 1694 4504 μου
1729 4435 1808 4496 εἰς
1833 4434 1892 4487 τὸ

2069 2789 2158 2842 52.
2193 2785 2380 2842 Solum
2408 2787 2723 2840 recordatus
2749 2793 3138 2855 praceptorum
3167 2797 3406 2850 tuorum,
3435 2802 3563 2858 qum

1997 2876 2066 2930 ab
2095 2876 2250 2930 initio
2276 2885 2422 2937 sunt,
2454 2873 2699 2936 Domine,
2722 2876 2960 2928 exsultat
2988 2891 3081 2929 cor
3106 2891 3308 2930 meum.

2067 2968 2154 3022 55.
2186 2967 2350 3023 Multa
2381 2968 2655 3021 tribulatio
2683 2968 2855 3020 tenuit
2877 2982 2982 3029 me,
3008 2983 3130 3021 cum
3159 2968 3403 3022 videbam
3436 2984 3560 3038 pec-

1993 3064 2206 3110 catores
2232 3063 2636 3109 contemnentes
2670 3056 2814 3126 lvges
2848 3065 2989 3110 tuas.

2067 3144 2156 3198 δι.
2193 3145 2416 3213 Semper
2445 3145 2504 3198 in
2525 3145 3006 3214 justiﬁeationibus
3051 3147 3157 3202 tuis
3196 3149 3504 3205 delectabar
3535 3191 3552 3214 ,

2001 3236 2197 3306 ubique
2226 3244 2490 3290 terrarum
2517 3237 2811 3290 exsistens.

2069 3327 2160 3381 55.
2199 3325 2653 3396 Subingrediente
2702 3327 2755 3380 in
2811 3342 2897 3380 me
2939 3311 3181 3397 peccato,
3241 3331 3561 3386 recordatus

1997 3431 2138 3480 sum,
2165 3417 2306 3486 quod
2337 3416 2477 3472 Deus
2511 3433 2662 3471 naeus
2683 3433 2762 3478 es,
2789 3428 2844 3471 et
2869 3417 3050 3472 abstiti
3075 3420 3143 3472 ab
3167 3433 3253 3478 eo.
3281 3420 3383 3474 hoc
3408 3422 3556 3475 enim

1997 3510 2295 3578 praecepisti
2322 3509 2474 3564 IIIIIII.

2067 3601 2154 3656 56.
2194 3599 2307 3655 Hoc
2342 3602 2474 3655 mihi
2519 3601 2724 3657 auxilio
2779 3601 2898 3666 fuit,
2959 3603 3103 3672 quod
3130 3604 3550 3672 iustiﬁcationes

1998 3699 2118 3744 tuas
2147 3692 2448 3746 desideravi
2475 3694 2667 3761 magis,
2704 3709 2864 3759 quam
2896 3705 3196 3763 peccatum.

2067 3782 2153 3836 57.
2193 3782 2272 3836 Tu
2301 3798 2360 3836 es
2392 3783 2498 3834 vita
2529 3797 2674 3846 mea,
2707 3781 2963 3837 Domine:
2991 3783 3245 3852 proposui
3275 3784 3421 3838 enim
3452 3785 3558 3838 im-

1996 3874 2142 3943 plere
2171 3874 2340 3943 legem
2370 3883 2538 3926 tuam.

2067 3965 2155 4020 58.
2189 3965 2518 4034 Depreratus
2543 3981 2686 4029 sum,
2711 3973 2770 4018 ut
2791 3964 2997 4019 veniret
3022 3966 3192 4035 gratia
3219 3974 3330 4028 tua,
3357 3966 3412 4019 in
3436 3975 3565 4023 toto»

1994 4061 2160 4112 corde
2197 4072 2339 4122 meo,
2364 4057 2620 4111 miserere
2663 4057 2790 4119 mei,
2822 4065 2876 4109 et
2907 4057 3061 4111 mitte
3113 4073 3255 4119 eam,
3294 4060 3550 4128 quemad-

1993 4150 2212 4204 modum
2247 4149 2466 4204 dixisti:
2494 4147 2684 4211 Petite,
2717 4158 2767 4200 et
2787 4147 3003 4200 dabitur
3030 4148 3174 4202 vobis
3202 4150 3270 4203 ".

2065 4241 2158 4296 59.
2195 4239 2530 4295 Recordatus
2560 4255 2704 4306 sum,
2737 4241 2882 4309 quod
2931 4240 2984 4293 in
3039 4241 3273 4310 peccatis
3305 4241 3552 4308 ambulo,

1993 4343 2047 4388 et
2070 4333 2339 4402 ptenitens
2363 4332 2582 4401 confugi
2613 4333 2676 4386 ad
2711 4333 2994 4402 passiones
3025 4340 3162 4387 tuas.

2063 4422 2151 4477 60.
2187 4421 2368 4493 Usque
2393 4424 2458 4476 ad
2491 4431 2718 4476 mortem
2766 4424 3058 4492 praeparari
3101 4423 3336 4478 animam
3373 4440 3552 4478 meam

336 4520 548 4592 θέλημά
571 4539 685 4584 σου,
714 4525 806 4576 καὶ
831 4524 928 4576 ούκ
952 4519 1018 4594 ἦν
1051 4540 1140 4594 μοι
1167 4524 1422 4596 δυσχερὲς
1445 4524 1502 4576 τὸ
1532 4523 1769 4595 πληροῦν
1791 4524 1890 4588 τὰς

2002 4522 2046 4575 in
2080 4522 2408 4578 voluntatem
2441 4529 2609 4584 tuam,
2637 4533 2690 4575 et
2710 4535 2816 4575 non
2855 4529 2970 4575 erat
3003 4520 3132 4574 mihi
3185 4521 3398 4576 dillieile
3447 4523 3556 4576 im-

333 4611 553 4676 ἐντολάς
587 4631 702 4668 σου.

405 4704 494 4762 61.
541 4705 803 4776 Λογισμοὶ
843 4705 951 4760 τῶν
989 4707 1242 4761 ἐναντίων
1269 4706 1550 4776 δυνάμεων
1584 4709 1660 4771 εἰς
1708 4706 1894 4761 ἐπιθυ-

336 4796 466 4868 μίας
499 4796 884 4868 ύπεισήρχοντό
905 4815 991 4867 μοι
1012 4815 1024 4827 ·
1049 4798 1413 4869 ἐμνημόνευον
1435 4797 1562 4869 γὰρ,
1585 4798 1666 4850 ὅτι
1692 4799 1738 4849 οἱ
1763 4813 1893 4868 πορ-

331 4891 618 4955 νεύσαντες
643 4893 700 4943 ὲν
731 4893 841 4954 τοῖς
869 4892 1266 4961 κατακλυσμοῖς
1288 4889 1579 4954 ἀπώλοντο,
1607 4891 1697 4943 καὶ
1720 4892 1768 4944 οί
1794 4891 1890 4943 Σο-

328 4984 546 5052 δομῖται
573 4983 910 5055 ἐθραύθησαν
939 4981 1413 5055 [συνεκαύθησαν].

402 5072 490 5127 62.
513 5075 677 5127 Ὅταν
722 5073 919 5136 πάντες
964 5071 1113 5143 ὕπνῳ
1154 5074 1479 5144 κατείχοντο,
1515 5071 1624 5141 ἐγὼ
1650 5072 1891 5143 νηφούσῃ

328 5165 397 5234 τῇ
431 5164 632 5236 διανοίᾳ
658 5163 1055 5235 παριστάμενος
1084 5163 1366 5233 ἐλάτρευόν
1410 5180 1493 5216 σοι
1538 5164 1596 5217 ἐν
1636 5162 1889 5232 ψαλμοῖς,

329 5255 426 5309 καὶ
451 5253 659 5324 ὕμνοις,
689 5256 782 5308 καὶ
808 5255 970 5324 ᾠδαῖς
1006 5256 1418 5324 πνευματικαῖς.

402 5343 489 5398 65.
510 5344 677 5414 ὐρῶν
692 5344 1036 5398 ἕκαστοντῶν
1055 5343 1484 5414 εὑαρεστούντων
1504 5363 1604 5408 σοι,
1628 5345 1884 5416 σημειοῦ-

333 5447 457 5502 μαι,
498 5431 614 5494 πῶς
641 5433 864 5496 ἕκαστος
889 5431 1065 5485 αὐτῶν
1097 5430 1455 5497 πολιτεύεται,
1493 5435 1587 5486 καὶ
1618 5434 1710 5502 ἀφ’
1760 5435 1886 5486 ἐκά-

331 5539 460 5575 mou
497 5521 681 5594 κρατῶ
727 5525 854 5592 παρ’
882 5521 1120 5594 ἐμαυτῷ,
1166 5519 1396 5575 ἐκτελῶν
1443 5523 1574 5576 αὐτὸ
1621 5523 1694 5584 ὡς
1746 5523 1886 5575 ἐκεῖ-

330 5631 440 5677 νος.

399 5730 443 5760 ⁶⁹
472 5725 660 5790 Matth.
687 5742 784 5792 vn,
814 5727 845 5779 7

1991 4615 2136 4684 plere
2167 4622 2426 4683 praecepta
2459 4622 2568 4666 tua.

2060 4705 2149 4759 6i.
2180 4703 2564 4775 Suggestiones
2584 4702 2981 4757 contrariarum
3012 4711 3337 4770 potestatum
3364 4703 3427 4756 ad
3451 4719 3550 4756 cx-

1989 4797 2241 4851 citantlas
2290 4798 2611 4866 cupiditates
2647 4795 2701 4848 in
2739 4809 2826 4847 me
2857 4794 3221 4858 subingressaz
3254 4802 3423 4846 sunt:
3462 4810 3546 4846 re-

1989 4888 2240 4941 cordatus
2263 4897 2441 4942 autem
2468 4903 2612 4953 sum,
2647 4885 2791 4957 quod
2827 4885 3197 4938 adulterantes
3239 4885 3291 4937 in
3338 4884 3555 4938 dilnvuo

1991 4980 2287 5050 perierunt.
2327 4989 2378 5033 et
2409 4977 2702 5033 Sodomita:
2734 4976 3064 5031 concremati
3094 4985 3236 5030 sunt.

2055 5072 2143 5126 62.
2169 5071 2303 5126 Cum
2333 5088 2524 5126 omnes
2569 5086 2760 5126 somno
2813 5069 3230 5130 detinebantur,
3267 5083 3360 5136 ego
3391 5067 3549 5136 vigili:

1987 5173 2164 5220 mentc
2197 5174 2383 5218 astans
2415 5165 2714 5218 serviebam
2765 5163 2859 5216 tibi
2893 5162 2946 5215 in
2976 5161 3219 5230 psalmis,
3251 5171 3303 5213 et
3327 5159 3552 5230 hymnis

1985 5264 2040 5309 et
2063 5255 2288 5308 canticis
2313 5255 2709 5322 spiritualibus.

2061 5345 2147 5398 b5.
2177 5344 2436 5413 Spectans
2458 5345 2716 5414 singulos,
2753 5347 2844 5414 qui
2888 5346 3097 5414 placent
3128 5342 3221 5395 tibi
3241 5382 3256 5406 ,
3287 5339 3545 5400 observo.

1990 5435 2262 5504 quomodo
2292 5434 2519 5504 quisque
2547 5451 2737 5489 eorum
2763 5438 2925 5489 vitam
2975 5433 3224 5492 instituit,
3257 5442 3312 5486 et
3357 5445 3387 5484 a
3426 5429 3542 5483 sin-

1990 5524 2128 5592 gulis
2152 5524 2354 5594 aliquid
2381 5509 2649 5593 accipiens
2676 5533 2831 5578 teneo
2877 5522 3018 5593 apud
3068 5538 3154 5577 me
3192 5522 3390 5591 ipsum,
3417 5533 3543 5590 per-

1989 5629 2153 5679 agens
2182 5613 2282 5668 hoc
2307 5614 2503 5684 ipsum,
2529 5615 2668 5669 sicut
2699 5614 2806 5668 ille.
