4004 6212
503 336 636 390 “87

1338 336 1394 390 S.
1435 328 1800 389 ATHANASII
1837 335 1988 391 OPP.
2028 337 2206 394 PARS
2249 339 2332 394 lll.
2378 371 2446 379 —
2482 340 2898 398 EXEGETICA.

3581 339 3718 394 H88

569 457 658 511 64.
695 454 1058 510 Misericordia
1091 462 1204 517 tua,
1241 453 1490 518 Domine,
1525 455 1682 524 plena
1727 463 1810 510 est
1859 465 2000 511 terra
2033 497 2048 521 ,
2083 465 2108 516 Α

2221 457 2304 511 61.
2335 458 2439 511 Τοῦ
2463 458 2642 522 ἐλέους
2672 476 2782 521 σου,
2803 459 2992 531 Κύριε,
3017 459 3227 530 πλήρης
3245 462 3279 528 ἡ
3303 459 3395 528 γῆ,
3416 458 3483 512 τὰ
3503 458 3720 512 δικαιὼ-

495 547 910 617 justiiicationes
937 555 1058 598 tuas
1088 543 1222 598 doce
1250 559 1356 598 me.

572 638 660 692 65.
693 636 997 690 Bonitatem
1045 634 1216 689 fecisti
1267 651 1390 690 cum
1450 650 1606 690 servo
1645 648 1773 702 tuo,
1811 637 2057 703 Domine,

499 731 798 785 secundum
836 728 1055 781 verbum
1095 736 1270 780 tuum.

569 822 656 875 66.
689 819 1010 882 Bonitatem,
1045 827 1098 871 et
1131 818 1494 888 disciplinam,
1523 828 1576 872 et
1599 819 1882 874 scientiam
1919 821 2053 876 doce

500 931 605 973 me.
637 914 761 981 quia
793 912 1060 966 mandatis
1101 911 1207 965 tuis
1236 912 1462 965 credidi.

567 1006 656 1059 67.
694 1004 1020 1073 Priusquam
1048 1005 1362 1058 humiliarer
1389 1021 1488 1074 ego
1517 1005 1738 1075 deliqui,
1767 1013 2050 1077 propterea

500 1097 774 1166 eloquium
800 1106 952 1150 tuum
977 1098 1265 1152 custodivi.

566 1185 656 1241 68.
685 1186 868 1242 Bonus
890 1200 947 1242 es
968 1198 1047 1250 tu,
1072 1196 1128 1242 et
1154 1189 1207 1242 in
1235 1190 1474 1244 bonitate
1497 1197 1587 1244 tua
1621 1189 1754 1245 doce
1777 1205 1863 1244 me
1891 1190 2056 1258 justi—

498 1279 776 1332 ticationes
807 1287 946 1333 luas.

565 1369 655 1424 69.
689 1368 1040 1438 Multiplicata
1069 1380 1152 1426 est
1178 1387 1341 1441 super
1383 1385 1469 1426 me
1497 1371 1756 1441 iniquitas
1788 1373 2052 1443 superbo-

499 1475 651 1514 rum:
687 1476 787 1529 ego
823 1470 1003 1515 autem
1029 1465 1081 1516 in
1109 1471 1221 1516 toto
1251 1463 1413 1516 corde
1437 1477 1557 1517 meo
1585 1463 1872 1518 scrutabor
1901 1478 2054 1516 man-

497 1551 620 1604 data
656 1559 768 1604 tua.

569 1641 653 1696 70.
689 1643 1044 1712 Coagulatum
1089 1653 1174 1698 est
1217 1645 1362 1700 sicut
1408 1647 1494 1700 lac
1547 1662 1640 1701 cor
1686 1661 1875 1702 eorum
1907 1665 1921 1702 :
1951 1661 2052 1718 ego

499 1747 625 1785 vero
653 1733 821 1802 legem
855 1744 1000 1788 tuam
1032 1737 1319 1791 meditatus
1348 1751 1491 1790 sum.

2166 549 2310 618 ματὰ
2339 567 2431 602 σου
2455 549 2661 615 δίδαξόν
2691 569 2778 621 με.

2229 640 2315 692 65.
2355 641 2708 712 Χρηστότητα
2754 641 3010 712 ἐποίησας
3062 640 3196 711 μετά
3238 641 3332 693 τοῦ
3378 641 3562 694 δούλου
3600 658 3718 706 σω,

2158 731 2347 801 Κύριε,
2382 731 2524 785 κατὰ
2553 733 2643 784 τὸν
2669 731 2824 800 λόγον
2856 749 2968 784 σου.

2226 823 2312 876 66.
2345 823 2720 894 Χρηστότητα,
2751 823 2843 876 καὶ
2865 822 3126 889 παιδείαν,
3153 823 3247 875 καὶ
3277 824 3479 890 γνῶσιν
3510 823 3718 888 δίδαξόν

2159 931 2249 984 με,
2280 916 2359 967 ὅτι
2383 918 2500 978 ταῖς
2532 915 2770 979 ἐντολαῖς
2797 933 2888 969 σου
2918 915 3229 968 ἐπίστευσα.

2226 1006 2312 1060 67.
2344 1008 2456 1078 Πρὸ
2481 1007 2573 1060 τοῦ
2607 1025 2674 1078 με
2708 1007 3102 1077 ταπεινωθῆναι
3144 1005 3252 1075 ἐγὼ
3297 1005 3711 1075 ὲπλημμέλησα,

2155 1094 2241 1147 διὰ
2270 1094 2424 1147 τοῦτο
2449 1094 2508 1147 τὸ
2543 1095 2721 1164 λόγιόν
2757 1113 2848 1148 σου
2883 1095 3142 1164 ἐφύλαξα.

2226 1186 2313 1240 68.
2343 1187 2587 1258 Χρηστδς
2616 1161 2687 1240 ἐί
2729 1191 2816 1252 σὺ,
2848 1161 3039 1259 Κύριε,
3070 1188 3163 1240 καὶ
3203 1189 3261 1239 ὲν
3290 1190 3354 1258 τῇ
3390 1161 3716 1258 χρηστότητί

2156 1294 2250 1331 σου
2278 1278 2484 1343 δίδαξόν
2513 1296 2579 1349 με
2611 1279 2679 1333 τὰ
2711 1278 3051 1348 δικαιώματά
3075 1295 3190 1331 σου.

2225 1369 2312 1423 69.
2339 1341 2675 1441 Ἐπληθύνθη
2706 1371 2790 1422 ἐπ’
2821 1341 2920 1438 ἐμὲ.
2960 1369 3140 1422 ἀδικία
3171 1369 3531 1440 ὑπερηφάνων
3552 1386 3565 1398 ·
3605 1341 3720 1435 ἐγέί

2153 1460 2210 1514 δὲ
2235 1463 2291 1513 ὲν
2323 1461 2416 1532 ὅλῃ
2451 1461 2642 1534 καρδία
2674 1479 2773 1532 μου
2803 1462 3135 1532 ὲξερευνήσω
3160 1461 3257 1524 τὰς
3281 1462 3494 1524 ἐντολάς
3526 1477 3642 1515 σου.

2225 1640 2310 1694 70.
2333 1641 2609 1712 Ἐτυρώθη
2633 1642 2707 1704 ὡς
2741 1641 2881 1710 γάλα
2910 1643 2944 1712 ἡ
2968 1641 3161 1712 καρδία
3186 1640 3387 1694 αὐτῶν·
3417 1639 3528 1707 ἐγὼ
3545 1639 3600 1691 δὲ
3622 1648 3714 1690 τοιί

2153 1732 2316 1802 νόμον
2345 1749 2435 1785 σου
2467 1733 2788 1803 ὲμελέτησα.

569 1820 654 1873 71.
693 1820 899 1875 Bonum
927 1824 1080 1889 mihi,
1110 1826 1235 1893 quia
1262 1826 1558 1881 humiliasti
1585 1835 1689 1892 mc,
1734 1838 1792 1882 ut
1843 1828 2049 1902 discam
2087 1819 2108 1872 Ῑ

2225 1825 2308 1877 71.
2331 1825 2555 1892 Ἀγαθόν
2589 1842 2698 1896 μοι,
2729 1825 2810 1878 ὅτι
2835 1823 3200 1887 ἑταπείνωσὰς
3229 1841 3316 1893 με,
3343 1824 3486 1885 ὅπως
3518 1821 3582 1874 ἂν
3609 1823 3712 1891 μά-

499 1913 910 1980 iustiﬁcationes
935 1922 1078 1969 tuas.

569 2004 654 2058 72.
689 2005 898 2060 Bonum
925 2007 1055 2060 mihi
1084 2009 1168 2062 lex
1194 2010 1304 2064 oris
1337 2011 1436 2074 tui,
1468 2024 1630 2078 super
1671 2011 1836 2064 millia
1870 2012 1988 2065 auri
2006 2020 2058 2066 et

499 2095 728 2162 argenti.

571 2183 666 2236 75..
681 2183 873 2240 Manus
909 2194 1014 2240 tua:
1044 2185 1290 2242 fecerunt
1315 2203 1420 2250 mc,
1447 2197 1500 2242 et
1521 2189 1924 2258 plasmavcrunt
1949 2205 2054 2257 me,

496 2271 562 2324 da
599 2274 730 2327 mihi
756 2276 1103 2341 intellectum,
1133 2287 1185 2332 et
1213 2279 1418 2334 discam
1449 2282 1695 2335 mandata
1732 2291 1844 2335 tua.

571 2364 657 2418 74.
697 2366 799 2433 Qui
852 2370 1038 2424 timent
1060 2379 1112 2424 te
1140 2371 1394 2425 videbunt
1444 2384 1550 2438 me,
1589 2383 1644 2428 et
1676 2375 2043 2429 laetabuntur:

496 2456 624 2525 quia
657 2457 712 2511 in
741 2459 902 2513 verba
933 2468 1024 2514 tua
1053 2465 1456 2532 supersperavi.

2157 1915 2233 1967 θω
2263 1915 2328 1968 τὰ
2351 1915 2697 1986 δικαιώματά
2733 1932 2848 1970 σου.

2227 2006 2313 2060 72.
2337 2006 2562 2072 Ἀγαθός
2596 2024 2684 2076 μοι
2706 2007 2734 2059 ό
2759 2007 2920 2078 νόμος
2946 2005 3035 2060 τοῦ
3068 2006 3328 2077 στόματός
3351 2022 3442 2057 σου
3474 2004 3616 2074 ὑπὲρ
3639 2023 3713 2074 χιι

2154 2098 2336 2160 λιὰδας
2365 2099 2587 2169 χρυσίου
2621 2099 2714 2152 καὶ
2734 2099 3019 2168 ἀργυρίου.

2223 2187 2312 2241 75.
2344 2189 2406 2240 Αἱ
2430 2188 2607 2259 χεῖρές
2641 2205 2733 2240 σου
2757 2187 3016 2259 ἐποίησάν
3050 2204 3150 2257 με,
3191 2187 3286 2240 καὶ
3328 2184 3571 2238 ἔπλασαν
3619 2199 3709 2252 με,

2151 2280 2422 2332 συνέτισόν
2457 2297 2544 2351 με,
2576 2281 2668 2334 καὶ
2705 2279 3015 2350 μαθήσομαι
3039 2279 3138 2342 τὰς
3171 2278 3389 2340 ἐντολάς
3414 2294 3530 2330 σου.

2233 2371 2316 2424 74.
2350 2374 2411 2424 Οἱ
2446 2371 2767 2441 φοϐούμενοί
2793 2389 2852 2424 σε
2877 2371 3092 2441 δψονταί
3137 2387 3233 2441 με,
3272 2370 3365 2422 καὶ
3400 2365 3711 2438 εὐφρανθή-

2159 2472 2358 2528 σονται,
2393 2465 2473 2516 ὅτι
2507 2466 2584 2526 είς
2600 2465 2725 2527 τοὺς
2747 2463 2938 2531 λόγους
2973 2480 3064 2516 σου
3090 2462 3382 2534 ὲπήλπισα.

1621 2575 1990 2632 ATHANASll
2027 2573 2601 2632 INTERPRETATIO.

569 2681 657 2738 64.
687 2679 804 2736 Non
830 2693 912 2738 est
945 2685 1127 2752 homo,
1164 2687 1320 2756 cu’jus
1353 2703 1460 2742 non
1509 2689 1838 2754 miserearis,
1893 2699 2056 2760 atque

496 2772 659 2826 etiam
690 2773 795 2827 mei
823 2774 1185 2843 misereberis,
1210 2786 1264 2830 et
1284 2779 1504 2833 docebis
1521 2796 1607 2835 me
1632 2781 2053 2851 iustiﬁcationes

499 2873 638 2918 tuas.

568 2955 657 3010 65.
689 2955 914 3013 Omnem
950 2969 1096 3014 tuam
1130 2961 1424 3018 bonitatem
1457 2965 1748 3035 implevisti
1802 2967 1858 3024 in
1914 2979 2000 3026 me
2035 3011 2050 3036 ,

500 3049 948 3116 quemadmodum
974 3053 1102 3106 mihi
1129 3056 1444 3124 promisisti.

566 3137 652 3192 66.
692 3140 1042 3207 Charitatem,
1068 3155 1120 3199 et
1149 3146 1520 3212 humilitatem,
1544 3157 1598 3204 et
1624 3148 1876 3207 virtutem
1901 3152 2053 3208 Scri-

499 3237 776 3298 pturarum
811 3243 1024 3288 tuarum
1049 3236 1188 3290 scire
1220 3253 1305 3292 me
1332 3254 1428 3308 per
1465 3241 1692 3308 gratiam
1731 3252 1877 3295 tuam
1917 3259 2051 3298 cou-

2220 2691 2308 2744 64.
2343 2691 2457 2742 Οὐκ
2484 2689 2628 2742 ἔστιν
2652 2689 2953 2760 ἄνθρωπος,
2974 2687 3031 2740 ὃν
3059 2687 3159 2739 ούκ
3185 2686 3370 2749 ἐλεεῖς,
3391 2683 3538 2755 κάμὲ
3557 2684 3711 2755 ἑλεήὲ

2152 2800 2281 2846 σεις,
2317 2784 2410 2835 καὶ
2439 2780 2668 2846 διδάξεις
2697 2797 2764 2852 με
2789 2779 2857 2833 τὰ
2878 2777 3219 2848 δικαιώματά
3245 2794 3356 2830 σου.

2218 2959 2306 3015 65.
2333 2960 2517 3014 Πᾶσαν
2538 2957 2636 3030 τὴν
2657 2957 3008 3029 ἁγαθωσύνην
3031 2975 3124 3010 σου
3143 2957 3469 3029 ἐπλήρωσας
3484 2933 3566 3020 είς
3587 2929 3713 3028 ἐμὲ,

2150 3052 2329 3116 καθὼς
2362 3052 2671 3124 ὲπηγγείλω
2699 3065 2806 3122 μοι.

2219 3145 2308 3200 66.
2330 3144 2596 3216 ’Δγάπην,
2625 3144 2720 3199 καὶ
2744 3143 3086 3206 ταπείνωσιν,
3113 3144 3204 3195 καὶ
3233 3141 3329 3212 τὴν
3354 3142 3585 3212 δύναμιν
3603 3142 3710 3195 τῶν

2148 3237 2378 3307 Γραφῶν
2412 3255 2504 3290 σου
2533 3236 2728 3289 ειδέναι
2767 3252 2833 3306 με
2865 3235 2951 3288 διὰ
2977 3235 3072 3306 τῆς
3099 3235 3312 3304 χάριτός
3344 3251 3438 3288 σου
3468 3232 3710 3306 δὼρησαί

498 3322 626 3375 cede
655 3323 808 3385 mihi,
837 3325 966 3392 quia
991 3327 1193 3380 credidi
1234 3330 1378 3397 quod
1417 3339 1500 3383 est
1553 3332 1842 3388 retributio
1886 3335 2053 3402 justis

2153 3347 2262 3400 μοι,
2306 3331 2386 3382 ὅτι
2431 3329 2743 3391 ἐπίστευσα,
2776 3328 2857 3381 ὅτι
2903 3327 3047 3380 ἔστιν
3095 3319 3444 3390 ἀνταπόδοσις
3486 3327 3709 3380 δικαίων

496 3421 658 3477 atque
691 3411 763 3479 inj
773 3413 929 3466 ustis.

2151 3421 2244 3474 καὶ
2274 3419 2493 3474 ἀδίκων.

565 3501 651 3553 67.
687 3502 1005 3572 Priusquam
1055 3505 1352 3574 subjicerer
1397 3507 1491 3560 tibi
1525 3550 1540 3574 ,
1574 3524 1674 3579 ego
1715 3510 1768 3564 in
1803 3519 1852 3566 te
1880 3513 2047 3568 multa
2077 3493 2108 3548 ί

2219 3512 2307 3566 67.
2333 3511 2443 3582 Πρὸ
2477 3509 2571 3563 τοῦ
2618 3527 2684 3580 με
2714 3508 3047 3580 ὑπαταγῆναί
3073 3525 3173 3572 σοι,
3202 3507 3310 3575 ἐγὼ
3353 3508 3432 3570 εἰς
3459 3485 3518 3560 σε
3541 3507 3709 3561 πολλὰ

497 3594 732 3659 peccavi,
759 3603 1036 3663 pr0pterea
1085 3612 1248 3664 nunc,
1278 3600 1424 3667 quod
1447 3601 1755 3671 praecepisti
1774 3603 1929 3667 mihi,
1955 3620 2050 3659 cu-

497 3684 709 3738 stodivi.

495 3812 501 3818 ι
561 3774 649 3829 68.
678 3775 858 3831 Bonus
883 3792 966 3842 es,
999 3777 1240 3842 Domine,
1258 3791 1311 3834 et
1337 3781 1391 3834 in
1419 3781 1622 3851 Spiritu
1649 3791 1744 3836 tuo
1774 3783 1918 3839 bono
1947 3784 2048 3839 ἀοι

495 3881 554 3919 ce
579 3883 663 3921 me
678 3868 1092 3936 justiﬁcationes
1137 3881 1256 3926 tuas
1284 3882 1337 3926 et
1367 3888 1692 3944 cognoscere
1716 3885 1770 3928 et
1802 3875 1999 3931 facere.

562 4049 648 4106 69.
677 4051 964 4110 Multitudo
987 4055 1340 4124 cupiditatum
1395 4067 1448 4110 et
1495 4058 1883 4127 cogitationum
1931 4057 2048 4112 dia-

493 4138 785 4193 bolicarum
820 4142 980 4194 irruit
1005 4143 1058 4195 in
1086 4158 1200 4196 me:
1231 4159 1332 4212 ego
1354 4153 1532 4198 autem
1565 4160 1907 4214 nequaquam
1939 4154 2048 4199 tra-

492 4227 598 4280 didi
632 4227 682 4280 in
709 4229 852 4297 ipsas
875 4245 969 4284 cor
996 4246 1198 4296 meum,
1229 4248 1355 4288 nam
1398 4243 1630 4289 mentem
1672 4251 1845 4289 meam
1881 4236 2045 4290 habe-

492 4320 612 4371 ham
645 4319 696 4372 in
721 4323 1001 4390 praeceptis
1028 4325 1157 4380 tuis.

562 4409 646 4462 70.
675 4410 1009 4466 Obduratum
1035 4423 1116 4470 est
1145 4431 1240 4471 cor
1266 4431 1478 4481 eorum,
1515 4433 1616 4488 ego
1663 4429 1847 4474 autem
1891 4435 2044 4474 men-

491 4510 592 4554 tem
622 4516 796 4556 meam
823 4503 876 4557 in
904 4505 1094 4559 timore
1125 4515 1217 4560 tuo
1246 4507 1444 4562 habeo.

557 4593 642 4646 71.
669 4591 876 4647 Bonum
904 4595 1058 4660 mihi,
1092 4596 1236 4666 quod
1279 4595 1684 4652 mansuefecisti
1711 4613 1808 4653 cor
1837 4615 2043 4664 meum,-

489 4694 547 4738 ut
573 4684 837 4753 excipiam
867 4688 1094 4755 gratiam
1123 4699 1292 4742 tuam.

2149 3605 2414 3675 ἥμαρτον,
2436 3602 2523 3656 διὰ
2546 3601 2702 3655 τοῦτο
2723 3601 2816 3654 νῦν
2845 3603 2979 3672 ὅπερ
3008 3599 3253 3653 ἐνετείλω
3282 3617 3395 3670 μοι,
3411 3598 3669 3668 ἐφύλαξα.

2218 3779 2307 3834 68.
2327 3779 2553 3847 Ἀγαθὺς
2581 3760 2652 3839 εί,
2687 3778 2878 3850 Κῢριε,
2907 3777 3000 3830 καὶ
3025 3779 3081 3830 ὲν
3108 3777 3183 3847 τῷ
3205 3776 3481 3848 Πνεύματί
3510 3793 3604 3830 σου
3629 3771 3709 3845 τῷ

2149 3870 2336 3942 ἀγαθῷ
2367 3853 2571 3936 δίδαξόν
2605 3886 2672 3940 με
2696 3870 2763 3922 τὰ
2785 3867 3123 3940 δικαιώματά
3145 3885 3260 3935 σου,
3282 3870 3374 3922 καὶ
3393 3867 3701 3936 γινώσκειν,

2149 3965 2242 4018 καὶ
2275 3967 2465 4018 ποιεῖν.

2215 4055 2304 4109 69.
2339 4038 2544 4126 Πλῆθος
2572 4051 2870 4122 ἐπιθυμιῶν
2895 4051 2988 4104 καὶ
3019 4050 3361 4121 ἐνθυμήσεων
3383 4047 3706 4103 διαδολικῶν

2147 4147 2347 4216 ἐπέστη
2381 4163 2470 4217 μοι
2488 4159 2502 4174 ⁶
2528 4141 2638 4212 ἐγὼ
2663 4143 2720 4196 δὲ
2750 4142 2870 4195 οὐδὲ
2893 4141 3026 4204 ὅλως
3054 4140 3291 4207 ἐξέδωκα
3319 4142 3401 4216 εἰς
3439 4140 3580 4193 αὐτὰ
3604 4139 3700 4207 τῆν

2145 4239 2370 4309 καρδίαν
2416 4254 2514 4308 μου
2538 4253 2553 4266 ο
2587 4236 2686 4306 τὴν
2731 4235 2838 4306 γὰρ
2868 4233 3102 4288 διάνοιάν
3150 4250 3250 4304 μου
3286 4226 3428 4300 εἶχον
3473 4233 3556 4293 εἰς
3603 4247 3694 4291 τα,

2146 4329 2362 4392 ἐντολάς
2392 4345 2505 4382 σου.
3312 4399 3316 4406 ’

2217 4421 2302 4476 70.
2327 4419 2686 4489 Ἐσκλήρυται
2711 4417 2744 4487 ἡ
2771 4416 2965 4487 καρδία
2997 4414 3193 4476 αὐτῶν,
3222 4409 3329 4483 ἐγὼ
3361 4409 3418 4466 δὲ
3457 4414 3556 4484 τὴν
3587 4405 3694 4466 διά-

2144 4511 2288 4564 νοιάν
2324 4526 2423 4581 μου
2447 4511 2525 4572 εἰς
2558 4507 2648 4561 τὸν
2683 4507 2845 4575 φόϐον
2877 4522 2970 4558 σου
3006 4505 3132 4575 ἐχω.

2215 4603 2300 4655 71.
2326 4600 2553 4670 Ἀγαθόν
2594 4617 2704 4670 μοι,
2739 4600 2821 4652 ὃτι
2858 4599 3130 4668 ὲπρὰὓνας
3168 4597 3267 4665 τὴν
3315 4596 3538 4669 καρδίαν
3571 4593 3686 4664 μου,

2143 4695 2286 4756 ὅπως
2310 4693 2374 4746 ἂν
2399 4691 2634 4763 δέξωμαι
2657 4691 2757 4763 τὴν
2783 4689 2943 4762 χάριν
2968 4706 3084 4741 σου.

559 4775 643 4829 72.
677 4775 992 4870 Βοηιειιιίίιὶ
1022 4789 1147 4833 sunt
1169 4779 1389 4842 divitia,
1420 4795 1558 4849 quas
1585 4780 1776 4835 dedisti
1801 4774 1933 4835 mibi
1959 4781 2040 4835 di-
2076 4819 2108 4870 υ

2215 4784 2298 4838 72.
2325 4780 2550 4852 Ἀγαθός
2595 4799 2686 4854 μοι
2729 4783 2759 4835 ό
2806 4780 3030 4843 πλοῦτος
3053 4780 3111 4831 ὃν
3135 4769 3336 4842 ἔδωκάς
3372 4795 3460 4848 μοι
3489 4777 3684 4870 λέγων’

488 4881 614 4921 cens
637 4869 900 4936 :Accipite
920 4867 1174 4937 Spiritum
1197 4880 1437 4925 sanctum
1454 4873 1626 4942 “,qui
1655 4888 1819 4942 super
1848 4888 2039 4927 omnes
2077 4861 2108 4870 ν

2145 4875 2358 4930 Λάϐετε
2385 4875 2623 4944 Πνεῦμα
2653 4873 2820 4941 ἅγιον
2848 4873 2984 4942 ὑπὲρ
3018 4873 3190 4925 πάντα
3225 4870 3471 4932 πλοῦτον,
3506 4861 3565 4921 ὃν
3599 4869 3682 4920 ἐὰν

488 4957 700 5012 divitias
711 4968 812 5021 est,
828 4975 965 5028 quas
978 4961 1242 5032 quispiam
1265 4978 1504 5032 unquam
1522 4964 1700 5018 animo
1714 4963 2042 5032 conceperit.-

558 5049 642 5101 75.
680 5049 760 5102 Tu
789 5052 857 5104 ab
882 5050 1056 5115 initio,
1083 5069 1204 5107 cum
1238 5070 1338 5125 ego
1367 5055 1540 5108 lutqu
1574 5069 1773 5117 essem,
1800 5063 1854 5108 et
1877 5065 2042 5119 terra,

486 5139 728 5193 formasti
761 5158 843 5196 me
872 5145 1163 5198 secundum
1188 5154 1332 5200 tuam
1369 5147 1688 5216 imaginem,
1742 5155 1796 5200 et
1844 5147 2043 5200 simili-

484 5232 746 5298 tudinem,
776 5243 830 5288 et
856 5251 998 5289 nunc
1035 5247 1346 5304 corruptum
1379 5253 1476 5292 cor
1529 5253 1707 5292 meum
1739 5254 1767 5291 a
1811 5238 2042 5291 terrenis

485 5323 933 5392 concupiscentiis
961 5343 1154 5381 renova
1186 5329 1334 5393 illud,
1358 5338 1410 5382 et
1444 5327 1550 5394 fac,
1585 5344 1706 5382 cum
1734 5339 1824 5382 tua
1854 5329 2032 5397 imago

486 5415 572 5477 sit,
606 5425 664 5469 ut
693 5417 886 5472 habeat
913 5418 965 5471 in
1003 5435 1061 5473 se
1091 5421 1346 5489 inscripta
1381 5431 1644 5490 praecepta
1679 5431 1798 5474 tua.

553 5506 640 5560 74.
679 5507 860 5564 Sancti
911 5512 988 5564 tui
1021 5521 1074 5565 et
1123 5527 1311 5568 omnes
1359 5514 1534 5584 angeli
1567 5515 1642 5568 tui
1673 5512 2022 5568 exsultabunt

489 5594 723 5652 videntes
756 5602 896 5669 quod
931 5619 1015 5656 me
1045 5605 1312 5672 paenituit.

552 5704 596 5734 “
625 5704 777 5762 Joan.
809 5727 896 5767 xx.
923 5711 1008 5763 ‘20.

2140 4982 2222 5028 τις
2247 4964 2543 5034 ὲνθυμηθῇ.

2209 5056 2294 5108 75.
2327 5055 2396 5106 Σὺ
2420 5055 2478 5106 ὲν
2505 5039 2644 5124 ἀρχῇ
2679 5052 2847 5123 πηλὸν
2890 5053 3015 5105 ὅντα
3044 5069 3133 5122 με,
3163 5054 3258 5106 καὶ
3299 5053 3426 5122 γῆν,
3454 5053 3680 5113 ἔπλασας

2142 5148 2258 5198 κατ’
2289 5145 2470 5196 εἰκόνα
2507 5145 2604 5213 σὴν
2635 5145 2726 5196 καὶ
2751 5145 3024 5214 ὁμοίωσιν,
3052 5145 3146 5197 καὶ
3169 5144 3262 5197 νῦν
3283 5144 3578 5215 φθαρείσης
3595 5145 3679 5210 τῆς

2141 5236 2363 5306 καρδίας
2392 5251 2493 5304 μου
2528 5226 2631 5286 ὑπὸ
2655 5234 2760 5286 τῶν
2791 5235 2991 5304 γηίνων
3017 5234 3316 5305 ἐπιθυμιῶν
3342 5235 3675 5288 ἀνακαίνισον

2141 5327 2326 5396 αὐτὴν,
2355 5327 2447 5378 καὶ
2478 5325 2718 5396 ποίησον,
2746 5326 2820 5388 ὡς
2855 5326 2949 5396 σὴν
2980 5323 3142 5380 οὖσαν
3173 5328 3376 5394 εἰκόνα,
3408 5326 3505 5390 τὰς
3544 5329 3674 5378 ὲντοο

2141 5420 2236 5482 λὰς
2267 5420 2408 5490 ἔχειν
2443 5422 2498 5471 ὲν
2521 5419 2654 5490 αὐτῇ
2686 5418 3156 5488 ἐγγεγραμμένας.

2196 5510 2282 5564 74.
2317 5512 2379 5564 Οί
2406 5511 2548 5579 ἆγιοί
2586 5529 2678 5563 σου
2707 5510 2799 5562 καὶ
2843 5510 3039 5572 πάντες
3065 5513 3112 5562 οί
3137 5510 3354 5581 ἄγγελοί
3385 5526 3478 5564 σου
3523 5506 3674 5577 ἀγαλυ

2139 5601 2410 5654 λιάσονται
2434 5601 2688 5672 ὁρῶντες,
2716 5601 2793 5654 ὅτι
2814 5601 3127 5672 μετενόησα.
