4004 6212
321 283 454 340 M89

1160 277 1244 332 DE
1282 273 1557 331 TITULIS
1597 271 2048 327 PSALMORUM.
2093 303 2160 316 --
2199 271 2394 326 PSAL.
2435 269 2671 327 CXVIII.

3421 276 3560 330 “90

388 401 474 455 75.
513 399 740 468 Ἐγνων,
769 396 972 468 Κύριε,
1025 395 1107 448 δτι
1148 394 1459 464 δικαιοσύνη
1514 393 1581 446 τὰ
1627 391 1870 463 κρίμα-δά
1899 395 1945 451 Α

2042 389 2127 444 75.
2150 389 2412 460 Cognovi,
2446 388 2693 452 Domine,
2726 391 2856 457 quia
2887 387 3120 457 aequitas
3165 387 3370 457 judicia
3425 399 3547 457 tua,

319 510 432 553 σου,
461 490 555 544 καὶ
586 488 811 560 ἀληθείᾳ
834 486 1198 548 ἐταπείνωσάς
1235 503 1322 556 με.

387 584 474 639 76.
505 581 792 653 Γενηθήτω
815 580 878 649 δὴ
904 579 964 632 τὸ
994 579 1142 641 ἔλεός
1172 595 1264 630 σου
1298 578 1391 630 τοῦ
1415 577 1793 631 παρακαλέσαι
1815 597 1882 648 με

316 675 460 730 κατὰ
484 674 544 728 τὸ
571 673 749 741 λόγιόν
781 688 873 724 σου
911 669 988 740 τῷ
1014 667 1185 739 δούλῳ
1220 686 1335 721 σου.

387 767 475 820 77.
521 761 851 818 Ἐλθέτωσάν
891 778 981 832 μοι
1010 763 1058 813 οἱ
1100 758 1370 830 οἰκτιρμοί
1423 775 1516 811 σου
1541 799 1556 823 ,
1593 760 1685 814 καὶ
1727 761 1885 832 ζήσο-

322 874 441 929 μαι,
474 857 554 908 ὅτι
575 857 604 907 ὁ
627 854 790 922 νόμος
817 869 909 904 σου
944 851 1143 921 μελέτη
1177 868 1278 921 μου
1318 851 1485 905 ἐστίν.

392 948 479 1002 78.
510 945 958 1015 Δίσχυνθήτωσαν
981 944 1340 1013 ὑπερήφανοι,
1362 945 1442 996 ὅτι
1466 943 1665 1007 ἀδίκως
1683 945 1888 1015 ὴνόμη-

321 1056 419 1093 σαν
472 1040 550 1101 εἰς
595 1037 730 1107 ἐμὲ·
783 1034 894 1104 ἐγὼ
942 1034 998 1088 δέ
1052 1035 1395 1107 ἁδολεσχήσω
1419 1038 1475 1089 ἐν
1507 1040 1627 1099 ταῖς
1652 1037 1887 1101 ἐντολαῖς

322 1149 436 1184 σου.

392 1222 479 1276 79.
529 1218 1035 1292 Ἑπιστρεψάτωσάν
1073 1237 1139 1290 με
1173 1221 1222 1272 οί
1247 1219 1567 1291 φοϐούμενοί
1610 1238 1690 1283 σε,
1724 1222 1816 1275 καὶ
1841 1223 1892 1275 οἱ

325 1309 691 1380 γινώσκοντες
717 1308 784 1361 τὰ
815 1309 1091 1379 μαρτύριά
1121 1327 1237 1362 σου.

393 1400 482 1455 80.
518 1399 802 1470 Γενηθήτω
823 1403 855 1471 ή
884 1402 1075 1471 καρδία
1102 1420 1201 1472 μου
1222 1403 1449 1473 ἄμωμος
1475 1404 1532 1456 ἐν
1548 1407 1660 1468 τοῖς
1681 1405 1897 1459 δικαιώ-

327 1492 460 1564 μασί
487 1509 598 1550 σου.
623 1493 771 1555 ὅπως
806 1492 870 1545 ἂν
901 1493 972 1562 μὴ
1000 1493 1294 1563 αίσχυνθῶ.

395 1583 482 1638 81.
527 1583 796 1637 Ἐκλείπει
822 1586 902 1647 είς
936 1585 997 1638 τὸ
1021 1586 1285 1657 σωτήριόν
1317 1603 1409 1640 σου
1441 1588 1639 1660 ἡψυχὴ
1672 1605 1793 1661 μου,
1815 1591 1894 1654 είς

321 1678 452 1739 τοὺς
481 1677 670 1745 λόγους
705 1694 798 1729 σου
820 1677 1114 1748 ἐπήλπισα.

1986 491 2039 536 et
2068 481 2120 534 in
2155 481 2383 534 veritate
2415 488 2505 533 tua
2536 479 2838 532 humiliasti
2870 494 2977 533 me.

2059 571 2143 626 76.
2178 570 2297 626 Fiat
2323 570 2695 626 misericordia
2747 579 2839 625 tua
2887 581 2946 625 ut
2993 572 3309 627 consoletur
3351 588 3437 627 me
3462 589 3552 628 se-

1987 663 2225 717 cundum
2261 662 2540 731 eloquium
2577 671 2728 716 tuum
2759 678 2918 717 servo
2947 671 3063 717 tuo.

2061 755 2146 808 77.
2191 752 2422 808 Veniant
2450 753 2583 807 mihi
2634 754 3014 810 miserationes
3063 763 3190 820 tuae,
3248 764 3302 808 et
3339 755 3558 812 vivam:

1991 853 2118 919 quia
2146 848 2229 902 lex
2258 859 2346 901 tua
2377 847 2658 901 meditatio
2688 863 2806 901 mea
2837 857 2942 902 est.

2063 940 2149 994 78.
2177 939 2598 994 Confundantur
2631 939 2875 1008 superbi,
2903 939 3030 1009 quia
3067 940 3266 1009 injuste
3296 941 3552 1012 iniquita-

1989 1040 2096 1086 tem
2134 1033 2378 1085 iecerunt
2405 1031 2458 1084 in
2491 1046 2575 1084 me
2609 1049 2622 1084 :
2660 1047 2759 1100 ego
2793 1043 2974 1086 autem
3009 1034 3303 1090 exercebor
3331 1035 3382 1086 in
3408 1051 3562 1087 man-

1991 1123 2134 1178 datis
2158 1125 2288 1176 tuis.

2066 1212 2152 1267 79.
2184 1211 2585 1268 Convertantur
2613 1212 2747 1266 mihi
2779 1213 3036 1267 timentes
3059 1222 3133 1279 te,
3183 1223 3238 1267 et
3265 1217 3357 1284 qui
3394 1230 3560 1270 nove-

1992 1315 2191 1359 vernnt
2227 1305 2535 1359 testimonia
2566 1314 2677 1359 tua.

2064 1397 2151 1451 80.
2187 1396 2306 1450 Fiat
2331 1412 2423 1451 cor
2452 1413 2630 1450 meum
2665 1397 3077 1452 immaculatum
3111 1398 3163 1452 in
3214 1397 3562 1467 justiticatio-

1994 1490 2158 1544 nibus
2185 1490 2314 1554 tuis,
2352 1498 2414 1542 ut
2443 1505 2553 1542 non
2584 1488 2911 1544 confundar.

2067 1581 2155 1635 8t.
2185 1580 2386 1635 Deiecit
2411 1581 2465 1633 in
2503 1580 2743 1635 salutare
2793 1590 2946 1635 tuum
2984 1582 3166 1636 anima
3219 1598 3360 1646 mea,
3409 1592 3465 1638 ct
3507 1600 3562 1638 tn

1998 1675 2158 1727 verba
2193 1682 2282 1726 tua
2319 1673 2716 1742 supersperavi.

397 1768 486 1822 82.
533 1768 804 1833 Ἐξέλιπον
836 1772 882 1823 οἱ
911 1770 1178 1841 ὀφθαλμοί
1221 1787 1321 1840 μου
1350 1773 1430 1834 είς
1456 1771 1517 1823 τὸ
1563 1771 1741 1840 λόγιόν
1776 1789 1890 1832 σου,
1923 1760 1956 1814 Ε

2062 1764 2152 1818 82.
2188 1763 2512 1818 Defecerunt
2535 1765 2676 1818 oculi
2713 1765 2818 1818 mei
2851 1765 2903 1818 in
2935 1765 3212 1835 eloquium
3252 1775 3426 1833 tuum,
3475 1767 3561 1821 di-

323 1859 599 1928 λέγοντες·
634 1858 770 1912 Πότε
803 1860 1206 1931 παρακαλέσεις
1231 1877 1334 1930 με;

398 1946 485 2000 85.
521 1948 640 2000 ὐτι
667 1948 931 2020 ἐγενήθην
961 1950 1038 2012 ὼς
1069 1950 1234 2013 ἀσκὸς
1272 1952 1330 2002 ἐν
1357 1951 1557 2024 πάχνῃ,
1584 1952 1654 2003 τὰ
1680 1950 1897 2004 δικαιὼά

329 2039 477 2108 ματά
506 2055 599 2090 σου
629 2040 728 2092 οὐκ
755 2039 1122 2112 ἐπελαθόμην.

399 2127 486 2181 84.
514 2129 684 2180 Πόσαι
720 2129 859 2181 εἰσὶν
898 2132 952 2183 αἰ
985 2131 1190 2202 ἡμέραι
1237 2131 1330 2184 τοῦ
1366 2132 1551 2185 δούλου
1579 2148 1710 2198 σονς
1762 2134 1891 2187 πότε

326 2221 574 2290 ποιήσεις
604 2237 692 2291 μοι
719 2223 782 2274 ἐκ
813 2221 920 2274 τῶν
945 2223 1390 2276 καταδιωκόντων
1427 2242 1494 2296 με
1529 2227 1708 2297 κρίσιν
1733 2244 1746 2290 ;

400 2309 486 2364 85.
515 2311 852 2382 Διηγήσαντὸ
897 2330 987 2382 μοι
1042 2315 1344 2386 παράνομοι
1387 2316 1722 2388 ἀδολεσχίας,
1776 2318 1891 2370 ἀλλ’

322 2403 428 2474 οὐχ
450 2402 523 2468 ὠς
557 2404 586 2456 ὁ
613 2403 775 2475 νόμος
808 2422 923 2473 σου,
960 2405 1151 2477 Κύριε.

1994 1868 2210 1912 centes:
2245 1856 2474 1922 Quando
2501 1857 2869 1911 consolaberis
2895 1857 3022 1912 me?

2063 1951 2148 2004 83.
2186 1950 2324 2016 Quia
2364 1949 2540 2004 factus
2563 1966 2682 2004 sum
2715 1951 2856 2004 sicut
2888 1959 3006 2004 uter
3031 1951 3084 2004 in
3115 1953 3348 2020 pruina:
3399 1951 3560 2006 iusti-

1997 2045 2282 2099 ﬁcationes
2318 2053 2442 2097 tuas
2477 2058 2584 2096 non
2616 2058 2737 2100 sum
2771 2044 2992 2097 oblitus.

2069 2136 2154 2191 84.
2185 2135 2328 2202 Quot
2353 2135 2616 2190 suntdies
2650 2134 2792 2189 servi
2837 2133 2956 2188 tui?
3002 2135 3222 2204 quando
3280 2135 3451 2190 facies
3496 2135 3565 2189 de

1998 2227 2451 2297 persequentibus
2485 2241 2570 2279 me
2598 2225 2908 2294 judicium?

2067 2317 2156 2371 85.
2186 2311 2554 2369 Narravcrunt
2603 2315 2735 2368 mihi
2790 2315 2960 2385 inbqu
3009 2314 3367 2370 fabulationes
3399 2356 3414 2381 ,
3469 2317 3564 2372 sed

1999 2425 2107 2463 non
2139 2418 2196 2461 u.t
2226 2407 2308 2462 lex
2334 2421 2446 2473 tua,
2483 2405 2729 2460 Domine.

1447 2565 1817 2619 ΑἹἩᾹΝΛΞΗ
1865 2558 2446 2617 ΙΝΤΕΒΡΠΕΤᾹΤΙΟ.

401 2727 491 2783 75.
521 2729 813 2792 Φωτισθεὶς
847 2728 953 2782 ὑπὸ
985 2731 1084 2800 τῆς
1104 2731 1326 2802 χάριτός
1361 2749 1455 2784 σου
1485 2731 1676 2800 ἔγνων,
1707 2733 1787 2785 ὅτι
1823 2732 1899 2784 δίο

329 2820 465 2874 καιά
498 2821 602 2873 είσι
627 2819 694 2873 τὰ
720 2821 1116 2891 προστάγματά
1149 2838 1241 2874 σου
1267 2865 1282 2887 ,
1331 2823 1426 2875 καὶ
1468 2823 1609 2894 ἆπερ
1639 2825 1901 2894 ὰπεφήνω

329 2913 394 2964 ἐν
416 2912 599 2974 αὐτοῖς
625 2912 744 2964 κατ’
775 2911 907 2982 ἐμοῦ
935 2911 1026 2965 τοῦ
1050 2913 1374 2982 ἁμαρτωλοῦ
1405 2914 1628 2977 δικαίως
1670 2914 1897 2985 ὥρισας.

405 3005 494 3060 76.
535 3004 690 3058 Ἀλλὰ
717 3003 877 3058 πάλιν
902 3004 1108 3073 γένοιτο
1138 3005 1198 3057 τὸ
1229 3005 1374 3068 ἔλεός
1413 3021 1506 3057 σου
1554 3005 1904 3077 παραμυθοὺ-

2075 2730 2162 2784 75.
2199 2729 2544 2784 llluminatus
2594 2729 2766 2800 gratia
2815 2739 2906 2783 tua
2953 2729 3204 2800 cognovi,
3245 2731 3389 2799 quod
3424 2731 3570 2800 justa

2000 2834 2128 2877 sunt
2180 2831 2446 2892 praecepta
2482 2830 2606 2888 tua,
2641 2833 2695 2876 et
2744 2836 2864 2890 quae
2918 2820 2972 2874 in
3027 2821 3159 2890 ipsis
3209 2825 3573 2891 pronuntiasti

2001 2925 2192 2970 contra
2228 2931 2310 2968 me
2338 2925 2701 2984 peccatorem,
2728 2915 2876 2984 juste
2903 2913 3214 2970 deﬁnivisti.

2074 3007 2160 3062 76.
2189 3007 2294 3061 Sed
2339 3023 2532 3063 rursus
2577 3006 2670 3060 ﬁat
2722 3005 3092 3060 misericordia
3147 3014 3235 3058 tua
3281 3007 3572 3060 consolans

334 3097 495 3169 μενόν
519 3113 608 3168 με,
628 3098 710 3150 ὅτι
730 3095 901 3159 οὕτως
924 3091 1194 3160 εἴπαςοὑ
1207 3098 1504 3168 ,ϐούλομαι
1525 3099 1629 3151 τὸν
1649 3100 1904 3152 θάνατον
1931 3136 1956 3192 ί

2026 3115 2112 3162 ne,
2147 3100 2404 3169 quoniam
2448 3100 2520 3154 ita
2547 3099 2730 3153 dixisti
2761 3117 2792 3153 εν
2833 3097 2974 3150 Nolo
3020 3109 3237 3150 mortem
3261 3101 3573 3165 peccatoris,

328 3189 444 3244 τοῦ
473 3187 838 3259 ἀμαρτωλοῦ,
856 3189 935 3254 ὡς
964 3191 1027 3241 τὸ
1059 3189 1410 3257 ἐπιστρέψαι
1445 3192 1541 3246 καί
1579 3190 1899 3260 ζῆναὺτόν.

407 3283 494 3335 77.
537 3280 928 3353 Ἐπισκηνὼσει
957 3282 990 3351 ἡ
1018 3281 1178 3352 χάρις
1201 3298 1292 3334 σου
1323 3284 1402 3345 εἰς
1427 3282 1550 3352 ἐμὲ,
1583 3285 1676 3336 καὶ
1704 3301 1906 3354 νεκρω-

335 3372 499 3425 θέντα
529 3389 596 3441 με
626 3372 730 3425 ὑπὸ
756 3373 852 3443 τῆς
869 3373 1140 3445 ἁμαρτίας
1163 3372 1508 3445 ζωοποιήσει.
1543 3375 1624 3428 ὅτι
1648 3375 1904 3447 ἠρξάμην

339 3465 570 3534 μελετᾷν
601 3464 691 3518 τὸν
723 3465 883 3535 νόμον
917 3482 1030 3520 σου.

413 3552 494 3608 78.
522 3554 973 3626 Αίσχυνθήτωσαν
995 3556 1052 3609 al
1079 3556 1315 3609 ἐναντίαι
1339 3556 1614 3628 δυνάμεις,
1639 3558 1720 3610 ὅτι
1745 3551 1904 3611 αὗταί

337 3660 410 3713 με
447 3641 920 3715 ἐξῃχμαλὼτισαν·
977 3643 1086 3713 ἐγὼ
1141 3645 1198 3698 δὲ
1225 3647 1502 3717 ἐπιστήσω
1528 3647 1626 3718 τὴν
1666 3649 1904 3703 διάνοιάν

339 3749 444 3800 μου
474 3734 552 3795 είς
579 3731 648 3785 τὰ
680 3732 960 3804 θελήματά
993 3752 1110 3790 σου.

411 3822 496 3876 79.
525 3824 930 3894 Κατηχήσουσι,
981 3827 1074 3879 καὶ
1124 3827 1424 3892 διδάξουσιν
1459 3833 1506 3882 οἱ
1558 3829 1773 3901 ἔχοντες
1805 3832 1904 3903 τὴν

336 3913 499 3984 χάριν
533 3930 646 3976 σου,
675 3915 768 3968 καί⁸
798 3915 995 3980 εἰδότες
1043 3917 1142 3988 τὴν
1173 3918 1401 3990 δύναμιν
1440 3921 1547 3975 τῶν
1591 3923 1762 3991 ἁγίων
1809 3940 1904 3977 σου

336 4002 590 4070 Γραφῶν.

411 4093 498 4147 80.
530 4095 927 4168 Καθαρισθήτω
959 4099 992 4168 ἡ
1039 4098 1233 4172 καρδία
1280 4118 1380 4172 μου
1411 4103 1515 4155 ὑπὸ
1547 4103 1647 4174 τῆς
1683 4104 1905 4175 χάριτός

339 4201 438 4238 σου
472 4189 551 4250 είς
577 4187 647 4242 τὰ
672 4189 1012 4256 δικαιώματά
1039 4209 1152 4256 σου,
1182 4193 1256 4264 μὴ
1285 4193 1480 4265 ἔχουσα
1505 4197 1563 4250 ἐν
1595 4197 1759 4268 ἑαυτῇ
1787 4198 1907 4250 ἐπι-

338 4278 597 4350 ⁴ἄυμίανῆ
635 4283 887 4352 φροντίδα
933 4283 1147 4355 γηίνην,
1179 4285 1266 4339 ἵνα
1298 4287 1373 4358 μὴ
1421 4287 1582 4342 πάλιν
1630 4290 1906 4360 αἰσχυνθῶ

336 4371 422 4431 είς
449 4369 510 4422 τὸ
541 4369 690 4442 βῆμά
725 4389 838 4427 σου.

2008 3193 2096 3245 sed
2120 3202 2173 3243 ut
2205 3201 2560 3257 convertatur,
2583 3201 2632 3244 et
2662 3192 2802 3244 vivat
2841 3192 2906 3244 εί.

2078 3283 2162 3337 77.
2203 3283 2418 3338 llabitet
2447 3285 2616 3352 gratia
2645 3292 2736 3336 tua
2767 3284 2819 3335 in
2849 3297 2958 3346 me,
2979 3289 3044 3334 ~et
3086 3295 3171 3333 me
3199 3291 3475 3334 mortuum
3505 3283 3577 3338 ob

2005 3383 2286 3444 peccatum
2334 3374 2650 3440 viviﬁcabit,
2709 3373 2972 3443 quoniam
3017 3369 3155 3438 (ξαιρί
3219 3371 3466 3425 meditari
3499 3371 3578 3426 le-

2005 3481 2124 3537 gem
2155 3476 2323 3520 tuam.

2076 3557 2164 3612 78.
2199 3556 2540 3613 Erubescant
2575 3558 2866 3613 contrariae
2912 3565 3226 3628 potestates.
3263 3561 3403 3628 quod
3463 3560 3576 3629 ipse

2008 3665 2092 3704 me
2123 3651 2175 3703 in
2219 3650 2586 3720 captivitatem
2615 3649 2961 3718 redegerunt,
2997 3667 3096 3724 ego
3129 3663 3308 3707 autem
3345 3653 3574 3706 tirmabo

2007 3751 2241 3795 mentem
2276 3756 2450 3794 meam
2477 3741 2533 3793 in
2571 3741 2855 3808 praeceptis
2889 3742 3017 3794 tuis.

2083 3830 2170 3886 79.
2202 3831 2500 3896 lnstruent,
2556 3840 2610 3885 et
2646 3831 2944 3896 docebunt,
2979 3833 3072 3901 qui
3103 3832 3305 3887 habent
3345 3835 3574 3903 gratiam

2007 3934 2178 3992 tuam,
2207 3936 2260 3980 et
2307 3926 2400 3992 qui
2449 3938 2717 3980 noverunt
2749 3933 3070 3995 potestatem
3113 3937 3426 3981 sanctarum
3465 3938 3579 3981 tua-

2007 4035 2127 4073 rum
2165 4015 2591 4087 Scripturarum.

2077 4106 2165 4162 80.
2199 4107 2535 4162 Emundetur
2573 4123 2667 4163 cor
2703 4124 2884 4162 meum
2917 4126 2947 4164 a
2979 4109 3152 4180 gratia
3187 4119 3278 4165 tua
3313 4110 3365 4163 in
3414 4120 3578 4179 Justi--

2007 4191 2348 4253 ticationib'us
2377 4198 2505 4261 tuis,
2536 4214 2642 4252 non
2670 4199 2874 4254 habens
2900 4200 2952 4253 in
3000 4201 3182 4270 seipso
3219 4201 3573 4270 cupiditatem

2005 4301 2060 4346 et
2097 4307 2283 4346 curam
2315 4303 2652 4346 terrenarum
2706 4307 2916 4359 rerum,
2955 4309 3022 4348 ne
3060 4309 3252 4348 rursus
3275 4294 3578 4349 confundar

2006 4393 2130 4436 ante
2165 4394 2316 4436 tuum
2351 4383 2607 4437 tribunal.

413 4459 498 4514 81.
530 4461 669 4532 Διψᾷ
702 4462 894 4533 ἡψυχὴ
927 4479 1026 4534 μου
1052 4465 1148 4536 τὴν
1177 4468 1446 4539 σωτηρίαν
1476 4487 1568 4522 σου
1600 4469 1685 4542 [τὸ
1727 4473 1904 4542 σωτή-
1939 4473 1956 4526 Ι

2077 4473 2166 4526 8|.
2205 4472 2330 4527 Sitit
2357 4474 2538 4528 anima
2575 4489 2693 4529 mea
2712 4475 2952 4531 salutare
2982 4484 3159 4541 tuum,
3204 4487 3326 4547 pota
3361 4495 3445 4533 me
3468 4479 3580 4534 elo-

340 4549 460 4620 ριύν
482 4567 574 4602 σου
591 4549 632 4622 ],
666 4551 882 4604 πότισόν
907 4570 973 4622 με
995 4553 1064 4606 τὰ
1084 4554 1240 4622 λόγιά
1263 4573 1377 4610 σου.

413 4640 500 4695 82.
549 4640 838 4714 Ἐξετάκην
857 4644 974 4708 ὅλος
1001 4647 1094 4698 ἀπ’
1124 4646 1420 4718 ἐπιθυμίας
1453 4650 1752 4721 μεριμνῶν,
1779 4654 1906 4704 πότε

337 4729 582 4794 ποτίσεις
607 4749 675 4802 με
708 4733 805 4804 τὴν
827 4735 983 4806 χάριν
1018 4753 1130 4791 σου.

412 4819 500 4874 85.
538 4821 658 4874 Ὀτι
689 4823 1013 4895 ἐνεκρώθην,
1047 4827 1138 4880 καὶ
1161 4827 1462 4900 ἐξηράνθην
1491 4831 1548 4882 ἐν
1569 4833 1633 4900 τῇ
1664 4832 1905 4904 ἁμαρτίᾳ

341 4926 469 4980 μου,
499 4905 638 4973 οῖδα,
673 4913 764 4964 καὶ
794 4914 1128 4983 μνημονεύω,
1157 4917 1234 4968 ὅτι
1267 4913 1424 4980 εἴπας
1453 4920 1510 4972 ἐν
1537 4923 1648 4983 τοῖς
1683 4921 1904 4974 δικαιώ-

340 5000 481 5072 μασί
517 5018 608 5054 σου
633 5002 724 5056 τὸν
746 5004 1064 5076 ἁμαρτωλὸν
1098 5007 1609 5079 ἀντιλαμϐάνεσθαι.

413 5094 502 5147 84.
539 5095 718 5158 Πόσας
744 5096 908 5161 ἄλλας
946 5097 1052 5167 ἔχω
1073 5099 1233 5170 ζῆσαι
1260 5103 1504 5172 ἡμέρας;
1543 5105 1674 5158 πότε
1716 5101 1906 5158 τοσοῦ-

340 5203 434 5237 τον
484 5186 670 5258 χρόνον
699 5187 856 5241 δώσει
902 5189 1132 5263 [δώσεις]
1180 5210 1267 5262 μοι
1300 5195 1546 5260 ἐξουσίαν
1595 5203 1782 5252 πατεῖν
1812 5197 1904 5252 ἐπὶ

340 5279 525 5331 πᾶσαν
565 5280 664 5350 τὴν
691 5280 915 5351 δύναμιν
947 5283 1041 5335 τοῦ
1065 5284 1258 5356 ἐχθροῦ
1291 5284 1435 5356 [τῶν
1467 5290 1733 5361 ἐχθρῶν],
1781 5291 1903 5344 ὅσον

343 5370 497 5424 αὐτοί
535 5389 623 5441 μοι
645 5373 1172 5442 κατεδυνάστευσαν;

416 5462 503 5516 85.
552 5463 842 5518 ’Υπέθεντό
895 5485 996 5538 μου
1024 5469 1086 5522 τὸ
1115 5468 1376 5542 πρότερον
1427 5473 1474 5524 oi
1503 5473 1754 5543 δαίμονες
1809 5476 1908 5541 τὰς

344 5556 812 5648 ἑαυτῶνῆἀπάτας,
848 5559 959 5613 ἀλλ’
983 5563 1078 5632 οὐχ
1103 5563 1177 5626 ὼς
1208 5563 1272 5617 σὺ
1302 5562 1474 5627 θέλεις
1493 5603 1507 5630 ,
1538 5565 1729 5636 Κύριε.

422 5714 462 5745 ⁸³
489 5713 686 5770 Ezecb.
720 5730 890 5782 xxxn,
920 5714 972 5770 9.

2006 4565 2151 4635 quiis
2182 4566 2309 4620 tuis.

2074 4653 2161 4707 82.
2197 4654 2571 4724 Consumptus
2609 4670 2730 4710 sum
2755 4665 2902 4712 totus
2928 4659 3000 4711 ob
3029 4659 3362 4713 desiderium
3418 4662 3577 4715 anxie

2003 4746 2270 4814 cogitans,
2309 4749 2526 4812 quando
2567 4763 2653 4801 me
2687 4749 2898 4816 potabis
2923 4750 3092 4818 gratia
3127 4761 3238 4805 tua.

2072 4836 2162 4889 85.
2188 4834 2459 4902 Quoniam
2494 4839 2856 4894 mortiﬁcatus
2906 4857 3048 4906 sum,
3099 4851 3153 4896 et
3201 4842 3470 4896 arefactus
3520 4843 3574 4896 in

2003 4937 2228 4997 peccato
2255 4944 2400 4991 meo,
2428 4931 2550 4983 novi
2581 4941 2633 4984 et
2680 4931 2998 4986 recordatus
3031 4950 3174 4997 sum,
3206 4934 3349 5002 quod
3392 4932 3572 4987 dixisti

2002 5021 2111 5074 tuis
2135 5021 2186 5073 in
2209 5019 2702 5088 justiﬁeationibus
2725 5024 3000 5092 suscipere
3029 5033 3387 5092 peccatorem.

2070 5110 2160 5164 84.
2187 5112 2329 5176 Quot
2361 5111 2452 5163 alii
2489 5111 2619 5164 mihi
2651 5122 2946 5182 supersunt
2999 5113 3116 5167 dies
3163 5112 3326 5167 vitae?
3358 5112 3576 5182 quando

2001 5211 2151 5257 tanto
2192 5215 2435 5271 tempore
2483 5204 2638 5259 dabis
2681 5205 2814 5257 mihi
2859 5213 3178 5272 potestatem
3221 5203 3573 5259 conculcandi

2002 5311 2217 5350 omnem
2249 5296 2596 5352 inimicorum
2643 5300 2965 5370 potentiam,
3015 5309 3220 5366 quanto
3256 5300 3357 5366 ipsi
3405 5299 3458 5353 in
3489 5316 3577 5354 me

2002 5388 2264 5442 dominati
2290 5390 2461 5443 sunt?

2075 5480 2162 5534 85.
2199 5479 2571 5536 Subdiderunt
2599 5482 2732 5536 mihi
2756 5483 3029 5538 daemones
3050 5483 3308 5554 pristinas
3334 5498 3461 5538 suas
3486 5482 3579 5538 fal-

2008 5572 2198 5638 lacias,
2238 5573 2332 5628 sed
2366 5589 2475 5630 non
2505 5573 2968 5643 quemadmodum
2999 5583 3057 5628 tu
3090 5574 3192 5641 vis,
3227 5573 3475 5630 Domine.
