4004 6212
463 333 595 390 1191

1270 324 1326 378 S.
1368 320 1738 377 ATllANASll
1779 321 1929 378 OPP.
1969 317 2150 374 PARS
2188 318 2273 372 111.
2312 345 2378 360 --
2421 314 2832 371 EXEGETICA.

3549 305 3692 360 H92

533 444 623 498 86.
659 441 852 496 Omnia
883 440 1134 494 mandata
1161 446 1252 492 tua
1276 437 1515 492 veritas:
1550 437 1734 506 inique
1753 434 2019 506 persecuti
2052 440 2094 493 Α

2190 431 2276 486 86.
2306 432 2550 486 Πᾶσαιαί
2577 429 2784 483 ὲντολαί
2812 445 2902 481 σου
2922 424 3148 496 ἀλήθεια
3169 442 3180 453 ·
3207 424 3403 486 ἀδίκως
3435 419 3696 474 κατεδίω-

464 549 727 598 suntme,
764 535 956 604 adjuva
993 547 1097 586 me.

535 629 622 684 87.
657 626 826 680 Paulo
886 624 1066 678 minus
1099 629 1620 676 consummaverunt
1653 635 1736 675 me
1765 620 1820 674 in
1857 628 2024 680 terra,

467 736 567 790 ego
594 729 772 772 autem
802 732 906 769 non
935 713 1197 782 dereliqui
1228 713 1480 766 mandata
1511 721 1622 765 tua.

537 805 626 858 88.
658 800 973 856 Secundum
1017 797 1444 852 misericordiam
1493 805 1640 850 tuam
1676 794 1890 850 vivifica
1921 808 2027 858 me,

467 904 520 948 et
551 891 852 946 custodiam
886 886 1197 942 testimonia
1235 886 1349 940 oris
1385 886 1487 940 tui.

538 987 626 1040 89.
655 986 712 1037 In
735 991 1019 1045 aeternum,
1047 978 1294 1043 Domine,
1326 979 1548 1033 verbum
1581 986 1731 1031 tuum
1750 985 2031 1045 permanet

468 1087 524 1125 \n
557 1072 695 1126 caelo
714 1089 726 1123 :

538 1162 624 1216 90.
655 1160 712 1214 ln
739 1159 1143 1232 generationem
1177 1166 1231 1212 et
1258 1158 1660 1227 generationem
1684 1157 1882 1213 veritas
1912 1167 2026 1213 tua:

471 1252 707 1306 fundasti
745 1265 967 1314 terram,
986 1259 1039 1304 et
1064 1255 1366 1319 permanet.

541 1346 631 1400 91.
667 1344 1018 1398 Ordinatione
1069 1352 1157 1395 tua
1211 1350 1521 1412 perseverat
1576 1341 1735 1398 dies:
1772 1344 2029 1413 quoniam

467 1437 652 1490 omnia
681 1437 926 1491 serviunt
955 1434 1075 1488 tibi.

539 1528 628 1582 92.
661 1525 775 1581 Nisi
815 1525 959 1596 quod
1013 1527 1100 1580 lex
1138 1535 1230 1580 tua
1280 1525 1560 1580 meditatio
1601 1542 1721 1582 mea
1767 1536 1872 1591 est,
1902 1534 2032 1581 tunc

470 1618 608 1673 forte
633 1618 916 1690 periissem
949 1617 1002 1671 in
1039 1615 1343 1671 humilitate
1369 1632 1510 1672 mea.

540 1711 628 1764 95.
665 1710 723 1764 In
775 1717 1038 1764 aeternum
1095 1723 1203 1762 non
1270 1708 1562 1763 obliviscar
1610 1708 2030 1778 iustiﬁcationes

470 1812 613 1866 tuas,
645 1802 847 1872 quiain
877 1801 1009 1870 ipsis
1040 1799 1327 1855 vlvificasti
1368 1816 1474 1855 me.

540 1893 628 1950 94.
658 1894 810 1948 Tuus
832 1905 952 1946 sum
982 1907 1105 1962 ego,
1136 1892 1347 1947 salvum
1377 1907 1465 1947 me
1496 1890 1583 1947 fac
1610 1908 1624 1945 :
1657 1892 1915 1960 quoniam
1939 1891 2030 1962 jus

471 1985 825 2039 stiticationes
845 1993 966 2038 tuas
1003 1982 1292 2052 exquisivi.

543 2075 632 2130 95.
670 2073 752 2128 Me
781 2082 1233 2143 exspectaverunt
1271 2083 1610 2143 peccatores,
1659 2083 1717 2128 ut
1747 2074 2035 2144 perderent

473 2183 578 2230 me,
607 2166 917 2221 testimonia
943 2172 1035 2219 tua
1067 2165 1329 2219 intellexi.

537 2255 626 2311 96.
651 2256 840 2312 Omnis
857 2254 1339 2310 consummationis
1353 2253 1460 2309 vidi
1481 2253 1639 2310 finem
1662 2276 1671 2309 :
1692 2255 1860 2310 latum
1885 2271 2038 2309 man-

469 2345 655 2400 datum
691 2355 841 2408 tuum
869 2345 1054 2399 nimis.

2132 523 2224 588 ξάν
2259 541 2342 594 με,
2379 521 2638 594 βοήθησον
2669 539 2778 591 μοι.

2198 615 2285 670 87.
2322 613 2475 687 Παρά
2509 613 2680 684 βραχὺ
2712 609 3059 665 συνετέλεσάν
3092 626 3158 679 με
3189 609 3246 660 tv
3281 609 3347 677 τῇ
3369 608 3462 676 γῇ,
3492 605 3606 672 ὲγὼ
3637 604 3695 655 δὲ

2128 705 2228 757 οὐκ
2261 704 2614 772 ἐγκατέλιπον
2652 703 2748 765 τὰς
2767 702 2984 764 ἐντολάς
3021 718 3134 754 σου.

2198 796 2284 850 88.
2321 795 2476 850 Κατὰ
2503 795 2564 847 τὸ
2591 795 2737 858 ἔλεός
2768 811 2860 847 σου
2887 793 3050 866 ζῆσόν
3086 809 3154 863 με
3177 831 3190 857 ,
3229 790 3323 844 καὶ
3376 785 3595 857 φυλάξω
3626 785 3692 836 τά

2133 887 2405 958 μαρτύρια
2435 885 2527 940 τοῦ
2553 885 2820 958 στόματός
2844 903 2956 939 σου.

2199 977 2286 1031 89.
2318 978 2412 1040 Είς
2434 977 2526 1030 τὸν
2549 977 2740 1044 αἰῶνα,
2769 976 2965 1048 Κύριε,
2999 975 3028 1028 ὁ
3049 971 3205 1043 λόγος
3236 988 3328 1024 σου
3368 967 3614 1037 διαμένει
3640 966 3690 1018 tv

2128 1068 2206 1141 τῷ
2232 1067 2442 1140 οὐρανῷ
2457 1083 2471 1097 ο

2199 1161 2286 1215 90.
2314 1163 2407 1225 Είς
2432 1161 2622 1230 γενεὰν
2656 1161 2748 1215 καὶ
2771 1160 2961 1231 γενεὰν
2991 1160 3025 1230 ἡ
3067 1156 3292 1226 ἀλήθειά
3340 1171 3430 1207 σου
3453 1168 3464 1179 ·
3504 1149 3695 1202 testu-

2131 1253 2330 1318 λίωσας
2351 1254 2448 1324 τὴν
2476 1254 2598 1324 γῆν,
2624 1255 2717 1307 καὶ
2741 1251 3004 1322 διαμένει.

2199 1345 2286 1400 91.
2322 1347 2400 1418 Τῇ
2425 1345 2660 1409 διατάξει
2697 1361 2790 1398 σου
2834 1341 3075 1414 διαμένει
3113 1338 3316 1411 ἡμέρα,
3354 1335 3525 1390 ὅτιτὰ
3558 1331 3696 1402 σύμ·-

2131 1451 2309 1492 παντα
2333 1437 2494 1491 δοῦλα
2522 1436 2607 1491 σά.

2200 1528 2287 1584 92.
2323 1529 2385 1582 Et
2421 1528 2496 1599 μὴ
2522 1528 2602 1582 ὅτι
2637 1528 2665 1580 ὁ
2696 1526 2858 1597 νόμος
2893 1541 2986 1578 σου
3017 1523 3212 1596 μελέτη
3259 1537 3357 1591 μου
3386 1517 3522 1581 ἐστὶ,
3569 1514 3692 1567 τότε

2129 1620 2196 1675 ἂν
2223 1620 2518 1691 ἀπωλόμην
2550 1621 2607 1673 ὲν
2635 1621 2700 1690 τῇ
2729 1615 3052 1671 ταπεινώσει
3085 1631 3205 1685 μουι

2202 1712 2288 1767 95.
2327 1713 2422 1776 Et;
2453 1712 2542 1767 τὸν
2567 1711 2738 1765 αἰῶνα
2771 1711 2831 1764 οὐ
2870 1709 2944 1780 μὴ
2973 1705 3315 1776 ἐπιλάθωμαι
3345 1701 3450 1755 τῶν
3474 1700 3693 1752 δικαιω-

2064 1794 2103 1849 Β
2135 1804 2320 1876 μάτων
2355 1822 2470 1867 σου,
2505 1804 2586 1857 ὅτι
2620 1804 2676 1856 tv
2708 1804 2891 1866 αὐτοῖς
2923 1799 3120 1871 ἐζησάς
3154 1813 3240 1868 με.

2199 1895 2267 1950 94
2311 1897 2410 1959 Σός
2438 1897 2552 1967 είμι
2581 1894 2713 1965 ἐγὼ,
2750 1893 2920 1948 σῶσόν
2969 1909 3060 1964 με,
3113 1892 3195 1945 ὅτι
3238 1887 3310 1941 τὰ
3351 1881 3697 1952 δικαιώματά

2133 2001 2224 2038 σου
2257 1987 2575 2058 tie-(ﬁtquc.

2200 2075 2287 2132 95.
2331 2077 2460 2146 Ἐμὲ
2485 2077 2784 2147 ὑπέμειναν
2818 2071 3131 2146 ἁμαρτωλοὶ
3165 2069 3260 2123 τοῦ
3301 2067 3562 2122 ἀπολέσαι
3601 2082 3694 2135 με.

2130 2167 2198 2221 τά
2231 2167 2504 2240 μαρτύριά
2528 2183 2620 2221 σου
2652 2167 2876 2238 συνῆκα.

2203 2259 2290 2314 96.
2324 2261 2510 2331 Πάσης
2535 2261 2845 2323 συντελείας
2883 2254 3020 2312 εἶδον
3064 2254 3257 2327 πέρας,
3292 2253 3524 2306 πλατεῖα
3549 2252 3584 2320 ἡ
3609 2250 3698 2300 εν-

2133 2351 2260 2422 τολή
2295 2369 2385 2406 σου
2415 2353 2639 2424 σφόδρα.

1583 2462 1955 2518 ATHANASH
1999 2464 2581 2526 INTERPRETATIO.

539 2572 625 2628 86.
659 2569 792 2624 Novi
820 2572 962 2641 quod
985 2571 1357 2642 justusjudex
1381 2588 1442 2628 es
1480 2568 1540 2628 inv
1567 2590 1796 2630 omnes:
1831 2575 2040 2645 fugien'

468 2653 523 2723 t'c
544 2684 630 2722 me
653 2669 721 2722 ab
746 2668 901 2737 ipsis,
929 2679 984 2723 et
1012 2671 1228 2726 volente
1256 2671 1321 2726 ad
1357 2680 1407 2724 te
1450 2672 1656 2735 venire,
1701 2673 1793 2741 qui
1839 2688 2036 2726 secun-

2202 2581 2290 2638 86.
2323 2578 2470 2646 Οἶδα,
2501 2584 2582 2636 ὃτι
2631 2583 2835 2646 δίκαιος
2878 2581 3069 2653 κριτὴς
3102 2574 3152 2631 εἷ
3179 2581 3256 2641 εἰς
3289 2576 3494 2638 πάντας
3515 2592 3528 2604 ·
3562 2571 3698 2642 φεὺδ

2132 2673 2318 2742 γοντός
2343 2691 2444 2745 μου
2478 2675 2572 2727 ἀπ’
2596 2673 2793 2738 αὐτῶν,
2827 2673 2920 2726 καὶ
2959 2672 3203 2733 θέλοντος
3245 2667 3415 2720 ἐλθεῖν
3449 2666 3588 2738 πρὸς
3635 2665 3695 2719 ct

469 2760 600 2813 dum
631 2769 876 2813 naturam
907 2759 1172 2817 Dominus
1208 2778 1360 2818 meus
1392 2778 1471 2826 es,
1496 2772 1898 2832 persequuntur
1949 2779 2036 2818 me

2133 2765 2220 2818 τὸν
2251 2765 2391 2820 κατὰ
2415 2765 2574 2835 φύσιν
2597 2784 2698 2838 μου
2733 2765 3026 2837 Δεσπότην,
3075 2761 3467 2820 καταδιώκουσι
3502 2777 3571 2832 με
3601 2759 3700 2830 Cr:

469 2861 772 2920 quaarentes
797 2867 881 2905 me
910 2853 1160 2921 prasdari,
1190 2854 1384 2924 adjuva
1412 2870 1520 2908 me.

2129 2855 2344 2919 τοῦντες
2376 2857 2620 2927 ἁρπάσαι
2641 2875 2716 2928 με
2739 2872 2751 2885 ·
2789 2856 3052 2929 βοήθησον
3080 2874 3187 2928 μοι.

541 2941 628 2994 87.
662 2940 736 2995 Ita
764 2944 937 2998 valide
989 2945 1043 2999 in
1079 2961 1166 3000 me
1210 2947 1506 3010 irruerunt,
1548 2953 1607 3000 ut
1654 2946 1814 3016 paulo
1847 2947 2029 3002 minos
2061 2978 2099 3035 ε

2204 2947 2290 3002 87.
2317 2947 2501 3013 Οὕτως
2533 2950 2766 3021 ἰσχυρῶς
2792 2949 3066 3022 ἐπέϐησάν
3099 2968 3186 3021 με,
3211 2953 3292 3004 ὅτι
3321 2954 3471 3025 παρὰ
3501 2958 3698 3029 μικρὸν

471 3034 874 3089 interfecissent
897 3053 981 3092 me
1016 3038 1069 3092 in
1102 3045 1365 3107 peccato;
1414 3053 1513 3105 ego
1545 3048 1723 3092 autem
1773 3039 1828 3092 in
1871 3039 2033 3095 corde
2081 3034 2087 3035 ⁷

2135 3039 2478 3095 ὲθανάτωσάν
2515 3060 2582 3112 με
2616 3045 2672 3096 tv
2696 3045 2763 3114 τῇ
2785 3044 3028 3116 ἁμαρτίᾳ
3049 3058 3061 3071 ·
3098 3044 3208 3114 ἐγὼ
3229 3045 3285 3098 δὲ
3325 3049 3382 3101 tv
3404 3050 3470 3119 τῇ
3498 3051 3698 3124 κιιρδίςιι⁵

471 3138 592 3178 meo
635 3123 880 3179 dicebam
937 3126 1131 3182 animae
1180 3143 1352 3182 meae:
1390 3127 1698 3184 Recordare
1749 3129 1880 3196 quid
1932 3130 2029 3184 tibi

470 3216 786 3284 prmceperit
813 3216 974 3270 Deus.

539 3304 631 3359 88.
672 3304 1139 3371 Quemadmodum
1191 3309 1556 3364 misericordia
1620 3317 1710 3364 tua
1767 3309 2031 3364 immensa

469 3403 523 3448 et
549 3394 938 3464 investigabilis
961 3407 1064 3460 est,
1095 3399 1166 3452 ita
1200 3401 1429 3468 gratiam
1462 3409 1610 3454 tuam
1631 3401 1698 3454 da
1727 3401 1859 3454 mihi
1893 3400 2031 3454 vivit

471 3484 721 3540 ficantem
752 3504 858 3554 me,
910 3497 965 3542 et
1014 3489 1248 3558 implebo
1296 3499 1562 3560 praecepta
1598 3507 1718 3560 quae
1759 3493 2029 3548 mandasti

471 3575 626 3630 mihi.

540 3667 626 3722 89.
657 3667 713 3722 lu
741 3667 922 3734 corde,
956 3669 1009 3723 in
1049 3685 1160 3739 quo
1211 3668 1551 3728 familiariter
1602 3672 1896 3741 inhabitas,
1943 3673 2030 3728 in-s

470 3767 748 3814 cessanter
781 3770 864 3815 est
892 3761 1142 3817 voluntas
1175 3771 1288 3816 tua.

539 3847 628 3903 90.
663 3847 718 3902 ιη
751 3853 974 3914 sanctis,
1005 3851 1099 3920 qui
1136 3852 1284 3906 omni
1313 3860 1552 3920 tempore
1583 3854 2032 3923 complacuerunt

481 3939 596 4006 tibi,
629 3955 753 3995 vere
785 3949 868 3996 est
901 3940 1189 4002 fidestua:
1236 3941 1476 3997 fundasti
1525 3946 1786 3999 mundum
1835 3945 1889 3999 in
1924 3947 2030 4000 fide

469 4037 582 4096 tua,
610 4040 659 4084 et
688 4042 852 4100 porta
878 4032 1152 4102 inferi_non
1174 4033 1528 4102 praevalebunt
1554 4035 1801 4091 adversus
1820 4054 1938 4091 eam
1961 4037 2028 4092 ⁶².

540 4231 626 4285 91.
660 4229 813 4286 Dono
854 4233 1147 4302 gratiarum
1201 4241 1412 4288 tuarum
1471 4243 1750 4303 permanet
1785 4235 1875 4288 lux
1910 4244 2025 4302 tua,

2136 3148 2236 3203 μου
2259 3132 2440 3201 ἔλεγον
2468 3136 2533 3204 τῇ
2559 3134 2703 3206 ψυχῇ
2743 3153 2842 3206 μου
2867 3152 2881 3164 ·
2915 3137 3233 3208 Μνημόνευε
3258 3139 3308 3192 τί
3340 3156 3421 3193 σοι
3455 3143 3699 3196 ὲντὲταλ·

2131 3241 2220 3277 ται
2250 3227 2278 3278 ὁ
2303 3224 2451 3288 Θεός.

2201 3317 2288 3371 88.
2324 3316 2519 3380 Καθὼς
2550 3317 2609 3370 τὸ
2637 3317 2783 3382 ἔλεός
2808 3335 2900 3372 σου
2916 3319 3242 3392 ἀμέτρητον,
3271 3321 3364 3374 καὶ
3389 3323 3695 3394 ἀνεξιχνία-

2134 3406 2256 3460 στόν
2289 3409 2454 3470 ἐστιν,
2490 3406 2630 3460 οὕτω
2661 3408 2760 3480 τὴν
2812 3409 2971 3480 χάριν
3002 3426 3095 3462 σου
3113 3411 3199 3473 δὸς
3231 3429 3318 3482 μοι
3345 3413 3442 3484 τὴν
3467 3413 3696 3477 ζωοποι-

2131 3495 2293 3550 οὖσάν
2323 3515 2411 3568 με,
2440 3498 2533 3552 καὶ
2561 3498 2830 3570 πληρώσω
2856 3500 2924 3553 τὰ
2950 3503 3364 3573 προστάγματα,
3388 3505 3423 3559 ἀ
3446 3508 3697 3562 ὲνετείλω

2134 3607 2243 3660 μοι.

2199 3680 2286 3736 89.
2322 3681 2414 3743 Είς
2437 3679 2532 3752 τὴν
2571 3682 2817 3753 καρδίαν,
2852 3684 2909 3737 ἐν
3018 3684 3233 3749 οἰκείως
3274 3689 3692 3760 ὲμπεριπατεῖς,

2131 3771 2422 3834 ἀπαύστως
2444 3773 2560 3825 ἐστὶ
2593 3773 2651 3826 τὸ
2678 3773 2888 3845 θέλημά
2919 3794 3031 3831 σου.

2199 3863 2286 3918 90.
2318 3865 2411 3926 Et;
2437 3866 2562 3928 τοὺς
2588 3866 2776 3934 ἁγίους
2805 3870 2930 3932 τοὺς
2959 3869 3080 3922 καθ’
3113 3871 3351 3944 ἑκάστην
3392 3877 3696 3949 εὐαρεστή-

2132 3956 2330 4020 σαντάς
2355 3973 2434 4009 σοι
2463 3957 2630 4022 ὅντως
2663 3959 2810 4012 ἐστὶν
2841 3963 2873 4029 ή
2922 3959 3101 4025 πίστις
3151 3979 3240 4015 σου
3263 3980 3276 3992 ·
3325 3966 3695 4037 ἐθεμελίωσας

2129 4050 2219 4103 τὸν
2273 4050 2475 4119 κόσμον
2521 4049 2581 4103 ἐν
2625 4053 2692 4120 τῇ
2718 4051 2897 4104 πίστει
2937 4069 3052 4117 σου⁹
3093 4057 3192 4109 καὶ
3229 4057 3416 4112 πύλαι
3443 4060 3595 4126 ᾅδου
3619 4067 3692 4117 οὐ

2131 4139 2611 4206 κατισχύσουσιν
2654 4139 2865 4207 αὐτῆς.

2202 4228 2291 4282 91.
2319 4230 2396 4300 Τῇ
2434 4229 2613 4301 δωρεᾷ
2662 4231 2769 4284 τῶν
2797 4233 3154 4304 χαρισμάτων
3199 4253 3293 4290 σου
3350 4239 3593 4314 διαμένει
3632 4244 3693 4296 τὸ

471 4322 727 4390 quoniam
757 4331 812 4376 tu
839 4321 1100 4381 Dominus
1128 4340 1188 4381 es
1221 4325 1546 4392 caelestium,
1580 4335 1634 4382 et
1661 4329 2027 4394 terrestrium,
2062 4319 2099 4376 Π

2135 4318 2250 4388 φῶς
2279 4335 2392 4382 σου,
2413 4320 2494 4372 ὅτι
2523 4322 2876 4392 ἐπουρανίων,
2906 4325 3000 4376 καὶ
3019 4325 3276 4394 ἐπιγείων
3305 4329 3400 4381 καὶ
3427 4331 3691 4401 καταχθο·

471 4420 527 4466 et
562 4410 919 4467 infernornm.

543 4500 629 4556 92.
652 4499 766 4556 Nisi
824 4503 1012 4558 saltem
1061 4520 1206 4559 nunc
1240 4505 1526 4575 coepissem
1588 4507 1798 4564 discere
1863 4509 2032 4579 legent

474 4601 643 4656 tuam,
679 4595 770 4647 sed
812 4595 1133 4650 mansissem
1158 4606 1215 4650 ut
1261 4599 1430 4666 prius,
1459 4599 1772 4656 omnimode
1822 4603 2033 4672 peritu—

474 4700 568 4739 l'llS
588 4700 735 4739 eram
771 4703 824 4741 Ill
866 4697 1085 4756 peccato
1114 4703 1261 4743 meo.

543 4775 629 4829 95.
662 4774 776 4830 Non
824 4778 1009 4847 utique
1045 4780 1336 4836 obliviscar
1389 4782 1705 4851 passionum
1759 4797 1978 4844 tuarum
2010 4830 2025 4857 ,

472 4866 727 4937 quoniam
759 4884 844 4923 me
873 4879 1146 4927 mortuum
1174 4875 1436 4943 sanguine
1466 4884 1559 4930 tuo
1617 4879 1923 4936 viviﬁeasti.

541 5043 630 5098 94.
654 5041 888 5100 Omnino
923 5047 1198 5103 redemisti
1228 5065 1313 5105 me
1341 5051 1578 5120 pretioso
1607 5059 1702 5108 tuo
1742 5057 2030 5126 sanguine;

473 5135 623 5190 salva
643 5151 749 5202 me,
765 5137 1041 5207 quoniam,
1058 5141 1240 5196 audita
1264 5145 1647 5212 praedicatione
1663 5154 1777 5211 tua,
1803 5149 2030 5206 credidi.

543 5227 632 5282 95.
666 5226 748 5282 Me
776 5231 1142 5299 quaesiverunt
1167 5236 1451 5291 contrariae
1472 5246 1771 5306 potestates
1799 5240 2030 5308 perdere

476 5315 530 5368 in
561 5316 894 5386 idololatrian;
926 5321 1065 5374 dicta
1095 5332 1274 5379 autem
1309 5342 1340 5380 a
1371 5333 1424 5382 te
1468 5328 1536 5383 de
1583 5327 1694 5383 ﬁde
1749 5329 1804 5383 in
1853 5341 1906 5386 te
1932 5369 1949 5396 ,
1981 5341 2036 5387 et

476 5421 570 5474 spe
597 5410 822 5465 audiens
842 5411 1073 5468 credidi.

549 5581 632 5634 96.
667 5581 854 5637 Ornuis
885 5585 1088 5654 gloriae,
1125 5597 1177 5644 et
1217 5590 1448 5647 carnalis
1480 5592 1763 5663 voluptatis
1800 5595 1908 5652 vidi
1957 5595 2020 5650 fi-

557 5717 599 5750 "
628 5717 816 5775 Matth.
841 5733 951 5785 va,
979 5721 1046 5776 18

2131 4409 2259 4462 νίων
2288 4411 2448 4474 αὐτὸς
2471 4410 2768 4477 δεσπόζεις.

2201 4501 2290 4556 92.
2323 4503 2387 4555 Εί
2413 4503 2488 4574 μὴ
2517 4502 2618 4557 κᾶν
2641 4504 2736 4558 νῦν
2769 4506 3024 4578 ἠρξάμην
3063 4507 3354 4579 μανθάνειν
3393 4511 3486 4565 τὸν
3532 4514 3689 4584 νόμον

2134 4611 2250 4658 σου,
2276 4593 2390 4648 ἀλλ’
2414 4595 2622 4666 ἔμεινον
2643 4595 2814 4659 οὕτως
2831 4597 2905 4662 ὡς
2929 4598 2989 4652 τὸ
3014 4595 3294 4670 πρότερον,
3326 4604 3488 4657 παντὶ
3506 4607 3690 4676 τρόπῳ

2134 4680 2276 4756 εἶχον
2313 4685 2606 4741 ἀπολέσθαι
2637 4688 2693 4740 tv
2717 4690 2782 4758 τῇ
2810 4689 3050 4761 ἁμαρτίᾳ
3075 4707 3196 4760 μου.

2202 4776 2286 4830 95.
2323 4777 2436 4830 Οὐκ
2465 4777 2530 4831 ἂν
2556 4778 2897 4848 ἐπιλάθωμαι
2922 4797 3050 4833 ποτε
3081 4781 3192 4834 τῶν
3219 4783 3559 4856 παθημάτων
3574 4804 3682 4850 σου.

2129 4866 2210 4922 ὃτι
2236 4869 2428 4940 νεκρόν
2461 4886 2526 4940 με
2544 4869 2672 4924 ὄντα
2689 4871 2746 4925 ὲν
2775 4871 2852 4942 τῷ
2868 4872 3060 4943 αἵματί
3085 4891 3178 4928 σου
3209 4875 3476 4950 ὲζωοποίη
3503 4878 3684 4950 [item

2131 4958 2405 5031 ποίησας].

2201 5052 2288 5106 94.
2335 5045 2700 5124 Ἐξηγὸρασάς
2723 5070 2789 5124 με
2815 5057 2892 5126 τῷ
2914 5058 3077 5128 τιμίῳ
3102 5075 3195 5112 σου
3225 5059 3414 5131 αἵματι
3446 5054 3680 5126 τελείως·

2137 5139 2308 5193 σῶσόν
2334 5157 2421 5210 με,
2449 5143 2550 5202 ὅτι,
2577 5143 2815 5207 ἀκούσας
2843 5145 2904 5198 τὸ
2938 5148 3198 5218 κήρυγμά
3228 5167 3343 5216 σου,
3370 5153 3678 5209 ἐπίστευσα.

2205 5231 2291 5285 95.
2334 5232 2462 5301 Ἐμὲ
2497 5231 2766 5308 ἐζήτησαν
2785 5239 2842 5292 αί
2864 5241 3098 5294 ἐναντίαι
3133 5241 3390 5313 δυνάμεις
3427 5245 3681 5301 ἀπολέσαι

2137 5323 2194 5377 tv
2209 5324 2275 5394 τῇ
2303 5324 2708 5401 εἰδωλολατρείᾳ
2728 5345 2743 5360 ο
2765 5329 2834 5384 τά
2867 5331 2922 5384 δὲ
2956 5331 3209 5402 λεχθέντα
3243 5337 3395 5406 παρὰ
3432 5337 3526 5390 σοῦ
3561 5337 3680 5409 περὶ

2137 5415 2237 5485 τῆς
2274 5416 2354 5479 είς
2390 5416 2448 5469 σὲ
2477 5417 2710 5484 πίστεως
2753 5421 2846 5475 καὶ
2875 5421 3084 5487 ἐλπίδος
3111 5423 3337 5478 ἀκοῦσαι
3368 5423 3678 5498 [ἀκούσας]

2137 5504 2444 5562 ἐπίστευσα.

2203 5595 2288 5652 96.
2318 5598 2502 5672 Πάσης
2520 5601 2695 5672 δόξης,
2735 5604 2830 5658 καὶ
2878 5604 3224 5672 ἀπολαύσεως
3254 5608 3521 5690 σαρκικῆς
3553 5602 3683 5666 εἶδον
