4004 6212
353 275 497 336 1193

1207 286 1293 340 DE
1331 286 1603 344 TITULIS
1639 285 2090 345 PSALMOBUM.
2127 321 2196 332 -—
2235 290 2433 347 PSAL.
2474 293 2706 350 CXVIII.

3436 306 3574 363 1191»

420 394 508 446 97.
555 393 642 454 Ὠς
668 393 925 465 ἠγάπησα
957 396 1047 449 τὸν
1084 413 1246 468 νομον
1286 417 1398 463 σου,
1441 399 1634 470 Κύριε,
1667 398 1794 469 ὅλην
1819 399 1900 468 τὴι

2088 399 2176 456 97.
2213 399 2284 454 lit
2304 402 2464 458 dilexi
2490 404 2661 475 legem
2686 415 2856 470 tuam,
2882 405 3130 474 Domine,
3154 417 3268 468 tota
3293 418 3380 470 die
3404 432 3575 474 medi-

348 481 560 553 ὴμέραν
604 483 796 555 μελέτη
827 485 927 554 μού
960 488 1123 539 ἐστιν.

419 572 504 626 98.
553 573 719 644 ’Υπὲρ
746 577 868 638 τοὺς
889 575 1113 646 ἐχθρούς
1140 594 1241 648 μου
1276 578 1532 647 ὲώερισάς
1558 597 1623 649 με
1650 579 1745 650 τὴν
1772 582 1919 634 ἐντο-

350 661 448 733 λήν
479 681 599 715 σου·
635 665 714 717 ὄτι
749 667 828 726 εἰς
850 667 941 719 τὸν
974 668 1144 720 αἰῶνα
1174 668 1296 738 ἐμοί
1325 670 1493 723 ἐστιν.

418 751 505 806 99.
554 753 722 825 ’Υπὲρ
769 757 974 820 πάντας
1008 757 1133 821 τοὺς
1172 757 1520 824 διδάσκοντάς
1566 777 1631 830 με
1686 762 1914 832 συνῆκα,

347 845 430 898 ὃτι
462 845 529 897 τὰ
559 846 830 919 μαρτύριά
860 866 952 902 σου
983 850 1178 920 μελέτη
1210 850 1310 921 μού
1332 853 1496 906 ἐστιν.

422 936 540 990 100.
580 938 750 1009 ’Υπὲρ
775 939 1175 1012 πρεσϐυτέρους
1204 944 1428 1013 συνῆκα,
1459 943 1540 994 ὅτι
1579 943 1679 1006 τάς
1703 943 1917 1007 ἐντολάς

350 1043 443 1080 σου
479 1026 799 1098 ὲξεζήτησα.

420 1118 540 1172 101.
580 1120 672 1172 Ἐκ
703 1121 880 1192 πάσης
924 1121 1043 1174 6δοῦ
1078 1124 1316 1194 πονηρᾶς
1346 1123 1593 1180 ἐκώλυσα
1641 1128 1765 1189 τοὺς
1817 1126 1917 1179 πό-

347 1205 442 1270 δας
471 1225 592 1277 μου,
617 1210 764 1272 ὅπως
792 1209 858 1263 ἂν
880 1210 1098 1278 φυλάξω
1128 1214 1252 1276 τοὺς
1279 1213 1470 1282 λόγους
1501 1231 1616 1267 σου.

419 1298 538 1352 102.
587 1301 719 1353 Ἀπὸ
751 1302 858 1354 τῶν
884 1305 1165 1374 κριμάτων
1195 1322 1287 1358 σου
1308 1306 1409 1360 ούκ
1435 1305 1703 1371 ἐξέκλινα·
1733 1308 1816 1362 ὅτι
1851 1309 1916 1360 σὺ

348 1392 740 1463 ἐνομοθέτησάς
775 1413 864 1465 με.

419 1483 540 1538 103.
590 1486 676 1550 Ὡς
728 1487 932 1555 γλυκέα
991 1489 1069 1561 τῷ
1100 1489 1332 1562 λάρυγγί
1371 1508 1472 1562 μου
1510 1492 1578 1546 τὰ
1606 1491 1763 1562 λόγιά
1798 1511 1912 1562 σου,

353 1574 491 1646 ὑπὲρ
517 1575 635 1644 μέλι
663 1578 739 1648 τῷ
773 1579 999 1650 στόματί
1034 1597 1155 1651 μου.

418 1665 541 1719 104.-
577 1667 708 1720 Ἀπὸ
763 1669 870 1721 τῶν
923 1670 1150 1724 ἐντολῶν
1209 1689 1302 1724 σου
1334 1673 1562 1744 συνῆκα·
1616 1675 1706 1728 διά
1755 1676 1912 1730 τοῦτο

345 1756 579 1828 ἐμίσησα
607 1759 786 1812 πᾶσαν
811 1761 929 1813 ὁδὸν
971 1762 1204 1826 ἀδικίας.

415 1847 536 1902 105.
563 1849 768 1919 Λύχνος
795 1854 907 1915 τοῖς
929 1853 1055 1905 ποσί
1093 1870 1193 1923 μου
1218 1856 1246 1906 ὁ
1283 1855 1448 1926 νόμος
1498 1873 1613 1920 σου,
1643 1858 1736 1910 καὶ
1791 1857 1908 1926 φῶς

341 1942 462 2002 ταῖς
486 1939 690 2011 τρίδοις
716 1960 836 2012 μου.

416 2031 533 2086 106.
579 2034 810 2104 Ὠμοσα,
851 2037 944 2090 καὶ
967 2035 1168 2107 ἔστησα
1201 2036 1296 2090 τοῦ
1326 2038 1664 2108 φυλάξασθαι
1697 2039 1764 2093 τά
1787 2040 1910 2112 κρί-

346 2139 490 2193 ματα
520 2125 618 2195 τῆς
647 2126 988 2197 δικαιοσύνης
1013 2145 1126 2182 σου.

2021 492 2148 544 ratio
2176 508 2292 546 mea
2327 503 2427 548 est.

2085 581 2172 634 98.
2207 582 2380 652 Super
2431 584 2681 640 inimicos
2713 601 2864 641 meos
2903 588 3220 657 prudentem
3260 607 3346 648 me
3389 595 3569 655 fecisti

2017 672 2268 727 mandato
2293 682 2415 728 tuo:
2437 676 2563 744 quia
2584 676 2638 729 in
2665 686 2923 731 aeternum
2953 679 3084 734 mihi
3110 690 3212 736 est.

2085 761 2352 832 99.Super
2382 779 2573 821 omnes
2609 767 2864 822 docentes
2891 784 2976 823 me
3002 769 3242 828 intellexi
3273 792 3288 829 :
3323 776 3450 844 quia
3491 789 3573 834 te-

2018 851 2271 905 stimonia
2299 863 2388 907 tua
2419 856 2697 910 meditatio
2721 871 2840 910 mea
2867 866 2973 912 est.

2088 943 2206 996 100.
2236 941 2408 1014 Super
2430 960 2588 1002 senes
2615 948 2870 1013 intellexi,
2894 949 3020 1018 quia
3039 955 3290 1012 mandata
3318 967 3407 1014 tua
3422 974 3572 1030 quae—

2017 1046 2139 1085 51V].

2087 1121 2209 1177 101.
2236 1124 2316 1178 Ab
2348 1126 2495 1178 omni
2520 1126 2603 1180 via
2637 1127 2776 1182 mala
2815 1131 3070 1200 prohibui
3105 1134 3270 1202 pedes
3306 1153 3474 1207 meos,
3512 1151 3571 1197 ut

2016 1215 2313 1268 custodiam
2337 1217 2502 1271 verba
2528 1226 2639 1271 tua.

2087 1307 2208 1360 102.
2233 1309 2278 1360 A
2309 1308 2530 1377 judiciis
2577 1311 2686 1367 tuis
2731 1328 2839 1368 non
2879 1315 3144 1372 decl-inavi
3173 1337 3188 1373 :
3222 1322 3347 1390 quia
3384 1333 3443 1378 tu
3494 1325 3570 1380 le-

2016 1414 2132 1468 gem
2157 1403 2389 1469 posuisti
2422 1402 2575 1456 m'ilii.

2085 1492 2205 1545 105.
2234 1493 2406 1559 Quam
2436 1494 2612 1550 dulcia
2648 1494 2895 1554 faucibus
2928 1500 3063 1556 meis
3089 1502 3298 1572 eloquia
3329 1513 3440 1569 tua,
3474 1522 3568 1561 su-

2015 1597 2109 1652 per
2137 1583 2242 1636 mel
2273 1583 2356 1638 ori
2385 1599 2528 1640 meo.

2087 1672 2210 1726 104.
2238 1673 2282 1726 Α
2326 1675 2594 1733 mandatis
2643 1680 2750 1733 tuis
2793 1681 3026 1736 intellexi
3061 1702 3073 1737 :
3106 1696 3387 1755 propterea
3425 1689 3570 1744 odivi

1943 1749 1984 1803 Β
2013 1779 2226 1819 omnem
2260 1766 2401 1820 viam
2434 1767 2756 1838 iniquitatis.

2088 1857 2208 1912 105.
2240 1857 2482 1913 Lucerna
2517 1860 2744 1929 pedibus
2777 1864 2913 1920 meis
2941 1866 3170 1922 ‘verbum
3205 1878 3381 1935 tuum,
3411 1880 3465 1925 et
3489 1870 3572 1924 ιη-

2017 1964 2140 2002 men
2173 1948 2380 2003 semitis
2407 1950 2561 2004 meis.

2088 2039 2208 2093 106.
2237 2038 2447 2105 Juravi,
2481 2048 2537 2096 et
2582 2044 2748 2098 statui
2801 2046 3073 2103 custodire
3102 2049 3304 2119 judicia
3347 2053 3572 2123 justitia'

2019 2138 2143 2183 tua).

1480 2293 1850 2350 ATIIANASII
1885 2293 2458 2350 INTERPRETATIO.

338 2419 492 2484 τέλος
511 2439 526 2450 ·
547 2438 596 2474 ο.
631 2422 688 2476 δὲ
711 2439 809 2492 την
837 2425 1066 2497 εντολὴν
1089 2443 1180 2479 σου
1210 2425 1565 2497 φυλάττοντες
1620 2431 1910 2502 ἀτελευτή-

339 2529 437 2564 του
463 2511 638 2582 δόξης,
663 2514 756 2567 καὶ
776 2515 1122 2580 ἀπολαύσεως
1145 2517 1440 2582 ἀξιοῦνται.

412 2601 502 2655 97.
529 2603 613 2666 Ὠς
642 2604 796 2672 μόνος
817 2606 1068 2678 ἠρξάμην
1089 2609 1310 2680 ἀγαπᾷν
1329 2609 1419 2663 τὸν
1435 2611 1596 2682 νόμον
1623 2629 1736 2676 σου,
1762 2614 1906 2667 ἀδια-

338 2694 574 2758 λείπτως
596 2695 779 2750 λοιπὸν
803 2698 1123 2770 φωτίζομαι,
1147 2702 1239 2754 καὶ
1273 2703 1599 2774 προσκόπτω
1617 2707 1674 2758 ὲν
1697 2705 1867 2778 αὐτῷ.

411 2786 498 2841 98.
533 2786 664 2850 Ταῖς
687 2789 794 2859 γὰρ
815 2791 1082 2855 ἐναντίαις
1106 2792 1364 2863 δυνάμεσι
1400 2796 1491 2848 καὶ
1513 2798 1648 2850 πᾶσι
1676 2801 1789 2862 τοῖς
1816 2801 1905 2852 αἱ-

340 2878 577 2946 ρετικοῖς
601 2877 699 2929 ούκ
722 2878 928 2942 ἔδωκας
946 2881 1200 2952 τοιαύτην
1227 2882 1408 2954 χάριν,
1434 2884 1509 2948 ὼς
1534 2887 1679 2954 ἐμοὶ,
1703 2887 1797 2940 τοῦ
1827 2890 1905 2940 εί-

335 2969 488 3024 δέναι
508 2970 606 3034 τάς
626 2971 841 3035 ἐντολάς
867 2989 982 3038 σου,
1008 2973 1088 3026 ὅτι
1114 2975 1236 3044 ἐμοὶ
1269 2974 1622 3040 ἀδιαλείπτως
1645 2978 1906 3050 ἐδωρήσω

336 3062 438 3135 τὴν
470 3062 629 3133 χάριν
662 3065 849 3135 αὐτήν.

410 3154 518 3227 99.,
545 3154 713 3227 Ὑπὲρ
739 3159 862 3219 τοὺς
899 3155 1282 3228 παλαιοτέρους
1311 3175 1408 3227 μου
1448 3161 1515 3229 τῇ
1551 3159 1737 3232 ἡλικίᾳ
1766 3163 1908 3229 ἐφω-

333 3243 617 3314 τίσθη-»τὰ
645 3244 799 3312 λόγιά
828 3262 940 3309 σου,
982 3246 1064 3298 ὅτι
1087 3244 1278 3308 νυκτὸς
1325 3246 1416 3298 καὶ
1459 3247 1672 3318 ἡμέρας
1701 3250 1758 3300 ὲν
1808 3249 1907 3301 αύ-

333 3339 451 3400 τοῖς
487 3337 714 3407 μελετῶ.

412 3429 533 3482 100.
565 3428 735 3499 ’Υπὲρ
763 3429 888 3490 τοὺς
914 3429 1021 3499 πρὸ
1047 3426 1180 3498 ἐμοῦ
1201 3428 1359 3492 ὄντας
1379 3430 1445 3498 τῇ
1475 3427 1670 3496 γνώσει
1701 3428 1909 3499 συνῆκα

332 3519 438 3590 τὴν
500 3519 728 3590 δύναμιν
786 3519 894 3572 τῶν
949 3521 1200 3590 Γραφῶν,
1263 3521 1343 3573 ὅτι
1389 3521 1487 3581 τὰς
1541 3521 1758 3583 ἐντολάς
1815 3537 1907 3573 σου

336 3610 603 3681 ὲπόθησα.

411 3704 531 3759 101.
571 3704 704 3756 Ἀπὸ
734 3702 913 3772 πάσης
961 3702 1231 3773 ἁμαρτίας
1277 3702 1517 3772 πονηρᾶς
1563 3701 1905 3771 ἐπαυσάμην,

332 3793 486 3855 ὅπως
524 3792 796 3864 πληρώσω
827 3795 906 3855 εἰς
939 3793 999 3845 σὲ
1044 3794 1139 3846 καὶ
1169 3791 1260 3844 τὸν
1319 3791 1546 3862 πλησίον
1573 3791 1813 3861 ἀγάπην.

409 3883 529 3938 102.
576 3885 662 3936 Ἐν
689 3887 802 3946 τοῖς
842 3883 1220 3954 προστάγμασι
1246 3900 1340 3935 σου
1385 3882 1612 3950 πλαγεὶς
1635 3884 1736 3935 οὐκ
1778 3885 1907 3935 ὲπο-

333 3973 526 4045 ρεύθη,
553 3975 635 4027 ὅτι
661 3976 724 4028 σὺ
759 3975 857 4044 τῆς
884 3975 1102 4046 χάριτός
1132 3992 1226 4027 σου
1254 3973 1602 4046 [ἐπορεύθην,
1636 3975 1718 4027 ὅτι
1744 3975 1807 4027 σὺ
1839 3977 1904 4045 τῇ

331 4067 516 4138 χάριτί
549 4066 667 4139 σου]
694 4067 977 4138 ὀδηγήσεις
1007 4084 1094 4138 με.

408 4158 530 4213 105.
559 4158 632 4210 Τὸ
660 4159 758 4230 μὲν
785 4158 996 4229 πρῶτον
1057 4158 1222 4211 ἰδικὸν
1250 4157 1406 4211 τοῦτό
1443 4158 1581 4223 ἐστι,
1631 4159 1712 4212 ὅτι
1766 4159 1903 4231 ὑπὲρ

327 4250 399 4304 τὸ
433 4252 552 4321 μέλι
572 4251 880 4322 γλυκύτερά
899 4254 1002 4304 εἰσι
1030 4251 1097 4304 τὰ
1125 4249 1280 4318 λόγιά
1303 4266 1417 4302 σου·
1451 4251 1626 4303 ὲκεῖνο
1649 4251 1756 4322 γὰρ
1780 4250 1901 4304 οὔτε

2011 2445 2168 2484 nem:
2201 2429 2570 2484 custodientes
2628 2439 2806 2485 autem
2857 2434 3174 2490 mandatum
3228 2447 3378 2492 tuum
3424 2440 3569 2511 digni

2005 2517 2130 2574 facti
2159 2527 2286 2574 sunt
2313 2520 2603 2575 intermina
2627 2522 2819 2591 gloria,
2855 2533 2909 2578 et
2939 2526 3235 2596 voluptate.

2075 2609 2163 2663 97.
2197 2609 2265 2665 Ut
2293 2610 2468 2665 solum
2513 2611 2652 2679 coepi
2685 2612 2906 2683 diligere
2949 2615 3116 2686 legem
3153 2628 3333 2686 tuam,
3367 2620 3567 2678 indesi-

2004 2712 2198 2758 nenter
2227 2715 2413 2774 postea
2449 2703 2750 2771 illuminor,
2782 2715 2837 2761 et
2861 2708 3085 2774 proﬁcio
3106 2707 3161 2763 in
3186 2711 3328 2781 ipsa.

2074 2792 2163 2848 98.
2199 2791 2333 2847 Nam
2361 2794 2650 2848 contrariis
2677 2797 3057 2864 potestatibus,
3085 2807 3142 2854 et
3167 2801 3422 2858 omnibus
3453 2804 3564 2860 ba:-

2002 2886 2186 2940 reticis
2212 2900 2316 2940 non
2346 2886 2542 2940 dedisti
2573 2885 2738 2940 talem
2765 2888 3016 2958 gratiam,
3044 2889 3186 2946 sicut
3211 2893 3366 2960 mibi,
3391 2904 3452 2949 ut
3476 2895 3563 2950 in-

2001 2977 2294 3047 telligerem
2319 2978 2570 3031 mandata
2599 2985 2709 3044 tua,
2741 2979 3000 3048 quoniam
3029 2981 3163 3037 mihi
3187 2983 3556 3042 indesinenter

1933 3083 1974 3139 c
2005 3068 2218 3123 donasti
2247 3083 2366 3123 eam
2395 3069 2644 3139 gratiam.

2081 3160 2170 3216 99.
2215 3158 2387 3229 Super
2418 3175 2608 3216 omnes
2649 3161 2889 3218 seniores
2933 3180 3020 3220 me
3065 3165 3405 3224 illuminatus
3439 3186 3561 3226 sum

2009 3252 2064 3306 in
2085 3252 2315 3322 eloquiis
2343 3253 2471 3318 tuis,
2502 3254 2762 3322 quoniam
2791 3262 2950 3309 necte
2983 3270 3049 3310 ac
3084 3257 3172 3312 die
3202 3258 3256 3312 in
3287 3259 3420 3328 ipsis
3451 3276 3564 3316 me-

2009 3341 2172 3397 (litor.

2081 3433 2202 3487 100.
2238 3433 2412 3502 Super
2451 3449 2663 3498 omnes,
2689 3435 2782 3504 qui
2821 3436 3212 3492 antecedebant
3254 3453 3338 3494 me
3379 3441 3567 3512 cogni-

2011 3525 2176 3589 tione,
2231 3526 2468 3581 intellexi
2519 3527 2774 3582 virtutem
2812 3527 3242 3598 Scripturarum,
3301 3535 3565 3602 quoniam

2009 3617 2260 3670 mandata
2283 3625 2371 3670 tua
2410 3617 2732 3672 desideravi.

2077 3706 2197 3761 1M.
2233 3707 2314 3760 Ab
2345 3708 2491 3761 omni
2520 3721 2686 3776 pravo
2740 3717 2961 3778 peccato
2990 3685 3224 3779 cessavi,
3265 3722 3326 3768 ut
3352 3729 3476 3785 erga
3513 3724 3566 3770 te

2008 3805 2062 3849 et
2096 3797 2400 3865 proximum
2424 3798 2744 3852 charitatem
2773 3800 3070 3868 implerem.

2083 3887 2204 3942 102.
2229 3887 2285 3941 In
2309 3893 2590 3960 przeceplis
2617 3891 2724 3945 tuis
2747 3893 2968 3946 territus
2992 3893 3286 3961 ambulavi,
3303 3897 3563 3966 quoniam

2008 3989 2062 4030 tu
2091 3980 2321 4036 deduces
2354 3998 2440 4036 me
2468 3983 2637 4051 gratia
2665 3992 2776 4036 tua.

2079 4153 2198 4207 105.
2235 4153 2448 4209 Primus
2496 4156 2711 4224 quidem
2762 4155 3016 4224 proprius
3073 4171 3267 4213 sensus
3321 4158 3410 4214 hic
3458 4169 3563 4226 est,

2003 4246 2147 4315 quod
2170 4246 2326 4300 melle
2358 4246 2597 4301 dulciora
2637 4256 2764 4301 sunt
2801 4247 3016 4317 eloquia
3049 4256 3139 4304 tua
3176 4267 3191 4315 ;
3237 4250 3369 4306 illud
3416 4255 3561 4308 enim

330 4343 416 4407 εἰς
442 4343 541 4412 τὴν
599 4341 825 4413 καρδίαν
865 4359 965 4411 μου
999 4341 1332 4410 εἰσέρχονται
1381 4338 1754 4411 [είσέρχεται].
1807 4342 1900 4394 καὶ

2003 4353 2181 4408 neque
2215 4337 2270 4392 in
2301 4353 2394 4392 cor
2417 4354 2595 4392 meum
2625 4338 2943 4408 ingreditur,
2991 4349 3044 4395 et
3081 4350 3368 4411 postquam
3409 4360 3564 4400 acce-

333 4435 476 4507 μετά
495 4434 678 4489 λαϐεῖν
710 4435 860 4497 αὐτὸ,
881 4432 1086 4495 εὐθέως
1104 4433 1138 4502 ἡ
1161 4430 1432 4500 γλυκύτης
1454 4430 1617 4483 αὐτοῦ
1646 4431 1894 4485 παύεται·

2002 4441 2153 4500 ptum
2195 4439 2296 4493 est,
2324 4432 2504 4484 statim
2536 4440 2714 4485 cessat
2750 4429 2869 4499 ejus
2904 4431 3131 4487 dulcedo
3166 4448 3182 4497 ;
3215 4433 3327 4489 lucc
3358 4444 3560 4495 autem.

327 4526 503 4580 ταῦτα
522 4527 581 4580 δὲ
611 4525 932 4596 διαμένοντα
960 4525 1039 4586 εἰς
1058 4523 1154 4592 τὴν
1187 4522 1415 4594 καρδίαν
1448 4538 1550 4592 μου
1577 4521 1904 4585 πλεονάζουο

332 4635 420 4671 σιν
443 4619 524 4680 είς
547 4616 644 4688 ἐμὲ
672 4617 768 4688 τὴν
798 4614 1109 4684 γλυκύτητα
1141 4613 1336 4666 αὐτῶν·
1368 4614 1430 4666 τὸ
1457 4613 1511 4666 δὲ
1533 4612 1901 4686 ἀλληγορῆσαι

327 4710 490 4764 τοῦτό
517 4713 682 4776 ἐστιν,
712 4710 846 4779 ὅπερ
882 4708 1022 4778 ὑπὲρ
1052 4708 1230 4760 πᾶσαν
1260 4705 1498 4776 ήδύτητα
1549 4705 1641 4758 τοῦ
1697 4705 1899 4776 κόσμου

328 4801 641 4872 γλυκύτερά
671 4799 868 4854 εἰσιτά
911 4799 1069 4868 λόγιά
1111 4815 1223 4862 σου,
1252 4799 1332 4850 ὅτι
1375 4798 1473 4867 τῆς
1515 4797 1733 4851 αἰωνίου
1764 4800 1900 4851 ἀπο-

329 4892 574 4955 λαύσεως
612 4891 792 4962 ἔχουσι
815 4891 914 4962 τὴν
946 4887 1290 4960 προσδοκίαν.

343 5031 348 5034 .
402 4983 523 5039 104.
566 4984 697 5036 Ἀπὸ
745 4982 853 5034 τῶν
874 4981 1251 5050 δικαιωμάτων
1274 4996 1368 5032 σου
1403 4977 1780 5050 συνεπείσθην·
1810 4979 1899 5032 διὰ

327 5073 488 5128 τοῦτο
513 5073 866 5142 ἀπεστράφην
891 5071 1070 5122 πᾶσαν
1097 5068 1396 5139 ἁμαρτίαν.

401 5164 524 5220 105.
551 5165 716 5218 Ὅταν
755 5163 942 5224 σκότος
969 5159 1171 5232 ἐπέλθῃ
1199 5177 1286 5229 μοι
1316 5161 1414 5230 τῆς
1447 5157 1742 5230 ἁμαρτίας,
1773 5156 1899 5226 φαί-

329 5277 412 5315 νει
442 5275 530 5330 μοι
566 5257 738 5328 ὖνομά
770 5271 885 5319 σου,
933 5253 1008 5325 μὴ
1048 5249 1348 5323 προσκόψαι
1374 5248 1781 5321 [προσκόψαπά
1807 5246 1896 5320 με]

326 5354 398 5423 τῇ
455 5348 696 5419 ἁμαρτίᾳ
739 5347 942 5408 πεσεῖν,
997 5343 1031 5414 ἢ
1070 5341 1345 5412 πληγῆναι
1392 5339 1472 5393 ἔτι
1505 5340 1608 5410 τῆς
1658 5339 1898 5403 διανοίας

329 5460 434 5515 μου
469 5440 558 5512 [τῇ
582 5440 789 5509 διανοίᾳ
811 5435 959 5508 μου].
988 5435 1082 5488 καὶ
1101 5431 1320 5502 φωτίζει
1380 5448 1470 5501 με,
1517 5431 1571 5483 τί
1593 5433 1824 5501 ποιήσω.

401 5537 525 5593 106.
569 5536 627 5588 '0
655 5536 813 5605 ὅρκος
842 5531 1023 5592 πίστις
1083 5526 1222 5580 ἐστί·
1256 5523 1549 5586 πιστεύσας
1585 5519 1678 5577 οὖν
1709 5526 1788 5587 εἰς
1815 5524 1894 5591 σὲ,

327 5628 587 5702 ἑστήριξα
609 5628 706 5700 τὴν
733 5625 956 5697 καρδίαν
989 5639 1110 5695 μου,
1148 5619 1241 5674 τοῦ
1270 5618 1553 5690 πληρῶσαι
1593 5617 1655 5671 τὸ
1685 5616 1897 5687 θέλημα

333 5724 431 5791 τῆς
447 5719 778 5792 ,ἀγαθότητός
803 5734 914 5768 σου.

653 5814 932 5895 ,ΡΑτιιοιη
967 5811 1082 5870 Gn.
1117 5805 1378 5868 XXVII.

2001 4536 2123 4575 cum
2149 4529 2497 4591 perseverant
2524 4521 2576 4574 in
2601 4520 2762 4576 corde
2788 4535 2931 4588 meo,
2961 4531 3160 4593 augent
3209 4521 3262 4576 in
3295 4538 3381 4578 me
3405 4539 3560 4579 suam

2000 4614 2336 4668 dulcedinem
2365 4632 2379 4667 :
2416 4613 2705 4683 allegorice
2739 4623 2917 4667 autem
2963 4613 3067 4668 hoc
3099 4614 3385 4684 signiﬁcat,
3413 4617 3559 4686 quod

2001 4706 2213 4774 eloquia
2255 4715 2347 4760 tua
2379 4706 2621 4761 dulciora
2667 4715 2794 4760 sunt
2835 4704 2984 4758 omni
3031 4704 3218 4759 mundi
3254 4707 3556 4770 dulcedine,

2001 4799 2257 4866 quoniam
2281 4799 2736 4867 exspectationem
2773 4796 2972 4850 habent
3002 4806 3218 4851 aeternae
3244 4797 3554 4866 voluptatis.

2071 4966 2194 5021 104.
2239 4967 2284 5020 Α
2324 4966 2810 5036 justiticationi’bus
2845 4968 2952 5022 tuis
2978 4967 3203 5022 edoctus
3237 4983 3381 5031 sum,
3424 4981 3550 5037 pro-

2000 5067 2180 5126 pterea
2209 5057 2552 5112 abominatus
2572 5072 2693 5111 sum
2723 5073 2884 5110 omne
2905 5066 3204 5127 peccatum.

2070 5149 2193 5204 105.
2228 5148 2364 5203 Cum
2381 5149 2582 5217 peccati
2607 5149 2842 5202 tenebrae
2864 5148 3126 5218 ingruunt
3145 5146 3300 5212 mihi,
3331 5157 3555 5216 apparet

1999 5239 2132 5294 mihi
2163 5253 2360 5293 nomen
2395 5248 2569 5302 tuum,
2611 5253 2678 5293 ne
2713 5236 2991 5291 offendens
3028 5237 3082 5290 in
3128 5244 3430 5305 peccatum,
3461 5251 3555 5291 ca-

1998 5333 2146 5394 dam,
2179 5339 2273 5384 aut
2300 5329 2460 5383 etiam
2489 5339 2668 5384 mente
2708 5343 2826 5383 mea
2878 5325 3170 5396 percutiar,
3202 5335 3258 5381 et
3281 5325 3557 5380 illuminat

1998 5437 2104 5487 me,
2133 5420 2262 5490 quid
2302 5419 2516 5473 faciam.

2073 5513 2190 5568 106.
2233 5511 2611 5566 Juramentum
2665 5508 2799 5564 ﬁdes
2839 5517 2924 5563 est
2960 5525 2974 5561 :
3015 5505 3240 5562 credens
3287 5504 3451 5576 igitur
3495 5504 3551 5559 in

1997 5616 2068 5673 te,
2105 5604 2388 5659 obﬁrmavi
2436 5619 2530 5660 cor
2572 5615 2775 5658 meum.
2826 5609 2884 5655 ut
2929 5599 3180 5668 impleam
3223 5598 3553 5658 voluntatem

1999 5697 2257 5756 bonitatis
2283 5704 2407 5750 tuae.

3197 5783 3276 5843 38
