4004 6212
358 261 494 317 1197

1200 263 1285 316 DE
1328 261 1606 317 TiTULlS
1644 260 2086 316 PSALMORUM.
2125 293 2194 302 —
2232 263 2429 321 PSAL.
2467 263 2698 321 CXVIII.

3449 278 3580 330 “133

431 371 546 425 118.
608 370 990 434 Ἐξουδένωσας
1039 372 1242 434 πάντας
1297 375 1421 436 τοὺς
1492 374 1910 438 ἀποστεροῦντας

2097 375 2218 432 118.
2252 376 2509 446 Sprevisti
2541 396 2730 436 omnes
2755 381 3090 440 discedentes
3124 401 3151 439 a
3172 385 3394 454 iudiciis
3427 395 3534 445 tuis
3568 414 3577 445 :

353 463 462 517 ἀπὸ
482 463 587 515 τῶν
611 465 992 534 δικαιωμάτων
1044 481 1134 516 σου
1154 481 1166 492 ·
1221 466 1300 518 ὅτι
1334 466 1516 519 ἄδικον
1548 467 1606 519 τὸ
1636 465 1924 537 ἐνθύμημα

352 573 420 608 au
427 572 552 607 των.

428 645 547 699 119.
620 645 1056 717 Παραϐαίνοντας
1117 647 1446 720 ἐλογισάμην
1520 651 1728 712 πάντας
1799 650 1926 712 τοὺς

355 737 708 808 ἁμαρτωλοὺς
741 741 839 808 τῆς
865 739 988 808 γῆς·
1024 738 1112 792 διὰ
1160 740 1316 793 τοῦτο
1371 742 1632 811 ἠγάπησα
1678 741 1746 794 τὰ
1777 759 1924 811 μαρ-

352 828 514 898 τύριά
548 845 663 882 σου.

425 910 547 975 120.
574 919 893 991 Καθήλωσον
916 923 980 974 ὲκ
998 920 1088 974 τοῦ
1119 921 1284 990 φόϐου
1315 939 1404 975 σου
1437 923 1537 986 τὰς
1567 924 1774 995 σάρκας
1796 939 1919 992 μου⁸

351 1012 459 1066 ἀπὸ
490 1012 596 1084 γὰρ
625 1013 732 1064 τῶν
761 1013 1041 1083 κριμάτων
1073 1031 1165 1068 σου
1203 1014 1496 1086 ἐφοϐήθην.

426 1100 842 1172 121.”Εποίησα
871 1106 1042 1175 κρῖμα
1092 1106 1184 1157 καὶ
1229 1104 1590 1176 δικαιοσύνην·
1646 1108 1720 1179 μὴ
1753 1128 1922 1181 παρα-

349 1191 454 1262 δῷς
487 1211 551 1263 με
580 1197 690 1256 τοῖς
717 1195 959 1248 ἀδικοῦσί
985 1214 1072 1267 με.

426 1283 542 1336 122.
578 1284 829 1348 Ἔκδεξαι
861 1284 950 1339 τὸν
975 1286 1156 1340 δοῦλόν
1187 1305 1279 1341 σου
1330 1292 1410 1352 είς
1456 1291 1679 1359 ἀγαθόν’
1716 1293 1790 1362 μὴ
1828 1311 1921 1345 συ-

350 1375 842 1446 κοφαντησάτωσάν
881 1395 950 1447 με
975 1378 1330 1450 ὑπερήφανοι.

422 1465 541 1518 125.
587 1468 648 1519 Οἱ
689 1467 957 1539 ὀφθαλμοί
1005 1487 1107 1539 μου
1157 1469 1401 1535 ἐξέλιπον
1425 1473 1517 1534 ἐίς
1556 1474 1616 1525 τὺ
1659 1475 1920 1544 σωτήριόν

352 1574 470 1620 σου,
494 1557 586 1611 καὶ
616 1560 695 1620 εἰς
725 1560 786 1611 τὸ
809 1559 986 1628 λόγιον
1011 1561 1112 1630 τῆς
1138 1561 1482 1634 δικαιοσύνης
1516 1581 1629 1618 σου.

422 1649 544 1703 121.
573 1650 804 1722 Ποίησον
849 1651 987 1722 μετὰ
1022 1653 1114 1706 τοῦ
1158 1645 1346 1707 δούλού
1379 1672 1471 1708 σου
1515 1655 1654 1708 κατὰ
1679 1657 1738 1708 τὸ
1770 1657 1917 1721 ἔλεός

353 1759 466 1805 σου,
494 1742 587 1795 καὶ
616 1743 684 1796 τὰ
714 1743 1054 1814 δικαιώματά
1088 1763 1178 1799 σου
1204 1746 1409 1812 δίδαξόν
1442 1764 1529 1818 με.

421 1834 544 1888 125.
575 1834 767 1898 Δοῦλός
798 1834 889 1888 σού
917 1838 1030 1907 εἰμι
1056 1837 1189 1906 ἐγὼ,
1227 1839 1502 1892 συνέτισόν
1524 1858 1614 1910 με,
1647 1842 1740 1894 καὶ
1772 1841 1914 1909 γνὼ-

351 1940 513 1992 σομαι
539 1924 606 1977 τὰ
634 1925 908 1996 μαρτύριά
935 1943 1052 1981 σου.

423 2014 540 2069 126.
568 2017 772 2086 Καιρὸς
813 2017 906 2069 τοῦ
945 2018 1165 2088 ποιῆσαι
1197 2018 1276 2089 τῷ
1321 2020 1541 2092 Κυρίῳ·
1567 2021 1912 2075 διεσκέδασαν

348 2105 439 2156 τδν
467 2107 628 2176 νόμον
666 2123 781 2160 σου.

420 2198 540 2252 127.
585 2200 681 2253 Διὰ
725 2200 879 2254 τοῦτο
927 2202 1189 2274 ἠγάπησα
1215 2205 1314 2267 τὰς
1362 2206 1580 2267 ἐντολάς
1624 2224 1715 2258 σου
1781 2209 1915 2277 ἓπὲρ

347 2290 588 2359 χρυσίον,
609 2292 702 2343 καὶ
728 2293 1000 2355 τοπάζιον.

2025 469 2151 537 quia
2179 469 2379 538 injusta
2403 473 2658 541 cogitatio
2683 488 2895 531 eorum.

2098 647 2218 700 119.
2257 647 2677 706 Praevaricantes
2720 653 2966 722 reputavi
3027 671 3216 709 omnes
3273 667 3581 725 pugnus

2025 747 2181 794 terrae
2209 757 2222 792 :
2254 739 2374 794 ideo
2399 741 2560 795 dilexi
2593 743 2902 798 testimonia
2935 754 3046 799 tua.

2096 917 2215 972 120.
2241 918 2461 989 Conlige
2499 920 2693 976 timore
2723 931 2818 977 tuo
2843 937 3038 978 carnes
3077 938 3226 978 meas
3259 941 3272 976 :
3305 941 3333 977 a
3359 925 3584 990 judiciis

2021 1011 2163 1065 cnim
2193 1012 2299 1066 tuis
2326 1013 2502 1068 timui.

2093 1103 2214 1157 121.
2253 1102 2375 1157 Feci
2411 1103 2677 1172 judicium
2710 1115 2764 1160 et
2793 1105 3064 1172 justitiam
3093 1124 3106 1160 :
3136 1122 3244 1160 non
3281 1107 3464 1162 tradas
3497 1123 3584 1161 me

2022 1195 2482 1249 calumniantibus
2507 1211 2614 1250 me.

2093 1287 2214 1341 122.
2235 1286 2459 1356 Suscipe
2485 1303 2701 1342 servum
2730 1295 2880 1341 tuum
2905 1288 2959 1341 in
2983 1289 3182 1343 bonum
3211 1305 3352 1346 :uon
3384 1292 3585 1346 calum-

2021 1378 2240 1432 nientur
2269 1394 2355 1432 me
2401 1379 2642 1449 superbi.

2093 1457 2210 1523 125.
2235 1467 2387 1524 Oculi
2421 1469 2525 1524 mei
2557 1468 2866 1525 defecerunt
2899 1470 2952 1524 in
2983 1470 3221 1524 salutare
3283 1481 3458 1534 tuum,
3524 1481 3578 1524 et

2021 1560 2074 1613 in
2103 1561 2380 1630 eloquium
2407 1561 2632 1629 iustitia:
2657 1569 2782 1614 tuaa.

2090 1652 2212 1706 121.
2236 1650 2345 1706 Fac
2359 1666 2483 1706 cum
2511 1667 2669 1707 servo
2703 1663 2797 1706 tuo
2827 1653 3123 1707 secundum
3149 1653 3578 1709 misericordiam

1936 1730 1988 1784 Β
2017 1752 2187 1803 tuam,
2212 1752 2265 1798 et
2292 1743 2709 1812 justiﬁcationes
2738 1752 2857 1797 tuas
2881 1744 3014 1798 doce
3039 1759 3145 1797 me.

2088 1832 2210 1885 125.
2239 1831 2439 1886 Servus
2464 1841 2590 1887 tuus
2619 1847 2739 1885 sum
2784 1848 2903 1902 ego,
2938 1833 3004 1886 da
3055 1833 3186 1886 mihi
3214 1809 3578 1897 intellectum,

2015 1937 2068 1980 et
2096 1927 2263 1980 sciam
2293 1925 2600 1980 testimonia
2633 1934 2744 1978 tua.

2087 2019 2208 2073 126.
2266 2019 2504 2089 Tempus
2559 2017 2790 2073 faciendi
2857 2019 3122 2074 Domino:
3179 2018 3580 2090 dissipaverunt

2015 2112 2183 2180 legem
2211 2121 2384 2166 tuam.

2086 2200 2365 2256 127.1(1εο
2413 2201 2578 2256 dilexi
2629 2201 2884 2257 mandata
2919 2211 3012 2257 tua
3065 2218 3228 2272 super
3262 2218 3476 2264 aurum.
3525 2215 3580 2259 et

2016 2303 2286 2362 topaznon.

1478 2429 1848 2486 ATHANASII
1877 2423 2456 2482 INTERPRETATIO.

345 2590 441 2643 καὶ
465 2588 893 2660 φυλαχθησομαι,
923 2591 1013 2642 καὶ
1047 2591 1262 2661 εἰρήνης
1310 2588 1475 2662 οὔσης
1508 2592 1565 2643 ὲν
1595 2591 1738 2660 ἐμοὶ,
1766 2591 1918 2642 οὐδε-

349 2685 448 2753 μία
479 2701 566 2752 μοι
592 2684 724 2753 ἄχλη
753 2681 934 2753 [ἄλλη]
969 2683 1117 2735 ἔσται
1141 2683 1378 2753 φροντὶς,
1407 2682 1439 2752 ἢ
1482 2683 1556 2752 μὴ
1607 2681 1700 2734 τοῦ
1748 2683 1920 2732 ποιεῖν

342 2774 408 2826 τὸ
434 2773 641 2844 θέλημά
676 2791 767 2826 σου
789 2772 1092 2835 διαπαντός.
1580 2825 1588 2838 ,

417 2865 538 2918 118.
574 2866 770 2916 ’Ότιοὶ
808 2865 903 2934 μὲν
958 2865 1278 2916 ἐπίστευσαν
1317 2859 1454 2916 εἶναί
1506 2879 1565 2915 σε
1610 2862 1761 2925 Θεὸν,
1784 2863 1831 2914 οἱ
1861 2862 1916 2914 δὲ

2018 2590 2159 2651 diar,
2184 2596 2380 2641 etcum
2418 2601 2522 2655 pax
2561 2586 2665 2641 erit
2693 2585 2747 2639 in
2793 2601 2900 2647 me,
2939 2585 3086 2639 nulla
3133 2586 3236 2639 alia
3277 2587 3409 2639 mihi
3443 2601 3575 2642 cura

2016 2681 2139 2743 erit,
2165 2680 2268 2734 nisi
2294 2678 2471 2733 facere
2494 2678 2824 2733 voluntatem
2856 2687 3005 2731 tuam
3031 2694 3260 2746 semper.

2087 2849 2209 2904 118.
2242 2849 2511 2917 Quoniam
2551 2849 2647 2905 alii
2683 2851 2901 2920 quidem
2932 2852 3276 2905 crediderunt
3321 2861 3372 2906 te
3407 2853 3574 2908 Deum

339 2959 410 3026 τῇ
455 2957 725 3027 ἀσελγείᾳ,
762 2955 854 3009 καὶ
882 2959 945 3026 τῇ
975 2955 1271 3025 πλεονεξία,
1299 2955 1392 3008 καὶ
1439 2957 1548 3016 τοῖς
1582 2954 1786 3014 λοιποῖς
1827 2953 1910 3015 ἒξ-

2019 2959 2159 3007 esse,
2186 2945 2274 2998 alii
2301 2954 2482 2999 autem
2515 2944 2753 2999 lasciviae
2774 2953 2828 2998 et
2869 2944 3130 3008 avaritire,
3159 2958 3211 2997 et
3239 2945 3465 3014 reliquis
3497 2947 3580 2998 vi-

343 3047 551 3100 ἐδωκαν
583 3045 828 3108 ἑαυτούς.

414 3134 536 3190 119.
575 3136 953 3206 Ἐλογισάμην,
1007 3135 1088 3189 ὅτι
1137 3133 1498 3206 ἀπολλύμενοι
1559 3136 1663 3187 εἰσι
1717 3134 1914 3197 πάντες

339 3227 390 3277 oi
511 3227 763 3297 ἀσελγείᾳ
789 3226 1188 3296 κεκολλημένοι·
1216 3226 1305 3279 διὰ
1331 3226 1487 3279 τοῦτο
1515 3225 1662 3278 ποθῶ
1691 3226 1757 3277 τὰ
1784 3242 1918 3295 μαρ-

339 3318 503 3386 τύριά
535 3334 646 3370 σον
678 3318 760 3370 ὅτι
785 3315 899 3389 ζωὴ
922 3316 1136 3380 αἰώνιός
1161 3318 1320 3372 εἰσιν.

417 3409 536 3463 120.
573 3409 883 3479 Πεπηγέναι
915 3409 1139 3479 ποίησον
1173 3411 1464 3464 ἀσάλευτον
1496 3410 1553 3463 ἐν
1585 3412 1698 3472 τοῖς
1731 3409 1913 3480 μέλεσί

343 3517 446 3568 μου
475 3500 565 3552 τὸν
610 3500 770 3569 φόϐον
820 3517 934 3561 σου,
981 3502 1067 3554 ’ίνα
1121 3503 1523 3573 νενεκρωμένος
1578 3502 1808 3571 ὑπάρχω
1848 3504 1912 3568 τῇ

341 3590 604 3662 ἁμαρτία’
635 3592 841 3661 ἥκουσα
865 3592 972 3660 γὰρ
1017 3593 1144 3661 περὶ
1175 3594 1282 3646 τῶν
1339 3594 1568 3646 αἰωνίων
1619 3593 1910 3652 κολάσεων,

339 3683 436 3734 καὶ
457 3682 748 3753 ἐφοϐήθην.

414 3774 534 3828 121.
595 3776 920 3828 Ἐπίστευσα
974 3775 1155 3838 καθὼς
1223 3775 1470 3828 ὲνετείλω
1538 3791 1652 3844 μοι,
1707 3775 1801 3826 καὶ
1854 3773 1914 3824 τὸ

337 3865 553 3936 θέλημά
584 3884 678 3919 σου
709 3867 884 3936 πεπλή
896 3884 1062 3936 ρωκα·
1088 3867 1161 3937 μὴ
1180 3867 1539 3937 συγχωρήσῃς
1559 3864 1912 3935 κυριευθῆναί

337 3974 410 4028 με
436 3957 540 4010 ὑπὸ
567 3959 672 4010 τῶν
695 3960 948 4012 ἐναντίων
972 3958 1270 4028 δυνάμεων.

409 4047 531 4101 122.
594 4048 1030 4119 Μακροθύμησον
1071 4051 1147 4112 εἰς
1190 4048 1286 4119 τὴν
1347 4050 1632 4118 μετάνοιάν
1679 4065 1801 4118 μου,
1836 4048 1910 4118 μὴ

335 4139 570 4208 εὖρωσιν
601 4140 657 4191 αἱ
691 4140 925 4192 ἐναντίαι
959 4140 1212 4210 δυνάμεις
1240 4140 1492 4210 ἀφορμήν
1533 4156 1654 4191 τινα
1679 4155 1910 4209 κατηγο-

338 4229 549 4302 ρεῖσθαι
577 4247 642 4300 με
665 4231 798 4302 πρὸς
828 4231 907 4285 σέ.

2021 3038 2108 3092 tiis
2132 3053 2189 3091 se
2216 3038 2361 3107 ipsos
2383 3036 2720 3092 tradiderunt

2089 3132 2208 3187 119.
2228 3131 2497 3200 Cogitavi,
2544 3129 2691 3199 quod
2749 3130 2942 3198 perditi
2993 3140 3122 3185 sunt
3181 3146 3415 3193 omnes,
3482 3133 3574 3202 qui

2017 3221 2292 3275 adliaarent
2322 3221 2553 3282 libidini,
2590 3219 2710 3274 ideo
2749 3236 2872 3273 amo
2927 3222 3237 3274 testimonia
3283 3231 3400 3287 tua,
3440 3238 3579 3292 quo-

2017 3315 2162 3368 niam
2197 3323 2323 3368 sunt
2353 3315 2458 3367 vita
2486 3325 2708 3368 aeterna.

2090 3404 2212 3458 120.
2242 3404 2348 3459 Fac
2391 3413 2451 3457 ut
2485 3404 2780 3458 immobilis
2816 3407 3119 3472 conligatur
3157 3405 3319 3458 timor
3356 3415 3486 3460 tuus
3521 3405 3577 3458 in

2017 3495 2274 3549 membris
2323 3495 2479 3555 meis,
2530 3504 2590 3547 ut
2637 3503 2881 3548 mortuus
2935 3496 3036 3549 sim
3093 3507 3334 3564 peccato.
3395 3498 3577 3552 audivi

2015 3587 2158 3640 enim
2188 3587 2252 3640 de
2279 3587 2494 3640 :eternis
2523 3585 2821 3654 suppliciis,
2851 3595 2906 3639 et
2942 3586 3119 3640 timui.

2086 3759 2206 3812 121.
2243 3758 2453 3813 Credidi
2481 3759 2943 3826 quomadmodum
2983 3759 3116 3812 mihi
3158 3762 3483 3829 praecepisti,
3519 3772 3576 3814 et

2013 3848 2342 3903 voluntatem
2393 3857 2538 3900 tuam
2569 3846 2781 3916 implevi
2816 3861 2923 3910 ;ne
2975 3848 3277 3914 permittas,
3316 3857 3376 3899 ut
3404 3847 3456 3900 in
3489 3863 3576 3901 me

2013 3939 2360 3994 dominentur
2386 3938 2672 3992 contraria:
2700 3947 3018 4008 potestates.

2080 4031 2202 4084 122.
2245 4031 2516 4087 Patienter
2541 4047 2627 4086 me
2661 4043 2917 4101 exspecta
2959 4033 3026 4088 ad
3068 4034 3462 4100 paenitentiam,
3499 4049 3570 4088 ne

2013 4122 2335 4177 adversariae
2377 4131 2674 4192 potestates
2737 4138 2958 4177 causam
3005 4125 3240 4193 aliquam
3295 4126 3574 4180 inveniant

2013 4215 2302 4269 accusandi
2329 4230 2416 4268 me
2449 4214 2591 4284 apud
2619 4223 2690 4268 te.

413 4323 532 4377 125.
564 4325 720 4386 Ὄλος
741 4327 768 4377 ὁ
798 4325 958 4387 πόθος
987 4323 1075 4394 μοί
1102 4326 1217 4377 ἐστι
1246 4325 1305 4376 τὺ
1334 4323 1585 4389 δέξασθαι
1621 4324 1718 4392 τὴν
1745 4323 1905 4394 χάριν

2083 4309 2204 4363 125.
2241 4308 2412 4362 Omne
2443 4325 2619 4363 meum
2654 4308 2981 4364 desiderium
3019 4319 3101 4362 est
3138 4310 3368 4378 gratiam
3426 4319 3573 4364 tuam

337 4431 458 4476 σου,
485 4417 579 4470 καὶ
612 4417 892 4486 πληρῶσαι
929 4417 1068 4488 ειπερ
1094 4415 1341 4468 ὲνετείλω
1378 4432 1488 4485 μοι.

411 4507 534 4560 124.
560 4509 668 4561 Καὶ
701 4507 772 4560 τὰ
814 4507 1155 4578 δικαιώματά
1206 4525 1296 4559 σου
1342 4507 1565 4576 ποίησον
1600 4507 1713 4576 μετ’
1744 4506 1901 4575 ὲμου,

333 4599 414 4661 ὠς
455 4598 610 4652 είωθε
656 4599 718 4651 τὸ
760 4599 904 4662 ἔλεός
947 4616 1061 4661 σου,
1114 4599 1205 4652 καὶ
1255 4598 1396 4651 κατά
1438 4597 1498 4649 τὸ
1543 4597 1769 4668 μέγεθος
1809 4593 1902 4647 τοῦ

335 4691 518 4755 ὲλέους
561 4691 655 4744 καὶ
704 4695 767 4762 τῇ
814 4693 995 4762 χάριτί
1039 4709 1132 4744 σου
1176 4691 1508 4761 κατάρτισαι
1551 4690 1648 4759 τὴν
1677 4686 1903 4755 καρδίαν

336 4797 446 4850 μου
478 4781 740 4835 ἐπιτελεῖν
761 4782 828 4834 τὰ
850 4782 1031 4834 δίκαια
1059 4782 1196 4851 μετὰ
1223 4781 1340 4835 σοῦ.

407 4959 527 5011 123.
569 4957 936 5029 Ἐξηγὸρασάς
972 4975 1035 5028 με
1071 4959 1148 5028 τῷ
1189 4959 1350 5028 τιμίῳ
1397 4958 1609 5026 αἵματι,
1660 4957 1750 5008 καὶ
1804 4957 1906 5008 ύπ-

331 5048 499 5112 ἐταξά
522 5065 602 5100 σοι
630 5049 881 5118 ἐμαυτὸν·
899 5049 985 5110 δός
1017 5065 1105 5118 μοι
1122 5049 1216 5116 τὴν
1243 5049 1422 5120 χάριν,
1452 5048 1537 5100 ἵνα
1560 5045 1764 5113 ἐπιγνῶ
1785 5046 1905 5108 πῶς

331 5138 602 5191 ὶπιτελείν
631 5141 772 5208 Ξιπερ
799 5138 1046 5191 ὲνετείλω
1089 5155 1202 5207 μοι.

406 5231 525 5284 126.
562 5231 675 5284 Νῦν
717 5235 862 5284 ἐστιν
907 5231 1047 5299 ὑπὲρ
1078 5229 1176 5298 τῆς
1211 5229 1465 5299 ἀληθείας
1503 5245 1595 5281 σου
1634 5227 1904 5296 ἀγωνίσα-

334 5322 460 5374 σθαι
516 5323 619 5386 ἕως
669 5323 931 5386 θανάτου,
975 5320 1162 5387 ἐπειδὴ
1205 5321 1514 5389 ἠρνήσαντο
1571 5319 1669 5388 τὴν
1723 5318 1903 5370 πίστιν

333 5429 450 5465 σου.

405 5503 526 5556 127.
571 5503 670 5556 Διὰ
712 5505 867 5555 τοῦτο
933 5500 1131 5570 μᾶλλον
1187 5496 1286 5560 τὰς
1331 5495 1489 5564 ἁγίας
1538 5512 1630 5546 σου
1678 5492 1900 5564 Γραφὰς

331 5593 611 5661 ἐκράτησα
642 5592 782 5661 ὑπὲρ
823 5590 883 5641 τὸ
926 5589 1146 5659 χρυσίον
1188 5587 1248 5640 τὸ
1289 5586 1584 5656 ἐξαίρετον.
1622 5582 1900 5643 Τοπάᾄον

329 5683 440 5752 γὰρ
474 5683 695 5751 ἀγαθὸν
724 5681 1097 5752 ἑρμηνεύεται·
1129 5679 1248 5732 ἐπεὶ
1281 5674 1372 5731 οὖν
1413 5670 1564 5738 οὗτος
1609 5677 1638 5727 ὁ
1669 5673 1900 5737 πλοῦτος

2007 4401 2270 4469 accipere,
2298 4409 2352 4455 et
2381 4400 2602 4469 implere
2644 4415 2767 4470 quae
2811 4399 2944 4453 mihi
2985 4400 3308 4469 prazcepisti.

2077 4493 2199 4546 121.
2251 4492 2316 4546 Ει
2343 4492 2760 4560 iustiﬁcationes
2799 4501 2922 4546 tuas
2956 4491 3042 4545 fac
3092 4507 3328 4556 mecum,
3374 4509 3572 4562 quem-

2004 4583 2293 4638 admodum
2345 4583 2628 4636 consuevit
2671 4583 3045 4637 misericordia
3089 4592 3181 4636 tua
3209 4625 3224 4649 ,
3281 4591 3333 4636 et
3377 4598 3572 4638 secun-

2001 4675 2130 4729 dum
2187 4674 2614 4745 magnitudinem
2688 4676 3076 4730 misericordia:
3139 4677 3301 4731 etiam
3370 4677 3570 4745 perfice

2006 4765 2177 4835 gratia
2221 4777 2314 4819 tua
2361 4780 2457 4819 cor
2505 4780 2708 4829 meum,
2737 4775 2798 4819 ut
2831 4776 3028 4831 tecum,
3059 4749 3178 4836 quae
3221 4767 3368 4834 justa
3418 4777 3564 4830 sunt,

2003 4858 2265 4927 perﬁciat.

2074 4947 2198 5002 125.
2232 4948 2528 5003 Redemisti
2561 4964 2647 5004 me
2673 4951 2910 5020 pretioso
2943 4951 3228 5020 sanguine,
3263 4960 3318 5004 et
3357 4950 3563 5019 subieci

2003 5039 2099 5090 tibi
2133 5054 2218 5092 me
2249 5039 2447 5108 ipsum,
2480 5040 2546 5093 da
2578 5040 2711 5094 mihi
2739 5042 2993 5108 gratiam,
3026 5047 3085 5094 ut
3115 5056 3405 5110 agnoscam
3431 5059 3566 5112 quo-

2005 5127 2166 5181 modo
2195 5127 2467 5196 perﬁciam
2498 5143 2619 5197 qua
2656 5130 2957 5198 praecepisti
3005 5131 3158 5182 mihi.

2078 5215 2196 5268 126.
2239 5213 2393 5270 Νυηε
2439 5223 2654 5286 tempus
2697 5227 2780 5272 est
2819 5218 3094 5272 decertare
3142 5233 3240 5287 pro
3283 5227 3374 5272 tua
3424 5220 3566 5274 veri-

2004 5314 2111 5358 tate
2147 5320 2321 5374 usque
2364 5305 2432 5359 ad
2461 5317 2710 5369 mortem,
2742 5309 2997 5376 quoniam
3031 5319 3363 5377 negaverunt
3405 5307 3562 5365 fidem

2002 5409 2174 5453 tuam.

2078 5491 2195 5544 127.
2242 5489 2533 5560 Propterea
2574 5493 2720 5544 tenui
2772 5492 2944 5562 magis
2997 5503 3212 5548 sanctas
3254 5503 3375 5550 tuas
3416 5493 3565 5551 Scri-

2005 5594 2232 5654 pturas,
2289 5599 2452 5653 quam
2515 5599 2707 5638 aurum
2767 5586 3016 5639 electum.
3091 5585 3357 5655 Τυραςὲοκ
3417 5588 3562 5641 enim

2004 5677 2388 5745 interpretatur
2447 5675 2637 5728 bonum
2678 5691 2696 5728 :
2747 5677 2874 5745 quia
2917 5677 3084 5748 igitur
3143 5689 3436 5748 praasentes
3483 5680 3567 5733 di-
