4004 6212
485 318 623 376 1193

1303 316 1358 372 S.
1403 313 1776 371 ATHANASII
1816 312 1968 369 OPP.
2011 312 2190 368 PARS
2229 311 2316 367 lll.
2352 343 2422 353 —-
2467 309 2880 368 EXEGETICA.

3578 312 3601 364 1
3613 312 3725 366 200

559 437 680 492 128.
713 435 998 506 Propterea
1021 435 1087 490 ad
1120 433 1301 490 omnia
1333 438 1586 491 mandata
1611 444 1700 491 tua
1729 435 2033 506 dirigebar:
2067 439 2114 494 Α

2212 434 2334 489 128.
2366 435 2464 488 Διὰ
2499 435 2658 488 τοῦτο
2684 432 2822 506 πρὸς
2851 433 3028 498 πάσας
3075 434 3173 497 τὰς
3218 434 3430 498 ἐντολάς
3460 452 3552 487 σου
3585 451 3721 486 κατ-

485 544 701 584 omnem
729 528 872 582 viam
913 528 1153 597 iniquam
1185 527 1310 581 odio
1338 527 1520 582 habui.

557 621 679 676 129.
718 619 979 674 Mirabilia
1015 619 1324 675 testimonia
1360 629 1493 675 tua:
1539 621 1659 678 ideo
1693 631 1930 678 scrutata
1967 629 2050 676 est

483 737 544 766 ...ς
583 701 774 764 anima
791 699 941 764 'mea.

555 791 677 857 150.
716 800 1019 857 Dcclaralio
1051 817 1363 860 sermonum
1406 815 1622 862 tuorum
1659 807 1950 873 illuminat,
1995 813 2051 862 et

484 894 810 948 intellectum
849 894 941 948 dat
980 897 1242 964 parvulis.

556 984 677 1038 151.
714 983 787 1038 Os
823 1001 1002 1039 meum
1044 988 1255 1056 aperui,
1295 997 1346 1044 et
1371 989 1568 1043 attraxi
1602 989 1852 1060 spiritum
1882 1008 1893 1043 :
1922 989 2048 1060 quia

484 1077 734 1132 mandata
772 1089 864 1131 tua
893 1078 1290 1134 desiderabam.

555 1169 674 1222 152.
717 1169 909 1239 Aspice
941 1170 993 1222 in
1041 1187 1146 1234 me,
1185 1181 1242 1226 et
1290 1173 1548 1228 miserere
1593 1188 1699 1227 mei
1753 1174 2048 1229 secundum

481 1260 743 1326 iudicium
779 1262 1119 1332 diligentium
1157 1280 1355 1318 nomen
1389 1277 1562 1319 tuum.

555 1353 676 1407 155.
727 1353 958 1408 Gressus
1015 1370 1167 1410 meos
1216 1357 1386 1423 dirige
1427 1357 1726 1411 secundum
1773 1357 2049 1426 eloquium

481 1445 657 1502 tuum,
693 1447 744 1490 et
777 1453 886 1490 non
921 1438 1230 1492 dominetur
1260 1441 1364 1492 mei
1393 1443 1572 1494 omnis
1608 1441 1890 1508 injustitia.

555 1527 678 1581 154.
720 1526 943 1582 Redime
994 1543 1080 1582 me
1113 1545 1144 1583 a
1189 1531 1481 1586 calumniis
1515 1531 1822 1594 hominum,
1856 1537 1910 1585 et
1953 1546 2051 1584 cu-

483 1618 712 1674 stodiam
747 1620 998 1674 mandata
1030 1627 1141 1674 tua.

556 1711 678 1764 155.
706 1709 921 1765 Faciem
959 1722 1106 1766 tuam
1142 1712 1386 1768 illumina
1415 1729 1578 1784 super
1603 1729 1817 1769 servum
1871 1722 2047 1772 tuum.

481 1808 537 1856 et
568 1801 701 1856 doce
730 1817 816 1856 me
843 1802 1264 1872 justiﬁcationes
1297 1812 1437 1859 tuas.

555 1892 677 1947 156.
707 1891 897 1948 Exitus
927 1909 1189 1962 aquarum
1215 1895 1555 1950 deduxerunt
1579 1895 1721 1949 oculi
1745 1895 1849 1948 mei
1875 1911 1889 1947 :
1923 1894 2049 1964 quia

485 1995 594 2036 non
620 1983 890 2037 custodivi
928 1984 1098 2054 legem
1130 1993 1300 2038 tuam.

558 2074 679 2128 157.
729 2074 919 2130 Justus
965 2091 1064 2142 es,
1109 2075 1371 2140 Domine,
1417 2083 1472 2131 et
1528 2084 1735 2130 rectum
1781 2074 2048 2144 judicium

487 2171 661 2218 tuum.

551 2257 672 2313 158.
700 2256 964 2312 Mandasti
992 2257 1258 2328 justitiam
1299 2258 1609 2314 testimonia
1647 2269 1758 2325 tua,
1806 2268 1860 2312 et
1906 2261 2048 2312 veri-

484 2353 652 2402 tatem
684 2359 832 2404 tuam
861 2349 1046 2405 nimis.

2147 527 2456 598 ωρθούμηνο
2499 529 2675 581 πᾶσαν
2704 527 2820 581 ὁδὸν
2851 525 3034 580 ἄδικον
3065 526 3318 597 ἐμίσησα.

2220 620 2339 674 129.
2372 620 2670 689 Θαυμαστὰ
2703 620 2769 673 τὰ
2816 617 3092 691 μαρτύριά
3137 635 3258 670 σουο
3293 618 3379 670 διὰ
3414 617 3569 671 τοῦτο
3635 617 3724 682 ἐξ·

2153 711 2438 784 ἐρεύνησεν
2465 711 2603 764 αὐτὰ
2637 712 2669 781 ἡ
2707 711 2850 780 ψυχή
2888 727 3003 764 σου.

2221 804 2341 857 150.
2381 804 2444 855 Ἠ
2472 802 2700 873 δήλωσις
2725 801 2834 854 τῶν
2860 799 3034 871 λόγων
3075 819 3167 855 σου
3214 803 3419 871 φωτιεί,
3458 802 3550 854 καὶ
3593 817 3723 852 συν-

2150 897 2282 947 ετιεῖ
2306 894 2551 964 νηπίους.

2221 987 2342 1040 151.
2375 987 2446 1038 Τὸ
2479 985 2649 1056 στόμα
2689 1002 2791 1057 μου
2830 985 3047 1056 ἦνοιξα,
3087 986 3179 1038 καὶ
3224 985 3446 1038 εἵλκυσε.
3479 985 3719 1053 πνεῦμα·

2149 1077 2232 1130 ὅτι
2261 1078 2356 1140 τὰς
2388 1076 2605 1138 ἐντολάς
2632 1093 2725 1131 σου
2752 1075 3068 1130 ἐπεπόθουν.

2221 1169 2346 1224 152.
2375 1168 2694 1238 Ἐπίῦλεψον
2738 1169 2824 1222 ἐπ’
2859 1169 2979 1239 ἐμὲ,
3006 1168 3100 1221 καὶ
3131 1168 3349 1239 ἐλέησόν
3381 1186 3445 1238 με
3480 1167 3622 1221 κατὰ
3661 1166 3722 1219 τὸ

2151 1265 2325 1332 κρῖμα
2346 1260 2452 1314 τῶν
2479 1259 2812 1330 ἀγαπώντων
2840 1261 2901 1314 τὸ
2929 1262 3097 1332 ὄνομα
3137 1279 3260 1328 μου.

2223 1354 2342 1408 155.
2371 1353 2450 1405 Τὰ
2481 1353 2634 1425 διαϐἠ
2645 1355 2789 1423 ματά
2814 1372 2914 1425 μου
2946 1353 3270 1406 κατεύθυνον
3294 1351 3432 1406 κατᾶ
3456 1351 3516 1404 τὸ
3539 1353 3721 1420 λόγιόν

2153 1463 2267 1509 σου,
2299 1448 2392 1500 καὶ
2425 1448 2496 1518 μὴ
2521 1449 3000 1519 κατακυριευσάτω
3034 1466 3132 1520 μου
3162 1449 3309 1500 πᾶσα
3341 1447 3559 1516 ἀνομία.

2224 1535 2344 1589 151.
2388 1535 2674 1606 Λύτρωσαί
2723 1555 2789 1607 με
2838 1538 2944 1590 ἀπὸ
2995 1535 3353 1606 συκοφαντίας
3393 1536 3718 1608 ἀνθρώπων,

2152 1627 2243 1680 καὶ
2279 1626 2495 1696 φυλάξω
2522 1628 2619 1690 τὰς
2644 1628 2860 1691 ἐντολάς
2893 1647 3014 1700 μου.

2222 1721 2343 1774 155.
2377 1719 2450 1772 Τὸ
2497 1721 2785 1790 πρόσωπόν
2833 1738 2926 1775 σου
2977 1722 3236 1792 ἐπίφανον
3274 1722 3365 1774 ἐπὶ
3409 1720 3498 1776 τὸν
3535 1720 3722 1774 δοῦλέν

2153 1828 2267 1875 σου⁹
2304 1811 2398 1865 καὶ
2433 1811 2640 1876 δίδαξον
2676 1831 2742 1884 με
2777 1814 2843 1867 τὰ
2871 1815 3210 1886 δικαιώματὰ
3241 1833 3354 1869 σου.

2219 1902 2338 1957 156.
2375 1903 2652 1970 Διεξόδους
2682 1905 2886 1959 ὑδάτων
2911 1909 3207 1962 κατέδυσαν
3231 1910 3279 1961 οἱ
3301 1907 3564 1980 ὀφθαλμοί
3593 1923 3716 1978 μου’

2143 1995 2265 2048 ἐπεὶ
2297 1997 2395 2049 οὐκ
2424 1997 2663 2066 ἐφύλαξα
2689 1999 2782 2052 τὸν
2807 2000 2970 2070 νόμον
3008 2019 3121 2056 σου.

2216 2088 2336 2143 157.
2371 2089 2586 2168 Δίκαιος
2613 2087 2682 2156 εἴ,
2710 2091 2902 2163 Κύριε,
2938 2095 3030 2147 καὶ
3052 2094 3225 2158 εὐθείς
3254 2097 3306 2149 αἰ
3331 2093 3538 2166 κρίσεις
3567 2111 3681 2147 σου.
3705 2167 3712 2170 _

2225 2261 2345 2316 158.
2378 2262 2658 2315 Ἐνετείλω
2691 2263 3038 2336 δικαιοσύνην
3067 2266 3133 2320 τὰ
3174 2261 3454 2340 μαρτύριᾶ
3487 2284 3602 2335 σου,
3629 2281 3724 2320 και

2151 2350 2407 2422 ἀλήθειαν
2435 2351 2658 2424 σφόδρα.

1599 2483 1973 2539 ATHANASI!
2017 2485 2599 2542 INTERPRETATIO.

481 2601 629 2660 vitia:
673 2605 1014 2673 temporaria:
1060 2613 1231 2671 sunt,
1283 2618 1462 2675 neque
1510 2613 1729 2673 propter
1789 2605 2044 2659 mandata

481 2702 574 2751 tua
595 2703 808 2751 aeternae
827 2697 1113 2762 exsistunt,
1133 2697 1254 2753 ideo
1277 2697 1450 2768 magis
1465 2695 1628 2751 dilexi
1646 2706 1913 2766 praecepta
1930 2704 2044 2751 tua.

553 2876 676 2932 128.
703 2878 992 2948 Propterea
1025 2877 1091 2932 ad
1121 2892 1310 2933 omnes
1344 2887 1468 2934 tuas
1494 2879 1799 2935 voluntates
1826 2888 2050 2949 paratus

2145 2605 2473 2676 πρόσκαιρός
2507 2607 2672 2668 ἐστιν,
2714 2606 2833 2659 οὐδὲ
2869 2606 2957 2661 διὰ
2993 2605 3098 2659 τῶν
3135 2607 3359 2660 ἐντολῶν
3381 2624 3476 2660 σου
3505 2607 3722 2674 αἰώνιος

2146 2698 2404 2768 ὑπάρχει,
2431 2695 2520 2749 διὰ
2549 2697 2641 2749 τοῦ
2671 2695 2873 2769 [τοῦτο]
2918 2697 3114 2768 μᾶλλον
3150 2699 3409 2770 ¹ὴγςὶιττησα
3440 2699 3541 2762 τὰς
3575 2701 3720 2753 ἐντος

2145 2789 2242 2851 λάς
2277 2804 2395 2843 σου.

2217 2881 2340 2936 128.
2367 2879 2470 2934 Διὰ
2502 2878 2662 2934 τοῦτο
2691 2879 2826 2951 πρὸς
2854 2880 3027 2932 πάντα
3051 2879 3120 2932 τὰ
3152 2879 3432 2950 θελήματά
3460 2897 3556 2933 σου
3583 2881 3720 2933 ’ἑτοι-

481 2986 653 3036 eram,
677 2983 731 3026 et
752 2987 911 3026 omne
935 2980 1213 3040 peccatum
1244 2972 1588 3027 abominatus
1611 2987 1754 3038 sum,
1785 2973 2043 3042 quoniam
2071 3007 2116 3066 ο

2167 2992 2248 3038 ιος
2270 2976 2440 3047 ήμην,
2460 2975 2554 3028 καὶ
2576 2975 2750 3027 πᾶσαν
2772 2975 3042 3046 ἁμαρτίαν
3064 2974 3506 3045 ἀπεστρεφὸμην,
3531 2974 3721 3046 ἐπειδὴ

480 3064 536 3118 in
567 3064 978 3118 retributionem
1011 3063 1262 3131 respicio.

551 3154 673 3210 129.
707 3153 1042 3209 Tcstimonia
1077 3163 1168 3207 tua
1193 3154 1560 3208 admiratione
1604 3155 1762 3222 plena
1793 3164 1926 3209 sunt
1975 3155 2045 3220 ei,

479 3246 574 3316 qui
626 3246 715 3298 illa
776 3245 1075 3315 intelligere
1134 3255 1350 3314 potest;
1404 3253 1690 3314 propterea
1744 3245 2046 3300 desideravi

479 3350 772 3404 agnoscere
797 3337 907 3388 vim
938 3345 1152 3389 tuarum
1186 3334 1613 3404 Scripturarum.

552 3426 675 3480 150.
710 3425 1088 3496 lnterpretatio
1139 3425 1543 3496 Scripturarum
1586 3437 1802 3481 tuarum
1841 3427 2046 3481 illumi-

479 3527 591 3586 nat,
618 3529 672 3574 et
701 3519 754 3572 in
781 3519 1116 3574 intellectum
1151 3519 1390 3584 adducit,
1419 3519 1514 3590 qui
1557 3519 1791 3574 infantes
1834 3530 1961 3575 sunt
1989 3521 2042 3574 in

479 3609 847 3680 intelligendo.

554 3701 678 3757 151.
729 3699 930 3756 Sitiens
977 3701 1204 3771 gratiam
1247 3710 1393 3756 tuam
1443 3701 1763 3772 deprecatus
1797 3717 1917 3757 sum
1967 3710 2040 3766 te,

476 3801 531 3847 et
557 3793 754 3850 dedisti
783 3793 936 3847 mihi.
966 3791 1227 3864 Spiritum
1275 3805 1521 3849 sanctum
1568 3805 1743 3859 tuum,
1783 3794 2042 3864 quoniam

476 3885 851 3940 desiderabam
900 3899 1198 3954 agnoscere
1253 3883 1663 3956 Scripturarum
1719 3886 2043 3956 interpreta-

476 3977 700 4030 tionem.

548 4068 668 4126 152.
716 4066 1182 4134 Quemadmodum
1231 4068 1458 4137 respicis
1506 4068 1794 4136 diligentes
1830 4075 1883 4121 te
1915 4083 2038 4122 cum

476 4157 850 4212 misericordia
880 4165 934 4211 et
964 4157 1314 4212 miseratione
1344 4195 1359 4221 ,
1395 4156 1468 4209 ita
1498 4156 1662 4209 etiam
1701 4171 1786 4208 me
1833 4155 2037 4224 aspice,

476 4257 531 4302 et
559 4247 816 4302 miserere
843 4247 970 4302 mei.

2152 3067 2231 3130 εἰς
2255 3067 2352 3137 τὴν
2380 3066 2798 3137 μισθαποδοσίαν
2828 3065 3136 3119 ἀποϐλέπω.

2224 3155 2344 3209 129.
2379 3156 2568 3226 Πάσης
2600 3154 2912 3225 ἐκπλήξεως
2949 3155 3084 3224 μετά
3111 3153 3330 3227 [μεστά]
3355 3157 3462 3207 εἰσι
3486 3154 3556 3207 τὰ
3584 3171 3717 3226 μαρ-

2148 3242 2312 3314 τύριὰ
2342 3259 2436 3297 σου
2471 3243 2752 3314 δυναμένῳ
2785 3243 2924 3296 αὐτὰ
2952 3244 3173 3314 νοῆσαι·
3197 3243 3297 3295 «διὰ
3333 3244 3492 3297 τοῦτο
3522 3243 3716 3295 ἐπεθύ-

2151 3351 2298 3404 μησα
2331 3334 2531 3403 γνῶναι
2564 3335 2663 3406 τὴν
2699 3333 2924 3404 δύναμιν
2957 3333 3063 3386 τῶν
3101 3333 3326 3403 Γραφῶν
3355 3351 3467 3388 σου.

2220 3425 2341 3480 150.
2375 3426 2440 3478 Ἡ
2467 3424 2728 3498 ἑρμηνεία
2758 3424 2863 3477 τῶν
2886 3422 3112 3495 Γραφῶν
3135 3439 3226 3474 σου
3255 3415 3498 3490 φωτίζει,
3523 3423 3618 3476 καὶ
3639 3423 3716 3484 εἰς

2149 3515 2361 3569 σύνεσιν
2393 3516 2516 3586 ἄγει
2550 3518 2678 3580 τοὺς
2704 3515 2927 3587 νηπίους
2953 3515 3110 3578 ὄντας
3145 3516 3272 3586 περὶ
3297 3514 3390 3567 τοῦ
3429 3516 3644 3586 νοῆσαι.

2217 3699 2339 3753 151.
2367 3699 2544 3769 Διψῶν
2569 3699 2667 3770 τὴν
2693 3699 2851 3770 χάριν
2873 3715 2966 3750 σου
2996 3697 3216 3769 ἐδεήθην
3245 3715 3358 3760 σου,
3389 3698 3485 3751 καὶ
3509 3698 3713 3762 ἔδωκάς

2149 3807 2238 3861 μοι
2275 3791 2334 3844 τὸ
2377 3790 2600 3862 Πνεῦμά
2636 3807 2726 3842 σου
2759 3791 2819 3842 τὸ
2858 3790 3032 3857 ἅγιον,
3063 3788 3248 3857 ἐπειδὴ
3279 3787 3583 3842 ἐπεπόθουν
3615 3793 3715 3859 τὴν

2144 3884 2438 3955 ἑρμηνείαν
2469 3883 2671 3937 γνῶναι
2701 3881 2810 3936 τῶν
2844 3881 3095 3952 Γραφῶν.

2215 4065 2335 4119 152.
2360 4063 2554 4127 Καθὼς
2575 4063 2776 4134 ἐφορᾷς
2796 4064 2918 4125 τοὺς
2941 4063 3266 4131 ἀγαπωντάς
3288 4081 3347 4116 σε
3373 4064 3514 4136 μετὰ
3530 4065 3712 4128 ἐλέους

2143 4155 2238 4208 καὶ
2264 4153 2579 4226 οἰκτιρμῶν,
2604 4153 2774 4218 οὕτως
2799 4153 3140 4225 κάμὲιὲπιδε,
3170 4156 3264 4207 καὶ
3286 4155 3422 4208 ἐλέει
3455 4173 3543 4228 με.

548 4337 670 4391 155.
711 4336 820 4392 Fac
875 4351 970 4392 cor
1013 4350 1196 4390 meum
1231 4345 1478 4404 prompte
1512 4337 1666 4404 sequi
1702 4336 2032 4389 voluntatem
2069 4351 2112 4406 ι)

2213 4333 2330 4387 155.
2366 4333 2474 4404 Τὴν
2505 4333 2808 4405 προθυμίαν
2851 4335 2948 4405 τῆς
2973 4335 3198 4406 καρδίας
3228 4354 3328 4406 μου
3356 4338 3582 4408 ποίησον
3626 4340 3705 4405 ἐξ·

478 4437 648 4493 tuam,
679 4437 732 4482 et
756 4443 863 4482 non
887 4429 1084 4497 poterit
1117 4427 1298 4483 omnis
1344 4426 1546 4481 diaboli
1586 4436 1828 4497 potestas
1871 4427 2040 4481 abdu-

477 4533 600 4574 cere
635 4534 722 4574 me
745 4518 814 4574 ab
843 4534 1030 4574 amore
1056 4528 1168 4574 tuo.

549 4702 670 4759 151.
705 4700 897 4756 Libera
928 4717 1014 4756 me
1052 4703 1121 4757 ab
1145 4701 1296 4757 omni
1343 4701 1650 4758 daemonum
1697 4699 1941 4766 incursu,
1985 4711 2038 4756 et

476 4795 713 4867 implebo
745 4795 997 4851 mandata
1025 4805 1138 4849 tua.

547 4887 669 4943 155.
701 4885 818 4942 Lux
855 4887 1040 4957 gratim
1071 4899 1176 4943 tuae
1221 4886 1328 4953 fac,
1363 4895 1425 4943 ut
1465 4887 1747 4941 exoriatur
1792 4902 1846 4941 in
1875 4887 2040 4942 corde

475 4992 618 5041 meo,
663 4984 719 5031 et
749 4977 883 5031 doce
910 4992 997 5032 me
1043 4977 1364 5047 intelligere,
1399 4985 1454 5031 et
1480 4974 1660 5029 facere
1691 4975 2037 5045 justilicatio-

475 5083 574 5123 nes
603 5077 745 5138 tuas,

546 5157 668 5212 156.
701 5157 920 5213 Fluvios
953 5157 1314 5229 lacrymarum
1352 5156 1550 5212 deduxi
1584 5156 1654 5210 ab
1690 5156 1865 5210 oculis
1897 5157 2036 5210 meis

471 5265 738 5316 cernens,
795 5263 849 5306 et
892 5251 1137 5321 cOgitans
1182 5249 1324 5320 quod
1382 5264 1491 5304 non
1540 5249 1805 5324 custodivi
1861 5247 2034 5317 legem

473 5350 642 5396 tuam.

546 5432 667 5485 157.
697 5430 884 5485 Justus
909 5431 1074 5499 judex
1110 5445 1188 5494 es,
1220 5428 1470 5495 Domine,
1502 5437 1557 5483 et
1585 5444 1690 5483 non
1736 5439 1818 5484 est
1847 5443 2033 5498 perso-

473 5534 663 5574 narum
699 5522 937 5591 acceptio
963 5520 1104 5590 apud
1137 5529 1208 5575 te.

545 5609 665 5665 158.
696 5610 1002 5680 Pragcepisti
1046 5609 1223 5664 facere
1250 5608 1520 5676 justitiam
1557 5609 1615 5664 iu
1651 5610 1731 5666 tui
1776 5611 2024 5667 testimo-

475 5695 647 5767 nium,
672 5707 725 5755 et
757 5699 888 5756 nihil
914 5715 1012 5770 per
1049 5699 1468 5756 simulationem.

2139 4422 2444 4476 ακολουθεῖν
2477 4424 2551 4493 τῷ
2595 4423 2858 4495 θελήματι
2911 4441 3026 4490 σου,
3059 4428 3151 4478 καὶ
3199 4429 3272 4498 μὴ
3330 4430 3524 4502 ἰσχύσῃ
3562 4433 3708 4484 πᾶσα

2135 4513 2358 4584 δύναμις
2416 4513 2510 4567 τοῦ
2557 4515 2800 4569 διαϐόλου
2849 4517 3151 4588 ἁποστῆσαί
3205 4536 3272 4589 με
3319 4520 3418 4591 τῆς
3469 4522 3605 4592 πρὸς
3647 4524 3702 4574 σὲ

2138 4608 2377 4678 ἀγάπης.

2205 4701 2324 4754 154.
2357 4701 2641 4772 Λύτρωσαί
2675 4719 2740 4771 με
2769 4701 2875 4754 ἀπὸ
2906 4701 3084 4773 πάσης
3113 4703 3364 4774 ἀφορμῆς
3389 4703 3498 4757 τῶν
3519 4704 3701 4776 δαιμό-

2135 4811 2262 4857 νων,
2293 4795 2386 4847 καὶ
2417 4794 2520 4865 πλη
2532 4793 2688 4866 ρώσω
2715 4795 2811 4857 τὰς
2843 4796 3058 4858 ἐντολάς
3095 4812 3209 4849 σου.

2207 4885 2326 4940 155.
2362 4885 2434 4937 Τὸ
2461 4886 2574 4955 φῶς
2603 4886 2701 4956 τῆς
2726 4886 2942 4958 χάριτός
2969 4903 3058 4938 σου
3089 4886 3366 4940 ἀνάτειλον
3395 4887 3452 4940 ἐν
3478 4892 3544 4961 τῇ
3571 4907 3698 4962 καρ-

2131 4976 2218 5047 δίᾳ
2248 4995 2368 5048 μου,
2399 4978 2491 5031 καὶ
2515 4978 2724 5044 δίδαξόν
2758 4995 2823 5047 με
2857 4982 3016 5042 νοεῖν,
3045 4980 3138 5032 καὶ
3169 4984 3341 5034 ποιεῖν
3376 4981 3447 5034 τὰ
3477 4983 3693 5036 δικαιώ-

2135 5069 2277 5138 ματά
2310 5086 2418 5123 σου.

2204 5156 2322 5209 156.
2350 5157 2632 5226 Ποταμοὺς
2650 5156 2898 5228 δακρύων
2921 5157 3231 5227 κατήγαγον
3258 5158 3364 5210 ἀπὸ
3383 5159 3491 5212 τῶν
3511 5159 3692 5228 ὀφθαλ-

2137 5245 2251 5318 μῶν
2287 5264 2385 5317 μου
2413 5247 2636 5312 κλαίων,
2664 5251 2757 5302 καὶ
2783 5249 3198 5322 ἐνθυμούμενος,
3222 5251 3302 5303 ὅτι
3333 5251 3434 5303 οὐκ
3459 5253 3688 5321 ἐφύλαξα

2131 5337 2222 5390 τὸν
2257 5337 2416 5408 νόμον
2451 5355 2564 5390 σου.

2201 5429 2319 5484 157.
2350 5431 2726 5502 Δικαιοκρίτης
2749 5429 2831 5498 εἷ,
2873 5431 3064 5502 Κύριε,
3093 5432 3186 5486 καὶ
3230 5434 3330 5485 οὐκ
3373 5431 3490 5485 ἔστι
3532 5449 3686 5502 προσο

2129 5520 2410 5592 ωποληψία
2437 5539 2585 5592 παρα
2626 5523 2724 5575 σοι.

2204 5611 2325 5666 158.
2358 5613 2698 5683 Προσέταξας
2741 5616 2821 5677 εἰς
2866 5613 3168 5684 μαρτυρίαν
3214 5630 3309 5667 σου
3349 5613 3686 5685 δικαιοσύνην

2131 5705 2324 5770 ποιεῖν,
2355 5703 2450 5757 καὶ
2480 5704 2644 5776 μηδὲν
2675 5704 2793 5758 καθ’
2825 5704 3132 5776 ὑπόκρισιν.
