4004 6212
387 285 520 344 1201

1237 288 1326 348 DE
1370 290 1646 350 TlTULlS
1681 291 2128 350 PSALMORUM.
2167 324 2236 336 —
2273 293 2467 349 PSAL.
2507 291 2734 350 CXVlll.

3473 290 3608 348 1309

466 401 580 456 159.
605 402 852 474 Ἑξέτιηξέ
891 421 958 474 με
982 406 1009 458 ὁ
1036 402 1193 471 me;
1227 419 1348 458 σου·
1384 408 1464 459 δτι
1494 407 1814 461 ἐπελάθοντο
1844 407 1940 461 τῶν

2135 406 2254 461 159.
2289 406 2593 466 .Tabescere
2632 421 2718 460 me
2742 403 2867 458 fecit
2892 416 3039 461 zetus
3064 417 3253 461 meus:
3287 405 3412 475 quia
3455 405 3606 460 obliti

387 495 560 563 λόγων
587 511 677 547 σου
713 497 762 548 oi
789 497 970 566 ἐχθροί
1003 514 1124 567 μου.
1504 531 1518 546 .

462 582 583 638 140.
610 585 1010 656 Πεπυρωμένον
1041 587 1103 640 τὸ
1144 588 1324 656 λόγιόν
1369 606 1460 641 σου
1507 591 1742 661 σφοδρά,
1793 608 1886 644 και

387 672 571 736 δοῦλός
598 691 689 726 σου
722 675 1003 746 ἠγάπησεν
1029 676 1179 729 αὑτό.

460 764 581 818 141.
613 764 892 838 Νεώτερος
916 766 1024 834 ἐγώ
1051 770 1163 838 είμι
1192 768 1282 821 καὶ
1314 768 1750 842 ἐξουδενωμένος,
1784 771 1852 823 τὰ
1876 771 1953 825 δι-

389 850 679 922 καιώματά
711 871 803 906 σου
835 856 933 908 οὑκ
964 856 1326 928 ἐπελαθόμην.

459 943 580 996 142.
621 944 685 996 Ἡ
723 944 1035 1017 δικαιοσύνη
1068 965 1160 1000 σου
1193 949 1505 1021 δικαιοσύνη
1536 952 1615 1015 είς
1640 952 1730 1007 τὸν
1757 953 1946 1018 αίῶνα,

387 1033 481 1085 καὶ
505 1035 533 1086 ὁ
560 1035 720 1105 νόμος
747 1052 836 1088 σου
865 1037 1107 1109 ἀλήθεια.

462 1126 580 1180 145.
623 1126 840 1196 Θλίψεις
887 1130 981 1184 καὶ
1011 1132 1240 1201 ἀνάγκαι
1275 1132 1503 1205 εὑροσάν
1533 1153 1622 1206 με,
1656 1139 1710 1190 αἱ
1743 1137 1948 1191 ἐντολαί

387 1234 480 1270 σου
514 1219 709 1289 μελέτη
745 1239 866 1289 μου.

460 1303 580 1357 144.
613 1307 931 1381 Δικαιοσύνη
963 1310 1032 1364 τὰ
1068 1313 1338 1386 μαρτύριά
1386 1333 1476 1369 σου
1521 1316 1601 1380 είς
1628 1316 1720 1370 τὸν
1756 1317 1944 1382 αἰῶνα,

387 1395 661 1449 συνέτισόν
695 1415 782 1468 με,
820 1401 912 1452 καὶ
937 1400 1188 1473 ζήσομαι.

461 1485 578 1539 145.
611 1488 913 1560 Ἐκέκραξα
967 1495 1026 1545 ἐν
1078 1493 1174 1567 ὅλῃ
1219 1495 1412 1567 καρδίᾳ
1460 1513 1596 1566 μου,
1645 1496 1948 1552 ἐπάκουσον

389 1591 512 1644 μου,
547 1577 738 1648 Κύριε,
766 1580 832 1633 τὰ
860 1582 1199 1650 δικαιώματα
1233 1603 1324 1638 σου
1349 1586 1651 1658 ἐκζητήσωο

455 1664 577 1720 146.
611 1668 915 1742 Ἐκέκραξά
938 1691 1038 1739 σοι,
1064 1675 1236 1732 σῶσόν
1254 1695 1342 1748 με,
1369 1679 1463 1732 καὶ
1486 1677 1702 1748 φυλάξω
1724 1676 1794 1732 τὰ
1815 1695 1948 1751 μαρ-

381 1753 543 1827 τύριὰ
577 1775 688 1812 σου.

455 1847 575 1901 147.
607 1849 934 1921 Προὲςρθασα
965 1857 1022 1908 ἐν
1051 1857 1229 1929 ἁωρία
1259 1856 1353 1914 καὶ
1388 1858 1680 1928 ἐκέκραξα,
1711 1861 1790 1926 εἰς
1818 1861 1948 1926 τοὺς

381 1935 572 2006 λόγους
600 1957 691 1994 σου
726 1945 1020 2001 ἐπήλπισα.
1055 1956 1060 1958 ’

2053 507 2178 567 sunt
2204 497 2364 551 verba
2390 506 2481 551 tua
2507 497 2709 551 inimici
2737 496 2862 551 mei.

2128 587 2250 641 140.
2286 588 2518 657 Ignitum
2551 587 2824 655 eloquium
2852 595 3002 642 tuum
3037 590 3396 652 vehementer,
3425 598 3475 640 et
3495 602 3610 642 ser-

2053 695 2154 732 vus
2184 687 2308 734 tuus
2339 678 2527 732 dilexit
2558 678 2707 732 illud.

2126 769 2247 823 141.
2295 768 2756 823 Adolescentulus
2783 783 2902 822 sum
2931 782 3031 837 ego
3057 776 3110 822 et
3142 776 3500 837 contemptus,
3522 767 3614 835 ju-

2055 861 2410 917 stiﬁcationes
2434 871 2554 916 tuas
2583 875 2690 916 non
2729 876 2848 916 sum
2871 861 3088 916 oblitus.

2123 953 2250 1006 142.
2298 951 2517 1008 iustitia
2550 963 2660 1019 tua,
2684 953 2893 1024 justitia
2921 953 2974 1008 in
3006 962 3287 1018 aeternum,
3320 959 3375 1006 et
3398 950 3479 1004 lex
3517 960 3607 1006 tua

2051 1044 2264 1100 veritas.

2122 1134 2245 1188 145.
2278 1133 2583 1190 Tribulatio
2604 1143 2658 1189 et
2682 1135 2941 1206 angustiae
2972 1136 3289 1190 invenerunt
3317 1151 3419 1200 me,
3456 1151 3610 1192 man-

2052 1225 2176 1280 data
2211 1235 2302 1280 tua
2337 1227 2615 1282 meditatio
2651 1241 2770 1281 mea
2794 1235 2894 1282 est.

2121 1315 2247 1370 144.
2283 1314 2504 1372 Justitia
2547 1318 2855 1373 testimonia
2883 1327 2974 1372 tua
3019 1318 3074 1373 in
3123 1327 3404 1385 aeternum,
3453 1311 3608 1374 intel-

2049 1404 2253 1460 lectum
2283 1407 2350 1461 da
2382 1409 2536 1473 mihi,
2566 1418 2620 1464 et
2649 1411 2850 1464 vivam.

2121 1494 2244 1549 145.
2273 1495 2514 1551 Clamavi
2549 1499 2603 1552 in
2630 1507 2741 1554 toto
2773 1501 2934 1556 corde
2953 1515 3094 1568 meo,
3132 1503 3328 1559 exaudi
3365 1519 3470 1568 me,
3501 1490 3609 1558 06-

2050 1586 2214 1649 mine,
2237 1585 2653 1655 justiﬁcationcs
2687 1599 2806 1645 tuas
2831 1593 3126 1662 requiram.

2120 1678 2244 1732 146.
2274 1678 2516 1735 Clamavi
2549 1682 2617 1736 ad
2649 1691 2719 1750 te,
2747 1683 2952 1738 salvum
2976 1701 3063 1740 me
3088 1685 3195 1751 fac,
3227 1697 3281 1742 et
3308 1689 3604 1744 custodiam

2047 1771 2295 1825 mandata
2323 1781 2430 1826 tua.

2121 1860 2246 1915 147.
2278 1860 2518 1916 Praeveni
2547 1864 2600 1916 in
2639 1865 2974 1923 maturitate.
2998 1873 3053 1922 et
3088 1867 3354 1932 clamavi:
3388 1870 3515 1938 quia
3549 1870 3608 1925 in

2055 1952 2225 2009 verba
2253 1960 2345 2008 tua
2373 1957 2768 2025 supersperavi.

1508 2111 2491 2185 ΑΤΗΑΝΑΒΙῌῌΝΤΕΒΡΒΕΤΑΤΙΟ.

453 2238 572 2297 159.
611 2243 954 2326 Ἐμαράνθην
994 2247 1111 2310 ὅλος
1143 2248 1248 2303 ἀπὸ
1291 2248 1385 2304 τοῦ
1411 2249 1573 2322 ζήλου
1602 2269 1727 2324 περ.
1755 2267 1834 2317 σε,
1865 2252 1947 2305 δτι

380 2335 493 2405 ὁρῶ
531 2339 655 2400 τοὺς
703 2340 1010 2409 αἱρετικοὺς
1056 2341 1273 2394 ἐναντία
1316 2341 1424 2397 τῶν
1454 2344 1684 2416 Γραφῶν
1723 2361 1817 2397 σου
1849 2345 1946 2399 λα-

381 2426 573 2490 ϐόντας
605 2430 732 2499 περὶ
763 2431 860 2500 τῆς
892 2430 1125 2495 πίστεώς
1144 2451 1257 2486 σου.

455 2517 571 2571 140.
593 2519 804 2590 Ἐπειδὴ
837 2521 946 2593 πῦρ
975 2524 1132 2588 αὐτὸς
1159 2525 1390 2596 ὑπάρχει
1413 2525 1745 2598 [ὑπάρχεις],
1783 2544 1950 2580 πεπυ-

383 2610 706 2680 ρακτωμένα
729 2613 822 2665 καὶ
851 2613 918 2666 τὰ
946 2613 1102 2683 λόγιά
1135 2617 1226 2668 σού
1257 2619 1362 2670 εἰσι
1389 2617 1525 2690 πρὸς
1547 2617 1608 2670 τὸ
1633 2618 1946 2672 κατακαίειν

382 2697 534 2764 ξύλα,
569 2701 758 2772 χόρτον
782 2744 797 2769 ,
841 2703 1088 2775 καλάμου
1149 2705 1484 2779 [καλάμην],
1534 2710 1774 2762 τουτέστι
1828 2711 1948 2772 ταῖς

381 2795 642 2862 πονηραῖς
663 2793 892 2864 πράξεσι
921 2794 1041 2868 [τὰς
1063 2799 1302 2870 πονηρὰς
1323 2799 1592 2871 πράξεις].
1611 2803 1666 2854 '0
1685 2801 1742 2854 δὲ
1767 2801 1948 2865 δοῦλός

381 2897 474 2932 σου
511 2883 768 2954 ὑπάρχων
796 2887 983 2958 ἀγαπᾷ
1008 2887 1070 2940 τὸ
1099 2888 1276 2957 λόγιόν
1311 2907 1425 2952 σου,
1475 2891 1660 2962 ἐπειδὴ
1693 2909 1950 2964 πεπυρω-

383 2969 542 3038 μένον
577 2972 833 3044 ὑπάρχων
864 2976 1215 3048 καταφθείρει
1245 2977 1343 3041 τάς
1368 2977 1608 3042 ἀκάνθας
1632 2978 1726 3032 τοῦ
1755 2979 1890 3049 βίου.

2117 2253 2238 2307 159.
2271 2251 2522 2307 Emarcui
2555 2261 2701 2308 totus
2747 2251 2817 2306 ob
2853 2252 3026 2307 zelum
3063 2267 3190 2322 erga
3227 2261 3298 2317 te,
3348 2252 3604 2322 quoniam

2044 2342 2204 2397 video
2255 2344 2539 2399 luereticos
2591 2344 2864 2400 contraria
2927 2343 3052 2399 ﬁdei
3100 2355 3205 2400 tua:
3249 2353 3524 2401 sumentes
3575 2360 3607 2402 e

2046 2433 2341 2502 Scripturis
2371 2435 2502 2490 tuis.

2122 2524 2245 2579 140.
2275 2524 2544 2590 Quoniam
2571 2525 2712 2596 ignis
2740 2540 2856 2595 ipse
2892 2539 2972 2590 es,
2999 2533 3053 2580 et
3079 2525 3241 2596 ignita
3275 2524 3486 2594 eloquia
3513 2533 3614 2580 tua

2050 2626 2176 2671 sunt
2202 2616 2268 2670 ad
2318 2617 2745 2670 comburendum
2793 2617 2958 2686 ligna,
3010 2616 3214 2683 fenum,
3260 2617 3513 2686 stipulam
3537 2618 3603 2683 “,

2049 2705 2153 2760 hoc
2181 2713 2267 2760 est
2296 2705 2571 2776 improbas
2601 2705 2861 2760 actiones.
2910 2704 3015 2771 Qui
3050 2713 3224 2758 autem
3256 2718 3446 2760 servus
3479 2713 3611 2760 tuus

2047 2805 2151 2861 est,
2191 2798 2364 2867 diligit
2404 2797 2681 2867 eloquium
2718 2807 2892 2864 tuum,
2917 2797 3199 2866 quoniam,
3224 2812 3347 2853 cum
3377 2797 3604 2866 ignitum

2048 2886 2138 2952 sit,
2174 2886 2297 2940 vitae
2330 2887 2513 2957 spinas
2542 2887 2830 2941 comburit.

451 3061 572 3115 141.
606 3029 756 3132 Ἐξῶὶ
791 3065 886 3121 νῦν
932 3029 1183 3140 ἠρέἀμῆν
1227 3029 1685 3141 τού.
1704 3029 1940 3143 .σέ

2123 3062 2244 3116 141.
2295 3060 2408 3133 Ego
2449 3078 2591 3117 nunc
2624 3062 2763 3131 ccepi
2804 3073 3115 3117 convertere
3165 3076 3251 3115 me
3294 3075 3324 3113 a
3374 3058 3608 3130 peccatis

379 3153 487 3205 ἀπὸ
512 3153 622 3206 τῶν
650 3156 934 3228 ἁμαρτιῶν
959 3177 1081 3229 μου,
1106 3161 1201 3214 καὶ
1231 3162 1429 3226 πάντες
1460 3163 1658 3228 ὄνειδός
1691 3180 1758 3234 με
1795 3163 1947 3234 ἔχου-

382 3261 466 3296 σιν
492 3245 567 3307 ὡς
597 3246 915 3318 ἁμαρτωλόν
936 3265 948 3278 ο
994 3250 1104 3318 ἐγὼ
1133 3252 1188 3304 δέ
1221 3251 1608 3324 ὀνειδιζόμενος
1644 3255 1734 3307 ὑπ’
1768 3255 1945 3308 αὑτῶν

380 3333 448 3386 τὰ
481 3335 824 3408 δικαιώματὰ
856 3357 946 3393 σου
977 3342 1290 3412 ἐφύλαττον.

449 3426 572 3482 142.
608 3429 667 3482 '0
697 3432 865 3485 ποιῶν
905 3433 1002 3505 τὴν
1033 3434 1373 3508 δικαιοσύνην
1427 3439 1635 3503 δίκαιός
1680 3440 1826 3493 ἐστιν
1867 3441 1944 3504 εἰς

380 3517 469 3571 τὸν
495 3520 688 3583 αἰῶνα,
719 3525 812 3576 καὶ
843 3523 1018 3578 πάντα
1047 3527 1145 3578 ὅσα
1168 3528 1477 3597 ἐπηγγείλω
1505 3529 1634 3601 napi.
1667 3531 1776 3586 τῶν
1820 3533 1946 3604 μελ-

379 3609 576 3664 λόντων
602 3613 821 3680 ἀγαθῶν
848 3615 1072 3686 ἀλήθειά
1104 3620 1271 3672 ἐστιν.

450 3702 571 3756 145.
601 3704 834 3767 Ἕνδεια,
858 3706 951 3759 καὶ
980 3707 1218 3778 διωγμὸς
1236 3709 1462 3782 εὖροσάν
1487 3728 1576 3781 με,
1607 3711 1717 3780 ἐγὼ
1754 3712 1810 3765 δέ
1843 3714 1945 3765 ὑπ-

380 3794 732 3865 εμνησκόμην
759 3796 854 3864 (a),
878 3798 959 3850 ὅτι
987 3803 1291 3870 περιεῖπας’
1315 3799 1601 3869 Μακάριοι
1624 3805 1677 3856 οἱ
1699 3802 1945 3857 πεινῶν-

380 3897 480 3946 τες
504 3880 627 3953 [καὶ
667 3883 959 3952 διψῶντες
987 3886 1102 3954 τὴν
1138 3886 1586 3960 δικαιοσύνην],
1626 3889 1726 3943 καὶ
1755 3890 1946 3958 μακά-

371 3975 498 4039 ριοί
525 3974 686 4036 ἐστε,
720 3975 866 4029 ὅταν
898 3977 1278 4034 ὀνειδίσωσιν
1309 3979 1483 4050 ὑμᾶς,
1513 3983 1609 4036 καὶ
1633 3982 1904 4048 διώξωσι.

452 4062 572 4117 144.
605 4067 926 4140 Δικαιοσύνη
959 4073 1076 4124 ἐστὶ
1106 4074 1174 4128 τὰ
1207 4075 1480 4147 μαρτύριά
1509 4093 1602 4130 σου
1633 4078 1726 4130 καὶ
1755 4078 1944 4141 εἰς,τὺν

380 4155 497 4222 νῦν,
526 4160 620 4212 καὶ
653 4163 732 4224 εὶς
761 4163 1020 4232 μέλλοντα
1050 4165 1240 4220 αἰῶνα·
1275 4167 1548 4222 συνέτισόν
1579 4185 1645 4238 με
1668 4168 1824 4234 αὐτὰ,
1850 4170 1946 4222 καὶ

381 4245 618 4318 ζήσομαι
649 4250 716 4303 δι’
746 4252 945 4306 αὐτῶν.

453 4337 574 4392 145.
609 4340 800 4412 Κύριε,
850 4343 1273 4416 μακροθύμησον
1308 4345 1394 4398 ἐπ’
1434 4345 1585 4415 ἐμοὶ,
1637 4348 1731 4400 καὶ
1772 4347 1945 4400 πάντα

381 4445 466 4482 σοι
519 4430 780 4484 ἀποδώσω
804 4452 817 4464 ο
857 4435 1131 4504 ἐπιϐλέψω
1183 4435 1291 4507 γὰρ
1323 4438 1402 4500 είς
1435 4437 1535 4500 τὰς
1567 4437 1788 4508 Γραφάς
1827 4455 1942 4500 σου,

379 4520 473 4575 καὶ
508 4519 601 4572 ἐπὶ
631 4521 830 4589 γνῶσιν
864 4523 915 4576 τί
955 4521 1072 4594 [καὶ
1107 4525 1391 4594 ἐπέγνωκα
1428 4524 1504 4599 τί]
1529 4527 1627 4580 οὐκ
1655 4526 1947 4598 ἐπλήρωσα

380 4611 438 4661 ἐν
461 4611 672 4673 αὑταῖς,
701 4614 792 4665 καὶ
813 4612 971 4666 τοῦτό
997 4631 1077 4667 σοι
1113 4616 1325 4686 ἀποπλη
1337 4614 1514 4686 ρὼσω.

449 4697 572 4752 146.
605 4701 694 4753 Ἐν
723 4701 880 4774 ὀδύνῃ
903 4704 1002 4773 τῆς
1029 4705 1252 4776 καρδίας
1287 4723 1388 4778 μου
1429 4706 1564 4780 πρὸς
1604 4708 1664 4761 σέ
1685 4723 1699 4737 ο
1730 4707 1943 4777 βεόυθι-

381 4790 576 4858 σμένον
601 4792 728 4845 ὅντα
769 4811 834 4864 με
877 4796 981 4848 ὑπὸ
1015 4796 1113 4865 τῆς
1150 4797 1426 4867 ἁμαρτίας
1460 4797 1653 4863 σῶσον,
1694 4799 1769 4860 ὼς
1807 4798 1944 4852 ἔσω-

380 4895 482 4943 σας
537 4883 627 4935 τὸν
662 4883 864 4955 Πέτρον
904 4888 962 4938 ἐν
999 4886 1077 4956 τῷ
1114 4887 1338 4942 κλύδωνι
1388 4890 1486 4960 τῆς
1520 4887 1826 4958 θαλάσσης,
1855 4889 1949 4942 καὶ

378 4972 480 5023 οὐκ
520 4971 588 5023 ἂν
627 4971 772 5026 ἐάσω
799 4975 866 5027 τὰ
897 4976 1168 5048 μαρτύριά
1199 4995 1315 5033 σου.

449 5061 574 5116 147.
624 5064 708 5127 Ὠς
740 5064 957 5135 ἑώρακα
978 5069 1350 5138 ἡσυχάζουσαν
1377 5070 1475 5142 τὴν
1505 5069 1683 5141 ψυχήν
1716 5081 1815 5140 μου
1841 5070 1947 5122 ἀπὸ

378 5152 486 5205 τῶν
506 5156 838 5225 ἐνοχλουσῶν
865 5158 1051 5229 αὐτὴν,
1075 5159 1408 5230 ἐξωμολογού
1418 5179 1522 5232 μην
1546 5179 1629 5214 σοι
1649 5161 1746 5226 τὰς
1771 5163 1946 5233 ἁμαρ-

376 5248 500 5310 τίας
533 5266 656 5318 μου-
694 5249 898 5319 ἤλπισα
938 5251 1046 5320 γὰρ
1088 5253 1168 5313 είς
1210 5254 1335 5314 τοὺς
1372 5253 1562 5320 λόγους
1600 5272 1714 5317 σου,
1756 5253 1836 5307 ὅτι
1873 5250 1939 5324 ἧς

377 5336 614 5408 εἰρηκώς
637 5354 650 5369 ·
681 5341 857 5393 Δεῦτε
887 5341 1036 5407 πρός
1057 5357 1133 5408 με
1159 5340 1378 5406 πάντες
1409 5345 1464 5394 οἱ
1489 5342 1812 5408 κοπιῶντες
1839 5343 1936 5396 καὶ

378 5428 864 5498 πεφορτισμένοι,
899 5430 1060 5500 κάγὼ
1087 5432 1416 5485 ἀναπαύσω
1447 5430 1621 5501 ὑμᾶς.

2047 3155 2184 3208 meis
2223 3155 2289 3209 ad
2340 3164 2410 3217 te,
2444 3164 2498 3209 et
2543 3169 2734 3209 omnes
2765 3169 2852 3209 me
2897 3153 3188 3224 opprobrio
3219 3152 3441 3217 habent,
3481 3160 3602 3206 uui-

2045 3261 2209 3316 quam
2243 3255 2581 3315 peccatorem
2610 3263 2625 3311 ;
2659 3258 2759 3315 ego
2785 3253 2965 3299 autem
2994 3243 3351 3314 opprobratus
3373 3243 3440 3297 ab
3470 3243 3605 3314 ipsis

2038 3337 2460 3406 justiﬁcationes
2493 3345 2616 3392 tuas
2648 3337 2936 3392 custodivi.

2117 3428 2240 3483 142,
2266 3427 2493 3483 Faciens
2527 3429 2794 3499 justitiam
2824 3429 3010 3497 justus
3037 3438 3120 3483 est
3149 3428 3203 3480 in
3237 3437 3523 3491 aeternum,
3551 3437 3607 3482 et

2043 3534 2104 3574 ea
2149 3519 2353 3584 omnia,
2387 3534 2508 3591 quae
2532 3521 2599 3575 de
2637 3521 2875 3574 venturis
2922 3519 3079 3575 bonis
3118 3519 3435 3590 promisisti,
3469 3520 3605 3574 veri-

2041 3617 2124 3662 tas
2153 3615 2300 3662 sunt.

2116 3698 2236 3751 145.
2292 3698 2588 3768 lndigentia
2647 3707 2701 3752 et
2759 3701 3063 3768 persecutio
3114 3702 3436 3753 invenerunt
3495 3714 3606 3764 me,

2042 3804 2142 3859 ego
2175 3799 2357 3843 autem
2393 3789 2707 3844 recordatus
2735 3806 2877 3854 sum,
2907 3793 3165 3862 quoniam
3199 3790 3420 3843 dixisti:
3452 3788 3605 3843 Beati

2045 3882 2134 3950 qui
2164 3880 2406 3933 esuriant
2437 3878 2508 3952 [et
2529 3881 2716 3933 sitiunt
2740 3881 3048 3952 iustitiam],
3078 3891 3126 3934 et
3155 3882 3456 3945 beatieslis,
3486 3894 3605 3934 cum

2044 3968 2418 4022 maledixerint
2449 3969 2611 4036 vobis,
2643 3978 2692 4023 et
2718 3970 2973 4039 persecuti
3000 3984 3086 4024 vos
3119 3969 3313 4037 fuerint
3328 3969 3393 4021 ".

2115 4060 2239 4114 144.
2274 4059 2493 4115 Justitia
2529 4070 2658 4117 sunt
2683 4061 2987 4116 testimonia
3021 4070 3130 4126 tua,
3164 4068 3217 4113 et
3243 4059 3298 4111 in
3328 4058 3600 4128 praesenti,

2044 4163 2098 4207 et
2127 4153 2183 4206 in
2215 4151 2400 4208 futuro
2435 4154 2655 4220 saeculo,
2707 4152 2793 4209 fac
2828 4161 2889 4208 ut
2943 4167 3004 4210 ea
3056 4151 3370 4222 intelligam,
3403 4159 3458 4206 et
3506 4165 3603 4220 per

2045 4244 2162 4313 ipsa
2191 4243 2388 4296 vivam.

2122 4335 2245 4388 145.
2290 4333 2537 4398 Domine,
2587 4333 2852 4403 patienter
2897 4348 3109 4390 mecum
3151 4347 3272 4396 age,
3321 4341 3375 4387 et
3423 4333 3603 4387 omnia

2046 4425 2267 4479 reddam
2312 4424 2456 4478 tibi:
2504 4425 2789 4494 respiciam
2818 4425 2961 4480 enim
3012 4426 3066 4479 in
3107 4423 3416 4494 Scripturas
3459 4432 3603 4486 tuas,

2043 4523 2096 4571 et
2131 4530 2456 4584 cognoscam
2513 4517 2641 4586 quid
2702 4532 2810 4571 non
2857 4516 3070 4586 implevi
3101 4516 3158 4570 in
3198 4515 3350 4586 ipsis,
3401 4525 3455 4570 et
3500 4515 3606 4569 hoc

2046 4607 2138 4661 tibi
2165 4607 2490 4675 adimplcbo.

2119 4696 2241 4750 146.
2279 4695 2518 4751 Clamavi
2551 4697 2603 4750 in
2661 4697 2846 4751 dolore
2890 4698 3070 4754 cordis
3101 4697 3205 4751 mei
3239 4696 3304 4751 ad
3336 4704 3424 4763 te;
3471 4696 3603 4748 sub‘

2046 4801 2286 4841 mersum
2329 4803 2418 4841 me
2458 4802 2488 4841 a
2523 4797 2743 4856 peccato
2791 4788 2962 4852 salva,
3011 4785 3466 4856 quemadmodum
3499 4785 3634 4860 sal-V

2044 4878 2183 4932 vasti
2237 4876 2456 4932 Petrum
2488 4878 2542 4932 in
2586 4878 2756 4933 ﬂuctu
2799 4879 2988 4945 maris,
3039 4886 3093 4933 et
3146 4892 3251 4932 non
3303 4875 3602 4944 relinquam

2046 4969 2358 5023 testimonia
2389 4978 2499 5022 tua.

2117 5061 2239 5116 147.
2273 5059 2344 5115 Ut
2373 5061 2480 5114 vidi
2513 5061 2748 5114 animam
2793 5076 2966 5115 meam
3001 5060 3368 5130 quiescentem
3403 5071 3434 5110 a
3481 5069 3602 5124 per-

2045 5153 2393 5210 turbantibus
2426 5168 2567 5218 eam,
2595 5151 2879 5208 confessus
2917 5169 3037 5207 sum
3074 5153 3168 5207 tibi
3213 5157 3430 5221 peccata
3458 5162 3597 5209 mea;

2050 5247 2261 5317 speravi
2292 5247 2434 5301 enim
2466 5247 2520 5300 in
2560 5247 2902 5300 sermonibus
2936 5246 3062 5311 tuis,
3099 5243 3354 5315 quoniam
3379 5239 3596 5296 dixisti:

2059 5338 2238 5392 Venite
2272 5337 2340 5390 ad
2383 5353 2484 5402 me,
2521 5352 2696 5391 omnes
2719 5337 2808 5405 qui
2841 5335 3094 5389 laboratis
3127 5343 3178 5388 et
3221 5332 3423 5387 onerati
3451 5328 3602 5392 estis.

2042 5441 2093 5486 et
2123 5447 2216 5501 ego
2256 5430 2486 5499 reficiam
2516 5444 2602 5482 vos
2625 5429 2690 5480 “.

455 5539 541 5593 “l
576 5540 702 5596 Cor.
741 5556 824 5605 Ill,
861 5541 948 5596 12.
1027 5543 1072 5574 ⁸⁵
1098 5537 1383 5611 Μεῑιὴ.’γ,
1416 5543 1471 5610 6,
1504 5545 1593 5599 11.
1675 5544 1720 5575 ⁸⁸
1743 5545 1930 5601 Matth.
1966 5560 2043 5611 xl,
2073 5545 2164 5599 28.

460 5653 536 5724 (α)
578 5652 718 5724 Lege
750 5655 1259 5725 ὑπεμιμνησκόμην,
1300 5655 1486 5725 ὅτιπερ
1516 5651 1696 5722 εἶπας,
1737 5664 1795 5710 ut
1834 5658 1937 5712 col.
1975 5655 2131 5720 ΕΠ,
2167 5653 2231 5710 Ν.
2267 5654 2385 5708 164.
