3990 6208
421 280 567 348 12ος
1258 293 1315 350 s.
1357 293 1727 352 ATIIANASII
1765 295 1914 353 opp.
1956 296 2134 354 PARS
2170 299 2261 355 ιη.
2300 330 2369 338 -
2404 299 2813 357 EXEGETICA.
3509 304 3666 369 {eos

495 408 619 463 148.
651 408 1032 466 Praevenerunt
1079 410 1221 466 oculi
1252 411 1356 467 mei
1417 413 1482 468 ad
1513 422 1565 469 te
1613 414 1853 472 diluculo
1873 458 1887 483 ,
1922 425 1981 472 ut
2009 425 2051 481 Α

2156 418 2278 472 148.
2317 418 2671 489 Προέφθασαν
2696 421 2749 472 oi
2771 418 3041 490 ὀφθαλμοί
3057 420 3313 499 μοιξΑπρδς
3329 421 3530 499 ρον
3553 422 3652 475 τοῦ

422 499 714 553 meditarer
741 500 953 570 eloquia
985 509 1098 555 tua.

2092 511 2319 583 μελετᾷν
2344 511 2410 563 τὰ
2435 511 2588 580 λόγιὰ
2620 527 2732 566 σου.

495 590 617 645 149.
642 589 840 645 Vocem
869 606 1044 644 meam
1073 591 1199 645 audi
1229 594 1527 647 secundum
1555 594 1981 650 misericordiam

2162 602 2280 656 149.
2304 602 2416 672 Τῆς
2437 603 2619 673 φωνῆς
2649 621 2749 675 μου
2780 606 3027 667 ἄκουσον,
3049 607 3241 676 Κύριε,
3263 605 3401 658 κατὰ
3422 605 3481 658 τὸ
3504 605 3656 669 ἔλεὲς

424 694 594 747 tuam,
624 682 871 749 Domine,
913 680 1009 754 [et]
1042 683 1343 738 secundum
1372 684 1638 754 judicium
1665 697 1816 742 tuum
1845 688 1983 742 vivi-

1686 702 1816 742 uum
1845 688 1983 742 vivi-
2095 710 2209 757 σου,
2245 691 2384 764 [xui]
2408 693 2551 747 κατὰ
2575 694 2636 746 τὸ
2663 694 2835 765 κρϊμὰ
2864 712 2954 748 σου
2979 694 3137 767 ζῆσόν
3172 714 3260 767 με.

426 774 525 828 lica
542 788 648 827 me.

497 864 621 919 150.
651 862 1234 933 Appropinquaverunt
1264 877 1650 936 persequentes
1674 884 1761 924 me
1782 870 1985 941 iniqui-

2161 870 2284 924 150.
2308 873 2687 941 Προσήγγισαν
2705 872 2755 924 οἱ
2775 872 3194 936 καταδιώκοντές
3216 892 3283 945 με
3303 875 3524 945 ἀνομίᾳ,
3540 875 3653 945 ἀπὸ

427 956 541 1023 tati,
580 972 611 1009 a
639 956 753 1024 lege
780 965 961 1009 autem
996 964 1094 1011 tua
1119 957 1277 1029 longe
1303 957 1431 1012 facti
1465 969 1610 1013 sunt.

1465 969 1610 1013 sunt.
2088 962 2143 1014 δὲ
2172 961 2266 1014 τοῦ
2288 962 2452 1032 νόμου
2484 980 2577 1016 σου
2608 963 3041 1035 ἐμακρύνθησαν.

496 1046 620 1099 151.
649 1043 825 1116 Prope
853 1061 913 1101 es
942 1054 1020 1113 tu,
1053 1046 1301 1121 Domine,
1334 1058 1389 1104 et
1426 1065 1615 1105 omnes
1640 1050 1739 1104 viae
1771 1059 1876 1104 tuae
1902 1066 1986 1105 ve-

2158 1052 2286 1108 151.
2322 1054 2523 1122 Ἔγγὺς
2551 1050 2603 1108 εἴ
2633 1056 2727 1120 σὺ,
2752 1056 2955 1128 Κύριε,
2990 1058 3084 1113 καὶ
3116 1060 3281 1112 πᾶσαι
3311 1061 3369 1113 αἱ
3410 1058 3519 1111 ὁδοί
3554 1076 3654 1111 σου-

423 1137 576 1191 ritas.

2083 1143 2327 1213 ἀλήθεια.

494 1227 617 1283 152.
652 1228 809 1285 Initio
843 1229 1068 1300 cognovi
1094 1229 1164 1285 de
1198 1231 1525 1286 testimoniis
1570 1231 1682 1284 tuis
1705 1270 1719 1294 ,
1750 1229 1883 1300 quia
1927 1230 1984 1283 in

2158 1232 2281 1286 152.
2316 1234 2450 1287 Κατ’
2474 1234 2647 1304 ἀρχὰς
2675 1235 2844 1304 ἔγνων
2864 1238 2929 1290 ὲκ
2962 1237 3068 1292 τῶν
3097 1239 3406 1311 μαρτυρίων
3428 1257 3546 1306 σου,
3564 1242 3656 1293 ὅτι.

423 1324 684 1373 aeternum
720 1317 958 1374 fundasti
999 1336 1083 1375 ea.

2085 1328 2165 1388 είς
2194 1325 2286 1378 τὸν
2317 1314 2488 1379 αίῶνα
2521 1327 2884 1398 ἐθεμελίωσας
2907 1329 3059 1384 αὑτά.

495 1407 618 1463 155.
659 1407 791 1465 Vide
814 1410 1171 1466 humilitatem
1202 1427 1375 1468 meam
1398 1451 1412 1475 ,
1447 1420 1502 1467 et
1533 1412 1680 1481 eripe
1707 1426 1825 1479 me,
1857 1411 1984 1481 quia

2156 1415 2277 1471 155.
2315 1418 2424 1469 Ἴδε
2458 1417 2556 1489 τὴν
2585 1418 2908 1472 ταπείνωσιν
2949 1438 3073 1491 μου,
3105 1421 3198 1475 καὶ
3224 1420 3403 1485 ἐξελοῦ
3436 1438 3528 1492 με,
3565 1422 3653 1475 ὅτι·

424 1496 593 1568 legem
625 1507 776 1553 tuam
810 1515 919 1553 non
954 1515 1074 1555 sum
1110 1500 1330 1556 oblitus.
1381 1526 1389 1537 -

2084 1508 2178 1562 τοῦ
2212 1509 2376 1580 νόμου
2402 1526 2495 1562 σου
2524 1510 2622 1563 οὐκ
2650 1510 3006 1581 ἐπελαθόμην.

494 1589 620 1644 154.
649 1588 841 1647 Judica
863 1591 1125 1660 judicium
1152 1607 1357 1655 meum,
1386 1601 1442 1646 et
1468 1593 1669 1648 redime
1699 1606 1785 1647 me
1815 1610 1829 1645 :
1860 1606 1986 1661 pro-

2156 1599 2278 1655 154.
2310 1602 2511 1672 Κρΐνον
2535 1600 2633 1670 τὴν
2653 1601 2832 1672 κρίσιν
2862 1618 2986 1671 μου,
3015 1604 3107 1656 καὶ
3138 1603 3410 1675 λύτρωσαί
3441 1622 3529 1675 με,
3560 1604 3654 1658 διὰ
3710 1592 3724 1605 ’

422 1690 543 1753 pter
567 1683 842 1752 eloquium
875 1693 1025 1740 tuum
1048 1685 1261 1740 viviﬁca
1288 1700 1394 1740 me.

1198 1700 1261 1740 ca
1288 1700 1394 1740 me.
2016 1756 2051 1762 _
2085 1692 2175 1745 τὸν
2198 1690 2351 1759 λόγον
2378 1708 2470 1743 σου
2499 1688 2660 1762 ζῆσόν
2685 1709 2772 1762 με.

493 1773 618 1829 155.
652 1771 837 1845 Longe
871 1790 904 1829 a
932 1776 1309 1845 peccatoribus
1335 1775 1521 1845 salus},
1547 1774 1698 1844 fquia
1721 1773 1986 1844 justilica—
2016 1756 2057 1809 Β

2156 1756 2280 1838 155.
2313 1756 3040 1856 Μακρὰνῠὰπδνὰμαρτωλῶν
3063 1785 3321 1856 σωτηρία,
3360 1785 3440 1839 ὅτι
3477 1786 3547 1839 τὰ
3570 1788 3647 1840 δι-

427 1864 603 1921 tiones
634 1873 756 1921 tuas
788 1881 907 1920 non-
927 1868 1322 1937 exquisierunt:

2085 1874 2374 1945 καιώματά
2400 1891 2493 1928 σου
2518 1875 2620 1928 οὐκ
2648 1874 2994 1946 ἐξεζήτησαν.

495 1953 615 2011 156.
647 1954 1031 2012 Misericordia:
1061 1966 1165 2012 tuae
1190 1957 1393 2023 multae,
1418 1955 1662 2017 Domine,
1692 1953 1987 2009 secundum

2157 1964 2278 2019 156.
2309 1966 2372 2018 Οἱ
2402 1963 2673 2035 οἰκτιρμοί
2703 1981 2796 2018 σου
2822 1964 3038 2030 πολλοὶ,
3057 1964 3249 2037 Κύριε,
3276 1964 3417 2019 κατὰ
3443 1966 3505 2019 τὸ
3530 1971 3650 2036 κρί-

417 2045 683 2115 judicium
721 2056 875 2103 tuum
903 2050 1117 2105 vivilica
1152 2066 1256 2104 me.

1017 2050 1117 2105 lica
1152 2066 1256 2104 me.
2088 2050 2165 2121 μά
2195 2068 2286 2103 σου
2313 2050 2478 2121 ζῆσόν
2506 2069 2593 2123 με.

496 2137 618 2193 157.
643 2138 794 2195 Multi
821 2141 915 2210 qui
944 2149 1342 2211 persequuntur
1367 2154 1473 2205 me,
1496 2149 1549 2194 et
1574 2138 1834 2194 tribulant
1857 2152 1944 2192 me
1972 2156 1985 2191 :

2157 2141 2282 2196 157.
2317 2142 2509 2196 Πολλοὶ
2547 2144 2597 2196 οί
2624 2143 2972 2208 ὲκδιὼκοντες
3001 2162 3088 2215 με,
3126 2145 3219 2199 καὶ
3240 2144 3512 2209 θλίϐοντές
3537 2162 3609 2214 με
3634 2162 3646 2176 ·

423 2249 456 2287 a
484 2233 810 2291 testimoniis
837 2235 949 2291 tuis
975 2251 1082 2291 non
1115 2235 1406 2291 declinavi.

2089 2235 2154 2287 ὲκ
2173 2232 2282 2288 τῶν
2324 2234 2635 2306 μαρτυρίων
2665 2252 2758 2289 σου
2784 2236 2893 2288 οὑκη
2911 2236 3172 2303 ἐξέκλινα.

495 2326 619 2380 158.
647 2324 771 2381 Vidi
788 2328 1302 2398 praevaricantes,.et
1323 2326 1667 2383 tabescebam
1695 2344 1708 2379 :
1734 2324 1863 2394 quia
1880 2323 1997 2379 θιοο.

2157 2322 2280 2378 158.
2304 2320 2455 2377 Εἶδον
2502 2324 2889 2389 ἁσυνετοῦντας
2909 2366 2924 2392 ,
2957 2327 3052 2380 καὶ
3074 2326 3407 2398 ἐξετηκόμην
3429 2367 3453 2390 ,ν
3469 2328 3550 2379 ὅτι
3582 2327 3660 2380 τὰ·

422 2416 548 2486 quia
578 2425 669 2471 tua
696 2432 806 2472 non
836 2418 1231 2473 custodierunt.

2081 2414 2239 2484 λόγιά
2270 2432 2371 2499 σου.
2401 2416 2500 2469 οὐκ
2523 2416 2868 2485 ἐφυλάξαντο.

494 2505 618 2562 159.
652 2506 786 2564 Vide
809 2549 824 2572 ,
852 2510 1110 2579 quoniam
1145 2510 1398 2566 mandata
1428 2518 1521 2565 tua
1548 2510 1711 2564 dilexi
1746 2526 1761 2562 :
1800 2507 1985 2563 Domi-

2152 2505 2275 2561 159.
2305 2505 2430 2569 Ἴδε,
2460 2507 2544 2560 ὅτι
2569 2506 2668 2570 τὰς
2695 2508 2914 2572 ἐντολάς
2934 2525 3025 2561 σου
3045 2510 3337 2580 ἠγάπησαι
3366 2510 3560 2580 Κύριε,
3591 2511 3659 2565 ἐκ

424 2613 519 2665 ne,
543 2600 596 2653 in
626 2600 997 2657 misericordia
1027 2603 1363 2658 tuazvivilica.
1387 2619 1501 2658 me.

1184 2603 1363 2657 ivilica
1387 2619 1501 2658 me.
2078 2597 2158 2668 τῷ
2191 2596 2330 2650 ἐλέει
2366 2614 2458 2651 σου
2490 2596 2655 2669 ζῆσόν
2682 2616 2760 2669 με.

1537 2753 1911 2813 ΔΤΗΑΝΑδιΙ
1959 2752 2536 2809 INTERPRETATIO.

499 2909 620 2966 148.
647 2910 1018 2982 Vigilaverunt
1039 2914 1180 2971 oculi
1208 2915 1387 2969 cordis
1411 2913 1516 2967 mei
1543 2913 1611 2967 ad
1638 2910 1878 2967 suaviter
1893 2925 1988 2965 ex-

2154 2910 2275 2966 148.
2301 2910 2538 2982 Ἀνῆψαν
2557 2912 2606 2964 oi
2629 2912 2892 2983 ὀφθαλμοὶ
2909 2913 3007 2984 τῆς
3028 2913 3258 2985 καρδίας
3274 2929 3375 2983 μου
3396 2913 3460 2966 τὸ
3478 2913 3660 2983 ἡδέως

425 3000 729 3072 cipiendam
758 3004 934 3059 lucem
967 3002 1370 3075 Scripturarum
1402 3013 1641 3059 tuarum.

1546 3020 1641 3057 ιω.
2083 2998 2337 3065 δέξασθαι
2370 3000 2429 3053 τὸ
2457 3002 2572 3070 φῶς
2603 3000 2710 3054 τῶν
2741 3001 2970 3075 Γραφῶν
3009 3019 3122 3056 σου.

496 3092 623 3148 149.
648 3092 800 3150 Sicut
820 3095 1088 3153 immensa
1107 3108 1191 3153 est
1212 3097 1582 3155 misericordia
1605 3105 1716 3164 tua,
1733 3097 1806 3152 ita
1823 3114 1989 3153 exau-

2153 3090 2276 3145 149.
2309 3090 2504 3156 Καθὼς
2545 3093 2848 3164 ἀμέτρητόν
2888 3095 3003 3146 ἐστι
3032 3093 3094 3146 τὸ
3123 3091 3273 3160 ἔλεός
3312 3109 3404 3145 σου
3428 3133 3443 3157 ,
3475 3092 3651 3155 οὕτως

425 3184 485 3239 di
500 3200 608 3251 me,
625 3194 679 3240 et
703 3186 1002 3242 secundum
1025 3187 1355 3243 voluntatem
1374 3195 1522 3242 tuam
1545 3188 1620 3243 ita
1642 3189 1853 3244 viviﬁca
1877 3205 1984 3246 me.

1944 3205 1984 3246 ε,
2083 3182 2312 3236 ἄκουσόν
2346 3200 2469 3254 μου,
2495 3186 2588 3238 καὶ
2615 3184 2797 3249 καθὼς
2823 3184 3015 3252 θέλεις,
3039 3184 3212 3248 οὕτως
3242 3187 3402 3257 ζῆσὸν
3431 3205 3520 3256 με.

495 3276 620 3331 150.
667 3277 985 3333 Διιυιθιιυιιῒ
1028 3279 1350 3335 adversariae
1384 3289 1678 3350 potestates
1712 3279 1986 3349 improbas
2013 3306 2055 3364 α

2158 3272 2280 3327 150.
2310 3274 2654 3346 Προσὲφερον
2700 3277 2755 3329 ai
2785 3276 3021 3329 ἐναντίαι
3060 3275 3314 3346 δυνάμεις
3355 3276 3648 3345 ἐπιθυμίας

426 3365 742 3434 cupiditates
758 3385 772 3432 ;
790 3376 849 3421 ut
863 3382 991 3422 vero
1008 3369 1257 3423 viderunt
1275 3370 1328 3424 in
1351 3385 1435 3425 me
1454 3370 1798 3425 exsistentem
1817 3371 1984 3441 legem

2088 3365 2328 3434 πονηράς
2347 3382 2360 3394 ·
2409 3365 2538 3418 ὡσεὶ
2572 3364 2668 3437 [ὡς
2699 3364 2780 3439 δὲ]
2805 3363 2941 3422 εἶδον
2980 3368 3038 3423 ὲν
3068 3368 3189 3438 ἐμοὶ
3215 3366 3342 3421 ὄντα
3370 3368 3462 3422 τὸν
3486 3369 3649 3438 νόμον

425 3466 599 3524 tuam,
633 3457 1037 3527 disparuerunt.

2089 3472 2203 3518 σου,
2231 3456 2451 3525 ἀφανεῖς
2482 3456 2742 3524 ἐγένοντο.

499 3549 620 3604 151.
646 3549 821 3621 Prope
848 3566 908 3607 es
932 3561 989 3606 tu
1011 3594 1026 3615 ,
1057 3550 1316 3615 Domine,
1348 3554 1651 3609 volentibus
1684 3554 1750 3609 ad
1780 3563 1834 3610 te
1858 3570 1990 3610 con-

2157 3546 2277 3599 151.
2308 3546 2539 3616 Πλησίον
2565 3543 2615 3600 εἶ
2634 3549 2719 3612 σὺ,
2743 3546 2934 3619 Κύριε,
2961 3547 3068 3601 τῶν
3086 3547 3344 3603 θελόντων
3374 3548 3656 3620 προσφεύε

430 3639 617 3712 lugere
636 3683 652 3708 ,
682 3653 736 3697 et
760 3643 945 3701 omnia
982 3643 1246 3700 mandata.
1275 3653 1366 3699 tua
1400 3660 1518 3699 non.
1539 3656 1671 3702 sunt
1692 3662 1940 3703 onerosa.

2086 3650 2203 3703 γειν
2235 3652 2335 3699 σοι,
2368 3637 2461 3688 καὶ
2490 3637 2658 3691 πᾶσαι
2687 3637 2742 3690 αἱ
2778 3636 2986 3690 ὲντολαί
3013 3655 3105 3690 σου
3140 3638 3239 3691 οὐκ
3281 3637 3386 3689 είσὶ
3412 3636 3644 3707 βαρεῖαι.

503 3732 627 3788 152.
655 3733 736 3790 Ab
788 3735 949 3790 initio
977 3737 1212 3806 cognovi
1244 3751 1275 3791 e
1315 3735 1612 3807 Scripturis
1642 3737 1753 3795 tuis
1777 3779 1795 3804 ,
1842 3739 1988 3809 quod

2162 3726 2281 3781 152.
2314 3727 2404 3794 Ἐξ
2432 3728 2608 3798 ἀρχῆς
2636 3727 2948 3799 συνετίσθην
2983 3728 3047 3782 ὲκ
3086 3727 3194 3781 τῶν
3244 3728 3475 3798 Γραφῶν
3527 3744 3642 3789 σου,

430 3824 629 3880 invicta
657 3824 1066 3901 [immutabilia]
1093 3836 1222 3884 sunt
1240 3830 1495 3884 mandata
1526 3839 1636 3885 tua.

2087 3819 2169 3872 ὅτι
2197 3819 2431 3890 ἀνίκητά
2455 3818 2727 3891 [ἀκίνητά]
2754 3821 2857 3871 εἰσι
2882 3818 2949 3872 τὰ
2976 3819 3371 3890 προστάγματὰ
3390 3836 3502 3871 σου.

498 3919 621 3975 155.
650 3919 980 3986 Recordare,
995 3921 1138 3992 quod
1155 3930 1298 3977 terra
1326 3929 1380 3977 et
1403 3921 1581 3991 pulvis
1607 3938 1749 3990 sum,
1773 3924 1987 3993 eteripe
2020 3956 2024 3961 -

2158 3909 2279 3962 155.
2304 3909 2606 3980 Μνήσθητι,
2624 3908 2793 3979 ὄτιγῆ
2820 3909 2913 3962 καὶ
2940 3908 3131 3972 σποδός
3154 3910 3289 3979 εἰμι,
3315 3910 3409 3962 καὶ
3435 3907 3642 3972 ὲξελοῦο

424 4026 514 4067 me
541 4011 610 4067 ab
641 4011 968 4083 adversariis
992 4013 1372 4083 potestatibus,
1394 4013 1652 4083 quoniam
1675 4013 1990 4070 indesinen-

2091 4018 2187 4071 μαι
2212 3998 2416 4072 [ἐξελοῦ
2445 3999 2534 4072 με]
2564 4001 2627 4053 ἔκ
2654 4000 2762 4053 τῶν
2787 3999 3041 4053 ἐναντίων
3059 3997 3364 4069 δυνάμεων,
3387 4000 3469 4052 ὅτι
3493 4016 3645 4068 μερι-

426 4114 510 4159 ter
538 4104 804 4160 sollicitus
845 4120 989 4169 sum,
1024 4105 1301 4175 quomodo
1332 4106 1581 4175 impleam
1613 4107 1782 4177 legem
1817 4117 1998 4164 tuam..

2090 4092 2205 4164 μνῶ
2240 4092 2594 4156 ἀδιαλείπτως
2632 4092 2691 4145 τὸ
2725 4093 2843 4156 πῶς
2875 4092 3143 4165 πληρώσω
3173 4092 3265 4146 τὸν
3316 4093 3479 4162 νόμον
3532 4108 3642 4143 σου.

497 4195 1073 4265 i54.Quand'oquidem
1097 4194 1281 4265 justus
1305 4195 1473 4265 judex
1496 4196 1734 4261 exsistis,
1760 4213 1848 4253 me
1881 4198 1987 4252 ini-

2158 4183 2277 4238 154.
2294 4184 2381 4247 Ὠς
2399 4184 2766 4255 δικαιοκρίτης
2782 4184 3062 4255 ὑπάρχεις,
3080 4183 3425 4253 ἀδικούμενόν
3452 4199 3520 4252 με
3543 4181 3644 4235 ὑπὸ

424 4300 533 4355 que
554 4301 873 4356 oppressum
897 4301 926 4338 a
951 4284 1290 4340 daemonibus
1314 4284 1480 4339 libera
1501 4326 1516 4351 ,
1545 4294 1599 4339 et
1620 4298 1868 4339 sermone
1894 4292 1988 4338 tuo

2088 4276 2195 4329 τῶν
2214 4276 2481 4346 δαιμόνων
2510 4275 2799 4348 λύτρωσαι,
2829 4278 2920 4328 καὶ¹
2943 4275 3032 4334 διὰ
3061 4275 3149 4329 τὸν
3171 4274 3327 4344 λόγον
3356 4290 3447 4327 σου
3473 4275 3644 4327 ἐτισόν

426 4378 635 4432 viviﬁca
664 4392 769 4433 me.

2089 4386 2156 4439 με
2190 4368 2377 4445 [eam
2409 4367 2520 4440 με].

495 4468 627 4524 155..
645 4466 913 4534 Quoniam
934 4468 1120 4522 dixisti
1146 4487 1158 4522 :
1177 4466 1345 4523 Nemo
1366 4475 1601 4523 vestrum
1629 4467 1813 4536 inique
1832 4475 1994 4536 agat;

2076 4474 2079 4477 ’
2158 4462 2280 4516 155.
2301 4462 2421 4515 Ὅτι
2444 4458 2630 4525 εἴπας·
2661 4460 2825 4514 Οὐδὲν
2855 4458 3073 4531 [οὐδεὶς]
3098 4459 3250 4530 ὑμῶν
3276 4459 3338 4511 οὐ
3363 4458 3436 4528 μὴ
3462 4457 3644 4527 ἀδική-

424 4560 585 4614 morti
607 4559 789 4614 traditi
818 4567 946 4613 sunt
969 4568 1286 4629 peccatores
1310 4601 1325 4624 ,
1356 4560 1481 4629 quia
1514 4569 1835 4629 respuerth
1861 4574 1987 4629 pro-

2089 4571 2158 4629 σῃ
2179 4573 2192 4587 ο
2216 4553 2647 4625 τεθανατωμένοι
2674 4553 2808 4607 είσὶν
2831 4553 2879 4604 οί
2903 4551 3229 4623 ἁμαρτωλοὶ,
3256 4551 3337 4603 ὅτι
3358 4548 3454 4620 τὴν
3479 4551 3642 4616 ἑπαγ-

424 4652 742 4706 missionem
765 4651 889 4706 vita:
917 4658 1177 4705 venturas.

2016 4634 2063 4691 Ῑ)
2087 4649 2270 4718 γελίαν
2299 4648 2398 4717 τῆς
2428 4647 2574 4717 ζωῆς
2610 4645 2710 4715 τῆς
2746 4644 3040 4716 μελλούσης
3071 4645 3170 4697 οὐκ
3199 4643 3485 4713 ἠθέλησαν.

495 4743 618 4798 155.
652 4741 789 4798 Novi
822 4742 1118 4797 immensas
1153 4757 1273 4797 esse
1302 4742 1677 4797 miserationes
1708 4750 1829 4797 tuas
1850 4782 1865 4805 ,
1896 4757 1984 4797 se-

2156 4738 2278 4793 156.
2309 4733 2439 4791 Οἶδα
2477 4738 2558 4790 ὅτι
2579 4735 2873 4808 ἀμέτρητοί
2891 4737 3026 4789 εἰσιν
3058 4735 3109 4787 οἱ
3132 4732 3401 4804 οἰκτιρμοί
3428 4748 3541 4798 σου,
3570 4730 3642 4793 ὡς

426 4835 665 4890 cundum
697 4834 1031 4890 voluntatem
1068 4844 1215 4888 tuam
1249 4833 1469 4887 viviﬁca
1495 4848 1599 4886 me.

1005 4850 1031 4888 n
1068 4844 1215 4888 tuam
1249 4833 1469 4887 viviﬁca
1495 4848 1599 4886 me.
2085 4829 2276 4894 θέλεις,
2307 4828 2467 4901 ζῆσὸν
2498 4846 2581 4899 με.

495 4925 619 4980 157.
649 4926 950 4981 Contraria:
990 4933 1301 4995 potestates.
1354 4922 1489 4978 Nam
1518 4924 1833 4980 recordatus
1865 4941 1993 4981 sum.

2156 4921 2278 4975 157.
2301 4924 2363 4974 Αἱ
2384 4920 2621 4976 ἐναντίαι
2635 4919 2912 4991 δυνάμεις.
2957 4921 3312 4992 Ἐμεμνήμην
3332 4919 3438 4990 γὰρ
3466 4919 3649 4971 εἰπόν

425 5022 480 5071 te
497 5015 699 5071 dixisse
719 5035 739 5070 εΔ
751 5014 820 5070 In
840 5017 1101 5086 patientia
1116 5015 1442 5085 possidebitis
1467 5018 1672 5070 animas
1693 5025 1891 5071 vestras
1904 5016 1947 5047 δ’
1968 5032 1984 5081 ;

2085 5029 2175 5076 τος
2200 5029 2290 5066 σου
2311 5029 2325 5043 ·
2374 5013 2466 5066 Ἐν
2483 5011 2759 5081 ὑπομονῇ
2780 5009 3083 5078 κτήσησθε
3101 5012 3207 5077 τὰς
3230 5011 3434 5079 ψυχὰς
3454 5007 3638 5079 ὑμῶν,

424 5116 480 5160 ct
507 5124 521 5160 :
547 5105 651 5171 Qui
673 5107 980 5161 sustinuerit
1003 5108 1060 5161 in
1088 5107 1243 5177 ﬁnem
1265 5146 1281 5173 ,
1313 5106 1395 5161 hic
1427 5106 1601 5161 salvus
1625 5108 1725 5160 erit
1746 5106 1810 5159 εδ.

2084 5105 2181 5159 καὶ
2205 5109 2236 5159 ὀ
2264 5105 2588 5172 ὑπομείνας
2604 5107 2692 5171 εὶς
2716 5103 2888 5170 τέλος
2919 5100 3093 5168 οὗτος
3123 5102 3473 5168 σωθήσεται.

497 5197 618 5253 158.
649 5196 941 5254 Observavi
971 5207 1278 5268 pereuntes,
1307 5208 1360 5254 et
1393 5214 1503 5270 pra:
1538 5198 1883 5254 tribulatione
1908 5207 1987 5254 ta-

2156 5196 2273 5250 158.
2292 5197 2582 5266 Προσείχον
2600 5196 2726 5260 τοὺς
2745 5194 3160 5266 ἀπολλυμένους,
3182 5192 3515 5264 ἐξετηκόμην
3536 5192 3642 5245 ἀπὸ

429 5290 740 5354 bescebam,
771 5290 899 5360 quia
926 5290 1192 5345 voluntati
1225 5300 1330 5345 tuae
1366 5291 1707 5346 resistebant.

2084 5287 2186 5357 τῆς
2217 5286 2468 5357 θλίψεως,
2494 5289 2574 5341 ὅτι
2600 5287 2680 5360 τῷ
2713 5286 3007 5357 βουλήματι
3041 5302 3132 5338 σου
3163 5284 3500 5338 ἀνθίσταντο.

499 5379 623 5435 159.
645 5377 751 5446 Qui
800 5380 1045 5434 omnium
1093 5378 1258 5435 corda
1306 5379 1509 5445 noscis,
1573 5378 1771 5434 novisti
1823 5392 1988 5434 suave

2156 5379 2280 5436 159.
2314 5379 2735 5452 Καρδιογνώστα
2767 5380 3001 5445 πάντων,
3028 5373 3194 5440 οἶδας,
3228 5376 3316 5435 ὅτι
3342 5376 3516 5447 ἡδέως
3538 5374 3641 5445 ἔχω

427 5469 562 5524 mihi
600 5486 722 5526 esse
756 5471 980 5540 implere
1015 5480 1279 5543 praecepta
1311 5480 1424 5536 tua,
1455 5470 1701 5537 Domine,
1726 5472 1989 5529 miserens

2088 5472 2369 5543 πληρῶσαι
2424 5473 2521 5540 τὰς
2551 5472 2767 5535 ἐντολάς
2798 5488 2888 5524 σου
2912 5512 2927 5537 ,
2958 5469 3162 5541 Κύριεο
3197 5467 3363 5525 ἐλεῶν
3391 5485 3501 5539 με,
3553 5468 3646 5522 καὶ

430 5559 556 5624 mei,
577 5569 632 5615 et
656 5560 921 5631 adjuvans
947 5578 1034 5618 me
1061 5562 1274 5618 viviﬁca
1304 5577 1389 5617 me
1413 5562 1586 5633 gratia
1620 5573 1731 5617 tua.

2089 5564 2298 5636 βοηθῶν
2336 5582 2424 5635 με,
2459 5563 2623 5636 ζῆσόν
2655 5581 2720 5636 με
2745 5564 2832 5618 διὰ
2854 5565 2949 5635 τῆς
2979 5563 3197 5635 χάριτάς
3222 5578 3333 5615 σου.

508 5671 552 5704 ⁸⁷
574 5671 704 5728 Luc.
741 5689 852 5739 XXI,
890 5675 976 5729 19.
1082 5677 1124 5708 ⁸⁸
1153 5675 1316 5731 Marc.
1355 5692 1450 5731 xm
1474 5716 1489 5743 ,
1527 5676 1615 5732 13.
