3990 6208
416 237 554 292 1⁸307
1252 235 1308 288 S.
1351 231 1721 286 ATHANASII
1766 231 1916 284 OPP.
1960 230 2140 282 PARS
2180 231 2267 283 ιιι.
2305 263 2366 271 -
2395 231 2807 289 EXEGETICA.
3502 243 3646 299 ηαδ

479 351 602 409 170.
634 350 800 406 Intret
828 353 1121 422 postulatio
1152 367 1266 404 mea
1301 351 1354 404 in
1383 359 1678 419 conspectu
1711 360 1824 416 tuo,
1865 350 1972 404 Do-
2003 357 2044 411 Α

2144 351 2266 406 170.
2301 351 2546 404 Εἰσέλθοι
2581 353 2640 406 τὸ
2664 352 2878 424 ἀξίωμά
2907 371 3009 425 μου
3035 353 3261 409 ἐνώπιόν
3287 372 3379 408 σου
3399 397 3418 422 ,
3449 358 3646 430 Κύριε,

405 445 552 500 mine
574 485 591 512 ,
625 443 922 499 secundum
951 444 1225 513 eloquium
1259 453 1410 496 tuum
1442 443 1590 512 eripe
1623 459 1728 497 me.

1374 459 1410 496 ῐι
1442 443 1590 512 eripe
1623 459 1728 497 me.
2074 446 2212 497 κατὰ.
2241 446 2302 496 τὸ
2332 445 2508 513 λόγιόν
2545 462 2638 497 σου
2668 445 2826 516 ῥῦσαί
2864 465 2950 516 με.

476 536 598 590 171.
633 535 973 591 Eructabunt
998 536 1140 590 labia
1165 549 1281 589 mea
1303 535 1585 606 hymnum,
1611 551 1735 589 cum
1768 536 1972 590 docue-

2143 536 2264 590 171.
2285 535 2692 608 Ἐξερεύξαιντο
2723 537 2791 591 τὰ
2816 539 2967 610 χείλη
2998 557 3098 609 μου
3125 538 3313 610 ὕμνον,
3346 541 3473 593 ὅταν
3499 541 3647 594 διδά-

407 628 482 682 ris
516 643 602 681 me
635 627 1051 698 iustiﬁcationes
1086 637 1228 682 tuas.

2071 629 2168 702 ξῃς
2203 647 2270 700 με
2295 632 2363 682 τὰ
2389 630 2736 702 δικαιώματά
2759 649 2870 686 σου.

476 721 600 776 172.
639 720 1019 776 Pronuntiabit
1070 720 1254 790 lingua
1288 735 1408 774 mea
1459 720 1736 790 eloquium
1788 729 1967 784 tuum,

2143 721 2266 774 172.
2299 721 2596 791 Φθέγξαιτο
2634 725 2667 794 ἡ
2701 723 2922 791 γλῶσσά
2969 741 3071 793 μου
3101 724 3170 777 τὰ
3197 724 3352 791 λόγιά
3394 742 3519 791 σου,
3561 728 3647 780 ὅτι

406 815 530 886 quia
559 815 742 869 omnia
773 814 1026 868 mandata
1058 824 1151 868 tua
1182 815 1432 884 mquitas.

2072 812 2241 864 πᾶσαι
2270 814 2325 865 αἱ
2354 813 2566 866 ἑντολαί
2599 831 2692 866 σου
2724 815 3053 883 δικαιοσύνη.

476 907 595 962 175.
627 905 746 960 Fiat
772 921 967 962 manus
995 917 1084 961 tua
1112 915 1170 960 ut
1196 907 1365 962 salvet
1394 921 1500 970 me,
1525 907 1784 976 quoniam
1810 922 1968 960 man—

2142 903 2266 960 175.
2297 902 2541 958 ΓενέσΘω
2565 907 2598 972 ἡ
2630 905 2750 977 χείρ
2775 923 2866 958 σου
2892 907 2985 960 τοῦ
3012 908 3182 962 σῶσαί
3214 925 3302 978 με,
3331 909 3410 962 ὅτι
3435 910 3534 972 τὰς
3553 911 3647 962 ἑν·-

405 995 527 1050 data
559 1005 648 1050 tua
675 997 831 1067 elegi.

2067 996 2226 1060 τολάς
2255 1014 2346 1050 σου
2374 998 2732 1070 ᾑρετισάμην.

473 1085 592 1140 174.
620 1087 918 1157 Concupivi
949 1089 1188 1143 salutare
1207 1097 1359 1142 tuum
1397 1088 1645 1154 Domine,
1672 1097 1726 1144 et
1751 1091 1836 1143 lex
1873 1099 1964 1143 tua

2139 1089 2261 1142 174.
2297 1090 2644 1162 Ἐπεπόθησα
2685 1093 2747 1145 τὸ
2797 1093 3064 1164 σωτήριόν
3099 1111 3213 1156 σου,
3245 1095 3438 1165 Κύριε,
3487 1095 3582 1148 καὶ
3609 1096 3640 1148 ὀ

404 1178 678 1234 editatio
709 1195 827 1234 mea
851 1189 953 1235 est.

2066 1180 2226 1251 νόμος
2263 1198 2356 1233 σου
2393 1181 2588 1254 μελέτη
2619 1183 2723 1253 μού
2759 1185 2894 1236 ἐστι.

475 1268 598 1323 175.
631 1268 781 1325 Vivet
799 1271 980 1325 anima
1015 1288 1155 1338 mea,
1179 1283 1232 1328 et
1261 1273 1506 1329 laudabit
1535 1284 1608 1341 te,
1643 1284 1698 1330 et
1752 1276 1958 1346 judicia

2143 1272 2264 1325 175.
2295 1275 2526 1344 Ζήσεται
2555 1277 2586 1346 ἡ
2621 1275 2768 1346 ψυχή
2809 1293 2932 1346 μου,
2969 1278 3062 1330 καὶ
3096 1276 3298 1330 αἰνέσει
3324 1294 3404 1341 σε,
3449 1278 3543 1331 καὶ
3571 1279 3639 1333 τὰ

406 1371 496 1415 tua
517 1361 847 1430 adjuvabunt
878 1379 984 1418 me.

2073 1364 2314 1436 κρίματά
2341 1382 2433 1418 σου
2467 1366 2722 1438 βοηθήσει
2757 1385 2866 1439 μοι.

471 1457 594 1512 176.
626 1457 814 1514 Erravi
842 1458 983 1514 sicut
1021 1458 1139 1514 ovis
1159 1475 1280 1530 quae
1311 1460 1491 1530 periit,
1529 1477 1712 1530 quaere
1739 1477 1960 1517 servum

2143 1457 2261 1511 176.
2303 1459 2641 1532 Ἐπλανήθην
2669 1461 2742 1525 ὡς
2770 1461 3042 1532 πρόϐατον
3063 1462 3336 1525 ἀπολωλός
3361 1479 3375 1492 ο
3405 1461 3637 1531 ζήτησον

402 1557 574 1615 tuum,
597 1549 724 1620 quia
753 1550 1005 1604 mandata
1036 1559 1128 1604 tua
1153 1565 1261 1604 non
1287 1565 1410 1604 sum
1435 1550 1659 1604 oblitus.

2069 1548 2158 1603 τὸν
2185 1548 2367 1604 δοῦλόν
2404 1568 2520 1618 σου,
2553 1552 2632 1605 ὅτι
2654 1552 2752 1616 τὰς
2785 1554 3004 1618 ἐντολάς
3037 1572 3130 1608 σου
3152 1556 3251 1609 οὐκ
3272 1555 3638 1625 ἐπελαθόμην.

1566 1733 1734 1786 ΨΑΛ.
1766 1734 1920 1790 PIH'.
1947 1731 2155 1786 PSAL.
2191 1729 2426 1787 CXVIII.

466 1873 516 1926 1.
555 1873 847 1944 Μακάριοι,
883 1883 987 1928 etc.
1020 1872 1190 1937 Beati,
1218 1881 1324 1928 etc.

2137 1870 2189 1922 4.
2232 1871 2318 1925 Ἐν
2351 1871 2467 1944 ὅλῃ,
2497 1881 2600 1926 etc.
2631 1870 2685 1924 In
2723 1879 2856 1936 toto,
2887 1883 2998 1928 etc.

460 1965 515 2018 2.
550 1967 616 2018 Ol.
647 1965 1021 2036 πορευόμενοι,
1058 1975 1163 2021 etc.
1201 1963 1304 2030 Qui
1343 1963 1643 2028 ambulant,
1671 1974 1783 2016 etc.

1512 1963 1643 2028 lant,
1671 1974 1783 2016 etc.
2139 1962 2191 2016 5.
2217 1961 2291 2014 Οὐ
2322 1963 2454 2034 γάρ,
2482 1973 2586 2020 etc.
2612 1962 2732 2020 Non
2769 1965 2914 2020 enim
2929 2005 2947 2029 ,.
2978 1974 3088 2020 etc.

463 2056 516 2110 3.
549 2057 844 2127 Μακάριοι,
874 2066 979 2112 etc.
1009 2057 1177 2121 Beati,
1207 2066 1311 2111 etc.

1512 2193 1880 2250 ATHANASI‘I
1933 2190 2512 2249 INTERPRETATIO.

462 2334 586 2388 170.
615 2335 775 2404 Aperi
802 2344 985 2404 portas
1010 2337 1269 2390 cmlorum
1307 2346 1526 2392 tuorum
1548 2378 1562 2400 ,
1609 2344 1666 2390 et
1697 2335 1959 2404 depreca-

2133 2327 2248 2384 170.
2277 2329 2521 2396 Ἀνοιξον
2547 2328 2643 2412 τὰς
2670 2331 2843 2394 πύλας
2871 2331 2982 2383 τῶν
3002 2333 3247 2402 οὐρανῶν
3271 2349 3386 2399 σου,
3411 2335 3506 2388 καὶ
3535 2341 3641 2408 την

395 2425 595 2480 tionem
631 2440 807 2478 meam
843 2426 1023 2494 recipe
1045 2464 1060 2488 ,
1108 2426 1565 2495 quemadmodum
1612 2425 1836 2480 dixisti:
1865 2423 1958 2478 In-

2061 2420 2402 2492 παράκλησίν
2427 2439 2526 2491 μου
2550 2419 2720 2488 δέξαι,
2748 2422 2930 2486 καθὼς
2955 2419 3141 2486 εἶπας·
3179 2425 3635 2480 Ἐπικαιέσεταί

395 2532 517 2570 voca
543 2533 625 2570 me
650 2518 706 2570 in
736 2517 822 2571 die
851 2516 1210 2571 tribuiationis
1240 2526 1364 2581 tua,
1391 2527 1441 2572 et
1459 2534 1641 2572 eruam
1672 2527 1739 2582 te,
1768 2527 1818 2570 et
1843 2517 1959 2586 glo-

2065 2530 2129 2582 με
2170 2512 2549 2585 [ὲπικάλεσαί
2571 2513 2670 2586 με]
2703 2515 2773 2568 ἐν
2817 2515 3008 2584 ἡμέρᾳ
3043 2516 3302 2585 θλνίψεώς
3329 2533 3447 2572 σου
3468 2559 3484 2583 ,
3533 2521 3641 2573 καὶ

395 2607 626 2676 riﬁcabis
659 2625 739 2662 me
761 2608 808 2640 ⁷ο
837 2628 850 2663 :
882 2609 954 2664 ita
1004 2625 1150 2665 nunc
1198 2610 1477 2680 excipiens
1521 2610 1956 2680 deprecationem

2060 2605 2381 2675 ἐξελοῦμαί
2421 2621 2495 2660 σε
2513 2646 2528 2670 ,
2559 2607 2658 2660 καὶ
2687 2607 2964 2674 δοξάσεις
2987 2626 3063 2677 με
3086 2625 3100 2638 ⁸
3132 2609 3304 2674 οὕτως
3328 2609 3444 2676 νῦν,
3475 2611 3636 2678 δεξα-

395 2716 570 2755 uteam
607 2701 773 2755 libera
807 2717 910 2756 me.

1987 2728 2034 2791 c
2067 2697 2230 2791 μένου
2263 2716 2364 2791 μου
2392 2697 2490 2791 τὴν
2517 2699 2890 2791 παράκλησιν,
2925 2700 3090 2791 ῥῦσαί
3117 2719 3203 2772 με.

468 2791 589 2846 171.
617 2791 885 2863 Hymnum
911 2794 1199 2863 rependam
1227 2793 1536 2862 gloriﬁcans
1569 2802 1653 2856 te,
1683 2807 1806 2847 cum
1842 2792 1962 2845 ill'u-
2000 2787 2033 2791 '

2135 2787 2257 2840 171.
2291 2787 2606 2858 Ἀνέπεμψα
2643 2787 3032 2862 [Ἀναπέμψω]
3068 2790 3235 2862 ὕμνον
3262 2791 3500 2856 δοξάζων
3546 2809 3633 2858 σε,

392 2883 626 2938 minabis
657 2900 744 2938 me
778 2885 844 2939 ad
896 2885 1271 2956 intelligendas
1316 2893 1370 2940 et
1399 2884 1674 2941 faciendas
1696 2885 1964 2956 iustiﬁca-

2063 2880 2189 2933 ὅταν
2222 2879 2462 2953 φωτίσῃς
2489 2897 2556 2950 με
2587 2879 2653 2934 τὰ
2681 2879 3024 2952 δικαιώματά
3057 2900 3150 2936 σου
3171 2925 3185 2949 ,
3218 2884 3311 2937 καὶ
3336 2887 3506 2950 νοεῖν,
3537 2886 3633 2937 καὶ

395 2976 571 3030 tiones
601 2984 738 3030 tuas.
1185 3032 1188 3034 γ

1185 3032 1188 3034 γ
2065 2970 2341 3040 πράττειν.

465 3067 586 3122 172.
629 3067 848 3138 Loquar
877 3070 1206 3124 conﬁdenter
1239 3083 1548 3124 sermonem
1582 3078 1734 3123 tuum
1760 3106 1776 3130 ,
1821 3081 1961 3136 quo-

2134 3062 2257 3117 172.
2313 3063 2547 3134 Λαλήσω
2571 3063 2659 3116 τὸν
2687 3064 2840 3133 λόγον
2873 3082 2968 3117 σου
3009 3066 3144 3136 μετὰ
3171 3068 3479 3139 παρρησίας
3497 3109 3513 3132 ,
3548 3069 3632 3121 ὅτι

385 3159 535 3216 niam
565 3159 633 3213 ab
676 3160 829 3214 initio
860 3177 1030 3229 usque
1059 3161 1114 3214 in
1160 3161 1320 3215 linem
1364 3161 1575 3231 iustitia
1625 3167 1790 3223 sunt,
1840 3172 1961 3227 quae

2062 3155 2159 3207 ἀπ’
2185 3156 2358 3227 ἀρχῆς
2379 3156 2483 3220 ἕως
2510 3156 2694 3220 τέλους
2720 3157 3029 3230 δικαιοσύνη
3068 3158 3225 3226 εἰσὶν,
3255 3159 3397 3230 ἅπερ
3428 3162 3633 3214 ἐνετεί-

393 3251 662 3305 mandasti
697 3251 871 3306 nobis.

2061 3244 2138 3299 λω
2165 3247 2292 3316 ὑμῖν
2323 3245 2377 3318 [ἡ
2386 3247 2520 3318 μίν].

467 3344 586 3397 175.
615 3342 860 3412 Ριαεριιιιιι
889 3346 1115 3415 gratiam
1138 3355 1286 3400 tuam
1316 3345 1383 3399 ad
1408 3345 1822 3400 custodiendum
1848 3362 1952 3412 me,

2137 3337 2254 3390 175.
2296 3338 2630 3410 Εὐτρέπισον
2655 3338 2753 3410 τὴν
2788 3341 2944 3412 χάριν
2980 3358 3071 3394 σου
3105 3339 3206 3413 [εἰς
3226 3340 3310 3413 τὸ]
3345 3341 3631 3412 φυλάττειν

393 3435 650 3504 quoniam
679 3445 941 3505 praecepta
971 3445 1062 3490 tua
1093 3437 1248 3507 elegi.

2067 3444 2153 3497 με,
2182 3428 2265 3480 ὅτι
2299 3427 2397 3490 τὰς
2429 3429 2649 3493 ἐντολάς
2683 3447 2775 3482 σου
2810 3429 3155 3503 ἐξελεξάμην.

464 3527 589 3580 174..
615 3527 948 3592 Desideravi,
979 3529 1226 3596 Domine,
1257 3545 1588 3602 cognoscere
1637 3532 1956 3587 manilesta-

2137 3515 2256 3569 174.
2293 3517 2642 3591 Ἐπεπόθησα
2680 3519 2904 3588 γνῶναι,
2945 3521 3132 3593 Κύριε,
3175 3523 3274 3595 τὴν
3322 3524 3635 3595 φανέρωσιν

394 3618 598 3673 tionem
658 3629 1051 3690 praceptorum
1108 3630 1345 3686 tuorum,
1391 3631 1672 3691 propterea
1721 3623 1954 3692 exquiro

2060 3609 2168 3662 τῶν
2194 3611 2632 3681 προσταγμάτων
2662 3629 2755 3666 σου
2781 3630 2793 3642 ·
2833 3614 2920 3668 διὰ
2943 3615 3103 3669 τοῦτο
3127 3617 3370 3688 ἐπιζητῶ
3391 3618 3626 3686 ἑκάστης

390 3708 730 3778 singularum
757 3708 1164 3780 Scripturarum
1199 3711 1633 3782 explicationem.

1115 3727 1164 3765 m
1199 3711 1633 3782 explicationem.
2063 3701 2283 3772 Γραφῆς
2304 3701 2401 3774 τὴν
2426 3704 2691 3759 ἐπίλυσιν.

463 3799 585 3854 175.
619 3799 842 3856 Viviﬁca
887 3802 1125 3858 animam
1158 3819 1331 3859 meam
1373 3820 1469 3874 per
1503 3805 1731 3875 gratiam
1778 3812 1949 3867 tuam,

2132 3796 2253 3850 175.
2288 3799 2630 3868 Ζωοποιησον
2653 3801 2752 3871 τὴν
2783 3800 2962 3873 ψυχήν
3010 3819 3113 3873 μου
3159 3802 3247 3856 διὰ
3285 3802 3384 3872 τῆς
3407 3805 3627 3874 χάριτός

386 3893 440 3938 et
494 3885 612 3956 ejus
645 3889 849 3945 auxilio
903 3900 954 3946 te
998 3891 1245 3946 laudabit
1285 3911 1300 3946 :
1332 3901 1388 3947 et
1427 3892 1633 3964 judicia
1667 3902 1757 3947 tua
1795 3908 1947 3946 arma

2059 3905 2175 3954 σου,
2199 3889 2294 3942 καὶ
2325 3890 2529 3943 αἰνέσει
2559 3889 2692 3963 [σε]
2724 3893 2790 3945 δι’
2812 3895 2981 3964 αὐτῆς
3005 3911 3020 3924 ·
3053 3896 3146 3948 καὶ
3173 3894 3242 3948 τὰ
3267 3895 3510 3966 κρίματά
3530 3912 3627 3948 σου

383 3976 520 4031 mihi
546 3979 655 4034 sint
679 3981 942 4037 adversus
962 3984 1265 4038 contrarias
1290 3991 1603 4054 potestates.

2057 3981 2197 4035 ὅπλα
2229 4000 2319 4053 μοι
2347 3983 2587 4051 γένοιντο
2615 3984 2759 4037 κατὰ
2783 3985 2891 4040 τῶν
2924 3987 3179 4040 ἐναντίων
3203 3988 3501 4058 δυνάμεων.

456 4071 577 4126 176.
611 4072 804 4129 Erravi
836 4077 1150 4148 relinquens
1183 4087 1234 4132 te
1267 4093 1455 4132 verum
1503 4088 1818 4148 pastorem:
1859 4076 1950 4132 sed
1988 4064 2032 4120 Β

2132 4072 2255 4126 176.
2305 4071 2643 4143 Ἐπλανήθην
2665 4072 2979 4127 καταλιπών
3003 4091 3063 4126 σε
3096 4073 3187 4127 τὸν
3213 4074 3464 4146 ἀληθινὸν
3503 4090 3620 4125 ποι-

383 4168 668 4235 cOgnoscis
701 4170 792 4224 ubi
820 4187 977 4237 sum;
1011 4172 1096 4227 fac
1142 4181 1204 4226 ut
1243 4174 1377 4228 velis
1413 4190 1499 4228 me
1539 4174 1794 4242 reperire,
1821 4187 1956 4241 quo-

2059 4164 2229 4235 μένα·
2258 4164 2394 4217 ἀλλὰ
2426 4162 2717 4233 γινώσκεις
2751 4166 2854 4219 ποῦ
2885 4167 3029 4237 εἰμι·
3057 4166 3282 4238 Θέλησον
3315 4167 3494 4239 εὑρεῖν
3529 4182 3619 4236 με,

382 4256 531 4312 niam
583 4261 749 4314 etiam
783 4264 1124 4319 errabundus
1175 4265 1466 4330 exsistens,
1516 4272 1773 4335 tanquam
1834 4262 1952 4317 ovis

2051 4259 2133 4311 ὅτι
2157 4258 2251 4312 καὶ
2273 4257 2696 4330 πεπλανημένος
2733 4258 2808 4312 ὢν
2836 4260 2912 4322 ὡς
2956 4259 3226 4330 πρόϐατον
3254 4257 3496 4312 ἀναϐοῶν
3525 4256 3621 4328 ζη-

383 4350 626 4406 clamans
673 4369 858 4422 qumro
901 4363 975 4419 te,
1017 4367 1073 4410 et
1117 4372 1335 4428 gregem
1389 4365 1566 4421 tuum,
1627 4357 1830 4409 timens
1877 4370 1951 4407 ne

2049 4350 2155 4404 τῶν
2223 4349 2410 4423 ζητῶ]
2445 4369 2527 4416 σε,
2558 4351 2656 4405 καὶ
2700 4351 2798 4422 τὴν
2830 4351 2927 4423 σὴν
2956 4352 3193 4423 ποίμνην
3217 4391 3233 4415 ,
3268 4350 3615 4422 φοϐούμενος,

382 4451 603 4512 propter
625 4459 806 4498 meum
831 4458 1116 4514 peccatum
1135 4459 1190 4503 et
1208 4449 1262 4502 in
1289 4450 1524 4518 praedam
1569 4447 1678 4501 sim.
1712 4455 1936 4500 contra—

2053 4441 2259 4511 μήποτε
2283 4438 2375 4492 διὰ
2400 4442 2498 4510 τῆς
2525 4441 2802 4511 ἁμαρτίας
2832 4457 2933 4510 μου
2973 4441 3067 4493 καὶ
3091 4440 3423 4512 θηριάλωτος
3445 4439 3621 4509 γένω-

382 4535 482 4590 riis
507 4537 894 4606 potestatibus.

2059 4548 2154 4601 μαι
2180 4529 2283 4583 ὑπὸ
2307 4529 2415 4583 τῶν
2445 4530 2704 4585 ἐναντίων
2725 4531 3023 4602 δυνάμεων.

461 4682 530 4736 Ἦ
559 4683 892 4754 προκειμένη
933 4685 1210 4756 ἐπιγραφὴ
1257 4688 1291 4756 ἡ
1327 4685 1414 4739 διά
1445 4684 1551 4753 τῆς
1572 4681 1946 4751 κινναϐάρεως

2055 4674 2380 4744 principatus
2407 4673 2536 4739 oris,
2560 4674 2667 4729 hoc
2693 4682 2817 4737 est,
2848 4673 2940 4744 qui
2987 4682 3166 4742 potest
3209 4688 3314 4727 non
3349 4672 3616 4727 ollendere

380 4774 645 4845 περιέχει,
670 4785 774 4830 etc.
808 4776 1198 4846 Ἐρμηνεύεται
1229 4777 1500 4846 διαφόρως
1537 4777 1632 4828 καὶ
1664 4774 1936 4845 πολυτρό-

1395 4793 1500 4846 ρως
1537 4777 1632 4828 καὶ
1664 4774 1936 4845 πολυτρό-
2057 4764 2111 4819 in
2143 4764 2331 4829 verbo,
2368 4763 2459 4817 hic
2487 4761 2760 4832 perfectus
2789 4763 2871 4816 vir
2903 4763 2971 4816 '“.

379 4883 498 4928 πως
519 4867 623 4931 εἰς,
647 4877 752 4923 etc.
797 4870 943 4940 ἡμᾶς
992 4869 1451 4941 προτρεπόμενον.
1487 4867 1702 4923 Titulus
1729 4883 1944 4938 przepo-

1799 4885 1944 4936 [ενο-
2116 4856 2168 4909 2.
2196 4857 2258 4909 Οἱ
2293 4855 2649 4926 ἀπεχόμενοι,
2677 4864 2782 4908 etc.
2816 4851 2920 4919 Qui
2951 4853 3247 4916 abstinent,
3273 4863 3375 4908 etc.

380 4958 521 5012 situs
551 4959 832 5014 cinnabari
859 4962 1093 5029 scriptus
1117 4961 1378 5025 continet,
1415 4972 1520 5016 etc.
1553 4959 1943 5030 Interpretatur
2119 4949 2171 5001 5-
2193 4947 2499 5018 Μακάριοιν
2526 4954 2630 5001 θιο·
2660 4946 2829 5010 Beati,
2857 4954 2961 4999 ειε-

378 5047 589 5102 diverse
610 5057 664 5104 et
685 5050 832 5105 varie
854 5050 922 5104 ad
955 5052 1182 5122 hymnos
1197 5061 1251 5106 et
1275 5052 1494 5108 laudem
1517 5069 1615 5107 nos
1631 5054 1946 5108 exhortans.

2121 5040 2171 5094 4.
2202 5039 2425 5111 Θερμοί,
2457 5047 2592 5102 etc.,
2625 5037 2687 5090 τὸ
2731 5038 2874 5102 πῶς,
2917 5049 3047 5102 etc...
3084 5037 3289 5092 ἑνοικον
3324 5039 3380 5090 ἑν
3412 5038 3607 5098 αὐτοῖς.

453 5138 510 5192 1.
539 5140 815 5212 Μακάριοι
843 5144 892 5194 οἰ
923 5141 1062 5196 κατὰ
1093 5142 1186 5195 τὸν
1237 5141 1375 5196 Ἰὼϐ.
1427 5145 1500 5197 Τὸ
1534 5145 1744 5213 Ἀλεφ,
1771 5144 1831 5197 τὸ
1862 5143 1949 5196 διὰ

2050 5132 2362 5195 Fcrventes,
2397 5139 2530 5194 etc.,
2556 5131 2838 5199 quomodo
2862 5145 2985 5184 cum
3012 5130 3280 5198 accipiant
3313 5128 3617 5182 inhabitan-

375 5228 475 5298 τῆς
519 5231 887 5303 κινναϐάρεως
918 5234 1341 5304 παρακείμενον,
1370 5234 1729 5307 ἑρμηνεύεται
1788 5235 1944 5304 ἀρχὴ

929 5234 1341 5304 παρακείμενον,
1370 5234 1729 5307 ἑρμηνεύεται
1788 5235 1944 5304 ἀρχὴ
2044 5232 2151 5276 ῑεηῖ
2186 5223 2240 5275 in
2267 5237 2327 5276 se
2354 5222 2505 5291 ίβδίδ·

378 5319 692 5388 στόματος,
739 5324 1013 5378 τουτέστιν
1069 5327 1097 5378 ό
1136 5325 1433 5390 δυνάμενος
1495 5326 1569 5396 μὴ
1619 5326 1831 5378 πταίειν
1889 5327 1948 5378 ἑν
2115 5313 2166 5367 5-
2196 5313 2387 5385 Οἱγάρ
2411 5313 2718 5385 λεγόμενοι,
2743 5325 2877 5378 Θιϐσν
2909 5316 3023 5376 τοῖς
3063 5313 3474 5384 προστάγμασιν
3516 5312 3612 5364 αὖ·-

377 5408 540 5480 λόγῳ,
565 5407 720 5477 οὗτος
743 5416 946 5480 τέλειος
965 5418 1124 5488 ἀνήρ.
1160 5418 1331 5482 Beati,
1360 5419 1454 5488 qui
1484 5419 1781 5478 secundum
1807 5419 1933 5476 Job.

2044 5403 2136 5457 τοῦ
2157 5405 2216 5458 οὐ
2241 5404 2535 5461 πείθονται.
2587 5405 2842 5462 Dicentes
2871 5407 3014 5461 enim
3060 5419 3119 5460 se
3156 5419 3296 5467 esse,
3329 5413 3612 5475 etc.,pra-

382 5499 546 5568 Aleph
609 5507 887 5562 cinnabari
951 5509 1129 5564 versui
1189 5511 1488 5580 ascriptum
1554 5511 1945 5582 interpretatur
2046 5496 2479 5566 οειηῑεειυδηοη
2511 5497 2798 5553 οῧθάίυηῑ·

459 5617 505 5648 τ’
537 5618 680 5673 l‘sal.
716 5639 859 5688 xux,
899 5625 977 5677 15.
1085 5627 1123 5656 ⁷¹
1159 5624 1270 5679 Jac.
1314 5641 1395 5689 ιιι,
1427 5627 1480 5678 2.
