3990 6208
392 277 524 332 1209

457 393 512 448 6.
544 393 639 456 Σύ,
675 393 904 457 etc.Tu,
931 405 1060 459 etc.,
1092 395 1184 450 τοῦ
1215 398 1388 454 deest.

457 485 508 542 7.
545 486 796 554 Ὄφελον,
832 497 936 541 etc.
966 487 1208 555 Utinam,
1239 499 1347 544 etc.

456 572 508 629 8.
544 575 698 638 Τότε,
732 585 838 630 ειε.
873 575 1044 640 Tunc,
1075 587 1179 632 etc.

453 665 507 719 9.
542 666 1058 738 Ἐξομολογήσομαι,
1082 679 1186 724 etc.
1221 669 1552 734 Conﬁtebor,
1586 681 1672 726 etc

453 758 538 815 10.
583 760 672 814 Ἐν
701 759 778 831 τῷ
804 761 1204 832 μεμαθηκέναι,
1239 771 1345 816 etc.
1372 761 1428 816 lu
1461 778 1548 826 eo,
1585 764 1728 833 quod
1759 763 1944 830 didici,

381 863 486 906 ctc.

462 942 544 996 11.
580 941 660 995 Τὰ
690 941 1031 1012 δικαιώματά
1057 961 1172 1008 σου,
1201 952 1306 999 ειε.
1337 941 1764 998 Justilicationes
1799 953 1942 1007 tuas,

390 1042 497 1086 etc.

467 1125 551 1180 12.
595 1127 681 1180 Ἐν
703 1126 830 1193 τίνι,
861 1139 964 1182 etc.
1004 1125 1060 1181 In
1089 1143 1218 1197 quo,
1246 1137 1351 1183 etc.

456 1219 541 1272 t3.
581 1219 667 1272 ’Ev
693 1219 770 1289 τῷ
802 1217 1158 1287 φυλάξασθαι,
1191 1226 1295 1273 etc.
1335 1216 1393 1272 ln
1435 1216 1810 1281 custodiendo,
1838 1228 1943 1271 etc.

455 1310 538 1365 14.
577 1312 666 1363 Ἑν
694 1310 810 1384 ὅλῃ,
846 1320 951 1366 etc.
985 1309 1041 1364 In
1078 1318 1214 1373 toto,
1245 1318 1350 1364 etc.

449 1400 533 1454 15.
570 1400 660 1453 Ἐν
693 1402 757 1469 τῇ
795 1399 1012 1471 καρδίᾳ,
1037 1407 1142 1453 etc.
1169 1397 1227 1452 ltt
1259 1396 1444 1463 corde,
1470 1407 1573 1453 etc.

449 1494 532 1546 16.
563 1492 887 1562 Εὐλογητὸς,
916 1499 1025 1546 etc.
1063 1490 1405 1557 Benedictus,
1439 1499 1545 1546 etc.

448 1583 532 1637 17.
577 1584 664 1636 Ἐν
684 1585 796 1645 τοῖς
823 1581 1022 1651 χείλεσί
1051 1598 1176 1652 μου,
1211 1591 1315 1637 etc.
1341 1580 1398 1635 In
1422 1581 1586 1636 labiis
1621 1579 1779 1644 meis,
1807 1588 1912 1634 etc.

449 1673 532 1727 18.
579 1673 666 1726 Ἐν
691 1676 756 1744 τῇ
785 1672 906 1742 ὁδῷ,
942 1682 1048 1727 etc.
1088 1672 1142 1727 In
1170 1673 1276 1738 via,
1313 1681 1416 1726 etc.

1221 281 1310 336 DE
1348 278 1624 336 TITULIS
1661 275 2108 335 PSALMORUM.
2148 307 2218 317 --
2259 275 2452 330 PSAL.
2493 272 2720 329 CXVIII.

3465 268 3607 324 i210

1977 401 2020 457 Α
2119 414 2210 468 22.
2251 411 2597 475 Ἀνταπὸδος,
2624 421 2728 466 etc.
2767 410 3042 472 ltetribue,
3071 419 3174 464 etc.

2119 503 2208 556 25.
2253 501 2652 571 Ἀποκάλυψον,
2673 511 2776 555 etc.
2815 499 3044 564 Revela,“
3062 511 3166 553 etc.

2118 593 2207 646 24.
2239 593 2527 664 Πάροικος,
2556 600 2664 645 etc.
2698 590 2895 653 Incola,
2915 599 3018 642 etc.

2115 687 2206 742 25.
2234 688 2325 757 Μὴ
2354 684 2703 757 ἀποκρύψῃς,
2729 695 2836 737 etc.
2866 680 2984 736 Non
3011 680 3336 744 abscondas,
3359 687 3462 736 etc.

2115 778 2206 834 26.
2240 777 2633 844 Ἐπεπόθησεν,
2656 783 2758 828 etc.
2795 773 3140 842 Concupivit,
3174 782 3278 826 etc.

2115 871 2203 922 27.
2242 869 2636 939 Ἐπετίμησας,
2663 879 2764 922 etc.
2791 866 3106 934 lncrepasti,
3128 874 3224 919 etc.

2117 961 2207 1014 28.
2251 959 2694 1030 Ἐπικατάρατοι,
2723 967 2826 1012 etc.
2864 956 3152 1021 Maledicti,
3184 964 3289 1010 etc.

2113 1052 2206 1106 29.
2238 1051 2481 1123 Περίελε,
2506 1061 2608 1106 etc.
2641 1049 2838 1114 Aufer,
2872 1059 2976 1104 etc.

2117 1143 2205 1196 30.
2243 1143 2352 1194 Καὶ
2378 1142 2506 1213 γάρ,
2530 1153 2633 1196 ctc.
2668 1141 2898 1206 Etenim,
2933 1149 3036 1194 etc.

2114 1231 2202 1284 51.
2238 1232 2348 1284 Καὶ
2377 1233 2484 1303 γὰρ
2517 1232 2586 1285 τὰ
2621 1231 2895 1301 μαρτύριά
2919 1247 3034 1297 σου,
3066 1237 3169 1284 etc.
3201 1226 3336 1282 Nam
3367 1233 3423 1282 et
3451 1224 3605 1281 testi-

2044 1324 2224 1377 .nonia
2259 1335 2366 1386 tua,
2397 1333 2500 1377 etc.

2115 1415 2203 1468 52.
2249 1414 2565 1485 Ἐκολλήθη,
2592 1423 2697 1468 etc.
2737 1413 2996 1478 Adhaesit,
3022 1421 3126 1467 etc.

2111 1506 2198 1560 33.
2242 1505 2350 1568 Τὰς
2377 1505 2528 1569 ὁδούς
2553 1522 2674 1576 μου,
2709 1515 2810 1558 etc.
2849 1503 2980 1559 Vias
3011 1518 3179 1568 meas,
3215 1514 3320 1558 etc.

2114 1595 2202 1649 54.
2247 1597 2415 1660 Ὀδόν,
2449 1607 2550 1653 etc.
2591 1595 2768 1660 Viam,
2804 1605 2906 1650 etc.

2113 1685 2201 1738 55.
2241 1686 2579 1754 Ἐνύσταξεν,
2610 1699 2711 1742 etc.
2750 1687 3086 1750 Dormitavit,
3126 1695 3229 1740 etc.

448 1762 532 1817 19.
576 1764 662 1816 Ἐν
697 1767 815 1828 ταῖς
863 1763 1106 1827 ἐντολαῖς
1130 1803 1146 1828 ,
1205 1773 1334 1826 etc.,
1382 1762 1477 1816 καὶ
1511 1763 1832 1830 κατανοήσω
1869 1776 1940 1813 τα
1967 1744 2011 1799 Β
2107 1775 2197 1830 56,
2243 1777 2412 1840 ’θεόν’
2444 1744 2757 1842 (al-mum"),
2785 1789 2887 1833 εις,

378 1853 654 1924 θαυμάσια
683 1871 796 1908 σου.
850 1853 908 1908 ln
944 1855 1234 1920 mandatis,
1294 1865 1436 1922 etc.,
1481 1863 1536 1910 et
1581 1852 1938 1909 considerabo

375 1945 646 2000 mirabilia
681 1955 794 2002 tua.

441 2036 532 2091 20.
569 2037 657 2089 Ἐν
692 2040 804 2099 τοῖς
838 2034 1168 2106 δικαιώμασί
1204 2052 1318 2098 σου,
1348 2045 1452 2089 etc.
1500 2031 1557 2086 In
1600 2030 1939 2102 iustiﬁcatio-

375 2127 535 2182 nibus
571 2127 700 2190 tuis,
729 2137 832 2182 etc.

443 2213 534 2270 21.
563 2216 676 2269 Οὐκ
704 2216 1052 2288 ἐπιλήσομαι,
1085 2228 1188 2272 etc.
1223 2215 1341 2271 Non
1373 2216 1679 2279 obliviscar,
1719 2222 1822 2269 etc.

2105 1867 2192 1920 57.
2239 1868 2388 1922 Ὀδὸν
2424 1869 2702 1940 ἀληθείας,
2736 1880 2866 1934 etc.,
2894 1870 2986 1922 καί
3015 1869 3183 1923 deest.
3214 1865 3368 1921 Viam
3396 1863 3597 1919 verita-

2038 1958 2128 2019 tis,
2157 1969 2260 2014 etc.

2105 2048 2192 2102 42.
2237 2049 2532 2121 Ὀδήγησόν
2567 2069 2654 2123 με,
2686 2062 2792 2106 etc.
2826 2051 3007 2106 Deduc
3034 2065 3142 2114 me,
3175 2057 3280 2103 etc.

2105 2137 2192 2192 43.
2227 2139 2440 2207 Κλίνον,
2471 2151 2576 2197 etc.
2607 2142 2830 2210 lnclina,
2861 2152 2968 2198 etc.

1489 2329 1869 2388 ATHANASII
1903 2331 2485 2396 INTERPRETATIO.

453 2449 505 2502 6.
535 2448 607 2501 Σὺ
653 2445 830 2510 εἶπας,
865 2455 992 2510 ειε.,
1045 2447 1113 2500 τὰ
1159 2447 1294 2519 ἔργα
1323 2445 1526 2517 Κυρίου
1574 2446 1813 2518 ἀμελῶς.
1853 2445 1936 2500 Tu

374 2540 582 2600 dixisti,
615 2548 743 2603 etc.,
776 2554 939 2607 opera
969 2537 1061 2592 Dei
1090 2539 1438 2610 negligenter.

444 2631 497 2684 7.
533 2629 675 2702 Δῴη,
702 2639 805 2684 etc.
840 2630 957 2695 Det,
993 2639 1096 2684 etc.
1361 2688 1364 2692 ,

449 2719 499 2772 8.
545 2720 631 2772 Ἐν
657 2722 721 2790 τῇ
758 2718 940 2790 ἡμέρᾳ
962 2719 1060 2789 τῆς
1087 2718 1320 2791 κρίσεώς
1354 2735 1447 2772 σου
1480 2718 1577 2790 μή,
1619 2727 1722 2774 etc.
1755 2717 1813 2773 In
1848 2718 1936 2774 die

372 2810 562 2880 judicii
595 2826 700 2864 non
723 2811 961 2873 audiam,
991 2820 1094 2865 etc.

443 2904 498 2957 9.
534 2901 723 2964 Ἐκδῶ,
755 2911 856 2955 etc.
890 2899 1142 2967 Tradam,
1173 2910 1274 2955 etc.

445 2992 530 3047 10.
561 2993 650 3045 Ἐν
677 2990 756 3061 τῷ
785 2989 1012 3044 ἀκοῦσαί
1050 3006 1138 3061 με,
1169 2998 1274 3044 etc.
1313 2988 1446 3044 Cum
1475 2988 1721 3052 audiero,
1755 2997 1859 3044 etc.

445 3083 532 3136 11.
567 3081 647 3135 Τὰ
677 3080 1020 3151 δικαιώματά
1043 3097 1158 3146 σου,
1191 3090 1298 3135 etc.
1333 3078 1758 3134 Justiﬁcationes
1787 3088 1931 3142 tuas,

373 3183 477 3228 etc.

451 3265 534 3320 12.
569 3265 694 3328 Πῶς
737 3264 846 3318 τῶν
889 3263 1227 3335 νεωτερικῶν
1264 3262 1570 3333 ἐπιθυμιῶν
1624 3261 1938 3316 ὲπιλάθεταί

374 3377 488 3424 τις;
513 3358 586 3411 Τὸ
612 3358 698 3411 διὰ
718 3357 818 3426 τῆς
845 3357 1214 3428 κινναϐάρεως
1238 3357 1638 3428 παρακείμενον
1667 3356 1855 3427 ὄνομα,
1877 3355 1937 3408 τὸ

380 3450 522 3517 Βὴθ,
553 3449 911 3521 ἑρμηνεύεται
929 3446 1110 3514 οἶκος.
1137 3448 1296 3520 Δηλοῖ
1312 3448 1391 3513 δὲ,
1417 3450 1498 3502 ὅτι
1520 3447 1663 3502 οὕτω
1685 3447 1939 3520 κατορθοῖ

373 3542 634 3612 νεώτερος
662 3541 760 3611 τὴν
781 3540 896 3594 ὁδὸν
932 3540 1095 3594 αὑτοῦ
1133 3543 1190 3594 ὲν
1215 3540 1294 3612 τῷ
1330 3537 1593 3612 εἶναιτὴν
1625 3539 1800 3611 ψυχὴν
1841 3531 1936 3593 καὶ

372 3633 442 3686 τὰ
471 3633 609 3703 μέλη
665 3631 829 3686 αὐτοῦ
882 3628 1030 3687 οἷκον
1079 3629 1238 3686 Θεοῦ.
1298 3629 1582 3698 Quomodo
1611 3631 1933 3700 iuvenilium

375 3723 731 3793 cupiditatum
801 3723 924 3792 quis
981 3722 1367 3783 oblivjscitur?
1425 3719 1565 3776 Illud
1646 3722 1933 3776 cinnabari

375 3814 671 3884 ascriptum
707 3828 902 3868 nomen
924 3833 936 3868 :
958 3813 1084 3866 Βειὴ
1115 3813 1500 3882 interpretatur
1529 3813 1736 3866 domus.
1757 3811 1938 3881 Signi-

375 3906 499 3961 ticat
531 3914 736 3970 autem,
768 3905 915 3975 quod
967 3906 1041 3959 ita
1093 3905 1317 3975 corrigit
1369 3904 1764 3959 adolescentior
1792 3905 1933 3958 viam

374 4013 553 4063 suam,
612 3997 658 4052 si
691 3997 874 4052 anima
926 4006 981 4052 et
1039 3997 1280 4052 membra
1346 3995 1518 4054 iusius
1578 3996 1688 4051 sint
1738 3997 1934 4051 domus

373 4088 489 4143 Dei.

446 4178 531 4232 15.
580 4177 668 4230 Ἐν
691 4175 788 4248 τῷ,
823 4187 951 4240 etc.,
979 4175 1040 4229 τὸ
1081 4174 1296 4228 αἰώνιον
1331 4176 1390 4228 τὸ
1429 4177 1826 4247 ἡτοιμασμένον
1858 4176 1934 4247 τῷ

370 4268 599 4339 διαϐόλῳ
628 4269 723 4322 καὶ
768 4271 880 4331 τοῖς
919 4267 1171 4336 ἀγγέλοις
1217 4267 1406 4323 αὐτοῦ.
1455 4267 1590 4322 Cum
1621 4269 1933 4324 recordatus

2109 2449 2196 2504 23.
2231 2453 2564 2527 Διαχώρισον
2589 2456 2652 2510 τὸ
2683 2457 2871 2519 σκότος
2895 2473 3010 2520 σου,
3043 2463 3149 2510 etc.
3197 2453 3398 2523 Separa
3445 2460 3596 2507 teuc-

2035 2541 2183 2606 bras,
2215 2554 2318 2600 etc.

2103 2632 2192 2687 24.
2219 2635 2333 2688 Οὐκ
2361 2634 2489 2706 ἔχω,
2521 2645 2624 2691 etc.
2649 2635 2767 2691 Non
2804 2637 2998 2700 habeo,
3025 2644 3130 2690 etc.

2097 2723 2189 2778 25.
2223 2726 2315 2798 Μὴ
2340 2728 2559 2795 ἀνάξιον
2583 2731 2760 2800 ἡγήσῃ
2798 2746 2863 2799 με
2892 2728 2984 2781 τοῦ
3031 2725 3234 2796 γνῶναί
3257 2724 3350 2796 "pe
3373 2723 3454 2790 τό,
3485 2732 3590 2778 etc.

2035 2811 2113 2868 Ne
2135 2815 2414 2886 indignum
2442 2819 2720 2875 existimes
2757 2835 2842 2874 me
2867 2832 3162 2888 agnoscere
3210 2830 3297 2870 me
3342 2814 3593 2870 volunta-

2037 2913 2144 2960 tem
2172 2917 2340 2963 tuam.

2104 2995 2195 3049 26.
2233 2997 2529 3062 Ἐπιποθεϊ,
2557 3006 2692 3063 etc.,
2747 2999 2840 3052 καὶ
2875 2999 2936 3052 οὐ
2991 2997 3305 3068 κορέννυται
3343 2994 3432 3061 τά,
3484 3002 3588 3047 etc.

2037 3083 2313 3142 Desiderat
2342 3090 2522 3142 anima
2555 3105 2695 3154 mea,
2729 3100 2782 3144 et
2819 3106 2924 3143 non
2958 3089 3186 3143 satiatur
3219 3086 3416 3141 facere.

2104 3178 2192 3230 27.
2229 3179 2319 3249 Τῷ
2343 3179 2590 3251 διαϐόλῳ,
2621 3191 2727 3236 etc.
2753 3179 3059 3243 Diabolum,
3091 3190 3196 3233 etc.

2107 3269 2194 3324 28.
2230 3270 2353 3323 Ἐπὶ
2405 3271 2668 3343 ἀπωλείᾳ,
2731 3284 2859 3337 ειε.,
2935 3270 3177 3341 πονηρὰς
3249 3263 3589 3337 ἀναστροφὰς

2035 3361 2407 3432 πορευόμενοι.
2435 3361 2492 3415 In
2526 3362 2824 3422 interitum,
2851 3370 2980 3426 etc.,
3014 3361 3079 3415 ad
3100 3358 3356 3430 pristinas
3379 3356 3593 3426 iniquas

2036 3467 2162 3507 suas
2191 3455 2632 3510 conversationes
2665 3462 3036 3509 revertuntur.
3571 3445 3580 3452 ’

2107 3546 2195 3599 29.
2232 3546 2450 3614 Ἀφελε,
2470 3558 2598 3615 etc.,
2629 3545 3046 3618 μεμαρτύρησαι
3073 3544 3302 3604 ἕκαστον
3331 3540 3460 3605 τῶν,
3484 3549 3588 3595 etc.

2035 3637 2248 3699 Adime,
2281 3647 2387 3691 etc.

2105 3727 2192 3780 30.
2229 3724 2333 3777 Καὶ
2358 3724 2486 3796 γάρ,
2513 3734 2619 3779 etc.
2641 3725 3083 3794 ὲπεσκεπτόμην,
3108 3733 3212 3777 etc.
3234 3720 3586 3785 Etenim,etc.

2105 3817 2192 3869 51.
2226 3813 2330 3867 Καὶ
2360 3816 2469 3885 γὰρ
2507 3813 2766 3885 μελετῶν,
2801 3824 2904 3868 etc.
2943 3812 3173 3875 Etenim,
3208 3819 3311 3865 etc.

2103 3907 2190 3961 52.
2227 3904 2644 3972 Ἐταπεινώθην,
2678 3914 2780 3958 etc.
2815 3903 3140 3956 Humiliatus
3169 3917 3310 3965 sum,
3343 3909 3449 3956 etc.

2102 3998 2188 4051 55.
2229 3994 2755 4067 Ἐξωμολογησάμην
2799 4011 2900 4055 σοι,
2947 4003 3076 4055 etc.,
3115 3993 3208 4046 καὶ
3239 3989 3439 4052 εὐθέως
3465 3988 3585 4059 ﬂea-

2032 4089 2202 4160 λησάς
2228 4105 2318 4159 με,
2350 4097 2458 4142 etc.
2486 4086 2784 4142 Confessus
2819 4101 2938 4140 sum
2975 4083 3097 4151 tibi,
3131 4093 3259 4146 etc.,
3308 4090 3362 4135 et
3401 4080 3586 4136 statim

2031 4179 2250 4234 voluisti
2279 4193 2384 4244 me,
2413 4186 2518 4232 etc.

2104 4270 2191 4324 54.
2223 4269 2325 4322 Τὸν
2350 4267 2649 4338 φωτισμόν,
2677 4277 2805 4330 etc.,
2858 4266 2952 4320 καὶ
2988 4265 3094 4318 ἀπὸ
3127 4265 3226 4334 τῆς
3262 4261 3501 4334 τέρψεως
3527 4261 3593 4314 οὕ-

372 4370 520 4419 sum,
548 4371 669 4426 qua:
700 4371 731 4409 a
755 4364 808 4409 te
831 4355 994 4419 dicta,
1021 4366 1150 4420 etc.,
1177 4356 1230 4408 in
1260 4356 1437 4426 ignem
1463 4365 1746 4419 aeternum,
1784 4359 1927 4426 quod
1961 4379 1996 4435 ι]

2039 4363 2312 4429 παύσομαι
2347 4359 2584 4432 μελετῶν
2606 4362 2662 4414 ὲν
2696 4363 2783 4430 τῇ,
2815 4367 2917 4412 ctc.
2961 4355 3434 4419 llluminationem,
3459 4363 3590 4421 etc.,

373 4454 619 4514 paratum
643 4455 728 4502 est
756 4445 974 4502 diabolo
1001 4454 1056 4500 et
1079 4447 1284 4516 angelis
1313 4447 1432 4515 ejus
1461 4448 1526 4500 ".

445 4537 530 4591 14.
574 4537 663 4603 Ἐξ
689 4537 836 4609 ὅλης,
865 4547 997 4607 ειε.,
1018 4540 1218 4610 ἡγήσῃ,
1252 4547 1355 4594 etc.
1381 4537 1460 4592 Ex
1497 4547 1628 4605 tota,
1663 4550 1788 4606 etc.,
1821 4542 1937 4598 exi-

374 4630 586 4692 stimes,
623 4640 728 4685 etc.

401 4714 405 4717 ⁷
449 4718 534 4771 17.
571 4719 683 4789 Οὐχ
708 4719 1112 4791 ὑπεστειλάμην
1133 4723 1227 4773 τοῦ
1261 4718 1492 4783 διδάξαι,
1539 4729 1644 4774 etc.
1699 4717 1814 4774 Non
1858 4737 1936 4775 re-

372 4809 486 4879 fugi
516 4811 732 4875 docere,
764 4819 870 4866 etc.
1178 4864 1186 4870 .

443 4901 532 4956 18.
565 4901 750 4964 Οὕτως
781 4903 971 4972 χαρᾶς,
997 4913 1101 4957 etc.
1139 4902 1214 4956 lta
1245 4903 1461 4974 gaudio,
1492 4913 1596 4959 etc.

441 4994 529 5050 i9.
571 4995 658 5047 ’Ev
683 4997 802 5057 ταῖς
846 4995 1089 5064 Γραφαίς
1123 5012 1238 5059 σου,
1265 5006 1396 5061 etc.,
1427 4996 1526 5066 τῆς
1548 4997 1770 5068 καρδίας
1811 5013 1932 5066 μου,

370 5095 472 5138 ctc.
511 5083 569 5137 In
605 5085 891 5154 scripturis
923 5085 1052 5147 tuis,
1080 5095 1208 5150 etc.,
1242 5088 1420 5142 cordis
1451 5089 1556 5142 mei
1582 5128 1596 5152 ,
1624 5097 1728 5143 etc.

443 5171 531 5227 20.
568 5171 778 5235 Νυκτὸς
806 5173 900 5226 καὶ
934 5173 1166 5243 ἡμέρας.
1192 5173 1287 5228 Die
1310 5186 1604 5246 noctuque.

445 5261 534 5315 21.
566 5260 672 5315 Καὶ
705 5261 974 5334 πληρώσω
1017 5264 1212 5326 αὐτοὺς
1241 5263 1406 5336 ἔργῳ.
1449 5265 1516 5322 Et
1573 5269 1807 5340 implebo
1839 5284 1932 5323 eos

370 5367 553 5421 opere.

440 5443 527 5496 22.
561 5444 681 5507 Δός,
717 5455 844 5508 etc.,
875 5444 969 5498 τοῦ
999 5445 1153 5514 ἁγίου
1187 5463 1301 5511 σου,
1340 5456 1445 5503 etc.
1468 5447 1564 5512 Da,
1593 5460 1718 5516 etc.,
1759 5451 1928 5507 sancti

369 5533 447 5587 tui
479 5532 736 5603 Spiritus,
768 5543 872 5590 etc.

446 5667 485 5696 ·³
507 5664 701 5722 Matth.
737 5683 862 5735 xxv,
902 5667 987 5721 41.

2030 4463 2082 4508 et
2113 4467 2222 4522 pra:
2249 4451 2606 4506 delectatione
2640 4465 2746 4503 non
2771 4448 2998 4502 cessabo
3028 4448 3295 4502 meditans
3321 4447 3396 4511 in,
3427 4455 3530 4501 etc.

2101 4545 2191 4599 35.
2228 4541 2573 4604 Βεὸύθισται,
2601 4549 2708 4596 etc.
2744 4539 3037 4595 Submersa
3061 4548 3164 4603 est,
3189 4547 3294 4593 etc.

2094 4635 2185 4690 36.
2223 4634 2538 4700 Ἀπέλασον,
2571 4641 2677 4688 etc.
2707 4632 2924 4702 Expelle
2946 4672 2962 4698 ,
3013 4642 3117 4687 etc.
3138 4670 3154 4696 ,
3184 4630 3481 4686 secundum
3522 4646 3591 4699 με

2031 4730 2199 4783 deest.

2104 4819 2193 4872 57.
2225 4815 2572 4887 Ἐπεπόθησᾶ
2603 4833 2661 4869 σε
2697 4815 2808 4881 τόν,
2843 4823 2946 4869 etc.
2979 4813 3316 4884 Μνημονεύω
3361 4811 3469 4881 γὰρ
3505 4809 3592 4871 τό,

2031 4921 2136 4964 etc.
2176 4908 2490 4964 Desideravi
2546 4918 2597 4962 te
2630 4907 2820 4972 lilium,
2871 4918 2998 4970 etc.,
3032 4905 3251 4960 memini
3284 4904 3428 4958 enim
3484 4910 3592 4954 tre-

2029 4999 2232 5061 mendi,
2263 5009 2369 5054 etc.

2100 5092 2188 5146 42.
2221 5090 2440 5160 Ἐπειδὴ
2470 5091 2684 5160 νήπιος,
2717 5100 2821 5144 etc.
2855 5088 3089 5158 βαδίσαι,
3124 5096 3256 5148 etc.,
3289 5083 3504 5154 ζητήσω
3531 5083 3590 5135 δὲ

2028 5184 2148 5254 τήν,
2181 5192 2309 5245 ειε.,
2343 5199 2409 5252 με
2442 5181 2785 5251 περιπατεῖν,
2814 5189 2916 5232 etc.
2945 5177 3211 5242 Quoniam
3234 5174 3434 5235 infans,
3458 5185 3594 5235 etc.,

2031 5271 2303 5336 incedere,
2335 5280 2465 5332 etc.,
2495 5284 2734 5339 quaeram
2765 5279 2944 5322 autem
2970 5268 3133 5330 viam,
3157 5275 3285 5332 etc.,
3310 5275 3361 5318 et
3393 5262 3482 5318 fac
3502 5279 3594 5316 me

2032 5361 2371 5415 inambulare
2396 5361 2447 5414 in
2482 5360 2634 5428 ipsis.

2101 5449 2185 5503 45.
2226 5448 2544 5514 ’Υπόταξον,
2590 5449 2731 5510 etc.,
2773 5446 2865 5498 καὶ
2915 5447 2986 5515 μὴ
3037 5447 3114 5507 εἰς
3159 5447 3276 5516 τήν,
3325 5455 3452 5508 etc.,
3501 5444 3590 5500 ῐνα

2030 5541 2162 5610 εἰμί,
2195 5550 2298 5596 etc.
2336 5539 2577 5610 Subjicc,
2608 5549 2735 5602 etc.,
2759 5548 2811 5592 et
2841 5553 2970 5603 non,
3005 5549 3132 5603 etc.,
3165 5548 3222 5591 ut
3244 5537 3368 5604 sim,
3399 5547 3504 5592 ctc.
