3990 6208
425 310 566 365 teza
1267 315 1358 371 or.
1391 316 1666 375 mnus
1701 318 2148 378 rsswonuu.
2185 351 2260 364 -
2294 320 2490 377 PSAL.
2529 297 2782 414 cxytu.
3496 323 3637 379 teut

489 428 576 486 88.
614 429 844 498 Ἔγνων,
876 441 979 487 etc.
1007 431 1266 502 Cognovi,
1297 444 1401 489 etc.
2003 441 2049 497 Α

2003 441 2049 497 Α
2147 437 2270 493 105.
2295 438 2390 502 Εἰς
2413 438 2504 491 τὸν
2533 436 2724 503 αἰῶνα,
2752 446 2855 493 etc.
2882 440 2939 493 in
2966 447 3245 505 etet-num,
3270 453 3372 496 etc.

486 522 577 579 89.
609 524 717 576 Καὶ
738 522 982 595 ἀληθείᾳ,
1009 534 1112 579 etc.
1146 523 1214 579 Et
1245 527 1490 592 veritate,
1517 536 1624 582 etc.

2147 526 2268 581 106.
2295 528 2391 590 Εἰς
2418 526 2631 596 γενεάν,
2660 537 2767 582 etc.
2790 525 2851 581 In
2881 530 3303 597 generationem,
3330 540 3431 587 etc.

484 611 573 670 90.
606 612 911 683 Γενηθήτω,
941 624 1043 667 etc.
1074 613 1194 667 Fiat
1225 615 1616 681 misericordia,
1641 624 1744 670 etc.
1962 677 1967 687 ι

1732 655 1744 668 .
1962 677 1967 687 ι
2145 616 2265 670 107.
2310 616 2725 687 Ἐθεμελίωσας,
2757 626 2860 672 etc.
2894 616 3176 684 Fundasti,
3204 631 3308 675 etc.

483 701 574 757 91.
614 700 963 766 Ἐλθέτωσαν,
993 711 1098 756 etc.
1134 702 1383 769 Veniant,
1412 714 1517 760 etc.

2144 706 2263 761 108.
2292 707 2373 778 Τῇ
2392 706 2650 772 διατάξει,
2678 716 2782 762 etc.
2810 706 3181 776 Ordinatione,
3209 719 3316 766 etc.

483 794 570 850 92.
605 794 1079 865 Alcxquﬂ't'wcav,
1110 805 1213 851 etc.
1244 796 1680 864 Confundantur,
1707 809 1811 855 etc.

1346 796 1680 864 Ifundantur,
1707 809 1811 855 etc.
2142 796 2263 850 109.
2292 798 2354 850 Εἰ
2391 798 2489 868 μή,
2514 805 2623 853 etc.
2655 796 2791 864 Nisi,
2817 808 2922 853 etc.

482 889 570 945 95.
639 887 1154 959 Ἐπιστρεψὰτωσάν
1216 907 1283 959 με
1314 931 1335 956 ,
1400 899 1506 945 etc.
1570 889 1973 947 Convertantur

1624 901 1973 947 onvertantur
2140 887 2262 942 110.
2292 888 2387 951 Εἰς
2416 888 2526 952 τόν,
2560 897 2663 942 etc.
2697 887 2753 941 In
2784 897 3067 952 aeternum,
3095 897 3200 944 etc.

414 981 543 1036 mihi
564 1023 579 1046 ,
625 989 731 1037 etc.

2139 978 2259 1033 111,
2288 978 2386 1041 Σός
2412 979 2548 1048 εἰμι,
2576 986 2684 1034 etc.
2717 979 2869 1034 Tuus
2893 994 3034 1044 sum,
3070 990 3173 1034 etc.

478 1072 563 1128 94.
598 1071 902 1143 Γενηθήτω,
929 1081 1033 1127 etc.
1059 1072 1179 1127 Fiat
1206 1088 1301 1129 cor
1325 1063 1527 1139 meum,
1553 1084 1659 1131 etc.

2138 1068 2260 1125 112.
2303 1071 2452 1140 Ἐμέ,
2488 1079 2593 1126 etc.
2620 1070 2705 1125 Me
2736 1080 3200 1139 exspectaverunt,
3229 1079 3333 1129 etc.

477 1163 566 1218 95.
607 1163 900 1228 Ἐκλείπει,
937 1175 1065 1230 etc.,
1095 1165 1189 1218 καὶ
1220 1166 1299 1229 εἰς
1327 1168 1453 1230 τοὺς
1481 1166 1672 1235 λόγους
1691 1207 1706 1233 ,
1737 1177 1840 1225 etc.
1865 1167 1967 1222 υθ-

1424 1184 1453 1230 ς
1481 1166 1672 1235 λόγους
1691 1207 1706 1233 ,
1737 1177 1840 1225 etc.
1865 1167 1967 1222 De~
2138 1162 2259 1215 115.
2288 1162 2496 1233 Πάσης.
2526 1171 2632 1216 etc.
2661 1162 2869 1225 Omnis,
2891 1176 2997 1219 etc.

410 1254 554 1319 fecit,
588 1265 715 1320 etc.,
750 1265 803 1309 et
830 1256 883 1310 in
918 1264 1044 1310 tuos
1072 1271 1371 1321 sermones,
1405 1268 1509 1313 etc.

1470 1273 1509 1313 θ,
2136 1253 2257 1306 114.
2289 1252 2541 1318 Πλατεῖα,
2564 1262 2669 1309 etc.
2697 1252 2913 1319 Latum,
2944 1263 3046 1309 etc.

473 1347 561 1401 96.
602 1346 893 1413 Ἐξέλιπον,
923 1357 1027 1404 etc.
1059 1348 1401 1415 Defecerunt,
1425 1358 1531 1405 etc.

1429 1358 1531 1405 etc.
2136 1344 2257 1397 115.
2298 1344 2404 1407 Ὦς,
2431 1355 2536 1399 etc.
2566 1344 2869 1410 Quomodo,
2898 1352 3005 1399 etc.

473 1439 561 1495 97.
590 1440 733 1495 Ὅτι.
758 1450 862 1494 etc.
889 1439 1046 1506 Quia,
1068 1451 1172 1495 etc.

2135 1433 2255 1487 116.
2287 1435 2474 1515 Ὅλην,
2509 1443 2615 1489 etc.
2650 1433 2807 1499 Tota,
2843 1445 2946 1490 etc.

471 1529 557 1586 98.
588 1531 668 1584 Τὰ
698 1531 1040 1602 δικαιώματά
1069 1549 1185 1599 σου,
1228 1541 1334 1588 ete.
1368 1531 1794 1589 Justiﬂcationes
1820 1541 1961 1596 tuas,

2135 1524 2261 1580 117.
2297 1524 2464 1596 ’Υπὲρ
2496 1526 2659 1592 τούς,
2702 1534 2830 1592 etc.,
2873 1525 2979 1597 ὲμή
3010 1526 3174 1578 ἐστιν.
3224 1521 3397 1594 Super
3441 1522 3617 1579 inimi-

403 1631 503 1677 etc.

2062 1630 2178 1680 cos,
2207 1623 2311 1669 etc.
3424 1682 3428 1687 ο

469 1712 555 1768 99.
586 1713 775 1777 Πόσαι,
799 1723 900 1769 etc.
932 1713 1075 1780 Quot
1108 1724 1257 1781 sunt,
1288 1724 1395 1771 etc.
1993 1778 2023 1781 _

1993 1778 2023 1781 _
2134 1706 2253 1760 118.
2293 1707 2469 1778 Ὑπὲρ
2494 1707 2721 1772 πάντας,
2748 1716 2854 1762 etc.
2889 1707 3062 1777 Super
3085 1721 3295 1770 omnes,
3330 1718 3433 1763 etc.

471 1801 593 1857 100.
624 1778 972 1875 Διηγήσαντό-
993 1823 1116 1875 μοι,
1146 1778 1274 1868 etc.,
1306 1806 1647 1878 ἀδολεσχίαν,
1684 1815 1787 1862 etc.
1819 1805 1960 1862 Nar-
1992 1778 2037 1836 Β

1604 1825 1647 1872 ν,
1684 1815 1787 1862 θη,
1819 1805 1960 1862 Nar-
1992 1778 2057 1865 Β,
2132 1798 2251 1852 119.
2291 1798 2482 1868 Ύπέρ,
2518 1808 2627 1854 etc.
2658 1799 2834 1868 Super
2864 1813 3042 1860 senes,
3076 1808 3180 1853 etc.

401 1903 654 1948 raverunt
686 1895 838 1961 mihi,
872 1904 1001 1961 etc.,
1026 1894 1434 1965 tabulationem,
1465 1908 1572 1953 etc.

2125 1887 2246 1940 120.
2290 1889 2384 1941 Ἐκ
2418 1889 2619 1960 πάσης,
2648 1899 2753 1944 etc.
2788 1889 2871 1942 Al)
2900 1888 3048 1942 omni
3078 1888 3186 1952 via,
3220 1896 3326 1942 etc.

471 1985 589 2039 101.
624 1987 821 2053 Πᾶσαι,
847 1997 951 2042 etc.
987 1986 1202 2050 Omnia,
1234 1997 1341 2043 etc.

2124 1978 2249 2033 121.
2286 1977 2418 2031 Ἀπὸ
2449 1977 2580 2042 τῶν,
2610 1987 2714 2032 etc.
2746 1977 2792 2030 Α
2821 1977 3068 2046 judiciis,
3095 1983 3199 2030 etc.

468 2076 589 2131 102.
630 2078 873 2145 Ἀδίκως,
902 2089 1027 2145 etc.,
1048 2079 1317 2150 βοήθησόν
1346 2098 1435 2153 με,
1463 2091 1571 2138 etc.
1593 2082 1804 2155 Inique,
1828 2091 1963 2151 etc.,

1519 2099 1571 2138 ο,
1593 2082 1804 2155 Inique,
1828 2091 1963 2151 etc.,
2125 2068 2247 2123 122.
2284 2070 2389 2134 Ὡς,
2419 2077 2524 2125 etc.
2556 2069 2731 2137 Quam
2759 2069 2959 2134 dulcia,
2990 2078 3093 2124 etc.

396 2168 592 2240 adjuva
625 2186 733 2225 me.

2124 2160 2247 2215 125.
2284 2161 2417 2215 Ἀπὸ
2444 2162 2576 2228 τῶν,
2602 2170 2706 2217 etc.
2736 2162 2781 2214 Α
2814 2160 3101 2227 mandatis,
3130 2167 3238 2215 etc.

463 2259 585 2315 105.
614 2262 792 2330 Παρά,
818 2270 924 2317 etc.
951 2262 1120 2317 Paulo
1148 2261 1349 2329 minus,
1375 2272 1477 2320 etc.

1469 2305 1477 2320 _
2131 2253 2252 2310 124.
2282 2254 2508 2325 Λύχνος,
2539 2263 2644 2311 etc.
2671 2254 2936 2321 Lucerna,
2958 2263 3045 2309 etc

465 2350 585 2407 104.
610 2352 786 2417 Κατά,
813 2361 916 2409 etc.
946 2352 1279 2421 Secundum,
1308 2366 1415 2410 etc.
2049 2410 2052 2413 λ

1471 2445 1850 2502 ATHANASll
1892 2445 2470 2511 INTERPRETATIO.

461 2536 548 2590 88.
575 2536 886 2602 Φωτισθείς,
921 2546 1023 2592 etc.
1050 2538 1411 2603 Illuminatus,
1441 2548 1548 2594 etc.

1310 2546 1411 2603 tus,
1441 2548 1548 2594 etc.
2053 2546 2193 2602 dasti
2221 2564 2439 2603 omnem
2473 2549 2757 2611 mundum,
2784 2554 2886 2603 etc.

467 2629 557 2683 89.
590 2629 700 2681 Kal
724 2629 887 2700 ειπερ,
915 2638 1021 2684 etc.
1059 2628 1124 2682 Et
1151 2644 1290 2699 quae,
1324 2639 1430 2686 etc.

2123 2641 2244 2696 110.
2271 2642 2384 2694 Οὐκ
2414 2641 2511 2707 ἄν,
2540 2649 2670 2705 etc.,
2700 2638 3055 2709 ἐζωποίησας.
3085 2635 3205 2692 Non
3234 2636 3418 2707 utique
3437 2679 3452 2704 ,
3482 2645 3616 2701 etc.,

462 2717 550 2775 90.
592 2718 751 2772 Ἀλλὰ
789 2719 949 2773 πάλιν
997 2720 1202 2790 γένοιτο
1228 2722 1309 2787 τό,
1344 2730 1448 2776 etc.
1486 2719 1612 2785 Sed,
1638 2730 1740 2777 etc.

789 2719 949 2773 πάλιν
997 2720 1202 2790 γένοιτο
1228 2722 1309 2787 τό,
1344 2730 1448 2776 etc.
1486 2719 1612 2785 Sed,
1638 2730 1740 2777 etc.
2052 2731 2354 2787 viviﬁcasti.

458 2811 546 2866 91.
583 2810 1003 2882 Ἐπισκηνώσει,
1028 2821 1160 2877 etc.,
1192 2811 1545 2883 ζωοποὶησον,
1574 2815 1676 2882 ὅτι,
1699 2824 1802 2869 etc.
1845 2814 1953 2869 Ha-
2121 2824 2244 2879 “2,
2282 2823 2432 2894 Ἐμέ,
2475 2831 2605 2891 etc.,
2655 2822 2806 2895 παρὰ
2837 2820 2929 2875 σοῦ
2970 2822 3098 2892 περὶ
3139 2820 3237 2892 τῆς
3279 2821 3377 2891 σῆς
3402 2818 3615 2881 ἐλπίδος

390 2902 542 2967 bitet,
573 2911 701 2967 etc.,
737 2902 972 2968 viviﬁca,
1000 2903 1285 2972 quoniam,
1317 2913 1422 2957 etc.

2055 2912 2290 2976 ἀκούσας
2318 2913 2631 2966 ἐπίστευσα..
2658 2911 2763 2978 Me,
2784 2922 2912 2977 etc.,
2936 2910 3078 2965 dicta
3103 2919 3281 2964 autem
3306 2923 3337 2963 a
3363 2918 3414 2965 te
3431 2907 3497 2963 de
3522 2918 3612 2962 tua

458 2993 548 3048 95.
589 2994 973 3064 Κατηχήσουσι
998 3035 1012 3059 ,
1043 3002 1146 3048 etc.
1171 3031 1187 3058 ,
1236 2993 1330 3047 καὶ
1386 2993 1581 3058 ἰδόντες
1624 2994 1732 3049 τῶν
1782 2996 1951 3063 ἁγίων

1081 3002 1187 3058 tc.,
1236 2993 1330 3047 καὶ
1386 2993 1581 3058 ἰδόντες
1624 2994 1732 3049 τῶν
1782 2996 1951 3063 ἁγίων
2053 3018 2147 3074 spe
2174 3004 2399 3059 audiens
2432 3004 2657 3059 credidi.

388 3084 639 3154 Γραφῶν.
668 3084 960 3149 lnstruent,
990 3095 1119 3152 etc.,
1163 3094 1218 3140 et
1246 3086 1510 3154 videntes,
1553 3096 1682 3154 etc.,
1727 3096 1947 3143 sancta-

2123 3094 2245 3147 115.
2280 3094 2487 3165 nam,
2523 3104 2650 3159 etc.,
2696 3086 2834 3146 εἶδον
2867 3090 3057 3162 πέρας.
3092 3086 3303 3157 Omnis,
3332 3101 3437 3146 etc.
3458 3130 3474 3156 ,
3501 3090 3610 3145 vidi

390 3141 527 3232 rum.
543 3175 969 3247 Scripturarum.
1975 3141 2021 3202 c
2052 3185 2235 3239 ﬁnem.

454 3263 1022 3341 94.Ἰῖαττρττσθήτω,
1052 3277 1158 3324 etc.
1192 3265 1532 3334 Perticiatur,
1555 3279 1664 3326 etc.

2120 3274 2246 3332 iM.
2275 3278 2338 3331 Οἰ
2362 3276 2440 3340 δέ,
2469 3285 2572 3333 etc.
2602 3276 2978 3333 Custodientes
3006 3284 3210 3340 autem,
3239 3284 3343 3331 etc.

453 3361 541 3417 95.
575 3361 735 3431 Διψᾷ,
769 3370 874 3417 etc.
913 3359 1221 3427 Sitit,etc._

2120 3367 2241 3422 115.
2285 3368 2372 3433 Ὠς
2404 3368 2583 3440 μόνον,
2612 3378 2741 3435 etc.,
2771 3369 2988 3440 ἀγαπᾷν
3008 3367 3069 3421 τὸ
3085 3366 3256 3438 ὄνομά
3284 3384 3399 3421 σου.
3433 3362 3501 3423 Ut
3520 3380 3611 3421 eoo

452 3454 542 3513 96.
584 3453 842 3523 Ἐξετὰκη
875 3453 904 3503 ὁ
931 3452 1086 3522 λόγος
1107 3493 1123 3516 ,
1172 3461 1278 3508 etc.
1330 3452 1701 3522 Consumptus
1725 3459 1812 3508 est
1839 3467 1955 3508 ser-

1196 3461 1278 3508 :te.
1330 3452 1701 3522 Consumptus
1725 3459 1812 3508 est
1839 3467 1955 3508 ser-
2050 3459 2183 3525 lum,
2214 3467 2344 3525 etc.,
2372 3476 2571 3514 nomen
2600 3468 2772 3514 tuum.

382 3563 496 3612 mo,
528 3556 655 3605 etc.,
691 3544 892 3616 legend.
926 3557 984 3597 ut
1028 3546 1081 3597 in
1122 3545 1241 3599 cod.
1280 3543 1451 3598 Barb.
1494 3543 1785 3615 Ἐξετάκην
1809 3543 1946 3608 ὅλος.

2122 3550 2244 3606 116.
2284 3551 2698 3616 ’Λδιαλείπτως,
2732 3559 2837 3606 etc.
2857 3591 2873 3615 ,
2906 3551 2998 3605 καὶ
3039 3550 3330 3624 προκύπτω
3355 3552 3413 3606 ἑν
3439 3549 3605 3620 αὐτῷ.

452 3639 541 3694 97.
571 3638 715 3702 Ὅτι,
745 3647 849 3690 etc.
879 3635 1171 3700 Quoniam,
1203 3645 1306 3690 etc.
1956 3702 1963 3708 _
2049 3640 2438 3706 indesinenter,
2474 3650 2603 3707 etc.,
2633 3650 2688 3695 et
2717 3641 2943 3710 proﬁcio
2972 3642 3023 3694 in
3050 3641 3187 3711 ipsa.

451 3728 541 3784 98.
568 3723 701 3781 Οἶδα
721 3767 737 3794 ,
780 3726 876 3780 καὶ
908 3724 1227 3798 μνημονεύω
1246 3765 1263 3789 ,
1308 3736 1438 3790 etc.,
1472 3723 1581 3777 τῶν
1607 3722 1950 3796 ἁμαρτωλῶν
2119 3732 2240 3786 “7,
2267 3732 2399 3794 Ταῖς
2426 3732 2556 3802 γάρ,
2584 3741 2714 3793 etc.,
2749 3733 2848 3803 τὴν
2880 3731 3038 3803 χάριν
3062 3731 3281 3802 ταύτην,
3315 3731 3448 3786 Nam
3471 3747 3609 3787 οοη.

380 3816 893 3890 ἀντιλαμϐάνεσθαι.
943 3814 1105 3880 Novi,
1135 3825 1190 3870 et
1220 3814 1500 3881 recordor,
1535 3823 1666 3879 etc.,
1699 3821 1947 3884 peccato-

1288 3814 1500 3881 εοτάοτυ
1535 3823 1666 3879 εισι,
1699 3821 1947 3884 Ρεεεδίο·
2055 3822 2259 3889 trariis,
2295 3834 2426 3888 etc.,
2452 3823 2593 3876 hanc
2616 3822 2864 3892 gratiam.

381 3910 537 3964 ribus
566 3908 874 3963 subvenire.

2119 3914 2240 3968 118.
2283 3912 2474 3987 Ὑπὲρ,
2504 3921 2607 3967 etc.
2645 3912 2839 3981 Super,
2866 3921 2970 3967 etc.

450 3998 539 4055 99.
570 3999 783 4063 Πόσας,
810 4006 916 4053 etc.
939 4036 954 4062 ,
984 3993 1177 4060 δώσεις
1208 4013 1328 4066 μοι,
1365 4003 1498 4062 etc.,
1534 4011 1638 4068 μου
1663 3994 1951 4049 κατεδυνά-

1875 3994 1951 4047 νά·
2117 4004 2238 4059 119.
2276 4003 2449 4074 ’Υπὲρ
2474 4004 2601 4066 τοὺς
2624 4003 2750 4073 πρό,
2781 4014 2886 4057 etc.
2915 4003 3089 4072 Super
3116 4017 3327 4069 omnes,
3346 4010 3451 4058 etc.

380 4108 642 4157 areuoav;
674 4090 819 4158 Qum
840 4131 856 4156 ,
887 4097 1015 4162 etc.,
1053 4089 1210 4167 dabis
1242 4088 1378 4143 mihi
1400 4126 1416 4154 ,
1445 4095 1579 4152 etc.,
1632 4087 1688 4142 in
1721 4100 1809 4141 me
1852 4087 1947 4141 do-

1655 4103 1688 4142 n
1721 4100 1809 4141 me
1852 4087 1947 4141 (10-
2117 4094 2241 4149 120.
2277 4094 2409 4148 Ἀπὸ
2442 4093 2643 4166 πάσης,
2675 4103 2778 4148 etc.
2814 4091 2898 4148 Ab
2926 4094 3097 4156 omni,
3126 4105 3231 4148 etc.

379 4183 571 4237 minati
603 4191 731 4236 sunt
752 4180 778 4234 ’ἶ
2115 4187 2238 4242 121.
2280 4187 2367 4239 Ἐν
2394 4188 2528 4250 τοῖς,
2561 4195 2689 4252 etc.,
2714 4184 2940 4255 πλάγιος
2969 4187 3070 4239 οὐκ
3092 4184 3414 4256 ἐπορεύθην,
3437 4184 3519 4238 ὅτι
3542 4186 3605 4238 σὺ

452 4274 573 4329 100.
616 4272 907 4327 ’Υπέθεντό
936 4288 1026 4343 μοι
1049 4271 1130 4337 τό,
1155 4279 1286 4336 etc.,
1314 4271 1432 4326 ἀλλ’
1453 4272 1553 4343 οὐχ
1571 4271 1746 4336 οὕτως
1773 4272 1834 4325 οὐ
1860 4271 1948 4325 θέ-

2045 4281 2110 4350 τῇ
2139 4277 2460 4350 χάριτίσου,
2477 4286 2582 4332 etc.
2608 4275 2664 4330 ln
2689 4277 2969 4346 praeceptis
2991 4276 3099 4331 tuis
3128 4277 3472 4332 transversim
3496 4291 3605 4332 non

375 4365 519 4428 λεις.
565 4365 758 4439 Κύριε.
806 4364 1177 4421 Subdiderunt
1221 4364 1393 4428 mihi,
1429 4371 1561 4431 etc.,
1602 4364 1696 4419 sed
1728 4378 1837 4418 non
1867 4364 1946 4419 sic
2046 4363 2208 4429 abivi,
2238 4365 2494 4433 quoniam
2530 4375 2585 4417 tu
2619 4363 2788 4433 gratia
2822 4372 2909 4417 tua
2937 4363 3206 4418 deduxisti
3238 4379 3344 4418 me.
3501 4376 3505 4380 '

377 4461 484 4523 vis,
516 4458 762 4525 Domine,
792 4468 895 4514 etc.

2117 4453 2239 4507 122.
2268 4454 2340 4506 Τὸ
2367 4455 2463 4525 μὲν
2485 4454 2701 4524 πρῶτον
2725 4454 2786 4507 τὸ
2813 4454 2997 4514 ἰδικόν,
3020 4466 3147 4517 etc.,
3181 4455 3295 4507 ὲστί
3326 4472 3415 4526 μοι
3443 4456 3512 4511 τὰ
3530 4456 3609 4509 δι-

452 4549 570 4604 101.
617 4546 748 4604 Οἶδα
769 4591 786 4615 ,
827 4548 908 4602 ὅτι
934 4548 1304 4621 δικαιοκρίτης
1346 4543 1401 4602 εἴ
1439 4549 1520 4613 εἰς
1549 4547 1743 4605 πάντα.
1774 4546 1942 4617 Novi,
2046 4544 2337 4616 καιώματόι
2354 4562 2445 4598 σου
2466 4562 2480 4576 ·
2506 4546 2599 4598 καὶ
2616 4544 2751 4615 μετὰ
2774 4544 2834 4598 τὸ
2849 4544 3176 4617 παραλαϐεῖν
3195 4544 3344 4608 αὐτό,
3367 4554 3493 4609 etc.,
3512 4548 3609 4600 αὑ-

379 4640 522 4709 quod
545 4638 729 4708 justus
751 4638 917 4710 judex
947 4654 1007 4694 es
1040 4638 1093 4695 in
1118 4653 1359 4700 onmem.

2042 4636 2138 4691 τοῦ
2167 4637 2377 4701 πέεται,
2414 4645 2516 4693 etc.
2548 4634 2718 4689 Τοῦτο
2758 4635 2941 4708 δηλοῖ,
2980 4636 3059 4689 ὅτι
3088 4635 3226 4708 ὑπὲρ
3260 4636 3457 4699 πᾶσαν,
3495 4644 3601 4690 etc.

447 4730 569 4785 102.
598 4728 891 4799 Φεύγοντὸς
922 4747 1044 4800 μου,
1073 4740 1176 4785 etc.
1203 4728 1463 4800 Fugiente
1492 4746 1597 4797 me,
1627 4738 1730 4786 etc.

2044 4725 2263 4783 Primus
2285 4728 2503 4797 quidem
2534 4726 2805 4796 proprius,
2849 4733 2979 4792 etc.,
3021 4725 3290 4781 dulciores
3315 4733 3443 4780 sunt
3469 4724 3603 4780 mihi

448 4819 571 4877 105.
602 4817 809 4882 Οὕτως,
839 4829 966 4883 etc.,
1002 4818 1277 4890 ἐπέϐησάν
1305 4836 1416 4890 μοι,
1443 4829 1571 4884 etc.,
1594 4821 1652 4873 ὲν
1679 4823 1745 4893 τῇ
1768 4821 1946 4891 ἁμαρ-

2038 4816 2457 4888 justitlcationes
2502 4823 2647 4880 tuae,
2698 4823 2826 4882 etc.,
2879 4824 2933 4870 et
2984 4824 3272 4886 postquam
3325 4822 3603 4883 acceptum

373 4906 467 4981 τεᾳ
497 4925 620 4979 μου,
655 4907 794 4977 ἐγώ,
818 4919 924 4962 etc.
959 4908 1056 4973 Ita,
1089 4918 1217 4974 etc.,
1249 4907 1531 4963 irruerunt
1555 4909 1711 4975 mihi,
1735 4921 1865 4972 etc.,
1887 4910 1944 4964 in
2043 4918 2144 4973 est,
2172 4916 2302 4975 etc.,
2340 4908 2522 4964 statim
2553 4908 2752 4963 excidit
2782 4908 2901 4977 ejus
2926 4906 3178 4970 dulcedo,
3199 4916 3305 4960 etc.

374 5009 596 5069 peccato
624 5015 766 5062 meo,
799 5013 920 5070 ego,
952 5007 1056 5053 etc.

2116 4999 2238 5055 193.
2282 4999 2414 5053 Ἀπὸ
2436 4998 2566 5066 τῶν,
2597 5009 2728 5066 etc.,
2762 4997 3094 5068 ωνετίσθην.
3127 4998 3174 5051 A
3200 4994 3602 5065 justiﬂcationi~

447 5090 570 5146 104.
620 5088 851 5155 Καθὼς,
902 5099 1004 5148 etc.
1028 5131 1047 5156 ,η
1087 5088 1155 5143 τὰ
1203 5090 1603 5165 προστάγματὰ
1651 5106 1780 5157 σου,
1834 5098 1941 5143 etc.

730 5088 851 5155 ἰώς,
902 5099 1004 5148 etc.
1028 5131 1047 5156 ,η
1087 5088 1155 5143 τὰ
1203 5090 1603 5165 προστάγματὰ
1651 5106 1780 5157 σου,
1834 5098 1941 5143 etc.
2041 5092 2167 5155 lous,
2201 5099 2306 5145 etc.

377 5180 863 5248 Quemadmodum,
888 5188 1017 5245 etc.,
1049 5191 1311 5255 praecepta
1341 5189 1457 5245 tua,
1483 5192 1587 5237 etc.

2114 5183 2237 5237 124.
2273 5182 2459 5247 Ὅταν,
2506 5190 2634 5244 etc.,
2679 5182 2856 5251 φαίνει
2904 5196 2993 5251 μοι
3032 5182 3062 5233 ό
3090 5179 3250 5249 νόμος
3294 5195 3386 5231 σου
3417 5176 3495 5248 τῷ
3525 5178 3599 5250 μὴ

450 5272 569 5328 105.
595 5273 688 5336 Εἰς
716 5272 813 5343 τὴν
841 5271 1089 5341 καρδίαν,
1124 5273 1179 5357 ἐν
1268 5274 1467 5337 οἰκεῖς,
1500 5272 1595 5326 καὶ
1627 5273 1941 5343 ὲμπεριπα-
2042 5273 2408 5346 προσκόψαντι
2452 5290 2540 5343 μοι
2583 5271 2925 5344 [προσκόψαι
2973 5267 3075 5357 με]
3117 5272 3183 5341 τῇ
3224 5268 3464 5341 ἁμαρτίᾳ
3497 5284 3600 5338 μου

376 5365 523 5427 τείς,
570 5371 681 5423 etc.
722 5362 782 5417 In
818 5364 1017 5427 corde,
1062 5363 1117 5416 in
1148 5354 1269 5434 iquo
1309 5362 1522 5418 habitas
1546 5403 1562 5428 ,
1596 5373 1652 5417 et
1691 5364 1943 5419 inambu-

2041 5368 2226 5419 πεσεῖν
2257 5365 2290 5437 ἦ
2317 5362 2588 5435 πληγῆναί
2618 5379 2671 5416 τι
2699 5363 2798 5432 τῆς
2820 5400 2836 5423 ,
2875 5370 2979 5416 etc.
3006 5354 3176 5426 Cum,
3217 5374 3344 5424 etc.,
3379 5370 3599 5430 apparet

379 5453 606 5521 135.8“?-
2041 5457 2173 5511 mihi
2201 5456 2287 5510 lex
2316 5465 2426 5521 tua,
2454 5470 2523 5510 ne
2549 5454 2824 5509 offendens
2858 5452 2909 5506 in
2943 5460 3225 5522 peccatum
3273 5450 3483 5516 cadam,
3505 5459 3600 5505 aut

450 5544 567 5601 106.
603 5546 699 5608 Εἰς
736 5545 861 5607 τοὺς
902 5546 1089 5611 ἁγίους
1130 5561 1223 5596 σου
1265 5544 1387 5607 τοὺς
1432 5544 1549 5597 καθ’
1581 5547 1814 5617 ἑκάστην
1847 5564 1940 5616 γε-

2040 5546 2245 5616 aliquid
2275 5545 2473 5601 mentis
2503 5560 2636 5599 mea:
2659 5545 2993 5611 vulneretur,
3025 5551 3080 5598 et
3108 5541 3380 5597 illuminat
3406 5553 3513 5608 me,
3539 5551 3598 5595 ut

379 5630 528 5693 νεᾶν,
555 5642 660 5689 etc.
686 5632 745 5687 lu
772 5633 976 5687 sanctis
1009 5633 1139 5695 tuis,
1164 5631 1279 5701 qui,
1314 5639 1419 5686 etc.

1062 5633 1139 5695 is,
1164 5631 1279 5701 qui,
1314 5639 1419 5686 etc.
2039 5638 2205 5693 sciam
2237 5637 2368 5711 quid
2400 5634 2638 5692 faciam?

452 5721 572 5781 107.
627 5720 1016 5790 Ἐθεμελίωσας
1047 5722 1219 5777 πάντα
1261 5721 1352 5775 τὸν
1385 5722 1605 5792 κόσμον,
1636 5732 1736 5780 etc.
1789 5723 1932 5782 Fun-
