3990 6208
407 269 546 323 1215

475 385 598 440 1ἓ5.
635 388 866 459 Ὠμοσα,
898 399 1004 453 etc.
1026 390 1238 462 Iuravi,
1270 408 1374 456 etc.

476 476 598 530 1:26.
641 477 1054 553 Ἐταπεινὼθην,
1089 495 1193 540 etc.
1233 486 1560 547 Humiliatus
1591 510 1736 563 sum,
1759 506 1868 556 etc.

476 566 596 621 127.
621 568 701 623 Τὰ
722 570 962 635 ἑκούσια,
989 584 1095 630 etc.
1129 574 1470 647 Voluntaria,
1496 592 1601 640 etc.

473 657 595 711 128.
626 661 737 715 Καὶ
763 662 832 715 τὰ
857 664 1121 735 κρίματα,
1149 678 1253 725 etc.
1283 670 1348 726 Et
1371 672 1600 743 judicia,
1634 690 1739 734 etc.

470 746 595 803 £29.
634 750 698 803 Ἡ
723 751 867 824 ψυχή
899 772 1022 827 μου,
1056 766 1161 815 etc.
1189 762 1382 818 Anima
1405 780 1547 832 mea,
1581 777 1684 825 etc.

472 839 592 896 150.
629 843 870 910 Ἔθεντο,
897 857 1002 904 etc.
1036 848 1365 923 Posuerunt,
1389 865 1492 913 etc.

471 933 594 988 151.
629 934 1091 1012 Ἐκληρονόμησα,
1117 954 1221 1001 etc.
1257 945 1598 1018 Haereditavi,
1625 962 1728 1009 etc.

474 1023 596 1080 152.
626 1026 870 1096 Ἔκλινα,
901 1043 1007 1089 etc.
1034 1034 1321 1104 lnclinavi,
1347 1049 1454 1096 etc.

472 1112 595 1167 155.
623 1114 994 1192 Παρανόμους,
1025 1134 1128 1181 etc.
1161 1126 1405 1200 lniquos,
1437 1142 1539 1190 etc.

438 1270 441 1275 _
471 1204 593 1261 154.
618 1207 818 1281 Βοηθός
851 1231 972 1285 μου,
1005 1228 1111 1275 etc.
1143 1220 1391 1291 Adjutor,
1417 1235 1523 1283 etc.

471 1295 594 1351 155.
634 1300 942 1361 Ἐκκλίνατε
976 1311 1070 1363 ἀπ’
1103 1313 1260 1383 ἐμοῦ,
1292 1325 1395 1370 etc.
1424 1317 1720 1385 Declinate,
1750 1331 1853 1378 etc.

477 1389 597 1446 156.
639 1394 981 1466 Ἀντιλαὸοῢ,
1036 1413 1161 1472 etc.,
1204 1407 1299 1461 καὶ
1348 1409 1616 1482 ζήσομαι,
1664 1422 1768 1468 etc.
1823 1410 1967 1468 Sus-

398 1478 540 1548 cipe.
573 1491 679 1538 etc.

479 1572 596 1626 157.
623 1574 896 1649 Βοήθησόν
928 1600 1034 1652 μοι,
1065 1594 1173 1642 etc.
1206 1587 1417 1660 Atljuva
1445 1608 1548 1659 me,
1575 1602 1680 1649 etc.

474 1662 597 1719 158.
633 1665 1044 1738 Ἐξουδένωσας,
1076 1685 1184 1733 etc.
1221 1677 1501 1747 Sprevisti,
1523 1692 1626 1738 etc.

473 1753 593 1809 159.
624 1756 1080 1832 Παραὸαίνοντας,
1106 1777 1213 1824 etc.
1237 1769 1684 1837 Prmvaricantes,
1720 1786 1824 1831 etc.

474 1843 595 1900 HO.
626 1848 975 1921 Καθήλωσον,
1004 1866 1108 1913 etc.
1136 1858 1376 1933 Conlige,
1403 1874 1509 1921 etc.

473 1936 595 1993 141.
635 1941 916 2016 Ἐποίησα,
947 1958 1053 2003 etc.
1087 1949 1237 2021 Feci,
1273 1964 1380 2010 etc.

1283 281 1344 338 s.
1380 283 1753 346 ATHANASII
1793 292 1946 353 opp.
1984 296 2165 361 PARS
2199 302 2288 360 ιιι.
2325 335 2396 347 -
2430 290 2841 368 ementes.

3496 308 3641 374 1216

1997 422 2044 479 Α
2140 420 2265 477 142.
2296 423 2567 492 Ἕκδεξαι,
2599 437 2704 483 etc.
2737 428 2986 501 Suscipe,
3007 441 3110 488 etc.

2142 513 2262 567 145.
2295 517 2356 568 Οἱ
2389 516 2654 590 ὀφθαλμοί
2681 538 2807 591 μου,
2835 530 2942 579 etc.
2973 523 3126 582 Oculi
3158 529 3284 589 mei.
3312 542 3420 587 etc.

2144 604 2266 658 144.
2297 607 2549 678 Ποίησον,
2582 621 2687 666 etc.
2723 611 2853 677 Fac,
2880 625 2984 672 etc.

2143 694 2266 752 145.
2293 695 2489 762 Δοῦλός
2514 717 2627 764 σου,
2660 711 2762 757 etc.
2797 702 2997 762 Servus
3022 718 3169 777 tuus,
3190 719 3293 766 etc.

2144 788 2269 842 146.
2297 791 2523 863 Καιρός,
2555 803 2658 849 etc.
2686 793 2941 867 Tempus,
2967 809 3072 856 etc.

2147 878 2268 934 147.
2300 881 2397 935 Διὰ
2423 883 2603 950 τοῦτο,
2633 895 2738 942 etc.
2766 886 2909 951 Ideo,
2937 900 3038 946 etc.

2142 969 2265 1025 148.
2293 971 2394 1026 Διὰ
2417 973 2588 1038 τοῦτο,
2615 985 2721 1030 etc.
2756 976 3047 1049 Propterea
3068 984 3155 1048 ad,
3175 993 3276 1040 etc.

2145 1062 2267 1117 149.
2302 1064 2620 1135 Θαυμαστὰ,
2653 1064 2756 1124 etc.
2791 1069 3077 1141 Mirabilia,
3106 1084 3211 1131 etc.

2147 1153 2266 1209 .50.
2304 1157 2369 1209 'H
2401 1156 2650 1227 δήλωσις,
2686 1171 2788 1216 etc.
2823 1161 3145 1235 Declaratio,
3173 1179 3278 1223 etc.

2144 1245 2267 1299 151.
2308 1246 2380 1300 Τὸ
2414 1249 2607 1320 στόμα,
2634 1260 2740 1307 etc.
2768 1243 2844 1309 'Os
2872 1269 3072 1319 meum,
3096 1268 3203 1312 etc.

2138 1335 2265 1391 152.
2307 1336 2644 1410 Ἐπίσλεψον,
2691 1352 2822 1408 etc.,
2862 1343 2924 1397 τὸ
2965 1346 3137 1417 δνομά
3183 1366 3298 1416 σου,
3336 1360 3438 1408 etc.
3470 1353 3641 1422 Aspi-

2067 1442 2162 1491 ce,
2195 1437 2322 1494 etc.,
2362 1444 2559 1484 nomen
2589 1440 2761 1496 tuum,
2792 1443 2894 1491 etc.

2142 1513 2263 1568 155.
2294 1514 2373 1568 Τὰ
2398 1516 2707 1588 διαδήματά
2729 1538 2852 1590 μου,
2877 1531 2980 1578 etc.
3006 1524 3237 1583 Greesus
3264 1544 3435 1595 meos,
3459 1542 3568 1590 etc.

2137 1603 2259 1658 154.
2289 1604 2579 1676 Λύτρωσαί
2612 1626 2701 1678 με,
2730 1619 2834 1665 ctc.
2866 1611 3086 1671 Redime
3109 1631 3216 1682 me,
3244 1629 3348 1675 etc.

2134 1696 2256 1750 159.
2296 1696 2544 1767 Ἐξέτηξέ
2574 1716 2660 1769 με,
2692 1710 2797 1758 etc.
2836 1702 3137 1762 Tabescere
3170 1723 3276 1775 me,
3309 1721 3417 1768 etc.

1998 1772 2042 1826 Β
2136 1785 2256 1840 160.
2284 1787 2699 1859 Πεπυρωμένον,
2730 1804 2835 1849 etc.
2872 1795 3128 1866 Ignitum,
3155 1808 3259 1855 etc.

2139 1875 2264 1935 161.
2296 1878 2408 1931 Καὶ
2433 1881 2461 1932 ὁ
2491 1879 2674 1947 δοῦλός
2698 1899 2814 1947 σου,
2843 1892 2951 1940 etc.
2978 1885 3044 1940 Et
3070 1903 3261 1945 servus
3283 1901 3429 1955 tuus,
3457 1905 3564 1952 etc.

1517 2094 1891 2152 ATHANASll
1924 2094 2515 2152 INTERPRETATIO.

473 2191 596 2253 125.
638 2196 694 2252 '0
726 2201 904 2273 ὅρκος,
935 2214 1038 2262 etc.
1068 2208 1465 2280 Juramentum,
1492 2226 1595 2272 etc.

473 2288 594 2383 186.
625 2291 965 2383 Ιςυριευθεὶς,
989 2308 1117 2367 etc.,
1149 2302 1376 2359 ἐνώπιόν
1400 2324 1493 2361 σου
1512 2325 1528 2340 ο
1552 2309 1644 2363 καὶ
1678 2309 1839 2381 ζῆσόν
1871 2329 1960 2383 με,

398 2375 583 2442 καθὼς
633 2380 896 2453 εἴρηκας·
949 2389 1013 2449 ὁ.
1064 2400 1168 2445 etc.
1225 2392 1396 2450 Antea
1465 2413 1586 2452 cum
1648 2375 1960 2456 dominare?

400 2477 508 2528 tur.
537 2481 639 2525 etc.
662 2510 678 2535 ,
703 2488 886 2530 coram
923 2487 1006 2545 te;
1033 2490 1087 2535 et
1113 2482 1322 2540 viviﬁca
1350 2503 1436 2542 me
1463 2505 1475 2540 :
1503 2490 1957 2559 quemadmodum

398 2558 611 2627 dixisti,
633 2571 738 2617 etc.

474 2647 599 2747 127.
622 2652 1048 2747 Κατευθυνθήτω
1081 2663 1113 2734 ή
1146 2670 1414 2741 προσευχὴ
1459 2688 1587 2742 μου,
1618 2673 1693 2736 ὡς
1718 2674 1965 2747 θυμίαμα

400 2737 629 2794 ἐνώπιόν
658 2760 771 2799 σου.
818 2746 1091 2822 Dirigatur
1132 2758 1305 2813 oratio
1335 2764 1651 2829 mea,-sicut
1681 2763 1965 2822 incensum

401 2829 456 2884 iu
486 2846 776 2904 conspectu
805 2847 919 2895 tuo.

471 2922 594 2977 128.
629 2925 738 2981 Καὶ
769 2928 838 2982 τὰ
867 2930 1056 3003 ἄδηλα,
1086 2944 1189 2991 etc.
1227 2937 1292 2992 Et
1326 2939 1551 3008 incerta,
1577 2955 1683 3002 etc.

472 3013 594 3069 129.
627 3016 698 3069 Σὺ
728 3018 1015 3091 ἐξέδωκας,
1040 3039 1145 3081 etc.
1176 3027 1258 3082 Tu
1289 3033 1581 3100 tradidisti,
1607 3046 1714 3095 etc.

469 3103 594 3160 150.
633 3109 695 3162 Οἱ
723 3109 972 3181 δαίμονες
1000 3117 1261 3173 ὲπέϐαλόν
1292 3139 1405 3191 μοι,
1431 3136 1535 3182 etc.
1570 3127 1855 3189 Daemones
1880 3134 1965 3188 in-

396 3196 643 3266 iecerunt
673 3202 826 3270 mihi,
857 3217 960 3262 etc.

473 3290 593 3346 151.
629 3292 1027 3370 Κατετρύφησα
1058 3304 1136 3367 ὲν,
1164 3314 1293 3372 etc.,
1318 3307 1464 3362 ἔστιν
1496 3311 1552 3364 ἐν
1582 3314 1648 3384 τῇ
1667 3354 1683 3379 ,
1714 3323 1821 3369 etc.
1858 3313 1963 3371 De-

399 3378 616 3437 liciatns
646 3401 765 3439 sum
799 3387 853 3441 in
876 3391 1098 3447 sciendo
1126 3396 1647 3465 manifestationem,
1677 3414 1963 3475 etc.,quo-

402 3472 548 3527 niam
584 3476 839 3545 gaudium
869 3481 1138 3540 ineffabile
1160 3497 1244 3542 est
1271 3489 1324 3542 in
1351 3491 1516 3547 corde
1538 3509 1681 3552 meo.

476 3563 594 3618 152.
634 3566 930 3638 Ἐξέδωκοι,
970 3584 1109 3644 etc.,
1157 3578 1513 3655 εὐαρεστῆσαί
1558 3602 1641 3639 σοι
1686 3587 1809 3656 διά,
1857 3599 1962 3645 etc.

402 3650 620 3712 Tradidi
654 3667 824 3716 totum
855 3664 1119 3736 meipsum
1151 3669 1216 3724 ad
1244 3650 1564 3741 placendum
1592 3678 1709 3742 tibi,
1740 3650 1845 3735 etc.

474 3746 594 3804 155.
631 3749 789 3818 Τούς,
831 3764 960 3822 etc.,
994 3764 1471 3837 περιεπτυσσόμην
1498 3769 1577 3835 ὲν,
1634 3779 1739 3825 etc.
1771 3770 1968 3828 Volon-

400 3846 506 3905 tes,
523 3850 927 3918 etc.,praecepta
949 3860 1133 3906 autem
1160 3861 1252 3909 tua
1272 3859 1555 3928 amplexus
1579 3876 1703 3916 sum
1727 3863 1778 3916 in
1805 3866 1967 3920 corde

399 3944 545 3987 meo.

473 4023 591 4078 154.
621 4027 713 4093 Σύ,
737 4039 867 4098 etc.,
897 4036 1007 4098 τοῖς
1034 4035 1343 4107 εἰρημένοις
1374 4056 1483 4109 μοι,
1515 4051 1644 4110 etc.,
1689 4042 1790 4110 Tu,
1831 4057 1962 4113 etc.,

400 4129 521 4185 quae
549 4120 689 4174 dicta
717 4132 846 4179 sunt
871 4141 902 4180 a
932 4134 984 4181 te
1017 4130 1150 4183 mihi
1183 4131 1270 4195 de,
1298 4141 1402 4187 etc.

472 4209 595 4264 155.
634 4213 1081 4289 Ἀναχωρήσατε,
1135 4230 1264 4290 etc.,
1317 4222 1377 4275 τὸ
1424 4224 1579 4290 πῶς,
1636 4237 1742 4284 etc.
1790 4227 1963 4285 Rece-

402 4294 533 4367 dite,
565 4313 670 4361 etc.

411 4460 423 4471 ‘
473 4392 595 4449 156.
636 4396 822 4453 Ῥῐσαί
855 4418 944 4470 με,
969 4415 1075 4459 etc.
1102 4403 1295 4461 Libera
1326 4422 1432 4474 me,
1463 4417 1569 4464 etc.

474 4484 596 4540 157.
628 4488 948 4560 Κύκλωσον,
994 4504 1125 4561 etc.,
1154 4478 1304 4555 οὗδέν
1341 4517 1429 4568 μοι
1458 4499 1590 4572 ἄλλη
1634 4500 1820 4564 ἔσται,
1853 4510 1958 4556 etc.

399 4573 710 4643 Circumda,
736 4593 865 4649 etc.,
898 4587 1045 4641 nulla
1069 4588 1202 4643 mihi
1235 4590 1341 4644 alia
1369 4591 1472 4645 erit
1498 4606 1651 4656 cura,
1678 4600 1784 4647 etc.

422 4740 425 4744 Α
474 4668 593 4727 158.
622 4670 746 4726 Ὀτι
789 4677 838 4728 ot
887 4677 986 4749 μὲν
1028 4680 1128 4733 οὐκ
1163 4681 1507 4748 ἐπίστευσαν,
1540 4691 1645 4738 etc.
1691 4682 1961 4749 Quoniam

401 4760 491 4816 alii
518 4764 736 4831 quidem
768 4783 879 4823 non
907 4772 1270 4836 crediderunt,
1298 4781 1404 4827 etc.

471 4853 593 4909 159.
632 4857 1009 4934 Ἐλογισάμην,
1034 4872 1163 4926 etc.,
1193 4865 1243 4916 oi
1266 4867 1365 4936 τῆς
1388 4863 1674 4933 ἀσελγείας
1704 4864 1963 4936 κεκολλη-

403 4942 577 5013 μένοι,
602 4954 732 5014 etc.,
767 4950 934 5006 ἐστίν.
966 4952 1232 5024 Cogitavi,
1260 4963 1363 5007 etc.

471 5039 593 5092 :40.
622 5040 952 5114 Πεπηγέναι,
983 5053 1087 5098 etc.
1121 5042 1229 5098 Fac
1259 5052 1313 5097 ut
1346 5044 1659 5107 immobilis,
1694 5054 1800 5101 etc.

470 5129 594 5186 141.
636 5131 959 5188 Ἐπίστευσα
1000 5136 1080 5200 είς
1116 5134 1176 5187 σὲ
1205 5134 1406 5201 καθώς,
1449 5146 1552 5191 etc.
1578 5134 1795 5191 Credidi
1825 5138 1878 5192 in
1910 5146 1961 5195 te

400 5225 877 5293 quemadmodum,
905 5236 1011 5284 etc.

472 5316 593 5371 142.
628 5317 1088 5390 Μακροθύμησον,
1116 5330 1246 5385 etc.,
1283 5319 1654 5392 κατηγορῆσαί
1693 5337 1794 5390 μου
1822 5320 1958 5392 πρὸς

402 5405 480 5459 σε.
514 5404 786 5462 Patienter
815 5423 902 5463 me
922 5416 1170 5478 exspecta
1193 5448 1209 5473 ,
1235 5419 1341 5465 etc.

2061 2216 2129 2269 τὰ
2156 2214 2495 2286 δικαιώματά
2526 2235 2639 2272 σου.
2669 2218 2777 2274 Fac
2812 2237 3048 2290 mecum,
3079 2233 3210 2291 etc.,
3244 2230 3633 2288 misericordia:

2061 2316 2189 2369 tuae,
2220 2315 2351 2371 etc.,
2381 2317 2440 2360 ut
2462 2307 2877 2376 justiﬁcationes
2909 2324 3033 2367 tuas
3065 2315 3311 2371 eﬂlciam.

2134 2396 2257 2452 145.
2289 2397 2676 2469 Ἐξηγόρασας,
2699 2411 2827 2467 etc.,
2850 2404 3018 2475 τιμίῳ
3047 2422 3162 2474 σου,
3188 2420 3318 2475 etc.,
3352 2411 3449 2483 τὴν
3470 2414 3631 2485 χάριν

2066 2506 2196 2556 σου,
2238 2499 2368 2555 etc.,
2409 2489 2470 2542 τὸ
2509 2489 2657 2556 πῶς,
2693 2501 2798 2547 etc.
2849 2490 3141 2552 Redemisti
3166 2537 3181 2563 ,
3214 2509 3342 2566 etc.,
3389 2505 3631 2571 pretioso

2063 2589 2178 2647 ‘uo,
2208 2595 2336 2643 etc.,
2364 2579 2593 2648 gratiam
2621 2589 2791 2639 tuam.
2826 2592 2930 2637 etc.

2129 2670 2254 2726 146.
2287 2670 2400 2723 Νῦν
2425 2672 2589 2734 ἐστιν,
2623 2681 2726 2727 etc.
2761 2670 2917 2728 Nunc
2944 2683 3157 2744 tempus
3180 2686 3281 2739 est,
3317 2690 3421 2734 etc.

2129 2763 2251 2817 147.
2281 2761 2381 2815 Διὰ
2411 2761 2568 2815 τοῦτο
2595 2801 2609 2824 ,
2638 2773 2745 2819 etc.
2791 2765 3007 2837 Ἐπειδὴ
3032 2761 3124 2820 οὖν
3149 2764 3304 2834 οὗτος
3336 2773 3364 2823 ὁ
3400 2770 3629 2835 πλοῦτος

2059 2853 2392 2923 πρόσκαιρος
2411 2890 2426 2916 ,
2452 2851 2491 2919 ,ὁ
2520 2850 2577 2903 δὲ
2608 2851 2695 2906 διὰ
2724 2853 2831 2907 τῶν
2859 2854 3089 2909 ἐντολῶν
3122 2873 3213 2910 σου
3249 2858 3477 2925 πλοῦτος
3499 2861 3630 2914 αίὼ-

2060 2959 2172 3006 νιος
2204 2942 2459 3015 ὑπάρχει,
2483 2944 2571 2998 διὰ
2596 2945 2754 2999 τοῦτο
2789 2946 3007 3014 μᾶλλον,
3035 2958 3137 3003 etc.
3174 2947 3327 3004 Nunc
3360 2962 3463 3019 est,
3496 2964 3627 3019 etc.,

1988 3041 2032 3098 ο
2061 3032 2190 3101 quia
2220 3031 2382 3102 igitur
2420 3044 2714 3102 praesentes
2761 3037 2963 3092 divitiae
2993 3041 3335 3109 temporariae
3365 3055 3509 3109 sunt,
3544 3048 3625 3099 di-

2062 3122 2207 3178 vitiae
2251 3133 2431 3180 autem
2487 3141 2554 3180 ex
2595 3129 2878 3198 praeceptis
2926 3130 3033 3186 tuis
3075 3142 3286 3188 aeterna:
3314 3136 3625 3203 exsistunt,

2061 3224 2345 3285 propterea
2377 3221 2550 3289 magis
2575 3219 2758 3287 dilexi,
2790 3231 2893 3277 etc.

2132 3307 2256 3361 148.
2288 3307 2386 3362 Διὰ
2414 3308 2592 3375 τοῦτο,
2627 3319 2756 3377 etc.,
2790 3313 3115 3369 ἀπέϐλεπον.
3153 3314 3461 3388 Propterea,
3495 3330 3622 3388 etc.,

2063 3398 2436 3468 respiciebam.

2134 3487 2257 3541 149.
2286 3487 2473 3559 nam;
2501 3489 2811 3563 ἐκπλήξεως
2845 3496 3019 3564 μεστά
3050 3499 3176 3561 είσι,
3207 3509 3336 3567 etc.,
3362 3499 3440 3571 τῷ
3464 3501 3625 3555 δυνα-

2067 3577 2234 3648 μένῳ,
2271 3587 2376 3634 etc.
2421 3579 2522 3634 Διὰ
2548 3581 2709 3635 τοῦτο
2731 3579 2846 3649 οὖν,
2872 3595 2999 3652 etc.,
3029 3587 3134 3641 τῶν
3164 3588 3416 3660 Γραφῶν.
3453 3590 3626 3648 Testi-

2063 3669 2244 3723 monia
2277 3676 2368 3724 tua
2393 3670 2551 3741 plena
2578 3684 2725 3738 sunt,
2759 3682 2890 3739 etc.,
2920 3687 3204 3747 propterea
3231 3679 3418 3750 igitur,
3444 3693 3550 3735 etc.

2134 3759 2256 3815 150.
2307 3761 2373 3814 Ἡ
2421 3763 2684 3836 ἑρμηνεία
2730 3766 2859 3837 περὶ
2928 3768 2988 3821 τὸ
3040 3770 3245 3837 νοῆσαι.
3304 3772 3625 3843 Interpreta-

2063 3851 2161 3912 tio.
2190 3861 2295 3907 etc.

2150 3944 2266 3999 151.
2321 3946 2526 4017 Διψῶν,
2577 3959 2707 4015 etc.,
2755 3950 2940 4024 ἐπειδὴ
2985 3952 3291 4025 ἐπεθύμουν
3332 3956 3623 4026 ἐπιγνῶναι

2061 4035 2160 4107 τὴν
2193 4037 2484 4109 ἑρμηνείαν
2513 4040 2622 4093 τῶν
2662 4042 2890 4112 Γραιρῶν
2921 4060 3035 4098 σου.
3078 4044 3300 4112 Sitiens,
3330 4058 3458 4113 etc.,
3489 4064 3624 4119 quo-

2065 4125 2207 4179 niam
2246 4127 2623 4184 desiderabam
2655 4147 2951 4202 agnoscere
2983 4135 3479 4207 interpretationem
3510 4152 3623 4196 tua-

2062 4232 2183 4272 rum
2216 4216 2643 4289 Scripturarum.

2136 4308 2258 4363 152.
2288 4311 2487 4377 Καθὼς
2530 4315 2796 4387 ὲφόρεσας
2821 4315 2975 4386 τούς,
3002 4329 3135 4382 etc.,
3163 4322 3257 4374 καὶ
3283 4322 3501 4393 ἐλέησόν
3532 4342 3618 4396 με.

1987 4382 2040 4442 Ῑ)
2064 4397 2531 4466 Quemadmodum
2562 4406 2871 4475 respexisti,
2898 4417 3031 4472 etc.,
3061 4419 3117 4464 et
3139 4412 3398 4467 miserere
3426 4416 3553 4469 mei.

2132 4492 2254 4548 155.
2289 4494 2400 4568 Τὴν
2429 4496 2752 4568 προθυμίαν,
2786 4508 2891 4555 etc.
2926 4498 3032 4556 Fac
3056 4517 3151 4558 cor
3177 4519 3379 4568 meum,
3411 4516 3516 4560 etc.

2131 4584 2254 4640 154.
2284 4585 2571 4659 Λύτρωσαί
2617 4606 2685 4660 με
2729 4591 2836 4645 ἀπὸ
2884 4592 3063 4664 πάσης
3113 4596 3472 4665 συκοφαντίας
3528 4596 3619 4650 καὶ

2060 4674 2312 4745 ἀφορμῆς
2338 4715 2353 4743 ,
2398 4688 2506 4732 etc.
2559 4676 2753 4734 Libera
2795 4695 2882 4736 me
2921 4681 2991 4736 ab
3020 4684 3168 4738 omni
3212 4682 3398 4739 fraude
3439 4694 3494 4740 et
3538 4686 3618 4739 in.

2061 4781 2124 4818 CU
2134 4781 2246 4826 I‘SU,
2279 4778 2383 4822 CIC.

2134 4857 2256 4913 159.
2297 4859 2662 4933 Ἐμαράνθην,
2680 4872 2808 4930 etc.,
2830 4863 3122 4929 λαλοῦντας
3148 4867 3294 4938 περί,
3309 4876 3411 4921 etc.
3438 4866 3619 4923 Emat-

2060 4950 2149 5004 cui
2179 4959 2346 5017 tctus,
2393 4961 2524 5017 etc.,
2571 4952 2853 5010 haereticos
2881 4957 3150 5010 contraria
3192 4957 3486 5028 Scripturis
3512 4960 3616 5013 tuis

2061 5042 2340 5113 loquentes
2361 5043 2427 5097 de
2452 5043 2555 5098 ﬁde
2584 5053 2696 5098 tua.
2744 5066 2751 5073 -

2134 5132 2254 5188 160.
2294 5132 2532 5204 Ἐπειδὴ,
2557 5143 2683 5200 etc.,
2708 5135 2989 5207 ὑπάρχεις,
3020 5147 3145 5202 etc.,
3180 5139 3450 5213 καλάμην,
3477 5159 3616 5195 τουτ-

2060 5224 2206 5278 έστιν
2247 5227 2302 5278 αί
2343 5224 2569 5296 πράξεις
2609 5228 2665 5280 at
2715 5229 2961 5300 πονηραί.
3012 5229 3276 5297 Quoniam
3319 5234 3460 5302 ignis
3506 5235 3615 5304 ipse

2067 5315 2306 5378 exsistis,
2331 5323 2460 5380 etc.,
2490 5317 2768 5386 stipulam,
2796 5319 2901 5374 hoc
2925 5329 3008 5374 est
3028 5336 3222 5390 pravas
3250 5324 3609 5392 operationcs.

2130 5413 2251 5468 161.
2292 5414 2349 5468 Ὀ
2378 5414 2435 5468 δὲ
2454 5413 2636 5479 δοῦλός
2660 5431 2773 5482 σου,
2795 5425 2923 5483 etc.,
2956 5415 3051 5480 τὰς
3079 5418 3138 5472 ὲν
3169 5417 3344 5488 ἑαυτῷ
3373 5418 3608 5482 ἀκάνθας

474 5495 594 5552 145.
648 5497 807 5564 ὐλος
865 5501 895 5554 ὁ
948 5500 1109 5564 πόθος
1166 5502 1266 5572 μού
1311 5503 1428 5554 ἐστι
1485 5501 1545 5554 τὺ
1591 5501 1839 5565 δέξασθαί
1889 5519 1957 5573 με
2057 5523 2086 5557 τ

2066 5505 2149 5559 τοῦ
2182 5504 2317 5575 βίου.
2364 5505 2468 5571 Qui
2497 5516 2674 5563 autem
2714 5522 2924 5570 servus.
2948 5516 3081 5576 etc.,
3113 5509 3235 5564 vita:
3257 5509 3443 5590 spinas
3470 5510 3525 5566 in
3552 5527 3610 5567 se

402 5585 500 5653 τήν
520 5624 537 5649 ,
562 5595 666 5643 etc.
698 5587 891 5655 Omne,
925 5601 1028 5646 etc.

476 5672 599 5729 144.
621 5678 849 5741 Ποίησον
879 5683 996 5742 μετ’
1022 5680 1172 5747 ἐμοῦ,
1201 5691 1329 5747 etc.,
1358 5682 1449 5735 τοῦ
1478 5681 1654 5747 ὲλέους
1680 5699 1791 5749 σου,
1824 5693 1952 5751 etc.,

2058 5600 2174 5669 ipso
2203 5599 2489 5655 comburit.
