3990 6208
456 306 589 363 ηις
1295 301 1352 355 S.
1394 297 1762 354 ATHANASII
1798 295 1950 353 OPP.
1990 295 2171 351 PARS
2208 293 2298 350 Ill.
2336 325 2403 335 —
2444 293 2852 351 EXEGETICA.
3538 297 3678 353 £220

694 418 974 488 Canticum
997 415 1288 472 Graduum.
1324 412 1523 470 PSAL.
1556 410 1762 469 CXIX.
2036 417 2082 472 Α

2036 417 2082 472 Α
2348 409 2488 481 ’ῼδὴ
2514 409 2633 464 τῶν
2659 411 3051 488 ςΑναϐαθμῶν.
3091 414 3262 465 ΨΑΛ.
3296 413 3449 465 ριοο.

528 510 576 567 1.
615 509 695 564 Ad
724 484 1006 563 Dominum
1037 522 1161 562 cum
1184 505 1471 561 tribularer
1495 505 1746 569 clamavi,
1771 516 1826 560 et
1844 521 2016 561 exau-

2187 500 2237 554 1.
2278 501 2417 571 Πρὸς
2444 484 2730 570 ΚύριονἏν
2759 499 2836 569 τῷ
2863 498 3136 553 θλίϐεσθαί
3166 517 3229 570 με
3258 499 3550 569 ἐξέκραξα,
3588 500 3684 552 καὶ

453 601 589 655 divit
616 617 721 655 me.

2116 592 2399 659 εἰσήκουσέ
2432 609 2552 663 μου·

522 692 576 747 2.
618 692 864 758 Domine,
884 691 1054 745 libera
1077 691 1315 744 animam
1343 704 1519 743 meam
1550 704 1582 743 a
1610 689 1768 743 labiis
1793 689 2015 760 iniquis,

2182 684 2236 738 2.
2258 683 2469 754 .Κύριε,
2489 683 2647 755 ῥῦσαι
2660 684 2758 755 τὴν
2772 684 2949 753 ψυχήν
2969 701 3071 753 μου
3094 684 3201 736 ἀπὸ
3215 682 3438 754 χειλέων
3460 681 3681 740 ἀδίκων,

522 784 573 838 3.
616 781 682 837 Et
713 798 743 837 a
769 783 952 853 lingua
981 781 1193 835 dolosa.

2184 774 2236 827 3.
2277 775 2387 827 Καὶ
2415 775 2521 826 ἀπὸ
2552 772 2801 842 γλώσσης
2829 773 3031 837 δολίας.

521 876 575 929 ι.
615 874 751 940 Quid
796 875 956 928 detur
1007 873 1127 937 tibi,
1152 879 1245 926 aut
1288 871 1417 942 quid
1464 879 1769 941 apponatur
1819 871 1917 926 tibi
1948 872 2015 927 ad

2182 864 2237 917 4.
2277 864 2341 916 Τί
2362 863 2539 933 δοθείη
2563 880 2666 928 σοι,
2692 864 2785 916 καὶ
2804 865 2857 916 τί
2886 863 3206 933 προστεθείη
3237 880 3318 916 σοι
3347 862 3480 933 πρὸς
3500 858 3682 929 γλῶσ-

451 965 688 1035 linguam
721 963 1003 1019 dolosam?

872 963 1003 1017 .am?
2115 972 2212 1008 σαν
2236 955 2416 1009 δολίαν
2434 971 2448 1018 ;

521 1056 576 1112 5.
618 1055 840 1126 Sagittae
868 1042 1103 1125 potentis
1132 1063 1309 1109 acutae

2182 1046 2234 1101 5.
2275 1045 2355 1097 Τὰ
2387 1044 2514 1117 βέλη
2546 1043 2641 1099 τοῦ
2669 1045 2893 1100 δυνατοῦ
2928 1046 3239 1117 ἠκονημένα

518 1148 572 1203 6.
611 1148 746 1202 Cum
762 1147 1092 1203 carbonibus
1120 1146 1485 1202 desolatoriis.

2178 1136 2236 1192 6.
2274 1137 2378 1189 Σὺν
2407 1140 2517 1200 τοῖς
2547 1136 2772 1208 ἄνθραξι
2804 1139 2914 1200 τοῖς
2940 1139 3245 1209 ὲρημικοῖς.

456 1268 462 1275 ι
516 1237 572 1293 7.
610 1237 725 1293 Heu
745 1239 899 1303 mihi,
917 1240 1044 1308 quia
1065 1239 1334 1293 incolatus
1356 1253 1510 1292 meus
1530 1237 1888 1307 prolongatus
1908 1246 2011 1301 est,

1826 1252 1888 1292 us
1908 1246 2011 1301 est,
2185 1227 2236 1280 7.
2277 1227 2456 1295 Οἶμοι,
2490 1227 2571 1279 ὅτι
2598 1227 2630 1297 ἡ
2657 1226 2916 1298 παροικία
2941 1243 3042 1295 μου
3067 1224 3402 1297 ἑμακρύνθη,

517 1330 568 1385 8.
611 1330 858 1385 Habitavi
895 1347 1017 1385 cum
1045 1330 1417 1385 habitantibus
1448 1328 1624 1384 Cedar
1651 1347 1664 1382 :

2183 1317 2236 1371 8.
2276 1319 2678 1388 Κατεσκήνωσα
2713 1317 2850 1389 μετά
2873 1317 2980 1370 τῶν
3011 1319 3373 1388 σνηνωμάτων
3397 1317 3601 1389 Κηδάρ·

517 1421 570 1477 9.
609 1421 833 1477 Multum
868 1422 1043 1477 incola
1074 1422 1174 1475 fuit
1204 1421 1384 1475 anima
1425 1436 1563 1475 mea.

2182 1408 2237 1463 9.
2279 1408 2455 1462 Πολλὰ
2483 1408 2809 1482 παρῴκησεν
2833 1409 3031 1481 ἡψυχὴ
3068 1427 3190 1481 μου.

517 1516 603 1571 10.
643 1514 778 1570 Cum
808 1515 916 1580 bis,
939 1514 1032 1584 qui
1062 1514 1294 1569 oderunt
1324 1527 1512 1582 pacem
1541 1526 1688 1567 eram
1713 1511 2008 1580 paciﬁcus:

2182 1503 2268 1557 10.
2310 1505 2464 1557 Μετὰ
2497 1507 2605 1557 τῶν
2636 1505 2934 1575 μισούντων
2971 1505 3069 1576 τὴν
3096 1506 3316 1579 εἰρήνην
3347 1506 3492 1576 ἢμην
3523 1506 3675 1574 εἰρη-

2109 1596 2279 1659 νικός·

517 1690 602 1745 11.
641 1690 778 1746 Cum
806 1690 1065 1761 loquebar
1089 1689 1218 1757 illis,
1252 1689 1643 1760 impugnabant
1669 1703 1754 1743 me
1776 1687 1964 1757 gratis.
2033 1705 2076 1759 Β

2046 1705 2076 1759 Β
2183 1684 2456 1739 11.”οταν
2488 1684 2712 1740 ἐλάλουν
2738 1687 2942 1754 αὐτοῖς,
2968 1684 3265 1758 ἐπολέμουν
3301 1703 3367 1757 με
3394 1686 3622 1758 δωρεάν.

1570 1859 1943 1916 ATIIANASII
1984 1858 2563 1915 INTERPRETATIO.

525 2025 590 2080 Ἥ
617 2026 1253 2099 προκειμένηβπιγραφὴ
1287 2025 1530 2097 περιέχει
1560 2024 1637 2096 (1)
1658 2039 1674 2055 ·
1707 2020 1846 2093 ’ῼδὴ
1889 2021 2008 2075 τῶν
2030 2020 2419 2091 Ἀναϐαθμῶν,
2446 2024 2582 2091 ὅπερ
2606 2021 2962 2092 ἑρμηνεύεται
2990 2020 3419 2092 ἐξομολόγησις
3445 2020 3565 2074 τῶν
3587 2021 3679 2091 ἑρ-

443 2121 710 2193 χομένων
745 2123 858 2176 ἀπὸ
892 2121 1009 2176 τῶν
1032 2120 1347 2191 ἁμαρτιῶν,
1384 2121 1591 2174 ἀνιέναι
1616 2122 1694 2182 εἰς
1725 2117 1822 2188 τὴν
1851 2116 1943 2170 τοῦ
1967 2117 2171 2188 Κυρίου
2200 2117 2403 2178 πίστιν,
2435 2117 2528 2169 καὶ
2551 2116 2648 2184 τὰς
2669 2116 2856 2170 τούτου
2882 2116 3453 2186 ἐντολάς.Ἀναϐαθμο“ι
3479 2112 3573 2170 οὖν
3593 2117 3680 2170 διὰ

441 2210 598 2268 τιῢτο
629 2214 840 2283 εἴρηται
872 2212 969 2281 (Ξ),
995 2214 1099 2271 ὅτι,
1130 2212 1317 2281 ὥσπερ
1341 2210 1399 2276 ἐξ
1433 2210 1657 2273 ὑδάτων,
1686 2208 1858 2271 οὕτως
1882 2208 1988 2260 ἀπὸ
2018 2208 2115 2278 τῆς
2142 2206 2579 2277 εἱδωλολατρείας
2610 2207 2704 2258 καὶ
2740 2205 2846 2259 τῶν
2874 2206 3049 2277 ἔργων
3081 2207 3282 2278 ταύτης
3309 2208 3385 2277 (5)
3423 2208 3679 2278 ἄρχονται

439 2307 490 2358 ot
530 2303 946 2374 ἐπιστρέφοντες
989 2302 1097 2354 ἀπὸ
1136 2299 1228 2353 τοῦ
1260 2299 1476 2371 πρώτου
1517 2296 1733 2370 ψαλμοῦ
1766 2297 1874 2349 τῶν
1903 2294 2260 2365 Ἀναϐαθμῶν
2298 2294 2755 2365 ἐξομολογεῖσθαι,
2790 2297 2881 2350 καὶ
2922 2298 3153 2367 καθεξῆς
3173 2297 3292 2351 καθ’
3321 2298 3547 2353 ἕκαστον
3580 2299 3679 2366 βα-

441 2396 574 2468 θμὸν
603 2394 809 2449 ἀνίεντο
837 2392 1118 2466 Ιάνιόντες]
1155 2392 1514 2463 ὑψηλοτέρους
1540 2389 1848 2445 δείκνυσθαι
1884 2389 2123 2452 τούτοις’
2164 2389 2526 2460 τελειοτέρους
2559 2388 2615 2441 δὲ
2653 2388 2746 2441 καὶ
2776 2388 3109 2460 τελειοτέρας
3133 2390 3206 2461 (4)
3240 2390 3674 2462 ἐξομολογήσεις.

437 2490 534 2548 καὶ
559 2485 902 2558 εὐχαριστίας
931 2484 1295 2554 ἀναπέμπειν.

520 2578 722 2633 fitulus
750 2578 1067 2647 praepositus
1093 2576 1339 2630 continet
1369 2594 1382 2629 :
1425 2573 1707 2630 Canticum
1740 2572 2035 2637 Craduum,
2064 2572 2209 2641 quod
2246 2571 2634 2641 interpretatur
2660 2572 2916 2642 confessio
2953 2573 3264 2626 venientium
3284 2589 3317 2626 a
3346 2575 3597 2640 peccatis,
3619 2584 3677 2626 ut

439 2667 737 2723 ascendant
777 2666 841 2721 ad
873 2666 1031 2720 fidem
1066 2664 1302 2730 Domini,
1336 2665 1567 2735 ejusque
1595 2674 1882 2734 praecepta.
1916 2663 2133 2718 Gradus
2160 2662 2323 2732 igitur
2351 2662 2474 2719 ideo
2494 2664 2623 2719 dicti
2658 2673 2808 2729 sunt,
2838 2665 3095 2733 quoniam
3124 2665 3583 2734 quemadmodum
3605 2680 3671 2719 ex

438 2765 597 2833 aquis
625 2759 949 2834 [baptismi],
982 2761 1053 2815 ita
1088 2761 1157 2815 ab
1189 2760 1516 2823 idololatria,
1551 2768 1606 2815 et
1648 2759 1813 2829 hujus
1856 2757 2112 2828 operibus
2157 2756 2445 2827 incipiunt,
2470 2758 2564 2830 qui
2610 2769 3019 2824 convertuntur,
3045 2776 3075 2814 a
3102 2775 3276 2830 primo
3307 2760 3520 2830 psalmo
3550 2775 3674 2829 grao

440 2852 608 2906 duum
635 2850 902 2914 confiteri,
932 2859 985 2903 et
1013 2849 1266 2919 deinceps
1296 2866 1392 2919 per
1420 2851 1666 2916 singulos
1697 2849 1899 2919 gradus
1928 2848 2288 2904 ascendentes
2318 2850 2402 2905 his
2433 2850 2710 2919 gradibus,
2741 2865 2879 2921 quos
2912 2850 3291 2916 ascenderunt,
3325 2851 3672 2908 sublimiore:

438 2939 684 3005 ostendi;
721 2939 1068 3009 perfectiores
1100 2949 1280 2994 autem
1309 2938 1659 3009 perfectiores
1690 2941 1856 2995 etiam
1898 2942 2297 3004 confessiones,
2324 2950 2377 2997 et
2404 2942 2702 3013 gratiarum
2732 2943 2973 2997 actiones
3004 2942 3225 2998 referre.

509 3055 564 3110 1.
610 3052 746 3109 Cum
774 3054 1025 3109 redactus
1053 3070 1228 3110 essem
1264 3054 1318 3108 in
1343 3058 1656 3111 servitutem
1686 3072 1716 3111 a
1749 3066 1993 3126 peccato,
2024 3068 2066 3125 ο

2170 3056 2224 3110 1.
2249 3058 2337 3109 Ἐν
2365 3057 2442 3128 τῷ
2473 3053 2611 3111 εἷναί
2645 3076 2713 3129 με
2744 3057 3132 3127 δεδουλωμένον
3166 3056 3505 3128 τῇσάμαρτίᾳ
3539 3056 3671 3127 πρὸς

438 3144 505 3200 ad
531 3143 816 3198 Dominum
840 3144 1144 3214 lacrymans
1179 3144 1431 3208 clamavi,
1461 3154 1516 3199 et
1536 3145 1813 3199 exaudivit
1836 3160 1942 3201 me.

2099 3150 2302 3219 Κύριον
2334 3150 2605 3221 ἀνεϐόησα
2644 3152 2780 3221 μετά
2807 3151 3079 3219 δακρύων,
3109 3151 3203 3203 καὶ
3231 3152 3516 3223 εἰσηκουσέ
3546 3169 3666 3222 μου.

505 3236 563 3302 2,
589 3237 643 3292 '5.
677 3233 924 3300 Domine,
957 3233 1219 3303 deprecor
1254 3246 1323 3299 te,
1353 3235 1519 3289 libera
1548 3237 1785 3288 animam
1822 3250 1999 3289 meam

2168 3239 2222 3304 2,
2276 3240 2344 3311 5.|
2373 3241 2563 3312 Κύριε,
2614 3241 2863 3312 δεόμενός
2911 3259 3001 3295 σου
3033 3243 3132 3311 (5),
3166 3241 3323 3312 ῥῦσαι
3366 3244 3466 3313 τὴν
3495 3243 3670 3314 ψυχήν

438 3344 469 3382 a
496 3328 782 3383 contrariis
811 3327 1189 3395 potestatibus,
1220 3336 1273 3379 et
1300 3326 1540 3380 diabolo.

2103 3347 2203 3401 μου
2235 3331 2343 3384 ἀπὸ
2370 3331 2480 3384 τῶν
2510 3333 2765 3386 ἐναντίων
2796 3333 3073 3403 δυνάμεων
3103 3334 3196 3386 καὶ
3227 3333 3319 3387 τοῦ
3344 3334 3612 3388 διαϐόλου.

506 3420 562 3474 4.
593 3419 733 3473 Deus
762 3428 941 3473 autem
970 3420 1196 3473 audiens
1233 3435 1354 3473 eum
1387 3419 1517 3473 dicit
1550 3418 1652 3487 ipsi
1683 3436 1696 3472 :
1730 3416 1873 3485 Quid
1902 3420 1998 3475 tibi

2167 3421 2221 3474 4.
2253 3421 2311 3473 '0
2337 3421 2395 3473 δὲ
2423 3420 2575 3485 Θεὸς,
2623 3422 2859 3487 ἀκούσας
2898 3424 2972 3496 (6)
3016 3424 3200 3486 αὑτοῦ,
3233 3425 3378 3492 λέγει
3409 3426 3545 3497 πρὸς
3570 3426 3666 3480 αύ-

438 3508 597 3572 dabo,
630 3520 684 3562 et
711 3508 857 3578 quali
893 3508 1095 3562 auxilio
1135 3523 1470 3574 succurram,
1512 3515 1573 3562 ut
1597 3507 1818 3564 liberem
1846 3520 1897 3564 te
1930 3508 2000 3564 ab

2096 3511 2188 3565 τόν
2208 3528 2223 3542 °
2249 3511 2313 3564 Τί
2344 3529 2424 3565 σοι
2445 3512 2777 3586 δωρήσομαι,
2802 3516 2896 3569 καὶ
2917 3516 3053 3587 μετά
3079 3517 3238 3580 ποίας
3259 3516 3505 3587 βοηθείας
3534 3517 3666 3589 :pbc

437 3598 741 3653 idololatria
768 3597 793 3650 ἲ

2097 3605 2157 3658 τὺ
2183 3606 2446 3676 ρυσθῆναί
2478 3624 2535 3660 σε
2562 3608 2669 3661 ἀπὸ
2696 3609 2794 3679 τῆς
2820 3610 3292 3681 εἰδωλολατρείαςς

502 3687 558 3751 5,
584 3687 637 3742 6.
676 3687 879 3742 Mittam
911 3687 1008 3742 tibi
1038 3688 1310 3757 apostolos
1351 3688 1471 3743 Filii
1502 3691 1631 3758 mei,
1666 3707 1791 3748 cum
1816 3690 1998 3747 verbis

2170 3697 2222 3762 5,
2249 3697 2301 3751 6.
2324 3698 2631 3752 ’Λποστελῶ
2665 3698 2740 3769 (7)
2775 3716 2857 3753 σοι
2900 3701 3026 3765 τοὺς
3067 3701 3392 3766 ἀποστόλους
3438 3702 3517 3772 τῷ
3553 3702 3663 3773 Υἱῷ

435 3780 554 3850 ejus
599 3779 967 3835 desolantibus
1017 3780 1399 3849 idololatriam,
1440 3791 1495 3836 et
1540 3797 1756 3839 omnem
1807 3795 1998 3855 poten-

2102 3805 2203 3858 μου
2249 3787 2386 3859 μετά
2414 3790 2521 3842 τῶν
2549 3789 2718 3858 λόγων
2751 3792 2914 3845 αὑτοῦ
2954 3792 3063 3845 τῶν
3092 3792 3438 3864 ἐρημούντων
3459 3797 3558 3864 τὴν
3589 3796 3662 3847 εί-

434 3874 565 3927 tiam
590 3872 812 3926 inimici.
1512 3863 1521 3877 ’
1784 3887 1813 3921 ι

2095 3879 2506 3953 δωλολατρείαν,
2538 3884 2631 3936 καὶ
2658 3884 2834 3936 πᾶσαν
2858 3884 3084 3955 δύναμιν
3108 3885 3202 3937 τοῦ
3232 3884 3450 3956 ἐχθροῦ.

508 3961 559 4016 7.
589 3960 886 4018 Coufitetur
924 3962 1117 4019 deinde
1150 3964 1240 4019 hic
1264 3964 1449 4020 dicens
1482 3984 1495 4019 :
1528 3964 1625 4019 Hei
1660 3967 1814 4031 mihi,
1850 3967 1993 4036 quod

2167 3971 2219 4025 7.
2278 3971 2707 4044 Ἐξομολογεῖται
2774 3974 2960 4029 λοιπὸν
3028 3968 3181 4039 οὗτος
3243 3976 3415 4043 λέγων
3440 3993 3453 4007 ·
3528 3975 3662 4031 Ούαί

433 4068 650 4109 omnem
679 4070 854 4109 meam
880 4057 1045 4110 vitam
1087 4057 1401 4126 consumpsi
1437 4058 1715 4113 luxuriose
1741 4059 1991 4113 vivendo.

2100 4080 2187 4131 μοι
2213 4063 2313 4133 (8),
2336 4064 2418 4117 ὃτι
2446 4065 2623 4119 πάντα
2651 4065 2740 4118 τὸν
2765 4065 2878 4136 βίον
2901 4082 3002 4137 μου
3023 4066 3270 4137 ἀνήλωσα
3285 4067 3392 4131 ζῶν
3419 4067 3659 4133 ἀσώτως.

502 4146 558 4201 8.
601 4145 666 4200 Et
691 4148 866 4202 mansi
894 4156 1099 4210 mutus,
1126 4155 1180 4201 et
1212 4147 1446 4201 adorans
1477 4146 1619 4201 idola
1666 4155 1993 4217 potestatum

2163 4154 2215 4207 8.
2254 4156 2365 4208 Καὶ
2390 4155 2631 4226 διέμενον
2658 4157 2839 4227 κωφὸς
2880 4158 2971 4210 καὶ
3000 4158 3075 4228 (9)
3110 4158 3397 4229 σεϐόμενος
3422 4159 3494 4213 τὰ
3520 4161 3664 4215 εἴδω-

433 4238 776 4293 tenebrarum
807 4256 822 4292 :
853 4236 1023 4292 Cedar
1042 4238 1197 4292 'enim
1227 4237 1448 4292 tenebrae
1477 4238 1887 4308 interpretatur.

2094 4243 2161 4296 λα
2188 4243 2295 4296 τῶν
2327 4244 2420 4298 τοῦ
2448 4246 2670 4310 σκότους
2693 4247 2972 4319 δυνάμεων
2991 4265 3005 4279 °
3037 4249 3395 4320 ἑρμηνεύεται
3419 4250 3531 4321 γὰρ
3548 4252 3657 4322 (10)

2097 4334 2301 4403 Κηδάρ
2331 4336 2569 4403 σκότος.

502 4411 557 4467 9.
600 4409 795 4464 Veeors
832 4409 1001 4473 fui,et
1021 4424 1234 4463 omnem
1269 4425 1443 4465 meam
1479 4426 1629 4480 spem
1658 4412 1711 4464 in
1746 4412 1878 4480 ipsis
1910 4428 1997 4468 re-
2026 4402 2074 4461 D

2167 4426 2220 4481 9.
2244 4402 2630 4496 Ἀπονηπιύθεν
2658 4429 2771 4501 (11)
2824 4429 3179 4504 [ἀπενοήθην]
3208 4432 3304 4504 τὴν
3332 4432 3522 4487 ἐλπίδα
3555 4452 3654 4506 μου

432 4505 661 4573 positam
692 4503 877 4557 habui.

2090 4518 2256 4571 πᾶσιν
2277 4518 2335 4571 ἐν
2365 4520 2576 4583 ἑαυτοῖς
2604 4516 2765 4591 εἶχον.

510 4594 591 4649 lt).
623 4594 843 4650 Amicus
867 4610 1015 4650 eram
1038 4602 1362 4665 potestatum
1387 4594 1610 4661 diaboli,
1647 4611 1768 4651 ante
1806 4596 1993 4651 inimi-

2160 4608 2246 4662 10.
2271 4611 2425 4674 Φίλος
2470 4612 2618 4684 ήμην
2660 4614 2768 4667 τῶν
2809 4614 2903 4667 τοῦ
2952 4614 3197 4669 διαϐόλου
3243 4616 3527 4687 δυνάμεων
3550 4618 3656 4670 τῶν

431 4701 510 4741 (κε
537 4694 683 4740 sunt.
1022 4706 1049 4729 ³·

2088 4698 2301 4770 ἐχθρῶν
2334 4701 2434 4772 τῆς
2460 4704 2698 4774 εἰρήνης.

502 4777 588 4832 11.
631 4778 763 4833 Cum
798 4777 1098 4835 serviebam
1147 4778 1301 4849 ipsis,
1352 4778 1779 4834 dominabantur
1815 4780 1868 4834 ln
1900 4794 1989 4835 me

2155 4788 2243 4843 11,
2264 4791 2427 4844 Ὅταν
2474 4792 2758 4864 ἐλάτρευον
2802 4796 3003 4860 αὐτοῖς,
3057 4797 3507 4852 κατεδυνάστευύν
3556 4817 3653 4869 μου

431 4870 703 4940 captivum
735 4884 822 4926 me
848 4870 1174 4925 deducentes
1202 4871 1257 4924 in
1295 4871 1618 4939 cupiditates
1650 4872 1888 4935 inutiles,
1926 4881 1981 4927 et

2085 4879 2573 4949 αἰχμαλωτίζοντες
2598 4883 2709 4956 (12)
2764 4886 2844 4950 είς
2892 4885 3182 4959 ἐπιθυμίας
3223 4888 3538 4956 ἀνωφελεῖς,
3569 4894 3656 4946 καὶ

432 4976 618 5016 vanas.

2099 4972 2352 5040 ματαίας.

1367 5104 1674 5168 Addenda
1703 5114 1764 5168 et
1795 5107 2171 5187 corrigenda
2206 5129 2286 5174 ex
2329 5115 2470 5176 cod.
2506 5115 2710 5178 Vatic.

684 5227 772 5281 διὰ
789 5229 886 5310 τῆς
914 5229 1281 5300 κινναϐάρεως
1308 5231 1566 5302 περιέχει.
2257 5234 2504 5310 »Εἰσακού
2514 5255 2630 5310 σοις.

521 5297 575 5385 Ξ)
600 5297 1035 5385 ἐἰρμιηνεύονταμ
1144 5297 1155 5300 ⁷
1384 5297 1396 5302 ’
1464 5297 1496 5301 ﬁ
2256 5297 2615 5385 ’ξς-ποστέλλω,
2643 5319 2780 5385 etc.,_
2808 5310 2899 5385 τοῦ
2930 5312 3059 5385 ἱξίοῦ
3093 5330 3215 5383 μου.

598 5367 825 5451 adﬁci.“
876 5436 890 5451 ‘
971 5438 983 5451 .
1061 5438 1072 5451 ν
1259 5439 1273 5451 _
1377 5440 1390 5451 -
1456 5440 1481 5451 Α
1527 5439 1550 5451 _
1636 5440 1648 5451 ‘
1732 5442 1745 5451 _
1772 5443 1784 5451 _
1836 5442 1851 5451 ι
1881 5442 1892 5451 _
2156 5367 2231 5451 (ξ)
2272 5374 2465 5451 ρῦτως
2486 5367 2655 5451 λέγων
2675 5397 2691 5451 ’ν
2718 5367 2850 5432 (καί
2882 5382 2970 5451 μοί
2996 5367 3164 5448 ἐστὶν,
3199 5393 3304 5437 etc.

497 5436 932 5555 (δὲὶἈναϐαθμδν
960 5438 1217 5504 ἀνιέντες,
1244 5439 1319 5502 ὡς
1344 5440 1424 5503 εἰς
1455 5439 1696 5510 βαθμοὺς
1725 5442 1984 5513 ὑψηλότε-
2272 5436 2573 5510 Πεποιθὼςξ
2602 5450 2715 5512 καί,
2741 5458 2845 5504 etc.

497 5521 512 5554 ι
610 5503 873 5555 ίκνυσθαι.
907 5509 1150 5555 τουτέστι
1191 5510 1534 5555 τελειότεοοι-
1587 5512 1682 5555 καὶ
1725 5512 1988 5555 τίλριητέ-
2153 5514 2266 5555 Hm
2306 5513 2413 5555 nio

432 5521 512 5574 ροι
549 5503 873 5583 δείκνυσθαι,
907 5509 1150 5562 τουτέστι
1191 5503 1534 5581 τελειότεροι,
1563 5503 1685 5566 ’καῖ
1725 5503 1988 5565 τελειοτέ-
2153 5503 2266 5583 (10)
2306 5513 2435 5570 Πῦν.

430 5581 810 5665 ραξέριςλῃψ,
841 5661 923 5665 ω
985 5655 1022 5665 Α.
1113 5653 1156 5665 η
1202 5650 1215 5665 ,
1252 5649 1265 5665 ,
1312 5664 1319 5665 ί
1366 5658 1378 5665 _
2156 5581 2714 5665 tflﬁéjtévnméeew
2744 5598 2872 5665 εις..
2905 5592 3084 5665 πᾶσαν
3117 5588 3584 5665 “46101::in-

499 5641 577 5708 (5)
615 5641 810 5711 Δέομαί
835 5661 949 5711 σου,
976 5655 1078 5702 etc.
1102 5650 1215 5704 Kal
1235 5649 1398 5705 deest.

2155 5641 2556 5723 (12)Ἐλάλοάν,
2580 5668 2665 5714 etc
2690 5641 2714 5725 ,'
2736 5641 3223 5730 squamam,
3245 5641 3473 5731 {iiIi-t8}
