3990 6208
351 292 482 347 1ΞΞ1

600 404 721 476 ῼδὴ
760 421 877 457 των
900 401 1289 472 Ἀνασαθμῶιν.
1322 405 1493 456 ΨΑΛ.
1535 398 1664 455 PK'.

420 497 471 550 1.
490 492 639 566 Ἦρα
691 495 815 556 τοὺς
858 491 1166 563 ὀφθαλμούς
1196 508 1294 562 μου
1340 493 1418 554 εἰς
1442 498 1509 543 τὰ
1535 490 1657 560 ὅρη,
1687 487 1806 542 ὅθεν
1834 485 1909 558 (α)

346 588 464 660 ἥξει
492 590 524 658 ἠ
565 585 784 658 βοήθειά
819 601 938 655 μου.

419 678 473 733 2.
501 679 562 731 Ἡ
599 676 820 748 βοήθειά
851 692 948 746 μου
978 672 1127 744 παρὰ
1152 671 1379 744 Κυρίου,

416 771 467 824 3.
509 768 613 821 Τοῦ
647 769 968 839 ποιήσαντος
996 764 1087 818 τὸν
1116 762 1342 835 οὐρανὸν
1364 763 1459 816 καὶ
1484 762 1582 835 τὴν
1613 761 1732 832 γῆν.

416 862 472 916 4.
510 861 601 923 Μὴ
630 859 770 930 δῴης
799 861 877 921 εἰς
902 856 1060 911 σάλον
1083 856 1174 909 τὸν
1209 855 1343 908 πόδα
1375 872 1490 917 σου,

417 953 472 1008 5.
511 951 662 1023 Μηδὲ
687 947 921 1022 νυστάξῃ
949 950 977 1002 6
999 948 1283 1018 φυλάσσων
1308 963 1387 999 σε.

416 1044 470 1100 6.
497 1045 625 1098 Ἰδοὺ
659 1043 718 1097 ού
740 1041 1007 1107 νυστάξει,
1034 1038 1155 1092 οὐδὲ
1180 1036 1413 1091 ὐπνώσει
1446 1036 1475 1087 6
1507 1032 1793 1105 φυλάσσων
1821 1029 1910 1085 τὸν

358 1136 594 1210 Ἰσραήλ.

416 1228 469 1285 7.
504 1226 705 1299 Κύριος
728 1223 949 1297 φυλάξοι
978 1240 1061 1290 σε,

416 1318 467 1375 8.
498 1317 701 1390 Κύριος
733 1316 908 1388 σκέπη
936 1331 1018 1368 σοι
1036 1311 1179 1387 [σου]
1200 1313 1290 1366 ἐπὶ
1315 1312 1473 1385 χεῖρα
1491 1307 1672 1376 δεξιάν
1709 1323 1825 1362 σου.

414 1516 467 1571 9.
511 1514 751 1587 Ἡμέρας
774 1516 802 1569 6
830 1516 978 1587 ἣλιος
1008 1514 1068 1569 ού
1102 1511 1398 1582 συγκαύσει
1419 1525 1513 1563 σε·

416 1608 502 1663 10.
529 1607 659 1663 Ούδὲ
686 1610 722 1679 ἡ
754 1606 951 1677 σελήνη
984 1605 1082 1675 τὴν
1099 1602 1289 1657 νύκτα.
1388 1664 1389 1671 κ

417 1701 499 1757 11.
534 1700 739 1772 Κύριος
771 1697 995 1768 φυλάξοι
1026 1714 1085 1750 σε
1114 1694 1222 1748 ἀπὸ
1251 1691 1449 1755 παντὸς
1470 1686 1676 1744 κακοῦ*

414 1790 497 1845 12.
529 1788 756 1855 Φυλάξοι
781 1788 879 1859 τὴν
904 1787 1080 1857 ψυχήν
1109 1802 1201 1838 σου
1226 1786 1254 1837 6
1280 1782 1506 1854 Κύριος.

1233 286 1320 340 DE
1359 282 1634 340 TlTULiS
1674 274 2121 337 PSALMORUM.
2158 301 2230 315 α-
2269 270 2466 328 PSAL.
2504 268 2662 326 CXX.

3438 266 3459 318 1
3470 263 3578 319 222

2269 387 2545 444 Canticum
2576 383 2869 440 Graduum.
2897 378 3097 434 PSAL.
3131 375 3300 434 CXX.

2084 481 2133 535 1.
2174 478 2371 565 Levavi
2423 476 2611 532 oculos
2660 488 2812 527 meos
2866 472 2919 524 in
2971 475 3200 534 montes,
3234 465 3377 521 unde
3397 464 3578 519 veniet

2012 574 2269 629 auxilium
2302 571 2458 626 mihi.

2079 666 2134 720 2.
2175 662 2453 717 Auxilium
2484 671 2662 713 meum
2690 671 2719 710 a
2752 653 3001 716 Domino,

2079 756 2133 811 5.
2174 754 2277 823 Qui
2305 754 2433 809 fecit
2463 750 2661 808 caelum
2687 756 2739 803 et
2770 758 2991 801 terram.

2078 851 2133 905 4.
2173 850 2290 906 Non
2323 850 2414 905 det
2441 848 2493 902 in
2522 844 2940 902 commotionem
2967 839 3156 911 pedem
3184 847 3364 899 tuum,

2079 944 2135 999 5.
2174 942 2360 1014 Neque
2389 939 2641 996 dormitet
2667 936 2761 1006 qui
2795 932 3033 990 custodit
3060 943 3132 985 te.

2080 1035 2134 1089 6.
2174 1033 2313 1089 Ecce
2343 1047 2450 1087 non
2486 1027 2821 1094 dormitabit,
2876 1038 3053 1094 neque
3096 1017 3334 1076 dormiet
3364 1015 3456 1087 qui
3478 1030 3579 1071 cu-

2010 1127 2174 1184 stodit
2201 1124 2384 1181 Israel.

2080 1221 2134 1274 7.
2167 1218 2428 1273 Dominus
2451 1213 2687 1272 custodit
2716 1222 2803 1268 te:
3582 1252 3592 1263 .

2081 1311 2134 1366 8.
2164 1310 2427 1366 Dominus
2448 1306 2713 1378 protectio
2734 1313 2845 1369 tua,
2865 1312 3030 1357 super
3047 1308 3270 1353 manum
3298 1291 3575 1347 dexteram

2012 1412 2181 1458 tuam.

2082 1497 2134 1553 9.
2163 1493 2261 1550 Per
2283 1493 2424 1548 diem
2454 1487 2535 1545 sol
2562 1501 2671 1543 non
2699 1492 2822 1540 uret
2850 1490 2902 1538 le
2926 1498 2941 1537 :

2082 1588 2170 1642 10.
2200 1583 2386 1654 Neque
2413 1582 2539 1634 luna
2574 1593 2670 1648 per
2691 1583 2927 1631 noctem.

2083 1678 2171 1733 11.
2202 1675 2465 1730 Dominus
2487 1668 2723 1727 custodit
2749 1679 2801 1721 te
2829 1665 2897 1720 ab
2924 1662 3070 1719 omni
3101 1661 3277 1716 maio:

1936 1753 1981 1809 Β
2078 1768 2166 1823 12.
2193 1764 2478 1821 Custodiat
2504 1759 2743 1816 animam
2773 1765 2924 1810 tuam
2949 1752 3234 1808 Dominus.

417 1903 490 1972 (α)
520 1881 674 1956 Vers.
704 1900 760 1955 2.
780 1899 948 1954 Πόθεν
973 1898 1113 1969 ἥξει,
1142 1905 1246 1953 etc.
1276 1894 1434 1950 Vers.
1462 1893 1597 1948 ’5.’11
1619 1888 1859 1963 βοήθειά,
1876 1898 1915 1943 e1

2039 1885 2142 1957 τὴν
2171 1882 2297 1954 γῆν.

1455 2019 1831 2079 ATHANASII
1867 1987 2457 2074 mmnpnmx‘rm.

421 2171 487 2225 Ἡ
513 2168 846 2242 προκειμένη
870 2166 1145 2241 ἑπιγραφὴ
1169 2166 1430 2240 περιέχει·
1460 2163 1600 2236 ’ῼδὴ
1620 2162 1740 2218 τῶν
1756 2154 2158 2229 Ἀναὸαθμῶνο
2189 2151 2571 2225 ἐξομολόγησις
2598 2145 2674 2219 (1)
2700 2142 2810 2198 τῶν
2831 2140 3087 2196 ἀνιέντων
3113 2135 3221 2192 ἀπὸ
3239 2132 3334 2189 τοῦ
3363 2129 3578 2207 πρῶτον

335 2223 569 2333 βαθμοῦ⁸
588 2262 680 2316 ἐπὶ
710 2223 803 2316 τὸν
835 2223 1104 2332 δεύτερον,
1133 2223 1411 2313 ἰιιουίιὲσῖπξιν
1435 2223 1542 2311 ἀπὸ
1571 2223 1672 2326 τῆς
1712 2223 2148 2326 ἐξομολογησεως
2174 2223 2295 2304 τῶν
2321 2241 2605 2317 ἁμαρτιῶν
2646 2238 2763 2309 ἅμα
2789 2236 2981 2308 νήφειν
3007 2233 3073 2304 τῇ
3121 2230 3200 2302 (2)
3228 2227 3456 2298 διανοίᾳ,
3483 2223 3579 2277 καὶ

341 2354 437 2422 τὴν
467 2353 713 2426 βοήθειαν
739 2353 901 2408 αὐτοῦ
930 2352 1331 2422 ἐπιγινώσκειν,
1362 2352 1551 2422 ὅτιπερ
1579 2349 1727 2419 παρὰ
1748 2347 1882 2401 Θεοῦ
1907 2348 2075 2400 ἑστιν.
2290 2335 2292 2337 ’

413 2443 632 2499 Titulus
652 2444 973 2513 praepositus
1007 2443 1250 2497 continet
1284 2460 1298 2495 :
1329 2407 1607 2496 cam:ch
1639 2407 1951 2500 (iraduum;
1985 2429 2260 2489 confessio
2286 2422 2693 2483 ascendentium
2717 2433 2748 2473 a
2772 2416 2951 2487 primo
2979 2412 3148 2484 gradu
3173 2410 3229 2465 in
3256 2407 3575 2470 secundum,

336 2536 445 2591 hoc
472 2544 554 2590 est
591 2551 620 2589 a
648 2534 991 2590 c0nfessione
1016 2541 1362 2604 peccatorum
1388 2531 1457 2586 ad
1480 2530 1645 2586 simul
1673 2526 2043 2597 evigilandum
2076 2530 2279 2586 mente,
2313 2527 2368 2573 et
2390 2517 2458 2572 ad
2483 2508 2888 2587 agnoscendum
2916 2503 3178 2561 auxilium
3219 2514 3402 2567 suum,
3429 2497 3578 2569 quod

339 2646 373 2682 a
403 2628 513 2685 Deo
536 2636 641 2684 est.

413 2722 467 2776 1.
501 2721 771 2775 Ἀνέτεινα
824 2721 949 2784 τοὺς
995 2718 1304 2791 ὀφθαλμοὺς
1362 2717 1460 2787 τῆς
1511 2715 1749 2778 διανοίας
1803 2728 1906 2785 μου

338 2807 569 2871 ἀκοῦσαι
613 2813 763 2886 παρὰ
804 2812 911 2867 τῶν
952 2813 1122 2881 ἁγίων
1150 2810 1403 2883 Γραφῶν,
1438 2808 1601 2864 πόθεν
1633 2805 1910 2860 ἐλεύσεται

339 2909 377 2978 ἡ
400 2904 618 2979 βοήθειά
641 2922 762 2976 μου.

414 2997 469 3060 2,
508 2998 561 3050 3.
612 2996 721 3050 Καὶ
762 2996 967 3067 ἥκουσα
1007 2996 1064 3048 ἑν
1102 2994 1311 3057 αὐταῖς,
1348 2992 1429 3047 ὅτι
1475 2993 1510 3063 ἡ
1546 2988 1765 3063 βοήθειά
1812 3003 1912 3060 μου

339 3087 492 3159 παρὰ
524 3088 728 3159 Κυρίου
758 3086 939 3140 ἔσεται
967 3086 1042 3157 (5)
1070 3085 1165 3140 τοῦ
1194 3083 1524 3157 δημιουργοῦ
1558 3083 1774 3137 πάντων
1805 3077 1912 3133 τῶν
1939 3113 1980 3168 c

338 3181 553 3252 ὁρατῶν
587 3181 681 3233 καὶ⁵
710 3179 817 3231 τῶν
840 3179 1107 3250 ἀοράτων.

411 3272 466 3327 4.
504 3271 847 3342 Παραγγελεῖ
881 3271 956 3340 (ί)
980 3267 1125 3338 αύτῷ
1148 3267 1333 3321 λοιπὸν
1355 3267 1383 3319 6
1402 3264 1533 3328 Θεός
1551 3280 1566 3294 ο
1597 3260 1809 3333 Μηκέτι
1832 3259 1913 3324 εἰς

340 3365 433 3418 τὸν
450 3363 659 3416 ὄλισθον
675 3362 781 3415 τῶν
800 3361 962 3433 προτὲ
972 3378 1077 3432 ρων
1096 3376 1189 3413 σου
1207 3357 1611 3429 ἁμαρτημάτων
1627 3350 1911 3422 περιπάτει

342 3454 734 3529 [περιπατεῖν].
780 3453 979 3517 Σάλος
1023 3452 1129 3522 γὰρ
1165 3446 1491 3517 πειρασμὸς
1533 3442 1909 3516 ἑρμηνεύεται.

413 3548 466 3603 5.
500 3546 650 3619 Μηδὲ
678 3546 733 3598 δὲ
778 3542 1000 3616 ύπνώσῃ
1040 3544 1068 3595 6
1100 3540 1223 3604 νοῦς
1251 3554 1344 3593 σου
1373 3537 1467 3591 τοῦ
1496 3533 1681 3589 λοιποῦ
1708 3535 1787 3597 εἰς
1814 3531 1912 3603 τὴν

339 3638 635 3710 ἁμαρτίαν,
665 3634 800 3689 ἀλλὰ
849 3632 1211 3707 γρηγορείτω,
1252 3629 1348 3684 καὶ
1397 3624 1776 3700 προσευχέσθω
1816 3620 1909 3675 τοῦ

344 3731 422 3801 μὴ
448 3730 705 3798 ἐμπεσεῖν
733 3726 812 3790 εἰς
833 3722 1158 3795 πειρασμόν.

414 3800 469 3872 6.
496 3818 628 3872 Ἰδοὺ
675 3814 842 3888 [οὐδὲ]
899 3814 1156 3885 στιγμὴν,
1218 3809 1342 3863 οὐδὲ
1396 3805 1589 3879 χρόνον
1653 3800 1913 3876 παραλεί-

344 3929 440 3964 πει
472 3912 549 3982 (ες)
583 3914 611 3965 6
642 3910 774 3972 Θεὸς
815 3905 1046 3978 ἐφορῶν,
1085 3903 1179 3957 καὶ
1215 3901 1501 3972 φυλάσσων
1532 3897 1624 3951 τὸν
1657 3896 1782 3952 νοῦν
1821 3893 1912 3949 τὸν

340 4003 557 4073 ὁρῶντα
576 4001 756 4056 αὐτόν.
790 3996 1038 4067 Ἰσραὴλ
1057 3996 1164 4067 γὰρ
1189 3991 1545 4066 ἑρμηνεύεται
1566 3987 1720 4059 ὁρῶν
1743 3985 1909 4041 Θεόν.

418 4096 548 4163 7,8.
577 4095 780 4166 Κύριος
802 4094 866 4146 ἑκ
892 4089 1078 4156 δεξιῶν
1130 4087 1223 4141 σού
1273 4089 1420 4139 ἑστιν
1477 4080 1764 4151 φυλάσσων
1817 4076 1913 4132 καὶ

344 4187 566 4243 σκέπων
596 4185 669 4257 (6)
708 4186 787 4246 εἰς
810 4183 877 4236 τὰ
906 4181 1043 4250 ἔργα
1069 4175 1437 4245 δικαιοσύνης.

417 4283 470 4337 9.
514 4281 602 4333 Ἐν
626 4276 704 4349 τῷ
738 4276 874 4345 φωτὶ
899 4273 973 4328 ὢν
998 4274 1071 4346 (7)
1101 4269 1274 4344 [ὄντα]
1311 4271 1459 4321 πᾶσα
1484 4265 1660 4336 θέρμη
1685 4275 1913 4334 πειρασ-

346 4368 453 4438 μοῦ
480 4369 539 4422 ού
578 4368 800 4440 ξηρανεί
830 4380 891 4418 σε
911 4378 924 4393 ·
959 4363 1102 4433 ἔχεις
1149 4360 1256 4430 γὰρ
1285 4359 1341 4412 ἑν
1369 4357 1579 4417 ἑαυτοῖς
1608 4353 1706 4424 τὴν
1733 4349 1912 4421 πηγὴν

342 4461 445 4530 τῆς
470 4459 632 4531 ζωῆς.

420 4552 504 4605 10.
532 4550 665 4603 osse
716 4550 751 4621 ἡ
801 4545 984 4617 ἀπάτη
1014 4542 1107 4598 τοῦ
1138 4542 1255 4614 βίου
1287 4539 1474 4596 τούτου
1508 4539 1566 4590 ἑν
1620 4533 1700 4607 τῷ
1733 4531 1913 4587 σκότει

348 4640 626 4713 κυριεύσει
663 4656 777 4693 σου.

421 4733 509 4797 11,
545 4732 629 4786 12.
673 4732 759 4784 Ἐν
795 4733 860 4803 τῇ
890 4728 1072 4802 ἡμέρᾳ
1114 4726 1212 4797 τῆς
1254 4721 1485 4796 κρίσεως
1539 4719 1568 4772 6
1610 4716 1814 4788 Κύριος
1850 4714 1913 4769 οὐ

349 4821 648 4890 συγκαύσει
680 4837 772 4874 σε·
800 4821 861 4873 ού
905 4820 1015 4889 γὰρ
1048 4815 1263 4888 μέλλεις
1306 4811 1449 4883 ἔχειν
1488 4807 1713 4862 τοιαῦτα
1751 4803 1910 4873 ἔργα,

350 4914 470 4987 μέθ’
496 4908 568 4967 ὧν
589 4911 836 4980 ὠφείλεις
857 4908 935 4980 τῷ
962 4908 1093 4979 πυρὶ
1118 4901 1508 4975 παραδοθῆναι,
1534 4897 1704 4966 οὐδὲή
1740 4893 1911 4965 πρόσ-

346 5024 539 5078 καιρος
563 5005 688 5072 δόξα
714 5002 822 5057 τῶν
847 4999 1119 5072 ἀρχόντων
1143 4997 1236 5051 τοῦ
1276 4995 1481 5065 κόσμου
1515 4988 1703 5044 τούτου
1725 4988 1757 5056 ή
1791 4983 1911 5036 κατ’

346 5074 524 5166 ὀλίγον
557 5095 838 5165 φθίνουσα,
871 5090 1058 5161 ὥσπερ
1082 5090 1117 5159 ἡ
1159 5087 1353 5158 σελήνη
1374 5125 1389 5150 ,
1417 5074 1911 5138 καταδυναστεύσει

350 5203 446 5240 σου
487 5185 582 5256 (8).

1936 4445 1989 4504 D

2076 2708 2129 2763 1.
2186 2702 2393 2759 intendi
2427 2698 2615 2756 oculos
2645 2695 2843 2749 mentis
2885 2704 3021 2745 meae
3062 2686 3131 2741 ad
3180 2682 3508 2741 audiendum
3543 2696 3577 2735 ι

2006 2796 2209 2856 sanctis
2239 2789 2551 2862 Scripturis,
2587 2784 2730 2842 unde
2760 2782 2940 2837 veniet
2968 2779 3233 2835 auxilium
3258 2773 3418 2830 mihi.

2078 2970 2135 3035 ἓ,
2159 2970 2213 3025 5.
2248 2966 2316 3021 Et
2336 2981 2402 3021 ex
2432 2963 2565 3034 ipsis
2590 2958 2791 3023 audiri,
2814 2954 2959 3028 quod
2988 2952 3251 3009 auxilium
3270 2963 3451 3006 meum
3474 2947 3579 3003 erit

2014 3079 2045 3118 a
2073 3061 2309 3116 Domino
2340 3064 2585 3113 creatore
2628 3049 2925 3108 visibilium
2957 3044 3284 3114 omniumzet
3325 3038 3575 3094 invisibi-

2014 3156 2169 3211 lium.

2082 3246 2139 3299 4.
2172 3238 2524 3298 Denuntiabit
2550 3231 2745 3290 deinde
2771 3228 2874 3300 ipsi
2903 3226 3047 3284 Deus
3079 3222 3199 3279 :Ne
3227 3220 3464 3291 amplius
3491 3219 3576 3273 in-

2012 3336 2172 3393 cedas
2227 3334 2282 3388 in
2325 3329 2535 3385 lubrico
2582 3323 2919 3378 auterioru‘m
2960 3329 3178 3372 tuorum
3204 3320 3573 3384 peccatorum.

2012 3425 2166 3484 Sales
2191 3424 2334 3480 enim
2360 3420 2579 3476 tentatio
2607 3417 3012 3482 interpretatur.

2081 3518 2135 3573 5.
2169 3515 2353 3586 Neque
2382 3527 2537 3567 meus
2572 3518 2665 3563 tua
2695 3502 2934 3560 dormiat
2965 3501 3017 3553 in
3049 3505 3323 3568 posterum
3353 3492 3409 3547 in
3443 3503 3575 3563 pec-

2010 3617 2155 3672 cato,
2188 3607 2281 3662 sed
2308 3605 2513 3674 vigilet,
2539 3610 2593 3656 et
2619 3608 2755 3664 oret,
2786 3612 2853 3652 ne
2883 3593 3087 3649 incidat
3112 3591 3167 3645 in
3193 3587 3568 3643 teutationem.

2080 3701 2134 3756 6.
2170 3699 2309 3754 Ecce
2346 3710 2522 3765 neque
2551 3700 2831 3763 punctum,
2865 3699 3043 3754 neque
3073 3688 3402 3736 momentum
3436 3687 3576 3746 pra:-

2012 3794 2138 3849 terit
2170 3790 2334 3852 Deus,
2364 3788 2421 3840 in
2464 3799 2574 3854 quo
2625 3795 2734 3835 non
2772 3776 3017 3848 aspiciat,
3045 3780 3100 3827 et
3123 3767 3392 3825 custodiat
3417 3779 3572 3818 men-

2012 3894 2120 3941 tem
2147 3882 2416 3937 videntem
2447 3890 2592 3931 eum.
2623 3870 2796 3926 Israel
2825 3867 2970 3924 enim
2994 3865 3378 3932 interpretatur
3396 3855 3574 3910 videns

2010 3978 2200 4031 Deum.

2084 4064 2135 4132 7,
2163 4062 2217 4117 8.
2260 4057 2522 4115 Dominus
2558 4069 2591 4109 a
2631 4050 2838 4107 dextris
2860 4046 2970 4103 tuis
3009 4052 3093 4101 est
3138 4038 3486 4103 custodiens,
3519 4043 3576 4090 et

2009 4153 2375 4230 protegensin
2406 4162 2568 4219 opera
2589 4142 2835 4216 iustitiae.

2080 4251 2133 4306 9.
2163 4249 2220 4302 in
2249 4247 2368 4299 luce
2396 4246 2801 4312 permanentem
2842 4228 3021 4287 omnis
3062 4220 3377 4282 tentationis
3405 4226 3573 4274 astus

2015 4358 2126 4399 non
2163 4350 2215 4397 tc
2244 4345 2473 4401 exuret;
2501 4331 2687 4403 .habes
2722 4326 2869 4382 enim
2904 4324 2957 4378 in
2984 4320 3158 4390 teipso
3183 4316 3388 4371 fontem
3422 4312 3568 4367 vitae.

2084 4522 2166 4576 10.
2197 4517 2383 4587 Neque
2407 4512 2651 4582 deceptio
2671 4506 2837 4578 hujus
2874 4504 2997 4559 vitae
3039 4501 3097 4555 in
3130 4495 3368 4554 tenebris
3395 4493 3574 4550 domi-

2008 4615 2226 4669 nabitur
2253 4610 2369 4664 tibi.

2081 4707 2169 4770 11,
2203 4703 2289 4757 ιε.
2323 4702 2383 4754 1η
2417 4698 2505 4753 die
2531 4691 2723 4765 judicii
2750 4687 3018 4742 Dominus
3049 4696 3157 4736 non
3188 4688 3238 4734 te
3267 4675 3572 4733 comburet,

2011 4818 2120 4859 non
2147 4800 2291 4854 enim
2321 4795 2606 4850 habiturus
2636 4797 2719 4844 est
2741 4785 2866 4841 talia
2899 4795 3087 4852 opera,
3120 4774 3444 4847 quibuscum
3464 4764 3574 4834 igni

2017 4890 2312 4948 tradendus
2354 4885 2431 4940 sis
2469 4894 2644 4950 neque
2693 4871 3020 4946 temporaria
3063 4866 3230 4938 gloria
3270 4859 3574 4931 principum

2021 4981 2184 5051 hujus
2226 4973 2413 5030 mundi
2451 4943 2707 5042 paulatim
2734 4943 3012 5026 deiiciens,
3038 4958 3181 5013 sicut
3224 4951 3371 5005 luna.
3397 4943 3576 5003 domi-

2018 5073 2237 5129 nabitur
2266 5070 2321 5122 in
2355 5075 2426 5121 te.

1309 5264 1606 5326 Addenda
1638 5269 1699 5325 et
1738 5252 2111 5336 corrigenda
2141 5267 2222 5311 ex
2272 5245 2413 5308 cod.
2443 5242 2645 5303 Valic.

425 5380 498 5450 (1)
523 5379 587 5431 Ἥ
614 5376 699 5430 διὰ
735 5375 831 5450 τῆς
862 5371 1227 5450 κινναϐάρεως
1267 5365 1544 5450 περιέχει·
1598 5364 1672 5433 Ὠ.
1726 5378 1776 5413 τ.
1824 5359 1909 5412 Ἀ.

350 5439 493 5528 ὅπερ
525 5439 878 5528 ἑρμηνεύεται
908 5439 1308 5528 ἑξρμολργηισις,
1339 5446 1442 5487 etc.

426 5500 501 5590 (ξ)
533 5500 899 5587 ῨΤῆξπρώτης
928 5500 1361 5582 ἕξόμολογῆσεως
1380 5520 1431 5557 τ.
1457 5503 1512 5556 ἁ.
1535 5503 1761 5572 ἄρχεται
1784 5501 1913 5553 ἀνα-

351 5590 890 5797 νήῖἕῖἳὲἓέαῗρέιοη
923 5651 1117 5706 desunt
1149 5646 1258 5701 duo
1281 5640 1408 5694 τῶν.

450 5726 506 5797 4)
544 5721 933 5793 Παραγγέλλει,
960 5732 1087 5785 etc.,
1124 5712 1408 5785 περιπατήι

450 5712 506 5797 4)
544 5712 933 5793 Παραγγέλλὰ,
960 5732 1087 5785 etc.,
1124 5712 1523 5785 περιπατήσης,
1554 5717 1660 5764 etc.

2071 5351 2155 5431 $5)
2173 5347 2398 5431 ,Χρόνον
2422 5344 2483 5397 ού
2510 5338 2860 5412 παραλείπει,
2888 5327 3138 5395 ειοητῶν
3160 5321 3581 5396 ὁρώντωνβωιὸ

2008 5398 2456 5483 νοῦς’ὁρῶν,ειο.
2590 5398 2602 5412 ’
2682 5478 2692 5483 _
2810 5473 2821 5483 _
3121 5473 3136 5483 ⁸
3455 5433 3459 5438 .
3594 5398 3601 5403 ‘

2102 5473 2152 5553 δ)
2183 5473 2471 5541 ι1ουλάσσων
2492 5498 2578 5553 σε,
2608 5478 2706 5531 καὶ
2729 5473 2946 5553 σκέπων
2975 5473 3192 5545 cs,_etc.

2102 5494 2152 5553 6)
2183 5494 2471 5541 Φυλατσων
2497 5498 2578 5543 σε,
2608 5494 2706 5531 και
2729 5494 2946 5529 σκεπων
2975 5494 3055 5531 σε,
3087 5494 3125 5521 σε

2078 5494 2156 5631 ίἹ)
2185 5556 2325 5631 ςιξωτί
2350 5570 2445 5631 gon
2475 5552 2644 5631 ὄντος,
2680 5557 2808 5608 etc.,
2840 5544 2898 5596 ἐν
2926 5534 3125 5607 ἑαυτῷ.

2082 5618 2157 5701 (8)
2188 5618 2661 5681 Καταδυναστεύει
2684 5632 2799 5668 σου.
