3990 6208
461 321 597 375 1-235
1277 315 1333 368 S.
1373 313 1742 369 ATHANASII
1789 313 1938 369 OPP.
1977 315 2037 370 ΡΛ

2107 318 2157 368 ιδ
2199 315 2282 368 Ill.
2328 347 2394 356 —-
2432 313 2841 370 EXEGETICA.
3545 311 3683 364 £9.25

530 440 612 493 15.
649 453 904 492 "ominus
927 435 1193 492 custodiat
1222 433 1506 488 introitum
1535 443 1686 488 tuum
1721 443 1774 487 et
1803 434 2008 487 exitum
2039 440 2085 494 Α

2183 434 2266 487 15.
2301 433 2500 504 Κύριος
2527 433 2864 504 φυλάξοιτὴν
2892 435 3089 486 είσοδόν
3121 450 3211 486 σου
3253 433 3347 485 καὶ
3369 431 3465 501 τὴν
3504 429 3681 496 ἐξοδόν

455 541 630 594 tuum,
1789 559 1808 574 .
2119 544 2209 579 σου

529 623 612 676 11.
640 619 716 672 Ex
747 619 848 673 lioc
878 631 1021 672 nunc
1048 625 1100 670 et
1130 630 1300 684 usque
1329 616 1382 669 in
1419 623 1706 669 sazculum.

1705 655 1706 663 η
2188 621 2270 674 11.
2314 619 2445 672 Ἀπὸ
2470 618 2564 672 τοῦ
2589 618 2682 671 νῦν
2702 619 2796 670 καὶ
2815 618 2917 681 ἓως
2951 616 3043 669 τοῦ
3067 617 3281 680 αἰῶνος.

716 733 989 788 Canticum
1017 731 1294 798 graduum.
1323 730 1521 786 PSAL.
1553 730 1760 787 CXXI.

2348 731 2486 803 ’.ρδὴ
2512 731 2630 786 τῶν
2666 730 3050 800 Ἄναϐαθμῶν.
3083 733 3255 785 ΨΑΛ.
3286 733 3458 784 PKA'.

531 830 580 881 1.
610 834 843 881 laetatus
869 840 988 878 sum
1022 823 1076 876 in
1104 824 1188 878 his
1215 839 1335 892 qua:
1363 824 1506 878 dicta
1537 832 1664 879 sunt
1699 825 1866 879 milii:

1817 825 1866 879 i:
2192 828 2239 882 1.
2275 827 2350 894 (a)
2391 824 2714 898 Εὑφράνθην
2745 826 2835 878 ἐπὶ
2863 829 2974 888 τοῖς
2998 824 3243 896 εἱρηκόσι
3269 841 3357 893 μοι
3381 839 3393 850 '

526 919 580 971 2.
611 917 666 971 In
700 916 916 968 domum
946 914 1154 968 Domini
1179 916 1402 969 ibimus.

2189 919 2242 972 2.
2271 920 2362 981 Εἰς
2397 916 2542 971 οἷκον
2569 918 2774 989 Κυρίου
2801 916 3199 988 πορευσόμεθα.

529 1011 582 1065 5.
611 1010 826 1063 Stantes
855 1017 1008 1062 erant
1035 1008 1194 1077 pedes
1228 1010 1398 1062 nostri
1436 1007 1490 1062 in
1522 1008 1674 1063 atriis
1705 1009 1834 1074 tuis,
1861 1008 2018 1066 Jeru-

2193 1010 2245 1063 3.
2283 1009 2544 1070 Ἐστῶτες
2569 1004 2708 1079 ἦσαν
2742 1010 2789 1060 οἱ
2830 1007 2989 1069 πόδες
3043 1006 3199 1077 ἡμῶν
3234 1009 3291 1062 ἐν
3329 1007 3449 1068 ταῖς
3490 1004 3677 1065 αὐλαῖς

457 1103 622 1156 salem
655 1121 668 1154 :

2126 1116 2238 1164 σου,
2270 1101 2624 1172 Ἰερουσαλήμ
2645 1100 2739 1171 (b).

523 1193 575 1246 ι.
608 1191 903 1247 Jerusalem
933 1206 1052 1260 qua:
1074 1189 1367 1244 aediﬁcatur
1398 1199 1456 1244 ut
1479 1191 1698 1257 civitas;

2192 1191 2242 1244 4.
2293 1191 2642 1261 Ἰερουσαλὴμ
2665 1191 3088 1262 οἰκοδομουμένη
3125 1189 3200 1252 ὡς
3231 1189 3382 1251 πόλις

526 1284 579 1336 5.
606 1283 774 1352 Cujus
801 1283 1141 1353 participatio
1164 1284 1280 1352 ejus
1302 1284 1356 1338 in
1391 1283 1648 1352 idipsum.

2195 1280 2244 1335 ὅ.
2277 1277 2436 1350 τΗςή
2465 1281 2662 1352 μετοχὴ
2690 1281 2856 1350 αὐτῆς
2878 1281 2970 1333 ἐπὶ
2990 1279 3050 1332 τὸ
3080 1279 3227 1332 αὐτό.

527 1374 580 1428 6.
615 1374 746 1428 Illuc
771 1375 914 1428 enim
951 1374 1309 1428 ascenderunt
1337 1374 1530 1436 tribus,

2191 1371 2242 1426 6.
2288 1373 2431 1424 Ἐκεῖ
2457 1371 2564 1443 γάρ
2590 1372 2860 1442 ἀνέϐησαν
2893 1373 2947 1425 αἱ
2976 1369 3158 1438 φυλαὶ,

528 1463 580 1518 7.
611 1461 807 1516 Tribus
831 1461 1065 1524 Domini,
1090 1461 1458 1515 testimonium
1483 1459 1670 1524 Israel,

2195 1465 2243 1518 7.
2281 1465 2446 1517 Φυλαὶ
2468 1465 2696 1535 Κυρίου,
2739 1462 3036 1534 μαρτύριον
3073 1460 3167 1515 τοῦ
3203 1459 3432 1532 Ἰσραὴλ,

528 1551 582 1608 8.
616 1551 696 1606 Ad
735 1553 1098 1606 conﬁtendum
1137 1550 1344 1604 nomini
1389 1549 1602 1604 Domini
1638 1547 1870 1621 [nomini
1901 1556 2014 1612 tuo,

2191 1552 2242 1606 8.
2275 1552 2380 1605 Τοῦ
2409 1551 2902 1623 ἐξομολογήσασθαι
2925 1549 3002 1618 τῷ
3030 1549 3250 1617 ὀνόματι
3291 1547 3495 1618 Κυρίου
3530 1545 3682 1617 [ὀνό-

459 1644 726 1717 Domine].

2126 1643 2253 1714 ματί
2283 1661 2396 1712 σου,
2432 1642 2601 1714 Κύριε

526 1736 577 1790 9.
609 1735 744 1802 Quia
776 1737 884 1791 illic
923 1737 1178 1792 sederunt
1207 1736 1362 1791 sedes
1395 1735 1448 1789 in
1471 1733 1703 1804 judicio,
2050 1730 2092 1784 Β

2050 1730 2092 1784 Β
2189 1732 2240 1786 9.
2281 1733 2402 1785 Ὅτι
2430 1733 2547 1786 ἐκεῖ
2567 1733 2828 1787 ἐκάθισαν
2861 1731 3036 1804 θρόνοι
3063 1733 3143 1794 εἰς
3175 1731 3375 1802 κρίσιν,

527 1835 602 1900 (a)
633 1833 787 1888 Vers.
818 1835 842 1888 1
875 1843 927 1888 et
962 1834 1015 1887 2.
1044 1832 1196 1886 Vers.
1231 1848 1393 1885 unus.

527 1894 597 1974 (a)
643 1905 745 1957 Ἐν
779 1904 904 1970 ταῖς
924 1903 1137 1968 αὐλαῖς
1165 1919 1279 1956 σου
1327 1899 1737 1968 Ἰερουσαλήμ.
1774 1897 1898 1952 Haec
1926 1895 2085 1952 verba

1536 1899 1737 1968 γαλήμ.
1774 1897 1898 1952 Haec
1926 1895 2085 1952 verba
2125 1895 2308 1950 addita
2345 1903 2472 1949 sunt
2503 1895 2556 1949 in
2582 1894 2704 1950 cod.
2736 1895 2843 1950 alio
2872 1894 3112 1950 charact.

1578 2013 1946 2070 ATHANASH
1987 2011 2574 2067 INTERPRETATIO.

526 2133 612 2185 15.
642 2131 904 2183 Dominus
935 2129 1204 2184 custodiat
1231 2128 1471 2181 auditum
1506 2135 1680 2188 tuum,
1712 2142 1779 2180 ne
1801 2126 2017 2181 auscul-

2195 2124 2278 2178 15.
2318 2124 2375 2176 '0
2405 2123 2605 2193 Κύριος
2636 2121 2858 2190 φυλάξοι
2883 2121 2979 2193 τὴν
3003 2124 3169 2195 ἀκοήν
3200 2139 3293 2175 σου
3324 2121 3416 2175 τοῦ
3444 2122 3517 2192 μὴ
3541 2124 3689 2176 ὑπα-

455 2233 536 2278 tcs
568 2232 810 2292 peccato,
834 2231 888 2273 et
927 2236 1021 2274 cor
1055 2229 1231 2285 tuum,
1261 2235 1328 2274 ne
1367 2219 1564 2273 educat
1591 2233 1784 2288 pravas
1813 2226 1866 2271 et
1895 2233 2017 2287 per-

2123 2215 2313 2268 κοῦσαι
2371 2217 2436 2284 τῇ
2477 2215 2554 2284 (Ι)
2606 2216 2869 2285 ἁμαρτίᾳ,
2925 2216 3016 2268 καὶ
3061 2216 3156 2285 τὴν
3204 2214 3428 2286 καρδίαν
3475 2213 3571 2267 τοῦ
3613 2234 3688 2285 μη

458 2313 691 2366 niciosas
725 2311 1063 2379 cupiditates.

2121 2305 2408 2374 ἐξαγαγεῖν
2442 2306 2709 2376 πονηροὺς
2742 2306 2836 2358 καὶ
2868 2305 3157 2375 ἐπιθυμίας
3188 2305 3474 2376 βλαϐεράς.

529 2403 611 2456 ll.
649 2401 727 2455 Ex
765 2402 866 2454 hoc
894 2416 1038 2454 nunc
1062 2409 1115 2454 et
1145 2414 1318 2469 usque
1348 2399 1403 2452 in
1440 2399 1615 2453 linem.

2194 2397 2279 2450 14.
2323 2398 2453 2450 ’Λπὸ
2483 2397 2576 2450 τοῦ
2602 2398 2696 2450 νῦν
2730 2399 2822 2451 καὶ
2842 2398 2946 2461 ἔως
2978 2399 3075 2469 τῆς
3099 2399 3174 2470 (2)
3202 2399 3527 2461 συντελείας.

535 2495 600 2548 Ἦ
631 2493 962 2565 προκειμένη
990 2491 1264 2563 ἐπιγραφὴ
1288 2491 1527 2564 περιέχει
1561 2492 1634 2561 (5)
1661 2509 1674 2520 ·
1725 2489 1860 2560 ’ῼδὴ
1884 2489 2001 2543 τῶν
2037 2489 2438 2560 Ἀναϐαθμῶν,
2474 2493 2609 2561 ὅπερ
2637 2492 2991 2563 ἑρμηνεύεται
3013 2493 3392 2564 ἐξομολόγησις
3420 2493 3528 2545 τῶν
3583 2495 3689 2547 ἀπὸ

451 2589 547 2645 τοῦ
587 2587 801 2660 πρώτου
834 2587 1040 2657 βαθμοῦ
1070 2588 1167 2657 τῆς
1203 2587 1321 2640 καθ’
1354 2587 1542 2639 ἐαυτὸν
1570 2585 2028 2656 ἐξομολογήσεως,
2059 2585 2154 2638 καὶ
2179 2585 2273 2638 τοῦ
2305 2587 2557 2657 δευτέρου
2590 2587 2796 2659 βαθμοῦ
2826 2589 2922 2657 τῆς
2953 2589 3305 2660 κατηχήσεως
3332 2589 3594 2641 ἀνιέντων
3612 2589 3683 2659 (4)

455 2686 548 2738 ἐπὶ
571 2685 662 2738 τὸν
687 2684 866 2756 τρίτον
890 2682 1094 2754 βαθμὸν
1122 2689 1215 2735 τοῦ
1261 2681 1578 2746 σπουδάζειν
1623 2681 1808 2735 λοιπὸν
1854 2680 2026 2734 ἐλθεῖν
2054 2681 2148 2734 ἐπὶ
2193 2681 2284 2735 τὸν
2313 2676 2460 2735 οἷκον
2491 2683 2584 2735 τοῦ
2613 2683 2770 2746 Θεοῦ,
2802 2685 2893 2736 καὶ
2922 2687 3034 2746 τοῖς
3085 2683 3285 2755 ἱερεῦσι
3318 2683 3410 2736 τοῦ
3445 2683 3582 2736 Θεοῦ
3611 2684 3688 2752 (5)

453 2774 905 2846 ἐξομολογεῖσθαι,
937 2776 1028 2827 καὶ
1061 2776 1188 2844 παρ’
1229 2775 1405 2854 αῦτῶν
1434 2775 1664 2828 ἀκοῦσαι
1696 2774 1786 2827 τὸν
1814 2773 1970 2842 λόγον
2004 2773 2095 2826 τοῦ
2121 2775 2254 2828 Θεοῦ
2283 2775 2528 2840 θέλοντες
2563 2777 2918 2847 φωτισθῆναι.

530 2869 742 2924 Titulus
775 2870 1090 2938 praepositus
1123 2871 1396 2924 continet:
1429 2870 1708 2925 Canticum
1739 2869 2033 2935 Graduum,
2083 2873 2227 2942 quod
2275 2873 2660 2943 interpretatur
2710 2874 2964 2942 confessio
2995 2875 3380 2928 ascendentium
3423 2889 3455 2928 a
3508 2875 3688 2944 primo

451 2965 621 3032 gradu
650 2964 870 3017 internae
898 2962 1280 3027 confessionis,
1312 2974 1366 3018 et
1399 2980 1428 3018 a
1459 2965 1700 3020 secundo
1731 2966 1898 3036 gradu
1947 2965 2313 3022 institutionis
2353 2983 2448 3023 seu
2480 2969 2796 3023 catechismi
2834 2970 2887 3022 in
2915 2969 3136 3023 tertium
3168 2969 3395 3038 gradum
3426 2955 3684 3023 desiderii

454 3060 703 3114 veniendi
731 3060 946 3116 demum
977 3062 1030 3116 in
1065 3061 1288 3115 domum
1327 3061 1418 3115 Dei
1449 3070 1505 3117 et
1551 3063 1846 3118 conﬁtendi
1871 3063 1967 3118 Dei
2007 3064 2407 3129 sacerdotibus,
2435 3073 2489 3120 et
2537 3066 2607 3121 ab
2652 3067 2784 3137 ipsis
2817 3065 3005 3120 audire
3032 3065 3258 3119 verbum
3288 3062 3404 3125 Dei.
3439 3064 3689 3119 volentes

455 3148 743 3202 illuminari
777 3151 992 3221 (nempe
1027 3149 1342 3221 baptizari).

533 3261 578 3325 1,
602 3261 656 3316 2.
691 3259 948 3330 lmpletus
978 3275 1097 3314 sum
1147 3259 1344 3329 gaudio
1395 3255 1622 3311 audiens
1675 3257 1744 3309 ab
1789 3255 1879 3319 iis,
1925 3242 2090 3326 qniC

2193 3239 2246 3303 1,
2293 3240 2346 3293 2.
2387 3240 2740 3314 Ἐπληρὼθην
2777 3247 2950 3317 χαρᾶς
2991 3246 3068 3316 (6)
3096 3249 3335 3312 ἀκούσας
3381 3250 3535 3320 παρὰ
3580 3251 3685 3303 τῶν

454 3354 586 3408 milii
611 3354 838 3410 consilio
866 3353 1087 3407 aderant
1121 3369 1134 3405 :
1171 3352 1443 3405 Adeamus
1474 3349 1773 3404 Ecclesiam
1795 3347 1912 3403 Dei.

2123 3331 2595 3401 συμϐουλευόντων
2627 3353 2716 3404 μοι
2737 3352 2748 3364 ·
2781 3338 2874 3400 Εἰς
2892 3338 2989 3408 τὴν
3031 3339 3352 3411 Ἐκκλησίαν
3369 3341 3503 3394 Θεοῦ
3523 3343 3683 3396 ἁπέλ-

2121 3421 2327 3475 θοιιιεν.

2154 3441 2327 3494 οιμεν.

521 3531 576 3585 '5.
605 3527 806 3585 Deinde
830 3529 1136 3600 ingrediens
1159 3529 1402 3600 loquitur
1427 3527 1493 3581 ad
1514 3527 1755 3598 seipsum
1781 3545 1796 3582 :
1819 3527 2021 3582 Ascen-

2189 3515 2242 3571 5.
2273 3512 2407 3571 Εἶτα
2435 3519 2689 3572 εἰσελθὼν
2718 3523 3068 3594 ἀποκρίνεται
3085 3523 3221 3594 πρὸς
3248 3525 3407 3578 αὐτόν
3426 3523 3682 3596 [ἐαυτόν]“

453 3622 648 3678 derunt
688 3620 850 3690 pedes
883 3620 988 3674 mei
1029 3621 1082 3673 in
1127 3620 1264 3673 atria
1295 3631 1408 3685 tua,
1443 3617 1534 3672 ubi
1571 3616 1806 3688 Spiritus
1836 3617 2022 3688 gratiae

2133 3607 2434 3681 Ἐπέὃησαν
2472 3613 2520 3664 οί
2551 3613 2710 3674 πόδες
2736 3633 2834 3685 μου
2872 3618 2926 3667 ὲν
2962 3618 3076 3678 ταῖς
3108 3617 3297 3680 αὐλαῖς
3325 3635 3438 3681 σου,
3475 3618 3602 3670 ἔνθα
3628 3619 3683 3670 τὸ

452 3712 666 3766 Domini
710 3723 834 3766 est:
867 3711 939 3765 ita
974 3712 1116 3764 enim
1138 3708 1436 3764 Jerusalem
1475 3709 1859 3778 interpretatur
1894 3707 2018 3778 Spi-

2120 3703 2344 3774 Πνεῦμα
2374 3705 2468 3774 τῆς
2493 3707 2712 3778 χάριτος
2735 3708 2826 3760 τοῦ
2860 3710 3060 3780 Κυρίου
3089 3710 3236 3763 ἐστί’
3269 3709 3425 3763 τοῦτο
3463 3711 3569 3782 γὰρ
3599 3712 3676 3782 ἐρ-

453 3805 587 3857 ritus
613 3803 799 3873 gratia:
822 3803 954 3872 ejus.

2123 3795 2412 3863 μηνεύεται
2444 3797 2848 3868 Ἰερουσαλὴμ,
2881 3801 3119 3870 Πνεῦμα
3151 3802 3335 3856 αὑτοῦ
3375 3803 3637 3872 χάριτος.

520 3894 575 3950 4.
601 3894 842 3950 Ecclesia
869 3894 959 3948 Dei
985 3893 1244 3948 aediﬁcata
1266 3901 1321 3948 et
1351 3894 1561 3952 munita
1585 3893 1766 3947 divina
1801 3892 1974 3964 gratia
2000 3909 2014 3946 :

2189 3885 2243 3942 4.
2291 3887 2355 3939 Ἡ
2396 3888 2688 3959 Ἐκκλησία
2717 3890 2810 3944 τοῦ
2839 3891 2972 3944 Θεοῦ
3005 3893 3425 3964 οἰκοδομουμένη
3451 3897 3545 3948 καὶ
3577 3912 3680 3947 τει-

453 3985 629 4043 Porta:
646 3991 782 4041 enim
819 3988 975 4056 inferi
1003 4003 1104 4040 non
1133 3986 1482 4056 prwvalebunt
1509 3987 1757 4040 adversus
1783 4001 1904 4040 eam
1939 3986 2013 4041 ⁷³.

2119 3975 2376 4050 χιζομένη
2430 3979 2533 4032 ὑπὸ
2561 3981 2656 4051 τῆς
2683 3982 2924 4054 ζχάριτος
2955 3983 3047 4036 τοῦ
3105 3985 3238 4038 Θεοῦ
3263 4003 3278 4016 ο
3331 3987 3529 4040 Πύλαι
3575 3988 3681 4056 τὰρ

2119 4070 2265 4136 ᾅδου
2295 4075 2366 4125 οὐ
2395 4075 2874 4141 κατισχύσουσιν
2894 4076 3104 4144 αὐτῆς.

523 4165 578 4219 5.
607 4163 774 4234 Cujus
807 4166 992 4234 gratiae
1022 4166 1192 4220 sancti
1221 4165 1296 4218 tui
1326 4166 1613 4236 participes
1643 4176 1771 4220 sunt
1802 4175 1856 4222 et
1889 4181 2010 4237 ego.

2191 4161 2242 4216 5.
2270 4163 2380 4233 Τῆς
2431 4164 2649 4236 χάριτος
2687 4167 2739 4219 οἱ
2801 4168 2945 4236 ἆγιοί
2998 4185 3092 4221 σου
3127 4171 3460 4242 μετέχουσιν,
3487 4169 3554 4245 ἦς
3592 4178 3678 4231 καὶ

2118 4253 2280 4305 αὑτός
2315 4253 2409 4305 (Ἠ.

516 4336 569 4400 6,
601 4337 651 4392 7.
687 4338 767 4391 Ad
808 4339 978 4407 ipsam
1009 4341 1152 4393 enim
1183 4340 1545 4394 ascenderunt
1589 4341 1846 4409 apostoli,
1880 4356 2014 4410 apo-

2118 4253 2280 4316 αὑτός
2336 4255 2364 4305 7
2397 4290 2409 4305 .

2188 4345 2240 4410 6,
2279 4255 2332 4398 7f
2370 4253 2447 4418 i8)
2487 4348 2574 4400 Ἐν
2603 4350 2740 4420 αὐτῇ
2776 4351 2882 4422 γὰρ
2914 4351 3184 4422 ἀνέϐησαν
3218 4356 3265 4408 οί
3295 4355 3605 4422 ἀπόστολοι,
3634 4361 3679 4412 οί

451 4425 575 4478 stoli
595 4425 802 4478 Domini
827 4436 1008 4493 testes,
1037 4430 1128 4498 qui
1158 4430 1406 4482 viderunt
1433 4429 1635 4484 Deum:
1665 4429 1842 4484 Israel
1866 4433 2011 4486 enim

2116 4434 2400 4488 ἀπόστολοι
2438 4437 2640 4509 Κυρίου
2673 4439 2723 4491 ot
2777 4439 3087 4512 μάρτυρες,
3140 4443 3190 4496 οἱ
3239 4445 3545 4514 ἑωρακότες
3593 4447 3679 4499 τὸν

449 4515 856 4585 interpretatur,
885 4527 943 4571 ut
966 4531 1122 4573 antea
1155 4520 1286 4585 dixi,
1319 4521 1494 4574 videns
1525 4521 1718 4575 Deum.

2117 4524 2250 4578 Θεόν
2275 4542 2290 4555 ·
2324 4526 2563 4596 Ἰσραὴλ
2593 4528 2699 4601 γὰρ
2720 4530 3100 4603 ἑρμηνεύεται,
3129 4534 3205 4598 ὡς
3222 4539 3503 4607 προεῖπον,
3531 4539 3677 4606 ὀρῶν

2121 4619 2289 4671 Θεόν.

521 4693 575 4746 8.
599 4691 678 4745 Ad
711 4693 1106 4760 praedicandum
1141 4697 1194 4749 in
1226 4699 1443 4754 nomine
1476 4698 1686 4754 Domum
1718 4701 2003 4757 remissio-

2121 4620 2289 4672 Θεόν.

2187 4708 2240 4762 8.
2268 4709 2375 4764 Τοῦ
2431 4711 2664 4782 κηρύξαι
2716 4714 2810 4768 ἐπὶ
2855 4715 2934 4785 τῷ
2961 4715 3181 4788 ὀνόματι
3215 4718 3311 4772 τοῦ
3365 4721 3574 4789 Κυρίου
3604 4722 3675 4790 (9)

449 4797 573 4837 nem
609 4794 968 4853 peccatorum.

2115 4799 2306 4868 ἄφεσιν
2337 4803 2637 4872 ἁμαρτιῶν.

518 4875 572 4929 9.
599 4875 736 4942 Quia
761 4879 810 4931 in
841 4878 1077 4934 Ecclesia
1099 4880 1354 4936 sederunt
1375 4876 1602 4951 apostoli
1632 4900 1755 4938 cum
1787 4901 2005 4955 episco-

2185 4892 2235 4945 9.
2274 4893 2391 4947 Ὀτι
2416 4896 2472 4946 ἐν
2499 4898 2562 4967 τῇ
2597 4895 2890 4968 Ἐκκλησία
2913 4899 3168 4953 ἐκάθισαν
3193 4901 3242 4953 oi
3268 4901 3558 4956 ἀπόστολοι
3586 4907 3676 4959 σὺν

437 4964 535 5033 pis
556 4974 609 5018 et
633 4966 979 5036 presbyteris.

2111 4984 2428 5047 ἐπισκόποις
2455 4964 2560 5038 καὶ⁷
2578 4964 2999 5060 πρεσϐυτέροις..

521 5077 567 5109 ⁷³
587 5077 778 5134 Matth.
806 5097 916 5146 XVI,
953 5081 1037 5136 18.

1388 5179 1696 5242 Addenda
1743 5189 1803 5243 et
1831 5185 2202 5266 corrigenda
2235 5208 2312 5251 ex
2345 5191 2486 5253 cod.
2523 5194 2723 5255 Vatic.

439 5269 1232 5411 Rogliﬁégtrﬁofggﬁﬁitend.
1274 5294 1325 5331 σ.
1353 5295 1404 5332 τ.
1442 5297 1500 5350 μ.
1528 5282 1838 5349 ὑπακούειν,
1866 5297 1992 5354 etc.,
2098 5293 2390 5411 αὐξὲτῆς
2415 5294 2583 5366 αὐτῆς
2603 5296 2820 5366 χάριτος
2849 5301 2896 5352 oi
2926 5299 3072 5369 ἀγιοί
3106 5317 3198 5354 σου
3225 5303 3547 5374 μετέχουσιν
3581 5305 3672 5357 καὶ

514 5361 733 5411 natura;
762 5361 1048 5414 πονηρους,
1073 5361 1177 5400 etc.

514 5409 590 5506 $22
628 5408 1314 5506 tria:
1484 5488 1497 5506 .

2098 5379 2335 5506 Ttgol‘i.
2457 5433 2710 5506 Ἐν,αὐτῇ
2742 5437 2850 5506 γάρ
2882 5440 3016 5492 εἰσιν
3067 5443 3115 5494 oi
3160 5441 3473 5499 ἀπόστολοι.
3516 5445 3584 5498 Ν.
3615 5443 3662 5498 7.

515 5479 590 5548 (3)
637 5479 700 5530 'H
721 5481 808 5532 διὰ
827 5483 922 5551 τῆς
951 5484 1316 5556 κινναὸἁρεως
1343 5488 1609 5558 περιέχει.

620 5549 918 5628 ζᾼνιόντων.

2096 5503 2155 5552 Οί
2180 5479 2463 5556 ἀπόστολοι
2501 5506 2592 5558 τοῦ
2624 5479 2849 5576 Κῦρίοῦ,
2890 5519 2992 5564 etc.
3025 5514 3306 5583 προεῖπον,
3365 5479 3473 5569 καὶ.

2094 5569 2263 5628 λέγω·
2296 5575 2430 5628 ἀνὴρ
2455 5577 2596 5628 ὁρῶν
2626 5577 2776 5628 Θεὸν.

803 5590 918 5604 “”’⁹
2094 5590 2234 5635 Αεγω
2252 5590 2263 5600 “
2296 5590 2379 5627 αν·
2403 5591 2430 5642 ρ
2455 5593 2596 5647 ορων
2626 5590 2776 5629 θεον.

539 5681 592 5720 ..ι
2162 5641 2234 5704 (θ)
2275 5593 2528 5715 ’ωνὲματε
2716 5646 2908 5720 Κύριε,

533 5681 592 5752 β)
618 5681 808 5754 Χαρᾶς
827 5688 1170 5764 ἐπληρώθην,
1195 5704 1298 5751 etc.
1323 5696 1413 5750 τοῦ
1438 5696 1571 5752 Θεοῦ
1598 5699 1767 5754 anno
1779 5704 1877 5756 εῖν.
