3990 6208
304 329 438 387 139.5

368 446 452 501 10.
482 444 778 518 Θρὸνοιὲπὶ
813 440 956 500 οἷκον
994 443 1173 498 Δαϐίδ.

369 538 455 593 11.
494 539 829 610 Ἐρωτήσατε
848 537 910 608 δὴ
929 537 997 590 τὰ
1022 537 1099 599 εἰς
1116 537 1334 606 εἰρήνην
1355 535 1451 606 τὴν
1479 532 1846 605 Ἰερουσαλὴμ,

368 630 451 685 12.
487 630 596 685 Καὶ
620 630 841 702 εύθηνια
870 631 979 693 τοῖς
1007 626 1261 696 ἀγαπῶσί
1282 643 1359 680 σε.

366 719 453 774 15.
484 719 723 773 Γενέσθω
743 719 807 790 δὴ
830 720 1017 791 εἰρήνη
1036 719 1093 771 ὲν
1108 721 1174 788 τῇ
1202 717 1429 787 δυνάμει
1454 734 1568 779 σου,

366 810 453 863 14.
481 811 587 862 Καὶ
614 810 834 879 εὐθηνία
867 811 922 861 ὲν
944 812 1060 871 ταῖς
1094 805 1463 878 πυργοϐἀρεσί
1501 823 1614 859 σου.

367 900 454 955 15.
482 900 683 953 Ἕνεκα
706 899 811 952 τῶν
832 898 1074 968 ἀδελφῶν
1096 915 1197 970 μου
1225 899 1317 950 καὶ
1344 896 1451 949 τῶν
1486 895 1707 968 πλησίον
1726 913 1847 967 μου,

367 990 451 1045 16.
489 989 736 1044 Ἑλάλουν
766 988 829 1060 δὴ
862 991 1051 1061 εἰρήνη
1076 985 1370 1060 [εἰρήνην]
1408 990 1535 1058 περὶ
1570 986 1682 1040 σοῦ.

366 1080 453 1134 17.
489 1081 688 1133 Ἕνεκα
725 1080 817 1133 τοῦ
855 1080 1002 1133 οἴκου
1031 1080 1232 1151 Κυρίου
1268 1078 1358 1132 τοῦ
1396 1078 1530 1131 Θεοῦ
1564 1077 1721 1149 ήμῶν
1766 1076 1849 1142 ὲξ‹

300 1169 533 1241 εζήτησα
557 1170 734 1237 ἀγαθά
759 1187 860 1223 σοι.

507 1258 643 1329 ’ῼδὴ
676 1256 795 1311 τῶν
838 1256 1220 1327 Ἄναϐαθμῶν.
1258 1261 1429 1313 ΨΑΛ.
1457 1261 1630 1315 PKB'.

368 1348 419 1403 1.
457 1350 600 1420 Πρὸς
634 1351 692 1403 σὲ
723 1345 831 1423 ἦρα
863 1351 986 1412 τοὺς
1011 1349 1316 1421 ὀφθαλμούς
1349 1367 1473 1421 μου,

366 1441 420 1495 2.
450 1440 550 1495 Τὸν
583 1441 933 1495 κατοικοῦντα
962 1442 1019 1495 ἐν
1047 1442 1124 1512 τῷ
1143 1442 1373 1513 οὐρανῷ.

367 1532 420 1587 '5.
464 1534 592 1588 Ἰδοὺ
621 1535 696 1598 ὡς
723 1533 986 1605 ὀφθαλμοὶ
1012 1532 1209 1587 δούλων
1260 1534 1340 1598 εἰς
1385 1534 1576 1607 χεῖρας
1617 1533 1723 1589 τῶν
1758 1550 1856 1589 κυ-

270 1652 275 1655 -
304 1621 430 1692 ρίων
451 1624 645 1677 αὐτῶν·

1136 324 1224 379 DE
1260 319 1537 379 TITULIS
1573 315 2014 376 PSALMORURI.
2055 345 2125 357 —-
2163 312 2360 370 PSAL.
2404 308 2612 369 CXXII.

1874 441 1919 496 Α
2013 434 2101 489 10.
2135 432 2299 488 Sedes
2326 445 2490 501 super
2512 429 2734 484 domum
2761 424 2952 481 David.

2016 527 2103 581 11.
2138 525 2341 597 Regale
2363 538 2483 594 quae
2507 522 2574 576 ad
2601 535 2784 591 pacem
2820 528 2947 574 sunt
2978 514 3299 580 Jerusalem,

2018 614 2111 670 12.
2140 616 2202 669 Et
2230 613 2559 670 abundantia
2593 609 2942 682 diligentibus
2970 617 3043 663 te.

2026 707 2111 761 15.
2140 706 2256 760 Fiat
2285 721 2389 774 pax
2412 704 2463 757 in
2497 704 2692 757 virtute
2725 710 2837 768 tua,

2019 797 2105 852 14.
2139 797 2201 851 Ει
2229 795 2556 851 abundantia
2592 796 2644 849 in
2671 794 2912 849 turribus
2940 792 3068 846 tuis.

2018 889 2103 945 15.
2140 888 2364 959 Propter
2394 886 2588 943 fratres
2620 902 2771 942 meos
2796 895 2848 941 et
2879 884 3157 956 proximos
3185 895 3358 941 meos.

2020 979 2106 1034 16.
2142 979 2426 1051 Loquebar
2452 994 2635 1050 pacem
2660 979 2726 1033 de
2751 986 2822 1031 te.

2021 1072 2106 1126 17.
2140 1069 2367 1141 Propter
2418 1072 2639 1126 domum
2681 1067 2897 1124 Domini
2930 1066 3024 1122 Dei
3067 1065 3263 1132 nostri,
3290 1063 3514 1135 quaesivi

1950 1161 2093 1216 bona
2122 1160 2239 1216 tibi.

2194 1265 2467 1323 Canticum
2503 1265 2794 1321 Graduum.
2830 1260 3031 1319 PSAL.
3066 1259 3302 1317 CXXII.

2025 1360 2072 1414 1.
2106 1357 2186 1413 Ad
2215 1368 2267 1413 te
2294 1358 2464 1412 levavi
2496 1358 2684 1412 oculos
2714 1371 2884 1421 meos,

2023 1447 2075 1503 2.
2108 1445 2208 1513 Qui
2240 1447 2450 1502 habitas
2484 1447 2538 1501 in
2562 1447 2738 1502 cmlis:

2027 1537 2080 1593 5.
2115 1536 2250 1592 Ecce
2296 1538 2438 1593 sicut
2465 1539 2609 1593 oculi
2641 1551 2921 1595 servorum
2963 1536 3018 1590 in
3062 1534 3311 1589 manibus
3335 1533 3513 1588 domi-

1961 1644 2154 1685 norum
2176 1643 2398 1685 ευοηιιιι

1428 1791 1796 1848 ATHANASII
1842 1792 2404 1849 INTERPRETATIO.

369 1944 456 2000 10.
480 1944 675 2007 Καθὼς
703 1942 954 2014 εἴπαμεν,
988 1945 1038 1997 οἰ
1061 1941 1341 1997 ἀπόστολοι
1370 1943 1427 1997 ὲν
1456 1946 1520 2015 τῇ
1566 1944 1853 2016 Ἐκκλησία

2032 1944 2117 1999 10.
2152 1944 2299 2000 Sicut
2326 1945 2583 2010 diximus,
2617 1948 2844 2017 apostoli
2874 1948 2928 2002 in
2960 1947 3198 2005 Ecclesia
3224 1967 3385 2005 manu
3405 1953 3515 2022 for-

300 2039 404 2093 τοῢ
436 2035 643 2092 ἱκανοῦ
664 2034 738 2103 τῇ
769 2037 952 2105 χειρί·
986 2036 1142 2089 τοῦτο
1165 2037 1271 2108 γὰρ
1293 2035 1648 2107 ἑρμηνεύεται
1677 2036 1855 2089 Δαϐὶδ

300 2128 505 2195 ἱκανὸς
532 2128 677 2197 χειρὶ
713 2127 813 2198 (1),
843 2129 980 2200 ὅπερ
1008 2127 1155 2181 ἐστὶν
1181 2129 1230 2181 οἰ
1265 2128 1384 2181 Υἱοὶ
1413 2126 1507 2182 τοῦ
1532 2127 1689 2181 Θεοῦ.

368 2219 457 2273 11.
489 2220 683 2273 Λοιπὸν
710 2220 760 2272 οἰ
790 2218 1032 2281 ἐλθόντες
1067 2218 1159 2271 ἐπὶ
1190 2219 1248 2272 τὸ
1279 2219 1612 2289 φωτισθῆναι
1650 2219 1857 2274 δέονται

299 2310 542 2380 λέγοντες
563 2311 671 2373 τοῖς
695 2309 1006 2373 ἀποστόλοις
1031 2325 1042 2339 ·
1064 2309 1481 2380 Παρακαλέσατε
1507 2310 1703 2375 ἱκανῶς
1726 2328 1857 2366 κατ-

297 2402 588 2471 αλλαγῆναι
623 2403 753 2472 ἡμῖν
786 2400 862 2471 (2)
921 2400 1008 2453 τὸν
1054 2400 1205 2465 Θεὸν,
1253 2403 1340 2455 ἵνα
1385 2402 1479 2455 καὶ
1508 2405 1665 2473 ἡμεῖς
1699 2399 1860 2466 δεξώ-

303 2490 441 2562 μεθα
468 2491 564 2562 τὴν
592 2492 749 2563 χάριν
769 2490 934 2545 αὑτοῦ
954 2508 968 2522 ο
999 2491 1076 2556 ὡς
1114 2493 1221 2564 γὰρ
1243 2493 1604 2565 προείπαμεν,
1652 2494 1857 2562 Ἰερου-

296 2585 503 2654 σαλὴμ
533 2582 888 2655 ἑρμηνεύεται
922 2582 1163 2654 Πνεῦμα
1184 2584 1368 2638 αὑτοῦ
1394 2586 1651 2654 χάριτος.

368 2674 456 2729 12.
512 2674 587 2746 (3)
632 2675 743 2729 Καὶ
796 2673 1382 2748 εύθηνήσειὴκκαρδία
1408 2675 1587 2729 αὐτῶν
1633 2679 1692 2731 ὲν
1741 2676 1858 2741 ταῖς

288 2764 540 2829 ἀντολαῖς
570 2766 679 2818 τῶν
710 2766 900 2835 ἀγίων.

368 2858 554 2914 13-15.
588 2856 665 2929 (.1)
722 2859 781 2912 '0
830 2859 986 2931 χορὸς
1021 2858 1128 2912 τῶν
1173 2858 1479 2913 ἀποστόλων
1529 2858 1678 2930 λέγει
1718 2857 1856 2931 πρὸς

295 2948 390 3006 ὢν
414 2949 565 3007 Θεόνο
590 2950 810 3005 Ἕνεκεν
836 2950 937 3021 τῆς
958 2951 1227 3023 σωτηρίας
1257 2950 1412 3023 ήμῶν
1438 2951 1679 3021 ἀδελφῶν
1699 2954 1860 3023 ἡγου-

300 3040 502 3112 μένων,
532 3042 627 3097 καὶ
654 3041 762 3095 τῶν
811 3042 1036 3115 πλησίον
1080 3046 1113 3114 ὴ
1124 3044 1237 3115 μῶν
1281 3044 1584 3117 γενομένων
1623 3043 1712 3098 διὰ
1761 3044 1860 3113 τῆς

300 3135 556 3200 πίστεως,

370 3227 459 3282 16.
506 3226 872 3299 Ἑλαλήσαμεν
903 3228 1085 3291 αὐτοῖς
1116 3227 1205 3280 τὸν
1232 3226 1389 3295 λόγον
1421 3245 1514 3281 σου
1538 3227 1632 3281 καὶ
1652 3224 1751 3298 τὴν
1778 3227 1859 3290 εἰς

298 3317 360 3371 cl
399 3317 608 3372 ἐλπίδα.

366 3407 456 3461 .17.
496 3408 693 3462 Ἕνεκα
735 3407 829 3463 τοῦ
885 3406 1261 3480 καταρτισμοῦ
1303 3406 1410 3461 τῶν
1464 3407 1632 3476 ἁγίων
1675 3405 1853 3478 ᾔτησα

1958 2037 2026 2091 tis
2053 2053 2072 2091 :
2104 2037 2175 2091 ita
2217 2038 2359 2092 enim
2398 2038 2566 2093 David
2599 2040 2985 2111 interpretatur
3008 2057 3168 2096 manu
3193 2042 3368 2111 fortis,
3388 2060 3519 2114 qua-

1957 2127 2024 2184 lis
2049 2138 2131 2185 est
2161 2128 2252 2184 Dei
2288 2130 2480 2187 Filius.

2027 2219 2113 2273 11.
2142 2218 2364 2275 Demnm
2399 2223 2673 2280 venientes
2707 2223 2774 2278 ad
2810 2223 3265 2282 illuminationem
3300 2227 3518 2298 (nempe

1956 2311 2023 2367 ad
2049 2311 2419 2380 baptismum),
2447 2325 2737 2384 precantur
2762 2317 3001 2372 dicentes
3023 2321 3284 2389 apostolis
3310 2338 3325 2375 :
3352 2320 3516 2377 Orate
3622 2392 3627 2397 ι

1955 2405 2129 2473 valde,
2164 2414 2224 2460 ut
2279 2406 2421 2462 Deus
2467 2408 2626 2464 nobis
2678 2410 3074 2476 reconcilietur,
3125 2421 3185 2466 ut
3230 2412 3391 2467 etiam
3416 2429 3515 2467 nos

1958 2496 2287 2567 accipiamus
2318 2500 2541 2567 gratiam
2559 2500 2676 2570 ejus
2702 2520 2714 2555 :
2736 2501 2875 2555 sicut
2896 2502 3038 2555 enim
3068 2511 3223 2559 antea
3254 2504 3514 2573 diximus,

1955 2585 2252 2641 Jerusalem
2280 2588 2664 2660 interpretatur
2690 2590 2924 2661 Spiritus
2957 2594 3146 2664 gratia:
3174 2594 3309 2663 ejus.

2031 2678 2118 2733 12.
2147 2678 2215 2735 Et
2254 2680 2550 2738 abundabit
2597 2698 2693 2741 cor
2737 2700 2929 2741 eorum
2972 2686 3026 2741 in
3072 2689 3354 2759 praeceptis
3383 2705 3514 2746 san-

1959 2778 2193 2826 ctorum.

2028 2862 2217 2918 15-15.
2252 2862 2465 2920 Chorus
2494 2865 2861 2936 apostolorum
2894 2867 3027 2924 dicit
3050 2868 3117 2924 ad
3144 2867 3312 2925 Deum
3339 2890 3352 2926 :
3379 2870 3513 2927 Pro-

1956 2963 2075 3024 pter
2106 2955 2334 3011 salutem
2376 2965 2689 3013 nostrorum
2735 2957 2987 3024 fratrum,
3023 2961 3117 3032 qui
3163 2962 3512 3032 prteiverunt,

1958 3055 2222 3101 eteorum
2262 3047 2357 3118 qui
2400 3048 2634 3119 proximi
2663 3050 2836 3105 nostri
2878 3049 3006 3108 facti
3041 3063 3165 3109 sunt
3206 3069 3302 3123 per
3327 3052 3510 3119 ﬁdem,

2028 3226 2117 3283 16.
2145 3225 2337 3284 Loculi
2381 3244 2573 3285 sumus
2620 3229 2753 3288 ipsis
2798 3229 3020 3285 verbum
3055 3239 3231 3299 tuum,
3262 3241 3316 3289 et
3361 3248 3512 3306 spem

1961 3317 2015 3372 in
2044 3328 2115 3374 te.

2044 3336 2062 3374 ι
2098 3357 2115 3373 .

2027 3336 2117 3465 1ξ.
2152 3408 2377 3480 Propter
2424 3408 2808 3481 perfectionem
2853 3420 3164 3468 sanctorum
3223 3415 3509 3483 postulavi-

299 3495 378 3567 (5)
409 3495 732 3571 [ᾑτήσαμεν]
764 3498 1072 3569 χαρίσματα
1090 3498 1183 3551 τοῦ
1211 3497 1527 3568 Πνεύματὸς
1560 3513 1653 3550 σου
1677 3496 1850 3564 ἁγίου.

1958 3515 2080 3555 mus
2108 3502 2247 3555 dona
2271 3502 2441 3557 sancti
2474 3503 2550 3558 tui
2573 3501 2828 3571 Spiritus.

382 3606 447 3660 Ἦ
470 3610 801 3681 προκειμένη
827 3609 1103 3682 ἐπιγραφὴ
1135 3612 1376 3682 περιέχει
1398 3610 1498 3679 (6)’
1535 3609 1671 3681 ’ῼδὴ
1709 3608 1829 3663 τῶν
1872 3607 2258 3679 Ἀναϐαθμῶν,
2293 3612 2430 3683 ὅπερ
2457 3611 2811 3684 ἑρμηνεύεται
2836 3612 3216 3685 ἐξομολόγησις
3245 3615 3355 3669 τῶν
3384 3617 3508 3671 ἀνα⁶

292 3696 587 3755 δαινύντων
624 3702 730 3755 ἀπὸ
770 3702 862 3755 τοῦ
897 3704 1081 3774 τρίτου
1120 3701 1327 3773 βαθμοῦ
1380 3703 1477 3773 τῆς
1509 3701 1813 3764 θεοσεϐείας
1849 3702 1939 3754 ἐπὶ
1992 3701 2081 3754 τὸν
2110 3701 2365 3772 τέταρτον
2405 3705 2484 3766 εἰς
2518 3704 2730 3758 σύνεσιν
2756 3704 3082 3775 ἐρχομένων,
3130 3706 3224 3758 καὶ
3250 3708 3509 3774 γινωσκό-

295 3806 436 3846 ντων
468 3792 692 3855 ἑαυτοὺς
717 3792 792 3864 (7)
823 3793 917 3846 ἐπὶ
943 3796 1062 3856 ταῖς
1091 3793 1400 3865 ἁμαρτίαις,
1425 3793 1860 3866 ταπεινουμένων
1886 3793 2111 3847 ἐνώπιον
2131 3792 2225 3847 τοῦ
2248 3790 2405 3857 Θεοῦ,
2427 3795 2520 3847 καὶ
2540 3794 2804 3865 δεομένων
2831 3793 3018 3859 αὐτοῦ,
3047 3793 3187 3848 ὥστε
3208 3795 3508 3869 ἐλεηθῆναι.

373 3904 585 3963 Titulus
625 3910 945 3979 praepositus
976 3909 1249 3964 continet:
1279 3910 1554 3965 Canticum
1586 3910 1877 3976 Graduum,
1909 3911 2051 3982 quod
2087 3911 2471 3982 interpretatur
2514 3909 2782 3966 confessio
2830 3914 3234 3970 ascendentium
3279 3931 3310 3971 a
3352 3918 3508 3972 tertio

297 3999 472 4070 gradu
501 4002 679 4056 cultus
722 4016 846 4070 erga
893 4000 1059 4055 Deum
1089 4002 1143 4056 in
1175 4012 1429 4072 quartum
1474 4006 1698 4076 gradum
1744 4021 1955 4072 eorum,
1986 4005 2076 4076 qui
2114 4005 2422 4075 intelligunt
2449 4013 2504 4060 et
2528 4013 2860 4075 cognoscunt
2888 4020 2948 4060 se
2976 4007 3123 4076 ipsos
3157 4007 3212 4061 in
3239 4010 3507 4078 peccatis.

295 4097 587 4151 bumiliant
620 4112 679 4151 se
701 4112 884 4151 coram
912 4095 1042 4161 Deo,
1071 4112 1303 4168 eumque
1331 4100 1704 4169 deprecantur,
1739 4110 1798 4156 ut
1825 4102 2065 4172 ipsorum
2100 4101 2439 4155 misereatur.
2636 4147 2668 4173 ,

370 4188 423 4254 1,
448 4188 502 4242 2.
532 4190 645 4242 Οὐκ
678 4189 757 4242 ἔτι
781 4192 883 4262 τὴν
910 4191 1096 4245 ἐλπίδα
1132 4209 1232 4263 μου
1273 4193 1379 4263 ἔχω
1412 4195 1503 4247 ἐπὶ
1534 4196 1598 4265 τῇ
1635 4195 1858 4265 ματαιὸ-

296 4296 419 4350 τητι
447 4278 555 4332 τῶν
581 4279 810 4333 εἰδώλων
829 4299 841 4310 θ
876 4282 1133 4336 ἀνένευσα
1155 4282 1262 4354 γὰρ
1284 4284 1407 4347 τοὺς
1429 4283 1734 4354 ὀφθαλμοὺς
1755 4283 1858 4353 τῆς

288 4368 532 4431 διανοίας
559 4387 659 4441 μου
685 4371 818 4441 πρὸς
844 4372 902 4425 σὲ
930 4373 1021 4425 τὸν
1053 4375 1111 4426 ἐν
1143 4373 1219 4444 τῷ
1239 4373 1449 4445 ούρανῷ
1474 4373 1851 4430 κατοικοῦντα.

368 4460 421 4515 3.
449 4460 656 4532 Ὥσπερ
680 4461 753 4531 (8)
780 4461 1007 4525 ἕκαστος
1035 4463 1151 4516 τῶν
1170 4464 1386 4517 δούλων.
1416 4466 1613 4536 ἀφορᾷ,
1672 4466 1766 4517 καὶ
1796 4464 1858 4517 τὸ

232 4622 239 4625 _
295 4549 418 4622 ζῇν,
432 4554 525 4605 καὶ
535 4553 593 4605 τὸ
609 4553 785 4607 θανεῖν
796 4555 956 4608 αὐτὸν
973 4558 1028 4608 ὲν
1045 4555 1120 4625 τῷ
1135 4556 1375 4629 Δεσπότη
1391 4556 1554 4609 αὐτοῦ
1575 4571 1587 4585 ⁸
1609 4555 1750 4609 οὕτω
1764 4557 1857 4609 καὶ

293 4643 460 4713 ἡμεῖς
503 4644 727 4699 ἐνώπιόν
760 4662 854 4699 σου
899 4648 1277 4720 παριστάμεθα
1323 4649 1370 4701 ἴο
1409 4642 1564 4719 [οἷον]
1610 4647 1855 4718 βούλημα

296 4733 393 4786 σόν
428 4736 542 4787 ἐστι
568 4736 784 4807 ποιῆσαι
815 4740 895 4802 εἰς
930 4741 1097 4811 ἡμᾶς’
1127 4739 1418 4809 ἀπολογίαν
1448 4739 1559 4812 γὰρ
1608 4740 1708 4793 οὐκ
1734 4738 1855 4810 ἕχο-

296 4838 400 4894 μεν
431 4823 654 4880 ἐνώπιόν
686 4845 799 4886 σου.

2031 4193 2158 4258 1,.2.
2183 4190 2300 4247 Νοιι
2337 4192 2568 4261 amplius
2613 4204 2786 4246 meam
2825 4205 2972 4261 spem
3020 4191 3311 4261 repositam
3338 4192 3506 4250 habeo

1961 4286 2015 4340 in
2062 4284 2326 4339 idolorum
2368 4282 2640 4349 vanitate;
2675 4281 2872 4337 sustuli
2902 4283 3046 4337 enim
3083 4284 3270 4340 oculos
3316 4285 3506 4341 mentis

1961 4390 2095 4431 meae
2123 4376 2187 4430 ad
2217 4386 2289 4441 te,
2320 4376 2413 4444 qui
2441 4375 2652 4429 habitas
2677 4374 2729 4428 in
2754 4374 2927 4429 caelis.

2029 4467 2082 4523 3.
2113 4465 2577 4533 Quemadmodum
2611 4466 2984 4536 unusquisque
3016 4472 3291 4521 servarunt
3334 4466 3505 4522 intue-

1960 4568 2049 4614 tur
2069 4559 2233 4613 vitam
2265 4573 2443 4622 suam,
2467 4567 2520 4613 et
2551 4566 2779 4612 mortem
2802 4557 2855 4610 in
2886 4556 3099 4611 Domini
3128 4556 3214 4612 sui
3244 4563 3506 4626 potestate

1958 4665 2107 4715 esse;
2137 4650 2210 4704 ita
2240 4651 2399 4704 etiam
2430 4664 2528 4704 nos
2556 4664 2739 4703 coram
2783 4656 2833 4704 te
2871 4656 3142 4713 astamus,
3186 4659 3506 4718 exspectan-

1958 4751 2061 4804 tes,
2088 4741 2216 4811 quid
2244 4741 2377 4796 velis
2398 4741 2452 4795 in
2481 4756 2581 4794 nos
2615 4740 2789 4796 facere
2814 4759 2827 4795 :
2854 4755 3029 4811 neque
3071 4739 3214 4794 enim
3247 4754 3428 4794 coram
3459 4749 3505 4796 te

1959 4830 2219 4885 habemus
2254 4828 2643 4885 defensionem.

1229 4985 1531 5049 Addenda
1555 4992 1617 5048 et
1646 4983 2019 5064 corrigenda
2060 5000 2139 5044 ex
2167 4982 2305 5044 cod.
2339 4982 2535 5045 Vatic.

368 5154 447 5222 (1i
471 5155 549 5225 Τῇ
580 5169 746 5225 χειρι,
800 5161 931 5214 etc.,
962 5152 991 5203 ὁ
1020 5149 1169 5213 Υἱός.

367 5225 444 5295 (ἓ)
480 5224 647 5295 Ἦμῖέθ
680 5225 877 5295 ίίεὲθξῑι-
999 5289 1025 5295 -
1178 5289 1190 5295 -
1258 5251 1269 5295 :

367 5289 445 5418 (δὲ
476 5289 657 5374 ΝᾼΞ.
699 5292 807 5345 Καὶ
834 5289 1127 5375 βλαστῆσαι
1168 5289 1333 5373 ημᾶς,
1352 5291 1475 5376 ,καὶ
1503 5290 1846 5372 καρποφοΕῆ

374 5382 390 5416 ι
450 5364 501 5417 ta
529 5380 628 5418 της
650 5362 871 5418 γάριτος
894 5377 1056 5413 αυτου
1078 5399 1091 5418 ,
1138 5377 1309 5418 ουτως
1337 5377 1411 5418 ως
1436 5362 1560 5418 τοὺς
1595 5361 1846 5418 ἁγαπων-

294 5360 390 5417 σαι
416 5360 501 5418 διὰ
529 5363 628 5434 τῆς
650 5360 871 5433 χάριτος
894 5360 1056 5413 αὐτοῦ
1078 5399 1091 5423 ,
1138 5360 1309 5423 οὕτως
1337 5360 1411 5422 ὡς
1436 5362 1560 5423 τοὺς
1582 5360 1850 5428 ἀγαπῶν·-

286 5450 394 5487 ea:
423 5434 600 5487 αὐτόν.

367 5451 675 5574 ῗιςυᾶῗνγδ,
728 5500 1122 5574 Προσεύχονται
1160 5498 1343 5574 λοιπὸν
1391 5498 1531 5574 {map
1574 5498 1749 5574 αρτᾧν
1794 5499 1843 5574 ρξ

291 5568 578 5628 ἀπόστολοι
606 5572 873 5640 λέγοντες
904 5568 1151 5640 relegem
1265 5570 1323 5619 ὲν
1356 5568 1535 5630 αὐτοῖς
1573 5569 1760 5640 εἰρήνη
1790 5571 1848 5640 ὲν

289 5645 361 5714 τῇ
386 5644 609 5712 δυνάμει
630 5657 741 5693 σου,
767 5639 832 5691 Ν.
855 5638 940 5693 14.
964 5639 1071 5692 Καὶ
1102 5638 1393 5719 εὐθήνησεν
1413 5638 1681 5760 Emesa,
1706 5648 1833 5719 etc_.,

293 5725 356 5760 ut
390 5716 441 5760 in
473 5729 526 5760 η.
559 5711 641 5760 12.
667 5707 730 5760 Ν.
756 5707 840 5760 15.
877 5708 935 5759 '0
966 5709 1121 5760 γοοὸς
1138 5724 1266 5760 των.
1300 5718 1401 5760 etc.
1472 5707 1709 5760 ωττιοίας
1732 5724 1833 5760 των

293 5707 361 5769 ιιῖ
388 5716 442 5768 in
472 5707 534 5768 ηξ
559 5711 641 5766 12.
667 5707 730 5760 Ν.
756 5707 840 5762 15.
877 5708 935 5759 '0
966 5709 1121 5778 χορὸς
1138 5707 1266 5767 τῶν,
1300 5718 1401 5761 etc.
1433 5707 1709 5778 Σωτηρίας
1732 5708 1840 5761 τῶν

619 5804 889 5866 ΡΔτιιοῐ..
921 5800 1038 5860 Gn.
1068 5798 1303 5861 XXVII
1317 5843 1331 5859 .

1953 5147 2194 5219 ἀδελφῶν
2221 5149 2395 5219 ἡμῶν,
2421 5150 2532 5215 καί,
2568 5159 2670 5205 etc.

2043 5216 2103 5291 5)
2137 5216 2416 5291 ᾙτήσατο,
2446 5230 2573 5291 εις..
2599 5236 2690 5273 σου
2718 5217 2811 5271 τοῦ
2840 5216 3011 5286 ἁγίου.

2043 5290 2096 5360 6)
2137 5289 2203 5360 '11
2240 5289 2326 5343 διὰ
2356 5290 2720 5360 κινναϐάρεως
2740 5304 2890 5358 περ-.

2046 5352 2097 5432 7)
2128 5359 2247 5411 Τῶν
2273 5362 2351 5423 εἰς
2374 5376 2422 5432 σ.
2448 5362 2493 5413 ὲ.
2537 5352 2596 5413 κζ
2628 5352 3099 5426 συγγινωσκὸντων
3118 5352 3347 5418 ἑαυτοῖς,
3372 5361 3502 5421 etc;

1949 5430 2207 5500 καὶίταπε
2216 5446 2321 5500 ινου
2329 5430 2522 5500 μένων,
2554 5438 2656 5500 etc.

1966 5498 1970 5507 ’
2020 5499 2095 5570 (8)
2126 5492 2437 5574 Καὶῶσξτερ
2562 5515 2612 5551 τ.
2646 5497 2694 5552 δ.
2752 5493 2859 5574 τῶν
2907 5492 3300 5574 ημαρτηκότων
3331 5493 3503 5562 ἀσύγ-

1948 5559 2162 5642 γνωστα
2190 5570 2365 5642 ἀφορᾷ
2390 5559 2449 5621 τὸ
2468 5568 2586 5640 ζῇν,
2620 5578 2749 5631 etc.,
2784 5559 3122 5631 αύτοῦέἶναιζ
3171 5573 3298 5629 etc.,
3357 5559 3502 5635 παρ-

1948 5586 2162 5642 γνωστα
2190 5586 2365 5639 αφορᾳ
2390 5586 2449 5621 το
2468 5586 2586 5640 ςῃν,
2620 5586 2630 5618 ι

1946 5639 2207 5711 ιστάμεθα
2236 5638 2496 5709 βούλημα,
2525 5648 2630 5703 etc.

2020 5221 2039 5433 ἓ

3152 5794 3224 5852 3‘9
