3990 6208
475 340 640 398 μεθ’).

1295 331 1350 386 S.
1394 327 1760 385 ATHANASII
1799 325 1946 382 OPP.
1991 323 2169 378 PARS
2207 322 2292 378 III.
2334 351 2402 364 --
2443 316 2860 376 EXEGETICA.

3567 309 3700 362 i2'28

541 457 594 508 4.
626 450 780 510 Sicut
802 449 946 508 oculi
975 449 1184 505 ancilla:
1212 447 1267 501 in
1298 445 1552 500 manibus
1605 441 1840 498 dominae
1867 455 1981 497 sua:
2019 458 2033 494 :
2068 447 2113 501 Α

2209 437 2262 492 4.
2305 437 2390 500 Ὠς
2425 433 2693 504 ὀφθαλμοὶ
2729 431 3017 500 παιδίσκης
3049 428 3126 491 είς
3178 427 3363 497 χεῖρας
3385 424 3483 496 τῆς
3517 424 3712 497 κυρίας

539 629 592 686 5.
622 630 703 686 Ita
732 627 875 684 oculi
905 624 1078 680 nostri
1107 622 1174 678 ad
1199 620 1489 676 Dominum
1537 619 1706 674 Deum
1750 625 1998 673 nostrum
2021 656 2035 681 ,

542 803 595 858 6.
630 801 812 857 Donec
854 801 1178 855 misereatur
1214 796 1404 853 nostri.

541 894 594 946 7.
635 891 892 947 Miserere
943 890 1136 954 nostri,
1174 888 1426 953 Domine,
1460 887 1718 942 miserere
1750 884 1965 939 nostri:

542 986 594 1040 8.
631 982 768 1049 Quia
799 983 1027 1036 multum
1054 981 1243 1051 repleti
1269 995 1461 1035 sumus
1489 976 1860 1047 despectione.

540 1077 594 1132 9.
628 1075 765 1142 Quia
795 1075 1026 1128 multum
1051 1073 1253 1144 repleta
1281 1081 1365 1127 est
1393 1071 1573 1126 anima
1599 1076 1807 1125 nostra.

543 1168 631 1224 10.
661 1167 1024 1239 Opprobrium
1053 1163 1487 1227 abundantibus,

545 1261 631 1315 11.
657 1259 723 1313 Et
754 1259 1034 1328 despectio
1065 1256 1337 1326 superbis.

683 1348 963 1404 Canticum
997 1347 1290 1401 Graduum.
1323 1343 1524 1400 PSAL.
1557 1341 1832 1400 CXXIII.

544 1439 596 1494 Ι.
624 1438 740 1494 Nisi
770 1441 899 1510 quia
926 1438 1193 1493 Dominus
1227 1446 1344 1493 erat
1382 1437 1436 1491 in
1475 1435 1670 1502 nobis;

541 1530 595 1584 2.
634 1529 784 1584 Dicat
818 1545 964 1584 nunc
994 1529 1192 1583 Israel:

543 1623 596 1678 5.
629 1621 741 1677 Nisi
765 1621 890 1692 quia
926 1621 1190 1675 Dominus
1217 1625 1332 1674 erat
1360 1617 1413 1672 in
1439 1616 1619 1680 nobis,

545 1716 598 1770 4.
632 1714 768 1769 Cum
796 1724 1151 1785 exsurgerent
1181 1712 1426 1766 homines
1463 1713 1518 1766 in
1559 1725 1688 1775 nos,

549 1807 601 1861 5.
631 1805 791 1862 Forte
823 1807 977 1861 vivos
1008 1805 1368 1876 deglutissent
1398 1817 1520 1860 nos.

2137 530 2329 600 αὐτῆς*

2207 624 2261 680 5.
2293 620 2478 683 Οῦτως
2507 620 2557 672 οἱ
2585 616 2850 689 ὀφθαλμοὶ
2877 613 3031 686 ἡμῶν
3059 611 3196 682 πρὸς
3227 607 3429 680 Κύριον
3459 605 3552 662 τὸν
3579 605 3713 662 Θεὸν

2138 712 2314 784 ἡμῶν.

2206 804 2259 858 6.
2290 802 2432 864 Ἕως
2463 793 2522 854 οῦ
2553 799 2891 870 οίκτειρῆσαι
2917 797 3084 867 ἡμᾶς.

2206 895 2259 948 7.
2301 894 2551 964 Ἐλέησον
2575 894 2742 963 ἡμᾶς,
2765 889 2952 958 Κύριε,
2985 888 3206 960 ἐλέησον
3237 886 3402 958 ἡμᾶς’

2206 984 2259 1039 8.
2292 985 2411 1037 Ὅτι
2443 984 2534 1036 ἐπὶ
2561 981 2694 1035 πολὺ
2729 981 3079 1052 ἐπλήσθημεν
3111 974 3534 1043 ἐξουδενώσεως.

2207 1074 2261 1132 9.
2310 1074 2432 1128 Ἐπὶ
2463 1073 2644 1126 πλεῖον
2671 1071 2910 1142 ἐπλήσθη
2951 1074 2985 1142 ή
3015 1071 3162 1141 ψυχὴ
3195 1068 3369 1142 ἡμῶν.

2210 1166 2295 1220 10.
2338 1166 2410 1218 Τὸ
2440 1165 2639 1228 ὄνειδος
2663 1167 2773 1227 τοῖς
2800 1161 3104 1233 εὑθηνοῦσι,

2209 1257 2295 1310 11.
2329 1257 2439 1310 Καὶ
2467 1257 2499 1328 ἡ
2535 1256 2879 1322 ὲξουδένωσις
2905 1257 3018 1317 τοῖς
3050 1253 3441 1326 ὑπερηφάνοις.

2325 1349 2463 1420 ’ῼδὴ
2527 1348 2644 1402 τῶν
2713 1345 3112 1416 Ἀναϐαθμῶν.
3159 1349 3333 1403 ΨΑΛ.
3365 1345 3550 1399 ΡΚΡ.

2209 1441 2260 1495 1.
2297 1442 2358 1494 Εἰ
2387 1442 2460 1512 μὴ
2489 1441 2571 1494 ὅτι
2598 1439 2798 1512 Κύριος
2821 1436 2886 1510 ἦν
2915 1441 2972 1491 ἐν
3007 1439 3156 1509 ἡμῖν’

2209 1533 2265 1588 2.
2297 1533 2518 1585 Είπάτω
2553 1531 2616 1602 δὴ
2662 1530 2899 1602 Ἰσραήλ·

2209 1623 2261 1677 5.
2298 1623 2360 1675 Εἰ
2393 1623 2467 1693 μὴ
2494 1622 2576 1674 ὅτι
2603 1621 2806 1693 Κύριος
2833 1617 2901 1692 ἦν
2931 1622 2988 1674 ἐν
3012 1622 3166 1692 ἡμῖν,

2211 1711 2264 1765 4.
2318 1713 2400 1765 Ἐν
2425 1712 2501 1782 τῷ
2533 1711 2902 1781 ἐπαναστῆναι
2928 1710 3244 1783 ἀνθρώπους
3273 1710 3354 1780 ἐφ’
3383 1709 3551 1781 ἡμᾶς·

2078 1810 2122 1866 Β
2221 1802 2274 1857 5.
2309 1804 2451 1874 Ἀρα
2479 1803 2687 1868 ζῶντας
2719 1801 2784 1856 ἂν
2812 1801 3066 1856 κατέπιον
3093 1803 3259 1872 ἡμᾶς.

1592 1910 1965 1968 ATHANASII
2005 1911 2585 1969 INTERPRETATIO.

550 2057 604 2112 4.
638 2056 703 2111 Et
727 2055 868 2111 sicut
891 2053 1069 2109 omnis
1110 2054 1337 2119 ancilla,
1365 2069 1488 2124 quae
1542 2051 1806 2123 peccavit,
1844 2065 2046 2122 pavens

480 2162 536 2208 et
570 2163 806 2206 tremens
830 2159 971 2204 astat
997 2149 1232 2204 domina:
1255 2164 1368 2205 suat
1387 2141 1734 2219 exspectans,
1766 2156 1861 2201 aut
1883 2147 2044 2201 morti

481 2244 642 2308 tradi,
663 2252 758 2298 aut
780 2243 890 2296 vita
912 2242 1106 2297 donari
1134 2259 1148 2296 :

554 2424 608 2488 5,
647 2422 699 2480 6.
731 2422 807 2478 ita
838 2423 1001 2478 etiam
1028 2437 1128 2478 nos
1157 2435 1305 2476 nunc
1331 2427 1735 2489 exspectamus,
1758 2426 1853 2472 aut
1887 2418 2052 2473 vitam

483 2515 640 2570 nobis
673 2529 703 2568 a
745 2513 854 2568 Deo
889 2512 1142 2577 concedi,
1189 2519 1284 2566 aut
1329 2510 1533 2580 justam
1569 2515 1918 2578 peccatorum
1957 2523 2056 2564 no-

483 2617 722 2663 strorum
753 2606 1187 2661 retributionem.

557 2699 606 2753 7.
636 2697 931 2754 Precamur
954 2707 1026 2764 te,
1056 2696 1307 2760 Domine,
1336 2697 1598 2751 miserere
1628 2695 1823 2750 nostri.

556 2791 606 2846 8.
643 2790 848 2862 Impleli
887 2791 1034 2846 enim
1077 2805 1268 2844 sumus
1313 2789 1464 2844 omni
1514 2786 1800 2858 iniquitate
1836 2794 1890 2842 et
1933 2800 2058 2856 pec-

486 2891 632 2939 cato.

556 2975 612 3030 9.
645 2973 965 3030 insanabilis
999 2981 1083 3029 est
1123 2972 1416 3028 multitudo
1452 2980 1798 3043 peccatorum
1844 2977 2060 3026 nostro-

485 3081 632 3123 rum.

559 3161 646 3228 10,
673 3161 761 3214 Η.
803 3160 1066 3215 Dominus
1111 3170 1288 3214 autem
1335 3159 1400 3212 ad
1444 3174 1537 3212 eos
1569 3157 1688 3214 :Ne
1733 3157 1966 3214 timcatis
1991 3157 2062 3211 ob

485 3263 744 3328 peccata,
762 3269 864 3324 pro
889 3254 1091 3322 quibus
1113 3252 1179 3305 ad
1215 3267 1301 3306 me
1327 3251 1577 3306 conversi
1606 3252 1776 3316 estis;
1803 3250 2063 3319 iniquita-

486 3355 572 3402 tes
596 3355 791 3401 vestrae
817 3353 1096 3398 vertentur
1124 3358 1288 3412 super
1321 3342 1625 3397 contrarias
1665 3350 1980 3411 potestates,
2008 3349 2064 3396 et

491 3436 875 3492 condemnatio
916 3444 1092 3490 vestra
1131 3436 1234 3489 erit
1269 3449 1434 3505 super
1495 3434 1833 3504 principatus
1868 3441 1922 3488 et
1960 3448 2061 3503 po-

490 3537 714 3586 testates
743 3528 968 3583 diaboli.

2222 2053 2276 2107 4.
2307 2052 2412 2107 Kal.
2439 2053 2514 2118 ὡς
2571 2052 2776 2124 ἑκάστη
2823 2053 3104 2124 παιδίσκη,
3161 2051 3541 2123 ήμαρτηκυϊα,
3598 2048 3733 2120 μετὰ

2152 2145 2316 2213 φόϐου
2347 2145 2442 2198 καὶ
2469 2143 2670 2214 τρόμου
2710 2144 3040 2216 παρίσταται
3069 2144 3135 2211 τῇ
3169 2140 3331 2212 κυρίᾳ
3384 2141 3557 2210 αὐτῆς
3590 2139 3734 2192 ἐκδε-

2153 2236 2355 2308 χομένη
2401 2236 2434 2307 ἢ
2469 2235 2804 2302 θανατῶσαι,
2845 2235 2877 2305 ἢ
2925 2235 3000 2306 (1)
3033 2234 3312 2308 χαρίσεται
3359 2229 3732 2304 [χαρίσασθαι]

2153 2331 2290 2402 αὐτῇ
2317 2331 2378 2384 τὸ
2406 2329 2506 2401 ζῇν
2527 2346 2541 2359 ·

2226 2423 2280 2487 5,
2305 2423 2355 2477 6.
2389 2423 2546 2476 Οὕτω
2580 2424 2672 2476 καὶ
2701 2423 2866 2494 ἡμεῖς
2891 2419 3308 2492 ἀπεκδεχόμεθα
3334 2417 3429 2472 νῦν
3455 2417 3532 2487 (2)
3562 2415 3602 2492 ἢ
3640 2416 3734 2487 τὴν

2154 2512 2299 2584 ζωὴν
2331 2513 2546 2583 δοθῆναι
2566 2515 2698 2584 ἡμῖν
2727 2513 2878 2584 παρὰ
2911 2511 3067 2577 Θεοῦ,
3098 2512 3132 2582 ἢ
3166 2511 3266 2583 τὴν
3320 2510 3537 2564 δικαίαν
3573 2510 3733 2563 ἀντα-

2155 2607 2370 2660 πόδοσιν
2394 2605 2502 2657 τῶν
2525 2605 2809 2677 ἁμαρτιῶν
2837 2607 3012 2677 ἡμῶν.

2225 2699 2278 2755 7.
2311 2697 2552 2770 Δεόμεθά
2574 2715 2688 2763 σου,
2722 2698 2910 2771 Κύριε,
2934 2698 3154 2769 ἐλέησον
3182 2697 3350 2768 ἡμᾶς.

2225 2791 2277 2846 8.
2322 2791 2748 2862 Πεπληρωμένοι
2799 2791 2908 2863 γάρ
2944 2792 3110 2861 ἐσμεν
3139 2789 3321 2860 πάσης
3365 2788 3598 2858 ἀνομιας
3646 2784 3737 2838 καὶ

2156 2882 2450 2954 ἁμαρτίας.

2225 2973 2277 3029 9.
2350 2974 2678 3046 Ἀνήκαστόν
2729 2971 3112 3046 [Ἀνήκεστόν]
3168 2973 3245 3044 (5)
3289 2973 3404 3026 ἐστι
3439 2972 3504 3026 τὸ
3538 2969 3738 3041 πλῆθος

2157 3065 2264 3120 τῶν
2290 3065 2571 3136 ἁμαρτιῶν
2593 3065 2768 3136 ἡμῶν.

2230 3159 2317 3224 10,
2349 3159 2434 3215 ii.
2483 3160 2539 3212 Ὀ
2564 3159 2618 3212 δὲ
2646 3157 2844 3230 Κύριος
2894 3157 3033 3228 πρὸς
3075 3154 3288 3220 αὐτούς·
3337 3154 3428 3226 Μὴ
3467 3153 3734 3222 φοϐεῖσθε,

2159 3250 2274 3305 ἀνθ’
2305 3244 2377 3305 ὧν
2403 3251 2772 3322 ἐπεστρέψατε
2798 3249 2876 3320 (4)
2926 3249 3063 3319 πρός
3103 3265 3171 3318 με
3191 3266 3206 3278 ο
3234 3249 3290 3301 αί
3317 3247 3536 3317 ἀνομίαι
3591 3245 3737 3316 ὑμῶν

2161 3343 2253 3397 ἐπὶ
2279 3343 2377 3408 τὰς
2401 3344 2649 3407 ἐναντίας
2675 3343 2952 3413 δυνάμεις,
2992 3342 3087 3396 καὶ
3142 3342 3202 3394 τὸ
3246 3341 3562 3412 κατάκριμα
3591 3339 3739 3410 ὑμῶν

2163 3437 2258 3489 ἐπὶ
2293 3436 2393 3500 τὰς
2415 3436 2512 3490 τοῦ
2537 3435 2780 3490 διαϐόλου
2802 3434 2976 3506 ἀρχὰς
3007 3433 3401 3500 καὶπέξουσίας.

475 3665 480 3668 -
575 3623 637 3677 Ἡ
664 3623 993 3695 προκειμένη
1026 3623 1305 3694 ἐπιγραφὴ
1333 3621 1577 3694 περιέχει
1607 3621 1704 3689 (5)⁶
1745 3621 1883 3692 ’ῼδὴ
1913 3623 2031 3676 τῶν
2073 3623 2473 3694 Ἀναϐαθμῶν,
2499 3624 2636 3695 ὅπερ
2664 3622 3025 3695 ἑρμηνεύεται
3064 3620 3450 3693 ἐξομολόγησις
3482 3618 3589 3672 τῶν
3616 3618 3739 3672 ἀντι.⁶

491 3713 786 3768 ϐαινόντων
813 3715 920 3768 ἀπὸ
948 3715 1024 3784 (6)
1050 3715 1310 3786 τετάρτου
1336 3713 1544 3784 βαθμοῦ
1579 3715 1678 3784 τῆς
1709 3713 2021 3778 θεοσεϐείας
2075 3715 2168 3768 ἐπὶ
2226 3716 2318 3769 τὸν
2351 3717 2628 3788 πέμπτον⁵
2657 3717 2902 3769 τουτέστι
2933 3716 3011 3785 (7)
3067 3713 3204 3785 μετὰ
3234 3714 3331 3784 τὴν
3360 3711 3741 3783 ἐξομολόγησιν

491 3801 873 3871 φωτισθέντες,
897 3803 992 3857 καὶ
1023 3803 1358 3873 μεμνημένοι
1393 3802 1508 3866 πῶς
1535 3802 1608 3873 (8)
1638 3802 1982 3873 ἐκυριεύοντο
2009 3803 2112 3856 ὑπὸ
2140 3804 2246 3857 τῶν
2269 3805 2526 3858 ἐναντίων
2572 3804 2854 3875 δυνάμεων
2893 3805 2954 3858 τὸ
3005 3805 3289 3875 πρότερον·
3329 3803 3426 3855 καὶ
3452 3803 3535 3855 ὅτι
3568 3804 3643 3873 μὴ
3667 3800 3739 3872 (9)

489 3895 520 3948 6
552 3894 682 3960 Θεὸς
701 3895 787 3949 διὰ
815 3896 908 3951 τοῦ
936 3897 1307 3968 βαπτίσματος
1336 3899 1604 3970 ἐρρύσατο
1631 3898 1828 3962 αὐτοὺς
1852 3899 1910 3966 ἐξ
1939 3899 2139 3964 αὐτῶν,
2179 3900 2409 3972 ἤμελλον
2466 3899 2830 3972 ἀποθνήσκειν
2865 3901 2920 3954 ἐν
2956 3904 3024 3973 τῇ
3070 3897 3313 3971 ἁμαρτίᾳ
3343 3898 3544 3952 αὐτῶν.

570 4004 787 4063 Titulus
814 4011 1140 4079 praepositus
1174 4013 1419 4067 continet
1456 4029 1468 4066 :
1505 4011 1786 4068 Canticum
1824 4011 2119 4079 Craduum,
2149 4013 2292 4083 quod
2320 4012 2710 4082 interpretatur
2749 4011 3027 4066 confessio
3053 3996 3462 4065 ascendentium
3495 4025 3526 4064 a
3550 4015 3743 4078 quarto

492 4099 666 4173 gradu
703 4101 882 4156 cultus
905 4117 1031 4173 erga
1064 4103 1229 4157 Deum
1263 4104 1317 4157 in
1353 4104 1606 4173 quintum
1643 4121 1655 4157 :
1686 4104 1791 4158 hoc
1815 4113 1898 4159 est
1917 4120 2133 4168 eorum,
2163 4105 2260 4174 qui
2293 4113 2420 4174 post
2449 4103 2849 4158 confessionem
2878 4101 3168 4157 illuminati
3199 4110 3346 4166 sunt,
3375 4111 3429 4156 et
3451 4101 3506 4155 in
3536 4115 3741 4156 memo—

492 4200 632 4254 riam
664 4206 940 4259 revocant,
974 4198 1250 4266 quomodo
1282 4196 1501 4264 fuerunt
1540 4197 1693 4267 prius
1729 4198 1831 4253 sub
1871 4198 2116 4253 dominio
2151 4199 2548 4253 contrariarum
2587 4205 2955 4268 potestatum;
2987 4206 3042 4252 et
3071 4197 3218 4267 quod
3251 4196 3356 4252 nisi
3385 4195 3531 4251 Deus
3552 4210 3652 4250 eos
3679 4196 3744 4248 ab

495 4291 631 4362 ipsis
653 4290 975 4359 baptismate
1000 4289 1303 4354 liberasset,
1329 4289 1583 4344 morituri
1606 4299 1763 4344 erant
1789 4291 1844 4344 in
1873 4306 2064 4345 eorum
2101 4299 2345 4362 peccato.

566 4381 616 4434 1.
646 4377 762 4432 Nisi
786 4377 945 4432 Jesus
974 4375 1068 4431 Dei
1095 4377 1264 4432 Filius
1290 4376 1554 4433 Dominus
1591 4388 1776 4434 noster
1797 4379 2062 4445 venisset,

495 4479 550 4523 et
596 4468 934 4537 apparuisset
987 4480 1147 4536 super
1198 4474 1434 4534 terram,
1486 4470 1540 4520 et
1583 4480 1708 4520 cum
1749 4465 2062 4522 hominibus

497 4571 848 4618 conversatus
875 4566 1038 4613 esset.

563 4651 620 4706 2.
657 4651 808 4706 Dicat
837 4660 1016 4705 autem
1041 4651 1275 4721 populus
1303 4658 1486 4706 mente
1515 4649 1876 4706 illuminatus.

565 4743 616 4795 5.
652 4741 807 4810 Quod
831 4743 934 4796 nisi
969 4743 1082 4812 ipse
1106 4741 1369 4797 Dominus
1398 4741 1726 4796 advenisset.

569 4830 620 4885 ι.
653 4831 791 4887 Cum
816 4833 869 4887 in
901 4848 1000 4887 nos
1029 4832 1298 4887 irruerent
1318 4831 1604 4886 contraria:
1625 4839 1942 4901 potestates.

566 5015 621 5070 5.
653 5013 886 5070 Omnino
928 5015 1002 5069 uti
1035 5015 1211 5070 adhuc
1254 5030 1472 5070 eramus
1502 5015 1556 5069 in
1601 5023 1746 5069 terra
1797 5015 2061 5078 viventes,

497 5108 660 5162 morti
688 5107 870 5163 traditi
901 5107 1214 5163 fuissemus.

2242 4379 2292 4431 1.
2322 4379 2384 4432 Ei
2417 4379 2492 4450 μὴ
2526 4379 2729 4449 Ἰησοῦς
2756 4381 2786 4432 6
2810 4378 2938 4443 Υἱὸς
2969 4377 3063 4432 τοῦ
3095 4376 3230 4432 Θεοῦ
3274 4380 3302 4431 6
3329 4376 3529 4449 Κύριος
3591 4375 3744 4446 ἡμῶν

2167 4465 2318 4542 ἦλθεν
2351 4473 2442 4524 καὶ
2492 4471 2648 4543 ὤφθη
2703 4472 2797 4526 ἐπὶ
2851 4471 2954 4542 τῆς
3000 4471 3126 4541 γῆς,
3161 4473 3254 4524 καὶ⁵
3293 4474 3404 4534 τοῖς
3437 4467 3744 4540 ἀνθρώποις

2170 4562 2601 4634 συνανεστράφη.

2237 4650 2292 4706 ‘2.
2323 4651 2543 4705 Είπατω
2566 4651 2628 4722 δὴ
2651 4653 2678 4705 6
2703 4653 2832 4716 λαὸς
2865 4653 2893 4705 6
2921 4651 3207 4721 φωτισθεὶς
3227 4651 3324 4724 τὴν
3347 4650 3606 4705 διάνοιαν.

2239 4742 2291 4796 5.
2330 4743 2450 4794 Ὅτι
2473 4744 2520 4796 εί
2561 4744 2638 4814 μὴ
2667 4744 2827 4807 αὐτὸς
2858 4745 2886 4797 6
2923 4744 3117 4817 Κύριος
3146 4744 3497 4815 παρεγένετο.

2241 4833 2296 4888 4.
2341 4835 2428 4888 Ἐν
2451 4834 2528 4906 τῷ
2554 4835 2652 4900 τὰς
2685 4835 2930 4901 ἐναντίας
2956 4837 3210 4907 δυνάμεις
3241 4835 3573 4907 ἐπέρχεσθαι
3628 4832 3746 4887 καθ’

2171 4927 2203 4996 ἡ
2211 4926 2346 4996 μῶν.
3291 4991 3300 5000 ⁹

2242 5018 2294 5072 5.
2317 5020 2484 5072 Παντὶ
2509 5019 2712 5089 τρόπῳ,
2741 5018 2816 5082 ὡς
2840 5017 3048 5091 ετι;(ιο)
3068 5013 3210 5090 ἦμεν
3229 5020 3326 5072 ἐπὶ
3344 5019 3443 5091 τῆς
3464 5018 3589 5090 τῆς,
3617 5015 3747 5082 ζῶν·

2171 5127 2261 5174 τες
2290 5110 2355 5163 ἂν
2388 5110 2823 5181 ἐθανατώθημεν.

1445 5222 1747 5284 Addenda
1781 5227 1842 5283 et
1868 5222 2246 5302 corrigenda
2276 5244 2354 5288 ex
2389 5225 2531 5286 cod.
2563 5225 2768 5286 Vatic.

591 5345 642 5415 1)
669 5344 740 5415 Ei
763 5340 1055 5397 θανατώσει
1082 5341 1268 5407 αὐτὴν,
1292 5343 1346 5413 ἡ,
1380 5351 1484 5398 etc.

590 5414 647 5483 ‘2)
671 5414 784 5468 Νῦν
807 5416 974 5468 deest.

590 5481 644 5551 3)
703 5485 1036 5550 ’Δνίκαστον,
1095 5491 1224 5548 etc.,
1263 5483 1546 5555 ἁμαρτιῶν
1601 5499 1723 5554 μου.
1761 5481 1911 5539 Fort.
1960 5483 2066 5554 leg.

497 5555 773 5626 ἀνίκητον·

568 5623 657 5696 (4)-
683 5623 1096 5696 immane.

570 5694 649 5763 (5)
682 5693 748 5748 Ἦ
776 5693 864 5748 διὰ
878 5693 983 5765 τῆς
1011 5695 1376 5766 κινναϐάρεως
1410 5712 1558 5767 περ-.

2265 5344 2319 5478 δὲ
2365 5343 2494 5396 Ἀπὸ
2522 5343 2636 5398 τοῦ.
2667 5414 2691 5427 η

2269 5415 2296 5465 7
2349 5413 2600 5467 Τουτέστι
2625 5431 2752 5470 των.

2268 5483 2320 5538 8i
2342 5484 2744 5538 Φωτισθέντων.

2243 5345 2319 5484 ig)
2349 5345 2752 5470 Τῗῗξέςῖῖθῖεῶν.

2342 5484 2744 5627 (ιέιὲιτρᾟθέντων,
2773 5487 2866 5540 καὶ
2903 5483 3264 5558 μεμνημένων
3289 5482 3349 5536 τὸ
3377 5481 3497 5546 πῶς

2244 5624 2291 5696 (1
2301 5625 2354 5695 0)
2391 5623 2538 5682 Ὅτε.
