  <div class='ocr_page' id='page_1' title='image "/cluster/home/n/w/nwhite01/storage/ocr_20150623/27/mdp.39015007065769/635.png"; bbox 0 0 3990 6208; ppageno 0'>
   <div class='ocr_carea' id='block_1_1' title="bbox 464 383 624 439">
    <p class='ocr_par' dir='ltr' id='par_1_1' title="bbox 464 383 624 439">
     <span class='ocr_line' id='line_1_1' title="bbox 464 383 624 439; baseline 0.006 -4"><span class='ocrx_word' id='word_1_1' title='bbox 464 409 471 435; x_wconf 84' lang='lat'><em>:</em></span> <span class='ocrx_word' id='word_1_2' title='bbox 492 383 624 439; x_wconf 67' lang='grc' dir='ltr'><strong>ηδι</strong></span> 
     </span>
    </p>
   </div>
   <div class='ocr_carea' id='block_1_2' title="bbox 560 491 1369 561">
    <p class='ocr_par' dir='ltr' id='par_1_2' title="bbox 560 491 1369 561">
     <span class='ocr_line' id='line_1_2' title="bbox 560 491 1369 561; baseline -0.01 -8"><span class='ocrx_word' id='word_1_3' title='bbox 560 500 617 554; x_wconf 73' lang='lat'><strong>3.</strong></span> <span class='ocrx_word' id='word_1_4' title='bbox 649 495 861 550; x_wconf 69' lang='lat' dir='ltr'><strong>Montes</strong></span> <span class='ocrx_word' id='word_1_5' title='bbox 883 492 948 548; x_wconf 85' lang='lat' dir='ltr'><strong>in-</strong></span> <span class='ocrx_word' id='word_1_6' title='bbox 962 492 1187 548; x_wconf 81' lang='lat' dir='ltr'><strong>circuitu</strong></span> <span class='ocrx_word' id='word_1_7' title='bbox 1214 491 1333 561; x_wconf 84' lang='lat' dir='ltr'><strong>ejus</strong></span> <span class='ocrx_word' id='word_1_8' title='bbox 1351 531 1369 556; x_wconf 94' lang='lat'><strong>,</strong></span> 
     </span>
    </p>
   </div>
   <div class='ocr_carea' id='block_1_3' title="bbox 568 580 1714 651">
    <p class='ocr_par' dir='ltr' id='par_1_3' title="bbox 568 580 1714 651">
     <span class='ocr_line' id='line_1_3' title="bbox 568 580 1714 651; baseline -0.007 -8"><span class='ocrx_word' id='word_1_9' title='bbox 568 590 620 643; x_wconf 75' lang='grc'><strong>4.</strong></span> <span class='ocrx_word' id='word_1_10' title='bbox 651 585 1009 641; x_wconf 64' lang='grc' dir='ltr'>Ειιῡοηιίηυε</span> <span class='ocrx_word' id='word_1_11' title='bbox 1042 584 1096 637; x_wconf 87' lang='lat' dir='ltr'><strong>in</strong></span> <span class='ocrx_word' id='word_1_12' title='bbox 1130 582 1362 638; x_wconf 80' lang='lat' dir='ltr'><strong>circuitu</strong></span> <span class='ocrx_word' id='word_1_13' title='bbox 1395 580 1579 651; x_wconf 83' lang='lat' dir='ltr'><strong>populi</strong></span> <span class='ocrx_word' id='word_1_14' title='bbox 1604 581 1714 646; x_wconf 88' lang='lat' dir='ltr'><strong>sui,</strong></span> 
     </span>
    </p>
   </div>
   <div class='ocr_carea' id='block_1_4' title="bbox 560 673 1720 744">
    <p class='ocr_par' dir='ltr' id='par_1_4' title="bbox 560 673 1720 744">
     <span class='ocr_line' id='line_1_4' title="bbox 560 673 1720 744; baseline -0.009 -6"><span class='ocrx_word' id='word_1_15' title='bbox 560 683 621 738; x_wconf 67' lang='grc' dir='ltr'><strong>ὃ.</strong></span> <span class='ocrx_word' id='word_1_16' title='bbox 650 680 726 735; x_wconf 78' lang='lat' dir='ltr'><strong>Ex</strong></span> <span class='ocrx_word' id='word_1_17' title='bbox 757 680 1032 734; x_wconf 85' lang='lat' dir='ltr'><strong>bocnnnc</strong></span> <span class='ocrx_word' id='word_1_18' title='bbox 1059 685 1113 730; x_wconf 91' lang='lat' dir='ltr'><strong>et</strong></span> <span class='ocrx_word' id='word_1_19' title='bbox 1143 689 1318 744; x_wconf 85' lang='lat' dir='ltr'><strong>usque</strong></span> <span class='ocrx_word' id='word_1_20' title='bbox 1349 673 1403 729; x_wconf 92' lang='lat' dir='ltr'><strong>in</strong></span> <span class='ocrx_word' id='word_1_21' title='bbox 1433 673 1720 730; x_wconf 74' lang='lat' dir='ltr'><strong>saeculum.</strong></span> 
     </span>
    </p>
   </div>
   <div class='ocr_carea' id='block_1_5' title="bbox 568 765 2054 841">
    <p class='ocr_par' dir='ltr' id='par_1_5' title="bbox 568 765 2054 841">
     <span class='ocr_line' id='line_1_5' title="bbox 568 765 2054 841; baseline -0.007 -13"><span class='ocrx_word' id='word_1_22' title='bbox 568 772 622 828; x_wconf 84' lang='lat'><strong>6.</strong></span> <span class='ocrx_word' id='word_1_23' title='bbox 667 771 803 841; x_wconf 84' lang='lat' dir='ltr'><strong>Quia</strong></span> <span class='ocrx_word' id='word_1_24' title='bbox 842 784 950 825; x_wconf 88' lang='lat' dir='ltr'><strong>non</strong></span> <span class='ocrx_word' id='word_1_25' title='bbox 995 767 1266 838; x_wconf 83' lang='lat' dir='ltr'><strong>relinquet</strong></span> <span class='ocrx_word' id='word_1_26' title='bbox 1304 765 1566 821; x_wconf 84' lang='lat' dir='ltr'><strong>Dominus</strong></span> <span class='ocrx_word' id='word_1_27' title='bbox 1609 765 1814 833; x_wconf 72' lang='lat' dir='ltr'><strong>virgam</strong></span> <span class='ocrx_word' id='word_1_28' title='bbox 1861 777 2054 833; x_wconf 84' lang='lat' dir='ltr'><strong>pecea-</strong></span> 
     </span>
    </p>
   </div>
   <div class='ocr_carea' id='block_1_6' title="bbox 499 877 680 919">
    <p class='ocr_par' dir='ltr' id='par_1_6' title="bbox 499 877 680 919">
     <span class='ocr_line' id='line_1_6' title="bbox 499 877 680 919; baseline -0.011 0"><span class='ocrx_word' id='word_1_29' title='bbox 499 877 680 919; x_wconf 77' lang='lat' dir='ltr'><strong>torum</strong></span> 
     </span>
    </p>
   </div>
   <div class='ocr_carea' id='block_1_7' title="bbox 571 948 1401 1022">
    <p class='ocr_par' dir='ltr' id='par_1_7' title="bbox 571 948 1401 1022">
     <span class='ocr_line' id='line_1_7' title="bbox 571 948 1401 1022; baseline -0.01 -13"><span class='ocrx_word' id='word_1_30' title='bbox 571 957 623 1009; x_wconf 85' lang='lat'><strong>7.</strong></span> <span class='ocrx_word' id='word_1_31' title='bbox 658 952 832 1022; x_wconf 81' lang='lat' dir='ltr'><strong>Super</strong></span> <span class='ocrx_word' id='word_1_32' title='bbox 862 956 1064 1005; x_wconf 80' lang='lat' dir='ltr'><strong>sortem</strong></span> <span class='ocrx_word' id='word_1_33' title='bbox 1087 948 1359 1019; x_wconf 72' lang='lat' dir='ltr'><strong>iustorum</strong></span> <span class='ocrx_word' id='word_1_34' title='bbox 1387 965 1401 1001; x_wconf 89' lang='lat'><strong>:</strong></span> 
     </span>
    </p>
   </div>
   <div class='ocr_carea' id='block_1_8' title="bbox 568 1036 2059 1110">
    <p class='ocr_par' dir='ltr' id='par_1_8' title="bbox 568 1036 2059 1110">
     <span class='ocr_line' id='line_1_8' title="bbox 568 1036 2059 1110; baseline -0.007 -11"><span class='ocrx_word' id='word_1_35' title='bbox 568 1046 622 1100; x_wconf 90' lang='lat'><strong>8.</strong></span> <span class='ocrx_word' id='word_1_36' title='bbox 655 1042 724 1099; x_wconf 90' lang='lat' dir='ltr'><strong>Ut</strong></span> <span class='ocrx_word' id='word_1_37' title='bbox 752 1059 857 1097; x_wconf 90' lang='lat' dir='ltr'><strong>non</strong></span> <span class='ocrx_word' id='word_1_38' title='bbox 882 1042 1174 1097; x_wconf 82' lang='lat' dir='ltr'><strong>extendant</strong></span> <span class='ocrx_word' id='word_1_39' title='bbox 1202 1039 1336 1110; x_wconf 88' lang='lat' dir='ltr'><strong>justi</strong></span> <span class='ocrx_word' id='word_1_40' title='bbox 1371 1038 1438 1093; x_wconf 90' lang='lat' dir='ltr'><strong>ad</strong></span> <span class='ocrx_word' id='word_1_41' title='bbox 1485 1036 1824 1108; x_wconf 88' lang='lat' dir='ltr'><strong>iniquitatem</strong></span> <span class='ocrx_word' id='word_1_42' title='bbox 1860 1050 2059 1090; x_wconf 82' lang='lat' dir='ltr'><strong>manus</strong></span> 
     </span>
    </p>
   </div>
   <div class='ocr_carea' id='block_1_9' title="bbox 488 1151 651 1192">
    <p class='ocr_par' dir='ltr' id='par_1_9' title="bbox 488 1151 651 1192">
     <span class='ocr_line' id='line_1_9' title="bbox 488 1151 651 1192; baseline -0.018 0"><span class='ocrx_word' id='word_1_43' title='bbox 488 1151 651 1192; x_wconf 74' lang='lat' dir='ltr'><strong>suas.</strong></span> 
     </span>
    </p>
   </div>
   <div class='ocr_carea' id='block_1_10' title="bbox 567 1219 1862 1292">
    <p class='ocr_par' dir='ltr' id='par_1_10' title="bbox 567 1219 1862 1292">
     <span class='ocr_line' id='line_1_10' title="bbox 567 1219 1862 1292; baseline -0.006 -10"><span class='ocrx_word' id='word_1_44' title='bbox 567 1227 619 1282; x_wconf 89' lang='lat'><strong>9.</strong></span> <span class='ocrx_word' id='word_1_45' title='bbox 645 1224 894 1292; x_wconf 79' lang='lat' dir='ltr'><strong>Benefac,</strong></span> <span class='ocrx_word' id='word_1_46' title='bbox 922 1221 1166 1289; x_wconf 87' lang='lat' dir='ltr'><strong>Domine,</strong></span> <span class='ocrx_word' id='word_1_47' title='bbox 1196 1220 1377 1285; x_wconf 88' lang='lat' dir='ltr'><strong>bonis,</strong></span> <span class='ocrx_word' id='word_1_48' title='bbox 1407 1227 1463 1275; x_wconf 90' lang='lat' dir='ltr'><strong>et</strong></span> <span class='ocrx_word' id='word_1_49' title='bbox 1486 1219 1651 1275; x_wconf 88' lang='lat' dir='ltr'><strong>rectis</strong></span> <span class='ocrx_word' id='word_1_50' title='bbox 1679 1219 1862 1276; x_wconf 88' lang='lat' dir='ltr'><strong>corde.</strong></span> 
     </span>
    </p>
   </div>
   <div class='ocr_carea' id='block_1_11' title="bbox 571 1396 1725 1467">
    <p class='ocr_par' dir='ltr' id='par_1_11' title="bbox 571 1396 1725 1467">
     <span class='ocr_line' id='line_1_11' title="bbox 571 1396 1725 1467; baseline -0.007 -8"><span class='ocrx_word' id='word_1_51' title='bbox 571 1405 658 1459; x_wconf 80' lang='lat' dir='ltr'><strong>l0.</strong></span> <span class='ocrx_word' id='word_1_52' title='bbox 682 1402 1022 1457; x_wconf 87' lang='lat' dir='ltr'><strong>Deelinantcs</strong></span> <span class='ocrx_word' id='word_1_53' title='bbox 1044 1407 1225 1455; x_wconf 85' lang='lat' dir='ltr'><strong>autem</strong></span> <span class='ocrx_word' id='word_1_54' title='bbox 1256 1398 1310 1452; x_wconf 89' lang='lat' dir='ltr'><strong>in</strong></span> <span class='ocrx_word' id='word_1_55' title='bbox 1343 1396 1725 1467; x_wconf 78' lang='lat' dir='ltr'><strong>obligationes,</strong></span> 
     </span>
    </p>
   </div>
   <div class='ocr_carea' id='block_1_12' title="bbox 573 1483 2043 1559">
    <p class='ocr_par' dir='ltr' id='par_1_12' title="bbox 573 1483 2043 1559">
     <span class='ocr_line' id='line_1_12' title="bbox 573 1483 2043 1559; baseline -0.01 -8"><span class='ocrx_word' id='word_1_56' title='bbox 573 1497 659 1551; x_wconf 92' lang='grc'><strong>11.</strong></span> <span class='ocrx_word' id='word_1_57' title='bbox 709 1494 951 1549; x_wconf 82' lang='lat' dir='ltr'><strong>Adducet</strong></span> <span class='ocrx_word' id='word_1_58' title='bbox 998 1492 1257 1547; x_wconf 77' lang='lat' dir='ltr'><strong>Dominus</strong></span> <span class='ocrx_word' id='word_1_59' title='bbox 1301 1506 1425 1546; x_wconf 87' lang='lat' dir='ltr'><strong>cum</strong></span> <span class='ocrx_word' id='word_1_60' title='bbox 1456 1488 1805 1559; x_wconf 88' lang='lat' dir='ltr'><strong>operantibus</strong></span> <span class='ocrx_word' id='word_1_61' title='bbox 1839 1483 2043 1555; x_wconf 85' lang='lat' dir='ltr'><strong>iniqui-</strong></span> 
     </span>
    </p>
   </div>
   <div class='ocr_carea' id='block_1_13' title="bbox 384 1598 685 1644">
    <p class='ocr_par' dir='ltr' id='par_1_13' title="bbox 384 1598 685 1644">
     <span class='ocr_line' id='line_1_13' title="bbox 384 1598 685 1644; baseline -0.003 -1"><span class='ocrx_word' id='word_1_62' title='bbox 384 1613 395 1618; x_wconf 89' lang='grc'><strong>·</strong></span> <span class='ocrx_word' id='word_1_63' title='bbox 462 1630 465 1635; x_wconf 93' lang='grc'><strong>-</strong></span> <span class='ocrx_word' id='word_1_64' title='bbox 482 1598 685 1644; x_wconf 78' lang='lat' dir='ltr'><strong>:tatem.</strong></span> 
     </span>
    </p>
   </div>
   <div class='ocr_carea' id='block_1_14' title="bbox 531 1675 1587 1759">
    <p class='ocr_par' dir='ltr' id='par_1_14' title="bbox 531 1675 1587 1759">
     <span class='ocr_line' id='line_1_14' title="bbox 531 1675 1587 1759; baseline -0.009 -23"><span class='ocrx_word' id='word_1_65' title='bbox 531 1750 539 1759; x_wconf 33' lang='lat'><strong><em>.</em></strong></span> <span class='ocrx_word' id='word_1_66' title='bbox 572 1681 660 1736; x_wconf 73' lang='grc'>12.</span> <span class='ocrx_word' id='word_1_67' title='bbox 690 1678 803 1735; x_wconf 76' lang='lat' dir='ltr'><strong>Pax</strong></span> <span class='ocrx_word' id='word_1_68' title='bbox 833 1693 999 1747; x_wconf 82' lang='lat' dir='ltr'><strong>super</strong></span> <span class='ocrx_word' id='word_1_69' title='bbox 1028 1675 1213 1732; x_wconf 86' lang='lat' dir='ltr'><strong>Israel.</strong></span> <span class='ocrx_word' id='word_1_70' title='bbox 1584 1706 1587 1709; x_wconf 53' lang='grc' dir='ltr'><strong>λ</strong></span> 
     </span>
    </p>
   </div>
   <div class='ocr_carea' id='block_1_15' title="bbox 727 1760 1830 1825">
    <p class='ocr_par' dir='ltr' id='par_1_15' title="bbox 727 1760 1830 1825">
     <span class='ocr_line' id='line_1_15' title="bbox 727 1760 1830 1825; baseline -0.006 0"><span class='ocrx_word' id='word_1_71' title='bbox 727 1770 1005 1825; x_wconf 73' lang='lat' dir='ltr'><strong>Canticum</strong></span> <span class='ocrx_word' id='word_1_72' title='bbox 1038 1768 1334 1824; x_wconf 83' lang='lat' dir='ltr'><strong>Graduum.</strong></span> <span class='ocrx_word' id='word_1_73' title='bbox 1365 1763 1570 1821; x_wconf 76' lang='lat' dir='ltr'><strong>PSAL.</strong></span> <span class='ocrx_word' id='word_1_74' title='bbox 1603 1760 1830 1820; x_wconf 77' lang='lat' dir='ltr'><strong>CXXV.</strong></span> 
     </span>
    </p>
   </div>
   <div class='ocr_carea' id='block_1_16' title="bbox 560 1852 1978 1928">
    <p class='ocr_par' dir='ltr' id='par_1_16' title="bbox 560 1852 1978 1928">
     <span class='ocr_line' id='line_1_16' title="bbox 560 1852 1978 1928; baseline -0.008 -11"><span class='ocrx_word' id='word_1_75' title='bbox 560 1864 623 1920; x_wconf 88' lang='grc'><strong>·1.</strong></span> <span class='ocrx_word' id='word_1_76' title='bbox 661 1861 719 1917; x_wconf 82' lang='lat' dir='ltr'><strong>In</strong></span> <span class='ocrx_word' id='word_1_77' title='bbox 746 1861 1107 1917; x_wconf 84' lang='lat' dir='ltr'><strong>eonvertendo</strong></span> <span class='ocrx_word' id='word_1_78' title='bbox 1141 1858 1402 1915; x_wconf 89' lang='lat' dir='ltr'><strong>Dominus</strong></span> <span class='ocrx_word' id='word_1_79' title='bbox 1430 1857 1794 1928; x_wconf 87' lang='lat' dir='ltr'><strong>captivitatem</strong></span> <span class='ocrx_word' id='word_1_80' title='bbox 1827 1852 1978 1919; x_wconf 86' lang='lat' dir='ltr'><strong>Sion,</strong></span> 
     </span>
    </p>
   </div>
   <div class='ocr_carea' id='block_1_17' title="bbox 1330 368 2886 431">
    <p class='ocr_par' dir='ltr' id='par_1_17' title="bbox 1330 368 2886 431">
     <span class='ocr_line' id='line_1_17' title="bbox 1330 368 2886 431; baseline -0.004 -2"><span class='ocrx_word' id='word_1_81' title='bbox 1330 374 1388 430; x_wconf 88' lang='lat' dir='ltr'><strong>S.</strong></span> <span class='ocrx_word' id='word_1_82' title='bbox 1431 373 1799 431; x_wconf 74' lang='lat' dir='ltr'><strong>ATHANASII</strong></span> <span class='ocrx_word' id='word_1_83' title='bbox 1838 374 1985 430; x_wconf 84' lang='lat' dir='ltr'><strong>OPP.</strong></span> <span class='ocrx_word' id='word_1_84' title='bbox 2029 373 2207 429; x_wconf 75' lang='lat' dir='ltr'><strong>PARS</strong></span> <span class='ocrx_word' id='word_1_85' title='bbox 2244 370 2330 426; x_wconf 87' lang='lat' dir='ltr'><strong>lll.</strong></span> <span class='ocrx_word' id='word_1_86' title='bbox 2387 403 2441 414; x_wconf 89' lang='lat'><strong>—-</strong></span> <span class='ocrx_word' id='word_1_87' title='bbox 2476 368 2886 426; x_wconf 76' lang='lat' dir='ltr'><strong>EXEGETICA.</strong></span> 
     </span>
    </p>
   </div>
   <div class='ocr_carea' id='block_1_18' title="bbox 2073 484 2862 558">
    <p class='ocr_par' dir='ltr' id='par_1_18' title="bbox 2073 484 2862 558">
     <span class='ocr_line' id='line_1_18' title="bbox 2073 484 2862 558; baseline 0.006 -17"><span class='ocrx_word' id='word_1_88' title='bbox 2073 498 2115 552; x_wconf 78' lang='grc' dir='ltr'><strong>Α</strong></span> <span class='ocrx_word' id='word_1_89' title='bbox 2211 490 2265 543; x_wconf 78' lang='lat'><strong>3.</strong></span> <span class='ocrx_word' id='word_1_90' title='bbox 2302 487 2441 558; x_wconf 89' lang='grc' dir='ltr'>Ὀρη</span> <span class='ocrx_word' id='word_1_91' title='bbox 2465 485 2647 555; x_wconf 80' lang='grc' dir='ltr'><strong>κύκλῳ</strong></span> <span class='ocrx_word' id='word_1_92' title='bbox 2672 484 2862 554; x_wconf 67' lang='grc' dir='ltr'>αὑτῆς,</span> 
     </span>
    </p>
   </div>
   <div class='ocr_carea' id='block_1_19' title="bbox 3567 364 3706 420">
    <p class='ocr_par' dir='ltr' id='par_1_19' title="bbox 3567 364 3706 420">
     <span class='ocr_line' id='line_1_19' title="bbox 3567 364 3706 420; baseline -0.014 0"><span class='ocrx_word' id='word_1_93' title='bbox 3567 364 3706 420; x_wconf 67' lang='lat'><strong>19.33</strong></span> 
     </span>
    </p>
   </div>
   <div class='ocr_carea' id='block_1_20' title="bbox 2221 568 3401 649">
    <p class='ocr_par' dir='ltr' id='par_1_20' title="bbox 2221 568 3401 649">
     <span class='ocr_line' id='line_1_20' title="bbox 2221 568 3401 649; baseline -0.006 -16"><span class='ocrx_word' id='word_1_94' title='bbox 2221 581 2272 633; x_wconf 69' lang='grc'><strong>4.</strong></span> <span class='ocrx_word' id='word_1_95' title='bbox 2311 578 2420 633; x_wconf 74' lang='grc' dir='ltr'><strong>Καὶ</strong></span> <span class='ocrx_word' id='word_1_96' title='bbox 2447 581 2476 632; x_wconf 84' lang='grc' dir='ltr'>ὁ</span> <span class='ocrx_word' id='word_1_97' title='bbox 2505 576 2705 649; x_wconf 85' lang='grc' dir='ltr'>Κύριος</span> <span class='ocrx_word' id='word_1_98' title='bbox 2728 574 2912 646; x_wconf 84' lang='grc' dir='ltr'>κύκλῳ</span> <span class='ocrx_word' id='word_1_99' title='bbox 2939 572 3031 627; x_wconf 82' lang='grc' dir='ltr'>τοῦ</span> <span class='ocrx_word' id='word_1_100' title='bbox 3057 571 3186 626; x_wconf 77' lang='grc' dir='ltr'>λαοῦ</span> <span class='ocrx_word' id='word_1_101' title='bbox 3215 568 3401 626; x_wconf 75' lang='grc' dir='ltr'><strong>αὑτοῦ.</strong></span> 
     </span>
    </p>
   </div>
   <div class='ocr_carea' id='block_1_21' title="bbox 2220 659 3285 727">
    <p class='ocr_par' dir='ltr' id='par_1_21' title="bbox 2220 659 3285 727">
     <span class='ocr_line' id='line_1_21' title="bbox 2220 659 3285 727; baseline -0.008 -5"><span class='ocrx_word' id='word_1_102' title='bbox 2220 668 2273 724; x_wconf 80' lang='lat'><strong>5.</strong></span> <span class='ocrx_word' id='word_1_103' title='bbox 2294 666 2428 720; x_wconf 81' lang='grc' dir='ltr'><strong>Ἀπὸ</strong></span> <span class='ocrx_word' id='word_1_104' title='bbox 2452 664 2545 719; x_wconf 77' lang='grc' dir='ltr'>τοῦ</span> <span class='ocrx_word' id='word_1_105' title='bbox 2572 664 2665 718; x_wconf 79' lang='grc' dir='ltr'>νῦν</span> <span class='ocrx_word' id='word_1_106' title='bbox 2695 664 2790 718; x_wconf 78' lang='grc' dir='ltr'>καὶ</span> <span class='ocrx_word' id='word_1_107' title='bbox 2822 663 2926 727; x_wconf 72' lang='grc' dir='ltr'>ἕως</span> <span class='ocrx_word' id='word_1_108' title='bbox 2953 659 3046 715; x_wconf 80' lang='grc' dir='ltr'><strong>τοῦ</strong></span> <span class='ocrx_word' id='word_1_109' title='bbox 3070 661 3285 724; x_wconf 81' lang='grc' dir='ltr'><strong>αἰῶνος.</strong></span> 
     </span>
    </p>
   </div>
   <div class='ocr_carea' id='block_1_22' title="bbox 2219 751 3713 830">
    <p class='ocr_par' dir='ltr' id='par_1_22' title="bbox 2219 751 3713 830">
     <span class='ocr_line' id='line_1_22' title="bbox 2219 751 3713 830; baseline -0.007 -14"><span class='ocrx_word' id='word_1_110' title='bbox 2219 759 2410 816; x_wconf 84' lang='grc' dir='ltr'><strong>6.Ὂτι</strong></span> <span class='ocrx_word' id='word_1_111' title='bbox 2437 760 2536 813; x_wconf 85' lang='grc' dir='ltr'><strong>ούκ</strong></span> <span class='ocrx_word' id='word_1_112' title='bbox 2560 759 2758 830; x_wconf 86' lang='grc' dir='ltr'>ἀφήσει</span> <span class='ocrx_word' id='word_1_113' title='bbox 2786 757 2986 830; x_wconf 80' lang='grc' dir='ltr'>Κύριος</span> <span class='ocrx_word' id='word_1_114' title='bbox 3015 756 3113 829; x_wconf 82' lang='grc' dir='ltr'>τὴν</span> <span class='ocrx_word' id='word_1_115' title='bbox 3153 754 3349 827; x_wconf 75' lang='grc' dir='ltr'>ῥάϐδον</span> <span class='ocrx_word' id='word_1_116' title='bbox 3386 752 3494 807; x_wconf 83' lang='grc' dir='ltr'><strong>τῶν</strong></span> <span class='ocrx_word' id='word_1_117' title='bbox 3534 751 3713 825; x_wconf 83' lang='grc' dir='ltr'>ἀμαρ-</span> 
     </span>
    </p>
   </div>
   <div class='ocr_carea' id='block_1_23' title="bbox 2151 851 2336 906">
    <p class='ocr_par' dir='ltr' id='par_1_23' title="bbox 2151 851 2336 906">
     <span class='ocr_line' id='line_1_23' title="bbox 2151 851 2336 906; baseline -0.011 0"><span class='ocrx_word' id='word_1_118' title='bbox 2151 851 2336 906; x_wconf 84' lang='grc' dir='ltr'>τωλῶν</span> 
     </span>
    </p>
   </div>
   <div class='ocr_carea' id='block_1_24' title="bbox 2222 938 3135 1013">
    <p class='ocr_par' dir='ltr' id='par_1_24' title="bbox 2222 938 3135 1013">
     <span class='ocr_line' id='line_1_24' title="bbox 2222 938 3135 1013; baseline -0.005 -16"><span class='ocrx_word' id='word_1_119' title='bbox 2222 943 2273 996; x_wconf 87' lang='lat'><strong>7.</strong></span> <span class='ocrx_word' id='word_1_120' title='bbox 2296 942 2420 997; x_wconf 83' lang='grc' dir='ltr'><strong>Ἐπι</strong></span> <span class='ocrx_word' id='word_1_121' title='bbox 2445 958 2538 996; x_wconf 86' lang='grc' dir='ltr'><strong>τον</strong></span> <span class='ocrx_word' id='word_1_122' title='bbox 2565 942 2761 1013; x_wconf 83' lang='grc' dir='ltr'>κλῆρον</span> <span class='ocrx_word' id='word_1_123' title='bbox 2780 939 2887 993; x_wconf 85' lang='grc' dir='ltr'><strong>τῶν</strong></span> <span class='ocrx_word' id='word_1_124' title='bbox 2913 938 3135 993; x_wconf 80' lang='grc' dir='ltr'>δικαίων</span> 
     </span>
    </p>
   </div>
   <div class='ocr_carea' id='block_1_25' title="bbox 2222 1026 3712 1104">
    <p class='ocr_par' dir='ltr' id='par_1_25' title="bbox 2222 1026 3712 1104">
     <span class='ocr_line' id='line_1_25' title="bbox 2222 1026 3712 1104; baseline -0.006 -16"><span class='ocrx_word' id='word_1_125' title='bbox 2222 1034 2477 1097; x_wconf 85' lang='grc' dir='ltr'>8.Ὅπως</span> <span class='ocrx_word' id='word_1_126' title='bbox 2506 1032 2571 1086; x_wconf 85' lang='grc' dir='ltr'><strong>ἂν</strong></span> <span class='ocrx_word' id='word_1_127' title='bbox 2607 1031 2681 1104; x_wconf 81' lang='grc' dir='ltr'><strong>μὴ</strong></span> <span class='ocrx_word' id='word_1_128' title='bbox 2721 1031 3027 1085; x_wconf 82' lang='grc' dir='ltr'>ἐκτείνωσιν</span> <span class='ocrx_word' id='word_1_129' title='bbox 3049 1030 3099 1082; x_wconf 81' lang='grc' dir='ltr'><strong>οἱ</strong></span> <span class='ocrx_word' id='word_1_130' title='bbox 3134 1029 3332 1083; x_wconf 83' lang='grc' dir='ltr'>δίκαιοι</span> <span class='ocrx_word' id='word_1_131' title='bbox 3379 1029 3438 1081; x_wconf 82' lang='grc' dir='ltr'><strong>ἐν</strong></span> <span class='ocrx_word' id='word_1_132' title='bbox 3464 1026 3712 1098; x_wconf 75' lang='grc' dir='ltr'>ἀνομίαις</span> 
     </span>
    </p>
   </div>
   <div class='ocr_carea' id='block_1_26' title="bbox 2154 1125 2568 1198">
    <p class='ocr_par' dir='ltr' id='par_1_26' title="bbox 2154 1125 2568 1198">
     <span class='ocr_line' id='line_1_26' title="bbox 2154 1125 2568 1198; baseline 0.007 -19"><span class='ocrx_word' id='word_1_133' title='bbox 2154 1129 2338 1198; x_wconf 82' lang='grc' dir='ltr'>χεῖρας</span> <span class='ocrx_word' id='word_1_134' title='bbox 2369 1125 2568 1182; x_wconf 78' lang='grc' dir='ltr'>αὐτῶν.</span> 
     </span>
    </p>
   </div>
   <div class='ocr_carea' id='block_1_27' title="bbox 2224 1210 3712 1287">
    <p class='ocr_par' dir='ltr' id='par_1_27' title="bbox 2224 1210 3712 1287">
     <span class='ocr_line' id='line_1_27' title="bbox 2224 1210 3712 1287; baseline -0.006 -16"><span class='ocrx_word' id='word_1_135' title='bbox 2224 1217 2276 1272; x_wconf 88' lang='grc'><strong>9.</strong></span> <span class='ocrx_word' id='word_1_136' title='bbox 2302 1216 2612 1285; x_wconf 82' lang='grc' dir='ltr'>Ἀγάθυνον,</span> <span class='ocrx_word' id='word_1_137' title='bbox 2641 1215 2833 1287; x_wconf 80' lang='grc' dir='ltr'>Κύριε,</span> <span class='ocrx_word' id='word_1_138' title='bbox 2870 1216 2983 1279; x_wconf 81' lang='grc' dir='ltr'>τοῖς</span> <span class='ocrx_word' id='word_1_139' title='bbox 3018 1213 3241 1284; x_wconf 76' lang='grc' dir='ltr'><strong>ἀγαθοῖς</strong></span> <span class='ocrx_word' id='word_1_140' title='bbox 3275 1211 3367 1265; x_wconf 80' lang='grc' dir='ltr'>καὶ</span> <span class='ocrx_word' id='word_1_141' title='bbox 3394 1213 3505 1275; x_wconf 77' lang='grc' dir='ltr'>τοῖς</span> <span class='ocrx_word' id='word_1_142' title='bbox 3530 1210 3712 1264; x_wconf 77' lang='grc' dir='ltr'>εύθέσι</span> 
     </span>
    </p>
   </div>
   <div class='ocr_carea' id='block_1_28' title="bbox 2158 1309 2473 1381">
    <p class='ocr_par' dir='ltr' id='par_1_28' title="bbox 2158 1309 2473 1381">
     <span class='ocr_line' id='line_1_28' title="bbox 2158 1309 2473 1381; baseline -0.01 -17"><span class='ocrx_word' id='word_1_143' title='bbox 2158 1313 2225 1381; x_wconf 74' lang='grc' dir='ltr'>τῇ</span> <span class='ocrx_word' id='word_1_144' title='bbox 2258 1309 2473 1380; x_wconf 67' lang='grc' dir='ltr'>καρδίᾳ.</span> 
     </span>
    </p>
   </div>
   <div class='ocr_carea' id='block_1_29' title="bbox 2229 1395 3589 1468">
    <p class='ocr_par' dir='ltr' id='par_1_29' title="bbox 2229 1395 3589 1468">
     <span class='ocr_line' id='line_1_29' title="bbox 2229 1395 3589 1468; baseline -0.004 -15"><span class='ocrx_word' id='word_1_145' title='bbox 2229 1400 2315 1453; x_wconf 83' lang='grc'><strong>10.</strong></span> <span class='ocrx_word' id='word_1_146' title='bbox 2356 1400 2493 1463; x_wconf 79' lang='grc' dir='ltr'>Τοὺς</span> <span class='ocrx_word' id='word_1_147' title='bbox 2523 1399 2578 1452; x_wconf 82' lang='grc' dir='ltr'><strong>δὲ</strong></span> <span class='ocrx_word' id='word_1_148' title='bbox 2608 1397 2952 1462; x_wconf 81' lang='grc' dir='ltr'>ἐκκλίνοντας</span> <span class='ocrx_word' id='word_1_149' title='bbox 2983 1400 3063 1463; x_wconf 86' lang='grc' dir='ltr'>εἰς</span> <span class='ocrx_word' id='word_1_150' title='bbox 3095 1398 3191 1462; x_wconf 88' lang='grc' dir='ltr'><strong>τάς</strong></span> <span class='ocrx_word' id='word_1_151' title='bbox 3220 1395 3589 1468; x_wconf 81' lang='grc' dir='ltr'>στραγγαλιας</span> 
     </span>
    </p>
   </div>
   <div class='ocr_carea' id='block_1_30' title="bbox 2228 1484 3718 1561">
    <p class='ocr_par' dir='ltr' id='par_1_30' title="bbox 2228 1484 3718 1561">
     <span class='ocr_line' id='line_1_30' title="bbox 2228 1484 3718 1561; baseline -0.005 -16"><span class='ocrx_word' id='word_1_152' title='bbox 2228 1491 2314 1545; x_wconf 94' lang='grc'><strong>11.</strong></span> <span class='ocrx_word' id='word_1_153' title='bbox 2342 1489 2560 1556; x_wconf 79' lang='grc' dir='ltr'>’Λπάξει</span> <span class='ocrx_word' id='word_1_154' title='bbox 2603 1490 2803 1561; x_wconf 85' lang='grc' dir='ltr'>Κύριος</span> <span class='ocrx_word' id='word_1_155' title='bbox 2854 1489 3021 1561; x_wconf 76' lang='grc' dir='ltr'>μετά’</span> <span class='ocrx_word' id='word_1_156' title='bbox 3046 1489 3153 1544; x_wconf 84' lang='grc' dir='ltr'><strong>τῶν</strong></span> <span class='ocrx_word' id='word_1_157' title='bbox 3201 1486 3584 1561; x_wconf 71' lang='grc' dir='ltr'><strong>ἐργαζομένων</strong></span> <span class='ocrx_word' id='word_1_158' title='bbox 3621 1484 3718 1555; x_wconf 71' lang='grc' dir='ltr'>τὴν</span> 
     </span>
    </p>
   </div>
   <div class='ocr_carea' id='block_1_31' title="bbox 2088 1583 2400 1653">
    <p class='ocr_par' dir='ltr' id='par_1_31' title="bbox 2088 1583 2400 1653">
     <span class='ocr_line' id='line_1_31' title="bbox 2088 1583 2400 1653; baseline 0.003 -17"><span class='ocrx_word' id='word_1_159' title='bbox 2088 1592 2129 1646; x_wconf 81' lang='grc' dir='ltr'><strong>Β</strong></span> <span class='ocrx_word' id='word_1_160' title='bbox 2155 1583 2400 1653; x_wconf 83' lang='grc' dir='ltr'>ἀνομίαν.</span> 
     </span>
    </p>
   </div>
   <div class='ocr_carea' id='block_1_32' title="bbox 2234 1673 3041 1747">
    <p class='ocr_par' dir='ltr' id='par_1_32' title="bbox 2234 1673 3041 1747">
     <span class='ocr_line' id='line_1_32' title="bbox 2234 1673 3041 1747; baseline -0.002 -18"><span class='ocrx_word' id='word_1_161' title='bbox 2234 1675 2321 1729; x_wconf 71' lang='grc'>12.</span> <span class='ocrx_word' id='word_1_162' title='bbox 2358 1675 2561 1747; x_wconf 70' lang='grc' dir='ltr'>Εἰρήνη</span> <span class='ocrx_word' id='word_1_163' title='bbox 2591 1675 2683 1729; x_wconf 81' lang='grc' dir='ltr'>ἐπὶ</span> <span class='ocrx_word' id='word_1_164' title='bbox 2711 1674 2799 1728; x_wconf 78' lang='grc' dir='ltr'>τὸν</span> <span class='ocrx_word' id='word_1_165' title='bbox 2835 1673 3041 1746; x_wconf 70' lang='grc' dir='ltr'>Ἰσραήλ</span> 
     </span>
    </p>
   </div>
   <div class='ocr_carea' id='block_1_33' title="bbox 2365 1764 3488 1836">
    <p class='ocr_par' dir='ltr' id='par_1_33' title="bbox 2365 1764 3488 1836">
     <span class='ocr_line' id='line_1_33' title="bbox 2365 1764 3488 1836; baseline -0.004 -16"><span class='ocrx_word' id='word_1_166' title='bbox 2365 1765 2502 1836; x_wconf 78' lang='grc' dir='ltr'><strong>’ῼδή</strong></span> <span class='ocrx_word' id='word_1_167' title='bbox 2536 1764 2654 1819; x_wconf 76' lang='grc' dir='ltr'><strong>τῶν</strong></span> <span class='ocrx_word' id='word_1_168' title='bbox 2679 1764 3071 1834; x_wconf 76' lang='grc' dir='ltr'><strong>Ἀναϐαθμῶν.</strong></span> <span class='ocrx_word' id='word_1_169' title='bbox 3104 1766 3273 1819; x_wconf 77' lang='grc' dir='ltr'><strong>ΨΑΛ.</strong></span> <span class='ocrx_word' id='word_1_170' title='bbox 3306 1765 3488 1817; x_wconf 85' lang='lat' dir='ltr'><strong>PKE&#39;.</strong></span> 
     </span>
    </p>
   </div>
   <div class='ocr_carea' id='block_1_34' title="bbox 2229 1850 3718 1928">
    <p class='ocr_par' dir='ltr' id='par_1_34' title="bbox 2229 1850 3718 1928">
     <span class='ocr_line' id='line_1_34' title="bbox 2229 1850 3718 1928; baseline -0.004 -17"><span class='ocrx_word' id='word_1_171' title='bbox 2229 1856 2279 1911; x_wconf 89' lang='grc'><strong>1.</strong></span> <span class='ocrx_word' id='word_1_172' title='bbox 2307 1858 2395 1911; x_wconf 91' lang='grc' dir='ltr'>Ἐν</span> <span class='ocrx_word' id='word_1_173' title='bbox 2411 1857 2486 1928; x_wconf 85' lang='grc' dir='ltr'>τῷ</span> <span class='ocrx_word' id='word_1_174' title='bbox 2504 1857 2824 1928; x_wconf 72' lang='grc' dir='ltr'><strong>ἐπιπρέψαι</strong></span> <span class='ocrx_word' id='word_1_175' title='bbox 2840 1856 3040 1928; x_wconf 85' lang='grc' dir='ltr'><strong>Κύριον</strong></span> <span class='ocrx_word' id='word_1_176' title='bbox 3058 1857 3155 1928; x_wconf 83' lang='grc' dir='ltr'>τὴν</span> <span class='ocrx_word' id='word_1_177' title='bbox 3172 1853 3545 1926; x_wconf 77' lang='grc' dir='ltr'><strong>αἰχμαλωσίαν</strong></span> <span class='ocrx_word' id='word_1_178' title='bbox 3559 1850 3718 1918; x_wconf 80' lang='grc' dir='ltr'>Σιὼν,</span> 
     </span>
    </p>
   </div>
   <div class='ocr_carea' id='block_1_35' title="bbox 1608 1963 2602 2023">
    <p class='ocr_par' dir='ltr' id='par_1_35' title="bbox 1608 1963 2602 2023">
     <span class='ocr_line' id='line_1_35' title="bbox 1608 1963 2602 2023; baseline -0.005 0"><span class='ocrx_word' id='word_1_179' title='bbox 1608 1963 1981 2023; x_wconf 81' lang='lat' dir='ltr'><strong>ATHANASII</strong></span> <span class='ocrx_word' id='word_1_180' title='bbox 2021 1963 2602 2019; x_wconf 79' lang='lat' dir='ltr'><strong>INTERPRETATIO.</strong></span> 
     </span>
    </p>
   </div>
   <div class='ocr_carea' id='block_1_36' title="bbox 553 2080 1905 2143">
    <p class='ocr_par' dir='ltr' id='par_1_36' title="bbox 553 2080 1905 2143">
     <span class='ocr_line' id='line_1_36' title="bbox 553 2080 1905 2143; baseline -0.008 0"><span class='ocrx_word' id='word_1_181' title='bbox 553 2086 628 2143; x_wconf 65' lang='grc' dir='ltr'><strong>αὖ.</strong></span> <span class='ocrx_word' id='word_1_182' title='bbox 665 2086 870 2142; x_wconf 83' lang='lat' dir='ltr'><strong>Montes</strong></span> <span class='ocrx_word' id='word_1_183' title='bbox 901 2085 1170 2141; x_wconf 78' lang='lat' dir='ltr'><strong>exsistunt</strong></span> <span class='ocrx_word' id='word_1_184' title='bbox 1214 2084 1268 2137; x_wconf 93' lang='lat' dir='ltr'><strong>in</strong></span> <span class='ocrx_word' id='word_1_185' title='bbox 1316 2081 1545 2138; x_wconf 85' lang='lat' dir='ltr'><strong>circuitu</strong></span> <span class='ocrx_word' id='word_1_186' title='bbox 1583 2080 1905 2137; x_wconf 87' lang='lat' dir='ltr'><strong>Jerusalem.</strong></span> 
     </span>
    </p>
   </div>
   <div class='ocr_carea' id='block_1_37' title="bbox 570 2170 2052 2243">
    <p class='ocr_par' dir='ltr' id='par_1_37' title="bbox 570 2170 2052 2243">
     <span class='ocr_line' id='line_1_37' title="bbox 570 2170 2052 2243; baseline -0.007 -10"><span class='ocrx_word' id='word_1_187' title='bbox 570 2176 629 2243; x_wconf 76' lang='grc' dir='ltr'><strong>ι,</strong></span> <span class='ocrx_word' id='word_1_188' title='bbox 658 2178 711 2232; x_wconf 83' lang='lat'><strong>5.</strong></span> <span class='ocrx_word' id='word_1_189' title='bbox 743 2177 807 2231; x_wconf 85' lang='lat' dir='ltr'><strong>Et</strong></span> <span class='ocrx_word' id='word_1_190' title='bbox 829 2176 1090 2231; x_wconf 88' lang='lat' dir='ltr'><strong>Dominus</strong></span> <span class='ocrx_word' id='word_1_191' title='bbox 1117 2173 1295 2237; x_wconf 87' lang='lat' dir='ltr'><strong>Jesus,</strong></span> <span class='ocrx_word' id='word_1_192' title='bbox 1325 2189 1480 2228; x_wconf 88' lang='lat' dir='ltr'><strong>mons</strong></span> <span class='ocrx_word' id='word_1_193' title='bbox 1509 2172 1739 2241; x_wconf 83' lang='lat' dir='ltr'><strong>impleas</strong></span> <span class='ocrx_word' id='word_1_194' title='bbox 1764 2170 2052 2232; x_wconf 86' lang='lat' dir='ltr'><strong>mundum,</strong></span> 
     </span>
    </p>
   </div>
   <div class='ocr_carea' id='block_1_38' title="bbox 504 2260 2058 2337">
    <p class='ocr_par' dir='ltr' id='par_1_38' title="bbox 504 2260 2058 2337">
     <span class='ocr_line' id='line_1_38' title="bbox 504 2260 2058 2337; baseline -0.005 -13"><span class='ocrx_word' id='word_1_195' title='bbox 504 2269 559 2324; x_wconf 89' lang='lat' dir='ltr'><strong>in</strong></span> <span class='ocrx_word' id='word_1_196' title='bbox 589 2268 940 2324; x_wconf 86' lang='lat' dir='ltr'><strong>circuitu-est</strong></span> <span class='ocrx_word' id='word_1_197' title='bbox 986 2266 1172 2337; x_wconf 87' lang='lat' dir='ltr'><strong>p0puli</strong></span> <span class='ocrx_word' id='word_1_198' title='bbox 1220 2265 1326 2331; x_wconf 91' lang='lat' dir='ltr'><strong>sui,</strong></span> <span class='ocrx_word' id='word_1_199' title='bbox 1371 2273 1428 2320; x_wconf 91' lang='lat' dir='ltr'><strong>et</strong></span> <span class='ocrx_word' id='word_1_200' title='bbox 1474 2278 1619 2318; x_wconf 89' lang='lat' dir='ltr'><strong>nunc</strong></span> <span class='ocrx_word' id='word_1_201' title='bbox 1664 2272 1717 2319; x_wconf 90' lang='lat' dir='ltr'><strong>et</strong></span> <span class='ocrx_word' id='word_1_202' title='bbox 1764 2262 1819 2316; x_wconf 90' lang='lat' dir='ltr'><strong>in</strong></span> <span class='ocrx_word' id='word_1_203' title='bbox 1874 2260 2058 2317; x_wconf 79' lang='lat' dir='ltr'><strong>futuro</strong></span> 
     </span>
    </p>
   </div>
   <div class='ocr_carea' id='block_1_39' title="bbox 504 2359 724 2414">
    <p class='ocr_par' dir='ltr' id='par_1_39' title="bbox 504 2359 724 2414">
     <span class='ocr_line' id='line_1_39' title="bbox 504 2359 724 2414; baseline 0 0"><span class='ocrx_word' id='word_1_204' title='bbox 504 2359 724 2414; x_wconf 70' lang='lat' dir='ltr'><strong>saeculo.</strong></span> 
     </span>
    </p>
   </div>
   <div class='ocr_carea' id='block_1_40' title="bbox 573 2441 2059 2516">
    <p class='ocr_par' dir='ltr' id='par_1_40' title="bbox 573 2441 2059 2516">
     <span class='ocr_line' id='line_1_40' title="bbox 573 2441 2059 2516; baseline -0.006 -11"><span class='ocrx_word' id='word_1_205' title='bbox 573 2450 628 2505; x_wconf 87' lang='lat'><strong>6.</strong></span> <span class='ocrx_word' id='word_1_206' title='bbox 658 2448 777 2504; x_wconf 85' lang='lat' dir='ltr'><strong>Non</strong></span> <span class='ocrx_word' id='word_1_207' title='bbox 811 2449 956 2505; x_wconf 90' lang='lat' dir='ltr'><strong>enim</strong></span> <span class='ocrx_word' id='word_1_208' title='bbox 992 2449 1134 2504; x_wconf 87' lang='lat' dir='ltr'><strong>sinet</strong></span> <span class='ocrx_word' id='word_1_209' title='bbox 1183 2447 1447 2503; x_wconf 83' lang='lat' dir='ltr'><strong>Dominus</strong></span> <span class='ocrx_word' id='word_1_210' title='bbox 1478 2451 1820 2516; x_wconf 87' lang='lat' dir='ltr'><strong>potestatem,</strong></span> <span class='ocrx_word' id='word_1_211' title='bbox 1860 2451 1916 2498; x_wconf 91' lang='lat' dir='ltr'><strong>et</strong></span> <span class='ocrx_word' id='word_1_212' title='bbox 1960 2441 2059 2497; x_wconf 88' lang='lat' dir='ltr'><strong>ad-</strong></span> 
     </span>
    </p>
   </div>
   <div class='ocr_carea' id='block_1_41' title="bbox 505 2543 1153 2614">
    <p class='ocr_par' dir='ltr' id='par_1_41' title="bbox 505 2543 1153 2614">
     <span class='ocr_line' id='line_1_41' title="bbox 505 2543 1153 2614; baseline -0.003 -16"><span class='ocrx_word' id='word_1_213' title='bbox 505 2543 802 2600; x_wconf 78' lang='lat' dir='ltr'><strong>versariam</strong></span> <span class='ocrx_word' id='word_1_214' title='bbox 834 2543 1153 2614; x_wconf 85' lang='lat' dir='ltr'><strong>potentiam.</strong></span> 
     </span>
    </p>
   </div>
   <div class='ocr_carea' id='block_1_42' title="bbox 576 2630 1980 2707">
    <p class='ocr_par' dir='ltr' id='par_1_42' title="bbox 576 2630 1980 2707">
     <span class='ocr_line' id='line_1_42' title="bbox 576 2630 1980 2707; baseline -0.001 -20"><span class='ocrx_word' id='word_1_215' title='bbox 576 2636 628 2692; x_wconf 90' lang='lat'><strong>7.</strong></span> <span class='ocrx_word' id='word_1_216' title='bbox 660 2635 680 2707; x_wconf 94' lang='lat'><strong>(</strong></span> <span class='ocrx_word' id='word_1_217' title='bbox 702 2634 867 2704; x_wconf 80' lang='lat' dir='ltr'><strong>Super</strong></span> <span class='ocrx_word' id='word_1_218' title='bbox 898 2637 1128 2703; x_wconf 80' lang='lat' dir='ltr'><strong>sortem)</strong></span> <span class='ocrx_word' id='word_1_219' title='bbox 1157 2642 1470 2687; x_wconf 89' lang='lat' dir='ltr'><strong>sanctorum</strong></span> <span class='ocrx_word' id='word_1_220' title='bbox 1501 2630 1642 2703; x_wconf 78' lang='lat' dir='ltr'><strong>eius.</strong></span> <span class='ocrx_word' id='word_1_221' title='bbox 1970 2691 1980 2702; x_wconf 60' lang='grc'><strong>,</strong></span> 
     </span>
    </p>
   </div>
   <div class='ocr_carea' id='block_1_43' title="bbox 574 2716 2060 2793">
    <p class='ocr_par' dir='ltr' id='par_1_43' title="bbox 574 2716 2060 2793">
     <span class='ocr_line' id='line_1_43' title="bbox 574 2716 2060 2793; baseline -0.007 -12"><span class='ocrx_word' id='word_1_222' title='bbox 574 2724 629 2781; x_wconf 88' lang='grc'>8.</span> <span class='ocrx_word' id='word_1_223' title='bbox 679 2724 756 2780; x_wconf 83' lang='lat' dir='ltr'><strong>Ne</strong></span> <span class='ocrx_word' id='word_1_224' title='bbox 797 2723 968 2793; x_wconf 80' lang='lat' dir='ltr'><strong>justi,</strong></span> <span class='ocrx_word' id='word_1_225' title='bbox 1024 2720 1429 2777; x_wconf 87' lang='lat' dir='ltr'><strong>dominantibus</strong></span> <span class='ocrx_word' id='word_1_226' title='bbox 1458 2720 1511 2774; x_wconf 87' lang='lat' dir='ltr'><strong>in</strong></span> <span class='ocrx_word' id='word_1_227' title='bbox 1570 2733 1668 2775; x_wconf 88' lang='lat' dir='ltr'><strong>eos</strong></span> <span class='ocrx_word' id='word_1_228' title='bbox 1702 2716 2060 2783; x_wconf 65' lang='lat' dir='ltr'><strong>damonibus,</strong></span> 
     </span>
    </p>
   </div>
   <div class='ocr_carea' id='block_1_44' title="bbox 493 2810 1770 2881">
    <p class='ocr_par' dir='ltr' id='par_1_44' title="bbox 493 2810 1770 2881">
     <span class='ocr_line' id='line_1_44' title="bbox 493 2810 1770 2881; baseline -0.005 -10"><span class='ocrx_word' id='word_1_229' title='bbox 493 2815 725 2871; x_wconf 82' lang='lat' dir='ltr'><strong>&#39;tradant</strong></span> <span class='ocrx_word' id='word_1_230' title='bbox 744 2816 959 2870; x_wconf 88' lang='lat' dir='ltr'><strong>animas</strong></span> <span class='ocrx_word' id='word_1_231' title='bbox 989 2827 1116 2869; x_wconf 85' lang='lat' dir='ltr'><strong>suas</strong></span> <span class='ocrx_word' id='word_1_232' title='bbox 1141 2810 1604 2881; x_wconf 84' lang='lat' dir='ltr'><strong>concupiscentiis</strong></span> <span class='ocrx_word' id='word_1_233' title='bbox 1624 2810 1770 2865; x_wconf 54' lang='lat' dir='ltr'><strong>vitae.</strong></span> 
     </span>
    </p>
   </div>
   <div class='ocr_carea' id='block_1_45' title="bbox 573 2982 2064 3056">
    <p class='ocr_par' dir='ltr' id='par_1_45' title="bbox 573 2982 2064 3056">
     <span class='ocr_line' id='line_1_45' title="bbox 573 2982 2064 3056; baseline -0.005 -11"><span class='ocrx_word' id='word_1_234' title='bbox 573 2990 627 3045; x_wconf 87' lang='lat'><strong>9.</strong></span> <span class='ocrx_word' id='word_1_235' title='bbox 652 2988 749 3056; x_wconf 83' lang='lat' dir='ltr'><strong>Da,</strong></span> <span class='ocrx_word' id='word_1_236' title='bbox 782 2988 941 3055; x_wconf 77' lang='lat' dir='ltr'><strong>Deus,</strong></span> <span class='ocrx_word' id='word_1_237' title='bbox 972 2991 1116 3047; x_wconf 88' lang='lat' dir='ltr'><strong>bona</strong></span> <span class='ocrx_word' id='word_1_238' title='bbox 1145 2988 1326 3054; x_wconf 86' lang='lat' dir='ltr'><strong>bonis,</strong></span> <span class='ocrx_word' id='word_1_239' title='bbox 1355 2995 1411 3042; x_wconf 92' lang='lat' dir='ltr'><strong>et</strong></span> <span class='ocrx_word' id='word_1_240' title='bbox 1439 2982 1818 3041; x_wconf 83' lang='lat' dir='ltr'><strong>obedientibus</strong></span> <span class='ocrx_word' id='word_1_241' title='bbox 1863 2995 2064 3054; x_wconf 67' lang='lat' dir='ltr'><strong>praece-</strong></span> 
     </span>
    </p>
   </div>
   <div class='ocr_carea' id='block_1_46' title="bbox 496 3082 1047 3152">
    <p class='ocr_par' dir='ltr' id='par_1_46' title="bbox 496 3082 1047 3152">
     <span class='ocr_line' id='line_1_46' title="bbox 496 3082 1047 3152; baseline 0.004 -15"><span class='ocrx_word' id='word_1_242' title='bbox 496 3082 615 3152; x_wconf 78' lang='lat' dir='ltr'><strong>ptis</strong></span> <span class='ocrx_word' id='word_1_243' title='bbox 645 3083 752 3138; x_wconf 79' lang='lat' dir='ltr'><strong>tuis</strong></span> <span class='ocrx_word' id='word_1_244' title='bbox 776 3098 840 3137; x_wconf 74' lang='lat' dir='ltr'><strong>ex</strong></span> <span class='ocrx_word' id='word_1_245' title='bbox 872 3084 1047 3140; x_wconf 83' lang='lat' dir='ltr'><strong>corde.</strong></span> 
     </span>
    </p>
   </div>
   <div class='ocr_carea' id='block_1_47' title="bbox 576 3165 2063 3240">
    <p class='ocr_par' dir='ltr' id='par_1_47' title="bbox 576 3165 2063 3240">
     <span class='ocr_line' id='line_1_47' title="bbox 576 3165 2063 3240; baseline -0.008 -9"><span class='ocrx_word' id='word_1_246' title='bbox 576 3174 669 3238; x_wconf 84' lang='lat' dir='ltr'><strong>l0,</strong></span> <span class='ocrx_word' id='word_1_247' title='bbox 693 3175 778 3231; x_wconf 89' lang='grc'><strong>11.</strong></span> <span class='ocrx_word' id='word_1_248' title='bbox 810 3174 1074 3230; x_wconf 87' lang='lat' dir='ltr'><strong>Dedentes</strong></span> <span class='ocrx_word' id='word_1_249' title='bbox 1095 3182 1273 3229; x_wconf 88' lang='lat' dir='ltr'><strong>autem</strong></span> <span class='ocrx_word' id='word_1_250' title='bbox 1314 3170 1526 3240; x_wconf 85' lang='lat' dir='ltr'><strong>seipsos</strong></span> <span class='ocrx_word' id='word_1_251' title='bbox 1555 3167 1611 3222; x_wconf 89' lang='lat' dir='ltr'><strong>in</strong></span> <span class='ocrx_word' id='word_1_252' title='bbox 1648 3165 1898 3222; x_wconf 85' lang='lat' dir='ltr'><strong>lascivias</strong></span> <span class='ocrx_word' id='word_1_253' title='bbox 1941 3180 2063 3221; x_wconf 84' lang='lat' dir='ltr'><strong>cor-</strong></span> 
     </span>
    </p>
   </div>
   <div class='ocr_carea' id='block_1_48' title="bbox 2227 2081 3536 2154">
    <p class='ocr_par' dir='ltr' id='par_1_48' title="bbox 2227 2081 3536 2154">
     <span class='ocr_line' id='line_1_48' title="bbox 2227 2081 3536 2154; baseline -0.001 -19"><span class='ocrx_word' id='word_1_254' title='bbox 2227 2082 2278 2135; x_wconf 78' lang='grc'><strong>5.</strong></span> <span class='ocrx_word' id='word_1_255' title='bbox 2320 2082 2456 2153; x_wconf 84' lang='grc' dir='ltr'>Ὀρη</span> <span class='ocrx_word' id='word_1_256' title='bbox 2485 2082 2787 2153; x_wconf 80' lang='grc' dir='ltr'>ὑπάρχουσι</span> <span class='ocrx_word' id='word_1_257' title='bbox 2817 2081 2999 2152; x_wconf 80' lang='grc' dir='ltr'>κύκλῳ</span> <span class='ocrx_word' id='word_1_258' title='bbox 3022 2082 3120 2153; x_wconf 83' lang='grc' dir='ltr'>τῆς</span> <span class='ocrx_word' id='word_1_259' title='bbox 3156 2081 3536 2154; x_wconf 85' lang='grc' dir='ltr'>Ἰερουσαλήμ.</span> 
     </span>
    </p>
   </div>
   <div class='ocr_carea' id='block_1_49' title="bbox 2224 2174 3724 2248">
    <p class='ocr_par' dir='ltr' id='par_1_49' title="bbox 2224 2174 3724 2248">
     <span class='ocr_line' id='line_1_49' title="bbox 2224 2174 3724 2248; baseline -0.001 -18"><span class='ocrx_word' id='word_1_260' title='bbox 2224 2174 2280 2240; x_wconf 69' lang='grc'><strong>4,</strong></span> <span class='ocrx_word' id='word_1_261' title='bbox 2308 2174 2359 2230; x_wconf 84' lang='lat'><strong>5.</strong></span> <span class='ocrx_word' id='word_1_262' title='bbox 2400 2176 2507 2228; x_wconf 76' lang='lat' dir='ltr'><strong>Kal</strong></span> <span class='ocrx_word' id='word_1_263' title='bbox 2544 2176 2573 2227; x_wconf 88' lang='grc' dir='ltr'>ὁ</span> <span class='ocrx_word' id='word_1_264' title='bbox 2607 2174 2808 2245; x_wconf 84' lang='grc' dir='ltr'>Κύριος</span> <span class='ocrx_word' id='word_1_265' title='bbox 2844 2174 3069 2246; x_wconf 79' lang='grc' dir='ltr'>Ἰησοῦς,</span> <span class='ocrx_word' id='word_1_266' title='bbox 3102 2175 3163 2228; x_wconf 76' lang='grc' dir='ltr'>τὸ</span> <span class='ocrx_word' id='word_1_267' title='bbox 3202 2175 3326 2246; x_wconf 75' lang='grc' dir='ltr'>ὅρος</span> <span class='ocrx_word' id='word_1_268' title='bbox 3371 2174 3432 2228; x_wconf 76' lang='grc' dir='ltr'>τὺ</span> <span class='ocrx_word' id='word_1_269' title='bbox 3482 2174 3724 2248; x_wconf 75' lang='grc' dir='ltr'>πληροῦν</span> 
     </span>
    </p>
   </div>
   <div class='ocr_carea' id='block_1_50' title="bbox 2156 2266 3723 2339">
    <p class='ocr_par' dir='ltr' id='par_1_50' title="bbox 2156 2266 3723 2339">
     <span class='ocr_line' id='line_1_50' title="bbox 2156 2266 3723 2339; baseline 0.001 -19"><span class='ocrx_word' id='word_1_270' title='bbox 2156 2267 2255 2339; x_wconf 82' lang='grc' dir='ltr'>τὴν</span> <span class='ocrx_word' id='word_1_271' title='bbox 2294 2268 2633 2339; x_wconf 71' lang='grc' dir='ltr'><strong>οἰκουμένην,</strong></span> <span class='ocrx_word' id='word_1_272' title='bbox 2673 2266 2857 2338; x_wconf 81' lang='grc' dir='ltr'>κύκλῳ</span> <span class='ocrx_word' id='word_1_273' title='bbox 2894 2267 3011 2321; x_wconf 69' lang='grc' dir='ltr'>ἐστὶ</span> <span class='ocrx_word' id='word_1_274' title='bbox 3046 2266 3139 2321; x_wconf 80' lang='grc' dir='ltr'><strong>τοῦ</strong></span> <span class='ocrx_word' id='word_1_275' title='bbox 3172 2266 3300 2320; x_wconf 74' lang='grc' dir='ltr'>λαοῦ</span> <span class='ocrx_word' id='word_1_276' title='bbox 3329 2266 3494 2320; x_wconf 78' lang='grc' dir='ltr'>αὐτοῦ</span> <span class='ocrx_word' id='word_1_277' title='bbox 3526 2268 3621 2321; x_wconf 77' lang='grc' dir='ltr'>καὶ</span> <span class='ocrx_word' id='word_1_278' title='bbox 3664 2269 3723 2321; x_wconf 87' lang='grc' dir='ltr'><strong>ἐν</strong></span> 
     </span>
    </p>
   </div>
   <div class='ocr_carea' id='block_1_51' title="bbox 2157 2358 3164 2431">
    <p class='ocr_par' dir='ltr' id='par_1_51' title="bbox 2157 2358 3164 2431">
     <span class='ocr_line' id='line_1_51' title="bbox 2157 2358 3164 2431; baseline 0.001 -20"><span class='ocrx_word' id='word_1_279' title='bbox 2157 2359 2235 2430; x_wconf 83' lang='grc' dir='ltr'>τῷ</span> <span class='ocrx_word' id='word_1_280' title='bbox 2262 2359 2378 2423; x_wconf 81' lang='grc' dir='ltr'>νῦν,</span> <span class='ocrx_word' id='word_1_281' title='bbox 2406 2360 2500 2412; x_wconf 81' lang='grc' dir='ltr'><strong>καὶ</strong></span> <span class='ocrx_word' id='word_1_282' title='bbox 2521 2361 2579 2414; x_wconf 83' lang='grc' dir='ltr'><strong>ἐν</strong></span> <span class='ocrx_word' id='word_1_283' title='bbox 2609 2358 2687 2430; x_wconf 83' lang='grc' dir='ltr'>τῷ</span> <span class='ocrx_word' id='word_1_284' title='bbox 2716 2359 2966 2431; x_wconf 83' lang='grc' dir='ltr'>μέλλοντι</span> <span class='ocrx_word' id='word_1_285' title='bbox 2992 2359 3164 2413; x_wconf 81' lang='grc' dir='ltr'><strong>αἰῶνι.</strong></span> 
     </span>
    </p>
   </div>
   <div class='ocr_carea' id='block_1_52' title="bbox 2226 2448 3725 2523">
    <p class='ocr_par' dir='ltr' id='par_1_52' title="bbox 2226 2448 3725 2523">
     <span class='ocr_line' id='line_1_52' title="bbox 2226 2448 3725 2523; baseline -0.001 -17"><span class='ocrx_word' id='word_1_286' title='bbox 2226 2451 2277 2506; x_wconf 86' lang='grc' dir='ltr'><strong>ϐ.</strong></span> <span class='ocrx_word' id='word_1_287' title='bbox 2319 2450 2394 2521; x_wconf 85' lang='grc'>(1)</span> <span class='ocrx_word' id='word_1_288' title='bbox 2433 2452 2508 2504; x_wconf 87' lang='grc' dir='ltr'>Ού</span> <span class='ocrx_word' id='word_1_289' title='bbox 2551 2450 2661 2522; x_wconf 88' lang='grc' dir='ltr'><strong>γάρ</strong></span> <span class='ocrx_word' id='word_1_290' title='bbox 2710 2452 3050 2523; x_wconf 80' lang='grc' dir='ltr'><strong>συγχωρήσει</strong></span> <span class='ocrx_word' id='word_1_291' title='bbox 3081 2449 3282 2523; x_wconf 82' lang='grc' dir='ltr'>Κύριος</span> <span class='ocrx_word' id='word_1_292' title='bbox 3307 2450 3428 2504; x_wconf 78' lang='grc' dir='ltr'>κατ’</span> <span class='ocrx_word' id='word_1_293' title='bbox 3454 2448 3725 2515; x_wconf 74' lang='grc' dir='ltr'>ἐξουσίαν,</span> 
     </span>
    </p>
   </div>
   <div class='ocr_carea' id='block_1_53' title="bbox 2159 2542 2925 2614">
    <p class='ocr_par' dir='ltr' id='par_1_53' title="bbox 2159 2542 2925 2614">
     <span class='ocr_line' id='line_1_53' title="bbox 2159 2542 2925 2614; baseline -0.001 -17"><span class='ocrx_word' id='word_1_294' title='bbox 2159 2543 2254 2598; x_wconf 79' lang='grc' dir='ltr'><strong>καὶ</strong></span> <span class='ocrx_word' id='word_1_295' title='bbox 2272 2542 2371 2614; x_wconf 84' lang='grc' dir='ltr'>τὴν</span> <span class='ocrx_word' id='word_1_296' title='bbox 2396 2543 2645 2598; x_wconf 73' lang='grc' dir='ltr'>ἐναντίαν</span> <span class='ocrx_word' id='word_1_297' title='bbox 2678 2543 2925 2614; x_wconf 87' lang='grc' dir='ltr'>δύναμιν.</span> 
     </span>
    </p>
   </div>
   <div class='ocr_carea' id='block_1_54' title="bbox 2229 2633 2848 2702">
    <p class='ocr_par' dir='ltr' id='par_1_54' title="bbox 2229 2633 2848 2702">
     <span class='ocr_line' id='line_1_54' title="bbox 2229 2633 2848 2702; baseline 0 -15"><span class='ocrx_word' id='word_1_298' title='bbox 2229 2635 2281 2689; x_wconf 86' lang='lat'><strong>7.</strong></span> <span class='ocrx_word' id='word_1_299' title='bbox 2321 2633 2442 2687; x_wconf 84' lang='grc' dir='ltr'>Τῶν</span> <span class='ocrx_word' id='word_1_300' title='bbox 2464 2634 2634 2702; x_wconf 79' lang='grc' dir='ltr'>ἀγίων</span> <span class='ocrx_word' id='word_1_301' title='bbox 2660 2633 2848 2689; x_wconf 82' lang='grc' dir='ltr'>αὐτοῦ.</span> 
     </span>
    </p>
   </div>
   <div class='ocr_carea' id='block_1_55' title="bbox 2228 2720 3725 2797">
    <p class='ocr_par' dir='ltr' id='par_1_55' title="bbox 2228 2720 3725 2797">
     <span class='ocr_line' id='line_1_55' title="bbox 2228 2720 3725 2797; baseline 0.003 -21"><span class='ocrx_word' id='word_1_302' title='bbox 2228 2720 2413 2776; x_wconf 86' lang='grc' dir='ltr'><strong>8.”Ινα</strong></span> <span class='ocrx_word' id='word_1_303' title='bbox 2446 2722 2521 2793; x_wconf 87' lang='grc' dir='ltr'><strong>μὴ</strong></span> <span class='ocrx_word' id='word_1_304' title='bbox 2541 2723 2591 2775; x_wconf 72' lang='grc' dir='ltr'><strong>οἱ</strong></span> <span class='ocrx_word' id='word_1_305' title='bbox 2625 2722 2843 2789; x_wconf 86' lang='grc' dir='ltr'>δίκαιοι,</span> <span class='ocrx_word' id='word_1_306' title='bbox 2874 2725 3249 2795; x_wconf 86' lang='grc' dir='ltr'>κυριευθέντες</span> <span class='ocrx_word' id='word_1_307' title='bbox 3268 2725 3373 2779; x_wconf 81' lang='grc' dir='ltr'>ὑπὸ</span> <span class='ocrx_word' id='word_1_308' title='bbox 3406 2727 3518 2780; x_wconf 82' lang='grc' dir='ltr'><strong>τῶν</strong></span> <span class='ocrx_word' id='word_1_309' title='bbox 3544 2728 3725 2797; x_wconf 71' lang='grc' dir='ltr'>δαιμό-</span> 
     </span>
    </p>
   </div>
   <div class='ocr_carea' id='block_1_56' title="bbox 2158 2809 3727 2889">
    <p class='ocr_par' dir='ltr' id='par_1_56' title="bbox 2158 2809 3727 2889">
     <span class='ocr_line' id='line_1_56' title="bbox 2158 2809 3727 2889; baseline 0.005 -26"><span class='ocrx_word' id='word_1_310' title='bbox 2158 2826 2281 2873; x_wconf 87' lang='grc' dir='ltr'>νων,</span> <span class='ocrx_word' id='word_1_311' title='bbox 2317 2809 2589 2864; x_wconf 83' lang='grc' dir='ltr'>ἐκδώσωσι</span> <span class='ocrx_word' id='word_1_312' title='bbox 2618 2810 2716 2874; x_wconf 82' lang='grc' dir='ltr'>τὰς</span> <span class='ocrx_word' id='word_1_313' title='bbox 2741 2811 2917 2881; x_wconf 69' lang='grc' dir='ltr'>ψυχὰς</span> <span class='ocrx_word' id='word_1_314' title='bbox 2947 2813 3022 2883; x_wconf 81' lang='lat'><strong>(‘2)</strong></span> <span class='ocrx_word' id='word_1_315' title='bbox 3050 2813 3229 2867; x_wconf 83' lang='grc' dir='ltr'>αὐτῶν</span> <span class='ocrx_word' id='word_1_316' title='bbox 3255 2819 3373 2878; x_wconf 81' lang='grc' dir='ltr'>ταῖς</span> <span class='ocrx_word' id='word_1_317' title='bbox 3405 2816 3727 2889; x_wconf 74' lang='grc' dir='ltr'><strong>ἐπιθυμίαις</strong></span> 
     </span>
    </p>
   </div>
   <div class='ocr_carea' id='block_1_57' title="bbox 2160 2902 2419 2974">
    <p class='ocr_par' dir='ltr' id='par_1_57' title="bbox 2160 2902 2419 2974">
     <span class='ocr_line' id='line_1_57' title="bbox 2160 2902 2419 2974; baseline 0.012 -18"><span class='ocrx_word' id='word_1_318' title='bbox 2160 2902 2252 2957; x_wconf 78' lang='grc' dir='ltr'><strong>τοῦ</strong></span> <span class='ocrx_word' id='word_1_319' title='bbox 2281 2902 2419 2974; x_wconf 84' lang='grc' dir='ltr'>βίου.</span> 
     </span>
    </p>
   </div>
   <div class='ocr_carea' id='block_1_58' title="bbox 2229 2997 3727 3071">
    <p class='ocr_par' dir='ltr' id='par_1_58' title="bbox 2229 2997 3727 3071">
     <span class='ocr_line' id='line_1_58' title="bbox 2229 2997 3727 3071; baseline 0.005 -18"><span class='ocrx_word' id='word_1_320' title='bbox 2229 2998 2282 3053; x_wconf 85' lang='grc'>9.</span> <span class='ocrx_word' id='word_1_321' title='bbox 2310 2997 2511 3066; x_wconf 80' lang='grc' dir='ltr'><strong>Ἀγαθὰ</strong></span> <span class='ocrx_word' id='word_1_322' title='bbox 2548 2997 2812 3070; x_wconf 85' lang='grc' dir='ltr'>δὼρησαι,</span> <span class='ocrx_word' id='word_1_323' title='bbox 2845 3000 2875 3052; x_wconf 88' lang='grc' dir='ltr'>ὁ</span> <span class='ocrx_word' id='word_1_324' title='bbox 2910 2997 3061 3063; x_wconf 79' lang='grc' dir='ltr'>Θεὸς,</span> <span class='ocrx_word' id='word_1_325' title='bbox 3087 3002 3199 3065; x_wconf 81' lang='grc' dir='ltr'>τοῖς</span> <span class='ocrx_word' id='word_1_326' title='bbox 3233 3000 3460 3070; x_wconf 82' lang='grc' dir='ltr'><strong>ἀγαθοῖς</strong></span> <span class='ocrx_word' id='word_1_327' title='bbox 3492 3004 3592 3058; x_wconf 72' lang='grc' dir='ltr'><strong>καὶ</strong></span> <span class='ocrx_word' id='word_1_328' title='bbox 3620 3006 3727 3071; x_wconf 76' lang='grc' dir='ltr'>τοίς</span> 
     </span>
    </p>
   </div>
   <div class='ocr_carea' id='block_1_59' title="bbox 2159 3087 3392 3165">
    <p class='ocr_par' dir='ltr' id='par_1_59' title="bbox 2159 3087 3392 3165">
     <span class='ocr_line' id='line_1_59' title="bbox 2159 3087 3392 3165; baseline 0.004 -24"><span class='ocrx_word' id='word_1_329' title='bbox 2159 3087 2488 3143; x_wconf 77' lang='grc' dir='ltr'>ὑπακούουσι</span> <span class='ocrx_word' id='word_1_330' title='bbox 2516 3092 2633 3153; x_wconf 85' lang='grc' dir='ltr'>ταῖς</span> <span class='ocrx_word' id='word_1_331' title='bbox 2667 3089 2902 3153; x_wconf 75' lang='grc' dir='ltr'>ἐντολαῖς</span> <span class='ocrx_word' id='word_1_332' title='bbox 2929 3107 3019 3143; x_wconf 91' lang='grc' dir='ltr'><strong>σου</strong></span> <span class='ocrx_word' id='word_1_333' title='bbox 3059 3093 3124 3145; x_wconf 88' lang='grc' dir='ltr'><strong>ἐκ</strong></span> <span class='ocrx_word' id='word_1_334' title='bbox 3148 3092 3392 3165; x_wconf 84' lang='grc' dir='ltr'>καρδίας.</span> 
     </span>
    </p>
   </div>
   <div class='ocr_carea' id='block_1_60' title="bbox 2227 3179 3734 3259">
    <p class='ocr_par' dir='ltr' id='par_1_60' title="bbox 2227 3179 3734 3259">
     <span class='ocr_line' id='line_1_60' title="bbox 2227 3179 3734 3259; baseline 0.006 -26"><span class='ocrx_word' id='word_1_335' title='bbox 2227 3180 2315 3244; x_wconf 87' lang='grc'><strong>10,</strong></span> <span class='ocrx_word' id='word_1_336' title='bbox 2341 3179 2430 3235; x_wconf 89' lang='grc'><strong>11.</strong></span> <span class='ocrx_word' id='word_1_337' title='bbox 2454 3181 2531 3251; x_wconf 82' lang='grc'><strong>(5)</strong></span> <span class='ocrx_word' id='word_1_338' title='bbox 2558 3181 2692 3259; x_wconf 74' lang='grc' dir='ltr'>Τοὺς</span> <span class='ocrx_word' id='word_1_339' title='bbox 2714 3181 2771 3235; x_wconf 87' lang='grc' dir='ltr'><strong>δέ</strong></span> <span class='ocrx_word' id='word_1_340' title='bbox 2796 3182 2874 3246; x_wconf 78' lang='grc' dir='ltr'><strong>εἰς</strong></span> <span class='ocrx_word' id='word_1_341' title='bbox 2905 3182 3193 3251; x_wconf 82' lang='grc' dir='ltr'>ἀσελγείας</span> <span class='ocrx_word' id='word_1_342' title='bbox 3220 3185 3586 3252; x_wconf 75' lang='grc' dir='ltr'><strong>ἐκδεδωκότας</strong></span> <span class='ocrx_word' id='word_1_343' title='bbox 3607 3190 3734 3244; x_wconf 86' lang='grc' dir='ltr'>ἐαυ.</span> 
     </span>
    </p>
   </div>
   <div class='ocr_carea' id='block_1_61' title="bbox 493 3264 2177 3350">
    <p class='ocr_par' dir='ltr' id='par_1_61' title="bbox 493 3264 2177 3344">
     <span class='ocr_line' id='line_1_61' title="bbox 493 3264 2177 3344; baseline -0.011 -16"><span class='ocrx_word' id='word_1_344' title='bbox 493 3273 768 3344; x_wconf 83' lang='lat' dir='ltr'><strong>.rnptioni,</strong></span> <span class='ocrx_word' id='word_1_345' title='bbox 803 3270 981 3324; x_wconf 88' lang='lat' dir='ltr'><strong>tradet</strong></span> <span class='ocrx_word' id='word_1_346' title='bbox 1011 3268 1269 3323; x_wconf 90' lang='lat' dir='ltr'><strong>Dominus</strong></span> <span class='ocrx_word' id='word_1_347' title='bbox 1301 3264 1357 3318; x_wconf 90' lang='lat' dir='ltr'><strong>in</strong></span> <span class='ocrx_word' id='word_1_348' title='bbox 1410 3264 1588 3333; x_wconf 76' lang='lat' dir='ltr'><strong>ignem</strong></span> <span class='ocrx_word' id='word_1_349' title='bbox 1627 3269 1885 3315; x_wconf 69' lang='lat' dir='ltr'><strong>mternum</strong></span> <span class='ocrx_word' id='word_1_350' title='bbox 1933 3272 2058 3314; x_wconf 88' lang='lat' dir='ltr'><strong>cum</strong></span> <span class='ocrx_word' id='word_1_351' title='bbox 2156 3286 2177 3322; x_wconf 77' lang='grc' dir='ltr'><strong>ιι</strong></span> 
     </span>
    </p>
   </div>
   <div class='ocr_carea' id='block_1_62' title="bbox 2181 3264 3733 3350">
    <p class='ocr_par' dir='ltr' id='par_1_62' title="bbox 2181 3269 3733 3350">
     <span class='ocr_line' id='line_1_62' title="bbox 2181 3269 3733 3350; baseline 0.005 -29"><span class='ocrx_word' id='word_1_352' title='bbox 2181 3271 2281 3333; x_wconf 74' lang='grc' dir='ltr'>τοὺς</span> <span class='ocrx_word' id='word_1_353' title='bbox 2319 3273 2383 3341; x_wconf 79' lang='grc' dir='ltr'>τῇ</span> <span class='ocrx_word' id='word_1_354' title='bbox 2424 3269 2603 3342; x_wconf 75' lang='grc' dir='ltr'>φθορᾷ</span> <span class='ocrx_word' id='word_1_355' title='bbox 2643 3269 2951 3340; x_wconf 81' lang='grc' dir='ltr'>παραδώσει</span> <span class='ocrx_word' id='word_1_356' title='bbox 2991 3271 3190 3344; x_wconf 77' lang='grc' dir='ltr'>Κύριος</span> <span class='ocrx_word' id='word_1_357' title='bbox 3230 3273 3307 3345; x_wconf 81' lang='grc' dir='ltr'>τῷ</span> <span class='ocrx_word' id='word_1_358' title='bbox 3348 3277 3555 3348; x_wconf 76' lang='grc' dir='ltr'>αἰωνίῳ</span> <span class='ocrx_word' id='word_1_359' title='bbox 3601 3276 3733 3350; x_wconf 81' lang='grc' dir='ltr'>πυρὶ</span> 
     </span>
    </p>
   </div>
   <div class='ocr_carea' id='block_1_63' title="bbox 496 3357 1216 3427">
    <p class='ocr_par' dir='ltr' id='par_1_63' title="bbox 496 3357 1216 3427">
     <span class='ocr_line' id='line_1_63' title="bbox 496 3357 1216 3427; baseline -0.013 -8"><span class='ocrx_word' id='word_1_360' title='bbox 496 3362 721 3419; x_wconf 81' lang='lat' dir='ltr'><strong>diabolo</strong></span> <span class='ocrx_word' id='word_1_361' title='bbox 755 3368 809 3415; x_wconf 91' lang='lat' dir='ltr'><strong>et</strong></span> <span class='ocrx_word' id='word_1_362' title='bbox 840 3358 1044 3427; x_wconf 84' lang='lat' dir='ltr'><strong>angelis</strong></span> <span class='ocrx_word' id='word_1_363' title='bbox 1076 3357 1216 3425; x_wconf 86' lang='lat' dir='ltr'><strong>ejus.</strong></span> 
     </span>
    </p>
   </div>
   <div class='ocr_carea' id='block_1_64' title="bbox 583 3440 1833 3515">
    <p class='ocr_par' dir='ltr' id='par_1_64' title="bbox 583 3440 1833 3515">
     <span class='ocr_line' id='line_1_64' title="bbox 583 3440 1833 3515; baseline -0.012 -5"><span class='ocrx_word' id='word_1_364' title='bbox 583 3455 670 3510; x_wconf 64' lang='grc' dir='ltr'>ιε.</span> <span class='ocrx_word' id='word_1_365' title='bbox 711 3450 895 3508; x_wconf 82' lang='lat' dir='ltr'><strong>Gratia</strong></span> <span class='ocrx_word' id='word_1_366' title='bbox 924 3448 1045 3503; x_wconf 80' lang='lat' dir='ltr'><strong>Filii</strong></span> <span class='ocrx_word' id='word_1_367' title='bbox 1077 3448 1172 3503; x_wconf 91' lang='lat' dir='ltr'><strong>Dei</strong></span> <span class='ocrx_word' id='word_1_368' title='bbox 1201 3460 1362 3515; x_wconf 88' lang='lat' dir='ltr'><strong>super</strong></span> <span class='ocrx_word' id='word_1_369' title='bbox 1390 3443 1623 3499; x_wconf 90' lang='lat' dir='ltr'><strong>mundos</strong></span> <span class='ocrx_word' id='word_1_370' title='bbox 1652 3440 1833 3498; x_wconf 87' lang='lat' dir='ltr'><strong>corde.</strong></span> 
     </span>
    </p>
   </div>
   <div class='ocr_carea' id='block_1_65' title="bbox 2091 3352 3448 3430">
    <p class='ocr_par' dir='ltr' id='par_1_65' title="bbox 2091 3352 3448 3430">
     <span class='ocr_line' id='line_1_65' title="bbox 2091 3352 3448 3430; baseline 0.005 -19"><span class='ocrx_word' id='word_1_371' title='bbox 2091 3352 2135 3411; x_wconf 85' lang='lat' dir='ltr'><strong>C</strong></span> <span class='ocrx_word' id='word_1_372' title='bbox 2170 3359 2308 3430; x_wconf 86' lang='grc' dir='ltr'>μετὰ</span> <span class='ocrx_word' id='word_1_373' title='bbox 2340 3359 2431 3412; x_wconf 81' lang='grc' dir='ltr'><strong>τοῦ</strong></span> <span class='ocrx_word' id='word_1_374' title='bbox 2465 3358 2709 3411; x_wconf 80' lang='grc' dir='ltr'>διαὸόλου</span> <span class='ocrx_word' id='word_1_375' title='bbox 2734 3359 2827 3412; x_wconf 79' lang='grc' dir='ltr'>καὶ</span> <span class='ocrx_word' id='word_1_376' title='bbox 2856 3358 2963 3412; x_wconf 83' lang='grc' dir='ltr'><strong>τῶν</strong></span> <span class='ocrx_word' id='word_1_377' title='bbox 2990 3361 3233 3430; x_wconf 85' lang='grc' dir='ltr'>ἀγγέλων</span> <span class='ocrx_word' id='word_1_378' title='bbox 3258 3364 3448 3418; x_wconf 76' lang='grc' dir='ltr'>αὐτοῦ.</span> 
     </span>
    </p>
   </div>
   <div class='ocr_carea' id='block_1_66' title="bbox 2240 3448 3731 3531">
    <p class='ocr_par' dir='ltr' id='par_1_66' title="bbox 2240 3448 3731 3531">
     <span class='ocr_line' id='line_1_66' title="bbox 2240 3448 3731 3531; baseline 0.008 -29"><span class='ocrx_word' id='word_1_379' title='bbox 2240 3449 2328 3503; x_wconf 69' lang='grc'>12.</span> <span class='ocrx_word' id='word_1_380' title='bbox 2362 3450 2423 3503; x_wconf 83' lang='grc' dir='ltr'><strong>Ἦ</strong></span> <span class='ocrx_word' id='word_1_381' title='bbox 2448 3449 2605 3521; x_wconf 84' lang='grc' dir='ltr'>χάρις</span> <span class='ocrx_word' id='word_1_382' title='bbox 2622 3448 2715 3503; x_wconf 81' lang='grc' dir='ltr'><strong>τοῦ</strong></span> <span class='ocrx_word' id='word_1_383' title='bbox 2750 3449 2880 3504; x_wconf 83' lang='grc' dir='ltr'>Υἱοῦ</span> <span class='ocrx_word' id='word_1_384' title='bbox 2902 3451 2994 3505; x_wconf 80' lang='grc' dir='ltr'>τοῦ</span> <span class='ocrx_word' id='word_1_385' title='bbox 3025 3452 3158 3507; x_wconf 80' lang='grc' dir='ltr'>Θεοῦ</span> <span class='ocrx_word' id='word_1_386' title='bbox 3192 3455 3285 3509; x_wconf 78' lang='grc' dir='ltr'><strong>ἐπὶ</strong></span> <span class='ocrx_word' id='word_1_387' title='bbox 3305 3458 3434 3522; x_wconf 78' lang='grc' dir='ltr'>τοὺς</span> <span class='ocrx_word' id='word_1_388' title='bbox 3460 3457 3731 3531; x_wconf 71' lang='grc' dir='ltr'>καθαροὺς</span> 
     </span>
    </p>
   </div>
   <div class='ocr_carea' id='block_1_67' title="bbox 2166 3540 2483 3613">
    <p class='ocr_par' dir='ltr' id='par_1_67' title="bbox 2166 3540 2483 3613">
     <span class='ocr_line' id='line_1_67' title="bbox 2166 3540 2483 3613; baseline -0.003 -19"><span class='ocrx_word' id='word_1_389' title='bbox 2166 3544 2233 3613; x_wconf 83' lang='grc' dir='ltr'>τῇ</span> <span class='ocrx_word' id='word_1_390' title='bbox 2269 3540 2483 3613; x_wconf 63' lang='grc' dir='ltr'>καρδία.</span> 
     </span>
    </p>
   </div>
   <div class='ocr_carea' id='block_1_68' title="bbox 591 3673 3730 3758">
    <p class='ocr_par' dir='ltr' id='par_1_68' title="bbox 591 3673 3730 3758">
     <span class='ocr_line' id='line_1_68' title="bbox 591 3673 3730 3758; baseline -0.003 -16"><span class='ocrx_word' id='word_1_391' title='bbox 591 3689 655 3743; x_wconf 85' lang='grc' dir='ltr'><strong><em>Ἦ</em></strong></span> <span class='ocrx_word' id='word_1_392' title='bbox 682 3683 1013 3758; x_wconf 79' lang='grc' dir='ltr'>προκειμένη</span> <span class='ocrx_word' id='word_1_393' title='bbox 1049 3678 1323 3752; x_wconf 77' lang='grc' dir='ltr'>ἐπιγραφὴ</span> <span class='ocrx_word' id='word_1_394' title='bbox 1356 3677 1596 3751; x_wconf 77' lang='grc' dir='ltr'>περιέχει</span> <span class='ocrx_word' id='word_1_395' title='bbox 1631 3676 1705 3749; x_wconf 73' lang='grc' dir='ltr'><strong>(ι)</strong></span> <span class='ocrx_word' id='word_1_396' title='bbox 1732 3695 1746 3708; x_wconf 89' lang='grc'><strong>·</strong></span> <span class='ocrx_word' id='word_1_397' title='bbox 1792 3676 1934 3747; x_wconf 82' lang='grc' dir='ltr'><strong>’ῼδὴ</strong></span> <span class='ocrx_word' id='word_1_398' title='bbox 1976 3673 2374 3745; x_wconf 78' lang='grc' dir='ltr'><strong>Ἀναϐαϐμῶν,</strong></span> <span class='ocrx_word' id='word_1_399' title='bbox 2406 3675 2543 3746; x_wconf 83' lang='grc' dir='ltr'>ὅπερ</span> <span class='ocrx_word' id='word_1_400' title='bbox 2569 3691 2926 3747; x_wconf 86' lang='grc' dir='ltr'>ερμηνευεται</span> <span class='ocrx_word' id='word_1_401' title='bbox 2954 3677 3334 3752; x_wconf 79' lang='grc' dir='ltr'>ἐξομολόγησις</span> <span class='ocrx_word' id='word_1_402' title='bbox 3363 3684 3473 3735; x_wconf 85' lang='grc' dir='ltr'><strong>τῶν</strong></span> <span class='ocrx_word' id='word_1_403' title='bbox 3503 3684 3614 3737; x_wconf 76' lang='grc' dir='ltr'><strong>ἀπὸ</strong></span> <span class='ocrx_word' id='word_1_404' title='bbox 3638 3685 3730 3738; x_wconf 76' lang='grc' dir='ltr'><strong>τοῦ</strong></span> 
     </span>
    </p>
   </div>
   <div class='ocr_carea' id='block_1_69' title="bbox 508 3763 3732 3851">
    <p class='ocr_par' dir='ltr' id='par_1_69' title="bbox 508 3763 3732 3851">
     <span class='ocr_line' id='line_1_69' title="bbox 508 3763 3732 3851; baseline -0.003 -16"><span class='ocrx_word' id='word_1_405' title='bbox 508 3780 754 3851; x_wconf 78' lang='grc' dir='ltr'>πέμπτου</span> <span class='ocrx_word' id='word_1_406' title='bbox 786 3773 991 3846; x_wconf 81' lang='grc' dir='ltr'><strong>βαθμοῦ</strong></span> <span class='ocrx_word' id='word_1_407' title='bbox 1028 3771 1173 3845; x_wconf 84' lang='grc' dir='ltr'>[ἀπὸ</span> <span class='ocrx_word' id='word_1_408' title='bbox 1211 3768 1304 3822; x_wconf 85' lang='grc' dir='ltr'>τοῦ</span> <span class='ocrx_word' id='word_1_409' title='bbox 1333 3768 1489 3821; x_wconf 79' lang='grc' dir='ltr'>ἐκτου</span> <span class='ocrx_word' id='word_1_410' title='bbox 1526 3765 1733 3838; x_wconf 82' lang='grc' dir='ltr'><strong>βαθμοῦ</strong></span> <span class='ocrx_word' id='word_1_411' title='bbox 1760 3766 1861 3836; x_wconf 86' lang='grc' dir='ltr'>τῆς</span> <span class='ocrx_word' id='word_1_412' title='bbox 1886 3763 2137 3834; x_wconf 81' lang='grc' dir='ltr'>γνώσεως</span> <span class='ocrx_word' id='word_1_413' title='bbox 2161 3764 2254 3819; x_wconf 79' lang='grc' dir='ltr'>τοῦ</span> <span class='ocrx_word' id='word_1_414' title='bbox 2284 3766 2517 3837; x_wconf 86' lang='grc' dir='ltr'>Χριστοῦ</span> <span class='ocrx_word' id='word_1_415' title='bbox 2546 3768 2803 3821; x_wconf 81' lang='grc' dir='ltr'>ἀνιέντων</span> <span class='ocrx_word' id='word_1_416' title='bbox 2837 3769 2927 3820; x_wconf 76' lang='grc' dir='ltr'><strong>ἐπὶ</strong></span> <span class='ocrx_word' id='word_1_417' title='bbox 2966 3768 3057 3822; x_wconf 81' lang='grc' dir='ltr'><strong>τὸν</strong></span> <span class='ocrx_word' id='word_1_418' title='bbox 3087 3769 3310 3841; x_wconf 75' lang='grc' dir='ltr'>ἕϐδομον</span> <span class='ocrx_word' id='word_1_419' title='bbox 3341 3771 3594 3845; x_wconf 82' lang='grc' dir='ltr'><strong>βαθμὸν]</strong></span> <span class='ocrx_word' id='word_1_420' title='bbox 3637 3776 3732 3843; x_wconf 80' lang='grc' dir='ltr'>τῆς</span> 
     </span>
    </p>
   </div>
   <div class='ocr_carea' id='block_1_70' title="bbox 506 3857 3733 3941">
    <p class='ocr_par' dir='ltr' id='par_1_70' title="bbox 506 3857 3733 3941">
     <span class='ocr_line' id='line_1_70' title="bbox 506 3857 3733 3941; baseline -0.002 -18"><span class='ocrx_word' id='word_1_421' title='bbox 506 3873 587 3937; x_wconf 71' lang='grc' dir='ltr'>εἰς</span> <span class='ocrx_word' id='word_1_422' title='bbox 612 3867 842 3941; x_wconf 78' lang='grc' dir='ltr'>Χριστὸν</span> <span class='ocrx_word' id='word_1_423' title='bbox 865 3864 1075 3926; x_wconf 77' lang='grc' dir='ltr'>ἐλπίδος</span> <span class='ocrx_word' id='word_1_424' title='bbox 1107 3863 1359 3916; x_wconf 79' lang='grc' dir='ltr'>ἀνιέντων</span> <span class='ocrx_word' id='word_1_425' title='bbox 1387 3861 1479 3915; x_wconf 74' lang='grc' dir='ltr'>ἐπὶ</span> <span class='ocrx_word' id='word_1_426' title='bbox 1500 3860 1590 3912; x_wconf 85' lang='grc' dir='ltr'><strong>τὸν</strong></span> <span class='ocrx_word' id='word_1_427' title='bbox 1620 3858 1776 3912; x_wconf 80' lang='grc' dir='ltr'>ἐκτον</span> <span class='ocrx_word' id='word_1_428' title='bbox 1804 3857 2027 3929; x_wconf 80' lang='grc' dir='ltr'>βαθμὸν.</span> <span class='ocrx_word' id='word_1_429' title='bbox 2062 3858 2337 3911; x_wconf 80' lang='grc' dir='ltr'>τουτέστιν</span> <span class='ocrx_word' id='word_1_430' title='bbox 2368 3858 2750 3930; x_wconf 73' lang='grc' dir='ltr'>ἐξομολόγησις</span> <span class='ocrx_word' id='word_1_431' title='bbox 2776 3857 2884 3914; x_wconf 83' lang='grc' dir='ltr'><strong>τῶν</strong></span> <span class='ocrx_word' id='word_1_432' title='bbox 2919 3860 3055 3930; x_wconf 79' lang='grc' dir='ltr'><strong>μετά</strong></span> <span class='ocrx_word' id='word_1_433' title='bbox 3080 3860 3140 3913; x_wconf 82' lang='grc' dir='ltr'>τὸ</span> <span class='ocrx_word' id='word_1_434' title='bbox 3170 3861 3451 3933; x_wconf 77' lang='grc' dir='ltr'>βάπτισμα</span> <span class='ocrx_word' id='word_1_435' title='bbox 3477 3866 3733 3933; x_wconf 74' lang='grc' dir='ltr'>ἐπιγινω-</span> 
     </span>
    </p>
   </div>
   <div class='ocr_carea' id='block_1_71' title="bbox 510 3947 3733 4026">
    <p class='ocr_par' dir='ltr' id='par_1_71' title="bbox 510 3947 3733 4026">
     <span class='ocr_line' id='line_1_71' title="bbox 510 3947 3733 4026; baseline -0.001 -12"><span class='ocrx_word' id='word_1_436' title='bbox 510 3960 745 4017; x_wconf 85' lang='grc' dir='ltr'>σκόντων</span> <span class='ocrx_word' id='word_1_437' title='bbox 774 3955 870 4026; x_wconf 78' lang='grc' dir='ltr'>τὴν</span> <span class='ocrx_word' id='word_1_438' title='bbox 892 3954 1116 4025; x_wconf 84' lang='grc' dir='ltr'>δύναμιν</span> <span class='ocrx_word' id='word_1_439' title='bbox 1137 3952 1230 4005; x_wconf 71' lang='grc' dir='ltr'><strong>τοῦ</strong></span> <span class='ocrx_word' id='word_1_440' title='bbox 1257 3949 1489 4023; x_wconf 77' lang='grc' dir='ltr'>Χριστοῦ</span> <span class='ocrx_word' id='word_1_441' title='bbox 1508 3967 1520 3980; x_wconf 90' lang='grc'><strong>·</strong></span> <span class='ocrx_word' id='word_1_442' title='bbox 1548 3949 1609 4002; x_wconf 85' lang='grc' dir='ltr'><strong>τὸ</strong></span> <span class='ocrx_word' id='word_1_443' title='bbox 1640 3948 1754 4014; x_wconf 85' lang='grc' dir='ltr'><strong>πῶς</strong></span> <span class='ocrx_word' id='word_1_444' title='bbox 1777 3947 2229 4020; x_wconf 78' lang='grc' dir='ltr'>ἀντιλαμϐάνεται</span> <span class='ocrx_word' id='word_1_445' title='bbox 2260 3948 2368 4002; x_wconf 88' lang='grc' dir='ltr'><strong>τῶν</strong></span> <span class='ocrx_word' id='word_1_446' title='bbox 2399 3950 2755 4003; x_wconf 82' lang='grc' dir='ltr'>πιστευόντων</span> <span class='ocrx_word' id='word_1_447' title='bbox 2780 3952 2860 4014; x_wconf 82' lang='grc' dir='ltr'><strong>εἰς</strong></span> <span class='ocrx_word' id='word_1_448' title='bbox 2889 3952 3070 4017; x_wconf 81' lang='grc' dir='ltr'>αὑτὸν,</span> <span class='ocrx_word' id='word_1_449' title='bbox 3100 3952 3194 4006; x_wconf 79' lang='grc' dir='ltr'>καὶ</span> <span class='ocrx_word' id='word_1_450' title='bbox 3221 3956 3347 4018; x_wconf 79' lang='grc' dir='ltr'>τοὺς</span> <span class='ocrx_word' id='word_1_451' title='bbox 3369 3955 3733 4020; x_wconf 79' lang='grc' dir='ltr'>ἀπειθοῦντας</span> 
     </span>
    </p>
   </div>
   <div class='ocr_carea' id='block_1_72' title="bbox 509 4047 1666 4126">
    <p class='ocr_par' dir='ltr' id='par_1_72' title="bbox 509 4047 1666 4126">
     <span class='ocr_line' id='line_1_72' title="bbox 509 4047 1666 4126; baseline -0.01 -15"><span class='ocrx_word' id='word_1_452' title='bbox 509 4054 655 4126; x_wconf 78' lang='grc' dir='ltr'>αὐτῷ</span> <span class='ocrx_word' id='word_1_453' title='bbox 689 4053 1046 4125; x_wconf 86' lang='grc' dir='ltr'>παραδίδωσιν</span> <span class='ocrx_word' id='word_1_454' title='bbox 1071 4053 1151 4113; x_wconf 84' lang='grc' dir='ltr'>εἰς</span> <span class='ocrx_word' id='word_1_455' title='bbox 1175 4049 1391 4102; x_wconf 79' lang='grc' dir='ltr'>κόλασιν</span> <span class='ocrx_word' id='word_1_456' title='bbox 1429 4047 1666 4101; x_wconf 78' lang='grc' dir='ltr'>αἰώνιον.</span> 
     </span>
    </p>
   </div>
   <div class='ocr_carea' id='block_1_73' title="bbox 578 4160 3726 4237">
    <p class='ocr_par' dir='ltr' id='par_1_73' title="bbox 578 4160 3726 4237">
     <span class='ocr_line' id='line_1_73' title="bbox 578 4160 3726 4237; baseline 0.001 -13"><span class='ocrx_word' id='word_1_457' title='bbox 578 4169 797 4224; x_wconf 90' lang='lat' dir='ltr'><strong>Titulus</strong></span> <span class='ocrx_word' id='word_1_458' title='bbox 833 4166 914 4237; x_wconf 58' lang='grc' dir='ltr'><strong>(τ)</strong></span> <span class='ocrx_word' id='word_1_459' title='bbox 944 4164 1266 4237; x_wconf 70' lang='lat' dir='ltr'><strong>praepositus</strong></span> <span class='ocrx_word' id='word_1_460' title='bbox 1314 4162 1555 4218; x_wconf 88' lang='lat' dir='ltr'><strong>continet</strong></span> <span class='ocrx_word' id='word_1_461' title='bbox 1593 4179 1607 4215; x_wconf 92' lang='lat'>:</span> <span class='ocrx_word' id='word_1_462' title='bbox 1662 4160 1942 4217; x_wconf 84' lang='lat' dir='ltr'><strong>Canticum</strong></span> <span class='ocrx_word' id='word_1_463' title='bbox 1980 4160 2274 4227; x_wconf 85' lang='lat' dir='ltr'><strong>Graduum,</strong></span> <span class='ocrx_word' id='word_1_464' title='bbox 2316 4162 2460 4231; x_wconf 89' lang='lat' dir='ltr'><strong>quod</strong></span> <span class='ocrx_word' id='word_1_465' title='bbox 2516 4161 2900 4232; x_wconf 87' lang='lat' dir='ltr'><strong>interpretatur</strong></span> <span class='ocrx_word' id='word_1_466' title='bbox 2935 4163 3209 4221; x_wconf 80' lang='lat' dir='ltr'><strong>confessio</strong></span> <span class='ocrx_word' id='word_1_467' title='bbox 3257 4170 3667 4226; x_wconf 86' lang='lat' dir='ltr'><strong>ascendentium</strong></span> <span class='ocrx_word' id='word_1_468' title='bbox 3699 4189 3726 4226; x_wconf 87' lang='lat' dir='ltr'><strong>a</strong></span> 
     </span>
    </p>
   </div>
   <div class='ocr_carea' id='block_1_74' title="bbox 508 4255 3725 4337">
    <p class='ocr_par' dir='ltr' id='par_1_74' title="bbox 508 4255 3725 4337">
     <span class='ocr_line' id='line_1_74' title="bbox 508 4255 3725 4337; baseline 0 -18"><span class='ocrx_word' id='word_1_469' title='bbox 508 4266 696 4337; x_wconf 86' lang='lat' dir='ltr'><strong>quinto</strong></span> <span class='ocrx_word' id='word_1_470' title='bbox 722 4264 886 4336; x_wconf 81' lang='lat' dir='ltr'><strong>gradu</strong></span> <span class='ocrx_word' id='word_1_471' title='bbox 914 4261 1023 4331; x_wconf 85' lang='lat' dir='ltr'><strong>spei</strong></span> <span class='ocrx_word' id='word_1_472' title='bbox 1054 4263 1104 4313; x_wconf 91' lang='lat' dir='ltr'><strong>in</strong></span> <span class='ocrx_word' id='word_1_473' title='bbox 1136 4259 1412 4313; x_wconf 85' lang='lat' dir='ltr'><strong>Christum</strong></span> <span class='ocrx_word' id='word_1_474' title='bbox 1442 4256 1495 4310; x_wconf 89' lang='lat' dir='ltr'><strong>in</strong></span> <span class='ocrx_word' id='word_1_475' title='bbox 1528 4264 1736 4312; x_wconf 74' lang='lat' dir='ltr'><strong>sextum</strong></span> <span class='ocrx_word' id='word_1_476' title='bbox 1769 4256 1992 4327; x_wconf 78' lang='lat' dir='ltr'><strong>gradum</strong></span> <span class='ocrx_word' id='word_1_477' title='bbox 2021 4255 2074 4328; x_wconf 70' lang='grc' dir='ltr'><strong>[τι</strong></span> <span class='ocrx_word' id='word_1_478' title='bbox 2104 4266 2256 4311; x_wconf 74' lang='lat' dir='ltr'><strong>sexto</strong></span> <span class='ocrx_word' id='word_1_479' title='bbox 2288 4256 2453 4325; x_wconf 85' lang='lat' dir='ltr'><strong>gradu</strong></span> <span class='ocrx_word' id='word_1_480' title='bbox 2481 4256 2814 4325; x_wconf 81' lang='lat' dir='ltr'><strong>cognitionis</strong></span> <span class='ocrx_word' id='word_1_481' title='bbox 2840 4255 3043 4311; x_wconf 77' lang='lat' dir='ltr'><strong>Christi</strong></span> <span class='ocrx_word' id='word_1_482' title='bbox 3089 4261 3503 4315; x_wconf 83' lang='lat' dir='ltr'><strong>ascendentium</strong></span> <span class='ocrx_word' id='word_1_483' title='bbox 3540 4264 3594 4317; x_wconf 89' lang='lat' dir='ltr'><strong>in</strong></span> <span class='ocrx_word' id='word_1_484' title='bbox 3641 4281 3725 4318; x_wconf 87' lang='lat' dir='ltr'><strong>sc-</strong></span> 
     </span>
    </p>
   </div>
   <div class='ocr_carea' id='block_1_75' title="bbox 509 4350 3727 4426">
    <p class='ocr_par' dir='ltr' id='par_1_75' title="bbox 509 4350 3727 4426">
     <span class='ocr_line' id='line_1_75' title="bbox 509 4350 3727 4426; baseline -0.001 -14"><span class='ocrx_word' id='word_1_485' title='bbox 509 4359 734 4426; x_wconf 78' lang='lat' dir='ltr'><strong>ptimnm</strong></span> <span class='ocrx_word' id='word_1_486' title='bbox 761 4352 1031 4426; x_wconf 78' lang='lat' dir='ltr'><strong>gradum],</strong></span> <span class='ocrx_word' id='word_1_487' title='bbox 1065 4352 1166 4406; x_wconf 90' lang='lat' dir='ltr'><strong>hoc</strong></span> <span class='ocrx_word' id='word_1_488' title='bbox 1192 4360 1275 4406; x_wconf 91' lang='lat' dir='ltr'><strong>est</strong></span> <span class='ocrx_word' id='word_1_489' title='bbox 1299 4350 1572 4405; x_wconf 80' lang='lat' dir='ltr'><strong>confessio</strong></span> <span class='ocrx_word' id='word_1_490' title='bbox 1598 4351 2008 4421; x_wconf 84' lang='lat' dir='ltr'><strong>agnoscentium</strong></span> <span class='ocrx_word' id='word_1_491' title='bbox 2039 4358 2161 4420; x_wconf 80' lang='lat' dir='ltr'><strong>post</strong></span> <span class='ocrx_word' id='word_1_492' title='bbox 2203 4351 2529 4421; x_wconf 86' lang='lat' dir='ltr'><strong>baptismum</strong></span> <span class='ocrx_word' id='word_1_493' title='bbox 2561 4350 2766 4409; x_wconf 82' lang='lat' dir='ltr'><strong>Christi</strong></span> <span class='ocrx_word' id='word_1_494' title='bbox 2815 4352 3066 4405; x_wconf 78' lang='lat' dir='ltr'><strong>virtutem</strong></span> <span class='ocrx_word' id='word_1_495' title='bbox 3097 4366 3112 4403; x_wconf 89' lang='lat'><strong>:</strong></span> <span class='ocrx_word' id='word_1_496' title='bbox 3164 4350 3444 4419; x_wconf 91' lang='lat' dir='ltr'><strong>quomodo</strong></span> <span class='ocrx_word' id='word_1_497' title='bbox 3492 4354 3727 4423; x_wconf 83' lang='lat' dir='ltr'><strong>opitula-</strong></span> 
     </span>
    </p>
   </div>
   <div class='ocr_carea' id='block_1_76' title="bbox 510 4444 2719 4516">
    <p class='ocr_par' dir='ltr' id='par_1_76' title="bbox 510 4444 2719 4516">
     <span class='ocr_line' id='line_1_76' title="bbox 510 4444 2719 4516; baseline -0.001 -13"><span class='ocrx_word' id='word_1_498' title='bbox 510 4458 599 4502; x_wconf 89' lang='lat' dir='ltr'><strong>tur</strong></span> <span class='ocrx_word' id='word_1_499' title='bbox 636 4446 977 4502; x_wconf 87' lang='lat' dir='ltr'><strong>credentibus</strong></span> <span class='ocrx_word' id='word_1_500' title='bbox 1002 4445 1054 4498; x_wconf 92' lang='lat' dir='ltr'><strong>iu</strong></span> <span class='ocrx_word' id='word_1_501' title='bbox 1087 4459 1233 4509; x_wconf 91' lang='lat' dir='ltr'><strong>cum,</strong></span> <span class='ocrx_word' id='word_1_502' title='bbox 1263 4454 1446 4499; x_wconf 89' lang='lat' dir='ltr'><strong>etnon</strong></span> <span class='ocrx_word' id='word_1_503' title='bbox 1480 4446 1762 4500; x_wconf 84' lang='lat' dir='ltr'><strong>credentes</strong></span> <span class='ocrx_word' id='word_1_504' title='bbox 1794 4444 1959 4498; x_wconf 87' lang='lat' dir='ltr'><strong>tradit</strong></span> <span class='ocrx_word' id='word_1_505' title='bbox 1989 4445 2044 4499; x_wconf 90' lang='lat' dir='ltr'><strong>in</strong></span> <span class='ocrx_word' id='word_1_506' title='bbox 2078 4446 2405 4516; x_wconf 90' lang='lat' dir='ltr'><strong>supplicium</strong></span> <span class='ocrx_word' id='word_1_507' title='bbox 2434 4456 2719 4500; x_wconf 57' lang='lat' dir='ltr'><strong>aeternum.</strong></span> 
     </span>
    </p>
   </div>
   <div class='ocr_carea' id='block_1_77' title="bbox 585 4539 2059 4612">
    <p class='ocr_par' dir='ltr' id='par_1_77' title="bbox 585 4539 2059 4612">
     <span class='ocr_line' id='line_1_77' title="bbox 585 4539 2059 4612; baseline -0.001 -15"><span class='ocrx_word' id='word_1_508' title='bbox 585 4544 633 4597; x_wconf 91' lang='grc'><strong>1.</strong></span> <span class='ocrx_word' id='word_1_509' title='bbox 664 4542 716 4595; x_wconf 89' lang='lat' dir='ltr'><strong>In</strong></span> <span class='ocrx_word' id='word_1_510' title='bbox 764 4547 1001 4612; x_wconf 74' lang='lat' dir='ltr'><strong>tempore</strong></span> <span class='ocrx_word' id='word_1_511' title='bbox 1045 4540 1262 4609; x_wconf 90' lang='lat' dir='ltr'><strong>quando</strong></span> <span class='ocrx_word' id='word_1_512' title='bbox 1304 4541 1568 4595; x_wconf 88' lang='lat' dir='ltr'><strong>convertit</strong></span> <span class='ocrx_word' id='word_1_513' title='bbox 1595 4540 1858 4594; x_wconf 89' lang='lat' dir='ltr'><strong>Dominus</strong></span> <span class='ocrx_word' id='word_1_514' title='bbox 1901 4539 2059 4596; x_wconf 66' lang='lat' dir='ltr'><strong>Iesus</strong></span> 
     </span>
    </p>
   </div>
   <div class='ocr_carea' id='block_1_78' title="bbox 511 4629 2059 4695">
    <p class='ocr_par' dir='ltr' id='par_1_78' title="bbox 511 4629 2059 4695">
     <span class='ocr_line' id='line_1_78' title="bbox 511 4629 2059 4695; baseline -0.001 -7"><span class='ocrx_word' id='word_1_515' title='bbox 511 4633 823 4688; x_wconf 86' lang='lat' dir='ltr'><strong>servitutem</strong></span> <span class='ocrx_word' id='word_1_516' title='bbox 871 4629 1051 4684; x_wconf 91' lang='lat' dir='ltr'><strong>cordis</strong></span> <span class='ocrx_word' id='word_1_517' title='bbox 1099 4630 1296 4695; x_wconf 85' lang='lat' dir='ltr'><strong>nostri,</strong></span> <span class='ocrx_word' id='word_1_518' title='bbox 1327 4645 1450 4684; x_wconf 90' lang='lat' dir='ltr'><strong>eum</strong></span> <span class='ocrx_word' id='word_1_519' title='bbox 1505 4631 1874 4687; x_wconf 80' lang='lat' dir='ltr'><strong>serviebamus</strong></span> <span class='ocrx_word' id='word_1_520' title='bbox 1927 4647 2059 4687; x_wconf 80' lang='lat' dir='ltr'><strong>con-</strong></span> 
     </span>
    </p>
   </div>
   <div class='ocr_carea' id='block_1_79' title="bbox 512 4718 2058 4792">
    <p class='ocr_par' dir='ltr' id='par_1_79' title="bbox 512 4718 2058 4792">
     <span class='ocr_line' id='line_1_79' title="bbox 512 4718 2058 4792; baseline -0.003 -11"><span class='ocrx_word' id='word_1_521' title='bbox 512 4725 688 4781; x_wconf 84' lang='lat' dir='ltr'><strong>trariis</strong></span> <span class='ocrx_word' id='word_1_522' title='bbox 730 4722 1100 4792; x_wconf 82' lang='lat' dir='ltr'><strong>potestatibus.</strong></span> <span class='ocrx_word' id='word_1_523' title='bbox 1153 4718 1282 4775; x_wconf 84' lang='lat' dir='ltr'><strong>Sion</strong></span> <span class='ocrx_word' id='word_1_524' title='bbox 1328 4721 1472 4775; x_wconf 88' lang='lat' dir='ltr'><strong>enim</strong></span> <span class='ocrx_word' id='word_1_525' title='bbox 1512 4721 1898 4791; x_wconf 86' lang='lat' dir='ltr'><strong>interpretatur</strong></span> <span class='ocrx_word' id='word_1_526' title='bbox 1944 4739 2058 4789; x_wconf 84' lang='lat' dir='ltr'><strong>spe-</strong></span> 
     </span>
    </p>
   </div>
   <div class='ocr_carea' id='block_1_80' title="bbox 509 4814 1062 4884">
    <p class='ocr_par' dir='ltr' id='par_1_80' title="bbox 509 4814 1062 4884">
     <span class='ocr_line' id='line_1_80' title="bbox 509 4814 1062 4884; baseline -0.007 -15"><span class='ocrx_word' id='word_1_527' title='bbox 509 4816 649 4880; x_wconf 82' lang='lat' dir='ltr'><strong>cula,</strong></span> <span class='ocrx_word' id='word_1_528' title='bbox 674 4814 816 4884; x_wconf 89' lang='lat' dir='ltr'><strong>quod</strong></span> <span class='ocrx_word' id='word_1_529' title='bbox 843 4822 926 4869; x_wconf 89' lang='lat' dir='ltr'><strong>est</strong></span> <span class='ocrx_word' id='word_1_530' title='bbox 949 4828 1062 4867; x_wconf 90' lang='lat' dir='ltr'><strong>cor.</strong></span> 
     </span>
    </p>
   </div>
   <div class='ocr_carea' id='block_1_81' title="bbox 2236 4538 3731 4613">
    <p class='ocr_par' dir='ltr' id='par_1_81' title="bbox 2236 4538 3731 4613">
     <span class='ocr_line' id='line_1_81' title="bbox 2236 4538 3731 4613; baseline 0.001 -19"><span class='ocrx_word' id='word_1_531' title='bbox 2236 4541 2288 4597; x_wconf 92' lang='grc'><strong>1.</strong></span> <span class='ocrx_word' id='word_1_532' title='bbox 2322 4541 2410 4593; x_wconf 83' lang='grc' dir='ltr'>Ἑν</span> <span class='ocrx_word' id='word_1_533' title='bbox 2442 4540 2519 4611; x_wconf 79' lang='grc' dir='ltr'>τῷ</span> <span class='ocrx_word' id='word_1_534' title='bbox 2553 4540 2725 4612; x_wconf 83' lang='grc' dir='ltr'>καιρῷ</span> <span class='ocrx_word' id='word_1_535' title='bbox 2745 4540 2871 4593; x_wconf 84' lang='grc' dir='ltr'>ὅταν</span> <span class='ocrx_word' id='word_1_536' title='bbox 2891 4539 3219 4612; x_wconf 76' lang='grc' dir='ltr'>ἐπέστρεψεν</span> <span class='ocrx_word' id='word_1_537' title='bbox 3236 4538 3266 4591; x_wconf 73' lang='grc' dir='ltr'>ὀ</span> <span class='ocrx_word' id='word_1_538' title='bbox 3293 4538 3501 4612; x_wconf 84' lang='grc' dir='ltr'>Κύριος</span> <span class='ocrx_word' id='word_1_539' title='bbox 3528 4541 3731 4613; x_wconf 72' lang='grc' dir='ltr'>Ἰησοῦς</span> 
     </span>
    </p>
   </div>
   <div class='ocr_carea' id='block_1_82' title="bbox 2162 4629 3729 4703">
    <p class='ocr_par' dir='ltr' id='par_1_82' title="bbox 2162 4629 3729 4703">
     <span class='ocr_line' id='line_1_82' title="bbox 2162 4629 3729 4703; baseline 0 -20"><span class='ocrx_word' id='word_1_540' title='bbox 2162 4631 2261 4703; x_wconf 83' lang='grc' dir='ltr'>τὴν</span> <span class='ocrx_word' id='word_1_541' title='bbox 2309 4630 2548 4683; x_wconf 82' lang='grc' dir='ltr'>δουλείαν</span> <span class='ocrx_word' id='word_1_542' title='bbox 2592 4632 2691 4700; x_wconf 78' lang='grc' dir='ltr'>τῆς</span> <span class='ocrx_word' id='word_1_543' title='bbox 2736 4629 2959 4698; x_wconf 81' lang='grc' dir='ltr'>καρδίας</span> <span class='ocrx_word' id='word_1_544' title='bbox 3005 4630 3180 4700; x_wconf 81' lang='grc' dir='ltr'>ἡμῶν,</span> <span class='ocrx_word' id='word_1_545' title='bbox 3220 4629 3348 4683; x_wconf 88' lang='grc' dir='ltr'>ὃταν</span> <span class='ocrx_word' id='word_1_546' title='bbox 3403 4629 3729 4683; x_wconf 76' lang='grc' dir='ltr'>ἐϐουλεύσα-</span> 
     </span>
    </p>
   </div>
   <div class='ocr_carea' id='block_1_83' title="bbox 2169 4720 3729 4794">
    <p class='ocr_par' dir='ltr' id='par_1_83' title="bbox 2169 4720 3729 4794">
     <span class='ocr_line' id='line_1_83' title="bbox 2169 4720 3729 4794; baseline -0.001 -20"><span class='ocrx_word' id='word_1_547' title='bbox 2169 4739 2266 4793; x_wconf 89' lang='grc' dir='ltr'><strong>μεν</strong></span> <span class='ocrx_word' id='word_1_548' title='bbox 2291 4722 2364 4791; x_wconf 81' lang='lat'><strong>(5)</strong></span> <span class='ocrx_word' id='word_1_549' title='bbox 2393 4724 2509 4785; x_wconf 86' lang='grc' dir='ltr'>ταῖς</span> <span class='ocrx_word' id='word_1_550' title='bbox 2533 4722 2796 4784; x_wconf 81' lang='grc' dir='ltr'>ἐναντίαις</span> <span class='ocrx_word' id='word_1_551' title='bbox 2820 4721 3095 4791; x_wconf 84' lang='grc' dir='ltr'>δυνάμεσι.</span> <span class='ocrx_word' id='word_1_552' title='bbox 3123 4720 3275 4775; x_wconf 81' lang='grc' dir='ltr'>Σιὼν</span> <span class='ocrx_word' id='word_1_553' title='bbox 3301 4721 3410 4792; x_wconf 79' lang='grc' dir='ltr'>γὰρ</span> <span class='ocrx_word' id='word_1_554' title='bbox 3434 4722 3729 4794; x_wconf 84' lang='grc' dir='ltr'>ἑρμηνεύε-</span> 
     </span>
    </p>
   </div>
   <div class='ocr_carea' id='block_1_84' title="bbox 2091 4808 3376 4885">
    <p class='ocr_par' dir='ltr' id='par_1_84' title="bbox 2091 4808 3376 4885">
     <span class='ocr_line' id='line_1_84' title="bbox 2091 4808 3376 4885; baseline -0.002 -19"><span class='ocrx_word' id='word_1_555' title='bbox 2091 4808 2134 4861; x_wconf 86' lang='grc' dir='ltr'><strong>Ῑ)</strong></span> <span class='ocrx_word' id='word_1_556' title='bbox 2160 4831 2250 4866; x_wconf 87' lang='grc' dir='ltr'><strong>ται</strong></span> <span class='ocrx_word' id='word_1_557' title='bbox 2281 4812 2739 4881; x_wconf 79' lang='grc' dir='ltr'>σκοπευτήριον,</span> <span class='ocrx_word' id='word_1_558' title='bbox 2766 4814 2901 4885; x_wconf 84' lang='grc' dir='ltr'>ὅπερ</span> <span class='ocrx_word' id='word_1_559' title='bbox 2929 4813 3073 4865; x_wconf 78' lang='grc' dir='ltr'>ἐστὶν</span> <span class='ocrx_word' id='word_1_560' title='bbox 3103 4813 3136 4884; x_wconf 81' lang='grc' dir='ltr'>ἡ</span> <span class='ocrx_word' id='word_1_561' title='bbox 3161 4812 3376 4883; x_wconf 81' lang='grc' dir='ltr'>καρδία.</span> 
     </span>
    </p>
   </div>
   <div class='ocr_carea' id='block_1_85' title="bbox 1451 4903 2783 4986">
    <p class='ocr_par' dir='ltr' id='par_1_85' title="bbox 1451 4903 2783 4986">
     <span class='ocr_line' id='line_1_85' title="bbox 1451 4903 2783 4986; baseline 0.001 -21"><span class='ocrx_word' id='word_1_562' title='bbox 1451 4903 1755 4965; x_wconf 81' lang='lat' dir='ltr'><strong>Addenda</strong></span> <span class='ocrx_word' id='word_1_563' title='bbox 1788 4915 1848 4967; x_wconf 91' lang='lat' dir='ltr'><strong>et</strong></span> <span class='ocrx_word' id='word_1_564' title='bbox 1881 4907 2252 4986; x_wconf 81' lang='lat' dir='ltr'><strong>corrigenda</strong></span> <span class='ocrx_word' id='word_1_565' title='bbox 2286 4922 2365 4967; x_wconf 83' lang='lat' dir='ltr'><strong>ex</strong></span> <span class='ocrx_word' id='word_1_566' title='bbox 2417 4906 2554 4966; x_wconf 90' lang='lat' dir='ltr'><strong>cod.</strong></span> <span class='ocrx_word' id='word_1_567' title='bbox 2584 4906 2783 4966; x_wconf 82' lang='lat' dir='ltr'><strong>Vatic.</strong></span> 
     </span>
    </p>
   </div>
   <div class='ocr_carea' id='block_1_86' title="bbox 578 5007 2057 5082">
    <p class='ocr_par' dir='ltr' id='par_1_86' title="bbox 578 5007 2057 5082">
     <span class='ocr_line' id='line_1_86' title="bbox 578 5007 2057 5082; baseline -0.009 -17"><span class='ocrx_word' id='word_1_568' title='bbox 578 5012 650 5082; x_wconf 83' lang='grc' dir='ltr'><strong>(ι)</strong></span> <span class='ocrx_word' id='word_1_569' title='bbox 688 5011 756 5082; x_wconf 78' lang='lat' dir='ltr'><strong>N.</strong></span> <span class='ocrx_word' id='word_1_570' title='bbox 779 5011 834 5073; x_wconf 85' lang='lat'><strong>6,</strong></span> <span class='ocrx_word' id='word_1_571' title='bbox 857 5008 1237 5082; x_wconf 83' lang='lat' dir='ltr'><strong>7,_Comme_nt.</strong></span> <span class='ocrx_word' id='word_1_572' title='bbox 1263 5022 1422 5082; x_wconf 69' lang='lat' dir='ltr'><strong>unus,</strong></span> <span class='ocrx_word' id='word_1_573' title='bbox 1460 5007 1534 5060; x_wconf 82' lang='grc' dir='ltr'><strong>Οὐ</strong></span> <span class='ocrx_word' id='word_1_574' title='bbox 1580 5008 1709 5082; x_wconf 76' lang='grc' dir='ltr'>γάρ,</span> <span class='ocrx_word' id='word_1_575' title='bbox 1752 5019 1880 5076; x_wconf 70' lang='lat' dir='ltr'><strong>etc.,</strong></span> <span class='ocrx_word' id='word_1_576' title='bbox 1927 5028 2057 5066; x_wconf 80' lang='grc' dir='ltr'><strong>κατ-</strong></span> 
     </span>
    </p>
   </div>
   <div class='ocr_carea' id='block_1_87' title="bbox 510 5077 1802 5149">
    <p class='ocr_par' dir='ltr' id='par_1_87' title="bbox 510 5077 1802 5149">
     <span class='ocr_line' id='line_1_87' title="bbox 510 5077 1802 5149; baseline 0.001 -15"><span class='ocrx_word' id='word_1_577' title='bbox 510 5077 837 5145; x_wconf 76' lang='grc' dir='ltr'>εξουσιάζειν</span> <span class='ocrx_word' id='word_1_578' title='bbox 868 5079 964 5141; x_wconf 82' lang='grc' dir='ltr'>τὰς</span> <span class='ocrx_word' id='word_1_579' title='bbox 991 5078 1233 5141; x_wconf 79' lang='grc' dir='ltr'>ἐναντίας</span> <span class='ocrx_word' id='word_1_580' title='bbox 1259 5077 1512 5149; x_wconf 80' lang='grc' dir='ltr'>δυνάμεις</span> <span class='ocrx_word' id='word_1_581' title='bbox 1542 5077 1671 5144; x_wconf 47' lang='grc' dir='ltr'>τῶν.</span> <span class='ocrx_word' id='word_1_582' title='bbox 1703 5089 1802 5135; x_wconf 88' lang='lat' dir='ltr'><strong>etc.</strong></span> 
     </span>
    </p>
   </div>
   <div class='ocr_carea' id='block_1_88' title="bbox 580 5149 950 5271">
    <p class='ocr_par' dir='ltr' id='par_1_88' title="bbox 580 5149 950 5271">
     <span class='ocr_line' id='line_1_88' title="bbox 580 5149 950 5271; baseline 0.003 -69"><span class='ocrx_word' id='word_1_583' title='bbox 580 5151 655 5236; x_wconf 59' lang='grc' dir='ltr'><strong>(ἓ)</strong></span> <span class='ocrx_word' id='word_1_584' title='bbox 694 5149 950 5271; x_wconf 68' lang='grc' dir='ltr'>Καρδίας.</span> 
     </span>
     <span class='ocr_line' id='line_1_89' title="bbox 580 5219 950 5271; baseline -0.011 0"><span class='ocrx_word' id='word_1_585' title='bbox 580 5224 655 5271; x_wconf 76' lang='lat' dir='ltr'><strong>(al</strong></span> <span class='ocrx_word' id='word_1_586' title='bbox 692 5220 759 5271; x_wconf 88' lang='grc' dir='ltr'><strong>Ν.</strong></span> <span class='ocrx_word' id='word_1_587' title='bbox 816 5220 869 5271; x_wconf 86' lang='grc'>0.</span> <span class='ocrx_word' id='word_1_588' title='bbox 897 5219 950 5270; x_wconf 78' lang='grc' dir='ltr'><strong>Τι</strong></span> 
     </span>
    </p>
   </div>
   <div class='ocr_carea' id='block_1_89' title="bbox 516 5217 2057 5342">
    <p class='ocr_par' dir='ltr' id='par_1_89' title="bbox 516 5217 2057 5342">
     <span class='ocr_line' id='line_1_90' title="bbox 580 5217 2057 5291; baseline -0.001 -17"><span class='ocrx_word' id='word_1_589' title='bbox 580 5217 655 5286; x_wconf 83' lang='lat'><strong>(5)</strong></span> <span class='ocrx_word' id='word_1_590' title='bbox 692 5220 759 5273; x_wconf 91' lang='lat' dir='ltr'><strong>N.</strong></span> <span class='ocrx_word' id='word_1_591' title='bbox 784 5217 869 5279; x_wconf 84' lang='grc'>10,</span> <span class='ocrx_word' id='word_1_592' title='bbox 897 5217 1051 5281; x_wconf 87' lang='grc' dir='ltr'>Τούς,</span> <span class='ocrx_word' id='word_1_593' title='bbox 1070 5224 1174 5273; x_wconf 91' lang='lat' dir='ltr'><strong>etc.</strong></span> <span class='ocrx_word' id='word_1_594' title='bbox 1197 5218 1265 5272; x_wconf 90' lang='lat' dir='ltr'><strong>N.</strong></span> <span class='ocrx_word' id='word_1_595' title='bbox 1287 5217 1370 5271; x_wconf 86' lang='lat' dir='ltr'><strong>ll.</strong></span> <span class='ocrx_word' id='word_1_596' title='bbox 1398 5217 1732 5291; x_wconf 70' lang='lat' dir='ltr'><strong>Hapaatbast,</strong></span> <span class='ocrx_word' id='word_1_597' title='bbox 1759 5231 1862 5275; x_wconf 91' lang='lat' dir='ltr'><strong>etc.</strong></span> <span class='ocrx_word' id='word_1_598' title='bbox 1882 5221 1947 5273; x_wconf 87' lang='grc' dir='ltr'><strong>Ν.</strong></span> <span class='ocrx_word' id='word_1_599' title='bbox 1971 5220 2057 5284; x_wconf 75' lang='grc'><strong>12,</strong></span> 
     </span>
     <span class='ocr_line' id='line_1_91' title="bbox 516 5288 1028 5342; baseline -0.004 0"><span class='ocrx_word' id='word_1_600' title='bbox 516 5290 582 5342; x_wconf 84' lang='lat' dir='ltr'><strong>&#39;H</strong></span> <span class='ocrx_word' id='word_1_601' title='bbox 608 5288 750 5342; x_wconf 75' lang='grc' dir='ltr'><strong>γαοά</strong></span> <span class='ocrx_word' id='word_1_602' title='bbox 777 5288 892 5342; x_wconf 66' lang='grc' dir='ltr'>τοῦ.</span> <span class='ocrx_word' id='word_1_603' title='bbox 927 5298 1028 5341; x_wconf 89' lang='lat' dir='ltr'><strong>etc.</strong></span> 
     </span>
    </p>
   </div>
   <div class='ocr_carea' id='block_1_90' title="bbox 579 5306 2063 5429">
    <p class='ocr_par' dir='ltr' id='par_1_90' title="bbox 579 5306 2063 5429">
     <span class='ocr_line' id='line_1_92' title="bbox 579 5306 1028 5376; baseline 0.002 -36"><span class='ocrx_word' id='word_1_604' title='bbox 579 5335 582 5340; x_wconf 73' lang='lat'><em>_</em></span> <span class='ocrx_word' id='word_1_605' title='bbox 608 5306 750 5376; x_wconf 82' lang='grc' dir='ltr'>χαρα</span> <span class='ocrx_word' id='word_1_606' title='bbox 777 5306 892 5352; x_wconf 66' lang='grc' dir='ltr'>του,</span> <span class='ocrx_word' id='word_1_607' title='bbox 927 5306 1028 5368; x_wconf 62' lang='lat' dir='ltr'><strong>etc.</strong></span> 
     </span>
     <span class='ocr_line' id='line_1_93' title="bbox 579 5356 2063 5429; baseline 0.001 -19"><span class='ocrx_word' id='word_1_608' title='bbox 579 5359 673 5429; x_wconf 59' lang='grc' dir='ltr'><strong>(ἀλ</strong></span> <span class='ocrx_word' id='word_1_609' title='bbox 701 5359 745 5429; x_wconf 76' lang='lat' dir='ltr'><strong>ll</strong></span> <span class='ocrx_word' id='word_1_610' title='bbox 788 5358 874 5429; x_wconf 71' lang='grc' dir='ltr'>διὰ</span> <span class='ocrx_word' id='word_1_611' title='bbox 908 5375 1021 5429; x_wconf 80' lang='grc' dir='ltr'><strong>της</strong></span> <span class='ocrx_word' id='word_1_612' title='bbox 1053 5356 1419 5429; x_wconf 75' lang='grc' dir='ltr'>κινναὸἀρεως</span> <span class='ocrx_word' id='word_1_613' title='bbox 1457 5359 1730 5429; x_wconf 75' lang='grc' dir='ltr'>περιέχει·</span> <span class='ocrx_word' id='word_1_614' title='bbox 1785 5359 1905 5429; x_wconf 78' lang='grc' dir='ltr'>ᾮδὴ</span> <span class='ocrx_word' id='word_1_615' title='bbox 1954 5358 2063 5411; x_wconf 83' lang='grc' dir='ltr'>τῶν</span> 
     </span>
    </p>
   </div>
   <div class='ocr_carea' id='block_1_91' title="bbox 520 5426 2065 5498">
    <p class='ocr_par' dir='ltr' id='par_1_91' title="bbox 520 5426 2065 5498">
     <span class='ocr_line' id='line_1_94' title="bbox 520 5426 2065 5498; baseline 0.002 -19"><span class='ocrx_word' id='word_1_616' title='bbox 520 5426 745 5498; x_wconf 65' lang='grc' dir='ltr'><strong>Ἁναὸαο</strong></span> <span class='ocrx_word' id='word_1_617' title='bbox 753 5427 886 5496; x_wconf 82' lang='grc' dir='ltr'>μῶν,</span> <span class='ocrx_word' id='word_1_618' title='bbox 904 5426 1035 5498; x_wconf 69' lang='grc' dir='ltr'>ὅπερ</span> <span class='ocrx_word' id='word_1_619' title='bbox 1055 5426 1404 5498; x_wconf 76' lang='grc' dir='ltr'>ἑρμηνεύεται</span> <span class='ocrx_word' id='word_1_620' title='bbox 1420 5426 1796 5498; x_wconf 76' lang='grc' dir='ltr'>ἐξομολόγησις</span> <span class='ocrx_word' id='word_1_621' title='bbox 1812 5426 1916 5481; x_wconf 76' lang='grc' dir='ltr'><strong>τῶν</strong></span> <span class='ocrx_word' id='word_1_622' title='bbox 1938 5430 2065 5482; x_wconf 86' lang='grc' dir='ltr'>ἀνα-</span> 
     </span>
    </p>
   </div>
   <div class='ocr_carea' id='block_1_92' title="bbox 509 5496 2062 5569">
    <p class='ocr_par' dir='ltr' id='par_1_92' title="bbox 509 5496 2062 5569">
     <span class='ocr_line' id='line_1_95' title="bbox 509 5496 2062 5569; baseline 0.003 -23"><span class='ocrx_word' id='word_1_623' title='bbox 509 5497 796 5551; x_wconf 77' lang='grc' dir='ltr'>ϐαινόντων</span> <span class='ocrx_word' id='word_1_624' title='bbox 826 5497 931 5551; x_wconf 80' lang='grc' dir='ltr'><strong>ἀπὸ</strong></span> <span class='ocrx_word' id='word_1_625' title='bbox 956 5496 1049 5551; x_wconf 79' lang='grc' dir='ltr'>τοῦ</span> <span class='ocrx_word' id='word_1_626' title='bbox 1075 5496 1230 5550; x_wconf 71' lang='grc' dir='ltr'>ἕκτου</span> <span class='ocrx_word' id='word_1_627' title='bbox 1260 5496 1475 5567; x_wconf 78' lang='grc' dir='ltr'><strong>βαθμοῦ.</strong></span> <span class='ocrx_word' id='word_1_628' title='bbox 1498 5496 1598 5568; x_wconf 83' lang='grc' dir='ltr'>τῆς</span> <span class='ocrx_word' id='word_1_629' title='bbox 1626 5501 1703 5560; x_wconf 77' lang='grc' dir='ltr'><strong>εἰς</strong></span> <span class='ocrx_word' id='word_1_630' title='bbox 1727 5498 1958 5569; x_wconf 84' lang='grc' dir='ltr'>Χριστὸν</span> <span class='ocrx_word' id='word_1_631' title='bbox 1977 5515 2062 5551; x_wconf 77' lang='grc' dir='ltr'>τε·</span> 
     </span>
    </p>
   </div>
   <div class='ocr_carea' id='block_1_93' title="bbox 2154 4999 3729 5080">
    <p class='ocr_par' dir='ltr' id='par_1_93' title="bbox 2154 4999 3729 5080">
     <span class='ocr_line' id='line_1_96' title="bbox 2154 4999 3729 5080; baseline -0.003 -18"><span class='ocrx_word' id='word_1_632' title='bbox 2154 4999 2436 5080; x_wconf 68' lang='grc' dir='ltr'>λειότητος</span> <span class='ocrx_word' id='word_1_633' title='bbox 2466 5008 2556 5061; x_wconf 75' lang='grc' dir='ltr'><strong>ἐπὶ</strong></span> <span class='ocrx_word' id='word_1_634' title='bbox 2595 5009 2683 5060; x_wconf 71' lang='grc' dir='ltr'><strong>τὸν</strong></span> <span class='ocrx_word' id='word_1_635' title='bbox 2714 5008 2939 5080; x_wconf 73' lang='grc' dir='ltr'>ἕϐδομον</span> <span class='ocrx_word' id='word_1_636' title='bbox 2971 5006 3208 5080; x_wconf 81' lang='grc' dir='ltr'>βαθμὸν.</span> <span class='ocrx_word' id='word_1_637' title='bbox 3227 5008 3318 5080; x_wconf 67' lang='grc' dir='ltr'><strong>τὸν</strong></span> <span class='ocrx_word' id='word_1_638' title='bbox 3356 5007 3584 5080; x_wconf 72' lang='grc' dir='ltr'>μνήμην</span> <span class='ocrx_word' id='word_1_639' title='bbox 3614 5024 3729 5080; x_wconf 74' lang='grc' dir='ltr'>γενο</span> 
     </span>
    </p>
   </div>
   <div class='ocr_carea' id='block_1_94' title="bbox 2155 5077 3728 5147">
    <p class='ocr_par' dir='ltr' id='par_1_94' title="bbox 2155 5077 3728 5147">
     <span class='ocr_line' id='line_1_97' title="bbox 2155 5077 3728 5147; baseline -0.001 -16"><span class='ocrx_word' id='word_1_640' title='bbox 2155 5077 2329 5131; x_wconf 80' lang='grc' dir='ltr'>νῶντα</span> <span class='ocrx_word' id='word_1_641' title='bbox 2354 5081 2464 5140; x_wconf 82' lang='grc' dir='ltr'>τοῖς</span> <span class='ocrx_word' id='word_1_642' title='bbox 2496 5080 2722 5141; x_wconf 84' lang='grc' dir='ltr'>πιστοῖς,</span> <span class='ocrx_word' id='word_1_643' title='bbox 2757 5077 2853 5131; x_wconf 70' lang='grc' dir='ltr'>καῖ</span> <span class='ocrx_word' id='word_1_644' title='bbox 2898 5077 3381 5147; x_wconf 77' lang='grc' dir='ltr'>παρασκευάζοντα</span> <span class='ocrx_word' id='word_1_645' title='bbox 3420 5078 3621 5141; x_wconf 68' lang='grc' dir='ltr'>αὐτοὺς</span> <span class='ocrx_word' id='word_1_646' title='bbox 3652 5077 3728 5147; x_wconf 65' lang='grc' dir='ltr'><strong>ὄις</strong></span> 
     </span>
    </p>
   </div>
   <div class='ocr_carea' id='block_1_95' title="bbox 2157 5144 3725 5218">
    <p class='ocr_par' dir='ltr' id='par_1_95' title="bbox 2157 5144 3725 5218">
     <span class='ocr_line' id='line_1_98' title="bbox 2157 5144 3725 5218; baseline -0.001 -18"><span class='ocrx_word' id='word_1_647' title='bbox 2157 5147 2406 5218; x_wconf 76' lang='grc' dir='ltr'>ηγεῑσθαι</span> <span class='ocrx_word' id='word_1_648' title='bbox 2439 5147 2508 5199; x_wconf 82' lang='grc' dir='ltr'>τὰ</span> <span class='ocrx_word' id='word_1_649' title='bbox 2537 5147 2663 5218; x_wconf 57' lang='grc' dir='ltr'>περ).</span> <span class='ocrx_word' id='word_1_650' title='bbox 2695 5148 2791 5218; x_wconf 80' lang='grc' dir='ltr'>τῆς</span> <span class='ocrx_word' id='word_1_651' title='bbox 2821 5144 3114 5218; x_wconf 82' lang='grc' dir='ltr'>γενομένης</span> <span class='ocrx_word' id='word_1_652' title='bbox 3136 5149 3316 5218; x_wconf 78' lang='grc' dir='ltr'>αὐτοῖς</span> <span class='ocrx_word' id='word_1_653' title='bbox 3346 5147 3504 5218; x_wconf 83' lang='grc' dir='ltr'><strong>παρά</strong></span> <span class='ocrx_word' id='word_1_654' title='bbox 3520 5148 3620 5216; x_wconf 83' lang='grc' dir='ltr'>τῆς</span> <span class='ocrx_word' id='word_1_655' title='bbox 3640 5144 3725 5199; x_wconf 72' lang='grc' dir='ltr'><strong>τοῦ</strong></span> 
     </span>
    </p>
   </div>
   <div class='ocr_carea' id='block_1_96' title="bbox 2156 5216 3725 5289">
    <p class='ocr_par' dir='ltr' id='par_1_96' title="bbox 2156 5216 3725 5289">
     <span class='ocr_line' id='line_1_99' title="bbox 2156 5216 3725 5289; baseline -0.003 -17"><span class='ocrx_word' id='word_1_656' title='bbox 2156 5216 2387 5289; x_wconf 81' lang='grc' dir='ltr'>Χριστοῦ</span> <span class='ocrx_word' id='word_1_657' title='bbox 2436 5216 2787 5289; x_wconf 64' lang='grc' dir='ltr'>ἀντιλήψεως,</span> <span class='ocrx_word' id='word_1_658' title='bbox 2810 5221 2915 5289; x_wconf 74' lang='grc' dir='ltr'>καὶ</span> <span class='ocrx_word' id='word_1_659' title='bbox 2954 5216 3295 5289; x_wconf 72' lang='grc' dir='ltr'>παράκλησις</span> <span class='ocrx_word' id='word_1_660' title='bbox 3344 5222 3360 5279; x_wconf 72' lang='lat' dir='ltr'><strong>t&#39;</strong></span> <span class='ocrx_word' id='word_1_661' title='bbox 3388 5216 3490 5289; x_wconf 57' lang='lat' dir='ltr'><strong>leg.</strong></span> <span class='ocrx_word' id='word_1_662' title='bbox 3520 5220 3725 5289; x_wconf 64' lang='lat' dir='ltr'><strong>videtur</strong></span> 
     </span>
    </p>
   </div>
   <div class='ocr_carea' id='block_1_97' title="bbox 2159 5285 3725 5357">
    <p class='ocr_par' dir='ltr' id='par_1_97' title="bbox 2159 5285 3725 5357">
     <span class='ocr_line' id='line_1_100' title="bbox 2159 5285 3725 5357; baseline -0.001 -17"><span class='ocrx_word' id='word_1_663' title='bbox 2159 5285 2584 5357; x_wconf 76' lang='grc' dir='ltr'>παρακλήσεως)</span> <span class='ocrx_word' id='word_1_664' title='bbox 2611 5285 2907 5340; x_wconf 76' lang='grc' dir='ltr'>ἀπολαϐεῖν</span> <span class='ocrx_word' id='word_1_665' title='bbox 2937 5285 3132 5350; x_wconf 76' lang='grc' dir='ltr'>αὐτοὺς</span> <span class='ocrx_word' id='word_1_666' title='bbox 3164 5285 3260 5357; x_wconf 75' lang='grc' dir='ltr'><strong>τὴν</strong></span> <span class='ocrx_word' id='word_1_667' title='bbox 3290 5287 3563 5357; x_wconf 84' lang='grc' dir='ltr'>προτέραν</span> <span class='ocrx_word' id='word_1_668' title='bbox 3593 5285 3725 5339; x_wconf 71' lang='grc' dir='ltr'>ἀπό-</span> 
     </span>
    </p>
   </div>
   <div class='ocr_carea' id='block_1_98' title="bbox 2164 5337 3727 5428">
    <p class='ocr_par' dir='ltr' id='par_1_98' title="bbox 2164 5337 3727 5428">
     <span class='ocr_line' id='line_1_101' title="bbox 2164 5337 3727 5428; baseline 0 -20"><span class='ocrx_word' id='word_1_669' title='bbox 2164 5337 2469 5428; x_wconf 44' lang='grc' dir='ltr'><strong>ῇξιάιφςοδ</strong></span> <span class='ocrx_word' id='word_1_670' title='bbox 2501 5337 3727 5428; x_wconf 37' lang='lat' dir='ltr'><strong>sa&#39;pga‘aass;“ﬁgj.sQuaesumus...</strong></span> 
     </span>
    </p>
   </div>
   <div class='ocr_carea' id='block_1_99' title="bbox 2166 5426 3268 5495">
    <p class='ocr_par' dir='ltr' id='par_1_99' title="bbox 2166 5426 3268 5495">
     <span class='ocr_line' id='line_1_102' title="bbox 2166 5426 3268 5495; baseline 0.003 -17"><span class='ocrx_word' id='word_1_671' title='bbox 2166 5426 2384 5486; x_wconf 81' lang='grc' dir='ltr'>ὠλεσεν,</span> <span class='ocrx_word' id='word_1_672' title='bbox 2419 5426 2717 5495; x_wconf 76' lang='grc' dir='ltr'>ἀπατηθεὶς</span> <span class='ocrx_word' id='word_1_673' title='bbox 2750 5427 2854 5479; x_wconf 85' lang='grc' dir='ltr'>ὑπὸ</span> <span class='ocrx_word' id='word_1_674' title='bbox 2883 5426 2977 5480; x_wconf 76' lang='grc' dir='ltr'>τοῦ</span> <span class='ocrx_word' id='word_1_675' title='bbox 3004 5426 3268 5481; x_wconf 79' lang='grc' dir='ltr'>διαὸόλου.</span> 
     </span>
    </p>
   </div>
   <div class='ocr_carea' id='block_1_100' title="bbox 2237 5495 2779 5573">
    <p class='ocr_par' dir='ltr' id='par_1_100' title="bbox 2237 5495 2779 5573">
     <span class='ocr_line' id='line_1_103' title="bbox 2237 5495 2779 5573; baseline -0.002 -22"><span class='ocrx_word' id='word_1_676' title='bbox 2237 5496 2315 5566; x_wconf 83' lang='grc'><strong>(5)</strong></span> <span class='ocrx_word' id='word_1_677' title='bbox 2343 5495 2779 5573; x_wconf 83' lang='grc' dir='ltr'>Ἐδουλεύσαμεν.</span> 
     </span>
    </p>
   </div>
   <div class='ocr_carea' id='block_1_101' title="bbox 583 5631 3725 5707">
    <p class='ocr_par' dir='ltr' id='par_1_101' title="bbox 583 5631 3725 5707">
     <span class='ocr_line' id='line_1_104' title="bbox 583 5631 3725 5707; baseline 0.002 -23"><span class='ocrx_word' id='word_1_678' title='bbox 583 5631 665 5702; x_wconf 70' lang='lat'><strong>(1-)</strong></span> <span class='ocrx_word' id='word_1_679' title='bbox 695 5632 1139 5707; x_wconf 82' lang='lat' dir='ltr'><strong>ln_describenda</strong></span> <span class='ocrx_word' id='word_1_680' title='bbox 1186 5634 1543 5707; x_wconf 71' lang='lat' dir='ltr'><strong>explicatione</strong></span> <span class='ocrx_word' id='word_1_681' title='bbox 1572 5635 1856 5689; x_wconf 90' lang='lat' dir='ltr'><strong>titulorum</strong></span> <span class='ocrx_word' id='word_1_682' title='bbox 1905 5636 2239 5705; x_wconf 88' lang='lat' dir='ltr'><strong>psalmorum</strong></span> <span class='ocrx_word' id='word_1_683' title='bbox 2287 5633 2553 5704; x_wconf 76' lang='lat' dir='ltr'><strong>graduum</strong></span> <span class='ocrx_word' id='word_1_684' title='bbox 2600 5635 2989 5707; x_wconf 82' lang='lat' dir='ltr'><strong>multipliciter.</strong></span> <span class='ocrx_word' id='word_1_685' title='bbox 3019 5648 3074 5693; x_wconf 88' lang='lat' dir='ltr'><strong>et</strong></span> <span class='ocrx_word' id='word_1_686' title='bbox 3123 5653 3230 5693; x_wconf 90' lang='lat' dir='ltr'><strong>non</strong></span> <span class='ocrx_word' id='word_1_687' title='bbox 3259 5653 3372 5693; x_wconf 87' lang='lat' dir='ltr'><strong>uno</strong></span> <span class='ocrx_word' id='word_1_688' title='bbox 3402 5639 3458 5693; x_wconf 87' lang='lat' dir='ltr'><strong>in</strong></span> <span class='ocrx_word' id='word_1_689' title='bbox 3492 5639 3616 5692; x_wconf 81' lang='lat' dir='ltr'><strong>loco</strong></span> <span class='ocrx_word' id='word_1_690' title='bbox 3644 5652 3725 5690; x_wconf 73' lang='lat' dir='ltr'><strong>er-</strong></span> 
     </span>
    </p>
   </div>
   <div class='ocr_carea' id='block_1_102' title="bbox 510 5703 2687 5774">
    <p class='ocr_par' dir='ltr' id='par_1_102' title="bbox 510 5703 2687 5774">
     <span class='ocr_line' id='line_1_105' title="bbox 510 5703 2687 5774; baseline 0.003 -21"><span class='ocrx_word' id='word_1_691' title='bbox 510 5716 661 5774; x_wconf 80' lang='lat' dir='ltr'><strong>rasse</strong></span> <span class='ocrx_word' id='word_1_692' title='bbox 698 5703 907 5774; x_wconf 85' lang='lat' dir='ltr'><strong>videtur</strong></span> <span class='ocrx_word' id='word_1_693' title='bbox 940 5706 1215 5759; x_wconf 88' lang='lat' dir='ltr'><strong>librarius.</strong></span> <span class='ocrx_word' id='word_1_694' title='bbox 1269 5704 1583 5759; x_wconf 78' lang='lat' dir='ltr'><strong>Manifestus</strong></span> <span class='ocrx_word' id='word_1_695' title='bbox 1622 5707 1837 5774; x_wconf 79' lang='lat' dir='ltr'><strong>quidem</strong></span> <span class='ocrx_word' id='word_1_696' title='bbox 1892 5703 1993 5760; x_wconf 77' lang='lat' dir='ltr'><strong>hoc</strong></span> <span class='ocrx_word' id='word_1_697' title='bbox 2041 5707 2161 5761; x_wconf 88' lang='lat' dir='ltr'><strong>loco</strong></span> <span class='ocrx_word' id='word_1_698' title='bbox 2194 5703 2389 5760; x_wconf 65' lang='lat' dir='ltr'><strong>scribae</strong></span> <span class='ocrx_word' id='word_1_699' title='bbox 2419 5721 2580 5759; x_wconf 85' lang='lat' dir='ltr'><strong>error</strong></span> <span class='ocrx_word' id='word_1_700' title='bbox 2600 5714 2687 5759; x_wconf 80' lang='lat' dir='ltr'><strong>est</strong></span> 
     </span>
    </p>
   </div>
   <div class='ocr_carea' id='block_1_103' title="bbox 2741 5710 3721 5778">
    <p class='ocr_par' dir='ltr' id='par_1_103' title="bbox 2741 5710 3721 5778">
     <span class='ocr_line' id='line_1_106' title="bbox 2741 5710 3721 5778; baseline 0.004 -19"><span class='ocrx_word' id='word_1_701' title='bbox 2741 5726 2753 5759; x_wconf 92' lang='lat'><strong>:</strong></span> <span class='ocrx_word' id='word_1_702' title='bbox 2806 5725 2928 5762; x_wconf 85' lang='lat' dir='ltr'><strong>cum</strong></span> <span class='ocrx_word' id='word_1_703' title='bbox 2981 5712 3356 5778; x_wconf 85' lang='lat' dir='ltr'><strong>interpretatio</strong></span> <span class='ocrx_word' id='word_1_704' title='bbox 3386 5711 3532 5763; x_wconf 88' lang='lat' dir='ltr'><strong>tituli</strong></span> <span class='ocrx_word' id='word_1_705' title='bbox 3570 5710 3721 5776; x_wconf 60' lang='lat' dir='ltr'><strong>hujus</strong></span> 
     </span>
    </p>
   </div>
   <div class='ocr_carea' id='block_1_104' title="bbox 510 5770 3715 5853">
    <p class='ocr_par' dir='ltr' id='par_1_104' title="bbox 510 5770 3715 5853">
     <span class='ocr_line' id='line_1_107' title="bbox 510 5770 3715 5853; baseline 0.002 -26"><span class='ocrx_word' id='word_1_706' title='bbox 510 5770 702 5844; x_wconf 85' lang='lat' dir='ltr'><strong>psalmi</strong></span> <span class='ocrx_word' id='word_1_707' title='bbox 734 5773 919 5827; x_wconf 86' lang='lat' dir='ltr'><strong>eadem</strong></span> <span class='ocrx_word' id='word_1_708' title='bbox 951 5786 1113 5844; x_wconf 86' lang='lat' dir='ltr'><strong>atque</strong></span> <span class='ocrx_word' id='word_1_709' title='bbox 1140 5775 1227 5829; x_wconf 86' lang='lat' dir='ltr'><strong>illa</strong></span> <span class='ocrx_word' id='word_1_710' title='bbox 1255 5774 1449 5843; x_wconf 87' lang='lat' dir='ltr'><strong>psalmi</strong></span> <span class='ocrx_word' id='word_1_711' title='bbox 1493 5770 1859 5832; x_wconf 81' lang='lat' dir='ltr'><strong>antecedentis</strong></span> <span class='ocrx_word' id='word_1_712' title='bbox 1888 5777 1977 5831; x_wconf 88' lang='lat' dir='ltr'><strong>sit.</strong></span> <span class='ocrx_word' id='word_1_713' title='bbox 2009 5774 2298 5842; x_wconf 81' lang='lat' dir='ltr'><strong>Quomodo</strong></span> <span class='ocrx_word' id='word_1_714' title='bbox 2333 5785 2511 5831; x_wconf 87' lang='lat' dir='ltr'><strong>autem</strong></span> <span class='ocrx_word' id='word_1_715' title='bbox 2545 5791 2719 5846; x_wconf 81' lang='lat' dir='ltr'><strong>pauca</strong></span> <span class='ocrx_word' id='word_1_716' title='bbox 2749 5778 3006 5836; x_wconf 87' lang='lat' dir='ltr'><strong>mutando</strong></span> <span class='ocrx_word' id='word_1_717' title='bbox 3030 5770 3384 5853; x_wconf 66' lang='lat' dir='ltr'><strong>corrigerem,</strong></span> <span class='ocrx_word' id='word_1_718' title='bbox 3418 5780 3492 5835; x_wconf 84' lang='lat' dir='ltr'><strong>ad</strong></span> <span class='ocrx_word' id='word_1_719' title='bbox 3518 5770 3715 5849; x_wconf 60' lang='lat' dir='ltr'><strong>marino</strong></span> 
     </span>
    </p>
   </div>
  </div>
