3990 6208
328 283 466 339 1253

391 397 446 452 2.
474 396 838 469 Ἐγενήθημεν
865 398 994 451 ὡσεὶ
1028 400 1526 471 παρακεκλημένοι.

394 490 447 544 5.
488 486 620 542 Τότε
656 489 896 561 ἐπλήσθη
928 492 1101 562 χαρᾶς
1132 490 1194 543 τὸ
1223 491 1397 561 στόμα
1425 494 1608 563 ἡμῶν,

397 578 451 632 4.
490 579 598 630 Καὶ
626 579 659 648 ἡ
686 578 903 646 γλῶσσα
935 577 1086 650 ἡμῶν
1121 579 1511 647 ἀγαλλιάσεως.

298 744 302 748 θ
396 669 449 724 5.
492 668 623 723 Τότε
652 669 867 741 ἐροῦσιν
895 671 953 724 ὲν
984 672 1097 734 τοῖς
1126 669 1366 725 ἔθνεσινο

398 761 451 816 6.
478 762 806 832 Ἐμεγάλυνε
835 762 1037 834 Κύριος
1063 763 1155 816 τοῦ
1188 765 1409 835 ποιῆσαι
1438 766 1555 836 μετ’
1585 765 1783 820 αὐτῶν.

307 872 315 927 ε
399 854 452 908 7.
481 854 806 926 Ἐμεγάλυνε
835 855 1037 927 Κύριος
1063 855 1157 911 τοῦ
1187 858 1409 928 ποιῆσαι
1440 857 1558 929 μεθ’
1588 860 1744 929 ἡμῶν
1779 873 1792 887 ⁸

402 947 456 1000 8.
483 945 743 1017 Ἑγενήθη
753 963 851 1018 μεν
883 947 1320 1018 εὐφραινόμενοι.

398 1037 449 1092 9.
479 1037 851 1110 Ἐπίστρεψον,
879 1039 1072 1109 Κύριε,
1104 1038 1200 1110 τὴν
1228 1039 1602 1112 αἰχμαλωσίαν
1627 1040 1804 1111 ἡμῶν,

401 1128 487 1184 10.
513 1130 598 1193 Ὠς
622 1130 950 1201 χειμάρρους
974 1131 1032 1183 ὲν
1055 1128 1132 1200 τῷ
1152 1130 1308 1202 νότῳ.

1245 281 1338 336 DE
1383 281 1663 340 TlTl’lalS
1694 283 2141 341 PSALMORL'M.
2184 314 2254 324 -—-
2287 282 2479 339 PSAL.
2513 281 2743 340 εχιτ.-

3436 282 3578 339 1254

1925 413 1972 466 Α
2067 406 2121 459 2.
2158 403 2307 458 Facti
2340 418 2532 459 sumus
2558 402 2700 458 sicut
2726 400 3015 458 consolati.
3044 443 3049 448 .

2065 497 2119 553 5.
2152 496 2309 552 Tunc
2338 497 2604 565 repletum
2635 506 2721 552 est
2755 495 2957 566 gaudio
2986 509 3047 549 os
3074 500 3346 559 nostrum,

2067 587 2119 642 4.
2148 584 2210 641 Ει
2249 586 2431 657 lingua
2469 595 2656 642 nostra
2679 583 3056 640 exsultatione.

2070 678 2123 732 5.
2160 676 2315 733 Tunc
2342 678 2526 733 dicent
2558 678 2700 733 inter
2734 685 2920 747 gentes
2950 693 2962 729 :

2058 767 2123 822 '6.
2160 766 2527 839 Magniﬁcavit
2556 765 3022 822 Dominus~lacere
3046 780 3168 820 cum
3196 763 3296 819 eis.

2076 857 2129 959 ἶ.
2158 856 2527 959 Illagnilicavit
2552 858 2815 913 Dominus
2843 856 3022 913 facere
3048 857 3377 913 nobiscum:
3522 846 3568 959 ξ
3597 878 3603 885 ·

2078 949 2132 1005 8.
2165 948 2317 1005 Facti
2350 965 2542 1005 sumus
2574 951 2837 1006 laetantes.

2078 1043 2133 1098 9.
2169 1043 2457 1109 Converte,
2491 1043 2736 1107 Domine,
2771 1043 3434 1113 captivitatemnostram,

2077 1134 2165 1191 10.
2198 1135 2351 1191 Sicut
2392 1146 2607 1192 torrens
2639 1136 2693 1191 in
2731 1116 2937 1191 austro.
2988 1176 2989 1179 η

1454 1266 1831 1323 ATHANASII
1872 1268 2456 1331 ΠΝΤΕΒΡΒΕΤΑΤΙΟ.

396 1379 452 1434 2.
483 1377 807 1448 Ἐγενόμεθα
839 1378 914 1443 ὡς
943 1377 1019 1451 (l)
1045 1379 1353 1435 ἀνάπαυσιν
1374 1397 1386 1412 ·
1419 1381 1482 1435 '0
1511 1381 1620 1451 γὰρ
1641 1397 1911 1450 παρακα-

327 1467 454 1525 λῶν
478 1469 618 1534 τοὺς
645 1470 962 1535 ταπεινοὺς
998 1469 1414 1538 παρεκάλεσεν
1444 1470 1601 1538 ἡμᾶς
1634 1473 1802 1537 Θεός.

401 1560 454 1614 5.
486 1559 617 1611 Τότε
658 1557 1005 1629 ὲπλήσθημεν
1036 1557 1353 1629 Ηνεύματος
1381 1559 1535 1626 ἁγίου
1556 1574 1570 1591 ·

402 1650 453 1704 4.
486 1649 595 1702 Καὶ
619 1647 902 1718 ἠρξάμεθα
920 1649 1100 1703 λαλεῖν
1119 1650 1333 1713 ἑαυτοῖς
1351 1650 1427 1720 (2)
1447 1650 1516 1703 ἐν
1534 1650 1796 1719 ψαλμοῖς
1811 1649 1907 1703 καί

2075 1386 2131 1442 2.
2162 1386 2312 1442 Facti
2344 1402 2535 1443 sumus
2570 1384 2736 1440 veluti
2768 1384 2820 1437 in
2860 1383 3086 1451 requie:
3128 1378 3236 1445 Qui
3278 1378 3572 1434 enim'cou-
3604 1408 3609 1413 η

2006 1479 2211 1533 solatur
2244 1478 2493 1543 humiles,
2526 1476 2824 1531 consolatus
2855 1483 2931 1529 est
2959 1489 3052 1526 nos
3078 1470 3217 1525 Deus
3240 1469 3304 1525 “.

2073 1569 2127 1624 5.
2154 1568 2308 1624 Tunc
2340 1569 2527 1638 repleti
2551 1582 2742 1623 sumus
2777 1565 2986 1636 Spiritu
3016 1571 3210 1619 sancto
3240 1580 3253 1616 :

2072 1660 2126 1714 4.
2177 1659 2239 1713 Ει
2273 1660 2544 1729 οωρὶιηυε
2594 1657 3002 1727 nobismetipsis
3043 1655 3189 1724 loqui
3237 1653 3291 1706 in
3324 1650 3567 1720 psalmis,
3609 1689 3615 1696 .

328 1741 560 1810 ὕμνοις,
577 1740 675 1793 καὶ
697 1739 875 1806 ᾠδαῖς
889 1739 1312 1810 πνευματικαῖς
1325 1738 1594 1806 ᾅδοντες,
1621 1739 1718 1793 καὶ
1741 1738 1903 1808 ψάλ-
1932 1787 1938 1838 1

2027 1761 2050 1805 ιι
2083 1752 2326 1822 hymnis,
2382 1761 2432 1805 et
2475 1751 2698 1804 canticis
2737 1746 3124 1820 spiritualibus-
3156 1753 3431 1799 cantantes
3454 1783 3470 1806 ,
3516 1746 3570 1795 ει

328 1836 543 1897 λοντες
570 1832 641 1886 ἐν
664 1831 794 1897 ταῖς
834 1831 1099 1899 καρδίαις
1122 1830 1289 1901 ἡμῶν
1315 1831 1394 1897 τῷ
1420 1832 1660 1901 ὀνόματι
1688 1830 1894 1885 αὐτοῦ.

400 1922 455 1986 5,
492 1921 545 1977 ϐ.
582 1923 656 1988 (5)
691 1923 824 1976 Τότε
852 1922 1038 1991 ελεγον
1066 1924 1122 1976 αἱ
1148 1922 1385 1977 ἐναντίαι
1407 1922 1662 1994 δυνάμεις
1681 1938 1694 1951 ·
1734 1920 1898 1976 Εὐδό-

330 2031 500 2086 κησεν
529 2015 559 2067 6
595 2014 723 2078 Υἱὸς
752 2016 846 2068 τοῦ
873 2015 1008 2069 Θεοῦ
1041 2015 1135 2069 τοῦ
1168 2014 1339 2070 σῶσαι
1365 2014 1581 2079 αὐτούς.

402 2104 454 2159 7.
483 2105 669 2175 Ἡμεῖς
700 2104 755 2158 δὲ
783 2105 941 2160 πάλιν
970 2104 1313 2178 καυχῴμενοι
1338 2107 1396 2159 ἐν
1425 2107 1615 2178 Κυρίῳ
1646 2105 1896 2177 λέγομεψ

331 2195 621 2249 Ἦπλωσεν
642 2196 735 2249 ἐπὶ
764 2196 992 2260 πάντας,
1023 2198 1118 2250 καὶ
1151 2198 1230 2260 είς
1256 2197 1403 2267 ἡμᾶς
1428 2197 1490 2250 τὸ
1529 2197 1676 2261 ἕλεος
1711 2196 1897 2251 αὑτοῦ.

404 2373 458 2427 8.
500 2371 821 2444 Εὑρέθημεν
849 2373 1177 2444 πλησθέντες
1205 2392 1270 2446 τῃ
1300 2391 1481 2447 χαριτι
1521 2376 1597 2446 (4)
1626 2374 1813 2431 αὑτοῦ.

403 2464 456 2526 9,
492 2462 577 2515 10.
612 2464 668 2517 Ὁ
694 2465 1024 2537 χειμάρρους
1048 2459 1223 2531 οὗτος,
1267 2468 1394 2538 περὶ
1426 2460 1486 2521 οὗ
1514 2467 1662 2537 λέγει
1704 2468 1733 2520 ὁ
1760 2469 1902 2539 Προ-

335 2556 530 2625 φήτης,
560 2555 617 2606 ὲν
660 2554 737 2624 τῷ
780 2554 917 2626 νότῳ
959 2556 1104 2610 ἐστὶν
1146 2557 1202 2609 ἐν
1246 2559 1313 2628 τῇ
1347 2556 1763 2629 Ῥινοκουρούρᾳ
1801 2558 1900 2630 (5),

332 2648 455 2719 ἣτις
487 2649 632 2701 ἐστὶν
662 2649 803 2720 ἀρχὴ
851 2651 948 2719 τῆς
976 2649 1253 2719 Αἰγύπτου
1274 2668 1288 2679 ·
1319 2650 1400 2705 διὸ
1422 2653 1515 2705 καὶ
1550 2653 1579 2706 6
1609 2652 1904 2725 Προφήτης

334 2738 578 2810 εἴρηκεν,
609 2741 690 2806 ὡς
735 2744 767 2795 ό
812 2740 1163 2810 χειμάρρους
1199 2742 1268 2796 ἐν
1307 2741 1387 2808 τῷ
1412 2746 1580 2807 νότῳ.
1612 2743 1782 2797 Τοῦτο
1810 2740 1905 2799 οῦν

337 2829 736 2901 μεμαθήκαμεν
797 2831 946 2902 παρὰ
984 2832 1261 2896 πλειόνων,
1298 2834 1488 2905 ὅτιπερ
1513 2835 1563 2886 οἱ
1601 2834 1906 2905 Σαρακηνοὶ

336 2923 668 2993 κατήρχοντο
699 2924 779 2986 είς
809 2923 907 2993 τὴν
939 2923 1403 2997 Ῥινοκουροῦραν,
1435 2924 1466 2994 ἢ
1505 2923 1623 2997 [ὡς]
1658 2926 1750 2978 καὶ
1772 2943 1906 2979 κατ-

335 3014 584 3085 έρχονται
632 3012 790 3085 μέχρι
836 3014 932 3067 τοῦ
995 3014 1123 3076 νῦν,
1171 3015 1266 3068 καὶ⁸
1319 3014 1661 3068 παιδεύουσιν
1718 3014 1907 3089 ὥσπερ

2001 1843 2282 1913 psallentes
2314 1843 2371 1896 in
2392 1843 2637 1897 cordibus
2659 1844 2855 1896 nostris
2885 1840 3084 1893 nomini
3111 1838 3223 1903 eius
3246 1838 3313 1891 ⁷⁸.

2068 1934 2122 1998 5,
2157 1932 2209 1988 6.
2243 1933 2397 1989 Tunc
2428 1933 2685 1988 dixerunt
2718 1931 3023 1987 contrariae~
3037 1936 3330 1992 potestates
3358 1943 3373 1980 :
3409 1923 3575 1979 Come

1998 2023 2206 2094 placuit
2242 2021 2381 2077 Filio
2412 2020 2508 2076 Dei
2538 2022 2690 2091 ipsos
2718 2020 2899 2075 salvas
2930 2018 3130 2072 facere.

2075 2114 2129 2168 7.
2163 2111 2274 2169 Nos
2300 2122 2484 2168 autem
2514 2109 3047 2181 rursus-gloriantes
3082 2108 3137 2161 in
3171 2104 3401 2159 Domino
3438 2101 3593 2159 dici--

2000 2220 2163 2259 mus:
2215 2204 2484 2274 Expandit
2529 2218 2693 2273 super
2729 2216 2941 2267 omnes,
2982 2208 3037 2255 et
3074 2213 3238 2268 super
3279 2212 3382 2253 nos
3417 2195 3577 2251 mise-

2000 2300 2289 2355 ricordiam
2323 2314 2502 2353 suam.

2070 2390 2124 2446 8.
2153 2388 2358 2445 Inventi
2391 2404 2582 2445 sumus
2613 2386 2801 2459 repleti
2830 2385 3001 2457 gratia
3027 2384 3223 2454 ipsius.

2072 2482 2129 2546 9,
2165 2482 2252 2537 10.
2295 2479 2531 2555 Torrens
2580 2481 2704 2547 iste,
2754 2479 2821 2534 de
2851 2492 2962 2549 quo
3012 2475 3254 2546 loquitur
3286 2472 3576 2542 Propheta,

2000 2584 2084 2633 est
2111 2576 2165 2629 in
2202 2582 2354 2645 parte
2386 2572 2613 2629 australi
2638 2572 2692 2627 in
2730 2569 3129 2633 Bliinocerura,
3159 2581 3281 2637 quae
3312 2573 3397 2620 est
3430 2562 3581 2634 prin-

2002 2667 2202 2737 cipium
2238 2664 2489 2737 Egypti;
2532 2664 2661 2719 ideo
2694 2672 2748 2718 et
2777 2662 3049 2733 Propheta
3072 2659 3238 2724 dixit,
3270 2656 3431 2713 veluti
3466 2663 3576 2708 tor-

2005 2774 2123 2813 rens
2171 2758 2228 2811 in
2284 2768 2489 2812 austro.
2528 2754 2647 2811 Hoc
2688 2754 2832 2810 enim
2880 2753 3174 2810 didicimus
3218 2766 3250 2804 a
3305 2745 3576 2820 pluribus,

2006 2850 2153 2922 quod
2191 2847 2450 2921 Saraceni
2507 2847 2868 2904 deveniebant
2911 2847 2965 2901 in
3015 2844 3445 2900 Rbinoceruram
3469 2879 3485 2905 ,
3519 2847 3608 2894 ut.

2006 2945 2304 2998 etiamnum
2337 2942 2582 3006 veniunt,
2612 2948 2665 2993 et
2699 2937 3098 3010 dchpulantur
3134 2948 3472 3006 quaecunque
3499 2931 3582 2985 in-

2015 3035 2264 3101 veniunt,
2292 3043 2347 3088 ct
2379 3040 2726 3089 revertuntur
2752 3031 2806 3085 in
2838 3031 2956 3084 loca
2986 3044 3105 3085 sua.
3136 3026 3370 3082 Torrens
3400 3032 3579 3080 autem

335 3105 663 3178 [πορθοῦσιν
712 3107 882 3180 ὅπερ]
938 3109 1279 3179 εὑρίσκουσι,
1328 3107 1422 3160 καὶ
1472 3108 1785 3179 ἀνέρχονται
1835 3111 1914 3176 είς

2027 3129 2138 3193 iste,
2171 3127 2238 3182 de
2286 3141 2397 3197 quo
2447 3124 2690 3195 loquitur
2727 3122 3030 3192 Propheta,
3079 3135 3145 3174 ex
3184 3117 3579 3173 Saracenorum

334 3199 463 3261 τοὺς
498 3198 698 3261 τόπους
744 3197 944 3251 αὐτῶν.
964 3199 1021 3251 '0
1050 3198 1106 3250 δὲ
1136 3199 1468 3270 χειμάρρους
1489 3192 1665 3265 οὗτος,
1699 3199 1827 3269 περὶ
1853 3193 1914 3251 οῦ

337 3281 490 3340 εἶπεν
520 3288 549 3339 6
579 3287 896 3358 Προφήτης,
941 3286 1138 3340 ἐκτῶν
1184 3286 1518 3359 Σαρακηνῶν
1552 3286 1875 3359 κατέρχεται
1897 3304 1912 3318 ’

334 3378 481 3431 κατὰ
510 3377 763 3450 βούλησιν
785 3375 877 3432 οὖν
898 3378 1056 3443 Θεοῦ,
1086 3379 1248 3450 ἡνίκα
1271 3379 1493 3449 γένηται
1522 3378 1672 3441 ὑετὸς
1696 3376 1915 3450 λάϐρος,

339 3469 598 3542 πληθύνει
630 3473 659 3524 6
680 3471 1185 3542 χειμάρρους,ὧστε
1212 3470 1573 3542 κατέρχεσθαι
1598 3470 1759 3524 αὑτὸν
1785 3486 1916 3539 σφο-

337 3560 501 3632 δρῶς,
531 3560 873 3630 λαμϐάνοντα
908 3560 1007 3624 τὰς
1053 3559 1257 3629 σκηνὰς
1306 3560 1415 3614 τῶν
1446 3560 1794 3630 Σαρακηνῶν,
1822 3558 1919 3613 καὶ

338 3655 536 3718 αὐτοὺς
576 3653 633 3706 δὲ
662 3652 976 3715 ἀπόλλυσιν,
1012 3651 1155 3720 ἅπερ
1196 3651 1253 3703 δὲ
1282 3650 1587 3722 διήρπασαν
1611 3648 1790 3702 λαϐὼν
1824 3648 1918 3716 φέ-

338 3761 430 3816 ρει
463 3746 543 3807 είς
571 3744 670 3813 τὴν
712 3741 1180 3813 Ῥινοκουρούραν,
1209 3740 1329 3793 ὃθεν
1352 3741 1447 3793 καὶ
1478 3737 1790 3809 ἐλήφθησαν
1810 3738 1918 3791 ἀπὸ

340 3838 450 3893 τῶν
476 3836 807 3909 Σαρακηνῶν
838 3838 898 3890 τὸ
929 3836 1193 3907 πρότερον
1215 3850 1229 3864 ⁸
1269 3833 1363 3886 καὶ
1393 3834 1551 3904 ἡμεῖς
1581 3832 1659 3897 δὲ,
1693 3830 1919 3901 γενόμε-

342 3946 424 3985 νοι
466 3932 523 3984 ἐν
569 3932 706 4001 αὐτῇ
739 3933 805 4001 τῇ
848 3928 1018 3991 πόλει,
1050 3925 1391 3997 ἐθεασάμεθα
1432 3925 1523 3978 τὸν
1563 3923 1917 3996 χειμάρρουν.

341 4024 513 4078 Τοῦτο
551 4020 643 4078 οὖν
674 4025 826 4076 ἐστιν
872 4022 899 4075 ὃ
943 4021 1088 4088 λέγει
1132 4021 1161 4071 6
1189 4020 1484 4090 Προφήτης
1521 4017 1586 4070 ὲκ
1629 4015 1919 4088 προσώπου

340 4117 451 4172 τῶν
475 4115 909 4170 πεπιστευκότων
925 4131 938 4144 ·
971 4114 1073 4175 ὅτι,
1098 4110 1286 4181 ὥσπερ
1309 4111 1513 4172 ἐκεῖνος
1538 4110 1568 4160 6
1589 4106 1921 4178 χειμάρρους

341 4210 471 4273 τοὺς
509 4209 607 4280 μὲν
633 4206 1128 4279 αἰχμαλωτίζοντας
1164 4201 1442 4265 ἀπόλλυσι,
1471 4200 1539 4254 τὰ
1567 4200 1625 4253 δὲ
1649 4198 1920 4270 ληφθέντα

342 4298 476 4370 παρ’
507 4297 684 4352 αὐτῶν
711 4296 882 4350 σκῦλα
913 4292 1361 4361 ἀποκαθίστησιν,
1386 4289 1444 4355 ἐξ
1472 4281 1547 4341 ὧν
1571 4287 1664 4341 καὶ
1688 4285 1923 4357 ἐλήφθη-

347 4407 469 4452 σαν,
499 4388 642 4442 οὕτω
667 4388 889 4458 ποίησον
926 4384 1019 4439 καὶ⁵
1046 4383 1229 4446 αὐτὸς,
1285 4382 1379 4434 καὶ
1404 4379 1503 4444 τὰς
1540 4379 1637 4450 μὲν
1669 4377 1920 4439 ἐναντίας

344 4481 600 4552 δυνάμεις
631 4480 730 4543 τὰς
772 4475 1249 4548 αἱχμαλωτισάσας
1296 4473 1443 4544 ἡμᾶς
1489 4470 1797 4525 θανάτωσον
1842 4468 1919 4539 τῷ

349 4572 501 4626 ῦδατι
528 4570 641 4625 τοῦλ
658 4569 1049 4642 βαπτίσματος,
1077 4566 1143 4619 δι’
1168 4563 1332 4618 αὐτοῦ
1357 4564 1414 4617 δὲ
1440 4561 1533 4616 τοῦ
1568 4561 1755 4624 ὓδατος
1782 4560 1917 4614 ἀπόσ

347 4664 437 4727 δος
467 4665 595 4734 ἡμῖν
627 4663 724 4733 τὴν
749 4660 906 4728 δόξαν
935 4659 1029 4713 καὶ
1048 4658 1146 4727 τὴν
1173 4653 1504 4726 ἐλευθερίαν,
1536 4655 1601 4725 ἣν
1630 4652 1919 4721 ἀφείλαντο

349 4757 481 4827 ἡμῖν
511 4756 567 4808 αἱ
602 4752 695 4807 τοῦ
736 4751 930 4823 ἐχθροῦ
954 4750 1230 4820 δυνάμεις.
1266 4745 1414 4816 Αὕτη
1457 4739 1548 4799 οῦν
1595 4745 1629 4815 ἠ
1670 4743 1920 4815 διήγησις

349 4844 458 4900 τοῦ
492 4843 831 4914 χειμάρῤου.
873 4843 966 4896 καὶ
997 4840 1133 4912 αῦτη
1161 4841 1195 4909 ἡ
1233 4838 1383 4893 αἰτία
1406 4836 1497 4891 τοῦ
1526 4836 1804 4908 εἰρηκέναι
1830 4835 1919 4889 τὸν

353 4936 666 5008 Προφήτην.
1212 4986 1215 4989 .

422 5048 472 5082 ’⁷⁸
506 5046 546 5101 ΙΙ
576 5046 702 5103 Cor.
742 5060 815 5099 vn
867 5042 920 5098 6.
1000 5043 1044 5074 "
1069 5040 1266 5111 Ephes.
1300 5057 1352 5108 ν,
1384 5042 1438 5096 4.

2018 3228 2162 3274 terra
2186 3218 2453 3288 originem
2483 3216 2684 3271 habet:
2720 3213 3015 3270 secundum
3066 3212 3230 3283 igitur
3258 3208 3353 3265 Dei
3393 3207 3583 3263 volun.-

2016 3320 2205 3377 tatem,
2239 3325 2361 3365 cum
2397 3308 2653 3379 c0piosus
2688 3306 2861 3361 imber
2893 3304 3055 3368 cadit,
3081 3303 3216 3358 adeo
3248 3300 3443 3357 crescit
3473 3309 3584 3354 tor,

2017 3418 2166 3464 rens,
2192 3409 2255 3455 ut
2287 3399 2637 3454 vehementer
2669 3409 2727 3451 se
2765 3394 2960 3450 inferat
3008 3395 3229 3448 trahens
3263 3404 3447 3446 secum
3496 3397 3600 3442 ta-

2020 3493 2315 3549 bernacula
2351 3490 2771 3555 Saracenorum,
2822 3495 2884 3542 et
2920 3488 3066 3557 ipsos
3113 3484 3331 3555 quidem
3355 3480 3607 3567 opeqlith

2018 3600 2360 3658 quaecunque
2389 3592 2569 3638 autem
2606 3587 2929 3651 rapuerunt,
2984 3578 3255 3646 accipiens
3305 3573 3410 3629 fert
3450 3572 3585 3627 Rhi-

2020 3689 2366 3739 uoceruram,
2409 3672 2552 3726 unde
2584 3679 2639 3725 et
2661 3677 2817 3724 antea
2849 3678 3005 3738 capta
3053 3665 3274 3722 fuerunt
3300 3679 3330 3718 a
3360 3663 3587 3718 Sarace-

2020 3767 2146 3822 nis:
2190 3775 2244 3820 et
2296 3780 2398 3820 nos
2444 3762 2661 3833 quidem
2714 3775 2839 3815 cum
2888 3774 3133 3815 essemus
3182 3758 3236 3812 in
3272 3772 3333 3812 ea
3369 3757 3587 3813 civitate

2017 3858 2260 3912 vidimus
2285 3863 2606 3911 torrentem.
2634 3849 2748 3907 Hoc
2780 3851 2944 3919 igitur
2968 3859 3070 3915 est,
3103 3849 3247 3919 quod
3283 3848 3415 3902 dicit
3446 3846 3584 3903 Pro—

2021 3953 2176 4019 pheta
2211 3963 2278 4003 εχ
2330 3962 2561 4017 persona
2599 3945 2976 4001 credentium:
3033 3941 3179 4012 quod
3232 3939 3586 4019 quemadmo-

2020 4014 2148 4098 dum
2186 4040 2276 4096 ille
2309 4014 2524 4095 torrens
2552 4052 2670 4101 eos,
2705 4035 2797 4106 qui
2830 4035 2968 4090 alios
2997 4034 3051 4088 in
3090 4014 3454 4102 captivitafem
3484 4030 3586 4083 ab-

2021 4134 2323 4198 duxerunt,
2356 4132 2550 4200 perdit,
2581 4138 2736 4200 capta
2785 4137 2964 4184 autem
3007 4127 3077 4181 ab
3126 4126 3259 4195 ipsis
3292 4123 3463 4193 spolia
3501 4135 3588 4176 re-

2024 4227 2203 4284 stituit
2231 4226 2330 4291 eis,
2365 4225 2564 4295 quibus
2590 4233 2644 4278 et
2669 4232 2852 4293 erepta
2883 4219 3130 4281 fuerant;
3157 4220 3228 4273 ita
3253 4217 3339 4273 l'ac
3366 4228 3419 4271 et
3446 4216 3580 4286 ipse,

2023 4330 2079 4374 et
2100 4316 2405 4374 contrarias
2433 4324 2748 4388 potestates,
2778 4311 2872 4383 qui
2903 4312 3143 4382 captivos
3165 4325 3266 4365 nos
3290 4309 3581 4372 duxerunt,

2025 4408 2273 4464 interﬁce
2305 4422 2448 4476 aqua
2497 4404 2776 4475 baptismi,
2817 4402 3003 4457 eadem
3037 4408 3216 4455 autem
3248 4411 3388 4468 aqua
3426 4396 3593 4451 redde

2025 4501 2183 4556 nobis
2231 4499 2482 4572 gloriam,
2514 4507 2570 4552 et
2614 4497 2941 4559 libertatem,
2974 4509 3136 4564 quam
3169 4491 3326 4547 nobis
3372 4489 3589 4559 eripue-

2027 4602 2156 4647 runt
2191 4600 2487 4667 potestates
2533 4588 2761 4644 inimici.
2816 4586 2940 4642 Haec
2980 4585 3146 4656 igitur
3173 4593 3256 4639 est
3301 4579 3589 4651 explicatio

2026 4682 2281 4739 dictionis
2329 4681 2477 4737 illius
2508 4721 2522 4742 ,
2561 4680 2699 4734 sicut
2753 4688 2977 4745 torrens,
3007 4679 3208 4733 etbzec
3253 4688 3440 4741 causa,
3487 4684 3589 4727 cur

2024 4774 2292 4846 Propheta
2318 4774 2435 4844 ejus
2467 4771 2793 4828 meminerit.

1302 5156 1608 5218 Addenda
1641 5164 1701 5217 et
1733 5152 2111 5234 corrigenda
2155 5167 2234 5212 ex
2268 5147 2407 5211 cod.
2441 5147 2643 5210 Vatic.

450 5264 500 5328 1)
542 5264 634 5328 El;
657 5262 984 5326 ἀνάπαυσιν,
1011 5268 1139 5323 etc.,
1170 5260 1199 5312 6
1225 5258 1376 5321 Θεός.

446 5334 502 5396 2)
529 5334 616 5388 Ἐν
641 5334 873 5396 ἑαυτοῖς.

450 5264 473 5318 1
542 5264 634 5328 El;
657 5264 984 5326 ἀνάπαυσιν,
1011 5268 1139 5323 etc.,
1170 5264 1199 5312 6
1225 5264 1376 5321 Θεός.

446 5335 481 5388 2
529 5334 616 5388 Ἐν
641 5334 873 5396 ἑαυτοῖς.

425 5264 502 5477 ίὸξ
538 5406 607 5459 Ν.
642 5404 695 5468 5,
719 5403 874 5467 Τότε,
891 5397 1128 5464 ειο.,τοῦ
1144 5398 1311 5454 deest.
1337 5397 1406 5451 N.
1424 5395 1478 5462 6,
1494 5396 1545 5463 7,
1565 5396 1775 5468 Ἡμεῖς,
1793 5406 1921 5459 etc.,

2023 5255 2081 5308 ὲν
2109 5250 2186 5322 τῷ
2215 5248 2421 5322 Ιξυρίῳλ,
2453 5258 2581 5317 etc.,
2608 5250 2687 5311 είς
2718 5248 2925 5311 πάντας
2949 5245 3115 5318 ἡμᾶς,
3144 5248 3248 5298 etc.

2096 5318 2324 5409 illi“
2347 5318 2584 5409 ζάξᾴτοςν
2612 5328 2715 5405 εξε·
2808 5395 2851 5409 -.
2973 5384 2987 5404 .

2098 5382 2397 5464 ζ5)ξ⁹Εντῇ
2421 5382 2761 5460 Ῥινοκούρᾳ,
2802 5395 2929 5451 etc.,
2958 5384 3034 5450 ὡς
3064 5382 3417 5455 χειμάρρους,
3460 5387 3589 5443 etc.,

359 5533 485 5576 nem
536 5515 799 5586 ascripsi;
844 5523 993 5570 recte
1021 5523 1229 5586 autem2
1280 5526 1348 5586 an
1390 5524 1552 5567 secus
1597 5508 1815 5578 benigni
1852 5507 2075 5564 lectoris
2115 5504 2325 5576 judicio
2366 5504 2690 5586 relinquam.
2725 5498 2911 5582 Neque
2959 5498 3105 5579 enim
3155 5496 3287 5551 mihi
3334 5509 3457 5566 spes
3489 5508 3591 5557 est,

360 5569 894 5645 ambiaﬁadrect'am
913 5569 1184 5638 etveram
1214 5569 1505 5637 lectionem
1548 5569 1806 5634 revocare
1833 5593 2015 5647 posse.
2048 5586 2101 5633 et
2115 5569 2248 5648 'quze
2279 5584 2501 5631 sanctus
2525 5569 2742 5626 'doctor
2780 5569 3018 5640 scripsit,
3052 5578 3105 5623 et
3148 5582 3294 5623 nunc
3321 5581 3509 5622 manca
3540 5576 3593 5622 ut

362 5658 554 5715 mutila
582 5673 646 5712 ac
677 5662 935 5725 corrupta
962 5653 1236 5724 leguntur,
1264 5652 1319 5707 in
1348 5652 1617 5721 integrum
1645 5649 1950 5705 restituere.
