3990 6208
271 342 274 346 Α
313 267 452 322 ηδτ
1163 256 1251 313 DE
1288 255 1566 311 TlTULlS
1608 254 1847 310 rsum

1947 251 2050 311 ΗΜ.
2084 277 2155 294 -μ
2178 247 2375 304 PSAL.
2407 240 2641 300 CXXVI.
3026 233 3028 235 ί
3383 236 3523 294 1258

379 383 430 437 5.
457 383 549 446 Et;
580 381 752 452 μάτην
777 381 904 452 ὑμῖν
925 382 1038 435 ἐστι
1055 380 1116 432 τὸ
1145 379 1285 451 [τοῦ]
1313 379 1582 452 όρθρίζειν
1602 395 1616 410 ·
1892 385 1937 440 Α

1892 385 1937 440 Α
2037 374 2088 428 5.
2119 371 2329 426 Vanum
2356 376 2438 424 est
2465 364 2622 421 vobis
2654 370 2778 418 ante
2806 362 2982 416 lucem
3012 372 3233 429 surgere
3259 374 3273 412 :

380 472 431 527 6.
474 471 779 541 Ἐγείρεσθε
814 469 951 542 μετά
971 469 1032 522 τὸ
1062 467 1352 537 καθῆσθαι,

1961 505 1968 511 .
2034 465 2087 520 6.
2124 463 2341 534 Surgite
2366 467 2651 530 postquam
2681 455 2947 518 sederitis,

380 563 434 616 7.
467 561 530 614 Οί
560 559 828 620 ἐσθίοντες
852 558 1012 629 ἄρτον
1032 555 1242 624 ὀδύνης.

2040 558 2092 612 7.
2123 556 2225 622 Qui
2258 549 2602 609 manducatis
2631 562 2824 618 panem
2857 545 3079 599 doloris.

381 655 436 709 8.
470 653 636 706 Ὅταν
670 649 744 722 δῷ
774 652 884 712 τοῖς
914 649 1216 718 ἀγαπητοῖς
1243 641 1406 697 αὑτοῦ
1441 641 1626 694 ὕπνον.

2041 649 2094 703 8.
2130 647 2265 701 Cum
2297 642 2508 699 dederit
2535 640 2745 695 dilectis
2784 639 2898 693 suis
2927 651 3215 692 somnum.

388 743 442 797 9.
484 741 613 794 Ἰδοὺ
647 741 680 810 ἡ
713 736 1040 809 κληρονομία
1065 733 1293 806 Κυρίου,
1320 732 1456 785 υίοίο

1449 748 1456 763 ’
2045 741 2099 795 9.
2138 737 2280 794 Ecce
2313 734 2605 790 haereditas
2626 731 2864 794 Domini,
2900 729 3025 784 ﬁlii:

387 832 473 886 10.
515 831 573 884 Ὀ
600 830 787 900 μισθὸς
821 828 914 881 τοῦ
944 824 1156 897 καρποῦ
1180 824 1280 894 τῆς
1307 821 1557 894 γαστρός.

1307 821 1557 894 γαστρός-
2046 828 2135 882 10.
2164 826 2370 880 Merces
2403 822 2616 878 fruetus
2650 820 2875 875 ventris.

389 924 475 978 11.
521 921 666 974 Ὢσεὶ
700 920 827 991 βέλη
853 922 910 973 ὲν
935 919 1078 991 χειρὶ
1097 914 1320 970 δυνατοῦ
1339 932 1353 946 ο

2044 919 2131 973 11.
2168 917 2318 972 Sicut
2345 914 2553 985 sagittae
2581 914 2637 968 in
2666 927 2831 966 mauu
2860 909 3133 982 potentis:

390 1017 478 1070 1‘2.
509 1013 695 1078 Οὕτως
725 1015 772 1066 οἱ
811 1013 915 1066 υἱοὶ
951 1011 1054 1066 τῶν
1077 1006 1557 1078 ὲκτετιναγμένων.

1207 1006 1557 1078 τιναγμένων.
2047 1009 2134 1064 12.
2172 1008 2246 1062 Ita
2281 1006 2375 1061 ﬁlii
2406 1018 2783 1062 exeussorum.

393 1110 479 1164 15.
511 1107 815 1180 Μακάριος,
847 1105 906 1168 ὃς
933 1102 1205 1176 πληρώσει
1245 1099 1343 1172 τὴν
1394 1095 1685 1169 ἐπιθυμίαν
1713 1094 1875 1150 αὐτοῦ

2049 1102 2138 1155 15.
2174 1100 2372 1154 Beatus
2399 1097 2483 1152 vir
2508 1097 2601 1167 qui
2634 1094 2882 1166 implebit
2927 1091 3258 1149 desiderium
3287 1103 3445 1144 suum
3471 1102 3534 1143 ex

323 1201 384 1267 ἐξ
412 1199 588 1254 αὐτῶν
602 1213 617 1228 ⁵

1979 1192 2112 1262 ipsis
2140 1210 2152 1246 :
2613 1229 2619 1234 .

399 1291 482 1346 14.
519 1291 592 1343 Οὐ
664 1287 1212 1359 καταισχυνθήσονται
1241 1324 1256 1350 ,
1324 1284 1453 1339 ὅταν
1509 1280 1708 1336 λαλῶσι
1768 1281 1879 1342 τοῖς

2059 1279 2140 1333 14.
2172 1277 2290 1334 Non
2343 1278 2748 1335 eonfundentur
2807 1290 2931 1332 cum
2970 1274 3258 1345 loquentur
3306 1267 3542 1325 inimicis

327 1381 536 1455 ἐχθροῖς
567 1379 728 1434 αὑτοῦ
756 1377 981 1452 [αὐτῶν]
1014 1380 1070 1431 ὲν
1100 1377 1312 1439 πύλαις.

802 1377 981 1450 ιύτῶν]
1014 1380 1070 1431 ὲν
1100 1377 1312 1439 πύλαις.
1987 1372 2099 1427 suis
2125 1371 2179 1426 in
2202 1378 2378 1442 porta.

1439 1578 1810 1634 ATHANASII
1849 1571 2429 1634 INTERPRETATIO.

401 1785 454 1841 5.
498 1783 657 1854 Ὑμῖν
679 1783 788 1845 τοῖς
813 1781 1118 1853 προφήταις
1147 1779 1226 1843 είς
1256 1779 1431 1850 μάτην
1469 1776 1584 1830 ἐστὶ
1615 1776 1674 1829 τὸ
1698 1777 1774 1847 (1)
1797 1776 1890 1846 ὀρ-
1920 1761 1963 1820 Β

2062 1775 2114 1829 5.
2148 1772 2333 1838 Vobis,
2365 1769 2657 1841 prophetae,
2686 1782 2884 1822 vanum
2928 1771 3012 1819 est
3048 1769 3173 1817 ante
3219 1759 3392 1814 lucem
3424 1775 3549 1815 sur-

333 1876 534 1951 θρίζειν
561 1849 723 1946 ύμᾶς,
756 1849 1061 1926 καὶνλαϐεῖν
1081 1873 1171 1925 τὸν
1199 1872 1354 1940 λόγον
1374 1849 1466 1924 τοῦ
1495 1868 1630 1924 Θεοῦ
1668 1869 1756 1923 διὰ
1797 1869 1894 1941 τὴν

1994 1878 2138 1935 gere,
2160 1870 2214 1916 et
2244 1875 2463 1917 sumere
2507 1859 2727 1914 verbum
2773 1856 2867 1911 Dei
2897 1861 3114 1926 propter
3142 1849 3425 1904 hominum
3465 1850 3551 1903 in-

333 1970 615 2026 ἀπείθειαν
644 1967 752 2020 τῶν
777 1965 872 2019 ἀνθ
882 1964 1095 2036 ρώπων.

811 1965 872 2019 ηνθ
882 1964 1095 2036 ρώπων.
1993 1957 2387 2013 credulitatem.

406 2081 459 2134 6.
494 2080 681 2150 Ὅμως
719 2075 854 2148 μετὰ
899 2075 996 2147 τὴν
1033 2076 1285 2146 κοίμησιν
1321 2075 1470 2146 ὑμῶν
1506 2074 1824 2129 ἀνίστασθε·
1867 2075 1896 2126 ὁ

2064 2067 2118 2124 6.
2153 2067 2538 2124 Verumtamen
2589 2073 2713 2135 post
2761 2062 3142 2119 dormitionem
3192 2069 3425 2116 vestram
3469 2072 3554 2110 re-

337 2171 492 2239 λόγος
515 2149 621 2240 γὰρ
646 2169 797 2239 ὑμῶν
828 2167 1008 2238 μέλλει
1037 2166 1425 2238 κηρύσσεσθαι,
1458 2167 1551 2220 καὶ
1581 2167 1733 2234 ἄγειν
1761 2167 1896 2220 πάν-

1997 2160 2232 2230 surg‘ite;
2259 2167 2439 2214 vester
2477 2158 2621 2213 enim
2667 2171 2846 2211 sermo
2872 2152 3276 2226 praedicabitur,
3302 2161 3355 2207 et
3381 2149 3554 2204 addu-

338 2279 437 2326 τας
475 2263 552 2324 εἰς
584 2260 681 2331 τὴν
713 2259 896 2312 πίστιν
923 2258 1016 2312 τοῦ
1047 2257 1202 2313 Θεοῦ.

1143 2257 1202 2313 μῦ.
1997 2259 2082 2306 cet
2111 2265 2300 2306 omnes
2332 2250 2396 2303 ad
2423 2248 2516 2304 Dei
2541 2248 2719 2303 tidem.

411 2377 464 2430 7.
495 2377 557 2428 Oi
584 2374 698 2439 νῦν,
725 2373 814 2428 διά
833 2373 890 2426 τὸ
923 2372 1125 2444 μηδένα
1155 2371 1308 2442 ὑμῶν
1330 2371 1565 2436 ἀκούειν,
1597 2388 1664 2442 με
1692 2370 1902 2442 (2)686-

2071 2363 2121 2417 7.
2149 2361 2305 2417 Nunc
2336 2370 2539 2426 autem,
2569 2360 2696 2429 quia
2741 2371 2901 2412 nemo
2947 2370 3044 2410 vos
3089 2354 3257 2421 audit,
3293 2368 3416 2410 cum
3463 2352 3558 2406 do-

343 2479 441 2534 νης
470 2460 734 2522 ἐσθίοντες
760 2457 851 2510 τὸν
877 2456 1082 2509 ἑαυτῶν
1113 2457 1295 2528 ἄρτον.

1248 2474 1295 2510 ν·
1997 2453 2115 2512 lore
2142 2453 2304 2510 editis
2337 2468 2530 2523 panem
2561 2459 2824 2506 vestrum.

415 2571 466 2625 8.
505 2571 639 2623 Πότε
665 2567 1102 2638 (5)διεγείρεσθε,
1122 2565 1248 2619 ὅταν
1265 2567 1293 2618 ό
1321 2564 1522 2636 Κύριος
1545 2565 1752 2636 μέλλων
1779 2564 1903 2618 συλο

2071 2569 2123 2624 8.
2152 2566 2390 2622 Tandem
2421 2564 2736 2636 resurgetis,
2764 2578 2886 2619 cum
2922 2560 3184 2617 Dominus
3208 2557 3560 2628 comprehen-

343 2661 710 2732 λαμϐάνεσθαι
741 2659 845 2713 ὑπὸ
875 2660 980 2712 τῶν
1022 2656 1288 2711 Ἰουδαίων
1318 2657 1411 2709 ὲπὶ
1458 2660 1567 2718 τοῖς
1603 2657 1904 2725 ἀγαπητοῖς

2002 2661 2158 2715 detur
2202 2673 2234 2713 a
2277 2655 2478 2711 Judaeis
2532 2655 2674 2709 inter
2731 2668 2860 2709 suos
2892 2653 3141 2714 dilectos,
3172 2650 3274 2704 hoc
3306 2656 3390 2704 est
3426 2653 3559 2718 apo-

346 2749 530 2814 αὑτοῦ,
562 2749 806 2802 τουτέστι
831 2749 941 2810 τοῖς
965 2746 1278 2808 ἀποστόλοις
1299 2763 1312 2776 ·
1347 2745 1674 2798 Καθεύδετε
1696 2746 1760 2798 τὸ
1782 2749 1903 2799 λοι-

2003 2753 2192 2817 stolos,
2222 2761 2275 2806 et
2312 2748 2548 2805 dixerit:
2583 2748 2819 2802 Dormite
2862 2746 2980 2815 jam
3013 2753 3062 2798 et
3102 2741 3425 2814 requiescite,
3467 2756 3562 2810 ap-

345 2841 482 2906 πὸν,
516 2841 615 2896 καὶ
658 2840 1112 2896 ἀναπαύσεσθε·
1165 2837 1375 2907 ἤγγικε
1415 2836 1525 2906 γὰρ
1577 2838 1609 2890 ὁ
1661 2836 1905 2905 παραδι-

343 2931 491 2986 δούο
522 2949 611 2986 us.

1474 2839 1525 2906 ΪΡ
1577 2838 1609 2890 ὁ
1661 2836 1905 2905 παραδι·
2005 2845 2369 2915 propinquavit
2399 2843 2536 2896 enim
2563 2840 2653 2911 qui
2683 2855 2762 2893 me
2790 2837 2961 2893 tradet
2985 2837 3050 2890 ⁷⁸.

385 2949 491 2998 ους
516 2949 611 3001 με.

417 3041 472 3098 9.
511 3041 640 3095 Ἰδοὺ
675 3041 707 3112 ἡ
735 3038 1064 3111 κληρονομία
1093 3039 1294 3109 Κυρίου
1325 3037 1431 3091 υίοὶ
1463 3037 1615 3110 ὑμῶν
1637 3037 1744 3091 τῶν
1774 3053 1906 3109 προ·
1946 3106 1976 3112 _

2076 3042 2132 3098 9.
2158 3040 2298 3097 Ecce
2325 3039 2611 3096 haereditas
2635 3036 2848 3094 Domini
2873 3034 2968 3091 alii
2992 3035 3178 3099 vestri,
3209 3049 3242 3090 ο
3273 3033 3560 3104 prophetae,

350 3134 556 3206 φητῶν,
580 3135 628 3187 οί
655 3106 978 3188 ἀπόστολοι(
1183 3106 1194 3109 ’
1502 3106 1512 3110 '
1820 3106 1831 3109 —

682 3106 978 3186 ιπόστολοιξ
1183 3106 1194 3109 ⁷
1502 3106 1512 3110 ⁷
1820 3106 1831 3109 ⁷
1935 3106 1978 3165 C
2011 3134 2258 3206 apostoli.

424 3246 509 3300 10.
545 3245 654 3300 Καὶ
677 3248 706 3300 ὁ
737 3244 922 3316 μισθὸς
946 3243 1038 3297 τοῦ
1071 3243 1235 3296 πόνου
1266 3243 1418 3314 ὑμῶν
1450 3243 1543 3296 καὶ
1574 3243 1671 3314 τῆς
1699 3242 1907 3314 ὀδύνης,

2084 3249 2171 3304 10.
2205 3247 2271 3302 Ει
2298 3261 2506 3302 merces
2554 3244 2754 3300 laboris
2809 3241 3006 3306 vestri,
3057 3248 3112 3296 et
3155 3239 3358 3294 doloris
3407 3252 3563 3308 quem

349 3335 419 3411 ἧς
453 3340 599 3410 ἔχετε
629 3338 703 3410 (4)
723 3338 843 3391 τότε
868 3336 1262 3408 κυριεύσοντες,
1288 3335 1510 3400 τούτους
1530 3338 1656 3399 τοὺς
1682 3337 1914 3389 ἀποστό-

2010 3340 2290 3397 habebatis
2315 3347 2444 3394 tunc
2471 3339 2843 3409 praedicantes,
2866 3335 3083 3392 eosdem
3111 3331 3386 3404 apostolos
3417 3329 3567 3385 nobis

351 3438 478 3501 λους
498 3438 626 3507 ἡμῖν
651 3435 851 3489 ἔτεκεν.

659 3435 851 3489 ἔτεκεν.
2009 3431 2235 3504 peperit.

428 3549 514 3602 11.
555 3547 642 3612 Ὠς
677 3547 804 3618 βέλη
827 3547 1149 3616 πεμπόμενα
1184 3544 1332 3615 παρά
1366 3562 1509 3607 τινος
1540 3544 1790 3615 εύστὸχου
1821 3545 1915 3598 καὶ⁵

2085 3549 2172 3602 11.
2203 3547 2354 3604 Sicut
2385 3545 2489 3602 tela
2513 3545 2679 3600 missa
2710 3541 2778 3596 ab
2808 3540 2991 3610 aliquo
3027 3537 3204 3609 perito
3236 3543 3291 3591 et
3325 3533 3452 3590 forti
3483 3549 3570 3590 sa-

361 3639 599 3711 ίσχυροῦ,
638 3637 809 3700 οὕτως
841 3638 975 3689 εἰσὶν
1001 3639 1050 3689 οἱ
1078 3635 1363 3689 ἀπόστολοι
1404 3636 1506 3688 ὑπὸ
1532 3637 1736 3708 Κυρίου
1771 3652 1914 3706 πεμ-

2013 3640 2262 3709 gittario;
2295 3640 2366 3692 ita
2396 3644 2522 3692 sunt
2566 3634 2795 3705 apostoli
2825 3631 2980 3686 missi
3009 3645 3040 3684 a
3063 3629 3294 3684 Domino
3326 3626 3392 3682 ad
3431 3642 3570 3691 prae-

361 3733 583 3804 πόμενοι
605 3731 684 3793 είς
711 3729 772 3783 τὸ
803 3730 1080 3801 κήρυγμα.

740 3729 772 3783 ’δ
803 3730 1080 3801 κήρυγμα.
2012 3729 2316 3786 dicandum.

431 3846 515 3900 12.
544 3847 606 3899 Οί
639 3845 745 3898 υίοὶ
769 3843 877 3897 τῶν
907 3840 1218 3913 προφητῶν,
1249 3837 1356 3893 τῶν
1390 3837 1463 3910 μὴ
1495 3839 1724 3909 ἐχόντων
1750 3839 1806 3892 ὲν
1822 3837 1918 3892 αύ-

2086 3841 2172 3896 12,
2210 3839 2329 3893 Filii
2356 3838 2738 3908 prophetarum
2780 3849 2888 3889 non
2924 3831 3237 3888 habentium
3275 3829 3331 3884 in
3356 3844 3414 3885 se
3438 3830 3569 3898 ipsis

358 3940 471 4001 τοῖς
514 3936 588 4007 (5)
639 3938 779 3999 σῖτα,
809 3934 841 4005 ἢ
872 3931 1071 4005 βρῶσιν
1099 3930 1196 4001 τὴν
1216 3927 1601 3998 ἀφανίζουσαν.

1518 3945 1601 3983 αν.
2016 3932 2369 3996 frumentum,
2402 3938 2496 3982 aut
2519 3941 2699 3983 escam
2736 3924 3094 3980 deiicientem.

429 4051 516 4104 15.
546 4049 850 4120 Μακάριος,
873 4048 952 4101 ὅτι
970 4046 988 4118 [
1005 4045 1188 4118 ὅστις]
1214 4045 1289 4117 (6)
1325 4045 1422 4116 τὴν
1469 4041 1758 4112 ἐπιθυμίαν
1780 4038 1917 4109 ἔχων

2093 4041 2180 4096 15.
2213 4038 2409 4093 Beatus
2435 4037 2744 4107 quicunque
2767 4033 2974 4088 habens
3001 4028 3329 4086 desiderium
3360 4041 3571 4090 eorum,

359 4143 441 4206 είς
485 4140 553 4193 τὰ
586 4118 850 4210 εἰρημένα
899 4137 1002 4190 ὑπὸ
1039 4135 1145 4188 τῶν
1193 4134 1541 4196 ἀποστόλων,
1600 4131 1685 4188 καὶ
1733 4128 1920 4205 μαθὼν

2015 4146 2136 4204 qua:
2164 4131 2302 4186 dicta
2325 4138 2452 4184 sunt
2481 4127 2550 4182 ab
2574 4124 2854 4196 apostolis,
2881 4132 2934 4178 et
2959 4121 3120 4178 discit
3143 4119 3259 4189 ipsa
3290 4126 3343 4173 et
3365 4118 3569 4188 implet.

360 4231 520 4296 αὐτὰ,
554 4231 648 4284 καὶ
681 4229 918 4301 πληρῶν.

433 4344 520 4398 14.
553 4345 614 4397 Οί
650 4343 876 4396 τοιοῦτοι
899 4341 1006 4411 γὰρ
1035 4338 1094 4392 ού
1118 4337 1582 4407 καταισχύνονται,
1611 4334 1736 4388 ὅταν
1766 4350 1921 4404 μετα-

2088 4331 2175 4385 14.
2205 4328 2365 4384 Tales
2393 4325 2537 4382 enim
2564 4339 2673 4378 non
2706 4319 3134 4383 confunduntur,
3161 4333 3283 4374 cum
3315 4315 3578 4372 decedunt

363 4439 618 4493 ϐαίνωσιν
650 4439 714 4491 ὲκ
757 4433 850 4488 τοῦ
883 4433 1086 4504 κόσμου
1123 4430 1310 4484 τούτου
1330 4472 1344 4496 ,
1385 4430 1477 4483 καὶ
1505 4427 1739 4482 ἐναντίαι
1765 4426 1921 4479 δυνά-

2023 4439 2089 4479 ex
2115 4423 2218 4476 hoc
2246 4418 2472 4483 mundo,
2490 4425 2544 4471 et
2558 4413 2845 4470 contraria:
2866 4418 3161 4482 potestates
3193 4416 3401 4464 stantes
3427 4402 3579 4467 extra

369 4546 490 4600 μεις
517 4527 750 4582 ἑστῶσαι
779 4524 973 4590 ἔξωθεν
1002 4522 1110 4576 τῶν
1133 4521 1310 4575 πυλῶν
1335 4519 1426 4573 τοῦ
1453 4517 1680 4591 ούρανοῦ
1704 4515 1923 4588 ζητοῦσι

2025 4513 2147 4569 coeli
2179 4520 2362 4582 portas
2392 4517 2644 4579 quaerunt
2684 4513 2872 4561 contra
2896 4503 3044 4572 ipsos
3070 4499 3312 4555 invenire
3344 4497 3579 4567 aliquam

365 4586 488 4674 aut;
512 4619 689 4674 αὐτῶν
717 4586 894 4688 εὑρεῖν
917 4632 1039 4669 τινα
1066 4613 1260 4686 πρᾶξιν
1295 4586 1534 4684 πονηρὰν
1575 4611 1649 4681 (7)
1686 4586 1768 4672 είς
1816 4608 1916 4662 αύ-

2027 4603 2329 4673 improbam
2355 4601 2646 4667 actionem,
2668 4607 2730 4653 ut
2756 4610 2851 4652 eos
2872 4605 3128 4665 tanquam
3151 4598 3462 4663 peccatores
3474 4586 3580 4642 Deo

367 4711 513 4776 τοὺς,
542 4710 628 4762 ἵνα
655 4707 1099 4779 κατηγορήσωσιν
1129 4702 1306 4759 αὐτῶν
1347 4701 1484 4773 πρὸς
1526 4701 1616 4754 τὸν
1666 4699 1797 4754 Θεὸν
1849 4697 1926 4764 ὡς
2028 4701 2302 4751 accusent.

369 4799 785 4873 ἡμαρτηκότων.

441 4979 487 5012 ⁷⁸
517 4977 705 5033 Matth.
746 4991 894 5041 xxvn,
925 4975 1014 5038 45,
1045 4973 1140 5032 46.

1313 5131 1615 5196 Addenda
1644 5134 1707 5192 et
1743 5123 2115 5206 corrigenda
2150 5137 2228 5183 ex
2276 5119 2418 5183 cod.
2447 5113 2646 5177 Vatic.

444 5324 492 5396 (Ι
546 5323 653 5379 Τοῦ
675 5320 943 5409 ὀρθρίζειν
966 5322 1128 5392 ὑμᾶς,
1163 5320 1254 5372 καὶ
1284 5319 1480 5384 λαλεῖν,
1506 5329 1610 5376 etc.
2204 5311 2389 5433 Εὲχετε
2413 5307 2532 5362 τότε
2564 5306 2945 5385 κηρύσσοντες.

444 5324 522 5534 (ἓξ
553 5397 681 5496 Μετ’
703 5394 890 5460 ὸδυνης
913 5392 1115 5514 ησθιον,
1138 5397 1242 5476 etc.
1375 5459 1388 5477 .
1519 5457 1543 5468 _
1769 5457 1783 5472 κ
2125 5386 2179 5448 ὃ)
2225 5383 2244 5466 ξ
2283 5399 2310 5433 ν
2339 5381 2548 5441 ἑαυτοῖς
2581 5381 2722 5442 σῖτα,
2755 5375 2788 5444 ἢ
2818 5374 2945 5444 βρωι

446 5465 503 5534 (5
552 5465 688 5518 Πό.ε
726 5463 783 5517 δὲ
827 5464 918 5529 ὲγε
948 5460 1123 5532 ρεσθε,
1156 5459 1338 5534 οταν-ό
1391 5460 1577 5534 Ιησους
1615 5459 1644 5509 ό
1671 5456 1932 5534 ,μέλλωνι
2102 5452 2309 5534 κο.
2399 5517 2410 5534 ι
2562 5532 2587 5534 ᾲ
2651 5533 2658 5534 7
2709 5515 2825 5534 LM
2866 5513 2945 5534 wh

553 5371 1249 5464 ᾗιὲῖἕέῶἦξἡέθῖρνζέξιέ.
1468 5371 1480 5384 ’
2339 5381 2548 5441 ἑαυτοῖς
2581 5371 2722 5442 σῖτα,
2755 5375 2788 5444 ἢ
2818 5371 3015 5444 βρῶσίν
3040 5383 3182 5432 τινα,
3213 5376 3318 5421 etc.

446 5448 522 5535 ἰδῇ
552 5448 783 5535 necas:
827 5448 1123 5535 ἐγείρεσθε,
1156 5459 1338 5535 όταν-ό
1375 5457 1577 5535 Ἰησοῦς
1615 5459 1644 5509 ό
1671 5456 1932 5535 ,μέλλωνι
2101 5448 2309 5535 ωλι).

376 5511 784 5601 ειόξῗᾶἇέᾶίῶὗ
817 5511 1123 5603 etaiam;
1136 5511 1238 5586 etc.
1272 5527 1394 5583 Mox
1416 5511 1574 5583 deest
1591 5525 1682 5579 καί
1702 5511 1760 5582 ἐι
1790 5511 1932 5594 vdo."

1617 5525 1682 5579 εαί
1702 5511 1760 5582 ἐι
1790 5511 1932 5594 vdo."
2095 5511 2179 5593 (‘7),
2207 5517 2454 5590 Πονηράν
2479 5515 2826 5588 πεπραχότας
2858 5511 3071 5575 αὐτούς,
3094 5518 3193 5564 etc.
