3990 6208
396 272 522 328 1211

466 380 547 435 14.
581 380 783 453 Εἰρήνη
813 380 909 435 ἐπὶ
943 381 1035 436 τὸν
1072 382 1308 455 Ἰσραήλ.

579 473 716 544 ’ῼδὴ
742 474 859 529 τῶν
902 475 1296 545 Ἀνασαθμῶν.
1366 478 1537 531 ΨΑΛ.
1582 478 1735 531 PKH
1746 480 1778 529 '.

464 566 517 620 1.
557 566 849 631 Πλεονάκις
878 565 1219 638 ἐπολέμησαν
1255 583 1320 637 με
1347 568 1411 621 ἐκ
1436 566 1684 640 νεότητός
1714 586 1844 640 μουο

463 656 516 712 2.
549 657 768 711 Είπάτω
796 657 857 730 δὴ
908 656 1120 729 Ἰσραήλ
1141 674 1155 689 ·

461 749 516 806 5.
540 749 831 814 Πλεονάκις
851 749 1192 821 ἐπολέμησαν
1221 767 1287 821 με
1313 753 1376 805 ἐκ
1400 751 1648 824 νεότητός
1674 769 1772 823 μου
1798 769 1810 782 ·

462 841 517 899 4.
551 843 659 896 Καὶ
685 842 792 913 γὰρ
816 842 913 895 οὐκ
939 841 1278 914 ἢδυνήθησάν
1311 859 1419 913 μοι.

464 939 516 996 5.
551 939 676 993 Ἐπὶ
702 938 794 991 τὸν
818 937 983 992 νῶτόν
1009 955 1107 1010 μου
1140 935 1256 991 [τοῦ
1286 937 1453 991 νώτου
1487 936 1613 1010 μου]
1648 937 1950 991 ἐτέκταινον

394 1033 442 1084 ol
468 1029 778 1101 ἁμαρτωλοί
799 1045 815 1061 ο
1459 1023 1462 1026 ’

463 1121 515 1176 6.
559 1121 901 1193 Ἐμάκρυναν
931 1120 1028 1192 τὴν
1053 1118 1279 1190 ἀνομίαν
1311 1120 1507 1175 αὐτῶν.

462 1212 514 1267 7.
544 1212 745 1283 Κύριος
789 1212 993 1276 δίκαιος
1029 1211 1078 1286 [6
1121 1213 1324 1285 Κύριος
1358 1210 1601 1285 δικαίως]
1660 1210 1952 1280 συνέκοψεν

1296 272 1383 328 DE
1423 268 1696 329 TITULIS
1731 269 2465 329 PSALMORUM.—-PSAL.
2505 266 2777 327 CXXVIII.

1986 391 2031 446 Α
2130 383 2215 437 14.
2253 380 2446 437 Pacem
2480 395 2644 450 super
2674 376 2881 433 Israel.

3485 262 3629 321 που.

2243 473 2516 528 Canticum
2551 472 2846 527 Crudarum.
2878 464 3080 523 PSAL.
3112 463 3259 521 CXX
3275 461 3438 522 VIII.

2131 567 2184 621 1.
2215 564 2368 634 Saepe
2392 569 2844 635 expugnaverunt
2874 575 2961 615 me
3012 573 3044 613 a
3077 557 3362 628 juventute
3386 568 3551 610 mea:

2129 660 2184 713 2.
2215 657 2370 712 Dicat
2402 672 2546 711 nunc
2580 654 2764 718 lsrael,

2133 747 2187 802 5.
2226 745 2378 817 Saepe
2403 750 2850 815 expugnaverunt
2882 756 2968 796 me
2996 755 3025 793 a
3055 740 3338 810 juventute
3369 749 3489 790 mea
3517 751 3533 789 :

2128 837 2182 892 Δ.
2211 836 2425 891 Etenim
2458 851 2564 889 non
2597 842 2889 904 potuerunt
2927 831 3078 886 mihi.

2135 929 2187 984 5.
2217 930 2391 1001 Supra
2408 927 2630 983 dorsum
2656 942 2836 982 meum
2859 924 3261 979 fabricaverunt
3281 929 3618 992 peccatores:

2136 1109 2191 1164 6.
2219 1109 2692 1179 Prolongaveruut
2724 1105 3062 1175 iniquitatem
3095 1116 3271 1157 suam.

2134 1201 2186 1256 7.
2228 1201 2487 1256 Dominus
2507 1200 2692 1271 justus
2727 1197 2915 1272 [iuste]
2953 1196 3191 1253 concidit
3218 1194 3453 1251 cervices
3498 1203 3622 1262 peo-

2056 1301 2299 1349 catorum
2335 1308 2349 1346 Ξ

2138 1384 2191 1439 8.
2216 1382 2653 1448 Confuudantur,
2682 1387 2736 1436 et
2767 1388 3151 1436 convertantur
3178 1386 3475 1434 retrorsum
3502 1387 3623 1428 om-

2062 1491 2183 1543 nes,
2217 1477 2312 1546 qui
2344 1476 2574 1531 oderunt
2615 1472 2768 1528 Sion.

393 1304 622 1376 αὐχένας
650 1305 985 1377 ἁμαρτωλῶν
1001 1321 1016 1335 ο

461 1396 514 1452 8.
550 1397 1036 1469 Αἰσχυνθήτωσαν,
1079 1397 1170 1450 καὶ
1202 1396 1703 1467 ἀποστραφήτωσαν
1756 1393 1836 1455 είς
1884 1390 1954 1444 τά

394 1487 570 1539 ὀπίσω
599 1486 797 1551 πάντες
835 1488 883 1541 οἱ
913 1485 1195 1558 μισοῦντες
1221 1483 1378 1538 Σιών.

1508 1616 1887 1675 ΑΤΗΑΝΑδιι
1924 1613 2511 1670 ΙΝΤΕΒΡΒΕΤΛΤΙΟ.

464 1777 555 1832 14.
585 1777 695 1831 Καὶ
742 1777 842 1831 οὐκ
884 1776 963 1828 ἔτι
993 1775 1140 1830 ἐστὶν
1171 1775 1247 1845 (1)
1276 1776 1332 1827 ἐν
1362 1777 1427 1845 τῇ
1464 1773 1576 1830 ἄνω
1614 1766 1956 1846 Ἰερουσαλὴμ

2144 1768 2231 1823 14.
2262 1765 2447 1837 Neque
2467 1766 2701 1835 amplius
2724 1775 2806 1819 est
2831 1763 2885 1818 in
2919 1778 3150 1833 superna
3178 1758 3473 1814 Jerusalem
3503 1756 3620 1813 bel-

391 1871 420 1922 6
451 1869 700 1939 πολεμῶν
728 1885 849 1921 τινα
870 1885 882 1897 ·
918 1868 1106 1939 εἰρήνη
1138 1865 1246 1937 γάρ
1271 1867 1415 1917 ἐστι’
1451 1865 1638 1938 ἐπειδὴ
1671 1866 1763 1920 καὶ
1791 1866 1956 1937 τεχνί-

2082 1877 2170 1916 um
2209 1861 2403 1926 ullum,
2448 1859 2539 1913 sed
2593 1874 2694 1928 pax
2728 1865 2811 1911 est
2857 1875 2870 1910 :
2922 1856 3176 1925 quoniam
3204 1864 3256 1907 et
3298 1849 3521 1915 artifex,
3566 1854 3624 1907 et

390 1978 509 2029 της,
529 1962 620 2013 καὶ
635 1961 960 2031 δημιουργὸς
983 1960 1151 2030 αὐτῆς
1165 1958 1399 2030 ὑπάρχει
1414 1956 1640 2029 Ἰησοῦς,
1660 1959 1754 2013 ml.
1774 1960 1956 2031 εἰρήνη

2074 1953 2240 2023 )pifex
2270 1952 2416 2008 illius
2440 1948 2600 2005 Jesus
2628 1947 2843 2003 exsistit
2859 1947 2925 2013 θ’,
2954 1946 3045 2016 qui
3066 1956 3120 1999 et
3145 1959 3245 2013 pax
3271 1949 3479 1996 nostra.

392 2049 564 2120 ⁴ἡμῶν.

471 2164 533 2215 Ἣ
563 2165 892 2235 προκειμένη
951 2166 1224 2239 ἐπιγραφὴ
1272 2167 1513 2240 περιέχει
1547 2167 1660 2239 (2)·
1709 2169 1845 2241 ᾬδὴ
1888 2173 2300 2245 Ἀναϐαθμῶν,
2346 2174 2482 2246 ὅπερ
2534 2170 2893 2244 ἑρμηνεύεται
2942 2167 3324 2239 ἐξομολόγησις
3359 2163 3467 2217 τῶν
3515 2159 3625 2216 ἀπὺ

393 2252 662 2330 [ὲννάτου]
695 2259 789 2311 τοῦ
840 2259 975 2313 Θεοῦ
1011 2261 1221 2333 βαθμοῦ
1256 2263 1652 2317 ἀναϐαινόντων
1693 2266 1786 2319 ἐπὶ
1827 2267 1917 2320 τὸν
1952 2268 2154 2341 Ἰησοῦν
2177 2311 2191 2336 ,
2224 2271 2468 2323 τουτέστι
2511 2269 2648 2339 μετὰ
2674 2266 2773 2337 τὴν
2821 2264 3023 2334 γνῶσιν
3050 2264 3143 2317 τοῦ
3191 2262 3387 2315 εἰδέναι
3416 2260 3483 2313 τά
3524 2257 3623 2328 τῆς

398 2344 691 2417 μελλούσης
726 2347 1145 2419 μισθαποδοσίας
1166 2390 1180 2415 ,
1219 2352 1518 2423 μέμνηνται
1566 2352 1622 2406 δὲ
1656 2354 1799 2426 ἅπερ
1843 2357 2139 2429 ὑπέμειναν
2189 2351 2292 2413 ὑπὸ
2320 2359 2429 2413 τῶν
2458 2359 2713 2412 ἐναντίων
2746 2357 3058 2426 δυνάμεων,
3108 2354 3200 2407 καὶ
3228 2352 3346 2414 πῶς
3378 2350 3481 2403 ὑπὸ
3524 2348 3624 2418 τῆς

396 2440 615 2511 χάριτος
637 2441 730 2494 τοῦ
770 2443 973 2513 Κυρίου
1006 2443 1161 2514 ἡμῶν
1192 2445 1555 2517 ἐρῤύσθησαν,
1590 2446 1671 2500 ἔτι
1699 2464 1762 2517 γε
1796 2449 1902 2522 μὴν
1935 2453 2015 2516 εἰς
2048 2454 2381 2526 ὑψηλοτέραν
2431 2452 2630 2523 γνῶσιν
2660 2451 2898 2512 ἀνιόντες
2921 2450 3014 2503 τοῦ
3059 2445 3450 2520 προγινώσκειν
3479 2442 3624 2511 ἀπερ

399 2533 592 2603 συνέϐη
626 2537 737 2597 τοῖς
768 2534 1110 2607 ἁμαρτωλοῖς
1141 2535 1340 2601 ἐξιοῦσι
1370 2537 1460 2591 τὸν
1495 2537 1607 2609 βίον
1640 2539 1848 2596 τοῦτον.

462 2624 675 2680 Τιιυιυε
713 2629 1037 2698 praepositus
1061 2630 1341 2683 continet:
1374 2629 1654 2685 Canticum
1682 2632 1976 2700 Graduum,
2005 2633 2151 2704 quod
2183 2634 2571 2703 interpretatur
2616 2630 2889 2686 confessio
2917 2623 3324 2682 ascendentium
3354 2637 3385 2676 a
3428 2620 3625 2695 [nono]

396 2717 489 2773 Dei
522 2723 687 2791 gradu
713 2724 787 2793 (α)
811 2724 865 2776 in
902 2721 1111 2788 Jesum,
1135 2724 1238 2778 hoc
1262 2733 1344 2778 est
1368 2732 1490 2795 post
1510 2727 1897 2796 cegnitionem,
1932 2745 2037 2798 qua
2067 2718 2459 2799 cognoverunt,
2481 2741 2601 2796 quae
2626 2727 2692 2779 ad
2722 2722 3021 2779 mercedem
3066 2718 3300 2772 futuram
3332 2716 3623 2785 pertinent,

396 2818 769 2883 recordantur,
797 2833 918 2887 quae
948 2820 1186 2889 perpessi
1216 2830 1344 2874 sunt
1385 2836 1415 2874 a
1442 2823 1735 2878 contrariis
1802 2807 2180 2895 potestatibus,
2208 2832 2262 2878 et
2306 2822 2580 2892 quomodo
2619 2819 2789 2891 gratia
2818 2815 3036 2870 Domini
3081 2810 3208 2866 Jesu
3253 2808 3466 2863 liberati
3497 2816 3627 2862 sunt

393 2916 447 2963 et
472 2911 766 2965 etiamnum
801 2912 1016 2981 quidem
1048 2912 1102 2965 in
1135 2912 1381 2966 altiorem
1411 2916 1776 2986 cognitionem
1813 2920 2168 2975 ascendentes
2193 2916 2258 2971 ad
2290 2915 2738 2985 praenoscendum
2762 2950 2777 2975 ,
2807 2925 2929 2981 qua:
2965 2914 3221 2961 eventura
3265 2910 3392 2958 sunt
3427 2914 3625 2971 pecca-

397 3002 606 3055 toribus
641 3003 1025 3057 decedentibus
1051 3019 1116 3057 ex
1153 3008 1253 3060 bac
1278 3005 1411 3062 vita.

464 3090 512 3143 1.
551 3091 670 3144 Ἐπὶ
698 3091 861 3145 πολὺν
890 3092 1073 3165 χρόνον
1102 3093 1325 3163 ἐζήτουν
1353 3092 1768 3166 αἰχμαλωτίζειν
1810 3110 1876 3164 με
1896 3095 1946 3147 οἱ

2119 3092 2170 3145 1.
2215 3088 2380 3144 ΜιιΙιο
2416 3098 2655 3158 tempore
2689 3087 3053 3158 quaesiverunt
3100 3100 3187 3140 me
3228 3085 3501 3139 damones
3553 3083 3609 3139 in

390 3181 657 3253 δαίμονες,
688 3182 775 3235 ὅτε
803 3183 947 3254 ήμην
973 3184 1164 3255 νήπιος
1195 3188 1260 3256 τῇ
1290 3185 1431 3239 κατὰ
1458 3185 1587 3239 Θεὸν
1615 3188 1889 3258 φρονήσει.

2074 3183 2422 3252 captivitatem
2464 3181 2726 3250 redigere,
2758 3178 3015 3249 quoniam
3043 3177 3394 3248 intelligentia
3426 3192 3623 3232 secun-

2060 3275 2187 3328 dum
2218 3273 2384 3327 Deum
2413 3271 2596 3327 infans
2624 3286 2795 3325 cram.

2128 3366 2183 3429 ἓ,
2208 3368 2261 3420 5.
2293 3365 2367 3418 Ex
2392 3372 2507 3418 toto
2529 3364 2691 3417 corde
2727 3377 2826 3416 suo
2852 3369 3128 3423 enarrent,
3169 3360 3260 3428 qui
3296 3370 3472 3415 mente
3501 3360 3625 3414 illu-

2061 3460 2252 3513 minati
2277 3470 2405 3512 sunt
2426 3456 2489 3511 ad
2516 3454 2947 3526 cognoscendum
2982 3452 3171 3516 Deum,
3202 3453 3477 3522 quomodo
3521 3453 3625 3507 imo

2061 3550 2445 3620 pugnabantur
2478 3563 2506 3600 a
2539 3545 2831 3601 contrariis
2860 3544 3238 3613 potestatibus.

2131 3641 2186 3694 4.
2217 3638 2484 3704 Quoniam
2511 3636 2775 3690 Dominus
2796 3635 3090 3704 opitulatus
3117 3644 3200 3689 est
3223 3635 3376 3688 mihi.

462 3357 516 3419 2,
543 3358 590 3413 5Δ
631 3359 719 3411 Ἐν
749 3359 844 3432 ὅλῃ
880 3362 945 3431 τῇ
980 3359 1173 3432 καρδίᾳ
1202 3359 1381 3416 αὐτῶν
1425 3360 1877 3433 διηγησάσθωσαν
1906 3361 1955 3415 οἱ

394 3451 747 3518 φωτισθέντες
766 3452 863 3521 τὴν
889 3451 1122 3505 διάνοιαν
1142 3452 1432 3519 ἐπιγνῶναι
1455 3455 1545 3508 τὸν
1573 3453 1724 3522 Θεὸν,
1755 3453 1815 3508 τὸ
1839 3453 1954 3517 πῶς

394 3541 752 3612 ἐπολεμοῦντο
783 3544 886 3596 ὑπὸ
917 3543 1025 3597 τῶν
1054 3546 1322 3600 ἐναντίων
1340 3545 1640 3615 δυνάμεων.

462 3635 518 3690 4.
554 3634 771 3704 Ἐπειδὴ
804 3637 833 3688 6
860 3635 1061 3708 Κύριος
1089 3636 1518 3708 ἀντελαμϐάνετὸ
1553 3655 1676 3709 μου.

465 3725 520 3787 5,
554 3726 606 3780 6.
646 3727 766 3779 Ἔτι
793 3726 867 3795 (5)
899 3728 995 3798 μὲν
1028 3729 1153 3792 τοὺς
1179 3727 1272 3781 δύο
1304 3730 1516 3800 στίχους
1542 3729 1723 3783 λαϐεῖν
1764 3731 1843 3793 εἰς
1865 3729 1957 3783 τὸν

394 3815 618 3887 Κύριον,
646 3816 919 3869 τουτέστιν
944 3817 1104 3887 ἡνίκα
1137 3818 1518 3890 ἐφραγελλώθη
1557 3818 1660 3873 ὑπὸ
1682 3819 1791 3872 τῶν
1824 3820 1955 3872 Ἰου-

395 3904 590 3958 δαιων·
640 3906 788 3973 ὅμως
818 3907 911 3959 καὶ
959 3907 1094 3978 πρὸς
1120 3906 1187 3959 τὰ
1220 3908 1330 3962 ἄνω
1361 3907 1614 3978 δεδομένα
1648 3908 1955 3981 [λεγόμενα]

396 3995 720 4067 θεωροῦνται
750 3999 814 4051 ὲκ
847 3999 954 4051 τῶν
994 4000 1404 4071 ἀπορριφέντων
1435 3999 1607 4055 ὀπίσω
1641 4018 1741 4072 μου
1789 4019 1956 4073 πονη-

398 4087 509 4161 ρῶν
544 4086 790 4159 πράξεων
815 4128 830 4154 ,
866 4089 959 4142 καὶ
990 4089 1150 4143 πάλιν
1182 4089 1462 4143 ἐπετίθουν
1497 4108 1586 4161 μοι
1620 4090 1818 4157 αύτὰς,
1863 4094 1957 4147 καὶ

398 4175 657 4247 ἐπέμενον
681 4177 773 4230 ἐπὶ
801 4177 989 4250 χρόνον
1028 4178 1207 4233 ἱκανὸν
1233 4179 1565 4251 ἐπικείμενοί
1600 4198 1710 4252 μοι.

465 4357 519 4412 7.
561 4358 697 4411 Ἀλλ’
717 4359 745 4410 6
776 4357 996 4429 Κύριος,
1028 4360 1055 4411 6
1084 4358 1283 4430 μηδένα
1308 4359 1560 4432 παρορῶν
1597 4359 1957 4414 πιστευόντων

2135 3729 2188 3793 5,
2216 3730 2269 3784 6.
2301 3728 2363 3782 Hi
2395 3729 2503 3782 duo
2539 3728 2756 3797 quidem
2797 3727 3051 3780 versiculi
3083 3725 3252 3794 accipi
3295 3726 3458 3779 etiam
3498 3740 3625 3793 pos-

2063 3829 2191 3876 sunt
2227 3820 2293 3873 de
2320 3818 2575 3881 Domino,
2608 3818 2710 3871 hoc
2744 3827 2828 3871 est
2860 3832 2984 3870 cum
3021 3831 3051 3870 a
3087 3814 3288 3869 Iudaeis
3325 3815 3624 3885 ﬂagellatus

2061 3920 2145 3967 est
2172 3934 2184 3967 :
2213 3918 2592 3964 verumtamen:
2631 3916 2684 3962 et
2709 3912 2951 3976 apposite
2985 3907 3051 3960 ad
3096 3922 3159 3960 ea
3187 3922 3307 3974 qua:
3343 3921 3503 3976 supra
3539 3907 3616 3960 di-

2062 4013 2150 4057 cta
2176 4010 2326 4067 sunt,
2352 3998 2643 4070 allegorice
2676 4006 2907 4069 possunt
2949 3999 3207 4067 explicari
3252 3998 3318 4052 de
3363 3998 3623 4067 improbis

2063 4090 2392 4154 actionibus,
2415 4103 2554 4158 quas
2579 4100 2699 4158 post
2722 4103 2807 4141 me
2830 4087 3187 4157 projeccram,
3227 4098 3281 4140 et
3308 4102 3496 4141 rursus
3528 4102 3623 4144 cas

2061 4182 2196 4237 mihi
2222 4183 2617 4250 imposuerunt,
2648 4189 2702 4235 et
2735 4180 2828 4234 diu
2860 4189 3276 4249 permanserunt
3306 4179 3622 4235 incumben-

2061 4287 2142 4330 tes
2174 4274 2329 4327 mihi.

2134 4366 2184 4419 7.
2223 4364 2328 4421 Sed
2361 4365 2643 4429 Dominus,
2671 4366 2763 4435 qui
2796 4364 3066 4419 neminem
3103 4364 3435 4421 credentium
3474 4363 3526 4418 in
3562 4379 3621 4420 se

397 4452 477 4513 είς
507 4450 687 4516 αὐτὸν,
717 4450 1021 4504 ἐθανάτωσε
1048 4451 1147 4515 τὰς
1167 4452 1339 4523 ἀρχὰς
1367 4452 1459 4504 καὶ
1483 4452 1580 4516 τὰς
1608 4452 1849 4519 ἐξουσίας
1866 4451 1956 4515 τοῦ

2074 4456 2330 4526 despicit,
2381 4458 2726 4512 mortiﬁcavit
2774 4457 3151 4528 principatus,
3214 4467 3269 4513 et
3327 4465 3622 4527 potestates

399 4540 638 4604 σκότους.

468 4632 520 4687 8.
552 4636 641 4688 Ἐν
672 4638 737 4707 τῇ
772 4635 1034 4708 μελλούσῃ
1065 4636 1245 4709 ἡμέρᾳ
1271 4637 1367 4700 τῆς
1388 4637 1617 4709 κρίσεως
1645 4640 1673 4691 6
1694 4636 1955 4700 διάϐολος,

400 4727 494 4779 καὶ
523 4726 572 4779 οἱ
601 4725 817 4796 ἄγγελοι
836 4726 1021 4792 αὑτοῦ,
1042 4729 1135 4782 καὶ
1155 4728 1353 4793 πάντες
1380 4730 1428 4780 οἱ
1449 4727 1754 4799 πειθόμενοι
1777 4728 1958 4792 αὐτοῖς

399 4815 943 4888 καταδικασθήτωσαν
970 4818 1048 4889 τῷ
1071 4820 1271 4890 αἰωνίῳ
1298 4817 1452 4890 πυρὶ,
1478 4820 1526 4871 οἱ
1552 4819 1960 4890 ἀποστρεφόμε-

310 4957 314 4960 .
398 4924 480 4962 νοι
511 4909 688 4962 πᾶσαν
726 4909 941 4982 ἐντολὴν
986 4910 1080 4964 τοῦ
1115 4909 1340 4983 Κυρίου.
1399 4909 1550 4964 Σιὼν
1590 4908 1698 4980 γὰρ
1740 4908 1956 4980 ἐντολὴ

401 4996 777 5067 ἑρμηνεύεται.

468 5108 513 5142 ⁸³
534 5108 699 5166 Hebr.
727 5125 807 5179 ιι,
847 5110 934 5167 10.

2063 4550 2428 4605 tenebrarum.

2129 4641 2183 4696 8.
2212 4641 2268 4696 In
2298 4642 2387 4697 die
2409 4652 2635 4698 ventura
2658 4642 2851 4713 judicii
2887 4643 3160 4710 diabolus,
3190 4652 3245 4698 et
3269 4643 3442 4714 angeli
3482 4641 3618 4710 ejus,

2060 4742 2114 4787 et
2140 4735 2459 4806 omnes,qui
2481 4734 2612 4805 ipsis
2634 4735 2893 4790 obediunt
2917 4736 3343 4789 condemnentur
3363 4733 3416 4788 in
3442 4733 3619 4801 ignem

2061 4832 2346 4890 aeternum,
2387 4826 2479 4895 qui
2525 4826 2759 4881 aversati
2801 4835 2929 4882 sunt
2952 4842 3112 4882 omne
3138 4826 3353 4882 Domini
3397 4825 3620 4881 manda-

2064 4924 2200 4969 tum.
2237 4914 2366 4971 Sion
2393 4917 2537 4973 enim
2566 4918 2877 4973 mandatum
2905 4919 3305 4989 interpretatur.

1336 5206 1643 5269 Addenda
1673 5213 1735 5267 et
1766 5205 2141 5287 corrigenda
2184 5225 2263 5271 ex
2292 5209 2433 5273 cod.
2486 5211 2687 5275 Vatic.

469 5325 547 5469 £1)
582 5328 793 5391 Ἔσται,
827 5336 932 5383 etc.
972 5328 1235 5401 Ἰησοῦςή
1271 5331 1458 5401 εἰρήνη
1492 5332 1665 5402 ἡμῶν.

494 5398 551 5468 2)
591 5399 657 5469 Ἢν
685 5399 787 5469 διάν
811 5399 910 5469 τῆς
962 5399 1328 5469 κινναϐάρεως
1360 5401 1630 5469 περιέχει·

494 5398 551 5468 2⁷)
578 5399 663 5479 ιἪε
685 5399 789 5478 διὰ.
811 5399 935 5479 τῆς.
962 5398 1334 5479 κινηαϐἀρεέυς
1354 5398 1599 5479 περιέχει
1617 5419 1630 5432 ·

401 5458 676 5538 εὶέέάπὸ
698 5468 790 5521 τοῦ
820 5458 1036 5523 ἐννάτου
1062 5458 1447 5538 βαθμοῦ,ἒιο.ξ
1478 5458 1568 5523 ἐπ’).
1606 5458 1957 5538 τὸνδέίιατονξ

404 5537 808 5607 τουτέστι,ειο.,
833 5537 1103 5611 μέμνηται
1126 5537 1290 5610 ἅπερ,
1321 5547 1446 5603 etc.,
1475 5541 1568 5593 καὶ
1585 5541 1643 5593 τὸ
1668 5540 1802 5607 πῶς,
1827 5552 1959 5611 etc.,

478 5661 500 5728 (
514 5658 576 5731 α)
605 5659 803 5717 Divitiae
822 5659 1026 5717 scilicet
1054 5657 1444 5715 retributionis.

2059 5334 2201 5404 ἅπερ
2228 5336 2512 5405 συμϐαίνει
2543 5341 2674 5404 τοῖς,
2710 5347 2815 5394 etc.

1679 5401 1799 5473 ’ῼδὴ
1829 5402 1960 5467 τῶν,

2131 5384 2207 5480 (ἦ)
2233 5384 2531 5480 ῗίῑῗὲἷὲέέὗ.
2554 5384 3160 5480 ἒῖἷοόἶξροιγγελςῦεὶψ
3186 5405 3286 5480 ,καὶ
3308 5404 3460 5480 ,πρὸς
3491 5384 3635 5480 τιδέ

2072 5474 2351 5540 Ἰουδαίους
2372 5474 2539 5548 ὅμως,
2556 5479 2649 5532 καὶ
2672 5474 3288 5548 πρὸξτάἀποδεδομένα,
3355 5474 3616 5548 θεωροῦν-

2060 5562 2168 5614 ται,
2203 5557 2329 5611 etc.,
2366 5547 2613 5618 πράξεων
2641 5547 2965 5615 πάλιν,ειο.,
2990 5547 3329 5618 ἐπικείμεναι
3363 5547 3472 5618 μοι.
