3990 6208
451 264 590 320 1245

457 384 473 394 ⁹
519 379 568 432 9.
604 376 762 432 Fiant
791 379 931 435 sicut
959 379 1140 434 fenum
1173 390 1464 447 tectorum,

519 468 606 522 10.
634 466 788 534 Quod
837 470 1148 541 priusquam
1197 473 1457 528 evellatur
1491 473 1772 545 [evellatur
1823 474 2000 546 illud],

451 561 683 616 exaruit.

527 649 610 702 11.
671 649 746 704 De
800 665 910 720 quo
959 666 1067 704 non
1119 651 1364 723 implevit
1419 669 1640 708 manum
1701 667 1856 708 suam
1909 655 2004 724 qui

448 743 625 808 metit,

519 834 604 886 12.
638 832 702 887 Et
735 833 912 888 sinum
951 849 1132 900 suum,
1164 834 1256 904 qui
1297 836 1604 906 manipulos
1633 835 1855 905 colligit.

518 927 602 981 15.
634 925 698 978 Ει
729 941 831 978 non
877 924 1129 978 dixerunt
1155 925 1247 994 qui
1277 927 1658 995 praeteribant:
1697 924 2007 982 Benedictio

446 1017 658 1072 Domini
693 1032 853 1086 super
880 1031 977 1086 vos
1011 1031 1025 1046 ο

516 1110 600 1162 14.
643 1106 1026 1161 Benerlixitnus
1052 1107 1204 1161 vobis
1228 1105 1280 1159 in
1307 1107 1527 1160 nomine
1553 1105 1788 1161 Domini.

657 1193 934 1247 Canticum
977 1193 1270 1247 Gradunm.
1299 1193 1501 1248 PSAL.
1533 1194 1791 1251 CXXIX.

516 1284 568 1337 1.
603 1283 678 1337 De
706 1284 991 1354 profundis
1013 1286 1237 1339 clamavi
1265 1286 1330 1340 ad
1359 1295 1430 1349 te,
1461 1284 1686 1341 Domine
1712 1303 1726 1340 :

512 1375 566 1431 2.
610 1378 856 1441 Domine,
893 1378 1087 1432 exaudi
1116 1395 1300 1434 vocem
1333 1395 1529 1434 meam.

511 1467 564 1521 5.
608 1467 767 1522 Fiant
793 1484 954 1525 aures
980 1479 1085 1524 tua:
1111 1469 1450 1527 intendentes
1491 1470 1543 1524 in
1592 1484 1777 1526 vocem
1813 1471 2001 1541 depre-

441 1557 672 1612 cationis
695 1574 848 1612 meae.

1259 263 1319 322 s.
1361 265 1734 322 ATHANASII
1771 266 1923 324 opp.
1957 267 2138 322 PARS
2175 266 2259 320 ιιι.
2302 297 2372 308 -
2407 243 2810 321 EXEGETICA.

2027 388 2075 446 Α
2171 381 2222 435 9.
2255 381 2640 452 Γενηθήτωσαν
2663 379 2793 432 ὡσεὶ
2823 378 3008 448 χόρτος,
3041 375 3324 448 δωμάτων,

3525 263 3668 320 1244

2175 474 2260 529 10.
2287 471 2382 536 ’ος
2415 474 2522 544 πρὸ
2549 471 2644 524 τοῦ
2668 470 3039 540 ὲκσπασθῆναι
3071 468 3458 541 [ἑκσπασθῆναι
3477 468 3660 542 αὑτὸν]

2103 565 2494 711 ὲξπῗνίξῦίιούκ
2527 654 2810 726 ὲπλήρωσε
2843 652 2940 724 τὴν
2970 652 3126 723 χεῖρα
3153 648 3314 704 αὐτοῦ
3345 651 3374 704 ὁ
3412 649 3660 720 θερίζων,

2175 831 2264 887 12.
2287 832 2394 885 Καὶ
2415 832 2504 884 τὺν
2524 831 2722 884 κόλπον
2745 827 2906 884 αὑτοῦ
2928 827 2956 879 ὁ
2976 827 3046 880 τὰ
3065 829 3350 900 δραγματα
3371 826 3652 894 συλλέγων.

2175 925 2260 978 15.
2290 925 2398 976 Καὶ
2429 925 2526 978 οὐκ
2550 919 2702 976 εἷπον
2729 917 2934 994 [εἶπαν]
2953 921 3001 972 οἱ
3029 922 3363 991 παράγοντες
3381 935 3395 948 ·
3425 917 3652 987 Εὑλογέα

2101 1016 2305 1087 Κυρίου
2333 1018 2413 1084 ἐφ’
2444 1017 2584 1086 ὑμᾶς
2605 1033 2616 1044 ·

2172 1109 2256 1162 14.
2291 1108 2676 1176 Εὑλογήκαμεν
2700 1104 2843 1173 ὑμᾶς
2867 1105 2923 1156 ὲν
2951 1103 3172 1174 ὀνόματι
3202 1103 3423 1173 Κυρίου.

2311 1199 2446 1270 ’ῼδ-ὶρ
2474 1198 2592 1251 τῶν
2633 1195 3020 1264 Ἀναϐαθμῶν.
3076 1197 3238 1248 ΨἉΛ.
3271 1196 3457 1247 ΡΚΘ’.

2169 1290 2222 1344 1.
2271 1291 2364 1342 Ἐκ
2395 1288 2602 1359 βαθέων
2637 1285 2908 1358 ἐκέκραξὰ
2941 1303 3042 1347 σοι,
3076 1285 3244 1354 Κύριε
3267 1300 3282 1314 ο

2166 1379 2220 1434 2.
2255 1379 2423 1449 Κύριε
2459 1377 2888 1448 (α),εῐσὰκουσον
2914 1375 3013 1444 τῆς
3045 1375 3223 1444 φωνῆς
3255 1390 3374 1444 μου.

2167 1472 2222 1525 5.
2251 1469 2539 1540 Γενηθήτω
2559 1468 2626 1521 τὰ
2645 1462 2760 1523 ὦτά.
2787 1484 2878 1520 σου
2901 1467 3231 1538 προσέχοντα
3258 1467 3336 1528 εἰς
3357 1464 3453 1536 τὴν
3476 1461 3651 1534 φωνὴν

2098 1562 2194 1633 τῆς
2226 1559 2459 1634 δεήσεώς
2492 1576 2612 1630 μου.

513 1777 587 1851 (α)
621 1779 772 1837 Vers.
793 1781 846 1835 2.
881 1781 1082 1854 Κύριε,
1119 1783 1431 1837 εἰσάκουσον
1455 1783 1550 1854 τῆς
1591 1785 1899 1854 προσευχῆς
1938 1798 2061 1852 μου,
2093 1798 2106 1835 1

2093 1795 2266 1851 usque
2290 1779 2357 1834 ad
2391 1779 2746 1852 προσέχοντα.
2767 1776 2924 1835 Vers.
2956 1777 3012 1833 '5.
3041 1778 3135 1842 Εἰς
3161 1777 3279 1848 τήν,
3311 1783 3413 1832 etc.

1546 1995 1913 2050 ATHANASII
1955 1996 2534 2054 INTERPRETATIO.

506 2151 559 2206 9.
597 2148 675 2205 Ita
706 2152 758 2206 in
792 2152 968 2223 ignem
1007 2155 1251 2225 projecti.

508 2242 596 2298 10.
627 2241 728 2309 Qui
757 2256 882 2300 ante
903 2245 1064 2301 linem
1091 2248 1143 2301 in
1168 2249 1371 2302 mundo
1396 2248 1720 2306 exsistentes
1743 2253 1997 2310 interem-

435 2335 509 2403 pti
542 2345 668 2389 sunt
698 2351 726 2388 a
758 2348 998 2404 peccato.

509 2426 595 2491 1|,
626 2427 712 2480 12.
755 2429 835 2482 Ab
867 2429 950 2484 his
998 2446 1106 2484 non
1141 2430 1346 2486 invenit
1379 2434 1754 2505 unusquisque
1779 2441 1996 2509 angelo-

435 2530 554 2568 rum
589 2518 971 2586 accipientium
1017 2538 1205 2576 eorum
1238 2524 1469 2590 animas,
1520 2525 1629 2581 lere
1671 2544 1832 2584 unam
1871 2533 1995 2586 dra-

433 2606 647 2662 chmam
671 2608 914 2676 justitiaa,
936 2623 989 2667 et
1009 2614 1384 2685 unusquisque
1405 2619 1740 2687 angelorum,
1759 2623 1990 2690 quicum

434 2696 567 2767 ipsis
620 2699 839 2756 fuerunt
878 2704 931 2757 in
974 2707 1082 2759 vita
1126 2707 1389 2777 ipsorum,
1435 2721 1488 2764 et
1525 2711 1754 2766 aﬂ‘erens
1800 2729 1990 2770 eorum

433 2803 595 2856 opera
621 2789 752 2857 Deo,
781 2808 888 2848 non
919 2795 1124 2852 invenit
1151 2814 1333 2856 semen
1354 2801 1578 2871 justitize
1607 2805 1660 2858 in
1699 2805 1778 2862 eis
1809 2807 1877 2862 ad
1910 2807 1992 2864 oi-

432 2876 712 2933 ferendum
743 2881 872 2938 Deo.

509 2969 588 3024 15.
616 2969 681 3025 Et
726 2975 902 3044 angeli
950 2979 1120 3032 sancti
1168 2980 1320 3036 missi
1366 2981 1420 3035 in
1465 2985 1726 3041 mundum
1772 2999 1991 3060 propter

431 3075 526 3114 eos
575 3063 668 3131 qui
709 3065 948 3122 hwredes
977 3070 1168 3125 salutis
1200 3071 1365 3126 futuri
1396 3085 1542 3140 sunt,
1577 3078 1819 3137 videntes
1841 3083 1989 3154 ipsos

431 3149 690 3223 abeuntes
712 3169 777 3208 ex
809 3156 912 3211 hoc
942 3160 1143 3214 mundo
1166 3177 1272 3215 non
1313 3164 1684 3223 salutaverunt
1711 3186 1824 3227 eos.

501 3305 587 3360 11.
620 3306 803 3377 Neque
828 3309 959 3380 ipsis
986 3311 1238 3368 dixerunt
1265 3329 1281 3369 :
1333 3313 1440 3370 Pax
1467 3300 1658 3387 v‘obis;
1692 3321 1794 3377 hoc
1841 3325 1986 3380 enim

2013 2168 2056 2222 Β
2151 2161 2204 2215 9.
2237 2160 2422 2224 Οῦτως
2451 2163 2532 2224 εἰς
2565 2159 2676 2231 πῦρ
2709 2159 3043 2232 βαλλόμενοι.

2168 2251 2250 2305 10.
2285 2249 2348 2305 Οἱ
2381 2252 2456 2321 (1)
2498 2251 2602 2320 πρὸ
2629 2251 2722 2304 τοῦ
2756 2250 2941 2314 τέλους
2969 2251 3118 2314 ὄντες
3155 2267 3210 2303 εν
3241 2267 3320 2321 τῳ
3349 2251 3539 2320 κόσμῳ
3568 2265 3658 2303 νε-

2094 2341 2426 2410 νεκρωμένοι
2462 2341 2704 2411 ὑπῆρχον
2733 2341 2836 2394 ὑπὸ
2868 2341 2964 2411 τῆς
3000 2341 3286 2412 ἁμαρτίας.

2164 2431 2223 2483 11
2250 2470 2264 2493 ,
2299 2431 2386 2485 12.
2424 2432 2499 2501 (2)
2530 2432 2664 2484 Ἀπὸ
2695 2431 2802 2484 τῶν
2833 2431 3084 2486 τοιούτων
3115 2433 3212 2502 οὐχ
3246 2424 3402 2502 εὗρεν
3429 2430 3656 2493 ἕκαστος

2091 2521 2200 2576 τῶν
2235 2521 2480 2590 ἀγγέλων
2512 2522 2621 2575 τῶν
2670 2522 2767 2586 τὰς
2809 2523 2984 2592 ψυχὰς
3038 2522 3213 2576 αὐτῶν
3255 2522 3655 2591 λαμϐανόντων,

2096 2613 2227 2665 ὡσεὶ
2263 2613 2388 2683 μίαν
2417 2613 2663 2685 δραχμὴν
2691 2613 3028 2684 δικαιοσύνης
3054 2653 3069 2676 ,
3116 2615 3208 2666 καὶ
3237 2614 3464 2676 ἕκαστος
3489 2614 3656 2682 ἄγγει

2093 2703 2182 2768 λος
2211 2704 2317 2757 τῶν
2348 2706 2612 2761 συνόντων
2643 2708 2820 2769 αὐτοῖς
2856 2708 2912 2758 ὲν
2944 2708 3008 2776 τῇ
3047 2705 3156 2776 ζωῇ
3191 2707 3400 2770 αὐτῶν,
3452 2707 3548 2758 καὶ
3591 2706 3656 2759 τὰ

2093 2796 2228 2868 ἔργα
2259 2798 2438 2851 αὐτῶν
2468 2798 2788 2869 προσφέρων
2816 2798 2891 2868 τῷ
2915 2798 3050 2868 Θεῷ,
3079 2799 3175 2868 οὐχ
3206 2791 3362 2868 εὗρεν
3389 2799 3446 2850 ἐν
3474 2796 3656 2860 αὑτοῖς

2094 2888 2313 2961 σπέρμα
2351 2889 2692 2958 δικαιοσύνης
2719 2890 3022 2956 ἀνενεγκεῖν
3047 2887 3122 2956 τῷ
3149 2887 3285 2956 Θεῷ.

2163 2980 2250 3034 15.
2281 2980 2355 3049 (5)
2391 2982 2499 3033 Καὶ
2526 2982 2572 3034 οἱ
2608 2982 2750 3048 ἆγιοι
2771 2980 2987 3050 ἄγγελοι
3018 2978 3464 3049 ἀποστελλόμενοι
3501 2977 3560 3029 ἐν
3582 2975 3656 3044 τῷ

2093 3069 2283 3140 κόσμῳ
2317 3071 2406 3125 διὰ
2450 3072 2576 3133 τοὺς
2628 3060 2915 3141 μέλλοντας
2961 3070 3309 3140 κληρονομεῖν
3361 3067 3654 3136 σωτηρίαν,

2091 3160 2416 3232 θεωροῦντες
2443 3162 2636 3225 αὐτοὺς
2666 3161 3044 3231 ἀπαγομένους
3080 3162 3141 3212 ὲκ
3173 3159 3265 3212 τοῦ
3299 3158 3503 3227 κόσμου
3532 3156 3654 3209 τού-

2093 3268 2205 3312 του,
2233 3253 2330 3303 οὐκ
2355 3253 2669 3321 ἠσπάσαντο
2698 3251 2912 3314 αύτούς.

2165 3339 2249 3394 14,
2274 3337 2407 3392 Οὐδὲ
2431 3336 2580 3393 εἷπον
2601 3341 2801 3406 αὐτοῖς,
2825 3340 3028 3412 Εἰρήνη
3053 3340 3178 3409 ὑμῖν
3194 3353 3209 3370 ο
3232 3335 3388 3390 τοῦτο
3412 3335 3518 3408 γάρ
3542 3337 3652 3390 ἐστι

431 3407 514 3451 est
536 3413 731 3452 nomen
766 3400 1004 3457 Domini.
2015 3442 2061 3503 ρ
2090 3447 2106 3486 1

2091 3429 2148 3486 τὸ
2174 3429 2340 3502 ὄνομα
2365 3432 2587 3502 Κυρίου.

494 3532 578 3644 ξιξ
609 3535 938 3644 προκειμένη
965 3538 1242 3644 ἐπιγραφὴ
1275 3543 1516 3644 περιέχει
1546 3547 1641 3620 (θ’
1686 3552 1824 3626 ’ῼδὴ
1858 3561 1975 3616 τῶν
2018 3565 2408 3640 Ἀναϐαθμῶν,
2443 3573 2578 3644 ὅπερ
2612 3570 2968 3643 ἑρμηνεύεται
3003 3567 3378 3640 ἐξομολόγησις
3408 3566 3515 3619 τῶν
3548 3565 3649 3619 ἀπὶ

428 3628 807 3740 τοῦβεκήτουᾱ
823 3633 1034 3740 βαθμοῦ⁹
1067 3637 1162 3706 τῆς
1181 3637 1443 3740 ’γνώσεως
1473 3645 1565 3698 τοῦ
1598 3650 1793 3708 εἰδέναι
1833 3658 1900 3712 τὰ
1942 3664 2039 3733 τῆς
2073 3628 2371 3740 μελλούσης
2395 3628 2891 3740 ’κρίσέωςιοιλδιπὸν
2930 3628 3289 3722 ἀδιαλείπτως.
3325 3660 3516 3721 νυκτὸς
3561 3661 3646 3712 κατιὶ

430 3720 638 3836 ξμίρας
665 3723 728 3776 ἐκ
747 3725 844 3794 τῆς
879 3726 1103 3836 καρδίαις
1135 3733 1312 3788 αὐτῶν
1345 3739 1482 3806 μετὰ
1500 3739 1750 3815 ὀδυρμῶν
1772 3720 2129 3826 δεόμενοί-τοῦ
2153 3763 2285 3816 Θεοῦ
2439 3720 2532 3817 τοῦ
2557 3720 2819 3836 ἀφεθῆναι
2840 3761 3019 3821 αὐτοῖς
3048 3755 3099 3808 εἴ
3123 3772 3176 3807 τι
3195 3720 3454 3824 πάρεστιν
3475 3720 3647 3808 αὐτῶν

431 3813 734 3884 ἁμάρτημα
782 3820 1188 3887 πεπραγμένον.

428 4001 596 4108 βτίξάιξ
621 4005 954 4074 εοεηίιίοηίε
980 4009 1220 4077 (Christi
1258 4017 1311 4070 in
1347 4022 1735 4098 undecimum)
1771 4031 1836 4085 ad
1866 4001 2144 4090 sciendum
2168 4053 2252 4104 ea,
2286 4001 2406 4108 quae
2446 4039 2513 4093 ad
2541 4039 2784 4094 futurum
2812 4036 3075 4107 judicium
3107 4035 3408 4104 pertinent:
3456 4035 3643 4088 deinde

427 4096 792 4155 indesinenter
815 4113 987 4170 nocte,
1019 4116 1181 4177 atque
1211 4112 1300 4166 die
1327 4129 1395 4169 ex
1424 4121 1586 4176 corde
1621 4096 1723 4180 suo
1753 4125 2106 4197 deprecantur

2091 4149 2114 4187 r
2141 4150 2266 4189 cum
2320 4135 2574 4206 lacrymis
2622 4129 2789 4191 Deum
2831 4148 2929 4204 pro
2978 4131 3300 4187 remissione
3342 4131 3571 4200 peccati,
3599 4130 3642 4185 si

427 4195 568 4264 quod
590 4211 834 4266 superest
862 4201 929 4255 ab
951 4203 1029 4258 eis
1053 4209 1435 4268 commissum.

499 4288 548 4338 1.
599 4289 671 4341 Ex
724 4293 884 4348 corde
923 4310 1042 4350 meo
1089 4301 1289 4368 gemitu
1339 4303 1690 4360 inenarrabili
1749 4308 1978 4365 clamavi

425 4377 491 4430 ad
523 4388 591 4432 te.

493 4464 546 4531 2,
579 4467 632 4521 5.
670 4469 939 4528 lnclinans
964 4476 1193 4545 teipsum
1217 4482 1283 4536 ad
1312 4498 1398 4539 me
1425 4486 1620 4540 exhibe
1665 4487 1793 4542 mihi
1824 4505 1982 4546 aures

423 4565 546 4611 tuas
589 4569 864 4630 proruptus
895 4565 962 4620 ad
1003 4569 1330 4627 audiendum
1353 4617 1368 4640 ,
1400 4593 1522 4647 quae
1563 4581 1658 4634 tibi
1697 4583 1981 4639 confessu-

423 4662 518 4700 I'US
541 4663 684 4703 sum.

2157 4319 2208 4369 1.
2241 4317 2336 4370 Ἐκ
2365 4318 2464 4389 τῆς
2511 4318 2734 4390 καρδίας
2765 4336 2864 4390 μου
2907 4319 3201 4392 στεναγμὸν
3249 4319 3518 4389 ἀλάλητον
3567 4319 3640 4388 (5)

2086 4406 2279 4477 ἁνεὸόη
2288 4424 2355 4461 σα
2379 4407 2512 4478 πρὸς
2540 4409 2598 4461 σέ

2151 4497 2204 4561 2,
2242 4499 2294 4551 5.
2339 4498 2659 4564 Ὑποκλίνας
2686 4518 2772 4570 μοι
2799 4500 2989 4555 ἑαυτὸν
3011 4501 3106 4570 (6),
3140 4499 3420 4571 παράσχου
3455 4517 3545 4569 μοι
3577 4498 3641 4551 τὰ

2083 4579 2197 4639 ὦτά
2224 4604 2314 4639 σου
2341 4586 2532 4659 ἕτοιμα
2555 4591 2634 4654 εἰς
2653 4589 2712 4642 τὸ
2735 4589 2996 4658 ἀκοῦσαι,
3025 4589 3164 4661 ἅπερ
3197 4589 3374 4661 μέλλω
3396 4588 3642 4661 ἐξομολο-

2005 4686 2049 4740 ῐ)
2077 4679 2281 4748 γεῖσθαί
2313 4696 2420 4750 μοι.

1357 4867 1662 4933 Addenda
1704 4880 1763 4934 et
1791 4877 2168 4956 corrigenda
2197 4899 2274 4941 ex
2307 4882 2447 4944 cod.
2482 4848 2679 4944 Vatic.

494 5059 576 5151 (1i
589 5059 660 5151 οι
704 5064 810 5136 πρὸ
857 5066 950 5120 τοῦ
999 5068 1408 5140 τελευτήσουσιν
1456 5072 1530 5138 ὼς
1575 5076 1687 5128 ἐντὶ
1734 5072 1872 5148 ἦσαν
1923 5081 1979 5130 ὲν
2079 5097 2213 5144 σεως
2239 5081 2329 5134 τοῦ
2356 5082 2488 5135 Θεοῦ
2512 5086 2590 5148 είς
2609 5085 2696 5138 τὸν
2718 5086 2996 5141 ἑνδέκατον
3018 5086 3290 5151 ἀνιέντων,
3320 5087 3461 5142 τοῦτ’
3490 5090 3632 5143 ἔστιν

421 5127 660 5229 τῆξ,οριῂ
713 5204 767 5229 η
855 5206 900 5229 Η
963 5209 981 5229 1
1075 5218 1088 5229 Α
1161 5159 1220 5229 λυ
1284 5211 1343 5229 m
1406 5213 1448 5229 ν
1492 5214 1504 5229 ι
1561 5215 1582 5229 η
1758 5127 1770 5148 ³
1827 5215 1848 5229 ﬂ
2073 5151 2178 5229 ἀπὸ
2209 5127 2676 5229 τῆςηνιὲἐσεωςῖτοῦ
2695 5156 3238 5229 εἱδένιιωιοη-μετὰ
3257 5129 3492 5229 όδυρμοῦ
3524 5161 3632 5212 δεο-

491 5199 678 5298 (2)Μίῒί.
712 5204 797 5258 11.
855 5206 1004 5298 ’.ξι-τό,
1041 5218 1142 5263 etc.
1173 5209 1239 5262 N.
1281 5211 1363 5263 12.
1406 5213 1514 5265 Καὶ
1561 5215 1787 5280 ἕκαστος
1819 5215 1980 5286 ἄγγε-

419 5265 661 5330 λος,ὀιο.
897 5290 924 5328 ι
993 5265 1002 5270 ⁷
1821 5265 1952 5286 ”⁶⁸’
2076 5265 2106 5340 3

490 5337 563 5361 [τι
595 5340 641 5361 ΚΥ
711 5341 771 5361 ιη
839 5344 881 5361 Ir
926 5345 938 5361 ς
1003 5348 1015 5361 ο
1105 5359 1110 5361 .
1484 5350 1494 5361 ι
1651 5354 1694 5361 ..-
1760 5355 1810 5361 --
1875 5356 1930 5361 __

2091 5265 2517 5361 ῑμιῒριηιῖειλῑεῑ

489 5337 565 5419 (5)
594 5340 658 5391 Ν.
707 5341 810 5419 15.-
839 5344 947 5419 Καὶ
971 5348 1039 5408 οἱ,
1065 5359 1192 5419 etc._.
1219 5365 1387 5419 usque
1408 5350 1614 5404 τούτου.
1649 5354 1714 5405 Ν.
1754 5355 1836 5408 14.
1866 5356 1980 5410 Οὐκ

420 5403 966 5480 ήσπᾲσαντοαὺτοὺς,
989 5403 1106 5470 οὐδὲ
1134 5403 1314 5480 sistet):
1337 5430 1438 5473 etc.

491 5468 566 5543 (ὁ)
592 5477 654 5528 Ἠ
675 5479 759 5532 διὰ
784 5483 880 5552 τῆς
1582 5498 1705 5557 etc.,
1725 5495 1818 5563 τῆς
1845 5495 1978 5564 γνώ-

2254 5359 2543 5435 ξξεναγμῷ
2571 5363 2840 5435 ἀλαλήτῳ.

2077 5427 2220 5550 σο(6)
2263 5427 2526 5502 Ἐαυτήν,’
2545 5435 2635 5490 sed
2673 5427 3015 5506 Ιθᾲ.’έαυτόν,
3044 5445 3173 5504 etc.,
3197 5433 3629 5508 ἐξομολογεῖσθαι
