3990 6208
430 252 569 307 1247
1266 261 1321 315 S.
1366 261 1733 319 ATHANASII
1777 265 1925 320 OPP.
1970 267 2149 322 PARS
2190 267 2276 323 ΙΙΙ.
2314 295 2384 336 τ·-
2419 263 2830 322 EXEGETICA.
3510 256 3661 313 19-13

496 374 550 428 2.
589 372 770 443 Neque
800 375 927 431 elati
960 386 1087 433 sunt
1111 380 1254 433 oculi
1287 381 1391 436 mei
1420 401 1433 435 :
2018 400 2063 455 Α

2018 400 2063 455 Α
2165 388 2220 442 9.
2245 388 2377 441 Ούδέ
2407 385 2883 458 ἐμετεωρίσθησαν
2904 384 2952 437 οἱ
2981 380 3243 452 ὀφθαλμοί
3280 397 3379 451 μου
3399 394 3413 410 ’

496 466 549 520 ὅ.
592 464 775 537 Neque
808 469 1082 523 ambulavi
1120 471 1172 524 in
1222 474 1432 542 magnis
1464 494 1476 529 :

2158 481 2209 534 5.
2237 479 2370 531 Οὐδὲ
2391 477 2694 550 ἐπορεύθην
2719 479 2776 531 ἐν
2804 476 3057 548 μεγάλοις
3076 491 3089 504 ·

492 559 549 613 4.
589 559 776 631 Neque
806 563 858 616 in
894 563 1234 619 mirabilibus
1270 580 1433 635 super
1467 565 1571 622 me.

1542 565 1571 622 ξ.
2156 571 2208 625 4.
2240 571 2373 624 Οὐδὲ
2396 574 2453 625 ἐν
2487 571 2809 641 θαυμασίοις
2836 569 2975 641 ὑπὲρ
2998 567 3118 640 ἐμέ.

503 652 557 707 5.
602 653 656 707 Si
684 669 788 708 non
817 655 1093 711 humiliter
1121 659 1445 726 sentiebam,
1481 661 1575 716 sed
1607 663 1839 717 exaltavi
1871 662 1992 718 ani-

2161 662 2214 716 5.
2248 663 2312 715 Ei
2358 662 2433 734 μὴ
2476 664 2962 733 ὲταπεινοφρόνουν
2988 701 3007 726 ,
3052 660 3187 716 ἀλλὰ
3230 657 3307 729 (a)
3333 656 3524 728 ὖψωσα
3555 656 3663 726 τὴν

427 759 573 800 mam
602 761 777 799 meam
810 765 823 800 :
1345 755 1354 767 '

1345 755 1354 767 '
2087 755 2264 827 ψυχήν
2291 772 2390 826 μου
2408 770 2424 793 ο

510 839 563 893 6.
603 837 756 893 Sicut
787 840 1092 895 ablactatus
1124 850 1210 897 est
1240 857 1405 899 super
1447 852 1620 901 matre
1641 860 1739 900 sua
1765 865 1781 900 :

2162 847 2216 902 6.
2259 848 2346 912 Ὡς
2394 846 2456 900 τὸ
2508 846 3105 918 ἁπογεγαλακτισμένον
3150 844 3240 898 ἐπὶ
3284 842 3382 915 τὴν
3442 840 3665 913 μητέρα

2090 937 2254 991 αὑτοῦ
2278 954 2292 967 ·

503 1015 552 1071 7.
596 1015 673 1071 lta
705 1016 1097 1075 retributiones
1127 1020 1181 1075 in
1221 1022 1401 1077 anima
1435 1039 1575 1084 mea.

2162 1029 2212 1083 7.
2254 1029 2342 1093 Ὠς
2367 1027 2766 1090 ἀνταποδὼσεις
2790 1027 2880 1081 ἐπὶ
2897 1026 2994 1097 τὴν
3021 1025 3196 1097 ψυχήν
3231 1041 3353 1094 μου.

495 1104 549 1159 8.
588 1104 773 1179 Speret
808 1105 975 1163 Israel
1004 1110 1057 1163 in
1093 1109 1330 1166 Domino

2160 1120 2212 1175 8.
2252 1120 2326 1191 (b)
2367 1119 2674 1191 Ἐλπισὰτω
2703 1119 2923 1190 Ἰσραὴλ
2949 1119 3040 1171 ἐπὶ
3058 1118 3149 1170 τὸν
3171 1115 3373 1168 Κύοιον

494 1192 547 1247 9.
589 1192 666 1248 Ex
701 1195 804 1250 hoc
848 1213 992 1254 nunc
1019 1208 1073 1253 et
1101 1216 1274 1271 usque
1306 1203 1360 1258 in
1396 1204 1680 1259 sarculum.

1667 1246 1680 1259 -
2160 1210 2215 1265 9.
2252 1210 2385 1262 Ἀπὸ
2414 1210 2508 1262 τοῦ
2539 1208 2634 1263 νῦν
2654 1209 2746 1263 καὶ
2778 1209 2882 1272 ἓως
2899 1207 2990 1261 τοῦ
3023 1206 3232 1268 αἰῶνος.

630 1305 909 1363 Canticum
939 1311 1234 1369 Graduum.
1286 1313 1484 1374 PSAL.
1528 1316 1788 1376 CXXXI.

2324 1323 2461 1394 ’ῼδὴ
2492 1321 2611 1377 τῶν
2629 1322 3014 1392 Ἀναϐαθμῶν.
3047 1324 3221 1375 ΨΑΛ.
3246 1320 3425 1374 ΡΛΑ’.

488 1402 539 1458 1.
582 1401 871 1474 Memento,
901 1405 1150 1474 Domine,
1181 1409 1443 1475 David,et
1463 1414 1640 1469 omnis
1673 1424 1989 1471 mansuetu-

2161 1415 2214 1470 1.
2242 1416 2543 1487 Μνήσθητι.
2591 1415 2785 1489 Κύριε,
2832 1415 2928 1470 τοῦ
2968 1414 3151 1480 Δαὸὶδ,
3186 1413 3280 1468 καὶ
3329 1411 3513 1481 πάσης
3556 1408 3664 1482 τῆς

424 1492 571 1549 diuis
602 1495 742 1563 ejus.

2094 1507 2395 1579 πραότητος
2419 1507 2604 1563 αὐτοῦ.

484 1585 539 1639 2.
585 1587 956 1656 Sicutjuravit
988 1591 1233 1658 Domino,
1260 1604 1441 1648 votum
1470 1595 1615 1649 vovit
1656 1593 1766 1649 Deo
1796 1593 1985 1650 Jacob.

2163 1602 2216 1655 2.
2262 1602 2349 1664 Ὠς
2374 1600 2554 1672 ὤμοσε
2584 1601 2661 1672 τῷ
2694 1600 2900 1674 Κυρίῳ,
2931 1600 3129 1672 ηὔξατο
3153 1598 3229 1670 τῷ
3251 1597 3369 1670 Θεῷ
3400 1595 3625 1652 Ἰακώϐ.

486 1679 540 1737 5.
579 1678 635 1734 Si
669 1681 931 1738 introiere
959 1684 1010 1738 in
1049 1685 1456 1741 tabernaculum
1489 1686 1682 1742 domus
1715 1702 1890 1741 meae:
2020 1680 2062 1739 Β

2020 1680 2065 1739 Β
2161 1687 2216 1741 5.
2254 1688 2317 1741 Et
2348 1688 2418 1759 (ε)
2441 1689 2814 1762 εἰσελεύσομαι
2837 1692 2916 1756 εἰς
2940 1692 3202 1762 σκήνωμα
3220 1690 3367 1743 οἴκου
3388 1704 3515 1760 μουο

495 1859 571 1934 (a)
601 1856 757 1934 Yers.
787 1860 841 1934 β.
871 1860 1055 1934 fitilla.
1082 1870 1193 1934 etc.
1222 1861 1458 1934 Vers.__7.
1502 1864 1689 1934 'Dgcé,
1724 1874 1826 1917 etc.
1856 1861 2009 1934 vers.
2046 1862 2071 1917 8

1246 1861 1458 1934 ἵει-δῇ.
1502 1864 1689 1934 Ὠςγτό,
1724 1874 1826 1917 etc.
1856 1861 2009 1934 vers.
2046 1862 2100 1919 8.
2147 1843 2234 1928 Ὧς
2269 1865 2688 1934 ἀνταποδώσεις,
2719 1876 2822 1922 etc.

496 1930 569 1995 (b)
601 1927 749 1982 Vers.
779 1930 831 1984 9.
871 1931 1195 1996 Ἐλπισάτω,
1226 1942 1331 1986 etc.
1365 1930 1518 1988 Vers.
1556 1933 1640 1988 10.
1665 1934 1801 1986 Ἀπὸ
1827 1932 1943 1998 τοῦ,
1978 1943 2083 1988 etc.

497 2000 564 2065 (ο)
599 1997 661 2050 Εἰ
692 2001 863 2055 deest.

1542 2156 1920 2211 ATHANASII
1958 2154 2536 2211 lNTEBPllETATlO.

488 2309 544 2363 2.
585 2308 771 2377 Neque
802 2327 953 2367 mens
984 2328 1101 2366 mea
1133 2312 1335 2382 aliquid
1377 2312 1692 2382 hujusmorli
1733 2313 1915 2369 habet.

1850 2320 1915 2369 et.
2155 2313 2210 2367 Ξ.
2240 2312 2379 2366 Οὐδὲ
2404 2313 2435 2382 ή
2461 2311 2670 2365 διάνοιά
2700 2329 2800 2381 μου
2832 2310 2943 2380 ἔχει
2980 2310 3056 2378 (1)
3087 2326 3142 2362 τι
3168 2307 3426 2362 τοιοῦτον.

493 2402 548 2466 5,
587 2401 640 2457 4.
686 2402 867 2472 Neque
895 2405 1182 2474 coneupivi
1226 2406 1282 2458 in
1319 2406 1646 2460 sacerdotali
1678 2405 1860 2476 aliqua
1904 2404 1990 2460 di-

2156 2407 2209 2471 5,
2237 2405 2292 2459 4.
2335 2404 2468 2457 Οὑδέ
2496 2404 2573 2473 (2)
2629 2402 2951 2473 ἐπεθύμησα
2988 2400 3259 2472 ἱερατικοῦ
3301 2417 3445 2464 τινος
3491 2397 3658 2465 ἀξιώ-

421 2495 628 2564 gnitnte
666 2496 947 2557 constitui,

2090 2516 2258 2571 ματος
2297 2497 2450 2561 ἐντὸς
2481 2496 2750 2564 γενέσθαι.

491 2582 604 2639 5-7.
645 2583 782 2649 Nisi,
849 2586 991 2640 sicut
1044 2600 1180 2656 puer
1240 2586 1551 2657 cognitione
1611 2587 1870 2656 praeditus
1933 2601 1992 2642 se

2161 2590 2275 2644 5-7.
2308 2590 2370 2641 Ei
2404 2589 2499 2659 μὴ,
2529 2588 2603 2651 ὡς
2633 2587 2694 2640 τὸ
2724 2585 2934 2640 παιδίον
2971 2585 3032 2638 τὸ
3066 2583 3265 2652 γνῶσιν
3304 2581 3425 2652 ἔχον
3464 2597 3660 2635 ταπει-

421 2675 688 2730 submittit
722 2678 882 2730 matri
932 2692 1064 2738 suae,
1099 2681 1172 2733 ita
1218 2679 1382 2733 etiam
1432 2694 1532 2749 ego
1594 2677 1873 2732 humin’avi
1906 2692 1992 2732 me

2089 2680 2270 2735 νοῦται
2301 2680 2404 2734 ὑπὸ
2434 2679 2530 2749 τὴν
2566 2679 2777 2750 μητέρα
2822 2674 3006 2735 αὐτοῦ,
3042 2674 3182 2728 οῦτω
3221 2672 3377 2742 κάγὼ
3434 2671 3658 2725 ἐταπεί·

421 2766 598 2835 ipsum
623 2783 806 2823 coram
851 2778 923 2835 te,
961 2771 1069 2826 imo
1097 2773 1350 2841 cogitavi,
1400 2771 1675 2842 quomodo
1713 2771 1807 2825 tibi
1837 2785 1989 2824 com-

2094 2790 2216 2826 νουν
2250 2774 2486 2842 ἐμαυτὸν
2528 2769 2757 2823 ἐνώπιόν
2788 2786 2902 2831 σου,
2949 2767 3063 2821 ἀλλ’
3097 2765 3446 2836 ἐλογισάμην,
3467 2766 3658 2836 ὅτιπερ

421 2858 719 2927 placerem;
758 2862 850 2915 tiat
880 2864 1171 2919 retributio
1205 2865 1400 2918 animae
1425 2879 1558 2918 mere
1594 2864 1647 2915 in
1683 2863 1859 2916 medio
1896 2874 1991 2915 su-

2090 2859 2431 2932 εύηρέστησά
2457 2877 2570 2913 σοι·
2604 2862 2814 2928 γένοιτο
2859 2858 3210 2921 ἀνταπόδοσις
3255 2858 3324 2927 τῇ
3351 2855 3497 2927 ψυχῇ
3556 2872 3656 2927 μου

421 2950 716 3019 pet-borum
728 2992 740 3006 .

2093 2955 2152 3006 ἐν
2180 2957 2293 3016 τοῖς
2323 2953 2709 3024 ὑπερηφάνοις.

497 3040 550 3107 8,
601 3041 655 3098 9.
697 3042 882 3098 Gratia
905 3055 1084 3099 autem
1118 3045 1212 3100 Dei
1241 3048 1438 3101 talibus
1474 3047 1602 3101 dicit
1636 3066 1648 3101 :
1681 3045 1755 3099 Ne
1792 3047 1992 3101 timea-

2165 3046 2219 3108 8,
2254 3044 2307 3099 9.
2351 3045 2413 3097 Ἢ
2440 3045 2599 3115 χάρις
2627 3043 2682 3096 δέ
2726 3041 2823 3095 τοῦ
2867 3041 3001 3095 Θεοῦ
3033 3043 3179 3107 λέγει
3206 3043 3319 3104 τοῖς
3341 3039 3603 3102 τοιούτοις
3640 3054 3652 3066 ·

423 3134 511 3198 tis,
556 3145 769 3206 sperate
809 3138 866 3192 in
915 3137 1141 3194 Domino
1171 3155 1239 3195 ex
1288 3139 1392 3196 hoc
1424 3154 1569 3195 nunc
1620 3148 1676 3195 et
1724 3154 1899 3209 usque
1939 3140 1996 3193 in

2092 3139 2185 3210 Μὴ
2210 3137 2482 3206 φοϐεῖσθε,
2517 3136 2772 3189 ἐλπίσατε
2816 3136 2908 3190 ἐπὶ
2939 3135 3027 3189 τὸν
3055 3134 3255 3205 Κύριον
3298 3132 3405 3187 ἀπὸ
3431 3131 3528 3185 τοῦ
3561 3130 3656 3185 νῦν

421 3228 608 3284 tinem.

2019 3244 2060 3299 ο
2095 3231 2188 3284 καὶ
2212 3230 2319 3295 ἕως
2343 3232 2441 3302 τῆς
2470 3229 2796 3293 συντελείας.

503 3361 565 3415 Ἦ
599 3364 932 3434 προκειμένη
962 3364 1242 3435 ἐπιγραφὴ
1262 3364 1503 3435 περιέχει
1533 3363 1608 3433 (5)
1628 3379 1641 3391 '
1682 3362 1818 3432 ᾩδὴ
1846 3361 1963 3416 τῶν
1992 3361 2380 3432 Ἀναϐαθμῶν,
2408 3362 2543 3432 ὅπερ
2570 3358 2928 3433 ἑρμηνεύεται
2959 3357 3345 3429 ἐξομολόγητις
3374 3355 3483 3409 τῶν
3521 3356 3653 3411 ἀνα·

417 3455 709 3510 σαινόντων
738 3459 845 3511 ἀπὸ
873 3459 963 3511 τοῦ
998 3459 1186 3531 κυρίου
1219 3458 1424 3529 βαθμοῦ
1457 3458 1552 3512 ἐπὶ
1576 3459 1668 3511 τὸν
1702 3457 1929 3528 Ἰησοῦν,
1955 3459 2230 3512 τουτέστιν
2253 3457 2360 3511 ἀπὸ
2385 3458 2483 3525 τῆς
2506 3455 3002 3526 ταπεινοφροσύνης
3027 3456 3105 3518 εἰς
3133 3453 3351 3507 πλείονα
3376 3446 3653 3523 φωτισμὸν

420 3549 780 3620 ἀναϐέϐηκεν.
807 3550 1105 3605 Ἐκδέδωκε
1129 3552 1236 3622 γὰρ
1269 3551 1458 3603 ἑαυτὸν
1476 3549 1847 3615 ἀποτάξασθαι
1878 3550 2009 3603 πᾶσι
2035 3552 2147 3612 τοῖς
2177 3550 2233 3600 ἐν
2265 3548 2342 3618 τῷ
2369 3547 2578 3619 κόσμῳ,
2615 3547 2862 3600 ἐκδοῦναι
2898 3545 2954 3599 δὲ
2985 3544 3144 3599 αὑτὸν
3173 3544 3290 3598 ὅλον
3321 3543 3399 3614 τῷ
3425 3542 3568 3613 Θεῷ,
3595 3544 3651 3597 ἐν

423 3642 543 3703 ταῖς
573 3640 932 3712 ὑψηλοτέραις
965 3635 1443 3712 ὡσανεὶ’μείζοσιν
1474 3643 1714 3705 ἐντολαῖς
1755 3640 1937 3693 λοιπὸν
1968 3640 2134 3695 ἀνιὼν
2179 3641 2493 3710 εὑρίσκεται
2518 3653 2531 3667 ·
2568 3638 2757 3709 ὥσπερ
2800 3638 2909 3710 γὰρ
2939 3636 3045 3691 ἀπὸ
3083 3635 3177 3689 τοῦ
3208 3635 3397 3706 κυρίου
3441 3631 3650 3705 βαθμοῦ

419 3730 585 3786 ἀνιών
610 3749 695 3797 τις
727 3734 1095 3802 ἐπιφαίνεται,
1125 3734 1267 3788 οὕτω
1302 3736 1394 3788 καὶ
1414 3730 1565 3797 οὗτος
1595 3734 1687 3787 ἐπὶ
1718 3734 1809 3786 τὸν
1841 3732 2060 3804 μείζονα
2083 3730 2175 3786 τοῦ
2200 3730 2432 3804 Χριστοῦ
2462 3730 2817 3801 ἀναϐέϐηκεν.

494 3822 705 3881 Titulus
734 3828 1054 3896 praepositus
1095 3829 1378 3883 continet:
1422 3826 1701 3883 Canticum
1735 3825 2032 3892 Graduum,
2074 3826 2219 3894 quod
2248 3826 2640 3893 interpretatur
2670 3822 2942 3878 confessio
2968 3820 3369 3877 ascendentium
3407 3834 3439 3874 a
3478 3819 3648 3903 gradu

417 3917 704 3987 principali
749 3920 801 3973 in
832 3917 1042 3984 Iesum,
1076 3920 1179 3974 hoc
1214 3932 1297 3975 est
1326 3920 1395 3974 ab
1436 3919 1750 3973 humilitate
1794 3919 1847 3971 in
1893 3917 2155 3986 majorem
2190 3914 2642 3970 iiluminalionem
2675 3914 2935 3969 ascendit.
2985 3911 3119 3967 Nam
3167 3914 3259 3984 qui
3287 3916 3648 3968 renuntiando

421 4008 697 4073 onmibus,
730 4024 850 4078 qua:
882 4008 933 4061 in
964 4010 1170 4064 mundo
1205 4019 1356 4072 sunt,
1386 4009 1606 4063 tradidit
1631 4023 1690 4063 se
1720 4008 1899 4077 ipsum
1925 4015 2107 4061 totum
2127 4008 2259 4069 Deo,
2293 4006 2343 4058 in
2372 4006 2586 4069 altiora,
2621 4005 2675 4059 in
2708 4005 2915 4075 majora
2948 4021 3142 4075 nempe
3173 4016 3433 4076 praecepta
3456 4006 3651 4063 deinde

420 4099 723 4154 ascendens
770 4100 1086 4155 invenitur:
1141 4101 1599 4169 quemadmodum
1651 4101 1796 4154 enim
1828 4118 1859 4154 e
1889 4098 2173 4169 principali
2225 4098 2394 4168 gradu
2438 4100 2739 4154 ascendens
2783 4099 3055 4170 quispiam
3082 4099 3413 4169 conspicuus
3449 4100 3530 4169 lit,
3574 4100 3649 4159 ita

420 4188 585 4242 etiam
618 4191 720 4244 iste
764 4189 818 4243 in
864 4189 1125 4259 majorem
1161 4188 1365 4244 Christi
1397 4190 1850 4244 illuminationem
1892 4188 2150 4258 pervenit.

491 4321 543 4374 1.
588 4319 911 4383 Recordare,
936 4320 1186 4382 Domine,
1225 4319 1407 4390 pepuli
1439 4320 1517 4374 tui
1553 4320 1852 4374 secundum
1881 4316 1987 4371 Da-
2019 4320 2063 4374 D

2163 4317 2214 4371 1.
2248 4317 2550 4389 Μνήσθητι,
2577 4318 2763 4390 Κύριε,
2797 4321 2891 4374 τοῦ
2921 4321 3059 4375 κατὰ
3083 4322 3172 4375 τὸν
3211 4322 3374 4377 Δαὸὶδ
3400 4322 3529 4378 λαοῦ
3557 4340 3646 4378 σου

421 4412 531 4476 vid,
565 4409 813 4466 facientis
844 4412 1066 4480 perinde
1096 4427 1158 4466 ac
1206 4414 1322 4481 ipse
1354 4412 1660 4466 voluntates
1704 4423 1843 4464 tuas.

1654 4444 1660 4463 .
1704 4423 1843 4464 tuas.
2089 4407 2178 4461 τοῦ
2213 4409 2489 4474 ποιοῦντος
2516 4410 2687 4475 οὕτως
2717 4413 2782 4466 τὰ
2810 4412 3087 4484 θελήματά
3115 4432 3230 4469 σου.

494 4502 551 4556 2.
590 4501 1055 4568 Quemadmodum
1087 4504 1316 4557 credidit
1350 4503 1597 4567 Domino,
1643 4503 1882 4572 subjecit
1925 4516 1985 4556 se

2158 4496 2211 4550 2.
2254 4497 2341 4561 Ὡς
2379 4498 2663 4554 ἐπίστευσε
2692 4501 2769 4572 τῷ
2813 4501 2995 4575 Κυρίῳ
3024 4543 3039 4567 ,
3083 4504 3308 4570 ἐτάξατο
3351 4506 3543 4560 ἑαυτὸν

420 4593 600 4663 ipsum
642 4592 752 4647 Deo
796 4593 1213 4649 auscultationis
1243 4615 1255 4650 :
1296 4593 1461 4647 Jacob
1488 4595 1634 4649 enim
1667 4595 1988 4664 interpreta-

2089 4587 2208 4660 Θεῷ
2228 4589 2325 4660 τῆς
2352 4590 2601 4664 ὑπακοῆς
2619 4611 2632 4623 ·
2653 4594 3009 4667 ἑρμηνεύεται
3032 4600 3141 4666 γὰο
3165 4598 3365 4653 Ἰακὼὸ
3382 4598 3534 4668 ἀκοή
3552 4600 3643 4672 (ι).

419 4694 510 4739 tur
537 4684 878 4739 auscultatio.

502 4775 551 4833 5.
590 4774 649 4831 Si
684 4777 738 4831 in
767 4784 1045 4847 posterum
1078 4791 1265 4831 curam
1298 4793 1479 4849 geram
1505 4776 1751 4849 corporis
1780 4779 1907 4834 mei.
2018 4825 2039 4830 -

2166 4778 2219 4832 3.
2258 4778 2320 4831 Εί
2354 4779 2606 4849 πρόνοιαν
2639 4778 2732 4833 τοῦ
2764 4778 2950 4833 λοιποῦ
2983 4780 3275 4852 ποιήσομαι
3307 4780 3389 4853 (5)
3416 4780 3512 4837 τοῦ
3544 4780 3645 4835 σώ-

2091 4870 2256 4941 ματός
2292 4888 2414 4941 μου.

1366 4999 1672 5062 Addenda
1702 5007 1766 5064 et
1796 5004 2172 5082 corrigenda
2217 5023 2295 5067 ex
2326 5006 2467 5068 cod.
2499 5007 2699 5069 Vatic.

493 5150 1033 5237 (θὶβσέενηιιβιοο
1106 5219 1150 5237 ..
1436 5233 1446 5237 _

2084 5159 2547 5237 rén}y_&no_cﬁ§,
2578 5169 2709 5237 etc.,
2742 5163 3110 5237 ᾁπρτάξασθαι
3142 5166 3265 5237 μέν,
3298 5175 3427 5234 etc.,
3459 5167 3632 5237 ἐκδοῦ-

502 5219 578 5288 (2)
605 5219 679 5317 Ν.Ι
705 5219 942 5309 3.,οὑοδέ,
973 5233 1076 5317 etc.
1104 5219 1171 5317 1‘1.
1196 5222 1307 5287 4-6,
1331 5225 1840 5317 juxta'divisiopem
1868 5243 1989 5317 quae

2085 5230 2253 5317 vat‘aé
2274 5231 2461 5317 ἑαυτὸν
2484 5219 2608 5284 ἶλον
2641 5219 2719 5316 τῷ
2737 5219 3001 5317 sentiat
3029 5236 3093 5316 ἐν
3118 5219 3264 5317 ταῖς,
3294 5219 3640 5317 ete.:}o_mbi_i

419 5306 607 5360 supra,
634 5294 682 5345 εί
716 5293 812 5364 μὴ.
841 5293 938 5356 ὡς,
977 5292 1249 5362 θιο.,ἔχον
1281 5295 1672 5348 τεταπείνωται
1707 5296 1832 5360 ὑπό,
1854 5292 1938 5352 etc

362 5376 365 5379 ·
419 5363 734 5435 ἐταπείνουν
765 5364 955 5435 ἑαυτόν
990 5379 1161 5432 usque
1203 5364 1648 5435 ad_§t’)'{]pé6'='ch
1685 5382 1766 5418 σοι
1831 5365 1895 5422 Ν.
1931 5370 1938 5417 ε

2082 5299 2250 5352 ἀνιὼν
2282 5301 2595 5371 εὑρίσκεται
2623 5318 2635 5330 ⁸
2658 5292 2985 5375 ι’ῧσπεραπὸ
3000 5304 3094 5358 τοῦ
3112 5292 3639 5378 δωδεκάτούβαθμοῦ

2084 5369 2247 5423 ἀνιών
2281 5388 2366 5435 τις
2405 5371 2497 5423 ἐπὶ
2534 5372 2623 5426 τὸν
2660 5374 3101 5435 τρισκαιδέκατον
3143 5376 3469 5435 ὑψηλότερος
3507 5378 3639 5430 ἀνα-

420 5377 734 5414 εταπεινουν
765 5377 955 5416 εαυτον
990 5379 1161 5432 usqne
1203 5377 1269 5416 ait
1307 5377 1648 5435 ευηρεστησα
1685 5382 1766 5418 σοι
1832 5377 1895 5422 1V.
1931 5377 1984 5447 δ’.
2084 5377 2247 5423 ἀνιών
2281 5388 2366 5435 τις
2405 5377 2497 5423 ἐπὶ
2534 5377 2623 5426 τὸν
2660 5377 3101 5445 τρισκαιδέκατον
3143 5377 3469 5467 ὑψηλότερος
3507 5378 3639 5430 ἀνα-

420 5430 653 5521 Εένειτο,
671 5432 929 5521 Δοιιιᾼνλὼις
952 5436 1248 5521 ᾲτοίςζειςλ
1272 5432 1336 5487 Ν.
1366 5434 1418 5501 9,
1469 5435 1554 5489 10.
1598 5436 1665 5489 Ἠ
1701 5436 1862 5507 χάρις
1891 5454 1985 5490 του
2086 5441 2356 5521 φαείνεται,
2387 5440 2658 5521 οὕτω
2691 5438 2845 5508 οὗτος
2872 5446 2961 5498 ἐπὶ
2990 5445 3081 5500 τὸν
3117 5446 3336 5518 μείςονα
3361 5446 3640 5521 φωτισμὸν

420 5496 576 5585 Θεοῦ,
607 5510 751 5585 ςέο,
769 5502 862 5585 καὶ
890 5503 994 5582 ἓως
1030 5502 1122 5555 τοῦ
1155 5502 1367 5585 αίῶνος.
1405 5496 1414 5501 ⁷
1548 5574 1559 5585 _
1841 5496 1855 5500 ⁷
1892 5579 1903 5585 _
1962 5577 1973 5585 _
2079 5496 2403 5585 τοῦ-Κυρίου
2434 5496 2784 5585 ἀναϐέϐηκεν.

488 5569 574 5654 1'5)
621 5571 682 5654 LH
722 5571 811 5654 διὰ
854 5573 966 5654 Δτῇς.
998 5575 1368 5654 κινναὸαρεως
1406 5574 1670 5654 περιέχει,
1716 5583 1842 5639 etc.,
1879 5577 1987 5631 ἀπὸ
2153 5581 2226 5654 (ιι)
2262 5569 2523 5654 ἶΪπακοή.

423 5637 514 5688 τοῦ
541 5637 840 5692 δωδεκάτου
873 5637 1078 5711 βαθμοῦ
1121 5644 1212 5695 ἐπὶ
1232 5637 1333 5697 ’τὸν
1368 5637 1836 5714 τρισκαιδέκατον,
1864 5664 1984 5701 του·-
2156 5637 2231 5723 ίὸ)
2260 5637 2499 5723 Ποίησοᾶ
2518 5652 2651 5724 μετᾶ
2679 5652 2767 5706 τοῦ
2803 5653 3043 5724 σώματος
3076 5670 3198 5725 μου.
