3990 6208
323 313 458 368 1249
1150 345 1158 353 .
1228 304 1315 360 DE
1355 305 1629 363 TlTULlS
1668 305 1894 362 PSALM

1971 302 2124 361 lUM.
2156 331 2227 342 —
2260 300 2457 355 PSAL.
2490 300 2731 356 CXXXI.
3409 297 3547 355 1250

384 428 437 481 Α.
473 424 536 480 E!
565 425 906 496 άναὸήσομαι
928 425 1019 478 ἐπὶ
1044 423 1229 494 κλίνης
1262 423 1549 495 στρωμνῆς
1576 441 1703 494 μου.
1909 428 1955 483 Α

1619 441 1703 478 ου.
1909 428 1955 483 Α
2053 419 2103 472 4.
2149 415 2206 472 Si
2231 417 2526 473 ascendere
2557 417 2611 472 in
2657 416 2853 471 lectum
2882 415 3036 470 strati
3068 414 3195 473 mei.

388 518 443 574 5.
476 518 537 571 El
557 515 711 570 δώσω
745 514 909 570 ὕπνον
934 516 1044 579 τοῖς
1065 513 1359 584 ὀφθαλμοῖς
1395 531 1516 586 μου,

2051 508 2105 561 5.
2150 506 2205 560 Si
2236 506 2433 560 dedero
2469 520 2724 560 somnum
2762 505 2940 559 oculis
2969 504 3126 572 meis,

386 603 440 659 ϐ.
472 603 581 657 Kal.
602 605 713 666 τοῖς
737 601 1024 673 βλεφάροις
1054 619 1155 672 μου
1176 602 1504 673 νυσταγμδν,

2060 598 2112 653 6.
2154 597 2221 652 Ει
2268 597 2540 667 palpebris
2576 598 2712 653 meis
2745 596 3215 657 dormitationem.

390 693 442 749 7.
471 696 576 748 Καὶ
598 694 899 748 ἀνάπαυσιν
924 695 1035 757 τοῖς
1062 693 1351 764 κροτάφοις
1378 712 1477 766 μου
1511 736 1526 761 ,

1511 736 1526 761 ,
2056 697 2107 751 7.
2145 696 2212 749 Et
2250 694 2495 765 requiem
2528 695 2868 764 temporibus
2902 695 3059 750 meis.

390 784 593 849 8.Ἔως
623 780 682 839 οὗ
701 784 845 855 εὕρω
872 785 1034 838 τόπον
1069 783 1145 856 τῷ
1173 786 1392 858 Κυρίῳ,

2054 787 2109 843 8.
2149 786 2334 842 Donec
2368 787 2638 842 inveniam
2671 788 2852 842 locum
2890 787 3144 852 Domino,

388 876 442 931 9.
476 877 746 947 Σκήνωμα
773 874 851 945 τῷ
884 874 1002 945 Θεῷ
1040 874 1251 930 Ἰακώϐ.

2061 881 2115 935 9.
2160 879 2594 935 Tabernaculum
2630 878 2742 935 Deo
2765 878 2953 934 Jacob.

397 968 484 1023 10.
504 968 633 1022 Ἰδοὺ
660 968 969 1038 ἠκούσαμεν
997 969 1165 1040 αὐτὴν
1196 971 1252 1022 ὲν
1290 969 1533 1041 Ἐφραθά
1554 987 1567 999 ·

2056 970 2141 1025 10.
2181 969 2319 1025 Ecce
2345 971 2653 1024 audivimus
2681 986 2798 1024 eam
2833 970 2885 1023 in
2919 967 3194 1039 Ephratha
3226 984 3238 997 ·

395 1061 482 1117 11.
515 1060 758 1131 Εὖρομεν
792 1061 958 1132 αὐτὴν
986 1063 1042 1115 ὲν
1072 1063 1185 1125 τοῖς
1229 1060 1432 1126 πεδίοις
1460 1060 1554 1115 τοῦ
1584 1059 1812 1134 δρυμοῦ.

1610 1059 1812 1134 ῐρυμοῦ.
2054 1061 2139 1114 il.
2182 1059 2495 1114 Invenimus
2533 1075 2652 1113 eam
2682 1060 2735 1113 in
2773 1061 2981 1130 campis
3016 1060 3186 1116 silvae.

392 1150 481 1207 12.
509 1151 940 1224 Είσελευσὸμεθα
973 1155 1053 1216 είς
1080 1153 1148 1208 τά
1176 1155 1508 1226 σκηνώματα
1541 1132 1703 1209 αὑτοῦ
1726 1170 1739 1183 ⁸

1602 1132 1703 1208 ego»:
1726 1170 1739 1183 -
2057 1150 2142 1203 12.
2176 1148 2524 1204 lntroibimus
2554 1150 2607 1203 in
2642 1132 2987 1206 tabernacula
3014 1150 3133 1220 ejus
3165 1167 3178 1203 :

393 1244 479 1299 15.
524 1245 976 1316 Προσκυνήσομεν
1018 1247 1096 1308 εἰς
1128 1244 1217 1298 τὸν
1246 1244 1429 1313 τόπον,
1469 1242 1530 1300 οὗ
1568 1246 1800 1316 ἔστησαν
1836 1249 1885 1302 οἱ

2058 1240 2145 1295 15.
2192 1240 2556 1296 Adorabimus
2594 1240 2652 1295 in
2705 1240 2861 1309 loco,
2922 1240 3015 1295 ubi
3070 1246 3334 1296 steterunt
3389 1238 3553 1309 pedes

268 1340 271 1347 ’
322 1335 483 1400 *πόδες
512 1334 699 1390 αὐτοῦ.

551 1334 699 1390 ύτοῦ.
1986 1333 2126 1403 ejus.

397 1429 484 1483 M.
527 1428 836 1500 Ἀνάστηθι,
866 1428 1060 1501 Κύριε,
1086 1430 1166 1493 είς
1191 1429 1286 1499 τὴν
1318 1429 1621 1485 ἀνάπαυσίν
1653 1446 1766 1495 σου,

1653 1446 1766 1495 σου,
2058 1424 2145 1478 14.
2177 1422 2366 1495 Surge,
2399 1422 2646 1492 Domine,
2678 1424 2731 1479 in
2763 1424 3002 1495 requiem
3033 1433 3201 1489 tuam,

395 1516 483 1572 15.
510 1518 583 1572 Σὺ
612 1519 704 1572 καὶ
734 1520 766 1589 ἡ
797 1517 1026 1582 κιϐωτὸς
1054 1517 1147 1571 τοῦ
1178 1518 1516 1589 άγιάσματὸς
1546 1536 1660 1572 σου.

1555 1536 1660 1572 σου.
2065 1519 2151 1572 15.
2191 1517 2270 1571 Tu
2298 1528 2350 1573 et
2375 1534 2500 1573 arca
2530 1518 2976 1574 sanctiﬁcationis
3007 1526 3131 1572 true.

395 1608 482 1663 16.
511 1610 573 1663 Οἱ
610 1612 775 1679 ἱερεῖς
805 1626 897 1663 σου
925 1610 1230 1664 ἐνδύσονται
1256 1610 1620 1680 δικαιοσύνην,

2059 1609 2148 1663 16.
2187 1606 2507 1664 Sacerdotes
2541 1609 2615 1662 lui
2642 1608 2933 1662 induentur
2960 1608 3247 1677 justitiam,

395 1699 484 1755 17.
513 1701 622 1754 Καὶ
662 1702 711 1754 οἱ
757 1701 891 1755 ὅσιοί
946 1719 1039 1756 σου
1084 1700 1497 1771 ἀγαλλιάσονται
1546 1700 1885 1773 [ἀγαλλιάσει

2064 1703 2148 1756 17.
2178 1701 2242 1756 Et
2270 1702 2443 1757 sancti
2471 1702 2546 1756 tui
2577 1702 2924 1757 exsultabunt
2956 1700 3342 1774 [exsultatione
3364 1698 3549 1757 exsul-

323 1789 782 1863 ἀγαλλιάσονται].

651 1789 782 1863 ται].
1919 1792 1960 1846 Β
1991 1792 2227 1865 tabunt].

396 1878 483 1933 18.
516 1880 738 1934 ’Ἕνεκεν
771 1880 936 1935 Δαϐιδ
964 1881 1057 1935 τοῦ
1087 1880 1272 1935 δούλου
1305 1898 1399 1936 σου

2066 1883 2152 1938 18.
2184 1882 2411 1954 Propter
2441 1882 2612 1939 David
2641 1900 2860 1941 servum
2891 1893 3043 1941 tuum

1434 2058 1805 2115 ATIIANASII
1843 2059 2432 2116 INTERPRETATIO.

395 2211 450 2268 1.
480 2213 542 2266 El
569 2213 643 2285 μὴ
677 2214 761 2266 ἐπ’
790 2212 864 2285 (1)
894 2212 1123 2284 ἐδάφους
1150 2212 1374 2268 ὖπνωσα
1391 2214 1484 2267 τοῦ
1513 2212 1723 2268 λοιποῦ.

2059 2216 2109 2273 1.
2147 2213 2261 2272 Nisi
2289 2216 2345 2271 in
2369 2215 2610 2271 futurum
2643 2216 2795 2271 humi
2830 2231 3083 2273 somnum
3126 2216 3376 2287 capiam:

395 2303 450 2368 5,
478 2303 528 2359 6.
561 2305 623 2357 Εί
659 2303 939 2373 παύσομαι
968 2303 1281 2375 ἀγρυπνῶν,
1315 2304 1406 2358 καὶ
1436 2306 1888 2378 προσευχόμενος,

2060 2307 2114 2372 5,
2142 2307 2197 2363 6.
2236 2307 2296 2362 Si
2330 2323 2619 2363 cessavero
2653 2308 2895 2379 vigilare,
2927 2316 2980 2363 et
3014 2324 3192 2375 orare,
3231 2317 3286 2363 et
3309 2307 3555 2363 meditari

327 2392 422 2448 καὶ
445 2389 682 2462 μελετῶν
712 2391 904 2452 νυκτὸς
931 2391 1023 2442 καὶ
1052 2389 1263 2462 ἡμέρας
1288 2392 1345 2443 ἐν
1384 2388 1462 2461 τῷ
1491 2391 1640 2462 νόμῳ
1670 2408 1782 2446 σου.

1140 2389 1263 2460 έρας
1288 2392 1345 2443 ἐν
1384 2388 1462 2461 τῷ
1491 2391 1640 2462 νόμῳ
1670 2408 1782 2446 σου.
1983 2396 2070 2452 die
2095 2412 2158 2452 ac
2183 2407 2340 2452 nocte
2375 2397 2428 2451 in
2463 2397 2577 2467 lege
2600 2406 2716 2452 tua.

400 2482 453 2537 7.
490 2484 599 2537 Kal
619 2485 667 2536 εἰ
692 2481 847 2536 δώσω
872 2481 1052 2536 ἄνεσιν
1079 2483 1145 2553 τῇ
1174 2481 1381 2554 διανοίᾳ
1404 2483 1502 2553 τῆς
1526 2483 1756 2554 καρδίας
1788 2501 1889 2555 μου

2057 2489 2110 2542 7.
2150 2487 2217 2543 Et
2271 2489 2317 2544 si
2367 2489 2567 2545 dedero
2621 2490 2866 2560 requiem
2923 2490 3089 2547 menti
3123 2489 3304 2545 cordis
3346 2490 3451 2544 mei
3504 2489 3558 2544 in

330 2574 459 2644 περὶ
476 2573 546 2627 τὰ
569 2573 817 2643 νοήματα
838 2572 947 2625 τῶν
979 2569 1228 2642 Γραφῶν.

1187 2588 1228 2630 ν.
1998 2578 2293 2648 Scripturis
2334 2581 2763 2650 perscrutandis.

403 2664 457 2729 8,
484 2664 538 2718 9.
571 2664 712 2727 Ἕως
740 2656 801 2717 οὗ
826 2662 915 2715 διά
948 2662 1047 2732 τῆς
1089 2661 1309 2733 χάριτος
1343 2660 1509 2715 αὑτοῦ
1557 2663 1891 2735 οἰκοδομήσω

2066 2670 2118 2737 8,
2150 2671 2202 2727 9.
2239 2670 2421 2727 Donec
2466 2671 2636 2741 gratia
2680 2680 2779 2726 tua»
2818 2671 3094 2727 aediﬁcabo
3139 2685 3226 2726 me
3276 2671 3453 2740 ipsum
3504 2670 3557 2724 in

329 2755 565 2827 ἐμαυτὸν
589 2751 735 2808 οἶκον
763 2753 840 2823 τῷ
868 2752 1072 2825 Κυρίῳ,
1099 2753 1193 2806 καὶ
1220 2754 1522 2807 ἀνάπαυσιν
1541 2752 1618 2823 τῷ
1644 2753 1763 2823 Θεῷ
1784 2753 1890 2807 ὑπ-

1996 2763 2216 2818 domum
2267 2762 2521 2829 Domino,
2555 2774 2608 2819 et
2657 2764 2901 2832 requiem
2935 2761 3048 2818 Deo
3095 2761 3557 2817 auscultationis:

327 2848 497 2918 ακοῆς
541 2846 616 2917 (2)
644 2862 656 2874 ·
704 2844 940 2916 εἴπαμεν
969 2844 1098 2916 γὰρ,
1143 2843 1357 2899 Ἰακὼϐ
1389 2843 1749 2917 ἑρμηνεύεται
1778 2848 1890 2899 ὑπ·

327 2936 505 3004 ακοή.

1998 2854 2236 2910 diximus
2267 2855 2413 2911 enim
2436 2855 2582 2926 quod
2603 2852 2771 2910 Iacob
2806 2855 3190 2925 interpretatur
3220 2852 3559 2919 auscultatio,

327 2954 483 2993 ακοη
491 2978 505 2990 .

402 3028 489 3084 10.
518 3028 647 3082 Ἰδοὺ
682 3026 997 3098 ἠκούσαμεν
1043 3026 1102 3079 ὲν
1149 3025 1485 3098 Εὑαγγελίῳ,
1517 3026 1599 3081 ὅτι
1641 3027 1778 3098 αὕτη
1815 3027 1890 3099 (5)

2064 3027 2151 3082 10.
2188 3027 2325 3084 Ecce
2349 3029 2660 3085 audivimus
2690 3030 2743 3084 in
2783 3028 3098 3100 Evangelia,
3148 3031 3294 3100 quod
3328 3032 3442 3086 haec
3479 3038 3561 3085 est

330 3122 480 3179 ἐστὶν
510 3124 544 3194 ἡ
572 3121 876 3183 ἀνάπαυσις
916 3119 1010 3172 τοῦ
1050 3117 1220 3184 Θεοῦ,
1270 3118 1397 3171 ὅταν
1440 3134 1522 3182 τις
1568 3118 1791 3190 πωλήσῃ
1830 3117 1899 3171 τά

1995 3119 2209 3186 requies
2248 3118 2361 3181 Dei,
2392 3136 2515 3174 cum
2539 3122 2664 3189 quis
2696 3122 3000 3175 vendiderit
3029 3121 3215 3176 omnia
3250 3122 3389 3176 bona
3433 3135 3556 3189 sua,

332 3212 643 3284 ὑπάρχοντα
667 3210 849 3275 αὐτοῦ,
879 3210 976 3263 καὶ
1020 3206 1095 3279 δῷ
1124 3211 1377 3278 πτωχοῖς,
1408 3209 1502 3262 καὶ
1538 3208 1771 3281 ἀπέλθῃ,
1807 3209 1899 3261 καὶ

1995 3219 2051 3262 et
2074 3208 2282 3263 dederit
2328 3210 2675 3278 pauperibus,
2715 3219 2769 3265 et
2801 3210 3050 3273 abiverit,
3093 3218 3147 3263 et
3177 3209 3430 3263 omnibus
3475 3224 3558 3263 re-

332 3302 669 3375 ὰποτάξηται
693 3317 707 3330 ⁸
744 3302 1005 3370 Ἐφριιθὰ
1042 3299 1151 3371 γὰρ
1188 3299 1545 3371 ἑρμηνεύεται
1580 3298 1897 3370 παραδιδόν-

1998 3302 2361 3356 nuntiaverit:
2390 3300 2663 3363 Epitratha
2689 3305 2831 3356 enim
2864 3302 3250 3369 interpretatur
3271 3301 3338 3356 de
3366 3317 3454 3363 eo,
3471 3301 3560 3372 qui

334 3410 423 3457 τος
447 3392 876 3461 καρποφορίαν.

1998 3391 2199 3461 prabet
2220 3390 2489 3460 fructuum
2518 3390 2824 3443 ubertatem.

408 3486 496 3541 11.
523 3483 769 3556 Εὖρομεν
808 3483 883 3549 (4)
929 3483 1027 3554 τὴν
1075 3481 1379 3538 ἀνάπαυσιν
1429 3482 1631 3554 ταύτην
1682 3485 1762 3547 εἰς
1804 3482 1901 3555 τὴν

2071 3481 2154 3536 11.
2193 3479 2503 3536 Invenimus
2539 3481 2782 3550 requiem
2825 3480 2965 3535 hanc
2997 3481 3052 3536 in
3108 3495 3312 3547 eremo,
3359 3480 3449 3535 ubi
3482 3490 3565 3537 est

333 3578 562 3651 ἔρημον,
595 3576 724 3629 ἔνθα
755 3575 814 3629 τὸ
841 3574 1042 3644 πλῆθός
1085 3576 1199 3628 ἐστι
1233 3574 1341 3628 τῶν
1373 3574 1581 3645 ἀνδρῶν
1607 3573 1714 3627 τῶν
1748 3575 1898 3644 ἐχὸνο

2001 3572 2294 3626 multitudo
2324 3572 2567 3626 virorum
2615 3572 2935 3626 habentium
2980 3572 3144 3628 corda
3192 3588 3290 3627 sua
3329 3587 3565 3642 expansa

334 3685 444 3722 των
467 3665 793 3739 ήπλωμένας
817 3665 915 3728 τὰς
958 3664 1179 3736 καρδίας
1225 3664 1361 3735 πρὸς
1390 3664 1480 3717 τὸν
1521 3664 1680 3719 Θεόν·
1712 3664 1866 3737 δῆλον
1885 3705 1901 3731 ,

2003 3662 2069 3716 ad
2109 3664 2272 3717 Deum
2322 3661 2693 3731 (manifestum
2733 3670 2850 3727 est,
2884 3662 3032 3733 quod
3070 3663 3367 3718 monachos
3392 3662 3565 3733 signi-

334 3761 463 3824 τοὺς
498 3759 764 3832 μοναχοὺς
791 3757 960 3825 λέγει.
1561 3766 1572 3777 ’

596 3759 764 3830 ναχοὺς
791 3757 960 3825 λέγει.
1561 3766 1572 3777 ’
2005 3753 2172 3819 licet).

410 3851 498 3905 12.
530 3849 962 3921 Εἰσελευσόμεθα
988 3851 1067 3913 είς
1083 3848 1152 3902 τὰ
1175 3848 1507 3920 μοναστήρια
1534 3847 1668 3917 πρὸς
1693 3846 1753 3900 τὸ
1776 3847 1909 3899 ἁπο-

2078 3844 2165 3898 12.
2198 3842 2546 3898 lntroibimus
2589 3857 2646 3897 tn
2678 3844 3010 3899 monasteria
3048 3844 3115 3899 ad
3148 3845 3564 3901 renuntiandum

338 3945 620 4013 τάξασθαι.

2007 3936 2220 3989 mundo.

415 4038 501 4093 15.
555 4036 657 4090 Τὸν
720 4034 949 4107 σταυρὸν
1006 4032 1168 4087 αὐτοῦ
1227 4032 1674 4103 προσκυνήσομεν
1703 4070 1718 4095 ,
1782 4028 1911 4083 ἔνθα

2082 4028 2168 4082 15.
2202 4026 2431 4082 Crucem
2477 4027 2595 4098 ejus
2623 4027 3009 4095 adorabimus,
3057 4030 3147 4085 ubi
3193 4030 3392 4085 confixi
3440 4043 3566 4089 sunt

342 4130 628 4201 ἑπάγησαν
656 4131 702 4182 οἱ
731 4128 884 4191 πόδες
908 4126 1092 4180 αὐτοῦ.

761 4128 884 4191 πόδες
908 4126 1092 4180 αὐτοῦ.
2008 4120 2172 4191 pedes
2200 4119 2337 4189 ejus.

415 4222 502 4276 M.
535 4219 929 4293 Προσεύχονται
966 4218 1013 4271 οἱ
1048 4216 1336 4288 ἡγούμενοι
1365 4215 1504 4287 ὑπὲρ
1530 4214 1638 4269 τῶν
1673 4215 1909 4269 ἀποτασκ
1942 4284 1977 4293 __

2083 4213 2168 4267 M.
2207 4212 2377 4266 Orant
2422 4212 2679 4282 praesides
2730 4214 3121 4269 monachorum
3170 4229 3269 4284 pro
3327 4213 3431 4282 iis,
3477 4217 3570 4286 qui

346 4284 607 4385 σομένων,
657 4284 934 4379 λέγοντεςο
977 4284 1152 4372 Ἐλθὲ,
1191 4284 1393 4378 Κύριε,
1441 4284 1520 4370 εἷς
1561 4306 1657 4377 τὴν
1684 4305 1908 4377 καρδίαν

2013 4306 2206 4360 mundo
2252 4307 2660 4370 renuntiarunt,
2697 4305 2938 4361 dicentes
2981 4322 2994 4358 :
3028 4305 3195 4367 Veni,
3234 4306 3479 4375 Domine,
3518 4309 3571 4362 in

342 4407 548 4462 τούτων
569 4404 675 4458 τῶν
701 4403 798 4474 τὴν
826 4401 1127 4456 άνάπαυσίν
1151 4418 1245 4454 σου
1275 4400 1566 4453 τελούντων
1600 4399 1703 4470 (5).

1666 4402 1703 4464 ).
2012 4414 2107 4455 cor
2138 4400 2387 4461 istorum,
2418 4397 2509 4469 qui
2538 4396 2778 4467 requiem
2811 4405 2956 4451 tuam
2981 4396 3234 4451 eﬂiciunt.

419 4496 508 4552 15.
540 4496 612 4549 Σὺ
645 4494 786 4560 ἐλθὲ,
820 4492 913 4546 καὶ
941 4494 974 4564 ἡ
1007 4492 1162 4563 χάρις
1190 4507 1293 4559 ,σου
1330 4491 1425 4544 σὺν
1465 4492 1577 4552 τοῖς
1614 4487 1790 4558 ἁγίοις
1820 4504 1914 4539 σου

2086 4488 2171 4542 15.
2206 4486 2339 4542 Veni
2374 4495 2465 4551 tu,
2509 4497 2562 4541 et
2594 4487 2765 4556 gratia
2799 4497 2889 4542 tua
2921 4502 3046 4542 cum
3086 4488 3341 4543 omnibus
3373 4488 3576 4544 sanctis

348 4590 536 4644 πᾶσιν.
2013 4580 2141 4634 tuis.

422 4679 508 4733 16.
551 4678 739 4749 Ἡμεῖς
770 4678 819 4730 οί
870 4677 1032 4748 ἱερεῖς
1065 4691 1158 4728 σου
1206 4670 1538 4743 ὲνδυσόμεθα
1577 4670 1654 4743 (6)
1697 4669 1787 4725 διὰ
1819 4670 1918 4741 τῆς

2086 4672 2176 4727 16.
2205 4670 2316 4728 Nos
2345 4672 2657 4728 sacerdotes
2705 4671 2782 4727 tui
2813 4670 3103 4726 induemur
3141 4687 3238 4742 per
3272 4672 3577 4727 doctrinam

349 4772 693 4837 διδασκαλίας
722 4771 941 4835 τούτους
959 4771 1085 4833 τοὺς
1105 4770 1202 4840 τῆς
1232 4767 1575 4837 δικαιοσύνης
1607 4765 1776 4828 υίούς.

2062 4765 2105 4819 is
2124 4764 2346 4835 justitiae
2371 4765 2516 4819 filiis.
3629 4748 3633 4753 ’

424 4865 512 4919 17.
544 4865 653 4919 Kal.
696 4864 895 4927 πάντες
930 4864 977 4916 οἱ
1006 4860 1224 4931 ἄγγελοί
1257 4876 1353 4913 σου
1383 4858 1479 4913 καὶ
1515 4859 1661 4912 πᾶσα
1696 4859 1728 4927 η
1762 4855 1916 4909 ἁδελ-

2092 4855 2178 4909 17.
2207 4854 2275 4909 Et
2320 4870 2510 4909 omnes
2558 4854 2732 4924 angeli
2783 4855 2882 4921 tui,
2937 4865 2992 4909 et
3037 4855 3215 4909 omnis
3268 4852 3578 4907 fraternitas

353 4958 525 5030 φότης
569 4957 979 5026 άγαλλιάσονται
1014 4955 1107 5008 ἐπὶ
1148 4956 1215 5025 τῇ
1258 4953 1507 5023 άποταγῇ
1558 4948 1763 5003 τούτων
1811 4946 1919 5001 τῶν

2015 4946 2364 5001 exsultabunt
2390 4946 2443 4999 in
2474 4947 2872 5002 renuntiationc
2898 4964 2987 5002 seu
3006 4946 3329 5017 professione
3361 4943 3577 5011 borum,

354 5048 745 5120 προελθόντων.

2018 5037 2110 5108 qui
2144 5038 2211 5090 ad
2242 5038 2587 5092 monasticam
2619 5039 2779 5092 vitam
2808 5046 3087 5093 venerunt.

428 5138 515 5195 18.
561 5138 658 5193 Διὰ
702 5138 794 5191 τὸν
820 5134 994 5209 ,χορὸν
1038 5136 1126 5190 τὸν
1167 5136 1544 5209 πεπυθημὲνον
1595 5134 1703 5188 τῶν
1754 5131 1922 5202 ἁγίων

2022 5197 2029 5201 _
2090 5129 2176 5183 18.
2210 5128 2435 5199 Propter
2466 5131 2696 5185 chorum
2727 5130 3089 5185 desideratum
3119 5134 3431 5183 sanctorum
3466 5135 3563 5182 tuo

358 5246 456 5284 σου
474 5245 490 5260 ο
518 5228 695 5284 Δαϐὶδ
719 5228 827 5301 γὰρ
859 5227 1216 5301 ἑρμηνεύεται
1245 5225 1675 5298 πεποθημένος.

2020 5236 2142 5275 rum
2177 5237 2192 5275 :
2226 5218 2394 5272 David
2421 5222 2563 5275 enim
2596 5221 2980 5291 interpretatur
3007 5220 3354 5272 desideratus.

1301 5362 1603 5425 Addenda
1634 5370 1696 5422 et
1742 5356 2116 5436 corrigenda
2153 5372 2231 5417 ex
2263 5354 2404 5416 cod.
2437 5354 2640 5416 Vatic.

432 5496 509 5568 (1)
547 5494 666 5549 Ἐπ’
696 5495 866 5549 deest.
1996 5489 2128 5539 etc.
2218 5550 2231 5568 ς
2451 5550 2463 5566 ο

436 5564 951 5638 (ἓ)’1ξῆςύπακοῆς’
979 5559 1211 5633 εἴπαμεν
1235 5559 1466 5638 γάριὸτι
1491 5554 1710 5621 Ἰακώϐ,
1733 5562 1870 5617 etc.:
2212 5550 2626 5638 Ξκξελρυντῳν.
2650 5618 2759 5638 Λμ
2814 5636 2826 5638 _
2864 5618 2889 5638 θ
2956 5634 2980 5638 _
3037 5617 3063 5638 .
3122 5618 3198 5638 ﬂ.
3228 5634 3243 5638 _
3281 5615 3335 5638 Δ

539 5613 918 5708 ᾗξιέιῦ-ὲῆῖέίὸῖ
988 5613 995 5614 ί
1039 5613 1127 5708 λ’
1166 5613 1169 5614 ν
1217 5613 1278 5708 δ’
1481 5699 1497 5708 _
1631 5695 1649 5708 Ι
1698 5613 1708 5621 ’
1841 5613 1868 5708 ’⁷
2085 5613 2572 5708 ᾗϐλᾚνδυσόμεθα
2611 5618 2828 5685 τούτους
2860 5618 2907 5673 δ.
2949 5634 3001 5673 τ.
3033 5617 3080 5673 δ.
3119 5618 3244 5684 τοὺς
3278 5615 3383 5689 τῆς
3407 5614 3454 5672 δ.
3482 5613 3580 5670 αύ-

544 5690 818 5777 Εύραμέν,
846 5713 972 5769 etc.,
1017 5697 1151 5771 πρὸς
1184 5700 1274 5755 τὸν
1304 5698 1455 5780 Θεὸν,
1477 5695 1742 5752 ’τουτέστι
1765 5694 1910 5760 τούς,
2022 5690 2113 5746 τοῦ
2146 5690 2324 5777 υἱούς.⁴
