  <div class='ocr_page' id='page_1' title='image "/cluster/home/n/w/nwhite01/storage/ocr_20150623/27/mdp.39015007065769/645.png"; bbox 0 0 3990 6208; ppageno 0'>
   <div class='ocr_carea' id='block_1_1' title="bbox 418 347 1994 420">
    <p class='ocr_par' dir='ltr' id='par_1_1' title="bbox 418 350 1974 420">
     <span class='ocr_line' id='line_1_1' title="bbox 418 350 1974 420; baseline -0.001 -7"><span class='ocrx_word' id='word_1_1' title='bbox 418 353 601 420; x_wconf 67' lang='grc'><strong>.,,1251</strong></span> <span class='ocrx_word' id='word_1_2' title='bbox 948 369 952 375; x_wconf 92' lang='grc'><strong>·</strong></span> <span class='ocrx_word' id='word_1_3' title='bbox 1315 355 1373 411; x_wconf 84' lang='lat' dir='ltr'><strong>S.</strong></span> <span class='ocrx_word' id='word_1_4' title='bbox 1411 350 1781 410; x_wconf 78' lang='lat' dir='ltr'><strong>ATHANASII</strong></span> <span class='ocrx_word' id='word_1_5' title='bbox 1823 355 1974 412; x_wconf 83' lang='lat' dir='ltr'><strong>OPP.</strong></span> 
     </span>
    </p>
   </div>
   <div class='ocr_carea' id='block_1_2' title="bbox 2120 347 3696 420">
    <p class='ocr_par' dir='ltr' id='par_1_2' title="bbox 2120 347 3696 412">
     <span class='ocr_line' id='line_1_2' title="bbox 2120 347 3696 412; baseline -0.006 -1"><span class='ocrx_word' id='word_1_6' title='bbox 2120 356 2193 412; x_wconf 75' lang='lat' dir='ltr'><strong>RS</strong></span> <span class='ocrx_word' id='word_1_7' title='bbox 2232 355 2318 412; x_wconf 83' lang='lat' dir='ltr'><strong>HI.</strong></span> <span class='ocrx_word' id='word_1_8' title='bbox 2360 388 2428 398; x_wconf 98' lang='lat'><strong>—</strong></span> <span class='ocrx_word' id='word_1_9' title='bbox 2467 351 2872 412; x_wconf 72' lang='lat' dir='ltr'><strong>EXEGETICA.</strong></span> <span class='ocrx_word' id='word_1_10' title='bbox 3557 347 3696 402; x_wconf 82' lang='grc'><strong>1252</strong></span> 
     </span>
    </p>
   </div>
   <div class='ocr_carea' id='block_1_3' title="bbox 535 463 2111 561">
    <p class='ocr_par' dir='ltr' id='par_1_3' title="bbox 535 480 2100 561">
     <span class='ocr_line' id='line_1_3' title="bbox 535 480 2100 561; baseline 0.001 -24"><span class='ocrx_word' id='word_1_11' title='bbox 535 483 621 539; x_wconf 82' lang='grc'><strong>19.</strong></span> <span class='ocrx_word' id='word_1_12' title='bbox 652 480 774 561; x_wconf 64' lang='grc' dir='ltr'>ῌοιι</span> <span class='ocrx_word' id='word_1_13' title='bbox 805 493 1018 537; x_wconf 73' lang='lat' dir='ltr'><strong>avertas</strong></span> <span class='ocrx_word' id='word_1_14' title='bbox 1047 481 1240 536; x_wconf 81' lang='lat' dir='ltr'><strong>faciem</strong></span> <span class='ocrx_word' id='word_1_15' title='bbox 1268 481 1470 536; x_wconf 89' lang='lat' dir='ltr'><strong>Christi</strong></span> <span class='ocrx_word' id='word_1_16' title='bbox 1501 485 1606 540; x_wconf 91' lang='lat' dir='ltr'><strong>tui.</strong></span> <span class='ocrx_word' id='word_1_17' title='bbox 2053 490 2100 545; x_wconf 78' lang='grc' dir='ltr'><strong>Α</strong></span> 
     </span>
    </p>
   </div>
   <div class='ocr_carea' id='block_1_4' title="bbox 2115 463 3691 561">
    <p class='ocr_par' dir='ltr' id='par_1_4' title="bbox 2197 463 3691 554">
     <span class='ocr_line' id='line_1_4' title="bbox 2197 463 3691 554; baseline -0.012 -16"><span class='ocrx_word' id='word_1_18' title='bbox 2197 482 2283 537; x_wconf 95' lang='grc'><strong>19.</strong></span> <span class='ocrx_word' id='word_1_19' title='bbox 2308 483 2398 554; x_wconf 82' lang='grc' dir='ltr'>Μὴ</span> <span class='ocrx_word' id='word_1_20' title='bbox 2424 479 2768 552; x_wconf 73' lang='grc' dir='ltr'><strong>ἀποστρέψῃς</strong></span> <span class='ocrx_word' id='word_1_21' title='bbox 2797 478 2856 531; x_wconf 85' lang='grc' dir='ltr'>τὺ</span> <span class='ocrx_word' id='word_1_22' title='bbox 2880 475 3168 547; x_wconf 84' lang='grc' dir='ltr'>πρόσωπον</span> <span class='ocrx_word' id='word_1_23' title='bbox 3189 463 3282 526; x_wconf 77' lang='grc' dir='ltr'>τοῦ</span> <span class='ocrx_word' id='word_1_24' title='bbox 3307 463 3546 542; x_wconf 78' lang='grc' dir='ltr'>Χριστοῦ</span> <span class='ocrx_word' id='word_1_25' title='bbox 3577 484 3691 521; x_wconf 67' lang='grc' dir='ltr'>σοιν.</span> 
     </span>
    </p>
   </div>
   <div class='ocr_carea' id='block_1_5' title="bbox 532 563 2108 644">
    <p class='ocr_par' dir='ltr' id='par_1_5' title="bbox 532 573 1678 639">
     <span class='ocr_line' id='line_1_5' title="bbox 532 573 1678 639; baseline -0.001 -9"><span class='ocrx_word' id='word_1_26' title='bbox 532 574 623 630; x_wconf 87' lang='grc'><strong>20.</strong></span> <span class='ocrx_word' id='word_1_27' title='bbox 650 574 863 630; x_wconf 77' lang='lat' dir='ltr'><strong>Juravit</strong></span> <span class='ocrx_word' id='word_1_28' title='bbox 887 575 1148 630; x_wconf 90' lang='lat' dir='ltr'><strong>Dominus</strong></span> <span class='ocrx_word' id='word_1_29' title='bbox 1175 573 1342 629; x_wconf 85' lang='lat' dir='ltr'><strong>David</strong></span> <span class='ocrx_word' id='word_1_30' title='bbox 1373 575 1678 639; x_wconf 87' lang='lat' dir='ltr'><strong>veritatem,</strong></span> 
     </span>
    </p>
   </div>
   <div class='ocr_carea' id='block_1_6' title="bbox 1781 563 3357 644">
    <p class='ocr_par' dir='ltr' id='par_1_6' title="bbox 2206 563 3357 644">
     <span class='ocr_line' id='line_1_6' title="bbox 2206 563 3357 644; baseline -0.01 -17"><span class='ocrx_word' id='word_1_31' title='bbox 2206 573 2295 628; x_wconf 89' lang='lat'><strong>20.</strong></span> <span class='ocrx_word' id='word_1_32' title='bbox 2327 576 2527 644; x_wconf 85' lang='grc' dir='ltr'>Ὢμοσε</span> <span class='ocrx_word' id='word_1_33' title='bbox 2562 572 2760 643; x_wconf 84' lang='grc' dir='ltr'>Κύριος</span> <span class='ocrx_word' id='word_1_34' title='bbox 2792 570 2868 640; x_wconf 82' lang='grc' dir='ltr'>τῷ</span> <span class='ocrx_word' id='word_1_35' title='bbox 2896 567 3055 621; x_wconf 69' lang='grc' dir='ltr'>Δαϐὶδ</span> <span class='ocrx_word' id='word_1_36' title='bbox 3083 563 3357 635; x_wconf 82' lang='grc' dir='ltr'>ἀλήθειαν,</span> 
     </span>
    </p>
   </div>
   <div class='ocr_carea' id='block_1_7' title="bbox 533 653 2109 746">
    <p class='ocr_par' dir='ltr' id='par_1_7' title="bbox 533 665 1646 746">
     <span class='ocr_line' id='line_1_7' title="bbox 533 665 1646 746; baseline 0.002 -27"><span class='ocrx_word' id='word_1_37' title='bbox 533 667 622 719; x_wconf 85' lang='grc'><strong>21.</strong></span> <span class='ocrx_word' id='word_1_38' title='bbox 652 666 724 746; x_wconf 59' lang='lat' dir='ltr'><strong>Et</strong></span> <span class='ocrx_word' id='word_1_39' title='bbox 753 682 858 720; x_wconf 90' lang='lat' dir='ltr'><strong>non</strong></span> <span class='ocrx_word' id='word_1_40' title='bbox 897 666 1246 721; x_wconf 79' lang='lat' dir='ltr'><strong>frustrabitur</strong></span> <span class='ocrx_word' id='word_1_41' title='bbox 1271 681 1390 720; x_wconf 92' lang='lat' dir='ltr'><strong>eam</strong></span> <span class='ocrx_word' id='word_1_42' title='bbox 1419 665 1592 739; x_wconf 91' lang='lat' dir='ltr'><strong>[eum]</strong></span> <span class='ocrx_word' id='word_1_43' title='bbox 1634 681 1646 721; x_wconf 88' lang='lat'><strong>:</strong></span> 
     </span>
    </p>
   </div>
   <div class='ocr_carea' id='block_1_8' title="bbox 2107 653 3683 746">
    <p class='ocr_par' dir='ltr' id='par_1_8' title="bbox 2204 653 3683 746">
     <span class='ocr_line' id='line_1_8' title="bbox 2204 653 3683 746; baseline -0.004 -29"><span class='ocrx_word' id='word_1_44' title='bbox 2204 665 2293 718; x_wconf 90' lang='grc'><strong>21.</strong></span> <span class='ocrx_word' id='word_1_45' title='bbox 2322 665 2430 716; x_wconf 78' lang='grc' dir='ltr'><strong>Καὶ</strong></span> <span class='ocrx_word' id='word_1_46' title='bbox 2459 664 2520 715; x_wconf 83' lang='grc' dir='ltr'>ού</span> <span class='ocrx_word' id='word_1_47' title='bbox 2551 663 2626 734; x_wconf 83' lang='grc' dir='ltr'>μὴ</span> <span class='ocrx_word' id='word_1_48' title='bbox 2651 662 2900 732; x_wconf 80' lang='grc' dir='ltr'>ἀθετήσει</span> <span class='ocrx_word' id='word_1_49' title='bbox 2927 659 3093 728; x_wconf 83' lang='grc' dir='ltr'>αὐτήν</span> <span class='ocrx_word' id='word_1_50' title='bbox 3121 653 3348 726; x_wconf 77' lang='grc' dir='ltr'><strong>[αὐτόν]⁴</strong></span> <span class='ocrx_word' id='word_1_51' title='bbox 3660 727 3683 746; x_wconf 76' lang='lat'>__</span> 
     </span>
    </p>
   </div>
   <div class='ocr_carea' id='block_1_9' title="bbox 535 739 2111 829">
    <p class='ocr_par' dir='ltr' id='par_1_9' title="bbox 535 739 2030 829">
     <span class='ocr_line' id='line_1_9' title="bbox 535 739 2030 829; baseline 0 -18"><span class='ocrx_word' id='word_1_52' title='bbox 535 758 626 811; x_wconf 88' lang='grc'><strong>22.</strong></span> <span class='ocrx_word' id='word_1_53' title='bbox 654 739 733 814; x_wconf 86' lang='lat' dir='ltr'><strong>De</strong></span> <span class='ocrx_word' id='word_1_54' title='bbox 781 758 958 811; x_wconf 81' lang='lat' dir='ltr'><strong>fructu</strong></span> <span class='ocrx_word' id='word_1_55' title='bbox 1011 760 1216 815; x_wconf 81' lang='lat' dir='ltr'><strong>ventris</strong></span> <span class='ocrx_word' id='word_1_56' title='bbox 1265 760 1344 813; x_wconf 90' lang='lat' dir='ltr'><strong>tui</strong></span> <span class='ocrx_word' id='word_1_57' title='bbox 1388 774 1587 829; x_wconf 89' lang='lat' dir='ltr'><strong>ponam</strong></span> <span class='ocrx_word' id='word_1_58' title='bbox 1638 773 1799 828; x_wconf 86' lang='lat' dir='ltr'><strong>super</strong></span> <span class='ocrx_word' id='word_1_59' title='bbox 1850 758 2030 814; x_wconf 85' lang='lat' dir='ltr'><strong>sedem</strong></span> 
     </span>
    </p>
   </div>
   <div class='ocr_carea' id='block_1_10' title="bbox 2112 739 3688 829">
    <p class='ocr_par' dir='ltr' id='par_1_10' title="bbox 2204 739 3688 825">
     <span class='ocr_line' id='line_1_10' title="bbox 2204 739 3688 825; baseline -0.011 -15"><span class='ocrx_word' id='word_1_60' title='bbox 2204 757 2293 810; x_wconf 90' lang='grc'><strong>22.</strong></span> <span class='ocrx_word' id='word_1_61' title='bbox 2338 758 2430 809; x_wconf 86' lang='grc' dir='ltr'>Ἐκ</span> <span class='ocrx_word' id='word_1_62' title='bbox 2459 754 2668 825; x_wconf 79' lang='grc' dir='ltr'>καρποῦ</span> <span class='ocrx_word' id='word_1_63' title='bbox 2712 753 2811 823; x_wconf 84' lang='grc' dir='ltr'>τῆς</span> <span class='ocrx_word' id='word_1_64' title='bbox 2851 751 3055 813; x_wconf 83' lang='grc' dir='ltr'>κοιλίας</span> <span class='ocrx_word' id='word_1_65' title='bbox 3091 764 3183 801; x_wconf 81' lang='grc' dir='ltr'>σου</span> <span class='ocrx_word' id='word_1_66' title='bbox 3215 746 3446 818; x_wconf 83' lang='grc' dir='ltr'><strong>θήσομαι</strong></span> <span class='ocrx_word' id='word_1_67' title='bbox 3476 741 3568 796; x_wconf 79' lang='grc' dir='ltr'><strong>ἐπὶ</strong></span> <span class='ocrx_word' id='word_1_68' title='bbox 3597 739 3688 794; x_wconf 81' lang='grc' dir='ltr'><strong>τοῦ</strong></span> 
     </span>
    </p>
   </div>
   <div class='ocr_carea' id='block_1_11' title="bbox 466 849 2042 921">
    <p class='ocr_par' dir='ltr' id='par_1_11' title="bbox 466 856 638 904">
     <span class='ocr_line' id='line_1_11' title="bbox 466 856 638 904; baseline 0 0"><span class='ocrx_word' id='word_1_69' title='bbox 466 856 638 904; x_wconf 86' lang='lat' dir='ltr'><strong>tuam.</strong></span> 
     </span>
    </p>
   </div>
   <div class='ocr_carea' id='block_1_12' title="bbox 886 849 2462 921">
    <p class='ocr_par' dir='ltr' id='par_1_12' title="bbox 2139 849 2462 921">
     <span class='ocr_line' id='line_1_12' title="bbox 2139 849 2462 921; baseline -0.003 -19"><span class='ocrx_word' id='word_1_70' title='bbox 2139 849 2323 921; x_wconf 83' lang='grc' dir='ltr'><strong>Θρόνου</strong></span> <span class='ocrx_word' id='word_1_71' title='bbox 2351 867 2462 902; x_wconf 85' lang='grc' dir='ltr'>σου.</span> 
     </span>
    </p>
   </div>
   <div class='ocr_carea' id='block_1_13' title="bbox 534 927 2110 1007">
    <p class='ocr_par' dir='ltr' id='par_1_13' title="bbox 534 939 1990 1004">
     <span class='ocr_line' id='line_1_13' title="bbox 534 939 1990 1004; baseline -0.002 -9"><span class='ocrx_word' id='word_1_72' title='bbox 534 942 624 995; x_wconf 96' lang='grc'><strong>25.</strong></span> <span class='ocrx_word' id='word_1_73' title='bbox 657 939 713 994; x_wconf 91' lang='lat' dir='ltr'><strong>Si</strong></span> <span class='ocrx_word' id='word_1_74' title='bbox 743 939 1095 995; x_wconf 85' lang='lat' dir='ltr'><strong>custodierint</strong></span> <span class='ocrx_word' id='word_1_75' title='bbox 1132 939 1226 994; x_wconf 81' lang='lat' dir='ltr'><strong>lilii</strong></span> <span class='ocrx_word' id='word_1_76' title='bbox 1268 940 1345 994; x_wconf 86' lang='lat' dir='ltr'><strong>tui</strong></span> <span class='ocrx_word' id='word_1_77' title='bbox 1375 949 1756 994; x_wconf 89' lang='lat' dir='ltr'><strong>testamentum</strong></span> <span class='ocrx_word' id='word_1_78' title='bbox 1792 954 1990 1004; x_wconf 91' lang='lat' dir='ltr'><strong>meum,</strong></span> 
     </span>
    </p>
   </div>
   <div class='ocr_carea' id='block_1_14' title="bbox 2112 927 3688 1007">
    <p class='ocr_par' dir='ltr' id='par_1_14' title="bbox 2205 927 3688 1007">
     <span class='ocr_line' id='line_1_14' title="bbox 2205 927 3688 1007; baseline -0.012 -14"><span class='ocrx_word' id='word_1_79' title='bbox 2205 940 2293 993; x_wconf 86' lang='grc'><strong>25.</strong></span> <span class='ocrx_word' id='word_1_80' title='bbox 2328 939 2450 992; x_wconf 78' lang='grc' dir='ltr'><strong>Ἐὰν</strong></span> <span class='ocrx_word' id='word_1_81' title='bbox 2479 936 2813 1007; x_wconf 80' lang='grc' dir='ltr'><strong>φυλάξωνται</strong></span> <span class='ocrx_word' id='word_1_82' title='bbox 2833 936 2883 988; x_wconf 83' lang='grc' dir='ltr'><strong>οἱ</strong></span> <span class='ocrx_word' id='word_1_83' title='bbox 2907 933 3009 986; x_wconf 86' lang='grc' dir='ltr'>υἱοί</span> <span class='ocrx_word' id='word_1_84' title='bbox 3036 948 3127 984; x_wconf 87' lang='grc' dir='ltr'>σου</span> <span class='ocrx_word' id='word_1_85' title='bbox 3162 931 3258 1001; x_wconf 83' lang='grc' dir='ltr'><strong>τὴν</strong></span> <span class='ocrx_word' id='word_1_86' title='bbox 3282 927 3541 997; x_wconf 78' lang='grc' dir='ltr'><strong>διαθήκην</strong></span> <span class='ocrx_word' id='word_1_87' title='bbox 3571 941 3688 994; x_wconf 79' lang='grc' dir='ltr'>μου,</span> 
     </span>
    </p>
   </div>
   <div class='ocr_carea' id='block_1_15' title="bbox 534 1013 2110 1102">
    <p class='ocr_par' dir='ltr' id='par_1_15' title="bbox 534 1032 1902 1102">
     <span class='ocr_line' id='line_1_15' title="bbox 534 1032 1902 1102; baseline 0 -16"><span class='ocrx_word' id='word_1_88' title='bbox 534 1034 624 1088; x_wconf 71' lang='grc'><strong>24.</strong></span> <span class='ocrx_word' id='word_1_89' title='bbox 657 1032 722 1086; x_wconf 85' lang='grc' dir='ltr'>Ει</span> <span class='ocrx_word' id='word_1_90' title='bbox 752 1033 1060 1087; x_wconf 89' lang='lat' dir='ltr'><strong>testimonia</strong></span> <span class='ocrx_word' id='word_1_91' title='bbox 1091 1048 1209 1086; x_wconf 91' lang='lat' dir='ltr'><strong>mea</strong></span> <span class='ocrx_word' id='word_1_92' title='bbox 1240 1035 1379 1096; x_wconf 64' lang='lat' dir='ltr'><strong>haec,</strong></span> <span class='ocrx_word' id='word_1_93' title='bbox 1409 1048 1529 1102; x_wconf 70' lang='lat' dir='ltr'><strong>quae</strong></span> <span class='ocrx_word' id='word_1_94' title='bbox 1551 1033 1754 1086; x_wconf 88' lang='lat' dir='ltr'><strong>docebo</strong></span> <span class='ocrx_word' id='word_1_95' title='bbox 1787 1047 1902 1098; x_wconf 92' lang='lat' dir='ltr'><strong>eos,</strong></span> 
     </span>
    </p>
   </div>
   <div class='ocr_carea' id='block_1_16' title="bbox 2110 1013 3686 1102">
    <p class='ocr_par' dir='ltr' id='par_1_16' title="bbox 2203 1013 3686 1098">
     <span class='ocr_line' id='line_1_16' title="bbox 2203 1013 3686 1098; baseline -0.013 -15"><span class='ocrx_word' id='word_1_96' title='bbox 2203 1029 2293 1083; x_wconf 73' lang='grc'><strong>24.</strong></span> <span class='ocrx_word' id='word_1_97' title='bbox 2325 1029 2432 1082; x_wconf 76' lang='lat' dir='ltr'><strong>Kal.</strong></span> <span class='ocrx_word' id='word_1_98' title='bbox 2455 1028 2520 1080; x_wconf 84' lang='grc' dir='ltr'>τὰ</span> <span class='ocrx_word' id='word_1_99' title='bbox 2555 1024 2826 1098; x_wconf 85' lang='grc' dir='ltr'>μαρτύριά</span> <span class='ocrx_word' id='word_1_100' title='bbox 2859 1041 2956 1094; x_wconf 80' lang='grc' dir='ltr'>μου</span> <span class='ocrx_word' id='word_1_101' title='bbox 2988 1021 3178 1081; x_wconf 77' lang='grc' dir='ltr'>ταῦτα,</span> <span class='ocrx_word' id='word_1_102' title='bbox 3203 1019 3237 1073; x_wconf 78' lang='grc' dir='ltr'><strong>ἆ</strong></span> <span class='ocrx_word' id='word_1_103' title='bbox 3259 1015 3450 1080; x_wconf 80' lang='grc' dir='ltr'><strong>διδάξω</strong></span> <span class='ocrx_word' id='word_1_104' title='bbox 3478 1013 3686 1073; x_wconf 76' lang='grc' dir='ltr'>αὐτοὺς,</span> 
     </span>
    </p>
   </div>
   <div class='ocr_carea' id='block_1_17' title="bbox 535 1102 2111 1192">
    <p class='ocr_par' dir='ltr' id='par_1_17' title="bbox 535 1122 2032 1192">
     <span class='ocr_line' id='line_1_17' title="bbox 535 1122 2032 1192; baseline -0.001 -16"><span class='ocrx_word' id='word_1_105' title='bbox 535 1123 625 1179; x_wconf 79' lang='grc'><strong>25.</strong></span> <span class='ocrx_word' id='word_1_106' title='bbox 660 1123 726 1178; x_wconf 88' lang='grc' dir='ltr'>Ει</span> <span class='ocrx_word' id='word_1_107' title='bbox 767 1123 861 1178; x_wconf 85' lang='lat' dir='ltr'><strong>lilii</strong></span> <span class='ocrx_word' id='word_1_108' title='bbox 908 1139 1099 1178; x_wconf 89' lang='lat' dir='ltr'><strong>eorum</strong></span> <span class='ocrx_word' id='word_1_109' title='bbox 1145 1138 1320 1192; x_wconf 89' lang='lat' dir='ltr'><strong>usque</strong></span> <span class='ocrx_word' id='word_1_110' title='bbox 1367 1123 1420 1176; x_wconf 92' lang='lat' dir='ltr'><strong>in</strong></span> <span class='ocrx_word' id='word_1_111' title='bbox 1473 1123 1730 1178; x_wconf 69' lang='lat' dir='ltr'><strong>saeculum</strong></span> <span class='ocrx_word' id='word_1_112' title='bbox 1771 1122 2032 1178; x_wconf 89' lang='lat' dir='ltr'><strong>sedebunt</strong></span> 
     </span>
    </p>
   </div>
   <div class='ocr_carea' id='block_1_18' title="bbox 2112 1102 3688 1192">
    <p class='ocr_par' dir='ltr' id='par_1_18' title="bbox 2205 1102 3688 1174">
     <span class='ocr_line' id='line_1_18' title="bbox 2205 1102 3688 1174; baseline -0.011 -6"><span class='ocrx_word' id='word_1_113' title='bbox 2205 1111 2292 1170; x_wconf 83' lang='lat'><strong>25.</strong></span> <span class='ocrx_word' id='word_1_114' title='bbox 2325 1115 2434 1167; x_wconf 78' lang='grc' dir='ltr'><strong>Καὶ</strong></span> <span class='ocrx_word' id='word_1_115' title='bbox 2475 1117 2523 1167; x_wconf 84' lang='grc' dir='ltr'>οἱ</span> <span class='ocrx_word' id='word_1_116' title='bbox 2565 1116 2670 1167; x_wconf 74' lang='grc' dir='ltr'>υἱοὶ</span> <span class='ocrx_word' id='word_1_117' title='bbox 2694 1111 2870 1166; x_wconf 77' lang='grc' dir='ltr'>αὐτῶν</span> <span class='ocrx_word' id='word_1_118' title='bbox 2897 1112 3000 1174; x_wconf 74' lang='grc' dir='ltr'><strong>ἕως</strong></span> <span class='ocrx_word' id='word_1_119' title='bbox 3032 1107 3125 1162; x_wconf 75' lang='grc' dir='ltr'>τοῦ</span> <span class='ocrx_word' id='word_1_120' title='bbox 3157 1107 3348 1168; x_wconf 80' lang='grc' dir='ltr'>αἰῶνος</span> <span class='ocrx_word' id='word_1_121' title='bbox 3379 1102 3688 1158; x_wconf 80' lang='grc' dir='ltr'>καθιοῦνται</span> 
     </span>
    </p>
   </div>
   <div class='ocr_carea' id='block_1_19' title="bbox 465 1204 2041 1284">
    <p class='ocr_par' dir='ltr' id='par_1_19' title="bbox 465 1214 1042 1284">
     <span class='ocr_line' id='line_1_19' title="bbox 465 1214 1042 1284; baseline -0.003 -15"><span class='ocrx_word' id='word_1_122' title='bbox 465 1230 628 1284; x_wconf 86' lang='lat' dir='ltr'><strong>super</strong></span> <span class='ocrx_word' id='word_1_123' title='bbox 657 1214 836 1269; x_wconf 88' lang='lat' dir='ltr'><strong>sedem</strong></span> <span class='ocrx_word' id='word_1_124' title='bbox 871 1223 1042 1268; x_wconf 89' lang='lat' dir='ltr'><strong>tuam.</strong></span> 
     </span>
    </p>
   </div>
   <div class='ocr_carea' id='block_1_20' title="bbox 1140 1204 2716 1284">
    <p class='ocr_par' dir='ltr' id='par_1_20' title="bbox 2043 1204 2716 1277">
     <span class='ocr_line' id='line_1_20' title="bbox 2043 1204 2716 1277; baseline -0.001 -20"><span class='ocrx_word' id='word_1_125' title='bbox 2043 1241 2048 1244; x_wconf 94' lang='lat'><strong><em>-</em></strong></span> <span class='ocrx_word' id='word_1_126' title='bbox 2136 1205 2228 1258; x_wconf 75' lang='grc' dir='ltr'><strong>ἐπὶ</strong></span> <span class='ocrx_word' id='word_1_127' title='bbox 2259 1204 2353 1258; x_wconf 83' lang='grc' dir='ltr'><strong>τοῦ</strong></span> <span class='ocrx_word' id='word_1_128' title='bbox 2379 1205 2566 1277; x_wconf 84' lang='grc' dir='ltr'><strong>Θρόνου</strong></span> <span class='ocrx_word' id='word_1_129' title='bbox 2603 1221 2716 1257; x_wconf 86' lang='grc' dir='ltr'>σου.</span> 
     </span>
    </p>
   </div>
   <div class='ocr_carea' id='block_1_21' title="bbox 534 1286 2110 1372">
    <p class='ocr_par' dir='ltr' id='par_1_21' title="bbox 534 1297 1611 1372">
     <span class='ocr_line' id='line_1_21' title="bbox 534 1297 1611 1372; baseline -0.007 -14"><span class='ocrx_word' id='word_1_130' title='bbox 534 1304 623 1358; x_wconf 83' lang='lat'><strong>26.</strong></span> <span class='ocrx_word' id='word_1_131' title='bbox 655 1302 922 1369; x_wconf 85' lang='lat' dir='ltr'><strong>Quoniam</strong></span> <span class='ocrx_word' id='word_1_132' title='bbox 949 1301 1109 1372; x_wconf 82' lang='lat' dir='ltr'><strong>elegit</strong></span> <span class='ocrx_word' id='word_1_133' title='bbox 1141 1299 1405 1355; x_wconf 86' lang='lat' dir='ltr'><strong>Dominus</strong></span> <span class='ocrx_word' id='word_1_134' title='bbox 1431 1297 1561 1353; x_wconf 88' lang='lat' dir='ltr'><strong>Sion</strong></span> <span class='ocrx_word' id='word_1_135' title='bbox 1596 1313 1611 1350; x_wconf 89' lang='lat'><strong>:</strong></span> 
     </span>
    </p>
   </div>
   <div class='ocr_carea' id='block_1_22' title="bbox 1711 1286 3287 1372">
    <p class='ocr_par' dir='ltr' id='par_1_22' title="bbox 2203 1286 3287 1368">
     <span class='ocr_line' id='line_1_22' title="bbox 2203 1286 3287 1368; baseline -0.009 -18"><span class='ocrx_word' id='word_1_136' title='bbox 2203 1297 2292 1350; x_wconf 83' lang='grc'><strong>26.</strong></span> <span class='ocrx_word' id='word_1_137' title='bbox 2329 1299 2450 1350; x_wconf 86' lang='grc' dir='ltr'><strong>Ὅτι</strong></span> <span class='ocrx_word' id='word_1_138' title='bbox 2479 1295 2754 1360; x_wconf 76' lang='grc' dir='ltr'>ἐξελέξατο</span> <span class='ocrx_word' id='word_1_139' title='bbox 2785 1293 2984 1368; x_wconf 84' lang='grc' dir='ltr'>Κύριος</span> <span class='ocrx_word' id='word_1_140' title='bbox 3013 1291 3109 1362; x_wconf 85' lang='grc' dir='ltr'><strong>τὴν</strong></span> <span class='ocrx_word' id='word_1_141' title='bbox 3133 1286 3287 1342; x_wconf 84' lang='grc' dir='ltr'>Σιών·</span> 
     </span>
    </p>
   </div>
   <div class='ocr_carea' id='block_1_23' title="bbox 533 1374 2109 1467">
    <p class='ocr_par' dir='ltr' id='par_1_23' title="bbox 533 1391 1616 1467">
     <span class='ocr_line' id='line_1_23' title="bbox 533 1391 1616 1467; baseline -0.006 -16"><span class='ocrx_word' id='word_1_142' title='bbox 533 1397 624 1451; x_wconf 92' lang='grc'><strong>27.</strong></span> <span class='ocrx_word' id='word_1_143' title='bbox 653 1397 824 1467; x_wconf 83' lang='lat' dir='ltr'><strong>Elegit</strong></span> <span class='ocrx_word' id='word_1_144' title='bbox 849 1411 966 1450; x_wconf 89' lang='lat' dir='ltr'><strong>eam</strong></span> <span class='ocrx_word' id='word_1_145' title='bbox 997 1397 1050 1449; x_wconf 92' lang='lat' dir='ltr'><strong>in</strong></span> <span class='ocrx_word' id='word_1_146' title='bbox 1078 1394 1467 1448; x_wconf 86' lang='lat' dir='ltr'><strong>habitationem</strong></span> <span class='ocrx_word' id='word_1_147' title='bbox 1495 1391 1616 1446; x_wconf 85' lang='lat' dir='ltr'><strong>sibi.</strong></span> 
     </span>
    </p>
   </div>
   <div class='ocr_carea' id='block_1_24' title="bbox 1905 1374 3481 1467">
    <p class='ocr_par' dir='ltr' id='par_1_24' title="bbox 2203 1374 3481 1458">
     <span class='ocr_line' id='line_1_24' title="bbox 2203 1374 3481 1458; baseline -0.011 -17"><span class='ocrx_word' id='word_1_148' title='bbox 2203 1389 2293 1442; x_wconf 88' lang='grc'><strong>27.</strong></span> <span class='ocrx_word' id='word_1_149' title='bbox 2341 1387 2654 1458; x_wconf 82' lang='grc' dir='ltr'>ᾘρετίσατο</span> <span class='ocrx_word' id='word_1_150' title='bbox 2682 1383 2850 1454; x_wconf 77' lang='grc' dir='ltr'>αὐτὴν</span> <span class='ocrx_word' id='word_1_151' title='bbox 2877 1386 2954 1446; x_wconf 84' lang='grc' dir='ltr'>είς</span> <span class='ocrx_word' id='word_1_152' title='bbox 2977 1380 3256 1435; x_wconf 78' lang='grc' dir='ltr'>κατοικίαν</span> <span class='ocrx_word' id='word_1_153' title='bbox 3285 1374 3481 1445; x_wconf 78' lang='grc' dir='ltr'>ἑαυτῷ.</span> 
     </span>
    </p>
   </div>
   <div class='ocr_carea' id='block_1_25' title="bbox 531 1466 2107 1557">
    <p class='ocr_par' dir='ltr' id='par_1_25' title="bbox 531 1466 1819 1557">
     <span class='ocr_line' id='line_1_25' title="bbox 531 1466 1819 1557; baseline -0.004 -15"><span class='ocrx_word' id='word_1_154' title='bbox 531 1487 622 1542; x_wconf 90' lang='grc'><strong>28.</strong></span> <span class='ocrx_word' id='word_1_155' title='bbox 656 1466 781 1543; x_wconf 65' lang='lat' dir='ltr'><strong>Haec</strong></span> <span class='ocrx_word' id='word_1_156' title='bbox 808 1488 1023 1557; x_wconf 87' lang='lat' dir='ltr'><strong>requies</strong></span> <span class='ocrx_word' id='word_1_157' title='bbox 1056 1502 1176 1540; x_wconf 80' lang='lat' dir='ltr'><strong>mea</strong></span> <span class='ocrx_word' id='word_1_158' title='bbox 1210 1486 1263 1539; x_wconf 83' lang='lat' dir='ltr'><strong>in</strong></span> <span class='ocrx_word' id='word_1_159' title='bbox 1293 1485 1551 1539; x_wconf 65' lang='lat' dir='ltr'><strong>saaculum</strong></span> <span class='ocrx_word' id='word_1_160' title='bbox 1587 1483 1768 1538; x_wconf 56' lang='lat' dir='ltr'><strong>saeculi</strong></span> <span class='ocrx_word' id='word_1_161' title='bbox 1802 1498 1819 1548; x_wconf 86' lang='lat'><strong>;</strong></span> 
     </span>
    </p>
   </div>
   <div class='ocr_carea' id='block_1_26' title="bbox 2009 1466 3585 1557">
    <p class='ocr_par' dir='ltr' id='par_1_26' title="bbox 2202 1466 3585 1550">
     <span class='ocr_line' id='line_1_26' title="bbox 2202 1466 3585 1550; baseline -0.012 -16"><span class='ocrx_word' id='word_1_162' title='bbox 2202 1480 2291 1534; x_wconf 84' lang='grc'><strong>28.</strong></span> <span class='ocrx_word' id='word_1_163' title='bbox 2321 1479 2465 1550; x_wconf 76' lang='grc' dir='ltr'>Αὕτη</span> <span class='ocrx_word' id='word_1_164' title='bbox 2496 1480 2528 1548; x_wconf 88' lang='grc' dir='ltr'><strong>ή</strong></span> <span class='ocrx_word' id='word_1_165' title='bbox 2562 1477 2899 1538; x_wconf 83' lang='grc' dir='ltr'>κατάπαυσίς</span> <span class='ocrx_word' id='word_1_166' title='bbox 2932 1492 3029 1544; x_wconf 83' lang='grc' dir='ltr'>μου</span> <span class='ocrx_word' id='word_1_167' title='bbox 3064 1475 3142 1536; x_wconf 79' lang='grc' dir='ltr'>εἰς</span> <span class='ocrx_word' id='word_1_168' title='bbox 3163 1470 3332 1524; x_wconf 82' lang='grc' dir='ltr'>αἰῶνα</span> <span class='ocrx_word' id='word_1_169' title='bbox 3357 1466 3585 1528; x_wconf 77' lang='grc' dir='ltr'>αἰῶνος’</span> 
     </span>
    </p>
   </div>
   <div class='ocr_carea' id='block_1_27' title="bbox 525 1559 2101 1645">
    <p class='ocr_par' dir='ltr' id='par_1_27' title="bbox 525 1571 1705 1645">
     <span class='ocr_line' id='line_1_27' title="bbox 525 1571 1705 1645; baseline 0.001 -15"><span class='ocrx_word' id='word_1_170' title='bbox 525 1571 624 1631; x_wconf 82' lang='grc'><strong>29.</strong></span> <span class='ocrx_word' id='word_1_171' title='bbox 662 1577 759 1632; x_wconf 90' lang='lat' dir='ltr'><strong>llic</strong></span> <span class='ocrx_word' id='word_1_172' title='bbox 786 1577 1060 1643; x_wconf 84' lang='lat' dir='ltr'><strong>habitabo,</strong></span> <span class='ocrx_word' id='word_1_173' title='bbox 1092 1575 1350 1645; x_wconf 88' lang='lat' dir='ltr'><strong>quoniam</strong></span> <span class='ocrx_word' id='word_1_174' title='bbox 1391 1575 1527 1644; x_wconf 85' lang='lat' dir='ltr'><strong>elegi</strong></span> <span class='ocrx_word' id='word_1_175' title='bbox 1563 1589 1705 1632; x_wconf 91' lang='lat' dir='ltr'><strong>eam.</strong></span> 
     </span>
    </p>
   </div>
   <div class='ocr_carea' id='block_1_28' title="bbox 1925 1559 3501 1645">
    <p class='ocr_par' dir='ltr' id='par_1_28' title="bbox 2203 1559 3501 1637">
     <span class='ocr_line' id='line_1_28' title="bbox 2203 1559 3501 1637; baseline -0.011 -15"><span class='ocrx_word' id='word_1_176' title='bbox 2203 1570 2292 1624; x_wconf 84' lang='lat'><strong>29.</strong></span> <span class='ocrx_word' id='word_1_177' title='bbox 2328 1563 2454 1620; x_wconf 80' lang='grc' dir='ltr'><strong>Ὧδε</strong></span> <span class='ocrx_word' id='word_1_178' title='bbox 2481 1567 2808 1637; x_wconf 82' lang='grc' dir='ltr'>κατοικήσω,</span> <span class='ocrx_word' id='word_1_179' title='bbox 2839 1566 2919 1618; x_wconf 78' lang='grc' dir='ltr'><strong>ὅτι</strong></span> <span class='ocrx_word' id='word_1_180' title='bbox 2951 1562 3282 1635; x_wconf 78' lang='grc' dir='ltr'>ᾑρετισάμην</span> <span class='ocrx_word' id='word_1_181' title='bbox 3315 1559 3501 1628; x_wconf 81' lang='grc' dir='ltr'>αὑτήν.</span> 
     </span>
    </p>
   </div>
   <div class='ocr_carea' id='block_1_29' title="bbox 533 1651 2109 1739">
    <p class='ocr_par' dir='ltr' id='par_1_29' title="bbox 533 1666 1781 1739">
     <span class='ocr_line' id='line_1_29' title="bbox 533 1666 1781 1739; baseline -0.005 -16"><span class='ocrx_word' id='word_1_182' title='bbox 533 1668 622 1723; x_wconf 84' lang='grc'><strong>50.</strong></span> <span class='ocrx_word' id='word_1_183' title='bbox 651 1667 879 1723; x_wconf 82' lang='lat' dir='ltr'><strong>Viduam</strong></span> <span class='ocrx_word' id='word_1_184' title='bbox 915 1669 1033 1739; x_wconf 88' lang='lat' dir='ltr'><strong>ejus</strong></span> <span class='ocrx_word' id='word_1_185' title='bbox 1066 1668 1392 1723; x_wconf 86' lang='lat' dir='ltr'><strong>benedicens</strong></span> <span class='ocrx_word' id='word_1_186' title='bbox 1419 1666 1731 1721; x_wconf 87' lang='lat' dir='ltr'><strong>benedicam</strong></span> <span class='ocrx_word' id='word_1_187' title='bbox 1766 1679 1781 1716; x_wconf 71' lang='grc' dir='ltr'>ι</span> 
     </span>
    </p>
   </div>
   <div class='ocr_carea' id='block_1_30' title="bbox 1833 1651 3409 1739">
    <p class='ocr_par' dir='ltr' id='par_1_30' title="bbox 2204 1651 3409 1729">
     <span class='ocr_line' id='line_1_30' title="bbox 2204 1651 3409 1729; baseline -0.012 -15"><span class='ocrx_word' id='word_1_188' title='bbox 2204 1661 2290 1715; x_wconf 89' lang='grc'><strong>50.</strong></span> <span class='ocrx_word' id='word_1_189' title='bbox 2320 1660 2429 1729; x_wconf 81' lang='grc' dir='ltr'><strong>Τὴν</strong></span> <span class='ocrx_word' id='word_1_190' title='bbox 2458 1659 2630 1729; x_wconf 82' lang='grc' dir='ltr'>χήραν</span> <span class='ocrx_word' id='word_1_191' title='bbox 2654 1657 2820 1726; x_wconf 76' lang='grc' dir='ltr'>αὐτῆς</span> <span class='ocrx_word' id='word_1_192' title='bbox 2843 1653 3076 1722; x_wconf 79' lang='grc' dir='ltr'>εὐλογῶν</span> <span class='ocrx_word' id='word_1_193' title='bbox 3107 1651 3378 1720; x_wconf 75' lang='grc' dir='ltr'><strong>εὐλογήσω</strong></span> <span class='ocrx_word' id='word_1_194' title='bbox 3395 1664 3409 1676; x_wconf 89' lang='grc'><strong>·</strong></span> 
     </span>
    </p>
   </div>
   <div class='ocr_carea' id='block_1_31' title="bbox 534 1742 2110 1831">
    <p class='ocr_par' dir='ltr' id='par_1_31' title="bbox 534 1758 1644 1831">
     <span class='ocr_line' id='line_1_31' title="bbox 534 1758 1644 1831; baseline -0.002 -18"><span class='ocrx_word' id='word_1_195' title='bbox 534 1758 623 1814; x_wconf 82' lang='grc'><strong>51.</strong></span> <span class='ocrx_word' id='word_1_196' title='bbox 651 1758 922 1830; x_wconf 88' lang='lat' dir='ltr'><strong>Pauperes</strong></span> <span class='ocrx_word' id='word_1_197' title='bbox 951 1761 1071 1831; x_wconf 85' lang='lat' dir='ltr'><strong>ejus</strong></span> <span class='ocrx_word' id='word_1_198' title='bbox 1103 1759 1361 1815; x_wconf 87' lang='lat' dir='ltr'><strong>saturabo</strong></span> <span class='ocrx_word' id='word_1_199' title='bbox 1392 1759 1644 1828; x_wconf 86' lang='lat' dir='ltr'><strong>panibus.</strong></span> 
     </span>
    </p>
   </div>
   <div class='ocr_carea' id='block_1_32' title="bbox 1851 1742 3427 1831">
    <p class='ocr_par' dir='ltr' id='par_1_32' title="bbox 2205 1742 3427 1817">
     <span class='ocr_line' id='line_1_32' title="bbox 2205 1742 3427 1817; baseline -0.011 -13"><span class='ocrx_word' id='word_1_200' title='bbox 2205 1751 2288 1805; x_wconf 88' lang='grc'><strong>51.</strong></span> <span class='ocrx_word' id='word_1_201' title='bbox 2328 1751 2466 1812; x_wconf 78' lang='grc' dir='ltr'>Τοὺς</span> <span class='ocrx_word' id='word_1_202' title='bbox 2498 1748 2743 1817; x_wconf 82' lang='grc' dir='ltr'>πτωχοὺς</span> <span class='ocrx_word' id='word_1_203' title='bbox 2769 1742 2934 1815; x_wconf 72' lang='grc' dir='ltr'>αὐτῆς</span> <span class='ocrx_word' id='word_1_204' title='bbox 2960 1744 3206 1815; x_wconf 82' lang='grc' dir='ltr'><strong>χορτάσω</strong></span> <span class='ocrx_word' id='word_1_205' title='bbox 3231 1743 3427 1811; x_wconf 82' lang='grc' dir='ltr'>ἄρτων.</span> 
     </span>
    </p>
   </div>
   <div class='ocr_carea' id='block_1_33' title="bbox 536 1831 2112 1922">
    <p class='ocr_par' dir='ltr' id='par_1_33' title="bbox 536 1849 2102 1922">
     <span class='ocr_line' id='line_1_33' title="bbox 536 1849 2102 1922; baseline 0.001 -17"><span class='ocrx_word' id='word_1_206' title='bbox 536 1851 626 1906; x_wconf 89' lang='grc'><strong>52.</strong></span> <span class='ocrx_word' id='word_1_207' title='bbox 657 1852 976 1908; x_wconf 86' lang='lat' dir='ltr'><strong>Sacerdotes</strong></span> <span class='ocrx_word' id='word_1_208' title='bbox 1007 1852 1126 1922; x_wconf 88' lang='lat' dir='ltr'><strong>ejus</strong></span> <span class='ocrx_word' id='word_1_209' title='bbox 1153 1849 1374 1906; x_wconf 87' lang='lat' dir='ltr'><strong>induam</strong></span> <span class='ocrx_word' id='word_1_210' title='bbox 1405 1849 1653 1912; x_wconf 83' lang='lat' dir='ltr'><strong>salutari,</strong></span> <span class='ocrx_word' id='word_1_211' title='bbox 2059 1853 2102 1907; x_wconf 91' lang='lat' dir='ltr'><strong>B</strong></span> 
     </span>
    </p>
   </div>
   <div class='ocr_carea' id='block_1_34' title="bbox 1815 1831 3391 1922">
    <p class='ocr_par' dir='ltr' id='par_1_34' title="bbox 2059 1831 3391 1910">
     <span class='ocr_line' id='line_1_34' title="bbox 2059 1831 3391 1910; baseline -0.011 -14"><span class='ocrx_word' id='word_1_212' title='bbox 2059 1853 2102 1907; x_wconf 85' lang='grc' dir='ltr'><strong><em>Β</em></strong></span> <span class='ocrx_word' id='word_1_213' title='bbox 2199 1842 2287 1895; x_wconf 82' lang='grc'><strong>52.</strong></span> <span class='ocrx_word' id='word_1_214' title='bbox 2320 1840 2456 1902; x_wconf 81' lang='grc' dir='ltr'>Τοὺς</span> <span class='ocrx_word' id='word_1_215' title='bbox 2485 1840 2646 1910; x_wconf 76' lang='grc' dir='ltr'>ἱερεῖς</span> <span class='ocrx_word' id='word_1_216' title='bbox 2671 1837 2837 1907; x_wconf 81' lang='grc' dir='ltr'>αὐτῆς</span> <span class='ocrx_word' id='word_1_217' title='bbox 2865 1835 3067 1888; x_wconf 80' lang='grc' dir='ltr'>ἐνδύσω</span> <span class='ocrx_word' id='word_1_218' title='bbox 3101 1831 3391 1902; x_wconf 84' lang='grc' dir='ltr'>σωτηρίαν,</span> 
     </span>
    </p>
   </div>
   <div class='ocr_carea' id='block_1_35' title="bbox 537 1919 2113 2013">
    <p class='ocr_par' dir='ltr' id='par_1_35' title="bbox 537 1919 1855 2013">
     <span class='ocr_line' id='line_1_35' title="bbox 537 1919 1855 2013; baseline -0.004 -17"><span class='ocrx_word' id='word_1_219' title='bbox 537 1943 625 1998; x_wconf 88' lang='grc'><strong>55.</strong></span> <span class='ocrx_word' id='word_1_220' title='bbox 660 1943 722 1997; x_wconf 87' lang='grc' dir='ltr'>Ει</span> <span class='ocrx_word' id='word_1_221' title='bbox 751 1944 920 1999; x_wconf 90' lang='lat' dir='ltr'><strong>sancti</strong></span> <span class='ocrx_word' id='word_1_222' title='bbox 947 1919 1066 2013; x_wconf 81' lang='lat' dir='ltr'><strong>ejus</strong></span> <span class='ocrx_word' id='word_1_223' title='bbox 1100 1942 1464 1996; x_wconf 80' lang='lat' dir='ltr'><strong>exsultatione</strong></span> <span class='ocrx_word' id='word_1_224' title='bbox 1487 1940 1855 1996; x_wconf 82' lang='lat' dir='ltr'><strong>exsultabunt.</strong></span> 
     </span>
    </p>
   </div>
   <div class='ocr_carea' id='block_1_36' title="bbox 2113 1919 3689 2013">
    <p class='ocr_par' dir='ltr' id='par_1_36' title="bbox 2206 1919 3689 1997">
     <span class='ocr_line' id='line_1_36' title="bbox 2206 1919 3689 1997; baseline -0.011 -11"><span class='ocrx_word' id='word_1_225' title='bbox 2206 1933 2294 1986; x_wconf 81' lang='grc'><strong>55.</strong></span> <span class='ocrx_word' id='word_1_226' title='bbox 2331 1932 2440 1984; x_wconf 76' lang='grc' dir='ltr'><strong>Καὶ</strong></span> <span class='ocrx_word' id='word_1_227' title='bbox 2469 1931 2518 1982; x_wconf 91' lang='grc' dir='ltr'><strong>οἱ</strong></span> <span class='ocrx_word' id='word_1_228' title='bbox 2549 1930 2684 1982; x_wconf 86' lang='grc' dir='ltr'>ὅσιοι</span> <span class='ocrx_word' id='word_1_229' title='bbox 2709 1927 2875 1997; x_wconf 80' lang='grc' dir='ltr'>αὐτῆς</span> <span class='ocrx_word' id='word_1_230' title='bbox 2911 1925 3226 1994; x_wconf 86' lang='grc' dir='ltr'><strong>ἀγαλλιάσει</strong></span> <span class='ocrx_word' id='word_1_231' title='bbox 3254 1919 3689 1990; x_wconf 63' lang='grc' dir='ltr'>ἁγαλλιάσονταιε</span> 
     </span>
    </p>
   </div>
   <div class='ocr_carea' id='block_1_37' title="bbox 537 2015 2113 2104">
    <p class='ocr_par' dir='ltr' id='par_1_37' title="bbox 537 2032 1554 2104">
     <span class='ocr_line' id='line_1_37' title="bbox 537 2032 1554 2104; baseline -0.005 -14"><span class='ocrx_word' id='word_1_232' title='bbox 537 2034 623 2090; x_wconf 76' lang='grc'><strong>54.</strong></span> <span class='ocrx_word' id='word_1_233' title='bbox 654 2034 785 2090; x_wconf 85' lang='lat' dir='ltr'><strong>Illuc</strong></span> <span class='ocrx_word' id='word_1_234' title='bbox 811 2035 1102 2104; x_wconf 86' lang='lat' dir='ltr'><strong>producam</strong></span> <span class='ocrx_word' id='word_1_235' title='bbox 1138 2049 1304 2089; x_wconf 91' lang='lat' dir='ltr'><strong>cornu</strong></span> <span class='ocrx_word' id='word_1_236' title='bbox 1339 2032 1505 2088; x_wconf 86' lang='lat' dir='ltr'><strong>David</strong></span> <span class='ocrx_word' id='word_1_237' title='bbox 1542 2049 1554 2085; x_wconf 89' lang='lat'>:</span> 
     </span>
    </p>
   </div>
   <div class='ocr_carea' id='block_1_38' title="bbox 1746 2015 3322 2104">
    <p class='ocr_par' dir='ltr' id='par_1_38' title="bbox 2205 2015 3322 2091">
     <span class='ocr_line' id='line_1_38' title="bbox 2205 2015 3322 2091; baseline -0.011 -11"><span class='ocrx_word' id='word_1_238' title='bbox 2205 2027 2291 2081; x_wconf 74' lang='grc'><strong>54.</strong></span> <span class='ocrx_word' id='word_1_239' title='bbox 2340 2025 2486 2078; x_wconf 85' lang='grc' dir='ltr'>Ἐκεῖ</span> <span class='ocrx_word' id='word_1_240' title='bbox 2513 2021 2815 2089; x_wconf 84' lang='grc' dir='ltr'>ὲξανατελῶ</span> <span class='ocrx_word' id='word_1_241' title='bbox 2845 2020 3010 2091; x_wconf 88' lang='grc' dir='ltr'>κέρας</span> <span class='ocrx_word' id='word_1_242' title='bbox 3033 2017 3113 2090; x_wconf 83' lang='grc' dir='ltr'><strong>τῷ</strong></span> <span class='ocrx_word' id='word_1_243' title='bbox 3141 2015 3322 2071; x_wconf 81' lang='grc' dir='ltr'>Δαϐίδ.</span> 
     </span>
    </p>
   </div>
   <div class='ocr_carea' id='block_1_39' title="bbox 1581 2232 2577 2295">
    <p class='ocr_par' dir='ltr' id='par_1_39' title="bbox 1581 2232 2577 2295">
     <span class='ocr_line' id='line_1_39' title="bbox 1581 2232 2577 2295; baseline -0.008 0"><span class='ocrx_word' id='word_1_244' title='bbox 1581 2236 1951 2295; x_wconf 77' lang='lat' dir='ltr'><strong>ATHANASII</strong></span> <span class='ocrx_word' id='word_1_245' title='bbox 1990 2232 2577 2292; x_wconf 80' lang='lat' dir='ltr'><strong>INTERPRETATIO.</strong></span> 
     </span>
    </p>
   </div>
   <div class='ocr_carea' id='block_1_40' title="bbox 536 2425 2112 2516">
    <p class='ocr_par' dir='ltr' id='par_1_40' title="bbox 536 2443 1796 2516">
     <span class='ocr_line' id='line_1_40' title="bbox 536 2443 1796 2516; baseline -0.002 -16"><span class='ocrx_word' id='word_1_246' title='bbox 536 2447 620 2502; x_wconf 87' lang='grc'><strong>19.</strong></span> <span class='ocrx_word' id='word_1_247' title='bbox 654 2445 770 2501; x_wconf 84' lang='grc' dir='ltr'><strong>Νοη</strong></span> <span class='ocrx_word' id='word_1_248' title='bbox 800 2445 1016 2502; x_wconf 78' lang='lat' dir='ltr'><strong>auferas</strong></span> <span class='ocrx_word' id='word_1_249' title='bbox 1045 2461 1074 2500; x_wconf 90' lang='lat' dir='ltr'><strong>a</strong></span> <span class='ocrx_word' id='word_1_250' title='bbox 1103 2445 1257 2500; x_wconf 92' lang='lat' dir='ltr'><strong>nobis</strong></span> <span class='ocrx_word' id='word_1_251' title='bbox 1283 2445 1510 2516; x_wconf 82' lang='lat' dir='ltr'><strong>gratiam</strong></span> <span class='ocrx_word' id='word_1_252' title='bbox 1539 2443 1663 2498; x_wconf 85' lang='lat' dir='ltr'><strong>Filii</strong></span> <span class='ocrx_word' id='word_1_253' title='bbox 1695 2444 1796 2499; x_wconf 91' lang='lat' dir='ltr'><strong>tui.</strong></span> 
     </span>
    </p>
   </div>
   <div class='ocr_carea' id='block_1_41' title="bbox 2116 2425 3692 2516">
    <p class='ocr_par' dir='ltr' id='par_1_41' title="bbox 2200 2425 3692 2516">
     <span class='ocr_line' id='line_1_41' title="bbox 2200 2425 3692 2516; baseline -0.013 -20"><span class='ocrx_word' id='word_1_254' title='bbox 2200 2444 2284 2499; x_wconf 87' lang='grc'><strong>19.</strong></span> <span class='ocrx_word' id='word_1_255' title='bbox 2309 2442 2400 2513; x_wconf 83' lang='grc' dir='ltr'><strong>Μὴ</strong></span> <span class='ocrx_word' id='word_1_256' title='bbox 2423 2438 2716 2511; x_wconf 79' lang='grc' dir='ltr'><strong>ἀντανὲλῃς</strong></span> <span class='ocrx_word' id='word_1_257' title='bbox 2736 2432 2828 2506; x_wconf 77' lang='grc' dir='ltr'><strong>ἀφ’</strong></span> <span class='ocrx_word' id='word_1_258' title='bbox 2845 2433 3000 2506; x_wconf 83' lang='grc' dir='ltr'>ἡμῶν</span> <span class='ocrx_word' id='word_1_259' title='bbox 3020 2431 3117 2504; x_wconf 79' lang='grc' dir='ltr'><strong>τὴν</strong></span> <span class='ocrx_word' id='word_1_260' title='bbox 3133 2431 3290 2502; x_wconf 83' lang='grc' dir='ltr'>χάριν</span> <span class='ocrx_word' id='word_1_261' title='bbox 3313 2427 3404 2482; x_wconf 76' lang='grc' dir='ltr'><strong>τοῦ</strong></span> <span class='ocrx_word' id='word_1_262' title='bbox 3425 2425 3558 2480; x_wconf 81' lang='grc' dir='ltr'>Υἱοῦ</span> <span class='ocrx_word' id='word_1_263' title='bbox 3578 2441 3692 2516; x_wconf 71' lang='grc' dir='ltr'>σου.</span> 
     </span>
    </p>
   </div>
   <div class='ocr_carea' id='block_1_42' title="bbox 532 2514 2108 2606">
    <p class='ocr_par' dir='ltr' id='par_1_42' title="bbox 532 2514 2031 2606">
     <span class='ocr_line' id='line_1_42' title="bbox 532 2514 2031 2606; baseline -0.003 -14"><span class='ocrx_word' id='word_1_264' title='bbox 532 2538 623 2604; x_wconf 87' lang='grc'><strong>20,</strong></span> <span class='ocrx_word' id='word_1_265' title='bbox 652 2539 742 2593; x_wconf 85' lang='lat'><strong>2|.</strong></span> <span class='ocrx_word' id='word_1_266' title='bbox 785 2536 854 2592; x_wconf 89' lang='lat' dir='ltr'><strong>lis</strong></span> <span class='ocrx_word' id='word_1_267' title='bbox 899 2537 1088 2600; x_wconf 88' lang='lat' dir='ltr'><strong>rebus,</strong></span> <span class='ocrx_word' id='word_1_268' title='bbox 1135 2514 1549 2606; x_wconf 24' lang='lat' dir='ltr'><strong>quasipromisit</strong></span> <span class='ocrx_word' id='word_1_269' title='bbox 1595 2534 1858 2590; x_wconf 91' lang='lat' dir='ltr'><strong>Dominus</strong></span> <span class='ocrx_word' id='word_1_270' title='bbox 1904 2534 2031 2590; x_wconf 82' lang='lat' dir='ltr'><strong>dili-</strong></span> 
     </span>
    </p>
   </div>
   <div class='ocr_carea' id='block_1_43' title="bbox 2118 2514 3694 2606">
    <p class='ocr_par' dir='ltr' id='par_1_43' title="bbox 2196 2514 3694 2600">
     <span class='ocr_line' id='line_1_43' title="bbox 2196 2514 3694 2600; baseline -0.015 -14"><span class='ocrx_word' id='word_1_271' title='bbox 2196 2532 2286 2595; x_wconf 86' lang='lat'><strong>20,</strong></span> <span class='ocrx_word' id='word_1_272' title='bbox 2316 2531 2404 2584; x_wconf 88' lang='grc'><strong>21.</strong></span> <span class='ocrx_word' id='word_1_273' title='bbox 2439 2531 2504 2583; x_wconf 82' lang='lat' dir='ltr'><strong>&quot;A</strong></span> <span class='ocrx_word' id='word_1_274' title='bbox 2534 2527 2894 2600; x_wconf 74' lang='grc' dir='ltr'><strong>ἐπηγγείλατο</strong></span> <span class='ocrx_word' id='word_1_275' title='bbox 2933 2527 2960 2576; x_wconf 87' lang='grc' dir='ltr'>ὁ</span> <span class='ocrx_word' id='word_1_276' title='bbox 3012 2521 3214 2592; x_wconf 84' lang='grc' dir='ltr'>Κύριος</span> <span class='ocrx_word' id='word_1_277' title='bbox 3253 2521 3365 2580; x_wconf 85' lang='grc' dir='ltr'>τοῖς</span> <span class='ocrx_word' id='word_1_278' title='bbox 3410 2514 3694 2584; x_wconf 81' lang='grc' dir='ltr'>ἀγαπῶσιν</span> 
     </span>
    </p>
   </div>
   <div class='ocr_carea' id='block_1_44' title="bbox 463 2608 2039 2700">
    <p class='ocr_par' dir='ltr' id='par_1_44' title="bbox 463 2627 2032 2700">
     <span class='ocr_line' id='line_1_44' title="bbox 463 2627 2032 2700; baseline -0.001 -19"><span class='ocrx_word' id='word_1_279' title='bbox 463 2629 714 2700; x_wconf 83' lang='lat' dir='ltr'><strong>gentibus</strong></span> <span class='ocrx_word' id='word_1_280' title='bbox 749 2643 808 2682; x_wconf 90' lang='lat' dir='ltr'><strong>se</strong></span> <span class='ocrx_word' id='word_1_281' title='bbox 831 2669 844 2692; x_wconf 93' lang='lat'><strong>,</strong></span> <span class='ocrx_word' id='word_1_282' title='bbox 897 2642 1005 2682; x_wconf 91' lang='lat' dir='ltr'><strong>non</strong></span> <span class='ocrx_word' id='word_1_283' title='bbox 1041 2628 1275 2698; x_wconf 87' lang='lat' dir='ltr'><strong>privabit</strong></span> <span class='ocrx_word' id='word_1_284' title='bbox 1307 2641 1441 2684; x_wconf 90' lang='lat' dir='ltr'><strong>eos:</strong></span> <span class='ocrx_word' id='word_1_285' title='bbox 1470 2628 1642 2681; x_wconf 79' lang='lat' dir='ltr'><strong>David</strong></span> <span class='ocrx_word' id='word_1_286' title='bbox 1685 2628 1829 2681; x_wconf 90' lang='lat' dir='ltr'><strong>enim</strong></span> <span class='ocrx_word' id='word_1_287' title='bbox 1865 2627 2032 2682; x_wconf 61' lang='lat' dir='ltr'><strong>inters</strong></span> 
     </span>
    </p>
   </div>
   <div class='ocr_carea' id='block_1_45' title="bbox 2118 2608 3694 2700">
    <p class='ocr_par' dir='ltr' id='par_1_45' title="bbox 2129 2608 3694 2692">
     <span class='ocr_line' id='line_1_45' title="bbox 2129 2608 3694 2692; baseline -0.012 -16"><span class='ocrx_word' id='word_1_288' title='bbox 2129 2623 2311 2684; x_wconf 80' lang='grc' dir='ltr'>αὐτὸν,</span> <span class='ocrx_word' id='word_1_289' title='bbox 2346 2623 2405 2674; x_wconf 86' lang='grc' dir='ltr'>οὐ</span> <span class='ocrx_word' id='word_1_290' title='bbox 2439 2622 2512 2692; x_wconf 82' lang='grc' dir='ltr'>μὴ</span> <span class='ocrx_word' id='word_1_291' title='bbox 2557 2621 2789 2690; x_wconf 81' lang='grc' dir='ltr'>στερήσῃ</span> <span class='ocrx_word' id='word_1_292' title='bbox 2818 2614 3012 2678; x_wconf 85' lang='grc' dir='ltr'>αύτούς</span> <span class='ocrx_word' id='word_1_293' title='bbox 3053 2613 3151 2686; x_wconf 87' lang='grc'><strong>(1).</strong></span> <span class='ocrx_word' id='word_1_294' title='bbox 3184 2608 3359 2664; x_wconf 75' lang='grc' dir='ltr'>Δαϐὶδ</span> <span class='ocrx_word' id='word_1_295' title='bbox 3381 2609 3488 2680; x_wconf 81' lang='grc' dir='ltr'>γὰρ</span> <span class='ocrx_word' id='word_1_296' title='bbox 3519 2608 3694 2678; x_wconf 77' lang='grc' dir='ltr'>ἑρμη-</span> 
     </span>
    </p>
   </div>
   <div class='ocr_carea' id='block_1_46' title="bbox 461 2711 2037 2790">
    <p class='ocr_par' dir='ltr' id='par_1_46' title="bbox 461 2719 1268 2790">
     <span class='ocr_line' id='line_1_46' title="bbox 461 2719 1268 2790; baseline 0.001 -17"><span class='ocrx_word' id='word_1_297' title='bbox 461 2726 708 2790; x_wconf 88' lang='lat' dir='ltr'><strong>pretatur</strong></span> <span class='ocrx_word' id='word_1_298' title='bbox 737 2719 984 2774; x_wconf 80' lang='lat' dir='ltr'><strong>dilectus.</strong></span> <span class='ocrx_word' id='word_1_299' title='bbox 1253 2721 1268 2734; x_wconf 85' lang='lat'><strong><em>&#39;</em></strong></span> 
     </span>
    </p>
   </div>
   <div class='ocr_carea' id='block_1_47' title="bbox 1107 2711 2683 2790">
    <p class='ocr_par' dir='ltr' id='par_1_47' title="bbox 1253 2711 2683 2781">
     <span class='ocr_line' id='line_1_47' title="bbox 1253 2711 2683 2781; baseline -0.009 -8"><span class='ocrx_word' id='word_1_300' title='bbox 1253 2721 1268 2734; x_wconf 89' lang='grc'><em>’</em></span> <span class='ocrx_word' id='word_1_301' title='bbox 2127 2713 2335 2767; x_wconf 85' lang='grc' dir='ltr'>νεύεται</span> <span class='ocrx_word' id='word_1_302' title='bbox 2363 2711 2683 2781; x_wconf 78' lang='grc' dir='ltr'>ἀγαπητός.</span> 
     </span>
    </p>
   </div>
   <div class='ocr_carea' id='block_1_48' title="bbox 534 2788 2110 2883">
    <p class='ocr_par' dir='ltr' id='par_1_48' title="bbox 534 2810 2026 2883">
     <span class='ocr_line' id='line_1_48' title="bbox 534 2810 2026 2883; baseline 0.001 -18"><span class='ocrx_word' id='word_1_303' title='bbox 534 2810 622 2865; x_wconf 89' lang='grc'><strong>22.</strong></span> <span class='ocrx_word' id='word_1_304' title='bbox 652 2811 771 2864; x_wconf 87' lang='lat' dir='ltr'><strong>Filii</strong></span> <span class='ocrx_word' id='word_1_305' title='bbox 804 2811 991 2876; x_wconf 85' lang='lat' dir='ltr'><strong>vestri,</strong></span> <span class='ocrx_word' id='word_1_306' title='bbox 1025 2825 1163 2882; x_wconf 90' lang='lat' dir='ltr'><strong>quos</strong></span> <span class='ocrx_word' id='word_1_307' title='bbox 1193 2811 1386 2881; x_wconf 85' lang='lat' dir='ltr'><strong>paritis</strong></span> <span class='ocrx_word' id='word_1_308' title='bbox 1429 2826 1524 2883; x_wconf 91' lang='lat' dir='ltr'><strong>per</strong></span> <span class='ocrx_word' id='word_1_309' title='bbox 1555 2811 1781 2883; x_wconf 87' lang='lat' dir='ltr'><strong>gratiam</strong></span> <span class='ocrx_word' id='word_1_310' title='bbox 1828 2826 2026 2876; x_wconf 90' lang='lat' dir='ltr'><strong>meam,</strong></span> 
     </span>
    </p>
   </div>
   <div class='ocr_carea' id='block_1_49' title="bbox 2117 2788 3693 2883">
    <p class='ocr_par' dir='ltr' id='par_1_49' title="bbox 2196 2788 3693 2868">
     <span class='ocr_line' id='line_1_49' title="bbox 2196 2788 3693 2868; baseline -0.013 -11"><span class='ocrx_word' id='word_1_311' title='bbox 2196 2801 2286 2856; x_wconf 89' lang='grc'><strong>22.</strong></span> <span class='ocrx_word' id='word_1_312' title='bbox 2317 2802 2398 2854; x_wconf 80' lang='grc' dir='ltr'><strong>Τὰ</strong></span> <span class='ocrx_word' id='word_1_313' title='bbox 2444 2801 2613 2853; x_wconf 84' lang='grc' dir='ltr'>τέκνα</span> <span class='ocrx_word' id='word_1_314' title='bbox 2656 2796 2842 2868; x_wconf 84' lang='grc' dir='ltr'>ὑμῶν,</span> <span class='ocrx_word' id='word_1_315' title='bbox 2886 2795 2922 2849; x_wconf 72' lang='grc' dir='ltr'>ἃ</span> <span class='ocrx_word' id='word_1_316' title='bbox 2964 2794 3174 2848; x_wconf 83' lang='grc' dir='ltr'>τίκτετε</span> <span class='ocrx_word' id='word_1_317' title='bbox 3213 2791 3299 2846; x_wconf 81' lang='grc' dir='ltr'>διὰ</span> <span class='ocrx_word' id='word_1_318' title='bbox 3329 2792 3429 2862; x_wconf 79' lang='grc' dir='ltr'>τῆς</span> <span class='ocrx_word' id='word_1_319' title='bbox 3473 2788 3693 2860; x_wconf 79' lang='grc' dir='ltr'>χάριτός</span> 
     </span>
    </p>
   </div>
   <div class='ocr_carea' id='block_1_50' title="bbox 464 2882 2040 2973">
    <p class='ocr_par' dir='ltr' id='par_1_50' title="bbox 464 2882 2031 2973">
     <span class='ocr_line' id='line_1_50' title="bbox 464 2882 2031 2973; baseline -0.001 -17"><span class='ocrx_word' id='word_1_320' title='bbox 464 2901 568 2973; x_wconf 88' lang='lat' dir='ltr'><strong>ipsi</strong></span> <span class='ocrx_word' id='word_1_321' title='bbox 622 2902 1015 2957; x_wconf 66' lang='lat' dir='ltr'><strong>hmreditabunt</strong></span> <span class='ocrx_word' id='word_1_322' title='bbox 1069 2919 1294 2973; x_wconf 87' lang='lat' dir='ltr'><strong>regnum</strong></span> <span class='ocrx_word' id='word_1_323' title='bbox 1355 2882 1617 2957; x_wconf 58' lang='lat' dir='ltr'><strong>cuilorum</strong></span> <span class='ocrx_word' id='word_1_324' title='bbox 1675 2920 1698 2968; x_wconf 27' lang='grc' dir='ltr'><strong>ε,</strong></span> <span class='ocrx_word' id='word_1_325' title='bbox 1736 2903 1851 2956; x_wconf 73' lang='lat' dir='ltr'><strong>haec</strong></span> <span class='ocrx_word' id='word_1_326' title='bbox 1902 2902 2031 2956; x_wconf 84' lang='lat' dir='ltr'><strong>dicit</strong></span> 
     </span>
    </p>
   </div>
   <div class='ocr_carea' id='block_1_51' title="bbox 2121 2882 3697 2973">
    <p class='ocr_par' dir='ltr' id='par_1_51' title="bbox 2129 2882 3697 2968">
     <span class='ocr_line' id='line_1_51' title="bbox 2129 2882 3697 2968; baseline -0.01 -20"><span class='ocrx_word' id='word_1_327' title='bbox 2129 2911 2249 2968; x_wconf 88' lang='grc' dir='ltr'>μου,</span> <span class='ocrx_word' id='word_1_328' title='bbox 2294 2894 2431 2947; x_wconf 75' lang='grc' dir='ltr'>αὐτὰ</span> <span class='ocrx_word' id='word_1_329' title='bbox 2463 2891 2922 2963; x_wconf 85' lang='grc' dir='ltr'>κληρονομήσουσι</span> <span class='ocrx_word' id='word_1_330' title='bbox 2953 2888 3054 2960; x_wconf 83' lang='grc' dir='ltr'>τὴν</span> <span class='ocrx_word' id='word_1_331' title='bbox 3096 2885 3367 2957; x_wconf 83' lang='grc' dir='ltr'>βασιλείαν</span> <span class='ocrx_word' id='word_1_332' title='bbox 3388 2883 3496 2936; x_wconf 86' lang='grc' dir='ltr'>τῶν</span> <span class='ocrx_word' id='word_1_333' title='bbox 3530 2882 3697 2952; x_wconf 63' lang='grc' dir='ltr'>ούραέ</span> 
     </span>
    </p>
   </div>
   <div class='ocr_carea' id='block_1_52' title="bbox 463 2977 2039 3062">
    <p class='ocr_par' dir='ltr' id='par_1_52' title="bbox 463 2992 1512 3062">
     <span class='ocr_line' id='line_1_52' title="bbox 463 2992 1512 3062; baseline -0.003 -14"><span class='ocrx_word' id='word_1_334' title='bbox 463 2993 714 3048; x_wconf 83' lang='lat' dir='ltr'><strong>omnibus</strong></span> <span class='ocrx_word' id='word_1_335' title='bbox 745 2992 1065 3062; x_wconf 59' lang='lat' dir='ltr'><strong>prasidibus</strong></span> <span class='ocrx_word' id='word_1_336' title='bbox 1098 2994 1512 3046; x_wconf 90' lang='lat' dir='ltr'><strong>monachorum.</strong></span> 
     </span>
    </p>
   </div>
   <div class='ocr_carea' id='block_1_53' title="bbox 1981 2977 3557 3062">
    <p class='ocr_par' dir='ltr' id='par_1_53' title="bbox 2124 2977 3557 3057">
     <span class='ocr_line' id='line_1_53' title="bbox 2124 2977 3557 3057; baseline -0.011 -14"><span class='ocrx_word' id='word_1_337' title='bbox 2124 2990 2248 3044; x_wconf 76' lang='grc' dir='ltr'><strong>νῶν⁸</strong></span> <span class='ocrx_word' id='word_1_338' title='bbox 2279 2987 2450 3041; x_wconf 80' lang='grc' dir='ltr'>ταῦτα</span> <span class='ocrx_word' id='word_1_339' title='bbox 2484 2985 2617 3057; x_wconf 81' lang='grc' dir='ltr'>πρὸς</span> <span class='ocrx_word' id='word_1_340' title='bbox 2646 2984 2871 3036; x_wconf 72' lang='grc' dir='ltr'>ἕκαστον</span> <span class='ocrx_word' id='word_1_341' title='bbox 2898 2980 3006 3034; x_wconf 87' lang='grc' dir='ltr'>τῶν</span> <span class='ocrx_word' id='word_1_342' title='bbox 3033 2979 3348 3050; x_wconf 79' lang='grc' dir='ltr'><strong>ἡγουμένων</strong></span> <span class='ocrx_word' id='word_1_343' title='bbox 3382 2977 3557 3044; x_wconf 82' lang='grc' dir='ltr'>λέγει.</span> 
     </span>
    </p>
   </div>
   <div class='ocr_carea' id='block_1_54' title="bbox 531 3064 2107 3153">
    <p class='ocr_par' dir='ltr' id='par_1_54' title="bbox 531 3081 2030 3153">
     <span class='ocr_line' id='line_1_54' title="bbox 531 3081 2030 3153; baseline 0.002 -18"><span class='ocrx_word' id='word_1_344' title='bbox 531 3083 622 3147; x_wconf 89' lang='grc'><strong>25,</strong></span> <span class='ocrx_word' id='word_1_345' title='bbox 664 3082 755 3135; x_wconf 69' lang='grc'><strong>24.</strong></span> <span class='ocrx_word' id='word_1_346' title='bbox 803 3081 906 3148; x_wconf 87' lang='lat' dir='ltr'><strong>Qui</strong></span> <span class='ocrx_word' id='word_1_347' title='bbox 955 3082 1056 3136; x_wconf 92' lang='lat' dir='ltr'><strong>sub</strong></span> <span class='ocrx_word' id='word_1_348' title='bbox 1107 3091 1369 3151; x_wconf 87' lang='lat' dir='ltr'><strong>potestate</strong></span> <span class='ocrx_word' id='word_1_349' title='bbox 1422 3094 1548 3137; x_wconf 92' lang='lat' dir='ltr'><strong>sunt</strong></span> <span class='ocrx_word' id='word_1_350' title='bbox 1595 3083 2030 3153; x_wconf 85' lang='lat' dir='ltr'><strong>uniuscujusque</strong></span> 
     </span>
    </p>
   </div>
   <div class='ocr_carea' id='block_1_55' title="bbox 2120 3064 3696 3153">
    <p class='ocr_par' dir='ltr' id='par_1_55' title="bbox 2193 3064 3696 3149">
     <span class='ocr_line' id='line_1_55' title="bbox 2193 3064 3696 3149; baseline -0.013 -14"><span class='ocrx_word' id='word_1_351' title='bbox 2193 3081 2284 3146; x_wconf 86' lang='grc'><strong>25,</strong></span> <span class='ocrx_word' id='word_1_352' title='bbox 2327 3079 2420 3134; x_wconf 75' lang='grc'><strong>24.</strong></span> <span class='ocrx_word' id='word_1_353' title='bbox 2471 3078 2545 3149; x_wconf 88' lang='grc'><strong>(2)</strong></span> <span class='ocrx_word' id='word_1_354' title='bbox 2587 3075 2712 3129; x_wconf 85' lang='grc' dir='ltr'><strong>Ἐὰν</strong></span> <span class='ocrx_word' id='word_1_355' title='bbox 2755 3068 2864 3128; x_wconf 71' lang='grc' dir='ltr'><strong>οἷόν</strong></span> <span class='ocrx_word' id='word_1_356' title='bbox 2901 3090 2962 3125; x_wconf 88' lang='grc' dir='ltr'>τε</span> <span class='ocrx_word' id='word_1_357' title='bbox 2993 3071 3095 3125; x_wconf 78' lang='grc' dir='ltr'><strong>ὑπὸ</strong></span> <span class='ocrx_word' id='word_1_358' title='bbox 3117 3071 3213 3142; x_wconf 79' lang='grc' dir='ltr'>τὴν</span> <span class='ocrx_word' id='word_1_359' title='bbox 3241 3073 3398 3140; x_wconf 87' lang='grc' dir='ltr'>χεῖρα</span> <span class='ocrx_word' id='word_1_360' title='bbox 3425 3068 3546 3128; x_wconf 77' lang='grc' dir='ltr'>ἑνὸς</span> <span class='ocrx_word' id='word_1_361' title='bbox 3573 3064 3696 3117; x_wconf 85' lang='grc' dir='ltr'>ἑκά-</span> 
     </span>
    </p>
   </div>
   <div class='ocr_carea' id='block_1_56' title="bbox 461 3159 2037 3242">
    <p class='ocr_par' dir='ltr' id='par_1_56' title="bbox 461 3174 2026 3241">
     <span class='ocr_line' id='line_1_56' title="bbox 461 3174 2026 3241; baseline 0 -13"><span class='ocrx_word' id='word_1_362' title='bbox 461 3183 738 3241; x_wconf 89' lang='lat' dir='ltr'><strong>vestrum,</strong></span> <span class='ocrx_word' id='word_1_363' title='bbox 791 3176 836 3228; x_wconf 91' lang='lat' dir='ltr'><strong>si</strong></span> <span class='ocrx_word' id='word_1_364' title='bbox 887 3174 1118 3229; x_wconf 84' lang='lat' dir='ltr'><strong>habeant</strong></span> <span class='ocrx_word' id='word_1_365' title='bbox 1168 3175 1221 3228; x_wconf 90' lang='lat' dir='ltr'><strong>in</strong></span> <span class='ocrx_word' id='word_1_366' title='bbox 1267 3175 1432 3229; x_wconf 88' lang='lat' dir='ltr'><strong>corde</strong></span> <span class='ocrx_word' id='word_1_367' title='bbox 1487 3191 1586 3230; x_wconf 93' lang='lat' dir='ltr'><strong>suo</strong></span> <span class='ocrx_word' id='word_1_368' title='bbox 1645 3183 2026 3230; x_wconf 80' lang='lat' dir='ltr'><strong>testamentum</strong></span> 
     </span>
    </p>
   </div>
   <div class='ocr_carea' id='block_1_57' title="bbox 2124 3159 3700 3242">
    <p class='ocr_par' dir='ltr' id='par_1_57' title="bbox 2129 3159 3700 3242">
     <span class='ocr_line' id='line_1_57' title="bbox 2129 3159 3700 3242; baseline -0.011 -16"><span class='ocrx_word' id='word_1_369' title='bbox 2129 3183 2252 3226; x_wconf 80' lang='grc' dir='ltr'>στου</span> <span class='ocrx_word' id='word_1_370' title='bbox 2280 3167 2432 3242; x_wconf 84' lang='grc' dir='ltr'>ὑμῶν</span> <span class='ocrx_word' id='word_1_371' title='bbox 2461 3169 2655 3240; x_wconf 79' lang='grc' dir='ltr'>ἔχωσιν</span> <span class='ocrx_word' id='word_1_372' title='bbox 2690 3168 2746 3219; x_wconf 81' lang='grc' dir='ltr'><strong>ὲν</strong></span> <span class='ocrx_word' id='word_1_373' title='bbox 2776 3168 2840 3237; x_wconf 84' lang='grc' dir='ltr'>τῇ</span> <span class='ocrx_word' id='word_1_374' title='bbox 2875 3165 3072 3237; x_wconf 79' lang='grc' dir='ltr'>καρδίᾳ</span> <span class='ocrx_word' id='word_1_375' title='bbox 3099 3162 3274 3216; x_wconf 88' lang='grc' dir='ltr'>αὐτῶν</span> <span class='ocrx_word' id='word_1_376' title='bbox 3299 3162 3396 3230; x_wconf 83' lang='grc' dir='ltr'>τὴν</span> <span class='ocrx_word' id='word_1_377' title='bbox 3434 3159 3700 3229; x_wconf 75' lang='grc' dir='ltr'>διαθήκην</span> 
     </span>
    </p>
   </div>
   <div class='ocr_carea' id='block_1_58' title="bbox 463 3247 2039 3336">
    <p class='ocr_par' dir='ltr' id='par_1_58' title="bbox 463 3266 2024 3336">
     <span class='ocr_line' id='line_1_58' title="bbox 463 3266 2024 3336; baseline -0.001 -14"><span class='ocrx_word' id='word_1_378' title='bbox 463 3283 667 3332; x_wconf 86' lang='lat' dir='ltr'><strong>meum,</strong></span> <span class='ocrx_word' id='word_1_379' title='bbox 702 3277 754 3321; x_wconf 91' lang='lat' dir='ltr'><strong>et</strong></span> <span class='ocrx_word' id='word_1_380' title='bbox 798 3267 897 3320; x_wconf 89' lang='lat' dir='ltr'><strong>has</strong></span> <span class='ocrx_word' id='word_1_381' title='bbox 943 3283 1091 3320; x_wconf 88' lang='lat' dir='ltr'><strong>meas</strong></span> <span class='ocrx_word' id='word_1_382' title='bbox 1136 3267 1455 3335; x_wconf 88' lang='lat' dir='ltr'><strong>passiones,</strong></span> <span class='ocrx_word' id='word_1_383' title='bbox 1507 3283 1644 3336; x_wconf 87' lang='lat' dir='ltr'><strong>quas</strong></span> <span class='ocrx_word' id='word_1_384' title='bbox 1693 3275 1754 3321; x_wconf 91' lang='lat' dir='ltr'><strong>ut</strong></span> <span class='ocrx_word' id='word_1_385' title='bbox 1793 3266 2024 3332; x_wconf 84' lang='lat' dir='ltr'><strong>discant,</strong></span> 
     </span>
    </p>
   </div>
   <div class='ocr_carea' id='block_1_59' title="bbox 2121 3247 3697 3336">
    <p class='ocr_par' dir='ltr' id='par_1_59' title="bbox 2132 3250 3697 3336">
     <span class='ocr_line' id='line_1_59' title="bbox 2132 3250 3697 3336; baseline -0.011 -20"><span class='ocrx_word' id='word_1_386' title='bbox 2132 3281 2253 3336; x_wconf 84' lang='grc' dir='ltr'>μου,</span> <span class='ocrx_word' id='word_1_387' title='bbox 2283 3263 2375 3317; x_wconf 73' lang='grc' dir='ltr'>καὶ</span> <span class='ocrx_word' id='word_1_388' title='bbox 2403 3261 2470 3315; x_wconf 84' lang='grc' dir='ltr'>τὰ</span> <span class='ocrx_word' id='word_1_389' title='bbox 2501 3257 2798 3330; x_wconf 79' lang='grc' dir='ltr'>παθήματά</span> <span class='ocrx_word' id='word_1_390' title='bbox 2828 3274 2928 3328; x_wconf 85' lang='grc' dir='ltr'>μου</span> <span class='ocrx_word' id='word_1_391' title='bbox 2953 3255 3126 3310; x_wconf 85' lang='grc' dir='ltr'>ταῦτα</span> <span class='ocrx_word' id='word_1_392' title='bbox 3145 3294 3159 3319; x_wconf 87' lang='grc'><em>,</em></span> <span class='ocrx_word' id='word_1_393' title='bbox 3186 3252 3222 3307; x_wconf 72' lang='grc' dir='ltr'><strong>ἃ.</strong></span> <span class='ocrx_word' id='word_1_394' title='bbox 3253 3252 3474 3321; x_wconf 80' lang='grc' dir='ltr'>φωτίσω</span> <span class='ocrx_word' id='word_1_395' title='bbox 3502 3250 3697 3309; x_wconf 76' lang='grc' dir='ltr'>αὐτοὺς</span> 
     </span>
    </p>
   </div>
   <div class='ocr_carea' id='block_1_60' title="bbox 461 3351 2037 3427">
    <p class='ocr_par' dir='ltr' id='par_1_60' title="bbox 461 3359 1221 3427">
     <span class='ocr_line' id='line_1_60' title="bbox 461 3359 1221 3427; baseline -0.005 -13"><span class='ocrx_word' id='word_1_396' title='bbox 461 3373 558 3414; x_wconf 84' lang='lat' dir='ltr'><strong>eos</strong></span> <span class='ocrx_word' id='word_1_397' title='bbox 586 3359 833 3412; x_wconf 89' lang='lat' dir='ltr'><strong>illumino</strong></span> <span class='ocrx_word' id='word_1_398' title='bbox 865 3359 1034 3427; x_wconf 87' lang='lat' dir='ltr'><strong>gratia</strong></span> <span class='ocrx_word' id='word_1_399' title='bbox 1063 3373 1181 3412; x_wconf 86' lang='lat' dir='ltr'><strong>mea</strong></span> <span class='ocrx_word' id='word_1_400' title='bbox 1206 3373 1221 3422; x_wconf 90' lang='lat'><strong>;</strong></span> 
     </span>
    </p>
   </div>
   <div class='ocr_carea' id='block_1_61' title="bbox 1393 3351 2969 3427">
    <p class='ocr_par' dir='ltr' id='par_1_61' title="bbox 2130 3351 2969 3426">
     <span class='ocr_line' id='line_1_61' title="bbox 2130 3351 2969 3426; baseline -0.008 -15"><span class='ocrx_word' id='word_1_401' title='bbox 2130 3358 2324 3411; x_wconf 79' lang='grc' dir='ltr'>εἰδέναι</span> <span class='ocrx_word' id='word_1_402' title='bbox 2356 3356 2442 3409; x_wconf 74' lang='grc' dir='ltr'>διὰ</span> <span class='ocrx_word' id='word_1_403' title='bbox 2471 3355 2570 3424; x_wconf 81' lang='grc' dir='ltr'>τῆς</span> <span class='ocrx_word' id='word_1_404' title='bbox 2600 3351 2821 3426; x_wconf 84' lang='grc' dir='ltr'>χάριτός</span> <span class='ocrx_word' id='word_1_405' title='bbox 2847 3369 2969 3423; x_wconf 88' lang='grc' dir='ltr'>μου.</span> 
     </span>
    </p>
   </div>
   <div class='ocr_carea' id='block_1_62' title="bbox 535 3431 2111 3520">
    <p class='ocr_par' dir='ltr' id='par_1_62' title="bbox 535 3449 2027 3520">
     <span class='ocr_line' id='line_1_62' title="bbox 535 3449 2027 3520; baseline 0.001 -16"><span class='ocrx_word' id='word_1_406' title='bbox 535 3451 624 3504; x_wconf 81' lang='lat'><strong>25.</strong></span> <span class='ocrx_word' id='word_1_407' title='bbox 664 3450 726 3503; x_wconf 87' lang='lat' dir='ltr'><strong>Et</strong></span> <span class='ocrx_word' id='word_1_408' title='bbox 757 3450 809 3503; x_wconf 90' lang='lat' dir='ltr'><strong>in</strong></span> <span class='ocrx_word' id='word_1_409' title='bbox 846 3452 1234 3520; x_wconf 88' lang='lat' dir='ltr'><strong>sempiternum</strong></span> <span class='ocrx_word' id='word_1_410' title='bbox 1261 3464 1424 3520; x_wconf 90' lang='lat' dir='ltr'><strong>opera</strong></span> <span class='ocrx_word' id='word_1_411' title='bbox 1455 3449 1682 3520; x_wconf 70' lang='lat' dir='ltr'><strong>justitia:</strong></span> <span class='ocrx_word' id='word_1_412' title='bbox 1721 3465 1908 3505; x_wconf 92' lang='lat' dir='ltr'><strong>eorum</strong></span> <span class='ocrx_word' id='word_1_413' title='bbox 1937 3467 2027 3506; x_wconf 82' lang='lat' dir='ltr'><strong>re-</strong></span> 
     </span>
    </p>
   </div>
   <div class='ocr_carea' id='block_1_63' title="bbox 2120 3431 3696 3520">
    <p class='ocr_par' dir='ltr' id='par_1_63' title="bbox 2197 3431 3696 3515">
     <span class='ocr_line' id='line_1_63' title="bbox 2197 3431 3696 3515; baseline -0.011 -16"><span class='ocrx_word' id='word_1_414' title='bbox 2197 3447 2286 3500; x_wconf 83' lang='lat'><strong>25.</strong></span> <span class='ocrx_word' id='word_1_415' title='bbox 2316 3446 2423 3498; x_wconf 73' lang='lat' dir='ltr'><strong>Kal</strong></span> <span class='ocrx_word' id='word_1_416' title='bbox 2451 3445 2519 3496; x_wconf 80' lang='grc' dir='ltr'>τὰ</span> <span class='ocrx_word' id='word_1_417' title='bbox 2547 3443 2682 3515; x_wconf 76' lang='grc' dir='ltr'>ἔργα</span> <span class='ocrx_word' id='word_1_418' title='bbox 2723 3444 2822 3514; x_wconf 85' lang='grc' dir='ltr'>τῆς</span> <span class='ocrx_word' id='word_1_419' title='bbox 2863 3437 3202 3509; x_wconf 77' lang='grc' dir='ltr'>δικαιοσύνης</span> <span class='ocrx_word' id='word_1_420' title='bbox 3233 3434 3408 3490; x_wconf 76' lang='grc' dir='ltr'>αὐτῶν</span> <span class='ocrx_word' id='word_1_421' title='bbox 3448 3431 3696 3502; x_wconf 81' lang='grc' dir='ltr'>βασιλεύ-ι</span> 
     </span>
    </p>
   </div>
   <div class='ocr_carea' id='block_1_64' title="bbox 465 3537 2041 3612">
    <p class='ocr_par' dir='ltr' id='par_1_64' title="bbox 465 3541 726 3612">
     <span class='ocr_line' id='line_1_64' title="bbox 465 3541 726 3612; baseline 0 -17"><span class='ocrx_word' id='word_1_422' title='bbox 465 3541 726 3612; x_wconf 70' lang='lat' dir='ltr'><strong>gnabunL</strong></span> 
     </span>
    </p>
   </div>
   <div class='ocr_carea' id='block_1_65' title="bbox 1121 3537 2697 3612">
    <p class='ocr_par' dir='ltr' id='par_1_65' title="bbox 2131 3537 2697 3606">
     <span class='ocr_line' id='line_1_65' title="bbox 2131 3537 2697 3606; baseline -0.009 -14"><span class='ocrx_word' id='word_1_423' title='bbox 2131 3556 2223 3592; x_wconf 80' lang='grc' dir='ltr'>σου</span> <span class='ocrx_word' id='word_1_424' title='bbox 2231 3556 2281 3591; x_wconf 94' lang='grc' dir='ltr'>σι</span> <span class='ocrx_word' id='word_1_425' title='bbox 2312 3537 2463 3591; x_wconf 85' lang='grc' dir='ltr'>άτελε</span> <span class='ocrx_word' id='word_1_426' title='bbox 2471 3537 2697 3606; x_wconf 84' lang='grc' dir='ltr'>υτήτως.</span> 
     </span>
    </p>
   </div>
   <div class='ocr_carea' id='block_1_66' title="bbox 535 3615 2111 3708">
    <p class='ocr_par' dir='ltr' id='par_1_66' title="bbox 535 3633 2026 3708">
     <span class='ocr_line' id='line_1_66' title="bbox 535 3633 2026 3708; baseline 0.001 -20"><span class='ocrx_word' id='word_1_427' title='bbox 535 3634 622 3690; x_wconf 87' lang='grc'><strong>26.</strong></span> <span class='ocrx_word' id='word_1_428' title='bbox 655 3634 921 3701; x_wconf 84' lang='lat' dir='ltr'><strong>Quoniam</strong></span> <span class='ocrx_word' id='word_1_429' title='bbox 947 3634 1105 3708; x_wconf 74' lang='lat' dir='ltr'><strong>elegit</strong></span> <span class='ocrx_word' id='word_1_430' title='bbox 1133 3633 1393 3691; x_wconf 90' lang='lat' dir='ltr'><strong>Dominus</strong></span> <span class='ocrx_word' id='word_1_431' title='bbox 1420 3650 1514 3690; x_wconf 91' lang='lat' dir='ltr'><strong>cor</strong></span> <span class='ocrx_word' id='word_1_432' title='bbox 1537 3634 1742 3690; x_wconf 77' lang='lat' dir='ltr'><strong>faciens</strong></span> <span class='ocrx_word' id='word_1_433' title='bbox 1765 3643 2026 3704; x_wconf 83' lang='lat' dir='ltr'><strong>praecepta</strong></span> 
     </span>
    </p>
   </div>
   <div class='ocr_carea' id='block_1_67' title="bbox 2121 3615 3697 3708">
    <p class='ocr_par' dir='ltr' id='par_1_67' title="bbox 2195 3615 3697 3695">
     <span class='ocr_line' id='line_1_67' title="bbox 2195 3615 3697 3695; baseline -0.009 -16"><span class='ocrx_word' id='word_1_434' title='bbox 2195 3625 2284 3679; x_wconf 87' lang='lat'><strong>26.</strong></span> <span class='ocrx_word' id='word_1_435' title='bbox 2318 3627 2438 3679; x_wconf 84' lang='grc' dir='ltr'><strong>Ὅτι</strong></span> <span class='ocrx_word' id='word_1_436' title='bbox 2473 3623 2749 3689; x_wconf 74' lang='grc' dir='ltr'>ἐξελέξατο</span> <span class='ocrx_word' id='word_1_437' title='bbox 2776 3620 2978 3695; x_wconf 85' lang='grc' dir='ltr'>Κύριος</span> <span class='ocrx_word' id='word_1_438' title='bbox 3022 3619 3244 3692; x_wconf 79' lang='grc' dir='ltr'>καρδίαν</span> <span class='ocrx_word' id='word_1_439' title='bbox 3286 3617 3384 3687; x_wconf 79' lang='grc' dir='ltr'>τὴν</span> <span class='ocrx_word' id='word_1_440' title='bbox 3436 3615 3697 3668; x_wconf 74' lang='grc' dir='ltr'>ποιοῦσαν</span> 
     </span>
    </p>
   </div>
   <div class='ocr_carea' id='block_1_68' title="bbox 464 3709 2040 3798">
    <p class='ocr_par' dir='ltr' id='par_1_68' title="bbox 464 3723 2029 3795">
     <span class='ocr_line' id='line_1_68' title="bbox 464 3723 2029 3795; baseline -0.002 -14"><span class='ocrx_word' id='word_1_441' title='bbox 464 3741 564 3782; x_wconf 84' lang='lat' dir='ltr'><strong>sua</strong></span> <span class='ocrx_word' id='word_1_442' title='bbox 597 3743 610 3779; x_wconf 90' lang='lat'><strong>:</strong></span> <span class='ocrx_word' id='word_1_443' title='bbox 643 3725 772 3780; x_wconf 85' lang='lat' dir='ltr'><strong>Sion</strong></span> <span class='ocrx_word' id='word_1_444' title='bbox 822 3725 966 3779; x_wconf 91' lang='lat' dir='ltr'><strong>enim</strong></span> <span class='ocrx_word' id='word_1_445' title='bbox 1014 3726 1402 3795; x_wconf 86' lang='lat' dir='ltr'><strong>interpretatur</strong></span> <span class='ocrx_word' id='word_1_446' title='bbox 1447 3723 1694 3795; x_wconf 81' lang='lat' dir='ltr'><strong>specula,</strong></span> <span class='ocrx_word' id='word_1_447' title='bbox 1741 3723 1900 3794; x_wconf 88' lang='lat' dir='ltr'><strong>quale</strong></span> <span class='ocrx_word' id='word_1_448' title='bbox 1947 3729 2029 3778; x_wconf 89' lang='lat' dir='ltr'><strong>est</strong></span> 
     </span>
    </p>
   </div>
   <div class='ocr_carea' id='block_1_69' title="bbox 2119 3709 3695 3798">
    <p class='ocr_par' dir='ltr' id='par_1_69' title="bbox 2125 3709 3695 3798">
     <span class='ocr_line' id='line_1_69' title="bbox 2125 3709 3695 3798; baseline -0.009 -26"><span class='ocrx_word' id='word_1_449' title='bbox 2125 3718 2223 3782; x_wconf 80' lang='grc' dir='ltr'>τὰς</span> <span class='ocrx_word' id='word_1_450' title='bbox 2257 3717 2472 3798; x_wconf 69' lang='grc' dir='ltr'><strong>ἐντολὰς</strong></span> <span class='ocrx_word' id='word_1_451' title='bbox 2494 3717 2656 3770; x_wconf 79' lang='grc' dir='ltr'>αὑτοῦ</span> <span class='ocrx_word' id='word_1_452' title='bbox 2677 3733 2691 3748; x_wconf 91' lang='grc'><strong>·</strong></span> <span class='ocrx_word' id='word_1_453' title='bbox 2728 3715 2881 3770; x_wconf 81' lang='grc' dir='ltr'><strong>Σιὼν</strong></span> <span class='ocrx_word' id='word_1_454' title='bbox 2911 3714 3018 3784; x_wconf 84' lang='grc' dir='ltr'><strong>γὰρ</strong></span> <span class='ocrx_word' id='word_1_455' title='bbox 3047 3709 3402 3783; x_wconf 77' lang='grc' dir='ltr'>ἑρμηνεύεται</span> <span class='ocrx_word' id='word_1_456' title='bbox 3430 3723 3695 3761; x_wconf 72' lang='grc' dir='ltr'><strong>σκοπευά</strong></span> 
     </span>
    </p>
   </div>
   <div class='ocr_carea' id='block_1_70' title="bbox 463 3805 3146 3881">
    <p class='ocr_par' dir='ltr' id='par_1_70' title="bbox 463 3805 3146 3881">
     <span class='ocr_line' id='line_1_70' title="bbox 463 3805 3146 3881; baseline -0.006 -5"><span class='ocrx_word' id='word_1_457' title='bbox 463 3835 580 3876; x_wconf 92' lang='lat' dir='ltr'><strong>cor.</strong></span> <span class='ocrx_word' id='word_1_458' title='bbox 2125 3810 2348 3880; x_wconf 74' lang='grc' dir='ltr'><strong>ττίριον,</strong></span> <span class='ocrx_word' id='word_1_459' title='bbox 2376 3811 2510 3880; x_wconf 83' lang='grc' dir='ltr'>ὅπερ</span> <span class='ocrx_word' id='word_1_460' title='bbox 2535 3809 2682 3861; x_wconf 74' lang='grc' dir='ltr'>ἐστὶν</span> <span class='ocrx_word' id='word_1_461' title='bbox 2715 3809 2747 3879; x_wconf 82' lang='grc' dir='ltr'>ἡ</span> <span class='ocrx_word' id='word_1_462' title='bbox 2777 3805 2992 3878; x_wconf 84' lang='grc' dir='ltr'>καρδία.</span> <span class='ocrx_word' id='word_1_463' title='bbox 3137 3874 3146 3881; x_wconf 35' lang='grc'><em>,</em></span> 
     </span>
    </p>
   </div>
   <div class='ocr_carea' id='block_1_71' title="bbox 532 3887 2108 3972">
    <p class='ocr_par' dir='ltr' id='par_1_71' title="bbox 532 3904 1826 3965">
     <span class='ocr_line' id='line_1_71' title="bbox 532 3904 1826 3965; baseline -0.004 0"><span class='ocrx_word' id='word_1_464' title='bbox 532 3911 622 3965; x_wconf 87' lang='grc'><strong>27.</strong></span> <span class='ocrx_word' id='word_1_465' title='bbox 653 3909 712 3964; x_wconf 89' lang='lat' dir='ltr'><strong>In</strong></span> <span class='ocrx_word' id='word_1_466' title='bbox 745 3911 836 3964; x_wconf 87' lang='lat' dir='ltr'><strong>tali</strong></span> <span class='ocrx_word' id='word_1_467' title='bbox 868 3909 1028 3964; x_wconf 88' lang='lat' dir='ltr'><strong>corde</strong></span> <span class='ocrx_word' id='word_1_468' title='bbox 1055 3909 1282 3964; x_wconf 91' lang='lat' dir='ltr'><strong>libenter</strong></span> <span class='ocrx_word' id='word_1_469' title='bbox 1314 3907 1641 3962; x_wconf 78' lang='lat' dir='ltr'><strong>inhabitabit</strong></span> <span class='ocrx_word' id='word_1_470' title='bbox 1661 3904 1826 3961; x_wconf 91' lang='lat' dir='ltr'><strong>Deus.</strong></span> 
     </span>
    </p>
   </div>
   <div class='ocr_carea' id='block_1_72' title="bbox 2118 3887 3694 3972">
    <p class='ocr_par' dir='ltr' id='par_1_72' title="bbox 2195 3887 3694 3972">
     <span class='ocr_line' id='line_1_72' title="bbox 2195 3887 3694 3972; baseline -0.011 -16"><span class='ocrx_word' id='word_1_471' title='bbox 2195 3903 2284 3956; x_wconf 82' lang='grc'><strong>27.</strong></span> <span class='ocrx_word' id='word_1_472' title='bbox 2309 3903 2397 3954; x_wconf 88' lang='grc' dir='ltr'><strong>Ἑν</strong></span> <span class='ocrx_word' id='word_1_473' title='bbox 2437 3904 2504 3972; x_wconf 80' lang='grc' dir='ltr'>τῇ</span> <span class='ocrx_word' id='word_1_474' title='bbox 2551 3899 2772 3971; x_wconf 85' lang='grc' dir='ltr'>τοιαύτῃ</span> <span class='ocrx_word' id='word_1_475' title='bbox 2817 3896 3015 3969; x_wconf 78' lang='grc' dir='ltr'>καρδίᾳ</span> <span class='ocrx_word' id='word_1_476' title='bbox 3049 3894 3218 3966; x_wconf 81' lang='grc' dir='ltr'>ήδέως</span> <span class='ocrx_word' id='word_1_477' title='bbox 3255 3891 3524 3961; x_wconf 76' lang='grc' dir='ltr'>ἐνοικήσει</span> <span class='ocrx_word' id='word_1_478' title='bbox 3565 3889 3639 3950; x_wconf 84' lang='grc'><strong>(5)</strong></span> <span class='ocrx_word' id='word_1_479' title='bbox 3665 3887 3694 3940; x_wconf 79' lang='grc' dir='ltr'><strong>δ</strong></span> 
     </span>
    </p>
   </div>
   <div class='ocr_carea' id='block_1_73' title="bbox 2125 3996 2277 4058">
    <p class='ocr_par' dir='ltr' id='par_1_73' title="bbox 2125 3996 2277 4058">
     <span class='ocr_line' id='line_1_73' title="bbox 2125 3996 2277 4058; baseline 0 -10"><span class='ocrx_word' id='word_1_480' title='bbox 2125 3996 2277 4058; x_wconf 88' lang='grc' dir='ltr'><strong>Θεός.</strong></span> 
     </span>
    </p>
   </div>
   <div class='ocr_carea' id='block_1_74' title="bbox 529 4071 2105 4159">
    <p class='ocr_par' dir='ltr' id='par_1_74' title="bbox 529 4081 2024 4159">
     <span class='ocr_line' id='line_1_74' title="bbox 529 4081 2024 4159; baseline -0.005 -16"><span class='ocrx_word' id='word_1_481' title='bbox 529 4089 619 4145; x_wconf 86' lang='grc'><strong>28.</strong></span> <span class='ocrx_word' id='word_1_482' title='bbox 651 4087 1007 4159; x_wconf 82' lang='lat' dir='ltr'><strong>Requiescam</strong></span> <span class='ocrx_word' id='word_1_483' title='bbox 1042 4087 1095 4142; x_wconf 89' lang='lat' dir='ltr'><strong>in</strong></span> <span class='ocrx_word' id='word_1_484' title='bbox 1131 4087 1225 4142; x_wconf 90' lang='lat' dir='ltr'><strong>tali</strong></span> <span class='ocrx_word' id='word_1_485' title='bbox 1265 4087 1447 4154; x_wconf 89' lang='lat' dir='ltr'><strong>corde,</strong></span> <span class='ocrx_word' id='word_1_486' title='bbox 1474 4092 1528 4140; x_wconf 91' lang='lat' dir='ltr'><strong>et</strong></span> <span class='ocrx_word' id='word_1_487' title='bbox 1566 4100 1732 4150; x_wconf 90' lang='lat' dir='ltr'><strong>nunc,</strong></span> <span class='ocrx_word' id='word_1_488' title='bbox 1764 4091 1818 4139; x_wconf 91' lang='lat' dir='ltr'><strong>et</strong></span> <span class='ocrx_word' id='word_1_489' title='bbox 1852 4083 1905 4137; x_wconf 93' lang='lat' dir='ltr'><strong>in</strong></span> <span class='ocrx_word' id='word_1_490' title='bbox 1937 4081 2024 4136; x_wconf 83' lang='lat' dir='ltr'><strong>fu-</strong></span> 
     </span>
    </p>
   </div>
   <div class='ocr_carea' id='block_1_75' title="bbox 2116 4071 3692 4159">
    <p class='ocr_par' dir='ltr' id='par_1_75' title="bbox 2195 4071 3692 4155">
     <span class='ocr_line' id='line_1_75' title="bbox 2195 4071 3692 4155; baseline -0.012 -14"><span class='ocrx_word' id='word_1_491' title='bbox 2195 4087 2284 4141; x_wconf 88' lang='lat'><strong>28.</strong></span> <span class='ocrx_word' id='word_1_492' title='bbox 2324 4084 2726 4155; x_wconf 80' lang='grc' dir='ltr'>Ἀναπαύσομαι</span> <span class='ocrx_word' id='word_1_493' title='bbox 2755 4084 2811 4136; x_wconf 83' lang='grc' dir='ltr'><strong>ὲν</strong></span> <span class='ocrx_word' id='word_1_494' title='bbox 2835 4085 2902 4155; x_wconf 83' lang='grc' dir='ltr'>τῇ</span> <span class='ocrx_word' id='word_1_495' title='bbox 2932 4080 3154 4154; x_wconf 83' lang='grc' dir='ltr'>τοιαύτῃ</span> <span class='ocrx_word' id='word_1_496' title='bbox 3180 4075 3375 4149; x_wconf 78' lang='grc' dir='ltr'>καρδίᾳ</span> <span class='ocrx_word' id='word_1_497' title='bbox 3403 4075 3500 4128; x_wconf 69' lang='grc' dir='ltr'>καὶ</span> <span class='ocrx_word' id='word_1_498' title='bbox 3527 4074 3588 4126; x_wconf 80' lang='grc' dir='ltr'><strong>ὲν</strong></span> <span class='ocrx_word' id='word_1_499' title='bbox 3619 4071 3692 4142; x_wconf 81' lang='grc' dir='ltr'>τῷ</span> 
     </span>
    </p>
   </div>
   <div class='ocr_carea' id='block_1_76' title="bbox 462 4173 2038 4249">
    <p class='ocr_par' dir='ltr' id='par_1_76' title="bbox 462 4184 833 4238">
     <span class='ocr_line' id='line_1_76' title="bbox 462 4184 833 4238; baseline -0.005 -1"><span class='ocrx_word' id='word_1_500' title='bbox 462 4192 516 4237; x_wconf 85' lang='grc' dir='ltr'>ιιι</span> <span class='ocrx_word' id='word_1_501' title='bbox 526 4199 584 4238; x_wconf 91' lang='lat' dir='ltr'><strong>ro</strong></span> <span class='ocrx_word' id='word_1_502' title='bbox 616 4184 833 4237; x_wconf 67' lang='lat' dir='ltr'><strong>saaculo.</strong></span> 
     </span>
    </p>
   </div>
   <div class='ocr_carea' id='block_1_77' title="bbox 1463 4173 3039 4249">
    <p class='ocr_par' dir='ltr' id='par_1_77' title="bbox 2123 4173 3039 4249">
     <span class='ocr_line' id='line_1_77' title="bbox 2123 4173 3039 4249; baseline -0.007 -16"><span class='ocrx_word' id='word_1_503' title='bbox 2123 4180 2237 4243; x_wconf 75' lang='grc' dir='ltr'><strong>νῦν,</strong></span> <span class='ocrx_word' id='word_1_504' title='bbox 2272 4179 2367 4232; x_wconf 76' lang='grc' dir='ltr'>καὶ</span> <span class='ocrx_word' id='word_1_505' title='bbox 2397 4181 2453 4231; x_wconf 82' lang='grc' dir='ltr'>ὲν</span> <span class='ocrx_word' id='word_1_506' title='bbox 2479 4177 2556 4249; x_wconf 83' lang='grc' dir='ltr'>τῷ</span> <span class='ocrx_word' id='word_1_507' title='bbox 2593 4176 2834 4248; x_wconf 77' lang='grc' dir='ltr'>μέλλοντι</span> <span class='ocrx_word' id='word_1_508' title='bbox 2868 4173 3039 4227; x_wconf 80' lang='grc' dir='ltr'>αἰῶνι.</span> 
     </span>
    </p>
   </div>
   <div class='ocr_carea' id='block_1_78' title="bbox 529 4255 2105 4344">
    <p class='ocr_par' dir='ltr' id='par_1_78' title="bbox 529 4268 2023 4344">
     <span class='ocr_line' id='line_1_78' title="bbox 529 4268 2023 4344; baseline -0.005 -15"><span class='ocrx_word' id='word_1_509' title='bbox 529 4276 620 4330; x_wconf 85' lang='grc'><strong>29.</strong></span> <span class='ocrx_word' id='word_1_510' title='bbox 652 4275 705 4328; x_wconf 85' lang='lat' dir='ltr'><strong>In</strong></span> <span class='ocrx_word' id='word_1_511' title='bbox 752 4277 869 4344; x_wconf 88' lang='lat' dir='ltr'><strong>ipso</strong></span> <span class='ocrx_word' id='word_1_512' title='bbox 909 4272 1245 4337; x_wconf 88' lang='lat' dir='ltr'><strong>inhabitabo,</strong></span> <span class='ocrx_word' id='word_1_513' title='bbox 1276 4281 1329 4326; x_wconf 93' lang='lat' dir='ltr'><strong>et</strong></span> <span class='ocrx_word' id='word_1_514' title='bbox 1365 4269 1735 4336; x_wconf 85' lang='lat' dir='ltr'><strong>iuambulabo,</strong></span> <span class='ocrx_word' id='word_1_515' title='bbox 1765 4268 2023 4339; x_wconf 88' lang='lat' dir='ltr'><strong>quoniam</strong></span> 
     </span>
    </p>
   </div>
   <div class='ocr_carea' id='block_1_79' title="bbox 2112 4255 3688 4344">
    <p class='ocr_par' dir='ltr' id='par_1_79' title="bbox 2191 4255 3688 4338">
     <span class='ocr_line' id='line_1_79' title="bbox 2191 4255 3688 4338; baseline -0.011 -16"><span class='ocrx_word' id='word_1_516' title='bbox 2191 4268 2279 4322; x_wconf 88' lang='grc'><strong>29.</strong></span> <span class='ocrx_word' id='word_1_517' title='bbox 2321 4269 2410 4321; x_wconf 91' lang='grc' dir='ltr'><strong>Ἐν</strong></span> <span class='ocrx_word' id='word_1_518' title='bbox 2448 4269 2583 4338; x_wconf 82' lang='grc' dir='ltr'>αὐτῇ</span> <span class='ocrx_word' id='word_1_519' title='bbox 2631 4264 2937 4335; x_wconf 85' lang='grc' dir='ltr'>ὲνοικήσω,</span> <span class='ocrx_word' id='word_1_520' title='bbox 2972 4262 3065 4314; x_wconf 75' lang='grc' dir='ltr'>καὶ</span> <span class='ocrx_word' id='word_1_521' title='bbox 3106 4258 3564 4331; x_wconf 83' lang='grc' dir='ltr'>ὲμπεριπατήσω,</span> <span class='ocrx_word' id='word_1_522' title='bbox 3610 4255 3688 4308; x_wconf 77' lang='grc' dir='ltr'>ὅτι</span> 
     </span>
    </p>
   </div>
   <div class='ocr_carea' id='block_1_80' title="bbox 459 4358 2035 4430">
    <p class='ocr_par' dir='ltr' id='par_1_80' title="bbox 459 4363 2032 4417">
     <span class='ocr_line' id='line_1_80' title="bbox 459 4363 2032 4417; baseline -0.001 0"><span class='ocrx_word' id='word_1_523' title='bbox 459 4363 620 4417; x_wconf 76' lang='lat' dir='ltr'><strong>dilexi</strong></span> <span class='ocrx_word' id='word_1_524' title='bbox 652 4364 802 4415; x_wconf 88' lang='lat' dir='ltr'><strong>illud.</strong></span> <span class='ocrx_word' id='word_1_525' title='bbox 883 4400 886 4402; x_wconf 49' lang='grc' dir='ltr'>ν</span> <span class='ocrx_word' id='word_1_526' title='bbox 2025 4410 2032 4416; x_wconf 92' lang='grc'><strong>.</strong></span> 
     </span>
    </p>
   </div>
   <div class='ocr_carea' id='block_1_81' title="bbox 1003 4358 2579 4430">
    <p class='ocr_par' dir='ltr' id='par_1_81' title="bbox 2025 4358 2579 4430">
     <span class='ocr_line' id='line_1_81' title="bbox 2025 4358 2579 4430; baseline -0.013 -14"><span class='ocrx_word' id='word_1_527' title='bbox 2025 4410 2032 4416; x_wconf 92' lang='grc'><strong>.</strong></span> <span class='ocrx_word' id='word_1_528' title='bbox 2123 4358 2384 4430; x_wconf 78' lang='grc' dir='ltr'>ἠγάπησα</span> <span class='ocrx_word' id='word_1_529' title='bbox 2410 4358 2579 4426; x_wconf 79' lang='grc' dir='ltr'>αὐτήν</span> 
     </span>
    </p>
   </div>
   <div class='ocr_carea' id='block_1_82' title="bbox 529 4439 2105 4522">
    <p class='ocr_par' dir='ltr' id='par_1_82' title="bbox 529 4446 1962 4522">
     <span class='ocr_line' id='line_1_82' title="bbox 529 4446 1962 4522; baseline -0.006 -16"><span class='ocrx_word' id='word_1_530' title='bbox 529 4453 616 4506; x_wconf 85' lang='grc'><strong>50.</strong></span> <span class='ocrx_word' id='word_1_531' title='bbox 651 4453 780 4522; x_wconf 86' lang='lat' dir='ltr'><strong>Ejus</strong></span> <span class='ocrx_word' id='word_1_532' title='bbox 810 4451 1232 4520; x_wconf 86' lang='lat' dir='ltr'><strong>hospitalitatem</strong></span> <span class='ocrx_word' id='word_1_533' title='bbox 1267 4449 1596 4504; x_wconf 88' lang='lat' dir='ltr'><strong>benedicens</strong></span> <span class='ocrx_word' id='word_1_534' title='bbox 1624 4446 1962 4502; x_wconf 90' lang='lat' dir='ltr'><strong>benedicam.</strong></span> 
     </span>
    </p>
   </div>
   <div class='ocr_carea' id='block_1_83' title="bbox 1889 4439 3465 4522">
    <p class='ocr_par' dir='ltr' id='par_1_83' title="bbox 1892 4439 3465 4518">
     <span class='ocr_line' id='line_1_83' title="bbox 1892 4439 3465 4518; baseline -0.01 -10"><span class='ocrx_word' id='word_1_535' title='bbox 1892 4463 1962 4500; x_wconf 70' lang='grc' dir='ltr'><strong>η]-</strong></span> <span class='ocrx_word' id='word_1_536' title='bbox 2191 4450 2281 4505; x_wconf 84' lang='grc'><strong>50.</strong></span> <span class='ocrx_word' id='word_1_537' title='bbox 2312 4451 2384 4503; x_wconf 87' lang='grc' dir='ltr'>Τὸ</span> <span class='ocrx_word' id='word_1_538' title='bbox 2422 4448 2691 4518; x_wconf 77' lang='grc' dir='ltr'>φιλόξενον</span> <span class='ocrx_word' id='word_1_539' title='bbox 2716 4443 2884 4516; x_wconf 77' lang='grc' dir='ltr'>αὐτῆς</span> <span class='ocrx_word' id='word_1_540' title='bbox 2915 4443 3148 4512; x_wconf 81' lang='grc' dir='ltr'>εὐλογῶν</span> <span class='ocrx_word' id='word_1_541' title='bbox 3172 4439 3465 4510; x_wconf 76' lang='grc' dir='ltr'>εὐλογήσω.</span> 
     </span>
    </p>
   </div>
   <div class='ocr_carea' id='block_1_84' title="bbox 529 4531 2105 4612">
    <p class='ocr_par' dir='ltr' id='par_1_84' title="bbox 529 4538 2088 4612">
     <span class='ocr_line' id='line_1_84' title="bbox 529 4538 2088 4612; baseline -0.003 -14"><span class='ocrx_word' id='word_1_542' title='bbox 529 4543 616 4598; x_wconf 82' lang='grc'><strong>51.</strong></span> <span class='ocrx_word' id='word_1_543' title='bbox 651 4543 1116 4598; x_wconf 84' lang='lat' dir='ltr'><strong>Mansuetudinem</strong></span> <span class='ocrx_word' id='word_1_544' title='bbox 1154 4542 1294 4612; x_wconf 90' lang='lat' dir='ltr'><strong>ejus,</strong></span> <span class='ocrx_word' id='word_1_545' title='bbox 1345 4549 1400 4595; x_wconf 88' lang='lat' dir='ltr'><strong>et</strong></span> <span class='ocrx_word' id='word_1_546' title='bbox 1444 4539 1722 4595; x_wconf 90' lang='lat' dir='ltr'><strong>silentium</strong></span> <span class='ocrx_word' id='word_1_547' title='bbox 1766 4538 2020 4594; x_wconf 75' lang='lat' dir='ltr'><strong>saIUrabo</strong></span> <span class='ocrx_word' id='word_1_548' title='bbox 2051 4601 2088 4612; x_wconf 74' lang='lat'><em>_</em></span> 
     </span>
    </p>
   </div>
   <div class='ocr_carea' id='block_1_85' title="bbox 2112 4531 3688 4612">
    <p class='ocr_par' dir='ltr' id='par_1_85' title="bbox 2192 4531 3688 4612">
     <span class='ocr_line' id='line_1_85' title="bbox 2192 4531 3688 4612; baseline -0.008 -17"><span class='ocrx_word' id='word_1_549' title='bbox 2192 4541 2280 4596; x_wconf 85' lang='grc'><strong>51.</strong></span> <span class='ocrx_word' id='word_1_550' title='bbox 2307 4542 2380 4594; x_wconf 86' lang='grc' dir='ltr'><strong>Τὸ</strong></span> <span class='ocrx_word' id='word_1_551' title='bbox 2407 4542 2579 4612; x_wconf 79' lang='grc' dir='ltr'>πρᾶον</span> <span class='ocrx_word' id='word_1_552' title='bbox 2609 4539 2776 4610; x_wconf 83' lang='grc' dir='ltr'>αὐτῆς</span> <span class='ocrx_word' id='word_1_553' title='bbox 2808 4537 2902 4592; x_wconf 75' lang='grc' dir='ltr'>καὶ</span> <span class='ocrx_word' id='word_1_554' title='bbox 2925 4536 3146 4609; x_wconf 80' lang='grc' dir='ltr'><strong>ἡσύχιον</strong></span> <span class='ocrx_word' id='word_1_555' title='bbox 3185 4534 3432 4606; x_wconf 87' lang='grc' dir='ltr'>χορτάσω</span> <span class='ocrx_word' id='word_1_556' title='bbox 3467 4531 3578 4585; x_wconf 82' lang='grc' dir='ltr'>τῶν</span> <span class='ocrx_word' id='word_1_557' title='bbox 3606 4531 3688 4584; x_wconf 85' lang='grc' dir='ltr'><strong>λο-</strong></span> 
     </span>
    </p>
   </div>
   <div class='ocr_carea' id='block_1_86' title="bbox 457 4601 2033 4706">
    <p class='ocr_par' dir='ltr' id='par_1_86' title="bbox 457 4637 880 4706">
     <span class='ocr_line' id='line_1_86' title="bbox 457 4637 880 4706; baseline -0.009 -12"><span class='ocrx_word' id='word_1_558' title='bbox 457 4638 691 4706; x_wconf 86' lang='lat' dir='ltr'><strong>eloquiis</strong></span> <span class='ocrx_word' id='word_1_559' title='bbox 721 4637 880 4691; x_wconf 90' lang='lat' dir='ltr'><strong>meis.</strong></span> 
     </span>
    </p>
   </div>
   <div class='ocr_carea' id='block_1_87' title="bbox 832 4601 2408 4706">
    <p class='ocr_par' dir='ltr' id='par_1_87' title="bbox 832 4601 2408 4703">
     <span class='ocr_line' id='line_1_87' title="bbox 832 4601 2408 4703; baseline -0.004 -12"><span class='ocrx_word' id='word_1_560' title='bbox 832 4652 880 4691; x_wconf 91' lang='lat' dir='ltr'><strong>s.</strong></span> <span class='ocrx_word' id='word_1_561' title='bbox 1183 4601 1201 4612; x_wconf 34' lang='lat' dir='ltr'><strong>V</strong></span> <span class='ocrx_word' id='word_1_562' title='bbox 1281 4601 1292 4610; x_wconf 40' lang='grc'><strong>1</strong></span> <span class='ocrx_word' id='word_1_563' title='bbox 2051 4601 2094 4656; x_wconf 81' lang='lat' dir='ltr'><strong>D</strong></span> <span class='ocrx_word' id='word_1_564' title='bbox 2124 4633 2256 4703; x_wconf 87' lang='grc' dir='ltr'>γίων</span> <span class='ocrx_word' id='word_1_565' title='bbox 2287 4650 2408 4702; x_wconf 86' lang='grc' dir='ltr'>μου.</span> 
     </span>
    </p>
   </div>
   <div class='ocr_carea' id='block_1_88' title="bbox 529 4713 2105 4801">
    <p class='ocr_par' dir='ltr' id='par_1_88' title="bbox 529 4724 2021 4801">
     <span class='ocr_line' id='line_1_88' title="bbox 529 4724 2021 4801; baseline -0.004 -15"><span class='ocrx_word' id='word_1_566' title='bbox 529 4731 617 4789; x_wconf 89' lang='grc'><strong>52.</strong></span> <span class='ocrx_word' id='word_1_567' title='bbox 649 4729 1063 4801; x_wconf 88' lang='lat' dir='ltr'><strong>Deprecationes</strong></span> <span class='ocrx_word' id='word_1_568' title='bbox 1094 4728 1231 4798; x_wconf 92' lang='lat' dir='ltr'><strong>ejus,</strong></span> <span class='ocrx_word' id='word_1_569' title='bbox 1278 4732 1332 4779; x_wconf 89' lang='lat' dir='ltr'><strong>et</strong></span> <span class='ocrx_word' id='word_1_570' title='bbox 1375 4724 1797 4795; x_wconf 89' lang='lat' dir='ltr'><strong>supplicationes</strong></span> <span class='ocrx_word' id='word_1_571' title='bbox 1848 4725 2021 4780; x_wconf 88' lang='lat' dir='ltr'><strong>salute</strong></span> 
     </span>
    </p>
   </div>
   <div class='ocr_carea' id='block_1_89' title="bbox 2113 4713 3689 4801">
    <p class='ocr_par' dir='ltr' id='par_1_89' title="bbox 2195 4713 3689 4794">
     <span class='ocr_line' id='line_1_89' title="bbox 2195 4713 3689 4794; baseline -0.011 -14"><span class='ocrx_word' id='word_1_572' title='bbox 2195 4725 2283 4780; x_wconf 86' lang='grc'><strong>52.</strong></span> <span class='ocrx_word' id='word_1_573' title='bbox 2319 4725 2428 4788; x_wconf 83' lang='grc' dir='ltr'><strong>Τάς</strong></span> <span class='ocrx_word' id='word_1_574' title='bbox 2455 4724 2668 4794; x_wconf 81' lang='grc' dir='ltr'>δεήσεις</span> <span class='ocrx_word' id='word_1_575' title='bbox 2695 4721 2882 4791; x_wconf 85' lang='grc' dir='ltr'>αὐτῆς,</span> <span class='ocrx_word' id='word_1_576' title='bbox 2913 4719 3006 4772; x_wconf 77' lang='grc' dir='ltr'>καὶ</span> <span class='ocrx_word' id='word_1_577' title='bbox 3034 4716 3240 4780; x_wconf 81' lang='grc' dir='ltr'>ἱκεσίας</span> <span class='ocrx_word' id='word_1_578' title='bbox 3274 4713 3552 4786; x_wconf 81' lang='grc' dir='ltr'>περιϐαλῶ</span> <span class='ocrx_word' id='word_1_579' title='bbox 3589 4729 3689 4764; x_wconf 86' lang='grc' dir='ltr'>σω-</span> 
     </span>
    </p>
   </div>
   <div class='ocr_carea' id='block_1_90' title="bbox 457 4819 2033 4889">
    <p class='ocr_par' dir='ltr' id='par_1_90' title="bbox 457 4823 830 4879">
     <span class='ocr_line' id='line_1_90' title="bbox 457 4823 830 4879; baseline -0.005 -1"><span class='ocrx_word' id='word_1_580' title='bbox 457 4823 830 4879; x_wconf 89' lang='lat' dir='ltr'><strong>circumdabo.</strong></span> 
     </span>
    </p>
   </div>
   <div class='ocr_carea' id='block_1_91' title="bbox 761 4819 2337 4889">
    <p class='ocr_par' dir='ltr' id='par_1_91' title="bbox 761 4819 2337 4889">
     <span class='ocr_line' id='line_1_91' title="bbox 761 4819 2337 4889; baseline -0.003 -13"><span class='ocrx_word' id='word_1_581' title='bbox 761 4836 830 4876; x_wconf 72' lang='grc' dir='ltr'>ιο.</span> <span class='ocrx_word' id='word_1_582' title='bbox 2124 4819 2337 4889; x_wconf 82' lang='grc' dir='ltr'>τηρίαν.</span> 
     </span>
    </p>
   </div>
   <div class='ocr_carea' id='block_1_92' title="bbox 525 4893 2101 4986">
    <p class='ocr_par' dir='ltr' id='par_1_92' title="bbox 525 4911 2017 4986">
     <span class='ocr_line' id='line_1_92' title="bbox 525 4911 2017 4986; baseline -0.005 -14"><span class='ocrx_word' id='word_1_583' title='bbox 525 4917 614 4972; x_wconf 88' lang='grc'><strong>55.</strong></span> <span class='ocrx_word' id='word_1_584' title='bbox 643 4916 710 4970; x_wconf 82' lang='grc' dir='ltr'>Ει</span> <span class='ocrx_word' id='word_1_585' title='bbox 737 4923 899 4985; x_wconf 80' lang='lat' dir='ltr'><strong>Opera</strong></span> <span class='ocrx_word' id='word_1_586' title='bbox 930 4914 1049 4986; x_wconf 91' lang='lat' dir='ltr'><strong>ejus</strong></span> <span class='ocrx_word' id='word_1_587' title='bbox 1079 4913 1428 4969; x_wconf 90' lang='lat' dir='ltr'><strong>immaculata</strong></span> <span class='ocrx_word' id='word_1_588' title='bbox 1465 4911 1521 4966; x_wconf 86' lang='lat' dir='ltr'><strong>in</strong></span> <span class='ocrx_word' id='word_1_589' title='bbox 1555 4925 1724 4982; x_wconf 87' lang='lat' dir='ltr'><strong>regno</strong></span> <span class='ocrx_word' id='word_1_590' title='bbox 1753 4911 2017 4967; x_wconf 78' lang='lat' dir='ltr'><strong>caelorum</strong></span> 
     </span>
    </p>
   </div>
   <div class='ocr_carea' id='block_1_93' title="bbox 2111 4893 3687 4986">
    <p class='ocr_par' dir='ltr' id='par_1_93' title="bbox 2194 4893 3687 4980">
     <span class='ocr_line' id='line_1_93' title="bbox 2194 4893 3687 4980; baseline -0.011 -17"><span class='ocrx_word' id='word_1_591' title='bbox 2194 4910 2281 4964; x_wconf 88' lang='grc'><strong>55.</strong></span> <span class='ocrx_word' id='word_1_592' title='bbox 2313 4909 2423 4962; x_wconf 72' lang='grc' dir='ltr'><strong>Καὶ</strong></span> <span class='ocrx_word' id='word_1_593' title='bbox 2449 4907 2516 4962; x_wconf 86' lang='grc' dir='ltr'>τὰ</span> <span class='ocrx_word' id='word_1_594' title='bbox 2553 4907 2687 4980; x_wconf 78' lang='grc' dir='ltr'>ἔργα</span> <span class='ocrx_word' id='word_1_595' title='bbox 2723 4905 2892 4974; x_wconf 79' lang='grc' dir='ltr'>αὐτῆς</span> <span class='ocrx_word' id='word_1_596' title='bbox 2919 4901 2990 4957; x_wconf 80' lang='grc' dir='ltr'>τὰ</span> <span class='ocrx_word' id='word_1_597' title='bbox 3021 4902 3224 4974; x_wconf 77' lang='grc' dir='ltr'>ἄμωμα</span> <span class='ocrx_word' id='word_1_598' title='bbox 3265 4899 3324 4952; x_wconf 80' lang='grc' dir='ltr'>ἐν</span> <span class='ocrx_word' id='word_1_599' title='bbox 3347 4901 3414 4970; x_wconf 82' lang='grc' dir='ltr'>τῇ</span> <span class='ocrx_word' id='word_1_600' title='bbox 3444 4893 3687 4968; x_wconf 69' lang='grc' dir='ltr'>βασιλείᾳ</span> 
     </span>
    </p>
   </div>
   <div class='ocr_carea' id='block_1_94' title="bbox 456 4997 2032 5072">
    <p class='ocr_par' dir='ltr' id='par_1_94' title="bbox 456 5007 824 5062">
     <span class='ocr_line' id='line_1_94' title="bbox 456 5007 824 5062; baseline 0.003 -1"><span class='ocrx_word' id='word_1_601' title='bbox 456 5023 519 5062; x_wconf 83' lang='lat' dir='ltr'><strong>ex</strong></span> <span class='ocrx_word' id='word_1_602' title='bbox 529 5007 824 5062; x_wconf 85' lang='lat' dir='ltr'><strong>sullab&#39;unt.</strong></span> 
     </span>
    </p>
   </div>
   <div class='ocr_carea' id='block_1_95' title="bbox 1386 4997 2962 5072">
    <p class='ocr_par' dir='ltr' id='par_1_95' title="bbox 2120 4997 2962 5072">
     <span class='ocr_line' id='line_1_95' title="bbox 2120 4997 2962 5072; baseline -0.01 -16"><span class='ocrx_word' id='word_1_603' title='bbox 2120 5001 2232 5056; x_wconf 84' lang='grc' dir='ltr'>τῶν</span> <span class='ocrx_word' id='word_1_604' title='bbox 2259 4999 2502 5072; x_wconf 77' lang='grc' dir='ltr'>οὐρανῶν</span> <span class='ocrx_word' id='word_1_605' title='bbox 2527 4997 2962 5067; x_wconf 84' lang='grc' dir='ltr'>ἀγαλλιάσονται.</span> 
     </span>
    </p>
   </div>
   <div class='ocr_carea' id='block_1_96' title="bbox 525 5079 2101 5170">
    <p class='ocr_par' dir='ltr' id='par_1_96' title="bbox 525 5091 2016 5170">
     <span class='ocr_line' id='line_1_96' title="bbox 525 5091 2016 5170; baseline -0.005 -16"><span class='ocrx_word' id='word_1_606' title='bbox 525 5099 701 5154; x_wconf 71' lang='lat' dir='ltr'><strong>54.1n</strong></span> <span class='ocrx_word' id='word_1_607' title='bbox 746 5112 978 5170; x_wconf 89' lang='lat' dir='ltr'><strong>superna</strong></span> <span class='ocrx_word' id='word_1_608' title='bbox 1022 5097 1328 5154; x_wconf 84' lang='lat' dir='ltr'><strong>Jerusalem</strong></span> <span class='ocrx_word' id='word_1_609' title='bbox 1376 5096 1623 5152; x_wconf 77' lang='lat' dir='ltr'><strong>excitabo</strong></span> <span class='ocrx_word' id='word_1_610' title='bbox 1676 5111 1901 5166; x_wconf 87' lang='lat' dir='ltr'><strong>regnum</strong></span> <span class='ocrx_word' id='word_1_611' title='bbox 1963 5091 2016 5148; x_wconf 83' lang='lat' dir='ltr'><strong>in</strong></span> 
     </span>
    </p>
   </div>
   <div class='ocr_carea' id='block_1_97' title="bbox 2109 5079 3685 5170">
    <p class='ocr_par' dir='ltr' id='par_1_97' title="bbox 2191 5079 3685 5161">
     <span class='ocr_line' id='line_1_97' title="bbox 2191 5079 3685 5161; baseline -0.012 -12"><span class='ocrx_word' id='word_1_612' title='bbox 2191 5095 2280 5149; x_wconf 73' lang='grc'><strong>54.</strong></span> <span class='ocrx_word' id='word_1_613' title='bbox 2323 5095 2408 5146; x_wconf 89' lang='grc' dir='ltr'><strong>Ἐν</strong></span> <span class='ocrx_word' id='word_1_614' title='bbox 2438 5095 2503 5161; x_wconf 83' lang='grc' dir='ltr'>τῇ</span> <span class='ocrx_word' id='word_1_615' title='bbox 2545 5092 2656 5145; x_wconf 80' lang='grc' dir='ltr'>ἄνω</span> <span class='ocrx_word' id='word_1_616' title='bbox 2694 5086 3046 5161; x_wconf 85' lang='grc' dir='ltr'>Ἰερουσαλὴμ</span> <span class='ocrx_word' id='word_1_617' title='bbox 3082 5081 3384 5151; x_wconf 82' lang='grc' dir='ltr'>ὲξανατελῶ</span> <span class='ocrx_word' id='word_1_618' title='bbox 3412 5084 3510 5151; x_wconf 82' lang='grc' dir='ltr'><strong>τὴν</strong></span> <span class='ocrx_word' id='word_1_619' title='bbox 3539 5079 3685 5151; x_wconf 70' lang='grc' dir='ltr'><strong>βασιιΙ</strong></span> 
     </span>
    </p>
   </div>
   <div class='ocr_carea' id='block_1_98' title="bbox 454 5171 2030 5260">
    <p class='ocr_par' dir='ltr' id='par_1_98' title="bbox 454 5187 2015 5260">
     <span class='ocr_line' id='line_1_98' title="bbox 454 5187 2015 5260; baseline -0.002 -18"><span class='ocrx_word' id='word_1_620' title='bbox 454 5191 654 5260; x_wconf 88' lang='lat' dir='ltr'><strong>populo</strong></span> <span class='ocrx_word' id='word_1_621' title='bbox 683 5192 986 5248; x_wconf 83' lang='lat' dir='ltr'><strong>desiderato</strong></span> <span class='ocrx_word' id='word_1_622' title='bbox 1014 5207 1029 5245; x_wconf 88' lang='lat'><strong>:</strong></span> <span class='ocrx_word' id='word_1_623' title='bbox 1063 5189 1232 5244; x_wconf 80' lang='lat' dir='ltr'><strong>David</strong></span> <span class='ocrx_word' id='word_1_624' title='bbox 1275 5190 1420 5246; x_wconf 88' lang='lat' dir='ltr'><strong>enim</strong></span> <span class='ocrx_word' id='word_1_625' title='bbox 1463 5190 1850 5259; x_wconf 82' lang='lat' dir='ltr'><strong>interpretatur</strong></span> <span class='ocrx_word' id='word_1_626' title='bbox 1873 5187 2015 5241; x_wconf 74' lang='lat' dir='ltr'><strong>desi-</strong></span> 
     </span>
    </p>
   </div>
   <div class='ocr_carea' id='block_1_99' title="bbox 2111 5171 3687 5260">
    <p class='ocr_par' dir='ltr' id='par_1_99' title="bbox 2117 5171 3687 5255">
     <span class='ocr_line' id='line_1_99' title="bbox 2117 5171 3687 5255; baseline -0.008 -16"><span class='ocrx_word' id='word_1_627' title='bbox 2117 5187 2264 5239; x_wconf 88' lang='grc' dir='ltr'>λείαν</span> <span class='ocrx_word' id='word_1_628' title='bbox 2287 5185 2363 5255; x_wconf 82' lang='grc' dir='ltr'>τῷ</span> <span class='ocrx_word' id='word_1_629' title='bbox 2389 5183 2503 5253; x_wconf 82' lang='grc' dir='ltr'><strong>λαῷ</strong></span> <span class='ocrx_word' id='word_1_630' title='bbox 2527 5182 2605 5252; x_wconf 85' lang='grc' dir='ltr'>τῷ</span> <span class='ocrx_word' id='word_1_631' title='bbox 2629 5181 2996 5253; x_wconf 85' lang='grc' dir='ltr'>πεποθημένῳ</span> <span class='ocrx_word' id='word_1_632' title='bbox 3014 5183 3028 5211; x_wconf 69' lang='grc'><em>⁵</em></span> <span class='ocrx_word' id='word_1_633' title='bbox 3057 5176 3234 5232; x_wconf 74' lang='grc' dir='ltr'><strong>Δαόὶδ</strong></span> <span class='ocrx_word' id='word_1_634' title='bbox 3257 5175 3366 5246; x_wconf 78' lang='grc' dir='ltr'>γὰρ</span> <span class='ocrx_word' id='word_1_635' title='bbox 3391 5171 3687 5246; x_wconf 67' lang='grc' dir='ltr'>ἑρμηνεύει</span> 
     </span>
    </p>
   </div>
   <div class='ocr_carea' id='block_1_100' title="bbox 454 5274 2030 5344">
    <p class='ocr_par' dir='ltr' id='par_1_100' title="bbox 454 5293 622 5340">
     <span class='ocr_line' id='line_1_100' title="bbox 454 5293 622 5340; baseline 0.024 -4"><span class='ocrx_word' id='word_1_636' title='bbox 454 5293 622 5340; x_wconf 75' lang='lat' dir='ltr'><strong>ratus.</strong></span> 
     </span>
    </p>
   </div>
   <div class='ocr_carea' id='block_1_101' title="bbox 1090 5274 2666 5344">
    <p class='ocr_par' dir='ltr' id='par_1_101' title="bbox 2116 5274 2666 5344">
     <span class='ocr_line' id='line_1_101' title="bbox 2116 5274 2666 5344; baseline -0.007 -12"><span class='ocrx_word' id='word_1_637' title='bbox 2116 5296 2204 5332; x_wconf 81' lang='grc' dir='ltr'>ται</span> <span class='ocrx_word' id='word_1_638' title='bbox 2235 5274 2666 5344; x_wconf 76' lang='grc' dir='ltr'><strong>πεποθημένος.</strong></span> 
     </span>
    </p>
   </div>
   <div class='ocr_carea' id='block_1_102' title="bbox 1407 5492 2736 5579">
    <p class='ocr_par' dir='ltr' id='par_1_102' title="bbox 1407 5492 2736 5579">
     <span class='ocr_line' id='line_1_102' title="bbox 1407 5492 2736 5579; baseline -0.008 -15"><span class='ocrx_word' id='word_1_639' title='bbox 1407 5502 1710 5565; x_wconf 80' lang='lat' dir='ltr'><strong>Addenda</strong></span> <span class='ocrx_word' id='word_1_640' title='bbox 1743 5509 1805 5564; x_wconf 88' lang='lat' dir='ltr'><strong>et</strong></span> <span class='ocrx_word' id='word_1_641' title='bbox 1833 5499 2216 5579; x_wconf 72' lang='lat' dir='ltr'><strong>corrigenda.</strong></span> <span class='ocrx_word' id='word_1_642' title='bbox 2251 5515 2329 5558; x_wconf 80' lang='lat' dir='ltr'><strong>ex</strong></span> <span class='ocrx_word' id='word_1_643' title='bbox 2361 5494 2502 5558; x_wconf 93' lang='lat' dir='ltr'><strong>cod.</strong></span> <span class='ocrx_word' id='word_1_644' title='bbox 2539 5492 2736 5556; x_wconf 83' lang='lat' dir='ltr'><strong>Vatic.</strong></span> 
     </span>
    </p>
   </div>
   <div class='ocr_carea' id='block_1_103' title="bbox 677 5683 2253 5757">
    <p class='ocr_par' dir='ltr' id='par_1_103' title="bbox 677 5684 2253 5757">
     <span class='ocr_line' id='line_1_103' title="bbox 677 5684 2253 5757; baseline 0.001 -19"><span class='ocrx_word' id='word_1_645' title='bbox 677 5688 818 5750; x_wconf 83' lang='grc' dir='ltr'>ὑτόν,</span> <span class='ocrx_word' id='word_1_646' title='bbox 843 5695 949 5744; x_wconf 84' lang='lat' dir='ltr'><strong>etc.</strong></span> <span class='ocrx_word' id='word_1_647' title='bbox 1279 5747 1283 5757; x_wconf 38' lang='grc'><strong>1</strong></span> <span class='ocrx_word' id='word_1_648' title='bbox 1360 5747 1365 5757; x_wconf 58' lang='grc'><strong><em>,</em></strong></span> <span class='ocrx_word' id='word_1_649' title='bbox 1586 5744 1589 5750; x_wconf 65' lang='grc'><em>,</em></span> <span class='ocrx_word' id='word_1_650' title='bbox 1777 5753 1807 5757; x_wconf 89' lang='lat'>__</span> <span class='ocrx_word' id='word_1_651' title='bbox 1969 5753 1976 5757; x_wconf 23' lang='grc' dir='ltr'><strong><em>Δ</em></strong></span> <span class='ocrx_word' id='word_1_652' title='bbox 2118 5684 2253 5740; x_wconf 62' lang='grc' dir='ltr'>παθπί</span> 
     </span>
    </p>
   </div>
   <div class='ocr_carea' id='block_1_104' title="bbox 1121 5683 2697 5757">
    <p class='ocr_par' dir='ltr' id='par_1_104' title="bbox 1279 5683 2697 5757">
     <span class='ocr_line' id='line_1_104' title="bbox 1279 5683 2697 5757; baseline -0.016 0"><span class='ocrx_word' id='word_1_653' title='bbox 1279 5747 1283 5757; x_wconf 89' lang='grc'><strong>.</strong></span> <span class='ocrx_word' id='word_1_654' title='bbox 1360 5747 1365 5757; x_wconf 95' lang='grc'><strong><em>,</em></strong></span> <span class='ocrx_word' id='word_1_655' title='bbox 1586 5744 1589 5750; x_wconf 89' lang='grc'><strong>.</strong></span> <span class='ocrx_word' id='word_1_656' title='bbox 1777 5753 1807 5757; x_wconf 91' lang='lat'>__</span> <span class='ocrx_word' id='word_1_657' title='bbox 1969 5753 1976 5757; x_wconf 23' lang='grc' dir='ltr'><strong><em>Α</em></strong></span> <span class='ocrx_word' id='word_1_658' title='bbox 2118 5683 2415 5757; x_wconf 77' lang='grc' dir='ltr'>παθήματά</span> <span class='ocrx_word' id='word_1_659' title='bbox 2449 5698 2566 5757; x_wconf 70' lang='grc' dir='ltr'>μοι),</span> <span class='ocrx_word' id='word_1_660' title='bbox 2601 5689 2697 5735; x_wconf 87' lang='lat' dir='ltr'><strong>etc.</strong></span> 
     </span>
    </p>
   </div>
   <div class='ocr_carea' id='block_1_105' title="bbox 524 5688 2100 5830">
    <p class='ocr_par' dir='ltr' id='par_1_105' title="bbox 524 5688 1990 5826">
     <span class='ocr_line' id='line_1_105' title="bbox 524 5688 1589 5756; baseline 0.009 -16"><span class='ocrx_word' id='word_1_661' title='bbox 524 5688 600 5756; x_wconf 88' lang='lat' dir='ltr'><strong>(l)</strong></span> <span class='ocrx_word' id='word_1_662' title='bbox 631 5688 818 5750; x_wconf 80' lang='grc' dir='ltr'><strong>Αὐτόν,</strong></span> <span class='ocrx_word' id='word_1_663' title='bbox 843 5695 949 5744; x_wconf 84' lang='lat' dir='ltr'><strong>etc.</strong></span> <span class='ocrx_word' id='word_1_664' title='bbox 1586 5744 1589 5750; x_wconf 88' lang='lat'><strong>.</strong></span> 
     </span>
     <span class='ocr_line' id='line_1_106' title="bbox 524 5747 1990 5826; baseline 0.001 -18"><span class='ocrx_word' id='word_1_665' title='bbox 524 5756 601 5826; x_wconf 73' lang='lat'><strong>(2)</strong></span> <span class='ocrx_word' id='word_1_666' title='bbox 632 5755 694 5808; x_wconf 80' lang='grc' dir='ltr'><strong>Ν.</strong></span> <span class='ocrx_word' id='word_1_667' title='bbox 727 5757 817 5811; x_wconf 83' lang='grc'><strong>25.</strong></span> <span class='ocrx_word' id='word_1_668' title='bbox 856 5759 979 5812; x_wconf 75' lang='grc' dir='ltr'>Ἐὰν</span> <span class='ocrx_word' id='word_1_669' title='bbox 1011 5759 1059 5811; x_wconf 74' lang='lat' dir='ltr'><strong>oi</strong></span> <span class='ocrx_word' id='word_1_670' title='bbox 1095 5758 1238 5822; x_wconf 58' lang='lat' dir='ltr'><strong>ivre;</strong></span> <span class='ocrx_word' id='word_1_671' title='bbox 1269 5747 1390 5818; x_wconf 80' lang='grc' dir='ltr'>ύπύ.</span> <span class='ocrx_word' id='word_1_672' title='bbox 1419 5769 1522 5815; x_wconf 88' lang='lat' dir='ltr'><strong>etc.</strong></span> <span class='ocrx_word' id='word_1_673' title='bbox 1554 5757 1616 5812; x_wconf 85' lang='lat' dir='ltr'><strong>N.</strong></span> <span class='ocrx_word' id='word_1_674' title='bbox 1643 5757 1731 5814; x_wconf 77' lang='grc'><strong>21.</strong></span> <span class='ocrx_word' id='word_1_675' title='bbox 1767 5753 1875 5811; x_wconf 56' lang='grc' dir='ltr'><strong>κει</strong></span> <span class='ocrx_word' id='word_1_676' title='bbox 1924 5753 1990 5811; x_wconf 64' lang='grc' dir='ltr'>τὰ</span> 
     </span>
    </p>
   </div>
   <div class='ocr_carea' id='block_1_106' title="bbox 1115 5688 2691 5830">
    <p class='ocr_par' dir='ltr' id='par_1_106' title="bbox 1115 5688 2691 5830">
     <span class='ocr_line' id='line_1_107' title="bbox 1586 5688 2691 5757; baseline -0.014 -7"><span class='ocrx_word' id='word_1_677' title='bbox 1586 5744 1589 5750; x_wconf 90' lang='grc'><strong>.</strong></span> <span class='ocrx_word' id='word_1_678' title='bbox 2118 5688 2415 5757; x_wconf 80' lang='grc' dir='ltr'>παθήματά</span> <span class='ocrx_word' id='word_1_679' title='bbox 2449 5698 2566 5753; x_wconf 85' lang='grc' dir='ltr'><strong>μου,</strong></span> <span class='ocrx_word' id='word_1_680' title='bbox 2601 5689 2691 5735; x_wconf 84' lang='lat' dir='ltr'><strong>etc.</strong></span> 
     </span>
     <span class='ocr_line' id='line_1_108' title="bbox 1115 5747 2691 5830; baseline -0.004 -17"><span class='ocrx_word' id='word_1_681' title='bbox 1115 5775 1238 5822; x_wconf 82' lang='grc' dir='ltr'>ντες</span> <span class='ocrx_word' id='word_1_682' title='bbox 1269 5747 1390 5818; x_wconf 80' lang='grc' dir='ltr'><strong>ύπό.</strong></span> <span class='ocrx_word' id='word_1_683' title='bbox 1419 5769 1522 5815; x_wconf 90' lang='lat' dir='ltr'><strong>etc.</strong></span> <span class='ocrx_word' id='word_1_684' title='bbox 1554 5757 1616 5812; x_wconf 85' lang='lat' dir='ltr'><strong>N.</strong></span> <span class='ocrx_word' id='word_1_685' title='bbox 1643 5757 1731 5814; x_wconf 78' lang='grc'><strong>21.</strong></span> <span class='ocrx_word' id='word_1_686' title='bbox 1767 5753 1875 5811; x_wconf 74' lang='grc' dir='ltr'><strong>Καὶ</strong></span> <span class='ocrx_word' id='word_1_687' title='bbox 1924 5753 1990 5811; x_wconf 65' lang='grc' dir='ltr'>τὰ</span> <span class='ocrx_word' id='word_1_688' title='bbox 2171 5758 2246 5830; x_wconf 79' lang='grc'><strong>(5)</strong></span> <span class='ocrx_word' id='word_1_689' title='bbox 2295 5755 2544 5817; x_wconf 81' lang='grc' dir='ltr'><strong>Ἐνοικεῖ,</strong></span> <span class='ocrx_word' id='word_1_690' title='bbox 2573 5760 2691 5824; x_wconf 68' lang='grc' dir='ltr'><strong>ιειιι.Ι</strong></span> 
     </span>
    </p>
   </div>
  </div>
