3990 6208
488 332 625 387 ηὸδ

1326 328 1380 389 S.
1416 323 1784 379 ATHANASII
1824 322 1974 378 OPP.
2016 318 2196 376 PARS
2234 318 2317 375 111.
2356 349 2427 362 -
2459 318 2865 377 ΕΧΕΕΕΤΙΟΑ.

3553 324 3691 380 1256

1597 442 1969 499 ATilANASll
2008 436 2581 496 INTERPRETATIO.

483 564 681 628 Aaron,
718 563 791 617 ita
838 570 988 625 sunt,
1020 571 1074 616 et
1105 577 1193 631 qui
1236 561 1437 615 mundo
1481 562 1776 616 morientes
1810 561 1911 629 ipsi
1953 574 2038 613 re-

2139 551 2357 624 ἐχρίσθη
2408 548 2632 622 Ἀαρὼν,
2664 548 2836 612 οὕτως
2862 547 2967 600 εἰσὶ
2992 548 3086 601 καὶ
3121 547 3169 599 oi
3205 546 3599 617 ἀποταξάμενοι
3623 550 3697 619 τῷ

483 656 818 717 nuntiarunt,
836 662 889 707 et
915 653 1193 707 unanimes
1219 660 1365 706 sunt.
1388 649 1520 705 Nam
1548 651 1673 704 illud
1703 664 2033 721 unguentum

482 746 903 829 compOucltatur
926 759 990 797 ex
1019 745 1257 814 myrrha,
1284 751 1339 797 ct
1362 743 1727 807 cinnamomo,
1750 751 1804 796 et
1830 742 2036 796 calamo

482 837 617 892 bene
649 836 833 897 olenti,
863 845 916 890 et
939 835 1070 890 iride
1100 835 1175 907 (a)
1202 855 1215 890 :
1240 836 1354 890 hinc
1382 836 1528 889 enim
1578 836 1945 889 miscebantur
1980 834 2033 888 in

482 929 621 992 oleo,
650 938 808 995 atque
838 926 906 979 ita
938 928 1097 981 tiebat
1121 936 1452 995 unguentum
1484 934 1903 995 unguentorum,
1928 939 2037 993 quo

481 1019 783 1090 ungebatur
823 1017 1094 1080 sacerdos,
1124 1033 1246 1071 cum
1275 1016 1589 1071 initiabatur
1633 1018 1698 1071 ad
1733 1031 1886 1070 sacra
1925 1015 2036 1069 Deo

483 1109 724 1162 facienda
752 1126 764 1160 :
798 1108 868 1160 ita
912 1107 1054 1159 enim
1087 1114 1414 1175 praeceperat
1440 1105 1593 1175 ‘Deus
1621 1105 1787 1176 Moysi
1815 1106 1867 1161 in
1895 1107 2035 1161 libro

480 1197 651 1252 Exodi
675 1197 740 1251 ⁸⁸.
765 1196 982 1267 Myrrha
1018 1197 1179 1269 igitur
1226 1199 1607 1267 interpretatur
1647 1208 1919 1251 concentus
1951 1214 2036 1250 eo-

481 1306 630 1355 rum;
658 1292 1043 1343 cinnamomum
1071 1300 1248 1343 autem
1282 1291 1535 1350 possessio
1558 1288 1926 1348 immaculata:
1950 1306 2038 1342 ca-

483 1381 653 1434 lamus
677 1395 805 1434 vero
827 1380 1119 1433 benevolens
1141 1389 1222 1432 est
1244 1376 1477 1447 Spiritus
1506 1387 1738 1432 sanctus.
1776 1377 2037 1430 Dominus

480 1473 623 1525 enim
659 1471 871 1538 inquit:
904 1470 1110 1540 Lingua
1156 1486 1268 1522 mea
1307 1469 1545 1522 calamus
1589 1469 1774 1523 scriba:
1797 1468 2037 1522 velociter

479 1564 756 1615 scribentis
787 1563 852 1628 ",
882 1562 1086 1641 scilicet
1132 1558 1394 1629 Spiritus;
1427 1561 1519 1614 iris
1555 1573 1733 1614 autem
1774 1560 2038 1637 interpre-

481 1662 625 1708 tatur
657 1654 951 1724 vigilantia.
982 1651 1055 1705 lta
1090 1653 1254 1722 igitur
1283 1652 1445 1705 etiam
1495 1651 1580 1704 isti
1622 1651 1908 1720 compositi
1942 1666 2036 1704 ex-

480 1744 710 1809 sistunt,
748 1743 1150 1806 renuntiantes,
1194 1743 1437 1810 inquam,
1483 1741 1683 1795 mundo
1737 1740 2035 1795 secundum

481 1832 670 1899 Deum,
698 1843 913 1903 propter
942 1847 1129 1886 eorum
1165 1842 1508 1894 concentum,
1539 1830 1682 1900 quod
1716 1831 2034 1900 interpreta—

2137 646 2322 714 κόσμῳ
2344 641 2754 704 ωταθανόντες,
2785 641 2878 693 καὶ
2904 641 2949 692 oi
2979 638 3130 702 ὄντες
3181 638 3457 707 ὀμόψυχοι.
3496 639 3699 693 Ἐκεῖνο

2133 735 2239 806 γὰρ
2262 734 2321 788 τὺ
2355 733 2521 804 μύρον
2545 730 2943 785 κατεσκεύαστο
2972 730 3077 784 ἀπὸ
3107 728 3368 800 σμύρνης,
3399 729 3490 781 καὶ
3510 745 3698 782 κιννα-

2137 827 2347 897 μώμου,
2376 826 2468 878 καὶ
2494 823 2738 894 καλάμου
2771 821 3022 884 εὐώδους,
3057 821 3150 873 καὶ
3212 819 3390 889 ἴρεως·
3442 819 3698 889 ἐμίγνυτο

2132 917 2239 988 γάρ
2269 916 2439 969 ταῦτα
2463 917 2518 968 ἐν
2551 913 2737 983 ἐλαίῳ,
2782 911 2876 964 καὶ
2928 910 3132 978 ἐγίνετο
3180 907 3344 979 μύρον
3382 905 3693 978 μυρεψικόν·
3765 956 3777 966 ,

2132 1009 2225 1062 καὶ
2246 1008 2418 1077 τούτῳ
2447 1005 2695 1076 ὲχρίσατο
2716 1007 2744 1058 ὁ
2769 1003 2963 1072 ἱερεὺς,
2984 1003 3108 1055 ὅταν
3130 997 3528 1071 προεχειρίζετο
3554 1000 3698 1067 ἱεραο

2132 1099 2303 1153 τεύειν
2331 1098 2408 1169 τῷ
2435 1096 2570 1167 Θεῷ·
2605 1096 2743 1148 οὕτω
2774 1095 2881 1165 γὰρ
2916 1090 2984 1163 ἦν
3030 1090 3333 1162 προστάξας
3379 1092 3405 1142 ὁ
3434 1089 3567 1152 Θεὸς
3623 1087 3698 1157 τῷ

2131 1192 2354 1246 Μωῦσεῖ
2384 1192 2440 1242 ἐν
2468 1192 2534 1259 τῇ
2575 1187 2737 1259 βίϐλῳ
2781 1187 2879 1255 τῆς
2918 1183 3148 1251 Ἐξόδου.
3188 1179 3577 1252 Ἐρμηνεύεται
3608 1175 3696 1232 οὖν

2132 1285 2368 1352 σμύρνα
2376 1281 2638 1351 μελῳδία
2651 1276 2861 1333 αὐτῶν·
2882 1275 3255 1344 κιννάμωμον
3264 1273 3320 1325 δὲ
3337 1274 3398 1343 ἐρ
3406 1270 3696 1341 μηνεύεται

2132 1375 2326 1438 κτίσις
2346 1372 2602 1441 ἄμωμος·
2624 1368 2887 1438 κάλαμος
2904 1368 2961 1420 δὲ
2992 1364 3216 1433 εὐώδης
3238 1365 3353 1416 ἐστὶ
3372 1363 3437 1416 τὸ
3458 1363 3697 1430 Πνεῦμα

2131 1462 2197 1514 τὸ
2234 1460 2421 1531 ἅγιον·
2471 1463 2499 1514 ὁ
2548 1458 2656 1531 γάρ
2710 1457 2913 1530 Κύριός
2952 1472 3135 1525 φησιν·
3191 1455 3262 1509 Ἠ
3296 1452 3549 1524 γλῶσσά
3581 1470 3695 1522 μου

2133 1550 2400 1620 κάλαμος
2455 1550 2826 1620 γραμματέως
2886 1546 3259 1617 ὁξυγράφου,
3329 1545 3577 1598 τουτέστι
3638 1543 3695 1596 τὸ

2134 1642 2372 1713 Πνεῦμα·
2415 1642 2609 1710 ἱερέως
2642 1636 2795 1712 [ἶρις]
2845 1638 3275 1713 δὲέρμηνεύεται
3317 1640 3691 1705 τρηγέρησις.

2133 1732 2317 1797 Οὕτως
2338 1730 2429 1786 οῦν
2455 1732 2548 1786 καὶ
2571 1727 2714 1786 οῦτοι
2744 1732 3039 1803 ὑπάρχουσι
3069 1730 3429 1800 συγκείμενοι,
3468 1728 3616 1797 λέγω
3636 1729 3694 1800 δὴ

2133 1826 2182 1876 οἱ
2235 1823 2629 1892 ἀποταξάμενοι
2682 1822 2819 1876 κατά
2867 1821 2998 1874 Θεὸν
3042 1820 3129 1873 διὰ
3178 1819 3442 1889 μελῳδίας
3492 1819 3691 1879 αὐτῶν,

479 1933 567 1976 tur
597 1924 837 1992 myrrha;
868 1930 920 1976 et
953 1930 1168 1990 propter
1216 1922 1615 1989 possessionem
1662 1923 2034 1974 immaculata-

2135 1916 2269 1985 ὅπερ
2295 1913 2651 1985 ἑρμηνεύεται
2681 1914 2933 1981 σμύρνα·
2961 1912 3052 1965 καὶ
3091 1911 3179 1964 διὰ
3199 1910 3294 1981 τῆς
3326 1911 3575 1980 κτήσεως
3596 1910 3695 1962 τῶν

480 2031 601 2069 rum
632 2029 853 2069 suarum
875 2016 1270 2081 operationum,
1290 2012 1433 2080 quod
1461 2012 1838 2079 interpretatur
1856 2011 2039 2063 cinna-

479 2119 739 2166 momum;
778 2113 831 2157 et
869 2111 1084 2172 propter
1105 2109 1329 2171 gratiam
1362 2100 1594 2170 Spiritus
1620 2101 1810 2164 sancti,
1838 2100 1931 2169 qui
1956 2108 2040 2154 est

480 2193 719 2248 calamus
752 2194 1082 2251 benevolens;
1118 2202 1170 2246 et
1205 2201 1419 2260 propter
1456 2192 1650 2244 anima:
1685 2192 2035 2262 vigilantiam,

480 2303 642 2356 quam
676 2286 939 2357 significat
984 2286 1134 2339 iridis
1170 2302 1383 2339 nomen.
1414 2284 1536 2336 llaec
1570 2283 1731 2354 igitur
1759 2285 2036 2349 habentes,

480 2378 577 2449 qui
606 2381 808 2433 mundo
839 2380 1172 2440 renuntiant,
1197 2378 1404 2432 scilicet
1435 2386 1757 2431 concentum
1793 2377 1932 2429 inter
1959 2378 2039 2446 ip-

484 2486 579 2527 sos
617 2481 672 2528 et
718 2473 1111 2542 possessionem
1157 2469 1625 2525 immaculatarum
1666 2470 1957 2532 actionum,
1986 2477 2040 2522 et

482 2561 834 2632 ﬂagrantium
862 2563 1079 2634 gratiae,
1110 2573 1162 2616 et
1193 2562 1542 2631 vigilantiam,
1570 2561 1798 2615 miscent
1822 2576 1884 2615 ea
1912 2578 2036 2617 cum

482 2654 877 2717 misericordia,
898 2664 949 2707 et
979 2654 1037 2707 ﬁt
1069 2663 1400 2722 unguentum
1437 2653 1543 2709 Deo
1571 2657 1622 2707 in
1653 2655 1872 2708 odorem
1906 2670 2036 2708 sua-

374 2772 383 2777 -
479 2745 682 2799 vitatis.
716 2744 1002 2814 Propterea
1041 2745 1203 2814 igitur
1235 2745 1500 2799 assimilat
1539 2761 1633 2799 eos
1660 2756 1932 2816 unguento
1958 2744 2037 2799 cf-

481 2833 605 2890 fuso
649 2836 703 2889 in
748 2844 909 2904 caput
956 2837 1274 2890 sacerdotis.
1306 2836 1480 2890 Aliam
1515 2837 1676 2891 etiam
1710 2839 2034 2907 interpreta-

482 2927 683 2982 tionem
734 2930 977 2998 accipere
1024 2938 1249 2998 possunt
1297 2929 1455 2983 iidem
1519 2928 1711 2998 psalmi
1762 2928 2030 2984 versiculi.

481 3015 616 3072 Nam
648 3034 768 3072 cum
804 3027 1136 3088 unguentum
1174 3020 1401 3073 electum
1444 3018 1737 3072 eﬂ'unditur
1774 3018 1830 3071 in
1876 3026 2037 3087 caput

483 3110 800 3173 sacerdotis,
850 3110 1153 3163 necessario
1194 3109 1469 3163 descendit
1526 3108 1579 3162 in
1620 3109 1738 3178 ejus
1789 3109 2030 3170 barbam,

479 3201 932 3270 quemadmodum
976 3201 1113 3254 dixit
1152 3201 1389 3269 psalmus
1425 3218 1437 3253 :
1470 3209 1523 3254 et
1564 3200 1617 3253 in
1675 3201 2032 3268 superhume—

482 3294 594 3346 rale
628 3329 643 3353 ,
693 3293 837 3360 quod
906 3291 1024 3359 ejus
1087 3292 1281 3345 collum
1352 3291 1574 3355 circuit,
1627 3300 1681 3344 et
1730 3290 2036 3344 necessario

479 3394 708 3452 utraque
769 3394 1042 3452 unguento
1116 3385 1448 3450 implentur,
1507 3384 1671 3436 barba
1737 3383 1941 3437 scilicet
1984 3392 2037 3436 et

480 3490 575 3527 ora
602 3475 908 3529 vestimenti
943 3475 1079 3543 ejus.
1116 3471 1194 3527 lta
1239 3475 1419 3542 igitur,
1457 3474 1667 3542 inquit,
1709 3484 1837 3526 sunt
1873 3475 2034 3528 etiam

481 3563 574 3631 qui
625 3563 949 3623 unanimiter
1008 3563 1302 3617 secundum
1374 3562 1538 3616 Deum
1590 3565 1791 3617 mundo
1834 3580 2036 3617 renun-

481 3657 648 3718 tiant;
687 3654 979 3709 eﬂ‘unditur
1011 3655 1155 3709 enim
1204 3655 1254 3708 in
1287 3656 1433 3724 ipsos
1481 3654 1715 3725 Spiritus
1754 3667 1977 3711 sanctus
2003 3673 2034 3711 a

481 3745 610 3806 Deo,
643 3746 734 3814 qui
780 3755 860 3799 est
891 3753 1221 3814 unguentum
1264 3745 1564 3814 spirituale,
1599 3755 1653 3800 et
1702 3748 2035 3803 descendens

479 3836 533 3890 in
585 3845 779 3905 caput,
810 3837 913 3891 hoc
954 3847 1038 3891 est
1086 3838 1137 3891 iu
1183 3850 1437 3903 mentem,
1469 3837 1654 3907 implet
1709 3838 1881 3908 gratia
1938 3853 2033 3893 sua

479 3928 639 3982 etiam
671 3930 924 3983 minimos
970 3930 1149 3983 cordis
1178 3945 1390 3994 sensus,
1429 3931 1594 3985 veluti
1641 3932 1883 3987 barbam.
1919 3934 2036 3987 Cir-

478 4039 792 4108 cumimplet
844 4042 1004 4094 etiam
1036 4042 1335 4097 dulcedinis
1362 4043 1606 4098 doctrina
1641 4044 1897 4108 animam,
1921 4062 2038 4115 per-

482 4132 606 4215 inde
650 4148 712 4186 ac
742 4148 891 4186 oram
945 4135 1270 4195 vesdmenti,
1309 4144 1365 4188 ut
1402 4135 1587 4191 dicat:
1630 4136 1828 4192 Christi
1872 4138 2034 4193 bonus

483 4220 612 4281 odor
636 4241 812 4278 sumus
837 4228 889 4278 in
913 4226 1001 4289 iis,
1030 4227 1119 4295 qui
1149 4227 1284 4280 salvi
1309 4227 1523 4295 ﬁunt".
1545 4226 1754 4283 Rursus
1787 4229 2034 4283 animad-

486 4323 690 4367 vertere
737 4316 881 4377 licet,
916 4317 1057 4381 quod
1086 4330 1299 4385 pr0pter
1348 4318 1451 4372 hoc
1486 4318 1624 4373 idem
1674 4328 2032 4389 unguentum,

484 4415 757 4471 unguento
798 4406 872 4459 illi
919 4421 1011 4461 eos
1050 4409 1388 4474 assimilavit,
1416 4410 1669 4478 quoniam
1698 4427 1763 4465 ex
1802 4411 1869 4466 iis
1901 4427 2037 4480 qua-

488 4503 628 4559 tuor,
656 4510 775 4563 quae
807 4497 1204 4561 recensuimus,
1238 4510 1569 4568 praeparatur
1607 4511 1940 4570 unguentum
1973 4502 2039 4556 il-

488 4585 576 4638 lud
613 4586 665 4639 in
705 4586 851 4653 olco;
887 4589 957 4640 ita
980 4588 1143 4642 etiam
1198 4589 1285 4642 isti
1336 4605 1403 4643 ex
1452 4601 1689 4661 quatuor
1732 4592 2037 4665 Evangeliis
2067 4606 2111 4661 D

487 4676 768 4745 praeparati
803 4687 927 4730 sunt
959 4678 1014 4732 in
1049 4678 1142 4732 Dei
1171 4679 1454 4745 eharilate,
1479 4697 1601 4751 qua:
1623 4691 1706 4737 est
1733 4682 1886 4753 plena
1910 4684 2038 4750 olei,

485 4782 538 4824 et
567 4769 836 4822 fructuum
867 4770 1234 4838 paciﬁcorum.
1267 4769 1382 4825 Non
1410 4773 1583 4827 solum
1616 4783 1794 4828 autem
1823 4774 1875 4828 in
1896 4774 2040 4829 hunc

483 4860 727 4921 modum,
757 4862 849 4915 sed
901 4861 1061 4914 etiam
1112 4861 1266 4915 aliter
1305 4862 1599 4931 intelligere
1639 4862 1760 4917 licet
1805 4873 2035 4917 mentem

483 4951 788 5021 hujusmodi
832 4951 1044 5019 psalmi,
1071 4967 1231 5020 quam
1262 4953 1331 5007 ob
1372 4968 1590 5007 causam
1639 4963 1912 5023 unguento
1959 4953 2036 5007 illi

480 5043 745 5112 Spirituali
791 5058 887 5099 eos
935 5045 1333 5108 assimilaverit.
1379 5049 1635 5116 quoniam
1681 5050 1907 5103 omnino
1943 5049 2031 5105 isti

481 5137 724 5190 membra
762 5146 887 5190 sunt
911 5135 1132 5205 Christi,
1169 5137 1235 5192 de
1264 5154 1370 5206 quo
1392 5142 1649 5209 propheta
1689 5141 1893 5211 inquit:
1926 5140 2034 5195 Un-

480 5259 724 5317 guentum
748 5264 934 5301 novum
962 5266 1145 5302 nomen
1174 5259 1340 5305 tuum.
1372 5244 1630 5320 Apposite
1659 5253 1842 5321 igitur.
1865 5255 2031 5308 veluti

481 5339 648 5392 divini
689 5340 966 5410 unguenti,
1003 5341 1251 5397 videlicet
1292 5343 1515 5410 Christi,
1563 5347 1859 5399 secundum
1913 5363 2035 5415 gra-

480 5433 610 5486 tiam
655 5439 893 5489 membra
948 5437 1303 5502 exsisteutes,
1343 5441 1534 5494 merito
1565 5440 1725 5494 etiam
1759 5453 2030 5511 unguento

482 5521 643 5577 iidem
675 5527 961 5580 assimilati
990 5537 1135 5581 sunt.

557 5660 605 5693 ⁸⁸
634 5658 801 5715 Exod.
835 5680 964 5731 xxx,
990 5664 1081 5728 25,
1115 5666 1205 5720 24.
1280 5668 1324 5700 ⁸⁸
1355 5667 1497 5723 Psal.
1522 5685 1665 5732 xuv,
1697 5671 1750 5725 2.

2140 2003 2313 2075 ἔργων
2333 2002 2509 2056 αὐτῶν
2530 2001 2637 2055 τῶν
2665 2000 2926 2072 ἀμώμων,
2944 2003 3079 2071 ὅπερ
3096 2000 3452 2071 ἑρμηνεύεται
3482 1999 3555 2052 τὸ
3578 2018 3696 2053 κιν-

2136 2095 2435 2165 νάμωμον·
2467 2096 2559 2147 καὶ
2590 2093 2675 2146 διὰ
2700 2094 2795 2164 τῆς
2817 2094 3032 2164 χάριτος
3059 2093 3150 2145 τοῦ
3176 2092 3329 2160 ἁγίου
3359 2092 3501 2145 Πνεύ
3510 2109 3693 2163 ματος,

2137 2185 2272 2254 ὅπερ
2300 2185 2445 2236 ἐστὶν
2481 2187 2512 2236 ό
2542 2182 2806 2252 κάλαμος
2834 2186 2866 2237 ό
2893 2181 3136 2249 εὐώδης·
3166 2184 3258 2234 καὶ
3280 2179 3367 2234 διὰ
3401 2185 3502 2254 τῆς
3537 2184 3694 2252 ἐγρηο

2137 2275 2376 2345 γόρσεως
2398 2274 2495 2345 τῆς
2543 2274 2740 2345 ψυχῆς,
2773 2275 2906 2344 ὅπερ
2927 2272 3240 2345 ἡρμηνεύθη
3263 2274 3324 2326 τὸ
3356 2273 3450 2326 τοῦ
3512 2272 3695 2342 ἱερέως

2137 2363 2324 2434 ὄνομα.
2358 2363 2540 2417 Ταῦτα
2566 2360 2656 2417 οὖν
2682 2364 2891 2434 ἔχοντες
2918 2366 2966 2416 οἱ
3000 2364 3420 2435 ἀποταξάμενοι,
3458 2363 3562 2434 τὴν
3610 2381 3696 2434 με·

2137 2451 2328 2521 λῳδίαν
2349 2452 2543 2517 αὐτῶν,
2568 2453 2659 2506 καὶ
2675 2455 2772 2524 τὴν
2788 2454 2975 2525 κτῆσιν
2989 2454 3096 2508 τῶν
3116 2455 3288 2528 ἔργων
3310 2456 3414 2509 τῶν
3431 2456 3693 2528 ἀμώμων,

2138 2544 2229 2596 καὶ
2248 2543 2345 2613 τὴν
2373 2544 2600 2598 εὐωδίαν
2650 2545 2749 2615 τῆς
2801 2546 3035 2618 χάριτος,
3075 2548 3169 2600 καὶ
3219 2548 3315 2618 τὴν
3347 2550 3690 2620 ἐγρήγορσιν.

2139 2634 2420 2704 μίσγουσιν
2451 2634 2592 2687 αὐτά
2615 2633 2970 2706 ἐλεημοσύνη,
3006 2638 3099 2688 καὶ
3143 2636 3255 2691 ἔστι
3283 2636 3452 2709 μύρον
3476 2640 3559 2711 τῷ
3587 2641 3693 2711 Θεῷ

2136 2727 2215 2788 εἰς
2272 2725 2444 2795 ὀσμὴν
2498 2725 2743 2789 εὐωδίας.
2799 2727 2897 2780 Διά
2955 2728 3115 2781 τοῦτο
3173 2725 3265 2782 οὖν
3320 2730 3525 2800 ἀπηκλ.
3567 2771 3584 2786 .
3623 2774 3688 2786 ..

2138 2814 2466 2888 [ἀπεικάζει]
2497 2818 2692 2881 αὐτοὺς
2749 2817 2824 2888 τῷ
2858 2818 3012 2890 μύρῳ
3045 2819 3124 2891 τῷ
3174 2819 3421 2892 βληθέντι
3456 2823 3557 2875 ἐπὶ
3602 2824 3691 2894 τὴν

2135 2908 2374 2979 κεφαλὴν
2400 2908 2493 2961 τοῦ
2529 2909 2738 2979 ἱερέως.
2767 2909 2871 2963 Καί
2906 2910 3071 2981 ἀλλην
3120 2911 3177 2964 δὲ
3219 2913 3512 2983 ἑρμηνείαν
3548 2913 3693 2985 ἔχου-

2135 3016 2219 3053 σιν
2247 3002 2294 3053 οί
2322 3001 2474 3054 αὐτοὶ
2501 3001 2695 3071 στίχοι.
2734 3002 2924 3056 Ἡνίκα
2955 3001 3064 3074 γὰρ
3108 3003 3298 3073 ἐπέχεε
3327 3006 3388 3057 τὸ
3428 3005 3602 3078 μύρον
3640 3006 3694 3057 τὸ

2134 3093 2435 3165 προλεχθὲν
2461 3093 2556 3146 ἐπὶ
2584 3093 2680 3163 τὴν
2710 3095 2950 3165 κεφαλὴν
3003 3094 3094 3149 τοῦ
3130 3096 3335 3167 ἱερέως,
3388 3098 3694 3166 ἀναγκαίαις

2135 3184 2326 3255 κατῄει
2365 3185 2456 3237 ἐπὶ
2482 3184 2572 3237 τὸν
2599 3183 2834 3253 πώγωνα
2884 3184 3046 3239 αὑτοῦ
3071 3185 3132 3239 τὸ
3160 3187 3346 3258 μύρον,
3396 3187 3583 3252 καθὼς
3620 3188 3691 3242 εἷο

2065 3264 2104 3318 C
2142 3288 2303 3342 ρηκεν
2331 3274 2358 3326 ὁ
2379 3273 2612 3345 ψαλμὸς,
2644 3275 2736 3327 καὶ
2761 3274 2853 3326 ἐπὶ
2889 3275 2949 3328 τὸ
2979 3276 3323 3347 περιστόμιον
3358 3277 3418 3331 τὸ
3469 3279 3693 3331 κυκλοὺν

2134 3365 2225 3419 τὸν
2244 3364 2533 3435 τράχηλον,
2565 3365 2659 3418 καὶ
2695 3365 3025 3435 ἐπληροῦντο
3053 3366 3362 3433 ἀναγκαίως
3390 3367 3487 3422 τοῦ
3525 3370 3692 3440 μύρου

2135 3454 2202 3507 τὰ
2236 3455 2535 3526 ἀμφότερα,
2565 3456 2594 3510 ὃ
2634 3473 2696 3509 τε
2721 3455 2916 3524 πώγων
2944 3458 3038 3510 καὶ
3076 3458 3108 3526 ὴ
3157 3458 3239 3527 ᾦα
3258 3458 3353 3512 τοῦ
3405 3459 3694 3531 ἐνδύματος

2135 3543 2318 3598 αὐτοῦ.
2339 3544 2524 3608 Οῦτως
2556 3540 2670 3606 οὖν,
2700 3544 2869 3614 λέγει,
2908 3546 3014 3598 εἰσὶ
3040 3547 3134 3599 καὶ
3155 3549 3204 3600 οἱ
3244 3548 3533 3619 ὀμοψύχως
3561 3551 3694 3604 κατὰ

2135 3631 2268 3686 Θεὸν
2299 3630 2716 3702 ἀποταξάμενοι·
2745 3632 3017 3703 ἐπικέεται
3036 3633 3142 3702 γὰρ
3170 3635 3353 3697 αὐτοῖς
3382 3637 3443 3688 τὸ
3477 3636 3694 3705 Πνεῦμα

2133 3723 2195 3777 τὸ
2228 3724 2380 3791 ἆγιον
2409 3723 2516 3777 ἀπὸ
2574 3723 2668 3776 τοῦ
2720 3722 2875 3784 Θεοῦ,
2933 3725 3064 3795 ὅπερ
3110 3725 3225 3778 ἐστὶ
3266 3726 3329 3779 τὸ
3382 3726 3573 3798 μύρον,
3607 3727 3693 3779 καὶ

2135 3814 2389 3868 κατελθὸν
2442 3815 2535 3868 ἐπὶ
2586 3815 2683 3885 τὴν
2737 3815 2991 3886 κεφαλὴν,
3044 3819 3285 3870 τουτέστι
3318 3819 3397 3881 εἰς
3441 3818 3690 3882 διάνοιαν,

2136 3905 2331 3977 πληροῖ
2350 3906 2447 3975 τῆς
2474 3905 2690 3977 χάριτος
2712 3905 2896 3970 αὑτοῦ,
2920 3906 3013 3959 καὶ
3039 3906 3106 3959 τὰ
3132 3906 3301 3960 λεπτά
3330 3910 3578 3978 νοήματα
3602 3909 3692 3978 τῆς

2134 3997 2375 4067 καρδίας,
2431 3998 2630 4051 ὡσανεὶ
2667 3998 2756 4050 τὸν
2815 3996 3067 4064 πώγωνα.
3128 3999 3331 4070 Πληροῖ
3379 4001 3475 4053 καὶ
3516 4000 3693 4070 κύκλῳ

2134 4087 2463 4159 γλυκύτητος
2517 4088 2616 4161 τὴν
2670 4088 3010 4142 διδασκαλίαν
3041 4090 3137 4160 τῆς
3183 4088 3358 4159 ψυχῆς
3411 4087 3533 4160 [τῆς
3553 4090 3690 4141 διδα-

2137 4179 2360 4242 σκαλίας
2387 4179 2482 4250 τὴν
2510 4179 2730 4253 ψυχὴν],
2758 4181 2891 4253 ὅπερ
2921 4183 3119 4252 ὲστὶνὴ
3147 4181 3227 4251 ᾦα
3254 4180 3345 4233 τοῦ
3380 4180 3690 4252 ἐνδύματος,

2134 4272 2221 4324 ἵνα
2241 4270 2403 4339 λέγει·
2439 4273 2692 4338 Χριστοῦ
2721 4273 2935 4327 εὐωδία
2968 4274 3153 4341 ἐσμὲν
3176 4274 3244 4326 ἐν
3288 4273 3411 4338 τοῖς
3450 4272 3692 4340 σωζομέε

2133 4376 2279 4423 νοις.
2329 4360 2437 4412 Καὶ
2488 4360 2645 4413 πάλιν
2698 4360 2812 4413 ἔστι
2867 4361 3109 4423 συνιδεῖν,
3159 4363 3238 4415 ὅτι
3286 4362 3374 4416 διὰ
3430 4362 3589 4416 τοῦτο
3638 4363 3691 4414 τὸ

2138 4447 2304 4519 μύρον
2331 4450 2501 4501 ἐκεῖνο
2537 4449 2597 4502 τὸ
2633 4450 2799 4522 μύρον
2831 4451 3042 4523 [ἐκείνῳ
3072 4453 3146 4523 τῷ
3182 4451 3357 4524 μύρῳ]
3403 4454 3692 4507 ἀπείκασεν

2136 4540 2348 4605 αὐτοὺς,
2384 4540 2568 4611 ἐπειδὴ
2595 4543 2658 4594 ἐκ
2684 4541 2790 4596 τῶν
2832 4544 3110 4615 τεσσάρων
3167 4545 3406 4605 ἐκείνων,
3434 4538 3517 4598 ὧν
3550 4545 3693 4614 εἰρή-

2139 4646 2332 4700 καμεν,
2364 4631 2760 4684 κατεσκεύαστο
2783 4634 2862 4697 εἰς
2886 4633 3059 4687 ἔλαιον
3092 4635 3262 4687 ἐκεῖνο
3285 4635 3343 4687 τὸ
3385 4634 3574 4705 μύρον·
3609 4634 3693 4689 οῦ-

2134 4738 2240 4783 τως
2263 4716 2354 4774 οῦν
2382 4722 2475 4774 καὶ
2499 4716 2643 4776 οὗτοι
2664 4724 2728 4777 ἐκ
2758 4723 2864 4776 τῶν
2889 4727 3164 4797 τεσσάρων
3184 4727 3531 4795 Εὑαγγελίων
3561 4744 3690 4780 κατ-

2133 4812 2536 4882 εσκευάσθησαν
2575 4816 2655 4878 εἰς
2676 4816 2773 4885 τὴν
2815 4817 3032 4888 ἀγάπην
3063 4817 3155 4869 τοῦ
3194 4816 3350 4880 Θεοῦ,
3372 4820 3494 4889 ἣτις
3524 4818 3679 4888 ύπὰρ

2133 4920 2214 4973 χει
2252 4904 2421 4976 μεστὴ
2449 4906 2626 4959 ἐλαίου
2649 4907 2741 4959 καὶ¹
2774 4908 2998 4977 καρπῶν
3052 4906 3355 4979 εἰρηνικῶν.
3405 4909 3481 4961 Οὐ
3538 4909 3691 4979 μόνον

2131 4994 2187 5046 δὲ
2219 4996 2394 5060 τοῦτο,
2421 4996 2553 5049 ἀλλά
2580 4997 2672 5049 καὶ
2731 4997 2904 5062 ἄλλως
2937 4997 3083 5052 ἐστιν
3116 5002 3403 5072 ἐπιστῆσαι
3432 5001 3524 5055 τὸν
3550 5001 3690 5055 νοῦν·

2135 5086 2222 5138 διά
2245 5087 2400 5139 ποίαν
2454 5089 2629 5142 αἰτίαν
2661 5088 2737 5158 τῷ
2797 5089 2951 5161 μύρῳ
2982 5091 3192 5161 ’ἐκείνῳ
3228 5090 3305 5161 τῷ
3343 5091 3692 5163 πνευματικῷ

2138 5177 2460 5247 ἀφωμοίωσε
2479 5182 2603 5242 τοὺς
2624 5180 2916 5245 τοιούτους·
2947 5182 3128 5252 ἐπειδὴ
3184 5182 3350 5247 ὅντως
3382 5187 3430 5236 οἱ
3461 5187 3688 5238 τοιοῦτοι

2138 5267 2369 5335 Χριστοῦ
2410 5269 2543 5341 μέλη
2594 5271 2937 5341 τυγχάνουσι,
2987 5274 3112 5344 περὶ
3142 5270 3203 5327 οὗ
3231 5275 3259 5326 ὁ
3292 5276 3574 5346 προφήτης
3609 5276 3689 5327 λέ-

2136 5372 2242 5423 γει·
2272 5358 2476 5425 Μύρον
2507 5362 2836 5417 ἑκκενωθέν
2863 5362 3047 5432 ὄνομά
3098 5378 3218 5419 σοι·
3256 5367 3575 5434 ἀναγκαίως
3602 5365 3691 5420 οὖν

2136 5447 2209 5511 ὡς
2264 5448 2358 5502 τοῦ
2397 5449 2541 5504 θείου
2599 5452 2771 5524 μύρου
2793 5493 2807 5517 ,
2852 5454 3051 5508 ὡσανεὶ
3072 5455 3329 5526 Χριστοῦ,
3359 5457 3505 5511 κατὰ
3536 5459 3689 5528 χάριν

2140 5538 2271 5609 μέλη
2298 5539 2468 5608 ὄντες,
2498 5545 2721 5609 εἰκότως
2756 5545 2849 5598 καὶ
2876 5545 3027 5600 αὐτοὶ
3066 5546 3221 5621 μύρῳ
3246 5548 3680 5622 ἀπεικάσθησεν.

1840 5675 1884 5706 ⁸⁷
1916 5674 1961 5728 ll
2031 5676 2157 5731 Cor.
2195 5695 2252 5742 η,
2281 5680 2367 5734 15.

553 5768 632 5834 (a)
669 5768 842 5827 Herba
898 5778 1188 5833 aromatica
1217 5797 1231 5845 ;
1298 5783 1441 5837 casia
1499 5783 1691 5837 dicitur
1744 5785 1800 5841 in
1851 5786 2026 5844 Latin.
2067 5791 2207 5858 vulg.
2243 5793 2368 5847 edit.
