3990 6208
393 269 526 327 1261

777 381 1145 450 mammam.
1202 382 1374 435 ΨΑΛ.
1412 383 1584 434 ΡΑΔ·.

464 500 489 554 1
543 499 752 553 Αἰνεῖτε
771 496 831 550 τὸ
854 495 1023 566 ὄνομα
1053 494 1261 566 Κυρίου
1279 531 1292 558 ,

459 590 514 646 2.
544 591 774 653 Αἰνεῖτε,
810 587 1005 653 δοῦλοι,
1030 584 1255 654 Κύριον.

458 680 511 735 5.
541 680 604 733 Οί
630 676 860 740 ἑστῶτες
887 678 944 730 ὲν
976 676 1110 747 οἴκῳ
1142 675 1369 746 Κυρίου,

458 771 510 826 4.
560 771 650 824 Ἐν
683 769 872 832 αὐλαῖς
901 769 1048 821 οἴκου
1074 765 1411 839 Θεοῦ

459 864 512 919 5.
549 864 754 931 Αἰνεῖτε
787 861 877 913 τὸν
901 859 1123 931 Κύριον,
1157 860 1239 913 ὅτι
1266 858 1472 928 ἀγαθὸς
1493 858 1713 931 Κύριος.

458 952 509 1007 6.
534 930 754 1007 Ψάλατε
783 950 861 1021 τῷ
893 949 1113 1019 ὀνόματι
1142 949 1328 1013 αὐτοῦ,
1367 949 1448 1002 ὃτι
1474 948 1657 1003 καλόν.

460 1043 510 1097 7.
538 1044 658 1097 ’Ότι
688 1042 778 1094 τὸν
813 1039 1006 1094 Ἰακὼϐ
1040 1038 1321 1106 ἐξελέξατο
1343 1039 1519 1110 ἐαυτῷ
1537 1042 1566 1093 6
1589 1038 1810 1111 Κύριος,

457 1134 511 1191 8.
554 1134 768 1207 Ἰσραὴλ
796 1136 876 1197 εἰς
905 1131 1333 1204 περιουσιασμὸν
1361 1132 1541 1202 ἑαυτῷ
1570 1130 1831 1204 [sou-:06].

457 1226 510 1282 9-
543 1228 663 1279 Ὅτι
704 1225 815 1295 ἐγὼ
840 1226 1072 1295 ἔγνωκα,
1101 1225 1183 1277 ὃτι
1211 1226 1239 1277 ὁ
1274 1228 1349 1291 (a)
1389 1225 1559 1295 μέγας
1589 1226 1617 1278 6
1638 1226 1842 1297 Κύριος
1868 1243 1881 1258 ·

459 1320 544 1376 10.
572 1319 729 1375 Καὶὸ
754 1319 954 1391 Κύριος
975 1318 1131 1388 ἡμῶν
1155 1316 1306 1389 παρὰ
1330 1317 1535 1381 πάντας
1563 1318 1687 1382 τοὺς
1712 1316 1890 1380 θεούς.

459 1412 546 1469 11.
572 1412 757 1465 Πάντα
792 1411 892 1463 ὅσα
918 1409 1179 1480 ἠθέλησεν
1210 1410 1238 1460 ὁ
1263 1408 1467 1480 Κύριος
1490 1409 1745 1480 ἐποίησεν

459 1505 547 1561 12.
595 1504 683 1557 Ἐν
704 1502 779 1574 τῷ
799 1501 1010 1575 οὐρανῷ
1032 1501 1125 1555 καὶ
1151 1502 1208 1554 ὲν
1238 1503 1305 1572 τῇ
1337 1502 1429 1571 γῇ.

458 1597 545 1652 15.
584 1598 671 1650 Ἐν
684 1598 801 1668 ταῖς
822 1595 1118 1657 θαλάσσαις
1136 1594 1229 1647 καὶ
1244 1595 1301 1645 ὲν
1324 1592 1525 1655 πάσαις
1539 1594 1659 1655 ταῖς
1678 1591 1953 1654 ἅϐύσσοις.

458 1688 544 1743 14.
588 1688 826 1756 Ἀνάγων
847 1685 1073 1755 νεφέλας
1102 1683 1160 1749 ἐξ
1184 1684 1411 1753 ἐσχάτου
1435 1683 1535 1753 τῆς
1561 1683 1684 1754 γῆς.

460 1781 550 1836 15.
596 1779 903 1852 Ἀστραπὰς
933 1778 1011 1841 εἰς
1037 1776 1189 1830 ὑετὸν
1210 1777 1483 1846 ἐποίησεν.

463 1873 536 1945 (α)
568 1872 728 1928 Deest
750 1880 976 1941 uterque
1007 1877 1110 1924 art.
1141 1869 1169 1921 6

1273 266 1363 321 DE
1400 266 1679 335 TITULIS
1710 266 2163 324 PSALMORUM.
2197 298 2269 310 --—
2298 268 2494 326 PSAL.
2534 272 2818 332 CXXXIV.

1990 386 2037 443 Α

3485 278 3624 341 1269

2425 384 2671 441 Alleluia.
2706 385 2912 443 PSAL.
2939 385 3254 447 CXXXIV.

2133 502 2184 556 1.
2214 502 2455 559 Laudatc
2483 521 2679 560 nomen
2715 505 2949 573 Domini,

2128 590 2183 644 2.
2215 590 2475 657 Laudate,
2504 596 2668 660 servi,
2701 595 3011 652 Dominum.

2127 682 2179 736 5.
2217 681 2319 747 Qui
2347 685 2504 739 statis
2529 685 2584 739 in
2613 687 2775 741 domo
2799 688 3036 754 Domini,

2127 773 2182 828 4.
2212 773 2272 827 In
2297 776 2452 831 atriis
2480 777 2673 833 domus
2704 777 2800 835 Dei
2833 781 3030 836 nostri.

2128 866 2183 921 5.
2219 864 2463 923 Laudate
2493 868 2804 935 Dominum,
2840 873 2970 943 quia
3002 873 3180 932 bonus
3205 875 3469 937 Dominus
3497 898 3514 939 :

2126 957 2180 1012 6.
2215 956 2438 1014 Psallite
2467 962 2677 1016 nomini
2707 964 2850 1032 ejus,
2879 966 3142 1034 quoniam
3172 984 3356 1026 suave.

2127 1048 2178 1104 7.
2215 1049 2483 1116 Quoniam
2512 1051 2681 1109 Jacob
2711 1055 2871 1125 elegit
2901 1055 3005 1111 sibi
3037 1056 3347 1128 Dominusp

2125 1140 2179 1195 8.
2212 1138 2376 1197 Israel
2404 1143 2459 1198 in
2491 1146 2891 1214 possessionem
2919 1145 3024 1203 sibi
3057 1148 3213 1222 [sui].

2125 1233 2180 1288 9.
2208 1232 2344 1299 Quia
2376 1251 2476 1307 ego
2496 1239 2745 1307 cognovi,
2780 1240 2925 1309 quod
2956 1254 3186 1310 magnus
3209 1250 3292 1299 est
3317 1242 3616 1307 Dominus:

2129 1321 2217 1375 1ο.
2250 1321 2316 1376 Et
2349 1322 2492 1380 Deus
2521 1337 2705 1381 noster
2724 1343 2834 1396 prae
2865 1331 3119 1386 omnibus
3146 1331 3269 1388 diis.

2128 1413 2216 1468 11.
2250 1416 2435 1470 Omnia
2465 1434 2804 1490 quaecunque
2836 1421 3008 1476 voluit
3031 1422 3314 1492 Dominus,
3352 1426 3481 1485 fecit

2129 1503 2219 1559 12.
2247 1504 2302 1558 ln
2336 1508 2494 1572 coelo,
2521 1518 2575 1563 et
2599 1510 2650 1563 in
2684 1519 2847 1578 terra,

2127 1596 2214 1650 15.
2245 1596 2312 1651 Ει
2335 1598 2390 1652 in
2421 1602 2576 1667 mari,
2601 1610 2656 1655 et
2704 1604 2756 1656 in
2795 1605 3048 1662 omnibus
3077 1607 3310 1679 abyssis.

2131 1686 2219 1741 14.
2248 1688 2501 1748 Educens
2527 1695 2701 1751 nubes
2733 1697 2802 1751 ab
2827 1707 3070 1755 extremo
3091 1708 3249 1756 terra:
3276 1719 3290 1753 :

2128 1779 2215 1835 15.
2249 1780 2484 1853 Fulgura
2518 1787 2571 1839 in
2600 1787 2837 1856 pluviam
2871 1789 3016 1847 fecit.

1509 1936 1878 1993 ATHANASH
1916 1936 2498 1999 INTERPRETATIO.

1092 2035 1168 2105 (I)
1209 2033 1516 2103 Explicatio
1545 2033 1692 2087 tituli
1726 2033 1884 2104 hujus
1908 2034 2103 2105 psalmi
2129 2035 2275 2090 deest
2304 2039 2361 2091 in
2400 2040 2579 2096 codice
2603 2042 2918 2100 Barberino.

462 2128 511 2183 1.
549 2125 848 2181 Ἐπαινεῖτε
871 2124 969 2196 τὴν
993 2122 1303 2197 ὡραιότητα
1336 2123 1523 2178 αὐτοῦ.

457 2222 512 2276 2.
541 2222 605 2275 Οἱ
636 2219 1065 2291 ὑποτασσόμενοι
1100 2217 1268 2289 αὐτῷ.

455 2311 507 2366 5.
531 2312 594 2364 Οἰ
619 2309 975 2379 ἀδιαλείπτως
992 2309 1384 2380 παριστάμενοι
1403 2311 1470 2381 τῇ
1488 2308 1697 2382 διανοίᾳ
1717 2307 1796 2379 τῷ
1816 2307 1954 2379 Θεῷ.

454 2403 507 2458 4.
557 2402 646 2456 Ἐν
669 2404 783 2465 τοῖς
802 2402 862 2455 ού
872 2404 1073 2475 ρανοῖς.

454 2494 507 2549 5.
538 2495 747 2548 Αἰνεῖτε
776 2493 868 2546 τὸν
895 2492 1112 2566 Κύριον,
1143 2493 1226 2547 ὅτι
1254 2492 1316 2546 ού
1349 2492 1599 2563 βούλεταί
1619 2509 1744 2547 τινα
1770 2492 1960 2545 ἀπολέ-

387 2584 531 2650 σθαι,
566 2583 703 2638 ἀλλὰ
726 2583 932 2648 πάντας
964 2584 1045 2646 εἰς
1078 2582 1367 2654 μετάνοιαν
1393 2581 1536 2636 θέλει
1577 2580 1653 2653 (2)
1688 2581 1954 2652 χωρῆσαι,

384 2679 480 2733 κα).
505 2676 615 2731 τῶν
643 2675 876 2731 αἰωνίων
906 2674 1072 2730 αὐτοῦ
1093 2674 1316 2744 ἀγαθῶν
1351 2672 1683 2728 ἀπολαῦσαι.

456 2769 509 2826 6.
548 2771 854 2839 Ἀνυμνεῖτε
886 2765 963 2838 (ὃ)
984 2765 1048 2819 τὸ
1095 2766 1265 2837 δνομα
1308 2764 1473 2820 αὑτοῦ
1522 2767 1580 2819 ὲν
1628 2764 1829 2838 καρδίᾳ
1857 2783 1956 2820 κα-

386 2863 547 2935 θαρᾷ,
568 2863 650 2916 ὃτι
675 2860 832 2915 τοῦτο
856 2861 983 2931 ὑμῖν
1008 2858 1345 2929 ἀποϐήσεται
1371 2860 1454 2923 εἰς
1480 2858 1777 2930 σωτηρίαν.

456 2953 509 3008 7.
534 2953 656 3006 Ὅτι
681 2951 771 3004 τὸν
801 2949 929 3003 λαὸν
956 2949 1047 3002 τὸν
1069 2948 1199 3002 ὄντα
1239 2948 1382 3002 κατὰ
1408 2948 1501 3002 τὸν
1542 2946 1739 3003 Ἰακὼϐ
1776 2947 1953 3003 ἄπλα-

386 3062 511 3101 στον
538 3048 605 3117 τῇ
633 3042 832 3116 καρδίᾳ
861 3042 1143 3109 ἐξελέξατο
1169 3041 1346 3113 ἑαυτῷ
1378 3043 1408 3094 6
1438 3040 1655 3113 Κύριος.

457 3136 511 3192 8.
540 3138 618 3207 Τῇ
642 3135 719 3208 (4)
740 3133 938 3206 καρδίᾳ
957 3133 1049 3187 τὸν
1071 3132 1203 3187 Θεὸν
1228 3131 1514 3205 [ὁρῶντας]
1536 3133 1959 3205 περιεποιήσατο

387 3228 465 3291 si;
497 3224 722 3281 πλοῦτον
746 3222 954 3277 ἑαυτῶν
982 3222 1071 3277 διὰ
1103 3221 1198 3276 τοῦ
1235 3221 1367 3274 ἰδίου
1395 3222 1644 3293 αἵματος.

456 3319 509 3375 9.
542 3315 884 3379 Συνετισθεὶς
915 3316 1046 3387 παρ’
1075 3312 1239 3369 αὐτοῦ
1268 3314 1512 3383 ἐπέγνων
1540 3314 1642 3385 τὴν
1678 3312 1959 3385 μεγαλειό-

382 3425 524 3480 τητα
546 3407 711 3464 αὐτοῦ
730 3407 817 3462 διὰ
843 3408 941 3478 τῆς
971 3404 1154 3476 ἰσχύος
1185 3403 1280 3459 τοῦ
1309 3405 1541 3459 θανάτου
1574 3404 1760 3459 αὑτοῦ.

456 3500 542 3555 10.
573 3498 680 3554 Καὶ
702 3498 778 3569 (5)
799 3497 960 3561 αὐτὸς
977 3499 1006 3551 6
1024 3495 1223 3569 Κύριος
1247 3495 1404 3568 ήμῶν
1420 3495 1785 3569 δυνατώτερος
1809 3498 1955 3553 ἐστιν

384 3590 530 3662 ὑπὲρ
559 3589 767 3651 πάντας
789 3589 914 3650 τοὺς
955 3585 1130 3652 θεοὺς,
1176 3585 1337 3658 οἵπερ
1368 3587 1474 3641 εἰσὶ
1506 3586 1787 3657 λεγόμενοι
1835 3588 1954 3659 μὲν,

383 3681 487 3734 οὐκ
514 3680 666 3743 ὄντες
696 3678 754 3732 δὲ
786 3677 920 3741 θεοὶ,
949 3676 1059 3729 εἴτε
1086 3678 1145 3729 ὲν
1174 3675 1254 3747 τῷ
1281 3676 1515 3749 οὐρανῷ,
1545 3676 1656 3730 εἴτε
1682 3679 1740 3731 ἐν
1765 3680 1830 3749 τῇ
1854 3681 1947 3750 γῇ.

460 3772 548 3838 11,
588 3771 675 3826 12.
707 3768 785 3841 (6)
817 3768 907 3840 Τῷ
931 3766 1041 3838 γὰρ
1082 3766 1382 3838 βουλήματι
1413 3767 1578 3821 αὐτοῦ
1618 3767 1792 3831 οὐδεὶς
1832 3767 1957 3823 οὔτε

384 3864 702 3935 ἀντιστῆναι
734 3861 982 3933 ἐδυνήθη,
1013 3860 1135 3915 οὔτε
1171 3859 1508 3914 ἀνθίσταται.

453 3956 540 4012 15.
568 3953 672 4009 Καὶ
703 3956 762 4007 ἐν
810 3952 889 4024 τῷ
917 3950 1151 4023 οὐρανῷ,
1174 3951 1269 4005 καὶ
1300 3952 1359 4003 ὲν
1387 3952 1455 4022 τῇ
1485 3952 1581 4022 γῇ,
1627 3951 1724 4005 καὶ
1746 3953 1804 4005 ὲν
1844 3952 1958 4014 τοῖς

386 4046 654 4102 ὕδασιτοῦ
688 4045 1060 4117 βαπτίσματος
1086 4046 1144 4097 ὲν
1175 4042 1254 4113 τῷ
1306 4041 1520 4113 θανάτῳ
1557 4041 1752 4096 ἐαυτοῦ
1780 4042 1959 4096 πάντα

384 4141 488 4195 ὅσα
511 4139 794 4211 ἠθέλησεν,
841 4138 1085 4209 ἐποίησε,
1133 4134 1354 4199 καὶτὰς
1392 4134 1641 4198 ἐναντίας
1698 4134 1957 4207 δυνάμεις

388 4232 728 4303 συνέτριψεν.

459 4321 545 4377 ﬂ.
595 4322 710 4376 Ἐπ’
739 4320 967 4392 ἐσχάτου
988 4318 1098 4373 τῶν
1123 4317 1346 4391 ἡμερῶν
1371 4315 1463 4370 τοῦ
1493 4316 1699 4387 κόσμου
1720 4315 1957 4381 ἀνέδειξε

386 4414 673 4488 προφήτας
718 4413 844 4476 τοὺς
873 4412 1001 4482 περί
1034 4410 1124 4463 τὸν
1152 4407 1392 4477 Ἀγαϐον
1442 4405 1541 4478 (7),
1577 4406 1672 4461 καὶ
1697 4406 1960 4477 Συμεῶνα

383 4504 480 4558 τὸν
498 4503 829 4575 καλούμενον
864 4503 1075 4573 Νῆγερ,
1120 4500 1218 4554 καὶ
1242 4498 1469 4553 Λούκιον
1501 4497 1592 4551 τὸν
1634 4496 1956 4570 Κυρηναῖον,

396 4597 486 4655 καὶ
514 4596 745 4666 Μαναῆν
763 4593 855 4648 τὸν
893 4592 1131 4666 Ἡρώδου
1175 4590 1272 4645 τοῦ
1312 4589 1609 4662 τετράρχου
1643 4587 1958 4661 σύντροφον.

462 4683 550 4740 15.
578 4684 716 4748 Τοὺς
739 4682 1072 4745 ἀποστόλους
1095 4679 1260 4735 αὐτοῦ
1287 4680 1500 4749 φαίνειν
1523 4677 1601 4749 τῷ
1631 4678 1820 4749 κόσμῳ
1847 4678 1960 4732 ἀπὸ

2128 2125 2181 2181 1.
2217 2127 2462 2185 Laudate
2484 2132 2944 2201 pulchritudinem
2969 2137 3109 2208 ejus,

2124 2219 2177 2273 2.
2214 2218 2319 2287 Qui
2345 2222 2394 2277 ei
2424 2224 2626 2279 subditi
2662 2228 2818 2283 estis.
2944 2292 2949 2301 ,

2128 2310 2183 2365 5.
2218 2311 2595 2371 indesinenter
2626 2327 2808 2373 mente
2837 2328 3080 2377 astantes
3105 2322 3236 2381 Deo.

2126 2403 2182 2457 4.
2215 2403 2274 2458 In
2302 2406 2478 2463 caelis.

2127 2492 2181 2546 5.
2216 2490 2460 2551 Laudate
2498 2494 2828 2566 Dominum,
2877 2502 3137 2572 quoniam
3196 2504 3467 2561 neminem
3509 2509 3623 2564 vult

2057 2581 2256 2649 perire,
2309 2584 2403 2639 sed
2436 2599 2624 2642 omnes
2680 2590 2865 2644 venire
2916 2591 2983 2646 ad
3017 2592 3396 2661 paenitentiam
3433 2588 3518 2661 A“,
3567 2608 3623 2653 et

2026 2688 2032 2693 '
2056 2672 2275 2728 aeternis
2295 2675 2410 2731 suis
2437 2677 2594 2733 bonis
2619 2678 2747 2734 frui.

2127 2759 2183 2815 6.
2210 2760 2522 2820 Gloriticate
2555 2781 2754 2822 nomen
2787 2783 2907 2838 ejus
2961 2770 3127 2827 corde
3165 2786 3325 2841 puro,
3362 2775 3621 2843 quoniam

2058 2850 2113 2906 id
2140 2851 2298 2909 vobis
2326 2854 2521 2909 evadet
2553 2855 2609 2910 in
2634 2857 2884 2913 salutem.

2130 2942 2182 2998 7.
2216 2943 2485 3023 Quoniam
2514 2948 2797 3018 populum,
2823 2951 3045 3020 perinde
3070 2968 3134 3009 ac
3152 2952 3436 3022 Iacobum,
3462 2956 3627 3012 corde

2059 3039 2390 3110 simplicem,
2420 3038 2525 3094 sibi
2549 3038 2713 3107 elegit
2745 3038 3027 3097 Dominus.

2128 3131 2183 3186 8.
2210 3130 2388 3187 Corde
2405 3130 2574 3186 Deum
2590 3131 2878 3206 [videntes]
2895 3136 3187 3206 acquisivit
3201 3139 3304 3195 sibi
3324 3140 3379 3194 in
3407 3139 3624 3197 divitias

2056 3236 2155 3292 per
2179 3223 2462 3292 proprium
2493 3222 2836 3294 sanguinem.

2129 3312 2181 3368 9.
2208 3313 2292 3368 Ab
2324 3296 2444 3383 ipso
2472 3314 2698 3370 edoctus
2724 3316 2952 3385 cognovi
3004 3320 3434 3389 magnitudinem
3468 3337 3623 3379 suam

1984 3405 2028 3463 c
2060 3415 2156 3472 per
2187 3400 2446 3457 virtutem
2483 3404 2679 3459 mortis
2717 3403 2856 3474 ejus.

2129 3491 2216 3546 10.
2248 3492 2316 3548 Ει
2345 3493 2461 3563 ipse
2489 3492 2754 3551 Dominus
2808 3505 2994 3553 noster
3030 3502 3300 3568 potentior
3340 3510 3425 3558 est
3464 3518 3626 3575 super

2056 3595 2248 3638 omnes
2270 3584 2424 3649 deos,
2452 3586 2547 3654 qui
2572 3586 2675 3641 etsi
2715 3587 2976 3643 dicuntur
3005 3589 3103 3655 dii,
3136 3607 3323 3648 revera
3344 3608 3451 3647 non
3471 3606 3623 3661 sunt,

2023 3673 2170 3729 'sive
2203 3675 2256 3728 in
2285 3677 2456 3752 caelo,
2482 3678 2597 3732 sive
2629 3678 2686 3732 in
2710 3689 2858 3735 terra
2889 3681 2959 3736 ”.

2128 3767 2217 3835 11,
2249 3768 2334 3822 12.
2364 3766 2500 3822 Nam
2550 3770 2817 3826 voluntati
2848 3773 2970 3843 ejus
3013 3788 3177 3829 nemo
3224 3777 3478 3833 resistere
3526 3790 3625 3847 po-

2057 3866 2181 3923 test,
2208 3874 2386 3929 neque
2413 3862 2638 3916 resistit.

2127 3951 2212 4006 15.
2248 3949 2315 4006 Ει
2342 3952 2398 4006 in
2424 3954 2586 4019 cmlo,
2614 3963 2670 4010 et
2708 3956 2763 4009 in
2800 3965 2967 4022 terra,
2996 3967 3052 4012 et
3084 3957 3139 4012 in
3166 3960 3324 4028 aquis
3366 3959 3621 4030 baptismi

2057 4041 2113 4096 in
2144 4050 2319 4099 morte
2340 4058 2439 4099 sua
2464 4048 2668 4113 omnia,
2690 4062 3027 4118 quaecunque
3052 4050 3227 4105 voluit
3255 4051 3403 4116 fecit,
3423 4064 3625 4108 edon-

2057 4134 2258 4190 trarias
2290 4143 2589 4205 potestates
2611 4139 2888 4194 contrivit.

2132 4316 2218 4370 M.
2255 4314 2478 4373 Ultimis
2529 4318 2722 4374 diebus
2783 4320 2973 4374 mundi
3032 4322 3271 4377 ostendit
3332 4323 3624 4392 prophetas

2059 4407 2303 4478 Agabum
2331 4418 2386 4463 et
2413 4407 2714 4475 Simonem,
2746 4411 2841 4480 qui
2864 4411 3154 4466 vocabatur
3182 4413 3372 4482 Niger,
3414 4421 3469 4468 et
3512 4412 3625 4469 Lu-

2060 4501 2204 4555 cium
2225 4497 2635 4572 Cyrenensem,
2677 4512 2733 4557 et
2760 4502 3051 4570 Manahen,
3085 4503 3180 4574 qui
3232 4513 3351 4559 erat
3397 4503 3627 4562 Herodis

2063 4592 2349 4647 tetrarchae
2379 4594 2746 4650 collactaneus
2777 4595 2845 4650 ”.

2135 4683 2223 4739 15.
2281 4684 2574 4756 Apostolos
2641 4686 2761 4756 ejus
2822 4702 3083 4758 apparere
3131 4687 3256 4744 fecit
3296 4688 3500 4744 mundo
3558 4689 3627 4742 ab

400 4775 663 4833 ἱνατολῶν
695 4773 772 4848 (8)
800 4774 894 4828 καὶ
921 4772 1024 4836 ἕως
1047 4747 1408 4842 δυσμῶνβιαὶ
1440 4769 1514 4832 ὡς
1535 4747 1690 4820 ὑετὸν
1712 4747 1958 4824 κατιέναι
1988 4747 1993 4804 Ῑ

2087 4773 2270 4828 πίθοιο
2295 4747 2467 4845 usque
2516 4775 2571 4829 in
2610 4747 3039 4840 occidentemmt
3073 4778 3240 4834 veluti
3270 4777 3504 4848 pluviam
3534 4775 3629 4830 de-

396 4867 479 4920 τὸν
507 4864 665 4934 λόγον
692 4862 871 4919 αὐτῶν
899 4863 980 4926 εἰς
1004 4861 1101 4933 τὴν
1121 4860 1351 4933 καρδίαν
1371 4859 1468 4929 τὴν
1495 4855 1850 4928 ξηρανθεῖσαν
1873 4858 1961 4914 διὰ

390 4957 489 5025 τῆς
511 4952 805 5039 αμαρτίας.

462 5047 509 5079 ’³
542 5046 585 5100 ll
604 5045 751 5101 Petr.
793 5060 878 5110 Ill,
904 5042 957 5098 9.
1023 5042 1117 5095 "l
1149 5041 1276 5097 Cor.
1315 5059 1435 5108 vm,
1458 5043 1511 5097 5.
1590 5043 1636 5075 "
1670 5045 1790 5098 Act.
1815 5060 1937 5105 xm,
1963 5045 2014 5100 1.

2059 4865 2320 4921 scendere
2374 4881 2679 4923 sermonem
2711 4883 2902 4924 eorum
2951 4869 3005 4923 in
3033 4885 3131 4926 cor
3158 4867 3458 4925 arefactum
3497 4882 3628 4937 pec-

2060 4957 2216 5014 catis.

1335 5134 1644 5197 Addenda
1679 5143 1742 5197 et
1771 5136 2146 5217 corrigenda
2195 5158 2273 5202 ex
2305 5141 2445 5204 eod.
2483 5144 2676 5206 Vatic.

464 5238 542 5309 (1)
574 5239 638 5295 Ἡ
654 5236 985 5360 προκειμένῃ
1001 5236 1280 5319 ἐπιγραφὴ
1303 5236 1449 5358 »ὶδιᾶι
1464 5237 1562 5307 τῆς
1586 5238 1957 5322 κινναϐάρεως

469 5308 657 5360 meyer
712 5308 853 5360 Αλλη
889 5323 1030 5360 ουια.
1066 5307 1239 5360 Τουτο
1273 5322 1309 5360 γ
1352 5323 1382 5360 ο
1431 5323 1795 5360 εοιιηνευεται
1837 5309 1957 5360 ’Λλ-

389 5307 657 5381 περιὲχει·
698 5307 1030 5381 ᾎλληλούςία.
1064 5307 1239 5381 Τοῦτο
1273 5307 1382 5378 γὰρ
1431 5307 1958 5381 ερμηνεύεταιςἊλ-

389 5376 617 5451 ληλούῗα
639 5416 655 5442 ,
704 5376 1031 5451 ὅπερλδηλοῖ
1053 5378 1082 5430 6
1115 5376 1571 5451 emaci—gmw;
1597 5377 1691 5430 τοῦ
1720 5377 1956 5450 ψαλμοῦ,

390 5443 664 5504 τουτέστιν
682 5463 697 5476 ⁸
730 5443 956 5508 Αἰνεῖτε,
979 5443 1196 5516 ύμνεῖτὲ
1224 5446 1315 5497 τὸν
1340 5443 1553 5515 Κύριον.

466 5517 544 5583 (2)
573 5516 728 5571 Θέλει
761 5532 869 5570 non
902 5516 1118 5583 legitur.

487 5589 541 5654 '5)
586 5588 896 5658 Ἀνυμνεῖτε
922 5584 1083 5658 αὐτὸν
1112 5587 1172 5638 ὲν
1200 5584 1415 5658 καρδίᾳ,
1442 5593 1545 5658 etc.

487 5592 541 5654 '5)
586 5592 896 5658 Ἀνυμνεῑτε
922 5592 1083 5639 αὐτὸν
1112 5592 1172 5638 ὲν
1200 5592 1415 5671 καρδίᾳ,
1440 5593 1545 5666 etc.
1786 5656 1798 5672 θ
1899 5658 1923 5668 _

464 5592 545 5739 ξι)
568 5656 805 5739 λῐσραὴλ
827 5654 1183 5739 ὲρμῃνεύεται
1200 5656 1340 5737 άνηρ
1365 5657 1504 5739 ὁρίων
1529 5654 1682 5739 Θεὸν,
1715 5672 1808 5739 κὶαι
1828 5673 1959 5739 χορς

396 5724 536 5794 ἐρῶν
565 5724 694 5781 Θεόν
715 5740 728 5753 ·
748 5724 839 5781 τὸν
862 5724 988 5779 λαὸν
1008 5725 1100 5779 τὸν
1125 5724 1356 5796 ὁρῶντα,
1388 5724 1454 5794 τῇ
1485 5724 1679 5796 καρδία
1711 5725 1801 5779 τὸν
1825 5725 1955 5781 Θεὸν

2063 5245 2486 5317 περιεποιήσατο
2509 5247 2605 5317 εἰςΔ
2624 5245 2852 5301 πλοῦτον
2878 5246 3056 5317 ἑαυτῷ
3077 5246 3183 5315 διά,
3211 5255 3313 5303 etc.

2154 5313 2206 5383 5)
2232 5312 2439 5368 Καῖὄτι
2474 5314 2659 5380 αὐτός,
2682 5324 2787 5370 etc.

2129 5382 2205 5452 (6)
2229 5384 2297 5457 Ν.
2332 5386 2419 5457 ιι.
2450 5385 2559 5455 Τῷ,
2589 5396 2692 5440 etc.
2739 5385 3146 5457 ’ῌδυνήθη,ειο.
3182 5388 3248 5442 N.
3283 5386 3369 5449 ιε,
3406 5387 3493 5440 ιδ.
3524 5383 3630 5440 και

2057 5451 2100 5505 ὲ.
2216 5454 2297 5528 ού.
2334 5454 2461 5525 γὰρ,
2489 5451 2601 5528 καί,
2630 5466 2743 5528 etc.
2772 5454 2879 5510 Καὶ
2912 5451 2969 5507 ἓν
2991 5451 3075 5528 ’τῷ
3108 5456 3342 5528 θανάτῳ,
3378 5467 3482 5528 etc.

2126 5522 2203 5593 (7)
2221 5522 2425 5593 Ἀγαϐζ
2442 5527 2532 5579 καὶ
2560 5526 2844 5596 Συμεῶνα,
2864 5529 2958 5581 rel.
2991 5522 3184 5584 desunt
3217 5522 3389 5598 usQue
3412 5527 3632 5601 σύντρο-

2073 5609 2153 5645 ςον
2162 5633 2174 5645 .

2058 5609 2202 5732 ῳῖέ)
2243 5664 2373 5717 Ἀπὸ
2397 5664 2666 5727 ἀνατολῶν
2693 5665 2797 5729 ἕως
2828 5666 3046 5735 δυσμῶν
3074 5667 3254 5725 αὐτῶν
3277 5672 3355 5734 εἰς
3382 5672 3500 5744 τήν,
3520 5678 3626 5724 etc.
