3990 6208
389 231 526 287 1265

458 350 547 406 16.
579 347 684 417 Qui
717 346 968 419 producit
991 350 1184 401 ventos
1209 343 1275 398 de
1306 343 1580 399 thesauris
1616 344 1753 398 suis.

459 442 546 497 17.
577 440 682 508 Qui
713 438 982 511 percussit
1008 434 1372 507 primogenita
1407 434 1650 506 Egypti,

452 519 547 592 18.
590 535 673 590 Ab
701 535 925 590 homine
950 544 1125 600 usque
1158 529 1225 584 ad
1259 542 1446 598 pecus.

460 628 548 683 19.
589 627 737 682 Misit
775 625 928 695 signa
971 631 1026 676 et
1059 620 1306 692 prodigia

459 717 553 772 20.
596 717 654 772 In
684 715 864 770 medio
894 713 994 777 tui,
1024 710 1277 783 IEgypte,

459 811 550 868 21.
594 811 652 864 ln
681 809 1046 872 Pharaonem,
1077 812 1131 859 et
1161 817 1352 858 omnes
1377 816 1564 857 servos
1603 799 1743 862 eius.

461 904 554 958 22.
596 902 698 968 Qui
728 899 1001 971 percussit
1029 906 1218 970 gentes
1244 896 1443 951 multas
1479 916 1488 948 :

460 997 550 1050 2'5.
591 993 657 1048 Et
682 993 885 1049 occidit
919 1005 1076 1063 reges
1106 989 1298 1044 fortes.

458 1087 548 1141 24.
591 1085 773 1140 Schon
805 1090 987 1154 regem
1018 1082 1462 1136 Amorrhaeorum
1488 1098 1500 1132 :

460 1178 551 1234 25.
596 1179 661 1231 lit
686 1174 766 1247 0g
804 1191 982 1246 regem
1013 1173 1211 1237 Basan,

461 1267 554 1323 26.
592 1266 659 1321 Et
690 1266 872 1322 omnia
904 1279 1070 1336 regna
1101 1263 1387 1318 Chanaan.

461 1360 550 1414 27.
592 1358 657 1414 Et
683 1357 829 1412 dedit
856 1364 1055 1412 terram
1077 1369 1268 1410 eorum
1295 1351 1679 1417 haereditatem,

462 1453 551 1508 28.
595 1450 972 1506 [hereditatem
1014 1448 1178 1504 Israel
1209 1445 1406 1517 populo
1433 1460 1556 1500 suo.

463 1546 551 1600 29.
592 1543 841 1606 Domine,
871 1557 1068 1599 nomen
1109 1552 1262 1596 tuum
1297 1539 1351 1594 in
1379 1546 1641 1593 aeternum
1672 1554 1686 1591 :

465 1638 553 1692 50.
596 1639 660 1691 Et
699 1634 1018 1691 memorian
1054 1642 1209 1688 tuum
1243 1632 1298 1686 in
1331 1629 1740 1701 generationem
1785 1639 1843 1684 et
1881 1641 1975 1699 ge—

397 1731 750 1784 nerationem.

1235 222 1292 278 S.
1335 219 1703 275 ATHANASII
1737 219 1888 276 OPP.
1933 219 2110 274 PARS
2139 218 2228 275 lll.
2257 250 2326 258 —
2347 217 2754 274 EXEGETICA.

3505 213 3654 274 1264

1988 351 2034 404 Α
2135 341 2216 396 16.
2262 342 2318 394 Ὀ
2343 340 2553 409 ἐξάγων
2579 340 2816 410 ἀνέμους
2840 340 2903 393 ἑκ
2933 338 3224 410 θησαυρῶν
3252 337 3441 392 αὑτοῦ.

2140 433 2226 485 17.
2268 433 2362 493 Ὃς
2397 429 2630 494 ἐπάταξε
2656 430 2725 484 τά
2753 431 3067 502 πρωτότοκα
3103 428 3410 498 Αἰγύπτου,

2141 522 2227 577 18.
2258 521 2388 573 Ἀπὸ
2423 520 2708 590 ἀνθρώπου
2743 520 2847 585 ἕως
2881 522 3132 592 κτήνους.

2139 612 2225 665 19.
2249 610 2625 676 Ἐξαπέστειλε
2654 613 2852 680 σημεῖα
2882 611 2975 664 καὶ
2998 609 3199 662 τέρατα

2135 706 2227 761 20.
2255 707 2344 760 Ἐν
2376 707 2523 777 μέσῳ
2553 723 2670 769 σου,
2702 706 2944 774 Αἴγυπτε

2138 799 2228 852 21.
2253 797 2341 850 Ἐν
2363 796 2581 867 Φαραὼ,
2613 798 2706 850 καὶ
2731 799 2788 850 ἑν
2818 798 2951 850 πᾶσι
2981 799 3092 860 τοῖς
3118 796 3322 860 δούλοις
3350 794 3540 849 αὐτοῦ.

2139 891 2228 945 22.
2251 893 2344 954 Ὃς
2373 890 2639 956 ἐπάταξεν
2676 889 2802 959 ἔθνη
2834 889 3003 942 πολλά
3021 906 3033 918 ·

2141 984 2230 1038 25.
2271 984 2378 1036 Kal.
2407 984 2692 1037 ἀπέκτεινε
2723 982 2960 1052 βασιλεῖς
2983 981 3277 1053 κραταιούς
3313 999 3327 1015 ·

2140 1075 2230 1130 24.
2275 1074 2377 1128 Τὸν
2407 1073 2562 1146 Σηὼν
2597 1072 2821 1142 βασιλέα
2855 1072 2964 1126 τῶν
2995 1072 3361 1145 Ἀμορραίων,

2139 1168 2228 1222 25.
2273 1169 2380 1221 Καὶ
2407 1167 2500 1220 τὸν
2529 1168 2629 1235 Ὂγ
2661 1165 2882 1236 βασιλέα
2905 1166 3005 1236 τῆς
3027 1165 3225 1228 Βασάν,

2135 1261 2228 1316 26.
2271 1262 2382 1314 Καὶ
2415 1262 2594 1322 πάσας
2623 1259 2721 1322 τὰς
2750 1257 3026 1328 βασιλείας
3055 1257 3296 1311 Χαναάν.

2137 1353 2230 1406 27.
2271 1353 2381 1406 Καὶ
2408 1352 2574 1405 ἔδωκε
2606 1351 2704 1420 τὴν
2737 1351 2840 1420 γῆν
2869 1349 3046 1404 αὐτῶν
3072 1347 3453 1420 κληρονομίαν,

2137 1444 2230 1498 28.
2273 1444 2654 1516 Κληρονομίαν
2675 1441 2892 1514 Ἰσραὴλ
2919 1440 3037 1512 λαῷ
3065 1441 3255 1495 αὐτοῦ.

2140 1536 2232 1591 29.
2273 1536 2466 1608 Κύριε,
2503 1536 2563 1588 τὸ
2591 1534 2762 1605 ὖνομά
2786 1552 2877 1588 σου
2913 1535 2991 1598 εἰς
3017 1533 3106 1587 τὸν
3129 1531 3330 1588 αἰῶνα·

2145 1629 2231 1685 50.
2273 1631 2383 1684 Καὶ
2429 1629 2490 1682 τὸ
2539 1627 2881 1699 μνημόσυνόν
2929 1643 3024 1681 σου
3067 1627 3145 1690 εἰς
3190 1624 3383 1695 γενεὰν
3419 1625 3515 1678 καὶ
3557 1640 3651 1692 γε-

1997 1707 2042 1764 Β
2069 1721 2215 1776 νεάν.

1523 1899 1893 1959 ATHANASII
1930 1898 2513 1962 INTERPRETATIO.

470 2075 556 2130 16.
591 2065 822 2128 Eosdem
851 2067 1128 2140 apOstOlos
1179 2066 1310 2122 dicit
1347 2066 1648 2121 instructos
1682 2063 1966 2134 praeceptis

400 2167 571 2239 ipsius
604 2163 980 2220 circumivisse
1004 2170 1174 2216 totam
1203 2169 1424 2214 terram.

471 2337 556 2391 17.
585 2335 927 2405 Principatus
957 2333 1323 2388 tenebrarum.
1357 2329 1626 2401 lEgyptus
1660 2329 1804 2385 enim
1834 2337 1972 2383 tene-

401 2433 508 2485 bra:
540 2430 944 2498 interpretatur.

473 2522 557 2576 18.
587 2521 632 2574 Α
669 2520 905 2584 diabolo,
934 2529 989 2573 et
1036 2533 1210 2588 usque
1259 2517 1327 2572 ad
1361 2523 1658 2586 potestates
1685 2515 1828 2585 ejus,
1853 2529 1976 2584 qua

401 2616 503 2687 ipsi
553 2614 831 2678 obediunt,
874 2610 1333 2683 quemadmodum
1364 2610 1430 2664 de
1464 2610 1572 2664 illis
1602 2608 1864 2678 scriptum
1894 2615 1978 2663 est

401 2711 454 2764 in
477 2708 602 2764 Job.

472 2801 560 2868 19,
587 2799 676 2854 20.
712 2798 908 2854 Emisit
937 2814 1034 2869 per
1064 2799 1340 2868 apostolos
1367 2812 1499 2853 suos
1546 2797 1600 2850 in
1640 2794 1877 2851 tenebris
1906 2793 1978 2848 si-

400 2910 524 2966 gna,
558 2901 613 2950 et
638 2892 883 2964 prodigia
912 2907 1008 2962 per
1050 2891 1383 2956 sanationes,
1410 2904 1549 2961 quas
1575 2895 1976 2958 perpetrarunt,

471 3077 559 3132 21.
599 3075 659 3131 In
692 3076 968 3131 diabolum
998 3083 1053 3129 et
1083 3072 1305 3144 angelos
1318 3073 1468 3159 ejus.

471 3167 560 3223 22.
602 3166 957 3222 Adversarias
991 3164 1222 3219 virtutes
1254 3165 1307 3218 in
1335 3165 1608 3234 baptismo

469 3258 561 3313 25.
600 3257 903 3313 Potestates
925 3265 981 3312 et
1002 3256 1341 3325 principatus
1369 3253 1594 3309 diaboli.

2141 2060 2227 2116 16.
2259 2060 2397 2123 Τοὺς
2425 2059 2622 2123 αὐτοὺς
2654 2058 2983 2122 ἀποστόλους
3011 2055 3178 2127 λέγει,
3224 2057 3350 2120 τοὺς
3392 2073 3650 2128 καταρτί-

2072 2153 2295 2216 σθέντας
2352 2153 2417 2204 ἑκ
2464 2150 2572 2205 τῶν
2619 2150 3054 2222 προσταγμάτων
3094 2149 3258 2204 αὐτοῦ
3305 2148 3653 2219 τττεριιῑδεῦσα³

2072 2246 2251 2298 πᾶσαν
2274 2243 2372 2313 τὴν
2397 2243 2522 2312 γῆν.

2142 2336 2229 2391 17.
2267 2335 2378 2398 Τὰς
2401 2335 2573 2406 ἀρχὰς
2604 2332 2696 2387 τοῦ
2730 2334 2980 2398 σκότους·
3025 2335 3328 2405 Αἴγυπτος
3367 2333 3476 2404 γὰρ
3501 2336 3652 2387 σκό-

2071 2448 2176 2497 τος
2209 2428 2590 2502 ἑρμηνεύεται.

2146 2521 2231 2576 18.
2258 2520 2394 2574 Ἀπὸ
2418 2521 2512 2573 τοῦ
2537 2518 2801 2583 διαϐόλου,
2838 2520 2932 2573 καὶ
2959 2519 3063 2582 ἕως
3096 2518 3204 2571 τῶν
3239 2519 3526 2589 δυνάμεων
3559 2519 3656 2571 αύ-

2074 2615 2168 2670 τοῦ
2216 2614 2322 2667 τῶν
2373 2613 2539 2667 ὄντων
2577 2615 2658 2677 είς
2691 2613 2957 2684 ἀκουστὴν
3006 2610 3296 2683 [ὑπακοὴν]
3328 2612 3426 2681 (1),
3477 2610 3656 2673 καθὼς

2076 2708 2387 2778 γέγραπται
2419 2707 2547 2777 περὶ
2568 2704 2746 2759 αὐτῶν
2781 2706 2837 2757 ἑν
2872 2704 2948 2774 τῷ
2985 2703 3123 2758 Ἰὼϐ.

2150 2800 2237 2866 19,
2275 2799 2365 2853 20.
2397 2797 2770 2862 Ἐξαπέστειλε
2797 2796 2884 2849 διὰ
2909 2796 3017 2849 τῶν
3047 2795 3356 2851 ἀποστόλων
3398 2794 3564 2850 αὐτοῦ
3597 2796 3655 2848 ἐν

2077 2887 2156 2958 τῷ
2204 2890 2384 2942 σκότει
2431 2890 2650 2960 σημεῖα,
2682 2888 2774 2940 καὶ
2822 2887 3024 2957 τέρατα
3067 2882 3157 2939 διὰ
3186 2886 3294 2939 τῶν
3340 2887 3556 2950 ίάσεων,
3581 2880 3656 2937 ὧν

2079 2980 2389 3045 ἐπετέλουν,

2151 3071 2238 3126 21.
2269 3071 2392 3125 Ἐπὶ
2413 3070 2659 3126 διάϐολον
2693 3070 2768 3140 (2)
2795 3070 2890 3124 καὶ
2911 3071 3035 3134 τοὺς
3068 3071 3329 3139 ἀγγέλους
3360 3070 3546 3125 αὐτοῦ.

2152 3165 2242 3220 22.
2282 3166 2393 3230 Τὰς
2423 3167 2670 3230 ἐναντίας
2703 3167 2958 3238 δυνάμεις
2992 3167 3049 3218 ἐν
3069 3165 3144 3236 τῷ
3172 3165 3507 3245 βαπτίσματι
3529 3166 3629 3236 (δ).

2149 3259 2240 3314 25.
2283 3258 2393 3324 Τάς
2423 3259 2668 3326 ἐξουσίας
2697 3263 2791 3315 καὶ
2818 3237 2916 3324 τὰς
2941 3260 3114 3332 ἀρχὰς
3148 3237 3249 3314 τού
3275 3262 3546 3316 διαϐόλου.

471 3348 563 3402 24.
606 3347 776 3401 Sehon
821 3347 965 3401 enim
1010 3345 1395 3414 interpretatur
1421 3343 1638 3397 tentatio
1666 3341 1931 3396 vehemens
1955 3355 1973 3392 :
2004 3335 2019 3392 1

2147 3349 2237 3403 24.
2277 3349 2451 3417 Σηὼν
2481 3349 2588 3422 γὰρ
2623 3351 2699 3422 (4)
2749 3351 3108 3422 ἑρμηνεύεται
3147 3353 3478 3422 πειρασμὸς
3529 3355 3658 3420 θερ-

403 3438 831 3494 Amorrhworum
886 3437 1270 3504 interpretatur
1313 3435 1742 3489 exacerbantium
1806 3449 1971 3503 aqua-

405 3551 524 3588 rum
559 3547 577 3585 :
611 3531 887 3588 diabolum
937 3530 1101 3600 igitur
1137 3529 1422 3584 manifeste
1476 3527 1748 3598 signiﬁcat
1789 3541 1972 3596 regem

406 3626 712 3681 daemonum
743 3621 1186 3678 exacerbantium
1211 3634 1425 3675 omnem
1453 3618 1709 3672 animam.

471 3717 564 3775 25.
601 3717 682 3788 0g
713 3730 904 3771 rursus
937 3715 1326 3784 interpretatur
1373 3725 1694 3781 congregans
1735 3725 1755 3762 :
1797 3706 1976 3762 Βαδωι

405 3817 586 3864 autem
618 3809 1006 3878 interpretatur
1032 3803 1323 3875 ignominia
1348 3812 1504 3856 acuta
1534 3800 1847 3874 [ignominia
1869 3799 1945 3852 sic
1963 3828 1976 3840 -

405 3902 605 3966 citatis,
641 3909 736 3955 aut
781 3898 1012 3971 sicca]:
1053 3895 1403 3952 manifestum
1462 3903 1544 3950 est
1601 3893 1786 3964 igitur,
1831 3891 1977 3962 quod

406 4004 635 4049 mortem
665 3992 934 4065 significat
960 3989 1331 4044 dominantem
1361 4003 1459 4058 per
1484 3993 1792 4057 peccatum.

474 4083 564 4137 26.
596 4081 661 4136 Et
695 4097 886 4138 omnes
918 4079 1274 4150 principatus,
1299 4088 1354 4134 et
1380 4086 1698 4148 potestates,
1729 4087 1790 4133 ut
1824 4085 1977 4133 antea

406 4173 538 4238 dixi,
586 4173 879 4229 colentium
931 4172 1302 4242 iniquitatem;
1357 4170 1462 4226 hoc
1523 4171 1668 4226 enim
1711 4169 1980 4241 signiﬁcat

406 4265 630 4320 verbum
663 4265 814 4327 illud,
847 4263 1122 4327 Chanaan,
1158 4262 1439 4316 colentium
1481 4263 1836 4332 iniquitatem.

475 4351 567 4418 27,
599 4351 688 4406 28.
725 4351 788 4406 Et
817 4359 1024 4421 gentes,
1062 4367 1200 4422 quas
1229 4351 1382 4421 prius
1411 4351 1544 4422 ipsa:
1577 4367 1670 4421 per
1695 4360 1976 4421 peccatum

391 4443 681 4514 tenebant,
710 4458 804 4498 cas
851 4443 999 4497 dedit
1045 4443 1306 4512 apostolis
1351 4445 1404 4498 in
1450 4441 1841 4505 haereditatem,
1876 4440 1979 4496 hoc

407 4543 492 4592 est
538 4536 593 4590 in
637 4534 1041 4604 possessionem
1098 4534 1413 4590 hominibus
1459 4533 1770 4589 videntibus
1802 4547 1971 4590 eum:

409 4624 582 4682 Israel
610 4626 752 4680 enim
778 4626 1161 4684 interpretatur
1190 4629 1269 4680 vir
1289 4626 1464 4680 videns
1490 4626 1676 4680 Deum.

475 4807 563 4863 29.
604 4808 916 4865 lndelebile.

475 4899 564 4955 50.
606 4899 672 4956 Ει
691 4901 953 4956 memoria
973 4900 1291 4970 passionum
1321 4910 1538 4954 tuarum
1563 4908 1825 4970 perpetuo
1853 4915 1980 4969 per-

413 5001 609 5048 manet.

2071 3442 2217 3511 μός·
2260 3440 2612 3509 Ἄμορῤαίων
2639 3443 2996 3514 ἑρμηνεύεται
3042 3445 3470 3512 πικραινόντων
3511 3444 3657 3498 ὑδά-

2075 3547 2223 3584 των·
2271 3529 2465 3583 οὐκοῦν
2508 3531 2598 3584 τὸν
2641 3531 2882 3587 διάϐολον
2918 3535 3102 3604 σαφῶς
3136 3535 3282 3604 λέγει
3308 3535 3399 3589 τὸν
3433 3535 3656 3605 βασιλέα.

2074 3625 2182 3677 τῶν
2205 3623 2475 3694 δαιμόνων
2501 3624 2608 3677 τῶν
2638 3627 3030 3695 πικραινόντων
3057 3631 3237 3682 πᾶσαν
3257 3628 3456 3699 ψυχήν.

2149 3714 2239 3767 25.
2265 3716 2367 3784 Ὧγ
2413 3715 2571 3768 πάλιν
2610 3719 2967 3788 ἑρμηνεύεται
3009 3718 3288 3788 ἁθροίζων
3312 3737 3324 3750 ·
3356 3719 3568 3775 Bucar
3598 3721 3652 3773 δὲ

2078 3805 2438 3876 ἑρμηνεύεται
2463 3808 2726 3877 αἰσχύνη
2756 3809 2908 3877 ξυρά
2933 3809 3216 3880 [αἰσχύνη
3241 3810 3538 3880 ξηρασίας
3565 3825 3653 3866 aut

2079 3896 2254 3969 ξηρά]
2288 3897 2383 3968 (5)·
2425 3898 2581 3969 δῆλον
2614 3895 2728 3964 οὖν,
2777 3901 2856 3954 ὅτι
2907 3899 3134 3955 θάνατον
3178 3901 3323 3970 λέγει
3366 3903 3457 3956 τὸν
3501 3903 3654 3975 βασι-

2077 3987 2300 4043 λεύοντα
2331 3990 2431 4061 τῆς
2473 3992 2768 4062 ἁμαρτίας.

2150 4078 2239 4132 26.
2269 4079 2345 4150 (a)
2375 4080 2486 4134 Kal.
2529 4080 2711 4144 πάσας
2751 4080 2849 4144 τὰς
2899 4081 3088 4153 ἀρχὰς,
3125 4082 3218 4135 καὶ
3251 4080 3348 4144 τὰς
3381 4081 3650 4145 ἐξουσίας.

2079 4167 2155 4233 ὡς
2186 4170 2468 4240 προεῖπον,
2504 4170 2612 4224 τῶν
2640 4172 3082 4242 προσκυνούντων
3119 4175 3186 4244 τῇ
3219 4171 3449 4243 ἀνομίᾳ·
3497 4173 3656 4226 τοῦτο

2078 4261 2187 4332 γάρ
2215 4261 2579 4334 ἑρμηνεύεται
2598 4263 2840 4317 Χαναὰν
2858 4264 3359 4332 προσκυνούντων
3378 4264 3650 4334 ἀνομίαν.

2149 4351 2242 4416 27,
2271 4353 2361 4406 28.
2394 4354 2503 4407 Καὶ
2529 4353 2599 4406 τὰ
2632 4352 2778 4424 ἔθνη,
2813 4352 2849 4408 ἃ
2882 4352 2956 4424 (6)
2981 4353 3042 4406 τὺ
3085 4353 3346 4424 πρότερον
3399 4355 3555 4407 αὐτοὶ
3576 4350 3653 4407 εἷ-

2079 4459 2173 4514 χον
2223 4442 2311 4498 διὰ
2357 4445 2456 4516 τῆς
2499 4445 2726 4515 πλάνης,
2767 4443 2973 4498 ἔδωκαν
3005 4444 3143 4498 αὐτὰ
3185 4447 3297 4508 τοῖς
3340 4445 3655 4506 ἀποστόλοις

2079 4530 2507 4604 κληρονομῆσαι,
2538 4535 2784 4588 τουτέστι
2815 4533 3272 4606 περιποιήσασθαι
3298 4537 3410 4600 τοῖς
3432 4535 3656 4606 ἀνδράσι

2078 4626 2190 4688 τοῖς
2237 4623 2593 4696 θεασαμένοις
2631 4627 2793 4681 αὐτόν
2815 4644 2826 4657 ·
2871 4626 3117 4695 Ἰσραὴλ
3153 4625 3261 4696 γὰρ
3298 4627 3656 4698 ἑρμηνεύεται

2011 4691 2056 4748 Β
2085 4714 2241 4786 ἀνὴρ
2263 4691 2424 4787 ὀρῶν.
2443 4721 2612 4773 Θεόν.

2158 4809 2249 4864 29.
2275 4811 2699 4877 Ἀνεξάλειπτον.

2147 4898 2248 4953 '30.
2288 4901 2397 4953 Kal
2439 4903 2471 4971 ἡ
2516 4902 2703 4972 μνήμη
2730 4900 2837 4954 τῶν
2861 4900 3200 4971 παθημάτων
3234 4919 3328 4956 σου
3360 4901 3449 4956 ἀεὶ
3477 4899 3638 4970 διαμέ

2108 5006 2166 5044 ἐι
2197 4992 2293 5063 (7).

1286 5159 1294 5167 .
1361 5101 1672 5165 Addenda
1697 5109 1759 5164 et
1787 5103 2169 5183 corrigenda
2219 5123 2294 5166 ex
2352 5107 2494 5168 cod.
2537 5108 2742 5170 Vatic.

586 5252 689 5324 ,Εἰς
716 5251 971 5324 ἄϐυσσον,
1001 5250 1202 5324 καθώς,
1232 5261 1334 5308 etc.

479 5322 557 5388 (2)
582 5323 704 5376 Ἐπὶ
741 5324 830 5376 τὸν
854 5323 1115 5386 διάϐολον,
1145 5332 1251 5377 etc.

479 5325 557 5460 (2;
582 5325 704 5376 Ἐπὶ
741 5325 830 5376 τὸν
854 5325 1115 5386 διάϐολον,
1145 5332 1251 5377 etc.

479 5393 534 5464 (5
594 5393 935 5464 Βαπτίσματι
972 5393 1301 5462 συνέτριψεν.

483 5463 557 5533 (4)
597 5464 707 5534 Γάρ
734 5465 934 5534 θερέω

2173 5254 2226 5318 5)
2265 5256 2435 5326 Ξηρά,
2461 5268 2590 5319 etc.,
2621 5258 2700 5311 ὅτι
2725 5258 2814 5311 τὸν
2843 5258 3086 5325 θάνατον,
3116 5269 3220 5313 etc.

2269 5327 2350 5379 Τά
2375 5343 2469 5395 pro
2494 5328 2528 5381 ἀ
2555 5329 2635 5386 τό.
2668 5339 2794 5392 etc.,
2827 5328 3046 5392 ἔδωκεν,
3085 5339 3213 5397 etc.,

2179 5397 2231 5468 7)
2271 5399 2538 5452 Διααενεί.

478 5617 553 5690 (a)
578 5615 694 5674 Non
723 5620 916 5686 legitur
953 5637 1005 5673 ιιι
1041 5621 1161 5676 cod.
1195 5630 1486 5677 comment.
1520 5621 1588 5678 ad
1619 5620 1778 5690 Iltunc
1808 5636 1972 5685 vers.,
2007 5620 2136 5690 quia
2161 5629 2214 5677 et
2239 5621 2293 5677 in
2322 5622 2530 5691 psalmo
2559 5620 2891 5677 desideratur
2927 5634 3066 5675 vers.
3097 5620 3188 5675 26.
