3990 6208
368 257 507 315 f2£5

431 372 519 427 51.
539 371 662 426 Ὀτι
687 378 863 445 κρινεῖ
890 376 1094 448 Κύριος
1121 377 1211 430 τὸν
1250 378 1378 431 λαὸν
1404 379 1571 433 αὐτοῦ
1593 398 1608 413 ·

431 460 519 517 52.
559 463 669 517 Καὶ⁸
703 465 794 518 ἐπὶ
828 469 940 531 τοῖς
966 466 1171 532 δούλοις
1203 470 1367 523 αὐτοῦ
1404 473 1904 548 παρακληθήσεται.

432 556 519 611 55.
561 554 644 610 Τὰ
681 556 874 614 εἴδωλα
912 547 1019 614 τῶν
1071 560 1240 618 ἑθνῶν
1273 565 1537 639 ἀργύριον
1570 568 1666 624 καὶ
1699 571 1922 644 χρυσίον

360 646 500 718 ἔργα
524 649 723 720 χειρῶν
756 650 853 705 ἀνθ
858 650 1077 724 ρώπων.

434 737 522 791 54.
565 738 750 809 Στόμα
778 740 982 811 ἔχουσι,
1013 744 1106 798 καὶ
1129 744 1190 799 ού
1222 745 1549 821 λαλήσουσιν
1568 773 1583 787 ο

432 829 520 885 55.
546 829 893 904 Ὀφθαλμοὺς
920 834 1124 907 ἔχουσι,
1141 838 1236 893 καὶ¹
1257 840 1358 893 οὐκ
1383 841 1623 912 ὄψονται.

430 919 520 977 56.
538 916 678 976 Ὦτα
710 923 913 996 ἔχουσι,
944 929 1038 982 καὶ
1065 930 1166 984 οὐκ
1187 932 1641 1006 ἐνωτισθήσονται
1664 934 1945 1008 [ἀκούσον-

357 1011 494 1085 ται]’

432 1107 520 1163 57.
561 1107 698 1164 Ούδὲ
724 1110 832 1184 γάρ
854 1113 971 1167 ἑστι
1002 1115 1219 1185 πνεῦμα
1245 1117 1302 1171 ἑν
1335 1116 1415 1189 τῷ
1444 1117 1687 1190 στόματι
1706 1118 1903 1177 αὐτῶν.

437 1199 526 1255 58.
543 1201 763 1275 Ὅμοιοι
791 1206 976 1273 αὐτοῖς
1000 1206 1244 1277 γένοιντο
1272 1211 1322 1264 οἱ
1354 1210 1635 1276 ποιοῦντες
1660 1213 1820 1280 αὐτὰ,

433 1290 522 1348 59.
564 1294 676 1348 Καὶ
707 1296 907 1361 πάντες
934 1299 982 1351 οἱ
1009 1299 1329 1365 πεποιθότες
1353 1302 1441 1354 ἐπ’
1470 1303 1670 1368 αὐτοῖς.

430 1386 520 1447 40.
561 1385 724 1456 Οἶκος
754 1391 993 1465 Ἰσραὴλ,
1020 1393 1351 1468 εύλογήσατε
1379 1396 1468 1450 τὸν
1492 1397 1725 1470 Κύριον’

429 1480 519 1534 41.
560 1478 725 1545 Οἶκος
751 1482 984 1556 Ἀαρὼν,
1012 1485 1342 1560 εύλογήσατε
1372 1488 1466 1543 τὸν
1484 1488 1689 1562 Κύριον
1708 1508 1721 1522 ’

430 1570 519 1627 42.
560 1567 726 1637 Οἶκος
754 1573 905 1640 Λευῒ,
944 1577 1277 1651 εὐλογήσατε
1305 1580 1398 1634 τὸν
1431 1579 1636 1651 Κύριον
1659 1596 1673 1611 ο

433 1663 520 1718 45.
561 1663 627 1720 Οί
675 1665 1001 1738 φοϐούμενοι
1049 1671 1139 1726 τὸν
1186 1671 1410 1745 Κύριον,
1471 1671 1804 1745 εὐλογήσατε
1851 1674 1941 1729 τὸν

361 1754 583 1827 Κύριον.

436 1846 524 1903 44.
565 1847 873 1921 Εὒλογητὸς
910 1853 1116 1925 Κύριος
1144 1855 1208 1909 ἑκ
1241 1854 1399 1921 Σιὼν,

434 1935 523 1992 45.
551 1937 612 1993 Ὀ
645 1942 917 1996 κατοικῶν
959 1942 1334 2015 Ἰερουσαλήμ.

1257 265 1346 321 DE
1389 266 1667 326 TITULIS
1715 270 2173 337 PSALMORUM.
2219 310 2287 325 —
2326 274 2521 335 PSAL.
2558 275 2837 332 CXXXIV.

3500 288 3648 345 1266

1974 391 2019 445 Α
2120 390 2212 443 51.
2257 389 2396 456 Quia
2427 389 2700 460 judicabit
2726 390 2991 448 Dominus
3030 397 3292 466 populum
3328 414 3529 455 suum:

2123 479 2212 533 52.
2256 479 2324 534 Ει
2346 481 2399 534 in
2425 480 2600 537 servis
2635 482 2754 537 suis
2779 481 3180 553 deprecabitur.

2118 572 2207 627 55.
2248 572 2559 629 Simulacra
2590 572 2837 644 gentium
2864 584 3146 647 argentum
3178 586 3234 635 et
3265 593 3485 649 aurum,
3510 595 3639 654 ope-

2045 677 2105 717 ra
2136 678 2400 718 manuum
2430 664 2736 723 hominum.

2118 756 2208 812 54.
2250 755 2326 813 Os
2355 758 2577 827 habent,
2609 767 2663 815 et
2691 773 2801 815 non
2833 760 3125 833 loquentur
3156 782 3170 818 :

2117 849 2206 905 55.
2245 848 2448 905 Oculos
2478 849 2700 916 habent,
2731 860 2786 907 et
2816 866 2923 909 non
2958 852 3232 910 videbunt.

2118 941 2203 997 56.
2248 940 2426 998 Aures
2460 940 2682 1009 habent,
2709 950 2764 999 et
2795 957 2905 998 non
2938 943 3163 999 audient
3190 963 3205 998 :

2119 1117 2209 1173 57.
2249 1115 2438 1189 Neque
2461 1118 2609 1174 enim
2638 1125 2726 1174 est
2752 1116 2982 1190 spiritus
3013 1117 3067 1173 in
3098 1133 3194 1176 ore
3224 1119 3491 1192 ipsorum.

2116 1208 2205 1265 58.
2250 1208 2468 1268 Similes
2496 1211 2603 1267 illis
2637 1210 2771 1266 ﬂant
2794 1210 2888 1283 qui
2923 1210 3134 1267 faciunt
3162 1226 3248 1280 ea,

2117 1299 2206 1355 59.
2250 1297 2318 1355 Et
2342 1314 2534 1357 omnes
2566 1300 2662 1372 qui
2699 1300 2979 1357 conﬁdunt
3005 1301 3060 1356 in
3084 1302 3185 1359 eis.

2119 1397 2208 1453 40.
2246 1397 2454 1455 Domus
2482 1397 2670 1467 lsrael,
2708 1398 3015 1456 benedicite
3039 1399 3309 1455 Domino:

2116 1490 2205 1546 41.
2248 1488 2456 1547 Domus
2483 1491 2691 1559 Aaron,
2722 1488 3029 1547 benedicite
3057 1490 3290 1548 Domino
3316 1510 3331 1547 :

2115 1582 2207 1637 42.
2250 1580 2458 1638 Domus
2484 1580 2636 1649 Levi,
2668 1582 2975 1640 henedicite
3006 1581 3236 1639 Domino
3263 1600 3278 1638 :

2118 1674 2205 1729 45.
2245 1671 2351 1741 Qui
2379 1673 2586 1730 timetis
2617 1673 2934 1743 Dominum,
2968 1673 3272 1731 benedicite
3305 1673 3552 1732 Domino.

2119 1851 2208 1904 44.
2252 1851 2576 1907 Benedictus
2606 1851 2872 1907 Dominus
2905 1866 2971 1906 ex
2999 1851 3152 1916 Sion,

2119 1940 2210 1997 45.
2248 1941 2359 2009 Qui
2387 1941 2599 1997 habitat
2623 1942 2679 1996 in
2703 1940 3029 1999 Jerusalem.

1492 2142 1777 2199 ATHANA
1790 2142 1875 2199 Sll
1916 2142 2500 2201 INTERPRETATIO.

430 2319 517 2376 51.
537 2321 657 2374 Ὅτι
683 2323 897 2393 ποιήσει
922 2320 1126 2394 Κύριος
1146 2323 1248 2394 τὴν
1270 2324 1548 2396 ἐκδίκησιν
1575 2324 1668 2379 τοῦ
1692 2324 1820 2379 λαοῦ
1842 2327 1928 2379 αὺ-

358 2414 454 2469 τοῦ
486 2415 550 2468 ἑκ
580 2413 691 2467 τῶν
719 2415 975 2469 ἐναντίων
1003 2414 1306 2487 δυνάμεων.

429 2507 517 2561 52.
552 2507 664 2562 Καὶ
710 2509 806 2562 ἐπὶ
837 2510 951 2571 τοῖς
999 2508 1333 2564 ὑπακούουσι
1361 2508 1439 2581 τῷ
1474 2510 1616 2581 λόγῳ
1639 2509 1733 2564 τοῦ
1763 2511 1941 2581 Εὐαγ-

358 2600 537 2669 γελίου
569 2600 762 2654 ἑαυτὸν
793 2602 1122 2674 δυσωπήσας
1155 2601 1647 2674 καταλλαγήσεται.

429 2691 518 2747 55.
565 2692 646 2747 Τὰ
679 2692 909 2765 σώματα
940 2695 1033 2750 καὶ
1065 2695 1123 2748 αἱ
1165 2694 1335 2765 ψυχαὶ
1371 2695 1479 2749 τῶν
1514 2694 1741 2760 ἑθνικῶς
1768 2696 1941 2767 βιούν-

358 2801 466 2839 των
520 2783 841 2841 δεδούλωται
883 2787 960 2859 (1)
1006 2789 1072 2861 τῇ
1117 2771 1483 2858 φιλαργυρίᾳέ
1530 2786 1591 2841 τὺ
1630 2787 1728 2859 μὲν
1783 2788 1945 2842 ιδικὸν

358 2874 437 2938 ὡς
461 2875 556 2930 καὶ
586 2874 819 2947 ἀλλαχοῦ
839 2879 1055 2951 εἴρηται
1084 2878 1243 2949 δῆλόν
1275 2879 1444 2941 ἑστιν,
1470 2880 1503 2950 ἡ
1523 2878 1581 2932 δὲ
1604 2877 1806 2951 θεωρία
1825 2877 1946 2933 τοῦ·

360 2984 421 3021 το
453 2966 723 3038 βούλεται.

428 3061 517 3116 54.
557 3061 723 3117 Οὐδὲν
754 3060 864 3135 γὰρ
890 3065 1164 3136 εἰρηνικὸν
1196 3066 1256 3119 ἑν
1282 3063 1361 3136 τῷ
1386 3065 1614 3137 στόματι
1638 3064 1838 3120 αὐτῶν.

2116 2324 2207 2379 51.
2238 2323 2508 2391 Quoniam
2537 2323 2806 2381 Dominus
2835 2323 3139 2380 vindicabit
3176 2325 3443 2394 populum
3468 2341 3630 2384 suum

2049 2428 2078 2466 a
2109 2412 2405 2469 contrariis
2436 2413 2819 2484 potestatibus.

2117 2504 2208 2560 52.
2269 2503 2337 2559 Et
2392 2504 2451 2560 in
2505 2504 2887 2575 obedientihus
2915 2504 3084 2562 verbo
3130 2506 3412 2578 Evangelii
3458 2507 3631 2567 suile

2045 2598 2226 2667 ipsum
2259 2612 2500 2653 exorans
2526 2598 2996 2656 reconciliabitur.

2116 2691 2210 2746 55.
2238 2689 2508 2762 Corpora,
2540 2699 2596 2747 et
2623 2691 2820 2749 animae
2865 2707 3080 2760 eorum,
3122 2693 3212 2763 qui
3250 2693 3525 2764 gentiliter
3551 2693 3630 2748 vi-

2044 2790 2203 2848 vunt,
2230 2782 2537 2839 inserviunt
2566 2783 2810 2840 avaritiae
2858 2802 2872 2837 :
2918 2783 3145 2854 proprie
3178 2794 3360 2840 autem
3392 2785 3523 2857 quid
3553 2786 3631 2842 si-

2045 2874 2265 2945 gniﬁcet
2285 2874 2414 2930 alibi
2434 2875 2599 2931 etiam
2628 2876 2836 2932 dictum
2865 2882 2969 2944 est,
2988 2876 3247 2949 allegoria
3280 2884 3462 2932 autem
3487 2877 3630 2935 hanc

2045 2964 2213 3036 exigit
2238 2964 2685 3036 explicationem.

2117 3058 2206 3113 54.
2247 3056 2398 3113 Nihil
2421 3059 2570 3114 enim
2603 3059 2903 3130 paciﬁcum.
2927 3060 2982 3116 in
3017 3075 3114 3117 ore
3147 3062 3413 3131 ipsorum.

430 3152 519 3208 55.
546 3153 634 3208 Ἐν
663 3154 846 3209 σκότει
874 3156 984 3230 γὰρ
1032 3158 1477 3231 διαπορευόμενοι
1501 3158 1577 3230 (2)
1604 3160 1706 3213 οὐκ
1747 3160 1945 3230 ἁνανή-
1972 3143 1989 3198 (

2119 3150 2208 3205 55.
2252 3150 2311 3205 In
2366 3150 2606 3207 tenebris
2637 3166 2853 3224 semper
2879 3152 3226 3209 ambulantes
3259 3153 3327 3207 ad
3360 3151 3624 3239 sobrieta-

360 3259 573 3312 φουσιν.

427 3331 519 3389 56.
538 3333 651 3405 Οὐχ
677 3335 1011 3403 ὑπακούουσι
1040 3340 1148 3412 γὰρ
1171 3343 1284 3406 τοῖς
1306 3342 1399 3396 τοῦ
1430 3340 1566 3396 Θεοῦ
1589 3344 1944 3415 προστάγμα-

361 3439 468 3490 σιν,
501 3422 578 3488 ὡς
606 3425 714 3509 καὶ
764 3427 795 3479 ὁ
842 3427 1046 3500 Κύριος
1092 3432 1231 3503 πρὸς
1259 3433 1385 3496 τοὺς
1419 3432 1694 3498 τοιούτους
1725 3433 1941 3503 ἔλεγεν·

372 3513 429 3568 ’0
455 3516 616 3587 ἔχων
641 3511 764 3572 ὦτα
794 3519 1061 3590 ἀκούειν,
1092 3525 1378 3580 ἀκουέτω.

426 3607 519 3663 57.
560 3607 695 3661 Οὐδὲ
728 3610 805 3681 (5)
841 3609 949 3684 γὰρ
978 3612 1160 3684 ἔχουσι
1187 3615 1415 3687 Πνεῦμα
1447 3618 1623 3689 ἅγιον.

428 3698 519 3754 58.
546 3699 776 3770 Ὁμοίως
801 3703 910 3758 τῶν
935 3707 1231 3778 χρημάτων
1258 3709 1336 3781 τῷ
1369 3711 1502 3781 πυρὶ
1542 3712 1944 3785 παραδοθήσον-

354 3810 450 3848 ται
478 3795 527 3847 oi
559 3793 983 3867 θησαυρίζοντες
1008 3801 1175 3857 αὐτά.

430 3886 521 3943 59.
561 3890 673 3944 Καὶ
710 3891 911 3957 πάντες
933 3893 982 3946 οἱ
1013 3893 1333 3960 πεποιθότες
1365 3897 1459 3951 ὲπὶ
1486 3896 1717 3951 πλούτου
1752 3896 1943 3969 ἀδηλό-

359 3994 505 4051 τητω

432 4072 525 4128 40.
561 4074 624 4128 Οἱ
655 4074 871 4131 εὐθεῖαν
901 4075 1116 4148 ἔχοντες
1141 4078 1241 4151 τὴν
1269 4080 1497 4143 καρδίαν
1520 4080 1655 4154 πρὸς
1676 4082 1768 4136 τὸν
1789 4082 1944 4146 Θεὸν,

361 4162 621 4231 δοξάσατε
649 4167 740 4222 τὸν
768 4169 974 4243 Κύριον
993 4188 1008 4203 ·
1044 4172 1294 4243 Ἰσραὴλ
1320 4173 1429 4247 γὰρ
1463 4173 1826 4247 ἑρμηνεύεται
1851 4178 1930 4230 εὐ-

363 4256 549 4325 θύτης
574 4258 744 4315 Θεοῦ.
1765 4330 1773 4338 ,

435 4346 523 4404 41.
562 4349 623 4403 Ol
656 4350 859 4423 ἑδραῖοι
880 4351 1033 4417 ὄντες
1056 4356 1184 4426 περὶ
1207 4354 1306 4427 τὴν
1339 4357 1522 4410 πίστιν
1547 4358 1641 4411 καὶ
1664 4357 1765 4423 τὰς
1794 4359 1945 4411 ἑντο-

361 4441 461 4541 ξας
486 4442 1052 4541 τοῦ-Θεοῦὶδοξάσατε
1084 4446 1160 4541 (4)
1187 4448 1278 4502 τὸν
1301 4447 1503 4519 Κύριον
1527 4466 1540 4479 ο
1582 4449 1800 4519 Ἀαρὼν
1837 4450 1946 4521 γὰρ
1976 4485 2021 4541 D

363 4535 724 4607 ἑρμηνεύεται
754 4536 892 4607 ὄρος
915 4537 1199 4594 δυνατόν.

435 4623 524 4679 42.
549 4627 610 4680 Οἱ
640 4627 1025 4699 προσκείμενοι
1054 4627 1133 4699 τῷ
1157 4627 1296 4700 Θεῷ,
1321 4628 1580 4697 δοξάσατε
1607 4630 1698 4686 τὸν
1718 4630 1940 4704 Κύριονο

364 4714 510 4769 Λευτ
541 4715 619 4787 (5)
644 4715 752 4789 γὰρ
775 4718 1134 4792 ἑρμηνεύεται
1164 4722 1618 4792 προσκείμενος.

437 4805 522 4859 45.
559 4809 622 4860 Oi
647 4809 893 4875 εύλαόεἴς
916 4814 982 4885 τῇ
1005 4813 1220 4886 καρδίᾳ,
1247 4804 1626 4885 ἐγκωμιάσατε
1652 4812 1834 4868 αὐτόν.

435 4895 525 4962 44,
550 4898 636 4953 45.
669 4899 823 4954 Σιὼν
843 4903 1199 4975 ἑρμηνεύεται
1229 4902 1504 4974 διψῶσα*
1549 4901 1944 4972 Ἰερουσαλὴμ

365 4985 727 5057 ἑρμηνεύεται
765 4988 975 5058 ὅρασις
999 4992 1243 5062 εἰρήνης
1265 5011 1279 5024 ·
1310 4995 1373 5047 ἑκ
1402 4993 1626 5065 καρδίας
1650 4986 1744 5047 οῦν
1776 4989 1943 5061 διψώ-

368 5092 470 5147 σης
503 5076 580 5149 (6)
609 5078 898 5150 εὐλογητὸς
920 5080 1124 5154 Κύριος
1155 5086 1184 5137 ό
1215 5084 1484 5139 κατοικῶν
1517 5087 1577 5139 ἑν
1609 5084 1766 5155 αὐτῇ.

443 5452 519 5590 (1)
556 5452 936 5509 Δεδούλωνται.

466 5522 499 5590 2
558 5523 936 5590 Πορευόμενοι.

468 5455 491 5505 1
556 5455 936 5509 Δεδούλωνται.

446 5455 526 5664 ξε)
558 5523 940 5595 Πορευόμενοι.

446 5587 503 5663 (5
563 5590 696 5659 Quae
717 5596 820 5649 sub
847 5611 902 5649 n.
928 5594 940 5648 ε

563 5590 696 5659 Quae
717 5590 820 5649 sub
847 5611 902 5649 n.
928 5594 997 5649 57
1020 5594 1238 5651 desunt.
1258 5598 1324 5652 At
1361 5596 1450 5661 57,
1477 5597 1565 5664 58,
1587 5596 1657 5651 ita
1684 5596 1949 5664 ιὈμοίως

370 5659 481 5717 «ὧν
507 5659 811 5737 ’χρημάτων
841 5664 1301 5737 παραδοθήσονται
1330 5667 1407 5739 τῷ
1438 5659 1642 5738 ἀίωίθίῳ
1683 5659 1815 5739 πυρῖ
1855 5659 1951 5741 an;

2047 3252 2154 3298 tem
2188 3242 2391 3299 mentis
2418 3257 2529 3299 non
2554 3244 2806 3301 redeunt.

2116 3335 2204 3391 56.
2255 3333 2374 3392 Non
2409 3335 2557 3391 enim
2598 3337 2861 3393 obediunt
2905 3335 3106 3391 divinis
3148 3337 3455 3406 praeceptis,
3485 3334 3631 3391 sicut

2047 3437 2102 3484 et
2125 3429 2392 3485 Dominus
2413 3427 2534 3487 istis
2561 3428 2700 3484 dixit
2732 3427 2870 3495 :Qui
2893 3428 3045 3484 habet
3072 3444 3227 3487 aures
3257 3427 3509 3483 audiendi
3530 3443 3629 3482 au-

2046 3522 2182 3578 diat.

2115 3615 2204 3670 57.
2245 3613 2432 3686 Neque
2459 3614 2606 3670 enim
2643 3613 2848 3669 habent
2878 3612 3146 3686 Spiritum
3178 3622 3450 3670 sanctum.

2119 3706 2208 3762 58.
2249 3706 2483 3763 Perinde
2528 3719 2593 3761 ac
2634 3705 2880 3774 pecunia
2905 3706 3016 3776 igni
3048 3705 3334 3762 tradentur
3357 3706 3631 3761 thesauri-

2048 3808 2235 3853 zantes
2256 3813 2369 3854 835.

2118 3889 2206 3945 59.
2247 3889 2314 3944 Et
2342 3903 2555 3955 omnes,
2569 3889 2663 3960 qui
2692 3888 2976 3945 conﬁdunt
2991 3887 3046 3943 in
3065 3888 3273 3944 incerto
3288 3887 3623 3945 divitiarum.

2117 4066 2205 4123 40.
2245 4065 2350 4135 Qui
2388 4073 2601 4123 rectum
2632 4064 2845 4122 habetis
2895 4079 2992 4120 cor
3022 4064 3088 4120 ad
3128 4062 3297 4119 Deum
3331 4061 3631 4134 gloriﬁcate

2047 4159 2335 4218 Dominum
2364 4177 2377 4215 :
2411 4158 2586 4214 Israel
2623 4158 2769 4215 enim
2796 4158 3188 4227 interpretatur
3218 4154 3477 4210 rectitude
3505 4152 3628 4211 Dei.

2119 4339 2210 4394 41.
2241 4338 2345 4406 Qui
2374 4338 2516 4394 ﬁrmi
2541 4338 2674 4395 estis
2701 4338 2756 4393 in
2785 4336 2889 4391 [ide
2919 4344 2974 4391 et
3007 4336 3292 4408 praeceptis
3316 4333 3435 4402 Dei,
3463 4333 3631 4406 glori-

2048 4430 2207 4487 ﬁcate
2253 4430 2545 4486 Dominum
2597 4447 2612 4483 :
2669 4436 2852 4485 Aaron
2889 4430 3035 4483 enim
3069 4428 3452 4498 interpretatur
3484 4443 3632 4482 mons

2051 4527 2224 4598 fortis.

2118 4621 2209 4676 42.
2243 4618 2490 4690 Appositi
2516 4616 2629 4673 Deo
2653 4617 2951 4690 gloriﬁcate
2974 4616 3267 4673 Dominum
3294 4636 3307 4671 :
3339 4615 3463 4671 Levi
3486 4616 3632 4672 enim

2049 4713 2438 4783 interpretatur
2463 4711 2760 4781 appositus.

2112 4802 2199 4855 45.
2230 4799 2311 4859 Pii
2336 4809 2389 4857 et
2413 4801 2664 4856 timentes
2696 4801 2882 4864 corde,
2910 4801 3150 4855 exaltate
3178 4813 3326 4854 eum.

2116 4894 2207 4962 44,
2237 4894 2327 4949 45.
2361 4891 2492 4950 Sion
2525 4894 2915 4963 interpretatur
2943 4893 3127 4946 sitiens
3157 4907 3175 4944 :
3208 4887 3509 4943 Jerusalem
3552 4888 3636 4942 in-

2053 4995 2383 5058 terpretatur
2414 4987 2547 5041 visio
2574 4986 2724 5056 pacis
2752 5001 2770 5040 :
2800 5000 2868 5065 ex
2896 4985 3059 5040 corde
3088 4984 3251 5054 igitur
3292 4982 3510 5039 sitiente
3546 4980 3638 5037 be-

2056 5079 2309 5135 nedictus
2338 5077 2627 5146 Dominus,
2650 5079 2746 5150 qui
2778 5077 2990 5134 habitat
3023 5077 3080 5131 in
3103 5075 3266 5147 ipsor

1327 5265 1635 5335 Addenda
1679 5271 1740 5328 et
1772 5261 2150 5344 corrigenda
2184 5277 2263 5324 ex
2304 5260 2443 5323 cod.
2477 5258 2683 5323 Vatic.

2059 5456 2404 5521 σαυρίζοντες
2429 5453 2587 5507 αὑτά.

2130 5475 2160 5508 υ
2205 5473 2404 5521 ιςοντες
2429 5473 2587 5507 αυτα.

2128 5473 2203 5597 (f)
2244 5523 2512 5597 Δοξᾲσατε
2545 5524 2635 5577 τὸν
2666 5523 2891 5597 Κύριον,
2920 5524 3073 5579 deest
3104 5522 3162 5579 in
3187 5521 3310 5581 cod.

2128 5595 2204 5668 (5)
2242 5595 2405 5668 Λεντς
2438 5595 2698 5668 timeto-

2133 5664 2207 5741 (6)
2250 5664 2716 5738 Διψώσηςαύτδν,
2748 5664 3057 5736 εὐλογητός,
3090 5673 3197 5722 etc.
