3990 6208
383 282 517 339 ηπ
1310 287 1366 343 S.
1409 287 1786 345 ATHANASII‘
1821 291 1972 348 OPP.
2015 292 2190 348 PARS
2229 292 2315 347 ΙΙΙ.
2357 323 2424 334 —-
2463 288 2874 348 EXEGETICA.
3510 288 3651 343 1272

452 395 544 452 50.
582 395 850 462 Quoniam
874 397 928 452 in
960 408 1219 453 aeternum
1253 399 1631 456 misericordia
1668 403 1814 472 ejus.
1992 411 2028 465 Α

1729 419 1814 458 us.
1992 411 2036 465 Α
2138 406 2226 459 50.
2253 405 2377 457 Ὅτι
2403 406 2483 467 εἰς
2512 404 2604 456 τὸν
2641 401 2814 456 αἰῶνα
2850 401 2910 453 τὸ
2941 399 3088 460 ἕλεος
3111 400 3293 454 αὐτου,

451 489 540 544 51.
580 487 685 554 Qui
716 489 957 544 traduxit
1005 491 1262 559 populum
1295 507 1455 545 suum
1492 507 1588 561 per
1617 493 1930 549 desertum:

2139 497 2228 551 5|.
2261 496 2350 566 Τῷ
2379 495 2697 564 διαγαγόντι
2731 493 2822 545 τὸν
2845 491 2972 544 λαὸν
3004 490 3168 544 αὑτοῦ
3191 492 3249 542 ὲν
3287 493 3356 562 τῇ
3389 491 3585 563 ἐρήμῳ
3605 505 3621 522 ο

451 581 542 635 52.
578 580 848 647 Quoniam
875 582 928 635 in
959 589 1225 637 aeternum
1263 583 1640 640 misericordia
1672 585 1813 656 ejus.

1730 602 1813 642 us.
2142 589 2233 642 5‘2.
2269 589 2390 640 Ὅτι
2416 589 2496 650 εἰς
2527 587 2620 641 τὸν
2651 587 2823 641 αἰῶνα
2855 584 2916 638 τὸ
2949 584 3097 648 ἕλεος
3120 583 3306 638 αὐτοῦ.

451 671 542 725 55.
573 670 678 738 Qui
706 672 978 742 percussit
1015 687 1168 742 reges
1204 688 1465 743 magnos:

2138 681 2227 734 55.
2264 680 2353 751 Τῷ
2382 678 2681 744 πατάξαντι
2725 677 2964 748 βασιλεῖς
2998 677 3293 748 μεγάλους·

451 763 543 819 54.
578 763 848 830 Quoniam
888 763 942 816 in
968 772 1232 819 aeternum
1270 766 1649 821 misericordia
1681 767 1820 836 ejus.

1738 782 1820 822 us.
2143 771 2232 827 54.
2272 773 2394 825 Ὅτι
2423 773 2504 835 είς
2529 770 2620 825 τὸν
2645 769 2820 823 αἰῶνα
2850 770 2916 822 τὸ
2951 768 3096 832 ἔλεος
3125 765 3309 821 αὐτοῦ.

451 857 541 912 55.
575 857 642 912 Et
661 857 860 914 occidit
887 872 1042 928 reges
1070 859 1271 914 fortes:

2139 864 2230 919 55.
2264 864 2374 918 Kal
2396 863 2776 918 ἀποκτείναντι
2802 861 3043 932 βασιλεῖς
3073 859 3367 934 κραταιούς
3384 877 3397 892 ·

455 950 544 1005 56.
588 950 862 1016 Quoniam
893 952 946 1004 in
985 961 1248 1007 aeternum
1285 952 1664 1008 misericordia
1689 952 1828 1022 ejus.

1713 952 1828 1022 rjus.
2139 953 2229 1008 56.
2267 955 2388 1007 Ὅτι
2415 956 2495 1018 εἰς
2517 954 2606 1007 τὸν
2638 953 2808 1008 αἰῶνα
2839 952 2898 1006 τὸ
2928 951 3074 1014 ἔλεος
3107 948 3289 1003 αὑτοῦ.

454 1043 544 1097 57.
581 1043 761 1097 Sehon
792 1058 972 1114 regem
999 1043 1484 1098 Amorrhazorum:

2139 1046 2226 1101 5'7.
2263 1046 2366 1099 Τὸν
2398 1045 2554 1116 Σηὼν
2587 1045 2813 1116 βασιλέα
2847 1043 2956 1096 τῶν
2997 1042 3342 1114 Ἀμορραίων
3364 1056 3377 1072 ·

458 1135 546 1188 58.
585 1134 859 1200 Quoniam
891 1137 943 1189 in
974 1145 1239 1191 aeternum
1273 1136 1646 1192 misericordia
1676 1135 1820 1206 ejus.

1724 1137 1820 1196 ius.
2138 1140 2230 1196 58.
2261 1139 2386 1193 Ὅτι
2414 1142 2493 1204 εἰς
2527 1140 2616 1192 τὸν
2641 1140 2816 1192 αἰῶνα
2841 1138 2900 1191 τὸ
2931 1137 3083 1199 ἕλεος
3115 1132 3300 1189 αὑτοῦ.

459 1228 548 1282 59.
586 1227 652 1282 Ει
679 1228 759 1301 0g
783 1245 962 1296 regem
992 1229 1206 1284 Basan:

2145 1232 2230 1286 59.
2267 1232 2380 1284 Kal
2404 1231 2494 1284 τὸν
2523 1232 2622 1300 Ὢγ
2656 1231 2881 1301 βασιλέα
2903 1232 3001 1301 τῆς
3024 1231 3204 1284 Βασάν
3222 1247 3235 1260 ·

453 1319 545 1373 40.
575 1318 843 1388 Quoniam
873 1323 925 1376 in
953 1332 1216 1376 aeternum
1247 1321 1620 1377 misericordia
1649 1324 1787 1392 ejus.

1743 1339 1787 1377 s.
2143 1324 2232 1377 40.
2265 1324 2390 1377 Ὅτι
2417 1325 2497 1387 είς
2529 1323 2620 1375 τὸν
2657 1323 2830 1376 αἰῶνα
2863 1322 2924 1375 τὸ
2952 1323 3099 1386 ἔλεος
3130 1321 3318 1376 αὑτοῦ.

453 1411 545 1466 41.
579 1411 826 1467 Et-dedit
855 1422 1054 1468 terram
1083 1429 1279 1468 eorum
1309 1413 1677 1468 hazreditatem
1705 1433 1717 1468 :

2144 1417 2234 1470 41.
2273 1417 2383 1470 Kal
2409 1417 2551 1470 δόντι
2585 1417 2684 1487 τὴν
2719 1415 2824 1486 γῆν
2859 1414 3040 1468 αὐτῶν
3067 1413 3434 1485 κληρονομίαν
3457 1430 3471 1446 ·

457 1503 546 1558 42.
585 1502 856 1570 Quoniam
895 1506 950 1560 in
978 1514 1242 1561 aeternum
1268 1505 1650 1560 misericordia
1683 1507 1823 1577 ejus.

1710 1507 1823 1577 jus.
2139 1507 2226 1560 42.
2253 1507 2376 1559 Ὅτι
2406 1509 2486 1570 εἰς
2515 1504 2608 1558 τὸν
2632 1506 2806 1567 αἰῶνα
2834 1505 2896 1558 τὸ
2917 1504 3067 1568 ἔλεος
3099 1502 3286 1558 αὐτοῦ.

455 1596 546 1650 45.
585 1577 966 1651 Ηιὲιιοάἰιιιιοηι
996 1595 1161 1652 lsrael
1190 1611 1349 1652 servo
1376 1611 1511 1654 suo:

2144 1600 2232 1654 45.
2270 1598 2652 1670 Κληρονομίαν
2699 1598 2916 1669 Ἰσραὴλ
2941 1596 3113 1668 δούλῳ
3140 1596 3305 1651 αὑτοῦ
3329 1615 3342 1626 ·

455 1688 546 1741 44.
587 1687 855 1754 Quoniam
889 1689 943 1742 in
979 1697 1243 1755 aeternum
1274 1689 1654 1746 misericordia
1681 1690 1820 1760 ejus.

1702 1690 1820 1760 ejus.
2140 1693 2229 1746 44.
2263 1693 2383 1745 Ὅτι
2404 1695 2482 1756 εἰς
2509 1691 2601 1744 τὸν
2629 1691 2802 1744 αἰῶνα
2835 1691 2896 1744 τὸ
2917 1690 3066 1753 ἕλεος
3093 1689 3278 1744 αὐτοῦ.

460 1779 551 1834 45.
581 1779 719 1845 Quia
750 1781 804 1834 in
838 1781 1143 1836 humilitate
1177 1791 1365 1837 nostra
1393 1798 1604 1838 memor
1637 1781 1742 1836 fuit
1791 1783 1966 1838 nostri
2003 1761 2036 1814 Β

2023 1762 2042 1814 δ
2145 1785 2234 1840 45.
2265 1785 2388 1838 Ὅτι
2423 1787 2479 1838 ἐν
2506 1785 2572 1837 τῦ
2615 1782 2942 1837 ταπεινώσει
2973 1781 3130 1836 ὑμῶν
3161 1780 3406 1853 ἐμνήσθη
3437 1777 3599 1849 ἡμῶν

390 1871 684 1928 Dominus:

2075 1877 2279 1949 Κύριος
2305 1893 2317 1906 ·

461 1967 548 2020 46.
584 1965 857 2031 Quoniam
889 1967 942 2022 in
969 1977 1234 2022 aeternum
1261 1968 1639 2024 misericordia
1659 1969 1802 2040 ejus.
1842 2021 1845 2023 _

1698 1969 1802 2040 ius.
1842 2021 1845 2023 _
2145 1967 2232 2022 46.
2260 1968 2386 2021 Ὅτι
2416 1969 2494 2031 είς
2515 1967 2606 2020 τὸν
2636 1967 2809 2020 αἰῶνα
2839 1965 2900 2018 τὸ
2920 1965 3067 2028 ἕλεος
3089 1964 3274 2019 αὐτοῦ.

459 2059 551 2113 47.
584 2058 653 2112 Et
679 2059 908 2114 redemit
931 2074 1032 2114 nos
1067 2060 1136 2113 ab
1159 2059 1398 2115 inimicis
1428 2059 1664 2116 nostris:

2149 2059 2237 2113 47.
2273 2059 2385 2114 Kal
2419 2057 2762 2130 ἐλυτρὼσατο
2791 2058 2942 2128 ἡμᾶς
2967 2059 3030 2110 ὲκ
3053 2056 3160 2110 τῶν
3184 2055 3394 2128 ἐχθρῶν

459 2150 548 2207 48.
586 2150 858 2218 Quoniam
895 2152 948 2205 in
976 2159 1240 2206 mternum
1271 2152 1648 2208 misericordia
1688 2155 1826 2225 ejus.

1700 2155 1826 2225 ejus.
2147 2149 2234 2204 48.
2265 2151 2388 2203 Ὅτι
2413 2151 2493 2213 είς
2525 2149 2615 2202 τὸν
2639 2148 2809 2201 αἰῶνα
2833 2147 2894 2200 τὸ
2915 2146 3064 2211 ἕλεος
3093 2147 3276 2201 αὑτοῦ.

461 2242 550 2296 49.
585 2241 691 2308 Qui
716 2243 809 2296 dat
835 2257 1019 2297 eseam
1051 2243 1202 2297 omni
1231 2242 1415 2298 carni:

2148 2243 2238 2300 49.
2278 2243 2336 2296 Ὀ
2365 2243 2542 2306 διδοὺς
2566 2243 2773 2314 τροφὴν
2805 2242 2954 2312 πάσῃ
2986 2241 3147 2310 σαρκί
3165 2258 3179 2272 ·

1531 2397 1907 2456 ATHANASII
1945 2397 2528 2456 INTERPRETATIO.

397 2541 601 2590 smum,
632 2525 760 2595 quia
785 2525 1249 2595 quemadmodum
1283 2524 1339 2580 in
1377 2524 1518 2580 mari
1552 2523 1840 2580 vivescunt
1861 2523 1973 2594 ejus

2085 2540 2183 2576 σαν
2206 2521 2294 2576 διὰ
2328 2521 2486 2575 τοῦτο
2512 2521 2659 2590 λέγει
2693 2521 2753 2573 τὸ
2786 2521 3069 2591 βάπτισμα
3119 2517 3241 2570 ἐπεὶ
3270 2518 3345 2588 (Ι)
3390 2517 3469 2580 ὼς
3508 2517 3570 2571 ἐν
3595 2518 3661 2588 τῇ

395 2618 594 2686 pisces,
627 2616 701 2670 ita
735 2624 790 2670 et
840 2616 896 2670 in
943 2616 1049 2672 hoc
1095 2617 1303 2672 mundo
1338 2624 1590 2672 natantes
1633 2614 1971 2670 viviﬁcantur

2085 2614 2324 2685 θαλάσσῃ
2348 2613 2738 2682 ζωογονοῦνται
2776 2613 2824 2665 οἱ
2859 2611 3038 2682 ἰχθύες
3072 2611 3264 2681 αὐτῆς,
3306 2609 3450 2663 οὕτω
3491 2611 3590 2664 καί
3613 2612 3661 2662 oi

397 2709 649 2764 homines
682 2710 940 2780 baptizati
973 2709 1028 2764 in
1056 2709 1323 2779 sanguine
1353 2707 1570 2763 Domini
1603 2706 1778 2763 nostri
1810 2704 1973 2762 Jesu:

2086 2706 2136 2759 ἐν
2159 2703 2236 2775 τῷ
2272 2706 2462 2775 κόσμῳ
2477 2704 2650 2774 τούτῳ
2681 2705 2967 2774 νηχόμενοι
3017 2701 3294 2774 ἄνθρωποι
3337 2700 3662 2764 ζωοποιοῦν-

399 2810 688 2870 propterea
705 2799 851 2854 enim
885 2801 1088 2856 dicitur
1115 2801 1388 2868 Rubrum,
1417 2807 1477 2854 ut
1502 2799 1731 2870 sanguis
1761 2797 1975 2853 Domini

2085 2813 2204 2861 ται,
2253 2795 2637 2866 βαπτιζόμενοι
2689 2797 2748 2848 ὲν
2775 2794 2854 2865 τῷ
2875 2794 3068 2863 αἵματι
3112 2792 3206 2845 τοῦ
3257 2793 3460 2863 Κυρίου
3505 2791 3661 2863 ἡμῶν

396 2892 556 2946 nobis
590 2892 948 2963 significetur.

2091 2889 2267 2960 Ἰησοῦ
2299 2904 2310 2917 ·
2333 2888 2421 2941 διὰ
2448 2887 2556 2960 γὰρ
2585 2887 2743 2940 τοῦτο
2776 2889 2990 2958 εἴρηται
3031 2884 3285 2956 Ἐρυθρὰ,
3311 2885 3397 2937 ἵνα
3424 2885 3487 2937 τὸ
3523 2879 3659 2954 αἷμα

2077 2980 2168 3034 τοῦ
2196 2979 2267 3052 (2)
2311 2979 2516 3052 Κυρίου
2548 2980 2784 3050 σημαίνῃ
2808 2981 2956 3049 ἡμῖν.

468 3071 560 3124 51.
589 3071 691 3136 Qui
723 3070 991 3141 gubernat
1019 3071 1280 3141 populum
1310 3086 1471 3126 suum
1499 3071 1554 3125 in
1587 3070 1813 3126 mundo.

2148 3071 2235 3125 5i.
2268 3070 2358 3141 Τῷ
2397 3070 2733 3141 ποιμαίνοντι
2759 3069 2849 3122 τὸν
2879 3070 3004 3123 λαὸν
3034 3068 3199 3122 αὑτοῦ
3231 3071 3288 3121 ἐν
3318 3068 3396 3138 τῷ
3418 3069 3631 3140 κόσμῳ.

468 3161 560 3216 55.
585 3161 938 3232 Principatus
967 3161 1195 3216 diaboli.

2150 3162 2238 3216 55.
2279 3161 2390 3226 Τὰς
2416 3162 2591 3232 ἀρχὰς
2617 3162 2716 3215 τοῦ
2745 3162 3013 3216 διαϐόλου·

470 3253 560 3307 55.
591 3253 658 3307 Ει
688 3263 983 3324 potestates
1011 3254 1153 3324 ejus.

2152 3252 2241 3306 55.
2271 3253 2382 3305 Kal
2413 3251 2514 3315 τὰς
2540 3249 2787 3316 ἐξουσίας
2810 3250 2997 3305 αὐτοῦ.

469 3346 560 3400 57.
597 3345 733 3401 Seon
755 3347 1144 3416 interpretatur
1191 3351 1410 3401 tentatio
1456 3349 1636 3402 calida
1684 3364 1782 3404 seu
1835 3349 1978 3404 vehe-
2005 3335 2045 3390 ο

2149 3345 2236 3398 57.
2272 3344 2443 3413 Σηὼν
2472 3345 2548 3415 (5)
2574 3343 2932 3416 ἑρμηνεύεται
2971 3344 3305 3412 πειρασμὸς
3335 3341 3573 3410 θερμὸς,
3599 3341 3655 3402 ὃς

400 3453 573 3499 σηοω,
611 3437 789 3504 qualis
819 3447 904 3491 est
949 3437 1204 3492 diabolus
1238 3453 1332 3492 rex
1368 3438 1772 3492 mundanarum
1824 3439 1976 3494 volu-

2083 3437 2229 3490 ἐστιν
2261 3439 2290 3491 ό
2316 3436 2562 3500 διάϐολος
2586 3438 2614 3489 ὁ
2645 3436 2897 3507 βασιλεὺς
2921 3437 3028 3491 τῶν
3051 3435 3254 3507 ἡδονῶν
3286 3434 3382 3487 τοῦ
3429 3434 3655 3504 κόσμου.

403 3537 614 3600 ptatum
651 3545 665 3583 :
696 3528 1128 3583 Amorrhazorum
1178 3539 1357 3584 autem
1388 3531 1777 3600 interpretatur
1810 3547 1979 3601 aqua-

2093 3529 2449 3598 Ἀμορῤαίων
2470 3529 2527 3582 δὲ
2554 3528 2918 3602 ἑρμηνεύεται
2943 3531 3381 3600 πικραινόντων
3405 3526 3660 3590 ὑδάτων,

401 3639 522 3678 rum
549 3623 1002 3687 exacerbantium,
1033 3621 1224 3692 quales
1253 3632 1380 3678 sunt
1409 3624 1699 3679 contrariae
1745 3635 1977 3694 potesta-

2088 3620 2219 3693 ὅπερ
2247 3624 2387 3676 εἰσὶν
2412 3625 2468 3676 αἱ
2500 3623 2745 3677 ἐναντίαι
2772 3623 3054 3694 δυνάμεις,
3083 3623 3138 3676 αἱ
3159 3620 3543 3694 πικραίνουσαι
3562 3623 3664 3674 πᾶ-

404 3727 486 3774 tes
511 3717 904 3773 exacerbantes
929 3731 1147 3772 omnem
1189 3715 1450 3772 animam.

825 3727 904 3772 tes
929 3731 1147 3772 omnem
1189 3715 1450 3772 animam.
2085 3725 2184 3766 σαν
2205 3711 2401 3784 ψυχήν.

474 3813 566 3868 59.
599 3811 681 3884 Og
713 3814 1106 3882 interpretatur
1136 3827 1458 3881 congregans
1495 3827 1514 3866 :
1565 3812 1748 3868 Busan
1800 3823 1980 3870 autem

2153 3805 2240 3860 59.
2279 3806 2385 3874 Ὢγ
2413 3805 2776 3877 ἑρμηνεύεται
2809 3802 3092 3871 αθροίζων
3116 3818 3130 3831 ⁶
3163 3802 3375 3856 Bucar
3402 3802 3460 3856 δὲ
3487 3803 3659 3876 ἑρμηο

405 3907 796 3975 interpretatur
821 3906 1112 3976 ignominia
1141 3905 1284 3956 sicca
1303 3919 1322 3955 :
1353 3913 1586 3959 mortem
1622 3905 1790 3976 igitur
1813 3907 1981 3976 signi-

2087 3899 2296 3953 νεύεται
2325 3899 2588 3966 αἰσχύνη
2638 3896 2790 3965 ξηρὰ
2821 3913 2834 3927 ·
2870 3896 2960 3950 τὸν
2991 3895 3219 3949 θάνατον
3261 3889 3353 3947 οὖν
3393 3893 3544 3962 λέγει
3572 3893 3663 3945 τὸν

404 3998 532 4053 ﬁcat
574 4007 998 4070 congregantem
1045 3997 1263 4067 quidem
1300 4005 1572 4065 mortuos,
1609 4001 1980 4055 dominantem

2087 3988 2388 4056 συνάγοντα
2444 3987 2543 4058 μὲν
2588 3987 2714 4050 τοὺς
2757 3987 3020 4056 νεκροὺς,
3069 3982 3422 4054 βασιλεύοντα
3466 3982 3526 4036 δὲ
3565 3981 3661 4050 τῆς

405 4101 585 4147 autem
616 4107 711 4161 per
733 4101 1039 4162 peceatum.

797 4101 1039 4147 ceatum.
2085 4081 2373 4152 ἁμαρτίας.

476 4184 565 4238 41.
600 4183 667 4239 Ει
689 4184 841 4240 dedit
874 4185 1079 4254 populo
1135 4187 1277 4242 lideli
1329 4203 1621 4258 supernam
1656 4185 1982 4252 Jerusalem,

2161 4171 2250 4226 4i.
2283 4170 2393 4224 Kal
2413 4171 2558 4224 δόντι
2588 4169 2665 4241 τῷ
2693 4169 2808 4241 λαῷ
2841 4169 2916 4240 τῷ
2956 4168 3134 4238 πιστῷ
3164 4167 3264 4239 τὴν
3307 4167 3421 4220 ἄνω
3466 4167 3663 4238 Ἰερου-

408 4277 463 4331 in
487 4292 602 4346 qua
637 4278 727 4333 isti
765 4278 1086 4333 habitabant
1125 4257 1444 4350 priusquam
1485 4296 1516 4336 e
1561 4280 1700 4336 cazlo
1751 4281 1984 4351 projice-

2087 4261 2289 4334 σαλὴμ,
2347 4257 2474 4335 ἐνσῇ
2523 4257 2668 4317 οὗτοι
2716 4260 3000 4333 κατῴκουν
3032 4259 3140 4332 πρὸ
3185 4258 3281 4313 τοῦ
3337 4257 3561 4330 ριᾑναι
3588 4257 3659 4327 (4)

407 4378 618 4425 rentur.

2092 4353 2200 4408 ἀπὸ
2237 4354 2328 4408 τοῦ
2362 4353 2611 4426 οὐρανοῦ.

479 4461 571 4516 45.
599 4460 979 4517 Haereditatem
1013 4465 1218 4519 sanctis
1244 4465 1380 4519 suis.

2159 4447 2245 4502 45.
2281 4447 2398 4518 Κλη
2409 4448 2662 4519 ρονομίαν
2686 4450 2798 4510 τοῖς
2819 4448 2994 4514 ἁγίοις
3020 4445 3201 4499 αὑτοῦ.

479 4551 570 4608 45.
603 4552 742 4618 Quia
775 4552 914 4608 vidit
935 4568 1037 4609 nos
1065 4555 1120 4608 in
1157 4556 1478 4610 servitutem
1507 4555 1756 4610 redactos
1791 4571 1821 4609 a
1846 4570 1980 4609 con-

2157 4540 2239 4594 45.
2279 4541 2399 4593 Ὅτι
2444 4535 2580 4593 εἶδεν
2623 4539 2701 4610 (5)
2735 4539 2884 4610 ἡμᾶς
2922 4535 3353 4604 δεδουλωμένους
3407 4535 3515 4586 ὑπὸ
3560 4531 3661 4586 τῶν

406 4646 594 4702 trariis
645 4647 1028 4716 potestatibus,
1059 4646 1518 4702 etmisericordla
1551 4655 1732 4702 motus
1781 4655 1882 4709 est,
1931 4657 1982 4701 et

2091 4632 2350 4686 ἐναντίων
2369 4631 2670 4702 δυνάμεων,
2702 4631 2795 4684 καὶ
2827 4628 3250 4699 ἐσπλαγχνίσθη,
3304 4627 3400 4679 καὶ
3437 4625 3660 4695 ἠλέησεν

413 4697 590 4702 _____-_
645 4697 1027 4716 r----_-_____,
1067 4697 1110 4701 --
1140 4697 1518 4702 _,_--___--___“
1552 4697 1729 4702 ---νη
1787 4697 1882 4709 m,
1937 4697 1982 4701 _-

406 4741 668 4795 misertus
691 4747 775 4794 est
809 4739 1004 4794 nostri.

691 4747 775 4794 est
809 4739 1004 4794 nostri.
2020 4697 2062 4751 θ
2095 4725 2254 4794 ἡμᾶς.

479 4831 568 4886 47.
597 4830 662 4886 Et
717 4831 948 4886 redemit
999 4847 1099 4887 nos
1146 4834 1405 4903 passione
1454 4848 1555 4888 sua
1586 4833 1654 4887 ab
1688 4833 1986 4888 immundis

2156 4815 2242 4868 47.
2286 4817 2397 4870 Kal
2431 4813 2778 4886 ὲλυτρώσατο
2819 4815 2966 4885 ἡμᾶς
3013 4813 3104 4868 διὰ
3139 4810 3234 4864 τοῦ
3266 4811 3474 4874 πάθους
3502 4809 3660 4863 αὐτοῦ

407 4922 715 4993 spiritibus.

2085 4909 2149 4960 ἐκ
2176 4908 2284 4961 τῶν
2316 4909 2646 4981 ἀκαθάρτων
2668 4907 3010 4978 πνευμάτων.

477 5017 566 5072 49.
604 5016 813 5073 Sensus
857 5017 1077 5086 quidem
1101 5018 1356 5089 proprius
1388 5019 1714 5073 manifestus
1745 5027 1848 5083 est,
1903 5017 1984 5070 in-

2153 5001 2243 5057 49.
2281 5002 2353 5054 Τδ
2385 5002 2484 5072 μὲν
2532 4999 2730 5054 εἰδικὸν
2774 4999 2931 5070 δῆλόν
2981 5001 3155 5061 ἐστιν,
3209 4998 3243 5066 ἡ
3297 4995 3354 5048 δὲ
3405 4994 3662 5066 ἑρμηνεία

410 5109 722 5180 terpretatio
780 5118 962 5165 autem
1025 5087 1316 5182 allegorica
1364 5109 1985 5190 verborum‘Prophetaa

2085 5093 2175 5146 τοῦ
2204 5093 2278 5166 (6)
2316 5095 2603 5167 Προφήτου
2641 5091 2799 5146 τοῦτο
2857 5092 3048 5163 δηλοῖ·
3114 5092 3142 5143 ὁ
3179 5087 3370 5142 ἑαυτὸν
3412 5087 3661 5158 παρέχων

408 5205 513 5260 hoc
535 5204 838 5276 signiﬁcat:
869 5206 963 5275 qui
997 5180 1459 5276 pratbetseipsum
1487 5180 1683 5274 .cibum
1728 5204 1782 5257 in
1821 5203 1984 5257 vitam

2095 5187 2267 5258 τροφὴ
2326 5189 2406 5250 είς
2435 5186 2578 5256 ζωὴν
2605 5185 2822 5239 αἰώνιον
2858 5184 3018 5240 παντὶ
3044 5181 3318 5254 ἀνθρώπῳ
3335 5180 3659 5254 βουλομένῳ.

405 5305 665 5353 aeternam
693 5297 843 5351 omni
882 5298 1090 5352 homini
1119 5298 1341 5354 volenti.

1362 5415 1669 5477 Addenda
1702 5425 1761 5477 et
1799 5420 2172 5499 corrigenda
2211 5440 2288 5482 ex
2317 5422 2454 5482 cod.
2495 5422 2694 5482 Vatic.

584 5521 829 5595 Ἐῖεειτξήσ
878 5593 898 5595 Μ
1055 5593 1062 5595 _
2270 5525 2525 5595 Ἰξιφῶσιν
2552 5525 2645 5577 ἀπ’
2681 5521 2942 5594 οὐρανῶν.

478 5588 688 5678 ίξὶῑοῖε
729 5588 1362 5678 "ﬂammaue;
1537 5665 1550 5678 .
2159 5588 2437 5678 (ξιὲἒδὲνο

480 5655 558 5738 _(5)
593 5655 884 5738 ξίιίῖ)ν,-ἱ’1.‹;.
939 5655 1068 5734 (Ῐέιζ.
1112 5655 1304 5738 Ἒηὼν)
1335 5666 1472 5738 ὅπερ
1528 5665 1760 5736 ύπαρχει
1799 5671 1824 5721 ό
1863 5668 1968 5722 διὰ-

1175 5655 1304 5734 ᾗὼν)
1335 5666 1472 5738 ὅπερ
1528 5665 1760 5736 ύπαρχει
1799 5671 1824 5721 ό
1863 5668 1968 5722 διά-
2260 5668 2368 5738 Τῆς
2403 5663 2751 5738 προφητείας.

413 5725 565 5791 ὣΧΟς
593 5731 622 5781 ό
646 5725 962 5800 βασιλεύωνξ
992 5725 1119 5802 clo,
1151 5725 1298 5806 ὅπερ
1329 5725 1484 5799 εἰσίν,
1509 5747 1612 5790 etc.
