3990 6208
341 270 482 334 1275

415 397 513 454 50.
538 401 764 467 ’οτι¹είς
790 401 880 457 τὸν
912 401 1082 456 αἰῶνα
1102 404 1162 457 τὸ
1186 404 1333 471 ἔλεος
1355 406 1535 462 αὐτοῦ.

417 489 503 545 51.
549 491 981 563 Ἑξομολογεῖσθε
1008 494 1085 567 τῷ
1105 496 1223 567 Θεῷ
1252 498 1344 552 τοῦ
1370 500 1600 571 οὐρανοῦ
1620 516 1633 529 ’

417 582 505 637 52.
531 582 655 637 Ὀτι
685 584 765 647 είς
801 585 892 638 τὸν
930 585 1103 641 αἰῶνα
1131 587 1194 641 τὸ
1214 587 1361 653 ἕλεος
1382 591 1565 644 αὐτοῦ.

411 674 651 743 Ψαλμὸς
686 673 766 741 τῷ
798 675 974 729 Δαὸὶδ
1003 675 1103 731 διὰ
1136 678 1428 748 Ἱερεμίου.
1470 684 1642 736 ΨΑΛ.
1682 686 1831 751 PAc,
1866 722 1879 736 .

411 764 461 818 l.
508 765 626 817 Ἐπὶ
650 764 757 820 τῶν
781 766 1037 838 ποταμῶν
1058 767 1393 835 Βαϐυλῶνος,

408 854 460 908 2.
504 856 648 909 Ἐκεῖ
676 857 1007 930 ἐκαθίσαμέν
1036 862 1128 916 καὶ
1156 860 1523 932 ἐκλαύσαμεν.

407 949 459 1003 5.
501 950 588 1003 Ἐν
626 949 701 1021 τῷ
736 952 1041 1023 μνησθῆναι
1070 956 1217 1027 ἡμᾶς
1246 957 1347 1027 τῆς
1376 956 1513 1009 Σιών
1544 954 1666 1028 [τὴν
1693 953 1874 1028 Σιών].

406 1040 457 1093 4.
505 1041 627 1094 Ἐπὶ
656 1045 775 1107 ταῖς
811 1044 997 1109 ίτέαις,
1028 1047 1086 1100 ὲν
1119 1048 1268 1118 μέσῳ
1309 1048 1478 1119 αὐτῆς
1518 1048 1902 1121 ἐκρεμάσαμεν

332 1131 402 1185 τὰ
422 1131 626 1201 ὄργανα
646 1134 679 1203 ἡ
688 1133 823 1203 μῶν.

408 1221 456 1276 '5.
488 1224 609 1277 Ὅτι
631 1225 746 1278 ἐκεῖ
775 1226 1136 1301 ἐπηρώτησαν
1162 1232 1314 1303 ἡμᾶς
1337 1231 1387 1284 oi
1422 1229 1903 1303 αἰχμαλωτεύσαν-

333 1332 422 1379 τες
453 1317 618 1387 ἡμᾶς,
658 1317 849 1387 λόγους
876 1319 1057 1389 ᾠδῶνο

399 1408 451 1462 6.
485 1409 588 1464 Kal.
611 1412 661 1464 ot
680 1412 1058 1482 ἀπαγαγόντες
1082 1416 1247 1486 ἡμᾶς,
1278 1415 1477 1487 ὕμνον·

403 1501 455 1553 7.
491 1500 693 1572 ’ᾼσατε
725 1506 854 1574 ἡμῖν
889 1506 954 1558 ὲκ
978 1506 1087 1559 τῶν
1116 1507 1269 1578 ᾠδῶν
1300 1507 1453 1563 Σιών.

1178 284 1270 341 DE
1307 287 1584 346 TITULIS
1619 289 2165 350 PSALMORUM.—
2198 290 2396 348 PSAL.
2434 278 2729 350 CXXXVI.|

3441 296 3583 357 1274

1934 413 1981 471 Α
2076 410 2167 466 50.
2198 409 2471 478 Quoniam
2498 410 2552 463 in
2583 420 2847 464 aeternum
2879 408 3254 467 misericordia
3283 409 3426 481 eius.

2074 502 2165 557 51.
2199 500 2544 555 Conﬁtemini
2575 500 2685 555 Deo
2723 502 2869 559 cmli.

2077 592 2165 648 52.
2205 592 2474 658 Quoniam
2520 592 2572 647 in
2603 602 2865 648 aeternum
2903 592 3272 649 misericordia
3303 594 3443 664 ejus.

2140 680 2389 735 Psalmus
2423 682 2594 736 David
2628 682 2895 739 Jeremiw.
2927 680 3057 739 PSA
3070 684 3130 738 ι..
3158 684 3362 741 CXXX
3381 684 3472 743 γι.

2032 838 2035 845 ι
2080 777 2131 829 1.
2170 772 2343 833 Super
2372 773 2596 830 ﬂumina
2625 774 2919 849 Babylonis
2941 815 2959 843 ,

2077 869 2129 921 9..
2161 866 2277 923 lllic
2308 867 2553 925 sedimus
2580 877 2635 924 et
2663 868 2947 936 ﬂevrmus,

2077 960 2128 1013 5.
2159 958 2295 1014 Cum
2317 961 2731 1017 recordaremur
2761 961 2916 1019 Sion.

2081 1051 2127 1105 4.
2161 1052 2215 1105 In
2250 1053 2545 1117 salicibus,
2595 1053 2649 1108 in
2713 1054 2890 1109 medio
2932 1055 3052 1125 ejus
3084 1058 3469 1127 suspendimus
3491 1072 3582 1115 or-

2006 1159 2142 1215 gana
2169 1153 2375 1199 nostra.

2072 1235 2124 1289 5.
2160 1236 2297 1302 Quia
2341 1236 2451 1294 illic
2498 1237 2976 1312 interrogaverunt
3018 1257 3155 1307 nos,
3199 1243 3291 1314 qui
3342 1242 3582 1313 captivos

2004 1325 2277 1383 duxerunt
2302 1345 2425 1395 nos,
2454 1331 2615 1385 verba
2641 1333 2958 1387 cantionum
2981 1370 2997 1397 ,

2077 1414 2128 1466 6.
2155 1411 2220 1466 Ει
2249 1414 2340 1475 qui
2370 1414 2716 1493 abduxerunt
2744 1432 2845 1471 nos
2864 1455 2879 1481 ,
2922 1417 3182 1487 hymnum
3213 1435 3227 1471 :

2077 1503 2127 1555 7.
2171 1502 2398 1557 Cantate
2426 1505 2584 1560 nobis
2608 1506 2674 1561 dc
2706 1508 2937 1564 canticis
2974 1507 3125 1561 Sion.

2075 1594 2129 1647 8.
2169 1594 2452 1659 Quomodo
2522 1598 2866 1656 cantabimus
2921 1598 3195 1655 canticum
3252 1597 3466 1655 Domini
3523 1597 3578 1655 in

2006 1693 2148 1738 terra
2176 1685 2392 1739 aliena?

1441 1796 1816 1854 ATHANASII
1852 1796 2430 1852 INTERPRETATIO.

399 1890 488 1955 51,
515 1889 605 1946 52.
632 1892 892 1959 Δοξάζετε
918 1894 1009 1949 τὸν
1028 1893 1161 1950 Θεὸν
1182 1893 1281 1951 τοῦ
1299 1896 1460 1969 χοροῦ
1492 1896 1572 1969 [οἱ
1588 1894 1770 1968 χοροὶ]
1793 1895 1899 1949 τῶν
1933 1900 1936 1952 ἶ

2077 1896 2165 1959 51,
2192 1896 2279 1951 52.
2312 1896 2624 1951 Glorificatc
2653 1897 2843 1962 Deum,
2887 1896 3043 1953 chori
3083 1907 3416 1961 sanctorum,
3453 1910 3577 1949 nar-

322 1980 515 2049 άγίων,
561 1982 907 2055 διηγούμενοι
930 1987 999 2041 τὰ
1032 1987 1108 2058 (1)
1158 1988 1544 2067 προλεχθέντα,
1575 1988 1656 2041 ὅτι
1683 1986 1903 2041 ἀτελεύ-

2016 1999 2192 2042 rantes
2220 2004 2342 2058 qute
2368 1998 2493 2043 ante
2518 1989 2663 2043 dicta
2694 1998 2862 2053 sunt,
2900 1989 3158 2058 quoniam
3192 1989 3309 2042 sine
3346 1988 3449 2040 (inc
3478 1985 3577 2039 mi-

320 2089 485 2145 τητον
515 2074 577 2128 τὸ
604 2075 751 2140 ἔλεος
781 2078 969 2133 αὑτοῦ.

2016 2078 2295 2133 sericordia
2326 2081 2467 2154 ejus.

409 2170 475 2223 Ἦ
505 2173 845 2247 προκειμένη
864 2175 1145 2246 ἐπιγραφὴ
1172 2175 1418 2249 περιέχει
1440 2175 1517 2247 (2)
1543 2192 1558 2207 ο
1593 2172 1677 2241 Τῷ
1704 2174 1883 2228 Δαόὶδ
1910 2172 2007 2228 διὰ
2040 2174 2345 2243 Ἰερεμίου,
2378 2175 2782 2242 ἀνεπίγραφος
2802 2178 2938 2241 παρ’
2971 2173 3281 2240 Ἑϐραίοις.
3310 2171 3457 2239 Α’ύτη
3485 2165 3578 2223 οῦν

318 2265 354 2336 ἡ
380 2265 643 2337 ἑρμηνεία
674 2267 768 2322 τοῦ
803 2272 1244 2343 επιγράμματος,
1278 2272 1360 2338 τῷ
1407 2269 1591 2336 ἕκανῷ
1621 2270 1699 2338 τῇ
1722 2269 1892 2339 χειρὶ,
1924 2268 2000 2338 τῷ
2031 2268 2145 2339 Υίῴ
2182 2269 2275 2322 τοῦ
2332 2268 2491 2335 Θεοῦ,
2538 2269 2817 2321 τουτέστιν
2847 2266 3284 2335 ἐξομολόγησις
3329 2264 3428 2318 διὰ
3471 2262 3578 2317 τοῦ

312 2362 739 2432 βαπτίσματος
775 2364 896 2419 τῶν
927 2366 1230 2435 προτέρων
1252 2366 1531 2437 πονηρῶν
1552 2365 1847 2435 πράξεων.
1887 2362 2058 2416 Τοῦτο
2090 2363 2200 2434 γὰρ
2228 2353 2589 2434 ἑρμηνεύεται
2616 2362 2678 2415 τὸ
2701 2361 2800 2414 διὰ
2839 2361 3133 2429 Ἰερεμίου,
3154 2358 3366 2430 παροχὴ
3387 2357 3576 2418 ὓδατος

311 2454 515 2508 ὡσανεὶ
540 2455 601 2508 τὸ
625 2456 927 2530 βάπτισμα,
960 2459 1054 2514 καὶ
1094 2461 1281 2533 μνήμη
1320 2459 1429 2513 τῶν
1472 2457 1930 2531 προσερχομένων
1957 2455 2035 2527 τῷ
2067 2456 2377 2526 φωτίσματι
2419 2454 2719 2515 Ἰουδαίων,
2763 2454 2881 2514 πῶς
2918 2453 2974 2505 αἱ
3025 2452 3265 2505 ἐναντίαι
3316 2449 3573 2521 δυνάμεις

312 2544 626 2615 ἠνάγκαζον
656 2550 852 2614 αὐτοὺς
878 2551 1162 2623 λατρεύειν
1188 2554 1399 2616 αὑταῖς.
1433 2551 1507 2604 Τὸ
1537 2551 1614 2616 δὲ,
1641 2550 2046 2620 ἀνεπίγραφος
2071 2548 2208 2616 παρ’
2247 2547 2551 2615 Ἑϐραίοις,
2576 2545 2941 2618 ἀπροσδεκτος
2956 2544 3101 2614 λέγει
3141 2547 3254 2607 τοῖς
3284 2543 3567 2597 ἀπειθοῦσι

325 2641 626 2709 Ἰουδαίοις’
659 2648 719 2701 ού
749 2648 1067 2720 προείλαντο
1100 2648 1207 2722 γὰρ
1238 2651 1296 2703 τὸ
1331 2649 1613 2721 βάπτισμα
1646 2649 1739 2701 τοῦ
1770 2644 2027 2719 Χριστοῦ.

389 2736 606 2795 Titulus
654 2743 979 2812 praepositus
1024 2745 1307 2799 continet:
1336 2743 1506 2797 David
1543 2759 1635 2813 per
1682 2741 1994 2806 Jeremiam,
2029 2740 2141 2792 sine
2178 2737 2332 2792 titulo
2365 2739 2505 2807 apud
2542 2735 2811 2791 liebrwos.
2863 2735 3243 2805 lnscriptionis
3273 2740 3453 2786 autem
3485 2731 3573 2783 in-

400 1590 452 1648 8.
482 1593 605 1658 Πῶς
621 1594 839 1667 ᾄσωμεν
855 1596 955 1670 τὴν
969 1598 1112 1671 ᾠδὴν
1123 1598 1323 1673 Κυρίου
1343 1600 1438 1655 ἐπὶ
1463 1598 1571 1671 γῆς
1584 1597 1869 1672 ἀλλοτρίας
1885 1617 1898 1665 ;

313 2831 637 2899 terpretatio
672 2832 795 2889 talis
827 2843 912 2889 est
948 2853 962 2889 :
1001 2853 1163 2890 manu
1189 2837 1342 2907 forti,
1376 2852 1571 2907 nempe
1599 2836 1697 2892 Dei
1728 2835 1890 2900 Filio,
1920 2834 2181 2899 confessio
2210 2850 2301 2901 per
2346 2835 2662 2903 baptismum
2698 2835 2935 2904 priorum
2985 2836 3249 2885 malarum
3281 2829 3573 2889 actionum,

310 2919 393 2975 Ita
422 2921 568 2975 enim
620 2923 1007 2995 interpretatur
1054 2927 1186 2983 illud
1242 2946 1334 2999 per
1381 2927 1668 2983 Jerentiam
1697 2927 1946 2999 praebitio
1975 2941 2150 2996 aqum,
2186 2924 2443 2977 nimirum
2484 2926 2807 2994 baptismus,
2850 2934 2903 2979 et
2932 2923 3238 2979 recordatio
3264 2921 3573 2976 Judazorum

311 3011 718 3071 advenientium
769 3017 836 3071 ad
889 3018 1367 3088 illuminationem,
1399 3018 1678 3091 quomodo
1709 3019 1997 3077 contrariae
2027 3024 2324 3087 potestates
2356 3017 2621 3087 cogebant
2670 3032 2765 3071 eos
2817 3017 2965 3087 ipsas
2994 3015 3191 3071 colere.
3231 3014 3366 3071 illud
3392 3021 3575 3068 autem

308 3108 425 3167 sine
450 3107 606 3160 titulo
638 3108 781 3179 apud
812 3108 1067 3165 Hebraeos
1097 3111 1369 3181 signiﬁcat
1404 3123 1681 3181 receptum
1738 3126 1845 3183 non
1894 3107 2067 3163 fuisse
2120 3106 2189 3159 ab
2238 3105 2533 3159 incredulis
2582 3104 2825 3172 Judaais;
2865 3118 2975 3158 non
3006 3104 3151 3160 enim
3187 3104 3572 3176 praeelegerunt

306 3197 641 3271 baptismum
666 3198 889 3255 Christi.

388 3313 439 3366 1.
471 3313 546 3385 (α)
576 3314 677 3368 Ἐν
695 3314 824 3381 ταῖς
838 3316 1174 3387 ἐπιθυμίαις
1195 3318 1304 3388 τῆς
1324 3322 1703 3391 συγχύσεως.
1719 3320 1889 3375 Τοῦτο
1914 3323 1936 3381 (

2064 3312 2118 3371 1.
2151 3312 2220 3368 1η
2255 3313 2689 3383 concupiscentiis
2717 3313 3041 3383 confusionis
3073 3329 3092 3368 :
3127 3315 3198 3368 ita
3233 3314 3377 3369 enim
3406 3316 3575 3371 inter-

310 3404 426 3474 γάρ
453 3403 816 3475 ἑρμηνεύεται
851 3407 1231 3477 Βαϐυλῶνος,
1260 3413 1318 3464 ὲν
1349 3406 1436 3475 αἷς
1471 3411 1887 3483 ἐδελεάσθημεν,

309 3497 409 3552 καὶ
437 3496 732 3567 ὲξεκλύσθη
742 3515 839 3568 μεν
866 3500 967 3570 (5),
998 3502 1475 3574 ὲναπομείναντες.

382 3585 436 3650 2.
468 3587 522 3641 5.
569 3586 717 3639 Ἐκεῖ
749 3586 1097 3659 ὲκλαύσαμεν
1146 3591 1475 3662 μνησθέντες
1522 3593 1621 3662 τῆς
1669 3591 1889 3663 ἐντολῆς

306 3674 406 3730 τοῦ
433 3674 589 3729 Θεοῦ.
627 3673 780 3729 Σιὼν
812 3676 920 3748 γὰρ
946 3678 1307 3750 ἑρμηνεύεται
1330 3680 1574 3749 ἐντολή.

383 3768 438 3824 4.
486 3767 550 3820 Ἦ
596 3767 713 3820 ἰτέα
746 3767 936 3840 τέρψιν
963 3771 1059 3840 μὲν
1083 3771 1318 3840 ἔχειτοῦ
1366 3772 1515 3838 ἰδεῖν,
1554 3771 1804 3844 ἄκαρπον
1830 3771 1888 3825 δὲ

311 3858 528 3931 δένδρον
574 3859 829 3932 ὑπάρχει.
881 3861 1051 3915 Τοῦτο
1076 3859 1168 3917 οὖν
1200 3862 1349 3932 λέγει
1384 3863 1481 3935 (4),
1532 3862 1614 3917 ὅτι
1661 3865 1719 3917 ὲν
1770 3867 1890 3928 ταῖς

311 3952 553 4017 ἀπάταις
600 3954 695 4007 καὶ
728 3955 1049 4026 ματαιότητι
1094 3954 1188 4009 τοῦ
1237 3956 1354 4026 βίου
1404 3956 1792 4029 ἀπεκρέμαντο
1822 3958 1887 4028 τῇ

310 4045 581 4118 ἐπιθυμίᾳ
629 4048 698 4102 τὰ
757 4048 893 4120 μέλη
928 4049 1085 4121 ἡμῶν
1113 4051 1172 4103 έν
1225 4051 1374 4124 μέσῳ
1416 4050 1517 4121 τῆς
1553 4052 1886 4123 συγχύσεως,

307 4138 562 4193 τουτέστι
589 4140 690 4211 τῆς
717 4141 1010 4214 ἁμαρτίας.

382 4231 496 4287 5-7.
530 4233 655 4286 Ὅτι
681 4236 816 4299 ἐκεῖ,
866 4239 923 4289 ὲν
971 4238 1037 4308 τῇ
1074 4237 1334 4307 συγχύσει
1384 4237 1554 4293 ὄντων
1605 4238 1760 4311 ήμῶν
1787 4237 1888 4308 τῆς

309 4320 606 4393 ἁμαρτίας,
631 4322 817 4378 λοιπὸν
840 4325 934 4378 κα)⁸
957 4325 1182 4395 ἠπάτων
1202 4329 1351 4398 ἡμᾶς
1381 4330 1437 4383 αἱ
1464 4330 1702 4385 ἐναντίαι
1726 4330 1887 4385 δυνά-

310 4428 438 4482 μεις
461 4411 1009 4482 αἰχμαλωτεύσασθαι
1036 4415 1112 4487 (5)
1138 4418 1288 4488 ἡμᾶς
1318 4416 1414 4471 τοῦ
1452 4418 1760 4492 λατρεύειν,
1793 4421 1887 4475 καὶ

312 4501 569 4557 σέϐεσθαι
599 4502 788 4569 αὑτὰς,
813 4504 908 4558 καὶ
928 4504 1107 4574 λέγειν
1137 4509 1268 4579 ἡμῖν
1288 4524 1302 4539 '
1336 4508 1609 4574 Δοξάσατε
1634 4511 1783 4582 ἡμᾶς
1811 4512 1887 4577 ὡς

306 4593 400 4646 τὸν
432 4593 564 4648 Θεὸν
582 4594 675 4648 τοῦ
702 4595 955 4666 ούρανοῦ.
979 4598 1054 4652 Τὸ
1072 4598 1180 4671 γάρ
1212 4598 1365 4654 Σιὼν
1395 4600 1557 4657 πάλιν
1585 4603 1887 4676 ἑρμηνεύε-

306 4702 399 4739 ται
428 4687 610 4754 τόπος
639 4688 792 4743 ὅπου
815 4692 853 4758 ἠ
882 4691 1105 4760 σκηνὴ,
1129 4693 1327 4747 ὡσανεὶ
1353 4695 1383 4748 ὁ
1416 4696 1664 4768 οὐρανός.

383 4842 436 4918 8.
480 4864 672 4934 Ἡμεῖς
701 4863 757 4917 δὲ
781 4864 916 4937 πρὸς
934 4867 1032 4930 τὰς
1053 4867 1301 4931 ἐναντίας
1320 4867 1581 4939 δυνάμεις
1600 4868 1878 4939 ἐλέγομενο

307 4953 434 5019 Πῶς
455 4955 583 5026 ὑμῖν
610 4956 997 5029 λατρεύσωμεν
1021 4960 1132 5023 τοῖς
1160 4958 1378 5030 δαίμοσι
1408 4963 1521 5024 τοῖς
1569 4961 1777 5032 γηίνοις
1804 4960 1881 5031 (6)

307 5049 420 5111 τοῖς
443 5046 743 5119 ἀλλοτρίοις
761 5065 777 5113 ;

1991 3415 2239 3476 pretatur
2265 3421 2421 3475 super
2445 3405 2672 3474 [lumina
2689 3403 3003 3473 Babylonis,
3024 3405 3079 3459 in
3101 3406 3303 3475 quibus
3322 3407 3570 3475 inescati,

1990 3503 2045 3552 et
2075 3497 2347 3552 submersi
2378 3511 2573 3549 sumus
2596 3504 3010 3565 permanentes;

2038 3589 2113 3654 ,2,
2148 3589 2202 3643 5.
2239 3589 2351 3642 Illic
2386 3589 2635 3643 llevimus
2681 3589 2949 3643 recordati
2985 3588 3226 3642 mandati
3257 3585 3350 3643 Dei
3390 3607 3403 3642 :
3441 3587 3570 3643 Sion

1989 3679 2135 3734 enim
2172 3680 2564 3748 interpretatur
2597 3679 2928 3733 mandatum.

2060 3768 2115 3823 4.
2155 3768 2303 3823 Salix
2335 3779 2557 3838 aspectu
2589 3768 2808 3838 quidem
2845 3767 3211 3833 dclectabilis,
3257 3768 3351 3823 sed
3404 3768 3567 3829 arbor

1989 3856 2329 3914 infructit‘era
2376 3868 2480 3913 est.
2517 3856 2633 3913 Hoc
2670 3859 2835 3930 igitur
2861 3860 3150 3929 signiﬁcat,
3190 3857 3337 3928 quod
3378 3858 3434 3913 in
3467 3857 3566 3913 de-

1989 3952 2329 4023 ceptionibus
2352 3960 2405 4006 et
2435 3951 2770 4007 vanitatibus
2825 3952 2948 4005 vitae
2970 3951 3040 4009 ob
3067 3951 3567 4021 concupiscentiam

1988 4058 2256 4126 suspensa
2288 4041 2511 4098 fuerunt
2542 4043 2786 4097 membra
2817 4052 2999 4098 nostra
3044 4042 3100 4097 in
3153 4041 3334 4097 medio
3374 4042 3566 4098 confu-

1988 4137 2184 4204 sionis,
2206 4136 2312 4193 hoc
2338 4145 2423 4192 est
2452 4137 2679 4207 peccati.

2062 4227 2177 4284 5-7.
2229 4227 2496 4295 Quoniam
2527 4228 2674 4291 illic,
2730 4226 2857 4281 dum
2906 4226 2960 4280 in
3001 4226 3324 4281 conlusione
3359 4229 3566 4295 peccati

1987 4334 2259 4384 essemus,
2298 4319 2519 4375 demum
2566 4319 2731 4374 etiam
2782 4332 2884 4372 nos
2930 4318 3568 4387 deceperuntcontraria

1986 4420 2286 4482 potestates
2330 4412 2631 4481 redigenda
2681 4426 2782 4467 nos
2835 4411 2889 4465 in
2946 4411 3307 4482 captivitatem
3358 4411 3426 4465 ad
3472 4426 3568 4466 co—

1985 4503 2204 4560 lendum
2273 4514 2327 4560 et
2408 4506 2748 4561 adorandum
2813 4520 2945 4572 eas,
3019 4520 3084 4560 ac
3162 4503 3391 4560 dicendo
3430 4520 3567 4561 ,ηο-

1986 4598 2071 4653 bis
2106 4617 2121 4653 :
2158 4596 2467 4653 Gloriﬁcate
2515 4613 2617 4654 nos
2673 4598 2817 4653 sicut
2866 4595 3037 4651 Deum
3086 4595 3231 4652 cadi.
3262 4594 3395 4650 Nam
3433 4593 3570 4649 Sion

1914 4673 1964 4734 ί)
1990 4692 2154 4746 etiam
2195 4692 2583 4762 interpretatur
2611 4692 2755 4747 locus
2792 4691 2884 4745 ubi
2910 4688 3304 4745 tabernaculum
3323 4731 3338 4757 ,
3373 4687 3564 4742 videli-

1989 4793 2074 4838 cet
2110 4784 2331 4839 omium.

2055 4873 2108 4927 8.
2140 4870 2253 4929 Nos
2287 4883 2469 4928 autem
2523 4874 2818 4931 contrariis
2868 4872 3228 4945 potestatibus
3277 4869 3512 4925 diximus
3540 4909 3555 4923 .

1987 4961 2271 5029 Quomodo
2291 4978 2389 5019 vos
2410 4963 2676 5030 colemus,
2697 4966 2790 5036 qui
2814 4966 2950 5021 estis
2974 4966 3248 5021 daemones
3274 4968 3559 5017 terrestres

1988 5054 2151 5111 alieni
2167 5055 2190 5110 ?

1262 5161 1571 5224 Addenda
1603 5169 1662 5223 et
1687 5162 2063 5242 corrigenda
2112 5181 2190 5226 ex
2229 5166 2371 5228 cod.
2405 5167 2606 5229 Vatic.

381 5260 457 5334 (1)
480 5261 664 5315 Ταῦτα
684 5261 753 5315 τὰ
796 5259 1181 5332 προλεχθέντα,
1213 5263 1294 5315 ὅτι
1319 5263 1671 5334 ἀτελεύτητον
1714 5265 1881 5327 ἔστιν,

310 5339 462 5473 et6.2)
501 5402 567 5455 Ἥ
594 5401 684 5456 διὰ
726 5400 826 5471 τῆς
868 5400 1238 5471 κινναϐάρεως
1289 5402 1531 5472 περιέχει
1557 5421 1569 5431 ·
1604 5402 1695 5473 Τῷ
1721 5404 1885 5456 Δα6¹ιδ
1980 5339 2087 5460 cuii

312 5402 427 5543 ᾡδὲ
443 5472 554 5536 διά,
590 5480 695 5527 etc.
735 5470 839 5525 Kal.
863 5471 1051 5543 μνήμη
1073 5471 1643 5543 τῶνρπροερχομένων.
1668 5482 1771 5527 etc.
1810 5474 1883 5526 Τὸ
2052 5476 2087 5543 (ξ

368 5470 427 5552 δὴ
442 5470 554 5536 διά,
590 5480 711 5553 etc.
735 5470 839 5525 Kal.
863 5471 967 5553 μνῂ
977 5488 1051 5542 μη
1073 5470 1643 5553 τῶνὶπροερχοὶμένῶν.
1667 5470 1771 5527 etc.
1810 5474 1883 5526 Τὸ

311 5540 452 5608 πῶς,
482 5553 588 5614 etc.
646 5543 720 5596 Οὐ
756 5540 1093 5614 προσήλαντο
1144 5540 1261 5612 γὰρ
1298 5540 1756 5613 τῷ⁷⁷βαπτίσιιατι
1787 5560 1880 5596 του

312 5614 356 5665 Χ
367 5612 572 5677 ριστοῦ.

2053 5264 2129 5407 (5)
2160 5266 2263 5319 Καὶ
2291 5265 2711 5340 ὲξεκλύσθημεν,
2738 5267 2909 5324 deest.

2053 5335 2105 5405 (4
2159 5337 2342 5406 Λέγει,
2378 5338 2454 5402 ὡς
2482 5339 2704 5407 νομίζω,
2742 5340 2845 5405 ὅτι,
2880 5354 2908 5394 e

2051 5332 2126 5407 (4)
2159 5337 2342 5406 Λέγει,
2378 5338 2454 5402 ὡς
2482 5332 2704 5410 νομίζω,
2742 5340 2845 5405 ὅτι,
2880 5346 2988 5394 etc.
3026 5335 3133 5392 Τοῦ
3177 5334 3291 5407 βίου
3320 5332 3555 5403 τούτου,

2052 5475 2128 5617 (5)
2154 5477 2697 5548 Αίχμαλωτεύσασαι.

2052 5547 2105 5614 (6
2160 5548 2282 5610 Τοῖς
2310 5548 2517 5617 γηίνοις
2543 5548 2691 5603 deest

2050 5547 2126 5617 (6)
2160 5547 2282 5610 Τοῖς
2310 5548 2517 5620 γηίνοις
2543 5548 2711 5603 deest.

390 5706 464 5778 (ιι)
488 5703 553 5759 Ν.
586 5704 637 5771 Ι,
666 5702 722 5770 2,
752 5705 804 5760 ’5.
840 5702 1045 5761 Unicus
1080 5714 1369 5761 comment.
1406 5703 1469 5759 Et
1501 5709 1755 5761 submersi
1778 5722 1961 5761 sumus
1998 5706 2166 5764 dccst.
