3990 6208
466 338 604 397 1275

1347 322 1425 391 εἶ’
1446 329 1816 389 ΑτιιΑΝΑειι
1851 327 2002 383 OPP.
2036 323 2214 381 PARS
2252 319 2341 377 Ill.
2363 350 2435 364 —
2476 317 2887 376 EXEGETICA.

3577 312 3717 371 1278

532 457 586 511 9.
619 453 681 510 Si
712 453 914 509 oblitus
951 451 1103 507 fuero
1133 449 1234 515 tui,
1291 447 1617 513 Jerusalem,
1648 443 1908 502 oblivioni
1935 442 2031 497 dc-
2062 448 2086 503 Δ

2203 438 2254 492 9.
2300 436 2425 491 Ἐἁν
2459 432 2802 503 ἐπιλάθωμαι
2825 450 2939 497 σου,
2978 430 3715 509 Ἰερουσαλὴμ,τέπιλησΘείη

462 558 552 603 tur
579 545 802 601 dextera
829 558 971 599 mea.

535 634 622 691 10.
661 634 948 690 Adhaereat
979 632 1162 702 lingua
1200 645 1319 685 mea
1356 627 1607 684 lancibus
1644 627 1819 693 meis,
1849 625 1896 681 si
1927 639 2037 679 non

464 726 769 782 meminero
796 723 897 779 tui.

458 848 461 857 ς
539 810 625 864 11.
670 808 727 863 Si
775 823 885 863 non
947 821 1289 877 proposuero
1328 806 1630 862 .erusalem
1668 804 1724 858 in
1772 802 2037 874 principio

466 900 665 955 laetitiae
695 912 846 953 meae.

546 991 628 1045 .2.
665 988 868 1044 Memor
896 996 1045 1049 esto.
1086 989 1313 1044 Domine
1373 987 1609 1043 ﬁliorum
1642 985 1835 1051 Edam,
1865 986 1921 1041 in
1950 986 2038 1041 die

465 1079 791 1135 Jerusalem.

538 1171 627 1225 15.
659 1168 765 1237 Qui
794 1170 1362 1237 dicuntzExinanite,
1413 1171 1690 1228 exinanito
1739 1184 1916 1240 usque
1971 1171 2038 1225 ad

463 1260 878 1317 fundamentum
907 1264 1047 1332 ejus.

464 1407 483 1421 ,
539 1350 627 1407 14.
663 1351 799 1407 Filia
839 1352 1131 1425 Babylonis
1166 1354 1364 1409 misera
1395 1372 1410 1409 :

467 1439 631 1509 Γ115.
656 1442 877 1508 Beatus,
902 1445 994 1513 qui
1025 1444 1287 1501 retribuet
1310 1445 1405 1501 tibi
1432 1445 1844 1502 retributionem
1867 1454 2039 1507 tuam.

471 1548 637 1602 quam
664 1535 961 1590 retribuisti
990 1537 1169 1592 nobis.

546 1623 632 1679 16.
664 1624 897 1696 Beatus,
923 1628 1017 1698 qui
1049 1628 1255 1684 tenebit
1322 1636 1376 1684 et
1408 1629 1592 1684 allidet
1632 1630 1887 1700 parvulos
1921 1639 2041 1686 tuos

470 1715 536 1771 ad
566 1727 799 1788 petram.

719 1807 967 1866 Psalmus
996 1810 1190 1865 David.
1230 1809 1435 1866 PSAL.
1469 1810 1815 1867 CXXXVII.

547 1898 597 1955 1.
627 1900 940 1958 Conﬁtebor
967 1904 1084 1970 tibi,
1119 1903 1369 1972 Domine,
1398 1904 1453 1958 in
1482 1913 1594 1959 toto
1614 1906 1777 1959 corde
1803 1919 1924 1959 meo
1950 1923 1964 1959 :

2137 533 2170 601 η
2196 527 2345 595 δεξιὰ
2369 543 2491 598 μου.

2214 620 2302 674 10.
2329 616 2627 689 Κολληθείη
2679 613 2997 689 [Κολληθῇ]
3022 617 3057 687 ἡ
3107 614 3329 684 γλῶσσὰ
3367 633 3468 687 μου
3518 616 3598 689 τῷ
3629 616 3721 673 λάμ

2142 712 2301 785 ρυγγί
2335 727 2457 783 μου,
2489 709 2585 763 ὲὰν
2621 711 2694 781 μή
2727 727 2819 763 σου
2847 707 3090 781 μνησθῶ.

2208 805 2295 859 11.
2335 803 2461 857 Ἐἁν
2491 801 2566 873 μὴ
2595 800 3063 874 προανατάξωμαι
3093 799 3193 871 τὴν
3241 800 3615 873 Ἰερουσαλὴμ,
3639 801 3722 865 ὡς

2139 898 2195 950 ὲν
2221 896 2359 966 ἀρχῇ
2398 894 2496 965 τῆς
2524 891 2862 965 εὐφροσύνης
2888 909 3007 963 μου.

2211 987 2299 1043 12.
2334 985 2644 1057 Μνήσθητι,
2683 984 2878 1057 Κύριε,
2911 983 3027 1038 τῶν
3048 983 3177 1037 υἱῶν
3215 982 3412 1054 Ἐδὼμ,
3445 982 3542 1057 τὴν
3567 982 3718 1055 ἠμέ-

2144 1097 2242 1152 ραν
2274 1077 2646 1150 Ἰερουσαλήμ.

2212 1173 2297 1227 15.
2325 1172 2445 1225 Τῶν
2465 1171 2730 1239 λεγόντων
2749 1186 2764 1201 ο
2797 1166 3139 1234 Ἐκκενοῢτε,
3168 1167 3455 1223 ὲκκενοῦτε
3474 1167 3581 1230 ἓως
3602 1166 3719 1221 τῶν

2142 1261 2406 1332 θεμελίων
2434 1261 2625 1331 αὐτῆς.

2216 1355 2300 1409 14.
2332 1355 2589 1425 Θυγάτηρ
2613 1351 2927 1415 Βαϐυλῶνος
2956 1353 2990 1423 ή
3013 1350 3376 1423 ταλαίπωρος*

2212 1443 2299 1497 15.
2328 1443 2634 1515 Μακάριος,
2657 1443 2716 1509 ὃς
2737 1442 3106 1498 ἁνταποδώσει
3140 1458 3222 1495 σοι
3266 1440 3329 1494 τὸ
3366 1438 3722 1509 ἀνταπόδομὰ

2145 1552 2259 1600 σου,
2282 1535 2311 1589 ὃ
2347 1535 2735 1600 ἁνταπέδωκας
2764 1538 2915 1607 ἡμῖν.
3688 1606 3691 1609 Α

2213 1626 2301 1681 16.
2332 1628 2637 1698 Μακάριος,
2671 1628 2729 1693 ὃς
2759 1629 3041 1700 κρατήσει,
3078 1626 3172 1681 καὶ
3204 1626 3414 1695 ὲδαφιεϊ
3445 1625 3518 1680 τὰ
3548 1624 3722 1698 νήπια

2148 1732 2241 1770 σου
2275 1714 2394 1788 [καὶ
2419 1718 2629 1788 ὲδαφιεῖ
2656 1717 2819 1791 αὐτὰ]
2846 1717 2981 1788 πρὸς
3014 1717 3111 1787 τὴν
3139 1717 3362 1788 πέτραν.

2438 1811 2685 1880 Ψαλμὸς
2704 1808 2785 1875 τῷ
2813 1808 3011 1864 Δαϐίδ.
3055 1811 3227 1864 ΨΑΑ.
3252 1811 3433 1863 ΡΛΖν.

2220 1906 2271 1959 1.
2313 1902 2804 1975 Ἐξομολογήσομαί
2824 1919 2927 1968 σοι,
2957 1900 3144 1972 Κύριε,
3167 1902 3225 1955 ὲν
3248 1901 3346 1975 ὅλῃ
3364 1899 3566 1972 καρδίᾳ
3596 1917 3719 1972 μου.

1628 2039 1997 2095 ATHANASII
2036 2038 2593 2096 lNTERPBETATlO

546 2166 597 2223 9.
632 2166 697 2222 Et
731 2169 998 2225 exsistens
1047 2171 1101 2225 in
1126 2182 1347 2241 peccato
1368 2215 1382 2240 ,
1419 2175 1466 2228 si
1506 2175 1709 2232 oblitus
1749 2175 1908 2232 fuero
1936 2177 2037 2241 tui,

2207 2176 2262 2230 9.
2291 2174 2397 2229 Kal.
2417 2176 2474 2228 ὲν
2497 2175 2738 2247 ἁμαρτίᾳ
2761 2176 2837 2247 (ι)
2860 2174 2934 2229 ὢν
2956 2174 3051 2229 ὲὰν
3066 2175 3304 2231 ὲπιλάθω
3333 2194 3450 2242 σου,
3479 2174 3660 2247 Ἰησοῦ
3690 2177 3722 2246 ή

469 2252 599 2311 Jesu
627 2271 731 2326 pax
757 2267 962 2322 nostra,
986 2258 1231 2316 deeidam
1256 2262 1325 2317 ab
1353 2263 1559 2318 auxilio
1580 2273 1715 2320 tuo:
1743 2263 2043 2319 Jerusalem

2181 2270 2327 2341 ἱρήνη
2343 2267 2501 2339 ήμῶν
2513 2310 2524 2331 ,
2538 2268 2797 2321 ἁποπέσω
2807 2269 2904 2340 τῆς
2921 2268 3176 2340 βοηθείας
3193 2285 3304 2322 σου·
3323 2267 3725 2338 Ἰερουσαλὴμ

472 2348 617 2401 extim
648 2348 1035 2418 interpretatur
1077 2353 1208 2406 visio
1240 2355 1388 2423 pacis
1410 2396 1425 2421 ,
1473 2354 1580 2410 hoc
1605 2364 1689 2412 est
1723 2356 1816 2412 Dei
1848 2356 2043 2413 Filius.

468 2438 737 2509 Apparuit
759 2442 904 2495 enim
936 2446 1139 2499 mundo
1165 2461 1270 2516 pax
1297 2447 1589 2503 exsistens.

544 2529 635 2584 10.
665 2529 890 2587 Deﬁciat
933 2535 1115 2589 anima
1160 2550 1278 2589 mea
1318 2552 1570 2606 quaerens
1602 2538 1833 2610 gratiam
1872 2540 2047 2596 sancti

470 2622 734 2692 Spiritus,
763 2634 817 2680 et
843 2641 951 2680 non
983 2642 1301 2698 assequrns,
1350 2630 1454 2712 nisi
1508 2632 1589 2686 tui
1630 2633 1949 2701 meminero,
1993 2642 2050 2690 et

473 2724 760 2770 convertar
789 2717 856 2771 ad
897 2725 967 2771 te.

548 2806 632 2861 11.
699 2805 1000 2863 Jerusalem
1071 2810 1458 2881 interpretatur
1537 2815 1758 2884 spiritus
1816 2817 2046 2886 gratiae;

472 2900 579 2954 hoc
604 2899 788 2970 igitur,
822 2910 880 2955 ut
906 2917 1050 2967 reor,
1086 2903 1358 2974 signiﬁcat
1390 2923 1405 2961 :
1436 2906 1540 2962 nisi
1572 2907 1735 2965 rebus
1765 2909 2043 2975 omnibus,

473 3006 596 3061 quae
627 2992 682 3046 in
716 2995 919 3049 mundo
943 3004 1106 3059 sunt,
1135 2997 1417 3066 praeferam
1456 2999 1685 3071 gratiam
1717 3002 1891 3061 sancti
1925 3000 2048 3073 Spi—
2072 2975 2114 3034 θ

469 3083 626 3148 ritus,
658 3101 780 3141 cum
813 3088 1149 3157 evigilaverit
1179 3105 1270 3146 cor
1298 3107 1503 3148 meum.

546 3178 634 3244 12,
673 3180 757 3234 15.
794 3179 965 3236 Edam
1011 3183 1400 3254 interpretatur
1428 3186 1673 3252 deﬁciens
1698 3225 1713 3250 ,
1747 3187 1927 3256 qualis
1965 3198 2050 3243 est

474 3271 747 3328 diabolus.
783 3271 922 3328 Dicit
952 3274 1136 3347 igitur,
1160 3291 1373 3330 memor
1404 3277 1569 3332 etiam
1599 3286 1719 3332 esto
1747 3279 2044 3349 exprobra-

475 3364 642 3419 tionis
699 3367 1097 3420 contrariarum
1152 3379 1480 3438 potestatum
1510 3411 1525 3435 ,
1577 3386 1699 3439 quae
1748 3371 1873 3426 tiliae
1919 3372 2049 3426 mali

474 3465 607 3508 sunt
656 3455 888 3511 dicentis
922 3477 934 3511 :
966 3457 1174 3523 Deﬁcit,
1227 3460 1408 3515 deﬁcit
1456 3475 1626 3529 genus
1680 3462 1965 3530 ﬁdelium;
1997 3474 2051 3520 et

479 3562 672 3601 rursus
716 3548 768 3602 in
804 3550 995 3605 eodem
1027 3567 1207 3617 versu,
1260 3554 1317 3607 in
1363 3555 1449 3607 die
1474 3554 1768 3610 Jerusalem
1791 3597 1806 3621 ,
1836 3558 1940 3613 hoc
1969 3568 2051 3612 est

473 3637 533 3689 in
569 3637 965 3696 illuminatione
1022 3658 1275 3713 supernae
1335 3645 1577 3701 scientiae
1622 3662 1719 3717 per
1769 3647 2049 3703 lavacrum

478 3733 922 3791 immortalitatis.

553 3910 636 3966 14.
668 3910 862 3967 Infelix
901 3916 1114 3982 anima,
1161 3932 1281 3987 quae
1317 3917 1428 3973 ﬁlia
1460 3934 1519 3974 es
1551 3917 1911 3981 confusionis,
1944 3916 2052 3972 sci-

478 3999 603 4057 licet
625 4003 833 4072 peccati
862 4023 876 4060 :
903 4005 1143 4076 Babylon
1180 4008 1324 4062 enim
1361 4008 1747 4066 interpretatur
1786 4007 2050 4077 confusio.

551 4178 639 4232 15.
677 4179 895 4247 Beatus,
919 4180 1116 4251 inquit,
1139 4189 1241 4248 est,
1261 4182 1355 4251 qui
1384 4183 1529 4235 itam
1561 4190 1874 4236 servntutem
1893 4197 2049 4237 suam

2142 2359 2251 2432 γὰρ
2283 2360 2644 2432 ἑρμηνεύεται
2678 2361 2886 2430 ὅρασις
2920 2360 3185 2430 εἰρήνης,
3210 2361 3490 2416 τουτέστιν
3535 2364 3566 2415 ὁ
3596 2360 3724 2423 Υἱὸς

2142 2452 2236 2506 τοῦ
2259 2451 2411 2505 Θεοῦ.
2460 2451 2707 2523 Ἐωράθη
2746 2453 2855 2523 γὰρ
2882 2450 2961 2523 τῷ
2987 2454 3177 2524 κόσμῳ
3208 2454 3400 2525 εἰρήνη
3434 2452 3720 2523 ὑπάρχων.

2216 2542 2311 2601 10.
2359 2544 2667 2617 Ἐκλείψῃή
2698 2544 2843 2616 ψυχή
2869 2562 2969 2616 μου
3018 2545 3257 2618 ζητοῦσα
3297 2545 3397 2616 τήν
3420 2546 3591 2617 χάριν
3625 2544 3720 2599 τοῦ

2145 2635 2301 2704 ἁγίου
2331 2635 2682 2707 Πνεύματος,
2713 2639 2806 2692 καὶ
2833 2638 2907 2709 μὴ
2952 2640 3343 2709 τυγχάνουσα,-
3367 2638 3467 2692 ὲὰν
3514 2637 3593 2709 μή
3629 2653 3721 2690 σου

2148 2728 2392 2800 μνησθῶ,
2423 2731 2514 2783 καὶ
2534 2730 2854 2802 ἐπιστραφῶ
2888 2731 3024 2802 πρὸς
3060 2731 3140 2785 σέ.

2215 2818 2302 2872 11.
2347 2819 2741 2889 Ἰερουσαλὴμ
2780 2820 3141 2892 ἑρμηνεύεται
3188 2820 3427 2889 πνεῦμα
3455 2817 3531 2890 (2)
3559 2817 3723 2888 χάρι-

2146 2929 2248 2978 τος
2267 2927 2285 2945 ⁶
2315 2912 2474 2966 τοῦτο
2502 2910 2593 2967 οὖν
2640 2913 2810 2981 λέγει,
2841 2913 2915 2978 ὡς
2944 2914 3150 2984 νομίζω
3170 2955 3184 2980 ,
3240 2913 3334 2967 ἐὰν
3371 2911 3448 2984 μὴ
3505 2913 3723 2967 πάντων

2147 3002 2257 3056 τῶν
2288 3004 2344 3056 ὲν
2389 3002 2468 3075 τῷ
2498 3004 2689 3075 κόσμῳ
2732 3005 3054 3076 προτιμήσω
3083 3003 3180 3074 τὴν
3219 3004 3380 3072 χάριν
3419 3000 3515 3057 τοῦ
3568 3001 3722 3070 ἁγίου

2148 3090 2486 3163 Πνεύματος,
2522 3093 2580 3147 ὲν
2616 3091 2696 3165 τῷ
2719 3093 3014 3162 ἀνανήφειν
3034 3092 3131 3164 τὴν
3162 3091 3392 3164 καρδίαν
3420 3109 3551 3163 μου.

2219 3182 2434 3247 12,15.
2492 3182 2682 3254 Ἐδὼμ
2750 3183 3110 3256 ἑρμηνεύεται
3154 3183 3452 3237 ἐκλείπων
3505 3179 3725 3254 [ἐκλεί-

2149 3270 2357 3343 πουσα]
2390 3272 2488 3343 (5),
2539 3274 2676 3343 ὅπερ
2728 3273 2877 3327 ἐστὶν
2910 3274 2937 3325 ὁ
2963 3271 3226 3335 διάϐολος.
3269 3270 3561 3342 Μνήσθητι
3612 3264 3721 3336 οὖν,

2149 3364 2316 3433 λέγει,
2372 3367 2465 3418 καὶ
2510 3366 2604 3419 τοῦ
2637 3364 2942 3435 ὀνειδισμοῦ
2989 3365 3099 3419 τῶν
3132 3363 3390 3418 ἐναντίων
3414 3363 3722 3430 δυνάμεων,

2148 3454 2256 3509 τῶν
2314 3455 2444 3508 υἱῶν
2494 3456 2587 3509 τοῦ
2650 3454 2890 3527 πονηροῦ
2928 3453 3021 3508 τοῦ
3073 3453 3354 3522 λέγοντος·
3426 3452 3720 3515 Ἐκλείπει,

2150 3546 2389 3601 ἐκλείπει
2441 3548 2502 3601 τὸ
2554 3550 2713 3617 γένος
2757 3548 2867 3602 τῶν
2913 3547 3154 3601 πιστῶψ
3194 3549 3289 3601 καὶ
3316 3546 3482 3601 πάλιν
3510 3548 3595 3608 είς
3636 3544 3723 3599 τὸν

2151 3637 2312 3691 αὑτὸν
2350 3637 2564 3709 στίχον·
2607 3639 2727 3708 Τὴν
2752 3639 2981 3709 ἡμέραν
3025 3638 3444 3708 Ἰερουσαλὴμ,
3480 3637 3725 3691 τουτέστι

2149 3728 2240 3782 τὸν
2266 3730 2544 3801 φωτισμὸν
2564 3731 2663 3802 τῆς
2700 3730 2904 3785 ἄνωθεν
2949 3728 3204 3799 γνώσεως
3232 3731 3321 3784 διά
3352 3730 3449 3783 τοῦ
3501 3727 3722 3798 λουτροῦ

2150 3821 2249 3893 τῆς
2274 3820 2595 3887 ἀθανασίας.

2223 3911 2312 3966 14.
2344 3912 2700 3986 Ταλαίπωρος
2727 3913 2873 3986 ψυχὴ
2897 3917 2929 3986 ή
2955 3910 3089 3968 οὖσα
3118 3912 3365 3983 θυγάτηρ
3390 3912 3494 3983 τῆς
3530 3908 3725 3980 συγχῦ⁶

2153 4021 2308 4069 σεως,
2338 4004 2538 4058 ὡσανεὶ
2558 4008 2654 4078 τῆς
2681 4007 2985 4079 ἁμαρτίας·
3021 4005 3310 4061 Βαϐυλὼν
3358 4003 3433 4076 (4)
3474 4004 3587 4077 γὰρ
3635 4005 3721 4076 ἑρ-

2155 4094 2447 4165 μηνεύεται
2469 4098 2790 4167 σύγχυσις.

2223 4188 2311 4242 15.
2348 4188 2652 4261 Μακάριος,
2674 4189 2842 4261 λέγει,
2871 4191 3018 4245 ἐστὶν
3044 4190 3102 4254 ὃς
3131 4188 3305 4252 οὕτως
3325 4186 3725 4242 καταδουλώσει

475 4272 746 4342 redegerit
803 4285 1082 4344 peccatum
1109 4315 1125 4341 ,
1176 4274 1635 4345 quemadmodum
1685 4276 1802 4344 ipse
1833 4274 1986 4344 prius
2019 4290 2047 4327 a
2082 4319 2086 4353 ἲ

2181 4276 2330 4349 αυτῷ
2365 4278 2460 4350 τήν
2484 4281 2775 4352 ἁμαρτίαν,
2798 4282 2984 4354 ὥσπερ
3009 4280 3147 4352 αὐτὴ
3177 4278 3441 4351 πρότερον
3475 4276 3724 4333 κατεδού-

475 4372 700 4434 peccato
725 4366 781 4419 in
814 4368 1129 4423 servitutem
1155 4368 1408 4423 redactus
1436 4376 1538 4423 est.

554 4452 639 4505 16.
676 4453 916 4525 Beatus,
970 4459 1065 4529 qui
1122 4461 1426 4515 carnalium
1479 4458 2048 4530 coneupiscentiarum

475 4543 732 4603 dominus
765 4548 989 4606 eﬂ‘ectus
1043 4553 1361 4609 contriverit
1401 4568 1494 4608 eas
1542 4552 1612 4608 ad
1662 4559 1894 4622 petram,
1947 4552 2050 4606 hoc

476 4646 562 4691 est
583 4636 884 4696 Christum.
923 4640 1087 4699 Petra
1117 4652 1300 4700 autem
1341 4655 1456 4700 erat
1489 4643 1757 4709 Christus,
1787 4644 2051 4714 quemad-

476 4731 700 4787 modum
736 4734 867 4790 dicit
894 4739 1189 4806 Apostolus
1219 4740 1287 4792 ".

2152 4368 2321 4422 λωσεν
2353 4371 2514 4425 αὐτόν

2225 4460 2309 4515 16.
2351 4462 2636 4535 Μακάριος
2672 4464 2751 4528 ὃς,
2783 4463 3077 4538 κυριεύσας
3100 4464 3211 4518 τῶν
3242 4461 3526 4535 σαρκικῶν
3548 4459 3727 4515 ἐπιθυ-

2156 4551 2314 4622 μιῶν,
2352 4554 2632 4625 συντρίψει
2672 4554 2747 4625 (5)
2780 4555 2950 4620 αύτὰς
2991 4555 3128 4628 πρὸς
3154 4555 3254 4625 τὴν
3301 4553 3535 4625 πέτραν,
3576 4567 3727 4606 τουτ-

2151 4645 2269 4699 έστι
2290 4645 2381 4699 τὸν
2403 4648 2670 4713 Χριστόνο
2706 4650 2745 4718 ἡ
2770 4649 2880 4721 γὰρ
2904 4649 3092 4720 πέτρα
3122 4646 3201 4721 ἦν
3231 4651 3264 4702 ὁ
3281 4648 3567 4718 Χριστὸς
3590 4688 3606 4714 ,
3632 4663 3726 4700 κα·

2153 4737 2260 4803 θὼς
2279 4740 2427 4809 λέγει
2450 4742 2479 4795 ὁ
2515 4741 2856 4808 Ἀπόστολος.

498 4828 554 4897 6)
583 4831 888 4901 Explicatio
930 4829 1072 4887 tituli
1109 4832 1264 4903 hujus
1303 4831 1496 4902 psalmi
1529 4832 1672 4886 deest
1711 4832 1767 4886 in
1804 4831 1982 4886 codice
2029 4830 2338 4898 Barberino,
2372 4833 2600 4902 forsitan
2635 4836 2763 4906 quia
2804 4834 2985 4889 eadem
3023 4844 3099 4890 est
3150 4840 3308 4905 atque
3349 4831 3725 4897 antecedentis,

1134 4928 1371 4983 videlicet
1402 4944 1418 4983 :
1449 4926 1698 4982 Psalmus
1730 4926 1921 4995 David,
1952 4927 2049 4982 hoc
2085 4938 2164 4983 est
2193 4944 2357 4983 manu
2388 4929 2538 4997 forti,
2576 4945 2757 5001 nempe
2786 4930 2885 4984 Dei
2920 4929 3085 4984 Filio.

554 5022 602 5077 1.
631 5020 873 5093 Populus
893 5039 1106 5093 eorum,
1130 5026 1227 5095 qui
1251 5025 1537 5080 illuminati
1563 5033 1691 5081 sunt
1722 5024 1887 5079 dicit:
1915 5023 2050 5077 Tra-

475 5112 588 5167 didi
622 5128 710 5169 me
737 5115 914 5185 ipsum
946 5114 1065 5171 tibi.

546 5228 637 5283 "l
671 5229 797 5286 Cor.
825 5249 882 5295 ι,
922 5237 988 5293 4.

2228 5025 2280 5079 1.
2330 5025 2386 5080 ’0
2413 5027 2540 5090 λαὸς
2567 5026 2676 5082 τῶν
2703 5024 3086 5098 φωτιζομένων
3107 5024 3287 5093 λέγει·
3324 5004 3727 5079 Ἐκδέδωκάσοι

2156 5118 2421 5189 ἐμαυτόν..

1435 5347 1744 5409 Addenda
1777 5354 1837 5409 et
1871 5346 2248 5426 corrigenda
2277 5363 2358 5408 ex
2396 5345 2539 5407 cod.
2570 5345 2772 5408 Vatic.

554 5487 636 5612 (ιζ
665 5488 984 5572 Ἀμαρτίαις
1018 5488 1114 5571 ὢν,
1150 5490 1246 5543 ὲὰν
1276 5489 1619 5559 ὲπιλὰθωμαί
1658 5507 1773 5573 σου,
1804 5499 1908 5545 etc.

555 5555 614 5612 (2
670 5559 898 5612 Πνευιια.
930 5562 1097 5612 αὐτου
1145 5562 1404 5612 νάοιτος.
1451 5571 1556 5612 etc.
1589 5561 1908 5612 Πνευιιατός

555 5555 636 5628 (2i
670 5555 898 5634 Πνεῦμα
930 5560 1097 5615 αὐτοῦ
1145 5562 1404 5633 χάριτος,
1451 5555 1556 5616 etc.
1589 5559 1909 5630 Πνεύματός
1959 5578 2051 5613 σου

477 5637 629 5774 emat)
657 5705 956 5777 Ἐκλεϊπον,
979 5713 1083 5777 etc.
1099 5701 1506 5777 va‘keydvrwv
1525 5718 1538 5731 ·
1583 5700 1861 5777 Ἐκλείπῃ,
1890 5701 2053 5757 ὲκλείο

486 5783 589 5844 πῃ,
613 5772 718 5830 etc.
747 5773 857 5845 Τῆς
886 5772 1089 5827 ἄνωθεν
1115 5772 1398 5840 γενέσεως,
1430 5781 1533 5827 etc.

2232 5486 2308 5555 (4)
2339 5484 2676 5549 Βαϐυλῶνος.

2255 5546 2311 5628 5)
2340 5556 2451 5628 Καὶ
2479 5546 2797 5628 συντρίψεις
2816 5554 3005 5620 αὑτάς,
3031 5562 3135 5628 etc.

2255 5560 2311 5627 5)
2340 5560 2451 5610 Καὶ
2479 5560 2789 5628 συντρίψεις
2816 5560 3005 5620 αὑτάς,
3031 5562 3135 5609 etc.

2232 5560 2317 5706 i6).
2343 5627 2407 5680 Ἢ
2432 5626 2767 5706 “metuam
2785 5624 3061 5706 ὲπιῖρριειὴ
3084 5624 3118 5696 ἡ
3142 5622 3230 5706 διᾲ.
3244 5622 3347 5706 τῆς
3366 5621 3723 5706 smmis

2161 5692 2407 5771 περιέχει
2432 5712 2448 5727 ο
2468 5692 2962 5771 ,ζασιδητοῢςΐ
2996 5692 3139 5753 ἔστιν
3164 5692 3241 5765 τῷ
3262 5692 3437 5766 ἱκανῷ
3466 5696 3537 5767 τῇ
3565 5692 3727 5767 χειρίο

2163 5714 2407 5823 περιεξει
2432 5714 2448 5727 ’
2476 5714 2575 5820 -ιᾉ
2601 5714 2789 5778 euang,
2819 5714 2929 5776 του]

2163 5771 2311 5839 λέγω
2369 5766 2501 5839 ὴτῷ
2580 5768 2644 5839 ίῳ
2674 5784 2767 5821 του
2795 5767 2929 5821 Θεου
