3990 6208
485 307 624 367 1279
1324 305 1386 363 ε.
1423 303 1796 361 ίιΤΗΑΝΛδη
1831 306 1986 362 OPP.
2029 303 2061 359 P

2155 302 2212 360 lS
2247 303 2336 361 111.
2376 333 2449 346 -ν
2488 298 2895 357 EXEGETICA.
3594 290 3731 349 1280

553 424 640 481 16.
674 423 731 480 Si
764 425 1116 482 ambulavero
1158 425 1210 479 iu
1240 424 1417 479 medio
1450 423 1815 479 tribulationis
1835 463 1850 489 ,
1880 420 2056 477 viviﬁ-
2085 424 2129 480 A

2232 418 2316 473 16.
2356 418 2478 472 Ἐἀν
2506 411 2757 488 πορευθῶ
2791 413 2849 464 ὲν
2871 407 3018 480 μέσῳ
3040 404 3287 475 θλίψεως.
3313 404 3497 475 ζήσεις
3517 417 3589 470 με
3610 399 3724 471 Ι,ζῇ-

478 518 630 575 cabis
658 533 745 573 me
769 536 783 573 :

2162 527 2260 581 σῃς
2284 506 2395 579 με].

551 609 638 663 17.
669 607 844 679 Super
894 608 1030 662 iram
1081 604 1431 660 inimicorum
1471 619 1715 659 meorum
1765 603 2056 660 extendisti

2234 600 2316 653 17.
2365 598 2483 652 Ἐπ’
2533 594 2702 666 ὀργὴν
2734 591 2944 663 ἐχθρῶν
2998 608 3098 660 μου
3129 588 3397 655 ἐξέτεινας
3419 584 3608 657 χεῖράς
3638 602 3728 639 σου

476 715 677 756 manus
706 707 831 754 tuas
863 697 1110 769 [manum
1147 692 1323 765 tuam]
1353 713 1367 748 :
2161 687 2341 759 [χεῖρά
2373 684 2510 759 dou].

548 791 637 846 18.
675 790 741 845 Et
766 768 977 845 salvum
1005 804 1091 843 me
1114 786 1242 846 fecit
1264 789 1485 844 dextera
1518 797 1635 844 tua.

1566 803 1635 844 Ia.
2231 778 2316 831 18.
2350 776 2460 831 Καὶ
2489 775 2661 829 ἔσωσέ
2698 790 2764 844 με
2799 773 2833 843 ἡ
2855 768 3003 835 δεξιά
3028 784 3142 821 σου.

549 883 638 937 19.
674 881 937 937 Dominus
966 881 1230 937 retribuet
1255 896 1353 949 pro
1386 897 1473 935 me
1501 899 1516 936 :

2233 869 2318 924 19.
2348 868 2552 941 Κύριος
2582 864 2949 921 ἀνταποδώσει
2975 863 3110 936 ὑπὲρ
3137 860 3291 932 ἐμοῦ.

543 975 635 1030 21).
662 973 912 1041 Domine,
940 974 1314 1031 misericordia
1344 983 1437 1031 tua
1463 974 1517 1028 in
1561 972 1843 1032 saeculum.

1817 996 1843 1032 ι,
2228 961 2319 1017 20.
2351 960 2547 1031 Κύριε,
2571 958 2632 1012 τὸ
2655 956 2802 1021 ἔλεός
2834 972 2927 1009 σου
2967 956 3046 1017 είς
3071 952 3160 1006 τὸν
3190 950 3362 1007 αἰῶνα
3381 966 3393 977 ·

543 1065 633 1120 21.
664 1064 840 1136 Opera
872 1083 1132 1121 manuum
1174 1077 1390 1123 tuarum
1422 1083 1488 1123 ne
1526 1066 1819 1138 despicias.

2226 1051 2319 1107 21.
2350 1051 2431 1106 Τὰ
2456 1052 2591 1123 ἔργα
2619 1049 2727 1102 τῶν
2754 1045 2952 1119 χειρῶν
2994 1062 3086 1098 σου
3117 1043 3191 1115 μὴ
3218 1043 3461 1138 παρίὸῃῗ

545 1156 612 1213 ιη
649 1133 844 1224 ﬁnem:
864 1157 1111 1215 Psalmm
1143 1159 1332 1216 David.
1359 1158 1564 1216 PSAL.
1598 1133 1802 1216 cxxx
1820 1154 1987 1218 VIII.

1936 1155 1987 1218 ι,
2365 1145 2469 1211 Εὶς
2498 1142 2562 1195 τὸ
2596 1140 2769 1206 τέλος
2789 1138 2869 1205 τῷ
2894 1136 3089 1192 Δαϐἰδ.
3121 1139 3291 1190 ΨΑΛ.
3313 1133 3464 1191 PAR
3479 1141 3512 1190 '.

546 1251 600 1305 1.
627 1250 855 1307 Domine
883 1293 896 1317 ,
927 1252 1171 1320 probasti
1204 1268 1311 1318 me,
1342 1261 1395 1309 et
1420 1253 1718 1323 cognovisti
1754 1268 1842 1307 me
1867 1270 1881 1307 :

1838 1276 1842 1302 ι
1867 1270 1881 1307 ς
2231 1238 2283 1293 1.
2308 1236 2502 1307 Κύριε,
2532 1230 2861 1304 ἐδοκίμασας
2889 1246 2977 1302 με,
3012 1229 3105 1283 καὶ
3128 1226 3298 1296 ἔγνως
3327 1242 3414 1297 με.

544 1343 597 1398 2.
633 1342 714 1397 Tu
742 1343 1045 1413 cognovisti
1073 1345 1371 1401 sessionem
1396 1360 1571 1400 meam
1592 1384 1608 1409 ,
1632 1357 1686 1400 et
1710 1343 2060 1400 resurrectio-

2225 1328 2281 1384 2.
2309 1328 2382 1382 Σὺ
2403 1325 2572 1397 έγνως
2590 1325 2688 1396 τὴν
2709 1322 2977 1394 καθέδραν
3008 1338 3108 1392 μου
3130 1320 3223 1375 καὶ
3243 1319 3339 1391 τὴν
3359 1317 3575 1389 έγερσίν
3604 1335 3719 1388 μου.

474 1449 598 1490 nem
633 1448 831 1487 meam.

545 1527 598 1580 '5.
639 1524 955 1579 Intellexisti
991 1521 1351 1593 cogitationes
1384 1537 1535 1577 meas
1566 1523 1630 1577 de
1661 1524 1839 1595 longe.

2227 1506 2283 1563 3.
2300 1507 2373 1560 Σὺ
2393 1506 2629 1577 συνῆκας
2646 1503 2772 1567 τοὺς
2790 1502 3170 1572 διαλογισμους
3192 1516 3292 1571 μου
3309 1497 3415 1582 ἀπὸ
3434 1496 3720 1570 μακρόθεν.

546 1617 600 1670 ι.
629 1614 891 1670 Semitam
923 1588 1098 1670 meam
1131 1623 1185 1669 et
1212 1613 1519 1669 funiculum
1551 1631 1731 1671 meum
1758 1588 2027 1690 investiga

2227 1598 2283 1655 4.
2308 1600 2419 1672 Τὴν
2443 1597 2628 1670 τρίϐον
2660 1612 2763 1668 μου
2809 1595 2902 1648 καὶ
2931 1592 3137 1662 σχοῖνόν
3173 1608 3271 1662 μου
3299 1591 3363 1644 σὺ
3396 1588 3722 1662 ὲξιχνίασας,

475 1706 572 1776 sti,

546 1803 599 1858 5.
630 1799 699 1856 Et
732 1816 925 1856 omnes
958 1802 1077 1858 vias
1107 1816 1261 1858 meas
1282 1800 1617 1871 praevidisti:
2081 1764 2122 1821 Β

2081 1764 2127 1821 Β
2228 1803 2277 1858 5.
2305 1802 2416 1856 Καὶ
2441 1800 2620 1864 πασας
2646 1796 2749 1863 τὰς
2778 1795 2932 1860 ὁδούς
2969 1812 3071 1867 μου
3107 1793 3350 1866 προεῖδες
3377 1806 3390 1822 ⁴

546 1892 599 1951 6.
647 1895 786 1961 Quia
821 1911 927 1948 non
956 1903 1043 1949 est
1073 1893 1232 1948 dolus
1266 1894 1319 1947 in
1373 1893 1554 1964 lingua
1584 1907 1726 1951 mea.

2233 1892 2283 1947 6.
2322 1891 2445 1945 ’Ότι
2465 1889 2565 1944 οὐκ
2583 1886 2699 1943 ἐστι
2727 1885 2878 1951 δόλος
2903 1888 2961 1941 ὲν
2989 1883 3208 1956 γλώσσῃ
3240 1900 3362 1954 μου.

547 2006 596 2060 7.
636 2004 794 2072 Ecce,
836 2005 1083 2073 Domine,
1111 2017 1167 2061 tu
1208 2006 1512 2073 c0gnovisti
1541 2006 1727 2064 omnia
1757 2012 2056 2071 novissima

2229 1985 2283 2039 7.
2324 1984 2475 2050 Ἰδοὺ,
2497 1980 2690 2056 Κύριε,
2717 1982 2782 2037 σὺ
2817 1981 2988 2043 έννως
3020 1977 3197 2032 πάντα
3220 1976 3289 2031 τὰ
3318 1974 3527 2047 ἔσχατα
3549 1974 3641 2029 καὶ
3666 1974 3727 2027 τὰ

476 2107 533 2155 ct
562 2099 782 2169 antiqua
812 2117 825 2152 :

818 2117 825 2152 :
2161 2080 2362 2151 ἀρχαῖα
2381 2094 2394 2108 ·

1591 2259 1964 2315 ATHANASH
2003 2262 2066 2314 ια
2087 2250 2589 2313 IERPRETATIO.

552 2372 639 2427 16.
674 2371 729 2426 Si
763 2372 817 2426 in
863 2371 950 2426 via
986 2381 1214 2443 angusta
1266 2383 1660 2449 praeceptorum
1697 2385 1912 2432 tuorum
1941 2393 2056 2431 am-

2222 2369 2311 2425 16.
2332 2368 2461 2422 Ἐὰν
2496 2370 2553 2420 ὲν
2580 2368 2647 2438 τῇ
2673 2363 2781 2438 ὁδῷ
2818 2363 2888 2437 τῇ
2916 2365 3077 2436 στενῇ
3098 2362 3206 2419 τῶν
3238 2359 3469 2417 ἐντολῶν
3511 2375 3609 2413 σου
3637 2375 3729 2413 πο-

477 2461 758 2525 btlavero,
791 2462 1095 2518 viviﬁcabis
1123 2479 1228 2518 me.

1123 2479 1228 2518 me.
2154 2460 2353 2534 ρευθῶ,
2385 2458 2568 2531 ζήσεις
2600 2475 2689 2531 με.

552 2555 637 2608 17.
673 2554 809 2609 Cum
866 2555 1074 2610 inimici
1111 2556 1214 2609 mei
1257 2565 1575 2626 quzerereut
1601 2571 1686 2608 me
1724 2560 2052 2622 interficere,

2225 2552 2313 2607 17.
2352 2552 2441 2605 Ἐν
2485 2549 2562 2619 τῷ
2611 2550 2737 2612 τοὺς
2781 2545 3010 2619 ἐχθρούς
3045 2561 3147 2617 μου
3178 2543 3363 2616 ζητεῖν
3404 2542 3485 2616 (1)
3539 2560 3609 2615 με
3636 2541 3727 2597 τοῦ

478 2648 780 2719 apitulatus
805 2663 864 2702 es
890 2648 1023 2701 mihi
1058 2663 1155 2718 per
1183 2648 1473 2703 adventum
1508 2657 1685 2703 tuum.

2154 2644 2382 2708 ἀνελεῖν,
2414 2641 2711 2697 ἁντελάϐου
2750 2658 2849 2712 μου
2877 2639 2968 2693 διὰ
2990 2640 3086 2711 τῆς
3117 2638 3423 2712 παρουσίας
3454 2654 3572 2691 σου.

527 2723 630 2796 ’18.
670 2739 735 2795 Et
764 2741 975 2797 salvum
1009 2756 1096 2795 me
1130 2739 1257 2795 fecit
1291 2741 1463 2810 gratia
1497 2750 1613 2796 tua.

1583 2759 1613 2796 ι.
2223 2737 2309 2791 18.
2344 2737 2453 2789 Καὶ
2484 2734 2654 2788 ἔσωσέ
2692 2750 2759 2805 με
2792 2734 2825 2804 ἡ
2860 2733 3021 2803 χάρις
3048 2748 3159 2784 σου.

552 2835 637 2890 19.
670 2834 935 2888 Dominus
961 2833 1252 2888 debellabit
1272 2833 1580 2889 contrarias
1602 2841 1904 2905 potestates
1930 2850 2057 2905 pro-

2226 2826 2311 2881 19.
2348 2826 2550 2897 Κύριος
2577 2825 3019 2895 καταπολεμήσει
3042 2824 3138 2887 τὰς
3162 2824 3409 2887 ἐναντίας
3452 2823 3726 2893 δυνάμεις.

479 2936 599 2997 pter
625 2940 709 2990 ea,
746 2939 845 2994 pro
874 2925 1074 2995 quibus
1108 2939 1194 2979 me
1228 2924 1705 2995 impugnaverunt.

1327 2934 1705 2995 iugnaverunt.
2155 2920 2295 2991 ὑπὲρ
2331 2911 2404 2972 ὧν
2434 2917 2778 2989 ἐπολέμησαν
2818 2934 2903 2988 με.

549 3015 639 3070 20.
677 3014 741 3070 Ει
770 3031 1050 3086 nunquam
1091 3015 1353 3070 oblivioni
1400 3014 1645 3071 tradetur
1684 3016 2056 3072 misericordia

2222 3013 2314 3070 20.
2350 3013 2461 3067 Καὶ
2480 3012 2857 3083 ἀληθάργητον
2891 3009 2952 3062 τὸ
2981 3008 3126 3072 ἔλεός
3164 3025 3255 3061 σου
3279 3006 3459 3073 τοῦτο,
3487 3007 3517 3059 ὃ
3551 3008 3732 3078 ἐποίη-

479 3116 573 3162 tua
600 3106 734 3172 haec,
769 3123 933 3177 quam
965 3107 1143 3162 fecisti
1175 3107 1360 3177 generi
1388 3108 1651 3165 humano.

1451 3122 1651 3165 Imano.
2084 3176 2089 3181 ι
2161 3121 2258 3169 σας
2284 3104 2360 3176 τῷ
2389 3103 2535 3173 γένει
2564 3104 2671 3157 τῶν
2708 3102 3027 3175 ἀνθρώπων.

547 3199 639 3256 21.
673 3198 739 3255 Et
768 3215 943 3269 usque
979 3199 1034 3253 in
1064 3200 1226 3254 linem
1259 3214 1328 3254 ne
1359 3200 1629 3270 despicias
1654 3243 1669 3269 ,
1703 3216 1843 3272 quos
1880 3200 2052 3258 fecisti

2233 3197 2322 3251 21.
2356 3197 2467 3250 Kal.
2492 3196 2597 3261 ἓως
2619 3195 2802 3260 τέλους
2835 3197 2908 3267 μὴ
2936 3194 3187 3264 παρίδῃς,
3213 3191 3305 3256 οὓς
3331 3192 3598 3261 ἐποίησας
3616 3190 3734 3246 κατ’

480 3292 778 3347 secundum
810 3292 1101 3362 imaginem
1137 3300 1306 3346 tuam.

924 3292 1101 3362 ginem
1137 3300 1306 3346 tuam.
2164 3289 2347 3342 εἰκόνα
2378 3290 2494 3359 σήν.

563 3385 628 3436 Ἠ
668 3384 1003 3455 προκειμένη
1050 3382 1334 3455 ἐπιγραφὴ
1379 3381 1623 3454 περιέχει
1657 3381 1765 3450 (2)·
1796 3382 1901 3447 Εἰς
1933 3381 2003 3436 τὸ
2048 3381 2222 3449 τέλος
2253 3382 2496 3452 ψαλμὸς
2531 3381 2612 3448 τῷ
2641 3380 2848 3447 Δαὸἳδ,
2894 3381 3031 3451 ὅπερ
3066 3377 3427 3451 ἑρμηνεύεται
3478 3380 3608 3451 περὶ
3650 3382 3736 3434 ἐπ’

481 3476 722 3545 ἐσχάτων
748 3473 856 3526 τῶν
876 3472 1096 3545 ἡμερῶν
1126 3472 1432 3545 μελλόντων
1459 3471 1701 3536 ἔσεσθαι,
1728 3471 1944 3545 εἴρηται
1965 3473 1993 3527 ὁ
2019 3472 2229 3544 ψαλμὸς
2255 3472 2334 3537 τῷ
2361 3472 2545 3537 ἱκανῷ
2575 3472 2649 3541 τῇ
2683 3472 2830 3540 χειρὶ
2850 3512 2865 3538 ,
2890 3471 2967 3543 τῷ
2990 3471 3102 3543 Υἱῷ
3121 3471 3215 3525 τοῦ
3240 3472 3396 3526 Θεοῦ.

552 3568 767 3623 Titulus
795 3568 1078 3638 appositus
1106 3568 1350 3623 continet
1376 3586 1388 3621 :
1416 3566 1483 3621 In
1501 3568 1657 3637 ﬁnem
1683 3567 1921 3635 psalmus
1962 3566 2157 3637 David,
2190 3569 2337 3639 quod
2367 3569 2755 3638 interpretatur
2782 3569 2848 3625 de
2877 3568 2964 3634 iis,
2995 3568 3087 3639 qui
3115 3568 3169 3622 in
3198 3567 3515 3624 novissimis
3544 3568 3735 3625 diebus

479 3659 647 3718 futuri
689 3670 849 3726 sunt,
879 3661 1058 3719 dictus
1082 3670 1167 3717 est
1190 3662 1436 3731 psalmus
1466 3677 1628 3715 manu
1660 3661 1788 3730 forti
1815 3701 1831 3727 ,
1870 3662 1974 3717 hoc
2001 3671 2084 3718 est
2115 3662 2206 3718 Dei
2236 3661 2391 3719 Filio.

551 3755 604 3811 1.
634 3752 883 3819 Domine,
908 3754 1225 3809 discernens
1250 3755 1604 3825 cogitationes
1630 3770 1800 3822 meas,
1828 3764 1881 3811 et
1898 3774 2048 3812 men-
2077 3763 2118 3821 C

2222 3758 2274 3813 1.
2304 3758 2508 3830 Κύριε,
2544 3757 2825 3829 διακρίνας
2866 3773 2964 3820 τας
3012 3760 3337 3826 ενυυμησεις
3377 3772 3481 3825 μου
3517 3754 3615 3810 καὶ
3642 3755 3734 3829 τὴν

480 3856 590 3903 tem
613 3847 796 3903 cordis
815 3848 923 3903 mei
947 3848 1273 3920 cognovisti,
1292 3848 1471 3919 qualis
1492 3849 1739 3905 incedam
1763 3865 1947 3905 coram
1976 3861 2046 3906 te.

2159 3849 2389 3904 διάνοιαν
2416 3850 2514 3921 τῆς
2542 3848 2767 3912 καρδίας
2796 3864 2896 3917 μου
2930 3846 3102 3916 ἔγνως
3125 3886 3141 3911 ,
3167 3845 3349 3908 ὁποῖος
3385 3845 3735 3919 ἀποϐήσομαι

2155 3940 2385 3993 ἐνώπιόν
2420 3957 2536 3994 σου.

482 4084 487 4089 _
549 4025 604 4080 2.
641 4025 722 4081 Tu
764 4028 1108 4097 cognovisti,
1150 4044 1273 4099 quae
1306 4028 1376 4085 sit
1424 4030 1645 4100 requies
1697 4030 1878 4086 cordis
1922 4030 2050 4095 mei,

2226 4032 2279 4086 2.
2304 4032 2375 4085 Σὺ
2404 4031 2591 4100 ἔγνως,
2614 4031 2666 4084 τί
2688 4032 2834 4085 ὲστιν
2856 4033 2888 4103 ή
2910 4030 3213 4096 ἀνάπαυσις
3231 4032 3330 4103 τῆς
3357 4031 3591 4102 καρδίας
3615 4048 3734 4101 μου,

478 4128 536 4173 et
558 4118 886 4174 desiderium
914 4120 1113 4177 animae
1142 4138 1296 4177 mea}.

2155 4124 2250 4179 καὶ
2279 4126 2311 4194 ἡ
2340 4123 2614 4195 προθυμία
2646 4124 2742 4195 τῆς
2780 4124 2957 4195 ψυχῆς
2990 4142 3113 4195 μου.

550 4210 604 4265 5.
642 4208 721 4263 Tu
763 4211 1083 4281 priusquam
1116 4228 1216 4285 ego
1254 4214 1440 4269 ﬁerem
1465 4252 1481 4278 ,
1512 4214 1719 4269 scrvisti
1749 4228 1871 4284 qua:
1900 4213 2052 4284 cogi-

2224 4216 2277 4270 5.
2312 4216 2384 4269 Σὺ
2412 4215 2517 4286 πρὸ
2548 4215 2641 4269 τοῦ
2678 4232 2744 4286 με
2771 4215 3065 4286 γενηθῆναι
3098 4216 3246 4286 είδης
3270 4211 3465 4288 [οἶδας]
3488 4216 3569 4285 (5)
3595 4215 3733 4284 ἅπερ

479 4308 695 4356 taturus
724 4316 868 4364 sum.

2159 4308 2339 4380 μέλλω
2368 4307 2785 4377 διαλογίζεσθαι.

553 4394 605 4447 4.
642 4391 1126 4449 Conversationem
1158 4411 1334 4450 meam
1368 4396 1421 4451 in
1446 4396 1554 4452 hoc
1579 4397 1813 4462 mundo,
1844 4406 1897 4451 et
1922 4412 2056 4466 qua-

2227 4401 2280 4454 ι1ι.
2312 4400 2423 4474 Τὴν
2454 4403 2511 4453 έν
2551 4399 2630 4471 τῷ
2675 4400 2862 4471 κόσμῳ
2882 4401 3054 4472 τούτῳ
3086 4400 3430 4472 αναστροφήν
3464 4418 3573 4471 μου
3596 4442 3611 4465 ,
3648 4400 3734 4454 καὶ

482 4482 615 4536 lium
642 4484 1019 4552 operationum
1044 4486 1309 4542 bonarum
1339 4504 1445 4553 me,
1469 4504 1536 4543 an
1568 4489 1832 4543 malarum
1857 4489 2054 4544 seriem

2159 4490 2354 4545 ὁποίων
2386 4489 2563 4561 ἔργων
2590 4490 2831 4559 ἀγαθῶν,
2860 4491 2893 4561 ἢ
2922 4490 3174 4562 πονηρῶν
3198 4490 3429 4562 ἧμελλον
3446 4530 3462 4555 ,
3490 4492 3525 4562 ἢ
3560 4490 3735 4562 μέλλω

482 4573 796 4644 expleturos
825 4591 998 4640 eram,
1034 4577 1114 4631 vel
1146 4594 1264 4632 sum
1293 4579 1348 4632 in
1380 4580 1569 4634 diebus
1600 4577 1757 4641 meis,
1795 4588 1850 4631 tu
1885 4593 2056 4649 usque

2158 4582 2392 4635 ἐκτελεῖν
2422 4582 2626 4653 πλοκὴν
2660 4584 2718 4636 ἐν
2745 4585 2867 4646 ταῖς
2889 4583 3119 4653 ἡμέραις
3143 4601 3244 4654 μου
3270 4622 3285 4646 ,
3317 4583 3381 4635 σὺ
3409 4583 3518 4646 ἕως
3549 4583 3734 4645 τέλους

484 4666 538 4723 in
574 4667 735 4723 ﬁnem
770 4668 838 4724 ad
866 4670 1151 4724 minimum
1184 4671 1382 4727 novisti
1414 4686 1601 4726 earum
1636 4670 1859 4725 exitum.

1734 4679 1859 4724 lum.
2157 4675 2491 4730 κατάλεπτον
2522 4670 2670 4740 οἶδας
2696 4676 2795 4748 τὴν
2819 4676 3085 4730 ἀπόϐασιν
3114 4676 3310 4730 αὐτῶν.

554 4762 606 4817 5.
638 4762 897 4819 Actiones
926 4780 1076 4819 meas
1105 4764 1525 4836 prmcognoscis.

2229 4767 2281 4821 5.
2318 4768 2429 4831 Τὰς
2452 4767 2530 4837 (4)
2565 4767 2793 4841 πράξεις
2829 4785 2929 4840 μου
2959 4768 3371 4841 προγινώσκεις.

553 4855 605 4910 6.
636 4854 703 4909 Et
726 4856 947 4921 novisti,
977 4857 1123 4926 quod
1151 4871 1259 4911 non
1288 4856 1412 4912 dico
1440 4854 1597 4910 falsa.

2225 4858 2279 4913 6.
2311 4860 2421 4913 Καὶ
2441 4855 2607 4925 οἶδας,
2634 4861 2715 4912 ὅτι
2749 4860 2810 4913 οὐ
2833 4859 2976 4930 λέγω
2994 4858 3181 4932 ψευδῆ.

557 4946 608 5002 7.
653 4947 735 5002 Tu
770 4949 915 5004 enim
968 4948 1151 5005 futura
1203 4960 1256 5005 et
1296 4950 1564 5020 praeterita
1612 4948 1832 5004 novisti.
1887 4947 2056 5002 Aliter

2229 4952 2281 5007 7.
2302 4952 2373 5005 Σὺ
2394 4951 2501 5025 γὰρ
2520 4951 2590 5005 τὰ
2615 4952 2875 5024 μέλλοντα
2897 4952 3114 5007 ἔσεσθαι
3131 4993 3145 5020 ,
3162 4953 3255 5007 καὶ
3281 4953 3351 5007 τά
3375 4953 3645 5023 γεγονότα
3660 4954 3733 5023 (5)

485 5033 647 5088 etiam
705 5043 880 5105 potest
928 5037 1230 5093 versiculus
1278 5037 1380 5092 iste
1416 5037 1705 5108 allegorice
1754 5036 2051 5108 explicari;

2158 5041 2471 5095 ἐπίστασαι.
2506 5042 2661 5095 Ἐστι
2688 5040 2745 5095 δὲ
2774 5043 2869 5096 καὶ
2892 5041 3066 5108 ἄλλως
3099 5042 3373 5114 θεωρῆσαι
3408 5043 3502 5097 τὸν
3528 5045 3733 5114 στξχυν.

483 5129 741 5196 quoniam
786 5131 1086 5185 secundum
1107 5130 1433 5211 Prophetam
1486 5130 1689 5185 dictum
1737 5140 1820 5186 est
1853 5149 1866 5184 :
1898 5128 2052 5195 Ecce,

2160 5133 2239 5186 ὅτι
2264 5132 2405 5185 κατά
2439 5132 2729 5204 Προφήτην
2767 5131 2980 5204 εἴρηται
3001 5149 3013 5163 ·
3046 5105 3057 5108 ν
3086 5105 3239 5189 Ἰδοθ
3265 5105 3292 5198 ’,
3352 5135 3533 5202 Κύριε
3573 5174 3588 5197 ,
3623 5105 3736 5186 ’.σὺ

484 5217 729 5283 Domine,
763 5229 819 5272 tu
853 5223 1140 5291 cognovisti
1172 5223 1350 5276 omnia
1384 5223 1698 5286 novissima,
1719 5231 1769 5276 et
1811 5223 2051 5293 antiqua,

2159 5224 2345 5293 ἔγνως
2360 5221 2556 5277 πάντα
2571 5224 2643 5277 τὰ
2661 5223 2909 5294 ἔσχατα,
2923 5225 3021 5279 καὶ
3040 5223 3111 5279 τὰ
3124 5223 3363 5295 ἁρχαὶὶι,
3376 5223 3648 5289 τουτέστι,
3673 5232 3732 5275 σὺ

486 5308 592 5365 hoc
623 5320 746 5377 est,
777 5321 832 5366 tu
868 5312 1153 5370 habiturus
1177 5328 1237 5369 es
1269 5314 1595 5369 novissimas
1627 5328 1816 5370 omnes
1844 5322 2048 5383 gentes,

2163 5313 2375 5386 μέλλεις
2408 5312 2553 5385 ἔχειν
2587 5315 2766 5369 πάντα
2794 5314 2862 5369 τὰ
2887 5314 3088 5386 ἔσχατα
3116 5313 3245 5385 ἔθνη
3265 5354 3280 5380 ,
3307 5314 3401 5368 καὶ
3431 5314 3501 5367 τὰ
3527 5315 3734 5385 ἀρχαῖα

484 5408 540 5452 et
567 5403 821 5472 antiquas
850 5402 1158 5461 Judaaorum
1189 5407 1495 5477 progenies.

1189 5407 1495 5477 progenies.
2157 5403 2265 5457 τῶν
2288 5404 2555 5458 Ἰουδαίων
2584 5405 2735 5477 γένη.

1434 5518 1737 5582 Addenda
1766 5526 1825 5581 et
1847 5515 2221 5599 corrigenda
2249 5532 2328 5577 ex
2363 5516 2506 5577 cod.
2536 5515 2739 5578 Vatic.

558 5613 638 5754 μγ
665 5619 973 5739 Ζτὲτεῖνίεοῦ
1004 5622 1210 5677 ἀνελεῖν
1240 5641 1327 5695 με,
1362 5631 1465 5679 etc.
2232 5618 2306 5754 (5;
2341 5619 2541 5690 ᾚδεις.

583 5685 619 5737 2
653 5687 715 5738 Ἦ
760 5688 814 5741 ιὰ
830 5705 928 5754 της
961 5693 1328 5754 κινναϐάρεως
1354 5695 1617 5754 περιέγει.
1645 5706 1729 5754 etc
1758 5737 1772 5754 .
1797 5694 2051 5754 περὶτῶν
2231 5690 2285 5754 (4
2338 5690 2448 5743 Καὶ
2474 5690 2541 5746 πά

583 5685 938 5778 inﬂata-3'7};
961 5685 1328 5778 κινναϐέὶρέευς
1354 5695 1617 5778 περιέχει,
1645 5706 1729 5754 etc
1758 5737 1772 5765 ,
1797 5694 2051 5767 περὶτῶν
2332 5685 2448 5778 IIS-ai
2474 5690 2653 5778 πάσας
2677 5691 2809 5778 τάς,
2830 5699 2944 5778 etc.

496 5753 764 5823 talem,
792 5761 857 5829 τῇ
885 5753 1046 5831 χειρὶ,
1075 5753 1219 5819 τοῦτ’
1245 5753 1390 5821 ἔστιν
1409 5753 1657 5843 iciunae.
1686 5753 1691 5754 ν
1758 5753 1770 5765 ’
1871 5753 1882 5767 ’

2332 5753 2703 5832 Προγεγονότα
2724 5804 2737 5830 ,
2756 5753 2890 5831 etc.,
2914 5762 3053 5818 κατά
3077 5760 3445 5833 προφητείαν,
3470 5771 3574 5819 etc.
