3990 6208
335 318 464 373 1281
1144 316 1227 371 DE
1265 314 1541 374 TITULIS
1579 311 2026 371 PSALMORUM.
2051 341 2118 354 ---
2144 306 2336 363 PSAL.
2377 305 2709 360 CXXXVIII.
3427 302 3567 357 I282

402 434 456 487 8.
486 434 557 486 Σὺ
590 432 825 497 ἔπλασας
858 452 922 505 με
951 473 964 499 ,
997 435 1087 487 καὶ
1119 432 1318 505 ἔθηκας
1369 434 1452 487 ἐπ’
1483 433 1583 504 ἐμὲ
1614 431 1708 504 τὴν
1736 432 1892 503 χεῖρά
1920 437 1967 492 Α

2065 426 2115 480 8.
2155 425 2233 479 Τυ
2266 423 2513 480 formasti
2543 441 2649 489 me,
2682 432 2733 478 et
2765 421 2989 492 posuisti
3023 435 3183 490 super
3221 435 3308 476 me
3342 436 3562 476 manum

333 541 448 578 σου.

1993 530 2139 575 tuam

397 616 449 670 9.
488 613 908 687 Ἐθαυμαστώθη
946 615 978 686 ἡ
1007 613 1204 684 γνῶσίς
1239 632 1328 668 σου
1358 614 1417 681 ἐξ
1441 613 1573 685 ὲμοῦ
1593 627 1606 641 ·

2065 611 2117 667 9.
2150 607 2414 664 Mirabilis
2439 606 2580 661 facta
2615 616 2697 661 est
2727 605 2956 661 scientia
2981 615 3071 660 tua
3103 619 3171 660 ex
3197 619 3323 660 me:

396 706 482 762 I0.
523 704 919 778 Ἐκραταιώθη,
945 706 1005 759 οὐ
1037 705 1111 776 μὴ
1140 705 1380 776 δύνωμαι
1408 705 1544 776 πρὸς
1574 705 1758 774 αὐτήν.

1687 706 1758 774 ήν.
2064 701 2150 756 10.
2184 698 2503 757 Confortata
2535 705 2636 762 est,
2670 711 2779 752 non
2809 705 2996 766 potero
3029 695 3096 750 ad
3125 710 3263 750 eam.

397 799 484 852 II.
522 798 633 850 Ποῦ
669 797 916 868 πορευθῶ
954 796 1058 850 ἀπὸ
1090 795 1183 850 τοῦ
1212 795 1524 866 Πνεύματός
1554 813 1679 860 σου;

1304 795 1524 866 εύματός
1554 813 1679 860 σου;
2066 795 2152 850 11.
2182 793 2301 861 Quo
2340 793 2430 847 ibo
2462 808 2493 846 a
2517 790 2721 860 Spiritu
2749 791 2880 845 tuo?

397 887 482 943 12.
514 888 624 941 Kal
647 887 754 940 ἀπὸ
779 885 872 939 τοῦ
903 885 1194 958 προσώπου
1227 904 1319 940 σου
1359 887 1460 940 ποῦ
1501 886 1686 956 φύγω;

1449 887 1460 940 i
1501 886 1686 956 φύγω;
2066 888 2154 942 12.
2193 885 2259 939 Ει
2284 900 2394 956 quo
2423 900 2454 939 a
2483 881 2620 938 facie
2655 891 2746 937 tua
2781 880 3025 953 fugiam?

395 982 483 1035 1³5.
530 979 655 1034 Ἐὰν
679 980 863 1035 άναϐὦ
895 982 971 1045 εἰς
998 979 1086 1034 τὸν
1115 981 1359 1052 οὐρανὸν,
1391 981 1453 1033 σὺ
1489 982 1605 1034 ἐκεῖ
1632 975 1711 1032 εἴ·

1703 998 1711 1009 ·
2066 980 2152 1033 15.
2198 977 2252 1032 Si
2285 977 2579 1033 ascendero
2609 975 2666 1030 in
2695 976 2916 1038 caelum,
2949 983 3007 1028 tu
3039 972 3151 1026 illic
3178 985 3239 1026 es
3268 988 3279 1023 ;

393 1071 480 1128 14.
520 1072 642 1126 Ἐὰν
672 1074 889 1127 καταϐῶ
912 1077 991 1138 εἰς
1019 1078 1106 1130 τὸν
1135 1077 1287 1148 ᾅδην,
1325 1077 1504 1148 πάρει.

2067 1072 2153 1126 II.
2199 1071 2256 1125 Si
2285 1069 2619 1126 descendero
2645 1068 2700 1123 in
2736 1067 3034 1131 infernum,
3062 1065 3210 1120 ades.

393 1159 481 1216 I5.
502 1161 625 1216 Ἐάν
647 1163 969 1236 άναλάϐοιμι
991 1165 1088 1229 τὰς
1111 1166 1385 1238 πτέρυγάς
1410 1185 1509 1238 μου
1532 1165 1651 1220 κατ’
1675 1164 1889 1236 ὄρθρον,

1685 1164 1889 1236 δρθρον,
2067 1167 2154 1222 15.
2195 1165 2252 1220 Si
2280 1180 2564 1236 sumpsero
2590 1179 2798 1234 pennas
2823 1176 2972 1217 meas
2998 1159 3261 1223 diluculo,

396 1253 481 1307 I6.
501 1255 608 1306 Kal
630 1257 1036 1326 κατασκηνώσω
1063 1260 1142 1322 εἰς
1157 1260 1224 1312 τὰ
1239 1259 1443 1329 ἔσχατα
1469 1260 1565 1329 τῆς
1583 1258 1857 1328 θαλάσσης
1881 1272 1895 1289 ⁸

1624 1258 1857 1328 κλάσσης
1881 1272 1895 1289 ο
2069 1257 2155 1314 16.
2187 1257 2251 1312 Et
2283 1257 2599 1311 babitavero
2629 1255 2684 1309 in
2707 1253 2965 1310 extremis
2998 1251 3200 1307 maris:

393 1345 480 1401 I7.
514 1348 624 1400 Kal
659 1349 765 1418 γὰρ
792 1351 906 1404 ἐκεῖ
936 1354 968 1422 ἡ
999 1353 1119 1424 χείρ
1147 1370 1239 1405 σου
1271 1353 1524 1424 ὁδηγήσει
1549 1369 1646 1422 με·

2066 1352 2153 1405 17.
2188 1349 2402 1404 Etenim
2436 1350 2564 1404 illuc
2595 1363 2794 1403 manus
2822 1357 2913 1402 tua
2943 1345 3177 1400 deducet
3200 1356 3288 1397 me
3318 1356 3332 1393 :

395 1436 480 1491 I8.
513 1439 621 1492 Kal
650 1440 864 1506 καθέξει
901 1460 966 1512 με
1002 1446 1033 1514 ἡ
1067 1443 1215 1508 δεξιά
1241 1462 1356 1497 σου.

2067 1443 2156 1499 I8.
2198 1442 2262 1496 Et
2295 1443 2499 1497 tenebit
2530 1457 2616 1496 me
2643 1443 2864 1497 dextera
2901 1450 3012 1495 tua.

391 1530 475 1586 I9.
505 1533 612 1585 Kal
638 1529 793 1587 εἶπα·
824 1538 965 1607 Ἀρα
998 1538 1185 1601 σκότος
1219 1538 1594 1608 καταπατήσει
1631 1553 1716 1588 us.

2068 1535 2155 1590 I9.
2201 1537 2267 1589 Et
2294 1535 2405 1590 dixi
2431 1551 2444 1586 :
2475 1534 2729 1590 Forsitan
2759 1535 2998 1588 tenebras
3022 1529 3416 1588 conculcabunt
3441 1540 3557 1582 me:

391 1621 479 1676 20.
507 1623 616 1676 Kal
649 1625 744 1690 νὺξ
778 1629 1054 1699 φωτισμδς
1086 1631 1142 1683 ὲν
1170 1632 1235 1700 τῇ
1269 1631 1445 1699 τρυφῇ
1475 1645 1595 1698 μου.

2068 1625 2156 1679 20.
2195 1625 2262 1679 Ει
2285 1640 2394 1680 nox
2418 1625 2745 1680 illuminatio
2774 1625 2828 1679 in
2860 1624 3067 1679 deliciis
3093 1623 3245 1678 meis.

393 1713 480 1768 21.
510 1715 628 1768 Ὀτι
661 1718 844 1782 σκότος
875 1721 936 1772 οὐ
965 1721 1373 1790 σκοτισθήσεται
1406 1720 1524 1808 ἀπὸ.
1545 1717 1662 1782 σοῦ,
1925 1779 1969 1836 Β

1925 1779 1969 1836 Β
2066 1716 2157 1773 21.
2200 1715 2336 1783 Quia
2371 1717 2608 1772 tenebrae
2641 1732 2748 1771 non
2777 1716 3219 1771 obscurabuntur
3251 1727 3280 1766 a
3310 1721 3382 1766 te.

1436 1943 1813 2002 ATHANASII
1876 1940 2448 2000 INTERPRETATIO.

395 2165 446 2219 8.
476 2166 548 2218 Σὺ
576 2166 1010 2240 ἐδημιούργησάς
1043 2186 1109 2240 με
1129 2211 1144 2234 ,
1177 2185 1270 2222 και
1313 2167 1512 2240 ἔθηκας
1550 2168 1638 2222 ἐπ’
1665 2168 1764 2239 ἐμὲ
1795 2167 1892 2239 τὴν

2069 2166 2122 2222 8.
2155 2164 2238 2220 Tu
2263 2164 2459 2221 creasti
2487 2178 2602 2228 me,
2636 2172 2688 2218 et
2717 2163 2948 2234 posuisti
2981 2175 3145 2231 super
3173 2174 3259 2213 me
3304 2159 3563 2214 auxilium

327 2258 578 2329 βοήθειάν
608 2275 700 2312 σου
728 2259 1034 2314 σκέπουσάν
1065 2277 1153 2331 με.

1021 2278 1034 2312 ι
1065 2277 1153 2331 με.
2000 2267 2150 2313 tuum
2177 2267 2464 2327 protegens
2492 2271 2597 2310 me.

393 2351 444 2406 9.
469 2351 742 2422 Μνησθεὶς
771 2351 948 2418 τὸ,τὶς
973 2353 1207 2424 ὑπάρχει
1229 2355 1261 2424 ή
1293 2351 1519 2423 δύναμίς
1544 2369 1659 2418 σου,
1687 2350 1792 2416 ἔξω
1815 2351 1892 2422 (1)

2067 2350 2116 2404 9.
2164 2347 2535 2412 Recordatus,
2571 2363 2693 2417 quae
2739 2348 2808 2402 sit
2837 2347 3076 2416 potentia
3111 2355 3203 2400 tua
3229 2384 3243 2410 ,
3297 2351 3450 2398 extra
3482 2357 3567 2397 me

323 2439 562 2510 ἐμαυτοῦ
602 2442 805 2510 γέγονα
843 2441 1247 2512 ἀποθαυμάζων
1281 2443 1338 2494 ὲν
1376 2439 1615 2511 ἐμαυτῷ.

1509 2439 1615 2510 mp.
1998 2445 2176 2512 ipsum
2209 2441 2384 2496 factus
2419 2456 2539 2497 sum
2568 2457 2679 2510 prae
2709 2440 3085 2499 admiratione.

395 2531 480 2591 10.
509 2533 850 2597 Ἀνείκαστος
878 2533 1112 2605 ὑπάρχει
1151 2536 1184 2605 ή
1211 2532 1439 2602 δύναμίς
1473 2549 1566 2585 σου
1589 2573 1607 2598 ,
1639 2530 1699 2585 οὐ
1731 2528 1893 2584 δύνα-

2070 2534 2157 2588 10.
2191 2532 2582 2602 Investigabilis
2611 2542 2692 2588 est
2717 2534 2886 2589 virtus
2918 2542 3031 2598 tua,
3057 2547 3168 2610 non
3188 2547 3411 2602 possum
3438 2546 3566 2587 con-

327 2640 424 2694 μαι
457 2624 771 2695 ἀντιστῆναι
803 2624 938 2696 πρὸς
967 2626 1156 2695 αὑτήν.

967 2626 1156 2695 αὑτήν.
1999 2635 2080 2682 tra
2110 2641 2230 2682 eam
2256 2626 2528 2681 resistere.

399 2717 424 2769 I
439 2716 456 2768 I
471 2758 482 2769 .
512 2717 623 2768 Ποῦ
649 2715 755 2788 γὰρ
778 2715 1007 2787 δύναμαι
1027 2716 1292 2788 κρυϐῆναι
1316 2715 1392 2786 (2)
1417 2716 1526 2770 ἀπὸ
1545 2714 1604 2768 τὸ
1624 2713 1780 2784 ἅγιόν
1802 2730 1894 2766 σου

2069 2719 2154 2775 II.
2188 2717 2292 2774 Ubi
2319 2718 2463 2773 enim
2493 2717 2752 2772 abscondi
2787 2730 3010 2786 possum
3062 2730 3094 2769 a
3137 2713 3341 2786 Spiritu
3375 2727 3565 2771 sancto

323 2807 567 2878 Πνεῦμα,
599 2809 657 2860 τὸ
677 2809 940 2876 γινῶσκον
963 2808 1078 2880 [τοῦ
1107 2809 1262 2877 ἁγίου
1294 2825 1385 2861 σου
1416 2805 1731 2878 Πνεῦματος
1756 2843 1770 2869 ,
1801 2803 1893 2857 τοῦ

1126 2809 1262 2877 ῐγίου
1294 2825 1385 2861 σου
1416 2805 1731 2878 Πνεύματος
1756 2843 1770 2869 .
1801 2803 1893 2857 τοῦ
1998 2818 2113 2876 tuo,
2143 2809 2237 2880 qui
2266 2810 2442 2865 noscit
2476 2809 2702 2864 omnia?

322 2899 702 2973 γινώσκοντος]
738 2901 806 2954 τὰ
836 2903 1010 2955 πάντα
1035 2919 1048 2967 ;

394 2991 482 3046 12.
514 2993 623 3045 Kal
647 2992 755 3046 ἀπὸ
790 2991 883 3046 σοῦ
909 2994 976 3046 τὰ
1007 2991 1081 3064 (δ)
1117 2995 1295 3048 πάντα
1315 2992 1638 3066 ἐφορῶντος,
1671 2988 1772 3042 ποῦ
1798 2985 1888 3040 δύ·
1925 3056 1960 3066 _

2065 2988 2153 3043 I2.
2183 2987 2250 3041 Et
2280 3003 2311 3041 a
2336 2995 2407 3051 te,
2439 2987 2531 3056 qui
2554 2986 2733 3040 omnia
2758 2985 2928 3050 vides,
2957 2999 3067 3054 quo
3098 2997 3318 3053 possum
3343 2977 3565 3052 fugere?

321 3098 492 3152 ναμαι
519 3085 742 3151 φυγείν;
769 3084 851 3136 ὅτι
890 3056 1085 3137 πάντα
1116 3084 1329 3154 γυμνὰ,
1358 3056 1473 3137 ’καὶ
1504 3081 1894 3149 τετραχηλισ-

1773 3081 1894 3133 ιισ-
1919 3056 1962 3114 C
1997 3081 2255 3153 quoniam
2284 3081 2459 3132 omnia
2487 3079 2660 3147 nuda,
2691 3088 2739 3132 et
2769 3087 2950 3147 aperta
2986 3076 3152 3129 oculis
3184 3076 3286 3126 tuis
3309 3075 3349 3126 ³.

315 3172 471 3242 μένα
498 3173 622 3240 τοῖς
655 3173 982 3243 ὀφθαλμοῖς
1008 3188 1146 3228 σου.

394 3266 482 3320 I5.
520 3265 843 3338 Ἀχώριστος
869 3265 944 3339 (4)
977 3262 1030 3320 εἴ
1047 3265 1155 3318 τῶν
1179 3261 1457 3334 πατρικῶν
1481 3261 1715 3315 κόλπων.

1517 3261 1715 3315 όλπων·
2073 3285 2154 3340 15.
2184 3282 2562 3354 lnseparabilis
2590 3298 2649 3338 es
2682 3299 2712 3336 a
2747 3284 2868 3337 sinu
2898 3281 3093 3338 Patris.

395 3359 482 3413 14.
515 3357 888 3431 Ἐθανατώθης
916 3359 1023 3432 γὰρ
1052 3359 1117 3412 δι’
1144 3359 1264 3430 ἐμέ.

2071 3375 2158 3430 14.
2195 3373 2354 3431 Morti
2378 3375 2525 3430 enim
2557 3373 2788 3429 traditus
2823 3390 2881 3430 es
2912 3383 3129 3444 propter
3156 3388 3259 3426 me.

393 3452 480 3505 15.
508 3450 676 3505 Τοῦτό
723 3469 811 3523 μοι
861 3452 1018 3523 μόνον
1053 3451 1460 3524 περιλείπεται,
1493 3449 1586 3504 ἐὰν
1615 3449 1722 3520 άρα
1765 3449 1895 3501 ἀνα-

2071 3466 2160 3522 15.
2186 3465 2300 3522 IIoc
2327 3467 2504 3522 solum
2533 3465 2664 3520 mihi
2705 3465 2975 3533 reliquum
3010 3476 3128 3529 est',
3165 3466 3207 3518 si
3241 3465 3375 3519 forte
3406 3480 3563 3520 assu-

319 3541 470 3596 λάὸω
489 3542 586 3605 τὰς
607 3542 931 3614 ἐνθυμήσεις
963 3543 1059 3613 τῆς
1083 3542 1306 3614 καρδίας
1349 3560 1474 3612 μου,
1506 3542 1806 3610 καταφύγω
1837 3542 1892 3594 ἐν

1996 3573 2140 3612 mam
2169 3559 2527 3629 cogitationes
2557 3557 2740 3612 cordis
2775 3557 2900 3622 mei,
2931 3565 2985 3612 et
3012 3556 3320 3628 confugiam
3350 3557 3415 3610 ad
3442 3557 3563 3610 illu-

320 3631 399 3704 τῷ
429 3632 737 3704 φωτίσματι
760 3633 860 3703 τῆς
892 3632 1125 3695 πίστεώς
1166 3650 1256 3685 σου
1285 3632 1385 3704 (5).

1078 3633 1125 3695 ἃς
1166 3650 1256 3685 σου
1285 3632 1385 3704 (5)·
1997 3651 2347 3705 minationem
2376 3651 2496 3704 ﬁdei
2532 3661 2654 3704 tuae.

394 3729 481 3785 16.
515 3729 626 3782 Kal
653 3727 808 3781 δώσω
833 3729 1067 3799 ἐμαυτὸν
1097 3731 1176 3792 εἰς
1206 3729 1264 3782 τὸ
1288 3729 1588 3800 βάπτισμα.

2064 3741 2151 3797 16.
2180 3741 2246 3795 Ει
2279 3741 2418 3796 dabo
2450 3756 2536 3794 me
2568 3741 2743 3810 ipsum
2771 3742 2824 3793 in
2859 3737 3208 3808 baptismum.
3259 3735 3261 3738 ⁴

394 3822 492 3889 I7,
532 3821 620 3875 I8.
651 3821 762 3873 Kal
799 3821 907 3892 γὰρ
961 3821 1078 3874 ἐκεῖ
1110 3821 1144 3891 ἡ
1175 3821 1335 3892 χάρις
1379 3821 1459 3892 (6)
1511 3838 1602 3875 σου
1642 3821 1891 3893 ὁδηγήσει

2065 3833 2150 3900 17,
2177 3834 2263 3887 I8.
2293 3833 2505 3888 Etenim
2532 3833 2662 3887 illuc
2694 3832 2864 3903 gratia
2899 3840 2990 3885 tua
3017 3831 3247 3885 deducet
3276 3846 3379 3893 me,
3417 3840 3468 3884 et
3505 3832 3555 3884 in

325 3928 416 3983 με,
445 3911 540 3964 καὶ
571 3913 964 3982 περικρατήσει
1001 3928 1088 3982 με.

917 3929 964 3964 ει
1001 3928 1088 3982 με.
1994 3939 2082 3980 me
2104 3924 2490 3979 dominabitur.

397 4003 482 4058 I9.
524 4003 634 4056 Kal
684 4003 1015 4075 ἐλογισάμην
1061 4004 1181 4057 κατ’
1236 4002 1469 4073 ἐμαυτὸν
1511 4003 1716 4072 λέγων’
1746 3999 1895 4076 ’Ἃρα

2071 4015 2156 4070 19.
2187 4014 2254 4069 Et
2282 4029 2496 4070 mecum
2523 4013 2752 4086 cogitavi
2781 4014 2967 4070 dicens
2994 4030 3008 4066 :
3043 4000 3125 4080 An
3151 4015 3228 4070 ita
3262 4016 3439 4086 patiar
3466 4032 3558 4072 us-

318 4095 494 4158 οὕτως
538 4095 858 4168 ἀνάσχωμαι
889 4095 994 4161 ἕως
1031 4095 1215 4159 τέλους
1258 4096 1613 4166 κυριεύεσθαι
1654 4096 1759 4149 ὑπὸ
1792 4097 1892 4167 τῆς

1654 4096 1759 4149 ὑτιτὺ
1792 4097 1892 4167 τῆς
1995 4122 2100 4177 que
2133 4108 2187 4162 in
2220 4107 2381 4162 ﬁnem
2407 4107 2679 4163 dominari
2712 4109 2766 4162 in
2795 4123 2880 4162 me
2909 4107 3230 4178 peccatum?

404 4205 438 4240 a
475 4187 529 4239 τί
615 4202 631 4253 ;

318 4189 483 4326 ἁμὲίς.
513 4204 625 4328 Ιῗὲιὶ
666 4275 998 4348 ἐλογισάμην
1042 4276 1224 4330 δοῦναι
1263 4277 1497 4348 ἐμαυτὸν
1525 4278 1602 4348 (7)
1627 4280 1692 4350 τῇ
1725 4295 1892 4333 κατα-

2063 4278 2150 4334 ΞΟ.
2197 4279 2264 4334 Ει
2309 4280 2541 4352 cogitavi
2590 4281 2803 4336 tradere
2849 4297 2935 4336 me
2983 4282 3159 4351 ipsum
3212 4281 3555 4350 baptismatis

317 4365 471 4420 δύσει
494 4366 587 4421 τοῦ
619 4366 1010 4438 βαπτίσματος,
1042 4369 1123 4422 ὅτι
1156 4369 1432 4440 φωτισμὺς
1459 4371 1555 4424 καὶ
1580 4371 1761 4445 τρυφή
1787 4373 1887 4444 μού

1995 4370 2330 4427 immersioni
2356 4411 2371 4437 ,
2399 4372 2656 4442 quoniam
2695 4373 3042 4437 illuminatio,
3080 4383 3132 4428 et
3166 4373 3374 4429 delicia:
3420 4389 3556 4428 mea:

318 4459 438 4512 ἐστι
462 4457 524 4512 τὸ
548 4459 769 4532 λουτρὸν
793 4461 891 4531 τῆς
916 4459 1213 4524 ἀθανασίας
1231 4478 1245 4492 ·
1271 4462 1386 4515 ἐκεῖ
1409 4461 1517 4533 γὰρ
1545 4464 1891 4536 καταλιμπά-

1992 4470 2120 4517 sunt
2165 4463 2442 4518 lavacrum
2478 4463 2901 4520 immortalitatis
2935 4485 2946 4519 :
2988 4466 3060 4520 ibi
3108 4467 3254 4520 enim
3305 4467 3555 4536 relinquo

319 4568 398 4605 νω
424 4551 523 4616 τὰς
551 4553 826 4626 ἁμαρτίας
855 4572 977 4626 μου.

805 4573 826 4619 ς
855 4572 977 4626 μου.
1990 4563 2212 4626 peccata
2239 4571 2381 4610 mea.

389 4643 479 4698 21.
511 4646 633 4700 Ὀτι
662 4647 812 4703 πᾶσα
843 4647 988 4721 ψυχὴ
1017 4651 1073 4703 ὲν
1111 4647 1288 4702 σκότει
1318 4648 1599 4721 καθημενη
1617 4691 1632 4714 ,
1660 4651 1887 4704 ελθουσα

2057 4647 2146 4700 21.
2180 4646 2319 4714 Quia
2354 4647 2535 4704 omnis
2580 4647 2762 4702 anima
2807 4648 2859 4702 in
2915 4649 3153 4704 tenebris
3200 4651 3395 4705 sedens
3429 4665 3552 4706 cum

317 4733 414 4787 ἐπὶ
443 4735 506 4788 τὸ
531 4735 829 4810 βάπτισμα,
861 4739 961 4793 οὐκ
986 4738 1063 4794 ἔτι
1090 4738 1536 4810 σκοτισθήσεται,
1562 4741 1668 4794 ἀπὸ
1701 4740 1791 4794 τοῦ
1827 4760 1885 4795 σε

1988 4739 2195 4794 venerit
2217 4739 2283 4793 ad
2313 4738 2664 4810 baptismum,
2687 4755 2795 4795 non
2819 4740 3053 4810 amplius
3085 4740 3551 4807 obtenebrabitur,

317 4823 380 4877 τὸ
406 4825 600 4897 ἀληθὲς
623 4827 704 4898 (8)
735 4828 849 4898 φῶς
873 4829 1126 4884 ἐπιϐῆναι
1159 4831 1215 4884 ὲν
1243 4831 1404 4902 αὐτῇ.

1988 4830 2245 4900 quoniam
2279 4839 2334 4886 tu
2354 4872 2368 4898 ,
2393 4832 2487 4902 qui
2516 4847 2642 4888 vera
2673 4832 2766 4888 lux
2796 4847 2878 4901 es,
2907 4832 3160 4891 ascendis
3190 4832 3245 4886 in
3282 4831 3476 4901 ipsam.
3521 4900 3525 4906 ι

390 5004 413 5036 ⁸
447 5002 610 5060 Hebr.
645 5021 722 5072 ιν,
757 5006 844 5061 15.

1271 5166 1576 5231 Addenda
1606 5175 1667 5231 et
1699 5169 2067 5250 corrigenda
2114 5187 2193 5232 ex
2226 5171 2366 5234 cod.
2395 5174 2596 5237 Vatic.

421 5347 588 5432 1)Ἐξ
614 5349 805 5432 ἑαυτοῦ
830 5352 1193 5432 γέγοναλθιεη
1216 5355 1495 5432 ρνῇὲαυτῷ.
1631 5427 1643 5432 _
1767 5429 1776 5432 Α

885 5352 1193 5432 Ξγοναλθιεη
1216 5355 1495 5432 egeam;
1631 5427 1643 5432 Δ
1767 5429 1776 5432 Α
2061 5358 2134 5432 (5)
2167 5359 2268 5432 Σοῦ
2294 5360 2461 5432 deest.

417 5419 479 5500 2).
507 5420 786 5500 Κρυὸῆναι
818 5423 878 5474 τὸ
913 5419 1144 5500 ῌνεῦμα
1164 5423 1241 5500 ab
1269 5423 1420 5500 ἆγιὸν
1447 5419 1542 5480 σου
1597 5427 1658 5482 τὸ
1710 5429 1883 5485 πάντα
2060 5419 2138 5499 ϐ’)
2175 5431 2237 5482 Ἡ
2265 5430 2382 5500 χείρ
2411 5448 2522 5484 σου.

320 5488 846 5572 γιγνώσκονταηυεβ.
883 5493 992 5548 vid.
1029 5488 1372 5561 γιγνῶσκον).

967 5495 992 5548 γ.
1029 5488 1372 5561 γιγνῶσκον).
2169 5488 2410 5572 Ἐαῦτ6ν,
2439 5511 2543 5572 etc.

395 5501 689 5557 γνωσκοντα
725 5501 846 5560 (leg.
883 5501 992 5548 vid.
1029 5501 1372 5561 γιγνῶσκον).

501 5559 718 5646 ντοῦ
747 5561 837 5625 τὰ,
871 5573 976 5646 etc.
1043 5641 1052 5646 Δ

2055 5501 2110 5572 (7
2169 5501 2410 5564 Ἑαυτὸν,
2439 5511 2544 5555 etc.

2056 5501 2132 5642 (8)
2173 5570 2442 5643 Ἀληθινδν
2476 5570 2589 5639 φῶς
2619 5571 2871 5642 ἐπιϐῆναι
2906 5574 2961 5625 ἐν
2988 5571 3177 5646 ταύτῃ.

397 5627 474 5699 (4)
507 5627 830 5700 Ἀχώριστος
850 5633 976 5703 γάρ,
1008 5641 1111 5688 etc.
