  <div class='ocr_page' id='page_1' title='image "/cluster/home/n/w/nwhite01/storage/ocr_20150623/27/mdp.39015007065769/661.png"; bbox 0 0 3990 6208; ppageno 0'>
   <div class='ocr_carea' id='block_1_1' title="bbox 515 192 2091 263">
    <p class='ocr_par' dir='ltr' id='par_1_1' title="bbox 515 192 2091 259">
     <span class='ocr_line' id='line_1_1' title="bbox 515 192 2091 259; baseline -0.001 -10"><span class='ocrx_word' id='word_1_1' title='bbox 515 193 646 259; x_wconf 63' lang='grc'><strong>1285</strong></span> <span class='ocrx_word' id='word_1_2' title='bbox 1338 195 1394 249; x_wconf 89' lang='lat' dir='ltr'><strong>S.</strong></span> <span class='ocrx_word' id='word_1_3' title='bbox 1434 192 1809 248; x_wconf 81' lang='lat' dir='ltr'><strong>ATﬂANASll</strong></span> <span class='ocrx_word' id='word_1_4' title='bbox 1848 192 1998 250; x_wconf 84' lang='lat' dir='ltr'><strong>OPP.</strong></span> <span class='ocrx_word' id='word_1_5' title='bbox 2034 193 2091 249; x_wconf 72' lang='lat' dir='ltr'><strong>Pl</strong></span> 
     </span>
    </p>
   </div>
   <div class='ocr_carea' id='block_1_2' title="bbox 2169 192 3745 263">
    <p class='ocr_par' dir='ltr' id='par_1_2' title="bbox 2176 193 3745 263">
     <span class='ocr_line' id='line_1_2' title="bbox 2176 193 3745 263; baseline 0.007 -14"><span class='ocrx_word' id='word_1_6' title='bbox 2176 193 2214 250; x_wconf 90' lang='lat' dir='ltr'><strong>S</strong></span> <span class='ocrx_word' id='word_1_7' title='bbox 2266 195 2352 250; x_wconf 92' lang='grc'><strong>111.</strong></span> <span class='ocrx_word' id='word_1_8' title='bbox 2378 225 2447 236; x_wconf 90' lang='lat'><strong>-—</strong></span> <span class='ocrx_word' id='word_1_9' title='bbox 2488 194 2898 252; x_wconf 75' lang='lat' dir='ltr'><strong>EXEGETICA.</strong></span> <span class='ocrx_word' id='word_1_10' title='bbox 3613 206 3745 263; x_wconf 60' lang='lat' dir='ltr'><strong>l2“</strong></span> 
     </span>
    </p>
   </div>
   <div class='ocr_carea' id='block_1_3' title="bbox 576 317 2152 393">
    <p class='ocr_par' dir='ltr' id='par_1_3' title="bbox 576 317 2141 380">
     <span class='ocr_line' id='line_1_3' title="bbox 576 317 2141 380; baseline -0.004 -7"><span class='ocrx_word' id='word_1_11' title='bbox 576 318 668 373; x_wconf 82' lang='lat'><strong>22.</strong></span> <span class='ocrx_word' id='word_1_12' title='bbox 710 319 777 374; x_wconf 86' lang='lat' dir='ltr'><strong>Et</strong></span> <span class='ocrx_word' id='word_1_13' title='bbox 798 335 905 374; x_wconf 74' lang='lat' dir='ltr'><strong>nox</strong></span> <span class='ocrx_word' id='word_1_14' title='bbox 938 317 1077 376; x_wconf 90' lang='lat' dir='ltr'><strong>sicut</strong></span> <span class='ocrx_word' id='word_1_15' title='bbox 1105 319 1220 374; x_wconf 89' lang='lat' dir='ltr'><strong>dies</strong></span> <span class='ocrx_word' id='word_1_16' title='bbox 1247 318 1639 379; x_wconf 86' lang='lat' dir='ltr'><strong>illuminabitur</strong></span> <span class='ocrx_word' id='word_1_17' title='bbox 1666 335 1678 369; x_wconf 92' lang='lat'><strong>:</strong></span> <span class='ocrx_word' id='word_1_18' title='bbox 2095 324 2141 380; x_wconf 75' lang='grc' dir='ltr'><strong>Α</strong></span> 
     </span>
    </p>
   </div>
   <div class='ocr_carea' id='block_1_4' title="bbox 1779 317 3355 393">
    <p class='ocr_par' dir='ltr' id='par_1_4' title="bbox 2095 317 3355 393">
     <span class='ocr_line' id='line_1_4' title="bbox 2095 317 3355 393; baseline -0.006 -12"><span class='ocrx_word' id='word_1_19' title='bbox 2095 324 2141 380; x_wconf 79' lang='grc' dir='ltr'><strong>Α</strong></span> <span class='ocrx_word' id='word_1_20' title='bbox 2184 321 2202 389; x_wconf 61' lang='grc' dir='ltr'><strong>ξ</strong></span> <span class='ocrx_word' id='word_1_21' title='bbox 2238 317 2330 372; x_wconf 61' lang='grc' dir='ltr'><em>Ἡ·</em></span> <span class='ocrx_word' id='word_1_22' title='bbox 2361 320 2471 372; x_wconf 77' lang='grc' dir='ltr'>Καὶ</span> <span class='ocrx_word' id='word_1_23' title='bbox 2492 318 2590 385; x_wconf 75' lang='grc' dir='ltr'><strong>νὺξ</strong></span> <span class='ocrx_word' id='word_1_24' title='bbox 2619 317 2694 381; x_wconf 79' lang='grc' dir='ltr'><strong>ὡς</strong></span> <span class='ocrx_word' id='word_1_25' title='bbox 2725 318 2906 391; x_wconf 83' lang='grc' dir='ltr'>ἡμέρα</span> <span class='ocrx_word' id='word_1_26' title='bbox 2928 322 3323 393; x_wconf 79' lang='grc' dir='ltr'>φωτιυοήσεται</span> <span class='ocrx_word' id='word_1_27' title='bbox 3343 339 3355 353; x_wconf 94' lang='grc'><strong>·</strong></span> 
     </span>
    </p>
   </div>
   <div class='ocr_carea' id='block_1_5' title="bbox 576 407 2152 483">
    <p class='ocr_par' dir='ltr' id='par_1_5' title="bbox 576 410 1864 482">
     <span class='ocr_line' id='line_1_5' title="bbox 576 410 1864 482; baseline -0.002 -15"><span class='ocrx_word' id='word_1_28' title='bbox 576 412 667 467; x_wconf 89' lang='grc'><strong>25.</strong></span> <span class='ocrx_word' id='word_1_29' title='bbox 708 410 862 468; x_wconf 93' lang='lat' dir='ltr'><strong>Sicut</strong></span> <span class='ocrx_word' id='word_1_30' title='bbox 891 413 1124 468; x_wconf 61' lang='lat' dir='ltr'><strong>tenebrae</strong></span> <span class='ocrx_word' id='word_1_31' title='bbox 1157 413 1294 481; x_wconf 77' lang='lat' dir='ltr'><strong>ejus,</strong></span> <span class='ocrx_word' id='word_1_32' title='bbox 1329 413 1398 467; x_wconf 90' lang='lat' dir='ltr'><strong>ita</strong></span> <span class='ocrx_word' id='word_1_33' title='bbox 1431 422 1486 467; x_wconf 90' lang='lat' dir='ltr'><strong>et</strong></span> <span class='ocrx_word' id='word_1_34' title='bbox 1517 413 1696 467; x_wconf 89' lang='lat' dir='ltr'><strong>lumen</strong></span> <span class='ocrx_word' id='word_1_35' title='bbox 1726 411 1864 482; x_wconf 82' lang='lat' dir='ltr'><strong>ejus.</strong></span> 
     </span>
    </p>
   </div>
   <div class='ocr_carea' id='block_1_6' title="bbox 2168 407 3744 483">
    <p class='ocr_par' dir='ltr' id='par_1_6' title="bbox 2243 407 3744 483">
     <span class='ocr_line' id='line_1_6' title="bbox 2243 407 3744 483; baseline 0.003 -21"><span class='ocrx_word' id='word_1_36' title='bbox 2243 409 2331 462; x_wconf 85' lang='grc'><strong>25.</strong></span> <span class='ocrx_word' id='word_1_37' title='bbox 2374 409 2459 471; x_wconf 86' lang='grc' dir='ltr'>Ὡς</span> <span class='ocrx_word' id='word_1_38' title='bbox 2487 407 2549 461; x_wconf 81' lang='grc' dir='ltr'><strong>τὸ</strong></span> <span class='ocrx_word' id='word_1_39' title='bbox 2580 407 2771 472; x_wconf 81' lang='grc' dir='ltr'><strong>σκότος</strong></span> <span class='ocrx_word' id='word_1_40' title='bbox 2796 407 2966 479; x_wconf 81' lang='grc' dir='ltr'>αὐτῆς</span> <span class='ocrx_word' id='word_1_41' title='bbox 2989 449 3004 474; x_wconf 90' lang='grc'><strong><em>,</em></strong></span> <span class='ocrx_word' id='word_1_42' title='bbox 3034 409 3177 464; x_wconf 74' lang='grc' dir='ltr'>οὕτω</span> <span class='ocrx_word' id='word_1_43' title='bbox 3207 412 3300 465; x_wconf 74' lang='grc' dir='ltr'>καὶ</span> <span class='ocrx_word' id='word_1_44' title='bbox 3326 412 3386 465; x_wconf 82' lang='grc' dir='ltr'><strong>τὸ</strong></span> <span class='ocrx_word' id='word_1_45' title='bbox 3412 411 3529 482; x_wconf 80' lang='grc' dir='ltr'><strong>φῶς</strong></span> <span class='ocrx_word' id='word_1_46' title='bbox 3552 412 3744 483; x_wconf 82' lang='grc' dir='ltr'>αὐτῆς.</span> 
     </span>
    </p>
   </div>
   <div class='ocr_carea' id='block_1_7' title="bbox 578 498 2154 574">
    <p class='ocr_par' dir='ltr' id='par_1_7' title="bbox 578 502 1653 573">
     <span class='ocr_line' id='line_1_7' title="bbox 578 502 1653 573; baseline -0.003 -15"><span class='ocrx_word' id='word_1_47' title='bbox 578 502 668 559; x_wconf 78' lang='grc'><strong>24.</strong></span> <span class='ocrx_word' id='word_1_48' title='bbox 705 505 844 570; x_wconf 85' lang='lat' dir='ltr'><strong>Quia</strong></span> <span class='ocrx_word' id='word_1_49' title='bbox 869 516 925 558; x_wconf 89' lang='lat' dir='ltr'><strong>tu</strong></span> <span class='ocrx_word' id='word_1_50' title='bbox 954 503 1243 573; x_wconf 88' lang='lat' dir='ltr'><strong>possedisti</strong></span> <span class='ocrx_word' id='word_1_51' title='bbox 1267 517 1425 557; x_wconf 89' lang='lat' dir='ltr'><strong>renes</strong></span> <span class='ocrx_word' id='word_1_52' title='bbox 1459 517 1612 558; x_wconf 80' lang='lat' dir='ltr'><strong>meos</strong></span> <span class='ocrx_word' id='word_1_53' title='bbox 1641 520 1653 555; x_wconf 93' lang='lat'><strong>:</strong></span> 
     </span>
    </p>
   </div>
   <div class='ocr_carea' id='block_1_8' title="bbox 1824 498 3400 574">
    <p class='ocr_par' dir='ltr' id='par_1_8' title="bbox 2239 498 3400 574">
     <span class='ocr_line' id='line_1_8' title="bbox 2239 498 3400 574; baseline 0.003 -21"><span class='ocrx_word' id='word_1_54' title='bbox 2239 499 2327 555; x_wconf 71' lang='grc'><strong>24.</strong></span> <span class='ocrx_word' id='word_1_55' title='bbox 2354 499 2475 552; x_wconf 83' lang='grc' dir='ltr'>Ὀτι</span> <span class='ocrx_word' id='word_1_56' title='bbox 2509 498 2571 551; x_wconf 82' lang='grc' dir='ltr'><strong>σὺ</strong></span> <span class='ocrx_word' id='word_1_57' title='bbox 2604 499 2818 569; x_wconf 77' lang='grc' dir='ltr'>ἐκτήσω</span> <span class='ocrx_word' id='word_1_58' title='bbox 2847 499 2975 563; x_wconf 79' lang='grc' dir='ltr'>τοὺς</span> <span class='ocrx_word' id='word_1_59' title='bbox 3004 501 3233 574; x_wconf 82' lang='grc' dir='ltr'>νεφρούς</span> <span class='ocrx_word' id='word_1_60' title='bbox 3267 521 3366 574; x_wconf 84' lang='grc' dir='ltr'>μου</span> <span class='ocrx_word' id='word_1_61' title='bbox 3386 520 3400 533; x_wconf 75' lang='grc'><strong><em>⁸</em></strong></span> 
     </span>
    </p>
   </div>
   <div class='ocr_carea' id='block_1_9' title="bbox 576 577 2152 666">
    <p class='ocr_par' dir='ltr' id='par_1_9' title="bbox 576 577 1819 664">
     <span class='ocr_line' id='line_1_9' title="bbox 576 577 1819 664; baseline -0.002 -15"><span class='ocrx_word' id='word_1_62' title='bbox 576 594 668 650; x_wconf 83' lang='grc'><strong>25.</strong></span> <span class='ocrx_word' id='word_1_63' title='bbox 709 577 1008 664; x_wconf 82' lang='lat' dir='ltr'><strong>Suscepisti</strong></span> <span class='ocrx_word' id='word_1_64' title='bbox 1043 609 1129 648; x_wconf 91' lang='lat' dir='ltr'><strong>me</strong></span> <span class='ocrx_word' id='word_1_65' title='bbox 1157 594 1223 647; x_wconf 91' lang='lat' dir='ltr'><strong>de</strong></span> <span class='ocrx_word' id='word_1_66' title='bbox 1255 602 1407 648; x_wconf 88' lang='lat' dir='ltr'><strong>utero</strong></span> <span class='ocrx_word' id='word_1_67' title='bbox 1441 594 1633 649; x_wconf 92' lang='lat' dir='ltr'><strong>matris</strong></span> <span class='ocrx_word' id='word_1_68' title='bbox 1667 608 1819 649; x_wconf 66' lang='lat' dir='ltr'><strong>mete.</strong></span> 
     </span>
    </p>
   </div>
   <div class='ocr_carea' id='block_1_10' title="bbox 1981 577 3557 666">
    <p class='ocr_par' dir='ltr' id='par_1_10' title="bbox 2242 589 3557 666">
     <span class='ocr_line' id='line_1_10' title="bbox 2242 589 3557 666; baseline 0.005 -23"><span class='ocrx_word' id='word_1_69' title='bbox 2242 591 2333 645; x_wconf 84' lang='lat'><strong>25.</strong></span> <span class='ocrx_word' id='word_1_70' title='bbox 2370 589 2684 644; x_wconf 80' lang='grc' dir='ltr'>’Λντελάόου</span> <span class='ocrx_word' id='word_1_71' title='bbox 2718 606 2817 660; x_wconf 88' lang='grc' dir='ltr'><strong>μου</strong></span> <span class='ocrx_word' id='word_1_72' title='bbox 2848 592 2914 646; x_wconf 81' lang='grc' dir='ltr'><strong>ἐκ</strong></span> <span class='ocrx_word' id='word_1_73' title='bbox 2936 592 3170 666; x_wconf 82' lang='grc' dir='ltr'>γαστρὸς</span> <span class='ocrx_word' id='word_1_74' title='bbox 3199 597 3402 666; x_wconf 81' lang='grc' dir='ltr'>μητρός</span> <span class='ocrx_word' id='word_1_75' title='bbox 3437 614 3557 666; x_wconf 83' lang='grc' dir='ltr'>μου.</span> 
     </span>
    </p>
   </div>
   <div class='ocr_carea' id='block_1_11' title="bbox 578 680 2154 760">
    <p class='ocr_par' dir='ltr' id='par_1_11' title="bbox 578 683 2076 754">
     <span class='ocr_line' id='line_1_11' title="bbox 578 683 2076 754; baseline -0.001 -16"><span class='ocrx_word' id='word_1_76' title='bbox 578 683 669 738; x_wconf 86' lang='grc'><strong>26.</strong></span> <span class='ocrx_word' id='word_1_77' title='bbox 712 683 1019 741; x_wconf 83' lang='lat' dir='ltr'><strong>Conﬁlcbor</strong></span> <span class='ocrx_word' id='word_1_78' title='bbox 1060 685 1196 749; x_wconf 88' lang='lat' dir='ltr'><strong>tibi,</strong></span> <span class='ocrx_word' id='word_1_79' title='bbox 1241 684 1369 754; x_wconf 88' lang='lat' dir='ltr'><strong>quia</strong></span> <span class='ocrx_word' id='word_1_80' title='bbox 1411 684 1725 739; x_wconf 74' lang='lat' dir='ltr'><strong>terribiliter</strong></span> <span class='ocrx_word' id='word_1_81' title='bbox 1763 683 2076 754; x_wconf 78' lang='lat' dir='ltr'><strong>magniﬁca—</strong></span> 
     </span>
    </p>
   </div>
   <div class='ocr_carea' id='block_1_12' title="bbox 2170 680 3746 760">
    <p class='ocr_par' dir='ltr' id='par_1_12' title="bbox 2244 680 3746 760">
     <span class='ocr_line' id='line_1_12' title="bbox 2244 680 3746 760; baseline 0.004 -25"><span class='ocrx_word' id='word_1_82' title='bbox 2244 680 2334 735; x_wconf 87' lang='grc'><strong>26.</strong></span> <span class='ocrx_word' id='word_1_83' title='bbox 2379 680 2872 753; x_wconf 82' lang='grc' dir='ltr'>Ἐξομολογήσομαί</span> <span class='ocrx_word' id='word_1_84' title='bbox 2925 701 3008 738; x_wconf 89' lang='grc' dir='ltr'><strong>σοι</strong></span> <span class='ocrx_word' id='word_1_85' title='bbox 3032 727 3048 754; x_wconf 85' lang='grc'><em>,</em></span> <span class='ocrx_word' id='word_1_86' title='bbox 3092 688 3174 739; x_wconf 85' lang='grc' dir='ltr'><strong>ὅτι</strong></span> <span class='ocrx_word' id='word_1_87' title='bbox 3218 687 3460 759; x_wconf 71' lang='grc' dir='ltr'>φοϐερῶς</span> <span class='ocrx_word' id='word_1_88' title='bbox 3505 688 3746 760; x_wconf 81' lang='grc' dir='ltr'>ἐθαυμα-</span> 
     </span>
    </p>
   </div>
   <div class='ocr_carea' id='block_1_13' title="bbox 510 771 2086 842">
    <p class='ocr_par' dir='ltr' id='par_1_13' title="bbox 510 782 723 829">
     <span class='ocr_line' id='line_1_13' title="bbox 510 782 723 829; baseline 0 -2"><span class='ocrx_word' id='word_1_89' title='bbox 510 782 598 828; x_wconf 72' lang='grc' dir='ltr'><strong>Ῑυδ</strong></span> <span class='ocrx_word' id='word_1_90' title='bbox 624 789 682 829; x_wconf 72' lang='lat' dir='ltr'><strong>BS</strong></span> <span class='ocrx_word' id='word_1_91' title='bbox 710 791 723 827; x_wconf 74' lang='grc' dir='ltr'>ζ</span> 
     </span>
    </p>
   </div>
   <div class='ocr_carea' id='block_1_14' title="bbox 829 771 2405 842">
    <p class='ocr_par' dir='ltr' id='par_1_14' title="bbox 2179 771 2405 842">
     <span class='ocr_line' id='line_1_14' title="bbox 2179 771 2405 842; baseline 0.009 -17"><span class='ocrx_word' id='word_1_92' title='bbox 2179 771 2405 842; x_wconf 82' lang='grc' dir='ltr'>στὼθης.</span> 
     </span>
    </p>
   </div>
   <div class='ocr_carea' id='block_1_15' title="bbox 573 861 2149 944">
    <p class='ocr_par' dir='ltr' id='par_1_15' title="bbox 573 861 2076 935">
     <span class='ocr_line' id='line_1_15' title="bbox 573 861 2076 935; baseline 0.001 -18"><span class='ocrx_word' id='word_1_93' title='bbox 573 862 661 917; x_wconf 91' lang='grc'><strong>27.</strong></span> <span class='ocrx_word' id='word_1_94' title='bbox 705 861 969 918; x_wconf 80' lang='lat' dir='ltr'><strong>Mirabilia</strong></span> <span class='ocrx_word' id='word_1_95' title='bbox 999 878 1165 935; x_wconf 85' lang='lat' dir='ltr'><strong>opera</strong></span> <span class='ocrx_word' id='word_1_96' title='bbox 1214 874 1330 932; x_wconf 88' lang='lat' dir='ltr'><strong>tua,</strong></span> <span class='ocrx_word' id='word_1_97' title='bbox 1361 872 1414 920; x_wconf 92' lang='lat' dir='ltr'><strong>et</strong></span> <span class='ocrx_word' id='word_1_98' title='bbox 1440 864 1617 919; x_wconf 87' lang='lat' dir='ltr'><strong>anima</strong></span> <span class='ocrx_word' id='word_1_99' title='bbox 1649 879 1765 917; x_wconf 83' lang='lat' dir='ltr'><strong>mea</strong></span> <span class='ocrx_word' id='word_1_100' title='bbox 1798 864 2076 930; x_wconf 75' lang='lat' dir='ltr'><strong>c0gnoscit</strong></span> 
     </span>
    </p>
   </div>
   <div class='ocr_carea' id='block_1_16' title="bbox 2172 861 3748 944">
    <p class='ocr_par' dir='ltr' id='par_1_16' title="bbox 2237 862 3748 944">
     <span class='ocr_line' id='line_1_16' title="bbox 2237 862 3748 944; baseline 0.007 -28"><span class='ocrx_word' id='word_1_101' title='bbox 2237 864 2323 917; x_wconf 83' lang='grc'><strong>27.</strong></span> <span class='ocrx_word' id='word_1_102' title='bbox 2355 864 2642 935; x_wconf 80' lang='grc' dir='ltr'>Θαυμάσια</span> <span class='ocrx_word' id='word_1_103' title='bbox 2681 862 2751 919; x_wconf 85' lang='grc' dir='ltr'>τὰ</span> <span class='ocrx_word' id='word_1_104' title='bbox 2789 864 2928 939; x_wconf 80' lang='grc' dir='ltr'>ἔργα</span> <span class='ocrx_word' id='word_1_105' title='bbox 2970 883 3086 934; x_wconf 87' lang='grc' dir='ltr'>σου,</span> <span class='ocrx_word' id='word_1_106' title='bbox 3122 870 3217 923; x_wconf 71' lang='grc' dir='ltr'>καὶ</span> <span class='ocrx_word' id='word_1_107' title='bbox 3269 873 3303 943; x_wconf 85' lang='grc' dir='ltr'><strong>ή</strong></span> <span class='ocrx_word' id='word_1_108' title='bbox 3340 870 3481 944; x_wconf 82' lang='grc' dir='ltr'>ψυχή</span> <span class='ocrx_word' id='word_1_109' title='bbox 3525 889 3627 942; x_wconf 79' lang='grc' dir='ltr'><strong>μου</strong></span> <span class='ocrx_word' id='word_1_110' title='bbox 3663 887 3748 941; x_wconf 79' lang='grc' dir='ltr'><strong>γι-</strong></span> 
     </span>
    </p>
   </div>
   <div class='ocr_carea' id='block_1_17' title="bbox 507 953 2083 1028">
    <p class='ocr_par' dir='ltr' id='par_1_17' title="bbox 507 954 691 1012">
     <span class='ocr_line' id='line_1_17' title="bbox 507 954 691 1012; baseline 0.016 -3"><span class='ocrx_word' id='word_1_111' title='bbox 507 954 691 1012; x_wconf 90' lang='lat' dir='ltr'><strong>nimis.</strong></span> 
     </span>
    </p>
   </div>
   <div class='ocr_carea' id='block_1_18' title="bbox 1046 953 2622 1028">
    <p class='ocr_par' dir='ltr' id='par_1_18' title="bbox 2175 953 2622 1028">
     <span class='ocr_line' id='line_1_18' title="bbox 2175 953 2622 1028; baseline -0.002 -18"><span class='ocrx_word' id='word_1_112' title='bbox 2175 953 2369 1010; x_wconf 84' lang='grc' dir='ltr'>νώσκει</span> <span class='ocrx_word' id='word_1_113' title='bbox 2403 956 2622 1028; x_wconf 71' lang='grc' dir='ltr'>σφόδρα.</span> 
     </span>
    </p>
   </div>
   <div class='ocr_carea' id='block_1_19' title="bbox 571 1043 2147 1124">
    <p class='ocr_par' dir='ltr' id='par_1_19' title="bbox 571 1043 1757 1112">
     <span class='ocr_line' id='line_1_19' title="bbox 571 1043 1757 1112; baseline 0.002 -12"><span class='ocrx_word' id='word_1_114' title='bbox 571 1045 660 1102; x_wconf 90' lang='lat'><strong>28.</strong></span> <span class='ocrx_word' id='word_1_115' title='bbox 700 1043 818 1102; x_wconf 88' lang='lat' dir='ltr'><strong>Non</strong></span> <span class='ocrx_word' id='word_1_116' title='bbox 843 1054 927 1103; x_wconf 85' lang='lat' dir='ltr'><strong>est</strong></span> <span class='ocrx_word' id='word_1_117' title='bbox 954 1050 1285 1105; x_wconf 86' lang='lat' dir='ltr'><strong>occultatum</strong></span> <span class='ocrx_word' id='word_1_118' title='bbox 1311 1065 1373 1105; x_wconf 92' lang='lat' dir='ltr'><strong>os</strong></span> <span class='ocrx_word' id='word_1_119' title='bbox 1400 1063 1581 1104; x_wconf 90' lang='lat' dir='ltr'><strong>meum</strong></span> <span class='ocrx_word' id='word_1_120' title='bbox 1624 1063 1653 1102; x_wconf 89' lang='lat' dir='ltr'><strong>a</strong></span> <span class='ocrx_word' id='word_1_121' title='bbox 1687 1058 1757 1112; x_wconf 79' lang='lat' dir='ltr'><strong>te,</strong></span> 
     </span>
    </p>
   </div>
   <div class='ocr_carea' id='block_1_20' title="bbox 1865 1043 3441 1124">
    <p class='ocr_par' dir='ltr' id='par_1_20' title="bbox 2242 1047 3441 1124">
     <span class='ocr_line' id='line_1_20' title="bbox 2242 1047 3441 1124; baseline 0.006 -24"><span class='ocrx_word' id='word_1_122' title='bbox 2242 1047 2331 1102; x_wconf 86' lang='grc'><strong>28.</strong></span> <span class='ocrx_word' id='word_1_123' title='bbox 2361 1049 2474 1100; x_wconf 83' lang='grc' dir='ltr'><strong>Οὐκ</strong></span> <span class='ocrx_word' id='word_1_124' title='bbox 2507 1047 2712 1121; x_wconf 79' lang='grc' dir='ltr'>ἐκρύϐη</span> <span class='ocrx_word' id='word_1_125' title='bbox 2741 1048 2803 1102; x_wconf 77' lang='grc' dir='ltr'><strong>τὸ</strong></span> <span class='ocrx_word' id='word_1_126' title='bbox 2830 1049 3022 1106; x_wconf 78' lang='grc' dir='ltr'>ὀστοῦν</span> <span class='ocrx_word' id='word_1_127' title='bbox 3055 1070 3157 1124; x_wconf 88' lang='grc' dir='ltr'><strong>μου</strong></span> <span class='ocrx_word' id='word_1_128' title='bbox 3189 1054 3298 1108; x_wconf 78' lang='grc' dir='ltr'><strong>ἀπὸ</strong></span> <span class='ocrx_word' id='word_1_129' title='bbox 3327 1054 3441 1118; x_wconf 72' lang='grc' dir='ltr'>σοῦ,</span> 
     </span>
    </p>
   </div>
   <div class='ocr_carea' id='block_1_21' title="bbox 569 1135 2145 1214">
    <p class='ocr_par' dir='ltr' id='par_1_21' title="bbox 569 1135 1481 1202">
     <span class='ocr_line' id='line_1_21' title="bbox 569 1135 1481 1202; baseline 0.004 -11"><span class='ocrx_word' id='word_1_130' title='bbox 569 1136 660 1191; x_wconf 89' lang='grc'><strong>29.</strong></span> <span class='ocrx_word' id='word_1_131' title='bbox 702 1135 859 1202; x_wconf 86' lang='lat' dir='ltr'><strong>Quod</strong></span> <span class='ocrx_word' id='word_1_132' title='bbox 892 1137 1068 1195; x_wconf 81' lang='lat' dir='ltr'><strong>fecisti</strong></span> <span class='ocrx_word' id='word_1_133' title='bbox 1103 1140 1157 1194; x_wconf 90' lang='lat' dir='ltr'><strong>in</strong></span> <span class='ocrx_word' id='word_1_134' title='bbox 1193 1139 1429 1201; x_wconf 89' lang='lat' dir='ltr'><strong>occulto,</strong></span> <span class='ocrx_word' id='word_1_135' title='bbox 1472 1145 1481 1155; x_wconf 82' lang='lat'>&#39;</span> 
     </span>
    </p>
   </div>
   <div class='ocr_carea' id='block_1_22' title="bbox 1482 1135 3058 1214">
    <p class='ocr_par' dir='ltr' id='par_1_22' title="bbox 2241 1138 3058 1214">
     <span class='ocr_line' id='line_1_22' title="bbox 2241 1138 3058 1214; baseline 0.022 -27"><span class='ocrx_word' id='word_1_136' title='bbox 2241 1138 2330 1193; x_wconf 78' lang='grc'><strong>29.</strong></span> <span class='ocrx_word' id='word_1_137' title='bbox 2365 1140 2427 1191; x_wconf 90' lang='grc' dir='ltr'><strong>Ὃ</strong></span> <span class='ocrx_word' id='word_1_138' title='bbox 2461 1140 2723 1210; x_wconf 80' lang='grc' dir='ltr'>ἐποίησας</span> <span class='ocrx_word' id='word_1_139' title='bbox 2752 1143 2810 1195; x_wconf 83' lang='grc' dir='ltr'>ὲν</span> <span class='ocrx_word' id='word_1_140' title='bbox 2843 1146 3058 1214; x_wconf 78' lang='grc' dir='ltr'><strong>κρυφῇ.</strong></span> 
     </span>
    </p>
   </div>
   <div class='ocr_carea' id='block_1_23' title="bbox 570 1232 2146 1312">
    <p class='ocr_par' dir='ltr' id='par_1_23' title="bbox 570 1232 1928 1290">
     <span class='ocr_line' id='line_1_23' title="bbox 570 1232 1928 1290; baseline -0.002 -2"><span class='ocrx_word' id='word_1_141' title='bbox 570 1232 662 1288; x_wconf 86' lang='grc'><strong>50.</strong></span> <span class='ocrx_word' id='word_1_142' title='bbox 700 1232 766 1288; x_wconf 85' lang='grc' dir='ltr'>Ει</span> <span class='ocrx_word' id='word_1_143' title='bbox 795 1234 1100 1290; x_wconf 85' lang='lat' dir='ltr'><strong>substantia</strong></span> <span class='ocrx_word' id='word_1_144' title='bbox 1126 1250 1239 1289; x_wconf 90' lang='lat' dir='ltr'><strong>mea</strong></span> <span class='ocrx_word' id='word_1_145' title='bbox 1264 1235 1319 1288; x_wconf 93' lang='lat' dir='ltr'><strong>in</strong></span> <span class='ocrx_word' id='word_1_146' title='bbox 1350 1232 1701 1287; x_wconf 77' lang='lat' dir='ltr'><strong>inferioribus</strong></span> <span class='ocrx_word' id='word_1_147' title='bbox 1727 1241 1885 1286; x_wconf 72' lang='lat' dir='ltr'><strong>terrae</strong></span> <span class='ocrx_word' id='word_1_148' title='bbox 1915 1248 1928 1285; x_wconf 90' lang='lat'>:</span> 
     </span>
    </p>
   </div>
   <div class='ocr_carea' id='block_1_24' title="bbox 2164 1232 3740 1312">
    <p class='ocr_par' dir='ltr' id='par_1_24' title="bbox 2243 1233 3740 1312">
     <span class='ocr_line' id='line_1_24' title="bbox 2243 1233 3740 1312; baseline 0.006 -25"><span class='ocrx_word' id='word_1_149' title='bbox 2243 1233 2448 1287; x_wconf 76' lang='grc' dir='ltr'><strong>59.Καὶ</strong></span> <span class='ocrx_word' id='word_1_150' title='bbox 2466 1236 2497 1305; x_wconf 86' lang='grc' dir='ltr'>ή</span> <span class='ocrx_word' id='word_1_151' title='bbox 2521 1235 2814 1300; x_wconf 78' lang='grc' dir='ltr'>ὑπόστασίς</span> <span class='ocrx_word' id='word_1_152' title='bbox 2837 1255 2938 1309; x_wconf 84' lang='grc' dir='ltr'><strong>μου</strong></span> <span class='ocrx_word' id='word_1_153' title='bbox 2960 1240 3016 1292; x_wconf 76' lang='grc' dir='ltr'>ἐν</span> <span class='ocrx_word' id='word_1_154' title='bbox 3034 1241 3146 1303; x_wconf 88' lang='grc' dir='ltr'>τοῖς</span> <span class='ocrx_word' id='word_1_155' title='bbox 3162 1241 3493 1304; x_wconf 73' lang='grc' dir='ltr'>κατωτάτοις</span> <span class='ocrx_word' id='word_1_156' title='bbox 3509 1241 3740 1312; x_wconf 79' lang='grc' dir='ltr'>τῆςγῆς.</span> 
     </span>
    </p>
   </div>
   <div class='ocr_carea' id='block_1_25' title="bbox 570 1320 2146 1404">
    <p class='ocr_par' dir='ltr' id='par_1_25' title="bbox 570 1320 1879 1392">
     <span class='ocr_line' id='line_1_25' title="bbox 570 1320 1879 1392; baseline -0.002 -17"><span class='ocrx_word' id='word_1_157' title='bbox 570 1322 659 1375; x_wconf 92' lang='grc'><strong>51.</strong></span> <span class='ocrx_word' id='word_1_158' title='bbox 701 1320 1080 1392; x_wconf 82' lang='lat' dir='ltr'><strong>Imperfectum</strong></span> <span class='ocrx_word' id='word_1_159' title='bbox 1118 1339 1296 1378; x_wconf 85' lang='lat' dir='ltr'><strong>meum</strong></span> <span class='ocrx_word' id='word_1_160' title='bbox 1330 1323 1580 1377; x_wconf 79' lang='lat' dir='ltr'><strong>viderunt</strong></span> <span class='ocrx_word' id='word_1_161' title='bbox 1613 1322 1754 1377; x_wconf 90' lang='lat' dir='ltr'><strong>oculi</strong></span> <span class='ocrx_word' id='word_1_162' title='bbox 1783 1321 1879 1374; x_wconf 89' lang='lat' dir='ltr'><strong>tui.</strong></span> 
     </span>
    </p>
   </div>
   <div class='ocr_carea' id='block_1_26' title="bbox 2095 1320 3671 1404">
    <p class='ocr_par' dir='ltr' id='par_1_26' title="bbox 2235 1326 3671 1404">
     <span class='ocr_line' id='line_1_26' title="bbox 2235 1326 3671 1404; baseline 0.004 -24"><span class='ocrx_word' id='word_1_163' title='bbox 2235 1326 2323 1380; x_wconf 84' lang='grc'><strong>51.</strong></span> <span class='ocrx_word' id='word_1_164' title='bbox 2352 1327 2426 1378; x_wconf 85' lang='grc' dir='ltr'>Τὸ</span> <span class='ocrx_word' id='word_1_165' title='bbox 2453 1327 2865 1401; x_wconf 77' lang='grc' dir='ltr'>ἀκατέργαστόν</span> <span class='ocrx_word' id='word_1_166' title='bbox 2895 1349 2994 1401; x_wconf 85' lang='grc' dir='ltr'><strong>μου</strong></span> <span class='ocrx_word' id='word_1_167' title='bbox 3024 1327 3161 1385; x_wconf 74' lang='grc' dir='ltr'>εἶδον</span> <span class='ocrx_word' id='word_1_168' title='bbox 3185 1334 3234 1385; x_wconf 83' lang='grc' dir='ltr'>οἱ</span> <span class='ocrx_word' id='word_1_169' title='bbox 3263 1332 3529 1404; x_wconf 81' lang='grc' dir='ltr'>ὀφθαλμοί</span> <span class='ocrx_word' id='word_1_170' title='bbox 3556 1350 3671 1387; x_wconf 83' lang='grc' dir='ltr'>σου.</span> 
     </span>
    </p>
   </div>
   <div class='ocr_carea' id='block_1_27' title="bbox 571 1409 2147 1495">
    <p class='ocr_par' dir='ltr' id='par_1_27' title="bbox 571 1409 1748 1470">
     <span class='ocr_line' id='line_1_27' title="bbox 571 1409 1748 1470; baseline -0.003 -3"><span class='ocrx_word' id='word_1_171' title='bbox 571 1409 660 1468; x_wconf 72' lang='grc'><strong>52.</strong></span> <span class='ocrx_word' id='word_1_172' title='bbox 704 1414 768 1468; x_wconf 86' lang='lat' dir='ltr'><strong>Et</strong></span> <span class='ocrx_word' id='word_1_173' title='bbox 800 1416 854 1469; x_wconf 93' lang='lat' dir='ltr'><strong>in</strong></span> <span class='ocrx_word' id='word_1_174' title='bbox 886 1415 1025 1469; x_wconf 87' lang='lat' dir='ltr'><strong>libro</strong></span> <span class='ocrx_word' id='word_1_175' title='bbox 1058 1424 1147 1469; x_wconf 91' lang='lat' dir='ltr'><strong>tuo</strong></span> <span class='ocrx_word' id='word_1_176' title='bbox 1176 1430 1365 1470; x_wconf 91' lang='lat' dir='ltr'><strong>omnes</strong></span> <span class='ocrx_word' id='word_1_177' title='bbox 1400 1416 1709 1470; x_wconf 82' lang='lat' dir='ltr'><strong>scribentur</strong></span> <span class='ocrx_word' id='word_1_178' title='bbox 1737 1430 1748 1464; x_wconf 92' lang='lat'>:</span> 
     </span>
    </p>
   </div>
   <div class='ocr_carea' id='block_1_28' title="bbox 2162 1409 3738 1495">
    <p class='ocr_par' dir='ltr' id='par_1_28' title="bbox 2240 1418 3738 1495">
     <span class='ocr_line' id='line_1_28' title="bbox 2240 1418 3738 1495; baseline 0.004 -23"><span class='ocrx_word' id='word_1_179' title='bbox 2240 1418 2327 1472; x_wconf 87' lang='grc'><strong>52.</strong></span> <span class='ocrx_word' id='word_1_180' title='bbox 2361 1419 2472 1471; x_wconf 71' lang='grc' dir='ltr'><strong>Καὶ</strong></span> <span class='ocrx_word' id='word_1_181' title='bbox 2501 1418 2593 1471; x_wconf 76' lang='grc' dir='ltr'><strong>ἐπὶ</strong></span> <span class='ocrx_word' id='word_1_182' title='bbox 2624 1418 2686 1473; x_wconf 81' lang='grc' dir='ltr'><strong>τὸ</strong></span> <span class='ocrx_word' id='word_1_183' title='bbox 2719 1419 2922 1490; x_wconf 77' lang='grc' dir='ltr'>βιϐλίον</span> <span class='ocrx_word' id='word_1_184' title='bbox 2967 1439 3060 1475; x_wconf 86' lang='grc' dir='ltr'><strong>σου</strong></span> <span class='ocrx_word' id='word_1_185' title='bbox 3102 1423 3301 1487; x_wconf 82' lang='grc' dir='ltr'>πάντες</span> <span class='ocrx_word' id='word_1_186' title='bbox 3331 1425 3738 1495; x_wconf 79' lang='grc' dir='ltr'>γραφήσονται·</span> 
     </span>
    </p>
   </div>
   <div class='ocr_carea' id='block_1_29' title="bbox 564 1504 2140 1584">
    <p class='ocr_par' dir='ltr' id='par_1_29' title="bbox 564 1504 1740 1572">
     <span class='ocr_line' id='line_1_29' title="bbox 564 1504 1740 1572; baseline 0 -13"><span class='ocrx_word' id='word_1_187' title='bbox 564 1504 654 1560; x_wconf 76' lang='grc'><strong>55.</strong></span> <span class='ocrx_word' id='word_1_188' title='bbox 698 1505 822 1561; x_wconf 90' lang='lat' dir='ltr'><strong>Dies</strong></span> <span class='ocrx_word' id='word_1_189' title='bbox 855 1506 1259 1572; x_wconf 72' lang='lat' dir='ltr'><strong>formabuntur,</strong></span> <span class='ocrx_word' id='word_1_190' title='bbox 1285 1517 1338 1562; x_wconf 93' lang='lat' dir='ltr'><strong>et</strong></span> <span class='ocrx_word' id='word_1_191' title='bbox 1365 1522 1524 1561; x_wconf 91' lang='lat' dir='ltr'><strong>nemo</strong></span> <span class='ocrx_word' id='word_1_192' title='bbox 1560 1508 1613 1560; x_wconf 92' lang='lat' dir='ltr'><strong>in</strong></span> <span class='ocrx_word' id='word_1_193' title='bbox 1642 1508 1740 1561; x_wconf 89' lang='lat' dir='ltr'><strong>cis.</strong></span> 
     </span>
    </p>
   </div>
   <div class='ocr_carea' id='block_1_30' title="bbox 2164 1504 3740 1584">
    <p class='ocr_par' dir='ltr' id='par_1_30' title="bbox 2242 1509 3740 1584">
     <span class='ocr_line' id='line_1_30' title="bbox 2242 1509 3740 1584; baseline 0.003 -20"><span class='ocrx_word' id='word_1_194' title='bbox 2242 1511 2331 1564; x_wconf 89' lang='grc'><strong>55.</strong></span> <span class='ocrx_word' id='word_1_195' title='bbox 2376 1509 2620 1582; x_wconf 83' lang='grc' dir='ltr'><strong>Ἡμέρας</strong></span> <span class='ocrx_word' id='word_1_196' title='bbox 2648 1510 3046 1584; x_wconf 82' lang='grc' dir='ltr'>πλασθήσονται</span> <span class='ocrx_word' id='word_1_197' title='bbox 3069 1552 3085 1577; x_wconf 90' lang='grc'><em>,</em></span> <span class='ocrx_word' id='word_1_198' title='bbox 3126 1516 3222 1568; x_wconf 74' lang='grc' dir='ltr'>καὶ</span> <span class='ocrx_word' id='word_1_199' title='bbox 3247 1513 3420 1578; x_wconf 73' lang='grc' dir='ltr'>οὐδεὶς</span> <span class='ocrx_word' id='word_1_200' title='bbox 3454 1517 3511 1567; x_wconf 81' lang='grc' dir='ltr'>ἐν</span> <span class='ocrx_word' id='word_1_201' title='bbox 3538 1515 3740 1577; x_wconf 77' lang='grc' dir='ltr'>αὐτοῖς.</span> 
     </span>
    </p>
   </div>
   <div class='ocr_carea' id='block_1_31' title="bbox 567 1595 2143 1725">
    <p class='ocr_par' dir='ltr' id='par_1_31' title="bbox 567 1595 2139 1725">
     <span class='ocr_line' id='line_1_31' title="bbox 567 1595 2139 1725; baseline -0.004 -73"><span class='ocrx_word' id='word_1_202' title='bbox 567 1597 656 1652; x_wconf 73' lang='grc'><strong>51.</strong></span> <span class='ocrx_word' id='word_1_203' title='bbox 696 1596 827 1652; x_wconf 84' lang='lat' dir='ltr'><strong>Mihi</strong></span> <span class='ocrx_word' id='word_1_204' title='bbox 853 1608 1034 1652; x_wconf 89' lang='lat' dir='ltr'><strong>autem</strong></span> <span class='ocrx_word' id='word_1_205' title='bbox 1063 1598 1227 1653; x_wconf 89' lang='lat' dir='ltr'><strong>nimis</strong></span> <span class='ocrx_word' id='word_1_206' title='bbox 1248 1598 1594 1652; x_wconf 77' lang='lat' dir='ltr'><strong>lionorilicati</strong></span> <span class='ocrx_word' id='word_1_207' title='bbox 1622 1604 1749 1651; x_wconf 90' lang='lat' dir='ltr'><strong>sunt</strong></span> <span class='ocrx_word' id='word_1_208' title='bbox 1774 1596 1934 1651; x_wconf 85' lang='lat' dir='ltr'><strong>amici</strong></span> <span class='ocrx_word' id='word_1_209' title='bbox 1966 1595 2063 1658; x_wconf 88' lang='lat' dir='ltr'><strong>tui,</strong></span> <span class='ocrx_word' id='word_1_210' title='bbox 2102 1672 2139 1725; x_wconf 75' lang='grc' dir='ltr'><strong>Β</strong></span> 
     </span>
    </p>
   </div>
   <div class='ocr_carea' id='block_1_32' title="bbox 2159 1595 3735 1725">
    <p class='ocr_par' dir='ltr' id='par_1_32' title="bbox 2241 1600 3735 1675">
     <span class='ocr_line' id='line_1_32' title="bbox 2241 1600 3735 1675; baseline 0.001 -20"><span class='ocrx_word' id='word_1_211' title='bbox 2241 1602 2330 1655; x_wconf 70' lang='grc'><strong>51.</strong></span> <span class='ocrx_word' id='word_1_212' title='bbox 2367 1601 2519 1672; x_wconf 76' lang='grc' dir='ltr'>Ἐμοὶ</span> <span class='ocrx_word' id='word_1_213' title='bbox 2545 1600 2601 1655; x_wconf 80' lang='grc' dir='ltr'><strong>δὲ</strong></span> <span class='ocrx_word' id='word_1_214' title='bbox 2630 1600 2749 1657; x_wconf 84' lang='grc' dir='ltr'>λίαν</span> <span class='ocrx_word' id='word_1_215' title='bbox 2770 1603 3106 1675; x_wconf 75' lang='grc' dir='ltr'><strong>ἐτιμήθησαν</strong></span> <span class='ocrx_word' id='word_1_216' title='bbox 3132 1606 3181 1657; x_wconf 91' lang='grc' dir='ltr'><strong>οί</strong></span> <span class='ocrx_word' id='word_1_217' title='bbox 3200 1603 3341 1674; x_wconf 76' lang='grc' dir='ltr'>φίλοι</span> <span class='ocrx_word' id='word_1_218' title='bbox 3370 1621 3487 1669; x_wconf 78' lang='grc' dir='ltr'>σου,</span> <span class='ocrx_word' id='word_1_219' title='bbox 3521 1605 3552 1656; x_wconf 84' lang='grc' dir='ltr'>ὁ</span> <span class='ocrx_word' id='word_1_220' title='bbox 3574 1604 3735 1667; x_wconf 72' lang='grc' dir='ltr'>Θεόςσ</span> 
     </span>
    </p>
   </div>
   <div class='ocr_carea' id='block_1_33' title="bbox 496 1688 685 1744">
    <p class='ocr_par' dir='ltr' id='par_1_33' title="bbox 496 1688 685 1744">
     <span class='ocr_line' id='line_1_33' title="bbox 496 1688 685 1744; baseline 0 -2"><span class='ocrx_word' id='word_1_221' title='bbox 496 1688 640 1744; x_wconf 90' lang='lat' dir='ltr'><strong>Deus</strong></span> <span class='ocrx_word' id='word_1_222' title='bbox 670 1705 685 1742; x_wconf 88' lang='lat'><strong>:</strong></span> 
     </span>
    </p>
   </div>
   <div class='ocr_carea' id='block_1_34' title="bbox 567 1773 2143 1849">
    <p class='ocr_par' dir='ltr' id='par_1_34' title="bbox 567 1779 1950 1849">
     <span class='ocr_line' id='line_1_34' title="bbox 567 1779 1950 1849; baseline -0.004 -14"><span class='ocrx_word' id='word_1_223' title='bbox 567 1783 655 1838; x_wconf 84' lang='grc'><strong>55.</strong></span> <span class='ocrx_word' id='word_1_224' title='bbox 693 1780 867 1837; x_wconf 82' lang='lat' dir='ltr'><strong>Nimis</strong></span> <span class='ocrx_word' id='word_1_225' title='bbox 898 1779 1233 1838; x_wconf 82' lang='lat' dir='ltr'><strong>confortatus</strong></span> <span class='ocrx_word' id='word_1_226' title='bbox 1260 1791 1343 1837; x_wconf 92' lang='lat' dir='ltr'><strong>est</strong></span> <span class='ocrx_word' id='word_1_227' title='bbox 1376 1779 1708 1849; x_wconf 83' lang='lat' dir='ltr'><strong>principatus</strong></span> <span class='ocrx_word' id='word_1_228' title='bbox 1738 1790 1950 1832; x_wconf 89' lang='lat' dir='ltr'><strong>eorum.</strong></span> 
     </span>
    </p>
   </div>
   <div class='ocr_carea' id='block_1_35' title="bbox 1906 1773 3482 1849">
    <p class='ocr_par' dir='ltr' id='par_1_35' title="bbox 1906 1773 3482 1846">
     <span class='ocr_line' id='line_1_35' title="bbox 1906 1773 3482 1846; baseline -0.001 -18"><span class='ocrx_word' id='word_1_229' title='bbox 1906 1790 1950 1830; x_wconf 70' lang='grc' dir='ltr'><strong>ι.</strong></span> <span class='ocrx_word' id='word_1_230' title='bbox 2241 1774 2329 1828; x_wconf 78' lang='grc'><strong>55.</strong></span> <span class='ocrx_word' id='word_1_231' title='bbox 2362 1774 2495 1828; x_wconf 82' lang='grc' dir='ltr'>Λίαν</span> <span class='ocrx_word' id='word_1_232' title='bbox 2526 1773 2973 1846; x_wconf 81' lang='grc' dir='ltr'>ὲκραταιώθησαν</span> <span class='ocrx_word' id='word_1_233' title='bbox 3005 1777 3062 1830; x_wconf 78' lang='grc' dir='ltr'><strong>αἱ</strong></span> <span class='ocrx_word' id='word_1_234' title='bbox 3090 1774 3254 1846; x_wconf 79' lang='grc' dir='ltr'>ἀρχαὶ</span> <span class='ocrx_word' id='word_1_235' title='bbox 3282 1773 3482 1828; x_wconf 72' lang='grc' dir='ltr'>αὐτῶν.</span> 
     </span>
    </p>
   </div>
   <div class='ocr_carea' id='block_1_36' title="bbox 1611 1926 2622 1988">
    <p class='ocr_par' dir='ltr' id='par_1_36' title="bbox 1611 1926 2622 1988">
     <span class='ocr_line' id='line_1_36' title="bbox 1611 1926 2622 1988; baseline -0.002 0"><span class='ocrx_word' id='word_1_236' title='bbox 1611 1931 1981 1988; x_wconf 73' lang='lat' dir='ltr'><strong>ATHANASII</strong></span> <span class='ocrx_word' id='word_1_237' title='bbox 2037 1926 2622 1986; x_wconf 79' lang='lat' dir='ltr'><strong>INTERPRETATIO.</strong></span> 
     </span>
    </p>
   </div>
   <div class='ocr_carea' id='block_1_37' title="bbox 562 2049 2138 2128">
    <p class='ocr_par' dir='ltr' id='par_1_37' title="bbox 562 2052 2055 2128">
     <span class='ocr_line' id='line_1_37' title="bbox 562 2052 2055 2128; baseline -0.005 -15"><span class='ocrx_word' id='word_1_238' title='bbox 562 2059 653 2113; x_wconf 86' lang='lat'><strong>22.</strong></span> <span class='ocrx_word' id='word_1_239' title='bbox 702 2056 769 2112; x_wconf 88' lang='lat' dir='ltr'><strong>Et</strong></span> <span class='ocrx_word' id='word_1_240' title='bbox 805 2072 925 2127; x_wconf 70' lang='lat' dir='ltr'><strong>qure</strong></span> <span class='ocrx_word' id='word_1_241' title='bbox 952 2057 1006 2111; x_wconf 90' lang='lat' dir='ltr'><strong>in</strong></span> <span class='ocrx_word' id='word_1_242' title='bbox 1050 2057 1288 2128; x_wconf 89' lang='lat' dir='ltr'><strong>peccatis</strong></span> <span class='ocrx_word' id='word_1_243' title='bbox 1315 2065 1538 2126; x_wconf 71' lang='lat' dir='ltr'><strong>aegrotat</strong></span> <span class='ocrx_word' id='word_1_244' title='bbox 1564 2057 1743 2108; x_wconf 82' lang='lat' dir='ltr'><strong>anima</strong></span> <span class='ocrx_word' id='word_1_245' title='bbox 1775 2052 2055 2108; x_wconf 84' lang='lat' dir='ltr'><strong>sublevata</strong></span> 
     </span>
    </p>
   </div>
   <div class='ocr_carea' id='block_1_38' title="bbox 2160 2049 3736 2128">
    <p class='ocr_par' dir='ltr' id='par_1_38' title="bbox 2226 2049 3736 2122">
     <span class='ocr_line' id='line_1_38' title="bbox 2226 2049 3736 2122; baseline 0.001 -20"><span class='ocrx_word' id='word_1_246' title='bbox 2226 2050 2315 2103; x_wconf 86' lang='grc'><strong>22.</strong></span> <span class='ocrx_word' id='word_1_247' title='bbox 2349 2050 2456 2104; x_wconf 69' lang='grc' dir='ltr'><strong>Καὶ</strong></span> <span class='ocrx_word' id='word_1_248' title='bbox 2479 2051 2512 2121; x_wconf 80' lang='grc' dir='ltr'>ἡ</span> <span class='ocrx_word' id='word_1_249' title='bbox 2539 2049 2616 2122; x_wconf 89' lang='grc'><strong>(1)</strong></span> <span class='ocrx_word' id='word_1_250' title='bbox 2647 2052 2704 2104; x_wconf 84' lang='grc' dir='ltr'>ὲν</span> <span class='ocrx_word' id='word_1_251' title='bbox 2752 2050 3047 2122; x_wconf 83' lang='grc' dir='ltr'><strong>ἁμαρτίαις</strong></span> <span class='ocrx_word' id='word_1_252' title='bbox 3093 2049 3416 2104; x_wconf 81' lang='grc' dir='ltr'>ὲπινοσοῦσα</span> <span class='ocrx_word' id='word_1_253' title='bbox 3458 2049 3631 2122; x_wconf 72' lang='grc' dir='ltr'><strong>ψυχὴ,</strong></span> <span class='ocrx_word' id='word_1_254' title='bbox 3674 2051 3736 2104; x_wconf 66' lang='grc' dir='ltr'><strong>δν</strong></span> 
     </span>
    </p>
   </div>
   <div class='ocr_carea' id='block_1_39' title="bbox 493 2140 2069 2219">
    <p class='ocr_par' dir='ltr' id='par_1_39' title="bbox 493 2145 2060 2219">
     <span class='ocr_line' id='line_1_39' title="bbox 493 2145 2060 2219; baseline -0.004 -14"><span class='ocrx_word' id='word_1_255' title='bbox 493 2151 547 2205; x_wconf 90' lang='lat' dir='ltr'><strong>in</strong></span> <span class='ocrx_word' id='word_1_256' title='bbox 575 2151 866 2219; x_wconf 77' lang='lat' dir='ltr'><strong>baptismo,</strong></span> <span class='ocrx_word' id='word_1_257' title='bbox 890 2149 1056 2204; x_wconf 81' lang='lat' dir='ltr'><strong>veluti</strong></span> <span class='ocrx_word' id='word_1_258' title='bbox 1104 2150 1220 2204; x_wconf 90' lang='lat' dir='ltr'><strong>dies</strong></span> <span class='ocrx_word' id='word_1_259' title='bbox 1250 2148 1664 2211; x_wconf 89' lang='lat' dir='ltr'><strong>illuminabitur,</strong></span> <span class='ocrx_word' id='word_1_260' title='bbox 1697 2145 1973 2201; x_wconf 81' lang='lat' dir='ltr'><strong>exoriente</strong></span> <span class='ocrx_word' id='word_1_261' title='bbox 2007 2154 2060 2199; x_wconf 89' lang='lat' dir='ltr'><strong>te</strong></span> 
     </span>
    </p>
   </div>
   <div class='ocr_carea' id='block_1_40' title="bbox 2160 2140 3736 2219">
    <p class='ocr_par' dir='ltr' id='par_1_40' title="bbox 2160 2140 3736 2213">
     <span class='ocr_line' id='line_1_40' title="bbox 2160 2140 3736 2213; baseline 0.001 -19"><span class='ocrx_word' id='word_1_262' title='bbox 2160 2140 2444 2212; x_wconf 78' lang='grc' dir='ltr'>εγερθεῖσα</span> <span class='ocrx_word' id='word_1_263' title='bbox 2463 2142 2521 2194; x_wconf 82' lang='grc' dir='ltr'><strong>ἐν</strong></span> <span class='ocrx_word' id='word_1_264' title='bbox 2537 2141 2615 2211; x_wconf 84' lang='grc' dir='ltr'><strong>τῷ</strong></span> <span class='ocrx_word' id='word_1_265' title='bbox 2641 2141 2995 2213; x_wconf 82' lang='grc' dir='ltr'><strong>βαπτίσματι,</strong></span> <span class='ocrx_word' id='word_1_266' title='bbox 3019 2142 3098 2205; x_wconf 88' lang='grc' dir='ltr'>ὡς</span> <span class='ocrx_word' id='word_1_267' title='bbox 3117 2142 3298 2212; x_wconf 77' lang='grc' dir='ltr'>ἡμέρα</span> <span class='ocrx_word' id='word_1_268' title='bbox 3317 2142 3736 2213; x_wconf 76' lang='grc' dir='ltr'>φωτισθήσεται,</span> 
     </span>
    </p>
   </div>
   <div class='ocr_carea' id='block_1_41' title="bbox 491 2233 2067 2309">
    <p class='ocr_par' dir='ltr' id='par_1_41' title="bbox 491 2240 715 2309">
     <span class='ocr_line' id='line_1_41' title="bbox 491 2240 715 2309; baseline 0 -16"><span class='ocrx_word' id='word_1_269' title='bbox 491 2242 546 2293; x_wconf 90' lang='lat' dir='ltr'><strong>in</strong></span> <span class='ocrx_word' id='word_1_270' title='bbox 577 2240 715 2309; x_wconf 88' lang='lat' dir='ltr'><strong>ipsa.</strong></span> 
     </span>
    </p>
   </div>
   <div class='ocr_carea' id='block_1_42' title="bbox 1363 2233 2939 2309">
    <p class='ocr_par' dir='ltr' id='par_1_42' title="bbox 2159 2233 2939 2305">
     <span class='ocr_line' id='line_1_42' title="bbox 2159 2233 2939 2305; baseline 0 -18"><span class='ocrx_word' id='word_1_271' title='bbox 2159 2233 2538 2297; x_wconf 75' lang='grc' dir='ltr'>ἀνατείλαντός</span> <span class='ocrx_word' id='word_1_272' title='bbox 2568 2250 2661 2286; x_wconf 85' lang='grc' dir='ltr'><strong>σου</strong></span> <span class='ocrx_word' id='word_1_273' title='bbox 2693 2236 2750 2287; x_wconf 74' lang='grc' dir='ltr'>ἐν</span> <span class='ocrx_word' id='word_1_274' title='bbox 2780 2235 2939 2305; x_wconf 78' lang='grc' dir='ltr'>αὐτῇ.</span> 
     </span>
    </p>
   </div>
   <div class='ocr_carea' id='block_1_43' title="bbox 561 2321 2137 2395">
    <p class='ocr_par' dir='ltr' id='par_1_43' title="bbox 561 2325 2057 2390">
     <span class='ocr_line' id='line_1_43' title="bbox 561 2325 2057 2390; baseline -0.006 -3"><span class='ocrx_word' id='word_1_275' title='bbox 561 2332 753 2390; x_wconf 84' lang='lat' dir='ltr'><strong>25.1ta</strong></span> <span class='ocrx_word' id='word_1_276' title='bbox 785 2333 929 2387; x_wconf 88' lang='lat' dir='ltr'><strong>enim</strong></span> <span class='ocrx_word' id='word_1_277' title='bbox 954 2332 1134 2387; x_wconf 88' lang='lat' dir='ltr'><strong>omnis</strong></span> <span class='ocrx_word' id='word_1_278' title='bbox 1168 2331 1348 2385; x_wconf 90' lang='lat' dir='ltr'><strong>anima</strong></span> <span class='ocrx_word' id='word_1_279' title='bbox 1379 2328 1682 2383; x_wconf 90' lang='lat' dir='ltr'><strong>illuminata</strong></span> <span class='ocrx_word' id='word_1_280' title='bbox 1716 2342 1745 2380; x_wconf 91' lang='lat' dir='ltr'><strong>a</strong></span> <span class='ocrx_word' id='word_1_281' title='bbox 1780 2335 1853 2390; x_wconf 85' lang='lat' dir='ltr'><strong>te,</strong></span> <span class='ocrx_word' id='word_1_282' title='bbox 1876 2325 2057 2380; x_wconf 89' lang='lat' dir='ltr'><strong>imita-</strong></span> 
     </span>
    </p>
   </div>
   <div class='ocr_carea' id='block_1_44' title="bbox 2160 2321 3736 2395">
    <p class='ocr_par' dir='ltr' id='par_1_44' title="bbox 2228 2321 3736 2395">
     <span class='ocr_line' id='line_1_44' title="bbox 2228 2321 3736 2395; baseline -0.001 -18"><span class='ocrx_word' id='word_1_283' title='bbox 2228 2324 2318 2377; x_wconf 85' lang='grc'><strong>25.</strong></span> <span class='ocrx_word' id='word_1_284' title='bbox 2362 2322 2548 2387; x_wconf 74' lang='grc' dir='ltr'>Οὕτως</span> <span class='ocrx_word' id='word_1_285' title='bbox 2597 2321 2675 2395; x_wconf 89' lang='grc'><strong>(2)</strong></span> <span class='ocrx_word' id='word_1_286' title='bbox 2740 2321 2850 2394; x_wconf 85' lang='grc' dir='ltr'><strong>γὰρ</strong></span> <span class='ocrx_word' id='word_1_287' title='bbox 2898 2325 3141 2394; x_wconf 82' lang='grc' dir='ltr'><strong>μιμεῖται</strong></span> <span class='ocrx_word' id='word_1_288' title='bbox 3188 2323 3246 2377; x_wconf 81' lang='grc' dir='ltr'><strong>ἐν</strong></span> <span class='ocrx_word' id='word_1_289' title='bbox 3293 2322 3372 2394; x_wconf 76' lang='grc' dir='ltr'>τῷ</span> <span class='ocrx_word' id='word_1_290' title='bbox 3406 2322 3736 2395; x_wconf 75' lang='grc' dir='ltr'><strong>βαπτίσματι</strong></span> 
     </span>
    </p>
   </div>
   <div class='ocr_carea' id='block_1_45' title="bbox 490 2414 2066 2497">
    <p class='ocr_par' dir='ltr' id='par_1_45' title="bbox 490 2418 2052 2497">
     <span class='ocr_line' id='line_1_45' title="bbox 490 2418 2052 2497; baseline -0.007 -15"><span class='ocrx_word' id='word_1_291' title='bbox 490 2440 576 2482; x_wconf 89' lang='lat' dir='ltr'><strong>tur</strong></span> <span class='ocrx_word' id='word_1_292' title='bbox 607 2430 661 2483; x_wconf 91' lang='lat' dir='ltr'><strong>in</strong></span> <span class='ocrx_word' id='word_1_293' title='bbox 682 2427 954 2497; x_wconf 86' lang='lat' dir='ltr'><strong>baptismo</strong></span> <span class='ocrx_word' id='word_1_294' title='bbox 983 2427 1224 2480; x_wconf 87' lang='lat' dir='ltr'><strong>triduum</strong></span> <span class='ocrx_word' id='word_1_295' title='bbox 1248 2423 1438 2478; x_wconf 92' lang='lat' dir='ltr'><strong>mortis</strong></span> <span class='ocrx_word' id='word_1_296' title='bbox 1462 2431 1566 2476; x_wconf 68' lang='lat' dir='ltr'><strong>tuae</strong></span> <span class='ocrx_word' id='word_1_297' title='bbox 1612 2428 1667 2474; x_wconf 92' lang='lat' dir='ltr'><strong>ct</strong></span> <span class='ocrx_word' id='word_1_298' title='bbox 1698 2418 2052 2474; x_wconf 89' lang='lat' dir='ltr'><strong>resurrectio-</strong></span> 
     </span>
    </p>
   </div>
   <div class='ocr_carea' id='block_1_46' title="bbox 2158 2414 3734 2497">
    <p class='ocr_par' dir='ltr' id='par_1_46' title="bbox 2161 2414 3734 2488">
     <span class='ocr_line' id='line_1_46' title="bbox 2161 2414 3734 2488; baseline -0.001 -18"><span class='ocrx_word' id='word_1_299' title='bbox 2161 2418 2311 2470; x_wconf 81' lang='grc' dir='ltr'>πᾶσα</span> <span class='ocrx_word' id='word_1_300' title='bbox 2353 2415 2499 2488; x_wconf 77' lang='grc' dir='ltr'>ψυχὴ</span> <span class='ocrx_word' id='word_1_301' title='bbox 2542 2414 2885 2487; x_wconf 78' lang='grc' dir='ltr'>φωτιζομένη</span> <span class='ocrx_word' id='word_1_302' title='bbox 2914 2415 3018 2469; x_wconf 84' lang='grc' dir='ltr'>ὑπὸ</span> <span class='ocrx_word' id='word_1_303' title='bbox 3047 2415 3137 2470; x_wconf 80' lang='grc' dir='ltr'>σοῦ</span> <span class='ocrx_word' id='word_1_304' title='bbox 3165 2416 3266 2488; x_wconf 75' lang='grc' dir='ltr'>τὴν</span> <span class='ocrx_word' id='word_1_305' title='bbox 3306 2418 3611 2488; x_wconf 82' lang='grc' dir='ltr'>τριήμερον</span> <span class='ocrx_word' id='word_1_306' title='bbox 3648 2415 3734 2469; x_wconf 72' lang='grc' dir='ltr'>τοῦ</span> 
     </span>
    </p>
   </div>
   <div class='ocr_carea' id='block_1_47' title="bbox 487 2507 2063 2588">
    <p class='ocr_par' dir='ltr' id='par_1_47' title="bbox 487 2518 1245 2588">
     <span class='ocr_line' id='line_1_47' title="bbox 487 2518 1245 2588; baseline -0.008 -13"><span class='ocrx_word' id='word_1_307' title='bbox 487 2521 596 2583; x_wconf 87' lang='lat' dir='ltr'><strong>nis,</strong></span> <span class='ocrx_word' id='word_1_308' title='bbox 623 2530 837 2576; x_wconf 90' lang='lat' dir='ltr'><strong>noctem</strong></span> <span class='ocrx_word' id='word_1_309' title='bbox 885 2528 1049 2588; x_wconf 84' lang='lat' dir='ltr'><strong>atque</strong></span> <span class='ocrx_word' id='word_1_310' title='bbox 1080 2518 1245 2571; x_wconf 88' lang='lat' dir='ltr'><strong>diem.</strong></span> 
     </span>
    </p>
   </div>
   <div class='ocr_carea' id='block_1_48' title="bbox 2156 2507 3732 2588">
    <p class='ocr_par' dir='ltr' id='par_1_48' title="bbox 2160 2507 3732 2580">
     <span class='ocr_line' id='line_1_48' title="bbox 2160 2507 3732 2580; baseline 0 -20"><span class='ocrx_word' id='word_1_311' title='bbox 2160 2507 2393 2562; x_wconf 78' lang='grc' dir='ltr'>θανάτου</span> <span class='ocrx_word' id='word_1_312' title='bbox 2428 2525 2521 2562; x_wconf 85' lang='grc' dir='ltr'><strong>σου</strong></span> <span class='ocrx_word' id='word_1_313' title='bbox 2556 2508 2650 2562; x_wconf 78' lang='grc' dir='ltr'><strong>καὶ</strong></span> <span class='ocrx_word' id='word_1_314' title='bbox 2679 2507 2778 2578; x_wconf 77' lang='grc' dir='ltr'>τῆς</span> <span class='ocrx_word' id='word_1_315' title='bbox 2807 2508 3154 2571; x_wconf 81' lang='grc' dir='ltr'><strong>ἀναστάσεως</strong></span> <span class='ocrx_word' id='word_1_316' title='bbox 3180 2507 3349 2561; x_wconf 81' lang='grc' dir='ltr'>νύκτα</span> <span class='ocrx_word' id='word_1_317' title='bbox 3378 2509 3473 2561; x_wconf 75' lang='grc' dir='ltr'><strong>καὶ</strong></span> <span class='ocrx_word' id='word_1_318' title='bbox 3502 2508 3732 2580; x_wconf 78' lang='grc' dir='ltr'>ἡμέραν.</span> 
     </span>
    </p>
   </div>
   <div class='ocr_carea' id='block_1_49' title="bbox 556 2599 2132 2677">
    <p class='ocr_par' dir='ltr' id='par_1_49' title="bbox 556 2602 2130 2677">
     <span class='ocr_line' id='line_1_49' title="bbox 556 2602 2130 2677; baseline -0.006 -12"><span class='ocrx_word' id='word_1_319' title='bbox 556 2611 647 2665; x_wconf 79' lang='grc'><strong>21.</strong></span> <span class='ocrx_word' id='word_1_320' title='bbox 704 2610 840 2677; x_wconf 86' lang='lat' dir='ltr'><strong>Quia</strong></span> <span class='ocrx_word' id='word_1_321' title='bbox 880 2619 937 2665; x_wconf 91' lang='lat' dir='ltr'><strong>tu</strong></span> <span class='ocrx_word' id='word_1_322' title='bbox 990 2607 1266 2664; x_wconf 85' lang='lat' dir='ltr'><strong>redemisti</strong></span> <span class='ocrx_word' id='word_1_323' title='bbox 1307 2621 1523 2661; x_wconf 85' lang='lat' dir='ltr'><strong>omnem</strong></span> <span class='ocrx_word' id='word_1_324' title='bbox 1573 2619 1749 2660; x_wconf 83' lang='lat' dir='ltr'><strong>meam</strong></span> <span class='ocrx_word' id='word_1_325' title='bbox 1794 2602 2052 2657; x_wconf 78' lang='lat' dir='ltr'><strong>virtutem</strong></span> <span class='ocrx_word' id='word_1_326' title='bbox 2094 2669 2130 2677; x_wconf 79' lang='lat'>_</span> 
     </span>
    </p>
   </div>
   <div class='ocr_carea' id='block_1_50' title="bbox 2159 2599 3735 2677">
    <p class='ocr_par' dir='ltr' id='par_1_50' title="bbox 2229 2599 3735 2672">
     <span class='ocr_line' id='line_1_50' title="bbox 2229 2599 3735 2672; baseline -0.003 -16"><span class='ocrx_word' id='word_1_327' title='bbox 2229 2599 2322 2656; x_wconf 74' lang='grc'><strong>24.</strong></span> <span class='ocrx_word' id='word_1_328' title='bbox 2364 2599 2490 2654; x_wconf 80' lang='grc' dir='ltr'>Ὅτι</span> <span class='ocrx_word' id='word_1_329' title='bbox 2541 2601 2605 2654; x_wconf 81' lang='grc' dir='ltr'><strong>σὺ</strong></span> <span class='ocrx_word' id='word_1_330' title='bbox 2665 2599 3005 2672; x_wconf 81' lang='grc' dir='ltr'>ὲξηγόρασας</span> <span class='ocrx_word' id='word_1_331' title='bbox 3055 2603 3235 2655; x_wconf 83' lang='grc' dir='ltr'>πᾶσαν</span> <span class='ocrx_word' id='word_1_332' title='bbox 3278 2600 3379 2671; x_wconf 83' lang='grc' dir='ltr'>τὴν</span> <span class='ocrx_word' id='word_1_333' title='bbox 3434 2600 3593 2671; x_wconf 82' lang='grc' dir='ltr'>ἰσχύν</span> <span class='ocrx_word' id='word_1_334' title='bbox 3640 2617 3735 2671; x_wconf 80' lang='grc' dir='ltr'>μου</span> 
     </span>
    </p>
   </div>
   <div class='ocr_carea' id='block_1_51' title="bbox 487 2669 2063 2772">
    <p class='ocr_par' dir='ltr' id='par_1_51' title="bbox 487 2701 1169 2772">
     <span class='ocr_line' id='line_1_51' title="bbox 487 2701 1169 2772; baseline 0.001 -17"><span class='ocrx_word' id='word_1_335' title='bbox 487 2703 726 2772; x_wconf 89' lang='lat' dir='ltr'><strong>pretioso</strong></span> <span class='ocrx_word' id='word_1_336' title='bbox 758 2711 851 2756; x_wconf 91' lang='lat' dir='ltr'><strong>tuo</strong></span> <span class='ocrx_word' id='word_1_337' title='bbox 885 2701 1169 2772; x_wconf 83' lang='lat' dir='ltr'><strong>sanguine.</strong></span> 
     </span>
    </p>
   </div>
   <div class='ocr_carea' id='block_1_52' title="bbox 1860 2669 3436 2772">
    <p class='ocr_par' dir='ltr' id='par_1_52' title="bbox 2082 2669 3436 2768">
     <span class='ocr_line' id='line_1_52' title="bbox 2082 2669 3436 2768; baseline -0.003 -18"><span class='ocrx_word' id='word_1_338' title='bbox 2082 2669 2130 2731; x_wconf 62' lang='grc' dir='ltr'><em>α</em></span> <span class='ocrx_word' id='word_1_339' title='bbox 2157 2692 2238 2768; x_wconf 80' lang='grc' dir='ltr'>τῷ</span> <span class='ocrx_word' id='word_1_340' title='bbox 2269 2694 2347 2767; x_wconf 86' lang='grc'><strong>(5)</strong></span> <span class='ocrx_word' id='word_1_341' title='bbox 2372 2693 2537 2765; x_wconf 82' lang='grc' dir='ltr'>τιμίῳ</span> <span class='ocrx_word' id='word_1_342' title='bbox 2569 2704 2661 2747; x_wconf 76' lang='grc' dir='ltr'><strong>σου</strong></span> <span class='ocrx_word' id='word_1_343' title='bbox 2691 2669 2903 2764; x_wconf 75' lang='grc' dir='ltr'>αἵματι.</span> <span class='ocrx_word' id='word_1_344' title='bbox 3335 2669 3345 2671; x_wconf 18' lang='lat'><em>7</em></span> <span class='ocrx_word' id='word_1_345' title='bbox 3432 2744 3436 2751; x_wconf 84' lang='grc'>,</span> 
     </span>
    </p>
   </div>
   <div class='ocr_carea' id='block_1_53' title="bbox 558 2780 2134 2857">
    <p class='ocr_par' dir='ltr' id='par_1_53' title="bbox 558 2780 2059 2857">
     <span class='ocr_line' id='line_1_53' title="bbox 558 2780 2059 2857; baseline -0.003 -16"><span class='ocrx_word' id='word_1_346' title='bbox 558 2786 650 2841; x_wconf 83' lang='lat'><strong>25.</strong></span> <span class='ocrx_word' id='word_1_347' title='bbox 677 2787 991 2857; x_wconf 78' lang='lat' dir='ltr'><strong>Adjutorem</strong></span> <span class='ocrx_word' id='word_1_348' title='bbox 1026 2788 1157 2842; x_wconf 91' lang='lat' dir='ltr'><strong>mihi</strong></span> <span class='ocrx_word' id='word_1_349' title='bbox 1189 2786 1382 2842; x_wconf 90' lang='lat' dir='ltr'><strong>dedisti</strong></span> <span class='ocrx_word' id='word_1_350' title='bbox 1412 2789 1598 2842; x_wconf 85' lang='lat' dir='ltr'><strong>statim</strong></span> <span class='ocrx_word' id='word_1_351' title='bbox 1625 2801 1655 2841; x_wconf 85' lang='lat' dir='ltr'><strong>a</strong></span> <span class='ocrx_word' id='word_1_352' title='bbox 1682 2785 1903 2839; x_wconf 86' lang='lat' dir='ltr'><strong>lavacro</strong></span> <span class='ocrx_word' id='word_1_353' title='bbox 1934 2780 2059 2854; x_wconf 89' lang='lat' dir='ltr'><strong>Spi-</strong></span> 
     </span>
    </p>
   </div>
   <div class='ocr_carea' id='block_1_54' title="bbox 2156 2780 3732 2857">
    <p class='ocr_par' dir='ltr' id='par_1_54' title="bbox 2228 2783 3732 2857">
     <span class='ocr_line' id='line_1_54' title="bbox 2228 2783 3732 2857; baseline -0.002 -16"><span class='ocrx_word' id='word_1_354' title='bbox 2228 2785 2318 2842; x_wconf 82' lang='lat'><strong>25.</strong></span> <span class='ocrx_word' id='word_1_355' title='bbox 2354 2786 2555 2857; x_wconf 85' lang='grc' dir='ltr'>Βοηθόν</span> <span class='ocrx_word' id='word_1_356' title='bbox 2583 2787 2659 2857; x_wconf 69' lang='grc'><strong>(4)</strong></span> <span class='ocrx_word' id='word_1_357' title='bbox 2699 2801 2789 2857; x_wconf 81' lang='grc' dir='ltr'><strong>μοι</strong></span> <span class='ocrx_word' id='word_1_358' title='bbox 2828 2785 3068 2849; x_wconf 80' lang='grc' dir='ltr'>δέδωκας</span> <span class='ocrx_word' id='word_1_359' title='bbox 3118 2783 3316 2848; x_wconf 75' lang='grc' dir='ltr'>εὐθέως</span> <span class='ocrx_word' id='word_1_360' title='bbox 3349 2784 3459 2838; x_wconf 81' lang='grc' dir='ltr'><strong>ἀπὸ</strong></span> <span class='ocrx_word' id='word_1_361' title='bbox 3518 2784 3622 2854; x_wconf 84' lang='grc' dir='ltr'>τῆς</span> <span class='ocrx_word' id='word_1_362' title='bbox 3650 2802 3732 2838; x_wconf 77' lang='grc' dir='ltr'><strong>κο-</strong></span> 
     </span>
    </p>
   </div>
   <div class='ocr_carea' id='block_1_55' title="bbox 484 2876 2060 2951">
    <p class='ocr_par' dir='ltr' id='par_1_55' title="bbox 484 2881 1138 2935">
     <span class='ocr_line' id='line_1_55' title="bbox 484 2881 1138 2935; baseline 0.003 -2"><span class='ocrx_word' id='word_1_363' title='bbox 484 2881 649 2934; x_wconf 89' lang='lat' dir='ltr'><strong>ritum</strong></span> <span class='ocrx_word' id='word_1_364' title='bbox 684 2891 931 2935; x_wconf 78' lang='lat' dir='ltr'><strong>sanctum</strong></span> <span class='ocrx_word' id='word_1_365' title='bbox 964 2891 1138 2935; x_wconf 90' lang='lat' dir='ltr'><strong>tuum.</strong></span> 
     </span>
    </p>
   </div>
   <div class='ocr_carea' id='block_1_56' title="bbox 1627 2876 3203 2951">
    <p class='ocr_par' dir='ltr' id='par_1_56' title="bbox 2158 2876 3203 2951">
     <span class='ocr_line' id='line_1_56' title="bbox 2158 2876 3203 2951; baseline -0.005 -18"><span class='ocrx_word' id='word_1_366' title='bbox 2158 2876 2373 2951; x_wconf 71' lang='grc' dir='ltr'><strong>λυμὸήθ</strong></span> <span class='ocrx_word' id='word_1_367' title='bbox 2384 2896 2480 2951; x_wconf 85' lang='grc' dir='ltr'><strong>ρας</strong></span> <span class='ocrx_word' id='word_1_368' title='bbox 2500 2879 2560 2931; x_wconf 85' lang='grc' dir='ltr'><strong>τὸ</strong></span> <span class='ocrx_word' id='word_1_369' title='bbox 2579 2878 2720 2932; x_wconf 80' lang='grc' dir='ltr'><strong>Πνεῦ</strong></span> <span class='ocrx_word' id='word_1_370' title='bbox 2728 2878 2805 2949; x_wconf 84' lang='grc' dir='ltr'>μά</span> <span class='ocrx_word' id='word_1_371' title='bbox 2830 2895 2923 2932; x_wconf 84' lang='grc' dir='ltr'><strong>σου</strong></span> <span class='ocrx_word' id='word_1_372' title='bbox 2946 2877 3006 2931; x_wconf 84' lang='grc' dir='ltr'><strong>τὸ</strong></span> <span class='ocrx_word' id='word_1_373' title='bbox 3035 2877 3203 2947; x_wconf 83' lang='grc' dir='ltr'>ἆγιον.</span> 
     </span>
    </p>
   </div>
   <div class='ocr_carea' id='block_1_57' title="bbox 551 2967 2127 3044">
    <p class='ocr_par' dir='ltr' id='par_1_57' title="bbox 551 2970 2056 3044">
     <span class='ocr_line' id='line_1_57' title="bbox 551 2970 2056 3044; baseline 0 -18"><span class='ocrx_word' id='word_1_374' title='bbox 551 2971 642 3028; x_wconf 86' lang='grc'><strong>26.</strong></span> <span class='ocrx_word' id='word_1_375' title='bbox 680 2972 912 3029; x_wconf 87' lang='lat' dir='ltr'><strong>Tradam</strong></span> <span class='ocrx_word' id='word_1_376' title='bbox 948 2984 1119 3029; x_wconf 88' lang='lat' dir='ltr'><strong>totum</strong></span> <span class='ocrx_word' id='word_1_377' title='bbox 1150 2988 1237 3029; x_wconf 88' lang='lat' dir='ltr'><strong>me</strong></span> <span class='ocrx_word' id='word_1_378' title='bbox 1265 2974 1443 3044; x_wconf 88' lang='lat' dir='ltr'><strong>ipsum</strong></span> <span class='ocrx_word' id='word_1_379' title='bbox 1476 2972 1608 3040; x_wconf 88' lang='lat' dir='ltr'><strong>tibi,</strong></span> <span class='ocrx_word' id='word_1_380' title='bbox 1635 2972 1759 3043; x_wconf 88' lang='lat' dir='ltr'><strong>quia</strong></span> <span class='ocrx_word' id='word_1_381' title='bbox 1786 2970 2056 3027; x_wconf 82' lang='lat' dir='ltr'><strong>excellen-</strong></span> 
     </span>
    </p>
   </div>
   <div class='ocr_carea' id='block_1_58' title="bbox 2155 2967 3731 3044">
    <p class='ocr_par' dir='ltr' id='par_1_58' title="bbox 2228 2967 3731 3041">
     <span class='ocr_line' id='line_1_58' title="bbox 2228 2967 3731 3041; baseline -0.002 -17"><span class='ocrx_word' id='word_1_382' title='bbox 2228 2970 2319 3024; x_wconf 89' lang='lat'><strong>26.</strong></span> <span class='ocrx_word' id='word_1_383' title='bbox 2358 2967 2611 3023; x_wconf 82' lang='grc' dir='ltr'>Ἐκδώσω</span> <span class='ocrx_word' id='word_1_384' title='bbox 2638 2986 2720 3024; x_wconf 86' lang='grc' dir='ltr'><strong>σοι</strong></span> <span class='ocrx_word' id='word_1_385' title='bbox 2746 2969 2867 3023; x_wconf 85' lang='grc' dir='ltr'><strong>ὅλον</strong></span> <span class='ocrx_word' id='word_1_386' title='bbox 2899 2969 3156 3040; x_wconf 80' lang='grc' dir='ltr'>ἐμαυτὸν,</span> <span class='ocrx_word' id='word_1_387' title='bbox 3186 2971 3266 3023; x_wconf 81' lang='grc' dir='ltr'>ὅτι</span> <span class='ocrx_word' id='word_1_388' title='bbox 3290 2968 3731 3041; x_wconf 76' lang='grc' dir='ltr'>ὑπερϐαλλόντως</span> 
     </span>
    </p>
   </div>
   <div class='ocr_carea' id='block_1_59' title="bbox 482 3061 2058 3133">
    <p class='ocr_par' dir='ltr' id='par_1_59' title="bbox 482 3062 1045 3133">
     <span class='ocr_line' id='line_1_59' title="bbox 482 3062 1045 3133; baseline 0.004 -16"><span class='ocrx_word' id='word_1_389' title='bbox 482 3068 564 3117; x_wconf 85' lang='lat' dir='ltr'><strong>ter</strong></span> <span class='ocrx_word' id='word_1_390' title='bbox 595 3062 931 3133; x_wconf 82' lang='lat' dir='ltr'><strong>gloriﬁcatus</strong></span> <span class='ocrx_word' id='word_1_391' title='bbox 964 3079 1045 3119; x_wconf 94' lang='lat' dir='ltr'><strong>es.</strong></span> 
     </span>
    </p>
   </div>
   <div class='ocr_carea' id='block_1_60' title="bbox 886 3061 2462 3133">
    <p class='ocr_par' dir='ltr' id='par_1_60' title="bbox 886 3061 2462 3126">
     <span class='ocr_line' id='line_1_60' title="bbox 886 3061 2462 3126; baseline 0.001 -11"><span class='ocrx_word' id='word_1_392' title='bbox 886 3079 931 3118; x_wconf 85' lang='lat' dir='ltr'><strong>ts</strong></span> <span class='ocrx_word' id='word_1_393' title='bbox 964 3079 1045 3119; x_wconf 89' lang='lat' dir='ltr'><strong>es.</strong></span> <span class='ocrx_word' id='word_1_394' title='bbox 2157 3061 2462 3126; x_wconf 78' lang='grc' dir='ltr'>δεδόξασαι.</span> 
     </span>
    </p>
   </div>
   <div class='ocr_carea' id='block_1_61' title="bbox 550 3148 2126 3225">
    <p class='ocr_par' dir='ltr' id='par_1_61' title="bbox 550 3153 2054 3225">
     <span class='ocr_line' id='line_1_61' title="bbox 550 3153 2054 3225; baseline -0.003 -16"><span class='ocrx_word' id='word_1_395' title='bbox 550 3153 639 3209; x_wconf 88' lang='lat'><strong>27.</strong></span> <span class='ocrx_word' id='word_1_396' title='bbox 672 3154 1065 3210; x_wconf 87' lang='lat' dir='ltr'><strong>Admirationis</strong></span> <span class='ocrx_word' id='word_1_397' title='bbox 1113 3155 1287 3225; x_wconf 72' lang='lat' dir='ltr'><strong>plenae</strong></span> <span class='ocrx_word' id='word_1_398' title='bbox 1336 3162 1467 3209; x_wconf 91' lang='lat' dir='ltr'><strong>sunt</strong></span> <span class='ocrx_word' id='word_1_399' title='bbox 1498 3154 1785 3222; x_wconf 86' lang='lat' dir='ltr'><strong>passiones</strong></span> <span class='ocrx_word' id='word_1_400' title='bbox 1822 3159 1965 3216; x_wconf 65' lang='lat' dir='ltr'><strong>tute,</strong></span> <span class='ocrx_word' id='word_1_401' title='bbox 2001 3157 2054 3205; x_wconf 94' lang='lat' dir='ltr'><strong>et</strong></span> 
     </span>
    </p>
   </div>
   <div class='ocr_carea' id='block_1_62' title="bbox 2154 3148 3730 3225">
    <p class='ocr_par' dir='ltr' id='par_1_62' title="bbox 2225 3148 3730 3225">
     <span class='ocr_line' id='line_1_62' title="bbox 2225 3148 3730 3225; baseline -0.004 -16"><span class='ocrx_word' id='word_1_402' title='bbox 2225 3153 2674 3225; x_wconf 82' lang='grc' dir='ltr'><strong>27.Ἐκπλήξεως</strong></span> <span class='ocrx_word' id='word_1_403' title='bbox 2713 3152 2856 3223; x_wconf 83' lang='grc' dir='ltr'>μετὰ</span> <span class='ocrx_word' id='word_1_404' title='bbox 2885 3152 2964 3225; x_wconf 84' lang='lat'><strong>(5)</strong></span> <span class='ocrx_word' id='word_1_405' title='bbox 3005 3153 3308 3225; x_wconf 82' lang='grc' dir='ltr'>ὑπάρχουσι</span> <span class='ocrx_word' id='word_1_406' title='bbox 3335 3151 3404 3205; x_wconf 79' lang='grc' dir='ltr'>τὰ</span> <span class='ocrx_word' id='word_1_407' title='bbox 3437 3148 3730 3222; x_wconf 72' lang='grc' dir='ltr'>παθήματά</span> 
     </span>
    </p>
   </div>
   <div class='ocr_carea' id='block_1_63' title="bbox 478 3244 2054 3317">
    <p class='ocr_par' dir='ltr' id='par_1_63' title="bbox 478 3244 1754 3315">
     <span class='ocr_line' id='line_1_63' title="bbox 478 3244 1754 3315; baseline -0.003 -16"><span class='ocrx_word' id='word_1_408' title='bbox 478 3244 661 3300; x_wconf 82' lang='lat' dir='ltr'><strong>anima</strong></span> <span class='ocrx_word' id='word_1_409' title='bbox 692 3261 811 3300; x_wconf 90' lang='lat' dir='ltr'><strong>mea</strong></span> <span class='ocrx_word' id='word_1_410' title='bbox 836 3246 1010 3300; x_wconf 88' lang='lat' dir='ltr'><strong>credit</strong></span> <span class='ocrx_word' id='word_1_411' title='bbox 1039 3247 1093 3300; x_wconf 91' lang='lat' dir='ltr'><strong>in</strong></span> <span class='ocrx_word' id='word_1_412' title='bbox 1126 3245 1261 3315; x_wconf 90' lang='lat' dir='ltr'><strong>ipsis</strong></span> <span class='ocrx_word' id='word_1_413' title='bbox 1292 3260 1466 3314; x_wconf 88' lang='lat' dir='ltr'><strong>usque</strong></span> <span class='ocrx_word' id='word_1_414' title='bbox 1493 3245 1545 3297; x_wconf 89' lang='lat' dir='ltr'><strong>in</strong></span> <span class='ocrx_word' id='word_1_415' title='bbox 1570 3246 1754 3297; x_wconf 83' lang='lat' dir='ltr'><strong>linem.</strong></span> 
     </span>
    </p>
   </div>
   <div class='ocr_carea' id='block_1_64' title="bbox 2152 3244 3728 3317">
    <p class='ocr_par' dir='ltr' id='par_1_64' title="bbox 2157 3244 3728 3317">
     <span class='ocr_line' id='line_1_64' title="bbox 2157 3244 3728 3317; baseline -0.003 -17"><span class='ocrx_word' id='word_1_416' title='bbox 2157 3263 2272 3312; x_wconf 91' lang='grc' dir='ltr'>σου,</span> <span class='ocrx_word' id='word_1_417' title='bbox 2314 3247 2410 3300; x_wconf 72' lang='grc' dir='ltr'><strong>καὶ</strong></span> <span class='ocrx_word' id='word_1_418' title='bbox 2435 3248 2468 3317; x_wconf 82' lang='grc' dir='ltr'><strong>ἡ</strong></span> <span class='ocrx_word' id='word_1_419' title='bbox 2494 3245 2637 3316; x_wconf 77' lang='grc' dir='ltr'><strong>ψυχή</strong></span> <span class='ocrx_word' id='word_1_420' title='bbox 2673 3262 2773 3317; x_wconf 85' lang='grc' dir='ltr'><strong>μου</strong></span> <span class='ocrx_word' id='word_1_421' title='bbox 2803 3246 3047 3299; x_wconf 84' lang='grc' dir='ltr'>πιστεύει</span> <span class='ocrx_word' id='word_1_422' title='bbox 3081 3248 3137 3298; x_wconf 81' lang='grc' dir='ltr'><strong>ἐν</strong></span> <span class='ocrx_word' id='word_1_423' title='bbox 3164 3247 3346 3307; x_wconf 76' lang='grc' dir='ltr'>αὐτοῖς</span> <span class='ocrx_word' id='word_1_424' title='bbox 3378 3245 3487 3307; x_wconf 80' lang='grc' dir='ltr'><strong>ἕως</strong></span> <span class='ocrx_word' id='word_1_425' title='bbox 3525 3244 3728 3305; x_wconf 73' lang='grc' dir='ltr'>τέλους.</span> 
     </span>
    </p>
   </div>
   <div class='ocr_carea' id='block_1_65' title="bbox 550 3333 2126 3409">
    <p class='ocr_par' dir='ltr' id='par_1_65' title="bbox 550 3334 2050 3405">
     <span class='ocr_line' id='line_1_65' title="bbox 550 3334 2050 3405; baseline -0.003 -13"><span class='ocrx_word' id='word_1_426' title='bbox 550 3334 640 3392; x_wconf 84' lang='grc'><strong>28.</strong></span> <span class='ocrx_word' id='word_1_427' title='bbox 661 3334 778 3392; x_wconf 86' lang='lat' dir='ltr'><strong>Non</strong></span> <span class='ocrx_word' id='word_1_428' title='bbox 809 3337 1141 3405; x_wconf 86' lang='lat' dir='ltr'><strong>despiciatur</strong></span> <span class='ocrx_word' id='word_1_429' title='bbox 1176 3352 1206 3390; x_wconf 88' lang='lat' dir='ltr'><strong>a</strong></span> <span class='ocrx_word' id='word_1_430' title='bbox 1235 3345 1286 3390; x_wconf 89' lang='lat' dir='ltr'><strong>te</strong></span> <span class='ocrx_word' id='word_1_431' title='bbox 1328 3334 1619 3389; x_wconf 79' lang='lat' dir='ltr'><strong>inﬁrmitas</strong></span> <span class='ocrx_word' id='word_1_432' title='bbox 1646 3334 1841 3388; x_wconf 67' lang='lat' dir='ltr'><strong>anima:</strong></span> <span class='ocrx_word' id='word_1_433' title='bbox 1895 3348 2050 3398; x_wconf 71' lang='lat' dir='ltr'><strong>meae,</strong></span> 
     </span>
    </p>
   </div>
   <div class='ocr_carea' id='block_1_66' title="bbox 2154 3333 3730 3409">
    <p class='ocr_par' dir='ltr' id='par_1_66' title="bbox 2224 3333 3730 3409">
     <span class='ocr_line' id='line_1_66' title="bbox 2224 3333 3730 3409; baseline -0.002 -19"><span class='ocrx_word' id='word_1_434' title='bbox 2224 3336 2315 3392; x_wconf 89' lang='grc'><strong>28.</strong></span> <span class='ocrx_word' id='word_1_435' title='bbox 2348 3336 2427 3405; x_wconf 87' lang='grc'><strong>(6)</strong></span> <span class='ocrx_word' id='word_1_436' title='bbox 2463 3337 2537 3390; x_wconf 79' lang='grc' dir='ltr'><strong>Οὐ</strong></span> <span class='ocrx_word' id='word_1_437' title='bbox 2581 3336 2914 3408; x_wconf 82' lang='grc' dir='ltr'>παρεωράθη</span> <span class='ocrx_word' id='word_1_438' title='bbox 2977 3338 3130 3409; x_wconf 76' lang='grc' dir='ltr'>παρὰ</span> <span class='ocrx_word' id='word_1_439' title='bbox 3162 3336 3257 3390; x_wconf 82' lang='grc' dir='ltr'>σοῦ</span> <span class='ocrx_word' id='word_1_440' title='bbox 3296 3336 3358 3389; x_wconf 82' lang='grc' dir='ltr'>τὸ</span> <span class='ocrx_word' id='word_1_441' title='bbox 3384 3335 3615 3399; x_wconf 77' lang='grc' dir='ltr'>ἀσθενὲς</span> <span class='ocrx_word' id='word_1_442' title='bbox 3637 3333 3730 3403; x_wconf 81' lang='grc' dir='ltr'>τῆς</span> 
     </span>
    </p>
   </div>
   <div class='ocr_carea' id='block_1_67' title="bbox 2152 3427 2586 3499">
    <p class='ocr_par' dir='ltr' id='par_1_67' title="bbox 2152 3427 2586 3499">
     <span class='ocr_line' id='line_1_67' title="bbox 2152 3427 2586 3499; baseline -0.012 -2"><span class='ocrx_word' id='word_1_443' title='bbox 2152 3427 2329 3498; x_wconf 68' lang='grc' dir='ltr'>ψυχῆς</span> <span class='ocrx_word' id='word_1_444' title='bbox 2358 3427 2434 3499; x_wconf 90' lang='lat'><strong>(7)</strong></span> <span class='ocrx_word' id='word_1_445' title='bbox 2462 3436 2586 3497; x_wconf 70' lang='grc' dir='ltr'>μου,</span> 
     </span>
    </p>
   </div>
   <div class='ocr_carea' id='block_1_68' title="bbox 549 3510 2125 3592">
    <p class='ocr_par' dir='ltr' id='par_1_68' title="bbox 549 3510 2052 3585">
     <span class='ocr_line' id='line_1_68' title="bbox 549 3510 2052 3585; baseline -0.001 -15"><span class='ocrx_word' id='word_1_446' title='bbox 549 3510 640 3570; x_wconf 84' lang='grc'><strong>29.</strong></span> <span class='ocrx_word' id='word_1_447' title='bbox 665 3510 731 3566; x_wconf 87' lang='lat' dir='ltr'><strong>Et</strong></span> <span class='ocrx_word' id='word_1_448' title='bbox 759 3513 1062 3569; x_wconf 87' lang='lat' dir='ltr'><strong>substantia</strong></span> <span class='ocrx_word' id='word_1_449' title='bbox 1099 3514 1270 3582; x_wconf 89' lang='lat' dir='ltr'><strong>ipsius</strong></span> <span class='ocrx_word' id='word_1_450' title='bbox 1301 3515 1599 3570; x_wconf 87' lang='lat' dir='ltr'><strong>inveterata</strong></span> <span class='ocrx_word' id='word_1_451' title='bbox 1636 3515 1689 3570; x_wconf 87' lang='lat' dir='ltr'><strong>in</strong></span> <span class='ocrx_word' id='word_1_452' title='bbox 1728 3517 1991 3585; x_wconf 89' lang='lat' dir='ltr'><strong>peccatis.</strong></span> <span class='ocrx_word' id='word_1_453' title='bbox 2029 3573 2052 3585; x_wconf 34' lang='grc' dir='ltr'><strong><em>Α</em></strong></span> 
     </span>
    </p>
   </div>
   <div class='ocr_carea' id='block_1_69' title="bbox 2148 3510 3724 3592">
    <p class='ocr_par' dir='ltr' id='par_1_69' title="bbox 2223 3517 3724 3592">
     <span class='ocr_line' id='line_1_69' title="bbox 2223 3517 3724 3592; baseline -0.001 -21"><span class='ocrx_word' id='word_1_454' title='bbox 2223 3519 2313 3573; x_wconf 84' lang='grc'><strong>29.</strong></span> <span class='ocrx_word' id='word_1_455' title='bbox 2370 3517 2481 3571; x_wconf 77' lang='grc' dir='ltr'><strong>Καὶ</strong></span> <span class='ocrx_word' id='word_1_456' title='bbox 2530 3519 2564 3589; x_wconf 83' lang='grc' dir='ltr'>ἠ</span> <span class='ocrx_word' id='word_1_457' title='bbox 2618 3519 2915 3584; x_wconf 84' lang='grc' dir='ltr'>ὑπόστασις</span> <span class='ocrx_word' id='word_1_458' title='bbox 2958 3520 3130 3590; x_wconf 72' lang='grc' dir='ltr'>αὐτῆς</span> <span class='ocrx_word' id='word_1_459' title='bbox 3174 3522 3209 3592; x_wconf 85' lang='grc' dir='ltr'><strong>ἡ</strong></span> <span class='ocrx_word' id='word_1_460' title='bbox 3254 3518 3632 3574; x_wconf 59' lang='grc' dir='ltr'>παλαιωθεῦα</span> <span class='ocrx_word' id='word_1_461' title='bbox 3670 3518 3724 3570; x_wconf 72' lang='grc' dir='ltr'>ἐν</span> 
     </span>
    </p>
   </div>
   <div class='ocr_carea' id='block_1_70' title="bbox 2154 3611 3730 3664">
    <p class='ocr_par' dir='ltr' id='par_1_70' title="bbox 2154 3611 3730 3664">
     <span class='ocr_line' id='line_1_70' title="bbox 2154 3611 3730 3664; baseline -0.006 0"><span class='ocrx_word' id='word_1_462' title='bbox 2154 3611 2473 3664; x_wconf 74' lang='grc' dir='ltr'>ἁμαρτίαις.</span> <span class='ocrx_word' id='word_1_463' title='bbox 3719 3636 3730 3655; x_wconf 84' lang='grc'><strong>.</strong></span> 
     </span>
    </p>
   </div>
   <div class='ocr_carea' id='block_1_71' title="bbox 548 3628 2124 3774">
    <p class='ocr_par' dir='ltr' id='par_1_71' title="bbox 548 3684 2040 3753">
     <span class='ocr_line' id='line_1_71' title="bbox 548 3684 2040 3753; baseline -0.001 -11"><span class='ocrx_word' id='word_1_464' title='bbox 548 3684 637 3742; x_wconf 83' lang='grc'><strong>50.</strong></span> <span class='ocrx_word' id='word_1_465' title='bbox 663 3685 956 3740; x_wconf 80' lang='lat' dir='ltr'><strong>Renovasti</strong></span> <span class='ocrx_word' id='word_1_466' title='bbox 982 3684 1127 3739; x_wconf 89' lang='lat' dir='ltr'><strong>enim</strong></span> <span class='ocrx_word' id='word_1_467' title='bbox 1168 3700 1257 3740; x_wconf 89' lang='lat' dir='ltr'><strong>me</strong></span> <span class='ocrx_word' id='word_1_468' title='bbox 1283 3685 1337 3740; x_wconf 92' lang='lat' dir='ltr'><strong>in</strong></span> <span class='ocrx_word' id='word_1_469' title='bbox 1361 3686 1595 3753; x_wconf 89' lang='lat' dir='ltr'><strong>occulto,</strong></span> <span class='ocrx_word' id='word_1_470' title='bbox 1633 3687 1734 3743; x_wconf 88' lang='lat' dir='ltr'><strong>hoc</strong></span> <span class='ocrx_word' id='word_1_471' title='bbox 1755 3696 1840 3742; x_wconf 89' lang='lat' dir='ltr'><strong>est</strong></span> <span class='ocrx_word' id='word_1_472' title='bbox 1863 3687 1916 3741; x_wconf 91' lang='lat' dir='ltr'><strong>in</strong></span> <span class='ocrx_word' id='word_1_473' title='bbox 1952 3688 2040 3741; x_wconf 84' lang='lat' dir='ltr'><strong>ba-</strong></span> 
     </span>
    </p>
   </div>
   <div class='ocr_carea' id='block_1_72' title="bbox 2151 3628 3727 3774">
    <p class='ocr_par' dir='ltr' id='par_1_72' title="bbox 2154 3628 3727 3774">
     <span class='ocr_line' id='line_1_72' title="bbox 2154 3628 3727 3683; baseline -0.001 -19"><span class='ocrx_word' id='word_1_474' title='bbox 2154 3628 2473 3683; x_wconf 84' lang='grc' dir='ltr'>αμαρτιαις.</span> <span class='ocrx_word' id='word_1_475' title='bbox 3719 3636 3727 3655; x_wconf 84' lang='grc' dir='ltr'><strong>ι</strong></span> 
     </span>
     <span class='ocr_line' id='line_1_73' title="bbox 2221 3699 3727 3774; baseline -0.001 -19"><span class='ocrx_word' id='word_1_476' title='bbox 2221 3701 2309 3755; x_wconf 84' lang='grc'><strong>50.</strong></span> <span class='ocrx_word' id='word_1_477' title='bbox 2360 3700 2735 3765; x_wconf 81' lang='grc' dir='ltr'>Ἀνεκαίνισας</span> <span class='ocrx_word' id='word_1_478' title='bbox 2768 3701 2877 3773; x_wconf 85' lang='grc' dir='ltr'>γάρ</span> <span class='ocrx_word' id='word_1_479' title='bbox 2907 3718 2973 3772; x_wconf 86' lang='grc' dir='ltr'><strong>με</strong></span> <span class='ocrx_word' id='word_1_480' title='bbox 3002 3705 3064 3757; x_wconf 73' lang='grc' dir='ltr'>ὲν</span> <span class='ocrx_word' id='word_1_481' title='bbox 3106 3706 3288 3774; x_wconf 74' lang='grc' dir='ltr'><strong>κρυφῇ</strong></span> <span class='ocrx_word' id='word_1_482' title='bbox 3308 3743 3323 3765; x_wconf 82' lang='grc'><em>,</em></span> <span class='ocrx_word' id='word_1_483' title='bbox 3363 3703 3644 3757; x_wconf 81' lang='grc' dir='ltr'>τουτέστιν</span> <span class='ocrx_word' id='word_1_484' title='bbox 3668 3699 3727 3753; x_wconf 76' lang='grc' dir='ltr'>ὲν</span> 
     </span>
    </p>
   </div>
   <div class='ocr_carea' id='block_1_73' title="bbox 473 3778 3129 3867">
    <p class='ocr_par' dir='ltr' id='par_1_73' title="bbox 473 3778 3129 3867">
     <span class='ocr_line' id='line_1_74' title="bbox 473 3778 3129 3867; baseline -0 -17"><span class='ocrx_word' id='word_1_485' title='bbox 473 3778 697 3850; x_wconf 69' lang='grc' dir='ltr'><strong>Ριίδπηον</strong></span> <span class='ocrx_word' id='word_1_486' title='bbox 732 3794 828 3833; x_wconf 67' lang='grc' dir='ltr'><strong>εον</strong></span> <span class='ocrx_word' id='word_1_487' title='bbox 858 3794 1060 3834; x_wconf 72' lang='grc' dir='ltr'><strong>πηθυῖη·</strong></span> <span class='ocrx_word' id='word_1_488' title='bbox 2148 3792 2225 3865; x_wconf 81' lang='grc' dir='ltr'>τῷ</span> <span class='ocrx_word' id='word_1_489' title='bbox 2256 3795 2592 3867; x_wconf 78' lang='grc' dir='ltr'>βαπτίσματι</span> <span class='ocrx_word' id='word_1_490' title='bbox 2624 3794 2721 3866; x_wconf 81' lang='grc' dir='ltr'>τὴν</span> <span class='ocrx_word' id='word_1_491' title='bbox 2751 3794 2977 3866; x_wconf 83' lang='grc' dir='ltr'>καρδίαν</span> <span class='ocrx_word' id='word_1_492' title='bbox 3006 3813 3129 3866; x_wconf 80' lang='grc' dir='ltr'>μου.</span> 
     </span>
    </p>
   </div>
   <div class='ocr_carea' id='block_1_74' title="bbox 544 3867 2120 3958">
    <p class='ocr_par' dir='ltr' id='par_1_74' title="bbox 544 3867 2041 3938">
     <span class='ocr_line' id='line_1_75' title="bbox 544 3867 2041 3938; baseline 0.001 -16"><span class='ocrx_word' id='word_1_493' title='bbox 544 3868 633 3922; x_wconf 83' lang='grc'><strong>51.</strong></span> <span class='ocrx_word' id='word_1_494' title='bbox 664 3867 1063 3938; x_wconf 86' lang='lat' dir='ltr'><strong>Corruptelam,</strong></span> <span class='ocrx_word' id='word_1_495' title='bbox 1086 3877 1140 3923; x_wconf 90' lang='lat' dir='ltr'><strong>et</strong></span> <span class='ocrx_word' id='word_1_496' title='bbox 1172 3868 1519 3922; x_wconf 84' lang='lat' dir='ltr'><strong>inutilitatem</strong></span> <span class='ocrx_word' id='word_1_497' title='bbox 1546 3867 1745 3923; x_wconf 83' lang='lat' dir='ltr'><strong>mentis</strong></span> <span class='ocrx_word' id='word_1_498' title='bbox 1776 3883 1912 3923; x_wconf 70' lang='lat' dir='ltr'><strong>meae</strong></span> <span class='ocrx_word' id='word_1_499' title='bbox 1934 3882 2041 3923; x_wconf 87' lang='lat' dir='ltr'><strong>nou</strong></span> 
     </span>
    </p>
   </div>
   <div class='ocr_carea' id='block_1_75' title="bbox 2148 3867 3724 3958">
    <p class='ocr_par' dir='ltr' id='par_1_75' title="bbox 2219 3884 3724 3958">
     <span class='ocr_line' id='line_1_76' title="bbox 2219 3884 3724 3958; baseline 0.001 -18"><span class='ocrx_word' id='word_1_500' title='bbox 2219 3887 2308 3941; x_wconf 89' lang='grc'><strong>51.</strong></span> <span class='ocrx_word' id='word_1_501' title='bbox 2349 3885 2426 3939; x_wconf 85' lang='grc' dir='ltr'><strong>Τὸ</strong></span> <span class='ocrx_word' id='word_1_502' title='bbox 2454 3884 2846 3958; x_wconf 74' lang='grc' dir='ltr'>διεφθαρμένον</span> <span class='ocrx_word' id='word_1_503' title='bbox 2877 3903 2977 3956; x_wconf 79' lang='grc' dir='ltr'>μου</span> <span class='ocrx_word' id='word_1_504' title='bbox 2997 3926 3013 3951; x_wconf 83' lang='lat'><strong>,</strong></span> <span class='ocrx_word' id='word_1_505' title='bbox 3054 3887 3148 3940; x_wconf 73' lang='grc' dir='ltr'><strong>καὶ</strong></span> <span class='ocrx_word' id='word_1_506' title='bbox 3180 3887 3451 3958; x_wconf 82' lang='grc' dir='ltr'>ἄχρηστον</span> <span class='ocrx_word' id='word_1_507' title='bbox 3480 3886 3584 3958; x_wconf 81' lang='grc' dir='ltr'>τῆς</span> <span class='ocrx_word' id='word_1_508' title='bbox 3613 3887 3724 3941; x_wconf 80' lang='grc' dir='ltr'>δια-</span> 
     </span>
    </p>
   </div>
   <div class='ocr_carea' id='block_1_76' title="bbox 379 3958 3400 4049">
    <p class='ocr_par' dir='ltr' id='par_1_76' title="bbox 379 3958 3400 4049">
     <span class='ocr_line' id='line_1_77' title="bbox 379 3958 3400 4049; baseline -0.001 -18"><span class='ocrx_word' id='word_1_509' title='bbox 379 4024 384 4031; x_wconf 94' lang='lat'><strong>.</strong></span> <span class='ocrx_word' id='word_1_510' title='bbox 472 3958 786 4030; x_wconf 69' lang='grc' dir='ltr'><strong>ἀθδβεκίδίίν</strong></span> <span class='ocrx_word' id='word_1_511' title='bbox 822 3959 915 4014; x_wconf 73' lang='lat' dir='ltr'><strong>sed</strong></span> <span class='ocrx_word' id='word_1_512' title='bbox 944 3959 994 4014; x_wconf 75' lang='grc' dir='ltr'>εί</span> <span class='ocrx_word' id='word_1_513' title='bbox 1029 3961 1338 4029; x_wconf 65' lang='grc' dir='ltr'><strong>Ρτονίάίδῑί·</strong></span> <span class='ocrx_word' id='word_1_514' title='bbox 2073 4030 2117 4049; x_wconf 44' lang='lat' dir='ltr'><strong>ﬁ</strong></span> <span class='ocrx_word' id='word_1_515' title='bbox 2148 3976 2295 4040; x_wconf 87' lang='grc' dir='ltr'>νοίας</span> <span class='ocrx_word' id='word_1_516' title='bbox 2314 3974 2376 4029; x_wconf 77' lang='grc' dir='ltr'><strong>οὐ</strong></span> <span class='ocrx_word' id='word_1_517' title='bbox 2403 3976 2677 4049; x_wconf 80' lang='grc' dir='ltr'>παρεῖδες,</span> <span class='ocrx_word' id='word_1_518' title='bbox 2709 3977 2823 4030; x_wconf 83' lang='grc' dir='ltr'><strong>ἀλλ’</strong></span> <span class='ocrx_word' id='word_1_519' title='bbox 2852 3978 3092 4048; x_wconf 78' lang='grc' dir='ltr'>ἐποιήσω</span> <span class='ocrx_word' id='word_1_520' title='bbox 3125 3978 3400 4048; x_wconf 87' lang='grc' dir='ltr'>πρόνοιαν.</span> 
     </span>
    </p>
   </div>
   <div class='ocr_carea' id='block_1_77' title="bbox 498 4030 2074 4139">
    <p class='ocr_par' dir='ltr' id='par_1_77' title="bbox 498 4036 2074 4123">
     <span class='ocr_line' id='line_1_78' title="bbox 498 4036 2074 4123; baseline 0.001 -15"><span class='ocrx_word' id='word_1_521' title='bbox 498 4068 506 4077; x_wconf 78' lang='lat'><em>&#39;</em></span> <span class='ocrx_word' id='word_1_522' title='bbox 543 4052 631 4108; x_wconf 82' lang='grc'><strong>52.</strong></span> <span class='ocrx_word' id='word_1_523' title='bbox 666 4050 732 4107; x_wconf 80' lang='lat' dir='ltr'><strong>Et</strong></span> <span class='ocrx_word' id='word_1_524' title='bbox 760 4052 851 4123; x_wconf 87' lang='lat' dir='ltr'><strong>qui</strong></span> <span class='ocrx_word' id='word_1_525' title='bbox 880 4052 1027 4123; x_wconf 85' lang='lat' dir='ltr'><strong>digni</strong></span> <span class='ocrx_word' id='word_1_526' title='bbox 1062 4052 1186 4108; x_wconf 81' lang='lat' dir='ltr'><strong>facti</strong></span> <span class='ocrx_word' id='word_1_527' title='bbox 1225 4061 1356 4108; x_wconf 91' lang='lat' dir='ltr'><strong>sunt</strong></span> <span class='ocrx_word' id='word_1_528' title='bbox 1397 4052 1663 4122; x_wconf 90' lang='lat' dir='ltr'><strong>baptismo</strong></span> <span class='ocrx_word' id='word_1_529' title='bbox 1689 4061 1827 4121; x_wconf 87' lang='lat' dir='ltr'><strong>tuo,</strong></span> <span class='ocrx_word' id='word_1_530' title='bbox 1850 4066 2042 4109; x_wconf 88' lang='lat' dir='ltr'><strong>omnes</strong></span> <span class='ocrx_word' id='word_1_531' title='bbox 2073 4036 2074 4039; x_wconf 9' lang='grc' dir='ltr'><strong>η</strong></span> 
     </span>
    </p>
   </div>
   <div class='ocr_carea' id='block_1_78' title="bbox 2149 4030 3725 4139">
    <p class='ocr_par' dir='ltr' id='par_1_78' title="bbox 2215 4030 3725 4139">
     <span class='ocr_line' id='line_1_79' title="bbox 2215 4030 3725 4139; baseline -0.001 -16"><span class='ocrx_word' id='word_1_532' title='bbox 2215 4030 2305 4124; x_wconf 47' lang='grc'><strong>52..</strong></span> <span class='ocrx_word' id='word_1_533' title='bbox 2335 4068 2448 4123; x_wconf 78' lang='grc' dir='ltr'><strong>Καὶ</strong></span> <span class='ocrx_word' id='word_1_534' title='bbox 2466 4030 2517 4122; x_wconf 67' lang='grc' dir='ltr'>δι</span> <span class='ocrx_word' id='word_1_535' title='bbox 2540 4030 2861 4134; x_wconf 65' lang='grc' dir='ltr'>ἀξιωθέντες</span> <span class='ocrx_word' id='word_1_536' title='bbox 2880 4068 2972 4122; x_wconf 75' lang='grc' dir='ltr'>τοῦ</span> <span class='ocrx_word' id='word_1_537' title='bbox 2995 4030 3367 4139; x_wconf 54' lang='grc' dir='ltr'>ᾖαπτίσματός</span> <span class='ocrx_word' id='word_1_538' title='bbox 3394 4085 3492 4121; x_wconf 81' lang='grc' dir='ltr'>σου</span> <span class='ocrx_word' id='word_1_539' title='bbox 3525 4067 3725 4131; x_wconf 73' lang='grc' dir='ltr'>πάντες</span> 
     </span>
    </p>
   </div>
   <div class='ocr_carea' id='block_1_79' title="bbox 471 4145 2047 4234">
    <p class='ocr_par' dir='ltr' id='par_1_79' title="bbox 471 4145 1510 4216">
     <span class='ocr_line' id='line_1_80' title="bbox 471 4145 1510 4216; baseline 0 -17"><span class='ocrx_word' id='word_1_540' title='bbox 471 4146 529 4200; x_wconf 87' lang='lat' dir='ltr'><strong>in</strong></span> <span class='ocrx_word' id='word_1_541' title='bbox 556 4145 698 4201; x_wconf 85' lang='lat' dir='ltr'><strong>libro</strong></span> <span class='ocrx_word' id='word_1_542' title='bbox 719 4147 843 4201; x_wconf 66' lang='lat' dir='ltr'><strong>vitae</strong></span> <span class='ocrx_word' id='word_1_543' title='bbox 866 4147 1053 4216; x_wconf 90' lang='lat' dir='ltr'><strong>scripti</strong></span> <span class='ocrx_word' id='word_1_544' title='bbox 1081 4154 1210 4201; x_wconf 90' lang='lat' dir='ltr'><strong>sunt</strong></span> <span class='ocrx_word' id='word_1_545' title='bbox 1244 4146 1301 4200; x_wconf 87' lang='lat' dir='ltr'><strong>in</strong></span> <span class='ocrx_word' id='word_1_546' title='bbox 1333 4147 1510 4202; x_wconf 74' lang='lat' dir='ltr'><strong>caelis.</strong></span> 
     </span>
    </p>
   </div>
   <div class='ocr_carea' id='block_1_80' title="bbox 2149 4145 3725 4234">
    <p class='ocr_par' dir='ltr' id='par_1_80' title="bbox 2149 4158 3725 4234">
     <span class='ocr_line' id='line_1_81' title="bbox 2149 4158 3725 4234; baseline 0.008 -21"><span class='ocrx_word' id='word_1_547' title='bbox 2149 4163 2197 4215; x_wconf 71' lang='grc' dir='ltr'>ὲν</span> <span class='ocrx_word' id='word_1_548' title='bbox 2227 4160 2394 4233; x_wconf 79' lang='grc' dir='ltr'>βίϐλῳ</span> <span class='ocrx_word' id='word_1_549' title='bbox 2434 4162 2632 4234; x_wconf 80' lang='grc' dir='ltr'>σμιλίῳ</span> <span class='ocrx_word' id='word_1_550' title='bbox 2673 4162 2751 4232; x_wconf 83' lang='lat'><strong>(8)</strong></span> <span class='ocrx_word' id='word_1_551' title='bbox 2797 4162 3069 4232; x_wconf 81' lang='grc' dir='ltr'>ὲτάγησαν</span> <span class='ocrx_word' id='word_1_552' title='bbox 3123 4159 3262 4232; x_wconf 79' lang='grc' dir='ltr'>[τῆς</span> <span class='ocrx_word' id='word_1_553' title='bbox 3291 4158 3437 4231; x_wconf 82' lang='grc' dir='ltr'><strong>ζωῆς</strong></span> <span class='ocrx_word' id='word_1_554' title='bbox 3481 4160 3725 4232; x_wconf 73' lang='grc' dir='ltr'><strong>ἐγράφη·</strong></span> 
     </span>
    </p>
   </div>
   <div class='ocr_carea' id='block_1_81' title="bbox 2141 4251 2781 4328">
    <p class='ocr_par' dir='ltr' id='par_1_81' title="bbox 2141 4251 2781 4328">
     <span class='ocr_line' id='line_1_82' title="bbox 2141 4251 2781 4328; baseline 0.005 -22"><span class='ocrx_word' id='word_1_555' title='bbox 2141 4251 2263 4328; x_wconf 88' lang='grc' dir='ltr'>σαν]</span> <span class='ocrx_word' id='word_1_556' title='bbox 2286 4256 2345 4310; x_wconf 80' lang='grc' dir='ltr'>ὲν</span> <span class='ocrx_word' id='word_1_557' title='bbox 2372 4258 2485 4319; x_wconf 82' lang='grc' dir='ltr'>τοῖς</span> <span class='ocrx_word' id='word_1_558' title='bbox 2512 4254 2781 4326; x_wconf 85' lang='grc' dir='ltr'>οὐρανοῖς.</span> 
     </span>
    </p>
   </div>
   <div class='ocr_carea' id='block_1_82' title="bbox 540 4323 2116 4416">
    <p class='ocr_par' dir='ltr' id='par_1_82' title="bbox 540 4323 2040 4394">
     <span class='ocr_line' id='line_1_83' title="bbox 540 4323 2040 4394; baseline 0.001 -14"><span class='ocrx_word' id='word_1_559' title='bbox 540 4323 630 4380; x_wconf 78' lang='grc'><strong>55.</strong></span> <span class='ocrx_word' id='word_1_560' title='bbox 660 4324 717 4378; x_wconf 88' lang='lat' dir='ltr'><strong>In</strong></span> <span class='ocrx_word' id='word_1_561' title='bbox 750 4324 872 4380; x_wconf 87' lang='lat' dir='ltr'><strong>luce</strong></span> <span class='ocrx_word' id='word_1_562' title='bbox 895 4324 1153 4394; x_wconf 80' lang='lat' dir='ltr'><strong>baptismi</strong></span> <span class='ocrx_word' id='word_1_563' title='bbox 1204 4334 1558 4391; x_wconf 83' lang='lat' dir='ltr'><strong>renovantur,</strong></span> <span class='ocrx_word' id='word_1_564' title='bbox 1600 4334 1657 4381; x_wconf 90' lang='lat' dir='ltr'><strong>et</strong></span> <span class='ocrx_word' id='word_1_565' title='bbox 1688 4340 1852 4381; x_wconf 89' lang='lat' dir='ltr'><strong>nemo</strong></span> <span class='ocrx_word' id='word_1_566' title='bbox 1902 4326 2040 4382; x_wconf 83' lang='lat' dir='ltr'><strong>alius</strong></span> 
     </span>
    </p>
   </div>
   <div class='ocr_carea' id='block_1_83' title="bbox 2143 4323 3719 4416">
    <p class='ocr_par' dir='ltr' id='par_1_83' title="bbox 2208 4343 3719 4416">
     <span class='ocr_line' id='line_1_84' title="bbox 2208 4343 3719 4416; baseline 0 -16"><span class='ocrx_word' id='word_1_567' title='bbox 2208 4343 2300 4400; x_wconf 82' lang='grc'><strong>55.</strong></span> <span class='ocrx_word' id='word_1_568' title='bbox 2339 4344 2426 4399; x_wconf 82' lang='grc' dir='ltr'>Ἐν</span> <span class='ocrx_word' id='word_1_569' title='bbox 2457 4344 2534 4416; x_wconf 85' lang='grc' dir='ltr'>τῷ</span> <span class='ocrx_word' id='word_1_570' title='bbox 2569 4345 2709 4415; x_wconf 72' lang='grc' dir='ltr'>φωτὶ</span> <span class='ocrx_word' id='word_1_571' title='bbox 2732 4343 2826 4399; x_wconf 80' lang='grc' dir='ltr'>τοῦ</span> <span class='ocrx_word' id='word_1_572' title='bbox 2863 4343 3238 4416; x_wconf 79' lang='grc' dir='ltr'>βαπτίσματος</span> <span class='ocrx_word' id='word_1_573' title='bbox 3269 4344 3719 4411; x_wconf 64' lang='grc' dir='ltr'>ἀειακαινοῦνται,</span> 
     </span>
    </p>
   </div>
   <div class='ocr_carea' id='block_1_84' title="bbox 467 4415 2043 4513">
    <p class='ocr_par' dir='ltr' id='par_1_84' title="bbox 467 4415 1268 4487">
     <span class='ocr_line' id='line_1_85' title="bbox 467 4415 1268 4487; baseline 0 -16"><span class='ocrx_word' id='word_1_574' title='bbox 467 4415 601 4480; x_wconf 73' lang='lat' dir='ltr'><strong>illic,</strong></span> <span class='ocrx_word' id='word_1_575' title='bbox 631 4417 736 4471; x_wconf 86' lang='lat' dir='ltr'><strong>nisi</strong></span> <span class='ocrx_word' id='word_1_576' title='bbox 763 4426 818 4472; x_wconf 92' lang='lat' dir='ltr'><strong>tu</strong></span> <span class='ocrx_word' id='word_1_577' title='bbox 849 4419 998 4474; x_wconf 89' lang='lat' dir='ltr'><strong>solus</strong></span> <span class='ocrx_word' id='word_1_578' title='bbox 1023 4419 1079 4473; x_wconf 91' lang='lat' dir='ltr'><strong>in</strong></span> <span class='ocrx_word' id='word_1_579' title='bbox 1114 4418 1268 4487; x_wconf 87' lang='lat' dir='ltr'><strong>ipsis.</strong></span> 
     </span>
    </p>
   </div>
   <div class='ocr_carea' id='block_1_85' title="bbox 2143 4415 3719 4513">
    <p class='ocr_par' dir='ltr' id='par_1_85' title="bbox 2143 4415 3719 4513">
     <span class='ocr_line' id='line_1_86' title="bbox 2143 4415 3719 4513; baseline 0.003 -22"><span class='ocrx_word' id='word_1_580' title='bbox 2143 4437 2233 4491; x_wconf 79' lang='grc' dir='ltr'>καὶ</span> <span class='ocrx_word' id='word_1_581' title='bbox 2265 4437 2440 4503; x_wconf 78' lang='grc' dir='ltr'>οὐδεὶς</span> <span class='ocrx_word' id='word_1_582' title='bbox 2468 4415 2624 4503; x_wconf 70' lang='grc' dir='ltr'>ἄλλος</span> <span class='ocrx_word' id='word_1_583' title='bbox 2648 4441 2766 4493; x_wconf 82' lang='grc' dir='ltr'>ἐκεῖ</span> <span class='ocrx_word' id='word_1_584' title='bbox 2808 4441 2858 4493; x_wconf 81' lang='grc' dir='ltr'><strong>εί</strong></span> <span class='ocrx_word' id='word_1_585' title='bbox 2892 4440 2967 4512; x_wconf 82' lang='grc' dir='ltr'>μὴ</span> <span class='ocrx_word' id='word_1_586' title='bbox 3018 4415 3083 4494; x_wconf 69' lang='lat' dir='ltr'><strong>ob</strong></span> <span class='ocrx_word' id='word_1_587' title='bbox 3114 4440 3274 4512; x_wconf 84' lang='grc' dir='ltr'>μόνος</span> <span class='ocrx_word' id='word_1_588' title='bbox 3303 4441 3362 4493; x_wconf 81' lang='grc' dir='ltr'>ὲν</span> <span class='ocrx_word' id='word_1_589' title='bbox 3386 4441 3587 4505; x_wconf 80' lang='grc' dir='ltr'>αὐταῖς</span> <span class='ocrx_word' id='word_1_590' title='bbox 3619 4441 3719 4513; x_wconf 89' lang='grc'><strong>(9).</strong></span> 
     </span>
    </p>
   </div>
   <div class='ocr_carea' id='block_1_86' title="bbox 537 4507 2113 4603">
    <p class='ocr_par' dir='ltr' id='par_1_86' title="bbox 537 4507 2040 4582">
     <span class='ocr_line' id='line_1_87' title="bbox 537 4507 2040 4582; baseline 0.001 -19"><span class='ocrx_word' id='word_1_591' title='bbox 537 4508 629 4563; x_wconf 75' lang='grc'><strong>54.</strong></span> <span class='ocrx_word' id='word_1_592' title='bbox 672 4507 802 4562; x_wconf 80' lang='grc' dir='ltr'><strong>Μίιιί</strong></span> <span class='ocrx_word' id='word_1_593' title='bbox 848 4516 1029 4564; x_wconf 84' lang='lat' dir='ltr'><strong>autem</strong></span> <span class='ocrx_word' id='word_1_594' title='bbox 1065 4510 1320 4579; x_wconf 89' lang='lat' dir='ltr'><strong>deinceps</strong></span> <span class='ocrx_word' id='word_1_595' title='bbox 1364 4509 1715 4567; x_wconf 83' lang='lat' dir='ltr'><strong>honorabiles</strong></span> <span class='ocrx_word' id='word_1_596' title='bbox 1744 4521 1874 4565; x_wconf 91' lang='lat' dir='ltr'><strong>sunt</strong></span> <span class='ocrx_word' id='word_1_597' title='bbox 1905 4525 2040 4582; x_wconf 83' lang='lat' dir='ltr'><strong>apo-</strong></span> 
     </span>
    </p>
   </div>
   <div class='ocr_carea' id='block_1_87' title="bbox 2144 4507 3720 4603">
    <p class='ocr_par' dir='ltr' id='par_1_87' title="bbox 2211 4507 3720 4603">
     <span class='ocr_line' id='line_1_88' title="bbox 2211 4507 3720 4603; baseline 0.001 -20"><span class='ocrx_word' id='word_1_598' title='bbox 2211 4528 2299 4583; x_wconf 74' lang='grc'><strong>54.</strong></span> <span class='ocrx_word' id='word_1_599' title='bbox 2337 4529 2492 4600; x_wconf 75' lang='grc' dir='ltr'>Ἐμοὶ</span> <span class='ocrx_word' id='word_1_600' title='bbox 2521 4530 2578 4584; x_wconf 86' lang='grc' dir='ltr'><strong>δὲ</strong></span> <span class='ocrx_word' id='word_1_601' title='bbox 2605 4529 2702 4585; x_wconf 77' lang='grc' dir='ltr'>τοῦ</span> <span class='ocrx_word' id='word_1_602' title='bbox 2730 4507 2918 4584; x_wconf 65' lang='grc' dir='ltr'>λοιποῦ</span> <span class='ocrx_word' id='word_1_603' title='bbox 2954 4507 3127 4601; x_wconf 75' lang='grc' dir='ltr'>τίμιοι</span> <span class='ocrx_word' id='word_1_604' title='bbox 3161 4531 3276 4602; x_wconf 87' lang='grc'><strong>(10)</strong></span> <span class='ocrx_word' id='word_1_605' title='bbox 3303 4507 3646 4603; x_wconf 73' lang='grc' dir='ltr'>ὑπάρχουσιν</span> 
     </span>
    </p>
   </div>
   <div class='ocr_carea' id='block_1_88' title="bbox 467 4600 2043 4698">
    <p class='ocr_par' dir='ltr' id='par_1_88' title="bbox 467 4600 1784 4672">
     <span class='ocr_line' id='line_1_89' title="bbox 467 4600 1784 4672; baseline 0 -14"><span class='ocrx_word' id='word_1_606' title='bbox 467 4600 592 4658; x_wconf 74' lang='lat' dir='ltr'><strong>stoli</strong></span> <span class='ocrx_word' id='word_1_607' title='bbox 616 4601 715 4668; x_wconf 85' lang='lat' dir='ltr'><strong>tui,</strong></span> <span class='ocrx_word' id='word_1_608' title='bbox 748 4601 814 4656; x_wconf 90' lang='lat' dir='ltr'><strong>ad</strong></span> <span class='ocrx_word' id='word_1_609' title='bbox 840 4616 979 4672; x_wconf 86' lang='lat' dir='ltr'><strong>quos</strong></span> <span class='ocrx_word' id='word_1_610' title='bbox 1003 4602 1223 4657; x_wconf 87' lang='lat' dir='ltr'><strong>dixisti:</strong></span> <span class='ocrx_word' id='word_1_611' title='bbox 1267 4601 1368 4657; x_wconf 78' lang='lat' dir='ltr'><strong>Vos</strong></span> <span class='ocrx_word' id='word_1_612' title='bbox 1403 4603 1564 4657; x_wconf 81' lang='lat' dir='ltr'><strong>amici</strong></span> <span class='ocrx_word' id='word_1_613' title='bbox 1596 4604 1723 4657; x_wconf 71' lang='lat' dir='ltr'><strong>estis</strong></span> <span class='ocrx_word' id='word_1_614' title='bbox 1742 4603 1784 4658; x_wconf 90' lang='grc'><strong>³.</strong></span> 
     </span>
    </p>
   </div>
   <div class='ocr_carea' id='block_1_89' title="bbox 2145 4600 3721 4698">
    <p class='ocr_par' dir='ltr' id='par_1_89' title="bbox 2145 4600 3721 4698">
     <span class='ocr_line' id='line_1_90' title="bbox 2145 4600 3721 4698; baseline 0.004 -25"><span class='ocrx_word' id='word_1_615' title='bbox 2145 4620 2427 4675; x_wconf 81' lang='grc' dir='ltr'>ἀπόστολοι</span> <span class='ocrx_word' id='word_1_616' title='bbox 2457 4640 2586 4690; x_wconf 84' lang='grc' dir='ltr'>σου,</span> <span class='ocrx_word' id='word_1_617' title='bbox 2633 4623 2769 4696; x_wconf 82' lang='grc' dir='ltr'>πρὸς</span> <span class='ocrx_word' id='word_1_618' title='bbox 2813 4621 2906 4688; x_wconf 81' lang='grc' dir='ltr'><strong>οὓς</strong></span> <span class='ocrx_word' id='word_1_619' title='bbox 2945 4600 3282 4698; x_wconf 71' lang='grc' dir='ltr'>εἰρήκαμεν·</span> <span class='ocrx_word' id='word_1_620' title='bbox 3553 4625 3721 4695; x_wconf 64' lang='grc' dir='ltr'>φίλοι</span> 
     </span>
    </p>
   </div>
   <div class='ocr_carea' id='block_1_90' title="bbox 2140 4710 2301 4769">
    <p class='ocr_par' dir='ltr' id='par_1_90' title="bbox 2140 4710 2301 4769">
     <span class='ocr_line' id='line_1_91' title="bbox 2140 4710 2301 4769; baseline 0.031 -5"><span class='ocrx_word' id='word_1_621' title='bbox 2140 4710 2301 4769; x_wconf 81' lang='grc' dir='ltr'>ἐστέ.</span> 
     </span>
    </p>
   </div>
   <div class='ocr_carea' id='block_1_91' title="bbox 529 4773 2105 4878">
    <p class='ocr_par' dir='ltr' id='par_1_91' title="bbox 529 4773 2031 4848">
     <span class='ocr_line' id='line_1_92' title="bbox 529 4773 2031 4848; baseline 0.005 -19"><span class='ocrx_word' id='word_1_622' title='bbox 529 4773 620 4830; x_wconf 74' lang='grc'><strong>55.</strong></span> <span class='ocrx_word' id='word_1_623' title='bbox 651 4774 887 4830; x_wconf 83' lang='lat' dir='ltr'><strong>Fortiter</strong></span> <span class='ocrx_word' id='word_1_624' title='bbox 930 4776 1203 4832; x_wconf 88' lang='lat' dir='ltr'><strong>dominata</strong></span> <span class='ocrx_word' id='word_1_625' title='bbox 1236 4786 1319 4832; x_wconf 90' lang='lat' dir='ltr'><strong>est</strong></span> <span class='ocrx_word' id='word_1_626' title='bbox 1359 4777 1604 4847; x_wconf 86' lang='lat' dir='ltr'><strong>potentia</strong></span> <span class='ocrx_word' id='word_1_627' title='bbox 1628 4776 2031 4848; x_wconf 64' lang='lat' dir='ltr'><strong>praedicationis</strong></span> 
     </span>
    </p>
   </div>
   <div class='ocr_carea' id='block_1_92' title="bbox 2144 4773 3720 4878">
    <p class='ocr_par' dir='ltr' id='par_1_92' title="bbox 2211 4802 3720 4878">
     <span class='ocr_line' id='line_1_93' title="bbox 2211 4802 3720 4878; baseline 0.002 -20"><span class='ocrx_word' id='word_1_628' title='bbox 2211 4802 2301 4859; x_wconf 85' lang='grc'><strong>55.</strong></span> <span class='ocrx_word' id='word_1_629' title='bbox 2340 4805 2596 4878; x_wconf 78' lang='grc' dir='ltr'><strong>’ἰσχυρῶς</strong></span> <span class='ocrx_word' id='word_1_630' title='bbox 2645 4806 3138 4863; x_wconf 75' lang='grc' dir='ltr'>κατεδυνάστευσεν</span> <span class='ocrx_word' id='word_1_631' title='bbox 3159 4806 3195 4877; x_wconf 79' lang='grc' dir='ltr'><strong>ἡ</strong></span> <span class='ocrx_word' id='word_1_632' title='bbox 3236 4806 3457 4870; x_wconf 75' lang='grc' dir='ltr'>ἐξουσία</span> <span class='ocrx_word' id='word_1_633' title='bbox 3489 4804 3585 4860; x_wconf 81' lang='grc' dir='ltr'>τοῦ</span> <span class='ocrx_word' id='word_1_634' title='bbox 3619 4822 3720 4861; x_wconf 66' lang='grc' dir='ltr'><strong>κνι-</strong></span> 
     </span>
    </p>
   </div>
   <div class='ocr_carea' id='block_1_93' title="bbox 463 4881 2039 4963">
    <p class='ocr_par' dir='ltr' id='par_1_93' title="bbox 463 4881 708 4923">
     <span class='ocr_line' id='line_1_94' title="bbox 463 4881 708 4923; baseline -0.02 -2"><span class='ocrx_word' id='word_1_635' title='bbox 463 4881 677 4923; x_wconf 83' lang='lat' dir='ltr'><strong>eorum.</strong></span> <span class='ocrx_word' id='word_1_636' title='bbox 698 4905 708 4916; x_wconf 87' lang='lat'><strong>.</strong></span> 
     </span>
    </p>
   </div>
   <div class='ocr_carea' id='block_1_94' title="bbox 1062 4881 2638 4963">
    <p class='ocr_par' dir='ltr' id='par_1_94' title="bbox 2142 4890 2638 4963">
     <span class='ocr_line' id='line_1_95' title="bbox 2142 4890 2638 4963; baseline 0.004 -16"><span class='ocrx_word' id='word_1_637' title='bbox 2142 4890 2416 4963; x_wconf 79' lang='grc' dir='ltr'>ρύγματος</span> <span class='ocrx_word' id='word_1_638' title='bbox 2440 4895 2638 4949; x_wconf 77' lang='grc' dir='ltr'>αὐτῶν.</span> 
     </span>
    </p>
   </div>
   <div class='ocr_carea' id='block_1_95' title="bbox 539 4979 1007 5046">
    <p class='ocr_par' dir='ltr' id='par_1_95' title="bbox 539 4979 1007 5046">
     <span class='ocr_line' id='line_1_96' title="bbox 539 4979 1007 5046; baseline 0.002 -11"><span class='ocrx_word' id='word_1_639' title='bbox 539 4980 561 5012; x_wconf 87' lang='grc'>³</span> <span class='ocrx_word' id='word_1_640' title='bbox 594 4979 754 5036; x_wconf 79' lang='lat' dir='ltr'><strong>Joan.</strong></span> <span class='ocrx_word' id='word_1_641' title='bbox 791 4997 882 5046; x_wconf 75' lang='lat' dir='ltr'><strong>xv,</strong></span> <span class='ocrx_word' id='word_1_642' title='bbox 922 4982 1007 5036; x_wconf 67' lang='grc'><strong>14.</strong></span> 
     </span>
    </p>
   </div>
   <div class='ocr_carea' id='block_1_96' title="bbox 1420 5054 2757 5146">
    <p class='ocr_par' dir='ltr' id='par_1_96' title="bbox 1420 5054 2757 5146">
     <span class='ocr_line' id='line_1_97' title="bbox 1420 5054 2757 5146; baseline 0.016 -33"><span class='ocrx_word' id='word_1_643' title='bbox 1420 5054 1726 5118; x_wconf 82' lang='lat' dir='ltr'><strong>Addenda</strong></span> <span class='ocrx_word' id='word_1_644' title='bbox 1762 5066 1826 5120; x_wconf 87' lang='lat' dir='ltr'><strong>et</strong></span> <span class='ocrx_word' id='word_1_645' title='bbox 1856 5064 2231 5146; x_wconf 83' lang='lat' dir='ltr'><strong>corrigenda</strong></span> <span class='ocrx_word' id='word_1_646' title='bbox 2261 5087 2340 5132; x_wconf 79' lang='lat' dir='ltr'><strong>ex</strong></span> <span class='ocrx_word' id='word_1_647' title='bbox 2383 5072 2524 5134; x_wconf 92' lang='lat' dir='ltr'><strong>cod.</strong></span> <span class='ocrx_word' id='word_1_648' title='bbox 2555 5073 2757 5135; x_wconf 82' lang='lat' dir='ltr'><strong>Vatic.</strong></span> 
     </span>
    </p>
   </div>
   <div class='ocr_carea' id='block_1_97' title="bbox 458 5171 3716 5336">
    <p class='ocr_par' dir='ltr' id='par_1_97' title="bbox 458 5171 3716 5336">
     <span class='ocr_line' id='line_1_98' title="bbox 458 5171 3716 5336; baseline -0.008 -38"><span class='ocrx_word' id='word_1_649' title='bbox 458 5171 856 5314; x_wconf 55' lang='grc' dir='ltr'><strong>ήέέἐακὲῗοέν</strong></span> <span class='ocrx_word' id='word_1_650' title='bbox 908 5175 1204 5247; x_wconf 47' lang='lat' dir='ltr'><strong>mm“</strong></span> <span class='ocrx_word' id='word_1_651' title='bbox 1236 5176 1476 5232; x_wconf 69' lang='lat'><strong>°’&quot;°&quot;“</strong></span> <span class='ocrx_word' id='word_1_652' title='bbox 1511 5177 1692 5252; x_wconf 65' lang='grc' dir='ltr'>ψυκήο</span> <span class='ocrx_word' id='word_1_653' title='bbox 1723 5191 1855 5251; x_wconf 47' lang='lat' dir='ltr'><strong>eum</strong></span> <span class='ocrx_word' id='word_1_654' title='bbox 1889 5184 2029 5260; x_wconf 72' lang='grc' dir='ltr'><strong>ὼςή</strong></span> <span class='ocrx_word' id='word_1_655' title='bbox 2129 5194 2415 5336; x_wconf 31' lang='lat' dir='ltr'><strong>ﬂagra;</strong></span> <span class='ocrx_word' id='word_1_656' title='bbox 2443 5194 2653 5266; x_wconf 71' lang='grc' dir='ltr'><strong>ψυχῆς,</strong></span> <span class='ocrx_word' id='word_1_657' title='bbox 2693 5197 2855 5269; x_wconf 76' lang='grc' dir='ltr'><strong>καὶὴ</strong></span> <span class='ocrx_word' id='word_1_658' title='bbox 2897 5198 3194 5266; x_wconf 74' lang='grc' dir='ltr'>ὑπόστασις</span> <span class='ocrx_word' id='word_1_659' title='bbox 3233 5202 3334 5272; x_wconf 77' lang='grc' dir='ltr'><strong>τῆς</strong></span> <span class='ocrx_word' id='word_1_660' title='bbox 3374 5200 3558 5273; x_wconf 76' lang='grc' dir='ltr'>ψυχῆς</span> <span class='ocrx_word' id='word_1_661' title='bbox 3605 5216 3716 5273; x_wconf 74' lang='grc' dir='ltr'><strong>μου</strong></span> 
     </span>
    </p>
   </div>
   <div class='ocr_carea' id='block_1_98' title="bbox 531 5303 2107 5463">
    <p class='ocr_par' dir='ltr' id='par_1_98' title="bbox 531 5303 996 5463">
     <span class='ocr_line' id='line_1_99' title="bbox 531 5303 981 5383; baseline 0.009 -16"><span class='ocrx_word' id='word_1_662' title='bbox 531 5303 608 5383; x_wconf 77' lang='grc'><strong>(2)</strong></span> <span class='ocrx_word' id='word_1_663' title='bbox 636 5303 811 5378; x_wconf 76' lang='grc' dir='ltr'>Οὕτω,</span> <span class='ocrx_word' id='word_1_664' title='bbox 841 5325 945 5371; x_wconf 88' lang='lat' dir='ltr'><strong>etc.</strong></span> <span class='ocrx_word' id='word_1_665' title='bbox 980 5342 981 5347; x_wconf 51' lang='grc' dir='ltr'><strong>η</strong></span> 
     </span>
     <span class='ocr_line' id='line_1_100' title="bbox 533 5384 996 5463; baseline 0 0"><span class='ocrx_word' id='word_1_666' title='bbox 533 5387 613 5463; x_wconf 59' lang='lat' dir='ltr'><strong>is)</strong></span> <span class='ocrx_word' id='word_1_667' title='bbox 639 5384 861 5463; x_wconf 75' lang='lat' dir='ltr'><strong>:Ev</strong></span> <span class='ocrx_word' id='word_1_668' title='bbox 891 5397 996 5442; x_wconf 65' lang='lat' dir='ltr'><strong>etc-</strong></span> 
     </span>
    </p>
   </div>
   <div class='ocr_carea' id='block_1_99' title="bbox 1706 5303 3282 5463">
    <p class='ocr_par' dir='ltr' id='par_1_99' title="bbox 2135 5303 3282 5463">
     <span class='ocr_line' id='line_1_101' title="bbox 2135 5303 3282 5422; baseline 0.003 -32"><span class='ocrx_word' id='word_1_669' title='bbox 2135 5303 2162 5336; x_wconf 64' lang='grc' dir='ltr'><strong><em>Ἷ</em></strong></span> <span class='ocrx_word' id='word_1_670' title='bbox 2190 5303 2400 5418; x_wconf 38' lang='grc' dir='ltr'><strong>1811ιῖ11)</strong></span> <span class='ocrx_word' id='word_1_671' title='bbox 2430 5334 2594 5422; x_wconf 53' lang='grc' dir='ltr'>βίϐλῳ</span> <span class='ocrx_word' id='word_1_672' title='bbox 2622 5336 2766 5408; x_wconf 79' lang='grc' dir='ltr'>ζωῆς</span> <span class='ocrx_word' id='word_1_673' title='bbox 2791 5338 3143 5412; x_wconf 78' lang='grc' dir='ltr'>ὲνετάγησαν,</span> <span class='ocrx_word' id='word_1_674' title='bbox 3178 5354 3282 5397; x_wconf 89' lang='lat' dir='ltr'><strong>etc.</strong></span> 
     </span>
     <span class='ocr_line' id='line_1_102' title="bbox 2203 5405 2521 5463; baseline -0.006 -4"><span class='ocrx_word' id='word_1_675' title='bbox 2203 5405 2279 5463; x_wconf 70' lang='lat'><strong>(9)</strong></span> <span class='ocrx_word' id='word_1_676' title='bbox 2310 5409 2521 5463; x_wconf 81' lang='grc' dir='ltr'>Αυτοις.</span> 
     </span>
    </p>
   </div>
   <div class='ocr_carea' id='block_1_100' title="bbox 533 5438 3715 5596">
    <p class='ocr_par' dir='ltr' id='par_1_100' title="bbox 533 5438 3715 5596">
     <span class='ocr_line' id='line_1_103' title="bbox 533 5438 3715 5590; baseline -0.016 -1"><span class='ocrx_word' id='word_1_677' title='bbox 639 5438 860 5577; x_wconf 37' lang='grc' dir='ltr'><strong>ξιοῖἱςθῶᾀ</strong></span> <span class='ocrx_word' id='word_1_678' title='bbox 889 5438 998 5526; x_wconf 36' lang='grc' dir='ltr'>ὦ</span> <span class='ocrx_word' id='word_1_679' title='bbox 1032 5467 1117 5513; x_wconf 50' lang='lat' dir='ltr'><strong>etc</strong></span> <span class='ocrx_word' id='word_1_680' title='bbox 1851 5551 1881 5556; x_wconf 74' lang='grc'><strong>,.</strong></span> <span class='ocrx_word' id='word_1_681' title='bbox 2203 5438 2547 5558; x_wconf 34' lang='grc' dir='ltr'><strong>ίῖὸἧιυεῖἷές</strong></span> <span class='ocrx_word' id='word_1_682' title='bbox 2579 5486 2709 5547; x_wconf 67' lang='grc' dir='ltr'>εἰσιν</span> <span class='ocrx_word' id='word_1_683' title='bbox 2743 5479 2877 5550; x_wconf 76' lang='grc' dir='ltr'><strong>πρὸς</strong></span> <span class='ocrx_word' id='word_1_684' title='bbox 2906 5480 3001 5545; x_wconf 80' lang='grc' dir='ltr'>οὓς</span> <span class='ocrx_word' id='word_1_685' title='bbox 3031 5498 3297 5554; x_wconf 55' lang='lat' dir='ltr'><strong>stetur</strong></span> <span class='ocrx_word' id='word_1_686' title='bbox 3342 5481 3538 5554; x_wconf 77' lang='grc' dir='ltr'>Ὑμεῖς</span> <span class='ocrx_word' id='word_1_687' title='bbox 3567 5480 3715 5552; x_wconf 67' lang='grc' dir='ltr'>φίλοι</span> 
     </span>
     <span class='ocr_line' id='line_1_104' title="bbox 536 5527 2406 5596; baseline 0.001 0"><span class='ocrx_word' id='word_1_688' title='bbox 536 5589 578 5596; x_wconf 72' lang='grc'><strong>.,</strong></span> <span class='ocrx_word' id='word_1_689' title='bbox 629 5592 667 5596; x_wconf 92' lang='lat'>__</span> <span class='ocrx_word' id='word_1_690' title='bbox 733 5527 850 5596; x_wconf 18' lang='grc' dir='ltr'><strong>γτά,</strong></span> <span class='ocrx_word' id='word_1_691' title='bbox 878 5538 982 5582; x_wconf 82' lang='lat' dir='ltr'><strong>etc.</strong></span> <span class='ocrx_word' id='word_1_692' title='bbox 1902 5553 1914 5569; x_wconf 81' lang='grc'><em>¹</em></span> <span class='ocrx_word' id='word_1_693' title='bbox 2129 5560 2231 5596; x_wconf 69' lang='grc' dir='ltr'>μου</span> <span class='ocrx_word' id='word_1_694' title='bbox 2265 5546 2406 5596; x_wconf 79' lang='grc' dir='ltr'>ἐστε.</span> 
     </span>
    </p>
   </div>
   <div class='ocr_carea' id='block_1_101' title="bbox 528 5560 2104 5661">
    <p class='ocr_par' dir='ltr' id='par_1_101' title="bbox 528 5560 1914 5661">
     <span class='ocr_line' id='line_1_105' title="bbox 528 5560 1914 5661; baseline 0.012 -16"><span class='ocrx_word' id='word_1_695' title='bbox 624 5560 1034 5661; x_wconf 63' lang='grc' dir='ltr'><strong>ι50.</strong></span> <span class='ocrx_word' id='word_1_696' title='bbox 1057 5599 1267 5654; x_wconf 89' lang='lat' dir='ltr'><strong>Comm.</strong></span> <span class='ocrx_word' id='word_1_697' title='bbox 1300 5601 1509 5657; x_wconf 82' lang='lat' dir='ltr'><strong>unicus.</strong></span> <span class='ocrx_word' id='word_1_698' title='bbox 1902 5560 1914 5569; x_wconf 38' lang='grc' dir='ltr'><strong><em>Ι</em></strong></span> 
     </span>
    </p>
   </div>
   <div class='ocr_carea' id='block_1_102' title="bbox 829 5560 2405 5661">
    <p class='ocr_par' dir='ltr' id='par_1_102' title="bbox 829 5560 2405 5657">
     <span class='ocr_line' id='line_1_106' title="bbox 829 5560 2405 5617; baseline 0.011 -36"><span class='ocrx_word' id='word_1_699' title='bbox 829 5568 850 5591; x_wconf 56' lang='grc' dir='ltr'><strong>η,</strong></span> <span class='ocrx_word' id='word_1_700' title='bbox 878 5560 982 5613; x_wconf 53' lang='grc' dir='ltr'><strong>ωε</strong></span> <span class='ocrx_word' id='word_1_701' title='bbox 1377 5601 1388 5611; x_wconf 39' lang='lat'><strong>&#39;</strong></span> <span class='ocrx_word' id='word_1_702' title='bbox 1902 5560 1914 5569; x_wconf 73' lang='grc'><em>’</em></span> <span class='ocrx_word' id='word_1_703' title='bbox 2129 5560 2231 5617; x_wconf 83' lang='grc' dir='ltr'>μου</span> <span class='ocrx_word' id='word_1_704' title='bbox 2265 5560 2405 5601; x_wconf 79' lang='grc' dir='ltr'>εστε.</span> 
     </span>
     <span class='ocr_line' id='line_1_107' title="bbox 833 5596 1509 5657; baseline 0.009 -6"><span class='ocrx_word' id='word_1_705' title='bbox 833 5596 921 5656; x_wconf 85' lang='grc'><strong>29,</strong></span> <span class='ocrx_word' id='word_1_706' title='bbox 950 5599 1034 5654; x_wconf 78' lang='grc' dir='ltr'><strong>οο.</strong></span> <span class='ocrx_word' id='word_1_707' title='bbox 1057 5599 1267 5654; x_wconf 89' lang='lat' dir='ltr'><strong>Comm.</strong></span> <span class='ocrx_word' id='word_1_708' title='bbox 1300 5616 1509 5657; x_wconf 74' lang='lat' dir='ltr'><strong>unicus.</strong></span> 
     </span>
    </p>
   </div>
  </div>
