3990 6208
290 295 429 350 1285

1109 291 1197 348 DE
1241 292 1519 350 TlTULlS
1557 291 2007 349 PSALMORUM.
2049 323 2120 333 —-
2157 292 2331 344 PSAL
2393 287 2724 344 CXXXVIII.

3396 288 3531 343 £9.86

352 406 440 466 36.
475 408 939 481 Ἐξαριθμήσομαι
972 409 1188 476 αὐτοὺς,
1215 411 1308 464 καὶ
1343 410 1483 482 ὑπὲρ
1507 410 1690 481 ἄμμον
1723 410 1861 480 πλη-
1893 418 1920 474 Α

2030 408 2118 464 56.
2153 406 2518 463 Dinumerabo
2551 420 2666 468 cos,
2719 413 2771 456 et
2799 416 2962 472 super
3002 415 3226 456 arenam
3271 400 3532 471 multipli-

289 499 642 571 θυνθήσονται
663 517 677 532 ο

359 592 446 647 57.
486 592 837 665 Ἑξηγέρθην,
865 595 959 648 καὶ
994 594 1073 647 ἔτι
1102 594 1218 664 εἰμὶ
1245 593 1384 664 μετά
1419 594 1535 646 σοῦ.

357 684 448 740 58.
487 683 611 736 Ἐὰν
642 685 966 756 ἀποκτείνῃς
999 684 1377 756 ἁμαρτωλοὺς,
1409 687 1438 738 ὁ
1461 683 1593 748 Θεός
1613 702 1625 714 ·

353 774 442 832 59.
474 775 699 846 Ἀνδρες
732 776 998 846 αἱμάτων,
1025 776 1308 830 ἐκκλίνατε
1342 777 1435 829 ἀπ’
1465 773 1600 847 ἐμοῦ
1621 791 1634 806 ·

361 866 449 921 40.
483 868 601 920 Ὅτι
628 868 840 939 ὲρισταί
875 871 995 921 ἐστε
1030 871 1110 931 εἰς
1138 866 1557 939 διαλογισμούς·

359 956 448 1010 41.
473 957 746 1027 Λήψονται
778 959 856 1022 είς
891 959 1221 1030 ματαιότητα
1247 960 1344 1022 τὰς
1375 959 1557 1022 πόλεις
1591 957 1754 1032 [con].

359 1045 450 1099 42.
485 1049 620 1117 Οὐχὶ
649 1049 772 1112 τοὺς
807 1049 1096 1120 μισοῦντάς
1130 1067 1209 1115 σε,
1240 1051 1433 1121 Κύριε,
1466 1053 1737 1122 ἐμίσησα;

356 1139 444 1194 45.
482 1141 592 1193 Καὶ
629 1142 721 1194 ἐπὶ
762 1143 887 1205 τοὺς
915 1141 1144 1214 ἐχθρούς
1188 1159 1283 1197 σου
1312 1141 1462 1214 [τοῖς
1486 1143 1700 1216 ἐχθροῖς
1731 1145 1862 1217 σου]

289 1229 626 1303 ἐξετηκόμην
645 1247 662 1298 ;

359 1323 446 1376 44.
472 1324 687 1378 Τέλειον
713 1327 865 1395 μῖσος
891 1327 1111 1398 ἐμίσουν
1136 1327 1332 1391 αὐτούς
1351 1346 1365 1360 ο

357 1415 443 1469 45.
479 1417 574 1478 Ei;
602 1416 827 1486 ἐχθροὺς
864 1419 1108 1488 ἐγένοντό
1138 1437 1249 1491 μοι.

354 1507 444 1562 46.
470 1508 769 1578 Δοκίμασόν
800 1527 868 1578 με
887 1551 902 1574 ,
935 1514 964 1564 ό
999 1511 1164 1576 Θεὸς,
1193 1511 1287 1565 καὶ
1312 1510 1480 1576 γνῶθι
1505 1509 1603 1578 τὴν
1633 1509 1862 1584 καρδίαν

293 1619 396 1673 μου
419 1619 431 1632 ·

362 1695 446 1750 47.
484 1695 715 1750 Ἐτασόν
744 1715 832 1768 με,
858 1698 948 1751 καὶ
971 1699 1142 1768 γνῶθι
1169 1700 1267 1764 τὰς
1291 1698 1512 1770 τρίϐους
1547 1713 1669 1768 μου.

1966 503 2236 558 cabunlur
2262 519 2275 555 :

2037 593 2125 647 57.
2167 590 2485 650 Exsurrexi.
2513 597 2566 642 et
2589 587 2768 642 adhuc
2797 601 2918 642 sum
2947 594 3145 640 tecum.

2039 683 2127 736 58.
2169 680 2228 735 Si
2257 680 2546 742 occideris,
2581 678 2746 743 Deus,
2777 681 3092 746 peccatores
3119 691 3134 726 :

2035 773 2124 828 59.
2164 771 2278 826 Viri
2307 771 2660 841 sanguinum,
2697 767 2961 822 declinate
2990 781 3020 818 a
3055 780 3140 818 me
3168 779 3182 817 :

2037 867 2127 922 40.
2165 865 2302 931 Quia
2331 861 2662 918 contentiosi
2695 861 2825 914 estis
2857 859 2910 911 in
2941 856 3365 928 c0gitationibus
3393 872 3407 908 :

2036 963 2125 1018 41.
2161 961 2443 1030 Accipient
2475 959 2530 1012 in
2557 955 2798 1011 vanitate
2822 954 3072 1008 civitates
3109 947 3298 1023 [tuas].

2035 1055 2125 1110 42.
2164 1053 2355 1108 Nonne
2385 1051 2480 1122 qui
2511 1050 2745 1104 oderunt
2777 1055 2847 1110 te,
2885 1044 3132 1107 Domine,
3165 1038 3434 1097 oderam?

2033 1144 2123 1199 45.
2168 1143 2234 1198 Et
2261 1157 2424 1212 super
2447 1140 2696 1194 inimicos
2722 1143 2847 1191 tuos
2876 1130 3258 1189 tabescebam?

2037 1332 2128 1386 44.
2167 1327 2417 1384 Perfecto
2450 1327 2575 1381 odio
2601 1323 2826 1379 oderam
2865 1322 2986 1376 illos

2029 1425 2119 1481 45.
2158 1422 2373 1478 Inimici
2407 1420 2534 1475 facti
2559 1425 2688 1473 sunt
2715 1416 2869 1471 mihi.

2033 1514 2124 1570 46.
2142 1513 2319 1568 Proba
2348 1527 2456 1580 me,
2478 1509 2623 1566 Deus
2647 1549 2663 1576 ,
2682 1517 2736 1564 et
2761 1507 2897 1563 scito
2913 1519 3007 1560 cor
3021 1517 3202 1558 meum
3217 1501 3259 1570 εξ

2035 1693 2124 1748 47.
2167 1695 2446 1761 Interroga
2473 1703 2580 1756 me,
2605 1697 2659 1743 et
2689 1699 2959 1755 cognosce
2985 1683 3207 1740 semitas
3236 1695 3408 1737 meas.

361 1788 449 1843 48.
475 1788 582 1841 Καὶ
611 1787 706 1853 ἴδε,
737 1758 784 1841 ἐξ
803 1758 918 1852 όδὸς
939 1758 1010 1861 [εἰ
1038 1791 1182 1843 ἔστιν
1368 1758 1598 1860 ἀνομίας
1621 1789 1679 1843 ἐν
1701 1787 1825 1842 ἐμοί
1843 1804 1858 1819 ο
1888 1758 1920 1818 Ῑ

2035 1786 2127 1842 48.
2165 1784 2230 1839 Et
2254 1758 2406 1848 vide,
2417 1799 2464 1838 ει
2484 1783 2567 1836 via
2583 1781 2651 1854 [si
2668 1789 2752 1836 cst
2766 1778 2875 1851 vta]
2891 1779 3192 1849 iniquitatis
3206 1777 3258 1830 in
3279 1791 3363 1829 me
3388 1788 3404 1826 :

365 1879 449 1935 49.
478 1881 588 1934 Καὶ
613 1881 875 1952 ὁδήγησόν
907 1899 974 1953 με
1001 1884 1060 1937 ἐν
1089 1883 1194 1953 ὁδῷ
1223 1883 1437 1954 αἰωνίᾳ.

1405 2057 1779 2115 ATHANASII

361 2235 448 2294 36.
479 2235 699 2292 Δώδεκά
726 2239 852 2303 είσι,
876 2237 971 2292 καὶ
997 2235 1087 2290 τὸν
1107 2235 1312 2308 κόσμον
1342 2235 1461 2290 ὅλον
1480 2234 1569 2289 διὰ
1590 2233 1680 2289 τοῦ
1704 2235 1864 2305 λόγου

291 2330 467 2387 αὐτῶν
491 2333 932 2403 περιποιήσονται
960 2331 1041 2394 είς
1063 2330 1212 2392 υἱοὺς
1239 2329 1332 2381 καὶ
1363 2328 1687 2399 θυγατέρας.

360 2509 447 2567 37.
486 2509 886 2582 Ἐζωοποιήθην
912 2509 999 2563 διὰ
1027 2505 1122 2562 τοῦ
1166 2507 1566 2578 βαπτίσματος,
1592 2507 1688 2558 κα.)¹
1714 2505 1864 2560 ἀδια-

291 2596 522 2662 λείπτως
549 2597 741 2668 ἔσομαι
776 2598 911 2668 μετά
941 2596 1056 2650 σοῦ.

291 2773 323 2835 ὃ
350 2688 450 2834 958.
491 2689 615 2742 Ἐὰν
641 2688 1054 2762 θανατώσῃςταύ
1073 2705 1172 2752 τας
1187 2687 1286 2752 τὰς
1312 2687 1561 2751 ἐναντίας
1587 2687 1864 2758 δυνάμεις,

395 2781 480 2835 εός
501 2798 515 2812 ³

350 2781 480 2844 Θεός
501 2798 515 2812 ·

361 2874 451 2928 59.
499 2875 623 2938 Τοῖς
663 2874 880 2946 δαίμοσι
927 2874 1109 2943 λέγει·
1133 2872 1438 2944 Δίμοπὸται
1474 2871 1868 2944 μισάνθρωποι,

294 2965 683 3037 ἀναχωρήσατε
711 2968 803 3020 ἀπ’
832 2967 966 3036 ἐμοῦ
989 2984 1002 2997 ο

365 3059 452 3113 40.
495 3061 614 3112 ’Ότι
668 3059 992 3131 ἐνθυμήσεις
1041 3058 1286 3131 πονηρὰς
1335 3057 1657 3111 ὑποτίθεσθε
1714 3056 1871 3110 πολε-

295 3154 522 3227 μοῦντες
557 3154 654 3222 (1).

2037 1877 2128 1933 49.
2169 1875 2236 1930 Ει
2259 1875 2432 1930 deduc
2459 1888 2546 1930 me
2577 1873 2634 1926 in
2660 1873 2748 1926 via
2774 1882 2994 1925 aeterna.

1842 2053 2426 2113 INTERPRETATIO.

2045 2214 2133 2269 56.
2166 2210 2459 2267 Duodecim
2495 2214 2659 2273 sunt,
2690 2215 2744 2260 et
2769 2212 2945 2260 totum
2995 2201 3256 2256 mundum
3292 2211 3543 2254 sermone

1973 2322 2075 2362 suo
2109 2307 2162 2360 in
2194 2305 2334 2360 ﬁlios
2382 2311 2436 2357 et
2476 2301 2616 2355 ﬁlias
2671 2313 2769 2368 per
2827 2294 3172 2363 adoptionem
3207 2291 3536 2358 spiritualem

1971 2397 2274 2468 acquirenl.

2045 2491 2133 2545 57.
2160 2486 2440 2558 Baptismo
2465 2481 2767 2538 vivilicatus
2795 2491 2942 2544 sum,
2966 2484 3020 2529 et
3047 2472 3417 2528 indesinenter
3445 2483 3543 2525 ero

1970 2591 2171 2640 tecum.

2041 2676 2129 2730 58.
2165 2671 2223 2727 Si
2252 2667 2416 2725 morti
2446 2663 2751 2728 tradideris,
2788 2661 2951 2728 Deus,
2978 2659 3078 2714 bas
3104 2655 3408 2714 contrarias
3441 2669 3541 2724 po-

1972 2781 2197 2831 testates
2223 2784 2239 2824 Ξ

2046 2866 2137 2921 59.
2184 2863 2535 2918 Daemomnus
2568 2857 2702 2912 dicit
2731 2873 2744 2909 :
2777 2856 3200 2922 Sanguipotores
3228 2861 3419 2904 osores
3445 2843 3545 2898 bo-

1973 2960 2208 3024 niinum,
2237 2955 2472 3010 recedite
2494 2967 2524 3006 a
2555 2965 2643 3004 mc
2673 2966 2687 3002 :

2044 3054 2133 3108 40.
2150 3049 2290 3118 Quia
2306 3045 2667 3120 cogitationes
2687 3053 2884 3111 pravas
2908 3041 3213 3108 pugnantes
3238 3029 3541 3100 subjicitis:

365 3247 453 3302 Μ.
484 3203 949 3318 Αίὲμίαλωτίξουσι
973 3263 1073 3309 τας
1111 3261 1287 3315 ψυχας
1323 3248 1432 3297 τῶν
1467 3244 1768 3315 ἀνθρώπων
1793 3245 1871 3306 είς
1899 3262 1920 3318 (

2043 3234 2133 3289 41.
2163 3225 2418 3300 Captivas
2459 3224 2732 3281 abducent
2755 3218 2967 3275 animas
2995 3203 3295 3270 liominum'
3310 3209 3366 3263 in
3391 3204 3547 3260 vani~

299 3341 506 3412 μάτην⁹
533 3341 692 3394 πάλιν
713 3340 822 3412 γὰρ
849 3338 1236 3410 ἐπιστρέφουσι
1261 3336 1398 3408 πρὸς
1422 3335 1504 3389 σέ.

367 3434 453 3488 42.
473 3432 612 3502 Ἐγὼ
631 3433 687 3485 δὲ
717 3433 923 3494 πάντας
946 3431 1071 3494 τοὺς
1099 3427 1528 3499 ἀνθισταμένους
1551 3429 1619 3498 τῇ
1647 3425 1874 3499 ἀληθείᾳ

301 3543 415 3589 σου,
447 3525 638 3596 Κύριε,
674 3523 932 3593 ἐμίσησα.

369 3617 460 3670 45.
489 3615 600 3668 Καὶ
642 3613 734 3665 ἐπὶ
766 3615 878 3674 τοῖς
910 3607 1224 3663 ἀπειθοῦσιν
1252 3607 1328 3677 (2)
1374 3605 1713 3677 ἐξετηκόμην
1767 3606 1874 3658 ἀπὸ

299 3707 394 3760 τοῦ
419 3706 600 3778 ζήλου.
635 3705 744 3756 Καὶ
769 3701 942 3764 ἄλλως
971 3701 1029 3753 δὲ
1059 3702 1258 3754 νοεῖται
1287 3700 1316 3751 ὁ
1347 3698 1507 3762 αὐτὸς
1536 3696 1718 3767 στίχος
1741 3713 1757 3727 ο
1782 3697 1876 3748 καὶ

301 3799 394 3852 ἐπὶ
437 3801 556 3860 ταῖς
607 3795 876 3858 ἐναντίαις
913 3793 1174 3863 δυνάμεσι
1206 3789 1296 3843 διά
1337 3789 1445 3861 τῆς
1487 3788 1741 3860 νηστείας
1785 3788 1876 3840 καὶ

302 3889 402 3957 ὲγκ
411 3887 648 3960 ρατείας.

372 3978 457 4032 44.
487 3977 622 4031 Οὔτε
649 3973 1050 4047 προσηγόρευον
1094 3972 1220 4034 τοὺς
1250 3968 1482 4042 ἐχθροὺς
1506 3969 1604 4038 τῆς
1638 3965 1876 4029 πίστεώς

302 4088 419 4124 σου.

373 4164 461 4219 45.
491 4162 677 4226 Οὕτως
710 4160 1106 4230 ἐϐδελυσσόμην
1139 4157 1335 4220 αὐτοὺς
1357 4195 1372 4221 ,
1407 4157 1484 4219 ὡς
1522 4153 1875 4224 ἐπισυστῆναι

300 4256 497 4321 αὐτοὺς
525 4255 642 4326 ἅμα
669 4255 753 4307 ἐπ’
786 4253 906 4324 ἐμὲ,
937 4253 1016 4315 εἰς
1050 4250 1109 4304 τὸ
1143 4247 1400 4318 φονεῦσαί
1434 4265 1523 4319 με.

371 4349 457 4404 46.
511 4345 832 4416 Ἐπὶσκεψαι
873 4343 971 4414 τὴν
1017 4341 1240 4414 καρδίαν
1289 4357 1415 4410 μου,
1463 4338 1558 4394 καὶ
1601 4337 1874 4411 πρόσχες,

299 4442 350 4494 εί
380 4440 456 4511 (5)
485 4439 566 4502 είς
594 4438 768 4492 πάντα
796 4433 1054 4489 ἐπακούει
1078 4449 1193 4485 σου.

370 4532 454 4586 47.
503 4531 815 4600 Ἀνάκρινον
836 4527 936 4599 τὴν
962 4527 1189 4600 καρδίαν
1219 4543 1342 4598 μου,
1367 4525 1462 4579 καὶ
1494 4523 1755 4592 ἐπίγνωθι
1777 4521 1875 4586 τάς

309 4623 626 4695 ἐνθυμήσεις
657 4639 780 4694 μου.

375 4716 460 4772 48.
507 4717 617 4770 Καὶ
654 4714 748 4768 ἐὰν
793 4713 960 4787 εὕρῃς
1007 4713 1066 4766 ὲν
1107 4713 1233 4783 ἐμοὶ
1275 4709 1573 4782 ἐπιθυμίαν
1607 4707 1875 4780 πονηρὰν,

303 4807 634 4880 φυγάὸευσον
661 4805 828 4879 αὐτὴν
852 4809 918 4877 τῇ
950 4804 1131 4878 χάριτί
1169 4821 1283 4858 σου.

375 4901 460 4957 49.
487 4900 596 4955 Kal
621 4899 887 4972 όδήγησόν
915 4916 981 4969 με
1014 4900 1072 4952 ἐν
1097 4900 1164 4970 τῇ
1214 4896 1416 4968 αἰωνίῳ
1439 4894 1516 4966 (4)
1542 4895 1676 4965 ζωῇ.

1980 3336 2111 3390 tate,
2135 3339 2327 3379 rursus
2351 3321 2495 3376 enim
2522 3320 2905 3373 convertentur
2928 3309 2994 3364 ad
3019 3317 3090 3363 te.

2049 3418 2139 3473 42.
2190 3415 2303 3484 Ego
2347 3421 2527 3467 autem
2562 3422 2752 3464 omnes
2779 3405 3127 3458 adversantes
3156 3393 3373 3454 veritati
3418 3400 3545 3457 tuae,

1981 3510 2231 3571 Domine,
2265 3508 2505 3561 oderam.

2052 3601 2139 3653 45.
2187 3598 2254 3652 Ει
2285 3612 2446 3667 super
2486 3593 2860 3648 inobedientes
2906 3587 3003 3643 tibi
3049 3581 3390 3640 tabescebam
3438 3592 3550 3648 prae

1983 3692 2118 3746 zelo.
2162 3690 2335 3743 Aliter
2384 3696 2564 3741 autem
2616 3684 2934 3752 intelligitur
2981 3682 3082 3734 iste
3127 3675 3432 3730 versiculus
3491 3671 3548 3724 in

1983 3785 2130 3839 hunc
2175 3781 2398 3836 modum
2439 3790 2494 3833 et
2541 3794 2706 3848 super
2755 3774 3056 3832 contrarias
3089 3778 3383 3841 potestates
3408 3765 3550 3837 jeju-

1982 3877 2077 3930 nio
2100 3883 2154 3929 et
2178 3871 2510 3928 continentia
2538 3869 2905 3924 tabescebam.

2049 3965 2143 4021 44.
2166 3963 2352 4020 Neaue
2378 3960 2684 4018 salutabam
2718 3957 2970 4012 inimicos
3003 3955 3127 4010 ﬁdei
3160 3961 3283 4007 tuae.

1982 4152 2003 4212 ξ
2052 4149 2142 4205 45.
2172 4147 2250 4202 Ita
2279 4159 2375 4201 eos
2406 4140 2752 4199 abominatus
2783 4152 2926 4202 sum,
2950 4143 3010 4190 ut
3037 4131 3201 4188 simul
3228 4128 3330 4199 ipsi
3363 4127 3549 4183 consi-

1984 4249 2190 4298 sterent
2212 4240 2267 4293 in
2300 4252 2408 4301 me,
2434 4244 2494 4289 ut
2521 4249 2608 4288 me
2636 4229 2965 4287 occiderent.

2053 4334 2144 4390 46.
2180 4331 2354 4386 Visita
2379 4343 2473 4384 cor
2497 4339 2703 4388 meum,
2744 4328 2800 4376 et
2845 4318 3081 4381 attende,
3127 4316 3173 4370 si
3200 4315 3257 4368 in
3295 4309 3552 4367 omnibus

1982 4427 2079 4484 tibi
2107 4425 2458 4492 obtemperet.

2057 4519 2148 4574 47.
2176 4513 2422 4586 Dijudica
2465 4525 2561 4566 cor
2599 4521 2805 4572 meum,
2838 4513 2893 4560 et
2932 4515 3167 4574 agnosce
3194 4496 3554 4570 cogitationes

1908 4621 1952 4676 Ῐ)
1981 4627 2170 4674 ωθθε.,

2055 4703 2145 4759 48.
2181 4701 2247 4757 Ει
2276 4699 2324 4755 si
2353 4693 2628 4753 inveneris
2654 4692 2710 4747 in
2733 4704 2821 4746 me
2851 4686 3322 4758 concupiscentias
3355 4696 3554 4744 intus.

1983 4799 2120 4869 ejicc
2147 4810 2262 4860 eas,
2295 4791 2466 4862 gratia
2499 4797 2610 4842 tua.

2053 4889 2143 4944 49.
2175 4885 2242 4940 Ει
2271 4885 2448 4940 deduc
2475 4895 2564 4935 me
2596 4880 2651 4935 in
2683 4877 2850 4934 vitam
2885 4882 3165 4930 aeternam.

1259 5070 1571 5136 Addenda
1606 5074 1669 5131 et
1699 5064 2073 5146 corrigenda
2107 5079 2188 5124 ex
2233 5060 2376 5122 cod.
2406 5058 2607 5122 Vatic.

380 5270 456 5413 μ)
485 5269 860 5343 Πολεμοῦντές
893 5283 980 5338 με.

404 5343 458 5412 ‘2)
496 5341 803 5396 Ἀπειθοῦσι
854 5341 968 5413 τοῖς

404 5325 458 5412 ⁸2)
489 5325 803 5396 ἶιίίττεῖθοῡσι.
839 5325 968 5412 ’τοῖς
996 5405 1008 5412 _
1036 5329 1417 5412 προστάγμασι
1484 5344 1579 5382 σου
1600 5325 1881 5412 ’ἐξετηκό-

307 5397 603 5487 μηνίθιοη
631 5412 688 5467 δὲ
719 5397 1054 5483 νοητέονήτδν
1084 5397 1244 5458 αὐτὸν
1262 5397 1488 5470 στίχονο
1519 5397 1634 5465 καί,
1668 5408 1772 5453 etc.

2059 5250 2137 5320 (5)
2162 5251 2278 5305 Ἵνα
2305 5250 2406 5313 εἰς,
2435 5257 2543 5305 etc.

2055 5324 2133 5397 (4)
2160 5321 2386 5391 Αιωνίᾳ,
2419 5329 2526 5375 etc.
