3990 6208
339 293 482 352 1289
1235 304 1321 358 DE
1362 303 1640 360 TITULIS
1680 305 2130 363 PSALMURUM.
2174 341 2241 349 —-
2281 309 2472 365 PSAL.
2504 309 2791 367 CXXXIX.
3442 316 3581 374 1290

408 413 494 468 15.
535 410 676 467 Εἷπα
702 416 781 488 τῷ
806 418 1027 490 Κυρίῳ·
1057 418 1190 483 Θεός
1224 439 1325 492 μου
1354 418 1405 475 εἷ
1431 422 1516 476 σύ.
1936 437 1981 492 Α

1936 437 1981 492 Α
2087 427 2168 480 15.
2204 402 2324 480 Ι)ίῖιὶ
2356 427 2583 482 Domino
2611 449 2625 483 :
2657 428 2799 486 Deus
2833 445 2987 486 meus
3017 447 3075 487 es
3098 441 3177 489 tu.

407 503 495 559 14.
524 505 821 571 Ἐνώτισαι,
843 509 1034 580 Κύριε,
1060 510 1160 581 τὴν
1189 513 1371 581 φωνὴν
1398 513 1497 583 τῆς
1525 513 1761 586 δεήσεως
1789 532 1909 585 μου.

2083 516 2168 570 11.
2206 517 2435 582 Exaudi,
2460 516 2709 585 Domine,
2745 536 2930 575 vocem
2960 523 3359 592 deprecationis
3388 545 3539 589 mea.

405 596 492 650 15.
535 598 727 669 Κύριε,
758 600 948 671 Κύριε,
982 600 1211 672 δύναμις
1235 602 1334 671 τῆς
1369 605 1643 677 σωτηρίας
1679 623 1804 676 μου,

1790 645 1804 670 ,
2085 606 2172 659 15.
2210 605 2460 670 Domine,
2494 606 2745 677 Domine,
2780 611 2953 667 virtus
2987 614 3178 670 salutis
3201 632 3366 683 meae,

411 688 496 742 16.
524 691 879 757 Ἐπεσκίασας
907 695 997 747 ὲπὶ
1024 694 1123 765 τὴν
1152 695 1390 765 κεφαλήν
1416 713 1518 767 μου
1540 700 1597 752 ὲν
1616 698 1797 770 ἡμέρα
1818 714 1914 751 πο-

2086 694 2172 748 16.
2199 694 2549 752 Obumbrasti
2575 712 2737 768 super
2759 709 2922 770 caput
2945 717 3126 758 meum
3158 703 3211 760 in
3245 706 3332 762 die
3358 707 3501 764 belli.

338 778 394 830 λέ
404 796 503 848 μου
511 818 526 832 .

408 868 494 924 17.
533 870 623 941 Μὴ
673 871 931 943 παραδῴς
973 889 1041 944 με
1071 872 1169 946 (a),
1199 873 1389 945 Κύριε,
1425 875 1532 928 ἀπὸ
1574 875 1675 945 τῆς
1724 876 1912 930 ὲπιθυς

2086 867 2170 923 17.
2203 866 2280 924 Ne
2305 871 2484 928 tradas
2510 889 2616 942 me,
2644 873 2890 942 Domine,
2937 895 2967 933 a
2990 880 3260 938 desiderio
3301 901 3423 940 meo
3452 903 3577 957 pec-

340 960 468 1031 μίας
503 979 601 1032 μου
627 962 959 1035 ἁμαρτωλῷ.

627 962 959 1035 ἁμαρτωλῷ.
2009 961 2197 1016 calori.

410 1052 495 1107 18.
534 1054 909 1124 Διελογίσαντο
937 1059 1056 1110 κατ’
1083 1057 1240 1129 ἐμοῦ,
1273 1058 1348 1131 μὴ
1394 1058 1765 1131 ὲγκαταλίπῃς
1820 1078 1905 1131 με,

2083 1054 2169 1108 18.
2199 1055 2584 1126 Cogitaverunt
2610 1070 2801 1117 contra
2828 1080 2917 1120 me
2940 1104 2955 1133 ,
2988 1080 3057 1122 ne
3083 1068 3426 1145 derelinquas
3467 1091 3570 1142 me,

342 1142 553 1214 μήποτε
581 1143 888 1211 ὑψωθῶσιν.

2012 1163 2080 1202 ne
2110 1147 2249 1203 forte
2276 1152 2598 1208 exaltentur.

409 1234 494 1288 19.
518 1234 583 1287 Ἡ
611 1236 819 1308 κεφαλὴ
846 1235 943 1289 τοῦ
972 1236 1326 1308 κυκλώματος
1357 1238 1556 1293 αὐτῶν.

1357 1238 1556 1293 αὐτῶν.
2085 1240 2173 1295 19.
2211 1240 2388 1312 Caput
2411 1244 2676 1301 circuitus
2702 1262 2912 1302 eorum.

405 1323 494 1377 20.
536 1325 715 1389 Κόπος
734 1326 842 1379 τῶν
867 1326 1088 1397 χειλέων
1112 1327 1289 1381 αὐτῶν
1316 1328 1542 1398 καλύψει
1571 1328 1766 1393 αὐτούς
1787 1345 1801 1359 ο

1787 1345 1801 1359 ο
2080 1332 2170 1387 20.
2208 1333 2388 1389 Labor
2413 1336 2682 1392 labiorum
2715 1339 2957 1408 ipsorum
2986 1353 3192 1411 opertet
3229 1360 3323 1401 eos
3351 1365 3362 1401 :

403 1414 492 1469 21.
534 1415 830 1469 Πεσοῦνται
852 1418 939 1469 ἐπ’
963 1417 1160 1481 αὐτοὺς
1184 1417 1456 1490 ἄνθρακες
1474 1434 1487 1448 ⁶

1474 1434 1487 1448 ο
2079 1424 2167 1477 21.
2208 1425 2416 1481 Cadent
2443 1443 2606 1498 super
2630 1445 2725 1485 eos
2751 1431 3045 1489 carbones:

402 1506 490 1560 22.
521 1508 607 1559 Ἐν
632 1509 763 1580 πυρὶ
792 1508 1118 1574 καταϐαλεῖς
1145 1511 1341 1576 αὐτούς
1372 1510 1454 1583 [ἐν
1475 1514 1540 1583 τῇ

1595 1510 1686 1583 ’Μ-
2078 1517 2169 1572 22.
2204 1516 2265 1571 ln
2291 1518 2469 1587 ignem
2493 1520 2713 1589 dejicies
2745 1536 2840 1577 eos
2872 1521 2954 1594 [in
2984 1525 3171 1598 terra].

400 1599 489 1653 25.
511 1600 602 1653 Ἐν
623 1600 1031 1672 ταλαιπωρίαις,
1068 1604 1160 1656 καὶ
1188 1604 1248 1656 οὐ
1287 1603 1359 1675 μὴ
1396 1604 1724 1667 ὑποστῶσιν.

1436 1604 1724 1667 ποστῷσιν.
2079 1608 2169 1663 23.
2206 1606 2264 1661 1η
2291 1609 2525 1665 miseriis
2554 1625 2663 1665 non
2698 1613 3012 1668 subsistent.

400 1688 490 1744 24.
512 1689 675 1763 Ἀνὴρ
704 1689 1029 1763 γλωσσώδης
1055 1692 1117 1745 οὐ
1149 1692 1637 1765 κατευθυνθήσεται
1669 1692 1763 1747 ἐπὶ
1810 1694 1907 1765 τῆς

1756 1714 1763 1747 ;
1810 1694 1907 1765 τῆς
2078 1698 2168 1753 24.
2199 1700 2294 1754 Vir
2315 1701 2598 1772 linguosus
2639 1718 2752 1757 non
2774 1703 3037 1774 dirigetur
3057 1705 3113 1760 in
3144 1716 3286 1763 terra
3315 1725 3332 1763 :

404 1799 431 1847 ς
450 1800 465 1814 ο
1346 1812 1349 1817 -
1934 1809 1978 1864 Β
2838 1832 2839 1835 η

329 1799 707 1948 ηέὅῗᾋνδρα
756 1869 940 1932 ἄδικον
985 1879 1132 1934 κακά
1175 1877 1428 1952 θηρεύσει
1476 1877 1767 1952 [θηρεύσῃ]
1819 1881 1901 1942 εἰς

1856 1881 1901 1942 ξς
1934 1809 1978 1864 Β
2079 1877 2168 1932 25.
2202 1877 2388 1931 Virum
2412 1877 2673 1948 iniustum
2708 1881 2850 1935 mala
2874 1882 3091 1953 capient
3115 1886 3168 1942 in
3191 1887 3432 1946 interitu.

328 1964 638 2035 διαφθοράν.

397 1984 414 2018 ι
459 1984 517 2019 uo
555 1984 638 2023 αν.

397 1984 734 2128 ἕθπῗὲγνων,
784 2060 867 2114 ὃτι
911 2063 1125 2132 ποιήσει
1176 2060 1379 2134 Κύριος
1432 2060 1531 2133 τὴν
1571 2062 1751 2134 κρίσιν
1791 2061 1900 2116 τῶν

2076 2053 2166 2108 26.
2198 2052 2478 2125 Cognovi,
2518 2056 2649 2127 quia
2692 2056 2855 2114 faciet
2890 2060 3156 2120 Dominus
3193 2066 3459 2136 judicium
3492 2070 3577 2127 in-

331 2146 578 2217 πτωχῶν,

2005 2156 2168 2218 upum
2196 2185 2211 2213 ,

400 2242 480 2313 (a)
522 2244 606 2298 Με
644 2236 818 2302 deest.

1452 2316 1545 2371 AT
1550 2312 1829 2371 HANASII
1867 2311 2458 2379 INTERPRETATIO.

394 2430 482 2495 15,
515 2432 602 2487 14.
644 2432 721 2502 (1)
741 2428 883 2502 Ἐγὼ
912 2433 969 2486 δὲ
995 2427 1126 2488 εἶπα
1164 2433 1241 2506 τῷ
1266 2432 1487 2509 Κυρίῳ’
1522 2434 1655 2499 Θεός
1703 2452 1803 2508 μου
1849 2431 1902 2488 εἴ

2077 2433 2163 2499 15,
2202 2432 2288 2486 11.
2330 2431 2443 2501 Ego
2474 2439 2654 2488 autem
2688 2432 2802 2488 dixi
2827 2428 3060 2490 Domino
3092 2454 3107 2491 :
3140 2434 3281 2494 Deus
3320 2451 3474 2498 meus
3513 2460 3575 2501 es

327 2524 391 2577 σὺ
420 2525 449 2576 ό
476 2523 828 2596 σταυρωθείςο
860 2523 1109 2594 ἄκουσον,
1140 2524 1336 2599 Κύριε,
1360 2527 1454 2582 τοῦ
1479 2526 1782 2598 στεναγμοῦ
1803 2527 1899 2598 τῆς

2006 2532 2083 2588 tu,
2110 2526 2201 2594 qui
2231 2520 2526 2580 cruciﬁxus
2558 2537 2646 2588 es;
2681 2524 2837 2592 audi,
2880 2523 3134 2593 Domine,
3163 2530 3420 2599 gemitum
3450 2546 3574 2589 cor-

692 2656 705 2669 .
2003 2616 2088 2671 dis
2116 2614 2243 2670 mei.

324 2613 552 2686 καρδίας
581 2632 705 2687 μου.

394 2704 481 2759 15.
509 2704 703 2776 Κύριε,
733 2707 927 2778 Κύριε,
957 2706 1025 2761 τὰ
1054 2707 1353 2780 παθήματά
1377 2725 1472 2762 σου
1503 2710 1641 2763 εἰσὶν
1677 2710 1754 2773 είς
1792 2724 1895 2762 σω-

2003 2616 2088 2671 dis
2116 2614 2243 2670 mei.

2074 2705 2164 2761 15.
2197 2705 2445 2773 Domine,
2469 2703 2721 2781 Domine,
2741 2708 3023 2778 passiones
3045 2720 3151 2769 ture
3167 2724 3296 2771 sunt
3316 2715 3370 2770 in
3394 2731 3570 2773 meam

321 2811 387 2866 τη
398 2795 515 2867 ρίαν
543 2814 664 2868 μου.

2005 2799 2260 2854 salutem.

392 2888 478 2943 16.
514 2889 886 2961 Κατέπεμψας
911 2891 1012 2962 τὴν
1047 2892 1209 2964 χάριν
1235 2910 1331 2947 σου
1360 2898 1616 2967 φρουρεῖν
1637 2896 1734 2968 τὴν
1762 2908 1899 2969 καρ‹

2074 2888 2162 2947 16.
2197 2890 2389 2947 Misisti
2437 2893 2667 2963 gratiam
2718 2905 2869 2952 tuam
2912 2900 2981 2954 ad
3019 2901 3438 2959 custodiendum
3479 2919 3572 2961 cor

320 2979 437 3033 δίαν
463 2997 563 3050 μου
583 2981 639 3034 ἐν
655 2981 733 3052 τῷ
762 2980 939 3054 καιρῷ
956 2982 1058 3054 τῆς
1081 2983 1405 3050 ἀντιθέσεως
1422 2972 1524 3057 τῆς
1548 2986 1896 3059 ψευδωνύμου

2005 2998 2186 3038 meum
2264 2983 2320 3038 in
2390 2991 2634 3055 tempore
2714 2990 3073 3060 oppositionis
3148 2992 3301 3049 falsa:
3378 3011 3568 3052 eorum

320 3073 499 3151 αὐτῶν
530 3072 795 3138 συνέσεως
820 3074 921 3146 (2).

1929 3078 1972 3137 C
2005 3076 2264 3132 scientiae.
2884 3151 2890 3158 ‘

389 3150 475 3218 17.
509 3164 602 3236 Μὴ
634 3166 1011 3237 συγχωρήσης,
1046 3164 1240 3240 Κύριε,
1288 3168 1365 3239 τῷ
1394 3158 1625 3240 διαϐόλῳ
1660 3170 1901 3241 ἀποστῆ-

2073 3168 2160 3225 17.
2195 3166 2274 3224 Ne
2304 3170 2611 3240 permittas,
2645 3151 2895 3241 Domine,
2920 3176 3159 3243 diabolo,
3202 3187 3260 3234 ut
3289 3195 3376 3235 me
3417 3196 3569 3236 aver-

321 3254 410 3306 σαί
443 3271 512 3325 με
537 3254 635 3325 τῆς
666 3254 900 3321 πίστεώς
928 3273 1023 3311 σου
1044 3274 1059 3289 ο
1094 3256 1233 3330 αὕτη
1257 3259 1366 3328 γὰρ
1389 3258 1623 3332 ὑπάρχει
1650 3263 1684 3332 ὴ
1711 3260 1897 3314 ἐπιθυ-

2001 3267 2131 3314 tata
2156 3259 2261 3315 ﬁde
2285 3269 2377 3315 tua
2397 3300 2414 3324 ,
2443 3263 2702 3333 quoniam
2735 3263 2853 3335 ipsa
2882 3275 2966 3322 est
2993 3267 3323 3325 desiderium
3361 3287 3566 3327 meum.

323 3344 419 3415 μία
450 3362 569 3415 μου.

392 3438 477 3492 18.
501 3438 829 3509 Ἐσκεψαντό
874 3458 1025 3506 τινας
1069 3442 1443 3515 ὲξερευνήσεις
1489 3445 1609 3497 κατ’
1638 3442 1771 3515 ἐμοῦ
1802 3442 1901 3515 ('5),

2066 3432 2153 3488 18.
2184 3433 2422 3490 Meditati
2459 3446 2587 3491 sunt
2629 3437 3043 3497 adinventiones
3071 3445 3334 3513 quasdam
3377 3456 3567 3504 contra

317 3528 454 3600 πρὸς
478 3527 538 3581 τὸ
570 3530 848 3599 ἀπατῆσαί
873 3548 940 3601 με
962 3548 974 3561 ο
1011 3532 1408 3606 μὴιάντανέλῃς
1448 3533 1545 3606 τὴν
1583 3536 1742 3606 χάριν
1780 3551 1893 3597 σου,

2001 3542 2088 3581 me
2110 3566 2125 3591 ,
2177 3536 2236 3582 ut
2282 3543 2370 3583 me
2402 3529 2713 3599 deciperent
2742 3548 2758 3598 ;
2798 3548 2866 3588 ne
2903 3534 3122 3592 auferas
3153 3553 3183 3592 a
3216 3554 3301 3593 me
3340 3542 3565 3608 gratiam

321 3622 530 3693 μήποτε
556 3621 960 3693 καυχήσωνται,
984 3624 1061 3688 ὡς
1090 3626 1439 3698 ἠδικήσαντο.

1998 3623 2181 3684 tuam,
2225 3620 2515 3689 nequando
2574 3621 2893 3691 glorientur,
2930 3628 3074 3694 quod
3116 3643 3205 3684 me
3237 3629 3424 3701 inique
3467 3648 3566 3703 op-

2037 3716 2332 3762 τεεεενυηῑ.

386 3797 474 3854 19.
514 3797 587 3851 Τὸ
620 3795 874 3869 φρόνημα
891 3798 991 3870 τῆς
1014 3798 1240 3870 καρδίας
1261 3798 1441 3854 αὐτῶν
1465 3796 1688 3863 ἀσθενὲς
1725 3797 1900 3871 ὑπάρ-

1996 3721 2332 3776 presserunt.

1670 3816 1688 3863 ;
1725 3797 1900 3871 ὑπάρ-
2070 3796 2157 3853 19.
2195 3797 2400 3856 Sensus
2427 3800 2608 3857 cordis
2637 3817 2828 3858 eorum
2868 3804 3119 3862 inﬁrmus
3145 3818 3246 3863 est.

321 3889 828 4054 χε2ίῗ);ι1σθενεῖγσαι
849 3982 1073 4054 ποίησαι
1097 3980 1174 4052 (5)
1199 3980 1291 4035 καὶ
1322 3983 1448 4045 τοὺς
1481 3979 1670 4051 λόγους
1689 3981 1790 4051 τῆς
1811 3996 1897 4035 σο-

2065 3966 2155 4021 20.
2185 3967 2430 4027 Inﬁrmus
2455 3971 2604 4029 eﬂice
2628 3975 2792 4030 etiam
2819 3984 3100 4035 sermones
3146 3982 3425 4052 sapientia:
3469 4001 3562 4043 eo-

319 4070 444 4141 φίας
463 4070 663 4138 αὐτῶν,
677 4073 771 4126 καὶ
791 4070 1053 4126 πεσοῦντε
1072 4070 1505 4144 [ἐπιπεσοῦνται]
1523 4070 1637 4142 ἅμα
1657 4070 1856 4125 αὐτῶν.

1431 4070 1637 4143 λιμμα
1657 4070 1856 4125 αὐτῶν,
1994 4072 2139 4125 rum,
2173 4068 2226 4113 et
2251 4075 2356 4116 una
2393 4076 2515 4117 cum
2545 4063 2679 4134 ipsis
2701 4066 3007 4124 concident.

386 4163 474 4218 21.
505 4148 569 4220 Οἱ
598 4164 706 4235 γάρ
724 4162 872 4234 λόγοι
898 4162 1001 4235 τῆς
1039 4164 1261 4235 χάριτος
1278 4163 1375 4234 (6),
1408 4160 1500 4227 οὓς
1521 4158 1738 4235 λαλήσω
1759 4162 1895 4235 πρὸς

2063 4151 2152 4205 21.
2194 4149 2486 4211 Sermones
2509 4160 2654 4212 enim
2675 4158 2882 4229 gratiae,
2911 4176 3049 4230 quos
3084 4164 3275 4235 loquar
3298 4166 3364 4222 ad
3391 4167 3560 4239 ipsos,

318 4255 535 4320 αὐτοὺς,
564 4256 640 4319 ὡς
668 4255 936 4327 ἄνθρακες
964 4253 1108 4326 [σου]
1128 4252 1528 4330 *ἐπιπεσοῦνται
1563 4255 1648 4306 ἐπ’
1670 4253 1889 4317 αὐτούς.

1440 4270 1528 4306 ται
1563 4255 1648 4306 ἐπ’
1670 4253 1889 4317 αὐτούς,
1992 4242 2157 4298 veluti
2189 4244 2455 4302 carbones
2490 4249 2683 4303 cadent
2711 4262 2874 4320 super
2903 4266 3016 4309 eos.

385 4345 475 4399 22.
494 4345 602 4398 Καὶ
615 4343 692 4415 τῷ
707 4342 981 4414 Πνεύματί
998 4359 1092 4396 σου
1109 4342 1185 4414 τῷ
1201 4342 1341 4413 ἁγίῳ
1356 4338 1648 4414 νεκρώσεις
1666 4343 1885 4407 αὐτούς.

1666 4343 1885 4407 αὐτούς,
2062 4331 2152 4385 22.
2185 4331 2251 4388 Ει
2287 4332 2493 4404 Spiritu
2529 4348 2718 4394 sancto
2752 4349 2845 4396 tuo
2883 4345 3098 4401 occides
3128 4362 3242 4405 eos.

387 4436 571 4491 25.Ἐν
590 4437 706 4500 ταῖς
730 4434 1124 4505 ταλαιπωρίαις
1149 4433 1256 4487 τῶν
1284 4431 1690 4503 σεσοφισμένων
1707 4433 1884 4486 αὐτῶν
1916 4434 1962 4490 D

2062 4424 2151 4478 23.
2182 4424 2238 4479 In
2275 4429 2512 4485 miseriis
2547 4446 2859 4488 sermonum
2892 4451 3138 4504 suorum,
3181 4456 3318 4511 quos
3346 4447 3563 4518 excogi-

316 4525 490 4595 λόγων
515 4514 576 4579 οὗ
601 4526 676 4597 μὴ
703 4523 1000 4597 δυνηθῶσιν
1029 4521 1340 4594 ἀντιστῆναι
1376 4521 1512 4594 πρὸς
1540 4521 1597 4574 σὲ
1624 4521 1722 4593 τὴν
1754 4521 1885 4593 ἀλή-

1841 4522 1885 4593 5-
1994 4525 2263 4584 laverunt,
2292 4534 2400 4574 non
2434 4531 2733 4591 patuerunt
2762 4526 3018 4584 resistere
3048 4532 3261 4588 veritati
3294 4545 3417 4592 tuae.

320 4613 467 4669 θειαν
511 4616 612 4686 (7).

384 4706 473 4760 24.
495 4706 901 4778 Ἀνδριζόμενος
932 4706 1076 4760 κατὰ
1110 4705 1225 4771 σοῦ,
1268 4702 1362 4759 καὶ
1394 4702 1568 4757 λαλῶν
1594 4701 1887 4775 διεστραμι

2060 4694 2149 4749 24.
2180 4693 2501 4754 Obstinatus
2525 4712 2714 4756 contra
2742 4711 2814 4770 te,
2844 4715 2898 4760 et
2920 4722 3173 4776 perverse
3194 4711 3422 4784 loquens
3446 4732 3556 4773 non

321 4799 495 4871 μένως
521 4798 620 4869 (8),
649 4797 747 4851 οὐκ
788 4797 1153 4852 εἰσελεύσεται
1181 4798 1262 4861 είς
1295 4797 1407 4851 ἀνω
1445 4792 1813 4867 Ἰερουσαλήμ.

1505 4792 1813 4867 ερουσαλήμ,
1992 4784 2326 4855 ingredietur
2356 4789 2409 4843 in
2436 4805 2726 4861 supernam
2759 4795 3081 4854 Jerusalem.

384 4886 476 4942 25.
500 4886 702 4957 Ἄνδρα
727 4886 1112 4957 ἀνθιστάμενον
1141 4888 1207 4956 τῇ
1234 4882 1459 4956 ἀληθείᾳ
1500 4882 1596 4937 τοῦ
1629 4881 1764 4935 Θεοῦ
1790 4881 1887 4936 καὶ

2061 4876 2151 4932 2ἵ.
2185 4875 2471 4935 Hominem
2498 4885 2842 4942 resistentem
2876 4890 3070 4945 divina:
3104 4894 3311 4949 veritati
3338 4906 3389 4951 et
3426 4899 3556 4953 reli-

317 4979 376 5032 al.
420 4980 607 5032 λοιπαὶ
656 4977 915 5049 ἁμαρτίαι
962 4975 1434 5049 περικυκλώσουσι
1459 5013 1475 5041 ,
1521 4974 1882 5045 φυλάττουσαι

1989 4981 2095 5035 qua
2126 4980 2348 5038 peccata
2377 4972 2793 5034 circumdabunt
2812 5020 2829 5047 ,
2867 4995 2990 5051 quae
3020 4982 3325 5039 custodient
3346 5000 3469 5041 eum
3501 4989 3554 5043 in

319 5071 489 5125 αὐτὸν·
501 5074 579 5135 εἰς
612 5067 905 5124 ἀπώλειαν.

711 5067 905 5123 ὓλειαν.
1989 5060 2287 5116 interitum.

387 5162 478 5217 26.
530 5156 679 5229 Οἶδα,
705 5162 786 5215 ὅτι
839 5160 1053 5231 ποιήσει
1081 5158 1284 5230 Κύριος
1322 5162 1421 5233 τὴν
1463 5152 1736 5231 ἐκδίκησιν
1775 5155 1883 5210 τῶν

2058 5152 2149 5207 26.
2184 5153 2338 5222 Novi,
2366 5160 2509 5229 quod
2533 5159 2696 5218 faciet
2724 5162 2989 5249 Dominus
3017 5166 3310 5223 vindictam
3336 5178 3555 5227 sancto-

320 5255 488 5325 ἀγίων
515 5253 699 5310 αὐτοῦ.

1986 5260 2111 5299 rum
2146 5260 2390 5302 suorum.

1265 5366 1570 5430 Addenda
1616 5376 1673 5431 et
1706 5362 2079 5447 corrigenda
2117 5379 2194 5421 ex
2224 5364 2366 5426 cod.
2402 5362 2603 5430 Vatia.

390 5470 466 5553 (1)
503 5470 571 5523 Ν.
602 5470 689 5535 15,
712 5466 874 5537 Ἐγώ,
920 5477 1025 5524 etc.
1075 5467 1143 5520 N.
1176 5467 1536 5534 11,”Ακουσον
1566 5467 1659 5522 τοῦ
1694 5484 1883 5522 στενα-
2157 5462 2447 5553 Ἐτεάρχοψ

318 5532 484 5611 γμοῦ,
518 5550 625 5595 etc.
675 5532 683 5535 ⁷
786 5532 825 5611 ί
862 5532 868 5534 Ἴ
983 5608 1027 5611 Α
1252 5532 1258 5534 ⁷
1292 5606 1302 5611 _
2172 5532 2414 5611 ροιήσει,
2451 5548 2580 5605 ete.,
2614 5541 2727 5611 ἅμα
2752 5543 2848 5599 σὺν
2876 5544 3080 5610 αὐτοῖς.

392 5602 476 5680 (2)
504 5611 788 5680 Γενέσεωςο
816 5610 915 5680 leg.
944 5606 1464 5680 videturuauvéoswc.
1494 5677 1504 5680 _
1794 5678 1804 5680 _
1861 5674 1880 5680 Α

1109 5606 1464 5680 ιιχσυνέσεως.
1494 5677 1504 5680 _
1794 5678 1804 5680 _
1861 5674 1880 5680 Α
2171 5602 2403 5680 ζάριτός
2430 5624 2545 5673 σου,
2567 5602 2685 5667 ειά.

394 5673 469 5749 (5)
510 5682 629 5734 Ἀπ’
656 5679 822 5751 ὲμοῦξ
867 5673 940 5750 μὴ
979 5678 1269 5750 ἀπανέλῃς
1312 5679 1412 5750 τὴν
1443 5677 1598 5751 χάριν
1645 5695 1735 5731 σου
1762 5674 1882 5751 ⁶ἀπ’
2174 5673 2316 5751 Πρὸς
2339 5677 2437 5746 τὴν
2474 5679 2745 5750 ἀλήθειαν.
3178 5724 3205 5733 ..

320 5745 477 5823 ιμσς,
503 5759 632 5813 ειςῬ
668 5745 741 5813 ὡς
772 5745 1238 5820 ἧδηνίκήσαντεςῖ
1368 5745 1378 5750 ’
1444 5745 1475 5750 ”
1519 5745 1529 5751 ’
1762 5745 1780 5751 ’
2062 5745 2147 5805 (3r
2179 5745 2620 5819 Διεστραμμένα,
2651 5763 2777 5819 ctc.,
2816 5756 2893 5819 εἰς
2931 5756 3028 5826 τὴν
3062 5757 3192 5819 ἄνω,
3229 5762 3337 5811 etc.

609 5846 873 5906 Pnnon.
900 5843 1016 5905 Gn.
1052 5841 1315 5904 XXVII.
3151 5849 3228 5911 ιιι
