3990 6208
448 289 471 342 4
482 284 582 342 291

516 409 606 463 27.
634 406 700 463 Ει
729 404 1023 460 vindictam
1058 415 1377 471 pauperum.

514 499 604 554 28.
638 496 1020 552 Verumtamen
1043 492 1175 562 justi
1210 489 1608 545 confitebuntur
1636 486 1840 541 nomini
1870 495 1962 540 tuo
1987 502 2001 539 :

519 591 608 647 29.
642 590 709 645 Et
738 590 1056 645 habitabth
1085 584 1217 639 reeti
1250 597 1373 637 cum
1397 581 1547 635 vultu
1581 589 1693 633 tuo.

761 704 1007 759 Psalmus
1043 698 1235 754 David.
1290 695 1495 751 PSAL.
1527 692 1689 748 CXL.

521 800 572 855 i.
606 798 852 862 Domine,
876 791 1104 850 clamavi
1127 791 1192 845 ad
1218 800 1287 853 te,
1311 788 1505 843 exaudi
1534 801 1619 840 me
1645 804 1656 839 :

512 891 566 944 2.
596 888 815 943 Intende
836 884 955 941 voci
984 878 1381 952 deprecationis
1408 890 1563 937 meae,

519 984 576 1036 3.‘
601 981 734 1035 Cum
771 978 1075 1033 clamavero
1105 972 1171 1027 ad
1203 980 1276 1026 te.

517 1072 568 1124 ι.
596 1070 868 1138 Dirigatur
888 1064 1063 1121 oratio
1086 1077 1202 1117 mea
1228 1062 1371 1117 sicut
1393 1060 1676 1114 incensum
1702 1056 1755 1110 in
1783 1068 2011 1124 conspe-

450 1173 539 1218 ctu
577 1171 670 1217 tuo
706 1176 721 1212 :
802 1166 817 1179 '

519 1253 573 1308 5.
608 1251 847 1307 Elevatio
875 1263 1133 1305 manuum
1166 1260 1409 1301 mearum
1442 1239 1766 1298 sacriﬁcium
1792 1251 1985 1308 vesper

449 1354 646 1400 tinum.

520 1440 573 1492 6.
602 1438 768 1502 Pone,
803 1436 1048 1500 Domine,
1076 1433 1381 1488 custodiam
1415 1428 1498 1483 ori
1522 1440 1646 1481 meo
1682 1439 1698 1477 :

526 1531 579 1584 7.
611 1528 675 1584 Et
707 1528 905 1583 ostium
941 1522 1371 1581 circumstantiae
1396 1520 1541 1574 circa
1570 1515 1713 1570 labia
1739 1527 1880 1567 mea.

520 1622 576 1677 8.
609 1620 728 1676 Non
755 1620 992 1676 declines
1014 1632 1108 1673 cor
1131 1630 1311 1670 meum
1351 1612 1405 1665 in
1433 1609 1597 1665 verba
1630 1605 1871 1669 malitiae,

1296 277 1355 333 S.
1397 274 1765 330 ATHANASII
1804 272 1955 330 OPP.
2002 270 2180 328 PARS
2217 271 2286 327 lll
2347 299 2415 311 —
2455 267 2865 325 EXEGETICA.

2038 398 2087 456 Α
2178 394 2267 448 27.
2311 393 2420 445 Ka‘t
2456 391 2552 462 τὴν
2588 390 2739 459 δίκην
2769 387 2875 441 τῶν
2905 386 3167 456 πενήτων.

3538 262 3675 321 1292

2181 482 2270 537 28.
2312 482 2454 553 Πλὴν
2478 482 2671 535 δίκαιοι
2701 478 3177 550 ὲξομολογήσονται
3202 474 3278 546 τῷ
3303 473 3523 545 ὀνόματί
3549 487 3673 526 σου·

2181 575 2269 630 29.
2310 573 2418 625 Kal.
2434 572 2840 643 κατοικήσουσιν
2857 569 3028 631 εὐθεῖς
3054 568 3148 621 σὺν
3163 565 3238 635 τῷ
3261 563 3530 635 προσώπῳ
3551 580 3673 617 σου.

2430 687 2675 756 Ψαλμὸς
2694 685 2774 750 τῷ
2797 683 2990 738 Δαϐίδ.
3020 684 3195 736 ma.
3223 684 3358 735 PM'.

2185 782 2238 836 1.
2277 780 2471 853 Κύριε,
2512 778 2781 850 ἐκέκραξα
2810 778 2946 848 πρὸς
2975 776 3055 838 σὲ,
3092 772 3408 827 είσάκουσόν
3436 787 3561 842 μου·

2185 875 2239 928 2.
2276 873 2516 945 Πρόσχες
2544 873 2611 942 τῇ
2639 872 2788 940 φωνῇ
2818 869 2915 939 τῆς
2943 864 3179 938 δεήσεώς
3212 880 3335 934 μου,

2184 968 2238 1021 ’5.
2279 968 2367 1020 Ἐν
2399 966 2474 1035 τῷ
2498 962 2826 1035 κεκραγέναι
2853 978 2918 1031 με
2942 959 3078 1031 πρὸς
3104 957 3185 1011 σέ.

2188 1059 2240 1112 4.
2277 1055 2702 1127 Κατευθυνθήτω
2749 1056 2782 1125 ἡ
2844 1052 3116 1123 προσευχὴ
3156 1066 3255 1120 μου
3296 1046 3372 1111 ὡς
3429 1046 3681 1117 θυμιαμα

2118 1148 2348 1203 ἐνώπιόν
2382 1164 2496 1200 σου’

2107 1250 2111 1261 '
2186 1240 2238 1295 5.
2271 1240 2538 1310 Ἐπαρσις
2563 1233 2670 1289 τῶν
2694 1233 2888 1306 χειρῶν
2924 1248 3024 1303 μου
3047 1230 3206 1284 θυσία
3237 1227 3520 1298 ἑσπερινή.

2186 1415 2241 1471 6.
2277 1414 2403 1478 Θοῦ,
2433 1413 2627 1486 Κύριε,
2658 1408 2900 1480 φυλακὴν
2930 1405 3007 1477 τῷ
3040 1404 3267 1475 στόματί
3301 1420 3401 1474 μου
3422 1419 3437 1432 ·

2191 1505 2242 1558 7.
2274 1503 2384 1557 Καὶ
2412 1501 2582 1572 θύραν
2610 1498 2867 1570 περιοχῆς
2893 1496 3020 1565 περ).
3045 1495 3112 1547 τὰ
3133 1493 3281 1563 χείλη
3312 1509 3433 1562 μου.

2192 1595 2245 1648 8.
2262 1593 2353 1662 Μὴ
2367 1590 2615 1661 ἐκκλίνῃς
2629 1587 2727 1659 τὴν
2745 1586 2970 1657 καρδίαν
2991 1601 3089 1655 μου
3103 1586 3181 1647 εἰς
3191 1581 3380 1650 λόγους
3393 1578 3678 1651 πονηρίας,

1565 1712 1942 1776 ΑἸῊᾹΝΑΞΙΙ
1985 1700 2573 1767 lNTERPRETATlO.

516 1845 608 1900 27.
643 1843 709 1899 Ει
736 1842 1026 1898 vindictam
1064 1853 1274 1906 eorum,
1302 1837 1393 1908 qui
1428 1850 1576 1891 nunc
1603 1831 1881 1888 laboribus
1910 1843 2009 1899 op-
2041 1815 2074 1869 Ε

2180 1820 2266 1875 27.
2302 1819 2410 1874 Καὶ
2427 1819 2525 1890 τὴν
2546 1815 2822 1888 ἐκδίκησιν
2849 1814 2955 1867 τῶν
2980 1807 3463 1880 καταπονουμένων
3482 1807 3577 1862 νῦν
3595 1806 3683 1861 διὰ

450 1930 621 2002 pressi
653 1938 780 1985 sunt
808 1935 1024 1997 propter
1056 1939 1204 1994 spem
1239 1923 1293 1976 in
1321 1922 1621 1975 Christum.

519 2019 609 2076 28.
643 2018 855 2075 Etenim
882 2026 1071 2088 prater
1098 2015 1246 2085 ipsos
1286 2020 1504 2068 sanctos
1534 2008 1716 2064 nullus
1754 2015 1837 2061 est
1870 2004 2011 2059 alius

452 2112 801 2182 injustorum,
836 2108 929 2178 qui
957 2115 1009 2161 te
1036 2105 1317 2177 glorilicet.

522 2203 613 2259 29.
648 2201 711 2257 Ει
738 2203 813 2256 ita
859 2214 1072 2269 semper
1097 2207 1257 2252 erunt
1303 2194 1477 2251 sancti
1512 2192 1590 2248 tui
1645 2190 1843 2262 gaudio
1875 2187 2013 2245 inef-

451 2293 601 2348 fabili
632 2291 874 2347 videntes
926 2288 1150 2360 gloriam
1202 2295 1372 2349 tuam,
1424 2292 1478 2338 et
1524 2283 1860 2337 incessanter
1888 2280 2003 2334 lau-

452 2389 646 2440 dantes
678 2391 749 2437 te.

2116 1912 2214 1985 τὴν
2241 1914 2320 1976 είς
2346 1909 2578 1981 Χριστὸν
2608 1908 2815 1961 ἐλπίδα.

2189 2004 2278 2059 28.
2313 2001 2458 2073 Πλὴν
2483 2000 2593 2072 γὰρ
2622 1998 2798 2053 αὐτῶν
2833 1994 2940 2050 τῶν
2972 1994 3143 2063 ἁγίων
3169 2008 3342 2054 ουοεις
3369 2006 3555 2059 ετερος
3575 1988 3683 2042 τῶν

2115 2095 2313 2153 ἀδίκων
2340 2094 2486 2146 ἑστὶν
2513 2094 2541 2144 ὁ
2568 2089 2800 2155 δοξάζων
2837 2106 2916 2143 σε.

2185 2186 2277 2241 29.
2323 2186 2434 2239 Kal.
2465 2183 2636 2246 οὕτως
2668 2181 2897 2235 πάντοτε
2940 2177 3150 2230 ἔσονται
3186 2176 3234 2230 οἱ
3281 2174 3358 2243 Η)
3401 2172 3548 2242 ἅγιοι
3594 2190 3681 2225 σου

2115 2281 2263 2353 χαρᾷ
2310 2275 2658 2347 ἀνεκλαλήτῳ
2704 2271 3032 2344 θεωροῦντες
3079 2269 3179 2324 τὴν
3222 2267 3378 2334 δόξαν
3433 2283 3549 2329 σου,
3595 2264 3684 2318 καὶ

2123 2371 2416 2434 ἀπαύστως
2448 2365 2741 2440 ὑμνοῦντές
2773 2381 2851 2417 σε.

525 2499 601 2571 (2)
616 2499 682 2553 Ἡ
707 2495 1036 2570 προκειμένη
1060 2492 1335 2567 ἐπιγραφὴ
1360 2490 1600 2564 περιέχει
1616 2489 1738 2562 (2’)’
1766 2489 2006 2558 Ψαλμὸς
2033 2486 2110 2554 τῷ
2131 2488 2328 2551 Δαϐὶδ,
2345 2488 2475 2560 ὅπερ
2496 2481 2851 2558 ἑρμηνεύεται
2866 2478 3102 2548 ψαλμὸς
3115 2475 3192 2542 τῷ
3206 2474 3384 2540 ἱκανῷ
3410 2473 3487 2542 τῇ
3517 2471 3684 2542 χειρί,

452 2566 695 2647 τουτέστι
823 2566 938 2661 Υὶῷ
962 2588 1053 2642 τοῦ
1083 2566 1217 2641 Θεοῦ
1237 2604 1250 2616 ·
1280 2584 1437 2639 τοῦτο
1467 2586 1593 2656 γὰρ,
1625 2584 1699 2648 ὡς
1732 2585 1789 2636 ὲν
1812 2586 1924 2646 τοῖς
1952 2581 2258 2654 ἔμπροσθεν
2292 2582 2614 2652 εἰρήκαμεν,
2645 2577 2706 2629 τὸ
2738 2574 2844 2629 τοῦ
2873 2571 3048 2627 Δαϐὶδ
3098 2571 3265 2641 ὄνομα
3285 2587 3296 2598 ·
3330 2569 3424 2622 καὶ
3450 2567 3615 2629 ἄλλας
3633 2566 3688 2619 δὲ

459 2684 748 2759 ἑρμηνείας
783 2681 894 2753 ἔχει
920 2681 980 2736 τὸ
1002 2678 1134 2735 αὐτὸ
1164 2678 1364 2748 ὄνομα·
1393 2676 1625 2730 ἐνταῦθα
1656 2673 1813 2727 τοῦτο
1846 2671 2230 2745 ἑρμηνεύεται,
2266 2671 2341 2735 ὡς
2375 2669 2813 2741 προγέγραπται.

525 2798 740 2854 Titulus
768 2794 1089 2866 praepositus
1112 2791 1355 2847 continet
1382 2808 1395 2843 :
1422 2788 1675 2842 Psalmus
1707 2785 1900 2853 David,
1934 2785 2080 2855 quod
2102 2784 2509 2852 interpretatur,
2538 2779 2782 2851 psalmus
2810 2791 2969 2864 manu
3000 2773 3152 2843 forti,
3176 2786 3368 2841 nempe
3392 2767 3488 2825 Dei
3512 2768 3685 2836 Filio;

456 2893 562 2947 hoc
586 2861 844 2955 enim,—ut
875 2861 1036 2955 supra
1064 2884 1327 2949 diximus,
1362 2880 1531 2936 David
1579 2893 1780 2935 nomen
1809 2877 2121 2950 signiﬁcat;
2154 2877 2293 2933 alias
2324 2876 2489 2932 etiam
2525 2861 2949 2944 signiﬁcationes
2993 2866 3155 2920 habet
3190 2863 3294 2918 hoc
3335 2877 3572 2928 nomen;
3602 2861 3687 2916 hic

454 2985 531 3039 ita
556 2979 959 3051 interpretatur,
988 2987 1050 3033 ut
1067 2976 1235 3032 modo
1267 2975 1533 3045 scriptum
1564 2980 1669 3031 est.

530 3101 580 3154 1.
607 3097 865 3160 Domine.
896 3094 952 3150 in
997 3094 1185 3151 dolore
1225 3092 1407 3150 cordis
1444 3093 1552 3147 mei
1591 3091 1819 3148 clamavi
1849 3091 1915 3147 ad
1941 3100 2013 3159 te,
2045 3090 2074 3153 ε

2191 3088 2239 3141 1.
2276 3085 2469 3158 Κύριε,
2503 3086 2560 3139 ὲν
2588 3081 2750 3153 ὀδύνῃ
2778 3080 2875 3152 τῆς
2899 3077 3122 3150 καρδίας
3141 3093 3240 3148 μου
3266 3074 3535 3146 ἀνεϐόησα
3558 3072 3693 3144 πρὸς

455 3191 650 3247 exaudi
694 3204 799 3246 me.

525 3284 581 3336 2.
613 3278 834 3336 Intende
869 3279 1040 3335 labori
1068 3277 1254 3334 cordis
1278 3278 1408 3342 mei,

530 3373 584 3425 3.
617 3370 751 3425 Cum
784 3370 913 3425 illud
937 3368 1261 3437 ingemuerit
1287 3367 1355 3422 ad
1384 3375 1462 3422 te.

525 3461 578 3514 4.
616 3459 843 3515 Sursum
876 3459 1094 3514 elevans
1120 3457 1292 3528 gratia
1323 3466 1413 3512 tua
1462 3458 1764 3513 orationem
1818 3474 2019 3527 meam,

459 3561 513 3607 et
547 3550 786 3607 suaviter
828 3549 1048 3604 trahens
1074 3553 1143 3601 ad
1170 3548 1431 3619 seipsam,
1467 3556 1525 3602 ut
1554 3547 1840 3604 incensum
1883 3552 2023 3606 deti-

463 3653 588 3699 neat
613 3642 755 3712 apud
789 3656 867 3697 se.

535 3736 585 3790 5.
617 3733 951 3789 Exclamatio
1004 3733 1188 3788 cordis
1242 3732 1345 3788 mei
1376 3734 1446 3787 ita
1482 3733 1788 3789 inveniatur
1832 3749 2019 3789 coram

464 3834 516 3883 te
545 3824 709 3881 veluti
744 3822 1093 3888 sacriﬁcium,
1150 3822 1292 3894 quod
1341 3823 1577 3878 oti‘erunt
1638 3824 1811 3879 sancti
1844 3825 2019 3893 angeli

464 3916 543 3975 tui
568 3922 940 3972 convertentes
972 3930 1030 3970 se
1083 3915 1150 3969 ad
1193 3924 1244 3969 te
1289 3930 1319 3968 a
1349 3915 1653 3971 ministerio
1682 3931 1869 3972 eorum
1924 3917 2019 3974 uui

463 4010 703 4066 lueredes
733 4007 898 4062 futuri
925 4015 1050 4061 sunt
1075 4007 1284 4062 salutis.

529 4100 581 4166 6,
613 4100 662 4154 7.
690 4096 857 4164 Muni,
888 4096 1136 4161 Domine,
1177 4111 1238 4152 os
1275 4112 1479 4160 meum,
1504 4107 1557 4152 et
1590 4097 1821 4168 gratiam
1874 4106 2019 4152 tuam

464 4188 596 4244 mihi
625 4188 826 4242 circum
862 4186 1002 4240 labia
1027 4200 1167 4251 mea,
1197 4200 1263 4240 ne
1286 4186 1509 4254 prodeat
1541 4203 1606 4241 ex
1633 4202 1727 4241 ore
1755 4203 1874 4241 meo
1901 4203 2018 4241 ser—

466 4296 553 4335 mo
592 4278 860 4348 impurus,
891 4285 943 4331 et
974 4276 1042 4331 de
1075 4276 1239 4330 verbo
1274 4276 1453 4331 otioso
1483 4278 1748 4331 rationem
1797 4278 2018 4332 reddere

2130 3179 2209 3244 σὲ,
2243 3175 2560 3232 είσάκουσόν
2589 3191 2711 3246 μου.

2193 3271 2247 3324 2.
2272 3269 2514 3340 Πρόσχες
2536 3266 2613 3336 τῷ
2635 3266 2780 3334 πόνῳ
2802 3263 2903 3334 τῆς
2932 3261 3155 3334 καρδίας
3180 3277 3304 3332 μου,

2194 3364 2250 3417 5.
2294 3362 2381 3413 Ἐν
2404 3358 2482 3430 τῷ
2516 3358 2722 3410 στένειν
2756 3356 2925 3425 αὐτὴν
2957 3354 3092 3425 πρὸς
3116 3352 3197 3406 σέ.

2194 3451 2247 3507 4.
2295 3448 2727 3521 Ἀνειμησαμένη
2749 3447 2825 3518 (ὅ)
2854 3442 3327 3518 [Ἀνιμησαμένη]
3351 3444 3386 3513 ἡ
3413 3441 3573 3514 χάρις
3601 3459 3691 3496 σου

2122 3545 2222 3618 τὴν
2254 3543 2565 3616 προσευχήν
2600 3556 2721 3611 μου,
2746 3538 2841 3591 καὶ
2876 3536 3043 3607 ἡδέως
3069 3535 3343 3589 ἑλκύσασα
3388 3536 3525 3605 πρὸς
3571 3536 3692 3588 ἑαυ-

2120 3640 2240 3710 τὴν,
2268 3635 2343 3699 ὡς
2374 3633 2627 3704 θυμίαμα
2652 3629 2876 3702 κατέχει
2900 3629 3027 3700 παρ’
3055 3630 3241 3700 ἑαυτῇ.

2192 3730 2245 3784 5.
2295 3727 2358 3781 Ἠ
2386 3725 2678 3795 ἁναϐόησις
2700 3723 2774 3797 (4)
2798 3723 2897 3792 τῆς
2921 3720 3147 3793 καρδίας
3178 3737 3278 3792 μου
3300 3719 3472 3782 οὕτως
3500 3717 3693 3790 εὑρεθῇ

2125 3821 2355 3876 ἐνώπιόν
2392 3834 2507 3881 σου,
2541 3816 2617 3879 ὡς
2643 3818 2678 3885 ἡ
2717 3813 2895 3879 θυσία,
2921 3813 2987 3885 ἦν
3018 3812 3430 3881 ἀναπέμπουσιν
3468 3811 3519 3862 οἱ
3549 3811 3693 3879 ᾶγιοι

2122 3911 2341 3982 ἄγγελοί
2365 3926 2458 3963 σου
2488 3905 2904 3977 ἐπιστρέφοντες
2932 3903 3066 3976 πρὸς
3089 3903 3146 3956 σὲ
3173 3902 3278 3956 ἀπὸ
3299 3901 3400 3972 τῆς
3425 3902 3694 3966 διακονίας

2120 4004 2229 4057 τῶν
2259 4001 2561 4075 μελλόντων
2585 3997 2939 4070 κληρονομεῖν
2972 3995 3263 4065 σωτηρίαν.

2190 4094 2243 4159 6,
2273 4094 2327 4147 7.
2370 4089 2687 4160 Ἀσφάλισαι
2714 4128 2728 4152 ,
2759 4086 2952 4158 Κύριε,
2974 4083 3040 4137 τὸ
3071 4085 3244 4154 στόμα
3278 4100 3402 4153 μου,
3451 4083 3551 4135 καὶ
3596 4079 3695 4151 τὴν

2121 4185 2278 4256 χάριν
2300 4201 2390 4236 σου
2409 4182 2496 4244 δός
2517 4198 2604 4252 μοι
2624 4178 2752 4249 περὶ
2776 4176 2846 4230 τὰ
2873 4177 3025 4248 χείλη
3053 4191 3175 4246 μου,
3194 4175 3281 4227 ἵνα
3307 4174 3383 4245 μὴ
3401 4174 3695 4244 ἑκπορεύη-

2120 4294 2207 4330 ται
2241 4280 2305 4330 ἐκ
2328 4275 2419 4329 τοῦ
2446 4272 2715 4345 στόματός
2745 4288 2845 4342 μου
2875 4270 3032 4338 λόγος
3061 4269 3140 4340 (5)
3169 4268 3395 4338 σαπρὸς,
3430 4269 3528 4320 καὶ
3556 4266 3693 4337 ὑπὲρ

462 4371 704 4435 debeam,
735 4368 829 4425 sed
884 4368 1063 4439 potius
1109 4369 1154 4423 si
1194 4369 1321 4437 quid
1371 4378 1456 4423 est
1492 4370 1558 4424 ad
1606 4369 2016 4423 aediﬁcationem
2053 4433 2074 4440 _

2145 4367 2293 4440 ιργοῦ
2326 4367 2485 4435 λόγου
2518 4364 2724 4437 εὑρεθῶ
2753 4362 2908 4431 λόγον
2938 4361 3132 4423 διδοὺς,
3160 4360 3300 4413 ἀλλὰ
3326 4359 3530 4429 μᾶλλον
3562 4358 3616 4412 εἴ
3641 4374 3693 4411 τι

463 4433 822 4527 audientium,
848 4433 904 4513 ut
930 4460 981 4514 id
1011 4433 1226 4529 loquar,
1258 4470 1311 4516 et
1342 4461 1631 4530 impleatur
1656 4461 1709 4514 in
1744 4476 1828 4515 me
1850 4460 2013 4514 illud:
2051 4433 2074 4487 Ῑ

2145 4433 2262 4532 τρδς
2295 4433 2715 4530 οἰκοδομὴν-τῶν
2752 4455 3055 4510 ἀκουόντων
3089 4453 3175 4505 ῑνα
3205 4451 3347 4520 λέγω
3370 4490 3385 4514 ,
3417 4453 3516 4505 καὶ
3557 4452 3693 4523 πλη-

460 4552 680 4622 Δρεηιὶι
710 4566 764 4604 οε
790 4566 962 4612 suum,
993 4558 1099 4605 etc.

534 4642 587 4697 8.
622 4640 697 4696 Ne
730 4643 1011 4713 permittas
1034 4657 1126 4697 cor
1158 4657 1359 4706 meum,
1397 4649 1456 4696 ut
1479 4657 1535 4698 se
1558 4643 1733 4697 tradat
1775 4643 1828 4696 in
1850 4643 2016 4697 verba

464 4734 854 4799 simulationis,

2133 4550 2274 4623 ρωθῇ
2309 4553 2364 4603 ἐν
2391 4550 2512 4620 ἐμοὶ
2542 4550 2624 4615 τὸ,
2650 4544 2922 4615 Διήνοιξε
2955 4542 3021 4596 τὸ
3058 4542 3249 4612 στόμα
3274 4542 3480 4597 αὐτοῦ.

2194 4644 2244 4698 8.
2287 4645 2375 4717 Μὴ
2400 4643 2753 4715 συγχωρήσης
2775 4639 2872 4712 τὴν
2901 4638 3130 4708 καρδίαν
3156 4653 3256 4707 μου
3288 4633 3468 4689 δοῦναι
3497 4634 3695 4706 ἑαυτὴν

2127 4738 2202 4801 εἰς
2229 4737 2421 4808 λόγους
2444 4739 2803 4809 ὑποκρίσεως,

1370 4849 1670 4911 Addenda
1729 4859 1791 4911 et
1848 4853 2224 4933 corrigenda
2275 4870 2353 4915 ex
2402 4853 2541 4916 cod.
2582 4853 2783 4914 Vatic.

560 4979 613 5045 1)
650 4978 900 5030 Ἔσονται
928 4977 1023 5029 σὺν
1051 4976 1132 5028 σοὶ
1159 4978 1228 5039 οἱ,
1263 4984 1366 5027 etc.

557 5043 612 5118 2)
651 5048 787 5118 Ante
838 5046 1049 5118 titulttm
1100 5062 1192 5118 seu
1242 5045 1634 5118 inscriptionem
1679 5044 1822 5118 psal.
1878 5043 2023 5099 CXL

463 5113 656 5198 legitar
695 5115 1312 5198 (injusmodiadnotatio
1344 5116 1419 5198 Ide
1465 5113 1867 5198 Diapsalmat'eh,‘
1906 5131 2021 5198 quia:

463 5133 656 5189 legitur
695 5133 998 5185 mqusmoat
1043 5133 1312 5169 aanowuo
1357 5133 1419 5168 ae
1465 5133 1861 5184 mapsatmate,
1940 5133 2021 5169 uw

462 5197 636 5244 exstat
663 5187 825 5240 etiam
867 5194 977 5252 post
1008 5185 1216 5237 tertium
1239 5184 1500 5252 psalmum
1520 5229 1534 5248 ,
1562 5199 1722 5254 supra
1751 5200 1769 5237 :
1806 5185 1878 5237 Τὸ
1905 5133 2022 5238 gia-

463 5257 651 5309 ὠαλιια
673 5252 765 5309 οὖν
791 5253 1146 5309 ἑρμηνεύεται
1174 5253 1257 5307 ἀεί
1278 5272 1292 5284 ο
1326 5255 1404 5309 είς
1430 5254 1489 5308 δν
1518 5251 1610 5308 οὖν
1641 5254 1822 5309 στίγον
1843 5257 2019 5307 κεῖται

463 5257 651 5327 ψαλμα
673 5254 765 5309 οὖν
791 5254 1146 5325 ἑρμηνεύεται
1174 5254 1257 5307 ἀεί
1278 5272 1292 5284 ο
1326 5255 1404 5317 είς
1430 5254 1489 5308 δν
1518 5254 1610 5308 οὖν
1641 5254 1822 5324 στίχον
1843 5257 2019 5307 κεῖται

467 5328 749 5407 σημαίνει.
766 5324 851 5407 τὸ⁸
868 5323 1153 5407 λεγόμενον
1171 5324 1358 5407 ,ρητδν
1549 5323 1641 5407 τού
1676 5325 1907 5407 στίχου..
1939 5325 2018 5377 ὅτι

463 5392 621 5448 τοῦτο
649 5395 711 5450 τὸ
729 5392 1015 5463 λεγόμενον
1041 5394 1098 5445 ἐν
1126 5392 1209 5463 τῷ
1230 5392 1393 5463 στίχῳ
1415 5393 1578 5447 ἐστίν·
1614 5394 1718 5456 ἀεὶ,
1749 5392 1857 5446 εἴτε
1884 5394 2018 5462 ἀγα-

466 5465 557 5542 θόν
583 5449 950 5550 ἑστξνκδλςγει
976 5449 1211 5550 όῖστίχός
1227 5449 1376 5550 “cites:
1419 5464 1641 5550 φαύλον.
1773 5449 1943 5550 μόνον’
1962 5464 2018 5516 δὲ

466 5532 641 5599 τοῦτο,
673 5532 807 5587 ἀλλὰ
847 5533 949 5595 ἓως
975 5532 1034 5585 οὗ
1069 5532 1191 5602 (leg.
1221 5533 1322 5598 εἰς)
1346 5532 1405 5587 ὃν
1435 5536 1608 5586 κεῖται
1635 5533 1695 5586 τὸ
1722 5533 2016 5604 διάψαλμα,

469 5603 713 5638 Ωτυιηιυέι
767 5605 843 5638 κη.
875 5602 994 5638 ηςηι
1024 5601 1182 5638 ἤην...
1223 5601 1365 5638 ἱέναι
1405 5604 1432 5638 Α
1456 5603 1665 5638 nmina.
1706 5602 1993 5638 ..ι-..Μιςιηηη

469 5603 848 5689 σημξνει,ῖῇι
875 5601 1182 5689 acephalon
1196 5601 1368 5689 ..λέγει
1393 5604 1432 5682 _6
1456 5603 1665 5689 ἓμαλμτδς
1706 5601 2018 5689 προσώπου,

469 5669 560 5726 καὶ
585 5671 703 5741 οὐχ).
729 5672 854 5744 περὶ
885 5669 957 5726 οὗ
987 5669 1169 5742 ἔλεγεν
1196 5671 1299 5734 ἕως
1328 5671 1420 5725 τοῦ
1453 5669 1840 5744 διαψάλματος.
1874 5673 2019 5744 Αὕτη

2124 4973 2283 5049 οὗνᾲή
2311 4978 2562 5049 διήγησις
2589 4976 2716 5049 περὶ
2743 4971 3247 5049 τοῦ-διαψάλματος.
3364 5042 3400 5049 ,Α
3525 5036 3540 5049 _
3694 5014 3703 5021 .

2196 5036 2295 5116 (2")
2323 5036 2395 5100 Ἡ
2413 5036 2516 5100 ’δὶὰ
2543 5036 3044 5116 ⁷τῆς’κιννα⁶άρέως
3062 5036 3492 5116 ’περιέκεικθιοοι
3519 5036 3697 5116 έρμὶὶξ

2123 5103 2337 5173 νεύεται
2386 5117 2447 5170 τὸ
2471 5116 2564 5169 τοῦ
2587 5103 2752 5168 Δὰδιδ
2774 5103 2964 5184 ὄνομα,
3001 5103 3277 5184 (ξιοηὲχει
3304 5103 3366 5156 τὸ
3398 5105 3494 5184 τοῦ
3529 5103 3696 5184 adeas

2123 5188 2323 5257 ὄνομασ
2353 5187 2501 5258 ὅμως
2530 5184 2761 5239 ἐνταῦθα
2808 5174 2968 5237 τούτο
3009 5174 3385 5250 ἑρμηνεύεται,
3412 5175 3443 5228 δ
3488 5177 3695 5248 γέγρα-

2126 5274 2631 5398 πτῗέῨΑνισαμένη·
2662 5325 2799 5381 forte
2826 5324 2931 5394 leg.
2958 5321 3306 5395 ἀνισταμένη,
3343 5325 3470 5374 etc..
3515 5316 3691 5372 κατὰ-

2127 5413 2250 5467 σχῃ.
2286 5405 2387 5451 etc.

2198 5465 2273 5534 (4)
2304 5465 2615 5529 Ἀνάϐασις,
2640 5474 2743 5521 etc.

2308 5537 2424 5607 na;
2457 5526 2631 5603 λόγος,
2665 5546 2768 5607 etc.
2789 5575 2804 5597 ,
2828 5534 2933 5607 εἴτε
2960 5550 3090 5607 προς
3119 5531 3423 5607 οίκοδομήν,
3456 5538 3601 5595 etc.,
3632 5526 3694 5582 tv

2128 5601 2352 5675 ἑμόἵτὸ,
2398 5601 2609 5673 ’Δνοιγε
2646 5604 2817 5676 στόμα
2853 5605 2942 5657 σὺν
2967 5601 3108 5673 λόγῳ
3144 5601 3298 5653 Θεοῦ.
