3990 6208
424 238 565 297 1295

494 362 548 414 9.
576 356 682 411 Τοῦ
712 351 1137 428 προφασίζεσθαι
1164 348 1460 422 προφάσεις
1494 347 1550 401 ὲν
1572 342 1882 417 ἁμαρτίαις,

496 450 582 504 10.
613 450 715 502 Σὺν
738 447 1042 519 ἀνθρώποις
1068 442 1451 515 ἐργαζομένοις
1472 439 1569 507 τὴν
1602 435 1829 506 ἀνομίαν
1847 450 1862 464 ·

499 544 584 598 11.
606 543 714 595 Καὶ
733 542 792 593 οὐ
823 539 896 610 μὴ
922 535 1197 590 συνδυάσω
1216 532 1353 604 μετά
1366 531 1473 584 τῶν
1492 526 1761 583 ἐκλεκτῶν
1783 522 1981 579 αὐτῶν.

493 634 581 688 12.
613 628 895 686 Παιδεύσει
932 644 998 698 με
1035 626 1238 687 δίκαιος
1261 625 1318 677 ὲν
1343 622 1508 685 ἐλέει,
1534 620 1626 674 καὶ
1648 616 1851 686 ἐλέγξει
1883 629 1981 687 με·

496 807 580 862 15.
620 806 837 859 Ἔλαιον
862 804 919 856 δὲ
954 797 1275 874 ἀμαρτωλοῦ
1312 798 1387 870 μὴ
1430 797 1708 851 λιπανάτω
1747 791 1844 863 τὴν
1894 808 1986 845 κε-

425 900 594 972 φαλήν
629 916 728 968 μου
749 915 762 927 ·

496 988 585 1044 14.
615 987 737 1040 Ὅτι
769 984 849 1038 ἔτι
874 983 968 1038 καὶ
996 984 1029 1056 ἡ
1057 979 1329 1054 προσευχὴ
1365 995 1463 1050 μου
1490 978 1547 1030 ἐν
1574 977 1693 1039 ταῖς
1722 972 1986 1034 εὐδοκίαις

425 1079 623 1135 αὐτῶν.

496 1170 581 1225 15.
609 1167 997 1240 Κατεπόθησαν
1022 1166 1254 1237 ἐχόμενα
1281 1161 1485 1233 πέτρας
1503 1162 1550 1213 οἱ
1581 1156 1762 1231 κριταὶ
1787 1155 1981 1211 αὐτῶνο

497 1262 585 1317 16.
626 1259 969 1314 Ἀκούσονται
1001 1256 1070 1311 τά
1100 1254 1320 1328 ῥήματά
1354 1270 1479 1324 μου,
1508 1252 1591 1304 ὅτι
1624 1249 1984 1320 ἠδυνήθησαν.

492 1351 579 1405 17.
618 1349 762 1403 Ὠσεὶ
790 1347 962 1418 πάχος
992 1346 1094 1416 γῆς
1122 1343 1330 1416 έῤῥάγη
1361 1341 1452 1395 ἐπὶ
1483 1340 1583 1410 τῆς
1618 1339 1716 1409 γῆς
1735 1354 1750 1368 ·

496 1528 583 1583 18.
616 1524 1010 1597 Διεσκορπίσθη
1031 1521 1101 1575 τά
1133 1522 1266 1576 ὀστᾶ
1291 1518 1469 1574 αὐτῶν
1507 1514 1658 1588 παρὰ
1677 1514 1767 1567 τὸν
1800 1513 1951 1585 ᾅδην.

497 1614 585 1669 19.
617 1613 739 1666 Ὅτι
774 1612 909 1681 πρὸς
942 1611 1022 1674 σὲ,
1056 1608 1248 1681 Κύριε,
1269 1608 1464 1679 Κύριε,
1493 1606 1541 1658 οἱ
1571 1602 1836 1673 ὀφθαλμοί
1863 1619 1984 1673 μου,

493 1705 582 1760 20.
624 1705 746 1759 Ἐπὶ
769 1672 850 1757 σοὶ
874 1672 1095 1775 ηλπισα,
1127 1672 1200 1771 μὴ
1223 1672 1519 1768 άντανέλῃς
1542 1696 1640 1765 τὴν
1654 1672 1834 1764 ψυχήν
1862 1672 1985 1764 μου.
2020 1672 2064 1727 Β

495 1794 584 1849 21.
614 1791 848 1857 Φύλαξόν
870 1808 935 1863 με
964 1790 1072 1845 ἀπὸ
1092 1789 1334 1856 παγίδος,
1363 1782 1431 1859 ἧς
1453 1783 1850 1855 συνεστήσαντό
1874 1800 1985 1854 μοι,

493 1888 584 1943 22.
616 1886 724 1944 Καὶ
750 1885 858 1940 ἀπὸ
887 1883 1194 1941 σκανδάλων
1214 1881 1321 1934 τῶν
1341 1878 1717 1953 ἐργαζομένων
1738 1876 1837 1949 τὴν
1862 1877 1986 1931 ἀνο-

431 1977 586 2126 μῑέἓί
599 2068 895 2124 Πεσοῦνται
907 2068 964 2121 ὲν
984 2066 1020 2121 ἀ
1025 2063 1295 2136 μφιϐλήστ
1301 2080 1379 2135 ρῳ
1390 2060 1567 2116 αὐτῶν
1579 2060 1628 2114 οί
1644 2056 1955 2130 ἁμαρτωλοί
1961 2070 1977 2086 ⁰

1328 225 1415 284 DE
1454 222 1728 284 TITULIS
1761 218 2209 278 PSALMORUM.
2233 251 2303 261 —
2338 219 2534 278 PSAL.
2574 222 2732 281 CXL.

2015 342 2063 399 Α
2155 339 2209 396 9.
2245 340 2328 394 Ad
2359 340 2698 396 excusandas
2724 333 3100 400 excusationes
3123 344 3177 400 in
3204 349 3461 416 peccatis,

3499 231 3635 291 1291

2154 430 2242 486 10.
2274 430 2411 486 Cum
2440 431 2751 487 hominibus
2782 436 3134 503 operantibus
3159 436 3541 507 iniquitatem:
3590 422 3591 425 η

2154 522 2243 576 11.
2276 520 2341 577 Ει
2377 537 2485 577 non
2516 524 2928 580 communicabo
2952 539 3074 580 cum
3095 526 3280 584 electis
3305 544 3513 585 eorum.

2154 613 2241 667 12.
2276 614 2545 684 Corripiet
2572 629 2658 671 me
2675 615 2857 686 justus
2886 617 2943 672 in
2968 619 3363 688 misericordia,
3390 632 3443 678 et
3460 624 3640 680 incre-

2083 704 2233 774 pabit
2257 720 2344 759 me
2370 724 2384 760 :

2158 795 2245 849 15.
2271 795 2462 851 Oleum
2487 807 2665 854 autem
2690 801 2992 871 peccatoris
3015 816 3123 857 non
3148 802 3446 875 impinguet
3478 814 3642 874 caput

2085 900 2261 941 meum
2290 905 2305 942 τ

2153 976 2238 1030 11.
2271 975 2536 1043 Quoniam
2569 980 2748 1038 adhuc
2777 990 2833 1039 et
2856 984 3031 1039 oratio
3062 1000 3181 1041 mea
3209 985 3263 1040 in
3290 986 3642 1058 beneplacitis

2084 1081 2295 1122 eorum.

2159 1157 2247 1214 15.
2282 1156 2537 1229 Absorpti
2572 1172 2699 1216 sunt
2723 1161 2895 1233 juncti
2918 1171 3084 1233 petra:
3109 1164 3321 1235 judices
3358 1184 3548 1226 eorum
3578 1187 3594 1223 :

2158 1247 2245 1301 16.
2278 1248 2512 1307 Audient
2542 1253 2706 1308 verba
2738 1270 2878 1321 mea,
2902 1258 3158 1326 quoniam
3183 1270 3500 1329 potuerunt.

2159 1340 2247 1394 17.
2277 1339 2429 1398 Sicut
2452 1346 2757 1403 crassitudo
2788 1357 2945 1404 terra:
2966 1350 3211 1423 disrupta
3242 1363 3325 1408 est
3353 1370 3516 1426 super
3536 1365 3643 1412 ter-

2087 1446 2203 1486 ram
2236 1452 2249 1487 ε

2160 1522 2245 1577 18.
2272 1522 2541 1596 Dissipata
2571 1538 2697 1584 sunt
2735 1546 2859 1587 ossa
2881 1542 3065 1589 nostra
3102 1550 3260 1592 secus
3291 1538 3589 1597 infernum.

2160 1614 2245 1669 19.
2273 1614 2410 1681 Quia
2435 1619 2500 1674 ad
2531 1627 2604 1688 te,
2627 1620 2872 1691 Domine,
2894 1624 3140 1693 Domine,
3176 1631 3317 1686 oculi
3345 1634 3471 1698 mei,

2160 1703 2251 1760 20.
2277 1704 2334 1761 In
2364 1716 2417 1763 te
2443 1713 2676 1781 speravi,
2712 1731 2819 1770 non
2845 1718 3060 1776 auferas
3086 1721 3320 1778 animam
3345 1739 3542 1781 meam.

2280 1795 2505 1886 flustodi
2536 1818 2624 1859 me
2654 1819 2684 1859 a
2707 1805 2922 1876 laqueo,
2952 1826 3113 1880 quem
3149 1821 3455 1872 statuerunt
3489 1817 3644 1886 mihi,

2160 1884 2251 1939 22.
2275 1885 2339 1942 Et
2359 1903 2388 1943 a
2421 1892 2691 1951 scandalis
2726 1900 3062 1966 operantium
3086 1901 3448 1973 iniquitatem.

2159 2057 2246 2113 25.
2273 2058 2479 2119 Cadent
2506 2066 2560 2120 in
2584 2068 2845 2127 retiaculo
2881 2074 3001 2145 ejus
3022 2087 3368 2147 peccatores:

1540 2184 1910 2244 ATHANASII
1948 2183 2537 2255 INTERPRETATIO.

492 2298 545 2353 9.
577 2295 684 2350 Τοῦ
757 2293 1019 2349 συπιθείν
1064 2308 1214 2354 τινας
1277 2286 1529 2360 ἀφορμὰς
1590 2284 1770 2339 ἔθελον
1835 2280 1990 2335 εὐλό-

428 2403 556 2457 γους
592 2384 692 2457 (1)-

498 2479 586 2533 10.
618 2476 773 2531 Μετά
804 2474 1107 2551 ἀνθρώπων
1136 2472 1244 2526 τῶν
1280 2471 1355 2543 μὴ
1381 2467 1718 2539 πειθομένων
1744 2464 1822 2536 τῷ
1843 2464 1993 2535 νόμῳ

432 2584 544 2632 σου,
563 2568 675 2623 ἀλλ’
707 2567 921 2637 ἀφόϐως
950 2568 1174 2629 ἑαυτοὺς
1205 2561 1601 2634 ποιμαινόντων
1622 2575 1637 2590 ’

500 2660 587 2715 11.
618 2659 727 2715 Καὶ
758 2660 819 2712 οὺ
852 2657 927 2730 μὴ
957 2657 1213 2729 σύνθομαι
1245 2655 1344 2726 τὴν
1375 2651 1719 2708 διδασκαλίαν
1764 2648 1874 2703 τῶν
1914 2648 1990 2721 (2)

432 2753 620 2825 ἱερέων
644 2751 842 2807 αὐτῶν.

501 2843 590 2897 12.
618 2839 899 2895 Παιδεύσει
933 2856 1002 2910 με
1029 2838 1138 2901 πᾶς
1166 2835 1336 2891 ποιῶν
1368 2835 1468 2907 τὴν
1498 2831 1866 2903 δικαιοσύνην,
1900 2829 1996 2883 καὶ

2163 2285 2216 2341 9.
2250 2287 2331 2344 Ad
2353 2291 2564 2362 aliquos
2583 2297 2857 2366 speciosos
2892 2311 3184 2372 praetextus
3220 2311 3646 2379 componendas.

2162 2446 2248 2501 10.
2288 2446 2423 2503 Cum
2480 2452 2793 2512 hominibus
2848 2472 2957 2513 non
3000 2459 3499 2532 obtemperantibus
3544 2467 3649 2540 legi

2095 2545 2222 2604 tuae,
2254 2542 2349 2595 sed
2373 2542 2489 2597 sine
2519 2546 2714 2601 timore
2744 2562 2805 2603 se
2835 2548 2983 2619 ipsos
3012 2552 3441 2620 gubernantibus
3471 2576 3485 2611 :

2166 2632 2254 2687 11.
2281 2631 2348 2687 Et
2374 2650 2483 2690 nou
2514 2638 2781 2694 assentiar
2812 2641 3077 2699 doctrina:
3122 2647 3462 2704 sacerdotum
3503 2649 3652 2721 ipso-

2095 2737 2240 2779 rum.

2166 2818 2254 2874 12.
2279 2804 2550 2893 COrripiet
2577 2840 2665 2880 me
2711 2826 2913 2892 omnis,
2949 2828 3045 2899 qui
3092 2828 3222 2886 facit
3260 2831 3550 2902 justitiam,
3598 2844 3653 2889 et

429 2931 604 2987 λαλῶν
637 2929 899 3003 ἀλήθειαν
926 2929 984 2981 ὲν
1013 2927 1340 2997 σπλάγχνοις
1371 2922 1629 2996 Χριστοῦ,
1652 2922 1747 2976 καὶ
1766 2918 1997 2991 ὲπιπλή-

2100 2910 2338 2981 loquitur
2374 2915 2657 2973 veritatem
2683 2917 2741 2974 in
2769 2919 3073 2978 visceribus
3120 2921 3348 2990 Christi,
3380 2936 3434 2980 et
3463 2926 3653 2996 objur-

440 3022 519 3090 εει
554 3040 663 3090 μοι.

721 3114 776 3168 δὲ
828 3113 1037 3182 ἀγάπη,
1068 3110 1163 3164 καὶ
1200 3111 1233 3180 ἡ
1266 3107 1344 3181 (5)
1373 3105 1602 3161 κολακία
1650 3104 1758 3159 τῶν
1788 3102 1997 3175 ἐχθρῶν

431 3206 528 3276 τῆς
552 3204 807 3277 ἀληθείας
841 3204 915 3275 μὴ
949 3201 1236 3273 πλησιάσει
1264 3203 1329 3272 τῇ
1356 3199 1570 3269 διανοίᾳ
1604 3213 1728 3269 μου.
1832 3212 1835 3215 ·

500 3297 586 3351 14.
613 3296 835 3351 Ὀτιδιά
862 3296 1074 3350 πάντων
1102 3292 1259 3346 τοῦτο
1278 3291 1352 3362 (4)
1379 3290 1772 3362 προσεύχομαι,
1798 3287 1859 3341 τὸ
1882 3288 1995 3350 τοῖς

434 3386 602 3458 ἴχνεσι
634 3388 742 3441 τῶν
765 3388 933 3455 άγίων
956 3384 1330 3454 ἀκολουθῆναι.

504 3481 590 3535 15.
652 3478 1028 3550 Ἀνηλώθησαν
1080 3475 1157 3548 (5)
1217 3473 1671 3544 καταλειφθέντες
1736 3472 1841 3526 ὑπὸ
1890 3469 2000 3524 τῶν

433 3572 602 3641 ἀγίων
627 3571 678 3623 οἱ
707 3570 966 3641 ἄρχοντες
994 3567 1103 3620 τῶν
1133 3565 1364 3620 ἀσεϐῶν.

502 3660 590 3715 16.
626 3658 854 3729 ’ἰσχύσει
895 3659 928 3727 ὴ
963 3657 1039 3727 (6)
1084 3657 1266 3727 δέησίς
1307 3670 1412 3725 μου
1463 3652 1692 3708 ἐνώπιόν
1740 3670 1855 3717 σου,
1908 3652 2001 3707 καὶ

432 3751 775 3826 πληρωθήτω
800 3749 941 3822 άπερ
963 3748 1252 3821 ᾐτησάμην
1281 3762 1362 3801 σε.

505 3845 592 3900 17.
626 3840 779 3897 Εἶδον
813 3841 906 3895 τδν
948 3840 1189 3894 Σατανᾶν
1221 3836 1454 3892 πεσόντα
1498 3837 1564 3891 ὲκ
1609 3834 1704 3894 τοῦ
1746 3835 1998 3908 οὐρανοῦ,

433 3936 528 3989 καὶ
567 3931 918 4006 συντριϐέντα
954 3931 1083 3984 ὡσεὶ
1120 3928 1264 4000 βόλιν
1291 3927 1367 3998 (7)
1395 3927 1519 3999 γῆς.

506 4026 592 4082 18.
632 4027 789 4081 Πᾶσα
815 4026 849 4096 ἡ
886 4025 1039 4094 ἰσχὺς
1069 4021 1249 4076 αὐτῶν
1277 4018 1545 4091 διεφθάρη
1580 4019 1640 4074 ὲν
1665 4021 1787 4084 ταῖς
1810 4019 2001 4074 ἐπιθυ-

440 4118 590 4188 μίαις
613 4116 707 4171 τοῦ
742 4116 996 4171 θανάτου.

509 4209 594 4264 19.
620 4209 740 4262 Ὅτι
761 4207 897 4278 πρὸς
925 4206 1005 4273 σὲ,
1036 4205 1231 4277 Κύριε,
1260 4205 1308 4258 οἱ
1337 4201 1608 4274 ὀφθαλμοὶ
1638 4202 1738 4274 τῆς
1759 4202 2001 4268 διανοίας

442 4319 542 4373 μου
568 4301 986 4371 ἀνατεταγμένοι
1016 4299 1371 4370 ὑπάρχουσιν.

508 4394 599 4451 20.
646 4394 769 4448 Ἐπὶ
800 4395 881 4447 σοὶ
901 4393 1123 4463 ἦλπισα,
1157 4391 1230 4463 μὴ
1252 4388 1545 4463 ἀντανέλῃς
1570 4388 1671 4459 τὴν
1712 4389 1870 4462 χάριν
1911 4406 2002 4445 σου

438 4489 537 4561 τὴν
567 4486 898 4541 συνιστῶσαν
929 4486 1029 4558 τὴν
1052 4484 1229 4555 ψυχήν
1263 4500 1386 4554 μου.

510 4579 598 4634 21.
634 4575 868 4641 Φύλαξόν
897 4594 963 4647 με
988 4575 1094 4629 ἀπὸ
1130 4575 1311 4645 πάσης
1344 4574 1521 4627 αὐτῶν
1550 4572 1897 4637 διδασκαλίας
1921 4589 2008 4627 νο-

446 4670 734 4743 μιζόμενον
780 4668 856 4740 (8)
908 4668 1050 4739 ἔχειν
1078 4667 1198 4721 τινά
1235 4664 1440 4737 τροφὴν
1461 4667 1526 4737 τῇ
1559 4665 1727 4737 ψυχῇ,
1755 4666 1814 4719 ὲν
1844 4665 2006 4736 ἑαυτῇ

443 4761 606 4834 οὔσης
628 4761 682 4813 δὲ
717 4759 1023 4831 συλλήψεως
1049 4761 1128 4822 είς
1158 4757 1404 4812 θάνατον.

512 4850 601 4904 22.
637 4851 745 4902 Καὶ
768 4850 876 4902 ἀπὸ
900 4849 1006 4902 τῶν
1031 4848 1299 4919 δαιμόνων
1351 4847 1462 4901 τῶν
1518 4846 1877 4902 ὑποτιθέντων
1912 4862 2002 4919 μοι

442 4947 539 5008 τάς
568 4942 757 5015 ἡδονάς
783 4941 875 4995 τοῦ
899 4940 1036 5010 βίου.

512 5035 602 5089 25.
635 5031 1013 5103 Συλληφθῶσιν
1042 5032 1098 5084 ὲν
1126 5033 1246 5095 ταῖς
1277 5032 1509 5095 ἀπάταις
1544 5030 1619 5102 (9)
1670 5031 1764 5087 τοῦ
1811 5030 1924 5102 βίου
1952 5032 2001 5085 oi

446 5128 503 5180 ὲν
524 5126 603 5198 τῷ
635 5126 855 5194 πελάγει
876 5123 1037 5177 αὐτοῦ
1066 5122 1366 5191 διάγοντες.

2023 2991 2067 3051 ο
2099 3006 2246 3075 gabit
2272 3022 2379 3063 me.

2167 3096 2253 3150 15.
2282 3096 2509 3156 Dilectio
2538 3109 2745 3168 autem,
2783 3113 2837 3160 et
2875 3105 3116 3162 adulatio
3141 3106 3480 3164 inimicorum
3508 3110 3652 3165 νει-ἰ-

2097 3186 2227 3243 tatis
2248 3204 2357 3243 non
2379 3193 2778 3261 approximabit
2802 3199 2969 3252 menti
2995 3214 3146 3254 meae.

2174 3275 2261 3330 14.
2288 3276 2554 3344 Quoniam
2577 3297 2791 3354 semper
2816 3285 2917 3341 hoc
2942 3286 3230 3357 deprecor,
3263 3302 3324 3347 ut
3342 3307 3539 3364 sequar
3565 3311 3649 3351 νει

2099 3365 2255 3437 stigia
2283 3380 2615 3427 sanctorum.
3638 3364 3656 3383 ⁹

2171 3460 2258 3515 15.
2289 3460 2610 3534 Consumpti
2651 3473 2779 3521 sunt
2816 3467 3088 3540 principes
3140 3470 3430 3541 impiorum
3457 3489 3486 3527 a
3522 3488 3651 3529 san-

2099 3552 2201 3607 ctis
2225 3552 2487 3609 derelicti.

2171 3642 2260 3698 1ϐ.
2290 3642 2490 3701 Potens
2539 3648 2644 3703 erit
2663 3649 2968 3720 deprecatio
2991 3669 3111 3710 mea
3139 3670 3322 3712 coram
3367 3665 3440 3723 te,
3471 3668 3525 3714 et
3553 3659 3656 3714 im-

2099 3732 2394 3802 plebuntur
2427 3754 2551 3807 quas
2576 3749 2629 3795 te
2658 3744 2863 3812 rogavi.

2175 3827 2260 3882 17.
2296 3826 2420 3884 Vidi
2448 3830 2705 3888 Satanam
2729 3835 2796 3890 de
2837 3850 2977 3892 creto
3016 3837 3320 3906 cadentem,
3354 3850 3409 3896 et
3453 3843 3660 3897 contri-

2101 3930 2216 3977 tum
2261 3924 2431 3979 veluti
2471 3925 2681 3996 glebam
2701 3935 2879 3983 terra).

2170 4012 2259 4069 18.
2289 4014 2482 4073 Omnis
2503 4031 2691 4073 eorum
2723 4019 2896 4075 virtus
2927 4029 3180 4091 corrupta
3211 4030 3297 4078 est
3319 4022 3372 4077 in
3399 4024 3659 4093 concupi-

2102 4103 2324 4161 scentiis
2344 4106 2558 4161 mortis.

2173 4194 2260 4251 19.
2295 4195 2563 4269 Quoniam
2598 4197 2665 4253 ad
2695 4208 2766 4267 te,
2809 4199 3076 4269 Domine,
3101 4202 3244 4259 ocull
3292 4203 3487 4259 mentis
3527 4220 3659 4261 mea:

2030 4324 2078 4384 Β
2103 4285 2293 4342 elevati
2318 4294 2463 4342 sunt.

2174 4378 2265 4432 20.
2291 4376 2349 4433 In
2373 4386 2424 4434 te
2457 4380 2690 4449 speravi,
2717 4396 2786 4435 ne
2814 4379 3028 4437 auferas
3070 4381 3297 4452 gratiam
3336 4391 3481 4436 tuam
3526 4397 3660 4437 con-

2103 4471 2410 4528 ﬁrmantem
2437 4473 2672 4528 animam
2698 4489 2896 4529 meam.

2172 4565 2260 4621 21.
2288 4565 2517 4622 Custodi
2571 4580 2661 4621 me
2704 4567 2773 4621 ab
2817 4566 2966 4621 omni
2997 4581 3188 4622 eorum
3226 4566 3501 4631 doctrina,
3538 4581 3658 4639 qua:

2101 4659 2444 4716 existimatur
2456 4658 2658 4713 habere
2674 4657 2908 4727 aliquem
2927 4658 3107 4714 cibum
3133 4660 3345 4726 animae,
3364 4660 3662 4715 exsistente

2103 4757 2284 4805 autem
2319 4750 2374 4804 in
2407 4764 2471 4804 ea
2495 4747 2743 4817 decipula
2770 4748 2837 4802 ad
2864 4757 3113 4803 mortem.

2173 4840 2262 4895 22.
2295 4839 2363 4895 Ει
2388 4856 2420 4896 a
2442 4838 2778 4895 daemonibus
2813 4839 3232 4909 subjicientibus
3251 4839 3382 4894 mihi
3414 4839 3658 4909 volupta-

2104 4941 2184 4987 tes
2215 4933 2354 4987 vitm.

2175 5028 2266 5085 23.
2291 5027 2833 5097 Comprehendentur
2862 5025 2916 5080 in
2942 5022 3169 5079 fallaciis
3196 5022 3339 5086 vitae,
3362 5021 3455 5091 qui
3484 5021 3539 5076 in
3566 5035 3661 5091 pe-

2106 5120 2227 5193 lago
2255 5120 2427 5190 ipsius
2455 5120 2673 5189 vivunt.

1360 5180 1665 5283 Addenda
1717 5227 1777 5281 et
1836 5180 2213 5302 corrigenda
2266 5180 2343 5282 ex
2375 5220 2516 5281 cod.
2552 5186 2752 5280 Vatic.

521 5325 537 5387 (
548 5322 596 5389 Ι)
632 5322 829 5376 Ἐθέλω
858 5321 1124 5389 εὐλόγους.

521 5393 596 5475 ρ)
626 5392 910 5475 ξένθῶμαι
943 5394 1006 5463 τῇ
1032 5389 1348 5460 διδασκαλίᾳ.
1368 5389 1497 5456 τῶν,
1527 5399 1632 5445 etc.

518 5463 594 5532 (ὅ)
635 5462 889 5516 ‘Hdecst.
984 5462 987 5463 ⁷

523 5532 601 5602 (4)
630 5532 757 5602 ,Ὅτι
784 5531 883 5593 δεῖ,
909 5529 1002 5581 καὶ
1023 5528 1308 5591 διαπαντὸς
1346 5528 1527 5593 τοῦτο,
1559 5536 1687 5593 etc.,
1721 5528 2004 5594 ἐξακολου-

451 5600 565 5658 θεῖν
584 5600 690 5655 τῶν
714 5602 905 5668 άγίων.

524 5670 602 5743 (5)
642 5666 984 5741 ’Δνήλθοσαν,
1037 5678 1163 5737 elc.,
1192 5668 1296 5725 ὑπὸ
1344 5667 1436 5722 τοῦ
1469 5666 1703 5740 Χριστοῦ
1735 5669 1782 5720 οἱ
1811 5668 1999 5738 ἄρχον-

2105 5329 2485 5533 1regiift’clirxtist
2510 5392 2566 5461 ἠ,
2595 5396 2699 5443 etc.

2203 5462 2254 5533 7.)
2286 5459 2469 5533 Βόλονν
2504 5468 2609 5533 etc-

2203 5459 2254 5528 7)
2286 5459 2469 5522 Βόλον,
2504 5459 2609 5514 etc.

2176 5529 2252 5599 (⁷8)
2285 5529 2687 5601 Νομιζομένης,
2720 5536 2823 5601 etc.
2947 5593 2961 5601 _
2994 5594 2999 5601 .

2175 5592 2253 5678 (9)
2279 5592 2410 5664 Tui;
2440 5592 2911 5668 συνερραμμέναις
2936 5592 3189 5654 ἀπάταις,
3217 5597 3328 5646 etc.
