3990 6208
449 196 588 255 1295
1257 200 1313 251 S.
1356 197 1728 255 ATIIANASII
1766 199 1916 255 OPP.
1958 197 2139 256 PARS
2178 199 2263 256 Ill.
2307 230 2374 240 -—
2412 199 2833 255 EXEGETICA.’
3516 203 3654 261 1290

513 316 601 372 2i.
631 315 984 387 Singulariter
1018 333 1136 372 sum
1168 334 1267 390 ego
1293 321 1463 376 donec
1502 331 1797 375 transeam.
2026 325 2074 383 Α

2059 346 2074 382 ι
2173 321 2261 374 924.
2292 320 2608 390 Καταμόνας
2630 318 2743 389 εἰμὶ
2770 317 2892 387 ἐγὼ,
2908 316 3010 379 ἕως
3032 317 3097 370 ἂν
3114 313 3240 388 [ἕως
3264 307 3350 388 οὗ]
3374 319 3635 389 παρέλθω

537 425 845 487 [Malleolus
867 431 1057 496 David,
1082 448 1198 485 cum
1219 443 1349 487 esset
1378 432 1434 486 in
1466 434 1713 503 spelunca
1744 450 1921 489 orans.

2170 437 2476 498 Συνέσεως
2497 430 2576 497 τῷ
2601 430 2797 494 Δαϐὶδ,
2824 430 2895 484 ἐν
2917 430 2997 496 τῷ
3018 426 3169 483 εἶναι
3202 430 3387 483 αὑτὸν
3419 431 3486 484 ἐν
3507 430 3586 497 τῷ

994 520 1199 577 PSAL.
1236 520 1434 578 CXLI.
2240 526 2517 592 σπηλαίῳ
2562 545 2570 575 .

2240 526 2517 592 σπηλαίῳ
2562 523 3066 592 προσευχόμενον.
3114 523 3287 575 ΨΑΛ.
3322 523 3507 575 ΡΜΑ’.

516 615 566 669 Ι.
605 614 747 669 Voce
778 629 893 667 mea
929 613 995 667 ad
1020 613 1306 668 Dominum
1339 615 1570 669 clamavi
1598 631 1611 666 :

2172 617 2222 670 l.
2255 618 2405 686 Φωνῇ
2436 633 2533 686 μου
2568 615 2703 686 πρὸς
2736 613 2935 684 Κύριον
2965 612 3239 684 ἐκέκραςο.
3261 628 3275 644 ο

509 701 563 757 2.
596 703 735 758 Voce
771 720 889 759 mea
924 704 989 758 ad
1018 702 1305 759 Dominum
1331 703 1421 776 [ad
1452 703 1646 776 Deum]
1680 704 1997 775 deprecatus

2166 708 2218 761 2.
2250 710 2402 779 Φωνῇ
2428 724 2527 778 μου
2553 707 2689 777 πρὸς
2721 706 2922 778 Κύριον
2944 704 3104 778 [πρὸς
3124 704 3214 759 τὸν
3230 701 3387 778 Θεὸν]
3408 704 3650 777 ἐδεήθην.

440 808 583 850 sum.

506 885 559 938 5.
587 884 814 939 Eﬂ'undo
839 884 892 937 in
922 893 1215 955 conspectu
1245 887 1362 957 ejus
1394 888 1699 943 orationem
1728 903 1903 943 meam
1944 908 1956 941 :

1878 903 1903 941 η
1944 908 1956 941 :
2170 887 2221 938 3.
2271 884 2475 954 Ἐκχεῶ
2512 882 2739 937 ἐνώπιον
2771 881 2935 936 αὐτοῦ
2968 881 3066 953 τὴν
3101 880 3285 951 δέησίν
3320 898 3420 952 μου
3442 898 3454 912 ·

506 976 559 1029 4.
595 973 1019 1029 Tribulationem
1054 992 1229 1030 meam
1266 986 1391 1032 ante
1431 978 1610 1048 ipsum
1661 979 1996 1049 pronuntio,

1914 979 1960 1033 lo
1979 1019 1996 1047 ,
2164 977 2217 1030 4.
2258 975 2367 1047 Τὴν
2395 975 2571 1045 θλίψιν
2605 992 2706 1045 μου
2733 972 2961 1028 ἐνώπιον
2985 971 3148 1025 αὐτοῦ
3179 972 3490 1041 ἀπαγγελῶ.

505 1069 558 1125 5.
595 1067 652 1121 In
679 1067 979 1123 deﬁciendo
1012 1084 1079 1125 ex
1114 1084 1201 1123 me
1229 1070 1481 1139 spiritum
1514 1084 1693 1126 meum
1715 1111 1731 1138 ,

2162 1069 2215 1123 5.
2240 1069 2328 1121 Ἐν
2358 1067 2436 1138 τῷ
2469 1067 2739 1121 ἐκλείπειν
2764 1066 2822 1133 ἐξ
2849 1065 2982 1136 ἐμοῦ
3012 1064 3070 1118 τὸ
3099 1063 3315 1133 πνεῦμά
3341 1082 3461 1135 μου,

502 1157 554 1213 6.
594 1158 661 1213 Et
691 1167 749 1212 tu
787 1159 1093 1229 cognovisti
1131 1160 1355 1215 semitas
1386 1175 1555 1216 meas.

2162 1161 2214 1214 6.
2253 1161 2362 1213 Kal
2396 1160 2458 1213 σὺ
2487 1159 2658 1228 ἔγνως
2690 1157 2791 1221 τὰς
2819 1157 3038 1228 τρίϐους
3068 1173 3189 1227 μου.

503 1250 552 1305 7.
594 1249 650 1304 ln
673 1251 760 1305 via
786 1251 911 1314 hac,
943 1266 1051 1320 qua
1084 1252 1453 1319 ambulabam,
1484 1250 1982 1307 absconderuntlaa

2165 1252 2216 1306 7.
2239 1251 2327 1304 Ἐν
2358 1250 2460 1321 όδῷ
2489 1250 2679 1322 ταύτῃ,
2802 1251 3162 1321 ἐπορευόμην,
3190 1248 3429 1322 ἔκρυψαν
3452 1249 3651 1316 παγῖδα

429 1358 627 1412 qucum
652 1341 805 1397 mihi.
2096 1360 2203 1412 μοι.

498 1433 550 1487 8.
593 1433 1022 1489 Considerabam
1052 1433 1118 1489 ad
1149 1433 1449 1501 dexteram,
1485 1444 1539 1489 et
1560 1432 1811 1490 videbam
1839 1451 1851 1486 :

2161 1433 2214 1486 8.
2254 1433 2557 1488 Κατενόουν
2589 1436 2669 1499 εἰς
2696 1433 2767 1488 τὰ
2787 1432 2955 1500 δεξιὰ,
2984 1436 3078 1487 καὶ
3108 1433 3402 1487 ἐπέϐλεπον
3425 1452 3436 1462 ·

496 1526 550 1580 9.
592 1524 657 1579 Et
679 1542 787 1582 non
815 1536 933 1581 erat
956 1526 1047 1598 qui
1075 1535 1425 1599 cognosceret
1452 1540 1574 1581 me:

2166 1523 2217 1578 9.
2261 1525 2369 1576 Kal
2395 1525 2493 1577 οὐκ
2516 1520 2583 1595 ἦν
2610 1527 2638 1577 ὁ
2667 1525 3039 1594 ἐπιγινώσκων
3074 1543 3161 1596 με.

496 1615 581 1670 10.
622 1615 785 1673 Periit
817 1618 943 1690 fuga
975 1634 1005 1673 a
1039 1634 1125 1674 me
1159 1639 1171 1673 :
2017 1608 2064 1668 Β

2017 1608 2064 1668 Β
2163 1614 2244 1668 10.
2275 1615 2543 1669 Ἀπώλετο
2570 1616 2714 1687 φυγὴ
2751 1616 2843 1669 ἀπ’
2866 1615 2999 1686 ἐμοῦ
3019 1631 3031 1646 ·

1537 1710 1913 1767 ATHANASII
1955 1708 2542 1767 INTERPRETATIO.

507 1823 567 1876 Ἥ
589 1824 918 1898 προκειμένη
948 1826 1224 1899 ἐπιγραφὴ
1248 1826 1489 1897 περιέχει
1521 1827 1596 1896 (l)
1618 1844 1630 1856 ·
1665 1825 1975 1891 Συνέσεως
1996 1824 2076 1891 τῷ
2096 1823 2272 1878 Δαϐὶδ
2288 1824 2358 1878 ἐν
2385 1823 2463 1890 τῷ
2487 1824 2640 1879 εἶναι
2669 1825 2857 1879 αὐτὸν
2882 1825 2952 1880 ἐν
2978 1825 3057 1891 τῷ
3082 1826 3361 1893 σπηλαίῳ
3395 1840 3655 1894 προσευ-

424 1914 695 1983 χόμενον.
733 1916 899 1969 Τοῦτο
919 1912 1010 1970 οὖν
1035 1919 1149 1970 ἐστι
1172 1934 1184 1946 ·
1234 1918 1294 1970 τὸ
1328 1918 1434 1972 τοῦ
1473 1917 1648 1970 Δαόὶδ
1682 1916 1849 1987 δνομα
1891 1916 2158 1987 διαφόρως
2205 1915 2585 1987 ἑρμηνεύεται,
2621 1914 2695 1979 ὼς
2747 1917 3006 1981 πολλάκις
3052 1917 3378 1987 εἰρήκαμενο
3422 1916 3511 1968 ὅτε
3544 1914 3654 1984 γὰρ

424 2010 504 2071 εἰς
536 2010 822 2079 πρόσωπον
878 2009 970 2063 τοῦ
1013 2012 1218 2084 Κυρίου
1265 2013 1519 2083 εὑρήσεις
1560 2009 1691 2064 αὐτὸ
1735 2012 2006 2081 κείμενον,
2035 2008 2395 2079 ἑρμηνεύεται
2440 2008 2645 2075 ἱκανὸς
2682 2010 2864 2078 χειριο
2905 2012 2996 2064 ὅτε
3025 2009 3083 2062 δὲ
3110 2010 3188 2073 είς
3215 2006 3503 2080 πρόσωπον
3542 2008 3652 2061 τῶν

423 2102 662 2168 δικαίων,
700 2105 1056 2176 ἑρμηνεύεται
1080 2106 1492 2175 πεποθήμενος
1512 2122 1525 2136 °
1566 2106 1655 2158 ὅτε
1680 2104 1737 2157 δὲ
1762 2106 1842 2167 εἰς
1871 2104 2160 2175 πρόσωπον
2188 2103 2296 2156 τῶν
2326 2103 2747 2178 ἁμαρτανόντων
2798 2104 2891 2157 καὶ
2929 2102 3361 2173 ἐπιστρεφόντων
3400 2101 3653 2172 εὑρήσεις

422 2197 554 2251 αὐτὸ
582 2198 846 2269 κείμενον,
870 2201 1337 2272 ἐξουθενημένον
1361 2202 1445 2257 διὰ
1468 2201 1566 2265 τὰς
1598 2202 1869 2272 ἁμαρτίας
1902 2198 2085 2253 αὐτοῦ.
2121 2197 2371 2270 [Ψαλμὺς
2394 2194 2486 2253 οὖν
2515 2196 2754 2271 εἴρηται]
2780 2200 2860 2261 εἰς
2890 2198 2981 2251 τὸν
3002 2196 3131 2251 λαὸν
3158 2197 3248 2249 τὸν
3271 2195 3649 2268 ἡμαρτηκότα,

423 2289 517 2341 καὶ
553 2291 633 2352 εἰς
665 2289 875 2344 σύνεσιν
905 2293 1144 2358 ἐλθόντα,
1176 2294 1271 2346 καὶ
1298 2295 1354 2345 ἐν
1384 2291 1630 2363 σπηλαίῳ
1654 2290 1844 2343 ἑαυτὸν
1881 2288 2333 2352 κατακλείσαντα,
2370 2290 2465 2341 καὶ
2501 2289 2932 2359 προσευχόμενον
2967 2284 3103 2358 μετὰ
3126 2285 3374 2356 δακρύων
3413 2287 3650 2358 ἰσχυρῶν

421 2378 904 2451 ὲξομολογούμενον
922 2395 937 2412 ⁸
962 2380 1038 2445 ὡς
1062 2381 1120 2434 δὲ
1143 2381 1277 2435 αὐτὸ
1308 2379 1464 2433 τοῦτο
1490 2379 1660 2450 δηλοῖ,
1689 2378 1889 2449 ὁμοίως
1919 2376 1976 2429 δὲ
2010 2376 2106 2430 καὶ
2126 2379 2155 2429 ό
2178 2376 2391 2443 ψαλμὸς
2425 2378 2608 2448 σαφῶς
2629 2378 2785 2431 τοῦτο
2811 2377 3072 2431 διδάσκει.

491 2470 704 2526 Titulus
735 2470 1057 2540 praepositus
1086 2472 1329 2526 continet
1363 2486 1377 2523 :
1422 2469 1727 2524 Intellectus
1753 2468 1943 2537 David,
1966 2485 2081 2522 cum
2105 2480 2240 2523 esset
2271 2484 2379 2538 ipse
2410 2472 2464 2523 in
2495 2470 2744 2540 spelunca
2778 2486 2956 2524 orans.
2983 2471 3061 2524 Ita
3089 2468 3253 2540 igitur
3275 2484 3364 2524 res
3384 2476 3468 2525 est
3498 2487 3514 2522 :
3544 2482 3649 2523 no-

420 2581 544 2620 men
571 2565 742 2621 Βατία
768 2567 917 2621 varie
937 2568 1340 2639 interpretatur,
1374 2576 1433 2621 ut
1467 2566 1666 2635 smpius
1689 2565 1928 2619 diximus
1954 2582 1968 2618 :
2006 2565 2166 2618 modo
2189 2565 2334 2619 cnim
2377 2565 2615 2634 positum
2647 2565 2890 2621 invenies
2913 2565 2980 2620 ad
3004 2565 3414 2638 signiﬁcandam
3456 2580 3649 2635 perso—

419 2673 544 2712 nam
565 2656 801 2723 Domini,
825 2666 881 2713 et
900 2667 1026 2713 tunc
1055 2659 1438 2727 interpretatur
1477 2674 1636 2710 manu
1673 2657 1824 2725 fortis
1860 2671 1878 2709 :
1907 2657 2066 2711 modo
2095 2666 2275 2711 autem
2301 2657 2367 2711 ad
2394 2672 2680 2727 personam
2705 2657 2979 2727 justorum
2999 2697 3014 2722 ,
3035 2668 3086 2712 et
3106 2665 3237 2712 tunc
3261 2658 3646 2726 interpretatur

417 2749 742 2805 desideratus
768 2768 786 2805 :
820 2752 980 2807 modo
1004 2769 1132 2807 vero
1167 2752 1235 2806 ad
1262 2767 1552 2823 personam
1581 2766 1796 2816 eorum,
1846 2751 1941 2820 qui
1971 2760 2290 2821 peccarunt,
2320 2763 2373 2806 et
2399 2768 2459 2807 se
2492 2761 2899 2819 converterunt,
2937 2752 3067 2807 illud
3112 2753 3348 2823 positum
3372 2752 3645 2818 invenies,

415 2852 469 2897 et
490 2854 618 2900 tunc
647 2845 1032 2917 interpretatur
1063 2857 1385 2919 contemptus
1417 2848 1487 2904 ob
1515 2857 1733 2919 peccata
1758 2861 1877 2904 sua.
1903 2845 2159 2903 f’salmus
2182 2846 2348 2920 igitur
2378 2848 2559 2906 dictus
2584 2859 2666 2905 est
2692 2849 2759 2905 de
2789 2849 2987 2920 populo
3007 2889 3023 2915 ,
3059 2848 3150 2918 qui
3195 2849 3458 2919 peccavit,
3488 2858 3543 2903 et
3588 2847 3645 2901 in

416 2937 748 2992 intellectum
780 2940 949 3002 venit,
981 2949 1036 2996 et
1056 2941 1316 2998 claudens
1360 2957 1421 2997 se
1451 2941 1505 2996 in
1540 2941 1821 3011 spelunca,
1856 2948 2126 2996 eratcum
2154 2941 2411 3013 lacrymis
2441 2941 2655 3010 validis,
2686 2950 2740 2996 et
2767 2941 3089 2996 conﬁtetur:
3139 2940 3284 3010 quod
3311 2950 3493 2996 autem
3539 2941 3645 2997 hoc

418 3025 592 3094 ipsum
639 3028 922 3097 signiticet,
954 3030 1203 3086 similiter
1227 3041 1280 3087 et
1308 3030 1552 3102 psalmus
1580 3031 1695 3099 ipse
1743 3028 2029 3083 manifeste
2059 3032 2164 3087 hoc
2207 3032 2385 3087 docet.

483 3144 572 3199 ει.
608 3144 722 3197 Non
754 3159 841 3198 me
887 3144 1004 3214 ipse
1034 3144 1242 3197 tradam
1298 3146 1349 3198 in
1384 3138 1702 3201 servitutem
1721 3158 1969 3219 peccato,
1999 3134 2041 3190 (ἶ

2142 3144 2233 3199 24.
2269 3146 2381 3198 Οὐκ
2405 3145 2470 3199 ἂν
2499 3144 2751 3199 δουλώσω
2777 3144 3010 3215 ἐμαυτὸν
3041 3147 3107 3216 τῇ
3145 3146 3408 3216 ἁμαρτίᾳ,
3437 3146 3545 3211 ἕως
3578 3146 3640 3201 ἃν

413 3237 588 3313 μοηεο
614 3233 887 3303 perﬁciam
916 3247 1135 3309 cursum
1173 3247 1374 3285 meum.

1211 3247 1374 3285 leum.
2076 3236 2283 3289 τελέσω
2318 3235 2407 3290 τὸν
2437 3236 2630 3308 δρόμον
2666 3253 2787 3306 μου.

484 3327 537 3380 1.
567 3326 623 3380 In
650 3326 837 3381 dolore
858 3327 1040 3381 cordis
1066 3328 1173 3382 mei
1210 3327 1444 3395 ingemui
1483 3327 1545 3378 ad
1579 3337 1647 3381 te.
1840 3319 1849 3331 “

2149 3331 2200 3382 1.
2248 3331 2334 3383 Ἑν
2373 3329 2534 3402 ὀδύνῃ
2560 3330 2659 3399 τῆς
2687 3327 2910 3400 καρδίας
2937 3346 3036 3400 μου
3070 3328 3326 3393 ἐστέναξα
3353 3330 3494 3400 πρὸς
3517 3329 3600 3384 σέ.
3641 3352 3646 3367 ι

482 3416 537 3471 2.
563 3418 627 3471 Et
657 3431 764 3470 non
794 3416 997 3472 audens
1031 3420 1239 3487 aperire
1270 3419 1410 3473 labia
1445 3435 1561 3474 mea
1607 3439 1788 3479 coram
1831 3424 1969 3494 ipso,

2142 3421 2197 3475 2.
2225 3420 2335 3475 Καὶ
2359 3422 2433 3493 μὴ
2462 3421 2641 3491 τολμῶ
2666 3420 2742 3492 (2)
2767 3420 2837 3473 τὰ
2867 3419 3018 3493 χείλη
3046 3437 3144 3490 μου
3174 3418 3379 3483 ἀνοῖξαι
3410 3418 3638 3474 ἐνώπιον

414 3511 735 3579 deprecatus
762 3524 883 3563 sum
917 3508 984 3562 ad
1018 3524 1141 3563 eum
1177 3510 1392 3567 ﬂetibus
1421 3512 1899 3571 inenarrabilibus.

2072 3511 2257 3576 αὐτοῦ,
2293 3515 2611 3584 στεναγμοῖς
2642 3508 2930 3583 ἀλαλήτοις
2960 3511 3095 3582 πρὸς
3116 3508 3276 3563 αὐτὸν
3320 3509 3565 3582 ἐδεήθην.

485 3600 538 3653 5.
568 3598 861 3669 Pr0pterea
893 3598 1114 3656 eﬂ‘undo
1144 3600 1199 3654 in
1228 3612 1523 3673 conspectu
1558 3604 1677 3675 ejus
1700 3605 1972 3676 lacrymas

2141 3606 2193 3659 '5.
2226 3605 2315 3659 Διὸ
2348 3605 2556 3676 δάκρυα
2590 3605 2666 3675 (5)
2696 3605 2794 3675 τῆς
2833 3603 3009 3674 ψυχῆς
3060 3619 3162 3673 μου
3201 3600 3433 3656 ἐνώπιον
3471 3601 3633 3658 αὑτοῦ

415 3692 609 3747 animae
638 3706 791 3746 meae.
1105 3760 1107 3763 τ

688 3706 791 3746 lete.
1105 3760 1107 3763 ν
2071 3694 2264 3766 ἐκχεῶ.

480 3783 533 3838 4.
574 3783 641 3838 Et
672 3783 969 3839 conﬁtebor
1006 3794 1130 3838 ante
1170 3784 1349 3856 ipsum
1385 3800 1607 3854 peccata
1638 3802 1756 3841 mea
1782 3802 1970 3842 coram

2140 3790 2192 3842 4.
2222 3788 2331 3841 Καὶ
2356 3787 2454 3851 τὰς
2477 3786 2746 3859 ἁμαρτίας
2765 3801 2886 3856 μου,
2909 3784 3085 3857 ἇσπερ
3100 3779 3206 3838 οἵδε
3228 3783 3332 3856 πρὸ
3352 3782 3462 3839 τῶν
3484 3785 3635 3857 ἐμῶν

412 3878 550 3948 ipso,
579 3892 700 3947 quae
728 3877 1041 3947 priusquam
1069 3892 1168 3946 ego
1199 3878 1443 3957 eloquar,
1483 3880 1652 3933 novit.

2071 3879 2347 3951 ῥημάτων,
2381 3878 2607 3932 ἐνώπιον
2643 3877 2806 3931 αὐτοῦ
2838 3876 3313 3948 ἐξομολογήσομαι.

479 3970 533 4025 5.
573 3969 640 4022 Et
666 3983 830 4034 nunc,
875 3979 927 4023 et
955 3970 1009 4023 in
1044 3970 1249 4024 ultimis
1278 3971 1472 4025 diebus
1504 3972 1657 4026 meis.

2137 3969 2191 4024 5.
2233 3968 2341 4022 Καὶ
2371 3968 2486 4033 νῦν,
2517 3968 2609 4022 καὶ
2629 3969 2702 4038 (4)
2721 3969 2800 4030 εἰς
2829 3965 2896 4020 τὰ
2921 3967 3120 4036 ἔσχατα
3147 3965 3490 4037 τῶνήμερῶν
3508 3984 3630 4036 μου.

479 4063 533 4116 6.
573 4061 639 4117 Et
674 4074 765 4128 tu,
821 4062 915 4132 qui
969 4063 1213 4116 omnium
1257 4063 1419 4117 corda
1466 4065 1642 4130 nosti,
1685 4064 1968 4134 cognoscis

2135 4059 2187 4115 6.
2227 4060 2336 4113 Kal
2384 4060 2469 4124 σὺ,
2511 4057 2911 4130 καρδιογνῶστα
2943 4056 3184 4121 πάντων,
3214 4056 3502 4126 γινώσκεις
3535 4059 3631 4122 τὰς

410 4152 682 4222 improbas
715 4167 864 4208 meas
907 4152 1165 4209 actiones.

1140 4170 1165 4209 ιν.
2067 4151 2304 4222 πονηράς
2345 4166 2445 4220 μου
2477 4148 2716 4218 πράξεις.

479 4243 532 4294 7.
577 4243 629 4295 In
679 4244 826 4296 omni
871 4251 1112 4311 tempore
1158 4243 1281 4298 vitae
1325 4260 1494 4309 meae,
1527 4254 1877 4300 inseruerunt
1911 4245 1963 4299 in

2135 4241 2187 4294 7.
2218 4241 2305 4293 ’Ev
2336 4238 2497 4292 παντὶ
2522 4238 2697 4309 χρόνῳ
2726 4237 2824 4308 τῆς
2856 4236 3000 4309 ζωῆς
3034 4255 3135 4308 μου
3167 4235 3530 4306 ἐνεφύτευσαν
3555 4238 3630 4299 εἰς

411 4332 572 4386 corde
599 4348 719 4386 meo
746 4348 936 4400 pravas
964 4335 1087 4388 vitat
1123 4334 1474 4403 cupiditates.

2063 4331 2159 4400 τὴν
2192 4330 2416 4402 καρδίαν
2452 4346 2551 4400 μου
2584 4331 2682 4400 τὴν
2713 4329 2953 4402 πονηρὰν
2979 4328 3072 4381 τοῦ
3108 4328 3221 4398 βίου
3255 4327 3573 4398 ἐπιθυμίαν.

478 4423 531 4477 8.
572 4422 637 4477 Ει
664 4423 923 4493 evigilans
951 4426 1264 4494 reputabam
1313 4428 1366 4479 in
1406 4442 1491 4482 me
1537 4426 1678 4497 ipso,
1716 4442 1782 4481 an
1821 4426 1961 4482 forte

2132 4420 2183 4473 8.
2219 4419 2327 4473 Καὶ
2343 4418 2618 4491 ἀνανήψας
2634 4417 2950 4489 ἐλογιζόμην
2967 4419 3023 4470 ἐν
3042 4418 3239 4489 ἐαυτῷ,
3256 4419 3304 4470 εἰ
3323 4419 3431 4489 ἄρα
3446 4418 3625 4488 ἐποίη-

408 4512 623 4583 aliquod
659 4515 856 4567 bonum
881 4529 1059 4568 coram
1086 4522 1137 4569 te
1169 4513 1440 4571 fecissem.

1259 4515 1440 4570 issem.
2063 4513 2131 4566 σά
2154 4524 2205 4565 τι
2236 4512 2436 4579 ἀγαθὸν
2468 4511 2696 4565 ἐνώπιόν
2724 4528 2835 4566 σου.

476 4608 529 4659 9.
572 4604 638 4660 Ει
669 4606 873 4659 nullum
906 4606 1122 4673 penitus
1155 4606 1210 4661 in
1240 4623 1326 4663 me
1354 4615 1470 4662 erat
1495 4606 1793 4677 repositum
1819 4622 1956 4677 opus
1988 4610 2031 4663 D

2130 4605 2182 4659 9.
2213 4604 2323 4657 Kal
2358 4602 2635 4668 παντελῶς
2657 4604 2755 4657 οὐκ
2780 4598 2849 4675 ἧν
2886 4605 2946 4659 ἐν
2988 4602 3110 4675 ἐμοὶ
3148 4604 3506 4676 ἀποκείμενον
3533 4603 3624 4675 ἐρ-

405 4694 628 4747 bonum.

2063 4713 2157 4764 γον
2188 4695 2388 4764 ἀγαθόν
2418 4694 2514 4765 (5).-

474 4783 559 4839 tO.
601 4783 666 4838 Et
698 4785 997 4855 cogitabam
1032 4799 1099 4842 au
1148 4802 1309 4857 quem
1359 4787 1729 4861 confugerem,
1775 4799 1830 4844 et
1875 4789 1957 4844 in-

2138 4789 2225 4844 10.
2257 4789 2368 4843 Καὶ
2393 4788 2768 4861 διελογιζόμην
2808 4788 2873 4842 τὸ
2896 4789 3032 4861 πρὸς
3068 4787 3189 4841 τίνα
3220 4787 3407 4859 φύγω,
3438 4790 3535 4843 καὶ
3564 4790 3622 4845 ὲν

403 4884 603 4939 certus,
635 4884 797 4946 atque
831 4878 986 4947 in0ps
1015 4880 1227 4934 consilii
1266 4896 1435 4936 eram.

1056 4880 1227 4934 onsilii
1266 4896 1435 4936 eram.
2063 4880 2139 4950 (6)
2156 4880 2436 4953 ἀμηχανίᾳ
2463 4881 2632 4951 ήμην.

1302 4993 1615 5057 Addenda
1672 5002 1733 5058 et
1782 4995 2161 5074 corrigenda
2220 5014 2298 5058 ex
2329 4995 2473 5057 cod.
2507 4994 2709 5057 Vatic.

473 5092 551 5163 (1)
590 5094 651 5164 Ἢ
679 5092 765 5146 διὰ
800 5093 895 5162 τῆς
920 5091 1284 5164 κινναβάρεως
1312 5092 1553 5164 περιέχει
1572 5110 1586 5124 ’
1621 5101 1725 5148 etc.
1773 5093 1864 5164 Ἐν
1880 5093 1958 5164 τῷ
2054 5101 2188 5164 etc.,
2211 5092 2409 5164 σαφῶςτ
2433 5091 2567 5146 αὐτὸ
2589 5091 2747 5147 τοῦτο
2770 5092 3030 5149 διδάσκει.

403 5162 650 5234 σπηλαίῳ
679 5165 972 5234 προσευχῇ.
995 5162 1183 5234 Τοῦτο,
1218 5172 1345 5227 etc.,
1370 5162 1687 5234 εἰρήκαμεν,
1720 5162 1816 5216 καὶ
1840 5162 1957 5217 διαὲ-
2122 5162 2200 5234 (2)
2225 5162 2470 5234 ’[ολμῶν,
2504 5171 2610 5218 etc.

403 5232 582 5303 φόρως
613 5233 705 5285 καὶ
725 5232 1061 5303 λαμϐάνεται
1089 5253 1099 5263 ο
1130 5232 1217 5303 ὅτε
1248 5234 1391 5303 γάρ,
1419 5232 1548 5297 ere,
1574 5232 1686 5286 τῶν
1729 5234 1952 5288 δικαίων

1444 5232 1548 5297 :tc.,
1574 5232 1686 5286 τῶν
1729 5234 1952 5288 δικαίων
2231 5233 2310 5286 Τὰ
2332 5233 2563 5303 δάκρυα,
2595 5239 2699 5290 etc.
2727 5235 2828 5289 Διό
2853 5234 3020 5290 deest.

402 5302 649 5373 εὑρήσεις
675 5302 1101 5373 αὐτὸ-κείμενον,
1133 5302 1670 5373 spumeus-rageth
1706 5304 1952 5372 κείμενον

969 5317 1101 5366 ενον,
1133 5302 1670 5373 spumeus-rageth
1706 5304 1952 5372 κείμενον
2120 5302 2197 5372 (4)
2234 5303 2346 5373 Καί
2375 5303 2545 5358 deest.

402 5370 1214 5454 ιρμηνςύεῖαι-ξξουιενηιέγοξ;
1239 5370 1484 5454 sweet:
1514 5372 1600 5454 ea:
1636 5373 1747 5454 ,τὰς
1777 5370 1955 5454 deus»
2121 5370 2739 5454 e>'§.eov.=adv«96v-

403 5439 519 5516 fiat;
534 5439 869 5516 '_a.t'r:_05._l\'§v
892 5439 982 5516 οὖν
1011 5440 1600 5516 αὑτὸᾉτοῢτο-τὸ-Δαϐὶδ
1634 5439 1950 5516 ὄγομαξσᾱ
2228 5439 2301 5498 Τὸ
2332 5439 2457 5510 ποῦ,
2486 5444 2520 5516 ἢ
2550 5439 2685 5516 πρὸς
2715 5444 2836 5499 τίνα
2860 5442 3044 5514 φυγὼν
3072 5444 3160 5498 ἀεὶ
3191 5444 3272 5512 ὲν,
3300 5452 3414 5503 etc.

403 5506 583 5560 λαϐεῖν
605 5512 683 5571 εἰς
712 5510 799 5564 τὸν
823 5510 968 5577 λαόν,
1001 5521 1128 5578 θιῐεη
1151 5512 1384 5583 ἰσχυρῶν
1404 5513 1479 5578 ὡς
1510 5514 1602 5567 καὶ
1619 5506 1749 5568 αύτὸ
1769 5513 1951 5579 τοῦτο,
