3990 6208
354 301 505 367 ’12θῖ

438 431 524 486 11.
564 432 673 486 Καὶ
706 434 804 488 οὐκ
828 430 974 487 ἐστιν
1000 434 1028 485 6
1057 434 1300 504 ἐκζητῶν
1337 437 1435 510 τὴν
1462 437 1640 511 ψυχήν
1672 457 1796 511 μου.

438 522 522 576 12.
551 522 849 597 Ἐκέκραξα
882 526 1017 597 πρὸς
1047 524 1126 592 σὲ,
1158 525 1353 598 Κύριε,

439 613 525 669 15.
566 611 733 669 Εἷπα·
766 618 838 670 Σὺ
860 615 968 689 εῑή
1001 617 1153 683 ἐλπίς
1187 636 1309 689 μου,

438 706 525 760 14.
565 707 738 779 Μερίς
764 725 862 779 μου
897 704 949 762 εἴ
978 711 1035 762 ὲν
1062 712 1133 781 γῇ
1168 708 1403 774 ζώντων.

441 795 525 849 15.
566 795 806 866 Πρόσχες
839 797 973 867 πρὸς
998 797 1096 869 τὴν
1122 797 1306 869 δέησίν
1339 816 1437 870 μου
1458 815 1473 829 ο

441 886 527 940 16.
544 887 664 940 Ὀτι
690 887 1058 959 ὲταπεινώθην
1084 890 1309 962 σφόδρα.

438 977 524 1030 17.
552 977 738 1031 Ῥὖσαί
771 995 838 1049 με
870 978 935 1032 ὲκ
960 978 1068 1033 τῶν
1097 981 1537 1035 καταδιωκόντων
1567 997 1667 1053 με*

438 1064 663 1125 18.Ὄτι
690 1071 1134 1143 ἐκραταιώθησαν
1165 1074 1305 1145 ὑπὲρ
1337 1073 1457 1144 ὲμέ.

436 1159 521 1214 19.
551 1160 812 1231 Ἐξάγαγε
846 1164 909 1216 ἐκ
937 1163 1182 1234 φυλακῆς
1209 1164 1308 1234 τὴν
1332 1163 1509 1235 ψυχήν
1544 1180 1667 1234 μου,

435 1250 525 1306 20.
565 1250 672 1306 Τοῦ
697 1252 1189 1325 ἐξομολογήσασθαι
1218 1253 1297 1325 τῷ
1323 1255 1544 1324 ὀνόματί
1576 1273 1687 1310 σου.

434 1343 525 1399 ‘21.
551 1342 680 1414 Ἐμὲ
700 1344 1023 1414 ὑπομενοῦσι
1042 1345 1258 1409 δίκαιοι,
1275 1346 1375 1410 ἕως
1398 1340 1459 1399 οὗ
1484 1346 1795 1417 ἀνταποδῷς
1818 1363 1924 1416 μοι.

370 1433 614 1504 τιὴλμὸς
637 1431 716 1498 τῷ
747 1434 940 1501 Δαϐὶδ,
976 1430 1153 1488 ὁπότε
1184 1434 1539 1489 κατεδίωκεν
1564 1435 1749 1489 αὐτὸν
1787 1435 1932 1489 Ἄϐε-

600 1528 813 1594 σαλωμ
843 1529 875 1580 ό
900 1527 1028 1592 υἱὸς
1053 1526 1260 1582 αὐτοῦ.
1298 1530 1469 1581 ΨΑΛ.
1505 1530 1687 1580 PMB’.

434 1616 485 1669 1.
525 1615 720 1687 Κύριε,
754 1615 1070 1670 εἰσάκουσον
1098 1615 1198 1685 τῆς
1226 1616 1532 1689 προσευχῆς
1564 1633 1664 1686 μου
1685 1632 1701 1649 ο
1754 1686 1758 1689 Δ

434 1709 491 1777 2.
516 1694 796 1762 Ἑνιὶντισαι
827 1709 927 1782 τὴν
952 1709 1136 1782 δέησίν
1162 1726 1261 1779 μου
1290 1710 1348 1761 ὲν
1375 1710 1440 1779 τῇ
1474 1707 1701 1779 ἀληθείᾳ
1728 1725 1841 1764 σου.

1226 317 1316 372 DE
1355 318 1632 376 TITULIS
1668 321 2118 390 PSALMORUM.
2153 353 2225 363 —
2260 319 2460 377 PSAL.
2501 316 2707 376 CXLII.

1951 445 1998 500 Α
2094 438 2182 491 11.
2226 436 2294 490 Et
2330 450 2439 490 non
2464 444 2550 491 est
2576 434 2671 503 qui
2711 429 2951 499 requirat
2981 427 3218 482 animam
3251 441 3451 489 meam.

3452 304 3590 362 1298

2104 530 2189 583 12.
2232 526 2473 583 Clamavi
2509 524 2574 587 ad
2600 533 2672 588 te,
2700 521 2953 583 Domine,

2104 619 2192 675 15.
2233 617 2297 673 Et
2331 616 2442 673 dixi
2479 635 2493 671 :
2527 614 2608 670 Tu
2634 630 2694 671 es
2722 628 2846 683 spes
2868 626 2988 666 mea

2102 712 2190 766 14.
2234 708 2417 765 Portio
2448 723 2565 762 mea
2594 707 2648 761 in
2682 716 2822 760 terra
2856 703 3172 759 viventium.

2101 803 2189 859 15.
2231 800 2458 858 Intende
2491 801 2556 855 ad
2591 797 3022 868 deprecationem
3060 810 3231 850 meam
3269 813 3281 849 :

2104 892 2192 948 16.
2233 891 2371 958 Quia
2402 890 2722 946 humiliatus
2756 904 2876 943 sum
2921 887 3107 942 nimis.

2104 984 2194 1039 17.
2237 981 2430 1037 Libera
2461 995 2546 1034 me
2580 996 2613 1037 a
2641 976 3093 1049 persequentibus
3120 989 3206 1030 me
3238 992 3251 1029 :

2105 1074 2190 1129 18.
2233 1073 2370 1139 Quia
2404 1070 2694 1127 confortati
2720 1078 2847 1125 sunt
2879 1083 3042 1138 super
3070 1081 3174 1120 me.

2107 1167 2192 1221 19.
2231 1165 2382 1222 Educ
2413 1165 2480 1219 de
2501 1163 2751 1219 custodia
2775 1162 3012 1219 animam
3037 1174 3208 1219 meam
3229 1199 3246 1224 ,

2103 1255 2195 1312 ‘20.
2237 1255 2320 1310 Ad
2354 1253 2723 1310 conﬁtendum
2760 1251 2968 1305 nomini
2995 1258 3107 1304 tuo.

2104 1347 2194 1401 ‘21.
2235 1345 2318 1402 Me
2342 1345 2733 1415 exspectabunt
2756 1342 2911 1413 justi,
2936 1341 3109 1396 donec
3134 1338 3401 1394 retribuas
3438 1338 3589 1392 mihi.

2037 1438 2286 1494 Psalmus
2327 1437 2520 1501 David,
2549 1436 2759 1505 quando
2788 1433 3192 1504 persequebatur
3216 1447 3333 1485 eum
3360 1430 3594 1487 Absalon

2083 1586 2093 1597 ,
2411 1528 2553 1596 ﬁlius
2581 1526 2715 1595 ejus.
2750 1523 2955 1581 PSAL.
2995 1521 3222 1577 CXLII.

2106 1619 2157 1671 1.
2205 1618 2430 1673 Domine
2450 1655 2465 1681 ,
2495 1615 2707 1673 exaudi
2732 1616 3036 1671 orationem
3063 1629 3239 1669 meam
3268 1631 3282 1667 :

2108 1711 2163 1764 2.
2203 1710 2444 1765 Auribus
2472 1709 2688 1780 percipe
2731 1707 3165 1763 obsecrationem
3201 1720 3376 1761 meam
3423 1704 3476 1759 in
3505 1718 3597 1759 ve—

2034 1802 2194 1857 ritate
2214 1811 2325 1857 tua.

1148 1952 1153 1957 _
1479 1891 1864 1949 ATIlANASll
1901 1894 2488 1952 lNTEBPRETATIO.

437 1986 524 2041 11.
563 1984 697 2053 Ούδὲ
740 1983 850 2055 γὰρ
905 1977 974 2055 ἦν
1026 1983 1282 2055 πρόνοιάν
1330 1999 1431 2053 μου
1481 1981 1799 2053 ποιούμενος
1835 1982 1937 2053 τῆς

2106 1985 2192 2041 11.
2224 1983 2409 2056 Neque
2462 1985 2608 2041 enim
2668 1998 2825 2049 erat,
2890 1985 2985 2055 qui
3044 1983 3353 2054 provideret
3403 1982 3599 2038 anima:

362 2078 557 2148 ψυχῆς·

436 2168 523 2232 12,
557 2166 643 2222 15.
672 2166 761 2230 Ὧς
804 2159 896 2220 οὖν
944 2160 1103 2232 εἶδον,
1131 2164 1363 2235 ἐμαυτὸν
1399 2165 1699 2235 ἀπήλπισα,
1722 2167 1815 2220 καὶ
1843 2184 1937 2237 με-

362 2257 433 2311 τὰ
459 2257 533 2329 (1)
553 2256 800 2329 δακρύων
840 2256 1109 2328 ἀνεϐόησα
1148 2256 1285 2327 πρὸς
1316 2256 1397 2320 σὲ,
1429 2258 1621 2328 Κύριε,
1647 2257 1742 2317 καὶ
1766 2253 1930 2320 εἶπα·

377 2349 693 2418 Ἀπολογίαν
720 2350 819 2403 οὐκ
847 2348 954 2417 ἔχω
980 2346 1207 2402 ἐνώπιόν
1241 2365 1333 2402 σου
1354 2365 1367 2377 '
1397 2350 1478 2413 εἰς
1513 2348 1569 2401 δὲ
1606 2349 1707 2418 τὴν
1752 2348 1938 2418 φιλαν-

364 2444 609 2514 θρωπίαν
641 2440 733 2511 σου
758 2441 980 2506 ἐλπίζω,
1011 2440 1094 2494 ὅτι
1114 2440 1356 2511 ὲλεήσεις
1392 2456 1479 2510 με.

438 2625 524 2679 14.
561 2624 910 2697 κληρονομία
941 2617 991 2677 ei
1023 2621 1100 2696 (2)
1135 2625 1193 2678 ἐν
1235 2625 1302 2694 τῇ
1348 2622 1461 2676 ἀνω
1497 2620 1847 2701 Ἰερουσαλὴμ
1869 2623 1934 2692 τῇ

363 2718 516 2789 πόλει
544 2717 653 2771 τῶν
686 2716 856 2785 ἁγίων
888 2732 1005 2769 σου.

436 2810 525 2874 15,
553 2808 639 2864 16.
676 2808 920 2879 Πρόσχες
950 2806 1085 2877 πρὸς
1109 2805 1207 2877 τὴν
1231 2803 1414 2876 δέησίν
1446 2822 1570 2875 μου,
1598 2804 1691 2857 καὶ
1715 2803 1936 2876 πλήρω-

369 2920 459 2956 σον
495 2901 684 2972 αὐτὴν,
711 2900 790 2965 ὅτι
822 2896 1212 2967 δεδουλωμένος
1243 2894 1359 2964 είμὶ
1385 2897 1452 2966 τῇ
1488 2893 1735 2965 ἁμαρτίᾳ.
1767 2893 1864 2964 (5).

441 3055 531 3114 1⁸1.
562 3055 748 3110 Ῥῦσαί
779 3071 847 3124 με
877 3053 985 3107 ἀπὸ
1004 3051 1112 3105 τῶν
1132 3050 1392 3106 ἐναντίων
1411 3048 1694 3123 δυνάμεων
1721 3047 1829 3101 τῶν
1853 3049 1940 3102 θε-

366 3150 565 3203 λόντων
598 3165 665 3220 με
697 3146 1001 3217 ἀποστῆσαι
1033 3144 1141 3198 ἀπὸ
1175 3142 1291 3197 σοῦ.

440 3240 526 3295 18.
566 3240 709 3306 Ὅτι,
761 3236 896 3312 ἐμοῦ
926 3235 1326 3309 ἡμαρτηκότος,
1378 3227 1537 3288 αὗται
1599 3232 1938 3304 ἰσχυρότεραί

373 3350 474 3407 μου
513 3332 589 3404 (4)
623 3331 929 3402 γεγόνασιν.

444 3424 526 3477 19.
558 3423 817 3491 Ἐξάγαγε
851 3424 914 3475 ἐκ
940 3418 1047 3473 τῶν
1079 3418 1293 3489 δεσμῶν
1322 3418 1416 3471 καὶ
1444 3416 1544 3470 τοῦ,
1574 3417 1797 3481 σκότους
1832 3415 1941 3469 τῶν

369 3514 608 3586 ἀνομιῶν
634 3514 732 3584 τὴν
758 3512 933 3583 ψυχήν
966 3530 1065 3583 μου
1090 3530 1102 3543 ·

441 3608 532 3662 20.
552 3606 760 3668 Ὅπως,
793 3604 961 3658 ἐλθὼν
993 3608 1050 3657 ἐν
1083 3603 1160 3673 τῷ
1191 3601 1328 3671 φωτί
1368 3617 1482 3664 σου,
1513 3600 1724 3671 δυνηθῶ
1756 3599 1945 3672 ἐξομο-

372 3695 704 3770 λογήσασθαί
736 3712 836 3761 σοι,
860 3696 1001 3765 ἆπερ
1017 3693 1324 3765 πέπρακταί
1360 3708 1479 3762 μοι·
1506 3693 1613 3745 πᾶν
1636 3696 1745 3763 γὰρ
1763 3693 1824 3745 τὸ
1839 3709 1943 3761 φα-

375 3787 532 3859 νερού
541 3803 701 3859 μενον
735 3785 850 3856 φῶς
872 3787 1008 3838 ἐστι.

442 3878 533 3933 ‘21.
564 3878 694 3948 Ἐμὲ
727 3874 1054 3947 ὑπομενοῦσι
1081 3874 1279 3937 πάντες
1311 3873 1360 3926 οί
1380 3872 1572 3927 δίκαιοί
1604 3889 1696 3925 σου
1732 3874 1831 3943 (5),
1854 3874 1950 3927 καὶ

348 3974 433 4049 ,αἱ
466 3971 617 4041 ἆγιαί
652 3987 743 4023 σου
785 3970 1058 4039 δυνάμεις,
1089 3968 1173 4019 ἵνα
1210 3965 1539 4037 ἐπιστρέψω,
1569 3966 1665 4019 καὶ
1704 3966 1823 4019 ἀντὶ
1853 3966 1946 4019 τοῦ

378 4062 625 4126 πένθους,
658 4054 721 4114 οὗ
770 4060 877 4131 ἔχω
906 4061 964 4114 ὲν
999 4061 1066 4131 τῇ
1114 4058 1258 4129 ψυχῇ
1304 4074 1425 4129 μου,
1459 4055 1703 4128 δώρησαί
1738 4074 1829 4128 μοι
1862 4058 1949 4111 εὐ-

380 4155 671 4227 φροσύνην,
710 4154 1069 4225 συγχωρήσας
1117 4168 1207 4222 μοι
1247 4149 1320 4204 τὰ
1370 4147 1809 4221 παραπτώματα,
1858 4151 1949 4203 καὶ

375 4248 563 4302 λοιπὸν
595 4247 838 4320 συνήθως
864 4246 1038 4317 χαρὰν
1069 4246 1367 4317 ποιήσωσιν
1409 4240 1705 4315 ὑμνοῦντες
1756 4258 1816 4295 σε
1856 4243 1952 4297 ἐπὶ

380 4338 463 4391 ἑνὶ
490 4337 797 4409 ἁμαρτωλῷ
826 4334 1190 4407 μετανοοῦντι,
1230 4333 1508 4387 τουτέστιν
1531 4331 1675 4403 ἐμοί.

2036 2088 2189 2130 meae.

2107 2163 2207 2229 12,
2239 2162 2326 2218 13.
2361 2162 2495 2216 Cum
2532 2164 2697 2234 igitur
2731 2163 3029 2232 aspicerem
3058 2179 3143 2217 me
3168 2163 3378 2232 ipsum,
3409 2163 3601 2233 despe-

2035 2254 2182 2317 ravi,
2234 2263 2288 2310 et
2340 2270 2462 2310 cum
2520 2255 2775 2327 lacrymis
2826 2256 3053 2310 clamavi
3084 2255 3149 2309 ad
3209 2264 3280 2319 te,
3339 2253 3601 2320 Domine,

2035 2352 2090 2398 et
2146 2344 2259 2399 dixi
2315 2364 2328 2398 :
2382 2343 2759 2401 Defensiouem
2830 2360 2937 2399 non
3010 2346 3184 2399 habeo
3254 2360 3436 2401 coram
3511 2354 3597 2412 te;

2036 2434 2092 2489 in
2119 2436 2453 2508 benignitate
2494 2445 2673 2491 autem
2719 2446 2810 2491 tua
2845 2452 3036 2508 spero,
3074 2437 3219 2508 quod
3253 2437 3600 2492 misereberis

2036 2526 2164 2581 mei.

2109 2616 2196 2672 14.
2244 2616 2542 2675 Haereditas
2581 2635 2641 2674 es
2685 2619 2741 2674 in
2782 2634 3018 2690 superna
3055 2616 3355 2683 Jerusalem
3386 2617 3603 2674 civitate

2038 2716 2352 2764 sanctorum
2393 2718 2632 2765 tuorum.

2108 2799 2197 2865 15,
2232 2801 2318 2856 16.
2353 2802 2577 2857 Intende
2602 2803 2667 2857 ad
2699 2802 3138 2873 deprecationem
3167 2816 3340 2857 meam
3362 2842 3378 2869 ,
3417 2809 3472 2855 et
3503 2801 3606 2855 im-

2039 2892 2124 2961 ple
2163 2892 2312 2947 illam
2333 2933 2350 2960 ,
2394 2895 2656 2964 quoniam
2699 2895 2754 2949 in
2795 2895 3110 2950 servitutem
3138 2894 3392 2949 redactus
3422 2908 3543 2948 sum
3573 2908 3606 2946 a

2040 2990 2284 3053 peccato.

2116 3072 2200 3126 17.
2238 3071 2432 3131 Libera
2455 3088 2541 3129 me
2568 3090 2598 3129 a
2629 3073 2918 3130 contrariis
2945 3074 3320 3144 potestatibus,
3356 3089 3476 3144 quae
3511 3087 3609 3130 vo-

2041 3165 2159 3219 lunt
2179 3180 2266 3219 me
2293 3182 2323 3219 a
2358 3175 2410 3220 te
2450 3175 2712 3222 avertere.

2113 3254 2198 3311 18.
2232 3254 2369 3322 Quia
2398 3270 2485 3309 me
2520 3265 2777 3325 peccante
2801 3295 2815 3321 ,
2878 3259 3009 3325 ipsa:
3044 3254 3300 3311 fortiores
3340 3270 3428 3309 me
3455 3254 3610 3309 facta:

1968 3324 2009 3415 β
2047 3355 2193 3402 sunt.

2121 3430 2208 3484 19.
2244 3428 2395 3484 Educ
2424 3446 2455 3485 e
2485 3430 2747 3498 vinculis,
2778 3447 2809 3486 e
2838 3431 3073 3488 tenebris
3115 3430 3460 3503 iniquitatum
3495 3429 3614 3484 ani-

2048 3537 2194 3578 mam
2221 3538 2420 3589 meam,

2115 3610 2205 3664 20.
2242 3610 2311 3665 Ut
2341 3613 2566 3666 veniens
2609 3613 2663 3665 in
2714 3613 2891 3666 lucem
2936 3621 3080 3666 tuam
3122 3613 3325 3682 possim
3367 3612 3613 3667 conﬁteri

2054 3697 2173 3761 tibi,
2198 3713 2319 3767 quae
2342 3697 2481 3752 facta
2512 3708 2639 3753 sunt
2670 3699 2800 3753 mihi
2834 3719 2846 3753 :
2875 3714 3036 3755 omne
3061 3700 3226 3767 enim,
3259 3700 3404 3769 quod
3439 3701 3615 3754 mani-

2051 3787 2299 3851 festatur,
2328 3790 2418 3843 lux
2451 3799 2559 3849 est:

2122 3878 2211 3932 21.
2247 3878 2331 3934 Me
2371 3888 2766 3950 exspectaeunt
2790 3895 2979 3937 omnes
3016 3881 3150 3952 justi
3192 3882 3300 3947 tui,
3336 3890 3389 3935 et
3414 3889 3619 3939 sanrm‘.

2053 3978 2161 4024 tuae
2197 3968 2459 4035 virtutes,
2489 3980 2549 4025 ut
2576 3982 2882 4037 convertar,
2917 3982 2971 4027 et
3017 3988 3116 4043 pro
3148 3987 3401 4038 maerore,
3454 3987 3616 4041 quem

2054 4061 2227 4117 habeo
2254 4062 2306 4116 in
2337 4064 2518 4118 anima
2543 4078 2681 4129 mea,
2716 4065 2855 4120 dona
2873 4064 3006 4118 mihi
3039 4064 3277 4118 laetitiam
3301 4064 3616 4119 condonans

2054 4151 2190 4206 mihi
2219 4162 2439 4220 peccata
2463 4194 2479 4220 ,
2534 4162 2589 4208 et
2627 4163 2743 4210 tum
2773 4153 2839 4209 de
2865 4169 3019 4209 more
3062 4154 3245 4209 ltetitia
3274 4154 3620 4210 exsultabunt

2055 4242 2342 4299 laudantes
2412 4253 2463 4300 te
2513 4261 2678 4316 super
2731 4261 2844 4306 uno
2903 4255 3188 4315 peccatore
3245 4246 3619 4317 paenitentiam

2061 4343 2254 4404 agente
2274 4335 2317 4401 ⁵,
2343 4336 2447 4391 hoc
2466 4345 2549 4391 est
2572 4352 2738 4408 super
2761 4351 2865 4391 me.

462 4430 526 4484 'H
554 4431 887 4503 προκειμένη
930 4428 1209 4500 ἐπιγραφὴ
1248 4427 1488 4499 περιέχει
1513 4424 1612 4498 (6)·
1649 4426 1893 4495 Ψωμός
1918 4425 1995 4492 τῷ
2025 4428 2222 4494 Δαϐὶδ,
2259 4431 2437 4484 ὁπότε
2458 4433 2645 4487 αὐτὸν
2679 4432 3034 4487 κατεδίωκεν
3068 4430 3401 4501 Ἀϐεσαλὼμ
3432 4435 3465 4486 ὁ
3492 4432 3622 4498 υίὸς

380 4523 584 4579 αὐτοῦ.
627 4522 802 4577 Δαϐίδ
827 4517 919 4576 οὖν
950 4520 1309 4594 ἑρμηνεύεται
1339 4518 1466 4573 ἔνθα
1498 4517 1926 4587 πεποθημένος,
1963 4519 2205 4573 τουτέστι
2237 4522 2265 4573 6
2288 4522 2628 4594 ἐπιστρέφων
2657 4525 2791 4596 πρὸς
2840 4526 2930 4578 τὸν
2953 4524 3155 4598 Κύριον
3194 4525 3320 4589 λαὸς
3347 4525 3453 4577 τῶν
3492 4526 3621 4577 Ἰου-

455 4616 670 4673 Titulus
705 4617 1029 4688 prmpositus
1059 4617 1301 4672 continet
1333 4633 1347 4669 :
1376 4613 1627 4667 Psalmus
1682 4612 1854 4666 Dauid
1878 4654 1892 4677 ,
1940 4614 2149 4684 quando
2194 4618 2605 4689 persequebatur
2636 4636 2753 4673 eum
2780 4619 3028 4674 Absalom
3074 4622 3218 4689 ﬁlius
3263 4620 3394 4689 ejus.
3452 4617 3621 4673 David

385 4712 551 4781 igitur
606 4712 697 4768 hic
744 4712 1137 4783 interpretatur
1187 4709 1559 4772 desideratus,
1592 4707 1698 4761 hoc
1729 4715 1812 4762 est
1853 4708 2089 4777 populus
2137 4708 2444 4771 Judagorum
2481 4723 2803 4769 convertens
2846 4730 2904 4769 se
2944 4716 3009 4769 ad
3048 4714 3358 4769 Dominum.
3405 4711 3606 4768 Deinde

465 4807 514 4866 1.
536 4807 589 4861 2.
627 4804 702 4878 (7)
736 4806 930 4875 Κύριε,
961 4805 1245 4875 πλήρωσον
1270 4802 1369 4872 τὴν
1397 4800 1705 4871 προσευχήν
1725 4816 1846 4870 μου,
1864 4800 1958 4853 καὶ

388 4898 617 4952 ἄκουσον
650 4897 746 4967 τὴν
776 4895 957 4967 δέησίν
990 4913 1091 4965 μου
1118 4896 1177 4947 ὲν
1204 4893 1281 4963 τῷ
1311 4891 1426 4962 Υίῷ
1460 4908 1553 4944 σου
1588 4889 1866 4961 ὑπάρχων.

459 4989 482 5020 ⁵
513 4987 644 5042 Luc.
676 5004 764 5053 xv,
799 4987 901 5055 10.,

2136 4804 2186 4868 1,
2218 4803 2271 4858 2.
2306 4804 2562 4872 Domine,
2600 4807 2763 4877 imple
2791 4808 3089 4862 orationem
3142 4822 3348 4872 meam,
3390 4815 3441 4859 et
3492 4785 3647 4860 audi.

2015 4960 2020 4964 ἡ
2067 4892 2499 4963 deprecationem
2533 4913 2713 4955 meam
2744 4897 2801 4953 in
2824 4895 2963 4953 Filio
3001 4908 3092 4953 tuo
3114 4897 3398 4952 exsistens.

422 5124 472 5179 α
1299 5086 1609 5149 Addenda
1646 5090 1707 5146 et
1769 5084 2144 5163 corrigenda
2205 5101 2283 5146 ex
2317 5083 2457 5146 cod.
2511 5083 2714 5145 Vatie.

464 5188 540 5260 (ι)
564 5188 784 5260 Ἑαυτὸν
815 5188 1229 5260 ἀπηλπισμένον
1256 5191 1412 5260 μετά,
1438 5199 1538 5245 etc.

578 5255 928 5330 Κληρονομίαξ
963 5255 1162 5330 μουέῐ,
1196 5255 1296 5315 etc.

465 5328 540 5400 (5)
564 5328 839 5400 suam
857 5328 1017 5400 πᾲνῡ·

465 5332 519 5393 (5
564 5332 835 5400 Ἀμαρτίᾳ
857 5332 1017 5382 πάνυ.

465 5332 541 5490 ei
563 5398 1208 5490 ’texreéffeiraesf‘i-

2061 5188 2274 5260 τηρίαν,
2305 5197 2437 5260 etc.,
2469 5187 2652 5260 ἔλεγεν
2676 5188 2841 5260 Αμετὰ
2888 5185 2990 5260 διαὶ-
3031 5182 3129 5260 τῇς
3171 5180 3365 5260 ῥλλης,
3392 5188 3518 5260 etc.,
3549 5181 3625 5260 cf};

2066 5248 2231 5329 στίχῳ
2261 5248 2338 5328 τῷ
2376 5248 2518 5311 dini)
2546 5248 2638 5311 δξαὶ
2671 5248 2879 5325 δεκάτῳ
2901 5248 3095 5375 ψαλμῷ
3114 5268 3126 5280 ·
3161 5248 3358 5321 ὁμοίως
3387 5248 3478 5303 καὶ
3507 5248 3628 5302 106'-

2066 5345 2143 5375 το-
2173 5338 2302 5375 σξιο.-
2338 5330 2403 5375 ὲκ
2428 5327 2533 5375 τῶν
2563 5327 2823 5375 οὐρανῶν-
2856 5324 2949 5375 καὶ
2975 5339 3004 5375 τ
3057 5319 3627 5375 dva6e6nx6vata'316v

2066 5319 2321 5391 το,”ὶιὶο.,’
2338 5330 2403 5380 ὲκ
2428 5327 2533 5380 τῶν
2563 5327 2833 5397 οὐρανῶν,
2851 5319 2949 5377 acati.
2975 5319 3627 5397 τδᾶιςαϐὲϐηκένοξταὺᾼτδν

2067 5388 2265 5461 ἐντοῖς
2290 5388 2563 5468 οὐρανοῖς,
2589 5388 2647 5449 ὲν
2670 5388 2956 5468 τῷλέχειν
2979 5388 3319 5468 ἀύτόνηειοί,
3351 5388 3628 5468 συλλαϐεῖν

466 5457 543 5539 (5)
589 5457 965 5539 ’Ϋπόμένόυσί
989 5457 1188 5532 πάντες
1220 5468 1269 5520 οἱ
1302 5466 1445 5536 ἆγιοί
1485 5485 1598 5532 σου,
1623 5478 1750 5534 etc.,
1794 5466 1965 5539 χαρὰν
2070 5468 2203 5539 αὐτὸ
2243 5457 2341 5539 εἰς,
2360 5457 2732 5539 έοιρηϐτιπερ
2750 5465 2778 5516 6
2803 5457 2914 5539 uie;
2944 5463 3034 5539 τδρ
3057 5457 3478 5539 πατᾷἡραιὲαυτοῦ
3500 5475 3629 5539 κανυ-

400 5547 735 5598 ποιήσουσιν,
760 5547 865 5592 etc.

470 5606 545 5681 (6)
579 5610 642 5661 Ἦ
667 5607 883 5681 δια-τῆς
909 5606 1568 5681 κινναϐάρεως-περιέχει,
1593 5614 1722 5660 (δια.Δ
1750 5608 1837 5681 ὅτε
1870 5607 1963 5681 αύ-

395 5675 671 5739 τὸν,’θιο.,
701 5678 808 5729 τῶν
832 5675 1116 5730 Ἰουδαίων,
1146 5675 1214 5730 Ἐἰ
1244 5675 1581 5739 τότεάνὶτόν,
1610 5686 1737 5738 etc.,
1765 5676 1861 5744 τῆς
1885 5678 1961 5727 εἰ·

401 5749 568 5820 ρήνης
588 5747 786 5802 ὡσανεὶ
812 5749 838 5799 ὁ
862 5747 1136 5819 δρομαῖος,
1167 5757 1293 5810 ctc.,
1325 5747 1414 5800 τοῦ
1439 5749 1725 5815 κατασχεῖν
1752 5748 1828 5808 εἰς
1863 5762 1965 5797 σωο

2072 5538 2280 5609 εδίωκε,
2316 5537 2478 5609 ,δῆλον
2516 5530 2751 5607 εὑρήσῂς
2794 5533 2888 5587 καὶ
2934 5532 3109 5584 τοῦτο.
3146 5530 3351 5601 ’0⁷γὰρ,
3385 5530 3634 5601 εῑε.,’1η-

2073 5607 2199 5669 σοῢς
2232 5607 2381 5669 Υἱός,
2407 5616 2509 5661 etc.

2144 5677 2219 5748 (7)
2259 5677 2326 5732 N.
2365 5676 2413 5728 1.
2444 5675 2634 5745 Κύριε,
2664 5682 2766 5730 etc.
2796 5674 2861 5727 N.
2890 5672 2943 5726 9..
2975 5672 3083 5726 Καὶ
3122 5671 3366 5733 ἄκουσον,
3403 5678 3506 5722 etc.
