3990 6208
395 1389 458 1452 ‘9‘.

399 1451 419 1526 ί

427 5476 446 5491 ’
517 5490 922 5565 (campum
949 5513 1072 5565 μου.

465 300 601 359 1299
1293 310 1349 365 S.
1388 307 1760 368 ATHANASII
1801 315 1950 372 OPP.
1992 317 2172 376 PARS
2208 322 2293 378 lll.
2337 356 2404 364 —
2434 326 2843 384 EXEGETICA.

529 424 581 478 5.
624 422 828 479 Exaudi
857 440 939 481 me
971 427 1023 480 in
1057 437 1145 482 tua
1176 429 1385 494 justitia
1407 473 1422 494 ,

525 515 578 568 4.
624 515 688 568 Ει
717 533 822 571 non
850 519 1017 573 intres
1051 520 1103 572 in
1127 521 1392 589 judicium
1433 539 1557 577 cum
1590 537 1750 578 servo
1777 534 1868 578 tuo
1900 544 1914 578 :

525 607 579 658 5.
619 605 758 673 Quia
776 624 882 664 non
910 609 1301 682 justillcabitur
1326 615 1376 666 iu
1403 627 1699 682 conspectu
1727 625 1818 669 tuo
1837 616 2021 670 omnis

454 697 658 753 vivens.

522 788 574 842 6.
618 788 758 855 Quia
789 803 1108 859 persecutus
1144 805 1227 849 est
1253 795 1508 850 inimicus
1538 798 1778 852 animam
1802 813 1976 852 meam
2003 817 2016 850 :

524 879 575 933 7.
619 879 932 938 Humiliavit
970 885 1024 939 in
1059 895 1199 941 terra
1232 890 1398 942 vitam
1430 906 1628 945 meam.

521 969 573 1024 8.
609 972 899 1030 Collocavit
945 993 1030 1031 me
1073 979 1127 1032 in
1160 979 1407 1035 obscuris
1439 983 1580 1036 sicut
1622 993 1866 1038 mortuos
1919 997 2016 1036 saec

449 1063 582 1127 tuli,

521 1156 575 1210 9.
604 1154 670 1209 Et
695 1157 947 1212 anxiatus
978 1167 1061 1214 est
1097 1175 1260 1231 super
1293 1177 1379 1216 me
1412 1144 1636 1232 spiritus
1671 1176 1867 1218 meus:

521 1246 608 1300 10.
635 1247 693 1301 1η
726 1264 811 1302 me
838 1250 1112 1306 turbatum
1145 1263 1227 1308 est
1256 1270 1352 1309 cor
1378 1271 1585 1313 meum.

3538 330 3680 387 1500

2041 456 2084 509 Α
2184 447 2235 498 5.
2277 445 2601 498 Εἱσάκουσὸν
2640 465 2738 516 μου
2764 448 2819 499 ἐν
2848 450 2912 517 τῇ
2941 448 3255 518 δικαιοσύνῃ
3282 454 3393 512 σου.
3430 413 3442 427 ’Δ

2187 539 2240 590 4.
2287 538 2388 591 Καὶ
2424 539 2496 608 μὴ
2520 537 2763 607 εἰσέλθῃς
2781 541 2860 600 εἰς
2882 539 3059 608 κρίσιν
3086 538 3222 607 μετὰ
3243 537 3335 590 τοῦ
3357 536 3540 592 δούλου
3562 554 3677 592 σουο

2187 628 2237 681 5.
2256 629 2377 680 Ὅτι
2411 629 2470 680 οὐ
2499 629 2914 698 δικαιωθήσεται
2948 627 3177 682 ἐνώπιόν
3207 646 3301 682 σου
3329 629 3436 692 πᾶς
3465 628 3590 693 ζῶν.

2191 797 2242 852 6.
2263 798 2384 849 Ὅτι
2416 795 2737 861 κατεδίωξεν
2765 800 2792 850 ὁ
2819 797 3009 869 ἐχθρὸς
3032 798 3130 868 τὴν
3157 797 3336 867 ψυχήν
3370 814 3470 868 μου
3488 813 3502 827 ⁸

2193 891 2244 942 7.
2275 889 2662 941 Ἐταπείνωσεν
2688 891 2767 952 είς
2793 890 2896 958 γῆν
2924 888 3018 958 τὴν
3041 888 3184 959 ζωήν
3215 905 3337 959 μου.

2193 979 2244 1033 8.
2281 979 2526 1032 Ἐκάθισέ
2564 996 2630 1048 με
2664 982 2719 1032 ὲν
2751 981 3041 1041 σκοτεινοῖς
3064 979 3137 1042 ὡς
3167 981 3391 1050 νεκροὺς
3418 979 3634 1062 αἰῶνος,

2193 1164 2244 1218 9.
2279 1163 2389 1217 Καὶ
2409 1163 2703 1232 ὴκηδίασεν
2731 1163 2816 1214 ἐπ’
2843 1161 2942 1231 ἐμὲ
2969 1160 3030 1212 τὸ
3050 1157 3265 1230 πνεῦμά
3296 1176 3396 1228 μου
3421 1176 3436 1188 ο

2190 1253 2278 1308 10.
2327 1255 2415 1308 Ἐν
2445 1254 2566 1323 ἐμοὶ
2599 1251 2873 1324 ἐταράχθη
2903 1254 2938 1322 ἡ
2967 1250 3161 1320 καρδία
3199 1266 3323 1319 μου.

1573 1428 1951 1485 ATHANASII
1989 1427 2572 1485 INTERPRETATIO.

449 1602 710 1659 δαίων.Ἦ
741 1610 877 1662 τότε
907 1604 1064 1680 [sitm
1091 1609 1274 1682 ὁπότε]
1306 1611 1491 1666 αὑτὸν
1515 1611 1871 1666 κατεδίωκεν
1897 1611 2229 1681 Ἀὄεσαλὼμ
2255 1614 2287 1666 ὀ
2314 1612 2441 1678 υἱὸς
2472 1610 2689 1666 αὐτοῦ·
2731 1610 3062 1678 Ἀϐεσαλὼμ
3093 1607 3450 1680 ἑρμηνεύεται
3493 1604 3688 1672 πατὴρ

448 1701 690 1770 εἰρήνης
707 1720 722 1736 ο
749 1704 839 1758 τὸν
865 1705 992 1759 λαὸν
1013 1703 1104 1760 οὖν
1138 1707 1228 1760 τὸν
1257 1709 1649 1780 ἐπιστρέφοντα
1674 1707 1782 1760 τῶν
1817 1707 2081 1760 Ἰουδαίων
2111 1706 2432 1760 κατεδίωκεν
2452 1710 2479 1760 ὁ
2504 1705 2681 1779 πατὴρ
2704 1705 2802 1774 τῆς
2827 1705 3040 1775 εἰρήνης
3073 1701 3274 1773 Ἰησοῦς
3297 1699 3493 1754 ὡσανεὶ
3518 1701 3546 1752 ὁ
3572 1699 3690 1768 δρο-

454 1792 597 1860 μέως
626 1793 922 1869 [δρομεύςΓ
954 1797 1310 1868 κατελήλυθεν
1352 1797 1556 1868 Ἰησοῦς
1586 1800 1648 1850 ὲκ
1682 1796 1789 1849 τῶν
1821 1795 2065 1866 οὐρανῶν
2093 1794 2186 1847 τοῦ
2213 1799 2502 1865 κατασχεῖν
2537 1795 2695 1848 αὐτὸν
2726 1795 2805 1857 εἰς
2839 1792 3126 1864 σωτηρίαν.
3149 1791 3317 1844 Τοῦτο
3338 1789 3445 1888 γὰρ
3485 1805 3688 1888 μεμνηῐ

453 1888 612 1956 μένος
631 1893 658 1942 ὁ
682 1891 966 1964 Προφήτης
996 1893 1178 1962 ἔλεγεν
1199 1911 1212 1924 °
1240 1893 1376 1964 μετὰ
1406 1893 1463 1947 δὲ
1494 1893 1592 1961 τῆς
1622 1891 1785 1961 ἄλλης
1813 1891 2106 1962 ἑρμηνείας
2136 1891 2232 1960 τῆς
2258 1889 2663 1962 παρακειμένης
2693 1888 2769 1958 τῷ
2802 1887 2967 1958 στίχῳ
2989 1885 3080 1938 τοῦ
3105 1883 3449 1951 ὀγδοδεκάτου
3478 1880 3688 1950 ψαλμοῦ

448 1982 646 2051 ὁμοίως
669 1983 723 2036 δὲ
751 1986 910 2039 τοῦτο
941 1987 1114 2060 δηλῶν
1143 1987 1204 2039 τὸ
1235 1983 1665 2053 καταϐεϐηκέναι
1695 1983 1854 2036 αὐτὸν
1887 1984 1953 2035 ὲκ
1982 1982 2088 2034 τῶν
2121 1982 2362 2054 οὐρανῶν
2390 1983 2450 2036 ὲν
2477 1982 2554 2053 τῷ
2582 1982 2760 2071 λέγειν
2784 1980 2939 2033 αὐτόν
2957 1995 2972 2010 ο
3002 1976 3439 2071 Hirsutis—dcet?
3486 1976 3566 2039 ὡς
3610 1974 3688 2071 r1:

446 2091 557 2142 γας
593 2074 832 2144 δραμεῖν
859 2077 1018 2142 ὁδὸν,
1048 2079 1149 2131 ἀπ’
1180 2077 1363 2144 ἄκρου
1399 2074 1506 2128 τοῦ
1536 2074 1792 2142 οὐρανοῦ
1824 2076 1860 2142 ἡ
1889 2072 2096 2138 ἔξοδος
2125 2073 2330 2138 αὐτοῦ,
2362 2073 2457 2127 καὶ
2511 2073 2577 2125 τὸ
2620 2070 2959 2139 κατάντημα
2999 2067 3180 2122 αὐτοῦ
3221 2066 3330 2131 ἕως
3363 2064 3549 2131 ἄκρου
3587 2064 3690 2114 τοῦ

447 2168 724 2232 οὐρανοῦ.
758 2169 905 2240 Αὕτη
938 2165 1028 2224 οὖν
1057 2173 1091 2241 ἠ
1123 2171 1384 2242 ἑρμηνεία
1408 2170 1504 2223 τοῦ
1524 2170 1939 2240 ἐπιγράμματος
1958 2186 1970 2198 ·
2007 2168 2228 2238 Ψαλμὺς
2254 2167 2332 2237 τῷ
2360 2167 2472 2238 λαῷ
2497 2167 2604 2221 τῶν
2649 2165 2910 2220 Ἰουδαίων
2937 2163 3012 2233 τῷ
3027 2161 3409 2232 ἐπιστρέψαντι
3440 2157 3575 2227 πρὸς
3605 2156 3689 2209 τὸν

450 2256 603 2318 Θεὸν,
630 2259 717 2310 ὅτε
745 2261 772 2311 ὁ
803 2259 981 2330 πατὴρ
1004 2261 1102 2330 τῆς
1134 2263 1356 2332 εἰρήνης
1396 2260 1602 2330 Ἰησοῦς
1628 2259 1954 2312 κατεδίωκεν
1984 2258 2092 2311 ἀπὸ
2117 2257 2226 2311 τῶν
2253 2258 2494 2330 οὐρανῶν
2524 2257 2582 2309 τὸ
2607 2255 2759 2324 γένος
2785 2253 2894 2307 τῶν
2933 2253 3248 2325 ἀνθρώπων.
3283 2249 3561 2304 συλλαϐεῖν
3599 2249 3689 2300 αὺ-

448 2346 574 2408 τοὺς
602 2347 680 2409 είς
711 2349 1002 2419 σωτηρίαν.
1042 2351 1113 2403 Τὸ
1139 2350 1194 2404 δὲ
1226 2353 1398 2404 εἰπεῖν
1431 2353 1488 2405 ὲν
1513 2348 1591 2421 τῷ
1622 2349 2018 2420 ἐπιγράμματι,
2049 2348 2146 2402 ὅτε
2187 2351 2219 2402 ὀ
2260 2349 2391 2412 υἱὸς
2421 2346 2526 2400 τὸν
2565 2344 2787 2413 πατέρα
2813 2343 2996 2440 αὐτοῦ
3031 2342 3363 2440 κατεδίωκῆ
3401 2338 3563 2440 δῆλον
3599 2338 3687 2440 ευ-

449 2441 634 2511 ρήσεις
655 2442 828 2498 τοῦτο.
846 2445 906 2498 '0
933 2447 1038 2517 γὰρ
1065 2447 1252 2517 Πατὴρ
1279 2448 1380 2518 τῆς
1405 2447 1625 2517 εἰρήνης
1653 2444 1877 2515 Ἰησοῦς,
1895 2447 1923 2497 ὁ
1945 2443 2070 2506 Υἱὸς
2089 2441 2325 2511 γεγονὼς
2358 2440 2498 2494 κατὰ
2521 2440 2677 2510 χάριν
2706 2437 2836 2491 ἰδίαν
2861 2435 2968 2489 τῶν
2996 2433 3282 2502 Ἰουδαίων,
3303 2430 3473 2492 οὕτως
3493 2430 3687 2482 tamu-

447 2530 576 2594 δαςε
611 2533 890 2590 συλλαϐεῖν
923 2539 1120 2602 αὐτοὺς
1143 2540 1246 2593 ὑπὸ
1273 2540 1369 2604 τὰς
1394 2542 1668 2611 πτέρυγας
1700 2537 1868 2593 αὑτοῦ
1896 2539 1980 2601 εἰς
2015 2537 2305 2607 σωτηρίαν.

448 2627 656 2691 quando
699 2643 814 2679 eum
857 2629 1259 2696 persequebatur
1294 2629 1545 2684 Absatom
1581 2630 1726 2697 ﬁlius
1760 2629 1871 2697 ejus
1904 2642 1924 2680 :
1953 2627 2200 2681 Absalom
2252 2628 2636 2696 interpretatur
2662 2634 2812 2696 pater
2848 2625 2995 2694 pacis
3029 2621 3335 2693 :populum
3370 2619 3541 2690 igitur
3587 2614 3683 2670 Ju-

456 2716 693 2770 darorum
727 2727 1128 2773 convertentem
1156 2735 1212 2775 se
1237 2722 1661 2790 persequebatur
1695 2729 1843 2789 pater
1871 2719 2018 2788 pacis
2047 2717 2204 2773 Jesus
2226 2717 2390 2773 veluti
2421 2733 2612 2772 cursor
2639 2735 2653 2772 :
2685 2717 2962 2774 descendit
2989 2717 3136 2772 enim
3162 2714 3319 2769 Jesus
3362 2728 3394 2767 e
3417 2712 3588 2774 etelo,
3630 2717 3686 2764 ut

457 2825 582 2865 eum
617 2814 1039 2880 apprehenderet
1064 2854 1078 2880 ,
1113 2831 1176 2869 ac
1216 2817 1422 2870 salvum
1457 2814 1676 2868 faceret.
1712 2814 1822 2868 Hoc
1859 2814 2003 2867 enim
2045 2827 2476 2868 commemorans
2524 2811 2790 2882 Propheta
2819 2811 3016 2866 cecinit
3047 2810 3264 2878 (juncta
3315 2806 3536 2876 quidem
3583 2802 3684 2857 alia

457 2903 904 2973 interpretatione
945 2909 1186 2978 apposita
1237 2911 1507 2965 versiculo
1558 2911 1749 2980 psalmi
1780 2910 1976 2964 decimi
2023 2910 2233 2974 octavi,
2271 2909 2365 2978 qui
2396 2909 2498 2963 hoc
2533 2909 2708 2978 ipsum
2753 2907 3055 2978 signiﬁcat,
3095 2902 3439 2960 descendisse
3466 2916 3592 2956 eum
3623 2901 3685 2954 de

453 2999 651 3067 cwlis).
677 2999 862 3056 dicens
886 3017 899 3053 :
920 3000 1216 3056 Exsultauit
1265 3013 1321 3056 ut
1366 3005 1510 3074 gigas
1547 3011 1614 3056 ad
1640 3004 1949 3056 currendum
1979 3002 2132 3064 viam,
2160 3020 2192 3055 α
2224 3017 2426 3055 summo
2456 3000 2582 3053 cazlo
2607 3001 2830 3069 egressio
2867 3000 3001 3070 ejus,
3030 3009 3079 3053 et
3101 3014 3345 3053 occursus
3370 2996 3486 3066 ejus
3530 3010 3685 3063 usque

457 3092 526 3143 ad
560 3107 818 3144 summum
847 3093 982 3162 ejus.
1009 3093 1135 3148 Haec
1164 3094 1326 3164 igitur
1357 3107 1438 3150 est
1463 3094 1830 3162 interpretatio
1867 3093 2236 3163 inscriptionis
2273 3113 2285 3146 :
2322 3093 2570 3148 Psalmus
2596 3093 2794 3160 populo
2825 3089 3134 3146 Judzeorum
3167 3087 3500 3144 convertenti
3531 3103 3590 3142 se
3614 3086 3676 3141 ad

463 3181 632 3236 Deum
655 3224 670 3248 ,
713 3185 926 3252 quando
973 3194 1125 3254 pater
1169 3188 1317 3255 pacis
1358 3185 1519 3242 Iesus
1553 3186 1977 3255 persequebatur
2005 3204 2034 3241 e
2071 3187 2224 3240 caelis
2263 3200 2433 3254 genus
2464 3185 2784 3250 humanum,
2830 3195 2887 3238 ut
2915 3182 3392 3252 comprehenderet
3433 3196 3557 3235 eum
3581 3221 3597 3245 ,
3627 3189 3677 3233 et

458 3275 709 3331 selvaret.
755 3276 910 3340 Quod
966 3287 1142 3330 autem
1184 3279 1381 3331 dicitur
1419 3279 1472 3331 in
1516 3279 1870 3346 inscriptione
1905 3297 1918 3330 :
1952 3280 2159 3347 quando
2202 3279 2344 3346 ﬁlius
2386 3286 2587 3344 patrem
2630 3294 2783 3330 suum
2829 3275 3248 3345 persequebatur,
3295 3271 3588 3328 manifesto
3633 3272 3680 3325 id

467 3368 787 3435 comperics.
814 3365 974 3420 Pater
1000 3369 1142 3420 enim
1169 3369 1315 3436 pacis
1344 3367 1524 3435 Jesus,
1556 3369 1724 3424 Filius
1751 3385 1844 3440 per
1881 3372 2108 3436 gratiam
2141 3386 2295 3426 suam
2340 3369 2649 3426 Judaeorum
2679 3369 2872 3437 factus,
2899 3371 2972 3424 ita
2997 3368 3204 3424 studuit
3227 3367 3682 3435 comprehendere

455 3475 550 3513 eos
584 3459 685 3512 sub
717 3458 832 3511 alas
860 3473 1008 3523 suas,
1040 3468 1099 3512 ut
1129 3461 1306 3514 salvos
1335 3459 1554 3516 faceret.

524 3572 577 3625 Ξ.
620 3573 685 3625 Ει
718 3572 880 3642 imple
913 3589 1030 3627 eam
1067 3589 1164 3643 per
1195 3575 1390 3645 ipsum.

520 3662 576 3715 4.
618 3660 682 3715 Ει
710 3677 776 3716 ne
802 3663 937 3716 velis
978 3664 1240 3718 rationem
1278 3681 1490 3719 mecum
1527 3680 1761 3735 ponere,
1797 3667 1902 3722 hoc
1929 3676 2009 3722 est

450 3768 676 3808 examen
715 3752 892 3809 facere
923 3755 1271 3825 iniquitatum
1312 3771 1579 3810 mearum.

525 3843 578 3898 5.
617 3843 884 3910 Quoniam
918 3862 1025 3900 non
1058 3854 1141 3901 est
1161 3847 1368 3916 justus,
1399 3863 1576 3916 neque
1610 3863 1786 3904 unus:
1820 3848 2010 3903 Omnes

451 3935 588 3988 enim
614 3945 972 4002 peccauerunt,
1006 3945 1054 3991 et
1075 3948 1220 4008 egent
1249 3938 1418 4008 gloria
1446 3946 1556 4004 tua,
1576 3939 1866 4008 justiﬁcati
1885 3956 2011 4010 gra-

453 4027 516 4081 tis
547 4029 719 4097 gratia
744 4038 834 4082 tua
859 4030 900 4083 ⁸.

523 4118 578 4170 6.
617 4117 1042 4188 Comprehendit
1067 4120 1318 4176 diabolus
1345 4122 1581 4176 animam
1607 4139 1804 4177 meam.

522 4207 578 4263 Ἰ.
617 4208 960 4266 Mortiﬁcavit
1001 4213 1057 4266 in
1107 4213 1339 4268 terrenis
1388 4216 1846 4284 concupiscentiis
1895 4215 2015 4268 ani-

451 4313 594 4353 mam
624 4315 814 4355 meam.

2139 4307 2216 4376 [ήν
2255 4322 2378 4375 μου.

523 4392 575 4444 8.
612 4391 1076 4456 Quemadmodum
1101 4405 1346 4453 mortuos
1368 4398 1420 4452 in
1447 4398 1818 4453 monumentis
1847 4397 2006 4451 inclu-

2192 4397 2246 4452 8.
2293 4397 2381 4460 Ὠς
2412 4398 2539 4460 τοὺς
2567 4397 2640 4467 (5)
2694 4396 2918 4467 νεκροὺς
2971 4395 3029 4448 ἐν
3073 4395 3184 4456 τοῖς
3234 4393 3512 4464 μνήμασιν
3553 4393 3679 4445 ἀπο-

453 4480 609 4547 dunt,
637 4492 690 4536 et
726 4484 1006 4539 dimittunt
1037 4502 1130 4541 eos
1174 4488 1227 4540 in
1268 4487 1436 4544 fetore
1483 4506 1596 4544 suae
1629 4490 2006 4558 corruptionis,

2139 4487 2382 4552 ιλείουσι,
2414 4488 2512 4540 καὶ
2542 4487 2702 4539 ἐῶσιν
2733 4488 2926 4550 αὐτοὺς
2979 4486 3035 4537 ἐν
3079 4487 3144 4555 τῇ
3177 4483 3408 4553 δυσωδίᾳ
3433 4484 3534 4553 τῆς
3571 4483 3678 4535 δια-

452 4574 526 4626 ita
555 4574 719 4628 etiam
756 4576 888 4630 mihi
918 4576 1043 4632 fecit
1071 4579 1340 4635 diabolus.
1377 4581 1653 4636 Conclusit
1678 4581 1819 4635 enim
1855 4595 1940 4634 me
1965 4581 2006 4634 in

2139 4577 2326 4648 ρθορᾶς
2361 4578 2560 4643 αὐτῶν,
2595 4577 2765 4640 οὕτως
2800 4577 3068 4645 πεποίηκὲ
3119 4594 3206 4646 μοι
3245 4577 3338 4628 καὶ
3365 4576 3392 4626 ὁ
3415 4575 3673 4636 διάϐολος.

453 4664 645 4720 faetore
670 4677 1013 4736 peccatorum
1047 4686 1314 4736 meorum,
1341 4679 1400 4725 ut
1428 4687 1826 4741 corrumpcrer,
1859 4682 1912 4725 et
1940 4673 2006 4725 ita

2139 4668 2443 4720 Ἀπέκλεισε
2471 4669 2575 4740 γάρ
2609 4685 2674 4738 με
2699 4672 2753 4721 ὲν
2779 4672 2842 4737 τῇ
2876 4667 3105 4738 δυσωδίᾳ
3128 4668 3234 4720 τῶν
3263 4667 3549 4737 ἁμαρτιῶν
3579 4683 3676 4736 μου

451 4759 779 4826 computrui,
802 4768 860 4813 ut
885 4759 1128 4815 faetorem
1167 4777 1379 4825 eorum,
1405 4778 1524 4832 quae
1550 4762 1674 4828 feci,
1705 4780 1810 4817 non
1851 4763 2006 4818 ferret

2139 4759 2558 4831 ῖιαφθείρεσθαι,
2619 4759 2712 4811 καὶ
2756 4758 2927 4824 οὕτως
2972 4758 3354 4830 προσὼζουσα,
3391 4760 3534 4812 ὥστε
3582 4758 3676 4827 τὴν

450 4851 628 4902 anima
665 4867 807 4918 mea,
839 4853 931 4907 sed
955 4870 1012 4908 sc
1039 4855 1210 4923 ipsam
1239 4854 1659 4908 abominaretun

2139 4848 2378 4902 ἱυσωδίαν
2418 4842 2491 4900 ὧν
2517 4849 2728 4918 ἔπραξα
2759 4849 2832 4919 μὴ
2865 4848 3048 4919 φέρειν
3081 4849 3176 4919 τὴν
3202 4848 3376 4920 ψυχήν
3411 4867 3534 4920 μου,

2113 4941 2308 5011 ἑαυτὴν
2339 4939 2727 5010 βδελύττεσθαι.

2182 5031 2234 5083 9.
2272 5032 2380 5082 Καὶ⁹
2405 5030 2464 5082 τὸ
2500 5029 2737 5094 συνειδὸς
2760 5032 2857 5102 τῆς
2891 5030 3115 5101 καρδίας
3151 5048 3249 5101 μου
3272 5067 3288 5093 ,

2051 3567 2093 3620 Β
2191 3579 2244 3633 5.
2285 3578 2394 3632 Καὶ
2421 3578 2708 3651 πλήρωσον
2738 3577 2908 3648 αὐτὴν
2935 3577 3002 3628 δι’
3028 3576 3213 3628 αὑτοῦ.

2183 3672 2235 3724 4.
2277 3673 2386 3724 Καὶ
2419 3671 2493 3742 μὴ
2524 3671 2755 3742 θελήσῃς
2779 3671 3006 3740 συνᾶραι
3035 3668 3188 3736 λόγον
3217 3669 3335 3737 μετ’
3354 3665 3681 3737 £905,109:-

2114 3763 2257 3815 ἐστιν
2292 3763 2535 3828 ἐξέτασιν
2568 3761 2890 3832 ποιήσασθαι
2912 3760 3018 3812 τῶν
3047 3759 3281 3829 ἀνομιῶν
3313 3777 3414 3828 μου
3445 3759 3546 3828 (ι).

2185 3852 2237 3908 5.
2261 3853 2384 3905 Ὀτι
2415 3853 2514 3905 οὑκ
2543 3851 2691 3906 ἐστιν
2736 3851 2960 3913 δίκαιος,
3003 3848 3124 3902 οὔτε
3163 3843 3273 3911 εἷς·
3304 3846 3536 3911 Πάντες
3579 3845 3684 3913 γὰρ

2118 3939 2403 4009 ἥμαρτον,
2421 3943 2517 3995 καὶ
2539 3940 2926 4008 ὑστεροῦνται
2947 3937 3055 4006 τῆς
3070 3937 3253 4004 δόξης
3277 3951 3415 4000 σου,
3431 3935 3682 3989 δικαιού-

2113 4049 2283 4098 μενοι
2321 4031 2545 4098 δωρεὰν
2566 4029 2641 4099 τῇ
2669 4030 2753 4099 σῇ
2785 4029 3000 4100 χάριτι.
3675 4019 3688 4040 ¹

2185 4121 2237 4174 6.
2278 4121 2539 4191 Συνέσχεν
2570 4121 2642 4192 (2)
2680 4124 2708 4174 ὁ
2733 4119 2975 4182 διάϐολος
2997 4121 3096 4188 τὴν
3122 4119 3298 4189 ψυχήν
3331 4133 3455 4186 μου.

2190 4211 2242 4266 7.
2268 4213 2632 4267 Ἐθανὰτωσεν
2663 4214 2742 4277 είς
2773 4211 2870 4276 τὰς
2904 4211 3094 4280 γηίνας
3125 4209 3419 4280 ἐπιθυμίας
3456 4209 3556 4280 τὴν
3582 4208 3684 4277 dra--

517 5026 571 5079 9.
603 5026 668 5079 Et
695 5029 1024 5084 conscientia
1055 5032 1237 5086 cordis
1264 5033 1396 5096 mei,

519 5117 606 5170 10.
641 5117 778 5174 Cum
817 5123 1132 5179 recordarer
1160 5123 1329 5177 futuri
1355 5121 1570 5192 judicii,
1601 5120 1795 5176 timore
1824 5137 2006 5176 corre~

446 5215 536 5277 pta
572 5219 654 5264 est

517 5322 537 5349 ⁸
579 5320 730 5375 Rom.
761 5339 840 5384 ul,
879 5325 965 5388 i0,
995 5325 1084 5379 25.

2187 5123 2268 5177 10.
2303 5121 2646 5193 Μνησθέντος
2674 5140 2774 5195 μου
2793 5126 2892 5194 τῆς
2925 5123 3219 5196 μελλούσης
3250 5123 3502 5194 κρίσεως,
3527 5117 3674 5192 φσῳ

2117 5212 2430 5282 συνεσχέθη.

1363 5391 1668 5453 Addenda
1735 5401 1796 5455 et
1850 5397 2218 5476 corrigenda
2268 5417 2347 5460 ex
2379 5401 2517 5462 cod.
2564 5401 2765 5465 Vatic.

2117 5500 2397 5572 ἁμαρτιῶν
2423 5501 2845 5572 διαφθείρεσθαι,
2869 5500 2960 5572 καί
2978 5498 3148 5572 οὕτως
3174 5497 3513 5572 προσιᾷζεσα,
3534 5503 3668 5572 εις..

2118 5566 2191 5642 μὴ
2223 5566 2460 5641 ᾠθείρειν
2489 5566 2606 5643 τήν,
2630 5566 3184 5643 ἑῐεηῄβδελύσσεσθαι.
3216 5566 3292 5623 Ν.
3334 5570 3415 5622 10.
3449 5569 3556 5620 Καὶ
3585 5566 3668 5629 τό,

2113 5641 2217 5695 etc.
2251 5658 2419 5712 usque
2453 5642 2518 5696 ad
2546 5641 2866 5711 συνεσχέθη.

517 5560 594 5633 (ἓ)
610 5559 734 5633 ’ίῼτε
758 5559 1030 5633 συνέσχεν,
1061 5572 1165 5619 etc.

519 5625 596 5693 (5)
618 5628 685 5704 N_.
709 5629 763 5704 8,
784 5631 838 5685 9.
857 5625 1106 5704 ἀξ-τούς,
1135 5642 1264 5704 etc.,
1297 5632 1672 5704 ἀποκλείουσιν
1715 5633 1763 5686 οἱ
1819 5633 2007 5704 τεθνη-

448 5695 602 5758 κότες
622 5698 833 5762 αὐτοὺς,
871 5702 982 5766 καί,
1013 5695 1140 5763 etc.,
1169 5703 1265 5772 τῆς
1293 5704 1495 5776 φθορᾶς
1535 5702 1732 5769 αὐτῶν,
1760 5712 1862 5758 etc.
1895 5695 2002 5758 τῶν
