3990 6208
414 331 553 387 1505

1210 330 1266 386 S.
1310 328 1689 385 ATHANASII
1728 329 1878 385 OPP.
1922 328 2107 385 PARS
2144 329 2229 385 Ill.
2270 361 2339 370 ——
2378 328 2791 386 EXEGETICA.

3494 329 3639 386 1504

477 444 566 500 27.
605 445 840 516 Spiritus
883 455 1008 502 tuus
1050 446 1227 502 bonus
1259 446 1489 502 deducet
1528 463 1616 502 me
1669 448 1723 501 in
1771 460 1971 502 terram
2004 454 2042 508 Α

2142 447 2230 501 27.
2268 447 2340 499 Τὸ
2370 446 2593 517 Πνεῦμά
2643 464 2736 500 σου
2774 445 2832 500 τὸ
2861 443 3066 512 ἀγαθὸν
3092 444 3346 518 ὁδηγήσει
3380 463 3448 517 με
3479 449 3538 500 ὲν
3567 450 3639 518 γῇ

412 546 634 590 rectam.

477 627 567 681 28.
599 626 824 699 Propter
856 643 1050 682 nomen
1080 635 1257 691 tuum,
1289 627 1537 694 Domine,
1568 629 1871 686 viviﬁcabis
1895 644 1979 682 me

416 719 469 772 in
498 720 771 789 aquitate.

481 809 571 863 29.
601 809 807 863 Educes
827 809 891 864 de
920 808 1268 863 tribulatione
1303 810 1541 871 animam
1565 823 1767 871 meam,

482 902 570 955 50.
604 899 668 955 Et
712 901 765 954 in
815 900 1196 957 misericordia
1236 912 1330 957 tua
1389 902 1673 972 diSperdes
1723 901 1980 959 inimicos

415 1008 586 1048 111805.

482 1085 569 1139 51.
603 1082 670 1138 Et
699 1083 892 1154 perdes
909 1096 1101 1145 omnes
1121 1084 1215 1154 qui
1242 1083 1754 1151 tribulantanimam
1783 1101 1979 1142 meam.

483 1257 571 1311 52.
601 1255 868 1322 Quoniam
892 1273 993 1329 ego
1013 1274 1204 1315 servus
1236 1268 1364 1316 tuus
1392 1276 1537 1316 sum.

419 1390 661 1449 I’salmus
690 1393 881 1457 David,
920 1397 1164 1450 adversus
1195 1396 1431 1452 Goliath.
1468 1394 1666 1451 PSAL.
1716 1394 1983 1450 CXLIII.

490 1503 538 1557 1.
567 1503 889 1561 Benedictus
909 1506 1172 1563 Dominus
1198 1508 1346 1564 Deus
1374 1524 1532 1564 meus
1562 1509 1658 1579 qui
1687 1507 1847 1564 docet
1871 1522 1987 1563 ma-

418 1611 521 1655 nus
553 1610 703 1650 meas
732 1599 796 1651 ad
825 1599 1094 1669 praelium,

486 1686 541 1740 2.
570 1687 635 1742 Et
662 1690 860 1760 digitos
888 1709 1036 1749 meos
1065 1695 1131 1748 ad
1163 1693 1389 1748 bellum.

489 1779 539 1837 ,5.
567 1778 931 1837 Misericordia
961 1800 1078 1839 mea
1103 1794 1156 1838 et
1185 1784 1453 1853 refugium
1486 1800 1687 1857 meum,

491 1957 565 2025 (α)
600 1955 754 2029 Vers.
782 1959 836 2013 2.
860 1960 1151 2015 Διδάσκων.

2116 539 2287 591 ύθεία·

2084 557 2287 593 ευυεια·

2154 594 2253 683 28.⁸
2275 630 2494 689 Ἕνεκεν
2526 629 2618 682 τοῦ
2644 628 2902 701 ὀνόματός
2928 645 3041 692 σου,
3067 626 3258 699 Κύριε,
3284 626 3466 699 ζήσεις
3500 645 3565 697 με
3585 629 3646 681 ὲν

2085 726 2150 794 τῇ
2184 721 2495 793 δικαιοσύνῃ
2527 738 2640 775 σου.

2158 814 2245 867 29.
2295 812 2534 879 Ἐξάξεις
2561 815 2626 867 ὲκ
2653 812 2885 883 θλίψεως
2912 812 3013 884 τὴν
3035 812 3214 884 ψυχήν
3243 827 3367 883 μου,

2154 904 2241 959 50.
2270 906 2379 957 Καὶ
2405 905 2461 956 ὲν
2482 903 2560 975 τῷ
2579 904 2721 961 ἐλέει
2742 920 2842 975 σου
2856 902 3254 975 ἐξολοθρεύσεις
3275 901 3402 964 τοὺς
3425 900 3645 973 ἐχθρούς

2134 1012 2214 1048 ου.

2134 1013 2214 1048 ου.

2094 1013 2132 1065 μ
2160 1085 2245 1140 51.
2278 1085 2384 1140 Καὶ
2412 1085 2633 1149 ἀπολεῖς
2656 1085 2867 1149 πάντας
2893 1086 3019 1149 τοὺς
3046 1083 3324 1148 θλίϐοντας
3344 1082 3443 1152 τὴν
3473 1082 3651 1153 ψυχήν

2166 1194 2216 1231 υ.

2166 1195 2216 1231 υ.

2096 1195 2251 1324 μο52.
2291 1270 2411 1324 Ὅτι
2440 1268 2550 1339 ἐγὼ
2576 1268 2759 1334 δοῦλός
2791 1286 2884 1323 σου
2913 1268 3046 1340 ειμι.

2098 1402 2342 1472 Ψαλμὸς
2367 1402 2447 1469 τῷ
2473 1402 2668 1468 Δαϐὶδ,
2701 1404 2850 1474 πρὸς
2870 1402 2974 1458 τὸν
2998 1403 3241 1457 roma.
3270 1403 3443 1459 ΨΔΛ.
3460 1398 3648 1454 Pam.

2164 1516 2215 1570 1.
2245 1515 2547 1587 Εὐλογητὸς
2581 1515 2786 1590 Κύριος
2829 1518 2859 1569 6
2896 1515 3029 1579 Θεάς
3058 1532 3160 1588 μου
3184 1555 3200 1579 ,
3225 1517 3253 1570 6
3282 1515 3358 1587 (α)
3396 1513 3654 1585 διδάσκων

2094 1607 2191 1669 τὰς
2218 1607 2403 1677 χεῖράς
2431 1624 2528 1677 μου
2556 1609 2635 1671 εἰς
2663 1605 2987 1679 παράταξιν.

2165 1697 2212 1749 2.
2250 1698 2387 1760 Τοὺς
2411 1697 2708 1761 δακτύλους
2737 1716 2837 1770 μου
2870 1700 2950 1762 εἰς
2977 1698 3228 1769 πόλεμον,

2167 1786 2219 1865 3.
2256 1786 2442 1850 Ἐλεός
2470 1805 2572 1857 μου
2606 1788 2701 1842 καὶ
2725 1790 3011 1860 καταφυγή
3048 1806 3170 1859 μου,

1546 2119 1919 2174 ΑΤΗΑΝΑδιι
1958 2114 2546 2173 INTERPRETATIO.

493 2275 583 2329 27.
616 2274 740 2341 Tui,
767 2276 859 2345 qui
886 2276 1064 2335 bonus
1089 2291 1172 2341 es,
1205 2276 1386 2332 bonus
1411 2284 1468 2330 et
1496 2284 1719 2332 sanctus
1753 2275 1989 2346 Spiritus
2022 2286 2042 2340 ι

2160 2273 2250 2327 27.
2282 2270 2383 2324 Σοῦ
2405 2270 2497 2323 τοῦ
2522 2266 2726 2338 ἀγα.θοῦ
2750 2267 2809 2322 τὸ
2831 2267 3032 2337 ἀγαθὸν
3056 2267 3149 2323 και
3170 2265 3323 2336 ἆγιον
3338 2262 3567 2336 Πνεῦμα
3592 2235 3673 2336 (ι)

425 2369 655 2424 deducet
681 2384 789 2432 me,
817 2378 874 2421 ut
900 2369 1208 2437 perveniam
1240 2371 1294 2421 in
1326 2383 1620 2438 supernam
1664 2367 1985 2424 Jerusalem.

493 2459 582 2513 28.
608 2457 748 2527 Quia
773 2458 912 2514 Deus
931 2459 1121 2514 vivens
1147 2475 1228 2526 es,
1249 2469 1305 2514 et
1332 2459 1436 2513 hoc
1462 2459 1558 2513 tibi
1587 2475 1809 2527 nomen,
1839 2469 1892 2515 et
1911 2477 1996 2515 me

430 2551 529 2605 etsi
566 2550 950 2605 mortiticatum
990 2551 1203 2606 vivitica
1236 2551 1293 2605 in
1321 2550 1460 2627 Filio
1497 2560 1589 2606 tuo
1612 2551 1762 2622 justo
1789 2551 1997 2622 judice.

498 2730 589 2785 29.
625 2730 833 2787 Educes
860 2745 946 2785 me
965 2745 1029 2784 ex
1060 2729 1298 2785 tenebris
1340 2739 1393 2784 et
1418 2730 1650 2786 vinculis
1684 2730 1997 2788 inhaerenti-

430 2822 532 2877 bus
555 2822 753 2878 anima:
775 2836 928 2877 mere.

499 2914 588 2967 5t).
622 2913 690 2967 Et
721 2914 909 2969 videns
939 2915 1124 2984 plagas
1158 2914 1355 2969 animae
1399 2929 1553 2979 τηρεε,
1585 2928 1722 2984 quas
1752 2912 2001 2968 fecerunt

434 3001 566 3056 mihi
587 3002 794 3058 inimici
826 3002 955 3074 mei,
986 3004 1393 3069 commisererc,
1421 3013 1475 3059 et
1498 3013 1700 3059 aeterno
1722 3004 2001 3075 ignitrade

435 3092 575 3148 illos.

506 3185 593 3239 51.
624 3184 692 3240 Et
732 3201 944 3253 omnes,
975 3188 1069 3257 qui
1111 3185 1408 3255 subjiciunt
1442 3187 1593 3242 cordi
1636 3202 1759 3242 meo
1801 3187 2006 3256 impro-

438 3275 535 3349 bas
571 3276 695 3330 vitae
738 3278 1232 3348 concupiscentias,
1281 3278 1532 3347 disperde
1590 3277 1651 3345 in
1697 3278 2002 3351 gehennam

440 3383 601 3439 Ignis.

508 3460 596 3513 52.
616 3458 882 3525 Quoniam
907 3476 1005 3532 ego
1024 3461 1262 3533 pretioso
1285 3470 1378 3515 tuo
1406 3460 1667 3530 sanguine
1697 3461 2006 3533 redemptus

440 3566 584 3610 sum.

2099 2366 2350 2439 ὁδηγήσει
2396 2381 2462 2435 με
2498 2360 2827 2430 καταντῆσαι
2856 2361 2913 2414 ἐν
2945 2361 3010 2430 τῇ
3039 2358 3150 2413 άνω
3185 2357 3563 2429 Ἰερουσαλήμ.

2167 2455 2258 2511 28.
2292 2455 2368 2525 ('2)
2406 2454 2528 2506 Ὅτι
2572 2450 2679 2516 ζῶν
2708 2450 2986 2522 ὑπάρχων,
3028 2449 3123 2503 καὶ
3174 2447 3334 2502 τοῦτο
3365 2447 3541 2517 ὄνομά
3567 2461 3668 2512 σοι,

2100 2548 2245 2618 κάμὲ
2278 2548 2368 2600 τὸν
2390 2542 2731 2616 νεκρωθέντα
2757 2541 3089 2612 ζωοποίησον
3113 2541 3170 2594 ὲν
3197 2538 3277 2612 τῷ
3329 2537 3444 2609 Υἱῷ
3476 2554 3569 2590 σου
3597 2535 3674 2607 τῷ

2100 2638 2464 2721 δικαιοκρίτῃ.

2173 2732 2262 2785 29.
2306 2729 2544 2796 Ἐξάξεις
2580 2744 2648 2799 με
2698 2728 2760 2779 ὲκ
2791 2724 2884 2778 τοῦ
2915 2724 3140 2788 σκότους
3180 2725 3273 2777 καὶ
3317 2721 3425 2775 τῶν
3455 2719 3674 2791 δεσμῶν

2047 2820 2051 2825 ’
2102 2824 2209 2877 τῶν
2243 2820 2616 2894 προκειμένων
2640 2821 2708 2890 τῇ
2729 2818 2873 2889 ψυχῇ
2907 2833 3030 2886 μου.

2175 2915 2261 2970 50.
2297 2913 2408 2966 Καὶ
2439 2910 2580 2977 ὁρῶν
2611 2910 2737 2973 τοὺς
2765 2907 3036 2979 μώλωπας
3052 2905 3151 2975 τῆς
3179 2903 3355 2974 ψυχῆς
3413 2918 3539 2972 μου,
3585 2899 3677 2962 οὓς

2106 3003 2412 3076 πεποίηκάν
2448 3002 2613 3074 μοιοὶ
2646 2998 2828 3071 ἐχθροί
2865 3015 2989 3069 μου,
3035 2992 3529 3065 εὐσπλαγχνίσθητι
3574 2993 3678 3062 (3),

2108 3098 2203 3151 καὶ
2229 3095 2307 3165 τῷ
2333 3092 2537 3163 αἰωνίῳ
2568 3092 2702 3161 πυρὶ
2731 3088 2969 3161 παράδος
2990 3086 3217 3148 αύτούς.’

2180 3189 2269 3242 51.
2294 3186 2406 3240 Καὶ
2427 3185 2633 3248 πάντας
2654 3182 2779 3246 τοὺς
2800 3178 3225 3250 ὑποτιθεμένους
3250 3178 3316 3249 τῇ
3348 3173 3550 3246 καρδία
3579 3190 3679 3244 μου

2110 3280 2208 3342 τὰς
2251 3262 2347 3332 τοῦ
2373 3276 2489 3347 βίου
2535 3273 2778 3346 πονηρὰς
2828 3270 3123 3343 ἐπιθυμίας
3174 3267 3456 3323 ἀπώλεσον
3480 3268 3563 3330 εἰς
3584 3265 3681 3336 τὴν

2111 3374 2333 3441 γέενναν
2366 3368 2460 3422 τοῦ
2487 3368 2678 3439 πυρός.

2182 3461 2268 3514 52.
2297 3460 2417 3513 ’Ότι
2446 3456 2557 3526 ἐγὼ
2590 3455 2668 3527 τῷ
2693 3454 2859 3526 τιμίῳ
2890 3453 3079 3524 αἵματι
3111 3449 3187 3521 (4)
3237 3444 3633 3519 ὲξηγοράσθην.

538 3696 585 3747 Η
618 3695 951 3767 προκειμένη
983 3697 1264 3768 ἐπιγραφὴ
1294 3697 1536 3768 περιέχει
1563 3696 1671 3767 (5)’
1705 3696 1953 3765 Ψαλμὸς
1980 3693 2060 3761 τῷ
2093 3692 2291 3759 Δαϐὶδ,
2317 3690 2470 3760 πρὸς
2500 3689 2609 3744 τὸν
2641 3686 2866 3742 Γολιάθ
2891 3702 2904 3713 ·
2930 3684 3091 3737 τοῦτο
3133 3677 3225 3734 οὖν
3271 3678 3417 3746 λέγει
3452 3675 3531 3747 τῷ
3577 3669 3685 3768 λαῷ

441 3786 520 3858 τῷ
545 3764 908 3858 πεποθημένῳ
941 3764 1047 3840 ύπὺ
1084 3764 1176 3840 τοῦ
1204 3764 1343 3840 Θεοῦ
1536 3764 1629 3840 τὸν
1650 3764 1893 3841 διάϐολον
1912 3803 1929 3818 ·
1960 3784 2319 3858 ἑρμηνεύεται
2344 3781 2452 3854 γὰρ
2480 3780 2540 3834 τὸ
2582 3779 2676 3833 τοῦ
2715 3776 2892 3831 Δαϐὶδ
2919 3776 3088 3846 ὄνομα
3117 3768 3556 3839 πεποθημένος,
3596 3764 3688 3817 καὶ

444 3879 502 3932 τὸ
529 3878 621 3934 τοῦ
659 3880 881 3940 Γολιὰθ
909 3881 1080 3953 ὄνομα
1100 3882 1464 3952 μετοικίζων,
1508 3882 1787 3944 τουτέστιν
1809 3879 2253 3951 αἷχμαλωτίζων
2272 3921 2285 3945 ,
2311 3880 2448 3948 ὅπερ
2476 3875 2662 3945 σαφῶς
2681 3875 2710 3926 6
2734 3871 2974 3949 διάϐολός
3004 3872 3177 3933 ἐστιν,
3198 3868 3226 3920 6
3251 3865 3460 3927 πάντας
3490 3862 3688 3937 αἰχμα-

445 3974 704 4038 λωτίζων.

514 4089 731 4147 Titulus
754 4090 1079 4161 praepositus
1103 4090 1347 4144 continet
1375 4107 1386 4141 :
1422 4086 1666 4141 Psalmus
1694 4087 1866 4151 David
1900 4086 2151 4141 adversus
2180 4084 2394 4140 Goliath
2414 4099 2433 4150 ;
2468 4085 2573 4141 hoc
2599 4083 2764 4153 igitur
2792 4081 2925 4135 dicit
2965 4077 3210 4149 psalmus
3244 4072 3445 4144 populo
3480 4068 3691 4124 deside-

445 4196 565 4242 rato
589 4203 617 4240 a
642 4186 752 4240 Deo
776 4186 1038 4241 adversus
1068 4184 1345 4239 diabolum
1374 4203 1386 4237 :
1421 4184 1620 4238 etenim
1650 4198 1848 4238 nomen
1877 4181 2049 4235 David
2077 4183 2462 4250 interpretatur
2490 4178 2841 4243 desideratus,
2871 4183 2926 4228 et
2953 4186 3150 4228 nomen
3184 4168 3400 4224 Goliatlz
3432 4167 3692 4231 interpre-

449 4292 591 4337 tatur
618 4282 993 4352 transmigrure
1016 4282 1256 4351 faciens:
1282 4281 1387 4336 hoc
1419 4289 1505 4336 est
1534 4281 1590 4345 in
1623 4259 1982 4350 captivitatem
2027 4279 2253 4346 ducens,
2282 4276 2461 4348 qualis
2511 4273 2800 4340 manifeste
2834 4269 3087 4326 diabolus
3130 4275 3232 4334 est,
3266 4265 3362 4330 qui
3390 4276 3588 4316 omnes
3635 4258 3693 4311 in

447 4374 809 4443 captivitatem
834 4374 1004 4427 ducit.

520 4465 572 4518 1.
599 4465 908 4520 Secundum
958 4474 1204 4520 naturam
1228 4465 1545 4522 benedictus
1580 4464 1844 4522 Dominus
1878 4465 2021 4521 Deus

2204 4464 2248 4518 Ι.
2279 4462 2434 4516 Κατὰ
2454 4461 2615 4531 φύσιν
2648 4456 2937 4527 εὐλογητὸς
2964 4457 2992 4509 6
3019 4451 3221 4522 Κύριος
3241 4446 3365 4518 6(6)
3396 4445 3531 4508 Θεὸς
3568 4459 3691 4515 μου,

449 4577 641 4625 meus,
684 4560 778 4630 qui
830 4560 1001 4632 gratia
1052 4561 1226 4615 sancti
1284 4559 1519 4631 Spiritus
1578 4560 1662 4613 sui
1713 4559 1874 4614 docet
1929 4575 2024 4613 cor

2133 4558 2152 4608 5
2186 4554 2260 4625 (7)
2290 4559 2355 4625 τῇ
2385 4555 2568 4625 χάριτι
2600 4552 2695 4604 τοῦ
2726 4551 2881 4618 ἁγίου
2904 4545 3225 4615 Πνεύματος
3248 4538 3411 4632 αύτοῦ
3425 4536 3694 4632 διδάσκων

451 4669 632 4707 meum
663 4668 721 4708 se
744 4653 922 4723 ipsum
959 4667 1263 4722 praeparare
1293 4653 1554 4717 adversus
1597 4666 1817 4705 omnem
1849 4642 2024 4706 tenta-

452 4746 675 4802 tionem.

519 4831 574 4885 2.
609 4829 674 4885 Et
699 4840 931 4892 mentem
960 4846 1137 4892 meam
1168 4830 1423 4885 resistere
1446 4827 1702 4883 omnibus
1732 4828 1855 4883 telis
1882 4829 2022 4899 igni-

455 4925 523 4980 tis
554 4923 782 4978 inimici.

525 5019 576 5073 5.
613 5016 847 5087 Requies
883 5031 1002 5080 mea
1031 5024 1084 5070 et
1113 5014 1379 5085 protectio
1406 5029 1547 5070 mea.

2125 4647 2221 4717 τὴν
2243 4646 2468 4718 καρδίαν
2500 4662 2600 4715 μου
2624 4639 2963 4712 εὐτρεπίζειν
2984 4634 3179 4706 ἑαυτὴν
3204 4631 3339 4702 πρὸς
3368 4629 3549 4683 πάντα
3574 4641 3695 4677 επι-

2080 4808 2089 4817 .
2129 4737 2356 4808 ρασμόν.

2195 4830 2250 4882 2.
2276 4828 2385 4881 Καὶ
2406 4828 2506 4898 τὴν
2530 4826 2766 4881 διάνοιάν
2806 4842 2905 4895 μου
2945 4815 3299 4876 ἀνθίστασθαι
3332 4813 3473 4887 πρὸς
3524 4813 3701 4866 πάντα

2126 4916 2195 4969 τὰ
2231 4917 2357 4986 βέλη
2382 4916 2476 4970 τοῦ
2508 4915 2703 4986 ἐχθροῦ
2730 4914 2799 4967 τὰ
2831 4909 3224 4981 πεπυρωμένα.

2201 5010 2252 5063 5.
2293 5008 2619 5087 Ἀνάπαυσῐς
2649 5023 2771 5076 μου,
2808 5005 2901 5059 καὶ
2929 5004 3105 5076 σκέπη
3134 5018 3259 5073 μου.

1376 5275 1685 5343 Addenda
1742 5280 1803 5337 et
1846 5272 2218 5352 corrigenda
2264 5288 2344 5332 ex
2401 5271 2544 5334 cod.
2590 5269 2791 5331 Vatic.

534 5451 607 5517 (1)
640 5450 715 5503 T6
746 5448 901 5515 ἅγιον
930 5446 1133 5515 ἀγαθὸν
1161 5444 1406 5517 Πνεῦμα,
1431 5450 1536 5509 etc.

2214 5435 2291 5506 (5)
2333 5436 2397 5487 Ἠ
2428 5433 2516 5506 διά
2547 5436 2647 5506 τῆς
2692 5425 3363 5506 Xthﬁdp§w€_1§9téx€t_
3370 5441 3383 5454 '
3429 5422 3520 5494 Τῷ

736 5493 1560 5586 Ξέ.’ῖνοιῐι⁶ξὼζθί’τὲἇρ;ξέῐξ,δεξιά.
1603 5508 1867 5586 usquead
1912 5510 2037 5573 ζωο-

2142 5493 2284 5586 trp;ng
2301 5505 2392 5559 τὸν
2408 5493 2774 5586 Γολιάδξοιοη
2799 5499 2894 5586 καὶ
2919 5493 2981 5552 τὸ
3005 5496 3102 5552 τοῦ
3123 5493 3313 5553 Γολιὰδ
3337 5493 3511 5565 ὄνομα
3537 5493 3709 5564 ἑρμη-

467 5580 710 5655 ποίησον.
745 5589 815 5642 Ν.
840 5588 929 5643 29.
975 5587 1062 5640 Ἐν
1094 5585 1194 5656 τῷ.
1229 5580 1334 5641 οἰδ.
1368 5597 1542 5652 usque
1571 5580 1636 5635 ad
1666 5580 1809 5651 ψυχῇ
1841 5597 1962 5650 μου.

541 5660 617 5723 (ὃ)
641 5656 1097 5726 Σπλαγχνίσθητι,
1134 5665 1238 5711 etc.

541 5727 616 5795 (4)
648 5726 827 5796 Τιμίῳ
861 5744 951 5779 σου
984 5727 1193 5794 αἵματι.

2142 5575 2353 5629 νεύεται
2390 5575 2731 5643 μετοικιζων,
2765 5580 2868 5643 etc.

2215 5647 2289 5712 (Gl
2322 5641 2624 5714 Εύλογητὸς
2651 5641 2722 5707 εἴ,
2749 5642 2940 5712 Κύριε,
2969 5643 3016 5709 6,
3048 5651 3151 5695 etc.

2216 5717 2291 5787 (7)
2323 5718 2387 5771 N.
2424 5717 2477 5769 2.
2515 5718 2570 5769 ὐ
2603 5717 2688 5784 τῇ,
2729 5726 2833 5770 etc.
