3990 6208
330 291 366 348 ’1
377 293 486 352 διῧὸ

411 411 465 466 4.
507 412 875 485 Ἀντιλήπτωρ
914 430 1014 485 μου
1053 413 1146 467 καὶ
1179 413 1380 485 ῥύστης
1414 432 1516 484 μου
1536 453 1551 477 ,

414 502 466 557 5.
512 503 952 578 ’Υπερασπιστής
983 522 1103 576 μου,
1139 505 1235 579 καὶ⁵
1261 507 1350 559 ἐπ’
1377 505 1525 576 αὺτῷ
1552 504 1790 577 ἠλπισα,

413 593 465 649 6.
506 594 564 649 Ὀ
595 596 914 650 ὑποτάσσων
945 595 1036 650 τὸν
1068 595 1195 655 λαόν
1229 614 1330 669 μου
1359 599 1445 652 ἐπ’
1472 597 1576 668 ἐμέ
1605 596 1899 671 [ύπ’ὲμέ].

414 685 465 737 7.
494 684 683 757 Κύριε,
716 688 769 740 τί
802 690 948 742 ἐστιν
986 687 1292 759 ἅνθρωπος,
1316 690 1403 743 ὄτι
1429 688 1709 759 ὲγνώσθης
1727 689 1900 762 αύτῷ;

411 768 464 822 8.
504 771 573 823 Ἦ
606 771 717 835 υίὸς
739 772 1045 845 ἀνθρώπου,
1072 775 1154 840 ὅτι
1191 774 1378 847 λογίζῃ
1409 775 1557 849 αὐτῷ
1599 773 1790 848 [αὐτόν
1811 774 1867 848 ];

411 857 463 913 9.
503 858 819 932 Ἀνθρωπος
842 862 1159 935 ματαιότητι
1185 862 1440 935 ὡμοιώθη
1471 880 1485 896 ·

413 948 500 1004 10.
525 949 589 1002 Al
621 950 821 1022 ἡμέραι
846 952 1010 1006 αύτοῦ
1042 953 1173 1007 ὡσεὶ
1202 954 1329 1007 σκιά
1361 954 1689 1029 παράγουσι.

410 1040 500 1094 11.
530 1039 725 1112 Κύριε,
753 1041 930 1097 κλῖνον
955 1043 1238 1113 οὐρανοὺς,
1271 1044 1364 1097 καὶ
1396 1043 1687 1115 κατάϐηθι·

410 1132 496 1185 12.
533 1133 703 1202 "Adam
728 1134 836 1188 τῶν
869 1135 1061 1206 ὀρέων,
1089 1136 1182 1189 καὶ
1215 1136 1699 1206 καπνισθήσονται.

412 1223 479 1277 15
534 1225 845 1296 Ἀστραψον
872 1228 1181 1300 ἀστραπὴν,
1216 1229 1312 1283 καὶ
1337 1231 1619 1301 σκορπιεῖς
1646 1227 1873 1293 αὐτούς·

305 1331 312 1341 ·
410 1315 497 1369 14.
541 1315 950 1381 Ἐξαπόστειλον
976 1318 1043 1372 τά
1076 1319 1204 1391 βέλη
1241 1336 1359 1385 σου,
1405 1321 1499 1374 καὶ
1542 1323 1906 1393 συνταράξεις

338 1404 554 1469 αὐτούς.

414 1493 498 1547 15.
548 1495 956 1562 Ἐξαπόστειλον
982 1498 1081 1570 τὴν
1109 1500 1267 1572 χεῖρά
1292 1518 1384 1554 σου
1421 1500 1479 1567 ἐξ
1505 1501 1694 1572 ὕψουςο

410 1584 494 1638 16.
545 1587 756 1651 Ἐξελοῦ
787 1606 876 1660 με,
910 1591 1004 1644 καὶ
1039 1582 1199 1661 ῥῦσαί
1229 1609 1297 1662 με
1321 1591 1381 1658 ἐξ
1406 1592 1611 1647 ὑδάτων
1643 1593 1877 1670 πολλῶν,

409 1676 498 1732 17.
543 1679 636 1732 Ἐκ
665 1681 847 1752 χειρὸς
880 1681 1013 1736 υἱῶν
1045 1682 1340 1755 ἀλλοτρίων
1360 1701 1373 1714 ’

411 1768 496 1825 18.
528 1764 628 1826 Ὧν
651 1773 712 1826 τὸ
745 1774 919 1845 στόμα
940 1774 1167 1846 ἐλάλησε
1205 1776 1559 1848 ματαιότητα,

1211 297 1299 352 DE
1338 293 1617 353 TITUIJS
1651 290 2108 354 PSALMOIIUM.
2142 312 2212 332 -ε-
2252 290 2465 365 PSAL.‘
2496 290 2717 349 CXLIII.

1929 412 1978 473 Α
2072 408 2127 464 4.
2162 406 2458 479 Susceptor
2488 422 2646 463 meus
2665 415 2720 463 et
2740 405 2999 471 liberator
3028 421 3217 473 meus,

3434 290 3571 350 1306

2076 502 2131 557 5.
2164 500 2443 557 Protector
2473 516 2649 565 meus,
2683 508 2739 556 et
2767 499 2823 555 in
2851 500 2970 570 ipso
2990 500 3242 571 speravi,

2076 584 2131 639 6.
2173 584 2278 651 Qui
2310 584 2493 641 subdit
2519 585 2778 656 populum
2815 600 2998 640 meum
3024 585 3128 643 sub
3154 601 3264 642 me.

2076 675 2130 731 7.
2172 674 2421 743 Domine,
2446 676 2578 747 quid
2603 685 2687 733 est
2716 677 2901 743 homo,
2932 677 3060 748 quia
3098 677 3384 738 innotuisti
3409 680 3496 736 ei?

2075 764 2129 820 8.
2167 765 2274 820 Aut
2293 765 2438 821 ﬁlius
2458 766 2714 829 hominis,
2742 766 2871 836 quia
2897 776 3116 835 reputas
3135 782 3261 823 eum
3278 767 3309 822 ‘2.

2078 857 2134 913 9.
2168 855 2343 914 llomo
2376 857 2599 911 vanitati
2631 857 2826 912 similis
2856 855 3031 914 factus
3065 866 3187 915 est:

2076 947 2166 1002 10.
2200 946 2323 1003 Dies
2344 948 2464 1016 ejus
2489 948 2631 1004 sicut
2655 948 2847 1004 umbra
2874 957 3219 1019 praetereunt.

2078 1038 2165 1092 11.
2202 1036 2450 1103 Domine,
2484 1039 2683 1094 inclina
2708 1039 2876 1109 caelos
2899 1080 2915 1106 ,
2954 1047 3010 1093 et
3039 1038 3350 1095 descende:

2080 1127 2164 1182 ιε.
2201 1126 2385 1197 Tange
2408 1137 2639 1193 montes,
2666 1137 2720 1183 et
2752 1128 3114 1198 fumigabunt.

2079 1218 2166 1274 15.
2203 1216 2440 1289 Fulgura
2475 1220 2912 1288 coruscationem
2937 1261 2953 1287 ,
3001 1229 3057 1276 et
3108 1220 3402 1292 dissipabis
3432 1235 3529 1278 eos
3554 1235 3578 1283 ἐ

2079 1310 2167 1377 14.
2205 1309 2406 1368 Emitte
2437 1312 2662 1383 sagittas
2689 1323 2832 1382 tuas,
2856 1322 2912 1369 et
2943 1314 3293 1375 conturbabis
3317 1329 3433 1371 eos.

2078 1508 2169 1563 15.
2197 1507 2401 1565 Emitte
2428 1526 2651 1566 manum
2693 1519 2846 1569 tuam
2873 1512 2942 1568 de
2977 1512 3089 1579 alto
3124 1530 3140 1567 :

2081 1600 2167 1657 I6.
2203 1600 2365 1673 Eripe
2393 1618 2501 1671 me,
2531 1613 2587 1660 et
2607 1604 2777 1660 libera
2810 1620 2899 1660 me
2919 1605 2986 1663 de
3007 1605 3164 1677 aquis
3185 1606 3372 1669 multis
3391 1647 3406 1673 ,

2081 1691 2170 1747 17.
2206 1692 2282 1749 De
2306 1710 2471 1750 manu
2497 1695 2736 1752 ﬁliorum
2759 1697 3061 1753 alienorum
3085 1714 3101 1751 :

1936 1780 1982 1836 B
2079 1782 2167 1837 18.
2204 1781 2447 1850 Quorum
2483 1800 2545 1842 os
2572 1786 2815 1843 locutum
2852 1796 2935 1843 est
2971 1789 3298 1855 vanitatem,

1453 1932 1828 1991 ATHANASII
1866 1934 2432 2001 lNTERPRETATIO

411 2094 461 2148 4.
511 2094 685 2166 Ὑπὲρ
708 2090 841 2165 ἐμοῦ
875 2092 1061 2147 ὲδίδων
1086 2093 1151 2167 [ὁ
1187 2092 1396 2166 διδοὺς]
1451 2094 1529 2167 (1)
1573 2096 1763 2150 ἑαυτὸν
1805 2096 1909 2162 ἕως

340 2186 590 2251 θανάτου,
626 2186 721 2239 καὶ
746 2185 1006 2257 ῥυόμενός
1035 2202 1124 2257 με.

408 2278 462 2332 5.
488 2276 750 2349 Πρόνοιάν
780 2292 882 2347 μου
907 2277 1163 2341 ποιεῖται,
1188 2276 1283 2331 καὶ
1303 2276 1485 2330 πᾶσαν
1503 2275 1602 2349 τὴν
1637 2278 1908 2353 μέριμνάν

343 2389 444 2444 μου
478 2371 563 2425 ἐπ’
586 2370 748 2424 αὐτὸν
771 2367 1062 2441 ὲπέρῤιψα.

410 2461 463 2517 6.
508 2461 568 2513 Ὀ
594 2458 804 2531 ἐκχύων
830 2476 896 2531 με
917 2458 994 2531 (2)
1025 2457 1348 2522 ὑπωπιάζειν
1377 2476 1480 2531 μου
1508 2459 1570 2513 τὸ
1609 2458 1789 2531 σῶμα,
1818 2462 1912 2516 καὶ

336 2552 700 2621 δουλαγωγεῖν
731 2551 885 2606 αὑτό.

411 2645 462 2701 7.
486 2644 681 2716 Κύριε,
716 2644 770 2698 τί
816 2644 965 2698 ἐστιν
996 2642 1073 2715 (5)
1112 2641 1419 2716 ἄνθρωπος,
1451 2642 1533 2697 ὅτι
1567 2642 1913 2714 κατηξίωσας

340 2737 490 2809 αὐτῷ
522 2737 754 2808 ὀφθῆναι
782 2736 874 2790 ἐπὶ
902 2734 1002 2806 τῆς
1033 2734 1177 2805 γῆς;
1232 2732 1235 2733 ⁷

411 2830 464 2886 8.
503 2831 575 2883 Ἦ
600 2829 654 2882 τί
681 2831 798 2883 ἐστι
831 2827 905 2899 (4)
940 2826 1103 2881 πάλιν
1152 2826 1267 2890 υἱὸς
1314 2824 1508 2896 πηλοῦ,
1547 2826 1630 2880 ὅτι
1657 2827 1757 2887 οὐκ
1790 2829 1913 2880 ἐπι-

340 2921 620 2984 λανθάνεις
640 2919 826 2988 αὐτοῦ,
841 2919 1200 2983 ἀδιαλείπτως
1219 2918 1313 2971 καὶ
1337 2919 1593 2990 πρόνοιαν
1619 2918 1784 2972 αὑτοῦ
1824 2936 1915 2972 το-

343 3015 547 3077 σαύτην
574 3013 933 3085 ποιούμενος;

412 3108 467 3162 9.
498 3107 770 3169 Ἕκαστος
817 3104 924 3158 τῶν
969 3100 1270 3175 ἀνθρώπων
1337 3101 1418 3173 τῷ
1483 3102 1674 3175 κόσμῳ
1742 3102 1917 3179 τούτῳ

339 3197 619 3270 ὡμοιώθη.

413 3291 499 3345 10.
532 3290 854 3363 Ἀνωφελεῖς
879 3289 973 3342 καὶ
998 3287 1381 3343 ἀνυπόστατοι.

416 3384 501 3437 11.
532 3381 722 3453 Κύριε,
757 3380 946 3443 κλίνας
978 3396 1073 3432 σου
1107 3378 1235 3442 τοὺς
1268 3377 1567 3449 οὐρανοὺς,
1615 3375 1737 3429 ἐλθὲ
1778 3374 1914 3450 πρὸς

353 3478 510 3548 ἡμᾶς·

341 3495 510 3622 ηρ.ῖῖ
524 3566 759 3637 Πλησίον
788 3564 947 3636 μόνον
977 3561 1136 3632 γενοῦ
1171 3562 1280 3615 τῶν
1307 3563 1566 3615 ἐναντίων
1608 3560 1913 3630 δυνάμεων,

344 3661 440 3716 καὶ
469 3657 671 3721 εὐθέως
699 3654 953 3728 ἄρξονται
979 3651 1440 3722 καταφλέγεσθαι.

417 3753 501 3806 15.
551 3748 811 3821 ὐράθητι
853 3745 1012 3817 μόνον
1040 3743 1132 3797 ἐπὶ
1162 3744 1262 3815 τῆς
1300 3742 1427 3812 γῆς,
1461 3743 1558 3795 καὶ
1592 3738 1916 3809 θεασάμενοι

340 3843 404 3899 τὸ
426 3841 785 3910 ἀπαύγασμα,
824 3837 905 3900 εἰς
945 3834 1042 3908 τὴν
1067 3832 1143 3905 (5)
1194 3832 1299 3903 γῆν
1335 3834 1626 3885 πεσοῦνται
1672 3829 1778 3883 ὑπὸ
1808 3828 1916 3882 τῶν

342 3936 441 3991 ἀνθ
451 3933 667 4006 ρώπων.

418 4032 506 4086 14.
543 4026 884 4083 Ἀπόστειλον
922 4024 1047 4088 τοὺς
1073 4022 1406 4083 ἀποστόλους
1439 4035 1534 4072 σου
1577 4017 1696 4073 κατ’
1738 4015 1916 4070 αὐτῶν

345 4120 661 4194 ἠκονημένη
689 4117 803 4189 [ὡς
834 4115 962 4187 βέλη
994 4109 1345 4184 ἠκονημένα]
1378 4111 1474 4182 (6),
1504 4109 1646 4175 ὀξεῖς
1669 4108 1829 4171 ὄντας
1847 4108 1914 4177 τῇ

345 4215 529 4288 χάριτι
562 4211 655 4265 τοῦ
687 4209 841 4278 ἁγίου
873 4206 1187 4278 Πνεύματος
1210 4245 1226 4271 ,
1266 4205 1361 4260 καὶ
1394 4203 1642 4266 ἀσθενεῖς
1685 4202 1767 4265 εἰς
1815 4200 1915 4253 αὐ·-

344 4306 474 4368 τοὺς
508 4302 828 4373 ποιήσωσιν.

419 4396 506 4452 If}.
536 4394 627 4465 Τῷ
660 4391 779 4463 Θεῷ
830 4389 1006 4461 Πατρὶ
1053 4388 1215 4443 πάλιν
1271 4384 1633 4458 προσεύχεται
1687 4382 1863 4451 λέγων
1897 4396 1913 4412 ⁸

347 4485 570 4558 Πέμψον
592 4484 683 4537 τὸν
708 4481 837 4536 Υἱόν
864 4497 957 4534 σου
986 4482 1051 4534 ὲκ
1079 4478 1190 4532 τῶν
1220 4477 1389 4547 ἀγίων
1431 4494 1526 4531 σου
1557 4473 1886 4545 ύψωμάτων.

2087 2102 2142 2159 4.
2175 2100 2283 2158 Pro
2323 2118 2411 2158 me
2440 2103 2589 2159 dedit
2630 2092 2709 2161 se“
2732 2105 2912 2177 ipsum
2943 2123 3116 2179 usque
3149 2109 3217 2165 ad
3257 2118 3506 2177 mortem,
3528 2120 3584 2168 et

2010 2191 2261 2255 liberavit
2288 2208 2396 2249 me.

2085 2284 2140 2339 5.
2170 2283 2426 2340 Providet
2446 2284 2602 2353 mihi,
2629 2295 2684 2343 et
2703 2302 2805 2359 ego
2823 2303 3043 2347 omnem
3070 2306 3258 2348 curam
3287 2308 3462 2350 meam
3489 2312 3585 2353 su-

2012 2389 2109 2445 per
2139 2374 2318 2445 ipsum
2350 2375 2574 2447 projeci.
2935 2383 2943 2393 '

2085 2472 2139 2521 b.
2171 2466 2549 2524 Corroborans
2584 2484 2703 2536 me,
2751 2481 2810 2527 ut
2849 2474 3108 2544 castigem
3137 2490 3335 2548 corpus
3376 2493 3584 2547 meum,

2013 2566 2069 2613 et
2098 2558 2278 2628 ipsum
2305 2557 2359 2613 in
2388 2560 2702 2617 servitutem
2724 2564 2990 2634 redigam.

2088 2649 2138 2705 7.
2180 2648 2408 2707 Domine
2436 2690 2453 2719 ,
2497 2653 2627 2722 quid
2673 2662 2756 2710 est
2792 2654 2993 2724 homo,
3037 2657 3182 2728 quod
3228 2658 3483 2731 dignatus
3523 2676 3585 2718 es

2015 2741 2118 2812 ipsi
2142 2741 2480 2799 manifestari
2511 2759 2675 2815 super
2703 2747 2894 2802 terra?

2087 2831 2140 2887 8.
2180 2832 2289 2889 Aut
2320 2834 2450 2904 quid
2493 2850 2687 2891 rursus
2713 2844 2799 2892 est
2828 2836 2972 2895 Illius
3014 2838 3155 2907 luti,
3189 2843 3449 2911 quoniam
3477 2858 3584 2898 non

2017 2924 2359 2981 Oblivisceris
2408 2926 2592 2995 illius,
2640 2934 2694 2982 et
2734 2927 3106 2986 indesinenter
3135 2942 3338 2988 tantam
3368 2933 3434 2989 de
3466 2934 3586 3004 ipso

2018 3032 2203 3073 curam
2246 3017 2413 3073 habes
2439 3018 2462 3072 ?

2089 3109 2142 3164 9.
2184 3107 2572 3181 Unusquisque
2617 3110 2904 3168 hominum
2952 3112 3085 3170 huic
3125 3115 3335 3172 mundo.
3369 3116 3589 3173 assimi-

1940 3202 1983 3260 C
2016 3201 2159 3256 latur

2087 3291 2174 3347 10.
2209 3292 2432 3347 Inutiles
2464 3301 2630 3362 atque
2660 3292 2968 3353 instabiles.

2087 3386 2175 3441 11.
2209 3383 2458 3448 Domine,
2497 3384 2769 3445 inclinans
2803 3388 2972 3445 caelos
2995 3397 3118 3445 tuos
3149 3391 3272 3447 veni
3302 3391 3369 3447 ad
3392 3406 3511 3449 nos.

2088 3560 2173 3615 12.
2209 3561 2384 3632 Prope
2420 3573 2798 3621 tantummodo
2834 3567 2933 3621 ﬁas
2966 3568 3256 3622 contrariis
3302 3568 3585 3637 potestati-

2014 3652 2139 3718 bus,
2161 3660 2214 3707 et
2247 3655 2429 3707 statim
2467 3654 2727 3724 incipient
2755 3656 3026 3711 comburi.

2088 3743 2179 3799 15.
2211 3744 2424 3814 Appare
2469 3747 2647 3800 solum
2688 3746 2742 3799 in
2777 3754 2941 3812 terra,
2974 3754 3027 3800 et
3062 3744 3304 3802 videntes
3337 3747 3593 3817 splendo-

2015 3847 2131 3901 rem
2163 3835 2360 3891 cadent
2400 3836 2456 3890 in
2498 3845 2698 3892 terram
2731 3837 2836 3894 sub
2869 3837 3207 3897 hominibus.

2086 4016 2171 4086 M.
2200 4015 2350 4072 Mitte
2377 4018 2660 4087 apostolos
2700 4027 2847 4081 tuos,
2873 4017 3039 4073 veluti
3066 4015 3174 4070 tela
3201 4026 3427 4070 exacuta
3461 4029 3593 4069 cun-

2016 4114 2103 4162 tra
2150 4109 2368 4163 easdem
2415 4117 2750 4179 potestates,
2807 4117 3005 4166 acutos
3054 4108 3377 4163 exsistentes
3420 4103 3595 4178 gratia

2018 4199 2197 4255 sancti
2239 4198 2500 4271 Spiritus,
2531 4208 2587 4257 et
2614 4200 2859 4256 inﬁrmas
2899 4200 2956 4255 in
2990 4200 3138 4271 ipsos
3170 4198 3414 4254 reddent.

2091 4376 2175 4449 15.
2212 4376 2381 4433 Deum
2422 4378 2638 4434 Patrem
2676 4392 2874 4434 rursus
2914 4384 3035 4432 orat
3062 4376 3250 4433 dicens
3280 4392 3294 4430 :
3324 4373 3473 4431 Mitte
3502 4371 3593 4429 Fi-

2282 4488 2336 4526 m
2368 4486 2436 4527 ex
2463 4472 2670 4527 sanctis
2703 4471 2812 4528 tuis
2841 4468 3245 4525 altitudinibus.

553 4572 951 4644 Ἐλευθέρωσόν
979 4588 1044 4642 με
1069 4570 1136 4624 δι’
1153 4538 1314 4624 αὐτοῦ
1342 4568 1450 4623 ἀπὸ
1472 4567 1581 4621 τῶν
1597 4538 1920 4636 πνευμάτων
1952 4538 1953 4543 1

2095 4565 2183 4619 16.
2225 4563 2419 4623 Libera
2448 4578 2537 4617 me
2570 4578 2666 4632 per
2699 4562 2878 4632 ipsum
2911 4576 2940 4614 a
2974 4559 3255 4637 spiritibus
3286 4557 3404 4614 istis
3431 4555 3591 4613 malis

349 4668 556 4725 τούτων
611 4663 859 4737 πονηρῶν
895 4663 971 4736 ('1)
1013 4662 1123 4716 τῶν
1161 4661 1392 4726 πολλῶν,
1433 4658 1543 4715 τῶν
1598 4656 1921 4729 βυθιζόντων

354 4781 511 4903 μῠ17.
556 4845 654 4901 Ἐκ
695 4846 793 4916 τῆς
826 4842 1145 4907 δυναστείας
1177 4841 1286 4897 τῶν
1318 4839 1452 4896 υἱῶν
1492 4837 1587 4893 τοῦ
1634 4833 1873 4907 πονηροῦ
1902 4874 1919 4901 ,

352 4942 459 4995 τῶν
486 4938 743 4994 ἐναντίων
777 4936 1059 5006 δυνάμεων
1084 4951 1096 4963 ·

426 5030 513 5085 18.
540 5025 641 5082 Ὧν
666 5031 701 5103 ὴ
730 5024 1048 5082 διδασκαλία
1094 5027 1243 5078 πᾶσα
1273 5022 1428 5078 οὐδὲν
1473 5018 1735 5087 ζωοποιδν
1766 5016 1881 5090 ἔχει
1906 5055 1927 5091 ,η

354 5123 493 5178 ἀλλά
540 5122 720 5177 πάντα
747 5118 824 5191 (8)
865 5118 946 5181 είς
968 5115 1265 5187 διαφθορὰν
1292 5115 1386 5170 καὶ
1416 5111 1712 5167 ἀπώλειαν.

2021 4660 2078 4708 et
2103 4650 2313 4715 multis,
2335 4648 2813 4721 submergentibus
2846 4660 2952 4701 me.

2093 4824 2181 4880 17.
2211 4822 2254 4877 Ε
2281 4829 2552 4894 potestate
2588 4820 2824 4875 ﬁliorum
2869 4817 3126 4889 improbi,
3152 4816 3256 4870 hoc
3280 4822 3365 4868 est
3395 4828 3426 4868 a
3458 4826 3590 4868 con-

2021 4915 2206 4973 trariis
2232 4912 2631 4985 potestatibus:

2102 5009 2188 5064 18.
2220 5006 2464 5075 Quarum
2509 5001 2688 5059 omnis
2728 5002 2973 5057 doctrina
3012 4997 3145 5053 nihil
3176 4993 3451 5049 viviﬁcans
3495 4993 3589 5048 Ita-

2030 5103 2142 5169 bet,
2179 5100 2275 5157 sed
2307 5097 2491 5154 omnia
2528 5096 2584 5152 in
2611 5094 3011 5165 corruptionem
3042 5098 3098 5146 et
3119 5087 3363 5144 exitium.

1263 5268 1573 5333 Addenda
1626 5272 1688 5329 et
1742 5257 2120 5343 corrigenda
2177 5273 2258 5319 ex
2307 5252 2448 5317 cod.
2481 5249 2682 5314 Vatic.

458 5430 506 5498 I)
537 5428 709 5490 Δίδον,
745 5430 849 5498 etc.
891 5421 995 5489 leg.
1031 5413 1203 5498 διδούς
1229 5421 1325 5469 aut
1344 5409 1524 5473 διδῶν,
1550 5410 1704 5465 deest
1727 5424 1814 5479 με.

451 5491 505 5567 2}
551 5491 892 5567 ὐὲνισχιὲωγ
929 5495 1151 5567 μενεῖς·
1243 5554 1256 5567 .
1303 5552 1317 5567 .
1396 5550 1410 5567 .
1461 5549 1521 5567 .-

538 5549 837 5640 Κύριεὲίς
861 5549 1029 5621 ἐστιν,
1060 5564 1166 5612 etc.
1185 5552 1360 5640 ἀὐτὸν
1388 5549 1639 5620 ὀφθῆναι,
1674 5556 1781 5602 etc.

430 5625 505 5708 μς
531 5641 603 5693 Ἦ
625 5625 864 5719 cistam,
904 5640 1008 5710 etc:
1035 5625 1361 5721 πξποίησαι)
1441 5688 1681 5721 “dm”
1717 5704 1806 5721 Mn
1846 5688 1889 5721 ,δ

551 5695 912 5774 ’Δπαύγασμα
944 5700 1039 5770 τῆς
1069 5695 1231 5767 δόξης
1255 5695 1347 5748 τοῦ
1394 5695 1681 5763 προσώπου
1717 5704 1807 5741 σου
1844 5695 1921 5749 εἰς

2030 5403 2642 5542 τήῖἀῗξῗίκονημένους,
2674 5470 2805 5528 etc.,
2838 5457 3082 5520 ἀσθενεῖς
3115 5453 3310 5518 αὐτοὺς
3338 5450 3589 5515 ποιήσου-

2035 5558 2176 5679 mil)
2208 5607 2430 5662 Τούτων
2464 5606 2570 5660 τῶν
2601 5601 2869 5674 πονηρῶν,
2903 5609 3007 5657 etc.

2105 5680 2179 5753 (8)
2220 5679 2454 5744 Πάντας,
2490 5688 2590 5733 etc.
