3990 6208
497 319 634 376 1507
939 323 948 326 ”
1357 319 1414 375 S.
1456 319 1826 375 ATHANASII
1869 318 2017 374 OPP.
2069 319 2251 375 PARS
2291 319 2374 372 111.
2415 347 2483 357 -
2511 313 2917 374 EXEGETICA.
3591 313 3728 370 i308

567 440 652 495 19.
690 437 752 494 Et
779 439 998 495 dextera
1018 453 1227 502 eorum,
1252 439 1470 494 dextera
1494 439 1818 508 iniquitatis.
2085 444 2132 499 Α

1764 455 1818 492 .s.
2085 444 2132 499 Α
2231 439 2314 492 19.
2353 439 2458 489 Καὶ
2488 438 2519 506 ή
2555 435 2705 502 δεξιὰ
2732 433 2910 488 αὐτῶν
2937 433 3084 497 δεξιὰ
3108 431 3340 494 ἀδικίας.

563 529 652 584 20.
696 529 856 597 Deus,
898 530 1168 585 canticum
1206 545 1405 584 novum
1437 531 1666 585 cantabo
1705 531 1801 584 tibi
1834 547 1849 584 :

1781 531 1801 582 i
1834 547 1849 584 :
2233 531 2321 583 20.
2360 529 2416 581 Ὁ
2450 529 2600 592 Θεὸς,
2629 527 2768 598 ᾠδὴν
2802 526 2992 596 καινὴν
3019 525 3216 595 ᾄσομαι
3257 541 3357 579 σοι.

564 621 652 675 21.
689 621 746 676 In
777 621 1034 692 psalterio
1069 621 1404 676 decachordo
1435 621 1662 691 psallam
1694 621 1809 675 tibi.

2229 623 2318 676 2|.
2359 625 2443 676 Ἐν
2475 620 2754 692 ψαλτηρίῳ
2784 619 3091 689 δεκαχὸρδῳ
3119 616 3272 685 ψαλῶ
3305 631 3406 668 σοι’

563 711 654 766 22.
687 710 791 777 Qui
817 711 915 766 das
943 710 1170 766 salutem
1199 712 1418 780 regibus
1443 730 1456 764 :

2232 715 2322 769 22.
2359 713 2448 784 Τῷ
2474 714 2666 767 διδόντι
2692 711 2788 782 τὴν
2813 709 3081 780 σωτηρίαν
3111 711 3220 770 τοίς
3247 705 3520 776 βασιλεῦσι
3560 721 3575 735 ·

561 801 652 857 23.
683 799 786 866 Qui
826 801 1105 855 redemisti
1137 799 1308 854 David
1339 815 1558 856 servum
1596 809 1750 854 tuum
1780 799 1845 855 de
1883 799 2062 870 gladio

2232 807 2320 861 25.
2354 806 2443 876 Τῷ
2489 803 2840 874 λυτρουμένῳ
2870 802 3028 854 Δαϐὶδ
3077 801 3165 853 τὸν
3209 799 3390 852 δοῦλον
3442 795 3606 849 αὐτοῦ
3663 797 3725 848 ἐκ

495 894 736 964 maligno
760 893 1039 965 [liberabit
1059 893 1230 965 eum].

2164 898 2432 967 ῥομφαίας
2466 897 2706 966 πονηρᾶς
2739 894 2996 966 [ῥύσεται
3025 891 3244 962 αὐτόν].

560 985 649 1040 24.
690 984 846 1054 Eripe
875 999 981 1050 me,
1009 992 1063 1038 et
1095 999 1225 1039 erue
1253 999 1339 1039 me
1361 984 1428 1039 de
1459 999 1622 1039 manu
1661 985 1899 1042 ﬁliorum
1929 983 2062 1038 alie-

2232 988 2319 1040 24.
2362 986 2548 1040 Ῥὖσαί
2580 1004 2668 1057 με,
2704 987 2795 1038 καὶ
2825 984 3006 1050 ἐξελοῦ
3049 1001 3115 1054 με
3159 985 3222 1035 ἐκ
3261 982 3438 1052 χειρὸς
3468 980 3600 1033 υἱῶν
3634 978 3723 1031 ἁλ-

494 1055 690 1129 ἱιοτιιῐη
721 1093 734 1127 ε

2165 1079 2391 1150 λοτρίων
2419 1098 2429 1108 ·

561 1166 652 1222 25.
683 1165 927 1232 Quorum
951 1181 1013 1223 os
1033 1167 1273 1222 locutum
1296 1177 1381 1223 est
1406 1168 1694 1222 vanitatem
1711 1208 1726 1232 ,

2235 1169 2324 1222 23.
2362 1162 2462 1220 Ὧν
2497 1168 2558 1220 τὸ
2589 1167 2760 1237 στόμα
2793 1167 3017 1237 ἐλάλησε
3058 1179 3388 1236 ματαιοτητα
3423 1201 3437 1224 ,

559 1257 650 1311 26.
685 1257 750 1310 Ει
773 1258 994 1312 dextera
1027 1272 1238 1323 eorum,
1269 1260 1488 1314 dextera
1524 1259 1846 1329 iniquitatis.

1768 1259 1846 1314 Lis.
2234 1259 2324 1311 26.
2357 1259 2465 1310 Καὶ
2494 1261 2525 1328 ἡ
2556 1257 2705 1321 δεξιὰ
2734 1258 2910 1310 αὐτῶν
2937 1256 3084 1320 δεξιὰ
3115 1255 3344 1316 ἀδικίας.

561 1345 652 1400 27.
687 1346 932 1412 Quorum
956 1348 1051 1403 lilii
1076 1349 1218 1404 sicut
1240 1351 1466 1404 novella:
1489 1349 1855 1419 plantationes
1883 1347 1937 1401 in
1973 1347 2062 1417 ju«

2231 1348 2320 1403 27.
2359 1342 2458 1401 Ὧν
2491 1349 2540 1400 οἱ
2571 1349 2678 1401 υἱοὶ
2709 1348 2885 1402 αὐτῶν
2917 1349 2992 1412 ὡς
3012 1348 3240 1415 νεόφυτα
3267 1344 3521 1415 ἱδρυμένα
3567 1343 3627 1395 ἐν
3660 1345 3719 1411 τῇ

492 1447 711 1493 ventute
737 1455 856 1494 sua.

2165 1439 2373 1508 νεότητι
2403 1439 2600 1492 αὐτῶν.

561 1531 652 1585 28.
686 1530 837 1588 Filiae
884 1548 1074 1588 eorum
1129 1532 1485 1604 compositae,
1541 1532 1957 1587 circumornatae
2003 1535 2064 1583 ut

2231 1530 2325 1586 28..
2356 1532 2418 1582 Ai
2449 1530 2745 1602 Θυγατέρες
2769 1530 2945 1583 αὐτῶν
2990 1528 3514 1598 κεκαλλωπισμέναι,
3572 1544 3721 1596 περι-

494 1620 794 1677 similitudo
829 1624 1034 1693 templi.

2161 1623 2568 1693 κεκοσμημέναι
2604 1623 2676 1692 (a)
2707 1622 2781 1685 ὡς
2805 1622 3053 1691 ὁμοίωμα
3086 1619 3236 1673 ναοῦ.

566 1711 656 1766 29.
693 1712 1072 1783 Promptuaria
1093 1729 1282 1770 eorum
1307 1715 1487 1784 plena,
1525 1713 1830 1770 eructantia
1861 1727 1926 1765 ex
1951 1711 2056 1765 hoc

2232 1715 2320 1768 29.
2355 1714 2434 1766 Τὰ
2476 1718 2695 1784 ταμιεῖα
2741 1713 2919 1766 αὐτῶν
2955 1713 3132 1784 πλήρη
3159 1752 3173 1775 ,
3225 1710 3627 1781 ἐξερευγόμενα
3665 1710 3721 1760 ἐκ

495 1802 549 1857 in
593 1804 746 1859 illud.

2093 1798 2135 1852 Β
2163 1803 2350 1856 τούτου
2387 1805 2463 1866 είς
2495 1803 2668 1857 τοῦτο.

562 1892 650 1949 50.
687 1894 826 1951 Oves
857 1910 1048 1951 eorum
1088 1894 1328 1963 fastosae,
1378 1895 1717 1950 abundantes
1743 1893 1797 1946 in
1822 1891 2058 1962 egressi-

2237 1893 2325 1949 50.
2359 1893 2438 1944 Τὰ
2468 1894 2713 1963 πρόϐατα
2743 1891 2922 1946 αὐτῶν
2953 1891 3220 1945 πολυτόκα
3242 1932 3256 1955 ,
3289 1889 3630 1961 πληθύνοντα
3670 1906 3719 1942 εν

493 1983 597 2039 bus
624 1985 740 2040 suis
765 2003 778 2037 :

2165 1987 2286 2046 ταῖς
2317 1983 2515 2048 ἐξόδοις
2549 1985 2725 2037 αὐτῶν
2741 2002 2753 2016 ·

561 2091 639 2165 (a)
675 2089 828 2148 νοτε.
857 2092 948 2159 29,
979 2092 1520 2164 Περικεκοσμημέναι
1551 2092 1628 2156 ὡς
1666 2091 1917 2162 ὁμοίωμα
1946 2087 2137 2160 ἀνθρώ

1516 2132 1520 2145 ,
1551 2092 1628 2156 ὡς
1666 2091 1917 2162 ὁμοίωμα
1946 2087 2255 2160 ἀνθρώπου.
2292 2092 2447 2146 Vcrs.
2482 2093 2571 2158 50,
2601 2095 2680 2148 Τὰ
2714 2097 2957 2166 ταμιεῖα,
2989 2103 3092 2151 etc.

1076 2220 1078 2222 '
1603 2209 1980 2264 ATIIANASII
2019 2206 2607 2268 INTERPRETATIO.

565 2298 652 2354 19.
693 2297 813 2355 Νοη
852 2301 1031 2356 solum
1061 2302 1280 2358 sinistra
1321 2319 1506 2359 carum
1555 2305 1788 2374 perditio
1818 2313 1921 2367 est,
1960 2301 2055 2358 sed

2235 2303 2320 2358 19.
2348 2305 2420 2357 Οὐ
2455 2305 2614 2376 μόνον
2646 2305 2716 2358 τὰ
2749 2305 3010 2376 ἀριστερὰ
3046 2305 3224 2358 αὐτῶν
3271 2304 3518 2357 ἀπώλεια
3559 2306 3717 2366 ἐστιν,

493 2391 657 2446 etiam
687 2407 875 2446 earum
911 2393 1135 2448 dextera
1165 2410 1314 2449 mors
1334 2396 1569 2450 exsistit.

2162 2395 2296 2449 ἀλλὰ
2325 2397 2416 2449 καὶ
2447 2399 2480 2467 ἡ
2515 2396 2662 2460 δεξιὰ
2687 2396 2860 2450 αὐτῶν
2885 2397 3114 2449 θανάτου
3148 2397 3222 2465 (1)
3259 2396 3511 2468 ὑπάρχει.

562 2484 654 2542 20.
685 2483 978 2549 Mundum,
1016 2485 1421 2540 immaculatum
1449 2487 1515 2542 de
1551 2489 1804 2557 passione
1838 2498 1948 2541 tua.

2231 2487 2318 2542 20.
2356 2487 2636 2556 Καθαρὰν,
2665 2488 2892 2558 ἄμωμον
2927 2488 3063 2558 ὑπὲρ
3097 2485 3190 2539 τοῦ
3231 2488 3434 2550 πάθους
3458 2504 3575 2542 σου.

564 2576 655 2632 21.
693 2576 874 2631 Gratia
924 2579 1098 2632 sancti
1149 2578 1383 2646 Spiritus
1436 2580 1490 2633 in
1546 2580 1732 2634 decem
1775 2579 2057 2648 praeceptis

2233 2577 2320 2629 21.
2366 2575 2452 2630 Ἐν
2479 2581 2543 2649 τῇ
2575 2578 2757 2649 χάριτι
2788 2579 2883 2631 τοῦ
2929 2579 3084 2647 ἁγίου
3142 2578 3457 2647 Πνεύματος
3503 2580 3563 2630 ἐν
3610 2581 3719 2640 mi;

493 2665 782 2738 perﬁciens
811 2682 898 2722 me
923 2667 1124 2738 ipsum,
1149 2668 1466 2739 gloriﬁcabo
1494 2678 1545 2724 te
1579 2669 1737 2724 bonis
1776 2668 2054 2738 operibus.

2163 2669 2294 2722 δέκα
2343 2669 2586 2733 ἐντολαῖς
2619 2670 2950 2742 καταρτίσας
3007 2671 3259 2740 ἐμαυτὸν,
3295 2670 3502 2734 δοξάσω
3556 2687 3616 2722 σε
3659 2669 3718 2722 δι’

2165 2759 2340 2831 ἔργων
2368 2761 2605 2830 ἀγαθῶν.

564 2844 655 2898 22.
695 2844 798 2910 Qui
834 2844 1077 2900 viviﬁcas
1109 2847 1281 2915 gratia
1309 2855 1398 2899 tua
1426 2854 1647 2899 sanctos
1686 2854 1972 2913 regnantes
2005 2845 2056 2897 in

2235 2853 2323 2908 22.
2359 2854 2447 2924 Τῷ
2481 2853 2829 2918 ζωοποιοῦντι
2880 2854 2966 2908 διὰ
3003 2856 3102 2926 τῆς
3149 2853 3366 2925 χάριτος
3409 2853 3574 2905 αὑτοῦ
3607 2855 3718 2916 τώς

495 2943 639 2988 terra
671 2947 858 2989 contra
888 2943 1204 3005 peccatum,
1249 2943 1302 2990 et
1351 2937 1403 2989 in
1435 2936 1574 2990 coelo
1617 2937 1670 2988 in
1705 2937 1916 2990 intinita
1957 2953 2056 2990 ssc-

2165 2946 2351 3012 ἁγίους
2383 2947 2508 3008 τοὺς
2543 2949 2599 2998 ἐν
2630 2951 2692 3017 τῇ
2729 2951 2796 3018 γῇ
2831 2947 3211 3018 βασιλεύοντας
3246 2945 3385 2999 κατὰ
3417 2949 3516 3016 τῆς
3549 2947 3718 3017 ἁμαρ-

496 3025 639 3079 cula.
1983 3057 1988 3064 η
2163 3038 2300 3100 τίας,
2335 3038 2426 3090 καὶ
2452 3039 2509 3092 ἐν
2533 3037 2744 3110 οὐρανῷ
2772 3041 2850 3102 εἰς
2893 3039 2967 3109 (2)
3009 3040 3134 3101 τοὺς
3167 3037 3559 3108 ἁτελευτήτους
3602 3036 3719 3091 αἰὼο

2164 3139 2280 3184 νας.

564 3198 651 3254 25.
688 3197 791 3265 Qui
821 3200 1038 3255 tradidit
1081 3216 1140 3258 se
1181 3201 1357 3272 ipsum
1388 3203 1551 3258 morti
1586 3205 1640 3257 in
1675 3204 2063 3274 redemptionis

2233 3212 2322 3264 25.
2362 3210 2449 3280 Τῷ
2494 3211 2748 3266 δεδωκότι
2799 3213 2989 3265 ἐαυτὸν
3039 3212 3353 3283 ἀντίλυτρον
3395 3210 3474 3280 τῷ
3516 3211 3717 3277 θανάτῳ

494 3289 730 3358 pretium
777 3305 876 3358 pro
921 3292 1125 3362 papulo
1168 3294 1511 3360 desiderato,
1551 3304 1608 3349 ut
1643 3296 1875 3364 eriperet
1900 3311 2001 3350 nos
2030 3311 2061 3350 a

2164 3300 2303 3372 ὑπὲρ
2331 3301 2423 3354 τοῦ
2455 3301 2582 3355 λαοῦ
2609 3303 2704 3355 τοῦ
2744 3303 3144 3374 πεποθημένου,
3180 3306 3326 3367 ὅπως
3359 3302 3610 3374 ἐξέληται
3651 3304 3714 3372 (5)

495 3381 734 3435 diabolo.

2161 3395 2309 3464 ἡμᾶς
2336 3395 2399 3446 ἐκ
2425 3393 2518 3446 τοῦ
2551 3394 2815 3447 διαϐόλου.

565 3471 656 3524 24.
698 3470 912 3537 Libera,
944 3483 997 3528 et
1029 3475 1282 3532 abstrabe
1317 3492 1402 3532 me
1427 3493 1456 3532 e
1485 3477 1732 3533 dominio
1762 3481 2064 3535 contraria-

2231 3485 2321 3538 24.
2367 3485 2574 3548 Ῥῦσαι,
2621 3486 2715 3538 καὶ
2769 3485 2844 3556 (4)
2878 3485 3190 3539 ἀπόσπασόν
3239 3502 3304 3556 με
3349 3485 3414 3538 ἐκ
3442 3485 3544 3554 τῆς
3578 3484 3718 3548 ἐξου-

495 3578 617 3640 1⁵11111
641 3573 967 3634 potestatum
999 3586 1012 3621 :

2165 3577 2286 3639 σίας
2309 3575 2416 3629 τῶν
2447 3577 2701 3630 ἐναντίων
2728 3576 3009 3646 δυνάμεων
3033 3594 3045 3608 ·

567 3657 658 3710 25.
691 3655 930 3722 Quarum
988 3659 1238 3716 doctrina
1281 3661 1604 3718 disseminat
1652 3665 1708 3718 in
1751 3667 2063 3725 hominibus

2230 3665 2318 3719 25.
2350 3659 2448 3718 Ὧν
2480 3668 2512 3737 ή
2542 3665 2728 3736 διδαχὴ
2751 3665 3028 3737 διέσπειρε
3051 3667 3279 3738 ἀνομίαν
3308 3667 3394 3736 (5)
3417 3667 3513 3720 καὶ
3548 3669 3717 3738 ἁμαρ-

496 3745 864 3817 iniquitatem,
893 3760 947 3805 et
974 3762 1258 3820 peccatum
1287 3773 1300 3808 :

2164 3756 2285 3809 τίαν
2313 3759 2370 3809 ἐν
2401 3759 2514 3820 τοῖς
2543 3756 2850 3828 ἀνθρώποις
2875 3773 2888 3787 ·

567 3839 659 3895 26.
695 3840 760 3894 Ει
791 3857 980 3895 earum
1016 3844 1254 3912 potentia
1314 3846 1429 3900 haec
1457 3855 1574 3913 est,
1618 3857 1679 3902 ut
1720 3849 1923 3918 aliquid
1974 3865 2063 3904 ra-

2232 3847 2322 3901 26.
2358 3847 2521 3918 Καὶή
2555 3848 2782 3916 δύναμις
2811 3849 2988 3903 αὐτῶν
3028 3850 3164 3920 αὕτη
3215 3850 3384 3914 ἐστὶν,
3419 3851 3474 3903 τί
3523 3851 3608 3902 ἵνα
3634 3850 3719 3918 ἁρ-

497 3931 671 3999 niant,
692 3941 746 3986 et
766 3932 819 3986 vi
846 3933 901 3987 in
933 3935 1249 3989 servitutem
1281 3937 1549 4006 redigant.

2165 3938 2376 3991 πάσωσι
2407 3938 2505 4009 (6),
2537 3941 2630 3992 καὶ
2663 3939 2752 4010 βία
2775 3939 3303 3993 καταδουλώσωνται.

569 4022 659 4076 27.
689 4022 755 4077 Et
775 4023 828 4077 in
860 4026 1340 4093 concupiscentiis,
1373 4037 1427 4082 et
1455 4029 1765 4086 daemonum
1808 4033 2064 4104 iniquita-

2229 4029 2318 4083 27.
2355 4029 2458 4084 Καὶ
2492 4032 2550 4083 ἐν
2578 4033 2696 4093 ταῖς
2731 4031 3046 4101 ἐπιθυμίαις
3078 4033 3175 4083 καὶ
3200 4033 3322 4093 ταῖς
3357 4030 3615 4100 ἀνομίαις
3647 4030 3717 4098 (7)

496 4112 645 4169 tibus
688 4115 857 4184 geniti
908 4114 1188 4169 abundant
1217 4117 1453 4183 divitiis,
1501 4127 1554 4172 et
1597 4120 1802 4188 gloria,
1837 4131 1891 4176 et
1931 4137 2063 4178 con-

2161 4121 2270 4176 τῶν
2289 4121 2555 4192 δαιμόνων
2597 4122 3004 4193 γεγεννημένοι,
3047 4121 3333 4192 εὑθηνοῦσι
3381 4121 3598 4190 πλούτῳ
3635 4120 3718 4173 καὶ

496 4204 668 4274 specti
721 4207 789 4260 ab
837 4199 1149 4262 hominibus
1206 4207 1260 4260 in
1313 4223 1502 4263 eorum
1559 4210 1775 4266 fallacia
1829 4213 2059 4268 laudan-

2163 4211 2308 4283 δόξῃ,
2342 4210 2607 4282 ὁρώμενοι
2639 4212 2787 4283 παρὰ
2832 4211 2936 4265 τῶν
2985 4210 3284 4283 ἀνθρώπων
3326 4211 3383 4262 ἐν
3427 4213 3494 4280 τῇ
3541 4210 3718 4280 ἀπάτῃ

496 4305 607 4363 tur,
664 4307 922 4368 tanquam
973 4298 1200 4356 novellae
1248 4300 1612 4370 plantationes
1640 4303 1849 4369 validae,
1878 4315 1932 4360 et
1962 4306 2059 4361 ﬂo-

2118 4273 2134 4324 )
2164 4302 2342 4356 αὐτῶν
2363 4303 2744 4373 ἐπαινούμενοι
2773 4304 2847 4366 ὡς
2879 4304 3112 4373 νεόφυτα
3141 4301 3334 4373 ἰσχυρὰ
3359 4303 3452 4355 καὶ
3478 4301 3694 4371 εὐθαλῆ.

495 4395 702 4442 rentes.

2231 4395 2320 4448 28.
2357 4395 2432 4465 (8)
2466 4397 2574 4448 Καὶ
2610 4398 2662 4448 αἱ
2693 4395 2862 4465 ψυχαὶ
2895 4395 3072 4449 αὐτῶν
3120 4395 3267 4466 πάσῃ
3313 4393 3576 4464 περιϐολῇ
3629 4411 3713 4444 πο·

567 4476 657 4531 28.
694 4475 760 4531 Ει
800 4479 994 4532 animaa
1029 4493 1217 4534 eorum
1247 4481 1394 4536 omni
1421 4483 1660 4552 pretioso
1687 4485 1888 4540 amictu
1933 4503 2062 4542 coo-

2162 4485 2369 4538 λυτελεῖ
2401 4487 2790 4556 ἠμφιεσμέναι,
2839 4487 2933 4539 καὶ
2964 4485 3166 4557 χρυσῷ,
3203 4486 3296 4538 καὶ
3337 4485 3585 4556 ἀργύρῳ,
3633 4486 3714 4536 καὶ

496 4576 686 4638 perte,
727 4577 782 4622 et
823 4583 980 4634 auro,
1024 4577 1078 4624 et
1105 4581 1352 4640 argento,
1397 4583 1450 4627 et
1481 4574 1658 4643 lapide
1685 4577 1925 4644 pretioso
1955 4579 2062 4632 cir-

1536 4575 1658 4643 pide
1685 4577 1925 4644 pretioso
1955 4579 2062 4632 cir-
2161 4577 2293 4647 λίθῳ
2319 4576 2598 4629 πολυτελεῖ
2626 4576 3110 4648 δορυφορούμεναι.

498 4659 860 4729 ουῐηεῑὶρειω.
2229 4669 2318 4725 29.
2346 4671 2412 4723 Αἱ
2445 4670 2661 4741 καρδίαι
2693 4669 2873 4723 αὐτῶν
2919 4666 3341 4738 πεπληρωμέναι
3375 4667 3558 4736 πάσης
3599 4667 3714 4718 ἀνα·

568 4749 662 4807 29.
695 4751 866 4805 Corda
904 4766 1092 4807 eorum
1134 4754 1290 4824 plena
1331 4756 1478 4809 omni
1511 4755 1813 4827 iniquitate,
1848 4769 1902 4815 et
1929 4777 2058 4830 pec-

2165 4762 2293 4832 μίας
2322 4763 2415 4814 καὶ
2440 4763 2729 4833 ἁμαρτίας,
2758 4762 2852 4814 καὶ
2877 4762 2941 4812 ἐκ
2968 4760 3155 4812 τούτου
3193 4759 3285 4811 τοῦ
3329 4758 3570 4831 πονηροῦ
3603 4761 3714 4810 ἐπι-

497 4851 642 4908 cato,
689 4851 744 4897 et
786 4858 853 4898 ex
902 4859 1012 4900 uno
1065 4847 1312 4916 improbo
1361 4847 1632 4907 desiderio
1678 4861 1964 4909 transeunt
2000 4855 2056 4908 in

2162 4853 2498 4924 τηδεύματος
2546 4855 2625 4916 εἰς
2673 4853 2800 4906 ἄλλο
2831 4851 3126 4922 δεινότερον
3158 4849 3509 4920 μετέρχονται
3534 4847 3714 4901 ἐπιθύ-

498 4933 662 4988 aliam
693 4934 930 5004 peiorem
959 4940 1477 5008 concupiscentiam.
2162 4962 2234 5014 μη
2245 4962 2336 5014 μα.

567 5025 656 5080 50.
694 5025 860 5079 Iidem
894 5027 1143 5083 homines
1173 5045 1295 5084 cum
1338 5033 1544 5100 peccati
1573 5034 1754 5104 cupidi
1799 5036 1938 5097 sint,
1977 5035 2058 5088 in—

2227 5034 2313 5088 '50.
2347 5035 2409 5084 υἱ
2434 5032 2587 5088 αὐτοὶ
2610 5031 2904 5103 ἄνθρωποι,
2936 5032 3033 5101 τῆς
3057 5029 3328 5100 ἁμαρτίας
3352 5029 3505 5090 ὅντες
3529 5027 3708 5082 ἐπιθυ-

497 5124 748 5172 ventores
775 5127 902 5172 sunt
934 5119 1200 5175 malorum
1223 5164 1236 5188 ,
1268 5123 1559 5179 educentcs
1588 5143 1618 5180 e
1645 5127 1902 5180 cordibus
1939 5127 2054 5181 suis

2161 5127 2348 5195 μηταὶ,
2381 5124 2668 5196 ἐφευρεταί
2692 5126 2798 5176 εἰσι
2828 5123 3033 5188 κακῶν,
3059 5121 3340 5190 ἐξάγοντες
3372 5125 3435 5175 ἐκ
3454 5122 3552 5192 ﬁt;
3581 5138 3709 5193 παρ’

496 5220 692 5278 pravas
731 5207 1100 5278 cogitationes.

2157 5217 2273 5281 δίας
2299 5216 2475 5270 αὐτῶν
2507 5214 2888 5286 διαλογισμοὺς
2920 5212 3207 5283 πονηρούς.

1403 5307 1708 5372 Addenda
1763 5317 1822 5372 et
1862 5311 2233 5392 corrigenda
2279 5329 2357 5373 ex
2393 5311 2532 5373 cod.
2571 5311 2769 5372 Vatic.

596 5400 649 5490 ἒ)
677 5400 1076 5490 ξένατὲςιθίθξ
1135 5473 1147 5488 .
1370 5477 1381 5490 .

1370 5477 1381 5490 .
1507 5487 1515 5490 Α
2225 5415 2303 5490 (Ἰ)
2335 5413 2750 5490 Καὶέινεξμίμις»
2782 5421 2884 5490 etc-

676 5473 898 5554 (ξι-ιξδρανς)
932 5473 1312 5554 βασιλεύοντας
1337 5477 1435 5541 εἰς,
1471 5487 1574 5534 etc.

2335 5483 2399 5554 Ν.
2415 5484 2518 5554 28,
2555 5472 2657 5535 Καὶ
2673 5472 2839 5554 ψυχαὶ
2854 5482 3032 5536 αὐτῶν
3052 5484 3218 5536 πᾶσαι
3234 5495 3407 5554 usque
3425 5480 3492 5535 ad
3516 5481 3710 5554 ﬁngis-3

682 5540 998 5624 :Eﬁeleitdt,
1025 5553 1127 5624 etc.
1423 5540 1426 5541 ν
2157 5574 2167 5606 ‹

2157 5540 2368 5624 ape-aa...
2386 5552 2450 5606 N.
2469 5540 2729 5624 29.juxt'a
2751 5540 3189 5624 "suprascriptam
3222 5540 3585 5624 divisionem":
3608 5540 3707 5624 ξίαι

600 5608 650 5707 ἓ)
682 5609 854 5664 Ρῦσαί
885 5630 977 5707 με,
1004 5613 1116 5675 καί,
1147 5623 1250 5669 etc.
2153 5645 2176 5694 Ἃ

631 5683 646 5707 \
676 5678 861 5707 "3--..
919 5685 1110 5707 ..-..ι..-.
2167 5699 2176 5707 .

2153 5608 2359 5707 χρυσῷ,
2395 5634 2508 5707 etc.
2632 5625 2720 5707 ὃς),
2752 5624 2814 5675 Αἱ
2836 5608 3084 5706 ¹ξιαρδίαῖ,
3116 5621 3330 5707 ςῗῐσιβ.
3360 5622 3447 5707 51,
3563 5620 3707 5702 αὐτοὶ

592 5679 622 5728 5
676 5678 861 5732 Πᾶσαν
881 5678 1130 5750 ἀνομίαν.

595 5683 649 5816 6)
680 5746 828 5816 Αὕτη
861 5751 974 5803 ἐστὶ
1006 5751 1084 5816 τὸ,
1116 5753 1167 5804 τί
1195 5754 1532 5816 ἁρπάσωσιν.
1559 5770 1664 5816 etc.
2157 5764 2168 5816 ἶ

2156 5678 2253 5747 ἓῖιθ
2264 5678 2431 5765 ρωποι
2464 5696 2512 5745 οἱ
2541 5695 2636 5763 τῆς
2661 5678 2947 5762 ἁμαρτίας,
2987 5678 3086 5748 ειοξ
3116 5690 3180 5744 Ν.
3216 5691 3313 5755 52,
3356 5678 3446 5744 υ(
3468 5689 3698 5743 διδάσκει·

2157 5764 2256 5816 λοι.
2290 5776 2390 5816 etc.
2427 5763 2490 5816 Ν.
2645 5765 2756 5816 Οὐκ
2785 5763 2896 5816 ἔστι
2918 5765 3036 5816 τινὰ
3065 5763 3314 5816 ἐπιϐῆναι
3342 5764 3474 5816 τοῖς.
3505 5770 3610 5816 etc.

574 5745 649 5816 (6)
680 5746 828 5820 Αὕτη
861 5745 1084 5822 ἐστι’τὸ,
1116 5753 1167 5804 τί
1195 5754 1532 5829 ἁρπάσωσιν,
1559 5770 1664 5819 etc.

2427 5763 2490 5816 Ν.
2779 5745 3314 5832 Ιἔρι’τινέπιεὶῆναί
3342 5764 3474 5829 τοῖς,
3505 5770 3609 5817 etc.
