3990 6208
367 352 506 411 1509

435 469 520 522 51.
561 469 622 520 υἰ
657 466 775 536 βόες
804 467 981 520 αὑτῶν
1013 471 1224 538 παχεῖς.

433 559 524 614 32.
556 560 668 612 Οὑκ
697 558 808 612 ἔστι
837 561 1172 630 κατάπτωμα
1204 559 1454 631 φραγμοῦ
1489 562 1607 614 οὑδὲ
1628 559 1874 626 διέξοδος

431 652 520 705 55.
552 651 684 704 Οὐδὲ
717 653 928 722 κραυγὴ
963 654 1018 703 ἐν
1046 653 1165 715 ταῖς
1194 652 1474 716 πλατείαις
1505 652 1703 706 αὐτῶν.

428 740 516 794 54.
557 741 927 812 Ἐμακάρισαν
952 742 1042 794 τὸν
1067 740 1212 805 λαὸν,
1247 735 1290 809 ᾦ
1315 742 1488 795 ταῦτά
1517 745 1630 796 ἐστι
1661 759 1674 772 '

429 831 515 886 55.
553 830 836 902 Μακάριος
864 833 891 883 6
919 831 1062 895 λαὸς,
1086 825 1146 885 οὗ
1180 831 1376 903 Κύριος
1408 834 1436 885 6
1465 833 1596 896 Θεὸς
1626 833 1812 888 αὑτοῦ.

631 942 875 1008 Αἰνεσις
898 941 976 1008 τῷ
1005 944 1198 998 Δαϐίδ.
1237 948 1409 1000 ΨΑΛ.
1447 949 1629 1000 PMA’.

427 1034 480 1087 1.
509 1032 586 1105 [In
615 1050 786 1104 marg.
819 1035 886 1089 ad
913 1052 1054 1091 vers.
1083 1035 1130 1091 1.
1160 1037 1341 1108 Ἀλέῳ]
1379 1038 1608 1107 ’Υψώσω
1628 1055 1706 1103 σε,
1730 1040 1758 1091 6
1785 1038 1917 1102 Θεός

360 1143 460 1196 μου
488 1126 516 1177 6
547 1126 795 1195 βασιλεύς
832 1143 931 1196 μου
952 1144 966 1157 ο

425 1218 480 1271 2.
513 1217 618 1272 Kal
643 1218 918 1290 εὐλογήσω
945 1220 1007 1273 τὸ
1027 1220 1196 1291 ὄνομά
1231 1239 1324 1275 σου
1360 1225 1438 1286 εἰς
1462 1224 1552 1277 τὸν
1584 1224 1778 1289 αἰῶνα,

425 1307 480 1363 5.
509 1309 617 1361 Kal
641 1311 720 1372 εἰς
747 1307 840 1362 τὸν
865 1310 1036 1364 αἰῶνα
1058 1311 1152 1364 τοῦ
1187 1313 1400 1376 αἰῶνος.

327 1399 337 1434 ί
425 1399 481 1454 4.
713 1399 843 1454 Καθ’
877 1399 1112 1471 ἑκάστην
1150 1403 1361 1474 ήμέραν
1392 1403 1669 1475 εὐλογήσω
1695 1421 1776 1471 σε,

425 1491 479 1545 5.
511 1490 615 1545 Kal
638 1491 836 1545 αἰνέσω
859 1489 918 1544 τὸ
950 1491 1120 1563 ὄνομά
1151 1509 1244 1546 σου
1269 1495 1349 1556 εἰς
1384 1495 1475 1546 τὸν
1500 1494 1670 1548 αἰῶνα
1691 1533 1707 1559 ,

1233 354 1321 408 DE
1360 353 1634 410 TITUHS
1673 353 2120 414 PSAIMORUM.
2160 384 2228 395 —-
2269 354 2465 412 PSAL.
2510 355 2736 412 CXLIV.

3458 359 3595 416 1510

1953 476 2000 531 Α
2098 468 2184 522 51.
2219 468 2388 523 Boves
2420 484 2610 523 eorum
2655 484 2871 525 crassae.

2096 558 2187 613 52.
2231 557 2349 612 Non
2383 568 2467 614 est
2505 560 2665 614 ruina
2700 561 2974 624 maceriae,
3007 575 3183 630 neque
3217 560 3523 618 transitus:

2094 649 2182 703 55.
2218 648 2404 720 Neque
2430 651 2638 706 clamor
2665 653 2717 704 iu
2745 653 2938 721 plateis
2967 666 3176 706 eorum.

2094 739 2183 795 54.
2227 739 2448 795 Beatum
2475 741 2731 794 dixerunt
2759 741 3040 811 populum,
3075 741 3164 796 cui
3190 741 3303 796 hac
3325 750 3490 796 sunt:

2093 832 2183 886 55.
2225 832 2426 888 Beatus
2469 832 2740 902 populus,
2780 834 2938 902 cujus
2990 832 3254 888 Dominus
3283 833 3425 889 Deus
3454 831 3595 903 ejus.

2237 945 2497 1000 Laudatio
2538 947 2638 1015 ipsi
2676 945 2867 1000 David.
2903 943 3104 1000 PSAL.
3135 943 3384 1001 CXLIV.

2100 1039 2151 1095 1.
2189 1039 2414 1112 [Μεριιί
2446 1039 2707 1096 Exaltabo
2744 1049 2814 1106 te,
2840 1039 2985 1096 Deus
3020 1055 3177 1095 meus
3215 1056 3308 1095 rex
3366 1055 3520 1095 meus
3551 1056 3566 1095 :

2090 1215 2146 1270 2.
2192 1216 2256 1270 Et
2285 1215 2601 1271 bcnedicam
2633 1216 2841 1272 nomini
2883 1225 2974 1271 tuo
3007 1215 3063 1270 in
3095 1216 3384 1281 saeculum,

2095 1309 2149 1362 5.
2193 1309 2256 1361 Et
2295 1308 2347 1362 in
2389 1309 2643 1363 saeculum
2678 1309 2883 1364 saeculi.

2095 1398 2149 1450 4.
2193 1391 2374 1468 [Βειιι]
2395 1395 2496 1451 Per
2521 1398 2764 1466 singulos
2789 1398 2904 1451 dies
2927 1397 3241 1452 benedicam
3273 1396 3366 1451 tib‘

2095 1489 2147 1542 5.
2190 1489 2256 1544 Et
2293 1489 2526 1545 laudabo
2565 1505 2762 1545 nomen
2804 1499 2955 1544 tuum
2995 1490 3049 1544 in
3090 1490 3384 1554 saculum,

1459 1601 1838 1658 ATHANASII
1873 1598 2468 1656 INTERPRETATIO.

421 1715 510 1769 31.
535 1715 598 1768 Οἱ
626 1715 928 1769 διδάσκαλοι
954 1717 1130 1772 αὑτῶν
1160 1707 1539 1783 σπάταλῶντες
1569 1721 1627 1772 ὲν
1671 1721 1792 1781 ταῖς
1827 1718 1911 1770 εὑο
1942 1725 1952 1778 ]

2083 1715 2173 1770 51.
2211 1715 2456 1786 Magistri
2484 1711 2691 1771 eorum
2732 1716 3074 1771 luxuriantes
3127 1716 3184 1768 in
3238 1714 3594 1770 comessatio-

353 1806 542 1875 ωχῐαις
558 1805 757 1870 αὑτῶν,
780 1808 874 1859 καὶ
893 1808 1355 1879 μεγαλαυχοῦντες
1368 1810 1507 1862 κατὰ
1522 1811 1621 1879 τῆς
1638 1809 1914 1881 ἀληθείας.

423 1894 510 1947 52.
546 1892 662 1947 Οὐκ
688 1893 802 1948 ἔστι
829 1895 952 1948 τινὰ
985 1898 1246 1967 ὲπιμῆναι
1265 1899 1377 1960 τοῖς
1407 1900 1680 1968 κτήμασιν
1711 1899 1912 1961 αὐτῶν,

350 1984 470 2037 οὑδὲ
501 1985 790 2057 παρελθεῖν
823 1989 1034 2052 ἑαυτοῖς
1055 2007 1068 2022 ’
1103 1990 1250 2062 πάσῃ
1287 1990 1394 2060 γὰρ
1428 1989 1641 2061 φυλακῇ
1688 1989 1916 2060 τηροῦν-

350 2092 460 2128 ται.

419 2167 506 2219 55.
538 2166 670 2219 Οὑδέ
710 2185 830 2220 τινα
853 2167 1116 2240 τολμῆσαι
1153 2171 1213 2224 ὲν
1238 2173 1356 2233 ταῖς
1384 2170 1459 2242 (1)
1484 2170 1678 2234 οἰκίαις
1703 2170 1879 2224 αὑτῶν
1898 2186 1913 2201 ⁶

347 2257 603 2310 τοσοῦτον
624 2258 786 2326 φόϐον
819 2259 1057 2330 ἔχουσιν.

416 2348 504 2404 54.
537 2349 641 2403 Kal
683 2351 866 2406 λοιπὸν
896 2353 944 2405 οἱ
973 2353 1245 2425 ἅνθρωποι
1271 2354 1634 2425 ὲμακάρισαν,
1668 2347 1712 2422 ᾧ
1744 2355 1918 2410 ταῦτα

348 2438 588 2511 ὑττηῖιρξβν

419 2534 507 2587 55.
546 2533 690 2602 Ἐγω
717 2535 774 2588 δὲ
799 2535 946 2604 λέγω
969 2553 981 2565 ⁸
1016 2538 1300 2606 Μακάριος
1327 2540 1356 2591 6
1386 2537 1533 2602 λαὸς,
1578 2530 1638 2592 οὗ
1668 2538 1864 2610 Κυριος
1888 2541 1917 2594 6

347 2623 478 2688 Θεὸς
510 2627 696 2692 αὑτοῦ,
735 2627 964 2691 πλοῦτος
991 2629 1155 2682 αὑτοῦ
1196 2631 1289 2683 καὶ
1329 2631 1454 2696 δόξα
1507 2631 1764 2702 ὑπάρχων
1817 2631 1910 2702 (2).

349 2714 454 2769 Kal
486 2716 660 2780 ἄλλως
687 2717 744 2770 δὲ
773 2718 888 2772 ἐστι
918 2718 1191 2790 θεωρῆσαι
1223 2722 1352 2785 τοὺς
1381 2725 1771 2794 προκειμένους
1806 2725 1919 2778 στί-

347 2821 477 2876 χους
510 2805 668 2860 πάλιν
706 2808 787 2870 εἰς
817 2808 941 2871 τοὺς
971 2809 1158 2876 ἁγίους
1181 2811 1344 2884 αὑτοῦ
1367 2827 1380 2840 ·
1413 2813 1624 2866 ὅτιτῶν
1663 2816 1759 2884 μὲν
1797 2816 1916 2869 δαι-

350 2892 527 2960 μόνων
554 2896 622 2948 τὰ
656 2898 903 2969 πρόϐατα
937 2900 1029 2952 καὶ
1061 2901 1110 2951 οἱ
1139 2900 1259 2968 βόες
1298 2903 1428 2967 εἰσὶ,
1459 2903 1600 2957 καθὰ
1625 2905 1919 2974 ἑρμηνεύε-

347 3001 436 3038 ται
471 2989 595 3058 περί
626 2989 804 3043 αὑτῶν
825 3007 838 3020 ο
865 2993 922 3042 ὲν
950 2991 1005 3043 δὲ
1026 2993 1139 3053 τοῖς
1171 2992 1398 3056 δικαίοις
1446 2995 1545 3047 οὑκ
1584 2995 1664 3048 ἔτι
1696 2997 1794 3065 τὴν
1831 2997 1918 3066 βο-

351 3075 741 3150 ήθειαν[βόσκη
751 3079 847 3151 μα]
872 3080 1048 3134 αὑτῶν
1073 3081 1465 3154 παλαιωθῆναι,
1490 3085 1584 3139 καὶ
1601 3090 1784 3139 πεσεῖν
1802 3087 1914 3158 [βό-

349 3167 530 3239 σκειν]
565 3185 577 3197 ’
604 3169 754 3223 οὐδὲν
785 3171 892 3243 γὰρ
929 3172 1303 3243 ὑπερηφανίας
1321 3175 1378 3226 ὲν
1402 3178 1520 3238 ταῖς
1540 3175 1800 3242 διανοίαις
1824 3181 1917 3233 αὑ-

344 3259 454 3313 τῶν
481 3278 494 3290 ο
527 3262 866 3334 ὲμακάρισαν
915 3267 972 3318 αἰ
1007 3266 1252 3337 Γραφαὶ,
1279 3260 1324 3334 ᾧ
1354 3268 1529 3322 ταῦτα
1562 3270 1797 3341 ὑπάρχει
1836 3272 1917 3325 λέ-

346 3367 557 3420 γουσαι·
587 3354 885 3424 Μακάριος
913 3359 947 3411 ὁ
971 3356 1138 3424 λαὸς,
1156 3353 1227 3414 οὗ
1257 3360 1470 3429 Κύριος
1497 3363 1530 3416 ὀ
1547 3361 1688 3429 Θεὸς
1705 3363 1910 3418 αὐτοῦ.

2025 1805 2184 1860 nibus
2212 1806 2351 1868 suis,
2383 1814 2438 1861 et
2467 1807 2762 1874 gloriantes
2799 1816 2987 1860 contra
3013 1806 3312 1859 veritatem.

2091 1896 2183 1953 '52.
2223 1895 2344 1951 Non
2397 1907 2484 1952 est
2537 1899 2630 1966 qui
2681 1898 3061 1967 possessiones
3118 1911 3306 1950 eorum
3351 1895 3591 1960 invadat,

2021 1999 2197 2055 neque
2233 2000 2328 2041 eas
2372 1995 2761 2059 pertranseat:
2797 1987 2947 2042 omni
2993 1987 3139 2040 enim
3187 1985 3431 2040 custodia
3473 2001 3590 2042 ser-

2021 2085 2237 2131 vantur.

2090 2167 2179 2222 55.
2213 2167 2397 2239 Neque
2428 2169 2699 2240 quispiam
2751 2170 2806 2224 in
2856 2184 3045 2224 eorum
3090 2168 3354 2224 domibus
3388 2167 3594 2239 aliquid

2019 2259 2204 2324 audet,
2247 2260 2383 2316 adeo
2416 2261 2540 2316 illos
2572 2276 2764 2316 omnes
2793 2261 3006 2316 timent.

2089 2354 2178 2408 54.
2215 2353 2281 2408 Et
2330 2355 2550 2410 demum
2595 2356 2814 2410 beatum
2865 2355 3114 2410 homines
3169 2354 3459 2420 dixerunt,
3503 2353 3592 2408 cui

2019 2445 2148 2499 talia
2178 2455 2328 2501 sunt.

2088 2535 2184 2588 55.
2214 2535 2329 2606 Ego
2351 2544 2532 2592 autem
2559 2536 2683 2592 dico
2714 2555 2727 2592 :
2755 2537 2959 2594 Beatus
2992 2538 3224 2608 populus
3244 2578 3260 2603 ,
3300 2537 3460 2605 cujus
3480 2533 3592 2588 Do-

2019 2626 2203 2682 minus
2233 2626 2377 2683 Deus
2421 2629 2542 2699 ejus
2576 2629 2777 2683 divitiae
2823 2629 2996 2699 ipsius
3040 2637 3094 2682 et
3136 2627 3306 2698 gloria
3351 2625 3588 2681 exsistit.

2018 2716 2086 2770 Et
2133 2719 2293 2773 aliter
2343 2719 2506 2774 etiam
2561 2720 2885 2790 praipositos
2934 2735 3124 2774 versus
3173 2717 3462 2789 allegorice
3506 2717 3591 2770 in—

2021 2812 2309 2880 terpretari
2345 2812 2542 2866 iterum
2592 2812 2718 2866 licet
2754 2811 2820 2865 de
2865 2811 3072 2865 sanctis
3123 2810 3244 2879 ejus
3283 2827 3297 2863 :
3331 2808 3589 2878 quoniam

2019 2901 2328 2958 daemonum
2366 2904 2586 2974 quidem
2628 2919 2758 2959 oves
2783 2943 2798 2969 ,
2839 2912 2894 2958 et
2928 2903 3092 2958 boves
3116 2911 3263 2967 sunt,
3289 2901 3590 2956 secundum

2021 2996 2165 3062 quod
2219 2997 2508 3067 allegorice
2557 2997 2624 3051 de
2678 2996 2810 3066 ipsis
2845 2997 3294 3065 interpretantur.
3329 2994 3389 3047 In
3422 2992 3589 3062 justis

1943 3072 1985 3129 (ἶ
2018 3094 2199 3140 autem
2244 3101 2352 3140 non
2399 3087 2633 3156 amplius
2674 3086 2934 3140 auxilium
2969 3084 3181 3157 [pecus]
3224 3100 3413 3138 eorum
3445 3092 3590 3137 vete-

2026 3191 2278 3238 rascere,
2313 3185 2367 3231 et
2393 3177 2590 3231 cadere
2627 3173 2929 3248 {pascere};
2962 3175 3106 3228 nulla
3153 3174 3296 3228 enim
3334 3171 3587 3241 superbia

2016 3269 2074 3323 iu
2116 3269 2390 3322 mentibus
2430 3283 2655 3334 eorum;
2696 3267 2910 3321 beatum
2959 3266 3214 3320 dixerunt
3265 3263 3584 3332 Scriptura,

2017 3357 2106 3413 cui
2136 3356 2250 3410 haec
2281 3363 2429 3422 sunt,
2460 3355 2704 3409 dicentes
2735 3370 2751 3409 :
2788 3352 2981 3406 Beatus
3012 3350 3233 3422 populus
3255 3391 3270 3418 ,
3300 3350 3451 3414 cuius
3479 3349 3589 3402 Do-

2016 3450 2188 3503 minus
2224 3447 2360 3500 Deus
2395 3445 2529 3515 ejus.

425 3536 492 3589 Ἦ
525 3539 857 3610 προκειμένη
891 3542 1168 3613 ἐπιγραφὴ
1196 3545 1439 3615 περιέχει
1477 3546 1587 3614 (5)·
1622 3547 1871 3612 Atr-emt;
1906 3545 1984 3611 τῷ
2018 3545 2217 3611 Δαϐἰδ,
2269 3543 2514 3595 τουτέστι
2542 3541 2622 3606 τῷ
2658 3539 2843 3600 Marti}
2875 3539 2951 3612 τῇ
2981 3541 3155 3611 χειρὶ,
3211 3538 3289 3610 τῷ
3334 3537 3448 3608 Υἱῷ
3492 3533 3588 3588 τοῦ

347 3628 481 3682 Θεοῦ
501 3646 514 3658 ·
549 3631 708 3683 τοῦτο
730 3632 840 3703 γὰρ
869 3634 1230 3703 ἑρμηνεύεται
1265 3637 1463 3700 Δαϐὶδ,
1491 3637 1567 3700 ὡς
1605 3639 1864 3702 πολλάκις
1889 3641 2212 3710 εἰρήκαμεν.

417 3721 630 3777 Titulus
662 3723 986 3793 praapositus
1009 3726 1254 3780 continet
1285 3743 1300 3780 :
1336 3725 1478 3781 Laus
1497 3726 1692 3792 David,
1728 3730 1834 3784 hoc
1858 3737 1943 3782 est
1973 3743 2132 3780 manu
2162 3726 2314 3795 forti,
2352 3724 2406 3779 id
2428 3732 2513 3779 est
2537 3722 2635 3779 Dei
2661 3722 2840 3779 Filio:
2874 3724 2948 3778 ita
2997 3723 3141 3777 enim
3197 3722 3586 3791 interpretatur

348 3816 542 3880 bavid,
572 3825 631 3870 ut
658 3817 858 3888 saepius
891 3818 1130 3873 diximus
1161 3818 1267 3889 (ᾖ).

419 3909 468 3962 1.
503 3909 721 3976 Δοξάσω
748 3928 805 3963 σε
829 3953 844 3978 ,
879 3913 908 3965 6
941 3912 1071 3976 Θεὸς
1114 3913 1188 3983 (4)
1223 3914 1251 3965 6
1285 3912 1540 3983 βασιλεύς
1562 3932 1686 3986 μου,
1717 3917 1746 3968 6
1768 3916 1912 3969 διδά-

350 4000 446 4065 ξας
471 4017 539 4069 με
572 4000 769 4067 γνῶναι
789 4016 804 4030 ·
831 4001 893 4054 τὺ
914 4001 1025 4074 γὰρ
1064 4004 1470 4074 παρακείμενον
1502 4005 1578 4076 τῷ
1606 4007 1773 4076 στίχῳ
1798 4006 1916 4058 δνο-

351 4107 426 4159 μα
447 4089 506 4141 τὸ
538 4088 706 4158 Ὰλὲφ
733 4090 1090 4160 ἑρμηνεύεται
1118 4090 1506 4146 διδασκαλία.

418 4179 470 4232 2.
514 4177 602 4233 Ἐν
623 4181 700 4250 (5)
730 4179 807 4251 τῷ
838 4180 956 4245 νῦν,

418 4269 470 4323 5.
501 4268 604 4322 Kal
635 4273 692 4323 έν
715 4271 792 4342 τῷ
822 4272 1064 4342 μέλλοντι
1082 4274 1257 4328 αἰῶνι.

418 4361 471 4414 4.
506 4359 638 4414 Καθ’
665 4364 901 4435 ἑκάστην
930 4365 1127 4437 πρᾶξιν
1157 4366 1252 4419 τοῦ
1278 4366 1453 4436 φωτός
1493 4385 1586 4420 σου
1625 4367 1832 4434 δοξάσω
1854 4384 1916 4420 σε

350 4453 409 4505 ὲν
436 4455 503 4522 τῇ
525 4453 721 4524 καρδίᾳ
758 4471 856 4524 μου
883 4455 958 4526 (6)
983 4471 995 4483 ‘
1024 4456 1182 4510 τοῦτο
1209 4457 1318 4529 γὰρ
1360 4457 1511 4528 δηλοῖ
1539 4461 1572 4530 ή
1611 4459 1849 4530 συλλαϐὴ
1881 4463 1914 4530 ή

350 4545 730 4615 παρακειμένη
776 4545 854 4615 τῷ
893 4546 1092 4618 στίχῳο
1139 4549 1496 4620 ἑρμηνεύεται
1543 4551 1650 4624 γὰρ
1679 4553 1738 4606 τὸ
1766 4553 1912 4621 Βὴθ,

352 4633 535 4703 οἶκος,
569 4639 705 4710 ὅπερ
729 4639 876 4692 ἐστὶν
904 4641 937 4711 ἡ
977 4641 1186 4712 καρδία.

423 4729 476 4783 5.
507 4729 581 4782 Οὑ
610 4730 859 4803 διαλείψῃ
888 4731 1052 4801 ὕμνος
1092 4735 1158 4786 ὲκ
1189 4732 1282 4786 τοῦ
1319 4733 1584 4805 στόματός
1616 4751 1716 4805 μου
1746 4735 1913 4786 ὲκποιο

355 4821 640 4892 ρευόμενος
665 4824 722 4875 ὲν
750 4823 826 4893 (7)
852 4823 927 4894 τῷ
947 4822 1040 4876 νῦν
1065 4824 1244 4881 αἰῶνι.

2090 3915 2143 3969 1.
2185 3913 2513 3969 Gloriﬁcabo
2543 3921 2630 3978 te,
2660 3910 2804 3967 Deus
2841 3925 2936 3966 rex
2981 3924 3135 3964 meus
3160 3949 3174 3972 ,
3209 3909 3303 3979 qui
3349 3908 3582 3962 docuisti

2017 4021 2106 4059 me
2137 4004 2421 4059 scientiam
2454 4023 2468 4058 :
2497 4018 2622 4057 nam
2646 4017 2844 4056 nomen
2875 4001 3040 4071 Aleph
3065 4001 3242 4057 versui
3283 3999 3584 4069 ascriptum

2019 4093 2405 4163 interpretatur
2439 4093 2701 4146 doctrina.

2088 4185 2144 4239 2.
2177 4184 2230 4237 1n
2262 4184 2511 4253 praesenti
2537 4225 2552 4250 ,

2091 4278 2147 4335 5.
2185 4277 2248 4332 Et
2286 4279 2339 4331 in
2387 4278 2570 4331 futuro
2604 4276 2821 4331 saeculo.

2090 4368 2145 4422 4.
2192 4367 2504 4424 Secundum
2552 4367 2798 4437 singulas
2835 4365 3081 4421 actiones
3112 4365 3251 4420 lucis
3287 4373 3393 4420 tute
3419 4364 3579 4434 glori-

2018 4459 2196 4515 ﬁcabo
2227 4471 2278 4515 te
2311 4461 2363 4514 in
2400 4457 2564 4515 corde
2594 4475 2735 4524 meo,
2777 4459 2882 4513 hoc
2910 4459 3053 4512 enim
3079 4458 3348 4528 signiﬁcat
3377 4457 3581 4528 syllaba

2017 4552 2202 4606 versui
2243 4551 2493 4621 apposita
2535 4569 2551 4606 :
2588 4550 2720 4604 Beth
2762 4550 2907 4604 enim
2943 4549 3330 4619 interpretatur
3373 4549 3578 4614 domus,

2017 4658 2140 4714 qua:
2171 4650 2254 4698 est
2287 4659 2400 4698 cor.

2088 4735 2147 4788 5.
2185 4733 2304 4788 Non
2337 4733 2574 4788 cessabit
2602 4735 2838 4805 hymnus
2866 4732 3123 4804 prodiens
3154 4747 3219 4788 ex
3251 4745 3342 4786 ore
3366 4744 3491 4785 meo
3522 4729 3576 4784 in

2018 4827 2273 4896 praesenti
2313 4826 2534 4881 satculo.

1259 4936 1569 4999 Addenda
1617 4943 1679 4998 et
1731 4936 2108 5016 corrigenda
2164 4953 2241 4996 ex
2273 4936 2414 4999 cod.
2450 4936 2652 4998 Vatie.

421 5039 496 5107 (1)
531 5039 812 5109 Τολμῆσαι
841 5039 1070 5110 λαλῆσαι
1096 5042 1154 5094 ὲν
1185 5044 1328 5104 ταῖς,
1363 5050 1466 5096 etc.

420 5111 498 5230 (Ξέ
527 5110 660 5174 Δόξα
702 5109 848 5194 ὑπάρ
887 5109 1099 5174 st,etc.,
1129 5112 1210 5164 ὅτι
1234 5112 1342 5164 τῶν
1358 5113 1464 5232 ἑιὲν
1490 5110 1816 5180 εὐδαιμόνων
1847 5109 1916 5163 τὰ

352 5179 746 5250 πρόξατα,καὶ
773 5195 827 5250 αι
851 5128 999 5249 ἒόες,
1040 5189 1168 5242 etc.,
1218 5181 1316 5234 οὑκ
1389 5199 1474 5233 στι
1524 5179 1621 5250 τὴν
1664 5180 1916 5250 βοήθειαν

352 5180 619 5265 πρόϐατα,
651 5180 746 5232 καὶ
773 5180 827 5231 αἱ
861 5180 999 5249 βόες,
1040 5189 1168 5242 etc.,
1218 5181 1316 5234 οὑκ
1358 5180 1474 5233 ἐστι
1524 5180 1621 5250 τὴν
1664 5180 1914 5250 βοήθειαν

347 5248 949 5331 αυτῶνιπαλαιωξῇναι,
982 5250 1332 5331 καὶῃπεσεῖν,
1371 5251 1491 5331 οὐδὲ
1527 5251 1784 5331 τελευτὴν
1813 5251 1914 5331 αὑ-

347 5319 490 5390 τῶνᾷ·
519 5320 607 5390 ἀεὶ
642 5319 752 5390 γάρ
774 5317 939 5382 ζῶσιν
959 5335 971 5348 ·
1003 5319 1123 5390 οὑδὲ
1147 5321 1495 5390 ὑπερηφανία
1523 5321 1581 5374 ὲν
1615 5317 1755 5383 ταῖς
1773 5329 1878 5374 etc.

422 5388 498 5452 (5)
539 5389 602 5460 Ἡ
637 5387 731 5460 διᾷ
761 5390 860 5457 τῆς
896 5387 1267 5460 κινναϐάρεως
1294 5387 1908 5460 περιέχειηειοηίείρή-

349 5474 544 5528 καμεν,
577 5459 755 5522 ἱκανὸς
784 5460 946 5529 χειρὶ,
973 5461 1108 5530 ὅπερ
1131 5458 1280 5511 ἐστὶν
1303 5461 1331 5512 6
1360 5458 1485 5522 Υἱὸς
1511 5458 1603 5511 τοῦ
1628 5458 1780 5513 Θεοῦ.

2094 5040 2169 5110 (4)
2213 5041 2269 5093 Ὀ
2295 5040 2425 5103 Θεός
2460 5057 2579 5109 μου,
2603 5049 2708 5093 etc.
2744 5041 2772 5092 6
2793 5037 3009 5104 διδάξας
3039 5054 3104 5107 με
3125 5037 3320 5104 γνῶσιν
3341 5052 3355 5067 ι
3381 5035 3446 5088 τὸ
3469 5035 3576 5106 γὰρ

2018 5110 2516 5183 τῆς-γκινναςῖάρεως
2539 5110 2960 5183 παρακείμενον,
2995 5119 3093 5162 etc.

2092 5129 2119 5173 ς
2149 5127 2375 5163 κινναυα
2415 5127 2516 5172 εως
2539 5127 2960 5180 παρακειμενον,
2995 5127 3093 5162 etc.

2092 5181 2166 5252 {5)
2200 5179 2265 5232 N.
2298 5127 2433 5241 2,9
2472 5179 2577 5232 Kal
2693 5178 2768 5252 τῶ
2786 5179 2898 5252 νῦν,
2923 5187 3060 5252 εἰς..
3093 5175 3265 5228 αἰῶνι.

2088 5244 2162 5338 (6)
2194 5255 2321 5305 Mov
2345 5251 2515 5313 deest,
2547 5244 2780 5320 συλλαϐὴ
2803 5251 2834 5318 ή
2861 5247 2949 5300 διὰ
2983 5247 3081 5317 τῆς
3105 5244 3469 5316 κινναϐάρεως
3499 5245 3576 5315 τῷ

2091 5339 2188 5389 ιχῳ
2213 5320 2612 5389 παρακειμένη,
2637 5329 2742 5373 etc.
2789 5387 2796 5389 _
3156 5384 3166 5389 Α
3215 5385 3226 5389 Δ
3535 5385 3545 5389 _

2527 5338 2612 5392 νη,
2637 5329 2742 5373 etc.

2020 5337 2450 5391 ottxqrttapaitet

2091 5339 2188 5391 ιχῳ
2213 5338 2289 5373 πα
2329 5338 2612 5392 ακειμενη,
2637 5338 2742 5373 etc.

2086 5339 2162 5460 (4)
2192 5389 2258 5446 Ν.
2288 5338 2342 5452 ἕ,
2373 5389 2423 5443 6.
2459 5390 2670 5460 Comm.
2707 5387 2903 5460 unicus
2933 5427 2946 5441 .
2982 5426 2996 5441 .
3033 5384 3178 5460 ._atal
3210 5385 3268 5438 ἐν
3303 5401 3354 5437 τ.
3401 5403 3447 5440 ν.
3492 5385 3571 5440 αἶ.

2013 5456 2105 5514 καὶ
2132 5456 2180 5516 ἑ.
2209 5478 2257 5515 τ.
2297 5478 2352 5515 α.
2383 5461 2474 5514 καὶ
2494 5462 2571 5524 εἰς
2588 5458 2687 5522 τὰς
2708 5457 2956 5520 αἰωνίους
2987 5456 3154 5519 αὐλάς
3181 5471 3294 5508 σου.

420 5592 502 5663 (ﬂ
527 5593 770 5660 Quatuor
806 5596 1047 5664 psalmos
1076 5596 1376 5652 secundum
1404 5595 1650 5650 ordinem
1685 5596 2032 5652 Hebraeorum
2066 5596 2304 5665 incipere
2334 5596 2748 5661 elementorum,
2800 5604 2901 5650 etc.
2948 5594 3005 5648 In
3045 5591 3340 5649 centesimo
3362 5590 3571 5665 decimo

348 5662 544 5718 octavo
575 5662 824 5738 psalmo,'
844 5667 1086 5738 singulas
1116 5669 1322 5738 litteras
1356 5667 1536 5738 octoni
1570 5682 1761 5722 versus
1790 5675 2109 5736 sequuntur.
2155 5662 2217 5738 In
2248 5667 2570 5738 (centesimo
2624 5665 3046 5738 quadragesimo
3107 5671 3305 5734 quarto
3372 5662 3569 5732 singuli

348 5747 540 5789 versus
558 5733 906 5805 deputantur.
938 5733 1086 5795 Hier.
1121 5738 1172 5792 in
1200 5736 1368 5808 Epist.
1399 5736 1464 5792 ad
1499 5735 1744 5804 Paulam,
1783 5738 1849 5794 de
1867 5733 2160 5807 interpret.
2196 5736 2424 5807 Alphab.
2472 5734 2632 5792 l‘lcbr.
