3990 6208
259 293 398 348 1515

1118 293 1203 346 DE
1244 288 1520 347 TITULIS
1557 287 2010 346 PSALMORUM.
2050 318 2118 329 -—
2156 287 2352 343 PSAL.
2397 285 2626 344 CXLIV.

3357 283 3495 338 15Ιό

333 414 415 467 16.
453 412 633 484 [Ἢθ]
669 413 764 466 Ka‘v
805 415 871 483 τῇ
900 413 1212 486 δικαιοσύνῃ
1245 430 1337 466 σου
1360 409 1793 481 ἅγαλλιάσονται.
1849 415 1877 472 Δ

1991 410 2078 464 16.
2113 408 2295 480 [Heth]
2337 406 2402 461 Et
2437 406 2651 476 justitia
2678 415 2769 460 tua
2794 405 3166 460 exsultabunt.

334 506 421 559 17.
451 505 759 576 Οίκτίρμων
792 507 885 560 καὶ
914 505 1159 576 ἐλεήμων
1190 507 1218 558 ὁ
1253 503 1472 576 Κύριος,

333 597 418 652 18.
453 598 815 668 Μακρόθυμος
837 598 930 652 καὶ
963 597 1264 660 πολυὲλεος.

333 689 417 743 19.
452 689 697 758 Χρηστδς
725 689 920 760 Κύριος
947 692 1059 751 τοῖς
1089 689 1362 759 σύμπασι,

331 781 419 832 20.
441 777 543 830 Kal
565 779 612 831 οἱ
629 779 897 848 οἱκτιρμοὶ
918 777 1077 830 αύτοῦ
1098 777 1187 828 ἐπὶ
1206 777 1380 830 πάντα
1397 775 1468 829 τὰ
1489 776 1624 848 ἔργα
1638 776 1730 830 αύτ
1740 775 1820 828 οὗ.

331 872 419 923 21.
453 868 635 940 [Ἰὼθ]
667 867 1279 939 Ἐξομολογησάσθωσάν
1310 884 1409 932 σοι,
1443 865 1632 940 Κύριε,
1652 867 1825 919 πάντα

249 961 331 1014 τὰ
361 961 495 1030 ἔργα
530 975 644 1023 σου,
864 965 868 974 '

331 1051 417 1106 22.
454 1051 656 1123 [Χάμ]
687 1049 790 1102 Kal
821 1050 869 1102 oi
901 1049 1036 1103 ὅσιοί
1064 1067 1154 1102 σου
1185 1047 1635 1117 εύλογησάτωσάν
1669 1065 1748 1103 σε.

330 1143 415 1196 25.
452 1142 616 1206 Δόξαν
645 1142 742 1211 τῆς
772 1141 1044 1211 βασιλείας
1075 1157 1164 1192 σου
1196 1139 1398 1210 ὲροῦσι,

333 1233 419 1286 24.
457 1232 689 1305 [Σαϐέδ]
717 1233 820 1286 Kal
847 1233 942 1303 τὴν
971 1229 1283 1284 δυναστείαν
1325 1247 1420 1282 σου
1447 1229 1755 1300 λαλήσουσι.

331 1324 421 1377 25.
451 1323 557 1376 Τοῦ
592 1325 854 1396 γνωρίσαι
897 1326 1010 1386 τοῖς
1062 1324 1196 1386 υἱοῖς
1241 1320 1347 1374 τῶν
1393 1320 1692 1393 ἀνθρώπων
1727 1319 1826 1391 τὴν

247 1416 571 1467 δυναστείαν
597 1432 688 1467 σου
713 1456 727 1476 ,

331 1507 420 1559 26.
453 1505 554 1558 Kal
588 1505 683 1575 τὴν
721 1505 874 1570 δόξαν
902 1503 1001 1576 τῆς
1034 1503 1506 1576 μεγαλοπρεπείας
1535 1502 1633 1572 τῆς
1677 1500 1828 1572 βασι-

251 1596 410 1660 λείας
450 1614 562 1650 σου.

332 1689 421 1743 27.
467 1689 527 1740 Ἢ
557 1688 799 1758 βασιλεία
827 1705 917 1741 σου
948 1688 1188 1758 βασιλεία
1211 1686 1430 1744 πάντων
1459 1684 1564 1738 τῶν
1593 1683 1822 1750 αἰώνων,

332 1779 419 1833 28.
453 1778 555 1833 Kal
582 1782 614 1850 ἡ
649 1779 932 1834 δεσποτεία
963 1797 1055 1833 σου
1088 1783 1144 1833 ὲν
1167 1780 1318 1854 πάσῃ
1344 1779 1505 1850 γενεᾷ
1527 1777 1620 1830 καὶ
1640 1775 1820 1846 γενεᾷ,

2002 500 2090 554 17.
2125 498 2409 552 Miserator
2438 506 2493 551 et
2531 495 2838 550 misericors
2863 494 3160 558 Dominus,

2001 593 2088 649 l8.
2131 591 2211 662 [τι]
2247 589 2464 644 Patiens
2486 597 2540 642 et
2577 586 2808 642 multum
2841 588 3176 646 misericors.

2001 684 2087 738 19.
2122 682 2214 755 [7:]
2248 682 2440 738 Suavis
2472 681 2731 737 Dominus
2765 681 3032 736 universis
3055 721 3070 745 .

1999 776 2091 828 20.
2125 775 2192 828 Et
2221 773 2596 829 miserationes
2616 773 2734 842 ejus
2765 787 2925 842 super
2949 772 3129 827 omnia
3161 787 3324 843 opera
3348 771 3487 842 ejus.

2000 866 2086 918 2i.
2136 864 2308 936 [Joth]
2361 863 2736 920 Conﬁteantur
2797 865 2932 932 tibi,
2985 863 3244 930 Domine,
3308 867 3489 922 omnia

1931 971 2094 1027 Opera
2137 966 2224 1010 tua
2247 995 2262 1019 ,

2002 1048 2090 1101 22.
2132 1047 2187 1119 [3
2220 1046 2378 1119 Kam]
2413 1045 2477 1100 Et
2504 1045 2677 1100 sancti
2711 1046 2789 1100 tui
2823 1045 3146 1101 henedicant
3182 1045 3298 1100 tibi.

2001 1141 2088 1196 23.
2126 1141 2364 1195 Gloriam
2395 1141 2544 1208 regni
2583 1139 2658 1192 tui
2685 1137 2897 1202 dicent,

2000 1231 2091 1285 24.
2126 1215 2179 1302 [‘7
2204 1229 2403 1301 Sabed]
2444 1230 2508 1284 Et
2541 1229 2832 1299 potentiam
2865 1235 3010 1283 tuam
3043 1229 3353 1299 lquentnr.

2000 1323 2088 1376 25.
2120 1320 2189 1376 Ut
2239 1331 2426 1376 notam
2460 1320 2662 1376 faciant
2702 1321 2828 1376 ﬁliis
2873 1321 3154 1376 hominum
3196 1322 3496 1392 potentiam

1932 1423 2078 1467 tuam
2099 1453 2114 1478 ,

2002 1505 2090 1556 26.
2132 1501 2195 1555 Et
2225 1503 2450 1572 gloriam
2481 1502 2892 1572 magniﬁcentiae
2931 1501 3078 1571 regni
3106 1502 3206 1556 tui.

2001 1593 2089 1646 27.
2123 1592 2366 1662 Regnum
2394 1602 2543 1646 tuum
2566 1631 2581 1656 ,
2620 1608 2846 1660 regnum
2873 1593 3115 1647 omnium
3146 1595 3492 1661 sae‘culorum,

2001 1682 2070 1735 28
2129 1682 2194 1735 Et
2223 1681 2517 1736 dominatio
2541 1689 2652 1748 tua,
2693 1681 2748 1735 in
2778 1682 2925 1736 omni
2966 1684 3312 1752 generatione
3330 1692 3385 1740 et
3406 1700 3498 1755 ge-

1935 1774 2236 1830 neratione.

1381 1992 1755 2051 ATHANASII
1792 1989 2381 2048 INTERPRETATIO.

339 2193 425 2248 16.
477 2193 585 2246 Kal
628 2196 693 2264 τῇ
737 2193 1048 2263 ἀνατροφῇ,
1178 2192 1486 2264 ἁνετράφης
1532 2191 1606 2261 (1)
1651 2193 1706 2244 ἐν
1753 2189 1877 2260 τῷ]

2004 2190 2090 2244 16.
2140 2189 2207 2245 Ει
2239 2189 2704 2244 conversationem
2728 2229 2744 2256 ,
2795 2203 2904 2259 qua
2953 2195 3306 2245 conversatus
3343 2206 3401 2246 es
3441 2192 3497 2248 in

261 2286 476 2355 κόσμῳ,
517 2284 778 2354 μαθόντες
807 2285 864 2335 ὲν
891 2284 1026 2353 αὐτῇ
1059 2283 1488 2337 πολιτεύσονται.
1538 2283 1600 2334 Ἠ
1628 2282 1734 2351 γὰρ
1756 2281 1832 2351 τῷ

261 2378 436 2446 στίχῳ
459 2376 837 2446 παρακειμένη
867 2375 1122 2445 συλλαϐὴ,
1153 2376 1188 2445 ἡ
1233 2374 1496 2444 λεγομένη
1546 2374 1690 2440 Χὴθ,
1743 2375 1832 2445 έρ-

265 2467 562 2540 μηνεύεται
594 2467 882 2532 ἔκστασις
915 2486 928 2500 ·
983 2467 1237 2528 ἔκστασις
1267 2465 1375 2536 γὰρ
1408 2461 1541 2535 εἶχε,
1576 2466 1668 2516 καὶ
1721 2463 1832 2533 ἔχει

262 2559 497 2624 πάντας,
541 2561 621 2613 ὅτι
649 2560 765 2611 ἐστὶ
794 2559 945 2626 Θεὸς,
976 2560 1069 2612 καὶ
1097 2561 1212 2622 τοῖς
1247 2557 1552 2630 ἀνθρώποις
1605 2557 1696 2610 ἐπὶ
1734 2557 1833 2628 τῆς

260 2653 372 2722 γῆς
411 2651 840 2722 συνανεστράφη.

340 2745 428 2810 17,
459 2744 544 2798 18.
580 2743 711 2796 Ἀπὸ
740 2743 847 2795 τῶν
871 2739 1230 2811 παθημάτων,
1259 2730 1338 2794 ὧν
1365 2737 1653 2809 ὑπέμεινεν
1694 2737 1832 2809 ὑπὲρ

263 2837 448 2908 ἡμῶν,
478 2835 769 2888 δείκνυται.

339 2927 427 2982 19.
467 2925 692 2995 Ἀγαθδς
714 2924 918 2995 Κύριος
939 2923 1048 2985 τοῖς
1076 2923 1240 2976 πᾶσιν
1269 2921 1590 2992 ἀνθρώποις.

338 3021 426 3076 20.
461 3020 565 3074 Kal
588 3023 638 3075 οί
665 3017 937 3091 οίκτιρμολ.
971 3017 1134 3071 αὐτοῦ
1163 3017 1257 3069 ἐπὶ
1292 3016 1468 3070 πάντα
1494 3015 1796 3087 ἄνθρωπον.

339 3193 429 3248 21.
477 3193 956 3264 Ἐξομολογήσουσι
987 3192 1186 3256 πάντες
1222 3194 1270 3246 oi
1305 3191 1599 3262 ἄνθρωποι,
1631 3193 1712 3244 ὅτι
1767 3193 1831 3245 σὺ

261 3279 323 3338 εἶ
345 3283 607 3354 κυριεύων
639 3284 854 3338 πάντων
876 3297 892 3315 ο
915 3282 1071 3336 τοῦτο
1086 3285 1192 3354 γὰρ
1218 3282 1457 3353 βούλεται
1477 3284 1535 3336 τὸ
1565 3281 1640 3353 τῷ
1661 3282 1829 3354 στίχῳ

263 3377 350 3448 (2)
397 3376 796 3448 παρακείμενον
837 3377 1004 3448 ὄνομα
1051 3375 1112 3429 τὸ
1152 3375 1440 3446 λεγόμενον
1479 3373 1638 3438 Ἰὼθ,
1672 3375 1700 3427 ὃ
1745 3376 1834 3446 έρ-

266 3467 563 3540 μηνεύεται
593 3469 900 3536 κυριεύων.

1933 2285 2169 2348 mundo,
2224 2284 2526 2339 ediscentes
2587 2282 2642 2336 in
2709 2284 2825 2351 ipsa
2863 2283 3068 2336 vivent.
3114 2280 3248 2337 Nam
3291 2285 3497 2354 syllaba

1931 2373 2111 2427 versui
2150 2374 2418 2441 ascripta,
2454 2388 2576 2442 quin
2634 2372 2836 2427 dicitur
2889 2372 3075 2434 Cheth,
3112 2373 3498 2443 interpretatur

1931 2473 2114 2531 stupor
2146 2477 2164 2512 :
2190 2471 2380 2532 stupor
2407 2462 2550 2515 enim
2584 2461 2806 2526 habuit,
2838 2469 2891 2516 et
2931 2462 3091 2515 habet
3117 2477 3328 2528 omnes,
3353 2463 3498 2531 quod

1932 2552 2073 2609 Deus
2111 2563 2194 2610 est
2219 2595 2234 2622 ,
2273 2562 2327 2608 et
2364 2569 2490 2608 cum
2531 2553 2842 2608 hominibus
2871 2552 2926 2606 in
2960 2561 3103 2608 terra
3134 2563 3494 2610 conversatus

1929 2655 2032 2701 est.

2001 2737 2089 2800 17,
2133 2736 2216 2792 18.
2261 2736 2338 2793 Ex
2378 2738 2446 2794 iis
2484 2754 2607 2810 quae
2643 2753 2742 2810 pro
2769 2739 2926 2794 nobis
2963 2751 3159 2809 passus
3191 2747 3294 2807 est,
3324 2748 3502 2797 osten-

1930 2827 2098 2885 ditur.

1998 2921 2087 2975 19.
2129 2921 2314 2978 Bonus
2346 2921 2607 2976 Dominus
2636 2937 2764 2992 erga
2799 2937 2990 2977 omnes
3031 2921 3302 2978 homines.

1999 3013 2089 3069 20.
2126 3014 2192 3068 Et
2229 3013 2609 3068 miserationes
2663 3012 2780 3082 ejus
2835 3027 2991 3082 super
3053 3026 3271 3066 omnem
3322 3010 3501 3065 humi-

1931 3118 2076 3158 nenL

1999 3203 2087 3257 2i.
2125 3202 2534 3258 Conﬁtehuntur
2582 3217 2772 3256 omnes
2810 3201 3096 3265 homines,
3141 3200 3397 3271 quoniam
3439 3209 3498 3253 tu

1931 3309 1988 3349 es
2026 3293 2334 3350 dominator
2367 3295 2643 3359 omnium;
2695 3294 2799 3348 hoc
2861 3293 3004 3348 enim
3075 3293 3342 3361 signiﬁcat
3404 3308 3502 3344 no-

1933 3401 2058 3440 men
2089 3384 2217 3440 Joth
2251 3385 2432 3440 versui
2461 3385 2778 3454 ascriptum,
2821 3383 2965 3454 quod
2995 3384 3383 3451 interpretatur
3407 3383 3503 3434 do-

1936 3494 2165 3530 minans.

339 3559 427 3613 22.
465 3557 571 3612 Kal
603 3559 652 3611 οί
680 3558 756 3628 τῷ
797 3558 1063 3629 πνεύματι
1095 3557 1312 3623 ζῶντες,
1353 3556 1446 3610 καὶ
1489 3557 1564 3625 (5)
1605 3545 1877 3610 κοπιῶν-1

2006 3569 2094 3622 22.
2132 3568 2196 3621 Et
2237 3568 2430 3637 spiritu
2465 3568 2738 3632 viventes,
2779 3574 2833 3620 et
2871 3565 3181 3620 laborantes
3217 3565 3271 3618 in
3319 3563 3502 3632 operi-

213 3675 220 3678 ·
260 3669 359 3714 τες
395 3653 454 3703 ὲν
481 3653 594 3714 τοῖς
620 3650 798 3722 ἔργοις
827 3651 924 3722 τῆς
966 3650 1307 3720 δικαιοσύνης
1332 3648 1610 3716 δοξάσουσί
1645 3667 1721 3705 σε.
1760 3649 1834 3703 Τδ

265 3741 378 3809 γὰρ
398 3741 476 3810 τῷ
499 3740 663 3811 στίχῳ
679 3741 1080 3812 παρακείμενον
1101 3737 1230 3809 Χὰμ
1252 3738 1613 3809 ἑρμηνεύεται
1629 3739 1830 3808 θέρμη,

265 3835 364 3887 καὶ
393 3833 412 3905 [
434 3832 638 3904 κόπον]
665 3833 834 3903 ὅμως,
867 3832 1110 3886 τουτέστι
1133 3832 1192 3884 τὺ
1219 3831 1419 3901 θερμὸν
1453 3831 1551 3900 τῆς
1578 3830 1830 3896 πίστεως,

265 3926 365 3980 καὶ
393 3925 645 3978 ἐπίπονον
664 3925 770 3977 τῶν
793 3925 961 3993 ἁγίων
989 3922 1219 3977 ἐνταῦθα
1244 3923 1412 3994 δηλοῖ.

338 4014 428 4078 25,
459 4015 545 4069 24.
582 4013 683 4067 Kal
711 4015 808 4086 τὴν
843 4013 1056 4068 αἰώνιον
1089 4013 1307 4066 κόλασιν
1339 4010 1696 4080 ἀναγγελοῢσι
1720 4027 1736 4043 ο
1775 4009 1836 4064 τὸ

266 4105 379 4176 γὰρ
431 4107 833 4177 παρακείμενον
869 4105 1023 4158 τοῦτο
1075 4104 1225 4176 δηλοί
1261 4104 1375 4174 (4),
1430 4103 1615 4174 ἐπειδὴ
1664 4104 1836 4175 ἑρμη-

267 4197 485 4250 νεύεται
510 4197 702 4267 Σαμὲς
733 4195 988 4269 [Λαμέδ]
1019 4196 1254 4265 ῥάϐδος,
1280 4196 1521 4250 τουτέστι
1539 4195 1834 4262 βάσανος·

341 4373 432 4438 25,
474 4373 561 4428 26.
591 4373 666 4443 (5)
715 4372 821 4426 Τοῦ
878 4375 1115 4443 σημᾶναι
1165 4374 1296 4426 πᾶσι
1356 4373 1455 4444 τὴν
1511 4373 1688 4444 κρίσιν
1743 4373 1838 4442 τῆς

271 4465 572 4538 παρουσίας
616 4482 731 4529 σου,
779 4464 874 4517 καὶ
915 4463 1011 4534 τὴν
1062 4463 1413 4517 ἀνταπόδοσιν
1450 4461 1557 4515 τῶν
1609 4464 1838 4517 αἰωνίων

269 4557 492 4627 ἀγαθῶν
528 4559 584 4611 ἐν
609 4560 674 4628 τῇ
703 4556 946 4627 βασιλείᾳ
972 4572 1082 4609 σου.

343 4647 433 4701 27.
483 4647 859 4718 Ἀτελεύτητος
884 4690 898 4714 ,

345 4738 434 4792 28.
476 4737 581 4792 Kal
604 4739 697 4791 ἐπὶ
717 4739 842 4802 τοὺς
868 4739 1264 4800 πιστεύσαντας
1289 4735 1365 4805 τῷ
1393 4735 1534 4806 λόγῳ
1553 4737 1643 4789 τοῦ
1669 4737 1840 4806 Εὐαγ-

273 4829 479 4900 γελίου,
516 4831 610 4882 xal
632 4831 724 4882 ἐπὶ
747 4831 874 4894 τοὺς
911 4830 985 4900 μὴ
1021 4827 1436 4893 πιστεύσαντας.

1937 3659 2041 3713 bus
2063 3659 2289 3728 justitia:
2323 3658 2702 3728 gloriﬁcabunt
2729 3667 2796 3711 te.
2828 3655 2962 3710 Nam
2995 3655 3162 3710 Cham
3188 3655 3370 3708 versui
3410 3669 3504 3722 ap—

1940 3751 2176 3821 positum
2222 3750 2606 3819 interpretatur
2633 3748 2780 3802 calor
2799 3759 2852 3802 et
2883 3747 3052 3812 labor,
3089 3747 3191 3800 hoc
3222 3755 3324 3808 est,
3355 3744 3504 3798 calo.

1935 3854 2052 3894 rem
2089 3838 2250 3904 ﬁdei,
2293 3847 2346 3894 et
2389 3838 2626 3893 laborem
2687 3846 3002 3893 sanctorum
3049 3837 3101 3891 in
3152 3836 3256 3891 hoc
3295 3835 3502 3891 mundo

1931 3930 2216 4002 signiﬁcat.

1999 4021 2093 4089 25,
2133 4021 2223 4074 24.
2261 4021 2326 4076 Et
2361 4031 2622 4075 a'ternum
2677 4021 3000 4091 supplicium
3050 4019 3452 4074 annuntiabuni
3484 4037 3498 4075 :

1934 4127 2128 4167 nomen
2182 4114 2448 4183 siquidem
2503 4113 2798 4182 ascriptum
2856 4114 2958 4168 hoc
3013 4111 3324 4182 signiﬁcat,
3373 4111 3502 4180 quia

1935 4201 2118 4256 Sames
2159 4202 2405 4275 [Lamed]
2439 4203 2823 4273 interpretatur
2872 4205 3054 4275 virga,
3115 4203 3220 4258 hoc
3261 4211 3346 4258 est
3383 4220 3505 4256 cru-

1935 4294 2106 4346 ciatus
2133 4308 2151 4345 :

2006 4379 2096 4438 25,
2127 4377 2214 4432 26.
2244 4377 2315 4433 Ut
2367 4379 2670 4450 signiﬁcent
2711 4381 2964 4437 omnibus
3003 4381 3268 4451 judicium
3303 4381 3504 4436 adven-

1936 4478 2025 4524 tus
2056 4470 2174 4536 tui,
2223 4479 2276 4524 et
2322 4471 2730 4526 retributionem
2778 4479 3103 4528 aeternorum
3137 4472 3405 4527 bonorum
3450 4473 3505 4526 in

1937 4575 2102 4631 regno
2135 4571 2246 4616 luo.

2004 4651 2094 4704 27.
2127 4649 2254 4706 Sine
2285 4655 2389 4707 ﬁne
2407 4691 2422 4716 ,

2011 4738 2100 4793 28.
2138 4741 2204 4794 Et
2241 4757 2402 4811 super
2449 4757 2638 4797 omnes
2681 4743 2961 4800 credentes
2998 4742 3163 4797 verbo
3204 4739 3501 4810 Evangelii,

1873 4844 1917 4899 ι)
1941 4839 1995 4885 et
2023 4846 2185 4901 super
2209 4847 2316 4886 non
2344 4835 2644 4890 credentes.

1189 5033 1496 5095 Addenda
1546 5038 1606 5094 et
1637 5033 2010 5112 corrigenda
2041 5052 2118 5096 ex
2173 5035 2311 5096 cod.
2342 5035 2540 5097 Vatic.

352 5245 426 5315 (l)
476 5245 668 5298 Ἀναστ
707 5261 734 5295 ο
777 5243 840 5314 ᾗ,
891 5299 901 5312 δ
951 5239 1292 5321 ἀνεξτράφης
1319 5282 1332 5304 ,

355 5335 391 5365 ι.
421 5323 550 5365 etc..
573 5261 828 5365 συλῖαὲὴ.
854 5235 1098 5365 ignara:
1115 5311 1332 5363 κινναύά

278 5310 391 5375 ται,
409 5310 550 5378 ’ριση
573 5310 828 5384 συλλαὸῆ,
854 5310 1550 5384 ή”διὰτῆς-κινναύάρεως..η
1574 5310 1837 5384 λεγομένη

283 5386 413 5444 Ἥθ.
449 5395 576 5446 etc.,
600 5384 691 5436 καὶ
708 5379 818 5452 ἔχει
850 5379 1077 5442 πάντας,
1101 5381 1181 5432 ὅτι
1203 5379 1448 5442 Θεὸςὲπὶ
1468 5379 1566 5448 τῆς
1597 5379 1840 5450 γῆς’τοίς

281 5453 586 5522 ἀνθρώποις
614 5451 1070 5522 συνανεστράφης.

352 5472 380 5506 υ
421 5472 586 5516 ωποις
614 5472 1070 5522 συνανεστραφης.

352 5472 429 5595 (ξ)
465 5524 536 5595 To
563 5522 648 5577 διὰ
681 5521 781 5595 τῆς
828 5519 1191 5595 κινναᾷάρεως
1226 5533 1302 5586 τῳ
1336 5516 1520 5588 στίχῳ,
1549 5526 1677 5582 etc.,
1697 5517 1833 5570 Ἰώθ·

284 5589 641 5665 ἑρμηνεύεται
679 5589 789 5661 γὰρ
822 5589 1106 5665 κυριεύων.

486 5655 724 5727 Ζέοντες,
756 5655 867 5725 καί,
895 5655 1000 5714 etc.
1023 5700 1036 5726 ,
1074 5657 1492 5728 παρακείμενον,
1523 5655 1584 5709 τὸ
1612 5655 1835 5726 λεγόμε-

1390 5250 1494 5295 etc.
1536 5239 1842 5294 πολιτεύον-

1945 5245 2184 5366 νονόΧὰμ
2210 5245 2567 5316 ἑρμηνεύεται
2585 5245 2782 5315 θέρμη,
2811 5245 2901 5296 καὶ
2917 5244 3082 5313 ὅμως,
3109 5251 3238 5307 etc.;
3270 5242 3368 5312 leg.
3392 5241 3496 5296 vid.

1945 5331 2031 5366 ωυ.
2065 5332 2106 5366 ς.

1941 5331 2192 5456 fui-12ij
2215 5383 2321 5456 γὰρ
2365 5384 2442 5455 τῷ
2481 5386 2645 5455 στίχῳ
2687 5382 3084 5456 παρακείμενον
3122 5383 3287 5451 ὖνομα
3348 5382 3505 5435 τοῦτο

1939 5454 2105 5525 δηλοῖ,
2125 5465 2275 5526 etc”,
2292 5452 2647 5526 ἑρμηνεύεται
2670 5455 2726 5506 τὸ
2743 5453 2930 5526 Σαϐὲδμ
2952 5452 3163 5526 ράόδος,
3186 5465 3287 5505 etc.

2012 5525 2087 5588 (5)
2137 5524 2198 5576 N.
2254 5521 2504 5593 25,"!‘65,
2555 5538 2685 5593 ctc.,
2731 5525 2830 5594 τῆς
2877 5521 3122 5589 ἐξουσίας
3161 5539 3272 5579 σου,
3307 5521 3368 5575 Ν.
3406 5522 3498 5590 26,

1937 5595 2046 5649 Kal
2074 5601 2189 5665 την,
2227 5604 2332 5650 etc.
