3990 6208
412 328 433 339 κ
507 250 649 309 m5

1347 240 1408 296 S.
1444 236 1815 293 ATHANASII
1857 234 2008 290 OPP.
2049 232 2230 290 PARS
2266 232 2354 291 Ill.
2388 262 2456 273 —
2482 230 2891 287 EXEGETICA.

3594 224 3749 282 1316

576 359 666 415 29.
699 355 772 429 [Β
796 354 925 411 Sam
948 353 1047 427 (1)]
1072 352 1273 409 Fidelis
1300 349 1564 406 Dominus
1590 351 1646 404 in
1675 346 1930 404 omnibus
1963 362 2075 401 ver-
2099 377 2114 411 Α

2243 345 2329 399 29.
2365 343 2515 415 [Σάμ
2537 343 2558 415 Ἰ
2589 343 2784 406 Πιστὸς
2812 340 3006 414 Κύριος
3038 342 3094 393 ὲν
3113 342 3245 393 πᾶσι
3266 340 3379 403 τοῖς
3406 338 3588 408 λόγοις
3642 336 3750 390 αὒ-

506 453 594 507 bis
633 450 776 514 suis,

577 542 666 599 50.
702 540 769 595 Et
792 547 1016 595 sanctus
1044 536 1098 590 in
1125 534 1379 590 omnibus
1412 532 1675 603 operibus
1702 530 1840 586 suis.

579 634 668 687 5i.
706 630 767 703 [ο
810 627 974 701 Kam]
1027 626 1239 681 Allevat
1296 624 1563 679 Dominus
1598 637 1789 677 omnes
1831 619 1925 691 qui
1957 632 2078 673 cor-

511 735 712 790 ruunt,

580 816 670 870 52.
702 812 769 867 Et
791 811 949 881 erigit
972 824 1161 864 omnes
1192 808 1376 863 elisos.

477 928 485 935 ο
579 907 670 961 55.
711 904 771 977 [ν
795 901 921 976 Mei]
950 902 1106 958 Oculi
1133 902 1375 956 omnium
1406 899 1460 953 in
1497 908 1548 952 te
1583 906 1837 967 sperant,

580 996 668 1051 54.
701 994 767 1049 Et
804 1005 858 1050 tu
901 995 999 1049 das
1030 1008 1214 1048 escam
1253 992 1469 1046 illorum
1514 991 1569 1043 in
1603 1000 1846 1059 tempore
1885 1002 2082 1058 oppor-

510 1097 642 1143 tuno
676 1086 878 1159 [escam
915 1086 994 1140 eis
1028 1083 1365 1153 temporibus
1399 1080 1776 1153 opportunis].

580 1179 669 1234 55.
698 1178 761 1251 [εδ
790 1177 923 1249 Phe]
962 1178 1156 1248 Aperis
1207 1185 1261 1230 tu
1308 1191 1529 1230 manum
1589 1183 1769 1238 tuam,
1802 1181 1856 1227 et
1893 1170 2083 1240 imples

512 1285 672 1327 omne
703 1270 905 1326 animal
936 1269 1336 1325 benedictione.

2172 453 2291 498 του,

2241 527 2329 580 50.
2364 524 2469 579 Kal
2499 526 2643 588 ὅσιος
2669 527 2725 577 ὲν
2754 525 2887 577 πᾶσι
2918 525 3028 585 τοῖς
3054 522 3234 594 ἔργοις
3264 521 3445 575 αὐτοῦ.

2242 620 2331 673 5|.
2365 617 2565 690 [Χάμ]
2601 615 2978 687 Ὑποστηρίξει
3016 614 3213 687 Κύριος
3240 614 3446 678 πάντας
3470 614 3601 677 τοὺς
3644 630 3754 666 κα-

2174 711 2539 774 ταπίπτοντας
2556 750 2570 774 ,

2248 804 2337 858 52.
2366 801 2470 856 Kal
2500 801 2716 873 ἁνορθοῖ
2742 800 2947 865 πάντας
2974 800 3099 862 τοὺς
3129 797 3637 870 κατερῤαγμένους.

2248 894 2337 948 55.
2373 892 2553 966 [Μεί]
2580 895 2643 945 Οἱ
2669 892 2932 963 ὀφθαλμοὶ
2957 891 3174 945 πάντων
3200 893 3280 954 είς
3302 891 3360 943 σὲ
3382 890 3694 953 ἐλπίζουσι,

2248 984 2335 1039 54.
2371 983 2474 1038 Καὶ
2506 984 2569 1036 σὺ
2613 983 2767 1046 δίδως
2789 983 2884 1054 τὴν
2915 983 3120 1055 τροφὴν
3157 983 3333 1036 αὐτῶν
3384 984 3440 1035 ἐν
3485 982 3754 1053 εὐκαιρία

2177 1074 2403 1148 [αὐτοῖς
2434 1078 2491 1128 ἐν
2513 1074 2813 1144 εὐκαιρίαις
2834 1073 2853 1146 ]
2880 1089 2894 1102 ·

2250 1167 2337 1222 55.
2370 1164 2521 1237 [Φή]
2563 1164 2825 1232 ’Δνοίγεις
2864 1165 2929 1217 σὺ
2966 1165 3063 1238 τὴν
3088 1165 3248 1239 χεῖρὰ
3283 1183 3397 1232 σου,
3442 1183 3539 1221 και
3576 1168 3750 1238 ἐμπι-

2183 1257 2322 1328 πλᾷς
2361 1257 2468 1309 πᾶν
2499 1252 2635 1319 ζῶον
2664 1253 2926 1318 εὐδοκίας.

1634 1400 2012 1458 ATHANASII
2047 1391 2625 1453 INTERPRETATIO.

580 1525 670 1579 29.
704 1523 876 1577 Verax
898 1563 913 1583 ,
942 1521 1131 1577 ﬁrmus
1152 1561 1167 1586 ,
1200 1522 1556 1577 immutabilis
1584 1520 1640 1575 in
1668 1522 1770 1587 iis,
1801 1538 1923 1592 qua:
1950 1520 2081 1575 deli-
2110 1537 2114 1587 ζ

2248 1514 2336 1569 29.
2381 1511 2633 1583 Ἀληθὴς,
2668 1510 2900 1583 ἑδραῖος,
2944 1512 3359 1584 ἁμετακίνητος,
3399 1513 3488 1583 ἐφ’
3516 1510 3605 1577 οἷς
3630 1514 3752 1589 ῶρι-

511 1614 649 1669 nivit
699 1615 751 1668 in
791 1613 1036 1681 judicio;
1091 1612 1195 1667 hoc
1227 1612 1371 1666 enim
1418 1611 1687 1681 signiﬁcat
1714 1612 1939 1684 syllaba,
1962 1626 2083 1681 quae

512 1706 713 1762 dicitur
738 1704 863 1761 Sam
886 1747 901 1771 ,
932 1706 1035 1761 hoc
1059 1712 1143 1760 est
1173 1704 1452 1769 stabilivit,
1483 1714 1536 1759 et
1557 1705 1722 1759 etiam
1764 1704 2085 1774 interpreta-

512 1807 603 1853 tur
632 1799 767 1861 illic,
799 1797 904 1852 hoc
927 1809 1011 1852 est
1038 1796 1091 1851 in
1121 1795 1349 1865 judicio.

583 1888 674 1945 50.
710 1890 776 1944 Et
815 1888 1305 1959 irreprehensibilis
1335 1888 1388 1941 in
1416 1886 1671 1942 omnibus
1696 1900 1818 1955 quae
1843 1884 2080 1949 creavit;

512 1991 568 2038 et
606 1981 660 2035 in
701 1980 955 2036 omnibus
984 1978 1266 2049 praeceptis
1311 1978 1456 2044 suis;
1491 1988 1544 2031 et
1574 1978 1629 2031 in
1681 1977 1937 2031 omnibus
1964 1990 2085 2046 quae

515 2072 773 2143 suscepit,
801 2082 854 2127 et
876 2086 1072 2141 passus
1106 2078 1191 2125 est
1213 2078 1434 2139 propter
1459 2077 1704 2125 nostram
1734 2067 1988 2123 salutem.

584 2252 675 2307 5|.
708 2251 940 2321 Subjicit
975 2249 1239 2306 Dominus
1266 2249 1494 2320 gratiam
1532 2263 1709 2303 suam.

586 2340 675 2395 52.
710 2341 775 2394 Et
815 2355 1038 2411 surgere
1064 2339 1195 2393 facit
1225 2354 1414 2393 omnes
1456 2338 1738 2407 prolapsos
1776 2335 1830 2389 in
1869 2332 2083 2401 faciem,

516 2430 624 2486 hoc
673 2438 757 2487 est
797 2430 849 2484 in
896 2429 1058 2486 corda
1107 2444 1244 2493 sua,
1272 2437 1326 2483 et
1355 2428 1656 2482 inﬁrmatos
1701 2427 1754 2481 in
1801 2427 2083 2496 peccatis:

516 2521 724 2595 syllaba
748 2521 893 2577 enim
922 2519 1188 2591 apposita,
1226 2534 1348 2589 quae
1377 2519 1576 2573 dicitur
1603 2516 1790 2582 Cham,
1823 2525 2089 2570 sustenta-

519 2613 698 2667 culum
727 2613 1133 2684 interpretatur,
1166 2610 1387 2682 perinde
1421 2626 1488 2665 ac
1537 2611 1583 2665 si
1637 2610 1840 2664 diceret
1869 2607 2089 2677 subjicit

515 2716 576 2757 se
604 2702 779 2771 ipsum
810 2701 1095 2770 Dominus,
1114 2713 1168 2757 ct
1194 2708 1372 2772 portat
1392 2700 1662 2766 infirmos,
1691 2707 1754 2755 ut
1784 2713 1981 2754 versus
2010 2699 2087 2752 si-

518 2791 738 2863 gnificat
773 2811 785 2847 :
826 2801 875 2847 et
910 2800 1288 2863 permanentes
1334 2798 1513 2846 mente
1573 2805 1674 2847 sua
1729 2790 1782 2844 in
1826 2790 2086 2860 peccatis,

2187 1624 2276 1661 σεν
2304 1607 2360 1659 ὲν
2386 1607 2452 1676 τῇ
2484 1605 2694 1675 κρίσει·
2730 1603 2886 1657 τοῦτο
2910 1603 3019 1675 γὰρ
3050 1602 3349 1675 βούλεταιὴ
3385 1605 3633 1677 συλλαϐὴ
3674 1608 3750 1677 (1)

2183 1698 2217 1767 ὴ
2254 1695 2522 1765 λεγομένη
2551 1694 2699 1759 Σὰμ,
2735 1693 2764 1745 ὃ
2804 1693 2950 1744 ἐστιν
2990 1691 3289 1759 ἐστήριξε,
3336 1694 3431 1746 καὶ
3460 1693 3626 1747 πάλιν
3660 1695 3751 1765 έρ-

2188 1787 2480 1859 μηνεύεται
2513 1783 2661 1847 ἐκεῖ,
2691 1782 2963 1837 τουτέστιν
3002 1783 3060 1834 ἐν
3092 1784 3156 1853 τῇ
3185 1784 3382 1854 κρίσει.

2254 1879 2342 1931 50.
2371 1875 2476 1929 Kal
2506 1874 2792 1945 ἄμεμπτος
2828 1875 2885 1926 ὲν
2918 1875 3082 1928 πᾶσιν
3108 1915 3122 1939 ,
3177 1868 3258 1938 οἷς
3295 1874 3751 1947 ἐδημιούργησεν,

2184 1971 2278 2023 καὶ
2300 1970 2357 2021 ἐν
2379 1970 2511 2021 πᾶσι
2549 1970 2662 2030 τοῖς
2690 1967 3104 2037 προστάγμασιν
3144 1965 3328 2030 αὐτοῦ,
3356 1967 3451 2020 καὶ
3481 1969 3539 2019 ἐν
3566 1970 3749 2031 πᾶσιν,

2184 2060 2265 2125 οἷς
2308 2059 2650 2125 κατεδέξατο,
2680 2059 2773 2112 καὶ
2823 2057 3054 2111 πέπονθε
3095 2056 3172 2129 (2)
3201 2058 3289 2112 διὰ
3332 2058 3429 2128 τὴν
3481 2058 3752 2129 ἡμετέραν

2187 2152 2478 2223 σωτηρίαν.

2253 2244 2338 2297 51.
2373 2242 2450 2312 (5)
2479 2239 2799 2311 ’Υποτίθησι
2831 2236 3029 2311 Κύριος
3058 2239 3155 2311 τὴν
3198 2236 3358 2309 χάριν
3381 2236 3576 2293 αὐτοῦ.

2255 2335 2342 2389 52.
2377 2332 2481 2387 Kal
2511 2333 2773 2402 ἀνέστησε
2803 2332 3009 2396 πάντας
3042 2335 3164 2395 τοὺς
3192 2330 3643 2396 καταπίπτοντας
3661 2335 3749 2385 ἐπι

2186 2424 2254 2479 τὰ
2278 2425 2563 2497 πρόσωπα,
2593 2424 2869 2477 τουτέστιν
2913 2424 3007 2476 ἐπὶ
3031 2422 3130 2486 τὰς
3164 2422 3388 2494 καρδίας
3420 2422 3629 2489 αὐτῶν,
3666 2425 3753 2477 καὶ

2187 2512 2541 2575 ἀσθενοῦντας
2564 2516 2621 2566 ὲν
2658 2517 2722 2586 τῇ
2753 2512 3027 2586 ἁμαρτίᾳ·
3058 2515 3090 2585 ἡ
3127 2512 3184 2565 δὲ
3224 2513 3612 2585 παρακειμένη
3639 2516 3754 2568 συλ-

2187 2604 2325 2674 λαϐὴ
2356 2604 2388 2672 ἡ
2421 2601 2690 2673 λεγομένη
2735 2604 2864 2674 xc,“
2915 2603 3062 2674 ὅμως
3113 2600 3511 2673 ἑρμηνεύεται,
3555 2605 3755 2659 ὡσανεὶ

2190 2698 2504 2770 ὑποτίθησιν
2534 2697 2718 2750 ἑαυτὸν
2750 2697 2777 2748 ὁ
2812 2695 3029 2766 Κύριος,
3054 2695 3147 2748 καὶ
3168 2693 3423 2764 βαστάζει
3452 2698 3585 2761 τοὺς
3604 2697 3755 2751 ἀσθε-

2188 2792 2316 2852 νεῖς,
2360 2789 2434 2852 ὼς
2474 2792 2502 2842 ὁ
2533 2789 2712 2859 στίχος
2745 2787 2895 2858 δηλοῖ
2929 2804 2942 2818 ’
2986 2789 3079 2839 καὶ
3118 2788 3242 2851 τοὺς
3288 2789 3753 2859 ὲναπομείναντας

517 2881 685 2937 veluti
730 2896 799 2937 ex
851 2897 1046 2938 somno
1076 2881 1340 2945 suscitat,
1373 2895 1743 2952 compungens
1779 2895 1873 2936 eos
1916 2879 2088 2950 gratia

2206 2881 2255 2950 τῇ
2286 2879 2492 2952 διανοίᾳ
2518 2882 2597 2942 εἰς
2621 2881 2719 2950 τὴν
2741 2878 3038 2950 ἁμαρτίαν,
3079 2878 3154 2942 ὡς
3182 2878 3240 2946 ἐξ
3274 2877 3442 2933 ὕπνου
3477 2879 3751 2952 διεγείρει,

519 2989 644 3040 sua,
672 2982 726 3030 et
753 2989 975 3045 surgere
998 2973 1203 3029 faciens
1221 3013 1238 3038 ,
1272 2981 1333 3027 ut
1362 2973 1745 3041 confiteantur,
1784 2980 1841 3027 et
1871 2971 2093 3043 vigilent

519 3064 796 3136 deinceps,
833 3080 902 3121 ne
930 3065 1162 3136 amplius
1190 3072 1437 3136 peccent.

589 3237 678 3293 55.
714 3235 892 3293 Corda
928 3236 1171 3291 omnium
1207 3235 1548 3291 credentium
1579 3234 1636 3289 in
1669 3242 1721 3289 te
1749 3232 1977 3305 gratiam
2005 3246 2091 3287 re-

517 3329 749 3399 cipiunt.

589 3419 679 3473 54.
715 3418 780 3472 Et
807 3428 896 3483 tu,
955 3433 1077 3472 cum
1127 3431 1283 3471 mens
1328 3429 1516 3469 eorum
1567 3413 1802 3484 quiescit
1845 3413 1914 3467 ab
1942 3412 2090 3467 omni

520 3510 796 3564 mundana
848 3524 1001 3573 cura,
1050 3522 1103 3562 et
1149 3506 1611 3577 concupiscentia,
1662 3506 1941 3562 illuminas
1996 3521 2090 3561 eos

524 3601 746 3656 scientia
774 3608 1165 3671 praeceptorum
1200 3608 1441 3653 tuorum.

593 3698 679 3753 55.
715 3696 1068 3751 Abundanter
1096 3695 1349 3750 donando
1377 3693 1610 3763 gratiam
1642 3692 1816 3747 sancti
1853 3690 2088 3762 Spiritus

523 3790 674 3844 omni
726 3787 973 3850 homini,
1031 3787 1123 3857 qui
1183 3786 1420 3841 adhaeret
1472 3785 1737 3839 voluntati
1795 3791 1901 3837 tuae
1933 3801 1947 3838 :
1981 3780 2087 3836 Phe

522 3882 666 3937 enim
699 3881 1081 3950 interpretatur
1109 3894 1165 3932 os
1190 3919 1205 3944 ,
1241 3876 1343 3931 hoc
1375 3886 1458 3931 est
1489 3875 1771 3930 insulilans
1820 3875 1996 3943 ipsum
2030 3874 2084 3927 in

522 3973 718 4027 faciem
773 3978 1083 4026 sanctorum
1164 3976 1219 4024 et
1269 3968 1457 4023 dicens
1501 3985 1515 4020 :
1553 3966 1787 4036 Accipite
1826 3964 2084 4035 Spiritum

521 4063 820 4117 sanctum“.

593 4181 615 4212 ⁸
648 4177 806 4236 Joan.
841 4197 931 4249 xx,
965 4185 1053 4240 22.

2188 2969 2505 3038 κατανύγων
2527 2971 2722 3033 αὐτοὺς
2751 2971 2816 3039 τῇ
2857 2968 3040 3039 χάριτι
3079 2970 3264 3035 αὑτοῦ,
3296 2971 3392 3024 καὶ
3417 2971 3755 3036 ἀναστάντας

2189 3056 2383 3121 αὐτοὺς
2412 3055 2869 3129 ἐξομολογεῖσθαι,
2887 3059 2980 3113 καὶ
3008 3061 3195 3130 νήφειν
3216 3058 3309 3112 τοῦ
3333 3060 3527 3114 λοιποῦ
3550 3061 3649 3115 τοῦ
3681 3061 3751 3133 μὴ

2189 3150 2538 3221 ἁμαρτάνειν.

2258 3245 2346 3298 55.
2376 3246 2441 3298 Αἱ
2473 3244 2691 3315 καρδίαι
2724 3244 2942 3299 πάντων
2994 3244 3100 3298 τῶν
3149 3246 3513 3301 πιστευόντων
3559 3249 3644 3312 είς
3694 3247 3750 3301 σὲ

2187 3336 2286 3406 τὴν
2312 3336 2468 3406 χάριν
2500 3336 2907 3407 ἀπεκδέχονται.

2257 3424 2344 3478 54.
2375 3423 2475 3477 Kal
2507 3427 2592 3491 σὺ,
2619 3427 2746 3480 ὅταν
2780 3424 3039 3498 ἡσυχάζει
3079 3429 3107 3480 ὀ
3141 3426 3265 3491 νοῦς
3301 3427 3484 3480 αὐτῶν
3536 3428 3612 3500 (4)
3648 3429 3755 3484 ἀπὸ

2187 3516 2367 3587 πάσης
2407 3516 2665 3586 βιωτικῆς
2699 3517 2977 3588 φροντίδος
3010 3516 3104 3569 xal
3144 3518 3468 3588 ἐπιθυμίας,
3504 3520 3755 3590 φωτίζεις

2188 3608 2384 3673 αὐτοὺς
2411 3607 2508 3678 τὴν
2527 3607 2727 3675 γνῶσιν
2754 3607 2860 3660 τῶν
2895 3607 3328 3680 προσταγμάτων
3349 3624 3463 3662 σου.

2256 3697 2346 3752 55.
2379 3697 2653 3761 Πλουσίως
2671 3696 2908 3769 δώρησαι
2943 3697 3042 3769 τὴν
3076 3697 3232 3768 χάριν
3270 3696 3364 3751 τοῦ
3399 3698 3561 3766 ἁγίου
3593 3697 3757 3752 Πνεῦο

2198 3805 2367 3859 ματος
2400 3787 2475 3859 (5)
2503 3789 2663 3842 παντὶ
2685 3787 2953 3859 ἀνθρώπῳ
2984 3786 3328 3860 προκειμένῳ
3369 3787 3451 3858 τῷ
3494 3788 3753 3861 θελήματι
3842 3846 3851 3857 ,

2195 3896 2321 3933 σου·
2362 3881 2423 3934 τὸ
2454 3880 2562 3952 γὰρ
2613 3881 2700 3948 Φὴ
2738 3880 3096 3952 ἑρμηνεύεται
3141 3882 3367 3949 στόμα,
3401 3881 3654 3934 τουτέστι
3693 3881 3755 3935 τὸ

2193 3973 2444 4045 ὲμφυσᾷν
2465 3973 2626 4027 αὐτὸν
2655 3975 2734 4037 εἰς
2764 3973 2834 4026 τὰ
2871 3972 3137 4044 πρόσωπα
3177 3971 3285 4026 τῶν
3314 3972 3509 4042 ἁγίων,
3551 3973 3647 4029 καὶ
3671 3972 3755 4026 λέ-

2117 4052 2163 4108 Ῑ)
2191 4082 2309 4134 γειν
2332 4084 2344 4097 ·
2375 4066 2595 4122 Λάϐετε
2618 4065 2860 4136 Πνεῦμα
2880 4065 3068 4135 ἄτιον.

1428 4268 1736 4332 Addenda
1791 4275 1854 4330 et
1904 4270 2298 4351 corrigenda.
2339 4286 2419 4331 ex
2475 4271 2616 4332 cod.
2649 4270 2853 4331 Vatic.

599 4374 673 4444 (1)
712 4375 777 4427 Ἦ
812 4372 899 4427 διὰ
921 4374 1022 4445 τῆς
1069 4371 1707 4445 κιωαδᾲρεως-συλλαϐὴ
1746 4371 2078 4445 ή-λεγομένη

525 4441 668 4514 sap,
702 4441 1077 4566 ῗρέιηνεύεται,
1101 4441 1348 4513 στηρίξαι
1365 4441 1478 4506 καί,
1497 4453 1626 4508 etc.,
1648 4441 1924 4495 τουτέστιν
1948 4441 2080 4496 ὲκεῖξ

597 4515 673 4566 (‘2)
787 4512 986 4566 ποιθεν.

619 4524 673 4566 ‘2)
706 4524 986 4566 ιιεποιυεν.

597 4519 673 4582 (‘2)
706 4519 986 4566 Πέποιθεν.

594 4584 670 4656 (5)
696 4581 775 4656 AN.
796 4583 905 4656 5l._
928 4581 1265 4656 ’Υποτίθησι,
1290 4592 1418 4656 etc.,
1447 4584 1540 4635 καὶ
1576 4581 1824 4652 ἀνίστησι
1862 4581 2081 4656 ⁸πάντας

523 4651 660 4716 τοὺς
684 4652 1059 4714 ἀσθενοῦντας,
1092 4652 1184 4705 καὶ
1210 4651 1667 4714 καταπίπτοντας,
1696 4651 1825 4714 etc.,
1858 4653 1950 4704 ἐπὶ
1984 4652 2080 4715 τὰς

524 4721 949 4795 καρδίαςὲαὐτμῷν
969 4738 982 4753 '
1011 4723 1043 4795 η
1072 4722 1127 4774 δὲ
1171 4720 1542 4795 παρακειμένη
1575 4720 1668 4795 διὰ-
1697 4721 2081 4795 τῆςῌκινναῆᾀ-

529 4790 665 4863 ρεως
688 4791 941 4862 συλλαϐὴ,
969 4795 1000 4861 ἡ
1029 4790 1292 4863 λεγομένη
1325 4790 1469 4863 Χάμ,
1493 4790 1630 4863 etc..
1649 4791 1963 4863 ὑποτίθησιν
1986 4792 2081 4863 αὑ-

524 4859 616 4916 τὸν
648 4864 696 4927 ὁ,
729 4874 855 4928 etc.,
890 4859 1014 4924 τοὺς
1040 4861 1304 4923 ἀσθενεῖς,
1342 4859 1522 4924 καθὼς
1550 4862 1643 4914 καὶ
1670 4864 1697 4914 ὁ
1728 4859 1906 4932 στίχος
1928 4861 2087 4914 τοῦτο

2183 4374 2349 4445 δηλοῖ.
2372 4372 2553 4445 N._52,
2590 4372 2844 4445 Kalcobg
2874 4372 3352 4443 ὲναπομείναντας,
3390 4381 3528 4438 etc.,
3566 4373 3631 4444 τῇ
3658 4371 3750 4443 χά-

2185 4442 2301 4516 ριτι
2319 4443 2482 4516 αὐτοῦ
2503 4442 2869 4516 ἁναστὰντας,
2907 4450 3013 4497 etc.

2256 4515 2334 4583 (4)
2381 4512 2566 4583 Αὐτῶν
2611 4515 2640 4567 ὁ
2680 4512 2822 4576 νοῦς,
2866 4522 2994 4583 etc.,
3025 4510 3133 4565 τῶν
3178 4511 3623 4583 προσταγμάτων
3661 4528 3749 4565 σου

2182 4581 2693 4662 τῶνδιθ-ραμούντων
2730 4581 2946 4662 αὐηείιύςς

2254 4654 2329 4726 (5)
2362 4651 2476 4737 Τοῦ.
2498 4653 2651 4737 ἁγίου
2676 4670 2769 4737 σου
2801 4651 3313 4737 ρνξύματοςλιθιεη
3350 4652 3751 4737 προσκειμένῳ,

2180 4720 2317 4790 etc},
2336 4724 2398 4777 τὸ
2418 4722 2526 4795 γὰρ
2548 4720 2651 4795 illi],
2664 4723 2726 4777 τὸ
2739 4722 2824 4776 διὰ
2846 4722 2943 4792 τῆς
2958 4720 3352 4792 κινναϐάρεως,
3369 4720 3751 4792 ἑρμηνεῦεται,

2182 4804 2286 4849 CIC.

597 4977 674 5049 (1)
700 4976 859 5031 Deest
892 4977 948 5032 in
984 4986 1132 5032 textu
1164 4975 1389 5031 Hebraeo
1422 4978 1598 5032 littera
1627 4989 1676 5040 ε,
1724 4979 1852 5047 quia
1906 4977 2090 5032 deﬁcit
2138 4991 2363 5039 versus,
2420 4976 2514 5045 qui
2555 4975 2624 5029 ab
2660 4974 2752 5029 illa
2791 4975 3029 5044 incipere
3069 4972 3317 5037 debebat,
3364 4984 3569 5041 nempe
3591 4979 3744 5055 im.

530 5070 591 5126 id
620 5078 703 5123 est
731 5068 954 5134 Fidelis,
994 5076 1055 5122 ut
1088 5069 1375 5123 advertunt
1397 5067 1658 5123 Vatablus
1677 5111 1691 5134 ,
1722 5078 1777 5122 et
1807 5067 2029 5122 Simeon
2064 5067 2133 5121 de
2164 5066 2304 5121 Muis
2327 5066 2591 5135 ,aliique.
2622 5062 2779 5120 Hunc
2813 5075 2993 5135 autem
3021 5076 3499 5135 versum_necesse
3522 5075 3645 5135 est,
3668 5060 3744 5114 vel

529 5139 877 5197 librariorum
916 5131 1072 5206 culpa
1117 5140 1387 5194 excidisse
1411 5180 1425 5198 .
1465 5140 1549 5193 vel
1580 5139 1647 5192 de
1680 5131 1953 5193 industria
1987 5138 2056 5191 ab
2085 5136 2322 5206 Hebraeis
2344 5131 2515 5206 fuisse
2538 5135 2850 5206 sublatum.
2891 5134 3024 5189 Nam
3059 5135 3209 5206 illum
3254 5132 3307 5186 in
3342 5140 3489 5206 textu
3522 5131 3743 5206 Betim

524 5210 969 5279 originaliantea
999 5202 1272 5279 esstitisse
1316 5210 1510 5279 probat
1539 5209 1675 5262 ordo
1702 5209 2004 5279 litterarum
2041 5205 2315 5275 alphabeti
2352 5204 2603 5279 Hebraiei
2632 5244 2647 5267 ,
2690 5213 2949 5279 certoque
2974 5205 3262 5260 confirmat
3306 5202 3490 5279 versio
3516 5203 3741 5279 §eptua-

525 5270 675 5351 ginta
698 5278 977 5351 ,_aliaeque
1015 5277 1213 5333 Graeca:
1242 5270 1639 5351 versiones;r_et
1670 5286 1865 5351 praeter
1890 5270 2198 5346 Vulgatam,
2230 5290 2351 5344 quae
2384 5290 2448 5329 ex
2482 5270 2868 5351 Septuaginta:
2894 5284 3109 5351 sumpta
3149 5282 3267 5351 est,
3297 5274 3462 5351 etiam
3517 5270 3741 5351 Arabica

396 5386 415 5397 -
525 5341 580 5404 Et
619 5341 1041 5419 Syriacafqua;
1079 5363 1266 5403 omnes
1299 5341 1706 5419 versum'illun't
1754 5341 2093 5409 habentfet
2144 5341 2623 5419 consequenter'in
2661 5341 2946 5419 cpdicibus
2978 5341 3217 5419 Hebraeis
3242 5384 3255 5406 ,
3297 5341 3443 5419 unde
3470 5344 3741 5394 adornata

528 5411 678 5482 sunt;
710 5411 975 5488 legerunt.
1010 5415 1191 5488 Quare
1226 5420 1418 5472 merito
1442 5428 1631 5488 contra
1662 5417 2049 5471 Masoretarum
2085 5411 2639 5488 veneratoresjnquit
2677 5412 2897 5488 Grotius
2932 5413 3249 5488 :_Quom_odo
3277 5411 3346 5466 ad
3381 5411 3492 5488 {nec
3530 5424 3741 5488 respon-

526 5479 737 5549 debunt,
764 5479 853 5556 qui
886 5502 980 5540 nos
1002 5479 1183 5555 jubent
1216 5504 1307 5555 per
1336 5489 1513 5556 omnia
1549 5486 1932 5556 Masoretarum
1959 5496 2100 5539 stare
2129 5485 2394 5556 decretis?
2439 5483 2505 5556 Et
2538 5479 2776 5552 "insuper
2808 5484 2910 5539 hac
2939 5483 3007 5556 d_e
3039 5484 3280 5556 re_dig_na
3312 5479 3532 5550 quidem
3560 5481 3739 5556 obser:

526 5558 744 5610 vatione
774 5565 901 5609 sunt
926 5597 940 5618 ,

530 5634 639 5680 tum
671 5624 868 5692 deerat,
900 5624 1242 5694 reperiendum
1267 5627 1404 5696 quod
1437 5627 1717 5692 cernimus,
1753 5625 1848 5694 ait,
1874 5626 2092 5694 factum.

985 5553 1107 5625 quae
1146 5553 1369 5611 adnotat
1395 5554 1612 5611 Clarius
1637 5555 1918 5611 referens:
1944 5565 2137 5610 veteres
2168 5553 2418 5609 Hebraeos
2454 5555 2653 5609 dixisse
2690 5564 2916 5621 tmpore
2951 5553 3158 5608 Messio:
3204 5553 3338 5605 hunc
3390 5566 3632 5617 versum,
3657 5553 3736 5619 qui
