3990 6208
344 242 484 299 1517
1222 248 1311 303 DE
1350 246 1626 304 TITULIS
1664 248 1920 307 PSALMC

2000 250 2113 307 ΠΜ.
2156 282 2223 293 σ-
2262 251 2456 305 PSAL.
2498 253 2727 309 CXLIV.
3441 262 3576 319 1518

414 362 503 421 56.
535 364 748 429 Δίκαιος
780 365 977 437 Κύριος
999 368 1056 421 ἑν
1078 369 1278 432 πάσαις
1306 371 1427 432 ταῖς
1447 370 1587 434 ὁδοῖς
1609 370 1771 425 αὐτοῦ
1790 412 1804 437 ,
1938 379 1987 435 Α

1938 379 1987 435 Α
2086 372 2173 425 56.
2209 370 2290 443 [3]
2330 370 2520 429 Justus
2544 372 2809 431 Dominus
2829 375 2883 430 in
2909 378 3166 434 omnibus
3188 379 3292 435 viis
3318 380 3465 445 suis,

409 457 498 511 57.
532 454 637 510 Kal
661 459 804 522 ὅσιος
831 461 888 511 ὲν
914 460 1046 512 πᾶσι
1078 461 1190 522 τοῖς
1229 459 1410 531 ἔργοις
1440 461 1627 515 αὑτοῦ.

2083 464 2173 517 57.
2207 463 2271 517 Ει
2303 475 2524 519 sanctus
2548 466 2599 519 in
2633 468 2885 524 omnibus
2913 470 3163 538 operibus
3191 470 3326 527 suis.

410 547 495 602 58.
535 545 743 620 [Κώφ]
788 550 982 619 Ἐγγὺς
1014 548 1209 622 Κύριος
1240 552 1374 605 πᾶσι
1406 553 1518 615 τοῖς
1547 553 1910 626 ἐπικαλουμέ-

2080 555 2169 610 58.
2204 554 2265 642 [p
2290 553 2468 625 Kopb]
2499 553 2671 625 Prope
2709 565 2793 610 est
2835 555 3097 613 Dominus
3128 559 3382 615 omnibus
3421 559 3575 615 invo-

338 657 453 703 νοις
475 639 658 704 αὐτὸν,
1346 693 1351 697 .

1346 693 1351 697 -
2010 639 2262 704 cantibus
2298 663 2420 701 eum
2441 685 2455 711 ,

408 732 495 785 59.
532 733 672 785 Πᾶσι
703 749 815 794 τοις
840 731 1290 804 ἐπικαλουμένοις
1312 736 1472 791 αὐτὸν
1493 739 1552 791 ἑν
1577 738 1823 811 ἀληθείᾳ.

1817 782 1823 793 .
2076 741 2164 795 59.
2201 739 2466 794 Omnibus
2493 740 2876 796 invocantibus
2901 756 3025 796 eum
3059 743 3113 796 in
3149 743 3393 801 veritate.

406 822 494 876 40.
529 822 546 894 [
565 824 690 893 Ῥής
707 822 728 895 1
754 823 891 895 Θέλη
901 841 976 896 μα
996 824 1103 879 τῶν
1126 826 1289 894 φοὸου
1298 829 1472 898 μένων
1484 830 1645 885 αὐτὸν
1661 833 1901 903 ποιήσει,

1887 873 1901 897 ,
2077 832 2169 887 40.
2209 832 2271 905 [Ἴ
2304 831 2432 905 Res]
2461 832 2801 888 Voluntatem
2833 834 3142 889 timentium
3183 851 3242 891 se
3267 835 3463 901 faciet,

404 912 495 967 41.
529 912 636 966 Kal
665 916 764 984 τῆς
783 913 1018 986 δεήσεως
1042 916 1221 971 αὐτῶν
1247 920 1641 989 είσακούσεται,
1678 922 1772 976 καὶ
1795 922 1903 975 σώ-

2077 921 2165 975 41.
2210 920 2276 976 Et
2306 922 2742 992 deprecationem
2771 938 2962 978 eorum
2992 924 3281 992 exaudiet,
3314 935 3368 981 et
3391 925 3570 983 salvos

339 1020 421 1056 σει
450 1004 666 1068 αύτούς.

2005 1010 2166 1068 faciet
2186 1028 2301 1067 eos.

408 1093 495 1148 42.
532 1094 710 1167 [Σέμῖ
741 1096 1005 1151 Φυλάσσει
1028 1097 1225 1170 Κύριος
1248 1100 1454 1165 πάντας
1482 1102 1611 1167 τοὺς
1639 1104 1902 1173 ἀγαπῶν-

2070 1105 2159 1159 42.
2182 1103 2256 1176 [ω
2275 1104 2424 1178 Sem]
2442 1105 2690 1161 Custodit
2708 1106 2966 1162 Dominus
2983 1122 3171 1162 omnes
3185 1106 3469 1180 diligentes
3487 1124 3565 1176 se,

335 1201 435 1248 τας
458 1187 638 1252 αὐτὸν,

2071 1197 2161 1253 45.
2201 1197 2269 1251 Et
2297 1214 2487 1253 omnes
2516 1210 2830 1268 peccatores
2852 1200 3145 1268 disperdet.

405 1277 494 1330 45.
529 1276 632 1331 Kal
655 1280 860 1345 πάντας
889 1282 1017 1345 τοὺς
1045 1284 1399 1356 ἁμαρτωλοὺς
1424 1285 1813 1357 ἑξολοθρεύσει,

2069 1288 2158 1344 44.
2195 1288 2259 1361 [n
2288 1289 2464 1361 Thau]
2503 1289 2890 1346 Laudationem
2937 1291 3152 1346 Domini
3199 1291 3453 1362 loquetur
3500 1307 3566 1348 os

404 1368 493 1420 44.
529 1367 680 1438 [Θαῦ
706 1368 726 1440 ]
761 1369 972 1424 Αἴνεσιν
997 1370 1195 1443 Κυρίου
1217 1373 1435 1444 λαλήσει
1457 1374 1518 1427 τὸ
1540 1374 1711 1445 στόμα
1744 1392 1868 1444 μου,
1998 1396 2204 1445 meum,

406 1458 495 1513 45.
525 1457 630 1512 Καὶ
652 1460 941 1529 εὐλογείτω
966 1463 1113 1516 πᾶσα
1143 1460 1280 1535 σὰρξ
1323 1464 1383 1516 τὸ
1427 1464 1598 1535 ὄνομα
1640 1464 1702 1517 τὸ
1744 1465 1898 1533 ἆγιον

2067 1471 2157 1527 45.
2188 1474 2255 1528 Et
2282 1473 2567 1530 benedicat
2595 1474 2774 1530 omnis
2814 1490 2943 1531 caro
2970 1475 3176 1531 nomini
3210 1486 3399 1534 sancto
3422 1477 3560 1550 ejus,

332 1546 520 1613 αὑτοῦ,

403 1638 490 1692 46.
522 1638 616 1704 Εἰς
634 1642 724 1696 τὸν
753 1642 922 1697 αἰῶνα
946 1641 1039 1696 καὶ
1061 1645 1140 1707 εἰς
1172 1643 1262 1697 τὸν
1297 1643 1468 1698 αίῶνα
1500 1641 1592 1695 τοῦ
1624 1641 1833 1707 αἰῶνος.

1676 1641 1833 1707 ὶῶνος.
2067 1645 2157 1703 46.
2189 1647 2246 1702 In
2276 1649 2558 1715 saeculum,
2588 1659 2643 1706 et
2679 1651 2732 1705 in
2757 1651 3015 1708 saeculum
3049 1651 3252 1707 saeculi.

1441 1806 1814 1862 ATHANASII
1854 1807 2442 1864 INTERPRETATIO.

398 1957 488 2012 56.
527 1958 764 2030 Ἀὁαρὴς
804 1959 862 2013 ἑν
898 1959 1102 2023 πάσαις
1150 1962 1270 2023 ταῖς
1301 1960 1541 2026 ἐντολαῖς
1570 1963 1733 2017 αὐτοῦ
1761 1980 1774 1991 ·
1800 1964 1893 2034 βα-
1926 1972 1966 2027 Β

2065 1963 2153 2019 56.
2185 1964 2302 2019 Νυη
2339 1981 2605 2021 onerosus
2658 1966 2715 2021 in
2758 1967 3013 2025 omnibus
3055 1970 3338 2040 praeceptis
3394 1971 3556 2028 suis:

328 2053 470 2122 ρεῖαι
501 2050 609 2122 γὰρ
637 2052 736 2105 οὐκ
760 2051 895 2105 εἰσίν
926 2051 1025 2120 (1).

1998 2072 2121 2110 nam
2155 2073 2346 2127 grates
2374 2072 2480 2111 non
2514 2066 2660 2112 sunt.

396 2140 485 2193 57.
538 2137 641 2192 Kal
689 2139 1103 2211 ἐπαινεθήσεται
1153 2140 1213 2192 ἑν
1255 2142 1388 2194 πᾶσι
1424 2142 1537 2205 τοῖς
1576 2141 1755 2213 ἔργοις
1798 2143 1894 2196 αύ-

1838 2143 1894 2196 ὐ-
2064 2148 2152 2201 57.
2187 2148 2251 2201 Ει
2280 2149 2592 2204 laudabitur
2625 2149 2678 2204 in
2710 2148 2966 2205 omnibus
2997 2150 3249 2220 Operibus
3281 2150 3414 2207 suis.

321 2231 420 2284 τοῦ
461 2231 495 2284 2
525 2271 538 2283 .

394 2231 690 2377 5ἑ.)Μόνον
739 2339 788 2376 ει
828 2323 1087 2394 θεάσηται
1149 2324 1224 2394 (5)
1277 2340 1398 2376 τινα
1450 2324 1709 2395 μέλλοντα
1761 2329 1892 2383 ἀνα-

2063 2321 2148 2374 58.
2193 2322 2249 2374 Si
2280 2321 2455 2375 solum
2508 2322 2702 2377 viderit
2758 2323 3017 2392 aliquem,
3073 2324 3167 2394 qui
3222 2325 3555 2382 clamaturus

321 2410 454 2482 ὖοᾷν
485 2411 620 2482 πρὸς
644 2412 827 2474 αὑτὸν,
876 2413 1078 2475 εὐθέως
1127 2416 1487 2484 παραγίνεται
1543 2417 1705 2480 αύτὸς
1752 2418 1888 2488 πρὸς

1992 2410 2062 2464 sit
2089 2411 2152 2463 ad
2189 2426 2335 2473 eum,
2367 2411 2546 2464 statim
2582 2413 2801 2465 advenit
2844 2412 2959 2481 ipse
2993 2411 3059 2466 ad
3102 2412 3253 2468 illum
3297 2432 3311 2467 :
3348 2416 3553 2486 syllaba

319 2498 517 2553 αὐτόν’
553 2501 586 2570 ἡ
621 2500 855 2572 συλλαϐὴ
884 2500 991 2571 γὰρ
1015 2503 1046 2566 ἡ
1071 2501 1334 2573 λεγομένη
1356 2502 1496 2573 Κὼφ
1531 2505 1887 2577 ἑρμηνεύεται

1988 2504 2132 2555 enim
2181 2502 2322 2556 dicta
2359 2500 2502 2571 COle
2550 2503 2937 2572 interpretatur
2963 2521 3156 2570 sonus,
3190 2503 3294 2562 hoc
3322 2516 3404 2562 est
3441 2508 3553 2563 cla-

316 2589 638 2659 ἐκκροῦμα,
672 2590 945 2644 τουτέστιν
983 2591 1291 2662 ἀναδόησις.
1986 2608 2128 2645 mor.
3605 2583 3617 2592 ”

390 2681 478 2735 59.
509 2682 650 2735 Πᾶσι
683 2684 795 2745 τοῖς
838 2683 903 2735 ἑκ
930 2681 1187 2746 ’πίστεως
1212 2683 1542 2753 ἁδιακρίτως
1573 2686 1734 2742 αὑτὸν
1763 2687 1885 2740 ἑπι-

2055 2680 2144 2735 59.
2186 2677 2450 2735 Omnibus
2476 2694 2543 2735 ex
2572 2678 2675 2735 fide
2703 2694 2813 2734 non
2839 2680 2963 2735 ficta
3003 2694 3127 2735 eum
3150 2679 3548 2737 invocantibus.

314 2770 484 2824 καλου
493 2770 691 2841 μένοις.

388 2862 475 2917 40.
514 2862 579 2915 Ἦ
607 2861 841 2933 συλλαϐὴ
882 2862 917 2933 ἡ
960 2864 1337 2936 παρακειμένη
1373 2863 1448 2935 τῷ
1486 2865 1651 2937 στίχῳ
1676 2867 1705 2938 ἡ
1731 2865 1883 2936 λεγο-

2053 2857 2142 2912 40.
2184 2856 2403 2929 Syllaba
2451 2858 2631 2914 versui
2690 2858 2975 2929 apposita,
3033 2874 3154 2929 quae
3206 2859 3405 2915 dicitur
3446 2858 3556 2918 Res

306 2953 456 3025 μένη
512 2953 653 3022 Ῥὴς
682 2955 1042 3026 ἑρμηνεύεται
1075 2956 1306 3025 κεφαλὴ
1338 2956 1443 3028 (4),
1486 2958 1578 3011 καὶ
1621 2960 1834 3026 ὁρατός
1862 2975 1876 2990 ’

1980 2950 2368 3020 interpretatur
2429 2957 2586 3019 caput
2639 2959 2693 3004 et
2741 2950 2961 3003 visibilis
2992 2964 3011 3004 :
3042 2949 3192 3003 salus
3247 2950 3414 3019 Igitur
3466 2957 3550 3005 est

312 3047 565 3119 σωτηρία
592 3064 684 3102 ουν
705 3049 822 3100 ἑστι
848 3050 960 3110 τοῖς
989 3048 1341 3118 φοϐουμένοις
1388 3049 1568 3115 αὑτὸν,
1598 3050 1692 3103 καὶ
1735 3067 1877 3118 γνω-

1979 3042 2291 3098 timentibus
2345 3057 2506 3107 eum,
2564 3050 2618 3097 et
2660 3049 2823 3096 notus
2860 3039 2993 3111 ipsis
3033 3056 3252 3096 rursum
3285 3040 3551 3099 Dominus

309 3137 439 3201 στὸς
465 3138 648 3202 αὐτοῖς
678 3139 841 3193 πάλιν
863 3139 1045 3192 ἔσεται
1069 3143 1097 3192 ὁ
1126 3138 1343 3211 Κύριος.
1977 3133 2099 3189 erit.

383 3228 470 3282 41.
502 3227 606 3283 Kal
643 3230 743 3302 τὴν
780 3230 1106 3302 άναὸὅησιν,
1141 3231 1206 3302 ήν
1243 3231 1521 3285 ποιοῦνται
1561 3232 1754 3293 νυκτὸς
1781 3234 1875 3287 καὶ

2042 3222 2131 3277 41.
2154 3223 2220 3277 Et
2242 3223 2554 3286 clamorem,
2589 3237 2749 3292 quem
2773 3222 3027 3278 emittunt
3063 3232 3221 3279 nocte
3252 3231 3415 3293 atque
3435 3222 3542 3291 die,

309 3320 528 3392 ἡμέρας
542 3324 797 3393 ἐκφυγεῖν
835 3324 936 3394 τὴν
965 3322 1259 3394 μέλλουσαν
1299 3324 1500 3395 κρίσιν,
1549 3324 1823 3396 πληρώσει
1855 3327 1884 3378 ὸ

1986 3325 2047 3370 ut
2080 3316 2291 3385 fugiant
2318 3324 2607 3370 venturum
2631 3315 2930 3386 judicium,
2959 3317 3211 3372 exaudiet
3250 3316 3540 3387 Dominus;

306 3408 539 3482 Κύριος⁸
572 3411 793 3479 ἀξιώσει
822 3412 929 3485 γὰρ
952 3413 1028 3485 (5)
1065 3414 1260 3478 αὐτοὺς
1280 3415 1379 3484 τῆς
1396 3416 1612 3469 αἰωνίου
1638 3416 1874 3488 χάριτος.

1359 3416 1612 3479 ςαίωνίου
1638 3416 1874 3488 χάριτος,
1950 3424 2103 3483 7nam
2133 3407 2360 3462 donabit
2392 3423 2488 3463 eos
2517 3408 2689 3479 gratia
2715 3416 2935 3463 aeterna.

380 3501 468 3556 42.
512 3501 575 3555 Ἢ
629 3502 866 3574 συλλαϐὴ
907 3507 941 3574 ή
984 3505 1362 3577 παρακειμένη
1408 3505 1487 3578 τῷ
1537 3506 1722 3578 στίχῳ,
1757 3508 1879 3578 ἥτις

2044 3500 2134 3554 42.
2173 3497 2388 3571 Syllaba
2411 3499 2594 3554 versui
2626 3498 2871 3569 apposita
2892 3540 2907 3563 ,
2933 3514 3054 3569 quae
3077 3507 3161 3555 est
3186 3497 3307 3556 Sent
3329 3541 3344 3568 ,
3375 3500 3546 3557 inter-

306 3589 387 3661 (6)
432 3591 580 3644 ἑστὶν
619 3591 761 3661 Σὲμ.
819 3594 1179 3666 ἑρμηνεύεται
1209 3595 1429 3664 ὄνομαο
1460 3596 1520 3649 τὸ
1566 3596 1736 3668 ὄνομα
1784 3594 1878 3652 οὖν

1974 3603 2220 3663 pretatur
2248 3609 2435 3647 nomen
2466 3609 2485 3646 :
2521 3607 2719 3647 nomen
2768 3592 2934 3661 igitur
2977 3592 3190 3648 Domini
3233 3596 3547 3650 invocatqu

302 3681 401 3735 τοῦ
428 3680 629 3753 Κυρίου
657 3681 1088 3754 ἑπικεκλημένον
1130 3685 1222 3738 ἐπὶ
1250 3686 1377 3749 τοὺς
1415 3685 1746 3755 ἀγαπῶντας
1782 3689 1878 3742 αύ-

1464 3686 1746 3755 γαπῶντας
1782 3689 1878 3742 αύ-
1976 3700 2143 3755 super
2167 3685 2454 3755 diligentes
2479 3698 2604 3739 eum
2633 3684 2871 3740 custodit
2895 3683 3040 3739 illos.

302 3769 397 3823 τὸν
432 3769 687 3840 φυλάττει
716 3772 932 3835 αύτούς.

376 3861 465 3917 45.
492 3861 811 3934 Παραδώσει
833 3861 910 3934 τῷ
939 3862 1139 3935 αἰωνίῳ
1161 3864 1312 3935 πυρί.

1185 3864 1312 3935 πυρί,
2047 3857 2135 3911 45.
2167 3856 2363 3912 Tradet
2390 3857 2502 3928 igni
2540 3864 2761 3912 aeterno.

374 3952 461 4007 44.
511 3954 577 4006 Ἡ
606 3953 683 4023 τῷ
733 3953 898 4026 στίχῳ
933 3956 1310 4027 παρακειμένη
1372 3956 1605 4030 συλλαϐὴ
1643 3960 1676 4030 ή
1718 3958 1872 4027 λεγο-

2049 3947 2138 4001 44.
2173 3947 2388 4019 Syllaba
2435 3948 2616 4003 versui
2659 3946 2922 4016 ascripta,
2948 3961 3069 4017 quae
3104 3954 3326 4001 vocatur
3362 3945 3532 4017 Τέιαιι,

305 4039 444 4114 μένη
477 4042 596 4097 Θαῦ
631 4042 706 4113 (7)
737 4043 1094 4115 ἑρμηνεύεται
1127 4045 1396 4115 σημεῖον,
1434 4047 1527 4101 καὶ
1570 4049 1772 4115 κλίσις
1793 4089 1807 4113 ,
1836 4049 1870 4120 ἢ

1979 4039 2367 4111 interpretatur
2388 4041 2595 4111 signum
2621 4050 2673 4095 et
2694 4039 2989 4103 inclinatio,
3011 4046 3103 4093 aut
3118 4039 3496 4092 consummatio
3513 4054 3532 4092 :

301 4130 629 4186 συντέλεια
653 4149 666 4163 ·
700 4132 798 4204 τὴν
827 4131 985 4198 δόξαν
1014 4128 1107 4188 οὖν
1148 4133 1241 4189 τοῦ
1280 4135 1517 4206 σταυροῦ
1562 4137 1745 4203 αὐτοῦ,
1778 4138 1870 4191 καὶ

1978 4132 2202 4204 gloriam
2234 4132 2398 4202 igitur
2425 4130 2603 4186 crucis
2624 4145 2771 4195 suae,
2810 4138 2865 4183 et
2887 4127 3409 4183 consummationem
3431 4142 3532 4182 sae-

301 4220 403 4293 τὴν
435 4222 738 4277 συντέλειαν
778 4224 871 4278 τοῦ
916 4225 1114 4289 αἰῶνος
1142 4227 1202 4278 ἑν
1236 4224 1314 4296 τῷ
1339 4225 1560 4297 ψαλμῷ,
1588 4226 1754 4296 λέγει,
1792 4229 1871 4282 δι-

1365 4225 1560 4297 ιαλμῷ,
1588 4226 1754 4296 λέγει,
1792 4229 1871 4282 δι-
1974 4225 2083 4280 culi
2120 4224 2172 4278 in
2204 4224 2433 4296 psalmo,
2463 4223 2658 4293 inquit,
2690 4221 2941 4277 narrabo.

418 4328 478 4364 σο
522 4329 599 4365 αι.

298 4313 608 4457 ηἾ5.ιὶαὶ
639 4402 906 4469 δοξαζέτω
947 4403 1016 4457 δι’
1053 4404 1228 4475 ἔργων
1267 4404 1488 4473 ἀγαθῶν
1529 4408 1635 4469 πᾶς
1659 4405 1870 4478 ἄνθρω-

2041 4400 2130 4455 45.
2159 4400 2222 4454 Et
2244 4399 2504 4470 glorificet
2547 4397 2804 4468 operibus
2849 4395 3006 4452 bonis
3031 4394 3212 4452 omnis
3242 4394 3405 4451 homo
3425 4408 3528 4461 no-

303 4510 406 4557 πος
430 4493 492 4547 τὸ
517 4493 685 4566 ὄνομα
713 4497 774 4549 τὸ
800 4494 954 4564 ἅγιον
982 4495 1167 4549 αὑτοῦ.

982 4495 1167 4549 αὑτοῦ.
1970 4507 2093 4548 men
2117 4500 2364 4546 sanctum
2393 4490 2533 4560 ejus.

371 4584 467 4639 46.
498 4584 606 4638 Kal
627 4586 685 4639 ἑν
714 4585 791 4657 τῷ
816 4588 913 4643 νῦν
934 4586 1029 4640 καὶ
1055 4588 1115 4641 ἑν
1136 4585 1213 4657 τῷ
1245 4586 1490 4658 μέλλοντι
1518 4586 1694 4642 αἰῶνι.
1897 4603 1944 4658 ι)

1473 4605 1490 4640 ι
1518 4586 1694 4642 αἰῶνι.
1897 4603 1944 4658 ι)
2041 4584 2128 4639 46.
2164 4584 2228 4639 Et
2252 4598 2395 4638 nunc
2424 4591 2479 4637 et
2512 4582 2566 4635 in
2590 4579 2776 4635 futuro
2798 4577 3048 4636 saeculo.-

1183 4764 1493 4826 Addenda
1547 4769 1608 4824 et
1652 4762 2026 4842 corrigenda
2084 4780 2160 4824 ex
2208 4761 2347 4823 cod.
2381 4758 2579 4822 Vatic.

371 4966 446 5038 (1)
490 4968 682 5040 Αὐτοῦ,
709 4969 889 5035 καθὼς
915 4973 944 5025 ὁ
978 4971 1299 5036 Ἀπὸστολος
1341 4970 1525 5040 λέγει’
1560 4968 1664 5024 Kal
1697 4971 1751 5023 αἰ
1778 4970 1863 5024 ἑν·
1964 4969 2124 5024 πάλιν
2146 4970 2439 5040 ἔσταιβῑε.

294 5036 447 5111 στολαὶ
467 5039 633 5111 αὑτοῦ,
659 5040 872 5111 βαρεῖαι
891 5043 991 5095 οὐκ
1011 5042 1167 5097 εἰσίν.
1414 5036 1425 5040 ’
2031 5039 2107 5110 (5)
2148 5039 2461 5111 νΠληρῴσει,
2488 5037 2547 5102 ὃς
2570 5036 2796 5111 -ἀξιώσει
2839 5037 2968 5107 γάρ,
2987 5042 3101 5111 fle.

472 5108 595 5182 Τρζς
617 5099 790 5182 ἀγξόις
820 5110 1005 5166 αὑτοῦ.
1592 5181 1595 5182 7
1777 5181 1785 5182 7
1831 5180 1839 5182 7
2144 5110 2207 5163 Ἦ
2240 5099 2475 5182 συλλαβὴ
2564 5099 2650 5163 διᾶ
2693 5110 2788 5179 τῆς
2826 5099 3191 5174 σξινναὸάρεως
3221 5099 3299 5171 τῷ
3349 5099 3517 5170 στίχῳ

365 5177 443 5247 (5)
471 5178 644 5260 Μόνον
690 5179 947 5260 θεάσηται
970 5220 984 5245 ,
1019 5189 1147 5260 etc.,
1186 5182 1220 5252 ή
1264 5182 1499 5260 συλλαϐὴ
1540 5181 1649 5251 γάρ
1692 5184 1725 5254 ἡ
1767 5180 1856 5235 διὰ
1958 5177 2363 5260 παρακειμένῃ,
2398 5177 2540 5260 ἦςἰς)
2571 5188 2674 5233 0“!-
2702 5177 2759 5260 ,ξ
2976 5259 2987 5260 7
3026 5238 3190 5260 “An
3239 5238 3307 5260 Δ..
3353 5238 3431 5260 __,

289 5238 859 5325 ﬁg_a:tty_!a6apstpg,ﬁ
895 5238 1184 5325 λεγομένέι,
1208 5238 1347 5316 ἐκ..
1386 5238 1729 5325 ξπιῲοῖισῖμαξ
1746 5262 1852 5325 etc.

2030 5238 2106 5318 ('7)
2147 5238 2219 5301 ’θ’
2251 5238 2360 5325 διδῖ
2392 5238 2906 5325 ῥῆξ’κινγαδάρεφς
2957 5238 3195 5325 ἔτυλλαξὴ
3227 5238 3312 5325 ἒξῦ
3348 5238 3515 5325 στίκῖίὲ

367 5307 443 5383 (4)
475 5307 924 5404 Ἐρμηᾷεύέᾕιέκή
949 5307 1039 5373 8ιᾶ
1223 5307 1591 5404 κινναϐάρεως
1618 5307 1853 5404 συλλαὸὴ
1958 5307 2352 5404 παράξειμὼη,
2381 5321 2414 5390 ή
2441 5307 2725 5389 λεγομένη,
2754 5307 2898 5383 Gai"),
2921 5320 3048 5380 etc.,
3072 5310 3165 5364 κα)⁵
3184 5307 3385 5370 mag,
3421 5307 3515 5361 καὶ

290 5385 326 5438 ἡ
356 5401 413 5439 π.
446 5402 495 5438 τ.
521 5385 602 5441 cf.
637 5385 675 5458 ή
714 5388 764 5445 λ.
802 5385 948 5459 Ῥήξ.
986 5385 1231 5460 κεφαλή,
1257 5398 1360 5447 etc.
1392 5385 1483 5445 οὖν
1506 5390 1676 5458 ἔσται,
1720 5385 1852 5457 θιαζ

802 5385 948 5459 Ῥήξ.
986 5385 1231 5460 κεφαλή,
1257 5398 1360 5447 etc.
1392 5385 1483 5445 οὖν
1506 5390 1676 5458 ἔσται,
1720 5385 1852 5457 etc.,
1959 5385 2251 5458 συντέλεια,
2276 5385 2377 5445 etc.
