3990 6208
373 251 501 307 1521
1230 251 1321 307 DE
1358 251 1629 310 TlTULlS
1662 252 2108 311 PSALMORUM.
2149 285 2218 296 —
2255 256 2453 313 PSAL.
2497 258 2726 313 CXLVI.
3442 266 3582 322 {322

436 369 521 422 11.
561 367 661 421 Τὸν
687 368 1019 443 φυλάσσοντα
1044 371 1299 444 ἀλήθειαν
1332 375 1411 437 είς
1432 375 1523 429 τὸν
1548 375 1720 429 αίῶνα
1740 392 1756 407 ι
1947 380 1992 436 Α

1745 392 1756 407 ι
1947 380 1992 436 Α
2088 375 2177 429 11.
2219 374 2322 443 Qui
2348 376 2590 432 custodit
2607 377 2889 433 veritatem
2922 376 2979 432 in
3010 380 3269 436 saaculum
3306 398 3321 435 :

436 457 523 511 12.
561 457 818 512 Ποιοῦντα
850 462 1023 531 κρῖμα
1050 462 1162 524 τοῖς
1185 461 1561 535 ἀδικουμένοις
1580 482 1593 494 ·

2094 467 2180 522 12.
2214 466 2364 523 Facit
2385 468 2654 538 judicium
2678 468 2933 539 injuriam
2966 470 3298 539 patientibus
3330 487 3346 526 :

434 550 519 604 15.
557 550 775 604 Διδόντα
794 551 997 622 τροφὴν
1019 554 1130 614 τοῖς
1156 554 1401 610 πεινῶσι.

1366 574 1401 610 ι.
2094 559 2179 613 1⁸5.
2212 557 2316 613 Dat
2349 574 2529 614 escam
2555 560 2942 616 esurientibus.

433 640 519 695 14.
557 640 757 711 Κύριος
787 641 901 695 λύει
930 642 1336 714 πεπεδημένους
1354 662 1369 675 ο

2093 649 2179 704 14.
2216 648 2481 705 Dominus
2510 650 2673 705 solvit
2704 652 3076 722 compeditos:

431 731 516 784 15.
557 731 756 804 Κύριος
790 737 943 803 σοφοῖ
968 733 1198 803 τυφλούς
1222 753 1236 765 ·

2092 737 2179 793 15.
2217 736 2481 792 Dominus
2508 737 2780 792 illuminat
2805 754 2981 796 caecos
3010 756 3026 794 :

431 821 516 875 16.
553 820 755 893 Κύριος
788 822 1001 895 ἀνορθοῖ
1027 828 1529 898 κατεῤῥαγμένους.

1343 828 1529 890 ,ένουςο
2095 827 2179 883 16.
2224 827 2485 884 Dominus
2522 828 2680 899 erigit
2705 829 2872 885 elisos
2907 848 2919 883 :

429 912 515 966 17.
554 912 754 984 Κύριος
785 914 973 987 ἀγαπᾷ
999 914 1241 980 δικαίους
1261 933 1275 948 ο

2093 919 2180 973 17.
2214 916 2482 974 Dominus
2506 917 2683 989 diligit
2704 918 2882 988 justos
2914 939 2928 974 :

429 1003 515 1059 18.
554 1003 755 1076 Κύριος
784 1005 1043 1076 φυλάσσει
1065 1008 1191 1072 τοὺς
1223 1008 1605 1079 προσηλύτους.

1465 1026 1605 1073 τους.
2092 1009 2181 1064 18.
2217 1008 2474 1065 Dominus
2506 1011 2746 1065 custodit
2780 1011 3039 1066 advenas.

429 1093 512 1148 19.
535 1096 796 1166 Ὀρφανὸν
828 1098 920 1151 καὶ
953 1100 1129 1169 χήραν
1160 1098 1511 1170 ἀναλήψεται,

2093 1100 2181 1154 19.
2211 1098 2501 1170 Pupillum,
2529 1108 2584 1155 et
2613 1100 2831 1155 viduam
2865 1100 3163 1169 suscipiet,

425 1184 514 1239 20.
554 1186 663 1238 Καὶ
690 1186 806 1241 ὁδὸν
835 1188 1170 1260 ἁμαρτωλῶν
1198 1189 1435 1258 ἀφανιεῖ.

2091 1189 2185 1244 20.
2219 1190 2286 1245 Et
2319 1190 2437 1246 vias
2465 1199 2813 1261 peccatorum
2841 1190 3140 1262 disperdet.

425 1275 515 1329 21.
554 1276 860 1331 Βασιλεύσει
905 1278 1106 1350 Κύριος
1148 1281 1227 1344 εἰς
1278 1280 1371 1333 τὸν
1413 1279 1653 1344 αίῶνα,ὀ
1683 1281 1757 1351 (α)
1788 1280 1916 1346 Θεός

2089 1281 2180 1335 21.
2217 1280 2483 1350 Regnabit
2503 1282 2765 1337 Dominus
2792 1281 2845 1336 in
2884 1281 3080 1338 saecula
3112 1279 3254 1336 Deus
3278 1288 3404 1335 tuus
3425 1276 3577 1346 Sion,

360 1383 451 1420 σου
480 1366 638 1432 Σιὼν,
2687 1361 2692 1369 ’

422 1458 509 1512 22.
550 1460 641 1524 Εἰς
672 1460 859 1529 γενεὰν
890 1462 980 1514 καὶ
1019 1462 1232 1530 γενεάν.

2085 1455 2177 1511 22.
2213 1456 2268 1510 1η
2299 1457 2700 1527 generationem
2733 1466 2788 1511 et
2826 1458 3247 1528 generationem.

354 1549 723 1617 Ἀνιῖηλούτα.
742 1553 1006 1623 Ἀγγαίου
1035 1554 1133 1606 καί
1165 1553 1482 1621 Ζαχαρίου.
1518 1555 1688 1606 ΨΑΛ.
1714 1554 1907 1619 ΡΜςν.

2099 1548 2346 1602 Alleluia.
2383 1548 2564 1618 Aggwi
2592 1557 2643 1603 et
2673 1547 2972 1605 Zachariae.
3016 1546 3216 1604 PSAL.
3258 1542 3507 1604 CXLVI.

424 1643 474 1695 1.
513 1643 716 1696 Αἰνεῖτε
740 1643 828 1695 τὸν
862 1642 1083 1714 Κύριον,
1113 1644 1195 1696 ὅτι
1223 1641 1425 1710 ἀγαθὸν
1451 1641 1663 1713 ψαλμός
1683 1659 1697 1673 ο

2086 1640 2137 1694 1.
2174 1637 2414 1694 Laudate
2449 1637 2737 1695 Dominum
2758 1681 2774 1708 ,
2818 1640 3079 1712 quoniam
3102 1640 3303 1695 bonum
3333 1647 3417 1694 est
3442 1638 3582 1708 psal-

2015 1744 2139 1783 mus
2180 1746 2193 1781 ε

422 1845 498 1913 (α)
538 1842 687 1900 Vers.
717 1845 877 1898 22311
912 1844 1041 1909 Θεὸς
1076 1861 1193 1909 σου,
1224 1852 1355 1910 etc.,
1398 1860 1571 1914 usque
1599 1844 1665 1899 ad
1699 1845 1793 1898 ml
1825 1844 2039 1914 γενεάν.

1454 1978 1836 2033 ATHANASII
1876 1978 2460 2037 INTERPRETATIO.

422 2095 507 2149 11.
548 2093 650 2147 Τὸν
674 2093 876 2164 ἀψευδῆ
890 2093 1019 2148 Θεὸν
1038 2093 1126 2147 τὸν
1146 2093 1483 2166 φρουροῦντα
1499 2096 1675 2150 πᾶσαν
1694 2096 1918 2168 καρδίαν
1949 2102 1992 2161 Β

2089 2098 2175 2152 11.
2210 2096 2316 2163 Qui
2347 2111 2511 2152 verax
2547 2093 2689 2151 Deus
2725 2100 2810 2151 est
2854 2070 3167 2151 custodiens
3195 2096 3371 2150 corda“
3399 2096 3581 2151 omnia

350 2186 458 2240 τῶν
481 2185 647 2255 ἀγίων
670 2184 857 2239 αὐτοῦ.

2019 2197 2329 2246 sanctorum
2365 2203 2590 2244 suorum
2600 2230 2612 2243 .

422 2277 505 2330 12.
544 2276 800 2330 Ποιοῢντα
837 2275 1110 2347 ἐκδίκησιν
1153 2276 1248 2329 ml
1292 2277 1348 2329 ὲν
1377 2275 1452 2346 τῷ
1482 2276 1598 2340 νῦν,
1632 2279 1725 2330 καὶ
1756 2279 1814 2331 ὲν
1837 2277 1916 2349 τῷ

2088 2278 2174 2333 12.
2204 2276 2530 2340 Vindicans,
2575 2285 2630 2332 et
2657 2275 2713 2330 in
2752 2276 3035 2346 praesenti,
3072 2284 3125 2331 et
3163 2277 3217 2331 in
3252 2277 3436 2331 futuro
3479 2294 3580 2334 επ·
3640 2280 3642 2287 ’

352 2368 592 2439 μέλλοντι
626 2369 780 2423 αἰῶνι
808 2372 922 2432 τοῖς
955 2366 1465 2437 καταπονουμένοις,
1500 2367 1533 2439 ἢ
1569 2367 1672 2420 ὑπὸ
1704 2368 1912 2440 ἀνθρώο

2015 2370 2139 2425 culo
2194 2360 2446 2432 afﬂictos,
2487 2377 2582 2423 aut
2628 2368 2698 2422 ab
2726 2367 3070 2435 hominibus,
3103 2376 3197 2423 aut
3221 2383 3251 2422 a
3286 2370 3576 2425 contrariis

348 2462 537 2533 πων,ἢ
566 2461 669 2515 ὑπὸ
696 2461 804 2515 τῶν
833 2462 1088 2517 ἐναντίων
1112 2462 1411 2533 δυνάμεων.

833 2462 1088 2517 ἐναντίων
1112 2462 1411 2533 δυνάμεων.
2015 2458 2402 2530 potestatibus.

417 2553 505 2609 15.
533 2553 606 2606 Τὸ
630 2555 726 2625 μὲν
755 2554 917 2608 ίδικὸν
945 2554 1099 2625 δῆλόν
1128 2555 1395 2619 ὲστιν,ὃτι
1416 2552 1577 2617 αὐτὸς
1598 2553 1786 2626 τρέφει
1807 2555 1913 2607 πᾶ-

2085 2550 2173 2605 15.
2200 2549 2462 2621 Proprias
2481 2549 2702 2620 quidem
2730 2563 2926 2605 sensus
2949 2549 3273 2605 manifestus
3289 2558 3393 2615 est,
3431 2550 3572 2620 quod

348 2661 447 2699 σαν
470 2645 647 2716 σάρκα
671 2663 686 2678 ο
717 2647 865 2716 ὅμως
890 2646 945 2699 δὲ
971 2645 1047 2714 (1)
1073 2645 1167 2699 καὶ
1189 2646 1344 2698 τοῦτο
1368 2644 1673 2718 θεωρεῖται,
1699 2646 1781 2698 ὅτι
1803 2648 1915 2711 τοῖς

2015 2642 2132 2712 ipse
2169 2657 2390 2696 omnem
2420 2656 2640 2695 carnem
2664 2640 2760 2695 alit
2787 2656 2801 2694 :
2827 2650 3201 2695 verumtamen
3223 2640 3273 2695 id
3291 2641 3577 2711 allegorice

346 2738 566 2793 ποθοῦσι
591 2740 691 2810 τὴν
722 2738 880 2810 χάριν
904 2736 1070 2793 αὑτοῦ
1106 2737 1371 2801 πλουσίως
1401 2737 1568 2807 αὐτὴν
1601 2737 1846 2809 παρέχει.

2011 2731 2174 2786 etiam
2209 2730 2474 2800 explicari
2536 2739 2752 2799 potest,
2807 2729 2953 2800 quod
2988 2729 3421 2786 desiderantibus
3450 2745 3574 2801 gra-

2011 2824 2142 2878 tiam
2167 2838 2323 2878 suam
2356 2823 2698 2878 abundanter
2739 2823 2911 2893 ipsam
2943 2823 3180 2879 exhibet.

415 2913 500 2968 14.
539 2913 675 2976 Τοὺς
707 2912 1162 2983 συνεσφιγμένους
1190 2912 1294 2966 ὑπὸ
1325 2912 1431 2965 τῶν
1462 2911 1604 2966 ίδίων
1634 2912 1708 2983 (2)
1733 2914 1911 2984 ἀμαρ-

2082 2912 2170 2967 14.
2209 2912 2551 2969 Constrictos
2592 2928 2623 2968 a
2667 2912 2902 2984 propriis
2954 2913 3192 2983 peccatis
3242 2912 3437 2969 liberat
3480 2927 3575 2969 eos

344 3002 471 3058 τιῶν
500 3003 826 3058 ἀπαλλάττει
851 3003 1049 3067 αὐτοὺς
1076 3004 1166 3058 διά
1190 3005 1288 3075 τῆς
1309 3005 1528 3076 χάριτος
1557 3004 1744 3061 αὐτοῦ.

747 3021 826 3057 τει
851 3003 1049 3067 αὐτοὺς
1076 3004 1166 3058 διά
1190 3005 1288 3075 τῆς
1309 3005 1528 3076 χάριτος
1557 3004 1744 3061 αὐτοῦ.
2009 3004 2183 3074 gratia
2204 3019 2323 3060 sua.

412 3094 499 3149 15.
529 3095 665 3157 Τοὺς
688 3094 1115 3165 πεπηρωμένους
1146 3094 1223 3165 (5)
1249 3094 1348 3166 τὴν
1365 3094 1602 3149 διάνοιαν
1630 3099 1783 3164 σοφοί
1813 3097 1909 3151 αὐ-

2078 3094 2167 3150 15.
2215 3094 2392 3150 Mente
2435 3101 2738 3151 excaacatos
2791 3097 3068 3165 sapientes
3115 3095 3292 3149 reddit
3318 3110 3433 3161 eos,
3466 3110 3573 3150 non

341 3187 485 3249 τοὺς,
516 3187 576 3239 οὐ
623 3187 723 3258 τὴν
770 3187 961 3255 σοφίαν
1003 3183 1098 3240 τοῦ
1137 3185 1341 3258 κόσμου
1380 3187 1591 3253 τούτου,
1626 3187 1759 3241 ἀλλά
1809 3189 1906 3259 τὴν

2007 3186 2272 3255 sapientia
2298 3186 2462 3256 hujus
2502 3185 2727 3254 mundi,
2760 3187 2854 3242 sed
2901 3185 3262 3256 insuperabili
3295 3186 3572 3256 [immuta—

343 3278 591 3350 ἀνίκητον
619 3277 915 3350 [ἀκίνητον]
947 3279 1040 3331 καὶ
1064 3277 1435 3350 ἀτελεύτητον.

898 3277 915 3350 ]
947 3279 1040 3331 καὶ
1064 3277 1435 3350 ἀτελεύτητον.
2005 3274 2125 3348 bili]
2164 3287 2217 3331 et
2253 3284 2474 3330 aeterna.

411 3368 497 3424 16.
542 3368 743 3439 Κύριος
778 3367 1041 3440 ἀνεγείρει
1072 3369 1199 3433 τοὺς
1231 3368 1640 3433 καταπεσόντας
1682 3371 1739 3423 ἐν
1784 3371 1905 3433 ταῖς

1682 3371 1739 3423 έν
1784 3371 1905 3433 ταῖς
2077 3364 2171 3420 16.
2202 3364 2465 3422 Dominus
2500 3366 2661 3439 erigit
2684 3382 2868 3437 lapsos
2890 3367 2946 3421 in
2981 3376 3222 3437 peccata.

340 3458 654 3530 ἁμαρτίαις.
1929 3472 1973 3532 c

410 3550 435 3602 1
447 3550 664 3603 7.”Ωστε
682 3549 772 3601 καὶ
787 3548 882 3647 την
897 3548 1074 3619 ψυχὴν
1087 3548 1251 3602 αὐτοῦ
1268 3550 1347 3619 (4)
1368 3549 1537 3604 θεῖναι
1555 3549 1693 3621 ὑπὲρ
1708 3549 1905 3603 αὐτῶν.

2088 3557 2176 3611 17.
2211 3557 2362 3616 Adeo
2394 3569 2452 3614 ut
2479 3568 2535 3616 et
2562 3563 2802 3617 animam
2842 3579 2994 3618 suam
3026 3580 3124 3632 pro
3148 3564 3279 3633 ipsis
3309 3564 3565 3633 posuerit.

408 3642 497 3695 18.
536 3641 672 3703 Τοὺς
718 3637 1155 3711 προσφεύγοντας
1189 3639 1336 3710 αὐτῷ
1387 3641 1574 3694 σκέπει
1614 3644 1679 3712 τῇ
1730 3642 1908 3712 χάριτι

2084 3647 2171 3702 18.
2207 3648 2595 3721 Confugientes
2623 3652 2689 3706 ad
2722 3653 2900 3720 ipsum
2928 3653 3165 3722 protegit
3184 3654 3356 3722 gratia
3379 3668 3499 3708 sua.
3635 3637 3643 3647 ’

339 3728 525 3784 αὐτοῦ.

410 3821 495 3877 19.
536 3821 608 3873 Τὸ
660 3821 756 3890 μὲν
800 3819 993 3872 εἰδικὸν
1023 3818 1179 3889 δῆλόν
1212 3819 1380 3884 ἐστιν,
1437 3820 1516 3871 ὃτι
1556 3819 1787 3889 ὀρφανὸν
1814 3820 1907 3872 καὶ

2081 3824 2168 3878 19.
2204 3822 2412 3882 Sensus
2433 3826 2649 3897 quidem
2677 3829 2932 3898 proprius
2956 3829 3277 3884 manifestus
3299 3837 3401 3893 est,
3424 3830 3566 3898 quod

337 3914 507 3983 χήραν
539 3908 970 3981 ἀναλαμϐάνεται
992 3926 1007 3941 ο
1054 3909 1183 3982 περὶ
1221 3910 1276 3963 δὲ
1308 3910 1401 3962 τοῦ
1432 3910 1711 3964 νεανίσκου
1737 3910 1903 3979 λέγει,

2012 3915 2200 3983 pupilli
2239 3925 2293 3971 et
2334 3916 2509 3971 viduae
2530 3932 2715 3972 curam
2749 3919 3014 3988 suscipit:
3050 3920 3337 3989 allegorice
3389 3930 3569 3975 autem

337 3996 398 4057 οὗ
426 4001 716 4072 ἀνέστησεν
748 4003 777 4053 ὁ
803 3999 1003 4071 Κύριος
1048 4001 1105 4053 ὲν
1146 4003 1210 4069 τῇ
1255 3997 1411 4064 Ναίν,
1446 3999 1540 4052 καὶ
1578 4000 1677 4070 τῆς
1715 3998 1903 4052 τούτου

2009 4002 2249 4071 loquitur
2291 4005 2358 4061 de
2402 4006 2634 4076 juvene,
2681 4024 2843 4078 quem
2890 4009 3148 4066 Dominus
3187 4011 3468 4065 suscitavit
3514 4012 3565 4065 in

342 4092 565 4164 μητρόςο

2010 4095 2145 4149 urbe
2166 4095 2326 4164 Nain,
2350 4106 2405 4152 et
2432 4099 2498 4153 de
2518 4099 2664 4155 illius
2689 4109 2886 4157 matre.
3195 4164 3202 4171 ,

405 4176 494 4230 20.
535 4176 641 4228 Καὶ
686 4177 863 4230 πᾶσαν
895 4176 992 4249 τὴν
1024 4176 1337 4248 ἐπιθυμίαν,
1388 4178 1481 4231 ml
1520 4176 1618 4248 τὴν
1666 4175 1902 4246 ἀπάτην,

2078 4184 2168 4239 20.
2205 4185 2271 4239 Et
2297 4202 2510 4243 omnem
2535 4191 3030 4259 concupiscentiam
3056 4233 3071 4256 ,
3118 4201 3172 4246 et
3194 4192 3564 4263 deceptionem

337 4268 431 4322 ml
458 4268 553 4340 τὴν
579 4267 920 4323 διδασκαλίαν
950 4267 1056 4322 τῶν
1079 4269 1354 4340 ἀρχόντων
1378 4269 1472 4323 τοῦ
1501 4269 1691 4332 αἰῶνος
1714 4267 1903 4321 τούτου

1850 4284 1903 4321 πυ
2008 4281 2064 4327 et
2097 4273 2399 4331 doctrinam
2426 4276 2730 4349 principum
2762 4280 2924 4351 hujus
2952 4282 3135 4336 saeculi
3159 4282 3426 4337 conﬁciet.

341 4358 662 4416 συντελέσει.

409 4377 662 4416 ντεΛεσει.

405 4451 494 4517 21,
520 4452 610 4505 22.
653 4450 729 4521 (5)
765 4449 1154 4521 Ἀτελευτήτως
1195 4452 1224 4503 ὁ
1264 4450 1395 4514 Θεός
1449 4466 1541 4503 σου
1574 4459 1607 4522 η
1658 4450 1768 4503 ἀνω
1811 4450 1903 4502 Ἰε-

2077 4449 2169 4515 21,
2191 4449 2281 4504 22.
2307 4448 2369 4504 in
2391 4458 2655 4505 aeternum
2680 4448 2821 4507 Deus
2848 4459 2974 4506 tuus
2996 4466 3230 4521 superna
3247 4450 3566 4518 Jerusalem,

340 4542 633 4614 ρουσαλὴμ,
659 4542 785 4597 ἔνθα
815 4544 873 4596 τὸ
897 4543 1211 4614 ἐπουράνιον
1236 4541 1615 4613 θυσιαστήριον
1643 4541 1899 4612 ὑπάρχει’

2006 4540 2096 4596 ιιὺὶ
2131 4540 2520 4611 supercoeleSIe
2560 4541 2731 4598 altare
2760 4543 2975 4598 exsistit
3007 4556 3022 4596 :
3055 4540 3180 4597 Sion
3214 4543 3358 4596 enim
3404 4542 3570 4597 inter-

339 4636 492 4690 Σιὼν
516 4636 625 4707 γὰρ
657 4635 1013 4707 ἑρμηνεύεται
1047 4636 1225 4700 τόπος
1249 4634 1399 4688 ὅπου
1432 4634 1469 4701 ἠ
1500 4632 1723 4701 σκηνὴ,
1746 4650 1901 4685 τουτ-

2004 4639 2246 4701 prctatur
2285 4630 2430 4717 locus
2485 4632 2575 4686 ubi
2605 4631 3034 4698 tabernaculum,
3072 4635 3175 4688 hoc
3212 4642 3294 4687 est
3330 4633 3420 4686 ubi
3477 4649 3568 4687 su-

339 4726 481 4779 έστιν
507 4729 636 4781 ὅπου
670 4728 731 4780 τὸ
759 4727 1073 4799 ἐπουράνιον
1106 4724 1506 4798 θυσιαστήριον.

1494 4764 1506 4776 .
1936 4740 1980 4795 ι)
2006 4722 2323 4794 percmleste
2347 4712 2533 4778 altare.
3048 4712 3066 4731 ’

419 4840 482 4893 Ἦ
519 4841 849 4913 προκειμένη
882 4840 1158 4912 ἐπιγραφὴ
1192 4840 1431 4912 περιέχει
1460 4838 1556 4912 (6)·
1598 4839 1967 4906 Ἁλληλούτα,
2019 4837 2282 4906 Ἀγγαίου
2315 4837 2414 4891 καί
2441 4838 2739 4906 Ζαχαρίου
2758 4855 2772 4868 ·
2797 4838 3130 4904 musicum
3159 4832 3250 4890 οὖν
3273 4834 3565 4905 ἑρμηνεύε-

410 4925 621 4983 Titulus
648 4929 967 4998 praepositus
1001 4930 1242 4985 continet
1272 4948 1285 4982 :
1319 4928 1549 4983 Alleluia
1569 4968 1584 4992 ,
1615 4929 1792 4998 Aggan'
1813 4968 1829 4993 ,
1866 4937 1918 4981 et
1944 4926 2233 4982 Zacharite'
2255 4943 2275 4980 :
2301 4927 2518 4981 alleluia
2554 4929 2719 4998 igitur
2744 4929 3129 4999 interpretatur
3152 4930 3268 4982 laus
3326 4939 3374 4981 et
3412 4927 3564 4996 hym-

410 5015 461 5071 1.
500 5018 704 5070 Αἰνεῖτε
744 5017 833 5070 τὸν
879 5017 1099 5090 Κύριον,
1128 5021 1208 5074 ὅτι
1251 5020 1350 5090 ήδὺ
1394 5017 1473 5089 τῷ
1521 5018 1642 5088 Θεῷ
1675 5018 1734 5071 τὸ
1766 5017 1906 5088 ψάλ-

2082 5020 2134 5072 1.
2168 5016 2411 5073 Laudate
2454 5017 2787 5086 Dominum,
2835 5020 3092 5090 quoniam
3136 5018 3435 5093 jucundum
3485 5025 3562 5072 est

340 5106 450 5159 λειν
482 5107 558 5179 (7)
590 5109 758 5180 αὐτῷ.

2013 5107 2142 5175 Deo,
2174 5117 2234 5163 ut
2256 5109 2358 5179 ipsi
2382 5109 2660 5179 psallatur.

1204 5223 1506 5297 Addenda
1535 5230 1598 5285 et
1633 5221 2006 5300 corrigenda
2037 5238 2113 5281 ex
2146 5221 2284 5283 cod.
2320 5222 2522 5284 Vatic.

414 5313 485 5385 (l)
525 5317 591 5370 Δέ
618 5318 787 5375 deest.

2008 5327 2136 5383 etc.,
2165 5319 2436 5372 τουτέστιν
2462 5321 2641 5384 τόπος,
2672 5323 2825 5386 ὅπου,
2851 5330 2954 5374 etc.

413 5386 488 5466 Q7)
514 5387 676 5466 15m”;
712 5388 881 5466 deest.
969 5460 981 5466 _
1138 5458 1149 5466 _
1174 5457 1186 5466 _
1629 5459 1638 5466 _

2080 5389 2153 5466 ςϋ)
2184 5389 2247 5440 Ἠ
2285 5388 2373 5466 διά
2404 5389 2897 5466 τῆς-κινναϐάρεως
2928 5390 3187 5466 περιέχει,
3219 5394 3347 5447 etc.,
3378 5386 3556 5466 .éppr‘:

522 5457 1070 5532 Hsﬁopmttévougleg.
1100 5457 1311 5512 videtur
1342 5459 1786 5529 πεπηρωμένους.

2006 5457 2217 5532 νεύεται
2262 5455 2709 5532 μνήμηΚυρίου,
2745 5455 2875 5525 étc.,
2916 5455 3297 5528 αἶνος,”ὓμνος
3336 5455 3413 5525 τῷ
3447 5455 3556 5524 θεῷ

412 5524 488 5598 (ξ)
526 5524 869 5598 Αὐτιῖἱν,’ίθε.
902 5524 1084 5582 αὐτοῦ.
1188 5596 1232 5598 77
1304 5595 1357 5598 η
1428 5597 1431 5598 7
1478 5524 1507 5528 ”
1536 5596 1551 5598 7
1578 5524 1603 5598 '7
1786 5597 1793 5598 7

972 5524 1084 5581 τοῦ.
1188 5596 1232 5598 77
1304 5595 1357 5598 η
1786 5597 1793 5598 7
2005 5526 2081 5598 τῷ
2117 5524 2547 5598 δντιπαρᾶ,ὀιο.

412 5594 488 5663 (5)
525 5596 591 5649 N.
635 5594 1149 5667 21.Ἀτελευτήτως.
1186 5596 1254 5651 Ν.
1296 5595 1386 5649 22.
1422 5597 1478 5649 '0
1524 5596 1652 5660 Θεὸς
1690 5599 1722 5666 ἡ
1766 5597 1895 5661 ἀνω,

949 5598 1149 5667 ιτήτως.
1186 5596 1254 5651 Ν.
1296 5595 1386 5649 22.
1422 5597 1478 5649 '0
1524 5596 1652 5660 Θεὸς
1690 5599 1722 5666 ἡ
1766 5597 1895 5661 ἀνω,
2053 5594 2151 5667 ’(7)
2191 5594 2389 5665 mam,
2420 5606 2525 5656 etc.

656 5690 923 5749 ΡΛτιιοι..
956 5690 1073 5749 Gn.
1113 5687 1369 5747 XXVII.
3246 5690 3318 5755 42
