3990 6208
508 286 539 339 1l
549 284 653 341 525

580 401 635 456 2.
669 400 779 457 Deo
809 410 996 458 nostro
1025 401 1095 456 sit
1118 399 1358 472 jucunda
1393 401 1655 456 laudatio.

581 493 635 548 5.
670 490 968 548 Edifleans
996 490 1294 547 Jerusalem
1321 490 1581 547 Dominus
1617 506 1631 545 :

581 585 635 639 4.
670 584 1040 655 Dispersiones
1069 583 1279 638 Israelis
1306 584 1671 653 congregabit.

581 676 631 730 5.
662 674 765 743 Qui
795 684 949 729 sanat
980 675 1244 728 contritos
1279 673 1474 739 corde;

580 766 629 821 6.
662 766 725 821 Et
764 765 946 835 alligat
976 765 1330 820 contritiones
1357 779 1562 827 eorum,

578 859 637 913 7.‘
665 857 768 924 Qui
800 866 1051 912 numerat
1077 856 1476 912 multitudinem
1509 856 1787 912 stellarum
1810 898 1824 922 ,

579 944 629 1001 8.
664 946 729 1002 Et
760 947 1013 1002 omnibus
1051 946 1131 1002 eis
1164 946 1381 1001 nomina
1414 955 1589 1001 vocat.

1313 285 1370 338 S.
1413 280 1788 338 ATHANASII
1826 280 1976 338 OPP.
2018 280 2198 338 PARS
2234 282 2320 338 111.
2367 312 2433 324 -
2472 282 2885 340 EXEGETICA.

3598 283 3740 344 ιτει

2105 409 2149 465 Α
2242 401 2296 457 2.
2335 401 2451 472 Θεῷ
2477 401 2723 474 ἡδυνθείη
2746 401 2965 466 αἴνεσις.

2245 496 2297 549 5.
2338 493 2644 565 Οίκοδομῶν
2682 492 3030 565 Ἰερουσαλὴμ
3052 494 3080 546 6
3106 491 3329 565 Κύριος’

2238 588 2291 641 5.
2331 586 2442 649 Τάς
2473 585 2769 656 διασπορὰς
2797 583 2891 637 τοῦ
2920 584 3136 656 Ἰσραὴλ
3162 583 3489 651 ἐπισυνάξει.

2240 676 2292 730 5.
2338 676 2394 730 '0
2427 674 2649 746 ἰώμενος
2676 675 2801 737 τοὺς
2825 674 3310 745 συντετριμμένους
3334 675 3430 743 τὴν
3472 670 3739 744 καρδίανο

2240 766 2291 821 6.
2327 766 2434 820 Kal.
2454 765 2729 836 δεσμεύων
2762 764 2831 819 τά
2854 767 3231 837 συντρίμματα
3251 763 3447 819 αὐτῶν.

2241 858 2294 910 7.
2338 856 2399 910 '0
2423 856 2669 930 ἀριθμῶν
2695 856 2872 928 πλήθη
2894 857 3105 927 ἄστρων
3123 894 3138 919 ,

2241 946 2294 1001 8.
2329 947 2439 1000 Kal
2468 948 2632 1000 πᾶσιν
2653 947 2835 1011 αὐτοῖς
2862 945 3099 1017 ὀνόματα
3124 943 3322 999 καλῶν.

1622 1091 1998 1147 ΑΤΗΑΝΑΒΙΙ
2034 1092 2617 1154 INTERPRETATIU.

511 1254 596 1291 ται
621 1231 788 1301 αἶνος
818 1234 913 1288 καὶ
953 1233 1171 1303 ὕμνος·
1199 1233 1461 1303 Ἀγγαίου
1492 1231 1548 1285 δὲ
1579 1231 1935 1302 ἑρμηνεύεται
1962 1231 2337 1301 ἐορτάζοντος
2356 1251 2370 1266 ·
2400 1238 2694 1306 Ζαχαρίου
2721 1237 2778 1290 δέ
2833 1237 3188 1308 ἑρμηνεύεται
3212 1237 3456 1308 μνήμης
3486 1235 3735 1308 Κυρίου.

508 1334 700 1405 Σαφῶς
726 1332 819 1389 οὖν
847 1331 1002 1385 τοῦτο
1033 1331 1196 1399 λέγει,
1229 1325 1375 1391 αἶνος
1399 1327 1490 1382 καὶ
1526 1327 1690 1398 ὕμνος
1711 1325 1789 1397 τῷ
1818 1326 1929 1380 ὄντι
1960 1326 2078 1398 Θεῷ
2117 1331 2265 1400 παρά
2292 1332 2385 1384 τοῦ
2414 1332 2760 1405 ἐορτάζοντος
2786 1333 2915 1386 λαοῦ
2953 1334 3046 1405 τὴν
3083 1337 3300 1407 μνήμην
3326 1336 3434 1389 τῶν
3476 1335 3736 1406 παθημά-

502 1449 614 1484 των
638 1418 820 1485 αύτοῗ).

509 1541 608 1579 nus
638 1542 655 1579 :
681 1524 858 1594 Aggcei
898 1532 1075 1577 autem
1131 1519 1315 1587 festum
1342 1518 1542 1586 agentis
1571 1530 1588 1566 :
1620 1513 1898 1569 Zachariae
1919 1523 2096 1570 autem
2139 1515 2525 1588 interpretatur
2563 1521 2827 1575 memoriae
2854 1519 3085 1574 Domini.
3115 1522 3309 1591 Aperte
3339 1523 3501 1594 igitur
3534 1524 3643 1578 hoc
3669 1524 3735 1576 si-

506 1620 748 1692 gnificat,
779 1618 899 1671 laus
928 1629 981 1670 et
1010 1618 1243 1684 hymnus
1272 1611 1381 1666 Deo
1427 1624 1557 1663 vero
1591 1624 1621 1662 a
1656 1608 1887 1678 populo,
1914 1609 2006 1679 qui
2043 1608 2241 1667 festum
2272 1615 2383 1686 agit
2417 1616 2696 1671 memoriae
2725 1618 2996 1686 passionis
3021 1618 3159 1689 ejus.

578 1731 632 1786 2.
664 1730 1024 1786 Delectabitur
1050 1727 1192 1782 enim
1225 1722 1537 1795 hujusmodi
1562 1722 1725 1777 laude
1759 1722 1923 1779 Deus.

578 1823 632 1877 3.
660 1819 959 1875 Jerusalem
997 1820 1380 1886 interpretatur
1413 1815 1543 1868 visio
1584 1814 1751 1883 pacis,
1794 1814 1954 1883 quale
1988 1822 2071 1868 est

510 1926 604 1967 cor
637 1910 790 1965 fidele
821 1928 833 1962 :
866 1907 1079 1978 singula
1130 1905 1294 1976 igitur
1343 1903 1657 1971 hujusmodi
1697 1903 1861 1956 corda
1910 1902 2071 1956 aedili-

509 2013 598 2059 cat
630 2001 912 2056 Dominus.
973 1995 1453 2051 Verumenimvero
1501 2008 1790 2063 supernam
1853 1990 2070 2048 Jerusa—

510 2096 613 2149 lem
644 2096 760 2164 ipse
785 2091 1106 2157 aedificavit;
1150 2098 1210 2144 et
1239 2088 1529 2143 multitudo
1572 2088 1890 2159 angelorum
1936 2088 2072 2143 dici-

512 2199 599 2241 tur
649 2185 947 2239 Jerusalem
973 2223 987 2248 ,
1033 2192 1086 2236 et
1123 2182 1379 2235 omnibus
1412 2178 1761 2233 manifestum
1788 2187 1891 2243 est,
1925 2179 2070 2248 quod

510 2279 626 2346 ipse
652 2291 747 2331 eos
777 2274 1007 2328 aediﬁcat
1033 2272 1257 2325 domum
1304 2269 1641 2340 spiritualem
1663 2311 1679 2337 ,
1711 2268 2070 2338 quemadmo-

508 2370 639 2424 dum
663 2366 838 2436 inquit
865 2365 1147 2434 apostolus
1176 2364 1241 2417 ¹⁰.

579 2459 631 2513 4.
664 2457 919 2528 Dispersa
950 2457 1193 2510 membra
1218 2463 1558 2518 sanctorum,
1581 2452 1685 2506 hoc
1709 2460 1795 2507 est
1818 2451 2068 2521 populos,

509 2551 602 2620 qui
625 2565 691 2604 ex
721 2547 923 2604 Iudaeis
949 2557 1111 2612 sunt,
1140 2556 1194 2601 et
1235 2545 1329 2616 qui
1369 2560 1439 2600 ex
1472 2544 1745 2613 gentibus,
1771 2557 2069 2613 congrega-

508 2641 591 2695 hit
613 2655 708 2710 per
731 2639 1040 2711 passionem
1065 2654 1243 2694 suam.
1268 2638 1447 2692 Aliam
1475 2637 1639 2692 etiam
1671 2634 2071 2705 interpretatio-

510 2747 635 2786 nem
679 2731 842 2801 hujus
869 2744 1058 2785 versus
1088 2730 1287 2784 dicam.
1339 2727 1510 2783 Israel
1557 2727 1941 2795 interpretatur
1992 2726 2071 2778 vi-

509 2823 635 2877 dens
685 2821 852 2876 Deum
887 2837 906 2875 :
946 2823 1145 2876 mentis
1185 2821 1347 2891 igitur
1380 2820 1616 2874 videntis
1671 2834 1796 2873 eum
1852 2831 2068 2871 omnem

497 2914 872 2985 captivitatem
900 2912 1284 2983 congregabit-,
1332 2919 1388 2967 et
1420 2911 1474 2965 in
1511 2925 1665 2966 suam
1714 2909 1943 2964 liberam
1974 2922 2072 2978 po-

502 3014 758 3062 testatem
794 3006 966 3076 ipsam
1008 3007 1275 3060 restituet.

2100 1713 2142 1767 Β
2237 1729 2290 1783 2.
2332 1730 2703 1801 Τερφθήσεται
2730 1732 2837 1803 γάρ
2860 1733 2950 1785 ἐπὶ
2970 1735 3035 1804 τῇ
3064 1731 3282 1803 τοιαύτῃ
3309 1732 3511 1784 αίνὲσει
3537 1734 3568 1785 ὁ
3589 1732 3732 1797 Θεύς.

2236 1821 2288 1875 '5.
2317 1821 2697 1891 Ἰερουσαλὴμ
2767 1824 3120 1895 ἑρμηνεύεται
3183 1825 3390 1893 ὅρασις
3454 1824 3732 1899 εἰρήνης,

2168 1909 2303 1980 ὅπερ
2336 1910 2568 1980 ὑπάρχει
2609 1912 2805 1983 καρδία
2853 1916 3015 1982 πιστή
3043 1932 3055 1944 ·
3105 1914 3337 1984 ἑκάστην
3367 1908 3461 1967 οὖν
3486 1915 3733 1983 τοιαύτην

2169 1999 2392 2069 καρδίαν
2425 2001 2695 2071 οἰκοδομεί
2737 2006 2764 2057 6
2794 2002 3210 2075 Κύριος.”ομως
3257 2004 3314 2057 δὲ
3359 2004 3436 2074 (1)
3486 2004 3587 2075 τὴν
3634 2006 3735 2058 ἀνω

2179 2090 2531 2164 Ἰερουσαλὴμ
2575 2094 2734 2157 αὐτὸς
2773 2094 3186 2165 ἐδημιούργησε,
3223 2095 3315 2148 καὶ
3360 2095 3422 2148 τὸ
3451 2096 3656 2166 πλῆθος
3684 2097 3733 2148 δέ

2168 2182 2275 2235 τῶν
2299 2183 2543 2251 ἀγγέλων
2566 2184 2781 2253 λέγεται
2810 2186 3177 2257 Ἰερουσαλὴμ,
3201 2187 3293 2240 καὶ
3319 2187 3478 2257 δῆλόν
3499 2189 3618 2240 ἐστι
3639 2189 3734 2240 πᾶ-

2171 2289 2243 2335 σι,
2273 2272 2463 2343 ὅτιπερ
2491 2273 2650 2335 αὐτὸς
2671 2273 2864 2336 αὐτοὺς
2884 2274 3155 2344 οἰκοδομεῖ
3174 2269 3319 2327 οἷκον
3347 2273 3731 2344 πνευματικὸν,

2169 2360 2347 2424 καθὼς
2378 2362 2454 2431 (‘2)
2485 2357 2637 2414 εἶπεν
2666 2361 3042 2425 ὁἈπὸστολος.

2238 2453 2291 2506 4.
2332 2452 2412 2505 Τὰ
2442 2453 2897 2523 διεσκορπισμένα
2944 2453 3080 2523 μέλη
3127 2451 3236 2506 τῶν
3279 2454 3472 2520 ἀγίων,
3497 2453 3733 2506 τουτέστι

2166 2545 2291 2607 τοὺς
2340 2543 2399 2610 ἐξ
2439 2545 2703 2599 Ἰουδαίων
2749 2544 2928 2608 λαοὺς,
2989 2546 3081 2598 καὶ
3123 2545 3246 2608 τοὺς
3284 2544 3343 2610 ἐξ
3385 2544 3590 2609 ἐθνῶν,
3624 2548 3732 2597 ἐπι-

2171 2634 2385 2699 συνάξει
2411 2632 2499 2686 διά
2526 2633 2619 2687 τοῦ
2654 2633 2855 2696 πάθους
2878 2633 3063 2688 αὐτοῦ.
3096 2634 3205 2687 Kal.
3236 2633 3403 2705 ἄλλην
3440 2633 3502 2686 δέ
3531 2633 3611 2703 τῷ
3638 2635 3733 2686 αὑ-

2166 2722 2245 2793 τῷ
2265 2723 2430 2793 στίχῳ
2462 2722 2751 2794 ἑρμηνείαν
2767 2721 3009 2792 λέξομεν.
3027 2722 3257 2789 Ἰσραὴλ
3278 2723 3353 2793 (5)
3380 2722 3733 2793 ἑρμηνεύεται

2169 2810 2322 2880 ὀρῶν
2355 2812 2534 2867 Θεόν·
2570 2814 2666 2882 τῆς
2696 2811 2931 2874 διανοίας
2962 2808 3056 2864 οὖν
3083 2812 3181 2882 τῆς
3207 2810 3419 2882 ὁρώσης
3446 2813 3611 2867 αὐτὸν
3642 2814 3732 2866 πᾶ-

2171 2919 2269 2956 σαν
2293 2902 2666 2973 αἰχμαλωσίαν
2688 2900 3020 2966 ἐπισυνάξει,
3050 2902 3143 2955 καὶ
3171 2903 3250 2965 είς
3292 2902 3391 2973 τὴν
3415 2903 3587 2974 αὐτῆς
3613 2905 3733 2957 αύτ-

2176 2993 2527 3065 εξουσιότητα
2550 2993 2711 3049 αὐτὸν
2744 2993 3199 3065 ἀποκαταστήσει.

888 3120 1254 3191 Interpretatio
1285 3118 1528 3173 versiculi
1561 3118 1729 3189 quinti
1754 3131 1915 3187 usque
1951 3115 2020 3168 ad
2046 3112 2303 3167 decimum
2333 3118 2572 3163 octavum
2600 3126 2702 3163 non
2726 3118 2901 3163 exstat
2931 3111 2986 3163 in
3019 3108 3135 3167 cod.
3170 3109 3333 3163 Barb.

560 3238 643 3305 '5,
690 3237 748 3292 '6.
808 3238 871 3291 Et
949 3235 1413 3304 concupiscenttas
1477 3248 1665 3288 eorum
1722 3235 2102 3285 conterentest

2238 3226 2290 3294 5,
2324 3226 2378 3280 6.
2440 3226 2551 3278 Kal.
2597 3225 2696 3289 τὰς
2756 3225 3052 3295 ἐπιθυμίας
3115 3196 3291 3278 aiatth
3331 3225 3432 3289 τὰς
3481 3226 3735 3297 πρότερον

511 3339 664 3385 antea
688 3327 851 3383 corda
878 3325 1154 3379 hominum
1195 3324 1423 3390 alligans
1460 3321 1692 3376 vinculis
1720 3317 1939 3374 aeternis
1966 3356 1981 3379 ,
2016 3324 2071 3371 et

512 3421 728 3476 tradens
759 3418 866 3488 igni
895 3426 1096 3470 aeterno
1121 3456 1134 3477 ,
1172 3414 1276 3469 hoc
1300 3422 1385 3468 est
1417 3411 1717 3467 contrarias
1750 3416 2064 3480 potestates.

580 3591 633 3657 7,
682 3588 734 3645 8.
788 3585 1131 3641 Manifestum
1201 3582 1420 3653 quidem
1466 3589 1580 3645 est,
1635 3579 1780 3649 quod
1841 3578 1956 3649 ipse
2014 3587 2072 3632 ut

514 3680 718 3745 laetor,
776 3680 928 3732 novit
957 3676 1313 3745 quantitatem
1355 3687 1543 3729 earum
1579 3672 1857 3727 stellarum
1886 3710 1901 3735 ,
1934 3684 2071 3740 quas

513 3776 658 3832 fecit.
697 3775 770 3829 De
796 3773 998 3828 sanctis
1029 3771 1189 3826 etiam
1219 3768 1504 3839 allegorice
1532 3766 1790 3836 explicari
1822 3773 2068 3835 possunt,

499 3882 633 3938 qua:
657 3866 723 3920 de
749 3864 1021 3921 stellarum
1059 3876 1283 3916 numero
1312 3860 1600 3926 dicuntur;
1634 3858 1882 3913 similiter
1924 3857 2068 3911 enim

503 3971 565 4014 et
590 3959 782 4012 horum
810 3970 1092 4009 numerum
1123 3952 1384 4022 agnoscit.
1413 3950 1528 4004 Nisi
1578 3950 1722 4005 enim
1755 3948 2071 4018 prmvideret

510 4064 634 4119 quae
658 4049 729 4102 sit
751 4060 937 4101 eorum
964 4043 1242 4112 quantitas
1263 4080 1276 4103 ,
1309 4055 1416 4094 non
1451 4045 1808 4109 praeparasset
1836 4036 1967 4106 ipsis
1992 4035 2070 4090 ci—

511 4140 729 4194 vitatem
750 4178 765 4203 ,
798 4150 918 4206 qua:
942 4141 1127 4203 posset
1153 4147 1246 4186 eos
1276 4130 1546 4200 excipere.
1572 4126 1882 4181 Numerans
1911 4126 2074 4196 igitur

512 4228 906 4287 multitudinem
964 4225 1276 4287 stellarum,
1338 4220 1670 4290 perspiciens
1728 4226 1779 4271 et
1839 4216 2074 4286 probans

514 4321 674 4392 quale
726 4317 995 4373 charisma
1025 4357 1040 4380 ,
1084 4325 1137 4369 et
1181 4320 1446 4383 quantum
1492 4312 1663 4380 possit
1701 4308 2074 4377 unusquisque

515 4419 825 4468 sanctorum
857 4406 1099 4474 accipere
1118 4447 1132 4467 ,
1160 4412 1214 4457 et
1244 4403 1314 4456 ita
1343 4402 1623 4456 exhibens.
1671 4399 1871 4454 Deinde
1896 4400 2075 4467 sequi-

516 4512 603 4555 tur
630 4499 685 4553 in
714 4498 921 4567 psalmo
949 4515 962 4549 :
991 4494 1058 4547 Et
1086 4493 1324 4547 omnibus
1352 4493 1427 4545 eis
1459 4491 1672 4543 nomina
1704 4504 1889 4542 vocans
1914 4501 1933 4540 :
1955 4502 2074 4542 mos

2172 3316 2561 3389 συντριὸούσας
2591 3317 2691 3379 τὰς
2718 3315 2943 3387 καρδίας
2969 3315 3077 3368 τῶν
3120 3314 3420 3387 ἀνθρώπων
3466 3315 3732 3386 δεσμεύων

2169 3409 2387 3478 δεσμοῖς
2408 3408 2620 3472 ἀϊδίοις,
2642 3407 2736 3460 καὶ
2759 3406 3082 3478 παραδιδοὺς
3103 3404 3180 3475 τῷ
3202 3404 3402 3474 αἰωνίῳ
3425 3407 3580 3476 πυρὶ,
3596 3423 3729 3459 τουτ-

2171 3500 2285 3552 έστι
2310 3500 2408 3560 τὰς
2444 3498 2691 3559 ἐναντίας
2719 3496 2998 3567 δυνάμεις.

2261 3590 2314 3655 7,
2343 3589 2396 3643 8.
2457 3588 2623 3659 Δῆλον
2684 3587 2780 3659 μέν
2834 3590 2999 3649 ἐστιν,
3028 3587 3130 3652 ὅτι,
3161 3588 3235 3651 ὡς
3265 3588 3606 3657 πεποιηκὼς,
3634 3586 3733 3641 οἶδε

2171 3682 2268 3753 τὴν
2307 3680 2577 3750 ποσότητα
2600 3671 2673 3733 ὧν
2704 3677 3021 3748 πεποίηκεν.
3072 3678 3181 3731 Kal.
3213 3680 3290 3741 εἰς
3322 3678 3449 3741 τοὺς
3479 3679 3667 3747 ἀγίους
3688 3679 3733 3731 δὲ

2175 3770 2455 3841 θεωρεῖται
2477 3772 2503 3821 6
2530 3767 2730 3821 τούτων
2753 3768 3003 3839 ἀριθμὸς,
3028 3768 3120 3821 καὶ
3134 3767 3332 3838 ὁμοίως
3346 3767 3511 3821 πάλιν
3536 3769 3633 3820 καὶ
3658 3769 3719 3821 αὖ

2172 3861 2279 3915 τῶν
2300 3859 2555 3929 γινώσκει
2580 3860 2669 3911 τὸν
2697 3858 2819 3928 ἀριο
2830 3860 2943 3929 μόν.
2964 3860 3028 3911 El
3050 3857 3123 3929 μὴ
3150 3857 3257 3929 γὰρ
3283 3856 3474 3928 προῖδῃ
3493 3858 3590 3927 (5')
3609 3857 3735 3910 πόσι

2174 3952 2326 4006 ἔσται
2357 3955 2389 4024 ἡ
2424 3952 2656 4022 ποσότης
2689 3952 2888 4015 αὐτῶν,
2913 3953 3012 4003 οὐκ
3040 3951 3104 4004 ἂν
3137 3951 3543 4021 προητοίμασεν
3566 3953 3734 4014 αὐτοῖς

2174 4045 2327 4097 πόλιν
2373 4045 2472 4113 τὴν
2505 4043 2806 4114 δυναμένην
2843 4043 3039 4106 αὐτοὺς
3064 4042 3336 4108 δέξασθαι.
3410 4042 3470 4094 '0
3499 4042 3735 4113 ἀριθμῶν

2173 4133 2263 4191 οὖν
2298 4136 2473 4207 πλήθη
2507 4136 2721 4207 ἄστρων
2745 4175 2759 4199 ,
2807 4137 2834 4187 6
2865 4135 3083 4205 Θεωρών
3113 4136 3207 4188 κα)⁵
3252 4133 3562 4205 δοκιμάζων
3601 4139 3735 4188 ποῖον

2174 4228 2415 4296 χάρισμα
2438 4266 2452 4287 ,
2489 4225 2584 4278 καὶ
2639 4225 2800 4278 πόσον
2829 4224 3049 4277 δύναται
3080 4222 3332 4287 δέξασθαι
3376 4222 3613 4286 ἕκαστος
3641 4223 3735 4276 τῶν

2177 4318 2364 4384 ἁγίων,
2397 4318 2490 4369 καὶ
2520 4316 2662 4369 οὕτω
2701 4316 2974 4386 παρέχων,
3009 4312 3161 4379 Εἶτα,
3191 4314 3299 4370 Kal
3331 4314 3526 4370 πᾶσιν
3546 4318 3739 4383 αὐτοῖς

2176 4410 2434 4478 ὀνόματα
2461 4409 2690 4462 καλῶν
2733 4406 2883 4466 ἔθνος
2924 4405 3030 4475 γὰρ
3075 4407 3134 4456 ἐν
3185 4408 3253 4475 τῇ
3296 4403 3598 4476 Ἐκκλησία
3626 4410 3737 4471 τοὺς

2178 4498 2362 4565 ἁγίους
2388 4498 2554 4567 αὐτῆς
2574 4497 2699 4559 τοὺς
2726 4495 2823 4565 μὲν
2845 4492 3191 4556 ἀποστόλους,
3209 4496 3333 4557 τοὺς
3354 4494 3411 4546 δὲ
3438 4498 3735 4567 προφήτας,

515 4593 658 4649 enim
690 4592 743 4645 in
779 4588 1012 4643 Ecclesia
1041 4596 1116 4641 est
1149 4594 1367 4640 sanctos
1393 4597 1525 4639 suos
1570 4581 1706 4634 alios
1735 4579 1952 4648 quidem
1980 4592 2075 4631 vo-

2178 4559 2302 4651 τοὺς
2325 4588 2382 4640 δὲ
2410 4559 2777 4649 διδασκάλους
2809 4582 2926 4638 εἶτα
2947 4585 3221 4656 δυνάμεις,
3248 4586 3441 4650 οἵτινες
3474 4559 3738 4660 ύπάρχουε

514 4696 640 4737 care
674 4680 966 4750 apostolos,
982 4678 1132 4753 alios
1165 4684 1342 4729 autem
1375 4671 1668 4742 prophetas
1693 4708 1706 4731 ,
1736 4669 1871 4722 alios
1893 4676 2070 4722 autem

516 4770 840 4842 magistros;
870 4768 1061 4822 deinde
1086 4767 1334 4826 lectores,
1366 4762 1557 4815 deinde
1582 4760 1899 4828 interpretes
1928 4757 2075 4812 Scri-

502 4873 791 4933 ‘pturarum
810 4876 874 4915 ex
903 4874 1010 4914 una
1039 4858 1219 4924 lingua
1249 4856 1301 4909 in
1322 4855 1500 4909 aliam.
1520 4850 1619 4907 Hic
1648 4850 1820 4920 igitur-
1838 4865 1955 4905 mos
1971 4857 2074 4917 est,

500 4955 762 5024 inquam,
809 4948 1059 5006 omnibus
1083 4948 1162 5002 eis
1189 4945 1407 5000 nomina
1436 4957 1639 4997 vocans
1664 4941 1761 5013 (a).

589 5066 681 5120 ¹⁰·1
712 5064 856 5120 Petr.
889 5080 948 5130 Il,
983 5063 1034 5116 5.

2181 4696 2263 4731 σιν
2301 4680 2350 4732 οἱ
2376 4678 2609 4731 διάκονοι
2632 4694 2647 4708 ⁸
2686 4672 2803 4731 εἶτα
2835 4677 2958 4739 τοὺς
2984 4675 3362 4740 ἐπιτελοῦντας
3407 4678 3508 4741 τὰς
3543 4682 3735 4743 ἰάσεις·

2180 4764 2297 4821 εἶτα
2319 4767 2667 4836 ἀναγνώστας
2683 4785 2697 4801 ο
2725 4764 2845 4821 εἷτα
2865 4766 2991 4827 τοὺς
3017 4767 3417 4837 ἐρμηνεύοντας
3446 4770 3558 4824 ἀπὸ
3588 4771 3738 4841 τῆσδε

2180 4861 2279 4928 τῆς
2316 4858 2566 4930 γλώσσης
2594 4861 2674 4921 είς
2702 4858 2858 4928 τήνδε
2891 4857 2987 4919 τὰς
3022 4859 3264 4930 Γραφάς.
3300 4860 3478 4916 Τοῦτο
3505 4859 3601 4917 οὖν
3635 4865 3737 4916 ἐστι

2181 4947 2260 5011 τὸ,
2298 4951 2462 5002 πᾶσιν
2487 4951 2671 5012 αὐτοῖς
2696 4948 2933 5019 ὀνόματα
2960 4948 3152 5004 καλῶν.

1468 5126 1770 5189 Addenda
1809 5133 1868 5187 et
1900 5127 2274 5208 corrigenda
2308 5145 2380 5186 ex
2416 5127 2551 5188 cod.
2581 5125 2781 5188 Vatic.

576 5261 660 5329 (1)
697 5257 804 5329 Καί
832 5274 927 5326 pro
952 5258 1034 5329 δέ.

699 5323 892 5403 Καοῶς
924 5324 1073 5380 εἶπεν
1098 5328 1125 5378 6
1161 5325 1496 5386 Ἀπόστολος,
1525 5325 1720 5377 desunt
1743 5325 1857 5377 hmo
1886 5323 2073 5377 ultima

508 5400 673 5456 verba
708 5403 760 5453 in
795 5400 915 5453 cod.

2250 5251 2329 5326 (5)
2355 5249 2567 5319 Ἰσραὴλ
2598 5248 2707 5326 γάρ
2751 5249 3106 5319 ἑρμηνεύεται
3138 5252 3259 5317 νοῦς
3300 5254 3463 5326 ὁρῶν,
3493 5264 3625 5322 etc.,
3654 5255 3739 5311 αύ-

2178 5323 2276 5389 τὴν
2308 5322 2766 5389 ἀποκαταστήσει.

2243 5392 2333 5461 (5⁸)
2367 5388 2449 5453 l..,
2480 5388 2718 5460 προῄδει.
2743 5390 2895 5446 Enn.

577 5516 660 5639 3a)
693 5518 778 5571 “Ex
812 5518 1120 5585 hujusmodi
1170 5526 1349 5571 autem
1379 5518 1632 5585 loquendi
1675 5517 1885 5570 ratione
1911 5557 1925 5579 ,
1961 5531 2065 5587 qua
2098 5516 2201 5568 hoc
2246 5515 2367 5569 loco
2402 5515 2669 5584 interpres
2698 5524 2886 5569 noster
2915 5516 3097 5570 varios
3139 5526 3450 5571 sanctorum
3506 5518 3731 5573 fidelium

616 5588 729 5639 incs
759 5587 810 5639 in
838 5586 894 5639 Β.
926 5586 1075 5639 Pauli
1106 5586 1357 5639 Enistolis
1400 5602 1687 5639 exnressos
1731 5586 1934 5639 refert.
1976 5588 2210 5639 unisuue
2260 5600 2441 5639 rerum
2482 5586 2972 5639 ecclesiasticarum
3003 5594 3205 5639 peritus
3249 5588 3368 5639 eius
3423 5598 3731 5639 vetustatem

510 5586 729 5657 ordines
759 5587 810 5639 in
838 5586 894 5639 Β.
926 5586 1075 5640 Pauli
1106 5586 1357 5654 Epistolis
1400 5602 1687 5655 exiiressos
1731 5586 1934 5649 refert,
1976 5586 2210 5654 quisque
2260 5600 2441 5657 rerum
2482 5586 2972 5639 ecclesiasticarum
3003 5594 3205 5655 peritus
3249 5588 3368 5657 ejus
3423 5598 3731 5642 vetustatem

511 5655 783 5725 conjicere
809 5665 1004 5722 potest,
1037 5665 1149 5708 tum
1174 5658 1336 5709 etiam
1368 5674 1433 5709 ex
1460 5654 1528 5710 iis
1560 5672 1681 5725 quae
1715 5657 1767 5708 in
1791 5656 2154 5725 explicatione
2188 5671 2328 5709 vers.
2360 5654 2453 5717 ιε,
2485 5657 2621 5722 psal.
2650 5672 2796 5718 xxvi,
2824 5658 3111 5725 leguntur:
3143 5654 3333 5725 nempe
3365 5660 3732 5723 baptisterium

512 5724 682 5775 fuisse
716 5725 890 5776 locum
923 5726 1195 5778 occultum
1225 5726 1279 5778 in
1307 5726 1557 5780 ecclesia.
1580 5724 1728 5779 Nam
1761 5724 1952 5791 primis
1975 5724 2230 5780 Ecclesia:
2259 5725 2477 5779 saeculis
2514 5734 2568 5779 et
2619 5725 2671 5778 in
2704 5726 2820 5795 ipsa
2854 5724 2986 5781 urbe
3018 5724 3343 5782 Alexandria
3366 5729 3729 5797 baptisterium
