3990 6208
413 304 435 357 1
446 299 551 358 525

476 416 530 471 9.
564 410 756 480 Μέγας
783 405 857 478 (a)
884 409 912 460 ὁ
932 405 1134 477 Κύριος
1161 405 1347 477 ἡμῶν,

480 503 565 559 10.
598 501 707 555 Kal
744 498 952 571 μεγάλη
985 499 1017 567 ἡ
1055 497 1205 567 ἰσχὺς
1237 495 1424 562 αὑτοῦ,

482 594 569 650 11.
612 592 722 646 Kal
753 591 851 661 τῆς
886 589 1149 651 συνέσεως
1185 587 1347 640 αὑτοῦ
1402 588 1501 641 οὐκ
1529 586 1675 642 ἔστιν
1725 587 1977 659 ἀριθμός.

483 686 568 739 i2.
611 681 1028 752 Ἀναλαμϐάνων
1064 681 1256 750 πραεῖς
1298 678 1326 730 ὁ
1361 678 1595 749 Κύριοςο

483 778 568 832 15.
602 773 883 829 Ταπεινῶν
921 772 977 826 δὲ
1006 769 1363 842 ἁμαρτωλοὺς
1388 770 1491 832 ἕως
1523 770 1621 839 τῆς
1653 773 1775 842 γῆς.

483 869 571 923 14.
619 865 908 936 Ἐξάρξατε
934 860 1012 933 τῷ
1041 861 1230 933 Κυρίῳ
1264 862 1320 914 ἐν
1351 858 1733 931 ἐξομολογήσει
1753 875 1767 888 ·

485 959 571 1013 15.
601 957 821 1011 Ψάλατε
853 953 930 1025 τῷ
955 952 1073 1023 Θεῷ
1098 950 1256 1023 ἡμῶν
1288 952 1345 1004 ὲν
1379 950 1601 1022 κιθάρᾳ.

486 1052 571 1106 16.
602 1050 693 1118 Τῷ
725 1045 1099 1118 περιϐάλλοντι
1136 1043 1226 1097 τὸν
1259 1041 1488 1113 οὐρανὸν
1521 1043 1579 1095 ὲν
1605 1040 1876 1111 νεφέλαις,

486 1143 572 1197 17.
605 1140 695 1210 Τῷ
724 1135 1061 1209 ὲτοιμάζοντι
1088 1138 1155 1206 τῇ
1185 1137 1254 1205 γῇ
1285 1133 1454 1186 ὑετόν.

484 1233 571 1287 18.
607 1230 697 1301 Τῷ
732 1229 1130 1295 ὲξανατέλλοντι
1157 1229 1214 1278 έν
1247 1225 1394 1298 ὄρεσι
1426 1224 1618 1295 χόρτον
1643 1265 1657 1288 ,

485 1324 571 1377 19.
608 1323 717 1375 Kal
748 1321 909 1391 χλόην
940 1323 1004 1390 τῇ
1038 1318 1251 1389 δουλείᾳ
1278 1315 1387 1370 τῶν
1421 1315 1742 1387 ἀνθρώπων.

481 1416 572 1471 20.
601 1415 804 1468 Διδόντι
832 1415 945 1475 τοῖς
968 1414 1193 1483 κτήνεσι
1219 1409 1426 1481 τροφὴν
1453 1407 1661 1471 αὐτῶν,

481 1506 574 1561 2L
604 1505 715 1559 Kal
738 1507 849 1567 τοῖς
875 1505 1109 1566 νεοσσοῖς
1144 1501 1249 1554 τῶν
1280 1500 1530 1571 κοράκων
1555 1503 1666 1562 τοῖς
1699 1497 1988 1552 ἐπικαλου-

419 1598 599 1671 μένοις
626 1597 807 1652 αὐτόν.

1307 284 1395 341 DE
1428 284 1706 343 TITULIS
1744 284 2196 343 PSALMORUM.
2233 316 2300 327 —
2337 282 2535 339 PSAL.
2574 281 2806 339 CXLVI.

3521 270 3539 324 1
3550 269 3654 326 526

2150 404 2198 459 9.
2232 402 2461 473 Magnus
2491 401 2753 457 Dominus
2779 407 2984 464 noster,

2156 495 2237 550 10.
2272 496 2335 550 Et
2362 510 2557 563 magna
2585 494 2754 548 virtus
2779 492 2917 562 ejus,

2155 589 2240 643 11.
2280 586 2346 642 Et
2373 587 2651 657 sapientia:
2682 586 2801 655 ejus
2823 599 2932 639 non
2954 588 3039 638 est
3066 592 3347 634 numerus.

2158 682 2245 735 12.
2281 679 2593 750 Suscipiens
2627 685 2944 734 mansuetos
2980 673 3283 729 Dominus:

2162 773 2246 826 15.
2280 770 2582 825 Humilians
2603 778 2782 825 autem
2807 778 3118 838 peccatores
3144 778 3317 835 usque
3338 760 3406 817 ad
3433 768 3650 815 terram.

2160 863 2245 916 11.
2276 860 2560 917 Praecinite
2588 857 2818 914 Domino
2848 858 2901 913 in
2934 856 3274 912 confessione
3303 872 3320 909 :

2161 954 2246 1008 15.
2281 951 2501 1007 Psallite
2524 949 2634 1006 Deo
2668 958 2856 1006 nostro
2878 948 2934 1003 in
2973 948 3198 1004 cithara.

2160 1045 2246 1099 16.
2280 1044 2383 1111 Qui
2418 1044 2593 1115 operit
2620 1042 2819 1099 coelum
2850 1041 3086 1096 nubibus
3107 1079 3121 1104 ,

2161 1136 2247 1190 17.
2288 1136 2352 1189 Et
2387 1144 2543 1206 parat
2581 1144 2736 1189 terra;
2769 1132 3027 1203 pluviam.

2164 1226 2250 1281 18.
2289 1226 2393 1291 Qui
2426 1224 2678 1296 producit
2708 1223 2762 1278 in
2796 1221 3074 1277 montibus
3106 1216 3312 1281 fenum,

2167 1316 2254 1371 19.
2282 1314 2349 1369 Et
2378 1315 2598 1370 herbam
2628 1311 2873 1369 servituti
2903 1310 3204 1367 hominum.

2163 1408 2252 1462 20.
2285 1405 2389 1472 Qui
2417 1408 2504 1462 dat
2534 1405 2796 1476 jumentis
2820 1419 3001 1461 escam
3036 1403 3275 1474 ipsorum
3301 1443 3316 1463 .

2166 1498 2253 1552 2i.
2282 1496 2346 1551 Et
2375 1497 2537 1567 pullis
2571 1511 2859 1551 corvorum
2891 1494 3268 1550 invocantibus
3292 1507 3437 1546 eum.

488 1710 567 1782 (al
609 1711 767 1782 Vers.
792 1709 845 1764 9.
874 1708 1096 1782 Μέγας,
1145 1715 1276 1782 ct_c.,
1314 1721 1488 1782 usque
1520 1705 1591 1782 ad
1617 1703 1803 1782 αὐτοῦἶ
1836 1702 1988 1782 Vers.

2153 1701 2264 1756 Kal
2306 1702 2403 1771 τῆς
2420 1741 2433 1763 ,
2458 1712 2564 1756 etc.
2602 1699 2756 1756 Vers.
2782 1700 2865 1753 11.
2907 1696 3350 1768 Ἀναλαμϐάνων,
3375 1701 3479 1748 etc.
3504 1689 3659 1747 Vers.

418 1774 830 1844 12ξΤαπεινῶν,
865 1774 994 1841 εις..
1025 1778 1128 1840 ἕως
1156 1776 1281 1846 γῆς,
1316 1784 1368 1831 et
1397 1776 1476 1831 sic
1502 1775 1757 1845 deinceps
1792 1775 1847 1828 in
1878 1774 1997 1829 cod.

2131 1787 2179 1826 ’S.
2226 1782 2593 1827 recensentur.

1548 1889 1923 1945 ATHANASII
1964 1887 2544 1944 INTERPRETATIO.

486 1994 645 2060 9,10.
681 1993 743 2048 Ὀ
768 1992 854 2047 διὰ
885 1990 977 2044 τοῦ
1026 1991 1256 2045 θανάτου
1291 1987 1456 2043 αὑτοῦ
1487 1989 1842 2059 καταργήσας
1895 1986 1986 2040 τὸν
2016 1994 2031 2050 ]

2158 1984 2214 2047 9,
2258 1983 2343 2038 10.
2395 1984 2496 2051 Qui
2551 2000 2646 2055 per
2706 1992 2933 2039 mortem
2971 1997 3125 2038 suam
3186 1977 3491 2049 proﬂigavit
3520 1991 3665 2038 eum,

417 2087 478 2144 τὸ
504 2087 701 2159 κράτος
729 2084 919 2155 ἔχοντα
946 2082 1039 2136 τοῦ
1067 2082 1317 2144 θανάτου,
1351 2079 1698 2133 τουτέστιτὸν
1724 2077 1987 2132 διάϐολον.

490 2179 576 2233 11.
617 2179 680 2230 Ὢ
732 2174 924 2241 βάθος
973 2174 1261 2236 πλούτου,
1316 2172 1411 2226 καὶ
1444 2171 1700 2239 σοφίας,
1732 2169 1829 2223 καὶ
1855 2169 1996 2239 γ·νὼ-

418 2285 572 2335 σεως
605 2265 787 2320 Θεοῦ]
820 2265 895 2331 ὡς
928 2262 1362 2329 ἀνεξερεύνητα
1390 2258 1462 2312 τὰ
1500 2260 1751 2328 κρίματα
1784 2258 1991 2323 αὐτοῦ,

420 2360 517 2415 καὶ
558 2356 1001 2427 ἀνεξιχνίαστοι
1032 2357 1090 2407 αἱ
1141 2353 1266 2407 ὁδοὶ
1309 2350 1539 2405 αὑτοῦ]
1572 2351 1667 2416 Τίς
1705 2350 1813 2420 γὰρ
1846 2349 1997 2419 ἔγνω

416 2447 569 2504 γοῦν
615 2447 867 2514 Κυρίου;
897 2443 935 2512 ἢ
979 2444 1071 2508 τίς
1112 2442 1459 2510 σύμϐουλος
1490 2438 1675 2492 αὑτοῦ
1716 2436 1997 2507 ἐγένετο;

422 2540 520 2595 σὺν
546 2538 626 2610 τῷ
663 2537 838 2608 Πατρὶ
865 2536 975 2607 γὰρ
1004 2533 1098 2586 καὶ
1120 2532 1197 2603 τῷ
1224 2532 1364 2603 ἁγίῳ
1394 2531 1671 2601 Πνεύματι
1704 2529 1997 2601 βουλευσά-

424 2648 614 2704 μενος,
643 2627 974 2689 θανατωθεὶς
1003 2624 1336 2696 έζωοποίησε
1363 2624 1490 2686 τοὺς
1515 2620 1760 2695 νεκρούς.

494 2722 583 2777 12.
630 2719 1025 2792 Προσκαλεῖται
1089 2717 1225 2788 πρὸς
1289 2715 1481 2769 ἑαυτὸν
1554 2714 1682 2778 τοὺς
1751 2712 1827 2785 μὴ
1873 2711 2000 2766 ἀνθ-

425 2813 748 2884 ισταμένους
779 2813 892 2875 τοῖς
921 2808 1335 2882 προστάγμασιν
1368 2803 1553 2860 αὑτοῦ.

498 2908 588 2961 15.
612 2903 896 2977 Παραδοὺς
937 2902 995 2955 δὲ
1028 2900 1119 2954 τὸν
1157 2898 1403 2957 διάϐολον
1423 2897 1727 2970 τηρεῖσθαι,
1762 2895 2001 2960 καὶτοὺς

422 2997 686 3068 ἀγγέλους
730 2992 928 3060 αὑτοῦ,
980 2992 1074 3046 καὶ
1114 2991 1240 3054 τοὺς
1293 2989 1653 3061 πειθομένους
1702 2988 1885 3052 αὐτοῖς
1941 2989 2001 3041 ὲν

423 3093 536 3155 τοῖς
566 3087 902 3150 κατωτάτοις
935 3085 1032 3155 τῆς
1071 3083 1193 3154 γῆς.

495 3184 584 3238 14.
643 3180 954 3246 Διανοίξατε
1016 3176 1113 3240 τὰς
1187 3173 1406 3245 καρδίας
1453 3171 1608 3243 ὑμῶν
1656 3170 1736 3242 τῷ
1790 3169 2000 3241 Κυρίῳ,

424 3273 903 3347 ἐξομολογούμενοι
934 3268 1107 3338 αὐτῷ.

2094 2079 2186 2148 qui
2234 2079 2428 2134 mortis
2461 2079 2749 2147 imperium
2808 2077 3071 2139 habebat,
3104 2077 3208 2129 hoc
3230 2082 3313 2129 est
3368 2071 3665 2126 diabolum.

2168 2171 2253 2224 11.
2303 2169 2347 2225 0
2388 2170 2617 2223 altitudo
2656 2169 2984 2233 divitiarum,
3028 2180 3077 2222 et
3120 2168 3409 2237 sapientia’,
3435 2175 3484 2219 et
3510 2166 3670 2218 scien-

2097 2263 2186 2316 tiae
2211 2261 2349 2316 Dei!
2373 2278 2530 2333 quam
2553 2261 3032 2331 imperscrutabilia
3062 2268 3185 2314 sunt
3204 2257 3414 2328 judicia
3443 2257 3558 2327 ejus
3579 2296 3594 2321 ,
3624 2266 3672 2311 et

2096 2344 2484 2423 investigabiles
2512 2353 2608 2407 viae
2627 2353 2740 2422 ejus
2768 2352 2788 2405 !
2816 2351 2947 2417 Qui:
2975 2353 3113 2406 enim
3148 2351 3289 2405 novit
3321 2359 3540 2404 mentem
3570 2348 3671 2402 Do-

2097 2446 2250 2509 mini,
2290 2445 2478 2515 etquis
2505 2444 2842 2498 consiliarius
2872 2443 2985 2513 ejus
3004 2443 3105 2513 fuit
3125 2444 3202 2496 "i
3221 2440 3354 2497 Nam
3372 2456 3495 2496 cum
3513 2440 3671 2496 Patre

2097 2544 2153 2592 et
2179 2552 2303 2592 cum
2333 2534 2539 2606 Spiritu
2569 2546 2761 2591 sancto
2806 2536 2940 2592 inito
2967 2535 3218 2600 consilio,
3250 2533 3413 2589 morti
3443 2532 3672 2587 traditus

2099 2637 2347 2683 mortuos
2380 2627 2690 2683 viviﬁcavit.

2170 2720 2257 2775 i2.
2310 2720 2554 2775 Advocat
2595 2723 2661 2776 ad
2702 2735 2763 2775 se
2818 2720 2995 2790 ipsum
3028 2735 3136 2775 non
3164 2719 3516 2774 adversantes
3538 2732 3667 2788 prte-

2100 2813 2272 2883 ceptis
2303 2812 2440 2868 suis.

2171 2907 2255 2962 15.
2304 2903 2552 2960 Tradidit
2597 2913 2776 2961 autem
2817 2904 3117 2968 diabolum,
3161 2913 3215 2959 et
3268 2904 3488 2974 angelos
3532 2918 3674 2973 ejus,

2100 3005 2156 3054 et
2176 2998 2494 3055 obedientes
2526 2998 2680 3069 ipsis,
2714 3007 2774 3071 ut
2801 2997 3214 3054 custodirentur
3245 2998 3299 3051 in
3331 2995 3673 3052 inferioribus

2102 3097 2277 3143 terrae.

2173 3178 2255 3278 14.
2321 3177 2533 3250 Aperite
2585 3180 2751 3236 corda
2797 3192 2972 3237 vestra
3032 3181 3293 3249 Domino,
3364 3183 3674 3238 conﬁtentes

2106 3280 2230 3337 ψει.

497 3342 587 3421 1⁷5.
619 3342 1012 3436 Νεκρώσαντες
1063 3360 1130 3414 τὰ
1157 3358 1291 3431 μέλη
1341 3357 1515 3428 ὑμῶν,
1561 3354 1816 3422 δοξάσατε
1842 3353 2003 3407 αὐτὸν
2030 3366 2031 3381 ‘

2178 3358 2263 3413 15.
2298 3358 2683 3418 Mortiﬁcantes
2715 3362 2959 3419 membra
3001 3372 3198 3428 vestra,
3229 3363 3526 3433 gloriﬁcate
3550 3379 3676 3420 eum

425 3459 486 3514 έν
513 3459 714 3520 αὐτοῖς.

494 3546 582 3602 16.
612 3545 704 3616 Τῷ
732 3544 985 3598 σκέποντι
1040 3542 1132 3595 τὸν
1192 3540 1350 3613 χορὸν
1403 3539 1511 3593 τῶν
1550 3539 1723 3608 ἁγίων
1752 3536 1918 3591 αὐτοῦ
1945 3537 2004 3589 έν

423 3640 537 3702 τοῖς
561 3638 892 3710 χαρίσμασιν
917 3632 1007 3687 τοῦ
1032 3631 1169 3684 Πνεύ
1179 3648 1345 3702 ματος
1366 3630 1460 3683 τοῦ
1487 3629 1665 3697 ἁγίου.
1697 3628 1806 3681 Kal
1830 3627 2006 3691 ἄλλως

423 3730 489 3802 δὴ
536 3728 809 3798 λέξωμεν·
865 3727 969 3781 Τὸν
1021 3724 1331 3797 πληροῦντα
1380 3722 1471 3775 τὸν
1519 3719 1845 3788 παράδεισον
1896 3717 2005 3802 τῷν

425 3816 598 3886 ἁγίων
630 3814 815 3868 αὐτοῦ.

500 3910 586 3963 17.
632 3907 723 3977 Τῷ
779 3905 1150 3978 εὐτρεπίζοντι
1190 3904 1250 3957 τὸ
1284 3905 1545 3974 κήρυγμα
1600 3897 1763 3953 αὐτοῦ
1817 3901 1885 3969 τῇ
1924 3899 2005 3951 oi-

428 4000 686 4072 κουμένῃ.
755 3999 944 4069 Ὅμως
973 3998 1069 4052 καὶ
1100 3995 1273 4059 ἄλλως
1315 3993 1588 4063 λέξωμεν·
1641 3989 1732 4061 Τῷ
1776 3990 2007 4061 ἑτοίμως

428 4092 720 4163 παρέχοντι
744 4091 943 4162 καρδίᾳ
971 4091 1136 4160 πιστῇ
1166 4088 1266 4159 τὴν
1295 4087 1454 4158 χάριν
1482 4084 1668 4138 αὐτοῦ.

502 4184 589 4238 18.
624 4183 699 4255 (1)
730 4182 811 4235 Τὰ
855 4180 991 4251 ἄνθη
1047 4181 1155 4235 τῶν
1201 4178 1554 4250 χαρισμάτων
1592 4174 1758 4230 αὑτοῦ
1806 4177 1862 4228 ὲν
1894 4177 2007 4240 τοῖς

430 4274 660 4329 ἔθνεσιν.

501 4365 587 4420 19.
610 4364 720 4418 Kal
745 4364 813 4416 τά
844 4362 1001 4432 λόγια
1025 4361 1195 4420 αὐτοῦ
1227 4361 1306 4423 εἰς
1326 4360 1631 4413 ἀνάπαυσιν
1658 4358 1777 4420 ταῖς
1807 4356 2007 4429 ψυχαῖς

430 4456 523 4510 καὶ
547 4457 659 4517 τοῖς
692 4453 877 4524 μέλεσι
905 4451 1014 4506 τῶν
1048 4450 1371 4522 ἀνθρώπων.

498 4547 589 4602 20.
627 4545 831 4598 Διδόντι
876 4547 987 4606 τοῖς
1027 4542 1305 4602 ἁσυνέτοις
1354 4540 1565 4593 σύνεσιν
1598 4538 1691 4593 τοῦ
1729 4539 2006 4610 μεταλαμ-

431 4637 612 4692 ϐάνειν
650 4636 755 4690 τῶν
795 4634 1229 4708 προσταγμάτων
1259 4631 1423 4685 αὐτοῦ
1460 4629 1568 4684 τῶν
1601 4629 2007 4694 ζωοποιούντων

429 4731 649 4794 αὐτούς.

498 4822 589 4878 2|.
622 4821 732 4874 Kal
762 4822 873 4883 τοῖς
913 4819 1019 4872 τῶν
1051 4815 1520 4890 μεμελανωμένων
1555 4815 1649 4867 καὶ
1678 4813 2005 4886 ἀκαθάρτων

430 4910 599 4966 ἐθνῶν
622 4910 831 4972 τέκνοις
869 4908 1041 4971 διδοὺς
1079 4907 1282 4979 τροφὴν
1323 4905 1419 4977 τὴν
1460 4906 1616 4976 χάριν
1660 4903 1822 4956 αὐτοῦ
1844 4944 1858 4968 ,
1893 4907 2005 4971 τοῖς

430 5001 518 5054 διά
544 5000 646 5071 τῆς
676 4998 909 5060 πίστεως
936 4997 1203 5051 ἁναὸοῶσι
1228 4997 1370 5080 πρὸς
1399 4995 1579 5049 αὐτόν.

505 5115 545 5145 ¹¹
585 5111 741 5167 Rom.
784 5127 875 5177 χι,
904 5110 994 5164 55.

2104 3464 2158 3504 ιη
2186 3465 2340 3520 Ipsus.

2176 3541 2262 3596 16,
2311 3540 2415 3608 Qui
2465 3544 2696 3615 protegit
2734 3544 2960 3600 chorum
2989 3555 3302 3602 sanctorum
3332 3545 3451 3616 ejus
3497 3546 3553 3601 in
3582 3546 3681 3602 do-

2105 3628 2192 3683 nis
2228 3629 2465 3700 Spiritus
2495 3635 2691 3689 sancti.
2732 3635 2797 3688 Et
2831 3636 2988 3690 aliter
3021 3637 3239 3706 quidem
3263 3638 3678 3706 explicabimus.

2107 3719 2338 3777 dicendo
2365 3741 2378 3778 :
2404 3722 2509 3789 Qui
2539 3725 2725 3796 implet
2752 3726 3068 3797 paradisum
3098 3729 3306 3783 sanctis
3331 3729 3463 3784 suis.

2185 3898 2274 3953 17.
2316 3899 2421 3967 Qui
2457 3913 2728 3973 praeparat
2774 3905 3212 3975 praedicationem
3263 3924 3417 3964 suam
3465 3912 3682 3967 univer-

2109 4003 2185 4044 sa:
2235 4001 2405 4046 terrae.
2442 3990 2829 4050 Verumtamen
2875 4004 2929 4051 et
2981 3998 3136 4051 aliter
3162 4000 3482 4068 explicando
3532 4002 3684 4056 dice.

2110 4096 2232 4161 mus
2249 4101 2262 4136 :
2279 4080 2382 4148 Qui
2405 4094 2653 4154 prompte
2673 4086 2895 4142 exhibet
2915 4089 3065 4144 cordi
3090 4089 3229 4143 ﬁdeli
3254 4091 3479 4159 gratiam
3499 4107 3678 4151 suam.

2180 4179 2266 4234 18.
2295 4179 2482 4237 Flores
2507 4181 2626 4252 ejus
2665 4183 3053 4241 charismatum
3076 4187 3129 4240 in
3160 4188 3433 4258 gentibus.

2182 4358 2270 4414 19.
2297 4359 2364 4415 Et
2394 4361 2612 4431 eloquia
2660 4363 2780 4434 ejus
2808 4364 2861 4419 in
2912 4366 3154 4436 requiem
3188 4369 3385 4425 animis
3420 4380 3477 4426 et
3508 4386 3682 4429 mem-

2108 4450 2223 4506 bris
2252 4452 2557 4507 hominum.

2186 4542 2272 4597 20.
2306 4542 2411 4609 Qui
2439 4544 2532 4634 dat
2568 4544 2951 4615 insipientibus
2978 4548 3307 4605 intellectum
3339 4553 3407 4607 ad
3437 4568 3684 4625 compre-

2114 4634 2397 4691 hendenda
2425 4637 2547 4707 ejus
2575 4648 2839 4710 praecepta
2863 4683 2878 4709 ,
2904 4642 3104 4712 quibus
3134 4646 3493 4702 viviﬁcantur.

2180 4814 2270 4869 2L
2289 4813 2356 4870 Et
2379 4816 2504 4874 ﬁliis
2527 4819 2791 4887 gentium,
2814 4836 2936 4891 quae
2987 4822 3279 4895 denigrata:
3305 4834 3358 4880 et
3390 4827 3683 4886 immundae

2111 4914 2262 4969 sunt,
2297 4906 2663 4965 clamantibus
2688 4911 2757 4966 ad
2787 4927 2913 4966 eum
2942 4929 3039 4983 per
3069 4915 3227 4969 [idem
3255 4916 3309 4969 in
3344 4918 3527 4973 cibum
3555 4937 3681 4989 gra-

2112 4996 2240 5051 tiam
2276 5014 2431 5053 suam
2462 5003 2680 5070 praebet.

1389 5174 1693 5238 Addenda
1731 5181 1792 5236 et
1832 5174 2203 5255 corrigenda
2237 5197 2314 5241 ex
2346 5184 2484 5245 cod.
2520 5186 2721 5249 Vatic.

502 5284 579 5363 (1)
601 5284 797 5363 _1‘{._l7.
828 5282 918 5353 Τῷ
943 5278 1343 5363 ἔξανατέλλοντι
1372 5276 1439 5363 τά
1489 5276 1645 5357 ἄνθη,
1673 5285 1778 5332 etc.
1795 5275 1895 5363 ‘N;
1917 5277 2001 5362 1.8.

431 5345 625 5410 Kdt‘éa
646 5345 935 5423 λόγια,ριί;.
953 5345 1019 5406 Ν.
1042 5352 1119 5405 19η
1140 5348 1363 5408 Διδὸντι,
1391 5345 1622 5412 010.,τοῦ
1654 5345 1999 5417 μεταλαϐεῖν,

432 5436 537 5480 etc.
562 5424 725 5480 N.20.
751 5423 859 5475 Kal
883 5422 990 5492 τῶν
1023 5417 1741 5492 μεμελανωμέςδωνλᾳις.μΝ.
1768 5416 1856 5470 2|.
1886 5415 2002 5492 Οὐκ

432 5495 513 5560 ἐν,
539 5506 640 5549 etc.
668 5493 735 5547 N.
764 5493 855 5547 22.
883 5485 1247 5561 Οὐδὲ’τῷ,ειο.
1265 5487 1332 5539 Ν.
1363 5486 1452 5539 23.
1487 5485 1624 5537 Ἀλλ’
1653 5487 1708 5538 ὲν
1741 5503 1795 5539 κ.
1824 5502 1875 5539 σ.
1907 5486 2001 5538 καὶ

2111 5285 2552 5357 τεταπεινωμένῃ
2574 5327 2589 5349 ,
2624 5298 2729 5343 etc.
2768 5290 2977 5344 εὐδοκεῖ
3021 5294 3311 5346 κατοικεῖν.
3349 5295 3417 5350 Ν.
3442 5296 3530 5350 24.
3574 5300 3682 5353 Kal

2110 5351 2167 5435 ἒν
2193 5369 2241 5404 τ.
2272 5351 2429 5435 μκῖιξ
2449 5351 2602 5435 safe.
2697 5361 2765 5435 ei.
2794 5359 2990 5435 δίκαιοι
3012 5377 3025 5391 ο
3052 5361 3505 5435 ἐλπίζονταςῌος.
3534 5351 3685 5421 tiri-1

2109 5421 2311 5493 ζουσιν)
2334 5424 2421 5490 δὲ,
2453 5421 2534 5479 ὅτι
2563 5427 2650 5481 διὰ
2679 5429 2780 5500 τῆς
2806 5430 3140 5501 ἁγαθότητος
3164 5421 3361 5497 αὑτοῦ.
3382 5421 3486 5491 etc:

434 5610 603 5688 fuisse
626 5608 822 5688 locum?
842 5599 1925 5688 ab.ecc_lesia.sejunctufnguet‘ecclesiam
1953 5599 2286 5688 adeuntibus
2319 5603 2708 5688 absconditum
2742 5607 3023 5688 declarant
3057 5610 3489 5688 potissimumea
3511 5657 3525 5678 ,
3560 5631 3682 5685 qum

435 5681 503 5735 de
533 5683 679 5734 caede
703 5677 931 5731 Proterii
956 5673 1192 5754 episcopi
1221 5669 1573 5753 Alexandrini
1597 5670 1671 5754 ab
1697 5667 1925 5754 Evagrio
1944 5680 2001 5724 et
2022 5669 2275 5754 hiberato
2300 5672 2821 5754 dia-cono,__a_liisque
2851 5681 3047 5735 tradita
3059 5667 3224 5739 'sunt.
3256 5667 3677 5747 Saeculo'aut'en;

440 5758 594 5807 sexto
621 5758 829 5805 certum
859 5754 960 5807 est.
992 5739 1314 5807 baptisteria
1344 5741 1397 5796 in
1425 5739 1712 5811 propatulo
1745 5747 1799 5794 et
1834 5739 1887 5797 in
1922 5740 2180 5797 narthece
2208 5742 2450 5800 ecclesiae
2484 5739 2747 5804 aediﬁcata
2778 5747 2967 5807 fuisse.
