3990 6208
497 302 632 357 1⁸527
1281 303 1339 363 8.
1382 304 1756 362 ATHANASII
1792 304 1943 361 UPP.
1986 304 2073 359 PA

2129 305 2166 359 S
2203 305 2290 360 Ill.
2331 335 2397 345 —
2436 304 2848 364 EXEGETICA.
3560 311 3703 369 i528

547 420 636 475 22.
662 418 780 475 Non
812 420 865 475 in
902 420 1221 478 fortitudine
1257 425 1382 495 cqui
1415 428 1742 483 voluntatem
1774 428 1990 483 habebit
2021 446 2034 482 :
2069 434 2110 489 Α

1951 428 1990 483 it
2021 446 2034 482 :
2069 434 2110 489 Α
2208 426 2295 482 2'2.
2326 431 2437 482 Ούκ
2474 431 2530 482 ἑν
2565 432 2631 501 τῇ
2657 429 2941 501 δυναστείᾳ.
2967 430 3065 484 τοῦ
3095 430 3259 484 ῖππου
3293 432 3523 505 θελήσει·

546 509 635 565 25.
668 508 779 567 Nec
807 511 861 565 in
895 513 1041 569 tibiis
1067 514 1166 567 viri
1190 515 1579 586 beneplacitum
1609 520 1715 575 erit
1740 520 1805 574 ei.

2209 520 2296 572 23.
2324 519 2457 573 Οὐδὲ
2485 521 2541 572 ὲν
2574 523 2690 585 ταῖς
2722 523 2956 592 κνήμαις
2981 521 3072 575 τοῦ
3102 522 3288 595 ἀνδρὸς
3313 524 3558 579 εύδοκιεῖ.

546 601 637 656 24.
658 602 1059 674 Beneplacitum
1079 613 1162 661 est
1186 604 1412 662 Domino
1437 625 1599 679 super
1621 611 1871 666 timentes
1890 627 2036 677 eum,

2021 652 2036 677 ,
2206 611 2295 664 24.
2333 611 2559 664 Εύδοκεῖ
2581 612 2776 684 Κύριος
2804 617 2860 669 ἑν
2885 617 2997 678 τοῖς
3025 614 3374 685 φοϐουμένοις
3410 617 3590 679 αὐτὸν,

545 695 632 751 25.
669 693 734 749 Et
754 695 809 750 in
837 695 916 750 eis
942 696 1036 766 qui
1066 707 1287 768 sperant
1315 715 1476 770 super
1498 703 1866 758 misericordia
1897 703 2034 772 ejus.

2204 700 2295 754 25.
2329 701 2438 754 Καὶ
2470 703 2528 754 ἑν
2555 702 2629 771 (a)
2654 705 2766 766 τοῖς
2790 703 3094 767 ἐλπίζουσιν
3122 705 3214 757 ἐπὶ
3244 705 3305 758 τὸ
3332 704 3476 769 ἔλεος
3507 706 3693 760 αὑτοῦ.

534 800 786 857 Alleluia.
829 802 1007 874 Δίιςωὶ
1037 814 1086 859 et
1116 806 1415 875 Zacharia,
1449 809 1649 866 PSAL.
1681 811 1821 867 CXL
1838 813 1965 868 VII.

2147 813 2515 879 Ἁλληλούῖα.
2551 814 2825 883 Ἀγραίου
2846 814 3274 884 καὶΖαχαρίου.
3312 819 3694 872 ΨΑΛ.ΡΜΖ’.

544 892 593 947 Ι.
625 892 831 959 Lauda,
867 893 1227 961 Hierusalem.
1264 899 1550 957 Dominum
1571 942 1590 969 ,

2206 903 2258 957 l.
2301 903 2558 969 Ἐπαίνει,
2591 902 2966 976 Ἰερουσαλὴμ,
2996 906 3086 959 τὸν
3125 906 3345 978 Κύριον,

539 983 594 1039 2.
633 983 817 1039 Lauda
850 984 1018 1041 Deum
1050 996 1225 1052 tuum,
1260 988 1408 1046 Sion.

2201 992 2255 1049 ‘2.
2288 991 2434 1047 Αἴνει
2468 994 2557 1046 τὸν
2587 994 2718 1046 Θεόν
2742 1011 2836 1047 σου
2856 1032 2873 1059 ,
2898 996 3054 1049 Σιών.

537 1073 591 1129 5.
625 1073 891 1142 Quoniam
921 1078 1246 1135 confortavit
1278 1098 1427 1137 seras
1458 1092 1738 1153 portarum
1776 1093 2025 1142 tuarum:

2203 1084 2256 1138 5.
2294 1085 2415 1137 Ὅτι
2462 1086 2709 1156 ἑνίσχυσε
2764 1088 2890 1151 τοὺς
2930 1087 3157 1158 μοχλοὺς
3188 1105 3296 1143 των
3338 1088 3516 1143 πυλῶν
3563 1105 3655 1142 σου
3680 1107 3694 1123 ·

538 1162 589 1217 4.
626 1162 904 1222 Benedixit
937 1168 1062 1223 filiis
1092 1170 1197 1225 tuis
1228 1170 1283 1225 in
1310 1181 1380 1226 te.

2200 1175 2254 1229 4.
2290 1174 2562 1247 Εύλόγησε
2595 1179 2720 1242 τοὺς
2748 1178 2895 1242 υἱούς
2924 1195 3017 1231 σου
3040 1180 3097 1232 ἑν
3125 1179 3225 1235 σοί.

535 1253 591 1310 5.
632 1254 736 1322 Qui
757 1257 948 1326 posuit
975 1256 1107 1315 lines
1138 1271 1260 1316 tuos
1294 1278 1505 1331 pacem,

2202 1264 2255 1320 5.
2304 1265 2361 1319 '0
2385 1267 2552 1331 τιθεὶς
2578 1267 2645 1321 τὰ
2671 1268 2795 1340 apta
2824 1286 2916 1322 σου
2942 1272 3183 1341 εἰρήνην,

534 1342 588 1398 θ.
632 1344 695 1400 Et
728 1346 883 1416 adipe
916 1347 1175 1404 frumenti
1204 1351 1366 1406 satiat
1399 1359 1469 1406 te.

2194 1356 2245 1410 6.
2286 1357 2396 1410 Καὶ
2424 1358 2587 1431 στέαρ
2615 1360 2788 1432 πυροῦ
2817 1360 3105 1431 ἐμπιπλῶν
3142 1377 3220 1414 σε.

414 1602 419 1607 -
524 1556 776 1644 ῖὰβίὲῖε.
802 1572 890 1624 24.
918 1570 969 1625 in
993 1571 1111 1627 cod.
1145 1574 1255 1626 Καὶ
1286 1576 1343 1627 ἑν
1376 1575 1512 1628 πᾶσι
1542 1578 1674 1643 τοῖς,
1706 1585 1809 1632 etc.

1579 1729 1952 1787 ATHANASII
1997 1731 2576 1789 lNTERPRETATlO.

525 1881 615 1936 22.
644 1879 764 1936 Non
788 1882 842 1937 in
865 1882 1181 1941 fortitudine
1203 1884 1506 1956 insipientis
1527 1888 1849 1943 voluntatem
1868 1888 2025 1944 babe-
2054 1894 2099 1952 Β

2194 1890 2281 1944 22.
2308 1890 2424 1945 Οὐκ
2447 1893 2504 1945 ἑν
2523 1893 2587 1962 τῇ
2610 1891 2896 1963 δυναστείᾳ
2918 1891 3010 1944 τοῦ
3038 1891 3295 1945 ἀσυνέτου
3321 1891 3534 1963 θελήσει
3557 1895 3686 1948 ἑνοι-

458 1971 556 2035 bit,
584 1981 644 2025 ut
671 1972 936 2029 inhabitet
963 1977 1135 2046 gratia
1161 1992 1282 2033 sua.

1206 1992 1282 2030 ta.
2072 2030 2077 2034 .
2117 1981 2281 2049 κῆσαι
2310 1979 2406 2051 τὴν
2425 1982 2583 2050 χάριν
2600 1978 2782 2033 αὐτοῦ.

526 2062 615 2116 25.
646 2061 831 2134 Neque
875 2068 1277 2137 magnitudine,
1321 2077 1376 2123 et
1418 2068 1583 2124 corde
1627 2068 1893 2140 cujusque
1920 2069 2017 2124 de-

2187 2070 2277 2125 25.
2310 2056 2445 2125 ῡύδὲ
2469 2069 2547 2141 τῷ
2581 2070 2821 2142 μεγέθει,
2855 2069 2952 2122 καὶ
2977 2070 3042 2138 τῇ
3078 2067 3274 2139 καοδίᾳ
3302 2067 3529 2122 ἑκάστου
3559 2069 3683 2140 τέρ-

456 2153 591 2210 lecta
600 2162 706 2209 tur.

704 2198 706 2206 ι
2122 2179 2280 2216 πεται

524 2235 616 2303 24.
651 2247 758 2304 Sed
789 2249 841 2304 in
894 2248 1060 2304 corde
1092 2249 1326 2305 contrito
1381 2258 1435 2304 et
1459 2249 1741 2306 humiliato
1767 2266 1797 2305 a
1827 2251 2024 2305 timore

2190 2254 2278 2308 24.
2321 2254 2458 2308 Ἀλλ’
2485 2257 2541 2307 ἑν
2572 2252 2766 2326 καρδίᾳ
2793 2250 3244 2322 συντετριμμένῃ,
3274 2248 3677 2321 τεταπεινωμέ-

454 2356 558 2398 suo
587 2341 981 2412 beneplacitum
1021 2354 1106 2398 est
1130 2343 1177 2397 ei
1202 2384 1217 2406 ,
1241 2352 1295 2397 et
1326 2342 1611 2397 inhabitat.

2126 2361 2190 2420 νῃ
2220 2346 2324 2401 ὑπὸ
2352 2345 2446 2398 τοῦ
2480 2344 2645 2413 φόϐου
2680 2343 2842 2397 αὑτοῦ
2872 2343 3097 2406 εὐδοκεῖ,
3128 2342 3224 2396 καὶ
3248 2344 3511 2396 κατοικεῖ.

520 2430 608 2487 25.
636 2431 702 2487 Et
732 2448 839 2489 non
880 2433 933 2487 in
974 2434 1055 2489 eis
1077 2473 1093 2496 ,
1122 2433 1214 2501 qui
1241 2431 1521 2488 conﬁdunt
1544 2433 1597 2487 in
1625 2448 1683 2489 se
1712 2434 1842 2503 ipsis
1867 2431 2014 2503 quod

2188 2438 2278 2493 25.
2316 2439 2426 2491 Καὶ
2452 2439 2508 2492 ἑν
2534 2439 2646 2500 τοῖς
2681 2435 2756 2507 μὴ
2785 2434 3186 2488 πεποιθόσινιὲν
3214 2434 3445 2498 ἑαυτοῖς,
3470 2435 3553 2487 ὅτι
3582 2435 3681 2487 εἰσὶ

452 2521 562 2579 sint
578 2522 745 2593 justi;
784 2524 875 2579 sed
900 2524 953 2578 in
976 2524 1055 2580 eis
1077 2526 1170 2595 qui
1198 2534 1439 2594 sperant,
1462 2524 1607 2595 quod
1628 2525 1700 2580 ob
1721 2524 1840 2595 ejus
1862 2525 2016 2580 boni-

2117 2526 2312 2580 δίκαιοι
2349 2525 2691 2587 ἐλπίζοντας·
2723 2524 2804 2578 διὸ
2835 2522 3098 2594 καὶο[άλλ“
3129 2524 3187 2577 ἑν
3213 2526 3323 2586 τοῖς
3354 2522 3677 2587 ἐλπίζουσιν,

454 2621 614 2670 tatem
648 2615 793 2686 digni
825 2615 951 2671 lient
977 2617 1367 2673 misericordia.

2118 2619 2199 2670 ὃτι
2222 2616 2427 2689 καὶ]διὰ
2451 2617 2548 2687 τὴν
2570 2615 2879 2686 ἁγαθότητα
2891 2614 3055 2669 αὑτοῦ
3071 2614 3457 2686 ἀξιωθήσονται
3480 2614 3676 2679 ἐλέους.

530 2787 596 2841 Ἠ
622 2789 953 2861 προκειμένη
986 2791 1262 2861 ἐπιγραφὴ
1288 2793 1530 2863 περιέχει
1561 2791 1674 2861 (1)·
1717 2792 2097 2859 Ἀλληλούῖα,
2129 2791 2401 2861 Ἀγγαίου
2429 2790 2527 2843 καὶ
2559 2790 2890 2858 Ζαχαρίου,
2918 2788 2993 2853 ὡς
3021 2789 3351 2861 προείρηκα,
3394 2789 3489 2842 καὶ
3523 2789 3678 2842 πάλιν

451 2878 610 2948 λέγω,
631 2882 966 2950 ἀλληλούϊα
991 2883 1347 2956 ἑρμηνεύεται
1376 2884 1591 2939 αὶνεῖτε
1612 2885 1718 2939 τὸν
1745 2887 1893 2940 Θεόν
1911 2902 1926 2917 ·
1956 2886 2221 2956 Ἀγγαίου
2246 2886 2303 2938 δὲ
2328 2887 2688 2957 ἑρμηνεύεται
2718 2885 2856 2953 νίκη
2878 2882 3125 2946 λέοντος
3155 2876 3327 2949 Ἰησοῦ
3360 2876 3454 2930 τοῦ
3477 2877 3676 2948 Κυρίου

450 2973 625 3044 ήμῶν,
649 2974 717 3046 ἢν
746 2976 1035 3041 ἐποιήσατο
1056 2976 1143 3030 διὰ
1163 2980 1262 3050 τῆς
1294 2980 1592 3052 παρουσίας
1624 2980 1719 3035 καὶ
1745 2981 1854 3035 τῶν
1891 2981 2229 3053 παθημάτων
2253 2980 2441 3036 αὑτοῦ.

517 3061 730 3120 Titulus
762 3067 1084 3136 praepositus
1116 3073 1357 3127 continet
1387 3089 1399 3126 :
1436 3072 1686 3137 Alleluia,
1721 3073 1901 3144 Aggtei
1943 3082 1994 3128 et
2022 3073 2300 3128 Zachariae
2327 3089 2345 3126 :
2383 3080 2443 3127 ut
2481 3072 2617 3137 dixi,
2657 3079 2713 3127 et
2745 3086 2937 3127 rursus
2983 3067 3138 3131 dico,
3164 3064 3382 3119 alleluia
3412 3063 3672 3133 interpre

446 3163 591 3212 tatur
620 3156 835 3213 laudate
855 3158 1024 3215 Deum
1054 3179 1071 3216 :
1101 3161 1321 3233 Aggmus
1351 3171 1532 3217 autem
1563 3162 1951 3234 interpretatur
1980 3165 2202 3218 victoria
2219 3162 2409 3218 Leonis
2435 3161 2563 3219 Jesu
2582 3160 2795 3217 Domini
2825 3159 3018 3226 nostri,
3045 3170 3209 3228 quam
3235 3154 3419 3209 retulit
3441 3154 3671 3209 adventu

445 3254 498 3301 et
530 3248 783 3317 passione
812 3264 931 3305 sua.

514 3393 564 3445 l.
598 3388 747 3445 Visio
776 3392 924 3462 pacis
958 3394 1196 3465 gloriﬁca
1226 3395 1540 3460 Dominum,
1568 3397 1673 3449 hoc
1701 3403 1784 3448 est
1813 3392 2001 3448 Eccle-
2028 3400 2071 3457 α

2175 3392 2225 3445 1.
2256 3389 2485 3461 Ὀρασις
2517 3390 2617 3460 τῆς
2649 3391 2893 3462 είρήνης,
2918 3391 3138 3457 δόξασον
3169 3392 3259 3447 τὸν
3272 3392 3664 3465 Κύριον,τουτ-

444 3482 525 3538 sia
562 3497 629 3538 ex
664 3484 929 3555 gentibus,
962 3485 1027 3540 in.
1049 3503 1155 3557 qua
1181 3490 1297 3544 visa
1328 3500 1443 3555 est,
1473 3497 1526 3544 et
1554 3488 1768 3543 videtur
1794 3501 1898 3556 pax
1924 3494 2007 3540 to-

2110 3483 2257 3535 ἐστιν
2312 3482 2345 3553 ή
2373 3480 2431 3546 ἑξ
2457 3480 2624 3534 ἐθνῶν
2664 3480 2956 3551 Ἐκκλησία
2977 3523 2992 3547 ,
3019 3483 3075 3534 ὲν
3158 3483 3393 3554 ἑωράθη,
3425 3484 3520 3536 καὶ
3548 3484 3655 3553 ὁρᾶ-

445 3572 553 3628 tius
586 3574 774 3630 mundi
799 3574 1057 3633 Dominus
1085 3589 1267 3635 noster
1287 3578 1445 3637 Jesus
1467 3598 1479 3635 :
1498 3579 1832 3635 Hierusalem
1858 3579 2004 3636 enim

2109 3592 2197 3628 ται
2231 3575 2419 3645 εἰρήνη
2463 3571 2539 3645 (2.)
2587 3571 2681 3625 τοῦ
2716 3573 2916 3636 παντὸς
2967 3574 3170 3644 κόσμου
3217 3576 3244 3627 ὁ
3276 3572 3479 3644 Κύριος
3513 3572 3662 3643 ήμῶι

443 3661 828 3735 interpretatur
863 3668 990 3723 visio
1018 3670 1183 3738 pacis.

2124 3666 2325 3737 Ἰησοῦς
2345 3681 2357 3694 ’
2403 3663 2786 3734 Ἰερουσαλὴμ
2814 3664 2923 3737 γὰρ
2950 3664 3308 3736 ἑρμηνεύεται
3349 3664 3561 3733 ὅρασις
3593 3667 3654 3717 ειῖί⁴

2098 3757 2314 3826 mirac-

507 3840 560 3895 2.
603 3838 785 3897 Lauda
815 3841 982 3899 Deum
1008 3855 1182 3914 tuum,
1205 3845 1446 3903 Ecclesia
1480 3849 1667 3917 ipsius,
1699 3851 1754 3903 in
1792 3863 1899 3919 qua
1919 3858 2003 3904 est

2173 3848 2227 3903 2.
2263 3847 2413 3900 Δῖνει
2442 3848 2532 3901 τὸν
2558 3848 2690 3901 Θεόν
2724 3863 2839 3911 σου,
2868 3849 2900 3917 ἡ
2933 3845 3098 3900 αὑτοῦ
3124 3847 3199 3917 (5)
3237 3844 3551 3915 Ἐκκλησία,
3583 3844 3657 3896 ἔν-

370 3944 375 3949 ·
438 3933 809 3987 sanctuarium
856 3935 1040 4004 gratiae
1068 3936 1228 4004 ejus:
1260 3935 1387 3991 Sion
1428 3937 1572 3991 enim
1619 3937 1946 4008 interpretati

2105 3934 2172 3989 θα
2199 3936 2260 3989 τὸ
2303 3936 2550 4006 άγίασμα
2576 3936 2675 4006 τῆς
2700 3934 2916 4005 χάριτος
2948 3935 3111 3988 αὐτοῦ
3145 3936 3291 3987 ἑστι·
3360 3932 3515 3988 Σιὼν
3558 3933 3654 4003 γὰτ

439 4020 583 4075 locus
612 4021 702 4076 ubi
733 4025 1141 4082 tabernaculum.

2103 4025 2461 4097 ἑρμηνεύεται
2492 4027 2672 4091 τόπος
2708 4025 2859 4079 ὅπου
2892 4027 2931 4092 ἡ
2964 4025 3184 4092 σκηνή.

441 4133 457 4145 ·
507 4111 559 4165 3.
588 4111 855 4178 Quoniam
886 4117 1257 4171 corroboravit
1283 4116 1579 4187 potentiam
1600 4116 1993 4187 apostolorum,

2168 4119 2222 4172 ὅ.
2260 4117 2385 4171 ’Ότι
2414 4117 2783 4187 ἑνεδυνάμωσε
2812 4114 2910 4179 τὰς
2935 4114 3253 4177 δυναστείας
3293 4114 3401 4167 τῶν
3434 4113 3637 4167 ἀποστό

439 4216 535 4269 per
562 4219 700 4272 quos
729 4219 919 4261 omnes
949 4207 1326 4278 ingrediuntur
1352 4210 1417 4263 ad
1452 4217 1524 4264 te.

2099 4206 2226 4271 λων,
2251 4206 2317 4260 δι’
2349 4201 2423 4260 ὧν
2452 4208 2649 4271 πάντες
2675 4209 3008 4279 εἰσέρχονται
3034 4205 3170 4278 πρὸς
3192 4206 3272 4259 σέ.

507 4294 560 4349 4.
603 4294 969 4353 Sanctiﬁcavit
998 4315 1093 4354 eos
1117 4301 1172 4354 in
1196 4309 1380 4355 ventre
1406 4317 1528 4367 suo,
1573 4304 1677 4357 hoc
1699 4309 1785 4356 est
1819 4300 1875 4355 in
1910 4301 1995 4355 la-

2166 4296 2220 4349 4.
2257 4297 2507 4364 Ἠγίασεν
2536 4296 2728 4360 αὐτοὺς
2761 4298 2819 4349 ὲν
2849 4299 2915 4367 τῇ
2941 4296 3136 4367 γαστρί
3162 4312 3277 4358 σου,
3308 4294 3583 4347 τουτέστιν
3604 4296 3654 4347 ἐκ.

439 4401 620 4441 vacro.

2097 4388 2163 4457 τῇ
2192 4384 2564 4456 κολυμϐήθρᾳ.
3005 4417 3018 4431 ο
3137 4452 3142 4460 .

515 4478 569 4532 5.
607 4476 784 4533 Porta;
820 4481 963 4535 enim
998 4474 1155 4536 inferi
1186 4498 1290 4538 non
1340 4483 1705 4553 praevalebunt
1734 4483 1993 4537 adversus

1872 4497 1993 4537 rsus
2166 4476 2219 4529 5.
2246 4475 2417 4529 Πύλαι
2451 4476 2559 4548 γὰρ
2587 4474 2711 4546 ᾅδου
2735 4476 2797 4528 ού
2824 4473 3220 4544 κατασχύσουσί
3251 4490 3312 4527 σε
3347 4474 3447 4546 (4).

437 4579 492 4624 te
509 4571 577 4623 ³⁸.

505 4660 558 4716 6.
614 4659 681 4718 Et
720 4663 876 4734 adipe
920 4666 1321 4733 supercmlestis
1369 4664 1626 4719 frumenti
1682 4664 1844 4720 satiat
1902 4674 1987 4731 te,

2165 4669 2216 4723 6.
2244 4670 2361 4731 Καὶ,
2383 4670 2445 4723 τὺ
2479 4670 2645 4742 στέαρ
2688 4670 2780 4723 τοῦ
2826 4671 3143 4743 ἐπουρανίου
3175 4675 3324 4726 σίτου
3372 4675 3650 4744 ἐμπιπλῶν

435 4754 578 4825 quod
628 4755 853 4811 moritur
895 4756 947 4809 in
983 4765 1142 4821 terra,
1188 4765 1243 4812 et
1286 4758 1589 4827 germinare
1633 4755 1763 4812 facit
1809 4758 1988 4829 spicas

2093 4775 2174 4822 σε,
2203 4759 2297 4813 τοῦ
2332 4758 2693 4823 ἀποθανόντος
2724 4761 2783 4812 ἑν
2814 4763 2879 4831 τῇ
2908 4762 2976 4831 γῇ
2998 4798 3013 4822 ,
3043 4760 3135 4817 καὶ
3169 4760 3246 4832 (5)
3277 4762 3648 4827 ἀνατείλαντος

435 4862 566 4903 suas
598 4846 651 4901 in
677 4857 789 4902 toto
821 4848 1101 4903 mundo“.
1142 4852 1154 4919 ξ

2092 4850 2217 4913 τοὺς
2246 4849 2484 4920 στάχυας
2514 4849 2677 4905 αύτοῦ
2705 4852 2762 4904 ἑν
2787 4850 2889 4921 ὅλῳ
2911 4850 2990 4922 τῷ
3014 4851 3220 4923 κόσμω.

506 5046 548 5078 ι’
585 5043 774 5101 Matth.
813 5063 924 5112 1m,
965 5047 1050 5101 18.
1127 5046 1171 5079 ⁸³
1208 5045 1366 5102 Joan.
1409 5064 1507 5114 xu,
1544 5047 1635 5111 24,
1674 5048 1767 5105 25.

1368 5230 1672 5335 Addenda
1696 5279 1757 5336 et
1805 5271 2175 5351 corrigenda
2207 5289 2285 5335 ex
2315 5272 2455 5336 cod.
2486 5271 2690 5337 Vatic.

501 5461 577 5529 (l)
608 5461 671 5514 'H
687 5461 773 5543 διά
791 5463 1278 5543 τῆίκινναόάρευξς
1308 5462 1706 5543 ﬁngenteth
1723 5462 1798 5543 ξας
1816 5479 1988 5543 προει-
2372 5462 2720 5543 είρήγῃ,Λθίο.

467 5530 1073 5605 ῃκαμεν,οῑο.,ἀίνεῖτε,
1093 5530 1310 5605 ὑμνεῖτε
1326 5530 1412 5585 τὸν
1429 5530 1713 5605 ὄνταρεύν.
1732 5530 1983 5605 Ἀγγαίου
2266 5530 2439 5605 ᾼ-ύτοῦ
2464 5530 2558 5605 τᾷὖ
2580 5531 2713 5605 Θεοῦ
2747 5530 3055 5605 Ἐκκλησία,
3084 5541 3190 5590 etc.

467 5548 836 5600 ηκαμεν,θιο.,
857 5548 1073 5595 αινειτε,
1093 5548 1310 5604 υμνειτε
1326 5548 1412 5585 τον
1429 5548 1552 5584 οντα
1565 5548 1713 5585 δεον.
1738 5548 1983 5599 ’Λγγαιου
2185 5548 2238 5587 ο)
2266 5548 2439 5583 Αυτου
2464 5548 2555 5584 του
2580 5548 2713 5585 υεου
2752 5548 2813 5585 ιτ

428 5548 486 5652 ἑὲ
504 5600 854 5705 ἑρμηνεύεται
873 5603 1214 5671 ἑορτάζοντος
1232 5620 1243 5631 ·
1265 5602 1528 5672 Ζαχαρίου
1549 5601 1605 5655 δὲ
1628 5601 1983 5673 ἑρμηνεύεται
2159 5548 2236 5669 ίά)
2276 5600 2670 5682 Κατισχύσουσί
2701 5618 2813 5653 σου.

430 5669 549 5705 υἶννι
651 5684 797 5705 (ινιτ-ηρ
843 5680 924 5705 οη-
2161 5669 2236 5705 Ηξὶ
2280 5671 2371 5705 lc";-
2400 5671 2496 5705 ηᾶ-ιυ
2516 5688 2616 5705 vanu
2671 5670 2763 5705 non:
2807 5690 2813 5705 ι

430 5667 550 5729 νίκη
574 5667 817 5733 λέοντος,
843 5667 944 5725 etc.
1198 5667 1204 5668 ⁷
1343 5667 1374 5672 ’⁷
1419 5667 1430 5672 ’
1658 5667 1669 5673 ’
1697 5667 1708 5671 ⁷
1759 5667 1769 5671 ⁷

1343 5667 1374 5672 ’⁷
1419 5667 1430 5672 ·
1658 5667 1708 5673 ’⁷
1759 5667 1769 5671 '
2161 5667 2236 5740 (ε)
2277 5671 2371 5733 Et;
2400 5667 2496 5724 τῇ
2516 5672 2638 5740 γῆν,
2671 5670 2783 5736 καί,
2807 5681 2909 5725 etc.
