3990 6208
362 300 500 357 1329

428 413 481 468 7.
534 414 591 467 '0
620 412 958 467 ἀποστέλλων
990 412 1051 464 τὸ
1075 413 1252 481 λόγιον
1284 412 1446 467 αὐτοῦ
1473 418 1537 485 τῇ
1565 415 1666 487 γῇ·

424 503 478 560 8.
509 502 653 567 Ἕως
679 505 873 574 τάχους
902 503 1188 573 δραμεῖται
1218 505 1246 555 ὁ
1269 503 1427 572 λόγος
1453 505 1638 559 αὐτοῦ.

429 596 483 652 9.
522 595 762 653 Διδόντος
790 595 940 665 χιόνα
965 593 1128 647 αὐτοῦ
1153 593 1283 647 ὡσεὶ
1305 594 1447 667 ἔριον
1464 613 1478 627 ο

432 683 515 738 10.
567 682 826 754 Ὁμίχλην
850 682 980 735 ὡσεὶ
1008 681 1196 734 σποδὸν
1226 683 1544 748 πάσσοντος.

431 774 517 828 11.
558 772 848 836 Βάλλοντος
873 772 1204 847 κρύσταλλον
1228 774 1391 827 αὑτοῦ
1414 774 1546 828 ὡσεὶ
1568 775 1793 845 ψωμούς
1818 794 1830 805 ·

430 866 515 920 12.
534 865 690 918 Κατὰ
710 865 998 936 πρόσωπον
1019 865 1221 937 ψύχους
1241 866 1404 921 αὑτοῦ
1433 867 1517 931 τίς
1533 869 1921 940 ὑποστήσεται;

427 957 514 1011 15.
540 955 917 1020 Ἐξαποστελεῖ
940 957 1029 1010 τὸν
1058 958 1214 1026 λόγον
1242 958 1428 1022 αὐτοῦ,
1457 960 1549 1013 καὶ
1579 959 1728 1030 τήξει
1750 961 1918 1013 αύτά’

432 1047 516 1101 14.
536 1046 765 1100 Πνεύσει
785 1047 845 1101 τὸ
863 1047 1078 1119 πνεῦμα
1108 1047 1293 1113 αὑτοῦ,
1320 1049 1414 1102 καὶ
1444 1050 1701 1120 ῥυήσεται
1735 1049 1919 1104 ῦδατα.

430 1137 516 1191 15.
567 1137 626 1190 '0
654 1136 1010 1205 ἀπαγγέλλων
1037 1138 1097 1191 τὸ
1123 1138 1300 1208 λόγιον
1325 1138 1489 1192 αὐτοῦ
1521 1139 1598 1210 τῷ
1638 1141 1850 1205 Ἰακὼϐ,

430 1227 515 1280 16.
557 1226 910 1298 Δικαιώματα
935 1229 1029 1281 καὶ
1052 1228 1295 1300 κρίματα
1324 1230 1487 1284 αὑτοῦ
1519 1231 1597 1301 τῷ
1633 1231 1864 1305 Ἰσραήλ.

434 1318 520 1372 17.
560 1320 673 1371 Οὐκ
695 1318 947 1389 ἐποίησεν
978 1318 1120 1373 οὕτω
1150 1321 1311 1374 παντὶ
1344 1320 1503 1374 ἔθνει.

430 1408 515 1462 18.
560 1408 668 1461 Καὶ
694 1407 761 1461 τὰ
790 1407 1033 1480 κρίματα
1070 1411 1233 1464 αὑτοῦ
1268 1411 1367 1465 οὐκ
1405 1413 1671 1483 ἐδήλωσεν
1714 1416 1917 1479 αὐτοῖς.

1215 294 1299 349 DE
1335 294 1613 351 TITULIS
1651 295 2100 353 PSALMORUM.
2142 326 2212 338 --
2248 296 2440 352 PSAL.
2482 295 2737 352 CXLVII.

3449 298 3591 356 1330

1945 423 1992 480 Α
2091 417 2142 471 7.
2182 418 2285 484 Qui
2316 417 2513 478 emittit
2535 416 2811 487 eloquium
2841 431 3003 472 suum
3039 425 3233 471 terrae:

2093 508 2145 560 8.
2188 505 2457 561 Velociler
2485 507 2656 561 currit
2688 521 2869 561 sermo
2896 507 3037 574 ejus.

2091 596 2143 650 9.
2184 594 2286 660 Qui
2317 595 2409 649 dat
2437 596 2612 649 nivem
2644 596 2784 650 sicut
2810 596 2988 651 lanam
3019 612 3033 650 :

2094 686 2178 739 10.
2219 685 2479 741 Nebulam
2515 688 2657 742 sicut
2684 688 2920 743 cinerem
2958 687 3182 758 spargit.

2093 778 2180 833 11.
2220 776 2381 831 Mittit
2409 778 2724 849 crystallum
2749 793 2907 833 suum
2944 778 3086 834 sicut
3114 776 3426 833 buccellas:

2028 898 2031 899 ν
2095 868 2185 922 12.
2221 867 2364 922 Ante
2392 867 2584 923 faciem
2622 867 2841 939 frigoris
2868 869 2988 939 ejus
3012 869 3133 938 quis
3163 868 3488 926 sustinebit?

2097 960 2183 1014 15.
2221 957 2443 1013 Emittet
2471 959 2746 1030 eloquium
2779 976 2960 1027 suum,
2984 969 3041 1015 et
3072 958 3381 1028 liquefaciet
3410 973 3519 1014 ea:

2096 1049 2181 1103 14.
2221 1048 2397 1105 Flabit
2423 1052 2646 1121 spiritus
2671 1052 2810 1122 ejus,
2846 1061 2899 1107 et
2921 1052 3086 1107 llucnt
3108 1068 3280 1120 aquae.

2095 1140 2179 1194 15.
2222 1139 2323 1206 Qui
2351 1142 2641 1197 annuntiat
2670 1143 2894 1197 verbum
2925 1159 3086 1197 suum
3112 1141 3279 1197 Jacob
3306 1159 3319 1193 :

2094 1231 2182 1287 16.
2221 1230 2475 1289 Justitias
2502 1242 2558 1289 et
2582 1232 2790 1301 judicia
2821 1249 2920 1289 sua
2945 1232 3132 1288 Israel.

2027 1363 2031 1368 .
2098 1321 2184 1377 17.
2226 1321 2345 1377 Non
2371 1321 2500 1379 fecit
2528 1324 2706 1379 taliter
2734 1323 2882 1377 omni
2908 1322 3132 1377 nationi.

2097 1416 2185 1471 18.
2226 1416 2293 1473 Ει
2314 1417 2524 1489 judicia
2548 1434 2650 1474 sua
2677 1433 2785 1473 non
2820 1416 3190 1472 manifestavit
3215 1415 3316 1472 eis.

1478 1544 1847 1601 ATHANASII
1886 1545 2467 1608 INTERPRETATIO.

440 1683 504 1747 7,
535 1682 589 1738 8.
618 1682 692 1753 (1)
742 1682 799 1736 '0
840 1683 1180 1739 ἀποστέλλων
1222 1685 1283 1738 τὸ
1320 1686 1581 1757 κήρυγμα
1632 1687 1797 1741 αὐτοῦ
1836 1688 1924 1743 διὰ
1955 1699 1970 1755 |

2098 1693 2147 1760 7,
2181 1694 2236 1749 8.
2278 1693 2383 1763 Qui
2416 1697 2618 1753 emittit
2637 1695 3078 1767 praedicationem
3114 1710 3267 1751 suam
3304 1703 3479 1759 terrae,
3496 1708 3590 1764 per
3644 1722 3645 1725 η

372 1774 470 1829 τῶν
494 1774 784 1846 προφητῶν
799 1774 899 1846 τῆς
915 1776 1236 1847 συναγωγῆς
1261 1778 1327 1848 τῇ
1353 1777 1518 1850 γηίνῃ
1545 1777 1633 1850 [τῇ
1659 1779 1777 1850 γῇ],
1800 1780 1925 1846 ἕως,

373 1864 456 1920 τοῦ
488 1865 693 1937 κόσμου
719 1865 812 1920 τοῦ
848 1868 905 1920 ὲν
939 1867 1091 1938 τάχει
1127 1866 1436 1939 παριόντος,
1468 1870 1871 1943 κηρυχθήσεται
1900 1874 1930 1926 ὁ

369 1955 517 2024 λόγος
541 1955 726 2009 αὐτοῦ.

433 2052 485 2107 9.
529 2052 601 2104 Τὸ
648 2050 886 2121 καθαρὸν
918 2051 993 2121 (2)
1046 2050 1138 2105 τοῦ
1185 2051 1344 2121 λόγου
1392 2052 1540 2121 λέγει
1586 2053 1680 2107 καὶ
1726 2052 1930 2108 ἁπαλὸν

371 2144 473 2205 τοῖς
503 2141 843 2211 βουλομένοις
864 2181 879 2205 ,
924 2143 1017 2196 καὶ
1043 2142 1232 2214 ὅτιπερ
1269 2148 1378 2208 τοῖς
1406 2144 1680 2215 ἐπιμελῶς
1706 2145 1932 2217 ἐργαζο-

369 2232 547 2303 μένοις
580 2232 734 2300 λόγον
762 2232 1007 2301 γίνεται,
1032 2233 1108 2298 ὡς
1135 2235 1243 2288 ἀπὸ
1275 2235 1455 2307 ἐρέας,
1485 2236 1826 2308 περιϐόλαιον
1863 2241 1928 2310 τῇ

370 2323 526 2395 ψυχῇ-

432 2414 517 2469 10.
547 2414 620 2467 Τὸ
642 2414 968 2469 λεπτότατον
992 2415 1395 2487 καὶρδυσνόητον
1420 2420 1476 2472 ἑν
1505 2421 1616 2483 τοῖς
1642 2419 1822 2488 λόγοις
1842 2423 1934 2475 αὐ-

374 2506 457 2560 τοῦ
491 2508 805 2577 ἐγκείμενον
830 2507 1015 2579 δηλοῖ·
1056 2509 1247 2580 ὅτιπερ
1286 2510 1356 2563 τὰ
1393 2510 1622 2582 πλησίον
1666 2511 1795 2566 ὄντα
1839 2511 1931 2565 τοῦ

371 2596 824 2668 ἀναγινώσκοντος
847 2597 1004 2667 λόγια
1042 2601 1103 2652 οὐ
1146 2602 1509 2673 συγχωρεῖται
1540 2605 1573 2674 ἡ
1601 2603 1809 2657 διάνοια
1837 2603 1934 2657 αὐ-

378 2689 459 2744 τοῦ
490 2689 727 2761 καθορᾷν
743 2690 829 2744 διὰ
853 2691 948 2761 τὴν
976 2686 1138 2745 οὖσαν
1160 2695 1218 2745 ἑν
1259 2694 1469 2757 ἑαυτοῖς
1492 2693 1591 2765 (‘2‘)
1612 2694 1933 2764 λεπτότητα,

372 2781 553 2852 ὥσπερ
577 2781 805 2852 ὁμίχλης
829 2782 1181 2854 ἐπικειμένης
1215 2785 1271 2837 ἑν
1302 2785 1486 2850 αὐτοῖς
1505 2803 1518 2815 ·
1551 2785 1709 2858 χρεία
1730 2781 1822 2841 οὖν
1847 2787 1933 2840 ἵνα

372 2872 621 2945 ἀνατείλῃ
649 2874 706 2926 ἑν
735 2875 799 2944 τῇ
827 2872 1034 2944 διανοίᾳ
1071 2873 1220 2944 ἥλιος
1246 2874 1613 2948 δικαιοσύνης,
1646 2878 1740 2931 καὶ
1795 2896 1936 2951 παρ-

372 2965 551 3036 αγάγῃ
587 2965 661 3033 (3)
695 2966 794 3037 τὴν
820 2966 1173 3038 ἐπικειμένην
1196 2968 1446 3040 ὁμίχλην,
1485 2969 1550 3022 ἵν’
1573 2968 1713 3023 οὕτω
1739 2970 1934 3043 δυνηθῇ

2029 1786 2321 1855 prophetas
2354 1803 2659 1859 synagogas,
2690 1788 2863 1845 donec
2893 1827 2908 1852 ,
2952 1787 3156 1842 mundo
3201 1786 3444 1842 celeriter
3476 1799 3591 1855 per-

2029 1884 2364 1946 transeunte,
2397 1879 2784 1949 prmdicabitur
2809 1894 2991 1935 sermo
3015 1878 3156 1949 ejus.
3650 1878 3653 1881 ’

2099 2050 2153 2105 9.
2190 2049 2488 2107 Puritatem
2517 2051 2786 2108 sermonis
2809 2050 2927 2122 ejus
2954 2050 3240 2123 signiﬁcat,
3285 2059 3340 2105 et
3364 2049 3593 2106 facilita-

2031 2148 2136 2196 tem
2167 2141 2492 2207 volentibus,
2518 2149 2573 2198 et
2604 2142 2749 2213 quod
2782 2141 3065 2213 diligenter
3095 2140 3443 2212 operantibus
3477 2155 3594 2197 ser-

2031 2247 2245 2288 monem
2289 2233 2349 2288 ﬁt
2379 2235 2574 2290 animae
2626 2250 2853 2300 eorum,
2893 2233 3059 2290 veluti
3104 2233 3498 2304 operimentum
3525 2246 3593 2287 ex

2031 2324 2175 2379 lana.
2263 2357 2266 2360 ~

2103 2414 2189 2470 l0.
2230 2414 2592 2472 Subtilitatem
2618 2457 2634 2483 ,
2686 2425 2740 2473 et
2802 2416 3134 2489 intelligendi
3194 2414 3587 2480 diliicultatem,

2032 2523 2154 2579 quae
2191 2508 2244 2564 in
2290 2510 2638 2566 sermonibus
2686 2510 2806 2580 ejus
2843 2518 2956 2576 est,
2995 2507 3304 2580 signiﬁcat:
3335 2508 3589 2580 quoniam

2032 2614 2159 2655 cum
2189 2614 2353 2670 prope
2394 2600 2654 2671 legentem
2705 2600 2815 2655 sint
2845 2598 3058 2670 eloquia
3083 2638 3099 2664 ,
3148 2612 3255 2653 non
3282 2597 3595 2655 conceditur

2036 2690 2202 2745 menti
2235 2690 2407 2760 ipsius
2433 2706 2498 2746 ea
2523 2690 2879 2759 intrOSpicere
2919 2699 3136 2761 propter
3159 2705 3350 2747 eorum
3378 2689 3594 2746 subtili-

2034 2790 2220 2846 tatem,
2260 2781 2482 2851 peiiude
2512 2797 2575 2835 ac
2605 2782 2651 2836 si
2681 2780 2875 2836 nebula
2898 2796 2963 2836 ea
3004 2780 3312 2850 obtegeret;
3342 2793 3481 2850 opus
3509 2789 3595 2834 εει

2036 2871 2219 2942 igitur,
2250 2880 2311 2926 ut
2340 2870 2394 2925 in
2423 2881 2600 2926 mente
2631 2871 2913 2926 exoriatur
2944 2871 3025 2926 sol
3045 2870 3291 2942 justitiat,
3335 2878 3390 2926 et
3415 2868 3597 2940 abigat

2039 2962 2386 3019 incubantem
2421 2963 2694 3029 nebulam,
2724 2970 2784 3018 ut
2813 2963 2885 3016 ita
2914 2962 3083 3032 possit
3113 2962 3281 3018 lector
3304 2974 3443 3033 puro
3469 2973 3596 3016 cor-

373 3056 594 3129 ⁸νιαθαρῷ
623 3056 701 3129 τῷ
727 3056 932 3129 ὄμματι
953 3060 1052 3130 τῆς
1072 3059 1299 3132 καρδίας
1329 3060 1452 3113 ἰδεῖν
1481 3062 1508 3113 ὁ
1541 3061 1928 3131 ἀναγινώσκων
1956 3056 1970 3108 1

2040 3055 2115 3110 dis
2147 3055 2306 3109 oculo
2330 3054 2512 3110 videre
2536 3069 2756 3111 sensum
2787 3055 3059 3111 latentem.

373 3148 459 3200 τὸν
490 3149 806 3219 ἐγκείμενον
829 3149 971 3203 νοῦν.

437 3239 523 3292 11.
569 3240 642 3293 Τὸ
674 3240 907 3312 σκληρὸν
947 3240 1042 3295 τοῦ
1086 3241 1244 3311 λόγου
1285 3242 1450 3297 αὐτοῦ
1496 3244 1588 3297 καὶ
1633 3243 1935 3316 τηλαυγὲς,

373 3328 560 3404 ὥσπερ
597 3333 658 3386 τὸ
698 3332 1032 3405 κρύσταλλον
1058 3352 1071 3365 ·
1108 3333 1362 3406 σημαίνει
1391 3334 1447 3388 δὲ
1483 3335 1560 3405 (4)
1588 3336 1684 3390 καὶ
1721 3335 1783 3389 τὸ
1807 3334 1941 3400 ζωο-

374 3422 556 3477 ποιοῦν
583 3423 770 3485 αὐτοῦ,
798 3424 984 3498 ὥσπερ
1010 3428 1037 3480 ό
1067 3426 1280 3497 ψωμός.

440 3517 526 3571 12.
563 3517 636 3570 Τὸ
664 3517 932 3588 φρικῶδες
972 3519 1067 3572 καὶ⁹
1094 3518 1321 3589 φοϐερὸν
1374 3517 1467 3571 τοῦ
1518 3517 1682 3589 νόμου
1722 3517 1796 3591 (5)
1822 3517 1941 3588 ἑδή-

375 3619 562 3673 λωσεν,
593 3607 668 3670 ὡς
696 3607 921 3678 νομίζω.

444 3699 530 3755 15.
552 3698 932 3763 Ἐξαποστελεῖ
958 3700 1048 3754 τὸν
1084 3700 1211 3753 Υίὺν
1241 3699 1407 3753 αὐτοῦ
1438 3699 1526 3754 τὸν
1559 3699 1818 3772 μονογενῆ
1851 3699 1942 3752 τὸν

377 3791 530 3862 ἥλιον
559 3792 658 3861 τῆς
681 3788 1043 3854 δικαιοσύνης,
1062 3790 1156 3843 καὶ
1177 3788 1416 3843 διαλύσει
1442 3788 1602 3852 αὐτὰ,
1626 3787 1941 3860 ἑρμηνεύων

377 3884 505 3954 ἡμῖν
534 3882 603 3937 τὰ
630 3883 838 3954 σκληρᾶ
862 3885 955 3936 καὶ
977 3881 1242 3952 δυσνόητα
1275 3880 1369 3934 τοῦ
1394 3880 1559 3953 νόμου
1585 3879 1684 3951 (6).

451 3975 537 4032 14.
600 3976 968 4046 Ἐπιφοιτὴσει
1014 3976 1069 4029 τὸ
1100 3973 1325 4045 Πνεῦμα
1374 3973 1436 4027 τὸ
1480 3974 1635 4041 ἆγιον
1684 3968 1849 4026 αὐτοῦ
1884 3971 1942 4025 ὲν

377 4070 484 4131 τοῖς
507 4066 833 4138 ἀνθρώποις,
861 4068 955 4119 καὶ
989 4068 1272 4137 ῥεύσουσιν
1303 4068 1367 4119 ὲκ
1401 4065 1500 4136 τῆς
1530 4062 1739 4126 κοιλίας
1763 4059 1943 4116 αὐτῶν

381 4159 614 4230 ποταμοὶ
648 4158 836 4222 ὓδατος
859 4157 1082 4223 ζῶντος.

447 4249 535 4304 15.
578 4249 635 4303 '0
665 4248 911 4320 φανερῶν
955 4246 1204 4301 omni»;
1237 4246 1399 4300 αὑτοῦ
1431 4242 1510 4315 τῷ
1540 4241 1651 4314 λαῷ
1671 4241 1747 4314 τῷ
1779 4239 1943 4310 ἑσχά-

378 4356 472 4412 τῳ.
490 4339 689 4395 Ἰακὼϐ
710 4338 818 4410 γὰρ
846 4337 1201 4410 ἑρμηνεύεται
1228 4335 1458 4406 κρατῶν
1481 4339 1733 4404 ἔσχατα.

2113 3236 2196 3289 11.
2229 3234 2457 3301 Durum,
2503 3247 2567 3289 ac
2611 3231 2907 3288 dilucidum
2948 3246 3068 3287 esse
3111 3243 3418 3285 sermonem
3454 3227 3599 3298 ejus,
3642 3224 3647 3233 ’

2040 3328 2183 3383 sicut
2226 3326 2537 3398 crystallum
2567 3340 2581 3377 :
2610 3323 2881 3396 signiﬁcat
2913 3331 3092 3378 autem
3139 3321 3301 3377 etiam
3325 3319 3599 3376 viviﬁcum

2040 3435 2182 3485 esse,
2216 3420 2381 3475 veluti
2417 3417 2735 3475 buccellam.

2112 3512 2199 3569 t2.
2236 3511 2532 3568 Ostendere
2578 3509 2772 3577 voluit,
2800 3515 2858 3563 ut
2884 3515 3036 3579 puto,
3082 3504 3376 3563 timendum
3401 3518 3466 3559 ac
3498 3510 3604 3558 tre.

2042 3603 2296 3659 mendum
2328 3617 2449 3658 esse
2472 3614 2783 3656 sermonem
2808 3598 2949 3669 ejus.

2112 3694 2200 3749 13.
2242 3691 2464 3748 Emittet
2488 3690 2688 3747 Filium
2742 3703 2901 3745 suum
2929 3686 3264 3756 unigenitum
3308 3684 3475 3743 solem
3515 3682 3603 3753 ju-

2044 3785 2223 3852 stitiae,
2246 3793 2298 3840 et
2329 3784 2588 3840 dissolvet
2608 3797 2673 3837 ea
2704 3781 2831 3851 (hoc
2860 3787 2944 3834 est
2983 3778 3196 3847 eloquia
3243 3776 3633 3845 interpretans.

2043 3878 2201 3934 nobis
2222 3877 2457 3933 obscura
2481 3884 2536 3930 et
2561 3872 2794 3931 difﬁcilia
2820 3869 2994 3941 legis).

2114 3970 2202 4024 14.
2241 3967 2504 4023 Adveniet
2546 3965 2782 4036 Spiritus
2821 3969 3043 4018 sanctus
3084 3958 3204 4036 ejus
3230 3956 3284 4011 in
3320 3953 3600 4018 homines,

2044 4066 2099 4114 et
2135 4057 2303 4113 ﬂuent
2330 4073 2396 4112 ex
2439 4033 2681 4128 ipsorum
2711 4061 2898 4109 ventre
2941 4033 3166 4105 ﬂumina
3199 4059 3351 4116 aqua:
3379 4044 3516 4100 viva:
3536 4041 3600 4097 “.

2118 4232 2206 4288 15.
2246 4230 2351 4299 Qui
2391 4229 2707 4287 manifestat
2750 4228 2951 4284 Filium
3001 4241 3160 4283 suum
3196 4224 3395 4297 populo
3424 4223 3603 4280 novis—

2048 4326 2208 4383 simo.
2259 4323 2425 4379 Jacob
2453 4324 2598 4379 enim
2630 4325 3013 4395 interpretatur
3039 4332 3215 4378 tenens
3245 4331 3500 4375 extrema.

448 4388 676 4486 is};
692 4388 1178 4504 τῖἕξερὲέἐέᾷαζέᾷ
1188 4388 1360 4484 .ιέοὲ
1380 4388 1642 4499 ’φαᾴέρέν
1667 4427 1782 4490 τοῖς
1805 4424 1942 4497 ὁρῶ-

2116 4415 2203 4470 16.
2244 4413 2312 4470 Ει
2342 4424 2609 4485 ρτωοεριο
2640 4430 2740 4471 sua
2772 4388 3093 4469 manifestat
3133 4411 3201 4467 iis
3226 4451 3241 4478 ,
3286 4408 3380 4480 qui
3428 4413 3608 4463 mente

380 4540 462 4578 σιν
488 4523 648 4577 αὐτὸν
677 4526 743 4595 τῇ
777 4521 1004 4593 διανοίᾳ.

444 4615 531 4668 17.
561 4614 706 4679 Ἕως
733 4615 840 4685 γὰρ
870 4612 971 4684 τῆς
1010 4610 1308 4683 παρουσίας
1336 4609 1500 4663 αὑτοῦ
1529 4609 1630 4663 οὐκ
1689 4609 1944 4679 ἐποίησεν

380 4703 519 4758 οὕτω
551 4705 712 4758 παντὶ
761 4704 925 4770 ἔθνει,
965 4703 1026 4756 τὸ
1067 4702 1143 4774 (7)
1172 4701 1262 4755 τὸν
1312 4699 1467 4770 λόγον
1502 4698 1665 4756 αὐτοῦ
1714 4697 1945 4753 ἀκοῦσαι

380 4792 445 4846 ἑκ
476 4793 739 4863 στόματός
766 4811 888 4865 μου.

455 4883 539 4940 i8.
569 4885 680 4940 Καὶ
718 4883 861 4939 οὕτω
899 4884 970 4938 τὰ
993 4884 1236 4955 κρίματα
1258 4880 1421 4936 αὐτοῦ
1447 4880 1548 4935 οὐκ
1570 4878 1854 4951 ἐδήλωσεν,
1870 4877 1946 4941 ὡς

382 4979 491 5042 τοῖς
519 4977 608 5029 ἐπ’
630 4976 874 5048 ἐσχάτων
896 4975 1005 5030 τῶν
1027 4976 1248 5049 ἡμερῶν
1270 4972 1625 5028 πιστεύσασιν
1645 4973 1724 5034 είς
1753 4969 1939 5025 αὐτόν.

456 5115 500 5147 ⁸⁸
534 5113 692 5173 Joan.
734 5131 830 5182 vn,
871 5114 961 5181 58,
1001 5114 1093 5171 59.

2047 4524 2172 4567 eum
2201 4508 2399 4564 vident.

2119 4600 2207 4655 17.
2253 4599 2435 4670 Usque
2460 4599 2603 4655 enim
2637 4597 2706 4653 ad
2745 4596 3034 4653 adventum
3060 4594 3180 4666 ejus
3208 4593 3341 4649 nulli
3367 4589 3512 4662 genti
3536 4588 3608 4644 ita

2048 4693 2197 4763 fecit,
2228 4702 2288 4749 ut
2315 4691 2540 4748 verbum
2568 4704 2728 4746 suum
2758 4704 2825 4745 ex
2858 4703 2954 4745 ore
2980 4688 3099 4760 ejus
3126 4685 3397 4742 audirent.

2123 4872 2210 4928 18.
2249 4869 2436 4941 Neque
2464 4868 2539 4923 ita
2565 4866 2770 4939 judicia
2799 4881 2898 4922 sua
2930 4861 3320 4928 manifestavit,
3349 4866 3413 4914 ut
3438 4858 3495 4912 ln
3523 4857 3607 4912 ul-

2048 4963 2200 5020 timis
2227 4963 2421 5019 diebus
2449 4960 2796 5017 credentibus
2821 4958 2876 5013 in
2897 4973 3046 5014 eum.

1323 5226 1624 5289 Addenda
1666 5231 1728 5287 et
1761 5219 2134 5302 corrigenda
2165 5233 2242 5279 ex
2290 5216 2429 5279 cod.
2463 5213 2666 5276 Vatic.

455 5403 531 5474 (1)
564 5401 631 5456 Ν.
655 5401 709 5455 7.
746 5401 806 5474 ’ρ
837 5395 1196 5474 ἀποστέλλων,
1225 5402 1353 5474 εις..
1377 5392 1776 5474 ,προφητῶνιτῇ
1811 5409 1937 5474 συν-

280 5477 283 5481 ⁴
385 5462 865 5545 αγωγῇξῇ-γη-ίνῃ.
888 5466 955 5523 Ν,
982 5466 1186 5545 θίἘως
1213 5463 1306 5517 τοῦ
1328 5462 1531 5545 κόσμου
1547 5462 1614 5545 ,ἑν
1634 5462 1809 5545 saxa,
1828 5471 1934 5519 etc.

478 5531 982 5611 2)”Τδ’ἀὶιᾶθᾶρτον,
1006 5537 1108 5607 leg.
1130 5542 1311 5588 tamen
1338 5531 1445 5588 vid.
1473 5531 1729 5604 καθαρόν.

479 5606 554 5683 ελ)
581 5611 667 5677 L.,
697 5606 898 5683 αὐτοῖς.
931 5606 1087 5661 Ent'r.

459 5670 549 5751 (ω’
571 5670 936 5750 Παραγαγεῖν,
960 5686 1089 5743 elc.,
1121 5671 1340 5735 καοδίας
1366 5670 1588 5738 ἐπιδεῖν,
1611 5678 1718 5726 etc.

2113 5390 2191 5440 ut
2229 5384 2297 5438 Δέ
2327 5384 2495 5439 deest.

2116 5398 2169 5440 14
2229 5390 2297 5438 Δέ
2327 5390 2495 5439 deest.

2116 5390 2192 5527 (5;
2231 5453 2338 5508 Τοῦ
2367 5453 2532 5527 νόμου
2582 5449 2867 5527 ἑδήλωσεν,
2899 5444 2975 5508 ὡς
3016 5443 3316 5514 λογίζομαι.
3342 5438 3603 5509 σοςΛόγου

2046 5527 2102 5582 in
2127 5539 2280 5593 marg

2118 5593 2194 5663 (6)
2232 5592 2400 5663 Βίου.
2718 5657 2728 5663 _
2978 5654 2990 5663 _
3068 5651 3092 5662 η

2119 5596 2173 5663 (6
2232 5596 2378 5646 Βίου.
3068 5651 3092 5662 η

2119 5596 2196 5735 (71
2229 5662 2319 5735 Τῷ
2344 5662 2455 5729 τόν,
2483 5668 2611 5727 etc.,
2640 5657 2901 5730 στόματος
2933 5654 3117 5709 αὐτου.

2285 5561 2300 5577 .
2329 5520 2449 5579 cod.
2478 5520 2756 5576 Barberin.
