3990 6208
382 317 509 369 1331

1251 316 1309 375 S.
1350 316 1723 376 ATHANASII
1758 321 1908 377 OPP.
1950 323 2130 381 PARS
2159 324 2248 381 Ill.
2288 354 2363 369 —
2394 325 2805 384 EXEGETICA.

3501 331 3643 387 I552

435 431 685 488 Alleluia.
723 434 904 504 Aggwi
932 444 981 490 et
1010 434 1304 490 Zachariae.
1353 435 1551 493 PSAL.
1591 438 1732 494 CXL
1748 439 1914 496 VIII.
1981 470 1995 508 λ

2069 444 2437 511 numam.
2483 447 2748 516 Ἀγγαίου
2774 445 2871 499 καί
2903 446 3223 515 Ζαχαρίου.
3252 449 3417 502 ΨΑΛ.
3442 451 3636 505 PMH'.

463 521 508 572 l.
549 520 789 576 Laudate
821 521 1109 576 Dominum
1143 521 1211 576 de
1241 522 1397 578 coelis
1428 541 1443 577 :

493 654 506 667 .
547 610 789 665 Laudate
819 627 941 666 eum
974 610 1030 666 in
1058 612 1312 668 excelsis.

494 742 508 756 .
552 701 790 757 Laudate
819 717 964 766 cum,
1005 716 1198 758 omnes
1227 707 1401 776 angeli
1436 709 1578 780 ejus.

495 833 508 847 .
550 792 790 849 Laudate
818 808 966 857 eum,
993 808 1184 851 omnes
1215 797 1444 856 virtutes
1475 802 1617 871 ejus.

495 924 509 939 .
550 885 788 941 Laudate
810 899 957 949 eum,
988 886 1068 941 sol
1095 898 1147 942 et
1171 886 1298 942 luna
1331 906 1345 941 :

497 1021 508 1032 .
550 979 790 1035 Laudate
817 994 964 1047 eum,
999 996 1191 1038 omnes
1222 985 1392 1042 stella:
1422 997 1474 1042 et
1500 988 1700 1043 lumen.

454 1070 509 1127 7.
552 1069 792 1125 Laudatc
821 1086 969 1139 eum,
1002 1073 1126 1128 caeli
1164 1074 1453 1145 caelorum,

452 613 487 665 2

454 703 488 755 5

453 794 488 848 ι

454 885 488 938 5

455 981 489 1033 6

2138 535 2187 587 1.
2226 536 2435 589 Αἰνεῖτε
2466 536 2559 589 τὸν
2589 536 2792 608 Κύριον
2820 539 2883 590 ὲκ
2914 537 3023 591 τῶν
3046 537 3291 610 οὐρανῶν
3310 555 3325 569 ·

2127 626 2180 678 '2.
2223 628 2431 679 Αἰνεῖτε
2464 627 2624 681 αὑτὸν
2654 630 2712 682 ἐν
2738 632 2850 694 τοῖς
2881 629 3143 699 ὑψίστοις.

2134 719 2185 771 5.
2230 720 2439 772 Αἰνεῖτε
2469 720 2652 784 αὑτὸν,
2687 720 2887 785 πάντες
2915 724 2963 774 oi.
2990 721 3211 791 ἄγγελοι
3237 724 3423 782 αὐτοῦ.

2131 810 2184 862 4.
2221 812 2431 865 Αἰνεῖτε
2464 812 2647 875 αὑτὸν,
2683 814 2852 867 πᾶσαι
2885 817 2939 866 αἱ
2968 814 3227 885 δυνάμεις
3255 815 3416 870 αὑτοῦ
3439 833 3454 847 ο

2131 900 2183 954 5.
2222 903 2433 956 Αἰνεῖτε
2462 903 2646 968 αὐτὸν,
2672 903 2821 974 ἣλιος
2850 905 2942 959 καὶ
2972 906 3164 979 σελήνη
3185 924 3200 937 ·

2128 992 2182 1045 6.
2223 994 2432 1048 Αἰνεῖτε
2462 995 2642 1064 αὑτὸν,
2670 996 2847 1050 πάντα
2875 998 2943 1051 τά
2970 997 3146 1069 ἄστρα
3176 1000 3269 1053 καὶ
3294 999 3353 1053 τὸ
3382 1000 3514 1071 φῶς.

2129 1087 2181 1138 7.
2222 1088 2434 1140 Αἰνεῖτε
2463 1088 2646 1152 αὐτὸν,
2677 1090 2726 1142 οἰ
2760 1090 2979 1161 οὐρανοὶ
3008 1089 3117 1143 τῶν
3144 1091 3406 1163 οὐρανῶν,

1502 1260 1882 1316 ΑΤΗΑΝΑΒΙΙ
1926 1261 2517 1320 INTERPRETATIO.

466 1408 528 1462 Ἦ
555 1411 887 1483 προκειμένη
920 1414 1197 1486 ἐπιγραφὴ
1225 1417 1467 1488 περιέχει
1492 1418 1568 1490 (1)
1592 1435 1604 1448 ·
1641 1420 2021 1487 Ἀλληνίοὐῖα,
2058 1421 2333 1489 Ἀγγαίου
2364 1422 2461 1475 καί
2491 1424 2790 1491 Ζαχαρίου
2815 1439 2832 1455 ·
2864 1423 3064 1497 είρηκα
3087 1425 3146 1478 δὲ
3170 1425 3447 1490 πολλάκις,
3468 1427 3549 1481 ὅτι
3571 1429 3643 1482 τὸ

383 1502 719 1572 ἁλληλούῖα
748 1509 1106 1579 ἑρμηνεύεται
1133 1511 1348 1565 αἰνεῖτε
1369 1512 1475 1567 τὸν
1504 1517 1651 1568 Θεόν
1670 1532 1683 1544 υ
1706 1516 1763 1569 Ἀ
1773 1517 1977 1585 rralov
2003 1516 2059 1569 δὲ
2081 1515 2438 1589 ἑρμηνεύεται
2459 1514 2836 1585 ἐορτάζοντος
2855 1532 2869 1547 ⁸
2885 1518 3179 1586 Ζαχαρίου
3199 1517 3255 1571 δὲ
3281 1519 3642 1589 ἑρμηνεύεται

382 1602 770 1670 μνησκομένη
804 1602 1634 1677 [μιημονευομένου]Κυριόυ,
1664 1611 1757 1663 καὶ
1780 1610 1941 1664 πάλιν
1962 1613 2099 1679 νίκη
2133 1613 2238 1666 τοῦ
2274 1612 2544 1678 λέοντος.
2589 1610 2794 1665 Οὐκοῦν
2825 1607 2973 1675 αἶνος
3000 1611 3119 1682 Θεῷ
3148 1611 3254 1664 τῶν
3279 1612 3642 1681 ἑορταζόντων

385 1691 481 1759 τὴν
506 1695 726 1764 μνήμην
749 1696 843 1748 καὶ
868 1696 962 1767 τὴν
986 1698 1142 1770 νίκην
1171 1700 1265 1753 τοῦ
1294 1701 1526 1769 λεοντος,
1542 1706 1788 1759 τουτέστι
1812 1706 1907 1759 τοῦ
1931 1706 2137 1778 Κυρίου
2168 1706 2325 1777 ἡμῶν
2341 1706 2513 1779 Ἰησοῦ
2535 1704 2774 1778 Χριστοῦ
2798 1707 2897 1777 τὴν
2914 1707 3212 1778 παρουσίαν
3239 1708 3333 1760 καὶ
3351 1708 3414 1759 τδ
3446 1707 3639 1768 πάθος.

456 1780 673 1839 Titulus
700 1789 1023 1857 praepositus
1074 1793 1318 1848 continet
1347 1810 1359 1846 :
1386 1795 1641 1864 Alleluia,
1678 1797 1861 1867 Aggtei
1885 1807 1933 1851 et
1961 1797 2237 1853 Zacharia:
2268 1814 2285 1852 :
2320 1799 2520 1869 saepius
2573 1808 2753 1853 autem
2783 1798 2896 1853 dixi
2939 1798 3085 1868 quod
3116 1799 3335 1853 alleluia
3371 1798 3641 1868 interpre-

386 1884 557 1939 tatur,
589 1874 809 1931 laudate
834 1877 1001 1932 Deum
1028 1893 1045 1933 :
1073 1881 1255 1954 Αἰ]ςωὶ
1289 1898 1470 1940 autem
1505 1887 1917 1955 interpretatur,
1946 1887 2136 1965 festum
2168 1888 2370 1958 agentis
2400 1902 2418 1939 :
2449 1886 2727 1940 Zachariw
2755 1895 2935 1941 autem
2971 1886 3376 1957 interpretatur,
3411 1888 3497 1958 qui
3529 1904 3641 1942 me-

389 1988 501 2025 mor
531 1983 609 2027 esl
646 1974 858 2029 Domini
884 1986 1046 2045 atque
1075 1979 1237 2032 etiam
1270 1978 1496 2032 victoria
1526 1980 1714 2034 leonis.
1748 1979 1893 2035 Laus
1922 1981 2088 2050 igitur
2131 1978 2242 2034 Deo
2270 1995 2460 2034 eorum
2514 1979 2609 2049 qui
2643 1979 2844 2034 festum
2870 1988 3059 2049 agunt,
3092 1980 3399 2035 recolentes
3429 1994 3642 2034 memo-

388 2064 524 2117 riam
568 2074 622 2119 et
653 2064 937 2120 victoriam
961 2066 1159 2136 leonis,
1196 2068 1300 2124 hoc
1322 2078 1428 2137 est,
1464 2070 1761 2127 adventum
1795 2081 1850 2126 et
1871 2072 2188 2142 passionem
2214 2070 2431 2127 Domini
2456 2071 2628 2126 nostri
2660 2070 2784 2127 Jesu
2808 2068 3033 2125 Christi.

455 2180 566 2233 1-4.
612 2179 747 2235 Cum
792 2182 937 2237 enim
975 2193 1135 2239 natus
1160 2192 1245 2240 cst
1272 2182 1413 2240 Deus
1459 2186 1514 2240 in
1559 2196 1700 2241 terra
1732 2195 1954 2258 propter
1991 2195 1995 2249 1

2132 2187 2245 2240 1-4.
2287 2187 2481 2241 Ἠνίκα
2509 2186 2618 2259 γὰρ
2658 2184 2852 2257 ἐτέχθη
2884 2184 2976 2239 ἐπὶ
3004 2184 3102 2256 τῆς
3127 2183 3231 2254 γῆς
3265 2182 3352 2237 διὰ
3377 2184 3475 2256 τὴν
3506 2186 3642 2256 ἡμε-

385 2279 626 2326 nostram
659 2273 909 2337 salutem,
953 2275 1328 2331 clamaverunt
1358 2278 1425 2332 de
1456 2278 1611 2333 ctelis
1633 2317 1648 2343 ,
1678 2287 1732 2334 et
1761 2295 1827 2335 ex
1863 2295 1958 2334 ex-

2069 2280 2228 2350 τέραν
2258 2280 2532 2350 σωτηρίαν
2559 2280 2587 2333 ὁ
2624 2278 2757 2342 Θεὸς
2792 2278 2890 2349 (2),
2925 2277 3223 2349 ἀνεϐόησαν
3253 2278 3317 2330 ὲκ
3344 2276 3453 2329 τῶν
3476 2278 3641 2349 ούρα-

384 2364 547 2419 celsis
583 2379 774 2420 omnes
819 2366 1070 2423 caelestes
1098 2368 1375 2424 exercitus
1404 2387 1421 2425 :
1458 2369 1641 2425 Gloria
1671 2371 1725 2425 in
1756 2371 1959 2425 altissi-

386 2456 486 2509 mis
516 2454 655 2523 Deo,
705 2466 753 2510 el
789 2459 845 2511 in
894 2467 1039 2513 terra
1067 2475 1206 2530 pax,
1246 2462 1301 2515 in
1331 2462 1632 2517 hominibus
1662 2461 1959 2533 beneplaci-

386 2547 558 2600 tum"
579 2565 593 2615 ;
618 2549 870 2604 similiter
898 2550 1061 2605 etiam
1092 2552 1335 2622 quotidie
1363 2554 1589 2609 laudant
1615 2570 1739 2609 eum
1769 2573 1781 2608 :
1811 2554 1958 2624 quod

384 2647 564 2693 autem
606 2640 736 2695 dicit
780 2656 924 2696 nunc
966 2640 1231 2713 Propheta
1280 2645 1568 2702 manifeste
1611 2662 1641 2701 e
1682 2647 1959 2716 Scriptura

387 2730 814 2786 demonstratum
861 2743 963 2789 est.
1015 2733 1280 2791 Nimirum
1329 2738 1417 2794 hic
1480 2739 1638 2795 nobis
1704 2740 1961 2795 indicavit

388 2822 835 2891 gloriﬁcationem
881 2826 1077 2881 factam
1127 2829 1181 2883 in
1227 2829 1347 2899 ejus
1393 2831 1627 2887 adventu
1678 2848 1708 2887 a
1750 2833 1958 2889 cmlesti

388 2914 650 2981 exercitu,
674 2919 1135 2988 quemadmodum
1167 2923 1432 2993 scriptum
1464 2933 1568 2979 est.

461 3118 517 3185 5,
538 3121 590 3176 6.
617 3120 822 3179 SenSUS
838 3126 1053 3194 quidem
1076 3127 1327 3196 proprius
1344 3129 1665 3186 manifestus
1689 3139 1791 3195 est,
1817 3130 1961 3201 quod

397 3211 605 3268 scilicet
632 3229 698 3268 ex
738 3223 983 3284 aspectu,
1010 3225 1063 3271 et
1095 3232 1159 3270 ex
1190 3231 1255 3270 eo
1290 3218 1433 3288 quod
1470 3221 1831 3288 prccstitutum
1857 3221 1961 3277 sibi

393 3316 617 3357 cursum
665 3303 993 3368 conﬁciant,
1031 3307 1257 3374 gloriam
1289 3300 1529 3377 praebent
1576 3308 1766 3364 [actori
1813 3326 1957 3365 suo:

396 3389 464 3447 Ut
494 3394 703 3447 videant
744 3410 903 3463 opera
941 3406 1109 3450 vestra
1137 3400 1292 3461 bona,
1328 3407 1379 3452 et
1408 3398 1699 3469 gloriﬁcent
1741 3399 1963 3454 Patrem

391 3494 623 3537 vestrum
648 3524 662 3549 ,
698 3485 786 3553 qui
832 3485 886 3537 in
922 3485 1064 3539 caelis
1117 3495 1194 3540 est
1217 3487 1306 3539 η’.
1340 3485 1760 3557 Verumtamen,
1817 3491 1963 3560 quod

2068 2370 2174 2424 νῶν
2200 2372 2295 2424 καὶ
2320 2372 2385 2423 ἐκ
2405 2370 2513 2425 τῶν
2542 2370 2780 2440 ύψίστων
2805 2371 2975 2423 πᾶσαι
3004 2370 3059 2422 αἰ
3088 2369 3332 2440 οὐράνιαι
3357 2369 3639 2441 στρατιαί·

2059 2462 2214 2527 Δόξα
2259 2462 2329 2515 ἐν
2364 2464 2648 2530 ὑψίστοις
2682 2460 2836 2527 Θεῷ,
2885 2445 2983 2515 κᾶἰ
3013 2461 3112 2514 ἐπί
3151 2459 3267 2530 γῆς
3307 2459 3546 2528 εἰρήνη,
3574 2460 3644 2513 ἐν

2058 2552 2390 2621 ἀνθρώποις
2415 2552 2661 2606 εὐδοκία
2685 2568 2700 2583 ο
2736 2553 2937 2623 ὁμοίως
2984 2553 3076 2606 καὶ
3133 2552 3255 2605 καθ’
3286 2552 3520 2622 ἑκάστην
3548 2553 3643 2605 ἀν-

2060 2645 2317 2716 υμνοῦσιν
2345 2645 2526 2700 αὐτόν.
2554 2647 2618 2698 Ὃ
2645 2646 2700 2699 δὲ
2736 2645 2884 2713 λέγει
2913 2643 3009 2697 νῦν
3038 2647 3067 2697 ὁ
3093 2646 3375 2716 προφήτης
3397 2684 3411 2707 ,
3456 2644 3641 2713 σαφῶς

2060 2737 2170 2791 ἀπὸ
2213 2738 2315 2807 τῆς
2353 2738 2579 2809 Γραφῆς
2626 2737 3040 2791 ἀποδέδεικται·
3087 2737 3169 2789 ὅτι
3210 2739 3308 2807 τὴν
3341 2737 3640 2808 γενομένην

2061 2828 2166 2882 ὑπὸ
2203 2830 2303 2900 τῆς
2334 2829 2588 2901 οὐρανίου
2631 2831 2887 2901 στρατιᾶς
2918 2828 3224 2896 δοξολογίαν
3248 2829 3342 2880 ἐπὶ
3368 2829 3467 2899 της
3502 2846 3641 2901 παρ-

2058 2922 2243 2986 ουσίας
2289 2921 2455 2974 αὐτοῦ
2506 2922 2774 2993 ἐδήλωσεν
2823 2923 2954 2992 ἡμῖν
2996 2920 3262 2987 ἐνταῦθα,
3315 2922 3496 2985 καθως
3548 2921 3640 2973 νέ-

2063 3032 2328 3086 γραπται.

2133 3106 2186 3173 5,
2223 3105 2277 3160 6.
2311 3106 2383 3159 Τὸ
2417 3104 2515 3177 μὲν
2542 3105 2739 3159 εἰδικόν
2762 3104 2921 3175 δῆλόν
2948 3104 3117 3164 ἐστιν,
3143 3104 3223 3156 ὅτι
3246 3103 3334 3157 διὰ
3363 3103 3460 3173 τῆς
3491 3101 3637 3165 θέας,

2064 3197 2272 3251 καὶτοῦ
2300 3197 2472 3250 τελεῖν
2495 3196 2634 3251 αὐτὰ
2669 3196 2760 3250 τὸν
2787 3195 3198 3267 προσταχθέντα
3222 3196 3400 3258 αὐτοῖς
3419 3194 3637 3264 δρόμον,

2062 3287 2373 3352 δοξάζουσιν
2415 3288 2575 3341 αὑτὸν
2600 3288 2690 3340 τὸν
2724 3288 3025 3358 ποιήσαντα
3048 3286 3116 3338 τὰ
3146 3284 3284 3339 αύτά
3312 3285 3408 3353 (3)·
3442 3285 3640 3347 Ὅπως

2066 3376 2276 3431 ἴδωσιν
2312 3376 2481 3447 ὑμῶν
2519 3378 2591 3430 τὰ
2629 3375 2785 3431 καλὰ
2821 3375 3000 3445 ἔργα,
3046 3375 3145 3428 καί
3194 3373 3500 3439 δοξάσωσι
3536 3372 3641 3425 τὸν

2064 3469 2295 3537 Πατέρα
2321 3467 2487 3538 ὑμῶν
2510 3469 2615 3522 τὸν
2640 3469 2709 3521 ἐν
2735 3467 2860 3533 τοῖς
2888 3467 3184 3536 οὐρανοῖς.
3202 3469 3391 3538 ’Ὀμως
3409 3466 3470 3518 τὸ
3493 3468 3641 3535 εἰρη-

391 3576 623 3648 mystice
651 3576 990 3648 signiﬁcatur
1032 3580 1091 3633 in-
1128 3580 1401 3645 versibus,
1430 3580 1497 3636 de
1522 3582 1726 3652 quibus
1758 3557 1961 3653 agitur,
1990 3582 1995 3615 ⁴

2070 3560 2227 3631 μένον
2284 3560 2376 3613 ἐπὶ
2406 3559 2501 3613 τοῦ
2538 3560 2925 3631 προκειμένου,
2958 3560 3032 3623 ὡς
3064 3559 3172 3612 ἀπὸ
3201 3559 3299 3629 τῆς
3331 3557 3640 3628 ἐπιγραφῆς

392 3676 539 3724 certe
581 3683 644 3722 ex
697 3667 856 3723 titulo
906 3684 1001 3724 seu
1049 3669 1403 3738 inscriptione
1453 3672 1751 3742 intelligere
1788 3673 1961 3729 licet:

391 3756 641 3836 videlicet
664 3759 901 3825 laudem,
932 3775 1095 3831 quam
1124 3762 1177 3815 in
1212 3762 1468 3831 passione
1497 3778 1593 3818 sua
1620 3764 1669 3819 ei
1720 3765 1966 3836 praebue-

393 3830 523 3905 runt
548 3851 836 3906 luminaria
868 3860 923 3907 et
970 3852 1087 3916 lux,
1142 3852 1401 3909 indicavit
1428 3854 1585 3910 nobis
1617 3871 1631 3908 :
1663 3871 1788 3910 cum
1818 3857 1965 3911 enim

394 3940 643 3999 conﬁxus
670 3952 753 3998 est
781 3943 835 3997 in
868 3956 1030 3998 cruce
1051 3983 1066 4007 ,
1102 3945 1337 3999 tenebris
1385 3946 1588 4003 suﬂ'usa
1621 3948 1966 4004 demonstra-

393 4039 560 4097 runt,
589 4031 740 4086 illum
784 4047 907 4087 esse
927 4048 963 4098 ,'
984 4034 1078 4102 qui
1112 4049 1175 4087 ea
1208 4035 1443 4089 creando
1469 4035 1757 4103 ell‘ecerat,
1790 4049 1849 4093 ut
1875 4039 1966 4093 lux

395 4132 595 4179 essent.

469 4214 519 4271 7.
581 4214 863 4272 Manifeste
915 4217 1077 4272 etiam
1122 4219 1245 4275 cteli
1292 4220 1556 4275 caelorum
1609 4220 1971 4276 laudaverunt

363 4371 367 4375 ,
396 4320 544 4371 eum,
570 4305 896 4361 inclinantes
925 4306 1143 4376 quidem
1172 4323 1233 4364 se
1268 4307 1369 4379 ipsi
1397 4308 1523 4379 ejus
1552 4308 1738 4364 virtuti
1768 4309 1820 4363 in
1847 4309 1969 4378 eius

398 4396 467 4453 ad
498 4396 599 4453 nos
628 4397 885 4464 adventu,
929 4407 982 4453 et
1028 4415 1222 4455 rursus
1249 4414 1307 4455 se
1351 4400 1453 4471 ipsi
1482 4401 1806 4470 aperientes,
1845 4418 1967 4458 cum

401 4504 431 4542 a
459 4488 618 4543 nobis
650 4504 904 4545 reversus
930 4499 1032 4555 est,
1064 4490 1209 4545 unde
1233 4482 1567 4548 descendens
1593 4493 1971 4563 inseparabilis

401 4590 697 4635 manserat.
724 4578 1108 4651 Verumtamen
1136 4583 1298 4636 aliam
1323 4598 1540 4653 quoque
1572 4584 1855 4654 mysticam
1883 4600 1972 4640 ex-

400 4670 744 4735 plicationem
768 4670 834 4724 de
859 4672 961 4726 hoc
982 4687 1141 4726 versu
1170 4672 1436 4727 adducam
1479 4672 1599 4738 tibi,
1623 4673 1967 4733 charissime.

399 4760 536 4840 N‘am
564 4778 583 4813 :
610 4760 854 4815 Laudate
899 4778 1038 4827 eum,
1075 4762 1191 4816 coeli
1224 4764 1516 4818 caelorum:
1550 4764 1653 4819 hoc
1682 4773 1789 4830 est,
1839 4782 1969 4836 apo-

402 4852 529 4907 stoli
553 4853 812 4911 omnibus
837 4854 1045 4909 sanctis
1064 4854 1437 4920 sublimiores,
1462 4855 1677 4912 laudate
1693 4872 1817 4912 eum
1840 4874 1971 4929 pra:-

400 4942 670 4999 dicatione
699 4952 899 5019 vestra.

475 5079 517 5109 ⁸⁸
554 5076 684 5132 Luc.
729 5095 788 5142 ιι,
832 5080 919 5135 14.
999 5081 1061 5113 ¹⁵⁶
1103 5081 1292 5135 Matth.
1316 5083 1479 5147 v,l6.

2069 3652 2185 3706 ἔστι
2224 3651 2476 3718 συνιδεῖν,
2513 3652 2596 3705 ὅτι
2633 3650 2730 3722 τὴν
2756 3653 2813 3703 ὲν
2847 3650 2924 3721 τῷ
2962 3650 3122 3704 πάθει
3149 3650 3311 3704 αύτοῦ
3339 3649 3639 3719 γενομένην

2069 3745 2277 3798 αίνεσιν
2304 3743 2410 3796 ὑπὸ
2443 3743 2549 3797 τῶν
2593 3742 2779 3813 φωστή
2791 3759 2895 3811 ρων
2924 3743 3017 3794 καὶ
3048 3740 3142 3794 τοῦ
3174 3740 3349 3811 φωτὸς
3375 3740 3643 3811 ἐδήλωσεν

2066 3836 2417 3906 ήμῖνδοηήνίκα
2449 3834 2557 3906 γὰρ
2592 3834 2803 3904 ὑπῆρχε
2848 3831 3110 3903 πεπηγὼς
3143 3833 3234 3886 ἐπὶ
3261 3831 3352 3885 τοῦ
3384 3829 3636 3900 σταυροῦ,

2070 3926 2425 3979 σκοτισθέντα
2474 3924 2762 3989 ἀπέδειξαν
2804 3926 3007 3977 ἐκεῖνον
3053 3923 3143 3976 τὸν
3186 3922 3286 3993 τὴν
3336 3921 3641 3974 ὑπόστασιν

2067 4017 2162 4071 τοῦ
2192 4013 2331 4071 εἶναι
2366 4016 2504 4070 αὐτὰ
2539 4016 2652 4086 φῶς
2679 4017 2740 4088 δη
2750 4018 3170 4088 μιουργήσαντα.

2141 4217 2192 4270 7.
2234 4215 2427 4286 Σαφῶς
2464 4215 2558 4268 καὶ
2592 4216 2641 4268 οἰ
2679 4216 2903 4287 οὐρανοὶ
2930 4212 3036 4267 τῶν
3062 4211 3305 4284 οὐρανῶν
3334 4211 3533 4283 ᾔνεσαν
3562 4210 3636 4281 (4)

2070 4308 2251 4371 αὑτὸν,
2279 4308 2558 4371 κλίναντες
2583 4308 2681 4378 μὲν
2705 4309 2927 4372 ἑαυτοὺς
2950 4310 3015 4378 τῇ
3040 4305 3201 4359 αὐτοῦ
3238 4305 3463 4374 δυνάμει
3494 4305 3551 4356 ὲν
3573 4306 3638 4374 τῇ

2071 4401 2209 4473 πρὸς
2233 4401 2379 4471 ἡμᾶς
2407 4400 2686 4470 ἐπιδημίᾳ,
2712 4398 3010 4470 ἁνεῳγότες
3042 4397 3098 4449 δὲ
3127 4395 3288 4449 πάλιν
3317 4393 3485 4465 αὐτῷ,
3512 4395 3638 4447 ὅταν

2069 4494 2162 4561 ἀφ’
2192 4491 2347 4563 ἡμῶν
2384 4492 2557 4563 ἀνῄει,
2593 4490 2713 4544 ὅθεν
2746 4488 3020 4543 κατελθὼν
3062 4487 3361 4560 ἁχώριστος
3405 4486 3635 4557 ἔμεινεν.

2073 4583 2263 4653 Ὅμως
2288 4582 2344 4635 δὲ
2365 4582 2457 4635 καὶ
2479 4581 2643 4650 ἄλλην
2669 4598 2749 4633 σοι
2778 4581 3085 4652 παραγάγω
3112 4578 3343 4649 θεωρίαν
3365 4579 3495 4649 περὶ
3520 4578 3639 4630 τού-

2070 4691 2185 4740 του,
2228 4673 2478 4745 ἀγαπητέ
2501 4692 2512 4703 ’
2551 4672 2777 4727 Αἰνεῖτε
2800 4672 2909 4743 γὰρ
2938 4671 3142 4737 αὐτὸν,
3171 4673 3224 4724 οἰ
3251 4671 3497 4739 οὐρανοί
3526 4667 3641 4723 τῶν

2071 4765 2342 4833 οὐρανῶν
2367 4782 2380 4795 ·
2430 4765 2739 4829 τουτέστιν,
2788 4767 2838 4817 οἰ
2890 4765 3171 4818 ἀπόστολοι
3224 4765 3271 4815 οἰ
3322 4762 3641 4833 ὑψηλότεροι

2076 4858 2293 4911 πάντων
2321 4857 2428 4910 τῶν
2460 4858 2651 4927 ἁγίων,
2678 4857 2925 4910 αἰνέσατε
2950 4856 3109 4912 αὐτὸν
3130 4854 3219 4908 διὰ
3238 4854 3334 4908 τοῦ
3359 4853 3642 4926 κηρύγμα-

2073 4967 2162 5013 τος
2191 4969 2361 5021 υμων.

1353 5206 1662 5269 Addenda
1709 5216 1769 5270 el
1804 5211 2174 5291 corrigenda
2212 5233 2285 5275 ex
2324 5215 2459 5276 eod.
2500 5216 2697 5276 Vatic.

479 5325 552 5393 (Ι)
605 5324 667 5376 Ἦ
697 5323 784 5376 διὰ
814 5324 911 5392 τῆς
952 5324 1320 5396 κινναϐάρεως
1359 5344 1425 5379 πε
1473 5328 1631 5399 ιέχει,
1673 5339 1776 5385 etc.
1813 5331 1876 5386 El
1917 5333 1979 5404 ή-

483 5411 580 5472 μεν
598 5393 671 5472 ᾗδὲ
688 5393 984 5472 πολλάκις,
1016 5404 1147 5457 etc.,
1177 5398 1376 5472 αἰνεῖτε
1403 5346 1491 5451 τεν
1518 5401 1643 5453 ὅντα
1668 5400 1817 5454 Θεόν.
1856 5351 1979 5472 ’.ἰγ-

404 5411 580 5478 καμεν
598 5393 671 5478 ,δὲ
688 5393 984 5478 ’πολλάπιᾳ
1016 5404 1147 5457 etc.,
1177 5393 1376 5478 αἰνεῖτε
1403 5393 1643 5478 τὸν-ῤ’ντα
1668 5400 1817 5454 Θεόν.

403 5464 560 5542 γαίου
594 5464 649 5515 δὲ
682 5464 1041 5542 ἑρμηνεύεται
1072 5468 1465 5542 μνησκομένοσ
1488 5472 1712 5542 Κυρίου,
1750 5474 1843 5525 καὶ
1869 5464 1976 5528 πά-

405 5534 669 5608 Maneto.)
698 5534 789 5608 sed
821 5539 943 5608 mel.
974 5534 1083 5608 ait.
1107 5534 1256 5599 lect.,
1287 5534 1653 5608 ἒορτάζοντὸς,
1688 5552 1790 5597 etc.

479 5603 556 5671 (9.)
610 5603 667 5654 Ὀ
698 5602 827 5681 Θερς
861 5603 1060 5681 αὐτῶν,
1089 5616 1224 5681 εις..Δ
1254 5602 1430 5681 καὶίέν
1464 5602 1578 5675 τοῖς
1607 5602 1849 5681 ύψίστοις
1875 5617 1980 5669 πᾶ-

407 5689 497 5724 σαι
516 5714 529 5733 ,
548 5683 683 5748 _etc.
710 5713 725 5737 ,
767 5676 915 5743 ὅμως
942 5676 1052 5748 Δδιαὶ
1104 5676 1239 5748 καθ’Δ
1264 5678 1499 5748 ἑκάστην
1564 5676 1852 5748 ἀπαύστως
1888 5687 1978 5739 ἁνε-

408 5741 684 5809 υμνοῦσιν,
707 5741 834 5809 ctc.,
864 5742 1044 5806 καθὼς
1073 5741 1507 5817 προγέγραπται.

2154 5338 2229 5405 (5)
2271 5339 2575 5403 Ποιήσαντα
2610 5336 2745 5391 αὐτὰ
2767 5379 2780 5403 ,
2820 5335 2895 5401 ὣς
2920 5354 3020 5390 που
3055 5332 3319 5406 περὶτῶν
3345 5330 3641 5406 ἀνθρώπων

2079 5407 2319 5479 εἴρηται,
2370 5410 2516 5471 ὅπως
2561 5408 2772 5472 ἴδωσιν,
2805 5420 2907 5461 ctc.
2929 5449 2943 5469 ,
2984 5407 3076 5479 καὶ
3111 5405 3463 5479 Δδοξόισουσιν,
3499 5407 3634 5474 etei,

2080 5476 2383 5548 Eo‘rivﬁpiv
2416 5480 2563 5540 ἰδεῖν,
2611 5479 2724 5542 ὄτι,
2754 5489 2881 5540 etc.,
2916 5476 3192 5543 ἀπέδειξεν
3236 5477 3469 5540 ἐκεῖνον,
3506 5483 3636 5539 etc.,

2077 5548 2171 5601 τοῦ
2203 5545 2340 5601 εἶναι
2372 5549 2555 5618 σαφῶς
2591 5549 3083 5618 δημιουργήσαντα.

2150 5619 2224 5688 (xi)
2265 5614 2522 5688 Διῄνεσαν
2572 5614 2766 5681 αὐτόν,
2792 5614 2921 5672 ειε.
2965 5617 3152 5688 ᾭμως
3202 5614 3308 5688 καὶ.
3342 5614 3506 5685 ἄλλην
3556 5630 3636 5668 σοι

2150 5652 2224 5688 νη
2265 5652 2344 5690 ...ιε
2369 5652 2522 5672 ηραν
2572 5652 2730 5671 ww.
2752 5658 2766 5681 ,
2818 5652 2921 5672 ιιι.
2992 5652 3149 5687 ora»,
3205 5652 3297 5669 η...
3342 5652 3468 5683 ...μη

2082 5688 2310 5761 παράγω
2340 5652 2569 5760 θεωρίαν
2595 5689 2722 5759 περὶ
2755 5687 2965 5754 τούτου,
2995 5682 3039 5742 ὦ
3066 5686 3337 5758 ἀγαπητέ.
3363 5697 3468 5741 etc.
