3990 6208
288 327 424 383 1553

352 447 406 503 8.
447 446 555 499 Καὶ
587 447 647 499 τὸ
675 445 816 518 ὕδωρ
848 448 907 500 τὸ
942 449 1195 518 ὑπεράνω
1223 451 1331 503 τῶν
1363 451 1627 522 οὐρανῶν,

353 537 403 592 9.
440 538 813 592 Αίνεσάτωσαν
842 538 901 591 τὸ
932 538 1098 609 ὄνομα
1131 540 1365 610 Κυρίου·

355 625 439 679 10.
477 627 596 679 Ὅτι
624 628 777 691 αὐτὸς
803 623 943 692 εἷπε,
975 631 1067 682 καὶ
1091 630 1427 701 ἐγενήθησαν
1450 649 1463 663 ·

356 716 441 770 11.
477 717 645 781 Αὐτὸς
672 720 987 782 ἐνετείλατο,
1020 722 1113 773 καὶ
1140 721 1490 791 ἐκτίσθησαν.

356 807 440 861 12.
480 808 740 878 Ἔστησεν
777 810 916 864 αὑτὰ
945 814 1023 875 εἰς
1050 812 1140 865 τὸν
1163 813 1353 877 αἰῶνα,

355 899 440 953 15.
471 899 581 952 Kal.
606 901 685 963 είς
711 900 799 953 τὸν
822 901 992 955 αἰῶνα
1016 902 1109 956 τοῦ
1141 903 1332 966 αἰῶνος
1353 921 1365 932 ·

354 988 439 1041 14.
470 989 800 1063 Πρόσταγμα
826 991 993 1057 ἔθετο,
1023 995 1114 1046 καὶ
1142 995 1202 1047 οὐ
1236 996 1648 1067 παρελεύσεται.

356 1079 441 1134 15.
469 1082 674 1134 Αἰνεῖτε
705 1082 794 1135 τὸν
817 1083 1018 1154 Κύριον
1048 1086 1109 1138 ἐκ
1130 1086 1229 1155 τῆς
1249 1086 1372 1157 γῆς,

356 1169 441 1225 16.
472 1172 770 1243 Δράκοντες
800 1175 893 1227 καὶ
916 1176 1085 1228 πᾶσαι
1111 1175 1354 1232 ἄϐυσσοι.

1091 329 1179 384 DE
1220 330 1501 387 TITULIS
1540 332 1993 390 PSALMURUM.
2028 365 2101 375 —
2138 335 2336 391 PSAL.
2373 333 2649 389 CXLVIII.

3381 337 3522 391 i333"

1875 487 1916 541 Α
2019 454 2182 509 8..Et
2212 471 2354 524 aqua
2385 470 2507 524 qua!
2547 469 2713 523 super
2753 454 2939 518 cmlos,

2018 546 2072 598 9.
2115 544 2360 599 Laudent
2387 559 2586 598 nomen
2622 543 2840 598 Domini
2870 563 2884 597 :

2022 638 2105 689 10.
2147 635 2282 701 Quia
2311 636 2425 703 ipse
2458 635 2636 693 dixit.
2670 644 2724 689 et
2760 636 2904 689 facta
2937 642 3102 690 sunt:

2024 729 2110 783 11.
2156 728 2276 796 Ipse
2307 727 2604 791 mandavit,
2634 738 2687 781 et
2716 736 2895 781 creata
2917 734 3064 781 sunt.

2015 814 2097 869 {2.
2146 815 2347 869 Statuit
2367 830 2431 869 ea
2456 815 2508 868 in
2533 824 2818 883 aeternum,

2017 906 2103 963 15.
2139 906 2204 961 Et
2243 908 2296 960 in
2327 907 2593 963 saeculum
2621 908 2803 963 saeculi
2839 928 2852 963 :

2022 999 2108 1052 11.
2151 998 2483 1071 Praeceptum
2512 1003 2717 1071 posuit,
2750 1009 2805 1056 et
2836 1015 2943 1055 non
2970 1001 3283 1070 praeteribit.

2023 1089 2109 1143 15.
2155 1090 2394 1146 Laudato
2428 1091 2721 1147 Dominum
2746 1094 2814 1147 de
2852 1104 3016 1157 terra,

2022 1180 2107 1237 16.
2149 1181 2422 1238 Dracoues
2452 1192 2506 1237 et
2547 1198 2737 1238 omnes
2759 1182 2957 1254 abyssi.

1393 1348 1776 1404 ATHANASII
1814 1346 2396 1406 INTEBPRETATIO.

356 1502 408 1565 8,
429 1504 486 1558 9.
516 1502 588 1556 Τὸ
619 1504 715 1574 μὲν
742 1504 889 1578 ὕδωρ
917 1506 978 1558 τὸ
1008 1506 1265 1577 ὑπεράνω
1309 1503 1416 1558 τῶν
1440 1502 1685 1575 οὐρανῶν
1720 1503 1846 1574 ᾕνε-
1880 1511 1894 1563 l

2017 1502 2071 1570 8,
2095 1505 2148 1559 9.
2180 1503 2335 1576 Aqua
2369 1507 2608 1577 quidem,
2632 1525 2753 1580 qua:
2779 1526 2945 1580 super
2971 1513 3140 1570 cmlos
3172 1524 3253 1568 est
3278 1515 3519 1570 laudavit

286 1611 375 1648 σεν
395 1596 559 1649 αὑτὸν
581 1597 671 1649 ἐπὶ
697 1596 790 1650 τοῦ
821 1597 963 1660 Νῶε,
987 1596 1172 1667 σαφῶς
1200 1596 1482 1660 ἀποδεῖξαν
1504 1597 1602 1667 τὴν
1622 1595 1848 1666 δύναμιν

1968 1610 2077 1650 eum
2109 1598 2212 1652 sub
2236 1596 2385 1663 Noe,
2415 1601 2703 1657 manifeste
2746 1605 3038 1661 ostendens
3066 1606 3325 1661 virtutem
3355 1607 3519 1663 Crea-

285 1684 372 1737 τοῦ
410 1685 774 1755 Δημιουργοῦ,
816 1687 898 1739 ὅτι
946 1687 1327 1757 προστάγματι
1360 1684 1524 1739 αὑτοῦ
1558 1685 1652 1737 καὶ
1680 1701 1847 1737 κατα-

285 1772 517 1844 ϐέϐηκεν
542 1777 620 1838 είς
645 1776 741 1846 τὴν
776 1776 894 1847 γῆν,
922 1776 1043 1829 ὅθεν
1072 1774 1282 1846 ἀνήχθη
1315 1777 1373 1827 ἐν
1401 1777 1468 1845 τῇ
1503 1774 1848 1844 κοσμοποιίᾳ,

284 1866 375 1921 καὶ
410 1866 577 1920 πάλιν
621 1866 924 1938 ἀναϐέϐηκε
967 1867 1104 1937 μετὰ
1146 1867 1238 1920 τὸν
1277 1866 1681 1937 κατακλυσμὸν,
1730 1865 1851 1918 ὅθεν

284 1958 665 2028 κατελήλυθεν,
687 1960 962 2012 τουτέστιν
990 1962 1054 2013 ἐκ
1079 1958 1189 2014 τῶν
1218 1958 1462 2030 οὐρανῶν
1482 1975 1495 1988 ·
1531 1960 1680 2030 ὅμως
1706 1957 1849 2028 τάχα

283 2048 372 2102 νῦν
424 2048 685 2120 εὑρήσεις
730 2050 789 2103 τὸ
833 2049 977 2121 ὕδωρ
1028 2049 1089 2103 τὸ
1143 2040 1398 2121 ὑπεράνω
1448 2048 1556 2102 τῶν
1612 2046 1856 2119 οὐρανῶν

282 2138 552 2213 [δουλοῦν]
575 2141 636 2193 τὸ
653 2140 746 2193 τοῦ
773 2142 1146 2213 βαπτίσματος
1174 2141 1342 2214 ὕδωρ,
1364 2142 1426 2195 τὸ
1449 2141 1590 2213 ὑπὲρ
1614 2141 1857 2210 κεφαλῆς

284 2230 377 2300 μὲν
426 2229 820 2299 εὑρισκόμενον
858 2228 966 2283 τῶν
1006 2229 1272 2301 οὐρανῶν,
1317 2230 1516 2283 ὡσανεὶ
1547 2230 1656 2283 τῶν
1693 2245 1856 2281 πεπι-

282 2319 619 2386 στευκότων,
648 2320 957 2389 ἐκχεόμενοι
999 2319 1074 2391 (1)
1107 2320 1163 2373 δὲ
1196 2321 1358 2374 πάλιν
1385 2320 1609 2384 ἐαυτοὺς
1640 2319 1851 2392 [ἐκχεόι

281 2429 434 2482 μενον
492 2411 550 2464 δὲ
592 2412 730 2482 ὑπὲρ
768 2410 986 2483 αὐτούς]
1012 2429 1026 2444 ο
1057 2414 1133 2475 ὡς
1163 2411 1271 2483 γὰρ
1308 2412 1369 2465 τὸ
1414 2411 1555 2485 ὕδωρ
1592 2412 1655 2465 τό
1689 2414 1831 2487 ὑπερ

280 2504 386 2558 άνω
426 2504 551 2558 τεῶν
595 2505 837 2575 οὐρανῶν
870 2504 1169 2559 κατέκλυσε
1189 2545 1203 2569 ,
1238 2506 1332 2559 καὶ
1364 2505 1607 2559 ἀπώλεσε
1654 2507 1861 2571 πάντας

278 2598 395 2661 τοὺς
421 2596 664 2668 ἐχθροὺς
693 2596 785 2650 τοῦ
813 2596 946 2649 Θεοῦ
968 2611 981 2625 ·
1020 2595 1161 2649 οὑτω
1212 2595 1274 2648 τὸ
1303 2597 1398 2650 καὶ
1422 2596 1515 2651 τοῦ
1560 2596 1865 2669 ϐαπτίσμα-

283 2706 367 2751 τος
410 2689 805 2761 εὑιρισκόμενον
844 2688 1133 2760 ὑπεράνω,
1183 2687 1324 2758 λέγω
1357 2689 1413 2743 δὲ
1446 2690 1586 2763 ὑπὲρ
1627 2692 1866 2763 κεφαλῆς

1956 1688 2418 1760 toris,.quoniam
2454 1702 2724 1763 praecepto
2755 1694 2875 1765 ejus
2918 1703 2970 1750 et
3014 1697 3290 1752 descendit
3324 1699 3379 1753 in
3411 1708 3511 1755 ter-

1958 1792 2075 1831 ram
2096 1818 2110 1842 ,
2139 1779 2283 1833 unde
2313 1792 2592 1850 assumpta
2622 1782 2800 1838 fuerat
2826 1784 2878 1837 in
2915 1785 3103 1840 mundi
3132 1787 3441 1851 creatione;
3469 1796 3524 1842 et

1958 1885 2151 1925 rursus
2181 1873 2427 1927 ascendit
2455 1884 2578 1942 post
2620 1874 2882 1930 diluvium
2904 1917 2918 1942 ,
2949 1877 3092 1931 unde
3123 1891 3379 1945 venerat,
3419 1878 3525 1934 hoc

1958 1970 2092 2015 este
2113 1962 2300 2027 caelis;
2326 1971 2504 2017 tamen
2538 1962 2679 2020 forte
2723 1981 2869 2022 nunc
2902 1966 3147 2023 invenies
3176 1983 3374 2039 aquam
3404 1985 3526 2039 qua:

1957 2070 2121 2125 supra
2150 2056 2320 2112 caelos
2343 2066 2447 2121 est,
2479 2073 2599 2113 esse
2629 2056 2990 2131 [significare]
3018 2074 3217 2131 aquam
3243 2061 3523 2130 baptismi,

1958 2161 2079 2215 quae
2110 2162 2275 2217 supra
2316 2156 2481 2217 caput
2510 2148 2727 2217 quidem
2778 2149 3055 2204 invenitur
3091 2149 3356 2205 caelorum
3377 2190 3393 2216 ,
3422 2150 3527 2206 hoc

1958 2245 2043 2291 est
2067 2238 2424 2303 credentium,
2466 2236 2634 2292 effusa
2666 2252 2798 2293 vero
2831 2254 2994 2308 super
3019 2241 3187 2307 ipsos.
3219 2237 3355 2294 Nam
3388 2240 3529 2296 sicut

1963 2343 2124 2398 aqua,
2155 2343 2281 2398 quae
2309 2344 2472 2398 super
2515 2329 2686 2384 caelos
2717 2341 2834 2396 est,
2864 2331 3189 2399 submersit,
3215 2340 3269 2387 et
3298 2333 3530 2403 perdidit

1963 2432 2152 2473 omnes
2176 2416 2269 2472 Dei
2301 2417 2586 2483 inimicos;
2618 2417 2692 2472 ita
2726 2433 2868 2487 aqua
2890 2418 3145 2489 baptismi
3178 2421 3395 2475 inventa
3433 2436 3528 2475 su-

1965 2523 2079 2579 per,
2108 2510 2352 2579 inquam,
2380 2519 2541 2579 caput
2565 2510 2924 2575 credentium,
2957 2511 3257 2583 submergit
3282 2520 3333 2567 et
3356 2512 3531 2583 perdit

1968 2597 2271 2653 contrarias
2301 2606 2618 2668 potestates,
2643 2599 3104 2668 quemadmodum
3136 2602 3189 2655 in
3218 2601 3422 2656 diluvio
3450 2600 3529 2657 fe-

1973 2693 2046 2748 cit
2073 2692 2334 2747 adversus
2359 2692 2574 2762 iniquos
2600 2707 2763 2762 aqua,
2798 2706 2918 2762 qua:
2947 2707 3109 2761 super
3141 2692 3309 2748 caelos
3335 2700 3437 2748 est.

290 2782 392 2835 τῶν
440 2781 866 2845 πιστευσάντων,
914 2779 1239 2845 κατακλύζει
1301 2782 1394 2834 καὶ
1441 2782 1699 2837 ἀπόλλυσι
1750 2785 1846 2849 τὰς
1877 2785 2124 2848 ἐναντίας
2182 2783 2468 2854 δυνάμειςο
2508 2782 2583 2846 ὡς
2624 2783 2682 2836 ἐν
2713 2781 2789 2854 τῷ
2829 2783 3196 2854 κατακλυσμῷ
3232 2785 3530 2856 πεποίηκεν

295 2877 381 2932 ἐπὶ
406 2879 533 2940 τοὺς
561 2877 793 2946 ἀνόμους
815 2876 874 2929 τὸ
903 2875 1155 2947 ὑπεράνω
1191 2873 1298 2929 τῶν
1326 2876 1570 2949 οὐρανῶν
1605 2878 1666 2931 τὸ
1693 2877 1860 2952 ὕδωρ.

360 2971 448 3027 10.
477 2971 650 3032 Αὐτὸς
688 2971 798 3041 γὰρ
860 2966 1011 3024 εἶπεν
1068 2970 1499 3043 ἀναγεννηθῆναι
1545 2974 1741 3039 αὐτοὺς
1787 2977 1894 3037 δι’(

2026 2972 2112 3028 10.
2151 2968 2225 3041 (a)
2275 2967 2396 3038 Ipse
2453 2965 2600 3021 enim
2647 2964 2785 3020 dixit
2830 2978 2925 3019 eos
2962 2961 3361 3034 regenerandos
3410 2978 3531 3019 esse

296 3060 480 3126 ὓδατος
505 3061 604 3115 καὶ
632 3062 970 3131 Πνεὺματος.

362 3153 456 3206 11..
476 3152 648 3215 Αὐτὸς
663 3151 772 3223 γὰρ
792 3149 1093 3205 ἐνετείλατο
1116 3155 1227 3215 τοῖς
1244 3152 1561 3221 ἀποστόλοις
1585 3156 1749 3211 αὐτοῦ
1770 3157 1860 3211 λέ-

297 3260 422 3311 γων·
442 3247 837 3314 Πορευθέντες
863 3245 1277 3313 μαθητεύσατε
1289 3247 1487 3302 πάντα
1497 3250 1568 3303 τὰ
1578 3249 1720 3317 ἔθνη
1728 3292 1741 3317 ,
1750 3252 1864 3315 ,Βα-

298 3332 597 3399 πτίζοντες
610 3333 831 3400 αὐτοὺς
851 3336 938 3398 είς
955 3332 1021 3386 τὸ
1038 3332 1231 3402 ὄνομα
1251 3335 1355 3390 τοῦ
1372 3337 1622 3405 Πατρός,
1643 3338 1739 3391 καὶ
1758 3337 1863 3391 τοῦ

308 3426 459 3490 Υιοῦ,
483 3426 701 3481 καὶτοῦ
725 3424 896 3496 ἀγιῦυ
916 3423 1157 3497 Πγεύμα
1167 3443 1284 3492 τος,
1300 3427 1390 3480 καὶ
1405 3426 1575 3490 οὕτως
1589 3427 1867 3481 ἁνεκαινο-

299 3518 598 3589 ποιήθησαν
621 3519 678 3571 ἐν
704 3517 782 3588 τῷ
817 3516 1174 3588 βαπτίσματι.

365 3606 454 3670 12,
488 3607 576 3660 15.
607 3606 751 3676 Δῆλα
777 3608 875 3677 μὲν
903 3609 1007 3660 εἱσι
1034 3608 1104 3660 τὰ
1133 3609 1265 3677 περὶ
1309 3606 1418 3661 τῶν
1456 3607 1698 3661 είδικῶψ
1742 3608 1776 3678 ἡ
1807 3607 1865 3660 δὲ

301 3697 605 3768 προφητεία
632 3698 761 3769 περὶ
802 3691 877 3751 ὧν
919 3699 1050 3769 ἡμῖν
1077 3701 1105 3752 ό
1154 3699 1313 3765 λόγος
1359 3700 1522 3763 ἐστὶν,
1556 3698 1744 3769 δηλοῖ,
1784 3700 1866 3752 ὅτι

300 3787 424 3850 τοὺς
457 3790 515 3840 ἐν
565 3786 641 3858 τῷ
694 3787 1028 3859 βαπτίσματι
1074 3790 1103 3841 ὁ
1157 3788 1363 3860 Κύριος
1417 3787 1717 3861 προσέταξε
1768 3786 1867 3859 ζῇν

301 3873 689 3947 ἁτελευτήτως,
704 3875 881 3939 καθὼς
899 3878 956 3930 ἐν
970 3877 1287 3947 Εὑαγγελίῳ
1307 3879 1542 3950 εἴρηκεν⁵
1564 3880 1869 3934 Πιστεύων

302 3965 385 4029 εις
409 3965 534 4035 ἐμὲ,
569 3965 685 4020 κᾶν
710 3964 1003 4034 ἀποθάνῃ,
1030 3965 1289 4032 ζήσεται.

374 4161 460 4215 14.
490 4162 603 4234 Τὴν
630 4164 845 4236 ἡμέραν
873 4164 976 4235 τῆς
1010 4164 1220 4229 δικαίας
1246 4164 1671 4228 ἀνταποδόσεως.

378 4256 460 4310 15.
488 4257 577 4312 16.
614 4259 679 4310 Αἱ
710 4256 805 4310 τοῦ
855 4256 1049 4329 ἐχθροῦ
1080 4258 1341 4328 δυνάμεις
1373 4258 1427 4310 αἱ
1482 4256 1748 4323 ἐρπουσαι
1779 4254 1871 4308 ἐπὶ

1965 3084 2059 3140 per
2079 3079 2276 3136 aquam
2305 3070 2361 3117 et
2392 3059 2674 3131 Spiritum.

2039 3158 2127 3214 11.
2162 3156 2282 3226 Ipse
2326 3154 2472 3209 enim
2522 3151 2769 3222 praecipit
2816 3150 3079 3220 apostolis
3128 3150 3245 3204 suis
3295 3149 3487 3205 dicens
3516 3168 3549 3202 :e

1969 3250 2164 3305 Euntes
2197 3248 2375 3302 docete
2407 3260 2583 3300 omnes
2624 3253 2821 3314 gentes,
2858 3242 3183 3311 baptizantes
3212 3258 3298 3296 eos
3346 3241 3402 3295 in
3447 3257 3533 3294 na-

1967 3344 2105 3396 mine
2146 3339 2353 3404 Patris,
2396 3346 2444 3391 et
2488 3334 2650 3399 Filii,
2692 3343 2742 3388 et
2787 3332 3020 3403 Spiritus
3055 3333 3225 3387 sancti
3252 3332 3316 3399 ¹⁶,
3364 3341 3432 3387 eL
3461 3331 3539 3385 ita

1969 3430 2215 3490 renovati
2239 3437 2368 3486 sunt
2396 3426 2454 3482 in
2486 3425 2784 3498 baptismo.

2044 3611 2132 3674 12,
2164 3610 2250 3664 15.
2291 3604 2579 3661 Manifesta
2622 3603 2840 3674 quidem
2876 3610 3024 3666 sunt,
3058 3614 3179 3670 quae
3211 3599 3277 3652 ad
3316 3612 3538 3653 sensum

1970 3702 2253 3772 proprium
2278 3706 2555 3769 spectant;
2588 3694 2874 3766 prophetia
2900 3704 3080 3747 autem
3110 3706 3296 3747 earum
3330 3705 3541 3752 rerum,

1971 3793 2039 3847 de
2064 3791 2261 3861 quibus
2289 3789 2445 3844 nobis
2472 3801 2651 3842 sermo
2683 3794 2785 3850 est,
2823 3784 3112 3855 significat,
3137 3781 3281 3852 quod
3321 3788 3539 3835 renatos

1972 3882 2028 3937 in
2053 3881 2343 3952 baptismo,
2388 3878 2652 3934 Dominus
2681 3875 2984 3942 constituit,
3012 3882 3072 3928 ut
3100 3874 3280 3927 vivant
3303 3871 3357 3925 in
3384 3880 3542 3926 aeter—

1975 3992 2130 4040 num,
2166 3971 2622 4045 quemadmodum
2653 3969 2710 4024 in
2752 3966 3046 4037 Evangelia
3083 3965 3260 4019 dixit:
3293 3963 3398 4031 Qui
3430 3978 3538 4017 (re.

1977 4067 2055 4121 dit
2086 4067 2138 4120 in
2173 4081 2272 4132 me,
2302 4062 2512 4118 etiamsi
2537 4070 2776 4115 mortuus
2809 4059 2989 4128 fuerit,
3020 4060 3146 4113 vivet
3174 4057 3260 4110 η’.

2048 4157 2138 4213 14.
2182 4154 2329 4209 Diem
2356 4153 2517 4223 justas
2555 4148 2953 4206 retributionis.

2056 4247 2144 4313 15,
2183 4247 2271 4301 16.
2307 4245 2611 4300 Potestates
2641 4241 2847 4296 inimici
2879 4247 3127 4310 repentes
3157 4252 3318 4308 super
3341 4245 3540 4292 terram

304 4348 407 4417 τῆς
431 4350 536 4421 γῆς
576 4327 1060 4421 συντριϐεῖσαινὺπ
1083 4327 1278 4415 αὑτοῦ,
1315 4350 1410 4403 καὶ
1446 4349 1520 4421 μὴ
1557 4347 1876 4419 βουλόμεναι

1982 4340 2232 4397 contritae
2259 4338 2327 4393 ab
2364 4337 2508 4407 ipso,
2555 4344 2610 4390 et
2639 4335 2887 4389 nolentes
2934 4329 3181 4387 confiteri
3213 4337 3428 4384 internae
3456 4327 3544 4381 di-

306 4440 585 4510 όμολογεῖν
632 4444 731 4514 τῆς
776 4442 945 4497 ἀϊδίου
979 4442 1232 4513 θεότητος
1260 4440 1425 4495 αὑτοῦ
1464 4438 1773 4510 ,αὐθεντίαν
1819 4456 1878 4492 τε

1981 4432 2226 4489 vinitatis
2253 4432 2373 4502 ejus
2424 4428 2803 4485 auctoritatem
2835 4435 2891 4481 et
2918 4425 3172 4480 virtutem
3203 4423 3502 4478 clamantes
3530 4439 3544 4476 :

308 4534 402 4585 καὶ
424 4534 659 4607 δύναμιν
690 4513 930 4607 βοῶσαι·
968 4537 1101 4600 Ἔα,
1137 4535 1194 4588 τί
1229 4534 1373 4603 ἡμῖν
1405 4534 1504 4587 καὶ
1535 4535 1657 4599 σοι,
1684 4529 1878 4598 Ἰησοῦ

1987 4526 2130 4591 Sine,
2164 4526 2288 4597 quid
2315 4522 2463 4578 nobis
2493 4531 2542 4576 et
2573 4521 2688 4586 tibi,
2722 4519 2852 4574 Iesu
2894 4518 3103 4573 Christe
3151 4513 3264 4570 Fili
3303 4513 3420 4581 Dei,
3460 4529 3547 4567 uec

308 4614 643 4690 Xpw'zé‘rlé
679 4626 785 4680 τοῦ
811 4625 979 4691 Θεοῦ,
1004 4621 1188 4695 ἦλθες
1212 4622 1324 4691 πρὸ
1347 4623 1556 4690 καιροῦ
1585 4620 1882 4677 ἀπολέσαι

1986 4621 2115 4676 nisti
2152 4629 2274 4674 ante
2304 4633 2505 4687 tempus
2533 4616 2746 4686 perdere
2791 4629 2887 4668 nos
2930 4612 3007 4663 ‘7?
3031 4617 3086 4665 et
3112 4619 3369 4680 tanquam
3399 4607 3546 4677 judi-

310 4712 499 4781 ἠμᾶς;
531 4717 621 4770 καὶ
653 4718 800 4780 ὅπως
837 4716 1027 4789 κριτὴν
1069 4714 1163 4769 τοῦ
1206 4715 1486 4786 μέλλοντος
1512 4713 1606 4767 καὶ
1646 4712 1720 4784 μὴ
1760 4712 1885 4784 βου-

1987 4726 2104 4767 cem
2134 4708 2304 4765 futuri
2335 4707 2581 4763 nolentes
2608 4705 2771 4761 etiam
2805 4701 3054 4758 confiteri
3090 4702 3291 4771 ipsum,
3320 4706 3377 4753 ut
3403 4711 3546 4767 prae-

311 4798 533 4871 λόμεναι
560 4806 839 4877 ὁμολογεῖν
874 4805 1059 4868 αὐτὸν,
1097 4803 1238 4859 καθὰ
1280 4803 1640 4876 προείπαμεν.
1917 4800 1963 4857 D
1987 4802 2242 4858 diximus.

385 4938 427 4969 “
466 4938 655 4997 Matth.
683 4958 884 5009 xum,
918 4943 1005 4999 19.
1086 4945 1149 4975 ⁸⁸·
1185 4942 1341 4998 Joan.
1374 4958 1463 5009 in,
1493 4940 1585 4996 25.
1663 4941 1704 4971 "
1745 4939 1893 4997 Marc

1972 4983 1987 5008 ,
2017 4940 2121 5008 23;
2150 4937 2282 4994 Luc.
2316 4954 2391 5005 tv,
2425 4938 2513 4994 55.

1256 5124 1563 5189 Addenda
1593 5131 1658 5185 et
1696 5118 2071 5201 corrigenda
2101 5134 2179 5180 ex
2209 5116 2349 5179 cod.
2381 5115 2583 5177 Vatic.

392 5270 469 5346 (1)
507 5274 853 5346 Ἐκχεόμενον
874 5273 1121 5346 δὲϋπάλιν
1164 5275 1249 5346 ἐπ’
1279 5275 1513 5346 αὑτοὺς,Δ
1536 5274 1611 5336 ὡς
1643 5272 1715 5346 Δτὸ
1740 5270 1882 5341 ὕδωρ
1987 5277 2116 5334 etc.,
2154 5266 2296 5346 λέγω
2323 5266 2408 5337 δή,
2441 5274 2570 5332 etc.,
2594 5264 2669 5329 ὡς
2714 5265 2772 5317 ἐν
2810 5261 2888 5333 τῷ
2941 5255 3305 5329 κατακλυσμῷ
3336 5257 3554 5328 πεποίη-

320 5336 379 5389 τὸ
406 5336 855 5413 ίὺπεράῖίωξθιοη
903 5344 1074 5405 οὑτως
1119 5345 1213 5397 καὶ
1245 5345 1307 5397 τὸ
1342 5344 1434 5396 τοῦ
1455 5336 1881 5414 ίνβαπτίσματοέ,
1988 5354 2104 5402 κεν,
2135 5345 2239 5392 etc.

392 5494 470 5566 (a)
509 5497 801 5556 Comment.
836 5518 870 5554 a
902 5515 1035 5554 vers.
1074 5499 1161 5563 10,
1202 5512 1364 5568 usque
1396 5496 1464 5549 ad
1515 5497 1673 5564 ﬁnem
1715 5494 2048 5568 desideratur
2078 5509 2183 5547 una
2212 5508 2329 5547 cum
2374 5490 2644 5568 uersiculis
2694 5487 2922 5568 Psalmi,
2962 5487 3053 5567 qui
3099 5482 3556 5568 alternatini‘rum

322 5551 775 5641 interpretatione,
788 5551 918 5641 iqute
936 5551 1299 5641 interlineafis
1335 5574 1432 5629 est,
1469 5551 1559 5618 seu
1608 5565 1828 5641 singulis
1884 5565 2211 5641 psalmorum
2241 5561 2534 5641 persimilis
2578 5551 2913 5641 interposita,
2948 5551 3132 5638 scripti
3166 5551 3557 5641 suntsllttnt‘egid

324 5630 468 5707 enini
484 5641 678 5707 pagina
697 5630 836 5694 deest
866 5642 919 5692 in
960 5638 1158 5691 codice.
1202 5634 1429 5707 sequens
1471 5646 1647 5689 autem
1682 5630 2091 5704 pagina'incipit
2120 5632 2184 5686 ab
2233 5634 2314 5685 Itis
2342 5631 2519 5685 verbis,
2554 5630 2931 5693 commentarii,
2975 5642 3064 5680 seu
3112 5630 3559 5692 interpretationis

326 5705 569 5761 versiculi
595 5710 762 5779 quinti
801 5708 992 5779 psalmi
1031 5706 1290 5778 sequentis
1326 5720 1505 5759 cxux.
