  <div class='ocr_page' id='page_1' title='image "/cluster/home/n/w/nwhite01/storage/ocr_20150623/27/mdp.39015007065769/687.png"; bbox 0 0 3990 6208; ppageno 0'>
   <div class='ocr_carea' id='block_1_1' title="bbox 482 359 623 416">
    <p class='ocr_par' dir='ltr' id='par_1_1' title="bbox 482 359 623 416">
     <span class='ocr_line' id='line_1_1' title="bbox 482 359 623 416; baseline -0.007 0"><span class='ocrx_word' id='word_1_1' title='bbox 482 359 623 416; x_wconf 76' lang='grc'><strong>1555</strong></span> 
     </span>
    </p>
   </div>
   <div class='ocr_carea' id='block_1_2' title="bbox 1302 327 2860 406">
    <p class='ocr_par' dir='ltr' id='par_1_2' title="bbox 1302 327 2860 406">
     <span class='ocr_line' id='line_1_2' title="bbox 1302 327 2860 406; baseline -0.003 -4"><span class='ocrx_word' id='word_1_2' title='bbox 1302 349 1359 403; x_wconf 86' lang='lat' dir='ltr'><strong>s.</strong></span> <span class='ocrx_word' id='word_1_3' title='bbox 1400 346 1772 402; x_wconf 81' lang='lat' dir='ltr'><strong>ATIIANASII</strong></span> <span class='ocrx_word' id='word_1_4' title='bbox 1808 345 1959 406; x_wconf 85' lang='lat' dir='ltr'><strong>OPP.</strong></span> <span class='ocrx_word' id='word_1_5' title='bbox 1999 345 2180 401; x_wconf 61' lang='lat' dir='ltr'><strong>rans</strong></span> <span class='ocrx_word' id='word_1_6' title='bbox 2216 345 2304 402; x_wconf 84' lang='lat' dir='ltr'><strong>tu.</strong></span> <span class='ocrx_word' id='word_1_7' title='bbox 2344 376 2414 387; x_wconf 91' lang='grc'><strong><em>--</em></strong></span> <span class='ocrx_word' id='word_1_8' title='bbox 2453 327 2860 400; x_wconf 71' lang='lat' dir='ltr'><strong>EXEGE‘I‘ICA.</strong></span> 
     </span>
    </p>
   </div>
   <div class='ocr_carea' id='block_1_3' title="bbox 3556 336 3690 392">
    <p class='ocr_par' dir='ltr' id='par_1_3' title="bbox 3556 336 3690 392">
     <span class='ocr_line' id='line_1_3' title="bbox 3556 336 3690 392; baseline 0.015 -2"><span class='ocrx_word' id='word_1_9' title='bbox 3556 336 3690 392; x_wconf 63' lang='grc' dir='ltr'><strong>ηδε</strong></span> 
     </span>
    </p>
   </div>
   <div class='ocr_carea' id='block_1_4' title="bbox 545 456 2071 548">
    <p class='ocr_par' dir='ltr' id='par_1_4' title="bbox 545 468 2071 548">
     <span class='ocr_line' id='line_1_4' title="bbox 545 468 2071 548; baseline -0.003 -16"><span class='ocrx_word' id='word_1_10' title='bbox 545 477 631 532; x_wconf 92' lang='grc'><strong>17.</strong></span> <span class='ocrx_word' id='word_1_11' title='bbox 672 474 815 548; x_wconf 84' lang='lat' dir='ltr'><strong>Ignis</strong></span> <span class='ocrx_word' id='word_1_12' title='bbox 839 474 1065 547; x_wconf 92' lang='lat' dir='ltr'><strong>grando,</strong></span> <span class='ocrx_word' id='word_1_13' title='bbox 1111 472 1223 537; x_wconf 67' lang='lat' dir='ltr'><strong>nix,</strong></span> <span class='ocrx_word' id='word_1_14' title='bbox 1261 468 1597 539; x_wconf 76' lang='lat' dir='ltr'><strong>crystallum,</strong></span> <span class='ocrx_word' id='word_1_15' title='bbox 1640 469 1865 537; x_wconf 89' lang='lat' dir='ltr'><strong>spiritus</strong></span> <span class='ocrx_word' id='word_1_16' title='bbox 1897 480 2071 539; x_wconf 65' lang='lat' dir='ltr'><strong>pro-1</strong></span> 
     </span>
    </p>
   </div>
   <div class='ocr_carea' id='block_1_5' title="bbox 2123 456 3669 548">
    <p class='ocr_par' dir='ltr' id='par_1_5' title="bbox 2202 456 3669 537">
     <span class='ocr_line' id='line_1_5' title="bbox 2202 456 3669 537; baseline -0.007 -17"><span class='ocrx_word' id='word_1_17' title='bbox 2202 468 2283 521; x_wconf 85' lang='lat' dir='ltr'><strong>l7.</strong></span> <span class='ocrx_word' id='word_1_18' title='bbox 2313 467 2451 537; x_wconf 81' lang='grc' dir='ltr'>Πῦρ,</span> <span class='ocrx_word' id='word_1_19' title='bbox 2474 467 2702 537; x_wconf 72' lang='grc' dir='ltr'>χάλαζα,</span> <span class='ocrx_word' id='word_1_20' title='bbox 2736 463 2867 537; x_wconf 85' lang='grc' dir='ltr'>χιὼν</span> <span class='ocrx_word' id='word_1_21' title='bbox 2887 501 2901 526; x_wconf 91' lang='grc'><strong>,</strong></span> <span class='ocrx_word' id='word_1_22' title='bbox 2941 459 3290 534; x_wconf 84' lang='grc' dir='ltr'>κρύσταλλος,</span> <span class='ocrx_word' id='word_1_23' title='bbox 3327 456 3540 510; x_wconf 70' lang='grc' dir='ltr'>πνεῦμα</span> <span class='ocrx_word' id='word_1_24' title='bbox 3565 474 3669 511; x_wconf 88' lang='grc' dir='ltr'><strong>κατ</strong></span> 
     </span>
    </p>
   </div>
   <div class='ocr_carea' id='block_1_6' title="bbox 474 569 641 634">
    <p class='ocr_par' dir='ltr' id='par_1_6' title="bbox 474 569 641 634">
     <span class='ocr_line' id='line_1_6' title="bbox 474 569 641 634; baseline 0.006 -11"><span class='ocrx_word' id='word_1_25' title='bbox 474 569 641 634; x_wconf 80' lang='lat' dir='ltr'><strong>cellae,</strong></span> 
     </span>
    </p>
   </div>
   <div class='ocr_carea' id='block_1_7' title="bbox 542 653 1465 727">
    <p class='ocr_par' dir='ltr' id='par_1_7' title="bbox 542 653 1465 727">
     <span class='ocr_line' id='line_1_7' title="bbox 542 653 1465 727; baseline -0.01 -12"><span class='ocrx_word' id='word_1_26' title='bbox 542 660 628 717; x_wconf 88' lang='grc'><strong>18.</strong></span> <span class='ocrx_word' id='word_1_27' title='bbox 670 659 799 727; x_wconf 59' lang='lat' dir='ltr'><strong>Quae</strong></span> <span class='ocrx_word' id='word_1_28' title='bbox 828 657 1032 712; x_wconf 78' lang='lat' dir='ltr'><strong>faciunt</strong></span> <span class='ocrx_word' id='word_1_29' title='bbox 1054 654 1277 710; x_wconf 85' lang='lat' dir='ltr'><strong>verbum</strong></span> <span class='ocrx_word' id='word_1_30' title='bbox 1322 653 1465 723; x_wconf 84' lang='lat' dir='ltr'><strong>ejus,</strong></span> 
     </span>
    </p>
   </div>
   <div class='ocr_carea' id='block_1_8' title="bbox 540 745 1386 808">
    <p class='ocr_par' dir='ltr' id='par_1_8' title="bbox 540 745 1386 808">
     <span class='ocr_line' id='line_1_8' title="bbox 540 745 1386 808; baseline -0.009 0"><span class='ocrx_word' id='word_1_31' title='bbox 540 752 625 808; x_wconf 90' lang='grc'><strong>19.</strong></span> <span class='ocrx_word' id='word_1_32' title='bbox 668 750 876 805; x_wconf 78' lang='lat' dir='ltr'><strong>Montes</strong></span> <span class='ocrx_word' id='word_1_33' title='bbox 898 758 950 802; x_wconf 92' lang='lat' dir='ltr'><strong>et</strong></span> <span class='ocrx_word' id='word_1_34' title='bbox 979 761 1170 801; x_wconf 91' lang='lat' dir='ltr'><strong>omnes</strong></span> <span class='ocrx_word' id='word_1_35' title='bbox 1197 745 1386 808; x_wconf 92' lang='lat' dir='ltr'><strong>colles,</strong></span> 
     </span>
    </p>
   </div>
   <div class='ocr_carea' id='block_1_9' title="bbox 539 831 1657 909">
    <p class='ocr_par' dir='ltr' id='par_1_9' title="bbox 539 831 1657 909">
     <span class='ocr_line' id='line_1_9' title="bbox 539 831 1657 909; baseline -0.01 -14"><span class='ocrx_word' id='word_1_36' title='bbox 539 840 627 895; x_wconf 87' lang='lat'><strong>20.</strong></span> <span class='ocrx_word' id='word_1_37' title='bbox 670 839 838 909; x_wconf 88' lang='lat' dir='ltr'><strong>Ligna</strong></span> <span class='ocrx_word' id='word_1_38' title='bbox 864 834 1141 890; x_wconf 80' lang='lat' dir='ltr'><strong>fructifera</strong></span> <span class='ocrx_word' id='word_1_39' title='bbox 1172 842 1226 890; x_wconf 88' lang='lat' dir='ltr'><strong>et</strong></span> <span class='ocrx_word' id='word_1_40' title='bbox 1257 848 1446 889; x_wconf 91' lang='lat' dir='ltr'><strong>omnes</strong></span> <span class='ocrx_word' id='word_1_41' title='bbox 1489 831 1657 895; x_wconf 87' lang='lat' dir='ltr'><strong>cedri,</strong></span> 
     </span>
    </p>
   </div>
   <div class='ocr_carea' id='block_1_10' title="bbox 537 929 1511 997">
    <p class='ocr_par' dir='ltr' id='par_1_10' title="bbox 537 929 1511 997">
     <span class='ocr_line' id='line_1_10' title="bbox 537 929 1511 997; baseline -0.008 -10"><span class='ocrx_word' id='word_1_42' title='bbox 537 934 626 987; x_wconf 82' lang='lat'><strong>2|.</strong></span> <span class='ocrx_word' id='word_1_43' title='bbox 665 931 858 985; x_wconf 54' lang='lat' dir='ltr'><strong>Bestiae</strong></span> <span class='ocrx_word' id='word_1_44' title='bbox 891 939 945 984; x_wconf 91' lang='lat' dir='ltr'><strong>et</strong></span> <span class='ocrx_word' id='word_1_45' title='bbox 995 929 1245 984; x_wconf 87' lang='lat' dir='ltr'><strong>universa</strong></span> <span class='ocrx_word' id='word_1_46' title='bbox 1292 942 1511 997; x_wconf 86' lang='lat' dir='ltr'><strong>pecora,</strong></span> 
     </span>
    </p>
   </div>
   <div class='ocr_carea' id='block_1_11' title="bbox 534 1021 1610 1092">
    <p class='ocr_par' dir='ltr' id='par_1_11' title="bbox 534 1021 1610 1092">
     <span class='ocr_line' id='line_1_11' title="bbox 534 1021 1610 1092; baseline -0.007 -13"><span class='ocrx_word' id='word_1_47' title='bbox 534 1025 624 1079; x_wconf 88' lang='lat'><strong>22.</strong></span> <span class='ocrx_word' id='word_1_48' title='bbox 668 1023 954 1092; x_wconf 75' lang='lat' dir='ltr'><strong>Serpentes</strong></span> <span class='ocrx_word' id='word_1_49' title='bbox 984 1030 1038 1075; x_wconf 93' lang='lat' dir='ltr'><strong>et</strong></span> <span class='ocrx_word' id='word_1_50' title='bbox 1064 1021 1311 1076; x_wconf 83' lang='lat' dir='ltr'><strong>volucres</strong></span> <span class='ocrx_word' id='word_1_51' title='bbox 1342 1026 1610 1090; x_wconf 86' lang='lat' dir='ltr'><strong>pennatae,</strong></span> 
     </span>
    </p>
   </div>
   <div class='ocr_carea' id='block_1_12' title="bbox 531 1109 1549 1182">
    <p class='ocr_par' dir='ltr' id='par_1_12' title="bbox 531 1109 1549 1182">
     <span class='ocr_line' id='line_1_12' title="bbox 531 1109 1549 1182; baseline -0.007 -14"><span class='ocrx_word' id='word_1_52' title='bbox 531 1115 621 1168; x_wconf 80' lang='lat'><strong>23.</strong></span> <span class='ocrx_word' id='word_1_53' title='bbox 662 1111 839 1182; x_wconf 77' lang='lat' dir='ltr'><strong>Reges</strong></span> <span class='ocrx_word' id='word_1_54' title='bbox 863 1120 1019 1166; x_wconf 80' lang='lat' dir='ltr'><strong>terrae</strong></span> <span class='ocrx_word' id='word_1_55' title='bbox 1042 1121 1098 1167; x_wconf 89' lang='lat' dir='ltr'><strong>et</strong></span> <span class='ocrx_word' id='word_1_56' title='bbox 1127 1125 1318 1165; x_wconf 90' lang='lat' dir='ltr'><strong>omnes</strong></span> <span class='ocrx_word' id='word_1_57' title='bbox 1342 1109 1549 1179; x_wconf 90' lang='lat' dir='ltr'><strong>p0puli,</strong></span> 
     </span>
    </p>
   </div>
   <div class='ocr_carea' id='block_1_13' title="bbox 530 1199 1710 1272">
    <p class='ocr_par' dir='ltr' id='par_1_13' title="bbox 530 1199 1710 1272">
     <span class='ocr_line' id='line_1_13' title="bbox 530 1199 1710 1272; baseline -0.006 -14"><span class='ocrx_word' id='word_1_58' title='bbox 530 1205 622 1258; x_wconf 69' lang='lat'><strong>24.</strong></span> <span class='ocrx_word' id='word_1_59' title='bbox 665 1202 944 1272; x_wconf 82' lang='lat' dir='ltr'><strong>Principes</strong></span> <span class='ocrx_word' id='word_1_60' title='bbox 970 1209 1025 1258; x_wconf 84' lang='lat' dir='ltr'><strong>et</strong></span> <span class='ocrx_word' id='word_1_61' title='bbox 1056 1215 1249 1256; x_wconf 89' lang='lat' dir='ltr'><strong>omnes</strong></span> <span class='ocrx_word' id='word_1_62' title='bbox 1285 1199 1497 1269; x_wconf 78' lang='lat' dir='ltr'><strong>iudices</strong></span> <span class='ocrx_word' id='word_1_63' title='bbox 1530 1206 1710 1262; x_wconf 81' lang='lat' dir='ltr'><strong>terrae,</strong></span> 
     </span>
    </p>
   </div>
   <div class='ocr_carea' id='block_1_14' title="bbox 531 1293 1260 1365">
    <p class='ocr_par' dir='ltr' id='par_1_14' title="bbox 531 1293 1260 1365">
     <span class='ocr_line' id='line_1_14' title="bbox 531 1293 1260 1365; baseline 0 -16"><span class='ocrx_word' id='word_1_64' title='bbox 531 1296 621 1351; x_wconf 78' lang='lat'><strong>25.</strong></span> <span class='ocrx_word' id='word_1_65' title='bbox 657 1293 891 1351; x_wconf 73' lang='lat' dir='ltr'><strong>Iuvenes</strong></span> <span class='ocrx_word' id='word_1_66' title='bbox 922 1303 976 1350; x_wconf 88' lang='lat' dir='ltr'><strong>et</strong></span> <span class='ocrx_word' id='word_1_67' title='bbox 1002 1295 1260 1365; x_wconf 80' lang='lat' dir='ltr'><strong>virgines,</strong></span> 
     </span>
    </p>
   </div>
   <div class='ocr_carea' id='block_1_15' title="bbox 525 1382 1374 1453">
    <p class='ocr_par' dir='ltr' id='par_1_15' title="bbox 525 1382 1374 1453">
     <span class='ocr_line' id='line_1_15' title="bbox 525 1382 1374 1453; baseline -0.005 -14"><span class='ocrx_word' id='word_1_68' title='bbox 525 1386 615 1441; x_wconf 87' lang='lat'><strong>26.</strong></span> <span class='ocrx_word' id='word_1_69' title='bbox 687 1383 856 1439; x_wconf 83' lang='lat' dir='ltr'><strong>Senes</strong></span> <span class='ocrx_word' id='word_1_70' title='bbox 890 1400 1015 1439; x_wconf 89' lang='lat' dir='ltr'><strong>cum</strong></span> <span class='ocrx_word' id='word_1_71' title='bbox 1043 1382 1374 1453; x_wconf 79' lang='lat' dir='ltr'><strong>junioribus,</strong></span> 
     </span>
    </p>
   </div>
   <div class='ocr_carea' id='block_1_16' title="bbox 528 1469 1437 1529">
    <p class='ocr_par' dir='ltr' id='par_1_16' title="bbox 528 1469 1437 1529">
     <span class='ocr_line' id='line_1_16' title="bbox 528 1469 1437 1529; baseline -0.007 -1"><span class='ocrx_word' id='word_1_72' title='bbox 528 1475 619 1529; x_wconf 90' lang='lat'><strong>27.</strong></span> <span class='ocrx_word' id='word_1_73' title='bbox 658 1472 905 1529; x_wconf 85' lang='lat' dir='ltr'><strong>Laudent</strong></span> <span class='ocrx_word' id='word_1_74' title='bbox 937 1486 1135 1526; x_wconf 82' lang='lat' dir='ltr'><strong>nomen</strong></span> <span class='ocrx_word' id='word_1_75' title='bbox 1173 1469 1389 1525; x_wconf 87' lang='lat' dir='ltr'><strong>Domini</strong></span> <span class='ocrx_word' id='word_1_76' title='bbox 1424 1489 1437 1522; x_wconf 88' lang='lat'><strong>:</strong></span> 
     </span>
    </p>
   </div>
   <div class='ocr_carea' id='block_1_17' title="bbox 527 1557 1844 1630">
    <p class='ocr_par' dir='ltr' id='par_1_17' title="bbox 527 1557 1844 1630">
     <span class='ocr_line' id='line_1_17' title="bbox 527 1557 1844 1630; baseline -0.008 -11"><span class='ocrx_word' id='word_1_77' title='bbox 527 1563 618 1619; x_wconf 89' lang='lat'><strong>28.</strong></span> <span class='ocrx_word' id='word_1_78' title='bbox 658 1562 794 1630; x_wconf 90' lang='lat' dir='ltr'><strong>Quia</strong></span> <span class='ocrx_word' id='word_1_79' title='bbox 820 1563 1113 1618; x_wconf 76' lang='lat' dir='ltr'><strong>exaltatum</strong></span> <span class='ocrx_word' id='word_1_80' title='bbox 1136 1571 1215 1616; x_wconf 92' lang='lat' dir='ltr'><strong>est</strong></span> <span class='ocrx_word' id='word_1_81' title='bbox 1252 1574 1450 1615; x_wconf 89' lang='lat' dir='ltr'><strong>nomen</strong></span> <span class='ocrx_word' id='word_1_82' title='bbox 1494 1558 1614 1629; x_wconf 84' lang='lat' dir='ltr'><strong>ejus</strong></span> <span class='ocrx_word' id='word_1_83' title='bbox 1651 1557 1844 1612; x_wconf 84' lang='lat' dir='ltr'><strong>solius.</strong></span> 
     </span>
    </p>
   </div>
   <div class='ocr_carea' id='block_1_18' title="bbox 2136 560 2359 627">
    <p class='ocr_par' dir='ltr' id='par_1_18' title="bbox 2136 560 2359 627">
     <span class='ocr_line' id='line_1_18' title="bbox 2136 560 2359 627; baseline -0.013 -13"><span class='ocrx_word' id='word_1_84' title='bbox 2136 560 2359 627; x_wconf 74' lang='grc' dir='ltr'>αιγίδος,</span> 
     </span>
    </p>
   </div>
   <div class='ocr_carea' id='block_1_19' title="bbox 2204 639 3205 711">
    <p class='ocr_par' dir='ltr' id='par_1_19' title="bbox 2204 639 3205 711">
     <span class='ocr_line' id='line_1_19' title="bbox 2204 639 3205 711; baseline -0.01 -8"><span class='ocrx_word' id='word_1_85' title='bbox 2204 650 2290 704; x_wconf 84' lang='grc'><strong>18.</strong></span> <span class='ocrx_word' id='word_1_86' title='bbox 2332 648 2411 701; x_wconf 82' lang='grc' dir='ltr'><strong>Τὰ</strong></span> <span class='ocrx_word' id='word_1_87' title='bbox 2446 648 2697 701; x_wconf 89' lang='grc' dir='ltr'>ποιοῦντα</span> <span class='ocrx_word' id='word_1_88' title='bbox 2728 645 2820 697; x_wconf 82' lang='grc' dir='ltr'>τὸν</span> <span class='ocrx_word' id='word_1_89' title='bbox 2843 643 2997 711; x_wconf 87' lang='grc' dir='ltr'>λόγον</span> <span class='ocrx_word' id='word_1_90' title='bbox 3019 639 3205 706; x_wconf 81' lang='grc' dir='ltr'>αὐτοῦ,</span> 
     </span>
    </p>
   </div>
   <div class='ocr_carea' id='block_1_20' title="bbox 2205 733 3171 810">
    <p class='ocr_par' dir='ltr' id='par_1_20' title="bbox 2205 733 3171 810">
     <span class='ocr_line' id='line_1_20' title="bbox 2205 733 3171 810; baseline -0.01 -16"><span class='ocrx_word' id='word_1_91' title='bbox 2205 741 2289 796; x_wconf 85' lang='grc'><strong>19.</strong></span> <span class='ocrx_word' id='word_1_92' title='bbox 2327 741 2407 793; x_wconf 77' lang='grc' dir='ltr'><strong>Τὰ</strong></span> <span class='ocrx_word' id='word_1_93' title='bbox 2428 740 2525 810; x_wconf 77' lang='grc' dir='ltr'>ὅρη</span> <span class='ocrx_word' id='word_1_94' title='bbox 2549 740 2642 792; x_wconf 77' lang='grc' dir='ltr'>καὶ</span> <span class='ocrx_word' id='word_1_95' title='bbox 2670 737 2870 798; x_wconf 86' lang='grc' dir='ltr'>πάντες</span> <span class='ocrx_word' id='word_1_96' title='bbox 2895 736 2944 787; x_wconf 75' lang='grc' dir='ltr'>οἱ</span> <span class='ocrx_word' id='word_1_97' title='bbox 2979 733 3171 802; x_wconf 61' lang='grc' dir='ltr'>βουνοί,</span> 
     </span>
    </p>
   </div>
   <div class='ocr_carea' id='block_1_21' title="bbox 2199 820 3344 900">
    <p class='ocr_par' dir='ltr' id='par_1_21' title="bbox 2199 820 3344 900">
     <span class='ocr_line' id='line_1_21' title="bbox 2199 820 3344 900; baseline -0.01 -14"><span class='ocrx_word' id='word_1_98' title='bbox 2199 832 2288 887; x_wconf 87' lang='grc'><strong>20.</strong></span> <span class='ocrx_word' id='word_1_99' title='bbox 2313 831 2454 883; x_wconf 87' lang='grc' dir='ltr'>Ξύλα</span> <span class='ocrx_word' id='word_1_100' title='bbox 2484 828 2805 900; x_wconf 69' lang='grc' dir='ltr'>καρποφόρα</span> <span class='ocrx_word' id='word_1_101' title='bbox 2828 825 2920 878; x_wconf 78' lang='grc' dir='ltr'>καὶ</span> <span class='ocrx_word' id='word_1_102' title='bbox 2946 826 3113 879; x_wconf 81' lang='grc' dir='ltr'>πᾶσαι</span> <span class='ocrx_word' id='word_1_103' title='bbox 3145 820 3344 892; x_wconf 82' lang='grc' dir='ltr'><strong>κέδροι,</strong></span> 
     </span>
    </p>
   </div>
   <div class='ocr_carea' id='block_1_22' title="bbox 2198 916 3216 993">
    <p class='ocr_par' dir='ltr' id='par_1_22' title="bbox 2198 916 3216 993">
     <span class='ocr_line' id='line_1_22' title="bbox 2198 916 3216 993; baseline -0.011 -15"><span class='ocrx_word' id='word_1_104' title='bbox 2198 924 2289 978; x_wconf 83' lang='grc'><strong>21.</strong></span> <span class='ocrx_word' id='word_1_105' title='bbox 2320 922 2402 976; x_wconf 84' lang='grc' dir='ltr'><strong>Τὰ</strong></span> <span class='ocrx_word' id='word_1_106' title='bbox 2429 921 2591 993; x_wconf 85' lang='grc' dir='ltr'>θηρία</span> <span class='ocrx_word' id='word_1_107' title='bbox 2616 922 2709 974; x_wconf 78' lang='grc' dir='ltr'><strong>καὶ</strong></span> <span class='ocrx_word' id='word_1_108' title='bbox 2730 919 2906 973; x_wconf 82' lang='grc' dir='ltr'>πάντα</span> <span class='ocrx_word' id='word_1_109' title='bbox 2925 916 2993 970; x_wconf 87' lang='grc' dir='ltr'><strong>τά</strong></span> <span class='ocrx_word' id='word_1_110' title='bbox 3021 916 3216 986; x_wconf 84' lang='grc' dir='ltr'>κτήνη,</span> 
     </span>
    </p>
   </div>
   <div class='ocr_carea' id='block_1_23' title="bbox 2200 1004 3236 1084">
    <p class='ocr_par' dir='ltr' id='par_1_23' title="bbox 2200 1004 3236 1084">
     <span class='ocr_line' id='line_1_23' title="bbox 2200 1004 3236 1084; baseline -0.01 -16"><span class='ocrx_word' id='word_1_111' title='bbox 2200 1014 2289 1068; x_wconf 88' lang='grc'><strong>22.</strong></span> <span class='ocrx_word' id='word_1_112' title='bbox 2333 1012 2565 1084; x_wconf 81' lang='grc' dir='ltr'>Ἐρπετὰ</span> <span class='ocrx_word' id='word_1_113' title='bbox 2592 1013 2687 1065; x_wconf 79' lang='grc' dir='ltr'>καὶ</span> <span class='ocrx_word' id='word_1_114' title='bbox 2723 1007 2945 1063; x_wconf 86' lang='grc' dir='ltr'>πετεινὰ</span> <span class='ocrx_word' id='word_1_115' title='bbox 2969 1004 3236 1077; x_wconf 82' lang='grc' dir='ltr'>πτερωτὰ,</span> 
     </span>
    </p>
   </div>
   <div class='ocr_carea' id='block_1_24' title="bbox 2200 1092 3327 1169">
    <p class='ocr_par' dir='ltr' id='par_1_24' title="bbox 2200 1092 3327 1169">
     <span class='ocr_line' id='line_1_24' title="bbox 2200 1092 3327 1169; baseline -0.009 -14"><span class='ocrx_word' id='word_1_116' title='bbox 2200 1102 2293 1157; x_wconf 80' lang='grc'><strong>25.</strong></span> <span class='ocrx_word' id='word_1_117' title='bbox 2323 1099 2569 1162; x_wconf 82' lang='grc' dir='ltr'><strong>Βασιλεῖς</strong></span> <span class='ocrx_word' id='word_1_118' title='bbox 2593 1098 2692 1169; x_wconf 85' lang='grc' dir='ltr'>τῆς</span> <span class='ocrx_word' id='word_1_119' title='bbox 2712 1098 2817 1167; x_wconf 77' lang='grc' dir='ltr'><strong>γῆς</strong></span> <span class='ocrx_word' id='word_1_120' title='bbox 2840 1095 2934 1149; x_wconf 74' lang='grc' dir='ltr'>καὶ</span> <span class='ocrx_word' id='word_1_121' title='bbox 2966 1094 3163 1158; x_wconf 78' lang='grc' dir='ltr'>πάντες</span> <span class='ocrx_word' id='word_1_122' title='bbox 3189 1092 3327 1156; x_wconf 75' lang='grc' dir='ltr'>λαοὶ,</span> 
     </span>
    </p>
   </div>
   <div class='ocr_carea' id='block_1_25' title="bbox 2199 1183 3344 1263">
    <p class='ocr_par' dir='ltr' id='par_1_25' title="bbox 2199 1183 3344 1263">
     <span class='ocr_line' id='line_1_25' title="bbox 2199 1183 3344 1263; baseline -0.006 -18"><span class='ocrx_word' id='word_1_123' title='bbox 2199 1192 2290 1245; x_wconf 76' lang='grc'><strong>21.</strong></span> <span class='ocrx_word' id='word_1_124' title='bbox 2328 1192 2619 1263; x_wconf 78' lang='grc' dir='ltr'><strong>Ἄρχοντες</strong></span> <span class='ocrx_word' id='word_1_125' title='bbox 2647 1189 2742 1242; x_wconf 74' lang='grc' dir='ltr'>καὶ</span> <span class='ocrx_word' id='word_1_126' title='bbox 2775 1189 2974 1251; x_wconf 83' lang='grc' dir='ltr'>πάντες</span> <span class='ocrx_word' id='word_1_127' title='bbox 3000 1185 3180 1258; x_wconf 75' lang='grc' dir='ltr'>κριταὶ</span> <span class='ocrx_word' id='word_1_128' title='bbox 3207 1183 3344 1254; x_wconf 79' lang='grc' dir='ltr'>γῆς,</span> 
     </span>
    </p>
   </div>
   <div class='ocr_carea' id='block_1_26' title="bbox 2199 1276 3042 1348">
    <p class='ocr_par' dir='ltr' id='par_1_26' title="bbox 2199 1276 3042 1348">
     <span class='ocr_line' id='line_1_26' title="bbox 2199 1276 3042 1348; baseline -0.009 -13"><span class='ocrx_word' id='word_1_129' title='bbox 2199 1281 2288 1335; x_wconf 82' lang='grc'><strong>25.</strong></span> <span class='ocrx_word' id='word_1_130' title='bbox 2323 1279 2608 1333; x_wconf 83' lang='grc' dir='ltr'><strong>Νεανίσκοι</strong></span> <span class='ocrx_word' id='word_1_131' title='bbox 2641 1278 2733 1331; x_wconf 80' lang='grc' dir='ltr'>καὶ</span> <span class='ocrx_word' id='word_1_132' title='bbox 2763 1276 3042 1348; x_wconf 81' lang='grc' dir='ltr'><strong>παρθένοι,</strong></span> 
     </span>
    </p>
   </div>
   <div class='ocr_carea' id='block_1_27' title="bbox 2201 1366 3165 1442">
    <p class='ocr_par' dir='ltr' id='par_1_27' title="bbox 2201 1366 3165 1442">
     <span class='ocr_line' id='line_1_27' title="bbox 2201 1366 3165 1442; baseline -0.01 -15"><span class='ocrx_word' id='word_1_133' title='bbox 2201 1372 2290 1427; x_wconf 80' lang='lat'><strong>26.</strong></span> <span class='ocrx_word' id='word_1_134' title='bbox 2321 1369 2685 1442; x_wconf 79' lang='grc' dir='ltr'>Πρεσσύτεροι</span> <span class='ocrx_word' id='word_1_135' title='bbox 2712 1368 2849 1439; x_wconf 84' lang='grc' dir='ltr'>μετὰ</span> <span class='ocrx_word' id='word_1_136' title='bbox 2871 1366 3165 1437; x_wconf 83' lang='grc' dir='ltr'><strong>νεωτέρων,</strong></span> 
     </span>
    </p>
   </div>
   <div class='ocr_carea' id='block_1_28' title="bbox 2199 1452 3244 1526">
    <p class='ocr_par' dir='ltr' id='par_1_28' title="bbox 2199 1452 3244 1526">
     <span class='ocr_line' id='line_1_28' title="bbox 2199 1452 3244 1526; baseline -0.011 -11"><span class='ocrx_word' id='word_1_137' title='bbox 2199 1462 2287 1516; x_wconf 88' lang='lat'><strong>27.</strong></span> <span class='ocrx_word' id='word_1_138' title='bbox 2318 1459 2693 1513; x_wconf 81' lang='grc' dir='ltr'>Δίνεσάτωσαν</span> <span class='ocrx_word' id='word_1_139' title='bbox 2727 1457 2787 1509; x_wconf 85' lang='grc' dir='ltr'>τὸ</span> <span class='ocrx_word' id='word_1_140' title='bbox 2805 1455 2973 1526; x_wconf 77' lang='grc' dir='ltr'>ὄνομα</span> <span class='ocrx_word' id='word_1_141' title='bbox 3001 1452 3206 1525; x_wconf 84' lang='grc' dir='ltr'>Κυρίου</span> <span class='ocrx_word' id='word_1_142' title='bbox 3229 1466 3244 1480; x_wconf 76' lang='grc' dir='ltr'><strong>ο</strong></span> 
     </span>
    </p>
   </div>
   <div class='ocr_carea' id='block_1_29' title="bbox 2199 1540 3341 1618">
    <p class='ocr_par' dir='ltr' id='par_1_29' title="bbox 2199 1540 3341 1618">
     <span class='ocr_line' id='line_1_29' title="bbox 2199 1540 3341 1618; baseline -0.01 -12"><span class='ocrx_word' id='word_1_143' title='bbox 2199 1552 2288 1606; x_wconf 89' lang='grc'><strong>28.</strong></span> <span class='ocrx_word' id='word_1_144' title='bbox 2324 1550 2447 1603; x_wconf 83' lang='grc' dir='ltr'><strong>ὐτι</strong></span> <span class='ocrx_word' id='word_1_145' title='bbox 2472 1546 2660 1618; x_wconf 78' lang='grc' dir='ltr'>ὑψώθη</span> <span class='ocrx_word' id='word_1_146' title='bbox 2682 1548 2743 1600; x_wconf 85' lang='grc' dir='ltr'>τὸ</span> <span class='ocrx_word' id='word_1_147' title='bbox 2774 1547 2942 1617; x_wconf 77' lang='grc' dir='ltr'>ὄνομα</span> <span class='ocrx_word' id='word_1_148' title='bbox 2971 1542 3133 1596; x_wconf 85' lang='grc' dir='ltr'>αὐτοῦ</span> <span class='ocrx_word' id='word_1_149' title='bbox 3159 1540 3341 1612; x_wconf 81' lang='grc' dir='ltr'><strong>μόνου.</strong></span> 
     </span>
    </p>
   </div>
   <div class='ocr_carea' id='block_1_30' title="bbox 1581 1722 2574 1788">
    <p class='ocr_par' dir='ltr' id='par_1_30' title="bbox 1581 1722 2574 1788">
     <span class='ocr_line' id='line_1_30' title="bbox 1581 1722 2574 1788; baseline -0.011 1"><span class='ocrx_word' id='word_1_150' title='bbox 1581 1729 1958 1788; x_wconf 78' lang='lat' dir='ltr'><strong>ATHANASII</strong></span> <span class='ocrx_word' id='word_1_151' title='bbox 1999 1722 2574 1783; x_wconf 75' lang='lat' dir='ltr'><strong>INTERPRETATIO.</strong></span> 
     </span>
    </p>
   </div>
   <div class='ocr_carea' id='block_1_31' title="bbox 539 1889 2071 1996">
    <p class='ocr_par' dir='ltr' id='par_1_31' title="bbox 539 1911 2071 1996">
     <span class='ocr_line' id='line_1_31' title="bbox 539 1911 2071 1996; baseline -0.014 -11"><span class='ocrx_word' id='word_1_152' title='bbox 539 1929 762 1996; x_wconf 64' lang='lat'><strong>£7,18.</strong></span> <span class='ocrx_word' id='word_1_153' title='bbox 802 1923 1071 1981; x_wconf 86' lang='lat' dir='ltr'><strong>Nimirum</strong></span> <span class='ocrx_word' id='word_1_154' title='bbox 1129 1921 1242 1993; x_wconf 88' lang='lat' dir='ltr'><strong>igni</strong></span> <span class='ocrx_word' id='word_1_155' title='bbox 1314 1916 1602 1975; x_wconf 85' lang='lat' dir='ltr'><strong>assimilati</strong></span> <span class='ocrx_word' id='word_1_156' title='bbox 1655 1922 1785 1970; x_wconf 91' lang='lat' dir='ltr'><strong>sunt</strong></span> <span class='ocrx_word' id='word_1_157' title='bbox 1854 1911 2029 1966; x_wconf 85' lang='lat' dir='ltr'><strong>sancti</strong></span> <span class='ocrx_word' id='word_1_158' title='bbox 2060 1916 2071 1970; x_wconf 85' lang='lat'>1</span> 
     </span>
    </p>
   </div>
   <div class='ocr_carea' id='block_1_32' title="bbox 2123 1889 3685 1996">
    <p class='ocr_par' dir='ltr' id='par_1_32' title="bbox 2196 1889 3685 1972">
     <span class='ocr_line' id='line_1_32' title="bbox 2196 1889 3685 1972; baseline -0.009 -14"><span class='ocrx_word' id='word_1_159' title='bbox 2196 1904 2284 1968; x_wconf 85' lang='grc'><strong>17,</strong></span> <span class='ocrx_word' id='word_1_160' title='bbox 2316 1903 2406 1957; x_wconf 87' lang='grc'><strong>18.</strong></span> <span class='ocrx_word' id='word_1_161' title='bbox 2439 1901 2690 1972; x_wconf 90' lang='grc' dir='ltr'>Δηλονότι</span> <span class='ocrx_word' id='word_1_162' title='bbox 2736 1899 2813 1970; x_wconf 85' lang='grc' dir='ltr'><strong>τῷ</strong></span> <span class='ocrx_word' id='word_1_163' title='bbox 2846 1900 2980 1972; x_wconf 81' lang='grc' dir='ltr'>πυρὶ</span> <span class='ocrx_word' id='word_1_164' title='bbox 3018 1899 3259 1953; x_wconf 70' lang='grc' dir='ltr'>ἐοίκασιν</span> <span class='ocrx_word' id='word_1_165' title='bbox 3292 1895 3341 1949; x_wconf 76' lang='lat' dir='ltr'><strong>ei</strong></span> <span class='ocrx_word' id='word_1_166' title='bbox 3376 1892 3522 1962; x_wconf 72' lang='grc' dir='ltr'>ἅγιοι</span> <span class='ocrx_word' id='word_1_167' title='bbox 3554 1889 3685 1946; x_wconf 82' lang='grc' dir='ltr'>ἀπό·</span> 
     </span>
    </p>
   </div>
   <div class='ocr_carea' id='block_1_33' title="bbox 457 2012 2022 2097">
    <p class='ocr_par' dir='ltr' id='par_1_33' title="bbox 457 2012 2022 2097">
     <span class='ocr_line' id='line_1_33' title="bbox 457 2012 2022 2097; baseline -0.017 -15"><span class='ocrx_word' id='word_1_168' title='bbox 457 2022 688 2097; x_wconf 90' lang='lat' dir='ltr'><strong>apostoli</strong></span> <span class='ocrx_word' id='word_1_169' title='bbox 738 2019 1122 2077; x_wconf 88' lang='lat' dir='ltr'><strong>comburentes</strong></span> <span class='ocrx_word' id='word_1_170' title='bbox 1162 2012 1470 2070; x_wconf 86' lang='lat' dir='ltr'><strong>contrarias</strong></span> <span class='ocrx_word' id='word_1_171' title='bbox 1518 2015 1838 2079; x_wconf 86' lang='lat' dir='ltr'><strong>potestates,</strong></span> <span class='ocrx_word' id='word_1_172' title='bbox 1884 2016 2022 2074; x_wconf 85' lang='lat' dir='ltr'><strong>quo-</strong></span> 
     </span>
    </p>
   </div>
   <div class='ocr_carea' id='block_1_34' title="bbox 406 2091 2021 2180">
    <p class='ocr_par' dir='ltr' id='par_1_34' title="bbox 406 2091 2021 2180">
     <span class='ocr_line' id='line_1_34' title="bbox 406 2091 2021 2180; baseline -0.016 -9"><span class='ocrx_word' id='word_1_173' title='bbox 406 2104 413 2111; x_wconf 58' lang='grc'><em>’</em></span> <span class='ocrx_word' id='word_1_174' title='bbox 458 2091 602 2172; x_wconf 79' lang='lat' dir='ltr'><strong>niam</strong></span> <span class='ocrx_word' id='word_1_175' title='bbox 647 2126 714 2167; x_wconf 81' lang='lat' dir='ltr'><strong>ex</strong></span> <span class='ocrx_word' id='word_1_176' title='bbox 744 2111 890 2180; x_wconf 78' lang='lat' dir='ltr'><strong>igne,</strong></span> <span class='ocrx_word' id='word_1_177' title='bbox 926 2106 1020 2178; x_wconf 91' lang='lat' dir='ltr'><strong>qui</strong></span> <span class='ocrx_word' id='word_1_178' title='bbox 1051 2105 1167 2160; x_wconf 64' lang='lat' dir='ltr'><strong>haec</strong></span> <span class='ocrx_word' id='word_1_179' title='bbox 1199 2102 1381 2156; x_wconf 89' lang='lat' dir='ltr'><strong>omnia</strong></span> <span class='ocrx_word' id='word_1_180' title='bbox 1422 2097 1715 2159; x_wconf 88' lang='lat' dir='ltr'><strong>consumit.</strong></span> <span class='ocrx_word' id='word_1_181' title='bbox 1742 2091 2021 2151; x_wconf 89' lang='lat' dir='ltr'><strong>constituti</strong></span> 
     </span>
    </p>
   </div>
   <div class='ocr_carea' id='block_1_35' title="bbox 458 2184 2023 2271">
    <p class='ocr_par' dir='ltr' id='par_1_35' title="bbox 458 2184 2023 2271">
     <span class='ocr_line' id='line_1_35' title="bbox 458 2184 2023 2271; baseline -0.016 -9"><span class='ocrx_word' id='word_1_182' title='bbox 458 2213 608 2270; x_wconf 89' lang='lat' dir='ltr'><strong>sunt,</strong></span> <span class='ocrx_word' id='word_1_183' title='bbox 631 2214 683 2259; x_wconf 89' lang='lat' dir='ltr'><strong>et</strong></span> <span class='ocrx_word' id='word_1_184' title='bbox 714 2199 917 2271; x_wconf 85' lang='lat' dir='ltr'><strong>impleti</strong></span> <span class='ocrx_word' id='word_1_185' title='bbox 947 2206 1096 2264; x_wconf 88' lang='lat' dir='ltr'><strong>sunt,</strong></span> <span class='ocrx_word' id='word_1_186' title='bbox 1126 2197 1232 2252; x_wconf 85' lang='lat' dir='ltr'><strong>hoc</strong></span> <span class='ocrx_word' id='word_1_187' title='bbox 1256 2204 1336 2252; x_wconf 89' lang='lat' dir='ltr'><strong>est</strong></span> <span class='ocrx_word' id='word_1_188' title='bbox 1372 2191 1576 2263; x_wconf 88' lang='lat' dir='ltr'><strong>Spiritu</strong></span> <span class='ocrx_word' id='word_1_189' title='bbox 1610 2195 1821 2245; x_wconf 90' lang='lat' dir='ltr'><strong>sancto.</strong></span> <span class='ocrx_word' id='word_1_190' title='bbox 1859 2184 2023 2239; x_wconf 88' lang='lat' dir='ltr'><strong>Simi-</strong></span> 
     </span>
    </p>
   </div>
   <div class='ocr_carea' id='block_1_36' title="bbox 457 2276 2024 2366">
    <p class='ocr_par' dir='ltr' id='par_1_36' title="bbox 457 2276 2024 2366">
     <span class='ocr_line' id='line_1_36' title="bbox 457 2276 2024 2366; baseline -0.016 -13"><span class='ocrx_word' id='word_1_191' title='bbox 457 2299 579 2353; x_wconf 89' lang='lat' dir='ltr'><strong>liter</strong></span> <span class='ocrx_word' id='word_1_192' title='bbox 605 2294 828 2366; x_wconf 90' lang='lat' dir='ltr'><strong>perinde</strong></span> <span class='ocrx_word' id='word_1_193' title='bbox 854 2307 919 2347; x_wconf 92' lang='lat' dir='ltr'><strong>ac</strong></span> <span class='ocrx_word' id='word_1_194' title='bbox 950 2289 1159 2362; x_wconf 89' lang='lat' dir='ltr'><strong>grando</strong></span> <span class='ocrx_word' id='word_1_195' title='bbox 1191 2295 1321 2343; x_wconf 89' lang='lat' dir='ltr'><strong>sunt</strong></span> <span class='ocrx_word' id='word_1_196' title='bbox 1346 2285 1507 2339; x_wconf 90' lang='lat' dir='ltr'><strong>iidem</strong></span> <span class='ocrx_word' id='word_1_197' title='bbox 1534 2278 1790 2352; x_wconf 87' lang='lat' dir='ltr'><strong>apostoli,</strong></span> <span class='ocrx_word' id='word_1_198' title='bbox 1823 2276 2024 2332; x_wconf 86' lang='lat' dir='ltr'><strong>caden-</strong></span> 
     </span>
    </p>
   </div>
   <div class='ocr_carea' id='block_1_37' title="bbox 457 2374 2021 2456">
    <p class='ocr_par' dir='ltr' id='par_1_37' title="bbox 457 2374 2021 2456">
     <span class='ocr_line' id='line_1_37' title="bbox 457 2374 2021 2456; baseline -0.015 -11"><span class='ocrx_word' id='word_1_199' title='bbox 457 2399 540 2445; x_wconf 87' lang='lat' dir='ltr'><strong>tes</strong></span> <span class='ocrx_word' id='word_1_200' title='bbox 573 2387 716 2444; x_wconf 91' lang='lat' dir='ltr'><strong>enim</strong></span> <span class='ocrx_word' id='word_1_201' title='bbox 748 2374 911 2456; x_wconf 86' lang='lat' dir='ltr'><strong>super</strong></span> <span class='ocrx_word' id='word_1_202' title='bbox 959 2389 1237 2452; x_wconf 84' lang='lat' dir='ltr'><strong>serpentes</strong></span> <span class='ocrx_word' id='word_1_203' title='bbox 1269 2387 1324 2434; x_wconf 85' lang='lat' dir='ltr'><strong>et</strong></span> <span class='ocrx_word' id='word_1_204' title='bbox 1356 2376 1691 2445; x_wconf 89' lang='lat' dir='ltr'><strong>scorpiones,</strong></span> <span class='ocrx_word' id='word_1_205' title='bbox 1730 2379 1783 2426; x_wconf 92' lang='lat' dir='ltr'><strong>et</strong></span> <span class='ocrx_word' id='word_1_206' title='bbox 1807 2382 2021 2425; x_wconf 91' lang='lat' dir='ltr'><strong>omnem</strong></span> 
     </span>
    </p>
   </div>
   <div class='ocr_carea' id='block_1_38' title="bbox 458 2469 2025 2547">
    <p class='ocr_par' dir='ltr' id='par_1_38' title="bbox 458 2469 2025 2547">
     <span class='ocr_line' id='line_1_38' title="bbox 458 2469 2025 2547; baseline -0.015 -12"><span class='ocrx_word' id='word_1_207' title='bbox 458 2477 666 2535; x_wconf 88' lang='lat' dir='ltr'><strong>inimici</strong></span> <span class='ocrx_word' id='word_1_208' title='bbox 710 2481 1053 2547; x_wconf 88' lang='lat' dir='ltr'><strong>potestatem,</strong></span> <span class='ocrx_word' id='word_1_209' title='bbox 1088 2469 1548 2527; x_wconf 85' lang='lat' dir='ltr'><strong>conculcaverunt</strong></span> <span class='ocrx_word' id='word_1_210' title='bbox 1586 2479 1681 2519; x_wconf 90' lang='lat' dir='ltr'><strong>eos</strong></span> <span class='ocrx_word' id='word_1_211' title='bbox 1725 2473 2025 2530; x_wconf 89' lang='lat' dir='ltr'><strong>eorumque</strong></span> 
     </span>
    </p>
   </div>
   <div class='ocr_carea' id='block_1_39' title="bbox 456 2552 2025 2643">
    <p class='ocr_par' dir='ltr' id='par_1_39' title="bbox 456 2552 2025 2643">
     <span class='ocr_line' id='line_1_39' title="bbox 456 2552 2025 2643; baseline -0.014 -16"><span class='ocrx_word' id='word_1_212' title='bbox 456 2571 754 2643; x_wconf 82' lang='lat' dir='ltr'><strong>potentiam</strong></span> <span class='ocrx_word' id='word_1_213' title='bbox 785 2568 830 2601; x_wconf 80' lang='lat'><strong>&quot;&#39;</strong></span> <span class='ocrx_word' id='word_1_214' title='bbox 864 2586 875 2620; x_wconf 77' lang='grc' dir='ltr'><strong>ε</strong></span> <span class='ocrx_word' id='word_1_215' title='bbox 916 2568 1008 2620; x_wconf 82' lang='lat' dir='ltr'><strong>nix</strong></span> <span class='ocrx_word' id='word_1_216' title='bbox 1039 2576 1220 2619; x_wconf 91' lang='lat' dir='ltr'><strong>autem</strong></span> <span class='ocrx_word' id='word_1_217' title='bbox 1247 2561 1411 2619; x_wconf 90' lang='lat' dir='ltr'><strong>etiam</strong></span> <span class='ocrx_word' id='word_1_218' title='bbox 1440 2566 1569 2615; x_wconf 90' lang='lat' dir='ltr'><strong>sunt</strong></span> <span class='ocrx_word' id='word_1_219' title='bbox 1589 2564 1810 2627; x_wconf 88' lang='lat' dir='ltr'><strong>propter</strong></span> <span class='ocrx_word' id='word_1_220' title='bbox 1841 2552 2025 2609; x_wconf 87' lang='lat' dir='ltr'><strong>cordis</strong></span> 
     </span>
    </p>
   </div>
   <div class='ocr_carea' id='block_1_40' title="bbox 458 2656 2024 2731">
    <p class='ocr_par' dir='ltr' id='par_1_40' title="bbox 458 2656 2024 2731">
     <span class='ocr_line' id='line_1_40' title="bbox 458 2656 2024 2731; baseline -0.013 -10"><span class='ocrx_word' id='word_1_221' title='bbox 458 2661 809 2726; x_wconf 87' lang='lat' dir='ltr'><strong>munditiem;</strong></span> <span class='ocrx_word' id='word_1_222' title='bbox 835 2670 887 2715; x_wconf 90' lang='lat' dir='ltr'><strong>et</strong></span> <span class='ocrx_word' id='word_1_223' title='bbox 912 2656 1229 2731; x_wconf 77' lang='lat' dir='ltr'><strong>crystallum</strong></span> <span class='ocrx_word' id='word_1_224' title='bbox 1277 2668 1495 2726; x_wconf 87' lang='lat' dir='ltr'><strong>quoque</strong></span> <span class='ocrx_word' id='word_1_225' title='bbox 1526 2661 1653 2707; x_wconf 85' lang='lat' dir='ltr'><strong>sunt</strong></span> <span class='ocrx_word' id='word_1_226' title='bbox 1678 2656 1901 2720; x_wconf 88' lang='lat' dir='ltr'><strong>propter</strong></span> <span class='ocrx_word' id='word_1_227' title='bbox 1928 2661 2024 2701; x_wconf 92' lang='lat' dir='ltr'><strong>eo-</strong></span> 
     </span>
    </p>
   </div>
   <div class='ocr_carea' id='block_1_41' title="bbox 458 2738 2022 2812">
    <p class='ocr_par' dir='ltr' id='par_1_41' title="bbox 458 2738 2022 2812">
     <span class='ocr_line' id='line_1_41' title="bbox 458 2738 2022 2812; baseline -0.013 1"><span class='ocrx_word' id='word_1_228' title='bbox 458 2764 583 2812; x_wconf 86' lang='lat' dir='ltr'><strong>rum</strong></span> <span class='ocrx_word' id='word_1_229' title='bbox 604 2752 976 2810; x_wconf 88' lang='lat' dir='ltr'><strong>claritudinem</strong></span> <span class='ocrx_word' id='word_1_230' title='bbox 1007 2757 1061 2806; x_wconf 87' lang='lat' dir='ltr'><strong>et</strong></span> <span class='ocrx_word' id='word_1_231' title='bbox 1085 2747 1208 2805; x_wconf 82' lang='lat' dir='ltr'><strong>lldei</strong></span> <span class='ocrx_word' id='word_1_232' title='bbox 1238 2746 1551 2802; x_wconf 82' lang='lat' dir='ltr'><strong>ﬁrmitatem</strong></span> <span class='ocrx_word' id='word_1_233' title='bbox 1590 2762 1603 2797; x_wconf 89' lang='lat'><strong>:</strong></span> <span class='ocrx_word' id='word_1_234' title='bbox 1640 2742 1824 2811; x_wconf 88' lang='lat' dir='ltr'><strong>itaque</strong></span> <span class='ocrx_word' id='word_1_235' title='bbox 1864 2738 2022 2810; x_wconf 89' lang='lat' dir='ltr'><strong>ignis,</strong></span> 
     </span>
    </p>
   </div>
   <div class='ocr_carea' id='block_1_42' title="bbox 461 2832 2026 2916">
    <p class='ocr_par' dir='ltr' id='par_1_42' title="bbox 461 2832 2026 2916">
     <span class='ocr_line' id='line_1_42' title="bbox 461 2832 2026 2916; baseline -0.011 -17"><span class='ocrx_word' id='word_1_236' title='bbox 461 2844 684 2916; x_wconf 82' lang='lat' dir='ltr'><strong>grando,</strong></span> <span class='ocrx_word' id='word_1_237' title='bbox 715 2840 839 2906; x_wconf 82' lang='lat' dir='ltr'><strong>nix,</strong></span> <span class='ocrx_word' id='word_1_238' title='bbox 871 2840 1194 2912; x_wconf 85' lang='lat' dir='ltr'><strong>crystallum</strong></span> <span class='ocrx_word' id='word_1_239' title='bbox 1243 2835 1558 2909; x_wconf 82' lang='lat' dir='ltr'><strong>signiﬁcant</strong></span> <span class='ocrx_word' id='word_1_240' title='bbox 1604 2833 1711 2888; x_wconf 88' lang='lat' dir='ltr'><strong>hoc</strong></span> <span class='ocrx_word' id='word_1_241' title='bbox 1742 2832 1861 2885; x_wconf 82' lang='lat' dir='ltr'><strong>loco</strong></span> <span class='ocrx_word' id='word_1_242' title='bbox 1893 2844 2026 2898; x_wconf 89' lang='lat' dir='ltr'><strong>apo-</strong></span> 
     </span>
    </p>
   </div>
   <div class='ocr_carea' id='block_1_43' title="bbox 463 3107 1842 3186">
    <p class='ocr_par' dir='ltr' id='par_1_43' title="bbox 463 3107 1842 3186">
     <span class='ocr_line' id='line_1_43' title="bbox 463 3107 1842 3186; baseline -0.012 -11"><span class='ocrx_word' id='word_1_243' title='bbox 463 3122 522 3175; x_wconf 91' lang='lat' dir='ltr'><strong>in</strong></span> <span class='ocrx_word' id='word_1_244' title='bbox 556 3118 722 3175; x_wconf 82' lang='lat' dir='ltr'><strong>ﬂuctu</strong></span> <span class='ocrx_word' id='word_1_245' title='bbox 764 3117 952 3181; x_wconf 89' lang='lat' dir='ltr'><strong>maris,</strong></span> <span class='ocrx_word' id='word_1_246' title='bbox 997 3115 1216 3186; x_wconf 91' lang='lat' dir='ltr'><strong>quando</strong></span> <span class='ocrx_word' id='word_1_247' title='bbox 1260 3112 1511 3169; x_wconf 90' lang='lat' dir='ltr'><strong>dicebant</strong></span> <span class='ocrx_word' id='word_1_248' title='bbox 1565 3107 1794 3180; x_wconf 86' lang='lat' dir='ltr'><strong>apostoli</strong></span> <span class='ocrx_word' id='word_1_249' title='bbox 1829 3124 1842 3159; x_wconf 89' lang='lat'><strong>:</strong></span> 
     </span>
    </p>
   </div>
   <div class='ocr_carea' id='block_1_44' title="bbox 458 3196 2027 3282">
    <p class='ocr_par' dir='ltr' id='par_1_44' title="bbox 458 3196 2027 3282">
     <span class='ocr_line' id='line_1_44' title="bbox 458 3196 2027 3282; baseline -0.012 -15"><span class='ocrx_word' id='word_1_250' title='bbox 458 3220 536 3267; x_wconf 76' lang='lat' dir='ltr'><strong>est</strong></span> <span class='ocrx_word' id='word_1_251' title='bbox 565 3211 670 3277; x_wconf 81' lang='lat' dir='ltr'><strong>hic,</strong></span> <span class='ocrx_word' id='word_1_252' title='bbox 702 3211 829 3282; x_wconf 85' lang='lat' dir='ltr'><strong>quia</strong></span> <span class='ocrx_word' id='word_1_253' title='bbox 855 3219 903 3263; x_wconf 86' lang='lat' dir='ltr'><strong>et</strong></span> <span class='ocrx_word' id='word_1_254' title='bbox 929 3209 1065 3263; x_wconf 80' lang='lat' dir='ltr'><strong>venti</strong></span> <span class='ocrx_word' id='word_1_255' title='bbox 1102 3216 1151 3261; x_wconf 88' lang='lat' dir='ltr'><strong>et</strong></span> <span class='ocrx_word' id='word_1_256' title='bbox 1189 3222 1332 3259; x_wconf 90' lang='lat' dir='ltr'><strong>mare</strong></span> <span class='ocrx_word' id='word_1_257' title='bbox 1371 3203 1616 3258; x_wconf 86' lang='lat' dir='ltr'><strong>obediunt</strong></span> <span class='ocrx_word' id='word_1_258' title='bbox 1646 3200 1694 3254; x_wconf 88' lang='lat' dir='ltr'><strong>ei</strong></span> <span class='ocrx_word' id='word_1_259' title='bbox 1726 3197 1804 3250; x_wconf 72' lang='lat' dir='ltr'><strong>&quot;‘i</strong></span> <span class='ocrx_word' id='word_1_260' title='bbox 1827 3196 1894 3251; x_wconf 92' lang='lat' dir='ltr'><strong>de</strong></span> <span class='ocrx_word' id='word_1_261' title='bbox 1918 3211 2027 3267; x_wconf 89' lang='lat' dir='ltr'><strong>quo</strong></span> 
     </span>
    </p>
   </div>
   <div class='ocr_carea' id='block_1_45' title="bbox 461 3254 2092 3370">
    <p class='ocr_par' dir='ltr' id='par_1_45' title="bbox 461 3254 2092 3370">
     <span class='ocr_line' id='line_1_45' title="bbox 461 3254 2092 3370; baseline -0.012 -14"><span class='ocrx_word' id='word_1_262' title='bbox 461 3301 622 3356; x_wconf 91' lang='lat' dir='ltr'><strong>etiam</strong></span> <span class='ocrx_word' id='word_1_263' title='bbox 656 3254 931 3370; x_wconf 54' lang='lat' dir='ltr'><strong>’P:0plteta</strong></span> <span class='ocrx_word' id='word_1_264' title='bbox 975 3296 1114 3352; x_wconf 85' lang='lat' dir='ltr'><strong>dixit</strong></span> <span class='ocrx_word' id='word_1_265' title='bbox 1164 3297 1219 3350; x_wconf 92' lang='lat' dir='ltr'><strong>in</strong></span> <span class='ocrx_word' id='word_1_266' title='bbox 1262 3295 1406 3349; x_wconf 88' lang='lat' dir='ltr'><strong>libro</strong></span> <span class='ocrx_word' id='word_1_267' title='bbox 1453 3290 1798 3346; x_wconf 86' lang='lat' dir='ltr'><strong>Psalmorum</strong></span> <span class='ocrx_word' id='word_1_268' title='bbox 1827 3287 1873 3319; x_wconf 70' lang='grc' dir='ltr'>’θ</span> <span class='ocrx_word' id='word_1_269' title='bbox 1905 3254 2026 3339; x_wconf 54' lang='grc' dir='ltr'><strong>εἘε</strong></span> <span class='ocrx_word' id='word_1_270' title='bbox 2052 3254 2092 3312; x_wconf 75' lang='lat' dir='ltr'><strong>C</strong></span> 
     </span>
    </p>
   </div>
   <div class='ocr_carea' id='block_1_46' title="bbox 460 3378 2026 3460">
    <p class='ocr_par' dir='ltr' id='par_1_46' title="bbox 460 3378 2026 3460">
     <span class='ocr_line' id='line_1_46' title="bbox 460 3378 2026 3460; baseline -0.008 -17"><span class='ocrx_word' id='word_1_271' title='bbox 460 3391 733 3459; x_wconf 75' lang='lat' dir='ltr'><strong>imperavit</strong></span> <span class='ocrx_word' id='word_1_272' title='bbox 762 3388 1026 3460; x_wconf 69' lang='lat' dir='ltr'><strong>procellae,</strong></span> <span class='ocrx_word' id='word_1_273' title='bbox 1057 3398 1103 3441; x_wconf 88' lang='lat' dir='ltr'><strong>et</strong></span> <span class='ocrx_word' id='word_1_274' title='bbox 1139 3386 1287 3441; x_wconf 77' lang='lat' dir='ltr'><strong>stetit</strong></span> <span class='ocrx_word' id='word_1_275' title='bbox 1310 3386 1366 3437; x_wconf 89' lang='lat' dir='ltr'><strong>in</strong></span> <span class='ocrx_word' id='word_1_276' title='bbox 1391 3399 1530 3449; x_wconf 89' lang='lat' dir='ltr'><strong>aere,</strong></span> <span class='ocrx_word' id='word_1_277' title='bbox 1553 3392 1601 3436; x_wconf 89' lang='lat' dir='ltr'><strong>et</strong></span> <span class='ocrx_word' id='word_1_278' title='bbox 1637 3380 1891 3434; x_wconf 75' lang='lat' dir='ltr'><strong>siluerunt</strong></span> <span class='ocrx_word' id='word_1_279' title='bbox 1922 3378 2026 3446; x_wconf 83' lang='lat' dir='ltr'><strong>ﬂu-</strong></span> 
     </span>
    </p>
   </div>
   <div class='ocr_carea' id='block_1_47' title="bbox 461 3472 2028 3548">
    <p class='ocr_par' dir='ltr' id='par_1_47' title="bbox 461 3472 2028 3548">
     <span class='ocr_line' id='line_1_47' title="bbox 461 3472 2028 3548; baseline -0.008 -15"><span class='ocrx_word' id='word_1_280' title='bbox 461 3488 587 3533; x_wconf 27' lang='lat' dir='ltr'><strong>ctuat</strong></span> <span class='ocrx_word' id='word_1_281' title='bbox 627 3478 763 3548; x_wconf 82' lang='lat' dir='ltr'><strong>ejus.</strong></span> <span class='ocrx_word' id='word_1_282' title='bbox 815 3477 1061 3548; x_wconf 86' lang='lat' dir='ltr'><strong>Apostoli</strong></span> <span class='ocrx_word' id='word_1_283' title='bbox 1114 3475 1281 3546; x_wconf 86' lang='lat' dir='ltr'><strong>igitur</strong></span> <span class='ocrx_word' id='word_1_284' title='bbox 1325 3472 1485 3527; x_wconf 87' lang='lat' dir='ltr'><strong>simul</strong></span> <span class='ocrx_word' id='word_1_285' title='bbox 1535 3480 1589 3526; x_wconf 90' lang='lat' dir='ltr'><strong>et</strong></span> <span class='ocrx_word' id='word_1_286' title='bbox 1637 3478 1831 3525; x_wconf 82' lang='lat' dir='ltr'><strong>ventus</strong></span> <span class='ocrx_word' id='word_1_287' title='bbox 1873 3477 2028 3522; x_wconf 89' lang='lat' dir='ltr'><strong>erant</strong></span> 
     </span>
    </p>
   </div>
   <div class='ocr_carea' id='block_1_48' title="bbox 461 3559 2025 3645">
    <p class='ocr_par' dir='ltr' id='par_1_48' title="bbox 461 3559 2025 3645">
     <span class='ocr_line' id='line_1_48' title="bbox 461 3559 2025 3645; baseline -0.008 -20"><span class='ocrx_word' id='word_1_288' title='bbox 461 3578 594 3625; x_wconf 87' lang='lat' dir='ltr'><strong>tunc</strong></span> <span class='ocrx_word' id='word_1_289' title='bbox 613 3568 668 3623; x_wconf 92' lang='lat' dir='ltr'><strong>in</strong></span> <span class='ocrx_word' id='word_1_290' title='bbox 699 3568 968 3638; x_wconf 90' lang='lat' dir='ltr'><strong>idipsum;</strong></span> <span class='ocrx_word' id='word_1_291' title='bbox 1000 3565 1230 3645; x_wconf 88' lang='lat' dir='ltr'><strong>apostoli</strong></span> <span class='ocrx_word' id='word_1_292' title='bbox 1259 3563 1477 3635; x_wconf 85' lang='lat' dir='ltr'><strong>quidem</strong></span> <span class='ocrx_word' id='word_1_293' title='bbox 1525 3569 1830 3633; x_wconf 84' lang='lat' dir='ltr'><strong>spectantes</strong></span> <span class='ocrx_word' id='word_1_294' title='bbox 1854 3559 2025 3615; x_wconf 89' lang='lat' dir='ltr'><strong>mira-</strong></span> 
     </span>
    </p>
   </div>
   <div class='ocr_carea' id='block_1_49' title="bbox 463 3650 2024 3727">
    <p class='ocr_par' dir='ltr' id='par_1_49' title="bbox 463 3650 2024 3727">
     <span class='ocr_line' id='line_1_49' title="bbox 463 3650 2024 3727; baseline -0.008 -10"><span class='ocrx_word' id='word_1_295' title='bbox 463 3662 671 3727; x_wconf 89' lang='lat' dir='ltr'><strong>culum,</strong></span> <span class='ocrx_word' id='word_1_296' title='bbox 713 3669 906 3715; x_wconf 83' lang='lat' dir='ltr'><strong>ventus</strong></span> <span class='ocrx_word' id='word_1_297' title='bbox 951 3668 1133 3713; x_wconf 91' lang='lat' dir='ltr'><strong>autem</strong></span> <span class='ocrx_word' id='word_1_298' title='bbox 1163 3657 1362 3713; x_wconf 90' lang='lat' dir='ltr'><strong>cedens</strong></span> <span class='ocrx_word' id='word_1_299' title='bbox 1390 3655 1557 3712; x_wconf 86' lang='lat' dir='ltr'><strong>verbo</strong></span> <span class='ocrx_word' id='word_1_300' title='bbox 1603 3653 1816 3724; x_wconf 88' lang='lat' dir='ltr'><strong>imperii</strong></span> <span class='ocrx_word' id='word_1_301' title='bbox 1845 3672 1877 3708; x_wconf 59' lang='grc' dir='ltr'><strong>ι</strong></span> <span class='ocrx_word' id='word_1_302' title='bbox 1901 3650 2024 3706; x_wconf 90' lang='lat' dir='ltr'><strong>ideo</strong></span> 
     </span>
    </p>
   </div>
   <div class='ocr_carea' id='block_1_50' title="bbox 464 3740 2026 3824">
    <p class='ocr_par' dir='ltr' id='par_1_50' title="bbox 464 3740 2026 3824">
     <span class='ocr_line' id='line_1_50' title="bbox 464 3740 2026 3824; baseline -0.008 -15"><span class='ocrx_word' id='word_1_303' title='bbox 464 3752 687 3824; x_wconf 88' lang='lat' dir='ltr'><strong>subjicit</strong></span> <span class='ocrx_word' id='word_1_304' title='bbox 735 3752 803 3809; x_wconf 90' lang='lat' dir='ltr'><strong>de</strong></span> <span class='ocrx_word' id='word_1_305' title='bbox 843 3751 1102 3824; x_wconf 91' lang='lat' dir='ltr'><strong>apostolis</strong></span> <span class='ocrx_word' id='word_1_306' title='bbox 1142 3757 1198 3806; x_wconf 89' lang='lat' dir='ltr'><strong>et</strong></span> <span class='ocrx_word' id='word_1_307' title='bbox 1242 3747 1435 3819; x_wconf 88' lang='lat' dir='ltr'><strong>spiritu</strong></span> <span class='ocrx_word' id='word_1_308' title='bbox 1485 3745 1821 3818; x_wconf 89' lang='lat' dir='ltr'><strong>tempestatis</strong></span> <span class='ocrx_word' id='word_1_309' title='bbox 1850 3740 2026 3809; x_wconf 55' lang='grc' dir='ltr'>ἔοικε</span> 
     </span>
    </p>
   </div>
   <div class='ocr_carea' id='block_1_51' title="bbox 464 3844 1084 3918">
    <p class='ocr_par' dir='ltr' id='par_1_51' title="bbox 464 3844 1084 3918">
     <span class='ocr_line' id='line_1_51' title="bbox 464 3844 1084 3918; baseline -0.005 -17"><span class='ocrx_word' id='word_1_310' title='bbox 464 3846 665 3918; x_wconf 77' lang='lat' dir='ltr'><strong>faciunt</strong></span> <span class='ocrx_word' id='word_1_311' title='bbox 710 3844 921 3899; x_wconf 82' lang='lat' dir='ltr'><strong>verbum</strong></span> <span class='ocrx_word' id='word_1_312' title='bbox 950 3844 1084 3914; x_wconf 78' lang='lat' dir='ltr'><strong>ejus.</strong></span> 
     </span>
    </p>
   </div>
   <div class='ocr_carea' id='block_1_52' title="bbox 533 4097 2027 4171">
    <p class='ocr_par' dir='ltr' id='par_1_52' title="bbox 533 4097 2027 4171">
     <span class='ocr_line' id='line_1_52' title="bbox 533 4097 2027 4171; baseline -0.005 -13"><span class='ocrx_word' id='word_1_313' title='bbox 533 4105 621 4171; x_wconf 80' lang='grc'><strong>19,</strong></span> <span class='ocrx_word' id='word_1_314' title='bbox 663 4103 751 4158; x_wconf 89' lang='grc'><strong>20.</strong></span> <span class='ocrx_word' id='word_1_315' title='bbox 793 4101 1067 4158; x_wconf 87' lang='lat' dir='ltr'><strong>Sublimes</strong></span> <span class='ocrx_word' id='word_1_316' title='bbox 1113 4102 1430 4171; x_wconf 73' lang='lat' dir='ltr'><strong>praeceptis,</strong></span> <span class='ocrx_word' id='word_1_317' title='bbox 1481 4108 1539 4155; x_wconf 92' lang='lat' dir='ltr'><strong>et</strong></span> <span class='ocrx_word' id='word_1_318' title='bbox 1572 4098 1808 4154; x_wconf 88' lang='lat' dir='ltr'><strong>humiles</strong></span> <span class='ocrx_word' id='word_1_319' title='bbox 1863 4097 2027 4153; x_wconf 90' lang='lat' dir='ltr'><strong>corde</strong></span> 
     </span>
    </p>
   </div>
   <div class='ocr_carea' id='block_1_53' title="bbox 465 4191 2024 4261">
    <p class='ocr_par' dir='ltr' id='par_1_53' title="bbox 465 4191 2024 4261">
     <span class='ocr_line' id='line_1_53' title="bbox 465 4191 2024 4261; baseline -0.006 -10"><span class='ocrx_word' id='word_1_320' title='bbox 465 4196 721 4252; x_wconf 81' lang='lat' dir='ltr'><strong>facientes</strong></span> <span class='ocrx_word' id='word_1_321' title='bbox 765 4193 1003 4248; x_wconf 84' lang='lat' dir='ltr'><strong>fructum</strong></span> <span class='ocrx_word' id='word_1_322' title='bbox 1052 4192 1297 4261; x_wconf 61' lang='lat' dir='ltr'><strong>iustitiae,</strong></span> <span class='ocrx_word' id='word_1_323' title='bbox 1347 4199 1402 4247; x_wconf 90' lang='lat' dir='ltr'><strong>et</strong></span> <span class='ocrx_word' id='word_1_324' title='bbox 1452 4191 1748 4261; x_wconf 87' lang='lat' dir='ltr'><strong>incorrupti</strong></span> <span class='ocrx_word' id='word_1_325' title='bbox 1808 4203 2024 4259; x_wconf 71' lang='lat' dir='ltr'><strong>perma-</strong></span> 
     </span>
    </p>
   </div>
   <div class='ocr_carea' id='block_1_54' title="bbox 466 4293 674 4339">
    <p class='ocr_par' dir='ltr' id='par_1_54' title="bbox 466 4293 674 4339">
     <span class='ocr_line' id='line_1_54' title="bbox 466 4293 674 4339; baseline -0.01 0"><span class='ocrx_word' id='word_1_326' title='bbox 466 4293 674 4339; x_wconf 86' lang='lat' dir='ltr'><strong>nentes.</strong></span> 
     </span>
    </p>
   </div>
   <div class='ocr_carea' id='block_1_55' title="bbox 532 4357 1925 4440">
    <p class='ocr_par' dir='ltr' id='par_1_55' title="bbox 532 4357 1925 4440">
     <span class='ocr_line' id='line_1_55' title="bbox 532 4357 1925 4440; baseline -0.004 -12"><span class='ocrx_word' id='word_1_327' title='bbox 532 4374 623 4429; x_wconf 86' lang='grc'><strong>21.</strong></span> <span class='ocrx_word' id='word_1_328' title='bbox 664 4372 721 4427; x_wconf 90' lang='lat' dir='ltr'><strong>In</strong></span> <span class='ocrx_word' id='word_1_329' title='bbox 761 4372 959 4429; x_wconf 88' lang='lat' dir='ltr'><strong>eremis</strong></span> <span class='ocrx_word' id='word_1_330' title='bbox 990 4372 1254 4440; x_wconf 80' lang='lat' dir='ltr'><strong>viventes,</strong></span> <span class='ocrx_word' id='word_1_331' title='bbox 1285 4379 1333 4426; x_wconf 89' lang='lat' dir='ltr'><strong>el</strong></span> <span class='ocrx_word' id='word_1_332' title='bbox 1370 4370 1637 4426; x_wconf 90' lang='lat' dir='ltr'><strong>mansueti</strong></span> <span class='ocrx_word' id='word_1_333' title='bbox 1665 4368 1849 4426; x_wconf 88' lang='lat' dir='ltr'><strong>corde.</strong></span> <span class='ocrx_word' id='word_1_334' title='bbox 1914 4357 1925 4368; x_wconf 84' lang='grc'><strong>’</strong></span> 
     </span>
    </p>
   </div>
   <div class='ocr_carea' id='block_1_56' title="bbox 533 4544 1620 4615">
    <p class='ocr_par' dir='ltr' id='par_1_56' title="bbox 533 4544 1620 4615">
     <span class='ocr_line' id='line_1_56' title="bbox 533 4544 1620 4615; baseline 0.001 -15"><span class='ocrx_word' id='word_1_335' title='bbox 533 4547 625 4600; x_wconf 84' lang='grc'><strong>22.</strong></span> <span class='ocrx_word' id='word_1_336' title='bbox 664 4544 903 4615; x_wconf 85' lang='lat' dir='ltr'><strong>Corpora</strong></span> <span class='ocrx_word' id='word_1_337' title='bbox 931 4554 987 4600; x_wconf 89' lang='lat' dir='ltr'><strong>et</strong></span> <span class='ocrx_word' id='word_1_338' title='bbox 1033 4546 1233 4600; x_wconf 69' lang='lat' dir='ltr'><strong>anima:</strong></span> <span class='ocrx_word' id='word_1_339' title='bbox 1280 4554 1620 4603; x_wconf 89' lang='lat' dir='ltr'><strong>sanctorum.</strong></span> 
     </span>
    </p>
   </div>
   <div class='ocr_carea' id='block_1_57' title="bbox 531 4636 1870 4708">
    <p class='ocr_par' dir='ltr' id='par_1_57' title="bbox 531 4636 1870 4708">
     <span class='ocr_line' id='line_1_57' title="bbox 531 4636 1870 4708; baseline -0.001 -15"><span class='ocrx_word' id='word_1_340' title='bbox 531 4638 622 4693; x_wconf 80' lang='grc'><strong>25.</strong></span> <span class='ocrx_word' id='word_1_341' title='bbox 661 4636 937 4707; x_wconf 88' lang='lat' dir='ltr'><strong>Episcopi,</strong></span> <span class='ocrx_word' id='word_1_342' title='bbox 966 4645 1020 4691; x_wconf 89' lang='lat' dir='ltr'><strong>et</strong></span> <span class='ocrx_word' id='word_1_343' title='bbox 1057 4650 1248 4693; x_wconf 91' lang='lat' dir='ltr'><strong>omnes</strong></span> <span class='ocrx_word' id='word_1_344' title='bbox 1282 4638 1467 4708; x_wconf 90' lang='lat' dir='ltr'><strong>populi</strong></span> <span class='ocrx_word' id='word_1_345' title='bbox 1496 4638 1795 4693; x_wconf 80' lang='lat' dir='ltr'><strong>credentes.</strong></span> <span class='ocrx_word' id='word_1_346' title='bbox 1864 4642 1870 4649; x_wconf 82' lang='lat'><strong><em>‘</em></strong></span> 
     </span>
    </p>
   </div>
   <div class='ocr_carea' id='block_1_58' title="bbox 535 4722 1881 4799">
    <p class='ocr_par' dir='ltr' id='par_1_58' title="bbox 535 4722 1881 4799">
     <span class='ocr_line' id='line_1_58' title="bbox 535 4722 1881 4799; baseline 0 -16"><span class='ocrx_word' id='word_1_347' title='bbox 535 4731 626 4785; x_wconf 65' lang='lat'><strong>24.</strong></span> <span class='ocrx_word' id='word_1_348' title='bbox 669 4727 994 4799; x_wconf 83' lang='lat' dir='ltr'><strong>Presbyteri.</strong></span> <span class='ocrx_word' id='word_1_349' title='bbox 1022 4736 1078 4782; x_wconf 84' lang='lat' dir='ltr'><strong>et</strong></span> <span class='ocrx_word' id='word_1_350' title='bbox 1104 4729 1198 4798; x_wconf 92' lang='lat' dir='ltr'><strong>qui</strong></span> <span class='ocrx_word' id='word_1_351' title='bbox 1230 4729 1437 4784; x_wconf 91' lang='lat' dir='ltr'><strong>mundo</strong></span> <span class='ocrx_word' id='word_1_352' title='bbox 1482 4722 1881 4784; x_wconf 83' lang='lat' dir='ltr'><strong>renuntiarunt.</strong></span> 
     </span>
    </p>
   </div>
   <div class='ocr_carea' id='block_1_59' title="bbox 535 4818 1917 4885">
    <p class='ocr_par' dir='ltr' id='par_1_59' title="bbox 535 4818 1917 4885">
     <span class='ocr_line' id='line_1_59' title="bbox 535 4818 1917 4885; baseline 0 -11"><span class='ocrx_word' id='word_1_353' title='bbox 535 4821 630 4875; x_wconf 86' lang='lat'><strong>25.</strong></span> <span class='ocrx_word' id='word_1_354' title='bbox 665 4818 770 4885; x_wconf 87' lang='lat' dir='ltr'><strong>Qui</strong></span> <span class='ocrx_word' id='word_1_355' title='bbox 812 4819 955 4873; x_wconf 91' lang='lat' dir='ltr'><strong>malo</strong></span> <span class='ocrx_word' id='word_1_356' title='bbox 979 4818 1259 4884; x_wconf 90' lang='lat' dir='ltr'><strong>resistunt,</strong></span> <span class='ocrx_word' id='word_1_357' title='bbox 1287 4827 1341 4875; x_wconf 87' lang='lat' dir='ltr'><strong>et</strong></span> <span class='ocrx_word' id='word_1_358' title='bbox 1369 4820 1554 4875; x_wconf 91' lang='lat' dir='ltr'><strong>mundi</strong></span> <span class='ocrx_word' id='word_1_359' title='bbox 1582 4830 1710 4875; x_wconf 88' lang='lat' dir='ltr'><strong>sunt</strong></span> <span class='ocrx_word' id='word_1_360' title='bbox 1736 4820 1917 4877; x_wconf 83' lang='lat' dir='ltr'><strong>corde.</strong></span> 
     </span>
    </p>
   </div>
   <div class='ocr_carea' id='block_1_60' title="bbox 540 4990 2029 5067">
    <p class='ocr_par' dir='ltr' id='par_1_60' title="bbox 540 4990 2029 5067">
     <span class='ocr_line' id='line_1_60' title="bbox 540 4990 2029 5067; baseline -0.001 -19"><span class='ocrx_word' id='word_1_361' title='bbox 540 4995 631 5048; x_wconf 87' lang='lat'><strong>26.</strong></span> <span class='ocrx_word' id='word_1_362' title='bbox 667 4990 770 5059; x_wconf 85' lang='lat' dir='ltr'><strong>Qui</strong></span> <span class='ocrx_word' id='word_1_363' title='bbox 814 5000 938 5047; x_wconf 89' lang='lat' dir='ltr'><strong>ante</strong></span> <span class='ocrx_word' id='word_1_364' title='bbox 967 5000 1324 5060; x_wconf 85' lang='lat' dir='ltr'><strong>speraverunt</strong></span> <span class='ocrx_word' id='word_1_365' title='bbox 1366 4992 1420 5048; x_wconf 92' lang='lat' dir='ltr'><strong>in</strong></span> <span class='ocrx_word' id='word_1_366' title='bbox 1469 4993 1711 5060; x_wconf 88' lang='lat' dir='ltr'><strong>Christo,</strong></span> <span class='ocrx_word' id='word_1_367' title='bbox 1754 5003 1809 5051; x_wconf 90' lang='lat' dir='ltr'><strong>et</strong></span> <span class='ocrx_word' id='word_1_368' title='bbox 1841 4994 2029 5067; x_wconf 87' lang='lat' dir='ltr'><strong>cogni-</strong></span> 
     </span>
    </p>
   </div>
   <div class='ocr_carea' id='block_1_61' title="bbox 471 5084 1710 5158">
    <p class='ocr_par' dir='ltr' id='par_1_61' title="bbox 471 5084 1710 5158">
     <span class='ocr_line' id='line_1_61' title="bbox 471 5084 1710 5158; baseline 0.002 -19"><span class='ocrx_word' id='word_1_369' title='bbox 471 5087 619 5141; x_wconf 88' lang='lat' dir='ltr'><strong>tione</strong></span> <span class='ocrx_word' id='word_1_370' title='bbox 648 5084 884 5156; x_wconf 75' lang='lat' dir='ltr'><strong>perl’ecta</strong></span> <span class='ocrx_word' id='word_1_371' title='bbox 910 5095 1164 5158; x_wconf 84' lang='lat' dir='ltr'><strong>aguntur,</strong></span> <span class='ocrx_word' id='word_1_372' title='bbox 1193 5094 1248 5140; x_wconf 86' lang='lat' dir='ltr'><strong>et</strong></span> <span class='ocrx_word' id='word_1_373' title='bbox 1284 5085 1478 5141; x_wconf 88' lang='lat' dir='ltr'><strong>ﬂorent</strong></span> <span class='ocrx_word' id='word_1_374' title='bbox 1503 5087 1553 5140; x_wconf 89' lang='lat' dir='ltr'><strong>in</strong></span> <span class='ocrx_word' id='word_1_375' title='bbox 1589 5087 1710 5142; x_wconf 74' lang='lat' dir='ltr'><strong>fide.</strong></span> 
     </span>
    </p>
   </div>
   <div class='ocr_carea' id='block_1_62' title="bbox 531 5170 2025 5234">
    <p class='ocr_par' dir='ltr' id='par_1_62' title="bbox 531 5170 2025 5234">
     <span class='ocr_line' id='line_1_62' title="bbox 531 5170 2025 5234; baseline 0.003 -6"><span class='ocrx_word' id='word_1_376' title='bbox 531 5175 621 5229; x_wconf 89' lang='lat'><strong>27.</strong></span> <span class='ocrx_word' id='word_1_377' title='bbox 662 5170 1001 5233; x_wconf 85' lang='lat' dir='ltr'><strong>Unanimiter</strong></span> <span class='ocrx_word' id='word_1_378' title='bbox 1064 5192 1253 5233; x_wconf 90' lang='lat' dir='ltr'><strong>omnes</strong></span> <span class='ocrx_word' id='word_1_379' title='bbox 1292 5192 1401 5231; x_wconf 91' lang='lat' dir='ltr'><strong>uno</strong></span> <span class='ocrx_word' id='word_1_380' title='bbox 1451 5191 1546 5233; x_wconf 84' lang='lat' dir='ltr'><strong>ore</strong></span> <span class='ocrx_word' id='word_1_381' title='bbox 1594 5187 1648 5233; x_wconf 90' lang='lat' dir='ltr'><strong>et</strong></span> <span class='ocrx_word' id='word_1_382' title='bbox 1697 5195 1808 5234; x_wconf 93' lang='lat' dir='ltr'><strong>uno</strong></span> <span class='ocrx_word' id='word_1_383' title='bbox 1865 5179 2025 5234; x_wconf 91' lang='lat' dir='ltr'><strong>corde</strong></span> 
     </span>
    </p>
   </div>
   <div class='ocr_carea' id='block_1_63' title="bbox 473 5265 1271 5322">
    <p class='ocr_par' dir='ltr' id='par_1_63' title="bbox 473 5265 1271 5322">
     <span class='ocr_line' id='line_1_63' title="bbox 473 5265 1271 5322; baseline 0.003 -3"><span class='ocrx_word' id='word_1_384' title='bbox 473 5265 770 5321; x_wconf 60' lang='lat' dir='ltr'><strong>laudabunt</strong></span> <span class='ocrx_word' id='word_1_385' title='bbox 804 5282 999 5322; x_wconf 90' lang='lat' dir='ltr'><strong>nomen</strong></span> <span class='ocrx_word' id='word_1_386' title='bbox 1034 5266 1271 5321; x_wconf 88' lang='lat' dir='ltr'><strong>Domini.</strong></span> 
     </span>
    </p>
   </div>
   <div class='ocr_carea' id='block_1_64' title="bbox 536 5355 2025 5430">
    <p class='ocr_par' dir='ltr' id='par_1_64' title="bbox 536 5355 2025 5430">
     <span class='ocr_line' id='line_1_64' title="bbox 536 5355 2025 5430; baseline 0.001 -19"><span class='ocrx_word' id='word_1_387' title='bbox 536 5356 625 5411; x_wconf 90' lang='lat'><strong>28.</strong></span> <span class='ocrx_word' id='word_1_388' title='bbox 667 5355 935 5424; x_wconf 87' lang='lat' dir='ltr'><strong>Quoniam</strong></span> <span class='ocrx_word' id='word_1_389' title='bbox 998 5373 1194 5414; x_wconf 81' lang='lat' dir='ltr'><strong>nomen</strong></span> <span class='ocrx_word' id='word_1_390' title='bbox 1260 5359 1379 5430; x_wconf 81' lang='lat' dir='ltr'><strong>ejus</strong></span> <span class='ocrx_word' id='word_1_391' title='bbox 1443 5356 1877 5413; x_wconf 87' lang='lat' dir='ltr'><strong>demonstratum</strong></span> <span class='ocrx_word' id='word_1_392' title='bbox 1943 5366 2025 5413; x_wconf 89' lang='lat' dir='ltr'><strong>est</strong></span> 
     </span>
    </p>
   </div>
   <div class='ocr_carea' id='block_1_65' title="bbox 474 5446 1063 5505">
    <p class='ocr_par' dir='ltr' id='par_1_65' title="bbox 474 5446 1063 5505">
     <span class='ocr_line' id='line_1_65' title="bbox 474 5446 1063 5505; baseline 0.01 -8"><span class='ocrx_word' id='word_1_393' title='bbox 474 5446 716 5502; x_wconf 89' lang='lat' dir='ltr'><strong>omnium</strong></span> <span class='ocrx_word' id='word_1_394' title='bbox 754 5448 1063 5505; x_wconf 87' lang='lat' dir='ltr'><strong>dominans.</strong></span> 
     </span>
    </p>
   </div>
   <div class='ocr_carea' id='block_1_66' title="bbox 2125 1982 3684 2068">
    <p class='ocr_par' dir='ltr' id='par_1_66' title="bbox 2125 1982 3684 2068">
     <span class='ocr_line' id='line_1_66' title="bbox 2125 1982 3684 2068; baseline -0.01 -18"><span class='ocrx_word' id='word_1_395' title='bbox 2125 1997 2325 2060; x_wconf 83' lang='grc' dir='ltr'>στολοι,</span> <span class='ocrx_word' id='word_1_396' title='bbox 2349 1995 2446 2057; x_wconf 83' lang='grc' dir='ltr'><strong>τὰς</strong></span> <span class='ocrx_word' id='word_1_397' title='bbox 2473 1992 2717 2056; x_wconf 72' lang='grc' dir='ltr'>ἐναντίας</span> <span class='ocrx_word' id='word_1_398' title='bbox 2736 1992 2989 2068; x_wconf 77' lang='grc' dir='ltr'>δυνάμεις</span> <span class='ocrx_word' id='word_1_399' title='bbox 3020 1986 3448 2057; x_wconf 80' lang='grc' dir='ltr'>καταφλέγοντες</span> <span class='ocrx_word' id='word_1_400' title='bbox 3465 2000 3478 2013; x_wconf 89' lang='grc'><strong>·</strong></span> <span class='ocrx_word' id='word_1_401' title='bbox 3508 1982 3684 2036; x_wconf 65' lang='grc' dir='ltr'>ἐπειδει·</span> 
     </span>
    </p>
   </div>
   <div class='ocr_carea' id='block_1_67' title="bbox 2122 2077 3685 2158">
    <p class='ocr_par' dir='ltr' id='par_1_67' title="bbox 2122 2077 3685 2158">
     <span class='ocr_line' id='line_1_67' title="bbox 2122 2077 3685 2158; baseline -0.008 -14"><span class='ocrx_word' id='word_1_402' title='bbox 2122 2089 2216 2144; x_wconf 74' lang='grc' dir='ltr'>καὶ</span> <span class='ocrx_word' id='word_1_403' title='bbox 2253 2091 2318 2143; x_wconf 83' lang='grc' dir='ltr'>ὲκ</span> <span class='ocrx_word' id='word_1_404' title='bbox 2346 2086 2437 2141; x_wconf 86' lang='grc' dir='ltr'><strong>τοῦ</strong></span> <span class='ocrx_word' id='word_1_405' title='bbox 2474 2086 2642 2158; x_wconf 80' lang='grc' dir='ltr'>πυρὸς</span> <span class='ocrx_word' id='word_1_406' title='bbox 2663 2083 2833 2139; x_wconf 89' lang='grc' dir='ltr'>ταῦτα</span> <span class='ocrx_word' id='word_1_407' title='bbox 2856 2084 3031 2138; x_wconf 83' lang='grc' dir='ltr'>πάντα</span> <span class='ocrx_word' id='word_1_408' title='bbox 3056 2081 3542 2141; x_wconf 82' lang='grc' dir='ltr'>καταναλίσκοντος</span> <span class='ocrx_word' id='word_1_409' title='bbox 3569 2077 3685 2131; x_wconf 78' lang='grc' dir='ltr'>ἐ.τά-</span> 
     </span>
    </p>
   </div>
   <div class='ocr_carea' id='block_1_68' title="bbox 2123 2168 3685 2251">
    <p class='ocr_par' dir='ltr' id='par_1_68' title="bbox 2123 2168 3685 2251">
     <span class='ocr_line' id='line_1_68' title="bbox 2123 2168 3685 2251; baseline -0.008 -18"><span class='ocrx_word' id='word_1_410' title='bbox 2123 2179 2350 2251; x_wconf 83' lang='grc' dir='ltr'>χθησαν,</span> <span class='ocrx_word' id='word_1_411' title='bbox 2402 2177 2498 2232; x_wconf 72' lang='grc' dir='ltr'><strong>καὶ</strong></span> <span class='ocrx_word' id='word_1_412' title='bbox 2541 2175 2994 2249; x_wconf 82' lang='grc' dir='ltr'>ὲνεπληρὼθησαν</span> <span class='ocrx_word' id='word_1_413' title='bbox 3017 2215 3031 2237; x_wconf 85' lang='grc'><strong>,</strong></span> <span class='ocrx_word' id='word_1_414' title='bbox 3082 2173 3327 2228; x_wconf 78' lang='grc' dir='ltr'><strong>τουτέστι</strong></span> <span class='ocrx_word' id='word_1_415' title='bbox 3375 2168 3685 2239; x_wconf 81' lang='grc' dir='ltr'>Πνεύματος</span> 
     </span>
    </p>
   </div>
   <div class='ocr_carea' id='block_1_69' title="bbox 2122 2260 3683 2341">
    <p class='ocr_par' dir='ltr' id='par_1_69' title="bbox 2122 2260 3683 2341">
     <span class='ocr_line' id='line_1_69' title="bbox 2122 2260 3683 2341; baseline -0.008 -17"><span class='ocrx_word' id='word_1_416' title='bbox 2122 2271 2297 2339; x_wconf 81' lang='grc' dir='ltr'>ἁγίου.</span> <span class='ocrx_word' id='word_1_417' title='bbox 2349 2269 2578 2341; x_wconf 85' lang='grc' dir='ltr'>Ὁμοίως</span> <span class='ocrx_word' id='word_1_418' title='bbox 2630 2269 2724 2323; x_wconf 72' lang='grc' dir='ltr'>καὶ</span> <span class='ocrx_word' id='word_1_419' title='bbox 2771 2267 2979 2339; x_wconf 84' lang='grc' dir='ltr'>χάλαζα</span> <span class='ocrx_word' id='word_1_420' title='bbox 3030 2267 3384 2337; x_wconf 81' lang='grc' dir='ltr'>τυγχάνουσιν</span> <span class='ocrx_word' id='word_1_421' title='bbox 3441 2264 3493 2315; x_wconf 80' lang='grc' dir='ltr'>οἱ</span> <span class='ocrx_word' id='word_1_422' title='bbox 3538 2260 3683 2314; x_wconf 63' lang='grc' dir='ltr'>αὐτοὶ</span> 
     </span>
    </p>
   </div>
   <div class='ocr_carea' id='block_1_70' title="bbox 2123 2352 3683 2430">
    <p class='ocr_par' dir='ltr' id='par_1_70' title="bbox 2123 2352 3683 2430">
     <span class='ocr_line' id='line_1_70' title="bbox 2123 2352 3683 2430; baseline -0.008 -16"><span class='ocrx_word' id='word_1_423' title='bbox 2123 2360 2405 2415; x_wconf 79' lang='grc' dir='ltr'>ἀπόστολοι</span> <span class='ocrx_word' id='word_1_424' title='bbox 2429 2377 2442 2390; x_wconf 91' lang='grc'><strong>·</strong></span> <span class='ocrx_word' id='word_1_425' title='bbox 2477 2359 2837 2430; x_wconf 76' lang='grc' dir='ltr'>ἐμπίπτοντες</span> <span class='ocrx_word' id='word_1_426' title='bbox 2854 2357 2961 2429; x_wconf 83' lang='grc' dir='ltr'><strong>γὰρ</strong></span> <span class='ocrx_word' id='word_1_427' title='bbox 2980 2358 3059 2420; x_wconf 91' lang='grc' dir='ltr'><strong>εἱς</strong></span> <span class='ocrx_word' id='word_1_428' title='bbox 3077 2357 3202 2419; x_wconf 79' lang='grc' dir='ltr'>τοὺς</span> <span class='ocrx_word' id='word_1_429' title='bbox 3228 2355 3392 2422; x_wconf 78' lang='grc' dir='ltr'>όφεας</span> <span class='ocrx_word' id='word_1_430' title='bbox 3415 2352 3509 2405; x_wconf 74' lang='grc' dir='ltr'>καὶ</span> <span class='ocrx_word' id='word_1_431' title='bbox 3532 2364 3683 2419; x_wconf 84' lang='grc' dir='ltr'>σκορ-</span> 
     </span>
    </p>
   </div>
   <div class='ocr_carea' id='block_1_71' title="bbox 2124 2438 3682 2520">
    <p class='ocr_par' dir='ltr' id='par_1_71' title="bbox 2124 2438 3682 2520">
     <span class='ocr_line' id='line_1_71' title="bbox 2124 2438 3682 2520; baseline -0.007 -16"><span class='ocrx_word' id='word_1_432' title='bbox 2124 2453 2298 2514; x_wconf 89' lang='grc' dir='ltr'>πίους,</span> <span class='ocrx_word' id='word_1_433' title='bbox 2330 2451 2422 2503; x_wconf 75' lang='grc' dir='ltr'>καὶ</span> <span class='ocrx_word' id='word_1_434' title='bbox 2464 2451 2642 2503; x_wconf 76' lang='grc' dir='ltr'>πᾶσαν</span> <span class='ocrx_word' id='word_1_435' title='bbox 2682 2449 2781 2520; x_wconf 83' lang='grc' dir='ltr'>τὴν</span> <span class='ocrx_word' id='word_1_436' title='bbox 2819 2449 3042 2518; x_wconf 86' lang='grc' dir='ltr'>δύναμιν</span> <span class='ocrx_word' id='word_1_437' title='bbox 3072 2445 3162 2501; x_wconf 88' lang='grc' dir='ltr'><strong>τοῦ</strong></span> <span class='ocrx_word' id='word_1_438' title='bbox 3194 2442 3412 2515; x_wconf 77' lang='grc' dir='ltr'>ἐχθροῦ,</span> <span class='ocrx_word' id='word_1_439' title='bbox 3446 2438 3682 2494; x_wconf 77' lang='grc' dir='ltr'>κατεπά-</span> 
     </span>
    </p>
   </div>
   <div class='ocr_carea' id='block_1_72' title="bbox 2125 2533 3684 2612">
    <p class='ocr_par' dir='ltr' id='par_1_72' title="bbox 2125 2533 3684 2612">
     <span class='ocr_line' id='line_1_72' title="bbox 2125 2533 3684 2612; baseline -0.008 -15"><span class='ocrx_word' id='word_1_440' title='bbox 2125 2560 2249 2597; x_wconf 92' lang='grc' dir='ltr'>τουν</span> <span class='ocrx_word' id='word_1_441' title='bbox 2286 2543 2502 2606; x_wconf 79' lang='grc' dir='ltr'>αὐτοὺς,</span> <span class='ocrx_word' id='word_1_442' title='bbox 2531 2543 2626 2597; x_wconf 80' lang='grc' dir='ltr'>καὶ</span> <span class='ocrx_word' id='word_1_443' title='bbox 2650 2542 2749 2612; x_wconf 84' lang='grc' dir='ltr'><strong>τὴν</strong></span> <span class='ocrx_word' id='word_1_444' title='bbox 2781 2541 2960 2596; x_wconf 82' lang='grc' dir='ltr'>αὐτῶν</span> <span class='ocrx_word' id='word_1_445' title='bbox 2986 2540 3214 2609; x_wconf 88' lang='grc' dir='ltr'>δύναμιν</span> <span class='ocrx_word' id='word_1_446' title='bbox 3238 2552 3252 2567; x_wconf 78' lang='grc'><em>’</em></span> <span class='ocrx_word' id='word_1_447' title='bbox 3282 2537 3416 2608; x_wconf 86' lang='grc' dir='ltr'>χιὼν</span> <span class='ocrx_word' id='word_1_448' title='bbox 3448 2534 3506 2588; x_wconf 81' lang='grc' dir='ltr'>δὲ</span> <span class='ocrx_word' id='word_1_449' title='bbox 3529 2533 3684 2587; x_wconf 71' lang='grc' dir='ltr'>πάλιν</span> 
     </span>
    </p>
   </div>
   <div class='ocr_carea' id='block_1_73' title="bbox 2126 2626 3683 2708">
    <p class='ocr_par' dir='ltr' id='par_1_73' title="bbox 2126 2626 3683 2708">
     <span class='ocr_line' id='line_1_73' title="bbox 2126 2626 3683 2708; baseline -0.005 -19"><span class='ocrx_word' id='word_1_450' title='bbox 2126 2636 2430 2708; x_wconf 85' lang='grc' dir='ltr'>ὑπάρχουσι</span> <span class='ocrx_word' id='word_1_451' title='bbox 2494 2634 2583 2688; x_wconf 84' lang='grc' dir='ltr'><strong>διὰ</strong></span> <span class='ocrx_word' id='word_1_452' title='bbox 2646 2634 2708 2688; x_wconf 78' lang='grc' dir='ltr'><strong>τὺ</strong></span> <span class='ocrx_word' id='word_1_453' title='bbox 2754 2634 2990 2704; x_wconf 82' lang='grc' dir='ltr'>καθαρὸν</span> <span class='ocrx_word' id='word_1_454' title='bbox 3057 2630 3232 2686; x_wconf 83' lang='grc' dir='ltr'>αὐτῶν</span> <span class='ocrx_word' id='word_1_455' title='bbox 3281 2630 3380 2700; x_wconf 74' lang='grc' dir='ltr'>τῆς</span> <span class='ocrx_word' id='word_1_456' title='bbox 3425 2626 3683 2698; x_wconf 78' lang='grc' dir='ltr'>καρδίας,</span> 
     </span>
    </p>
   </div>
   <div class='ocr_carea' id='block_1_74' title="bbox 2126 2719 3682 2797">
    <p class='ocr_par' dir='ltr' id='par_1_74' title="bbox 2126 2719 3682 2797">
     <span class='ocr_line' id='line_1_74' title="bbox 2126 2719 3682 2797; baseline -0.006 -18"><span class='ocrx_word' id='word_1_457' title='bbox 2126 2727 2218 2779; x_wconf 76' lang='grc' dir='ltr'>καὶ</span> <span class='ocrx_word' id='word_1_458' title='bbox 2265 2724 2593 2797; x_wconf 86' lang='grc' dir='ltr'>κρύσταλλός</span> <span class='ocrx_word' id='word_1_459' title='bbox 2635 2728 2740 2778; x_wconf 88' lang='grc' dir='ltr'>είσι</span> <span class='ocrx_word' id='word_1_460' title='bbox 2792 2725 2881 2778; x_wconf 80' lang='grc' dir='ltr'><strong>διὰ</strong></span> <span class='ocrx_word' id='word_1_461' title='bbox 2936 2724 2997 2777; x_wconf 83' lang='grc' dir='ltr'>τὸ</span> <span class='ocrx_word' id='word_1_462' title='bbox 3035 2724 3298 2794; x_wconf 82' lang='grc' dir='ltr'>τηλαυγὲς</span> <span class='ocrx_word' id='word_1_463' title='bbox 3351 2720 3564 2783; x_wconf 78' lang='grc' dir='ltr'>αὐτῶν,</span> <span class='ocrx_word' id='word_1_464' title='bbox 3598 2719 3682 2771; x_wconf 71' lang='grc' dir='ltr'>καὶ</span> 
     </span>
    </p>
   </div>
   <div class='ocr_carea' id='block_1_75' title="bbox 2130 2810 3681 2889">
    <p class='ocr_par' dir='ltr' id='par_1_75' title="bbox 2130 2810 3681 2889">
     <span class='ocr_line' id='line_1_75' title="bbox 2130 2810 3681 2889; baseline -0.006 -18"><span class='ocrx_word' id='word_1_465' title='bbox 2130 2818 2346 2889; x_wconf 78' lang='grc' dir='ltr'>ἰσχυρὸν</span> <span class='ocrx_word' id='word_1_466' title='bbox 2368 2818 2468 2888; x_wconf 77' lang='grc' dir='ltr'>τῆς</span> <span class='ocrx_word' id='word_1_467' title='bbox 2498 2818 2768 2880; x_wconf 71' lang='grc' dir='ltr'>πίστεως*</span> <span class='ocrx_word' id='word_1_468' title='bbox 2816 2816 3004 2870; x_wconf 83' lang='grc' dir='ltr'>οὐκοῦν</span> <span class='ocrx_word' id='word_1_469' title='bbox 3060 2814 3192 2887; x_wconf 88' lang='grc' dir='ltr'>πῦρ.</span> <span class='ocrx_word' id='word_1_470' title='bbox 3247 2813 3474 2885; x_wconf 80' lang='grc' dir='ltr'>χάλαζα,</span> <span class='ocrx_word' id='word_1_471' title='bbox 3533 2810 3681 2881; x_wconf 85' lang='grc' dir='ltr'>χιὼν,</span> 
     </span>
    </p>
   </div>
   <div class='ocr_carea' id='block_1_76' title="bbox 2127 2900 3682 2981">
    <p class='ocr_par' dir='ltr' id='par_1_76' title="bbox 2127 2900 3682 2981">
     <span class='ocr_line' id='line_1_76' title="bbox 2127 2900 3682 2981; baseline -0.007 -18"><span class='ocrx_word' id='word_1_472' title='bbox 2127 2909 2454 2981; x_wconf 84' lang='grc' dir='ltr'>κρύσταλλος</span> <span class='ocrx_word' id='word_1_473' title='bbox 2524 2911 2856 2981; x_wconf 81' lang='grc' dir='ltr'>ὑπάρχουσιν</span> <span class='ocrx_word' id='word_1_474' title='bbox 2930 2906 3160 2960; x_wconf 81' lang='grc' dir='ltr'>ἐνταῦθα</span> <span class='ocrx_word' id='word_1_475' title='bbox 3238 2905 3289 2956; x_wconf 81' lang='grc' dir='ltr'>οἱ</span> <span class='ocrx_word' id='word_1_476' title='bbox 3379 2900 3682 2966; x_wconf 79' lang='grc' dir='ltr'>ἀπόστολοι,</span> 
     </span>
    </p>
   </div>
   <div class='ocr_carea' id='block_1_77' title="bbox 2126 2993 3683 3069">
    <p class='ocr_par' dir='ltr' id='par_1_77' title="bbox 2126 2993 3683 3069">
     <span class='ocr_line' id='line_1_77' title="bbox 2126 2993 3683 3069; baseline -0.007 -14"><span class='ocrx_word' id='word_1_477' title='bbox 2126 3000 2307 3064; x_wconf 87' lang='grc' dir='ltr'>καθὼς</span> <span class='ocrx_word' id='word_1_478' title='bbox 2329 3002 2725 3056; x_wconf 82' lang='grc' dir='ltr'>ἀποδέδεικται.</span> <span class='ocrx_word' id='word_1_479' title='bbox 2770 2998 2993 3069; x_wconf 79' lang='grc' dir='ltr'>Πνεῦμα</span> <span class='ocrx_word' id='word_1_480' title='bbox 3016 2998 3071 3051; x_wconf 78' lang='grc' dir='ltr'>δὲ</span> <span class='ocrx_word' id='word_1_481' title='bbox 3098 2994 3403 3064; x_wconf 81' lang='grc' dir='ltr'>καταιγίδος</span> <span class='ocrx_word' id='word_1_482' title='bbox 3437 2993 3683 3065; x_wconf 80' lang='grc' dir='ltr'>εὑρήσεις</span> 
     </span>
    </p>
   </div>
   <div class='ocr_carea' id='block_1_78' title="bbox 2126 3083 3683 3161">
    <p class='ocr_par' dir='ltr' id='par_1_78' title="bbox 2126 3083 3683 3161">
     <span class='ocr_line' id='line_1_78' title="bbox 2126 3083 3683 3161; baseline -0.006 -17"><span class='ocrx_word' id='word_1_483' title='bbox 2126 3093 2299 3146; x_wconf 76' lang='grc' dir='ltr'>ἐκεῖνο</span> <span class='ocrx_word' id='word_1_484' title='bbox 2325 3093 2387 3146; x_wconf 87' lang='grc' dir='ltr'>τὸ</span> <span class='ocrx_word' id='word_1_485' title='bbox 2416 3091 2730 3146; x_wconf 84' lang='grc' dir='ltr'>ὑπακοῦσαν</span> <span class='ocrx_word' id='word_1_486' title='bbox 2764 3089 2911 3161; x_wconf 82' lang='grc' dir='ltr'>αὐτῷ</span> <span class='ocrx_word' id='word_1_487' title='bbox 2936 3091 2992 3143; x_wconf 79' lang='grc' dir='ltr'>ἐν</span> <span class='ocrx_word' id='word_1_488' title='bbox 3017 3088 3093 3158; x_wconf 88' lang='grc' dir='ltr'>τῷ</span> <span class='ocrx_word' id='word_1_489' title='bbox 3116 3088 3345 3141; x_wconf 83' lang='grc' dir='ltr'>κλύδωνι</span> <span class='ocrx_word' id='word_1_490' title='bbox 3367 3085 3465 3156; x_wconf 85' lang='grc' dir='ltr'><strong>τῆς</strong></span> <span class='ocrx_word' id='word_1_491' title='bbox 3489 3083 3683 3138; x_wconf 81' lang='grc' dir='ltr'>θαλάσ-</span> 
     </span>
    </p>
   </div>
   <div class='ocr_carea' id='block_1_79' title="bbox 2129 3173 3681 3256">
    <p class='ocr_par' dir='ltr' id='par_1_79' title="bbox 2129 3173 3681 3256">
     <span class='ocr_line' id='line_1_79' title="bbox 2129 3173 3681 3256; baseline -0.007 -18"><span class='ocrx_word' id='word_1_492' title='bbox 2129 3201 2248 3256; x_wconf 84' lang='grc' dir='ltr'>σης,</span> <span class='ocrx_word' id='word_1_493' title='bbox 2275 3183 2362 3237; x_wconf 84' lang='grc' dir='ltr'>ὅτε</span> <span class='ocrx_word' id='word_1_494' title='bbox 2391 3183 2574 3253; x_wconf 78' lang='grc' dir='ltr'>ἔλεγον</span> <span class='ocrx_word' id='word_1_495' title='bbox 2603 3184 2653 3237; x_wconf 87' lang='grc' dir='ltr'><strong>οί</strong></span> <span class='ocrx_word' id='word_1_496' title='bbox 2680 3181 3000 3236; x_wconf 84' lang='grc' dir='ltr'>ἀπόστολοι·</span> <span class='ocrx_word' id='word_1_497' title='bbox 3039 3181 3134 3246; x_wconf 82' lang='grc' dir='ltr'>Τίς</span> <span class='ocrx_word' id='word_1_498' title='bbox 3158 3181 3326 3232; x_wconf 79' lang='grc' dir='ltr'>ἐστιν</span> <span class='ocrx_word' id='word_1_499' title='bbox 3352 3173 3562 3242; x_wconf 81' lang='grc' dir='ltr'>οὗτος,</span> <span class='ocrx_word' id='word_1_500' title='bbox 3598 3174 3681 3228; x_wconf 72' lang='grc' dir='ltr'>ὅτι</span> 
     </span>
    </p>
   </div>
   <div class='ocr_carea' id='block_1_80' title="bbox 2125 3263 3681 3343">
    <p class='ocr_par' dir='ltr' id='par_1_80' title="bbox 2125 3263 3681 3343">
     <span class='ocr_line' id='line_1_80' title="bbox 2125 3263 3681 3343; baseline -0.007 -15"><span class='ocrx_word' id='word_1_501' title='bbox 2125 3274 2225 3328; x_wconf 78' lang='grc' dir='ltr'>καὶ</span> <span class='ocrx_word' id='word_1_502' title='bbox 2257 3274 2481 3343; x_wconf 79' lang='grc' dir='ltr'>ἄνεμοι,</span> <span class='ocrx_word' id='word_1_503' title='bbox 2515 3273 2614 3326; x_wconf 81' lang='grc' dir='ltr'>καὶ</span> <span class='ocrx_word' id='word_1_504' title='bbox 2635 3274 2673 3341; x_wconf 77' lang='grc' dir='ltr'><em>ἠ</em></span> <span class='ocrx_word' id='word_1_505' title='bbox 2723 3271 3005 3327; x_wconf 75' lang='grc' dir='ltr'>θάλασσα</span> <span class='ocrx_word' id='word_1_506' title='bbox 3033 3269 3448 3323; x_wconf 77' lang='grc' dir='ltr'>ὑπακούουσιν</span> <span class='ocrx_word' id='word_1_507' title='bbox 3492 3263 3681 3329; x_wconf 58' lang='lat' dir='ltr'><strong>aurci);</strong></span> 
     </span>
    </p>
   </div>
   <div class='ocr_carea' id='block_1_81' title="bbox 2127 3353 3677 3436">
    <p class='ocr_par' dir='ltr' id='par_1_81' title="bbox 2127 3353 3677 3436">
     <span class='ocr_line' id='line_1_81' title="bbox 2127 3353 3677 3436; baseline -0.008 -18"><span class='ocrx_word' id='word_1_508' title='bbox 2127 3365 2255 3436; x_wconf 69' lang='grc' dir='ltr'>περὶ</span> <span class='ocrx_word' id='word_1_509' title='bbox 2285 3356 2347 3417; x_wconf 81' lang='grc' dir='ltr'><strong>οῦ</strong></span> <span class='ocrx_word' id='word_1_510' title='bbox 2390 3364 2483 3417; x_wconf 72' lang='grc' dir='ltr'><strong>καὶ</strong></span> <span class='ocrx_word' id='word_1_511' title='bbox 2518 3364 2546 3416; x_wconf 85' lang='grc' dir='ltr'><strong>ὁ</strong></span> <span class='ocrx_word' id='word_1_512' title='bbox 2575 3362 2860 3435; x_wconf 80' lang='grc' dir='ltr'>προφήτης</span> <span class='ocrx_word' id='word_1_513' title='bbox 2902 3361 3087 3429; x_wconf 71' lang='grc' dir='ltr'>ἔλεγεν</span> <span class='ocrx_word' id='word_1_514' title='bbox 3121 3361 3179 3412; x_wconf 83' lang='grc' dir='ltr'>ὲν</span> <span class='ocrx_word' id='word_1_515' title='bbox 3208 3357 3375 3428; x_wconf 80' lang='grc' dir='ltr'>βίϐλῳ</span> <span class='ocrx_word' id='word_1_516' title='bbox 3400 3353 3643 3426; x_wconf 79' lang='grc' dir='ltr'>Ψαλμῶν</span> <span class='ocrx_word' id='word_1_517' title='bbox 3663 3370 3677 3383; x_wconf 93' lang='grc'><strong>·</strong></span> 
     </span>
    </p>
   </div>
   <div class='ocr_carea' id='block_1_82' title="bbox 2127 3446 3679 3522">
    <p class='ocr_par' dir='ltr' id='par_1_82' title="bbox 2127 3446 3679 3522">
     <span class='ocr_line' id='line_1_82' title="bbox 2127 3446 3679 3522; baseline -0.009 -11"><span class='ocrx_word' id='word_1_518' title='bbox 2127 3457 2235 3512; x_wconf 74' lang='grc' dir='ltr'><strong>Καὶ</strong></span> <span class='ocrx_word' id='word_1_519' title='bbox 2267 3455 2517 3520; x_wconf 79' lang='grc' dir='ltr'>ἐπέταξε</span> <span class='ocrx_word' id='word_1_520' title='bbox 2549 3453 2624 3522; x_wconf 76' lang='grc' dir='ltr'>τῇ</span> <span class='ocrx_word' id='word_1_521' title='bbox 2650 3453 2938 3521; x_wconf 70' lang='lat' dir='ltr'><strong>acaum-(6t</strong></span> <span class='ocrx_word' id='word_1_522' title='bbox 2963 3491 2979 3515; x_wconf 90' lang='lat'><strong>,</strong></span> <span class='ocrx_word' id='word_1_523' title='bbox 3011 3451 3109 3505; x_wconf 75' lang='grc' dir='ltr'>καὶ</span> <span class='ocrx_word' id='word_1_524' title='bbox 3139 3450 3287 3516; x_wconf 76' lang='grc' dir='ltr'>ἔστη</span> <span class='ocrx_word' id='word_1_525' title='bbox 3337 3448 3425 3513; x_wconf 82' lang='grc' dir='ltr'><strong>είς</strong></span> <span class='ocrx_word' id='word_1_526' title='bbox 3474 3446 3679 3513; x_wconf 67' lang='grc' dir='ltr'>αὔραν,</span> 
     </span>
    </p>
   </div>
   <div class='ocr_carea' id='block_1_83' title="bbox 2128 3531 3680 3616">
    <p class='ocr_par' dir='ltr' id='par_1_83' title="bbox 2128 3531 3680 3616">
     <span class='ocr_line' id='line_1_83' title="bbox 2128 3531 3680 3616; baseline -0.009 -15"><span class='ocrx_word' id='word_1_527' title='bbox 2128 3547 2223 3601; x_wconf 79' lang='grc' dir='ltr'>καὶ</span> <span class='ocrx_word' id='word_1_528' title='bbox 2256 3548 2552 3616; x_wconf 75' lang='grc' dir='ltr'>ἐσίγησαν</span> <span class='ocrx_word' id='word_1_529' title='bbox 2582 3545 2655 3598; x_wconf 83' lang='grc' dir='ltr'>τὰ</span> <span class='ocrx_word' id='word_1_530' title='bbox 2680 3546 2911 3613; x_wconf 82' lang='grc' dir='ltr'>κύματα</span> <span class='ocrx_word' id='word_1_531' title='bbox 2942 3541 3150 3609; x_wconf 82' lang='grc' dir='ltr'>αὐτῆς.</span> <span class='ocrx_word' id='word_1_532' title='bbox 3181 3542 3244 3593; x_wconf 82' lang='lat' dir='ltr'><strong>Ol</strong></span> <span class='ocrx_word' id='word_1_533' title='bbox 3287 3537 3572 3592; x_wconf 85' lang='grc' dir='ltr'>ἀπόστολοι</span> <span class='ocrx_word' id='word_1_534' title='bbox 3592 3531 3680 3588; x_wconf 76' lang='grc' dir='ltr'>οὖν</span> 
     </span>
    </p>
   </div>
   <div class='ocr_carea' id='block_1_84' title="bbox 2126 3626 3675 3708">
    <p class='ocr_par' dir='ltr' id='par_1_84' title="bbox 2126 3626 3675 3708">
     <span class='ocr_line' id='line_1_84' title="bbox 2126 3626 3675 3708; baseline -0.008 -17"><span class='ocrx_word' id='word_1_535' title='bbox 2126 3634 2283 3708; x_wconf 65' lang='grc' dir='ltr'>ὁμοῦ,</span> <span class='ocrx_word' id='word_1_536' title='bbox 2305 3636 2399 3690; x_wconf 73' lang='grc' dir='ltr'>καὶ</span> <span class='ocrx_word' id='word_1_537' title='bbox 2427 3638 2456 3689; x_wconf 87' lang='grc' dir='ltr'><strong>ὁ</strong></span> <span class='ocrx_word' id='word_1_538' title='bbox 2478 3635 2673 3706; x_wconf 80' lang='grc' dir='ltr'>ἄνεμος</span> <span class='ocrx_word' id='word_1_539' title='bbox 2697 3631 2766 3705; x_wconf 83' lang='grc' dir='ltr'>ἦν</span> <span class='ocrx_word' id='word_1_540' title='bbox 2789 3632 3086 3687; x_wconf 85' lang='grc' dir='ltr'>ὲπαναυτὺν</span> <span class='ocrx_word' id='word_1_541' title='bbox 3115 3630 3244 3700; x_wconf 73' lang='grc' dir='ltr'><strong>[ἐπὶ</strong></span> <span class='ocrx_word' id='word_1_542' title='bbox 3262 3628 3322 3682; x_wconf 81' lang='grc' dir='ltr'>τὸ</span> <span class='ocrx_word' id='word_1_543' title='bbox 3341 3626 3507 3699; x_wconf 73' lang='grc' dir='ltr'>αὐτὸ]</span> <span class='ocrx_word' id='word_1_544' title='bbox 3529 3626 3645 3679; x_wconf 82' lang='grc' dir='ltr'>τότε</span> <span class='ocrx_word' id='word_1_545' title='bbox 3661 3641 3675 3655; x_wconf 88' lang='grc'><strong>·</strong></span> 
     </span>
    </p>
   </div>
   <div class='ocr_carea' id='block_1_85' title="bbox 2126 3718 3678 3800">
    <p class='ocr_par' dir='ltr' id='par_1_85' title="bbox 2126 3718 3678 3800">
     <span class='ocr_line' id='line_1_85' title="bbox 2126 3718 3678 3800; baseline -0.008 -17"><span class='ocrx_word' id='word_1_546' title='bbox 2126 3732 2174 3783; x_wconf 80' lang='grc' dir='ltr'>οἱ</span> <span class='ocrx_word' id='word_1_547' title='bbox 2212 3729 2308 3800; x_wconf 87' lang='grc' dir='ltr'>μὲν</span> <span class='ocrx_word' id='word_1_548' title='bbox 2341 3726 2626 3782; x_wconf 84' lang='grc' dir='ltr'>ἀπόστολοι</span> <span class='ocrx_word' id='word_1_549' title='bbox 2657 3725 2959 3798; x_wconf 83' lang='grc' dir='ltr'>ἑωρακότες</span> <span class='ocrx_word' id='word_1_550' title='bbox 2993 3722 3055 3776; x_wconf 83' lang='grc' dir='ltr'>τὸ</span> <span class='ocrx_word' id='word_1_551' title='bbox 3088 3721 3292 3792; x_wconf 85' lang='grc' dir='ltr'>θαῦμα,</span> <span class='ocrx_word' id='word_1_552' title='bbox 3335 3720 3364 3771; x_wconf 87' lang='grc' dir='ltr'><strong>ὁ</strong></span> <span class='ocrx_word' id='word_1_553' title='bbox 3392 3719 3448 3772; x_wconf 84' lang='grc' dir='ltr'>δὲ</span> <span class='ocrx_word' id='word_1_554' title='bbox 3489 3718 3678 3787; x_wconf 75' lang='grc' dir='ltr'>ἄνεμος</span> 
     </span>
    </p>
   </div>
   <div class='ocr_carea' id='block_1_86' title="bbox 2126 3807 3677 3890">
    <p class='ocr_par' dir='ltr' id='par_1_86' title="bbox 2126 3807 3677 3890">
     <span class='ocr_line' id='line_1_86' title="bbox 2126 3807 3677 3890; baseline -0.009 -17"><span class='ocrx_word' id='word_1_555' title='bbox 2126 3817 2476 3890; x_wconf 79' lang='grc' dir='ltr'>καταπτήξας</span> <span class='ocrx_word' id='word_1_556' title='bbox 2527 3816 2606 3888; x_wconf 84' lang='grc' dir='ltr'>τῷ</span> <span class='ocrx_word' id='word_1_557' title='bbox 2641 3816 2783 3887; x_wconf 87' lang='grc' dir='ltr'>λόγῳ</span> <span class='ocrx_word' id='word_1_558' title='bbox 2814 3813 2907 3869; x_wconf 87' lang='grc' dir='ltr'><strong>τοῦ</strong></span> <span class='ocrx_word' id='word_1_559' title='bbox 2951 3812 3394 3885; x_wconf 82' lang='grc' dir='ltr'>προστάγματος·</span> <span class='ocrx_word' id='word_1_560' title='bbox 3440 3808 3529 3863; x_wconf 74' lang='grc' dir='ltr'><strong>διὰ</strong></span> <span class='ocrx_word' id='word_1_561' title='bbox 3585 3807 3677 3879; x_wconf 75' lang='grc' dir='ltr'><strong>γὰρ</strong></span> 
     </span>
    </p>
   </div>
   <div class='ocr_carea' id='block_1_87' title="bbox 2124 3898 3675 3978">
    <p class='ocr_par' dir='ltr' id='par_1_87' title="bbox 2124 3898 3675 3978">
     <span class='ocr_line' id='line_1_87' title="bbox 2124 3898 3675 3978; baseline -0.008 -17"><span class='ocrx_word' id='word_1_562' title='bbox 2124 3908 2281 3963; x_wconf 81' lang='grc' dir='ltr'>τοῦτο</span> <span class='ocrx_word' id='word_1_563' title='bbox 2313 3907 2504 3977; x_wconf 77' lang='grc' dir='ltr'>ἐπάγει</span> <span class='ocrx_word' id='word_1_564' title='bbox 2535 3906 2664 3978; x_wconf 78' lang='grc' dir='ltr'>περὶ</span> <span class='ocrx_word' id='word_1_565' title='bbox 2705 3904 2814 3959; x_wconf 82' lang='grc' dir='ltr'><strong>τῶν</strong></span> <span class='ocrx_word' id='word_1_566' title='bbox 2861 3903 3168 3958; x_wconf 83' lang='grc' dir='ltr'>ἀποστόλων</span> <span class='ocrx_word' id='word_1_567' title='bbox 3199 3901 3293 3954; x_wconf 73' lang='grc' dir='ltr'><strong>καὶ</strong></span> <span class='ocrx_word' id='word_1_568' title='bbox 3323 3898 3415 3952; x_wconf 86' lang='grc' dir='ltr'><strong>τοῦ</strong></span> <span class='ocrx_word' id='word_1_569' title='bbox 3446 3899 3675 3968; x_wconf 67' lang='grc' dir='ltr'>πνεύμαη</span> 
     </span>
    </p>
   </div>
   <div class='ocr_carea' id='block_1_88' title="bbox 2126 3989 3674 4070">
    <p class='ocr_par' dir='ltr' id='par_1_88' title="bbox 2126 3989 3674 4070">
     <span class='ocr_line' id='line_1_88' title="bbox 2126 3989 3674 4070; baseline -0.007 -17"><span class='ocrx_word' id='word_1_570' title='bbox 2126 4018 2215 4064; x_wconf 91' lang='grc' dir='ltr'><strong>τος</strong></span> <span class='ocrx_word' id='word_1_571' title='bbox 2235 4000 2335 4070; x_wconf 82' lang='grc' dir='ltr'>τῆς</span> <span class='ocrx_word' id='word_1_572' title='bbox 2357 3999 2665 4068; x_wconf 84' lang='grc' dir='ltr'>καταιγίδος</span> <span class='ocrx_word' id='word_1_573' title='bbox 2683 4016 2695 4028; x_wconf 91' lang='grc'>·</span> <span class='ocrx_word' id='word_1_574' title='bbox 2734 3996 2811 4052; x_wconf 84' lang='grc' dir='ltr'><em>Τὰ</em></span> <span class='ocrx_word' id='word_1_575' title='bbox 2836 3996 3121 4050; x_wconf 73' lang='grc' dir='ltr'>ποιοῦντα</span> <span class='ocrx_word' id='word_1_576' title='bbox 3151 3992 3456 4061; x_wconf 75' lang='grc' dir='ltr'><strong>τὸνλόγον</strong></span> <span class='ocrx_word' id='word_1_577' title='bbox 3475 3989 3674 4044; x_wconf 81' lang='grc' dir='ltr'>αὐτοῦ.</span> 
     </span>
    </p>
   </div>
   <div class='ocr_carea' id='block_1_89' title="bbox 2199 4081 3675 4160">
    <p class='ocr_par' dir='ltr' id='par_1_89' title="bbox 2199 4081 3675 4160">
     <span class='ocr_line' id='line_1_89' title="bbox 2199 4081 3675 4160; baseline -0.008 -16"><span class='ocrx_word' id='word_1_578' title='bbox 2199 4090 2284 4154; x_wconf 86' lang='grc'><strong>19,</strong></span> <span class='ocrx_word' id='word_1_579' title='bbox 2319 4088 2408 4145; x_wconf 85' lang='grc'><strong>20.</strong></span> <span class='ocrx_word' id='word_1_580' title='bbox 2440 4088 2506 4144; x_wconf 87' lang='grc' dir='ltr'><strong>Οἱ</strong></span> <span class='ocrx_word' id='word_1_581' title='bbox 2535 4089 2726 4160; x_wconf 75' lang='grc' dir='ltr'>ὑψηλοὶ</span> <span class='ocrx_word' id='word_1_582' title='bbox 2750 4090 2868 4151; x_wconf 85' lang='grc' dir='ltr'>ταῖς</span> <span class='ocrx_word' id='word_1_583' title='bbox 2897 4086 3154 4149; x_wconf 74' lang='grc' dir='ltr'>ἐντολαῖς,</span> <span class='ocrx_word' id='word_1_584' title='bbox 3198 4083 3294 4138; x_wconf 74' lang='grc' dir='ltr'>καὶ</span> <span class='ocrx_word' id='word_1_585' title='bbox 3321 4082 3564 4137; x_wconf 70' lang='grc' dir='ltr'>ταπεινοὶ</span> <span class='ocrx_word' id='word_1_586' title='bbox 3614 4081 3675 4149; x_wconf 80' lang='grc' dir='ltr'>τῇ</span> 
     </span>
    </p>
   </div>
   <div class='ocr_carea' id='block_1_90' title="bbox 2126 4173 3674 4254">
    <p class='ocr_par' dir='ltr' id='par_1_90' title="bbox 2126 4173 3674 4254">
     <span class='ocr_line' id='line_1_90' title="bbox 2126 4173 3674 4254; baseline -0.01 -17"><span class='ocrx_word' id='word_1_587' title='bbox 2126 4183 2342 4254; x_wconf 74' lang='grc' dir='ltr'>καρδίᾳ,</span> <span class='ocrx_word' id='word_1_588' title='bbox 2380 4182 2422 4237; x_wconf 63' lang='grc' dir='ltr'>ιδ</span> <span class='ocrx_word' id='word_1_589' title='bbox 2446 4181 2722 4244; x_wconf 83' lang='grc' dir='ltr'>ποιοῦντες</span> <span class='ocrx_word' id='word_1_590' title='bbox 2742 4179 2949 4250; x_wconf 81' lang='grc' dir='ltr'>καρπὸν</span> <span class='ocrx_word' id='word_1_591' title='bbox 2962 4175 3321 4246; x_wconf 80' lang='grc' dir='ltr'>δικαιοσύνης,</span> <span class='ocrx_word' id='word_1_592' title='bbox 3338 4174 3431 4227; x_wconf 79' lang='grc' dir='ltr'>καὶ</span> <span class='ocrx_word' id='word_1_593' title='bbox 3455 4173 3674 4242; x_wconf 79' lang='grc' dir='ltr'>ἄσηπτοι</span> 
     </span>
    </p>
   </div>
   <div class='ocr_carea' id='block_1_91' title="bbox 2125 4273 2482 4344">
    <p class='ocr_par' dir='ltr' id='par_1_91' title="bbox 2125 4273 2482 4344">
     <span class='ocr_line' id='line_1_91' title="bbox 2125 4273 2482 4344; baseline -0.006 -17"><span class='ocrx_word' id='word_1_594' title='bbox 2125 4273 2482 4344; x_wconf 65' lang='grc' dir='ltr'>διαμένοντες.</span> 
     </span>
    </p>
   </div>
   <div class='ocr_carea' id='block_1_92' title="bbox 2191 4353 3674 4431">
    <p class='ocr_par' dir='ltr' id='par_1_92' title="bbox 2191 4353 3674 4431">
     <span class='ocr_line' id='line_1_92' title="bbox 2191 4353 3674 4431; baseline -0.009 -15"><span class='ocrx_word' id='word_1_595' title='bbox 2191 4362 2281 4416; x_wconf 86' lang='grc'><strong>21.</strong></span> <span class='ocrx_word' id='word_1_596' title='bbox 2319 4361 2410 4416; x_wconf 87' lang='grc' dir='ltr'>Ἐν</span> <span class='ocrx_word' id='word_1_597' title='bbox 2434 4363 2554 4424; x_wconf 84' lang='grc' dir='ltr'>ταῖς</span> <span class='ocrx_word' id='word_1_598' title='bbox 2588 4360 2811 4431; x_wconf 76' lang='grc' dir='ltr'>ἐρήμοις</span> <span class='ocrx_word' id='word_1_599' title='bbox 2838 4355 3200 4426; x_wconf 85' lang='grc' dir='ltr'>διαιτώμενοι,</span> <span class='ocrx_word' id='word_1_600' title='bbox 3236 4355 3331 4408; x_wconf 73' lang='grc' dir='ltr'><strong>καὶ</strong></span> <span class='ocrx_word' id='word_1_601' title='bbox 3380 4354 3576 4423; x_wconf 80' lang='grc' dir='ltr'>πραεῖς</span> <span class='ocrx_word' id='word_1_602' title='bbox 3613 4353 3674 4420; x_wconf 75' lang='grc' dir='ltr'>τῇ</span> 
     </span>
    </p>
   </div>
   <div class='ocr_carea' id='block_1_93' title="bbox 2127 4450 2545 4527">
    <p class='ocr_par' dir='ltr' id='par_1_93' title="bbox 2127 4450 2545 4527">
     <span class='ocr_line' id='line_1_93' title="bbox 2127 4450 2545 4527; baseline -0.002 -21"><span class='ocrx_word' id='word_1_603' title='bbox 2127 4450 2197 4506; x_wconf 80' lang='grc' dir='ltr'>κά</span> <span class='ocrx_word' id='word_1_604' title='bbox 2207 4454 2346 4525; x_wconf 83' lang='grc' dir='ltr'>ρδίᾳ.</span> <span class='ocrx_word' id='word_1_605' title='bbox 2542 4522 2545 4527; x_wconf 85' lang='lat'><em>_</em></span> 
     </span>
    </p>
   </div>
   <div class='ocr_carea' id='block_1_94' title="bbox 2194 4536 3391 4614">
    <p class='ocr_par' dir='ltr' id='par_1_94' title="bbox 2194 4536 3391 4614">
     <span class='ocr_line' id='line_1_94' title="bbox 2194 4536 3391 4614; baseline -0.006 -16"><span class='ocrx_word' id='word_1_606' title='bbox 2194 4544 2282 4598; x_wconf 91' lang='lat'><strong>22.</strong></span> <span class='ocrx_word' id='word_1_607' title='bbox 2314 4543 2392 4597; x_wconf 84' lang='grc' dir='ltr'><strong>Τά</strong></span> <span class='ocrx_word' id='word_1_608' title='bbox 2416 4541 2641 4614; x_wconf 88' lang='grc' dir='ltr'>σώματα</span> <span class='ocrx_word' id='word_1_609' title='bbox 2672 4541 2766 4595; x_wconf 76' lang='grc' dir='ltr'>καὶ</span> <span class='ocrx_word' id='word_1_610' title='bbox 2789 4541 2843 4594; x_wconf 78' lang='grc' dir='ltr'>αἱ</span> <span class='ocrx_word' id='word_1_611' title='bbox 2874 4540 3043 4610; x_wconf 73' lang='grc' dir='ltr'>ψυχαὶ</span> <span class='ocrx_word' id='word_1_612' title='bbox 3070 4556 3177 4592; x_wconf 90' lang='grc' dir='ltr'><strong>των</strong></span> <span class='ocrx_word' id='word_1_613' title='bbox 3200 4536 3391 4606; x_wconf 81' lang='grc' dir='ltr'>ἁγίων.</span> 
     </span>
    </p>
   </div>
   <div class='ocr_carea' id='block_1_95' title="bbox 2056 4604 3671 4698">
    <p class='ocr_par' dir='ltr' id='par_1_95' title="bbox 2056 4604 3671 4698">
     <span class='ocr_line' id='line_1_95' title="bbox 2056 4604 3671 4698; baseline -0.009 -6"><span class='ocrx_word' id='word_1_614' title='bbox 2056 4604 2102 4660; x_wconf 74' lang='lat' dir='ltr'><strong>D</strong></span> <span class='ocrx_word' id='word_1_615' title='bbox 2192 4636 2282 4691; x_wconf 77' lang='lat'><strong>25.</strong></span> <span class='ocrx_word' id='word_1_616' title='bbox 2319 4637 2379 4690; x_wconf 84' lang='grc' dir='ltr'><strong>Οἱ</strong></span> <span class='ocrx_word' id='word_1_617' title='bbox 2410 4604 2713 4698; x_wconf 71' lang='grc' dir='ltr'>ἐπίσκοποι,</span> <span class='ocrx_word' id='word_1_618' title='bbox 2737 4635 2829 4688; x_wconf 77' lang='grc' dir='ltr'>καὶ</span> <span class='ocrx_word' id='word_1_619' title='bbox 2862 4604 3060 4694; x_wconf 74' lang='grc' dir='ltr'>πάντες</span> <span class='ocrx_word' id='word_1_620' title='bbox 3079 4631 3198 4686; x_wconf 77' lang='grc' dir='ltr'>λαοὶ</span> <span class='ocrx_word' id='word_1_621' title='bbox 3238 4604 3287 4684; x_wconf 78' lang='grc' dir='ltr'>οἱ</span> <span class='ocrx_word' id='word_1_622' title='bbox 3319 4628 3671 4688; x_wconf 85' lang='grc' dir='ltr'>πιστεύοντες.</span> 
     </span>
    </p>
   </div>
   <div class='ocr_carea' id='block_1_96' title="bbox 2193 4718 3671 4798">
    <p class='ocr_par' dir='ltr' id='par_1_96' title="bbox 2193 4718 3671 4798">
     <span class='ocr_line' id='line_1_96' title="bbox 2193 4718 3671 4798; baseline -0.009 -17"><span class='ocrx_word' id='word_1_623' title='bbox 2193 4729 2286 4783; x_wconf 72' lang='grc'><strong>243</strong></span> <span class='ocrx_word' id='word_1_624' title='bbox 2313 4729 2375 4781; x_wconf 85' lang='grc' dir='ltr'><strong>Οἱ</strong></span> <span class='ocrx_word' id='word_1_625' title='bbox 2404 4725 2760 4798; x_wconf 77' lang='grc' dir='ltr'>πρεσϐύτεροι</span> <span class='ocrx_word' id='word_1_626' title='bbox 2785 4725 2875 4778; x_wconf 72' lang='grc' dir='ltr'>καὶ</span> <span class='ocrx_word' id='word_1_627' title='bbox 2901 4725 2950 4777; x_wconf 74' lang='grc' dir='ltr'>οἱ</span> <span class='ocrx_word' id='word_1_628' title='bbox 2970 4722 3048 4794; x_wconf 81' lang='grc' dir='ltr'><strong>τῷ</strong></span> <span class='ocrx_word' id='word_1_629' title='bbox 3063 4723 3249 4792; x_wconf 84' lang='grc' dir='ltr'>κόσμῳ</span> <span class='ocrx_word' id='word_1_630' title='bbox 3264 4718 3671 4789; x_wconf 77' lang='grc' dir='ltr'>ἀποταξάμενοι.</span> 
     </span>
    </p>
   </div>
   <div class='ocr_carea' id='block_1_97' title="bbox 2195 4810 3671 4887">
    <p class='ocr_par' dir='ltr' id='par_1_97' title="bbox 2195 4810 3671 4887">
     <span class='ocr_line' id='line_1_97' title="bbox 2195 4810 3671 4887; baseline -0.007 -15"><span class='ocrx_word' id='word_1_631' title='bbox 2195 4818 2284 4873; x_wconf 83' lang='grc'><strong>25.</strong></span> <span class='ocrx_word' id='word_1_632' title='bbox 2316 4820 2377 4872; x_wconf 87' lang='grc' dir='ltr'><strong>Οί</strong></span> <span class='ocrx_word' id='word_1_633' title='bbox 2398 4817 2772 4886; x_wconf 85' lang='grc' dir='ltr'>ἀνθιστάμενοι</span> <span class='ocrx_word' id='word_1_634' title='bbox 2799 4816 2875 4887; x_wconf 84' lang='grc' dir='ltr'>τῷ</span> <span class='ocrx_word' id='word_1_635' title='bbox 2898 4813 3136 4885; x_wconf 84' lang='grc' dir='ltr'>πονηρῷ,</span> <span class='ocrx_word' id='word_1_636' title='bbox 3163 4813 3257 4867; x_wconf 77' lang='grc' dir='ltr'>καὶ</span> <span class='ocrx_word' id='word_1_637' title='bbox 3275 4811 3444 4882; x_wconf 78' lang='grc' dir='ltr'>ἁγνὴν</span> <span class='ocrx_word' id='word_1_638' title='bbox 3470 4810 3671 4881; x_wconf 78' lang='grc' dir='ltr'>ἔχοντες</span> 
     </span>
    </p>
   </div>
   <div class='ocr_carea' id='block_1_98' title="bbox 2124 4909 2502 4982">
    <p class='ocr_par' dir='ltr' id='par_1_98' title="bbox 2124 4909 2502 4982">
     <span class='ocr_line' id='line_1_98' title="bbox 2124 4909 2502 4982; baseline -0.005 -18"><span class='ocrx_word' id='word_1_639' title='bbox 2124 4909 2221 4982; x_wconf 83' lang='grc' dir='ltr'>τὴν</span> <span class='ocrx_word' id='word_1_640' title='bbox 2259 4909 2502 4981; x_wconf 87' lang='grc' dir='ltr'>καρδίαν.</span> 
     </span>
    </p>
   </div>
   <div class='ocr_carea' id='block_1_99' title="bbox 2195 4989 3669 5070">
    <p class='ocr_par' dir='ltr' id='par_1_99' title="bbox 2195 4989 3669 5070">
     <span class='ocr_line' id='line_1_99' title="bbox 2195 4989 3669 5070; baseline -0.007 -16"><span class='ocrx_word' id='word_1_641' title='bbox 2195 5000 2289 5056; x_wconf 89' lang='lat'><strong>26.</strong></span> <span class='ocrx_word' id='word_1_642' title='bbox 2322 5001 2384 5054; x_wconf 84' lang='grc' dir='ltr'>Οί</span> <span class='ocrx_word' id='word_1_643' title='bbox 2422 4998 2814 5070; x_wconf 86' lang='grc' dir='ltr'>προηλπικότες</span> <span class='ocrx_word' id='word_1_644' title='bbox 2837 4998 2894 5051; x_wconf 85' lang='grc' dir='ltr'>ὲν</span> <span class='ocrx_word' id='word_1_645' title='bbox 2913 4996 2990 5066; x_wconf 84' lang='grc' dir='ltr'>τῷ</span> <span class='ocrx_word' id='word_1_646' title='bbox 3010 4993 3246 5067; x_wconf 82' lang='grc' dir='ltr'>Χριστῷ,</span> <span class='ocrx_word' id='word_1_647' title='bbox 3269 4994 3361 5048; x_wconf 78' lang='grc' dir='ltr'>καὶ</span> <span class='ocrx_word' id='word_1_648' title='bbox 3390 4994 3456 5064; x_wconf 82' lang='grc' dir='ltr'>τῇ</span> <span class='ocrx_word' id='word_1_649' title='bbox 3486 4989 3669 5061; x_wconf 79' lang='grc' dir='ltr'>γνώσει</span> 
     </span>
    </p>
   </div>
   <div class='ocr_carea' id='block_1_100' title="bbox 2128 5082 3669 5161">
    <p class='ocr_par' dir='ltr' id='par_1_100' title="bbox 2128 5082 3669 5161">
     <span class='ocr_line' id='line_1_100' title="bbox 2128 5082 3669 5161; baseline -0.008 -16"><span class='ocrx_word' id='word_1_650' title='bbox 2128 5091 2344 5155; x_wconf 85' lang='grc' dir='ltr'>τελείως</span> <span class='ocrx_word' id='word_1_651' title='bbox 2365 5090 2671 5161; x_wconf 84' lang='grc' dir='ltr'>φερόμενοι,</span> <span class='ocrx_word' id='word_1_652' title='bbox 2706 5087 2866 5141; x_wconf 83' lang='grc' dir='ltr'>καὶοὶ</span> <span class='ocrx_word' id='word_1_653' title='bbox 2892 5086 3178 5149; x_wconf 83' lang='grc' dir='ltr'>ἀνθοῦντες</span> <span class='ocrx_word' id='word_1_654' title='bbox 3205 5084 3331 5155; x_wconf 76' lang='grc' dir='ltr'>περὶ</span> <span class='ocrx_word' id='word_1_655' title='bbox 3349 5084 3448 5154; x_wconf 82' lang='grc' dir='ltr'>τὴν</span> <span class='ocrx_word' id='word_1_656' title='bbox 3477 5082 3669 5136; x_wconf 84' lang='grc' dir='ltr'>πίστιν.</span> 
     </span>
    </p>
   </div>
   <div class='ocr_carea' id='block_1_101' title="bbox 2196 5170 3669 5250">
    <p class='ocr_par' dir='ltr' id='par_1_101' title="bbox 2196 5170 3669 5250">
     <span class='ocr_line' id='line_1_101' title="bbox 2196 5170 3669 5250; baseline -0.01 -15"><span class='ocrx_word' id='word_1_657' title='bbox 2196 5180 2287 5235; x_wconf 87' lang='grc'><strong>27.</strong></span> <span class='ocrx_word' id='word_1_658' title='bbox 2325 5179 2692 5250; x_wconf 83' lang='grc' dir='ltr'>Ὀμοθυμαδὸν</span> <span class='ocrx_word' id='word_1_659' title='bbox 2715 5178 2771 5232; x_wconf 84' lang='grc' dir='ltr'>ὲν</span> <span class='ocrx_word' id='word_1_660' title='bbox 2800 5179 2880 5231; x_wconf 75' lang='grc' dir='ltr'><strong>ἑνὶ</strong></span> <span class='ocrx_word' id='word_1_661' title='bbox 2915 5177 3169 5247; x_wconf 83' lang='grc' dir='ltr'>στόματι,</span> <span class='ocrx_word' id='word_1_662' title='bbox 3213 5175 3305 5227; x_wconf 75' lang='grc' dir='ltr'>καὶ</span> <span class='ocrx_word' id='word_1_663' title='bbox 3344 5174 3442 5245; x_wconf 77' lang='grc' dir='ltr'><strong>μιᾷ</strong></span> <span class='ocrx_word' id='word_1_664' title='bbox 3486 5170 3669 5241; x_wconf 58' lang='grc' dir='ltr'>καρδίᾳ</span> 
     </span>
    </p>
   </div>
   <div class='ocr_carea' id='block_1_102' title="bbox 2127 5264 3261 5341">
    <p class='ocr_par' dir='ltr' id='par_1_102' title="bbox 2127 5264 3261 5341">
     <span class='ocr_line' id='line_1_102' title="bbox 2127 5264 3261 5341; baseline -0.01 -16"><span class='ocrx_word' id='word_1_665' title='bbox 2127 5270 2490 5341; x_wconf 81' lang='grc' dir='ltr'>ἀνυμνήσουσι</span> <span class='ocrx_word' id='word_1_666' title='bbox 2516 5268 2574 5322; x_wconf 66' lang='grc' dir='ltr'>τὸ</span> <span class='ocrx_word' id='word_1_667' title='bbox 2609 5267 2779 5341; x_wconf 82' lang='grc' dir='ltr'>ὄνομα</span> <span class='ocrx_word' id='word_1_668' title='bbox 2810 5264 3014 5337; x_wconf 85' lang='grc' dir='ltr'>Κυρίου</span> <span class='ocrx_word' id='word_1_669' title='bbox 3046 5264 3261 5326; x_wconf 85' lang='grc' dir='ltr'>πάντες.</span> 
     </span>
    </p>
   </div>
   <div class='ocr_carea' id='block_1_103' title="bbox 2195 5347 3669 5431">
    <p class='ocr_par' dir='ltr' id='par_1_103' title="bbox 2195 5347 3669 5431">
     <span class='ocr_line' id='line_1_103' title="bbox 2195 5347 3669 5431; baseline -0.008 -16"><span class='ocrx_word' id='word_1_670' title='bbox 2195 5361 2285 5417; x_wconf 85' lang='lat'><strong>28.</strong></span> <span class='ocrx_word' id='word_1_671' title='bbox 2319 5362 2442 5413; x_wconf 86' lang='grc' dir='ltr'>Ὅτι</span> <span class='ocrx_word' id='word_1_672' title='bbox 2464 5360 2525 5414; x_wconf 87' lang='grc' dir='ltr'>τὸ</span> <span class='ocrx_word' id='word_1_673' title='bbox 2552 5360 2722 5431; x_wconf 73' lang='grc' dir='ltr'>όνομα</span> <span class='ocrx_word' id='word_1_674' title='bbox 2747 5358 2909 5415; x_wconf 75' lang='grc' dir='ltr'>αὐτοῦ</span> <span class='ocrx_word' id='word_1_675' title='bbox 2931 5354 3219 5426; x_wconf 78' lang='grc' dir='ltr'>ἀπεδείχθη</span> <span class='ocrx_word' id='word_1_676' title='bbox 3265 5350 3514 5411; x_wconf 82' lang='grc' dir='ltr'>κυοιεῦον</span> <span class='ocrx_word' id='word_1_677' title='bbox 3543 5347 3669 5404; x_wconf 67' lang='grc' dir='ltr'>πάνυ</span> 
     </span>
    </p>
   </div>
   <div class='ocr_carea' id='block_1_104' title="bbox 2133 5466 2259 5505">
    <p class='ocr_par' dir='ltr' id='par_1_104' title="bbox 2133 5466 2259 5505">
     <span class='ocr_line' id='line_1_104' title="bbox 2133 5466 2259 5505; baseline -0.008 0"><span class='ocrx_word' id='word_1_678' title='bbox 2133 5466 2259 5505; x_wconf 86' lang='grc' dir='ltr'>των.</span> 
     </span>
    </p>
   </div>
   <div class='ocr_carea' id='block_1_105' title="bbox 571 5702 2293 5782">
    <p class='ocr_par' dir='ltr' id='par_1_105' title="bbox 571 5702 2293 5782">
     <span class='ocr_line' id='line_1_105' title="bbox 571 5702 2293 5782; baseline 0.003 -24"><span class='ocrx_word' id='word_1_679' title='bbox 571 5704 615 5737; x_wconf 80' lang='lat'><strong>“</strong></span> <span class='ocrx_word' id='word_1_680' title='bbox 672 5704 801 5761; x_wconf 78' lang='lat' dir='ltr'><strong>Luc.</strong></span> <span class='ocrx_word' id='word_1_681' title='bbox 864 5727 918 5774; x_wconf 67' lang='grc' dir='ltr'>τε,</span> <span class='ocrx_word' id='word_1_682' title='bbox 970 5702 1099 5766; x_wconf 59' lang='grc'><strong>19.”</strong></span> <span class='ocrx_word' id='word_1_683' title='bbox 1156 5713 1401 5768; x_wconf 79' lang='lat' dir='ltr'><strong>&quot;Matth.</strong></span> <span class='ocrx_word' id='word_1_684' title='bbox 1434 5730 1549 5782; x_wconf 86' lang='lat' dir='ltr'><strong>vnt,</strong></span> <span class='ocrx_word' id='word_1_685' title='bbox 1598 5713 1684 5767; x_wconf 88' lang='lat'><strong>27.</strong></span> <span class='ocrx_word' id='word_1_686' title='bbox 1765 5713 1809 5746; x_wconf 83' lang='grc'><strong>²⁰</strong></span> <span class='ocrx_word' id='word_1_687' title='bbox 1849 5712 1993 5767; x_wconf 89' lang='lat' dir='ltr'><strong>Psal.</strong></span> <span class='ocrx_word' id='word_1_688' title='bbox 2035 5728 2154 5778; x_wconf 74' lang='lat' dir='ltr'><strong>cu,</strong></span> <span class='ocrx_word' id='word_1_689' title='bbox 2203 5710 2293 5766; x_wconf 81' lang='lat'><strong>29.</strong></span> 
     </span>
    </p>
   </div>
  </div>
