3990 6208
318 323 336 375 1
348 320 448 375 557

1225 321 1313 377 DE
1348 320 1622 379 TITULIS
1653 318 2103 377 PSALMORUM.
2141 340 2233 361 -’
2258 316 2450 373 PSAL.
2492 314 2711 372 CXLIX.

3381 318 3521 377 1533

383 441 472 495 29.
513 439 576 493 ’Π
604 439 985 511 ἐξομολόγησις
1007 436 1170 490 αὐτοῦ
1199 435 1289 489 ἑπὶ
1313 438 1414 506 γῆς
1448 436 1541 489 καὶ
1566 433 1811 506 οὐρανοῦ,
1896 486 1899 495 ,

2037 435 2127 490 29.
2164 430 2452 487 Confessio
2479 430 2599 499 ejus
2627 443 2789 499 super
2815 437 3014 483 terram
3050 437 3103 484 et
3125 427 3343 494 caelum,

382 536 469 589 50.
496 534 605 587 Kal.
634 531 835 602 ὑψώσει
867 529 1033 602 κέρας
1056 526 1185 581 λαοῦ
1208 525 1393 580 αὐτοῦ.

382 625 468 679 5|.
501 625 706 693 ’Ύμνος
735 623 867 675 πᾶσι
889 622 998 683 τοῖς
1027 619 1193 681 ὁσίοις
1216 616 1400 682 αὐτοῦ,

379 714 464 768 '52.
498 713 623 775 Τοῖς
644 713 779 775 υίοίς
823 708 1057 781 Ἰσραὴλ,
1086 707 1199 778 λαῷ
1227 706 1493 776 ἐγγίζοντι
1521 705 1687 776 αὐτῷ.

686 821 1038 889 Ἀλληλούῖα
1097 823 1269 875 ΨΑΛ.
1299 824 1406 875 ΡΜ
1408 823 1461 873 Θ¹
1467 859 1483 874 .

382 913 432 965 1.
463 913 661 983 ’ᾼσατε
691 912 767 983 τῷ
790 912 978 981 Κυρίῳ
1005 907 1155 983 ᾆσμα
1183 909 1399 964 καινόν’

378 1005 434 1058 2.
474 1005 535 1057 Ἦ
562 1002 764 1068 αίνεσις
786 1002 948 1056 αὐτοῦ
980 1005 1037 1055 ἑν
1064 1002 1324 1072 ἐκκλησίᾳ
1347 1002 1528 1055 ὁσίων.

380 1097 433 1152 3.
462 1096 828 1168 Εύφρανθήτω
858 1094 1067 1165 Ἰσραὴλ
1094 1095 1186 1147 ἑπὶ
1222 1088 1301 1164 τῷ
1320 1093 1603 1162 ποιήσαντι
1634 1089 1813 1155 αὐτὸν,

380 1188 434 1242 4.
472 1188 581 1242 Καὶ
613 1186 719 1241 υἱοὶ⁵
742 1185 877 1239 Σιὼν
902 1183 1341 1254 ἀγαλλιάσθωσαν
1391 1182 1496 1235 ἐπὶΔ
1536 1181 1613 1252 τῷ
1661 1178 1869 1249 βασιλεῖ

313 1278 511 1334 αὐτῶν.

381 1370 435 1424 5.
465 1370 839 1425 Αίνεσάτωσαν
861 1367 920 1420 τὺ
942 1366 1109 1435 ὄνομα
1133 1363 1296 1418 αὖτοῦ
1334 1365 1391 1417 ὲν
1420 1360 1584 1433 χορῷ,

2034 526 2123 579 30.
2164 523 2231 578 Et
2255 522 2514 579 exaltabit
2542 537 2711 576 cornu
2756 522 2940 591 pepuli
2974 521 3078 577 sui.

2035 616 2120 669 51.
2167 614 2410 683 Hymnus
2440 612 2695 666 omnibus
2721 610 2924 665 sanctis
2958 610 3098 680 ejus,

2038 706 2129 759 ⁸52.
2168 703 2321 758 Filiis
2344 701 2533 767 Israel,
2564 700 2768 770 populo
2802 699 3254 769 appropinquanti
3294 698 3417 754 sibi.

2338 813 2585 868 Alleluia.
2645 809 2846 869 PSAL.
2898 809 3146 866 CXLIX.

2039 908 2090 962 1.
2140 905 2367 961 Cantate
2399 904 2629 959 Domino
2656 903 2925 959 canticum
2968 917 3168 957 novum
3196 920 3213 957 :

2035 998 2089 1052 2.
2130 996 2273 1050 Laus
2314 996 2432 1065 ejus
2474 996 2527 1049 in
2568 994 2795 1049 ecclesia
2844 1002 3178 1049 sanctorum.

2042 1089 2095 1141 5.
2136 1087 2368 1142 Lmtetur
2400 1085 2567 1141 Israel
2589 1085 2641 1139 in
2667 1100 2754 1148 co,
2781 1085 2874 1155 qui
2909 1083 3036 1139 fecit
3064 1100 3213 1152 eum,

2041 1176 2095 1230 4.
2134 1175 2198 1229 Ει
2236 1174 2331 1228 tilii
2368 1172 2498 1227 Sion
2544 1175 2818 1229 exsultent
2848 1174 2901 1227 in
2932 1188 3058 1244 rege
3091 1188 3212 1229 suo.

2044 1352 2099 1408 5.
2135 1351 2379 1406 Laudent
2425 1364 2622 1403 nomen
2656 1348 2774 1419 ejus
2802 1348 2855 1403 in
2883 1349 3071 1413 choro,

1420 1508 1795 1567 ATHANASII
1834 1502 2416 1562 INTERPRETATIO.

378 1677 468 1733 29.
496 1677 606 1731 Kal.
627 1678 717 1731 ἐπὶ
759 1678 860 1747 γῆς
894 1676 1001 1747 γὰρ
1037 1675 1187 1737 ὅντες
1221 1670 1366 1741 αὑτῷ
1404 1664 1869 1740 ἑξομολογούμεθα
1898 1723 1899 1727 η

2037 1665 2126 1720 29.
2168 1662 2301 1719 Nam
2340 1672 2395 1719 et
2439 1663 2495 1717 in
2542 1670 2685 1718 terra
2717 1660 3044 1717 exsistentes
3073 1666 3293 1730 peccata
3337 1666 3524 1715 nostra

310 1770 407 1833 τὰς
439 1767 711 1840 ἁμαρτίας
755 1767 932 1839 ἡμῶν,
966 1767 1061 1819 καὶ
1096 1764 1257 1819 πάλιν
1295 1764 1351 1815 ἐν
1398 1758 1610 1832 οὐρανῷ
1660 1758 1864 1821 πάντας

311 1862 457 1933 ἡμᾶς
485 1860 566 1913 δεῖ
591 1858 931 1931 παραστῆναι
954 1856 1032 1927 τῷ
1064 1856 1263 1928 βήματι
1299 1851 1461 1907 αύτοῦ
1484 1852 1575 1905 τοῦ
1607 1849 1863 1921 Χριστοῦ,

310 1952 490 2016 καθὼς
520 1948 670 2005 εἶπεν
696 1953 724 2005 6
767 1948 1100 2011 Ἀπὸστολος.

373 2039 465 2094 50.
498 2038 607 2091 Καὶ
629 2037 727 2109 τὴν
755 2036 1028 2108 βασιλείαν
1058 2034 1150 2089 τοῦ
1174 2032 1305 2089 λαοῦ
1325 2031 1677 2104 ἀτελεύτητον
1708 2032 1866 2102 ποιή-

309 2145 409 2184 σει.

378 2221 468 2275 51.
507 2220 764 2282 Ἐπαινος
792 2219 926 2272 πᾶσι
947 2219 1061 2281 τοῖς
1087 2216 1275 2280 ὁσίοις.

371 2307 462 2363 52.
491 2309 614 2370 Τοῖς
648 2308 780 2371 υίοῖς
801 2305 905 2359 τῶν
937 2304 1104 2373 ἁγίων
1129 2301 1457 2367 ἀποστόλων,
1481 2300 1589 2355 τῶν
1618 2299 1864 2372 ὁρώντων

307 2397 465 2451 αὐτὸν
488 2399 553 2468 τῇ
571 2394 777 2468 διανοίᾳ
797 2413 811 2426 θ
836 2394 990 2448 τοῦτο
1029 2393 1136 2464 γὰρ
1174 2390 1530 2466 ἑρμηνεύεται
1597 2389 1862 2460 Ἰσραὴλ,

314 2488 471 2557 ἀνὴρ
500 2487 652 2557 ὀρῶν
683 2488 849 2541 Θεόν.

1967 1760 2070 1830 ipsi
2118 1761 2476 1823 conﬁtemur,
2525 1767 2580 1813 et
2644 1775 2837 1815 rursus
2888 1758 2945 1813 in
2992 1759 3132 1815 caelo
3185 1773 3374 1815 omnes
3425 1774 3525 1813 uos

1967 1858 2179 1920 oportet
2209 1859 2357 1904 stare
2390 1858 2516 1904 ante
2560 1849 2797 1903 tribunal
2825 1848 2996 1919 ipsius
3021 1848 3242 1913 Christi,
3264 1848 3525 1918 quemad-

1966 1940 2185 1996 modum
2229 1941 2367 1995 dixit
2395 1941 2688 2010 Apostolus
2727 1941 2794 1994 ³¹.

2036 2029 2124 2086 '50.
2164 2028 2229 2085 Et
2260 2045 2486 2102 regnum
2515 2031 2700 2101 populi
2731 2030 2925 2086 efﬁciet
2958 2029 3367 2100 sempiternum.

2038 2213 2128 2267 51.
2169 2213 2313 2269 Laus
2346 2214 2600 2267 omnibus
2641 2212 2865 2270 sanctis.

2041 2302 2130 2356 52.
2173 2301 2327 2356 Filiis
2401 2312 2719 2357 sanctorum
2794 2302 3161 2372 apostolorum
3228 2299 3525 2355 videntium

1967 2407 2092 2448 eum
2122 2402 2334 2460 mente;
2362 2392 2434 2447 ita
2468 2392 2616 2448 enim
2659 2392 3053 2464 interpretatur
3100 2389 3294 2457 Israel,
3323 2389 3405 2446 vir
3447 2391 3525 2445 vi-

1969 2483 2097 2539 dens
2123 2483 2309 2539 Deum.

383 2644 449 2696 Ἢ
506 2641 832 2714 προκειμένη
878 2638 1155 2710 ἐπιγραφὴ
1199 2636 1471 2709 περιέχει’
1527 2634 1899 2704 taumatia,
1939 2635 2083 2708 ὅπερ
2130 2637 2492 2710 ἑρμηνεύεται
2538 2637 2836 2705 αίνέσατε,
2882 2634 3191 2708 ὑμνήσατε
3234 2635 3341 2689 τὸν
3385 2633 3527 2688 ὄντα

307 2735 472 2789 Θεόν.

374 2827 588 2883 Titulus
625 2826 945 2897 praepositus
995 2824 1272 2880 continet:
1310 2821 1565 2889 Alleluia,
1600 2823 1748 2893 quod
1794 2822 2185 2890 interpretatur
2234 2817 2472 2885 laudate,
2509 2817 2761 2887 hymnum
2802 2814 2962 2867 dicite
3005 2811 3111 2865 Deo
3141 2826 3279 2867 vero.

372 2946 423 2999 1.
457 2944 663 3015 ’Ὕμνον
696 2941 1050 3014 ἀναπέμψατε
1074 2939 1150 3011 τῷ
1182 2939 1371 3011 Κυρίῳ
1418 2938 1683 3010 καθαρόν·
1715 2928 1899 3007 ὅμως⁴

2040 2938 2092 2992 1.
2131 2934 2403 3007 Hymnum
2452 2930 2716 2987 mundum
2766 2928 2995 2983 emittite
3047 2924 3320 2980 Domino:
3375 2920 3529 2975 aliter

306 3036 400 3089 καὶ
453 3034 628 3098 ἄλλως
682 3037 881 3088 νοεῖται
925 3036 954 3086 ὁ
993 3032 1153 3095 αὐτὸς
1185 3030 1386 3102 στίχος,
1411 3030 1492 3083 ὅτι
1517 3028 1683 3100 ὕμνον
1712 3028 1869 3097 δόξης

306 3128 497 3182 εἴπατε
521 3125 600 3196 τῷ
623 3124 810 3197 Κυρίῳ
841 3125 979 3194 ὑπὲρ
1010 3122 1104 3176 τοῦ
1145 3121 1348 3184 πάθους
1379 3118 1564 3185 αὑτοῦ,
1608 3118 1667 3172 ὃν
1697 3118 1870 3182 οὐδεὶς

306 3218 495 3289 εἴρηκε
529 3214 635 3268 τῶν
667 3212 973 3285 ἔμπροσθεν
996 3210 1215 3281 γενεῶν,
1244 3212 1293 3264 εί
1325 3210 1398 3281 μὴ
1435 3209 1591 3281 μόνον
1614 3210 1794 3280 ἡμεῖς,
1820 3208 1867 3260 ol

306 3308 630 3378 θεασάμενοι
665 3306 757 3360 καὶ
785 3305 1111 3367 ἀκούσαντες
1131 3303 1222 3356 τὸν
1251 3302 1403 3355 Θεὸν.

370 3400 426 3453 2.
472 3398 538 3451 Ἡ
588 3396 694 3468 γὰρ
744 3396 946 3459 αἴνεσις
1007 3394 1171 3448 αὐτοῦ
1226 3393 1442 3462 λέγεται
1499 3392 1556 3445 ἑν
1607 3388 1871 3461 ἐκκλησίᾳ

304 3492 488 3555 ὁσίων,
512 3488 784 3542 τουτέστιν
817 3489 874 3541 ἑν
904 3488 1177 3559 συστροφῇ
1211 3485 1316 3539 τῶν
1338 3485 1528 3553 ἁγίων.
1559 3484 1748 3554 Ὅμως
1776 3481 1871 3534 καὶ

304 3582 477 3646 ἄλλως
512 3582 755 3635 νοεῖταιὸ
793 3578 953 3642 αὐτὸς
1004 3579 1213 3647 στίχοςο
1259 3577 1324 3629 Ἡ
1362 3576 1566 3637 αἴνεσις
1617 3571 1778 3626 αὐτοῦ
1812 3573 1868 3624 ὲν

304 3678 423 3739 ταῖς
449 3671 695 3744 καρδίαις
719 3671 811 3725 καὶ
839 3672 894 3722 ἑν
932 3672 1043 3732 τοῖς
1075 3668 1259 3740 μέλεσι
1294 3666 1401 3719 τῶν
1431 3665 1627 3733 ἀγίωψ
1682 3663 1870 3732 Ὑμεῖς

305 3765 434 3835 γὰρ,
488 3763 648 3832 φησὶν
672 3763 700 3814 ὁ
742 3760 1082 3824 Ἀπόστολος,
1110 3758 1255 3824 ναὸς
1282 3757 1428 3812 Θεοῦ
1452 3757 1618 3810 ἐστε·
1655 3755 1749 3808 καὶ
1769 3752 1872 3806 πά-

305 3856 384 3908 λιν
404 3874 416 3885 ·
450 3857 571 3909 Οὐκ
600 3852 817 3915 οἴδατε,
853 3851 941 3906 ὅτι
966 3852 1038 3905 τὰ
1071 3850 1312 3920 σώματα
1350 3847 1517 3918 ὑμῶν
1557 3848 1703 3912 ναός
1740 3846 1871 3899 ἐστι

306 3946 410 4001 τοῦ
440 3944 666 4015 ὲνῠμῖν
687 3945 856 4014 ἁγίου
885 3943 1247 4011 Πνεύματος,
1277 3936 1347 3996 οὗ
1373 3940 1539 4009 ἔχετε
1561 3938 1678 3994 ἀπὸ
1700 3935 1866 3992 Θεοῦ.

373 4137 427 4192 ὅ.
458 4132 828 4205 Εὐφρανθήτω
864 4134 894 4186 6
920 4130 1046 4194 λαὸς
1098 4147 1126 4183 ο
1159 4126 1571 4198 περωτισμένος
1615 4123 1713 4195 τὴν
1758 4124 1871 4178 διά-

305 4244 450 4282 νοιαν
478 4228 570 4280 ὲπὶ
587 4224 664 4295 τῷ
696 4222 882 4294 Κυρίῳ
912 4220 988 4291 τῷ
1010 4221 1296 4289 ποιήσαντι
1322 4217 1504 4283 αὐτὸν,
1527 4214 1618 4269 καὶ
1651 4216 1707 4266 ἑν
1727 4214 1866 4285 ἀρχῇ
1899 4249 1943 4304 D

307 4320 397 4374 καὶ
440 4320 499 4371 ὲν
540 4316 618 4387 τῷ
649 4314 1010 4386 βαπτίσματι·
1056 4308 1292 4376 Ἰσραὴλ
1328 4307 1435 4379 γὰρ
1489 4304 1865 4377 ἑρμηνεύεται,

305 4411 380 4476 ὡς
410 4410 668 4473 πολλάκις
703 4409 1022 4479 εἰρήκαμεν,
1051 4404 1196 4468 νοῦς
1223 4400 1376 4470 ὀρῶν
1397 4400 1561 4453 Θεόν.

375 4504 429 4557 4.
463 4503 573 4556 Καὶ
603 4503 653 4556 οἱ
682 4502 784 4553 υίοὶ
802 4499 900 4568 τῆς
927 4495 1245 4567 ἐπουρανίου
1291 4489 1641 4564 Ἰερουσαλὴμ
1667 4487 1868 4550 πόλεως

306 4592 747 4663 ἀγαλλιάσθωσαν
778 4590 870 4642 ἑπὶ
897 4587 974 4658 τῷ
997 4587 1181 4658 Κυρίῳ
1224 4582 1396 4653 Ἰησοῦ
1428 4580 1506 4651 τῷ
1533 4578 1739 4650 βασιλεῖ
1770 4577 1869 4630 αύ-

306 4686 439 4739 τῶν·
476 4684 629 4739 Σιὼν
646 4683 754 4754 γὰρ
779 4679 1136 4753 ἑρμηνεύεται
1171 4676 1351 4740 τόπος
1388 4673 1539 4727 ὅπου
1575 4672 1614 4740 ἡ
1643 4666 1862 4737 σκηνή.

377 4777 429 4831 5.
465 4775 840 4829 Αίνεσὰτωσαν
868 4771 1027 4824 αὐτὸν
1060 4771 1117 4821 ἐν
1149 4766 1244 4838 ὅλῃ
1270 4764 1486 4837 καρδίᾳ,
1523 4761 1618 4815 καὶ
1648 4762 1705 4814 ὲν
1727 4761 1865 4822 ὅλοις

306 4874 418 4935 τοῖς
447 4868 660 4939 μέλεσιν
694 4865 868 4918 αὐτῶν
887 4883 898 4893 ·
929 4863 1004 4926 ὡς
1040 4859 1146 4932 γὰρ
1172 4862 1200 4911 ὁ
1247 4857 1405 4930 χορὸς
1434 4855 1715 4908 ὑπόκειται
1760 4849 1864 4902 ὑπὸ

308 4959 383 5030 (1)
406 4960 677 5030 διαφόρων
718 4953 1036 5026 ἀνθρώπων,
1062 4951 1201 5005 οὕτω
1239 4950 1331 5004 καὶ
1355 4948 1424 5001 τὰ
1454 4947 1587 5019 μέλη
1617 4943 1865 5013 σύγκειν-

306 5068 392 5105 ται
419 5052 477 5103 ἑν
508 5052 583 5121 τῷ
609 5045 906 5118 ἀνθρώπῳ·
936 5047 993 5098 ἐν
1023 5044 1160 5106 ὅλοις
1186 5040 1277 5095 οὖν
1303 5044 1414 5104 τοῖς
1447 5038 1655 5109 σώμασι
1691 5034 1784 5090 καὶ
1803 5035 1860 5088 ἑν

301 5145 364 5214 τῇ
395 5142 597 5214 καρδίᾳ
631 5139 879 5195 αίνὲσατε
903 5134 1064 5190 αὑτὸν
1093 5135 1159 5188 δι’
1186 5133 1360 5204 ἔργων
1392 5128 1629 5199 ἀγαθῶν.

361 5325 404 5355 “
453 5321 627 5379 Hebr.
670 5338 725 5386 ι,
757 5320 842 5373 14.

1966 3029 2130 3085 etiam
2154 3027 2244 3082 hic
2273 3024 2579 3081 versiculus
2615 3019 2842 3090 intelligi
2882 3024 3080 3087 potest,
3113 3013 3339 3078 scilicet,
3370 3010 3527 3082 hym-

1952 3137 2096 3182 Jtum
2123 3119 2307 3190 gloria:
2332 3117 2497 3172 dicite
2548 3113 2778 3167 Domino
2814 3110 2881 3165 de
2908 3108 3161 3176 passione
3187 3105 3329 3175 ejus,
3363 3116 3526 3172 quem

1968 3186 2286 3259 nulla—dixit
2325 3197 2722 3269 praeteritarum
2768 3191 3181 3264 generationum
3212 3187 3316 3243 nisi
3352 3186 3527 3241 solum

1967 3308 2090 3352 nos.
2121 3291 2213 3360 qui
2246 3289 2482 3343 vidimus
2508 3295 2563 3340 ct
2589 3283 2896 3339 audivimus
2929 3281 3120 3334 Deum.

2035 3387 2091 3440 2.
2130 3384 2276 3439 Laus
2307 3381 2450 3437 enim
2480 3378 2599 3449 ejus
2623 3376 2820 3431 dicitur
2841 3373 2895 3427 in
2933 3368 3164 3426 ecclesia
3192 3373 3527 3429 sanctorum.

1968 3477 2073 3532 hoc
2097 3484 2182 3532 est
2214 3475 2266 3529 in
2297 3469 2715 3542 congregatione
2759 3473 3093 3520 sanctorum.
3147 3457 3530 3514 Verumtamen

1968 3570 2126 3625 aliter
2146 3568 2309 3622 etiam
2334 3560 2676 3632 interpretari
2704 3564 2880 3629 potest
2895 3555 3032 3609 idem
3058 3566 3251 3607 versus
3276 3567 3290 3605 :
3316 3561 3528 3616 nempe,

1967 3661 2087 3716 laus
2115 3658 2234 3727 ejus
2279 3658 2332 3709 in
2368 3653 2625 3708 cordibus
2668 3649 2806 3704 etin
2854 3644 3117 3701 membris
3170 3648 3526 3695 sanctorum:

1968 3749 2080 3805 Vos
2117 3726 2261 3803 enim
2282 3786 2296 3811 ,
2327 3744 2506 3813 inquit
2534 3738 2854 3811 Apostolus,
2890 3733 3137 3804 templum
3165 3729 3262 3783 Dei
3294 3727 3417 3781 estis
3446 3726 3526 3791 ";

1967 3851 2021 3898 et
2081 3854 2321 3896 rursus:
2370 3841 2449 3890 An
2509 3831 2744 3896 nescitis,
2794 3828 3042 3899 quoniam
3092 3836 3316 3890 corpora
3362 3825 3530 3872 vestra

1969 3930 2214 4001 templum
2245 3935 2364 3982 sunt
2392 3924 2621 3993 Spiritus
2645 3919 2837 3985 sancti,
2869 3916 2959 3987 qui
2992 3915 3046 3967 in
3079 3911 3221 3966 vobis
3252 3917 3351 3973 est,
3376 3921 3528 3977 quem

1968 4021 2169 4076 habetis
2194 4036 2225 4072 a
2260 4018 2362 4070 Deo
2396 4013 2487 4066 “‘2

2037 4113 2092 4168 3.
2130 4110 2362 4163 Laetetur
2385 4102 2615 4175 pepulus
2641 4107 2820 4154 mente
2840 4094 3179 4150 illuminatus
3196 4090 3251 4145 in
3273 4086 3525 4152 Domino,

1970 4204 2064 4274 qui
2094 4200 2221 4256 fecit
2245 4212 2391 4260 eum,
2425 4204 2477 4247 et
2508 4193 2577 4247 ab
2626 4191 2805 4256 initio,
2843 4187 2972 4242 etin
3013 4184 3305 4254 baptismo.
3355 4177 3529 4233 Israel

1969 4294 2115 4349 enim
2180 4291 2592 4357 interpretatur,
2659 4290 2720 4337 ut
2778 4279 2977 4349 saepius
3048 4274 3328 4336 diximus,
3383 4285 3531 4323 mens

1967 4379 2141 4435 videns
2185 4376 2368 4430 Deum.

2036 4475 2090 4526 4.
2131 4468 2197 4523 Et
2223 4466 2316 4521 lilii
2356 4461 2595 4520 celestis
2623 4456 2858 4514 civitatis
2884 4451 3223 4510 Hierusalem
3256 4447 3528 4505 exsultent

1967 4566 2022 4621 in
2050 4561 2280 4618 Domino
2312 4557 2437 4613 Jesu
2488 4556 2729 4625 ipsorum
2758 4564 2933 4623 rege:
2983 4544 3112 4601 Sion
3157 4542 3303 4599 enim
3353 4541 3525 4595 inter-

1967 4664 2210 4728 pretatur
2253 4650 2393 4705 locus
2437 4646 2527 4701 ubi
2557 4640 2978 4699 tabernatulum.

2037 4747 2092 4803 5.
2142 4742 2389 4799 Laudent
2415 4753 2539 4794 eum
2569 4735 2624 4790 in
2650 4743 2766 4789 toto
2795 4732 2979 4798 corde,
3020 4736 3077 4784 et
3103 4727 3159 4782 in
3194 4723 3323 4780 totis
3352 4735 3525 4775 mem-

1968 4842 2082 4898 bris
2108 4837 2221 4893 suis
2247 4851 2263 4901 ;
2290 4829 2745 4902 quemadmodum
2774 4823 2919 4879 enim
2962 4821 3163 4876 chorus
3184 4811 3526 4883 componitur

1969 4950 1999 4990 a
2033 4925 2264 4987 diversis
2287 4901 2619 4981 hominibus,
2649 4918 2723 4971 ita
2760 4914 2925 4969 etiam
2958 4908 3198 4965 membra
3223 4901 3521 4972 composita

1969 5033 2094 5083 sunt
2137 5024 2190 5078 in
2230 5022 2492 5077 homine:
2525 5019 2578 5071 in
2637 5024 2753 5071 toto
2797 5012 2960 5082 igitur
2992 5018 3217 5077 corpore
3261 5008 3315 5057 et
3357 4997 3523 5056 corde

1965 5115 2182 5173 laudate
2211 5127 2337 5170 eum
2359 5126 2455 5181 per
2483 5108 2625 5163 bona
2655 5119 2836 5175 opera.
3144 5116 3149 5121 υ

943 5318 987 5349 ²²
1019 5313 1195 5370 lCor.
1226 5328 1309 5379 nt,
1340 5310 1441 5377 16;
1493 5308 1537 5363 ll
1565 5307 1695 5363 Cor.
1727 5320 1800 5373 vr,
1841 5301 1928 5358 16.
2017 5300 2063 5332 ⁸³
2099 5296 2117 5351 1
2155 5293 2281 5351 Cor.
2318 5307 2394 5355 vt,
2423 5288 2508 5344 19.

1205 5486 1507 5549 Addenda
1557 5492 1618 5545 et
1648 5477 2021 5560 corrigenda
2074 5492 2152 5537 ex
2197 5472 2335 5536 cod.
2381 5467 2582 5533 Vatic.

376 5655 455 5726 (1)
502 5654 636 5709 Ὑπὸ
663 5651 932 5721 διαφόρων
962 5649 1104 5703 ἰδίων
1128 5646 1332 5717 κύκλῳ,
1364 5643 1504 5699 οὕτω
1539 5646 1651 5708 τοῖς
1681 5643 1916 5714 σώμασι,
1945 5638 2086 5695 καθά
2111 5636 2470 5711 προείπαμεν,
2495 5630 2588 5686 καὶ
2607 5629 2666 5683 ἑν
2687 5637 2776 5699 ττι,
2812 5637 2950 5692 etc...
