3990 6208
251 295 385 353 {3M

659 415 1034 487 ’Aunxouza.
1069 420 1244 476 ΨΑΑ.
1276 423 1409 476 PN.

315 503 369 559 1.
404 504 612 558 Αἰνεῖτε
645 506 734 559 τὸν
756 506 886 560 Θεὸν
912 508 969 561 ὲν
1002 509 1113 572 τοῖς
1137 510 1314 577 ἁγίοις
1334 512 1498 565 αὑτοῦ
1518 529 1534 546 ο

314 593 367 648 2.
387 596 591 648 Αἰνεῖτε
614 597 775 650 αὑτὸν
796 600 853 650 ὲν
872 616 960 650 στε
970 597 1206 669 ρεώματι
1223 604 1321 672 τῆς
1335 602 1614 674 δυνάμεως
1630 606 1812 660 αὐτοῦ.

311 684 363 738 5.
390 685 597 739 Αἰνεῖτε
622 688 783 740 αὐτὸν
806 689 897 742 ἐπὶ
926 691 1043 752 ταῖς
1071 690 1411 757 δυναστείαις
1438 695 1602 748 αὐτοῦ
1622 710 1637 725 ⁸

312 776 365 828 4.
396 778 602 831 Αἰνεῖτε
641 779 803 833 αὐτὸν
835 780 1053 834 κατὰτὸ
1086 782 1286 854 πλῆθος
1315 785 1413 857 τῆς
1447 788 1816 860 μεγαλοσύνης

239 866 433 922 αὐτοῦ.

313 959 366 1014 5.
396 961 604 1014 Αἰνεῖτε
631 961 795 1016 αὑτὸν
815 963 873 1017 ὲν
898 962 1013 1034 ἤχῳ
1040 964 1358 1034 σάλπιγγος·

312 1052 365 1105 6.
396 1052 606 1104 Αἰνεῖτε
636 1053 798 1106 αὐτὸν
821 1056 878 1106 ὲν
903 1054 1185 1127 ψαλτηρίῳ
1206 1057 1301 1110 καὶ
1333 1057 1553 1129 κιθάρα.

314 1140 365 1194 7.
393 1142 600 1194 Αἰνεῖτε
632 1143 794 1197 αὐτὸν
820 1146 878 1197 ὲν
907 1147 1175 1217 τυμπάνῳ
1199 1148 1291 1202 καὶ
1314 1150 1458 1221 χορῷ
1478 1165 1492 1179 ο

313 1231 366 1287 8.
395 1233 603 1286 Αἰνεῖτε
632 1236 793 1289 αὑτὸν
828 1237 885 1289 ὲν
907 1238 1123 1308 χορδαῖς
1156 1240 1249 1293 καὶ
1276 1240 1512 1312 ὀργάνῳ.

314 1320 367 1375 9.
392 1324 602 1376 Αἰνεῖτε
634 1324 797 1378 αὑτὸν
824 1326 881 1380 ὲν
912 1326 1214 1395 κυμϐάλοις
1243 1329 1485 1398 εὐήχοις·

317 1409 402 1467 10.
430 1411 638 1466 Αἰνεῖτε
670 1413 832 1467 αὐτὸν
864 1415 922 1468 ὲν
945 1414 1244 1486 κυμϐάλοις
1265 1417 1603 1490 ἀλαλαγμοῦ.

1199 300 1290 357 DE
1327 301 1610 362 TITULIS
1652 305 2099 366 PSALMORUM.
2142 337 2214 349 —
2242 307 2441 365 PSAL.
2483 307 2588 364 CL.

1839 431 1891 490 Λ

3348 300 3499 371 ηιξ

2355 424 2620 496 ιΑιιειαεα.
2675 424 2876 485 PSAL.
2929 427 3035 488 CL.

1992 515 2045 569 1.
2101 512 2338 569 Laudate
2372 513 2664 569 Dominum
2690 515 2746 570 in
2774 517 2977 572 sanctis
3004 517 3121 587 ejus
3154 536 3171 573 :

1986 606 2046 660 2.
2075 588 2329 661 Laudate
2357 621 2479 660 eum
2509 607 2563 661 in
2602 606 2946 664 ﬁrmamento
2972 610 3187 666 virtutis
3213 610 3353 681 ejus.

1993 696 2047 750 5.
2090 695 2332 750 Laudate
2362 711 2485 751 eum
2519 696 2573 750 in
2602 697 2898 753 virtutibus
2926 700 3044 769 ejus
3077 718 3091 753 :

1994 788 2046 841 ι.
2092 786 2333 843 Laudate
2380 803 2504 844 eum
2565 791 2864 846 secundum
2917 791 3322 850 multitudinem
3368 809 3486 849 mav

1923 878 2226 949 gnitudinis
2271 879 2412 949 ejus.

1993 968 2045 1023 5.
2089 967 2331 1024 Laudate
2362 984 2487 1023 eum
2530 970 2584 1024 in
2613 985 2748 1026 sono
2780 972 2921 1027 tubae
2949 990 2966 1029 :

1993 1057 2046 1113 6.
2087 1056 2327 1114 Laudate
2356 1074 2483 1114 eum
2512 1060 2565 1115 in
2611 1061 2868 1131 psalterio
2899 1072 2952 1118 et
2986 1063 3219 1122 cithara.

1996 1147 2047 1202 7.
2089 1147 2331 1205 Laudate
2363 1164 2486 1204 eum
2518 1150 2575 1205 in
2618 1160 2875 1223 tympano
2897 1162 2951 1209 et
2976 1155 3142 1210 choro
3174 1174 3190 1211 :

1991 1238 2046 1294 8.
2087 1238 2329 1297 Laudate
2357 1258 2482 1298 eum
2526 1243 2582 1298 in
2615 1244 2835 1301 chordis
2866 1257 2920 1302 et
2950 1262 3176 1317 organo.

1992 1329 2048 1384 9.
2087 1330 2330 1387 Laudate
2356 1348 2480 1388 eum
2507 1334 2562 1388 in
2592 1336 2861 1407 cymbalis
2885 1337 3385 1394 benesonantibus:

1992 1421 2082 1479 10.
2121 1421 2365 1481 Laudate
2390 1440 2514 1481 eum
2545 1426 2603 1481 in
2628 1428 2895 1498 cymbalis
2924 1428 3287 1499 jubilationis.

1358 1594 1728 1651 ATHANASII
1768 1597 2365 1660 INTERPRETATIO.

310 1736 686 1812 Interpretatio
711 1784 728 1811 ,
760 1760 850 1799 seu
894 1747 1156 1816 expositio
1199 1747 1374 1802 ultimi
1402 1750 1597 1818 psalmi
1632 1751 1775 1807 deest
1816 1754 1875 1808 in
1914 1756 2094 1812 codice
2132 1758 2447 1817 Barberino.

772 1930 785 1939 -
858 1902 1006 1954 ΨΑΛ
1021 1942 1033 1954 .
1065 1903 1198 1955 PN'.

323 1988 748 2063 Ἥπροκειμένη
792 1993 1073 2065 ἐπιγραφὴ
1104 1996 1137 2064 ή
1173 1993 1261 2047 διὰ
1305 1994 1404 2065 τῆς
1448 1995 1821 2068 κινναϐάρεως

2525 1912 2735 1970 PSAL.
2777 1913 2885 1969 CL.

1992 1998 2207 2058 Titulus
2238 2004 2565 2074 prmpositus
2603 2006 2887 2061 cinnabari
2931 2006 3172 2076 scriptus
3211 2008 3451 2062 continet
3475 2026 3501 2062 :-

235 2079 513 2152 περιέχει*
548 2082 944 2151 Ἀλληλούῖα,
999 2084 1075 2147 ὡς
1124 2084 1465 2156 προείρηκα,
1516 2087 1612 2140 καὶ⁹
1660 2087 1822 2141 πάλιν

1963 2091 2177 2159 .lleluia,
2229 2104 2289 2148 ut
2321 2104 2477 2151 antea
2519 2097 2653 2164 dixi,
2699 2107 2754 2153 et
2792 2098 2989 2153 iterum
3018 2098 3143 2155 dico
3185 2116 3200 2155 :
3232 2096 3494 2170 ιαιῑᾱῐίῖε,

234 2170 412 2240 λέγω·
439 2173 749 2238 Αἰνέσατε,
783 2173 1096 2243 ὑμνήσατε
1125 2175 1233 2229 τὸν
1260 2175 1405 2229 ὄντα
1441 2177 1609 2231 Θεόν.

312 2263 365 2317 1.
394 2265 604 2317 Αἰνεῖτε
619 2265 710 2318 τὸν
731 2264 862 2318 Θεὸν
888 2267 946 2319 ὲν
976 2269 1090 2330 τοῖς
1113 2267 1288 2335 ἁγίοις
1314 2266 1499 2322 αὑτοῦ.

307 2354 517 2407 Αἰνεῖτε
563 2354 656 2407 τὸν
708 2354 839 2409 Θεὸν
887 2357 944 2408 ὲν
996 2358 1110 2419 τοῖς
1151 2355 1329 2424 ἁγίοις
1366 2355 1530 2410 αὑτοῦ
1562 2397 1576 2423 ,
1622 2356 1717 2410 καί
1765 2358 1824 2412 ὲν

236 2447 354 2509 τοῖς
376 2445 553 2513 ἁγίοις
583 2446 1005 2518 προστάγμασιν
1038 2445 1226 2499 αὐτοῦ.

310 2536 365 2591 2.
390 2539 599 2590 Αἰνεῖτε
616 2539 777 2593 αὐτὸν
796 2540 853 2590 ὲν
870 2536 1210 2609 περεὼματι
1224 2538 1322 2608 τῆς
1336 2538 1613 2610 δυνάμεως
1635 2537 1820 2593 αὑτοῦ.

324 2630 414 2683 Ἐν
443 2633 507 2702 τῇ
543 2630 724 2684 πίστει
766 2631 866 2702 τῆς
889 2631 1110 2703 χάριτος
1139 2628 1328 2683 αὑτοῦ.

311 2721 366 2775 ὅ.
396 2723 604 2775 Αἰνεῖτε
632 2722 792 2775 αὐτὸν
823 2723 914 2775 ἐπὶ
941 2725 1062 2786 ταῖς
1085 2721 1426 2785 δυναστείαις
1449 2721 1616 2777 αὑτοῦ
1637 2736 1653 2754 ⁶

327 2813 416 2865 Ἐν
440 2815 555 2877 τοῖς
581 2814 897 2884 παθήμασιν
920 2814 1108 2868 αὐτοῦ.

314 2903 368 2959 4.
400 2907 606 2959 Αἰνεῖτε
627 2907 788 2960 αὐτὸν
811 2908 953 2962 κατά
984 2907 1045 2960 τὸ
1077 2906 1281 2979 πλῆθος
1311 2908 1412 2979 τῆς
1442 2907 1828 2980 μεγαλωσύνης

239 2996 432 3050 αὐτοῦ.

316 3087 512 3152 Καθὼς
544 3088 800 3161 ἀνίκητος
823 3091 1089 3162 ὑπάρχεις
1124 3089 1225 3161 (ιι).

317 3180 371 3235 5.
396 3182 606 3234 Αἰνεῖτε
631 3181 790 3234 αὐτὸν
815 3181 872 3234 ὲν
896 3183 1013 3252 ἧχῳ
1049 3183 1349 3252 σάλπιγγος
1369 3199 1384 3212 '

329 3273 417 3325 ’Ev
447 3271 523 3342 τῷ
547 3274 859 3343 κηρύγματι
882 3272 1070 3326 αὐτοῦ.

317 3363 370 3418 6.
396 3366 605 3417 Αἰνεῖτε
634 3363 793 3417 αὑτὸν
823 3366 881 3416 ὲν
908 3364 1197 3435 ψαλτηρίῳ
1231 3363 1324 3418 καὶ
1356 3360 1578 3433 κιθάρᾳ.

329 3453 419 3508 Ἐν
450 3457 517 3525 τῇ
544 3454 726 3524 χάριτι
750 3453 841 3506 τοῦ
866 3453 1178 3523 Πνεῦματος
1209 3451 1302 3505 τοῦ
1328 3452 1484 3520 ἁγίου
1528 3449 1827 3521 ἁνυμνοῦν-

241 3561 341 3609 τες
386 3546 547 3597 αὑτὸν
600 3546 656 3598 ὲν
689 3545 755 3613 τῇ
797 3542 1013 3614 καρδίᾳ,
1050 3544 1144 3596 καὶ
1193 3545 1260 3614 τῇ
1304 3540 1544 3613 γλώσσῃ,
1592 3542 1827 3604 καὶτοῖς

244 3638 482 3711 χείλεσιν
516 3636 690 3707 ὑμῶν.

319 3731 374 3783 7.
403 3731 611 3782 Αἰνεῖτε
640 3726 801 3780 αὐτὸν
828 3728 886 3778 ὲν
913 3724 1178 3794 τυμπάνῳ
1209 3723 1303 3776 καὶ
1340 3724 1515 3794 χόρῳ’

321 3820 400 3890 Τῇ
433 3816 697 3887 νεκρώσει
732 3815 931 3877 παντὸς
965 3814 1060 3866 τοῦ
1100 3812 1349 3884 σώματος
1380 3811 1536 3883 ὑμῶν
1590 3811 1829 3882 ἀνυμῆ-

250 3925 385 3964 σατε
419 3906 600 3961 αὐτόν.

324 4001 378 4055 8.
405 4000 612 4052 Αἰνεῖτε
638 3996 799 4050 αὑτὸν
825 3996 883 4048 ὲν
913 3994 1130 4066 χορδαῖς
1151 3993 1248 4047 καὶ
1280 3992 1517 4064 ὀργάνῳ.

322 4090 547 4162 Χορδαὶ,
594 4085 923 4158 λογίζομαι,
959 4085 1127 4157 νεῦρά
1174 4087 1312 4151 ὲστι,
1364 4083 1486 4137 καθ’
1512 4081 1683 4137 ἑαυτὰ
1734 4081 1832 4153 μὲν

250 4182 428 4255 νεκρά
481 4182 629 4243 ὄντα,
694 4181 789 4233 καὶ
830 4177 1198 4248 ἀποδεδεμένα
1244 4179 1301 4230 εν
1358 4175 1498 4245 ξύλῳ
1563 4175 1701 4229 τινίο
1751 4192 1836 4227 κι-

252 4276 491 4348 νούμενα
522 4275 579 4328 δὲ
606 4274 710 4326 ὑπό
739 4290 883 4336 τινος
919 4272 1027 4326 τῶν
1071 4269 1350 4341 τεχνιτῶν,
1405 4267 1589 4339 φωνὴν
1639 4268 1835 4320 ἀποτε-

253 4367 440 4422 λοῦσιν
461 4384 472 4395 ·
506 4366 735 4437 ὄργανον
763 4363 821 4417 δὲ
850 4364 1002 4417 αὐλοί
1027 4360 1372 4432 συγκείμενοί
1399 4362 1527 4423 εἰσι,
1551 4358 1647 4412 καὶ
1674 4357 1837 4427 ἀλλή-

254 4458 368 4521 λοις
395 4456 713 4529 μεταδίδωσι
745 4455 807 4508 τὸ
860 4454 1021 4525 μέλος
1050 4452 1397 4524 ἐμπνεόμενα
1424 4450 1529 4503 ὑπὸ
1557 4447 1653 4502 τοῦ
1684 4446 1838 4501 πνεύ-

259 4568 450 4623 ματος,
485 4549 646 4620 ἡνίκα
676 4548 858 4617 ἔχουσι
895 4547 1022 4610 τοὺς
1050 4546 1185 4616 πρὸς
1214 4543 1372 4597 τοῦτο
1395 4542 1590 4606 αὑτοὺς
1623 4538 1836 4593 κινοῦν-

256 4662 376 4714 τας.
409 4644 617 4698 Αἰνεῖτε
648 4638 740 4694 οὖν
771 4640 931 4694 αὑτὸν
960 4643 1018 4694 ὲν
1042 4642 1162 4701 ταῖς
1188 4636 1422 4699 ἐντολαῖς
1445 4638 1563 4698 ταῖς
1591 4634 1834 4696 λεπταῖς,

255 4737 355 4791 καὶ
389 4737 652 4806 ἰσχυραῖς,
678 4733 771 4787 καὶ
791 4736 910 4797 ταῖς
932 4729 1346 4800 ἀπώεδεμέναις
1366 4730 1432 4799 τῇ
1453 4723 1715 4798 νεκρώσει
1742 4722 1836 4777 τοῦ

260 4827 535 4899 σώματος,
567 4828 659 4881 καὶ
683 4829 740 4879 ὲν
773 4829 838 4897 τῇ
875 4825 1065 4898 ἀγάπῃ
1098 4825 1164 4894 τῇ
1199 4820 1571 4893 ἐνεργουμένη
1607 4817 1712 4871 ὑπὸ
1741 4817 1835 4870 τοῦ

258 4914 578 4985 Πνεῦματος
607 4913 701 4965 τοῦ
743 4912 900 4981 ἁγίου
925 4955 939 4975 ,
974 4913 1068 4966 καὶ
1103 4910 1455 4982 μεταδιδοῦσα
1504 4907 1612 4962 ἀπὸ
1643 4905 1835 4959 τούτου

262 5008 344 5070 εἰς
369 5006 528 5059 τοῦτο
550 5044 566 5070 ,
598 5006 694 5059 καὶ
729 5003 1011 5075 πληροῦσα
1053 4998 1233 5065 πάσας
1280 5000 1416 5072 ὁμοῦ
1451 4999 1549 5062 τὰς
1599 4997 1841 5064 ὲντολάς,

262 5099 362 5152 καὶ
386 5100 551 5152 πᾶσιν
574 5096 904 5168 ἁκουομένη,
934 5098 982 5149 εἰ
1007 5095 1368 5167 διατυγχάνει,
1400 5092 1531 5146 ὡσεὶ
1552 5092 1645 5146 τοῦ
1680 5091 1841 5162 ὀργά-

262 5206 358 5244 νου
391 5190 565 5260 φωνή.

336 5284 390 5338 9.
417 5283 626 5336 Αἰνεῖτε
660 5280 822 5334 αὐτὸν
854 5281 912 5333 ὲν
947 5276 1245 5349 κυμϐάλοις
1272 5276 1490 5346 εὐήχοις
1511 5291 1524 5304 ·

352 5375 476 5428 Ἀνυ
485 5375 665 5445 μνεῖτε
686 5372 848 5426 αὐτὸν
865 5374 922 5425 ὲν
935 5372 1048 5434 τοῖς
1065 5368 1265 5439 χείλεσι
1283 5367 1375 5420 τοῦ
1397 5365 1643 5436 σώματος
1664 5366 1693 5418 ὑ
1701 5362 1840 5435 μῶν.

343 5466 430 5519 10.
455 5466 667 5517 Αἰνεῖτε
692 5464 853 5517 αὐτὸν
884 5464 940 5516 ὲν
963 5459 1261 5532 κυμϐάλοις
1283 5457 1620 5528 ἀλαλαγμοῦ.

342 5557 454 5610 Καὶ
481 5559 539 5610 ἐν
567 5557 890 5626 στεναγμοῖς
921 5552 1206 5624 ἀλαλήτοις
1228 5550 1328 5621 τῆς
1351 5548 1583 5611 διανοίας
1609 5547 1784 5619 ὑμῶν.

350 5713 426 5786 (ιι)
462 5713 590 5784 Leg.
628 5712 880 5786 ὑπάρχει.

1922 2184 2130 2253 hymnis
2166 2185 2422 2240 celebrate
2444 2186 2635 2251 Deum,
2659 2189 2750 2259 qui
2777 2201 2878 2244 est.

1992 2276 2047 2333 1.
2085 2274 2329 2349 Laudate
2359 2278 2531 2333 Deum
2561 2281 2613 2333 in
2643 2281 2853 2336 sanctis
2883 2280 3003 2351 ejus
3039 2299 3055 2335 :

1992 2364 2235 2422 Laudate
2261 2366 2432 2423 Deum
2464 2369 2519 2424 in
2550 2370 2759 2426 sanctis
2790 2371 2934 2440 ejus,
2964 2378 3020 2425 et
3044 2370 3100 2425 in
3125 2381 3331 2427 sanctis
3358 2387 3497 2443 pras-

1923 2459 2098 2529 ceptis
2122 2459 2264 2529 ejus.

1992 2549 2049 2604 2.
2088 2549 2330 2606 Laudate
2355 2567 2483 2607 eum
2510 2553 2564 2607 in
2588 2553 2940 2609 ﬁrmamento
2968 2554 3187 2612 virtutis
3212 2555 3353 2626 ejus.

1992 2640 2053 2696 In
2091 2643 2197 2698 ﬁde
2231 2643 2524 2701 charitatis
2555 2646 2697 2716 ejus.

1994 2736 2050 2795 5.
2086 2736 2332 2794 Laudate
2361 2754 2489 2795 eum
2535 2741 2592 2794 in
2625 2740 2918 2797 virtutibus
2949 2740 3071 2812 ejus
3099 2761 3113 2796 :

1994 2830 2056 2885 In
2092 2831 2446 2901 passionibus
2481 2832 2621 2903 ejus.

1995 2920 2051 2975 4.
2092 2920 2337 2977 Laudate
2368 2938 2495 2978 eum
2532 2924 2832 2980 secundum
2862 2923 3266 2980 multitudinem
3293 2925 3500 2996 magni-

1929 3010 2133 3065 tudinis
2155 3011 2297 3081 ejus.

1996 3102 2135 3158 Cttm
2177 3102 2514 3159 invincibilis
2549 3103 2638 3159 sit.

1998 3195 2052 3249 5.
2092 3190 2336 3249 Laudate
2365 3209 2490 3250 eum
2519 3195 2574 3248 in
2613 3208 2749 3249 sono
2783 3193 2970 3248 tubae:

1851 3264 1895 3324 (ἶ
1997 3283 2057 3340 ln
2100 3286 2490 3359 praedicatione
2519 3286 2661 3355 ejus.

1995 3373 2049 3428 6.
2090 3373 2336 3430 Laudate
2363 3390 2488 3430 eum
2530 3374 2585 3428 in
2620 3373 2883 3443 psalterio
2909 3380 2963 3427 et
2987 3371 3220 3426 cithara-

1998 3466 2053 3521 In
2080 3467 2257 3536 gratia
2288 3467 2527 3535 Spiritus
2559 3465 2736 3521 sancti
2775 3464 3058 3519 laudantes
3086 3478 3211 3518 eum
3237 3461 3295 3515 in
3317 3460 3506 3527 corde,

1928 3568 1980 3614 et
2005 3560 2218 3630 lingua,
2242 3568 2291 3613 el
2325 3559 2487 3614 labiis
2511 3558 2729 3615 vestris.

2003 3737 2055 3796 7.
2096 3737 2338 3792 Laudate
2369 3751 2493 3791 eum
2518 3736 2573 3790 in
2608 3744 2866 3806 tympano
2890 3743 2944 3789 et
2973 3733 3144 3787 choro
3177 3750 3191 3786 :

2001 3828 2422 3883 Mortiﬁcatione
2443 3827 2613 3883 totius
2638 3826 2886 3897 corporis
2909 3824 3081 3881 vestri
3111 3820 3331 3877 laudate
3357 3834 3504 3875 eum.

2001 4002 2055 4057 8.
2098 4002 2344 4058 Laudate
2375 4017 2499 4057 eum
2533 4002 2585 4056 in
2615 4000 2836 4057 chordis
2875 4009 2930 4055 et
2961 4013 3189 4070 organo.

2001 4096 2250 4160 Chordze,
2279 4106 2339 4150 ut
2372 4103 2527 4166 puto,
2568 4093 2721 4149 nervi
2753 4100 2881 4148 sunt
2912 4093 2966 4146 in
3016 4107 3076 4147 se
3123 4088 3258 4161 ipsis
3287 4086 3506 4160 quidem

1936 4187 2159 4251 mortui,
2205 4195 2261 4241 et
2288 4187 2523 4256 colligati
2567 4188 2623 4239 in
2662 4184 2902 4254 quodam
2947 4182 3120 4252 ligno,
3151 4180 3282 4235 moti
3326 4187 3507 4233 autem

1936 4280 2003 4333 ab
2032 4278 2217 4347 aliquo
2246 4276 2425 4347 perito
2455 4275 2666 4330 artiﬁce
2690 4289 2877 4329 vocem
2916 4272 3176 4328 efficiunt.
3233 4268 3507 4340 Organum

1937 4375 2119 4423 autem
2156 4368 2350 4422 ﬁstulae
2392 4376 2690 4436 compactae
2737 4374 2887 4428 sunt,
2921 4372 2977 4418 et
3014 4363 3245 4417 invicem
3292 4362 3509 4415 harmo-

1940 4462 2085 4515 niam
2117 4460 2372 4515 emittunt
2404 4459 2600 4528 spiritu
2634 4457 2850 4521 inﬂatae,
2884 4470 3008 4510 cum
3038 4454 3259 4513 habent,
3302 4453 3392 4521 qui
3416 4465 3510 4505 cas

1942 4554 2007 4608 ad
2039 4553 2091 4607 id
2143 4560 2417 4606 moveant.
2454 4549 2696 4604 Laudate
2741 4550 2907 4617 igitur
2954 4562 3076 4601 eum
3122 4545 3177 4599 in
3226 4541 3511 4613 prteccptis

1945 4643 2278 4707 subtilibus,
2339 4649 2394 4696 et
2437 4640 2654 4703 validis,
2715 4649 2769 4694 et
2827 4637 3053 4709 illigatis
3105 4630 3510 4689 mortilicationi

1943 4732 2209 4802 corporis,
2239 4738 2293 4786 et
2334 4731 2390 4784 in
2433 4731 2720 4793 cltaritate,
2767 4742 2887 4797 quae
2939 4725 3168 4779 eﬂicitur
3212 4737 3241 4775 a
3304 4718 3510 4788 Spiritu

1944 4834 2152 4889 sancto,
2185 4833 2239 4879 et
2272 4822 2466 4877 tradita
2495 4837 2562 4874 ex
2597 4821 2700 4874 hoc
2734 4821 2787 4873 in
2813 4817 2964 4876 illud.
2993 4825 3047 4870 et
3077 4814 3307 4882 implens
3328 4808 3508 4864 omnia

1945 4916 2107 4971 simul
2136 4923 2423 4985 praecepta,
2445 4921 2498 4968 et
2523 4912 2589 4967 ab
2612 4910 2869 4966 omnibus
2902 4907 3106 4971 audita,
3132 4906 3178 4959 si
3201 4903 3364 4965 adsit,
3390 4900 3507 4955 vel-

1949 5019 2008 5065 ut
2040 5007 2232 5079 organi
2263 5020 2391 5065 vox.

2017 5268 2070 5323 9.
2114 5265 2357 5320 Laudate
2386 5278 2510 5318 eum
2544 5265 2597 5317 in
2629 5258 2890 5332 cymbalis
2920 5255 3054 5310 bene
3077 5252 3438 5308 sonantibus:

2020 5356 2264 5412 Laudate
2293 5368 2418 5409 eum
2448 5354 2503 5407 in
2544 5351 2706 5405 labiis
2735 5344 2983 5415 corporis
3010 5343 3197 5400 vestri.

2022 5446 2111 5503 lO.
2152 5444 2394 5500 Laudate
2432 5458 2555 5497 eum
2603 5442 2657 5495 in
2685 5436 2946 5509 cymbalis
2973 5430 3334 5505 jubilationis.

2020 5541 2088 5597 Et
2112 5541 2166 5595 in
2202 5537 2493 5611 gemitibus
2522 5530 2974 5590 inenarrabilibus
3008 5531 3204 5581 mentis
3231 5532 3442 5580 vetttrtc.
