3990 6208
518 321 654 393 ist:

588 454 673 514 11.
711 450 899 510 Omnis
931 449 1151 520 spiritus
1186 446 1369 501 laudet
1395 445 1704 500 Dominum.

1363 326 1419 380 S.
1459 323 1831 380 ATHANASII
1863 323 2011 380 OPP.
2053 322 2232 378 PARS
2262 320 2347 377 lll.
2384 352 2453 361 —
2490 318 2894 376 EXEGETICA.

2100 460 2146 516 Α
2245 445 2327 498 Η.
2365 445 2518 496 Πᾶσα
2545 443 2680 513 πνοὴ
2713 443 2981 495 αἰνεσάτω
3000 435 3093 495 τὸν
3113 406 3331 516 Κυριονξ

3597 326 3735 383 1544

1626 574 1997 630 ATHANASII
2042 574 2622 630 INTERPRETATIO.

592 697 671 751 ll.
710 692 900 751 Omnis
932 691 1157 761 spiritus
1197 689 1382 746 laudet
1410 688 1722 745 Dominum.

584 785 802 840 Psallitc
834 783 1049 853 spiritu,
1082 781 1294 852 psallite
1334 789 1389 834 et
1414 789 1615 843 mente,
1650 780 1753 834 hoc
1799 786 1882 834 est
1905 778 2073 850 glori-
2142 801 2149 809 ν

517 878 670 934 licate
695 875 863 930 Deum
901 881 954 929 et
978 873 1159 927 anima
1186 880 1239 927 et
1267 885 1496 942 corpore
1525 878 1724 925 vestro.

2247 689 2332 743 11.
2368 690 2525 743 Πᾶσα
2555 689 2690 761 πνοὴ
2720 690 2985 744 αἰνεσάτω
3005 689 3097 744 τὸν
3128 690 3349 764 Κύριον.

2240 780 2461 843 Ψάλατε
2514 780 2591 852 τῷ
2638 780 2902 850 πνεύματι
2928 821 2943 846 ,
2979 782 3182 851 ψὰλατε
3209 784 3318 852 καὶ,
3339 782 3419 853 τῷ
3451 781 3552 846 νοῒ,
3579 801 3731 838 τουτο

2174 870 2309 934 ἐστι,
2342 869 2596 935 δοξάσατε
2626 869 2690 942 δὴ
2737 870 2828 924 τὸν
2856 870 2987 925 Θεὸν
3012 873 3104 926 καὶ
3129 874 3194 942 τῇ
3223 872 3367 943 ψυχῇ
3401 873 3494 926 καὶ
3524 873 3602 943 τῷ
3632 874 3730 927 σώ-

2177 976 2303 1029 ματι
2329 959 2500 1030 ὑμῶν.

524 1164 3691 1201 W

1409 1312 1490 1373 IN
1534 1311 1957 1373 EXCERPTA
2004 1312 2081 1371 IN
2147 1309 2289 1371 JOB
2340 1309 2808 1371 ADMONITIO

586 1504 864 1559 Athanasii
884 1503 1178 1573 fragmenta
1206 1500 1384 1554 ist/uec
1421 1514 1485 1553 ea:
1531 1497 1735 1552 Nicette
1790 1496 2116 1552 Heracleam:
2154 1511 2337 1554 catena
2391 1499 2669 1566 desumpta
2717 1497 2975 1552 habentur
3022 1500 3076 1551 in
3104 1501 3249 1568 prius
3281 1501 3461 1555 editis.
3498 1500 3602 1554 Sed
3618 1504 3738 1569 jam

519 1599 755 1653 auctiora
780 1608 831 1652 et
855 1597 1212 1651 cmendatiora
1254 1596 1511 1665 prodeunt
1557 1611 1621 1648 ea:
1661 1594 1834 1647 codice
1877 1593 2036 1663 Regio
2079 1594 2239 1648 2454.
2280 1593 2414 1649 Sunt
2456 1604 2631 1648 autem
2658 1603 2902 1662 excerpta
2922 1602 2971 1647 et
2994 1607 3236 1661 expressa
3264 1609 3329 1647 ea:
3360 1593 3522 1646 variis
3566 1592 3735 1646 Atha-

519 1691 655 1744 nasii
697 1705 907 1760 operum
934 1690 1083 1756 locis,
1116 1688 1205 1744 sed
1239 1704 1343 1742 non
1369 1688 1556 1742 iisdem
1582 1687 1769 1742 verbis.
1815 1684 1937 1739 Non
1976 1687 2112 1741 enim
2149 1688 2316 1757 fertur
2343 1687 2669 1741 Athanasius
2698 1687 3075 1740 commentaria
3104 1686 3160 1739 in
3196 1684 3389 1739 Jobum
3409 1685 3655 1741 edidisse.

585 2000 887 2056 Athanasii.
940 1999 1096 2066 Quod
1136 2010 1314 2055 autem
1359 1999 1640 2070 Scriptura
1679 2000 1825 2055 dicat
1861 2021 1873 2056 :
1907 2001 2064 2056 Facti
2124 1992 2127 1995 ’

518 2101 635 2147 sunt
685 2093 732 2146 ei
780 2100 970 2159 septem
1010 2092 1112 2161 ﬁlii
1151 2092 1218 2153 ³⁷,
1276 2091 1328 2145 id
1384 2092 1544 2146 nobis
1605 2091 1866 2149 adversus
1909 2094 2067 2147 Ario-

519 2183 746 2237 manitas
804 2180 908 2236 fert
968 2197 1127 2251 opem
1170 2200 1183 2236 :
1230 2182 1323 2252 qui
1374 2182 1530 2251 quasi
1582 2197 1805 2254 magnas
1847 2185 2068 2240 haeresis

518 2290 627 2331 sum
670 2275 941 2343 suppetias
990 2274 1119 2328 illud
1170 2283 1454 2344 usurpant,
1494 2277 1638 2344 quod
1694 2277 1762 2330 ab
1809 2277 2069 2347 Apostolo

518 2366 579 2420 de
629 2363 918 2433 Unigenito
958 2364 1159 2418 dictum
1224 2373 1307 2418 est
1357 2382 1371 2419 :
1416 2363 1653 2418 Fidelem
1702 2366 1749 2419 ei
1804 2368 1894 2437 qui
1951 2367 2071 2437 fecit

519 2458 684 2526 ipsum
701 2456 745 2488 "
773 2475 784 2509 :
819 2464 981 2524 atque
1006 2456 1201 2511 acriter
1222 2457 1571 2524 contendunt,
1601 2457 1796 2511 Filium
1829 2458 1924 2514 Dei
1953 2476 2074 2515 rem

517 2559 633 2599 esse
676 2541 894 2598 factam.
926 2543 997 2596 At
1039 2542 1347 2613 hujusmodi
1381 2544 1614 2600 fulcrum
1645 2549 1801 2616 quasi
1830 2549 2074 2605 calamus

519 2635 780 2689 contritus
805 2643 889 2688 est
915 2633 1068 2704 ipsis.
1116 2633 1344 2701 Quando
1370 2652 1603 2706 namque
1635 2639 1940 2693 substantia
1991 2649 2075 2695 est

519 2725 640 2795 quid
680 2725 879 2781 factum
928 2736 1021 2780 aut
1061 2737 1322 2794 creatum,
1368 2736 1499 2783 tunc
1548 2729 1717 2794 illud,
1767 2732 1984 2794 creavit,
2018 2740 2073 2786 et

518 2816 657 2883 fecit,
702 2817 921 2886 proprie
945 2817 1012 2871 de
1040 2817 1107 2871 iis
1155 2818 1317 2873 rebus
1347 2819 1619 2884 dicuntur,
1666 2829 1719 2874 et
1766 2820 2074 2889 signiﬁcant

2238 1998 2662 2059 ’AOANAZIOY.
2699 1997 2773 2052 Τό
2800 2014 2863 2066 γε
2884 1997 2961 2069 (1)
2991 1998 3099 2071 μὴν
3123 1998 3298 2066 λέγειν
3341 1997 3440 2067 τὴν
3469 1997 3726 2070 Γραφὴν·

2181 2097 2483 2168 Ἐγένοντο
2502 2092 2571 2147 δὲ
2598 2090 2758 2156 αὐτῷ
2773 2091 2921 2144 ἑπτὰ
2942 2091 3078 2157 υἱοὶ,
3104 2091 3197 2145 καὶ
3219 2090 3355 2160 πρὸς
3374 2092 3522 2154 τοὺς
3538 2091 3743 2162 Ἄρειο-

2174 2189 2399 2258 μανίτας
2428 2188 2557 2258 ἡμῖν
2590 2183 2961 2255 συμϐαλεῖταγ
2992 2182 3042 2235 οἳ
3077 2183 3152 2246 ὼς
3184 2182 3323 2253 μέγα
3364 2180 3621 2253 βοήθημα
3645 2184 3741 2254 τῆς

2170 2281 2431 2352 αἱρέσεως
2456 2276 2636 2332 αὐτῶν
2682 2274 2971 2344 κατέχουσι
3007 2273 3068 2326 τὸ
3114 2273 3243 2345 περὶ
3279 2273 3373 2327 τοῦ
3403 2273 3742 2341 Μονογενοῦς

2174 2370 2327 2442 παρὰ
2356 2368 2448 2423 τοῦ
2484 2364 2803 2420 Ἀποστόλου
2835 2364 3123 2435 λεγόμενον
3145 2380 3157 2392 ·
3208 2362 3435 2416 Πιστὸν
3482 2363 3633 2417 ὄντα
3665 2362 3743 2429 τῷ

2173 2462 2492 2530 ποιήσαντι
2539 2458 2755 2512 αὐτόν’
2803 2455 2897 2508 καὶ
2951 2454 3308 2524 φιλονεικοῦσι
3355 2454 3574 2525 ποίημα
3610 2450 3744 2508 εἶναι

2172 2550 2262 2609 τὸν
2287 2550 2382 2603 τοῦ
2407 2547 2539 2603 Θεοῦ
2567 2546 2714 2601 Υίόν.
2753 2546 2908 2599 Ἔστι
2958 2545 3015 2598 δὲ
3050 2544 3230 2607 αὐτοῖς
3273 2544 3517 2615 καλαμος
3555 2544 3743 2597 τεθλαο

2174 2639 2367 2710 σμένος
2417 2637 2573 2691 τοῦτο
2628 2638 2686 2689 τὸ
2715 2634 2963 2707 ἔρεισμα.
3012 2633 3181 2687 Ὅταν
3234 2634 3330 2704 μὲν
3384 2634 3497 2705 γὰρ
3524 2635 3559 2704 ἠ
3592 2633 3744 2687 οὐσία

2173 2731 2382 2801 ποίημα
2409 2725 2558 2803 ᾗκαὶ
2584 2728 2809 2798 κτίσμα,
2846 2723 3147 2797 τηνικαῦτα
3184 2724 3242 2777 τὸ
3269 2763 3284 2787 ,
3323 2725 3599 2791 ἐποίησε,
3652 2725 3743 2778 καὶ

2171 2824 2250 2888 τὸ,
2281 2822 2501 2885 ἔκτισε,
2528 2819 2732 2891 κυρίως
2763 2818 2855 2872 ἐπὶ
2885 2818 3063 2871 αὐτῶν
3090 2817 3324 2887 λέγεται,
3359 2817 3457 2870 καὶ
3484 2818 3740 2889 σημαίνει

518 2923 627 2961 rem
654 2906 871 2962 factam.
907 2908 1043 2962 Cum
1099 2920 1280 2964 autem
1333 2911 1636 2965 substantia
1683 2913 1862 2981 proles
1908 2921 1992 2968 est
2020 2924 2073 2969 et

2179 2915 2231 2966 τὸ
2258 2913 2486 2983 ποίημα
2516 2912 2640 2963 ὅταν
2662 2909 2719 2963 δὲ
2746 2910 2779 2981 ἡ
2801 2909 2957 2962 οὐσία
2974 2909 3221 2978 γέννημα
3302 2910 3396 2962 καὶ
3419 2909 3559 2973 υίὸς,
3586 2908 3648 2961 τό
3664 2924 3744 2972 τε,

517 2998 679 3063 ﬁlius,
714 3007 842 3053 tunc
885 2997 1038 3063 illud,
1086 2998 1230 3069 fecit,
1280 3010 1333 3056 et
1371 3002 1568 3070 factum
1603 3014 1711 3069 est,
1760 3013 1814 3058 et
1858 3006 2070 3073 creavit,

516 3104 622 3142 non
653 3091 869 3159 proprie
904 3100 1254 3158 usurpantur,
1289 3105 1462 3161 neque
1496 3106 1612 3146 rem
1662 3090 1861 3147 factam
1907 3095 2071 3163 signi-

516 3179 698 3243 ﬁcant,
727 3178 818 3234 sed
855 3195 953 3249 pro
982 3182 1068 3234 illa
1092 3196 1246 3242 voce.
1283 3184 1483 3251 genuit,
1515 3183 1638 3250 iSta,
1673 3184 1815 3253 fecit,
1862 3184 2073 3240 indiﬂ‘e-

515 3277 698 3324 renter
748 3269 872 3339 quis
906 3270 1100 3323 utitur.
1140 3269 1324 3339 Itaque
1366 3287 1485 3326 sese
1532 3273 1715 3326 Ariani
1765 3273 2069 3328 damnaturi

516 3368 665 3422 sunt,
700 3358 748 3413 si
798 3358 1092 3421 Scriptura:
1153 3377 1321 3415 sacra:
1368 3363 1750 3431 proprietatem
1805 3364 2068 3420 ediscant.

516 3447 653 3501 Nam
682 3448 727 3502 si
763 3447 956 3516 factos,
997 3451 1192 3515 editos,
1224 3462 1454 3517 creatos,
1484 3468 1513 3506 a
1543 3469 1601 3508 se
1629 3446 1842 3525 genitus
1870 3457 2069 3512 liberos

496 3548 765 3615 [parentes
791 3540 992 3606 dicant,
1025 3557 1135 3596 non
1172 3553 1349 3597 tamen
1380 3555 1624 3598 naturam
1659 3547 1735 3600 illi
1783 3547 2069 3618 abnegant.

517 3626 779 3688 Ezechias
820 3630 999 3703 igitur.
1037 3641 1097 3687 ut
1141 3633 1195 3689 in
1229 3630 1362 3690 Isaia
1412 3635 1673 3707 scriptum
1716 3648 1821 3705 est2
1864 3640 2070 3696 orando

516 3721 755 3777 dicebat:
778 3722 855 3776 Ex
879 3723 980 3779 hoc
1004 3725 1092 3782 die
1120 3726 1257 3782 tilios
1280 3728 1495 3796 laciam,
1515 3745 1666 3798 voce,
1693 3731 1912 3800 faciam,
1943 3749 2074 3788 usus

515 3829 616 3884 pro
655 3828 805 3881 voce,
840 3816 1068 3886 gignam,
1121 3817 1252 3871 dum
1287 3818 1355 3873 de
1392 3818 1460 3873 iis
1505 3820 1598 3890 qui
1651 3837 1681 3876 a
1732 3838 1790 3876 se
1823 3822 2075 3893 gignendi

516 3914 671 3960 erant
703 3906 1029 3976 loqueretur.
1064 3907 1251 3980 Neque
1291 3909 1468 3966 diﬂ'ert
1500 3913 1795 3967 ullatenus.

586 4056 785 4141 Etfhic
813 4085 881 4141 de
929 4083 1031 4142 Job
1061 4086 1268 4141 dictum
1318 4095 1451 4143 est:
1492 4086 1651 4140 Facti
1704 4095 1827 4142 sunt
1880 4089 1926 4142 ei
1974 4087 2075 4157 ﬁlii

516 4180 785 4247 septem”.
804 4176 1402 4244 Quemadmadmodum
1426 4188 1479 4235 et
1502 4179 1712 4251 Moyses
1737 4180 1788 4234 in
1814 4181 1929 4253 lege
1957 4181 2032 4235 ait
2059 4199 2072 4235 :

519 4267 577 4323 Si
603 4266 730 4322 facti
763 4265 982 4323 fuerint.

585 4357 832 4412 Primum
878 4359 1253 4427 quaerendum,
1297 4374 1365 4413 an
1420 4359 1563 4414 ﬁlius
1612 4368 1716 4415 est.
1774 4359 1889 4415 Hoc
1930 4360 2072 4414 enim

2171 3005 2437 3071 ἐποίησε,
2470 3002 2562 3055 καὶ
2591 3001 2674 3065 τὸ,
2703 3000 2960 3070 ἐγένετο,
2991 3003 3085 3054 καὶ
3111 3001 3193 3062 τὸ,
3228 3000 3490 3062 ἔκτισεν,
3515 2999 3619 3052 οὐκ
3666 2999 3741 3051 ἔτι

2172 3093 2372 3164 κυρίως
2399 3092 2483 3145 ἐπ’
2525 3088 2685 3143 αὐτοῦ
2715 3093 2910 3154 κεῖται,
2938 3091 3057 3144 οὐδὲ
3086 3090 3293 3160 ποίημα
3332 3087 3745 3159 σημαίνει,ἀλλ’

2171 3185 2289 3238 ἀντὶ
2320 3182 2413 3236 τοῦ
2437 3182 2729 3252 ἐγέννησε
2785 3181 2862 3252 τῷ
2892 3182 3176 3248 ἐποίησεν
3198 3180 3505 3251 ἀδιαφόρως
3530 3197 3617 3242 τις
3648 3180 3740 3233 κέ-

2171 3291 2369 3346 χρηται
2415 3274 2637 3343 ῥήματι.
2706 3272 2868 3325 Ὥστε
2921 3269 3357 3338 καταγνώσονται
3415 3269 3628 3323 ἑαυτῶν
3686 3271 3735 3322 οἱ

2184 3365 2466 3436 Ἀρειανοὶ,
2497 3365 2545 3415 εἰ
2571 3362 2790 3434 μάθοιεν
2810 3361 2870 3414 τὸ
2889 3361 2988 3431 τῆς
3018 3359 3238 3430 Γραφῆς
3263 3360 3458 3431 ἰδίωμα
3477 3378 3489 3388 ·
3518 3362 3621 3414 καὶ
3640 3360 3745 3430 γὰρ

2171 3457 2220 3508 εί
2258 3453 2625 3526 ποιουμένους,
2647 3452 2740 3506 καὶ
2767 3451 3098 3522 γινομένους,
3123 3453 3213 3504 καὶ
3241 3449 3595 3521 κτιζομένους
3620 3451 3743 3513 τοὺς

2172 3548 2233 3612 ἐξ
2281 3545 2459 3600 αὐτῶν
2490 3545 2790 3616 φυομένους
2836 3543 3044 3611 λέγοιεν
3085 3544 3134 3595 oi
3172 3544 3367 3611 γονεῖς,
3399 3542 3549 3594 οὐδὲν
3586 3536 3743 3612 ἦττον

2172 3640 2271 3693 οὐκ
2299 3636 2584 3708 ἀρνοῦνται
2620 3635 2716 3705 τὴν
2758 3635 2935 3703 φύσιν.
2983 3633 3041 3685 'O
3071 3630 3200 3700 γοῦν
3252 3629 3529 3701 Ἐζεκίας,
3584 3631 3661 3695 ὡς
3692 3634 3746 3685 ὲν

2174 3729 2253 3787 τῶ
2307 3729 2502 3800 Ἡσαΐᾳ
2528 3727 2833 3798 γέγραπται
2857 3763 2873 3791 ,
2907 3724 3195 3795 εὐχόμενος
3228 3721 3412 3789 ἔλεγεν
3434 3741 3447 3752 ο
3473 3723 3614 3775 Ἀπὸ
3640 3723 3745 3791 γὰρ

2174 3822 2268 3893 τῆς
2317 3820 2556 3893 σήμερον
2604 3818 2791 3871 παιδία
2832 3819 3059 3888 ποιήσω,
3099 3814 3219 3871 ἀντὶ
3246 3814 3358 3879 τοῦ,
3393 3816 3665 3884 γεννήσω,
3690 3815 3744 3867 τὸ

2177 3910 2407 3978 ποιήσω
2429 3907 2802 3981 είρψιὼςιχαὶ
2815 3908 2939 3971 τοὺς
2967 3907 3025 3971 ἐξ
3048 3904 3210 3959 αὑτοῦ
3231 3904 3533 3976 φυομένους
3554 3904 3744 3958 εἰπὼν.

2175 4002 2286 4055 Καὶ
2318 4004 2376 4055 οὐ
2408 4000 2736 4071 διαφέρεται.

2246 4092 2536 4146 Κάνταῦθα
2562 4092 2620 4144 δὲ
2658 4088 2788 4162 περὶ
2826 4087 2921 4142 τοῦ
2976 4086 3095 4141 Ἰὼϐ
3137 4086 3385 4159 εἴρηται·
3434 4086 3745 4157 Ἐγένοντο

2174 4184 2242 4238 δὲ
2263 4183 2422 4250 αὐτῷ
2444 4178 2560 4238 υἱοὶ
2585 4183 2736 4235 ἑπτα
2755 4198 2767 4212 ο
2804 4180 2989 4250 ὥσπερ
3017 4180 3112 4234 καὶ
3133 4179 3373 4250 Μωῦσῆς
3405 4179 3463 4232 ὲν
3490 4178 3568 4249 τῷ
3600 4178 3747 4249 νόμῳ

2177 4273 2338 4345 φησίν
2357 4290 2370 4303 ·
2417 4273 2542 4325 Ἐὰν
2564 4270 2844 4340 γένωνται.

2247 4365 2368 4436 Χρὴ
2399 4363 2657 4434 πρότερον
2705 4360 2907 4431 ζητεῖν.
2938 4360 2986 4411 εί
3021 4358 3132 4423 υἱός
3159 4357 3327 4412 ἐστιν.
3382 4355 3591 4409 Τούτου
3644 4355 3747 4427 γὰρ

520 4458 966 4515 commonstrato,
1021 4452 1162 4505 cadit
1213 4452 1304 4506 illa
1349 4452 1415 4506 de
1462 4467 1519 4506 re
1575 4452 1714 4507 facta
1765 4452 1845 4507 vel
1893 4460 2073 4507 creata

2179 4454 2649 4525 ἀποδεικνυμένου,
2688 4449 2920 4506 παύεται
2943 4451 2975 4522 ἠ
3001 4450 3128 4521 περὶ
3169 4447 3261 4502 τοῦ
3295 4448 3607 4519 ποιήματος
3659 4448 3747 4502 καὶ

519 4539 756 4610 suspicio
790 4558 805 4596 :
838 4540 1200 4611 omnibusque
1239 4543 1587 4611 perspicuum
1638 4551 1735 4609 est,
1786 4541 2072 4597 dictionem

2179 4546 2469 4615 κτίσματος
2499 4543 2743 4604 ὑπόνοια.
2782 4542 2876 4595 καὶ
2908 4538 3116 4611 φανερὰ
3144 4541 3309 4592 πᾶσιν
3342 4537 3646 4603 ἀπόδειξις,
3678 4537 3748 4601 ὡς

521 4621 644 4703 ι]υῶ
686 4632 765 4688 sic
792 4632 981 4697 habet,
1034 4635 1125 4704 qui
1173 4634 1295 4697 fecit
1326 4651 1466 4701 eum,
1499 4634 1703 4688 nullam
1754 4648 1942 4687 eorum
1975 4633 2076 4688 hae-

2179 4639 2207 4707 ἡ
2261 4635 2404 4698 λέξις
2453 4635 2486 4703 ἡ
2516 4632 2768 4700 λέγουσα,
2813 4630 2892 4696 τῷ
2943 4628 3263 4697 ποιήσαντι
3292 4626 3502 4692 αὑτὸν,
3538 4627 3645 4681 οὐκ
3674 4628 3747 4690 εἰς

518 4725 624 4781 resi
674 4726 955 4780 utilitatem
999 4726 1213 4789 all‘erre,
1265 4727 1374 4781 imo
1419 4726 1600 4796 potius
1647 4725 2072 4779 damnationem.

2179 4727 2356 4790 ὗνησίν
2380 4728 2493 4779 ἐστι
2519 4727 2585 4796 τῇ
2616 4724 2826 4794 αἱρέσει
2853 4722 3050 4789 αὐτῶν,
3072 4719 3207 4775 ἀλλὰ
3237 4719 3435 4791 μᾶλλον
3460 4720 3546 4782 εἰς
3573 4719 3743 4772 κατὰ-

519 4815 808 4871 Ostensum
846 4817 989 4872 enim
1024 4816 1145 4881 fuit,
1182 4831 1389 4880 vocem,
1434 4819 1606 4885 factus
1641 4825 1738 4882 est,
1766 4817 1927 4873 etiam
1978 4828 2075 4885 pro

2179 4832 2390 4885 γνωσιν.
2423 4814 2693 4867 Δέδεικται
2751 4811 2879 4883 γὰρ,
2924 4812 3006 4864 ὅτι
3048 4812 3082 4882 ή
3125 4808 3250 4871 τοῦ,
3281 4807 3566 4876 ἐποίησε,
3609 4807 3745 4873 λέξις

520 4909 792 4981 germanis
817 4918 871 4963 et
912 4911 1252 4964 naturalibus
1295 4908 1421 4963 tiliis
1454 4908 1509 4962 in
1555 4909 1739 4964 divina
1792 4907 2074 4978 Scriptura

2179 4910 2270 4961 καὶ
2302 4908 2394 4962 ἐπὶ
2442 4906 2547 4960 τῶν
2576 4904 2811 4976 γνησίων
2843 4902 2936 4957 καὶ
2967 4904 3073 4956 τῶν
3125 4900 3282 4971 φύσει
3332 4899 3541 4953 τέκνων
3584 4901 3645 4951 ἐν
3682 4901 3743 4968 τῇ

518 5000 790 5070 usurpari.
819 5000 997 5066 Quare
1036 5016 1157 5055 cum
1199 5000 1629 5054 demonstratum
1677 5001 1749 5054 sit
1780 4999 2069 5054 Dominum
2108 5039 2114 5093 γ

2179 5001 2297 5072 θεία
2323 5002 2495 5053 κεῖται
2518 4998 2725 5068 Γραφῇ.
2759 4994 2919 5049 ’Ὅθεν
2944 4993 3036 5047 τοῦ
3057 4994 3260 5065 Κυρίου
3286 4992 3742 5062 ἀποδεικνυμένου

517 5107 637 5146 esse
672 5092 968 5146 naturalem
1000 5107 1062 5146 ac
1087 5106 1275 5144 verum
1308 5091 1477 5144 tilium
1499 5131 1514 5156 ,
1546 5091 1672 5146 licet
1695 5091 1763 5145 de
1804 5090 1897 5144 illo
1925 5090 2076 5144 dica-
2108 5081 2114 5093 ’

2183 5094 2338 5163 φύσει
2367 5092 2460 5144 καὶ
2492 5089 2712 5161 γνησίου
2743 5087 2880 5152 υἱοῦ,
2911 5086 3013 5140 κᾶν
3043 5085 3266 5156 λέγηται
3318 5084 3404 5136 ἐπ’
3431 5084 3598 5137 αὐτοῦ
3626 5081 3740 5151 (sic)

518 5197 627 5249 tur,
678 5186 850 5254 factus
895 5194 992 5249 est,
1043 5193 1135 5238 aut
1169 5184 1420 5240 conditus
1461 5183 1582 5249 fuit,
1632 5184 1684 5238 id
1733 5198 2073 5253 nequaquam

2181 5186 2260 5251 τὸ,
2315 5182 2622 5249 ἐποίησεν,
2676 5180 2709 5249 ἢ
2746 5179 2979 5244 ἐγένετο,
3032 5178 3129 5246 οὐχ
3156 5175 3231 5238 ὡς
3265 5175 3571 5257 ποιήματος
3600 5174 3742 5233 ὄντος

517 5278 591 5332 ita
623 5277 821 5331 dicitur
842 5291 907 5330 ac
939 5277 984 5332 si
1010 5276 1081 5331 sit
1115 5276 1228 5345 ipse
1268 5290 1356 5330 res
1382 5285 1585 5340 creata,
1621 5275 1718 5355 sed
1758 5274 2074 5330 indifferen—

520 5377 600 5423 ter
629 5385 691 5424 ea
724 5385 856 5426 voce
886 5376 1111 5423 utuntur
1137 5368 1310 5422 sancti
1349 5367 1470 5421 viri.

595 5546 638 5580 "’
673 5545 775 5603 Job
819 5562 859 5610 ι,
882 5547 937 5601 2.
1043 5547 1087 5579 ’⁸
1119 5544 1278 5601 Hebr.
1317 5562 1398 5612 ιιι,
1429 5545 1482 5598 2.
1586 5545 1630 5576 ²⁹
1664 5542 1765 5597 Job
1811 5560 1849 5609 ι,
1876 5542 1930 5597 2.

2183 5274 2345 5330 αὑτοῦ
2378 5272 2614 5342 λέγεται,
2644 5270 2758 5326 ἀλλ’
2785 5268 3090 5341 αδιαφὸρως
3148 5270 3212 5338 τῇ
3243 5265 3385 5331 λέξει
3419 5264 3663 5337 χρῶνται
3699 5264 3739 5315 oi

2184 5367 2348 5435 ἆγιοι.

607 5724 683 5784 tl)
718 5722 840 5780 Hac
876 5738 1129 5787 expressa
1159 5732 1284 5780 sunt
1311 5738 1376 5779 ex
1408 5724 1640 5777 oratione
1676 5737 1712 5776 ιι
1744 5730 1926 5776 contra
1956 5721 2203 5774 Arianae.
