3990 6208
311 325 447 380 1545

1566 315 1987 387 FRAGMENTA
2025 331 2092 386 lN
2124 331 2261 389 JOB.

3382 312 3519 393 tato

420 445 623 503 Nicette
652 447 983 504 Heracleam:
1015 447 1214 504 Catena
1240 450 1294 504 in
1320 449 1440 514 Job,
1482 455 1725 522 quaedam
1765 454 1875 509 alia
1918 454 2067 509 habet
2099 465 2339 525 excerpta
2382 471 2446 509 ea:
2486 455 2763 511 Athanasii
2795 454 3031 524 operibus
3057 457 3175 526 jam
3216 457 3396 521 eaitis,

926 552 1128 596 tantum
1161 542 1439 612 afferemus
1463 563 1580 618 qua:
1600 564 1854 618 nusquam
1879 556 2087 602 exstant
2115 548 2190 603 uel
2216 549 2498 603 admodum
2530 558 2739 605 mutata
2759 560 2899 606 sunt.

369 655 479 710 Καὶ
508 651 674 711 εἶπεν
704 662 737 712 ό
762 659 904 727 Θεὸς
945 663 1022 729 τῷ
1061 664 1344 730 διαϐόλῳσ
1387 671 1578 725 Πόθεν
1616 670 1839 741 παραγ-ἐ

2035 671 2102 726 Et
2131 674 2210 727 ait
2240 673 2379 729 Deus
2407 673 2616 729 diabolo
2640 690 2658 728 :
2684 672 2830 729 Unde
2852 674 2991 728 venis
3007 674 3093 728 ³⁰⁴ἒ

306 764 481 816 γυνας
498 763 517 811 ἱ

368 838 734 892 Ἄθανασίου.
767 840 918 911 ’Ἅμα
943 843 1000 895 δὲ
1035 843 1110 916 (‘2)
1140 849 1198 900 ὲν
1242 846 1450 913 τούτοις
1491 850 1857 922 παρίσταται,

302 928 347 981 εἰ
376 927 468 980 καὶ
493 927 560 982 τὰ
581 930 781 1001 γενητά
805 932 981 986 πάντα
1004 937 1061 988 έν
1081 939 1502 1009 μεμερισμένοις
1527 943 1709 1006 τόποις
1732 944 1856 1011 εἰσὶ,

300 1019 581 1089 φωστῆρες
602 1020 698 1089 μὲν
726 1023 783 1074 ὲν
801 1021 877 1093 τῷ
898 1025 1253 1097 στερεὼματι,
1281 1029 1413 1101 νέφη
1439 1030 1497 1082 δὲ
1525 1031 1582 1082 ἐν
1611 1031 1690 1102 τῷ
1713 1032 1855 1105 ἀέρι.

300 1109 406 1162 Καὶ
430 1111 543 1172 τοῖς
575 1109 880 1183 ἀνθρώποις
914 1115 1136 1187 ἔστησεν
1165 1119 1287 1189 ὅρια
1307 1119 1475 1174 ἐθνῶν
1493 1139 1506 1153 ’
1540 1125 1587 1176 οἱ
1618 1123 1674 1177 δὲ
1699 1124 1860 1194 ἄγγε-

299 1203 375 1245 non
407 1194 819 1251 ἀποστέλλονται
845 1203 924 1264 είς
950 1201 1243 1271 διακονίας,
1278 1207 1371 1262 καὶ
1390 1209 1741 1267 ἀναϐαίνουσι
1766 1216 1858 1268 καὶ

298 1284 708 1339 καταϐαίνουσιν
735 1290 825 1341 ἐπὶ
854 1291 950 1362 τῆς
978 1293 1260 1364 κλίμακος.
1284 1298 1593 1366 Κάνταῦθα,
1616 1299 1853 1370 Ἦλθον,

298 1375 447 1445 φησὶ,
505 1379 880 1449 παραστῆναι
934 1385 1182 1441 ἐνώπιον
1222 1390 1460 1457 Κυρίου.
1506 1393 1614 1446 Καὶ
1668 1395 1857 1460 πεῦσις

300 1466 495 1533 γίνεται
543 1469 679 1539 πρὸς
712 1470 800 1523 τὸν
830 1472 1069 1530 διάϐολον
1095 1496 1108 1509 σ
1168 1481 1358 1535 Πόθεν
1401 1484 1855 1557 παραγέπυνας;

296 1557 455 1611 Ὥστε
488 1561 544 1612 ἐν
574 1561 722 1632 τόπῳ
750 1564 875 1629 εἰσὶ,
929 1569 1021 1621 καὶ
1071 1568 1199 1623 ἔνθα
1241 1573 1695 1644 ἀποστέλλονται,
1743 1580 1858 1634 ἐκεῖ

294 1649 511 1720 πάρεισι
532 1667 545 1679 ⁸
576 1654 733 1722 μόνος
758 1654 814 1707 δὲ
842 1657 870 1708 6
892 1657 1021 1724 Θεὸς,
1054 1661 1464 1736 ἀπερίγραπτος
1486 1681 1499 1693 ·
1534 1669 1624 1724 τὸν
1654 1688 1856 1727 παντα-

292 1740 385 1831 χοῦ
409 1742 942 1831 παρόνταζητοῦσιν,
970 1750 1035 1803 ἶν’
1070 1751 1278 1824 εὕροιεν
1304 1757 1361 1809 ἐν
1390 1759 1571 1830 χωρίῳ
1601 1761 1706 1814 τινὶ
1729 1779 1855 1831 συγ-

292 1824 598 1918 κλειόμενον
617 1830 707 1884 τὸν
731 1832 997 1903 ἀόριστον.
1042 1838 1203 1894 Ἀλλά
1234 1844 1292 1896 τὸ
1319 1824 1677 1918 πανραστῆναι,
1699 1824 1854 1905 τοῦτό

290 1913 403 1968 ἐστι
426 1917 487 1969 τὸ
519 1921 630 1982 τοῖς
659 1919 781 1993 θελή
791 1941 951 1993 μασιν
974 1928 1136 1982 αὐτοῦ
1158 1934 1492 2007 τυπωθῆναι,
1513 1939 1606 1992 καὶ
1635 1940 1694 1993 τὸ
1718 1943 1853 2013 πρὸς

288 2006 449 2100 αὐτὸν
476 2006 670 2074 ὑλικῶς
708 2012 1098 2074 ἀνατείνεσθαι.
1151 2021 1284 2077 Θεοῦ
1338 2006 1436 2097 μὲν
1474 2028 1581 2100 γάρ
1623 2006 1850 2088 ἐνώπιόν
1881 2018 1922 2070 Β

287 2099 401 2151 ἐστι
431 2101 578 2193 πᾶσα
605 2104 638 2173 ἡ
671 2106 865 2172 κτίσις,
894 2110 987 2163 καὶ
1010 2112 1144 2185 αὐτὴ
1177 2117 1208 2186 ή
1242 2099 1577 2193 ἀποστατικῆ
1630 2125 1724 2177 καὶ
1753 2143 1850 2179 πο-

287 2191 573 2285 νηροτάτη,
605 2194 745 2248 κατὰ
768 2196 829 2249 τὸ
856 2200 1261 2274 ἀπερίγραπτον
1289 2209 1387 2278 τῆς
1406 2191 1588 2275 οὐσίας
1613 2214 1845 2285 ἐκείνης’

291 2280 432 2375 ίδίως
458 2282 515 2336 δὲ
550 2286 598 2337 οί
632 2286 849 2355 ἄγγελοι
906 2291 1124 2362 πάρεισι
1156 2295 1232 2366 τῷ
1261 2296 1411 2369 Θεῷ,
1443 2300 1583 2355 κατὰ
1613 2302 1704 2357 τὸν
1748 2280 1847 2375 vi};

287 2370 435 2438 θείας
459 2375 677 2448 ἀγάπης
705 2379 995 2451 ἀκόρεστον
1027 2382 1221 2456 ἔρωτα.

368 2552 727 2646 Ἄρανάσιος.
772 2558 1093 2627 Ἥγωνίζετο
1128 2565 1226 2634 μὲν
1260 2562 1350 2621 οὖν
1378 2569 1407 2620 6
1453 2569 1589 2635 Ἰὼϐ,
1633 2575 1723 2628 καὶ
1752 2575 1845 2646 μέ-

283 2659 386 2736 γας
411 2641 477 2716 ἦν
503 2647 531 2697 6
565 2652 898 2721 πειρασμός’
938 2655 1139 2723 μείζων
1180 2656 1236 2710 δὲ
1275 2659 1521 2728 ἐφαίνετο
1548 2664 1576 2716 6
1610 2641 1847 2736 ἀθλητὴς

282 2733 375 2786 τοῦ
409 2737 736 2807 πειρασμοῦ.
770 2740 880 2792 Καὶ
930 2742 1093 2807 πολὺς
1146 2745 1244 2815 μὲν
1276 2745 1460 2818 ἔρρεεν
1490 2751 1518 2802 6
1552 2733 1841 2822 πειράζων,

281 2822 375 2875 καὶ
402 2824 633 2893 χαλεπὸς
662 2822 730 2898 ἦν
763 2828 790 2880 6
818 2830 1121 2903 μαχόμενος
1140 2849 1154 2863 ·
1189 2833 1557 2908 ἀνδρειότερος
1589 2838 1646 2891 δὲ
1692 2841 1845 2910 ὲφαί-

278 2930 399 2965 νετο
432 2917 460 2968 6
512 2917 921 2990 πειραζόμενος,
956 2923 1120 2977 νικῶν
1178 2924 1275 2989 τὰς
1331 2928 1700 3001 ἐπιχειρήσεις
1750 2934 1843 2986 καὶ

278 3007 582 3077 προσϐολὰς
626 3009 718 3063 τοῦ
768 3014 1000 3084 πονηροῦ
1047 3014 1126 3087 τῷ
1158 3017 1378 3087 μεγέθει
1435 3020 1534 3091 τῆς
1587 3021 1838 3089 διανοίας.

275 3096 564 3189 Γνώρισμα
589 3102 686 3172 τῆς
716 3102 961 3175 ἀνδρείας
989 3106 1135 3160 ἐστὶν
1165 3110 1196 3179 ή
1225 3111 1491 3183 ὑπομονή.
1525 3113 1839 3189 Ταύτῃ,γάρ

274 3187 504 3254 ἕκαστος
549 3193 654 3247 τῶν
677 3196 845 3263 ἁγίων
894 3199 1069 3270 φέρων
1109 3200 1175 3255 τά
1223 3202 1502 3274 συμϐάντα
1548 3208 1605 3260 ἐν
1742 3187 1839 3280 βίω

272 3280 508 3336 ἐπίπονα
534 3285 629 3338 καὶ
657 3284 893 3359 λυπηρὰ,
921 3288 1069 3361 ἴσχυε
1096 3293 1236 3346 κατά
1263 3294 1356 3347 τοῦ
1387 3294 1661 3350 διαϐόλουο
1696 3299 1837 3371 ἅπερ

2016 851 2317 905 Athanasii.
2358 850 2456 906 His
2499 865 2717 922 quoque
2754 866 2992 922 praesens
3020 852 3195 917 adest,
3227 850 3353 908 licet
3384 866 3516 908 con—

1958 940 2067 995 dita
2093 943 2273 996 omnia
2320 943 2510 999 divisis
2548 945 2603 998 in
2639 944 2773 999 locis
2807 945 2942 1012 sint;
2977 944 3266 1000 luminaria
3298 946 3515 1016 quidem

1958 1030 2014 1085 in
2058 1031 2416 1102 ﬁrmamento,
2451 1036 2623 1091 nubes
2652 1035 2707 1089 in
2742 1051 2886 1091 aere.
2933 1034 3001 1091 Et
3029 1036 3247 1107 quidem
3279 1037 3514 1092 homini-

1959 1123 2059 1178 bus
2092 1125 2369 1179 constituit
2415 1127 2677 1181 terminos
2725 1127 2965 1197 gentium
3002 1144 3015 1181 :
3065 1128 3239 1197 angeli
3284 1142 3410 1182 vero
3444 1127 3513 1181 ad

1956 1215 2255 1269 ministeria
2291 1218 2602 1282 mittuntur,
2632 1230 2794 1289 atque
2836 1219 2890 1274 in
2937 1219 3082 1273 scala
3122 1218 3420 1274 ascendunt
3461 1229 3516 1274 et

1954 1305 2309 1362 descendunt.
2338 1307 2404 1363 Et
2428 1309 2531 1364 hoc
2558 1310 2612 1363 in
2640 1310 2760 1364 loco
2787 1312 2900 1366 ait:
2951 1310 3209 1364 Venerunt
3250 1320 3307 1365 ut
3349 1327 3402 1364 se
3433 1311 3509 1364 si-

1954 1406 2346 1453 sterentcoram
2388 1398 2632 1454 Domina.
2688 1399 3163 1471 luterrogaturque
3210 1401 3506 1477 diabolus:

1959 1484 2104 1540 Unde
2135 1488 2318 1542 venis?
2346 1488 2403 1542 In
2428 1488 2551 1544 loco
2582 1490 2766 1559 itaque
2798 1501 2927 1545 sunt
2955 1489 3147 1560 angeli,
3172 1499 3224 1544 et
3251 1506 3356 1560 quo
3386 1491 3511 1543 mit-

1955 1585 2142 1631 tuntur
2170 1578 2282 1634 illic
2306 1582 2539 1648 adsunt;
2574 1582 2723 1638 solus
2755 1598 2881 1638 vero
2926 1583 3066 1637 Deus
3106 1590 3189 1637 est
3219 1582 3508 1637 incircum-

1953 1670 2205 1738 scriptus.
2237 1668 2375 1725 Tum
2403 1687 2526 1726 eum
2566 1673 2660 1742 qui
2687 1688 2928 1742 prtesens
2951 1673 3153 1742 ubique
3180 1682 3263 1729 est
3294 1673 3510 1744 perqui-

1953 1768 2099 1826 runt,
2127 1770 2185 1814 ut
2209 1762 2523 1817 conclusum
2552 1765 2788 1834 quodam
2822 1766 2876 1818 in
2917 1764 3037 1819 loco
3065 1765 3342 1819 inveniant
3381 1781 3507 1820 eum

1952 1850 2045 1917 qui
2086 1850 2339 1907 deﬁnitus
2369 1868 2479 1907 non
2511 1863 2612 1909 est.
2651 1852 2845 1909 Verum
2878 1854 3031 1918 illud,
3076 1869 3135 1909 se
3167 1855 3359 1909 sistere
3402 1853 3509 1909 Do-

1953 1941 2119 2006 mino,
2139 1941 2371 2011 idipsum
2399 1951 2483 1997 est
2504 1944 2648 2012 quod
2692 1946 3065 2000 voluntatibus
3088 1945 3313 2015 obsequi
3342 1946 3506 2010 illius,

1951 2044 2015 2085 ae
2041 2030 2091 2084 ei
2120 2030 2321 2101 ubique
2355 2042 2553 2101 przesto
2581 2049 2722 2088 esse.
2775 2033 3050 2089 Universae
3087 2034 3286 2104 quippe
3314 2043 3509 2089 creata:

1951 2136 2038 2176 res
2066 2136 2251 2176 coram
2300 2121 2407 2177 Deo
2440 2135 2595 2191 sunt;
2638 2126 2748 2180 imo
2793 2125 2925 2195 ipsae
2974 2140 3193 2195 quoque
3241 2125 3508 2179 scelestis-

1949 2211 2101 2266 sima:
2140 2228 2261 2283 quae
2290 2216 2656 2283 praevaricata:
2681 2227 2827 2281 sunt,
2876 2216 3175 2272 secundum
3213 2216 3504 2269 incircum-

1948 2305 2203 2373 scriptam
2255 2305 2398 2362 illius
2453 2307 2766 2361 substantiae
2813 2316 3085 2363 naturam.
3141 2306 3327 2377 Angeli
3378 2323 3506 2361 vero

1946 2394 2162 2463 proprie
2186 2396 2385 2450 adsunt
2414 2395 2544 2463 Deo,
2577 2412 2675 2467 pro
2707 2397 3000 2453 insatiabili
3025 2412 3125 2452 suo
3149 2398 3342 2452 divinae
3369 2397 3501 2452 cha-

1946 2486 2125 2541 ritatis
2151 2500 2354 2542 amore.

2015 2576 2360 2631 Athanasius.
2422 2574 2525 2631 Job
2573 2577 2755 2646 itaque
2804 2578 3151 2642 decertabat,
3203 2592 3505 2647 magnaque

1945 2669 2171 2723 tentatio
2191 2681 2343 2738 erat;
2388 2668 2585 2725 fortior
2611 2678 2788 2723 tamen
2815 2678 2930 2724 erat
2959 2670 3160 2723 athleta
3190 2669 3502 2723 tentatione.

1943 2757 2181 2814 Instabat
2231 2769 2488 2826 tentator,
2517 2773 2679 2832 atque
2707 2761 2960 2815 atrociter
2982 2761 3354 2831 Oppugnabat;
3409 2760 3500 2815 sed

1942 2849 2119 2905 acrior
2147 2858 2263 2905 erat
2295 2850 2389 2921 qui
2422 2851 2752 2917 tentabatur,
2781 2865 2846 2905 ac
2894 2858 3122 2905 conatus
3155 2853 3499 2921 impetusque

1941 2941 2164 3011 maligni
2194 2957 2307 3013 prae
2358 2942 2526 2997 animi
2562 2942 2933 3013 magnitudine
2969 2942 3278 3013 superabat.
3321 2940 3497 2996 Forti-

1942 3033 2144 3089 tudinis
2168 3042 2546 3102 argumentum
2575 3042 2658 3089 est
2688 3034 2945 3103 patientia
2974 3054 2987 3088 :
3023 3050 3085 3089 ea
3109 3034 3252 3116 enim
3285 3042 3500 3088 sancto-

1940 3140 2059 3179 rum
2088 3125 2312 3195 quilibet
2361 3138 2707 3180 occurrentcs
2740 3125 2794 3179 in
2830 3127 3033 3180 szeculo
3078 3124 3257 3180 ferens
3298 3140 3497 3178 aerum-

1937 3231 2037 3270 nas
2067 3225 2227 3285 atque
2267 3216 2506 3282 dolores,
2561 3216 2777 3271 diabolo
2822 3216 3124 3285 praavaluit,
3178 3231 3290 3285 qua
3335 3216 3497 3269 ambo

1939 3322 2064 3361 cum
2092 3307 2221 3361 velit
2251 3304 2492 3376 Spiritus
2526 3316 2746 3362 sanctus
2783 3317 2839 3361 ut
2866 3306 3227 3370 obtineamus,
3257 3304 3494 3375 praecipit

267 3372 334 3426 τὸ
367 3373 589 3467 ῌνεῦμα
617 3376 767 3433 θέλον
796 3382 944 3451 ἡμᾶς
974 3383 1257 3455 ἀμφότερα
1290 3386 1541 3452 κτᾶσθαι,
1571 3367 1837 3461 προστάτα-

1942 3398 1993 3453 in
2023 3397 2237 3452 Psalmo
2267 3367 2558 3453 z-Viriliter
2582 3414 2676 3467 age
2706 3405 2755 3451 et
2777 3396 3104 3465 confortetur
3124 3411 3214 3449 cor
3250 3404 3418 3462 tuum,
3443 3404 3494 3449 et

267 3480 351 3518 τει
370 3464 523 3534 λέγον
539 3469 596 3522 ἐν
612 3469 689 3539 τῷ
714 3470 910 3543 ψαλμῷ
929 3489 942 3501 ·
983 3473 1288 3543 Ἆνδρίζου,
1312 3480 1410 3532 καὶ
1435 3482 1837 3550 κραταιούσθω

266 3555 311 3623 ἡ
340 3555 549 3624 καρδία
580 3572 715 3623 σου,
750 3561 847 3614 καὶ
871 3564 1195 3632 ὑπόμεινον
1227 3568 1335 3620 τόν
1356 3570 1592 3636 Κύριον.
1644 3573 1701 3625 Ὀ
1729 3573 1834 3644 γὰρ

267 3646 555 3717 ὑπομένων
585 3648 824 3720 ἀνδρεῖός
853 3653 988 3717 ἐστι,
1019 3653 1113 3708 καὶ
1132 3656 1160 3708 6
1181 3655 1420 3727 ἀνδρεῖος
1441 3659 1834 3731 ὑπομονητικὸς

262 3734 335 3789 ἂν
382 3737 487 3808 εἴη.
523 3738 614 3791 Διὸ
655 3741 746 3793 καὶ
790 3742 819 3793 6
866 3744 1131 3814 μακάριος
1172 3744 1291 3799 Ἰὼϐ
1320 3747 1406 3801 διὰ
1450 3750 1511 3803 τὸ
1545 3751 1833 3822 ὑπομένειν

262 3828 636 3898 ἐκραταιοῦτο,
659 3830 753 3883 καὶ
778 3831 865 3885 διὰ
892 3833 952 3887 τὸ
976 3834 1235 3907 ἀνδρείως
1268 3838 1454 3909 φέρειν
1485 3841 1612 3904 τοὺς
1640 3844 1831 3906 πόνους

264 3916 549 3988 ὑπέμεινε,
577 3919 668 3971 καὶ
702 3919 800 3992 τὴν
837 3926 1066 3990 γυναῖκα
1098 3924 1366 3994 διωθεῖτο,
1402 3929 1829 4001 ὲξαπατηθεῖσαν

262 4006 372 4060 ὑπὸ
405 4007 497 4061 τοῦ
522 4008 715 4078 ὄφεως,
751 4012 844 4065 καὶ
869 4013 1166 4086 φθαρεῖσαν
1202 4017 1270 4070 τὰ
1303 4021 1564 4090 νοήματα.
1613 4023 1828 4097 Ἐπειδὴ

260 4097 375 4169 γὰρ
396 4098 529 4163 ὅλως
553 4101 668 4154 ἐστὶ
697 4104 925 4175 μισητῆς
944 4107 972 4158 ό
997 4106 1094 4176 τῆς
1121 4109 1317 4173 κακίας
1343 4111 1585 4184 εὑρετὴς,
1614 4114 1706 4167 καὶ
1733 4116 1828 4185 μό-

258 4204 352 4241 νον
382 4192 699 4262 φαινόμενος
746 4193 922 4266 ζητῶν
951 4195 1072 4249 τίνα
1115 4197 1348 4268 ἁρπάσει
1404 4202 1496 4255 καὶ
1541 4207 1822 4259 καταπιεῖ·

257 4279 348 4333 διὰ
374 4274 528 4335 τοῦτο
559 4284 586 4336 ὃ
616 4288 713 4355 μὲν
743 4284 886 4339 ἐστιν
906 4288 1067 4352 αὐτὸς
1103 4290 1438 4361 ὑποκρύπτει
1468 4294 1563 4348 καὶ
1598 4297 1786 4350 σκέπει
1808 4313 1822 4326 °

257 4372 679 4446 ὑποκρινόμενος
712 4377 768 4429 δὲ
798 4380 863 4448 τῇ
896 4380 1163 4450 φαντασίᾳ
1191 4381 1289 4452 τὴν
1315 4384 1447 4436 πᾶσι
1480 4384 1823 4459 ποθουμένην

255 4461 529 4533 ἀλήθειαν,
554 4466 641 4518 τὸν
673 4465 802 4520 ἴδιον
833 4468 907 4521 ίὸν
935 4470 1210 4525 ἐπιϐάλλει
1240 4475 1353 4536 τοῖς
1397 4459 1820 4550 ἀκολουθήσασιν

254 4552 424 4624 αὐτῷ.
459 4554 614 4609 Οῦτω
634 4557 725 4610 καὶ
745 4556 840 4629 τὴν
870 4558 1011 4613 Εὔαν
1030 4562 1308 4633 ἠπάτησεν
1329 4603 1344 4628 ,
1379 4565 1439 4616 οὐ
1472 4565 1540 4620 τὰ
1581 4566 1684 4620 ῐδια
1731 4574 1821 4622 λα-

1933 3488 2132 3541 sustine
2168 3486 2450 3541 Dominum
2478 3489 2544 3542 ⁸¹.
2583 3486 2719 3542 Nam
2751 3488 2844 3556 qui
2870 3487 3101 3542 sustinet
3131 3486 3179 3541 is
3208 3485 3367 3541 fortis
3388 3494 3493 3553 est,

1933 3577 2024 3647 qui
2058 3578 2233 3643 fortis,
2261 3580 2304 3634 is
2321 3579 2530 3648 patiens
2558 3576 2737 3633 fuerit.
2766 3577 3126 3645 Quamobrem
3155 3576 3343 3631 beatus
3370 3574 3491 3644 Joh,

1934 3669 2059 3736 quia
2091 3669 2372 3735 tolerabat,
2422 3668 2698 3722 robustior
2736 3668 2940 3721 evasit:
2986 3674 3039 3720 et
3085 3665 3212 3734 quia
3263 3665 3490 3719 viriliter

1931 3754 2145 3811 labores
2193 3757 2514 3821 sustinebat,
2568 3771 2902 3825 uxoremque
2947 3754 3238 3824 repellebat
3287 3769 3318 3807 a
3370 3768 3487 3808 ser-

1929 3856 2088 3915 pente
2120 3847 2418 3917 deceptam,
2450 3862 2515 3902 ac
2548 3856 2726 3901 mente
2760 3854 3096 3914 corruptam.
3153 3844 3291 3898 Cum
3340 3844 3484 3898 enim

1929 3939 2145 3993 malitiae
2170 3947 2381 4005 auctor,
2421 3937 2699 3993 hominum
2732 3938 2803 3992 sit
2846 3952 2998 4002 osor,
3036 3952 3100 3991 ac
3131 3936 3304 3991 solum
3338 3950 3485 4004 quaa-

1927 4039 2011 4084 rat
2037 4044 2199 4100 quem
2223 4030 2397 4099 rapiat
2428 4044 2493 4084 ac
2523 4030 2761 4093 devoret,
2801 4027 2922 4082 ideo
2959 4043 3016 4081 se
3039 4028 3133 4096 qui
3158 4026 3228 4081 sit
3253 4025 3484 4080 occultat

1926 4134 1991 4174 ac
2018 4119 2276 4191 contegit.
2303 4120 2382 4173 Ac
2409 4119 2675 4175 simulans
2707 4120 2759 4172 in
2782 4118 3106 4188 phanthasia
3133 4116 3279 4172 illam
3302 4114 3482 4170 omni-

1927 4210 2027 4265 bus
2061 4210 2413 4264 desideratam
2471 4207 2774 4275 ve.i.'atem,
2828 4223 3094 4263 venenum
3146 4208 3215 4263 iis
3255 4207 3348 4277 qui
3395 4221 3481 4261 se-

1922 4309 2162 4371 quuntur
2185 4301 2427 4356 immittit
2460 4317 2640 4357 suum.
2677 4300 2753 4355 Ita
2779 4302 2942 4355 Evam
2982 4299 3210 4369 decepit,
3238 4314 3342 4352 non
3379 4312 3478 4352 sua

1921 4390 2208 4460 loquendo.
2267 4390 2363 4445 sed
2416 4389 2512 4444 Dei
2560 4391 2724 4444 verba
2787 4388 3131 4451 simulando,
3183 4400 3479 4455 eorumque

1921 4480 2245 4535 sententiam
2276 4479 2648 4557 .depravando.
2688 4479 2764 4533 Ita
2792 4477 2911 4533 Jobi
2959 4492 3182 4531 uxorem
3232 4475 3475 4541 immisit,

1921 4585 2041 4624 cum
2070 4570 2331 4625 suasisset
2379 4569 2483 4638 ipsi
2513 4579 2572 4623 ut
2598 4583 2838 4623 amorem
2876 4582 3004 4637 erga
3041 4566 3294 4620 maritum
3340 4579 3475 4634 prae.

253 4638 383 4707 λῶν,
413 4642 525 4696 ἀλλ’
553 4645 973 4718 ὑποκρινόμενος
1017 4649 1087 4704 τά
1117 4650 1209 4704 τοῦ
1244 4651 1377 4705 Θεοῦ
1423 4654 1646 4725 ῥήματα
1673 4696 1689 4719 ,
1723 4657 1816 4709 καὶ

1942 4659 2084 4713 erret
2110 4673 2174 4713 ac
2210 4657 2491 4713 simularet
2517 4676 2531 4712 :
2564 4672 2627 4712 ac
2649 4657 2923 4712 docuisset
2954 4670 3073 4711 eam
3097 4653 3472 4723 blasphemare

252 4731 353 4804 τὴν
371 4733 603 4789 διάνοιαν
626 4737 803 4791 αὐτῶν
829 4740 1165 4810 παραποιῶν.
1187 4741 1342 4795 Οὕτω
1363 4743 1455 4795 καὶ
1468 4743 1563 4815 τὴν
1584 4748 1815 4814 γυναῖκα

252 4824 348 4878 τοῦ
387 4825 504 4879 Ἰὼϐ
533 4827 785 4893 ὑπέϐαλε,
817 4831 1006 4895 πείσας
1030 4832 1165 4903 αὑτῇ
1202 4832 1584 4904 ὑποκρίνεσθαι
1623 4834 1811 4905 φιλαν-

1920 4748 1973 4802 ίη
2008 4749 2194 4803 Deum.
2232 4749 2309 4803 lta
2333 4749 2580 4804 homines
2609 4748 2873 4804 subdolus
2903 4747 2992 4801 ille
3029 4743 3329 4815 pbantasiis
3358 4741 3471 4796 illu-

1917 4840 2013 4907 dit,
2047 4856 2315 4911 quemque
2349 4840 2664 4910 decipiendo
2686 4854 2750 4896 ac
2773 4837 3136 4910 pertrahendo
3164 4836 3218 4891 in
3251 4832 3471 4903 profano

252 4914 427 4986 δρίαν,
474 4916 689 4983 διδάξας
722 4919 778 4972 δὲ
825 4919 1158 4993 βλασφημεῖν
1203 4925 1282 4989 είς
1326 4924 1416 4979 τὸν
1467 4925 1619 4981 Θεόν.
1655 4926 1810 4981 Οὕτω

1942 4931 2042 4986 lum
2075 4932 2292 4986 malitiae
2332 4946 2465 4986 suae.

255 5011 377 5074 τοὺς
421 5011 732 5084 ἀνθρώπους
781 5015 809 5066 6
857 5015 1027 5080 δόλιος
1065 5018 1246 5083 παίζει
1301 5022 1421 5083 ταῖς
1457 5022 1776 5089 φαντασίαις
1821 5024 2170 5079 ὑποκλέπτων
2234 5027 2329 5080 καὶ
2380 5025 2556 5097 σύρων
2589 5025 2818 5079 ἕκαστον
2849 5025 2928 5087 εἰς
2973 5023 3063 5075 τὸν
3098 5022 3226 5074 ἴδιον
3246 5019 3342 5088 τῆς
3366 5034 3466 5071 καο

251 5102 375 5165 κίας
410 5101 619 5175 βόθρον.

315 5193 384 5245 Et
410 5194 557 5248 κατὰ
595 5194 821 5248 παίδων
874 5196 1059 5251 αὐτοῦ
1090 5199 1161 5251 οὐ
1192 5201 1478 5267 πιστεύει,
1536 5201 1685 5255 κατὰ
1732 5200 1801 5254 δὲ

250 5282 520 5352 ἀγγέλων
538 5285 722 5340 αὐτοῦ
749 5288 1001 5341 σκολιόν
1030 5304 1084 5340 τι
1112 5289 1462 5357 ἐπενόησεν.

318 5374 684 5430 Ἆθανασίου.
718 5377 781 5429 Ἡ
797 5378 853 5430 δὲ
872 5379 976 5431 τῶν
1003 5379 1268 5449 γεννητῶν
1291 5382 1382 5434 καὶ
1411 5382 1639 5436 κτιστῶν
1655 5383 1811 5452 φύσις

241 5521 245 5525 ’
318 5530 502 5589 "Job
527 5549 566 5597 ι,
593 5531 647 5586 7.
744 5533 787 5565 “
867 5533 1010 5589 Psal.
1061 5550 1221 5599 xxvn,
1274 5535 1361 5589 14.

1979 5199 2038 5255 Si
2080 5209 2263 5253 contra
2304 5198 2494 5252 liberos
2547 5214 2670 5252 suos
2712 5214 2815 5252 non
2846 5195 3042 5258 credit,
3079 5202 3262 5247 contra
3302 5202 3461 5261 angc‘

1918 5290 1994 5345 los
2028 5300 2202 5342 autem
2226 5301 2346 5341 suos
2378 5303 2597 5357 pravum
2625 5286 2893 5356 quidpiam
2927 5280 3318 5353 excogitauit“.

1990 5379 2287 5434 Athanasii.
2325 5378 2642 5435 Genitorum
2673 5384 3087 5444 creatorumque
3112 5383 3304 5427 natura
3342 5380 3461 5422 mu-

1464 5536 1507 5567 "
1548 5535 1648 5592 Job
1705 5554 1778 5601 tv,
1830 5539 1909 5594 18.

317 5690 397 5755 (2)
429 5690 557 5748 Hac
593 5691 661 5748 ad
693 5691 854 5749 linem
896 5707 1069 5762 usque
1114 5708 1372 5761 expressa
1421 5693 1668 5750 videntur
1717 5709 1782 5751 ex
1821 5694 1993 5768 Epist.
2031 5709 2046 5749 ι
2084 5694 2154 5749 ad
2200 5691 2557 5766 Serapionem.
