3990 6208
542 321 674 375 1547

1389 317 1449 373 S.
1487 316 1857 371 ATHANASII
1896 314 2046 370 OPP.
2084 313 2262 369 PARS
2298 312 2386 367 lll.
2430 344 2497 357 --
2535 307 2942 364 EXEGETICA.

3630 304 3766 362 1568

541 438 721 495 tabilis
748 445 850 501 est,
885 442 1071 504 utpote
1095 448 1215 503 qua:
1237 433 1308 488 sit
1334 442 1485 488 extra
1504 432 1600 488 Dei
1622 433 2003 496 substantiam,
2026 441 2100 485 at-
2127 444 2137 468 ί

2212 426 2400 497 ιρεπτή
2433 426 2568 488 ἐστι,
2604 423 2697 476 ἅτε
2727 421 3015 493 δὴέξωθεν
3046 414 3177 476 οὖσα
3204 421 3302 493 τῆς
3340 420 3437 475 τοῦ
3486 420 3630 476 Θεοῦ
3671 422 3766 477 οὔ-

543 547 649 603 que
678 546 743 585 ex
764 546 871 585 non
899 527 1236 583 exstantibus
1255 526 1501 582 exsistat.
1526 525 2099 593 Quamobrem,'omnis

540 625 693 678 homo
717 622 939 675 mendas:
971 619 1051 684 ³³;
1082 627 1152 682 et,
1187 634 1360 672 omnes
1407 626 1745 684 peccaverunt
1781 625 1831 669 et
1867 615 1961 669 Dei
1991 615 2104 684 glo-

542 717 626 770 ria
660 715 931 783 primitur
953 710 1013 760 “.
1053 709 1307 763 Diabolus
1337 718 1541 771 autem,
1571 708 1661 776 qui
1694 709 1748 761 in
1775 707 1952 761 medio
1980 706 2102 760 che-

541 806 858 859 rubinorum
880 809 1014 866 erat,
1042 816 1105 853 ac
1131 799 1367 870 sigillum
1395 798 1769 853 similitudinis
1800 798 1975 852 factus
1997 803 2101 861 est,

542 896 741 950 excidit
778 910 807 947 e
844 893 999 946 cmlis
1062 892 1217 961 quasi
1270 890 1449 961 fulgur
1503 891 1566 944 ⁸⁸.
1623 889 1838 960 Nosque
1886 887 2104 957 angelos

538 983 971 1056 jndicabimus“,
994 996 1088 1035 eos
1112 981 1390 1044 nimirum,
1410 980 1500 1049 qui
1521 996 1676 1033 suum
1698 996 1802 1033 non
1823 992 2105 1033 servavere

540 1074 924 1144 principatum.
956 1070 1020 1124 Et
1061 1074 1160 1125 hoc
1189 1071 1309 1124 loco
1344 1088 1357 1123 :
1407 1070 1450 1125 si
1497 1080 1684 1125 contra
1730 1070 1926 1123 liberos
1974 1084 2105 1124 suos

542 1178 647 1218 non
704 1162 913 1224 credit,
953 1175 1015 1215 ac
1075 1159 1393 1229 simpliciter
1452 1158 1746 1227 loquendo,
1778 1168 1974 1211 creata:
2018 1172 2105 1211 res

541 1254 811 1326 ejusmodi
837 1262 1039 1307 natura:
1069 1260 1194 1307 sunt
1232 1259 1292 1305 ut
1320 1258 1616 1306 mutentur.
1652 1249 1781 1304 Sola
1811 1257 1992 1302 autem
2022 1246 2106 1301 di-

541 1347 665 1401 vina
694 1354 886 1398 natura
908 1351 990 1397 est
1025 1340 1402 1396 immutabilis.

607 1436 777 1492 Juxta
816 1451 1073 1505 papyrum
1107 1474 1120 1497 ,
1170 1434 1433 1487 calamum
1481 1440 1530 1487 et
1579 1432 1825 1485 caricem.

612 1526 884 1581 Fortassis
916 1542 1009 1593 per
1052 1526 1374 1579 arundinem
1427 1534 1479 1578 et
1517 1539 1807 1594 papyrum,
1844 1521 2101 1579 vilitatem

550 1633 613 1674 ac
639 1626 1006 1689 paupertatem
1035 1617 1233 1672 diaboli
1267 1616 1555 1672 adumbrat
1594 1615 1897 1683 Scriptura.

627 1794 836 1852 Viscera
860 1794 971 1864 ejus
1003 1802 1154 1848 scuta
1184 1809 1353 1847 aenea.

616 1885 956 1940 Athanasius.
1010 1882 1148 1937 Olim
1195 1882 1394 1936 multus
1432 1888 1547 1933 erat
1588 1877 1838 1932 inimicus
1871 1877 1922 1932 in
1959 1876 2104 1930 frau-

547 1975 707 2031 dibus
732 1976 988 2029 adversus
1011 1974 1258 2026 homines
1289 1970 1567 2040 parandis,
1596 1970 1821 2037 suisque
1868 1968 2101 2037 phanta-

549 2068 646 2122 siis
676 2066 936 2136 plurimos
967 2064 1282 2132 decipiebat,
1308 2064 1534 2131 ejusque
1579 2061 1794 2115 fraudes
1827 2074 1967 2128 :rgre
2012 2058 2106 2112 de-

551 2156 810 2228 prehendi
856 2165 1133 2225 poteraut;
1166 2154 1237 2207 ita
1287 2163 1343 2206 ut
1366 2154 1590 2222 spiritus
1623 2153 1686 2203 de
1720 2150 1812 2203 illo
1855 2150 2057 2203 diceret
2091 2165 2105 2201 :

552 2245 681 2311 Quis
712 2246 953 2299 revelabit
995 2244 1183 2313 [aciem
1216 2242 1505 2295 indumenti
1528 2240 1640 2302 eius
1686 2239 1770 2290 ’7?
1811 2247 1864 2292 et
1890 2245 2105 2291 caztera.

549 2335 734 2406 Neque
754 2338 897 2390 enim
936 2335 1080 2405 quod
1107 2343 1244 2401 erat,
1270 2334 1504 2402 idipsum
1531 2346 1650 2385 esse
1680 2329 1990 2399 apparebat,
2017 2327 2111 2382 sed

550 2447 656 2502 qua
694 2430 865 2484 forma
899 2431 963 2483 ad
997 2428 1238 2481 fraudem
1270 2426 1348 2479 uti
1389 2425 1623 2487 volebat,
1654 2438 1772 2477 eam
1808 2421 1932 2486 sibi,
1975 2420 2114 2474 ticti«

550 2523 679 2577 tiam
722 2521 867 2585 licet,
920 2520 1246 2573 assumebat.
1302 2516 1667 2583 Quamobrem
1718 2513 1872 2567 multi
1920 2512 1986 2566 ab
2016 2512 2109 2565 illo

551 2612 995 2682 decipiebantur:
1043 2625 1166 2663 eum
1200 2617 1378 2662 autem
1415 2605 1631 2660 advenit
1674 2603 1948 2661 Salvator.
1996 2610 2110 2656 tum

551 2704 731 2758 omnis
776 2702 983 2757 fallacia
1014 2701 1157 2754 illius
1189 2700 1467 2768 propalam
1500 2696 1638 2751 facta
1671 2704 1775 2751 est.
1823 2694 1958 2749 Nam
1989 2694 2108 2765 ejus

551 2801 721 2864 gesta,
750 2806 871 2862 qua:
905 2790 1030 2845 olim
1065 2789 1367 2852 latitabant,
1399 2802 1494 2856 per
1517 2785 1715 2843 Christi
1754 2785 1987 2855 gratiam
2012 2798 2104 2839 co-

552 2891 886 2954 gnoscuntur
911 2900 925 2936 :
954 2889 1007 2935 et
1028 2881 1223 2950 quibus
1253 2880 1379 2933 olim
1411 2878 1657 2932 homines
1687 2876 1972 2941 fefellerat,
2005 2875 2102 2929 iis-

2205 514 2344 578 σίας,
2376 514 2469 565 καὶ
2505 511 2564 578 ἐξ
2591 513 2689 566 οὐκ
2718 512 2884 565 ὅντων
2913 513 3189 565 ὑποστᾶσα
3240 512 3329 565 Διὸ
3370 512 3490 579 πᾶς
3536 513 3766 579 ἅνθρω-

2200 619 2314 669 πος
2329 604 2618 671 ψεύστης·
2644 603 2756 665 καὶ,
2788 600 3006 666 πάντες
3028 601 3306 668 ἥμαρτον,
3322 601 3419 655 καὶ
3436 601 3768 669 ὑστεροῦν-

2200 712 2292 747 ται
2325 694 2432 762 τῆς
2460 693 2637 761 δόξης
2677 692 2781 746 τοῦ
2818 693 2984 745 Θεοῦ.
3029 695 3086 744 Ὀ
3125 693 3180 745 δὲ
3219 692 3479 756 διάϐολος,
3521 694 3579 744 ὲν
3618 692 3769 762 μέσῳ

2200 785 2306 838 τῶν
2338 784 2604 855 χερουόὶμ
2658 783 2772 848 ῶν,
2814 785 2907 837 καὶ
2978 784 3401 855 ἀποσφράγισμα
3454 783 3770 852 ὁμοιώσεως

2200 877 2487 946 γενόμενος
2512 915 2527 939 ,
2568 875 2830 942 ἐξέπεσεν
2859 875 2923 928 ἐκ
2953 874 3062 928 τῶν
3104 875 3343 945 οὐρανῶν
3376 876 3453 938 ὡς
3484 877 3767 945 ἀστραπή.

2200 968 2310 1021 Καὶ
2340 967 2599 1036 ἀγγέλους
2616 967 2926 1040 κρινοῦμεν,
2956 968 3081 1031 τοὺς
3099 968 3170 1038 μὴ
3194 968 3540 1038 τηρήσαντας
3565 966 3769 1038 δηλαδή

2200 1058 2300 1128 τὴν
2328 1058 2534 1111 ἑαυτῶν
2566 1060 2759 1130 ἀρχήν.
2808 1058 2917 1112 Καὶ
2954 1057 3201 1120 ἐνταῦθα,
3257 1060 3306 1110 εί
3354 1057 3493 1111 κατὰ
3540 1057 3771 1109 παιδίων

2202 1149 2365 1202 αὐτοῦ
2397 1151 2456 1203 οὐ
2488 1149 2751 1214 πιστεύει,
2782 1150 2875 1203 καὶ
2904 1149 3088 1212 ἁπλῶς
3111 1150 3178 1205 τὰ
3211 1149 3483 1219 κτίσματα
3514 1149 3771 1218 τοιαύτην

2201 1240 2312 1311 ἔχει
2334 1240 2430 1312 τὴν
2455 1240 2634 1309 φύσιν,
2662 1242 2756 1295 καὶ
2781 1241 3063 1313 τρέπεται.
3097 1241 3250 1312 Μόνη
3280 1241 3335 1294 δὲ
3372 1242 3405 1312 ἡ
3444 1240 3565 1294 θεία
3610 1240 3772 1310 φύσις

2201 1330 2570 1395 ἀναλλοίωτος.

2273 1421 2438 1489 Παρὰ
2469 1421 2763 1488 πάπυρον,
2796 1421 2891 1475 καὶ
2921 1420 3210 1490 κάλαμον,
3245 1419 3343 1473 καὶ
3371 1421 3701 1490 βούτομον.

2274 1511 2428 1582 Τάχα
2458 1511 2514 1564 δὲ
2548 1510 2636 1564 διὰ
2674 1510 2766 1564 τοῦ
2809 1510 3057 1581 καλάμου
3103 1511 3195 1563 καὶ
3246 1510 3337 1564 τοῦ
3380 1511 3639 1582 παπύρου
3677 1510 3771 1580 τὴν

2201 1602 2473 1657 εὐτέλειαν
2497 1603 2592 1657 καὶ
2616 1603 2714 1674 τὴν
2739 1604 2923 1658 πενίαν
2969 1601 3063 1656 τοῦ
3106 1601 3349 1655 διαϐόλου
3392 1603 3693 1656 αἰνίττεται
3739 1604 3770 1673 ἡ

2204 1692 2393 1764 Γραφή
2404 1730 2417 1745 .

2137 1781 2182 1841 Β
2286 1778 2362 1834 Τὰ
2395 1778 2613 1848 ἔγκατα
2640 1779 2823 1834 αὐτοῦ
2853 1779 3106 1846 ἀσπίδες
3133 1796 3405 1848 χα..κεαι.

2277 1869 2638 1936 Ἀθανάσιος.
2676 1871 2852 1924 Πάλαι
2906 1871 3002 1941 μὲν
3029 1867 3121 1923 οὖν
3157 1870 3323 1934 πολὺς
3373 1867 3443 1941 ἦν
3503 1870 3535 1922 ὁ
3592 1869 3772 1940 ἔχθρας

2204 1962 2703 2033 πανουργευόμενος
2724 1963 2864 2014 κατὰ
2885 1960 2989 2014 τῶν
3012 1959 3329 2031 ἀνθρώπων,
3344 1962 3439 2013 καὶ
3457 1962 3772 2029 φαντασίας

2206 2051 2370 2105 αὑτοῦ
2396 2052 2619 2115 πολλοὺς
2646 2051 2851 2121 ἠπάτα,
2878 2051 2970 2103 καὶ
2996 2050 3255 2121 δυσχερὴς
3284 2047 3352 2122 ἦν
3374 2053 3406 2122 ἡ
3439 2053 3543 2121 τῆς
3572 2053 3773 2121 ἀπάτης

2211 2142 2372 2195 αὐτοῦ
2398 2142 2729 2213 κατάληψις
2760 2141 2898 2194 ὥστε
2928 2143 3019 2195 καὶ
3063 2143 3119 2194 τὸ
3167 2142 3380 2212 πνεῦμα
3425 2141 3615 2210 λέγειν
3657 2143 3774 2213 περὶ

2211 2234 2375 2287 αὐτοῦ
2400 2250 2413 2262 ·
2455 2235 2551 2300 Τίς
2581 2234 2959 2301 ἀποκαλύψει
2988 2235 3307 2299 πρόσωπον
3323 2234 3663 2302 ἐνδύματος
3688 2236 3775 2286 αὑ-

2212 2327 2316 2381 τοῦ
2339 2344 2357 2391 ;
2382 2327 2473 2380 καὶ
2513 2326 2579 2380 τὰ
2607 2325 2752 2391 ἑξῆς.
2789 2327 2862 2378 Οὐ
2913 2325 3018 2395 γὰρ
3041 2326 3175 2395 ὅπερ
3204 2321 3293 2395 ἦν,
3325 2326 3486 2377 τοῦτο
3511 2328 3609 2379 καὶ
3632 2327 3773 2394 ἐφαί-

2213 2435 2352 2482 νετο,
2387 2417 2522 2470 ἀλλά
2569 2417 2704 2488 πρὸς
2754 2416 2782 2467 δ
2813 2416 3260 2486 ἐπανουργεύετο,
3315 2416 3453 2485 πρὸς
3485 2417 3647 2469 τοῦτο
3692 2418 3775 2469 καὶ

2214 2510 2537 2578 ὲφαντασίου
2581 2509 2792 2563 ἑαυτὸν.
2838 2509 2936 2562 Διά
2968 2509 3125 2561 τοῦτο
3168 2511 3262 2562 καὶ
3290 2510 3479 2562 πολλοὶ
3501 2510 3777 2579 ἡπατῶντο

2215 2600 2305 2654 ὑπ’
2333 2602 2494 2654 αὑτοῦ
2518 2618 2531 2631 ·
2566 2602 2653 2654 ὅτε
2678 2600 2732 2654 δὲ
2764 2601 3106 2671 ἐπεδήμησεν
3138 2603 3166 2653 ὁ
3185 2601 3398 2672 Σωτὴρ,
3424 2601 3551 2653 τότε
3577 2602 3611 2670 ἡ
3642 2601 3775 2652 πᾶσα

2215 2690 2482 2760 φαντασία
2509 2688 2671 2743 αὐτοῦ
2695 2690 3079 2761 ὲδειγματίσθη
3102 2705 3113 2717 ·
3137 2689 3173 2743 ἃ
3207 2691 3314 2761 γὰρ
3342 2692 3597 2758 ἠγνοεῖτο
3623 2689 3777 2742 πάλαι

2215 2781 2401 2847 ποιῶν,
2436 2781 2604 2836 ταῦτα
2628 2785 2693 2853 τῇ
2728 2782 2909 2853 χάριτι
2944 2780 3038 2834 τοῦ
3067 2781 3304 2850 Χριστοῦ
3327 2779 3779 2849 γινώσκεται,κα“ι

2215 2873 2271 2925 ὲν
2299 2868 2379 2936 οἷς
2409 2872 2593 2942 ἠπάτα
2613 2872 2778 2926 πάλαι
2802 2873 2925 2935 τοὺς
2962 2870 3301 2942 ἀνθρώπους,
3332 2873 3391 2924 ὲν
3438 2870 3652 2934 τούτοις
3696 2870 3778 2922 ὑπ’

551 2974 672 3028 dem
686 2974 795 3043 jam
815 2973 882 3028 ab
900 2971 1209 3026 hominibus
1232 2971 1541 3039 proteritur.
1564 2968 1720 3023 Fides
1738 2967 1935 3038 quippe
1959 2966 2106 3020 omni

2214 2964 2389 3019 αὐτῶν
2409 2967 2819 3019 καταπατεῖται.
2839 2963 3025 3034 Πάσης
3043 2963 3150 3035 γὰρ
3169 2963 3480 3035 διαϐολικῆς
3495 2963 3778 3025 ἐπιθέσεως

552 3063 819 3119 diabolico
841 3065 1063 3134 impetu,
1103 3069 1159 3117 et
1193 3061 1499 3116 daemonum
1542 3058 1725 3114 furore
1777 3057 1969 3113 fortior
2001 3065 2105 3112 est.

2217 3057 2310 3111 καὶ
2338 3056 2531 3127 μανίας
2549 3055 2812 3127 δαιμόνων
2841 3056 3163 3127 ἰσχυροτέρα
3188 3057 3221 3125 ἡ
3254 3055 3458 3119 πίστις.

589 3269 3747 3302 _______________________.______________._______.

964 3421 1424 3484 ADMONITIO
1480 3421 1560 3480 IN
1616 3415 2113 3480 FRAGMENTA
2160 3413 2754 3487 SUBSEQUENTIA
2824 3415 2904 3476 IN
2961 3414 3114 3476 CAN

626 3753 988 3824 Expositiones
1021 3749 1301 3805 Athanasii
1339 3750 1395 3802 in
1420 3747 1707 3802 Canticumv
1730 3751 2050 3803 canticorum
2097 3764 2137 3801 m

2212 3758 2349 3802 ierat
2391 3746 2611 3802 Photius
2632 3748 2712 3802 his
2752 3748 2918 3802 verbis
2948 3766 2964 3802 :
2997 3747 3297 3818 Πεποίηται
3334 3747 3395 3801 δὲ
3433 3748 3606 3819 αὐτῷ,
3636 3748 3777 3818 φησὶ,

557 3848 650 3904 καὶ
677 3848 755 3909 εἰς
777 3845 866 3897 τὸν
915 3842 1358 3913 Ἐκκλησιαστὴν,
1395 3843 1486 3895 καὶ
1513 3843 1592 3905 εἰς
1617 3840 1676 3894 τὸ
1702 3839 1891 3912 τᾼσμα
1919 3842 2026 3895 τῶν
2049 3843 2305 3913 ᾀσμάτων
2341 3841 2726 3912 ὑπομνήματα,
2747 3841 2935 3913 ὥσπερ
2956 3842 3049 3894 καὶ
3079 3843 3156 3902 εἰς
3179 3842 3269 3893 τὸν
3290 3841 3584 3912 Ψαλτῆρα,
3612 3843 3703 3895 καὶ
3730 3843 3781 3895 ἐν

557 3941 760 4016 ἑτέροις
792 3938 1022 4001 πολλοῖς.
1049 3938 1474 3999 Commentaria,
1509 3937 1702 4005 inquit,
1733 3937 1900 3991 edidit
1936 3937 1988 3991 in
2022 3937 2416 4000 Ecclesiasten,
2449 3937 2501 3990 in
2539 3936 2824 3991 Canticum
2854 3938 3211 3999 canticorum,
3242 3938 3703 4006 quemadmodum
3735 3946 3781 3992 et

558 4034 612 4085 in
640 4033 959 4088 Psalterium
993 4039 1046 4084 et
1075 4030 1129 4082 in
1159 4030 1264 4083 alia
1287 4029 1477 4083 multa.
1513 4031 1640 4082 ﬂazc
1676 4045 1833 4098 porro
1864 4029 2159 4100 fragmenta
2186 4033 2442 4101 prodeunt
2484 4045 2548 4084 ex
2568 4030 2977 4100 expositionibus
3026 4030 3081 4083 in
3109 4027 3330 4083 Cantica
3351 4030 3511 4082 editis
3532 4047 3564 4082 a
3584 4028 3782 4084 Joanne

558 4125 789 4178 Meursio
810 4138 945 4176 anno
972 4119 1129 4174 1617.

629 4216 696 4271 In
726 4215 959 4286 gregibus
990 4214 1281 4267 amicarum
1312 4221 1521 4265 tuarum
1536 4212 1687 4282 quasi
1717 4210 2019 4268 errabunda
2047 4213 2114 4268 ³⁸.
2146 4218 2195 4276 D

556 4299 650 4354 ille
697 4301 777 4353 sic
819 4314 939 4353 eam
972 4297 1266 4365 alloquitur
1305 4294 1523 4350 :Nosce
1575 4297 1802 4366 teipsam
1858 4297 2031 4366 prius,
2055 4307 2116 4353 ut

558 4405 647 4444 me
672 4403 887 4458 quoque
910 4401 1236 4456 cognoscere
1269 4387 1465 4455 possis.
1501 4383 1559 4438 Si
1583 4394 1631 4439 te
1660 4402 1820 4441 nosse
1850 4402 1959 4441 non
1981 4403 2115 4457 pos-

560 4482 636 4538 sis
663 4498 676 4533 :
708 4481 753 4535 si
783 4495 889 4532 non
933 4478 1165 4541 noveris,
1199 4493 1371 4546 neque
1401 4478 1543 4532 scias
1575 4479 1828 4547 teipsam,
1854 4478 2115 4548 egredere

561 4584 618 4627 tu
644 4572 709 4626 ad
739 4572 987 4626 calcanea
1015 4578 1068 4624 et
1109 4569 1356 4637 vestigia,
1384 4578 1438 4623 et
1482 4585 1641 4638 pasce
1686 4570 1925 4638 capellas
1969 4579 2112 4634 tuas,

560 4677 624 4717 ac
667 4661 872 4716 nutries
899 4668 1117 4729 peccata
1170 4659 1429 4711 virtutum
1470 4658 1610 4712 loco.
1650 4656 1716 4711 In
1761 4658 2113 4712 tabernaculis

560 4764 827 4824 pastorum
849 4753 912 4818 ³⁹,
948 4751 1002 4805 in
1043 4748 1497 4819 concupiscentiis
1536 4748 1974 4804 adversariarum
2023 4766 2121 4820 po-

564 4856 833 4911 testatum,
867 4861 987 4914 qua:
1013 4853 1064 4898 te
1091 4850 1341 4912 pascunt.

641 4936 829 4991 Vocavi
842 4953 977 4998 eum,
1000 4951 1089 4986 nec
1108 4932 1368 5002 respondit
1392 4932 1538 4988 mihi.
1561 4930 1788 5003 Surgam
1817 4941 1865 4986 et
1888 4933 2116 4987 circuibo

562 5029 823 5083 ciuitatem
851 5028 917 5080 ‘°.

632 5119 969 5173 Athanasius.
999 5118 1191 5189 Legem
1219 5116 1391 5185 legam
1411 5158 1426 5183 ,
1462 5119 1753 5188 prophetas
1780 5119 1990 5189 legam;
2029 5118 2116 5172 in-

563 5211 835 5280 vestigabo
865 5210 1173 5279 Evangelia.
1219 5207 1341 5263 Ηιιιο
1387 5215 1569 5262 autem
1615 5210 1690 5263 ait
1717 5210 1901 5262 divino
1931 5225 2116 5264 amore

569 5310 881 5371 compuncta
917 5320 929 5355 :
978 5300 1044 5353 In
1077 5301 1206 5355 lecto
1257 5316 1367 5354 meo
1425 5301 1478 5354 in
1530 5302 1768 5354 noctibus
1797 5300 1861 5354 δι.
1894 5301 2113 5355 Lectum

634 5461 679 5495 ³³
713 5461 859 5517 Psal.
892 5478 1015 5525 cxv,
1043 5464 1097 5518 2.

571 5530 610 5561 ⁶⁹
637 5531 766 5584 ibid.
811 5534 863 5589 7.

1197 5464 1243 5496 ³⁵
1286 5461 1445 5515 Rom.
1498 5477 1581 5521 ιιι.
1629 5463 1721 5517 (Ξῖ).

968 5533 1014 5565 ⁸⁸
1049 5535 1204 5588 Cant.
1241 5549 1325 5599 ιιι,
1353 5533 1405 5595 1,
1443 5530 1499 5585 2.
1580 5532 1624 5564 ἰι
1649 5532 1780 5588 ibid.
1814 5533 1868 5589 1.

1825 5464 1867 5496 ³⁵
1895 5463 2028 5519 Luc.
2061 5479 2115 5528 ι,
2154 5467 2239 5522 18.

2304 4215 2428 4269 Ἐπ’
2461 4213 2703 4282 ἀγέλαις
2726 4213 2974 4281 ἑταίρων
3001 4228 3116 4265 σου
3145 4213 3225 4277 ὠς
3237 4213 3603 4281 ῥεμϐομένη,

2289 4304 2458 4366 Αὐτὸς
2484 4302 2618 4373 πρὸς
2649 4301 2818 4372 αὐτήν
2842 4317 2856 4330 ·
2881 4300 3052 4353 Γνῶθι
3079 4299 3306 4370 σεαυτὴν
3327 4301 3567 4370 πρῶτον,
3597 4304 3685 4356 ἵνα
3700 4321 3780 4356 ut

2220 4397 2319 4467 ἐμὲ
2358 4394 2557 4463 γνῶναι
2608 4394 2857 4466 δυνηθῇς.
2904 4392 3028 4446 Ἐὰν
3060 4392 3133 4463 μὴ
3164 4391 3306 4462 γνῷς
3336 4394 3574 4464 ἑαυτήν
3611 4397 3661 4448 εἰ
3695 4397 3779 4448 οὐκ

2220 4482 2388 4550 ἔγνως
2412 4499 2425 4511 ·
2456 4484 2501 4534 εἰ
2533 4481 2605 4552 μὴ
2625 4476 2767 4544 οἶδας
2792 4520 2807 4545 ,
2842 4480 3020 4546 ἔξελθε
3045 4481 3106 4532 σὺ
3129 4483 3186 4533 ὲν
3208 4481 3465 4551 πτέρναις
3498 4485 3623 4538 κατ’
3651 4486 3777 4555 ἴχνη,

2220 4575 2312 4626 κα)⁵
2350 4572 2600 4644 ποίμαινε
2636 4573 2735 4636 τὰς
2759 4573 2976 4644 ἐρίφους
3006 4590 3099 4626 σου
3120 4588 3134 4603 ⁸
3165 4574 3256 4627 καὶ
3278 4574 3484 4647 θρέψῃς
3518 4578 3776 4649 ἁμαρτίας

2225 4665 2345 4718 ἀντὶ
2375 4664 2599 4736 ἀρετῶν.
2641 4664 2765 4717 Ἐπὶ
2797 4663 3147 4733 σκηνώμασι
3192 4663 3310 4717 τῶν
3344 4667 3681 4735 ποιμένωνυ
3728 4668 3777 4718 ἐν

2223 4759 2342 4819 ταῖς
2372 4755 2684 4826 ἐπιθυμίαις
2703 4754 2808 4808 τῶν
2841 4755 3096 4808 ἐναντίων
3127 4755 3404 4825 δυνάμεων
3430 4756 3543 4809 τῶν
3570 4774 3777 4829 ποιμαιο

2223 4847 2418 4899 νόντων
2443 4862 2521 4898 σε.

2308 4937 2595 4991 Ἐκάλεσα
2626 4937 2839 4998 αὐτὸν,
2875 4939 2975 4991 καὶ
3018 4939 3130 5006 οὐχ
3183 4937 3501 5005 ὑπήκουσέ
3536 4939 3613 5010 (5)
3647 4956 3773 5010 μου.

2223 5027 2654 5097 Ἀναστήσομαι
2677 5028 2775 5080 καὶ
2811 5026 3101 5082 κυκλὼσω
3125 5029 3193 5081 ἐν
3216 5028 3290 5098 τῇ
3317 5033 3512 5084 πόλει.

2306 5117 2672 5172 Ἀθανασίου.
2712 5117 3121 5189 Ἀναγνώσομαι
3148 5118 3238 5173 τὸν
3269 5119 3452 5190 νόμον,
3480 5119 3764 5187 ἀναγνώσει»

2227 5226 2321 5280 μαι
2348 5210 2472 5271 τοὺς
2496 5210 2800 5281 προφήτας,
2831 5210 3106 5280 ἐρευνήσω
3130 5210 3198 5263 τὰ
3227 5212 3559 5280 Εὑαγγέλω.
3604 5211 3771 5266 Ταῦτα

2219 5302 2276 5354 δὲ
2303 5303 2663 5369 κατανυγεῖσα
2681 5301 2757 5371 τῷ
2779 5301 2907 5372 θείῳ
2930 5303 3077 5373 πόθῳ
3095 5303 3225 5374 φησί
3249 5319 3263 5333 ’
3298 5304 3429 5360 Ἐπὶ
3447 5306 3655 5371 κοίτην·
3669 5321 3770 5374 μου

2339 5467 2383 5500 ³⁶
2434 5469 2453 5522 1
2484 5470 2610 5525 Cor.
2645 5485 2718 5534 vl,
2746 5471 2798 5524 5.
2896 5469 2939 5503 "’
2966 5469 3070 5525 Job
3103 5486 3189 5524 xu
3215 5509 3231 5536 ,
3257 5470 3313 5527 4.
3388 5471 3434 5504 ³⁸
3461 5468 3621 5526 Cant.
3657 5483 3695 5536 t,
3722 5464 3765 5521 6.

639 5659 712 5729 (ὅ)
741 5660 815 5718 De
839 5662 1230 5733 signiﬁcatione
1264 5667 1413 5723 vocis
1442 5668 1829 5739 ὑπακούωίιιιιι
1865 5673 2137 5740 superius:

2212 5688 2308 5730 .um
2336 5670 2437 5729 fuit
2463 5683 2518 5729 et
2543 5680 2733 5743 agetur
2765 5674 2819 5730 in
2853 5673 3190 5730 Onomastim
