3990 6208
352 263 485 319 1549
1466 268 1892 325 FRAGMENTA
1932 269 1999 327 IN
2031 268 2351 325 CANTICA.
2978 312 2983 315 -
3456 277 3592 336 L550

344 388 416 441 ἐν
444 386 643 452 νυξίν.
674 389 875 462 Κοίτην
902 389 1155 461 ὀνομάζει
1178 392 1275 464 τὴν
1300 392 1635 465 τελειοτέραν
1664 395 1757 448 τοῦ
1785 397 1916 465 ἀγα-

2020 403 2177 450 vocat
2223 392 2604 465 perfectiorem
2656 393 2786 449 boni
2830 394 3336 465 participationem;
3376 412 3596 455 noctem

348 478 441 535 θοῦ
474 483 782 551 μετουσίαν,
814 484 909 537 καὶ
935 483 1279 551 νύκτα’λέγει
1318 485 1408 539 τὸν
1448 486 1545 557 τῆς
1574 487 1759 559 κοίτης
1798 504 1921 540 και-

2025 501 2155 542 vero
2205 487 2339 542 dicit
2383 486 2504 541 lccti
2546 497 2780 557 tempus.
2823 485 3054 542 Nomine
3087 503 3249 558 porro
3292 490 3490 556 noctis,
3518 492 3595 546 in-

349 570 461 642 ρόν.
493 572 590 626 Διὰ
619 572 676 626 δὲ
701 573 794 626 τοῦ
822 574 1083 645 ὀνόματος
1114 576 1215 644 τῆς
1247 574 1438 640 νυκτὸς
1461 577 1791 632 ἐνδείκνυται
1814 578 1923 632 τῶν

2023 578 2170 633 dicat
2219 577 2579 633 invisibilium
2617 594 2800 633 rerum
2847 580 3385 650 contemplationem,
3426 581 3492 635 ad
3520 582 3592 638 εἰς

345 662 591 733 ἀοράτων
619 664 716 736 τὴν
741 664 994 736 θεωρίαν,
1030 666 1153 719 καθ’
1182 667 1471 738 ὁμοιότητα
1504 668 1802 736 Μωῦσέως,
1827 668 1920 723 τοῦ

2027 673 2389 728 militudinem
2416 671 2751 745 Moysis,qui
2780 672 2835 726 in
2859 672 3091 744 caligine
3120 672 3243 739 fuit,
3272 674 3324 727 in
3348 690 3454 745 qua
3476 690 3595 731 ver-

347 753 404 806 ὲν
429 752 508 822 τῷ
534 754 716 826 γνόφῳ
747 756 1027 824 γεγονότος
1047 759 1104 811 ἐν
1137 750 1180 824 ᾧ
1206 753 1273 827 ἦν
1299 760 1327 811 6
1361 757 1513 821 Θεός.

868 756 1027 819 Νότος
1047 759 1104 811 ἐν
1137 750 1180 824 ᾧ
1206 753 1273 827 ἦν
1299 760 1327 811 6
1361 757 1513 821 Θεός.
2027 764 2249 820 sabatur
2281 763 2444 821 Deus.

970 846 1078 901 Τοῦ
1102 842 1312 901 αὐτοῦ.

2667 852 2945 923 Ejusdem.

418 935 493 988 οὐ
518 934 624 1007 γὰρ
652 935 797 1007 ᾔδειν
820 937 904 1001 τίς
936 933 1004 1010 ἦν
1027 940 1056 991 6
1088 938 1304 1010 τρώσας
1335 955 1425 1009 με.
1459 937 1797 1007 Θεογνωσίαν
1832 955 1920 1010 μοι

2092 943 2413 1015 lgnorabam
2462 944 2609 1000 enim
2639 946 2764 1015 quis
2809 955 2956 1000 esset
2979 946 3072 1016 qui
3106 962 3193 1001 me
3227 948 3586 1005 vulnerasset.

348 1016 663 1098 κοιμωμένῃ
693 1027 1002 1100 ὲνέσπειρεν
1026 1030 1054 1081 6
1085 1028 1275 1096 Λόγος.
1313 1028 1537 1098 Ταχέως
1564 1026 1917 1094 διαναστᾶσα,

2024 1034 2156 1089 Mihi
2182 1036 2532 1092 decumbenti
2562 1035 2657 1091 Dei
2686 1036 3052 1107 cognitionem
3100 1038 3298 1094 indidit
3324 1038 3587 1096 Verbum.

348 1115 496 1187 ζητῶ
523 1117 614 1170 τὸν
661 1117 967 1190 τρώσαντα,
1007 1120 1100 1172 καὶ
1129 1118 1433 1192 παρακαλῷ
1486 1118 1634 1189 αὐτῷ
1691 1119 1921 1190 ὀφθῆναί

2021 1130 2099 1184 Ac
2128 1130 2377 1200 protinus
2406 1145 2637 1200 surgens
2672 1143 2859 1199 quaero
2883 1144 3007 1185 eum
3037 1131 3130 1201 qui
3160 1147 3247 1186 me
3268 1132 3592 1197 vulneravit,

351 1223 458 1278 μοι,
492 1207 586 1261 καὶ
615 1208 972 1280 περιέρχομαι
1007 1209 1245 1282 ζητοῦσα
1274 1210 1364 1265 τὸν
1390 1208 1703 1279 ἀδελφιδοῦν
1726 1226 1847 1280 μου.

2021 1235 2265 1291 rogoque
2291 1221 2445 1275 illum
2473 1229 2531 1275 ut
2563 1236 2749 1276 coram
2785 1236 2875 1277 me
2904 1236 2965 1277 se
2999 1222 3193 1289 sistat,
3222 1238 3285 1278 ac
3315 1223 3593 1278 circumeo

2023 1328 2271 1383 quaerens
2302 1314 2600 1382 patruelem
2630 1330 2835 1370 meum.

416 1385 724 1451 Ἐξέλθετε
775 1388 875 1443 καὶ
916 1390 1089 1455 ἴδετε,
1149 1392 1467 1463 θυγατέρες
1517 1390 1689 1455 Σιὼν,
1724 1392 1793 1444 ἐν
1841 1389 1921 1456 τῷ

2091 1401 2420 1469 Egredimini
2448 1415 2496 1459 et
2540 1405 2726 1471 videte,
2755 1406 2885 1474 ﬁlia:
2923 1403 3078 1471 Sion,
3127 1421 3297 1476 regem
3342 1405 3586 1461 Salomo-

341 1475 596 1539 βασιλεῖ
619 1478 925 1548 Σαλομών.
2021 1505 2136 1542 nem
2150 1490 2218 1544 δ’.

431 1567 712 1633 Ἰουδαίους
744 1571 991 1643 ἐντρέπει
1023 1570 1274 1641 λέγουσα,
1303 1570 1621 1635 Ἐξέλθετε,
1647 1571 1766 1624 ἀντὶ
1792 1569 1917 1635 τοῦ,

2089 1577 2303 1636 ludaeos
2335 1582 2541 1652 pudore
2572 1583 2733 1639 allicit
2771 1584 3003 1640 dicendo
3038 1583 3387 1655 Egredimini,
3420 1584 3584 1655 quasi

349 1658 493 1722 Ἕως
521 1661 649 1713 πότε
688 1665 754 1734 τῇ
792 1666 919 1735 σκιᾷ
952 1664 1375 1736 παρακάθησθε;
1412 1664 1519 1718 ἰδοὺ
1552 1664 1659 1735 γὰρ
1673 1663 1920 1728 ἐξἸούδα

2020 1668 2224 1724 diceret
2256 1686 2269 1721 :
2306 1669 2604 1742 Quousque
2656 1671 2710 1725 in
2759 1673 2953 1726 umbra
2999 1673 3241 1727 sedetis?
3276 1688 3404 1728 ecce
3443 1673 3590 1728 enim

346 1749 702 1805 ἀνατέταλκεν
731 1755 759 1806 6
792 1753 1013 1826 Κύριος,
1040 1756 1261 1827 ἀγάπην
1303 1755 1411 1809 ἀπὸ
1458 1755 1773 1827 θυγατέρων
1828 1756 1922 1808 Ἰε-

2022 1773 2089 1813 ex
2118 1757 2258 1814 Juda
2295 1741 2558 1816 Dominus
2602 1769 2758 1817 ortus
2798 1769 2900 1829 est,
2936 1763 3258 1817 cbaritatem
3302 1778 3333 1817 a
3376 1762 3592 1816 ﬁliabus

348 1841 648 1914 ρουσαλήμ.
684 1844 757 1898 Τὸ
782 1847 998 1918 στερεὸν
1024 1848 1135 1901 τῶν
1156 1847 1430 1918 λογισμῶν
1452 1888 1467 1912 ,
1501 1847 1533 1917 ἢ
1588 1848 1640 1900 οἱ
1672 1846 1924 1917 ἐσωτέρω

2022 1850 2347 1905 Jerusalem.
2400 1850 2804 1921 Cogitationum
2853 1853 3105 1917 ﬁrmitas,
3163 1862 3253 1907 aut
3305 1851 3592 1907 interiores

345 1930 477 1986 λίθοι
504 1935 668 2004 ἅγιοι.
716 1938 810 1992 Ἐν
844 1938 925 2005 τῷ
944 1940 1243 2009 στεφάνῳ,
1284 1934 1332 2007 ᾧ
1354 1938 1779 2009 ἐστεφάνωσεν
1819 1941 1921 1992 αὺ-

2024 1941 2197 1995 sancti
2229 1941 2454 2010 lapides.
2496 1940 2563 1994 In
2598 1958 2791 1996 corona
2822 1957 2927 2012 qua
2970 1942 3237 1995 coronavit
3277 1958 3394 1994 eum
3422 1951 3591 1995 mater

345 2025 452 2078 τὸν
476 2028 513 2095 ἡ
535 2028 733 2098 μήτηρ
760 2032 966 2086 αὐτοῦ.
1007 2034 1274 2101 Ἕθηκας
1300 2033 1431 2104 γὰρ,
1474 2032 1626 2103 φησὶ,
1668 2031 1767 2084 ἐπὶ
1807 2031 1921 2099 τὴν

2023 2050 2120 2088 sua
2143 2031 2210 2085 ⁸³.
2243 2031 2475 2085 Posuisti
2505 2033 2673 2097 enim,
2715 2032 2809 2096 ait,
2847 2049 3004 2103 super
3024 2042 3179 2102 caput
3206 2031 3319 2101 ejus
3344 2047 3591 2086 coronam

346 2117 619 2185 κεφαλὴν
649 2122 834 2175 αὐτοῦ
873 2124 1178 2191 στέφανον
1207 2125 1276 2177 ἐκ
1309 2126 1483 2178 λίθου
1512 2123 1728 2192 τιμίου.

1053 2140 1178 2177 ινον
1207 2125 1276 2177 ἐκ
1309 2126 1483 2178 λίθου
1512 2123 1728 2192 τιμίου.
2022 2124 2086 2178 de
2113 2123 2291 2192 lapide
2311 2125 2538 2192 pretioso
2558 2122 2629 2178 “.

411 2208 729 2274 Καταὸἠτω
750 2211 1069 2281 ἀδελφιδός
1094 2231 1213 2283 μου
1234 2216 1321 2278 εἰς
1343 2212 1542 2281 κῆπον
1572 2211 1779 2265 αὐτοῦ.

2093 2214 2385 2269 Descendat
2414 2214 2669 2285 patruelis
2692 2230 2835 2269 meus
2869 2216 2923 2268 in
2947 2215 3157 2268 hortum
3179 2231 3329 2268 suum
3349 2214 3413 2267 ⁸⁸.

413 2297 651 2352 Πνεῦσόν
686 2318 798 2371 μοι,
823 2297 866 2355 ὧ
889 2304 1048 2372 Λόγε,
1081 2304 1174 2357 καὶ
1202 2302 1409 2368 δίδαξὸν
1440 2320 1508 2374 με
1531 2302 1598 2356 τὰ
1625 2302 1781 2370 λόγιά
1801 2319 1915 2368 σου,

2093 2303 2228 2358 Ama
2260 2314 2367 2368 me,
2398 2319 2432 2358 ο
2474 2303 2727 2368 Verbum,
2771 2314 2823 2360 et
2847 2304 2980 2359 doce
3010 2320 3094 2359 me
3127 2305 3343 2373 eloquza
3373 2311 3486 2368 tua,
3525 2319 3590 2360 ac

344 2390 437 2442 καὶ
466 2390 534 2443 τὰ
565 2392 961 2464 προστάγματα
994 2411 1085 2447 σου
1120 2395 1471 2466 κατάγραψον
1512 2394 1604 2447 ἐπὶ
1629 2392 1692 2446 τὸ
1720 2392 1919 2456 πλάτος

2023 2403 2291 2464 praecepta
2332 2403 2423 2449 tua
2462 2395 2748 2450 conscribe
2789 2396 2843 2449 in
2880 2395 3064 2451 tabula
3110 2396 3291 2449 contis
3335 2394 3460 2449 mei.
3488 2393 3592 2449 Pa-

342 2481 441 2550 τῆς
492 2482 718 2554 καρδίας
750 2502 871 2555 μου.
919 2486 1138 2558 Ἐτοίμη
1166 2487 1366 2556 γέγονα
1397 2486 1612 2540 λοιπόν·
1661 2485 1916 2556 δύναμαι,

2022 2491 2141 2539 rata
2167 2485 2280 2555 jam
2327 2501 2447 2540 sum
2484 2504 2497 2540 :
2527 2501 2772 2557 possum,
2811 2495 2901 2541 tua
2936 2487 3234 2541 auxiliante
3261 2488 3455 2557 gratia,
3497 2494 3589 2541 tua

342 2576 406 2645 τῇ
432 2578 496 2645 σῇ
524 2576 704 2647 χάριτι
733 2578 1090 2651 βοηθουμένη,
1117 2579 1212 2633 καὶ
1248 2578 1635 2650 κυϐερνωμένη
1660 2580 1728 2649 τῇ
1755 2576 1918 2646 ἀορά-

2025 2575 2289 2631 invisibili
2353 2584 2408 2631 et
2473 2578 2842 2648 omnipotente
2902 2579 3235 2648 gubernante
3285 2593 3484 2643 manu,
3536 2586 3591 2634 et

341 2681 420 2736 τῳ
444 2683 535 2720 σου
565 2669 658 2722 καὶ
689 2671 1078 2743 παντοδυνάμῳ
1115 2671 1299 2744 χειρὶ,
1346 2671 1437 2723 καὶ
1466 2669 1639 2739 λόγων
1689 2668 1917 2724 ἀκοῦσαι

2023 2666 2191 2722 verba
2233 2666 2426 2724 audire
2470 2667 2691 2737 divina,
2725 2677 2781 2726 et
2830 2669 3221 2741 mysteriorum
3264 2682 3384 2724 esse
3426 2666 3593 2739 parti—

342 2753 521 2823 θείων,
557 2759 651 2813 καὶ
675 2762 988 2833 μυστηρίων
1019 2761 1244 2834 μέτοχος
1268 2760 1541 2831 γενέσθαι.
2024 2773 2173 2829 σερε·

1094 3106 1528 3173 APPENDIX
1576 3108 1689 3170 AD
1727 3108 2257 3174 FRAGMENTA
2303 3109 2415 3175 IN'
2466 3110 2856 3176 CANTICA.

1732 3476 2221 3540 ADMONITIO.

415 3658 656 3714 Homilia
676 3657 1013 3730 subsequens,
1050 3660 1207 3714 otiosi
1232 3670 1279 3715 et
1300 3662 1533 3732 imperiti
1557 3663 2146 3734 hominiupusculum,
2170 3679 2233 3716 ra:
2255 3663 2432 3717 codice
2456 3679 2555 3717 ms.
2587 3662 2909 3718 bibliothecae
2933 3662 3296 3717 Ambrosianus
3327 3679 3472 3717 num.
3500 3664 3589 3731 55,

342 3755 518 3824 prodit
545 3771 563 3808 :
590 3772 649 3809 eo
700 3766 953 3823 tempore.
995 3763 1053 3808 ut
1106 3757 1368 3811 arstimare
1401 3757 1562 3823 licet,
1609 3759 1805 3813 editum
1826 3799 1841 3824 ,
1895 3775 1998 3826 quo
2030 3758 2313 3813 Manichwi
2341 3759 2395 3811 in
2433 3756 2646 3811 Oriente
2686 3756 2864 3809 turbas
2897 3754 3115 3820 dabant,
3137 3756 3273 3825 quod
3303 3758 3592 3825 prtesertim

344 3865 547 3918 octavo,
592 3866 727 3904 nono
763 3859 811 3904 et
841 3851 1040 3904 decimo
1081 3855 1275 3905 sarculo
1318 3853 1533 3924 contigit
1557 3869 1576 3908 :
1599 3870 1724 3907 nam
1752 3855 1981 3923 scriptor
2013 3855 2112 3907 iste
2146 3852 2493 3915 Manichteos,
2519 3861 2575 3904 ut
2603 3861 2727 3903 tunc
2756 3850 2978 3919 vigentes
3015 3857 3405 3902 commemorat.
3434 3846 3592 3903 Jero-

344 3947 600 4018 solymam
622 3962 741 4000 vero
767 3947 965 3999 adiisse
999 3961 1053 3999 se
1084 3946 1421 4014 testiﬁcatur,
1450 3948 1541 4001 ubi
1575 3947 1750 4002 locum
1774 3947 1976 4003 Christi
2016 3947 2300 4018 suspendio
2325 3955 2686 4000 consecratum
2715 3944 2784 3999 ad
2806 3946 3203 4014 septentrionem
3236 3943 3594 4014 Jerosolymo-

345 4058 462 4096 rum
496 4043 657 4095 situm
685 4041 942 4110 afﬁrmat.
974 4038 1149 4094 Hasce
1177 4040 1358 4111 quales
1380 4041 1561 4110 quales
1605 4058 1796 4096 merces
1828 4042 1964 4109 tibi,
1992 4042 2157 4096 lector
2197 4043 2403 4097 erudite
2423 4084 2437 4108 ,
2470 4040 2752 4095 sistimus:
2788 4039 2934 4109 quia,
2963 4038 3062 4091 etsi
3097 4036 3470 4106 supposititiaa,
3493 4051 3592 4090 suo

345 4136 523 4205 fructu
553 4153 655 4189 non
683 4143 893 4202 vacant,
921 4143 978 4187 ut
1013 4133 1253 4204 pluribus
1277 4144 1355 4188 est
1380 4152 1413 4188 a
1453 4135 1601 4189 nobis
1625 4136 1763 4190 alias
1785 4137 2209 4207 comprobatum.

386 4298 496 4354 Τοῦ
525 4298 710 4372 αυτοῦ
736 4298 1090 4372 Ἀθαναονέου
1112 4297 1584 4372 ἁρχιείτισξιόπου
1606 4298 1882 4364 Ἀλεξαν-
1942 4308 1962 4362 (

2018 4300 2270 4372 Ejusdem
2303 4299 2360 4354 S.
2404 4298 2683 4372 Athanasii
2717 4296 3095 4372 archiepiscopi
3149 4295 3485 4351 Alexandrite
3532 4299 3588 4352 in

572 4368 770 4436 δρείας
797 4371 883 4433 εἰς
905 4367 971 4420 τὸ
995 4363 1342 4437 τᾼσμάτῶν
1374 4367 1679 4437 ᾀσμάτων.
1764 4363 1769 4364 ν
2059 4363 2076 4372 ’

1550 4384 1679 4425 των.
1764 4363 1769 4364 7
2059 4363 2076 4372 ’
2474 4368 2753 4424 Canticum
2778 4363 3126 4420 canticorum.

415 4479 468 4535 1.
508 4478 740 4548 Ποθητοὶ
785 4478 833 4531 οἱ
876 4477 1023 4546 λόγοι
1069 4478 1162 4529 καὶ
1195 4476 1469 4546 ἐράσμιοι,
1507 4477 1601 4530 καὶ
1644 4479 1723 4540 είς
1750 4478 1916 4550 οὐρα.-

2091 4483 2142 4534 l.
2198 4478 2599 4535 Desiderabiles
2627 4492 2951 4539 sermones,
3009 4476 3276 4532 amabiles
3323 4486 3486 4547 atque
3533 4494 3589 4533 ιιι

342 4574 468 4637 νοὺς
514 4572 824 4640 ἀνάγοντες,
874 4569 971 4622 καὶ
1017 4566 1464 4638 πτεροποιοῦντες
1500 4566 1624 4629 τοὺς
1668 4567 1912 4649 πιστούς.

2018 4572 2215 4627 cretum
2256 4560 2612 4634 adducentes,
2643 4570 2759 4623 alas
2788 4584 3009 4638 quoque
3036 4568 3287 4624 ﬁdelibus
3308 4569 3586 4624 addentes.

344 4660 734 4732 Πτεροποιοῦσι
767 4658 873 4730 γὰρ
902 4656 1117 4728 ἀληθῶς
1154 4656 1212 4708 αἱ
1245 4655 1383 4708 θεῖαι
1414 4653 1627 4724 Γραφαὶ
1667 4655 1791 4717 τοὺς
1829 4671 1919 4706 πι-

2020 4661 2227 4717 Divinas
2264 4662 2467 4731 quippe
2503 4659 2804 4730 Scriptura:
2844 4659 3030 4714 ﬁdeles
3061 4674 3126 4713 ex
3152 4660 3456 4714 caelestium
3496 4675 3588 4714 re-

348 4753 505 4814 στοὺς
536 4749 613 4820 τῷ
645 4749 792 4818 πόθῳ
820 4747 928 4801 τῶν
956 4744 1238 4817 οὐρανίων.
1269 4744 1467 4796 Τοῦτον
1500 4743 1609 4815 γὰρ
1640 4742 1729 4797 τὸν
1755 4741 1918 4796 πόθον

2017 4767 2140 4805 rum
2167 4750 2441 4805 desiderio
2466 4765 2655 4804 revera
2687 4750 2790 4804 alis
2822 4748 3124 4804 instruunt.
3167 4747 3287 4814 Quo
3317 4747 3590 4802 desiderio

346 4844 483 4914 ἔχων
518 4835 598 4904 εἷς
619 4858 703 4903 τις
727 4839 832 4892 τών
859 4837 1029 4905 ἁγίων
1068 4835 1223 4904 ἔλεγε
1242 4853 1255 4866 ο
1299 4839 1340 4889 Τ
1339 4836 1395 4901 lc
1418 4833 1538 4901 δῴη
1571 4853 1672 4903 μοι
1703 4833 1917 4901 πτέρυ-

2023 4847 2203 4894 motus
2267 4846 2583 4894 sanctorum
2643 4837 2916 4907 quispiam
2966 4836 3225 4892 dicebat:
3262 4834 3392 4900 Quis
3440 4834 3588 4889 dabit

346 4951 454 5004 τας
477 4932 617 4986 ὡσεὶ
655 4926 1027 4997 περιστερᾶς,
1056 4928 1153 4982 καί
1183 4926 1658 4995 πετασθήσομαι,
1683 4924 1781 4978 καὶ
1812 4941 1919 4979 κα-

2023 4930 2151 4983 milli
2202 4945 2398 4998 pennas
2441 4929 2578 4983 sicut
2628 4926 2916 4991 columbis,
2960 4935 3009 4979 et
3060 4924 3242 4979 volabo
3288 4933 3338 4977 et
3386 4925 3593 4994 requie-

343 5024 664 5084 tus-cadam;
709 5022 775 5073 '0
802 5019 966 5083 πόθος
996 5019 1103 5073 τῶν
1130 5020 1396 5090 οὐρανίων
1431 5018 1593 5072 αὐτὸν
1623 5015 1796 5080 εἷλκε,
1826 5017 1919 5070 καὶ

2024 5021 2269 5076 scum“?
2308 5020 2584 5075 Trahebat
2617 5021 2793 5090 ipsum
2830 5018 3146 5075 cmlestium.
3165 5032 3347 5071 rerum
3373 5016 3593 5072 deside-

346 5114 752 5184 ὲπτεροποιείτο
783 5110 944 5163 αὑτὸν
975 5109 1083 5162 τῶν
1110 5110 1280 5177 ἁγίων
1325 5112 1354 5162 6
1396 5108 1539 5172 νοῦς,
1572 5106 1922 5161 ἐπιλανθανο-

2022 5113 2202 5176 rium,
2258 5111 2374 5165 alas
2407 5109 2584 5165 eidem
2629 5109 2861 5164 addebat
2909 5122 3062 5162 mens
3115 5106 3205 5161 illa
3258 5114 3590 5165 sanctorum.

351 5204 524 5274 μένων
551 5202 659 5256 τῶν
682 5203 885 5273 γηίνων
914 5203 1007 5254 καὶ
1023 5200 1131 5254 τῶν
1147 5201 1482 5271 ἐπουρανίων
1509 5198 1915 5271 μεριμνώντων.

2026 5202 2121 5272 qui
2147 5212 2491 5257 terrenorum
2537 5201 2957 5262 obliviscuntur,
3003 5207 3167 5268 atque
3219 5211 3382 5251 unam
3431 5197 3567 5253 caele

347 5295 451 5348 Τὸν
480 5295 587 5367 γὰρ
619 5294 744 5349 νοῦν
768 5293 977 5348 ἑαυτῶν
1003 5292 1181 5356 δόντες
1216 5294 1294 5355 εἰς
1332 5294 1424 5344 τὸν
1442 5291 1685 5364 οὐρανὸν,
1712 5292 1804 5345 καὶ
1824 5308 1922 5344 πο-

2018 5294 2191 5349 "stium
2225 5304 2421 5364 gerunt
2452 5292 2899 5348 sollicitudinem.
2933 5288 3071 5344 Cum
3110 5289 3255 5343 enim
3288 5287 3389 5357 ipsi
3419 5296 3594 5341 sanet.

347 5386 566 5451 θοῦντες
594 5386 663 5439 τὰ
682 5386 924 5457 οὐράνια,
957 5384 1377 5440 ἐπελανθάνοντο
1402 5382 1511 5435 τῶν
1540 5385 1762 5453 γηίνων.
1782 5383 1919 5436 Τοῦ-

2028 5391 2264 5438 meutem
2296 5393 2465 5437 totam
2509 5381 2650 5437 caelo
2688 5379 3001 5445 dedissent,
3035 5386 3087 5432 et
3116 5376 3422 5433 caelestium
3452 5375 3596 5429 dun-

347 5494 438 5533 τον
470 5478 577 5549 γὰρ
608 5478 698 5531 τὸν
726 5476 891 5531 πόθον
911 5477 1050 5548 ἔχων
1072 5477 1166 5530 καὶ
1190 5474 1403 5538 Παῦλος
1433 5476 1461 5527 6
1488 5471 1784 5536 ἀπόστολος
1806 5471 1919 5526 ἕλευ

2030 5482 2183 5528 taxat
2206 5473 2459 5543 cupidine
2491 5481 2827 5539 tenerentur,
2846 5470 3137 5528 veniebant
3165 5469 3223 5525 in
3253 5478 3593 5525 terrenarum

428 5652 474 5686 δ’
499 5651 660 5709 Cant.
690 5667 771 5717 ιιι,
806 5653 892 5706 ll.
970 5652 1016 5683 "
1050 5651 1180 5707 ibid.
1271 5649 1316 5683 “
1343 5648 1491 5706 Psal.
1522 5664 1614 5714 xx,
1647 5653 1700 5704 4.
1776 5648 1821 5682 ⁸⁸
1849 5647 2004 5705 Cant.

1137 5651 1180 5707 i.
1271 5649 1316 5683 “
1343 5648 1491 5706 Psal.
1522 5664 1614 5714 xx,
1647 5653 1700 5704 4.
1776 5648 1821 5682 ⁸⁸
1849 5647 2006 5705 Cant.
2032 5664 2107 5715 vr,
2140 5647 2190 5702 l.
2265 5647 2313 5681 “
2343 5646 2488 5704 Psal.
2520 5663 2630 5713 LIV,
2664 5647 2713 5702 7.
