3990 6208
513 276 647 334 4551

1332 267 1390 323 S.
1428 265 1799 322 ATHANASII
1837 265 1988 321 OPP.
2030 262 2208 319 PARS
2244 262 2331 320 Ill.
2368 292 2438 303 —
2476 258 2883 316 EXEGETICA.

3588 259 3737 313 155?.

515 406 696 449 rerum
731 389 1075 446 oblivionem.
1104 384 1216 440 Hoc
1250 385 1380 440 item
1404 385 1674 441 desiderio
1709 394 1891 440 motus
1916 383 2060 439 Pau-

2162 399 2224 451 γε
2246 399 2259 411 ·
2295 381 2457 436 Κατὰ
2488 379 2723 434 σκοπὸν
2752 378 2937 432 διώκω
2966 379 3050 442 εὶς
3080 375 3143 429 τὸ
3167 374 3450 444 βραϐεῖον
3471 373 3583 443 τῆς
3604 375 3737 430 ἅνω

513 487 599 543 lus
646 484 924 556 apostolus
973 479 1237 536 dicebat:
1284 477 1363 530 Ad
1411 476 1734 530 destinatum
1766 489 2065 544 persequor,

466 568 470 577 ’
512 580 582 632 ad
620 577 857 631 brauium
911 585 1147 640 supernae
1193 569 1483 623 vocationis
1516 567 1586 622 ".
1626 565 1817 621 Viden’
1851 572 2068 620 sanctos

511 668 613 725 alis
648 659 1135 722 instructos?Nam
1169 660 1287 715 alas
1328 659 1534 714 addunt
1564 672 1754 713 revera
1786 670 2069 712 sermones

513 754 839 828 hujusmodi.
898 751 1142 818 Quorum
1194 763 1432 819 namque
1481 762 1637 803 mens
1690 761 1801 801 non
1861 746 2070 816 accepit

512 850 647 910 alas,
676 845 857 900 audita
885 841 1197 912 huiusmodi
1221 839 1495 894 lectione?
1518 837 1650 893 Vide
1675 838 1829 901 mihi,
1859 853 2065 907 quaeso,

511 940 680 997 beatae
729 937 874 991 illius
927 934 1124 989 animae
1178 932 1510 989 desiderium
1563 947 1685 1001 quae
1726 931 1848 985 ait:
1882 928 2065 1001 Surge,

511 1030 724 1102 aquilo,
762 1038 811 1083 et
844 1027 989 1095 ueni,
1053 1035 1248 1089 auster,
1304 1025 1474 1094 per/la
1524 1023 1725 1078 hortum
1776 1038 1975 1086 meum,
2017 1030 2067 1074 et

509 1124 677 1191 ﬂuant
711 1130 948 1174 aromata
986 1134 1101 1171 mea
1134 1118 1201 1170 ⁸⁸.
1234 1114 1369 1171 Vide
1402 1115 1560 1180 mihi,
1585 1128 1791 1183 quaeso,
1817 1112 2067 1167 ﬁduciam

507 1216 680 1271 beata:
708 1212 852 1267 illius
881 1210 1097 1276 animas,
1127 1219 1333 1279 quanta
1357 1206 1683 1261 conﬁdentia
1703 1207 1770 1259 ad
1800 1205 1885 1261 sui
1909 1219 2068 1259 exen-

508 1305 817 1360 citationem
878 1301 1202 1356 tentationes
1256 1307 1533 1368 provocet.
1596 1296 1797 1365 Surge,
1866 1295 2064 1364 inquit,

509 1393 704 1464 aquilo,
736 1401 784 1447 et
814 1393 957 1457 veni,
993 1399 1192 1452 auster,
1226 1404 1291 1442 ac
1327 1388 1372 1443 si
1402 1387 1641 1442 diceret:
1683 1386 1795 1457 Ego
1824 1385 2067 1440 ﬁrmatus

509 1501 629 1540 sum
669 1498 832 1552 supra
857 1490 1085 1553 petram,
1116 1480 1377 1535 accedant
1418 1478 1563 1532 venti
1596 1488 1650 1532 ct
1678 1476 1983 1547 impingunt
2009 1474 2064 1529 in

509 1591 630 1641 me,
665 1575 800 1628 alter
841 1588 909 1628 ex
961 1571 1086 1635 illa,
1132 1571 1266 1625 alter
1304 1585 1367 1624 ex
1413 1569 1518 1622 alia
1568 1576 1758 1636 parte:
1794 1566 2064 1621 neminem

508 1682 608 1736 ego
635 1664 886 1729 formido,
919 1671 1128 1733 petram
1158 1662 1332 1716 habeo
1361 1676 1448 1714 me
1473 1658 1836 1715 sustinentem
1864 1666 1917 1713 et
1940 1672 2066 1728 por-

511 1765 713 1812 tantem
756 1775 768 1809 :
804 1756 1028 1809 demum
1061 1754 1260 1823 quippe
1284 1767 1459 1806 meam
1503 1766 1667 1820 supra
1698 1757 1907 1819 petram
1936 1747 2067 1803 aedi—

509 1847 688 1911 ﬁcavi,
723 1845 1212 1914 accedentibusque
1234 1844 1409 1898 ventis
1441 1841 1578 1896 nihil
1620 1841 1867 1896 extimui.
1896 1839 2065 1894 Nosse

506 1937 592 1993 vis
621 1952 741 2006 qua-
767 1938 839 1991 sit
864 1943 1014 2005 petra
1049 1933 1140 1988 illa
1162 1971 1178 1998 ,
1219 1933 1274 1986 in
1311 1946 1420 2001 qua
1460 1930 1642 1986 stabat
1675 1930 1833 1984 beata
1871 1929 2062 1997 hujus-

509 2027 657 2082 modi
720 2025 941 2080 anima?
997 2023 1123 2077 audi
1182 2020 1455 2090 quomodo
1510 2034 1629 2073 eam
1683 2018 2065 2088 interpretatur

509 2116 711 2171 Paulus
739 2115 957 2169 dicens:
980 2110 1141 2166 Petra
1167 2120 1342 2164 autem
1373 2118 1485 2163 erat
1522 2108 1764 2163 Christus
1791 2106 1857 2161 ".
1890 2105 2065 2176 Super

507 2210 651 2265 hanc
676 2216 882 2278 petram
904 2204 1211 2262 consistens
1238 2202 1374 2256 nihil
1404 2200 1746 2266 reformidat,
1771 2200 1879 2255 imo
1901 2199 2061 2253 etiam

503 2295 780 2350 diabolum
815 2294 882 2348 ab
920 2292 1178 2362 aquilone
1211 2290 1515 2346 venientem
1549 2304 1658 2343 non
1707 2287 2061 2358 pertimescit,

505 2404 609 2445 nec
660 2388 831 2459 magis
884 2386 1031 2439 illum
1069 2385 1161 2454 qui
1207 2383 1354 2437 venit
1398 2382 1466 2435 ab
1504 2389 1708 2435 austro.
1740 2378 1969 2446 Quando
2009 2379 2062 2433 in

506 2487 659 2550 petra
690 2478 947 2533 fundatus
976 2491 1098 2531 sum
1131 2476 1185 2529 in
1218 2476 1445 2543 ipsaque
1473 2473 1738 2536 consisto,
1768 2470 1901 2525 nihil
1934 2484 2064 2525 sane

506 2579 690 2627 metuo
717 2587 731 2623 :
759 2567 1007 2638 quamvis
1036 2575 1264 2619 mortem
1297 2563 1700 2627 interminetur,
1729 2577 1835 2615 non
1872 2575 2060 2631 paveo,

506 2678 608 2719 nec
636 2670 818 2717 metuo
849 2658 1304 2730 persecutionem.
1338 2655 1573 2710 Paratus
1603 2670 1725 2735 sum
1769 2654 1834 2707 ad
1891 2655 2061 2708 conti-

507 2752 725 2806 tendum
770 2768 783 2804 :
821 2766 926 2805 non
980 2750 1144 2804 timeo
1182 2748 1415 2814 famem,
1464 2747 1593 2817 quia
1640 2745 1876 2800 Verbum
1910 2745 2064 2800 adest

508 2845 640 2899 mihi
678 2843 822 2911 quod
850 2842 992 2895 vires
1031 2840 1189 2894 addat
1224 2857 1238 2894 :
1270 2854 1395 2892 nam
1452 2838 1576 2893 dico
1622 2836 1845 2907 perinde
1900 2844 2062 2905 atque

506 2936 565 2991 Β.
597 2936 797 2990 Paulus
825 2952 838 2987 :
870 2932 1063 2988 Omnia
1088 2948 1301 3002 possum
1333 2932 1387 2984 in
1426 2947 1504 2997 eo,
1545 2932 1634 3001 qui
1667 2946 1747 2985 me
1778 2929 2058 2999 confortat,

506 3028 712 3082 Christo
734 3026 801 3080 ".
840 3024 898 3078 Si
933 3023 1065 3078 mihi
1099 3022 1376 3077 tribulatio
1402 3022 1643 3088 accidat,
1675 3021 1847 3091 ipsam
1892 3022 2059 3075 susti-
2087 3053 2126 3107 ο

506 3131 645 3181 neo;
680 3112 986 3185 persecutio
1009 3112 1056 3167 si
1077 3111 1280 3177 veniat,
1307 3112 1629 3183 martyrium
1657 3111 1861 3177 subeo;
1895 3109 1940 3165 si
1975 3108 2058 3164 fa—

505 3223 621 3263 mes
649 3206 859 3261 eveniat
881 3246 897 3271 ,
934 3203 1170 3258 Verbum
1200 3205 1353 3259 adest
1379 3204 1521 3274 quod
1561 3203 1692 3257 mihi
1726 3202 1902 3257 cibum
1933 3199 2061 3256 sub-

505 3298 809 3362 ministret;
840 3297 885 3352 si
916 3295 1128 3365 gladius
1176 3297 1438 3360 accedat,
1479 3296 1633 3357 adest
1661 3294 1751 3348 ille
1776 3295 1869 3363 qui
1911 3295 2059 3362 plus-

505 3404 670 3459 quam
730 3388 909 3444 omnis
958 3388 1170 3459 gladius
1221 3401 1420 3455 anceps
1474 3393 1720 3455 penetrat
1772 3398 1945 3453 usque
1989 3383 2059 3437 ad

507 3479 849 3549 compagines
890 3486 946 3533 et
987 3478 1287 3544 medullas;
1324 3477 1369 3532 si
1408 3477 1660 3546 voluptas
1690 3474 1871 3530 carnis
1913 3473 2059 3528 acci-

507 3570 601 3625 dat
649 3570 779 3625 mihi
799 3611 814 3637 ,
844 3570 1022 3641 gladio
1058 3568 1284 3639 ancipiti
1315 3570 1490 3638 ipsam
1527 3582 1711 3623 reseco
1733 3606 1750 3632 ,
1776 3576 1831 3621 et
1865 3565 2060 3636 abjicio

506 3678 570 3719 ac
592 3662 855 3732 meipsum
877 3669 1081 3727 castro,
1118 3675 1226 3714 non
1268 3659 1488 3714 admoto
1518 3659 1718 3729 gladio,
1760 3668 1820 3713 ut
1840 3659 2057 3729 quidam

506 3754 785 3819 homines;
821 3752 936 3820 sed,
971 3762 1029 3807 ut
1054 3751 1193 3806 dixit
1217 3750 1476 3805 Dominus
1503 3768 1516 3803 :
1551 3748 1687 3804 Sunt
1719 3748 1943 3804 eunuchi
1968 3749 2059 3818 qui

502 3848 696 3916 seipsos
731 3853 1091 3899 castraverunt
1114 3853 1327 3913 propter
1358 3857 1574 3913 regnum
1602 3841 1850 3896 ccelorum
1880 3841 1946 3894 δι.
1974 3838 2059 3893 Si-

503 3938 720 4010 quidem
752 3937 998 3991 homines
1044 3935 1180 3990 alios
1221 3934 1471 3989 homines
1503 3940 1747 3988 eastrant
1777 3947 1884 3985 non
1927 3945 2056 4000 pro-

501 4037 621 4098 pter
649 4040 870 4097 regnum
900 4023 1186 4088 cmlorum,
1220 4023 1315 4077 sed
1360 4031 1579 4092 propter
1605 4036 1833 4092 regnum
1861 4019 2055 4073 mulie-

503 4134 623 4172 rum
674 4132 930 4180 suarum,
984 4122 1045 4168 ut
1097 4115 1306 4169 scilicet
1359 4129 1452 4168 eas
1495 4113 1856 4168 custodiant:
1902 4111 2057 4165 item-

2169 473 2461 541 κλήσεως.
2478 470 2639 543 Ὁρᾷς
2664 472 2787 533 τοὺς
2805 468 2987 538 ἁγίους
3017 467 3565 538 πτεροποιουμένουςς
3593 468 3735 519 Πτε-

2168 563 2441 637 ροποιοῦσι
2472 563 2580 634 γὰρ
2613 562 2808 624 αὐτοὺς
2844 559 3069 631 ἀληθῶς
3092 560 3141 612 οἱ
3175 559 3319 626 λόγοι
3349 551 3515 613 οῦτοι.
3553 559 3730 611 Τίνων

2167 656 2275 726 γὰρ
2294 657 2394 708 οὐκ
2423 652 2819 725 ὲπτεροποιήθη
2839 654 2867 706 6
2894 649 3016 710 νοῦς
3038 652 3351 722 ἀκηκοότων
3377 650 3470 703 τοῦ
3490 649 3730 717 ἀναγνώ-

2169 767 2369 819 σματοίῖ
2388 765 2403 813 ἓ
2420 749 2515 801 ’Ῑδὲ
2546 748 2653 818 γὰρ
2680 747 2772 799 τὸν
2803 746 2966 799 πόθον
2993 752 3091 816 τῆς
3116 745 3387 815 μακαρίας
3408 744 3585 815 ψυχῆς
3599 744 3729 797 ταύ,

2165 858 2264 911 της
2295 838 2584 908 λεγούσηςο
2612 835 2997 907 Ἐξεγέρθητι,
3028 834 3241 904 βορῤᾶ,
3268 835 3362 888 καὶ
3400 835 3603 902 ἔρχου,
3622 836 3726 888 νό-

2166 948 2248 994 τε,
2275 930 2641 986 διάπνευσον
2668 928 2866 998 κῆπόν
2881 946 3020 998 μου,
3043 928 3141 982 καὶ
3155 926 3550 996 ῥευσάτωσαν
3574 927 3724 994 ἀρώ-

2159 1023 2319 1094 ματά
2345 1041 2486 1093 μου.
2507 1022 2602 1076 ἰδὲ
2632 1022 2729 1094 τὴν
2762 1021 3077 1089 πεποίθησιν
3101 1021 3199 1090 τῆς
3229 1020 3500 1090 μακαρίας
3524 1019 3726 1081 ταύτης

2165 1117 2360 1187 ψυχῆς,
2398 1115 2511 1177 πῶς
2540 1114 2813 1185 θαρροῦσα
2850 1115 3013 1183 ἑαυτῇ
3058 1111 3359 1165 ἐκκαλεῖται
3383 1111 3509 1173 τοὺς
3537 1127 3725 1180 πειρα-

2168 1206 2335 1274 σμοὺς
2361 1202 2494 1275 πρὸς
2526 1203 2846 1273 δοκιμασίαν
2877 1200 3099 1271 ἑαυτῆς.
3131 1199 3521 1270 Ἐξεγέρθητι,
3551 1199 3721 1267 λέγει,

2159 1293 2372 1363 βορῤᾶ,
2421 1295 2517 1348 καὶ
2558 1295 2759 1363 ἔρχου,
2799 1295 3031 1347 νότε.⁹0
3070 1293 3216 1360 λέγει
3258 1293 3492 1345 τοιοῦτόν
3541 1293 3725 1345 ἐστιν·

2178 1386 2317 1455 Ἐγὼ
2358 1387 2681 1457 ὲστήριγμαι
2732 1387 2823 1438 ὲπὶ
2866 1385 2962 1456 τὴν
3009 1385 3230 1457 πέτραν,
3285 1383 3626 1455 ἐρχέσθωσαν
3676 1384 3730 1435 οἱ

2164 1476 2351 1547 ἄνεμοι
2378 1477 2471 1531 καὶ
2501 1477 2979 1549 προσϐαλλέτωσάν
3006 1494 3113 1547 μοι,
3140 1480 3169 1531 6
3205 1477 3301 1547 μὲν
3342 1470 3420 1539 εἷς
3467 1477 3523 1530 ὲν
3548 1475 3726 1546 τούτῳ

2163 1569 2240 1640 τῷ
2271 1569 2446 1640 μέρει,
2477 1569 2570 1622 καὶ
2622 1570 2651 1622 6
2692 1568 2847 1632 ἄλλος
2895 1571 2952 1622 ὲν
3001 1554 3079 1637 τῷ
3112 1566 3253 1637 ἄλλῳ
3301 1566 3455 1637 μέρει
3475 1583 3489 1595 ·
3519 1565 3629 1633 ἐγὼ
3661 1565 3725 1618 οὐ

2165 1659 2429 1730 φοϐοῦμαι
2458 1660 2643 1713 οὐδένα
2662 1677 2675 1689 ·
2711 1659 2818 1730 ἔχω
2850 1659 2948 1730 τὴν
2990 1659 3190 1733 πέτραν
3215 1661 3312 1731 τὴν
3352 1659 3726 1728 βαστάζουσάν

2169 1769 2234 1821 με
2254 1767 2267 1780 ο
2300 1751 2397 1820 τὴν
2425 1750 2534 1822 γὰρ
2562 1751 2735 1804 οἰκίαν
2766 1768 2868 1822 μου
2900 1750 2992 1804 ἐπὶ
3018 1753 3115 1822 τὴν
3146 1751 3347 1822 πέτραν
3376 1751 3726 1823 ᾠκοδόμησα,

2164 1841 2255 1895 καὶ
2283 1842 2340 1894 ἐν
2362 1840 2440 1911 τῷ
2467 1841 2637 1893 ὲλθεῖν
2670 1843 2793 1905 τοὺς
2820 1842 3052 1913 ἀνέμους
3086 1842 3185 1895 οὐκ
3213 1842 3507 1915 ἐφοϐήθην.
3542 1842 3729 1906 Θέλεις

2161 1932 2219 1986 δὲ
2245 1931 2443 2000 γνῶναι
2474 1931 2558 1995 τίς
2581 1933 2726 1988 ἐστιν
2759 1933 2790 2003 ἡ
2819 1932 3010 2004 πέτρα,
3046 1934 3132 2002 ἐφ’
3162 1927 3229 2003 ἦς
3260 1934 3490 2005 ἕστηκεν
3523 1935 3667 2006 αὐτὴ
3694 1935 3724 2004 ἡ

2166 2021 2407 2094 μακαρία
2457 2021 2638 2093 ψυχῆς
2686 2023 2850 2077 ἄκουε
2895 2022 2988 2076 τοῦ
3036 2022 3246 2076 Παύλου
3288 2023 3403 2086 πῶς
3436 2025 3729 2096 ὲρμηνεύει

2163 2112 2327 2183 αὐτὴν
2371 2112 2464 2165 καὶ
2509 2111 2689 2180 λέγει’
2736 2111 2886 2170 Ἡδὲ
2917 2115 3100 2181 πέτρα
3128 2109 3203 2183 ἦν
3244 2115 3276 2165 ὀ
3312 2113 3730 2180 Χριστός.Ἐπ“ι

2161 2204 2361 2274 ταύτης
2393 2204 2491 2275 τῆς
2524 2204 2728 2276 πέτρας
2773 2207 3042 2275 στήκουσα
3062 2205 3122 2256 οὐ
3151 2207 3407 2267 πτοεῖται,
3453 2204 3594 2258 ἀλλὰ
3639 2205 3729 2257 καὶ

2161 2296 2251 2350 τὸν
2279 2296 2383 2349 ἀπὸ
2420 2295 2589 2367 βορρᾶ
2624 2296 2907 2368 ἐρχόμενον
2935 2295 3176 2349 διάϐολον
3215 2296 3276 2348 οὐ
3315 2295 3582 2364 φοϐεῖται,
3614 2295 3725 2349 οὐδὲ

2164 2388 2322 2442 πάλιν
2353 2389 2441 2440 τὸν
2463 2390 2528 2441 ὲκ
2553 2388 2895 2443 νότου.Ὃσον
2912 2387 3020 2459 γὰρ
3040 2386 3429 2458 τεθεμελίωμαι
3454 2388 3552 2439 καὶ
3573 2388 3728 2456 ἕστη-

2162 2500 2232 2534 κα
2262 2482 2353 2534 ἐπὶ
2377 2480 2475 2553 τὴν
2507 2481 2732 2552 πέτραν,
2763 2480 2913 2533 οὐδὲν
2939 2479 3234 2549 φοϐοῦμαι·
3275 2480 3377 2533 κᾶν
3405 2480 3608 2551 ἀπειλῇ
3640 2498 3725 2550 μοι

2163 2572 2410 2636 θάνατον,
2442 2573 2503 2626 οὐ
2525 2571 2684 2625 πτοοῦ
2693 2589 2809 2642 μαι,
2834 2571 2894 2623 οὐ
2914 2570 3179 2641 φοϐοῦμαι
3203 2570 3456 2641 διωγμόν.
3472 2571 3726 2641 Ἕτοιμός

2161 2667 2274 2735 είμι
2327 2665 2419 2718 τοῦ
2463 2664 2818 2735 ὁμολογῆσαν
2853 2664 2912 2715 οὐ
2958 2662 3224 2733 φοϐοῦμαι
3255 2662 3430 2732 λιμὸν,
3468 2661 3608 2731 ἔχων
3637 2662 3725 2715 τὸν

2161 2757 2553 2828 ἐνδυναμοῦντά
2596 2774 2661 2826 με
2707 2755 2907 2823 Λόγονο
2958 2755 3050 2806 καὶ
3093 2754 3233 2821 λέγω
3262 2750 3413 2820 κάγὼ
3450 2752 3593 2805 κατὰ
3634 2752 3723 2804 τὸν

2164 2845 2570 2916 μακαριώτατον
2612 2843 2819 2897 Παῦλον
2840 2860 2852 2873 ·
2884 2842 3084 2896 Πάντα
3114 2844 3299 2911 ἰσχύω
3328 2842 3398 2895 ἐν
3427 2839 3509 2906 τῷ
3546 2840 3720 2895 ἐνδυ-

2160 2938 2448 3007 ναμοῦντί
2467 2955 2565 3006 με,
2595 2935 2843 3005 Χριστῷ.
2867 2934 3054 3003 Θλίψις
3092 2951 3180 3004 μοι
3208 2934 3301 2987 ἐὰν
3335 2933 3482 3004 ἔλθῃ,
3518 2933 3723 3003 ὑπομέ-

2159 3046 2234 3082 νω
2275 3029 2477 3098 αὐτήν·
2527 3027 2762 3096 διωγμὸς
2802 3026 2895 3079 ἐὰν
2942 3024 3071 3098 ἔλθῃ
3101 3041 3212 3095 μοι,
3242 3022 3531 3096 μαρτυρῶο
3567 3024 3722 3094 λιμδς

2162 3122 2255 3175 ἐὰν
2292 3119 2418 3190 ἔλθῃ
2454 3136 2564 3190 μοι,
2597 3119 2705 3188 ἔχω
2726 3118 2817 3171 τὸν
2840 3116 3105 3189 τρέφοντα
3138 3133 3204 3187 με
3232 3115 3401 3184 Λόγον
3429 3133 3442 3166 τ
3479 3115 3720 3186 μάχαιρα

2160 3210 2252 3263 ἐὰν
2294 3209 2443 3281 ἔλθῃ,
2471 3209 2577 3279 ἔχω
2606 3209 2697 3261 τὸν
2736 3207 2872 3279 ὑπὲρ
2924 3208 3102 3262 πᾶσαν
3151 3205 3418 3277 μάχαιραν
3463 3206 3717 3277 δίστομον

2158 3302 2248 3355 τὸν
2278 3301 2642 3371 διικνούμενον
2676 3299 2866 3371 μέχρις
2894 3299 3085 3371 ἁρμῶν
3111 3316 3171 3351 τε
3197 3299 3291 3352 καὶ
3326 3297 3537 3369 μυελῶν
3557 3315 3573 3328 ο
3599 3298 3717 3368 ἡδο-

2159 3394 2225 3464 νὴ
2260 3392 2457 3463 σαρκὸς
2501 3391 2591 3444 ἐὰν
2639 3389 2765 3460 ἔλθῃ
2803 3407 2916 3460 μοι,
2940 3392 3005 3460 τῇ
3038 3388 3271 3459 διστόμῳ
3300 3388 3543 3459 μαχαίρᾳ
3584 3389 3717 3441 ἁπο-

2156 3486 2338 3556 τέμνω
2372 3484 2559 3555 αὐτὴν,
2594 3483 2687 3535 καὶ
2720 3481 3007 3535 ἁποϐάλλω
3035 3482 3128 3533 καὶ
3152 3480 3439 3550 εὐνουχίζω
3460 3480 3714 3550 ἐμαυτόν·

2158 3577 2217 3628 οὐ
2247 3577 2512 3647 μάχαιραν
2541 3573 2859 3637 ἐπιϐάλλων,
2900 3572 3147 3644 καθάπερ
3184 3575 3324 3635 τινὲς
3357 3572 3465 3626 τῶν
3504 3572 3715 3642 ἀνθρὼ-

2160 3687 2274 3723 πων
2298 3668 2556 3732 ποιοῦσιν,
2582 3667 2735 3731 ἀλλὰ,
2759 3665 2937 3729 καθὼς
2958 3662 3108 3721 εἶπεν
3148 3668 3177 3719 ό
3208 3666 3437 3737 Κύριος,
3472 3667 3552 3719 ὅτι
3604 3668 3715 3719 ἘΙ-

2157 3758 2265 3811 σὶν
2289 3757 2563 3826 εὐνοῦχοι
2585 3758 2800 3821 οἵτινες
2822 3758 3186 3826 εὐνούχισαν
3205 3757 3446 3823 ἑαυτοὺς
3482 3757 3578 3810 διὰ
3602 3758 3716 3822 τὴν

2151 3848 2473 3912 βασιλείαν
2493 3847 2609 3902 τῶν
2635 3847 3237 3919 οὐρανῶν,”Ανθρωποι
3263 3850 3359 3919 μὲν
3378 3850 3484 3920 γάρ
3506 3849 3716 3921 ἀνθρώ-

2158 3957 2290 4002 πους
2328 3939 2722 4010 εὐνουχίζουσιν
2762 3940 2823 3991 ού
2856 3937 2944 3992 διὰ
2982 3940 3079 4010 τὴν
3109 3938 3381 4009 βασιλείαν
3406 3939 3511 3992 τῶν
3542 3941 3710 4010 οὐρα-

2155 4031 2281 4095 νῶν,
2308 4029 2442 4083 ἀλλὰ
2485 4030 2572 4083 διὰ
2612 4030 2710 4098 τὴν
2749 4027 3019 4098 βασιλείαν
3063 4029 3169 4082 τῶν
3204 4028 3471 4098 γυναικῶν
3506 4030 3717 4083 ἑαυτῶν

2157 4121 2248 4173 καλ⁹
2293 4119 2382 4173 διὰ
2423 4122 2673 4190 τήρησιν,
2722 4119 2812 4172 καὶ
2865 4118 2950 4171 διὰ
2992 4118 3385 4190 ὑπερηφανίαν.
3430 4118 3616 4182 Θέλεις
3657 4119 3717 4171 δὲ

501 4224 608 4279 que
647 4207 911 4277 superbiae
938 4219 1105 4260 causa
1148 4205 1202 4259 id
1238 4213 1424 4275 agunt.
1452 4203 1546 4259 Vis
1576 4204 1715 4259 scire
1748 4203 1840 4272 qui
1878 4202 1985 4257 sint
2019 4201 2052 4255 ii

2160 4211 2382 4265 ἀκοῦσαι
2414 4211 2555 4274 τίνες
2588 4213 2723 4264 εἰσιν
2747 4212 2795 4263 οἱ
2819 4211 3219 4280 εὐνουχίσαντες
3251 4213 3473 4272 ἑαυτοὺς
3496 4212 3586 4264 διὰ
3617 4213 3718 4283 τὴν

501 4299 596 4369 qui
619 4300 825 4367 seipsos
846 4306 1223 4351 castraverunt
1249 4305 1467 4366 propter
1492 4311 1714 4365 regnum
1749 4294 2007 4348 caelorum
2030 4292 2054 4344 ἲ

2160 4301 2430 4372 βασιλείαν
2462 4301 2570 4354 τῶν
2600 4302 2875 4373 οὐρανῶν;
2928 4301 3033 4356 ἰδοὺ
3073 4301 3267 4373 Ἰωσὴφ
3299 4303 3386 4356 διὰ
3424 4303 3524 4373 τὴν
3567 4303 3717 4374 βασι-

499 4388 698 4456 Joseph
748 4396 963 4457 propter
1011 4402 1234 4455 regnum
1283 4387 1544 4441 caelorum
1590 4401 1709 4440 sese
1759 4383 2050 4449 castravit;

2160 4394 2301 4448 λείαν
2326 4393 2431 4447 τῶν
2450 4395 2690 4465 οὐρανῶν
2719 4394 3025 4464 εὐνούχισαν
3046 4395 3262 4448 ἑαυτόν·
3291 4396 3580 4467 κρατηθεξ
3607 4398 3716 4468 γάρ

499 4494 622 4533 cum
667 4478 811 4533 enim
856 4493 887 4530 a
930 4477 1148 4531 domina
1201 4492 1299 4532 sua
1346 4477 1400 4532 in
1445 4476 1699 4533 cubiculo
1753 4482 2051 4539 teneretur,

2160 4485 2262 4540 ὑπὸ
2290 4486 2387 4555 τῆς
2418 4486 2697 4556 δεσποίνης
2722 4488 2799 4549 είς
2834 4486 2923 4539 τὸν
2959 4486 3209 4548 κοιτῶνα,
3246 4488 3339 4540 καὶ
3369 4488 3595 4557 μηδενὸς
3630 4489 3720 4540 δν-

499 4583 766 4640 nemoque
791 4568 1036 4633 adesset,
1079 4569 1169 4623 illa
1201 4569 1306 4622 vim
1366 4567 1631 4623 inferentes
1678 4575 1739 4620 ut
1775 4566 2052 4621 lasciviem

2160 4593 2244 4639 τος
2271 4578 2329 4630 ὲν
2351 4576 2429 4647 τῷ
2459 4577 2628 4647 τόπῳ,
2659 4576 2914 4647 κάκείνης
2937 4576 3345 4646 ἀναγκαζούσης
3374 4578 3467 4631 τοῦ
3498 4579 3718 4633 τελέσει

498 4676 654 4717 suam
688 4661 929 4724 satiaret,
957 4659 1070 4727 ipse
1104 4674 1224 4714 sese
1254 4660 1532 4725 castravit,
1567 4659 1685 4726 ejus
1723 4657 1928 4713 scilicet
1954 4671 2051 4711 vo-

2160 4672 2252 4740 τὴν
2293 4669 2490 4738 ἑαυτῆς
2547 4668 2832 4739 ῥᾳθυμίαν,
2865 4667 3024 4731 αὐτὸς
3058 4667 3332 4738 εὐνούχισε
3374 4667 3449 4739 μὴ
3511 4686 3719 4737 συγχα-

496 4751 690 4806 luntati
727 4764 833 4804 non
868 4749 1307 4818 obtemperando.

2160 4759 2443 4829 ιαθέμενος
2465 4760 2621 4831 αὐτῇ.

564 4838 618 4895 2.
668 4838 903 4909 ldipsum
961 4854 1173 4908 quoque
1216 4841 1372 4894 beata
1422 4836 1671 4892 Susanna
1721 4834 1877 4902 fecit,
1923 4852 2050 4892 cum

2219 4850 2271 4904 2.
2312 4848 2556 4902 Τοῦτοδὲ
2586 4849 2680 4902 καὶ
2720 4850 2753 4918 ή
2795 4850 3037 4921 μακαρία
3076 4851 3347 4904 Σουσάννα
3388 4852 3712 4922 πεποίηκεν,

496 4930 611 4986 sola
640 4930 695 4982 in
721 4930 878 4984 horto
906 4930 1235 5000 deprehensa
1267 4928 1371 4982 fuit
1397 4944 1427 4982 a
1456 4928 1671 4983 duobus
1719 4927 2050 4991 senioribus,

2160 4940 2426 5012 εὑρεθεῖσα
2465 4940 2596 5010 μόνη
2626 4941 2683 4991 ὲν
2717 4938 2794 5009 τῷ
2836 4940 3147 5010 παραδείσῳ
3167 4957 3180 4969 ·
3213 4942 3575 5011 κατασχόντες
3603 4944 3712 5012 γὰρ

495 5021 758 5078 adulterio
807 5036 931 5089 cum
984 5021 1074 5075 illa
1126 5021 1344 5075 misceri
1409 5021 1740 5077 conantibus
1796 5020 2052 5092 (improbi

2160 5032 2316 5102 ιύτὴν
2340 5033 2387 5083 οἱ
2416 5030 2508 5083 δύο
2547 5029 2930 5099 πρεσϐύτεροι,
2967 5029 3208 5093 θέλοντες
3237 5031 3590 5101 μοιχευθῆναι
3618 5034 3713 5084 αὐ-

494 5130 652 5172 senes
683 5132 747 5172 ac
778 5116 1006 5175 Domino
1039 5117 1261 5189 perosi),
1289 5118 1354 5173 de
1383 5118 1579 5188 quibus
1619 5118 1878 5172 Salomon
1903 5117 2053 5172 dice-

494 5205 608 5265 bat.
658 5206 769 5262 imo
810 5208 988 5279 potius
1039 5207 1302 5264 Dominus
1354 5225 1449 5278 per
1491 5207 1834 5264 Salomonem
1864 5227 1878 5263 :
1914 5208 2040 5262 Tres

492 5296 687 5363 species
710 5298 978 5352 hominum
1010 5302 1119 5353 odit
1157 5301 1337 5353 anima
1361 5316 1496 5363 mea,
1523 5316 1692 5353 senem
1724 5300 2041 5365 adulterum,

491 5402 767 5457 pauperem
795 5389 1072 5459 superbum
1100 5402 1148 5445 et
1175 5392 1388 5447 divitem
1429 5391 1726 5445 mendacem
1753 5392 1821 5446 ⁵³.
1854 5390 2042 5445 Videu’

561 5561 606 5594 ⁸⁷
631 5562 826 5635 Pbilip.
858 5581 941 5631 ιιι,
970 5566 1054 5619 14.
1134 5565 1178 5599 ⁵⁸
1200 5567 1354 5621 Cant.
1391 5583 1462 5633 Iv,
1507 5567 1591 5621 16.
1665 5565 1707 5598 ’δ’
1739 5566 1759 5620 l
1792 5566 1920 5621 Cor.
1960 5582 2013 5631 ιι,
2045 5564 2078 5618 4

2176 5567 2222 5597 ⁵⁰
2253 5565 2485 5635 Philipp.
2516 5583 2587 5635 IV,
2621 5567 2702 5623 15.

491 5643 596 5684 xxv
618 5671 635 5688 .
668 5632 722 5685 4.

2146 5124 2265 5194 τὴν,
2304 5122 2603 5192 παράνομοι
2628 5120 2878 5193 γέροντες
2901 5121 2952 5174 οἱ
2982 5123 3197 5193 μισητολ⁵
3219 5123 3365 5193 παρὰ
3389 5122 3466 5193 τῷ
3497 5125 3707 5193 Κυρίῳ-

2147 5213 2354 5274 τούτοις
2400 5212 2455 5263 δὲ
2498 5213 2589 5264 καὶ
2616 5210 2863 5282 Σολομὼν
2891 5210 3095 5279 ἔλεγεν,
3127 5212 3322 5282 μᾶλλον
3360 5212 3417 5265 δὲ
3452 5216 3482 5265 ὁ
3506 5213 3713 5283 Κύριος

2147 5301 2233 5354 διὰ
2285 5300 2641 5371 Σολομῶντος,
2681 5303 2762 5354 ὃτι
2798 5302 2930 5369 Τρία
2962 5302 3090 5369 εἴδη
3126 5302 3419 5371 ἐμίσησεν
3456 5305 3495 5370 ἡ
3540 5302 3709 5372 ψυχή

2149 5407 2282 5456 μου,
2316 5389 2563 5457 γέροντα
2596 5391 2831 5460 μοιχὸν,
2873 5392 2970 5445 καὶ
3018 5392 3255 5459 πτωχὸν
3298 5391 3705 5461 ὑπερήφανον,

2789 5568 2832 5598 ⁸³
2867 5566 3055 5623 Matth.
3096 5584 3184 5621 xxx
3209 5607 3226 5634 ,
3266 5568 3351 5621 {2.
3458 5571 3506 5600 ⁵⁸
3539 5568 3698 5623 Eccli.
