3990 6208
452 241 477 295 1
490 242 592 296 355

1313 239 1369 295 S.
1414 235 1781 295 ATl-IANASII
1820 233 1969 292 OPP.
2004 232 2183 289 PARS
2220 234 2304 289 lll.
2334 266 2403 277 —
2430 232 2834 292 EXEGETICA.

3550 226 3692 284 £558

452 359 662 415 Idcirco
712 357 998 430 discipuli,
1044 365 1101 412 nt
1130 356 1330 412 dictum
1360 366 1472 424 est,
1504 356 1560 411 in
1599 354 1841 412 conclavi
1869 355 2014 408 intus

2118 354 2351 424 κόμενοι,
2381 352 2474 406 καὶ
2497 348 2564 422 ἦν
2609 349 2844 421 βορεινδς
2863 348 2892 400 6
2916 347 3075 409 τόπος
3100 345 3231 399 ὅπου
3258 337 3324 415 ῆν
3353 341 3694 413 σταυρωθεὶς

453 455 704 520 latentes,
732 453 934 517 dicant,
963 450 1147 521 Surge,
1172 449 1370 519 aquilo,
1405 459 1455 503 et
1485 450 1622 513 vent,
1650 454 1849 511 auster,
1872 446 2011 499 επείι

457 556 568 600 tare
584 559 702 598 cum
719 541 982 613 aquilone,
1004 540 1054 593 id
1075 548 1175 604 cst,
1204 555 1268 593 ex
1292 546 1479 593 austro
1497 536 1564 592 ad
1581 551 1777 605 corpus
1797 534 2010 589 accede.

454 636 694 705 ldipsum
734 634 877 688 enim
924 632 977 686 in
1011 632 1293 701 prophetis
1324 632 1585 699 scriptum
1616 641 1700 684 est
1730 647 1744 684 :
1777 627 1919 682 Deus
1951 643 2015 681 ea:

458 726 687 782 Theman
733 725 895 779 veniet
932 724 1000 777 ⁵⁷.
1048 721 1341 792 Postquam
1387 722 1568 775 triduo
1599 721 1664 774 ad
1704 720 2012 790 aquilonem

454 828 653 883 corpus
680 811 939 881 jacnisset
961 850 975 874 ,
1002 810 1152 865 venit
1181 808 1434 864 Servator
1463 809 1531 863 ab
1558 818 1765 873 austro,
1799 817 1852 863 ct
1875 808 2017 862 acci-

453 904 533 974 pit
558 918 753 971 corpus
776 900 920 971 quod
959 900 1014 953 in
1046 900 1298 969 aquilone
1326 899 1571 968 jacebat;
1614 900 2015 970 discipulosque

454 1008 564 1063 quo
599 994 716 1047 loco
756 991 1108 1047 considebant
1169 992 1299 1047 adit.
1336 990 1488 1047 Tunc
1529 991 1747 1047 demum
1780 991 2015 1046 intrante

452 1083 602 1146 Jesu,
638 1082 765 1137 ﬂatu
797 1082 1038 1152 repletus
1068 1082 1260 1137 hortus
1294 1080 1432 1148 fuit,
1481 1092 1536 1137 et
1578 1082 1852 1137 ﬂuxerunt
1892 1096 2016 1136 aro-

453 1184 618 1228 mata.
652 1172 807 1227 Tunc
844 1173 1095 1243 discipuli
1128 1173 1358 1228 Domino
1388 1174 1623 1228 dixerint
1654 1192 1668 1228 :
1698 1173 1745 1228 0
1766 1172 2011 1237 Domine,

454 1278 579 1319 cum
624 1272 682 1316 tu
730 1262 880 1318 cruci
915 1262 1105 1318 alIixus
1139 1278 1197 1317 es
1228 1273 1283 1318 et
1323 1263 1594 1318 infernum
1618 1263 1885 1332 spoliasti,
1914 1276 2015 1316 nos

452 1357 509 1410 in
556 1357 692 1412 cella
741 1370 959 1411 eramus
1001 1354 1334 1410 unanimiter
1373 1356 1683 1426 congregati
1732 1356 2016 1424 lucemque

452 1456 603 1504 tuam
634 1456 940 1519 quaerentes
964 1464 979 1512 ;
1006 1447 1100 1502 lux
1134 1462 1263 1503 vero
1291 1446 1448 1502 nobis
1473 1448 1761 1518 praesentia
1788 1456 1879 1502 tua
1897 1455 2012 1511 est;

454 1555 563 1610 qua
597 1539 824 1608 privati,
872 1539 1085 1609 magnis
1124 1539 1182 1593 in
1217 1539 1455 1594 tenebris
1493 1538 1873 1603 versabamur;
1934 1547 2016 1594 at-

454 1647 562 1703 que
593 1633 710 1687 haec
737 1640 866 1687 tunc
894 1632 1179 1687 adversum
1211 1647 1315 1686 nos
1337 1630 1750 1701 proferebantur
1783 1651 1796 1686 :
1822 1632 2014 1686 Anima

2112 444 2142 496 6
2184 435 2408 512 Κύριος,
2443 442 2541 494 Διὰ
2587 440 2742 495 τοῦτο
2772 434 2864 492 οῦν
2895 439 2943 490 οἱ
2978 435 3212 509 μαθηταὶ
3256 438 3313 488 ὲν
3359 433 3437 505 τῷ
3487 432 3695 503 κελλίφ

2113 530 2220 583 ἔσω
2266 529 2623 600 κρυπτόμενοι
2669 528 2971 605 λεγέτωσαν
2995 536 3011 556 δ
3054 524 3431 594 Ἐξεγέρθητι,
3469 519 3694 591 βορρᾶ,

2112 623 2209 676 καὶ
2242 623 2440 691 ἔρχου,
2474 624 2630 684 νότε,
2660 620 2994 690 ἐξεγὲρθητι
3022 618 3143 672 σὺν
3158 615 3695 687 βορῤᾷ,τουτέστιν,

2113 714 2177 765 ὲκ
2206 714 2296 765 τοῦ
2323 714 2476 767 νότου
2501 715 2579 776 είς
2605 712 2666 765 τὸ
2697 711 2874 781 σῶμα.
2899 710 3067 763 Τοῦτο
3087 710 3304 779 γὰρκαὶ
3334 711 3393 762 ἐν
3414 710 3529 770 τοῖς
3552 723 3694 773 προ-

2114 807 2306 875 φήταις
2350 805 2688 876 γέγραπται,
2738 806 2822 859 ὅτι
2877 806 2941 857 Ὀ
2984 803 3125 868 Θεὸς
3168 801 3233 855 ἐκ
3281 800 3477 870 aeger
3529 799 3691 867 ἣξει.

2114 898 2426 969 Τριημέρου
2463 898 2518 951 δὲ
2561 896 2813 967 κειμένου
2857 894 2950 949 τοῦ
2985 893 3234 965 σώματος
3273 895 3329 946 ὲν
3379 892 3455 963 τῷ
3489 890 3688 962 βορῇ,

2113 989 2328 1060 ἔρχεται
2360 991 2388 1041 6
2418 988 2606 1060 Σωτὴρ
2639 989 2702 1041 ὲκ
2728 988 2823 1041 τοῦ
2855 988 3029 1045 νότου.
3070 986 3164 1038 καὶ
3195 983 3460 1054 λαμϐάνει
3492 981 3552 1035 τὺ
3580 981 3690 1033 σῶ-

2118 1095 2191 1149 μα
2222 1078 2284 1130 τὸ
2306 1079 2363 1130 ὲν
2390 1079 2467 1150 τῷ
2500 1078 2671 1150 βορρᾷ
2704 1078 2973 1148 κείμενον,
3007 1076 3101 1130 καὶ
3147 1075 3363 1147 ἔρχεται
3397 1073 3533 1146 πρὸς
3563 1074 3694 1136 τοὺς

2118 1169 2363 1240 μαθητὰς
2387 1174 2444 1224 ὲν
2478 1171 2557 1242 τῷ
2589 1172 2739 1242 τόπῳ
2774 1171 2906 1224 ὅπου
2930 1164 3089 1240 ἦσαν.
3118 1167 3251 1220 Τότε
3274 1166 3480 1227 λοιπὸν,
3515 1165 3696 1218 εἰσελ-

2115 1259 2297 1324 θόντος
2329 1260 2423 1314 τοῦ
2461 1261 2656 1332 Ἰησοῦ,
2686 1261 2942 1314 ἔπνευσεν
2988 1261 3017 1312 6
3054 1258 3249 1329 κῆπος,
3290 1258 3385 1311 καὶ
3420 1257 3695 1329 ἔῤῥευσαν

2113 1349 2181 1403 τὰ
2214 1351 2498 1422 ἀρώματα.
2525 1352 2658 1404 Τότε
2685 1350 2992 1419 λεγέτωσαν
3017 1351 3065 1402 οἱ
3097 1350 3335 1421 μαθηταὶ
3362 1347 3440 1419 τῷ
3470 1347 3687 1419 Κυρίῳο

2112 1434 2183 1492 τΩ
2221 1439 2412 1511 Κύριε,
2459 1440 2547 1492 ὅτε
2595 1441 2659 1493 σὺ
2710 1440 3076 1512 ὲσταυρώθης,
3111 1441 3205 1493 καὶ
3253 1439 3544 1505 ὲσκύλευες
3596 1437 3692 1491 τὸν

2114 1530 2265 1601 ᾅδην,
2288 1532 2447 1600 ἡμεῖς
2464 1526 2606 1602 ἦμεν
2631 1533 2691 1584 ἐν
2713 1531 2907 1602 κελλίῳ
2932 1531 3271 1602 ὁμοθυμαδὸν
3300 1531 3691 1601 συνερχόμενα

2114 1623 2207 1675 καὶ
2236 1622 2523 1694 ζητοῦντες
2550 1623 2611 1677 τὸ
2643 1624 2793 1694 παρὰ
2828 1623 2921 1678 σοῦ
2963 1624 3108 1694 φῶς·
3142 1622 3256 1693 φῶς
3280 1624 3333 1677 δὲ
3366 1625 3499 1695 ἡμῖν
3545 1626 3579 1694 ἡ
3618 1625 3685 1695 σὴ

452 1738 633 1777 eorum
655 1724 709 1776 in
739 1723 895 1776 matis
929 1722 1217 1776 tabescebat
1246 1721 1313 1775 ⁸⁸.
1341 1721 1399 1775 ln
1434 1722 1594 1777 malis
1625 1737 1859 1792 namque
1884 1732 2011 1777 tunc

2118 1687 2406 1784 παρουσία.
2436 1713 2526 1783 Μὴ
2560 1687 2844 1783 βλέποντες
2872 1714 2929 1768 δὲ
2956 1687 3054 1785 τὴν
3077 1687 3173 1782 σὴν
3203 1687 3523 1785 παρουσίαν,

454 1812 756 1876 constituti,
787 1822 841 1867 te
872 1828 982 1867 non
1006 1812 1360 1880 videbamus;
1396 1828 1541 1868 nunc
1574 1822 1752 1868 autem
1795 1814 2013 1883 conspi—

454 1901 562 1954 cati
588 1902 896 1971 aquilonem
929 1901 1230 1957 surrexisse
1247 1901 1569 1971 venisseque
1593 1910 1861 1966 austrum,
1885 1901 2013 1955 hor-

452 2003 570 2048 tum
606 1992 736 2048 ﬂatu
788 1993 1050 2063 repletum
1083 2007 1238 2059 esse,
1266 2002 1321 2048 et
1351 2003 1595 2049 aromata
1631 1993 1852 2049 ﬂuxisse
1877 1994 2014 2049 vidi-

448 2099 599 2140 snus.
673 2140 681 2149 ,

526 2242 583 2296 4.
613 2234 646 2292 Ἰ
663 2256 769 2297 unc
789 2240 1012 2297 accedat
1039 2241 1278 2297 Thomas
1310 2242 1376 2297 ad
1409 2240 1863 2299 considerandum
1889 2256 2014 2297 cor-

442 2349 580 2403 ,pns,
603 2333 890 2404 videatque
912 2334 1136 2405 vestigia
1160 2334 1463 2397 clavorum,
1495 2349 1561 2390 ac
1590 2333 1737 2389 dicat
1766 2353 1779 2389 :
1813 2332 2015 2389 Hortus

444 2426 583 2481 .ﬂatu
634 2441 878 2496 auraque
927 2427 1164 2495 repletus
1197 2435 1310 2491 est,
1351 2435 1405 2481 et
1443 2425 1716 2481 ﬂuxerunt
1748 2434 2010 2481 aromata.

453 2517 712 2573 Aromata
741 2532 904 2588 porro
940 2523 1135 2572 nostra
1160 2529 1288 2573 sunt
1317 2517 1673 2587 incorruptio,
1705 2530 1867 2585 quam
1895 2530 2016 2570 cor-

451 2621 557 2676 pus
577 2606 753 2662 induit
781 2626 795 2662 :
832 2607 955 2664 ideo
986 2609 1186 2680 quippe
1211 2607 1415 2661 Paulus
1438 2606 1514 2661 ait
1558 2625 1572 2660 :
1602 2606 1817 2675 Oportet
1843 2606 2016 2658 incor-

453 2699 701 2770 ruptibile
721 2701 815 2755 hoc
841 2701 1056 2755 induere
1084 2700 1549 2769 incorruptionem,
1583 2708 1633 2752 et
1669 2700 1890 2752 mortale
1921 2699 2017 2752 hoc

452 2788 670 2846 induere
704 2792 1160 2847 immortalitatem
1199 2792 1265 2847 ".
1301 2789 1655 2858 Quandonam
1697 2804 1896 2860 corpus
1934 2790 2018 2843 iu-

453 2869 572 2938 duit
604 2884 1090 2954 incorruptionem,
1115 2883 1224 2939 nisi
1247 2883 1464 2953 quando
1492 2880 1729 2937 Verbum
1753 2881 2019 2952 requievit

446 2975 510 3029 in
536 2974 689 3044 ipso;
721 2975 931 3031 scilicet
960 2974 1178 3045 quando
1202 2972 1451 3029 Salvator
1477 2973 1795 3039 resurrexit,
1816 2981 1870 3029 et
1889 2988 2012 3030 cum

450 3066 713 3121 mulieres
743 3075 1093 3121 accesserunt
1151 3072 1213 3119 ut
1268 3064 1447 3135 ipsum
1495 3064 1900 3134 contingerent,
1941 3064 2018 3118 ait

452 3157 564 3213 illis
594 3172 610 3211 :
644 3155 728 3211 Ne
750 3173 830 3211 me
864 3158 1085 3227 tangite,
1116 3157 1349 3211 nondum
1390 3156 1527 3211 enim
1554 3155 1767 3210 ascendi
1802 3155 1871 3209 ad
1909 3153 2019 3208 Pa-

452 3265 601 3303 trem.
628 3252 840 3305 meum?
888 3248 1155 3316 Quocirca
1199 3250 1243 3304 si
1290 3249 1519 3320 teipsum
1560 3249 1842 3316 castrasti,
1880 3257 1957 3315 tu,
1985 3263 2019 3305 ο

453 3341 790 3415 Ιιοιηο,ςείνο
826 3350 906 3408 ιιι,
952 3356 985 3395 o
1021 3342 1239 3407 ‘mulier,
1266 3343 1450 3398 audite
1476 3342 1808 3397 desiderium
1848 3341 2021 3396 beatas

455 3431 600 3486 illius
641 3408 838 3487 anima:
858 3472 873 3498 ,
905 3432 1182 3501 quomodo
1212 3433 1376 3488 Verbi
1405 3433 1658 3503 cupidine
1681 3448 1911 3489 accensa
1939 3432 2021 3487 di-

453 3531 570 3577 cat:
600 3521 886 3576 Descendat
911 3522 1134 3577 dilectus
1167 3540 1312 3578 meus
1342 3526 1398 3579 in
1428 3525 1636 3579 hortum
1663 3541 1839 3593 suum,
1865 3534 1915 3580 et
1940 3542 2022 3579 co-

453 3613 627 3668 medus
675 3613 907 3682 fructum
949 3631 1225 3685 pomorum
1256 3618 1565 3683 suorum”.
1592 3618 1663 3672 At
1706 3618 1851 3675 enim
1891 3627 2022 3674 tunc

453 3702 704 3758 hortatur
733 3702 972 3760 Verbum
1003 3714 1064 3761 ut
1098 3706 1282 3762 veniat
1322 3707 1377 3761 in
1413 3708 1655 3774 hortum,
1690 3716 1745 3764 et
1774 3710 2023 3765 comedat

454 3793 691 3850 fructum
732 3811 1020 3865 pomorum
1065 3814 1312 3853 suorum.
1363 3798 1592 3855 Hortum
1641 3802 1854 3857 mstimo
1900 3817 2024 3859 esse

441 3886 717 3941 mundum
743 3925 758 3951 ,
795 3887 848 3940 in
883 3903 1045 3957 quem
1080 3888 1331 3947 hortatur
1358 3891 1537 3962 ipsum
1568 3901 1626 3947 ut
1651 3893 1945 3949 descendat
1970 3904 2024 3949 et

454 3977 705 4032 comedat
742 3977 980 4034 fructum
1014 3995 1301 4050 pomorum
1349 3999 1598 4041 suorum.
1643 3985 1811 4040 Poma
1841 3995 2021 4042 autem

439 4081 584 4127 .sunt
611 4073 893 4141 homines;
926 4074 1137 4131 fructus
1158 4091 1288 4132 vero
1310 4090 1592 4145 pomorum
1618 4119 1632 4143 ,
1666 4092 1831 4147 opera
1860 4077 2018 4149 legis,

454 4163 524 4217 ad
549 4179 711 4234 quem
742 4166 1133 4222 comedendum
1177 4166 1413 4223 fructum
1452 4168 1681 4239 rogabat
1707 4177 1767 4224 ut
1795 4170 2022 4225 descen-

455 4258 624 4311 deret.
665 4258 747 4311 lta
784 4272 1000 4329 quoque
1032 4273 1152 4324 nos,
1185 4259 1233 4315 si
1265 4258 1480 4315 fructus
1508 4260 1639 4330 legis
1673 4268 1893 4329 paratos
1925 4261 2023 4314 ha-

2114 1807 2171 1859 ὲν
2204 1803 2383 1858 σκότει
2411 1803 2589 1875 πολλῷ
2612 1806 2956 1876 συνεχόμενοι
2976 1823 2990 1836 '
3021 1805 3115 1859 καὶ
3140 1805 3354 1874 ὲλίιγετο
3383 1805 3506 1859 καθ’
3530 1806 3688 1877 ἡμῶν

2111 1897 2288 1960 τοῦτο,
2312 1898 2416 1958 ὅτι,
2461 1898 2528 1953 Ἦ
2559 1896 2737 1966 ψυχὴ
2768 1894 2964 1950 αὐτῶν
2991 1897 3061 1950 ἐν
3085 1896 3288 1963 κακοῖς
3316 1896 3581 1961 ἐτήκετο.
3599 1898 3689 1949 Ἐν

2114 1993 2304 2056 κακοῖς
2335 1989 2441 2060 γὰρ
2468 1984 2615 2060 ῆμεν
2636 1989 2779 2053 τότε,
2809 1988 2909 2042 οὐκ
2932 1988 3228 2059 ἐϐλέπομεν
3258 2006 3318 2042 σε
3337 2006 3351 2021 ·
3381 1989 3480 2043 νῦν
3502 1989 3559 2043 δὲ
3595 1991 3685 2042 ὅτε

2113 2081 2344 2152 εῖδομεν,
2367 2080 2448 2133 ὅτι
2481 2079 2743 2150 ἐξεγέρθη
2778 2082 2806 2134 6
2839 2081 3038 2152 βορρᾶς
3090 2080 3182 2133 καὶ
3224 2074 3390 2150 ἦλθεν
3433 2082 3461 2133 6
3513 2080 3689 2144 νότος,

2114 2173 2234 2225 τότε
2260 2171 2517 2225 ἔπνευσεν
2543 2174 2572 2224 6
2596 2172 2791 2242 κῆπος,
2821 2172 2913 2225 καὶ
2941 2172 3205 2243 ἕρῤευσαν
3230 2172 3299 2226 τὰ
3337 2171 3629 2243 ἀρώματα.

2185 2261 2238 2317 4.
2277 2261 2410 2314 Τότε
2443 2261 2829 2333 πῳσερχέσθω
2852 2264 2880 2315 6
2906 2249 3464 2333 Θωμᾶςκατανοῆσαι
3496 2264 3561 2316 τὸ
3586 2264 3689 2316 σῶ-

2119 2372 2213 2426 μα,
2241 2355 2334 2407 καὶ
2362 2355 2486 2408 ἰδεῖν
2512 2354 2639 2417 τοὺς
2660 2353 2863 2418 τύπους
2894 2355 2999 2409 τῶν
3026 2355 3190 2425 ἥλων,
3217 2357 3313 2409 καὶ
3336 2356 3393 2409 ἐν
3420 2355 3499 2427 τῷ
3523 2373 3681 2409 κατα-

2114 2446 2300 2515 νοῆσαι
2330 2445 2490 2499 αὐτὺν
2516 2445 2611 2498 καὶ
2643 2444 2769 2497 ίδεῖν
2793 2444 2918 2509 τοὺς
2939 2444 3144 2510 τύπους
3167 2444 3275 2499 τῶν
3296 2445 3443 2515 ἥλων
3460 2446 3685 2514 λεγέτω⁸

2119 2539 2416 2591 Ἔπνευσεν
2442 2538 2470 2590 ὀ
2501 2538 2693 2608 κῆπος,
2717 2538 2810 2591 καὶ
2841 2537 3104 2608 ἔρρευσαν
3126 2537 3196 2591 τὰ
3214 2537 3502 2609 ἀρώματα.
3523 2539 3690 2606 ’Δρώ-

2118 2645 2261 2699 ματα
2309 2628 2365 2681 δὲ
2409 2627 2566 2697 ἡμῶν
2597 2628 2629 2698 ἡ
2664 2626 2945 2700 ἀφθαρσία
2972 2627 3065 2681 τοῦ
3098 2626 3366 2699 σώματος,
3400 2628 3469 2698 ἢν
3508 2628 3690 2682 ἐνεδύ-

2118 2737 2269 2774 σατο.
2302 2718 2400 2772 Διὰ
2435 2717 2593 2772 τοῦτο
2633 2718 2741 2789 γὰρ
2792 2718 2885 2771 καὶ⁵
2930 2720 2959 2772 6
3007 2718 3216 2782 Παῦλος
3246 2719 3467 2788 ἔλεγεν
3496 2719 3598 2773 Δεῖ
3620 2718 3689 2773 τὸ

2116 2814 2387 2883 φθαρτὸν
2428 2812 2604 2866 τοῦτο
2644 2812 3013 2867 ἐνδύσασθαι
3069 2812 3430 2881 ἀφθαρσίαν,
3473 2814 3571 2866 καὶ
3620 2810 3687 2866 τὸ

2116 2906 2337 2973 θνητὸν
2364 2906 2537 2960 τοῦτο
2562 2905 2927 2959 ἐνδύσασθαι
2972 2906 3325 2962 ἀθανασίαν.
3350 2906 3489 2960 Πότε
3513 2906 3573 2961 δὲ
3600 2910 3687 2959 ὲνι-

2043 3030 2085 3087 C
2119 2997 2341 3050 εδύσατο
2363 2995 2424 3050 τὸ
2457 2996 2616 3067 σῶμα
2647 2995 2745 3068 τὴν
2774 2995 3079 3068 ἀφθαρσίαν
3118 2998 3167 3051 εἰ
3201 2997 3275 3069 μὴ
3307 2997 3395 3051 διὰ
3422 2998 3523 3066 τῆς
3556 2999 3685 3051 ἁνα-

2122 3087 2376 3152 παύσεως
2403 3087 2499 3141 τοῦ
2530 3088 2737 3156 Λόγου;
2770 3088 2959 3158 ἀμέλει
2980 3105 3041 3156 γε
3070 3089 3158 3142 ὅτε
3190 3090 3387 3159 ἀνέστη
3416 3092 3446 3142 6
3477 3088 3691 3160 Σωτὴρ,

2120 3177 2216 3233 καὶ
2243 3174 2406 3249 ἦλθον
2437 3178 2493 3231 αἱ
2521 3181 2778 3247 γυναῖκες
2802 3176 3038 3246 ἅψασθαι
3060 3177 3248 3242 αὐτοῦ,
3266 3177 3451 3246 ἔλεγεν
3477 3179 3688 3241 αὐτοῖς’

2118 3266 2213 3334 Μή
2238 3285 2357 3336 μου
2388 3266 2677 3321 ἅπτεσθε-2⁸
2713 3267 2875 3320 οὔπω
2906 3266 3015 3336 γὰρ
3047 3267 3383 3335 ἀναϐέϐηκα
3408 3268 3562 3336 πρὸς
3584 3269 3690 3322 τὸν

2118 3358 2349 3427 Πατέρα
2375 3376 2514 3427 μου.
2582 3357 2679 3411 Διά
2709 3357 2885 3421 τοῦτο,
2917 3359 2966 3410 εἰ
3011 3358 3323 3429 εύνούχισας
3378 3361 3621 3423 σεαυτὸν,
3644 3355 3692 3413 ὦ

2120 3448 2270 3520 ἄνερ,
2303 3447 2398 3501 καὶ
2448 3449 2533 3512 σὺ,
2566 3442 2611 3500 ὧ
2644 3446 2824 3516 γῦναι,
2860 3446 3127 3502 ἀκούσατε
3153 3449 3242 3502 τὸν
3271 3450 3435 3504 πόθον
3462 3451 3565 3521 τῆς
3593 3471 3692 3520 μαι

2121 3538 2316 3609 καρίας
2343 3538 2546 3608 ταύτης
2574 3538 2770 3610 ψυχῆς,
2802 3539 2919 3603 πῶς
2945 3539 3185 3594 ποθοῦσα
3213 3539 3306 3593 τοῦ
3327 3541 3503 3609 Λόγου
3522 3541 3686 3609 λέγει·

2120 3630 2434 3699 Καταϐήτω
2476 3629 2797 3699 ἀδελφιδός
2829 3648 2948 3699 μου
2992 3632 3076 3697 είς
3110 3630 3306 3699 κῆπον
3333 3633 3541 3695 αὑτοῦ,
3595 3634 3689 3686 καὶ

2120 3723 2351 3794 φατέτω
2387 3723 2621 3791 καρπὸν
2666 3722 3006 3792 ἀκροδρύων
3045 3724 3250 3778 αὑτοῦ.
3287 3725 3420 3777 Τότε
3452 3725 3552 3796 μὲν
3586 3727 3690 3795 γὰρ

2122 3816 2417 3887 παρεκάλει
2467 3815 2561 3869 τὸν
2610 3817 2780 3884 Λόγον
2824 3816 3123 3886 καταϐῆναι
3157 3819 3236 3879 εἰς
3263 3817 3353 3869 τὸν
3388 3816 3563 3887 κῆπον
3598 3819 3691 3870 καὶ

2121 3909 2312 3975 φαγεῖν
2337 3907 2545 3977 καρπὸν
2572 3906 2885 3978 ἀκροδρύων
2921 3908 3087 3961 αὑτοῦ
3108 3926 3120 3938 ·
3159 3907 3295 3978 πρὸς
3341 3907 3440 3978 μὲν
3467 3908 3574 3979 γὰρ
3600 3909 3690 3962 τὸν

2121 3993 2294 4062 κῆπον
2322 3992 2413 4045 τὸν
2443 3993 2644 4064 κόσμον
2682 3990 2841 4060 εἶναι,
2879 3997 2963 4063 ἐφ’
2984 3995 3043 4050 ὃν
3079 3995 3376 4067 παρεκάλει
3402 3997 3565 4050 αὐτὸν
3594 4016 3692 4051 κα-

2121 4083 2349 4154 ταϐῆναι
2383 4085 2476 4138 καὶ
2509 4086 2700 4154 φαγεῖν
2733 4086 2943 4158 καρπὸν
2970 4087 3282 4160 ἀκροδρύων
3311 4088 3477 4143 αὐτοῦ
3497 4107 3510 4118 ·
3542 4089 3611 4142 τά
3636 4090 3693 4142 δὲ

2122 4175 2393 4247 ἀκρόδρυα
2424 4175 2709 4241 εἶναιτοὺς
2741 4177 3086 4250 ἀνθρώπους
3117 4179 3206 4235 τὸν
3237 4179 3293 4233 δὲ
3319 4182 3527 4253 καρπὸν
3555 4177 3690 4235 εἶναι

2122 4266 2231 4320 τῶν
2261 4267 2573 4339 ἀκροδρύων
2604 4268 2703 4333 τὰς
2729 4270 2954 4341 πράξεις
2990 4270 3082 4324 τοῦ
3115 4271 3275 4342 νόμου
3305 4289 3320 4303 ·
3356 4273 3413 4326 ὃν
3442 4276 3689 4345 παρεκά-

442 4346 679 4405 .beamus
701 4363 841 4418 quos
866 4348 1158 4406 oﬁeramus
1185 4351 1435 4416 Domino,
1465 4353 1643 4423 ipsum
1661 4351 1898 4407 Verbum
1928 4367 2019 4407 ro-

2122 4358 2204 4412 λει
2236 4358 2396 4412 αὑτὸν
2435 4358 2730 4430 καταϐῆναι
2779 4360 2872 4414 καὶ
2916 4364 3128 4431 φαγεῖν.
3159 4362 3310 4416 Οῦτω
3334 4363 3426 4416 καὶ
3452 4364 3617 4434 ἡμεῖς
3646 4367 3689 4417 εί

441 4455 645 4511 Γςεξιιιυε
682 4451 740 4498 ιιι
760 4443 1051 4499 descendat
1078 4454 1134 4500 et
1161 4448 1411 4503 comedat
1453 4447 1689 4504 fructum
1733 4464 2018 4518 pomorum

457 4546 716 4600 suorum;
761 4534 931 4603 ipsius
962 4535 1107 4590 enim
1141 4551 1304 4607 poma
1340 4548 1502 4608 atque
1546 4539 1758 4611 opiﬁcia
1807 4553 1997 4594 sumus

457 4626 622 4681 creati
653 4625 719 4682 ad
748 4641 912 4696 opera
940 4628 1104 4687 bona.

529 4882 580 4938 5.
612 4884 948 4957 Quapmpter
990 4904 1242 4960 rogemus
1278 4890 1477 4960 ipsum,
1503 4889 1634 4957 .Q'uo
1673 4900 1832 4961 pacto
1865 4906 2021 4964 roga-

458 4977 675 5032 bimus?
717 4979 821 5034 Per
864 4982 1288 5051 supplicationes
1327 4994 1380 5039 et
1420 4986 1735 5050 orationes,
1782 5002 1891 5041 non
1927 5002 2023 5042 ore

458 5067 767 5133 clamando,
794 5070 889 5124 sed
918 5070 1245 5141 cegitalione
1284 5073 1340 5126 in
1380 5074 1536 5129 nobis
1562 5075 1696 5144 ipsis
1718 5076 2014 5145 precando.

457 5157 595 5225 Quid
642 5162 785 5237 enim
834 5163 1073 5218 clamosa
1106 5166 1347 5233 precaris
1386 5183 1514 5223 voce
1539 5208 1553 5230 ,
1589 5184 1653 5222 ac
1694 5169 1740 5222 si
1785 5169 2022 5224 dormiat

462 5248 632 5306 Deus?
654 5251 786 5306 Nam
818 5270 931 5321 ecce
962 5271 1063 5309 non
1093 5257 1401 5311 dormitabit
1452 5276 1612 5329 neque
1660 5261 1884 5316 dormiet
1926 5263 2018 5332 qui

458 5342 687 5396 custodit
712 5342 882 5397 Israel
917 5346 981 5402 ⁶¹.
1016 5344 1252 5417 ldipsum
1291 5351 1435 5404 enim
1467 5352 1544 5405 ait
1583 5350 1844 5409 Jeremias
1881 5373 1894 5408 :
1932 5352 2023 5408 Vi-

458 5429 640 5497 giiavit
678 5451 833 5503 super
861 5436 1151 5505 impietates
1181 5457 1323 5495 meas
1351 5443 1414 5496 ⁶¹.
1450 5443 1595 5498 Idem
1635 5444 1826 5502 Esaias
1869 5449 2023 5505 locu-

458 5664 498 5711 1.
531 5583 824 5709 ἒέοἰίαὶκιο.
864 5608 954 5659 Itt,
985 5595 1038 5648 5.
1112 5599 1156 5631 ⁵³
1184 5599 1326 5656 Psal.
1368 5618 1488 5672 can,
1536 5604 1624 5660 26,

1726 5604 1773 5635 "
1803 5600 1824 5655 1
1857 5601 1987 5664 Cor.
2029 5624 2118 5676 xv,
2149 5608 2235 5666 55.

2123 4447 2318 4519 ἔχομεν
2349 4448 2594 4519 ἑτοίμους
2633 4449 2726 4502 τοῦ
2768 4451 2931 4522 νόμου
2972 4453 3259 4508 ἀποδοῦναι
3290 4455 3415 4517 τοὺς
3445 4456 3689 4526 καρποὺς

2121 4539 2199 4609 τῷ
2226 4539 2435 4611 Κυρίῳ,
2475 4541 2877 4613 παρακαλῶμεν
2906 4543 3000 4597 καὶ
3032 4546 3190 4615 ἡμεῖς
3218 4546 3311 4598 τὸν
3334 4547 3505 4615 Λόγον
3527 4565 3689 4600 κατα-

2130 4630 2288 4702 ϐῆναι
2317 4632 2410 4687 καὶ
2444 4635 2635 4701 φαγεῖν
2672 4634 2761 4689 τὸν
2789 4636 2999 4706 καρπὸν
3025 4636 3134 4692 τῶν
3166 4636 3476 4707 ἀκροδρύων
3495 4639 3686 4692 αὐτοῦ’

2127 4723 2288 4776 αὑτοῦ
2316 4723 2424 4797 γάρ
2452 4725 2616 4796 ἐσμεν
2642 4726 2914 4798 ἀκρόδρυα
2939 4727 3032 4783 καὶ
3069 4730 3346 4799 ποιήματα
3384 4730 3691 4796 κτισθέντες

2133 4814 2219 4865 ἐπ’
2248 4812 2429 4884 ἔργοις
2460 4814 2700 4883 ἀγαθοῖς.

2201 4904 2254 4957 5.
2294 4903 2393 4957 Διὰ
2420 4905 2575 4959 τοῦτο
2596 4908 2689 4961 καὶ
2717 4924 3122 4981 παρακαλῶμεν
3146 4911 3328 4967 αὐτόν.
3354 4912 3479 4977 Πῶς
3508 4914 3566 4966 δὲ
3598 4914 3694 4965 αύ-

2127 4995 2218 5048 τδν
2252 4996 2670 5068 παρακαλοῦμεν
2692 5016 2706 5064 ;
2733 5000 2831 5053 Διὰ
2857 4999 3091 5073 δεήσεων
3116 5003 3210 5056 καὶ
3234 5004 3572 5075 προσευχῶν,
3596 5005 3691 5074 οὐχ

2128 5088 2215 5141 ἵνα
2244 5089 2322 5159 τῷ
2355 5089 2579 5159 στόματι
2611 5090 2921 5162 κράζωμεν,
2954 5093 3088 5149 ἀλλὰ
3114 5094 3194 5166 τῷ
3220 5095 3463 5167 λογισμῷ
3486 5099 3547 5151 ὲν
3573 5099 3693 5150 ἐαυ-

2127 5183 2239 5243 τοῖς
2283 5182 2585 5255 εὐχόμενοι,
2621 5183 2686 5235 Τί
2718 5183 2825 5259 γὰρ
2875 5185 3162 5257 εὐχόμενος
3211 5187 3455 5259 κράζεις,
3495 5189 3571 5250 ὡς
3602 5188 3690 5242 τοῦ

2127 5273 2261 5326 Θεοῦ
2314 5275 2690 5346 κοιμωμένου;
2755 5276 2898 5333 Ἰδοὺ
2954 5278 3065 5352 γὰρ
3096 5283 3169 5335 οὐ
3198 5281 3509 5346 νυστώξει,
3555 5280 3694 5335 οὐδὲ

2127 5363 2389 5419 ὑπνώσει
2416 5370 2450 5420 ό
2482 5366 2818 5434 φυλάσσων
2855 5368 2963 5424 τόν
3002 5369 3266 5440 Ἰσραήλ.
3298 5370 3468 5426 Τοῦτο
3510 5372 3567 5426 δὲ
3605 5372 3692 5426 καὶ

2141 5454 2407 5529 Ἱερεμίας
2432 5457 2615 5528 ἔλεγεν
2633 5477 2649 5493 ο
2690 5462 3116 5532 Ἐγρητόρησεν
3139 5464 3234 5518 ἐπὶ
3262 5463 3334 5520 τὰ
3354 5464 3693 5537 ἁσεβῄμμτά

2346 5613 2390 5645 ⁶⁰
2421 5612 2577 5669 Cant.
2605 5630 2657 5681 ι’,
2685 5614 2735 5668 1.
2847 5618 2887 5649 ⁸⁸
2920 5616 3062 5673 Psal.
3106 5633 3231 5683 cxx,
3256 5617 3307 5671 4.
