3990 6208
329 265 466 325 1357

1444 246 1868 308 FRAGMENTA
1911 238 1976 301 IN
2020 239 2339 303 CANTICA.

3433 229 3574 290 £358

326 403 467 460 μοιν
494 382 651 439 τοῦτο
676 381 734 437 δὲ
767 381 860 436 καὶ
885 378 1111 442 Ἦσαῖας
1135 372 1334 446 ἔλεγεν
1373 377 1492 429 Ἔτι
1520 390 1639 460 σού
1655 372 1912 428 λαλοῦν.

2021 381 2104 425 tus
2136 377 2219 424 est
2249 388 2261 422 :
2293 365 2479 421 Adhuc
2507 374 2555 418 te
2575 360 2837 435 loquente,
2875 360 3092 414 dicam:
3124 355 3257 411 Ecce
3297 358 3487 411 adsum
3511 354 3579 412 ⁸³.

331 454 437 548 τος
481 477 625 548 ἐρῶο
666 475 819 533 Ἰδοὺ
850 471 1104 544 πάρειμι.
1136 468 1211 525 Ού
1250 468 1360 542 γὰρ
1401 454 1657 539 ἁναμὲνέι
1706 469 1735 521 6
1774 464 1906 530 Θεὸς

333 575 459 637 τοὺς
483 574 547 625 ἐκ
571 569 679 624 τῶν
702 567 922 641 χειλέων
945 565 1156 634 λόγους.
1173 561 1389 650 Ἀμέλει
1410 578 1474 630 γε
1495 562 1522 614 6
1549 560 1735 650 Σωτὴρ
1758 561 1815 613 ὲν
1830 558 1908 630 τῷ

334 652 653 733 Ε’ύαγγελίῳ
703 660 908 728 ἔλεγεν,
959 659 1042 712 ὃτι
1096 647 1269 710 οἶδεν
1316 657 1350 708 ὀ
1398 654 1540 720 Θεὸς
1569 647 1655 707 ὧν
1700 653 1910 721 χρείαν

334 755 505 825 ἔχετε
538 751 649 820 πρὸ
686 749 792 804 τοῦ
823 744 978 817 ὑμᾶς
1006 745 1247 816 αἰτῆσαι
1279 744 1482 798 αὐτόν.
1518 741 1614 796 Διὰ
1638 741 1795 796 τοῦτο
1833 740 1907 813 μὴ

334 845 414 908 ὡς
460 842 522 908 ἑξ
566 841 726 913 ἔργου
773 840 1055 910 εὐχόμενοι
1098 835 1421 909 κράζωμεν*
1468 834 1583 889 ἀλλ’
1610 836 1657 888 εἰ
1696 835 1791 888 καὶ
1830 833 1909 904 τῷ

338 935 566 1007 στόματι
609 931 765 1005 εὔχῃ,
801 930 961 1001 εὔχου
997 930 1091 984 καὶ
1135 927 1215 1000 τῷ
1260 929 1377 982 νοῒ·
1410 925 1566 981 τοῦτο
1615 924 1724 999 γὰρ
1757 927 1850 980 καὶ
1881 928 1910 980 6

338 1026 552 1090 Παῦλος
582 1025 764 1094 ἔλεγε·
802 1021 983 1078 Ψαλῶ
1024 1013 1106 1089 τῷ
1146 1022 1456 1090 πνεύματι,
1491 1019 1666 1088 ψαλῶ
1694 1018 1793 1074 καὶ
1829 1016 1910 1084 τῷ

334 1120 569 1175 νοτ.Ἑκ
602 1115 841 1183 βαθέων
864 1114 994 1188 γὰρ,
1043 1113 1197 1185 φησὶ,
1232 1110 1526 1182 ἐκέκραξὰ
1566 1126 1685 1176 σοι,
1711 1112 1908 1179 Κύριε.

337 1212 437 1266 Διὰ
465 1209 625 1264 τοῦτο
650 1210 745 1264 καὶ
774 1212 807 1280 ἡ
832 1209 969 1279 γυνὴ
1016 1208 1075 1260 ὲν
1109 1208 1229 1269 ταῖς
1261 1204 1569 1269 Βασιλείαις
1600 1204 1688 1258 ὅτε
1713 1202 1912 1275 ηὔχετο

337 1302 636 1376 κράζουσι,
666 1303 695 1355 ὀ
732 1301 908 1372 ἱερεὺς
933 1301 1176 1371 ὲφίμωσε
1202 1297 1264 1352 τὸ
1294 1297 1465 1368 στόμα
1487 1295 1675 1368 αὐτῆς,
1704 1295 1913 1369 ἡγησά-

342 1413 501 1469 μενος
539 1394 727 1467 αύτὴν,
758 1395 839 1448 ὅτι
883 1392 1135 1460 ἐμέθυενδ
1175 1390 1270 1444 καὶ
1300 1390 1449 1462 ὅμως
1494 1389 1697 1460 ἐκείνη,
1724 1387 1803 1460 τῷ
1831 1387 1912 1442 νοτ

339 1490 627 1563 εὐχομένη,
664 1491 757 1544 καὶ
787 1487 1135 1559 εἰσηκούσθη,
1184 1489 1278 1542 καὶ
1318 1487 1470 1542 ἔτεκε
1511 1486 1602 1540 τὸν
1635 1485 1909 1556 Σαμουὴλ.

339 1582 438 1637 Δια
474 1582 631 1635 τοῦτο
663 1582 757 1636 καὶ
788 1582 850 1635 σὺ
874 1581 927 1634 τί
955 1581 1245 1651 εὐχόμενος
1268 1577 1510 1651 κράζεις,
1540 1578 1615 1642 ὡς
1643 1577 1737 1630 τοῦ
1777 1574 1910 1629 Θεοῦ

344 1676 419 1749 μὴ
442 1674 759 1741 ἀκούοντοςς
792 1674 988 1727 Ἀκουε
1019 1671 1114 1725 τοῦ
1147 1671 1416 1741 λέγοντος,
1456 1671 1537 1724 ὅτι
1587 1669 1648 1723 '0
1691 1668 1909 1739 φυτεύ-

339 1785 459 1837 σας
483 1768 550 1823 τὸ
581 1763 691 1833 οὖς
713 1766 850 1836 οὐχὶ
878 1766 1119 1829 ἀκούει;
1146 1765 1208 1818 Εἰ
1240 1764 1338 1836 μὲν
1371 1763 1478 1834 γὰρ
1518 1762 1583 1816 σὺ
1616 1761 1756 1832 ἔχων
1798 1755 1913 1813 ὦτα

341 1860 580 1924 ἀκούεις,
630 1859 781 1930 πόσῳ
813 1858 1010 1929 μᾶλλον
1056 1859 1084 1912 6
1130 1854 1359 1928 ποιητὴς
1407 1853 1600 1920 throw;
1631 1852 1731 1907 Διὰ
1759 1852 1916 1906 τοῦτο

341 1951 492 2024 παρὰ
524 1949 712 2019 Κυρίῳ
747 1946 821 2019 μὴ
861 1947 1143 2024 εὐχόμενοι
1185 1943 1494 2016 κρὰςωμεν,
1538 1943 1614 2007 ὡς
1652 1941 1746 1996 τοῦ
1780 1940 1914 1995 Θεοῦ

345 2044 420 2116 μὴ
454 2042 771 2105 ἀκούοντοςο
821 2023 916 2093 καὶ
957 2038 1065 2111 γὰρ
1114 2035 1438 2091 σιωπώντων
1482 2038 1512 2090 6
1551 2035 1683 2099 Θεὸς
1707 2034 1913 2091 ἀκούει.

341 2136 578 2207 Θεωρεῖς
606 2132 715 2205 γὰρ
750 2131 841 2187 τὸν
870 2129 1031 2185 πόθον
1052 2130 1143 2184 τὸν
1171 2132 1229 2183 ἐν
1260 2128 1433 2202 ταύτῃ
1452 2130 1519 2199 τῇ
1556 2127 1801 2198 μακαρίᾳ
1816 2125 1919 2197 ψυ-

341 2227 434 2299 χῇ,
463 2225 600 2290 πῶς,
636 2222 1060 2295 παρακαλούσης
1089 2222 1257 2293 αὐτῆς
1286 2221 1380 2275 καὶ
1408 2218 1704 2289 λεγούσης·
1729 2222 1919 2273 Κατα-

344 2316 499 2384 Crito)
520 2314 841 2385 ἀδελφιδός
855 2331 975 2383 μου
998 2316 1080 2379 εὶς
1106 2310 1304 2382 κῆπον
1325 2309 1531 2378 αὑτοῦ,
1561 2309 1660 2364 καὶ
1689 2309 1920 2379 garritui

345 2408 579 2479 καρπὸν
599 2406 946 2475 ἀκροδρύων
966 2405 1181 2461 αὑτοῦ·
1214 2403 1331 2469 πῶς
1355 2402 1556 2468 εὐθέως
1581 2402 1729 2472 λέγει
1748 2398 1781 2456 ’ὀ
1813 2402 1920 2457 Δό-

342 2515 440 2570 γος
453 2516 467 2531 ·
486 2497 794 2568 Εἰσῆλθον
808 2499 895 2564 εἰς
917 2497 1115 2566 κῆπόν
1130 2514 1271 2566 μου,
1287 2494 1521 2565 ἀδελφή
1543 2512 1662 2565 μου
1682 2495 1919 2565 νύμφῃ

342 2588 421 2656 ὡς
465 2590 618 2644 οὐδὲν
662 2589 994 2662 ταχύτερονο
1041 2588 1120 2642 ἔτι
1164 2589 1276 2660 γὰρ
1307 2588 1477 2659 αὐτῆς
1523 2586 1808 2657 λαλούσης,
1835 2587 1925 2640 εὐ-

346 2682 489 2747 θέως
533 2682 836 2753 ὑπήκουσε·
884 2681 1107 2753 θεωρεῖς
1130 2680 1192 2734 τὸ
1224 2680 1603 2752 γεγραμμένον
1622 2696 1637 2711 ·
1666 2679 1788 2733 Ὅτι
1820 2679 1922 2736 καὶ

348 2772 438 2829 sn
459 2772 796 2838 λαλοῦντός
818 2788 934 2826 σου
957 2770 1091 2840 ἐρῶ,
1106 2771 1263 2827 Ἰδοὺ
1292 2771 1714 2843 πάρειμι;”Αμα
1730 2769 1839 2844 γὰρ
1866 2771 1925 2825 ὲν

349 2866 430 2939 τῷ
481 2865 651 2938 αὐτὴν
710 2864 1046 2937 παρακαλεῖν
1105 2864 1199 2917 καὶ
1252 2863 1462 2932 λέγειν’
1521 2861 1833 2931 Κατάϐηθι,
1880 2856 1927 2915 ὧ

349 2957 515 3028 Λόγε,
561 2959 648 3024 εις
681 2956 790 3011 τὸν
831 2954 1031 3025 κῆπόν
1062 2971 1198 3019 σου,
1233 2957 1330 3010 καὶ
1361 2954 1513 3026 ερὰγε
1552 2954 1660 3010 τὸν
1698 2952 1928 3024 καρπὸν

2009 461 2131 516 Non
2168 460 2317 515 enim
2357 458 2503 513 Deus
2534 463 2814 527 exspectat
2845 452 3012 510 verba
3048 449 3210 507 labiis
3253 448 3483 518 prolata.
3516 449 3583 503 Et

2009 567 2143 609 sane
2175 549 2423 605 Salvator
2460 549 2516 603 in
2547 545 2843 618 Evangelio
2890 545 2968 599 ait
3003 561 3017 598 :
3048 541 3161 597 Scit
3195 539 3333 594 Deus
3359 554 3583 610 quorum

2011 661 2139 715 opus
2173 641 2411 697 habeatis
2452 648 2734 715 antequam
2783 637 2974 708 petatis
3024 634 3087 689 ab
3127 635 3239 705 ipso
3261 632 3328 685 “.
3360 631 3484 688 Ideo
3518 648 3585 685 ne

2009 712 2167 807 quasi
2194 712 2565 805 perfunctorie
2593 731 2895 786 elamemus
2930 728 2984 782 in
3025 724 3302 797 precando
3329 742 3344 791 ;
3375 723 3490 787 sed,
3535 723 3586 776 si

2009 842 2105 883 ore
2132 824 2397 896 precaris,
2429 836 2653 894 precare
2689 831 2742 877 et
2771 828 2973 876 mente.
3024 817 3080 872 ld
3126 817 3270 872 enim
3304 823 3358 870 et
3381 813 3587 869 Paulus

2010 916 2233 973 aiebat:
2271 913 2515 968 Psallam
2566 913 2761 982 spiritu
2785 949 2802 973 ,
2853 908 3085 980 psallam
3119 916 3169 962 et
3199 915 3367 960 mente
3405 906 3472 959 ⁸⁸.
3514 904 3589 958 De

2009 1007 2312 1079 profundis,
2375 1005 2555 1076 inquit
2594 1005 2758 1070 alius,
2802 1001 3028 1056 clamavi
3070 1000 3139 1053 ad
3167 1008 3236 1065 te,
3270 998 3488 1052 Domine
3516 996 3586 1051 “.

2011 1098 2374 1166 Quamobrem
2424 1106 2479 1153 et
2510 1097 2707 1151 mulier
2742 1096 2799 1151 in
2829 1094 2986 1149 libris
3022 1092 3262 1161 Regum,
3306 1106 3431 1145 cum
3475 1090 3590 1145 cla-

2011 1191 2214 1247 mando
2242 1202 2581 1261 precaretur,
2614 1187 2875 1245 sacerdos
2917 1185 3093 1255 ipsam
3138 1183 3402 1249 coercuit,
3433 1192 3590 1238 ratus

2012 1283 2222 1340 ebriam
2260 1297 2384 1337 esse
2414 1281 2491 1349 ‘7;
2525 1287 2580 1335 et
2617 1287 2801 1334 tamen
2834 1278 2929 1332 illa
2958 1292 3084 1332 cum
3114 1285 3294 1331 mente
3338 1289 3592 1346 precare-

2012 1385 2124 1443 tur,
2158 1385 2405 1447 optatum
2444 1380 2743 1431 consecuta
2767 1407 2783 1439 ,
2833 1371 3143 1427 Samuelem
3189 1356 3416 1439 peperit.
3446 1364 3590 1432 Quid

2018 1485 2150 1540 ergo
2172 1480 2227 1525 tu
2257 1469 2464 1535 clamas
2487 1468 2541 1523 in
2568 1467 2850 1531 oratione,
2879 1480 2944 1519 ac
2968 1463 3015 1519 si
3050 1461 3195 1517 Deus
3229 1474 3340 1515 non
3364 1456 3591 1513 audiat?

2011 1561 2154 1617 Audi
2186 1577 2310 1616 eum
2360 1559 2455 1631 qui
2499 1559 2653 1626 dicit,
2703 1556 2808 1623 Qui
2848 1553 3107 1624 plantavit
3146 1566 3326 1605 aurem
3351 1565 3457 1604 non
3491 1564 3590 1602 au-

2016 1654 2123 1709 diet
2149 1654 2242 1706 "‘t
2273 1650 2407 1707 Nam
2438 1651 2483 1707 si
2511 1660 2592 1715 tu,
2614 1648 2743 1720 quia
2769 1662 2930 1702 aures
2954 1646 3143 1709 habes,
3179 1642 3358 1708 audis,
3381 1648 3590 1713 quanto

2015 1745 2190 1815 magis
2229 1746 2446 1800 aurium
2478 1741 2698 1812 opifex?
2736 1738 2815 1795 Ne
2843 1739 3145 1795 clamemus
3173 1736 3360 1807 itaque
3388 1735 3456 1789 ad
3482 1732 3593 1787 Do-

2018 1833 2228 1888 minum
2267 1832 2544 1902 precando
2567 1871 2584 1898 ,
2620 1828 2780 1900 quasi
2827 1825 2975 1883 Deus
3022 1842 3132 1882 non
3175 1826 3408 1880 audiat:
3446 1826 3592 1881 Deus

2016 1925 2162 1979 enim
2203 1923 2290 1978 vel
2329 1923 2552 1978 silentes
2591 1921 2763 1977 audit.
2789 1919 2983 1974 Viden’
3029 1917 3360 1973 desiderium
3413 1917 3588 1972 beatae

2017 2017 2167 2072 illius
2208 2015 2439 2082 animae,
2473 2029 2585 2085 quo
2614 2022 2779 2084 pacto
2817 2012 3076 2067 hortante
3118 2009 3212 2064 illa
3244 2010 3332 2065 bis
3356 2009 3538 2065 verbis
3572 2024 3591 2062 :

2019 2106 2317 2161 Descendat
2354 2105 2583 2160 dilectus
2615 2119 2759 2158 meus
2797 2104 2854 2158 in
2887 2102 3100 2157 hortum
3131 2117 3307 2167 suum,
3335 2112 3385 2156 et
3417 2115 3595 2156 come—

2017 2198 2112 2253 dat
2146 2201 2378 2268 fructum
2405 2213 2682 2268 pontorum
2722 2211 2941 2251 suorum
2962 2196 3026 2261 ⁸³,
3069 2194 3340 2266 extemplo
3362 2203 3417 2250 et
3444 2193 3597 2249 nulla

2019 2291 2340 2361 interposita
2369 2303 2526 2345 mora
2549 2287 2790 2345 Verbum
2822 2288 2970 2344 dicat
2994 2327 3009 2353 ,
3058 2288 3268 2343 Intraui
3296 2289 3351 2342 in
3384 2288 3597 2340 hortum

2020 2399 2228 2449 meum,
2276 2369 2429 2436 soror
2475 2397 2591 2436 mea
2637 2397 2830 2451 sponsa
2864 2383 2910 2414 ⁷ο
2936 2383 2959 2437 ?
2987 2380 3131 2435 Nihil
3168 2380 3435 2446 celerius;
3477 2380 3599 2449 ipsa

2021 2476 2222 2545 quippe
2277 2474 2578 2546 loquente,
2633 2474 2816 2530 subito
2869 2474 3173 2545 respondit.
3219 2469 3411 2527 Viden’
3450 2470 3602 2541 quod

2023 2567 2286 2637 scriptum
2315 2576 2441 2623 est:
2477 2565 2743 2633 Quoniam
2791 2566 2963 2622 adhuc
3002 2575 3051 2620 te
3079 2565 3342 2636 loquente,
3379 2563 3602 2621 dicant:

1984 2704 1993 2715 .
2025 2656 2162 2713 Ecce
2185 2659 2374 2714 adsum
2404 2658 2447 2691 ⁷⁸
2469 2658 2493 2711 ?
2512 2657 2647 2714 Cum
2675 2658 2912 2729 primum
2935 2657 3080 2714 enim
3114 2656 3231 2728 ipsa
3268 2658 3480 2713 hortata
3515 2663 3604 2713 est

2026 2761 2188 2822 atque
2224 2751 2386 2818 dixit,
2416 2750 2686 2805 Descende
2707 2790 2724 2818 ,
2748 2765 2782 2806 ο
2807 2749 3045 2806 Verbum
3065 2790 3081 2817 ,
3104 2751 3161 2804 in
3192 2750 3402 2804 hortum
3431 2757 3603 2811 tuum,

2026 2853 2077 2898 et
2122 2842 2332 2897 comede
2371 2842 2603 2911 fructum
2666 2858 2942 2912 pontorum
2982 2852 3236 2909 tuorum,
3285 2840 3466 2898 subito
3516 2853 3604 2895 re-

2027 2935 2253 3004 spondit
2297 2933 2378 2988 illi
2408 2934 2623 2989 dicens:
2656 2932 2862 2988 Intraui
2896 2933 2950 2988 in
2979 2932 3188 2987 hortum
3218 2948 3410 3000 meum,
3453 2947 3606 2986 soror

350 3047 472 3104 τῶν
492 3049 835 3119 ἀκροδρύων
852 3064 988 3111 σου,
1013 3047 1214 3112 εὐθέως
1236 3049 1544 3121 ὑπήκουσεν
1569 3048 1704 3119 αὐτῇ
1730 3047 1925 3116 λέγων’
1954 3064 1999 3123 c
2029 3039 2146 3079 mea
2177 3040 2392 3095 δρυπεπ-

353 3140 661 3211 Εισῆλθον
683 3144 768 3207 εἱς
792 3140 898 3195 τὸν
926 3139 1126 3209 κῆπόν
1139 3159 1282 3211 μου,
1304 3139 1536 3210 ἀδελφή
1561 3158 1681 3211 μου
1700 3140 1925 3210 νύμφη.

422 3232 478 3289 6.
516 3231 615 3286 Διά
643 3232 695 3286 τί
724 3232 779 3286 δὲ
802 3232 895 3285 καὶ
915 3231 1134 3303 νύμφην
1161 3232 1256 3285 καὶ
1282 3231 1516 3304 ἀδελφὴν
1544 3231 1713 3302 αὐτὴν
1732 3229 1931 3302 ὀνομά-

355 3324 473 3391 Cet;
502 3326 616 3390 Πᾶς
647 3324 755 3396 γὰρ
786 3324 1018 3395 νυμφίος
1047 3325 1146 3379 οὐκ
1173 3324 1426 3396 ὀνομάζει
1456 3323 1558 3396 τὴν
1582 3323 1802 3397 νύμφην
1834 3324 1931 3377 αὐ-

352 3416 448 3473 τοῦ
480 3418 714 3490 ἀδελφήν
734 3437 748 3450 ν
789 3413 890 3473 ὧδε
915 3419 972 3473 δὲ
1007 3420 1101 3473 καὶ
1122 3416 1359 3488 ἀδελφὴν
1392 3417 1486 3469 καὶ
1515 3414 1733 3488 νύμφην
1761 3416 1931 3487 αὐτὴν

354 3506 641 3580 ὀνομάζει,
674 3509 762 3561 ἴνα
791 3508 957 3582 δείξῃ,
1000 3511 1082 3563 ὅτι
1116 3509 1217 3562 οὐκ
1245 3507 1390 3560 ἐστιν
1421 3508 1449 3560 ὀ
1473 3504 1711 3577 θάλαμος
1739 3506 1934 3578 ἐπᾳδό-

359 3616 519 3668 μενος
548 3599 943 3670 σαρκός.”οταν
971 3600 1068 3670 μὲν
1093 3600 1200 3670 γὰρ
1223 3598 1478 3670 ὀνομάζει
1500 3598 1669 3669 αὐτὴν
1690 3598 1930 3669 νύμφην,

354 3690 445 3746 διὰ
477 3691 566 3745 τὸν
597 3692 786 3759 Λόγον,
815 3691 903 3745 τὸν
955 3691 1354 3763 μνηπευθέντα
1395 3690 1493 3762 τὴν
1530 3691 1726 3762 ψυχήν.
1764 3690 1935 3743 Τοῦτο

356 3783 467 3855 γὰρ
493 3784 589 3837 καὶ
624 3783 834 3847 Παῦλος
867 3782 1050 3852 ἔλεγεν
1074 3799 1089 3815 ’
1118 3781 1495 3853 Ἡρμοσάμην
1526 3780 1683 3852 ὑμᾶς
1713 3781 1802 3835 ἐνὶ
1827 3781 1934 3836 ἀν-

359 3875 453 3946 δρὶ
472 3874 771 3945 παρθένον
794 3875 989 3947 ἁγνὴν
1012 3872 1395 3944 παραστῆσαι
1416 3872 1494 3941 τῷ
1513 3871 1935 3943 Χριστῷ.’⁸οταν

359 3967 416 4022 δὲ
458 3968 553 4021 καὶ
593 3967 824 4039 ἀδελφὴν
870 3967 1036 4040 αὐτὴν
1068 3968 1343 4038 ὀνομάζει,
1368 3965 1456 4020 διὰ
1502 3966 1602 4039 τὴν
1649 3965 1827 4037 σάρκα
1870 3964 1936 4036 ἣν

358 4060 603 4134 ἐφόρεσε.
654 4060 824 4114 Τοῦτο
868 4061 978 4132 γὰρ
1026 4055 1107 4125 εἷς
1155 4059 1266 4113 τῶν
1310 4058 1604 4133 προφητῶν
1657 4058 1936 4131 σημαίνων

361 4153 489 4225 περὶ
526 4153 690 4207 αὑτοῦ
727 4152 911 4222 ἔλεγεν
935 4170 950 4184 ·
988 4152 1322 4223 Ἀπαγγελῶ
1347 4152 1412 4206 τὸ
1441 4150 1629 4221 ὄνομά
1664 4168 1781 4206 σου
1813 4149 1937 4218 τοῖς

359 4245 644 4316 ἀδελφοῖς
667 4263 807 4316 μου.
833 4246 931 4300 Διὰ
947 4245 1106 4300 τοῦτο
1134 4245 1324 4317 μηδεὶς
1346 4244 1615 4315 νομιζέτω
1642 4244 1938 4317 σαρκικοὺς

361 4331 498 4391 εἶναι
542 4336 667 4400 τοίις
700 4336 891 4406 λόγους
919 4336 1298 4399 τούτους.”οτε
1330 4336 1429 4406 μὲν
1476 4334 1585 4407 γὰρ
1636 4334 1937 4408 παρεκάλει

2102 3221 2155 3278 6.
2186 3220 2330 3289 Quid
2362 3231 2447 3277 est
2485 3220 2633 3292 quod
2668 3236 2927 3292 sponsam
2973 3229 3029 3277 et
3075 3234 3321 3275 sororem
3354 3219 3605 3275 eamdem

2032 3314 2228 3370 vocat?
2251 3312 2367 3368 Non
2393 3313 2538 3369 enim
2562 3314 2744 3383 quivis
2767 3328 3004 3383 sponsus
3037 3327 3292 3383 sponsam
3324 3326 3479 3368 suam
3511 3327 3607 3368 so-

2031 3422 2210 3463 rorem
2247 3407 2665 3476 nuncupaverit.
2703 3405 2803 3460 llic
2834 3420 2963 3461 vero
2994 3417 3049 3460 et
3078 3420 3324 3461 sororem
3352 3414 3405 3460 et
3442 3418 3612 3475 span-

2033 3515 2148 3556 sam
2202 3500 2375 3569 ipsam
2437 3496 2751 3567 compellat,
2797 3497 3007 3553 scilicet
3049 3507 3106 3550 ut
3147 3497 3459 3552 ostenderet
3499 3512 3611 3552 non

2033 3609 2155 3648 csse
2174 3592 2471 3646 thalamum
2491 3591 2677 3645 carnis
2690 3591 3100 3659 voluptuosum.
3122 3588 3257 3644 Nam
3290 3606 3413 3645 cum
3441 3605 3613 3661 spon-

2036 3698 2152 3739 sam
2183 3692 2375 3748 vocat,
2409 3682 2460 3735 id
2486 3687 2599 3749 agit
2619 3680 2782 3734 Verbi
2806 3696 2972 3735 causa
2992 3721 3008 3745 ,
3036 3681 3181 3750 quod
3222 3680 3462 3735 animam
3517 3681 3614 3736 de-

2035 3774 2340 3845 sponsavit.
2367 3772 2606 3840 ldipsum
2649 3771 2795 3825 enim
2836 3771 3038 3826 Paulus
3076 3772 3195 3827 ait:
3229 3771 3491 3841 Despondi
3525 3789 3613 3827 vos

2034 3859 2129 3920 uni
2158 3866 2291 3928 viro,
2331 3864 2585 3933 virginem
2618 3871 2822 3916 castam
2854 3861 3096 3916 exhibere
3132 3860 3344 3917 Christo
3373 3863 3437 3916 ⁷⁸.
3472 3860 3611 3916 Cum

2037 3966 2215 4012 autem
2258 3956 2435 4027 ipsam
2490 3968 2737 4008 sororem
2792 3964 3089 4023 nuncupat,
3145 3954 3194 4007 id
3246 3953 3345 4017 ait,
3395 3964 3616 4023 propter

2034 4062 2258 4103 carnem
2289 4061 2453 4117 quam
2486 4044 2741 4115 gestavit.
2767 4043 2822 4100 ld
2851 4045 3053 4115 quippe
3085 4045 3474 4115 prOphelai-um
3508 4044 3610 4097 af.-

2037 4140 2161 4209 quis
2186 4138 2412 4201 indicat,
2444 4137 2562 4191 htec
2588 4137 2655 4192 de
2687 4135 2809 4205 ipso
2841 4137 3110 4206 loquens,
3146 4134 3393 4189 Narrabo
3425 4151 3612 4188 nomen

2039 4240 2186 4284 tuum
2254 4228 2511 4300 fratribus
2574 4228 3103 4297 meis",ldeonemo
3161 4226 3454 4282 arbitretur
3493 4242 3614 4281 ser-

2042 4338 2232 4380 mones
2265 4321 2578 4392 hujusmodi
2622 4319 2866 4375 carnales
2894 4334 3036 4373 esse.
3078 4318 3214 4373 Cum
3260 4318 3403 4374 enim
3435 4319 3615 4389 ipsum

361 4426 524 4480 αὑτὸν
574 4428 607 4496 ὴ
658 4426 902 4499 μακαρία
946 4426 1084 4497 αὕτη
1129 4425 1275 4499 ψυχὴ
1318 4426 1582 4496 λέγουσα*
1617 4424 1924 4493 Καταϐἠτω

2038 4416 2195 4470 beata
2228 4413 2318 4468 illa
2357 4414 2541 4468 anima
2607 4414 2856 4468 hortatur
2886 4410 3074 4465 dicens
3111 4429 3126 4465 :
3159 4410 3452 4465 Descendat
3483 4408 3619 4464 dita.

362 4516 677 4587 ἀδελφιδός
702 4534 822 4586 μου
854 4520 940 4584 εὶς
960 4515 1161 4585 κῆπον
1182 4516 1391 4581 αὐτοῦ,
1415 4515 1513 4570 καὶ
1535 4514 1767 4586 φαγέτω
1794 4532 1937 4585 καρ-

362 4611 482 4665 πὸν
510 4609 854 4680 ἀκροδρύων
879 4608 1064 4663 αὐτοῦ
1084 4649 1100 4673 ,
1132 4609 1262 4662 ὅταν
1327 4609 1425 4678 μὲν
1465 4608 1574 4681 γὰρ
1597 4607 1805 4682 ἀκούσῃ
1829 4607 1937 4677 ψυ-

364 4702 487 4775 χὴν,
522 4702 598 4774 μὴ
632 4701 757 4773 μίαν
787 4700 965 4773 ψυχὴν
1008 4699 1377 4773 ὑπολάμϐανε,
1412 4699 1527 4753 ἀλλ’
1557 4700 1677 4753 ὅλον
1709 4700 1800 4754 τὸν
1843 4700 1936 4754 κό-

368 4810 523 4866 σμον.
554 4795 652 4847 Διὰ
679 4792 837 4846 τοῦτο
867 4792 1044 4847 τοίνυν
1079 4790 1503 4865 παρακαλοῦμεν
1550 4790 1714 4844 αὐτὸν
1756 4789 1941 4859 λέγον-

364 4904 488 4951 τες·
539 4884 857 4954 Κατάϐηθι,
896 4880 942 4938 ὧ
977 4885 1138 4954 Λόγε,
1186 4887 1274 4951 εἰς
1304 4884 1414 4939 τὸν
1441 4883 1639 4953 κῆπόν
1667 4898 1806 4947 σου,
1840 4884 1938 4937 καὶ

365 4977 518 5049 φάγε
545 4978 650 5033 τὸν
672 4976 905 5047 καρπὸν
926 4974 1045 5030 τῶν
1067 4976 1413 5048 ἀκροδρύων
1439 4992 1555 5031 σου
1576 4992 1589 5005 ⁸
1623 4976 1718 5030 καὶ
1740 4974 1941 5038 εὐθέως

364 5071 533 5136 αὐτὸς
546 5071 849 5144 ἐπήκουσεν
864 5085 878 5100 ·
895 5064 1199 5139 Εἱσῆλθον
1217 5071 1304 5136 εὶς
1326 5069 1528 5139 κῆπόν
1540 5085 1682 5140 μου,
1706 5066 1940 5137 ἀδελφή

365 5182 480 5231 μου
526 5164 763 5234 νύμφηέ
795 5161 1095 5231 etprima
1135 5161 1411 5230 σμύρναν
1451 5177 1571 5230 μου
1609 5158 1759 5229 μετὰ
1792 5158 1942 5227 ἀρω-

362 5255 568 5327 μάτων
610 5271 749 5324 pou.
801 5254 1034 5323 Πότερον
1092 5249 1469 5321 παρεκάλεσάς
1525 5266 1587 5321 μι
1643 5248 1942 5319 καταϐῆναι

369 5348 463 5402 καὶ
514 5347 708 5417 φαγεῖν
754 5345 879 5407 τοὺς
917 5341 1195 5415 καρπούς;
1251 5340 1384 5396 Ἰδοὺ
1424 5340 1773 5412 καταδεύηκα
1791 5355 1804 5369 ⁸
1852 5338 1941 5403 δός

372 5454 464 5510 μοι
490 5438 617 5500 τοὺς
637 5434 899 5508 καρπούς.
918 5435 977 5487 ὐ
1007 5434 1105 5504 μὲν
1127 5436 1220 5487 οὖν
1245 5432 1352 5486 τῶν
1392 5423 1654 5484 Ἰουδαίων
1677 5425 1919 5500 λόγος-,εὐ

473 5613 520 5648 ⁸³
557 5612 663 5671 lsa.
709 5628 832 5679 ιιι,
885 5613 940 5667 9.
1017 5609 1075 5679 ’δέ
1111 5604 1297 5663 Matth.
1336 5622 1430 5679 vi,
1460 5600 1561 5679 7_8._
1616 5608 1662 5679 _"
1714 5603 1895 5679 ﬁgor.
1960 5624 2089 5673 xrv,
2155 5609 2238 5665 l5.

375 5686 419 5717 ⁸⁸
446 5683 592 5740 Psal.
630 5697 758 5739 xcm
782 5674 881 5750 ,'9.
978 5680 1023 5712 ⁶⁹
1052 5678 1206 5734 Cant.
1246 5695 1296 5743 ν,
1330 5677 1382 5733 1.
1452 5676 1498 5711 ⁷⁸
1524 5674 1663 5743 ibid.

2037 4514 2153 4559 ctus
2177 4520 2319 4558 meus
2352 4505 2408 4558 in
2452 4505 2664 4558 hortum
2693 4518 2862 4561 suum.
2906 4508 2957 4554 et
3000 4501 3238 4555 comedat
3270 4492 3499 4571 fructum
3523 4515 3621 4569 po-

2038 4614 2243 4652 morum
2269 4611 2489 4652 suorum
2518 4634 2534 4657 ,
2576 4589 2670 4647 ubi
2725 4593 2964 4649 animam
2993 4592 3173 4658 audis,
3191 4609 3260 4648 ne
3295 4608 3457 4647 unam
3489 4608 3616 4648 sus—

2036 4690 2217 4759 picere
2251 4687 2491 4743 animam
2520 4725 2536 4750 ,
2567 4685 2661 4739 sed
2692 4693 2866 4739 totum
2910 4686 3202 4741 mundum.
3245 4682 3615 4752 Quamobrem

2036 4780 2331 4835 invitemus
2371 4778 2547 4849 ipsum
2582 4777 2665 4830 his
2694 4777 2897 4831 verbis.
2946 4776 3242 4841 Descende,
3284 4791 3318 4831 ο
3360 4773 3617 4841 Verbum,

2037 4872 2092 4926 in
2123 4874 2336 4926 hortum
2364 4881 2545 4935 tuum,
2588 4878 2637 4923 et
2674 4872 2884 4923 comede
2912 4868 3148 4939 fructum
3200 4883 3472 4938 pomorum
3502 4875 3621 4921 tuo-

2039 4979 2195 5028 rum;
2237 4973 2291 5017 et
2329 4962 2507 5032 ipsum
2545 4960 2729 5016 subito
2763 4961 3156 5032 respondebit,
3186 4958 3462 5031 Ingressus
3501 4977 3618 5014 sum

2040 5058 2094 5111 in
2117 5058 2326 5110 hortum
2352 5070 2545 5118 meum,
2573 5070 2723 5108 soror
2750 5070 2866 5108 mea
2892 5069 3109 5123 sponsa,
3132 5055 3322 5107 messui
3351 5052 3620 5123 myrrham

2048 5164 2216 5203 meam
2255 5162 2376 5201 cum
2444 5143 2770 5200 aromatibus
2818 5145 2967 5200 meis.
3008 5141 3149 5199 Num
3206 5145 3492 5209 concitasti
3537 5159 3622 5199 me

2049 5248 2110 5295 ut
2138 5237 2523 5295 descenderem
2576 5246 2630 5291 et
2682 5236 3024 5292 comederem
3056 5234 3311 5291 fructus?
3350 5220 3489 5290 Ecce
3528 5235 3622 5287 «le-

2048 5322 2271 5402 scendi,
2304 5335 2374 5391 da
2405 5334 2540 5391 mihi
2571 5333 2805 5390 fructus.
2839 5331 3152 5387 Judreorum
3179 5328 3401 5400 quidem
3444 5339 3626 5382 sermo

2036 5442 2147 5499 pro
2176 5428 2298 5504 uvis
2327 5428 2515 5498 spinas
2548 5426 2732 5483 statim
2754 5423 2985 5495 profert,
3010 5432 3065 5480 et
3084 5439 3184 5494 pro
3225 5421 3343 5479 ficis
3368 5419 3620 5476 tribulos.

2366 5609 2412 5679 '5
2461 5607 2607 5665 Psal.
2690 5623 2880 5679 cum1
2935 5607 2987 5679 ι.
3097 5607 3141 5638 ⁸⁷
3174 5604 3383 5679 Liter}.
3416 5620 3469 5675 ι,
3532 5599 3623 5664 ιι.

1766 5668 1809 5711 τί
1840 5676 1944 5734 lsa.
1988 5668 2100 5750 Lux,
2129 5680 2204 5734 9.‘
2257 5678 2510 5734 "ilCor.
2541 5696 2623 5744 xi,
2651 5678 2703 5733 ἰ.
2780 5679 2827 5711 *⁸
2851 5676 2996 5732 Psal.
3030 5691 3118 5733 ut
3174 5668 3265 5731 9.3.
