3990 6208
523 325 653 378 1553

1376 325 1413 380 S
1452 321 1820 379 ATHANASII
1860 322 2009 379 OPP.
2057 321 2236 378 PARS
2271 313 2353 376 Ill.
2407 351 2463 360 —
2504 320 2912 377 EXEGETICA.

3618 325 3755 384 {380

508 440 874 508 Quandonam
918 447 1098 496 autem
1137 439 1240 510 ipsi
1269 440 1577 511 hujusmodi
1624 441 1834 497 fructus
1863 441 2070 496 obtule-

2177 439 2310 502 θέως
2342 437 2494 510 φέρει
2525 439 2645 493 ἀντὶ
2674 439 2954 510 σταφυλῶν
2983 438 3246 504 ἀκάνθας,
3280 441 3374 494 καὶ
3410 439 3535 495 ἀντὶ
3573 443 3756 496 συκῶν

517 542 663 597 runt,
696 533 800 586 nisi
829 533 1048 603 quando
1079 533 1537 604 cruciﬂgebatur?
1569 532 1733 589 Petiit
1777 534 1922 589 enim
1977 550 2075 605 po-

520 636 636 683 tum
671 641 738 681 ex
763 625 1034 681 fructibus
1065 626 1256 691 vineas,
1285 635 1342 682 et
1360 627 1470 682 vini
1495 627 1614 682 loco
1641 627 1957 682 obtulerunt
2002 627 2076 682 illi

515 726 750 773 acetum.
773 715 962 771 Viden‘
981 716 1217 771 fructum
1246 733 1458 781 eorum,
1479 734 1588 788 quo
1610 729 1768 788 pacto
1789 719 1842 772 in
1865 729 2076 773 acetum

515 827 704 868 versus
734 811 844 866 sit?
874 809 1028 865 Dicat
1059 810 1287 881 proinde
1319 809 1590 879 Salvator,
1634 811 1882 867 Evocasti
1915 827 2000 867 me
2024 822 2080 867 ut

512 905 896 960 descenderem
949 913 1004 958 et
1049 905 1393 959 comederem
1441 920 1624 974 poma,
1660 921 1784 961 ecce
1808 883 1928 960 veni
1963 906 2082 961 siti-

511 997 748 1060 bundus,
776 1009 829 1052 et
861 1007 1074 1051 acetum
1106 997 1242 1052 mihi
1272 997 1519 1054 obtulisti
1552 1017 1565 1052 :
1599 998 1720 1052 veni
1752 999 1914 1052 etiam
1954 1013 2080 1054 esu-

512 1092 657 1145 riens
692 1091 758 1145 ad
795 1090 952 1145 ficum
979 1133 994 1156 ,
1036 1103 1087 1146 et
1130 1091 1257 1146 folia
1300 1092 1474 1147 solum
1516 1093 1718 1146 inveni.
1751 1090 1966 1147 Utinam
1997 1094 2080 1147 vel

512 1183 641 1236 folia
672 1195 880 1237 tantum
909 1183 1270 1247 invenissem,
1305 1186 1434 1238 dum
1472 1199 1539 1240 ne
1578 1185 1792 1238 aridum
1820 1185 2028 1256 lignum
2061 1201 2077 1240 :

510 1274 744 1348 ideoque
775 1274 878 1343 ipsi
911 1275 1187 1330 maledixi.
1233 1274 1496 1331 Dcscendi
1533 1275 1677 1330 enim
1725 1285 1786 1330 ut
1826 1275 2079 1331 comede-

511 1381 625 1420 rem
663 1364 873 1420 fructus
903 1381 1188 1435 pomorum
1213 1384 1226 1434 ;
1261 1379 1312 1422 et
1339 1382 1462 1422 cum
1491 1367 1893 1423 descendissem
1917 1409 1931 1432 ,
1955 1381 2082 1422 ecce

510 1456 842 1524 deprehendi
871 1456 1192 1527 sanguinem
1217 1473 1382 1528 super
1406 1459 1676 1529 sanguine
1705 1460 2078 1522 commistum,

512 1546 870 1611 fornicarios,
932 1546 1207 1603 adulteros
1271 1555 1324 1602 et
1365 1548 1683 1618 sanguinem
1740 1547 2078 1603 innocentem

512 1639 766 1696 effusum.
833 1638 1012 1694 Inveni
1070 1654 1168 1694 vos
1226 1641 1538 1710 sculpentes
1606 1640 1809 1710 lapides
1855 1649 1908 1694 et
1965 1656 2078 1696 rem

512 1733 778 1803 sculptam
807 1731 978 1786 Deum
1006 1742 1262 1788 vocantes
1283 1775 1297 1800 ,
1342 1750 1406 1788 ac
1439 1735 1656 1788 demum
1689 1751 1786 1804 pro
1811 1734 2079 1790 fructibus

2181 531 2476 603 τριϐόλους.
2501 533 2638 586 Πότε
2689 532 2745 586 δὲ
2792 533 3172 604 προσήνεγκαν
3203 533 3352 604 αὐτῷ
3378 533 3607 597 τούτους
3630 536 3758 600 τοὺς

2179 625 2442 696 καρποὺς,
2472 626 2520 678 εί
2553 624 2628 696 μὴ
2655 625 2742 678 ὅτε
2771 601 3096 694 ἐᾶταυροῦτο
3118 640 3133 690 ;
3165 625 3369 695 ’ῌτησε
3391 625 3500 698 γὰρ
3525 630 3672 680 πιεῖν
3695 628 3759 682 ἐκ

2179 715 2287 770 τῶν
2336 718 2561 788 καρπῶν
2613 716 2711 787 τῆς
2755 716 3001 786 ἀμπέλου
3023 757 3038 782 ,
3090 717 3182 772 καὶ
3227 719 3346 771 ἀντί
3390 721 3535 773 οἴνου
3585 737 3757 791 προσο

2181 813 2418 883 ήνεγκαν
2446 809 2592 880 αύτῴ
2620 810 2760 876 ὅξος.
2777 810 2936 880 Ὁρᾷς
2960 811 3050 864 τὸν
3077 811 3288 882 καρπὸν
3309 812 3488 865 αὐτῶν
3515 815 3599 866 ὅτι
3625 812 3760 883 (351;-

2181 917 2274 966 κε;
2305 900 2521 969 Λεγέτω
2557 900 2735 952 τοίνυν
2759 901 2788 952 6
2812 901 3034 971 Σωτήρο
3065 901 3450 972 Παρεκάλεσάς
3486 920 3555 972 με
3591 921 3758 956 κατα-

2182 994 2361 1064 ϐῆναι,
2385 994 2478 1048 καὶ
2503 996 2696 1061 φαγεῖν
2718 993 2824 1046 ἀπὸ
2848 992 2955 1044 τῶν
2984 993 3318 1064 ἀκροδρύων,
3345 995 3439 1046 καὶ
3461 993 3572 1048 ἰδοὺ
3592 989 3758 1064 ἦλθον

2179 1088 2367 1158 διψῶν,
2396 1088 2490 1142 καὶ
2521 1087 2640 1154 ὅξος
2683 1102 2774 1158 μοι
2813 1086 3223 1158 προσήνεγκαςο
3271 1087 3364 1141 καὶ
3402 1083 3569 1157 ἦλθον
3596 1087 3758 1142 πάλιν

2181 1181 2382 1236 πεινῶν
2411 1181 2503 1233 ἐπὶ
2532 1181 2629 1251 τὴν
2664 1180 2852 1250 συκῆν,
2884 1179 2980 1232 καὶ
3027 1179 3201 1249 φύλλα
3233 1181 3389 1251 μόνον
3417 1176 3598 1251 εὗρον.
3631 1182 3757 1236 Εἴθε

2179 1274 2234 1326 δὲ
2269 1273 2368 1328 κᾶν
2399 1271 2570 1342 φύλλα
2601 1271 2758 1342 μόνον
2787 1270 3082 1344 εὑρίσκειν,
3116 1273 3208 1326 καὶ
3253 1273 3327 1343 μὴ
3363 1273 3424 1326 τὸ
3466 1273 3626 1340 ξύλον
3662 1273 3755 1344 ξηο

2183 1366 2275 1438 ρὸν
2295 1383 2307 1396 °
2339 1365 2426 1419 διὰ
2458 1365 2616 1418 τοῦτο
2648 1363 2756 1436 γὰρ
2790 1367 2881 1419 καὶ
2909 1364 3306 1437 κατηρασάμην
3346 1365 3536 1436 αὑτήν.
3569 1367 3756 1419 Κατα-

2181 1457 2386 1528 ϐἑϐηκα
2417 1455 2524 1528 γὰρ
2567 1460 2758 1527 φαγεῖν
2803 1457 2928 1520 τοὺς
2973 1459 3216 1528 καρποὺς
3258 1457 3364 1510 τῶν
3413 1459 3754 1530 ἀκροδρύων.

2181 1549 2275 1602 καὶ
2301 1549 2406 1602 ἰδοὺ
2437 1548 2679 1612 καταϐὰς
2701 1543 2856 1620 εὗρον
2880 1549 3086 1619 αἵματα
3115 1549 3198 1618 ἐφ’
3232 1549 3458 1618 αῖμασιν
3491 1551 3756 1620 μισγόμε-

2180 1658 2266 1703 να,
2302 1638 2659 1712 πορνεύοντας
2693 1641 2786 1694 καὶ
2821 1639 3188 1710 μοιχεύοντας,
3237 1641 3330 1693 καὶ
3361 1640 3570 1710 αἵματα
3604 1641 3756 1694 ἀειῶα

2181 1733 2536 1804 ἐκχυνόμενα.
2555 1726 2724 1804 Εὗρον
2754 1732 2898 1803 ὑμᾶς
2927 1731 3229 1801 γλύφοντας
3258 1730 3439 1795 λίθους
3461 1773 3476 1797 ,
3504 1734 3601 1785 καὶ
3625 1732 3756 1786 Θεὸν

511 1825 788 1895 myrrham
816 1825 1023 1894 reperi,
1065 1833 1227 1894 atque
1258 1825 1336 1880 tui
1363 1841 1527 1880 causa
1559 1826 1802 1882 abducor
1837 1828 1904 1882 ad
1933 1842 2080 1882 mor-

2179 1825 2568 1895 ὀνομάζοντας·
2616 1824 2712 1879 καὶ
2749 1824 2933 1879 λοιπὸν
2963 1827 3087 1879 ἀντὶ
3122 1825 3438 1897 ἀκροδρύων
3468 1826 3716 1897 σμύρναν
3738 1843 3751 1855 ·

511 1925 640 1971 tem.
669 1916 920 1971 Descendi
964 1925 1020 1970 ut
1069 1917 1385 1970 comederem
1438 1918 1641 1986 fructus
1681 1935 1995 1988 pomorum:
2025 1929 2078 1974 et

509 2022 636 2062 ecce
667 2017 884 2077 propter
928 2017 980 2062 te
1021 2008 1140 2064 loco
1167 2010 1363 2065 messis
1405 2019 1634 2064 mortem
1662 2010 1900 2080 accipio;
1930 2027 2079 2082 myr-

510 2099 666 2151 rham
705 2107 853 2152 meto
888 2113 1010 2153 cum
1041 2099 1401 2154 aromatibus.
1446 2102 1515 2152 At
1550 2100 1756 2155 utinam
1787 2110 2077 2170 postquam

510 2191 792 2261 myrrham
823 2206 922 2262 pro
947 2207 1125 2247 messe
1151 2192 1348 2263 recepi,
1377 2193 1460 2247 vel
1497 2194 1569 2248 ita
1597 2194 1816 2248 tandem
1849 2196 2076 2250 salutem

509 2283 942 2347 nanciscamini,
991 2299 1056 2340 ac
1101 2285 1369 2341 scelerum
1406 2284 1568 2341 ﬁnem
1595 2284 1836 2352 faciatis,
1872 2303 1972 2342 nec
1991 2287 2077 2342 di—

508 2383 664 2428 catur
717 2374 1004 2430 adversum
1057 2390 1153 2431 vos
1206 2375 1258 2429 id
1306 2375 1453 2444 quod
1513 2377 1568 2429 in
1622 2376 1880 2431 vicesimo
1935 2392 2079 2431 nono

510 2467 723 2536 psalmo
771 2467 1032 2536 habetur,
1089 2467 1219 2532 Quae
1273 2467 1480 2522 utilitas
1535 2469 1589 2520 in
1635 2469 1890 2537 sanguine
1943 2484 2076 2532 meo,

507 2561 634 2612 dum
667 2559 918 2614 descendo
969 2561 1022 2613 in
1080 2561 1462 2628 corruptionem
1494 2559 1586 2612 7*?
1647 2557 2078 2615 Dcscendieuim

509 2661 727 2722 propter
761 2661 832 2719 te,
855 2667 918 2707 ac
951 2661 1182 2707 mortem
1217 2652 1605 2723 myrrhamque
1643 2666 1740 2721 pro
1781 2667 1958 2708 messe
1988 2667 2080 2708 ac-

508 2744 658 2814 cepi;
695 2759 759 2800 ac
798 2758 906 2798 non
941 2744 1119 2799 solum
1145 2744 1444 2815 myrrham,
1484 2744 1578 2798 sed
1602 2744 1766 2800 etiam
1801 2759 1922 2798 cum
1954 2759 2077 2798 aro-

506 2836 768 2890 matibus.
844 2835 964 2900 Quo
1042 2843 1204 2905 pacto
1269 2845 1448 2890 autem
1509 2851 1632 2891 cum
1703 2835 2078 2891 aromatibus?

507 2926 739 2994 Quando
767 2929 911 2982 enim
958 2927 1235 2999 myrrham
1291 2927 1514 2992 messui,
1563 2928 1774 2983 scilicet
1820 2935 2074 2992 mortem,

507 3035 705 3090 corpus
740 3022 790 3074 in
825 3029 1178 3076 monumento
1203 3021 1510 3090 depositum
1543 3017 1644 3074 fuit
1672 3037 1687 3075 :
1721 3035 1846 3074 cum
1890 3035 2078 3074 resur-

505 3113 646 3168 rexit
675 3112 815 3167 idcm
847 3128 1047 3183 corpus
1071 3114 1472 3182 incorruptum,
1528 3121 1659 3166 tunc
1710 3121 2079 3182 apparuerunt

2177 1917 2273 1971 καὶ
2317 1918 2396 1980 εἰς
2445 1917 2670 1970 θάνατον
2707 1917 2908 1986 ἄγομαι
2949 1915 3037 1969 διὰ
3089 1917 3169 1971 σέ.
3233 1918 3618 1985 Καταϐέϐηκα
3653 1917 3755 1972 τοῦ

2176 2007 2388 2079 φαγεῖν
2419 2009 2560 2074 τοὺς
2604 2009 2872 2077 καρποὺς
2914 2007 3032 2062 τῶν
3073 2008 3454 2077 ἀκροδρύων
3501 2011 3601 2063 καὶ
3649 2010 3753 2064 ἰδοὺ

2179 2102 2406 2156 θάνατον
2435 2101 2618 2173 τρυγῶ
2669 2100 2754 2154 διὰ
2804 2101 2862 2154 σέ
2885 2117 2900 2131 ⁸
2949 2101 3192 2172 σμύρναν
3231 2101 3413 2172 τρυγῶ
3448 2102 3591 2173 μετά
3620 2105 3757 2173 ἀρα»

2181 2194 2384 2264 μάτων.
2404 2193 2541 2246 Ἀλλ’
2580 2192 2692 2246 εἴθε
2717 2194 3084 2265 τρυγήσαντός
3116 2211 3216 2264 μου
3249 2193 3346 2265 τὴν
3378 2193 3625 2265 σμύρναν
3655 2212 3756 2247 σω-

2179 2285 2359 2348 θέντες
2385 2280 2482 2355 ἦτε
2517 2283 2610 2338 καὶ
2640 2285 2978 2355 πεπαυμένοι
3012 2285 3118 2338 τῶν
3152 2285 3337 2338 κακῶν
3357 2326 3373 2350 ,
3416 2286 3510 2338 καὶ
3547 2283 3624 2355 μὴ
3673 2285 3757 2338 λε-

2179 2378 2320 2446 γέτω
2372 2377 2492 2431 καθ’
2525 2377 2679 2448 ὑμῶν
2727 2377 2787 2430 τὸ
2836 2378 2894 2430 ἐν
2931 2376 3006 2447 τῷ
3043 2377 3270 2448 εἰκοστῷ
3301 2378 3506 2448 ἐννάτῳ
3558 2378 3755 2449 ψαλμῷ

2178 2467 2467 2538 λεγόμενον
2487 2485 2499 2498 ’
2541 2468 2636 2533 Τίς
2667 2467 2918 2537 ὠφέλεια
2961 2468 3030 2521 ὲν
3080 2467 3160 2533 τῷ
3200 2469 3396 2538 αἵματι
3418 2486 3542 2538 μου
3580 2469 3649 2522 ἐν
3680 2466 3758 2533 τῷ

2179 2559 2508 2628 καταϐῆναι
2526 2576 2602 2629 με
2621 2563 2707 2626 εἰς
2736 2559 3090 2629 διαφθαρείη
3121 2560 3493 2632 Καταϐέϐηκα
3526 2560 3637 2630 γάρ
3672 2559 3760 2614 διὰ

2182 2652 2261 2716 σὲ,
2287 2655 2378 2707 καὶ
2405 2653 2633 2707 θάνατον
2671 2652 2946 2724 ἐτρύγησα
2971 2654 3065 2706 καὶ
3093 2652 3372 2725 σμύρνανο
3415 2653 3533 2706 ἀλλ’
3564 2653 3627 2705 ού
3658 2652 3755 2723 μό-

2177 2762 2267 2798 νον
2296 2745 2395 2817 τὴν
2429 2744 2694 2816 σμύρναν,
2724 2744 2858 2799 ἀλλά
2903 2744 3040 2816 μετά
3066 2745 3395 2816 ἀρωμάτων.
3423 2745 3552 2808 Πῶς
3582 2745 3638 2798 δὲ
3664 2744 3756 2798 καὶ

2183 2838 2319 2908 μετά
2349 2837 2687 2909 ἀρωμάτων;
2723 2837 2852 2891 Ὅτε
2895 2837 3002 2909 γὰρ
3039 2837 3315 2910 ἐτρύγησα
3343 2837 3445 2909 τὴν
3490 2839 3753 2910 σμύρναν.

2178 2927 2422 2981 τουτέστι
2444 2927 2534 2980 τὸν
2562 2927 2814 2982 θάνατον·
2847 2927 2934 2980 ὅτε
2964 2927 3120 2998 ἐτέθη
3156 2927 3214 2981 ἐν
3252 2927 3330 2998 τῷ
3367 2929 3643 2998 μνημείῳ,
3666 2929 3756 2981 καὶ

2179 3019 2476 3092 ἀνέστησεν
2531 3020 2593 3073 τὸ
2633 3020 2790 3091 σῶμα
2837 3019 3148 3092 ἄφθαρτον,
3201 3021 3321 3074 τότε
3364 3021 3644 3093 ἐφάνησαν
3690 3037 3756 3074 τα

2180 3110 2448 3183 ἀρώματα
2469 3127 2480 3138 ’
2517 3110 2787 3182 ἀρώματα
2811 3110 2866 3165 δὲ
2889 3107 2958 3182 ἦν
2982 3113 3014 3182 ἡ
3038 3113 3319 3184 ἀφθαρσία
3348 3113 3444 3166 τοῦ
3471 3113 3738 3184 σώματος.

502 3219 1065 3265 aromatazaromata
1114 3225 1280 3281 porro
1334 3219 1493 3265 erant
1551 3210 1891 3279 incorruptio
1925 3209 2192 3278 corporis.

574 3330 628 3382 7.
662 3329 1005 3399 Quapropter
1052 3329 1278 3398 pulchre
1334 3328 1412 3383 sic
1441 3328 1680 3398 loquitur
1725 3346 1736 3380 :

504 3439 672 3475 meam
717 3423 907 3475 messui
950 3439 1068 3484 cum
1119 3421 1442 3474 aromatibus
1473 3423 1601 3474 meis
1625 3436 1644 3476 :
1667 3423 1864 3474 comedi
1889 3437 2077 3490 panem

503 3529 673 3566 meum
712 3530 829 3565 cum
864 3513 1012 3566 melle
1054 3529 1200 3578 meo,
1244 3512 1350 3565 bibi
1389 3514 1562 3566 vinum
1601 3530 1769 3566 meum
1802 3529 1920 3566 cum
1943 3513 2078 3566 lacte

503 3603 702 3656 meo".
759 3604 945 3657 Viden'
979 3602 1216 3657 Verbum
1272 3603 1338 3656 ad
1389 3618 1608 3658 omnem
1661 3613 1872 3658 :etatcm
1909 3604 2076 3658 emis-

491 3695 667 3747 sum?
716 3695 870 3761 Quod
913 3695 1115 3750 Judaais
1141 3695 1360 3766 quidem
1394 3707 1580 3764 utpote
1623 3694 1926 3751 infantibus
1969 3696 2074 3750 mel

496 3796 555 3840 et
578 3787 663 3841 lac
693 3787 746 3840 in
768 3788 1085 3842 alimentum
1117 3789 1384 3858 praebeat;
1414 3790 1519 3844 mel
1553 3798 1606 3844 et
1636 3790 1719 3845 lac
1742 3805 1866 3845 cum
1893 3789 2072 3857 audis,

501 3877 674 3948 legem
705 3879 999 3944 existima;
1057 3896 1181 3934 nam
1234 3881 1364 3950 ipsis
1417 3891 1603 3949 utpote
1647 3880 1949 3937 infantibus
1993 3883 2074 3937 lac

499 3972 686 4027 datum
732 3983 848 4037 est;
886 3970 1138 4042 perfectis
1177 3989 1306 4028 vero
1337 3975 1494 4044 panis
1535 3983 1588 4027 et
1629 3975 1814 4028 vinum
1861 3975 2069 4029 datum.

501 4065 686 4120 Solida
719 4066 865 4121 enim
911 4081 1034 4122 esca
1077 4076 1160 4121 est
1214 4067 1369 4136 panis
1411 4077 1572 4135 atque
1615 4067 1827 4131 vinum,
1866 4067 2073 4122 scilicet

499 4156 874 4228 Evangeliuni.
899 4155 1264 4224 Quamobrem
1293 4157 1515 4224 pulchre
1548 4155 1798 4210 Salvator
1823 4157 1900 4212 ait
1926 4175 1938 4211 :
1965 4155 2072 4212 Co-

500 4249 637 4303 medi
669 4266 855 4318 panem
889 4265 1058 4303 meum
1089 4265 1204 4302 cum
1234 4248 1382 4302 melle
1416 4265 1547 4314 meo,
1573 4248 1680 4302 bibi
1706 4250 1880 4303 vinum
1903 4265 2072 4304 meum

498 4355 618 4393 cum
664 4341 798 4395 lacte
828 4358 959 4396 meo.
997 4340 1185 4396 Videu’
1231 4356 1340 4411 quo
1389 4350 1548 4410 pacto
1591 4342 1791 4412 ubique
1835 4341 2071 4412 idipsum

499 4429 682 4482 dicat?
734 4431 908 4499 Ipsius
945 4430 1092 4485 enim
1142 4439 1226 4487 est
1275 4442 1382 4485 tam
1431 4429 1642 4485 Nomm
1689 4447 1852 4501 quam
1903 4430 2073 4486 Vetus

500 4519 929 4575 Testamentum.
983 4519 1106 4577 Ideo
1148 4539 1227 4578 vae
1264 4523 1466 4580 Judaeis
1509 4524 1602 4594 qui
1634 4525 1738 4578 mel
1781 4532 1835 4579 et
1865 4524 1948 4578 lac
1979 4539 2072 4579 co-

499 4612 742 4668 medunt.
785 4611 1049 4668 Similiter
1103 4622 1158 4668 et
1213 4613 1497 4670 Manichaei
1537 4629 1729 4683 panem
1775 4623 1830 4668 et
1881 4613 2065 4668 vinum

1798 3327 2070 3397 Myrrham

2243 3325 2298 3380 7.
2333 3326 2430 3379 Διὰ
2467 3327 2622 3380 τοῦτο
2651 3326 2828 3391 καλῶς
2860 3326 3043 3396 λέγει·
3095 3328 3434 3396 Ἐτρύγησα
3477 3329 3754 3397 σμύρναν

2175 3434 2293 3485 μου
2315 3415 2465 3484 μετὰ
2487 3416 2807 3485 ἀρωμάτων
2831 3435 2950 3487 μου
2973 3435 2989 3448 ’
3013 3418 3238 3488 ἔφαγον
3264 3417 3447 3487 ἄρτον
3466 3437 3590 3487 μου
3609 3419 3755 3487 μετὰ

2173 3507 2416 3578 μέλιτός
2430 3525 2549 3577 μου
2565 3524 2578 3537 ·
2601 3509 2772 3562 ἔπιον
2791 3506 2957 3564 οἶνόν
2969 3528 3086 3579 μου
3102 3511 3250 3579 μετὰ
3277 3513 3583 3580 γάλακτός
3615 3529 3747 3580 μου.

2180 3601 2414 3672 Θεωρεῖς
2441 3602 2532 3654 τὸν
2556 3602 2725 3670 Λόγον
2755 3602 2845 3656 τὸν
2873 3601 3007 3674 πρὸς
3035 3605 3213 3656 πᾶσαν
3245 3603 3464 3675 ἠλικίαν
3498 3605 3751 3674 γιγνόμε-

2179 3711 2301 3760 νον;
2343 3695 2436 3747 καὶ
2467 3698 2578 3758 τοῖς
2624 3695 2892 3758 Ἰουδαίοις
2917 3696 3128 3766 νηπίοις
3162 3692 3313 3750 οὖσιν
3340 3697 3523 3760 διδοὺς
3549 3699 3751 3768 τροφὴν

2181 3787 2301 3856 μέλι
2333 3789 2424 3841 καὶ
2445 3787 2586 3857 γάλα
2605 3805 2618 3819 ο
2646 3787 2766 3858 μέλι
2796 3788 2851 3841 δὲ
2873 3789 2966 3840 καὶ
2984 3787 3122 3857 γάλα
3147 3790 3242 3842 ἐὰν
3275 3788 3536 3861 ἀκούσῃς,
3563 3791 3655 3842 τὸν
3679 3791 3753 3842 νό-

2182 3899 2279 3952 μον
2329 3881 2544 3952 νόμιζε’
2580 3881 2655 3944 ὡς
2701 3879 2807 3952 γὰρ
2853 3881 3066 3952 νηπίοις
3109 3881 3289 3944 αὐτοῖς
3327 3876 3478 3934 οὖσιν
3511 3881 3668 3951 ἐδόθη
3696 3881 3752 3934 τὸ

2177 3971 2320 4039 γάλα
2338 3988 2351 4000 ·
2390 3973 2502 4034 τοῖς
2543 3970 2600 4023 δέ
2639 3969 2864 4032 τελείοις
2921 3971 2950 4022 6
2981 3970 3143 4042 ἄρτος
3166 3970 3258 4023 καὶ
3284 3971 3313 4022 6
3341 3965 3486 4033 οἶνος
3515 3970 3746 4023 δίδοται·

2178 4063 2372 4136 στερεά
2403 4063 2511 4134 γάρ
2539 4065 2654 4116 ἐστι
2679 4062 2852 4134 τροφὴ
2869 4064 2962 4116 καὶ
2982 4063 3009 4114 ό
3037 4063 3197 4134 ἄρτος
3222 4065 3314 4116 καὶ
3337 4066 3366 4116 6
3397 4059 3561 4126 οἶνος,
3587 4081 3744 4116 τουτο

2175 4157 2289 4208 ἐστι
2331 4155 2391 4209 τὸ
2440 4155 2786 4225 Εὐαγγέλιον.
2841 4155 2937 4208 Διά
2977 4155 3134 4208 τοῦτο
3177 4156 3354 4208 τοίνυν
3389 4155 3571 4220 καλῶς
3606 4156 3747 4224 λέγει

2174 4252 2202 4303 6
2235 4251 2456 4322 Σωτήρ·
2519 4251 2777 4319 Ἐφαγον
2805 4247 2986 4316 ἄρτον
3010 4267 3128 4318 μου
3163 4247 3313 4317 μετὰ
3339 4249 3589 4318 μέλιτός
3607 4266 3744 4318 μου,

2175 4345 2348 4398 ἔπιον
2373 4345 2538 4398 οἶνόν
2562 4363 2680 4414 μου
2715 4345 2863 4413 μετὰ
2889 4342 3183 4414 γάλακτός
3196 4361 3332 4411 μου.
3371 4342 3612 4414 Θεωρεῖς
3635 4343 3745 4406 πῶς

2178 4436 2448 4507 πανταχοῦ
2475 4437 2654 4504 λέγει;
2681 4435 2854 4489 Αύτοῦ
2890 4437 2997 4506 γάρ
3036 4437 3149 4488 ἐστι
3183 4437 3275 4489 καὶ
3314 4437 3345 4505 ή
3385 4435 3560 4506 Καινὴ
3597 4437 3741 4506 καὶὴ

2175 4530 2403 4583 Παλαιά.
2433 4529 2528 4583 Διὰ
2553 4528 2708 4582 τοῦτο
2727 4530 2848 4582 οὐαὶ
2869 4533 2980 4593 τοῖς
3006 4529 3276 4592 Ἰουδαίοις
3296 4531 3408 4591 τοῖς
3422 4529 3482 4581 τὸ
3509 4530 3632 4599 μέλι
3654 4531 3740 4583 καὶ

2175 4621 2314 4689 γάλα
2346 4621 2637 4674 ἐσθίουσιν.
2707 4621 2979 4685 Ὡσαύτως
3011 4622 3066 4675 δέ
3109 4624 3200 4677 καὶ
3232 4622 3282 4675 οί
3320 4624 3612 4692 Μανιχαῖοι
3655 4623 3739 4675 τὸν

494 4708 698 4774 edunt;
742 4707 1010 4762 catholica
1063 4715 1244 4762 autem
1290 4682 1653 4762 Ecclesiailla
1689 4708 1796 4760 duo
1832 4722 1940 4761 una
1974 4721 2068 4762 co-

2177 4682 2334 4783 ἄρτον
2365 4713 2458 4765 καὶ
2495 4713 2585 4766 τὸν
2629 4709 2770 4766 οἶνον
2812 4682 3114 4766 ἐσθίουσινο
3153 4715 3186 4783 ή
3217 4712 3271 4766 δὲ
3303 4682 3582 4785 Καθολικὴ
3623 4714 3738 4766 Ἐκ-

497 4801 701 4866 medit,
762 4816 955 4871 panem
1012 4817 1136 4855 cum
1192 4800 1369 4866 melle,
1425 4800 1668 4870 bibitque
1706 4800 1894 4854 vinum
1943 4815 2066 4856 cum

489 4894 655 4948 lacte.
691 4891 757 4947 Et
791 4909 918 4948 cum
965 4909 1158 4963 panem
1193 4893 1553 4960 comedimus,
1589 4909 1696 4947 una
1731 4909 1855 4948 cum
1890 4892 2067 4949 Verbo

497 4985 601 5040 mel
625 4985 752 5040 item
781 4986 1142 5040 absumimus.
1180 4983 1456 5054 Scriptum
1500 4986 1628 5039 item
1669 4984 1771 5040 fuit
1806 4994 1865 5039 ut
1894 5001 2066 5056 agnus

494 5081 546 5130 in
595 5076 804 5132 Pascha
851 5078 1246 5131 comederetur.
1308 5077 1520 5147 Agnum
1571 5079 1754 5147 itaque
1797 5093 1954 5132 sumo
2016 5087 2070 5132 et

490 5187 616 5224 cum
651 5171 769 5240 ipso
811 5168 984 5225 Verbo
1013 5169 1318 5235 manduco;
1350 5185 1450 5223 nec
1487 5185 1686 5239 agnum
1728 5170 1903 5224 solum
1935 5170 2061 5236 edo,

493 5264 584 5317 sed
613 5265 774 5316 etiam
794 5261 1057 5325 Verbum,
1082 5262 1222 5331 quod
1248 5263 1392 5316 sicut
1418 5277 1592 5331 agnus
1621 5260 1689 5316 ad
1725 5262 2058 5317 occisionem

492 5355 714 5408 ductum
773 5365 873 5406 est.
937 5351 1062 5407 Ideo
1110 5353 1339 5424 pulchre
1385 5339 1578 5408 dicit:
1617 5353 1832 5408 Comedi
1873 5371 2060 5423 panem

493 5461 662 5496 meum
695 5460 808 5497 cum
845 5443 992 5496 melle
1015 5459 1148 5506 meo,
1181 5452 1228 5496 et
1255 5443 1361 5495 bibi
1386 5445 1562 5519 vinucm
1589 5459 1758 5497 meum
1784 5461 1902 5497 cum
1924 5444 2060 5499 lacte

495 5551 604 5586 meo
630 5549 648 5586 :
682 5544 734 5588 ct
772 5535 952 5589 subito
980 5536 1328 5603 prosequitur
1359 5554 1371 5590 :
1408 5536 1691 5602 Comedite,
1729 5537 1888 5590 ricini
1937 5537 2058 5602 mei,

563 5778 608 5807 ⁷⁵
645 5777 766 5830 Psal
819 5792 967 5840 xxxx,
1014 5779 1093 5833 [0.
1173 5782 1219 5812 ⁷³
1250 5781 1405 5836 Cant.
1451 5801 1499 5848 v,
1529 5787 1575 5838 1.

2173 4803 2370 4874 κλησία
2401 4804 2469 4856 τά
2499 4803 2590 4857 δύο
2613 4803 2746 4874 ὁμοῦ
2779 4803 2968 4868 ἐσθίει,
3003 4803 3092 4856 τὸν
3119 4804 3279 4876 ἄρτον
3309 4803 3445 4874 μετά
3464 4804 3561 4857 τοῦ
3597 4804 3737 4875 μέλι-

2171 4913 2283 4959 τος,
2313 4897 2406 4949 καὶ
2432 4896 2576 4949 πίνει
2601 4897 2691 4949 τὸν
2717 4890 2857 4949 οἶνον
2887 4895 3027 4967 μετὰ
3063 4895 3156 4950 τοῦ
3193 4896 3492 4964 γάλακτος·
3520 4898 3615 4950 καὶ
3655 4898 3734 4949 ἐσ-

2173 4987 2375 5050 θίοντες
2412 4989 2507 5056 μὲν
2537 4989 2627 5042 τὸν
2655 4989 2816 5059 ἄρτον
2863 4988 3320 5059 συναναλίσκομεν
3363 4987 3439 5058 τῷ
3471 4989 3616 5058 λόγῳ
3647 4991 3733 5042 καὶ

2171 5079 2232 5131 τὸ
2250 5078 2389 5149 μέλι.
2411 5079 2519 5132 Καὶ
2532 5078 2589 5131 τὸ
2609 5079 2878 5150 πρόϐατον
2903 5079 3208 5150 γέγραπται
3227 5078 3425 5133 ἐσθίειν
3440 5080 3501 5132 τὸ
3524 5080 3728 5150 Πάσχα.

2171 5171 2445 5240 Λαμϐάνω
2474 5170 2534 5224 τὸ
2564 5170 2830 5243 πρόϐατον
2855 5173 2947 5226 καὶ
2981 5172 3349 5226 συναναλίσκω
3371 5173 3504 5226 αὐτὸ
3537 5173 3615 5244 τῷ
3640 5173 3734 5227 Λό-

2169 5277 2278 5330 γῳσ
2316 5261 2409 5314 καὶ
2441 5261 2540 5314 οὐκ
2573 5262 2736 5315 ἐσθίω
2761 5263 2823 5315 τὸ
2851 5261 3118 5335 πρόϐατον
3139 5262 3297 5333 μόνον
3315 5303 3330 5325 ,
3361 5262 3496 5316 ἀλλὰ
3523 5264 3618 5316 καὶ
3648 5264 3732 5316 τὸν

2171 5354 2246 5416 ὡς
2266 5353 2534 5424 πρόϐατον
2557 5355 2648 5408 ἐπὶ
2679 5356 2892 5428 σφαγὴν
2916 5356 3179 5425 ἀγόμενον
3209 5355 3399 5425 Λόγον.
3457 5357 3557 5409 Διὰ
3583 5356 3732 5409 τοῦτο

2171 5445 2350 5515 καλῶς
2395 5445 2574 5514 λέγει·
2629 5449 2894 5516 Ἔφαγον
2929 5447 3110 5515 ἄρτον
3145 5464 3258 5517 μου
3301 5449 3453 5517 μετὰ
3493 5449 3732 5518 μέλιτός

2164 5558 2316 5608 μου,
2373 5542 2468 5596 καὶ
2515 5543 2687 5596 ἔπιον
2714 5538 2879 5594 οἶνόν
2921 5558 3038 5609 μου
3071 5543 3218 5610 μετὰ
3265 5541 3562 5610 γάλακτός
3581 5558 3726 5612 pair
