3990 6208
267 279 397 334 1561
1415 280 1834 335 FRAGMENTA

1950 276 2338 334 MATIIEUM.
3359 283 3507 337 136T

264 395 360 446 καὶ
388 391 591 456 εὐθέως
640 392 818 461 λέγει’
872 395 1090 465 Φᾱγετε
1113 439 1125 457 ,
1163 398 1219 448 oi
1254 397 1516 464 πλησίον
1547 415 1699 465 μου,
1735 395 1830 449 καὶ

1936 404 1984 448 et
2032 393 2220 458 bibite,
2270 390 2637 456 inebriamini,
2694 392 2886 461 fratres
2913 393 2979 444 ⁷⁸.
3024 393 3154 449 Vide
3198 409 3305 463 quo
3337 408 3489 463 pacta

263 483 462 548 πίετε,
489 484 587 536 καὶ
625 485 964 553 μεθύσθητε
984 525 998 548 ,
1044 484 1312 554 ἀδελφοί.
1357 486 1452 539 Ἰδὲ
1481 487 1570 538 τὸν
1604 485 1831 557 Σωτῆρα

1937 483 2186 539 Salvator
2212 481 2514 537 infantibus
2542 483 2820 552 praecipiat
2847 492 2908 538 ut
2929 485 3233 550 comedam,
3267 487 3491 554 majori-

267 576 385 640 πῶς
433 577 646 648 νηπίοις
695 577 1060 648 παραγγέλλει
1102 581 1325 647 φαγεῖνο
1360 581 1469 642 τοῖς
1518 579 1572 632 δὲ
1622 577 1830 649 μείζοσι

1930 577 2033 632 bus
2049 574 2213 639 dicat,
2232 573 2299 627 Et
2318 573 2509 638 bibite;
2534 572 2884 643 perlectis,Et
2911 575 3263 639 iuebriamini,
3279 575 3487 644 fratres.

265 667 413 736 λέγει
434 711 445 726 ,
483 667 593 721 Καὶ
633 669 825 722 πίετε·
866 673 977 733 τοῖς
1002 669 1056 722 δὲ
1085 671 1310 734 τελείοις
1342 671 1524 740 ἔλεγεν
1544 712 1557 737 ,
1590 673 1670 726 ὅτι
1720 671 1830 726 Καὶ

1935 667 2076 724 Sane
2106 666 2309 722 Paulus
2359 682 2482 722 cum
2536 665 2808 736 perfectus
2859 676 3026 733 esset,
3079 674 3134 722 et
3180 666 3360 721 divina
3391 667 3494 722 ista

262 760 619 829 μεθύσθητε,
643 760 910 830 ἀδελφοί.
944 761 1156 832 Ἀμέλει
1178 780 1241 831 γε
1263 763 1489 827 Παῦλος,
1513 764 1711 827 τέλειος
1735 763 1834 831 ὢν,

1932 763 2193 817 ebrietate
2219 761 2411 830 plenus
2431 800 2445 824 ,
2491 760 2703 815 dicebat
2733 779 2745 814 :
2773 758 2891 814 Sive
2918 762 3054 815 enim
3084 772 3251 814 mente
3286 760 3494 814 excedi—

271 850 365 904 καὶ
399 849 803 921 μεμεθυσμένος
849 853 946 922 τὴν
975 852 1124 906 θείαν
1158 853 1360 926 ταύτην
1396 854 1588 926 μέθην,
1616 854 1828 923 ἔλεγεν·

1952 870 2050 907 nus
2106 853 2211 908 Deo
2233 895 2248 918 ,
2299 853 2405 907 sive
2451 853 2708 922 sapientes
2743 869 2922 907 sumus
2951 854 3092 907 vobis
3123 853 3190 905 ⁷⁷.
3231 851 3306 908 Ne
3338 861 3528 922 putes.

267 940 407 1037 Elis
465 939 576 1009 γὰρ
628 941 954 1012 ἐξέστημεν
1016 942 1167 1008 Θεῷ,
1232 946 1351 998 εἴτε
1406 943 1834 1015 σωφρονοῦμεν

1937 954 2116 1001 autem
2155 945 2305 999 illum
2341 944 2608 999 exhausto
2647 945 2774 1000 vino
2803 953 2981 999 mente
3016 943 3344 1010 excessisse;
3382 943 3496 1012 ipse

268 1031 428 1099 ὑμῖν.
470 1032 560 1102 Μὴ
587 1032 812 1105 νομίσῃς
836 1034 890 1087 δὲ
918 1034 1098 1098 αὑτὸν,
1131 1036 1210 1088 ὅτι
1235 1037 1341 1089 ἀπὸ
1367 1037 1507 1089 οἴνου
1537 1034 1602 1108 ἦν
1629 1035 1833 1102 ἐξιστά-

1937 1053 2172 1107 namque
2208 1036 2463 1107 praecepit
2489 1038 2574 1093 his
2597 1037 2778 1092 verbis
2807 1055 2819 1090 :
2854 1035 3033 1092 Nolite
3063 1035 3314 1090 inebriari
3356 1036 3507 1100 vina,

273 1137 429 1230 μενος
449 1140 460 1150 ·
486 1122 645 1185 αὐτὸς
675 1122 779 1194 γὰρ
801 1125 1130 1195 παρήγγειλε
1147 1143 1159 1156 ·
1190 1125 1286 1194 Μὴ
1315 1127 1641 1195 μεθύσκετε
1668 1127 1828 1191 οἴνῳ,

1937 1132 1992 1184 in
2023 1147 2122 1200 quo
2157 1139 2233 1184 est
2273 1129 2489 1183 luxuria
2518 1130 2563 1161 ⁷⁸
2600 1149 2616 1183 :
2651 1133 2746 1184 sed
2781 1128 3063 1183 Timotheo
3097 1127 3324 1182 scribit:
3366 1124 3497 1178 Vino

269 1214 340 1266 ἑν
361 1214 409 1279 ᾧ
431 1214 601 1268 ἐστιν
627 1216 850 1270 ἀσωτία
868 1233 880 1246 ·
901 1215 1037 1282 ἀλλ’,
1073 1217 1283 1288 Ὀλίγῳ
1308 1219 1449 1285 οἴνῳ
1472 1217 1592 1286 χρῶ
1610 1219 1707 1272 διὰ
1727 1218 1830 1272 τὸν

1937 1222 2142 1275 modico
2176 1232 2320 1275 utere
2349 1230 2561 1290 propter
2606 1220 2933 1274 stomaclmm
2985 1229 3132 1273 tuum
3172 1219 3239 1273 ⁷⁸.
3271 1216 3425 1283 Quod
3453 1217 3498 1270 si

271 1306 581 1374 στόμαχόν
604 1323 744 1366 σου,
766 1310 1009 1381 Τιμοθέῳ
1032 1311 1261 1383 γράφει·
1286 1313 1332 1364 εί
1357 1312 1412 1364 δὲ
1433 1311 1609 1374 ἄλλοις
1632 1327 1838 1382 παραγ-

1939 1313 2061 1367 aliis
2112 1313 2215 1368 hoc
2265 1313 2580 1383 praecipiat,
2621 1321 2827 1382 quanto
2889 1313 3061 1382 magis
3105 1310 3356 1381 sibiipsi?
3407 1308 3500 1362 lllo

271 1396 469 1463 γέλλει,
489 1399 638 1470 πόσῳ
665 1401 858 1471 μᾶλλον
879 1401 1086 1472 ἐαυτῷς
1119 1403 1350 1466 Ἐκεῖνος
1369 1403 1474 1475 γὰρ
1502 1402 1832 1474 μεμεθυσμέ·

1939 1403 2138 1473 quippe
2188 1401 2488 1456 inebriatus
2536 1410 2652 1456 erat
2702 1402 2843 1456 bona
2898 1400 2986 1454 illa
3013 1384 3080 1454 et
3121 1400 3303 1454 divina
3338 1397 3499 1452 Verbi

273 1505 361 1553 νος
395 1484 463 1559 ἦν
496 1490 664 1561 καλὴν
693 1493 784 1544 καί⁸
810 1491 957 1545 Θείαν
986 1493 1091 1546 ἀπὸ
1113 1493 1206 1548 τοῦ
1233 1495 1405 1563 Λόγου
1441 1493 1624 1564 μέθην.
1660 1493 1839 1547 Γένοι-

1940 1494 2220 1548 ebrietate.
2267 1490 2424 1546 Faxit
2462 1500 2643 1547 autem
2681 1490 2852 1555 Deus,
2899 1500 2958 1545 ut
2997 1506 3096 1545 nos
3131 1505 3251 1544 cum
3283 1490 3375 1543 illo
3400 1505 3500 1542 an-

274 1595 335 1631 το
386 1579 443 1632 δὲ
483 1580 574 1633 καὶ
619 1583 766 1652 ἡμᾶς
815 1582 1279 1655 συναριθμηθῆναι
1337 1587 1452 1655 μετ’
1485 1584 1648 1637 αὑτοῦ
1681 1586 1737 1637 ὲν
1768 1587 1834 1656 τῇ

1939 1600 2289 1640 numeremur
2338 1584 2390 1638 in
2429 1599 2598 1654 regno
2637 1583 2936 1650 oculorum,
2985 1582 3040 1638 in
3094 1581 3310 1638 Christo
3349 1578 3499 1634 Iesu.

279 1670 520 1743 βασιλείᾳ
545 1672 652 1726 τῶν
683 1673 924 1744 οὐρανῶν
955 1678 1011 1728 ἐν
1040 1676 1259 1746 Χριστῷ
1300 1675 1494 1747 Ἰησοῦ.
1566 1675 1756 1748 Ἀμήν.
1872 1719 1910 1748 η
1941 1676 2134 1729 Amen.

1870 1719 1911 1773 Β

354 1848 400 1882 ⁵⁸
427 1848 586 1907 Cant.
627 1867 680 1919 ν,
725 1852 776 1908 1.
854 1853 897 1886 ⁷⁷
938 1852 981 1906 Il
1016 1853 1143 1908 Cor.
1178 1853 1346 1920 v,13.
1421 1853 1465 1885 ’⁸
1499 1852 1698 1925 Ephes.
1725 1871 1779 1924 ν,
1823 1854 1908 1909 18.

878 1853 897 1885 ⁷
938 1852 981 1906 Il
1016 1853 1143 1908 Cor.
1178 1869 1232 1920 ν,
1261 1853 1346 1909 15.
1421 1853 1465 1885 ’⁸
1499 1852 1698 1925 Ephes.
1725 1871 1779 1924 ν,
1823 1854 1908 1909 18.
1985 1856 2029 1886 τ’
2060 1854 2077 1909 l
2119 1853 2261 1908 Tim.
2284 1869 2339 1920 ν,
2365 1852 2452 1908 25.

296 2046 3501 2080 Μ

1601 2241 2179 2337 MONITUM

979 2456 1048 2517 IN
1082 2455 1448 2515 SERMONES
1476 2453 1630 2512 SWE
1669 2449 2222 2511 COMMENTARIOS
2257 2450 2324 2508 IN
2368 2445 2800 2506 MATTHAEUM.

362 2820 446 2876 An
471 2819 790 2895 Athanasius
819 2832 1104 2882 sermones,
1133 2815 1238 2870 sive
1259 2817 1659 2870 commentarios
1685 2813 1737 2868 in
1757 2812 1804 2867 Μ
1811 2812 2065 2867 atthteum
2085 2808 2304 2874 dederit,
2319 2821 2494 2871 necne,
2515 2820 2571 2860 re
2589 2819 2654 2858 ea:
2675 2801 2988 2873 coniecturis
3016 2799 3186 2854 solum
3205 2793 3514 2867 ponderata,

292 2918 420 2974 olim
449 2916 705 2990 ambigere
729 2915 813 2987 fas
835 2923 945 2969 erat
962 2931 982 2980 ,'
1006 2913 1260 2984 siquidem
1289 2922 1487 2967 catena:
1516 2911 1572 2966 in
1599 2909 1953 2982 Evangelium
1990 2905 2246 2971 Matthaei,
2272 2903 2550 2958 Athanasii
2581 2897 2834 2954 nonnulla
2864 2896 3308 2966 circumferentes,
3336 2903 3517 2947 notato

291 3012 461 3069 solum
492 3013 767 3068 Athanasii
795 3011 1020 3074 nomine,
1046 3023 1138 3062 nec
1167 3007 1566 3074 commentaria,
1598 3021 1688 3060 nec
1719 3019 1978 3060 sermones
2019 3001 2326 3056 homiliasve
2369 2999 2750 3052 memorabant.
2795 2995 2859 3049 Et
2901 2995 3028 3066 quia
3070 2992 3299 3046 locorum
3333 2991 3518 3060 hujus-

294 3105 458 3165 modi.
485 3104 721 3175 quadam
752 3111 900 3156 erant
934 3115 998 3155 ea:
1026 3097 1264 3168 operibus
1286 3097 1406 3168 jam
1429 3100 1566 3154 casis
1593 3109 1858 3168 excerpta,
1885 3097 2006 3150 hinc
2042 3095 2168 3149 mihi
2197 3093 2426 3148 suboluit
2455 3103 2665 3153 ctetera,
2699 3105 2814 3159 qua:
2846 3090 2900 3142 in
2933 3086 3088 3142 editis
3116 3101 3218 3139 non
3244 3083 3522 3139 exstabant

293 3197 584 3254 mantissis
611 3197 781 3250 sancti
809 3194 1048 3250 Doctoris
1078 3194 1316 3266 operibus
1339 3195 1643 3263 deprompta
1673 3190 1855 3260 fuisse.
1885 3187 2012 3242 lam
2055 3202 2173 3240 vero
2204 3185 2370 3239 omnis
2417 3182 2719 3253 suspicandi
2757 3179 2834 3235 vel
2869 3179 3165 3250 ambigendi
3193 3193 3356 3232 causa
3383 3175 3522 3229 leva-

297 3305 384 3350 tur
413 3311 431 3348 :
468 3295 523 3348 in
568 3291 828 3348 codicibus
857 3294 994 3347 enim
1043 3310 1162 3347 cum
1209 3291 1418 3347 Italicis
1455 3299 1564 3345 tum
1593 3287 1834 3351 Gallicis,
1884 3287 1939 3340 in
1985 3299 2112 3354 quos
2156 3281 2249 3335 sub
2297 3280 2406 3334 htec
2441 3277 2745 3342 incidimus,
2779 3274 3158 3329 commentaria
3183 3280 3232 3325 et
3262 3284 3520 3325 sermones

296 3382 576 3439 Athanasii
624 3385 678 3438 in
727 3383 1036 3439 Mattlneum
1088 3385 1280 3438 diserte
1330 3390 1618 3436 memorata
1659 3377 2129 3449 deprehendimus;
2157 3375 2263 3428 imo
2293 3373 2450 3428 etiam
2479 3385 2544 3424 ea;
2578 3383 2813 3423 sermone
2842 3374 2985 3419 sexto
3007 3373 3058 3418 et
3084 3379 3217 3416 nono
3243 3359 3310 3414 ad
3340 3375 3525 3412 manu-

296 3480 608 3548 scriptorum
636 3479 791 3548 ﬁdem
814 3495 917 3532 non
945 3495 1114 3548 pauca
1145 3477 1354 3532 damus.
1385 3475 1496 3531 Nec
1527 3477 1740 3541 mirum,
1769 3473 1905 3545 quod
1933 3473 2042 3526 htec
2069 3467 2636 3532 commentaria,modo
2667 3462 2973 3536 ἑρμηνείαι,
3001 3463 3104 3517 sive
3126 3458 3524 3531 interpretatio-

298 3589 414 3636 nes,
447 3573 599 3626 modo
628 3572 775 3641 λόγοι
805 3574 912 3626 sive
942 3588 1243 3637 sermones,
1264 3581 1356 3624 aut
1388 3570 1572 3624 melius
1599 3569 1721 3624 libri
1746 3568 2053 3622 vocitentur.
2086 3564 2188 3620 llic
2220 3564 2357 3617 enim
2389 3578 2498 3615 mos
2523 3559 2823 3615 ercorum
2851 3568 2949 3621 est,
2978 3568 3032 3612 ut
3055 3555 3262 3628 prolixa
3292 3570 3447 3624 opera
3477 3559 3526 3604 et

300 3669 668 3738 συντάγματα,
697 3669 752 3722 in
775 3668 986 3736 λόγους,
1022 3669 1126 3723 sive
1158 3667 1318 3722 libros
1352 3665 1694 3720 distribuant.
1726 3663 1842 3730 Qua
1879 3664 2084 3716 ratione
2107 3660 2200 3714 illa
2228 3663 2282 3712 in
2320 3657 2633 3711 Mattbteum
2669 3653 3034 3723 interpretatio
3060 3652 3113 3706 in
3141 3651 3341 3738 multos
3365 3647 3524 3699 libros

299 3764 402 3818 sive
436 3778 692 3856 se‘rmones
719 3762 967 3816 distincta
995 3763 1115 3832 fuit.
1142 3761 1208 3815 Et
1235 3777 1351 3814 vero
1377 3759 1608 3813 videmus
1637 3759 1692 3812 in
1722 3773 1874 3827 seque

1949 3757 2076 3818 ibus,
2111 3755 2173 3805 ὲκ
2203 3753 2301 3822 τῆς
2334 3747 2634 3822 ἑρμηνείας
2662 3745 2755 3800 τοῦ
2787 3743 2927 3798 κατὰ
2968 3741 3244 3797 Ματθαῖον
3283 3737 3525 3803 Εὐαγγε-

299 3855 413 3908 λίου
455 3836 611 3924 λογον
642 3861 716 3920 ς’,
761 3870 827 3910 ex
858 3855 1307 3925 interpretatione
1353 3854 1628 3926 Evangelii
1662 3853 1964 3909 secundum
2002 3848 2312 3904 Mattlneum
2360 3859 2668 3901 sermonem
2726 3852 2940 3898 sextum
2986 3839 3189 3909 afferri.
3227 3836 3357 3901 Qute
3403 3845 3530 3884 sane

301 3961 708 4008 commonstrant
745 3954 810 4008 iis
844 3955 1070 4015 vocibus,
1103 3951 1368 4023 ἑρμηνεία
1388 3961 1436 4004 et
1464 3925 1640 4019 λόγος,
1670 3965 1786 4019 quae
1815 3945 2098 4000 Athanasii
2128 3939 2645 4012 interpretationibus
2687 3937 3117 4007 prtemittuntur,
3150 3931 3287 3984 idem
3321 3925 3528 3996 signifi-

302 4050 414 4102 cari
440 4064 587 4117 opus.

379 4115 580 4197 Horum
607 4144 782 4214 itaque
804 4143 1293 4198 commentariorum
1307 4143 1425 4213 jam
1453 4143 1747 4214 fragmenta
1773 4140 1972 4211 aliquot
2001 4153 2064 4192 es:
2093 4133 2469 4203 manuscriptis
2494 4139 2543 4186 et
2574 4129 2773 4184 catenis
2804 4125 2898 4180 sub
2921 4125 3076 4194 ﬁnem
3107 4115 3385 4206 Athanasii
3407 4128 3527 4214 ope-

305 4237 447 4292 ribus
473 4236 750 4302 edidimus,
781 4236 870 4292 sed
899 4235 1196 4306 plerumque
1223 4252 1409 4292 manca
1435 4245 1484 4290 et
1515 4235 1710 4289 lacera.
1742 4232 1874 4288 Cum
1902 4247 2057 4300 porro
2084 4229 2251 4284 multa
2277 4229 2453 4296 plura,
2484 4223 2814 4278 inobservata
2836 4216 3036 4288 pridem
3063 4229 3126 4268 ea:
3158 4205 3540 4306 manuscriptis.

306 4343 469 4396 nuper
491 4327 824 4391 accesserint,
849 4327 917 4379 ad
947 4327 1180 4380 nativum
1209 4327 1443 4382 ordinem
1474 4328 1652 4381 omnia
1686 4328 2034 4380 restituimus.
2063 4321 2357 4391 Fateorque
2388 4329 2562 4372 tamen
2592 4331 2692 4379 me,
2714 4313 2839 4383 quia
2870 4306 3173 4372 compendio
3206 4299 3415 4356 studere
3447 4311 3543 4348 so-

307 4418 462 4482 leam,
489 4417 799 4487 aliquandiu
822 4418 1052 4485 htrsisse,
1073 4435 1195 4472 num
1217 4419 1398 4474 isthtec
1425 4436 1597 4474 recens
1623 4429 1772 4475 eruta
1802 4430 2027 4483 tantum,
2053 4418 2420 4489 prattermissis
2448 4415 2568 4469 aliis
2583 4414 2700 4482 jam
2728 4409 2904 4468 editis,
2933 4402 3208 4471 seiunctim
3228 4396 3462 4459 ederem;
3485 4400 3533 4447 et

309 4513 547 4566 lectorem
569 4510 787 4566 subinde
813 4513 882 4565 ad
907 4512 1026 4582 jam
1062 4514 1204 4568 edita
1237 4516 1568 4570 remitterem.
1605 4517 1676 4569 At
1704 4529 1816 4570 tum
1849 4519 2142 4570 amicorum
2171 4531 2353 4578 suasu,
2383 4522 2492 4566 tum
2525 4518 2726 4579 meopte
2755 4500 2972 4560 consilio
3003 4513 3065 4550 ac
3103 4501 3257 4556 nutu.
3279 4490 3536 4558 imparm‘

312 4623 434 4660 num
478 4607 780 4678 scrupulum
831 4605 979 4676 abegi
1001 4623 1020 4670 ;
1062 4607 1167 4660 sive
1215 4607 1340 4678 quia
1367 4623 1468 4660 non
1492 4605 1622 4661 satis
1665 4617 1879 4661 cautum
1909 4606 2118 4661 lectoris
2149 4613 2253 4659 otio
2282 4603 2572 4664 videbatur,
2597 4602 2643 4655 si
2666 4603 2733 4652 ad
2760 4595 2906 4651 varia
2946 4588 3230 4646 identidem
3265 4588 3402 4642 ιοεας
3433 4595 3536 4634 ηοη

312 4697 450 4753 sitim
476 4698 632 4752 simul
661 4699 858 4760 omnia,
885 4699 1021 4752 inter
1053 4697 1320 4769 legendum
1344 4700 1761 4763 antandaretur;
1788 4701 1892 4754 sive
1919 4700 2212 4769 prtesertim
2249 4699 2371 4769 quia
2402 4711 2572 4766 pauca
2594 4693 2690 4746 illa
2706 4690 2821 4760 jam
2857 4683 3140 4755 publicata.
3166 4687 3222 4730 αι
3251 4675 3537 4744 Ρίανίηιίυη

313 4786 485 4849 init-io,
512 4788 678 4840 medio
698 4796 748 4840 et
774 4787 876 4856 fine
901 4787 1088 4840 mutila
1115 4795 1255 4850 sunt,
1281 4803 1341 4840 ac
1366 4787 1629 4841 interdum
1652 4787 1811 4858 duplo
1839 4791 2094 4857 triploque
2118 4787 2357 4840 auctiora
2379 4801 2443 4839 ea:
2469 4780 2843 4848 manuscriptis
2875 4775 3150 4844 prodeunt.

387 4875 526 4944 Quia
555 4891 670 4929 vero
697 4875 882 4940 solent,
911 4892 1028 4944 qua:
1055 4877 1338 4947 peregrinis
1371 4880 1428 4930 in
1475 4877 1601 4930 locis
1630 4855 1866 4940 exstant,
1893 4855 2221 4946 peregrinum
2252 4874 2406 4938 olere,
2450 4872 2674 4941 fatemur
2709 4884 2801 4921 nos
2843 4869 2906 4920 de
2941 4866 3233 4934 fragmento
3265 4872 3328 4910 ea:
3368 4855 3535 4906 Atha-

320 4973 456 5027 nasii
484 4973 856 5026 commentario
889 4971 1090 5036 avulso,
1125 4971 1198 5027 De
1229 4988 1422 5028 novem
1456 4971 1850 5028 insanabilibus
1885 4971 2093 5026 morbis
2121 4967 2369 5030 Herodis,
2399 4983 2460 5020 ac
2488 4969 2626 5019 inter
2655 4963 3042 5017 Athanasiana.
3073 4972 3171 5027 quo
3201 4953 3310 5022 fors
3346 4951 3539 5003 tulerat

321 5064 570 5133 conjecto,
611 5061 893 5132 aliquando
928 5062 1214 5117 dubitasse.
1231 5063 1419 5118 Verum
1446 5064 1552 5130 ubi,
1573 5063 1781 5132 proprio
1803 5064 1856 5116 in
1883 5061 1996 5114 loco
2029 5060 2277 5130 positum,
2303 5057 2534 5128 conferre
2565 5054 2712 5108 licuit
2747 5068 2866 5106 cum
2903 5049 3024 5103 aliis
3056 5041 3424 5133 in‘Matlneum

324 5156 779 5226 terpretationibus
801 5149 1034 5205 eamdem
1059 5152 1110 5205 in
1142 5168 1200 5205 eo
1230 5153 1388 5222 facile
1419 5127 1702 5206 Athanasii
1726 5167 1937 5205 manum
1967 5127 2292 5220 agnovimus.
2321 5127 2451 5211 Qua:
2481 5159 2636 5213 porro
2663 5142 2746 5194 hic
2787 5140 2849 5191 de
2887 5151 3062 5189 novem
3091 5127 3543 5226 Herodis-morbis

325 5220 531 5309 narrat,
569 5261 632 5301 ea:
658 5244 883 5315 Josepho
913 5244 982 5297 ad
1013 5220 1379 5313 verbumpene
1408 5253 1679 5298 mutuatus
1724 5253 1797 5298 est
1841 5241 2089 5312 :aliaque
2117 5242 2180 5294 de
2215 5239 2440 5292 Herodis
2485 5232 2753 5288 natalibus
2801 5228 3002 5283 erudite
3025 5242 3088 5278 ex
3113 5223 3290 5278 eodem
3316 5220 3542 5288 JOsepho

325 5351 373 5398 et
394 5358 457 5396 ea:
478 5340 728 5408 Africano
758 5336 1020 5391 edisserit.

399 5405 546 5484 Alius
577 5429 799 5498 fortasse
825 5426 1131 5481 suboriatur
1158 5423 1603 5493 scrupulus,quod
1635 5423 1702 5476 ad
1730 5421 2202 5493 interpretationem
2223 5417 2385 5483 illius,
2410 5438 2428 5471 ι
2452 5418 2606 5473 Beati
2627 5415 2818 5472 mundo
2835 5411 2988 5468 corde
3007 5411 3145 5477 δοιδδ,
3171 5428 3190 5461 ι
3225 5405 3545 5498 Athanasius

330 5523 464 5578 illud
489 5496 632 5588 Jobi,
656 5541 674 5574 ι
697 5520 863 5577 Nemo
887 5519 1109 5573 mundus
1140 5536 1171 5572 a
1205 5520 1376 5583 sorde,
1407 5518 1613 5573 etiamsi
1639 5519 1791 5575 unius
1815 5518 1917 5573 diei
1937 5517 2044 5572 vita
2066 5515 2179 5584 ejus
2205 5516 2274 5570 sit
2302 5530 2455 5586 super
2482 5523 2672 5568 terram
2689 5512 2756 5578 ⁸⁵,
2789 5530 2805 5562 ι
2830 5507 2891 5562 de
2909 5503 3148 5561 sordibus
3179 5499 3436 5570 corporeis
3462 5496 3548 5552 in-

405 5656 527 5699 ”o“
553 5655 743 5713 Matth.
769 5673 821 5723 γ,
851 5658 902 5713 8.
969 5657 1022 5690 ’⁸³
1050 5655 1151 5713 Job
1183 5672 1292 5723 xw,
1330 5657 1381 5712 4.
