3990 6208
505 341 646 400 1563
1370 348 1427 404 S.
1468 347 1842 413 ATHANASII
1876 349 2026 415 OPP.
2066 351 2250 413 PARS
2286 352 2377 411 ιιι.
2402 384 2485 415 ,ι-η-
2521 346 2927 412 ΕΧΕΟΕΤΙΕΑ.
3598 354 3739 411 1566

504 460 839 532 telligenaum
867 473 1078 537 pugnet,
1107 474 1353 537 urgetque
1377 473 1563 520 contra
1595 462 1964 522 hareticoru'm
1993 469 2341 538 quorumdam
2370 468 2468 542 (sic
2495 469 2607 540 ille)
2634 470 2948 540 opinionem,
2975 469 3261 540 infantium
3300 472 3494 527 animis
3531 477 3740 538 sordes,

501 555 608 608 sive
640 569 855 625 peccata
885 560 1072 615 inesse.
1115 555 1326 625 Verum,
1359 569 1415 613 ut
1448 560 1558 630 ipse
1583 576 1675 615 nec
1700 562 1918 615 obscure
1942 562 2339 631 interpretatur,
2365 564 2429 616 de
2456 562 2696 617 sordibus
2719 564 2824 617 sive
2846 564 3072 632 peccatis
3098 563 3414 627 actualibus,
3439 575 3495 618 ut
3524 573 3739 629 vocant,

499 647 698 716 agitur,
727 667 843 719 quin
865 651 1029 705 inesse
1056 653 1231 720 pueris
1263 668 1411 707 nemo
1446 669 1607 707 sanus
1642 653 1858 709 dixerit.
1885 652 2039 718 Quod
2071 653 2119 708 si
2158 655 2274 725 quis
2303 668 2539 725 reponat,
2582 673 2677 710 cur
2696 654 2818 709 Jobi
2850 656 3049 709 dictum
3092 656 3160 709 ad
3186 666 3452 726 peccatum
3478 656 3741 725 originale

498 756 602 794 non
626 745 817 814 referat
846 746 1193 814 Athanasius,
1217 747 1339 801 huic
1371 765 1622 819 regerant,
1652 749 2006 803 Athanasium
2044 758 2100 803 et-
2121 752 2169 803 si
2196 751 2289 821 qui
2314 752 2410 805 alii
2435 753 2610 822 omnia
2637 754 2799 807 locuti
2830 762 2968 814 sunt,
3002 768 3098 821 pro
3124 751 3363 804 sordibus
3395 752 3593 805 animae
3613 765 3743 819 pro-

498 835 649 900 priis,
680 836 870 891 delicta
898 838 1069 893 solum
1106 857 1139 893 a
1166 839 1392 909 quolibet
1428 839 1637 893 homine
1668 838 1902 893 admissa
1922 837 2201 903 habuisse;
2232 855 2393 909 neque
2425 850 2595 895 tamen
2628 843 2909 925 ignqrasse,
2945 855 3009 895 ea:
3037 838 3225 892 Adami
3260 838 3434 907 lapsu,
3464 840 3740 891 universos

496 925 611 992 ejus
635 938 885 993 posteros,
911 927 1141 983 debitum
1166 930 1347 984 mortis
1379 939 1485 982 tam
1508 930 1700 983 anima:
1727 945 1885 999 quam
1911 929 2146 997 corporis
2176 931 2521 985 contraxisse.
2570 930 2640 985 Et
2671 932 2805 985 alias
2832 949 2934 986 non
2966 935 3162 1003 integer
3183 930 3329 986 locus
3354 941 3452 994 est,
3486 930 3577 983 sed
3614 944 3738 981 mu-

496 1021 618 1075 tilus
641 1040 659 1077 :
687 1025 823 1092 quod
846 1026 893 1078 si
915 1035 1178 1080 exstarent
1205 1027 1401 1094 omnia,
1430 1025 1574 1079 haud
1599 1025 1755 1081 dubie
1774 1026 1910 1079 hanc
1940 1024 2217 1080 Athanasii
2248 1035 2470 1080 mentem
2495 1043 2605 1082 esse
2630 1044 2695 1082 ea:
2716 1028 2848 1083 serie
2870 1028 3386 1099 deprehenderemus.
3417 1025 3489 1079 De
3512 1024 3592 1077 his
3614 1020 3739 1091 plu-

495 1119 640 1173 ribus
667 1123 721 1175 in
742 1125 1074 1195 prmfatione.

570 1216 670 1272 Hic
691 1201 847 1289 porro
878 1224 1137 1292 prteclara
1174 1224 1342 1278 multa
1374 1234 1655 1279 occurrunt
1688 1236 1873 1279 contra
1901 1224 2074 1294 fatum
2106 1236 2154 1279 et
2183 1226 2577 1296 genethliacos;
2607 1227 2671 1282 de
2701 1227 3009 1283 abdicandis
3039 1224 3313 1295 episcopis,
3345 1216 3662 1291 presbyteris
3685 1219 3736 1267 dt

493 1307 732 1365 diaconis
759 1314 992 1383 improbe
1029 1333 1083 1371 se
1127 1320 1421 1388 gerentibus
1447 1337 1466 1375 .'
1496 1322 1558 1376 de
1584 1324 1957 1391 mysteriorum
1999 1319 2200 1375 Christi
2224 1324 2329 1377 sive
2359 1341 2526 1379 same
2551 1323 2903 1380 Eucharistiaz
2941 1322 3309 1378 distributione
3333 1316 3425 1385 pe'r
3447 1315 3736 1370 diaconum

494 1402 695 1470 agenda
717 1419 736 1458 :
756 1407 845 1475 qui
874 1407 1268 1479 intelligendum
1304 1413 1373 1466 sit
1413 1395 1588 1466 illud.‘
1613 1410 1951 1482 Blasphemia
1984 1411 2037 1465 in
2069 1410 2263 1467 Filium
2283 1414 2521 1471 hominis
2542 1416 2866 1484 remittetur,
2889 1416 2941 1470 in
2969 1416 3227 1489 Spiritum
3253 1426 3501 1470 sanctum
3531 1425 3730 1466 secus:

491 1506 675 1553 contra
702 1518 785 1554 cos
808 1503 903 1573 qui
930 1505 1110 1565 lunam
1140 1507 1274 1561 inter
1302 1509 1519 1562 numina
1546 1517 1943 1578 censerent,quo
1970 1508 2564 1567 tevumAthanasianum
2582 1512 2866 1581 indicatur,
2891 1515 3098 1585 quando
3125 1513 3492 1583 multiplicium
3514 1510 3732 1563 deorum

490 1603 638 1644 error
656 1593 826 1675 adhuc
853 1596 1053 1666 vigebat
1081 1598 1136 1652 in
1159 1598 1300 1655 orbe.
1332 1598 1401 1652 Et
1420 1600 1500 1654 his
1527 1600 1723 1653 similia
1751 1599 1873 1654 bene
1895 1598 2083 1652 multa.

562 1686 679 1751 Quo
707 1699 931 1760 tempore
962 1703 1137 1747 autem
1165 1694 1275 1749 han:
1302 1696 1677 1749 commentaria
1718 1693 1857 1748 edita
1896 1693 2115 1762 fuerint,
2141 1692 2350 1745 nonnisi
2372 1709 2436 1746 ea:
2467 1692 2579 1746 loco
2608 1695 2702 1747 illo
2727 1696 2982 1765 augurari
3010 1694 3129 1747 licet
3158 1691 3245 1745 ubi
3282 1698 3495 1745 sanctus
3533 1689 3733 1740 Doctor

489 1785 665 1853 arguit
703 1786 1091 1857 Apollinarium
1120 1790 1428 1860 impietatis.
1466 1789 1608 1844 Nam
1641 1790 1719 1843 uti
1767 1804 1831 1842 ex
1869 1787 2035 1857 ipsius
2069 1786 2347 1840 Athanasii
2374 1786 2428 1839 in
2470 1787 2667 1856 synodo
2712 1787 3053 1853 Antiochena,
3084 1803 3219 1841 anno
3248 1785 3370 1846 562,
3403 1778 3725 1844 testimonio,

488 1890 581 1928 nec
608 1894 711 1932 non
733 1895 797 1932 ea:
829 1878 1005 1934 Procli
1047 1881 1162 1935 loco
1199 1883 1253 1939 in
1290 1884 1487 1954 synodo
1517 1880 2103 1950 Constantinopolitano
2128 1876 2457 1947 exploratum
2488 1888 2605 1944 est;
2642 1879 2917 1948 postremis
2947 1880 3115 1933 solum
3152 1880 3273 1933 vita:
3299 1876 3454 1931 annis
3482 1875 3727 1927 Athana-

487 1970 599 2028 sius
623 1988 742 2031 cum
769 1973 1099 2042 Apollinario
1124 1978 1178 2033 in
1203 1988 1438 2043 apertum
1463 1976 1655 2043 bellum
1681 1976 1945 2046 prorupit,
1974 1988 2192 2045 eumque
2225 1981 2285 2025 ut
2313 1972 2718 2027 lueresiarcham
2746 1990 2838 2052 per
2868 1973 3132 2028 hominum
3167 1990 3261 2027 ora
3292 1971 3561 2026 traduxit.
3590 1966 3723 2020 For-

486 2071 627 2119 tasse
652 2067 754 2120 dici
775 2077 944 2136 posset
972 2072 1133 2125 etiam
1177 2071 1549 2138 Athanasium,
1579 2088 1696 2125 cum
1721 2073 1829 2125 haec
1870 2068 2249 2124 commentaria
2276 2068 2423 2139 prius
2465 2067 2734 2134 edidisset,
2760 2069 3054 2124 clausulam
3086 2067 3238 2123 illam
3259 2067 3314 2123 in
3336 2061 3725 2136 Apollinarium

484 2165 665 2222 postea
697 2159 1002 2243 adiunxisse
1024 2180 1045 2229 ;
1071 2181 1229 2235 quam
1253 2184 1361 2222 rem
1393 2184 1498 2222 non
1521 2167 1679 2223 semel
1699 2167 2008 2237 praestitisse
2032 2172 2275 2221 sanctum
2312 2163 2589 2234 Doctorem
2610 2165 2885 2221 docuimus
2914 2166 3075 2227 alias.

726 2430 832 2499 EX
881 2430 1388 2493 SERMONl-BUS
1432 2433 1617 2494 SIVE
1656 2432 2279 2497 COMMENTARIIS
2340 2434 2431 2496 ΙΝ
2480 2430 3012 2496 EVANGELIUM
3059 2423 3478 2491 MATTHEI.

2046 2624 2128 2652 —.

780 2740 947 2801 Liber.
959 2747 1308 2816 generationis
1336 2745 1471 2809 Iesu,
1497 2748 1719 2810 Christi.

2349 2749 2595 2817 ΙΒίσλος
2625 2746 2919 2819 γενέσεως
2954 2743 3156 2816 Ἰησοῦ
3187 2741 3468 2814 Χριστοῦ.

549 2830 618 2900 Et
652 2835 906 2895 sacerdos
951 2844 1007 2893 et
1032 2852 1133 2905 rex
1158 2838 1411 2901 Christus
1436 2851 1558 2900 erat
1589 2861 1606 2900 :
1635 2842 1899 2911 sacerdos
1915 2845 2044 2919 qui-

477 2925 623 2992 dem,
672 2935 732 2981 ut
779 2927 873 3001 qui
927 2943 987 2985 se
1015 2931 1276 2997 obtulerit
1326 2933 1560 2994 hostiam
1612 2951 1713 3008 pro
1756 2936 2044 3009 omnibus;

477 3032 571 3075 rex
600 3033 749 3084 vero,
776 3028 835 3074 ut
875 3021 977 3094 qui
1001 3022 1265 3082 adversus
1300 3038 1584 3099 peccatum
1612 3037 1667 3085 et
1701 3037 1934 3086 mortem
1960 3044 2048 3099 re-

477 3112 752 3185 gnayerit.

516 3276 519 3277 ν
846 3208 1215 3275 Geuerationes
1247 3212 1663 3283 quatuordecim.

547 3298 680 3371 Quae
706 3317 873 3363 causa
909 3314 993 3360 cst
1030 3320 1131 3361 cur
1158 3321 1283 3362 cum
1316 3307 1372 3361 in
1410 3306 1560 3362 hisce
1604 3306 2043 3377 generationibus

474 3390 761 3457 duodecim
791 3404 1000 3451 tantum
1032 3413 1281 3467 persona:
1313 3408 1685 3471 compareant.
1707 3402 2041 3469 quatuorde-

472 3483 580 3538 cim
628 3492 808 3547 tamen
847 3487 1226 3557 generationes
1267 3488 1614 3544 inveniantur
1642 3490 1727 3545 "?
1764 3488 1877 3551 Pro.
1918 3506 2043 3565 per-

472 3587 637 3644 sona,
686 3576 957 3644 arbitror,
999 3579 1339 3651 evangelista,
1368 3581 1903 3654 transmigrationem
1945 3598 2043 3655 po-

471 3666 583 3731 suit
602 3684 625 3735 ;,
653 3675 709 3722 et
742 3669 966 3739 proalia
998 3686 1255 3742 persona,
1283 3670 1582 3733 Christum.
1964 3662 1969 3667 ’

467 3775 753 3841 Athanasii
778 3779 1131 3857 Aleqandrini
1154 3780 1288 3857 liber
1306 3783 1781 3857 interpretationis
1796 3783 2039 3857 Evange-

889 3850 951 3904 lii
979 3851 1265 3905 secundum
1291 3850 1627 3910 Matthazum.

2217 2842 2292 2917 (4)
2334 2842 2448 2898 Καὶ
2487 2842 2668 2917 ἱερεὺς⁴
2702 2840 2796 2895 καὶ
2847 2837 3097 2910 βασιλεὺς
3140 2837 3170 2889 ὀ
3220 2833 3456 2908 Χριστὸς
3487 2833 3720 2904 ἐτύγχα-

2146 2952 2236 2991 νεν
2258 2953 2273 2968 ο
2311 2936 2491 3006 ἱερεὺς
2516 2934 2614 3006 μὲν
2646 2933 2722 2997 ὡς
2750 2930 2937 2986 ἑαυτὸν
2966 2926 3332 3002 προσαγαγὼν
3354 2926 3551 2981 θυσίαν
3579 2928 3720 3000 ὑπὲρ

2142 3027 2317 3103 ⁴ἡμῶν,
2348 3026 2594 3099 βασιλεὺς
2624 3025 2681 3079 δὲ
2705 3024 2780 3088 ὡς
2808 3021 2951 3079 κατὰ
2976 3022 3076 3103 τῆς
3113 3019 3384 3093 ἁμαρτίας
3410 3020 3510 3073 καὶ
3547 3017 3715 3073 θανα-

2140 3099 2234 3176 έόυ
2265 3117 2612 3193 βασιλεύσας.

2557 3207 2770 3264 Fer-sal
2819 3205 3260 3275 δεκατέσσαρες

2211 3304 2323 3358 Καὶ
2347 3300 2465 3367 πῶς
2488 3299 2722 3356 ἐνταῦθα
2750 3299 2843 3352 ἐπὶ
2876 3298 2984 3353 τῶν
3023 3297 3223 3366 γενεῶν
3246 3336 3262 3360 ,
3305 3294 3517 3348 δώδεκα
3547 3310 3716 3365 προα-

2141 3392 2303 3448 ὡπων
2343 3391 2631 3466 κειμένων,
2662 3388 3054 3460 δεκατέσσαρες
3100 3386 3283 3456 γενεαὶ
3318 3384 3660 3457 εὑρίσκονται
3692 3398 3713 3449 ς

2140 3481 2328 3556 Οἶμαι,
2352 3485 2433 3539 ὅτι
2456 3484 2549 3538 καὶ
2582 3482 2681 3554 τὴν
2713 3479 3054 3552 μετοικεσίαν
3082 3479 3250 3549 αὐτὴν
3271 3478 3391 3530 ἀντὶ
3416 3475 3716 3548 προσώπου

2139 3580 2168 3632 ὁ
2191 3575 2579 3647 εὐαγγελιστὴς
2603 3572 2813 3628 τέθεικε
2833 3584 2849 3602 ⁸
2889 3572 2982 3626 καὶ
3007 3572 3129 3625 ἀντὶ
3155 3570 3253 3641 τῆς
3289 3568 3491 3640 ἑτέρας
3516 3568 3576 3621 δὲ
3617 3567 3713 3620 τὸν

2139 3670 2393 3743 Χριστόν.

2140 3786 2215 3858 (5)
2261 3784 2613 3864 Ἀθανασίοιί
2659 3779 3215 3865 Ἁλεξᾳῖὸ.Λ,ρί6λσς
3247 3774 3357 3865 τῆς
3396 3773 3712 3849 ἐρμῃτξίας

2508 3854 2616 3908 τοῦ
2646 3852 2796 3906 κατὰ
2822 3852 3120 3906 Ματθαῑον
3139 3852 3320 3917 Ebur.

553 3938 789 3997 Vidimus
835 3943 975 3996 enim
1026 3944 1237 3998 stellam
1281 3944 1394 4009 eius
1440 3947 1497 4000 in
1526 3947 1724 4002 oriente
1748 3947 1815 4001 ".
1843 3946 1901 4002 Si
1939 3963 2038 4019 pro

2201 3947 2457 4017 Εῐὸομεν
2478 3947 2587 4017 τὰρ
2612 3942 2802 3998 αὑτοῦ
2833 3942 2940 3999 τὸν
2969 3940 3194 4009 ἀστέρα
3216 3939 3285 3992 ἐν
3315 3937 3392 4006 τῇ
3414 3933 3708 4003 ἀνατολῇ.

468 4032 699 4102 singulis
757 4033 1075 4090 hominibus
1124 4036 1278 4092 stella
1330 4037 1385 4091 in
1433 4038 1573 4094 caelo
1626 4047 1809 4105 esset,
1868 4055 2038 4110 quare

2159 4044 2203 4096 Ξί
2234 4042 2291 4095 δὲ
2323 4036 2391 4112 ἦν
2424 4039 2545 4093 καθ’
2576 4039 2804 4092 ἕκαστον
2837 4035 3119 4107 ἄνθρωπον
3141 4032 3313 4131 ἀστὴρ
3351 4029 3513 4131 ἐν.τῷ
3542 4029 3712 4131 οὐρα-

466 4101 627 4179 tertia
668 4125 756 4181 die
797 4128 996 4183 caelum
1032 4129 1259 4186 inﬁnitis
1287 4130 1702 4202 innumerisque
1740 4101 1914 4190 stellis
1942 4149 2035 4189 re-

2159 4130 2238 4202 νῷ,
2277 4101 2394 4194 sub;
2423 4132 2492 4201 τῇ
2531 4128 2689 4201 τρίτῃ
2721 4125 2903 4198 ἡμέρᾳ
2940 4101 2986 4178 τὸ
3027 4101 3570 4195 οὐρανὸςηκατέγεμε
3605 4118 3708 4173 τῶν

464 4211 669 4281 plctum
699 4223 783 4275 est
851 4232 975 4276 cum
1003 4227 1188 4274 tamen
1212 4217 1381 4278 Adam
1411 4227 1565 4274 sexta
1590 4219 1679 4275 die
1717 4220 2033 4276 elformatus

2159 4223 2383 4294 ιπείρων
2416 4221 2510 4273 καὶ
2552 4218 2936 4290 ἀναριθμήτων
2968 4215 3204 4287 ἄστρων,
3235 4212 3327 4272 τοῦ
3371 4211 3546 4283 Ἀδὰμ
3571 4210 3707 4265 πλα-

464 4304 571 4358 sit?
2139 4313 2353 4378 σθέντος
2381 4315 2447 4384 τῇ
2476 4318 2527 4377 ς’
2556 4309 2774 4383 ἡμέρῳ

1459 4426 1531 4482 Et
1563 4430 1852 4500 interjectis
1885 4434 2197 4503 quibusdam
2226 4447 2290 4486 ea:
2321 4428 2713 4499 Chrysostomo.

534 4536 688 4604 Quod
722 4546 902 4599 autem
937 4554 1110 4610 neque
1148 4539 1317 4602 fatum
1339 4584 1354 4608 ,
1395 4559 1571 4615 neque
1605 4547 1842 4616 genesis,
1872 4547 1925 4603 id
1948 4557 2034 4607 est

2208 4547 2329 4600 Ὅτι
2357 4543 2464 4616 γὰρ
2495 4542 2619 4597 οὔτε
2650 4540 2953 4613 εἱμαρμένη
2979 4580 2995 4604 ,
3021 4536 3146 4593 οὔτε
3174 4536 3404 4607 γένεσις,
3428 4536 3557 4591 οὔτε

462 4640 616 4686 ortus
642 4629 797 4697 hora,
837 4645 1013 4701 neque
1039 4648 1235 4691 cursus
1258 4645 1530 4692 astrorum
1555 4647 1745 4694 nostra
1771 4639 2029 4712 dirigant,

2159 4655 2241 4703 ιος
2263 4636 2505 4707 ἀστέρων
2533 4634 2603 4688 τὰ
2644 4632 2765 4687 καθ’
2809 4631 2956 4703 ἡμᾶς
2985 4630 3199 4694 διοικεῖ,
3236 4629 3485 4683 ἐντεῦθεν
3521 4630 3700 4709 δῆλον.

461 4718 544 4771 νει
573 4717 699 4773 hinc
728 4718 906 4788 palam
948 4730 1051 4775 est.
1077 4720 1213 4777 Nam
1249 4725 1292 4779 si
1327 4726 1452 4781 inde
1493 4728 1679 4786 omnia
1710 4738 1861 4799 gesta
1898 4746 2032 4802 pen-

2159 4730 2200 4784 Ξί
2228 4726 2338 4799 γὰρ
2370 4725 2579 4779 ἐκεῖθεν
2627 4725 2858 4797 ἤρτηται
2890 4719 2960 4774 τὰ
2989 4720 3248 4791 γινόμενα
3277 4719 3477 4781 πάντα,
3513 4719 3608 4774 καὶ
3644 4720 3703 4773 οὗ

457 4812 640 4878 deant,
672 4826 781 4872 non
810 4827 876 4867 cx
904 4812 1189 4877 hominum
1222 4817 1504 4879 voluntate
1534 4829 1588 4875 et
1612 4820 1898 4887 electione,
1931 4839 2032 4878 cur

2159 4822 2234 4893 τῆς
2277 4818 2644 4893 προαιρέσεως
2688 4816 2795 4869 τῶν
2828 4812 3148 4887 ἀνθρώπων,
3195 4813 3337 4876 τινος
3371 4812 3559 4874 ἕνεκεν
3608 4830 3705 4891 μα·

456 4904 589 4958 furti
629 4920 782 4963 reum
829 4906 1189 4963 domesticum
1229 4910 1527 4977 verberas?
1553 4913 1685 4983 quid
1720 4930 1901 4976 causae
1946 4925 2030 4972 est

2159 4916 2341 4984 πτιγοῖς
2365 4913 2456 4966 τὸν
2485 4910 2699 4979 οἰκέτην
2737 4907 3070 4977 κεκλοφότα;
3104 4905 3250 4969 τινος
3274 4905 3454 4959 ἕνεκεν
3492 4923 3705 4978 μοιχευ-

456 4996 602 5066 quod
632 4996 932 5053 adulteram
968 5014 1194 5055 uxorem
1224 5002 1289 5056 ad
1325 5003 1574 5059 tribunal
1610 5006 1834 5062 trahas?
1857 5024 2030 5078 quare

2163 5007 2312 5059 εἷσαν
2360 5003 2459 5074 τὴν
2496 5003 2730 5070 γυναῖκα
2771 5001 2852 5064 εἰς
2914 4998 3261 5069 δικαστήριον
3302 4997 3524 5062 ﬂuere;
3563 4999 3702 5060 τίνος

454 5087 522 5139 de
565 5087 832 5157 improbis
882 5088 1043 5146 factis
1096 5090 1305 5161 pudore
1360 5094 1727 5160 suﬂfunderis?
1768 5100 1897 5170 quid
1948 5110 2034 5157 est.

2159 5112 2312 5150 νεκεν
2349 5092 2581 5165 αἰσχύνῃ
2612 5090 2824 5163 πονηρὰ
2860 5090 3153 5161 arpi-rth;
3194 5088 3337 5152 τίνος
3363 5089 3554 5142 ἕνεκεν
3586 5088 3703 5143 οὐδὲ

454 5180 602 5248 quod
641 5181 1038 5241 contumeliosa
1070 5183 1232 5238 verba
1273 5200 1379 5239 non
1425 5185 1602 5255 feras;
1634 5189 1728 5244 sed
1756 5191 1802 5246 si
1828 5193 1950 5263 quis
1979 5201 2032 5249 te

2160 5188 2195 5242 ὰ
2230 5189 2450 5260 ῥήματα
2482 5186 2667 5256 φέρεις
2699 5182 3099 5254 ὀνειδιζόμενα·
3135 5180 3248 5234 ἀλλ’
3278 5181 3370 5236 ὲὰν
3397 5182 3484 5244 τίς
3515 5199 3574 5234 σε
3603 5198 3702 5234 κα-

455 5271 730 5325 moechum
760 5281 854 5326 aut
881 5271 1293 5334 fornicatorem.
1324 5283 1421 5329 aut
1443 5275 1743 5343 ebriosum,
1776 5288 1869 5334 aut
1898 5280 2029 5350 quid

2160 5272 2256 5346 έσῃ
2289 5274 2493 5346 μοιχὸν,
2524 5275 2557 5344 ἢ
2594 5274 2811 5347 πόρνον,
2872 5273 2905 5344 ἢ
2962 5272 3214 5345 μέθυσον,
3249 5273 3281 5343 ἢ
3337 5289 3393 5324 τι
3433 5272 3699 5339 τοιοῦτον,

455 5361 633 5418 simile
661 5363 913 5435 appellet,
942 5365 996 5419 id
1023 5366 1408 5422 contumeliam
1431 5384 1595 5424 vocas
1613 5370 1636 5423 ?
1654 5368 1792 5435 Nam.
1823 5372 1868 5428 si
1902 5388 2027 5443 pec-

2165 5364 2285 5436 6ριν
2310 5366 2370 5419 τὸ
2404 5368 2638 5439 πρᾶγμα
2668 5368 2877 5430 καλεῖς
2912 5366 2976 5430 Εἰ
3009 5364 3116 5435 γὰρ
3149 5364 3225 5436 μὴ
3262 5365 3360 5435 τῆς
3413 5363 3517 5433 σῆς
3563 5363 3699 5433 γνὼ-

455 5463 636 5509 catum
665 5472 777 5512 non
803 5472 872 5512 ex
900 5459 1168 5517 sententia
1197 5459 1438 5529 prodiret
1473 5468 1583 5527 tua,
1616 5477 1789 5541 neque
1816 5464 2025 5528 crimen

2159 5475 2243 5530 ιης
2273 5457 2332 5511 τὸ
2367 5459 2724 5530 ἁμαρτάνειν,
2749 5458 2871 5528 οὔτε
2895 5458 3144 5529 ἔγκλημα
3165 5458 3226 5511 τὸ
3250 5457 3552 5528 γινόμενον,
3575 5456 3699 5512 οὔτε

523 5570 571 5602 ⁸⁸
603 5572 791 5630 Matth.
820 5593 858 5642 ι,
892 5576 975 5631 l7.
1065 5577 1110 5609 ⁸⁷
1136 5575 1327 5632 Matth.
1365 5594 1426 5646 tt,
1451 5577 1504 5632 2.

524 5685 772 5766 μχειιῃ.
803 5690 1026 5766 Athan"
1061 5710 1111 5766 p.
1147 5694 1302 5761 1006,
1334 5712 1398 5751 ex
1426 5706 1662 5753 catenati
1689 5696 1746 5752 P.
1788 5697 2019 5754 Possino

524 5695 601 5753 (4)
633 5695 772 5742 Edit.
803 5695 1026 5757 Albam,
1061 5710 1111 5766 p.
1147 5695 1302 5761 1006,
1334 5712 1398 5751 ex
1426 5706 1662 5753 catenae
1689 5696 1746 5752 P.
1788 5697 2019 5754 Possino

451 5753 591 5816 edita
614 5756 666 5813 in
696 5756 1023 5816 Matllucum.

2201 5702 2273 5771 (ὃ)
2309 5701 2379 5756 Ex
2411 5701 2592 5758 codice
2623 5701 2790 5772 Regio
2818 5701 2974 5768 i995,
3003 5716 3034 5756 ι
3057 5697 3235 5757 seculi
3258 5695 3379 5763 ιυι..
3406 5696 3497 5757 42.
