3990 6208
333 337 360 390 1
374 337 477 393 565

1451 334 1888 395 FRAGMENTA
1926 333 1989 390 IN
2034 331 2482 390 MATIHEUM.

3445 325 3581 382 1566

328 454 494 525 ὓόρις
524 455 583 507 τὸ
611 454 920 528 λεγόμενον.
950 454 1063 508 Νῦν
1094 452 1151 507 δὲ
1187 455 1280 509 καὶ
1316 453 1382 508 δι’
1407 447 1481 509 ὧν
1512 458 1624 522 τοῖς
1656 452 1910 528 ἁμαρτά-

2018 452 2068 508 id
2106 456 2312 524 egisse,
2368 466 2544 523 neque
2594 446 2926 507 contumelia
2974 453 3121 503 esset
3178 444 3232 500 id
3280 444 3579 515 pradicari.

330 564 517 601 νουσιν
544 549 604 600 οὐ
633 546 1041 617 συγγινώσκεις,
1069 547 1162 601 καὶ
1192 546 1259 600 δι’
1290 539 1364 601 ὧν
1386 548 1546 612 αὐτὸς
1574 549 1814 619 αἰσχύνῃ
1844 545 1914 600 τά

335 632 483 687 κακά
513 633 787 705 πράττων,
827 633 921 686 καὶ
960 631 1241 687 λανθάνειν
1302 632 1643 699 σπουδάζεις,
1702 631 1802 691 καὶ
1848 630 1914 684 δι’

335 715 412 775 ὧν
436 724 560 786 τοὺς
588 721 762 777 ταῦτά
795 739 877 776 σοι
909 722 1319 794 προσφέροντας
1349 721 1612 795 ὑϐριστὰς
1645 720 1913 793 νομίζειςο

334 810 423 867 διὰ
446 813 660 868 πάντων
685 813 984 885 ὁμολογεῖς,
1002 815 1085 868 ὅτι
1109 815 1209 869 οὐκ
1224 815 1435 887 ἀνάγκῃ
1461 815 1667 868 δέδεται
1691 820 1761 868 τά
1780 814 1917 883 ᾑμέ-

250 895 259 907 ’
331 919 488 973 τερα,
541 904 675 958 ἀλλὰ
725 904 1095 976 προαιρέσεως
1135 904 1417 978 ἐλευθερίᾳ
1443 904 1751 976 τετίμηται.
1786 905 1916 967 Ἶόῖς

332 994 462 1064 γοῦν
494 996 708 1071 ἀνάγκῃ
766 997 1138 1069 συνεχομένοις
1191 997 1584 1068 συγγινώσκειν
1644 996 1869 1068 οἴδαμεν
1897 1013 1911 1027 ·

333 1085 436 1141 κᾶν
468 1088 571 1141 ὑπὸ
608 1088 857 1160 δαίμονός
898 1106 1043 1154 τινος
1086 1088 1413 1162 ὀχλούμενός
1451 1107 1536 1153 τις
1576 1089 1668 1142 τὸν
1711 1087 1917 1161 χιτῶνα

333 1177 599 1250 διαῤῥήξῃ
627 1179 717 1233 τὸν
744 1180 1034 1253 ἡμέτερον,
1063 1181 1096 1253 ἢ
1126 1181 1341 1252 πληγὰς
1373 1179 1665 1251 ἐπενέγκῃ,
1700 1181 1759 1233 οὐ
1809 1180 1908 1255 μό-

333 1287 424 1323 νον
454 1287 553 1323 ουκ
580 1271 931 1343 ὀνειδίζομεν,
961 1273 1097 1329 ἀλλά
1129 1274 1226 1328 καὶ
1275 1273 1534 1345 ἐλεοῦμεν
1578 1272 1673 1327 καὶ
1716 1289 1913 1341 συγςγι-

333 1359 630 1431 νώσκομεν.
679 1363 742 1415 Τί
786 1363 1023 1435 δήποτε;
1081 1365 1161 1419 ὅτι
1214 1365 1335 1436 οὐχὶ
1389 1364 1490 1433 τῆς
1539 1363 1912 1435 προαιρέσεως

333 1445 638 1519 ἐλευθερία,
670 1448 784 1503 ἀλλ’
811 1451 844 1519 ἡ
873 1450 965 1505 τοῦ
994 1451 1245 1524 δαίμονος
1274 1453 1367 1524 βία
1394 1452 1689 1525 εἰργάσατο
1714 1452 1909 1507 ταῦτα.

335 1539 519 1607 Ὥστε,
548 1544 597 1596 εἰ
624 1543 718 1597 καὶ
740 1542 810 1596 τὰ
842 1543 978 1598 ἄλλα
1002 1546 1374 1617 ἁμαρτήματα
1400 1546 1509 1599 ἀπὸ
1531 1546 1629 1617 τῆς
1668 1546 1913 1615 ἀνάγκης

2018 544 2175 600 Nunc
2222 558 2387 616 porro
2433 557 2558 598 cum
2608 538 2964 611 peccantibus
3011 553 3122 593 non
3155 534 3426 608 ignoscas,
3460 551 3591 590 eum

2018 639 2263 708 improba
2299 636 2533 708 gerendo
2555 643 2605 689 te
2632 634 2849 705 pudeat,
2869 646 2992 687 cum
3016 630 3183 685 latere
3205 628 3583 693 studeas,cum

2016 745 2112 786 eos
2140 731 2233 799 qui
2269 729 2394 784 talia
2443 727 2542 782 tibi
2583 725 2869 796 proferunt
2917 738 3012 791 pro
3043 717 3453 776 contumeliosis
3484 716 3585 769 lia--

2018 818 2178 884 beas;
2216 834 2347 875 sane
2374 816 2562 872 fateris
2588 831 2652 872 ex
2684 814 2770 869 bis
2802 812 3079 877 omnibus,
3120 811 3234 864 ha'c
3263 815 3450 861 nostra
3475 822 3598 860 nou

2018 910 2341 966 necessitate
2379 910 2613 978 quadam
2662 903 2928 976 colligari,
2963 901 3057 958 sed
3091 899 3384 956 voluntatis
3417 898 3594 952 libero

2017 1011 2127 1058 tate
2156 1002 2422 1056 honorata
2450 1016 2590 1055 esse.
2624 997 2695 1053 lis
2724 1011 2855 1053 sane
2884 995 2978 1065 qui
3032 992 3355 1048 necessitate
3396 999 3585 1045 teneno

2016 1104 2125 1160 tur,
2161 1094 2445 1164 ignoscere
2477 1092 2720 1147 solemus
2740 1104 2832 1144 :ae
2852 1091 2899 1145 si
2924 1088 3066 1159 quis,
3097 1084 3450 1155 compelleute
3474 1081 3583 1136 dae-

2015 1188 2222 1253 monio,
2258 1186 2499 1241 tunicam
2540 1182 2811 1238 discindat
2854 1192 3115 1247 nostram,
3177 1186 3268 1232 aut
3290 1176 3474 1246 plagas
3502 1174 3586 1227 in-

2016 1278 2174 1343 ferat,
2210 1293 2322 1334 non
2364 1277 2541 1333 solum
2579 1276 2657 1329 illi
2693 1290 2800 1330 non
2853 1271 3269 1343 exprobramus,
3291 1267 3385 1322 sed
3422 1264 3588 1319 mise-

2016 1370 2251 1426 ricordia
2286 1368 2420 1423 moti
2461 1367 2797 1438 ignoscimus
2826 1364 2949 1435 ipsi.
2979 1364 3091 1417 (Zur
3136 1361 3279 1416 hoc?
3318 1357 3445 1430 quia
3476 1372 3587 1411 non

2013 1474 2079 1513 ex
2134 1456 2434 1511 voluntatis
2493 1454 2737 1519 arbitrio,
2775 1452 2869 1508 sed
2927 1451 3193 1506 daemonis
3247 1449 3483 1520 impulsu
3531 1446 3587 1500 id

2016 1551 2143 1621 egit.
2170 1550 2362 1619 Itaque
2387 1548 2435 1603 si
2466 1549 2571 1602 alia
2600 1561 2819 1618 quoque
2847 1554 3069 1615 peccata
3100 1560 3163 1600 ex
3196 1542 3522 1598 necessitate
3553 1553 3587 1593 ιι

330 1632 434 1703 τῆς
489 1633 631 1688 κατὰ
695 1634 792 1707 τὴν
830 1636 1168 1709 εἱμαρμένην
1219 1639 1458 1707 ἐγίνοντο
1486 1680 1501 1705 ,
1566 1637 1910 1709 συνέγνωμεν

2018 1642 2125 1697 fato
2180 1641 2401 1697 inducta
2451 1640 2890 1705 admitterentur,
2923 1637 3144 1693 veniam
3194 1637 3450 1692 daremus
3485 1634 3592 1690 uti.

331 1726 397 1779 ἄν
416 1743 430 1757 ο
465 1726 650 1797 ἐπειδὴ
683 1727 741 1781 δὲ
764 1729 945 1799 ἴσμεν,
963 1729 1045 1782 ὅτι
1069 1729 1169 1782 οὐκ
1194 1728 1339 1784 ἔστιν
1368 1729 1632 1802 ἀνάγκης,
1647 1729 1734 1784 διὰ
1751 1728 1910 1783 τοῦτο

2018 1750 2119 1804 que
2153 1752 2166 1788 :
2203 1734 2330 1806 quia
2368 1748 2499 1787 vero
2529 1732 2734 1788 scimus
2763 1747 2826 1787 ea
2853 1747 2962 1787 non
3002 1746 3070 1786 ex
3100 1729 3423 1786 necessitate
3456 1742 3588 1797 pro-

330 1816 393 1869 οὺ
441 1817 910 1890 συγγινώσκομεν,
941 1818 1066 1874 οὔτε
1090 1820 1348 1876 δεσπόται
1373 1822 1634 1888 οἰκέταις,
1655 1821 1780 1876 οὔτε
1809 1821 1905 1876 ἇν-

2018 1826 2224 1890 vcnire;
2249 1825 2369 1879 ideo
2397 1839 2505 1878 non
2532 1826 2836 1895 parcimus,
2871 1839 2979 1879 non
3006 1822 3214 1878 domini
3242 1820 3584 1887 domesticis,

329 1906 456 1977 δρες
488 1908 751 1976 γυναιξὶν,
773 1908 905 1964 οὔτε
934 1913 1189 1981 γυναῖκες
1207 1912 1486 1984 ἀνδράσιν,
1507 1912 1630 1967 οὔτε
1653 1912 1906 1968 διδάσκα-

2018 1933 2123 1973 non
2157 1918 2258 1971 viri
2290 1918 2580 1982 uxoribus,
2613 1933 2722 1972 non
2756 1932 2956 1973 uxores
2992 1916 3148 1983 viris,
3189 1931 3298 1971 non
3338 1912 3588 1983 magistri
3616 1964 3629 1979 ,

331 1995 416 2050 λοι
439 1996 728 2069 μαθηταῖς,
743 1998 866 2053 οὔτε
900 2000 1136 2073 πατέρες
1160 2003 1369 2069 παισὶν,
1388 2001 1513 2056 οὔτε
1537 2002 1794 2073 ἄρχοντες
1811 2004 1908 2074 ἀρ-

2018 2008 2318 2079 discipulis,
2351 2022 2459 2063 non
2490 2016 2675 2079 patres
2702 2007 2848 2075 ﬁliis,
2884 2022 2995 2062 non
3020 2006 3298 2077 principes
3320 2005 3586 2070 subditis;

330 2088 598 2158 χομένοις·
632 2089 767 2143 ἀλλὰ
799 2092 986 2163 πικροὶ
1019 2093 1128 2147 τῶν
1156 2093 1576 2166 τετολμημένων
1623 2094 1907 2159 ἐξετασταὶ

332 2179 429 2231 καὶ
460 2180 693 2251 τιμωροὶ
722 2181 1005 2254 γινόμεθα,
1048 2187 1143 2239 καὶ
1179 2185 1505 2258 δικαστήρια
1547 2186 1906 2259 καταλαμϐά-

330 2286 515 2341 νομεν,
529 2274 623 2326 καὶ
636 2273 869 2346 πληγαῖς
886 2276 1281 2348 ὑποϐάλλομεν,
1296 2278 1391 2332 καὶ
1402 2280 1546 2332 ὲπιτι
1553 2279 1625 2350 μή
1634 2295 1749 2332 σεσι
1766 2278 1908 2352 χρώ-

333 2364 473 2434 μεθα
501 2404 516 2430 ,
572 2366 664 2418 καὶ
717 2365 896 2421 πάντα
946 2368 1260 2442 πράττομεν
1314 2369 1463 2434 ὅπως
1508 2369 1907 2442 ἀπαλλάξωμεν

330 2456 530 2520 αὐτοὺς
556 2458 667 2512 τῶν
695 2459 902 2515 κακῶν.

401 2547 477 2619 (ti)
506 2548 599 2616 Τὸ,
633 2550 1403 2627 Ἠλθομεηπροσκυνῆσαι
1436 2553 1597 2621 αὐτῷ
1619 2594 1635 2619 ,
1675 2557 1905 2627 σημεῖον

328 2639 429 2711 τῆς
460 2641 568 2694 τῶν
601 2642 790 2711 μάγων
813 2645 1112 2709 ἐπιεικείας
1138 2646 1233 2700 καὶ
1255 2646 1509 2709 πίστεως.
1529 2648 1591 2701 Οί
1608 2647 1718 2721 γὰρ
1730 2648 1921 2727 τοιοῦο.

329 2745 420 2783 τον
462 2730 737 2804 διάστημα
778 2735 1128 2801 διανύσαντες
1159 2736 1247 2791 διὰ
1285 2738 1348 2791 τὸ
1394 2740 1771 2812 προσκυνῆσαι
1814 2740 1906 2797 τὸν

330 2818 586 2893 Χριστὸν,
618 2823 671 2877 τί
697 2825 797 2879 οὐκ
828 2825 894 2879 ἂν
922 2825 1208 2897 ἐποίησαν,
1241 2828 1290 2880 εί
1316 2829 1375 2883 ὲν
1404 2830 1472 2901 τῇ
1503 2829 1728 2884 ἐκείνων
1751 2829 1907 2904 χώρᾳ

331 2912 393 2965 τὸ
424 2914 662 2969 τοιοῦτον
692 2919 987 2990 μυστήριον
1014 2917 1311 2991 γεγένητο;
1358 2920 1700 2977 Ἀποδεκτέοι
1730 2919 1824 2977 οὖν
1855 2923 1906 2977 οι

331 3002 524 3075 ἄνδρες
555 3006 653 3076 τῆς
677 3006 932 3072 πίστεως,
964 3010 1059 3063 καὶ
1086 3009 1393 3065 ὲπαινετέοι
1416 3012 1515 3084 τῆς
1535 3012 1739 3087 ἀρετῆς
1761 3013 1906 3070 κατὰ

332 3094 509 3150 πάντα
542 3098 760 3168 τρόπον.

483 3207 829 3266 Ἀθανασίου
873 3211 1318 3284 Ἀλεξανδρείας
1344 3212 1414 3268 ἐκ
1452 3211 1567 3284 τῆς
1609 3213 1769 3272 κατὰ

781 3282 1081 3337 Ματθαῖον
1108 3283 1447 3353 ἑρμηνείας.

505 3392 643 3463 Περὶ
677 3392 785 3449 τῶν
814 3394 973 3449 ἐννέα
1017 3395 1252 3450 ἀνιάτων
1285 3396 1478 3455 παθῶν
1504 3398 1606 3471 τῆς
1636 3397 1732 3455 τοῦ

845 3485 1085 3558 Ἡρώδου
1120 3488 1400 3564 τελευτῆς.

2012 2103 2108 2160 sed
2164 2103 2347 2159 acerbi
2398 2102 2707 2159 facinorum
2746 2102 3122 2173 inquisitores,
3161 2108 3216 2157 et
3262 2100 3466 2156 ultores
3493 2113 3591 2154 su-

2009 2211 2171 2261 mus;
2207 2194 2503 2250 tribunalia
2543 2196 2780 2258 adimus,
2811 2194 2988 2266 plagis
3021 2191 3369 2264 subiicimus,
3399 2199 3456 2247 et
3494 2206 3592 2247 ca-

2008 2286 2307 2358 stigatione
2335 2288 2543 2341 utimur
2575 2304 2591 2341 :
2617 2287 2863 2357 nihilque
2888 2301 2995 2342 non
3035 2285 3249 2355 agimus
3285 2293 3399 2339 uta
3426 2283 3590 2338 malis

2007 2392 2113 2435 nos
2135 2372 2460 2449 eripiamus.
3544 2372 3549 2379 ’

2086 2551 2250 2618 illud,
2290 2550 2537 2606 Venimus
2569 2550 2795 2605 adorare
2807 2541 2979 2617 "eum,
3001 2563 3283 2620 magorum
3307 2534 3591 2618 probitatis

2007 2654 2176 2716 atque
2221 2642 2347 2698 ﬁdei
2396 2642 2611 2714 signum
2645 2650 2747 2697 est.
2782 2640 2888 2709 Qui
2939 2642 3085 2697 enim
3136 2649 3347 2696 tantum
3383 2638 3593 2693 itinerit

2007 2736 2354 2793 intervallum
2403 2733 2610 2791 Christi
2647 2734 2916 2790 adorandi
2974 2734 3152 2807 gratia
3202 2732 3581 2801 confecerunt,

2006 2829 2141 2899 quid
2175 2844 2288 2885 non
2343 2826 2544 2883 facturi
2581 2837 2739 2883 erant
2783 2828 2831 2884 si
2870 2829 2922 2882 in
2971 2844 3070 2884 sua
3123 2826 3344 2898 regione
3376 2835 3589 2897 tantum

2006 2918 2328 2991 mysterium
2374 2917 2581 2973 editum
2630 2916 2876 2974 fuisset?
2925 2915 3356 2972 Commendandi
3406 2915 3593 2983 itaque

2004 3010 2108 3065 viri
2138 3008 2462 3080 hujusmodi
2488 3016 2615 3065 sunt
2641 3017 2861 3079 propter
2891 3007 3051 3063 ﬁdem
3071 3023 3251 3075 suam,
3286 3017 3449 3077 atque
3474 3019 3592 3060 om-

2007 3099 2141 3155 nino
2170 3098 2395 3155 virtutis
2422 3114 2535 3155 sua:
2565 3115 2732 3156 causa
2766 3098 3041 3154 laudandi.

1932 3202 1975 3261 α
2064 3212 2355 3269 Athanasii
2376 3212 2727 3267 Alexandrini
2761 3225 2825 3266 ea:
2848 3212 3281 3282 interpretatione
3307 3210 3362 3264 in
3395 3207 3537 3263 Mat-

2709 3281 2922 3337 tha’um.

2043 3396 2124 3456 De
2157 3412 2352 3456 novem
2387 3397 2788 3454 insanabilibus
2817 3398 3048 3464 morbis,
3078 3398 3281 3471 quibus
3312 3396 3558 3455 Herodes

2560 3493 2792 3558 afﬂictus
2814 3491 3041 3551 interiit.

1566 3694 1729 3758 (Vide
1762 3702 1891 3753 tam.
1927 3693 2015 3765 11,
2039 3697 2146 3755 col.
2178 3697 2366 3771 i251.)

561 3861 637 3932 (7)
678 3861 958 3931 Ἐγερθεὶς
982 3861 1291 3931 παράλαϐε
1316 3862 1383 3916 τὸ
1408 3862 1669 3918 παιδίον.

403 3945 570 4017 Οὗτος
623 3954 653 4006 ὁ
706 3953 861 4023 λόγος
916 3954 1133 4026 ἔλεγχός
1180 3956 1327 4009 ἐστιν
1372 3942 1607 4029 άκριϐἧς
1668 3956 1769 4029 τῆς
1815 3953 1911 4011 τοῦ

344 4046 745 4119 ’Λπολλιναρίου
791 4047 1079 4119 ἀθεότητος
1100 4090 1116 4115 ,
1174 4049 1417 4114 εἰπόντος
1484 4049 1559 4123 μὴ
1583 4048 1768 4103 λαϐεῖν
1822 4049 1914 4127 τὸν

333 4137 564 4209 Χριστὸν
595 4138 767 4211 ψυχὴν
787 4139 982 4212 νοεράν
1001 4183 1017 4208 ,
1043 4140 1154 4194 ἀλλ’
1179 4135 1320 4195 εἶναι
1366 4141 1529 4214 σῶμα
1578 4140 1739 4213 μόνον
1785 4140 1915 4195 ἄνευ

332 4231 509 4303 ψυχῆς
529 4232 619 4286 καὶ
653 4231 833 4301 λόγου.
1132 4232 1136 4238 ’

405 4324 479 4393 (8)
497 4327 564 4379 'H
595 4325 663 4378 δὲ
685 4325 869 4396 τροφὴ
901 4323 982 4398 ἦν
997 4326 1351 4397 ἀκρίδες-καὶ
1377 4326 1517 4398 μέλι
1550 4328 1908 4399 ἆγριον.¹’οτι

2396 3860 2629 3934 Surgens
2652 3862 2829 3934 accipe
2858 3875 3080 3931 puerum
3109 3860 3171 3917 ⁵⁸.

2080 3955 2207 4012 Haec
2250 3956 2511 4027 loquendi
2549 3956 2693 4013 ratio
2744 3956 2915 4027 probe
2960 3954 3141 4026 arguit
3189 3951 3592 4024 Apollinarium

2011 4049 2314 4120 impietatis
2347 4065 2361 4102 :
2391 4050 2488 4120 qui
2520 4048 2680 4115 dixit,
2707 4047 2989 4104 Christum
3030 4062 3139 4102 non
3171 4044 3450 4115 accepisse
3468 4043 3592 4099 ani--

2013 4156 2159 4197 mam
2202 4140 2542 4212 intelligendi
2590 4139 2646 4198 vi
2695 4139 3016 4210 praeditam;
3045 4137 3141 4194 sed
3185 4136 3363 4192 solum
3391 4151 3593 4205 corpus

2017 4233 2139 4290 sine
2165 4234 2346 4288 anima
2386 4243 2438 4288 et
2464 4232 2680 4287 ratione
2708 4230 3009 4287 exstitisse.

2087 4326 2249 4381 Cibus
2275 4336 2452 4379 autem
2478 4324 2592 4395 ejus
2614 4332 2769 4377 erant
2805 4320 3030 4383 acrides,
3055 4327 3106 4374 et
3131 4317 3232 4373 mel
3267 4316 3501 4373 silvestre
3521 4316 3589 4372 ”.

333 4413 391 4467 δὲ
417 4415 510 4469 καὶ
543 4418 575 4486 ὴ
609 4414 804 4488 βοτάνη
834 4416 920 4482 τίς
956 4418 1102 4471 ἐστιν
1148 4418 1313 4489 άκρὶς
1348 4418 1614 4491 λεγομένη
1641 4461 1656 4485 ,
1686 4421 1716 4473 ὁ
1743 4420 1902 4474 Σολο-

2018 4419 2166 4487 Quod
2217 4417 2397 4473 herbae
2437 4432 2612 4488 genus
2657 4414 2934 4487 quoddam
2966 4414 3039 4469 sit
3085 4412 3224 4467 acris
3263 4411 3507 4477 dictum,
3537 4409 3595 4465 id

339 4505 452 4575 μὼν
487 4507 635 4577 ἡμᾶς
665 4506 905 4562 διδάσκει
947 4507 1122 4577 λέγων
1143 4524 1156 4538 ’
1220 4507 1490 4577 Ἀνθήσει
1540 4509 1609 4565 τὸ
1640 4510 1904 4580 ἀμύγδα-

333 4603 466 4663 λον,
501 4600 601 4655 καὶ
633 4601 1087 4672 παχυνθήσεται
1119 4602 1158 4671 ἡ
1190 4602 1385 4670 ἀκρίς.
1450 4602 1587 4657 Ἀλλ’
1632 4604 1755 4658 οὐδὲ
1799 4604 1907 4658 πόα

333 4693 416 4756 τίς
437 4695 549 4746 ἐστι
576 4693 636 4747 τὸ
664 4695 783 4765 μέλι
819 4694 1031 4766 ἄγριον,
1066 4693 1203 4749 ἀλλά
1230 4695 1351 4767 μέλι
1379 4694 1548 4761 ὅντως
1573 4695 1784 4768 ἄγριον,
1818 4713 1911 4751 πι-

334 4785 593 4855 κρότατον
620 4784 701 4849 ὂν,
731 4788 825 4840 καὶ
846 4786 994 4858 πάσῃ
1030 4785 1217 4854 γεύσει
1242 4785 1518 4859 πολέμιον.

406 4874 500 4937 Τὸ,
532 4873 725 4938 Αὐτὸς
750 4873 904 4944 ὑμᾶς
947 4877 1235 4940 βαπτίσει
1267 4878 1337 4930 ἐν
1381 4878 1677 4946 Πνεύματι
1720 4878 1866 4948 ἁγίῳ
1890 4919 1906 4944 ,

334 4964 491 5019 τοῦτο
518 4962 686 5036 δηλοῖ.
718 4965 801 5019 ὅτι
827 4965 1080 5039 καθαριεῖ
1106 4970 1252 5040 ὑμᾶς
1271 4986 1284 4998 ·
1318 4968 1408 5023 διὰ
1438 4968 1498 5022 τὸ
1534 4968 1607 5039 μὴ
1653 4968 1913 5022 δύνασθαι

334 5057 399 5110 τὸ
442 5056 535 5111 τοῦ
577 5057 821 5110 Ἰωάννου
850 5056 1131 5132 βάπτισμα
1173 5061 1332 5117 τοῦτο
1363 5061 1609 5133 ποιῆσαι,
1664 5060 1802 5115 ἀλλὰ
1852 5062 1914 5116 τὸ

336 5148 430 5203 τοῦ
489 5148 760 5221 Χριστοῦ,
818 5150 877 5214 ὃς
926 5152 1020 5204 καὶ
1071 5153 1289 5222 ἀφιέναι
1343 5152 1621 5228 ἁμαρτίας
1664 5153 1914 5221 ἐξουσίαν

339 5239 470 5312 εχει.

2013 4527 2116 4568 nos
2144 4510 2405 4566 Salomon
2439 4510 2629 4565 edocet
2684 4508 2774 4563 his
2819 4506 3041 4562 verbis:
3076 4503 3315 4558 Florebit
3343 4502 3595 4573 amygda-

2012 4604 2144 4669 lum,
2175 4612 2224 4658 et
2247 4603 2616 4675 coagulabitur
2633 4602 2773 4656 acris
2796 4600 2863 4654 6°.
2891 4599 2997 4655 Sed
3020 4598 3126 4653 mel
3163 4596 3293 4653 illud
3318 4596 3591 4660 silvestre,

2012 4710 2123 4751 non
2153 4695 2345 4763 herba,
2378 4695 2471 4750 sed
2503 4695 2612 4749 mel
2639 4709 2830 4749 revera
2861 4692 3132 4758 silvestre,
3172 4686 3590 4746 acerbissimum

2014 4800 2078 4842 ac
2100 4787 2284 4856 gustui
2320 4786 2753 4858 ingratissimum
2784 4793 2890 4840 est.

2080 4874 2257 4932 Illud:
2291 4874 2412 4946 Ipse
2440 4892 2527 4930 vos
2572 4873 2869 4945 baptizabit
2901 4875 2956 4927 in
2984 4870 3191 4943 Spiritu
3227 4876 3411 4923 sancto
3436 4868 3503 4935 “,
3533 4865 3611 4946 id]

2013 4969 2256 5037 denotat,
2289 4969 2433 5038 quod
2475 4969 2593 5038 ipse
2624 4982 2723 5022 vos
2752 4975 3085 5035 purgaturus
3119 4962 3192 5018 sit
3222 4978 3235 5014 ε
3271 4959 3399 5030 quia
3434 4927 3604 5014 sciIi-l

2012 5071 2100 5116 cet
2146 5061 2200 5115 id
2244 5070 2507 5131 praestare
2550 5075 2658 5114 non
2711 5059 2854 5112 valet
2878 5053 3108 5112 Joannis
3157 5051 3462 5122 baptisma;
3491 5050 3584 5104 sed

2014 5151 2240 5216 Christi,
2290 5152 2384 5222 qui
2434 5152 2599 5206 etiam
2648 5148 2963 5207 rcmittendi
2996 5154 3220 5215 peccata
3266 5151 3589 5214 potestatem

2015 5244 2194 5298 habet.

406 5415 454 5449 ⁸³
480 5413 668 5472 Matth.
700 5431 780 5482 ιι,
808 5414 898 5472 20.
977 5417 1021 5450 "
1049 5417 1237 5475 Matth.
1284 5433 1377 5482 ιιι,
1413 5417 1467 5473 4.
1558 5418 1601 5452 ⁸⁸
1630 5416 1774 5476 Eccl.
1803 5437 1910 5490 xu,

2046 5418 2087 5448 “
2118 5416 2307 5472 Matth.
2349 5435 2431 5481 ιιι,
2470 5417 2552 5472 II.

410 5612 650 5687 (6)AEdit.
694 5614 917 5684 Atinam,
963 5631 1017 5687 p.
1052 5615 1218 5685 1006,
1260 5632 1325 5674 ex
1365 5576 1580 5676 Possini
1618 5629 1805 5679 catena
1847 5622 1903 5676 in

341 5683 669 5740 Hatthwum.

411 5754 490 5820 (7)
525 5753 659 5811 Ibid.

2085 5619 2159 5690 (8)
2184 5616 2633 5690 Eamdemihujus
2658 5617 2828 5690 vocis,
2848 5616 3016 5690 Δἀκρίς
3038 5655 3052 5678 ,
3081 5613 3578 5690 interpretationem

2009 5683 2211 5746 vid‘esis
2235 5689 2373 5760 apud
2401 5683 2667 5744 Isidorum
2687 5686 2822 5753 Pcl.,
2848 5687 2878 5741 I.
2908 5683 2948 5755 ι,
2966 5702 3052 5756 ep.
3106 5686 3205 5740 I42
3224 5683 3398 5740 fusius
3421 5695 3580 5736 enar-

2003 5769 2199 5818 ratam.
