3990 6208
528 349 666 404 ιῦΰτ

1377 352 1436 406 S.
1486 348 1848 408 \TllANASlI
1889 349 2036 405 OPP.
2073 351 2251 406 PARS
2287 351 2374 408 Ill.
2406 381 2477 394 -—
2508 349 2911 407 EXEGETICA.

3625 353 3751 410 1568

598 468 658 525 Si
690 467 866 524 Filius
898 469 993 524 Dei
1015 487 1065 524 es
1087 469 1274 535 “.Qui
1299 469 1365 524 ad
1381 469 1624 540 singulas
1655 470 1981 526 tentationes
2012 470 2085 524 ita

2259 473 2328 524 El
2356 471 2486 538 Υἱὸς
2513 467 2572 526 εἶ
2596 470 2701 525 τοῦ
2733 468 2901 524 Θεοῦ.
2934 469 3029 521 Διά
3061 469 3110 521 τί
3146 470 3262 522 καθ’
3293 469 3532 539 ἑκάστην
3561 473 3752 540 αἴραν

523 561 773 616 diabolus
808 562 1134 632 interrogat:
1161 559 1220 616 Si
1261 560 1432 616 Filius
1475 561 1570 616 Dei
1599 565 1695 618 es?
1726 561 1778 617 Id
1825 563 2082 616 nimirum

521 658 598 711 ait
625 657 689 712 ad
721 672 906 711 eorum
942 657 1377 722 similitudinem,
1411 673 1531 728 qua:
1560 658 1667 728 iam
1697 659 1823 713 olim
1846 659 1898 712 in
1929 673 2080 728 para-

517 750 638 804 diso
669 749 808 802 dixit
843 765 856 799 τ
889 747 1154 802 Adamum
1191 750 1334 803 enim
1370 749 1450 804 sic
1479 750 1775 820 alloquitur
1809 767 1822 802 :
1862 749 1980 816 Qua
2001 750 2084 803 die

517 840 870 901 eomederitis,
899 841 1200 909 aperientur
1235 843 1372 896 oculi
1402 843 1557 896 vestri
1581 842 1626 875 ⁸³
1650 862 1663 908 ;
1687 857 1796 912 quo
1830 842 2084 897 ostende-

516 942 597 987 ret
624 934 750 997 illis,
785 949 842 986 se
873 949 899 986 ο
936 933 1044 987 Deo
1075 931 1248 989 fuisse
1291 935 1564 1004 deceptos.
1595 933 1960 1000 Quamobrem
1993 934 2080 989 hic

514 1042 731 1095 quoque
776 1026 840 1081 ad
869 1027 1079 1097 singula
1115 1028 1256 1083 dicta
1290 1027 1507 1083 assidue
1558 1029 1777 1097 repetit,
1808 1026 1867 1080 Si
1907 1026 2080 1082 Filius

517 1118 612 1171 Dei
637 1134 726 1180 es;
771 1117 822 1172 id
853 1127 955 1182 est,
1001 1119 1048 1175 si
1087 1135 1189 1174 vox
1223 1135 1345 1189 quae
1380 1128 1430 1174 te
1479 1119 1678 1174 Filium
1704 1119 1916 1174 vocavit
1954 1135 2079 1173 vera

512 1219 614 1270 est,
665 1225 834 1279 quare
874 1227 983 1266 non
1027 1211 1320 1266 conlirmas
1367 1226 1486 1266 eam
1513 1253 1529 1279 ,
1563 1211 1773 1284 agendo
1813 1227 1934 1282 qua:
1981 1211 2078 1266 tibi

509 1302 673 1357 dico?
1541 1301 1544 1304 ’

583 1479 782 1534 Dareus
810 1483 863 1535 in
902 1484 1180 1555 synagogis
1221 1499 1402 1538 eorum
1423 1484 1489 1540 ⁸⁸⁸.
1529 1482 1715 1538 Palam
1741 1481 1994 1539 Christus
2023 1493 2078 1539 et

509 1587 632 1627 cum
673 1573 868 1628 ﬁducia
918 1574 1107 1643 docet;
1143 1585 1202 1630 ut
1253 1576 1475 1631 credant
1515 1575 1592 1629 illi
1631 1575 1842 1648 (Judaei)
1871 1575 2074 1631 doctri-

511 1679 636 1718 nam
673 1679 826 1720 suam
860 1682 968 1721 non
1002 1683 1122 1724 esse
1155 1669 1256 1739 legi
1284 1669 1638 1724 contrariam.
1675 1667 1832 1736 Quod
1866 1670 2077 1725 scilicet

508 1756 746 1812 maxime
770 1759 1013 1832 omnium
1036 1759 1254 1817 Judzcos
1293 1762 1347 1816 in
1385 1761 1624 1818 furorem
1665 1760 1929 1818 adversus
1948 1777 2071 1818 eum

507 1848 834 1905 concitabat.

585 1940 732 1994 Beati
780 1943 870 2012 qui
911 1944 1151 1998 esuriant
1197 1955 1247 2000 et
1300 1947 1486 2000 sitiunt
1525 1947 1802 2015 justitiam
1832 1947 1897 2000 ⁸⁸.
1932 1945 2072 2002 Esu-

509 2032 711 2088 rientes
740 2049 803 2087 ac
859 2035 1106 2091 sitientes
1135 2036 1402 2106 justitiam
1449 2037 1582 2092 dicit
1614 2051 1728 2102 eos,
1761 2037 1852 2107 qui
1907 2036 2073 2091 alacri

507 2137 574 2178 ac
610 2123 818 2179 fervido
856 2125 1038 2182 animo
1067 2127 1336 2196 justitiam
1375 2136 1647 2183 exercent.
1675 2127 2075 2182 Saturabunlur

506 2213 678 2276 enim,
715 2214 811 2280 ait,
842 2223 896 2270 et
925 2215 979 2269 in
1031 2215 1134 2271 bac
1165 2215 1297 2283 vita,
1322 2231 1388 2272 eo
1436 2217 1578 2286 quod
1614 2217 1801 2286 paucis
1836 2217 2074 2271 contenti

506 2308 655 2372 sint;
695 2307 976 2377 multoque
1007 2308 1180 2379 magis
1206 2309 1260 2362 in
1305 2309 1510 2372 futura,
1542 2318 1731 2379 utpote
1762 2324 1884 2364 cum
1908 2308 2066 2363 Chri-

505 2406 594 2454 sto
621 2413 835 2470 semper
860 2401 1150 2468 versaturi,
1183 2401 1275 2456 ubi
1308 2417 1482 2472 neque
1511 2400 1668 2457 dolor
1695 2416 1871 2472 neque
1896 2402 2074 2456 luctus

504 2492 630 2547 erit.

575 2581 730 2638 Beati
755 2583 948 2638 mundo
977 2585 1151 2651 corde,
1169 2587 1413 2655 quoniam
1437 2587 1540 2652 ipsi
1563 2585 1727 2640 Deum
1746 2585 1988 2640 videbunt
2005 2585 2070 2639 “.

506 2672 644 2741 Quia
667 2676 916 2747 quisquis
941 2679 1090 2734 omni
1121 2678 1434 2750 cupiditatis
1482 2677 1766 2733 :dl‘ectione
1794 2692 1890 2732 cor
1911 2693 2070 2732 suum

503 2767 775 2838 purgavit,
819 2770 1036 2839 propria
1076 2770 1128 2824 in
1174 2769 1578 2840 pulchritudine
1625 2767 1822 2823 divinre
1860 2775 2073 2824 natura:

499 2857 651 2914 videt
696 2858 1009 2930 imaginem.
1043 2860 1180 2930 Apta
1220 2861 1364 2915 enim
1398 2869 1480 2916 est
1516 2859 1714 2914 anima:
1759 2860 1970 2929 puritas
2004 2860 2071 2914 ad

505 2949 676 3006 Deum
708 2967 806 3022 per
829 2952 1062 3022 seipsam
1093 2952 1482 3022 speculandum
1513 2949 1665 3022 [sive,
1685 2951 1738 3004 in
1768 2951 1946 3020 seipsa
1972 2965 2070 3006 ex-

502 3042 872 3116 primendum]
887 3085 900 3097 .

946 3137 1227 3192 Athanasii
1255 3137 1627 3192 Alexandrini.

502 3239 878 3320 Ex__sermone
908 3255 1070 3320 sexto
1106 3247 1568 3320 interpretationis
1606 3249 1662 3304 in
1717 3248 2067 3320 Evangelium

2187 563 2342 617 τοῦτο
2367 565 2542 636 ἐρωτᾷ
2561 565 2652 617 τὸν
2680 561 2909 635 Χριστὸν
2935 563 2962 614 ὁ
2986 560 3248 625 διάϐολος,
3283 560 3453 629 λέγων
3470 578 3484 591 ·
3519 564 3591 615 El
3627 563 3751 628 Υἱός

2185 654 2242 711 εἴ
2261 657 2364 710 τοῦ
2395 657 2581 718 eam");
2643 655 2780 710 Καθ’
2825 655 3116 725 ὁμοιότητα
3156 657 3267 718 τοῖς
3307 655 3571 725 πρότερον
3608 655 3751 724 αὐτῷ

2183 747 2530 819 λελεγμένοις
2553 750 2611 801 ὲν
2635 746 3050 818 τῷπαραδείσῳ
3071 745 3240 800 ταῦτα
3263 747 3573 816 φθέγγεται.
3620 744 3749 801 Εἷπε

2182 841 2444 911 γὰρ-πρὸς
2463 840 2554 894 τὸν
2590 839 2759 910 Ἀδάμ
2777 856 2792 870 °
2818 835 2902 911 τῌ
2926 839 2976 891 δ’
2996 838 3072 892 ἂν
3090 837 3273 906 ἡμέρᾳ
3297 839 3542 908 φάγητε,
3571 839 3749 892 διαγ-

2181 930 2564 999 οιχθιξσονται
2610 932 2777 1002 ὑμῶν
2827 935 2878 986 οὶ
2921 931 3244 1000 ὀφθαλμοί·
3277 929 3537 983 δεικνύων
3567 932 3748 994 αὐτοῖς

2180 1022 2356 1094 δῆθεν,
2389 1023 2465 1087 ὡς
2497 1025 2838 1096 ἠπατημένοι
2881 1025 3017 1077 εἰσὶν
3061 1023 3164 1076 ὑπὸ
3199 1023 3293 1076 τοῦ
3333 1022 3490 1076 Θεοῦ.
3536 1023 3631 1075 Διὸ
3662 1027 3747 1076 καὶ

2182 1115 2421 1186 συνεχῶς
2458 1117 2705 1188 ἐπιφέρει
2741 1116 2969 1172 ἐνταῦθα
3006 1116 3127 1170 καθ’
3163 1116 3388 1170 ἕκαστον
3415 1117 3524 1168 τῶν
3553 1115 3744 1170 ἑαυτοῦ

2179 1206 2370 1272 λόγων,
2409 1206 2469 1260 τὸ
2493 1249 2507 1270 .
2543 1211 2613 1262 Εἰ
2652 1210 2781 1274 Υὶιῗις
2805 1205 2864 1263 εἷ
2899 1208 3066 1273 Θεοῦ,
3099 1207 3390 1271 τουτέστιν,
3435 1209 3483 1260 εί
3514 1209 3546 1278 ή
3597 1209 3744 1279 φωνὴ

2178 1298 2383 1371 ἀληθής
2414 1303 2560 1354 ἐστιν
2602 1303 2635 1372 ὴ
2682 1301 2956 1355 καλέσασά
2987 1318 3046 1354 σε
3073 1301 3219 1364 Υίὸν,
3251 1301 3302 1353 τί
3330 1301 3390 1352 οὐ
3424 1299 3631 1372 ταύτην
3665 1299 3744 1370 βε-

2178 1392 2352 1455 6αιοῖς
2377 1392 2455 1465 τῷ
2488 1394 2747 1465 πράττειν
2774 1394 2808 1448 ἃ
2831 1413 2909 1448 σοι
2940 1395 3113 1463 λέγω;

2247 1484 2552 1538 Διδάσκων
2581 1486 2650 1538 ἐν
2675 1486 2801 1551 ταῖς
2837 1487 3214 1557 συναγωγαῖς
3247 1487 3463 1541 αὐτῶν.
3494 1489 3742 1560 Φανερῶς

2177 1575 2205 1625 ό
2233 1574 2466 1646 Χριστὸς
2491 1578 2583 1630 καὶ
2613 1576 2752 1648 μετὰ
2773 1578 3084 1649 παρρησίας
3111 1578 3382 1632 διδάσκει·
3421 1579 3506 1631 ἵνα
3533 1580 3742 1632 πιῖτεύ-

2181 1684 2362 1732 σωσιν,
2397 1669 2478 1722 ὅτι
2520 1668 2555 1722 ἃ
2593 1668 2850 1734 διδάσκει,
2879 1670 2977 1724 οὐκ
3007 1671 3222 1724 ἐναντία
3250 1671 3506 1742 τυγχάνει
3557 1671 3636 1740 τῷ
3664 1671 3740 1724 νό-

2184 1777 2299 1831 μῳ·
2336 1761 2364 1814 ὃ
2391 1760 2454 1832 δὴ
2489 1762 2580 1814 καί¹
2621 1763 2746 1826 τοὺς
2791 1761 3075 1826 Ἰουδαίους
3111 1762 3306 1834 μᾶλλον
3346 1763 3579 1833 ἐξέμηνε
3625 1763 3737 1816 κατ’

2175 1850 2360 1906 αὑτοῦ.

2245 1943 2533 2013 Μακάριοι
2568 1946 2622 1998 οἱ
2642 1944 2966 2013 πεινῶντες
3023 1945 3120 2000 καὶ
3171 1946 3464 2014 διψῶντες
3498 1946 3616 2013 τὴν
3661 1944 3736 1998 δι-

2175 2035 2527 2103 καιοσίννην.
2553 2037 2860 2100 Πεινῶντας
2882 2040 2976 2092 καὶ
3001 2037 3263 2108 διψῶντας
3281 2039 3379 2109 τὴν
3400 2037 3736 2107 δικαιοτύνην

2175 2124 2322 2194 λέγει
2353 2128 2477 2190 τοὺς
2504 2127 2640 2198 μετὰ
2679 2128 2986 2200 προθυμίας
3016 2131 3107 2183 καὶ
3144 2130 3374 2201 ὀρέξεως
3411 2130 3511 2201 τὴν
3540 2130 3715 2183 δεκαιο

2178 2217 2344 2288 σύνην
2363 2219 2667 2284 ποιοῦντας.
2687 2222 3209 2290 Χορτασθήσονται
3226 2222 3349 2294 γὰρ,
3369 2241 3441 2293 φη
3453 2224 3523 2284 σὶ,
3545 2225 3638 2275 καὶ
3659 2227 3734 2277 ἐν·-

2175 2307 2344 2361 ταῧθα
2367 2309 2441 2372 ὡς
2471 2308 2672 2377 ὀλίγοις
2706 2311 3062 2383 ἀρκούμενοι·
3098 2311 3275 2381 πολλῷ
3300 2314 3354 2365 δὲ
3393 2313 3556 2367 πλέον
3594 2315 3649 2365 ὲν
3675 2319 3734 2385 τῇ

2177 2399 2444 2472 μελλούσῃ
2471 2401 2605 2473 ζωῇ,
2629 2401 2704 2466 ὡς
2731 2404 2817 2456 ἀεὶ
2852 2404 2989 2474 μετὰ
3011 2404 3242 2476 Χριστοῦ
3280 2405 3562 2475 διάγοντες
3582 2427 3596 2439 ο
3618 2408 3735 2461 ἔνθα

2172 2489 2296 2543 οὔτε
2334 2490 2476 2564 λύπη
2505 2491 2629 2545 οὗτε
2664 2494 2964 2564 στεναγμός
2991 2495 3158 2548 ἐστιν.

2243 2582 2527 2652 Μακάριοι
2557 2587 2612 2636 οἱ
2641 2586 2882 2654 καθαροὶ
2911 2583 2985 2653 τῇ
3008 2585 3241 2654 καρδίᾳ,
3275 2585 3363 2639 ὅτι
3398 2589 3571 2642 αὐτοὶ
3599 2590 3735 2643 Geor

2151 2727 2154 2730 .
2175 2672 2447 2740 ὄψονται.
2481 2674 2604 2727 Ὅτι
2634 2675 2661 2726 ὁ
2680 2675 2858 2746 πάσης
2887 2675 3165 2746 ἐμπαθοῦς
3184 2676 3474 2740 διαθέσεως
3497 2678 3734 2748 τὴνὲαυ-

2171 2765 2264 2818 τοῦ
2291 2766 2517 2838 καρδίαν
2537 2767 2891 2839 ἁποκαθάρας
2920 2770 2979 2821 ὲν
3002 2768 3080 2838 τῷ
3111 2768 3223 2838 ἰδίῳ
3253 2768 3439 2822 κάλλει
3462 2769 3568 2838 τῆς
3590 2769 3731 2835 θείας

2173 2857 2386 2928 φύσεως
2420 2857 2628 2930 καθορᾷ
2666 2858 2760 2929 τὴν
2790 2860 2991 2913 εἰκόνα.
3027 2861 3204 2932 Ἰκανὴ
3232 2861 3396 2932 γὰρὴ
3433 2863 3535 2932 τῆς
3564 2861 3733 2932 ψυχῆς

2172 2951 2481 3021 καθαρότης
2511 2949 2742 3025 ἐστὶοτὸν
2776 2949 2907 3004 Θεὸν
2939 2949 3006 3003 δι’
3037 2951 3236 3021 ὲαυτῆς
3262 2951 3731 3023 κατοπτρίζεσθαι.

2532 3133 2886 3188 Ἀθανασίου
2923 3134 3387 3203 Ἀλεξανδρείας,

2243 3243 2475 3315 (9)ΫΠερ“ι
2499 3243 2612 3310 τοῦ,
2647 3245 2854 3312 Οὐδεὶς
2873 3245 3125 3315 καθαρὸς
3139 3244 3482 3314 (ineptia/0v.
3511 3245 3620 3299 ἐὰν
3641 3243 3735 3300 καὶ

573 3313 919 3388 MattbaeiJn
943 3315 1072 3371 illud
1101 3337 1113 3370 :
1151 3313 1318 3372 Nemo
1354 3321 1577 3373 mundus
1612 3339 1644 3373 a
1668 3322 1842 3386 sorde,
1861 3313 2070 3375 Etiamsi

2173 3313 2277 3388 μίςῑ
2306 3313 2496 3388 ἡμέρα
2535 3317 2747 3388 ὀ-βίρς
2775 3315 2978 3388 ai)th
2994 3313 3104 3388 deri
3136 3315 3244 3388 τῆς
3266 3313 3402 3388 τῆς,
3434 3317 3529 3386 τῆς
3561 3317 3730 3388 ἑρμη-

575 3387 729 3440 unius
753 3385 859 3440 diei
893 3387 1051 3456 fuerit
1076 3388 1184 3442 vita
1210 3389 1323 3458 ejus
1349 3407 1504 3458 super
1531 3399 1726 3444 terram
1760 3385 1828 3443 ⁸⁷.

574 3517 642 3571 At
671 3518 925 3590 ignorant
955 3534 1086 3576 sane
1124 3519 1362 3575 haeretici
1394 3521 1545 3586 illud,
1584 3520 1753 3576 Nemo
1781 3521 2008 3575 mundus
2036 3539 2068 3574 a

500 3608 676 3675 sorde,
717 3608 928 3662 etiamsi
971 3611 1129 3665 unius
1161 3611 1266 3664 diei
1290 3612 1450 3681 fuerit
1480 3613 1588 3666 vita
1621 3613 1756 3682 ejus,
1792 3614 1858 3668 de
1909 3623 2069 3667 natu-

505 3701 606 3756 rali
654 3700 816 3756 sorde
861 3717 1024 3771 quam
1067 3718 1132 3758 ex
1170 3712 1323 3758 utero
1357 3705 1549 3761 matris
1595 3721 1850 3776 egressus
1887 3705 2069 3761 infans

498 3809 688 3850 secum
719 3792 894 3855 aﬂ‘ert,
919 3793 1121 3848 dictum
1155 3793 1344 3850 fuisse.
1365 3794 1728 3861 Quamobrem
1763 3796 2071 3866 aitlegislav

501 3895 588 3941 tor
618 3883 828 3958 Moyses
863 3885 929 3950 ⁸³,
962 3887 1241 3942 mulierem
1277 3889 1491 3942 enixam
1540 3888 1879 3944 immundam
1921 3905 2067 3956 esse,

499 3993 602 4044 pro
625 3978 874 4034 masculo
899 3977 1258 4050 quadraginta
1287 3977 1503 4042 diebus,
1537 3994 1636 4048 pro
1661 3978 1886 4045 femina,
1917 3989 2067 4034 octo-

501 4075 672 4144 ginta,
707 4072 780 4127 ob
831 4072 1094 4142 majorem
1152 4071 1359 4127 scilicet
1407 4079 1616 4125 natura:
1663 4069 2065 4125 humiditatem.

500 4164 657 4230 Quod
685 4164 733 4219 si
775 4178 884 4218 non
927 4163 1000 4218 ita
1044 4163 1188 4218 esset
1216 4171 1275 4217 ut
1308 4163 1394 4218 lex
1439 4161 1642 4234 Moysis
1675 4161 1848 4229 ell‘ert,
1883 4162 1965 4217 vel
1999 4177 2065 4217 ex

498 4257 616 4325 ipsa
649 4267 859 4312 natura:
887 4257 1100 4310 ratione
1137 4265 1458 4327 argumenta
1487 4256 1778 4311 adversum
1822 4255 2064 4310 mutuari

521 4360 711 4402 meret.
751 4348 904 4414 Quod
939 4349 1083 4403 enim
1121 4359 1408 4419 peccatum
1447 4349 1734 4404 admittere
1761 4347 1940 4402 infans
1974 4363 2067 4401 νει--

497 4439 627 4502 leat,
661 4439 820 4508 cujus
845 4440 955 4494 vita
987 4441 1153 4495 unius
1189 4441 1294 4495 diei
1332 4439 1935 4496 iuerit?Adulterium?
1967 4438 2068 4492 mi-

2171 3383 2318 3447 νείας
2346 3385 2439 3438 τοῦ
2465 3385 2607 3439 κατά
2639 3386 2914 3441 Ματθαῖον
2941 3383 3460 3455 Εὑαγγελίουλόγου
3485 3383 3555 3450 ξ.

2253 3517 2392 3570 Ἀλλ’
2414 3517 2536 3572 οὔτε
2563 3517 2740 3574 ἴσασιν
2759 3522 2806 3573 oi
2833 3520 3092 3592 αίρετικοὶ
3113 3518 3194 3582 τὸ,
3225 3519 3434 3585 Οὐδείς
3483 3519 3732 3587 καθαρὸς

2169 3607 2289 3662 ἀπὸ
2307 3611 2528 3677 ῥύπου.
2557 3611 2685 3664 οὐδ’
2712 3611 2791 3666 ἂν
2809 3613 2918 3681 μία
2955 3614 3144 3681 ἡμέρα
3182 3615 3214 3666 ό
3235 3612 3376 3677 ,βίος
3403 3611 3591 3665 αὑτοῦ
3609 3629 3622 3640 ·
3655 3611 3730 3663 ὅτι

2170 3701 2368 3773 ἐρρέθη
2402 3703 2646 3776 περὶτοῦ
2680 3703 2909 3772 φυσικοῦ
2946 3705 3116 3776 ῥύπου
3137 3746 3149 3768 ,
3192 3704 3220 3757 ὃ
3260 3702 3640 3774 ὲπικομίζεται
3675 3702 3731 3754 τὸ

2171 3791 2370 3865 βρέφος
2398 3793 2749 3866 ἐξερχόμενον
2772 3797 2835 3849 ὲκ
2854 3795 2954 3866 τῆς
2986 3796 3174 3867 νηδύος
3195 3795 3295 3865 τῆς
3318 3795 3524 3866 μητρὸς
3547 3792 3728 3847 αὑτοῦ.

2170 3887 2260 3939 Διὸ
2284 3888 2376 3940 καὶ⁹
2402 3890 2430 3940 ό
2452 3887 2793 3960 νομογράφος
2815 3889 3054 3958 Μωῦσῆς
3082 3888 3186 3958 ἔφη
3217 3887 3312 3958 τὴν
3333 3887 3625 3939 τίκτουσαν
3650 3902 3732 3953 γυο

2170 3981 2332 4033 ναίκα
2357 3977 2494 4032 εἶναι
2537 3979 2866 4051 ἀκάθαρτον,
2899 3979 2990 4032 ἐπὶ
3041 3980 3138 4050 μὲν
3169 3978 3244 4049 τῷ
3279 3979 3464 4050 ἆρρενι
3496 3983 3548 4048 μ’
3594 3975 3731 4078 τριέ-

2173 4087 2312 4141 ραις,
2346 4070 2437 4123 ἐπὶ
2461 4071 2517 4123 δὲ
2537 4070 2614 4141 τῷ
2651 4070 2801 4142 θήλει
2847 4069 2900 4122 π’
2933 4069 3022 4123 διὰ
3065 4069 3126 4122 τὸ
3167 4068 3459 4140 ὑγρότερον
3511 4067 3612 4137 τῆς
3628 4065 3732 4135 ’φύς

2172 4178 2326 4224 σεως.
2362 4163 2423 4215 Εἰ
2449 4163 2504 4216 δὲ
2527 4163 2627 4216 οὐκ
2655 4162 2801 4216 ἔστιν
2837 4161 3010 4225 οὓτως
3059 4161 3135 4224 ὼς
3185 4160 3295 4231 ἔχει
3325 4162 3354 4216 ό
3381 4159 3544 4230 νόμος
3574 4160 3732 4212 Maii:-

2171 4252 2327 4316 σέως,
2359 4253 2453 4307 καὶ
2480 4254 2513 4323 ὴ
2556 4251 2759 4323 φυσικὴ
2793 4251 3079 4305 ἀκολουθία
3103 4249 3262 4302 δώσει
3307 4250 3462 4318 λόγον
3515 4248 3728 4312 ἐξεναν-

2167 4344 2321 4407 τίαςο
2354 4343 2512 4396 ποίαν
2539 4343 2760 4397 δύναται
2810 4344 3030 4414 ποιῆσαι
3078 4345 3139 4396 τὸ
3181 4343 3390 4396 παιδίον
3441 4340 3728 4411 ἁμαρτίαν,

2168 4431 2228 4490 οὗ
2256 4436 2352 4506 μία
2388 4437 2570 4507 ἡμέρα
2601 4439 2633 4507 ἡ
2667 4435 2778 4508 ζωὴ
2807 4436 2970 4490 αὑτοῦ
2995 4453 3009 4500 ;
3047 4435 3345 4507 Μοιχείαν;
3375 4435 3434 4487 οὐ
3467 4434 3682 4494 πάντως
3713 4451 3726 4462 ·

496 4527 645 4582 nime
673 4529 938 4598 gentium.
972 4545 1095 4583 eum
1147 4545 1255 4584 non
1302 4531 1354 4584 in
1396 4531 1672 4599 voluptate
1705 4530 1897 4600 vigeat.
1929 4526 2064 4583 For-

2173 4527 2228 4579 οὑ
2259 4526 2370 4598 γὰρ
2396 4525 2634 4598 ἀκμάζει
2664 4529 2722 4580 ὲν
2757 4530 2820 4598 τῇ
2856 4527 3036 4599 ἡδονῇ.
3065 4527 3360 4598 Πορνείανς
3387 4523 3510 4577 οὐδὲ
3539 4522 3727 4583 οὕτως,

497 4620 868 4675 nicationem?
900 4619 1072 4674 nihilo
1120 4621 1316 4690 magis,
1353 4637 1474 4677 cum
1517 4637 1628 4674 non
1662 4620 1732 4674 sit
1767 4619 1890 4674 talis
1923 4634 2054 4673 con-

495 4711 844 4782 cupiscentia:
872 4726 1063 4781 capax.
1111 4711 1364 4767 Caedem?
1394 4711 1462 4766 At
1505 4709 1788 4764 mortifera
1824 4709 1931 4763 tela
1966 4725 2058 4781 ge-

496 4814 644 4860 stare
675 4803 880 4875 nequit.
917 4801 1265 4874 Perjurium?
1294 4803 1386 4860 sed
1415 4802 1742 4858 articulatim
1772 4801 2062 4858 vociferari

496 4914 606 4954 non
632 4897 793 4952 valet.
827 4895 1161 4950 Avaritiam?
1193 4895 1287 4952 sed
1317 4910 1497 4965 neque
1537 4894 1769 4949 alienam
1795 4894 1944 4948 novit
1973 4909 2064 4963 pe.

495 4990 736 5055 cuniam,
775 5003 948 5059 neque
973 5003 1151 5044 suam.
1185 4985 1300 5042 lino
1326 4987 1852 5057 etiam-iniuriarum
1904 5001 2064 5056 pror-

497 5096 594 5136 eus
628 5081 979 5135 immemores
1022 5079 1235 5150 parvuli
1267 5089 1423 5144 sunt;
1459 5094 1580 5132 nam
1627 5077 1802 5133 donec
1832 5077 1901 5132 ad
1935 5077 2066 5130 viri-

495 5175 600 5229 lem
629 5182 841 5229 aetatem
863 5173 1226 5245 pervenerint,
1254 5173 1524 5229 verberati
1557 5183 1874 5242 precantur,
1903 5180 2066 5240 atque

492 5266 637 5336 pulsi
671 5283 780 5321 non
821 5281 942 5321 sese
970 5265 1271 5321 vindicant.
1313 5263 1467 5320 Unde
1496 5274 1548 5320 et
1580 5263 1843 5319 Dominus
1875 5263 1942 5320 iis
1971 5263 2064 5334 qui

492 5359 546 5412 in
581 5375 640 5414 se
677 5358 907 5414 credunt
933 5359 1006 5412 ait
1040 5376 1055 5411 :
1098 5357 1221 5413 Nisi
1247 5359 1479 5412 conversi
1537 5356 1743 5428 fueritis
1780 5364 1828 5410 et
1869 5356 2062 5426 efﬁcia-

489 5449 621 5501 mini
662 5451 798 5504 sicut
827 5449 1070 5520 parvuli,
1102 5467 1206 5504 non
1244 5450 1513 5504 intrabitis
1567 5449 1621 5502 in
1659 5464 1872 5520 regnum
1901 5447 2057 5502 coelo-

575 5583 620 5614 "
652 5582 839 5638 Matth.
874 5602 948 5646 tv,
985 5586 1038 5639 5.

491 5649 536 5684 ’⁸
560 5650 732 5708 Levii.
768 5670 865 5720 xu,
905 5656 1014 5710 2-5.

568 5782 643 5854 (ο)
684 5784 758 5840 Ex
793 5788 978 5846 codice
999 5790 1165 5864 Regio
1198 5793 1350 5862 1993,
1377 5810 1408 5848 x
1438 5791 1646 5860 seculi,
1687 5791 1723 5847 l'.
1759 5791 1880 5848 519.

2165 4618 2294 4671 ὖντα
2321 4619 2475 4683 ἐκτὸς
2505 4619 2604 4690 τῆς
2634 4619 2885 4691 τοιαύτης
2913 4619 3164 4690 ὀρέξεως.
3201 4617 3389 4680 Φόνονς
3423 4615 3537 4670 ἀλλ’
3586 4617 3730 4684 ἀμη-

2168 4714 2322 4780 χανεῖ
2349 4709 2610 4780 βαστάσαι
2650 4711 2811 4764 ὅπλον
2854 4711 3104 4764 θανάτου.
3150 4709 3555 4779 Ἐπιορκῆσαι;
3599 4705 3732 4759 ἀλλὰ

2168 4804 2304 4869 τέως
2327 4805 2572 4858 λείπεται
2600 4805 2696 4876 τῆς
2731 4803 2992 4876 ἐνάρθρου
3034 4801 3236 4872 φωνῆς.
3286 4800 3683 4868 Πλεονεκτῆσαι
3715 4813 3730 4861 ;

2169 4895 2281 4950 ἀλλ’
2313 4898 2414 4950 οὐκ
2439 4896 2550 4968 ἔχει
2581 4896 2782 4966 γνῶσιν
2812 4897 2919 4949 τῶν
2949 4895 3241 4965 ἀλλοτρίων
3270 4895 3591 4965 χρημάτων,
3619 4891 3730 4945 ἀλλ’

2168 4987 2291 5043 οὔτε
2319 4989 2427 5043 τῶν
2460 4991 2625 5043 ἰδίων.
2677 4989 2788 5061 Τῆς
2815 4989 2873 5043 δὲ
2917 4988 3265 5053 ἀνεξικακίας
3297 4989 3401 5041 εἰσὶ
3441 4986 3731 5057 πεπληρω-

2167 5082 2301 5154 μένα
2324 5081 2394 5136 τὰ
2414 5083 2583 5153 νήπια
2603 5099 2614 5113 ·
2643 5082 2747 5144 ἓως
2774 5081 2882 5154 γὰρ
2911 5080 3234 5152 ἀνδρυθῶσι,
3275 5080 3366 5134 καὶ
3417 5079 3732 5149 τυπτόμενα

2165 5173 2484 5246 παρακαλεῖ,
2518 5174 2607 5228 καὶ
2633 5173 2940 5245 διωκόμενα
2970 5174 3071 5227 οὐκ
3107 5172 3393 5245 ἀμύνεται.
3420 5170 3586 5238 ,Ὅθεν
3635 5168 3733 5221 καὶ

2162 5268 2190 5319 ὁ
2218 5265 2419 5335 Κύριος
2455 5264 2558 5336 ἔφη
2599 5267 2712 5329 τοῖς
2753 5263 3096 5318 πιστεύουσιν
3131 5265 3212 5328 είς
3246 5263 3437 5316 αὐτόν·
3473 5259 3620 5315 Ἐὰν
3641 5257 3732 5327 μὴ

2167 5352 2472 5423 στραφῆτε
2493 5354 2588 5408 καὶ
2612 5352 2867 5424 γένησθε
2889 5354 2966 5420 ὡς
2992 5355 3064 5408 τὰ
3103 5351 3325 5418 παιδία,
3375 5353 3448 5404 οὐ
3481 5348 3567 5419 μὴ
3600 5349 3729 5401 εισι-

2167 5443 2377 5514 ἐλθητε
2424 5447 2511 5512 εὶς
2543 5445 2657 5516 τὴν
2681 5445 3007 5511 ,βασιλείαν
3054 5443 3174 5500 τῶν
3225 5441 3514 5512 οὐρανῶν.
3575 5435 3732 5494 Ἐπεὶ

1128 5583 1171 5618 ⁸³
1196 5585 1330 5641 Gen.
1373 5601 1457 5649 ιιι,
1485 5585 1536 5637 4.
1618 5582 1663 5615 ⁸⁸
1692 5580 1878 5636 Matth.
1917 5599 1999 5648 Iv,
2033 5583 2090 5638 23

2250 5584 2295 5619 ⁸⁸
2332 5582 2520 5640 Matth.
2554 5601 2616 5652 ι’,
2653 5585 2703 5640 6.
2805 5587 2850 5618 “
2905 5581 3179 5728 Matthyg.
3261 5583 3304 5614 "
3347 5578 3451 5635 Job
3513 5593 3626 5644 xlv,
3666 5578 3705 5633 ,ι
