3990 6208
456 311 591 367 1369

1567 319 1996 377 FRAGMENTA
2036 321 2102 377 IN
2143 323 2580 386 MATTHEUH.

3526 329 3550 384 l
3560 330 3664 387 370

450 419 542 478 οὖν
574 421 774 477 τούτων
799 424 906 478 τῶν
933 426 1339 498 ἁμαρτημάτων
1361 429 1430 482 τά
1452 429 1625 502 βρέφη
1651 433 1872 505 ἀμύητα
1899 433 1969 486 ὑπ

2071 466 2081 494 ι
2115 438 2314 493 rum".
2348 439 2483 496 Cum
2520 442 2700 512 itaque
2738 444 3059 500 delictorum
3102 443 3410 514 huiusmodi
3433 458 3660 514 prorsus

448 516 606 586 άρχει
629 553 647 581 ,
696 513 854 568 ποίαν
884 516 1156 589 ἁμαρτίαν
1172 517 1283 588 ἔχει
1305 519 1368 572 τὸ
1391 519 1749 594 ἀνθημερινὸν
1770 522 2002 586 παιδίον,

445 607 492 658 εί
519 607 591 676 μὴ
619 605 800 670 καθὼς
825 606 1032 677 ἔφημεν
1063 607 1152 660 τὸν
1181 610 1487 679 σωματικὸν
1516 611 1686 683 ῥύπον
1704 630 1718 644 ·
1749 612 1871 669 οὕτε
1897 614 2002 686 μὴν

441 699 470 751 ό
498 697 668 767 λέγων
700 698 802 769 ἔφη
826 715 840 730 '
864 697 1072 765 Οὐδεὶς
1117 702 1378 770 καθαρὸς
1415 704 1521 758 ἀπὸ
1540 705 1812 778 ἁμαρτίας
1833 745 1849 770 ,
1887 706 2001 761 ἀλλ’

439 789 554 844 ἀπὸ
568 790 789 857 ῥύπου.

732 907 840 978 (l0)
875 909 1217 967 Ἄθανασίου
1250 911 1710 984 Ἀλεξανδρείας,

436 1020 560 1095 Πῷς
602 1022 820 1095 νοητέον
866 1023 926 1076 τὺ
954 1065 967 1086 ,
1001 1024 1063 1095 '0
1088 1025 1391 1094 ἐμϐλέψας
1441 1027 1695 1095 γυναῖκα
1740 1026 1892 1093 πρὸς
1926 1027 1994 1081 τὸ

501 1091 864 1170 ἐπειθυμῇςγαι
898 1093 1095 1170 *αὺζῆς
1117 1091 1244 1164 ἤδη
1277 1091 1658 1166 ’ἐμοίχευσεν
1694 1091 1888 1165 αὐτὴν
1925 1098 1996 1151 ἐν

500 1162 576 1228 τῇ
607 1162 816 1229 καρδίᾳ
842 1165 1049 1218 αὐτοῦ.

498 1251 753 1322 Μοιχεύει
782 1257 1015 1321 γυναῖκα
1063 1259 1128 1328 τῇ
1164 1257 1360 1329 καρδίᾳ
1388 1259 1612 1321 ἐκεῖνος,
1654 1261 1683 1312 ὁ
1724 1258 1989 1311 συνδιατι-

430 1339 650 1412 θέμενος
693 1346 758 1415 τῇ
815 1344 1030 1415 πράξει,
1084 1347 1403 1402 ἀπεκώλυσε
1444 1349 1500 1403 δὲ
1539 1350 1630 1403 τὸν
1660 1350 1915 1414 τοιοῦτον,
1950 1348 1983 1421 ἢ

426 1434 675 1506 τόπος,ἢ
725 1437 936 1506 χρόνος,
992 1438 1025 1510 ἢ
1062 1439 1221 1508 φόϐος
1253 1440 1359 1495 τῶν
1422 1441 1737 1511 Ῥωμαϊκῶν
1788 1441 1983 1512 νόμων.

431 1526 550 1579 Ὀτι
577 1526 634 1579 δὲ
668 1527 871 1595 πολλοὶ,
906 1529 980 1600 μὴ
1008 1530 1301 1601 δράσαντες
1323 1530 1419 1603 τὴν
1453 1532 1729 1597 ἀσέϐειαν,
1753 1533 1829 1595 ὠς
1866 1549 1985 1603 μοι-

423 1618 507 1688 χοὶ
527 1618 913 1690 ἐκολάσθησαν,
947 1621 1141 1693 ῥᾳδίως
1170 1623 1284 1676 ἐστὶ
1310 1624 1435 1687 τοὺς
1462 1623 1669 1687 πάντας
1714 1623 1985 1695 πληροφο-

424 1708 654 1779 ρηθῆναι
680 1713 743 1763 ἐκ
770 1710 864 1764 τοῦ
908 1713 1276 1783 ὐλοφέρνους.
1302 1714 1625 1779 Σπεύδοντος
1650 1718 1757 1784 γάρ
1788 1714 1981 1786 δρᾶσαι

416 1799 479 1854 τὸ
505 1799 694 1870 μύσος,
722 1804 753 1870 ἠ
784 1804 971 1857 Ἰουδὶθ
990 1845 1004 1868 ,
1036 1804 1112 1868 ὼς
1148 1805 1311 1875 νόμος
1349 1805 1720 1878 δικαιοσύνης,
1769 1824 1978 1861 σπασα-

420 1893 552 1965 μένη
581 1894 640 1947 τὸ
673 1893 825 1964 ξίφος
852 1896 1124 1968 ἀπέτεμεν
1156 1896 1318 1950 αὑτοῦ
1355 1897 1454 1969 τὴν
1491 1899 1752 1969 κεφαλὴν,
1783 1902 1978 1954 ἐπικα-

415 1983 685 2054 λεσαμένη
715 1986 794 2048 είς
828 1984 1080 2057 βοήθειαν
1103 1988 1196 2041 καὶ
1220 1987 1635 2058 ὑπερασπισμὸν
1665 1988 1755 2041 τὸν
1777 1988 1976 2061 δοτῆρα

411 2073 519 2128 τῶν
555 2074 734 2143 νόμων
785 2076 948 2141 Θεὸν,
998 2078 1093 2130 καὶ
1136 2078 1395 2149 συνεργὸν
1448 2078 1548 2146 τῆς
1602 2081 1969 2152 σωφροσύνης.

422 2165 694 2230 Ὡσαύτως
719 2167 812 2220 καὶ
837 2169 887 2221 οἱ
919 2167 1012 2222 δύο
1040 2170 1418 2241 πρεσϐύτεροι,
1454 2171 1735 2242 εἰρηκότες
1763 2175 1826 2243 τῇ
1861 2175 1974 2227 Σω-

410 2255 597 2328 σάννῃ,
637 2257 792 2312 Ἰδοὺ
820 2258 1182 2328 ἐνέπιθυμίᾳ
1207 2261 1320 2314 σού
1338 2261 1545 2329 ἐσμεν,
1584 2262 1784 2334 καίπερ
1816 2262 1972 2317 τοῦτο

410 2345 485 2418 μὴ
511 2347 835 2418 πράξαντες,
871 2349 947 2412 ὡς
988 2351 1167 2419 μοιχοὶ
1195 2349 1587 2423 ἐκολάσθησαν,
1628 2354 1721 2407 καὶ
1743 2354 1842 2425 τὴν
1875 2355 1971 2426 ζησ-

408 2442 536 2511 μίαν
560 2441 717 2512 ἔσχον
740 2442 986 2497 θάνατον.
1018 2444 1145 2497 Ἐἀν
1164 2440 1257 2499 οὖν
1281 2447 1374 2500 καὶ
1401 2446 1524 2521 ἄρτι
1552 2447 1635 2512 τίς
1656 2449 1772 2501 ἐστι
1796 2447 1971 2502 τοιοῦ-

401 2546 514 2595 τος,
541 2530 855 2595 ἀκόλαστος,
883 2532 1147 2604 ἀκρατὴς,
1191 2534 1472 2606 ἐπιθυμῶν
1524 2535 1817 2608 ἀλλοτρίων
1867 2553 1966 2605 γυ-

400 2620 621 2687 ναικῶν,
655 2623 797 2677 κατά
831 2623 1069 2678 διάνοιαν
1109 2625 1379 2696 μοιχεύειο
1411 2628 1439 2680 ό
1485 2627 1594 2699 γὰρ
1623 2628 1965 2699 ἡγεμονεύων

397 2713 505 2766 τῶν
530 2713 736 2780 παθῶν,
760 2715 1077 2786 καθαρεύων
1105 2716 1214 2771 ἀπὸ
1239 2717 1570 2789 ὀφλήματος,
1606 2719 1714 2773 ἀπὸ
1747 2722 1965 2792 αἰσχρο-

397 2802 601 2873 λογίας,
623 2797 776 2871 οὗτος
795 2807 895 2861 οὐκ
913 2806 1028 2861 ἔστι
1051 2808 1255 2880 μοιχὸς,
1290 2808 1425 2862 ἀλλά
1448 2810 1910 2882 παθοκρατορικός
1944 2824 1960 2841 ⁸

396 2898 733 2952 ἀναστέλλων
785 2899 847 2952 τὸ
902 2899 1139 2970 ἐπαχθὲς
1164 2901 1265 2971 τῆς
1306 2902 1495 2973 ἡδονῆς
1520 2902 1598 2973 τῷ
1620 2902 1785 2974 θεῖκῷ
1812 2904 1962 2975 φόϐῳ

394 2989 471 3055 ὡς
508 2989 659 3061 κῦμα
682 2991 968 3046 θαλάσσιον
1004 2992 1442 3064 ἀνακοπτόμενον
1476 2993 1579 3047 ὑπὸ
1609 2996 1833 3066 ἰσχυρᾶς
1865 2995 1961 3049 καὶ

396 3084 621 3155 στερεᾶς
648 3083 875 3154 πέτρας.
1106 3112 1109 3115 λ

462 3174 573 3247 (Η)
603 3177 672 3228 El
695 3173 764 3227 δὲ
783 3177 817 3229 ό
845 3175 1149 3244 ὀφθαλμός
1181 3190 1298 3231 σου
1328 3178 1362 3231 ὁ
1397 3176 1597 3243 δεξιὸς
1632 3177 1958 3232 σκανδαλί-

389 3264 469 3329 ζει
496 3281 590 3332 σε,
625 3266 801 3332 ἔξελε
834 3267 1041 3334 αὑτὸν,
1080 3267 1180 3322 καὶ
1215 3266 1376 3333 ,βάλε
1420 3269 1537 3325 ἀπὸ
1576 3270 1694 3325 σοῦ
1717 3311 1732 3336 ,
1764 3271 1857 3324 καὶ
1886 3269 1958 3325 τὰ

388 3359 531 3429 ἑξῆς.
580 3359 894 3425 Βαδίζοντες
937 3360 1034 3432 τὴν
1075 3362 1284 3433 ἀπλανῆ
1335 3362 1431 3417 καὶ
1477 3362 1758 3436 ζωηφόρον
1813 3363 1951 3431 ὁδὸν,

384 3448 661 3521 ὀφθαλμὸν
707 3451 803 3521 μὲν
859 3451 1179 3524 ἐκκόψωμεν
1226 3453 1644 3518 σκανδαλίζοντα
1679 3472 1692 3483 '
1742 3455 1817 3527 μὴ
1863 3455 1953 3510 τὸν

386 3543 641 3613 αἰσθητόν
670 3543 782 3615 (12)
803 3560 817 3574 ·
850 3544 943 3597 καὶ
961 3543 1071 3616 γὰρ
1105 3548 1273 3617 πηροὶ
1308 3546 1483 3617 μοιχοί
1501 3561 1515 3576 ⁸
1546 3545 1684 3600 ἀλλά
1708 3547 1798 3601 τὸν
1830 3564 1953 3619 νοηο

385 3634 497 3687 τόν.
530 3628 654 3687 Οἷον
676 3634 817 3689 salvo
845 3635 1140 3700 ἐπίσκοπος
1173 3638 1205 3708 ἢ
1242 3639 1270 3691 ό
1299 3637 1686 3709 πρεσϐύτερος,
1727 3640 1776 3692 οί
1800 3638 1953 3703 ὄντες

383 3726 648 3798 ὀφθαλμοὶ
689 3728 789 3798 τῆς
834 3727 1186 3798 Ἐκκλησίας,
1232 3729 1416 3793 κακῶς
1467 3729 1948 3801 ἀναστρέφωνται,

384 3818 477 3872 καὶ
502 3817 890 3883 σκανδαλίζωσι
921 3818 1010 3873 τὸν
1037 3819 1184 3884 λαὸν,
1219 3819 1323 3891 χρὴ
1351 3802 1547 3883 αὐτοὺς
1568 3819 1946 3874 ἐκϐάλλεσθαι.

2107 529 2340 600 imperiti
2362 532 2567 600 parvuli
2599 531 2739 599 sint;
2766 534 2930 601 quod,
2950 548 3152 602 quaeso,
3172 541 3448 603 peccatum
3466 532 3661 587 admit-

2109 630 2185 676 tat
2208 623 2472 691 puerulus
2502 623 2613 693 ipsa
2655 624 2743 680 die
2789 634 2970 689 natus,
2999 626 3123 689 nisi,
3151 625 3227 679 uti
3251 625 3508 686 diximus,
3535 638 3660 678 cor-

2102 729 2319 783 porcam
2349 714 2562 770 sordem
2580 716 2603 769 ?
2618 713 2800 786 Neque
2825 717 2969 771 enim
2997 716 3070 770 ita
3091 716 3309 783 dicitur,
3336 713 3500 769 Nemo
3515 729 3658 769 mun-

2102 806 2202 859 dus
2233 821 2263 861 a
2290 817 2531 876 peccato,
2561 806 2677 873 sed,
2708 824 2740 861 a
2765 807 2936 865 sorde.

2553 917 2832 974 Athanasii
2848 919 3213 973 Alexandrini.

2099 1028 2220 1096 Quo
2247 1038 2405 1098 pacto
2442 1030 2846 1100 intelligendum
2878 1031 3006 1086 illud
3037 1049 3051 1084 :
3085 1031 3190 1096 Qui
3217 1032 3425 1100 respicit
3464 1031 3652 1086 mulie-

2166 1117 2270 1152 rem
2305 1101 2374 1152 ad
2417 1102 2882 1166 concupiscendum
2925 1117 3059 1165 eam,
3079 1101 3197 1171 jam
3246 1102 3529 1157 ma’cltatus
3570 1110 3649 1157 est

2161 1186 2275 1223 eam
2303 1171 2355 1224 in
2378 1171 2528 1225 corde
2557 1187 2651 1224 suo
2671 1172 2737 1228 ⁷⁸.

2162 1257 2463 1313 Minabatur
2509 1259 2672 1314 corde
2716 1274 2839 1314 cum
2888 1262 3136 1324 muliere,
3177 1260 3270 1330 qui
3321 1260 3659 1334 perﬁciendo.

2090 1345 2241 1412 operi
2273 1347 2583 1412 consensit;
2611 1346 2706 1402 sed
2729 1347 2797 1402 ab
2829 1348 3017 1402 illicito
3042 1359 3095 1403 et
3134 1364 3299 1418 pravo
3328 1364 3644 1420 congressu,

2088 1443 2183 1487 aut
2209 1435 2351 1497 loco,
2379 1444 2473 1489 aut
2492 1446 2751 1505 tempore,
2780 1446 3036 1491 autmetu
3068 1437 3431 1493 Romanarum
3466 1440 3644 1509 legum

2086 1528 2354 1581 coercitus
2406 1534 2509 1584 est.
2547 1526 2705 1594 Quod
2739 1536 2919 1583 autem
2968 1529 3157 1594 multi,
3192 1530 3284 1599 qui
3323 1531 3559 1587 exterius
3584 1532 3640 1586 in

2084 1626 2368 1686 peccatum
2401 1632 2508 1671 non
2549 1629 2951 1689 proruperunt,
2984 1620 3143 1690 quasi
3191 1622 3391 1677 moechi
3433 1624 3638 1693 suppli-

2084 1710 2169 1763 cio
2193 1709 2367 1765 allecti
2389 1710 2609 1775 fuerint,
2634 1712 2888 1767 omnibus
2902 1712 3075 1782 palam
3098 1710 3275 1769 facere
3301 1715 3355 1768 in
3385 1726 3637 1786 promptu

2080 1811 2164 1857 est
2191 1818 2257 1858 ex
2282 1801 2644 1873 Holopherne.
2670 1802 2804 1858 Nam
2826 1819 2948 1860 cum
2983 1802 3183 1861 ltedum
3215 1821 3352 1875 opus
3381 1821 3639 1877 peragere

2078 1894 2318 1962 gestiret,
2349 1893 2555 1961 Judith,
2583 1910 2681 1950 ceu
2709 1896 2796 1951 lex
2840 1896 3085 1966 quaedam
3113 1896 3360 1966 iustitite,
3386 1896 3634 1952 districto

2076 1988 2257 2058 gladio
2302 1998 2463 2058 caput
2492 1988 2610 2058 ejus
2641 1988 2889 2051 abscidit,
2926 1989 3176 2043 invocato
3201 1990 3353 2059 prius
3378 1989 3445 2044 ad
3476 2004 3633 2059 opem

2074 2088 2127 2134 et
2156 2080 2519 2149 patrocinium
2564 2079 2745 2150 legum
2776 2079 2963 2134 datore
2991 2089 3043 2134 et
3076 2081 3425 2135 continentia:
3450 2082 3634 2153 opitu-

2072 2169 2246 2225 latore
2293 2169 2423 2225 Deo.
2456 2168 2659 2225 Eodem
2703 2184 2920 2241 quoque
2954 2171 3117 2226 modo
3154 2186 3312 2227 senes
3343 2171 3473 2237 duo,
3505 2188 3630 2228 cum

2073 2259 2338 2315 Susannze
2366 2260 2661 2315 dixissent:
2699 2259 2834 2315 Ecce
2859 2260 2915 2315 in
2951 2261 3375 2331 concupiscentia
3417 2262 3497 2316 tui
3537 2278 3631 2316 sa-

2070 2352 2268 2418 mus“,
2299 2351 2514 2405 etiamsi
2545 2350 2756 2407 facinus
2779 2366 2885 2405 non
2914 2359 3333 2422 perpetrassent,
3355 2352 3629 2407 utmtechi

2069 2438 2211 2508 plexi
2247 2452 2311 2493 ac
2344 2446 2521 2492 morte
2557 2438 2802 2492 mulctati
2829 2446 2976 2493 sunt.
3008 2437 3065 2492 Si
3098 2438 3200 2493 hoc
3233 2453 3362 2509 ergo
3388 2447 3629 2507 tempore

2066 2528 2336 2600 quispiam
2357 2529 2428 2585 sit
2454 2528 2785 2599 huiusmodi,
2803 2531 3191 2600 intemperans,
3221 2529 3474 2596 lascivus,
3492 2528 3626 2584 alie-

2067 2638 2165 2678 nas
2192 2637 2391 2677 uxores
2413 2632 2695 2692 appetens,
2726 2623 2772 2678 is
2798 2622 2981 2676 animo
3016 2623 3334 2678 fornicatur.
3366 2619 3499 2675 Nam
3532 2619 3626 2691 qui

2064 2710 2117 2764 in
2153 2710 2379 2766 allectus
2414 2726 2545 2766 suos
2583 2711 2872 2781 imperium
2919 2712 3102 2777 habet,
3135 2726 3165 2765 a
3204 2710 3402 2780 quovis
3430 2709 3624 2765 delicte

2060 2817 2232 2871 purus
2260 2810 2313 2858 et
2356 2805 2423 2856 ab
2455 2802 2708 2858 obscenis
2739 2802 2897 2858 dictis
2921 2842 2937 2866 ,
2982 2802 3068 2857 hic
3097 2803 3344 2858 moechus
3382 2817 3489 2856 non
3519 2810 3622 2865 est,

2061 2892 2155 2948 sed
2204 2894 2517 2964 cupiditatis
2540 2895 2742 2960 victor;
2767 2893 2966 2964 quippe
3003 2893 3094 2964 qui
3132 2893 3421 2964 voluptatis
3449 2892 3622 2963 impe-

2062 2992 2176 3038 tum
2204 2985 2389 3039 divino
2423 2995 2593 3047 metu,
2625 2987 2781 3055 quasi
2813 2985 3174 3041 decumanum
3202 2984 3368 3039 maris
3395 2983 3621 3038 ﬂuctum

1980 3100 2024 3159 ρ
2058 3091 2086 3129 a
2114 3076 2289 3131 solida
2312 3084 2366 3131 et
2384 3080 2535 3131 tirma
2571 3085 2721 3147 petra
2750 3091 3081 3147 repressum,
3106 3084 3372 3132 coerceat.

2128 3167 2188 3223 Si
2227 3167 2408 3222 oculus
2444 3178 2565 3222 tuus
2589 3169 2769 3243 dexter
2796 3167 3128 3223 scandalizat
3157 3178 3227 3234 te,
3249 3184 3370 3221 erue
3405 3183 3544 3232 eum,
3570 3175 3621 3222 et

2054 3256 2252 3327 projice
2283 3254 2376 3309 abs
2411 3265 2458 3310 te
2479 3257 2547 3324 ⁷³,
2575 3264 2628 3311 et
2657 3269 2871 3312 caetera.
2899 3256 3213 3312 lncedentcs
3237 3267 3416 3312 autem
3449 3257 3502 3312 in
3532 3257 3620 3313 via

2054 3346 2189 3401 nulli
2218 3346 2391 3402 errori
2437 3347 2672 3402 obnoxia
2703 3357 2755 3403 et
2770 3347 3004 3412 virilica,
3033 3349 3253 3403 oculum
3287 3363 3542 3404 eruamus
3570 3347 3615 3403 si

2055 3439 2214 3496 nobis
2257 3439 2583 3495 offendicula
2611 3440 2710 3506 sit;
2754 3456 2861 3495 non
2898 3441 3114 3511 quidem
3152 3440 3407 3497 sensilem
3441 3441 3617 3505 illum,

2051 3546 2177 3586 nam
2206 3532 2335 3587 caeci
2378 3547 2596 3602 quoque
2621 3531 2819 3588 ιηωοίιί
2845 3541 2992 3600 sunt,
3023 3532 3116 3588 sed
3157 3531 3491 3603 spiritualem
3518 3550 3532 3598 ;
3557 3542 3618 3589 ut

2051 3624 2119 3692 si,
2146 3624 2295 3679 verbi
2324 3639 2512 3689 causa,
2537 3625 2824 3694 episcopus
2844 3636 2898 3679 et
2918 3625 3217 3697 presbyter,
3243 3624 3334 3694 qui
3363 3633 3491 3678 sunt
3509 3621 3616 3680 Ec-

2050 3716 2227 3772 clesiae
2271 3716 2435 3782 oculi,
2476 3716 2723 3786 improbe
2774 3725 3081 3782 versentur,
3114 3727 3168 3771 et
3206 3717 3403 3787 populo
3427 3718 3615 3788 lapsus

2051 3810 2268 3864 occasio
2297 3809 2426 3872 sint,
2461 3808 2796 3879 abjiciendos
2842 3818 3069 3879 oportet.
3102 3806 3331 3863 Praestat
3378 3809 3527 3864 enim
3556 3809 3612 3865 in

382 3909 666 3982 Σιιμφέρον
698 3910 808 3981 γάρ
851 3911 1000 3966 ἐστιν
1028 3911 1157 3966 ἄνευ
1187 3911 1367 3965 αὐτῶν
1397 3911 1840 3985 συναθροίζεσθαι
1867 3914 1948 3977 είς

2071 3900 2214 3956 lomo
2232 3900 2515 3965 orationis,
2534 3900 2754 3955 remotis
2780 3899 3210 3965 illis,conventus
3227 3914 3406 3969 agere,
3421 3914 3610 3969 quam,

385 4006 669 4077 εὐκτήριον
700 4000 868 4071 οἷκον,
897 4006 930 4077 ἢ
956 4009 1071 4077 μετ’
1102 4007 1298 4070 αὐτοὺς
1326 4006 1683 4079 ἑμδληθῆναι,
1710 4007 1786 4071 ὡς
1808 4006 1948 4078 μετὰ

2071 3993 2192 4047 εειυι
2208 4009 2330 4047 cum
2350 3993 2507 4048 Anna
2522 4003 2573 4048 et
2590 3991 2815 4061 Caipha,
2830 4006 2950 4047 cum
2969 3992 3050 4047 eis
3071 3989 3218 4061 injici
3238 3991 3290 4044 in
3309 3990 3609 4062 gehennam

409 4099 554 4153 Δννα
580 4098 673 4152 καὶ
706 4099 950 4167 Καῖάφα,
976 4099 1056 4161 είς
1090 4097 1187 4169 τὴν
1228 4098 1454 4167 γέενναν
1489 4098 1585 4151 τοῦ
1626 4099 1814 4169 πυρός.
1864 4095 1948 4153 '0—

2071 4086 2208 4156 gnis.
2245 4083 2510 4139 Similiter
2535 4083 2582 4139 si
2617 4084 2899 4149 diaconus,
2923 4083 3014 4151 qui
3039 4097 3138 4154 pro
3165 4096 3327 4137 manu
3358 4080 3607 4148 habetur,

384 4188 551 4257 μοίως
569 4187 625 4241 δὲ
662 4187 756 4241 καὶ
780 4189 813 4258 ἡ
840 4187 979 4258 χεὶρ,
1006 4186 1310 4251 ὁδιάκονος,
1334 4188 1426 4241 ἐὰν
1447 4187 1678 4254 ἀναξίως
1704 4205 1756 4241 τι
1777 4187 1946 4259 πράτ-

2071 4177 2325 4247 lldigltllm
2352 4175 2479 4247 quid
2516 4174 2705 4246 egerit,
2736 4174 2804 4229 ab
2822 4175 2978 4229 altari
3004 4182 3332 4245 segregetur.
3366 4172 3610 4229 Minister

379 4295 467 4353 τῃ,
500 4275 816 4350 χωριζέσθω
835 4278 928 4332 τοῦ
960 4279 1344 4351 θυσιαστηρίου
1376 4279 1508 4351 (15).
1553 4279 1611 4333 'U
1633 4279 1691 4332 δὲ
1735 4278 1889 4344 ποῦς,
1914 4280 1944 4334 ό

2071 4281 2172 4321 'ero
2200 4268 2293 4337 qui
2316 4282 2415 4337 pro
2448 4267 2582 4336 pede
2612 4276 2912 4336 reputatur,
2935 4267 2982 4322 si
3014 4267 3257 4337 improbe
3284 4267 3350 4320 ad
3382 4264 3608 4320 menda-

380 4372 677 4444 ὑπηρέτης,
707 4370 801 4425 ἐὰν
830 4372 1014 4435 κακῶς
1059 4372 1224 4443 τρέχῃ
1268 4373 1348 4435 εἰς
1380 4371 1440 4426 τὸ
1473 4371 1685 4443 ψεῦδος,
1722 4373 1816 4425 καὶ
1842 4372 1940 4443 τὴν

2071 4357 2211 4422 :ium,
2244 4369 2298 4412 et
2327 4358 2393 4414 ad
2424 4372 2673 4422 munera,
2699 4365 2759 4412 ut
2783 4355 2933 4413 Giezi
2963 4357 3030 4423 ⁷⁸,
3067 4357 3381 4427 accipienda
3405 4356 3604 4411 decur-
3672 4411 3687 4431 ,

378 4462 537 4533 λῆψιν
558 4460 665 4516 τῶν
687 4462 980 4533 χρημάτων
1014 4464 1153 4516 κατά
1191 4463 1283 4516 τὸν
1313 4462 1497 4533 Γιεζῆ,
1518 4463 1599 4517 δεῖ
1632 4463 1725 4517 καὶ
1751 4462 1938 4516 τοῦτον

2073 4460 2155 4517 at;
2186 4451 2331 4506 hunc
2363 4465 2579 4521 quoque
2621 4465 2759 4520 opus
2789 4458 2892 4515 est,
2930 4458 2990 4505 ut
3031 4464 3258 4520 pravum
3307 4456 3362 4503 et
3398 4449 3607 4517 impru-

376 4552 475 4624 τῆς
514 4551 854 4623 λειτουργίας
883 4550 1272 4619 ἀποξενοῦσθαι
1297 4552 1373 4617 ὡς
1398 4552 1630 4624 χαλεπὸν
1654 4554 1747 4606 καὶ
1775 4551 1940 4625 ἀσύν-

2072 4552 2250 4598 entem
2284 4542 2581 4606 hominem,
2615 4559 2645 4597 a
2687 4542 2992 4598 ministerio
3026 4542 3379 4608 submovere;
3415 4548 3474 4594 ut
3495 4537 3601 4595 Ec-

377 4660 494 4697 rcov
549 4644 829 4714 ἄνθρωπον
858 4660 872 4674 ο
928 4644 1014 4697 ἵνα
1060 4646 1095 4715 ἡ
1154 4643 1444 4717 Ἐκκλησία
1498 4644 1940 4709 ἀσκανδαλίστως

2071 4634 2201 4691 lesia
2225 4634 2344 4692 sine
2367 4635 2668 4691 oﬂcusione
2698 4644 3027 4706 congregata
3057 4642 3323 4690 servetur.

378 4735 713 4805 συναγομένη
735 4735 1257 4808 διαφυλαχθήσηται.

654 4851 765 4922 (Η)
810 4852 1154 4907 Ἀθανασίου
1189 4850 1648 4919 Ἀλεξανδρείας,

475 4941 687 4996 Βιϐλίου
725 4942 823 5014 τῆς
848 4945 1138 5016 ἑρμηνείας
1162 4943 1255 4999 τοῦ
1288 4945 1444 5013 ἁγίου
1471 4944 1823 5012 Εύαγγελίου.

441 5033 771 5103 Προσέχετε
795 5033 864 5088 δὲ
887 5035 1001 5102 τὴν
1015 5037 1431 5106 ἐλεημοσύνην
1450 5035 1616 5106 ὑμῶν
1631 5035 1718 5105 μὴ
1741 5034 1934 5089 ποιεῖν

370 5124 706 5193 ἔμπροσθεν
727 5123 844 5179 τῶν
880 5123 1205 5193 ἀνθρώπων
1238 5129 1388 5197 πρὸς
1419 5130 1485 5183 τὸ
1515 5125 1795 5196 θεαθῆναι
1823 5128 1931 5180 αὺ-

374 5215 492 5282 τοῖς
518 5232 530 5245 ·
566 5218 619 5270 sl
649 5214 718 5269 δὲ
742 5213 828 5285 μή
856 5232 942 5286 τε,
963 5217 1186 5286 μισθὸν
1202 5220 1314 5272 οὐκ
1338 5219 1506 5289 ἔχετε
1528 5218 1686 5289 παρὰ
1711 5216 1793 5284 τῷ
1818 5220 1934 5271 Πα-

438 5332 485 5404 f’_
508 5332 695 5404 Matth.
736 5349 891 5399 xvm,
929 5332 984 5388 3.
1078 5332 1125 5366 ⁷⁸
1149 5333 1338 5390 Matth.
1398 5353 1452 5404 ν,
1509 5338 1596 5392 28.
1689 5335 1891 5390 "Dan.
1949 5334 2032 5402 l5,
2089 5332 2182 5389 20.

367 5401 414 5433 ’⁸
440 5401 624 5457 Matth.
683 5419 756 5469 rt,
790 5405 843 5458 Ι.

437 5510 546 5592 ζίῼ)
581 5510 721 5592 ﬁdit.
745 5513 943 5592 A_th_an.
972 5531 1036 5573 ex
1062 5517 1244 5592 codice
1273 5519 1589 5587 Barociano,
1618 5538 1671 5592 p.
1704 5521 1854 5577 1026.

2484 4839 2763 4895 Athanasii
2792 4838 3139 4896 Alexandrini

2160 4930 2237 4986 Ex
2271 4930 2410 4986 libro
2435 4930 2892 5000 interpretationis
2921 4932 2974 4987 in
3010 4930 3067 4987 S.
3096 4928 3467 4998 Evangelium.

2108 5024 2379 5099 Atteudite
2407 5039 2469 5078 ne
2494 5023 2876 5096 eleemosynam
2911 5035 3134 5080 vestram
3176 5022 3389 5092 faciatis
3419 5036 3598 5075 coram

2037 5118 2354 5185 hominibus,
2392 5127 2450 5172 ut
2494 5118 2778 5174 videamini
2817 5121 2880 5173 ab
2920 5120 2994 5174 eis
3017 5133 3036 5171 :
3075 5118 3277 5188 alioqui
3313 5117 3596 5171 mercedem

2039 5231 2144 5268 non
2167 5212 2417 5267 habebitis
2441 5212 2583 5281 apud
2606 5210 2816 5267 Patrem
2837 5218 3060 5265 vestrum
3076 5211 3166 5282 qui
3189 5211 3242 5263 in
3262 5209 3403 5265 cazlis
3426 5217 3503 5264 est
3524 5208 3592 5263 τι.

2280 5332 2325 5363 τι
2347 5330 2537 5385 Matth.
2584 5347 2654 5394 ν,
2707 5330 2795 5386 29.
2876 5311 2965 5362 δτι
3012 5329 3079 5384 IV
3139 5327 3269 5399 Reg.
3318 5344 3370 5394 ν,
3410 5326 3593 5384 aues.

2098 5514 2209 5582 (l5)
2241 5513 2373 5587 Quae
2401 5524 2708 5587 sequuntur
2730 5516 2805 5587 ad
2839 5517 2997 5571 tinem
3032 5530 3204 5587 usque
3236 5530 3301 5571 ex
3334 5528 3467 5571 mss.
3491 5514 3589 5569 de—

434 5582 563 5705 ;lll.
584 5581 725 5637 Edit.
772 5585 994 5667 Athan,
1046 5602 1097 5657 p.
1130 5587 1290 5651 {027,
1332 5608 1399 5645 ex
1433 5581 1635 5647 codic'e'
1657 5591 1918 5647 Vaticano
2027 5595 2294 5653 prompta.
2319 5581 2697 5640 desiderantur
2725 5586 2779 5639 in
2805 5589 2933 5640 edit.

368 5650 432 5703 259
475 5691 488 5705 .
528 5649 722 5705 Verum
766 5664 1008 5705 auctiora
1057 5665 1109 5705 et
1154 5662 1520 5705 ememlnlinra
1556 5664 1821 5705 ηι-ηιιριιηι
1849 5676 1914 5705 ee
2095 5652 2207 5705 (Mt
2241 5653 2365 5705 Haec
2425 5654 2688 5705 urodeunt
2720 5670 2785 5705 ex
2817 5656 2933 5705 cod.

467 5664 488 5730 ί.
528 5649 1109 5730 Ῡειυηι-ξιιιριίρνὲξςι
1154 5649 1521 5716 emendatiora
1556 5664 1914 5729 prodeuntes

364 5722 542 5774 codice
565 5719 695 5789 Reg.
727 5722 880 5782 1995.
914 5723 951 5778 i.
981 5725 1106 5788 520,
1129 5741 1177 5782 et
1206 5745 1271 5785 ex
1304 5731 1422 5786 cod.
1451 5719 1682 5786 Colhert.
1717 5732 1840 5789 504.

433 5790 542 5861 (12)
586 5788 708 5847 llaec
736 5792 928 5848 desunt
949 5798 1003 5850 in
1033 5799 1189 5865 edit,
1234 5803 1324 5857 sed
1352 5801 1615 5857 habentur
1644 5804 1699 5861 in
1730 5788 1859 5859 mss.

2095 5652 2207 5727 (μ)
2241 5653 2365 5727 Haec
2424 5654 2688 5727 prodeunt
2720 5670 2786 5727 es
2817 5656 2939 5711 cod.
2972 5655 3101 5727 Reg.
3145 5653 3373 5727 1993,ὶὶ
3405 5652 3586 5709 saculi

2020 5721 2057 5864 ἓ
2258 5721 2702 5798 longe'auctiora
2755 5724 2821 5780 iis
2855 5741 2975 5795 quae
3028 5721 3081 5782 in
3127 5727 3269 5782 edito
3312 5726 3587 5796 leguntur,
