3990 6208
463 358 596 416 1371
1270 357 1327 410 S.
1361 346 1731 407 ATil-ANASII
1768 343 1919 403 OPP.
1960 339 2039 397 PA

2083 339 2142 394 is
2180 337 2271 395 ιιι.
2304 366 2377 381 -
2413 333 2820 393 exessum.
3534 310 3659 382 tm

460 474 720 533 Bortatur
743 476 925 544 itaque
958 488 1058 530 nos
1080 469 1425 541 Unigenitus,
1449 480 1510 527 ιιι
1534 488 1602 528 ne
1626 473 2031 539 eleemosynam

2082 463 2109 520 ι
2133 458 2225 527 τρὶ
2255 459 2424 528 ὑμῶν
2442 454 2523 523 τῷ
2540 457 2610 511 ἐν
2635 454 2762 521 τοῖς
2791 449 3088 521 οὐρανοῖς.
3117 446 3464 519 Συμὸουλεύει
3481 446 3534 501 δὲ
3550 450 3658 519 ἡμῖν

463 568 730 625 faciamus
755 582 938 622 coram
972 565 1311 629 hominibus;
1344 579 1453 620 non
1483 572 1543 618 ut
1576 573 1897 619 cunctemur
1925 558 2034 613 fra-

2135 550 2165 601 6
2192 547 2497 618 Μονογενὴς
2534 547 2608 618 μὴ
2647 546 2822 597 ποιεῖν
2856 542 2952 612 τὴν
2994 537 3354 609 ἐλεημοσύνην
3391 537 3656 609 ἔμπροσθεν

465 672 575 717 tres
608 670 822 714 no~tros
854 658 1056 724 fovere,
1101 673 1164 712 ac
1201 659 1385 729 egenis
1423 659 1558 712 bene
1592 656 1811 722 facere;
1850 652 1942 707 sed
1976 658 2034 704 ut

2134 636 2242 691 τῶν
2268 636 2612 709 ἀνθρώπων*
2669 635 2768 705 ούχ
2810 633 2896 686 ἵνα
2939 630 3216 703 μέλλωμεν
3265 629 3658 701 περιστέλλεσθαι

467 768 563 817 ne,
589 767 741 805 vana:
784 750 958 803 laudis
1000 749 1364 817 appetentium
1414 746 1814 801 Pharismomm
1848 757 2032 799 exem-

2135 732 2261 795 τοὺς
2290 731 2549 801 ἀδελφοὺς
2577 733 2634 783 ἐν
2665 728 2742 800 τῷ
2786 723 2843 781 εὖ
2891 728 3061 779 ποιεῖν
3086 727 3196 787 τοῖς
3238 722 3525 793 δεομένοις·
3568 724 3658 776 ἀλλ’

469 845 589 913 pio,
638 852 953 913 prmsentem
1002 842 1227 910 gloriam
1280 855 1658 909 aucupentur:
1710 838 1802 893 sed
1852 835 2034 906 potius

2136 823 2222 875 ἵνα
2251 823 2324 894 μὴ
2354 822 2632 892 μέλλωμεν
2659 817 2912 890 θηρεύειν
2945 815 3221 886 παροῦσαν
3249 813 3400 877 δόξαν
3419 813 3546 866 κατά
3561 815 3662 875 τοὺς

468 936 767 989 mercedem
794 933 965 986 Iidclis
991 939 1044 984 et
1080 941 1348 985 accuratte
1387 930 1745 1001 eleemosynas
1773 943 1801 982 a
1837 926 1945 980 Deo
1979 924 2034 977 in

2137 914 2441 979 κενοδόξους
2472 913 2828 982 Φαρισαίουςο
2856 909 3168 979 ἐκδέχεσθαι
3213 906 3269 960 δὲ
3313 905 3498 976 μᾶλλον
3541 909 3661 973 παρᾶ

467 1027 651 1082 futuro
700 1036 1105 1093 exspectemus,
1147 1025 1239 1093 qui
1287 1039 1395 1076 non
1444 1032 1655 1076 tantum
1697 1021 1766 1074 de
1809 1030 2036 1071 munere

2137 1006 2272 1061 Θεοῦ
2308 1006 2404 1077 τὴν
2440 1004 2673 1076 ἀμοιϐὴν
2725 1005 2783 1056 ἐν
2832 1001 2910 1072 τῷ
2944 1000 3186 1072 μέλλοντι
3237 997 3330 1067 τῆς
3373 997 3553 1066 πιστῆς
3589 996 3663 1049 καὶ

466 1120 782 1181 delet-tatur,
817 1127 1076 1186 quantum
1122 1116 1190 1171 de
1238 1117 1419 1185 opima
1465 1124 1519 1169 et
1566 1114 1708 1168 bona
1758 1109 2037 1179 largientis

2139 1098 2601 1170 περισπουδάστου
2650 1093 3016 1166 ἐλεημοσύνης
3048 1133 3061 1156 ,
3096 1092 3153 1154 ὃς
3182 1090 3276 1144 καὶ
3304 1087 3475 1159 χαίρει
3516 1088 3568 1138 ού
3593 1104 3664 1139 το-

466 1213 764 1275 voluntate,
802 1221 859 1264 ιιι
887 1227 949 1264 ex
988 1210 1164 1280 ἱιιιιριε
1204 1209 1402 1270 vidum,
1445 1223 1567 1277 quae
1599 1207 1708 1260 duo
1744 1204 1949 1257 minuta
1983 1202 2037 1257 in

2142 1192 2330 1245 σοῦτον
2356 1190 2447 1242 ἐπὶ
2475 1189 2551 1261 τῷ
2584 1188 2796 1259 δόματι,
2819 1188 2941 1240 ὅσον
2959 1185 3050 1237 ἐπὶ
3072 1185 3137 1253 τῇ
3159 1180 3386 1250 πλουσίᾳ
3413 1180 3500 1232 καὶ
3519 1178 3662 1249 ἀγαθῇ

467 1299 912 1373 gazophylacium
944 1299 1126 1366 misit,
1151 1299 1399 1369 exemplo
1428 1299 1676 1353 ediscere
1702 1295 1966 1351 valemus.

2140 1281 2457 1354 προαιρέσει
2486 1277 2579 1333 τοῦ
2607 1276 2998 1351 μεταδιδόντος,
3029 1275 3103 1338 ὼς
3134 1273 3248 1326 ἐστι
3291 1270 3665 1342 πληροφορηθῆ-

2141 1393 2227 1429 ναι
2269 1376 2334 1428 ἐκ
2364 1374 2463 1445 τῆς
2490 1373 2750 1444 πενιχρᾶς
2800 1371 2975 1443 χήρας
3010 1367 3279 1440 βαλούσης
3315 1366 3385 1419 τά
3407 1365 3495 1419 δύο
3530 1364 3670 1418 λεπτὰ

2143 1466 2222 1530 είς
2247 1465 2308 1518 τὸ
2334 1463 2753 1533 γαζοφυλάκιον.

541 1546 610 1602 Te
645 1555 821 1600 autem
861 1547 1088 1616 faciente
1131 1545 1548 1616 eleemosynam,
1581 1545 1781 1598 nesciat
1825 1544 2044 1597 sinistra

2143 1481 2222 1530 εις
2247 1481 2308 1518 το
2334 1481 2753 1533 γαςοφυλακιον.

2214 1556 2331 1609 Σοῦ
2351 1554 2418 1608 δὲ
2446 1554 2763 1620 ποιοῦντος
2786 1552 3227 1622 ἐλεημοσύνην,
3255 1546 3566 1617 μὴ’γνώτω,
3591 1562 3669 1616 φη-

471 1647 562 1692 tua
590 1638 717 1708 quid
748 1638 912 1707 faciat
952 1637 1170 1692 dextera
1210 1646 1319 1691 tua.
1365 1636 1419 1690 ld
1453 1646 1567 1703 cst,
1595 1635 1901 1689 voluntates
1933 1649 2047 1689 car-

2148 1647 2252 1710 σὶν,
2282 1648 2319 1714 ἡ
2348 1647 2630 1716 ἀριστερὰ
2677 1646 2806 1717 χεὶρ
2856 1647 2914 1699 τί
2956 1643 3117 1698 ποιεῖ
3151 1644 3190 1711 ἠ
3237 1640 3424 1705 δεξιά.
3455 1635 3669 1691 Τουτέστι

467 1731 552 1783 nis
604 1728 837 1797 Spiritus
884 1728 1057 1783 sancti
1108 1728 1396 1782 consilium
1455 1742 1523 1781 ne
1608 1726 1879 1781 noverint.
1941 1723 2043 1791 Qui

2152 1737 2224 1807 μὴ
2263 1738 2459 1789 ειδέναι
2487 1737 2558 1790 τά
2586 1737 2686 1808 τῆς
2719 1735 2919 1809 σαρκὸς
2947 1735 3229 1805 θελήματα
3260 1733 3362 1805 τὴν
3403 1730 3575 1799 σκέψιν
3597 1727 3670 1782 τοῦ

467 1836 596 1875 vero
634 1821 752 1877 fieri
789 1831 980 1891 potest,
1020 1829 1080 1874 ut
1122 1821 1249 1875 dum
1282 1821 1406 1889 quis
1447 1818 1576 1874 facit
1616 1819 2034 1888 eleemosynam,

2094 1826 2291 1898 ιάγίου
2342 1828 2675 1900 Πνεύματος.
2737 1829 2861 1893 Πῶς
2912 1830 2968 1882 δὲ
3034 1829 3126 1882 καὶ
3167 1822 3277 1881 οἷόν
3327 1827 3387 1879 τὲ
3441 1828 3548 1879 ἐστι
3596 1822 3670 1877 τοῦ

467 1926 664 1966 manus
693 1912 811 1981 ejus
846 1912 1064 1967 sinistra
1107 1911 1159 1964 in
1203 1922 1407 1980 partem
1455 1910 1635 1978 operis
1687 1924 1751 1963 ac
1792 1908 2038 1962 beneﬁcii

2142 1919 2421 1983 ποιοῦντος
2448 1920 2544 1991 τὴν
2577 1920 2941 1991 ἐλεημοσύνην
2959 1963 2974 1987 ,
3010 1920 3108 1991 τὴν
3126 1918 3419 1991 ἀριστερὰν
3447 1920 3585 1988 χεῖρα
3614 1917 3670 1989 μὴ

469 2017 579 2057 non
617 2002 835 2056 veniat?
866 2000 1094 2071 Oportet
1124 2002 1269 2055 enim
1299 2000 1487 2055 ambas
1511 2015 1706 2056 manus
1730 2014 1788 2054 se
1809 2000 2040 2055 invicem

2144 2015 2422 2083 συνεργεῖν
2447 2014 2526 2076 εἰς
2553 2012 2614 2065 τὸ
2643 2012 2801 2082 ἔργον
2825 2012 2926 2083 τῆς
2951 2011 3197 2075 εὐποιίας
3222 2027 3237 2075 ;
3264 2010 3386 2081 Χρὴ
3418 2010 3520 2079 γὰρ
3545 2008 3673 2061 παντὶ

469 2095 524 2146 in
553 2091 861 2161 prmstando
908 2090 1169 2145 beneficio
1206 2105 1428 2159 prorsus
1467 2090 1680 2160 juvare.
1727 2088 1862 2144 Nam
1910 2091 2042 2145 laeva

2142 2105 2357 2168 πάντως
2387 2102 2487 2168 τὰς
2524 2104 2792 2176 ἑκατέρας
2825 2106 3013 2175 χεῖρας
3040 2104 3321 2175 συνεργεῖν
3355 2101 3595 2172 ἀλλήλαις
3613 2102 3673 2164 είς

469 2200 635 2239 manu
674 2187 960 2254 pecuniam
1006 2184 1119 2238 sive
1164 2198 1478 2239 crumenam
1534 2191 1786 2249 tenente,
1822 2183 2043 2270 dextera

2141 2198 2238 2269 τὴν
2260 2198 2525 2252 εὐποιίαν.
2554 2196 2668 2266 Τῆς
2707 2195 2815 2270 γάρ
2841 2197 3135 2267 ἀριστερᾶς
3156 2196 3341 2267 χειρὸς
3387 2192 3676 2265 κατεχούσης

468 2276 671 2331 bunum
708 2293 891 2332 semen
920 2279 972 2330 in
1007 2292 1137 2345 agro
1166 2275 1346 2331 cordis
1382 2290 1680 2344 pauperum
1713 2276 1948 2346 spargit,
1984 2256 2044 2332 tit

2142 2256 2208 2342 τδ
2244 2291 2453 2359 χρῆμα,
2485 2288 2605 2358 ἦτοι
2625 2256 3047 2356 ’τδβάλάντιονξ
3076 2256 3127 2357 ἡ-
3157 2256 3334 2349 δεξιὰ-
3353 2286 3468 2357 χεὶρ
3503 2256 3674 2354 σπείρει

469 2370 676 2439 spicam
726 2379 909 2436 metat,
961 2385 1069 2423 non
1127 2368 1310 2424 culmo
1360 2368 1687 2435 haerentem;
1738 2369 1831 2423 sed
1877 2369 2041 2422 vitam

2144 2379 2233 2432 τὸν
2268 2377 2427 2431 καλὸν
2463 2376 2663 2448 σπόρον
2719 2378 2800 2439 είς
2827 2375 2925 2446 τὴν
2960 2374 3143 2448 χώραν
3197 2376 3302 2446 τῆς
3360 2373 3570 2446 καρδίας
3591 2371 3675 2426 τῶν

470 2462 856 2531 sempiternam
889 2472 941 2516 et
985 2462 1350 2515 immortalem
1386 2460 1439 2514 in
1485 2475 1648 2515 cruce
1693 2475 2042 2529 suspensam.

2146 2469 2411 2539 πενήτων,
2444 2467 2533 2520 ἵνα
2560 2465 2752 2538 θερίσῃ
2779 2466 2977 2536 στάχυν
3022 2466 3098 2537 μὴ
3135 2465 3359 2537 καλάμῃ
3392 2478 3677 2536 προσανατε·

466 2552 589 2610 Non
618 2555 729 2609 vult
771 2564 947 2610 autem
992 2555 1313 2624 Unigenitus
1361 2553 1617 2609 sinistras
1691 2555 2042 2624 carnalesque

2145 2559 2394 2629 ταμένον,
2435 2556 2569 2611 ἀλλά
2592 2556 2687 2629 τὴν
2718 2556 3141 2627 προηρτημένην
3186 2555 3265 2627 τῷ
3309 2554 3518 2627 σταυρῷ
3543 2553 3676 2608 ἀΐδιον

470 2649 825 2720 cogitationes
850 2648 988 2703 scire
1021 2648 1150 2718 quid
1192 2646 1353 2702 faciat
1391 2661 1589 2702 manus
1617 2646 1835 2701 dextera
1872 2646 2045 2702 sancti

2144 2654 2237 2707 καὶ
2257 2651 2521 2707 ἀθάνατον
2544 2649 2710 2721 ζωήν.
2738 2649 2813 2702 Ού
2843 2647 3167 2718 βούλεταιδέ
3195 2650 3224 2701 6
3249 2647 3548 2718 Μονογενὴς
3570 2644 3677 2698 εἰδέ-

471 2736 732 2808 Spiritus,
774 2755 841 2794 ne
875 2738 1016 2794 forte
1055 2742 1197 2794 bono
1226 2738 1504 2809 proposito
1532 2745 1588 2791 et
1624 2739 1820 2807 opimae
1851 2738 2042 2793 volun-

2145 2761 2234 2798 ναι
2261 2745 2386 2808 τοὺς
2416 2741 2709 2815 σαρκικοὺς
2738 2740 3029 2812 λογισμοὺς
3067 2740 3120 2794 τί
3151 2743 3296 2795 ποιεῖ
3340 2742 3374 2812 ἡ
3400 2739 3541 2807 δεξιά
3583 2737 3677 2809 χεὶρ

470 2832 570 2886 tati
600 2842 917 2887 aversantur
954 2831 1241 2886 dicentes:
1276 2829 1427 2899 Opus
1470 2829 1629 2884 nobis
1670 2837 1753 2885 est
1794 2827 1862 2883 ad
1910 2827 2046 2883 mul-

2145 2836 2240 2890 τοῦ
2271 2836 2427 2905 ἀγίου
2457 2835 2795 2905 Πνεύματος,
2828 2833 2915 2887 ἶνα
2940 2835 3012 2904 μή
3040 2849 3169 2887 ποτε
3209 2836 3275 2905 τῇ
3318 2833 3493 2904 ἀγαθῇ
3515 2829 3678 2905 προθέ-

470 2932 561 2980 tos
596 2939 769 2978 annos
806 2924 956 2979 cibos
992 2932 1347 2991 sumptusque
1377 2937 1591 2986 curare,
1630 2933 1808 2976 vestes
1844 2920 2045 2988 varias,

2150 2944 2230 2981 σει
2264 2928 2359 2982 καὶ⁸
2381 2929 2447 2999 τῇ
2501 2925 2732 2997 πλουσίᾳ
2774 2924 3089 2998 προαιρέσει
3132 2922 3586 2997 προσεμποδίζωσι
3614 2921 3678 2974 λέ-

472 3026 695 3071 ornatas
720 3016 932 3080 domos,
961 3023 1277 3086 argenteum
1307 3013 1600 3080 ferculum,
1624 3012 1932 3083 depositum
1958 3027 2048 3066 au-

2147 3036 2362 3088 γοντες·
2410 3018 2726 3088 Ὀφείλομεν
2773 3015 2917 3087 ἔχειν
2951 3015 3158 3071 πολλῶν
3195 3014 3341 3070 ἐτῶν
3371 3015 3563 3088 τροφὴν
3607 3012 3679 3066 καὶ

470 3124 644 3173 reum,
680 3109 947 3178 mancipia
978 3108 1045 3161 ad
1087 3108 1476 3171 ministerium,
1515 3107 1666 3161 vicos
1705 3114 1759 3161 et
1788 3121 1949 3177 agros
1978 3105 2044 3161 ad

2104 3161 2116 3180 ,
2149 3108 2501 3180 ἀναλώματα.
2538 3108 2728 3178 ἱμάτια
2763 3106 3013 3178 διάφορα,
3044 3109 3225 3169 οἴκους
3271 3101 3680 3174 κεκαλλωπισμέ-

473 3210 791 3270 ιιιονιιιιιυε.
822 3198 1032 3252 Dextra:
1054 3199 1198 3252 enim
1228 3208 1407 3268 partes
1438 3198 1611 3254 sancti
1639 3161 1877 3267 Spirittis
1907 3197 2046 3252 nihil

2102 3161 2118 3220 τ’
2150 3161 2625 3273 νους,παράθεσιν
2662 3161 2953 3273 ἀργυρέαν,
2987 3161 3221 3271 χρυσίον.
3248 3198 3579 3261 ἐναπόθετον,
3603 3161 3678 3248 ἀν-

472 3290 670 3346 horum
712 3292 938 3345 omnino
965 3298 1161 3345 curant
1188 3291 1270 3345 vel
1301 3290 1719 3358 concupiscunt,
1768 3289 1897 3344 huic
1941 3288 2047 3344 Do-

2150 3292 2386 3364 δράποδα
2416 3294 2495 3356 είς
2519 3292 2628 3363 ύπη
2640 3292 2843 3363 ρεσίαν,
2872 3292 3044 3363 χωρία
3082 3292 3174 3344 καὶ
3214 3292 3421 3363 ἀγροὺς
3447 3290 3523 3353 είς
3550 3301 3680 3357 προσ·

472 3384 687 3438 miniczc
717 3383 837 3436 voci
876 3382 1033 3436 fidem
1075 3382 1381 3435 habentes:
1422 3379 1654 3444 Quaerite
1696 3381 1923 3450 primum
1963 3397 2047 3435 re-

2149 3385 2319 3448 ὁδους.
2356 3383 2437 3437 Τά
2462 3383 2569 3454 γάρ
2592 3382 2742 3449 δεξιά
2770 3382 2910 3454 μέρη
2936 3381 3030 3436 τού
3049 3381 3205 3450 ἁγίου
3227 3381 3538 3452 Πνεύματος
3561 3374 3681 3431 οὐδὲν

473 3491 634 3547 gnum
681 3470 795 3535 Dei,
838 3483 886 3526 et
932 3472 1042 3525 hazc
1094 3474 1273 3525 omnia
1323 3470 1643 3539 adﬁcientur
1685 3471 1826 3524 vobis
1844 3472 1912 3526 ⁷⁸.
1958 3469 2049 3530 Sic

2148 3477 2353 3531 τούτων
2387 3474 2758 3548 φροντίζουσιν
2783 3476 2815 3546 ἢ
2845 3474 3204 3547 ἐνθυμοῦνται
3241 3475 3302 3528 τὸ
3336 3474 3545 3529 σύνολον
3565 3512 3579 3537 ,
3613 3487 3681 3524 πι-

473 3577 620 3622 certe
654 3582 763 3620 non
796 3564 1009 3619 noverit
1033 3563 1256 3617 sinistra
1291 3564 1421 3633 quid
1447 3562 1608 3617 faciat
1641 3563 1880 3618 dextera.
1907 3561 2047 3619 Cum

2152 3570 2406 3624 στεύοντα
2435 3571 2500 3640 τῇ
2528 3568 2818 3639 δεσποτικῇ
2850 3567 2999 3638 φωνῇ
3024 3582 3036 3596 ·
3066 3565 3306 3634 Ζητεῖτε
3333 3564 3557 3635 πρῶτον
3593 3558 3682 3628 τὴν

473 3660 619 3713 enim
658 3671 812 3711 mens
833 3670 971 3726 puro
999 3653 1108 3709 Deo
1134 3654 1379 3725 placendi
1422 3654 1690 3710 desiderio
1725 3652 1937 3719 aﬁ‘ecta,
1968 3664 2049 3709 to-

2144 3662 2470 3729 ,βασιλειαν
2491 3660 2599 3716 τοῦ
2627 3660 2797 3727 Θεοῦ,
2823 3660 2921 3713 καὶ
2962 3658 3150 3713 ταῦτα
3169 3657 3373 3712 πάντα
3396 3652 3681 3727 προστεθή·

472 3750 657 3821 tisque
686 3748 863 3803 nitens
887 3748 1092 3803 viribus
1127 3760 1195 3801 ne
1229 3746 1297 3801 ab
1337 3746 1514 3801 ollicio
1541 3746 1786 3811 recedat,
1811 3746 2048 3816 legitime

2150 3768 2318 3807 σεται
2345 3752 2505 3823 ὑμῖν.
2534 3751 2644 3805 Καὶ⁵
2677 3749 2816 3804 οὕτω
2841 3749 2885 3803 δ’
2909 3748 2975 3803 ἀν
2999 3749 3061 3802 ού
3091 3747 3361 3817 γνώσεται
3401 3752 3433 3821 ἡ
3465 3743 3684 3820 ἀριστερὰ

472 3842 744 3908 decertat;
780 3852 909 3895 tunc
935 3855 1065 3895 sane
1097 3839 1300 3894 nullius
1332 3855 1509 3910 neque
1541 3837 1771 3893 membri
1815 3837 2048 3907 alicujus

2150 3847 2203 3900 τί
2228 3850 2373 3900 ποιεῖ
2408 3848 2442 3917 ή
2484 3844 2653 3912 δεξιά.
2689 3844 2857 3897 Ὅταν
2885 3841 2994 3913 γὰρ
3019 3844 3048 3895 6
3073 3840 3197 3906 νοῦς
3218 3842 3589 3913 ἀμετεωρίστῳ
3612 3836 3683 3891 καὶ

473 3934 812 3997 recordatur,
862 3932 969 3986 nisi
1015 3932 1135 4002 ejus
1176 3931 1322 4001 quod
1373 3931 1440 3985 ad
1499 3945 1737 4000 praesens
1778 3944 1915 3999 opus
1945 3946 2049 3985 usu

2147 3940 2422 4012 τεταμένη
2450 3937 2717 4009 ἐπιθυμίᾳ
2743 3939 2843 4010 τῆς
2871 3936 3009 4010 πρὸς
3037 3939 3169 3993 Θεδν
3209 3935 3618 4010 εὐαρεστήσειικν
3639 3928 3685 3995 ἐξ

473 4028 687 4092 veniat;
718 4026 862 4080 haud
897 4041 1056 4081 secus
1086 4035 1248 4096 atque
1280 4024 1498 4091 artifex,
1526 4027 1620 4094 qui
1664 4026 1859 4095 quovis
1908 4035 2049 4080 tem-

2148 4028 2439 4099 ὁλοκλήρου
2502 4026 2751 4095 ἀγωνιῶν
2805 4028 2879 4099 μὴ
2936 4028 3144 4101 ἐκπέσῃ
3186 4025 3280 4083 τοῦ
3338 4026 3683 4097 προσήκοντος,

474 4134 607 4190 pore
634 4119 806 4174 solum
852 4118 956 4173 sibi
989 4117 1359 4172 necessarium
1408 4118 1833 4171 instrumentum
1872 4117 2047 4186 respi-

2149 4118 2472 4188 ἀγωνίζεται
2504 4118 2776 4188 νομίμως·
2808 4118 2929 4171 τότε
2957 4118 3169 4182 οὐδενὸς
3204 4116 3331 4171 οὔτε
3366 4116 3550 4189 μέλους
3595 4107 3685 4165 ἑτέ-

473 4214 568 4268 cit.
594 4212 841 4280 Insuper,
871 4211 918 4265 si
950 4210 1097 4264 nulla
1125 4209 1520 4264 incredulitatis
1543 4209 1596 4262 in
1621 4209 1723 4263 lidc
1753 4208 1891 4264 ratio
1919 4210 2049 4264 sub-

2151 4227 2246 4282 ρου
2272 4208 2539 4280 λαμϐάνει
2570 4207 2793 4274 ἔννοιαν,
2822 4210 2869 4262 εί
2902 4207 2975 4280 μὴ
3003 4208 3162 4279 μόνον
3182 4208 3276 4262 τοῦ
3301 4204 3684 4280 χρησιμεύοντος

476 4303 567 4365 sit,
603 4318 703 4358 nec
730 4304 823 4357 lux
855 4302 1028 4372 possit
1055 4316 1178 4355 esse
1204 4300 1551 4355 tenebrarum
1588 4314 1774 4365 causa,
1800 4315 1901 4352 nec
1922 4314 2047 4353 cum

2148 4304 2229 4366 είς
2261 4302 2323 4355 τὸ
2348 4300 2726 4373 προκείμενον,
2762 4301 2836 4365 ὡς
2861 4302 2889 4354 6
2915 4302 3163 4372 τεχνίτης
3199 4300 3316 4354 καθ’
3348 4301 3567 4353 ἕκαστον
3590 4309 3684 4348 κν.-

476 4395 701 4448 Christo
718 4394 968 4448 diabolus
998 4391 1421 4448 comtnonstrari
1456 4391 1663 4456 valeat;
1700 4388 2047 4444 manifestum

2152 4396 2263 4467 ρὸν,
2294 4393 2579 4466 ἐμϐλέπων
2611 4393 2755 4465 μόνῳ
2786 4392 2863 4463 τῷ
2896 4392 3279 4465 χρησιμεύοντι
3325 4390 3475 4461 αύτῷ
3513 4385 3680 4442 σκεύει.

476 4502 609 4541 sane
633 4494 715 4539 cst
737 4499 911 4554 neque
938 4499 1060 4539 cum
1090 4484 1300 4538 ratione
1327 4498 1446 4539 esse
1477 4498 1655 4552 posse,
1688 4482 1739 4536 id
1779 4481 1921 4552 quod
1953 4495 2043 4535 ra-

2107 4520 2119 4566 ,
2154 4489 2274 4541 Ἔτι
2297 4488 2345 4540 εἰ
2371 4486 2544 4550 οὐδεὶς
2574 4485 2834 4548 ἀπιστίας
2862 4485 2918 4538 ἐν
2946 4487 3011 4556 τῇ
3038 4484 3217 4537 πίστει
3239 4483 3414 4552 λόγος,
3448 4480 3560 4535 ούδὲ
3584 4475 3683 4531 σκό-

476 4579 612 4633 tioni
636 4577 859 4632 omnino
892 4575 1226 4629 contrarium
1258 4584 1357 4629 cst.
1396 4573 1552 4640 Quod
1587 4573 1632 4627 si
1674 4588 1797 4626 cum
1837 4572 2045 4626 ratione

2142 4598 2266 4644 τους
2301 4581 2470 4633 αἴτιον
2491 4577 2631 4632 κατὰ
2652 4576 2812 4645 φύσιν
2840 4577 3074 4648 ὑπάρχει
3099 4578 3159 4629 τὸ
3181 4576 3315 4647 φῶς,
3349 4576 3469 4629 οὐδὲ
3500 4567 3684 4642 Χριστῷ

473 4685 700 4742 prorsus
726 4684 848 4725 esse
881 4682 987 4722 non
1024 4668 1195 4736 possit
1227 4668 1277 4720 id
1307 4668 1450 4735 quod
1482 4674 1566 4720 est
1598 4664 1794 4718 rationi
1828 4673 2047 4719 contra-

2147 4668 2616 4730 συνενδείκνυσθαι
2641 4668 2883 4739 πέφυκεν
2914 4669 2943 4721 6
2965 4668 3207 4732 διάϐολος
3227 4685 3242 4699 ·
3278 4667 3456 4738 δῆλον,
3500 4664 3569 4727 ὡς
3588 4658 3685 4713 οὐδὲ

473 4763 615 4819 rium
642 4781 656 4830 ;
681 4761 774 4831 qui
801 4760 866 4815 ad
893 4761 1153 4815 virtutum
1186 4759 1448 4814 rationem
1480 4768 1702 4813 evectus
1734 4763 1849 4821 est,
1879 4756 2044 4812 situm

2141 4766 2218 4838 τῷ
2242 4765 2386 4835 λόγῳ
2411 4762 2744 4832 συνυπάρχει
2773 4760 2834 4814 τὸ
2858 4760 3008 4832 παρά
3038 4762 3202 4813 παντὶ
3228 4759 3549 4831 παράλογον.
3575 4752 3685 4807 Εἱδὲ

472 4856 672 4913 rationi
706 4853 1041 4909 contrarium
1087 4852 1283 4917 nescit,
1325 4850 1419 4905 sed
1457 4864 1620 4904 unam
1664 4848 1915 4903 virtutem
1950 4863 2045 4903 co-

2142 4858 2221 4931 τῷ
2258 4858 2402 4928 λόγῳ
2447 4857 2681 4910 συνεῖναι
2714 4852 2990 4918 παντελῶς
3020 4854 3081 4906 ού
3116 4852 3336 4907 δύναται
3383 4852 3443 4905 τὸ
3468 4845 3684 4925 ,παράλοο

474 4948 714 5020 gnoscit;
749 4957 910 5016 atque
949 4945 1070 5000 ideo
1108 4959 1282 5015 neque
1327 4943 1603 4997 dexteram
1640 4941 1817 5007 quoad
1853 4954 2041 4995 exces-

2147 4966 2262 5018 γον,
2290 4950 2318 5002 6
2347 4945 2483 5018 πρὸς
2505 4944 2594 4998 τὸν
2627 4943 2782 5013 λόγον
2807 4941 2914 4997 τῶν
2939 4943 3145 5013 ἀρετῶν
3167 4940 3421 5011 ἀναχθεὶς
3451 4937 3542 5009 τὴν
3566 4931 3686 5001 παρὰ

476 5058 618 5107 sum,
656 5056 829 5109 neque
856 5039 1132 5095 sinistram
1156 5038 1334 5108 quoad
1364 5035 1635 5092 defectum
1674 5036 1841 5091 novit.
1882 5033 2043 5090 Utro-

2148 5039 2235 5093 τὸν
2267 5038 2424 5107 λόγον
2452 5038 2554 5091 οὐκ
2599 5036 2884 5090 ἐπίσταται
2935 5034 3103 5097 θέσιν,
3155 5033 3319 5105 μόνην
3351 5031 3410 5086 δὲ
3463 5027 3686 5099 γινώσκει

474 5132 637 5203 bique
661 5131 808 5187 enim
832 5132 1073 5187 occurrit
1095 5128 1243 5200 quod
1268 5128 1466 5183 rationi
1495 5138 1681 5198 aperte
1703 5125 2039 5183 contrarium

2147 5128 2244 5201 τὴν
2271 5129 2470 5201 ἀρετήν
2496 5143 2510 5156 ’
2539 5125 2633 5180 καὶ
2663 5124 2750 5177 διὰ
2776 5123 2935 5177 τοῦτο
2963 5122 3084 5177 οὔτε
3111 5121 3287 5189 δεξιὰν
3313 5120 3404 5175 διὰ
3435 5122 3529 5190 τῆς
3553 5117 3685 5182 ὑπερ-

474 5236 578 5280 eSl-
2146 5223 2297 5294 οχῆς,
2321 5220 2445 5276 οὔτε
2481 5217 2773 5291 ἀριστερὰν
2812 5215 2901 5270 διὰ
2932 5215 3033 5286 τῆς
3075 5213 3359 5284 ἐλλείψεως
3404 5210 3682 5268 ἐπίσταται.

2157 5314 2274 5367 Ἐπ’
2302 5313 2502 5385 ἀμφοῖν
2536 5310 2643 5380 γάρ
2671 5310 2955 5381 θεωρεῖται
2986 5305 3172 5377 σαφῶς
3204 5306 3264 5359 τὸ
3291 5304 3608 5376 παράλογον.
3712 5324 3717 5329 ·

551 5402 770 5458 Oranles
814 5413 991 5457 autem
1034 5419 1096 5458 ne
1142 5404 1365 5458 multum
1398 5402 1690 5474 loquamini
1727 5404 1794 5458 ".
1823 5402 2042 5475 Longas

2213 5406 2692 5476 Προσευχόμενοι
2720 5401 2789 5457 δὲ
2809 5402 2896 5472 μὴ
2928 5397 3439 5468 βατταλογήσητε.
3482 5387 3684 5461 Μακρὰς

476 5493 565 5548 hic
587 5495 867 5551 orationes
888 5536 902 5561 ,
939 5495 1033 5550 sed
1066 5511 1173 5549 non
1209 5496 1521 5566 frequentes
1551 5502 1850 5552 aversatur.
1881 5495 2044 5553 Jubet

2144 5499 2381 5554 ἐνταῦθα
2401 5498 2771 5571 ἀποτρέπεται
2800 5493 2991 5564 εύχάςο
3019 5490 3133 5546 ἀλλ’
3161 5491 3223 5544 ού
3268 5487 3485 5553 πολλάς.
3516 5481 3684 5556 ,Ἀδια-

475 5583 622 5637 enim
653 5586 770 5639 sine
803 5586 1208 5643 intermissione
1240 5601 1419 5641 orare.

2145 5590 2383 5656 λείπτως
2420 5589 2530 5665 γὰρ
2557 5587 2770 5644 κελεύει
2791 5581 3198 5659 προσεύχεσθαι.

552 5779 599 5812 ’³
623 5780 813 5840 Matth.
846 5802 898 5841 vt
966 5789 1055 5844 33.
1164 5792 1207 5823 ⁷⁸
1234 5789 1420 5846 Matth.
1462 5804 1551 5855 vt,
1588 5789 1627 5846 7.
