3990 6208
347 369 481 426 1573

625 490 733 564 (15)
779 493 1122 549 Ἀθανασίου
1167 494 1630 566 Ἀλεξανδρείας,

345 609 484 677 Περὶ
510 608 616 663 τοῦ
641 611 726 695 μὴ
753 610 1129 695 θησαυρίζειν
1143 612 1262 695 ,ἐπὶ
1290 613 1454 695 τῆςη
1477 612 1786 695 βίϐλοςᾼτῆς
1823 617 1913 688 ἑρ-

559 683 780 752 μηνείας
808 683 899 735 τοῦ
933 683 1070 735 κατὰ
1109 683 1404 750 Ἀίατθαίον,
1438 683 1593 748 λόγος
1620 685 1698 740 Θ’.

414 851 510 920 Μὴ
544 853 932 922 θησαυρίζητε
957 855 1100 925 ὑμῖν
1117 859 1456 927 θησαιιροὺς
1495 859 1593 912 ἐπὶ
1629 858 1737 927 τῆς
1758 859 1870 930 γῆς
1895 899 1912 925 ,

346 945 508 1013 φησὶν
541 946 568 996 6
597 946 845 1016 Χριστὸς,
873 946 1024 1001 ὅπου
1057 948 1177 1014 σὴς
1219 951 1315 1003 καὶ
1345 949 1576 1017 ,βρῶσις
1627 952 1911 1019 ἀφανίζει,

346 1037 437 1088 καὶ
459 1034 611 1089 ὅπου
635 1037 884 1091 κλέπται
905 1038 1302 1106 ὃιορύσσουσι
1321 1042 1420 1095 καὶ
1436 1041 1784 1119 κλέπτουσι.
1801 1047 1912 1112 6n-

344 1128 649 1194 σιιιιρίζετε
678 1129 744 1180 δὲ
773 1129 913 1198 ὑμῖν
950 1133 1291 1201 θησαυροὺς
1321 1134 1390 1187 ἐν
1421 1135 1696 1203 οὐρανοῖς
1715 1155 1726 1166 ·
1763 1136 1914 1190 ὅπου

344 1218 464 1285 σὴς
481 1220 572 1271 καὶ
589 1220 819 1287 βρῶσις
839 1224 948 1274 οὐκ
974 1223 1254 1291 ἀφανίζει,
1277 1225 1372 1277 καὶ
1393 1225 1547 1278 ὅπου
1565 1225 1812 1279 κλέπται
1836 1228 1910 1280 οὺ

343 1307 796 1378 διορύσσουσιν,
831 1311 970 1364 οὐδὲ
993 1313 1382 1368 κλέπτουσιν.
1416 1316 1476 1367 Oi
1506 1315 1561 1368 δὲ
1588 1316 1918 1369 ἐπακούσανο

343 1421 432 1466 τες
469 1402 671 1456 τούτων
711 1404 817 1457 τῶν
844 1405 1102 1475 ῥημάτων
1131 1401 1279 1459 εἷπον
1302 1424 1314 1436 °
1334 1405 1486 1477 Καλή
1511 1409 1624 1460 ἐστι
1654 1409 1854 1479 σφόδρα
1883 1409 1915 1478 ἡ

344 1494 642 1563 συμϐουλία
677 1496 769 1547 καὶ
791 1495 1081 1559 ὰπόδεκτος
1107 1497 1138 1566 ἡ
1161 1500 1374 1566 γνώμη,
1397 1495 1492 1548 τοῦ
1517 1496 1664 1568 παρὰ
1695 1497 1790 1567 τὴν
1816 1497 1918 1566 γῆν

348 1586 546 1655 μᾶλλον
572 1587 629 1638 ἐν
662 1587 910 1656 οὐρανοῖς
941 1587 1402 1659 ἀποθησαυρίζειν
1435 1587 1502 1640 τὰ
1543 1588 1782 1659 παρόντα
1818 1587 1914 1640 τοῦ

347 1677 481 1747 βίου.
527 1676 686 1729 Ἀλλὰ
720 1677 837 1740 πῶς
867 1677 1100 1749 ϐήσομεν
1156 1678 1216 1731 τὸ
1262 1679 1484 1749 χρυσίον
1524 1681 1616 1732 καὶ
1663 1679 1724 1732 τὸ
1756 1678 1918 1749 ἀργύ·

347 1788 458 1840 ριον
484 1772 541 1822 ἐν
564 1771 810 1840 οὐρανοῖς
837 1812 851 1837 ,
903 1769 1316 1840 ἀμηχανοῦμεν.
1366 1771 1524 1823 Ἐστι
1570 1770 1678 1840 γὰρ
1713 1771 1915 1842 σφόδρα

1467 375 1890 434 FRAGMENTA
1931 379 1997 434 IN
2040 379 2472 437 MATTHEUM.

2453 502 2734 554 Athanasii
2767 500 3134 565 Alexandrini,

2015 613 2169 681 Quod
2211 630 2312 668 non
2339 616 2407 668 sit
2452 614 2915 667 thesaurizandum
2954 614 3209 681 interra,
3239 613 3374 666 liber
3411 611 3575 668 inter-

2084 685 2404 754 pretationis
2483 683 2756 754 Evangelii
2830 680 3130 739 secundum
3202 681 3570 738 Mattbzeum:

2083 770 2262 809 sermo
2298 754 2386 807 ΙΧ.

2088 865 2270 919 Nolite
2303 865 2661 919 thesaurizare
2706 866 2847 918 vobis
2893 866 3162 922 thesauros
3199 865 3252 917 in
3297 871 3453 926 terra,
3490 861 3576 915 in-

2015 957 2129 1026 quit
2161 957 2442 1018 Christus,
2479 957 2567 1010 ubi
2599 974 2772 1027 terugo
2801 966 2849 1010 et
2893 959 3030 1009 tinea
3061 953 3361 1018 demolitur,
3398 962 3445 1006 et
3485 950 3574 1005 ubi

2016 1047 2157 1116 fures
2181 1047 2439 1114 e/Iodiunl
2463 1059 2510 1100 et
2535 1048 2803 1114 furantur.
2838 1046 3208 1100 Thesaurizale
3231 1053 3405 1097 autent
3436 1043 3575 1096 vobis

2016 1141 2287 1193 thesauros
2336 1140 2389 1192 in
2432 1139 2617 1192 caelis:
2660 1139 2748 1192 ubi
2795 1155 2954 1207 neque
2993 1152 3200 1206 terugo,
3235 1151 3391 1204 neque
3439 1135 3580 1188 tinea

2015 1232 2331 1295 demolitur;
2380 1239 2429 1284 et
2476 1231 2564 1284 ubi
2619 1231 2758 1298 {ures
2802 1245 2904 1282 non
2937 1229 3219 1298 effodiunt,
3260 1243 3348 1280 nec
3391 1226 3576 1294 [uran-

2017 1331 2105 1374 tur
2149 1323 2216 1376 "".
2273 1320 2375 1386 Qui
2428 1337 2590 1392 porro
2652 1319 2961 1389 hujusmodi
3024 1321 3183 1374 verba
3255 1317 3578 1380 audierunt,

2016 1413 2197 1467 dixere
2216 1429 2228 1464 :
2244 1411 2476 1466 Probum
2499 1413 2684 1480 utique
2701 1411 3010 1472 consilium,
3032 1408 3431 1478 probabilisque
3456 1421 3583 1460 sen-

2017 1506 2204 1568 tentia,
2223 1515 2280 1558 ut
2308 1505 2359 1558 in
2377 1505 2529 1558 cmlis
2553 1506 2729 1572 potius
2752 1519 2911 1573 quam
2940 1503 2991 1555 in
3019 1511 3157 1555 terra
3181 1501 3326 1554 bona
3345 1513 3582 1568 prasen-

2017 1595 2091 1649 tia
2117 1596 2506 1649 recondantur.
2544 1593 2742 1648 Verum
2795 1609 2902 1662 quo
2953 1599 3110 1662 pacto
3155 1605 3348 1644 aurum
3391 1603 3584 1658 argen-

2019 1696 2198 1740 tumve
2231 1701 2560 1754 reponamus
2589 1685 2640 1739 in
2674 1685 2849 1750 cwlis,
2883 1684 3029 1737 nulla
3060 1697 3188 1736 sane
3212 1681 3350 1735 ratio
3375 1680 3579 1734 subest.

2016 1777 2150 1832 Nam
2185 1779 2420 1834 sublime
2449 1777 2743 1832 admodum
2769 1784 2852 1831 est
2882 1775 3102 1838 cce-lum,
3127 1782 3186 1827 ut
3212 1773 3388 1842 ipsum
3419 1787 3583 1825 manu

344 1861 544 1931 ὑψηλὸς
573 1864 600 1915 6
622 1862 868 1934 οὐρανὸς,
907 1863 999 1914 καὶ
1032 1863 1090 1914 οὐ
1125 1859 1398 1931 δυνάμεθα
1444 1864 1508 1932 τῇ
1555 1861 1694 1931 χειρὶ
1725 1861 1910 1930 ἐφικέ-

2022 1872 2324 1941 contingere
2361 1885 2714 1938 nequeamus.
2771 1867 2957 1937 Neque
2999 1868 3142 1921 enim
3184 1865 3386 1920 scalam
3437 1863 3583 1917 illam

345 1954 468 2005 σθαι
500 1954 683 2006 αὑτοῦ.
711 1952 845 2006 Οὔτε
873 1953 928 2006 δὲ
956 1953 1169 2024 ὁρῶμεν
1193 1954 1404 2022 ἐκείνην
1434 1953 1529 2022 τὴν
1559 1953 1818 2023 κλίμακα,
1850 1954 1916 2022 ἣν

344 2043 604 2098 ἐθεάσατο
634 2047 661 2098 6
693 2045 1037 2117 πατριάρχης
1075 2043 1284 2108 Ἰακὼϐ,
1318 2044 1405 2097 ἵνα
1448 2045 1513 2096 δι’
1543 2045 1712 2114 αὐτῆς
1761 2043 1917 2098 ἀνελ-

343 2136 523 2199 θόντες
571 2134 972 2207 ἀποθησώμεθα
1021 2138 1078 2189 ὲν
1126 2135 1202 2206 τῷ
1257 2135 1468 2206 οὐρανῷ
1513 2135 1581 2189 τὰ
1608 2136 1918 2206 ὑπάρχοντα

343 2227 518 2298 ἡμῶν.
564 2228 622 2280 '0
650 2229 706 2280 δὲ
758 2227 992 2300 Κύριος·
1040 2229 1158 2282 Κᾶν
1191 2231 1219 2281 6
1272 2228 1497 2299 οὐρανός
1539 2229 1654 2280 ἐστι
1718 2229 1920 2301 σφόδρα

341 2317 564 2389 ὑψηλὸς,
600 2316 827 2370 δύνασθε
855 2319 934 2380 είς
963 2317 1124 2370 αὑτὸν
1153 2315 1584 2387 ἀποθησαυρίσαι
1602 2315 1693 2368 τὸν
1716 2315 1918 2368 ἀσυλα-

347 2411 596 2483 γὼγητον
631 2411 899 2484 Θησαυρὸν
925 2411 1023 2480 τῆς
1051 2408 1410 2478 δικαιοσύνης.
1461 2407 1559 2469 Δὸς
1595 2405 1792 2476 πτωχῷ
1826 2404 1920 2458 καὶ¹

350 2496 635 2574 πένητιῶν
662 2503 870 2576 χρῄζει,
902 2502 993 2557 καὶ
1023 2502 1276 2572 εὑρήσεις
1317 2498 1456 2552 αὐτὰ
1491 2497 1825 2567 ἀποκείμενα
1863 2499 1920 2551 ἐν

341 2595 420 2668 τῷ
445 2595 657 2668 οὐρανῷ
711 2595 824 2648 σῶα
850 2637 864 2661 ,
909 2594 1204 2664 ἀμόλυντα,
1263 2589 1586 2661 ἀδιάφθορα.
1647 2589 1831 2659 Ἔχεις
1864 2588 1922 2642 δὲ

342 2692 438 2747 καὶ
467 2690 708 2763 κλίμακα
727 2691 1017 2763 διήκουσαν
1041 2690 1147 2743 ἀπὸ
1171 2689 1274 2760 γῆς
1302 2691 1380 2752 εἰς
1406 2687 1654 2758 οὐρανὸν,
1681 2685 1774 2739 τὸν
1815 2702 1923 2738 σω-

344 2786 533 2856 τήριον
565 2783 824 2854 σταυρόν
879 2781 1247 2853 ἀναϐαθμίδας
1306 2780 1362 2834 δὲ
1408 2779 1478 2832 τὰ
1518 2778 1763 2848 δόγματα
1815 2775 1923 2829 τῶν

343 2877 624 2948 ἁχράντων
653 2875 1018 2946 Εὑαγγελίων.
1038 2873 1292 2945 Ἀνάὅηθι
1316 2867 1408 2926 οὖν
1429 2871 1495 2925 δι’
1529 2869 1705 2924 αὐτῶν
1727 2871 1804 2932 εἰς
1823 2867 1924 2931 τὰς

343 2970 700 3041 ὲπουρανίους
720 2969 908 3040 μονὰς,
927 2969 1015 3021 ἵνα
1047 2967 1306 3038 δοξασθῇς
1324 2968 1404 3030 είς
1437 2965 1528 3018 τὸν
1545 2963 1734 3018 αἰῶνα.
1759 2961 1925 3034 Πρόσ-

343 3080 435 3135 εχε
453 3062 509 3117 δὲ
525 3062 618 3116 καὶ
638 3061 716 3134 τῷ
732 3060 1010 3132 λεγομένῳ
1036 3060 1162 3131 παρ’
1181 3058 1315 3129 ἐμοῦ
1337 3075 1350 3088 ·
1369 3057 1430 3110 '0
1450 3056 1528 3110 λύ
1535 3072 1678 3122 χνος
1691 3053 1797 3107 τοῦ
1817 3051 1926 3106 σώ-

343 3155 524 3224 ματός
537 3169 652 3208 σου
663 3153 834 3208 ἐστὶν
850 3155 881 3206 ό
894 3152 1198 3220 ὀφθαλμός
1213 3165 1347 3204 σου.
1361 3149 1426 3202 El
1441 3151 1472 3202 ό
1493 3146 1794 3215 ὀφθαλμός
1807 3160 1924 3198 σου

343 3243 578 3311 ἁπλοῦς
598 3245 785 3306 ἐστιν,
813 3242 959 3297 ὅλον
981 3240 1046 3294 τὸ
1073 3238 1246 3309 σῶμά
1267 3258 1382 3293 σου
1411 3237 1698 3308 φωτεινόν
1716 3236 1886 3290 ἔσται
1904 3251 1918 3266 ο

347 3337 457 3391 ἐὰν
468 3337 533 3390 δὲ
546 3340 576 3390 ὁ
591 3336 895 3405 ὀφθαλμός
911 3349 1027 3387 σου
1043 3333 1303 3400 πονηρός
1322 3329 1664 3392 ἐστιν-,ὅλον
1677 3325 1741 3380 τὸ
1754 3323 1924 3395 σῶμά

344 3444 460 3483 σου
487 3430 801 3484 σκοτεινὸν
838 3427 1030 3480 ἔσται.
1068 3425 1282 3478 Γίνεται
1320 3422 1376 3475 δὲ
1416 3422 1477 3474 τὸ
1519 3419 1678 3490 σῶμα
1715 3434 1924 3471 σκοτει-

344 3521 456 3585 νὸν,
472 3521 566 3574 τοῦ
585 3518 860 3589 ὀφθαλμοῦ
897 3517 1136 3587 πονηροῦ
1157 3517 1308 3578 ὖντος
1325 3556 1337 3574 ,
1361 3513 1422 3566 οὺ
1449 3512 1598 3582 παρὰ
1622 3511 1718 3582 τὴν
1746 3510 1924 3564 αἰτίαν

343 3611 438 3664 τοῦ
489 3607 852 3683 δημιουργοῦ·
888 3607 1065 3660 πάντα
1109 3604 1216 3675 γὰρ
1258 3605 1358 3655 ὅσα
1416 3600 1666 3670 ἐποίησεν
1709 3601 1737 3651 6
1791 3597 1925 3660 Θεὸς

345 3701 488 3756 καλὰ
509 3699 629 3752 λίαν
650 3715 663 3729 ο
696 3697 832 3752 ἀλλὰ
867 3697 1016 3768 παρὰ
1048 3694 1139 3749 τδν
1173 3693 1442 3765 μοχθηρὸν
1475 3693 1568 3744 καὶ
1606 3688 1924 3743 ὲθελόκακον

344 3793 546 3865 τρόπον
568 3790 662 3848 τοῦ
689 3789 1024 3861 κεκτημένου
1052 3787 1232 3840 αὐτόν.
1277 3784 1583 3854 Ὀφθαλμὸν
1607 3783 1664 3835 δὲ
1688 3781 1924 3852 πονηρὸν

344 3881 579 3946 ἀκούων,
611 3880 797 3934 συνετὲ
849 3876 1114 3951 ἀκροατὰ,
1150 3877 1260 3929 νόει
1293 3871 1431 3928 εἷναι
1461 3874 1536 3944 μὴ
1585 3872 1678 3925 τὸν
1701 3871 1829 3924 ὄντα
1866 3871 1925 3922 ὲν

343 3977 410 4046 τῇ
445 3973 676 4044 κεφαλῇ,
706 3971 842 4026 ἀλλὰ
897 3971 991 4024 τὸν
1023 3969 1338 4040 ὑπάρχοντα
1386 3965 1619 4035 πονηρὸν
1669 3960 1925 4033 λογισμὸν

347 4067 405 4118 ὲν
444 4068 508 4136 τῇ
545 4065 834 4136 ἀφωτίστῳ
865 4061 1082 4133 καρδίᾳ.
1117 4061 1181 4115 Εἰ
1209 4058 1269 4114 δὲ
1291 4057 1386 4113 καὶ
1425 4053 1666 4127 συμϐαίη
1696 4053 1786 4106 τὸν
1820 4069 1926 4105 σω-

352 4155 580 4226 ματικὸν
603 4155 878 4226 ὀφθαλμὸν
913 4151 1260 4222 σκοτισθῆναι
1290 4151 1356 4203 ἐκ
1379 4147 1581 4218 πολλῆς
1605 4146 1776 4216 φορᾶς
1803 4142 1926 4217 ρεύο

351 4265 518 4319 ματος
545 4249 642 4302 καὶ
669 4248 861 4317 ὀδύνης
881 4244 974 4298 τοῦ
997 4244 1217 4316 κρανίου
1240 4261 1252 4273 ·
1273 4242 1388 4296 ἀλλ’
1421 4239 1544 4294 οὔτε
1577 4241 1610 4310 ἡ
1640 4236 1926 4310 σωματικὴ

349 4338 619 4408 τύςσλωσίς
648 4356 770 4392 τινα
819 4337 1072 4405 ἀποξενοῖ
1116 4335 1223 4389 τῶν
1261 4333 1560 4406 μελλόντων
1594 4331 1689 4385 καὶ
1743 4331 1926 4385 ἀϊδίων

348 4431 587 4500 ἀγαθῶν.

867 4520 977 4592 (l6)
1019 4519 1366 4574 Ἀθανασίου
1383 4558 1400 4584 ,

383 4639 477 4702 Είς
506 4637 598 4703 τό·
643 4636 788 4706 Οὐχὶ
819 4637 858 4704 ἡ
886 4633 1057 4705 ψυχὴ
1090 4631 1300 4706 πλεῖόν
1328 4631 1459 4706 eam
1499 4629 1610 4698 τῆς
1637 4626 1884 4698 τροφῆς,

662 4701 763 4762 καῖ
794 4701 858 4760 τὸ
892 4701 1062 4775 θῶμα
1097 4704 1202 4757 τοῦ
1248 4701 1610 4771 ἐνδύματος;

421 4803 671 4872 Διαφέρει
705 4801 760 4854 δὲ
785 4796 1001 4872 ή’ψυχὴ
1050 4800 1150 4870 τῆς
1183 4796 1418 4871 τροφῆς,
1462 4795 1597 4850 καθὸ
1638 4793 1775 4864 αὕτη
1826 4794 1926 4864 μέν

353 4899 468 4950 ἐστι
501 4893 716 4965 πνεῦμά
741 4912 792 4947 τι
820 4892 1046 4958 ξωτικόν
1064 4911 1079 4926 ο
1111 4894 1144 4965 ἠ
1178 4892 1234 4946 δὲ
1255 4889 1428 4964 τροφὴ
1451 4892 1613 4959 γηῖνη
1645 4888 1736 4941 καὶ
1753 4886 1928 4940 εὐδιά-

1949 3205 1996 3268 C

1949 4541 2003 4602 D

2017 1962 2404 2031 conspicimus,
2445 1977 2608 2030 quam
2660 1961 2793 2015 vidit
2844 1959 3150 2029 patriarcha
3188 1955 3376 2018 Jacob,
3419 1963 3476 2008 ut
3519 1967 3586 2008 ea

2017 2070 2340 2117 conscensa,
2390 2053 2530 2108 bona
2585 2062 2770 2106 nostra
2817 2064 3146 2121 reponamus
3189 2049 3242 2101 in
3307 2047 3462 2102 coelo.
3504 2044 3587 2098 Ad

2017 2147 2132 2201 haec
2187 2147 2500 2202 Dominus:
2553 2145 2782 2199 Eliamsi
2841 2143 3131 2197 admodum
3190 2139 3463 2194 excelsum
3517 2137 3591 2192 sit

2019 2239 2242 2302 caelum,
2274 2239 2498 2307 potestis
2535 2246 2711 2290 tamen
2746 2235 2817 2288 ibi
2850 2235 3162 2288 thesaurum
3191 2229 3413 2300 iustitia:
3452 2243 3592 2281 nun-

2021 2344 2184 2399 quam
2231 2328 2583 2399 expilaudum
2626 2340 2906 2395 reponere.
2959 2322 3033 2376 Da
3082 2323 3302 2391 pauperi
3348 2329 3399 2373 et
3442 2320 3590 2388 inopi

2021 2437 2141 2492 qua:
2180 2437 2316 2491 opus
2350 2421 2454 2491 ipsi
2483 2429 2632 2484 sunt,
2663 2426 2717 2471 et
2748 2433 2812 2471 ea
2844 2417 2958 2486 ipsa
2991 2416 3042 2468 in
3078 2414 3214 2468 cado
3242 2411 3473 2480 reposita
3506 2410 3592 2464 in-

2019 2514 2226 2576 venies,
2260 2513 2428 2575 salva,
2464 2509 2810 2564 immaculata
2831 2547 2846 2571 ,
2879 2508 3210 2572 incorrupta.
3250 2501 3424 2555 Habes
3455 2514 3592 2568 quo-

2021 2622 2126 2677 que
2159 2605 2360 2660 scalam
2383 2646 2398 2671 ,
2430 2618 2550 2672 quin
2596 2618 2626 2656 a
2666 2611 2806 2656 terra
2849 2599 2912 2652 ad
2956 2597 3152 2652 caelum
3186 2608 3356 2663 usque
3388 2591 3592 2662 pertin-

2022 2701 2120 2770 git,
2151 2699 2400 2753 videlicet
2429 2697 2724 2751 salutarem
2765 2706 3022 2756 crucem;
3070 2687 3269 2758 gradus
3308 2699 3458 2746 vero,
3505 2681 3592 2736 in-

2022 2801 2410 2848 temeratorum
2443 2788 2857 2858 Evangeliorum
2893 2785 3166 2853 dogmata.
3206 2778 3309 2833 Per
3347 2777 3462 2846 ipsa
3492 2774 3594 2844 igi-
3689 2825 3697 2834 ,

2025 2893 2112 2940 tur
2158 2884 2224 2938 ad
2257 2883 2508 2937 caelestes
2561 2879 2873 2934 mansiones
2919 2871 3242 2936 conscende,
3281 2877 3342 2924 ut
3392 2875 3594 2922 interna

2023 2977 2196 3048 gloria
2225 2974 2498 3029 alliciaris.
2531 2970 2916 3026 Animadverte
2967 2965 3098 3021 illud
3142 2979 3170 3018 a
3208 2978 3291 3016 me
3337 2960 3588 3048 dictum:

2025 3064 2262 3119 Lucerna
2291 3063 2524 3132 corporis
2554 3061 2631 3114 tui
2657 3071 2733 3113 est
2766 3058 2946 3112 oculus
2971 3071 2988 3108 :
3017 3054 3062 3107 si
3098 3048 3278 3104 oculus
3310 3055 3428 3099 tuus
3465 3044 3596 3098 sim-

2026 3156 2148 3225 plex
2173 3155 2355 3226 fuerit.
2378 3163 2543 3207 totum
2579 3167 2767 3221 corpus
2793 3161 2935 3202 tuum
2961 3145 3196 3199 Incidunt
3222 3141 3354 3202 erit;
3383 3137 3464 3190 sin
3492 3147 3594 3186 au-

2027 3257 2129 3302 tem
2152 3248 2334 3302 oculus
2375 3255 2496 3300 tuus
2534 3260 2752 3314 nequam
2784 3243 2966 3312 fuerit,
3005 3247 3169 3291 totum
3217 3247 3403 3294 corpus
3445 3238 3594 3280 tuum

2025 3339 2353 3391 tenebrosum
2375 3336 2474 3390 erit
2497 3333 2562 3388 ⁷⁸.
2581 3332 2793 3402 Corpus
2817 3346 2944 3384 vero
2972 3327 3316 3382 tenebrosum
3345 3319 3593 3383 efﬁcitur,

2025 3430 2069 3485 si
2113 3430 2308 3484 oculus
2362 3443 2593 3498 nequam
2627 3434 2730 3487 cst,
2776 3437 2881 3477 non
2929 3419 3135 3491 opilicis
3179 3417 3310 3470 vitio
3353 3430 3366 3467 :
3412 3409 3596 3466 omnia

2021 3521 2166 3575 enim
2215 3534 2554 3589 quaecunque
2609 3515 2737 3570 fecit
2790 3512 3053 3566 Dominus
3101 3507 3390 3562 admodum
3453 3504 3597 3558 bona

2024 3619 2191 3676 sunt;
2220 3611 2312 3664 sed
2348 3609 2418 3663 ob
2473 3607 2750 3677 improbos
2801 3616 3193 3674 pervcrsosque
3234 3613 3410 3653 mores
3457 3594 3596 3660 ejus,

2025 3701 2183 3770 cujus
2215 3707 2299 3752 est
2330 3698 2546 3752 oculus.
2595 3695 2731 3750 Cum
2771 3708 2936 3764 porro
2976 3705 3206 3760 nequam
3240 3687 3456 3742 oculum
3497 3701 3598 3740 au-

2023 3792 2130 3855 dis,
2164 3788 2403 3860 prudens
2435 3786 2689 3853 auditor,
2724 3800 2794 3840 ne
2831 3783 3049 3838 oculum
3095 3778 3254 3849 capiti
3305 3779 3593 3832 haerentem

2024 3881 2315 3952 intelligas,
2363 3880 2456 3934 sed
2505 3893 2729 3950 pravam
2775 3875 3160 3946 cogitationem
3211 3871 3266 3925 in
3309 3868 3596 3924 tenebroso

2024 3973 2186 4029 corde
2212 3973 2494 4027 latentem.
2520 3967 2678 4036 Quod
2709 3966 2758 4023 si
2799 3965 3079 4034 contingat
3121 3975 3438 4032 corporeum
3467 3973 3597 4013 oeu-

2024 4064 2137 4118 lum
2171 4078 2236 4117 ex
2271 4063 2490 4132 c0pioso
2537 4059 2686 4114 ﬂuxu
2719 4073 2783 4114 ac
2825 4055 3013 4111 dolore
3059 4052 3230 4106 cranii
3279 4049 3592 4114 obscurari;

2025 4163 2080 4210 at
2106 4169 2368 4225 corporea
2395 4153 2618 4208 caecitas
2648 4167 2679 4206 a
2712 4148 2910 4204 futuris
2945 4161 3012 4204 ac
3051 4143 3397 4215 sempiternis
3439 4140 3598 4196 bonis

2025 4243 2236 4299 nullum
2273 4255 2510 4297 amovet.

2656 4506 2968 4570 Athanasii,

2111 4627 2172 4679 In
2197 4623 2327 4680 illud
2357 4642 2370 4678 :
2406 4621 2593 4676 Nonne
2619 4622 2799 4676 anima
2827 4620 2946 4690 plus
2977 4627 3052 4672 est
3091 4629 3428 4690 quantas”,
3467 4620 3518 4665 et

2307 4710 2494 4764 corpus
2519 4693 2638 4762 plus
2661 4685 2837 4764 quant'
2852 4685 3211 4744 vestimentum
3237 4685 3322 4737 7’?

2098 4789 2286 4844 Diﬂ‘ert
2321 4797 2504 4844 autem
2536 4787 2715 4841 anima
2749 4785 2819 4839 ab
2851 4799 3000 4846 esea,
3031 4789 3299 4853 quatenus
3329 4775 3444 4829 haec
3480 4773 3599 4841 qui-

2030 4880 2151 4936 dem
2186 4888 2271 4936 est
2316 4879 2540 4949 spiritus
2583 4877 2898 4944 viviﬁcans;
2949 4875 3038 4929 illa
3084 4887 3214 4926 vero
3263 4878 3474 4924 terrena
3514 4874 3598 4920 est

353 4987 508 5052 λυτος
544 5003 556 5016 ·
587 4985 649 5038 τὸ
685 4983 843 5054 σῶμα
879 4983 970 5036 τοῦ
1001 4983 1314 5055 ἐνδύματος,
1373 4981 1494 5034 ἐπεὶ
1537 4979 1597 5032 τὸ
1653 4977 1750 5049 μέν
1780 4979 1923 5030 ἐστιν

2031 4975 2298 5046 facileque
2330 4976 2580 5031 solvitur.
2606 4975 2819 5045 Corpus
2851 4987 2977 5028 vero
3009 4975 3227 5040 praestat
3251 4965 3594 5026 vestimento,

354 5080 511 5151 ἔργον
532 5076 727 5131 θεῖκῶν
748 5074 966 5146 χειρῶν,
989 5075 1051 5128 τὸ
1079 5075 1136 5127 δὲ
1165 5075 1328 5137 πόκος
1346 5072 1537 5141 ἀλόγου
1564 5069 1923 5141 βοσκήματος.

2025 5067 2152 5137 quia
2209 5068 2340 5121 illud
2388 5067 2606 5137 quidem
2660 5065 2967 5121 divinarum
3016 5074 3273 5114 manuum
3323 5055 3596 5126 opilieium

358 5145 546 5224 Ῐίολὶοὶ
576 5169 654 5232 δὲ,
689 5163 1002 5228 ’ἀκούοντες
1053 5166 1228 5236 ψυχὴν
1261 5165 1544 5218 ἐσθίουσαν
1569 5203 1583 5225 ,
1631 5159 1923 5228 ξενίζονται

2025 5168 2130 5224 est,
2169 5160 2273 5214 hoc
2309 5175 2478 5226 vero,
2513 5158 2688 5212 vellus
2728 5155 2942 5227 pecoris
2985 5150 3393 5207 irrationabilis.
3445 5145 3596 5200 Multi

354 5264 445 5314 ἐπὶ
472 5261 547 5334 τῷ
603 5262 765 5330 λόγῳ.
796 5257 1032 5330 ὁρῶντες
1083 5257 1180 5326 τὴν
1208 5260 1366 5327 χεῖρα
1403 5256 1480 5326 τῷ
1514 5255 1743 5325 στόματι
1768 5252 1923 5322 κομί-

2028 5266 2194 5320 porro
2223 5251 2507 5307 audientes
2535 5249 2907 5305 comedentem
2939 5246 3200 5310 animam,
3233 5243 3303 5296 ob
3332 5241 3478 5294 vocis
3515 5240 3600 5292 in-

356 5357 550 5419 ζουσαν
582 5355 649 5409 τὰ
679 5339 838 5422 σιτία.
893 5350 1056 5408 Ἀλλὰ
1102 5349 1165 5402 σὺ
1192 5391 1206 5414 ,
1256 5350 1527 5420 ἁγαπητὲ,
1566 5347 1640 5420 μὴ
1686 5345 1923 5414 ξενισθῇς

2031 5343 2319 5397 solentiam
2353 5350 2594 5413 stupent,
2628 5341 2756 5395 dum
2788 5338 2969 5392 vident
2998 5351 3216 5390 manum
3245 5334 3323 5389 ori
3348 5333 3598 5386 alimenta

355 5445 532 5516 ψυχὴν
559 5443 770 5498 ἁκούων
815 5440 1119 5494 ἐσθίουσαν.
1150 5438 1261 5492 Καὶ
1285 5437 1392 5510 γὰρ
1437 5437 1610 5501 οὕτως
1669 5439 1786 5490 ἐστὶ
1833 5435 1923 5488 καὶ

2036 5434 2341 5490 admovere.
2369 5436 2439 5491 At
2465 5445 2544 5503 tu,
2570 5434 2783 5500 dilecte,
2817 5447 2884 5488 ne
2910 5429 3154 5494 mireris,
3192 5427 3320 5484 dum
3360 5425 3598 5481 animam

453 5577 494 5608 ⁷⁷
539 5576 723 5639 Matth.
757 5591 834 5638 vr,
875 5575 962 5638 19,
990 5573 1079 5627 20.
1161 5572 1206 5604 ’⁸
1237 5570 1425 5628 Matth.
1455 5586 1532 5631 γι,
1565 5570 1654 5624 22.
1730 5570 1780 5603 ⁷⁵
1819 5571 1929 5626 ibid
2003 5571 2093 5627 25.

434 5734 544 5801 (l5)
579 5731 701 5788 Haec
728 5731 998 5801 prodeunt
1015 5745 1081 5785 ex
1116 5731 1236 5784 cod.
1267 5729 1344 5784 Re
1385 5766 1402 5783 .
1432 5727 1589 5785 1995..

434 5807 540 5853 nm
579 5802 854 5853 Prodeunt
883 5800 996 5853 hac
1033 5815 1097 5853 ex
1130 5799 1312 5853 codice
1348 5746 1479 5853 gica.
1528 5798 1589 5853 19

430 5791 540 5871 (1δᾷ
579 5791 854 5857 Prodeunt
883 5800 996 5855 haec
1033 5815 1097 5856 ex
1130 5799 1312 5858 codice
1349 5791 1479 5870 Reg.
1528 5797 1682 5866 1995,
1713 5796 1803 5856 fol.
1834 5796 1922 5864 86,
1966 5798 2125 5857 editis
2162 5798 2392 5854 multum
2425 5795 2694 5852 absimilis
2726 5807 2777 5859 et
2807 5798 2962 5864 longe
2985 5791 3246 5847 auctiora.
