3990 6208
429 304 565 362 i575

1259 302 1313 355 S.
1357 299 1723 355 ATHANASII
1756 298 1903 354 OPP.
1945 296 2126 354 PARS
2164 298 2251 355 Ill.
2287 330 2357 341 ——
2393 299 2798 356 EXEGETICA.

3501 304 3631 359 [$76

424 421 709 484 comedere
744 425 916 479 audis.
950 425 1025 480 Ita
1080 440 1210 479 sane
1245 438 1419 494 neque
1458 424 1563 479 alio
1596 424 1756 479 modo
1804 438 1891 478 res
1925 438 1983 477 se

2082 423 2177 477 οὐκ
2217 422 2388 486 ἄλλως
2416 440 2552 487 πως.
2599 423 2793 477 Ἐσθίει
2821 422 2878 476 δὲ
2897 422 3041 493 ψυχή
3075 421 3140 475 τά
3166 423 3637 495 παραπεμπόμενα

424 517 610 572 habet.
638 514 883 568 Comedit
910 528 1072 584 porro
1109 515 1288 568 anima
1314 529 1434 584 quze
1455 516 1536 569 ori
1572 515 1975 571 immittuntur:

425 605 553 674 quia
575 618 639 659 ex
673 613 865 659 natura
892 619 991 658 sua
1024 603 1196 657 calida
1226 612 1327 669 est,
1354 603 1505 673 juxta
1546 602 1833 674 Sapientiae
1856 621 1978 660 ver-

426 695 552 752 bum
581 714 595 751 :
625 696 812 749 Anima
855 694 1030 749 calida
1069 704 1144 749 est
1179 706 1235 749 ut
1272 696 1404 764 ignis
1444 711 1689 749 accensus
1718 696 1784 749 '°.
1830 695 1978 752 Sicut

424 802 553 859 ergo
597 787 735 857 ignis
771 788 1013 843 immissa
1062 788 1116 841 in
1163 787 1387 843 lebetcm
1423 787 1745 858 concoquit;
1790 789 1979 845 eodem

425 879 585 935 modo
630 880 781 947 ignea
830 878 1031 944 anima,
1083 881 1337 935 alimenta
1380 880 1431 934 in
1474 891 1711 936 ventrem
1763 879 1980 937 inducta

424 972 619 1041 digerit
648 980 701 1024 et
724 974 979 1027 absumit.
1016 971 1240 1028 Etiamsi
1270 988 1432 1043 porro
1471 975 1613 1046 ψυχή
1637 1016 1650 1036 ,
1688 973 1739 1027 id
1760 976 1979 1030 cstani-

425 1078 539 1125 ma,
570 1070 822 1128 vocetur;
870 1079 976 1118 non
1029 1064 1101 1119 ita
1140 1066 1339 1121 dicitur
1364 1068 1506 1137 quod
1539 1068 1609 1121 sit
1649 1077 1837 1122 natura
1883 1082 1981 1123 sua

426 1150 627 1223 ψυχρά,
654 1152 705 1206 id
743 1162 826 1208 est
859 1153 1067 1225 frigida,
1106 1166 1165 1211 ut
1198 1173 1263 1213 ex
1304 1158 1721 1228 simplicioribus
1764 1160 1981 1229 quidam

425 1243 667 1298 arbitrati
704 1252 864 1311 sunt;
900 1248 993 1302 sed
1038 1249 1163 1318 quia
1198 1266 1263 1304 ex
1308 1252 1478 1305 multo
1517 1252 1717 1315 calore,
1761 1251 1977 1306 humida

425 1335 692 1403 exsiccat;
720 1338 863 1406 quod
892 1340 1052 1393 etiam
1079 1356 1143 1395 ex
1171 1341 1301 1396 solis
1334 1342 1385 1396 vi
1416 1354 1470 1396 et
1494 1342 1730 1397 ellicacia
1763 1344 1978 1413 planum

423 1426 648 1481 evadit:
698 1444 823 1483 nam
874 1445 997 1485 cum
1057 1433 1264 1488 calidus
1315 1432 1611 1504 igneusque
1663 1435 1752 1500 sit,
1808 1435 1980 1488 lutum

428 1519 687 1581 exsiccat,
741 1519 1129 1593 humidumque
1174 1539 1335 1581 omne
1383 1525 1436 1580 in
1494 1541 1746 1596 vaporem
1802 1527 1981 1582 solvit.

425 1609 582 1677 Quod
628 1620 809 1667 autem
856 1614 1036 1669 anima
1082 1632 1148 1671 ex
1198 1627 1388 1674 natura
1434 1633 1531 1673 sua
1561 1618 1735 1673 calida
1776 1619 1867 1681 sit,
1900 1619 1984 1674 vel

424 1709 759 1757 mortuorum
811 1707 1079 1776 exemplo,
1130 1705 1325 1775 frater,
1381 1725 1706 1780 persuasum
1758 1710 1977 1765 habeas.

421 1791 655 1861 Etenim,
686 1811 809 1852 cum
840 1799 1021 1854 anima
1047 1815 1076 1854 a
1110 1817 1335 1871 corpore
1365 1813 1611 1873 separata
1651 1812 1765 1869 est,
1809 1804 1983 1873 rigent

423 1886 608 1942 omnia
639 1890 902 1957 membra,
938 1892 1292 1950 nihilominus
1311 1911 1472 1965 quam
1504 1896 1729 1950 hiberna
1760 1896 1979 1967 glacies,

426 1977 652 2046 niveque
685 1978 959 2051 frigidiora
1002 1984 1255 2040 evadunt.
1296 1983 1371 2039 Ex
1414 1987 1482 2041 iis
1516 1986 1643 2041 item
1686 2001 1807 2055 qua:
1849 1996 1982 2041 tem-

422 2080 553 2135 pore
581 2067 739 2125 famis
758 2073 1094 2144 contingunt,
1113 2086 1268 2145 potes
1287 2089 1625 2148 quoquerem
1651 2080 1979 2150 propositam

421 2161 774 2229 comprobare
800 2181 815 2217 :
866 2164 1039 2221 donec
1068 2167 1209 2221 enim
1237 2168 1416 2223 anima
1446 2170 1549 2225 cibi
1582 2173 1733 2241 copia
1761 2171 1978 2241 fruitur,

421 2263 622 2321 corpus
666 2253 807 2323 viget
860 2271 992 2313 sane
1025 2258 1273 2328 valetque
1314 2260 1558 2329 viribus;
1602 2271 1657 2316 at
1699 2262 1983 2320 deficiente

422 2342 575 2411 cibo,
607 2344 784 2415 ipsum
819 2363 1016 2419 corpus
1052 2351 1291 2407 absumit
1334 2361 1388 2408 et
1431 2355 1750 2424 corrumpit.
1797 2355 1983 2426 Neque

420 2435 564 2491 enim
597 2447 772 2507 potest
805 2454 1002 2510 corpus
1032 2442 1238 2513 absque
1269 2443 1394 2499 cibo
1450 2446 1645 2501 animae
1672 2447 1836 2502 calori
1879 2448 1981 2503 ob-

420 2526 631 2594 sistere,
678 2530 1135 2600 quemadmodum
1176 2526 1353 2605 neque
1385 2552 1480 2592 vas
1515 2553 1723 2593 aeneum
1764 2540 1980 2597 clibano

420 2616 731 2690 impositum
779 2622 918 2692 ignis
950 2625 1345 2682 vehementiam
1380 2629 1497 2684 sine
1533 2645 1672 2700 aqua
1714 2631 1855 2687 ferre
1883 2648 1979 2688 va-

422 2706 530 2775 let;
580 2725 803 2782 prorsus
852 2714 996 2768 enim
1058 2713 1300 2772 funditur
1350 2727 1403 2775 et
1448 2720 1714 2789 liquescit.
1779 2720 1977 2778 Eodem

341 2802 355 2817 ‘
419 2813 643 2869 prorsus
690 2805 849 2859 modo
888 2805 1034 2860 lehes
1079 2810 1361 2878 corporis,
1407 2810 1689 2867 deficiente
1728 2812 1880 2873 cibo.
1912 2812 1980 2868 ab

419 2890 575 2964 ignea
609 2895 788 2951 anima
831 2898 1150 2970 absumptus
1200 2903 1424 2958 omnino
1480 2906 1882 2974 pessumdatur.
1921 2904 1977 2961 ln

419 3000 634 3043 summa
690 3001 868 3045 autem
925 3007 991 3046 eo
1049 2993 1283 3049 maxime
1337 3005 1543 3066 spectat
1579 2997 1708 3053 illud
1766 2998 1978 3053 Domini

2075 511 2153 582 τῷ
2174 514 2430 583 στόματι·
2462 513 2582 567 ἐπεί
2602 515 2716 566 ἐστι
2742 514 2842 586 τὴν
2875 511 3033 582 φύσιν
3060 509 3234 584 θερμὴ
3267 514 3409 566 κατὰ.
3439 513 3526 567 τὸν
3546 512 3634 567 λό-

2077 619 2171 671 γον
2218 605 2319 675 τῆς
2360 605 2583 675 Σοφίας·
2626 605 2801 674 Ψυχὴ
2835 602 3015 673 θερμὴ
3053 603 3131 671 ὡς
3155 604 3273 673 πῦρ
3298 606 3628 675 καιόμενον.

2079 696 2287 767 Ὥσπερ
2333 692 2425 750 οὖν
2459 696 2519 749 τὸ
2569 697 2680 768 πῦρ
2717 697 2784 750 τὰ
2825 696 3124 767 βαλλόμενα
3165 698 3244 759 είς
3293 698 3384 751 τὸν
3435 696 3648 768 λέϐητα.

2077 786 2215 856 ἕψει,
2242 786 2413 851 οὕτως
2445 790 2587 859 καὶὴ
2618 787 2869 860 πυρώδης
2888 787 3031 859 ψυχὴ
3061 788 3126 841 τὰ
3161 790 3643 861 παραπεμπόμενον

2079 878 2221 931 σιτία
2245 880 2311 948 τῇ
2358 878 2532 950 κοιλίᾳ
2567 878 2814 933 λεπτύνει
2852 878 2945 933 καὶ
2975 879 3202 951 δαπανᾷ.
3243 879 3360 934 Κᾶν
3396 880 3452 933 δὲ
3490 882 3633 952 ψυχὴ

2077 970 2319 1040 λέγηται,
2355 971 2415 1024 ού
2466 971 2679 1040 λέγεται
2729 971 2815 1025 διὰ
2850 972 2909 1025 τὸ
2944 969 3081 1027 εἶναι
3112 973 3293 1044 ψυχρά
3328 977 3394 1046 τῇ
3457 974 3631 1046 οὐσία,

2078 1060 2152 1126 ὥς
2183 1078 2325 1125 τινες
2359 1063 2465 1116 τῶν
2486 1063 2863 1136 ἁπλουστέρων
2894 1063 3171 1136 ᾠήθησαν,
3200 1063 3337 1118 ἀλλὰ
3358 1064 3445 1118 διά
3474 1066 3537 1119 τὸ
3572 1068 3637 1119 ὲκ

2078 1151 2275 1222 πολλῆς
2298 1152 2627 1226 θερμότητος
2656 1154 3025 1227 ἀναξεραίνειν
3059 1156 3226 1227 αὐτὴν
3257 1155 3328 1209 τά
3368 1155 3533 1226 ὑγρὰ,
3561 1155 3636 1220 ὡς

2078 1235 2222 1298 ἔστιν
2247 1244 2719 1317 πληροφορηθῆναι
2741 1247 2833 1300 καὶ
2857 1250 2919 1300 ὲκ
2935 1247 3033 1318 τῆς
3054 1248 3330 1317 ἐνεργείας
3347 1247 3439 1301 τοῦ
3462 1248 3634 1319 ἡλίουο

2078 1337 2152 1391 ὢν
2179 1338 2287 1409 γὰρ
2330 1338 2528 1409 θερμὸς
2574 1340 2668 1393 καὶ
2705 1337 2989 1411 πυρώδης,
3034 1339 3199 1409 πηλὸν
3235 1339 3499 1410 ξηραίνει,
3548 1341 3645 1393 καὶ

2080 1432 2185 1483 πᾶν
2213 1430 2377 1501 ὑγρὸν
2402 1431 2680 1501 ἀνιμᾶται.
2710 1431 2833 1484 ’Ότι
2864 1430 2971 1502 δὲή
2996 1429 3140 1503 ψυχὴ
3165 1429 3337 1503 θερμή
3365 1433 3476 1485 ἐστι
3500 1432 3640 1484 κατά

2081 1520 2261 1590 φύσιν,
2294 1520 2499 1588 πείθου,
2529 1521 2741 1591 ἀδελφὲ,
2776 1523 2869 1575 καὶ
2905 1522 2969 1575 ὲκ
3018 1520 3126 1574 τῶν
3172 1520 3637 1591 ἀποθνησκόντων.

2078 1603 2155 1681 ἾᾹΙ
2177 1608 2284 1680 γὰρ
2307 1609 2654 1681 ἀποχωρισθῇ
2683 1612 2716 1682 ή
2748 1609 2892 1681 ψυχὴ
2917 1609 3023 1664 ἀπὸ
3048 1608 3141 1664 τοῦ
3165 1609 3432 1682 σώματος,
3465 1610 3641 1664 πάντα

2083 1702 2151 1757 τὰ
2184 1703 2317 1774 μέλη
2353 1704 2693 1775 εὑρίσκονται
2726 1702 3126 1776 κρυσταλλώδη,
3169 1703 3262 1757 καὶ
3290 1703 3438 1757 οὐδὲν
3479 1698 3642 1775 ἦττον

2013 1766 2055 1821 Β
2083 1766 2255 1867 πάγου
2281 1766 2555 1869 ίειμερίου
2584 1797 2615 1866 ἢ
2647 1766 2823 1868 χιόνος
2842 1766 3167 1870 ψυχρότερα.
3196 1798 3306 1851 Καὶ
3330 1797 3396 1869 δὴ
3414 1766 3523 1851 ἀπδ
3536 1797 3643 1850 τῶν

2081 1889 2252 1960 λιμῶν
2286 1889 2400 1941 ἐστι
2428 1889 2718 1960 δοκιμάσαι
2745 1889 2805 1943 τὸ
2832 1889 3121 1960 λεγόμενον
3140 1907 3152 1919 ·
3180 1890 3284 1954 ἓως
3311 1890 3419 1962 γὰρ
3450 1888 3567 1960 ἔχει
3608 1892 3641 1960 ή

2080 1979 2223 2051 ψυχὴ
2259 1980 2354 2051 τὴν
2379 1980 2580 2052 τροφὴν
2631 1983 2710 2044 είς
2734 1980 3012 2051 ἀφθονίαν,
3044 1982 3105 2035 τὸ
3138 1981 3296 2053 σῶμα
3336 1981 3516 2036 θάλλει
3552 1983 3643 2035 καὶ

2082 2074 2400 2147 ἀδρύνεται’
2457 2073 2691 2144 ὁπηνίκα
2742 2075 2799 2129 δὲ
2834 2076 3098 2147 ἀπορήσει
3153 2074 3353 2138 σιτίων,
3407 2075 3541 2128 αὐτὸ
3584 2075 3643 2127 τὸ

2083 2167 2240 2238 σῶμα
2270 2166 2540 2220 κατεσθίει
2570 2166 2663 2220 καὶ
2680 2165 2908 2238 φθείρει.
2934 2168 3008 2220 Οὐ
3029 2166 3134 2238 γὰρ
3157 2166 3373 2221 δύναται
3397 2166 3460 2220 τὸ
3486 2166 3644 2236 σῶμα

2081 2255 2208 2309 ἄνευ
2240 2254 2446 2326 τροφῆς
2478 2253 2723 2326 ἀντέχειν
2761 2253 2897 2326 πρὸς
2933 2253 3030 2325 τὴν
3057 2252 3366 2325 θερμότητα
3408 2251 3508 2321 τῆς
3540 2251 3643 2321 ψυ-

2080 2347 2201 2418 κῆς,
2230 2346 2304 2410 ὡς
2324 2344 2443 2399 οὔτε
2473 2346 2693 2416 ἀγγεῖον
2725 2341 2959 2416 χαλκοῦν
2989 2343 3160 2409 ἑστὼς
3181 2345 3275 2397 ἐπί
3294 2343 3551 2398 κλιϐάνου
3583 2344 3645 2398 οὐ

2078 2437 2299 2494 δύναται
2323 2438 2449 2492 ἄνευ
2471 2437 2661 2502 ὕδατος
2690 2438 2874 2510 φέρειν
2908 2437 3007 2510 τὴν
3040 2437 3373 2509 σφοδρότητα
3413 2435 3509 2490 τοῦ
3541 2452 3642 2489 πυ-

2084 2531 2202 2601 ρός’
2256 2529 2587 2601 ὲκφρύγεται
2634 2530 2741 2602 γὰρ
2787 2529 2877 2584 καὶ⁸
2921 2529 3191 2584 διαλύεται
3239 2529 3461 2583 τέλειον.
3489 2528 3647 2582 Οὕτω

2079 2619 2207 2689 γοῦν
2237 2620 2327 2674 καὶ
2355 2622 2383 2672 ὀ
2408 2619 2569 2691 λέϐης
2592 2617 2686 2673 τοῦ
2717 2618 2984 2691 σώματος,
3020 2620 3093 2691 μὴ
3118 2619 3255 2691 ἔχων
3282 2620 3384 2691 τὴν
3411 2619 3640 2690 τροφὴν,

2081 2713 2231 2784 παρά
2255 2712 2351 2778 τῆς
2372 2709 2651 2782 πυρώδους
2685 2709 2862 2782 ψυχῆς
2883 2709 3328 2783 ὑπολικμώμενος
3349 2711 3641 2764 ἀπόλλυται

2081 2806 2415 2859 παντάπασι.
2453 2804 2756 2875 Κεφάλαιον
2805 2804 2861 2858 δὲ
2909 2805 3017 2858 πᾶν
3048 2805 3140 2858 ἐπὶ
3173 2806 3308 2859 πᾶσι
3361 2805 3424 2858 τὸ
3455 2803 3644 2874 λεχθὲν

2080 2896 2214 2968 πρὸς
2239 2895 2333 2950 τοῦ
2367 2896 2571 2968 Κυρίου
2592 2914 2606 2928 ’
2644 2895 2738 2966 Μὴ
2753 2897 3158 2968 μεριμνήσητε
3183 2896 3259 2967 τῇ
3278 2897 3453 2968 ψυχῇ
3475 2894 3645 2967 ὑμῶν

2079 2989 2137 3042 τί
2159 2987 2403 3059 φάγητε,
2433 2988 2472 3057 ἣ
2500 2989 2580 3057 τῷ
2607 2989 2831 3060 σώματι
2865 2990 2923 3044 τί
2948 2989 3319 3059 ἐνδύσησθε·
3350 2991 3442 3044 ἐπὶ
3462 2989 3645 3044 πλεῖόν

417 3078 636 3135 elfatum
678 3100 693 3138 :
730 3082 909 3140 Nolite
958 3086 1173 3142 solliciti
1218 3104 1327 3143 esse
1370 3091 1563 3145 anima:
1613 3101 1797 3146 vestra:
1851 3092 1980 3162 quid

2082 3082 2275 3152 ἐστινὴ
2306 3080 2450 3155 ψυχὴ
2469 3082 2569 3153 τῆς
2583 3083 2807 3155 τροφῆς,
2831 3084 2925 3138 καὶ
2945 3083 3004 3137 τὸ
3029 3083 3185 3157 σῶμα
3205 3082 3297 3138 τοῦ
3325 3084 3641 3156 ἐνδύματος.

424 3174 769 3237 manducetis,
802 3185 894 3230 aut
935 3181 1140 3246 corpori
1184 3191 1351 3236 vestro
1394 3183 1520 3254 quid
1562 3184 1858 3238 induamini
1905 3185 1979 3251 '";

2083 3174 2147 3227 Εί
2195 3172 2371 3228 τοίνυν
2424 3174 2531 3229 τῶν
2563 3180 2883 3246 κρειττόνων
2915 3176 3009 3230 καὶ
3045 3175 3303 3247 μειζόνων
3333 3175 3645 3246 ἠξιώθημεν

424 3261 551 3330 quia
599 3264 722 3334 plus
769 3276 853 3322 est
891 3270 1069 3326 anima
1104 3288 1265 3342 quam
1315 3289 1459 3339 esca,
1511 3285 1565 3332 et
1613 3293 1811 3348 corpus
1863 3279 1984 3348 plus

2083 3270 2147 3338 τῇ
2181 3267 2360 3340 χάριτι
2390 3267 2483 3321 τοῦ
2509 3268 2831 3339 κρείττονος,
2871 3268 3049 3340 πολλῷ
3084 3267 3282 3339 μᾶλλον
3314 3268 3420 3321 τῶν
3444 3267 3643 3341 βραχυ-

422 3366 586 3423 quam
614 3357 990 3414 vestimentum
1014 3362 1076 3415 ⁸³.
1109 3361 1163 3418 Si
1195 3365 1376 3435 itaque
1409 3366 1498 3421 Dei
1529 3369 1699 3439 gratia
1725 3381 1983 3439 prmstan-

421 3443 652 3500 tioribus
681 3449 1084 3522 majoribusque
1130 3456 1287 3512 bonis
1327 3458 1501 3514 affecti
1547 3477 1773 3527 sumus,
1812 3463 1977 3518 multc

425 3535 599 3604 magis
625 3537 774 3594 hisce
802 3542 1101 3599 minoribus
1124 3548 1512 3620 vilioribusque
1539 3553 1884 3621 replebimur.

497 3623 729 3690 Quaerite
758 3632 984 3699 primum
1019 3651 1232 3705 regnum
1260 3638 1354 3694 Dei
1390 3641 1455 3697 ⁸³.
1490 3644 1733 3714 Regnum
1768 3645 1859 3701 Dei
1893 3644 1978 3700 ni-

424 3714 503 3806 hi!
532 3717 673 3773 aliud
705 3730 789 3776 est
822 3739 982 3793 quam
1027 3725 1328 3785 futurorum
1364 3732 1628 3789 bonorum
1668 3736 1976 3806 possessio;

418 3805 472 3860 id
503 3815 608 3874 est,
639 3808 731 3865 Dei
764 3817 1146 3887 contemplatio
1185 3836 1250 3877 ac
1280 3824 1537 3896 cegnitio,
1571 3805 1833 3897 quantum
1878 3830 1980 3885 bu-

418 3911 591 3953 mana:
619 3914 701 3956 est
740 3901 1030 3964 facultatis.

420 4011 480 4070 S.
510 4016 809 4088 Athanasii,
835 4023 973 4092 quod
995 4041 1095 4105 non
1111 4026 1462 4105 judicandum
1487 4032 1577 4097 sit,
1608 4049 1673 4086 ea:
1695 4031 1977 4105 Evangelia

866 4096 1148 4149 secundum
1190 4098 1243 4152 Μ
1250 4101 1519 4155 att/tantm.

491 4174 672 4234 Nolite
707 4182 970 4250 judicare,
1012 4196 1204 4242 utnon
1231 4191 1577 4259 judicemini;
1604 4194 1659 4247 in
1696 4211 1796 4265 quo
1837 4198 1975 4251 enim

409 4266 615 4336 judicio
631 4270 963 4339 judicabitis,
979 4276 1359 4346 judicabimini
1386 4298 1404 4335 :
1437 4294 1486 4335 et
1509 4283 1563 4336 in
1591 4301 1694 4353 qua
1729 4302 1974 4341 mensura

2080 3359 2253 3431 τέρων
2272 3359 2365 3414 καὶ
2394 3358 2830 3431 καταδεεστέρων
2860 3358 3277 3431 ὲμπλησθῶμεν.

2151 3649 2387 3717 Ζητεῖτε
2434 3648 2502 3702 δὲ
2532 3648 2764 3716 πρῶτον
2790 3646 2904 3716 τὴν
2948 3647 3276 3713 ,ϐασι-κείαν
3318 3647 3424 3701 τοῦ
3470 3650 3637 3704 Θεου.

2080 3744 2333 3797 Βασιλεία
2353 3741 2486 3796 Θεοῦ
2518 3742 2664 3796 οὐδὲν
2694 3741 2820 3795 ἄλλο
2848 3740 2992 3793 ἐστὶν
3013 3739 3126 3794 ἀλλ’
3155 3740 3188 3813 ἥ
3211 3739 3316 3793 τῶν
3342 3738 3641 3811 μελλόντων

2079 3834 2296 3904 ἀγαθῶν
2322 3836 2354 3904 ή
2384 3833 2710 3898 ἀπόλαυσις·
2740 3831 3016 3886 τουτέστιν
3056 3833 3088 3903 ἡ
3130 3830 3222 3885 τοῦ
3260 3830 3393 3885 Θεοῦ
3439 3831 3639 3903 θεωρία

2076 3944 2137 3981 τε
2170 3926 2263 3981 καὶ
2287 3925 2505 3996 γνῶσις,
2540 3925 2661 3978 ὅσον
2694 3923 2912 3994 ἐφικτὸν
2930 3926 2994 3995 τῇ
3028 3921 3337 3995 ἀνθρωπίνῃ
3367 3922 3533 3995 ψυχῇ.

2140 4039 2419 4120 (Πλῌερὶ
2444 4040 2551 4120 rei?
2570 4037 2656 4109 μὴ
2687 4039 2931 4120 κρίνειν,
2962 4037 3069 4120 τοῦ
3099 4040 3250 4120 κατὰ
3275 4038 3573 4120 Ματθαῖον

2226 4108 2616 4182 manuleo,
2643 4108 2748 4163 τοῦ
2772 4108 3066 4179 μακαρίου
3099 4110 3463 4163 Ἀθανασίου.

2144 4203 2241 4271 Μὴ
2276 4202 2541 4271 κρίνετε,
2571 4200 2668 4256 καὶ
2697 4202 2769 4255 οὐ
2802 4201 2888 4271 μὴ
2922 4200 3185 4272 κριθῆτε·
3213 4201 3282 4254 ἐν
3304 4193 3351 4267 ᾧ
3379 4201 3489 4271 τὰρ
3512 4203 3637 4269 κρί-

2068 4308 2209 4361 μιιτι
2234 4296 2484 4361 κρίνετε,
2507 4292 2863 4362 κριθήσεσθε
2882 4312 2896 4326 ·
2927 4297 3025 4350 καὶ
3046 4297 3116 4350 ἐν
3142 4288 3190 4362 ᾧ
3208 4296 3401 4366 μέτρῳ
3414 4298 3641 4366 μετρεῖ-

415 4360 581 4412 mensi
609 4362 835 4428 fueritis,
868 4369 1167 4423 remetietur
1186 4371 1326 4426 vobis
1348 4372 1413 4427 ".
1437 4374 1526 4429 Ait
1556 4390 1684 4430 vero
1711 4375 1974 4434 Dominus

2075 4360 2138 4437 τε
2156 4423 2172 4447 ,
2199 4360 2761 4454 ἀντιμετρηθήσεται
2784 4385 2944 4455 ὑμῖν.
3003 4360 3165 4456 Λέγει
3193 4360 3249 4441 δὲ
3281 4360 3540 4459 όγιέύ-ριος
3569 4389 3637 4442 τὰ

418 4464 482 4504 ea
536 4450 650 4519 ipsa
697 4463 857 4524 atque
896 4460 1123 4527 aequalia
1172 4462 1240 4517 iis
1280 4464 1526 4520 accidere
1567 4467 1660 4535 qui
1702 4467 1970 4537 judicant,

2075 4445 2212 4527 αὐτὰ
2238 4445 2552 4528 καὶ-τάνίσα
2576 4445 2935 4547 ’πάσχειν-τὸν
2979 4445 3228 4548 κρίνοντα
3269 4478 3362 4532 καὶ
3404 4445 3494 4532 τὸν
3521 4445 3634 4549 ⁷με·-

417 4550 579 4627 atque
609 4543 675 4595 iis
701 4543 790 4612 qui
826 4548 1120 4604 metiuntur
1154 4570 1167 4605 :
1199 4568 1307 4607 non
1339 4557 1791 4624 quemadmodum
1823 4560 1976 4614 aiunt

2075 4563 2319 4636 τροῦντα,
2358 4564 2419 4617 ού
2443 4564 2625 4628 καθώς
2653 4583 2814 4636 φασιν
2845 4566 3138 4639 αίρετικῶν
3166 4568 3352 4633 παῖδες
3377 4566 3635 4640 ψευδόμε-

416 4624 677 4699 haeretici,
701 4651 758 4691 se
788 4636 932 4707 ipsos
957 4639 1008 4693 in
1040 4657 1277 4699 errorem
1307 4646 1652 4715 deducentes,
1690 4667 1792 4705 non
1818 4653 1973 4707 intel-

414 4722 628 4793 ligentes
663 4744 822 4792 ue;ue
847 4747 963 4801 qua:
997 4732 1297 4806 loquuntur,
1328 4754 1485 4810 neque
1512 4742 1575 4796 de
1598 4743 1784 4813 quibus
1816 4745 1971 4815 afﬁr-

415 4827 560 4871 mant
587 4819 653 4874 ⁸⁵.
682 4820 744 4874 lli
777 4839 1010 4896 namque
1048 4842 1143 4897 per
1184 4829 1406 4888 insanos
1444 4842 1606 4905 atque
1636 4838 1968 4907 perniciosos

414 4910 741 5000 pmnitentize
801 4917 936 4973 ritus
988 4922 1229 4989 pecunia:
1282 4935 1545 4993 quaestum
1603 4941 1966 5000 aucupantes,

414 4997 564 5053 aiunt
595 5016 700 5055 non
726 5002 1080 5072 judicandum
1115 5010 1228 5066 sive
1270 5013 1636 5073 damnandum
1674 4997 1794 5077 esse
1842 4997 1966 5077 eum

413 5087 505 5158 qui
557 5104 775 5161 peccata
822 5101 1068 5156 mortalia
1098 5105 1372 5161 admittit:
1408 5109 1487 5163 ait
1539 5111 1736 5183 quippe
1778 5113 1965 5169 Domi-

411 5196 515 5238 nus
550 5198 563 5235 :
592 5182 771 5241 Nolite
791 5189 1034 5258 judicare
1070 5208 1124 5251 ut
1150 5200 1598 5268 uonjudicemini.
1624 5182 1774 5272 Quod
1815 5207 1858 5262 si
1892 5209 1964 5261 ita

411 5286 469 5367 se
500 5290 587 5330 res
615 5276 773 5334 habet
800 5289 860 5336 ut
890 5283 1158 5342 afﬁrmant
1198 5290 1325 5360 ipsi,
1362 5291 1475 5348 Noe
1505 5310 1634 5349 sane
1669 5297 1750 5350 vir
1782 5298 1966 5367 justus

409 5362 694 5425 damnatus
716 5369 836 5441 fuit,
868 5376 1011 5444 quod
1051 5378 1345 5437 derisorem
1382 5383 1646 5442 Chamum
1682 5362 1964 5454 judicare-

470 5564 517 5596 "
549 5565 710 5621 Eecli.
751 5585 906 5640 mu,
930 5573 1019 5628 22.
1094 5577 1136 5609 "
1173 5575 1363 5633 Matth.
1398 5596 1469 5646 vt,
1498 5580 1586 5638 25.
1674 5585 1720 5615 “
1754 5584 1885 5640 ibid.
1962 5587 2010 5619 ⁸³
2037 5588 2164 5643 ibid.
2208 5591 2296 5644 55.
2371 5588 2417 5621 ”
2455 5587 2644 5644 Matth.
2671 5604 2769 5655 vn,
2807 5586 2858 5640 1.

2068 4672 2148 4708 νοι
2173 4655 2422 4719 ἑαυτοὺς,
2449 4657 2542 4709 καὶ
2565 4657 2650 4726 μὴ
2678 4656 2901 4722 εἰδότες
2924 4656 2980 4710 τί
3001 4656 3307 4726 λέγυυσιν,
3337 4658 3377 4725 ἧ
3397 4658 3531 4727 περὶ
3550 4652 3637 4712 ὧν

2066 4740 2713 4802 διαϐεϐαιοῦνται.οὗτοι
2735 4748 2840 4819 γὰρ
2858 4748 3279 4821 ἐμπορευόμενοι
3294 4749 3363 4802 τά
3380 4750 3484 4821 χρή
3493 4768 3633 4821 ματα

2064 4837 2151 4892 διὰ
2176 4838 2282 4892 τῶν
2328 4841 2568 4911 ἀνοήτων
2601 4841 2693 4894 καὶ
2739 4838 3044 4911 ὲπιζημίων
3091 4840 3383 4912 μετανοιῶν
3423 4839 3630 4897 θέλουσι

2071 4930 2246 5001 λέγειν
2270 4973 2283 4993 ,
2315 4933 2396 4986 ὅτι
2421 4934 2482 4986 ού
2523 4933 2603 4986 δεῖ
2630 4932 2834 5003 κρίνειν
2885 4934 2976 4987 τὸν
3028 4933 3300 5004 δράσαντα
3324 4934 3631 5001 ,θανατικὰς

2071 5024 2361 5096 ἁμαρτίας.
2403 5021 2536 5079 Εἶπε
2566 5024 2672 5097 γὰρ
2699 5026 2727 5078 ό
2757 5024 2987 5097 Κύριος’
3023 5024 3117 5094 Μὴ
3150 5027 3401 5095 κρίνετε.
3432 5026 3533 5082 καὶ
3560 5030 3627 5081 οὐ

2062 5115 2149 5185 μὴ
2182 5116 2435 5186 κριθῆτε.
2466 5119 2528 5171 Et
2550 5118 2605 5172 δὲ
2637 5117 2808 5181 οὕτως
2842 5114 2910 5189 ἢν
2946 5117 3126 5183 καθὼς
3152 5119 3346 5174 ἐκείνοι
3372 5119 3631 5193 διισχυρί-

2068 5207 2269 5273 ζονται,
2300 5209 2512 5272 πάντως
2556 5208 2621 5263 ἂν
2652 5212 2681 5263 ὀ
2721 5210 2925 5275 δίκαιος
2955 5210 3075 5265 Νῶε
3118 5198 3415 5285 κατεκρίθη
3440 5213 3630 5285 κρίνας

2065 5300 2154 5354 τὸν
2184 5300 2481 5372 χλευαστὴν
2530 5301 2659 5373 Χὰμ
2688 5301 2781 5357 τοῦ
2812 5297 2950 5357 εἴναι
2995 5301 3177 5356 δοῦλον
3207 5303 3315 5357 τῶν
3364 5302 3623 5374 ἀδελφῶν.

2074 5389 2135 5447 Ὀ
2161 5391 2217 5444 δὲ
2242 5393 2479 5465 Μωῦσῆς
2496 5434 2512 5459 ,
2542 5395 2731 5466 κρίνας
2751 5397 2841 5449 τὸν
2869 5394 3193 5460 συλλέξαντα
3214 5395 3283 5450 τὰ
3307 5395 3435 5464 ξύλα
3466 5396 3527 5451 ὲν
3548 5393 3630 5467 τῷ

2960 5585 3006 5618 ⁸³
3036 5589 3057 5641 ι
3090 5585 3233 5643 Tim.
3264 5602 3304 5655 ι,
3341 5583 3393 5641 7.

479 5707 590 5779 (i7)
626 5709 705 5766 Ex
745 5714 931 5771 codice
963 5716 1322 5777 Ambrosiam
1357 5722 1449 5791 27,
1482 5739 1513 5778 κ
1559 5726 1737 5782 saeculi
1769 5742 1994 5801 egregiae
2026 5739 2196 5798 notre;
2225 5738 2277 5786 et
2301 5746 2364 5786 ex
2394 5727 2522 5801 Reg.
2555 5728 2710 5796 i993,
2750 5727 2878 5786 item
2901 5743 2934 5784 ι
2957 5727 3142 5786 seculi
