3990 6208
388 334 522 391 1377

1503 334 1928 397 FRAGMENTA
1964 340 2031 398 IN
2071 334 2512 397 MATTHEUM.

3481 332 3502 386 Ι
3514 331 3617 387 578

386 451 657 525 σαϐϐάτῳ,
691 453 970 508 ἐκέλευσεν
992 454 1096 521 ἔξω
1121 455 1221 526 τῆς
1242 456 1588 531 παρεμϐολῆς
1607 458 1773 525 λίθοις
1791 461 1948 517 αὐτὸν

2054 461 2125 517 rit
2153 448 2619 528 damnaveritque‘,
2652 466 2706 511 ut
2728 462 2871 511 esset
2897 452 3128 508 fratrum
3156 466 3348 508 servus
3377 451 3447 505 ⁸⁸.
3475 451 3616 522 Moy~
3678 488 3682 505 ε

384 546 706 603 ἀποθανεῖν’
738 549 766 601 6
809 548 866 603 δὲ
911 547 1151 620 διάδοχος
1187 549 1351 605 αὐτοῦ
1380 551 1589 622 Ἰησοῦς
1636 553 1826 626 κρίνας
1858 556 1951 611 καὶ

384 637 475 693 τὴν
504 638 674 709 Ἀχαν
705 637 791 691 διά
817 638 913 710 τῆς
948 638 1151 709 κλοπῆς
1181 641 1397 694 πανοικὶ
1426 640 1836 715 ὲξωλόθρευσεν.
1894 645 1951 699 Ὀ

382 729 440 784 δὲ
463 730 647 794 Φινεὲς
679 730 766 784 διὰ
786 729 884 801 τὴν
910 730 1162 802 πορνείαν
1183 733 1273 787 τὸν
1304 734 1519 808 Ζαμϐρὶ
1544 736 1753 807 κρίνας,
1778 755 1951 810 σειρο-

386 819 568 893 μάστῃ
599 819 932 891 ὲξεκέντησε.
962 821 1070 875 Kal
1097 823 1125 875 6
1150 822 1400 895 Σαμουὴλ
1422 824 1514 878 τὸν
1541 825 1713 896 nam
1738 827 1828 880 τὸν
1854 829 1950 899 βα-

385 911 534 965 σιλέα
563 911 671 965 τῶν
704 912 1082 985 Ἀμαληκιτῶν
1114 914 1322 969 ἀνεῖλεν
1358 914 1587 971 ἐνώπιον
1618 920 1842 991 Κυρίου.
1893 922 1950 974 '0

380 1005 440 1060 δὲ
482 1006 665 1069 Ἠλίας
689 1006 878 1077 κρίνας
904 1007 1027 1071 τοῦς
1048 1007 1516 1080 ψευδοπροφήτας,
1544 1011 1620 1074 ὡς
1648 1013 1861 1085 χοίρους
1891 1015 1949 1067 ὲν

379 1097 459 1168 τῷ
502 1100 786 1171 χειμάρῤῳ
822 1099 1151 1170 ἀπέσφαξεν.
1187 1100 1297 1153 Καὶ
1327 1101 1356 1153 ὁ
1388 1101 1709 1170 Ἐλισσαῖος,
1759 1106 1948 1176 κρίνας

380 1191 473 1247 τὸν
501 1190 662 1263 Γιεζῆ
701 1191 789 1246 διὰ
816 1192 914 1264 τὴν
942 1191 1102 1262 λῆψιν
1140 1191 1248 1246 τῶν
1275 1195 1597 1266 χρημάτων,
1629 1195 1826 1269 λεπρὸν
1855 1200 1949 1253 ἀν-

380 1283 598 1349 έδειξεν.
638 1285 694 1339 'O
722 1285 779 1339 δὲ
805 1287 1000 1358 Δανιὴλ
1017 1327 1033 1352 ,
1065 1286 1255 1358 κρίνας
1270 1289 1392 1350 τοὺς
1410 1287 1738 1353 ἀκολάστους
1762 1288 1949 1361 γέρον-

380 1392 478 1440 τας
509 1375 692 1429 ἕνεκεν
725 1375 823 1445 τῆς
853 1375 1241 1446 συκοφαντίας,
1277 1376 1424 1447 νόμῳ
1447 1376 1724 1447 Μωσαῖκῷ
1748 1377 1949 1448 ἐτιμω-

384 1467 603 1538 ρήσατο.
628 1467 740 1521 Kal
761 1470 789 1522 6
810 1468 1032 1540 Πέτρος,
1052 1466 1232 1523 λαϐὼν
1264 1468 1361 1533 τὰς
1386 1467 1532 1533 κλεῖς
1556 1469 1653 1539 τῆς
1678 1468 1951 1538 βασιλείας

327 1578 334 1587 ·
376 1559 488 1612 τῶν
518 1558 780 1630 οὐρανῶν,
811 1560 901 1614 τὸν
922 1561 1172 1615 Ἀνανίαν
1200 1560 1341 1632 μετά
1358 1561 1457 1633 τῆς
1488 1561 1742 1630 γυναικὸς
1769 1578 1952 1631 νοσφι-

381 1650 647 1722 σαμένους
683 1653 747 1705 ὲκ
779 1651 869 1706 τοῦ
906 1653 1036 1707 ἰδίου
1085 1654 1394 1725 κτήματος,
1429 1653 1649 1725 κρίνας,
1699 1651 1951 1722 παραυ-ιὰ

379 1744 631 1816 ἐποίησεν
662 1746 860 1810 αὐτοὺς
908 1744 1199 1816 ἀποψύξαι.
1257 1745 1369 1799 Kal
1414 1747 1443 1798 6
1486 1745 1694 1808 Παῦλος
1739 1744 1949 1816 ἔκρινεν

2052 568 2170 622 ses,
2201 553 2328 608 item
2358 551 2467 606 lato
2494 548 2698 621 judicio
2722 548 2774 602 in
2799 562 2921 602 eum
2939 544 3031 618 qui
3050 545 3193 616 ligna
3220 543 3504 615 collegerat
3526 543 3614 598 die

2051 645 2284 709 sabbati,
2324 642 2487 714 jussit
2513 656 2637 696 cum
2669 648 2818 694 extra
2849 647 3028 694 castra
3056 635 3321 707 lapidibus
3341 633 3516 689 necari
3538 633 3609 694 ⁸⁷.

2052 733 2182 805 Ejus
2208 749 2425 805 quoque
2469 745 2752 788 successor
2782 727 2969 795 Jcsus,
3015 727 3280 784 sententia
3324 726 3377 780 in
3423 723 3609 779 Acbari

2051 826 2121 881 ob
2148 824 2350 881 furtum
2380 826 2609 894 prolata,
2639 839 2761 877 eum
2787 823 2982 876 domus
3015 819 3346 889 supellectile
3376 826 3486 873 tota
3512 832 3611 872 cs-

2052 917 2361 972 terminavit
2389 916 2567 986 ipsum
2597 915 2662 969 ⁸⁸.
2688 913 2917 968 Pliinces
2946 915 3109 966 etiam
3135 911 3351 965 Zambri
3378 909 3615 965 fornica-

2054 1008 2216 1063 tionis
2240 1022 2402 1061 causa
2438 1006 2728 1069 damnans,
2762 1004 2937 1074 ipsum
2971 1004 3126 1058 hasta
3153 987 3395 1058 confodit
3417 1000 3481 1056 ⁸⁸.
3509 999 3614 1055 83-

2052 1098 2196 1152 muel
2220 1096 2367 1168 Agag
2397 1113 2577 1170 regem
2617 1096 3039 1152 Amalecitarum
3072 1095 3348 1150 interemit
3386 1094 3440 1147 in
3483 1108 3616 1147 con-

2053 1199 2239 1260 specta
2274 1189 2486 1245 Domini
2520 1190 2586 1245 9°.
2616 1188 2764 1245 Elias
2790 1187 2958 1244 falsos
2979 1187 3275 1259 prophetas
3304 1185 3613 1247 damnatos,

2051 1282 2205 1352 quasi
2232 1296 2426 1351 porcos
2452 1282 2505 1336 in
2542 1290 2783 1337 torrente
2814 1280 3080 1351 jugulavit
3110 1281 3177 1335 “.
3214 1278 3439 1333 Elisazus
3466 1276 3617 1332 Giczi

2050 1384 2283 1446 acceptae
2306 1375 2550 1447 pecunia:
2579 1390 2733 1429 reum
2768 1373 3064 1437 damnavit,
3106 1370 3391 1441 effecitque
3432 1370 3616 1438 lepro-

2051 1482 2172 1522 sum
2218 1468 2284 1523 “.
2333 1465 2519 1522 Daniel
2570 1481 2700 1522 vero
2747 1465 2980 1521 lascivos
3031 1477 3188 1518 senes
3252 1460 3618 1533 sycophantim

2049 1574 2215 1613 causa
2246 1558 2314 1613 ab
2343 1573 2402 1613 se
2430 1558 2739 1624 damnatos,
2762 1556 2916 1628 juxta
2942 1556 3112 1625 legem
3143 1551 3436 1607 Mosaicam
3470 1551 3617 1605 ultus

2049 1659 2132 1706 est
2153 1649 2219 1706 ”.
2244 1648 2440 1706 Petrus
2461 1658 2663 1715 autem,
2689 1649 2780 1720 qui
2823 1648 3029 1717 accepit
3056 1647 3235 1701 claves
3263 1643 3413 1715 regni
3445 1643 3616 1698 caelo-

2050 1759 2174 1797 rum
2204 1742 2272 1807 “,
2303 1742 2570 1797 Ananiam
2604 1757 2729 1796 cum
2767 1755 2970 1803 uxore,
3004 1738 3149 1809 quod
3193 1746 3401 1807 partem
3454 1750 3619 1806 pecu-

377 1836 724 1907 ’Δλέξανδρον
751 1837 839 1891 τὸν
869 1837 1074 1909 χαλκέα
1100 1837 1290 1891 εἰπών’
1317 1836 1636 1892 Ἀποδώσει
1658 1836 1816 1904 αὐτῷ
1834 1840 1948 1893 Κύ-

2053 1833 2155 1889 nite
2183 1849 2251 1888 ex
2283 1834 2497 1888 vendita
2532 1832 2750 1903 propria
2801 1830 3147 1900 possessione
3197 1827 3615 1891 subduxissent,

370 1945 503 1996 ριος
536 1929 687 1983 κατὰ
711 1929 783 1983 τὰ
806 1930 952 2000 ἔργα
971 1930 1179 1985 αὐτοῦ.
1226 1929 1508 1999 Ὑμεναῖον
1527 1929 1583 1983 δὲ
1612 1929 1705 1982 καὶ
1722 1929 1948 2002 Φιλητὸν

377 2018 660 2091 παρέδωκε
693 2020 771 2092 τῷ
804 2022 1017 2093 Σατανᾷ
1037 2064 1050 2087 ,
1079 2023 1165 2076 ἵνα
1196 2020 1455 2093 παιδευθῇ
1489 2021 1685 2093 μηκέτι
1713 2021 1949 2094 βλασφη-

379 2112 516 2180 μεῖν.
550 2110 798 2165 Αἰτιᾶται
839 2111 898 2166 δὲ
931 2113 1025 2166 καὶ
1057 2112 1131 2184 μὴ
1155 2110 1446 2185 κρινοὺσας
1490 2112 1814 2183 Ἐκκλησίας
1840 2113 1947 2166 τῶν

375 2200 674 2273 Κορινθίων
702 2203 910 2275 φήσαςο
948 2207 1070 2259 Οὐκ
1095 2204 1267 2258 ἐστιν
1285 2204 1355 2258 ἐν
1380 2204 1522 2273 ’ὑμῖν
1542 2204 1735 2274 σοφὸς
1760 2205 1828 2270 ὃς
1853 2203 1950 2259 δυ-

369 2291 625 2359 νήσεται
660 2293 856 2363 κρῖναι
874 2292 1184 2362 ἁναμέσον
1211 2294 1317 2349 τοῦ
1349 2294 1615 2364 ἀδελφοῦ
1648 2295 1870 2359 αὐτοῦ;
1907 2294 1946 2364 ἣ

363 2384 462 2439 εὸτι
491 2387 603 2440 οὐκ
634 2385 854 2451 οῖδατε,
878 2386 967 2441 ὅτι
989 2386 1281 2457 ἀγγέλους
1311 2389 1658 2459 κρινοῦμεν;
1686 2388 1749 2442 Et
1771 2386 1947 2441 τοίνυν

370 2476 575 2542 πάντες
597 2479 646 2532 οἱ
670 2478 886 2545 δίκαιοι,
935 2479 1239 2551 κρίναντες,
1267 2480 1329 2533 οὐ
1358 2479 1776 2552 κατεκρίθησαν,
1815 2482 1949 2553 μᾶλ-

373 2566 462 2622 λον
512 2569 569 2623 δὲ
622 2570 936 2640 ὲκλεγέντες
992 2573 1073 2636 είς
1114 2572 1212 2644 τὴν
1266 2576 1637 2646 πνευματικὴν
1676 2576 1948 2632 διακονίαν

372 2659 735 2732 ἱξελέγησανο
789 2662 908 2727 πῶς
940 2664 999 2718 οὗ
1032 2664 1114 2719 δεῖ
1145 2668 1264 2721 κατ’
1298 2669 1494 2732 αὐτοὺς
1516 2670 1752 2741 κρίνειν;
1781 2668 1947 2727 Εἶπεν

370 2749 465 2808 οὖν
488 2756 517 2808 6
540 2754 743 2828 Κύριος
762 2773 776 2787 ·
801 2756 900 2824 Μὴ
923 2758 1154 2826 κρίνετε
1172 2800 1186 2825 ,
1210 2760 1310 2815 καί
1330 2762 1403 2816 οὐ
1434 2763 1522 2832 μὴ
1553 2763 1791 2834 κριθῆτε
1808 2783 1822 2796 ·
1850 2767 1947 2839 οὐχ

375 2844 463 2898 ἵνα
514 2846 796 2918 μέλλωμεν
847 2848 1087 2920 ἀκρίτως
1118 2867 1170 2904 τι
1201 2852 1462 2923 πράττειν
1495 2854 1760 2925 ἢ.ποιεῖν,
1811 2856 1947 2911 ἀλλά

367 2936 459 2991 διὰ
493 2937 555 2990 τὸ
594 2939 721 3002 τοὺς
747 2939 1071 3011 Φαρισαίους
1099 2943 1195 2996 καί⁵
1227 2943 1576 3017 Γραμματείς
1605 2946 1811 3020 κρίνειν
1850 2949 1947 3020 μὲν

369 3028 653 3101 ἀλλήλους,
669 3032 892 3097 ἑαυτοὺς
911 3031 967 3085 δὲ
989 3033 1064 3105 μὴ
1085 3032 1442 3106 διορθοῦσθαι.
1471 3032 1596 3092 Οῗον
1614 3039 1834 3112 ἔκριναν
1859 3042 1948 3097 τὸν

374 3118 535 3187 φονέα
554 3120 845 3176 ἀποθανεῖν
873 3122 1013 3176 κατά
1035 3123 1129 3178 τὸν
1157 3125 1341 3197 νόμον,
1362 3128 1513 3182 αὐτοί
1532 3146 1590 3183 τε
1617 3131 1712 3184 καὶ
1738 3134 1948 3203 προφή-
1976 3175 2018 3233 C

370 3226 470 3275 τας
503 3214 836 3286 παρανόμως
859 3214 1212 3281 θανατοῦντες
1233 3233 1245 3246 ·
1282 3218 1504 3291 ἔκριναν
1532 3221 1624 3275 τὸν
1656 3225 1841 3294 μοιχὸν
1873 3224 1948 3289 ὡς

376 3302 564 3373 μοιχὸν
598 3304 958 3376 κολασθῆναι,
983 3307 1079 3361 καὶ
1102 3309 1253 3362 αὐτοὶ
1296 3309 1371 3374 ὼς
1418 3313 1573 3367 ἵπποι
1621 3313 1948 3387 θηλυμανείς

372 3395 724 3466 ἐχρεμέτιζον
753 3397 846 3451 ἐπὶ
869 3397 966 3462 τάς
988 3397 1271 3471 ἀλλοτρίας
1291 3405 1554 3470 γυναῖκας
1574 3419 1587 3433 ’
1615 3403 1833 3478 ἔκριναν
1853 3406 1946 3460 τὸν

371 3485 632 3557 κλέπτην,
654 3489 809 3542 αὐτοὶ
838 3488 990 3553 ὄντες
1019 3490 1255 3544 συλωταὶ
1277 3491 1383 3545 τῶν
1414 3493 1709 3567 ἀλλοτρίων
1737 3498 1947 3569 χρημά·

370 3594 500 3631 των.
550 3573 731 3632 Ἦσαν
763 3580 822 3634 δὲ
866 3584 961 3635 καὶ
992 3582 1244 3637 κώνωπα
1276 3584 1639 3655 διυλίζοντες
1682 3592 1779 3644 καί
1831 3590 1948 3659 τὴν

372 3668 648 3740 κάμηλον
694 3675 1144 3742 καταπίνοντες.
1199 3676 1321 3730 Ὅτι
1354 3678 1412 3731 δὲ
1452 3679 1682 3734 τοιοῦτοι
1717 3678 1856 3754 ἦσαν
1898 3686 1944 3738 οί

369 3763 652 3836 Φαρισαῖοι
685 3765 780 3817 καὶ
810 3766 859 3818 οἱ
890 3766 1259 3839 Γραμματείς,
1292 3771 1524 3843 φανερὸν
1555 3773 1619 3826 ὲκ
1644 3773 1738 3827 τοῦ
1767 3774 1944 3844 λέγειν

369 3855 462 3908 τὸν
491 3855 693 3926 Κύριον
731 3856 819 3911 διά
843 3858 953 3912 τῶν
997 3862 1124 3932 ἑξῆς
1167 3861 1303 3933 πρὸς
1347 3862 1443 3917 ἕνα
1473 3863 1698 3918 ἕκαστον
1726 3868 1903 3922 αὐτῶν
1927 3886 1942 3901 ·

360 3947 439 3999 ,Τί
470 3946 538 4000 δὲ
563 3947 815 4015 βλέπεις
854 3950 921 4005 τὸ
954 3951 1179 4021 κάρφος
1212 3953 1279 4006 τὸ
1321 3953 1393 4008 ἐν
1419 3954 1498 4021 τῷ
1532 3956 1817 4028 ὀφθαλμῷ
1842 3960 1945 4015 τοῦ

370 4038 637 4109 ἀδελφοῦ
663 4057 780 4096 σου
796 4081 814 4107 ,
848 4043 965 4112 τὴν
988 4043 1056 4097 δὲ
1084 4043 1266 4099 δοκὸν
1295 4045 1410 4115 τὴν
1433 4047 1505 4101 ἐν
1552 4048 1637 4115 τῷ
1663 4050 1949 4122 ὀφθαλμῷ

370 4144 489 4182 σου
508 4130 580 4183 οὐ
605 4132 949 4199 κατανοεῖς;
973 4134 1052 4188 ’Ἡ
1068 4132 1195 4201 πῶς
1219 4134 1414 4204 λέγεις
1438 4136 1518 4203 τῷ
1541 4138 1779 4209 ἀδελφῷ
1793 4155 1909 4197 σου
1928 4159 1942 4175 ·

375 4219 550 4287 Ἄφες
580 4220 813 4276 ἐκϐαλῶ
842 4224 909 4277 τὸ
963 4223 1191 4295 κάρφος
1214 4226 1284 4281 ἐκ
1313 4227 1421 4282 τοῦ
1458 4230 1768 4301 ὀφθαλμοῦ
1797 4248 1948 4300 σου;

384 4309 717 4381 ’Υποκριτὰ,
745 4313 963 4370 ἔκϐαλε
994 4315 1228 4385 πρῶτον
1254 4320 1323 4374 ἐκ
1350 4320 1458 4375 τοῦ
1487 4323 1796 4394 ὀφθαλμοῦ
1831 4340 1949 4381 σου

370 4402 486 4472 τὴν
511 4404 716 4473 δοκὸν,
749 4408 850 4462 καί
877 4410 1007 4463 τότε
1041 4410 1386 4482 διαϐλέψεις
1415 4414 1691 4471 ἐκϐαλεῖν
1718 4417 1785 4471 τὸ
1811 4419 1948 4487 rccip-

2048 1924 2335 1989 damnans,
2361 1923 2662 1978 exstinctos
2696 1921 2877 1977 subito
2908 1920 3099 1975 cadere
3124 1919 3253 1974 fecit
3277 1920 3344 1974 ".
3382 1919 3447 1974 Et
3476 1917 3618 1975 Pau-

2048 2016 2135 2072 lus
2164 2031 2383 2088 quoque
2428 2014 2794 2069 Alexandrum
2834 2011 3046 2067 fabrum
3087 2012 3351 2081 judicavit
3380 2012 3567 2068 dicens
3597 2027 3613 2065 :

2047 2107 2249 2164 Reddet
2279 2108 2360 2161 illi
2389 2107 2646 2161 Dominus
2680 2107 2965 2159 secundum
2997 2121 3154 2176 opera
3185 2121 3283 2159 sua
3305 2105 3372 2158 ".
3421 2102 3620 2176 Hyme-

2050 2215 2226 2255 naeum
2279 2214 2411 2254 vero
2460 2206 2624 2269 atque
2684 2195 2953 2252 Pliiletum
3015 2196 3236 2252 tradidit
3293 2193 3529 2260 Satanae,
3557 2202 3620 2251 ut

2047 2291 2349 2346 ediscerent
2377 2305 2482 2345 non
2515 2290 2653 2344 ultra
2681 2287 2996 2358 blaspbema
3022 2286 3193 2341 effari.
3218 2287 3409 2358 Arguit
3437 2297 3618 2341 autem

2048 2381 2320 2438 Ecclesias
2357 2380 2787 2445 Corinthiorum,
2814 2379 2959 2450 quod
2989 2394 3096 2433 non
3119 2378 3503 2448 judicaverint,
3531 2378 3621 2434 his

2050 2475 2270 2530 verbis:
2319 2472 2442 2528 Non
2484 2481 2560 2527 est
2601 2473 2738 2526 inter
2789 2488 2876 2526 tos
2927 2471 3136 2540 sapiens
3179 2471 3492 2541 quisquam,
3527 2469 3619 2541 qui
3734 2488 3737 2493 '

2047 2569 2213 2639 possit
2233 2566 2481 2635 judicare
2507 2564 2645 2617 inter
2672 2562 2895 2632 fratrem
2923 2562 3120 2616 suum?
3145 2561 3223 2616 An
3255 2562 3468 2615 nescitis
3494 2562 3621 2632 quia

2050 2659 2260 2731 angelos
2277 2657 2643 2727 judicabimus
2668 2654 2757 2708 "?
2796 2653 2853 2710 Si
2886 2655 3071 2724 itaque
3118 2668 3309 2708 omnes
3336 2653 3492 2724 justi,
3523 2653 3620 2723 qui

2044 2752 2447 2823 judicaverunt,
2485 2764 2594 2803 non
2643 2748 2764 2804 ideo
2810 2746 3176 2813 condemnati,
3222 2746 3333 2801 imo
3372 2760 3501 2800 vero
3550 2744 3619 2829 ad

2049 2844 2332 2915 spirituale
2358 2842 2719 2897 ministerium
2749 2839 2924 2895 allecti
2948 2846 3001 2894 ct
3017 2838 3251 2909 cooptati
3279 2848 3425 2903 sunt,
3450 2852 3622 2907 quare

2052 2953 2162 2993 non
2193 2945 2249 2990 ut
2282 2934 2357 2989 illi
2381 2932 2739 3001 judicandum
2773 2947 2893 2988 esse
2922 2931 3287 2986 censeamus?
3316 2930 3407 2983 Ait
3439 2931 3620 3000 itaque

2052 3027 2316 3086 Dominus
2348 3045 2363 3082 :
2412 3026 2595 3082 Nolite
2615 3025 2892 3096 judicare,
2923 3034 2982 3078 ut
3012 3041 3113 3078 non
3132 3023 3478 3094 judicemini,
3509 3037 3619 3077 non

2053 3120 2175 3176 ideo
2204 3135 2336 3176 sane
2367 3128 2426 3174 ut
2449 3119 2578 3190 quid
2611 3116 2881 3173 faciamus
2907 3116 2991 3170 vel
3020 3116 3393 3182 admittanius,
3424 3115 3490 3170 de
3510 3127 3621 3184 quo

2046 3212 2313 3282 judicium
2342 3228 2448 3268 non
2487 3210 2768 3277 feramus;
2796 3211 2890 3266 sed
2931 3211 3060 3281 quia
3098 3209 3358 3265 Pharisaai
3385 3223 3438 3266 et
3471 3211 3620 3266 Scri-

2048 3306 2131 3362 bae
2178 3321 2237 3361 se
2277 3313 2467 3359 mutuo
2512 3300 2829 3373 judicabant
2860 3310 2914 3357 et
2956 3302 3317 3367 damnabant,
3350 3302 3451 3372 ipsi
3491 3315 3621 3362 vero

2048 3415 2158 3455 non
2189 3412 2310 3454 sese
2343 3396 2726 3453 emendabant.
2753 3395 2843 3451 Sic
2871 3394 3202 3450 homicidam
3224 3395 3398 3462 illum,
3427 3411 3622 3451 secun-

2048 3492 2177 3548 dum
2236 3492 2428 3561 legem,
2475 3489 2669 3559 capitis
2702 3488 3050 3556 damnarunt,
3096 3505 3220 3543 cum
3275 3489 3378 3560 ipsi
3413 3489 3619 3545 interea

2047 3584 2343 3655 prophetas
2398 3582 2585 3652 inique
2640 3581 3012 3649 trucidarent;
3046 3582 3321 3637 maacbum
3368 3581 3620 3637 adulterii

2048 3692 2213 3733 causa
2239 3689 2431 3745 prunas
2463 3675 2613 3729 luere
2638 3674 3026 3737 decreverunt,
3061 3688 3185 3729 cum
3218 3674 3320 3744 ipsi
3365 3688 3464 3729 ceu
3491 3674 3621 3745 equi

2046 3768 2236 3824 lascivi
2274 3766 2552 3821 binnirent
2586 3765 2653 3821 ad
2693 3765 2898 3820 alienas
2929 3780 3129 3821 uxores
3155 3764 3200 3797 "
3233 3781 3248 3817 :
3293 3767 3617 3821 sententiam

2048 3860 2104 3915 in
2155 3859 2329 3913 furem
2375 3857 2634 3921 tulerunt,
2685 3857 2789 3927 ipsi
2837 3866 3084 3925 raptores
3118 3855 3362 3925 pecunize
3405 3856 3616 3912 alienat.

2048 3949 2325 4020 Erantque
2369 3948 2671 4003 enatantes
2714 3947 2955 4014 culicem,
2995 3956 3045 4000 et
3076 3947 3417 4017 deglutienles
3446 3964 3617 4002 came—

2047 4042 2157 4098 tum
2202 4043 2269 4095 θ’,
2312 4040 2469 4108 Quod
2509 4049 2689 4096 autem
2727 4041 2863 4096 tales
2898 4038 3103 4095 fuerint
3144 4039 3407 4096 Pharisaei
3454 4050 3619 4111 atque

2051 4134 2278 4200 Scriba,
2317 4134 2494 4204 palam
2535 4141 2713 4189 estex
2758 4133 2826 4190 iis
2878 4148 2999 4202 quae
3052 4133 3282 4203 singulis
3321 4148 3511 4188 eorum
3558 4133 3615 4189 in

2049 4226 2401 4298 sequentibus
2429 4226 2507 4281 ait
2540 4225 2804 4281 Dominus
2836 4242 2850 4278 :
2888 4224 3030 4291 Quid
3057 4235 3233 4279 autem
3265 4225 3406 4281 vides
3448 4226 3616 4296 festu-

2048 4335 2166 4373 cam
2195 4319 2251 4373 in
2275 4317 2427 4373 oculo
2458 4316 2646 4385 fratris
2674 4316 2772 4379 tui,
2794 4315 2994 4370 trabem
3019 4325 3216 4381 autem,
3238 4332 3354 4387 qua
3380 4318 3436 4370 in
3465 4314 3615 4370 oculo

2050 4421 2141 4465 tuo
2180 4418 2280 4475 est,
2310 4424 2415 4464 non
2443 4408 2787 4463 consideras?
2822 4408 2926 4460 Aut
2966 4408 3226 4477 quomodo
3260 4418 3404 4478 potes
3444 4409 3617 4463 dicere

371 4497 575 4592 prec-ex
599 4498 705 4553 τοῦ
737 4500 1047 4572 ὀφθαλμοῦ
1073 4502 1180 4557 τοῦ
1211 4503 1475 4575 ἀδελφοῦ
1508 4521 1644 4562 σου.
1689 4507 1752 4562 Εἰ
1774 4508 1831 4562 δὲ
1857 4511 1945 4564 αὐ-

2051 4503 2212 4573 fratri
2259 4510 2392 4556 tuo:
2435 4498 2561 4555 Sine
2608 4500 2822 4569 ejiciam
2869 4500 3124 4571 festucam
3178 4499 3244 4553 de
3298 4497 3449 4554 oculo
3487 4502 3617 4557 tuo?

370 4589 461 4655 τὸς
482 4589 625 4661 ἔχεις
643 4592 740 4664 τὴν
760 4592 916 4648 δοκὸν
940 4596 998 4649 ὲν
1018 4596 1096 4668 τῷ
1115 4597 1378 4672 ὀφθαλμῷ
1399 4615 1492 4654 σου
1506 4602 1606 4672 τῆς
1629 4602 1942 4669 ἀκολασίας,

370 4681 447 4737 ὢν
477 4685 703 4755 τυφλὸς,
760 4687 878 4750 πῶς
929 4687 1153 4745 δύνασαι
1199 4692 1537 4765 ἀποστρέψαι
1571 4694 1665 4748 τὸν
1719 4695 1944 4767 πλησίον

373 4792 465 4828 σου
493 4777 599 4830 ἀπὸ
616 4776 709 4831 τοῦ
735 4779 979 4853 κάρφους
1004 4782 1105 4855 τῆς
1135 4785 1335 4855 μικρᾶς
1358 4786 1665 4857 ἁμαρτίας;
1696 4786 1756 4841 '0
1781 4788 1837 4842 δὲ
1858 4787 1945 4841 θε-

374 4864 595 4930 σπέσιος
620 4866 851 4935 Παῦλος,
879 4872 1103 4943 γράφων
1147 4874 1459 4946 Ῥωμαίοις,
1486 4872 1579 4930 καὶ
1609 4877 1768 4940 αὐτὸς
1797 4878 1944 4948 λέγει

372 4956 503 5029 περὶ
526 4954 636 5010 τῶν
667 4958 921 5015 τοιούτων
954 4964 1263 5038 ὑποκριτῶν
1282 5004 1298 5030 ,
1337 4965 1431 5019 καὶ
1461 4965 1945 5041 σχηματιζομένων

370 5050 470 5124 τὴν
513 5049 826 5107 εὐσέϐειαν·
894 5053 958 5107 ὀ
988 5053 1291 5112 διδάσκων
1319 5057 1427 5113 τὸν
1457 5058 1661 5129 ἕτερον
1683 5099 1698 5124 ,
1731 5059 1948 5116 ἑαυτὸν

372 5146 446 5199 οὐ
470 5135 775 5212 διδάοέκεις
791 5162 807 5177 ·
830 5147 864 5200 ὀ
878 5147 1201 5215 κηρύσσων
1211 5150 1301 5220 μὴ
1318 5151 1618 5220 κλέπτειν,
1635 5153 1913 5221 κλέπτεις
1931 5170 1945 5185 ο

374 5238 409 5291 ὀ
438 5236 632 5307 λέγων
649 5236 736 5309 μὴ
752 5239 1077 5310 μοιχεύειν,
1117 5242 1449 5311 μοιχεύεις·
1478 5245 1952 5318 ὀ-,βδελυσσόμε-

371 5343 479 5394 νος
500 5327 575 5383 τὰ
594 5327 832 5395 εἴδωλα,
864 5330 1219 5401 ἱεροσυλεῖς⁸
1251 5331 1320 5400 ὃς
1347 5334 1419 5390 ἐν
1449 5337 1610 5407 νόμῳ
1642 5336 1942 5409 καυχᾶσαι

373 5416 471 5473 διὰ
492 5418 603 5489 τῆς
623 5419 1009 5491 παραϐάσεως
1045 5421 1155 5477 τοῦ
1183 5425 1372 5493 νόμου
1388 5465 1404 5490 ,
1432 5425 1541 5481 τὸν
1569 5428 1718 5484 Θεὸν
1740 5428 1944 5501 ἀτιμά-

374 5508 478 5577 ζει(
498 5522 516 5540 ”
547 5512 642 5567 καὶ⁵
672 5511 832 5567 πάλιν
852 5530 864 5542 ·
909 5515 1005 5569 Ἑν
1033 5507 1082 5581 ᾧ
1125 5513 1237 5585 γὰρ
1287 5517 1519 5586 κρίματι
1566 5520 1790 5587 κρίνεις
1836 5520 1942 5575 τὸν

455 5647 505 5681 ⁸⁸
539 5649 677 5706 Gen.
715 5667 770 5707 ιχ
790 5692 804 5712 ,
833 5652 924 5707 96.

2054 4594 2367 4665 Hypocrita,
2401 4593 2530 4662 ejice
2566 4591 2795 4661 primunt
2848 4590 3047 4646 trabem
3098 4590 3163 4644 de
3211 4589 3363 4643 oculo
3410 4598 3522 4652 tuo,
3564 4598 3617 4644 et

2048 4698 2171 4741 tunc
2197 4684 2475 4756 perspicies
2517 4694 2572 4738 ut
2605 4683 2797 4738 educas
2842 4682 3100 4753 festucam
3131 4682 3196 4737 de
3234 4680 3386 4736 oculo
3428 4681 3614 4750 fratris

2049 4779 2125 4833 tui
2159 4778 2200 4832 ί.
2234 4776 2389 4845 Quod
2423 4776 2469 4832 si
2502 4785 2557 4830 tu
2593 4774 2648 4830 in
2679 4774 2840 4831 oculo
2871 4783 2963 4828 tuo
2990 4772 3158 4829 habes
3188 4771 3616 4842 intemperantiae

2048 4881 2103 4928 et
2158 4869 2399 4927 libidinis
2464 4868 2694 4932 trabem,
2740 4868 2812 4922 ita
2870 4876 2928 4921 ut
2977 4864 3249 4931 excutias,
3292 4863 3386 4935 qui
3434 4864 3615 4934 possis

2048 4961 2356 5034 proximum
2391 4968 2544 5015 tuum
2586 4966 2830 5014 avertere
2862 4972 2893 5012 a
2925 4955 3130 5013 festuca
3167 4953 3301 5008 levis
3329 4952 3611 5022 cujusdam

2048 5053 2298 5127 peccati?
2339 5052 2561 5108 Divinas
2594 5059 2776 5107 autem
2820 5048 3024 5105 Paulus
3052 5046 3121 5102 ad
3166 5045 3441 5102 Romanos
3478 5045 3615 5103 scri-

2054 5149 2210 5215 bens,
2243 5145 2313 5203 de
2337 5145 2640 5218 hypocritis
2670 5142 3008 5214 huiusmodi,
3035 5140 3129 5212 qui
3155 5140 3409 5212 pietatem
3437 5152 3617 5196 emen-

2057 5239 2289 5305 tiuntur,
2322 5237 2452 5294 talia
2482 5235 2662 5292 fatur:
2694 5235 2801 5302 Qui
2826 5233 2996 5289 alium
3041 5234 3214 5300 doces,
3253 5233 3473 5301 tcipsum
3510 5247 3614 5287 non

2050 5333 2242 5397 doces;
2288 5330 2379 5401 qui
2429 5327 2687 5399 pradicas
2741 5342 2842 5380 non
2891 5324 3208 5395 furandum,
3247 5324 3484 5394 furaris;
3522 5323 3613 5395 qui

2047 5429 2182 5483 dicis
2229 5442 2333 5481 non
2369 5423 2761 5489 niacltandum,
2810 5420 3121 5488 mae/raris;
3162 5421 3252 5492 qui
3291 5418 3615 5473 abominaris

2048 5521 2218 5583 idola.
2242 5534 2397 5573 sacra
2423 5516 2663 5584 expilas;
2700 5516 2791 5587 qui
2820 5516 2879 5571 in
2916 5514 3026 5585 lege
3058 5512 3329 5585 gloriaris,
3357 5526 3449 5581 per
3479 5523 3616 5581 pric—

1036 5653 1082 5685 "
1112 5651 1276 5712 Num.
1313 5671 1404 5721 xv,
1433 5657 1522 5712 35.
1596 5659 1644 5692 ⁸⁸
1679 5658 1846 5715 Josue
1887 5677 1948 5713 \'l‘

2049 5660 2109 5717 :5.
2179 5658 2225 5692 θ’
2253 5654 2414 5709 Num.
2446 5669 2570 5714 xxv,
2607 5652 2661 5707 8.
2727 5650 2820 5705 ’⁸1
2856 5649 2986 5721 Reg,
3022 5646 3343 5721 xv,g5_?g._&_"
3379 5641 3445 5699 lll
3475 5640 3609 5721 Reg.

377 5702 676 5793 {ﬁngi—(lli
717 5702 1023 5793 δῆν-Πομ.
1067 5702 1276 5793 v,
1316 5702 1537 5783 ’δίὐἷιί.
1573 5702 1846 5789 κιιιῗθξῗ
1898 5702 1948 5763 λλ

2049 5702 2165 5784 Elin.
2211 5702 2742 5793 χνιΤ-Ᾰθξ-Ψίξλρι.
2782 5702 3213 5788 νὶίιξῖοξῖοίιι
3243 5702 3382 5771 Tim.
3417 5729 3490 5779 ιν,
3524 5702 3609 5765 η.

376 5787 420 5819 ’⁷
447 5787 466 5841 l
493 5790 619 5847 Cor.
662 5809 736 5856 vi,
775 5793 831 5852 5.
862 5793 914 5849 5.
972 5787 1037 5827 ’⁸⁸
1063 5787 1261 5851 Jeretn.
1291 5811 1377 5861 xv,
1411 5796 1462 5852 8.
1539 5800 1583 5831 θ’
1613 5787 1800 5856 Μοιιιι.
1835 5817 1990 5864 xxiii,
2013 5802 2104 5854 Ἠ.
2171 5799 2185 5829 ³
2215 5787 2401 5852 Matth.
2440 5808 2550 5858 vn,
2585 5790 2695 5846 5-5.
2824 5787 2827 5788 ⁷
2892 5826 2905 5831 -
