3990 6208
503 264 644 322 1319

1345 261 1404 316 S.
1442 259 1810 316 ATHANASII
1847 258 2010 331 ,OPP.
2051 258 2230 315 PARS
2262 259 2348 317 Ill.
2391 259 2867 318 —EXEGETICA.

3581 265 3600 320 Ι
3612 264 3715 320 380

501 382 876 438 uaricationem
911 377 1038 448 legis
1087 377 1251 432 Deum
1288 377 1570 433 inhonorus
1594 381 1636 431 ².
1685 377 1748 431 Et
1792 393 2008 432 rursum
2038 396 2052 432 :

2153 378 2355 446 ἕτερον
2375 417 2389 442 ,
2420 378 2638 434 ἑαυτὸν
2675 379 3074 449 κατακρίνειςο
3112 381 3181 436 τὰ
3211 382 3320 451 τὰρ
3343 382 3492 436 αὐτὰ
3523 378 3714 449 πράσ-

503 475 570 531 Ιιι
601 489 700 544 quo
740 472 874 526 enim
896 470 1100 541 judicio
1129 469 1343 538 judicas
1383 469 1643 536 alterum,
1675 470 1896 538 teipsum
1934 484 2058 521 con-

504 566 759 618 demnas:
806 562 983 616 eadem
1021 559 1158 613 enim
1200 560 1312 629 agis
1350 560 1439 630 qui
1470 559 1687 628 jndicas
1717 559 1758 612 ³.
1807 558 1959 612 Sicut
2006 567 2060 614 et

504 670 929 725 transgressores
961 652 1260 715 Paschalis,
1293 667 1387 722 per
1423 651 1703 706 Paschalis
1739 651 2058 720 prterarica-

504 749 702 802 tionem
739 747 1011 799 Christum
1059 744 1404 805 inhonorant,
1431 742 1589 812 cujus
1628 751 1710 797 est
1738 741 1966 796 Pascha.
1997 740 2054 796 In

501 840 738 910 qualibet
783 837 945 907 igitur
988 852 1065 899 re,
1111 835 1202 904 qui
1240 834 1402 888 alium
1449 833 1677 902 judicat,
1713 831 1978 900 siquidem
2011 833 2056 889 is

498 933 728 1001 idipsum
777 937 1024 998 peragat,
1074 927 1310 995 seipsum
1359 925 1598 994 judicat;
1646 924 1790 976 velut
1833 923 1939 977 duo
1979 923 2054 977 illi

498 1018 674 1087 senes,
710 1023 800 1090 qui
842 1037 964 1075 cum
1014 1021 1080 1075 de
1123 1020 1374 1073 Susanna
1417 1017 1572 1087 quasi
1617 1016 1859 1070 adultera
1907 1015 2054 1085 judi-

495 1116 638 1170 cium
707 1113 951 1166 tulisseut
1016 1127 1243 1180 eamque
1315 1111 1696 1173 damnassent,
1757 1109 2052 1162 secundum

495 1205 786 1260 Mosaicam
834 1205 1039 1273 legem,
1078 1203 1326 1256 adulterii
1387 1203 1484 1270 ipsi
1543 1217 1760 1271 quoque
1812 1201 2052 1256 damnati

493 1305 640 1352 sunt.
675 1296 886 1349 Pharao
928 1306 1105 1349 autem
1149 1298 1199 1349 in
1229 1312 1337 1364 qua
1381 1311 1632 1348 mensura
1669 1310 1892 1348 mensus
1934 1303 2049 1356 est,

493 1407 800 1445 remensum
833 1401 915 1444 est
951 1390 1050 1458 ipsi
1083 1408 1096 1443 :
1129 1388 1220 1457 qui
1255 1387 1398 1441 enim
1443 1401 1636 1455 pueros
1677 1386 1728 1438 in
1765 1385 1928 1437 ﬂuvio
1955 1385 2051 1438 de-

492 1485 659 1554 mergi
691 1499 753 1538 ac
793 1483 1046 1539 suﬂ‘ocari
1084 1482 1353 1551 jusserat,
1400 1480 1512 1549 ipse
1553 1494 1768 1548 quoque
1805 1475 2054 1532 submer-

492 1595 588 1634 sus
617 1579 772 1648 periit
807 1580 858 1631 in
888 1577 1021 1630 mari
1062 1577 1266 1630 Rubro.
1301 1573 1622 1628 Sacerdotes
1661 1587 1788 1625 vero
1821 1573 1912 1640 qui
1951 1569 2053 1622 Za-

490 1671 730 1726 chariam
761 1669 826 1722 ad
852 1669 1020 1722 altare
1061 1667 1420 1731 trucidarunt,
1448 1665 1546 1734 ipsi
1587 1679 1802 1732 quoque
1841 1662 1944 1716 sub
1975 1661 2051 1715 al-

488 1761 593 1816 tari
620 1777 650 1814 a
685 1757 944 1813 Romanis
972 1756 1198 1827 jugulati
1239 1765 1369 1810 sunt.
1434 1773 1446 1808 :

2157 487 2286 538 σεις
2311 473 2342 524 ό
2374 473 2609 539 κρίνων.
2652 473 2736 535 Ὡς
2764 475 2856 525 καὶ
2881 474 2930 525 oi
2957 473 3266 544 παραϐάται
3293 474 3384 526 τοῦ
3413 474 3603 542 Πάσχα
3623 473 3708 527 διὰ

2155 565 2254 634 τῆς
2280 564 2635 635 παραϐάσεως
2659 565 2750 618 τοῦ
2772 566 2960 635 Πάσχα
2979 565 3068 619 τὸν
3092 566 3319 638 Χριστὸν
3338 566 3705 636 ἀτιμάζουσιν,

2155 650 2214 710 οῦ
2253 659 2367 709 ἐστι
2396 657 2454 709 τὸ
2483 658 2690 727 Πάσχα.
2758 657 2844 710 Ἐν
2870 650 2913 724 ᾧ
2939 642 3030 710 οὖν
3055 674 3140 720 τις
3172 656 3343 727 κρίνει
3385 656 3475 709 τδν
3503 657 3706 726 ἕτερον,

2156 747 2248 800 καὶ
2275 747 2374 819 δρᾷ
2401 750 2467 801 τὰ
2500 750 2655 813 αὐτὰ,
2688 749 2874 800 ἑαυτὸν
2899 749 3106 820 κρίνει·
3129 748 3203 812 ὡς
3228 749 3318 800 καὶ
3345 748 3390 800 οἱ
3441 747 3534 800 δύο
3576 763 3706 818 πρε-

2157 838 2400 909 σϐύτεροι
2419 856 2434 868 ο
2459 839 2736 910 κρίναντες
2759 839 2866 910 γὰρ
2892 840 2990 909 τὴν
3019 838 3298 892 Σωσάνναν
3313 839 3386 900 ὡς
3411 837 3703 908 μοιχαλίδα,

2155 928 2444 999 ἐκρίθησαν
2467 928 2615 992 ὄντες
2639 931 2791 982 αὐτοὶ
2815 931 2991 999 μοιχοὶ
3019 929 3157 982 κατά
3182 929 3270 982 τὸν
3311 928 3601 982 Μωσαῖκὺν
3631 928 3707 980 v6-

2158 1039 2273 1092 μον.
2313 1020 2374 1073 Ὀ
2401 1021 2454 1073 δὲ
2477 1021 2672 1091 Φαραὼ
2698 1023 2754 1072 ἐν
2786 1015 2828 1087 ᾧ
2859 1022 3036 1092 μέτρῳ
3074 1021 3369 1092 ἐμέτρησεν
3397 1021 3703 1090 ἀπεμετρὴ-

2155 1114 2218 1184 θη
2252 1113 2428 1183 αὐτῷ·
2475 1113 2770 1177 ἀποπνίξας
2802 1113 2907 1183 γάρ
2949 1113 3015 1167 τὰ
3050 1113 3220 1185 βρέφη
3259 1115 3315 1165 ὲν
3352 1113 3428 1182 τῷ
3457 1111 3700 1182 ποταμῷ,

2154 1206 2244 1256 καὶ
2281 1205 2436 1268 αὐτὸς
2459 1205 2780 1276 ὑποϐρύχιος
2809 1204 3052 1258 ἀπώλετο
3079 1207 3135 1256 ἐν
3158 1209 3220 1275 τῇ
3255 1204 3485 1275 Ἐρυθρᾷ
3513 1204 3700 1258 θαλάσ-

2155 1312 2240 1366 ση.
2271 1292 2334 1348 Οἱ
2361 1295 2415 1346 δὲ
2451 1297 2740 1366 ἀρχιερεῖς,
2776 1297 3130 1364 φονεύσαντες
3157 1297 3244 1348 τὸν
3266 1296 3536 1366 Ζαχαρίαν
3559 1296 3705 1365 παρὰ

2151 1386 2210 1438 τὸ
2242 1387 2619 1457 θυσιαστήριον
2642 1425 2655 1450 ,
2694 1390 2786 1439 καὶ
2820 1389 2967 1440 αὐτοὶ
3002 1388 3254 1440 ὑποκάτω
3293 1385 3386 1439 τοῦ
3421 1386 3705 1455 θυσιαστη⁹

2157 1477 2269 1546 ρίου
2303 1475 2449 1548 παρὰ
2480 1476 2583 1528 τῶν
2614 1475 2892 1546 Ῥωμαίων
2919 1477 3227 1545 ἐσφάγησαν
3248 1492 3261 1507 ’
3287 1477 3373 1529 ἵνα
3401 1475 3596 1546 μάθῃς,
3626 1475 3702 1526 ὅτι

2151 1562 2196 1636 ᾧ
2233 1568 2411 1640 μέτρῳ
2431 1587 2512 1632 τις
2547 1571 2750 1639 μετρεῖ,
2779 1569 2952 1639 τούτῳ
2979 1571 3070 1622 καὶ
3101 1571 3499 1639 ἀντιμετρεῖται
3525 1566 3700 1635 αὐτῷ·

2152 1659 2214 1712 δι’
2236 1653 2308 1712 ὧν
2332 1659 2387 1712 δὲ
2407 1660 2500 1713 καὶ
2521 1677 2603 1721 τις
2622 1660 2940 1730 ἁμαρτάνει,
2965 1661 3054 1714 διὰ
3073 1661 3273 1714 τούτων
3293 1663 3386 1714 καὶ
3402 1659 3699 1723 κολάζεται.

1487 1761 1545 1806 ιιι
1589 1753 1798 1807 ediscas
1849 1750 1991 1820 quod
2036 1749 2089 1802 in
2147 1763 2254 1819 qua
2298 1764 2550 1804 mensura
2583 1750 2706 1820 quis
2740 1766 2960 1806 mensus
3009 1751 3195 1817 luerit,
3226 1753 3278 1804 in
3310 1751 3497 1805 eadem
3532 1766 3704 1805 reme-

491 1854 650 1908 tietur
675 1853 760 1920 ei;
792 1864 844 1906 et
872 1867 965 1922 per
1007 1867 1127 1920 quae
1169 1849 1289 1919 quis
1335 1848 1669 1919 peccaverit,
1697 1862 1794 1917 per
1849 1846 1963 1900 haec
2001 1853 2054 1899 et
2094 1845 2364 1914 punietur.

1120 1946 1416 2008 Athanasii,

821 2035 898 2090 De
935 2036 1374 2090 incontaminatis
1418 2033 1708 2104 mysteriis.

560 2126 739 2182 Nolite
766 2135 946 2180 sancta
982 2125 1110 2178 dare
1133 2127 1368 2189 canibus,
1393 2141 1551 2194 neque
1577 2124 1803 2178 mittatis
1831 2139 2044 2193 marga-

485 2219 618 2273 ritas
667 2228 863 2272 vestras
913 2227 1032 2270 ante
1081 2233 1284 2286 porcos,
1330 2217 1405 2269 ait
1451 2216 1699 2270 Christus
1720 2215 1761 2270 ⁸.
1813 2214 1867 2269 Id
1915 2229 2046 2270 sane

485 2309 616 2363 recti
641 2307 830 2377 judieii
859 2319 961 2362 est.
1001 2305 1184 2376 Neque
1221 2305 1365 2360 enim
1412 2305 1672 2361 Dominus
1713 2305 2044 2360 indiscrimi-

486 2398 654 2452 natim
690 2413 754 2452 ac
803 2397 919 2450 sine
965 2397 1314 2452 distinctione
1358 2396 1530 2450 dixit:
1578 2394 1708 2450 Date
1761 2405 1948 2450 sancta
1991 2403 2044 2450 et

483 2490 805 2559 margaritas
824 2488 1078 2544 omnibus
1103 2506 1118 2555 ;
1149 2487 1241 2543 sed
1261 2529 1276 2552 ,
1315 2485 1495 2541 Nolite
1519 2487 1645 2541 dare
1675 2499 1858 2542 sancta
1899 2489 2043 2542 cani-

481 2581 600 2645 bus,
635 2580 684 2634 id
716 2589 798 2634 est
831 2581 987 2634 malis
1023 2580 1322 2650 operariis,
1363 2579 1572 2634 dicente
1610 2579 1905 2648 Apostolo:
1947 2579 2040 2634 Vi-

481 2669 598 2724 dete
642 2687 814 2734 canes,
843 2672 1006 2724 videte
1039 2671 1206 2724 malos
1237 2672 1532 2740 operarios,
1564 2670 1732 2724 videte
1761 2687 1946 2740 porcos
1975 2673 1994 2703 '
2020 2688 2035 2737 ;

479 2773 590 2830 quo
619 2759 990 2829 signiﬁcantur
1023 2760 1296 2814 libidinosi
1332 2761 1596 2815 homines.
1635 2758 1818 2830 Neque
1851 2761 1949 2816 abs
1984 2778 2041 2817 re

480 2865 631 2917 sane,
679 2851 772 2905 sed
821 2851 1108 2905 admodum
1153 2859 1508 2923 congruenter
1540 2851 1718 2922 porcis
1765 2852 2038 2908 libidinosi

478 2951 880 3010 comparantur.
919 2941 1382 3007 Quemadmodum
1412 2941 1555 2993 enim
1591 2941 1636 2994 si
1665 2941 1787 3010 quis
1815 2955 2036 3009 porcum

477 3047 546 3086 ex
576 3049 731 3088 como
763 3034 1028 3100 eduxerit,
1063 3035 1113 3087 id
1141 3034 1242 3088 sibi
1279 3048 1474 3102 porcus
1500 3033 1702 3086 damno
1735 3047 1854 3088 esse
1888 3032 2036 3086 arbi-

479 3132 686 3188 tratur;
713 3125 784 3178 ita
816 3125 860 3178 si
893 3127 1016 3194 quis
1057 3125 1405 3178 libidinosum
1436 3139 1502 3176 ex
1548 3137 1706 3177 cteno
1743 3121 2036 3191 voluptatis

477 3225 700 3280 avertat,
755 3217 801 3270 is
847 3216 1212 3285 temperantia:
1257 3214 1628 3269 consiliarium
1683 3230 1788 3269 non
1840 3213 2032 3276 amici,

2078 1949 2120 2004 Β
2651 1942 2762 2013 (18)
2805 1944 3158 1998 Ἀθανασίου
3172 1985 3189 2009 ,

2423 2033 2561 2100 Περὶ
2593 2033 2709 2085 τῶν
2733 2033 3042 2102 ἀχράντων
3063 2049 3426 2103 μυστηριων.

2213 2121 2309 2190 Μὴ
2333 2121 2466 2176 δότε
2487 2125 2559 2177 τὰ
2607 2124 2740 2193 ἅγια
2784 2125 2906 2191 τοῖς
2933 2125 3073 2179 κυσὶ
3097 2167 3111 2191 ,
3132 2123 3288 2193 μηδὲ
3317 2122 3542 2187 ,βάλετε
3567 2122 3702 2190 τοὺς

2138 2215 2502 2284 μαργαρίτας
2529 2209 2693 2284 ὑμῶν
2716 2217 3050 2285 ἔμπροσθεν
3076 2216 3192 2269 τῶν
3217 2215 3433 2284 χοίρων
3450 2254 3464 2277 ,
3491 2216 3650 2284 φησιν
3675 2215 3702 2266 ὀ

2143 2303 2390 2374 Χριστός.
2429 2305 2538 2358 Καὶ
2575 2306 2682 2377 γὰρ
2713 2304 2869 2358 τοῦτο
2900 2307 3128 2378 κρίσεώς
3155 2308 3300 2358 ἐστιν
3332 2305 3517 2376 ὀρθῆς.
3567 2305 3703 2359 Οὖτι

2142 2391 2198 2445 δὲ
2227 2393 2423 2464 ἔφησεν
2461 2397 2488 2448 ὁ
2520 2395 2721 2466 Κύριος
2767 2396 3138 2468 ἀδιορίστωςῆ
3191 2399 3355 2468 χωρὶς
3388 2396 3698 2464 διαστολῆς·

2141 2485 2269 2537 Δότε
2300 2484 2369 2537 τὰ
2395 2487 2523 2554 ἆγια
2547 2487 2640 2540 καὶ
2664 2488 2788 2550 τοὺς
2815 2489 3152 2559 μαργαρίτας
3177 2491 3288 2551 τοῖς
3317 2489 3479 2540 πᾶσιν
3501 2505 3514 2517 ο
3549 2487 3700 2540 ἀλλά·

2139 2575 2236 2642 Μὴ
2269 2575 2402 2628 δότε
2425 2576 2496 2629 τὰ
2525 2577 2662 2646 ἅγια
2689 2577 2810 2642 τοῖς
2836 2577 3008 2640 κυσὶ,
3050 2581 3161 2640 τοῖς
3195 2581 3381 2641 κακοῖς
3422 2578 3699 2648 ἐργάταις,

2139 2665 2383 2734 λέγοντος
2403 2666 2493 2719 τοῦ
2521 2669 2838 2721 Ἀποστόλου
2859 2686 2872 2699 ο
2895 2668 3152 2722 Βλέπετε
3174 2669 3312 2734 τοὺς
3332 2671 3543 2734 κύνας,
3565 2669 3685 2733 ,ϐλέ

2139 2776 2278 2815 πετε
2299 2760 2436 2826 τοὺς
2463 2761 2681 2826 κακοὺς
2705 2761 2975 2832 ἐργάτας,
2998 2763 3257 2826 βλέπετε
3277 2763 3416 2829 τοὺς
3441 2771 3696 2832 χοίρους,

2138 2853 2329 2915 οἵτινές
2355 2855 2490 2906 εἰσιν
2523 2855 2572 2905 ot
2609 2852 2911 2906 dubitasset.
2958 2853 3080 2916 Τοῖς
3108 2855 3162 2906 δὲ
3191 2853 3391 2924 χοίροις
3419 2854 3695 2926 παραϐάλ-

2138 2941 2316 2996 λονται
2342 2944 2391 2995 oi
2422 2943 2708 2996 ἀκόλαστοι
2739 2943 2838 2996 οὐκ
2870 2943 3202 3008 ἀπεικότως,
3233 2943 3346 2996 ἀλλ’
3367 2944 3584 3007 οίκείως
3609 2946 3697 2997 καὶ

2138 3033 2534 3105 προσηκόντως.
2558 3033 2766 3104 Ὥσπερ
2788 3038 2896 3103 γὰρ
2916 3038 3005 3086 τὸν
3030 3036 3208 3104 χοῖρον
3227 3035 3319 3087 ἐάν
3340 3051 3423 3096 τις
3451 3034 3686 3086 ἀποσπά·

2139 3141 2206 3198 σῃ
2234 3125 2327 3178 τοῦ
2355 3125 2634 3196 βορϐόρου,
2661 3127 2755 3178 καὶ
2782 3124 2987 3195 νομίζει
3013 3125 3339 3196 ζημιοῦσθαι
3364 3139 3380 3154 ·
3422 3124 3566 3178 οὕτω
3607 3126 3693 3178 καὶ

2134 3217 2225 3271 τὸν
2260 3217 2552 3271 ἀκόλαστον
2581 3219 2672 3272 ὲάν
2705 3237 2787 3283 τις
2816 3218 3128 3289 ἀποστρέψῃ
3151 3217 3258 3270 ἀπὸ
3296 3217 3389 3270 τοῦ
3439 3215 3697 3288 βορϐόρου

477 3307 569 3362 sed
600 3309 895 3361 adversarii
929 3309 1048 3362 loco
1082 3308 1258 3360 habet.
1295 3305 1372 3360 Ne
1406 3307 1752 3376 projiciamus
1777 3321 1905 3374 ergo
1933 3321 2031 3358 no-

2139 3308 2229 3378 τῆς
2245 3310 2453 3379 ἡδονῆς,
2473 3309 2738 3377 λογίζεται
2755 3310 2844 3363 τὸν
2863 3309 3288 3380 συμϐουλεύοντα
3306 3309 3403 3380 τὴν
3422 3309 3697 3378 σωφροσύ-

475 3407 616 3452 stras
661 3398 1212 3453 incoataminatorum
1264 3400 1638 3468 mysteriorum
1711 3399 2032 3468 margaritas

475 3498 600 3542 ante
642 3489 889 3543 homines
934 3491 1111 3559 porcis
1156 3491 1377 3544 similes.
1425 3491 1493 3542 At
1531 3490 1673 3544 dicet
1710 3491 1979 3559 quispiam
2014 3507 2026 3542 :

474 3580 764 3636 Sacrorum
803 3582 1089 3650 participes
1137 3596 1258 3634 esse
1311 3581 1528 3646 volunt,
1575 3590 1628 3634 et
1675 3588 1802 3634 sunt
1850 3590 2030 3634 tamen

470 3686 636 3726 canes
662 3671 1022 3738 impudentes,
1049 3679 1102 3724 et
1131 3671 1280 3740 porci
1324 3670 1549 3724 volutati
1593 3670 1649 3724 in
1691 3685 1848 3726 emno
1875 3673 2030 3725 volu-

471 3761 670 3830 ptatis:
730 3770 788 3813 tu
849 3776 976 3815 vero
1026 3775 1094 3814 ne
1135 3761 1367 3814 dederis.
1435 3760 1570 3814 Nam
1633 3761 1761 3831 aegri
1817 3777 2032 3830 quoque

469 3867 665 3923 aquam
690 3853 984 3922 postulant,
1011 3855 1102 3906 sed
1129 3850 1319 3905 medici
1347 3861 1560 3918 vetant;
1591 3853 1806 3923 tyranni
1829 3855 2029 3922 regiam

465 3961 759 4016 purpuram
795 3955 1072 4014 expetunt,
1109 3948 1198 4000 sed
1231 3946 1373 3999 illius
1417 3945 1688 4010 custodes,
1724 3946 2025 4014 periculum

465 4038 827 4106 suspicantes,
861 4054 966 4092 non
999 4040 1321 4093 concedunt.
1355 4037 1481 4091 Vide
1509 4053 1637 4108 ergo
1671 4047 1728 4091 tu
1767 4053 1983 4107 quuque
2009 4076 2023 4101 ,

465 4128 719 4193 diaeone,
754 4146 821 4184 ne
864 4131 1096 4202 indignis
1143 4148 1435 4200 purpuram
1486 4133 1852 4200 lmpeccabilis
1903 4147 2025 4187 cor-

461 4220 610 4288 poris
652 4221 928 4287 praeheas;
977 4237 1042 4275 ne
1084 4223 1280 4276 rationi
1324 4224 1623 4287 reddendae,
1674 4238 1782 4276 non
1829 4237 2024 4276 secun-

460 4311 588 4364 dum
625 4308 896 4365 Romanas
934 4312 1096 4381 leges,
1127 4313 1220 4367 sed
1251 4314 1544 4368 secundum
1590 4313 1804 4366 Domini
1837 4313 1979 4367 dicta
2004 4352 2019 4376 ,

458 4399 727 4453 obnoxius
769 4401 865 4454 sis.
909 4399 1110 4462 Nolite,
1157 4402 1338 4471 igitur,
1370 4411 1554 4455 sancta
1603 4402 1730 4455 dare
1774 4401 2015 4466 canibus,

2132 3417 2228 3470 νην
2257 3396 2391 3452 εἶναι
2424 3400 2633 3471 ἐχθρὸν,
2669 3402 2810 3471 ἥπερ
2831 3402 3000 3470 φίλον.
3043 3401 3133 3471 Μὴ
3163 3401 3412 3470 βάλωμεν
3445 3397 3537 3454 οὖν
3571 3402 3697 3464 τοὺς

2136 3491 2472 3563 μαργαρίτας
2501 3491 2652 3562 ἡμῶν
2681 3492 2788 3544 τῶν
2824 3493 3104 3562 ἀχράντων
3129 3490 3437 3561 μυστηρίων
3457 3489 3694 3560 ἔμπροσ-

2133 3580 2222 3633 θεν
2254 3581 2360 3633 τῶν
2381 3582 2744 3653 χοιροτρόπων
2762 3582 2856 3635 ἀνθ
2864 3583 3080 3654 ρώπων.
3100 3581 3260 3634 Ἀλλά
3297 3597 3449 3649 φησιν
3473 3581 3694 3634 Θέλουσι

2136 3674 2566 3744 μεταλαμϐάνειν
2591 3675 2698 3727 τῶν
2729 3675 2927 3743 ἁγίων·
2963 3674 3054 3727 καί
3094 3677 3198 3726 εἰσι
3250 3672 3408 3736 κύνες
3437 3673 3690 3738 ἀναιδεῖς,

2132 3762 2226 3814 καὶ
2245 3765 2414 3832 χοῖροι
2432 3763 2741 3831 ἐγκαλινδού
2750 3781 2896 3835 μενοι
2918 3767 2982 3834 τῇ
3008 3764 3185 3834 ἡδονῇ.
3201 3762 3358 3814 Ἀλλά
3377 3765 3441 3816 σὺ
3472 3763 3548 3834 μὴ
3567 3763 3691 3834 δῷς.

2129 3855 2239 3906 Καὶ
2262 3855 2370 3926 γὰρ
2399 3837 2446 3909 οἱ
2473 3857 2750 3920 νοσοῦντες
2775 3856 2963 3919 ὓδατος
2994 3855 3364 3926 ἐπιθυμοῦσιν·
3396 3854 3512 3908 ἀλλ’
3547 3858 3596 3908 οἱ
3623 3857 3695 3908 ίαν-

2129 3947 2248 4016 τροὶ
2287 3947 2385 3999 οὐκ
2415 3947 2804 4019 ἐπιτρέπουσι·
2838 3948 2928 4000 καὶ
2957 3948 3004 3998 οἱ
3051 3945 3299 4016 τύραννοι
3339 3943 3563 3996 ποθοῦσι
3594 3946 3694 4015 τὴν

2127 4036 2406 4108 βασιλικὴν
2441 4039 2723 4109 πορφύραν
2745 4057 2758 4069 ·
2806 4038 2918 4091 ἀλλ’
2953 4040 2999 4090 οἱ
3033 4038 3394 4106 φυλάσσοντες
3430 4036 3600 4106 αὐτὴν
3630 4037 3690 4088 οὐ

2125 4126 2452 4197 παρέχουσιν
2493 4125 2830 4198 ὑφορώμενοι
2863 4128 2953 4179 τὸν
2982 4127 3242 4180 κίνδυνον.
3275 4126 3447 4178 Βλέπε
3476 4122 3572 4178 οὖν
3598 4126 3692 4179 καὶ

2124 4217 2210 4282 σὺ,
2237 4218 2464 4279 διάκονε,
2498 4217 2570 4289 μὴ
2601 4218 2840 4283 ἀναξίοις
2863 4215 3131 4286 ὲπιδώσῃς
3159 4217 3255 4286 τὴν
3287 4216 3574 4287 πορφύραν
3595 4214 3690 4267 τοῦ

2121 4307 2500 4378 ἀναμαρτήτου
2525 4307 2772 4378 σώματος
2794 4326 2806 4337 ·
2833 4308 2916 4360 ἵνα
2942 4307 3016 4377 μὴ
3037 4306 3295 4376 εὐθυνθῇς
3311 4307 3370 4358 οὐ
3399 4305 3544 4358 κατά
3563 4308 3690 4368 τοὺς

2134 4394 2464 4464 Ῥωμαῖκοὺς
2488 4395 2700 4465 νόμους,
2727 4396 2860 4448 ἀλλά
2895 4396 3031 4448 κατά
3057 4396 3180 4458 τοὺς
3213 4395 3570 4456 δεσποτικοὺς
3600 4394 3688 4445 λό-

459 4505 619 4558 neque
657 4491 880 4544 mittatis
924 4493 1240 4561 margaritas
1285 4502 1482 4546 vestras
1536 4501 1656 4546 ante
1697 4509 1903 4561 porcos,
1955 4510 2019 4546 ne

2139 4501 2266 4552 τους.
2301 4486 2397 4553 Μὴ
2430 4485 2564 4539 δότε
2599 4482 2689 4539 οὖν
2719 4485 2791 4539 τὰ
2826 4486 2965 4554 ἅγια
3019 4484 3143 4549 τοῖς
3187 4483 3352 4547 κυσὶ,
3382 4483 3542 4551 μηδὲ
3567 4483 3686 4547 ,ϐἀ-

455 4579 591 4650 [orte
641 4581 940 4635 conculcent
1000 4599 1088 4635 eas
1136 4583 1349 4652 pedibus
1397 4586 1538 4646 suis,
1597 4584 2058 4664 inconsideratisl

2139 4589 2261 4652 ῖητε
2290 4584 2430 4662 robe
2449 4587 2810 4653 μαργαρίτας
2837 4583 3002 4654 ὑμῶν
3039 4585 3372 4652 ἔμπροσθεν
3412 4581 3534 4636 τῶν
3562 4584 3684 4652 χοὶ-

457 4671 660 4726 scilicet
687 4673 1116 4743 cogitationibus,
1159 4685 1207 4726 et
1239 4675 1468 4727 conversi
1497 4675 1800 4743 dirumpunt
1849 4692 1933 4728 vos
1969 4677 2011 4742 ⁸,

2139 4693 2254 4737 ιων,
2286 4674 2516 4744 μήποτε
2550 4677 3055 4744 καταπατήσωσιν
3086 4675 3306 4740 αὐτοὺς
3338 4675 3462 4740 τοῖς
3495 4677 3685 4728 ποσὶν

455 4763 748 4818 schismata
784 4765 1126 4834 haeresesque
1157 4765 1432 4822 facientes.

2139 4767 2305 4822 ιὺτῶν
2323 4809 2336 4833 ,
2365 4773 2478 4833 τοῖς
2513 4771 2816 4839 ἀλογίστοις
2847 4769 3124 4840 λογισμοῖς
3145 4807 3159 4830 ,
3192 4770 3288 4822 καὶ
3313 4769 3680 4837 στραφέντες

2101 4859 2374 4927 ῥήξωσιν
2407 4859 2595 4930 ὑμᾶς,
2637 4862 2956 4931 ποιήσαντες
2992 4860 3260 4929 σχίσματα
3292 4860 3384 4912 καὶ
3417 4860 3677 4929 αἱρέσεις.

2360 4953 2469 5020 (19)
2513 4951 2863 5006 Ἀθανασίου
2906 4949 3377 5017 Ἀλεξανδρείας,

2540 5041 2677 5109 Περὶ
2709 5038 3236 5108 ψευδοπροφητῶν.

889 4947 1170 5000 Athanasii
1203 4946 1570 5012 Alexandrini,

940 5038 1012 5092 De
1047 5037 1193 5091 falsis
1226 5038 1520 5106 prophetis.

517 5129 605 5184 Ait
645 5128 953 5185 Dominus:
1003 5130 1270 5183 Attendite
1313 5147 1346 5182 a
1383 5130 1538 5199 falsis
1581 5129 1862 5198 praplzetts,
1910 5133 2000 5200 qui

445 5225 650 5276 veniunt
678 5221 747 5275 ad
771 5238 857 5277 uos
886 5223 940 5276 in
971 5223 1273 5276 vestimento
1310 5223 1513 5286 ovium,
1545 5223 1857 5276 intrinsecus
1904 5239 1999 5276 au-

447 5321 547 5364 tem
577 5321 697 5364 sunt
731 5311 842 5380 lupi
870 5327 1081 5380 rapaces
1106 5327 1124 5366 :
1165 5329 1198 5364 a
1230 5311 1487 5380 fructibus
1516 5329 1696 5366 eorum
1726 5328 1997 5382 cognosce-

2172 5126 2357 5184 Εἶπεν
2399 5133 2432 5183 ό
2461 5131 2707 5198 Κύριος·
2745 5129 3078 5198 Προσέχετε
3117 5129 3233 5184 ἀπὸ
3287 5127 3406 5180 τῶν
3448 5125 3671 5194 gratio-

2101 5218 2418 5288 προφητῶν
2439 5257 2453 5278 ,
2502 5220 2718 5285 οἵτινες
2745 5221 3017 5289 ἔρχονται
3041 5221 3187 5288 πρὸς
3217 5217 3370 5287 ὑμᾶς
3397 5217 3468 5270 ἐν
3494 5215 3671 5268 ἐνδύ-

2095 5327 2235 5381 ματι
2261 5309 2586 5378 προϐάτου,
2633 5313 2876 5366 ἔνδοθεν
2901 5312 2966 5366 δέ
2992 5315 3109 5367 εἱσι
3150 5313 3328 5366 λύκοι
3369 5310 3670 5380 ἅρπαγες⁹

533 5493 554 5521 ²
584 5489 742 5545 Rom.
785 5505 860 5558 ιι,
901 5491 1081 5551 21-25.
1155 5494 1178 5527 ³
1209 5494 1340 5553 ibid.
1385 5509 1422 5548 ι.
1497 5495 1520 5527 ⁸
1545 5494 1739 5552 Matth.
1780 5513 1877 5554 vu.
1908 5497 1960 5551 ϐ.
2035 5499 2056 5529 ⁵

2139 5497 2328 5568 hilipp.
2361 5512 2441 5559 ιιι,
2472 5495 2525 5549 2.
2625 5494 2645 5526 '
2670 5493 2860 5547 Matth.
2892 5509 2988 5553 vn,
3016 5493 3065 5545 ϐ.

511 5646 621 5718 (18)
647 5647 726 5703 Ex
747 5647 932 5707 codice
961 5651 1089 5723 Reg.
1126 5653 1281 5724 1995,
1316 5670 1350 5710 ι
1384 5655 1584 5714 small.
2182 5653 2292 5726 (l9)
2326 5654 2465 5711 Edlt.
2507 5653 2705 5710 Athan.
2735 5669 2788 5726 p.
2827 5652 2984 5720 1026,
3022 5668 3085 5710 ex
3120 5650 3303 5708 codice
3337 5645 3658 5705 Barociaziov

3875 4869 3883 4943 λ

3869 4869 3883 5236 Ξ

3867 5263 3875 5583 1
