3990 6208
320 216 459 288 ,1331

1442 216 1872 275 FRAGMENTA
1910 214 1977 271 IN
2018 215 2460 273 ΜΑΤἸἫΑΕΟΜ.

3436 227 3574 286 I382

318 330 447 387 ἀπὸ
496 331 614 384 τῶν
656 330 900 400 καρπῶν
945 330 1146 387 αὐτῶν
1197 331 1605 402 ἐπιγνώσεσθε
1653 335 1897 401 αὐτούς.

2015 334 2071 386 tis
2099 349 2186 387 eos
2217 334 2260 388 '.
2295 332 2355 389 Si
2389 333 2574 403 itaque
2602 336 2912 407 quempiam
2940 336 3164 401 videris.
3199 352 3232 393 ο
3263 337 3451 406 frater.
3475 344 3571 414 qui

344 418 468 472 Ἐὰν
498 414 590 472 οὖν
619 436 739 473 τινα
767 418 883 492 ἴδῃς
910 460 925 486 ,
956 420 1150 490 ἀδελφὲ
1175 461 1190 486 ,
1221 421 1302 475 ὅτι
1334 420 1450 493 ἔχει
1493 423 1677 493 σχῆμα
1706 440 1899 495 σεμνο-

335 515 537 587 πρεπὲς
561 555 576 572 .
614 515 688 585 μὴ
727 514 973 588 πρόσχῃς
996 554 1012 577 ,
1051 514 1132 567 ὅτι
1163 514 1435 569 ὲνδέδυται
1477 513 1670 568 κώδιον
1697 514 1902 587 προϐά-
1956 550 1967 557 -

334 622 443 670 του,
466 609 547 662 ὅτι
575 608 743 679 ὄνομα
765 608 878 679 ἔχει
905 607 1295 680 πρεσϐυτέρου,
1327 608 1359 680 ἢ
1394 609 1709 673 ἐπισκόπου,
1735 609 1767 680 ἢ
1796 609 1903 662 δια·

335 699 488 753 πόνου
510 738 525 765 ,
567 699 601 768 ἦ
629 698 867 770 ἁσκητοῦ
888 716 903 730 ο
937 698 1069 752 ἀλλὰ
1104 697 1202 762 τὰς
1231 697 1454 771 πράξεις
1486 698 1649 753 αὑτοῦ
1680 698 1902 770 περιέρ-

333 801 526 858 γασαι·
563 792 611 843 εί
635 791 749 844 ἔστι
773 790 1021 863 σώφρων,
1046 792 1093 844 εί
1119 790 1234 845 ἔστι
1260 791 1552 860 φιλόξενος,
1576 793 1608 862 ἢ
1633 792 1900 863 ἐλεήμων,

335 882 364 951 ἢ
394 882 767 950 άγαπητικδς,
802 881 835 952 ἢ
867 883 923 934 ἐν
953 885 1286 953 προσευχαῖς
1316 882 1639 954 καρτερικὸς
1662 923 1676 947 ,
1704 882 1737 954 ἢ
1774 884 1904 936 ὑπο-

340 970 646 1042 μονητικός·
684 974 733 1025 εί
767 972 878 1042 ἔχει
926 971 1131 1026 κοιλίαν
1183 971 1337 1034 θεὸν,
1386 973 1480 1027 καὶ
1525 972 1615 1026 τὸν
1647 972 1903 1044 φάρυγγα

337 1063 463 1135 ᾅδην
487 1103 501 1128 ,
535 1062 706 1117 νοσῶν
750 1066 1005 1135 χρήματα
1030 1102 1045 1125 ,
1077 1062 1172 1117 καὶ
1227 1062 1549 1132 καπηλεύων
1595 1063 1695 1133 τὴν
1725 1063 1905 1117 θεοσέ-

337 1156 506 1217 ϐειαν,
544 1156 678 1224 ἄφες
706 1155 886 1208 αὐτόν.
922 1156 995 1208 Οὐ
1030 1155 1138 1225 γάρ
1172 1155 1285 1209 ἐστι
1320 1155 1523 1226 ποιμὴν
1558 1155 1905 1226 ἐπιστημονι-

336 1248 427 1310 ne;
444 1287 459 1311 ,
487 1246 621 1300 ἀλλὰ
646 1246 807 1311 λύκος
835 1248 1196 1320 άρπακτικός.
1274 1247 1336 1301 Et
1363 1247 1419 1300 δὲ
1446 1242 1594 1310 οἶδας
1622 1247 1691 1300 τὰ
1715 1247 1905 1320 δένδρα

331 1337 644 1408 δοκιμάζειν
678 1338 784 1391 ἀπὸ
815 1337 920 1392 τῶν
943 1339 1169 1410 καρπῶν
1189 1378 1203 1404 ,
1232 1338 1359 1391 ποῖά
1391 1340 1505 1392 ἐστι
1534 1341 1599 1409 τῇ
1633 1338 1810 1408 φύσει,
1837 1341 1902 1411 τῇ

335 1431 538 1500 γεύσει,
571 1434 638 1503 τῇ
672 1431 887 1502 πιότητι
908 1450 920 1465 ·
977 1431 1154 1504 πολλῷ
1204 1431 1401 1503 μᾶλλον
1444 1431 1552 1486 ἀπὸ
1593 1432 1701 1484 τῶν
1730 1431 1904 1502 ἔργων

334 1522 566 1592 ὀφείλεις
592 1520 906 1592 δοκιμάζειν
944 1524 1070 1587 τοὺς
1094 1520 1561 1593 χριστεμπόρους·
1595 1524 1697 1585 ὅτι,
1717 1521 1907 1592 φέρον-

334 1631 424 1677 τες
450 1631 522 1685 φη
531 1616 723 1685 μάριον
741 1613 1046 1682 εὐλαϐείας,
1068 1614 1243 1685 ψυχὴν
1266 1612 1558 1684 κέκτηνται
1573 1613 1902 1686 διαϐολικήν.

338 1707 399 1763 Et
423 1679 478 1760 si
505 1679 599 1761 καὶ
611 1679 727 1760 άπὸ
747 1704 998 1760 ἀκανθῶν
1017 1679 1381 1774 οἰδ-συλλέγεις
1409 1679 1703 1775 σταφυλὰς,
1734 1705 1767 1776 ἢ
1798 1679 1906 1759 ἀπὸ
1936 1679 1979 1739 Β

336 1797 594 1872 τριϐόλων
626 1797 784 1863 σῦκα,
807 1797 859 1851 τί
890 1797 1309 1869 ὑπολαμϐάνεις,
1338 1798 1419 1850 ὃτι
1444 1795 1551 1850 ἀπὸ
1575 1797 1907 1868 παραϐατῶν

335 1890 477 1963 ἔχεις
510 1908 563 1944 τι
596 1888 797 1959 ἀγαθὸν
830 1888 1057 1942 ἀκούσαι
1080 1926 1097 1950 ,
1128 1887 1160 1959 ἢ
1187 1886 1294 1940 ἀπὸ
1319 1887 1594 1959 προδοτῶν
1636 1888 1824 1959 μαθεῖν
1853 1906 1907 1943 τι

335 1984 629 2055 χρήσιμον;
676 1980 946 2045 Ἐκείνους
987 1981 1166 2034 τοίνυν
1199 1980 1541 2051 ἀποστρέφου
1588 1980 1665 2044 ὡς
1712 1980 1908 2046 λύκους

348 2075 669 2148 Ἀραϐικοὺς
693 2114 709 2140 ,
738 2073 833 2128 καὶ
863 2073 1106 2137 ἀκάνθας
1137 2072 1419 2144 παρακοῆς
1445 2114 1460 2137 ,
1507 2072 1600 2127 καὶ
1629 2073 1909 2145 τριϐόλους

337 2166 688 2237 ἀδικημάτων
707 2207 721 2232 ,
752 2165 845 2221 καὶ
878 2164 1070 2237 δένδρα
1095 2163 1326 2235 πονηρά.
1372 2162 1497 2217 Ἐὰν
1523 2164 1639 2236 ἴδῃς
1668 2166 1904 2233 συνετὸν,

341 2258 480 2313 κατὰ
498 2257 595 2329 τὴν
617 2256 1083 2329 συμϐουλεύουσαν
1103 2255 1323 2325 Σοφίαν,
1341 2253 1556 2327 ὅρθριζε
1578 2256 1714 2326 πρὸς
1728 2257 1907 2323 αὐτὸν,

340 2350 433 2403 καὶ
466 2348 738 2421 σταθμοὺς
783 2346 962 2419 θυρῶν
1007 2346 1173 2401 αὑτοῦ
1223 2345 1523 2418 ὲκτριϐέτω
1553 2347 1582 2398 ό
1616 2346 1751 2411 ποῦς
1793 2362 1908 2414 σου,

342 2441 428 2495 ἵνα
458 2440 588 2513 παρ’
630 2439 797 2494 αὑτοῦ
829 2438 1085 2511 διδαχθῇς
1122 2438 1286 2507 νόμου
1322 2440 1787 2510 σκιαγραφήματα
1818 2439 1913 2493 καὶ

340 2533 579 2606 χαρίτων
600 2532 920 2604 δωρήματα.
947 2530 1084 2586 Ούτε
1107 2530 1163 2585 δὲ
1188 2530 1345 2601 λόγος
1374 2530 1704 2599 σοφιστικὸς,
1734 2530 1767 2603 ἢ
1792 2533 1915 2603 σχῆ-

341 2642 420 2695 μα
439 2623 746 2679 ὲπιθετικὸν
769 2624 1078 2693 εἰσάγουσιν
1102 2623 1183 2686 είς
1206 2622 1303 2694 τὴν
1326 2621 1599 2693 βασιλείαν
1623 2621 1733 2677 τῶν
1752 2622 1915 2693 οὐρα-

339 2719 477 2784 νῶν,
530 2718 665 2773 ἀλλὰ
702 2716 886 2780 πίστις
916 2716 1097 2770 τελεία
1130 2716 1223 2770 καὶ
1268 2715 1596 2787 ἀπερίεργος
1647 2713 1786 2786 μετὰ
1815 2714 1916 2785 τῆς

340 2811 594 2883 ἐναρέτου
629 2812 725 2864 καὶ
749 2809 1163 2881 διαλαμπούσης
1201 2808 1477 2880 προνοίας.

696 2922 808 2993 (20)
844 2922 955 2976 Τοῦ
985 2922 1157 2993 ἁγίου
1198 2921 1563 2975 Ἂθανασίου.

2000 424 2074 479 sit
2101 423 2333 480 honesto
2380 425 2604 482 indutus
2643 430 2995 496 vestimento,
3051 444 3120 484 ne
3170 433 3416 490 attendas
3446 434 3568 504 ipsi,

2000 516 2211 573 etiamsi
2259 517 2378 573 ovis
2416 517 2553 588 pelle
2591 520 2819 576 vestitus
2856 522 2967 593 .sit,
3004 532 3058 578 et
3092 525 3423 596 presbyteri,
3452 527 3573 597 epi-

2002 609 2183 678 scopi,
2210 609 2427 665 diaconi
2461 611 2544 666 vel
2576 626 2771 668 asceta':
2801 630 2998 670 nomen
3048 617 3280 672 habeat:
3326 619 3419 673 sed
3453 619 3573 689 ejus

2002 714 2165 768 opcra
2194 702 2504 757 accuratius
2547 704 2851 772 pcrpendas
2872 744 2887 769 ,
2919 720 2986 760 an
3032 707 3102 762 sit
3144 717 3469 777 temperans,
3502 724 3571 765 an

2004 791 2309 861 hospitalis,
2343 809 2411 848 an
2442 794 2770 860 misericors,
2815 812 2882 849 an
2906 797 3222 854 charitatem
3259 801 3474 860 habeat.
3502 816 3572 855 an

2004 897 2313 953 perseveret
2353 886 2404 940 in
2439 887 2800 952 orationibus,
2835 902 2904 942 an
2937 888 3007 942 sit
3034 891 3262 959 patiens.
3311 888 3367 944 Si
3412 891 3573 946 deum

2006 984 2248 1029 ventrem
2311 976 2529 1043 habeat,
2562 986 2616 1031 ct
2657 987 2843 1047 guttur
2892 977 3195 1049 infernum,
3259 983 3573 1039 divitiarum

2005 1066 2199 1121 morbo
2237 1067 2509 1131 laborans,
2542 1069 2791 1137 pietatem
2827 1087 2925 1140 pro
2963 1082 3174 1142 quaestu
3220 1074 3455 1140 habens,
3489 1076 3574 1130 di-

2005 1159 2157 1212 mitte
2185 1160 2372 1226 illum;
2406 1177 2513 1215 non
2546 1170 2628 1216 est
2658 1163 2801 1217 enim
2828 1173 3013 1232 pastor
3042 1169 3266 1236 peritus,
3296 1168 3387 1223 sed
3413 1169 3574 1239 lupus

2005 1263 2195 1318 rapax.
2231 1248 2288 1304 Si
2335 1262 2515 1306 autem
2574 1253 2714 1306 nesti
2763 1255 2989 1312 arbores
3027 1272 3092 1312 ex
3133 1257 3396 1315 fructibus
3445 1276 3573 1330 pro-

2005 1338 2155 1402 bare,
2197 1357 2444 1411 quamam
2487 1342 2695 1398 scilicet
2723 1345 2832 1400 sint
2864 1358 3091 1409 natura,
3120 1358 3278 1419 gustu
3301 1390 3315 1415 ,
3346 1351 3574 1422 pingue-

2005 1431 2164 1499 dine;
2217 1433 2387 1488 multo
2427 1435 2599 1503 magis
2644 1451 2711 1490 ex
2760 1438 3015 1506 operibus
3055 1442 3357 1508 periculum
3398 1442 3577 1499 facere

2005 1520 2171 1576 debes
2210 1536 2421 1590 eorum,
2470 1526 2565 1594 qui
2615 1525 2834 1582 Christo
2882 1529 2949 1582 ad
2993 1538 3261 1599 quaestum
3310 1541 3575 1601 utuntur;

2006 1614 2156 1683 quia,
2192 1615 2322 1669 dum
2363 1616 2601 1686 aliquam
2648 1620 2949 1675 sanctitatis
2997 1620 3197 1676 famam
3247 1624 3575 1694 praeferunt,

2007 1705 2242 1759 animam
2291 1708 2572 1777 possident
2616 1709 2963 1764 diabolieam.
3010 1710 3166 1777 Quod
3211 1713 3258 1768 si
3295 1730 3361 1769 ex
3405 1715 3580 1786 spinis

2007 1814 2116 1854 non
2129 1799 2336 1870 colligis
2359 1816 2511 1866 uvas,
2543 1816 2642 1857 nec
2662 1817 2723 1856 ex
2759 1803 2975 1859 tribulis
2998 1805 3153 1870 licus,
3179 1806 3309 1876 quid
3335 1807 3578 1877 opinaris

2005 1890 2166 1961 posse
2186 1900 2237 1946 te
2252 1892 2381 1961 quid
2413 1892 2539 1947 boni
2565 1907 2630 1947 ex
2662 1894 3172 1963 praevaricatoribus
3200 1899 3410 1963 audire,
3437 1910 3492 1954 et
3509 1916 3579 1956 ex

2005 1983 2375 2053 proditoribus
2422 1984 2696 2055 quidpiam
2742 1987 2873 2041 utile
2910 1987 3188 2042 ediscere?
3219 1986 3345 2044 Illos
3397 1989 3581 2060 itaque

2008 2086 2258 2128 aversare
2277 2080 2338 2127 ut
2361 2072 2518 2142 lupos
2535 2071 2819 2138 Arabicos,
2844 2083 2897 2128 et
2913 2074 3099 2144 spinas
3132 2074 3579 2145 inobsequentiae,

2009 2164 2238 2219 tribulos
2258 2164 2583 2234 iniquitatis,
2603 2165 2828 2221 arbores
2846 2166 3039 2219 malas.
3064 2165 3123 2219 Si
3142 2166 3342 2220 videris
3365 2166 3581 2235 sapien-

2010 2263 2116 2311 tem
2151 2255 2409 2326 aliquem,
2444 2270 2511 2311 ex
2546 2257 2777 2312 consilio
2827 2255 3118 2327 Sapientiae
3147 2258 3191 2324 ⁸,
3226 2272 3383 2312 mane
3421 2259 3583 2329 vigila

2010 2348 2077 2404 ad
2120 2348 2295 2413 illum,
2343 2349 2607 2405 stationes
2643 2358 2924 2419 portarum
2956 2348 3077 2419 ejus
3122 2358 3257 2404 terat
3300 2364 3395 2420 pes
3434 2359 3579 2414 tuus,

2013 2449 2070 2496 ut
2100 2440 2169 2495 ab
2199 2454 2266 2495 eo
2294 2440 2509 2496 ediscas
2551 2440 2686 2510 legis
2726 2441 2969 2503 umbras,
3005 2450 3059 2496 et
3095 2444 3390 2513 gratiarum
3416 2443 3580 2496 dona.

2012 2530 2200 2602 Neque
2222 2532 2368 2586 enim
2404 2533 2735 2603 sophisticus
2761 2548 2942 2588 sermo
2972 2541 3026 2588 et
3059 2533 3276 2590 habitus
3307 2534 3584 2590 modestus

2012 2621 2367 2678 introducunt
2394 2624 2449 2677 in
2473 2639 2701 2694 regnum
2729 2625 3029 2692 coelorum;
3063 2625 3157 2680 sed
3183 2624 3317 2681 ﬁdes
3346 2624 3585 2697 perfecta

2015 2728 2080 2771 ac
2116 2715 2345 2770 minime
2372 2716 2617 2782 curiosa,
2647 2733 2771 2773 cum
2807 2716 3147 2788 providentia
3179 2716 3398 2774 virtutis
3427 2718 3586 2794 plena

2016 2813 2070 2861 et
2098 2806 2418 2878 conspicua.

2540 2890 2728 2976 Sancti
2770 2917 3078 2981 Athanasii.

412 3014 613 3084 ’Δρατε
650 3013 755 3067 τὸν
784 3013 957 3084 ζυγόν
980 3031 1099 3084 μου
1130 3014 1224 3083 ἐφ’
1250 3011 1424 3084 ὑμᾶς,
1450 3011 1548 3066 καί
1570 3011 1785 3082 μάθετε
1810 3010 1911 3067 ἀπ’

2089 3009 2282 3065 Tollite
2315 3010 2505 3080 jugum
2548 3026 2719 3064 meum
2756 3026 2910 3080 super
2943 3024 3051 3073 vos,
3097 3016 3146 3061 et
3184 3008 3373 3063 discite
3402 3023 3435 3061 a
3476 3023 3585 3073 me,

332 3104 503 3173 ἐμοῦ,
538 3103 629 3158 ὅτι
661 3102 848 3172 πρᾶός
870 3106 986 3174 εἰμι
1012 3104 1110 3158 καί
1138 3103 1419 3170 ταπεινὸς
1450 3101 1526 3171 τῇ
1553 3102 1786 3171 καρδίᾳ,
1816 3101 1915 3156 καὶ

333 3198 622 3267 εὑρήσετε
663 3196 1010 3251 ἀνάπαυσιν
1049 3196 1179 3264 ταῖς
1224 3195 1451 3266 ψυχαῖς
1490 3194 1685 3265 ὑμῶν·
1734 3200 1767 3250 ό
1806 3199 1915 3267 γὰρ

329 3292 512 3362 ζυγός
536 3309 655 3360 μου
679 3290 965 3360 χρηστὸς,
1003 3292 1098 3345 καί
1131 3291 1197 3345 τὸ
1230 3290 1475 3360 φορτίον
1507 3306 1626 3359 μου
1653 3289 1917 3359 ἐλαφρόν

331 3383 530 3438 ἐστιν.
602 3382 881 3435 Ἐντεῦθεν
919 3382 1270 3453 ὠφελημένος
1315 3383 1343 3434 ὁ
1383 3382 1526 3445 θεῖος
1572 3381 1912 3447 Ἀπόστολος,

332 3471 569 3542 ὀγκώδη
617 3472 715 3541 τὴν
750 3471 1021 3543 ἁμαρτίαν
1052 3471 1302 3541 ὠνόμασε
1332 3469 1430 3524 καὶ
1463 3469 1914 3538 εὐπερίστατον.

338 3564 406 3617 Τί
425 3563 497 3632 γά
506 3580 537 3635 ρ
559 3562 855 3634 βαρύτερον
874 3564 967 3616 καὶ
983 3560 1384 3633 βλαϐερώτερον
1406 3560 1679 3631 ἁμαρτίας
1695 3576 1710 3624 ;
1729 3559 1918 3631 ῶσπερ

338 3657 407 3711 ἐκ
427 3654 521 3709 τοῦ
545 3655 812 3722 ἐναντίου,
840 3656 893 3708 τί
922 3656 1021 3726 τῆς
1053 3656 1253 3727 ἀρετῆς
1285 3655 1681 3726 ἐλαφρότερον;
1709 3654 1771 3708 Ἠ
1791 3652 1910 3723 μὲν

338 3751 449 3821 γὰρ
480 3750 752 3820 ἁμαρτία,
779 3748 853 3813 ὡς
870 3752 926 3803 ἐν
952 3749 1280 3820 Παροιμίαις
1296 3748 1623 3819 γέγραπται,
1648 3746 1921 3813 πολλοὺς

334 3840 644 3908 τρώσασα,
665 3837 1025 3892 καταϐάλλει
1042 3836 1121 3902 τῷ
1132 3836 1328 3906 βάρει,
1344 3835 1574 3907 Σειραῖς
1588 3852 1647 3888 τε
1664 3835 1780 3890 τῶν
1791 3836 1923 3890 ἑαυ-

339 3929 449 3985 τοῦ
471 3928 768 4001 ἁμαρτιῶν
790 3929 1046 3996 ἕκαστος
1071 3929 1382 3999 σφίγγεται
1402 3946 1416 3960 ο
1453 3931 1486 3999 ἡ
1519 3928 1576 3981 δὲ
1604 3927 1771 4000 ἀρετὴ
1793 3928 1919 3991 τοὺς

339 4024 822 4095 ἀντιποιουμένους
849 4024 1018 4092 αὐτῆς
1058 4023 1314 4087 ζωοποιεῖ
1355 4022 1449 4075 καὶ
1482 4024 1559 4084 εἰς
1589 4021 1720 4091 ὕψος
1753 4022 1917 4092 αἴρει,

339 4117 590 4185 λέγοντος
619 4114 713 4169 τοῦ
745 4114 1154 4188 Παροιμιαστοῦ
1172 4133 1188 4145 ·
1234 4115 1436 4170 Ξύλον
1465 4113 1612 4183 ζωῆς
1636 4115 1766 4168 ἐστι
1798 4114 1921 4180 τοῖς

330 4207 856 4278 ἀντιποιουμένοις
892 4208 1118 4276 αὐτῆς·
1162 4207 1257 4261 τοῦ
1288 4208 1344 4262 δὲ
1389 4206 1731 4279 Ψαλμωδοῦ’
1767 4207 1922 4260 Ἁνα-

340 4304 663 4372 λαμόάνων
689 4301 898 4370 πραεῖς
928 4304 960 4355 ό
982 4301 1212 4368 Κύριος.
1264 4298 1362 4351 Διὰ
1386 4297 1540 4351 τοῦτο
1566 4299 1599 4368 ἡ
1625 4298 1721 4367 μὲν
1749 4297 1922 4368 ἁμαρ·

2016 3105 2141 3175 quia
2170 3104 2311 3157 mitis
2335 3120 2450 3158 sum
2475 3113 2522 3157 et
2548 3102 2766 3157 Immitis
2789 3102 2962 3167 corde,
2988 3111 3037 3156 et
3065 3101 3334 3155 invenietis
3360 3099 3588 3170 requiem

2017 3195 2294 3250 animabus
2322 3197 2502 3249 vestris
2533 3212 2550 3249 :
2586 3194 2777 3264 jugum
2820 3197 2960 3248 enim
3003 3209 3174 3246 meum
3209 3207 3366 3245 suave
3410 3199 3507 3256 est,
3538 3199 3591 3243 et

2018 3303 2149 3341 onus
2194 3302 2365 3339 meum
2410 3287 2517 3340 lere
2543 3286 2583 3340 '.
2621 3284 2759 3340 lliuc
2802 3286 3036 3339 utilitate
3082 3293 3329 3354 percepta
3370 3282 3591 3337 divinus

2017 3378 2345 3447 Apostolus,
2390 3377 2741 3446 ponderosum
2796 3386 2845 3429 et
2907 3376 3254 3428 circumstans
3308 3380 3589 3443 peccatum

2019 3468 2310 3539 appellavit
2339 3468 2403 3521 ¹⁰.
2433 3466 2574 3534 Quid
2604 3466 2746 3522 enim
2775 3466 2997 3536 gravius
3025 3474 3081 3520 et
3121 3465 3440 3520 datnnosius
3467 3478 3597 3534 pec-

2019 3560 2187 3616 cato?
2222 3566 2280 3612 ut
2309 3574 2339 3613 e
2368 3559 2668 3621 contrario,
2694 3559 2822 3627 quid
2846 3559 3018 3612 levius
3052 3565 3105 3611 et
3137 3557 3326 3611 utilius
3356 3556 3595 3611 virtute?

2020 3669 2146 3707 nam
2188 3651 2489 3717 Peccatum,
2521 3662 2581 3705 ut
2619 3651 2673 3704 in
2703 3649 3013 3704 Proverbiis
3037 3650 3298 3718 scriptum
3331 3657 3441 3714 est,
3479 3646 3596 3702 vul-

2019 3753 2229 3799 neratos
2281 3742 2475 3797 multos
2526 3742 2748 3813 pondere
2797 3741 3089 3810 dejicit“,
3140 3750 3193 3795 et
3230 3738 3596 3811 Unusquisque

2022 3839 2222 3892 catenis
2256 3846 2591 3906 peccatorum
2639 3852 2854 3889 suorum
2885 3835 3163 3905 stringitur
3190 3835 3253 3889 “.
3288 3832 3473 3889 Virtus
3503 3849 3598 3889 au-

2021 3938 2130 3984 tem
2161 3946 2279 3997 eos,
2310 3928 2403 4000 qui
2438 3944 2497 3983 se
2521 3927 2942 3998 amplectuntur,
2972 3926 3213 3981 viviﬁcat
3243 3934 3298 3981 et
3328 3925 3383 3979 in
3423 3926 3596 3980 altum

2021 4023 2201 4092 erigit,
2227 4031 2284 4076 ut
2316 4023 2368 4075 in
2404 4019 2717 4076 Proverbiis
2740 4021 2937 4076 dicitur
2964 4038 2977 4075 :
3004 4019 3233 4089 Lignum
3264 4018 3383 4073 vita:
3405 4026 3482 4072 est
3504 4018 3594 4081 iis,

2022 4114 2112 4183 qui
2151 4113 2322 4181 ipsam
2360 4110 2752 4181 amplectuntur
2786 4111 2866 4179 ¹⁸;
2912 4125 2966 4167 et
3010 4112 3063 4166 iu
3105 4111 3369 4174 Psalmis,
3416 4107 3598 4165 Susci-

2022 4208 2169 4277 piens
2201 4216 2499 4260 mansuetos
2531 4204 2786 4260 Dominus
2818 4206 2880 4260 ".
2914 4204 3121 4260 Idcirco
3152 4214 3431 4275 peccatum
3473 4202 3599 4273 qui-

2025 4298 2147 4352 dem
2201 4297 2499 4368 symbolice
2549 4313 2672 4352 cum
2725 4297 2928 4353 talento
2982 4299 3233 4368 plumbeo
3288 4298 3599 4353 demersum

338 4393 434 4447 τία
479 4393 819 4465 συμϐολικῶς
853 4394 947 4445 ἐπ”.
992 4392 1258 4445 ταλάντου
1291 4389 1632 4459 διαμολίϐδου
1664 4405 1916 4458 καταιρο-

2027 4389 2363 4458 conspicitur
2395 4389 2470 4443 ‘3:
2510 4391 2637 4458 quia
2678 4389 2763 4443 sui
2794 4390 3037 4445 cultores
3071 4390 3124 4444 in
3158 4389 3483 4459 profundum
3517 4390 3601 4443 in-

348 4476 483 4547 μένη
506 4476 819 4547 θεωρεῖται·
845 4475 1030 4546 ἐπειδὴ
1052 4476 1177 4537 τοὺς
1198 4473 1514 4545 χρωμένους
1540 4473 1676 4542 αὐτῇ
1702 4471 1921 4542 βυθίους

343 4571 643 4642 καταφέρει
664 4572 745 4634 είς
766 4569 858 4623 τὸν
878 4568 1012 4640 ᾅδην
1031 4585 1046 4597 ·
1079 4568 1173 4621 καὶ
1195 4561 1276 4630 οἷς
1301 4567 1694 4638 ἐνυπάρχουσιν
1713 4566 1762 4617 οἱ
1791 4580 1925 4635 σαρ-

340 4663 490 4716 κικοὶ
519 4662 671 4730 ὄγκοι
700 4662 795 4715 καὶ
824 4663 881 4714 αἱ
922 4661 1020 4732 τῆς
1056 4658 1258 4731 σαρκὸς
1295 4656 1599 4728 ἐπιθυμίαι,
1633 4656 1727 4708 καὶ
1758 4654 1852 4718 οὓς
1887 4657 1918 4723 ἡ

340 4752 585 4824 ἁμαρτία
606 4753 945 4825 περίσταται,
966 4751 1175 4813 τούτοις
1193 4751 1293 4803 οὐκ
1315 4749 1460 4803 ἐστιν
1483 4746 1764 4820 ἐλεύθερον
1787 4747 1923 4817 πρὸς

304 4878 309 4881 -
342 4847 436 4899 τὸν
466 4845 597 4899 Θεὸν
617 4846 677 4898 τὺ
701 4845 872 4915 ὄμμα.
917 4844 974 4898 '0
1001 4842 1163 4913 ζυγὸς
1187 4843 1366 4896 τοίνυν
1394 4840 1488 4895 τοῦ
1520 4840 1769 4910 Σωτῆρος
1797 4855 1931 4910 χρη-

346 4937 472 5000 στὸς
496 4937 588 4990 καὶ
615 4935 677 4989 τὺ
709 4935 929 5006 φορτίον
964 4935 1219 5006 ἐλαφρόν.
1256 4935 1367 4988 Καὶ
1400 4930 1517 4994 πῶς
1537 4970 1551 4993 ,
1589 4929 1774 5001 φησιν,
1808 4928 1932 4981 ἐλαι

344 5028 505 5101 φρὺν,
525 5018 654 5083 ὅταν
683 5028 853 5101 λέγῃο
898 5026 1033 5079 Ἐὰν
1053 5025 1137 5095 μή
1172 5042 1260 5090 τις
1286 5021 1438 5093 μισῇ
1470 5018 1698 5087 πατέρα
1734 5017 1773 5087 ἣ
1818 5034 1933 5087 μη-

345 5121 521 5190 τέρα·
577 5120 706 5185 καὶ,
759 5121 865 5186 Ὃς
920 5119 1032 5172 οὐκ
1086 5116 1236 5185 alpes
1300 5114 1408 5169 τὸν
1473 5110 1776 5180 σταυρόν,
1832 5110 1931 5164 καὶ

344 5212 676 5269 ἀκολουθεῖ
708 5229 818 5282 μοι
843 5252 858 5275 ,
906 5212 1017 5265 οὐκ
1041 5210 1175 5265 ἐστι
1222 5225 1343 5277 μου
1394 5205 1593 5273 ἄξιος·
1648 5204 1763 5269 καὶ,
1836 5204 1934 5269 ’ος

348 5306 463 5359 οὐκ
491 5303 898 5360 ἀποτάσσεται
944 5299 1132 5357 πᾶσιν
1155 5299 1342 5354 αὐτοῦ
1371 5298 1491 5365 τοῖς
1523 5297 1929 5367 ὑπάρχουσιν,

2030 4480 2269 4535 ferorum
2302 4480 2503 4549 dt‘jicit.
2534 4478 2745 4546 Quibus
2788 4492 2968 4535 autem
3018 4482 3204 4537 insunt
3248 4481 3431 4536 carnis
3467 4496 3602 4551 pon—

2030 4574 2158 4629 dera
2184 4581 2238 4627 ct
2263 4573 2605 4642 cupiditates,
2636 4581 2690 4626 et
2715 4573 2780 4628 iis
2814 4574 2908 4643 qui
2942 4589 2970 4627 a
3013 4584 3233 4645 peccato
3264 4573 3604 4628 circumdan-

2030 4674 2139 4729 tur,
2174 4679 2281 4718 non
2316 4665 2546 4718 liberum
2578 4679 2710 4719 sane
2742 4673 2825 4718 est
2852 4666 3042 4720 oculos
3072 4665 3135 4719 ad
3170 4663 3336 4718 Deum
3371 4662 3599 4732 erigere.

2028 4749 2225 4821 Jugum
2277 4750 2462 4820 itaque
2511 4753 2820 4808 Servatoris
2861 4769 3027 4808 suave
3065 4763 3167 4816 cst,
3218 4762 3272 4808 et
3308 4768 3446 4807 onus
3483 4751 3604 4821 ejus

2029 4842 2165 4897 leve.
2203 4840 2269 4895 Et
2298 4858 2407 4911 quo
2435 4851 2613 4911 pacto,
2644 4844 2787 4898 dicet
2821 4847 3092 4914 quispiam
3113 4886 3128 4909 ,
3170 4844 3285 4898 leve
3322 4860 3462 4899 onus
3493 4852 3601 4911 est,

2029 4949 2153 4988 cum
2187 4933 2267 4988 sic
2297 4934 2553 5003 loquatur
2583 4948 2598 4986 :
2635 4932 2694 4989 Si
2729 4936 2845 5005 quis
2888 4952 2990 4988 non
3025 4936 3133 4988 odit
3162 4945 3365 5004 patrem
3406 4942 3455 4988 et
3491 4950 3607 4986 ma-

2032 5031 2164 5077 trem
2192 5023 2257 5087 “,
2293 5031 2366 5085 et,
2399 5022 2504 5088 Qui
2554 5040 2655 5077 non
2693 5026 2829 5079 tollit
2875 5041 3102 5087 crucem,
3137 5034 3187 5077 et
3225 5024 3459 5095 sequitur
3502 5039 3602 5086 me,

2040 5128 2142 5166 non
2169 5122 2244 5166 est
2269 5128 2349 5166 me
2371 5113 2562 5183 dignus
2590 5114 2668 5179 '7;
2703 5123 2797 5169 et:
2847 5114 2951 5181 Qui
2991 5131 3092 5168 non
3136 5117 3402 5169 renuntiat
3442 5117 3608 5169 muni-

2040 5203 2135 5257 bus
2165 5218 2282 5273 qua:
2310 5205 2563 5274 possidet,
2588 5221 2691 5259 non
2720 5215 2885 5274 potest
2912 5221 3054 5259 meus
3078 5221 3189 5259 esse
3217 5206 3511 5274 discipulus
3532 5204 3607 5272 ¹⁸;

2039 5295 2149 5350 imo
2173 5295 2336 5351 etiam
2362 5294 2552 5365 iubeat
2581 5296 2754 5367 ipsam
2782 5295 2994 5350 tradere
3032 5295 3316 5349 animam?
3345 5293 3398 5350 Id
3433 5303 3484 5349 te
3507 5296 3608 5351 do-

423 5468 446 5501 τ
472 5467 660 5523 Matth.
686 5484 782 5530 vn,
814 5467 904 5526 is.
935 5464 1020 5520 ιθ.
1097 5466 1120 5498 ·
1153 5464 1317 5519 Eccli.
1358 5478 1433 5525 νι,
1462 5428 1552 5521 56.
1627 5464 1647 5495 ο
1680 5461 1869 5515 Matth.
1909 5478 1916 5515 :

2016 5460 2108 5527 29,
2140 5459 2229 5514 30.
2303 5461 2346 5493 ¹⁹
2377 5461 2540 5517 Hebr.
2567 5476 2677 5527 xtl,
2713 5460 2779 5530 l._
2834 5459 2875 5530 “7
2906 5458 3065 5514 Prov.
3090 5457 3306 5530 vu._2_6.
3370 5457 3412 5487 “
3446 5455 3609 5530 Prov.

349 5552 406 5603 π,
442 5537 533 5592 22.
610 5536 827 5591 "Prov.
860 5553 940 5597 ιιι,
972 5536 1053 5591 18.

1138 5540 1180 5566 ³⁵
1196 5533 1341 5589 Paul.
1368 5548 1567 5597 chvn,
1592 5530 1645 5587 6.
1702 5531 1745 5562 ¹⁸
1768 5530 1908 5587 Zach

2036 5525 2103 5583 7.
2144 5532 2187 5563 ¹⁶
2209 5530 2342 5589 Luc.
2373 5548 2480 5601 xiv,
2503 5532 2592 5587 26.
2666 5525 2712 5563 ’⁸⁷
2730 5528 2920 5585 Matth.
2945 5545 3000 5593 ι,
3028 5530 3120 5584 58.
3178 5528 3220 5559 “
3236 5526 3368 5583 Luc.
3389 5525 3611 5595 ig,v,55.

429 5651 544 5724 (το)
591 5649 732 5705 Edit.
782 5650 977 5705 Athan.
1016 5667 1069 5721 p.
1111 5648 1269 5715 l008,
1309 5662 1373 5702 ex
1422 5645 1633 5702 Pussini
1668 5648 1937 5701 catenain
1979 5646 2172 5702 Matm.
