3990 6208
501 222 641 279 1383
1304 214 1360 269 S.
1402 211 1773 268 ATHANASII
1809 210 1961 268 OPP.
1995 210 2051 266 Pi

2154 207 2174 265 5
2208 208 2296 264 ΙΙΙ.
2335 238 2405 249 -
2439 207 2847 264 EXEGETICA.‘
3593 205 3725 275 ιδεμ

501 352 622 401 ceat
652 339 855 396 Paulus
882 338 975 411 qui
1005 337 1082 394 ait
1110 354 1126 392 :
1157 334 1227 391 Id
1265 336 1405 390 enim
1435 340 1575 405 quod
1611 335 1668 389 in
1706 334 1953 405 praesenti
1986 345 2051 387 est

2163 332 2233 386 oi;
2258 330 2508 385 δύναταί
2534 347 2653 399 μου
2684 324 2835 383 εἶναι
2879 326 3180 398 μαθητής-ο
3227 326 3357 380 ὅταν
3400 324 3599 397 κελεύῃ
3633 327 3723 379 καὶ

504 443 919 492 momentaneum
943 440 993 487 et
1028 430 1133 485 leve
1162 428 1543 495 tribulationis,
1576 428 1707 481 mire
1752 442 1912 493 supra
1952 441 2051 480 mo-

2167 421 2335 493 αὑτὴν
2381 421 2659 492 ἐκδοθῆναι
2690 421 2788 492 τὴν
2835 420 3047 493 ψυχήνς
3079 417 3385 474 Διδασκέτω
3419 434 3480 472 σε
3516 416 3725 482 Παῦλος

503 528 628 584 dum
654 536 907 583 teternum
935 524 1116 595 gloria:
1138 523 1340 593 pondus
1365 532 1613 591 operatur
1637 520 1715 586 ¹⁹;
1746 528 1801 574 et
1832 532 2022 573 rursus
2049 539 2051 569 :

2167 513 2340 581 λέγων
2358 527 2372 541 ·
2414 511 2485 567 Τὸ
2526 514 2637 581 γὰρ
2680 512 3013 580 παραυτίκα
3041 511 3305 581 ἐλαφρὸν
3330 508 3436 576 τῆς
3469 508 3728 578 θλίψεως

505 619 627 675 Non
678 628 798 675 sunt
845 617 1115 687 condignae
1160 615 1427 685 passiones
1472 613 1628 682 hujus
1693 611 1938 681 temporis
1994 626 2051 664 aa

2167 604 2296 658 καθ’
2318 602 2659 669 ὑπερϐολὴν
2686 605 2773 669 εις
2796 602 3137 670 ὑπερϐολὴν
3163 600 3400 655 αίώηον
3411 599 3606 668 ,ϐάρος
3637 598 3728 653 δό-

2168 694 2280 761 ξης
2307 693 2735 763 κατεργάζεταν
2770 693 2862 747 καὶ
2898 693 3086 747 πάλινο
3116 694 3239 747 Οὐκ
3276 691 3417 756 ἀξια
3442 690 3514 745 τὰ
3541 687 3727 757 παθή-

2161 802 2320 855 ματα
2347 783 2454 838 τοῦ
2484 784 2600 838 νῦν
2622 784 2826 852 καιροῦ
2851 784 2999 851 πρὸς
3031 782 3145 852 τὴν
3164 782 3523 853 μέλλουσαν
3545 778 3729 845 δόξαν

2166 876 2658 946 ἀνακαλυφθῆναι
2686 879 2772 943 είς
2803 875 2978 947 ἡμᾶς.

1079 969 1292 1033 Prodit
1325 986 1402 1032 ex
1435 972 1576 1032 cod.
1613 966 1784 1031 Colb.
1821 967 2168 1031 membran.
2209 986 2278 1031 χι
2326 969 2560 1033 saeculi.
2591 970 2697 1030 Est
2719 972 2844 1031 Cat.
2873 969 2941 1030 in
2967 967 3180 1031 Matth.

1027 1072 1210 1127 Sancti
1234 1071 1535 1125 Athanasii.

2514 1072 2623 1142 (il)
2657 1071 2765 1126 Τοῦ
2793 1072 2965 1142 ἁγίου
3006 1072 3376 1126 Ἀθανασιου.

572 1163 859 1236 Propterea
882 1163 998 1218 dico
1028 1165 1168 1219 vobis
1190 1204 1206 1227 ,
1236 1179 1385 1218 omne
1418 1172 1690 1233 peccatum
1727 1170 1776 1216 et
1820 1161 2051 1231 blasphe-

2235 1163 2339 1219 Διὰ
2378 1163 2551 1218 τοῦτο
2599 1163 2753 1233 λέγω
2784 1161 2958 1232 ὑμῖν,
3011 1162 3099 1216 ὅτι
3125 1160 3293 1217 πᾶσα
3335 1158 3592 1230 ἁμαρτία
3634 1160 3727 1215 καὶ

503 1258 613 1311 mia
634 1257 929 1310 remittetur
965 1255 1281 1318 hominibus,
1310 1250 1410 1307 sed
1444 1252 1767 1322 blasphemia
1808 1252 1864 1305 in
1901 1250 2051 1321 Spiri

2161 1254 2524 1323 βλασφημία
2543 1251 2903 1322 ἀφεθήσεται
2923 1250 3046 1317 τοῖς
3072 1250 3401 1319 ἀνθρώποις
3417 1265 3431 1278 ·
3466 1249 3507 1317 ἠ
3533 1246 3603 1300 δὲ
3626 1246 3729 1300 τοῦ

500 1360 611 1403 tum
645 1365 748 1403 non
788 1348 1084 1401 remittetur
1116 1344 1244 1398 illis.
1285 1342 1355 1395 Et
1387 1343 1678 1413 quicunque
1715 1341 1909 1395 dixerit
1949 1357 2051 1395 rer-

2166 1347 2509 1414 Πνεύματος
2537 1345 2898 1415 ,βλασφημία
2934 1346 3045 1397 οὐκ
3095 1340 3456 1411 ἀφεθήσεται
3506 1339 3726 1406 αὐτοῖς.

497 1436 624 1489 bum
658 1445 838 1488 contra
869 1432 1070 1486 Filium
1116 1431 1371 1494 hominis,
1400 1433 1696 1484 remittetur
1718 1432 1767 1484 ei
1793 1446 1812 1484 :
1849 1431 1939 1500 qui
1973 1447 2051 1484 au-

2164 1437 2272 1490 Kai
2307 1435 2376 1502 ὃς
2407 1436 2515 1489 ἐὰν
2559 1435 2700 1503 ετπῃ
2743 1437 2930 1505 λόγον
2960 1434 3108 1487 κατὰ
3151 1432 3255 1486 τοῦ
3286 1430 3421 1493 Υίοῦ
3465 1430 3574 1485 τοῦ
3631 1431 3730 1485 ἁν-

500 1538 601 1582 tem
649 1527 844 1580 dixerit
871 1526 1076 1579 ret-bum
1122 1533 1307 1576 contra
1350 1520 1613 1591 Spiritum
1667 1532 1929 1585 sanctum,
1967 1537 2051 1576 nor

2166 1527 2400 1597 θρώπου
2426 1569 2440 1593 ,
2470 1527 2831 1596 ἀφεθήσεται
2867 1524 3025 1590 αὐτῷ
3043 1540 3056 1553 ·
3089 1524 3159 1590 ὃς
3187 1523 3238 1577 δ’
3279 1522 3358 1578 ἂν
3385 1522 3526 1590 εῐπῃ
3547 1525 3732 1591 λόγον

499 1616 797 1670 remittetur
822 1615 871 1669 ei
899 1628 1060 1684 neque
1087 1614 1142 1666 in
1164 1612 1260 1666 hoc
1286 1611 1499 1676 seculo,
1529 1627 1688 1680 neque
1713 1611 1768 1664 in
1796 1610 1976 1680 futuro
1999 1612 2041 1642 ¹¹

2167 1620 2315 1674 κατὰ
2342 1619 2449 1674 τοῦ
2475 1619 2816 1688 Πνεύματος
2836 1618 3030 1687 ἁγίου,
3054 1617 3164 1670 οὐκ
3191 1614 3554 1684 ἀφεθήσεται
3577 1614 3731 1680 αὑτῷ

499 1706 603 1763 Hic
636 1708 877 1777 apposite
920 1705 1162 1776 Apostoli
1204 1704 1410 1759 dictum
1463 1702 1812 1773 proferatur:
1862 1700 2051 1756 Littert

2165 1709 2303 1761 οὔτε
2328 1708 2398 1761 ὲν
2433 1706 2512 1773 τῷ
2544 1707 2661 1761 νῦν
2689 1705 2856 1760 αἰῶνι
2884 1706 3022 1760 οὔτε
3043 1705 3113 1758 ἐν
3137 1702 3218 1770 τῷ
3258 1704 3570 1775 μέλλοντι.
3624 1705 3733 1758 Ἐν-

497 1801 711 1867 occidit,
741 1798 971 1870 Spiritus
1005 1807 1180 1851 autem
1223 1796 1540 1865 riviﬁcat“.
1590 1795 1758 1850 Multa
1800 1795 2051 1866 siquidem

2170 1797 2342 1852 ταῦθα
2403 1798 2564 1851 καλὸν
2612 1796 2674 1850 τὸ
2723 1796 2817 1850 τοῦ
2858 1795 3183 1849 Ἀποστόλου
3240 1798 3447 1849 εἰπεῖν’
3514 1796 3600 1849 ὅτι
3670 1794 3731 1850 τὸ

500 1893 813 1949 divinarum
837 1888 1243 1959 Scripturarum
1279 1888 1396 1941 loca
1423 1886 1471 1942 si
1504 1886 1803 1942 secundum
1832 1885 2051 1942 litterati

2170 1889 2403 1961 γράμμα
2425 1890 2778 1955 ἀποκτείνει,
2802 1887 2869 1942 τὸ
2898 1888 2966 1942 δὲ
2988 1888 3230 1958 Πνεῦμα
3255 1886 3538 1948 ζωοποιεῖ.
3559 1886 3732 1940 Πολλὰ

500 1984 886 2054 intelligamus,
916 1981 971 2035 in
1022 1978 1285 2034 nefandas
1338 1978 1707 2048 blasphemias
1755 1977 2051 2032 incidimus.

2169 1983 2277 2054 γὰρ
2307 1982 2414 2035 τῶν
2441 1982 2598 2036 θείων
2629 1981 2861 2053 Γραφῶν
2894 1980 2987 2034 ἐὰν
3007 1979 3148 2033 κατὰ
3176 1979 3236 2033 τὸ
3267 1980 3502 2050 γράμμα
3541 1980 3732 2050 νοήσω-

499 2076 808 2149 cujusmodi
846 2083 974 2131 sunt
1000 2088 1122 2144 quae
1163 2072 1322 2127 nobis
1352 2086 1497 2127 nunc
1542 2080 1921 2142 proponuntur
1962 2070 2051 2125 Dor

2174 2091 2271 2146 μεν
2292 2114 2307 2139 ,
2335 2075 2414 2139 είς
2443 2074 2711 2146 ἀθέσμους
2741 2073 3084 2145 βλασφημίας
3111 2070 3586 2144 ςτεριπεσούμεθα⁸
3629 2064 3734 2123 οἷόν

499 2169 634 2224 mini
667 2166 866 2232 verba;
896 2179 1017 2235 qua:
1047 2163 1092 2219 si
1137 2163 1434 2218 secundum
1480 2162 1653 2217 nudas
1680 2162 1948 2218 dictiones
1977 2177 2051 2217 ex-

2169 2165 2285 2219 ὲστι
2310 2165 2405 2220 καὶ
2431 2165 2495 2219 τὸ
2531 2164 2625 2219 νῦν
2652 2165 3007 2238 προκείμενον
3029 2162 3123 2218 τοῦ
3150 2163 3352 2235 Κυρίου
3394 2156 3576 2232 λόγιον
3593 2177 3611 2191 ’
3646 2161 3733 2214 ἐὰν

497 2260 786 2332 cipiamus,
826 2272 936 2313 non
968 2256 1143 2312 solum
1177 2255 1230 2310 iu
1283 2253 1547 2310 nefandas
1588 2254 1895 2310 dilabemur
1927 2255 2047 2324 cogi

2169 2256 2279 2329 γὰρ
2319 2258 2460 2313 κατὰ
2498 2258 2662 2329 ξηροῦ
2704 2258 2802 2322 τὰς
2844 2258 3018 2324 λέξεις
3068 2255 3407 2327 ὲκλάϐωμεν,
3461 2255 3524 2308 οὐ
3580 2254 3734 2324 μόνον

498 2354 757 2419 taliones,
791 2350 885 2406 sed
913 2349 1076 2404 etiam
1109 2348 1287 2418 ipsum
1324 2346 1616 2401 Dominum
1648 2347 1754 2402 sibi
1794 2347 2050 2401 adversar

2169 2353 2249 2414 sic
2295 2350 2585 2421 ἀθεμίτους
2633 2351 2839 2415 ἐννοίας
2880 2348 3414 2420 κατενεχὴσὸμεθα,
3465 2347 3605 2401 ἀλλὰ
3646 2345 3733 2400 καὶ

495 2443 981 2516 deprehendemus.
1021 2439 1266 2507 Namque
1308 2439 1353 2495 si
1403 2440 1696 2510 quicunque
1728 2438 1920 2493 dixerit
1954 2453 2051 2492 ver-

2169 2442 2330 2495 αύτὸν
2386 2442 2475 2496 τὸν
2541 2442 2744 2514 Κύριον
2797 2435 3201 2511 ἐναντιούμενον
3269 2437 3447 2510 ἑαυτῷ
3512 2438 3733 2509 εὑρήσοο

496 2541 618 2590 bum
663 2543 847 2589 contra
896 2530 1096 2585 Filium
1131 2530 1389 2607 hominis,
1449 2529 1745 2583 remittetur
1793 2530 1875 2593 ei;
1926 2540 2051 2599 quo-

2172 2551 2290 2605 μεν.
2323 2533 2458 2589 Ἐὰν
2486 2533 2595 2606 γὰρ
2625 2534 2693 2601 ὃς
2715 2535 2854 2604 είπῃ
2886 2535 3071 2604 λόγον
3100 2532 3249 2587 κατὰ
3277 2532 3382 2586 τοῦ
3426 2531 3588 2595 Υίοῦ,
3630 2531 3734 2600 ἀφ-

494 2627 657 2683 modo
702 2627 842 2681 idem
890 2623 1063 2678 Filius
1106 2623 1280 2677 dixit:
1312 2621 1415 2687 Qui
1462 2637 1544 2674 me
1583 2621 1846 2691 negaverit
1885 2635 2051 2673 coram

2169 2625 2448 2694 εθήσεται
2489 2626 2678 2693 αὐτῷ·
2735 2628 2852 2691 πῶς
2876 2628 3037 2691 αὐτὸς
3084 2627 3113 2678 ὁ
3147 2626 3271 2691 Υἱὸς
3324 2622 3501 2690 εἶπεν,
3556 2627 3640 2679 ὅτι
3685 2626 3733 2679 ὀ

493 2716 811 2777 hominibus.
831 2714 1027 2786 negabo
1044 2729 1163 2767 eum
1192 2728 1369 2767 coram
1391 2710 1589 2781 angelis
1610 2709 1706 2763 Dei
1724 2710 1769 2741 ”
1790 2709 1814 2764 2
1839 2709 1906 2763 Et
1939 2723 2051 2763 rur«

2167 2716 2662 2788 ἁπαρνησάμενος
2711 2717 2898 2772 αὑτὸν
2945 2717 3219 2790 [ἐνώπιον
3243 2717 3361 2770 τῶν
3386 2714 3731 2789 ἀνθρώπω]

494 2828 619 2874 sus,
651 2812 698 2865 si
725 2823 887 2863 omne
933 2814 1218 2877 peccatum
1265 2810 1321 2858 et
1371 2803 1710 2872 blasphemia
1760 2801 2051 2855 remittetur

2164 2809 2648 2880 ἀπαρνηθήσεται
2710 2810 3051 2880 ἔμπροσθεν
3110 2809 3229 2864 τῶν
3293 2809 3567 2880 ἀγγέλων
3633 2808 3731 2863 τοῦ

493 2901 828 2964 hominibus,
858 2897 1133 2969 quomodo
1151 2904 1204 2951 et
1233 2895 1299 2950 de
1313 2896 1486 2949 otioso
1503 2893 1667 2948 verbo
1692 2894 1953 2948 rationem
1974 2907 2051 2947 su-

2167 2903 2350 2967 Θεοῦ;
2409 2904 2520 2958 Καὶ
2577 2902 2736 2957 πάλιν
2795 2904 2889 2957 ἐὰν
2943 2904 3093 2956 πᾶσα
3142 2903 3382 2974 ἁμαρτία
3437 2903 3533 2955 καὶ
3580 2899 3735 2971 βλασ-

493 3006 615 3046 mus
645 2989 905 3043 reddituri
923 2987 967 3018 ²’⁶
984 2988 1007 3040 ?
1026 2986 1297 3056 quomodo
1315 2986 1406 3055 qui
1429 2985 1561 3039 dicit
1581 2982 1731 3037 fratri
1754 2997 1876 3047 suo,
1897 2981 2051 3049 fatue,

2166 2996 2344 3067 φημία
2379 2994 2707 3067 ἀφεθήσεται
2755 2997 2867 3059 τοῖς
2919 2992 3258 3065 ἀνθρώποις,
3304 2992 3421 3056 πῶς
3466 2993 3567 3045 καὶ
3601 2991 3735 3063 ὑπὲρ

492 3097 618 3137 reus
635 3081 735 3136 erit
750 3080 1009 3151 gehennae
1034 3079 1173 3148 ignis
1189 3077 1274 3129 '5?
1296 3077 1568 3146 quomodo
1588 3076 1710 3129 item
1727 3073 2051 3143 Paulusait:

2164 3089 2333 3161 ἀργοῦ
2379 3088 2537 3157 λόγου
2579 3087 2871 3157 ἀπολογίαν
2923 3087 3203 3158 δώσομεν;
3236 3085 3351 3149 πῶς
3383 3088 3413 3138 ὁ
3442 3085 3620 3152 λέγων
3663 3082 3734 3153 τῷ

496 3172 678 3227 Nolite
698 3186 876 3225 errare
905 3184 923 3222 :
964 3185 1126 3240 neque
1171 3168 1469 3239 fornicarii,
1501 3181 1662 3235 neque
1686 3164 1935 3228 adulteri,
1969 3179 2051 3217 ne-

2158 3180 2372 3251 ὰδελφῷ
2405 3180 2569 3235 αὑτοῦ
2592 3220 2608 3245 ,
2655 3180 2828 3252 μωρὲ,
2880 3179 3061 3250 ἔνοχος
3106 3178 3258 3232 ἔσται
3299 3180 3379 3242 είς
3426 3176 3531 3247 τὴν
3582 3177 3732 3245 γέεν-

490 3281 589 3335 que
608 3264 817 3325 molles,
856 3277 1015 3329 neque
1048 3260 1316 3325 maledici,
1344 3274 1503 3328 neque
1531 3256 1756 3327 ebriosi,
1777 3271 1941 3326 neque
1968 3271 2051 3308 ra-

2158 3288 2253 3325 ναν
2284 3271 2377 3325 τοῦ
2405 3271 2604 3342 πυρός;
2658 3269 2774 3332 πῶς
2800 3268 2859 3323 δέ
2886 3285 3017 3338 φησι
3047 3269 3143 3322 καὶ
3168 3267 3380 3331 Παῦλος
3398 3285 3415 3298 ·
3460 3267 3565 3334 Μὴ
3591 3269 3737 3320 πλη·

491 3369 643 3422 paces
662 3367 874 3422 regnum
895 3348 987 3403 Dei
1009 3348 1339 3418 possidebunt
1359 3347 1405 3378 ’δ
1421 3343 1585 3410 ?Qu:.e
1607 3346 1649 3398 si
1669 3345 1740 3397 ita
1762 3358 1819 3397 se
1837 3343 2051 3405 habent,

2154 3363 2372 3418 νᾶσθε’
2424 3363 2561 3417 οὔτε
2600 3362 2845 3429 πόρνοι,
2877 3361 3017 3415 οὔτε
3065 3359 3301 3430 μοιχοὶ,
3356 3359 3497 3413 οὔτε
3549 3362 3735 3428 gula.

503 715 739 782 futuram
770 711 1015 783 gloriam,
1039 724 1156 780 qua:
1187 706 1499 762 revelabitur
1530 707 1588 759 in
1619 705 1767 760 nobis
1797 705 1865 759 ²⁰.

490 3444 801 3516 quomodo,
846 3457 1067 3514 quaeso,
1111 3456 1273 3494 omne
1306 3448 1588 3508 peccatum
1627 3445 1682 3491 et
1720 3434 2057 3507 blasphemia

489 3538 797 3593 remittetur
831 3533 1175 3589 hominibus?
1224 3532 1596 3600 Rursumque,
1630 3531 1675 3585 si
1706 3544 1896 3583 verum
1923 3527 2055 3582 illud

489 3638 592 3695 est,
618 3645 716 3685 cur
747 3628 912 3683 miser
945 3635 1236 3682 accusatur
1264 3622 1549 3694 Origenes,
1577 3622 1725 3694 quod
1761 3622 1921 3676 linem
1957 3621 2058 3675 ali-

490 3735 653 3790 quem
687 3734 974 3790 ptenarum
1021 3718 1347 3779 constituat;
1398 3731 1463 3770 ac
1508 3715 1726 3770 tandem
1770 3714 2057 3768 remissio-

490 3827 615 3867 nem
648 3811 898 3866 omnium
953 3819 1326 3880 peccatorum,
1378 3807 1697 3862 hominibus
1747 3807 1952 3877 pariter
2004 3813 2059 3859 et

489 3903 827 3958 drcmonibus
861 3916 891 3955 a
922 3900 1030 3956 Deo
1067 3900 1465 3955 concedendam
1502 3897 1791 3968 praedicet?
1828 3896 1980 3962 Item,
2009 3896 2055 3951 si

492 3993 825 4063 blasphemia
860 3993 914 4047 in
956 3992 1218 4062 Spiritum
1245 3998 1495 4046 sanctum
1525 3989 1904 4044 remissionem
1946 4003 2054 4042 non

491 4087 683 4153 habet,
729 4086 860 4157 quid
890 4085 1137 4155 queritur
1176 4082 1414 4138 Ecclesia
1458 4080 1732 4136 Novatum
1779 4079 2053 4150 pmniten-

491 4180 621 4233 tiam
652 4175 939 4248 reiecisse?
963 4173 1096 4229 Illud
1127 4184 1305 4228 autem
1350 4174 1640 4228 obscurius
1679 4182 1734 4228 et
1773 4170 2056 4226 difﬁcilius

489 4270 762 4324 intellectu
819 4278 932 4333 est,
984 4267 1165 4339 quod,
1220 4268 1312 4336 qui
1361 4266 1559 4321 dixerit
1604 4264 1832 4320 verbum
1868 4272 2056 4318 contra

490 4358 686 4413 Filium
715 4360 1014 4413 remittetur
1030 4360 1106 4426 ei;
1133 4359 1224 4428 qui
1246 4373 1377 4412 vero
1405 4357 1602 4412 dixerit
1629 4356 1846 4411 verbum
1875 4364 2056 4410 contra

487 4450 753 4523 Spiritum
789 4459 1033 4504 sanctum
1071 4464 1174 4502 non
1207 4449 1513 4502 remittetur
1549 4446 1631 4511 ei,
1681 4447 1751 4499 ita
1784 4455 1842 4499 ut
1878 4444 2057 4497 minor

485 4546 734 4600 videatur
762 4538 930 4595 Filius
963 4555 1081 4594 esse
1115 4539 1320 4609 Spiritu
1360 4546 1550 4594 sancto
1592 4545 1646 4592 et
1688 4536 1871 4590 Patre.
1906 4534 2048 4602 Quid

481 4653 610 4710 ergo
640 4633 881 4691 nefarios
914 4632 1148 4686 Arianos
1187 4631 1483 4701 rejicitnus.
1510 4629 1603 4698 qui
1633 4628 1832 4682 Filium
1860 4630 2055 4682 volunt

480 4745 601 4785 esse
651 4724 965 4782 inferiorem
1025 4731 1078 4775 et
1133 4722 1402 4774 minorem
1446 4718 1706 4788 Spiritu?
1756 4717 1869 4772 Cur
1924 4735 2053 4785 ergo

481 4818 654 4875 Filius
703 4820 835 4874 dicit
883 4832 898 4869 :
949 4812 1057 4882 Ego
1089 4821 1138 4866 et
1186 4810 1347 4865 Pater
1396 4827 1561 4865 unum
1606 4827 1787 4864 sumus
1817 4812 1896 4878 ²⁷;
1942 4820 2048 4865 et:

481 4911 587 4976 Qui
620 4926 722 4964 non
756 4909 982 4964 honorat
1014 4903 1235 4970 Filium,
1261 4919 1361 4956 non
1393 4903 1617 4956 honorat
1646 4911 1695 4955 et
1733 4901 1953 4955 Patrem
1977 4903 2045 4967 ἐς

481 5004 716 5074 itemque
745 5003 835 5057 hic
868 5001 942 5056 ait
978 5013 992 5050 :
1022 4997 1327 5065 Quicunque
1353 4993 1550 5048 dixerit
1602 4998 1812 5049 uerbum
1861 5003 2046 5048 contra

481 5093 706 5160 Filium,
733 5094 1029 5149 remittetur
1058 5088 1105 5141 ei
1136 5086 1220 5140 '9?
1249 5084 1390 5141 Num
1449 5086 1785 5156 blasphemia
1837 5087 1894 5140 in
1947 5084 2043 5140 Fi-

479 5188 617 5242 lium
646 5186 944 5242 condonata
976 5194 1059 5241 est
1092 5178 1334 5246 Arianis,
1378 5176 1735 5244 Simonianis,
1762 5177 2035 5234 Sabellia-

477 5280 584 5342 nis,
632 5276 1013 5342 Photinianis,
1055 5271 1382 5341 caeterisun
1416 5269 1711 5334 omnibus,
1755 5269 1848 5341 qui
1893 5269 2042 5326 blas-

2156 3453 2245 3507 κοί
2269 3494 2284 3519 ,
2332 3454 2403 3507 οὐ
2469 3452 2769 3519 λοίδοροι,
2821 3454 2893 3506 οὐ
2943 3451 3230 3521 μέθυσοι,
3285 3454 3401 3520 οὐχ
3454 3450 3732 3521 ἅρπαγες.

2150 3544 2483 3609 ,βασιλείαν
2538 3540 2685 3596 Θεοῦ
2733 3545 2804 3596 οὐ
2843 3542 2930 3612 μὴ
2985 3539 3553 3612 κληρονομήσουσι;
3619 3541 3725 3594 Καὶ

2157 3638 2207 3689 εί
2253 3634 2424 3689 ταῦτα
2468 3633 2638 3697 οὕτως
2686 3632 2818 3703 ἔχει,
2857 3632 2972 3697 πῶς
3015 3633 3219 3697 λοιπον,
3256 3632 3381 3686 εἰπέ
3426 3649 3540 3703 μοι,
3588 3634 3731 3685 πᾶσα

2156 3725 2397 3797 ἁμαρτία
2430 3725 2521 3777 καὶ
2551 3723 2865 3794 βλασφημία
2896 3722 3226 3793 ἀφεθήσεται
3246 3725 3360 3784 τοῖς
3381 3720 3729 3793 ἀνθρώποις

2156 3816 2267 3869 Καὶ
2299 3814 2394 3868 ἐὰν
2428 3814 2589 3869 πάλιν
2630 3813 2786 3867 τοῦτο
2813 3813 3030 3886 ἀληθὲς,
3065 3813 3151 3867 διὰ
3180 3814 3233 3867 τί
3261 3813 3450 3867 λοιπὸν
3482 3812 3730 3880 ἐγκαλεί-

2154 3925 2244 3977 -ςαι
2272 3909 2302 3960 ὁ
2330 3907 2511 3969 ἄθλιος
2556 3907 2856 3979 Ὠριγένης,
2896 3906 3051 3970 τέλος
3100 3905 3383 3977 κηρύττων
3431 3904 3537 3975 τῆς
3578 3902 3730 3958 κολά-

2158 4016 2314 4064 σεως,
2339 3999 2414 4063 ὡς
2444 3998 2788 4072 συγχώρησιν
2832 3998 3011 4069 πάσης
3051 3997 3327 4069 ἁμαρτίας
3359 3993 3730 4067 γενέσθαικαὶ

2156 4095 2267 4156 τοῖς
2304 4091 2610 4163 ἀνθρώποις
2659 4093 2755 4145 καὶ⁵
2789 4094 2902 4155 τοῖς
2931 4091 3148 4163 δαίμοσι
3178 4090 3328 4163 παρὰ
3365 4090 3539 4157 Θεοῦ;
3569 4090 3731 4145 Πάλιν

2156 4184 2213 4237 δὲ
2242 4184 2336 4236 ἐὰν
2362 4184 2396 4254 ἡ
2428 4184 2509 4247 είς
2534 4183 2595 4237 τὸ
2626 4183 2852 4255 Πνεῦμα
2877 4184 2937 4238 τὸ
2959 4184 3112 4253 ἅγιον
3149 4182 3469 4255 βλασφημία
3497 4183 3601 4236 ούκ
3621 4182 3728 4253 ἔχει

2158 4274 2522 4347 συγχώρησιν.
2557 4276 2611 4328 τί
2640 4276 2911 4347 μέμφεται
2944 4279 2978 4349 ἡ
3007 4276 3297 4348 Ἐκκλησία
3322 4276 3579 4331 Ναυάτον
3598 4277 3725 4329 ἁπο-

2158 4365 2484 4435 6αλλόμενον
2510 4365 2608 4437 τὴν
2635 4369 2955 4437 μετάνοιανς
2989 4368 3062 4422 Τὸ
3114 4367 3171 4421 δὲ
3206 4369 3510 4422 σκοτεινότε
3520 4385 3609 4439 ρον
3638 4367 3726 4420 καὶ

2157 4454 2599 4527 δυσκατάληπτον
2628 4457 2801 4511 ἐκεῖνό
2828 4459 2992 4520 ἐστιν,
3011 4459 3091 4512 ὅτι
3111 4459 3170 4521 ὃς
3199 4457 3265 4512 ἂν
3295 4457 3425 4528 εἴπῃ
3454 4456 3612 4526 λόγον
3634 4474 3728 4511 κα-

2086 4585 2128 4639 D
2158 4545 2227 4599 τὰ
2261 4545 2355 4599 τοῦ
2394 4546 2548 4610 Υἰοῦ,
2581 4547 2911 4620 ἀφεθήσεται
2943 4547 3117 4618 αὐτῷ·
3148 4548 3207 4612 ὃς
3239 4547 3285 4601 δ’
3319 4547 3385 4602 ἂν
3417 4548 3550 4620 εἴπῃ
3579 4546 3726 4614 λόγον

2157 4637 2298 4692 κατὰ
2338 4639 2434 4692 τοῦ
2484 4640 2814 4711 Πνεύματος,
2851 4641 2953 4695 οὐκ
3012 4641 3344 4711 ἀφεθήσεται
3376 4638 3564 4711 αὐτῷ·
3592 4638 3727 4692 ὥστε

2158 4726 2394 4782 ἐλάττων
2428 4730 2574 4783 ἐστὶν
2602 4732 2631 4783 ὁ
2659 4730 2785 4794 Υἱὸς
2812 4732 2961 4802 παρά
2984 4731 3045 4784 τὸ
3077 4729 3298 4802 Πνεῦμα
3327 4730 3424 4784 καὶ
3448 4729 3543 4782 τὸν
3566 4726 3728 4782 Πατέ-

2161 4836 2245 4892 ρα.
2296 4820 2406 4873 Καὶ
2446 4821 2500 4874 τί
2544 4821 2728 4876 λοιπδν
2789 4820 3206 4893 ἁποϐαλλόμεθα
3261 4822 3387 4885 τοὺς
3451 4821 3723 4891 unum

2169 4910 2499 4983 Ἀρειανοὺς,
2526 4914 2653 4977 τοὺς
2693 4914 3089 4984 σμικρύνοντας
3133 4912 3228 4967 καὶ
3268 4912 3727 4977 καταϐιεάζοντας

2151 5003 2244 5058 τὸν
2275 5003 2405 5058 Υἰὸν
2456 5004 2608 5075 παρὰ
2642 5006 2704 5059 τὸ
2734 5005 2988 5077 Πνεῦμα;
3028 5005 3141 5061 Καὶ
3184 5004 3303 5069 πῶς
3330 5008 3361 5059 ὀ
3396 5005 3522 5069 Υἱὸς
3549 5005 3725 5071 λέγει’

2165 5093 2310 5164 Ἐγὼ
2336 5095 2435 5151 καί
2453 5098 2488 5150 ό
2514 5096 2718 5165 Πατὴρ
2746 5097 2817 5152 ἓν
2843 5098 3030 5168 ἐσμεν
3049 5114 3065 5128 ·
3100 5098 3285 5163 ttat,”
3307 5097 3395 5168 μὴ
3416 5096 3602 5168 τιμῶν
3620 5096 3727 5149 τὸν

2159 5183 2298 5239 Υίὸν
2328 5186 2400 5240 οὐ
2422 5184 2561 5257 τιμᾷ
2596 5187 2704 5242 τὸν
2726 5188 2990 5259 Πατέρα’
3025 5188 3122 5245 καὶ⁸
3165 5187 3327 5244 πάλιν
3365 5187 3604 5245 ἐνταῦθά
3621 5202 3725 5255 φη-

2153 5291 2234 5329 σιν
2252 5292 2265 5305 ο
2305 5276 2402 5344 Ὃς
2428 5276 2506 5332 ἂν
2531 5277 2674 5348 ειπῃ
2707 5281 2895 5351 λόγον
2918 5278 3071 5336 κατὰ
3105 5279 3213 5336 τοῦ
3235 5278 3402 5346 Υίοῦ,
3432 5277 3727 5350 ἀφεθήσε-

550 5388 668 5462 u_||_
694 5387 930 5462 Corfini,
964 5388 1050 5462 t7.
1126 5382 1487 5462 {9_Ror_n._vt‘tt
1509 5421 1526 5443 .
1557 5381 1644 5438 l8.
1694 5380 1761 5462 ,ξι
1789 5380 1975 5462 Matth.
2008 5399 2051 5437 rt1

2154 5385 2350 5462 51,3.
2388 5391 2481 5462 7A“,
2504 5390 2695 5449 llCor.
2724 5408 2808 5455 tu.
2834 5392 2887 5450 6.
2969 5394 3015 5427 ⁸³
3033 5393 3171 5449 Luc.
3202 5411 3304 5462 xu,
3331 5394 3387 5451 9.
3462 5395 3510 5428 “
3529 5392 3719 5449 Matth.

470 5472 579 5524 an,
606 5459 695 5514 56.
768 5459 816 5491 ⁸⁸
837 5456 1022 5514 Matth.
1048 5474 1101 5524 ν,
1123 5452 1220 5513 Ξίὶ.
1296 5455 1343 5486 ⁸⁸
1371 5452 1391 5509 Ι
1421 5454 1546 5509 Cor.
1580 5468 1656 5519 vr,
1690 5452 1775 5509 10.
1856 5453 1903 5487 ⁸⁷
1920 5452 2051 5508 Joan

2154 5497 2179 5523 ,,
2218 5456 2308 5513 30.
2379 5460 2426 5494 “
2456 5460 2614 5519 Juan.
2642 5479 2693 5528 ν,
2724 5452 2816 5518 23.
2897 5464 2942 5498 ³⁸
2969 5463 3161 5520 Matth.
3201 5452 3303 5529 xu,
3334 5465 3426 5521 52.

547 5567 770 5650 (2|)_Ex
793 5569 915 5650 cod.
949 5568 1105 5625 Colb.
1135 5564 1302 5632 25M,
1336 5564 1428 5635 qui
1468 5571 1551 5621 est
1606 5572 1794 5619 catena
1860 5566 1914 5618 in
1959 5563 2290 5626 Matt/ianua.
2322 5570 2381 5627 In
2423 5573 2582 5631 editis
2618 5591 2835 5647 quoque
2874 5587 3186 5650 comparet,
3241 5575 3335 5634 sed
3380 5591 3579 5647 magna
3632 5571 3721 5631 sui

479 5649 631 5707 parte
669 5646 992 5692 truncatum.
