3990 6208
342 230 481 287 1585

1454 236 1877 295 FRAGMENTA
1918 237 1983 293 IN
2025 239 2462 301 MATTIIEUM.

3446 251 3583 308 i536

338 369 436 409 ται
469 353 665 419 abab;
718 355 836 427 Δρα
855 351 966 422 οῦν,
999 360 1118 412 εἰπέ
1150 377 1259 430 μοι,
1290 363 1323 433 ἡ
1352 364 1431 426 sl;
1462 362 1553 415 τὸν
1580 363 1707 416 Υἱὸν
1741 362 1898 433 βλασ-

2010 362 2253 433 pliemias
2314 366 2367 419 in
2437 364 2639 420 Christi
2698 365 3130 423 incarnationem
3200 371 3582 439 protulerunt!

340 445 520 517 φημία
561 448 1038 521 συγχωρηθήσεται
1070 456 1181 517 τοῖς
1220 455 1532 528 Ἀρειανοῖς,
1584 446 1678 511 καὶ
1727 459 1910 530 Σιμω-

339 539 558 602 νιανοῖς,
591 539 683 592 καὶ
709 540 1099 608 Σαϐελλιανοῖς,
1124 545 1220 598 καὶ
1241 548 1634 615 Φωτεινιανοῖς,
1665 551 1760 604 καὶ
1795 552 1909 617 τοῖς

338 626 541 692 λοιποῖς
572 632 703 683 πᾶσι
731 635 841 695 τοῖς
863 635 941 697 εὶς
961 633 1056 706 τὴν
1084 636 1177 689 τοῦ
1206 638 1334 691 Υἱοῦ
1362 641 1636 713 σάρκωσιν
1666 642 1910 713 βλασφη-

342 723 610 792 μήσασινς
652 725 865 794 Ἄπαγε
909 730 1009 800 τῆς
1039 733 1287 798 ἀτοπίας.
1335 736 1399 790 El
1429 737 1539 808 γὰρ
1579 741 1607 792 ὁ
1632 738 1804 807 λέγων
1833 738 1910 811 τῷ

338 813 549 886 ἀδελφῷ
577 816 762 882 αὑτοῦ,
794 820 988 892 Μωρὲ,
1019 822 1198 894 ἔνοχός
1225 828 1371 881 ἐστιν
1417 832 1497 894 εἰς
1542 832 1643 902 τὴν
1686 830 1910 899 γέενναν

335 907 426 958 τοῦ
454 906 646 977 πυρὸς,
675 910 754 973 εἰς
782 911 939 965 ποίαν
973 913 1173 981 λοιπὸν,
1205 920 1327 973 εἰπέ
1363 937 1474 991 μοι,
1504 922 1728 989 γέενναν
1757 922 1907 990 γεένς-

334 1014 432 1069 νης
473 1000 867 1073 ἐκϐληθήσεται
897 1006 925 1057 ὁ
956 1005 1128 1075 λέγων
1158 1010 1249 1063 τὸν
1290 1011 1423 1067 Θεὸν
1473 1012 1638 1071 αὐτοῦ
1679 1012 1906 1085 κτίσμα,

335 1090 430 1143 καὶ
455 1092 577 1162 οὐχὶ
609 1092 743 1148 Θεοῦ
773 1095 920 1162 Υἰὺν,
956 1098 1091 1153 ἀλλά
1121 1101 1307 1156 δοῦλον
1354 1103 1449 1157 καὶ
1495 1105 1763 1177 ὑπουργὸν
1811 1106 1908 1164 καὶ

336 1184 565 1254 μικρόν;
593 1186 701 1241 Καὶ
726 1189 773 1240 εξ
804 1189 951 1254 ὅστις
983 1191 1111 1265 εἴπῃ
1135 1193 1292 1264 λόγον
1320 1197 1461 1255 κατά
1483 1197 1577 1253 τοῦ
1613 1196 1767 1262 Υἱοῦ,
1804 1200 1909 1269 ἀφ-

332 1274 586 1344 εθήσεται
620 1278 788 1350 αὐτῷ,
827 1281 943 1345 πῶς
972 1283 1133 1348 αὐτὸς
1169 1287 1198 1339 ό
1228 1286 1354 1351 Υἱὸς
1397 1284 1571 1353 εἶπεν,
1618 1288 1700 1343 ὅτι
1736 1290 1789 1343 Ὀ
1818 1289 1906 1360 μὴ

330 1365 566 1435 τρώγων
584 1387 702 1437 μου
727 1370 838 1440 τὴν
858 1373 1074 1443 σάρκα,
1099 1376 1198 1430 καὶ
1219 1378 1305 1447 μὴ
1336 1381 1527 1434 πίνων
1547 1399 1668 1450 μου
1705 1381 1772 1436 τὸ
1815 1378 1907 1436 αἵ·-

323 1472 432 1525 μα,
458 1460 571 1513 οὐκ
593 1459 717 1529 ἔχει
740 1460 892 1531 ζωὴν
923 1464 1193 1532 αὶώνιον;
1220 1470 1345 1534 Πῶς
1367 1470 1422 1524 δὲ
1446 1473 1539 1526 καὶ
1557 1471 1780 1527 δύναταί
1800 1491 1905 1542 τις,

328 1547 613 1619 ἀτιμάζων
662 1551 751 1605 τὸν
799 1554 946 1619 Υἰὸν,
986 1559 1059 1631 μὴ
1109 1560 1448 1634 βλασφημεῖν
1492 1566 1573 1627 εἰς
1615 1564 1714 1637 τὴν
1745 1566 1907 1635 ἁγίαν

329 1638 373 1693 Τ
376 1642 573 1711 ριάδα;
610 1645 666 1697 Ὀ
685 1645 740 1698 δὲ
767 1648 847 1711 εἰς
886 1649 1053 1720 αὐτὴν
1095 1651 1431 1726 βλασφημῶν
1457 1656 1697 1726 δηλονότι
1728 1658 1904 1735 ἀπαρ-

327 1735 499 1786 νείται
530 1735 590 1788 τὸ
612 1736 764 1804 ἅγιον
796 1740 1075 1815 βάπτισμα
1095 1760 1107 1772 ·
1138 1746 1167 1801 ὁ
1189 1745 1246 1799 δὲ
1272 1745 1429 1802 τοῦτο
1461 1748 1899 1820 ἀπαρνούμενος,

324 1820 387 1874 τὸ
414 1822 640 1893 Πνεῦμα
681 1826 745 1881 τὸ
782 1827 934 1897 ἅγιον
970 1833 1280 1891 ἀποδύεται.
1312 1837 1423 1893 Καὶ
1466 1836 1653 1911 ὥσπερ
1686 1840 1778 1892 ἐπὶ
1808 1838 1902 1893 τοῦ

324 1912 585 1983 αἰσθητοῦ
613 1916 780 1987 ἡλίου,
815 1920 911 1974 ἐὰν
937 1921 1033 1994 τὴν
1067 1924 1274 1997 θ,ἐρμην
1310 1926 1342 2000 ἢ
1378 1929 1476 2000 τὴν
1520 1930 1709 1987 ἀκτῖνα
1738 1930 1902 1985 αὑτοῦ

2010 452 2197 525 Apage
2228 454 2368 511 hanc
2404 455 2817 514 absurditatem.
2843 456 2976 514 Nam
3018 460 3066 514 si
3098 460 3146 516 is
3174 462 3269 532 qui
3294 460 3451 520 lratri
3479 482 3581 521 suo

2009 544 2168 611 dicit,
2198 544 2370 602 Fatue
2389 587 2403 611 ,
2453 563 2583 604 rens
2617 557 2704 605 est
2730 550 2993 621 gehennae
3018 551 3192 623 ignis;
3224 555 3461 625 qualem,
3490 559 3580 613 dic

2011 636 2177 704 mihi,
2207 636 2261 690 in
2291 637 2594 707 gehennam
2622 640 2884 711 gehennae
2914 642 3205 713 projicitur
3234 646 3281 700 is
3302 647 3396 716 qui
3423 646 3572 703 affir-

2008 741 2122 785 mat
2155 728 2325 785 Deum
2360 746 2522 787 suum
2564 742 2874 789 creaturam
2906 751 3063 801 esse;
3106 753 3216 795 non
3242 736 3436 794 Filium
3462 739 3579 807 Dei,

2008 820 2104 877 sed
2145 837 2399 890 servum,
2448 824 2542 879 sed
2591 825 3011 893 administrum,
3040 836 3098 884 et
3137 832 3403 900 parvum?
3435 830 3504 888 Et
3533 834 3580 889 si

2006 913 2102 987 qui
2151 914 2352 970 dixerit
2403 916 2627 973 verbum
2665 927 2857 973 contra
2892 918 3090 974 Filium
3113 962 3129 987 ,
3164 922 3470 978 remittetur
3491 925 3577 992 ei;

2007 1005 2282 1075 quomodo
2314 1006 2429 1076 ipse
2456 1005 2628 1061 Filius
2650 1007 2820 1067 dixit:
2841 1009 2947 1074 Qui
2976 1026 3077 1064 non
3097 1011 3381 1068 manducat
3409 1031 3580 1070 meam

2007 1112 2238 1163 carnem,
2268 1112 2360 1153 nee
2388 1096 2515 1153 bibit
2550 1114 2723 1153 meum
2762 1102 3091 1171 sanguinem,
3126 1119 3233 1157 nou
3257 1104 3465 1159 habebit
3499 1108 3578 1161 υἱι-

2008 1200 2119 1243 tam
2163 1199 2414 1244 retentam
2446 1190 2530 1243 "‘i
2562 1191 2672 1248 Aut
2691 1192 2810 1262 qui,
2839 1208 3050 1263 quaeso,
3083 1195 3259 1265 possit
3293 1197 3389 1267 qui
3423 1198 3580 1269 igno—

2006 1282 2177 1337 minia
2213 1281 2382 1338 afficit
2421 1282 2618 1340 Filium
2639 1325 2655 1352 ,
2688 1299 2795 1340 non
2828 1284 3209 1356 blasphemare
3240 1288 3296 1343 in
3326 1300 3574 1345 sanctam

2007 1373 2360 1430 Trinitatem?
2408 1374 2513 1442 Qui
2548 1391 2677 1432 vero
2705 1376 2763 1432 in
2805 1392 2927 1432 eam
2957 1377 3279 1448 blasphema
3329 1379 3482 1449 dicit,
3528 1382 3578 1437 is

2007 1465 2150 1521 haud
2207 1464 2371 1520 dubie
2417 1466 2650 1536 abnegat
2702 1473 2951 1522 sanctum
3003 1467 3310 1538 baptisma;
3368 1484 3435 1525 ac
3475 1472 3572 1542 qui

2005 1557 2337 1627 baptismum
2362 1567 2545 1630 negat,
2573 1557 2818 1630 profecto
2835 1559 3098 1630 Spiritum
3121 1571 3373 1618 sanctum
3396 1566 3565 1621 exuit.

2008 1647 2074 1703 Et
2097 1649 2557 1719 quemadmodum
2602 1648 2657 1705 in
2710 1651 2825 1706 sole
2854 1652 2960 1707 isto
2987 1653 3277 1718 sensibili,
3316 1656 3362 1710 si
3397 1658 3567 1713 calori

2008 1740 2243 1795 radiisve
2279 1740 2402 1810 ejus
2438 1742 2828 1798 contumeliam
2863 1740 3061 1800 feceris
3082 1786 3097 1811 ,
3126 1745 3178 1798 in
3212 1755 3379 1803 totam
3412 1759 3571 1805 natu-

2008 1846 2125 1886 ram
2159 1832 2292 1888 solis
2325 1832 2520 1888 recidit
2573 1832 2890 1904 huiusmodi
2942 1838 3312 1904 contumelia;
3341 1839 3416 1895 ita
3442 1857 3577 1912 quo-

2007 1937 2115 1993 que
2159 1937 2219 1978 se
2262 1939 2350 1978 res
2395 1923 2558 1978 habet
2597 1923 2652 1978 in
2701 1925 2991 1995 trigemino
3029 1928 3145 1983 sole
3191 1929 3477 1988 Trinitatis
3521 1945 3578 1989 et

325 2003 685 2079 καθυϐρίσῃς,
730 2010 809 2074 εἰς
852 2011 980 2083 ὃλην
1022 2014 1119 2086 τὴν
1153 2016 1315 2087 φύσιν
1347 2019 1512 2074 αὑτοῦ
1555 2022 1898 2094 ἁνατρέχειή

2007 2014 2294 2086 mysterii:
2321 2015 2649 2071 contumelia
2700 2015 2756 2069 in
2800 2031 2967 2072 unam
3011 2033 3299 2088 personam
3338 2024 3573 2093 prolata,

326 2093 519 2166 ῦὸριςο
554 2097 725 2164 οὕτως
754 2102 848 2156 καὶ
880 2103 971 2157 ἐπὶ
994 2105 1088 2158 τοῦ
1116 2108 1390 2180 τρισηλίου
1419 2112 1517 2182 τῆς
1546 2093 1705 2182 ἁγίας
1734 2093 1898 2185 Τριάέ

2001 2104 2343 2175 blasphemia
2376 2114 2461 2162 est
2490 2106 2543 2160 in
2574 2105 2887 2163 universam
2914 2106 3306 2178 plenitudinem
3331 2113 3572 2174 deitatis.

320 2185 410 2251 δος
435 2190 613 2259 φωτὸς
640 2195 732 2246 καὶ
756 2197 1051 2268 μυστηρίου
1079 2200 1111 2270 ἡ
1136 2200 1236 2268 τῆς
1263 2203 1393 2273 μιᾶς
1415 2204 1764 2270 ὑποστάσεως
1783 2210 1898 2263 ἀτι-

2007 2195 2147 2262 Quid
2211 2197 2375 2264 igitur
2428 2198 2533 2253 sibi
2586 2197 2705 2253 vult
2754 2199 2963 2253 dictum
3016 2200 3149 2256 illud
3197 2203 3266 2258 ad
3309 2203 3572 2264 Judaaos:

323 2280 430 2350 μία
466 2283 662 2347 παντὸς
687 2286 780 2340 τοῦ
816 2289 1177 2362 πληρώματος
1200 2294 1300 2365 τῆς
1326 2293 1576 2368 θεότητος
1607 2300 1754 2353 ἐστιν
1782 2303 1904 2357 ἀτι-

323 2371 450 2442 μία.
491 2374 556 2427 Τί
588 2372 680 2431 οὖν
716 2380 832 2432 ἐστι
871 2381 932 2433 τὸ
975 2383 1111 2453 πρὸς
1153 2385 1436 2452 Ἰουδαίους
1478 2387 1789 2462 λεγόμενον,
1818 2394 1899 2447 ὅτι

316 2462 507 2520 Πᾶσα
544 2467 799 2537 ἁμαρτία
847 2472 945 2526 καὶ
983 2475 1348 2547 ,ϐλασςαψά
1410 2480 1534 2547 τοῖς
1573 2482 1901 2553 ἀνθρώποις

315 2556 719 2625 ἀφεθήσεται*
749 2564 817 2631 ὃς
849 2564 901 2619 δ’
930 2565 1007 2621 ἂν
1038 2569 1178 2639 εἴπῃ
1206 2572 1393 2641 λόγον
1413 2573 1567 2628 κατὰ
1620 2575 1727 2630 τοῦ
1766 2578 1900 2631 Υιοῦ

316 2651 429 2706 τοῦ
461 2653 796 2722 ἀνθρώπου,
833 2661 1194 2731 ἀφεθήσεται
1225 2666 1418 2732 αὐτῷ’
1465 2668 1533 2736 ὃς
1563 2669 1616 2722 δ’
1642 2670 1719 2724 ἂν
1756 2673 1898 2742 εἴπῃ

315 2746 513 2814 λόγον
529 2749 679 2801 κατὰ
702 2749 807 2803 τοῦ
830 2750 1173 2822 Πνεύματος
1186 2756 1377 2826 ἁγίου,
1403 2760 1514 2813 οὐκ
1531 2761 1899 2831 ἀφεθήσεται

314 2833 486 2900 αὐτῷ
521 2837 658 2890 οὔτε
683 2838 752 2892 ἐν
775 2837 856 2905 τῷ
874 2841 992 2895 νῦν
1021 2842 1189 2897 αἰῶνι
1217 2846 1356 2901 οὔτε
1376 2848 1446 2902 ἐν
1476 2849 1557 2915 τῷ
1590 2851 1896 2921 μέλλοντι.

313 2927 611 3014 ῌουνεχῶς
650 2929 989 3003 ἀκούσωμεν,
1024 2935 1118 2988 καὶ
1169 2937 1244 3008 μὴ
1288 2938 1671 3014 πλανηϐὦμεν.
1713 2946 1900 3009 Agat»)

2000 2289 2175 2346 Omtte
2192 2300 2460 2359 peceatum
2485 2300 2539 2343 et
2569 2289 2892 2358 blasphemia
2916 2294 3211 2349 remittetur
3237 2296 3534 2355 hominibus
3551 2319 3572 2357 :

1994 2391 2055 2436 et
2077 2382 2368 2452 quicunque
2394 2381 2589 2439 dixerit
2624 2383 2835 2436 verbum
2859 2393 3051 2437 contra
3086 2382 3291 2441 Filium
3325 2390 3570 2456 hominis,

2002 2474 2301 2530 remittetur
2327 2473 2417 2539 ei;
2447 2477 2539 2543 qui
2568 2484 2745 2527 autem
2767 2475 2963 2529 dixerit
2997 2478 3205 2533 verbum
3235 2493 3420 2536 contra
3448 2483 3574 2553 Spi—

2005 2564 2164 2618 ritum
2196 2572 2456 2630 sanctum,
2482 2578 2587 2617 non
2616 2566 2913 2620 remittetur
2938 2568 3007 2633 ei,
3046 2585 3207 2640 neque
3239 2571 3294 2625 in
3336 2573 3432 2628 hoc
3472 2592 3572 2631 ειε-

2005 2656 2124 2713 eulo
2153 2672 2313 2727 neque
2348 2656 2401 2708 in
2436 2658 2617 2723 futuro
2639 2654 2707 2711 “.
2738 2655 3042 2715 Prudenter
3063 2662 3373 2730 audiamus,
3408 2676 3460 2720 et
3504 2685 3571 2723 ne

2006 2748 2352 2804 seducamur.
2400 2746 2678 2815 Duplicem
2712 2763 2834 2803 esse
2868 2748 3147 2807 Christum
3182 2764 3306 2824 pest
3347 2756 3569 2812 inenar—

2004 2840 2232 2896 rabilem
2260 2841 2556 2905 unionem,
2588 2839 2712 2896 dico
2752 2850 2932 2896 autem
2965 2857 3033 2897 ex
3063 2843 3265 2902 deitate
3289 2840 3572 2903 et’liuma-

2006 2932 2195 2997 nitate,
2224 2947 2398 2987 sacrae
2433 2932 2593 2988 nobis
2632 2924 2870 2989 clamant
2912 2932 3207 3006 Scriptura:
3235 2957 3247 2991 :
3276 2954 3401 2994 nam
3453 2940 3574 2995 Ver.

314 3012 466 3070 εῖναι
485 3017 576 3071 τὸν
594 3019 828 3091 Χριστὸν
856 3022 992 3092 μετὰ
1010 3024 1110 3096 τὴν
1139 3025 1415 3098 ἄφραστον
1439 3012 1652 3096 ἓνωσιν,
1679 3035 1823 3105 φημὶ
1840 3034 1898 3089 δὲ

2006 3026 2123 3079 bum
2155 3041 2287 3079 caro
2324 3025 2524 3095 factum
2567 3034 2644 3080 est
2671 3025 2735 3080 “.
2767 3024 3029 3083 Deitatem
3081 3043 3211 3100 ergo
3243 3029 3405 3087 Verbi
3454 3034 3570 3104 ipse

314 3107 383 3161 ὲκ
423 3106 682 3179 θεότητος
712 3111 808 3165 καὶ
853 3112 1288 3187 ἀνθρωπότητος,
1320 3119 1377 3173 αἱ
1420 3120 1566 3193 ἱεραὶ
1610 3122 1742 3193 ἡμῖν
1783 3125 1899 3178 δια-

315 3199 492 3253 ϐοῶσι
540 3201 784 3272 Γραφαί·
829 3203 890 3258 '0
927 3205 1037 3278 γὰρ
1067 3208 1260 3278 Λόγος
1294 3210 1451 3280 σὰρξ
1497 3212 1754 3283 ἐγένετο.
1787 3216 1899 3287 Τὴν

312 3290 455 3358 γοῦν
506 3291 600 3345 τοῦ
645 3292 821 3362 Λόγου
865 3292 1096 3366 Θεότητα
1131 3297 1161 3349 ὁ
1208 3298 1369 3363 αὐτὸς
1410 3301 1646 3371 Χριστὸς
1672 3303 1898 3375 Πνεῦμα

315 3377 482 3447 ἆγιον
501 3379 778 3452 ὀνομάζει,
799 3381 942 3438 καθὰ
970 3384 1065 3437 καὶ
1088 3385 1226 3458 πρὸς
1248 3386 1347 3460 τὴν
1371 3388 1700 3461 Σαμαρεῖτιν
1721 3392 1897 3462 ἔλεγε,

312 3472 569 3541 Πνεῦμα
614 3476 647 3527 d
695 3475 870 3541 Θεόςο
900 3475 1004 3547 τὴν
1046 3475 1104 3530 δὲ
1150 3478 1545 3553 ἀνθρωπότητα
1575 3483 1737 3538 αὐτοῦ
1771 3467 1899 3539 fide

313 3560 609 3634 ἀνθρώπου
631 3579 646 3595 ο
681 3564 813 3620 Νῦν
838 3567 966 3639 γὰρ,
998 3569 1180 3640 φησὶν,
1209 3570 1507 3641 ἐδοξάσθη
1550 3577 1585 3628 d
1630 3575 1762 3642 Υἱός
1789 3578 1899 3632 τοῦ

313 3651 661 3721 ἀνθρώπου.
697 3656 762 3708 Ol
796 3652 890 3711 οῦν
933 3660 1021 3713 ἀεὶ
1048 3660 1126 3732 τῷ
1156 3661 1275 3732 Θεῷ
1305 3663 1734 3735 προσκρούοντες
1772 3668 1901 3724 Ἰου-

312 3742 459 3796 δαῖοι
477 3743 660 3814 διττὴν
682 3746 818 3817 πρὸς
842 3749 1074 3820 Χριστὸν
1102 3751 1200 3823 τὴν
1222 3750 1568 3824 βλασφημίαν
1582 3754 1894 3828 ὲκέκτηντοι

310 3836 366 3885 at
403 3834 506 3906 μὲν
538 3834 646 3906 γὰρ
674 3839 741 3908 τῇ
776 3839 941 3911 σαρκὶ
987 3840 1175 3905 αὐτοῦ,
1223 3842 1391 3913 ἤγουν
1416 3843 1494 3915 τῷ
1532 3844 1645 3916 Υἱῷ
1672 3846 1766 3900 τοῦ
1798 3849 1897 3902 άν-

314 3924 541 3996 θρώπου
572 3929 1023 3999 προσκόπτοντες,
1041 3934 1325 4005 προφήτην
1344 3934 1526 4002 αὐτὸν,
1544 3936 1657 3991 ἀλλ’
1678 3939 1740 3992 οὐ
1764 3938 1895 3994 Θεὸν

310 4012 461 4072 εἶναι
492 4018 760 4091 ἐνόμιζον,
796 4020 892 4076 καὶ
922 4022 1094 4092 φάγον
1125 4023 1287 4080 αὑτὸν
1314 4025 1409 4079 καὶ
1452 4028 1733 4101 οἰνοπότην
1761 4030 1894 4085 ὲκά-

308 4110 466 4177 λουν,
494 4106 575 4176 οἷς
616 4112 711 4166 καὶ⁸
757 4112 1085 4186 συγγνώμην
1125 4115 1356 4171 ἔδωκενο
1391 4118 1533 4191 ἀρχὴ
1572 4120 1678 4193 γὰρ
1704 4119 1772 4194 ἦν
1798 4124 1892 4179 τοῦ

309 4200 689 4273 κηρύγματος,
720 4201 814 4256 καὶ
861 4202 1013 4257 οὔπω
1059 4204 1254 4276 ἐχώρει
1294 4207 1325 4261 ό
1372 4208 1576 4281 κόσμος
1621 4212 1755 4267 θεὸν
1804 4230 1895 4268 πι-

2001 3117 2251 3174 Christus
2282 3118 2544 3187 Spiritum
2575 3126 2829 3175 sanctum
2880 3119 3157 3190 appellat,
3209 3125 3568 3193 quemadmo-

1999 3207 2129 3261 dum
2186 3207 2254 3261 ad
2309 3205 2715 3262 Samaritanam
2774 3208 2989 3265 locutus
3039 3220 3143 3275 est,
3200 3212 3435 3284 Spiritus
3492 3229 3568 3272 cst

1999 3298 2140 3352 Deus
2161 3300 2235 3366 ⁸⁸;
2274 3299 2669 3355 humanitatem
2717 3316 2845 3358 vero
2885 3318 3072 3373 suam,
3100 3305 3302 3364 Filium
3330 3310 3567 3369 hominis

1997 3399 2197 3444 vocat:
2231 3386 2407 3456 Nunc,
2457 3391 2630 3461 inquit
2653 3430 2667 3455 ,
2698 3391 3030 3464 gloriﬁcatus
3078 3408 3157 3453 est
3198 3399 3378 3458 Filius
3407 3404 3569 3458 hami.

1998 3481 2080 3536 uis
2105 3480 2169 3535 ³⁸.
2209 3478 2382 3537 Judaei
2422 3483 2591 3553 igitur
2617 3483 2713 3555 qui
2758 3500 2972 3556 semper
3020 3489 3188 3547 Deum
3217 3492 3569 3563 oﬂenderunt

1998 3569 2233 3640 duplicis
2272 3572 2539 3628 adversus
2576 3572 2855 3654 Christum
2902 3576 3252 3649 blasphemiae
3301 3585 3379 3645 rei
3416 3598 3560 3651 sunt,

2000 3660 2247 3728 Quorum
2279 3662 2375 3717 alii
2415 3664 2469 3717 in
2499 3679 2716 3720 carnem
2755 3666 2897 3736 ejus,
2925 3669 3132 3727 scilicet
3158 3673 3217 3728 in
3239 3673 3438 3731 Filium
3468 3679 3567 3733 ho-

1997 3752 2195 3816 minis,
2251 3753 2595 3825 impingunt,
2651 3759 3004 3829 prophetam,
3063 3778 3171 3837 non
3218 3763 3390 3822 Deum
3442 3785 3564 3826 esse

1992 3843 2403 3911 existimantes;
2433 3861 2497 3901 ac
2523 3862 2779 3904 voraeem
2806 3850 2960 3907 illum
2999 3861 3054 3907 et
3081 3863 3385 3923 potatorem
3406 3873 3565 3914 voca-

1993 3937 2460 4009 bant“:quihus
2510 3941 2722 3996 veniam
2775 3944 2943 4001 dedit.
3003 3945 3283 4018 Siquidem
3345 3951 3560 4013 initium

1992 4030 2396 4100 pmdicationis
2437 4040 2595 4102 erat,
2650 4035 3006 4108 nondumque
3064 4048 3278 4111 poterat
3323 4045 3561 4102 mundus

1991 4119 2162 4176 Deum
2188 4122 2339 4178 illum
2366 4124 2627 4191 credere,
2660 4127 2755 4196 qui
2793 4127 2957 4185 homo
2991 4129 3167 4187 factus
3197 4132 3395 4190 fuerat.
3422 4135 3562 4194 Hinc

1987 4210 2245 4271 Christus
2271 4215 2349 4270 ait
2371 4235 2389 4270 ~:
2421 4216 2729 4289 Quicunque
2759 4219 2956 4276 dixerit
3006 4223 3216 4278 verbum
3244 4237 3430 4283 contra
3465 4227 3564 4296 F5.-

312 4293 529 4349 στεύειν
569 4295 860 4366 γενόμενον
902 4295 1206 4368 ἄνθρωπον.
1240 4300 1332 4354 Διό
1361 4318 1527 4373 φησιν
1568 4305 1596 4357 ὁ
1636 4304 1889 4378 Χριστὸς,

1999 4304 2123 4359 lium
2144 4305 2392 4374 hominis,
2425 4309 2635 4366 scilicet
2655 4321 2842 4367 contra
2869 4327 3067 4383 corpus
3110 4331 3295 4383 suum,
3330 4325 3564 4383 remittes

307 4388 396 4441 ὅτι
416 4386 514 4452 Ὃς
532 4385 608 4440 ἂν
628 4386 769 4455 εἴπῃ
791 4387 977 4457 λόγον
989 4387 1140 4445 κατὰ
1154 4390 1260 4446 τοῦ
1285 4392 1423 4447 Υἱοῦ
1441 4393 1548 4448 τοῦ
1557 4395 1890 4465 ἀνθρώπου,

1999 4405 2087 4450 tur
2133 4399 2202 4453 ei.
2256 4397 2448 4454 Ausim
2474 4416 2693 4473 quoque
2720 4402 2934 4469 dicere,
2964 4419 3143 4476 neque
3182 4407 3329 4479 ipsos
3373 4410 3562 4473 beatos

307 4479 485 4551 ἤγουν
507 4475 601 4531 τοῦ
629 4476 876 4548 σώματος
897 4478 1083 4546 αὐτοῦ,
1111 4480 1474 4550 ἀφεθήσεται
1494 4485 1676 4553 αὐτῷ.
1696 4487 1892 4559 Τολμῶ

307 4568 426 4641 γὰρ
469 4568 669 4638 λέγειν,
693 4571 777 4624 ὅτι
806 4569 927 4624 οὐδὲ
970 4571 1124 4626 αὐτοὶ
1164 4573 1214 4626 οἱ
1252 4575 1513 4647 μακάριοι
1559 4578 1800 4650 μαθηταὶ¹
1829 4580 1891 4635 τὸ

304 4656 519 4711 τέλειον
547 4656 674 4728 περὶ
702 4658 799 4729 τῆς
826 4657 991 4713 αὑτοῦ
1019 4658 1269 4732 θεότητος
1301 4657 1448 4734 εῑχον
1480 4666 1754 4738 φρόνημα,
1784 4668 1890 4735 ἕως

302 4749 372 4803 τὸ
401 4748 629 4819 Πνεῦμα
650 4748 712 4804 τὸ
738 4750 891 4819 ἅγιον
917 4752 1101 4816 αὐτοῖς
1128 4755 1194 4825 τῇ
1221 4755 1565 4830 Πεντηκοστῇ
1594 4760 1888 4834 ὲπεφοίτη-

306 4855 429 4894 σεν.
447 4838 602 4893 Ἐπεὶ
639 4842 733 4895 καὶ
763 4842 900 4912 μετὰ
936 4844 1035 4915 τὴν
1075 4845 1371 4901 ἀνάστασιν
1402 4847 1601 4915 ἰδόντες
1629 4851 1811 4919 αὐτὸν,
1837 4855 1888 4908 οι

244 4940 247 4943 ‘
309 4931 416 5002 μὲν
444 4930 874 5002 προσεκύνησαν,
900 4937 950 4989 οἱ
976 4935 1034 4989 δὲ
1062 4936 1347 4993 ἐδίστασαν
1368 4955 1385 4972 ·
1416 4939 1531 4995 ἀλλ’
1559 4943 1661 4997 οὐκ
1681 4945 1748 4999 ὲκ
1764 4944 1891 5000 τούς

309 5036 407 5073 του
462 5020 880 5092 κατεκρίθησαν.
920 5024 983 5078 οι
1025 5023 1082 5079 δὲ
1129 5026 1209 5091 εἰς
1259 5026 1321 5081 τὸ
1363 5028 1590 5101 Πνεῦμα
1619 5031 1681 5086 τὸ
1713 5031 1887 5102 ἅγιον,

308 5112 484 5183 ἧγουν
510 5115 610 5176 ἐἰς
636 5112 733 5184 τὴν
770 5111 867 5172 τοῦ
908 5115 1144 5185 Χριστοῦ
1174 5118 1427 5193 θεότητα,
1464 5121 1891 5199 βλασφημήσαν-

306 5217 404 5265 τες
429 5202 524 5255 καὶ
550 5202 816 5272 λέγοντες,
847 5205 929 5258 ὃτι
966 5205 1069 5260 Ἓν
1093 5208 1453 5269 Βεελζεϐοὺλ
1487 5210 1733 5282 ἄρχοντι
1769 5213 1887 5269 τῶν

305 5291 637 5363 δαιμονίων
654 5294 933 5354 ἐκϐάλλει
956 5297 1030 5354 τὰ
1046 5297 1337 5368 δαιμόνια,
1364 5303 1463 5357 οὐκ
1486 5304 1735 5374 ἀφίενται
1760 5305 1884 5361 οὔτε

305 5383 367 5439 ιν
399 5382 485 5453 τῷ
514 5386 609 5440 νῦν
636 5386 791 5442 αἰῶνι
815 5387 939 5443 οὔτε
968 5389 1027 5444 ὲν
1058 5389 1137 5462 τῷ
1165 5390 1884 5468 μέλλοντι.Ἐπισημειώσα-

1994 4481 2116 4554 ejus
2164 4484 2494 4556 discipulos,
2538 4489 2832 4559 perfectam
2889 4492 3062 4564 ipsius
3113 4496 3414 4559 divinitatis
3464 4501 3564 4557 has

1994 4573 2182 4633 buisse
2205 4578 2477 4647 notitiam,
2503 4580 2679 4637 donec
2709 4580 2947 4654 Spiritus
2970 4595 3194 4645 sanctus
3223 4588 3279 4645 in
3312 4590 3400 4646 die
3421 4590 3563 4650 Pen-.-

1993 4676 2233 4727 tecostes
2284 4670 2339 4726 in
2389 4671 2540 4742 ipsos
2598 4674 2825 4746 illapsus
2878 4687 3043 4734 esset.
3086 4677 3338 4753 Namque
3390 4683 3558 4741 etiam

1992 4770 2118 4831 post
2151 4764 2608 4821 resurrectionem
2653 4767 2901 4825 videntes
2930 4784 3078 4837 eum,
3137 4771 3228 4829 alii
3260 4771 3560 4835 adorarunt

1991 4866 2140 4919 enm,
2197 4853 2291 4908 alii
2344 4863 2526 4911 autem
2576 4856 2994 4929 dubitaverunt;
3047 4875 3149 4917 nec
3205 4861 3327 4921 ideo
3375 4872 3558 4927 tamen

1988 4944 2332 5001 condemnati
2382 4956 2530 5002 sunt.
2581 4947 2686 5020 Qui
2716 4964 2847 5006 vero
2882 4950 2938 5005 in
2989 4949 3252 5022 Spiritum
3278 4964 3555 5025 sanctum,

1987 5035 2102 5091 sive
2135 5035 2191 5090 in
2210 5035 2413 5091 Christi
2434 5037 2688 5093 deitatem
2711 5038 3025 5110 blasphema
3059 5042 3175 5098 haec
3194 5043 3340 5102 dicta
3367 5056 3557 5117 protu-

1985 5119 2207 5176 lerunt:
2241 5118 2308 5175 In
2350 5121 2650 5193 Beelzebul,
2685 5128 2918 5197 principe
2959 5129 3362 5201 dremoniorum,
3411 5134 3558 5205 ejicit

1990 5212 2346 5281 damonia“;
2374 5213 2443 5270 iis
2475 5229 2610 5271 sane
2640 5229 2750 5271 non
2776 5217 3104 5286 remittetur,
3138 5237 3317 5295 neque
3354 5226 3409 5283 in
3452 5225 3559 5280 hoc

1990 5306 2212 5373 sarculo,
2241 5321 2415 5378 neque
2440 5308 2496 5363 in
2536 5307 2741 5365 futuro.
2783 5309 3197 5371 Observandum
3239 5331 3403 5388 porro
3446 5329 3552 5385 est,

1989 5415 2099 5457 non
2134 5400 2338 5458 dixisse
2368 5399 2667 5467 Christum,
2712 5400 3109 5473 blasphemanti
3138 5422 3203 5465 ac
3229 5418 3418 5485 postea
3443 5423 3553 5480 pte.

357 5585 824 5679 “!p‘anz‘v'tﬁi.
909 5592 1395 5679 εξῃριιιωιιβε.
1471 5595 1518 5630 ⁸³
1544 5595 1893 5666 Ιοαιι.ι,Η.
1975 5601 2305 5669 "Joan.tv,
2367 5604 2459 5659 2i.
2575 5604 2622 5637 ”
2670 5602 2832 5659 Joan.
2900 5621 3021 5677 xtu,
3286 5609 3331 5649 ³³
3362 5610 3551 5675 Matth.

302 5670 388 5724 xl,
440 5656 527 5713 19.
586 5661 631 5693 ³⁸
662 5660 796 5717 Luc.
826 5677 904 5727 xt,
941 5662 1030 5718 15.

595 5757 865 5820 Pareat.
899 5757 1018 5819 Gn.
1052 5759 1316 5823 XXV“.

3114 5772 3193 5843 ιιζι
