3990 6208
431 241 567 296 1387

1269 231 1327 290 S.
1369 232 1738 287 ATI’IANASII
1776 232 1926 287 OPP.
1970 231 2146 286 PARS
2183 231 2270 286 lll.
2310 263 2376 272 --
2414 231 2808 288 EXEGETICA.

3537 243 3560 296 f
3569 241 3676 298 388

426 360 617 413 nitenti
659 358 1035 412 remissionem
1083 349 1315 405 dandam
1359 363 1467 403 non
1503 364 1658 414 esse;
1714 349 1807 403 sed
1859 348 1997 403 blas-

2105 347 2225 401 σθαι
2247 348 2302 401 δὲ
2332 349 2457 419 χρὴ,
2479 349 2559 401 ὅτι
2591 349 2689 402 οὐκ
2710 344 2860 401 εἶπεν
2890 348 2918 400 ὁ
2944 347 3195 420 Χριστὸς,
3221 348 3310 420 Τῷ
3342 348 3673 424 βλασφημῇ-

425 447 735 518 phemanti,
771 446 883 502 sive
928 445 982 498 in
1025 440 1362 511 blasphemia
1397 439 1766 509 perseveranti
1794 457 1808 492 :
1834 439 2000 507 siqui—

424 541 546 593 dem
565 537 837 607 condigna
861 532 1182 607 poenitentia
1209 539 1432 601 peccata
1451 530 1634 584 omnia
1661 531 1813 585 eluit.
1843 529 1998 596 Quod

424 641 604 684 autem
640 629 859 691 dicitur,
889 623 1286 694 blasphemiam
1335 622 1389 676 in
1440 619 1704 691 Spiritum
1747 630 1994 676 sanctum

425 735 600 790 neque
624 721 679 773 in
711 719 832 783 hoc,
861 730 1040 785 neque
1067 713 1119 767 in
1152 712 1341 766 futuro
1383 712 1585 766 saaculo
1621 711 1851 777 dimitti;
1882 711 1999 780 qui-

422 802 558 866 dam.
581 826 638 866 re
659 807 972 879 diligentius
1004 804 1276 876 exquisita
1305 804 1516 870 dicunt,
1555 811 1791 874 quatuor
1820 802 1998 857 modis

423 911 771 972 peccatorum
829 897 1044 952 veniam
1089 894 1350 961 concedi;
1389 895 1605 950 duobus
1646 894 1755 959 hic,
1783 893 1997 949 duobus

424 996 548 1051 item
604 995 656 1047 in
715 993 902 1047 futuro
964 989 1182 1044 saeculo.
1248 987 1384 1043 Cum
1451 987 1597 1042 enim
1650 995 1995 1057 peccatorum

422 1086 598 1142 omnis
633 1083 891 1154 temporis
936 1080 1254 1136 meminisse
1299 1093 1408 1133 non
1457 1077 1770 1147 possimus,
1810 1085 1872 1132 ut
1907 1077 1995 1131 hic

421 1175 791 1246 pmnitentiam
843 1173 1072 1244 quilibet
1123 1185 1283 1241 agere
1329 1170 1539 1240 possit;
1587 1169 1791 1224 idcirco
1823 1167 1996 1224 Ι)οωὶ-

419 1287 523 1326 nus
565 1280 768 1336 noster,
809 1268 965 1322 nobis
1011 1267 1101 1320 hic
1139 1263 1517 1334 paenitentiam
1549 1277 1657 1316 non
1686 1262 1992 1332 agentibus,

417 1366 577 1429 duos,
612 1373 669 1417 ut
713 1363 922 1417 dictum
953 1367 1055 1425 est,
1105 1359 1160 1412 in
1192 1357 1376 1412 futuro
1418 1355 1754 1426 poenitentia:
1799 1354 1992 1409 modos

418 1455 746 1524 procuravit.
800 1451 939 1507 Cum
985 1450 1110 1522 quis
1167 1449 1376 1504 scilicet
1431 1449 1575 1502 bona
1626 1443 1992 1500 indifferenter

415 1547 603 1616 egerit,
640 1547 754 1601 sive
797 1542 1172 1599 misericordia
1225 1551 1280 1597 ct
1328 1537 1809 1595 commiseratione
1847 1550 1991 1590 com-

2103 457 2252 493 σαντι
2303 441 2396 494 καὶ
2431 443 2816 511 μετανοήσαντι
2859 441 2957 492 οὑκ
2986 441 3351 511 ἀφεθήσεται·
3397 442 3530 495 ἀλλά
3573 446 3671 515 Τῷ

2100 531 2526 603 βλασφημοῦντι,
2557 533 2655 584 εἶτ’
2689 527 2780 584 οὖν
2813 531 3125 602 ὲπιμένοντι
3153 535 3218 603 τῇ
3255 532 3589 605 βλασφημίᾳ.
3608 536 3677 588 Ἡ

2097 623 2203 697 γὰρ
2235 625 2509 692 ἀξιόλογος
2543 624 2800 695 μετάνοια
2827 625 3004 678 πάντα
3031 623 3146 676 λύει
3183 625 3250 677 τά
3278 626 3672 698 ἁμαρτήματα.

2097 716 2208 786 (22)
2241 717 2314 769 Τὸ
2340 716 2397 769 δὲ
2429 717 2564 786 μήτε
2595 717 2830 770 ἐνταῦθα
2867 716 3121 785 ἀφίεσθαι
3153 717 3230 787 τῷ
3257 719 3337 780 εἰς
3359 719 3420 772 τὺ
3447 717 3676 789 Πνεῦμα

2096 807 2568 878 βλασφημήσαντι,
2608 810 2742 879 μήτε
2789 810 2847 863 ὲν
2891 808 2969 879 τῷ
3005 808 3271 878 μέλλοντι,
3297 810 3441 873 τινὲς
3483 810 3676 875 ἐξετά-

2096 897 2278 961 ζοντές
2309 917 2444 967 φασι
2469 900 2738 972 τέσσαρας
2770 897 2910 956 εἶναι
2941 903 3173 974 τρόπους
3194 903 3260 956 δι’
3289 897 3363 957 ὧν
3390 903 3677 974 συγχώρη-

2097 1009 2179 1054 σις
2212 993 2624 1063 ἁμαρτημάτων
2659 993 2866 1061 γίνεται
2889 1011 2902 1025 ο
2935 992 3028 1047 δύο
3070 991 3322 1058 ἐνταῦθα,
3357 995 3449 1047 καὶ
3489 994 3583 1047 δύο
3613 998 3675 1046 ὲν

2095 1084 2171 1155 τῷ
2207 1085 2702 1158 μέλλοντι.Ἐπειδὴ
2751 1087 2859 1158 γὰρ
2909 1088 3011 1139 οὐκ
3057 1086 3357 1155 ἐφικνεῖται
3397 1088 3430 1156 ή
3479 1087 3672 1156 μνήμη

2092 1177 2212 1230 ὅλου
2255 1177 2444 1248 χρόνου
2475 1177 2841 1249 μνημονεύειν
2881 1177 2948 1231 τά
2982 1177 3292 1247 σφάλματα,
3321 1177 3406 1230 ἴνα
3433 1177 3672 1232 ἐνταῦθα

2096 1272 2400 1344 μετανοήσῃ
2445 1274 2473 1324 ό
2516 1269 2818 1342 ἄνθρωπος,
2851 1269 3168 1339 ᾡκονόμησε
3197 1267 3592 1339 φιλανθρώπως
3642 1275 3672 1324 ὁ

2090 1362 2294 1435 Κύριος
2322 1361 2476 1432 ἡμῶν
2508 1363 2581 1433 μὴ
2609 1361 3009 1431 μετανοούντων
3031 1361 3266 1431 τρόπους
3300 1361 3586 1430 μετανοίας
3611 1363 3670 1412 ἐν

2094 1455 2192 1526 μὲν
2215 1453 2294 1525 τῷ
2326 1453 2590 1524 μέλλοντι,
2615 1453 2690 1517 ὡς
2720 1453 2957 1524 εἴρηται,
2989 1452 3112 1505 δύο·
3147 1453 3274 1505 ὅταν
3320 1469 3404 1516 τις
3443 1452 3670 1522 ἀδιαφό-

2094 1563 2200 1617 ρως
2241 1545 2675 1617 ἀγαθοεργήσας,
2707 1543 2816 1596 εῖτε
2850 1545 2929 1606 είς
2956 1539 3134 1596 οἶκτον
3173 1543 3272 1595 ικαὶ
3319 1542 3670 1613 συμπάθειαν

415 1648 596 1693 motus
641 1639 696 1692 in
745 1637 1074 1708 proximum,
1126 1635 1240 1689 sive
1270 1632 1476 1703 quaevis
1501 1631 1606 1685 alia
1633 1628 1989 1684 humanitatis

2090 1635 2226 1708 πρὸς
2249 1635 2338 1690 τὸν
2368 1636 2593 1706 πλησίον
2621 1634 2881 1706 κινηθεὶς,
2908 1635 2940 1704 ἢ
2971 1636 3070 1687 ὅσα
3094 1633 3229 1687 ἄλλα
3255 1633 3666 1706 φιλανθρωπίας

415 1729 592 1784 officia
644 1727 984 1798 praestiterit;
1031 1741 1094 1780 ea
1143 1739 1308 1796 porro
1340 1723 1391 1778 in
1425 1720 1612 1776 futuro
1643 1720 1878 1786 sreculo,
1907 1719 1988 1788 ju-

2088 1726 2320 1796 ἐχόμενα
2340 1744 2354 1759 ο
2390 1725 2564 1779 ταῦτα
2581 1727 2651 1778 ὲν
2675 1724 2751 1796 τῷ
2780 1725 3024 1795 μέλλοντι
3063 1725 3217 1778 αίῶνι
3247 1724 3388 1778 κατά
3416 1726 3506 1777 τὸν
3543 1743 3668 1777 και-

413 1823 540 1876 dicii
574 1833 832 1890 tempore,
858 1819 938 1890 ;in
983 1833 1146 1889 quam
1180 1815 1590 1886 propendebunt
1613 1821 1819 1882 partem
1841 1851 1855 1878 ,
1890 1825 1985 1864 ve-

415 1914 558 1967 niam
591 1917 1013 1981 consequentur.
1057 1907 1121 1962 Et
1155 1908 1245 1962 hic
1268 1906 1485 1976 quidem
1525 1905 1735 1974 primus
1761 1912 1844 1958 est
1869 1918 1984 1956 mo-

413 2006 516 2057 dus
548 2021 558 2055 :
587 2001 860 2055 secundus
889 2014 1017 2053 vero
1048 1998 1094 2053 is
1132 2008 1237 2063 est,
1271 2011 1394 2051 cum
1434 1995 1560 2065 quis
1595 1994 1829 2064 peccatis
1854 2007 1980 2048 con-

415 2093 636 2146 strictus
656 2133 670 2156 ,
703 2091 888 2144 audita
916 2087 1130 2144 Domini
1159 2102 1290 2142 voce
1327 2085 1559 2141 dicentis
1591 2101 1605 2137 :
1643 2082 1822 2137 Nolite
1840 2083 1983 2152 judi-

413 2201 553 2249 care,
573 2193 628 2237 ut
647 2199 749 2236 non
766 2181 1105 2250 judicemini,
1138 2179 1205 2234 de
1231 2179 1450 2234 nemine
1474 2176 1742 2248 judicare,
1774 2176 1983 2231 exami-

414 2289 541 2335 nato
566 2282 687 2334 vitae
713 2279 983 2341 instituto,
1031 2293 1232 2344 ausus;
1266 2282 1454 2345 utpote
1495 2275 1670 2328 cultor
1706 2269 1980 2342 praecepti,

415 2388 588 2443 neque
620 2373 735 2442 ipse
762 2371 1059 2440 iudicatur.
1089 2367 1279 2438 Neque
1306 2367 1452 2422 enim
1484 2365 1728 2420 mandati
1760 2364 1844 2420 sui
1879 2363 1982 2416 im-

412 2479 621 2518 memor
665 2475 748 2519 est
794 2463 884 2517 ille
927 2460 1331 2516 veracissimus.
1379 2457 1601 2512 Duobus
1648 2463 1828 2511 autem
1861 2453 1982 2508 aliis

413 2555 591 2608 modis
623 2555 712 2608 hic
740 2553 899 2607 venia
926 2552 1235 2617 obtinetur;
1265 2565 1386 2604 cum
1411 2548 1535 2618 quis
1559 2546 1817 2601 nimirum
1850 2557 1978 2613 pec-

409 2645 546 2699 eatis
569 2644 860 2708 obnoxius,
895 2641 1076 2697 divina
1101 2639 1452 2710 dispensante
1478 2635 1846 2711 providentia,
1877 2633 1980 2687 mi-

411 2736 590 2802 seriis,
617 2735 878 2790 aerumnis
913 2733 1225 2803 morbisque
1253 2729 1532 2800 afﬂigitur.
1557 2726 1717 2782 Modo
1744 2740 1981 2795 namque

408 2826 515 2885 sibi
545 2826 747 2896 ignoto,
784 2825 869 2880 his
897 2839 929 2879 a
968 2822 1079 2878 Deo
1115 2831 1398 2892 purgatur.
1440 2819 1508 2873 Et
1539 2819 1584 2874 si
1613 2817 1832 2890 quidem
1865 2826 1981 2871 ten-

405 2928 554 2973 iatus
585 2915 786 2986 gratias
821 2921 980 2984 agat,
1020 2911 1328 2968 mercedem
1371 2908 1444 2965 ob
1474 2910 1773 2979 gratiarum
1809 2904 1981 2961 actio-

407 3024 532 3062 nem
579 3008 808 3077 accipit;
855 3008 935 3061 sin
977 3022 1035 3061 se
1066 3006 1334 3076 ingratum
1371 3001 1641 3072 praebeat,
1683 2999 1752 3056 de
1783 2997 1976 3053 iisdem

409 3101 644 3168 peccatis
667 3114 897 3168 quorum
924 3113 1084 3154 causa
1102 3095 1419 3166 corripitur,
1446 3094 1644 3148 iterum
1666 3090 1976 3162 iudicatur:

408 3204 739 3259 .nsuperque
768 3189 975 3244 debitas
1020 3190 1231 3260 ingrato
1270 3188 1454 3242 animo
1496 3201 1685 3256 pmnas
1715 3185 1864 3239 luere
1887 3198 1980 3238 co-

407 3279 569 3349 gitur.
605 3280 768 3350 Igitur
817 3289 1034 3348 peccata
1075 3281 1130 3332 in
1185 3278 1436 3332 homines
1483 3277 1744 3342 admissa,
1793 3274 1979 3328 multis

406 3380 636 3436 possunt
673 3369 978 3424 rationibus
1009 3368 1308 3424 condonari
1339 3385 1351 3422 :
1381 3382 1508 3420 nam
1552 3367 1600 3420 si
1646 3366 1770 3436 quis
1797 3365 1850 3418 in
1878 3365 1980 3419 ho-

407 3459 608 3513 minem
650 3474 906 3531 peccans,
939 3460 1004 3515 de
1040 3460 1150 3513 alio
1187 3457 1404 3513 homine
1439 3458 1575 3512 bene
1605 3465 1895 3521 mereatur,
1929 3455 1977 3511 is

404 3565 568 3625 quam
602 3552 654 3604 in
681 3561 930 3608 naturam
958 3551 1200 3624 peccavit
1229 3553 1408 3608 eidem
1442 3560 1654 3606 naturae
1687 3548 1972 3606 satisfecit.

406 3644 512 3700 Sed
557 3644 892 3716 blasphemia
937 3646 989 3700 in
1048 3644 1313 3714 Spiritum
1367 3644 1513 3714 (quae
1547 3641 1836 3698 inﬁdelitas
1867 3650 1972 3702 est.

405 3735 606 3789 nullam
627 3774 643 3800 ,
688 3736 794 3791 nisi
825 3737 947 3806 quis
987 3734 1160 3790 ﬁdelis
1193 3734 1486 3799 efﬁciatur,
1515 3733 1731 3788 veniam
1775 3733 1974 3788 admit-

404 3825 566 3899 tens),
610 3837 797 3897 utpote
839 3828 1130 3898 impietatis
1177 3836 1232 3884 et
1283 3825 1619 3881 inﬁdelitatis
1662 3833 1972 3895 peccatum,

405 3931 578 3987 aeque
610 3919 666 3972 iu
702 3919 838 3987 hoc,
876 3934 1050 3990 neque
1076 3921 1130 3973 in
1172 3918 1366 3974 afuturo
1402 3917 1606 3973 saeculo
1644 3917 1968 3974 dimittetur.

841 4011 1120 4065 Athanasii
1153 4010 1528 4076 Alexandrini,

989 4103 1063 4159 De
1103 4104 1377 4160 lunaticis.

473 4193 711 4258 Domine,
746 4212 987 4251 miserere
1015 4195 1127 4265 ﬁlio
1159 4213 1270 4251 meo
1289 4238 1305 4264 ,
1335 4200 1460 4269 quia
1489 4199 1754 4254 lunattcus
1789 4205 1887 4264 est,
1919 4205 1970 4253 et

401 4289 537 4339 male
569 4289 852 4356 patitur".
901 4286 1199 4354 Lunaticis,
1233 4304 1344 4344 non
1390 4290 1520 4345 luna
1552 4291 1777 4344 insaniae
1798 4304 1970 4344 causa

400 4382 484 4428 est
502 4413 526 4465 ,_
560 4391 736 4445 neque
768 4378 912 4432 enim
944 4379 1073 4433 luna
1115 4379 1182 4434 ad
1225 4380 1430 4434 malum
1463 4390 1518 4436 et
1546 4381 1804 4436 damnum
1831 4377 1970 4434 infe-
2001 4410 2044 4465 Β

401 4463 629 4518 rendum
663 4465 980 4524 hominibus
1001 4479 1185 4524 creata
1207 4478 1325 4534 est,
1351 4472 1443 4526 sed
1485 4471 1552 4526 ad
1603 4470 1964 4526 ministerium

400 4555 620 4642 optimis
657 4557 990 4629 milibusque
1024 4561 1185 4625 rebus
1225 4564 1598 4632 praebendum.
1637 4563 1775 4618 Cum
1818 4563 1964 4617 enim

397 4663 464 4701 ex
487 4657 681 4703 natura
717 4663 815 4704 sua
842 4650 1062 4706 humida
1098 4655 1192 4718 sit,
1223 4654 1614 4710 suavissimum
1642 4654 1965 4724 corporibus

399 4757 655 4796 somnum
687 4753 964 4813 procurat,
1011 4747 1191 4802 noctis
1235 4747 1510 4813 tenebras,
1555 4747 1740 4802 colore
1785 4747 1964 4802 lacteo

397 4842 612 4898 ornata,
638 4831 944 4900 demulcet;
982 4837 1153 4892 solem
1177 4853 1304 4893 vero
1325 4839 1420 4908 qui
1445 4839 1967 4909 siccus-calidusque

397 4931 500 4988 est,
530 4938 685 4994 aequa
711 4925 864 4982 lance
887 4937 1172 5000 temperat,
1205 4939 1365 5001 atque
1394 4931 1624 4986 humore
1647 4929 1966 5001 frigiditate-

397 5027 504 5080 que
541 5028 641 5069 sua
682 5015 898 5086 plantas
933 5034 1146 5088 omnes,
1194 5030 1369 5091 prata,
1429 5021 1651 5088 herbas,
1703 5023 1870 5090 olera,
1906 5029 1966 5076 ut

397 5112 572 5158 mater
588 5121 714 5160 vera
737 5108 793 5161 in
817 5109 958 5166 ulnis
979 5113 1254 5184 accipiens
1273 5155 1288 5180 ,
1319 5114 1484 5182 fovet,
1513 5127 1566 5173 et
1587 5118 1858 5172 virescere
1882 5114 1965 5169 fa-

395 5193 500 5261 cit;
519 5195 592 5250 ita
605 5205 663 5250 ut
679 5198 781 5252 sub
798 5214 1010 5256 aurorae
1025 5208 1428 5275 crepusculum,
1446 5207 1632 5262 videre
1649 5207 1722 5262 sit
1737 5206 1963 5261 arbores

395 5287 578 5343 densis
613 5289 897 5349 frondibus
926 5309 1170 5364 ornatas,
1201 5308 1354 5368 prata
1394 5300 1448 5352 in
1479 5298 1706 5354 summis
1733 5297 1958 5355 ﬂoribus
1989 5360 1999 5364 _

462 5421 503 5451 ³⁷
540 5420 736 5480 Matth.
770 5441 882 5481 xvii

466 5555 582 5625 (2'2)
616 5558 739 5615 llam
772 5563 838 5635 ad
863 5564 1024 5635 finem
1051 5581 1243 5635 usque,
1273 5582 1393 5634 quae
1412 5569 1466 5621 in
1493 5568 1652 5626 editis
1683 5570 1958 5626 desrdera-

397 5624 628 5694 bantur,
680 5640 732 5683 et
777 5634 830 5686 in
875 5634 1110 5691 editione
1136 5624 1644 5711 Athanasiinostra
1665 5624 1953 5710 separatim

2091 1816 2179 1886 ρον
2209 1818 2309 1887 τῆς
2337 1817 2573 1887 κρίσεως
2616 1816 3112 1886 ζυγοστατούμενα,
3135 1816 3225 1885 ἐφ’
3254 1815 3289 1869 ἃ
3335 1816 3434 1886 τὴν
3489 1816 3666 1887 ῥοπὴν

2087 1907 2214 1976 ἔχει,
2248 1907 2588 1978 συγχώρησις
2605 1907 2832 1976 γίνεται.
2856 1908 2964 1959 Καὶ
2991 1900 3144 1970 οὗτος
3169 1906 3264 1976 μὲν
3289 1907 3318 1958 ό
3341 1900 3421 1968 εἷς
3440 1906 3663 1976 τρόποςο

2083 1998 2330 2070 δεύτερος
2361 1998 2417 2050 δὲ
2449 1992 2602 2062 οὗτος
2623 2016 2634 2029 ·
2660 1999 2788 2052 ὅταν
2817 2001 2937 2062 ταῖς
2966 1997 3258 2068 ἁμαρτίαις
3286 1998 3661 2068 συνεχόμενος,

2083 2092 2292 2145 ἀκούων
2325 2091 2382 2144 δὲ
2419 2091 2514 2145 τοῦ
2553 2092 2758 2163 Κυρίου
2806 2091 3088 2160 λέγοντος·
3129 2090 3225 2157 Μὴ
3271 2091 3530 2158 κρίνετε,
3561 2093 3663 2144 ἵνα

2072 2185 2163 2253 ,μὴ
2194 2183 2449 2252 κριθῆτε,
2478 2184 2807 2255 φοϐούμενος
2829 2185 3016 2238 οὐδένα
3043 2183 3219 2255 κρίνει
3245 2183 3304 2235 ἐν
3324 2186 3390 2254 τῇ
3415 2183 3661 2248 ἐξετάσει

2083 2277 2190 2330 τῶν
2219 2275 2564 2347 βεϐιωμένων
2589 2294 2602 2307 ο
2627 2277 2714 2339 ὼς
2743 2275 2915 2344 φύλαξ
2943 2276 3044 2345 τῆς
3072 2275 3288 2346 ἐντολῆς
3307 2277 3368 2328 οὑ
3395 2277 3661 2346 κρίνεται.

2082 2369 2190 2439 Τῆς
2220 2367 2328 2439 γὰρ
2355 2368 2548 2421 ἑαυτοῦ
2569 2370 2791 2440 ἐντολῆς
2815 2370 2915 2422 οὐκ
2935 2368 3252 2438 ἐπιλήσμων
3277 2370 3304 2420 ό
3332 2367 3663 2436 ἀψευδέστα-

2082 2477 2191 2524 τος.
2221 2461 2287 2512 Οί
2316 2460 2372 2513 δὲ
2399 2462 2573 2532 ἕτεροι
2607 2461 2698 2514 δύο
2721 2462 2910 2532 τρόποι
2938 2460 3167 2514 ἐνταῦθα
3189 2459 3284 2531 τὴν
3315 2459 3660 2532 συγχώρησιν

2084 2550 2295 2621 ἔχουσιν
2316 2567 2328 2580 ·
2363 2554 2491 2607 ὅταν
2524 2569 2626 2615 τις,
2662 2554 2718 2604 ἐν
2754 2550 3170 2622 ἁμαρτίαις-ὣν,
3203 2553 3568 2621 οἰκονομεῖται
3597 2554 3659 2603 ἐκ

2081 2643 2181 2714 τῆς
2211 2643 2464 2714 προνοίας
2502 2645 2558 2696 ἐν
2601 2645 2926 2714 συμφοραῖς,
2950 2644 3008 2696 ὲν
3037 2642 3320 2710 ἀνάγκαις,
3354 2645 3413 2695 ὲν
3444 2644 3655 2706 νόσοις·

2081 2735 2155 2798 ὡς
2188 2736 2288 2788 οὐκ
2331 2731 2438 2788 οἶδε
2480 2734 2588 2807 γὰρ
2615 2734 2702 2788 διὰ
2730 2734 2839 2787 τῶν
2867 2735 3126 2788 τοιούτων
3155 2734 3406 2806 καθαίρει
3440 2737 3605 2789 αὑτὸν
3631 2738 3661 2789 ό

2082 2825 2230 2889 Θεός.
2263 2827 2372 2880 Καὶ
2404 2828 2452 2878 εί
2494 2826 2593 2897 μὲν
2627 2827 2938 2897 εὐχαριστεῖ
2978 2826 3387 2896 πειραζόμενος,
3429 2827 3526 2879 τὸν
3571 2828 3660 2880 ἐπὶ

2081 2919 2147 2988 τῇ
2175 2917 2494 2987 εὐχαριστίᾳ
2524 2916 2712 2987 μισθὸν
2737 2916 2999 2988 λαμόάνει
3021 2932 3033 2947 ’
3079 2917 3126 2969 εί
3154 2917 3211 2969 δὲ
3247 2917 3557 2987 ἀχαριστεῖ,
3593 2916 3658 2968 δι’

2081 3008 2146 3072 ἃς
2177 3009 2274 3079 μὲν
2308 3008 2582 3080 ἁμαρτίας
2609 3008 2944 3082 παιδεύεται,
2975 3010 3039 3062 ὲκ
3060 3007 3166 3061 τῶν
3195 3007 3453 3062 τοιούτων
3479 3007 3661 3079 κρίνε-

2078 3122 2200 3158 ται·
2244 3105 2342 3176 τὴν
2371 3106 2427 3159 δὲ
2457 3105 2597 3176 ὑπὲρ
2634 3105 2736 3175 τῆς
2777 3105 3097 3176 ἀχαριστίας
3124 3103 3509 3175 εἰσπράττεται
3542 3119 3658 3156 mt-

2080 3199 2195 3268 νήν.
2214 3197 2365 3250 Ἐπεὶ
2402 3192 2493 3251 οὖν
2536 3197 2693 3251 ἅτινα
2734 3199 2814 3260 είς
2850 3195 3166 3266 ἀνθρώπους
3206 3209 3289 3259 τις
3327 3194 3655 3265 ἁμαρτάνει,

2079 3283 2278 3348 πολλὰς
2329 3283 2440 3355 ἔχει
2493 3285 2793 3355 προφάσεις
2849 3285 3280 3355 συγχωρήσεων·
3323 3284 3654 3355 ἁμαρτάνων

2078 3371 2186 3443 γάρ
2212 3389 2296 3435 τις
2336 3375 2415 3436 είς
2461 3373 2764 3443 ἄνθρωπον,
2800 3373 2956 3426 ἄλλον
2979 3373 3034 3424 δὲ
3061 3373 3343 3444 ἄνθρωπον
3371 3370 3432 3427 εὖ
3466 3374 3653 3434 ποιῶν.

2078 3465 2158 3526 είς
2190 3466 2256 3535 ἢν
2297 3463 2455 3533 φύσιν
2495 3466 2761 3535 ἥμαρτεν,
2795 3466 2930 3536 αὐτῇ
2960 3465 3054 3517 καὶ
3085 3464 3488 3536 ἀπελογήσατο.
3504 3467 3570 3519 Ἠ
3600 3466 3654 3517 δὲ

2076 3555 2156 3618 είς
2181 3555 2242 3607 τὸ
2261 3554 2483 3625 Πνεῦμα
2509 3554 2823 3626 βλασφημία
2848 3555 2984 3626 (ἐστι
3004 3555 3062 3608 δὲ
3083 3556 3331 3620 ἀπιστία,
3359 3555 3435 3627 μὴ
3459 3556 3656 3626 ἔχουσα

2076 3646 2268 3718 ἑτέραν
2309 3647 2581 3718 πρόφασιν
2636 3649 3054 3718 συγχωρήσεως,
3099 3649 3148 3699 εί
3193 3647 3267 3718 μὴ
3303 3647 3365 3700 τὸ
3398 3647 3652 3716 γενέσθαι

2075 3739 2309 3809 πιστὸν),
2336 3738 2458 3792 οὔτε
2484 3740 2718 3794 ἐνταῦθα
2755 3739 2879 3794 οὔτε
2912 3742 2970 3794 ὲν
3000 3739 3078 3810 τῷ
3113 3739 3355 3812 μέλλοντι
3384 3740 3650 3808 ἀφεθήσεο

2075 3849 2164 3887 ται
2191 3831 2288 3904 τῆς
2317 3831 2502 3897 ἀθεῖας
2533 3833 2626 3886 καὶ
2655 3833 2910 3896 ἀπιστίας
2935 3833 2969 3903 ὴ
3001 3831 3264 3902 ἁμαρτία.

2436 4023 2779 4077 Ἄθανασίου
2814 4020 3256 4091 Ἀλεξανδρείας
3278 4060 3292 4084 ,

2465 4114 2600 4184 Περὶ
2630 4112 3092 4185 σεληνιαζομένων
3120 4112 3254 4182 (25).

2141 4200 2339 4271 Κύριε,
2360 4202 2619 4272 ἐλέησόν
2631 4222 2752 4274 μου
2773 4205 2878 4258 τὸν
2896 4203 3050 4270 υἱὸν,
3083 4201 3172 4256 ὅτι
3209 4199 3643 4269 σεληνιάζεται,

2070 4295 2171 4348 καὶ
2214 4295 2408 4362 κακῶς
2434 4294 2676 4365 πάσχει.
2709 4298 2771 4350 Οἱ
2803 4295 3259 4367 σεληνιαζόμενοι,
3297 4294 3397 4364 οὑχ
3440 4294 3519 4357 ὡς
3550 4288 3648 4364 τῆς

2069 4386 2298 4458 σελήνης
2329 4387 2623 4458 παραιτίας
2664 4388 2953 4459 γινομένης
2985 4387 3084 4458 τῆς
3121 4385 3298 4439 αὐτῶν
3345 4385 3644 4460 φρενοϐλα-

2073 4478 2255 4542 ϐείαςο
2285 4478 2409 4531 οὔτε
2441 4480 2547 4550 μὴν
2572 4481 2605 4548 ὴ
2640 4480 2834 4550 σελήνη
2866 4477 3086 4549 ἐκτίσθη
3116 4479 3198 4539 εἰς
3236 4476 3577 4542 κακοποιίαν,
3611 4476 3642 4542 ἢ

2075 4568 2209 4639 πρὸς
2252 4568 2454 4638 βλάϐην
2481 4569 2581 4639 τῆς
2611 4568 2959 4641 ἀνθρωπίνης
2990 4567 3222 4636 φύσεως,
3259 4565 3376 4621 ἀλλ’
3404 4568 3486 4630 είς
3526 4582 3646 4617 συν-

2071 4661 2259 4733 εργίαν
2291 4660 2472 4714 καλῶν
2519 4662 2613 4714 καὶ
2658 4661 2947 4731 ὠφελίμων
2975 4659 3333 4732 πραγμάτων.
3364 4654 3516 4712 Οὗσα
3539 4658 3644 4728 γάρ

2071 4751 2213 4805 κατά
2259 4750 2419 4821 φύσιν
2457 4751 2620 4822 ὑγρὰ,
2659 4754 2769 4815 τοῖς
2820 4750 3034 4822 σώμασι
3076 4751 3169 4804 τὸν
3221 4750 3437 4821 ἥδιστον
3481 4749 3644 4803 ὕπνον

2067 4841 2336 4914 προξενεῖ,
2355 4843 2452 4913 τῆς
2471 4843 2529 4896 δὲ
2543 4844 2735 4905 νυκτὸς
2757 4843 2818 4896 τὸ
2847 4843 3036 4906 σκότος
3059 4842 3488 4914 παραμυθεῖται,
3513 4837 3646 4894 οὖσα

2065 4936 2451 5006 γαλακτοφαής
2469 4952 2484 4966 ·
2513 4935 2591 5006 τῷ
2612 4935 2668 4987 δὲ
2692 4934 2840 5006 ξηρῷ
2868 4935 2961 4988 καὶ
2984 4933 3062 5005 τῷ
3079 4934 3265 5008 θερμῷ
3287 4933 3363 5005 τῷ
3389 4934 3525 5005 ἡλίῳ
3551 4936 3648 4986 ἀν-

2065 5027 2544 5092 τιταλαντεύουσα,
2565 5029 2632 5097 τῇ
2663 5027 2919 5098 ὑγρότητι
2941 5028 3035 5080 καὶ
3058 5029 3124 5098 τῇ
3149 5026 3356 5098 ψυχρίᾳ
3373 5027 3552 5079 πάντα
3577 5026 3649 5078 τά

2068 5121 2211 5192 φυτά
2239 5122 2334 5174 καὶ
2352 5121 2477 5184 τοὺς
2491 5117 2782 5189 λειμῶνας,
2800 5119 2893 5174 καὶ
2913 5120 3092 5173 πᾶσαν
3115 5119 3250 5173 πόαν
3273 5119 3367 5172 καὶ
3389 5117 3642 5189 βοτάνην,

2066 5213 2142 5277 ὡς
2165 5215 2346 5284 μήτηρ
2366 5209 2563 5282 γνησία
2586 5209 2674 5263 διὰ
2695 5211 2794 5282 τῆς
2811 5210 3002 5275 νυκτὸς
3017 5210 3498 5282 ὲναγκαλιζομένη,
3515 5212 3647 5264 ἀνα-

2068 5302 2314 5373 ζωπυρεῖ
2338 5303 2430 5357 καὶ
2459 5301 2747 5356 ἀναϐάλλει
2769 5320 2782 5334 ·
2807 5300 2946 5356 ὥστε
2972 5301 3077 5356 ὑπὸ
3090 5301 3190 5357 sitv
3203 5303 3278 5355 ἕω
3295 5302 3522 5373 ὁρᾶσθαι
3548 5305 3641 5355 καὶ

2062 5583 2379 5648 ponantur.
2427 5590 2554 5645 pas-
2609 5574 2776 5648 me.
2821 5575 3082 5648 exiens-
3138 5575 3610 5648 ωυιιιειίξιιηιξιβς

2140 5645 2258 5717 (25)
2299 5643 2521 5702 llaec‘ex‘
2542 5646 2660 5703 cod.
2702 5644 2834 5715 Reg.
2869 5644 3027 5714 1995,
3069 5646 3363 5719 x_saeculi,
3391 5644 3483 5701 fol.
3511 5646 3641 5702 523.
