3990 6208
327 236 349 289 l
361 233 463 290 583

1559 232 1980 289 FRAGMENTA
2025 233 2090 323 liti
2128 231 2386 289 LUCASI.

3447 233 3463 287 l
3476 233 3581 288 390

320 350 392 406 τά
405 348 595 421 δένδρα
611 350 722 412 τοῖς
743 348 961 420 φύλλοις
979 348 1400 421 πεπυκνωμὲνα,
1423 349 1548 412 τοὺς
1562 348 1619 402 δὲ
1633 347 1895 419 λειμῶνας

2009 348 2133 410 mel,
2159 364 2296 418 opus
2325 346 2607 418 prudentis
2632 346 2979 418 impigraeque
3002 349 3142 416 apis,
3168 346 3450 416 gestantia,
3476 345 3581 405 foe-

325 440 686 513 βαστάζοντας
720 441 975 514 ὑπεράνω
999 440 1107 494 τῶν
1147 439 1323 495 ἀνθῶν
1361 440 1423 493 τὸ
1455 440 1578 512 μέλι
1606 441 1703 510 τῆς
1736 442 1905 510 ἔργα·

326 534 446 596 σίας
491 532 590 602 τῆς
634 533 802 605 σοφῆς
846 532 940 586 καὶ
983 532 1179 586 άὸκνου
1225 532 1503 604 μελίσσης,
1536 531 1635 604 τὴν
1678 532 1737 587 δὲ
1768 532 1904 585 πόαν

323 624 739 696 ἀγλαῖζομένην,
783 626 964 679 πᾶσαν
1008 624 1064 679 δὲ
1113 624 1340 695 βοτάνην
1383 625 1694 696 ηὐξημένην
1738 624 1906 698 ἱλαρῷ

323 714 792 787 προσώπῳ.”Οθεν
824 717 916 771 xui.
953 717 1335 788 γαλακτοφαής
1363 719 1530 781 ἐστιν,
1565 717 1666 781 ὃτι,
1695 717 1771 781 ὡς
1803 719 1906 789 μή·

321 823 425 879 τηρ
471 806 548 879 τῷ
579 807 810 877 γάλακτι
840 809 1030 880 τρέφει
1074 808 1136 863 τὸ
1182 810 1394 880 νήπιον,
1440 807 1581 862 οὕτω
1624 808 1719 862 καὶ
1765 808 1903 880 αὕτη

318 900 385 968 τῆ
420 899 635 971 πιότητι
679 900 772 954 καὶ
803 902 870 971 τῇ
919 899 1096 972 δρόσῳ
1138 898 1429 972 μεγαλύνει
1479 899 1547 952 τὰ
1590 898 1900 970 σύμπαντα.

319 985 470 1043 Οὗσα
497 989 555 1043 δὲ
591 992 647 1043 ὲν
673 990 751 1061 τῷ
789 990 1021 1063 οὐρανῷ,
1058 992 1312 1063 σημαίνει
1355 989 1616 1045 ἐνιαυτῶν
1649 990 1902 1057 κύκλους,

320 1080 509 1150 μηνῶν
541 1081 934 1153 ὲκπληρὼσεις,
968 1083 1175 1153 καιρῶν
1201 1084 1295 1137 καὶ
1329 1082 1536 1157 χρόνων
1563 1084 1790 1156 τροπὰς,
1814 1085 1903 1138 τὸν

315 1174 670 1245 προσήκοντα
695 1175 885 1246 καιρὸν
918 1174 1011 1229 τοῦ
1042 1170 1296 1248 ἀληθινοῦ
1326 1176 1420 1229 καὶ
1450 1175 1664 1247 βεϐαίου
1688 1176 1899 1248 Πάσχα,

312 1264 583 1336 λεγούσης
608 1264 711 1335 τῆς
743 1266 960 1336 Σοφίας,
1014 1266 1149 1323 Ἀπὸ
1199 1267 1471 1337 σελήνης
1496 1268 1750 1337 σημεῖον
1775 1268 1903 1339 ἐορ-

311 1357 460 1425 τῆς⁶
508 1359 604 1413 καὶ
644 1360 726 1412 ὅτι
771 1360 996 1431 φωστὴρ
1042 1358 1362 1431 μειούμενος
1405 1360 1500 1413 καὶ
1548 1359 1900 1431 αύξούμενος,

303 1449 440 1521 μὴν
481 1450 544 1505 τὸ
578 1451 746 1522 ὄνομα
766 1450 931 1504 αὐτοῦ
960 1451 1228 1520 ἐστιν.,Ἠ
1265 1450 1446 1519 βίϐλος
1486 1451 1586 1523 τῆς
1633 1452 1901 1517 Γενέσεως

307 1540 459 1595 οὕτω
495 1543 785 1613 διηγεῖται·
833 1543 943 1598 Καὶ
969 1539 1135 1597 εἶπεν
1160 1545 1193 1596 ὀ
1223 1544 1396 1610 Θεός’
1432 1543 1751 1612 Γενηθήτω
1775 1542 1900 1613 φῶς

305 1634 380 1689 ἐν
404 1633 491 1701 τῷ
515 1634 872 1706 στερεώματι
914 1636 1021 1690 τοῦ
1065 1634 1346 1705 οὐρανοῦ,
1395 1639 1482 1703 εἰς
1527 1636 1757 1707 φαῦσιν
1796 1636 1895 1690 ἐπὶ

305 1726 422 1795 τῆς
469 1725 597 1798 γῆς,
640 1727 738 1781 καὶ
779 1727 934 1796 ἀρχὴ
968 1724 1075 1795 τῆς
1120 1727 1344 1796 ἡμέρας
1374 1728 1471 1781 καὶ
1504 1726 1614 1795 τῆς
1642 1730 1895 1794 νυκτός·

303 1817 407 1872 καὶ
442 1816 600 1871 ἔστω
627 1820 713 1884 εὶς
736 1817 955 1886 σημεῖα
994 1817 1092 1871 καί
1126 1814 1213 1883 είς
1240 1816 1486 1885 καιροὺς
1511 1818 1607 1871 καὶ
1641 1820 1724 1885 εἰς
1758 1816 1899 1887 ὴμέ-

296 1925 414 1977 ρας
464 1907 561 1961 καὶ
593 1911 681 1974 εὶς
721 1908 1032 1973 ἐνιαυτούς
1055 1923 1069 1938 ο
1101 1907 1199 1961 καὶ
1238 1909 1518 1962 ἔστωσαν
1555 1909 1642 1974 εὶς
1669 1909 1900 1976 semivir

298 2000 371 2053 ἐν
401 1997 494 2064 τῷ
529 2001 884 2069 στερεώματι
914 1998 1021 2053 τοῦ
1067 1998 1345 2067 οὐρανοῦ,
1385 1999 1622 2069 φαίνειν
1662 1998 1760 2052 ἐπὶ
1788 1997 1899 2067 τῆς

296 2090 445 2161 γῆς.
487 2090 671 2146 Πάντα
712 2090 769 2144 δὲ
821 2090 997 2144 ταῦτα
1039 2089 1391 2162 ἠναγκάσθην
1436 2090 1787 2162 παραγνῶναι
1830 2093 1896 2161 τῇ

296 2183 440 2238 εύλα
451 2182 576 2255 ϐεία
614 2182 766 2255 ὑμῶν
786 2223 802 2248 ,
835 2184 924 2237 ἵνα
950 2182 1108 2249 δείξω
1136 2182 1194 2249 ὲξ
1225 2180 1401 2237 αὐτῶν
1424 2182 1532 2236 τῶν
1561 2183 1899 2254 πραγμάτων

291 2278 390 2330 καὶ
420 2275 548 2329 τῶν
580 2275 949 2329 θεοπνεύστων
991 2274 1225 2347 Γραφῶν
1269 2274 1343 2347 μὴ
1376 2271 1514 2330 εἶναι
1539 2276 1637 2346 τὴν
1672 2277 1898 2348 σελήνην

291 2370 498 2423 αίτίιιν
546 2368 1003 2441 φρενοϐλαϐείας,
1055 2368 1191 2423 ἀλλὰ
1232 2370 1322 2422 τδν
1369 2371 1747 2441 κακομηχάνον
1805 2371 1897 2425 καὶ

287 2461 487 2515 δόλιον
516 2459 779 2515 διάϐολον.
809 2451 979 2524 Οὗτος
1007 2460 1115 2533 γὰρ
1146 2460 1381 2532 ὑπάρχει
1410 2460 1466 2513 ἐν
1503 2465 1692 2526 κακοῖς
1724 2463 1899 2533 τεχνί-

285 2569 463 2613 ταις-
510 2551 585 2624 μὴ
614 2550 904 2623 δυνάμενος
930 2551 1102 2616 ἄλλως
1130 2569 1247 2617 πως
1276 2552 1346 2606 τὰ
1378 2552 1653 2623 κτίσματα
1684 2553 1897 2607 ἐκθειά-

288 2644 532 2709 σασθαι,
564 2643 597 2710 ἦ
628 2643 1039 2713 καταναγκάσαι
1072 2645 1197 2708 τοὺς
1234 2642 1556 2716 ἀνθρώπους
1586 2647 1667 2709 είς
1697 2643 1794 2716 τὴν
1819 2646 1896 2698 εί·-

292 2732 653 2800 δωλοποιίαν,
683 2735 934 2806 ἐπιτηρεῖ
959 2733 1058 2807 τὴν
1095 2734 1383 2805 νεομηνίαν
1428 2735 1527 2806 τῆς
1561 2736 1822 2807 σελήνης,
1858 2732 1892 2808 ἦ

295 2826 431 2878 ὅταν
461 2824 566 2898 ἔχῃ
597 2830 660 2889 ε’,
686 2825 780 2878 καὶ
804 2825 927 2879 τότε
970 2828 1115 2879 ποιεῖ
1143 2824 1234 2879 τὸν
1265 2826 1622 2898 ἐπιληπτικὺν
1648 2827 1891 2899 κράζειν,

292 2914 579 2986 ἀφρίζειν,
608 2916 819 2987 βάλλειν
850 2917 1042 2972 ἑαυτὸν
1084 2916 1227 2973 κατὰ
1269 2918 1521 2992 πυρὸς,ῆ
1557 2917 1768 2986 ὓδατος,
1806 2920 1893 2974 ἴνα

290 3009 347 3062 oi
377 3008 710 3080 γεννήτορες
753 3008 940 3076 αὐτοῦ,
981 3010 1014 3082 ἢ
1057 3010 1107 3063 oi.
1135 3008 1389 3080 ἀδελφοὶ,
1419 3009 1451 3081 ἢ
1490 3011 1537 3062 oi
1572 3014 1891 3081 προσγενεῖς
1916 3041 1960 3100 c

291 3098 829 3171 άναγκασθήσωνται
862 3104 929 3173 τῇ
965 3102 1162 3176 σελήνῃ
1197 3102 1602 3174 προσκυνῆσαι,
1631 3102 1889 3174 νομίσανο

288 3209 411 3257 τες,
439 3193 526 3247 ὅτι
549 3190 685 3264 αὓτη
714 3193 929 3265 ἔπεμψε
953 3194 1043 3248 τὸν
1067 3194 1297 3265 δαίμονα
1317 3193 1394 3265 τῷ
1420 3194 1709 3265 νεανίσκῳ.
1727 3195 1888 3249 Ὅθεν

287 3285 391 3340 καὶ
412 3287 465 3339 oi
484 3283 745 3356 Ἕλληνες
772 3283 1089 3355 βασίλισσαν
1111 3284 1281 3356 αὐτὴν
1302 3286 1765 3357 προσαγορεύουσι
1790 3284 1883 3339 τοῦ

285 3374 557 3447 ούρανοῦ,
584 3369 749 3429 οὖσαν
786 3375 998 3431 δουλίδα
1029 3379 1131 3448 τῆς
1175 3375 1399 3441 νυκτὸς,
1429 3377 1522 3430 καὶ
1551 3376 1886 3449 ύπηρὲτριαν

285 3467 395 3538 τῆς
428 3466 779 3537 ἀνθρωπίνης
809 3466 1055 3535 φύσεως·
1088 3468 1149 3521 ού
1185 3469 1366 3538 μέντοι
1400 3466 1690 3520 δέσποιναν
1718 3466 1752 3537 ἦ
1782 3467 1884 3538 ἄρ-

283 3572 526 3627 χουσαν.
569 3556 665 3609 Διὰ
710 3555 868 3609 τοῦτο
905 3557 999 3610 καὶ
1033 3556 1240 3628 Ἰησοῦς
1278 3558 1307 3610 ὁ
1335 3556 1578 3629 διάδοχος
1608 3558 1888 3622 Μωῦσέως

283 3646 591 3701 ἐκέλευσεν
618 3646 801 3711 αὐτοῖς
840 3645 1040 3701 εἰπών’
1077 3647 1278 3714 Στήτω
1316 3650 1350 3701 ὁ
1399 3646 1573 3715 ἥλιος
1597 3646 1750 3705 κατὰ
1771 3650 1889 3702 Γα-

282 3738 438 3807 ϐαὼ,
466 3738 570 3792 καί
597 3738 636 3805 ἠ
664 3737 896 3807 σελήνη
916 3738 1067 3794 κατὰ
1089 3738 1363 3810 φάραγγα
1385 3737 1592 3808 Ἐλὼμ,
1615 3738 1726 3804 ἕως
1745 3739 1888 3807 τοὺς

2008 450 2137 487 num
2184 435 2382 499 nitens.
2416 449 2686 505 omneque
2716 435 2896 489 herba:
2935 450 3107 505 genus
3151 447 3369 492 auctum
3423 438 3581 494 hilari

2008 522 2165 579 faeie.
2200 523 2354 580 Unde
2397 524 2574 579 lacteo
2614 524 2794 579 colore
2822 533 2924 590 est,
2950 524 3076 595 quia
3108 525 3270 581 veluti
3297 533 3471 583 mater
3498 528 3583 582 iu-

2008 612 2207 669 fantem
2240 615 2437 680 lactat;
2484 615 2565 669 sic
2591 623 2644 670 et
2670 615 2785 684 ipsa
2818 615 3145 686 pinguedine
3167 625 3221 672 et
3247 632 3370 672 rore
3400 619 3580 674 omnia

2008 722 2354 762 succrescere
2382 706 2530 762 facit.
2567 707 2623 761 In
2656 707 2793 764 ctelo
2816 707 2989 775 posita
3014 722 3283 763 annorum
3323 709 3580 771 circulos.

2008 800 2276 882 mensium
2345 801 2645 866 terminos,
2712 812 3016 870 temporum
3091 810 3585 873 tempestatumque

2007 891 2425 955 conversiones,
2473 890 2587 944 veri
2637 906 2702 945 ac
2749 888 2888 945 ﬁrmi
2930 888 3215 947 Paschalis
3275 908 3583 965 congruens

2007 991 2220 1050 tempus
2250 982 2473 1046 iudicat,
2517 978 2790 1050 Sapientia
2836 982 2908 1037 ita
2943 983 3198 1053 loquente
3224 1002 3238 1037 :
3264 985 3307 1037 Α
3351 985 3478 1039 luna
3509 988 3583 1039 si-

2005 1088 2163 1142 gnant
2188 1073 2295 1127 diei
2323 1074 2444 1143 festi
2475 1074 2520 1106 ³⁸
2556 1092 2571 1129 :
2604 1083 2659 1128 et
2685 1075 2814 1144 quia
2858 1077 3126 1133 luminare
3163 1086 3246 1133 est
3284 1078 3447 1134 modo
3473 1079 3581 1132 mi-

2006 1174 2194 1219 nutum
2217 1203 2232 1228 ,
2280 1166 2442 1219 modo
2484 1180 2754 1231 crescens,
2784 1167 2914 1222 hinc
2944 1185 3061 1223 men
3088 1170 3410 1239 appellatur.
3443 1170 3577 1224 Rem

2005 1258 2078 1313 ita
2110 1269 2293 1314 narrat
2317 1259 2454 1314 liber
2485 1258 2759 1317 Geneseos
2793 1279 2806 1314 :
2836 1260 2907 1315 Et
2937 1261 3076 1335 dixit
3102 1261 3243 1317 Deus
3266 1280 3286 1318 :
3322 1261 3449 1316 Fiat
3484 1263 3580 1316 tua:

2003 1347 2055 1402 in
2088 1349 2420 1419 ﬁrmamento
2454 1350 2592 1419 caeli,
2640 1352 2710 1406 ad
2757 1352 3035 1408 tacendum
3080 1371 3237 1422 super
3267 1365 3496 1419 terram,
3528 1365 3579 1409 et

2004 1440 2073 1494 ad
2097 1443 2453 1511 principatum
2498 1444 2602 1498 diei
2636 1455 2685 1498 et
2719 1447 2922 1501 noctis:
2953 1456 3004 1500 et
3027 1447 3134 1500 sint
3171 1447 3227 1501 in
3257 1448 3407 1518 signa
3437 1460 3486 1502 et
3520 1449 3576 1501 in

2001 1546 2234 1605 tempora
2264 1545 2311 1589 et
2348 1538 2400 1590 in
2444 1537 2555 1590 dies
2588 1549 2636 1591 ct
2674 1538 2729 1592 in
2764 1555 2929 1592 annos
2959 1553 2978 1591 .'
3018 1548 3066 1592 ct
3099 1539 3206 1594 sint
3237 1542 3293 1594 in
3323 1539 3493 1594 lucem
3522 1542 3577 1595 in

2000 1627 2333 1697 ﬁrmamento
2366 1628 2481 1682 caeli
2514 1629 2583 1682 ad
2624 1629 2906 1684 tacendum
2947 1648 3103 1701 super
3133 1641 3331 1686 terram
3355 1632 3418 1684 ³⁸.
3452 1631 3578 1691 Πςεο

1999 1723 2182 1776 omnia
2227 1730 2420 1777 vestra:
2472 1723 2659 1793 pietati
2709 1724 2984 1779 recitanda
3035 1725 3187 1791 duxi,
3233 1735 3294 1780 ut
3337 1741 3403 1781 ex
3440 1727 3576 1798 ipsis

1998 1813 2163 1869 rebus
2196 1820 2358 1884 atque
2384 1829 2451 1869 ex
2480 1812 2775 1886 Scripturis
2803 1816 3062 1873 divinitus
3088 1819 3366 1889 inspiratis
3391 1830 3578 1877 osten-

1996 1907 2177 1962 derem
2219 1908 2400 1962 lunam
2436 1924 2540 1963 non
2585 1925 2706 1965 esse
2743 1910 2965 1965 insaniae
2995 1928 3255 1979 causam;
3292 1914 3385 1968 sed
3420 1915 3579 1969 mali-

1997 2016 2160 2070 gnum
2212 1999 2570 2070 dolosquue
2634 2001 2931 2057 diabolum.
2982 2002 3099 2073 Ipse
3148 2020 3385 2075 namque
3435 2006 3577 2061 inter

1996 2092 2266 2163 malignos
2289 2091 2525 2148 artiﬁces
2553 2103 2968 2158 annumeratur,
2999 2102 3051 2148 et
3083 2110 3206 2150 cum
3253 2112 3360 2152 non
3401 2099 3578 2168 possit

1996 2182 2101 2236 alia
2133 2172 2344 2238 ratione
2394 2185 2555 2240 rebus
2591 2185 2826 2241 conditis
2870 2170 3110 2241 numinis
3153 2188 3387 2257 speciem
3414 2190 3583 2247 aliin-e

1998 2288 2140 2342 gere,
2174 2274 2256 2329 vel
2286 2273 2536 2329 homines
2580 2274 2646 2329 ad
2692 2274 2960 2331 idolorum
3011 2276 3282 2332 ﬁctionem
3334 2281 3574 2349 compel-

1997 2364 2127 2428 lere,
2174 2364 2427 2419 obscrvat
2471 2366 2811 2420 neomeniam
2843 2366 2983 2423 lunae
3011 2385 3024 2419 :
3055 2379 3109 2423 et
3145 2385 3270 2423 cum
3308 2370 3372 2424 ad
3411 2373 3573 2441 quin-

1996 2464 2109 2509 tum
2144 2455 2285 2510 diem
2320 2459 2645 2527 pervenerit,
2681 2469 2810 2515 tunc
2853 2472 3110 2532 procurat
3155 2471 3214 2518 ut
3256 2463 3573 2533 epilepticus

1995 2548 2214 2614 clamet,
2245 2565 2464 2620 spumas
2495 2549 2700 2618 etlerat,
2732 2568 2850 2608 sese
2882 2553 2934 2608 in
2972 2554 3149 2625 ignem
3186 2556 3440 2624 conjiciat
3477 2566 3574 2610 aut

1995 2639 2050 2694 in
2086 2652 2305 2709 aquam,
2329 2649 2388 2694 ut
2416 2641 2535 2711 ejus
2562 2651 2813 2711 parentes
2836 2653 2930 2698 aut
2956 2644 3172 2710 fratres,
3206 2644 3320 2700 sive
3345 2659 3574 2701 consan-

1996 2731 2205 2801 guinei,
2251 2742 2514 2802 cogantur
2551 2732 2735 2788 lunam
2777 2735 3025 2798 adorare,
3057 2737 3159 2790 rati
3194 2736 3365 2806 ipsam
3398 2753 3573 2807 puero

1994 2820 2323 2875 daemonium
2356 2821 2668 2878 immisisse.
2705 2819 3069 2889 Quamobrem
3117 2814 3288 2881 Grazci
3325 2827 3595 2897 reginam.

1994 2911 2120 2967 εωιί
2163 2920 2361 2967 vocant
2395 2913 2598 2984 ipsam;
2634 2930 2755 2984 quae
2801 2924 2981 2971 tamen
3023 2915 3226 2971 famula
3266 2919 3439 2973 noctis
3464 2928 3571 2982 est,

1993 3011 2047 3059 et
2076 3003 2328 3058 humanae
2364 3014 2575 3060 natura!
2610 3006 2894 3071 ministra,
2926 3022 3033 3061 non
3064 3018 3241 3063 autem
3270 3008 3489 3064 domina
3518 3018 3575 3063 et

1995 3095 2268 3166 princeps.
2315 3094 2497 3162 Quare
2541 3091 2669 3153 Jesu
2733 3096 2935 3170 Moysis
2978 3113 3266 3154 successor
3316 3098 3575 3170 praecepit

1994 3187 2149 3258 ipsis,
2196 3189 2282 3244 his
2314 3190 2495 3245 verbis
2532 3205 2545 3242 :
2597 3189 2710 3246 Stet
2753 3192 2834 3246 sol
2870 3202 3056 3246 contra
3081 3190 3320 3257 Gabaon,
3354 3203 3403 3246 et
3441 3191 3575 3246 luna

1994 3289 2178 3333 contra
2223 3280 2409 3334 vallem
2465 3280 2654 3348 Elom,
2698 3283 2861 3337 donec
2905 3284 3131 3356 quinque
3183 3300 3324 3354 reges
3374 3284 3572 3337 Amor-

1994 3369 2257 3425 rhworum
2282 3371 2335 3424 in
2360 3371 2542 3442 fugam
2570 3384 2767 3428 vertam
2794 3374 2861 3429 ‘°.
2891 3373 3068 3431 Homo
3100 3376 3286 3446 itaque
3312 3376 3405 3445 qui
3429 3373 3577 3430 lunae

1995 3462 2242 3531 imperat,
2299 3466 2573 3535 quomodo
2640 3474 2821 3538 potest
2882 3467 2951 3523 ab
3012 3467 3147 3538 ipsis
3206 3466 3576 3522 luminaribus

1994 3554 2142 3610 malo
2194 3554 2363 3622 aﬂici,
2417 3557 2595 3628 iisque
2640 3558 2873 3629 subjici?
2900 3557 3084 3630 Apage
3127 3574 3259 3631 ergo
3287 3559 3574 3616 machinas

1994 3645 2249 3705 draconis
2272 3660 2558 3721 apostatae,
2591 3668 2654 3708 ac
2680 3654 2935 3720 gentilem
2964 3669 3204 3709 errorem
3229 3663 3285 3708 et
3305 3652 3577 3726 supersti—

1997 3740 2221 3797 tionem.

280 3833 481 3890 πέντε
505 3831 792 3897 βασιλεῖς
819 3831 939 3886 τῶν
973 3833 1321 3903 Ἀμορραίων
1346 3831 1740 3901 τροπώσομαι,
1779 3832 1837 3885 '0
1867 3832 2045 3889 τοίνυν
2084 3836 2390 3893 ἐπιτάσσων
2413 3837 2696 3911 ἄνθρωπος
2727 3841 2794 3911 τῇ
2827 3838 3044 3914 σελήνῃ,
3077 3839 3193 3903 πῶς
3224 3830 3335 3891 οἶόν
3358 3835 3423 3890 τὲ
3447 3835 3573 3891 ἐστι
3610 3810 3614 3814 ”

277 3928 425 4000 παρ’
477 3926 666 3990 αὐτοῖς
714 3926 1122 3981 κακοποιείσθαι
1165 3926 1326 3980 αὐτὸν
1367 3924 1877 3998 ἢδεσποτεύεσοαις
1921 3927 2134 3998 ’Ἄπαγε
2165 3926 2257 3984 οὖν
2294 3928 2388 4003 ἀφ’
2425 3930 2620 3989 ἑαυτοῦ
2665 3935 2736 3988 τά
2781 3935 3148 4007 μηχανήματα
3192 3928 3286 3986 τοῦ
3332 3932 3574 3996 άποστά,

274 4034 383 4074 του
425 4017 747 4088 δράκοντος,
780 4015 877 4069 καὶ
919 4015 1019 4087 τὴν
1053 4014 1368 4087 Ἑλληνικὴν
1400 4013 1608 4086 πλάνην
1641 4015 1736 4069 καὶ
1768 4014 2207 4090 δεισιδαιμονίαν.

356 4108 483 4183 (24)
518 4107 638 4161 Ὅτι
674 4107 903 4162 κλείετε
932 4106 1047 4176 τὴν
1068 4107 1399 4173 ,βασιλείαν
1429 4106 1549 4162 τῶν
1588 4106 1879 4176 οὐρανῶν.

289 4203 356 4257 '0
403 4200 468 4254 δὲ
518 4198 734 4262 Λουκᾶς
764 4197 912 4266 λέγει
928 4214 945 4231 ο
977 4197 1098 4254 Ὅτι
1145 4195 1328 4267 ἤρατε
1364 4197 1482 4268 τὴν
1530 4196 1738 4252 κλεῖδα
1775 4194 1887 4266 τῆς

274 4291 599 4367 γνώσεως,
627 4288 874 4344 τουτέστι
900 4289 999 4362 τὴν
1031 4290 1112 4353 είς
1146 4288 1379 4362 Χριστὸν
1407 4288 1612 4356 πίστιν,
1642 4287 1718 4354 ὡς
1750 4304 1885 4361 προ-

274 4379 650 4439 οδοποιοῦσαν
691 4381 770 4445 είς
820 4380 918 4452 τὴν
964 4378 1166 4450 γνῶσιν
1209 4380 1312 4451 τῆς
1355 4380 1613 4453 ἀληθείας
1655 4380 1750 4435 καὶ
1785 4379 1887 4449 τῆς

275 4472 652 4537 διδασκαλίας
698 4471 883 4528 αὐτοῦ.
929 4472 1159 4527 Ἤντινα
1202 4471 1386 4528 κλεῖδα
1428 4467 1571 4545 ἦραν
1611 4471 1721 4527 άπὸ
1776 4471 1886 4526 τῶν

278 4566 608 4641 μελλόντων
637 4563 703 4619 δι’
733 4564 906 4637 αὐτῆς
935 4560 1278 4635 είσέργεσθαι

2065 4111 2205 4179 Quia
2249 4113 2499 4172 clauditis
2537 4134 2755 4189 regnum
2794 4118 3042 4174 castorum
3068 4117 3134 4174 ".
3179 4115 3358 4173 Lucas
3386 4125 3571 4173 autem

1993 4210 2071 4265 ait
2100 4229 2117 4266 :
2160 4209 2301 4276 Quia
2341 4206 2540 4267 tulistis
2583 4205 2779 4267 clasem
2818 4211 3054 4265 scientiae
3089 4209 3159 4276 “,
3195 4209 3251 4264 id
3285 4216 3370 4264 est
3403 4208 3567 4263 ﬁdem

1992 4303 2050 4359 in
2081 4301 2384 4369 Christum,
2428 4311 2616 4373 utpote
2663 4316 2785 4372 qua)
2810 4302 2954 4359 viam
3003 4310 3158 4372 paret
3190 4300 3267 4355 ad.
3303 4298 3570 4372 cognitio-

1990 4409 2117 4450 nem
2162 4392 2411 4451 veritatis
2471 4402 2528 4451 et
2583 4392 2847 4451 doctrinae
2892 4390 3087 4462 ipsius.
3138 4387 3316 4456 Quam
3358 4388 3571 4444 clavem

1997 4487 2341 4543 abstulerunt
2366 4486 2438 4545 ab
2464 4486 2532 4545 iis
2558 4484 2653 4557 qui
2686 4484 2806 4556 ejus
2835 4497 2936 4555 ope
2966 4480 3222 4539 intraturi
3247 4488 3423 4537 erant.

354 4725 405 4757 ³ο
449 4719 628 4776 Eccli.
656 4735 810 4789 nui,
836 4718 889 4775 7.
965 4720 1010 4754 ³⁸
1040 4718 1178 4777 Gen.
1215 4735 1256 4789 ι,
1287 4719 1376 4776 Η.
1454 4716 1501 4750 ⁸⁸
1528 4716 1697 4775 Josue
1729 4732 1784 4785 ι,
1817 4716 1895 4771 li.

2000 4717 2026 4747 ’ί
2058 4714 2249 4776 Matth.
2281 4732 2437 4783 sinu,
2467 4716 2555 4771 15.
2632 4716 2680 4750 ⁸⁸
2710 4713 2844 4770 Luc.
2871 4727 2950 4781 χι,
2978 4712 3072 4767 52.

353 4872 485 4950 (2‘)
513 4869 578 4925 In
609 4870 740 4927 edit.
770 4871 970 4930 Athan.
1001 4888 1057 4944 p.
1085 4871 1246 4940 i009,
1276 4886 1342 4929 ex
1372 4870 1626 4928 Possino.

279 5018 3507 5053 mw“

777 5146 1167 5223 MONITUM
1218 5157 1305 5220 IN
1360 5156 1799 5224 EXCERPTA
1837 5154 2626 5223 COMMENTARIORUM
2673 5154 2758 5217 IN
2802 5149 3097 5214 LUCAM.

1881 5359 1954 5373 ..ι-

352 5452 727 5514 Herebum”
755 5451 882 5508 olim
910 5467 1034 5507 num
1061 5451 1388 5508 Athanasius
1419 5450 1813 5508 Commentaria
1842 5449 1897 5507 in
1926 5451 2136 5505 Lucam
2163 5439 2434 5511 edidisset,
2465 5457 2642 5498 necne.
2676 5439 2823 5495 Licet
2856 5439 2998 5494 enim
3027 5436 3243 5494 Catena:
3268 5435 3323 5491 in
3359 5431 3565 5531 Lucam

262 5559 497 5627 aliquot
533 5547 652 5617 ejus
684 5549 977 5622 fragmenta
1004 5551 1338 5621 praferrent,
1366 5565 1470 5606 non
1503 5550 1560 5604 in
1582 5538 1831 5620 promptu
1858 5558 1974 5603 erat
2018 5548 2190 5602 dicere
2236 5560 2301 5600 ea:
2335 5541 2833 5601 Commentariisne,
2864 5555 2932 5592 an
2962 5551 3029 5591 ex
3054 5534 3175 5627 aliis
3204 5533 3407 5627 injuria
3431 5542 3565 5587 tem-

269 5624 482 5721 porum
510 5639 835 5697 oblitteratis
864 5641 1104 5704 operibus
1129 5643 1250 5697 hinc
1277 5641 1397 5697 inde
1431 5650 1708 5712 cxsumpta
1737 5658 1768 5695 a
1802 5640 2123 5695 Catenarum
2151 5636 2455 5693 auctoribus
2498 5632 2741 5703 fuissent.
2780 5628 3024 5685 His‘eero
3056 5624 3280 5695 prolatis
3310 5625 3360 5680 in
3387 5624 3561 5679 lucem
