3990 6208
402 266 536 322 1591
1234 265 1292 320 S.
1335 263 1708 320 ATHANASH
1751 262 1899 319 OPP.
1943 263 1984 316 Ρ

2089 262 2125 316 S
2164 262 2251 319 ιιι.
2292 293 2361 304 -
2398 261 2810 318 EXEGETICA.
3518 271 3669 325 139?.

402 380 915 437 Commentariorum
944 382 1201 453 reliquiis,
1228 383 1317 437 vix
1348 382 1646 454 ambigendi
1680 382 1826 436 locus
1856 391 2087 451 superest
2113 397 2130 433 :
2156 378 2294 450 quod
2331 381 2453 433 item
2498 380 2560 433 de
2604 378 3006 434 Commentariis
3055 379 3106 432 in
3151 378 3457 435 Mattbaum
3502 385 3663 435 dixi-

404 493 541 531 mus.
573 476 714 532 Nam
762 479 921 533 series
966 480 1104 548 ipsa,
1139 476 1549 548 Evangeliorum
1580 481 1941 547 interpretem,
1969 478 2054 529 cui
2082 493 2215 529 unus
2245 493 2306 529 ea
2348 476 2672 544 explanandi
2700 491 2884 543 scapus
2932 475 3038 541 sit,
3080 476 3291 544 arguit;
3325 493 3428 530 non
3476 489 3667 530 autem

402 570 714 639 scriptorem
740 570 805 623 ἐκ
836 570 1136 641 παρέργου,
1173 572 1280 625 sive
1305 586 1371 625 ea:
1404 571 1700 637 occasione,
1731 569 2003 639 Evangelii
2023 568 2168 621 dicta
2191 568 2492 636 a/ferentem
2515 584 2534 621 :
2561 566 2698 636 quod
2727 582 2853 619 sane
2878 567 3057 636 sagaci
3083 567 3296 622 cuilibet
3318 572 3665 639 perspicuum

407 660 521 729 fore
563 662 905 715 arbitramur.
937 660 1001 715 In
1040 661 1269 716 editione
1311 672 1486 716 autem
1525 661 1890 716 Athanasiana
1922 670 2127 722 nostra,
2157 657 2411 712 nonnulla
2460 659 2515 712 in
2557 658 2762 713 Lucam
2808 659 3237 731 ἀποσπασμάτια
3285 665 3611 730 protulimus
3644 685 3663 719 :

405 771 582 809 verum
612 754 707 809 sub
736 754 848 810 hac
876 757 931 809 in
974 755 1144 810 multa
1173 755 1284 810 alia
1330 756 1634 819 incidimus,
1665 772 1782 825 quia
1806 755 1910 809 sive
1938 771 2003 808 ea:
2042 752 2306 808 codicibus
2345 770 2470 806 mss.
2513 754 2617 808 sive
2646 770 2712 808 ea;
2757 753 2957 809 Catena
2998 755 3140 809 edita
3180 757 3235 811 in
3273 757 3498 825 Lucam,
3536 760 3665 828 jam

408 848 566 916 triplo
610 848 795 901 saltem
841 848 1087 901 auctiora
1135 848 1413 916 prodeunt.
1450 847 1658 901 Horum
1702 862 1859 916 porro
1908 846 2257 900 Athanasium
2284 861 2397 899 vere
2430 858 2698 900 auctorem
2728 865 2837 903 esse
2874 850 3134 919 produnt,
3175 868 3291 905 cum
3324 856 3450 920 styli
3492 873 3666 926 genus

404 944 563 1013 plane
584 944 1036 1012 Athanasianum,
1067 953 1178 998 tum
1204 961 1266 999 ea
1297 961 1414 1017 qua:
1450 958 1637 1000 contra
1660 945 1910 1008 Arianos,
1955 945 2108 1013 quasi
2136 959 2254 995 cum
2282 943 2393 996 htec
2435 943 2786 998 scriberentur
2812 948 2994 1001 turbas
3036 948 3241 1014 dantes,
3268 962 3316 1003 et
3360 949 3511 1004 Verbi
3545 956 3668 1006 dei-

408 1049 567 1094 tatem
601 1040 1000 1110 impugnantes,
1036 1041 1351 1110 aﬁ‘eruntur.
1380 1039 1513 1105 Qui:
1544 1042 1781 1093 oratione
1810 1048 1859 1093 et
1887 1039 2140 1103 arguendi
2175 1039 2281 1091 ritu
2321 1053 2438 1091 cum
2477 1038 2756 1093 Athanasii
2805 1054 2987 1095 contra
3010 1044 3235 1098 Arianos
3258 1046 3661 1103 velitationibus

407 1135 485 1189 ita
510 1148 825 1207 congruunt,
855 1148 914 1190 ut
960 1152 1111 1193 ovum
1144 1152 1248 1190 non
1299 1139 1370 1192 sit
1400 1153 1493 1191 ovo
1544 1136 1794 1190 similius.
1824 1133 1931 1190 Sub
1966 1136 2126 1202 ﬁnem
2172 1150 2289 1188 vero
2314 1134 2639 1198 luculentum
2682 1137 2835 1191 habet
2862 1140 2925 1192 de
2946 1141 3217 1209 expiandis
3247 1142 3299 1193 in
3329 1142 3516 1210 futura
3546 1147 3662 1199 vita

407 1230 687 1286 levioribus
733 1233 925 1288 erratis
970 1233 1326 1287 testimonium
1356 1250 1375 1288 :
1400 1234 1489 1287 ubi
1523 1232 1666 1287 clare
1714 1232 1845 1286 dicit
1893 1248 2043 1302 posse
2080 1231 2391 1301 defunctos,
2434 1234 2525 1303 qui
2565 1249 2640 1286 ea:
2682 1236 2900 1304 segnitie
2945 1237 3023 1290 vel
3067 1253 3132 1291 ea:
3179 1241 3662 1297 orocrastinatione

404 1324 609 1396 aliquid
634 1326 926 1393 omiserint,
955 1327 1250 1381 amicorum
1281 1344 1373 1399 ope
1395 1328 1609 1397 juvari;
1641 1344 1788 1382 secus
1818 1344 1904 1383 eos
1934 1328 2024 1398 qui
2049 1328 2280 1397 improbe
2312 1330 2528 1396 versati,
2553 1331 2918 1399 paenitentiam
2947 1332 3001 1385 in
3030 1332 3264 1389 hac-vita
3296 1351 3401 1389 non
3430 1339 3659 1405 egerint.

1150 1660 1249 1716 EX
1289 1659 1877 1718 COMMENTARIIS
1929 1660 1989 1720 S.
2037 1659 2453 1717 ATIIANASII
2506 1661 2597 1717 IN
2644 1661 2913 1721 LUCAM.

477 1820 545 1878 Et
579 1838 693 1877 ecce
725 1821 826 1877 eris
856 1831 1052 1886 tacens,
1087 1830 1137 1873 et
1172 1835 1275 1874 non
1312 1820 1505 1890 poteris
1536 1819 1700 1889 loqui,
1728 1835 1890 1890 usque
1919 1818 1973 1871 in

2144 1815 2257 1871 Καὶ
2308 1815 2435 1871 ἰδοὺ
2486 1817 2601 1887 ἔσῃ
2634 1818 2893 1885 σιωπῶν,
2926 1820 3021 1873 καὶ
3061 1821 3148 1890 μὴ
3174 1821 3512 1892 δυνάμενος
3543 1832 3658 1882 λα-

403 1916 544 1968 diem
572 1930 673 1984 quo
702 1912 811 1967 hau:
837 1912 1007 1981 ﬁant;
1029 1927 1124 1981 pro
1160 1927 1219 1965 eo
1254 1910 1394 1981 quod
1431 1927 1533 1963 non
1561 1910 1837 1964 credidisti
1869 1926 1981 1964 ver-

2089 1909 2293 1978 λῆσαι,
2328 1910 2466 1979 ἄχρι
2508 1907 2584 1981 ἧς
2629 1911 2853 1980 ἡμέρας
2881 1912 3120 1982 γένηται
3163 1915 3382 1969 ταῦτα·
3407 1917 3539 1972 ἀνθ’
3571 1915 3660 1972 ὧν

405 2007 482 2059 bis
519 2006 667 2067 meis,
693 2020 809 2075 quae
836 2002 1192 2072 implebantur
1212 2003 1268 2056 in
1298 2013 1528 2071 tempore
1556 2019 1651 2055 suo
1679 2000 1744 2056 ⁸³.
1775 2001 1983 2057 Zacha-

405 2098 501 2150 riae
527 2110 635 2148 non
671 2092 910 2149 credenti
938 2092 1063 2163 jure
1090 2107 1199 2146 non
1234 2092 1409 2161 parcit
1436 2092 1685 2162 angelus,
1720 2093 1848 2161 quia
1891 2092 1981 2144 ille

405 2186 619 2242 steriles
666 2185 801 2240 alias
848 2183 1140 2250 mulieres,
1179 2198 1303 2252 qua:
1342 2190 1502 2261 antea
1550 2190 1889 2252 pepererant,
1926 2183 1980 2238 in

406 2279 717 2348 exemplum
769 2276 998 2342 habuit,
1051 2282 1112 2330 ut
1173 2275 1372 2330 docent
1433 2272 1729 2344 Scriptura:
1789 2289 1978 2330 sacrae.

406 2370 637 2440 Ideoque
696 2367 835 2438 quod
889 2376 1136 2421 nascetur
1185 2381 1250 2419 ea:
1296 2375 1345 2419 te
1393 2374 1658 2430 sanctum,
1714 2365 1983 2419 vocabitur

410 2462 587 2516 Filius
624 2460 721 2514 Dei
746 2459 812 2513 “.
839 2458 1024 2530 Neque
1050 2458 1226 2513 solum
1256 2456 1332 2510 ait
1356 2457 1583 2525 angelus
1598 2457 1665 2511 ad
1684 2454 1980 2525 Virginem,

407 2552 547 2608 auod
581 2561 850 2618 nascetur,
898 2566 965 2604 ne
1002 2550 1104 2620 ipsi
1150 2548 1496 2603 extrinsecus
1542 2547 1827 2602 inductum
1859 2564 1984 2600 cor-

407 2661 510 2715 pus
543 2653 858 2714 putaretur;
906 2643 999 2699 sed
1043 2641 1175 2695 illud
1214 2641 1378 2695 etiam
1424 2640 1671 2707 addidit,
1705 2655 1770 2693 ex
1815 2649 1896 2702 te,
1927 2648 1985 2693 ut

408 2736 555 2806 quod
605 2734 931 2790 nascebatur
979 2733 1049 2787 ab
1095 2733 1213 2802 ipsa
1264 2732 1584 2786 naturaliter
1630 2730 1978 2800 proditurum

408 2829 741 2884 crederetur.
792 2825 1053 2880 Sanctum
1102 2833 1288 2879 autem
1339 2823 1644 2878 vocandum
1692 2834 1840 2887 erat,
1873 2838 1981 2875 non

409 2919 565 2990 quasi
597 2920 651 2973 in
684 2921 801 2989 ipso
827 2917 997 2972 Filius
1024 2916 1116 2971 Dei
1146 2916 1494 2972 habitaturus
1520 2925 1686 2979 esset,
1722 2924 1886 2984 atque
1916 2931 1983 2969 ex

409 3011 825 3083 participatione
850 3020 994 3066 esset
1015 3009 1473 3075 sanctiﬁcandus;
1510 3008 1604 3064 sed
1636 3009 1763 3078 quia
1791 3015 1982 3077 utpote

408 3102 580 3161 Filius
628 3103 743 3168 Dei,
798 3118 922 3157 vere
978 3118 1042 3159 ac
1088 3103 1387 3157 secundum
1444 3109 1695 3155 naturam
1762 3109 1983 3155 sanctus

2083 2003 2193 2053 οὐκ
2218 2000 2585 2067 ἐπίστευσας
2616 2002 2739 2067 τοῖς
2776 2004 2978 2072 λόγοις
3012 2022 3152 2072 μου,
3181 2007 3401 2073 οἵτινες
3423 2013 3661 2076 πληρω-

2084 2091 2371 2158 θήσονται
2382 2095 2470 2159 εις
2492 2092 2600 2146 τὸν
2610 2093 2819 2161 καιρὸν
2832 2094 3031 2149 αὐτῶν
3045 2095 3177 2167 (25).
3193 2099 3266 2150 Οὑ
3298 2101 3658 2167 συγγινώσκει

2082 2183 2138 2237 δὲ
2165 2185 2241 2254 τῷ
2272 2186 2518 2257 Ζαχαρία
2544 2188 2572 2239 6
2602 2186 2829 2254 ἄγγελος
2861 2188 3215 2259 ὰπιστήσαντι
3236 2190 3462 2255 δικαίως
3484 2208 3498 2220 ·
3526 2193 3659 2247 διότι

2083 2273 2225 2346 εἶχεν
2261 2278 2469 2340 ἐκεῖνος
2508 2280 2586 2342 εἰς
2631 2279 2932 2349 ὑπόδειγμα
2965 2281 3059 2333 καὶ
3099 2281 3264 2346 ἄλλας
3304 2284 3525 2355 στείρας
3548 2288 3660 2357 τιρὺ

2085 2367 2249 2421 αὑτοῦ
2296 2369 2595 2441 γενομένας
2632 2372 2724 2423 καὶ
2754 2372 3036 2435 τεκούσας,
3063 2373 3136 2437 ὡς
3180 2375 3237 2427 αἱ
3272 2373 3413 2428 θεῖαι
3445 2377 3661 2448 Γραφαὶ

2080 2459 2443 2515 διδάσκουσιν.
2475 2463 2572 2515 Διὸ
2599 2464 2695 2517 καὶ
2729 2463 2795 2516 τὸ
2829 2464 3197 2534 γεννώμενον
3223 2466 3292 2519 ἐκ
3318 2466 3437 2521 σοῦ
3469 2468 3658 2536 ἄτιον,

2084 2550 2446 2619 κληθήσεται
2501 2553 2633 2619 Υἱὸς
2678 2555 2846 2608 Θεοῦ.
2884 2557 2996 2626 Οὑχ
3038 2539 3224 2619 ἅπλῶς
3252 2557 3311 2610 δὲ
3338 2558 3404 2611 τὸ
3443 2558 3661 2628 γεννώ-

2074 2644 2267 2712 μενόν
2304 2661 2438 2715 φησι
2488 2646 2623 2716 πρὸς
2667 2649 2767 2719 τὴν
2808 2648 3080 2719 Παρθένον
3116 2651 3146 2702 6
3182 2649 3431 2719 ἄγγελος,
3456 2652 3547 2703 ἵνα
3583 2651 3656 2723 μὴ

2083 2734 2281 2801 ἔξωθεν
2306 2736 2731 2808 ἐπεισαγόμενον
2760 2739 2896 2809 αὑτῇ
2933 2740 3091 2811 σῶμα
3128 2741 3379 2813 νομισθῇ·
3411 2742 3530 2796 ἀλλ’
3571 2746 3659 2796 ἐπ-

2085 2827 2289 2896 ήγαγεν
2326 2826 2421 2879 καὶ
2443 2827 2523 2893 τὸ,
2550 2829 2785 2893 ert-0'05,
2818 2830 2903 2883 ἵνα
2934 2830 2994 2892 ἐξ
3013 2832 3177 2903 αὑτῆς
3196 2833 3353 2900 φύσει
3382 2833 3444 2885 τὸ
3460 2834 3658 2901 γεννώ-

2088 2934 2246 2987 μενον
2277 2915 2411 2973 εἷναι
2447 2921 2727 2993 πιστευθῇ.
2761 2923 2949 2991 Ἀγιον
2992 2923 3048 2976 δὲ
3090 2925 3525 2998 κληθησόμενον,
3563 2928 3658 2997 οὑχ

2084 3009 2161 3070 ὡς
2204 3008 2408 3063 ἐνοικον
2454 3011 2643 3076 ἕξοντα
2676 3013 2767 3066 τὸν
2794 3014 2921 3068 Υἰδν
2950 3014 3047 3068 τοῦ
3087 3014 3243 3080 Θεοῦ,
3274 3018 3368 3069 καὶ
3396 3019 3463 3069 ὲκ
3506 3034 3660 3086 its-svo

2084 3100 2186 3170 χῆς
2221 3101 2705 3173 ἁγιασθησὸμενον,
2737 3103 2849 3158 ἀλλ’
2878 3105 2953 3168 ὡς
2984 3105 3111 3159 ὄντα
3139 3104 3279 3159 κατὰ
3302 3106 3462 3175 φύσιν
3488 3108 3657 3173 ἅγιον.

408 3205 583 3262 esset,
615 3207 777 3266 atque
806 3212 967 3251 unus.
1005 3194 1075 3250 Et
1106 3211 1219 3249 ecce
1245 3192 1482 3248 Elisabet
1520 3203 1742 3262 cognata
1792 3202 1884 3246 tua
1914 3190 1980 3246 ’⁸⁵.

2089 3191 2159 3262 τῷ
2185 3192 2277 3246 τὸν
2306 3192 2467 3247 αὑτὸν
2495 3194 2620 3248 Υἱὸν
2641 3196 2904 3267 ὑπάρχειν
2928 3196 3087 3261 Θεοῦ,
3113 3199 3204 3250 καὶ
3236 3197 3331 3250 ἕνα
3357 3195 3516 3251 εἶναι.
3552 3198 3659 3251 Καὶ

409 3289 708 3358 Cognatam
753 3300 932 3344 autem
983 3289 1345 3343 sanctissimae
1376 3283 1614 3355 Virginis
1656 3284 1986 3340 Elisabetam

410 3382 546 3436 dixit
572 3383 797 3452 angellis
817 3422 832 3449 ,
877 3382 991 3436 sive
1021 3382 1149 3451 quia
1196 3396 1262 3434 ex
1321 3395 1429 3433 uno
1459 3379 1760 3446 eodemque
1786 3389 1989 3445 proavo

411 3471 619 3527 Jacobo
663 3482 843 3527 ortum
874 3472 1180 3537 ducebant,
1211 3471 1325 3526 sive
1368 3471 1497 3540 quia
1531 3477 1656 3523 ante
1688 3469 1868 3523 datam
1913 3468 1990 3521 le—

412 3578 532 3634 gem
584 3564 808 3629 Aaron,
854 3563 949 3635 qui
992 3578 1056 3618 ex
1104 3564 1249 3618 tribu
1298 3561 1426 3617 Levi
1473 3570 1610 3628 erat,
1661 3559 1989 3615 Elisabetam

412 3669 636 3709 uxorem
663 3655 888 3726 accepit,
932 3654 1097 3709 ﬁliam
1127 3654 1434 3709 Aminadab
1463 3662 1518 3709 et
1552 3669 1793 3709 sororem
1816 3652 1989 3709 Naas-

413 3763 513 3805 son
537 3746 605 3814 ι’,
631 3763 696 3803 ex
727 3748 868 3803 tribu
895 3746 1031 3802 Jnda
1059 3750 1182 3802 orti.
1209 3746 1489 3818 Siquidem
1524 3747 1614 3803 hic
1642 3747 1786 3818 regia
1816 3747 1990 3802 tribus

412 3838 572 3905 Juda,
610 3856 673 3895 ex
703 3856 809 3910 qua
844 3841 1188 3895 sanctissima
1221 3839 1388 3911 Virgo
1418 3848 1607 3895 exorta
1650 3850 1754 3906 est,
1796 3854 1992 3895 sacer-

413 3932 577 3986 dotali
630 3932 795 3987 tribui
843 3931 970 3987 Levi
1011 3932 1301 4001 conjuncta
1339 3941 1442 3995 est,
1492 3947 1559 3987 ex
1603 3947 1711 4002 qua
1754 3930 1992 3987 Elisabet

413 4033 551 4077 erat.
583 4021 947 4089 Quamobrem
981 4022 1284 4076 admirabili
1317 4036 1540 4091 prorsus
1581 4021 1744 4076 modo
1770 4022 1988 4091 sapien-

414 4115 454 4169 ti
487 4115 623 4169 sima
652 4114 980 4170 sanctissimi
1008 4111 1243 4183 Spiritus
1273 4113 1446 4184 gratia
1480 4111 1709 4178 curavit,
1744 4120 1802 4165 ut
1825 4111 1988 4167 etiam

416 4207 530 4262 lane
577 4205 852 4262 Zacharias
903 4222 1079 4271 uxor,
1133 4205 1356 4276 perinde
1401 4214 1567 4284 atque
1612 4203 1705 4259 illa
1754 4202 1990 4258 Aaronis

418 4298 641 4367 cimjux,
672 4294 914 4352 Elisabet
938 4305 1258 4361 vocaretur;
1288 4301 1347 4349 ut
1389 4294 1472 4349 vel
1506 4308 1579 4349 ex
1603 4293 1825 4349 nomine
1846 4294 1992 4349 clare

420 4390 811 4455 edisceremus,
831 4389 1205 4459 cognationem
1221 4385 1500 4458 Virginem
1526 4386 1737 4460 interﬁt
1761 4396 1990 4442 matrem

2069 3286 2214 3341 »ἰδοὺ
2243 3288 2553 3343 Ἐλισᾶϐετ
2595 3293 2633 3358 ἡ
2675 3291 2978 3361 συγγενής
3022 3306 3159 3345 σου.
3196 3292 3440 3362 Συγγενῆ
3474 3292 3534 3345 δὲ
3568 3293 3662 3362 τῆς

2082 3380 2358 3447 ιπαναγίας
2384 3380 2660 3451 Παρθένου
2713 3383 2812 3453 τὴν
2841 3382 3122 3436 Ἐλισάϐετ
3164 3379 3315 3437 εἶπεν
3354 3386 3383 3436 6
3412 3383 3659 3452 ἄγγελος,

2084 3471 2194 3523 εἴτε
2223 3469 2298 3533 ὡς
2326 3468 2384 3536 ἐξ
2429 3470 2546 3534 ἑνὸς
2572 3472 2914 3544 προπάτορος
2943 3472 3037 3525 τοῦ
3064 3470 3256 3525 Ἰακὼό
3291 3473 3660 3544 ὑπαρχούσας,

2087 3561 2195 3613 εἴτε
2221 3560 2308 3615 διὰ
2334 3560 2393 3614 τὸ
2417 3562 2522 3633 πρὸ
2545 3565 2642 3634 τῆς
2666 3563 2984 3633 νομοθεσίας
3011 3564 3193 3617 λαϐεῖν
3217 3563 3308 3616 τὸν
3334 3563 3574 3636 ’Δαρὼν,
3603 3565 3665 3616 ἐκ

2085 3651 2185 3721 τῆς
2233 3651 2327 3706 τοῦ
2364 3652 2496 3707 Aetii
2548 3654 2720 3724 φυλῆς
2772 3655 2920 3717 ὄντα,
2966 3658 3197 3723 γυναῖκα
3228 3655 3327 3727 τὴν
3360 3633 3660 3719 Ἐλισάϐετ,
3740 3633 3744 3641 ’

2088 3744 2361 3815 θυγατέρα
2399 3742 2562 3799 οὖσαν
2598 3746 2692 3799 τοῦ
2719 3746 3044 3817 ’Δμιναδὰρη
3076 3746 3448 3818 τῆν’ἀδελφὴν
3476 3746 3650 3799 Ναασ-

2090 3836 2219 3899 σῶν,
2267 3838 2331 3890 ἐκ
2361 3836 2459 3906 τῆς
2503 3834 2595 3889 τοῦ
2627 3836 2799 3889 Ἰούδα
2833 3837 3004 3907 φυλῆς
3042 3838 3394 3908 ὑπάρχοντος.
3424 3839 3533 3891 Καὶ
3558 3837 3661 3909 γὰρ

2089 3925 2322 3979 ἐνταῦθα
2353 3926 2596 3999 συνήφθῃ
2621 3930 2654 3999 ή
2693 3927 2946 3998 βασιλικὴ
2972 3928 3066 3981 τοῦ
3089 3929 3263 3983 Ἰούδα
3298 3929 3464 4001 φυλὴ.
3503 3929 3565 3993 ἐξ
3598 3925 3661 3997 ἧς

2089 4013 2156 4089 ἦν
2180 4020 2212 4088 ὴ
2244 4017 2484 4081 παναγία
2513 4016 2805 4086 Παρθένος,
2834 4020 2901 4088 τῇ
2936 4020 3177 4090 ἰερατικῇ
3214 4019 3307 4072 τοῦ
3333 4021 3470 4073 Λευῒ
3504 4018 3659 4089 φυλῇ,

2088 4107 2150 4173 ἐξ
2194 4102 2262 4178 ἦς
2298 4108 2542 4179 ὑπῆρχεν
2578 4109 2617 4177 ἡ
2648 4106 2955 4161 Ἐλισάϐετ.
3004 4108 3094 4161 Διὸ
3132 4108 3233 4162 ικαὶ
3274 4108 3599 4180 παραδόξως
3630 4111 3661 4178 ἡ

2087 4201 2364 4269 πάνσοφος
2394 4200 2486 4254 τοῦ
2527 4201 2791 4270 παναγίου
2814 4200 2960 4255 Πνεύ
2971 4218 3137 4272 ματος
3164 4200 3483 4272 ᾠκονόμησε
3510 4203 3666 4271 χάρις

2090 4291 2183 4346 καὶ
2213 4292 2414 4362 ταύτην
2444 4293 2541 4363 τὴν
2586 4292 2854 4364 Ζαχαρίου
2899 4296 3132 4362 γυναῖκα
3175 4292 3458 4346 Ἐλισάὸετ
3502 4308 3659 4363 προσ-

2084 4383 2670 4457 αγορεύεσθαι,-ὤσπερ
2692 4385 2787 4439 καὶ
2806 4385 2905 4456 τὴν
2919 4384 3013 4438 τοῦ
3031 4383 3262 4456 Ἀαρὼνυ
3285 4385 3434 4448 ὅπως
3460 4383 3551 4437 διὰ
3575 4380 3662 4436 τοῦ

418 4488 770 4556 praecursoris
800 4485 1148 4551 Elisabetam,
1176 4499 1245 4539 ex
1276 4484 1379 4539 alia
1412 4484 1499 4538 illa
1545 4482 1815 4539 Elisabeta
1841 4479 1987 4536 duci.

2093 4478 2351 4549 ὀνόματος
2381 4476 2626 4549 ἐναργῶς
2659 4476 2938 4548 μάθωμεν,
2971 4477 3047 4540 ὼς
3080 4476 3138 4543 ἐξ
3162 4476 3377 4547 ἐκείνης
3403 4477 3504 4547 τῆς
3529 4475 3665 4529 Ἐλι-

437 4582 600 4636 σὰϐετ
629 4584 661 4653 ἡ
711 4581 843 4653 πρὸς
874 4582 972 4651 τὴν
1015 4580 1287 4653 Παρθένον
1333 4581 1427 4633 καὶ
1479 4579 1615 4654 πρὸς
1649 4578 1750 4648 τὴν
1799 4575 2009 4647 μητέρα
2047 4573 2140 4629 τοῦ
2172 4573 2475 4644 προδρόμου
2504 4572 2784 4626 Ἐλισὰὅετ
2814 4572 3048 4643 ὑπάρχει
3079 4571 3385 4640 συγγένεια.

488 4674 624 4730 Cum
655 4690 817 4745 porro
845 4674 982 4729 dixit
1009 4673 1352 4729 sanctissima
1384 4670 1550 4742 Virgo
1583 4689 1595 4725 :
1633 4669 1770 4724 Ecce
1794 4668 1992 4722 ancilla

420 4767 671 4834 Domini,
707 4767 803 4836 ﬁat
851 4766 979 4821 mihi
1023 4764 1313 4820 secundum
1362 4764 1571 4818 verbum
1616 4773 1767 4816 tuum
1808 4759 1888 4826 ‘7;
1937 4758 1991 4813 id

419 4859 757 4916 declaravit:
802 4857 1008 4913 Tabula
1062 4873 1182 4912 sum
1238 4858 1292 4911 in
1334 4870 1443 4924 qua
1486 4852 1752 4923 quidquid
1799 4851 1993 4907 scriba:

423 4951 612 5024 placet,
635 4949 977 5006 describitur.
1007 4948 1240 5013 Scribat,
1266 4960 1365 5017 pro
1388 4945 1558 5000 lubito
1584 4950 1709 5014 agat
1732 4941 1994 4997 Dominus

422 5043 679 5099 universi.
731 5043 967 5113 Accepta
1021 5041 1248 5110 angelus
1290 5055 1323 5094 a
1377 5036 1724 5093 sanctissima
1769 5034 1992 5106 Virgine

422 5137 543 5193 ﬁdei
575 5137 933 5202 confessione,
964 5133 1227 5190 abscessit
1251 5132 1319 5187 ab
1345 5131 1456 5185 illa.

493 5228 807 5300 Magni/ient
844 5229 1021 5281 anima
1064 5242 1181 5279 mea
1228 5223 1513 5278 Dominum
1556 5221 1623 5276 ⁸⁸.
1657 5218 1813 5275 Sicut
1845 5218 1992 5275 enim

427 5323 649 5392 gloriam
698 5316 808 5376 Deo
850 5320 1079 5384 amare,
1144 5332 1252 5372 non
1306 5314 1577 5387 signiﬁcat
1626 5313 1730 5384 ipsi
1778 5312 1992 5368 laudem

492 5455 538 5486 “
562 5454 693 5512 Luc.
721 5470 758 5520 ι,
791 5454 882 5510 20.
958 5453 1002 5485 “
1034 5452 1162 5507 ibid.
1193 5451 1283 5507 55.

499 5590 609 5653 (2:3)
643 5588 767 5645 Haec
793 5605 859 5644 ex
887 5589 1072 5644 codice
1102 5586 1270 5657 Regio
1300 5584 1479 5657 2428,
1505 5600 1537 5637 x
1571 5585 1771 5657 saecotl.

2163 4665 2406 4718 Εἰποῦσα
2434 4664 2490 4718 δὲ
2530 4666 2562 4737 ή
2600 4662 2840 4733 παναγία
2880 4663 3180 4734 Παρθένος·
3213 4662 3362 4717 Ἰδοὺ
3398 4664 3437 4730 ὴ
3478 4661 3663 4731 δούλη

2094 4758 2339 4827 Κυρίου,
2366 4757 2596 4827 γένοιτό
2616 4775 2718 4827 μοι
2743 4756 2892 4810 κατὰ
2918 4756 2983 4809 τὸ
3004 4754 3174 4825 ,ῥῆμά
3186 4771 3339 4810 σουο
3370 4753 3529 4809 τοῦτο
3549 4755 3668 4824 ibi;-

2095 4849 2299 4903 λωσεν·
2349 4848 2517 4915 Πίναξ
2566 4848 2699 4919 εἰμὶ,
2748 4850 2929 4919 φησὶν,
2976 4847 3316 4920 γραφόμενος
3359 4846 3388 4899 ὃ
3421 4845 3665 4916 βούλεται

2096 4944 2126 4996 6
2170 4939 2419 5011 γραφεύς.
2466 4941 2757 5012 Γραφέτω,
2796 4941 3016 4993 ποιείτω
3044 4940 3072 4994 ὃ
3100 4939 3245 4993 θέλει
3272 4941 3301 4992 6
3332 4939 3427 4992 τοῦ
3470 4937 3667 5002 παντὸς

2099 5034 2323 5107 Κύριος.
2357 5033 2658 5104 Δεξάμενος
2683 5034 2739 5087 δὲ
2763 5036 2791 5088 6
2830 5034 3058 5104 ἄγγελος
3096 5032 3199 5104 τῆς
3224 5032 3495 5100 παναγὶας
3524 5031 3670 5101 Παρ-

2102 5125 2256 5181 θένου
2276 5127 2372 5199 τὴν
2394 5126 2678 5199 ὁμολογίαν
2702 5130 2800 5200 τῆς
2827 5129 3081 5191 πίστεως,
3105 5125 3343 5195 ἀπῆλθεν
3365 5125 3459 5178 ἀπ’
3481 5123 3665 5193 αὐτῆς.

2173 5212 2285 5289 (26)
2317 5218 2648 5285 Μεγαλύνει
2674 5220 2713 5288 ἡ
2742 5217 2911 5288 ψυχή
2936 5236 3053 5288 μου
3073 5216 3180 5270 τὸν
3206 5218 3441 5284 Κύριον.
3462 5216 3668 5282 Ὠσπερ

2097 5308 2208 5378 γὰο
2239 5309 2300 5363 τὸ
2330 5308 2570 5374 δοξάζειν
2594 5310 2686 5366 τὸν
2723 5310 2855 5365 Θεὸν
2878 5311 2985 5365 οὑκ
3014 5309 3212 5375 ἔξωθεν
3242 5307 3493 5365 εὔκλειαν
3522 5308 3667 5362 αὑτω

1361 5450 1405 5482 ⁸⁸
1428 5448 1559 5507 ibid.
1594 5448 1686 5508 ω.
1760 5449 1783 5483 ’⁸
1836 5445 2008 5502 Exod.
2035 5460 2114 5513 v1,
2151 5444 2244 5501 25.
2288 5445 2369 5517 ,⁸⁷
2397 5444 2534 5503 Luc.
2570 5461 2611 5513 ι,
2651 5447 2740 5502 58.
2818 5448 2861 5480 ⁸⁸
2893 5447 3022 5504 ibid.
3051 5446 3139 5502 ιθ.

502 5650 613 5731 (26)
638 5659 769 5732 Quae
796 5668 1100 5731 sequuntur
1128 5650 1209 5729 ex:
1236 5657 1421 5712 codice
1447 5653 1578 5725 Reg.
1613 5652 1751 5709 1440
1772 5651 1987 5721 desump

2104 5664 2238 5707 cusa
2266 5659 2413 5718 sunt,
2446 5665 2502 5733 ι).
2535 5650 2690 5708 1009.
