3990 6208
430 306 570 363 1595

1236 311 1292 366 S.
1334 311 1701 369 ATHANASH
1740 312 1888 370 OPP.
1925 313 2106 371 PARS
2146 315 2233 371 ΙΙΙ.
2275 344 2344 355 -
2381 310 2788 369 EXEGETICA.

3528 309 3670 364 1596

424 432 509 477 est
530 422 712 479 homo.
753 425 908 492 Quod
953 427 998 483 si
1025 428 1146 498 quis
1184 429 1333 488 illud.
1372 441 1429 485 ut
1465 434 1707 487 sisterent
1740 449 1856 489 eum
1886 432 2028 508 D03

2116 434 2435 507 >ι6έ6ληται,
2471 433 2586 488 ἀλλ’
2619 433 2803 486 ἕνεκεν
2828 429 2920 484 τοῦ
2969 424 3212 497 ἁγιάζειν
3243 427 3342 499 τὴν
3368 424 3553 498 σάρκα
3577 440 3672 494 γε-

428 517 592 581 mino,
641 518 714 595 de.
758 521 877 591 ipso
923 520 1154 577 Domino
1197 523 1400 578 dictum
1445 525 1699 596 excipiat,
1732 527 1777 583 is
1803 543 1934 582 sane
1962 543 1992 581 a

421 611 900 669 verisimilitudine
941 614 1161 670 labitur.
1187 615 1543 683 Quandonam
1572 619 1836 675 Dominus
1864 635 1995 676 ocu-

421 697 491 754 lis
538 697 716 757 Patris
761 703 1115 761 absconditus
1156 704 1276 770 fuit,
1329 718 1385 761 ut
1423 724 1529 763 non
1569 719 1752 778 posset
1778 710 1846 764 ah
1877 710 1995 780 ipso

422 793 769 850 videri?Aut
807 798 931 866 quis
980 800 1130 853 locus
1156 808 1308 854 extra
1368 800 1489 870 ejus
1542 801 1797 857 ditionem
1850 801 1999 873 posi-

422 890 533 951 tus,
563 895 623 941 ut
652 886 759 941 illic
784 888 1005 960 degens,
1056 889 1203 946 Patri
1248 907 1490 963 praesens
1518 909 1624 947 non
1663 902 1827 957 esset,
1861 896 1996 948 n‘st-

423 975 819 1049 Jerosolymam
866 981 1063 1037 allatus
1089 993 1142 1037 et
1175 982 1228 1037 in
1264 984 1522 1055 templum
1552 985 1803 1041 inductus
1824 985 1999 1041 esset?

427 1069 537 1123 (Iur
567 1071 853 1142 ﬁguratam
893 1073 1126 1145 hostiam
1188 1076 1523 1144 offerebant,
1585 1094 1708 1133 cum
1759 1080 1874 1148 ipse
1930 1079 1999 1133 sit

425 1160 670 1214 veritas?
700 1161 784 1214 An
829 1161 965 1217 forte
1001 1179 1108 1218 non
1141 1180 1240 1234 pro
1283 1166 1393 1231 illo,
1419 1167 1512 1220 sed
1545 1182 1644 1237 pro
1676 1167 1835 1222 nobis
1884 1167 1999 1222 haec

425 1250 627 1321 scripta
652 1253 817 1308 sunt?
851 1252 1322 1319 Quemadmodum
1356 1257 1527 1324 enim,
1564 1257 1705 1312 Deus
1751 1274 1874 1313 cum
1905 1259 1995 1319 sit,

426 1357 535 1396 non
571 1343 654 1397 sui
679 1360 866 1413 causa,
885 1355 1078 1403 natura
1105 1348 1290 1413 homo,
1320 1348 1439 1405 sine
1467 1350 1766 1404 mutatione
1792 1359 1996 1415 tamen,

425 1433 677 1498 etﬁcitur,
714 1453 877 1492 carne
908 1438 1342 1504 circumciditur,
1374 1441 1699 1512 baptizatur,
1730 1450 1859 1506 etc.,
1905 1443 1998 1496 sed

428 1527 602 1581 nostri
632 1530 829 1598 gratia,
853 1540 907 1585 ut
941 1548 1065 1596 nos,
1086 1534 1178 1603 qui
1204 1533 1455 1589 homines
1477 1550 1688 1600 sumus,
1713 1534 2002 1605 adoptione

428 1633 525 1686 per
554 1620 781 1690 gratiam
832 1622 907 1679 dii
944 1623 1241 1678 elliciamur
1263 1663 1279 1688 ,
1307 1634 1363 1679 et
1406 1625 1865 1680 circumcidamur
1892 1626 2002 1696 spiv

430 1710 722 1778 ritualiter,
751 1728 858 1767 non
890 1715 1192 1786 secundum
1231 1716 1426 1787 legem,
1455 1697 1644 1771 sordes
1673 1718 1874 1786 peccati
1908 1733 2002 1787 per

428 1797 760 1868 baptismum
795 1802 1106 1870 abluamus,
1141 1806 1529 1875 cruciligamur
1573 1807 1798 1870 mundo,
1833 1816 1888 1861 et
1918 1823 2002 1860 re-
2035 1795 2077 1853 Β

430 1906 720 1960 surgamus
754 1893 895 1961 Deo;
928 1896 1004 1949 ita
1048 1897 1193 1966 quod
1229 1897 1319 1952 hic
1352 1897 1553 1952 dicitur
1588 1898 1656 1952 de
1684 1899 2004 1970 purgatione

429 1997 646 2048 eorum,
676 1997 749 2047 et,
783 1997 834 2041 ut
865 1986 1108 2045 sisterent
1131 2002 1248 2040 eum
1282 1986 1529 2052 Domino,
1564 1998 1617 2042 et
1661 1990 1727 2042 de
1758 1988 2004 2058 ﬁguratis

438 2071 657 2139 hostiis,
680 2091 787 2129 non
822 2078 1012 2146 ipsius,
1042 2076 1137 2132 sed
1186 2078 1361 2133 nostri
1394 2093 1557 2136 causa
1598 2092 1751 2148 geSIa
1781 2089 1835 2134 et
1867 2081 2004 2135 scri-

429 2173 523 2232 pta
558 2176 716 2231 sunt,
749 2177 807 2220 ut
853 2168 1137 2222 discamus
1188 2169 1466 2237 quomodo
1516 2184 1617 2223 nos
1679 2184 1910 2239 purgare
1952 2178 2007 2223 et

433 2253 629 2310 sistere
678 2257 788 2312 Deo
815 2259 1128 2325 debeamus,
1162 2262 1395 2333 mystice
1418 2277 1482 2316 ac
1516 2261 1872 2331 spiritualiter
1920 2262 2006 2317 οἷς

432 2346 670 2404 ferentes
704 2350 803 2419 ipsi
838 2368 936 2425 par
970 2361 1267 2420 turturum,
1303 2364 1397 2411 aut
1418 2356 1764 2425 duospullos
1791 2355 2005 2410 colum-

435 2443 653 2495 barum.
690 2443 897 2498 Turtur
926 2446 1125 2516 quippe
1160 2449 1530 2518 temperantiae
1559 2456 1613 2502 et
1632 2447 1830 2517 quietis
1856 2464 2005 2518 sym-

432 2533 617 2588 bolum
648 2545 766 2589 est:
819 2553 944 2591 nam
997 2539 1306 2594 solitudinis
1353 2554 1545 2594 amans
1601 2539 2010 2594 continentissi—

435 2640 696 2695 mumque
722 2627 929 2681 animal
954 2637 1077 2695 est;
1121 2629 1196 2684 ita
1238 2638 1297 2684 ut
1329 2631 1446 2686 sive
1484 2645 1634 2684 mare
1661 2628 1776 2684 sive
1807 2629 2009 2683 femina

434 2714 726 2783 defunctis,
760 2728 950 2774 neuter
966 2735 1157 2777 eorum
1182 2720 1339 2775 alteri
1368 2724 1690 2790 copuletur:
1725 2722 1858 2790 pulli
1883 2736 2010 2776 vero

437 2809 841 2875 columbarum,
891 2813 1216 2871 innocentia:
1263 2823 1318 2869 et
1363 2816 1804 2870 mansuetudinis
1850 2825 2010 2886 typus

434 2909 581 2953 sunt.
620 2900 904 2973 Quotquot
939 2905 1105 2973 igitur
1131 2921 1252 2962 sese
1282 2921 1377 2976 per
1402 2907 1794 2961 continentiam
1826 2922 1865 2960 α
1891 2922 2010 2959 car-

434 2992 653 3049 nalibus
684 2996 1052 3067 voluptatibus
1077 3007 1130 3053 et
1163 2998 1625 3069 concupiscentiis
1657 3007 1963 3068 expurgant
1991 3040 2008 3064 ,

436 3097 503 3138 ac
522 3099 618 3154 per
644 3085 1010 3144 innocentiam
1038 3098 1093 3145 et
1129 3091 1607 3147 mansuetudinem
1646 3090 1718 3144 ah
1745 3091 1825 3144 ira
1853 3099 1908 3144 et
1934 3088 2013 3143 fu-

437 3189 563 3230 rore
600 3185 922 3247 temperant,
959 3181 1217 3250 pulchras
1241 3196 1429 3236 revera
1466 3181 1671 3237 hostias
1703 3180 2010 3248 atl‘erentes,

438 3266 534 3322 Dei
573 3273 818 3340 aspectui
882 3282 1097 3343 patent,
1124 3290 1187 3329 ac
1247 3276 1302 3330 in
1347 3272 1647 3331 Jerusalem
1693 3274 1899 3331 caelesti
1954 3288 2015 3327 se

440 3361 664 3417 sistunt.
684 3362 1047 3435 Nihilquippe
1071 3367 1142 3420 ita
1166 3366 1275 3420 Deo
1300 3366 1526 3420 charum
1559 3376 1643 3421 est
1672 3376 1732 3421 ut
1761 3366 2014 3421 innocen-

442 3454 522 3507 tia
569 3468 622 3508 et
664 3456 1020 3512 continentia.
1061 3455 1137 3509 lta
1165 3472 1297 3511 sane
1340 3471 1442 3512 nos
1495 3457 1837 3511 continentes
1890 3468 2023 3509 esse

444 3546 673 3615 expetit,
702 3557 763 3601 ut
800 3564 865 3601 ne
906 3548 1125 3618 quidem
1170 3549 1238 3604 ad
1291 3548 1785 3619 concupiscentiam
1841 3562 2016 3616 usque

443 3636 729 3691 mulierem
755 3639 1118 3708 respiciamus
1144 3640 1209 3696 “.
1246 3638 1321 3694 De
1351 3640 1661 3694 innocentia
1691 3646 1875 3692 autem
1903 3638 2017 3691 haec

444 3729 519 3783 ait
547 3748 560 3784 :
596 3728 723 3784 Nisi
774 3733 1005 3785 conversi
1056 3732 1267 3801 fueritis
1297 3741 1346 3785 et
1376 3731 1675 3802 eﬂiciamini
1723 3731 1860 3785 sicut
1894 3745 2019 3798 par-

445 3819 554 3873 vuli
590 3822 658 3887 ⁵⁵,
700 3838 809 3877 non
842 3837 1105 3892 corporea
1137 3823 1359 3892 quidem
1390 3831 1634 3888 statura;
1667 3821 1762 3876 sed
1794 3821 1862 3875 iis
1888 3835 2021 3889 pue-

448 3927 637 3968 rorum
671 3914 1041 3971 innocentiam
1067 3915 1358 3986 signiﬁcat.
1389 3913 1820 3970 Mansuetudinis
1849 3927 2022 3983 porro-

444 4016 501 4058 et
529 4004 855 4062 humilitatis
886 4023 1006 4061 sese
1063 4007 1122 4062 in
1146 4007 1454 4076 exemplum
1490 4006 1741 4076 proponit
1783 4005 1970 4060 dicens
1999 4023 2017 4058 :7

447 4096 650 4150 Discite
674 4115 705 4150 α
732 4115 810 4151 me
832 4101 954 4168 quia
976 4100 1120 4153 mitis
1144 4116 1261 4154 sum
1284 4110 1332 4153 et
1354 4098 1570 4152 humilis
1591 4098 1745 4150 corde
1767 4096 1831 4150 “-.
1855 4094 2019 4161 Quod

448 4187 498 4241 si
530 4188 653 4257 quis
675 4189 892 4252 dixerit,
935 4190 1115 4257 Quare
1159 4198 1459 4245 memorata
1494 4187 1747 4243 animalia
1779 4188 1906 4241 bina
1939 4186 2022 4240 of-

450 4276 583 4331 ferri
611 4281 886 4349 praecepit,
917 4291 971 4335 et
1007 4282 1111 4335 alia
1139 4280 1379 4350 quidem
1408 4280 1646 4350 perfecta
1666 4320 1682 4345 ,
1714 4279 1818 4333 alia
1849 4278 2039 4347 pullos.

449 4369 567 4422 Vult
593 4371 758 4424 esse?
799 4371 927 4426 huic
968 4386 1228 4441 reponam
1260 4413 1276 4439 ,
1323 4386 1448 4426 cum
1507 4372 1670 4426 homo
1701 4386 1769 4424 ex
1807 4369 2022 4423 duobus

2096 546 2250 598 γονεν
2284 526 2588 598 ἄνθρωπος.
2623 526 2687 579 Ei
2717 525 2778 578 δὲ
2815 523 2909 577 καὶ
2939 520 3018 586 τὸ,
3070 518 3457 590 παραστῆσαι
3478 519 3673 573 αὐτὸν

2094 620 2176 687 τῷ
2216 621 2426 690 Κυρίῳ,
2455 619 2583 691 περὶ
2614 615 2776 673 αὑτοῦ
2809 615 2904 670 τοῦ
2936 613 3141 685 Κυρίου
3178 631 3261 677 τις
3293 611 3537 675 ἐκλάὗοι,
3572 614 3670 665 καὶ

2097 713 2269 777 οὕτως
2298 713 2552 766 ἐκπίπτει
2595 709 2689 763 τοῦ
2725 707 2950 770 εἰκότος.
3000 706 3137 759 Πότε
3184 705 3293 776 γὰρ
3323 702 3620 774 ὰπεκρύὸη
3647 705 3674 755 ὁ

2097 806 2300 877 Κύριος
2328 807 2392 858 ἐκ
2438 803 2546 857 τῶν
2585 801 2876 877 ὀφθαλμῶν
2910 797 3005 852 τοῦ
3040 799 3250 870 Πατρὸς
3272 840 3287 864 ,
3333 797 3422 851 ἴνα
3472 796 3548 867 μὴ
3577 795 3644 846 δυ

2097 896 2233 968 νηθῇ
2283 896 2374 949 ὑπ’
2416 892 2580 948 αὑτοῦ
2618 890 2846 963 ὁρᾶσθαι
2869 906 2891 957 ;Α
2921 890 2991 942 Ἦ
3019 891 3168 951 ποῖος
3198 887 3361 950 τόπος
3424 884 3531 952 ἔξω
3575 883 3675 952 τῆς

2098 986 2263 1043 αὐτοῦ
2292 985 2606 1049 δεσποτείας
2633 983 2886 1056 ὑπάρχει,
2919 981 3004 1034 ἵνα
3035 982 3149 1033 ἐκεῖ
3187 977 3262 1033 ὣν
3298 978 3371 1050 μὴ
3404 978 3550 1047 παρῇ
3595 973 3673 1044 τῷ

2098 1080 2294 1151 Πατρὶ,
2327 1080 2376 1132 si
2408 1078 2483 1149 μὴ
2521 1078 2602 1140 είς
2637 1073 2982 1147 Ἰεροσόλυμα
3027 1070 3317 1141 ἀνηνέχθη,
3353 1070 3449 1121 καὶ
3478 1070 3559 1130 είς
3580 1067 3675 1119 τὸν

2099 1171 2226 1224 ναὸν
2276 1167 2567 1240 εἰσηνέχθη
2594 1184 2611 1233 ;
2642 1164 2769 1227 Πῶς
2798 1164 2856 1218 δὲ
2899 1163 2994 1219 καὶ
3044 1161 3142 1233 τὰς
3189 1161 3427 1224 τυπικὰς
3482 1158 3672 1220 θυσίας

2101 1262 2460 1334 προσέφερον,
2496 1256 2660 1312 αὑτοῦ
2704 1255 3040 1327 ὑπάρχοντος
3073 1252 3171 1324 τῆς
3217 1251 3510 1319 ἀληθείας;
3553 1250 3673 1318 Μή-

2103 1357 2221 1408 ποτ’
2246 1350 2338 1408 οὖν
2363 1354 2425 1407 οὐ
2464 1352 2545 1406 δι’
2578 1344 2740 1404 αὺτὸν
2759 1387 2773 1413 ,
2808 1346 2945 1401 ἀλλὰ
2985 1345 3053 1400 δι’
3082 1346 3231 1416 ἡμᾶς
3260 1343 3434 1397 ταῦτα
3466 1342 3671 1412 γέγρα-

2102 1462 2277 1509 πται;
2327 1444 2539 1515 Ὥσπερ
2574 1441 2705 1513 γὰρ,
2736 1438 2868 1502 Θεὸς
2912 1436 3022 1503 ῶν,
3064 1438 3125 1490 οὐ
3167 1436 3233 1490 δι’
3269 1434 3464 1489 ἑαυτὸν
3516 1433 3673 1503 φύσει

2103 1537 2389 1611 ἄνθρωπος
2434 1533 2719 1605 ἀτρέπτως
2766 1532 2996 1604 γίνεται,
3027 1530 3120 1586 καὶ
3156 1527 3315 1599 σαρκὶ
3356 1524 3674 1596 περιτέμνε-

2101 1612 2344 1694 ται,’καὶ
2378 1624 2721 1698 βαπτίζεται,
2754 1627 2848 1679 καὶ
2876 1622 3077 1687 τᾶλλα,
3120 1619 3253 1680 ἀλλὰ
3285 1619 3353 1672 δι’
3390 1619 3561 1689 ἡμᾶς,
3588 1615 3672 1669 ἶνα

2104 1725 2290 1792 ἡμεῖς,
2327 1719 2600 1792 ἄνθρωποι
2633 1717 2805 1781 ὄντες,
2835 1717 2979 1770 θέσει
3011 1713 3098 1771 διὰ
3124 1713 3222 1783 τῆς
3252 1711 3477 1783 χάριτος
3505 1707 3672 1777 γενῶ-

2109 1812 2252 1882 μεθα
2289 1810 2420 1877 θεοὶ,
2452 1811 2548 1863 καὶ
2579 1807 3007 1881 περιτμηθῶμεν
3037 1801 3448 1874 πνευματικῶς,
3476 1801 3592 1854 ἀλλ’
3613 1799 3669 1852 οὐ

2104 1907 2362 1979 νομικῶς,
2384 1903 2602 1961 καὶτὸν
2634 1902 2809 1974 ῥύπον
2838 1898 3231 1970 ἀπονιψιὶῳεθα
3273 1896 3376 1966 τῆς
3406 1893 3672 1965 ἁμαρτίας

2102 2000 2191 2053 διὰ
2221 1998 2316 2052 τοῦ
2348 1996 2741 2069 βαπτίσματος,
2776 1995 2869 2048 καὶ
2916 1988 3321 2063 σταυρωθῶμεν
3354 1985 3432 2056 τῷ
3466 1986 3669 2054 κόσμῳ,

2104 2094 2198 2148 καὶ
2235 2090 2556 2161 ἀναστῶμεν
2590 2087 2667 2159 τῷ
2692 2086 2811 2158 Θεῷ
2836 2103 2851 2118 ·
2886 2083 3029 2139 οὕτω
3057 2081 3288 2141 κάνθάδε
3334 2078 3394 2132 τὸ
3424 2077 3555 2148 περὶ
3582 2075 3673 2128 τοῦ

2105 2184 2447 2256 καθαρισμοῦ
2473 2180 2672 2243 αὐτῶν,
2704 2180 2799 2239 καὶ
2838 2178 2922 2239 τὸ,
2962 2172 3349 2244 παραστῆσαι
3379 2168 3571 2223 αὐτόν
3600 2165 3675 2232 τῷ

2106 2275 2320 2342 Κυρίῳ,
2337 2271 2571 2342 καὶπερὶ
2597 2269 2704 2323 τῶν
2733 2266 2978 2321 τυπικῶν
3003 2263 3298 2327 θυσιῶν,οὐ
3322 2261 3387 2313 δι’
3406 2258 3677 2321 αὐτὸνβλ-

2105 2365 2173 2418 λὰ
2184 2366 2249 2419 δι’
2265 2366 2413 2436 ἡμᾶς
2432 2363 2525 2416 καὶ
2536 2360 2824 2431 γεγένηται
2858 2358 2952 2411 καὶ
2968 2357 3293 2429 γέγραπται·
3313 2353 3400 2406 ἵνα
3420 2350 3675 2421 μάθωμεν

2108 2456 2388 2528 καθαίρειν
2414 2454 2507 2509 καὶ
2525 2451 2876 2524 παριστάνειν
2901 2449 3123 2511 ἑαυτοὺς
3143 2445 3221 2516 τῷ
3244 2442 3383 2513 Θεῷ,
3404 2437 3677 2512 μυστικῶς

2110 2527 2513 2622 προσφέροντες
2542 2543 2690 2613 αὐτῷ
2726 2542 2821 2594 καὶ
2851 2535 3233 2610 πνευματικῶς
3265 2534 3461 2600 ζεῦγος
3485 2527 3678 2602 τρυγό-

2110 2620 2238 2706 νων,
2269 2642 2302 2712 ἥ
2330 2639 2423 2693 δύο
2445 2636 2699 2699 νεοσσοὺς
2732 2630 3091 2704 περιστερῶν.
3126 2628 3237 2682 Καὶ
3263 2628 3295 2698 ἡ
3334 2625 3434 2689 μὲν
3466 2620 3677 2693 τρυφῶν

2111 2711 2463 2805 σωφροσύνης
2502 2729 2594 2783 καὶ
2630 2724 2859 2798 ἡσυχίας
2898 2721 3164 2794 σύμϐολον
3188 2735 3200 2748 ·
3237 2716 3541 2787 φιλέρημον
3574 2711 3680 2805 γὰρ

2110 2828 2172 2882 τὸ
2205 2826 2342 2892 ζῶον
2366 2824 2460 2878 καὶ
2492 2820 2934 2893 σωφρονέστατον
2955 2833 2968 2846 ·
3000 2815 3140 2868 ὥστε
3164 2812 3255 2870 τοῦ
3279 2810 3508 2882 ἄρρενος
3530 2807 3563 2876 ἦ
3589 2804 3678 2857 τοῦ

2112 2920 2302 2991 θήλεος
2360 2915 2823 2985 ἀποθνήσκοντος,
2864 2909 2985 2981 μηδ’
3040 2908 3222 2978 ἓτερον
3276 2900 3455 2956 αὐτῶν
3516 2898 3680 2967 ἑτέρῳ

2114 3009 2539 3080 συζεύγνυσθαιο
2585 3008 2633 3059 οἱ
2677 3004 2735 3058 δὲ
2768 3002 2979 3057 νεοσσοὶ
3024 2999 3130 3052 τῶν
3165 2993 3509 3069 περιστερῶν
3553 2992 3682 3043 ἀκα-

2114 3106 2240 3168 κίας
2272 3103 2366 3157 καὶ
2401 3100 2705 3174 πραότητος
2732 3095 2922 3158 τύπος.
2955 3094 3109 3145 Ὅσοι
3140 3090 3319 3142 τοίνυν
3349 3086 3439 3140 διὰ
3475 3099 3679 3152 σωφρο-

2119 3197 2282 3266 σύνης
2325 3193 2677 3264 καθαίρουσιν
2726 3188 2952 3250 ἑαυτοὺς
3002 3184 3108 3239 ἀπὸ
3166 3178 3443 3253 σαρκικῶν
3490 3173 3681 3248 ἡδονῶν

2115 3290 2208 3343 καὶ
2233 3284 2559 3358 ἐπιθυμιῶν,
2586 3282 2681 3336 καὶ
2708 3280 2795 3334 διὰ
2831 3279 2929 3349 τῆς
2966 3275 3201 3338 ἀκακίας
3251 3273 3346 3326 καὶ
3387 3270 3682 3340 πραότητος

2115 3382 2408 3452 ἀπέχονται
2431 3375 2602 3447 θυμοῦ
2628 3372 2936 3445 καὶὸργῆς,
2969 3369 3136 3432 ὅντως
3160 3366 3328 3428 καλὰς
3353 3362 3547 3425 θυσίας
3574 3363 3687 3413 ἐπι-

2118 3474 2426 3543 φερόμενοι,
2465 3467 2791 3522 όπτάνονται
2823 3462 2904 3534 τῷ,
2920 3460 3058 3532 Θεῷ,
3095 3458 3191 3513 καί
3216 3455 3582 3525 παρίστανται
3612 3452 3685 3511 εἰς

2128 3560 2480 3635 Ἰερουσαλὴμ
2506 3558 2605 3629 τὴν
2649 3554 2991 3626 ἐπουράνιον.
3040 3550 3203 3606 Οὐδὲν
3243 3546 3350 3618 γὰρ
3401 3544 3549 3597 οὕτω
3576 3540 3687 3610 Θεῷ

2119 3656 2271 3724 φίλον
2303 3653 2378 3716 ὡς
2408 3650 2612 3705 ἀκακία
2658 3648 2753 3701 καὶ
2796 3642 3136 3716 σωφροσύνη.
3190 3637 3408 3709 Ἀμέλει
3444 3634 3686 3687 τοσοῦτον

2119 3749 2266 3819 ἡμᾶς
2296 3741 2434 3799 εἶναι
2467 3743 2720 3815 βούλεται
2755 3738 3057 3810 σώφρονας,
3084 3734 3161 3796 ὡς
3196 3730 3330 3802 μηδὲ
3356 3728 3552 3801 μέχρις
3574 3726 3687 3777 ἐπι-

2122 3839 2322 3910 θυμίας
2356 3835 2649 3907 ἐμϐλέπειν
2677 3829 2918 3900 γυναικί.
2964 3826 3098 3898 Περὶ
3131 3825 3188 3877 δέ
3210 3822 3308 3891 τῆς
3330 3819 3568 3880 ἀκακίας
3596 3830 3689 3886 φηο

2124 3907 2208 3983 σίν
2230 3946 2243 3958 ·
2290 3927 2425 3980 Ἐὰν
2440 3924 2525 3995 μὴ
2560 3919 2867 3991 στραφῆτε
2896 3917 2994 3971 καὶ
3029 3915 3287 3981 γένησθε
3334 3910 3417 3975 ὡς
3446 3907 3519 3962 τὰ
3568 3922 3691 3960 παι-

2122 4020 2241 4079 δία,
2280 4018 2340 4070 οὺ
2370 4014 2511 4068 κατὰ
2533 4015 2632 4083 τὴν
2666 4007 2984 4081 σωματικὴν
3011 4003 3244 4076 ἡλικίαν,
3275 4000 3414 4054 ἀλλὰ
3450 3999 3550 4068 τὴν
3568 3998 3695 4050 ﬁxa-

2124 4111 2247 4167 κίαν
2275 4107 2364 4161 διὰ
2391 4107 2498 4160 τῶν
2540 4104 2743 4158 παίδων
2794 4099 3094 4171 σημαίνων.
3147 4093 3462 4167 Πραότητος
3502 4089 3561 4142 δὲ
3609 4087 3694 4141 καὶ

2123 4194 2623 4270 ταπεινοφροσύνης
2678 4190 2869 4246 ἑαυτὸν
2921 4188 3226 4256 ὑπόδειγμα
3253 4182 3435 4251 τίθησι
3482 4179 3652 4247 λέγων
3676 4192 3691 4205 ·

2126 4266 2475 4347 Μάθετεᾶπ’
2505 4286 2673 4356 ἐμοῦ,
2704 4285 2793 4337 ὄτι
2823 4278 3014 4350 πρᾶός
3062 4281 3177 4347 εὶμι
3202 4275 3298 4329 καὶ
3324 4272 3607 4337 ταπεινὸς
3629 4266 3696 4337 τῇ

2128 4382 2360 4451 καρδίᾳ.
2392 4380 2454 4432 Εἰ
2478 4378 2534 4431 δέ
2568 4394 2651 4439 τις
2673 4374 2817 4433 εἴποι
2838 4389 2851 4401 '
2880 4370 2977 4425 Διά
3003 4369 3054 4422 τί
3103 4367 3195 4420 δύο
3220 4364 3314 4419 καὶ
3345 4361 3441 4416 δύο
3463 4359 3696 4432 προσφέ-

450 4469 685 4524 constet,
705 4462 886 4515 anima
913 4463 1123 4519 scilicet
1153 4472 1208 4518 et
1240 4478 1488 4533 corpore,
1507 4463 1777 4532 duplicem
1808 4477 1837 4514 a
1867 4460 2025 4515 nobis

2136 4449 2322 4548 ρεσθαι
2358 4472 2426 4525 τὰ
2463 4467 2725 4542 εἰρημένα
2776 4464 2891 4530 ζῶα
2921 4460 3193 4522 ἐκέλευσε,
3245 4456 3339 4509 καὶ
3381 4453 3455 4505 τὰ
3489 4455 3591 4524 μὲν
3619 4449 3699 4503 τέ-

452 4553 847 4608 continentiam
880 4566 932 4611 et
961 4556 1434 4612 mansuetudinem
1495 4555 1663 4609 Deum
1720 4554 2015 4624 requirere.

456 4643 591 4699 Nam
618 4644 663 4698 si
690 4661 919 4716 corpore
952 4647 1172 4716 quidem
1221 4664 1252 4702 a
1286 4646 1598 4702 carnalibus
1657 4644 2026 4714 voluptatibus

452 4740 779 4805 abstineam,
805 4741 990 4795 animo
1021 4749 1201 4795 autem
1243 4741 1319 4795 ad
1344 4755 1532 4801 earum
1564 4737 1872 4808 cupidinem
1909 4752 2028 4789 nio—-

455 4847 604 4899 vear,
630 4847 737 4887 non
771 4833 1097 4898 continens,
1135 4833 1228 4888 sed
1259 4832 1510 4887 moechus
1546 4848 1687 4887 sum.
1742 4828 1877 4884 Nam
1935 4827 2028 4896 qui

455 4925 713 4994 respexit,
747 4924 845 4989 ait,
890 4925 958 4978 ad
992 4922 1489 4994 concupiscendum
1521 4964 1536 4987 ,
1579 4922 1690 4992 jam
1727 4922 2031 4976 moechatus

452 5027 539 5072 est
566 5018 619 5071 in
651 5017 818 5074 corde
858 5018 925 5070 ⁸⁷.
950 5020 1029 5073 Ac
1052 5033 1294 5082 rursum,
1323 5018 1415 5085 qui
1443 5017 1622 5086 specie
1642 5016 1860 5086 quidem
1885 5031 2033 5068 man-

456 5123 652 5165 suetus
699 5125 821 5165 esse
858 5111 1105 5178 videtur;
1152 5111 1334 5165 anima
1362 5119 1545 5165 autem
1599 5109 1665 5162 ad
1712 5109 1847 5161 iram
1884 5121 2033 5161 com-

460 5218 710 5263 movetur
735 5227 750 5273 ;
778 5223 885 5262 non
921 5209 1201 5269 innocens,
1229 5205 1321 5260 sed
1357 5203 1633 5274 hypocrita
1656 5210 1711 5255 et
1742 5199 2036 5254 iracundus

458 5309 562 5361 est,
606 5299 835 5354 occulta:
867 5297 1086 5351 malitiae
1116 5295 1514 5363 operimentum
1546 5291 1753 5344 habens
1802 5288 2035 5342 ementi-

465 5398 570 5441 tzun
606 5389 750 5443 illam
780 5388 1107 5442 innocentia:
1138 5385 1374 5454 speciem
1408 5402 1427 5441 1
1454 5382 1598 5451 quod
1644 5396 1821 5449 genus
1856 5380 2036 5433 humi-

472 5493 600 5530 num
635 5480 900 5549 propheta
926 5478 1235 5531 subindicat
1265 5476 1349 5529 his
1388 5474 1604 5529 verbis:
1635 5471 1737 5527 Ore
1762 5487 1856 5526 suo
1887 5470 2038 5524 bene-

464 5569 708 5622 dicebant
759 5581 809 5624 et
853 5572 1009 5624 corde
1041 5586 1136 5622 suo
1177 5565 1557 5621 maledicebant
1593 5565 1659 5622 ⁸⁸.
1686 5565 1765 5619 Ac
1795 5578 1988 5618 rursus
2021 5580 2034 5614 ε

462 5661 568 5724 Qui
593 5661 884 5731 loquuntur
909 5678 1090 5730 pacem
1124 5676 1242 5714 cum
1272 5659 1513 5728 proximo
1549 5673 1667 5724 suo,
1693 5654 1838 5709 mala
1860 5665 2036 5708 autem

2132 4567 2273 4628 λεια,
2303 4563 2371 4616 τὰ
2410 4562 2468 4615 δὲ
2504 4558 2798 4622 νεοσσούςς
2847 4554 3013 4625 φημὶ,
3046 4554 3149 4614 ὅτι,
3179 4548 3272 4602 τοῦ
3308 4548 3600 4623 ἀνθρώπου
3630 4542 3706 4594 δι-

2136 4654 2270 4709 πλοῦ
2320 4653 2470 4714 ὄντος
2500 4692 2515 4717 ,
2547 4648 2826 4702 τουτέστιν
2861 4647 2926 4697 ἐκ
2964 4641 3143 4712 ψυχῆς
3187 4640 3282 4693 καὶ
3316 4638 3591 4709 σώματος,
3633 4633 3704 4685 δι-

2136 4748 2274 4818 πλῆν
2303 4744 2456 4816 ζητεῖ
2484 4742 2615 4814 παρ’
2659 4737 2816 4810 ἡμῶν
2857 4737 2885 4788 ὁ
2928 4734 3058 4797 Θεὸς
3096 4734 3193 4803 τήν
3242 4748 3302 4784 τε
3355 4726 3704 4800 σωφροσύνην

2136 4841 2231 4893 καὶ
2262 4839 2359 4909 τὴν
2383 4834 2686 4907 πραότητα.
2719 4831 2782 4883 Εἰ
2811 4827 2920 4898 γὰρ
2943 4825 3083 4886 κατὰ
3110 4824 3206 4894 μὲν
3229 4823 3288 4875 τὸ
3313 4821 3478 4891 σῶμα
3508 4818 3704 4887 ἀπέχο-

2143 4946 2238 4999 μαι
2273 4923 2549 4997 σαρκικῶν
2579 4918 2802 4992 ἡδονῶν,
2831 4917 2970 4970 κατὰ
2993 4915 3050 4968 δὲ
3073 4915 3170 4984 τὴν
3198 4911 3374 4981 ψυχὴν
3426 4909 3566 4980 πρὸς
3592 4911 3707 4960 ἐπι-

2140 4994 2359 5087 θυμίαν
2389 5012 2594 5067 τούτων
2638 5007 2892 5078 κιλνοῦμαι
2918 5050 2932 5071 ,
2983 5004 3088 5057 οὐκ
3118 5000 3232 5072 εἰμὶ
3266 4999 3503 5069 σώφρων
3531 5039 3548 5058 ,
3580 4994 3709 5049 ἀλλᾶ

2145 5086 2349 5179 μοιχός.
2395 5104 2453 5156 Ὁ
2482 5100 2591 5172 γὰρ
2641 5097 2935 5169 ἐμϐλέψας,
2965 5093 3121 5164 φησὶ,
3169 5091 3305 5162 πρὸς
3336 5088 3399 5179 τό
3442 5086 3710 5158 ἐπιθυμῆ-

2147 5175 2374 5267 σαι,ἧδη
2404 5193 2719 5265 ἐμοίχευσεν
2749 5191 2806 5242 ἐν
2838 5183 3146 5257 τῇξκαρδία.
3177 5181 3286 5236 Καὶ
3321 5175 3480 5242 αὖθις
3503 5178 3534 5231 ό
3580 5175 3712 5230 κατὰ

2144 5290 2203 5342 τὸ
2228 5265 2546 5356 φαινόμενον
2573 5280 2745 5333 δοκῶν
2764 5274 2904 5331 εἶναι
2928 5275 3119 5347 πρᾶος,
3151 5271 3292 5325 κατὰ
3324 5269 3382 5322 δὲ
3409 5267 3511 5338 τὴν
3541 5265 3713 5336 ψυχὴν

2146 5378 2460 5447 κινούμενος
2484 5373 2619 5446 πρὸς
2645 5370 2836 5441 θυμὸν,
2870 5367 2971 5419 οὐκ
2998 5364 3143 5418 ἐστιν
3172 5361 3401 5424 ἄκακος,
3431 5359 3548 5412 ἀλλ’
3584 5359 3711 5410 ὑπο-

2150 5471 2343 5547 κριτὴς
2372 5467 2467 5535 καὶ
2499 5462 2798 5537 μηνιαστὴς
2818 5501 2833 5525 ,
2870 5460 3008 5530 ἔχων
3055 5457 3153 5525 τῆς
3199 5450 3711 5547 κεκρυμμένηςαασ

2082 5611 2095 5619 ,
2148 5564 2271 5628 κίας
2314 5544 2376 5615 τὸ
2426 5557 2782 5626 ἐπικάλυμμα
2823 5554 2920 5624 τὴν
2956 5546 3284 5620 φαινομένην
3330 5544 3427 5597 καὶ
3458 5539 3712 5595 δοκοῦσαν

2149 5652 2288 5709 εἶναι
2322 5649 2558 5706 ἀκακίαν
2577 5665 2591 5678 ο
2618 5644 2713 5709 οὓς
2740 5646 2768 5696 ὁ
2792 5641 3077 5716 προφήτης
3115 5634 3485 5703 αἰνιττόμενος
3525 5629 3667 5699 λέγει
3696 5641 3709 5655 ·

535 5801 582 5835 ³³
614 5800 803 5858 Matth.
852 5819 904 5869 v,
951 5802 1045 5858 28.
1124 5803 1168 5835 ⁸⁸
1228 5799 1416 5856 Matth.
1479 5799 1709 5868 xvm,5.
1788 5799 1831 5832 ⁸⁸
1863 5797 2137 5864 Mutilum,
2165 5798 2253 5853 ΞΟ.
2332 5796 2373 5828 ⁵⁷
2404 5792 2593 5848 Matth.
2631 5786 2800 5853 v,28.
2880 5780 3086 5838 "Psal.
3125 5792 3239 5841 LXI.
3267 5775 3317 5828 5-
