3990 6208
348 315 490 376 1597

1514 394 1519 397 ν
1540 321 1723 379 FBAG
1733 321 1973 393 MENTA
2011 320 2077 376 IN
2120 318 2374 377 LUCAM.

3472 319 3606 379 I398

355 434 438 502 Τῷ
468 448 722 505 στοματι
750 437 947 493 αὐτῶν
978 439 1295 510 εὐλόγουν,
1328 441 1429 495 καὶ
1465 442 1540 512 τῇ
1568 442 1781 513 καρδίᾳ
1821 446 1925 498 αύ-

2041 444 2083 499 in
2116 443 2360 498 cordibus
2389 458 2574 498 eorum
2596 444 2664 497 ¹¹.
2692 441 2849 509 Quod
2878 449 3060 497 autem
3091 439 3196 496 alia
3222 442 3459 511 perfecta
3489 445 3603 500 ani-

347 525 467 581 τῶν
492 528 833 597 κατηρῶντο
860 545 874 558 '
905 531 998 584 καὶ
1020 527 1177 596 αὖθις
1196 549 1211 564 ’
1245 531 1367 588 Τῶν
1388 535 1743 589 λαλούντων
1767 533 1922 604 εἰρή-

2025 532 2215 600 malia,
2273 532 2411 588 alios
2456 532 2637 602 pullos
2689 532 2932 603 postulet
2976 530 3182 596 oti‘erri,
3220 532 3271 587 id
3312 534 3598 604 signiﬁcat,

348 636 466 688 νην
487 621 637 689 μετὰ
664 619 782 675 τῶν
807 623 1077 689 πλησίον
1123 624 1345 694 αὐτῶν,
1386 626 1541 682 κακὰ
1573 627 1643 683 δὲ
1685 630 1755 684 ἐν
1798 628 1926 696 ταῖς

2041 640 2126 681 tos
2161 624 2452 695 prudentia
2486 631 2541 680 et
2571 622 2911 680 continentia
2942 623 3216 694 perfectos
3271 639 3392 679 esse
3445 641 3597 695 opor-

345 709 616 779 καρδίαις
661 711 879 769 αὐτῶν.
909 713 997 785 Τῷ
1029 715 1087 769 δὲ
1113 715 1183 770 τὰ
1222 719 1321 788 μὲν
1344 719 1546 785 τέλεια,
1579 719 1650 774 τὰ
1679 720 1737 775 δὲ
1774 738 1926 775 νεοσ-

2022 727 2171 784 tere;
2217 717 2429 772 malitia
2454 725 2638 773 autem
2687 716 2948 781 infantes,
2987 724 3051 772 ut
3085 717 3161 772 ait
3187 717 3502 787 Apostolus.
3538 718 3605 773 At

349 801 475 864 σοὺς
505 802 876 873 προσάγεσθαι
934 807 1299 877 προστάσσειν
1323 851 1337 876 ,
1370 809 1524 881 δηλοῖ
1566 811 1627 865 τὸ
1668 811 1769 883 τὴν
1828 812 1926 883 μὲν

2041 809 2308 865 rideamus
2356 809 2427 864 de
2471 809 2695 880 quibus,
2726 808 2839 874 ubi,
2891 820 2947 863 et
2989 808 3210 879 quando
3259 809 3463 864 dictum
3493 810 3604 872 sit,

344 891 604 964 φρόνησιν
630 895 725 948 καὶ⁸
760 897 1115 971 σωφροσύνην
1157 900 1398 965 τελείους
1432 904 1582 973 ἡμᾶς
1627 903 1706 958 δεῖ
1743 900 1916 959 εἶναι·

342 983 409 1052 τῇ
435 981 490 1033 δὲ
520 982 689 1056 κακίᾳ
715 987 1020 1057 νηπιάςειν,
1073 988 1256 1052 καθώς
1300 1007 1465 1061 φησιν
1506 993 1535 1045 ὁ
1574 992 1917 1058 Ἀπόστολος.

2035 900 2202 957 Omne
2226 901 2582 955 masculinum
2614 900 2930 971 adaperieus
2972 900 3198 969 rubeam,
3227 912 3468 954 sanctum
3500 900 3608 953 Do-

2031 995 2173 1049 mino
2211 995 2518 1048 vocabitur:
2551 1001 2606 1046 et
2633 990 2911 1062 quodnam
2946 992 3017 1047 sit
3051 990 3187 1062 legis
3214 992 3466 1062 aenigma.

354 1073 492 1128 Ἀλλ’
530 1075 728 1148 ίδωμεν
757 1079 851 1132 ἐπὶ
900 1081 1009 1135 τίσι
1041 1082 1135 1136 καὶ
1162 1083 1264 1137 ποῦ
1298 1086 1399 1139 καὶ
1439 1085 1569 1139 πότε
1624 1086 1871 1159 εἴρηται,
1892 1088 1974 1142 ὅτι
2004 1086 2371 1157 Πᾶνῄρσεν
2403 1085 2735 1159 ξδιανοῖνον
2754 1083 2990 1155 μήτραν
3023 1083 3193 1155 ἄτιον
3233 1084 3430 1152 Κυρίῳ
3463 1085 3605 1152 κλη-

344 1162 627 1234 θήσεται·
660 1171 753 1224 καὶ
783 1171 833 1224 τί
854 1173 1152 1249 τούνόμου
1188 1176 1249 1230 τὸ
1279 1178 1527 1251 αἴνιγμα.

1738 1314 1944 1371 Cretera
1978 1314 2117 1373 ,desu
2131 1324 2208 1370 ut.

415 1443 528 1516 (9.8)
551 1445 644 1510 Ei;
661 1446 739 1501 τό·
759 1447 886 1503 Νῦν
901 1449 1189 1521 ἀπολύεις
1202 1450 1307 1506 τὸν
1321 1452 1547 1508 δοῦλόν
1570 1467 1707 1521 σου,
1724 1452 1922 1524 Κύριε,

341 1539 496 1592 κατὰ
527 1538 593 1593 τὸ
612 1539 780 1611 ῥῆμά
816 1560 933 1597 σου
967 1542 1043 1598 ἐν
1072 1543 1305 1614 εἰρήνῃ.
1341 1546 1549 1600 Οὐκοῦν
1584 1548 1928 1619 καταφρονή-

344 1644 530 1698 σωμεν
578 1630 669 1685 τὸν
725 1633 954 1690 θάνατον
982 1649 997 1664 ⁸
1039 1635 1144 1689 κᾶν
1176 1635 1307 1717 ,γὰρ
1350 1637 1707 1709 δειλιάσωμεν
1738 1638 1922 1703 αὐτὸν,

2100 1448 2561 1507 lnilludtNuuc
2587 1450 2815 1505 dimittis
2856 1466 3062 1505 seruum
3106 1460 3293 1515 tuum,
3345 1448 3607 1515 Domine,

2028 1544 2317 1599 secundum
2344 1541 2556 1597 verbum
2586 1550 2737 1595 tuum
2786 1542 2843 1595 in
2884 1558 3015 1611 pace
3056 1542 3123 1597 '°.
3152 1540 3380 1596 Mortem
3426 1539 3610 1611 itaque

2027 1647 2442 1694 contemnamus
2470 1653 2484 1690 :
2515 1635 2642 1690 licet
2673 1633 2821 1689 enim
2866 1633 3284 1689 reformidemus
3325 1632 3495 1697 illam,
3522 1632 3608 1686 ni-

340 1716 482 1772 άλλὰ
511 1720 885 1795 τεθνηξόμεθα
932 1724 1149 1791 πάντως
1184 1726 1327 1781 κατὰ
1364 1728 1492 1793 τοὺς
1523 1729 1837 1800 ὁρισθέντας
1864 1731 1925 1802 ἠ-

2041 1730 2328 1787 ailominus
2374 1738 2560 1783 tamen
2616 1728 2899 1799 praeﬁnitis
2940 1743 2970 1782 a
3000 1725 3347 1782 Providentia
3398 1733 3611 1795 tempo—

342 1815 437 1884 μίν
468 1814 623 1887 παρὰ
653 1818 751 1889 τῆς
776 1818 1041 1892 Προνοίας
1068 1820 1311 1894 χρόνους.
1345 1823 1561 1878 Βέλτιον
1589 1824 1752 1879 αὐτὸν
1785 1825 1925 1897 μετὰ

2041 1822 2184 1878 ribus
2213 1821 2532 1877 moriemur.
2579 1819 2814 1877 Praestat
2857 1819 3003 1875 enim
3052 1834 3195 1884 eam,
3232 1827 3294 1873 ut
3319 1819 3608 1889 repetitum

341 1908 441 1980 τῆς
469 1911 678 1983 ἀρετῆς
730 1912 1046 1985 ἐκδέχεσθαι
1078 1916 1154 1980 ὡς
1195 1916 1629 1989 ἀπαιτούμενον,
1681 1917 1714 1990 ἢ
1766 1917 1924 1989 μόνον

338 2000 558 2067 ἀκλεῶς
596 2004 911 2060 ἀποδοῦναι.
951 2007 1010 2059 '0
1042 2006 1144 2077 μὲν
1175 2007 1282 2081 γὰρ
1325 2010 1383 2064 ὲν
1427 2009 1707 2081 θεοσεόείᾳ
1737 2009 1935 2063 τελευ-.

338 2092 448 2147 τῶν
474 2092 603 2146 οὐδὲ
632 2093 994 2168 ἀποθνήσκων
1024 2098 1171 2153 ἐστίν
1198 2116 1212 2130 ο
1268 2101 1296 2152 ὁ
1339 2100 1398 2153 δὲ
1431 2099 1511 2171 τῷ
1554 2101 1732 2173 χρόνῳ
1767 2101 1926 2173 μόνον

339 2185 767 2257 ἀπαιτούμενος,
814 2188 888 2253 ὡς
929 2189 1107 2261 ἑαυτῷ
1153 2189 1345 2263 ζήσας,
1390 2192 1639 2264 ἀνάγκην
1690 2192 1804 2263 ἔχει
1834 2193 1928 2247 καὶ

338 2278 432 2332 τοῦ
467 2279 671 2351 χρόνου
698 2280 890 2349 λόγους
913 2282 1205 2336 ἀποδοῦναι
1250 2285 1343 2337 καὶ
1385 2284 1460 2356 μὴ
1500 2286 1732 2350 ἀποδοὺς
1759 2285 1926 2340 duo?»

341 2387 431 2424 σαι
453 2388 468 2402 ο
520 2371 835 2439 Ἀπέλαϐες
863 2372 935 2427 τὰ
959 2374 1149 2443 ἀγαθὰ
1174 2376 1245 2429 ὲν
1278 2375 1353 2444 τῇ
1393 2374 1505 2445 ζωῇ
1529 2393 1666 2445 σου,
1703 2379 1820 2432 νῦν
1861 2377 1929 2432 δὲ

337 2452 454 2513 ὧδε
488 2457 816 2516 ὀδυνᾶσαι.
878 2463 1213 2535 Ἀνδριστέον
1260 2466 1477 2531 τοίνυν,
1519 2468 1595 2531 ὡς
1634 2470 1926 2542 παρήγγη-

337 2552 429 2607 λεν
454 2556 484 2608 ό
536 2554 875 2620 Ἀπόστολος,
909 2554 1050 2609 ὥστε
1086 2557 1315 2628 νεκροῦν
1341 2559 1441 2631 ἤδη
1471 2559 1539 2613 τὰ
1570 2560 1703 2633 μέλη
1737 2560 1806 2615 τὰ
1838 2563 1930 2616 ἐπὶ

338 2644 440 2715 τῆς
471 2643 608 2715 γῆς,
637 2646 731 2699 καὶ
759 2649 1237 2717 παρασκευαστέον
1269 2652 1348 2714 είς
1376 2651 1474 2721 τὴν
1505 2650 1682 2716 ἔξοδον
1722 2652 1797 2706 τὰ
1838 2653 1931 2726 ἔρ-

341 2752 413 2804 γα
439 2752 454 2768 ο
489 2735 610 2800 ἵνα,
641 2736 742 2791 κᾶν
776 2737 956 2810 φθάσῃ
990 2739 1081 2793 τοῦ
1125 2740 1321 2812 χρόνου
1349 2741 1409 2795 τὸ
1433 2742 1607 2808 τέλος,
1654 2745 1686 2815 ἢ
1717 2744 1930 2815 κληθῶ-

341 2845 442 2898 μεν
475 2828 639 2900 erupit
674 2830 767 2883 τοῦ
804 2832 1076 2902 Σωτῆρος,
1121 2832 1365 2905 εἴπωμεν
1416 2835 1511 2889 καὶ
1561 2837 1759 2907 ἡμεῖς*
1800 2838 1933 2892 Νῦν

340 2920 642 2986 ἀπολύεις
670 2921 776 2974 τὸν
795 2921 1021 2976 δοῦλόν
1045 2937 1182 2989 σου,
1207 2922 1512 2980 Δέσποτα·
1541 2926 1607 2980 ἂν
1630 2927 1690 2981 δὲ
1716 2929 1810 2981 καὶ
1836 2930 1932 2982 αὺ-

344 3012 441 3075 τδς
467 3014 497 3066 ὁ
525 3011 732 3083 Κύριος
786 3013 912 3085 ἔλθῃ
934 3054 963 3080 ,,
1014 3016 1101 3071 ἵνα
1134 3016 1269 3090 εὕρῃ
1322 3017 1731 3092 γρηγοροῦντας
1762 3021 1927 3091 ἡμᾶς,

2027 1916 2292 1982 debitum,
2325 1929 2451 1970 cum
2482 1915 2685 1968 virtute
2719 1914 3004 1983 excipere,
3057 1927 3224 1982 quam
3272 1911 3391 1967 sine
3432 1907 3609 1981 gloria

2027 2018 2302 2078 oppetere.
2336 2006 2473 2061 Nam
2510 2005 2603 2077 qui
2625 2005 2878 2076 religiose
2914 2004 3063 2059 diem
3097 2003 3235 2064 obit,
3259 2016 3607 2071 nequaquam

2027 2099 2298 2179 moritur;
2347 2099 2443 2169 qui
2488 2112 2619 2153 vero
2669 2097 2738 2153 de
2788 2104 3032 2167 tempore
3076 2096 3254 2151 solum
3311 2094 3611 2165 requisitus

2028 2192 2214 2257 fuerit,
2243 2190 2402 2261 quasi
2437 2190 2544 2246 sibi
2584 2190 2686 2259 ipsi
2713 2188 2947 2252 vixerit,
2982 2202 3210 2243 necesse
3232 2194 3317 2242 est
3357 2186 3519 2243 etiam
3550 2195 3612 2241 ut

2029 2284 2294 2354 temporis
2322 2283 2589 2338 rationem
2621 2283 2852 2338 reddat:
2885 2292 2939 2337 et
2968 2283 3016 2337 si
3049 2298 3157 2336 non
3194 2281 3407 2346 reddat,
3439 2281 3488 2336 id
3510 2296 3610 2335 au-

2029 2375 2142 2430 diet
2168 2390 2183 2428 :
2206 2372 2467 2443 Recepisti
2489 2377 2627 2426 bona
2653 2373 2708 2426 in
2738 2374 2847 2426 vita
2871 2381 2983 2437 tua,
3013 2388 3151 2426 nunc
3173 2382 3349 2426 autem
3377 2372 3463 2425 hic
3494 2388 3612 2424 cru-

2031 2464 2194 2518 ciaris
2229 2463 2297 2517 ⁶¹.
2342 2461 2583 2518 Viriliter
2628 2463 2814 2533 itaque
2872 2462 3143 2533 agendum
3178 2503 3193 2528 ,
3240 2471 3303 2516 ut
3352 2462 3613 2532 praecepit

2032 2560 2333 2632 Apostolus
2367 2561 2449 2627 ⁶²;
2480 2560 2553 2614 ita
2582 2571 2643 2613 ut
2663 2560 2779 2629 jam
2809 2557 3203 2614 mortiﬁcemus
3223 2557 3467 2612 membra
3490 2570 3613 2626 quis

2033 2661 2161 2708 sunt
2191 2668 2354 2723 super
2390 2660 2593 2707 terram
2622 2652 2702 2720 ⁶³;
2734 2661 2897 2721 atque
2939 2649 3294 2721 przeparanda
3337 2663 3437 2719 pro
3464 2649 3612 2703 exitu

2034 2753 2161 2800 sunt
2186 2759 2353 2816 opera
2384 2754 2609 2811 nostra;
2642 2752 2715 2798 ut
2754 2744 2799 2798 si
2836 2744 3097 2814 temporis
3140 2739 3410 2797 terminus
3455 2755 3616 2795 acce-

2033 2838 2146 2902 dat,
2178 2845 2273 2892 aut
2323 2851 2585 2893 vocemur
2643 2852 2674 2891 a
2723 2833 3045 2903 Salvatore,
3097 2834 3345 2889 dicamus
3391 2839 3445 2889 et
3492 2847 3612 2896 nos,

2038 2928 2196 2983 Nunc
2219 2929 2452 2983 dimittis
2483 2944 2687 2983 servum
2715 2937 2884 2994 tuum,
2915 2926 3139 2981 Domine
3164 2943 3182 2980 :
3218 2934 3271 2980 et
3296 2925 3340 2980 si
3373 2924 3488 2994 ipse
3510 2921 3616 2977 Do-

2038 3020 2218 3075 minus
2243 3021 2472 3085 venerit,
2498 3036 2600 3075 nos
2625 3020 2915 3090 vigilantes
2938 3019 3195 3085 inveniat,
3225 3031 3325 3072 nec
3340 3015 3616 3070 dormien-

348 3105 445 3157 καὶ
480 3104 557 3174 μὴ
584 3105 958 3176 κοιμωμένους
988 3107 1506 3180 αἰτιάσηταιλέγων
1529 3125 1543 3139 ’
1584 3111 1782 3177 Οὕτως
1822 3114 1933 3167 οὐκ

2041 3122 2122 3168 tes
2153 3113 2398 3182 increpet
2428 3114 2514 3169 his
2551 3111 2890 3177 verbis,'Sic
2929 3127 3033 3165 non
3064 3111 3311 3181 potuistis
3342 3123 3446 3162 una
3483 3115 3615 3160 hora

348 3194 648 3262 ἰσχύσατε
667 3196 817 3263 μίαν
836 3195 995 3264 ὥραν
1019 3198 1432 3267 γρηγορῆσαι;
1455 3200 1661 3264 ’Ὕπνος
1684 3200 1933 3272 ciem;

349 3283 500 3338 ἐστιν
533 3285 566 3355 ή
594 3285 826 3357 ἀμέλεια
856 3290 949 3342 καὶ
981 3291 1015 3360 ἡ
1049 3290 1327 3360 ἀμνηστία
1359 3291 1451 3344 τοῦ
1491 3291 1746 3345 θανάτου.

2041 3204 2261 3274 vigilare
2277 3204 2367 3258 “‘i
2393 3204 2633 3261 Somnus
2649 3219 2813 3275 porro
2834 3204 3049 3267 animm,
3074 3211 3158 3258 est
3174 3200 3385 3257 incuria
3401 3208 3454 3255 et
3472 3213 3619 3253 mora

2041 3295 2111 3350 tis
2135 3295 2355 3352 oblivio.

851 3431 983 3495 Qua:
1008 3439 1298 3501 sequuntur
1324 3430 1455 3485 ibid.
1491 3448 1614 3501 pag.
1669 3431 1828 3497 1010,
1861 3432 1918 3489 iu
1951 3450 2188 3490 sermone
2223 3433 2425 3503 majore
2457 3433 2522 3488 de
2548 3432 2683 3488 Fide
2713 3432 2870 3487 [tabes
2901 3448 3081 3500 supra.

426 3547 539 3618 (29)
585 3549 694 3603 Kal
740 3550 812 3604 ἐν
848 3550 924 3620 τῇ
969 3551 1293 3623 συναγωγῇ
1326 3548 1405 3622 ἦν
1436 3552 1746 3621 ἄνθρωπος
1778 3552 1937 3623 ἔχων

350 3640 593 3710 πνεῦμα
615 3639 927 3710 δαιμονίου
944 3644 1303 3711 ἀκαθάρτου.
1325 3644 1434 3698 Καὶ
1453 3645 1747 3713 ἀνέκραξε
1768 3644 1943 3715 φωνῇ.

344 3730 610 3802 μεγάλῃ,
644 3731 841 3802 λέγων
864 3749 878 3763 ·
908 3735 1041 3799 Ἔα,
1076 3735 1132 3787 τί
1155 3733 1300 3805 ἡμῖν
1328 3733 1427 3787 καὶ
1457 3736 1577 3797 σοὶ,
1598 3736 1793 3802 Ἰησοῦ
1819 3738 1938 3790 Να-

348 3821 606 3894 (amre;
632 3818 847 3889 Ἦλθες
885 3824 1183 3879 ἀπολέσαι
1221 3823 1400 3895 ἡμᾶς.
1453 3826 1711 3897 Οἴδαμέν
1739 3842 1814 3881 σε
1847 3827 1943 3895 τίς

351 3911 429 3977 εἷ,
460 3918 494 3970 ό
529 3914 721 3985 Ἄγιος
748 3915 855 3970 τοῦ
891 3916 1060 3970 Θεοῦ.
1094 3917 1161 3970 ’Ὀ
1195 3934 1260 3986 γε
1308 3917 1414 3988 μὴν
1446 3918 1656 3989 δαίμων
1683 3920 1711 3973 ό
1745 3917 1937 3985 εἰπὼν,

356 4007 625 4078 Οἴδαμέν
645 4022 741 4068 σε.
770 4009 871 4061 οὐκ
898 4009 1014 4080 ᾔδει
1053 4009 1218 4064 αὐτὸν
1244 4010 1459 4080 ἀληθῶς
1480 4027 1495 4041 ·
1531 4010 1669 4065 ἀλλὰ
1695 4014 1808 4075 τοῖς
1843 4013 1941 4083 ῥή-

356 4116 527 4154 οιιασιν
557 4098 902 4170 ὑπεκρίνετο.
939 4100 1131 4153 Καίτοι
1158 4100 1215 4153 δὲ
1239 4099 1449 4172 τάληθῆ
1488 4100 1738 4170 λέγοντα,
1766 4101 1941 4174 άληθῆ

350 4188 463 4262 γὰρ
497 4187 676 4258 ἔλεγε,
703 4188 788 4243 Σὺ
812 4185 919 4243 eid
945 4190 1141 4260 ’Ἄγιος
1166 4188 1272 4243 τοῦ
1302 4190 1473 4254 Θεοῦ,
1499 4190 1696 4261 ὲφίμου
1728 4191 1822 4245 καὶ
1840 4192 1940 4246 λα-

352 4280 469 4333 ἰεῖν
504 4276 750 4333 ὲκώλυε’
803 4281 1013 4352 μήποτε
1068 4279 1209 4351 μετὰ
1256 4280 1353 4352 τῆς
1404 4280 1661 4355 ἀληθείας
1718 4283 1810 4338 καὶ
1842 4282 1941 4356 τὴν

356 4371 497 4425 ,δίαν
532 4370 734 4426 κακίαν
778 4372 1095 4445 ὲπισπείρῃ,
1132 4373 1226 4427 καὶ
1260 4373 1347 4426 ἵνα
1374 4374 1469 4427 καὶ
1498 4376 1645 4445 ἡμᾶς
1679 4376 1941 4448 συνεθίσῃ

356 4466 634 4538 μηδέποτε
668 4468 781 4529 τοῖς
822 4465 1085 4530 τοιούτοις
1116 4466 1404 4538 προσέχειν
1424 4507 1440 4531 ,
1474 4469 1578 4521 κᾶν
1609 4467 1808 4521 δοκῶσι
1841 4470 1938 4523 τά-

352 4559 494 4630 mea
520 4558 726 4626 λέγειν.
758 4558 870 4613 Καὶ
895 4557 1001 4629 γὰρ
1041 4559 1323 4631 ἀπρεπὲς,
1381 4560 1602 4630 ἔχοντας
1651 4561 1797 4632 ἡμᾶς
1841 4561 1941 4625 τὰς

354 4652 508 4714 θείας
543 4649 767 4722 Γραφὰς
796 4650 889 4704 καὶ
934 4651 1034 4722 τὴν
1073 4651 1224 4722 παρὰ
1277 4650 1371 4704 τοῦ
1425 4652 1676 4722 Σωτῆρος
1729 4652 1942 4707 ἐλευθε-

359 4744 503 4806 οἰαν,
549 4742 894 4797 διδάσκεσθαι
926 4743 1032 4797 ὑπὸ
1079 4742 1172 4796 τοῦ
1218 4743 1462 4803 διαϐόλου
1506 4744 1600 4798 τοῦ
1655 4744 1730 4816 μὴ
1769 4746 1941 4817 τηρή-

2116 3555 2186 3611 Et
2226 3556 2281 3609 in
2308 3571 2576 3627 synagoga
2598 3564 2715 3610 erat
2747 3555 2903 3609 homo
2932 3552 3126 3606 habens
3155 3549 3399 3620 spiritum
3420 3548 3618 3601 diruto-

2042 3648 2118 3701 m‘i
2150 3648 2452 3711 immundi,
2502 3655 2555 3702 et
2607 3647 2924 3701 exclamavit
2979 3660 3099 3699 voce
3147 3659 3344 3713 ntagna
3393 3640 3617 3693 dicens:

2041 3736 2190 3801 Siue,
2219 3737 2346 3807 quid
2376 3736 2525 3790 nobis
2556 3746 2603 3790 et
2625 3736 2744 3801 tibi,
2769 3734 2897 3789 Iesu
2927 3732 3252 3807 Nazarene?
3282 3730 3481 3784 Venisti
3499 3744 3620 3797 per-

2038 3828 2159 3882 dere
2192 3844 2308 3882 nos.
2349 3826 2559 3882 Scimus
2609 3836 2657 3880 te
2687 3827 2805 3895 quis
2852 3827 2948 3891 sis,
2989 3823 3217 3879 Sanctus
3265 3822 3358 3876 Dei
3382 3822 3448 3873 ⁸⁵.
3498 3818 3617 3873 Dm—

2040 3933 2170 3973 mon
2192 3918 2288 3988 qui
2323 3917 2484 3982 dixit,
2519 3914 2729 3971 Scimus
2754 3926 2824 3981 te,
2868 3931 2975 3969 non
3006 3928 3143 3968 vere
3166 3912 3377 3967 sciebat
3402 3910 3616 3981 ipsum;

2041 4013 2137 4065 sed
2166 4008 2352 4064 verbis
2392 4007 2713 4064 simulabat.
2763 4005 2878 4061 Etsi
2911 4012 3093 4060 autem
3120 4018 3249 4059 vera
3279 4002 3616 4072 loqueretur,

2040 4115 2165 4154 nam
2191 4115 2317 4155 vere
2341 4099 2559 4156 dicebat
2587 4099 2795 4169 utique,
2840 4096 2925 4151 Tu.
2952 4113 3007 4151 es
3036 4093 3265 4150 Sanctus
3296 4093 3415 4161 Dei,
3437 4092 3621 4162 ipsum

2039 4201 2221 4247 tamen
2250 4191 2500 4248 frenabat
2540 4191 2805 4247 Dominus
2846 4188 3244 4258 coercebatque
3275 4201 3343 4242 ne
3370 4185 3622 4255 loquere-

2042 4291 2166 4351 tur;
2192 4297 2262 4339 ne
2300 4281 2440 4337 forte
2461 4297 2566 4336 una
2593 4292 2719 4337 cum
2750 4280 2979 4335 veritate
3012 4292 3172 4337 suam
3203 4290 3425 4347 quoque
3461 4275 3619 4329 mali-

2040 4374 2170 4430 tiam
2220 4373 2611 4429 disseminaret
2639 4413 2654 4439 ,
2698 4381 2868 4443 utque
2920 4386 3021 4427 nos
3070 4374 3434 4435 assuesceret,
3481 4383 3626 4421 nun-

2042 4482 2207 4537 quam
2239 4467 2459 4522 illorum
2489 4466 2654 4522 dictis
2680 4505 2696 4529 ,
2732 4475 2788 4522 et
2828 4463 2873 4521 si
2917 4479 3050 4520 vera
3078 4463 3229 4533 loqui
3266 4462 3582 4517 viderentur
3605 4501 3623 4525 ,

2044 4560 2204 4616 tidem
2235 4559 2461 4614 habere.
2491 4556 2770 4627 Siquidem
2799 4556 3123 4613 indecorum
3155 4562 3242 4610 est
3271 4570 3394 4616 nos,
3426 4552 3633 4607 divinis

2045 4650 2348 4722 Seripturis
2375 4665 2441 4705 ac
2477 4649 2787 4704 Servatoris
2813 4649 3068 4703 libertate
3097 4646 3418 4709 instructos,
3446 4659 3476 4697 a
3501 4642 3623 4697 dia-

2045 4745 2190 4811 bolo,
2222 4746 2316 4814 qui
2348 4744 2629 4814 proprium
2678 4757 2790 4796 non
2839 4740 3078 4797 servavit
3122 4739 3368 4795 ordinem
3393 4777 3409 4803 ,
3439 4736 3631 4791 etalia

356 4851 553 4897 σαντος
586 4833 684 4905 τὴν
716 4834 848 4888 ἰδίαν
878 4835 1054 4903 τάξιν,
1083 4835 1197 4889 ἀλλ’
1231 4836 1395 4906 ἕτερα
1414 4836 1541 4895 ¹ἀνθ’
1579 4837 1784 4909 ἑτέρων
1811 4854 1933 4909 φρο-

2046 4852 2144 4906 pro
2177 4837 2302 4892 aliis
2348 4836 2542 4901 sensit,
2578 4833 2822 4891 edoceri.
2877 4832 3244 4903 Quamobrem
3291 4830 3445 4884 illum
3478 4869 3494 4892 ,
3541 4828 3629 4883 vel

354 4928 646 4997 νήσαντος.
682 4926 780 4980 Διὰ
820 4927 979 4981 τοῦτο
1030 4929 1143 4987 καὶ,
1174 4929 1439 4986 λαλοῦντα
1489 4930 1649 4984 αὐτὸν
1687 4929 1786 4994 τὰς
1830 4931 1941 4984 ἀπὸ

353 5020 464 5072 τῶν
490 5018 726 5090 Γραφῶν
758 5018 935 5086 λέξεις
959 5020 1158 5074 κωλύει
1182 5021 1355 5090 λέγων
1376 5038 1389 5053 ο
1423 5020 1506 5087 Τῷ
1530 5021 1599 5075 δὲ
1618 5002 1941 5091 ἁμαρτωὶῷ

350 5102 529 5160 εἶπεν
555 5109 590 5160 ὀ
624 5107 772 5174 Θεός
796 5125 810 5138 ·
843 5108 977 5162 Ἵνα
1010 5109 1067 5161 τί
1087 5109 1169 5163 σὺ
1194 5110 1447 5181 ἐκδιηγῇ
1478 5111 1551 5165 τὰ
1582 5108 1943 5179 δικαιώματά

346 5215 504 5267 μου;
536 5198 601 5252 Οἱ
637 5198 738 5269 μὲν
763 5193 855 5254 οὖν
890 5201 1071 5254 πιστοὶ
1096 5200 1349 5258 δύνανται
1380 5204 1509 5276 παρ’
1550 5202 1719 5271 αὐτῆς
1756 5218 1816 5255 τε
1843 5203 1942 5273 τῆς

297 5301 306 5309 ’
355 5291 638 5361 πατρικῆς
662 5291 848 5362 φωνῆς
878 5291 1166 5365 λεγούσης,
1198 5290 1388 5361 Οὗτός
1414 5295 1590 5349 ἐστιν
1610 5297 1642 5349 ὁ
1664 5295 1792 5361 Υἱός
1814 5311 1928 5362 μου

428 5424 475 5455 ⁵⁹
496 5422 644 5477 Psal.
685 5430 923 5491 xxvu,3.
1005 5430 1049 5462 ⁶⁰
1079 5429 1210 5485 Luc.
1250 5446 1310 5489 tt.
1349 5430 1441 5486 29.
1518 5431 1559 5463 "
1590 5431 1725 5484 Luc.
1767 5413 2011 5554 δίνῃῆς

432 5532 444 5545 .
523 5496 569 5525 ⁸³
610 5494 750 5554 Luc.
784 5514 866 5554 tv.
894 5499 984 5554 55.
1021 5500 1109 5554 54.
1208 5501 1253 5532 ⁸⁸
1286 5500 1430 5554 Psal.
1465 5517 1609 5554 κως.
1646 5502 1731 5554 16.
1808 5501 1877 5533 ⁸⁸·
1906 5501 1930 5554 λ
1962 5514 2011 5554 at

353 5492 444 5547 57.
523 5496 569 5525 ⁸³
610 5494 750 5554 Luc.
784 5514 866 5563 tv,
894 5499 984 5565 55,
1021 5500 1109 5554 54.
1208 5501 1253 5532 ⁸⁸
1286 5500 1430 5554 Psal.
1465 5517 1609 5563 κως,
1646 5502 1731 5555 16.
1808 5501 1877 5533 ⁸⁸·

441 5609 561 5678 (28)
603 5609 729 5667 Ilaec
756 5614 1025 5667 habentur
1063 5615 1115 5667 in
1156 5615 1369 5684 eodem
1408 5614 1594 5668 codice
1620 5634 1632 5645 -
1688 5614 1942 5684 cditaquc

363 5685 663 5756 primumii
688 5684 844 5756 nobis
871 5694 1000 5756 sunt
1029 5686 1229 5738 Athan.
1277 5695 1314 5756 t_.
1358 5683 1397 5744 I,
1430 5702 1480 5753 ν.
1524 5684 1673 5736 l0l0.

439 5751 559 5818 (39)
593 5750 716 5809 llaec
753 5754 1020 5809 incudem
1054 5755 1243 5810 codice
1288 5750 1654 5822 lingquibus
1683 5770 1939 5822 perquam

2050 4928 2481 4998 Scripturarum.
2515 4927 2661 4982 dicta
2694 4926 3088 4997 proferentem,
3127 4930 3344 4979 coercet
3390 4920 3578 4976 dicens
3609 4938 3622 4972 :

2052 5020 2544 5079 Peccatoriaulem
2583 5018 2725 5073 dixit
2762 5018 2901 5072 Deus
2932 5032 2951 5072 :
2995 5018 3173 5082 Quare
3216 5026 3519 5068 taenarias
3537 5014 3629 5080 jus

2048 5113 2229 5170 stitias
2260 5127 2403 5169 meas
2431 5110 2510 5165 “i
2547 5109 2787 5165 Possunt
2820 5108 3004 5180 itaque
3058 5108 3243 5163 ﬁdeles
3291 5107 3360 5161 ab
3397 5106 3511 5174 ipsa
3542 5120 3629 5173 pas

2049 5215 2209 5262 terna
2224 5220 2358 5261 voce
2373 5206 2586 5263 dicente
2605 5226 2617 5262 :
2641 5206 2745 5261 Hic
2763 5214 2839 5260 est
2859 5203 3035 5257 Filius
3061 5217 3203 5256 meus
3224 5198 3446 5257 dilectus
3461 5197 3549 5261 “‘,
3572 5207 3626 5249 et

2049 5296 2118 5355 ab
2145 5296 2358 5368 angelis
2382 5297 2560 5367 ipsum
2592 5297 2973 5362 adorantibus,
3006 5308 3222 5349 necnon
3240 5308 3271 5347 a
3292 5289 3505 5349 sanctis
3529 5290 3629 5358 qui

2062 5433 2105 5465 “
2141 5434 2318 5519 ΙΟοΕ
2354 5452 2464 5500 xvi,
2494 5436 2577 5519 15‘.
2645 5435 2690 5467 ⁸³
2726 5434 2935 5491 Coloss.
2970 5448 3052 5497 tu,
3090 5431 3143 5486 5.
3220 5430 3263 5461 “
3304 5426 3466 5482 Marc.
3502 5440 3618 5489 ιιν.

1962 5504 2099 5561 attlt.
2135 5521 2218 5571 Ill,
2252 5506 2345 5573 i7;
2384 5523 2515 5570 λνιι,

2052 5620 2257 5689 similia
2294 5621 2460 5675 babes
2521 5622 2574 5674 iu
2615 5619 2858 5689 Epistoia
2890 5617 2956 5673 ad
2997 5615 3286 5688 episcopos
3325 5607 3541 5683 )Egypti
3572 5616 3627 5666 es

2051 5688 2253 5756 Librae,
2292 5707 2343 5761 p.
2379 5691 2505 5746 215.
