3990 6208
418 322 560 387 4599

1232 324 1290 378 S.
1327 322 1700 379 ATHANASII
1738 320 1891 381 OPP.
1933 321 2119 379 PARS
2157 321 2240 382 ΙΙΙ.
2286 355 2355 366 -
2391 323 2806 382 EXEGETICA.

3532 324 3675 381 μου

417 448 485 505 de
523 445 616 502 illo
645 445 1001 521 scripserunt,
1035 442 1299 507 ediscere,
1332 438 1514 511 ipsum
1552 439 1733 496 solum
1757 453 1880 494 esse
1907 430 2024 499 Fin

2111 441 2128 494 5
2177 439 2483 511 ἀγαπητὸς
2503 482 2517 506 ,
2552 438 2648 494 καὶ
2679 438 2831 511 παρὰ
2876 436 2985 491 τῶν
3028 454 3475 510 προσκυνούντων
3506 440 3672 495 αὐτὸν

417 540 550 594 lium
578 547 632 594 et
662 535 902 593 Verbum
937 532 1052 589 Dei.
1085 531 1275 586 Ariani
1316 548 1468 598 vero,
1509 535 1699 603 utpote
1726 546 1835 587 non
1859 544 1997 601 pura

418 641 599 688 mente
625 629 859 701 praediti,
889 641 1014 681 cum
1044 640 1154 680 non
1187 624 1400 680 valeant
1427 640 1459 680 a
1508 624 1712 680 divinis
1755 632 1812 679 et
1841 624 1999 678 theo-

417 721 559 794 logis
594 721 727 777 viris
747 719 797 775 id
824 717 1031 784 audire,
1058 716 1143 772 vel
1176 731 1208 771 a
1233 716 1511 773 similibus
1541 717 1625 772 sui
1652 715 1998 772 daemonibus

418 815 689 877 ediscant,
734 812 884 883 ipsos
929 824 1040 865 non
1096 809 1252 880 quasi
1308 808 1464 863 multi
1492 808 1852 872 exsisterent,
1902 805 1998 863 sed

420 920 589 961 vnum
620 918 743 960 esse
769 902 1024 970 scientes,
1056 902 1284 966 dixisse,
1326 899 1405 955 Tu
1441 917 1495 955 es
1523 898 1752 955 Sanctus
1781 897 1902 965 Dei,
1943 906 1999 953 et

420 994 599 1049 Filius
658 993 772 1048 Dei.
827 988 963 1047 Nam
995 993 1090 1063 qui
1134 990 1367 1048 haeresin
1400 990 1536 1062 ipsis
1558 989 1853 1062 suggessit,
1884 1002 1997 1044 non

419 1089 576 1153 dixit,
609 1086 689 1155 τοι
733 1103 786 1142 es
825 1095 1043 1141 sanctus
1094 1085 1234 1151 Dei,
1270 1085 1430 1156 quasi
1472 1084 1563 1139 alii
1591 1092 1815 1150 essent;
1851 1083 1948 1139 sed
1977 1121 1994 1148 ,

423 1180 501 1234 Tu
527 1195 579 1233 es
610 1178 701 1232 ille
723 1177 953 1233 Sanctus
973 1176 1090 1243 Dei,
1117 1177 1275 1248 quasi
1307 1176 1514 1232 scilicet
1546 1175 1666 1246 ipso
1699 1175 1817 1231 solo
1848 1174 1999 1231 exsi-

421 1280 617 1326 stentc.
649 1270 908 1341 Apposite
930 1270 1096 1340 igitur
1116 1269 1382 1325 articulus
1404 1267 1661 1323 additur:
1696 1282 1822 1322 nam
1853 1281 1997 1322 unus

419 1372 503 1418 est
529 1362 621 1432 qui
656 1371 846 1417 natura
872 1370 1097 1417 sanctus
1126 1368 1232 1427 est,
1267 1359 1427 1430 cujus
1460 1358 1878 1429 participatione
1902 1357 1996 1413 alii

423 1453 596 1508 sancti
625 1453 881 1508 evadunt.
914 1450 989 1506 Ita
1019 1452 1344 1523 plerumque
1367 1451 1453 1505 vel
1476 1450 1578 1521 ipsi
1609 1449 1878 1504 mendacii
1909 1464 1999 1503 ar-

422 1547 618 1612 tilices,
668 1545 736 1600 ab
773 1545 889 1616 ipsa
930 1544 1179 1600 veritatis
1229 1543 1620 1615 perspicuitate
1652 1544 1826 1599 coacti
1863 1582 1878 1608 ,
1914 1542 2001 1597 vel

420 1637 576 1690 inviti
607 1624 982 1694 testimonium
1010 1635 1227 1693 veritati
1281 1633 1487 1691 ierunt.
1542 1633 1822 1705 Siquidem
1874 1634 2000 1689 dae-

420 1744 616 1786 mones
662 1745 776 1784 non
830 1729 1297 1801 evangelistarum
1338 1728 1576 1783 oﬂicium
1618 1727 1995 1797 praestabant;

2098 532 2364 602 ἀγγέλων,
2395 531 2488 585 καὶ
2512 530 2621 586 τῶν
2654 531 2783 603 περὶ
2817 528 2981 584 αὐτοῦ
3008 528 3332 601 γραψάντων
3361 528 3534 599 ἁγίων
3573 548 3675 602 μα-

2100 626 2233 692 θεῖν,
2267 626 2349 680 ὅτι
2399 623 2562 690 αὐτὸς
2595 623 2751 695 μόνος
2789 624 2935 677 ἐστὶν
2975 624 3005 677 6
3042 621 3169 688 Υίὸς
3210 622 3303 677 καὶ
3353 623 3528 694 Λόγος
3578 625 3674 680 τοῦ

2101 718 2261 774 Θεοῦ.
2305 718 2572 790 ’Ᾱρειανοέ
2602 718 2659 772 δὲ
2683 718 2804 772 ἐπεὶ
2835 716 2934 789 τὴν
2958 715 3195 770 διάνοιαν
3225 717 3323 770 ούκ
3354 716 3541 787 ἔχουσι
3576 735 3672 772 κα-

2100 811 2296 883 θαρὰν,
2323 811 2445 865 ούδέ
2471 810 2723 865 δύνανται
2748 809 2905 863 θείων
2940 810 3233 863 ἐπακούειν
3266 808 3363 862 καὶ
3408 809 3676 879 θεολόγων

2100 903 2343 975 ἀνδρῶν,
2397 901 2549 974 παρὰ
2589 899 2720 971 γοῦν
2766 898 2875 954 τῶν
2919 899 3121 975 ὁμοίων
3164 899 3352 962 αὐτοῖς
3403 899 3673 971 δαιμόνων

2102 971 2441 1066 μαθέτωσαν,
2468 971 2549 1048 δτι
2579 993 2655 1065 μὴ
2678 991 2753 1057 ὡς
2782 990 2991 1045 πολλῶν
3034 971 3201 1044 όντων
3232 990 3565 1061 ἀνεφιῦνουν,
3593 990 3673 1045 ἁλι

2098 1083 2167 1142 λὰ
2186 1088 2375 1141 τοῦτον
2405 1087 2564 1158 μόνον
2589 1085 2787 1149 ειδότες
2813 1084 3000 1154 ἔλεγον
3019 1101 3033 1114 ’
3067 1083 3152 1139 Σὺ
3179 1079 3239 1138 εἴ
3272 1087 3305 1138 ό
3330 1085 3535 1153 Ἄγιος
3568 1081 3664 1137 toi

2105 1181 2275 1245 Θεοῦ,
2302 1180 2395 1234 καὶ
2425 1182 2458 1234 ό
2494 1178 2627 1245 Υἱὸς
2646 1178 2754 1232 τοῦ
2791 1176 2960 1232 Θεοῦ.
2995 1176 3107 1230 Καὶ
3139 1175 3248 1248 γὰρ
3279 1178 3307 1230 6
3328 1176 3429 1247 τὴν
3460 1176 3670 1244 αἵρεσιν

2099 1273 2283 1337 αὐτοῖς
2309 1267 2594 1325 ὑποϐαλὼν
2613 1268 2714 1323 οὐκ
2743 1267 2915 1338 ἔλεγε,
2951 1265 3035 1322 Σὺ
3066 1263 3122 1322 εἷ
3140 1268 3341 1338 "Aptae;
3366 1267 3473 1321 τοῦ
3505 1266 3671 1331 Θεοῦ,

2099 1363 2175 1428 ὡς
2202 1363 2369 1417 ὄντων
2391 1363 2485 1417 καὶ
2512 1362 2709 1426 ἄλλων,
2734 1360 2890 1425 ἀλλά,
2913 1356 3000 1413 Σὺ
3016 1356 3073 1414 εἷ
3088 1362 3122 1415 ό
3143 1359 3346 1429 ’Λγιος
3364 1359 3472 1413 τοῦ
3503 1357 3667 1424 Θεοῦ,

2099 1456 2175 1522 ὡς
2211 1456 2371 1527 μόνου
2401 1454 2556 1527 ὄντος
2583 1454 2769 1511 αὐτοῦ.
2809 1455 2964 1527 Καλὴ
2997 1450 3093 1508 οὖν
3133 1453 3226 1506 καὶ
3273 1454 3307 1524 ἠ
3341 1452 3435 1505 τοῦ
3466 1449 3668 1523 ἄρθρου

2099 1523 2382 1620 προσθήκη
2404 1564 2419 1580 ο
2447 1523 2661 1619 εἴς’γάρ
2686 1550 2831 1601 ἐστιν
2850 1548 2880 1601 ό
2903 1523 3063 1617 φύσει
3090 1546 3263 1614 ἅγιος,
3293 1523 3353 1599 οὗ
3383 1543 3527 1597 κατά
3556 1540 3674 1613 μέθ-

2106 1640 2218 1708 εξιν
2257 1641 2349 1694 καὶ
2396 1642 2447 1694 οί
2490 1641 2639 1695 ἄλλοι
2670 1642 2835 1709 ἆγιοι.
2885 1636 3042 1694 Οὕτω
3088 1637 3182 1692 καὶ
3215 1637 3370 1690 αὐτοὶ
3414 1635 3671 1698 πολλάκις

2100 1735 2149 1786 οἱ
2179 1734 2407 1804 ἐργάται
2443 1730 2537 1786 τοῦ
2569 1730 2819 1803 ψεύδους,
2848 1731 2952 1785 ὑπὸ
2977 1731 3077 1802 τῆς
3105 1728 3392 1801 ἐναργείας
3433 1728 3671 1796 ἀναγκαο

424 1820 520 1876 sed
553 1835 678 1875 cum
706 1820 957 1876 veritatis
986 1818 1166 1876 lucem
1197 1820 1411 1874 obtueri
1442 1834 1551 1872 non
1581 1818 1847 1882 valerent,
1889 1821 2001 1874 cla-

2111 1822 2347 1893 ζόμενοι,
2385 1818 2721 1892 μαρτυροῦσι
2744 1824 2811 1892 τῇ
2840 1819 3068 1891 ἀληθείᾳ
3103 1818 3199 1873 καὶ
3223 1819 3296 1890 μὴ
3342 1816 3668 1888 βουλόμενοι·

422 1911 677 1967 mabant:
706 1907 916 1971 Scimus
946 1921 994 1965 te
1020 1912 1139 1981 quis
1172 1912 1269 1976 sis,
1310 1909 1538 1966 Sanctus
1582 1909 1697 1965 Dei.

2109 1915 2232 1968 ἐπεὶ
2259 1914 2355 1968 καὶ
2387 1915 2437 1967 oi
2461 1914 2715 1985 δαίμονες
2740 1913 2862 1984 οὐχὶ
2893 1912 3000 1966 τῶν
3036 1909 3433 1980 εύαγγελιστῶν
3463 1909 3673 1960 ἐποίουν

422 2002 604 2074 ἔργον,
639 2003 752 2057 ἀλλ’
805 2002 1149 2057 ἀντιϐλέπειν
1194 2001 1270 2075 μὴ
1300 2002 1703 2079 δυνάμενοιιτῷ
1743 2002 1841 2074 τῆς
1880 2004 2139 2077 ἀληθείας
2178 2008 2336 2076 φαντὶ,
2387 2007 2588 2061 ἐϐόων·
2625 2005 2885 2077 Οἶδαμέν
2921 2020 2995 2061 σε
3033 2006 3125 2071 τίς
3164 1996 3236 2071 εἷ,
3271 2005 3305 2058 ὁ
3336 2001 3529 2072 Ἄγιος
3572 1999 3673 2055 τοῦ

425 2091 596 2147 Θεοῦ.

497 2183 655 2238 Jesus
688 2193 898 2247 autem,
957 2183 1038 2236 his
1088 2183 1310 2248 auditis,
1355 2183 1622 2252 respondit
1670 2183 1718 2236 ei
1774 2184 1997 2238 dicem:

428 2276 560 2343 Noli
582 2278 789 2341 timere,
836 2276 986 2330 crede
1028 2285 1256 2339 tantum,
1289 2285 1337 2330 et
1386 2275 1535 2330 salva
1575 2277 1675 2330 erit
1711 2274 1776 2331 ⁵⁷.
1812 2274 1998 2332 Fidem

424 2370 604 2440 primo
634 2367 871 2438 postulat
905 2366 1166 2423 Dominus
1182 2368 1252 2422 ab
1273 2368 1361 2432 iis,
1383 2367 1478 2437 qui
1505 2368 2001 2437 invocantipsum;

424 2461 888 2532 quemadmodum
939 2476 967 2514 a
1017 2475 1162 2515 (ξαιρο
1216 2460 1300 2515 his
1360 2461 1588 2516 verbis:
1637 2461 1823 2515 Credis
1874 2462 2000 2531 quia

424 2568 637 2623 possunt
668 2552 762 2605 hoc
791 2550 883 2606 (ibi
905 2553 1081 2621 facere
1109 2552 1194 2606 ’8?
1215 2560 1267 2605 et
1304 2553 1542 2607 lunatico
1569 2553 1677 2608 ait:
1715 2552 1776 2608 Si
1803 2554 1998 2618 credis,

427 2644 517 2713 ﬁet
552 2642 618 2698 ".
655 2640 711 2696 1d
753 2653 934 2696 autem
985 2639 1239 2697 Servator
1270 2644 1530 2712 postulat,
1565 2659 1673 2697 non
1723 2643 1870 2714 quod
1919 2643 2001 2697 al-

429 2735 599 2790 terius
626 2750 729 2805 ope
755 2742 944 2806 egeat:
982 2736 1097 2805 ipse
1127 2750 1363 2805 namque
1394 2734 1514 2789 ﬁdei
1542 2750 1764 2805 quoque
1813 2735 1999 2790 domi-

427 2841 532 2880 nus
554 2835 610 2881 et
630 2827 857 2896 largitor
890 2836 1017 2894 est;
1048 2828 1141 2882 sed
1166 2842 1236 2882 ne
1273 2827 1520 2882 videatur
1545 2841 1810 2897 personas
1857 2827 2003 2882 acci-

428 2928 578 2985 pere,
620 2923 788 2985 utque
821 2925 1043 2986 putetur
1088 2917 1268 2987 ipsum
1322 2916 1674 2972 credentibus
1712 2932 1957 2973 aunuere
1987 2958 2011 2984 ,

429 3005 792 3078 hominesque
819 3007 939 3063 sine
972 3007 1078 3064 lide
1115 3007 1379 3063 beneﬁcia
1409 3025 1518 3064 non
1550 3020 1895 3080 accepturos,
1925 3021 2011 3065 at-

2177 2184 2291 2255 (50)
2333 2183 2401 2238 '0
2432 2182 2502 2236 δὲ
2553 2180 2814 2251 Ἰησοῦς,
2861 2180 3157 2248 ἀκούσας,
3195 2180 3487 2248 ἀπεκρίθη
3518 2178 3674 2246 αὐτῷ

2363 2278 2459 2346 Μὴ
2482 2276 2671 2346 φοϐοῦ
2691 2292 2705 2306 ·
2743 2276 2937 2345 μόνον
2974 2274 3244 2338 πίστευε,
3276 2274 3375 2328 καὶ
3409 2273 3675 2340 σωθήσε-

2106 2386 2221 2426 ται.
2255 2368 2450 2423 Πίστιν
2475 2387 2538 2438 γε
2563 2370 2783 2423 ἀπαιτεῖ
2815 2366 3034 2441 πρῶτον
3063 2368 3189 2431 τοὺς
3218 2365 3673 2437 ἐπικαλουμένους

2108 2463 2271 2517 αὑτὸν
2300 2465 2329 2516 6
2359 2460 2600 2534 Κύριοςσ
2645 2461 2719 2525 ὡς
2762 2461 2854 2514 ἐπί¹
2900 2459 2992 2514 τοῦ
3049 2459 3251 2529 τυφλοῦ
3298 2459 3473 2528 λέγων
3508 2474 3522 2488 ·
3581 2460 3671 2511 Πι-

2110 2557 2370 2621 στεύεις,
2389 2554 2479 2609 ὅτι
2510 2554 2771 2624 δύναμαί
2792 2566 2891 2607 σοι
2920 2553 3096 2608 τοῦτο
3133 2552 3381 2620 ποιῆσαι
3399 2567 3418 2615 ;
3450 2551 3545 2604 καὶ
3582 2549 3672 2603 ἐπὶ

2105 2649 2200 2703 τοῦ
2241 2647 2690 2721 σεληνιαζομένου
2725 2647 2783 2701 δέ
2825 2646 3023 2719 φησιν,
3058 2646 3140 2699 ὅτι
3183 2645 3321 2699 Ἐὰν
3367 2643 3666 2711 morsum,

2112 2744 2360 2812 γίνεται.
2397 2742 2644 2795 Ἀπαιτεῖ
2666 2736 2731 2794 δέ
2758 2739 2916 2793 τοῦτο
2947 2741 2975 2792 6
3002 2736 3190 2810 Σωτὴρ
3211 2779 3224 2803 ,
3256 2738 3357 2790 οὐκ
3386 2735 3671 2807 ἐπειδήπερ

2113 2834 2313 2909 ἔχρῃζε
2358 2835 2456 2906 τῆς
2485 2834 2612 2905 παρ’
2645 2833 2848 2904 ἐτέρων
2880 2831 3166 2905 συνεργίας
3185 2846 3199 2859 '
3255 2830 3419 2893 αὐτὸς
3448 2829 3559 2900 γὰρ
3583 2826 3675 2881 καὶ

2113 2925 2219 2995 τῆς
2247 2923 2482 2987 πίστεως
2523 2923 2710 2994 κύριος
2740 2921 2834 2975 καὶ
2859 2922 3093 2993 χορηγός
3119 2921 3269 2975 ἐστιν
3290 2937 3304 2952 ·
3333 2921 3448 2974 ἀλλ’
3486 2920 3571 2973 ἵνα
3607 2918 3675 2991 μὴ

2113 3016 2187 3081 ὼς
2216 3014 2528 3088 προσώποις
2552 3013 2908 3086 χαριζόμενος
2941 3015 3106 3085 φανῇ,
3161 3013 3274 3067 ἀλλ’
3313 3014 3397 3067 ὅτι
3427 3014 3541 3074 τοῖς
3599 3024 3678 3062 πι-

430 3114 537 3167 que
566 3113 635 3152 ex
687 3099 1005 3154 inﬁdelitate
1058 3099 1248 3155 eadem
1312 3102 1617 3158 amissuros
1669 3118 1811 3158 esse.
1868 3101 2005 3158 Nam

2111 3109 2389 3163 στεύουσιν
2418 3106 2676 3173 ἐπινεύει,
2709 3107 2804 3162 καὶ
2837 3102 2922 3161 ἴνα
2944 3109 3016 3178 μὴ
3035 3103 3202 3179 χωρὶς
3230 3106 3466 3168 πίστεως
3492 3104 3677 3170 δέξων-

430 3205 555 3243 cutn
589 3190 820 3262 gratiam
859 3191 1105 3259 confert,
1137 3193 1253 3248 vult
1292 3192 1524 3264 gratiam
1563 3209 1926 3264 permanere;
1953 3204 2009 3253 et

2112 3218 2203 3255 ται
2228 3199 2325 3264 τὰς
2367 3199 2702 3271 εὐεργεσίας,
2752 3201 2845 3254 καὶ
2874 3200 2937 3271 τῇ
2985 3198 3211 3270 ἀπιστία
3241 3192 3445 3260 ταύτας
3481 3194 3672 3248 ἀπολέ-

430 3283 653 3349 quando
683 3292 861 3347 curat,
903 3283 1243 3338 curationem
1272 3298 1554 3355 nunquam
1584 3282 1799 3341 cadel’e.
1832 3284 2004 3341 Para-

436 3373 656 3443 lyticum
683 3390 815 3446 ergo
847 3375 1209 3431 conﬁrmabat
1243 3375 1472 3431 dicens:
1509 3376 1683 3432 Sanus
1709 3378 1893 3448 factus
1926 3395 2002 3445 es,

433 3468 540 3520 noli
566 3466 794 3537 amplius
820 3483 1034 3536 peccare
1062 3468 1129 3522 τ’.
1159 3469 1238 3523 Ac
1269 3467 1728 3538 quemadmodum
1759 3471 1804 3524 si
1833 3454 2006 3526 medi?

435 3577 533 3616 eus
555 3575 681 3615 cum
705 3561 896 3616 morbo
920 3561 1231 3618 laborantes
1257 3563 1403 3628 adit,
1418 3562 1726 3618 sciscitetur
1744 3564 2004 3633 primum,

434 3668 502 3706 an
537 3652 719 3706 curari
745 3651 937 3715 velint,
964 3668 1031 3706 ne
1060 3652 1203 3723 ipso.
1231 3655 1664 3725 repugnantibus
1684 3655 1866 3727 aegris,
1891 3671 2008 3711 me-

2116 3308 2271 3348 σωσι.
2306 3292 2459 3346 Θέλει
2481 3292 2590 3362 γὰρ
2617 3291 2974 3363 χαριζόμενος
3010 3288 3345 3361 παραμένειν
3377 3287 3476 3358 τὴν
3502 3284 3678 3357 χάριν,

2114 3383 2205 3438 καὶ
2257 3382 2576 3454 θεραπεύων
2635 3380 2972 3437 ἀδιάπτωτον
3019 3377 3158 3434 εἶναι
3214 3380 3312 3451 τὴν
3365 3376 3677 3449 θεραπείαν.

2126 3474 2483 3544 Ἦσφαλίξετο
2516 3474 2766 3544 γοῢνιτὸν
2795 3472 3162 3544 παραλυτικὸν
3192 3471 3363 3539 λέγων
3384 3487 3398 3499 ο
3479 3465 3680 3536 ’Υτιὴς

2113 3568 2384 3639 γέγονας,
2409 3566 2621 3637 μηκέτι
2656 3565 2976 3636 ἁμάρτανε.
3010 3564 3124 3618 Καὶ
3164 3558 3352 3634 ὥσπερ
3394 3561 3462 3616 ἀν
3490 3577 3575 3623 τις
3606 3559 3681 3612 ἱα-

2107 3656 2236 3731 τρδς
2267 3657 2452 3712 εἰσιὼν
2486 3658 2624 3730 πρὸς
2661 3657 2788 3720 τοὺς
2840 3656 3148 3727 κάμνοντας
3181 3653 3504 3708 πυνθάνοιτο
3545 3648 3682 3722 πρῶ-

334 3736 343 3751 ’
433 3744 613 3800 delam
664 3743 997 3808 adbibente,
1064 3745 1279 3801 inutilis
1342 3761 1482 3801 cura
1535 3748 1764 3815 evadat;
1815 3749 2005 3803 eodem

2111 3763 2219 3813 τον,
2255 3751 2303 3802 εί
2337 3747 2609 3819 βούλοιντο
2639 3745 3059 3820 θεραπεύεσθαι,
3087 3744 3173 3800 ἵνα
3203 3746 3298 3818 μὴ,
3325 3742 3491 3798 αὐτοῦ
3522 3756 3679 3814 φρον-

436 3851 663 3907 prorsus
695 3837 800 3891 ritu
839 3837 1103 3893 Dominus
1130 3840 1404 3893 curandos
1436 3838 1830 3910 interrogabat,
1853 3841 2013 3911 ipsis-

436 3943 543 3999 que
587 3927 936 3985 credentibus
975 3927 1205 3998 gratiam
1245 3927 1581 3993 conferebat,
1635 3939 1697 3986 ut
1746 3932 1849 3987 ﬁde
1883 3947 2009 4001 gra.

439 4022 572 4077 tiam
604 4024 840 4078 retinere
871 4028 1124 4092 possent:
1156 4037 1283 4077 nam
1310 4023 1614 4079 voluntatis
1649 4024 1818 4079 animi
1873 4023 2008 4080 ﬁdes

436 4124 817 4186 argumentum
840 4123 943 4170 est.
984 4113 1077 4170 Sic
1107 4115 1288 4185 itaque
1314 4114 1421 4185 iam
1451 4133 1464 4169 :
1497 4114 1665 4171 Crede
1689 4126 1921 4180 tantum,
1953 4126 2002 4170 et

437 4207 586 4263 salva
619 4209 742 4265 erit.

2107 3837 2368 3903 τίζοντος,
2395 3838 2664 3892 κάκείνων
2701 3838 2775 3910 μὴ
2809 3837 3177 3909 βουλομένων,
3206 3834 3489 3906 ἀνωφελὴς
3522 3835 3555 3904 ἠ
3602 3831 3681 3886 θε-

2118 3926 2317 4002 ραπεία
2349 3930 2594 4000 γένηται,
2627 3924 3054 4000 ἐναντιουμένων
3086 3927 3195 3980 τῶν
3217 3926 3536 3998 καμνόντων
3553 3924 3681 3992 πρὸς

2115 4023 2215 4095 τὴν
2247 4020 2345 4077 τοῦ
2376 4022 2562 4093 ίατροῦ
2591 4021 2786 4093 τέχνην
2809 4036 2824 4051 ⁸
2860 4019 3003 4074 οὕτω
3037 4020 3131 4074 καὶ
3164 4020 3192 4072 6
3221 4015 3425 4088 Κύριος
3453 4016 3560 4071 τῶν
3595 4016 3678 4069 θε-

2117 4113 2500 4185 ραπευομένων
2531 4112 2882 4174 ἐπυνθάνετο,
2899 4112 3122 4175 καὶτοῖς
3149 4104 3494 4164 πιστεύουσιν
3514 4105 3681 4179 ἐχαρί-

2115 4206 2257 4272 ζετο,
2280 4207 2367 4259 ἴνα
2390 4208 2457 4277 τῇ
2481 4204 2661 4260 πίστει
2677 4205 2771 4258 καὶ
2792 4203 2891 4276 τὴν
2912 4203 3071 4275 χάριν
3088 4203 3377 4273 κατασχεῖν
3397 4198 3677 4272 δυνηθῶσι⁸

435 4302 725 4376 γνώρισμα
748 4303 858 4375 γὰρ
881 4303 984 4375 τῆς
1009 4302 1383 4377 προαιρέσεως
1410 4304 1513 4378 τῆς
1548 4302 1726 4376 ψυχῆς
1759 4305 1791 4375 ἡ
1825 4302 2007 4366 πίστις
2042 4303 2188 4356 ἐστί,
2209 4302 2322 4356 Καὶ
2348 4302 2443 4357 νῦν
2473 4297 2566 4356 οὖν
2614 4315 2779 4373 φησι·
2819 4301 3023 4354 Μόνον
3062 4298 3331 4362 πίστευε,
3362 4296 3461 4350 καί
3498 4292 3681 4360 σωθή-

437 4414 626 4452 σεται.

512 4492 745 4547 Factum
783 4502 861 4547 est
891 4504 1087 4559 autem,
1116 4491 1512 4547 ambulantibus
1540 4488 1651 4546 illis
1688 4492 1742 4547 in
1785 4493 1893 4558 ria,
1926 4491 2011 4545 di-

2192 4484 2303 4558 (51)
2371 4484 2636 4555 Ἐγένετο
2669 4482 2773 4550 δὲ,
2818 4480 3236 4553 πορευομένων
3283 4481 3482 4536 αὐτῶν
3525 4477 3676 4548 ἐν·ῖῆ

439 4586 522 4637 ait
559 4584 775 4655 quidam
828 4583 898 4637 ad
942 4584 1143 4638 illum:
1175 4583 1381 4655 Sequar
1424 4592 1824 4654 le‘quocunque
1867 4585 2014 4652 ieris,

440 4676 683 4733 Domine.
729 4677 798 4731 Et
831 4678 970 4731 dixit
1008 4675 1092 4731 illi
1124 4674 1317 4731 Iesus:
1373 4675 1562 4747 Vulpes
1598 4677 1773 4746 foveas
1803 4676 2016 4743 habent,

441 4784 490 4828 et
530 4775 768 4828 volucres
808 4773 924 4828 caeli
969 4771 1244 4827 domicilia
1279 4788 1299 4837 ;
1347 4770 1528 4826 Filius
1581 4781 1758 4825 autem
1792 4771 2019 4825 hominis

447 4884 547 4923 non
581 4867 733 4922 habet
761 4867 851 4921 ubi
887 4874 1044 4936 caput
1078 4864 1296 4919 reclinet
1336 4865 1405 4918 ⁷³.
1457 4865 1824 4930 Quamobrem
1874 4865 2021 4919 hunc

442 4962 679 5018 scribam
703 5001 717 5027 ,
749 4960 844 5031 qui
874 4975 932 5016 se
948 4975 1072 5016 eum
1103 4970 1424 5016 secuturum
1454 4955 1836 5026 pollicebatur,
1855 4958 2020 5012 verbo

446 5055 656 5110 scilicet
690 5053 1043 5116 clamantem,
1070 5066 1135 5107 ac
1166 5060 1351 5106 mente
1378 5051 1515 5106 nihil
1557 5061 1864 5117 curantem,
1926 5048 2020 5105 sed

447 5147 570 5202 aliis
620 5153 952 5217 pertractum
994 5144 1227 5215 negotiis
1269 5143 1462 5198 videns
1518 5141 1805 5208 Dominus,
1856 5156 2021 5212 argu-

448 5249 634 5296 mento
663 5255 787 5295 eum
827 5238 1036 5310 pudore
1071 5235 1329 5292 sntfudit:
1388 5250 1563 5306 neque
1614 5242 1896 5289 aversatus
1947 5233 2027 5285 vi-

455 5350 574 5390 rum
603 5333 824 5405 repulit,
862 5346 1040 5402 neque
1080 5332 1228 5386 velut
1271 5331 1497 5402 ignarus
1545 5328 1666 5400 ejus
1710 5329 1879 5384 dictis
1927 5328 2024 5383 de-

2117 4577 2253 4642 ὀδῷ,
2276 4572 2407 4630 εἶπέ
2427 4594 2517 4642 τις
2546 4574 2696 4643 πρὸς
2720 4571 2906 4628 αὐτόν
2928 4591 2942 4605 ·
2979 4573 3392 4638 Ἀκολουθήσω
3418 4589 3516 4626 σοι
3535 4570 3677 4625 ὅπου

2117 4668 2194 4723 ἂν
2211 4667 2466 4738 ἀπέρχῃ,
2500 4668 2700 4735 Κύριε.
2733 4667 2843 4722 Kal
2864 4664 3034 4723 εἶπεν
3060 4666 3218 4732 αὐτῷ
3242 4669 3274 4721 ό
3312 4664 3552 4734 Ἰησοῦς
3577 4681 3595 4696 ο
3619 4665 3684 4717 Al

2116 4758 2425 4826 ἀλώπεκες
2453 4760 2725 4829 φωλεοὺς
2757 4761 3002 4830 ἔχουσι,
3047 4760 3147 4815 καί
3191 4759 3264 4814 τὰ
3294 4759 3533 4813 πετεινὰ
3583 4756 3684 4811 τοῦ

2120 4850 2381 4918 οἰιοανοῦ
2415 4848 2908 4918 κατασκηνώσεις
2933 4868 2947 4883 °
2994 4854 3028 4905 ὀ
3060 4849 3128 4904 δὲ
3162 4850 3296 4917 Υἱὸς
3330 4849 3436 4903 τοῦ
3471 4845 3686 4916 ἀνθρώ-

2118 4959 2237 4995 που
2272 4944 2381 4995 οὐκ
2404 4940 2527 5008 ἔχει
2555 4942 2673 4996 ποῦ
2701 4940 2818 5009 τὴν
2840 4940 3117 5010 κεφαλὴν
3139 4943 3333 5009 κλίνῃ.
3367 4940 3457 4993 Διὸ
3485 4941 3576 4993 καὶ
3602 4938 3687 4991 τὸν

2118 5031 2450 5103 γραμματέα
2483 5032 2670 5085 τοῦτον
2700 5033 3169 5102 ἐπαγγελλόμενον
3196 5031 3579 5104 ἀκολουθήσειν
3606 5028 3689 5084 αὖ·

2119 5125 2216 5196 τῷ.
2248 5126 2343 5179 καὶ
2383 5124 2462 5196 τῷ
2497 5125 2596 5196 μὲν
2628 5125 2834 5196 ῥήματι
2872 5125 3102 5196 βοῶντα,
3144 5128 3210 5197 τῇ
3258 5126 3315 5179 δὲ
3356 5124 3564 5196 διανοίᾳ
3617 5123 3687 5193 μὴ

2124 5214 2474 5287 σχολάζοντα,
2511 5215 2625 5269 ἀλλ’
2654 5216 2711 5270 ἐν
2738 5216 2949 5288 ἑτέροις
2968 5215 3333 5287 ἀφελκόμενον
3352 5215 3495 5288 ὁρῶν
3525 5216 3555 5268 6
3584 5212 3692 5265 Κύ-

2127 5324 2260 5379 ριος,
2292 5305 2563 5359 ἐδυσώπει
2592 5305 2682 5359 διὰ
2710 5306 2804 5360 τοῦ
2852 5306 3073 5377 ἐλέγχου
3098 5324 3112 5338 ·
3145 5307 3239 5359 καὶ
3283 5304 3405 5359 οὔτε
3444 5305 3520 5368 ὡς
3561 5303 3692 5357 ἀπυ-

527 5520 568 5556 "
608 5530 740 5591 Luc.
771 5551 891 5599 vin,
931 5530 1018 5591 ὅθ.
1097 5535 1141 5566 ⁸⁸
1173 5533 1364 5590 Matth.
1410 5553 1488 5605 tv,
1516 5536 1611 5592 9.8.
1686 5535 1728 5569 “
1759 5535 1928 5592 Μαι·οσ
1972 5550 2020 5589 η

2113 5534 2165 5587 2.
2241 5535 2285 5565 ⁷ο
2332 5531 2489 5588 loan.
2543 5551 2594 5598 v,
2642 5531 2726 5587 14.
2801 5535 2845 5566 ⁷⁸
2874 5535 2997 5592 Luc.
3038 5534 3226 5604 tx,57,
3251 5537 3341 5595 58.

553 5732 639 5799 ΞΟ)
667 5730 786 5786 llaec
820 5733 872 5786 iu
901 5750 1087 5789 cooetu
1125 5737 1332 5793 codice.

2207 5737 2323 5810 (3|)
2349 5736 2404 5792 In
2435 5736 2624 5793 eodem
2653 5737 2856 5794 codice.
