  <div class='ocr_page' id='page_1' title='image "/cluster/home/n/w/nwhite01/storage/ocr_20150623/27/mdp.39015007065769/720.png"; bbox 0 0 3990 6208; ppageno 0'>
   <div class='ocr_carea' id='block_1_1' title="bbox 317 345 448 396">
    <p class='ocr_par' dir='ltr' id='par_1_1' title="bbox 317 345 448 396">
     <span class='ocr_line' id='line_1_1' title="bbox 317 345 448 396; baseline -0.008 0"><span class='ocrx_word' id='word_1_1' title='bbox 317 345 448 396; x_wconf 65' lang='lat' dir='ltr'><strong>MU!</strong></span> 
     </span>
    </p>
   </div>
   <div class='ocr_carea' id='block_1_2' title="bbox 1539 338 2359 394">
    <p class='ocr_par' dir='ltr' id='par_1_2' title="bbox 1539 338 2359 394">
     <span class='ocr_line' id='line_1_2' title="bbox 1539 338 2359 394; baseline 0.002 -2"><span class='ocrx_word' id='word_1_2' title='bbox 1539 338 1966 394; x_wconf 76' lang='lat' dir='ltr'><strong>FRAGMENTA</strong></span> <span class='ocrx_word' id='word_1_3' title='bbox 2005 338 2068 391; x_wconf 82' lang='grc' dir='ltr'><strong>ΙΝ</strong></span> <span class='ocrx_word' id='word_1_4' title='bbox 2107 338 2359 394; x_wconf 78' lang='lat' dir='ltr'><strong>LUCAM.</strong></span> 
     </span>
    </p>
   </div>
   <div class='ocr_carea' id='block_1_3' title="bbox 3414 335 3548 394">
    <p class='ocr_par' dir='ltr' id='par_1_3' title="bbox 3414 335 3548 394">
     <span class='ocr_line' id='line_1_3' title="bbox 3414 335 3548 394; baseline 0.015 -2"><span class='ocrx_word' id='word_1_5' title='bbox 3414 339 3433 392; x_wconf 88' lang='grc' dir='ltr'><strong>Ι</strong></span> <span class='ocrx_word' id='word_1_6' title='bbox 3446 335 3548 394; x_wconf 61' lang='lat' dir='ltr'><strong>ibi).</strong></span> 
     </span>
    </p>
   </div>
   <div class='ocr_carea' id='block_1_4' title="bbox 313 444 1905 531">
    <p class='ocr_par' dir='ltr' id='par_1_4' title="bbox 313 452 1883 531">
     <span class='ocr_line' id='line_1_4' title="bbox 313 452 1883 531; baseline -0.004 -19"><span class='ocrx_word' id='word_1_7' title='bbox 313 455 641 531; x_wconf 78' lang='grc' dir='ltr'><strong>τρεπόμενος</strong></span> <span class='ocrx_word' id='word_1_8' title='bbox 669 455 856 511; x_wconf 86' lang='grc' dir='ltr'>τοῦτον</span> <span class='ocrx_word' id='word_1_9' title='bbox 885 454 1127 518; x_wconf 67' lang='grc' dir='ltr'>ἐδίωκεν,</span> <span class='ocrx_word' id='word_1_10' title='bbox 1171 452 1295 508; x_wconf 73' lang='grc' dir='ltr'>οὔτε</span> <span class='ocrx_word' id='word_1_11' title='bbox 1342 453 1417 519; x_wconf 81' lang='grc' dir='ltr'>ὡς</span> <span class='ocrx_word' id='word_1_12' title='bbox 1457 453 1670 523; x_wconf 83' lang='grc' dir='ltr'>ἀγνοῶν</span> <span class='ocrx_word' id='word_1_13' title='bbox 1715 452 1883 507; x_wconf 75' lang='grc' dir='ltr'>ἐπλα-</span> 
     </span>
    </p>
   </div>
   <div class='ocr_carea' id='block_1_5' title="bbox 2009 444 3548 531">
    <p class='ocr_par' dir='ltr' id='par_1_5' title="bbox 2009 444 3548 527">
     <span class='ocr_line' id='line_1_5' title="bbox 2009 444 3548 527; baseline 0.003 -20"><span class='ocrx_word' id='word_1_14' title='bbox 2009 464 2174 525; x_wconf 80' lang='lat' dir='ltr'><strong>:eptus</strong></span> <span class='ocrx_word' id='word_1_15' title='bbox 2212 464 2329 521; x_wconf 90' lang='lat' dir='ltr'><strong>est;</strong></span> <span class='ocrx_word' id='word_1_16' title='bbox 2376 455 2471 511; x_wconf 88' lang='lat' dir='ltr'><strong>sed</strong></span> <span class='ocrx_word' id='word_1_17' title='bbox 2500 455 2646 511; x_wconf 91' lang='lat' dir='ltr'><strong>velut</strong></span> <span class='ocrx_word' id='word_1_18' title='bbox 2686 446 2889 526; x_wconf 87' lang='lat' dir='ltr'><strong>gnarus</strong></span> <span class='ocrx_word' id='word_1_19' title='bbox 2922 444 3272 527; x_wconf 64' lang='lat' dir='ltr'><strong>coarguebat,</strong></span> <span class='ocrx_word' id='word_1_20' title='bbox 3306 465 3360 511; x_wconf 91' lang='lat' dir='ltr'><strong>et</strong></span> <span class='ocrx_word' id='word_1_21' title='bbox 3389 457 3548 527; x_wconf 86' lang='lat' dir='ltr'><strong>quasi</strong></span> 
     </span>
    </p>
   </div>
   <div class='ocr_carea' id='block_1_6' title="bbox 260 542 1884 617">
    <p class='ocr_par' dir='ltr' id='par_1_6' title="bbox 260 542 1884 617">
     <span class='ocr_line' id='line_1_6' title="bbox 260 542 1884 617; baseline -0.004 -14"><span class='ocrx_word' id='word_1_22' title='bbox 260 564 270 580; x_wconf 84' lang='grc'><strong>·</strong></span> <span class='ocrx_word' id='word_1_23' title='bbox 315 549 443 603; x_wconf 76' lang='grc' dir='ltr'><strong>νάτο</strong></span> <span class='ocrx_word' id='word_1_24' title='bbox 467 545 573 600; x_wconf 80' lang='grc' dir='ltr'><strong>ὑπὸ</strong></span> <span class='ocrx_word' id='word_1_25' title='bbox 595 546 702 599; x_wconf 86' lang='grc' dir='ltr'><strong>τῶν</strong></span> <span class='ocrx_word' id='word_1_26' title='bbox 727 544 916 599; x_wconf 88' lang='grc' dir='ltr'>τούτου</span> <span class='ocrx_word' id='word_1_27' title='bbox 952 544 1210 617; x_wconf 78' lang='grc' dir='ltr'><strong>ῥημάτων</strong></span> <span class='ocrx_word' id='word_1_28' title='bbox 1236 563 1249 576; x_wconf 76' lang='grc' dir='ltr'><strong>ο</strong></span> <span class='ocrx_word' id='word_1_29' title='bbox 1287 543 1423 599; x_wconf 86' lang='grc' dir='ltr'><strong>ἀλλά</strong></span> <span class='ocrx_word' id='word_1_30' title='bbox 1464 544 1556 598; x_wconf 82' lang='grc' dir='ltr'>καὶ</span> <span class='ocrx_word' id='word_1_31' title='bbox 1610 544 1684 607; x_wconf 84' lang='grc' dir='ltr'>ὡς</span> <span class='ocrx_word' id='word_1_32' title='bbox 1727 542 1884 608; x_wconf 78' lang='grc' dir='ltr'>εἰδὼς</span> 
     </span>
    </p>
   </div>
   <div class='ocr_carea' id='block_1_7' title="bbox 316 631 1886 706">
    <p class='ocr_par' dir='ltr' id='par_1_7' title="bbox 316 631 1886 706">
     <span class='ocr_line' id='line_1_7' title="bbox 316 631 1886 706; baseline -0.002 -18"><span class='ocrx_word' id='word_1_33' title='bbox 316 635 535 706; x_wconf 70' lang='grc' dir='ltr'>ἤλεγχε,</span> <span class='ocrx_word' id='word_1_34' title='bbox 569 633 665 687; x_wconf 71' lang='grc' dir='ltr'><strong>καὶ</strong></span> <span class='ocrx_word' id='word_1_35' title='bbox 693 633 766 697; x_wconf 86' lang='grc' dir='ltr'>ὼς</span> <span class='ocrx_word' id='word_1_36' title='bbox 799 631 1067 687; x_wconf 83' lang='grc' dir='ltr'><strong>παιδεύων</strong></span> <span class='ocrx_word' id='word_1_37' title='bbox 1098 631 1413 706; x_wconf 78' lang='grc' dir='ltr'><strong>διωρθοῦτο.</strong></span> <span class='ocrx_word' id='word_1_38' title='bbox 1451 633 1751 703; x_wconf 73' lang='grc' dir='ltr'>Μονονουχὶ</span> <span class='ocrx_word' id='word_1_39' title='bbox 1777 632 1886 704; x_wconf 82' lang='grc' dir='ltr'>γὰρ</span> 
     </span>
    </p>
   </div>
   <div class='ocr_carea' id='block_1_8' title="bbox 315 723 1887 798">
    <p class='ocr_par' dir='ltr' id='par_1_8' title="bbox 315 723 1887 798">
     <span class='ocr_line' id='line_1_8' title="bbox 315 723 1887 798; baseline -0.002 -18"><span class='ocrx_word' id='word_1_40' title='bbox 315 725 477 780; x_wconf 87' lang='grc' dir='ltr'>τοῦτο</span> <span class='ocrx_word' id='word_1_41' title='bbox 517 725 693 794; x_wconf 83' lang='grc' dir='ltr'>λέγων</span> <span class='ocrx_word' id='word_1_42' title='bbox 724 726 1022 791; x_wconf 75' lang='grc' dir='ltr'>ἐδίδασκεν,</span> <span class='ocrx_word' id='word_1_43' title='bbox 1054 725 1130 788; x_wconf 81' lang='grc' dir='ltr'>ὡς</span> <span class='ocrx_word' id='word_1_44' title='bbox 1175 725 1285 798; x_wconf 74' lang='grc' dir='ltr'>ἄρα</span> <span class='ocrx_word' id='word_1_45' title='bbox 1316 724 1491 788; x_wconf 73' lang='grc' dir='ltr'>οὐδεὶς</span> <span class='ocrx_word' id='word_1_46' title='bbox 1542 724 1764 778; x_wconf 89' lang='grc' dir='ltr'>δύναται</span> <span class='ocrx_word' id='word_1_47' title='bbox 1809 723 1887 794; x_wconf 80' lang='grc' dir='ltr'>τῷ</span> 
     </span>
    </p>
   </div>
   <div class='ocr_carea' id='block_1_9' title="bbox 314 815 1887 888">
    <p class='ocr_par' dir='ltr' id='par_1_9' title="bbox 314 815 1887 888">
     <span class='ocr_line' id='line_1_9' title="bbox 314 815 1887 888; baseline -0.003 -15"><span class='ocrx_word' id='word_1_48' title='bbox 314 819 473 888; x_wconf 82' lang='grc' dir='ltr'>Λόγῳ</span> <span class='ocrx_word' id='word_1_49' title='bbox 502 817 811 879; x_wconf 79' lang='grc' dir='ltr'><strong>ἀκολουθεῖν</strong></span> <span class='ocrx_word' id='word_1_50' title='bbox 838 817 1247 888; x_wconf 80' lang='grc' dir='ltr'><strong>ἀναπαυόμενος</strong></span> <span class='ocrx_word' id='word_1_51' title='bbox 1277 819 1336 871; x_wconf 82' lang='grc' dir='ltr'>ὲν</span> <span class='ocrx_word' id='word_1_52' title='bbox 1364 817 1599 886; x_wconf 82' lang='grc' dir='ltr'>ἀλόγοις,</span> <span class='ocrx_word' id='word_1_53' title='bbox 1629 816 1748 870; x_wconf 85' lang='grc' dir='ltr'>οὐδὲ</span> <span class='ocrx_word' id='word_1_54' title='bbox 1780 815 1887 870; x_wconf 85' lang='grc' dir='ltr'>τῶν</span> 
     </span>
    </p>
   </div>
   <div class='ocr_carea' id='block_1_10' title="bbox 317 906 1888 978">
    <p class='ocr_par' dir='ltr' id='par_1_10' title="bbox 317 906 1888 978">
     <span class='ocr_line' id='line_1_10' title="bbox 317 906 1888 978; baseline 0 -17"><span class='ocrx_word' id='word_1_55' title='bbox 317 907 527 977; x_wconf 79' lang='grc' dir='ltr'>ἀλόγων</span> <span class='ocrx_word' id='word_1_56' title='bbox 547 909 575 960; x_wconf 91' lang='lat'><strong>6</strong></span> <span class='ocrx_word' id='word_1_57' title='bbox 605 907 754 977; x_wconf 83' lang='grc' dir='ltr'>φίλος</span> <span class='ocrx_word' id='word_1_58' title='bbox 789 907 1010 962; x_wconf 85' lang='grc' dir='ltr'>δύναται</span> <span class='ocrx_word' id='word_1_59' title='bbox 1047 908 1138 961; x_wconf 87' lang='grc' dir='ltr'><strong>τὸν</strong></span> <span class='ocrx_word' id='word_1_60' title='bbox 1189 908 1362 977; x_wconf 87' lang='grc' dir='ltr'>Λόγον</span> <span class='ocrx_word' id='word_1_61' title='bbox 1405 907 1680 978; x_wconf 84' lang='grc' dir='ltr'>δέχεσθαι,</span> <span class='ocrx_word' id='word_1_62' title='bbox 1714 906 1836 960; x_wconf 75' lang='grc' dir='ltr'>οὐδὲ</span> <span class='ocrx_word' id='word_1_63' title='bbox 1859 909 1888 961; x_wconf 97' lang='lat'><strong>6</strong></span> 
     </span>
    </p>
   </div>
   <div class='ocr_carea' id='block_1_11' title="bbox 316 997 1890 1070">
    <p class='ocr_par' dir='ltr' id='par_1_11' title="bbox 316 997 1890 1070">
     <span class='ocr_line' id='line_1_11' title="bbox 316 997 1890 1070; baseline -0.002 -17"><span class='ocrx_word' id='word_1_64' title='bbox 316 999 385 1053; x_wconf 79' lang='grc' dir='ltr'>τὰ</span> <span class='ocrx_word' id='word_1_65' title='bbox 422 999 593 1068; x_wconf 82' lang='grc' dir='ltr'>ἄλογα</span> <span class='ocrx_word' id='word_1_66' title='bbox 640 997 1038 1070; x_wconf 58' lang='grc' dir='ltr'>φανταζόμέενος</span> <span class='ocrx_word' id='word_1_67' title='bbox 1089 997 1312 1052; x_wconf 89' lang='grc' dir='ltr'>δύναται</span> <span class='ocrx_word' id='word_1_68' title='bbox 1364 998 1458 1053; x_wconf 81' lang='grc' dir='ltr'><strong>τοῦ</strong></span> <span class='ocrx_word' id='word_1_69' title='bbox 1508 998 1682 1066; x_wconf 82' lang='grc' dir='ltr'>Λόγου</span> <span class='ocrx_word' id='word_1_70' title='bbox 1727 1015 1890 1069; x_wconf 88' lang='grc' dir='ltr'>μετα-</span> 
     </span>
    </p>
   </div>
   <div class='ocr_carea' id='block_1_12' title="bbox 316 1087 1894 1162">
    <p class='ocr_par' dir='ltr' id='par_1_12' title="bbox 316 1087 1894 1162">
     <span class='ocr_line' id='line_1_12' title="bbox 316 1087 1894 1162; baseline -0.001 -19"><span class='ocrx_word' id='word_1_71' title='bbox 316 1090 614 1162; x_wconf 77' lang='grc' dir='ltr'>λαμϐάνειν</span> <span class='ocrx_word' id='word_1_72' title='bbox 645 1091 871 1145; x_wconf 76' lang='grc' dir='ltr'>ἔννοιαν.</span> <span class='ocrx_word' id='word_1_73' title='bbox 922 1091 1137 1162; x_wconf 81' lang='grc' dir='ltr'><strong>Ἀμέλει</strong></span> <span class='ocrx_word' id='word_1_74' title='bbox 1175 1091 1252 1144; x_wconf 82' lang='grc' dir='ltr'>ὲκ</span> <span class='ocrx_word' id='word_1_75' title='bbox 1282 1089 1381 1161; x_wconf 83' lang='grc' dir='ltr'>τῆς</span> <span class='ocrx_word' id='word_1_76' title='bbox 1419 1089 1624 1161; x_wconf 80' lang='grc' dir='ltr'>τόλμης</span> <span class='ocrx_word' id='word_1_77' title='bbox 1661 1089 1724 1143; x_wconf 88' lang='grc' dir='ltr'>τὸ</span> <span class='ocrx_word' id='word_1_78' title='bbox 1750 1087 1894 1158; x_wconf 63' lang='grc' dir='ltr'>γνῶ-ς</span> 
     </span>
    </p>
   </div>
   <div class='ocr_carea' id='block_1_13' title="bbox 318 1181 1890 1254">
    <p class='ocr_par' dir='ltr' id='par_1_13' title="bbox 318 1181 1890 1254">
     <span class='ocr_line' id='line_1_13' title="bbox 318 1181 1890 1254; baseline -0.001 -19"><span class='ocrx_word' id='word_1_79' title='bbox 318 1200 495 1254; x_wconf 89' lang='grc' dir='ltr'>ρισμα</span> <span class='ocrx_word' id='word_1_80' title='bbox 518 1183 620 1253; x_wconf 79' lang='grc' dir='ltr'>τῆς</span> <span class='ocrx_word' id='word_1_81' title='bbox 653 1182 983 1254; x_wconf 79' lang='grc' dir='ltr'>προπετείας</span> <span class='ocrx_word' id='word_1_82' title='bbox 1021 1183 1115 1237; x_wconf 76' lang='grc' dir='ltr'><strong>καὶ</strong></span> <span class='ocrx_word' id='word_1_83' title='bbox 1140 1182 1495 1245; x_wconf 74' lang='grc' dir='ltr'>ἀπαιδευσίας</span> <span class='ocrx_word' id='word_1_84' title='bbox 1545 1181 1757 1246; x_wconf 74' lang='grc' dir='ltr'>ἔξεστιν</span> <span class='ocrx_word' id='word_1_85' title='bbox 1788 1182 1890 1234; x_wconf 83' lang='grc' dir='ltr'>αὐ-</span> 
     </span>
    </p>
   </div>
   <div class='ocr_carea' id='block_1_14' title="bbox 314 1273 1890 1348">
    <p class='ocr_par' dir='ltr' id='par_1_14' title="bbox 314 1273 1890 1348">
     <span class='ocr_line' id='line_1_14' title="bbox 314 1273 1890 1348; baseline 0.001 -22"><span class='ocrx_word' id='word_1_86' title='bbox 314 1274 411 1328; x_wconf 81' lang='grc' dir='ltr'><strong>τοῦ</strong></span> <span class='ocrx_word' id='word_1_87' title='bbox 434 1275 790 1346; x_wconf 79' lang='grc' dir='ltr'>καταμαθεῖν.</span> <span class='ocrx_word' id='word_1_88' title='bbox 816 1276 879 1329; x_wconf 83' lang='grc' dir='ltr'><strong>Εἰ</strong></span> <span class='ocrx_word' id='word_1_89' title='bbox 902 1274 1012 1348; x_wconf 77' lang='grc' dir='ltr'>γὰρ</span> <span class='ocrx_word' id='word_1_90' title='bbox 1041 1275 1309 1346; x_wconf 80' lang='grc' dir='ltr'>ἠπίστατο</span> <span class='ocrx_word' id='word_1_91' title='bbox 1332 1273 1428 1328; x_wconf 88' lang='grc' dir='ltr'><strong>τοῦ</strong></span> <span class='ocrx_word' id='word_1_92' title='bbox 1461 1274 1634 1344; x_wconf 86' lang='grc' dir='ltr'>Λόγου</span> <span class='ocrx_word' id='word_1_93' title='bbox 1666 1273 1763 1346; x_wconf 85' lang='grc' dir='ltr'><strong>τὴν</strong></span> <span class='ocrx_word' id='word_1_94' title='bbox 1795 1273 1890 1328; x_wconf 85' lang='grc' dir='ltr'>δύ-</span> 
     </span>
    </p>
   </div>
   <div class='ocr_carea' id='block_1_15' title="bbox 313 1366 1891 1438">
    <p class='ocr_par' dir='ltr' id='par_1_15' title="bbox 313 1366 1891 1438">
     <span class='ocr_line' id='line_1_15' title="bbox 313 1366 1891 1438; baseline 0 -18"><span class='ocrx_word' id='word_1_95' title='bbox 313 1384 507 1438; x_wconf 75' lang='grc' dir='ltr'>ναμιν,</span> <span class='ocrx_word' id='word_1_96' title='bbox 537 1369 638 1421; x_wconf 81' lang='grc' dir='ltr'><strong>οὐκ</strong></span> <span class='ocrx_word' id='word_1_97' title='bbox 664 1367 731 1422; x_wconf 82' lang='grc' dir='ltr'>ἂν</span> <span class='ocrx_word' id='word_1_98' title='bbox 758 1367 909 1432; x_wconf 61' lang='grc' dir='ltr'>ὅλωςι</span> <span class='ocrx_word' id='word_1_99' title='bbox 922 1366 1225 1438; x_wconf 80' lang='grc' dir='ltr'>φαντασίαν</span> <span class='ocrx_word' id='word_1_100' title='bbox 1273 1366 1485 1438; x_wconf 78' lang='grc' dir='ltr'>εἰλήφει</span> <span class='ocrx_word' id='word_1_101' title='bbox 1522 1366 1891 1437; x_wconf 56' lang='grc' dir='ltr'>πνευματικοῦ</span> 
     </span>
    </p>
   </div>
   <div class='ocr_carea' id='block_1_16' title="bbox 312 1458 1892 1532">
    <p class='ocr_par' dir='ltr' id='par_1_16' title="bbox 312 1458 1892 1532">
     <span class='ocr_line' id='line_1_16' title="bbox 312 1458 1892 1532; baseline -0.003 -17"><span class='ocrx_word' id='word_1_102' title='bbox 312 1459 521 1528; x_wconf 82' lang='grc' dir='ltr'>Λόγου,</span> <span class='ocrx_word' id='word_1_103' title='bbox 555 1461 654 1514; x_wconf 75' lang='grc' dir='ltr'><strong>οὐκ</strong></span> <span class='ocrx_word' id='word_1_104' title='bbox 685 1460 752 1515; x_wconf 80' lang='grc' dir='ltr'>ἂν</span> <span class='ocrx_word' id='word_1_105' title='bbox 773 1460 1058 1532; x_wconf 77' lang='grc' dir='ltr'>ἄνθρωπος</span> <span class='ocrx_word' id='word_1_106' title='bbox 1099 1459 1176 1512; x_wconf 83' lang='grc' dir='ltr'>ὢν</span> <span class='ocrx_word' id='word_1_107' title='bbox 1207 1459 1420 1524; x_wconf 82' lang='grc' dir='ltr'>ὲξισοῦν</span> <span class='ocrx_word' id='word_1_108' title='bbox 1469 1458 1660 1512; x_wconf 78' lang='grc' dir='ltr'>ἑαυτὸν</span> <span class='ocrx_word' id='word_1_109' title='bbox 1691 1458 1892 1529; x_wconf 74' lang='grc' dir='ltr'>ἐτόλμα</span> 
     </span>
    </p>
   </div>
   <div class='ocr_carea' id='block_1_17' title="bbox 311 1550 1901 1623">
    <p class='ocr_par' dir='ltr' id='par_1_17' title="bbox 311 1550 1901 1623">
     <span class='ocr_line' id='line_1_17' title="bbox 311 1550 1901 1623; baseline 0.002 -21"><span class='ocrx_word' id='word_1_110' title='bbox 311 1553 381 1622; x_wconf 79' lang='grc' dir='ltr'>τῇ</span> <span class='ocrx_word' id='word_1_111' title='bbox 411 1551 512 1603; x_wconf 85' lang='grc' dir='ltr'><strong>τοῦ</strong></span> <span class='ocrx_word' id='word_1_112' title='bbox 546 1551 794 1622; x_wconf 81' lang='grc' dir='ltr'>Σωτῆρος</span> <span class='ocrx_word' id='word_1_113' title='bbox 823 1550 1192 1623; x_wconf 83' lang='grc' dir='ltr'>ἀκαταλήπτῳ</span> <span class='ocrx_word' id='word_1_114' title='bbox 1220 1551 1458 1622; x_wconf 77' lang='grc' dir='ltr'>δυνάμει.</span> <span class='ocrx_word' id='word_1_115' title='bbox 1476 1550 1647 1619; x_wconf 84' lang='grc' dir='ltr'>λέγων</span> <span class='ocrx_word' id='word_1_116' title='bbox 1676 1567 1689 1581; x_wconf 87' lang='grc'><strong>·</strong></span> <span class='ocrx_word' id='word_1_117' title='bbox 1739 1552 1901 1605; x_wconf 64' lang='grc' dir='ltr'>Ἀκοακ</span> 
     </span>
    </p>
   </div>
   <div class='ocr_carea' id='block_1_18' title="bbox 313 1639 1894 1712">
    <p class='ocr_par' dir='ltr' id='par_1_18' title="bbox 313 1639 1894 1712">
     <span class='ocr_line' id='line_1_18' title="bbox 313 1639 1894 1712; baseline -0.001 -17"><span class='ocrx_word' id='word_1_118' title='bbox 313 1639 607 1706; x_wconf 75' lang='grc' dir='ltr'>λουθήσω</span> <span class='ocrx_word' id='word_1_119' title='bbox 647 1657 748 1694; x_wconf 86' lang='grc' dir='ltr'><strong>σοι</strong></span> <span class='ocrx_word' id='word_1_120' title='bbox 789 1641 942 1697; x_wconf 75' lang='grc' dir='ltr'>ὅπου</span> <span class='ocrx_word' id='word_1_121' title='bbox 973 1642 1082 1696; x_wconf 82' lang='grc' dir='ltr'><strong>ἐὰν</strong></span> <span class='ocrx_word' id='word_1_122' title='bbox 1123 1640 1372 1711; x_wconf 82' lang='grc' dir='ltr'><strong>ἀπέρχῃ.</strong></span> <span class='ocrx_word' id='word_1_123' title='bbox 1428 1640 1763 1695; x_wconf 76' lang='grc' dir='ltr'>’Δκολουθεῖν</span> <span class='ocrx_word' id='word_1_124' title='bbox 1796 1641 1894 1712; x_wconf 86' lang='grc' dir='ltr'><strong>μὲν</strong></span> 
     </span>
    </p>
   </div>
   <div class='ocr_carea' id='block_1_19' title="bbox 1985 544 3547 616">
    <p class='ocr_par' dir='ltr' id='par_1_19' title="bbox 1985 544 3547 616">
     <span class='ocr_line' id='line_1_19' title="bbox 1985 544 3547 616; baseline 0.002 -17"><span class='ocrx_word' id='word_1_125' title='bbox 1985 545 2241 600; x_wconf 79' lang='lat' dir='ltr'><strong>erudiens</strong></span> <span class='ocrx_word' id='word_1_126' title='bbox 2272 545 2600 616; x_wconf 72' lang='lat' dir='ltr'><strong>corrigebat.</strong></span> <span class='ocrx_word' id='word_1_127' title='bbox 2634 544 2769 600; x_wconf 87' lang='lat' dir='ltr'><strong>Cum</strong></span> <span class='ocrx_word' id='word_1_128' title='bbox 2801 545 2915 601; x_wconf 84' lang='lat' dir='ltr'><strong>haec</strong></span> <span class='ocrx_word' id='word_1_129' title='bbox 2943 546 3088 600; x_wconf 89' lang='lat' dir='ltr'><strong>enim</strong></span> <span class='ocrx_word' id='word_1_130' title='bbox 3107 546 3329 609; x_wconf 79' lang='lat' dir='ltr'><strong>diceret,</strong></span> <span class='ocrx_word' id='word_1_131' title='bbox 3349 545 3547 602; x_wconf 87' lang='lat' dir='ltr'><strong>docere</strong></span> 
     </span>
    </p>
   </div>
   <div class='ocr_carea' id='block_1_20' title="bbox 1986 634 3549 705">
    <p class='ocr_par' dir='ltr' id='par_1_20' title="bbox 1986 634 3549 705">
     <span class='ocr_line' id='line_1_20' title="bbox 1986 634 3549 705; baseline 0.002 -14"><span class='ocrx_word' id='word_1_132' title='bbox 1986 636 2294 702; x_wconf 78' lang='lat' dir='ltr'><strong>videbatur,</strong></span> <span class='ocrx_word' id='word_1_133' title='bbox 2326 637 2597 691; x_wconf 86' lang='lat' dir='ltr'><strong>neminem</strong></span> <span class='ocrx_word' id='word_1_134' title='bbox 2628 650 2788 705; x_wconf 86' lang='lat' dir='ltr'><strong>posse</strong></span> <span class='ocrx_word' id='word_1_135' title='bbox 2836 634 3075 691; x_wconf 80' lang='lat' dir='ltr'><strong>Verbum</strong></span> <span class='ocrx_word' id='word_1_136' title='bbox 3110 637 3226 691; x_wconf 85' lang='lat' dir='ltr'><strong>sive</strong></span> <span class='ocrx_word' id='word_1_137' title='bbox 3266 634 3549 694; x_wconf 77' lang='lat' dir='ltr'><strong>Rationem</strong></span> 
     </span>
    </p>
   </div>
   <div class='ocr_carea' id='block_1_21' title="bbox 1987 726 3554 800">
    <p class='ocr_par' dir='ltr' id='par_1_21' title="bbox 1987 726 3554 800">
     <span class='ocr_line' id='line_1_21' title="bbox 1987 726 3554 800; baseline 0.002 -18"><span class='ocrx_word' id='word_1_138' title='bbox 1987 727 2161 796; x_wconf 84' lang='lat' dir='ltr'><strong>sequi,</strong></span> <span class='ocrx_word' id='word_1_139' title='bbox 2189 727 2234 782; x_wconf 89' lang='lat' dir='ltr'><strong>si</strong></span> <span class='ocrx_word' id='word_1_140' title='bbox 2266 727 2318 781; x_wconf 91' lang='lat' dir='ltr'><strong>in</strong></span> <span class='ocrx_word' id='word_1_141' title='bbox 2347 726 2815 783; x_wconf 87' lang='lat' dir='ltr'><strong>irrationabilibus</strong></span> <span class='ocrx_word' id='word_1_142' title='bbox 2848 727 3174 798; x_wconf 77' lang='lat' dir='ltr'><strong>quiesceret,</strong></span> <span class='ocrx_word' id='word_1_143' title='bbox 3212 744 3389 800; x_wconf 91' lang='lat' dir='ltr'><strong>neque</strong></span> <span class='ocrx_word' id='word_1_144' title='bbox 3415 730 3554 785; x_wconf 84' lang='lat' dir='ltr'><strong>irra-</strong></span> 
     </span>
    </p>
   </div>
   <div class='ocr_carea' id='block_1_22' title="bbox 1987 817 3553 889">
    <p class='ocr_par' dir='ltr' id='par_1_22' title="bbox 1987 817 3553 889">
     <span class='ocr_line' id='line_1_22' title="bbox 1987 817 3553 889; baseline 0.002 -16"><span class='ocrx_word' id='word_1_145' title='bbox 1987 818 2331 874; x_wconf 90' lang='lat' dir='ltr'><strong>tionabilium</strong></span> <span class='ocrx_word' id='word_1_146' title='bbox 2363 827 2662 875; x_wconf 80' lang='lat' dir='ltr'><strong>amatorem</strong></span> <span class='ocrx_word' id='word_1_147' title='bbox 2711 833 2875 889; x_wconf 87' lang='lat' dir='ltr'><strong>posse</strong></span> <span class='ocrx_word' id='word_1_148' title='bbox 2917 817 3151 875; x_wconf 85' lang='lat' dir='ltr'><strong>Verbum</strong></span> <span class='ocrx_word' id='word_1_149' title='bbox 3200 820 3315 876; x_wconf 86' lang='lat' dir='ltr'><strong>sive</strong></span> <span class='ocrx_word' id='word_1_150' title='bbox 3362 820 3553 876; x_wconf 79' lang='lat' dir='ltr'><strong>Ratio-</strong></span> 
     </span>
    </p>
   </div>
   <div class='ocr_carea' id='block_1_23' title="bbox 1987 908 3553 980">
    <p class='ocr_par' dir='ltr' id='par_1_23' title="bbox 1987 908 3553 980">
     <span class='ocr_line' id='line_1_23' title="bbox 1987 908 3553 980; baseline 0.003 -18"><span class='ocrx_word' id='word_1_151' title='bbox 1987 924 2109 963; x_wconf 88' lang='lat' dir='ltr'><strong>nem</strong></span> <span class='ocrx_word' id='word_1_152' title='bbox 2150 908 2422 979; x_wconf 82' lang='lat' dir='ltr'><strong>excipere,</strong></span> <span class='ocrx_word' id='word_1_153' title='bbox 2469 924 2647 980; x_wconf 89' lang='lat' dir='ltr'><strong>neque</strong></span> <span class='ocrx_word' id='word_1_154' title='bbox 2694 909 3097 965; x_wconf 87' lang='lat' dir='ltr'><strong>irrationabilia</strong></span> <span class='ocrx_word' id='word_1_155' title='bbox 3129 912 3553 967; x_wconf 89' lang='lat' dir='ltr'><strong>comminiscen-</strong></span> 
     </span>
    </p>
   </div>
   <div class='ocr_carea' id='block_1_24' title="bbox 1992 999 3556 1074">
    <p class='ocr_par' dir='ltr' id='par_1_24' title="bbox 1992 999 3556 1074">
     <span class='ocr_line' id='line_1_24' title="bbox 1992 999 3556 1074; baseline 0.003 -20"><span class='ocrx_word' id='word_1_156' title='bbox 1992 1009 2098 1055; x_wconf 89' lang='lat' dir='ltr'><strong>tem</strong></span> <span class='ocrx_word' id='word_1_157' title='bbox 2145 1016 2309 1071; x_wconf 84' lang='lat' dir='ltr'><strong>posse</strong></span> <span class='ocrx_word' id='word_1_158' title='bbox 2354 999 2601 1057; x_wconf 74' lang='lat' dir='ltr'><strong>Rationis</strong></span> <span class='ocrx_word' id='word_1_159' title='bbox 2630 1001 2878 1056; x_wconf 85' lang='lat' dir='ltr'><strong>notitiam</strong></span> <span class='ocrx_word' id='word_1_160' title='bbox 2898 1002 3137 1074; x_wconf 86' lang='lat' dir='ltr'><strong>assequi.</strong></span> <span class='ocrx_word' id='word_1_161' title='bbox 3164 1002 3241 1057; x_wconf 86' lang='lat' dir='ltr'><strong>Ex</strong></span> <span class='ocrx_word' id='word_1_162' title='bbox 3263 1019 3399 1058; x_wconf 88' lang='lat' dir='ltr'><strong>ausu</strong></span> <span class='ocrx_word' id='word_1_163' title='bbox 3424 1018 3556 1060; x_wconf 86' lang='lat' dir='ltr'><strong>sane</strong></span> 
     </span>
    </p>
   </div>
   <div class='ocr_carea' id='block_1_25' title="bbox 1992 1091 3555 1163">
    <p class='ocr_par' dir='ltr' id='par_1_25' title="bbox 1992 1091 3555 1163">
     <span class='ocr_line' id='line_1_25' title="bbox 1992 1091 3555 1163; baseline 0.003 -18"><span class='ocrx_word' id='word_1_164' title='bbox 1992 1092 2162 1159; x_wconf 90' lang='lat' dir='ltr'><strong>illius,</strong></span> <span class='ocrx_word' id='word_1_165' title='bbox 2193 1092 2515 1148; x_wconf 83' lang='lat' dir='ltr'><strong>temeritatis</strong></span> <span class='ocrx_word' id='word_1_166' title='bbox 2541 1100 2596 1147; x_wconf 86' lang='lat' dir='ltr'><strong>et</strong></span> <span class='ocrx_word' id='word_1_167' title='bbox 2617 1091 2849 1147; x_wconf 75' lang='lat' dir='ltr'><strong>inscitia:</strong></span> <span class='ocrx_word' id='word_1_168' title='bbox 2877 1093 2998 1163; x_wconf 84' lang='lat' dir='ltr'><strong>ejus</strong></span> <span class='ocrx_word' id='word_1_169' title='bbox 3048 1098 3428 1163; x_wconf 62' lang='lat' dir='ltr'><strong>argumenﬁm</strong></span> <span class='ocrx_word' id='word_1_170' title='bbox 3456 1094 3555 1151; x_wconf 91' lang='lat' dir='ltr'><strong>de-</strong></span> 
     </span>
    </p>
   </div>
   <div class='ocr_carea' id='block_1_26' title="bbox 1991 1182 3559 1254">
    <p class='ocr_par' dir='ltr' id='par_1_26' title="bbox 1991 1182 3559 1254">
     <span class='ocr_line' id='line_1_26' title="bbox 1991 1182 3559 1254; baseline 0.003 -17"><span class='ocrx_word' id='word_1_171' title='bbox 1991 1183 2327 1254; x_wconf 80' lang='lat' dir='ltr'><strong>prehendere</strong></span> <span class='ocrx_word' id='word_1_172' title='bbox 2374 1184 2526 1239; x_wconf 88' lang='lat' dir='ltr'><strong>lieet.</strong></span> <span class='ocrx_word' id='word_1_173' title='bbox 2563 1182 2700 1239; x_wconf 84' lang='lat' dir='ltr'><strong>Nam</strong></span> <span class='ocrx_word' id='word_1_174' title='bbox 2747 1185 2794 1240; x_wconf 88' lang='lat' dir='ltr'><strong>si</strong></span> <span class='ocrx_word' id='word_1_175' title='bbox 2827 1182 2991 1239; x_wconf 80' lang='lat' dir='ltr'><strong>Verbi</strong></span> <span class='ocrx_word' id='word_1_176' title='bbox 3023 1185 3131 1238; x_wconf 86' lang='lat' dir='ltr'><strong>vim</strong></span> <span class='ocrx_word' id='word_1_177' title='bbox 3164 1187 3424 1249; x_wconf 85' lang='lat' dir='ltr'><strong>novisset,</strong></span> <span class='ocrx_word' id='word_1_178' title='bbox 3460 1201 3559 1242; x_wconf 78' lang='lat' dir='ltr'><strong>ne-</strong></span> 
     </span>
    </p>
   </div>
   <div class='ocr_carea' id='block_1_27' title="bbox 1992 1275 3557 1347">
    <p class='ocr_par' dir='ltr' id='par_1_27' title="bbox 1992 1275 3557 1347">
     <span class='ocr_line' id='line_1_27' title="bbox 1992 1275 3557 1347; baseline 0.003 -19"><span class='ocrx_word' id='word_1_179' title='bbox 1992 1290 2269 1346; x_wconf 87' lang='lat' dir='ltr'><strong>quaquam</strong></span> <span class='ocrx_word' id='word_1_180' title='bbox 2296 1275 2399 1332; x_wconf 87' lang='lat' dir='ltr'><strong>sibi</strong></span> <span class='ocrx_word' id='word_1_181' title='bbox 2434 1276 2734 1347; x_wconf 89' lang='lat' dir='ltr'><strong>spiritualis</strong></span> <span class='ocrx_word' id='word_1_182' title='bbox 2764 1275 2926 1331; x_wconf 80' lang='lat' dir='ltr'><strong>Verbi</strong></span> <span class='ocrx_word' id='word_1_183' title='bbox 2954 1276 3384 1331; x_wconf 88' lang='lat' dir='ltr'><strong>eommentitiam</strong></span> <span class='ocrx_word' id='word_1_184' title='bbox 3431 1292 3557 1346; x_wconf 87' lang='lat' dir='ltr'><strong>spe-</strong></span> 
     </span>
    </p>
   </div>
   <div class='ocr_carea' id='block_1_28' title="bbox 1992 1367 3557 1439">
    <p class='ocr_par' dir='ltr' id='par_1_28' title="bbox 1992 1367 3557 1439">
     <span class='ocr_line' id='line_1_28' title="bbox 1992 1367 3557 1439; baseline 0 -17"><span class='ocrx_word' id='word_1_185' title='bbox 1992 1369 2129 1422; x_wconf 87' lang='lat' dir='ltr'><strong>ciem</strong></span> <span class='ocrx_word' id='word_1_186' title='bbox 2161 1367 2486 1434; x_wconf 83' lang='lat' dir='ltr'><strong>ellinxisset;</strong></span> <span class='ocrx_word' id='word_1_187' title='bbox 2523 1384 2720 1439; x_wconf 90' lang='lat' dir='ltr'><strong>neque,</strong></span> <span class='ocrx_word' id='word_1_188' title='bbox 2758 1370 2923 1423; x_wconf 90' lang='lat' dir='ltr'><strong>homo</strong></span> <span class='ocrx_word' id='word_1_189' title='bbox 2963 1384 3088 1423; x_wconf 88' lang='lat' dir='ltr'><strong>cum</strong></span> <span class='ocrx_word' id='word_1_190' title='bbox 3121 1376 3268 1423; x_wconf 90' lang='lat' dir='ltr'><strong>esset</strong></span> <span class='ocrx_word' id='word_1_191' title='bbox 3300 1410 3314 1434; x_wconf 94' lang='lat'><strong>,</strong></span> <span class='ocrx_word' id='word_1_192' title='bbox 3346 1369 3557 1423; x_wconf 87' lang='lat' dir='ltr'><strong>incom-</strong></span> 
     </span>
    </p>
   </div>
   <div class='ocr_carea' id='block_1_29' title="bbox 1994 1456 3560 1528">
    <p class='ocr_par' dir='ltr' id='par_1_29' title="bbox 1994 1456 3560 1528">
     <span class='ocr_line' id='line_1_29' title="bbox 1994 1456 3560 1528; baseline 0.004 -21"><span class='ocrx_word' id='word_1_193' title='bbox 1994 1457 2342 1525; x_wconf 79' lang='lat' dir='ltr'><strong>prehensibiii</strong></span> <span class='ocrx_word' id='word_1_194' title='bbox 2378 1456 2687 1513; x_wconf 86' lang='lat' dir='ltr'><strong>Servatoris</strong></span> <span class='ocrx_word' id='word_1_195' title='bbox 2715 1459 2903 1513; x_wconf 80' lang='lat' dir='ltr'><strong>virtuti</strong></span> <span class='ocrx_word' id='word_1_196' title='bbox 2935 1472 3054 1514; x_wconf 88' lang='lat' dir='ltr'><strong>sese</strong></span> <span class='ocrx_word' id='word_1_197' title='bbox 3082 1473 3369 1528; x_wconf 81' lang='lat' dir='ltr'><strong>exaequare</strong></span> <span class='ocrx_word' id='word_1_198' title='bbox 3391 1474 3560 1514; x_wconf 91' lang='lat' dir='ltr'><strong>ausus</strong></span> 
     </span>
    </p>
   </div>
   <div class='ocr_carea' id='block_1_30' title="bbox 1997 1546 3559 1621">
    <p class='ocr_par' dir='ltr' id='par_1_30' title="bbox 1997 1546 3559 1621">
     <span class='ocr_line' id='line_1_30' title="bbox 1997 1546 3559 1621; baseline 0.002 -20"><span class='ocrx_word' id='word_1_199' title='bbox 1997 1548 2208 1613; x_wconf 79' lang='lat' dir='ltr'><strong>fuisset,</strong></span> <span class='ocrx_word' id='word_1_200' title='bbox 2240 1548 2465 1603; x_wconf 88' lang='lat' dir='ltr'><strong>dicens:</strong></span> <span class='ocrx_word' id='word_1_201' title='bbox 2504 1546 2708 1618; x_wconf 80' lang='lat' dir='ltr'><strong>Sequar</strong></span> <span class='ocrx_word' id='word_1_202' title='bbox 2736 1558 2785 1604; x_wconf 82' lang='lat' dir='ltr'><strong>te</strong></span> <span class='ocrx_word' id='word_1_203' title='bbox 2814 1565 3118 1621; x_wconf 81' lang='lat' dir='ltr'><strong>quocunque</strong></span> <span class='ocrx_word' id='word_1_204' title='bbox 3148 1550 3299 1603; x_wconf 73' lang='lat' dir='ltr'><strong>ieris.</strong></span> <span class='ocrx_word' id='word_1_205' title='bbox 3349 1548 3559 1604; x_wconf 88' lang='lat' dir='ltr'><strong>Etenim</strong></span> 
     </span>
    </p>
   </div>
   <div class='ocr_carea' id='block_1_31' title="bbox 1997 1636 3560 1710">
    <p class='ocr_par' dir='ltr' id='par_1_31' title="bbox 1997 1636 3560 1710">
     <span class='ocr_line' id='line_1_31' title="bbox 1997 1636 3560 1710; baseline 0.003 -19"><span class='ocrx_word' id='word_1_206' title='bbox 1997 1636 2337 1693; x_wconf 81' lang='lat' dir='ltr'><strong>Servatorem</strong></span> <span class='ocrx_word' id='word_1_207' title='bbox 2372 1637 2688 1708; x_wconf 88' lang='lat' dir='ltr'><strong>simpliciter</strong></span> <span class='ocrx_word' id='word_1_208' title='bbox 2710 1640 2863 1709; x_wconf 86' lang='lat' dir='ltr'><strong>sequi</strong></span> <span class='ocrx_word' id='word_1_209' title='bbox 2888 1639 2955 1695; x_wconf 90' lang='lat' dir='ltr'><strong>ad</strong></span> <span class='ocrx_word' id='word_1_210' title='bbox 2983 1640 3286 1695; x_wconf 89' lang='lat' dir='ltr'><strong>doctrinam</strong></span> <span class='ocrx_word' id='word_1_211' title='bbox 3311 1639 3429 1710; x_wconf 82' lang='lat' dir='ltr'><strong>ejus</strong></span> <span class='ocrx_word' id='word_1_212' title='bbox 3458 1657 3560 1695; x_wconf 82' lang='lat' dir='ltr'><strong>au-</strong></span> 
     </span>
    </p>
   </div>
   <div class='ocr_carea' id='block_1_32' title="bbox 312 1718 1905 1805">
    <p class='ocr_par' dir='ltr' id='par_1_32' title="bbox 312 1730 1892 1805">
     <span class='ocr_line' id='line_1_32' title="bbox 312 1730 1892 1805; baseline 0.002 -21"><span class='ocrx_word' id='word_1_213' title='bbox 312 1733 424 1802; x_wconf 79' lang='grc' dir='ltr'><strong>γάρ</strong></span> <span class='ocrx_word' id='word_1_214' title='bbox 445 1732 818 1805; x_wconf 76' lang='grc' dir='ltr'>ἁπλούστερον</span> <span class='ocrx_word' id='word_1_215' title='bbox 846 1732 923 1805; x_wconf 81' lang='grc' dir='ltr'>τῷ</span> <span class='ocrx_word' id='word_1_216' title='bbox 949 1733 1163 1805; x_wconf 85' lang='grc' dir='ltr'>Σωτῆρι</span> <span class='ocrx_word' id='word_1_217' title='bbox 1188 1733 1322 1805; x_wconf 87' lang='grc' dir='ltr'>πρὸς</span> <span class='ocrx_word' id='word_1_218' title='bbox 1347 1730 1408 1786; x_wconf 86' lang='grc' dir='ltr'><strong>τδ</strong></span> <span class='ocrx_word' id='word_1_219' title='bbox 1428 1732 1527 1803; x_wconf 81' lang='grc' dir='ltr'>τῆς</span> <span class='ocrx_word' id='word_1_220' title='bbox 1552 1732 1892 1797; x_wconf 67' lang='grc' dir='ltr'>διδασκαλίας</span> 
     </span>
    </p>
   </div>
   <div class='ocr_carea' id='block_1_33' title="bbox 2009 1718 3560 1805">
    <p class='ocr_par' dir='ltr' id='par_1_33' title="bbox 2009 1718 3560 1800">
     <span class='ocr_line' id='line_1_33' title="bbox 2009 1718 3560 1800; baseline 0.003 -18"><span class='ocrx_word' id='word_1_221' title='bbox 2009 1729 2270 1795; x_wconf 63' lang='lat' dir='ltr'><strong>liendam,</strong></span> <span class='ocrx_word' id='word_1_222' title='bbox 2302 1728 2553 1785; x_wconf 80' lang='lat' dir='ltr'><strong>humanae</strong></span> <span class='ocrx_word' id='word_1_223' title='bbox 2598 1730 2821 1800; x_wconf 90' lang='lat' dir='ltr'><strong>quidem</strong></span> <span class='ocrx_word' id='word_1_224' title='bbox 2868 1718 3079 1786; x_wconf 76' lang='lat' dir='ltr'><strong>naturae</strong></span> <span class='ocrx_word' id='word_1_225' title='bbox 3126 1731 3383 1800; x_wconf 89' lang='lat' dir='ltr'><strong>possibile</strong></span> <span class='ocrx_word' id='word_1_226' title='bbox 3435 1743 3560 1798; x_wconf 86' lang='lat' dir='ltr'><strong>est,</strong></span> 
     </span>
    </p>
   </div>
   <div class='ocr_carea' id='block_1_34' title="bbox 313 1821 1898 1895">
    <p class='ocr_par' dir='ltr' id='par_1_34' title="bbox 313 1821 1898 1895">
     <span class='ocr_line' id='line_1_34' title="bbox 313 1821 1898 1895; baseline 0.001 -20"><span class='ocrx_word' id='word_1_227' title='bbox 313 1823 486 1876; x_wconf 81' lang='grc' dir='ltr'>αὑτοῦ</span> <span class='ocrx_word' id='word_1_228' title='bbox 514 1823 732 1877; x_wconf 82' lang='grc' dir='ltr'>ἀκούειν</span> <span class='ocrx_word' id='word_1_229' title='bbox 754 1821 978 1878; x_wconf 83' lang='grc' dir='ltr'>δυνατὸν</span> <span class='ocrx_word' id='word_1_230' title='bbox 997 1826 1062 1895; x_wconf 82' lang='grc' dir='ltr'>τῇ</span> <span class='ocrx_word' id='word_1_231' title='bbox 1080 1822 1393 1895; x_wconf 83' lang='grc' dir='ltr'>ἀνθρωπίνῃ</span> <span class='ocrx_word' id='word_1_232' title='bbox 1417 1822 1596 1892; x_wconf 86' lang='grc' dir='ltr'>φύσει,</span> <span class='ocrx_word' id='word_1_233' title='bbox 1620 1823 1716 1876; x_wconf 70' lang='grc' dir='ltr'>καὶ</span> <span class='ocrx_word' id='word_1_234' title='bbox 1740 1822 1898 1877; x_wconf 81' lang='grc' dir='ltr'>τοῦτο</span> 
     </span>
    </p>
   </div>
   <div class='ocr_carea' id='block_1_35' title="bbox 314 1913 1896 1988">
    <p class='ocr_par' dir='ltr' id='par_1_35' title="bbox 314 1913 1896 1988">
     <span class='ocr_line' id='line_1_35' title="bbox 314 1913 1896 1988; baseline 0.001 -21"><span class='ocrx_word' id='word_1_235' title='bbox 314 1913 463 1967; x_wconf 63' lang='grc' dir='ltr'>κατὰ</span> <span class='ocrx_word' id='word_1_236' title='bbox 497 1915 598 1985; x_wconf 85' lang='grc' dir='ltr'>τὴν</span> <span class='ocrx_word' id='word_1_237' title='bbox 646 1915 810 1968; x_wconf 78' lang='grc' dir='ltr'>αὑτοῦ</span> <span class='ocrx_word' id='word_1_238' title='bbox 858 1915 1267 1988; x_wconf 76' lang='grc' dir='ltr'>φιλανθρωπίαν</span> <span class='ocrx_word' id='word_1_239' title='bbox 1300 1933 1312 1946; x_wconf 93' lang='grc'><strong>·</strong></span> <span class='ocrx_word' id='word_1_240' title='bbox 1359 1916 1802 1969; x_wconf 66' lang='grc' dir='ltr'>συνεκτείνεσθαιι</span> <span class='ocrx_word' id='word_1_241' title='bbox 1838 1916 1896 1970; x_wconf 75' lang='grc' dir='ltr'>δὲ</span> 
     </span>
    </p>
   </div>
   <div class='ocr_carea' id='block_1_36' title="bbox 314 2005 1897 2077">
    <p class='ocr_par' dir='ltr' id='par_1_36' title="bbox 314 2005 1897 2077">
     <span class='ocr_line' id='line_1_36' title="bbox 314 2005 1897 2077; baseline 0.003 -20"><span class='ocrx_word' id='word_1_242' title='bbox 314 2006 415 2058; x_wconf 86' lang='grc' dir='ltr'><strong>καί</strong></span> <span class='ocrx_word' id='word_1_243' title='bbox 447 2005 766 2077; x_wconf 82' lang='grc' dir='ltr'>συντρέχειν</span> <span class='ocrx_word' id='word_1_244' title='bbox 800 2005 950 2076; x_wconf 81' lang='grc' dir='ltr'>αὐτῷ</span> <span class='ocrx_word' id='word_1_245' title='bbox 983 2005 1259 2077; x_wconf 79' lang='grc' dir='ltr'>πανταχοῦ</span> <span class='ocrx_word' id='word_1_246' title='bbox 1287 2045 1301 2069; x_wconf 91' lang='grc'><strong>,</strong></span> <span class='ocrx_word' id='word_1_247' title='bbox 1330 2006 1486 2061; x_wconf 87' lang='grc' dir='ltr'>τοῦτο</span> <span class='ocrx_word' id='word_1_248' title='bbox 1518 2006 1611 2063; x_wconf 79' lang='grc' dir='ltr'><strong>καὶ</strong></span> <span class='ocrx_word' id='word_1_249' title='bbox 1641 2006 1897 2061; x_wconf 83' lang='grc' dir='ltr'>ἀδύνατον</span> 
     </span>
    </p>
   </div>
   <div class='ocr_carea' id='block_1_37' title="bbox 312 2095 1901 2171">
    <p class='ocr_par' dir='ltr' id='par_1_37' title="bbox 312 2095 1901 2171">
     <span class='ocr_line' id='line_1_37' title="bbox 312 2095 1901 2171; baseline 0.003 -23"><span class='ocrx_word' id='word_1_250' title='bbox 312 2098 412 2149; x_wconf 75' lang='grc' dir='ltr'><strong>καὶ</strong></span> <span class='ocrx_word' id='word_1_251' title='bbox 458 2095 738 2171; x_wconf 83' lang='grc' dir='ltr'>τολμηρὸν</span> <span class='ocrx_word' id='word_1_252' title='bbox 774 2098 851 2169; x_wconf 83' lang='grc' dir='ltr'>τῷ</span> <span class='ocrx_word' id='word_1_253' title='bbox 898 2098 1377 2169; x_wconf 77' lang='grc' dir='ltr'>ἐπαγγελλομένῳ.</span> <span class='ocrx_word' id='word_1_254' title='bbox 1433 2097 1570 2152; x_wconf 72' lang='grc' dir='ltr'>Οὔτε</span> <span class='ocrx_word' id='word_1_255' title='bbox 1618 2098 1726 2170; x_wconf 84' lang='grc' dir='ltr'><strong>γὰρ</strong></span> <span class='ocrx_word' id='word_1_256' title='bbox 1770 2100 1901 2153; x_wconf 91' lang='grc' dir='ltr'>ἀνα-</span> 
     </span>
    </p>
   </div>
   <div class='ocr_carea' id='block_1_38' title="bbox 310 2186 1895 2259">
    <p class='ocr_par' dir='ltr' id='par_1_38' title="bbox 310 2186 1895 2259">
     <span class='ocr_line' id='line_1_38' title="bbox 310 2186 1895 2259; baseline 0.003 -21"><span class='ocrx_word' id='word_1_257' title='bbox 310 2186 617 2257; x_wconf 75' lang='grc' dir='ltr'>παυομένῳ</span> <span class='ocrx_word' id='word_1_258' title='bbox 649 2186 797 2258; x_wconf 81' lang='grc' dir='ltr'>αύτῷ</span> <span class='ocrx_word' id='word_1_259' title='bbox 833 2187 982 2258; x_wconf 87' lang='grc' dir='ltr'><strong>παρά</strong></span> <span class='ocrx_word' id='word_1_260' title='bbox 1017 2187 1096 2258; x_wconf 82' lang='grc' dir='ltr'>τῷ</span> <span class='ocrx_word' id='word_1_261' title='bbox 1133 2188 1310 2259; x_wconf 63' lang='grc' dir='ltr'><strong>ΙιέιιτρῖΙ</strong></span> <span class='ocrx_word' id='word_1_262' title='bbox 1336 2190 1573 2241; x_wconf 80' lang='grc' dir='ltr'>συνεῖναι</span> <span class='ocrx_word' id='word_1_263' title='bbox 1602 2186 1895 2259; x_wconf 78' lang='grc' dir='ltr'>δυνάμεθα·</span> 
     </span>
    </p>
   </div>
   <div class='ocr_carea' id='block_1_39' title="bbox 308 2277 1898 2350">
    <p class='ocr_par' dir='ltr' id='par_1_39' title="bbox 308 2277 1898 2350">
     <span class='ocr_line' id='line_1_39' title="bbox 308 2277 1898 2350; baseline 0 -20"><span class='ocrx_word' id='word_1_264' title='bbox 308 2277 437 2342; x_wconf 75' lang='grc' dir='ltr'>πῶς</span> <span class='ocrx_word' id='word_1_265' title='bbox 468 2277 604 2349; x_wconf 85' lang='grc' dir='ltr'>γὰρ,</span> <span class='ocrx_word' id='word_1_266' title='bbox 634 2278 798 2349; x_wconf 78' lang='grc' dir='ltr'>ἄλλης</span> <span class='ocrx_word' id='word_1_267' title='bbox 825 2280 1038 2347; x_wconf 83' lang='grc' dir='ltr'>φύσεως</span> <span class='ocrx_word' id='word_1_268' title='bbox 1063 2279 1458 2350; x_wconf 75' lang='grc' dir='ltr'>τυγχάνοντεςς</span> <span class='ocrx_word' id='word_1_269' title='bbox 1485 2277 1608 2332; x_wconf 74' lang='grc' dir='ltr'>οὔτε</span> <span class='ocrx_word' id='word_1_270' title='bbox 1626 2277 1898 2348; x_wconf 75' lang='grc' dir='ltr'>πανταχοῦ</span> 
     </span>
    </p>
   </div>
   <div class='ocr_carea' id='block_1_40' title="bbox 310 2365 1900 2443">
    <p class='ocr_par' dir='ltr' id='par_1_40' title="bbox 310 2365 1900 2443">
     <span class='ocr_line' id='line_1_40' title="bbox 310 2365 1900 2443; baseline -0.001 -19"><span class='ocrx_word' id='word_1_271' title='bbox 310 2371 469 2442; x_wconf 77' lang='grc' dir='ltr'>αὐτῷ</span> <span class='ocrx_word' id='word_1_272' title='bbox 501 2371 615 2425; x_wconf 81' lang='grc' dir='ltr'>όντι</span> <span class='ocrx_word' id='word_1_273' title='bbox 648 2372 971 2443; x_wconf 81' lang='grc' dir='ltr'>συνδραμεῖν</span> <span class='ocrx_word' id='word_1_274' title='bbox 1018 2365 1128 2426; x_wconf 80' lang='grc' dir='ltr'>οἷόν</span> <span class='ocrx_word' id='word_1_275' title='bbox 1160 2388 1240 2424; x_wconf 91' lang='grc' dir='ltr'><strong>τε.</strong></span> <span class='ocrx_word' id='word_1_276' title='bbox 1282 2369 1343 2425; x_wconf 83' lang='lat'><strong>&#39;0</strong></span> <span class='ocrx_word' id='word_1_277' title='bbox 1400 2371 1498 2443; x_wconf 80' lang='grc' dir='ltr'>μὲν</span> <span class='ocrx_word' id='word_1_278' title='bbox 1535 2370 1647 2443; x_wconf 72' lang='grc' dir='ltr'>γὰρ</span> <span class='ocrx_word' id='word_1_279' title='bbox 1681 2370 1900 2443; x_wconf 74' lang='grc' dir='ltr'>ἁχιὶιρη-</span> 
     </span>
    </p>
   </div>
   <div class='ocr_carea' id='block_1_41' title="bbox 309 2462 1902 2535">
    <p class='ocr_par' dir='ltr' id='par_1_41' title="bbox 309 2462 1902 2535">
     <span class='ocr_line' id='line_1_41' title="bbox 309 2462 1902 2535; baseline 0 -20"><span class='ocrx_word' id='word_1_280' title='bbox 309 2479 439 2529; x_wconf 70' lang='grc' dir='ltr'>στος,</span> <span class='ocrx_word' id='word_1_281' title='bbox 467 2465 523 2515; x_wconf 80' lang='grc' dir='ltr'>οἱ</span> <span class='ocrx_word' id='word_1_282' title='bbox 549 2464 605 2516; x_wconf 77' lang='grc' dir='ltr'>δὲ</span> <span class='ocrx_word' id='word_1_283' title='bbox 632 2463 867 2535; x_wconf 86' lang='grc' dir='ltr'>χωρητοί</span> <span class='ocrx_word' id='word_1_284' title='bbox 886 2479 900 2494; x_wconf 76' lang='grc' dir='ltr'><strong>ο</strong></span> <span class='ocrx_word' id='word_1_285' title='bbox 940 2464 1035 2517; x_wconf 73' lang='grc' dir='ltr'>καὶ</span> <span class='ocrx_word' id='word_1_286' title='bbox 1056 2465 1085 2517; x_wconf 91' lang='lat'><strong>6</strong></span> <span class='ocrx_word' id='word_1_287' title='bbox 1118 2464 1215 2535; x_wconf 81' lang='grc' dir='ltr'><strong>μὲν</strong></span> <span class='ocrx_word' id='word_1_288' title='bbox 1247 2464 1306 2516; x_wconf 78' lang='grc' dir='ltr'>ὲν</span> <span class='ocrx_word' id='word_1_289' title='bbox 1338 2463 1416 2534; x_wconf 79' lang='grc' dir='ltr'>τῷ</span> <span class='ocrx_word' id='word_1_290' title='bbox 1458 2463 1621 2517; x_wconf 77' lang='grc' dir='ltr'>παντὶ</span> <span class='ocrx_word' id='word_1_291' title='bbox 1668 2464 1763 2517; x_wconf 76' lang='grc' dir='ltr'>καὶ</span> <span class='ocrx_word' id='word_1_292' title='bbox 1798 2462 1902 2528; x_wconf 70' lang='grc' dir='ltr'>ἔξω</span> 
     </span>
    </p>
   </div>
   <div class='ocr_carea' id='block_1_42' title="bbox 311 2554 1901 2627">
    <p class='ocr_par' dir='ltr' id='par_1_42' title="bbox 311 2554 1901 2627">
     <span class='ocr_line' id='line_1_42' title="bbox 311 2554 1901 2627; baseline 0.001 -21"><span class='ocrx_word' id='word_1_293' title='bbox 311 2555 415 2607; x_wconf 84' lang='grc' dir='ltr'><strong>τοῦ</strong></span> <span class='ocrx_word' id='word_1_294' title='bbox 449 2555 656 2619; x_wconf 88' lang='grc' dir='ltr'>παντός</span> <span class='ocrx_word' id='word_1_295' title='bbox 688 2557 856 2620; x_wconf 71' lang='grc' dir='ltr'>ἐστιν,</span> <span class='ocrx_word' id='word_1_296' title='bbox 893 2556 953 2608; x_wconf 53' lang='grc' dir='ltr'>οἰκ</span> <span class='ocrx_word' id='word_1_297' title='bbox 975 2555 1031 2609; x_wconf 82' lang='grc' dir='ltr'>δὲ</span> <span class='ocrx_word' id='word_1_298' title='bbox 1062 2557 1121 2609; x_wconf 80' lang='grc' dir='ltr'>ὲν</span> <span class='ocrx_word' id='word_1_299' title='bbox 1163 2555 1241 2627; x_wconf 83' lang='grc' dir='ltr'>τῷ</span> <span class='ocrx_word' id='word_1_300' title='bbox 1271 2556 1433 2609; x_wconf 78' lang='grc' dir='ltr'>παντὶ</span> <span class='ocrx_word' id='word_1_301' title='bbox 1483 2554 1901 2627; x_wconf 82' lang='grc' dir='ltr'>μεμετρημένην</span> 
     </span>
    </p>
   </div>
   <div class='ocr_carea' id='block_1_43' title="bbox 314 2644 1904 2718">
    <p class='ocr_par' dir='ltr' id='par_1_43' title="bbox 314 2644 1904 2718">
     <span class='ocr_line' id='line_1_43' title="bbox 314 2644 1904 2718; baseline 0.003 -22"><span class='ocrx_word' id='word_1_302' title='bbox 314 2644 524 2716; x_wconf 60' lang='grc' dir='ltr'>ἔχομεν</span> <span class='ocrx_word' id='word_1_303' title='bbox 555 2645 652 2716; x_wconf 77' lang='grc' dir='ltr'><strong>τὴν</strong></span> <span class='ocrx_word' id='word_1_304' title='bbox 681 2645 937 2700; x_wconf 90' lang='grc' dir='ltr'>σύστασιν</span> <span class='ocrx_word' id='word_1_305' title='bbox 955 2662 968 2675; x_wconf 88' lang='grc'>·</span> <span class='ocrx_word' id='word_1_306' title='bbox 1000 2646 1141 2701; x_wconf 76' lang='grc' dir='ltr'>καὶό</span> <span class='ocrx_word' id='word_1_307' title='bbox 1161 2646 1258 2718; x_wconf 66' lang='grc' dir='ltr'>μὲν</span> <span class='ocrx_word' id='word_1_308' title='bbox 1282 2647 1486 2717; x_wconf 80' lang='grc' dir='ltr'>Κύριος</span> <span class='ocrx_word' id='word_1_309' title='bbox 1515 2648 1786 2717; x_wconf 83' lang='grc' dir='ltr'>ἀκινήτως</span> <span class='ocrx_word' id='word_1_310' title='bbox 1813 2647 1904 2700; x_wconf 79' lang='grc' dir='ltr'>καὶ</span> 
     </span>
    </p>
   </div>
   <div class='ocr_carea' id='block_1_44' title="bbox 314 2735 1900 2809">
    <p class='ocr_par' dir='ltr' id='par_1_44' title="bbox 314 2735 1900 2809">
     <span class='ocr_line' id='line_1_44' title="bbox 314 2735 1900 2809; baseline 0.001 -20"><span class='ocrx_word' id='word_1_311' title='bbox 314 2735 693 2807; x_wconf 73' lang='grc' dir='ltr'>ἁμεταϐἀτως</span> <span class='ocrx_word' id='word_1_312' title='bbox 720 2740 861 2791; x_wconf 83' lang='grc' dir='ltr'>κινεῖ</span> <span class='ocrx_word' id='word_1_313' title='bbox 894 2737 963 2791; x_wconf 87' lang='grc' dir='ltr'>τὰ</span> <span class='ocrx_word' id='word_1_314' title='bbox 990 2738 1287 2809; x_wconf 83' lang='grc' dir='ltr'>πανταχοῦ,</span> <span class='ocrx_word' id='word_1_315' title='bbox 1317 2739 1411 2792; x_wconf 74' lang='grc' dir='ltr'><strong>καὶ</strong></span> <span class='ocrx_word' id='word_1_316' title='bbox 1440 2738 1507 2792; x_wconf 73' lang='grc' dir='ltr'>τὰ</span> <span class='ocrx_word' id='word_1_317' title='bbox 1544 2738 1639 2791; x_wconf 87' lang='grc' dir='ltr'><strong>δλα</strong></span> <span class='ocrx_word' id='word_1_318' title='bbox 1670 2738 1863 2792; x_wconf 84' lang='grc' dir='ltr'>διοικεῖ</span> <span class='ocrx_word' id='word_1_319' title='bbox 1886 2755 1900 2769; x_wconf 77' lang='grc' dir='ltr'><strong>ο</strong></span> 
     </span>
    </p>
   </div>
   <div class='ocr_carea' id='block_1_45' title="bbox 316 2821 1906 2900">
    <p class='ocr_par' dir='ltr' id='par_1_45' title="bbox 316 2821 1906 2900">
     <span class='ocr_line' id='line_1_45' title="bbox 316 2821 1906 2900; baseline 0.001 -18"><span class='ocrx_word' id='word_1_320' title='bbox 316 2828 609 2900; x_wconf 81' lang='grc' dir='ltr'>ἄνθρωποι</span> <span class='ocrx_word' id='word_1_321' title='bbox 646 2827 722 2893; x_wconf 82' lang='grc' dir='ltr'><strong>δὲ,</strong></span> <span class='ocrx_word' id='word_1_322' title='bbox 752 2828 1168 2899; x_wconf 78' lang='grc' dir='ltr'>μεταδαίνοντες</span> <span class='ocrx_word' id='word_1_323' title='bbox 1206 2831 1298 2899; x_wconf 83' lang='grc' dir='ltr'>ἀφ’</span> <span class='ocrx_word' id='word_1_324' title='bbox 1326 2821 1389 2882; x_wconf 79' lang='grc' dir='ltr'>οὗ</span> <span class='ocrx_word' id='word_1_325' title='bbox 1431 2828 1748 2900; x_wconf 82' lang='grc' dir='ltr'>κινούμεθα,</span> <span class='ocrx_word' id='word_1_326' title='bbox 1797 2829 1906 2884; x_wconf 81' lang='grc' dir='ltr'>λει-</span> 
     </span>
    </p>
   </div>
   <div class='ocr_carea' id='block_1_46' title="bbox 318 2918 1909 2993">
    <p class='ocr_par' dir='ltr' id='par_1_46' title="bbox 318 2918 1909 2993">
     <span class='ocr_line' id='line_1_46' title="bbox 318 2918 1909 2993; baseline 0.001 -20"><span class='ocrx_word' id='word_1_327' title='bbox 318 2918 550 2991; x_wconf 76' lang='grc' dir='ltr'>πόμεθα</span> <span class='ocrx_word' id='word_1_328' title='bbox 573 2922 639 2991; x_wconf 82' lang='grc' dir='ltr'>τῇ</span> <span class='ocrx_word' id='word_1_329' title='bbox 673 2919 952 2991; x_wconf 70' lang='grc' dir='ltr'>ἀπολείψει</span> <span class='ocrx_word' id='word_1_330' title='bbox 995 2922 1105 2975; x_wconf 83' lang='grc' dir='ltr'><strong>τοῦ</strong></span> <span class='ocrx_word' id='word_1_331' title='bbox 1132 2920 1295 2975; x_wconf 80' lang='grc' dir='ltr'>τόπου</span> <span class='ocrx_word' id='word_1_332' title='bbox 1331 2921 1468 2993; x_wconf 81' lang='grc' dir='ltr'>πρὸς</span> <span class='ocrx_word' id='word_1_333' title='bbox 1507 2920 1606 2992; x_wconf 74' lang='grc' dir='ltr'>τὴν</span> <span class='ocrx_word' id='word_1_334' title='bbox 1639 2921 1909 2992; x_wconf 73' lang='grc' dir='ltr'>ἀμετάϐο-</span> 
     </span>
    </p>
   </div>
   <div class='ocr_carea' id='block_1_47' title="bbox 315 3010 1904 3084">
    <p class='ocr_par' dir='ltr' id='par_1_47' title="bbox 315 3010 1904 3084">
     <span class='ocr_line' id='line_1_47' title="bbox 315 3010 1904 3084; baseline 0.001 -20"><span class='ocrx_word' id='word_1_335' title='bbox 315 3027 414 3065; x_wconf 84' lang='grc' dir='ltr'><strong>τον</strong></span> <span class='ocrx_word' id='word_1_336' title='bbox 463 3010 740 3081; x_wconf 75' lang='grc' dir='ltr'>πανταχοῦ</span> <span class='ocrx_word' id='word_1_337' title='bbox 782 3013 883 3084; x_wconf 84' lang='grc' dir='ltr'><strong>τῆς</strong></span> <span class='ocrx_word' id='word_1_338' title='bbox 917 3012 1167 3084; x_wconf 84' lang='grc' dir='ltr'>θεότητος</span> <span class='ocrx_word' id='word_1_339' title='bbox 1191 3013 1360 3067; x_wconf 76' lang='grc' dir='ltr'>αὐτοῦ</span> <span class='ocrx_word' id='word_1_340' title='bbox 1392 3013 1720 3084; x_wconf 84' lang='grc' dir='ltr'>παρουσίαν.</span> <span class='ocrx_word' id='word_1_341' title='bbox 1764 3012 1904 3066; x_wconf 78' lang='grc' dir='ltr'>Ἀλλ’</span> 
     </span>
    </p>
   </div>
   <div class='ocr_carea' id='block_1_48' title="bbox 315 3103 1905 3254">
    <p class='ocr_par' dir='ltr' id='par_1_48' title="bbox 315 3103 1905 3254">
     <span class='ocr_line' id='line_1_48' title="bbox 315 3103 1905 3176; baseline 0.001 -20"><span class='ocrx_word' id='word_1_342' title='bbox 315 3104 348 3156; x_wconf 88' lang='lat'><strong>6</strong></span> <span class='ocrx_word' id='word_1_343' title='bbox 391 3103 607 3173; x_wconf 79' lang='grc' dir='ltr'>Κύριος</span> <span class='ocrx_word' id='word_1_344' title='bbox 632 3103 752 3155; x_wconf 83' lang='grc' dir='ltr'>κατ’</span> <span class='ocrx_word' id='word_1_345' title='bbox 781 3103 1066 3176; x_wconf 85' lang='grc' dir='ltr'>ἀμφότερα</span> <span class='ocrx_word' id='word_1_346' title='bbox 1110 3105 1299 3159; x_wconf 85' lang='grc' dir='ltr'>τοῦτον</span> <span class='ocrx_word' id='word_1_347' title='bbox 1348 3103 1676 3174; x_wconf 82' lang='grc' dir='ltr'>διορθοῦται,</span> <span class='ocrx_word' id='word_1_348' title='bbox 1718 3104 1810 3157; x_wconf 78' lang='grc' dir='ltr'><strong>καὶ</strong></span> <span class='ocrx_word' id='word_1_349' title='bbox 1845 3104 1905 3158; x_wconf 85' lang='grc' dir='ltr'><strong>τδ</strong></span> 
     </span>
     <span class='ocr_line' id='line_1_49' title="bbox 321 3191 1905 3254; baseline 0.006 -10"><span class='ocrx_word' id='word_1_350' title='bbox 321 3191 445 3254; x_wconf 55' lang='grc' dir='ltr'>μὲνκ</span> <span class='ocrx_word' id='word_1_351' title='bbox 463 3192 750 3254; x_wconf 81' lang='grc' dir='ltr'>ἀνέτοιμον</span> <span class='ocrx_word' id='word_1_352' title='bbox 782 3194 882 3254; x_wconf 82' lang='grc' dir='ltr'>τῆς</span> <span class='ocrx_word' id='word_1_353' title='bbox 909 3193 1226 3254; x_wconf 73' lang='grc' dir='ltr'>προθέσεως</span> <span class='ocrx_word' id='word_1_354' title='bbox 1263 3192 1547 3254; x_wconf 62' lang='grc' dir='ltr'>διελέγχει.</span> <span class='ocrx_word' id='word_1_355' title='bbox 1585 3196 1685 3254; x_wconf 80' lang='grc' dir='ltr'><strong>τὴν</strong></span> <span class='ocrx_word' id='word_1_356' title='bbox 1712 3197 1768 3251; x_wconf 79' lang='grc' dir='ltr'><strong>δὲ</strong></span> <span class='ocrx_word' id='word_1_357' title='bbox 1805 3198 1905 3254; x_wconf 68' lang='grc' dir='ltr'>τῆς</span> 
     </span>
    </p>
   </div>
   <div class='ocr_carea' id='block_1_49' title="bbox 2009 3103 3577 3254">
    <p class='ocr_par' dir='ltr' id='par_1_49' title="bbox 2009 3103 3577 3254">
     <span class='ocr_line' id='line_1_50' title="bbox 2009 3103 3576 3163; baseline 0.001 -18"><span class='ocrx_word' id='word_1_358' title='bbox 2009 3103 2358 3148; x_wconf 79' lang='grc' dir='ltr'>ει.ιιιιιηυι)ιιι</span> <span class='ocrx_word' id='word_1_359' title='bbox 2396 3108 2767 3163; x_wconf 73' lang='lat' dir='ltr'><strong>exaequemur.</strong></span> <span class='ocrx_word' id='word_1_360' title='bbox 2819 3103 2927 3148; x_wconf 58' lang='lat' dir='ltr'><strong>Sed</strong></span> <span class='ocrx_word' id='word_1_361' title='bbox 2956 3103 3220 3147; x_wconf 80' lang='lat' dir='ltr'><strong>Dominus</strong></span> <span class='ocrx_word' id='word_1_362' title='bbox 3251 3103 3318 3147; x_wconf 88' lang='lat' dir='ltr'><strong>de</strong></span> <span class='ocrx_word' id='word_1_363' title='bbox 3349 3103 3576 3162; x_wconf 85' lang='lat' dir='ltr'><strong>utraque</strong></span> 
     </span>
     <span class='ocr_line' id='line_1_51' title="bbox 2009 3182 3577 3254; baseline -0.001 -18"><span class='ocrx_word' id='word_1_364' title='bbox 2009 3199 2068 3238; x_wconf 87' lang='lat' dir='ltr'><strong>re</strong></span> <span class='ocrx_word' id='word_1_365' title='bbox 2092 3184 2315 3254; x_wconf 79' lang='lat' dir='ltr'><strong>corrigit</strong></span> <span class='ocrx_word' id='word_1_366' title='bbox 2347 3182 2522 3250; x_wconf 74' lang='lat' dir='ltr'><strong>iilum,</strong></span> <span class='ocrx_word' id='word_1_367' title='bbox 2544 3192 2708 3254; x_wconf 79' lang='lat' dir='ltr'><strong>atque</strong></span> <span class='ocrx_word' id='word_1_368' title='bbox 2735 3185 3061 3254; x_wconf 85' lang='lat' dir='ltr'><strong>imparatum</strong></span> <span class='ocrx_word' id='word_1_369' title='bbox 3098 3183 3577 3253; x_wconf 87' lang='lat' dir='ltr'><strong>inconsultumque</strong></span> 
     </span>
    </p>
   </div>
   <div class='ocr_carea' id='block_1_50' title="bbox 320 3191 1906 3269">
    <p class='ocr_par' dir='ltr' id='par_1_50' title="bbox 320 3191 1906 3269">
     <span class='ocr_line' id='line_1_52' title="bbox 320 3191 1906 3269; baseline 0.006 -26"><span class='ocrx_word' id='word_1_370' title='bbox 320 3191 445 3263; x_wconf 55' lang='grc' dir='ltr'>μὲνκ</span> <span class='ocrx_word' id='word_1_371' title='bbox 463 3192 750 3263; x_wconf 85' lang='grc' dir='ltr'>ἀνέτοιμον</span> <span class='ocrx_word' id='word_1_372' title='bbox 782 3194 882 3265; x_wconf 84' lang='grc' dir='ltr'><strong>τῆς</strong></span> <span class='ocrx_word' id='word_1_373' title='bbox 909 3193 1226 3265; x_wconf 73' lang='grc' dir='ltr'>προθέσεως</span> <span class='ocrx_word' id='word_1_374' title='bbox 1263 3192 1547 3267; x_wconf 72' lang='grc' dir='ltr'>διελέγχει,</span> <span class='ocrx_word' id='word_1_375' title='bbox 1585 3196 1685 3269; x_wconf 81' lang='grc' dir='ltr'><strong>τὴν</strong></span> <span class='ocrx_word' id='word_1_376' title='bbox 1712 3197 1768 3251; x_wconf 79' lang='grc' dir='ltr'><strong>δὲ</strong></span> <span class='ocrx_word' id='word_1_377' title='bbox 1805 3198 1906 3268; x_wconf 78' lang='grc' dir='ltr'>τῆς</span> 
     </span>
    </p>
   </div>
   <div class='ocr_carea' id='block_1_51' title="bbox 318 3282 1907 3359">
    <p class='ocr_par' dir='ltr' id='par_1_51' title="bbox 318 3282 1907 3359">
     <span class='ocr_line' id='line_1_53' title="bbox 318 3282 1907 3359; baseline 0.004 -23"><span class='ocrx_word' id='word_1_378' title='bbox 318 3282 586 3352; x_wconf 85' lang='grc' dir='ltr'>θεότητος</span> <span class='ocrx_word' id='word_1_379' title='bbox 612 3282 775 3337; x_wconf 78' lang='grc' dir='ltr'>αὑτοῦ</span> <span class='ocrx_word' id='word_1_380' title='bbox 819 3285 1215 3359; x_wconf 84' lang='grc' dir='ltr'>μεγαλειότητα</span> <span class='ocrx_word' id='word_1_381' title='bbox 1267 3288 1549 3352; x_wconf 84' lang='grc' dir='ltr'>παιδεύει,</span> <span class='ocrx_word' id='word_1_382' title='bbox 1586 3288 1759 3358; x_wconf 84' lang='grc' dir='ltr'>λέγων</span> <span class='ocrx_word' id='word_1_383' title='bbox 1783 3305 1798 3320; x_wconf 81' lang='lat'><strong><em>°</em></strong></span> <span class='ocrx_word' id='word_1_384' title='bbox 1838 3293 1907 3343; x_wconf 86' lang='lat' dir='ltr'><strong>Al</strong></span> 
     </span>
    </p>
   </div>
   <div class='ocr_carea' id='block_1_52' title="bbox 318 3371 1912 3451">
    <p class='ocr_par' dir='ltr' id='par_1_52' title="bbox 318 3371 1912 3451">
     <span class='ocr_line' id='line_1_54' title="bbox 318 3371 1912 3451; baseline 0.004 -24"><span class='ocrx_word' id='word_1_385' title='bbox 318 3371 643 3441; x_wconf 63' lang='grc' dir='ltr'>ἀλώπεκες</span> <span class='ocrx_word' id='word_1_386' title='bbox 669 3377 941 3445; x_wconf 72' lang='grc' dir='ltr'>φωλεοὺς</span> <span class='ocrx_word' id='word_1_387' title='bbox 968 3376 1181 3447; x_wconf 78' lang='grc' dir='ltr'>ἔχουσι</span> <span class='ocrx_word' id='word_1_388' title='bbox 1200 3419 1214 3444; x_wconf 97' lang='grc'><strong>,</strong></span> <span class='ocrx_word' id='word_1_389' title='bbox 1245 3379 1341 3433; x_wconf 76' lang='grc' dir='ltr'>καὶ</span> <span class='ocrx_word' id='word_1_390' title='bbox 1376 3378 1447 3433; x_wconf 89' lang='grc' dir='ltr'><strong>τά</strong></span> <span class='ocrx_word' id='word_1_391' title='bbox 1480 3378 1625 3451; x_wconf 78' lang='grc' dir='ltr'>ἑξῆς.</span> <span class='ocrx_word' id='word_1_392' title='bbox 1667 3382 1811 3434; x_wconf 88' lang='grc' dir='ltr'>Ἴσον</span> <span class='ocrx_word' id='word_1_393' title='bbox 1851 3381 1912 3434; x_wconf 66' lang='grc' dir='ltr'><strong>δὲ</strong></span> 
     </span>
    </p>
   </div>
   <div class='ocr_carea' id='block_1_53' title="bbox 315 3466 1911 3546">
    <p class='ocr_par' dir='ltr' id='par_1_53' title="bbox 315 3466 1911 3546">
     <span class='ocr_line' id='line_1_55' title="bbox 315 3466 1911 3546; baseline 0.005 -28"><span class='ocrx_word' id='word_1_394' title='bbox 315 3466 510 3537; x_wconf 85' lang='grc' dir='ltr'>τούτῳ</span> <span class='ocrx_word' id='word_1_395' title='bbox 555 3469 728 3521; x_wconf 72' lang='grc' dir='ltr'>εἰπεῖν</span> <span class='ocrx_word' id='word_1_396' title='bbox 766 3471 902 3535; x_wconf 76' lang='grc' dir='ltr'>ἐστι,</span> <span class='ocrx_word' id='word_1_397' title='bbox 951 3469 1021 3523; x_wconf 69' lang='grc' dir='ltr'>τὰ</span> <span class='ocrx_word' id='word_1_398' title='bbox 1074 3471 1172 3541; x_wconf 75' lang='grc' dir='ltr'><strong>μὲν</strong></span> <span class='ocrx_word' id='word_1_399' title='bbox 1225 3473 1428 3542; x_wconf 83' lang='grc' dir='ltr'>γενητά</span> <span class='ocrx_word' id='word_1_400' title='bbox 1475 3474 1654 3528; x_wconf 83' lang='grc' dir='ltr'>πάντα</span> <span class='ocrx_word' id='word_1_401' title='bbox 1686 3473 1911 3546; x_wconf 86' lang='grc' dir='ltr'>χωρητά</span> 
     </span>
    </p>
   </div>
   <div class='ocr_carea' id='block_1_54' title="bbox 316 3556 1910 3633">
    <p class='ocr_par' dir='ltr' id='par_1_54' title="bbox 316 3556 1910 3633">
     <span class='ocr_line' id='line_1_56' title="bbox 316 3556 1910 3633; baseline 0.004 -22"><span class='ocrx_word' id='word_1_402' title='bbox 316 3556 620 3627; x_wconf 74' lang='grc' dir='ltr'>τυγχάνει,</span> <span class='ocrx_word' id='word_1_403' title='bbox 654 3560 747 3612; x_wconf 73' lang='grc' dir='ltr'><strong>καὶ</strong></span> <span class='ocrx_word' id='word_1_404' title='bbox 787 3561 972 3626; x_wconf 85' lang='grc' dir='ltr'>τόποις</span> <span class='ocrx_word' id='word_1_405' title='bbox 1002 3561 1308 3631; x_wconf 77' lang='grc' dir='ltr'>διίσταται,</span> <span class='ocrx_word' id='word_1_406' title='bbox 1345 3566 1374 3617; x_wconf 88' lang='grc' dir='ltr'>ὁ</span> <span class='ocrx_word' id='word_1_407' title='bbox 1412 3564 1471 3618; x_wconf 80' lang='grc' dir='ltr'>δὲ</span> <span class='ocrx_word' id='word_1_408' title='bbox 1512 3564 1687 3633; x_wconf 90' lang='grc' dir='ltr'>Λόγος</span> <span class='ocrx_word' id='word_1_409' title='bbox 1739 3567 1769 3619; x_wconf 90' lang='lat'><strong>6</strong></span> <span class='ocrx_word' id='word_1_410' title='bbox 1814 3564 1910 3618; x_wconf 87' lang='grc' dir='ltr'><strong>τοῦ</strong></span> 
     </span>
    </p>
   </div>
   <div class='ocr_carea' id='block_1_55' title="bbox 318 3646 1917 3727">
    <p class='ocr_par' dir='ltr' id='par_1_55' title="bbox 318 3646 1917 3727">
     <span class='ocr_line' id='line_1_57' title="bbox 318 3646 1917 3727; baseline 0.004 -25"><span class='ocrx_word' id='word_1_411' title='bbox 318 3648 473 3702; x_wconf 81' lang='grc' dir='ltr'>Θεοῦ</span> <span class='ocrx_word' id='word_1_412' title='bbox 496 3646 778 3720; x_wconf 81' lang='grc' dir='ltr'>ἀχὼρητον</span> <span class='ocrx_word' id='word_1_413' title='bbox 810 3650 922 3722; x_wconf 74' lang='grc' dir='ltr'>ἔχει</span> <span class='ocrx_word' id='word_1_414' title='bbox 953 3651 1051 3723; x_wconf 82' lang='grc' dir='ltr'><strong>τὴν</strong></span> <span class='ocrx_word' id='word_1_415' title='bbox 1085 3652 1310 3724; x_wconf 88' lang='grc' dir='ltr'>δύναμιν</span> <span class='ocrx_word' id='word_1_416' title='bbox 1335 3669 1348 3684; x_wconf 85' lang='lat'><strong><em>°</em></strong></span> <span class='ocrx_word' id='word_1_417' title='bbox 1381 3653 1521 3708; x_wconf 80' lang='grc' dir='ltr'>ὥστε</span> <span class='ocrx_word' id='word_1_418' title='bbox 1555 3654 1650 3708; x_wconf 86' lang='grc' dir='ltr'><strong>τοῦ</strong></span> <span class='ocrx_word' id='word_1_419' title='bbox 1695 3655 1791 3727; x_wconf 79' lang='grc' dir='ltr'>μὲν</span> <span class='ocrx_word' id='word_1_420' title='bbox 1822 3655 1917 3709; x_wconf 71' lang='grc' dir='ltr'>λέ‹</span> 
     </span>
    </p>
   </div>
   <div class='ocr_carea' id='block_1_56' title="bbox 320 3740 1910 3815">
    <p class='ocr_par' dir='ltr' id='par_1_56' title="bbox 320 3740 1910 3815">
     <span class='ocr_line' id='line_1_58' title="bbox 320 3740 1910 3815; baseline 0.003 -23"><span class='ocrx_word' id='word_1_421' title='bbox 320 3758 480 3809; x_wconf 85' lang='grc' dir='ltr'>γειν,</span> <span class='ocrx_word' id='word_1_422' title='bbox 537 3740 618 3793; x_wconf 85' lang='grc' dir='ltr'>ὅτι</span> <span class='ocrx_word' id='word_1_423' title='bbox 666 3740 857 3796; x_wconf 83' lang='grc' dir='ltr'>Ὅπου</span> <span class='ocrx_word' id='word_1_424' title='bbox 909 3743 1019 3796; x_wconf 75' lang='grc' dir='ltr'><strong>ἐὰν</strong></span> <span class='ocrx_word' id='word_1_425' title='bbox 1059 3745 1293 3815; x_wconf 76' lang='grc' dir='ltr'>ἀπέρχῃ</span> <span class='ocrx_word' id='word_1_426' title='bbox 1339 3745 1735 3812; x_wconf 71' lang='grc' dir='ltr'>ἀκολουθήσω</span> <span class='ocrx_word' id='word_1_427' title='bbox 1777 3764 1910 3813; x_wconf 81' lang='grc' dir='ltr'>σοι,</span> 
     </span>
    </p>
   </div>
   <div class='ocr_carea' id='block_1_57' title="bbox 318 3830 1913 3906">
    <p class='ocr_par' dir='ltr' id='par_1_57' title="bbox 318 3830 1913 3906">
     <span class='ocr_line' id='line_1_59' title="bbox 318 3830 1913 3906; baseline 0.004 -20"><span class='ocrx_word' id='word_1_428' title='bbox 318 3830 589 3886; x_wconf 82' lang='grc' dir='ltr'>παῦσαι·</span> <span class='ocrx_word' id='word_1_429' title='bbox 641 3833 690 3884; x_wconf 74' lang='grc' dir='ltr'>εἰ</span> <span class='ocrx_word' id='word_1_430' title='bbox 745 3833 800 3885; x_wconf 82' lang='grc' dir='ltr'><strong>δε</strong></span> <span class='ocrx_word' id='word_1_431' title='bbox 843 3834 1245 3906; x_wconf 77' lang='grc' dir='ltr'>μαθητεύεσθαι</span> <span class='ocrx_word' id='word_1_432' title='bbox 1309 3836 1762 3902; x_wconf 82' lang='grc' dir='ltr'>θέλεις,.ἀπόστα</span> <span class='ocrx_word' id='word_1_433' title='bbox 1806 3837 1913 3892; x_wconf 75' lang='grc' dir='ltr'>τῶν</span> 
     </span>
    </p>
   </div>
   <div class='ocr_carea' id='block_1_58' title="bbox 316 3922 1922 3998">
    <p class='ocr_par' dir='ltr' id='par_1_58' title="bbox 316 3922 1922 3998">
     <span class='ocr_line' id='line_1_60' title="bbox 316 3922 1922 3998; baseline 0.002 -22"><span class='ocrx_word' id='word_1_434' title='bbox 316 3923 571 3992; x_wconf 85' lang='grc' dir='ltr'>ἀλόγων,</span> <span class='ocrx_word' id='word_1_435' title='bbox 595 3922 904 3995; x_wconf 78' lang='grc' dir='ltr'>οἱκειὼθητι</span> <span class='ocrx_word' id='word_1_436' title='bbox 925 3924 981 3978; x_wconf 80' lang='grc' dir='ltr'><strong>δὲ</strong></span> <span class='ocrx_word' id='word_1_437' title='bbox 1013 3926 1094 3997; x_wconf 77' lang='grc' dir='ltr'>τῷ</span> <span class='ocrx_word' id='word_1_438' title='bbox 1127 3927 1285 3998; x_wconf 87' lang='grc' dir='ltr'>Λόγῳ</span> <span class='ocrx_word' id='word_1_439' title='bbox 1318 3945 1330 3957; x_wconf 93' lang='grc'>·</span> <span class='ocrx_word' id='word_1_440' title='bbox 1364 3927 1626 3982; x_wconf 83' lang='grc' dir='ltr'>ἀδύνατον</span> <span class='ocrx_word' id='word_1_441' title='bbox 1666 3929 1774 3998; x_wconf 86' lang='grc' dir='ltr'>γὰρ</span> <span class='ocrx_word' id='word_1_442' title='bbox 1820 3929 1922 3984; x_wconf 69' lang='grc' dir='ltr'>τὸν.</span> 
     </span>
    </p>
   </div>
   <div class='ocr_carea' id='block_1_59' title="bbox 316 4013 1597 4092">
    <p class='ocr_par' dir='ltr' id='par_1_59' title="bbox 316 4013 1597 4092">
     <span class='ocr_line' id='line_1_61' title="bbox 316 4013 1597 4092; baseline 0.002 -22"><span class='ocrx_word' id='word_1_443' title='bbox 316 4013 555 4083; x_wconf 74' lang='grc' dir='ltr'>ἀλογίᾳ</span> <span class='ocrx_word' id='word_1_444' title='bbox 588 4013 812 4067; x_wconf 85' lang='grc' dir='ltr'>συνόντα</span> <span class='ocrx_word' id='word_1_445' title='bbox 844 4015 1019 4085; x_wconf 82' lang='grc' dir='ltr'>Λόγου</span> <span class='ocrx_word' id='word_1_446' title='bbox 1044 4016 1297 4086; x_wconf 68' lang='grc' dir='ltr'>γενέσθαι</span> <span class='ocrx_word' id='word_1_447' title='bbox 1326 4018 1597 4092; x_wconf 85' lang='grc' dir='ltr'>μαθητήν.</span> 
     </span>
    </p>
   </div>
   <div class='ocr_carea' id='block_1_60' title="bbox 401 4154 1920 4263">
    <p class='ocr_par' dir='ltr' id='par_1_60' title="bbox 401 4154 1920 4263">
     <span class='ocr_line' id='line_1_62' title="bbox 401 4154 1920 4263; baseline 0.005 -20"><span class='ocrx_word' id='word_1_448' title='bbox 401 4188 527 4261; x_wconf 73' lang='grc'><strong>(52)</strong></span> <span class='ocrx_word' id='word_1_449' title='bbox 567 4189 689 4243; x_wconf 84' lang='grc' dir='ltr'>Τίνι</span> <span class='ocrx_word' id='word_1_450' title='bbox 739 4190 1005 4258; x_wconf 84' lang='grc' dir='ltr'>ὁμοιώσω</span> <span class='ocrx_word' id='word_1_451' title='bbox 1031 4191 1146 4260; x_wconf 79' lang='grc' dir='ltr'><strong>τὴν</strong></span> <span class='ocrx_word' id='word_1_452' title='bbox 1191 4192 1523 4258; x_wconf 72' lang='grc' dir='ltr'>,βασιλειαν</span> <span class='ocrx_word' id='word_1_453' title='bbox 1569 4154 1675 4249; x_wconf 65' lang='grc' dir='ltr'><strong>τοῦ</strong></span> <span class='ocrx_word' id='word_1_454' title='bbox 1720 4197 1920 4263; x_wconf 51' lang='grc' dir='ltr'>Θειοῦς</span> 
     </span>
    </p>
   </div>
   <div class='ocr_carea' id='block_1_61' title="bbox 331 4279 1920 4356">
    <p class='ocr_par' dir='ltr' id='par_1_61' title="bbox 331 4279 1920 4356">
     <span class='ocr_line' id='line_1_63' title="bbox 331 4279 1920 4356; baseline 0.004 -21"><span class='ocrx_word' id='word_1_455' title='bbox 331 4280 560 4351; x_wconf 83' lang='grc' dir='ltr'><strong>Ὀμοία</strong></span> <span class='ocrx_word' id='word_1_456' title='bbox 577 4279 708 4334; x_wconf 84' lang='grc' dir='ltr'>ἐστὶ</span> <span class='ocrx_word' id='word_1_457' title='bbox 735 4280 880 4352; x_wconf 78' lang='grc' dir='ltr'><strong>ζύμῃ</strong></span> <span class='ocrx_word' id='word_1_458' title='bbox 909 4322 926 4348; x_wconf 91' lang='grc'><strong>,</strong></span> <span class='ocrx_word' id='word_1_459' title='bbox 969 4280 1051 4351; x_wconf 79' lang='grc' dir='ltr'><strong>ἢν</strong></span> <span class='ocrx_word' id='word_1_460' title='bbox 1082 4284 1357 4340; x_wconf 74' lang='grc' dir='ltr'>λαϐοῦσα</span> <span class='ocrx_word' id='word_1_461' title='bbox 1394 4284 1551 4355; x_wconf 73' lang='grc' dir='ltr'>γυνὴ</span> <span class='ocrx_word' id='word_1_462' title='bbox 1582 4285 1920 4356; x_wconf 71' lang='grc' dir='ltr'>ἐνέκρυψεν</span> 
     </span>
    </p>
   </div>
   <div class='ocr_carea' id='block_1_62' title="bbox 318 4371 1914 4447">
    <p class='ocr_par' dir='ltr' id='par_1_62' title="bbox 318 4371 1914 4447">
     <span class='ocr_line' id='line_1_64' title="bbox 318 4371 1914 4447; baseline 0.004 -20"><span class='ocrx_word' id='word_1_463' title='bbox 318 4375 420 4438; x_wconf 78' lang='grc' dir='ltr'>εἰς</span> <span class='ocrx_word' id='word_1_464' title='bbox 449 4372 717 4441; x_wconf 73' lang='grc' dir='ltr'>ἀλεύρου</span> <span class='ocrx_word' id='word_1_465' title='bbox 745 4371 902 4427; x_wconf 84' lang='grc' dir='ltr'>σάτα</span> <span class='ocrx_word' id='word_1_466' title='bbox 929 4375 1065 4442; x_wconf 81' lang='grc' dir='ltr'>τρία</span> <span class='ocrx_word' id='word_1_467' title='bbox 1096 4417 1111 4441; x_wconf 96' lang='grc'><strong>,</strong></span> <span class='ocrx_word' id='word_1_468' title='bbox 1159 4375 1265 4441; x_wconf 77' lang='grc' dir='ltr'>ἕως</span> <span class='ocrx_word' id='word_1_469' title='bbox 1309 4373 1382 4432; x_wconf 85' lang='grc' dir='ltr'>οὗ</span> <span class='ocrx_word' id='word_1_470' title='bbox 1423 4377 1684 4447; x_wconf 81' lang='grc' dir='ltr'>ἐζυμώθη</span> <span class='ocrx_word' id='word_1_471' title='bbox 1748 4379 1914 4433; x_wconf 72' lang='grc' dir='ltr'><strong>ὅλον.</strong></span> 
     </span>
    </p>
   </div>
   <div class='ocr_carea' id='block_1_63' title="bbox 1999 1818 3563 1890">
    <p class='ocr_par' dir='ltr' id='par_1_63' title="bbox 1999 1818 3563 1890">
     <span class='ocr_line' id='line_1_65' title="bbox 1999 1818 3563 1890; baseline 0.003 -18"><span class='ocrx_word' id='word_1_472' title='bbox 1999 1820 2159 1889; x_wconf 90' lang='lat' dir='ltr'><strong>idque</strong></span> <span class='ocrx_word' id='word_1_473' title='bbox 2179 1818 2395 1886; x_wconf 74' lang='lat' dir='ltr'><strong>exejus</strong></span> <span class='ocrx_word' id='word_1_474' title='bbox 2426 1819 2763 1889; x_wconf 78' lang='lat' dir='ltr'><strong>benignitate</strong></span> <span class='ocrx_word' id='word_1_475' title='bbox 2807 1820 2923 1876; x_wconf 87' lang='lat' dir='ltr'><strong>lieri</strong></span> <span class='ocrx_word' id='word_1_476' title='bbox 2950 1830 3166 1890; x_wconf 86' lang='lat' dir='ltr'><strong>potest;</strong></span> <span class='ocrx_word' id='word_1_477' title='bbox 3216 1829 3270 1875; x_wconf 91' lang='lat' dir='ltr'><strong>at</strong></span> <span class='ocrx_word' id='word_1_478' title='bbox 3311 1837 3435 1876; x_wconf 89' lang='lat' dir='ltr'><strong>cum</strong></span> <span class='ocrx_word' id='word_1_479' title='bbox 3469 1822 3563 1878; x_wconf 88' lang='lat' dir='ltr'><strong>illo</strong></span> 
     </span>
    </p>
   </div>
   <div class='ocr_carea' id='block_1_64' title="bbox 2000 1910 3563 1982">
    <p class='ocr_par' dir='ltr' id='par_1_64' title="bbox 2000 1910 3563 1982">
     <span class='ocr_line' id='line_1_66' title="bbox 2000 1910 3563 1982; baseline 0.003 -19"><span class='ocrx_word' id='word_1_480' title='bbox 2000 1926 2105 1963; x_wconf 83' lang='lat' dir='ltr'><strong>una</strong></span> <span class='ocrx_word' id='word_1_481' title='bbox 2133 1910 2349 1965; x_wconf 78' lang='lat' dir='ltr'><strong>extendi</strong></span> <span class='ocrx_word' id='word_1_482' title='bbox 2377 1926 2442 1964; x_wconf 89' lang='lat' dir='ltr'><strong>ac</strong></span> <span class='ocrx_word' id='word_1_483' title='bbox 2469 1926 2803 1966; x_wconf 86' lang='lat' dir='ltr'><strong>concurrere</strong></span> <span class='ocrx_word' id='word_1_484' title='bbox 2834 1913 3051 1982; x_wconf 85' lang='lat' dir='ltr'><strong>ubique,</strong></span> <span class='ocrx_word' id='word_1_485' title='bbox 3080 1912 3130 1965; x_wconf 93' lang='lat' dir='ltr'><strong>id</strong></span> <span class='ocrx_word' id='word_1_486' title='bbox 3163 1927 3295 1966; x_wconf 76' lang='lat' dir='ltr'><strong>sane</strong></span> <span class='ocrx_word' id='word_1_487' title='bbox 3316 1912 3435 1967; x_wconf 78' lang='lat' dir='ltr'><strong>ﬁeri</strong></span> <span class='ocrx_word' id='word_1_488' title='bbox 3463 1925 3563 1967; x_wconf 85' lang='lat' dir='ltr'><strong>ne-</strong></span> 
     </span>
    </p>
   </div>
   <div class='ocr_carea' id='block_1_65' title="bbox 1998 1999 3564 2073">
    <p class='ocr_par' dir='ltr' id='par_1_65' title="bbox 1998 1999 3564 2073">
     <span class='ocr_line' id='line_1_67' title="bbox 1998 1999 3564 2073; baseline -0.001 -19"><span class='ocrx_word' id='word_1_489' title='bbox 1998 2003 2137 2073; x_wconf 87' lang='lat' dir='ltr'><strong>quit,</strong></span> <span class='ocrx_word' id='word_1_490' title='bbox 2182 2012 2234 2056; x_wconf 89' lang='lat' dir='ltr'><strong>et</strong></span> <span class='ocrx_word' id='word_1_491' title='bbox 2292 2001 2602 2071; x_wconf 78' lang='lat' dir='ltr'><strong>pollicentis</strong></span> <span class='ocrx_word' id='word_1_492' title='bbox 2647 2001 2930 2055; x_wconf 85' lang='lat' dir='ltr'><strong>audaciam</strong></span> <span class='ocrx_word' id='word_1_493' title='bbox 2975 2002 3176 2070; x_wconf 89' lang='lat' dir='ltr'><strong>prodit.</strong></span> <span class='ocrx_word' id='word_1_494' title='bbox 3208 1999 3389 2070; x_wconf 84' lang='lat' dir='ltr'><strong>Neque</strong></span> <span class='ocrx_word' id='word_1_495' title='bbox 3418 2000 3564 2055; x_wconf 92' lang='lat' dir='ltr'><strong>enim</strong></span> 
     </span>
    </p>
   </div>
   <div class='ocr_carea' id='block_1_66' title="bbox 1998 2090 3567 2161">
    <p class='ocr_par' dir='ltr' id='par_1_66' title="bbox 1998 2090 3567 2161">
     <span class='ocr_line' id='line_1_68' title="bbox 1998 2090 3567 2161; baseline -0.002 -13"><span class='ocrx_word' id='word_1_496' title='bbox 1998 2110 2121 2149; x_wconf 87' lang='lat' dir='ltr'><strong>cum</strong></span> <span class='ocrx_word' id='word_1_497' title='bbox 2147 2095 2261 2159; x_wconf 91' lang='lat' dir='ltr'><strong>illo,</strong></span> <span class='ocrx_word' id='word_1_498' title='bbox 2289 2092 2342 2146; x_wconf 89' lang='lat' dir='ltr'><strong>in</strong></span> <span class='ocrx_word' id='word_1_499' title='bbox 2369 2093 2491 2147; x_wconf 90' lang='lat' dir='ltr'><strong>sinu</strong></span> <span class='ocrx_word' id='word_1_500' title='bbox 2524 2090 2701 2146; x_wconf 87' lang='lat' dir='ltr'><strong>Patris</strong></span> <span class='ocrx_word' id='word_1_501' title='bbox 2734 2093 3056 2161; x_wconf 86' lang='lat' dir='ltr'><strong>quiescenti,</strong></span> <span class='ocrx_word' id='word_1_502' title='bbox 3090 2107 3198 2145; x_wconf 90' lang='lat' dir='ltr'><strong>una</strong></span> <span class='ocrx_word' id='word_1_503' title='bbox 3223 2107 3343 2146; x_wconf 89' lang='lat' dir='ltr'><strong>esse</strong></span> <span class='ocrx_word' id='word_1_504' title='bbox 3371 2107 3567 2161; x_wconf 91' lang='lat' dir='ltr'><strong>possu-</strong></span> 
     </span>
    </p>
   </div>
   <div class='ocr_carea' id='block_1_67' title="bbox 2001 2182 3569 2254">
    <p class='ocr_par' dir='ltr' id='par_1_67' title="bbox 2001 2182 3569 2254">
     <span class='ocr_line' id='line_1_69' title="bbox 2001 2182 3569 2254; baseline -0.002 -14"><span class='ocrx_word' id='word_1_505' title='bbox 2001 2200 2147 2240; x_wconf 85' lang='lat' dir='ltr'><strong>mus.</strong></span> <span class='ocrx_word' id='word_1_506' title='bbox 2176 2183 2313 2239; x_wconf 84' lang='lat' dir='ltr'><strong>Nam</strong></span> <span class='ocrx_word' id='word_1_507' title='bbox 2341 2184 2435 2254; x_wconf 89' lang='lat' dir='ltr'><strong>qui</strong></span> <span class='ocrx_word' id='word_1_508' title='bbox 2475 2183 2526 2236; x_wconf 90' lang='lat' dir='ltr'><strong>id</strong></span> <span class='ocrx_word' id='word_1_509' title='bbox 2570 2192 2831 2252; x_wconf 63' lang='lat' dir='ltr'><strong>pias-tare</strong></span> <span class='ocrx_word' id='word_1_510' title='bbox 2867 2183 3143 2253; x_wconf 90' lang='lat' dir='ltr'><strong>possimus</strong></span> <span class='ocrx_word' id='word_1_511' title='bbox 3168 2197 3292 2237; x_wconf 90' lang='lat' dir='ltr'><strong>cum</strong></span> <span class='ocrx_word' id='word_1_512' title='bbox 3345 2182 3569 2238; x_wconf 88' lang='lat' dir='ltr'><strong>alterius</strong></span> 
     </span>
    </p>
   </div>
   <div class='ocr_carea' id='block_1_68' title="bbox 2001 2270 3566 2343">
    <p class='ocr_par' dir='ltr' id='par_1_68' title="bbox 2001 2270 3566 2343">
     <span class='ocr_line' id='line_1_70' title="bbox 2001 2270 3566 2343; baseline -0.001 -14"><span class='ocrx_word' id='word_1_513' title='bbox 2001 2287 2211 2329; x_wconf 65' lang='lat' dir='ltr'><strong>natura:</strong></span> <span class='ocrx_word' id='word_1_514' title='bbox 2240 2273 2456 2328; x_wconf 79' lang='lat' dir='ltr'><strong>simus?</strong></span> <span class='ocrx_word' id='word_1_515' title='bbox 2491 2270 2679 2342; x_wconf 87' lang='lat' dir='ltr'><strong>Neque</strong></span> <span class='ocrx_word' id='word_1_516' title='bbox 2736 2288 2860 2328; x_wconf 91' lang='lat' dir='ltr'><strong>cum</strong></span> <span class='ocrx_word' id='word_1_517' title='bbox 2896 2273 2990 2327; x_wconf 86' lang='lat' dir='ltr'><strong>illo</strong></span> <span class='ocrx_word' id='word_1_518' title='bbox 3020 2314 3035 2339; x_wconf 89' lang='lat'><strong>,</strong></span> <span class='ocrx_word' id='word_1_519' title='bbox 3083 2272 3177 2343; x_wconf 85' lang='lat' dir='ltr'><strong>qui</strong></span> <span class='ocrx_word' id='word_1_520' title='bbox 3218 2273 3418 2342; x_wconf 91' lang='lat' dir='ltr'><strong>ubique</strong></span> <span class='ocrx_word' id='word_1_521' title='bbox 3463 2282 3566 2338; x_wconf 88' lang='lat' dir='ltr'><strong>est,</strong></span> 
     </span>
    </p>
   </div>
   <div class='ocr_carea' id='block_1_69' title="bbox 2001 2362 3569 2434">
    <p class='ocr_par' dir='ltr' id='par_1_69' title="bbox 2001 2362 3569 2434">
     <span class='ocr_line' id='line_1_71' title="bbox 2001 2362 3569 2434; baseline -0.002 -14"><span class='ocrx_word' id='word_1_522' title='bbox 2001 2368 2333 2420; x_wconf 85' lang='lat' dir='ltr'><strong>concurrere</strong></span> <span class='ocrx_word' id='word_1_523' title='bbox 2362 2364 2630 2419; x_wconf 77' lang='lat' dir='ltr'><strong>valemus.</strong></span> <span class='ocrx_word' id='word_1_524' title='bbox 2667 2362 2801 2418; x_wconf 74' lang='lat' dir='ltr'><strong>Nam</strong></span> <span class='ocrx_word' id='word_1_525' title='bbox 2832 2364 2920 2418; x_wconf 90' lang='lat' dir='ltr'><strong>ille</strong></span> <span class='ocrx_word' id='word_1_526' title='bbox 2954 2364 3171 2434; x_wconf 88' lang='lat' dir='ltr'><strong>quidem</strong></span> <span class='ocrx_word' id='word_1_527' title='bbox 3205 2379 3235 2417; x_wconf 90' lang='lat' dir='ltr'><strong>a</strong></span> <span class='ocrx_word' id='word_1_528' title='bbox 3261 2365 3406 2419; x_wconf 92' lang='lat' dir='ltr'><strong>nullo</strong></span> <span class='ocrx_word' id='word_1_529' title='bbox 3439 2380 3569 2418; x_wconf 85' lang='lat' dir='ltr'><strong>con-</strong></span> 
     </span>
    </p>
   </div>
   <div class='ocr_carea' id='block_1_70' title="bbox 2002 2455 3570 2521">
    <p class='ocr_par' dir='ltr' id='par_1_70' title="bbox 2002 2455 3570 2521">
     <span class='ocr_line' id='line_1_72' title="bbox 2002 2455 3570 2521; baseline -0.001 -11"><span class='ocrx_word' id='word_1_530' title='bbox 2002 2458 2229 2521; x_wconf 85' lang='lat' dir='ltr'><strong>tinetur,</strong></span> <span class='ocrx_word' id='word_1_531' title='bbox 2262 2471 2364 2511; x_wconf 87' lang='lat' dir='ltr'><strong>nos</strong></span> <span class='ocrx_word' id='word_1_532' title='bbox 2399 2455 2781 2521; x_wconf 85' lang='lat' dir='ltr'><strong>continemur;</strong></span> <span class='ocrx_word' id='word_1_533' title='bbox 2817 2455 2906 2509; x_wconf 88' lang='lat' dir='ltr'><strong>ille</strong></span> <span class='ocrx_word' id='word_1_534' title='bbox 2950 2455 3005 2509; x_wconf 85' lang='lat' dir='ltr'><strong>in</strong></span> <span class='ocrx_word' id='word_1_535' title='bbox 3058 2455 3313 2510; x_wconf 85' lang='lat' dir='ltr'><strong>universo</strong></span> <span class='ocrx_word' id='word_1_536' title='bbox 3335 2464 3388 2510; x_wconf 90' lang='lat' dir='ltr'><strong>et</strong></span> <span class='ocrx_word' id='word_1_537' title='bbox 3415 2463 3570 2510; x_wconf 85' lang='lat' dir='ltr'><strong>extra</strong></span> 
     </span>
    </p>
   </div>
   <div class='ocr_carea' id='block_1_71' title="bbox 2005 2545 3572 2607">
    <p class='ocr_par' dir='ltr' id='par_1_71' title="bbox 2005 2545 3572 2607">
     <span class='ocr_line' id='line_1_73' title="bbox 2005 2545 3572 2607; baseline 0 -8"><span class='ocrx_word' id='word_1_538' title='bbox 2005 2546 2321 2599; x_wconf 68' lang='lat' dir='ltr'><strong>universum</strong></span> <span class='ocrx_word' id='word_1_539' title='bbox 2355 2554 2459 2607; x_wconf 90' lang='lat' dir='ltr'><strong>est,</strong></span> <span class='ocrx_word' id='word_1_540' title='bbox 2489 2560 2591 2600; x_wconf 89' lang='lat' dir='ltr'><strong>nos</strong></span> <span class='ocrx_word' id='word_1_541' title='bbox 2618 2560 2747 2598; x_wconf 78' lang='lat' dir='ltr'><strong>vero</strong></span> <span class='ocrx_word' id='word_1_542' title='bbox 2774 2545 2826 2597; x_wconf 89' lang='lat' dir='ltr'><strong>in</strong></span> <span class='ocrx_word' id='word_1_543' title='bbox 2852 2545 3108 2599; x_wconf 80' lang='lat' dir='ltr'><strong>universo</strong></span> <span class='ocrx_word' id='word_1_544' title='bbox 3137 2545 3442 2600; x_wconf 85' lang='lat' dir='ltr'><strong>dimensam</strong></span> <span class='ocrx_word' id='word_1_545' title='bbox 3476 2545 3572 2599; x_wconf 87' lang='lat' dir='ltr'><strong>ha-</strong></span> 
     </span>
    </p>
   </div>
   <div class='ocr_carea' id='block_1_72' title="bbox 2006 2635 3572 2702">
    <p class='ocr_par' dir='ltr' id='par_1_72' title="bbox 2006 2635 3572 2702">
     <span class='ocr_line' id='line_1_74' title="bbox 2006 2635 3572 2702; baseline -0.001 -11"><span class='ocrx_word' id='word_1_546' title='bbox 2006 2637 2200 2691; x_wconf 81' lang='lat' dir='ltr'><strong>bemus</strong></span> <span class='ocrx_word' id='word_1_547' title='bbox 2231 2636 2677 2691; x_wconf 83' lang='lat' dir='ltr'><strong>constitutionem</strong></span> <span class='ocrx_word' id='word_1_548' title='bbox 2707 2654 2721 2702; x_wconf 90' lang='lat'><strong>;</strong></span> <span class='ocrx_word' id='word_1_549' title='bbox 2757 2635 2869 2702; x_wconf 93' lang='lat' dir='ltr'><strong>ille,</strong></span> <span class='ocrx_word' id='word_1_550' title='bbox 2908 2635 3172 2691; x_wconf 86' lang='lat' dir='ltr'><strong>Dominus</strong></span> <span class='ocrx_word' id='word_1_551' title='bbox 3210 2636 3439 2702; x_wconf 84' lang='lat' dir='ltr'><strong>scilicet,</strong></span> <span class='ocrx_word' id='word_1_552' title='bbox 3468 2637 3572 2691; x_wconf 86' lang='lat' dir='ltr'><strong>im-</strong></span> 
     </span>
    </p>
   </div>
   <div class='ocr_carea' id='block_1_73' title="bbox 2006 2725 3571 2792">
    <p class='ocr_par' dir='ltr' id='par_1_73' title="bbox 2006 2725 3571 2792">
     <span class='ocr_line' id='line_1_75' title="bbox 2006 2725 3571 2792; baseline 0.001 -13"><span class='ocrx_word' id='word_1_553' title='bbox 2006 2725 2195 2780; x_wconf 87' lang='lat' dir='ltr'><strong>mobili</strong></span> <span class='ocrx_word' id='word_1_554' title='bbox 2223 2735 2275 2780; x_wconf 91' lang='lat' dir='ltr'><strong>et</strong></span> <span class='ocrx_word' id='word_1_555' title='bbox 2314 2726 2641 2780; x_wconf 88' lang='lat' dir='ltr'><strong>immutabili</strong></span> <span class='ocrx_word' id='word_1_556' title='bbox 2670 2726 2833 2782; x_wconf 91' lang='lat' dir='ltr'><strong>modo</strong></span> <span class='ocrx_word' id='word_1_557' title='bbox 2865 2727 3048 2780; x_wconf 89' lang='lat' dir='ltr'><strong>omnia</strong></span> <span class='ocrx_word' id='word_1_558' title='bbox 3085 2736 3283 2792; x_wconf 87' lang='lat' dir='ltr'><strong>movet,</strong></span> <span class='ocrx_word' id='word_1_559' title='bbox 3315 2728 3571 2783; x_wconf 85' lang='lat' dir='ltr'><strong>universa</strong></span> 
     </span>
    </p>
   </div>
   <div class='ocr_carea' id='block_1_74' title="bbox 2006 2816 3569 2884">
    <p class='ocr_par' dir='ltr' id='par_1_74' title="bbox 2006 2816 3569 2884">
     <span class='ocr_line' id='line_1_76' title="bbox 2006 2816 3569 2884; baseline -0.001 -13"><span class='ocrx_word' id='word_1_560' title='bbox 2006 2817 2385 2884; x_wconf 82' lang='lat' dir='ltr'><strong>administrat;</strong></span> <span class='ocrx_word' id='word_1_561' title='bbox 2427 2832 2529 2872; x_wconf 89' lang='lat' dir='ltr'><strong>nos</strong></span> <span class='ocrx_word' id='word_1_562' title='bbox 2553 2832 2684 2872; x_wconf 88' lang='lat' dir='ltr'><strong>vero</strong></span> <span class='ocrx_word' id='word_1_563' title='bbox 2709 2816 2983 2883; x_wconf 90' lang='lat' dir='ltr'><strong>homines,</strong></span> <span class='ocrx_word' id='word_1_564' title='bbox 3007 2825 3350 2872; x_wconf 83' lang='lat' dir='ltr'><strong>transeuntes</strong></span> <span class='ocrx_word' id='word_1_565' title='bbox 3385 2831 3415 2870; x_wconf 92' lang='lat' dir='ltr'><strong>a</strong></span> <span class='ocrx_word' id='word_1_566' title='bbox 3447 2816 3569 2870; x_wconf 91' lang='lat' dir='ltr'><strong>loco</strong></span> 
     </span>
    </p>
   </div>
   <div class='ocr_carea' id='block_1_75' title="bbox 2007 2906 3574 2977">
    <p class='ocr_par' dir='ltr' id='par_1_75' title="bbox 2007 2906 3574 2977">
     <span class='ocr_line' id='line_1_77' title="bbox 2007 2906 3574 2977; baseline -0.001 -16"><span class='ocrx_word' id='word_1_567' title='bbox 2007 2907 2151 2961; x_wconf 92' lang='lat' dir='ltr'><strong>unde</strong></span> <span class='ocrx_word' id='word_1_568' title='bbox 2212 2921 2557 2974; x_wconf 86' lang='lat' dir='ltr'><strong>amovemur,</strong></span> <span class='ocrx_word' id='word_1_569' title='bbox 2622 2922 2754 2962; x_wconf 87' lang='lat' dir='ltr'><strong>sane</strong></span> <span class='ocrx_word' id='word_1_570' title='bbox 2814 2906 3054 2977; x_wconf 89' lang='lat' dir='ltr'><strong>impares</strong></span> <span class='ocrx_word' id='word_1_571' title='bbox 3110 2922 3342 2971; x_wconf 81' lang='lat' dir='ltr'><strong>sumus,</strong></span> <span class='ocrx_word' id='word_1_572' title='bbox 3385 2906 3574 2961; x_wconf 90' lang='lat' dir='ltr'><strong>relicto</strong></span> 
     </span>
    </p>
   </div>
   <div class='ocr_carea' id='block_1_76' title="bbox 2019 2999 3573 3070">
    <p class='ocr_par' dir='ltr' id='par_1_76' title="bbox 2019 2999 3573 3070">
     <span class='ocr_line' id='line_1_78' title="bbox 2019 2999 3573 3070; baseline 0.001 -18"><span class='ocrx_word' id='word_1_573' title='bbox 2019 2999 2259 3068; x_wconf 82' lang='lat' dir='ltr'><strong>loco,qui</strong></span> <span class='ocrx_word' id='word_1_574' title='bbox 2286 3000 2586 3069; x_wconf 59' lang='lat' dir='ltr'><strong>praesentia:</strong></span> <span class='ocrx_word' id='word_1_575' title='bbox 2617 3000 2839 3055; x_wconf 84' lang='lat' dir='ltr'><strong>deitatis</strong></span> <span class='ocrx_word' id='word_1_576' title='bbox 2867 3000 3037 3070; x_wconf 88' lang='lat' dir='ltr'><strong>ipsius</strong></span> <span class='ocrx_word' id='word_1_577' title='bbox 3063 2999 3262 3069; x_wconf 90' lang='lat' dir='ltr'><strong>ubique</strong></span> <span class='ocrx_word' id='word_1_578' title='bbox 3290 2999 3573 3055; x_wconf 75' lang='lat' dir='ltr'><strong>exsistenti</strong></span> 
     </span>
    </p>
   </div>
   <div class='ocr_carea' id='block_1_77' title="bbox 2006 3090 3576 3163">
    <p class='ocr_par' dir='ltr' id='par_1_77' title="bbox 2006 3090 3576 3163">
     <span class='ocr_line' id='line_1_79' title="bbox 2006 3090 3576 3163; baseline 0.001 -18"><span class='ocrx_word' id='word_1_579' title='bbox 2006 3100 2071 3146; x_wconf 80' lang='lat' dir='ltr'><strong>et.</strong></span> <span class='ocrx_word' id='word_1_580' title='bbox 2090 3091 2358 3148; x_wconf 91' lang='lat' dir='ltr'><strong>immobili</strong></span> <span class='ocrx_word' id='word_1_581' title='bbox 2396 3108 2767 3163; x_wconf 75' lang='lat' dir='ltr'><strong>exaequemur.</strong></span> <span class='ocrx_word' id='word_1_582' title='bbox 2819 3092 2927 3148; x_wconf 74' lang='lat' dir='ltr'><strong>Sed</strong></span> <span class='ocrx_word' id='word_1_583' title='bbox 2956 3090 3220 3147; x_wconf 87' lang='lat' dir='ltr'><strong>Dominus</strong></span> <span class='ocrx_word' id='word_1_584' title='bbox 3251 3093 3318 3147; x_wconf 91' lang='lat' dir='ltr'><strong>de</strong></span> <span class='ocrx_word' id='word_1_585' title='bbox 3349 3101 3576 3162; x_wconf 85' lang='lat' dir='ltr'><strong>utraque</strong></span> 
     </span>
    </p>
   </div>
   <div class='ocr_carea' id='block_1_78' title="bbox 2009 3276 3575 3346">
    <p class='ocr_par' dir='ltr' id='par_1_78' title="bbox 2009 3276 3575 3346">
     <span class='ocr_line' id='line_1_80' title="bbox 2009 3276 3575 3346; baseline 0.002 -18"><span class='ocrx_word' id='word_1_586' title='bbox 2009 3277 2345 3346; x_wconf 68' lang='lat' dir='ltr'><strong>[impositum</strong></span> <span class='ocrx_word' id='word_1_587' title='bbox 2386 3276 2598 3346; x_wconf 83' lang='lat' dir='ltr'><strong>arguit:</strong></span> <span class='ocrx_word' id='word_1_588' title='bbox 2632 3276 3173 3346; x_wconf 77' lang='lat' dir='ltr'><strong>magnitudinemque</strong></span> <span class='ocrx_word' id='word_1_589' title='bbox 3202 3276 3420 3331; x_wconf 80' lang='lat' dir='ltr'><strong>deitatis</strong></span> <span class='ocrx_word' id='word_1_590' title='bbox 3460 3291 3575 3331; x_wconf 72' lang='lat' dir='ltr'><strong>sua:</strong></span> 
     </span>
    </p>
   </div>
   <div class='ocr_carea' id='block_1_79' title="bbox 2008 3366 3576 3437">
    <p class='ocr_par' dir='ltr' id='par_1_79' title="bbox 2008 3366 3576 3437">
     <span class='ocr_line' id='line_1_81' title="bbox 2008 3366 3576 3437; baseline -0.001 -16"><span class='ocrx_word' id='word_1_591' title='bbox 2008 3368 2187 3432; x_wconf 84' lang='lat' dir='ltr'><strong>docet,</strong></span> <span class='ocrx_word' id='word_1_592' title='bbox 2244 3366 2452 3432; x_wconf 82' lang='lat' dir='ltr'><strong>dicens,</strong></span> <span class='ocrx_word' id='word_1_593' title='bbox 2504 3366 2697 3437; x_wconf 84' lang='lat' dir='ltr'><strong>Vulpes</strong></span> <span class='ocrx_word' id='word_1_594' title='bbox 2752 3367 2928 3436; x_wconf 73' lang='lat' dir='ltr'><strong>foveas</strong></span> <span class='ocrx_word' id='word_1_595' title='bbox 2982 3366 3208 3431; x_wconf 76' lang='lat' dir='ltr'><strong>habent,</strong></span> <span class='ocrx_word' id='word_1_596' title='bbox 3256 3375 3311 3421; x_wconf 88' lang='lat' dir='ltr'><strong>et</strong></span> <span class='ocrx_word' id='word_1_597' title='bbox 3359 3378 3576 3422; x_wconf 61' lang='lat' dir='ltr'><strong>caetera.</strong></span> 
     </span>
    </p>
   </div>
   <div class='ocr_carea' id='block_1_80' title="bbox 2009 3458 3582 3528">
    <p class='ocr_par' dir='ltr' id='par_1_80' title="bbox 2009 3458 3582 3528">
     <span class='ocr_line' id='line_1_82' title="bbox 2009 3458 3582 3528; baseline 0 -15"><span class='ocrx_word' id='word_1_598' title='bbox 2009 3458 2267 3515; x_wconf 86' lang='lat' dir='ltr'><strong>Fortasse</strong></span> <span class='ocrx_word' id='word_1_599' title='bbox 2299 3475 2431 3515; x_wconf 89' lang='lat' dir='ltr'><strong>vero</strong></span> <span class='ocrx_word' id='word_1_600' title='bbox 2457 3459 2545 3515; x_wconf 91' lang='lat' dir='ltr'><strong>his</strong></span> <span class='ocrx_word' id='word_1_601' title='bbox 2577 3460 2917 3525; x_wconf 78' lang='lat' dir='ltr'><strong>signiﬁcatur</strong></span> <span class='ocrx_word' id='word_1_602' title='bbox 2942 3500 2961 3527; x_wconf 84' lang='lat'><strong>,</strong></span> <span class='ocrx_word' id='word_1_603' title='bbox 2991 3459 3207 3528; x_wconf 80' lang='lat' dir='ltr'><strong>opiﬁcia</strong></span> <span class='ocrx_word' id='word_1_604' title='bbox 3234 3461 3416 3514; x_wconf 86' lang='lat' dir='ltr'><strong>omnia</strong></span> <span class='ocrx_word' id='word_1_605' title='bbox 3449 3475 3582 3514; x_wconf 81' lang='lat' dir='ltr'><strong>con-</strong></span> 
     </span>
    </p>
   </div>
   <div class='ocr_carea' id='block_1_81' title="bbox 2012 3550 3580 3620">
    <p class='ocr_par' dir='ltr' id='par_1_81' title="bbox 2012 3550 3580 3620">
     <span class='ocr_line' id='line_1_83' title="bbox 2012 3550 3580 3620; baseline -0.001 -14"><span class='ocrx_word' id='word_1_606' title='bbox 2012 3552 2173 3607; x_wconf 86' lang='lat' dir='ltr'><strong>tineri</strong></span> <span class='ocrx_word' id='word_1_607' title='bbox 2226 3552 2369 3616; x_wconf 83' lang='lat' dir='ltr'><strong>loco,</strong></span> <span class='ocrx_word' id='word_1_608' title='bbox 2411 3561 2466 3607; x_wconf 93' lang='lat' dir='ltr'><strong>et</strong></span> <span class='ocrx_word' id='word_1_609' title='bbox 2512 3551 2633 3608; x_wconf 93' lang='lat' dir='ltr'><strong>loco</strong></span> <span class='ocrx_word' id='word_1_610' title='bbox 2680 3550 2875 3607; x_wconf 81' lang='lat' dir='ltr'><strong>dissita</strong></span> <span class='ocrx_word' id='word_1_611' title='bbox 2904 3567 3059 3620; x_wconf 86' lang='lat' dir='ltr'><strong>esse;</strong></span> <span class='ocrx_word' id='word_1_612' title='bbox 3108 3561 3164 3607; x_wconf 91' lang='lat' dir='ltr'><strong>at</strong></span> <span class='ocrx_word' id='word_1_613' title='bbox 3211 3550 3449 3607; x_wconf 88' lang='lat' dir='ltr'><strong>Verbum</strong></span> <span class='ocrx_word' id='word_1_614' title='bbox 3487 3550 3580 3607; x_wconf 88' lang='lat' dir='ltr'><strong>Dei</strong></span> 
     </span>
    </p>
   </div>
   <div class='ocr_carea' id='block_1_82' title="bbox 2012 3644 3577 3714">
    <p class='ocr_par' dir='ltr' id='par_1_82' title="bbox 2012 3644 3577 3714">
     <span class='ocr_line' id='line_1_84' title="bbox 2012 3644 3577 3714; baseline 0 -17"><span class='ocrx_word' id='word_1_615' title='bbox 2012 3645 2273 3698; x_wconf 82' lang='lat' dir='ltr'><strong>vi:tutcm</strong></span> <span class='ocrx_word' id='word_1_616' title='bbox 2304 3644 2527 3708; x_wconf 81' lang='lat' dir='ltr'><strong>habere,</strong></span> <span class='ocrx_word' id='word_1_617' title='bbox 2555 3660 2679 3714; x_wconf 72' lang='lat' dir='ltr'><strong>quae</strong></span> <span class='ocrx_word' id='word_1_618' title='bbox 2718 3660 2749 3699; x_wconf 90' lang='lat' dir='ltr'><strong>a</strong></span> <span class='ocrx_word' id='word_1_619' title='bbox 2789 3645 2941 3699; x_wconf 89' lang='lat' dir='ltr'><strong>nullo</strong></span> <span class='ocrx_word' id='word_1_620' title='bbox 2970 3645 3315 3711; x_wconf 80' lang='lat' dir='ltr'><strong>continetur;</strong></span> <span class='ocrx_word' id='word_1_621' title='bbox 3352 3645 3424 3699; x_wconf 89' lang='lat' dir='ltr'><strong>ita</strong></span> <span class='ocrx_word' id='word_1_622' title='bbox 3458 3653 3518 3698; x_wconf 90' lang='lat' dir='ltr'><strong>ut</strong></span> <span class='ocrx_word' id='word_1_623' title='bbox 3546 3659 3577 3697; x_wconf 91' lang='lat' dir='ltr'><strong>a</strong></span> 
     </span>
    </p>
   </div>
   <div class='ocr_carea' id='block_1_83' title="bbox 2013 3736 3581 3808">
    <p class='ocr_par' dir='ltr' id='par_1_83' title="bbox 2013 3736 3581 3808">
     <span class='ocr_line' id='line_1_85' title="bbox 2013 3736 3581 3808; baseline -0.002 -15"><span class='ocrx_word' id='word_1_624' title='bbox 2013 3738 2109 3793; x_wconf 85' lang='lat' dir='ltr'><strong>tali</strong></span> <span class='ocrx_word' id='word_1_625' title='bbox 2137 3738 2301 3802; x_wconf 87' lang='lat' dir='ltr'><strong>dicto,</strong></span> <span class='ocrx_word' id='word_1_626' title='bbox 2334 3736 2537 3808; x_wconf 74' lang='lat' dir='ltr'><strong>Sequar</strong></span> <span class='ocrx_word' id='word_1_627' title='bbox 2574 3746 2623 3791; x_wconf 78' lang='lat' dir='ltr'><strong>te</strong></span> <span class='ocrx_word' id='word_1_628' title='bbox 2659 3753 2962 3808; x_wconf 72' lang='lat' dir='ltr'><strong>quocunque</strong></span> <span class='ocrx_word' id='word_1_629' title='bbox 2996 3739 3120 3792; x_wconf 83' lang='lat' dir='ltr'><strong>ieris</strong></span> <span class='ocrx_word' id='word_1_630' title='bbox 3150 3777 3165 3801; x_wconf 91' lang='lat'><strong>,</strong></span> <span class='ocrx_word' id='word_1_631' title='bbox 3200 3736 3581 3793; x_wconf 86' lang='lat' dir='ltr'><strong>abstinendum</strong></span> 
     </span>
    </p>
   </div>
   <div class='ocr_carea' id='block_1_84' title="bbox 2014 3828 3585 3896">
    <p class='ocr_par' dir='ltr' id='par_1_84' title="bbox 2014 3828 3585 3896">
     <span class='ocr_line' id='line_1_86' title="bbox 2014 3828 3585 3896; baseline -0.003 -9"><span class='ocrx_word' id='word_1_632' title='bbox 2014 3834 2104 3888; x_wconf 90' lang='lat' dir='ltr'><strong>sit.</strong></span> <span class='ocrx_word' id='word_1_633' title='bbox 2136 3828 2293 3896; x_wconf 86' lang='lat' dir='ltr'><strong>Quod</strong></span> <span class='ocrx_word' id='word_1_634' title='bbox 2325 3830 2371 3884; x_wconf 88' lang='lat' dir='ltr'><strong>si</strong></span> <span class='ocrx_word' id='word_1_635' title='bbox 2398 3829 2607 3884; x_wconf 82' lang='lat' dir='ltr'><strong>erudiri</strong></span> <span class='ocrx_word' id='word_1_636' title='bbox 2640 3830 2796 3892; x_wconf 81' lang='lat' dir='ltr'><strong>velis,</strong></span> <span class='ocrx_word' id='word_1_637' title='bbox 2829 3830 2898 3883; x_wconf 90' lang='lat' dir='ltr'><strong>ab</strong></span> <span class='ocrx_word' id='word_1_638' title='bbox 2941 3828 3409 3884; x_wconf 81' lang='lat' dir='ltr'><strong>irrationabilibus</strong></span> <span class='ocrx_word' id='word_1_639' title='bbox 3440 3828 3585 3882; x_wconf 87' lang='lat' dir='ltr'><strong>absi-</strong></span> 
     </span>
    </p>
   </div>
   <div class='ocr_carea' id='block_1_85' title="bbox 2015 3919 3587 3991">
    <p class='ocr_par' dir='ltr' id='par_1_85' title="bbox 2015 3919 3587 3991">
     <span class='ocr_line' id='line_1_87' title="bbox 2015 3919 3587 3991; baseline -0.003 -13"><span class='ocrx_word' id='word_1_640' title='bbox 2015 3935 2118 3990; x_wconf 85' lang='lat' dir='ltr'><strong>ste,</strong></span> <span class='ocrx_word' id='word_1_641' title='bbox 2140 3931 2194 3977; x_wconf 90' lang='lat' dir='ltr'><strong>et</strong></span> <span class='ocrx_word' id='word_1_642' title='bbox 2223 3921 2442 3976; x_wconf 65' lang='lat' dir='ltr'><strong>nationi</strong></span> <span class='ocrx_word' id='word_1_643' title='bbox 2475 3938 2569 3977; x_wconf 90' lang='lat' dir='ltr'><strong>seu</strong></span> <span class='ocrx_word' id='word_1_644' title='bbox 2602 3919 2782 3976; x_wconf 84' lang='lat' dir='ltr'><strong>Verbo</strong></span> <span class='ocrx_word' id='word_1_645' title='bbox 2810 3930 2860 3976; x_wconf 89' lang='lat' dir='ltr'><strong>te</strong></span> <span class='ocrx_word' id='word_1_646' title='bbox 2894 3921 3141 3991; x_wconf 85' lang='lat' dir='ltr'><strong>applica:</strong></span> <span class='ocrx_word' id='word_1_647' title='bbox 3176 3935 3301 3974; x_wconf 92' lang='lat' dir='ltr'><strong>nam</strong></span> <span class='ocrx_word' id='word_1_648' title='bbox 3339 3920 3454 3974; x_wconf 86' lang='lat' dir='ltr'><strong>tieri</strong></span> <span class='ocrx_word' id='word_1_649' title='bbox 3490 3936 3587 3974; x_wconf 82' lang='lat' dir='ltr'><strong>ne-</strong></span> 
     </span>
    </p>
   </div>
   <div class='ocr_carea' id='block_1_86' title="bbox 2017 4009 3575 4083">
    <p class='ocr_par' dir='ltr' id='par_1_86' title="bbox 2017 4009 3575 4083">
     <span class='ocr_line' id='line_1_88' title="bbox 2017 4009 3575 4083; baseline -0.001 -16"><span class='ocrx_word' id='word_1_650' title='bbox 2017 4013 2141 4083; x_wconf 91' lang='lat' dir='ltr'><strong>quit</strong></span> <span class='ocrx_word' id='word_1_651' title='bbox 2169 4023 2228 4067; x_wconf 91' lang='lat' dir='ltr'><strong>ut</strong></span> <span class='ocrx_word' id='word_1_652' title='bbox 2248 4012 2343 4082; x_wconf 86' lang='lat' dir='ltr'><strong>qui</strong></span> <span class='ocrx_word' id='word_1_653' title='bbox 2374 4026 2499 4068; x_wconf 89' lang='lat' dir='ltr'><strong>cum</strong></span> <span class='ocrx_word' id='word_1_654' title='bbox 2545 4012 3021 4066; x_wconf 75' lang='lat' dir='ltr'><strong>irrationabililate</strong></span> <span class='ocrx_word' id='word_1_655' title='bbox 3050 4011 3218 4082; x_wconf 87' lang='lat' dir='ltr'><strong>degit,</strong></span> <span class='ocrx_word' id='word_1_656' title='bbox 3248 4009 3410 4065; x_wconf 88' lang='lat' dir='ltr'><strong>Verbi</strong></span> <span class='ocrx_word' id='word_1_657' title='bbox 3458 4012 3575 4066; x_wconf 86' lang='lat' dir='ltr'><strong>sive</strong></span> 
     </span>
    </p>
   </div>
   <div class='ocr_carea' id='block_1_87' title="bbox 2017 4090 2886 4175">
    <p class='ocr_par' dir='ltr' id='par_1_87' title="bbox 2017 4090 2886 4175">
     <span class='ocr_line' id='line_1_89' title="bbox 2017 4090 2886 4175; baseline -0.006 -16"><span class='ocrx_word' id='word_1_658' title='bbox 2017 4104 2268 4160; x_wconf 78' lang='lat' dir='ltr'><strong>Rationis</strong></span> <span class='ocrx_word' id='word_1_659' title='bbox 2300 4104 2600 4175; x_wconf 89' lang='lat' dir='ltr'><strong>discipulus</strong></span> <span class='ocrx_word' id='word_1_660' title='bbox 2632 4104 2845 4159; x_wconf 80' lang='lat' dir='ltr'><strong>evadat.</strong></span> <span class='ocrx_word' id='word_1_661' title='bbox 2880 4090 2886 4107; x_wconf 76' lang='grc'><strong><em>⁷</em></strong></span> 
     </span>
    </p>
   </div>
   <div class='ocr_carea' id='block_1_88' title="bbox 2088 4192 3588 4265">
    <p class='ocr_par' dir='ltr' id='par_1_88' title="bbox 2088 4192 3588 4265">
     <span class='ocr_line' id='line_1_90' title="bbox 2088 4192 3588 4265; baseline -0.005 -13"><span class='ocrx_word' id='word_1_662' title='bbox 2088 4196 2188 4252; x_wconf 77' lang='lat' dir='ltr'><strong>Cui</strong></span> <span class='ocrx_word' id='word_1_663' title='bbox 2216 4196 2390 4251; x_wconf 81' lang='lat' dir='ltr'><strong>simile</strong></span> <span class='ocrx_word' id='word_1_664' title='bbox 2429 4195 2704 4251; x_wconf 65' lang='lat' dir='ltr'><strong>(estimabo</strong></span> <span class='ocrx_word' id='word_1_665' title='bbox 2734 4211 2949 4265; x_wconf 78' lang='lat' dir='ltr'><strong>regnum</strong></span> <span class='ocrx_word' id='word_1_666' title='bbox 2992 4193 3089 4247; x_wconf 89' lang='lat' dir='ltr'><strong>Dei</strong></span> <span class='ocrx_word' id='word_1_667' title='bbox 3108 4196 3134 4250; x_wconf 73' lang='lat'><strong><em>7</em></strong></span> <span class='ocrx_word' id='word_1_668' title='bbox 3166 4192 3354 4248; x_wconf 80' lang='lat' dir='ltr'><strong>Simile</strong></span> <span class='ocrx_word' id='word_1_669' title='bbox 3380 4201 3456 4246; x_wconf 84' lang='lat' dir='ltr'><strong>est</strong></span> <span class='ocrx_word' id='word_1_670' title='bbox 3483 4192 3588 4261; x_wconf 81' lang='lat' dir='ltr'><strong>fer-</strong></span> 
     </span>
    </p>
   </div>
   <div class='ocr_carea' id='block_1_89' title="bbox 2018 4282 3589 4357">
    <p class='ocr_par' dir='ltr' id='par_1_89' title="bbox 2018 4282 3589 4357">
     <span class='ocr_line' id='line_1_91' title="bbox 2018 4282 3589 4357; baseline -0.003 -16"><span class='ocrx_word' id='word_1_671' title='bbox 2018 4297 2212 4350; x_wconf 78' lang='lat' dir='ltr'><strong>mento,</strong></span> <span class='ocrx_word' id='word_1_672' title='bbox 2243 4287 2381 4357; x_wconf 77' lang='lat' dir='ltr'><strong>quod</strong></span> <span class='ocrx_word' id='word_1_673' title='bbox 2423 4294 2694 4355; x_wconf 73' lang='lat' dir='ltr'><strong>acceptum</strong></span> <span class='ocrx_word' id='word_1_674' title='bbox 2736 4285 2929 4338; x_wconf 78' lang='lat' dir='ltr'><strong>mulier</strong></span> <span class='ocrx_word' id='word_1_675' title='bbox 2973 4284 3251 4337; x_wconf 74' lang='lat' dir='ltr'><strong>abscondit</strong></span> <span class='ocrx_word' id='word_1_676' title='bbox 3304 4283 3360 4336; x_wconf 84' lang='lat' dir='ltr'><strong>in</strong></span> <span class='ocrx_word' id='word_1_677' title='bbox 3397 4282 3589 4351; x_wconf 64' lang='lat' dir='ltr'><strong>farina:</strong></span> 
     </span>
    </p>
   </div>
   <div class='ocr_carea' id='block_1_90' title="bbox 2020 4373 3590 4448">
    <p class='ocr_par' dir='ltr' id='par_1_90' title="bbox 2020 4373 3590 4448">
     <span class='ocr_line' id='line_1_92' title="bbox 2020 4373 3590 4448; baseline -0.002 -16"><span class='ocrx_word' id='word_1_678' title='bbox 2020 4390 2138 4433; x_wconf 80' lang='lat' dir='ltr'><strong>sata</strong></span> <span class='ocrx_word' id='word_1_679' title='bbox 2175 4380 2303 4445; x_wconf 82' lang='lat' dir='ltr'><strong>tria,</strong></span> <span class='ocrx_word' id='word_1_680' title='bbox 2334 4378 2493 4432; x_wconf 74' lang='lat' dir='ltr'><strong>donec</strong></span> <span class='ocrx_word' id='word_1_681' title='bbox 2519 4378 2891 4448; x_wconf 70' lang='lat' dir='ltr'><strong>{emaculatum</strong></span> <span class='ocrx_word' id='word_1_682' title='bbox 2918 4385 2995 4430; x_wconf 81' lang='lat' dir='ltr'><strong>est</strong></span> <span class='ocrx_word' id='word_1_683' title='bbox 3037 4386 3205 4429; x_wconf 80' lang='lat' dir='ltr'><strong>totum</strong></span> <span class='ocrx_word' id='word_1_684' title='bbox 3236 4376 3305 4428; x_wconf 75' lang='grc' dir='ltr'><strong>τ’.</strong></span> <span class='ocrx_word' id='word_1_685' title='bbox 3343 4373 3456 4429; x_wconf 85' lang='lat' dir='ltr'><strong>Hoc</strong></span> <span class='ocrx_word' id='word_1_686' title='bbox 3485 4375 3590 4429; x_wconf 84' lang='lat' dir='ltr'><strong>ita-</strong></span> 
     </span>
    </p>
   </div>
   <div class='ocr_carea' id='block_1_91' title="bbox 320 4457 1905 4542">
    <p class='ocr_par' dir='ltr' id='par_1_91' title="bbox 320 4457 1905 4542">
     <span class='ocr_line' id='line_1_93' title="bbox 320 4457 1905 4542; baseline 0.006 -27"><span class='ocrx_word' id='word_1_687' title='bbox 320 4461 519 4517; x_wconf 82' lang='grc' dir='ltr'>Τοῦτο</span> <span class='ocrx_word' id='word_1_688' title='bbox 539 4457 632 4514; x_wconf 84' lang='grc' dir='ltr'><strong>οὖν</strong></span> <span class='ocrx_word' id='word_1_689' title='bbox 657 4463 871 4527; x_wconf 85' lang='grc' dir='ltr'>σκόπει,</span> <span class='ocrx_word' id='word_1_690' title='bbox 896 4466 1004 4529; x_wconf 79' lang='grc' dir='ltr'><strong>πᾶς</strong></span> <span class='ocrx_word' id='word_1_691' title='bbox 1036 4482 1120 4528; x_wconf 85' lang='grc' dir='ltr'><strong>τις</strong></span> <span class='ocrx_word' id='word_1_692' title='bbox 1157 4466 1188 4518; x_wconf 87' lang='grc' dir='ltr'><strong>ό</strong></span> <span class='ocrx_word' id='word_1_693' title='bbox 1217 4469 1331 4530; x_wconf 84' lang='grc' dir='ltr'>τοῖς</span> <span class='ocrx_word' id='word_1_694' title='bbox 1366 4467 1608 4539; x_wconf 80' lang='grc' dir='ltr'>ῥηθεῖσιν</span> <span class='ocrx_word' id='word_1_695' title='bbox 1638 4471 1905 4542; x_wconf 72' lang='grc' dir='ltr'>ἀμφισϐη-</span> 
     </span>
    </p>
   </div>
   <div class='ocr_carea' id='block_1_92' title="bbox 2009 4457 3592 4542">
    <p class='ocr_par' dir='ltr' id='par_1_92' title="bbox 2021 4464 3592 4540">
     <span class='ocr_line' id='line_1_94' title="bbox 2021 4464 3592 4540; baseline -0.003 -18"><span class='ocrx_word' id='word_1_696' title='bbox 2021 4488 2126 4540; x_wconf 85' lang='lat' dir='ltr'><strong>que</strong></span> <span class='ocrx_word' id='word_1_697' title='bbox 2150 4469 2438 4540; x_wconf 87' lang='lat' dir='ltr'><strong>perpende,</strong></span> <span class='ocrx_word' id='word_1_698' title='bbox 2467 4467 2722 4538; x_wconf 84' lang='lat' dir='ltr'><strong>quisquis</strong></span> <span class='ocrx_word' id='word_1_699' title='bbox 2749 4468 2816 4521; x_wconf 88' lang='lat' dir='ltr'><strong>de</strong></span> <span class='ocrx_word' id='word_1_700' title='bbox 2866 4467 3032 4521; x_wconf 85' lang='lat' dir='ltr'><strong>dictis</strong></span> <span class='ocrx_word' id='word_1_701' title='bbox 3066 4466 3380 4536; x_wconf 74' lang='lat' dir='ltr'><strong>huiusmodi</strong></span> <span class='ocrx_word' id='word_1_702' title='bbox 3417 4464 3592 4520; x_wconf 90' lang='lat' dir='ltr'><strong>ambi-</strong></span> 
     </span>
    </p>
   </div>
   <div class='ocr_carea' id='block_1_93' title="bbox 315 4555 1916 4633">
    <p class='ocr_par' dir='ltr' id='par_1_93' title="bbox 315 4555 1916 4633">
     <span class='ocr_line' id='line_1_95' title="bbox 315 4555 1916 4633; baseline 0.006 -26"><span class='ocrx_word' id='word_1_703' title='bbox 315 4555 467 4619; x_wconf 82' lang='grc' dir='ltr'>τῶν,</span> <span class='ocrx_word' id='word_1_704' title='bbox 506 4556 699 4626; x_wconf 82' lang='grc' dir='ltr'>ὅτιπερ</span> <span class='ocrx_word' id='word_1_705' title='bbox 721 4555 949 4620; x_wconf 65' lang='grc' dir='ltr'>ἕκαστος</span> <span class='ocrx_word' id='word_1_706' title='bbox 980 4557 1087 4612; x_wconf 81' lang='grc' dir='ltr'><strong>τῶν</strong></span> <span class='ocrx_word' id='word_1_707' title='bbox 1116 4558 1418 4629; x_wconf 83' lang='grc' dir='ltr'>ἀνθρώπων</span> <span class='ocrx_word' id='word_1_708' title='bbox 1446 4562 1474 4613; x_wconf 83' lang='grc' dir='ltr'><strong>ὀ</strong></span> <span class='ocrx_word' id='word_1_709' title='bbox 1501 4562 1702 4633; x_wconf 76' lang='grc' dir='ltr'>μικρὰν</span> <span class='ocrx_word' id='word_1_710' title='bbox 1737 4562 1916 4633; x_wconf 82' lang='grc' dir='ltr'>ζύμην</span> 
     </span>
    </p>
   </div>
   <div class='ocr_carea' id='block_1_94' title="bbox 318 4645 1920 4723">
    <p class='ocr_par' dir='ltr' id='par_1_94' title="bbox 318 4645 1920 4723">
     <span class='ocr_line' id='line_1_96' title="bbox 318 4645 1920 4723; baseline 0.004 -24"><span class='ocrx_word' id='word_1_711' title='bbox 318 4645 547 4717; x_wconf 79' lang='grc' dir='ltr'>ἀρετῆς</span> <span class='ocrx_word' id='word_1_712' title='bbox 583 4646 943 4716; x_wconf 82' lang='grc' dir='ltr'>κτησάμενος,</span> <span class='ocrx_word' id='word_1_713' title='bbox 978 4648 1053 4719; x_wconf 81' lang='grc' dir='ltr'>μὴ</span> <span class='ocrx_word' id='word_1_714' title='bbox 1083 4648 1381 4718; x_wconf 72' lang='grc' dir='ltr'>πεφθακὼς</span> <span class='ocrx_word' id='word_1_715' title='bbox 1421 4652 1478 4705; x_wconf 82' lang='grc' dir='ltr'>δὲ</span> <span class='ocrx_word' id='word_1_716' title='bbox 1518 4652 1721 4723; x_wconf 79' lang='grc' dir='ltr'>ταύτην</span> <span class='ocrx_word' id='word_1_717' title='bbox 1757 4653 1920 4723; x_wconf 87' lang='grc' dir='ltr'>ἀρτο-</span> 
     </span>
    </p>
   </div>
   <div class='ocr_carea' id='block_1_95' title="bbox 321 4736 1916 4815">
    <p class='ocr_par' dir='ltr' id='par_1_95' title="bbox 321 4736 1916 4815">
     <span class='ocr_line' id='line_1_97' title="bbox 321 4736 1916 4815; baseline 0.006 -26"><span class='ocrx_word' id='word_1_718' title='bbox 321 4736 572 4804; x_wconf 81' lang='grc' dir='ltr'>ποιῆσαι</span> <span class='ocrx_word' id='word_1_719' title='bbox 595 4753 609 4767; x_wconf 84' lang='grc'><strong>·</strong></span> <span class='ocrx_word' id='word_1_720' title='bbox 637 4736 773 4790; x_wconf 73' lang='grc' dir='ltr'>ἀλλὰ</span> <span class='ocrx_word' id='word_1_721' title='bbox 802 4736 1082 4807; x_wconf 73' lang='grc' dir='ltr'>βουληθεὶς</span> <span class='ocrx_word' id='word_1_722' title='bbox 1124 4740 1243 4810; x_wconf 85' lang='grc' dir='ltr'>μὲν,</span> <span class='ocrx_word' id='word_1_723' title='bbox 1270 4741 1346 4813; x_wconf 83' lang='grc' dir='ltr'>μὴ</span> <span class='ocrx_word' id='word_1_724' title='bbox 1371 4741 1619 4815; x_wconf 82' lang='grc' dir='ltr'>δυνηθεὶς</span> <span class='ocrx_word' id='word_1_725' title='bbox 1642 4744 1699 4798; x_wconf 80' lang='grc' dir='ltr'><strong>δὲ</strong></span> <span class='ocrx_word' id='word_1_726' title='bbox 1736 4746 1916 4809; x_wconf 90' lang='grc' dir='ltr'>τοῦτο,</span> 
     </span>
    </p>
   </div>
   <div class='ocr_carea' id='block_1_96' title="bbox 323 4827 1921 4909">
    <p class='ocr_par' dir='ltr' id='par_1_96' title="bbox 323 4827 1921 4909">
     <span class='ocr_line' id='line_1_98' title="bbox 323 4827 1921 4909; baseline 0.009 -32"><span class='ocrx_word' id='word_1_727' title='bbox 323 4829 361 4899; x_wconf 75' lang='grc' dir='ltr'>ἢ</span> <span class='ocrx_word' id='word_1_728' title='bbox 406 4827 693 4899; x_wconf 67' lang='grc' dir='ltr'>ῥᾳθυμίας</span> <span class='ocrx_word' id='word_1_729' title='bbox 725 4829 758 4899; x_wconf 86' lang='grc' dir='ltr'>ἢ</span> <span class='ocrx_word' id='word_1_730' title='bbox 803 4830 1059 4900; x_wconf 81' lang='grc' dir='ltr'>ἀμελείας</span> <span class='ocrx_word' id='word_1_731' title='bbox 1091 4830 1441 4906; x_wconf 81' lang='grc' dir='ltr'>ἥάνανδρίας</span> <span class='ocrx_word' id='word_1_732' title='bbox 1484 4836 1646 4889; x_wconf 73' lang='grc' dir='ltr'>ἕνεκα</span> <span class='ocrx_word' id='word_1_733' title='bbox 1695 4838 1792 4891; x_wconf 78' lang='grc' dir='ltr'><strong>καὶ</strong></span> <span class='ocrx_word' id='word_1_734' title='bbox 1822 4838 1921 4909; x_wconf 84' lang='grc' dir='ltr'><strong>τῆς</strong></span> 
     </span>
    </p>
   </div>
   <div class='ocr_carea' id='block_1_97' title="bbox 322 4917 1922 4997">
    <p class='ocr_par' dir='ltr' id='par_1_97' title="bbox 322 4917 1922 4997">
     <span class='ocr_line' id='line_1_99' title="bbox 322 4917 1922 4997; baseline 0.006 -25"><span class='ocrx_word' id='word_1_735' title='bbox 322 4920 392 4987; x_wconf 77' lang='grc' dir='ltr'><strong>ἐξ</strong></span> <span class='ocrx_word' id='word_1_736' title='bbox 429 4917 659 4989; x_wconf 84' lang='grc' dir='ltr'>ἡμέρας</span> <span class='ocrx_word' id='word_1_737' title='bbox 684 4921 762 4984; x_wconf 80' lang='grc' dir='ltr'><strong>εἰς</strong></span> <span class='ocrx_word' id='word_1_738' title='bbox 786 4922 996 4993; x_wconf 77' lang='grc' dir='ltr'>ἡμέραν</span> <span class='ocrx_word' id='word_1_739' title='bbox 1024 4924 1293 4997; x_wconf 70' lang='grc' dir='ltr'>ἀναϐολῆς</span> <span class='ocrx_word' id='word_1_740' title='bbox 1311 4943 1324 4957; x_wconf 89' lang='grc'><strong>·</strong></span> <span class='ocrx_word' id='word_1_741' title='bbox 1353 4926 1708 4995; x_wconf 76' lang='grc' dir='ltr'>ὲπιφθασθεὶς</span> <span class='ocrx_word' id='word_1_742' title='bbox 1734 4927 1792 4981; x_wconf 79' lang='grc' dir='ltr'>δὲ</span> <span class='ocrx_word' id='word_1_743' title='bbox 1826 4929 1922 4981; x_wconf 76' lang='grc' dir='ltr'><strong>καὶ</strong></span> 
     </span>
    </p>
   </div>
   <div class='ocr_carea' id='block_1_98' title="bbox 320 5008 1922 5090">
    <p class='ocr_par' dir='ltr' id='par_1_98' title="bbox 320 5008 1922 5090">
     <span class='ocr_line' id='line_1_100' title="bbox 320 5008 1922 5090; baseline 0.004 -25"><span class='ocrx_word' id='word_1_744' title='bbox 320 5008 621 5082; x_wconf 76' lang='grc' dir='ltr'>θερισθεὶς</span> <span class='ocrx_word' id='word_1_745' title='bbox 647 5012 773 5083; x_wconf 85' lang='grc' dir='ltr'>παρ’</span> <span class='ocrx_word' id='word_1_746' title='bbox 796 5012 1006 5077; x_wconf 69' lang='grc' dir='ltr'>ἐλπίδα,</span> <span class='ocrx_word' id='word_1_747' title='bbox 1026 5008 1181 5079; x_wconf 75' lang='grc' dir='ltr'>οὗτος</span> <span class='ocrx_word' id='word_1_748' title='bbox 1199 5017 1300 5069; x_wconf 78' lang='grc' dir='ltr'><strong>οὐκ</strong></span> <span class='ocrx_word' id='word_1_749' title='bbox 1321 5016 1747 5088; x_wconf 73' lang='grc' dir='ltr'>ἐπιλησθήσεται</span> <span class='ocrx_word' id='word_1_750' title='bbox 1769 5018 1922 5090; x_wconf 86' lang='grc' dir='ltr'><strong>παρά</strong></span> 
     </span>
    </p>
   </div>
   <div class='ocr_carea' id='block_1_99' title="bbox 318 5102 1921 5183">
    <p class='ocr_par' dir='ltr' id='par_1_99' title="bbox 318 5102 1921 5183">
     <span class='ocr_line' id='line_1_101' title="bbox 318 5102 1921 5183; baseline 0.004 -24"><span class='ocrx_word' id='word_1_751' title='bbox 318 5104 429 5159; x_wconf 78' lang='grc' dir='ltr'><strong>τοῦ</strong></span> <span class='ocrx_word' id='word_1_752' title='bbox 454 5102 677 5156; x_wconf 81' lang='grc' dir='ltr'>δικαίου</span> <span class='ocrx_word' id='word_1_753' title='bbox 705 5104 892 5176; x_wconf 84' lang='grc' dir='ltr'>κριτοῦ</span> <span class='ocrx_word' id='word_1_754' title='bbox 915 5121 927 5135; x_wconf 68' lang='grc'><strong>⁸</strong></span> <span class='ocrx_word' id='word_1_755' title='bbox 958 5107 1073 5160; x_wconf 86' lang='grc' dir='ltr'>ἀλλ’</span> <span class='ocrx_word' id='word_1_756' title='bbox 1111 5112 1294 5181; x_wconf 77' lang='grc' dir='ltr'>ἐγερεῖ</span> <span class='ocrx_word' id='word_1_757' title='bbox 1333 5111 1481 5182; x_wconf 78' lang='grc' dir='ltr'>αὐτῷ</span> <span class='ocrx_word' id='word_1_758' title='bbox 1511 5110 1652 5183; x_wconf 81' lang='grc' dir='ltr'><strong>μετά</strong></span> <span class='ocrx_word' id='word_1_759' title='bbox 1692 5110 1921 5166; x_wconf 84' lang='grc' dir='ltr'>θάνατον</span> 
     </span>
    </p>
   </div>
   <div class='ocr_carea' id='block_1_100' title="bbox 317 5194 1925 5275">
    <p class='ocr_par' dir='ltr' id='par_1_100' title="bbox 317 5194 1925 5275">
     <span class='ocr_line' id='line_1_102' title="bbox 317 5194 1925 5275; baseline 0.007 -27"><span class='ocrx_word' id='word_1_760' title='bbox 317 5197 466 5261; x_wconf 71' lang='grc' dir='ltr'>τοὺς</span> <span class='ocrx_word' id='word_1_761' title='bbox 503 5194 761 5258; x_wconf 80' lang='grc' dir='ltr'>οἰκείους,</span> <span class='ocrx_word' id='word_1_762' title='bbox 806 5197 901 5250; x_wconf 74' lang='grc' dir='ltr'>καὶ</span> <span class='ocrx_word' id='word_1_763' title='bbox 940 5197 1143 5253; x_wconf 85' lang='grc' dir='ltr'>τούτων</span> <span class='ocrx_word' id='word_1_764' title='bbox 1183 5201 1282 5265; x_wconf 78' lang='grc' dir='ltr'><strong>τὰς</strong></span> <span class='ocrx_word' id='word_1_765' title='bbox 1311 5202 1535 5275; x_wconf 81' lang='grc' dir='ltr'>γνώμας</span> <span class='ocrx_word' id='word_1_766' title='bbox 1584 5203 1773 5269; x_wconf 81' lang='grc' dir='ltr'>ἰθυνεῖ,</span> <span class='ocrx_word' id='word_1_767' title='bbox 1828 5204 1925 5259; x_wconf 74' lang='grc' dir='ltr'><strong>καὶ</strong></span> 
     </span>
    </p>
   </div>
   <div class='ocr_carea' id='block_1_101' title="bbox 320 5287 1925 5365">
    <p class='ocr_par' dir='ltr' id='par_1_101' title="bbox 320 5287 1925 5365">
     <span class='ocr_line' id='line_1_103' title="bbox 320 5287 1925 5365; baseline 0.002 -21"><span class='ocrx_word' id='word_1_768' title='bbox 320 5289 437 5352; x_wconf 78' lang='grc' dir='ltr'><strong>τὰς</strong></span> <span class='ocrx_word' id='word_1_769' title='bbox 476 5287 712 5357; x_wconf 83' lang='grc' dir='ltr'>καρδίας</span> <span class='ocrx_word' id='word_1_770' title='bbox 734 5287 971 5349; x_wconf 80' lang='grc' dir='ltr'>έλκύσει,</span> <span class='ocrx_word' id='word_1_771' title='bbox 1001 5290 1095 5344; x_wconf 79' lang='grc' dir='ltr'><strong>καὶ</strong></span> <span class='ocrx_word' id='word_1_772' title='bbox 1132 5290 1230 5355; x_wconf 84' lang='grc' dir='ltr'><strong>τάς</strong></span> <span class='ocrx_word' id='word_1_773' title='bbox 1255 5292 1433 5363; x_wconf 75' lang='grc' dir='ltr'>ψυχὰς</span> <span class='ocrx_word' id='word_1_774' title='bbox 1465 5293 1792 5365; x_wconf 78' lang='grc' dir='ltr'>ἐπικάμψει,</span> <span class='ocrx_word' id='word_1_775' title='bbox 1829 5295 1925 5348; x_wconf 74' lang='grc' dir='ltr'>καὶ</span> 
     </span>
    </p>
   </div>
   <div class='ocr_carea' id='block_1_102' title="bbox 323 5377 1924 5457">
    <p class='ocr_par' dir='ltr' id='par_1_102' title="bbox 323 5377 1924 5457">
     <span class='ocr_line' id='line_1_104' title="bbox 323 5377 1924 5457; baseline 0.004 -24"><span class='ocrx_word' id='word_1_776' title='bbox 323 5380 481 5450; x_wconf 80' lang='grc' dir='ltr'>πρὸς</span> <span class='ocrx_word' id='word_1_777' title='bbox 514 5377 743 5450; x_wconf 83' lang='grc' dir='ltr'>ἀρωγὴν</span> <span class='ocrx_word' id='word_1_778' title='bbox 773 5380 867 5433; x_wconf 74' lang='grc' dir='ltr'>καὶ</span> <span class='ocrx_word' id='word_1_779' title='bbox 911 5380 1164 5451; x_wconf 83' lang='grc' dir='ltr'>βοήθειαν</span> <span class='ocrx_word' id='word_1_780' title='bbox 1205 5383 1398 5439; x_wconf 84' lang='grc' dir='ltr'>τούτου</span> <span class='ocrx_word' id='word_1_781' title='bbox 1442 5386 1737 5440; x_wconf 87' lang='grc' dir='ltr'>σπεύσουσι</span> <span class='ocrx_word' id='word_1_782' title='bbox 1766 5402 1924 5457; x_wconf 83' lang='grc' dir='ltr'>κινη-</span> 
     </span>
    </p>
   </div>
   <div class='ocr_carea' id='block_1_103' title="bbox 2024 4556 3593 4632">
    <p class='ocr_par' dir='ltr' id='par_1_103' title="bbox 2024 4556 3593 4632">
     <span class='ocr_line' id='line_1_105' title="bbox 2024 4556 3593 4632; baseline -0.003 -18"><span class='ocrx_word' id='word_1_783' title='bbox 2024 4565 2127 4632; x_wconf 78' lang='lat' dir='ltr'><strong>gis,</strong></span> <span class='ocrx_word' id='word_1_784' title='bbox 2154 4559 2454 4631; x_wconf 87' lang='lat' dir='ltr'><strong>quemlibet</strong></span> <span class='ocrx_word' id='word_1_785' title='bbox 2511 4558 2786 4613; x_wconf 88' lang='lat' dir='ltr'><strong>hominem</strong></span> <span class='ocrx_word' id='word_1_786' title='bbox 2821 4558 2915 4628; x_wconf 86' lang='lat' dir='ltr'><strong>qui</strong></span> <span class='ocrx_word' id='word_1_787' title='bbox 2953 4573 3179 4627; x_wconf 87' lang='lat' dir='ltr'><strong>parvum</strong></span> <span class='ocrx_word' id='word_1_788' title='bbox 3210 4557 3433 4612; x_wconf 79' lang='lat' dir='ltr'><strong>virtutis</strong></span> <span class='ocrx_word' id='word_1_789' title='bbox 3484 4556 3593 4611; x_wconf 80' lang='lat' dir='ltr'><strong>fer-</strong></span> 
     </span>
    </p>
   </div>
   <div class='ocr_carea' id='block_1_104' title="bbox 2025 4643 3594 4721">
    <p class='ocr_par' dir='ltr' id='par_1_104' title="bbox 2025 4643 3594 4721">
     <span class='ocr_line' id='line_1_106' title="bbox 2025 4643 3594 4721; baseline -0.005 -15"><span class='ocrx_word' id='word_1_790' title='bbox 2025 4663 2267 4707; x_wconf 86' lang='lat' dir='ltr'><strong>mentum</strong></span> <span class='ocrx_word' id='word_1_791' title='bbox 2318 4646 2583 4721; x_wconf 89' lang='lat' dir='ltr'><strong>possidet,</strong></span> <span class='ocrx_word' id='word_1_792' title='bbox 2623 4647 2829 4717; x_wconf 79' lang='lat' dir='ltr'><strong>quique</strong></span> <span class='ocrx_word' id='word_1_793' title='bbox 2874 4645 2945 4701; x_wconf 87' lang='lat' dir='ltr'><strong>ad</strong></span> <span class='ocrx_word' id='word_1_794' title='bbox 2994 4662 3190 4717; x_wconf 89' lang='lat' dir='ltr'><strong>panem</strong></span> <span class='ocrx_word' id='word_1_795' title='bbox 3220 4661 3287 4701; x_wconf 76' lang='lat' dir='ltr'><strong>ex</strong></span> <span class='ocrx_word' id='word_1_796' title='bbox 3317 4660 3384 4700; x_wconf 90' lang='lat' dir='ltr'><strong>eo</strong></span> <span class='ocrx_word' id='word_1_797' title='bbox 3421 4643 3594 4699; x_wconf 76' lang='lat' dir='ltr'><strong>eonﬁ-</strong></span> 
     </span>
    </p>
   </div>
   <div class='ocr_carea' id='block_1_105' title="bbox 2026 4734 3586 4806">
    <p class='ocr_par' dir='ltr' id='par_1_105' title="bbox 2026 4734 3586 4806">
     <span class='ocr_line' id='line_1_107' title="bbox 2026 4734 3586 4806; baseline -0.01 -3"><span class='ocrx_word' id='word_1_798' title='bbox 2026 4749 2277 4803; x_wconf 90' lang='lat' dir='ltr'><strong>ciendum</strong></span> <span class='ocrx_word' id='word_1_799' title='bbox 2309 4745 2549 4800; x_wconf 89' lang='lat' dir='ltr'><strong>nondum</strong></span> <span class='ocrx_word' id='word_1_800' title='bbox 2599 4757 2733 4799; x_wconf 83' lang='lat' dir='ltr'><strong>usus</strong></span> <span class='ocrx_word' id='word_1_801' title='bbox 2790 4753 2911 4806; x_wconf 83' lang='lat' dir='ltr'><strong>est,</strong></span> <span class='ocrx_word' id='word_1_802' title='bbox 2966 4749 3022 4794; x_wconf 89' lang='lat' dir='ltr'><strong>et</strong></span> <span class='ocrx_word' id='word_1_803' title='bbox 3067 4748 3246 4792; x_wconf 80' lang='lat' dir='ltr'><strong>tamen</strong></span> <span class='ocrx_word' id='word_1_804' title='bbox 3291 4735 3343 4789; x_wconf 89' lang='lat' dir='ltr'><strong>id</strong></span> <span class='ocrx_word' id='word_1_805' title='bbox 3376 4734 3586 4798; x_wconf 77' lang='lat' dir='ltr'><strong>voluit,</strong></span> 
     </span>
    </p>
   </div>
   <div class='ocr_carea' id='block_1_106' title="bbox 2029 4823 3596 4907">
    <p class='ocr_par' dir='ltr' id='par_1_106' title="bbox 2029 4823 3596 4907">
     <span class='ocr_line' id='line_1_108' title="bbox 2029 4823 3596 4907; baseline -0.011 -14"><span class='ocrx_word' id='word_1_806' title='bbox 2029 4838 2124 4893; x_wconf 90' lang='lat' dir='ltr'><strong>sed</strong></span> <span class='ocrx_word' id='word_1_807' title='bbox 2149 4836 2418 4907; x_wconf 89' lang='lat' dir='ltr'><strong>segnitiei,</strong></span> <span class='ocrx_word' id='word_1_808' title='bbox 2449 4834 2703 4898; x_wconf 73' lang='lat' dir='ltr'><strong>incuriae,</strong></span> <span class='ocrx_word' id='word_1_809' title='bbox 2732 4831 2981 4904; x_wconf 61' lang='lat' dir='ltr'><strong>ignaviae,</strong></span> <span class='ocrx_word' id='word_1_810' title='bbox 3019 4839 3115 4883; x_wconf 81' lang='lat' dir='ltr'><strong>aut</strong></span> <span class='ocrx_word' id='word_1_811' title='bbox 3143 4823 3596 4897; x_wconf 85' lang='lat' dir='ltr'><strong>procrastinatio-</strong></span> 
     </span>
    </p>
   </div>
   <div class='ocr_carea' id='block_1_107' title="bbox 2028 4916 3591 4999">
    <p class='ocr_par' dir='ltr' id='par_1_107' title="bbox 2028 4916 3591 4999">
     <span class='ocr_line' id='line_1_109' title="bbox 2028 4916 3591 4999; baseline -0.012 -14"><span class='ocrx_word' id='word_1_812' title='bbox 2028 4932 2114 4986; x_wconf 91' lang='lat' dir='ltr'><strong>nis</strong></span> <span class='ocrx_word' id='word_1_813' title='bbox 2149 4944 2283 4999; x_wconf 88' lang='lat' dir='ltr'><strong>ergo</strong></span> <span class='ocrx_word' id='word_1_814' title='bbox 2330 4918 2437 4981; x_wconf 84' lang='lat' dir='ltr'><strong>non</strong></span> <span class='ocrx_word' id='word_1_815' title='bbox 2474 4926 2659 4995; x_wconf 89' lang='lat' dir='ltr'><strong>potuit</strong></span> <span class='ocrx_word' id='word_1_816' title='bbox 2690 4964 2705 4987; x_wconf 87' lang='lat'><strong>,</strong></span> <span class='ocrx_word' id='word_1_817' title='bbox 2750 4926 3110 4991; x_wconf 72' lang='lat' dir='ltr'><strong>interceptum</strong></span> <span class='ocrx_word' id='word_1_818' title='bbox 3165 4933 3230 4972; x_wconf 88' lang='lat' dir='ltr'><strong>ac</strong></span> <span class='ocrx_word' id='word_1_819' title='bbox 3281 4916 3591 4970; x_wconf 88' lang='lat' dir='ltr'><strong>demessum</strong></span> 
     </span>
    </p>
   </div>
   <div class='ocr_carea' id='block_1_108' title="bbox 2027 5009 3593 5096">
    <p class='ocr_par' dir='ltr' id='par_1_108' title="bbox 2027 5009 3593 5096">
     <span class='ocr_line' id='line_1_110' title="bbox 2027 5009 3593 5096; baseline -0.014 -15"><span class='ocrx_word' id='word_1_820' title='bbox 2027 5040 2137 5096; x_wconf 89' lang='lat' dir='ltr'><strong>quo</strong></span> <span class='ocrx_word' id='word_1_821' title='bbox 2163 5033 2402 5092; x_wconf 86' lang='lat' dir='ltr'><strong>tempore</strong></span> <span class='ocrx_word' id='word_1_822' title='bbox 2433 5034 2543 5074; x_wconf 92' lang='lat' dir='ltr'><strong>non</strong></span> <span class='ocrx_word' id='word_1_823' title='bbox 2591 5017 2968 5089; x_wconf 82' lang='lat' dir='ltr'><strong>exspectabat,</strong></span> <span class='ocrx_word' id='word_1_824' title='bbox 3016 5012 3159 5083; x_wconf 88' lang='lat' dir='ltr'><strong>apud</strong></span> <span class='ocrx_word' id='word_1_825' title='bbox 3213 5011 3417 5079; x_wconf 85' lang='lat' dir='ltr'><strong>justum</strong></span> <span class='ocrx_word' id='word_1_826' title='bbox 3453 5009 3593 5075; x_wconf 88' lang='lat' dir='ltr'><strong>iudi-</strong></span> 
     </span>
    </p>
   </div>
   <div class='ocr_carea' id='block_1_109' title="bbox 2029 5101 3594 5174">
    <p class='ocr_par' dir='ltr' id='par_1_109' title="bbox 2029 5101 3594 5174">
     <span class='ocr_line' id='line_1_111' title="bbox 2029 5101 3594 5174; baseline -0.014 -2"><span class='ocrx_word' id='word_1_827' title='bbox 2029 5133 2144 5173; x_wconf 89' lang='lat' dir='ltr'><strong>cem</strong></span> <span class='ocrx_word' id='word_1_828' title='bbox 2170 5130 2277 5171; x_wconf 92' lang='lat' dir='ltr'><strong>non</strong></span> <span class='ocrx_word' id='word_1_829' title='bbox 2312 5123 2603 5168; x_wconf 84' lang='lat' dir='ltr'><strong>venturum</strong></span> <span class='ocrx_word' id='word_1_830' title='bbox 2631 5112 2686 5166; x_wconf 92' lang='lat' dir='ltr'><strong>in</strong></span> <span class='ocrx_word' id='word_1_831' title='bbox 2711 5109 3041 5166; x_wconf 84' lang='lat' dir='ltr'><strong>oblivionem</strong></span> <span class='ocrx_word' id='word_1_832' title='bbox 3069 5124 3083 5161; x_wconf 92' lang='lat'><strong>:</strong></span> <span class='ocrx_word' id='word_1_833' title='bbox 3123 5106 3216 5161; x_wconf 89' lang='lat' dir='ltr'><strong>sed</strong></span> <span class='ocrx_word' id='word_1_834' title='bbox 3262 5101 3448 5174; x_wconf 87' lang='lat' dir='ltr'><strong>(Deus)</strong></span> <span class='ocrx_word' id='word_1_835' title='bbox 3477 5108 3594 5169; x_wconf 82' lang='lat' dir='ltr'><strong>post</strong></span> 
     </span>
    </p>
   </div>
   <div class='ocr_carea' id='block_1_110' title="bbox 2029 5192 3595 5276">
    <p class='ocr_par' dir='ltr' id='par_1_110' title="bbox 2029 5192 3595 5276">
     <span class='ocr_line' id='line_1_112' title="bbox 2029 5192 3595 5276; baseline -0.014 -13"><span class='ocrx_word' id='word_1_836' title='bbox 2029 5210 2151 5276; x_wconf 74' lang='lat' dir='ltr'><strong>eius</strong></span> <span class='ocrx_word' id='word_1_837' title='bbox 2200 5206 2478 5260; x_wconf 89' lang='lat' dir='ltr'><strong>interitum</strong></span> <span class='ocrx_word' id='word_1_838' title='bbox 2510 5202 2812 5258; x_wconf 78' lang='lat' dir='ltr'><strong>familiares</strong></span> <span class='ocrx_word' id='word_1_839' title='bbox 2843 5207 2899 5255; x_wconf 86' lang='lat' dir='ltr'><strong>et</strong></span> <span class='ocrx_word' id='word_1_840' title='bbox 2931 5206 3196 5267; x_wconf 87' lang='lat' dir='ltr'><strong>cognatos</strong></span> <span class='ocrx_word' id='word_1_841' title='bbox 3235 5195 3357 5262; x_wconf 84' lang='lat' dir='ltr'><strong>ejus</strong></span> <span class='ocrx_word' id='word_1_842' title='bbox 3392 5192 3595 5245; x_wconf 82' lang='lat' dir='ltr'><strong>excita-</strong></span> 
     </span>
    </p>
   </div>
   <div class='ocr_carea' id='block_1_111' title="bbox 2034 5281 3595 5366">
    <p class='ocr_par' dir='ltr' id='par_1_111' title="bbox 2034 5281 3595 5366">
     <span class='ocr_line' id='line_1_113' title="bbox 2034 5281 3595 5366; baseline -0.014 -12"><span class='ocrx_word' id='word_1_843' title='bbox 2034 5300 2130 5366; x_wconf 89' lang='lat' dir='ltr'><strong>bit,</strong></span> <span class='ocrx_word' id='word_1_844' title='bbox 2178 5313 2369 5353; x_wconf 85' lang='lat' dir='ltr'><strong>eornm</strong></span> <span class='ocrx_word' id='word_1_845' title='bbox 2399 5303 2634 5350; x_wconf 87' lang='lat' dir='ltr'><strong>mentem</strong></span> <span class='ocrx_word' id='word_1_846' title='bbox 2682 5291 2910 5362; x_wconf 86' lang='lat' dir='ltr'><strong>diriget,</strong></span> <span class='ocrx_word' id='word_1_847' title='bbox 2951 5289 3116 5344; x_wconf 89' lang='lat' dir='ltr'><strong>corda</strong></span> <span class='ocrx_word' id='word_1_848' title='bbox 3156 5284 3452 5356; x_wconf 86' lang='lat' dir='ltr'><strong>pertrahet,</strong></span> <span class='ocrx_word' id='word_1_849' title='bbox 3480 5281 3595 5334; x_wconf 89' lang='lat' dir='ltr'><strong>aui-</strong></span> 
     </span>
    </p>
   </div>
   <div class='ocr_carea' id='block_1_112' title="bbox 2034 5371 3600 5456">
    <p class='ocr_par' dir='ltr' id='par_1_112' title="bbox 2034 5371 3600 5456">
     <span class='ocr_line' id='line_1_114' title="bbox 2034 5371 3600 5456; baseline -0.012 -12"><span class='ocrx_word' id='word_1_850' title='bbox 2034 5404 2159 5445; x_wconf 91' lang='lat' dir='ltr'><strong>mas</strong></span> <span class='ocrx_word' id='word_1_851' title='bbox 2186 5388 2403 5444; x_wconf 80' lang='lat' dir='ltr'><strong>ﬂectet:</strong></span> <span class='ocrx_word' id='word_1_852' title='bbox 2436 5396 2601 5456; x_wconf 88' lang='lat' dir='ltr'><strong>atque</strong></span> <span class='ocrx_word' id='word_1_853' title='bbox 2633 5384 2671 5437; x_wconf 92' lang='lat' dir='ltr'><strong>ii</strong></span> <span class='ocrx_word' id='word_1_854' title='bbox 2717 5382 2786 5437; x_wconf 87' lang='lat' dir='ltr'><strong>ad</strong></span> <span class='ocrx_word' id='word_1_855' title='bbox 2816 5395 2974 5451; x_wconf 85' lang='lat' dir='ltr'><strong>opem</strong></span> <span class='ocrx_word' id='word_1_856' title='bbox 3001 5389 3057 5434; x_wconf 90' lang='lat' dir='ltr'><strong>et</strong></span> <span class='ocrx_word' id='word_1_857' title='bbox 3083 5377 3345 5434; x_wconf 77' lang='lat' dir='ltr'><strong>auxilium</strong></span> <span class='ocrx_word' id='word_1_858' title='bbox 3380 5373 3481 5443; x_wconf 87' lang='lat' dir='ltr'><strong>ipsi</strong></span> <span class='ocrx_word' id='word_1_859' title='bbox 3518 5371 3600 5425; x_wconf 82' lang='lat' dir='ltr'><strong>fe-</strong></span> 
     </span>
    </p>
   </div>
   <div class='ocr_carea' id='block_1_113' title="bbox 324 5461 1905 5548">
    <p class='ocr_par' dir='ltr' id='par_1_113' title="bbox 324 5468 1905 5548">
     <span class='ocr_line' id='line_1_115' title="bbox 324 5468 1905 5548; baseline 0.005 -25"><span class='ocrx_word' id='word_1_860' title='bbox 324 5472 555 5530; x_wconf 79' lang='grc' dir='ltr'>θέντες.</span> <span class='ocrx_word' id='word_1_861' title='bbox 591 5468 752 5522; x_wconf 86' lang='grc' dir='ltr'>Ὅθεν</span> <span class='ocrx_word' id='word_1_862' title='bbox 784 5472 878 5525; x_wconf 76' lang='grc' dir='ltr'><strong>καὶ</strong></span> <span class='ocrx_word' id='word_1_863' title='bbox 910 5472 1189 5543; x_wconf 70' lang='grc' dir='ltr'>ἁψαμένου</span> <span class='ocrx_word' id='word_1_864' title='bbox 1229 5474 1323 5528; x_wconf 87' lang='grc' dir='ltr'><strong>τοῦ</strong></span> <span class='ocrx_word' id='word_1_865' title='bbox 1352 5477 1622 5530; x_wconf 84' lang='grc' dir='ltr'>Δεσπότου</span> <span class='ocrx_word' id='word_1_866' title='bbox 1647 5477 1756 5531; x_wconf 82' lang='grc' dir='ltr'>τῶν</span> <span class='ocrx_word' id='word_1_867' title='bbox 1791 5490 1905 5548; x_wconf 64' lang='grc' dir='ltr'>καφ</span> 
     </span>
    </p>
   </div>
   <div class='ocr_carea' id='block_1_114' title="bbox 2009 5461 3599 5548">
    <p class='ocr_par' dir='ltr' id='par_1_114' title="bbox 2033 5461 3599 5540">
     <span class='ocr_line' id='line_1_116' title="bbox 2033 5461 3599 5540; baseline -0.013 -5"><span class='ocrx_word' id='word_1_868' title='bbox 2033 5480 2269 5537; x_wconf 76' lang='lat' dir='ltr'><strong>rendum</strong></span> <span class='ocrx_word' id='word_1_869' title='bbox 2294 5477 2573 5535; x_wconf 83' lang='lat' dir='ltr'><strong>accedent.</strong></span> <span class='ocrx_word' id='word_1_870' title='bbox 2633 5472 2815 5540; x_wconf 84' lang='lat' dir='ltr'><strong>Quare</strong></span> <span class='ocrx_word' id='word_1_871' title='bbox 2865 5471 3052 5536; x_wconf 88' lang='lat' dir='ltr'><strong>iidem,</strong></span> <span class='ocrx_word' id='word_1_872' title='bbox 3089 5475 3338 5524; x_wconf 87' lang='lat' dir='ltr'><strong>movente</strong></span> <span class='ocrx_word' id='word_1_873' title='bbox 3370 5461 3599 5519; x_wconf 86' lang='lat' dir='ltr'><strong>Domino</strong></span> 
     </span>
    </p>
   </div>
   <div class='ocr_carea' id='block_1_115' title="bbox 405 5603 916 5673">
    <p class='ocr_par' dir='ltr' id='par_1_115' title="bbox 405 5603 916 5673">
     <span class='ocr_line' id='line_1_117' title="bbox 405 5603 916 5673; baseline 0.004 -15"><span class='ocrx_word' id='word_1_874' title='bbox 405 5606 457 5637; x_wconf 76' lang='grc'>⁷⁸</span> <span class='ocrx_word' id='word_1_875' title='bbox 498 5603 640 5660; x_wconf 87' lang='lat' dir='ltr'><strong>Luc.</strong></span> <span class='ocrx_word' id='word_1_876' title='bbox 674 5621 796 5673; x_wconf 86' lang='lat' dir='ltr'><strong>xm,</strong></span> <span class='ocrx_word' id='word_1_877' title='bbox 825 5607 916 5660; x_wconf 73' lang='lat' dir='ltr'><strong>2i.</strong></span> 
     </span>
    </p>
   </div>
   <div class='ocr_carea' id='block_1_116' title="bbox 410 5706 1568 5815">
    <p class='ocr_par' dir='ltr' id='par_1_116' title="bbox 410 5706 1568 5815">
     <span class='ocr_line' id='line_1_118' title="bbox 410 5706 1568 5815; baseline -0.002 -18"><span class='ocrx_word' id='word_1_878' title='bbox 410 5743 540 5815; x_wconf 77' lang='lat'><strong>(52)</strong></span> <span class='ocrx_word' id='word_1_879' title='bbox 575 5742 650 5797; x_wconf 85' lang='lat' dir='ltr'><strong>Ex</strong></span> <span class='ocrx_word' id='word_1_880' title='bbox 674 5742 860 5799; x_wconf 88' lang='lat' dir='ltr'><strong>codice</strong></span> <span class='ocrx_word' id='word_1_881' title='bbox 900 5758 1011 5814; x_wconf 79' lang='lat' dir='ltr'><strong>reg.</strong></span> <span class='ocrx_word' id='word_1_882' title='bbox 1041 5706 1198 5810; x_wconf 62' lang='lat' dir='ltr'><strong>i995,</strong></span> <span class='ocrx_word' id='word_1_883' title='bbox 1231 5757 1330 5800; x_wconf 70' lang='lat' dir='ltr'><strong>xm</strong></span> <span class='ocrx_word' id='word_1_884' title='bbox 1363 5742 1568 5800; x_wconf 67' lang='lat' dir='ltr'><strong>saeculi.</strong></span> 
     </span>
    </p>
   </div>
  </div>
