3990 6208
478 351 621 405 H03

1326 343 1385 399 S.
1431 344 1808 401 ATHANASll
1843 344 1995 402 OPP.
2035 343 2214 399 PARS
2248 341 2333 396 Ill.
2375 371 2447 384 ι-
2482 338 2888 396 EXEGETICA.

3566 341 3693 398 “Ol

471 466 638 523 corda
664 463 930 535 ipsorum,
967 476 1089 532 qua:
1134 462 1399 517 defuncto
1438 460 1664 517 deerant
1691 460 2039 532 supplebunt.

2144 460 2271 513 διῶν
2300 459 2497 524 αὐτῶν,
2528 457 2978 529 ἀναπληρῶσουσι
3004 458 3097 513 τοῦ
3128 467 3408 532 ο.χομένου
3445 466 3516 516 τὰ
3547 466 3696 519 ὑστε-

472 556 578 624 Qui
609 563 789 609 autem
815 552 1057 623 improbe
1090 561 1339 608 versatus
1369 551 1426 606 in
1454 552 1567 606 vita
1596 559 1681 607 est
1706 590 1723 615 ,
1766 551 1822 606 in
1869 550 2042 621 spinis

473 662 699 719 prorsus
741 644 1088 708 convolutus,
1130 651 1294 713 atque
1320 643 1534 713 impura
1566 643 1795 699 materia
1823 644 2039 713 plenus,

472 740 566 810 qui
597 751 877 806 nunquam
914 735 969 788 in
995 734 1389 790 conscientiam
1422 735 1702 805 ingressus
1728 743 1812 789 est
1841 748 2036 797 suam;

470 831 566 887 sed
596 830 806 896 absque
833 834 980 881 metu
1015 834 1071 881 et
1111 825 1480 881 indifferenter
1513 825 1854 896 voluptatum
1879 822 2045 879 faeto-

470 920 622 976 ribus
656 915 922 982 incubuit,
944 930 1136 970 omnes
1162 914 1346 971 carnis
1375 912 1852 984 concupiscentiae
1882 926 2039 968 exse—

472 1025 667 1081 quens,
700 1007 835 1062 nihil
880 1022 1105 1078 prorsus
1134 1005 1201 1061 de
1235 1005 1420 1061 anima
1457 1005 1740 1077 cogitans:
1787 1003 1883 1060 sed
1913 1017 2042 1058 cor-

471 1115 766 1172 percarum
798 1096 1143 1155 solummodo
1171 1112 1355 1154 rerum
1391 1111 1554 1155 sensu
1613 1094 1877 1160 allectus;
1913 1108 2039 1148 cum

470 1192 726 1261 deinceps
759 1191 1093 1260 interceptus
1123 1203 1153 1244 e
1193 1188 1302 1245 vita
1347 1187 1682 1258 migraverit,
1718 1185 1823 1256 ipsi
1853 1185 2039 1241 nullus

470 1286 697 1341 omnino
729 1286 965 1355 porriget
989 1298 1244 1340 manum:
1275 1291 1441 1352 atque
1474 1282 1553 1337 ita
1593 1296 1718 1342 cum
1748 1279 1871 1351 ipso
1910 1294 2039 1351 age-

470 1388 580 1445 tur,
610 1390 669 1433 ut
694 1391 870 1447 neque
898 1377 968 1430 ab
990 1390 1182 1440 uxore,
1209 1389 1384 1445 neque
1414 1390 1449 1429 τι
1473 1373 1622 1438 ﬁliis,
1650 1373 1735 1427 vel
1776 1388 1806 1427 a
1852 1369 2041 1425 fratri.

470 1470 597 1534 bus,
628 1478 725 1524 aut
759 1483 790 1523 a
828 1468 1085 1539 cognatis
1106 1475 1162 1522 et
1186 1466 1382 1522 amicis
1403 1465 1659 1537 juvetur:
1696 1478 1872 1535 neque
1892 1460 2038 1537 Deus

471 1560 629 1621 illum
664 1558 935 1622 ullatenus
966 1555 1203 1615 curabit.

474 1726 1924 1758 ~________________.___.

2146 554 2384 624 ρήματα.
2420 552 2479 605 '0
2505 551 2562 605 δέ
2590 568 2655 621 γε
2697 550 2808 621 βίον
2847 552 3080 623 πονηρὸν
3110 554 3461 624 κεκτημένος,
3494 572 3697 625 συμπι-

2145 647 2418 717 φυρμένος
2461 645 2582 698 ὅλον
2627 643 2909 709 ἀκάνθαις,
2960 645 3140 717 πλήρη
3184 663 3242 699 τε
3275 646 3416 701 ὑλῶν
3437 648 3569 703 ὄντα
3597 652 3698 704 τῶν

2142 735 2485 805 ἀκαθάρτων,
2516 732 2576 796 ὃς
2612 731 2867 785 οὐδέποτε
2919 731 2977 785 ὲν
3019 732 3317 801 συνειδήσει
3362 728 3547 802 ἦλθεν,
3589 736 3698 789 ἀλλ’

2142 824 2313 889 ἀδεῶς
2339 825 2437 879 καὶ
2468 822 2773 894 ἀδιαφόρως
2803 823 2924 885 ταῖς
2948 822 3059 875 τῶν
3085 821 3285 893 ἡδονῶν
3313 823 3553 878 ἐνέκειτο
3578 826 3698 879 δυσ.

2141 916 2364 981 ωδίαις,
2423 914 2678 987 πράττων
2722 914 2940 978 ἁπάσας
2980 914 3080 976 τὰς
3103 914 3201 984 τῆς
3248 915 3450 987 σαρκὸς
3472 916 3697 988 ὀρέξεις,

2140 1008 2235 1062 καὶ
2265 1006 2430 1078 μηδὲν
2464 1007 2600 1069 ὅλως
2640 1006 2770 1077 περὶ
2797 1005 2976 1076 ψυχῆς
3001 1006 3318 1077 φροντίζων,
3357 1007 3499 1076 ἔχων
3543 1026 3604 1062 τε
3644 1010 3699 1062 τὸ

2141 1099 2403 1171 φρόνημα
2420 1097 2680 1168 σαρκικὸν
2706 1098 2880 1151 ἀπαν·
2911 1093 3010 1150 εἶθ’
3036 1096 3178 1150 οὕτω
3217 1097 3499 1168 φθασθεὶς,
3549 1100 3696 1170 ἐκδη-

2145 1193 2305 1261 μήσει
2333 1189 2427 1242 τοῦ
2456 1188 2594 1259 βίου,
2618 1187 2794 1259 τούτῳ
2820 1188 3100 1253 παντελῶς
3121 1189 3296 1253 οὐδεὶς
3322 1190 3499 1261 ὀρέξει
3526 1194 3696 1261 χεῖρα·

2142 1277 2259 1332 ἀλλ’
2284 1276 2427 1331 οὕτω
2452 1278 2629 1333 πάντα
2653 1277 2724 1331 τὰ
2750 1281 2871 1332 κατ’
2904 1278 3064 1332 αὑτὸν
3112 1280 3600 1352 διαπραχθήσεται,
3631 1283 3699 1349 (is;

2145 1368 2282 1437 μήτε
2309 1366 2412 1420 ὑπὸ
2447 1365 2723 1430 συνεύνου,
2752 1367 2784 1437 ἢ
2827 1368 3053 1432 τέκνων,
3090 1369 3123 1440 ἦ
3156 1370 3421 1440 ἀδελφῶν,
3448 1372 3482 1442 ἢ
3514 1389 3698 1441 συγγε-

2142 1459 2268 1524 νῶν,
2299 1458 2331 1529 il
2360 1458 2528 1526 φίλων
2572 1460 3002 1531 ὲπικουρηθῆναι
3043 1461 3105 1516 τὸ
3149 1463 3401 1517 σύνολονθ
3445 1465 3531 1518 ὅτι
3571 1465 3700 1535 μηδὲ

2141 1549 2255 1621 ἔχει
2284 1550 2415 1613 Θεὸς
2436 1551 2495 1604 ὲν
2517 1550 2699 1623 μέτρῳ
2724 1550 2935 1608 τοῦτον.

980 1851 1545 1914 FBAGMENTU'M
1598 1849 1681 1910 ΙΝ
1734 1850 2060 1914 EPISTOI

2142 1849 2199 1910 M
2255 1850 2284 1910 ι
2336 1851 2444 1912 AD
2507 1852 2999 1914 conmrmos
3027 1853 3171 1932 (33).

546 2103 618 2157 De
639 2103 720 2156 Itis
747 2116 903 2169 porro
931 2114 1049 2169 qua!
1079 2097 1390 2165 scripsistis,
1418 2106 1481 2151 ut
1499 2094 1717 2165 loquar,
1744 2094 1934 2153 bonum
1960 2105 2037 2154 est

2208 2094 2350 2164 Περὶ
2368 2092 2437 2151 δὲ
2450 2087 2539 2148 ὧν
2553 2093 2850 2164 ἐγράψατέ
2858 2113 2978 2163 μοι,
3002 2096 3193 2150 καλὸν
3209 2096 3499 2164 ἀνθρώπῳ
3519 2116 3701 2167 rum

469 2188 665 2250 homini
686 2186 959 2247 mulierem
994 2201 1098 2238 non
1135 2184 1434 2252 contingere
1458 2181 1524 2235 ⁷³.
1560 2182 1645 2235 Ad
1683 2182 1796 2236 haec
1827 2183 2034 2249 omnia,

468 2289 647 2337 exstat
667 2292 886 2349 quoque
912 2278 1088 2331 sancti
1137 2274 1420 2332 Athanasii
1450 2272 1847 2343 interpretatio,
1885 2273 1939 2327 in
1974 2275 2040 2327 li-

469 2372 567 2426 bro
592 2371 659 2424 de
688 2368 992 2424 honorabili
1033 2366 1309 2437 conjugio.
1342 2365 1608 2421 Praeterea
1637 2364 1718 2420 sic
1752 2372 1934 2435 potest
1952 2380 2039 2422 res

468 2461 773 2533 explanari.
804 2460 884 2514 Ad
923 2460 1239 2514 luxuriosos
1268 2469 1322 2514 et
1347 2459 1598 2514 carnales
1632 2458 1880 2515 homines
1910 2471 2037 2511 cum

469 2554 729 2615 scriberet
756 2551 982 2615 Paulus,
1009 2566 1201 2607 eorum
1240 2565 1378 2620 erga,
1405 2566 1625 2607 carnem
1669 2564 1822 2605 suam
1850 2564 2038 2605 amore

470 2662 603 2702 usus
635 2653 740 2708 est,
795 2653 854 2697 ut
902 2642 1318 2698 fornicationem
1354 2642 1590 2713 abjicere
1633 2642 1920 2708 suaderet;
1958 2641 2038 2697 sic

467 2739 698 2794 dicens:
731 2734 961 2805 Reliqua
1001 2742 1220 2803 peccata
1272 2733 1513 2793 animam
1572 2733 1792 2794 laedunt.
1829 2741 1884 2786 ct
1931 2731 2036 2800 ipsi

469 2831 570 2886 soli
604 2830 867 2884 damnum
902 2827 1222 2881 immittunt.
1279 2823 1393 2881 Sed
1436 2825 1530 2893 qui
1581 2824 1886 2879 fornicatur
1928 2839 2034 2877 una

469 2920 667 2976 animae
694 2929 750 2974 et
776 2919 999 2988 corpori,
1026 2932 1135 2977 suo,
1161 2926 1341 2983 nocet,
1380 2916 1623 2986 illudque
1660 2914 1961 2984 corrumpit
1984 2922 2038 2968 et

471 3019 728 3068 enervat:
790 3020 952 3079 atque
985 3009 1276 3073 animalem
1325 3017 1376 3062 et
1413 3008 1631 3061 vitalem
1663 3006 1843 3059 aufert
1884 3005 2036 3072 vigo-

472 3121 609 3161 rem.
641 3108 719 3159 Ac
749 3104 793 3160 si
817 3105 1054 3163 diceret:
1110 3110 1293 3156 vestro
1328 3101 1517 3156 saltem
1563 3100 1767 3169 parcite
1796 3097 2031 3167 corpori,

467 3198 614 3266 quod
649 3197 854 3251 curatis
892 3205 945 3250 et
978 3194 1177 3250 fovetis
1247 3194 1515 3264 cujusque
1565 3194 1837 3263 ingentem
1881 3190 2035 3246 solli-

469 3289 767 3348 citudinem
803 3286 1014 3357 geritis.

2134 2187 2341 2258 κὸςμή
2392 2186 2703 2242 ἅπτεσθαι.
2757 2188 2912 2240 Ἐστι
2953 2188 3046 2241 καὶ
3093 2188 3227 2257 πρὸς
3278 2189 3490 2254 τούτοις
3533 2191 3699 2245 ἅπασι

2133 2278 2341 2334 καὶτοῦ
2365 2278 2521 2347 ἀγίου
2569 2277 2887 2332 Ἀθανασίου
2926 2279 3189 2351 ἑρμηνεία
3221 2281 3279 2333 ὲν
3325 2280 3406 2352 τῷ
3453 2282 3583 2352 περὶ
3613 2282 3699 2334 τοῦ

2136 2367 2334 2440 σεμνοῦ
2360 2369 2561 2439 γάμου.
2581 2369 2725 2441 Πρὸς
2751 2368 2893 2431 ὅλοις
2922 2368 3134 2431 τούτοις
3159 2371 3475 2442 ἡρμήνευσὲ
3501 2390 3587 2436 τις
3613 2375 3699 2427 καὶ

2133 2462 2298 2514 οὓτω.
2342 2461 2486 2531 Πρὸς
2539 2459 2910 2531 ἁϐροδιαίτους
2956 2460 3050 2515 καὶ
3090 2460 3451 2534 φιλοσάρκους
3484 2464 3699 2535 γράφων

2134 2555 2163 2605 ὁ
2206 2552 2416 2615 Παῦλος
2437 2590 2452 2615 ,
2483 2554 2547 2623 τῇ
2600 2550 2777 2605 αὐτῶν
2816 2551 3140 2626 φιλοσαρκίᾳ
3163 2554 3407 2626 συνεργῷ
3438 2556 3699 2627 ἐχρήσατο

2133 2643 2269 2714 πρὸς
2300 2642 2397 2714 τὴν
2428 2642 2527 2712 τῆς
2585 2642 2839 2716 πορνείας
2877 2644 3226 2716 παραίτησιν,
3280 2646 3439 2700 τοῦτο
3498 2647 3695 2715 λέγων,

2131 2732 2213 2791 ὅτι
2243 2731 2324 2791 Τὰ
2375 2732 2537 2789 λοιπά
2557 2734 2927 2805 ἁμαρτήματα
2952 2736 3129 2806 ψυχὴν
3155 2736 3349 2800 ἀδικεῖ,
3380 2738 3475 2790 καὶ
3509 2739 3590 2802 είς
3614 2739 3699 2791 αύ-

2130 2824 2229 2895 τὴν
2285 2826 2454 2897 μόνην
2497 2827 2596 2896 τὴν
2633 2826 2835 2897 βλάϐην
2870 2828 3250 2899 παραπέμπει·
3300 2831 3331 2883 ὁ
3380 2829 3441 2884 δέ
3478 2846 3544 2899 γε
3579 2846 3698 2900 πορ-

2132 2914 2300 2975 νεύων
2326 2917 2422 2970 σὺν
2451 2920 2515 2987 τῇ
2540 2917 2682 2988 ψυχῇ
2704 2917 2798 2971 καὶ
2822 2918 2882 2972 τὸ
2912 2918 3070 2990 σῶμα
3094 2920 3288 2985 ἀδικεῖ,
3315 2919 3557 2992 φθείρων
3579 2921 3699 2973 αὐτὸ

2133 3007 2226 3060 καὶ
2255 3005 2592 3076 ὲκδυναμῶν,
2636 3007 2730 3061 καὶ¹
2753 3007 2844 3061 τὸν
2881 3008 3109 3080 ψυχικὸν
3136 3011 3231 3063 καὶ
3257 3010 3485 3075 ζωτικὸν
3518 3009 3700 3065 καθαι-

2135 3098 2244 3168 ρῶν
2288 3099 2457 3152 τόνον.
2512 3097 2857 3159 Ὠσειὶηεῖπεν-
2888 3094 3147 3155 Φείσασθε
3196 3104 3298 3156 κᾶν
3329 3103 3424 3157 τοῦ
3456 3102 3698 3174 σώματος

2133 3187 2307 3258 ὑμῶν,
2353 3189 2381 3243 ὃ
2415 3192 2704 3262 περιέπετε
2752 3194 2845 3247 καὶ
2896 3194 3127 3250 θάλπετε
3209 3195 3302 3249 καὶ
3346 3188 3406 3248 οὗ
3455 3195 3698 3249 ποόνοιαν

2134 3280 2392 3361 πλείστην
2425 3283 2683 3341 ποιεῖσθε.

1924 3483 2246 3544 SPURIJ.

469 3593 792 3648 Aonomrio.
819 3618 893 3631 -ρ
920 3589 1201 3657 Sequentia
1224 3589 1328 3642 duo
1358 3588 1611 3654 opuscula
1642 3602 1706 3657 ea;
1729 3586 1906 3641 codice
1930 3586 2193 3639 undecimi
2222 3588 2404 3640 sim-uti
2447 3589 2845 3644 membranaceo
2874 3578 3202 3645 bibliothecae
3221 3588 3337 3644 RR.
3372 3588 3490 3643 PP.
3526 3612 3587 3642 ο.
3614 3589 3702 3641 Ba-

534 3661 641 3713 silii
670 3659 847 3713 Romae
875 3656 1100 3713 mutuati
1127 3676 1308 3713 sumus
1335 3673 1351 3709 :
1375 3658 1528 3711 ambo
1555 3656 1787 3727 ejusdem
1818 3657 2028 3727 [οι-ἔμω,
2051 3668 2098 3710 et
2128 3660 2380 3727 sequioris
2427 3662 2539 3722 (cui,
2575 3671 2719 3713 utea:
2747 3660 3138 3727 vitiatolingute
3170 3662 3367 3713 firmem
3394 3676 3496 3712 usu
3531 3661 3704 3724 depre-

530 3731 747 3787 hendas.
786 3731 1025 3801 Primum
1084 3745 1201 3801 vero
1254 3727 1534 3801 subjuncta
1578 3717 1745 3801 liabet
1764 3795 1777 3801 _
1796 3717 1995 3801 aliquot
2016 3717 2258 3789 imperiti
2306 3717 2536 3784 Graeculi
2559 3731 2782 3797 scholia,
2813 3747 2930 3801 qua:
2955 3717 3174 3785 subdere
3196 3731 3361 3784 visum
3388 3740 3489 3782 est.
3517 3717 3702 3781 lst'lutc

531 3804 690 3866 enim,
718 3800 856 3869 quod
888 3816 1138 3868 perquam
1166 3799 1339 3851 brevia
1364 3799 1487 3859 sint,
1518 3796 1713 3849 nemini
1748 3795 2028 3864 fastidium
2060 3813 2260 3852 ntovere
2304 3810 2541 3868 possunt.

469 3898 654 3952 Sancti
684 3896 965 3949 Athanasii
1020 3895 1246 3963 episcopi
1294 3891 1643 3948 Alexandrini
1674 3935 1689 3953 ,
1740 3894 1796 3945 in
1832 3892 2030 3944 dictum

2143 3894 2250 3949 Τοῦ
2285 3894 2455 3963 ἁγίου
2493 3895 2843 3950 Ἂθανασίου
2875 3897 3211 3951 ἐπισκόπου
3247 3892 3702 3963 Ἀλεξανδρείας,

540 3967 766 4033 apostoli
817 3966 975 4019 Pauli
1017 3967 1101 4019 1‘:
1167 3985 1183 4015 ι
1216 3963 1351 4017 Novi
1396 3963 1701 4031 Itujusmodi
1746 3963 2038 4029 hominem,

541 4047 751 4106 raptum
773 4053 933 4107 usque
958 4035 1026 4090 ad
1059 4036 1270 4090 tertium
1302 4034 1511 4095 caelum,
1537 4053 1557 4084 ι
1582 4045 1633 4087 ει
1671 4033 1893 4102 reliqua.

540 4208 883 4265 Renuntiabo
915 4209 1069 4265 vobis
1103 4209 1250 4280 quod
1301 4223 1429 4264 cum
1468 4208 1649 4264 adhuc
1695 4206 1916 4276 juvenis
1948 4222 2042 4263 es.

466 4317 608 4368 sem,
644 4302 778 4371 ipsis
809 4302 1039 4357 auribus
1076 4301 1262 4371 accepi
1297 4316 1328 4354 a
1364 4300 1494 4356 viris
1527 4299 1789 4369 antiquis,
1822 4300 2040 4371 sapien—

468 4394 544 4447 tia
571 4394 967 4462 prudentiaque
996 4393 1228 4456 ornatis,
1258 4388 1457 4447 virtute
1482 4391 1826 4455 florentibus,
1863 4391 1958 4461 qui
1982 4390 2038 4446 in

466 4484 724 4541 asceticis
752 4485 1037 4539 laboribus
1057 4492 1474 4539 consenuerant.
1510 4480 1648 4538 Nam
1671 4498 1797 4538 cum
1815 4482 1891 4541 illi
1909 4498 2041 4537 con-

470 4576 720 4630 venirent
775 4576 830 4629 in
883 4592 1052 4630 unum
1110 4588 1167 4630 et
1197 4575 1505 4644 spiritualia
1536 4574 1817 4644 colloquia.
1851 4573 2043 4627 misce-

469 4679 611 4731 rent,
653 4668 986 4738 quastiones
1017 4668 1072 4721 in
1117 4667 1355 4722 medium
1386 4667 1679 4737 proposita:
1725 4673 1884 4721 sunt:
1922 4663 2041 4730 Qua

469 4764 536 4819 de
568 4780 733 4818 causa
769 4779 1000 4835 magnus
1028 4763 1118 4819 ille
1151 4764 1468 4833 Apostolus,
1505 4762 1656 4816 solus
1686 4778 1753 4815 ex
1782 4761 2040 4815 omnibus

470 4859 699 4920 sanctis,
733 4858 787 4910 in
817 4856 1035 4912 tertium
1084 4856 1282 4911 etelum
1314 4856 1563 4909 sublatus
1611 4862 1714 4919 est,
1772 4866 1937 4921 atque
1968 4852 2039 4905 ibi

469 4951 681 5006 audivit
712 4968 913 5007 arcana
943 4952 1150 5007 verba?
1181 4951 1278 5005 llis
1307 4951 1377 5004 ita
1416 4951 1697 5019 respondit
1725 4951 1944 5019 quidam
1974 4965 2040 5003 ex

473 5043 615 5097 illis:
649 5044 840 5097 Audivi
876 5060 976 5113 ego
1000 5044 1068 5097 ab
1093 5041 1500 5111 antiquioribus
1532 5039 1809 5105 Patribus,
1846 5055 2043 5110 quam-

470 5135 595 5187 dam
621 5149 719 5188 ceu
752 5135 1074 5203 legationem
1114 5144 1170 5189 et
1197 5133 1513 5204 petitionem
1547 5131 1658 5187 Deo
1695 5140 1749 5187 et
1788 5131 2039 5195 Domino,

2204 3967 2297 4029 εὶς
2319 3959 2385 4017 τὸ
2406 3964 2596 4032 ῥητὸν
2621 3966 2725 4020 τοῦ
2746 3965 3091 4021 ἀποστόλου
3123 3966 3385 4019 Παύλου.
3410 3963 3499 4016 ὅτι
3524 3959 3541 4014 ι
3570 3959 3704 4016 Οἶδα

2207 4034 2312 4087 τὸν
2332 4036 2600 4089 τοιοῦτον
2621 4035 2936 4103 ἄνθρωπον
2974 4036 3315 4104 ἁρπαγέντα
3363 4034 3477 4098 ἕως
3512 4034 3704 4102 τρίτον

2208 4104 2487 4172 οὐρανὸν,
2519 4123 2538 4157 ι
2572 4105 2665 4159 καὶ
2694 4104 2765 4158 τὰ
2793 4105 2939 4176 ἑξῆς.

2220 4218 2570 4287 Ἀπαγγέλλω
2598 4219 2726 4290 ὑμῖν
2754 4220 2897 4289 άπερ
2925 4219 3039 4282 τοῖς
3060 4217 3193 4272 ὠσὶν
3220 4217 3456 4287 ἀκήκοα,
3486 4216 3567 4269 ἔτι
3595 4214 3704 4277 νέος

2140 4309 2398 4380 ὑπάρχων
2422 4351 2436 4375 ,
2474 4308 2623 4380 παρά
2657 4308 2901 4362 παλαιῶν
2931 4307 3163 4380 ἀνδρῶν,
3192 4308 3352 4379 σοφίᾳ
3381 4308 3477 4363 καὶ
3501 4306 3704 4359 συνέσει

2138 4400 2561 4472 κεκοσμημένων
2579 4400 2673 4453 καὶ
2688 4401 2911 4472 ἀρεταῖς
2930 4398 3436 4470 κατηγλαῖσμένων,
3455 4399 3515 4451 ὲν
3544 4399 3704 4467 ἀσκη-

2138 4495 2309 4557 τικοῖς
2335 4491 2510 4560 ἀγῶσι
2531 4508 2737 4563 καταγη
2748 4493 3045 4563 ρασάντων.
3079 4489 3442 4561 Συνηγμένων
3473 4488 3585 4560 γὰρ
3614 4489 3704 4542 αὑ-

2138 4582 2247 4635 τῶν
2297 4584 2391 4635 καὶ
2449 4580 2832 4652 πνευματικῶς
2870 4581 2998 4652 περὶ
3037 4581 3247 4651 ἀρετῶν
3292 4579 3702 4649 διαλεγομένων,

2139 4668 2300 4743 ἦλθον
2347 4674 2425 4737 είς
2485 4672 2648 4744 μέσον
2698 4673 3029 4744 ἐρωτήσεις·
3060 4672 3126 4725 Τί
3177 4672 3378 4741 δήποτε
3424 4670 3587 4741 μόνος
3638 4668 3706 4731 ὡς

2140 4764 2413 4835 ἐξαίρετος
2466 4764 2616 4836 παρά
2649 4765 2860 4828 πάντας
2903 4764 3089 4835 ἀγίους
3131 4766 3160 4817 δ
3192 4764 3364 4834 μέγας
3395 4762 3706 4825 ’Δπόστολος

2141 4859 2221 4920 εἰς
2252 4856 2432 4928 τρίτον
2483 4857 2707 4929 οὐρανὸν
2762 4856 2934 4928 ήρθη,
2977 4857 3247 4929 ἁρπαγεὶς
3293 4857 3353 4908 ὲν
3401 4855 3707 4926 παραδείσῳ

2142 4948 2235 5000 καὶ
2257 4947 2461 5000 ἐκεῖθεν
2492 4947 2729 5012 ἀκούσας
2757 4947 2972 5017 ἄρρητα
3004 4949 3252 5018 ρήματα;
3290 4945 3633 5017 Ἀποκριθεὶς
3656 4944 3707 4997 δὲ

2142 5035 2223 5100 εἷς
2264 5036 2325 5103 ἐξ
2368 5036 2549 5091 αὐτῶν
2576 5034 2757 5091 εἶπεν·
2788 5040 3089 5093 Ἤκουσταί
3122 5056 3212 5110 μοι
3255 5038 3408 5110 παρὰ
3438 5038 3709 5110 ἀρχαιοτέ-

2147 5146 2254 5198 ρων
2286 5129 2553 5201 πατέρων,
2582 5129 2658 5192 ὼς
2686 5129 2949 5201 πρεσϐεία
2980 5131 3074 5183 καὶ
3104 5130 3316 5201 αἴτησις
3341 5131 3534 5199 γέγονε
3564 5128 3708 5199 παρὰ

475 5226 856 5280 universorum
885 5226 1250 5290 moderatori,
1288 5225 1524 5279 oblatam
1568 5222 1740 5279 fuisse
1767 5238 1798 5277 a
1827 5225 2036 5278 sanctis

2142 5223 2251 5276 τῶν
2306 5225 2401 5278 ἀπ’
2433 5223 2629 5289 αἰῶνος
2673 5225 2843 5294 ἁγίων
2881 5227 3137 5299 Πατέρων
3166 5228 3299 5298 πρὸς
3332 5227 3423 5281 τὸν
3449 5228 3584 5281 Θεὸν
3623 5225 3711 5278 καὶ

475 5317 583 5371 illis
612 5316 866 5373 Patribus
901 5317 1211 5374 remotioris
1238 5317 1357 5381 aevi,
1386 5326 1446 5371 ut
1470 5315 1697 5370 Paulum
1734 5316 2039 5385 apostolum

472 5408 650 5463 virum
677 5410 891 5479 qualem
931 5426 962 5464 a
997 5409 1196 5464 saeculo
1219 5425 1325 5464 non
1357 5408 1620 5472 viderant,
1655 5407 1759 5464 sibi
1789 5408 2041 5463 oetende-

471 5506 573 5551 ret.
617 5497 693 5552 Ex
731 5500 983 5554 universa
1033 5498 1235 5568 quippe
1266 5509 1432 5563 terra,
1473 5512 1543 5552 ex
1579 5496 1830 5567 gentibus
1876 5507 2039 5568 atque

540 5638 585 5668 ⁷³
631 5636 648 5689 l
685 5638 814 5693 Cor.
862 5656 957 5701 vn.
991 5639 1035 5693 Ι.
1112 5639 1158 5672 ⁷³
1198 5637 1240 5691 ll
1266 5640 1392 5694 Cor.
1433 5656 1532 5706 xu,
1564 5640 1618 5694 Ω.

541 5757 651 5827 ('53)
691 5757 765 5812 Ex
798 5759 981 5815 codice
1025 5760 1192 5831 Regio
1222 5760 1385 5829 Ξῖίϐ,
1419 5760 1527 5817 fol.’
1556 5760 1644 5818 44.

2148 5316 2427 5385 Δεσπότην
2457 5317 2550 5370 καὶ
2593 5317 2809 5371 πάντων
2841 5319 3065 5389 Κύριον,
3113 5320 3250 5391 ὑπὲρ
3277 5318 3369 5372 τοῦ
3416 5317 3711 5372 ἀποστόλου

2147 5404 2381 5467 Παύλου,
2421 5406 2567 5468 ὅπως
2593 5406 2891 5460 θεάσωνται
2921 5408 3155 5461 τοιοῦτον
3182 5407 3368 5479 ἄνδρα,
3395 5407 3455 5460 ὃν
3484 5406 3593 5459 ἀπὸ
3622 5403 3712 5458 τοῦ

2146 5496 2342 5560 αἱῶρνος
2374 5497 2473 5551 οὐκ
2504 5498 2814 5554 ἐθεάσαντο.
2847 5499 2976 5552 ’Δπὺ
3008 5500 3113 5573 γάρ
3134 5500 3311 5571 πάσης
3337 5499 3436 5570 τῆς
3463 5495 3719 5570 οἰκουμέ-
