3990 6208
344 302 484 362 M05

1218 292 1642 363 FRAGMENTA
1678 304 1931 362 smnus
1961 304 2026 358 IN
2049 304 2267 360 EPIST.
2306 304 2344 357 ιι
2377 303 2466 357 Al)
2499 300 2655 358 con.

3453 301 3589 357 “06

340 436 438 491 νης
459 422 553 472 καὶ
581 435 690 472 των
712 421 882 474 ἐθνῶν
923 424 1014 473 καὶ
1046 429 1223 490 νησων
1275 416 1685 489 πεφωτισμέναι
1718 415 1911 487 ψυχαὶ,

2019 415 2224 471 insulis
2274 415 2604 470 illuminatse
2657 428 2886 478 animm,
2943 421 3105 481 atque
3151 412 3256 467 ﬁde
3304 419 3360 467 et
3412 427 3508 483 spe
3531 414 3588 469 in

340 515 432 571 καὶ
461 516 528 586 τῇ
556 514 693 587 πρὸς
730 513 863 569 θεὸν
899 514 1079 569 πίστει
1103 514 1198 569 καὶ
1225 513 1399 567 ἑλπίδι
1420 512 1816 583 ἐπιλάμπουσαι,
1853 510 1911 561 ὲν

338 607 407 675 τῇ
438 602 591 676 χώρᾳ
616 604 724 658 τῶν
752 603 966 669 ζώντων
993 605 1086 658 καὶ
1113 606 1172 658 ὲν
1195 607 1316 669 ταῖς
1350 605 1459 657 τῶν
1491 603 1661 672 ἁγίων
1688 603 1913 672 σκηναῖς

341 695 770 768 συνηθροίζοντο.
788 690 887 750 Ὧν
912 698 1128 752 πάντων
1149 696 1575 769 ὁμολογούντων,
1594 697 1676 750 ὅτι
1698 694 1786 749 διὰ
1813 694 1913 764 τῆς

336 787 682 853 διδασκαλίας
722 789 934 844 Παύλου
982 791 1081 861 τῆς
1120 789 1445 860 θεογνωσίας
1477 789 1539 843 τὸ
1565 787 1767 858 φέγγος
1799 786 1914 839 ὲδέ-

336 881 497 946 ξαντο
516 898 530 912 ο
565 881 654 935 διὰ
675 881 832 935 τοῦτο
864 880 961 954 τὴν
980 882 1163 953 δέησιν
1183 883 1278 937 καὶ
1315 881 1523 935 ἱκεσίαν
1557 879 1639 950 τῷ,
1666 877 1912 949 Δεσπότη

336 973 704 1043 προσήγαγον.
750 975 811 1029 'O
834 975 911 1042 δὲ,
938 975 1043 1047 πλη
1054 975 1162 1048 ρῶν
1185 975 1247 1029 τὸ
1277 974 1485 1046 αἴτημα
1515 972 1625 1028 τῶν
1652 970 1917 1042 θεραπόν-

332 1079 444 1115 των
472 1063 658 1128 αὑτοῦ,
682 1066 774 1120 καὶ
801 1067 906 1139 πρὸ
933 1068 1032 1139 τῆς
1072 1065 1322 1121 ἐντεῦθεν
1343 1064 1664 1135 ἀπαλλαγῆς
1703 1063 1914 1134 ἀνήγα-

333 1171 431 1222 γεν
459 1158 620 1211 αὑτὸν
659 1159 794 1231 πρὸς
835 1162 1126 1233 ἀσπασμὸν
1168 1162 1264 1216 καὶ
1309 1156 1653 1231 εὐφροσύνην
1682 1157 1788 1210 τῶν
1817 1157 1915 1209 ἀπ’

327 1246 531 1312 αἰῶνος
558 1249 728 1319 ἁγίων
775 1251 1172 1325 πατριαρχῶνς,
1208 1250 1504 1323 προφητῶν
1548 1248 1642 1303 καὶ
1689 1246 1915 1302 δικαίων

326 1337 614 1404 ἁπάντων,
641 1340 753 1395 εἴτε
783 1344 841 1396 ὲν
872 1342 1105 1415 σώματι,
1139 1343 1215 1407 ὼς
1238 1344 1400 1406 αὐτὸς
1432 1340 1559 1412 ἔφη,
1594 1340 1702 1393 εἴτε
1759 1338 1916 1402 ἐκτὸς

326 1428 441 1487 τοῦ,
472 1429 743 1501 σώματος,
779 1434 926 1504 μόνῳ
954 1433 1194 1503 γνωστὸν
1217 1432 1295 1504 τῷ
1322 1432 1462 1503 Θεῷ,
1496 1430 1574 1502 τῷ
1602 1428 1917 1503 παραδόξως

327 1519 583 1576 ποιοῦντι
613 1521 868 1593 θαύματα,
888 1525 982 1582 καὶ
1012 1524 1242 1589 ἐξαίσια,
1266 1517 1340 1579 ὧν
1368 1526 1468 1579 οὐκ
1490 1522 1635 1576 ἐστιν
1663 1521 1912 1593 ἀριθμόςι

342 1611 589 1666 Ἐκεῖθεν
623 1613 731 1685 γὰρ
757 1611 863 1669 εἶδε
887 1614 986 1687 τὴν
1007 1614 1114 1671 τῶν
1136 1615 1248 1670 ἄνω
1273 1613 1592 1686 στρατηγῶν
1619 1612 1916 1682 διακόσμη-

334 1718 440 1765 σιν,
473 1704 721 1773 ἀγγέλων
749 1707 843 1771 καὶ
874 1707 1139 1779 οὐρανίων
1161 1706 1465 1778 δυνάμεων,
1490 1703 1673 1761 καὶτὰ
1698 1703 1913 1774 ἄρρητα

332 1793 615 1865 θαύματα,
647 1796 681 1850 ἃ
708 1798 806 1852 οὐκ
838 1799 960 1865 ἐξὸν
990 1798 1260 1871 ἀνθρώπῳ
1281 1797 1482 1865 λαλεῖν,
1511 1796 1545 1868 ἢ
1580 1793 1837 1855 ἀκοῦσαι,

957 2061 1275 2119 ΣΧΟΛΙΟΝ.

402 2150 466 2203 Et
493 2151 625 2222 περὶ
645 2151 736 2203 τὸν
761 2152 987 2223 οὐρανὸν
1020 2155 1298 2227 ὑπάρχουν
1345 2153 1466 2224 (sic)
1495 2154 1588 2207 καὶ
1618 2152 1924 2224 παράκεινς

325 2257 418 2296 ται
440 2242 501 2293 αί
527 2240 634 2293 τῶν
667 2242 836 2310 ἁγίων
855 2243 1043 2314 ψυχαὶ,
1079 2244 1153 2307 ὡς
1183 2244 1436 2314 λέγεται·
1465 2244 1690 2316 καὶγὰρ
1716 2245 1771 2298 αἱ
1804 2243 1912 2298 τῶν

322 2329 558 2384 δικαίων
600 2331 768 2402 ψυχαὶ
804 2334 861 2386 ὲν
888 2334 1137 2406 οὐρανοῖς
1163 2336 1490 2401 αὐλίζονται,
1534 2335 1629 2389 καὶ
1653 2334 1809 2390 ἄλλαι
1835 2335 1913 2388 δι-

324 2422 509 2477 καίων
540 2421 709 2493 ψυχαὶ
738 2426 799 2482 ὲν,
824 2426 1152 2502 παραδείσῳ,
1184 2428 1279 2481 καὶ¹
1303 2427 1457 2482 ἄλλαι
1485 2429 1542 2481 ὲν
1574 2430 1644 2499 γῇ
1666 2427 1919 2499 πραέων-

331 2515 442 2569 ίδοὺ
480 2516 617 2585 γοῦν
646 2517 811 2575 οἰκίαι
833 2519 1083 2574 δικαίων·
1110 2522 1190 2585 είς
1220 2520 1391 2585 αὐτὰς
1423 2521 1692 2593 ἁρπαγεὶς
1715 2521 1743 2573 ὁ
1770 2518 1914 2573 Παῦ-

322 2605 415 2671 λος
441 2608 728 2679 ὑπάρχων,
766 2611 1036 2682 ἁρπαγεὶς
1062 2612 1121 2665 δὲ
1160 2612 1298 2683 μετά
1334 2613 1395 2667 τὸ
1437 2612 1696 2682 βαπτίσαι
1749 2611 1912 2666 αὑτὸν

321 2699 352 2750 ὸ
382 2698 548 2767 ἅγιος
580 2700 854 2765 Ἀνανίας,
897 2703 1023 2757 ὅταν
1046 2703 1240 2760 ἔπεσον
1269 2706 1388 2759 ἀπὸ
1416 2704 1509 2761 τοῦ
1541 2706 1753 2763 Παύλου
1780 2706 1919 2759 ὡσεὶ

323 2787 568 2853 λεπίδες,
607 2790 714 2849 ἀπὸ
748 2792 955 2847 ἐκείνου
981 2793 1073 2847 τοῦ
1107 2795 1297 2867 καιροῦ
1342 2796 1446 2861 ἕως
1489 2791 1550 2852 οὗ
1597 2797 1917 2870 ὡμολόγησε-

322 2879 421 2939 καὶ
449 2876 596 2947 εἷπε,
619 2883 712 2943 καὶ
731 2882 826 2954 τὴν
864 2885 1177 2957 Ἐπιστολὴν
1219 2889 1279 2958 ἢν
1321 2887 1488 2956 λέγει,
1507 2890 1559 2941 '0
1574 2887 1916 2960 ὢνεύλογηη

322 2973 538 3047 μένος,
575 2976 668 3028 καὶ
693 2975 769 3035 τὰ,
790 2976 937 3050 ἑξῆς,
970 2978 1073 3041 ἕως
1113 2980 1229 3034 ἐκεῖ
1253 2979 1500 3051 ὑπῆρχον
1544 2981 1725 3051 χρόνοι
1753 2982 1921 3036 δεκα-.

2018 507 2193 564 Deum
2223 508 2596 578 splendentes,
2621 506 2679 561 in
2710 507 2932 577 regione
2961 505 3280 571 viventium,
3302 513 3357 560 et
3382 505 3438 562 in
3461 521 3591 562 san-

2013 611 2236 658 ctorum
2269 600 2640 656 tabernaculis
2682 598 3169 671 congregabantur.
3216 597 3425 665 Quibus
3471 614 3590 654 om-

2014 696 2180 752 nibus
2205 693 2607 751 conﬁtentibus
2641 707 2701 748 se
2746 707 2844 763 per
2885 691 3039 746 Pauli
3079 690 3381 745 doctrinam
3412 690 3587 745 lucem

2016 786 2216 842 divina:
2258 782 2588 854 cognitionis
2628 790 2941 849 mutuatos;
2978 781 3062 836 his
3091 780 3319 850 permoti
3347 779 3446 845 illi,
3479 776 3590 833 Do-

2014 878 2172 933 mino
2202 874 2613 945 supplicarunt:
2644 873 2736 944 qui
2763 881 2822 927 ut
2845 888 3123 928 servorum
3151 887 3373 927 suorum
3396 869 3592 926 volun-

2016 978 2181 1024 tatem
2196 964 2633 1037 impleret,illum
2654 970 2945 1033 antequam
2964 979 3031 1019 ex
3048 963 3151 1017 bac
3163 962 3275 1017 vita
3290 960 3592 1016 discederet

2015 1059 2321 1128 assumpsit
2346 1064 2400 1111 et
2420 1056 2604 1127 rapuit
2619 1056 2685 1111 ad
2702 1055 3008 1126 amplexum
3025 1062 3081 1109 et
3098 1054 3343 1118 laetitiam
3371 1059 3592 1107 sancto-

2015 1167 2138 1208 rum
2177 1148 2650 1221 patriarcharum,
2672 1148 3061 1218 prophetarum
3083 1156 3137 1201 et
3158 1145 3432 1216 iustorum
3465 1157 3590 1198 om-

2016 1243 2166 1299 nium
2192 1241 2294 1311 qui.
2323 1257 2353 1296 a
2383 1239 2591 1296 saeculo
2622 1239 2955 1307 ﬂoruerant;
2998 1239 3113 1294 sive
3157 1238 3212 1293 in
3256 1252 3502 1307 corpore,
3532 1243 3593 1290 ut

2016 1339 2133 1408 ipse
2161 1337 2329 1404 dixit;
2386 1335 2503 1391 sive
2553 1344 2704 1391 extra
2738 1349 2971 1405 corpus;
3024 1348 3146 1403 quae
3199 1346 3289 1387 res
3334 1331 3435 1385 soli
3480 1328 3591 1384 Deo

2016 1439 2167 1495 nota,
2198 1428 2296 1499 qui
2328 1437 2526 1498 praeter
2548 1426 3013 1497 exspectationem
3045 1423 3466 1494 opinionemque
3491 1420 3592 1475 bo-

2016 1520 2228 1577 minum
2255 1517 2525 1573 miracula
2550 1526 2606 1572 et
2636 1524 2910 1586 portenta,
2954 1528 3189 1584 quorum
3239 1527 3347 1567 non
3376 1519 3458 1565 est
3490 1525 3592 1563 nu-

2015 1625 2220 1687 merus,
2241 1608 2377 1664 edit.
2407 1607 2485 1663 lbi
2512 1607 2663 1663 enim
2696 1606 2833 1661 vidit
2860 1605 3192 1675 concinnum
3226 1603 3469 1658 ordinem
3493 1615 3591 1655 su-

2016 1715 2310 1771 pernorum
2338 1700 2571 1764 ducum,
2603 1697 2926 1769 angelorum
2955 1697 3161 1751 scilicet
3193 1703 3247 1750 et
3286 1693 3589 1750 calestium

2016 1793 2301 1859 virtutum,
2328 1803 2383 1847 et
2417 1806 2615 1847 arcana
2638 1791 2846 1846 audivit
2872 1789 3155 1859 miracula,
3178 1804 3299 1859 quae
3326 1802 3437 1844 non
3462 1785 3590 1841 licet

2014 1886 2225 1947 homini
2248 1885 2420 1955 loqui,
2441 1886 2524 1940 vel
2556 1885 2761 1940 audire.

2630 2064 2991 2124 SCIIOLION.

2085 2165 2141 2222 Si
2176 2168 2231 2222 in
2266 2164 2416 2221 coelo
2449 2163 2655 2232 degunt
2694 2170 2747 2215 et
2790 2167 3081 2214 versantur
3124 2162 3438 2211 sanctorum
3471 2149 3593 2205 ani-

2012 2272 2134 2320 mae,
2175 2265 2234 2310 ut
2266 2254 2471 2309 dicitur
2497 2270 2512 2319 ;
2542 2250 2744 2305 etenim
2775 2247 3052 2318 iustorum
3095 2244 3294 2299 anima:
3345 2243 3399 2295 in
3438 2238 3591 2295 caelis

2012 2346 2289 2413 habitant,
2302 2353 2355 2400 et
2379 2343 2501 2398 aliae
2531 2341 2780 2412 quaedam
2806 2338 3086 2409 iustorum
3122 2333 3320 2389 anima:
3343 2333 3395 2384 in
3426 2344 3590 2400 para-

2011 2440 2160 2505 diso,
2186 2437 2307 2491 alia:
2339 2450 2469 2491 vero
2498 2434 2553 2487 in
2586 2440 2745 2486 terra.
2792 2437 3205 2483 mansuetorum
3241 2441 3255 2478 :
3301 2438 3370 2477 en
3427 2420 3591 2490 igitur

2011 2530 2208 2585 domos
2236 2528 2536 2598 iustorum,
2573 2522 2627 2576 in
2662 2519 2863 2591 quibus
2893 2527 3091 2588 raptus
3113 2513 3322 2569 Paulus
3352 2510 3591 2567 colloca-

2012 2630 2103 2676 tus
2149 2627 2254 2674 est.
2304 2616 2512 2685 Raptus
2558 2621 2740 2666 autem
2789 2608 2894 2663 iuit
2939 2618 3224 2677 postquam
3284 2604 3590 2673 baptizatus

2013 2712 2190 2767 fuerat
2215 2725 2245 2764 a
2280 2707 2338 2764 S.
2363 2707 2594 2769 Anania,
2637 2718 2764 2760 cum
2798 2702 2868 2756 ab
2888 2714 2956 2756 eo
2976 2715 3075 2755 ceu
3101 2709 3345 2767 squamas
3382 2692 3592 2748 cecide-

2012 2812 2141 2859 runt
2173 2803 2240 2855 ⁷⁵.
2274 2800 2357 2855 Ab
2396 2815 2461 2855 eo
2496 2806 2678 2852 autem
2725 2805 2968 2863 tempore
2991 2805 3165 2860 usque
3189 2788 3256 2842 ad
3300 2785 3453 2850 illud,
3479 2796 3591 2854 quo

2015 2896 2130 2950 haec
2153 2892 2438 2947 confessus
2460 2898 2545 2944 est
2561 2897 2615 2944 et
2646 2887 2894 2958 protulit,
2918 2881 3326 2954 Kpistolamque
3348 2874 3588 2947 scripsit,

2014 3003 2079 3043 ac
2112 2985 2270 3052 dixit,
2308 2983 2412 3049 Qui
2441 2992 2519 3036 est
2548 2980 2848 3055 benedictus
2873 2977 2942 3043 ",
2961 2984 3018 3032 et
3061 2982 3277 3039 cmtera,
3319 2972 3589 3025 intercur-

322 3067 616 3139 τέσσαρες.

2019 3086 2147 3133 runt
2177 3076 2311 3131 anni
2340 3072 2780 3146 quatuordecim.

398 3160 503 3213 Διὰ
517 3159 570 3212 τί
583 3161 683 3214 οὑκ
698 3157 818 3215 εἷπε
835 3162 1046 3228 Παῦλος
1065 3181 1078 3194 ·
1115 3164 1256 3235 Ἐγὼ
1272 3165 1546 3239 ἡρπάγην,
1572 3165 1707 3221 ἀλλὰ
1731 3161 1909 3220 εἷπεν·

2087 3169 2269 3237 Quare
2299 3143 2406 3223 non
2434 3166 2579 3223 dixit
2622 3164 2866 3220 Paulus:
2910 3161 3021 3231 Ego
3062 3166 3252 3228 raptus
3282 3168 3425 3217 sum,
3463 3143 3591 3217 sed,

330 3245 483 3307 Οἶδα
526 3250 871 3321 ἆνθρωπον;
903 3256 972 3308 Ἤ
1020 3255 1107 3309 διὰ
1160 3257 1222 3311 τὸ
1256 3257 1330 3329 μὴ
1358 3258 1562 3327 γνῶσαι
1599 3255 1912 3332 [γνωρίσαι]

2019 3258 2156 3313 Novi
2178 3258 2466 3313 hominem.
2509 3256 2592 3310 An
2628 3254 2757 3325 quin
2785 3270 2892 3307 non
2923 3261 3169 3313 noverat,
3203 3255 3298 3300 aut
3331 3259 3398 3298 ne
3427 3243 3482 3297 in
3505 3257 3603 3297 sua

326 3342 530 3395 ἑαυτὸν
552 3346 632 3408 είς
662 3346 1058 3420 ὑπερηφανίαν,
1109 3327 1461 3421 καυχώμενον
1504 3327 1784 3418 είς-δόξαν
1815 3327 1913 3406 τού

2019 3347 2264 3419 pet-biant
2296 3347 2553 3410 caderet,
2597 3343 2694 3400 sed
2738 3350 2799 3396 ut
2839 3340 3002 3394 unius
3048 3335 3144 3390 Dei
3196 3333 3423 3406 gloriam
3452 3327 3594 3383 cele-

325 3437 468 3492 Θεοῦ
495 3453 510 3502 ;

332 3546 450 3624 Τοῦ
481 3546 1135 3624 ἀγριιᾎθανασίου-είς
1175 3555 1243 3608 τὸ
1273 3556 1464 3624 ῥητὸν
1494 3557 1599 3611 τοῦ
1651 3558 1915 3612 ἀποστ·όὸ

398 3619 522 3699 ,ζου
547 3620 869 3699 [gaudeant
905 3619 1120 3699 ’ξδόθηί
1152 3619 1540 3699 poto-294.10?
1583 3625 1664 3694 τῇ,
1698 3628 1915 3696 σαρκί,

402 3684 664 3756 ἄγγελος
689 3688 903 3755 Σατᾶν,
926 3692 1026 3746 ἵνα
1142 3684 1450 3765 κολαφίζῃ.
1490 3684 1509 3747 ἱ

402 3798 471 3852 Oi
502 3799 599 3871 τὴν
622 3801 900 3858 εὐσέϐειαν
925 3803 1222 3877 σύντροφον
1248 3805 1482 3877 ἔχοντες,
1516 3809 1611 3862 καὶ
1634 3812 1689 3863 ὲν
1716 3813 1782 3882 τῇ
1805 3810 1919 3865 τῶν

323 3891 495 3945 θείων
546 3892 778 3964 Γραφῶν
830 3896 1029 3971 μελέτῃ
1063 3899 1432 3970 σχολάζοντες,
1481 3899 1541 3967 ἐξ
1593 3902 1772 3959 αὐτῶν
1805 3902 1913 3957 τῶν

322 3981 577 4055 Γραφῶν
597 3983 779 4059 ἔχουσι
802 3986 994 4057 ὁδηγὸν
1020 3990 1119 4059 τὴν
1145 3990 1421 4062 ἀλήθειαν.
1443 3993 1561 4051 Καὶ
1573 3993 1787 4065 πρῶτον
1814 3995 1917 4066 μὲν

324 4076 535 4132 εἰδέναι
559 4079 827 4150 προσήκει
880 4080 977 4153 τὴν
1005 4082 1106 4152 τῆς
1149 4083 1470 4156 Ἐπιστολῆς
1502 4085 1783 4153 ὑπόθεσιν,
1817 4089 1913 4141 καὶ

320 4168 484 4230 ὅπως
509 4166 844 4237 γέγραπται.
883 4171 1098 4244 Ἐπειδὴ
1124 4174 1152 4225 ὁ
1198 4173 1472 4240 θειότατος
1514 4175 1728 4238 Παῦλος
1761 4176 1911 4243 ἐξαι-

324 4260 513 4332 ρέτως
540 4262 598 4313 ὲν
624 4261 795 4335 ταύτῃ
827 4265 891 4335 τῇ
939 4265 1247 4337 Ἐπιστολῇ,
1275 4267 1352 4331 ὡς
1382 4266 1551 4321 πολλὰ
1591 4267 1777 4322 παθὼν
1819 4270 1913 4322 καὶ

321 4347 653 4421 πειρασθε“ις
704 4349 854 4421 παρὰ
904 4350 1013 4408 τῶν
1045 4353 1323 4421 συγγενῶν
1352 4355 1446 4407 καὶ
1497 4354 1782 4426 ὁμοφύλων
1816 4358 1913 4410 καὶ

2013 3440 2110 3501 bra
2117 3451 2197 3499 ret
2210 3441 2241 3495 i-

2019 3555 2209 3611 δαηεεὶ
2258 3551 2547 3607 Athanasii
2597 3550 2651 3603 in
2701 3548 2903 3601 dictum
2949 3541 3086 3596 illud
3125 3531 3544 3611 apostoliﬁPauli
3570 3545 3591 3584 :

2095 3604 2431 3678 ἷῦξιιιὶῖέὲῑ
2449 3604 2578 3675 milii
2610 3619 2858 3672 stimulus
2888 3614 3086 3674 carnis,
3111 3604 3325 3678 angelus
3352 3604 3591 3664 Satanw,

2088 3697 2178 3766 qui
2203 3711 2283 3748 me
2304 3693 2598 3762 colapliiset
2624 3690 2690 3743 ".
2717 3706 2736 3740 s

2095 3801 2347 3869 Quicum
2383 3800 2582 3870 pietate
2623 3796 2837 3853 educati
2866 3800 3014 3856 sunt,
3037 3798 3091 3843 et
3139 3788 3194 3843 in
3244 3782 3593 3841 meditatione

2015 3894 2338 3949 divinarum
2375 3890 2783 3960 Scripturarum
2829 3892 3135 3948 versantur,
3171 3896 3238 3935 ex
3268 3876 3400 3947 ipsis
3444 3873 3593 3928 Scri—

2014 3986 2190 4057 pturis
2213 3985 2505 4039 veritatem
2552 3982 2746 4037 ducem
2776 3986 3119 4033 mutuantur.
3163 3972 3242 4026 Ac
3272 3969 3447 4040 primo
3472 3964 3594 4036 qui-

2015 4079 2136 4135 dem
2168 4074 2458 4132 sciendum
2498 4072 2755 4143 Epistolas
2780 4071 2954 4141 ipsius
2982 4071 3383 4136 argumentum,
3405 4067 3458 4114 et
3481 4071 3593 4128 quo

2015 4179 2175 4241 pacto
2205 4170 2417 4240 scripta
2449 4166 2630 4222 fuerit.
2657 4163 2954 4234 Postquam
2987 4157 3361 4216 divinissimus
3390 4151 3594 4207 Paulus

2015 4263 2068 4319 in
2107 4264 2209 4318 hac
2235 4261 2475 4332 Epistola
2507 4258 2802 4330 praecipue,
2832 4270 2955 4311 cum
2978 4253 3145 4306 multa
3177 4262 3393 4318 passus,
3422 4244 3592 4299 multa

2014 4363 2272 4426 expertus
2301 4354 2443 4407 mala
2475 4361 2624 4407 esset
2655 4366 2687 4405 a
2720 4347 2965 4419 cognatis
3012 4352 3067 4399 et
3116 4358 3148 4397 a
3193 4336 3595 4396 contribuliltus

321 4440 669 4512 ἀγνωμόνων
711 4441 1000 4509 Ἰουδαίων,
1025 4438 1099 4497 ὧν
1127 4445 1280 4498 καλεί
1300 4444 1717 4516 ψευδαδέλφους,
1749 4448 1913 4502 ἃπαν-

2019 4441 2357 4511 ingratisque
2384 4438 2611 4502 Judaeis,
2643 4452 2784 4508 quos
2839 4435 3007 4491 falsos
3040 4436 3236 4490 fratres
3274 4435 3594 4498 nuncupat;

317 4552 394 4588 τα
425 4535 500 4587 τὰ
530 4533 815 4603 συμϐάντα
839 4534 987 4606 αὐτῷ
1014 4537 1438 4608 ἐμνημόνευσεν,
1471 4540 1563 4593 καὶ
1587 4541 1666 4604 είς
1694 4538 1789 4604 οὒς
1815 4540 1917 4612 τὴν

317 4626 500 4696 αὐτὴν
517 4625 835 4696 Ἐπιστολὴν
853 4626 1176 4690 ἐπιστέλλει,
1211 4628 1679 4698 Μραινεὶλέγαωο
1707 4628 1914 4695 Ἡδέως

318 4715 632 4783 ἀνέχεσθε
663 4713 782 4768 τῶν
812 4716 1091 4784 ἀφρόνων
1133 4718 1406 4786 φρόνιμοι
1439 4717 1639 4785 ὅντεςο
1682 4719 1778 4772 καὶ
1818 4719 1916 4771 ἐπ-

320 4807 493 4876 άγει·
553 4804 858 4874 ’Λνέχεσθε
896 4807 1065 4873 ὅστις
1093 4807 1249 4877 ὑμᾶς
1296 4807 1695 4873 καταδουλοῖ,
1744 4808 1913 4876 ὅστις

318 4895 656 4958 κατεσθίει,
697 4896 864 4963 ὅστις
893 4900 1326 4968 κατεπαίρετιιι,
1384 4899 1478 4953 καὶ
1507 4899 1578 4954 τὰ
1626 4899 1756 4970 ἑξῆς
1815 4901 1919 4971 τῆς

335 4986 672 5057 Ἐπιστολῆς
710 4988 1015 5053 ἀκολούθως
1069 4990 1436 5062 μνημονεύει,
1489 4991 1582 5045 καὶ
1630 4991 1700 5045 τὰ
1749 4990 1913 5044 αὑτοῦ

317 5083 541 5153 ἄπειρα
585 5079 728 5152 πάθη
760 5081 942 5146 αὐτοῖς
981 5082 1269 5155 διαγράφει
1309 5082 1515 5152 λέγων·
1581 5082 1678 5136 Ἐν
1705 5082 1916 5148 κόποις

318 5170 797 5244 περισσοτέρως,
839 5173 910 5226 ἐν
935 5174 1193 5240 πληγαῖς
1228 5174 1730 5243 ὑπερϐαλλόντως
1754 5189 1767 5205 ο
1823 5174 1916 5226 καὶ

314 5264 485 5331 αὖθις
523 5265 788 5335 προσάγει
810 5266 937 5331 τοὺς
956 5268 1315 5338 πειρασμοὺς,
1338 5268 1464 5331 τοὺς
1490 5267 1786 5338 λιθασμοίις
1821 5266 1915 5320 καὶ

320 5356 691 5428 ῥασδισμοὺς,
729 5355 796 5411 τὰ
816 5356 1069 5424 ναυάγια,
1100 5358 1227 5421 τοὺς
1247 5357 1544 5423 κινδύνους,
1567 5361 1694 5423 τοὺς
1716 5358 1918 5422 κόπους

319 5450 418 5503 καὶ
446 5444 709 5518 μόχθους,
745 5448 837 5500 καὶ
870 5447 1060 5518 λιμοὺς
1104 5450 1198 5501 καὶ
1222 5448 1392 5519 δίψεις
1414 5465 1429 5478 ’
1466 5450 1559 5503 καὶ
1591 5449 1806 5504 ἅπαντα
1844 5449 1921 5514 ὡς

319 5540 586 5607 γενναῖος
615 5537 853 5610 ἀθλητὴς
897 5539 1271 5615 ἐμνημόνευσε
1312 5540 1421 5593 τῶν
1460 5540 1624 5594 ίδίων.
1658 5542 1768 5594 Καὶ
1816 5541 1917 5594 οὐκ

2017 4534 2132 4588 lucc
2158 4532 2341 4587 omnia
2372 4547 2494 4602 quas
2543 4530 2648 4585 sibi
2682 4528 3015 4592 acciderant,
3064 4528 3153 4583 hic
3196 4534 3595 4581 commemora:

2016 4625 2126 4678 vit:
2158 4625 2409 4679 hortatur
2440 4638 2535 4678 eos
2561 4622 2760 4692 quibus
2789 4622 2905 4676 haec
2931 4620 3160 4690 epismla
3203 4616 3474 4685 dirigitur,
3503 4610 3596 4664 his

2017 4714 2237 4769 verbis:
2271 4712 2528 4767 Libenter
2558 4711 2795 4780 stt/fertis
2821 4711 3149 4779 insipientes,
3186 4722 3306 4760 cum
3343 4703 3462 4758 sitis
3490 4701 3592 4771 ipsi

2016 4807 2319 4875 sapientes;
2347 4813 2517 4875 atque
2542 4804 2770 4874 adjicit:
2805 4801 3114 4864 Sustinetis,
3163 4799 3210 4852 si
3259 4797 3375 4867 quis
3407 4810 3495 4848 vos
3539 4794 3596 4847 in

2018 4899 2321 4952 servitutem
2349 4898 2565 4967 redigit,
2612 4897 2661 4951 si
2717 4897 2834 4966 quis
2863 4896 3096 4959 devorat,
3132 4893 3178 4946 si
3213 4890 3331 4961 quis
3378 4886 3595 4942 extolli-

2020 5001 2108 5044 tur
2144 4990 2211 5057 ",
2244 5000 2300 5045 et
2323 5000 2521 5045 caetera
2569 4989 2625 5043 in
2675 4987 2916 5058 Epistola
2952 5000 3052 5042 sua
3081 4989 3481 5053 consequenter
3509 4994 3595 5034 re-

2018 5090 2225 5148 censet,
2259 5090 2426 5150 atque
2447 5080 2694 5135 inﬁnitas
2721 5094 2851 5134 suas
2896 5090 3172 5133 :erumnas
3193 5071 3453 5129 describit
3495 5070 3595 5125 hoc

2019 5181 2222 5243 pacto:
2256 5169 2326 5224 In
2356 5170 2631 5225 laboribus
2667 5168 2937 5240 plurimis,
2966 5170 3021 5221 in
3064 5166 3236 5236 plagis
3283 5178 3446 5231 supra
3483 5175 3595 5214 m0-

2020 5264 2149 5317 dum
2182 5263 2264 5329 7';
2298 5277 2605 5331 rursusque
2638 5258 2851 5330 profert
2887 5258 3243 5320 tentationes,
3276 5252 3514 5322 lapidum
3542 5258 3597 5305 et

2017 5354 2296 5425 virgarum
2355 5353 2643 5423 supplicia,
2678 5350 2985 5420 naufragia,
3033 5346 3306 5419 pericula,
3353 5342 3591 5404 labores,

2017 5462 2313 5512 aerumnas,
2348 5445 2758 5511 famem,sitim,
2790 5452 2953 5514 atque
2987 5452 3361 5512 utgenerosus
3391 5432 3595 5487 athleta

2030 5541 2097 5597 de
2120 5540 2375 5596 omnibus
2423 5555 2543 5610 qua:
2578 5539 2681 5594 sibi
2716 5538 3032 5592 acciderunt
3074 5531 3399 5588 mentionem
3439 5524 3593 5580 facit.

399 5724 450 5756 "
487 5721 615 5775 Act.
653 5737 729 5788 lii,
763 5721 847 5778 i8.
925 5724 970 5756 ⁷⁸
1006 5722 1177 5780 Rom.
1224 5740 1262 5789 ι,
1298 5724 1388 5781 25.
1470 5725 1512 5757 "
1541 5723 1584 5780 ll
1630 5723 1759 5782 Cor.
1797 5741 1893 5796 xu,

2052 5727 2097 5759 "
2133 5724 2176 5782 ll
2205 5725 2328 5782 Cor.
2368 5738 2443 5789 XI,
2477 5722 2561 5790 l9,
2592 5722 2683 5778 20.
2759 5722 2802 5754 ⁷⁸
2835 5718 2963 5775 ibid.
2997 5717 3087 5772 25.
