3990 6208
401 326 423 379 1
437 324 536 381 ιοτι

1324 322 1381 377 S.
1417 323 1788 382 ATllANASll
1832 322 1973 381 OPP.
2029 324 2206 382 PARS
2247 326 2321 383 ΙΙΙ.
2369 358 2427 373 -
2477 326 2883 385 EXEGETICA.

3518 326 3660 382 I608

410 441 521 498 Nec
553 441 620 497 iis
647 440 750 497 sibi
787 441 1025 513 propriis
1065 450 1389 509 contentus,
1432 444 1597 499 etiam
1629 460 1695 500 ea
1731 459 1986 515 quiec:-

2092 444 2333 516 ἠρκέσθη
2362 446 2455 500 ὲπὶ
2477 449 2589 510 τοῖς
2603 445 2792 511 αὐτοῦ,
2813 444 2948 500 ἀλλά
2970 444 3189 498 καὶτῶν
3211 444 3481 514 παρεκτὸς
3499 444 3663 515 ἐμνη-

404 532 676 590 ιίἱιιεεοιιε
706 534 1043 589 advenerunt
1087 545 1340 593 enarrat.
1403 536 1729 601 Quotidiano
1775 537 1978 592 sollici-

401 626 529 679 tudo
576 627 809 681 omnium
863 626 1229 682 Ecclesiarum
1253 628 1321 681 ⁸ο.
1379 629 1536 685 Unde
1577 629 1858 701 nunquam
1919 631 1974 686 in

405 718 741 774 conscientia
767 734 865 773 sua
915 719 1040 789 quis
1083 719 1502 787 inﬁrmabatur,
1553 724 1687 793 quin
1732 724 1848 794 ipse
1890 725 1976 779 in-

406 811 758 877 ﬁrmaretur,
816 827 927 867 non
973 812 1195 882 quidem
1246 828 1523 884 corpore,
1600 815 1694 871 sed
1756 815 1974 887 spiritu.

401 905 537 958 Cum
596 913 773 959 autem
820 920 1102 961 aerumnas
1153 907 1209 961 in
1281 907 1510 977 gloriam
1580 908 1685 964 sibi
1743 918 1978 966 verteret

401 995 595 1050 beatus
629 995 718 1048 ille
756 994 860 1060 vir,
914 995 1123 1051 aiebat:
1182 995 1421 1051 Gloriari
1465 1006 1603 1053 certe
1658 1014 1763 1053 non
1814 1015 1976 1070 opor-

411 1098 531 1155 tet,
580 1087 672 1142 sed
724 1086 788 1142 de
851 1087 1259 1158 infirmitatibus
1350 1091 1479 1145 meis
1545 1090 1819 1162 gloriabor
1887 1090 1978 1157 3‘,

406 1178 460 1234 id
495 1187 581 1234 est
606 1178 674 1233 de
717 1179 888 1234 variis
950 1179 1373 1237 tribulationum
1415 1197 1660 1237 mearum
1705 1182 1993 1253 passioni-

405 1271 530 1327 bus.
564 1270 931 1337 Quamobrem
961 1272 1096 1329 alibi
1126 1289 1347 1344 quoque
1378 1283 1438 1330 ut
1474 1276 1719 1346 optimus
1750 1277 1974 1341 athleta,

404 1364 500 1429 qui
550 1364 912 1421 immortalem
959 1365 1059 1422 Dei
1119 1366 1345 1437 gloriam
1396 1384 1511 1437 pra:
1548 1369 1722 1424 oculis
1774 1368 1973 1422 mentis

407 1456 636 1511 haberet
663 1464 717 1511 et
737 1460 1132 1524 consideraret,
1165 1460 1270 1516 ait:
1309 1459 1431 1515 Non
1467 1462 1607 1515 enim
1636 1470 1758 1516 sunt
1793 1460 1976 1516 condi—

378 1550 526 1619 "gna:
559 1552 830 1619 passiones
855 1551 1013 1620 hujus
1049 1554 1297 1622 temporis
1331 1553 1405 1606 ad
1436 1553 1673 1622 futuram
1709 1554 1935 1623 gloriam
1960 1591 1989 1615 ,.

404 1658 523 1712 qua:
554 1641 878 1697 revelabitur
918 1644 971 1698 in
1008 1643 1156 1699 nobis
1193 1646 1237 1678 ⁸¹
1264 1663 1277 1698 :
1308 1647 1436 1715 quia
1480 1660 1675 1716 nempe
1705 1644 1980 1700 divinissi-

403 1745 528 1787 mus
550 1732 640 1789 ille
665 1737 772 1801 vir,
807 1735 901 1804 qui
931 1750 1165 1804 superne
1187 1743 1430 1790 erectum
1467 1736 1688 1807 gerebat
1710 1735 1976 1800 animum,

2086 534 2342 606 μόνευσεν
2366 577 2381 603 ,
2449 538 2512 592 Ἠ
2571 535 2935 607 καθημερινὴ
2971 535 3227 606 μέριμνα
3272 534 3489 589 πασῶν
3539 535 3663 588 τῶν

2085 629 2482 699 Ἐκκλησιῶν.
2510 630 2673 684 Ὅθεν
2705 631 2801 683 καλ⁵
2850 631 2917 701 τῇ
2948 629 3247 699 συνειδήσει
3290 646 3375 691 τις
3414 627 3662 681 ἀσθενῶν

2085 720 2180 775 καὶ
2212 719 2372 785 αὐτὸς
2399 720 2637 790 ἠσθένει,
2662 722 2723 774 οὐ
2756 720 2991 791 σώματι,
3018 719 3154 773 ἀλλά
3176 720 3469 790 πνεύματι.
3504 719 3661 772 Καύ-

2082 830 2235 884 χημα
2272 813 2330 867 δὲ
2369 813 2507 885 ἔχων
2554 814 2654 879 τὰς
2682 812 2890 884 θλίψεις
2914 812 2942 866 6
2980 812 3248 884 μακάριος
3274 812 3482 881 ἔλεγεψ
3504 815 3662 865 Καυ-

2080 904 2306 975 χᾶσθαι
2344 903 2420 974 δὴ
2467 908 2539 961 οὐ
2584 905 2876 974 συμφέρει
2900 921 3022 974 μοι,
3056 904 3218 959 ἀλλὰ
3243 904 3318 958 τὰ
3340 903 3451 971 τῆς
3480 903 3663 958 ἀσθε-

2082 999 2248 1065 νείας
2279 1014 2399 1068 μου
2448 997 2866 1067 καυχήσομαι⁸
2899 997 3066 1068 ἤγουν
3118 997 3189 1050 τὰ
3233 983 3342 1049 τῶν
3384 994 3661 1065 διαφόρων

2084 1089 2315 1161 θλίψεών
2334 1108 2434 1159 μου
2465 1090 2633 1160 πάθη.
2658 1088 2749 1143 At?)
2771 1090 2866 1143 καὶ
2884 1088 3134 1161 ἑτέρωθι,
3155 1088 3231 1152 ὡς
3254 1088 3475 1159 ἄριστος
3492 1087 3661 1156 ἀθλη-

2078 1184 2181 1255 τὴς
2201 1185 2295 1238 καὶ
2324 1184 2424 1256 τὴν
2456 1184 2733 1254 ἀκήρατον
2762 1182 2918 1247 δόξαν
2954 1178 3050 1235 τοῦ
3086 1178 3221 1235 Θεοῦ
3258 1183 3370 1245 τοῖς
3414 1181 3517 1251 τῆς
3539 1181 3661 1234 δια-

2083 1275 2232 1338 νοίας
2264 1274 2560 1346 ὀφθαλμοῖς
2586 1274 2884 1339 κατανοῶν,
2916 1274 3097 1343 λέγει·
3137 1274 3224 1327 Οὐ
3266 1271 3378 1341 τὰρ
3403 1270 3547 1335 ἄξια
3587 1271 3663 1325 τὰ

2083 1365 2399 1436 παθήματα
2426 1367 2532 1422 τοῦ
2560 1367 2678 1422 νῦν
2722 1367 2927 1436 καιροῦ
2961 1364 3112 1434 πρὸς
3152 1362 3268 1432 τὴν
3300 1364 3663 1433 μέλλουσαν

2083 1457 2274 1523 δόξαν
2301 1458 2805 1528 ἀποκαλυφθῆναι
2837 1461 2925 1524 είς
2952 1456 3110 1527 ἡμᾶς
3132 1473 3145 1487 ·
3179 1459 3365 1530 ἐπειδὴ
3387 1497 3401 1520 ,
3428 1456 3508 1520 ὡς
3533 1472 3660 1526 τερ-

2085 1547 2193 1602 πνὰ
2219 1548 2530 1620 ὀρφίσματα
2556 1550 2584 1603 ὁ
2605 1547 2879 1610 θειότατος
2901 1546 3039 1618 ἀνὴρ
3073 1544 3163 1600 καὶ
3181 1547 3292 1601 ἀνω
3318 1546 3379 1600 τὸ
3406 1544 3662 1617 φρόνημα

2085 1657 2252 1710 κεκτη
2263 1638 2442 1710 μένος,
2480 1640 2694 1694 ἅπαντα
2721 1638 2793 1692 τὰ
2819 1638 3148 1710 κολαστήρια
3173 1637 3466 1706 ἐλογίζετο.
3497 1631 3661 1700 Αὖθις

2085 1731 2458 1803 ἐμνημόνευσε
2514 1730 2611 1803 τὴν
2651 1730 3127 1801 ἀποκαλυφθεῖσαν
3175 1730 3326 1800 αὐτῷ
3372 1728 3656 1793 ὀπτασίαν,

402 1824 590 1879 omnia
653 1826 921 1896 supplicia
984 1842 1082 1882 ceu
1143 1826 1522 1883 delectabilem
1570 1835 1894 1882 concentum
1928 1814 1984 1880 et

2092 1824 2179 1877 καὶ
2232 1825 2489 1895 ἁρπαγὴν
2535 1825 2614 1887 είς
2636 1824 2729 1876 τὸν
2792 1823 3154 1896 παράδεισον,
3203 1822 3297 1876 καὶ
3347 1821 3418 1875 τά
3446 1820 3659 1893 ἄρρητα

406 1914 751 1971 harmoniam
789 1918 1097 1987 reputabat.
1144 1916 1497 1990 Rursumque
1550 1919 1818 1974 visionem
1875 1917 1980 1973 sibi

405 2004 709 2062 immissam
747 2018 801 2063 ct
835 2010 1096 2075 oblatam,
1122 2021 1337 2079 raptum
1375 2010 1429 2064 in
1467 2010 1782 2080 paradisum
1814 2018 1868 2064 et
1893 2024 1983 2063 ar-

406 2113 547 2153 cana
586 2100 673 2153 illa
698 2101 863 2154 verba
893 2110 1182 2157 memorat.
1222 2101 1615 2167 Quamobrem,
1664 2111 1847 2172 utpote
1887 2100 1982 2171 qui

407 2188 576 2242 nollet
609 2187 677 2242 de
707 2190 889 2258 seipso
919 2190 1166 2260 gloriari,
1191 2191 1298 2244 ait:
1331 2190 1402 2243 De
1429 2192 1626 2260 mei‘pso
1653 2208 1755 2245 non
1781 2190 1984 2262 gloria-

407 2280 522 2342 bor,
566 2280 670 2333 nisi
700 2280 755 2333 in
790 2281 1190 2350 inﬁrmitatibus
1216 2283 1348 2354 meis
1377 2283 1443 2346 ⁸³,
1491 2298 1554 2338 ac
1587 2284 1632 2339 si
1667 2284 1892 2348 diceret,
1928 2284 1983 2338 in

2081 1915 2265 1967 ἐκεῖνα
2304 1916 2553 1985 ῥήματαο
2608 1912 2749 1977 ὅθεν,
2788 1914 2864 1978 ὡς
2902 1914 2974 1984 μὴ
3008 1912 3327 1984 βουλόμενος
3354 1912 3424 1966 δι’
3466 1913 3656 1966 ἑαυτοῦ

2082 2004 2480 2078 καυχήσασθαι,
2522 2005 2658 2076 ἔφη’
2708 2004 2887 2074 ’Υπὲρ
2934 2004 3003 2059 δὲ
3046 2005 3303 2076 ἐμαυτοῦ
3333 2008 3407 2059 οὑ
3433 2003 3659 2074 multi-

2081 2113 2282 2166 σομαι,
2314 2099 2367 2150 εὶ
2386 2096 2473 2167 μὴ
2495 2097 2564 2150 ἐν
2587 2096 2716 2166 ταῖς
2733 2098 3075 2165 ἀσθενείαις
3090 2115 3208 2168 μου
3226 2114 3240 2128 ·
3262 2098 3426 2151 οἱονεὶ
3453 2098 3513 2150 ὲν
3541 2101 3658 2160 ταῖς

2084 2186 2294 2258 θλίψεσί
2339 2206 2442 2260 μου
2480 2188 2577 2243 καῖέ
2600 2188 2667 2244 τά
2722 2190 2870 2262 πάθη
2928 2209 3049 2262 μου.
3107 2190 3215 2246 Καὶ
3239 2188 3313 2258 τῇ
3351 2189 3658 2258 ὑπερϐολῇ

2083 2280 2202 2335 τῶν
2252 2282 2714 2350 ἀποκαλύψεων,
2741 2284 2840 2337 ἵνα
2863 2284 2950 2355 μῆ
3001 2285 3400 2353 ὑπεραίρωμαι
3426 2326 3442 2351 ,
3484 2281 3657 2350 ἐδόθη

408 2370 856 2427 tribulationibus
883 2380 935 2425 et
965 2371 1321 2442 passionibus
1355 2372 1513 2428 meis.
1549 2372 1617 2428 Et
1666 2390 1728 2427 ne
1776 2375 2001 2445 magni-

2092 2390 2179 2439 μοι
2206 2374 2454 2443 σκόλοψ-
2477 2372 2557 2443 τῇ
2575 2375 2775 2442 σαρκὶ,
2800 2375 2963 2447 ἠγουν
2984 2374 3257 2447 ἐμπόδιον,
3289 2376 3378 2429 ἵνα
3399 2374 3472 2446 μὴ
3493 2373 3660 2444 ὑψαυ-

408 2461 534 2515 tudo
567 2462 943 2516 revelationum
968 2463 1189 2517 extollat
1220 2480 1322 2530 me,
1346 2464 1505 2518 (latus
1530 2476 1605 2518 est
1642 2464 1773 2518 mihi
1794 2466 1996 2519 stimu-

408 2554 490 2608 lus
514 2556 691 2608 carnis
716 2556 783 2623 ⁸⁵,
807 2556 1018 2611 scilicet
1050 2556 1500 2626 impedimentum
1534 2572 1603 2610 ne
1636 2557 1836 2612 erectis
1866 2570 1985 2611 cer-

409 2646 623 2701 vicibus
645 2647 898 2710 extollar,
926 2647 1144 2717 angelus
1170 2647 1408 2713 Satanae,
1435 2650 1529 2718 qui
1553 2664 1634 2702 me
1670 2648 1985 2715 colapltizett

411 2737 578 2793 Satan
610 2739 915 2809 explicatur
939 2740 1297 2793 adversarius.
1325 2738 1556 2806 Quidam
1577 2740 1722 2793 enim
1751 2738 1811 2792 Β.
1849 2740 1988 2794 Pau-

410 2832 464 2884 lo
507 2832 562 2884 in
602 2831 985 2901 praedicatione
1038 2832 1415 2897 obsistebant,
1466 2833 1756 2902 ipsumque
1805 2833 1994 2901 gravia

412 2921 514 2978 bus
566 2922 815 2994 ﬂagellis,
869 2924 1166 2994 multisque
1212 2925 1491 2979 atrocibus
1547 2925 1728 2995 poenis
1781 2923 1998 2995 efﬂiges

413 3014 547 3069 bant.
583 3030 681 3070 ceu
716 3016 849 3087 legis
906 3016 1308 3084 adversarium,
1356 3034 1466 3073 non
1516 3019 1876 3073 concedentes
1931 3026 1999 3072 ut;

413 3111 677 3167 doctrina:
707 3113 935 3168 verbum
971 3115 1121 3169 clare
1150 3115 1492 3184 praedicaret.
1542 3110 1655 3170 Hos
1687 3114 1853 3183 igitur
1901 3114 1984 3168 di»

2084 2463 2256 2534 χενῶν
2288 2465 2554 2536 αἴρωμαι,
2587 2464 2842 2537 ἅγγελος
2867 2466 3084 2532 Σατᾶν,
3115 2468 3215 2523 ἵνα
3243 2485 3319 2538 με
3348 2466 3654 2536 κολαφίζῃ.

2085 2556 2263 2610 Σατᾶν
2309 2557 2674 2629 ἑρμηνεύεται
2707 2559 3140 2630 ἀντικείμενος·
3198 2560 3511 2614 ἀντέκειντο
3554 2557 3657 2627 γὰρ

2084 2652 2149 2722 τῇ
2185 2649 2412 2723 κηρύξει
2446 2651 2525 2723 τῷ
2566 2651 2817 2724 μακαρίῳ
2874 2652 3073 2724 Παύλῳ
3101 2653 3267 2717 τινὲς,
3314 2654 3409 2706 καὶ
3445 2649 3657 2722 μάστιξι

2086 2739 2278 2806 δεινοῖς
2305 2743 2407 2796 ml;
2420 2743 2636 2808 πολλοῖς
2658 2745 2847 2808 κακοῖς
2871 2743 3248 2815 κολαστηρίοις
3262 2743 3450 2797 τοῦτον
3477 2743 3553 2805 ὡς
3568 2739 3657 2794 τοῦ

2086 2833 2251 2905 νόμου
2281 2834 2570 2889 ἀντίπαλον
2606 2835 2935 2888 κατεπόνουν
2954 2876 2970 2901 ,
3009 2836 3083 2907 μὴ
3117 2833 3545 2907 συγχωρούντων
3573 2848 3661 2886 τον

2087 2925 2184 2997 τῆς
2205 2925 2551 2991 διδασκαλίας
2571 2928 2727 2996 λόγον
2745 2928 2926 2997 σαφῶς
2950 2947 3018 3001 κη
3029 2928 3203 3000 ρύξαι,
3230 2928 3466 2992 Τούτους
3489 2928 3661 2980 τοίνυν

2088 3020 2116 3072 6
2136 3017 2280 3082 θεῖος
2306 3020 2601 3084 ἀπόστολος
2633 3019 2948 3075 ὑποϐάλλων
2976 3021 3050 3085 ὡς
3097 3022 3247 3084 υἱοὺς
3288 3021 3536 3074 διαϐόλου
3568 3023 3661 3076 2a-

2092 3112 2191 3165 τᾶν
2232 3112 2508 3181 ὀνομάζει.
2540 3111 2631 3164 Διδ
2672 3112 2746 3183 δὴ,
2784 3113 2879 3166 ml.
2915 3114 2942 3165 6
2971 3112 3076 3167 τῶν
3110 3112 3423 3166 ἀποστόλων
3456 3113 3661 3184 πρωτό-

415 3205 574 3261 vinus
602 3206 897 3275 Apostolus
928 3177 1262 3277 deprimens,
1301 3224 1399 3263 ceu
1427 3208 1568 3262 ﬁlios
1593 3208 1792 3262 diaboli
1821 3207 1988 3261 Satan

2095 3192 2281 3274 θρονος
2301 3177 2530 3273 Πέτρος,
2561 3203 2637 3266 ὥς
2668 3177 2735 3275 τῇ
2767 3204 3084 3258 διδασκάλου
3113 3203 3302 3276 γνώμῃ
3359 3177 3663 3275 ἀντικείμε-

415 3308 591 3354 vocat.
631 3297 830 3353 Eadem
876 3298 944 3352 de
993 3315 1162 3355 causa
1204 3301 1299 3369 qui
1335 3300 1574 3369 primum
1621 3298 1992 3370 apostolorum

415 3394 675 3445 thronum
724 3393 1012 3461 occupavit
1071 3390 1305 3456 Petrus,
1352 3401 1412 3447 ut
1468 3392 1564 3462 qui
1625 3393 1870 3462 magistri
1908 3391 1993 3446 sui

417 3483 701 3537 sententia:
730 3484 1115 3539 adversaretur
1140 3524 1154 3547 ,
1187 3493 1240 3537 et
1273 3483 1592 3551 neutiquam
1628 3482 1814 3535 divina
1848 3523 1864 3548 ,
1902 3482 1994 3536 scd

418 3572 658 3626 humana
694 3574 874 3627 solum
904 3581 1143 3641 saperet,
1179 3571 1346 3626 Satan
1377 3572 1445 3626 ab
1472 3572 1592 3641 ipso
1626 3569 1858 3625 Domino
1890 3587 1989 3625 vo-

418 3668 574 3713 catus
601 3668 708 3726 est,
741 3661 826 3714 his
856 3661 1037 3714 verbis
1068 3679 1080 3714 :
1136 3658 1277 3713 Vade
1318 3671 1459 3714 retro
1484 3677 1585 3723 me,
1613 3658 1788 3714 Satan
1812 3660 1894 3726 ";
1944 3659 1996 3714 id

418 3759 523 3815 est,
559 3751 884 3808 Adversaris
914 3752 1109 3808 divina:
1140 3768 1204 3807 ac
1245 3753 1472 3807 salutari
1530 3753 1814 3807 sententia:
1841 3767 1994 3817 meaz,

422 3845 549 3913 quia
578 3846 759 3914 passio
805 3861 925 3900 mea
956 3860 1304 3900 communem
1351 3844 1559 3898 mundo
1589 3845 1820 3899 salutem
1859 3844 1994 3898 alla-

423 3946 545 3990 tura
576 3946 680 3991 est.
713 3937 849 3992 Cum
886 3938 1053 4009 igitur
1084 3948 1167 3993 ter
1199 3938 1386 3992 eadem
1413 3938 1480 3992 de
1507 3953 1675 3992 causa
1702 3936 1993 3992 Dominum

422 4028 625 4082 Paulus
653 4037 917 4098 rogasset,
948 4028 1024 4082 ait
1047 4028 1160 4082 illi:
1198 4026 1403 4097 Sufﬁcit
1433 4028 1528 4081 tibi
1567 4028 1743 4097 gratio
1780 4043 1896 4080 mea
1931 4027 2007 4080 '°..

425 4118 636 4175 Suﬂicit
667 4121 762 4174 tibi
798 4130 857 4176 ut
877 4136 976 4177 vas
999 4121 1285 4176 electionis
1316 4121 1438 4183 tias,
1461 4132 1521 4174 ut
1540 4118 1731 4190 praeco
1753 4120 1998 4174 omnium

424 4211 794 4269 Ecclesiarum
830 4213 1208 4279 constituaris,
1268 4221 1329 4267 ut
1382 4228 1555 4282 usque
1593 4213 1659 4267 ad
1710 4213 1910 4266 caelum
1948 4220 2003 4267 et

426 4304 493 4360 ad
522 4306 860 4375 paradisum,
888 4305 1067 4361 adhuc
1101 4306 1154 4359 in
1209 4320 1376 4360 carne
1410 4304 1619 4369 vivens,
1658 4304 1911 4372 rapiaris.
1945 4311 2009 4356 ut;

428 4397 815 4452 revelationem
852 4397 1277 4469 mysteriorum,
1312 4412 1435 4466 qua:
1470 4412 1578 4450 nou
1612 4396 1702 4449 hic
1752 4396 1903 4449 etiari
1936 4395 2003 4447 li-

2093 3312 2201 3360 νος,
2234 3297 2328 3349 καὶ
2359 3296 2433 3366 μὴ
2475 3294 2543 3348 τὰ
2579 3295 2730 3361 θεῖα,
2782 3295 2918 3350 ἀλλά
2966 3297 3034 3350 τά
3069 3296 3385 3368 ἀνθρώπινα
3434 3296 3654 3367 φρονῶν.

2095 3387 2271 3439 Σατᾶν
2302 3388 2465 3440 αὐτὸν
2485 3389 2513 3441 6
2537 3387 2745 3459 Κύριος
2796 3388 3166 3460 προηγόρευσε
3213 3387 3415 3458 λέγων·
3442 3390 3656 3458 ’Υπατε

2096 3477 2286 3530 ὀπίσω
2313 3497 2454 3547 μου,
2474 3480 2671 3534 Σατᾶν
2697 3497 2710 3510 ⁸
2739 3479 2927 3551 ἦγουν,
2974 3480 3299 3533 Ἀντίκεισαι
3323 3483 3392 3551 τῇ
3426 3479 3541 3551 θείᾳ⁸
3567 3478 3661 3533 καλ

2098 3586 2241 3640 σωτη
2252 3568 2430 3640 ριώδει
2456 3570 2647 3643 γνώμῃ
2686 3588 2789 3643 μου
2809 3588 2822 3601 '
2857 3571 3046 3642 ἐπειδὴ
3064 3573 3125 3624 τὸ
3152 3571 3323 3636 πάθος
3353 3589 3454 3642 μου
3485 3571 3669 3640 κοινὴν

2100 3662 2373 3732 σωτηρίαν
2415 3666 2480 3733 τῇ
2531 3664 2825 3737 οἰκουμένῃ
2858 3663 3043 3733 μέλλει
3071 3663 3424 3734 ἐργάσασθαι.
3467 3663 3558 3726 Ὧς
3583 3658 3667 3715 οὖν

2097 3754 2331 3826 τρισσῶς
2353 3754 2445 3808 τὸν
2469 3754 2673 3827 Κύριον
2700 3757 2828 3826 περὶ
2849 3755 3041 3809 τούτου
3074 3755 3459 3828 παρακαλέσας
3476 3796 3492 3819 ,
3525 3754 3669 3825 εἰρή-

2098 3863 2183 3899 κει
2209 3845 2357 3916 αὐτῷ
2376 3862 2389 3875 °
2443 3845 2631 3915 Ἀρκεῖ
2654 3861 2755 3899 σοι
2778 3847 2815 3913 ἠ
2843 3845 3014 3914 χάρις
3032 3863 3172 3915 μου.
3227 3846 3410 3916 Ἀρκεῖ
3455 3860 3542 3896 σοι
3590 3842 3671 3895 ἵνα

2102 3936 2297 4000 σκεῦος
2324 3937 2555 4008 ἐκλογῆς
2582 3939 2810 4008 γενήσῃ,
2847 3938 2934 3991 ἵνα
2961 3940 3143 4009 ῥήτωρ
3185 3937 3292 3991 τῶν
3338 3934 3672 4007 Ἐκκλησιῶν

2100 4028 2505 4101 κατασταθήσῃ,
2548 4029 2634 4082 ἵνα
2668 4029 2829 4101 μέχρι
2855 4029 2943 4082 τὸν
2969 4029 3196 4102 οὐρανὸν
3225 4030 3317 4084 καὶ
3349 4027 3673 4099 παράδεισον

2101 4121 2360 4192 ἀρπαγῇς
2391 4119 2471 4172 ἔτι
2510 4117 2617 4184 ζῶν
2642 4120 2699 4173 ὲν
2733 4119 2809 4190 τῷ
2848 4119 3078 4191 σαρκίῳ,
3107 4121 3190 4173 ἵνα
3211 4119 3309 4192 τὴν
3336 4118 3674 4187 ἀποκάλυψιν

2100 4212 2207 4266 τῶν
2260 4213 2517 4285 ἀρρήτων
2571 4213 2884 4284 μυστηρίων
2917 4214 3009 4267 καὶ
3064 4213 3134 4267 τὰ
3174 4214 3281 4268 τῶν
3342 4211 3678 4281 ἐπουρανίων

2102 4305 2395 4377 ταγμάτων
2420 4304 2558 4378 ὑπὲρ
2582 4307 2764 4358 πᾶσαν
2789 4305 3038 4375 γλῶσσαν
3064 4304 3310 4379 βροτείαν
3337 4305 3565 4378 λαλήσῃ,
3590 4304 3677 4356 ἵνα

2105 4400 2320 4470 πλήρης
2353 4398 2503 4460 θείας
2526 4398 2741 4467 σοφίας,
2775 4399 2869 4452 καὶ
2903 4396 3217 4471 Πνεύματος
3266 4399 3420 4468 ἁγίου
3465 4396 3677 4468 ἐμπλη-

430 4497 538 4553 cct,
574 4498 629 4542 et
652 4503 775 4557 quae
808 4489 1062 4543 cmlestes
1092 4489 1314 4543 ordines
1364 4495 1614 4557 spectant
1636 4502 1868 4556 quaeque
1902 4487 2002 4539 hu-

2111 4489 2305 4560 σθήσῃ,
2330 4488 2417 4539 ἵνα
2450 4487 2817 4561 συγκάθεδρος
2844 4489 2952 4542 τῶν
2992 4488 3325 4560 συμμυστῶν
3369 4486 3677 4541 ἀποστόλων

428 4594 648 4634 manam
679 4595 899 4634 omnem
959 4580 1200 4651 linguam
1247 4588 1601 4651 exsuperant,
1636 4572 1916 4648 eloquare,
1948 4587 2006 4632 ut

429 4671 623 4742 plenus
650 4671 834 4726 divina
885 4672 1153 4742 sapientia
1185 4710 1199 4734 ,
1236 4673 1367 4727 item
1418 4670 1625 4742 Spiritu
1680 4679 1874 4725 sancto
1920 4686 2000 4724 re-

429 4764 635 4834 pleare,
676 4772 731 4817 et
776 4777 927 4835 cum.
952 4764 1268 4834 symmystis
1314 4764 1425 4817 tuis
1478 4761 1741 4832 apostolis
1778 4777 1887 4815 una
1922 4776 2012 4816 se-

431 4857 585 4911 deas.
616 4855 905 4912 Sutiiciunt
939 4858 1035 4912 tibi
1072 4858 1188 4913 haec
1244 4866 1297 4911 ct
1332 4859 1530 4911 similia
1561 4874 1591 4910 a
1624 4871 1710 4909 me
1747 4854 1843 4908 tihi
1881 4855 2018 4909 datas

433 4964 682 5015 munera,
718 4946 862 5003 Nam
883 4952 1047 5004 virtus
1072 4966 1186 5003 mea
1214 4951 1269 5003 in
1303 4950 1614 5018 inﬁrmitate
1642 4949 1918 5017 per/icitur
1938 4946 2016 5013 ﬂ;.

435 5041 489 5094 in
528 5041 845 5097 inﬁrmitate
875 5043 1084 5098 scilicet
1116 5057 1223 5102 non
1268 5042 1514 5111 corporis
1546 5042 1629 5095 vel
1670 5043 1885 5104 animm,
1915 5039 2010 5095 sed

436 5135 503 5188 de
540 5134 1010 5201 tribulationibus,
1044 5137 1161 5192 sive
1217 5137 1282 5190 de
1321 5136 1720 5191 tentationihns
1747 5134 2015 5204 loquitur.

444 5226 579 5282 Nam
609 5230 703 5299 qui
735 5230 900 5284 animi
930 5229 1234 5285 inﬁrmitati
1269 5230 1540 5284 obnoxius
1564 5237 1731 5290 esset,
1762 5227 1853 5297 qui
1880 5241 2012 5296 pos~

440 5327 524 5375 set
557 5319 726 5374 animi
764 5320 1113 5389 aegritudines
1163 5319 1394 5373 aliorum
1445 5317 1671 5373 curare?
1705 5316 1824 5386 lpsc
1853 5330 2008 5370 nam-

2108 4581 2333 4650 γενήσῃ.
2377 4578 2565 4647 Ἀρκεῖ
2592 4594 2675 4631 σοι
2703 4580 2769 4634 τὰ
2796 4580 3016 4635 δοθέντα
3051 4596 3133 4633 σοι
3182 4578 3355 4633 ταῦτα
3384 4581 3472 4632 καὶ
3502 4594 3681 4648 παρα-

2109 4672 2313 4742 πλήσια
2372 4671 2502 4739 παρ’
2550 4670 2687 4741 ἐμοῦ
2757 4673 3072 4745 χαρίσματα
3097 4689 3109 4702 ·
3158 4671 3219 4726 Ἠ
3260 4674 3373 4741 τὰρ
3428 4669 3684 4738 δύναμίς

2108 4787 2224 4839 μου
2279 4768 2348 4823 ἐν
2376 4769 2661 4835 ἀσθενείᾳ
2693 4766 3050 4823 τελειοῦται·
3090 4764 3393 4828 ἀσθένειαν,
3420 4762 3581 4834 φημὶ,
3617 4764 3684 4815 οὐ

2113 4862 2210 4932 τὴν
2230 4861 2323 4914 τοῦ
2356 4859 2627 4931 σώματος,
2663 4859 2799 4914 ἀλλὰ
2827 4860 2924 4923 τὰς
2947 4859 3176 4929 θλίψεις,
3195 4855 3323 4921 τοὺς
3345 4856 3689 4928 πειρασμοὺς

2108 4949 2275 5019 λέγει.
2318 4950 2376 5003 'U
2407 4949 2516 5021 γὰρ
2539 4948 2791 5020 ἀσθενείᾳ
2819 4946 3024 5018 ψυχικῇ
3051 4943 3405 5016 ὑποκείμενος
3430 4942 3545 5005 πῶς
3571 4940 3693 4993 ἐτέ-

2114 5057 2225 5112 ροις
2252 5039 2321 5093 τὰ
2352 5039 2559 5111 ψυχικά
2589 5038 2888 5110 παθήματα
2924 5039 3070 5091 idem
3096 5034 3348 5100 δύναται;
3379 5033 3550 5096 Αὐτὸς
3577 5030 3693 5103 γὰρ

2109 5134 2138 5185 ὁ
2163 5131 2304 5196 θεῖος
2337 5131 2657 5194 Ἀπὸστολος
2681 5130 2921 5201 εἴρηκεν·
2945 5131 3124 5183 Ὅταν
3147 5126 3401 5190 ἀσθενῶ,
3429 5127 3562 5180 τότε
3585 5122 3694 5177 δυ-

2111 5226 2259 5279 νατό
2263 5246 2293 5291 ς
2306 5226 2421 5293 εἰμι
2431 5263 2443 5284 ,
2465 5222 2735 5284 τουτέστι,
2753 5221 3191 5276 ὃτανάσθενῶσιν
3204 5222 3253 5275 oi
3272 5217 3492 5291 πονηροὶ
3504 5217 3689 5283 λογισ-

2120 5315 2210 5385 μοὶ
2229 5313 2337 5365 τῶν
2353 5312 2538 5366 παθῶν
2558 5315 2616 5364 ἐν
2629 5312 2770 5382 ἐμοὶ,
2792 5312 2914 5365 τότε
2929 5312 3150 5374 δυνατός
3169 5313 3284 5381 είμι
3301 5309 3380 5380 τῷ
3399 5307 3527 5362 πνεύ
3536 5324 3693 5377 ματι.

438 5429 545 5482 que
590 5414 809 5470 divinus
851 5415 1146 5484 Apostolus
1200 5413 1378 5469 dixit:
1408 5412 1541 5467 Cum
1584 5412 1847 5480 inﬁrmor,
1894 5422 2016 5464 tunc
2064 5419 2245 5479 potens
2286 5424 2403 5462 sum
2429 5406 2498 5474 ⁸⁸,
2533 5407 2639 5462 hoc
2671 5414 2755 5461 est
2797 5422 2920 5461 cum
2978 5407 3323 5460 intirmantur
3351 5404 3405 5457 in
3454 5419 3539 5456 me
3565 5416 3699 5470 pra-

438 5519 520 5558 va:
549 5503 906 5573 cogitationes
923 5503 1262 5572 passionum,
1285 5517 1415 5556 tunc
1431 5502 1622 5572 spiritu
1650 5512 1841 5573 potens
1873 5516 2015 5557 sum.

514 5682 561 5750 ³⁶ξ
590 5681 632 5750 ll
673 5681 802 5734 Cor.
846 5698 923 5744 si,
972 5682 1063 5735 ‘28.
1140 5682 1180 5713 ⁸¹
1225 5680 1355 5735 ibid.
1391 5680 1479 5733 50.
1557 5679 1784 5737 “Rom.
1828 5681 2002 5750 vth

2138 5677 2186 5713 ⁸³
2213 5674 2255 5733 ll
2273 5669 2411 5732 Cor.
2467 5690 2566 5743 xu,
2602 5674 2655 5730 5.

424 5748 930 5865 Eusenos.
1005 5753 1053 5784 δτι
1092 5752 1221 5808 ibid.
1289 5753 1333 5783 εει
1359 5750 1488 5807 ibid.
1529 5751 1613 5806 t0.

2764 5675 2827 5708 "‘
2857 5672 3068 5731 ibid..7.
3147 5674 3191 5705 ”
3215 5671 3400 5728 Matth.
3456 5685 3565 5739 XVI,
3599 5668 3699 5726 25.
