1938 3053
117 221 1731 252 ﬂ

720 356 1125 414 ADMONlTlO

208 519 272 564 IN
307 518 672 573 SEQUENTEM
711 518 786 563 AD
821 518 1257 563 MARCELLINUM
1298 519 1635 566 EPISTOLAM

547 661 601 692 DE
626 659 1008 692 INTERPRETATIONE
1037 659 1297 691 PSALMORUM.

631 789 703 822 (Opp.
718 789 743 814 S.
760 789 850 814 Athan.
862 790 903 814 ed.
924 788 1013 815 Venet.
1036 789 1106 821 l'l'l'l,
1118 792 1135 814 t.
1160 788 1214 820 IIl.)

903 923 935 930 ...-

143 1044 244 1073 Τειιιιι
258 1043 370 1074 Gnaeus
386 1049 511 1080 sumptus
524 1048 566 1073 est
579 1051 612 1072 ex
628 1043 831 1080 Prolegomenis
852 1045 918 1073 tomi
936 1044 968 1072 IV
989 1045 1095 1074 Veteris
1109 1045 1275 1074 Testamenti
1288 1046 1367 1082 juxta
1384 1046 1537 1075 versionem
1559 1048 1731 1084 septuaginta

104 1093 298 1129 Interpretum,
313 1101 396 1129 quam
408 1100 441 1120 ex
456 1092 549 1120 codice
565 1092 750 1120 Alexandrino
767 1097 893 1121 accurate
907 1093 991 1121 edidit
1006 1093 1127 1122 Joannes
1141 1095 1274 1122 Ernestus
1290 1094 1390 1127 Grabe,
1408 1094 1456 1130 qui
1471 1095 1541 1123 inter
1554 1095 1607 1123 alia
1627 1096 1684 1124 haec
1696 1096 1731 1123 de

105 1143 200 1170 eadem
216 1142 331 1177 epistola
343 1141 489 1170 admonet:
511 1140 642 1169 Cteterum
665 1142 725 1168 licet
737 1143 764 1170 in
778 1143 899 1178 pluribus
920 1142 950 1170 S.
969 1143 1112 1170 Athanasii
1129 1142 1298 1177 editionibus,
1322 1151 1353 1170 ac
1373 1143 1400 1170 in
1420 1147 1552 1177 postrema
1568 1144 1728 1172 celeberrimi

106 1190 302 1225 )lontfauconi,
319 1191 434 1218 omnium
449 1189 558 1225 optima,
574 1194 637 1217 tam.
651 1189 677 1222 1,
691 1196 759 1225 part.
775 1199 806 1224 ιι,
823 1199 884 1227 pag.
899 1192 953 1220 982
971 1200 1053 1227 usque
1073 1191 1153 1224 1005,
1168 1191 1218 1219 iste
1229 1192 1263 1219 ad
1280 1191 1468 1218 Marcellinum
1481 1191 1585 1219 libellus
1598 1192 1687 1220 Grtzce
1699 1201 1730 1220 ar

105 1239 201 1266 Latine
216 1239 251 1265 sit
264 1247 396 1272 caucasus;
414 1247 473 1266 eum
500 1242 587 1265 tamen
601 1238 629 1264 in
652 1239 843 1274 antiquissimis
866 1247 896 1266 ac
920 1238 949 1268 S.
974 1239 1053 1266 Patri
1075 1239 1128 1274 fere
1148 1240 1241 1266 cowvis
1262 1239 1420 1266 membranis
1434 1240 1530 1267 nostris
1548 1239 1619 1267 haud
1633 1248 1728 1275 parun.

105 1286 289 1312 correctiorem
301 1292 334 1312 ac
345 1284 499 1319 pleniorem,
514 1292 544 1314 ut
555 1287 699 1323 conferenti
706 1287 816 1322 patebit,
831 1287 873 1314 hic
884 1287 969 1314 denuo
979 1286 1054 1314 edere
1065 1286 1176 1322 placuit,
1186 1286 1281 1321 absque
1289 1285 1387 1313 Latina
1398 1292 1484 1314 tamen
1493 1288 1619 1315 versione.
1633 1288 1729 1316 Vel-sio

106 1334 188 1369 igitur
206 1333 301 1361 Latina
320 1338 427 1370 sumpta
440 1342 455 1361 a
469 1342 513 1363 me
529 1340 570 1364 est
590 1343 624 1363 ex
639 1335 746 1363 laudata
765 1335 855 1364 Patris
871 1334 1057 1363 Montl‘auconi
1071 1335 1190 1362 editione
1204 1334 1322 1369 Operum
1342 1333 1370 1361 S.
1388 1333 1544 1366 Athanasii;
1569 1333 1602 1360 ad
1628 1338 1728 1361 textum

105 1385 197 1408 autem
213 1380 337 1408 Gnaeum
357 1382 458 1410 codicis
470 1382 658 1415 Alexandrini,
674 1383 723 1411 ubi
737 1383 762 1411 ei
777 1391 833 1411 non
850 1383 1042 1419 respondebat,
1059 1383 1184 1418 pluribus
1205 1382 1232 1409 in
1243 1381 1316 1419 locis
1332 1380 1547 1409 accommodata.
1563 1379 1620 1408 Hac
1637 1385 1727 1408 autem

103 1429 232 1457 versione
246 1429 428 1464 antiquiorem
444 1429 526 1457 aliam
549 1430 633 1458 edidit
647 1430 713 1458 clar.
729 1438 811 1457 mem.
830 1429 905 1458 card.
921 1429 1086 1457 Thomasius
1099 1429 1126 1456 in
1139 1429 1210 1456 libro
1222 1428 1266 1456 cui
1280 1427 1394 1456 titulus:
1411 1425 1571 1454 Psalterium
1581 1427 1662 1461 juxta
1676 1428 1729 1454 du-

103 1474 199 1509 plicem
219 1474 370 1506 editionem,
386 1478 451 1507 etc.,
472 1479 500 1502 et
518 1476 545 1503 in
568 1475 729 1503 Prasiatione
750 1475 782 1503 ad
809 1475 938 1503 lectorem
958 1486 964 1503 :
981 1474 1069 1506 Hanc.
1084 1474 1184 1510 inquit,
1199 1473 1325 1501 Latinam
1337 1477 1467 1508 repertam
1478 1472 1505 1499 in
1519 1472 1586 1500 libro
1601 1481 1651 1500 ms.
1667 1473 1729 1500 licet

103 1528 155 1546 non
169 1519 313 1546 admodum
324 1524 423 1547 vetusto
433 1520 597 1548 bibliotheca”.
617 1520 798 1548 Vallicellanaa
808 1521 977 1556 proferimus,
991 1521 1025 1548 ad
1039 1520 1161 1549 Grecam
1172 1523 1260 1548 tamen
1270 1518 1404 1553 exemplar
1417 1522 1556 1553 utrumque
1569 1519 1727 1546 reccnsitam

102 1573 127 1594 et
145 1567 322 1595 emendatam.
340 1567 377 1595 De
394 1570 444 1596 hac
459 1567 573 1602 epistola
587 1566 658 1594 idem
681 1566 851 1595 clarissimus
871 1566 1019 1595 cardinalis
1035 1575 1042 1594 :
1065 1566 1181 1598 Celebre,
1202 1565 1250 1597 ait,
1264 1563 1334 1599 apud
1355 1567 1452 1590 ueteres
1467 1570 1555 1590 omnes
1572 1563 1726 1599 opusculum

103 1613 173 1640 beati
192 1613 335 1640 Athanasii
352 1613 466 1648 episcopi
482 1611 657 1639 Alexandrini
680 1612 719 1640 De
736 1611 806 1639 libro
822 1610 1008 1644 Psalmorum,
1030 1610 1100 1646 quod
1111 1610 1205 1638 beatus
1227 1609 1405 1645 Hieronymus
1428 1608 1562 1642 appellare
1576 1609 1680 1636 videtur
1699 1610 1729 1636 in

101 1659 236 1695 Catalogo
262 1659 426 1694 scriptorum
448 1657 695 1686 ecclesiasticarum
711 1667 719 1686 :
736 1657 773 1685 De
790 1657 954 1691 psalmorum
975 1657 1071 1685 titulis.
1086 1656 1139 1685 Sed
1157 1664 1221 1684 cum
1242 1657 1333 1684 adhuc
1352 1656 1452 1685 lateret
1467 1657 1496 1684 in
1511 1657 1642 1690 tenebris,
1658 1659 1726 1686 etin

102 1705 241 1740 publicam
254 1704 343 1732 lucem
362 1704 464 1732 editum
488 1713 542 1734 non
557 1705 655 1734 fuisset
668 1713 764 1734 verum
789 1713 857 1741 opus
877 1705 909 1733 Β.
925 1705 1069 1734 Athanasii
1089 1705 1128 1733 De
1142 1705 1227 1732 titulis
1243 1704 1419 1740 psalmorum,
1441 1705 1515 1741 quod
1536 1705 1617 1734 modo
1633 1706 1661 1734 in
1675 1713 1727 1741 pu-

102 1753 205 1780 blicum
221 1753 382 1785 emittimus,
397 1752 469 1781 haud
484 1754 584 1781 mirum
600 1759 652 1786 est,
678 1756 702 1782 si
716 1754 892 1783 doctissimus
909 1753 952 1782 vir
973 1761 1035 1782 eum
1053 1753 1114 1782 aliis
1133 1754 1257 1789 pluribus
1272 1753 1401 1789 deceptus
1418 1758 1461 1781 est
1478 1760 1510 1781 ac
1522 1754 1634 1788 erravit,
1649 1759 1726 1792 ratus

102 1798 175 1826 idem
193 1805 264 1833 opus
279 1805 339 1826 esse
355 1797 455 1825 librum
469 1797 508 1825 De
524 1798 609 1826 titulis
624 1799 786 1834 psalmorum
804 1807 836 1827 ac
851 1798 1001 1834 Epistolam
1019 1807 1067 1827 seu
1080 1798 1209 1827 Libellum
1226 1799 1261 1826 ad
1280 1799 1474 1828 Marcellinum.
1493 1800 1570 1834 Quod
1583 1809 1649 1828 sane
1662 1809 1725 1829 eum

101 1842 358 1873 animadvertissent
371 1845 465 1874 Patres
481 1845 660 1878 Benedictini,
673 1845 700 1874 in
715 1845 907 1873 Admonitione
918 1853 1001 1881 quam
1015 1850 1222 1880 praeposuerunt
1233 1844 1321 1873 eidem
1334 1844 1463 1881 Epistoltz
1478 1846 1513 1874 ad
1526 1846 1723 1880 Marcellinum,

101 1893 140 1920 ita
153 1891 257 1927 praelati
268 1896 333 1919 sunt
346 1900 353 1918 :
370 1891 522 1926 Opinantur
538 1891 630 1926 nuperi
646 1891 785 1926 srriptores
803 1891 921 1926 quidam,
935 1891 1085 1927 Epistulam
1107 1891 1141 1918 ad
1154 1891 1340 1919 Marcellinum
1354 1900 1409 1919 esse
1422 1892 1491 1919 illud
1506 1900 1570 1927 opus
1581 1892 1618 1920 De
1636 1893 1724 1921 titulis

100 1939 281 1974 psalmorum,
298 1937 367 1972 quod
382 1939 414 1964 ab
431 1937 591 1972 Hieronymo
606 1937 674 1965 inter
685 1936 869 1964 Atltanasiana
883 1937 982 1973 scripta
993 1941 1180 1964 enumeratur:
1190 1941 1224 1964 ἀι
1235 1945 1294 1964 cum
1306 1937 1337 1964 de
1349 1937 1435 1964 titulis
1448 1945 1494 1964 seu
1508 1938 1723 1973 inscriptionibus

98 1983 264 2018 psalmorum
287 1991 318 2010 ne
339 1983 442 2010 verbum
460 1983 565 2018 quidem
579 1983 629 2009 hac
642 1983 669 2009 in
684 1983 796 2018 epistola
808 1988 968 2017 compareat,
984 1982 1122 2017 propalam
1137 1982 1210 2009 nobis
1224 1987 1274 2014 est,
1287 1982 1371 2009 alium
1390 1983 1423 2009 ab
1441 1982 1601 2018 Hieronymo
1615 1983 1722 2012 laudari

99 2030 209 2063 librum,
224 2033 277 2058 etc.
292 2028 330 2057 De
345 2030 571 2065 praestantissima
583 2029 634 2058 hac
647 2029 761 2065 epistola
779 2034 877 2065 praeter
887 2030 1021 2066 synodum
1036 2029 1174 2058 Nicatnam
1187 2030 1347 2062 secundam,
1356 2031 1393 2058 ita
1407 2031 1530 2059 meminit
1541 2031 1725 2061 Cassiodorus

98 2076 127 2103 in
144 2076 214 2104 libro
226 2075 265 2102 De
277 2076 442 2103 institutione
455 2076 605 2103 divinarum
627 2075 787 2110 litterarum,
801 2083 861 2111 cap.
885 2076 903 2102 4
917 2085 923 2103 :
942 2075 1077 2112 Legendus
1094 2081 1133 2103 est
1149 2077 1230 2103 etiam
1251 2076 1355 2103 libellus
1375 2077 1517 2104 Athanasii
1532 2077 1721 2107 Alexandrinas

97 2123 217 2150 civitatis
235 2123 358 2158 episcopi,
373 2131 448 2158 quem
461 2122 615 2150 Marcellino
629 2127 688 2158 post
700 2123 884 2158 tegritudinem
900 2124 927 2151 in
951 2124 1038 2151 locum
1050 2124 1199 2159 refectionis
1217 2125 1379 2153 dulcissima:
1393 2125 1547 2157 destinauit.
1571 2128 1617 2162 qui
1628 2128 1723 2155 inscri-

98 2167 171 2194 bitur
183 2175 194 2194 :
208 2167 248 2195 De
261 2168 330 2195 libro
346 2167 534 2201 Psalmorum;
550 2166 595 2194 ubi
605 2167 709 2195 diuersa
725 2176 902 2201 commoncns,
917 2168 1043 2196 uirtutem
1057 2169 1142 2205 operis
1157 2170 1242 2204 ipsius
1253 2171 1434 2202 minutissima
1447 2175 1610 2203 discussione
1621 2176 1723 2211 patefe-

96 2215 142 2246 cit.
163 2215 280 2242 diuersos
290 2215 426 2244 hominum
444 2225 521 2244 casus
537 2225 596 2244 cum
608 2218 664 2245 suis
681 2218 802 2245 remediis
815 2217 931 2245 suaviter
942 2217 1122 2246 introducens.
1136 2218 1331 2254 Argumentum
1345 2221 1466 2257 ejusdem
1483 2224 1605 2258 epistolae
1618 2224 1721 2251 laudati

98 2265 191 2294 Patres
208 2265 375 2295 Benedictini
394 2268 489 2302 paucis
505 2268 595 2296 verbis
609 2268 741 2296 exhibent
755 2268 782 2295 in
799 2268 872 2295 hunc
893 2267 1005 2295 modum
1024 2277 1031 2296 ε
1056 2269 1148 2296 Primo
1163 2269 1190 2296 id
1209 2270 1317 2304 ponitur
1331 2269 1492 2297 discriminis
1511 2269 1634 2297 Psalmos
1653 2270 1722 2296 inter
1764 2273 1769 2275 ’

96 2317 121 2338 et
134 2312 201 2339 alios
222 2311 369 2348 Scriptura:
387 2321 471 2341 sacrtz
486 2313 578 2346 libros,
590 2318 619 2340 ut
629 2314 675 2348 qui
686 2313 753 2341 alios
762 2314 834 2350 legit,
847 2313 925 2341 uerba
938 2322 989 2340 non
1001 2319 1030 2340 ut
1041 2322 1100 2348 sua,
1111 2314 1156 2341 sed
1169 2323 1270 2349 eorum,
1284 2323 1396 2350 quorum
1406 2315 1468 2342 libri
1481 2320 1552 2349 sunt,
1567 2315 1606 2343 vel
1619 2323 1720 2348 eorum,

96 2362 140 2396 qui
154 2361 228 2401 loqui
247 2361 414 2394 exhibentur,
433 2361 570 2396 proferat:
589 2362 634 2397 qui
651 2366 739 2389 autem
751 2361 874 2389 Psalmth
889 2362 993 2395 recitat,
1005 2362 1082 2389 verba
1097 2363 1214 2398 proferat
1227 2365 1303 2399 quasi
1316 2373 1375 2398 sua,
1388 2369 1413 2391 et
1431 2364 1466 2391 ad
1478 2372 1505 2391 se
1519 2365 1624 2400 proprie
1638 2364 1722 2398 perti-

96 2408 194 2435 nentia.
207 2407 279 2435 Hinc
289 2407 446 2435 diuiduntur
462 2407 565 2436 Psalmi
578 2408 606 2436 in
617 2409 691 2436 uaria
699 2416 803 2444 genera,
815 2408 910 2437 orandi
925 2408 1037 2442 scilicet,
1054 2409 1207 2444 conﬁtendi,
1219 2415 1243 2437 et
1253 2410 1293 2438 Itis
1303 2411 1403 2438 similia
1411 2410 1570 2447 :deindeque
1585 2411 1721 2438 indicatur

96 2464 144 2490 quo
160 2457 270 2492 quisque
287 2456 406 2491 psalmus
420 2464 495 2490 casu,
512 2464 564 2491 qua
573 2456 733 2490 conditione,
748 2465 801 2492 qua
811 2456 1008 2492 opportunitate
1025 2457 1087 2484 cani
1099 2457 1201 2485 debeat.
1218 2457 1252 2485 In
1267 2458 1337 2486 hisce
1354 2463 1409 2486 tota
1428 2464 1547 2486 versatur
1560 2458 1682 2494 epistola.
1706 2478 1709 2480 -

247 2894 390 2926 Panos.
412 2896 467 2929 Gn.
491 2898 624 2930 XXVII.
1537 2906 1554 2929 ³
