1938 3053
110 176 144 203 ίῦ
670 174 833 203 EPISTOLA
853 174 898 201 AD
917 172 1180 202 MARCELLINUM.
1693 165 1726 195 Η

115 234 215 262 Ἰακὼϐ
222 235 257 262 ἐκ
272 234 516 269 λαοῦβαρΰάρου,
532 235 657 271 ἐγενήθη
672 236 795 263 Ἰουδαία
809 236 891 271 ἁγια-

945 233 1031 262 Israel
1050 239 1165 269 potestas
1188 233 1255 268 ejus.
1281 231 1319 259 Ea
1337 232 1394 267 ipsa
1417 231 1507 266 psallit
1523 230 1550 256 in
1578 228 1727 257 centesimo

107 290 170 315 σμα
188 281 291 314 αὑτοῦ,
300 281 416 315 Ἰσραὴλ
427 283 469 314 εἰς
479 281 623 314 ἐξουσίαν
633 282 734 309 αὑτοῦ.
748 281 850 309 Ψάλλει
862 281 891 308 δὲ

82 342 87 348 ι
108 327 154 354 καὶ
183 327 269 354 ταῦτα
284 328 312 354 ἐν
328 327 366 363 τῷ
381 327 517 362 ἑκατοστῷ
531 328 662 363 τετάρτῳ
684 327 891 360 Ἐ’ξαπέστειλε

110 371 243 406 Μωῠσῆν
252 373 307 399 τὸν
317 372 428 400 δοῦλον
438 372 540 403 αὐτοῦ,
550 372 665 406 Ἀαρὼν,
681 372 717 399 ὃν
732 372 890 405 ἐξελέξατο

109 418 201 444 αὐτόν
210 426 218 433 ·
230 417 313 445 ἔθετο
327 418 362 444 ἐν
379 418 481 450 αὐτοῖς
491 417 562 449 τοὺς
571 418 679 453 λόγους
693 426 752 444 των
761 416 892 452 σημείων

109 463 202 490 αὐτοῦ
211 463 331 491 καὶτῶν
341 463 469 498 τεράτων
482 464 574 491 αὑτοῦ
585 464 621 490 ὲν
634 463 672 498 γῇ
695 463 768 497 Χάμ.
784 463 889 495 Ἐξαπ-

110 509 227 536 έστειλε
237 510 357 542 σκότος,
376 510 425 536 καὶ
438 510 595 542 ἑσκότασε,
608 509 656 536 καὶ
669 510 891 544 παρεπίκραναν

108 555 180 587 τοὺς
191 556 302 590 λόγους
316 555 418 582 αὐτοῦ.
437 554 625 589 Μετέστρεψε
639 555 675 581 τὰ
690 555 783 581 ὕδατα
794 555 892 582 αὐτῶν

108 602 152 634 εις
164 598 245 635 αἷμα,
254 601 303 628 καὶ
318 601 472 628 ἀπέκτεινε
481 601 552 633 τοὺς
563 601 667 635 ἰχθύας
677 601 783 627 αὐτῶν.
792 600 891 634 Ἐξῆρ-

108 649 169 681 ιί-εν
184 647 204 680 ἠ
222 646 261 681 γῆ
279 646 378 673 αὐτῶν
387 647 559 681 βατράχους
573 647 608 673 ἐν
625 646 685 679 τοῖς
694 646 823 680 ταμείοις
834 645 893 673 τῶν

105 692 263 724 ,βασιλέων
283 691 390 719 αὐτῶν.
406 681 496 724 Eine,
511 693 560 719 καὶ
584 691 656 728 ἦλθε
676 693 822 726 κυνόμυια
843 691 892 718 καὶ

108 738 237 773 σκνῒφες
247 738 282 765 ἐν
291 738 366 765 πᾶσι
381 739 443 770 τοῖς
456 739 547 773 όρίοις
562 738 668 765 αὐτῶν.
685 739 740 765 Καὶ
755 737 822 769 ὅλως
832 737 892 764 ὃλον

108 792 139 810 τε
154 784 199 811 τὸν
215 784 320 820 ψαλμὸν
343 785 435 812 τοῦτόν
450 793 481 811 τε
502 785 549 811 καὶ
573 784 668 811 ἑκατὸν
691 783 814 819 πέμπτον
829 783 893 819 περὶ

107 829 164 855 τῶν
187 829 275 857 αὐτῶν
299 830 370 857 ἔστιν
392 831 481 865 εὑρεῖν
498 830 699 865 γεγραμμένον.
712 829 767 855 Καὶ
789 829 824 855 τὰ
846 829 894 864 μὲν

109 875 245 910 ἱερατείας
261 875 306 902 καὶ
320 875 369 910 τῆς
384 876 484 910 σκηνῆς
493 875 628 909 ἀναφωνεῖ
640 875 669 901 ὲν
688 874 781 909 ὲξοδίῳ
795 874 897 909 σκηνῆς

939 285 1036 316 quarto
1055 289 1061 306 :
1079 279 1154 306 Misit
1181 279 1288 313 Moysen
1306 285 1408 304 servum
1430 284 1519 307 suum,
1532 276 1631 307 Aaron,
1650 280 1727 309 quem

939 326 1014 361 elegit
1038 327 1124 360 ipsum
1140 333 1149 352 :
1165 325 1251 360 posuit
1265 325 1293 351 in
1307 324 1344 351 eis
1367 323 1444 351 verba
1458 323 1593 357 signqrum
1608 328 1727 349 suorum.

939 377 963 399 et
984 372 1167 407 prodigiorum
1194 372 1222 397 in
1247 375 1317 397 terra
1339 370 1432 397 Cham.
1459 368 1534 395 Misit
1559 366 1677 394 tenebras
1703 370 1727 391 et

940 417 1097 450 obscuravit,
1121 421 1146 444 et
1169 416 1391 443 exaeerbaverunt
1412 422 1540 441 sermones
1566 421 1636 439 suos.
1656 410 1727 438 Con-

941 464 1018 491 vertit
1035 471 1118 498 aquas
1137 470 1227 489 eorum
1243 462 1443 496 in-sanguinem
1460 469 1469 487 :
1488 465 1511 486 et
1532 459 1628 486 occidit
1645 457 1728 492 pistre

942 517 1042 536 eorum.
1067 508 1159 535 Edidit
1184 513 1255 535 terra
1281 515 1371 534 eorum
1395 515 1474 533 ranas
1497 506 1524 532 in
1553 501 1727 539 penetralibus

944 563 1032 590 regum
1043 555 1170 589 ipsorum.
1189 553 1260 580 Dixit
1275 561 1284 579 :
1297 557 1321 580 et
1334 553 1400 580 venit
1416 552 1560 586 caenomyiu
1574 556 1598 577 et
1613 548 1728 583 ciniplm

945 601 973 627 in
991 600 1110 626 omnibus
1128 598 1225 634 ﬁnibus
1239 606 1339 625 eorum.
1357 597 1446 632 Atque
1462 597 1596 631 integrqu
1617 593 1728 621 omnino

945 646 1079 681 psalmum
1095 646 1189 677 istum,
1210 649 1236 671 et
1252 643 1430 672 centesimum
1450 642 1574 677 quintum
1586 640 1619 667 de
1633 639 1727 667 iisdem

945 691 1028 719 rebus
1044 690 1229 725 conscriptum
1244 696 1304 716 esse
1314 687 1512 723 deprehendere
1525 690 1576 714 est.
1587 685 1654 718 Quae
1663 691 1729 711 vero

944 735 1125 763 sacerdotium
1152 733 1411 766 labernaculumque
1435 734 1573 766 spectant,
1596 729 1678 756 refert
1701 729 1728 754 in

949 781 1023 808 exitu
1048 779 1225 810 tabernaculi,
1244 778 1372 806 vicesimo
1388 782 1483 805 oclavo
1492 776 1597 811 psalmo
1612 784 1619 801 :
1632 774 1730 808 A/I‘erte

951 827 1075 859 Domino,
1101 826 1152 859 ﬁlii
1174 825 1240 857 Dei,
1260 825 1353 859 afferte
1375 823 1487 850 Domino
1510 821 1580 857 ﬁlios
1601 820 1728 851 arietum,

951 873 1042 908 aﬂ'erte
1058 872 1171 899 Domino
1190 871 1302 907 gloriam
1317 876 1342 898 et
1362 870 1494 896 honorem.

110 921 140 946 ἐν
155 921 194 957 τῷ
215 924 258 956 κη’
270 920 383 957 ψαλμῷ·
403 920 557 956 Ἐνέγκατε
567 919 606 952 τῷ
617 920 724 954 Κιφίῳ,
738 919 795 946 vlol
807 918 892 952 Θεοῦ,
911 918 1051 953 ἐνέγκατε
1065 917 1104 949 τῷ
1114 917 1210 951 Κυρίῳ
1221 916 1305 948 υΖοὺς
1321 916 1419 950 κριῶν,
1431 910 1568 948 ἐνέγκατε
1578 911 1618 944 τῷ
1632 910 1731 945 Κυρίῷ

109 966 203 998 δόξαν
215 966 263 993 καὶ
278 967 376 1000 τιμήν.

142 1013 173 1039 δ’.
184 1012 225 1039 Τὰ
238 1012 266 1038 δὲ
277 1011 323 1038 τοῦ
340 1012 416 1047 Ναυῆ
432 1011 479 1039 καὶ
493 1012 548 1038 τῶν
562 1011 670 1047 Κριτῶν
685 1010 811 1046 ἐμφαίνει
829 1020 888 1042 πως

972 1009 998 1036 ιι.
1014 1008 1067 1036 Res
1076 1015 1139 1036 vero
1153 1007 1218 1035 Jesu
1241 1007 1315 1035 Nave
1333 1011 1360 1034 et
1379 1002 1503 1034 Iudicum
1526 1003 1612 1040 tangit
1626 1003 1730 1038 psalmo

109 1061 140 1086 ὲν
159 1059 198 1094 τῷ
219 1058 356 1094 ἑκατοστῷ
373 1058 455 1094 ἵἕκτῳ,
472 1059 574 1093 λέγων·
599 1058 653 1085 Καὶ
668 1057 897 1091 συνεστήσαντο

108 1107 214 1138 πόλεις
241 1105 440 1138 κατοικεσὼς,
466 1105 515 1132 καὶ
537 1106 681 1140 ἕσπειρτιν
705 1106 824 1140 ἀγροὺς,
850 1107 898 1133 καὶ

108 1152 282 1186 ἐφύτευσαν
296 1150 483 1185 ἀμπελῶνας.
492 1151 552 1177 Ἐπὶ
567 1152 620 1187 γὰρ
633 1151 678 1178 τοῦ
693 1152 771 1186 Ναυῆ
783 1151 896 1178 διαδέδο-

108 1206 154 1224 ται
170 1197 287 1233 αὺτοῖς-ἡ
301 1198 335 1233 γῆ
349 1198 397 1233 τῆς
413 1197 587 1232 ἐπαγγελίας.
603 1197 696 1232 Λέγων
710 1198 739 1224 δὲ
753 1198 781 1224 ὲν
794 1198 833 1234 τῷ
848 1199 898 1225 αὐ-

108 1243 148 1279 τῷ
170 1243 268 1279 ψαλμῷ
289 1243 423 1278 συνεχῶς⁴
438 1243 492 1270 Καὶ
511 1243 676 1277 ἑκέκραξαν
697 1243 777 1279 πρὸς
790 1244 898 1277 Κύριον

109 1278 144 1316 ἐν
155 1289 195 1322 τῷ
205 1290 356 1316 θλίϐεσθαι
368 1289 491 1322 αὐτοὺς,
513 1289 561 1316 καὶ
575 1289 609 1315 ἐκ
623 1288 681 1315 τῶν
693 1278 831 1323 ἀναγκῶν
843 1289 897 1315 αὐ-

108 1336 170 1362 τῶν
184 1335 301 1362 ἔσωσεν
316 1336 440 1367 αὐτούς·
460 1335 587 1370 σημαίνει
602 1334 655 1360 τῶν
674 1334 782 1369 Κριτῶν
794 1334 843 1370 τὴν
858 1334 898 1370 βί-

110 1382 186 1408 ϐλον·
205 1382 265 1408 τότε
280 1381 333 1417 γὰρ
356 1380 509 1417 κραζόντων
529 1380 618 1407 αὐτῶν
641 1380 736 1415 ἤγειρε
761 1379 832 1406 κατὰ
852 1381 897 1407 τὸν

110 1427 205 1462 καιρὸν
220 1427 326 1462 κριτὰς,
341 1427 387 1453 καὶ
398 1425 482 1458 ἔσωζε
494 1425 538 1452 τὸν
548 1425 610 1452 λαὸν
623 1425 677 1452 ἀπὸ
686 1425 740 1452 τῶν
754 1425 896 1452 θλιϐόντων

109 1473 219 1504 αὐτούς.
237 1473 291 1498 Καὶ
305 1472 338 1499 τὰ
355 1471 409 1498 τῶν
424 1471 572 1499 Βασιλειῶν
583 1470 678 1506 ψάλλει
695 1479 754 1502 πως
767 1471 796 1497 ὲν
806 1470 845 1506 τῷ
856 1471 898 1497 ὲν-

110 1517 321 1553 νεακαιδεκάτῳ,
331 1517 418 1551 λέγων
427 1525 433 1531 ·
449 1514 537 1544 οὗτοι
549 1517 584 1543 ἐν
593 1516 703 1551 ἅρμασι
709 1515 759 1543 καὶ
772 1513 852 1543 οὗτοι
863 1516 898 1542 έν

108 1564 223 1597 ἵπποις,
240 1563 324 1597 ἡμεῖς
347 1563 381 1589 δὲ
403 1563 438 1589 ἐν
463 1563 584 1597 ὀνόματι
599 1562 709 1596 Κυρίου
725 1562 799 1589 Θεοῦ
813 1562 897 1596 ἡμῶν

105 1609 404 1644 μεταλυνθησόμεθα.
428 1608 518 1635 Αὐτοὶ
548 1608 815 1642 συνεποδίσθησαν
845 1608 896 1635 καὶ

107 1656 234 1688 ἔπεσαν,
256 1654 341 1689 ἡμεῖς
364 1654 397 1681 δὲ
417 1654 586 1689 ἀνέστημεν
603 1655 653 1681 καὶ
674 1655 893 1689 ἀνωρθώθημεν.

949 1055 1097 1083 centesimo
1123 1060 1214 1086 sexto,
1239 1054 1279 1081 sic
1302 1062 1308 1080 ε
1334 1052 1368 1080 Et
1396 1053 1588 1080 constituerunt
1611 1051 1729 1077 civitates

948 1100 1130 1133 habitationis,
1149 1104 1174 1127 et
1191 1100 1382 1127 seminaverunt
1398 1107 1485 1134 agros,
1506 1102 1531 1125 et
1545 1097 1729 1133 plantaverunt

949 1148 1048 1174 vineas.
1066 1145 1133 1173 Nam
1157 1145 1208 1173 sub
1228 1145 1292 1173 Jesu
1316 1145 1388 1172 Nave
1403 1145 1500 1172 tradita
1518 1144 1571 1172 illis
1587 1143 1638 1171 fuit
1660 1148 1731 1171 terra

947 1192 1148 1226 promissionis.
1172 1191 1241 1219 Cum
1263 1195 1352 1218 autem
1375 1190 1402 1217 in
1424 1197 1456 1217 eo
1476 1190 1536 1225 ipso
1555 1189 1660 1224 psalmo
1675 1189 1731 1217 fre—

947 1243 1061 1273 quenter
1075 1237 1148 1265 dicat
1168 1247 1174 1264 :
1200 1236 1233 1263 Et
1256 1237 1434 1263 clamauerunt
1450 1236 1484 1262 ad
1506 1235 1648 1262 Dominum
1672 1243 1731 1262 cum

948 1283 1147 1316 tribularentur,
1160 1288 1185 1310 et
1197 1283 1229 1310 de
1243 1283 1439 1309 necessitatibus
1447 1290 1537 1308 eorum
1544 1281 1662 1309 liberavit
1672 1289 1730 1308 eos:

946 1329 1045 1356 librum
1057 1327 1184 1355 Judicum
1206 1328 1316 1355 indicat.
1332 1327 1402 1354 Tum
1421 1327 1492 1354 enim
1508 1327 1575 1362 ipsis
1589 1327 1732 1354 clamanti-

947 1375 1009 1407 bus,
1036 1375 1120 1402 variis
1147 1374 1314 1410 temporibus
1336 1374 1442 1408 judices
1457 1373 1607 1405 excitabat,
1633 1373 1732 1400 libera-

946 1420 1046 1455 batque
1067 1420 1196 1455 populum
1217 1420 1252 1447 ab
1267 1420 1301 1447 iis
1317 1420 1364 1454 qui
1389 1419 1476 1454 ipsum
1505 1419 1661 1454 aﬂligerent.
1678 1418 1731 1446 Re-

949 1473 1063 1500 gnorum
1091 1473 1198 1500 quoque
1225 1465 1355 1493 historias
1382 1465 1582 1500 quodammodo
1608 1466 1682 1492 canit
1703 1465 1730 1492 in

949 1511 1054 1538 decimo
1067 1518 1139 1538 nono
1154 1511 1247 1538 dicens
1263 1520 1270 1538 :
1287 1510 1325 1537 lli
1342 1511 1370 1537 in
1384 1510 1515 1543 curribus,
1531 1515 1554 1536 et
1567 1511 1593 1537 hi
1608 1511 1635 1538 in
1647 1511 1730 1545 equis,

947 1565 994 1583 nos
1009 1561 1097 1584 autem
1116 1557 1144 1584 in
1161 1557 1264 1583 nomine
1287 1556 1392 1583 Domini
1408 1556 1457 1583 Dei
1483 1557 1566 1584 nostri
1580 1558 1732 1592 magnifica~

947 1603 1042 1630 bimur.
1064 1602 1121 1638 Ipsi
1134 1603 1253 1637 impediti
1269 1607 1339 1634 sunt,
1356 1606 1381 1629 et
1397 1602 1564 1635 ceciderunt;
1582 1611 1627 1629 nos
1644 1608 1730 1629 autem

946 1649 1118 1682 surreximus,
1143 1653 1169 1675 et
1198 1649 1277 1675 erecti
1306 1657 1407 1676 sumus.
1432 1648 1551 1681 Domine,
1566 1649 1666 1676 salvum
1688 1649 1731 1684 fac

108 1702 209 1736 Κύριε,
220 1700 324 1729 σῶσον
337 1700 390 1727 τὸν
402 1700 542 1733 βασιλέα,
560 1701 608 1728 καὶ
623 1700 794 1727 ἐπάκουσον
810 1699 893 1735 ἡμῶν

945 1702 1038 1729 regem,
1057 1699 1081 1721 et
1102 1694 1199 1721 exaudi
1217 1702 1263 1721 nos
1279 1695 1307 1721 in
1331 1694 1373 1721 die
1395 1703 1447 1729 qua
1471 1695 1674 1722 invocaverimus
1696 1699 1730 1722 te.

107 1748 145 1774 ἐν
156 1744 175 1782 ᾖ
187 1747 225 1773 ἂν
235 1746 327 1781 ἡμέρᾳ
338 1745 581 1780 ἑπικαλεσώμεθά
594 1745 689 1773 σε.Τὰ
701 1745 729 1771 δὲ
739 1744 785 1771 τοῦ
794 1745 895 1781 Ἔσδρα

108 1793 140 1819 ἐν
155 1792 194 1827 τῷ
210 1791 419 1826 ὲκιιτονεικυστῷ
434 1792 552 1826 πέμπτῳ
573 1791 628 1818 τῶν
648 1790 810 1826 ἀναϐαθμῶν
821 1790 877 1826 ᾅδει
887 1800 893 1806 ·

114 1839 164 1864 Ἐν
174 1838 215 1870 τῷ
224 1837 402 1871 ἐπιστρέψαι
410 1838 519 1871 Κύριον
528 1837 585 1871 τὴν
596 1836 801 1871 αἰχμαλωσίαν
809 1836 894 1868 Σιὼν,

67 1900 69 1903 ›
107 1883 293 1918 ἐγενήθημεν
302 1882 374 1910 ὡσεὶ
384 1883 639 1917 παρακεκλημένοι
648 1892 654 1898 ·
667 1883 714 1910 καὶ
728 1882 807 1909 πάλιν
820 1884 848 1909 ὲν
857 1882 896 1918 τῷ

78 1947 82 1950 ~
108 1928 320 1964 ὲκατονεικοστῷ
336 1928 453 1964 πρώτῳ-
468 1928 647 1963 Εὑφράνθ-ην
669 1928 718 1954 ἐπὶ
739 1928 800 1960 τοῖς
820 1929 897 1961 εἰρη-

107 1974 179 2000 κόσι
194 1981 261 2007 μοις
275 1974 328 2005 Εις
345 1971 428 1999 οἷκον
439 1974 548 2007 Κυρίου
564 1972 897 2007 πορευσώμεθα.Έστῶ-

107 2026 160 2051 τες
174 2016 255 2054 ἦσαν
274 2020 300 2045 ol
317 2018 407 2051 πόδες
428 2018 509 2052 ἡμῶν
527 2019 561 2045 ἐν
575 2019 638 2051 ταῖς
650 2018 757 2051 αὐλαῖς
774 2026 841 2051 σου,
850 2019 896 2045 Ἰε-

102 2064 277 2098 ρουσαλήμ.
287 2064 477 2098 Ἰερουσαλὴμ
498 2064 730 2099 οἰκοδομουμένη
742 2065 781 2096 ὼς
795 2065 894 2096 πόλις,

107 2108 146 2145 ἧς
153 2111 172 2144 ἡ
177 2109 290 2145 μετοχὴ
301 2110 395 2144 αὐτῆς
407 2111 454 2137 ἐπὶ
464 2110 496 2136 τὸ
507 2110 580 2137 αὐτό
588 2119 594 2124 ·
605 2110 670 2136 ἐκεῖ
680 2109 733 2144 γὰρ
744 2109 896 2142 ἀνέϐησαν

107 2157 138 2182 al
151 2155 296 2189 φυλαὶ,αί
306 2154 398 2189 φυλαὶ
406 2155 525 2189 Κυρίου,
538 2156 699 2190 μαρτύριον
714 2155 753 2187 τῷ
766 2154 893 2189 Ἰσραήλ.

86 2216 93 2225 .
143 2205 173 2227 ε’.
193 2201 234 2228 Τά
246 2209 276 2227 τε
290 2200 342 2227 τῶν
364 2201 514 2236 Προφητῶν
525 2201 616 2236 σχεδὸν
631 2201 660 2227 ἐν
676 2201 782 2236 ἑκάστῳ
797 2201 895 2236 σημαί-

108 2255 160 2274 νει.
179 2246 249 2282 Περὶ
262 2246 310 2281 τῆς
324 2246 370 2272 τοῦ
385 2246 510 2281 Σωτῆρος
535 2246 691 2282 ἐπιδημίας,
713 2247 758 2273 καὶ
780 2247 822 2273 ὅτι
847 2247 895 2282 μὲν
918 2263 921 2268 ι

107 2292 174 2325 Θεὸς
196 2292 234 2319 ὣν
254 2292 428 2328 ὲπιδημήσει,
442 2292 527 2325 οὕτως
550 2293 632 2327 φησὶν
647 2293 675 2319 ἐν
689 2293 738 2328 μὲν
751 2293 789 2328 τῷ
799 2302 896 2320 τεσσα-

108 2338 234 2375 ρακοστῷ
254 2339 354 2373 ὲννάτῳ
373 2338 472 2373 ψαλμῷ
482 2347 488 2353 ·
509 2339 536 2364 '0
551 2338 658 2372 Κύριος
668 2337 805 2373 ἐμφανῶς
817 2338 893 2372 ἣξει,

106 2385 125 2411 ό
140 2383 212 2416 Θεὸς
232 2383 325 2417 ἡμῶν,
339 2383 388 2410 καὶ
409 2376 444 2410 of;
466 2383 740 2417 παρασιωπήσεται·
761 2384 789 2409 ὲν
806 2383 833 2409 δὲ
855 2384 894 2418 τῷ

108 2427 246 2463 ἑκατοστῷ
258 2427 493 2463 ἑπτακαιδεκάτῳο
506 2427 716 2462 Εὐλογημένος
737 2430 753 2455 ό
774 2429 893 2462 ἐρχόμε-

107 2482 160 2506 νος
175 2473 210 2500 ἐν
223 2474 344 2508 ὀνόματι
354 2474 473 2508 Κυρίου.
485 2474 700 2508 Εὐλογήκαμεν
709 2473 787 2508 ὑμᾶς
806 2474 839 2506 ἐξ
852 2474 893 2500 ol-

107 2527 163 2545 κου
182 2519 309 2553 Κυρίου·
338 2519 408 2552 Θεὸς
431 2520 546 2553 Κύριος,
571 2519 621 2546 καὶ
645 2519 793 2554 ἐπέμεινεν
809 2519 890 2554 ἡμῖν.

109 2563 169 2589 ’Ότι
183 2562 211 2589 δὲ
225 2558 301 2595 οὗτός
311 2563 384 2589 ἔστιν
395 2563 409 2589 ὁ
421 2563 469 2589 τοῦ
481 2563 587 2599 Πατρὺς
601 2563 696 2597 Λόγος,
711 2563 797 2595 οὕτως
811 2564 840 2591 ὲν
853 2563 892 2599 τῷ

107 2608 245 2644 ἑκατοστῷ
258 2608 329 2644 ἕκτῳ
340 2608 435 2643 ψάλλει
447 2617 454 2624 ·
474 2610 644 2637 Ἀπέστειλε
661 2609 715 2636 τὸν
734 2611 831 2645 Λόγον
840 2612 892 2638 αὐ-

105 2653 170 2685 τοῦ,
185 2654 234 2680 καὶ
258 2653 361 2681 ἰάσατο
372 2654 492 2688 αὐτοὺς,
508 2655 557 2681 καὶ
568 2655 713 2689 ὲρῤύσατο
729 2655 839 2687 αὐτοὺς
858 2656 891 2682 ἐκ

105 2699 165 2725 τῶν
179 2698 348 2734 διαφθαρῶν
357 2699 465 2727 αὐτῶν.
475 2701 504 2727 '0
514 2700 568 2735 γὰρ
581 2701 801 2736 ἐρχόμενοςθεὸς
811 2701 891 2734 αὑτός

106 2744 165 2770 ἔστι
178 2744 226 2770 καὶ
239 2743 325 2777 Λόγος
335 2744 573 2780 ἀποστελλόμενος.
591 2745 691 2772 Τοῦτον
705 2746 734 2772 δὲ
750 2747 795 2773 τὸν
806 2746 891 2780 Λόγον

106 2788 183 2820 εἰδὼς
193 2788 259 2815 ὄντα
272 2788 317 2815 τὸν
330 2789 391 2816 Υἱὸν
402 2790 448 2817 τοῦ
460 2790 537 2822 Θεοῦ,
550 2791 606 2826 ᾅδει
619 2792 710 2827 φωνὴν
722 2792 768 2818 τοῦ
784 2793 890 2827 Πατρὺς

106 2835 135 2861 ἓν
152 2835 191 2870 τῷ
204 2835 412 2871 τεσσαρακοστῷ
424 2837 542 2872 τετάρτῳ
557 2836 672 2872 ψαλμῷ-
694 2837 890 2872 Ἐξηρεύξατο

107 2879 126 2913 ἡ
142 2879 250 2915 καρδία
260 2889 320 2915 μου
332 2882 426 2917 Λόγον
439 2882 547 2917 ἀγαθόν
560 2891 566 2898 ·
582 2883 628 2910 καὶ
643 2882 723 2911 πάλιν
733 2884 760 2911 ἐν
772 2884 812 2919 τῷ
823 2884 888 2911 ἑκα-

946 1739 1011 1772 ρυω
1031 1747 1112 1774 porro
1127 1739 1240 1767 Esdram
1263 1743 1386 1774 spectant
1397 1740 1424 1766 in
1438 1739 1586 1766 centesimo
1601 1739 1731 1766 vicesimo

946 1786 1040 1821 quinto
1054 1785 1186 1821 graduum
1199 1785 1325 1814 decantat
1342 1795 1348 1812 :
1368 1785 1402 1811 In
1418 1786 1586 1813 convertenda
1602 1785 1730 1812 Dominus

947 1832 1124 1865 captivitatem
1139 1830 1214 1863 Sion,
1241 1832 1306 1866 facti
1332 1838 1423 1858 sumus
1445 1832 1514 1858 sicut
1541 1831 1679 1858 consolati.
1697 1831 1731 1858 Et

946 1884 1055 1903 rursum
1069 1877 1096 1903 in
1110 1877 1258 1904 centesimo
1268 1876 1397 1903 vicesimo
1414 1877 1501 1911 primo
1517 1886 1524 1904 :
1540 1877 1656 1904 Lcetatus
1671 1886 1730 1904 sum

946 1922 973 1948 in
989 1921 1039 1954 his,
1053 1929 1111 1955 qua:
1125 1922 1195 1948 dicta
1209 1927 1272 1948 sunt
1287 1922 1350 1948 mihi
1366 1929 1375 1948 .'
1395 1921 1428 1948 In
1441 1921 1548 1948 domum
1561 1923 1667 1951 Domini
1679 1924 1730 1952 ibi-

946 1974 1013 1993 mus.
1032 1965 1136 1993 Stames
1149 1971 1223 1993 erant
1241 1968 1317 2001 pedes
1331 1968 1412 1993 nostri
1433 1967 1461 1993 in
1478 1968 1554 1995 atriis
1574 1969 1637 2001 tuis,
1651 1968 1729 1997 Jeni-

946 2011 1037 2037 salem.
1056 2010 1203 2039 Jerusalem
1215 2031 1222 2043 ,
1243 2019 1301 2046 ηοω
1318 2012 1466 2046 aediﬁcatur
1483 2017 1511 2039 ut
1533 2014 1634 2046 civitas,
1654 2015 1729 2050 cujus

946 2057 1115 2091 participatio
1135 2057 1191 2091 ejus
1206 2058 1233 2083 in
1248 2057 1373 2092 idipsum.
1388 2056 1457 2084 Illuc
1476 2060 1544 2086 enim
1558 2061 1729 2089 ascenderunt

947 2102 1047 2135 tribus,
1066 2103 1148 2130 tribus
1163 2103 1279 2136 Domini,
1300 2104 1476 2131 testimonium
1494 2105 1589 2134 Israel.

979 2200 1004 2226 5.
1017 2199 1082 2233 Quae
1097 2204 1186 2227 autem
1204 2200 1398 2235 Prophetarum
1413 2207 1486 2236 sunt,
1499 2204 1524 2230 in
1537 2204 1650 2240 singulis
1661 2213 1730 2240 pene

946 2245 1056 2280 psalmis
1073 2246 1217 2280 signiﬁcat.
1233 2246 1270 2274 De
1285 2248 1400 2275 adventu
1429 2248 1587 2282 Salvatoris,
1610 2255 1637 2277 et
1655 2251 1727 2286 quod

946 2291 1018 2319 Deus
1035 2299 1097 2319 cum
1117 2293 1163 2325 sit,
1189 2298 1318 2321 venturus
1341 2296 1385 2327 sit,
1406 2296 1443 2322 ita
1456 2296 1482 2322 in
1497 2297 1601 2331 psalmo
1618 2299 1727 2333 quidem

946 2337 1153 2371 quadragesimo
1171 2346 1243 2365 nouo
1263 2340 1313 2366 ait:
1327 2340 1397 2367 Deus
1408 2342 1543 2376 manifeste
1554 2344 1645 2376 ueniet,
1658 2344 1728 2372 Deus

910 2374 932 2401 Ῑ)
945 2386 1042 2413 noster,
1056 2386 1080 2408 et
1093 2390 1143 2408 non
1155 2383 1263 2416 silebit;
1277 2385 1303 2411 in
1317 2386 1464 2414 centesimo
1475 2374 1581 2416 decimo
1596 2374 1726 2424 septimo:

945 2427 1110 2462 Benedictus,
1119 2430 1163 2464 qui
1174 2431 1241 2457 venit
1254 2431 1280 2457 in
1295 2433 1396 2458 nomine
1412 2432 1528 2460 Domini.
1541 2433 1727 2464 Benediasimus

945 2472 1015 2498 vobis
1035 2472 1066 2498 de
1082 2472 1158 2499 domo
1177 2473 1298 2507 Domini;
1310 2475 1379 2502 Deus
1396 2476 1522 2505 Dominus
1540 2474 1668 2507 etillnxit
1682 2490 1727 2508 na-

945 2518 995 2545 bis.
1018 2517 1094 2551 Quod
1111 2525 1199 2546 autem
1222 2521 1280 2555 ipse
1296 2516 1332 2548 sit
1352 2522 1440 2550 Patris
1454 2522 1583 2558 Verbum,
1604 2526 1642 2553 ita
1655 2528 1725 2554 canit

944 2564 973 2592 in
990 2565 1138 2592 centesimo
1151 2571 1228 2593 sexto
1245 2576 1251 2593 ε
1271 2566 1345 2594 Misit
1366 2567 1476 2595 Verbum
1490 2578 1576 2603 suum,
1589 2575 1613 2598 et
1624 2574 1724 2599 sanavit

943 2618 998 2643 eos,
1012 2614 1037 2637 et
1045 2610 1141 2645 eripuit
1153 2619 1195 2637 eos
1206 2612 1237 2638 de
1245 2611 1439 2640 interitiunibus
1449 2623 1548 2642 eorum.
1559 2616 1631 2644 Deus
1640 2618 1722 2649 enim,

943 2655 989 2690 qui
1003 2655 1087 2689 venit,
1112 2661 1153 2684 est
1177 2657 1267 2692 ipsum
1282 2657 1410 2692 Verbum,
1432 2661 1504 2694 quod
1523 2661 1635 2689 missum
1663 2662 1720 2690 fuit.

943 2698 1001 2728 Hoc
1013 2709 1095 2736 porro
1109 2698 1227 2730 Verbum
1245 2711 1305 2730 cum
1322 2705 1403 2732 sciret
1416 2712 1476 2734 esse
1494 2707 1538 2734 Dei
1553 2707 1660 2742 Filium,
1675 2716 1724 2736 vo-

943 2754 1002 2774 cem
1016 2747 1104 2775 Patris
1117 2748 1192 2776 canit
1204 2749 1231 2775 in
1244 2750 1451 2786 quadragesimo
1463 2757 1576 2787 quarto:
1587 2753 1719 2786 Eructavit

944 2801 989 2819 cor
1007 2801 1092 2820 meum
1112 2793 1221 2820 Verbum
1243 2795 1355 2828 bonum;
1370 2801 1397 2824 et
1412 2797 1508 2824 iterum
1529 2798 1556 2826 in
1577 2801 1721 2828 centesima

944 2845 1016 2866 nono
1028 2848 1035 2865 :
1046 2838 1088 2864 Ex
1105 2844 1179 2866 utero
1191 2844 1253 2866 ante
1263 2840 1415 2876 Luciferum
1430 2844 1506 2877 genui
1525 2848 1558 2871 te.
1570 2845 1639 2878 Quid
1651 2847 1722 2873 enim

943 2882 1016 2911 aliud
1036 2884 1097 2919 quis
1129 2884 1228 2930 dixerit
1247 2886 1349 2933 prolem
1370 2886 1467 2930 Patris,
1489 2897 1571 2924 quam
1595 2890 1723 2929 Verbum.
