1938 3053
221 130 254 157 15
643 130 670 157 S.
693 129 880 157 ATHANASH
900 129 975 158 OPP.
996 129 1088 159 PARS
1108 129 1153 158 ΙΙΙ.
1171 145 1206 152 -
1226 129 1429 159 EXEGETICA.
1815 132 1845 159 i6

220 196 247 218 et
266 189 431 225 Sapientiam
444 189 551 224 ipsius?
563 189 630 217 Cum
641 191 724 218 sciret
732 190 815 226 igitur
828 191 916 226 ipsum
933 198 1005 222 esse.

1060 190 1147 226 τοστῷ
1175 191 1295 226 ὲννάτῳ-
1317 191 1364 218 Ἐκ
1386 191 1515 226 γαστρὸς
1531 191 1588 226 πρὸ
1611 191 1778 227 Ἑωσφόρου
1800 192 1844 225 ἐξ·

220 237 247 263 in
265 244 320 272 quo
346 235 426 263 Pater
443 237 530 263 dixit:
550 236 612 263 Fiat
635 237 691 270 lux,
714 242 739 264 et
755 237 961 272 ﬁrmamentum,
984 243 1005 264 et

1059 237 1212 273 εγέννησά
1225 245 1270 265 σε.
1286 238 1318 264 Τί
1331 238 1384 273 γὰρ
1398 237 1430 264 ἂν
1443 237 1506 264 ἄλλο
1523 246 1564 270 τις
1578 237 1648 264 εἴποι
1665 238 1786 274 γέννημα
1803 238 1847 264 τοῦ

220 281 308 309 οιήηἰα
332 281 352 315 ³,
369 282 450 309 etiam
467 282 534 309 liber
556 282 600 309 hic
615 281 785 309 Psalmorum
803 282 874 309 idem
888 282 1005 310 continet

1061 283 1168 318 Πάτρος
1190 283 1206 318 ἢ
1230 282 1275 309 τὸν
1298 283 1382 317 Λόγον
1400 282 1446 309 καὶ
1463 282 1511 317 τὴν
1525 282 1624 317 Σοφίαν
1636 282 1734 316 αὐτοῦς
1753 283 1846 309 Τοῦτον

219 329 313 355 dicens
336 328 363 355 in
393 329 532 356 tricesimo
555 329 697 356 secundo:
724 329 806 356 Verbo
829 328 936 355 Domini
952 328 1005 354 uel:

1060 329 1145 355 εἰδυῖα
1157 329 1232 360 ὕντα,
1243 325 1266 362 ᾧ
1281 326 1357 354 εἶπεν
1375 329 1389 354 6
1407 328 1502 363 Πατήρ
1513 337 1519 342 ·
1536 328 1694 361 Γενηθήτω
1711 328 1783 362 φῶς,
1801 329 1845 355 καὶ

218 375 319 410 [irritati
333 379 404 406 sunt,
418 379 441 401 et
457 375 552 409 spiritu
568 376 622 401 aris
640 375 696 409 ejus
713 375 797 402 omnis
810 375 893 401 virtus
906 382 1007 401 eorum.

1060 374 1220 408 στερέωμα,
1233 373 1282 400 καὶ
1293 373 1328 400 τὰ
1339 373 1448 406 πάντα,
1459 374 1506 399 καὶ
1517 373 1587 408 αὓτη
1599 374 1615 409 ἡ
1630 373 1720 408 βίϐλος
1732 372 1847 409 περιέᾗίει

218 419 334 454 λέγουσα
353 421 406 455 (sy
425 420 466 452 Τῷ
479 421 678 455 ΛότῳΚιιριου
691 422 716 448 ol
733 422 852 455 οὐρανοί
867 420 1103 456 ἐστερεώθησαν,
1123 420 1171 447 καὶ
1189 419 1228 452 τῷ
1244 422 1389 455 πνεύματι
1412 420 1465 447 τοῦ
1488 421 1636 455 στόματος
1654 421 1747 448 αὑτοῦ
1769 420 1847 447 πᾶσα

219 468 238 501 ἡ
256 466 382 501 δύναμις
395 467 503 494 αὐτῶν.

255 512 281 540 6.
295 513 366 546 Quin
389 518 415 540 ct
440 513 577 540 Chri~lutn
606 515 692 550 ipsum
718 520 862 543 venturum
894 516 1006 543 minime

220 558 370 594 ignoravit;
389 559 443 586 imo
464 568 495 586 ea
517 560 550 587 de
572 568 602 588 re
625 562 789 588 mentionem
815 562 878 589 facit
901 562 1007 596 psalmo

219 602 425 638 quadragesimo
446 609 543 638 quarto
560 613 566 630 ε
590 605 708 632 Thronus
725 611 795 638 tuus,
814 606 894 643 Deus,
914 608 942 633 in
959 615 1008 634 sa:-

219 648 308 675 culum
323 649 432 680 seaculi;
449 651 519 685 virga
532 651 695 682 directionis,
713 653 786 687 virga
802 653 872 688 regni
893 654 940 680 tui.
959 652 1007 680 Di-

219 694 307 720 lexisti
328 695 482 729 justitiam,
509 700 533 722 et
558 697 637 723 odisti
662 698 844 732 iniquitatem.
871 703 1006 733 promeret:

219 741 295 766 unxit
315 746 338 766 te
354 740 423 767 Deus
441 741 508 768 Deus
524 746 583 768 tuus
606 742 662 769 oleo
681 743 781 770 lwtitia:
799 752 854 778 pra:
871 745 1003 771 consorti-

219 785 265 812 bus
287 787 347 813 tuis.
375 786 407 813 Et
429 795 462 814 ne
485 788 547 822 quis
576 797 638 816 eum
664 791 813 818 secundum
834 791 1004 826 phantasiam

1097 517 1137 547 ς’.
1150 514 1204 540 Καὶ
1216 511 1331 548 Χριστὸν
1341 512 1368 538 δὲ
1387 511 1467 538 αὑτὸν
1491 511 1636 546 ἐρχόμενον
1646 511 1695 536 οὐκ
1705 509 1832 546 ἠγνόησεν
1840 518 1846 524 “

1060 560 1130 587 ἀλλὰ
1144 559 1191 586 καί
1209 558 1325 594 μάλιστα
1339 557 1404 593 περὶ
1419 557 1513 583 τούτου
1530 556 1603 590 λέγει
1621 557 1649 582 ὲν
1663 555 1701 590 τῷ
1716 563 1847 591 τεσσαρα-

1059 606 1148 641 κοστῷ
1159 605 1280 640 τετάρτῳ
1295 603 1409 638 ψαλμῷ-
1428 602 1458 630 '0
1473 603 1580 637 θρόνος
1595 609 1668 635 σου,
1683 603 1698 628 ό
1714 599 1794 634 Θεὸς,
1808 603 1848 633 εἰς

1058 651 1111 677 τὸν
1130 650 1223 677 αἰῶνα
1243 649 1297 676 τοῦ
1312 648 1436 682 αἰῶνος·
1461 648 1571 683 ῥάϐδος
1589 648 1752 681 εὐθύτητος
1765 647 1784 681 ἠ
1795 646 1846 680 ῥά-

1058 697 1126 728 ϐὃος
1145 696 1200 730 τῆς
1218 695 1379 727 βασιλείας
1403 703 1470 721 σου.
1504 693 1677 729 Ἦγάπησας
1698 692 1847 720 δικαιοσύ-

1058 751 1124 776 νην,
1139 742 1187 768 καὶ
1209 741 1358 776 ἐμίσησας
1375 740 1494 767 ἀδικίαν
1506 749 1512 755 ·
1527 740 1577 767 διὰ
1592 740 1680 767 τοῦτο
1698 738 1800 774 ἕχρισέ
1813 747 1849 766 σε

1056 790 1072 815 ὁ
1087 787 1158 821 Θεὸς
1170 789 1186 814 ό
1198 787 1270 820 Θεός
1281 794 1339 814 σου
1350 786 1454 814 ἔλαιον
1466 786 1676 822 ἀγαλλιάσεως
1690 785 1769 820 παρὰ
1782 780 1850 818 τοίἶς

218 834 326 862 venisse
343 835 491 862 arbitretur
504 856 511 868 ,
529 836 663 872 signiﬁcat
682 845 743 864 eum
762 837 850 873 ipsum
871 837 1005 864 hominem

1059 835 1203 869 μετόχους
1219 841 1290 860 σου.
1321 833 1376 860 Καὶ
1390 834 1432 860 ἵνα
1445 833 1482 870 μὴ
1499 833 1568 860 κατὰ
1586 832 1735 867 φαντασίαν
1750 840 1792 863 τις
1807 832 1850 867 ἐρ-

219 879 351 912 t'uturum,
369 881 501 917 illumque
514 890 574 910 esse
584 891 633 918 per
646 892 725 918 quem
745 884 837 911 omnia
851 883 919 910 facta
934 889 1007 915 sunt,

220 933 284 952 cum
299 927 364 954 dicit
379 927 406 954 in
420 929 525 962 psalmo
540 930 705 964 octogesimo
720 935 796 957 sexto
813 939 820 957 :
844 929 929 956 Mater
945 929 1009 956 Sion

222 972 290 999 dicet
305 981 313 999 :
327 972 425 1006 Homo,
444 979 467 1001 et
486 974 563 1001 homo
578 980 656 1002 natus
672 982 709 1003 est
726 977 752 1002 in
773 984 813 1007 eu,
832 980 856 1002 et
875 976 929 1009 ipse
946 975 1008 1009 fun-

223 1017 295 1044 davit
315 1026 372 1044 eam
393 1018 553 1046 Altissimus.
576 1018 632 1046 Hoc
654 1021 724 1047 enim
747 1021 858 1055 perinde
882 1025 923 1047 est
940 1027 971 1047 ac
986 1021 1009 1046 si

219 1063 343 1091 diceret:
368 1063 402 1090 Et
426 1064 493 1091 Deus
515 1069 572 1092 erat
598 1064 725 1097 Verbum;
747 1066 835 1093 omnia
857 1074 902 1100 per
923 1066 1008 1100 ipsum

218 1109 291 1144 facta
306 1115 384 1142 sunt;
405 1115 429 1136 et
446 1109 558 1136 Verbum
571 1119 632 1137 caro
645 1111 745 1145 factum
760 1117 798 1138 est
814 1111 834 1136 ’.
848 1111 936 1144 Quare
946 1119 1007 1138 cum

218 1164 251 1183 ex
276 1154 383 1190 Virgine
397 1156 566 1183 nasciturum
581 1157 671 1188 sciret,
689 1165 859 1192 nequaquam
874 1157 900 1183 id
915 1157 1007 1189 siluit,

221 1201 267 1228 scd
284 1201 374 1228 statim
400 1201 481 1236 hujus
505 1202 544 1228 rei
566 1202 694 1229 indicium
717 1202 789 1229 dedit
814 1202 839 1228 in
857 1202 1009 1237 quadrage-

218 1247 288 1274 simo
307 1251 405 1281 quarto
422 1255 428 1272 :
451 1247 531 1279 Audi,
549 1247 618 1282 ﬁlia,
634 1252 658 1274 et
675 1247 732 1274 ride
743 1267 749 1278 ,
763 1253 787 1274 ct
801 1247 900 1273 inclina
918 1254 1008 1274 aurem

218 1296 302 1324 tuam,
318 1296 342 1318 et
356 1291 506 1318 obliviscere
519 1292 644 1327 populum
660 1298 734 1318 tuum
751 1297 775 1319 et
797 1292 902 1318 domum
923 1293 1007 1326 patris

218 1337 268 1367 tui,
292 1338 355 1372 quia
377 1338 540 1372 concupiscet
563 1346 609 1364 res;
632 1339 750 1364 decorem
777 1342 861 1370 tuum,
883 1338 1007 1372 quoniam

217 1384 273 1417 ipse
289 1387 327 1410 est
345 1382 472 1410 Dominus
491 1388 563 1411 tuus.
587 1383 643 1411 lloe
665 1383 766 1419 quippe
781 1383 871 1411 simile
886 1387 927 1410 cst
944 1383 1007 1410 huic

218 1430 353 1458 Gabrielis
367 1430 457 1457 dicto:
471 1430 534 1464 Ave,
548 1431 635 1465 gratia
648 1430 735 1464 plena,
749 1429 877 1456 Dominus
892 1434 975 1456 tecum
985 1430 1006 1456 '.

219 1475 286 1504 Nam
297 1477 341 1503 ubi
350 1484 411 1503 eum
421 1476 559 1504 Christum
573 1477 694 1510 dixisset,
705 1477 852 1504 humanam
863 1477 953 1504 statim
962 1484 1006 1512 ge-

1061 880 1154 915 χεσθαι
1169 880 1249 906 αὐτὸν
1265 877 1355 914 (εἶναι)
1379 880 1477 916 νομίσῃ
1487 900 1494 912 ,
1512 878 1640 914 σημαίνει
1654 878 1734 904 αὑτὸν
1747 877 1850 913 ἄνθρω-

1062 934 1111 952 πον
1136 924 1316 960 γενησόμενον
1329 944 1336 956 ,
1360 925 1406 951 καὶ
1422 924 1515 950 τοῦτον
1531 922 1601 951 εἶναι
1616 924 1650 950 δι’
1664 921 1694 951 οὗ
1711 923 1744 950 τὰ
1765 924 1850 950 πάντα

1060 971 1164 1005 γέγονε,
1178 971 1263 1005 λέγων
1273 973 1302 997 ὲν
1313 970 1351 1006 τῷ
1366 970 1535 1006 ὀγδοηκοστῷ
1547 970 1617 1005 ἕκτῳ
1630 978 1636 984 ·
1658 970 1761 1004 Μήτηρ
1774 969 1850 996 Σιὼν

1059 1017 1134 1051 ἐρεῖ’
1149 1018 1331 1050 Ἄνθρωπος,
1352 1018 1402 1043 καὶ
1421 1017 1577 1050 ἅνθρωπος
1591 1015 1736 1051 ἐγεννήθη
1752 1016 1785 1043 ὲν
1798 1017 1851 1043 αὑ-

1059 1063 1097 1097 τῇ
1109 1083 1116 1096 ,
1137 1063 1185 1090 καὶ
1210 1062 1302 1095 αὐτὸς
1323 1062 1519 1096 ὲθεμελίωσεν
1535 1062 1632 1096 αὐτὴν
1652 1063 1668 1088 ὀ
1691 1062 1848 1096 ”Υψιστος.

1060 1109 1144 1135 Τοῦτο
1157 1109 1210 1144 γὰρ
1227 1109 1283 1136 ἴσον
1301 1109 1364 1136 ἔστῖ
1374 1109 1413 1144 τῷ
1431 1109 1532 1135 εἰπεῖν’
1554 1108 1607 1135 Καὶ
1627 1108 1698 1141 Θεὸς
1710 1105 1749 1143 ἦν
1762 1109 1779 1134 ό
1795 1109 1850 1134 Λό-

1059 1163 1111 1189 γος
1121 1163 1127 1170 ·
1145 1155 1242 1181 πάντα
1260 1154 1296 1181 δι’
1309 1154 1403 1182 αὑτοῦ
1416 1154 1544 1189 ἐγένετο,
1568 1153 1617 1180 καὶ
1630 1155 1646 1180 ό
1660 1154 1756 1188 Λόγος
1771 1154 1848 1188 σὰρξ

1058 1200 1186 1236 ἐγένετο.
1216 1201 1264 1227 Διὰ
1276 1200 1355 1227 τοῦτο
1368 1201 1414 1227 καὶ
1427 1201 1458 1226 τὸ
1468 1221 1475 1232 ,
1493 1201 1526 1226 ὲκ
1541 1199 1676 1236 Παρθένου
1686 1220 1693 1232 ,
1708 1199 1849 1233 γινώσκων

1058 1247 1108 1273 οὐκ
1125 1246 1294 1282 ἐσιώπησεν,
1313 1247 1368 1274 ἀλλ’
1385 1247 1465 1279 εὐθὺς
1484 1246 1601 1281 ἔμφασίν
1620 1255 1680 1272 τινα
1697 1246 1803 1273 δίδωσιν
1821 1247 1849 1272 ἐν

1058 1293 1096 1328 τῷ
1111 1293 1320 1329 τεσσαρακοστῷ
1346 1293 1468 1329 τετάρτῳ
1480 1292 1593 1327 ψαλμῷ,
1610 1293 1694 1327 λέγων
1705 1302 1712 1307 -
1741 1294 1850 1320 Ἀκου-

1057 1348 1124 1371 σον,
1141 1339 1275 1374 θύγατερ,
1293 1339 1341 1365 καὶ
1355 1339 1409 1370 ἴδε,
1422 1339 1470 1365 καὶ
1483 1338 1587 1366 κλῖνον
1600 1339 1633 1366 τὸ
1645 1337 1699 1372 οὖς
1710 1346 1768 1365 σου
1779 1359 1786 1371 ,
1799 1339 1849 1364 καὶ

1057 1385 1201 1412 ἐπιλάθου
1211 1385 1264 1412 τοῦ
1274 1385 1352 1412 λαοῦ
1364 1393 1422 1412 σου
1436 1384 1486 1411 καὶ
1500 1385 1553 1412 τοῦ
1565 1385 1649 1412 οΖκου
1663 1384 1716 1412 τοῦ
1739 1385 1851 1418 πατρός

1057 1440 1125 1465 σου,
1135 1431 1179 1458 ὅτι
1187 1428 1378 1466 ἐπεθύμησεν
1386 1433 1403 1458 ό
1414 1431 1564 1464 ,ϐασιλεὺς
1573 1430 1627 1458 τοῦ
1637 1430 1769 1463 κάλλους
1779 1439 1848 1457 σου.

1058 1477 1142 1505 Τοῦτο
1154 1478 1208 1514 γὰρ
1219 1477 1300 1504 πάλιν
1312 1477 1403 1513 ὅμοιόν
1416 1479 1473 1504 ἐστι
1485 1477 1532 1504 τοῦ
1548 1477 1694 1512 λεγομένου
1711 1477 1786 1514 παρὰ
1801 1477 1850 1504 τοῦ

218 1523 386 1550 neralionem
397 1531 431 1551 ex
441 1523 551 1558 Virgine
565 1523 663 1550 factam
676 1523 825 1550 declaravit
838 1523 881 1551 his
897 1523 1005 1550 verbis:

1059 1522 1177 1558 Γαϐριὴλ
1185 1532 1191 1538 ·
1204 1523 1302 1557 Χαῖρε,
1312 1522 1541 1558 κεχαριτωμένη,
1552 1525 1567 1550 ὁ
1578 1524 1684 1557 Κύριος
1693 1522 1767 1558 μετά
1779 1522 1849 1549 σοῦ.

220 1569 308 1600 Audi,
323 1569 390 1602 ﬁlia.
413 1567 446 1595 Et
462 1568 570 1596 Gabriel
585 1568 693 1603 quidem
713 1576 745 1595 ex
761 1569 871 1596 nomine
893 1567 1005 1595 Mariam

1059 1571 1114 1596 Kal.
1127 1569 1179 1605 γὰρ
1194 1569 1312 1605 εἰρηκὼς
1328 1569 1409 1596 αὑτὸν
1425 1569 1560 1605 Χριστὸν.
1585 1568 1665 1600 εὐθὺς
1679 1569 1726 1595 καὶ
1738 1568 1787 1604 τὴν
1801 1569 1849 1594 ἀν-

219 1615 346 1650 appellat,
360 1615 432 1650 quod
448 1622 546 1650 genere
559 1615 592 1641 ab
606 1614 651 1641 illa
669 1614 774 1642 alienus
786 1619 858 1642 esset
870 1624 875 1642 :
886 1619 913 1641 at
923 1614 1005 1641 David

1059 1615 1196 1651 θρωπίνην
1210 1616 1314 1650 γένεσιν
1329 1617 1360 1642 ὲκ
1374 1616 1424 1650 τῆς
1447 1615 1585 1651 Παρθένου
1601 1615 1729 1650 ἐδήλωσε,
1745 1615 1848 1648 λέγων’

218 1662 305 1696 ipsam
319 1669 351 1688 ex
365 1669 414 1688 suo
428 1662 531 1688 semine
542 1661 696 1692 orlundam,
710 1661 790 1687 ﬁliam
804 1660 899 1688 merito
913 1665 1001 1688 vocat.

1059 1662 1218 1694 Ἄκουσον,
1237 1663 1372 1697 θύγατερ.
1397 1661 1443 1688 Ἰδὲ
1457 1663 1471 1688 6
1486 1661 1535 1696 μὲν
1550 1660 1668 1697 Γαϐριὴλ
1679 1660 1708 1693 ὲξ
1719 1660 1850 1696 ὀνόματος

219 1708 296 1734 καλεῖ
311 1707 436 1743 Μαρίαν,
457 1707 530 1741 ξένος
551 1706 588 1733 ὣν
613 1707 697 1741 αὐτῆς
716 1707 787 1733 κατὰ
800 1706 848 1742 τὴν
865 1707 968 1741 γένεσιν
979 1715 985 1722 ·
1003 1709 1018 1734 6
1034 1708 1061 1734 δὲ
1075 1708 1156 1735 Δαϐὶδ
1171 1709 1203 1734 ὲκ
1218 1707 1264 1735 τοῦ
1278 1708 1432 1744 σπέρματος
1453 1707 1535 1735 αὐτοῦ
1559 1707 1741 1742 τυγχάνουσαν
1764 1706 1850 1741 αὐτὴν

219 1753 330 1786 εἰκότως
345 1753 480 1790 θυγατέρα
500 1755 655 1789 προσφωνεῖ
669 1754 779 1789 ταύτην.

255 1798 281 1826 7.
297 1797 350 1825 Ubi
379 1803 469 1826 autem
490 1799 559 1826 dixit
579 1797 750 1826 Psalntorum
780 1798 847 1826 liber
868 1799 1005 1826 hominem

218 1852 279 1872 eum
297 1844 418 1872 luturum
438 1852 515 1876 esse,
538 1849 736 1880 consequenter
750 1845 826 1871 illum
843 1852 926 1872 carne
943 1853 1006 1880 pas-

220 1890 325 1918 sibilem
342 1890 486 1925 signiﬁcat.
502 1889 570 1917 Dum
585 1895 675 1917 autem
689 1889 762 1917 videt
778 1889 887 1917 futuras
900 1889 1005 1917 Judmoc

220 1943 281 1962 rum
298 1936 420 1968 insidias,
436 1936 510 1964 canit
525 1936 550 1963 in
566 1936 687 1963 secundo
701 1936 806 1970 psalmo
825 1945 830 1962 :
850 1935 937 1968 Quare
954 1936 1005 1968 fre-

220 1986 340 2007 muerunt
351 1986 447 2016 gentes,
459 1985 483 2007 et
495 1981 584 2016 populi
595 1981 714 2007 meditati
733 1985 793 2007 sunt
806 1981 921 2007 inania?
934 1981 1006 2007 Asti»

220 2030 306 2052 terunt
324 2034 394 2062 reges
410 2031 496 2058 term,
508 2031 533 2052 et
552 2027 681 2060 principes
695 2030 868 2052 convenerunt
882 2026 910 2052 in
924 2034 1005 2052 unum

221 2071 344 2099 adversus
368 2071 510 2099 Dominum
532 2076 556 2098 et
581 2072 705 2099 adversus
728 2071 862 2098 Christum
885 2072 952 2105 ejus.
975 2072 1005 2098 ln

222 2118 350 2146 vicesimo
365 2123 456 2145 autem
480 2118 568 2153 primo
588 2118 675 2153 ipsam
697 2119 793 2145 mortis
818 2118 951 2145 rationem
973 2126 1003 2145 ex

221 2171 336 2199 persona
361 2163 508 2191 Salvatoris
527 2164 649 2198 loquitur
674 2173 681 2191 :
706 2162 739 2190 In
758 2164 889 2198 pulverem
914 2165 1005 2191 mortis

221 2210 353 2238 deduxisti
380 2218 430 2237 me.
455 2210 587 2243 Quoniam
609 2210 838 2237 circumdederunt
864 2218 904 2237 me
929 2219 1005 2237 canes

221 2256 308 2290 multi,
320 2255 461 2284 consilium
472 2256 674 2292 malignantium
689 2256 789 2283 obsedit
803 2264 852 2283 me.
870 2256 1004 2284 Fuderunt

220 2310 313 2329 manus
330 2310 401 2329 meas
418 2305 442 2328 et
465 2301 540 2336 pedes
558 2309 628 2329 meos
641 2322 648 2334 ,
667 2301 897 2328 dinumeraverunt
916 2302 1005 2328 omnia

221 2357 280 2376 ossa
302 2356 369 2376 mea.
394 2347 450 2384 Ipsi
470 2356 528 2375 vero
546 2349 775 2376 eonsideraverunt
792 2353 816 2375 et
837 2349 1005 2383 inspexerunt

1091 1799 1107 1832 ζ
1113 1799 1292 1835 ’.Ἄνθρωπον
1305 1798 1332 1825 δὲ
1346 1798 1425 1825 αὑτὸν
1437 1799 1563 1834 εἰρηκυία
1576 1799 1756 1834 γενησόμενον
1769 1818 1776 1829 ,
1788 1799 1852 1825 ἀκο-

1056 1847 1157 1878 λούθως
1167 1847 1213 1873 καὶ
1224 1845 1344 1881 παθητὸν
1354 1845 1434 1872 αὐτὸν
1447 1846 1528 1881 σαρκὶ
1537 1845 1671 1881 σημαίνει.
1684 1845 1740 1880 Τήν
1748 1854 1778 1871 τε
1788 1846 1852 1871 ἐπι-

1057 1893 1152 1928 ϐουλὴν
1168 1892 1244 1927 παρὰ
1260 1891 1313 1918 τῶν
1331 1891 1464 1918 Ἰουδαίων
1479 1892 1570 1927 ὁρῶσα
1583 1890 1739 1926 γινομένην,
1751 1890 1851 1926 ψάλλει

1056 1939 1085 1964 ἐν
1097 1938 1145 1972 μὲν
1157 1937 1194 1972 τῷ
1206 1936 1323 1972 δευτέρῳ
1334 1936 1434 1972 ψαλμῷ
1443 1945 1449 1951 ·
1469 1937 1536 1964 Ἵνα
1547 1937 1576 1963 τι
1591 1936 1744 1971 ἐφρύαξαν
1762 1936 1849 1970 ἔθνη,

1057 1984 1103 2010 καὶ
1111 1983 1178 2011 λαοὶ
1186 1983 1371 2017 ἐμελέτησαν
1378 1983 1451 2010 κενὰ
1456 1992 1465 2015 ;
1474 1983 1673 2018 Παρέστησαν
1678 1982 1855 2016 οἱβαοίλεῖς

1056 2029 1112 2063 τῆς
1120 2029 1186 2064 γῆς,
1200 2029 1249 2056 καὶ
1262 2029 1288 2056 οὶ
1301 2028 1444 2064 ἄρχοντες
1454 2029 1656 2063 συνήχθησαν
1665 2029 1713 2056 ἐπὶ
1725 2028 1759 2056 τὸ
1773 2030 1853 2056 αὐτὸ

1057 2075 1131 2101 κατὰ
1138 2074 1190 2101 τοῦ
1199 2075 1310 2108 Κυρίου
1319 2075 1449 2101 καὶκατὰ
1457 2075 1510 2101 τοῦ
1518 2074 1647 2108 Χριστοῦ
1659 2074 1752 2102 αὑτοῦ
1762 2083 1769 2090 ·
1780 2076 1811 2102 ὲν
1821 2075 1853 2101 δὲ

1056 2118 1094 2154 τῷ
1108 2118 1221 2155 εἰκοστῷ
1238 2119 1286 2146 καὶ
1301 2119 1401 2155 πρώτῳ
1415 2120 1463 2156 τὴν
1479 2120 1609 2155 ποιότητα
1622 2120 1670 2146 τοῦ
1683 2120 1798 2147 θανάτου
1815 2121 1853 2146 ἐκ

1058 2165 1202 2200 προσώπου
1223 2166 1269 2193 τοῦ
1288 2166 1412 2202 Σωτῆρος
1425 2174 1523 2201 φησιν·
1548 2167 1600 2199 Εἰς
1624 2165 1700 2201 χοῦν
1717 2165 1853 2193 θανάτου

1056 2210 1220 2245 κατήγαγές
1232 2219 1270 2245 με
1281 2219 1288 2226 ⁸
1306 2211 1351 2237 ὅτι
1364 2210 1543 2238 ἐκύκλωσάν
1561 2219 1599 2245 με
1623 2211 1712 2244 κύνες
1725 2210 1852 2241 πολλοὶ,

1056 2255 1215 2290 συναγωγὴ
1228 2255 1476 2290 πονηρευομένων
1486 2256 1647 2291 περιέσχον
1654 2265 1701 2291 με.
1714 2256 1854 2290 Ὠρυξαν

1057 2301 1157 2336 χεῖράς
1164 2311 1223 2337 μου
1237 2303 1284 2329 καὶ
1300 2303 1394 2336 πόδας
1403 2311 1474 2338 μου,
1488 2302 1692 2338 ἐξηρίθμησαν
1701 2303 1805 2329 πάντα·
1812 2303 1854 2330 τὰ

1058 2347 1133 2375 ὀστᾶ
1141 2357 1211 2382 μου.
1233 2349 1323 2375 Αὐτοὶ
1337 2348 1371 2375 δὲ
1385 2348 1582 2382 κατενόησαν,
1599 2348 1647 2375 καὶ
1659 2348 1779 2375 ἐπεῐὸὀν
1791 2357 1833 2383 με
1844 2358 1852 2364 ·

221 2402 280 2426 me;
295 2394 441 2421 diviserunt
456 2394 506 2421 sibi
526 2395 680 2422 vestimenta
696 2403 752 2422 mea
762 2415 769 2427 ,
782 2401 806 2422 et
820 2403 897 2429 super
910 2401 1005 2422 vestem

1059 2392 1263 2427 διεμερίσαντο
1275 2393 1311 2419 τὰ
1326 2393 1425 2427 ἱμάτιά
1437 2401 1496 2427 μου
1516 2393 1632 2426 ἑαυτοῖς
1643 2412 1650 2423 ,
1666 2392 1714 2419 καὶ
1726 2392 1775 2419 ἐπὶ
1793 2393 1854 2419 τὸν

221 2448 305 2467 meam
325 2441 451 2467 miserunt
467 2445 572 2467 sortem.
595 2440 673 2474 Quod
690 2441 728 2468 ait
745 2445 835 2468 autem
860 2449 958 2468 manus
977 2445 1005 2468 ct

220 2485 303 2520 pedes
315 2493 379 2513 suos
395 2484 534 2513 confossos
550 2493 620 2518 esse,
632 2486 697 2520 quid
708 2486 780 2513 aliud
794 2494 875 2520 quam
895 2493 1004 2513 crucem

220 2530 374 2566 signiﬁcat?
393 2530 456 2559 Haec
478 2531 569 2559 omnia
590 2536 733 2567 postquam
754 2532 866 2564 docuit,
889 2531 1004 2566 adjicit,

221 2583 276 2602 non
297 2575 339 2603 sui
359 2583 457 2608 causa,
477 2576 523 2603 sed
545 2581 654 2611 propter
670 2583 720 2603 nos
737 2576 763 2603 id
776 2576 830 2611 pati
848 2575 1004 2602 Dominum.

221 2621 320 2656 Aitque
333 2629 442 2648 rursum
459 2629 474 2649 e
486 2629 601 2657 persona
620 2623 679 2658 ejus
693 2623 719 2649 in
735 2622 901 2658 octogesimo
919 2622 1004 2656 septi-

222 2676 285 2696 mo:
305 2667 388 2703 Super
401 2677 441 2696 me
461 2669 631 2704 conﬁrmatus
645 2674 683 2696 est
701 2669 776 2704 furor
789 2665 914 2701 tuus;in‘
927 2676 1005 2696 sexa-

221 2714 324 2748 gesimo
336 2718 423 2742 autem
438 2719 533 2742 octavo
549 2723 555 2741 :
579 2714 644 2747 Qua:
658 2722 710 2742 non
729 2715 822 2749 rapui,
838 2719 898 2740 tunc
915 2714 1004 2740 exsol-

216 2789 222 2794 ‘
258 2783 266 2798 ¹
281 2781 378 2811 Genes.
391 2791 410 2817 ι,
425 2783 441 2810 5
454 2791 529 2818 seqq.

256 2852 295 2888 (Ξ)
322 2852 365 2879 Ἐν
378 2852 660 2890 τριακοστῷδευτὲρῳ
673 2853 716 2881 ed.

1057 2439 1214 2473 Ιμιιτισμόν
1225 2448 1284 2474 μου
1295 2439 1403 2466 ἔϐαλον
1410 2438 1533 2473 κλῆρον.
1548 2439 1583 2465 Τὸ
1593 2438 1621 2465 δὲ
1631 2439 1681 2470 τὰς
1691 2440 1786 2474 χεῖρας
1801 2441 1849 2466 καὶ

1057 2485 1119 2516 τοὺς
1141 2485 1223 2516 πόδας
1249 2485 1423 2520 ὀρύττεσθαι,
1444 2486 1471 2512 τί
1487 2485 1578 2521 ἕτερον
1596 2485 1613 2520 ἢ
1630 2483 1744 2520 σταυρὸν
1759 2485 1844 2519 λέγωι

1057 2531 1200 2565 σημαίνει;
1214 2531 1305 2557 Πάντα
1316 2531 1402 2557 ταῦτα
1420 2531 1580 2557 διδάσκουσα
1591 2530 1767 2566 προστίθησιν
1777 2550 1785 2562 ,
1807 2531 1840 2556 ὅτ

1058 2576 1094 2612 μὴ
1106 2577 1139 2603 δι’
1148 2577 1252 2610 ἑαυτὸν,
1262 2577 1295 2604 δι’
1306 2579 1379 2613 ἡμᾶς
1391 2578 1419 2604 δὲ
1429 2577 1514 2604 ταῦτα
1528 2578 1627 2612 πάσχει
1640 2578 1654 2604 ὁ
1665 2577 1775 2613 Κύριος.
1791 2578 1838 2604 Κα

1057 2631 1138 2657 φησιν
1154 2623 1186 2649 ἐκ
1201 2623 1346 2658 προσώπου
1362 2623 1443 2649 πάλιν
1453 2622 1535 2649 αὑτοῦ
1546 2623 1574 2649 ὲν
1589 2623 1638 2657 μὲν
1650 2622 1689 2657 τῷ
1703 2621 1765 2654 πζ¹”
1785 2622 1850 2648 Ἐπ⁴

1056 2668 1107 2702 ἐμὲ
1119 2669 1318 2704 ἑπεστηρίχθη
1337 2671 1353 2695 ό
1367 2668 1460 2703 θυμός
1474 2676 1533 2695 σου
1544 2676 1551 2684 ⁸
1566 2670 1595 2695 ὲν
1608 2668 1636 2695 δὲ
1650 2668 1689 2703 τῷ
1703 2667 1850 2703 ἑξηκοστῷ

1056 2714 1153 2750 ὀγδόῳ·
1175 2716 1209 2742 Ἃ
1228 2716 1283 2750 οὐχ
1297 2715 1429 2749 ἧρπασα,
1446 2715 1511 2742 τότε
1523 2715 1714 2742 ἁπέτὶννυον.
1735 2715 1773 2741 Οὐ
1789 2714 1853 2749 γὰρ

568 2784 578 2799 ¹
594 2783 672 2810 Joan.
692 2791 712 2814 ι,
731 2783 796 2818 1,2,
815 2784 856 2811 ιι.
895 2784 905 2799 ³
919 2783 982 2811 Luc.
1006 2792 1026 2816 ι,
1045 2783 1089 2810 28.
