1938 3053
97 143 136 180 ἅτ’
385 162 393 168 -
652 146 818 174 EPISTULA
837 146 881 172 AD
900 144 1158 174 MARCELLINUM.
1679 140 1711 167 18

97 206 244 238 ὑπεύθυνος
259 206 296 233 ὢν
317 205 486 241 ἀπέθνησκεν
499 225 505 236 ,
523 205 580 232 ἀλλ’
593 205 662 241 ὑπὲρ
678 205 754 240 ἡμῶν
770 205 882 240 ἔπασχε,

938 205 1033 232 rebam.
1059 204 1118 232 Non
1142 203 1213 232 enim
1239 202 1298 230 ideo
1324 206 1448 229 mortuus
1471 204 1521 232 cst,
1551 198 1623 234 quod
1649 206 1712 226 reus

97 254 141 280 καὶ
151 252 198 279 τὺν
211 251 272 278 καθ’
288 251 365 287 ἡμῶν
380 251 465 286 θυμὸν
481 251 525 278 διὰ
537 251 586 287 τὴν
601 251 754 286 παράϐασιν
765 252 806 284 ἐφ’
816 252 881 277 ἑαυ-

96 299 138 325 τὸν
151 297 299 330 ἐδάσταζε,
319 297 431 332 λέγοντα
441 297 484 324 διὰ
499 297 546 323 τοῦ
569 297 678 323 Ἡσαΐου
691 305 697 311 ”
715 296 810 329 Αὐτὸς
830 296 882 329 τὰς

97 344 253 376 ἀσθενείας
266 342 351 377 ἡμῶν
362 343 466 370 ἐλαϐε-
483 342 530 368 καὶ
544 342 676 376 λεγόντων
700 342 749 376 μὲν
764 341 840 377 ἡμῶν
854 342 882 368 ἐν

96 390 133 425 τῷ
147 389 284 424 ἑκατοστῷ
293 389 446 425 τριακοστῴ
454 389 558 423 ἑϐδόμῳ
570 387 668 424 ψαλμῷ
675 396 682 403 ·
698 388 805 422 Κύριος
814 388 883 414 ἀντ-

96 435 243 462 (κτοδώσει
263 435 341 469 ὑπὲρ
360 435 449 470 ἐμοῦ·
481 435 605 468 λέγοντος
625 434 653 460 δὲ
673 434 720 460 καὶ
738 433 784 460 τοῦ
800 433 884 461 Πνεῦ-

98 490 181 516 ματος
204 481 234 507 ἐν
258 480 449 516 ἑϐδομηκοστῷ
467 480 585 516 πρώτῳ’
618 480 672 508 Kal
698 479 790 507 σώσει
813 480 884 512 τοὺς

95 527 180 559 υἱοὺς
193 525 252 552 τῶν
264 525 409 560 πενήτων,
425 527 472 553 καὶ
483 525 659 553 ταπεινώσει
673 525 880 560 συκοφάντην,

96 573 138 600 ὅτι
152 574 311 607 ἐρῤύσατο.
324 573 444 606 πτωχὸν
465 572 500 598 ἐκ
522 571 621 606 χειρὸς
644 571 797 599 δυνάστου
811 591 818 602 ,
835 571 884 598 καὶ

95 617 219 652 πένητα,
235 614 260 651 ᾧ
275 619 331 653 οὐχ
343 617 460 652 ὑπῆρχε
471 618 592 650 βοηθός.

129 667 169 699 η’.
186 664 235 690 Διὰ
250 663 328 690 τοῦτο
341 663 388 690 καὶ
402 664 452 699 τὴν
469 664 508 695 εἰς
519 664 651 699 οὐρανοὺς
668 663 825 698 σωματικὴν
837 664 885 690 αὖε

95 709 141 736 τοῦ
157 710 248 736 ἄνοδον
264 709 425 745 προμηνύει,
446 710 492 735 καὶ
508 709 581 743 λέγει
597 709 626 736 ἐν
646 710 694 744 μὲν
709 709 822 744 εἰκοστῷ
837 709 884 735 καὶ

95 755 179 791 τρίτῳ
190 764 198 772 ·
232 756 340 789 Ἄρατε
356 756 470 788 πύλας,
490 757 517 782 οἱ
538 755 698 790 ἄρχοντες,
719 755 817 790 ὑμῶν,
835 756 884 782 καὶ

95 800 252 834 ὲπάρθητε,
273 801 366 827 πύλαι
383 799 505 832 αὶώνιοι,
524 800 574 826 καὶ
589 800 792 827 εἰσελεύσεται
806 801 822 826 ὁ
833 799 886 831 ,ϐα-

96 845 202 879 σιλεὺς
215 845 269 880 τῆς
290 845 382 880 δόξης
393 854 400 861 ·
432 847 461 872 ἐν
480 846 508 872 δὲ
526 845 565 881 τῷ
578 845 800 881 τεσσαρακοστῷ·
823 846 886 871 Ἀν-

96 891 150 925 ἐϐη
161 891 257 923 ὁΘεὸς
267 891 302 918 ἐν
315 891 486 927 ἀλαλαγμῷ,
501 893 607 925 Κύριος
619 891 653 918 ἐν
666 890 749 925 φωνῇ
762 890 885 925 σάλπιγ-

97 945 158 971 τος.
180 936 235 973 Τὴν
253 937 302 972 μὲν
317 937 424 964 κάθισιν
440 937 607 972 ἀναγγέλλει,
625 936 671 963 καί
695 944 777 971 φησιν
791 936 820 963 ὲν
837 935 885 970 μὲν

97 983 136 1018 τῷ
148 983 286 1019 ἑκατοστῷ
299 983 417 1018 ὲννάτῳ·
442 983 536 1010 Εἶπεν
553 984 568 1009 ὀ
594 983 701 1016 Κύριος
724 981 764 1014 τῷ
789 981 885 1015 Κυρίῳ

94 1037 154 1063 μου
167 1036 174 1043 ·
201 1027 300 1055 Κάθου
327 1028 361 1054 ἐκ
377 1027 484 1060 δεξιῶν
503 1036 578 1061 μου,
602 1027 658 1060 ἕως
684 1027 722 1054 ἂν
748 1025 788 1054 θῶ
815 1026 886 1058 τοὺς

97 1073 223 1108 ἐχθρούς
236 1081 294 1100 σου
310 1073 475 1100 ὑποπόδιον
485 1073 545 1099 τῶν
557 1071 657 1099 ποδῶν
672 1079 731 1099 σου
741 1080 747 1085 ·
768 1072 796 1098 ὲν
809 1071 837 1098 δὲ
848 1071 886 1106 τῷ

97 1120 201 1154 ὲννάτῳ
211 1120 258 1146 καὶ
267 1119 316 1155 τὴν
326 1119 474 1155 γενομένην
485 1118 622 1146 ἀπώλειαν
634 1117 680 1144 τοῦ
689 1117 810 1144 διαϐόλου
819 1117 884 1153 βοᾷ·

103 1164 260 1197 Ἐκάθισας
283 1164 333 1190 ἐπὶ
349 1165 456 1198 θρόνου
470 1183 478 1196 ,
505 1165 521 1191 ό
547 1164 656 1198 κρίνων
670 1163 867 1197 δικαιοσύνην
877 1171 884 1178 ·

96 1203 283 1245 ἐπετίμησαξ
296 1211 396 1238 ἔθνεσι
406 1230 414 1242 ,
434 1210 482 1237 καὶ
496 1210 630 1237 ἀπώλετο
642 1211 658 1237 ό
678 1210 801 1242 ἀσεϐής.
832 1209 886 1236 Καὶ

98 1257 153 1292 γὰρ
166 1258 206 1283 ὅτι
223 1257 272 1290 τὴν
288 1257 379 1292 κρίσιν
393 1257 483 1284 πᾶσαν
504 1256 583 1284 ἔλαϐε
600 1256 675 1292 παρά
698 1256 744 1282 τοῦ
769 1257 885 1292 Πατρὺς,

97 1304 148 1329 οὐκ
167 1303 283 1338 ἔκρυψεν
295 1324 302 1335 ,
328 1303 395 1330 ἀλλὰ
410 1304 457 1329 καὶ
474 1303 569 1339 κριτὴν
585 1303 694 1329 πάντων
712 1302 792 1329 αὑτὸν
810 1302 887 1338 ὲρχὸ-

100 1357 181 1384 μενον
197 1348 350 1384 προμηνύει
363 1349 391 1375 ὲν
407 1349 455 1383 μὲν
470 1352 515 1374 οα¹
526 1356 532 1363 ·
549 1349 580 1375 '0
592 1348 672 1381 Θεὸς,
683 1347 715 1374 τὸ
729 1348 815 1383 κρῖμά
828 1355 887 1374 σου

98 1393 139 1426 τῷ
152 1393 281 1425 ,ϐασιλεῖ
303 1393 355 1426 δὸς
367 1415 374 1427 ,
402 1394 451 1421 καὶ
478 1393 534 1426 τὴν
559 1393 755 1427 δικαιοσύνην
773 1401 830 1420 σου
848 1393 887 1425 τῷ

97 1439 153 1472 υἱῷ
165 1440 217 1467 τοῦ
223 1440 387 1474 βασιλέως,
396 1441 509 1475 κρίνειν
520 1441 573 1467 τὸν
584 1441 659 1468 λαόν
668 1448 724 1467 σου
738 1441 772 1467 ὲν
782 1440 887 1467 δικαιο-

97 1486 179 1520 σύνῃ
190 1506 197 1518 ,
218 1486 269 1512 καὶ
285 1485 354 1518 τοὺς
380 1487 516 1519 πτωχούς
531 1493 588 1512 σου
605 1485 639 1511 ἐν
655 1486 768 1519 κρίσει·
806 1486 834 1511 ὲν
860 1485 889 1512 δὲ

931 256 1013 283 esset,
1030 251 1076 279 sed
1094 257 1143 284 pro
1161 249 1237 276 nobis
1253 256 1349 283 passus
1360 252 1412 280 est,
1433 247 1556 280 iramque
1568 245 1712 272 adversum

932 305 982 324 nos
993 301 1149 331 conceptam
1166 296 1200 322 ob
1217 294 1464 330 praevaricationem
1478 293 1505 319 in
1519 300 1547 320 se
1566 291 1712 324 sustinuit,

932 343 1036 370 dicente
1050 350 1096 376 per
1107 341 1203 369 Isaiam
1213 341 1240 367 ‘z
1256 339 1428 373 Infirmitates
1441 343 1544 365 nostras
1559 337 1614 372 ipse
1628 345 1714 364 susce-

932 389 988 422 pit;
1015 392 1041 414 et.
1071 386 1223 414 dicentibus
1250 385 1329 413 nobis
1354 385 1381 411 in
1408 383 1555 411 centesimo
1575 383 1712 410 tricesimo

933 434 1047 468 septimo
1065 441 1072 460 :
1091 432 1217 459 Dominus
1229 431 1352 458 retribuet
1364 438 1410 464 pro
1424 438 1473 456 me.
1491 429 1592 464 Spiritu
1605 436 1714 463 quoque

933 479 1038 507 dicente
1059 479 1085 505 in
1108 476 1306 512 septuagesimo
1332 477 1419 510 primo
1439 485 1445 502 :
1471 475 1504 501 Et
1528 475 1612 502 salvos
1635 475 1714 509 faciet

933 526 1003 560 ﬁlios
1023 532 1175 560 pauperum,
1201 529 1225 551 et
1240 523 1389 550 Itumitiabit
1409 523 1635 554 caluntm'atorem,
1652 521 1714 556 quia

933 571 1053 599 liberavit
1074 578 1213 605 pauperem
1229 578 1246 596 α
1265 574 1366 603 potente
1376 589 1385 601 ι
1398 574 1422 595 et
1434 576 1589 604 pauperem,
1609 567 1651 594 cui
1664 575 1715 594 mm

933 623 989 645 erat
1001 618 1119 652 adjutor.

969 665 996 691 8.
1012 663 1181 699 Quapropter
1206 661 1265 696 ejus
1285 669 1394 696 quoque
1412 661 1437 688 in
1462 660 1546 688 caelos
1571 667 1715 687 ascensum

934 711 1069 747 praedicit,
1085 710 1176 745 aitque
1194 710 1220 736 in
1237 709 1367 737 vicesimo
1385 707 1464 735 tertio
1482 717 1489 734 :
1516 707 1636 734 Attottt‘te
1655 715 1716 742 por-

936 764 987 792 tas,
998 758 1137 792 principes,
1149 761 1258 788 vestras,
1272 761 1297 783 et
1308 755 1453 787 elevamini,
1470 759 1551 788 portte
1568 754 1716 786 teternales,

935 808 959 830 et
967 802 1087 830 introibit
1100 809 1145 829 rex
1162 801 1262 837 glorite.
1272 800 1300 827 In
1312 800 1519 836 quadragesimo
1527 803 1616 826 autem
1624 803 1715 826 sexto:

937 849 1060 876 Ascendit
1075 848 1145 874 Deus
1157 847 1185 874 in
1195 846 1366 882 jubilatione,
1379 846 1506 872 Dominus
1522 845 1548 872 in
1563 853 1623 872 voce
1637 844 1715 871 lubtr.

937 895 1089 922 Sessionem
1106 902 1214 928 quoque
1228 894 1389 924 annuntiat.
1410 893 1502 927 aitque
1525 892 1552 918 in
1570 891 1717 919 centesimo

935 949 1008 969 nono
1027 951 1032 968 :
1052 941 1126 968 Dixit
1141 940 1268 967 Dominus
1289 940 1399 967 Domino
1418 948 1491 967 meo:
1505 938 1570 966 Sede
1588 947 1603 964 a
1617 937 1717 964 dextris

936 984 999 1011 meis
1010 1003 1018 1016 ,
1033 983 1113 1011 donec
1135 992 1230 1018 ponant
1251 984 1371 1011 inimicos
1392 988 1449 1010 tuos
1465 982 1607 1010 scnbellum
1623 982 1718 1016 pedum

937 1035 1049 1056 tuorum.
1074 1029 1102 1056 In
1127 1038 1199 1057 nono
1212 1034 1300 1056 autem
1318 1029 1424 1064 psalmo
1445 1029 1592 1063 perniciem
1609 1035 1719 1062 quoque

936 1075 1035 1102 diaboli
1057 1074 1151 1106 addit,
1171 1079 1197 1102 ct
1217 1075 1316 1102 clamat
1333 1084 1339 1101 :
1359 1073 1457 1101 Sedistt‘
1481 1082 1558 1108 super
1578 1074 1717 1106 thronum,

935 1122 980 1157 qui
1001 1121 1108 1155 judice:
1122 1121 1257 1156 justitiam
1275 1128 1285 1148 :
1310 1121 1451 1155 increpasti
1472 1125 1577 1155 gentes.
1598 1125 1621 1147 et
1640 1120 1727 1153 periit-

936 1168 1042 1202 impius.
1060 1167 1126 1194 Nam
1141 1167 1212 1202 quod
1228 1174 1310 1195 omne
1327 1166 1459 1201 judicium
1476 1173 1490 1192 a
1510 1165 1590 1193 Patre
1608 1173 1719 1200 accepe-

936 1213 980 1246 rit,
1001 1213 1028 1240 id
1042 1213 1153 1240 minime
1168 1212 1275 1244 celavit,
1290 1212 1336 1239 sed
1354 1212 1442 1246 ipsum
1457 1211 1580 1239 omnium
1596 1211 1720 1246 judicem

936 1263 1079 1286 venturum
1090 1258 1252 1292 prmnuntiat
1265 1258 1292 1284 in
1306 1257 1504 1292 septuagesimo
1516 1257 1604 1292 primo
1617 1265 1623 1282 :
1639 1256 1718 1288 Deus,

932 1303 1064 1338 judicium
1077 1308 1150 1338 tuum
1165 1303 1218 1338 regi
1229 1303 1280 1336 da,
1298 1307 1322 1329 et
1333 1303 1468 1337 justitiam
1484 1307 1556 1328 tuam
1570 1302 1625 1336 ﬁlio
1637 1303 1722 1337 regis,

932 1348 1054 1382 judicare
1064 1347 1189 1383 populum
1208 1353 1282 1375 tuum
1298 1348 1324 1374 in
1342 1347 1451 1382 jnstt'tia
1461 1367 1467 1378 .
1480 1353 1504 1374 et
1519 1356 1645 1382 pauperes
1661 1353 1720 1375 tuos

937 1395 964 1421 in
975 1394 1088 1429 judicio.
1109 1395 1138 1420 In
1155 1393 1362 1429 quadragesimo
1377 1399 1466 1421 autem
1488 1401 1560 1421 nono
1576 1394 1613 1421 ait
1634 1402 1641 1421 :
1665 1394 1722 1421 Ad-

938 1439 1038 1466 vocubit
1055 1439 1146 1466 caelum
1163 1439 1300 1466 desursum
1313 1460 1319 1470 .
1333 1445 1358 1466 et
1373 1444 1470 1466 terram
1482 1460 1490 1472 ,
1512 1440 1658 1467 discernere
1672 1447 1719 1474 po—

937 1485 1027 1518 pulant
1041 1493 1128 1512 suum.
1148 1483 1182 1511 Et
1205 1484 1397 1520 apnuntt’abunt
1419 1484 1475 1511 caeli
1492 1484 1626 1519 justitiam
1644 1484 1718 1519 ejus.

96 1531 138 1566 τῷ
152 1532 195 1566 μθ¹
212 1532 278 1568 φησι
287 1541 294 1548 ·
305 1531 547 1566 Πρυσκαλέσετιῑι
560 1532 613 1559 τὸν
626 1531 755 1565 οὐρανὸν
769 1531 828 1558 ἅνω
838 1531 886 1558 καὶ

938 1531 1062 1566 quoniam
1079 1530 1146 1557 Deus
1156 1530 1242 1565 judex
1260 1537 1309 1558 est.
1327 1530 1359 1557 Et
1374 1531 1400 1558 in
1421 1531 1586 1565 octogesimo
1604 1531 1694 1566 primo
1712 1540 1718 1557 :

97 1576 157 1610 τὴν
182 1577 260 1613 γῆν,
288 1576 342 1605 τοῦ
362 1577 508 1612 διακρῖναι
524 1578 577 1604 τὸν
594 1577 671 1604 λαὸν
693 1577 795 1604 αὐτοῦ.
830 1578 884 1604 Kal

98 1624 320 1659 ἀνατγελοῦσιν
345 1625 372 1650 οὶ
391 1623 511 1658 οὐρανοὶ
537 1623 594 1658 τὴν
619 1623 816 1656 δικαιοσύνην
834 1623 886 1650 αὺ-

97 1670 170 1696 τοῦ·
190 1669 235 1696 ὅτι
263 1671 279 1697 ό
304 1669 376 1702 Θεὸς
395 1669 496 1704 κριτής
511 1669 592 1696 ἐστι·
627 1669 673 1695 καὶ
698 1669 726 1695 ἐν
752 1668 790 1704 τῷ
814 1672 884 1695 παν·

105 1717 137 1741 '0
154 1716 226 1748 Θεὸς
242 1716 316 1749 ἔστη
343 1716 378 1742 ἐν
403 1715 563 1750 συναγωγῇ
580 1714 669 1742 θεῶν·
701 1715 736 1741 ἐν
756 1714 839 1748 μέσῳ
853 1713 886 1740 δὲ

99 1762 189 1794 θεοὺς
201 1761 353 1795 διακρινεῖ.
375 1761 427 1788 Καὶ
443 1761 496 1796 μὴν
510 1761 556 1787 καὶ
568 1761 616 1796 τὴν
630 1760 724 1796 κλῆσιν
740 1760 794 1786 τῶν
806 1759 889 1786 ἐθνῶν

99 1809 175 1834 ἐστιν
188 1808 235 1834 ἀπ’
250 1807 335 1842 αὐτῆς
351 1807 444 1843 μαθεῖν
460 1807 505 1833 ἐπὶ
519 1806 623 1833 πολλῶν
641 1807 689 1841 μὲν
699 1826 706 1838 ,
731 1806 846 1841 μάλιστα
860 1804 889 1831 δὲ

99 1852 156 1880 ἀπὸ
169 1852 215 1878 τοῦ
233 1855 285 1887 μς¹
297 1860 304 1867 ·
331 1852 431 1879 Πάντα
445 1851 480 1878 τὰ
493 1852 576 1885 ἔθνη,
593 1850 758 1884 κροτήσατε
777 1850 887 1885 χεῖρας,

99 1897 275 1931 ᾲλαλάξατε
300 1897 341 1930 τῷ
362 1897 422 1930 Θεῷ
435 1897 479 1932 ἐνζ
491 1897 574 1931 φωνῇ
599 1896 824 1931 ἀγαλλιάσεως·
860 1897 887 1922 ὲν

99 1944 129 1970 δὲ
145 1943 185 1978 τῷ
197 1947 256 1970 ou“
280 1943 420 1969 Ἐνώπιον
439 1942 532 1969 αὐτοῦ
553 1942 771 1976 προσπεσοῦνται
793 1943 888 1969 Αἰθίο-

100 1998 168 2022 πες,
193 1989 242 2016 καὶ
266 1990 293 2016 οἱ
316 1988 415 2023 ἐχθροὶ
434 1987 526 2015 αὑτοῦ
538 1988 614 2023 χοῦν
626 1988 779 2020 λείξουσι·
797 1988 888 2020 ,βασι-

99 2034 167 2067 λεῖς
192 2033 318 2068 Θαρσεῖς
337 2033 384 2060 καὶ
408 2035 437 2060 at
460 2033 549 2067 νῆσοι
576 2032 655 2067 δῶρα
672 2033 887 2067 προσοίσουσι·

938 1577 1008 1604 Deus
1021 1579 1091 1604 stetit
1114 1578 1142 1604 in
1164 1586 1296 1612 synagoga
1309 1577 1436 1608 deorum,
1464 1578 1491 1604 in
1518 1577 1602 1604 medio
1634 1582 1721 1604 autent

940 1623 1000 1650 deos
1030 1623 1171 1658 dijudicat.
1188 1622 1258 1656 Quin
1273 1630 1299 1650 et
1313 1623 1481 1650 vocationem
1499 1623 1617 1659 gentium
1641 1631 1672 1650 ex
1689 1630 1723 1650 eo

940 1671 999 1704 ipso
1011 1669 1081 1696 libro
1092 1669 1214 1704 pluribus
1228 1669 1347 1696 ediscere
1360 1669 1431 1702 licet,
1443 1669 1591 1703 praesertim
1608 1676 1641 1696 ex
1654 1676 1722 1703 qua-

939 1715 1092 1750 dragesimo
1108 1720 1183 1742 sexto
1199 1724 1206 1742 :
1222 1714 1316 1742 Omnes
1332 1719 1429 1750 gentes,
1450 1715 1568 1749 plaudite
1588 1715 1720 1745 manibus,

936 1759 1049 1794 jttbilate
1069 1760 1123 1788 Deo
1140 1761 1167 1787 in
1183 1769 1242 1787 vace
1256 1761 1451 1787 exsultationis.
1472 1760 1500 1786 In
1522 1760 1722 1795 septuagesimo

939 1810 1028 1833 autem
1045 1806 1132 1841 primo
1150 1816 1156 1834 :
1177 1806 1271 1834 Coram
1294 1807 1341 1833 illo
1361 1807 1494 1841 procident
1518 1805 1656 1840 zEt/tiopes
1669 1825 1676 1836 ,
1696 1810 1722 1831 et

939 1851 1041 1877 inimici
1051 1851 1107 1885 ejus
1121 1857 1218 1878 terram
1233 1852 1348 1887 litigent;
1365 1860 1437 1887 reges
1454 1851 1572 1881 Tltarsis,
1590 1855 1614 1877 et
1627 1850 1722 1876 insula

940 1905 1049 1924 munera
1059 1898 1185 1932 amarent;
1200 1907 1269 1933 reges
1286 1898 1403 1925 Arabum
1417 1902 1442 1924 et
1462 1897 1533 1924 Saba
1547 1899 1616 1923 dona
1637 1896 1722 1922 addu-

941 1947 996 1969 cent
1008 1951 1017 1975 ,'
1031 1948 1055 1970 et
1075 1944 1223 1970 adorabunt
1245 1952 1303 1970 eum
1319 1952 1406 1971 omnes
1426 1952 1495 1979 reges
1516 1949 1592 1970 terra:
1604 1963 1611 1975 ,
1634 1950 1721 1969 amne:

942 1993 1027 2022 gentes
1044 1988 1154 2014 servient
1167 1989 1200 2015 ei.
1214 1988 1247 2016 Et
1259 1989 1315 2016 haec
1328 1989 1435 2024 quidem
1449 1989 1475 2015 in
1487 1988 1603 2015 Psalmis
1619 1995 1727 2016 canun-.

944 2038 997 2066 tur,
1015 2034 1040 2061 in
1058 2035 1172 2070 singulis
1190 2040 1279 2063 autem
1297 2036 1356 2063 aliis
1368 2035 1446 2063 libris
1461 2035 1668 2062 annuntiantur.

97 2080 242 2116 βασιλεῖς
268 2080 395 2113 Ἀράϐων
408 2079 456 2106 καὶ
481 2080 559 2106 Σαϐὰ
575 2078 653 2113 δῶρα
670 2078 873 2113 προσάξουσι·
895 2080 943 2106 καὶ
960 2081 1229 2115 προσκυνήσουσιν
1251 2081 1329 2115 αὐτῷ
1343 2081 1453 2114 πάντες
1468 2083 1495 2108 ol
1513 2080 1653 2113 ,βασιλεῖς
1668 2079 1729 2115 τῆς

100 2127 169 2161 τῆς,
185 2127 284 2155 πάντα
299 2127 335 2153 τὰ
349 2127 422 2160 ἔθνη
437 2126 660 2154 δουλεύσουσιν
680 2125 771 2158 αὐτῷ.
798 2127 890 2153 Ταῦτα
912 2127 960 2163 μὲν
974 2129 1002 2155 ὲν
1015 2131 1070 2160 τοίς
1086 2129 1208 2165 Ψαλμοῖς
1221 2130 1326 2166 ᾄδεται,
1348 2130 1376 2156 ὲν
1389 2130 1417 2157 δὲ
1437 2130 1536 2166 ἑκάστῃ
1559 2129 1612 2156 τῶν
1637 2129 1722 2156 ἄλλων

100 2172 202 2206 βίόλων
213 2172 473 2207 προαπαγγέλλεται.

136 2220 170 2247 θ’.
192 2221 250 2247 Οὐκ
269 2220 372 2254 ἀγνοῶν
386 2220 414 2250 δὲ
426 2221 505 2247 πάλιν
517 2220 617 2255 ἔλεγεν,
631 2221 670 2246 ὃτι
687 2221 734 2246 καὶ
748 2220 777 2247 ὲν
788 2220 886 2256 ἑκάστῃ

977 2221 1003 2248 9.
1026 2224 1159 2248 ueterum
1179 2229 1207 2248 se
1229 2229 1282 2248 non
1307 2221 1432 2256 ignorare
1456 2220 1544 2248 aiebat
1561 2220 1588 2247 in
1608 2220 1722 2255 singulis

101 2265 187 2301 βίϐλῳ
202 2265 252 2301 τῆς
271 2266 381 2301 Γραφῆς
399 2265 432 2292 τὰ
448 2265 518 2292 αὐτὰ
535 2267 600 2302 περὶ
614 2266 660 2293 τοῦ
675 2267 800 2302 Σωτῆρος
817 2267 890 2298 ἐξαι-

102 2312 188 2348 ρέτως
202 2312 380 2348 σημαίνεται·
398 2313 444 2339 καὶ
457 2313 514 2339 ἐστι
528 2312 606 2339 τοῦτο
626 2312 664 2348 (5)
682 2313 781 2344 πάσαις
797 2313 891 2345 αὑταῖς

102 2358 281 2393 ἀπάγγελμα,
300 2359 345 2385 καὶ
372 2358 514 2393 συμφωνία
537 2359 553 2394 ἡ
573 2358 640 2393 αὐτὴ
658 2358 704 2385 τοῦ
723 2358 889 2394 Πνεῦματος.

101 2404 158 2430 Καὶ
172 2403 228 2439 γὰρ
244 2404 339 2439 ὥσπερ
353 2404 385 2431 τὰ
399 2404 452 2430 τῶν
472 2404 558 2431 ἄλλων
573 2405 601 2430 ἐν
618 2403 702 2440 ταύτῃ
721 2404 832 2430 δυνατὸν
847 2405 892 2431 εὐ-

103 2450 160 2484 per:
174 2457 181 2464 ο
201 2448 289 2480 οὕτως
304 2450 350 2476 καὶ
366 2448 400 2476 τὰ
411 2449 512 2484 ταύτης
526 2450 554 2476 ὲν
567 2450 625 2481 ταῖς
645 2449 750 2484 ἑτέραις
763 2448 895 2480 πολλάκις·

102 2494 271 2529 εὑρίσκεται.
292 2494 347 2520 Καὶ
366 2494 420 2530 γὰρ
435 2494 554 2529 Μωῡσῆς
568 2494 638 2529 ᾠδὴν
651 2494 768 2529 γράφει,
782 2494 829 2520 καὶ
845 2494 891 2520 Ἦ-

104 2536 263 2576 σαΐαςᾷδει,
277 2539 327 2566 καὶ
339 2540 353 2566 ὁ
373 2540 532 2575 Ἀμὸακοὺμ
547 2538 724 2575 προσεύχεται
739 2538 796 2574 μετ’
807 2538 889 2574 ᾠδῆς.

102 2586 188 2612 Πάλιν
198 2594 228 2612 τε
244 2587 273 2611 ὲν
287 2586 389 2621 ἑκάστῃ
404 2585 486 2621 βίϐλῳ
496 2585 570 2612 ἔστιν
586 2585 648 2611 ἰδεῖν
665 2585 711 2611 καὶ
724 2584 892 2620 προφητείας

102 2633 150 2659 καὶ
166 2631 328 2667 νομοθεσίας
352 2633 399 2658 καὶ
416 2631 544 2666 ἱστορίας.
576 2631 611 2657 Τὸ
631 2631 684 2666 γὰρ
699 2630 765 2657 αὐτὸ
779 2629 890 2665 Πνεῦμα

102 2678 150 2704 ἐπὶ
166 2677 271 2707 πάντας
288 2677 361 2703 ἐστί’
380 2678 427 2703 καὶ
445 2676 515 2703 κατὰ
532 2676 580 2711 μὲν
594 2676 642 2712 τὴν
665 2677 704 2707 εἰς
717 2676 828 2703 ἕκαστον
842 2684 889 2710 γε-

102 2723 220 2758 νομένην
241 2722 325 2750 αὑτοῦ
347 2722 476 2758 διαίρεσιν
493 2722 605 2754 ἕκαστος
619 2722 668 2758 τὴν
682 2722 802 2749 δοθεῖσαν
817 2721 890 2758 αὐτῴ

139 2791 150 2806 ⁵
167 2790 218 2817 Isa.
236 2796 295 2821 LIII,
312 2789 339 2815 4.

142 2856 179 2891 (5)
201 2853 300 2882 Κοινόν
314 2853 358 2881 etl.

943 2267 1088 2301 Scriptura:
1112 2266 1187 2293 libris
1211 2266 1304 2293 eadem
1328 2266 1361 2294 de
1386 2265 1525 2293 Salvatore
1550 2266 1721 2300 potissimum

942 2313 1105 2348 signiﬁcari,
1130 2320 1245 2347 esseque
1265 2312 1330 2339 illud
1356 2312 1476 2338 outniutn
1501 2312 1622 2346 ipsorum
1646 2319 1722 2339 com-

942 2367 1024 2386 mune
1043 2363 1250 2393 argumentum,
1272 2359 1449 2393 eamdemque
1473 2358 1590 2393 Spiritus
1611 2365 1724 2385 concor-

942 2405 1023 2431 diam.
1041 2403 1146 2430 Etenim
1165 2403 1234 2430 sicut
1247 2411 1278 2430 ea
1295 2411 1355 2438 qua
1378 2404 1403 2430 in
1419 2404 1480 2430 aliis
1500 2408 1608 2431 exstant
1625 2403 1702 2430 libris
1715 2423 1722 2436 ,

943 2451 969 2478 in
988 2451 1038 2478 hoc
1058 2451 1177 2486 reperire
1194 2451 1274 2478 licet:
1290 2451 1325 2477 ita
1345 2458 1405 2485 qua:
1420 2450 1446 2476 in
1460 2450 1511 2477 hoc
1525 2454 1604 2482 sunt,
1618 2451 1645 2477 in
1664 2451 1724 2478 aliis

943 2504 1129 2531 saepenumero
1144 2497 1328 2524 inveniuntur.
1343 2495 1411 2522 Nam
1429 2501 1455 2522 et
1467 2495 1572 2531 Moyses
1589 2496 1724 2523 canticum

942 2542 1100 2573 conscribit,
1123 2547 1149 2568 et
1173 2541 1255 2568 Isaias
1278 2542 1361 2572 canit,
1378 2545 1403 2568 et
1421 2541 1568 2568 Ambacum
1584 2549 1645 2568 cum
1660 2549 1726 2568 can-

943 2589 996 2615 tico
1011 2592 1147 2622 precatur.
1161 2586 1280 2614 Rursum
1295 2586 1321 2612 in
1334 2586 1454 2620 quolibet.
1477 2586 1545 2613 libro
1571 2586 1661 2613 ridere
1685 2591 1725 2613 est

942 2634 1109 2670 prophetias.
1124 2632 1304 2667 legislationes
1319 2637 1346 2659 et
1359 2632 1488 2659 historias
1500 2641 1506 2664 ;
1520 2633 1590 2659 idem
1608 2639 1725 2666 namque

944 2681 1061 2715 Spiritus
1077 2685 1118 2707 est
1138 2680 1164 2707 in
1187 2679 1331 2711 omnibus,
1349 2684 1375 2706 et
1398 2679 1545 2706 secundum
1563 2677 1724 2705 divisionem

942 2727 1002 2762 ejtts
1024 2727 1050 2754 in
1075 2726 1188 2762 singulis
1208 2725 1323 2759 factam,
1348 2725 1536 2759 unusquisque
1561 2723 1650 2751 datam
1674 2723 1730 2753 sibi
