1938 3053
241 134 273 161 19
660 134 688 162 S.
708 133 893 161 ATHANASH
913 133 988 161 OPP.
1009 131 1099 160 PARS
1120 131 1164 159 Ill.
1182 146 1216 151 —
1235 124 1447 159 EXEGETICAE
1813 130 1843 159 20

239 190 352 223 gratiam
369 188 540 217 administrat
557 194 585 217 et
604 190 711 224 implet;
728 199 784 217 srve
807 190 946 225 prophetia
964 190 996 217 sit

1068 188 1147 224 χάριν
1158 188 1276 215 διακονεῖ
1285 188 1331 214 καὶ
1345 187 1451 230 πληροῖ,
1466 186 1520 213 εἴτε
1533 185 1684 222 προφητεία
1696 186 1782 219 ἐστὶν,
1797 188 1843 215 stu

239 236 297 263 sive
311 235 445 270 legislatio
456 257 463 269 ,
480 236 537 262 sive
556 236 676 264 historiae
698 235 920 264 commemoratio
932 257 940 269 ,
963 235 1020 262 sive

1071 234 1226 269 νομοθεσία,
1242 233 1297 260 εἴτε
1309 233 1359 268 τῆς
1377 233 1496 268 ἱστορίας
1508 233 1524 268 ἠ
1538 233 1642 268 μνήμη,
1658 232 1712 259 εῐτε
1724 232 1776 259 τῶν
1786 233 1844 267 ψαλ-

240 281 403 314 psalmorum
417 281 513 316 gratia.
529 280 597 308 Cum
611 286 699 308 autem
716 289 785 308 unus
802 285 883 315 atque
897 281 968 308 idem
982 280 1005 308 si

1071 279 1129 314 μῶν
1145 279 1162 315 ἡ
1181 279 1275 315 χάρις·
1296 278 1388 313 ἐπειδὴ
1405 278 1434 306 δὲ
1454 277 1484 304 τὸ
1501 277 1529 304 ἓν
1545 278 1591 304 καὶ
1612 277 1642 304 τὸ
1657 277 1721 304 αὐτὸ
1743 278 1843 314 Πνεῦμα

238 326 374 360 Spiritus,
396 326 475 361 cujus
488 331 550 354 sunt
562 334 656 354 omnes
674 326 836 358 divisiones,
862 330 888 354 et
904 326 951 361 qui
976 333 1018 353 se-

237 371 354 398 cundum
378 375 503 398 naturam
528 372 660 399 indivisus
683 376 739 405 est,
763 372 822 399 ideo
844 372 872 399 in
894 380 923 399 se
945 376 1018 399 totus

237 422 317 452 atque
337 418 439 452 integer
452 422 494 444 est
518 418 589 445 :sed
613 418 761 445 secundum
785 418 1017 446 subministratio-

237 470 310 493 nem,
330 462 564 491 manifestationes
579 467 606 490 et
630 463 777 490 divisiones
793 462 910 497 Spiritus
923 463 1017 498 singu-

236 508 270 535 lls
284 508 362 541 ﬁunt,
378 516 409 536 ac
421 509 547 544 deinceps
558 509 635 544 juxta
651 515 810 544 praesentem
827 508 1015 536 necessitatem

237 554 338 589 Spiritu
349 555 461 582 edoctus
474 555 588 589 quisque
605 562 758 582 sermonem
774 554 962 585 administrat,
978 554 1015 581 ita

236 605 263 626 ut
277 620 284 629 .
303 601 527 634 quemadmodum
550 608 632 634 supra
654 600 730 630 dixi.
749 600 885 634 legislator
909 599 1014 635 Moyses

234 646 381 680 aliquando
395 646 536 681 prophetet
559 651 585 672 et
607 651 708 678 canat,
729 650 756 672 et
778 645 934 680 prophetae,
949 645 1013 672 dum

233 692 415 718 vaticinantur
427 711 434 724 ,
451 696 583 726 praecepta
597 691 705 718 tradant
723 701 729 717 :
746 690 884 717 Lavamini
895 712 902 724 ,
922 690 1014 718 mundi

232 741 312 763 estote
329 737 351 768 ⁵,
367 741 441 768 etc.;
461 736 543 762 Ablue
563 737 693 762 malitiam
716 737 803 762 cordis
825 736 883 768 tui,
902 734 1014 762 Jerusa-

232 780 282 806 lem
300 781 326 812 ⁶;
348 780 494 814 aliquando
514 780 642 807 historias
667 781 851 815 perscribam,
874 785 904 808 ut
920 781 1012 808 Daniel

232 826 364 853 Susanna:
374 826 395 858 ",
417 826 500 853 Isaias
517 825 648 853 Rabsacis
674 831 700 853 et
716 826 909 853 Setmacherim
919 827 940 853 ⁸.
959 826 1012 853 Ea-

230 871 291 898 dem
304 878 411 906 quoque
422 871 525 898 ratione
539 863 708 898 Psalmorum
722 871 799 904 liber,
815 873 858 899 cui
871 872 1010 906 proprium
1029 862 1049 888 Β

230 921 271 943 est
288 917 391 944 cantica
409 924 517 950 canere,
531 925 590 952 qua:
605 918 630 944 in
646 917 707 945 aliis
722 918 799 945 libris
816 918 904 945 obiter
916 917 1012 946 dicun-

231 967 284 993 tur,
300 963 356 990 hzec
374 962 417 990 ille
433 962 491 990 fuse
504 962 623 998 loquitur
638 971 700 990 cum
714 964 832 995 cantico,
848 963 887 991 uti
909 964 1011 992 dictum

229 1012 280 1035 est.
295 1007 378 1043 Leges
391 1012 480 1035 tamen
495 1008 552 1044 ipse
569 1009 652 1036 tradit
667 1018 673 1035 :
694 1008 787 1036 Desine
801 1010 832 1037 ab
846 1011 888 1037 ira
898 1031 905 1043 ,
922 1014 946 1037 et
966 1011 1012 1038 de-

228 1053 343 1089 rrliuqtts
357 1053 502 1089 furorem“.
517 1053 624 1080 Declina
642 1063 658 1081 ιι
674 1055 744 1082 male
755 1075 762 1088 ,
785 1061 810 1082 ει
830 1056 873 1090 [ac
894 1057 988 1083 bonum
1001 1064 1010 1082 :

228 1102 330 1135 inquire
340 1109 439 1135 pacem,
453 1106 478 1127 et
491 1109 641 1136 persequere
652 1109 710 1127 eam
725 1102 756 1128 ⁸ο.
771 1100 909 1128 Interdum
924 1102 1010 1129 histo-

227 1147 296 1173 riam
313 1147 392 1174 habet
405 1147 437 1173 de
451 1146 546 1173 itinere
561 1147 667 1174 lsraelis
677 1168 684 1180 ,
701 1152 728 1174 et
745 1147 886 1182 prophetat
903 1147 936 1174 de
951 1146 1010 1174 Sal-

227 1197 329 1224 vatore,
345 1193 383 1219 uti
402 1200 484 1227 supra
497 1193 600 1221 dictum
621 1197 671 1220 est.

270 1322 312 1349 10,
347 1321 508 1349 Communis
539 1321 647 1356 quidem
675 1321 737 1349 talis
771 1321 887 1356 Spiritus
920 1322 1006 1357 gratia

225 1368 260 1395 sit
276 1367 346 1402 apud
370 1375 484 1401 omnes,
506 1373 531 1395 et
554 1369 581 1395 in
603 1368 717 1403 singulis
741 1368 811 1395 facta
837 1368 1004 1402 inveniatur,

224 1419 252 1441 et
268 1414 337 1449 apud
360 1422 455 1441 omnes
477 1415 591 1445 eadem,
617 1418 647 1441 ut
671 1415 818 1442 necessitas
843 1415 1006 1449 postularit,

223 1463 250 1485 et
268 1457 383 1492 Spiritus
404 1457 529 1485 voluerit.
552 1457 645 1493 Neque
666 1460 738 1486 enim
760 1459 843 1486 refert
863 1459 921 1487 sive
946 1460 1006 1494 plus

223 1504 280 1530 sive
296 1504 386 1530 minus
401 1503 462 1538 quis
479 1503 601 1530 habuerit
616 1503 749 1538 ejusmodi
769 1505 938 1532 necessitatis
951 1525 958 1536 ,
974 1509 1005 1532 ut

224 1548 412 1582 unusquisque
427 1553 552 1575 teneatur
579 1549 637 1575 sine
655 1548 760 1576 defectu
780 1550 919 1584 proprium
942 1558 1005 1585 per—

223 1594 378 1629 fectumque
395 1595 577 1623 ministerium
595 1596 717 1630 implere.
733 1597 900 1625 Psalmorum
916 1603 1004 1625 autem

222 1641 289 1667 liber
300 1640 380 1667 etiam
393 1641 433 1668 sic
446 1641 561 1675 gratiam
574 1643 718 1676 quamdam
731 1643 812 1670 habet
826 1643 1004 1679 singularem,

221 1686 406 1721 eximiumque
433 1687 534 1721 aliquid
564 1688 708 1715 observatu
737 1688 859 1723 dignum.
887 1689 954 1717 Nam
979 1695 1006 1717 et

221 1732 292 1765 alia,
307 1740 367 1767 quae
386 1740 447 1760 cum
463 1733 566 1761 caeteris
589 1734 665 1762 libris
681 1734 762 1762 habet
777 1735 864 1762 aﬂinia
884 1743 1005 1763 commu-

221 1778 329 1812 niaque,
347 1780 398 1806 hoc
413 1779 463 1806 sibi
483 1780 621 1814 proprium
643 1785 670 1807 et
689 1781 879 1809 admirandum
903 1782 982 1810 habet
995 1803 1002 1814 .

219 1823 292 1858 quod
305 1823 386 1850 etiam
398 1824 613 1859 uniuscujusque
632 1825 716 1852 animi
734 1830 840 1860 motus,
856 1835 1004 1863 eorumque

219 1870 387 1897 mutationes
400 1874 427 1897 et
447 1871 638 1906 castigationes
651 1872 679 1899 in
696 1881 726 1900 se
741 1873 890 1909 descriptas
909 1878 937 1902 et
955 1883 1003 1902 ex-

219 1919 329 1946 pressas
347 1914 503 1946 contineat,
518 1920 546 1941 ut
563 1915 609 1950 qui
624 1923 656 1943 ex
676 1916 735 1951 ipso
750 1917 865 1945 voluerit
878 1919 956 1954 quasi
970 1927 1003 1947 ex

220 1957 338 1992 imagine
361 1966 408 1986 eas
419 1959 542 1994 accipere
554 1965 581 1987 et
593 1961 742 1996 intelligere
751 1983 758 1996 ,
772 1962 809 1990 ita
826 1964 1002 1998 semetipsum

219 2002 360 2031 eﬂ'ormare
374 2005 471 2039 possit,
489 2011 519 2033 ut
532 2006 586 2034 illic
605 2008 736 2042 scriptum
755 2009 880 2037 habetur.
896 2009 924 2037 In
942 2011 1003 2039 aliis

218 2050 318 2084 quippe
335 2050 411 2079 libris
427 2051 511 2086 legem
527 2052 613 2080 solum
625 2053 687 2088 quis
702 2054 787 2087 audit,
803 2056 1002 2090 praecipientem

219 2095 283 2130 quid
299 2095 388 2127 facere
404 2102 542 2131 oporteat,
558 2099 622 2133 quid
642 2107 739 2132 secus;
760 2102 916 2135 prophetias
938 2103 1002 2129 item

219 2141 304 2174 audit,
323 2147 352 2169 ut
367 2142 454 2170 solum
468 2144 537 2171 sciat
550 2149 693 2171 venturum
707 2144 875 2173 Salvatorem
889 2167 896 2180 ,
914 2147 1002 2174 histo-

1069 325 1152 357 ἐστιν,
1166 321 1249 360 οὗπερ
1264 324 1311 351 καὶ
1327 324 1412 350 πᾶσαι
1426 323 1570 359 διαιρέσεις
1585 324 1665 356 εἰσὶν,
1679 323 1745 350 αὐτὸ
1761 323 1785 350 δὲ
1797 324 1843 350 ἁδι-

1068 370 1174 406 αίρετόν
1197 372 1255 397 ἐστι
1275 370 1346 397 κατὰ
1363 369 1443 405 φύσιν
1454 378 1461 384 ·
1486 370 1529 396 διά
1543 377 1584 396 τοι
1597 368 1675 395 τοῦτο
1687 369 1718 394 τὸ
1731 369 1786 395 ὂλον
1800 369 1842 404 μέν

1068 418 1141 444 ἐστιν
1153 416 1192 452 (4)
1208 417 1325 452 ἑκάστῳ,
1344 415 1415 442 κατὰ
1431 415 1459 442 δὲ
1472 415 1524 450 τὴν
1539 414 1675 441 διακονίαν
1689 415 1716 440 αἰ
1732 413 1842 450 φανερώ-

1067 471 1124 495 σεις
1138 463 1185 490 καὶ
1196 463 1223 489 αἱ
1237 462 1383 498 διαιρέσεις
1395 461 1440 488 τοῦ
1458 460 1614 495 Πνεύματος
1629 460 1754 492 ἑκάστοις
1766 460 1844 494 γίνον-

1066 517 1109 534 ται
1120 516 1125 522 ·
1138 509 1185 534 καὶ
1203 507 1295 534 λοιπὸν
1307 507 1378 534 κατὰ
1388 506 1436 542 τὴν
1456 506 1640 541 ἀποκειμένην
1649 505 1742 541 χρείαν
1756 505 1843 532 πολλά-

1066 562 1108 584 κις
1118 554 1242 585 ἕκαστος,
1253 553 1432 588 ὑποσχοῦντος
1443 551 1489 578 τοῦ
1501 551 1568 578 Πνεύ
1573 559 1666 586 ματος,
1679 551 1793 578 διακονεί
1802 551 1843 578 τὸν

1061 599 1156 633 λόγον·
1174 599 1243 626 ὥστε
1255 619 1262 631 ,
1279 598 1350 625 καθὰ
1364 599 1501 633 προεῖπον,
1518 596 1713 633 νομοθετοῦντα
1733 597 1844 632 Μωῡσῆν

1064 645 1244 680 προφητεύειν
1256 644 1319 671 ποτὲ
1346 645 1392 670 καὶ
1406 644 1488 679 ᾄδειν.
1503 645 1550 670 καὶ
1558 642 1776 679 προφητεύοντας
1786 643 1844 674 τοὺς

1065 691 1206 726 προφήτας
1232 689 1402 716 ἐντέλλεσθαι
1421 698 1501 716 ποτε·
1531 690 1703 720 Λούσασθε,
1729 690 1842 722 καθαροὶ

1062 737 1194 771 γίνεσθε.
1214 737 1379 763 ’Λπόπλυνε
1392 736 1451 763 ἀπὸ
1465 736 1570 768 κακίας
1580 735 1637 768 τὴν
1647 734 1771 769 καρδίαν
1779 741 1841 766 σου,

1069 783 1263 817 Ἰερουσαλήμ
1273 791 1280 797 -
1295 782 1342 808 καὶ
1359 783 1473 816 ίστορεῖν
1487 789 1562 813 ποτε,
1580 781 1625 807 τὸν
1644 780 1694 815 μὲν
1706 779 1798 815 Δανιὴλ
1810 780 1843 807 τὰ

1061 828 1131 854 κατὰ
1142 828 1303 859 Σουσάνναν,
1319 827 1365 853 τὸν
1375 827 1403 853 δὲ
1422 827 1535 853 Ἡσαΐαν
1552 826 1585 852 τὰ
1604 826 1675 852 κατὰ
1687 826 1731 852 τὸν
1750 825 1843 860 Ῥαψά-

1062 881 1113 908 κην
1127 873 1173 899 καὶ¹
1186 872 1230 898 τὸν
1240 871 1434 907 Σενναχηρείμ.
1452 870 1545 902 Οὕτως
1559 871 1612 906 γὰρ
1625 870 1670 896 καὶ
1682 871 1698 905 ἡ
1712 869 1764 896 τῶν
1774 869 1844 896 Ψαλ-

1063 917 1121 952 μῶν
1139 917 1242 952 βίϐλος,
1268 917 1366 951 ἔχουσα
1380 916 1410 942 τὸ
1427 916 1490 942 ἴδιον
1502 915 1556 941 τῶν
1570 915 1645 950 ᾠδῶν
1658 935 1666 946 ,
1681 915 1749 950 ὅπερ
1762 914 1797 949 (5)
1815 915 1844 943 ἐν
1879 952 1883 955 ’

1062 964 1120 995 ταῖς
1134 964 1226 996 ἄλλαις
1245 963 1344 999 βίϐλοις
1359 962 1512 995 διεξοδικῶς
1527 961 1649 997 εῖρηται,
1671 961 1756 988 ταῦτα
1779 961 1844 997 αὑτὴ

1060 1011 1094 1046 τῇ
1111 1010 1181 1037 κατὰ
1195 1010 1295 1041 πλάτος
1316 1011 1389 1044 φωνῇ
1409 1009 1476 1044 μετὰ
1495 1009 1591 1044 μέλους
1617 1007 1711 1042 ψάλλει
1724 1029 1731 1041 ,
1758 1007 1843 1039 καθὼς

1061 1056 1232 1092 προείρηται.
1248 1055 1397 1090 Νομοθετεῖ
1409 1054 1473 1089 γοῦν
1489 1063 1552 1082 ποτε
1569 1055 1615 1081 καὶ
1628 1054 1711 1090 αὐτή·
1730 1054 1843 1080 Παῦσαι

1060 1101 1118 1128 ἀπὸ
1131 1101 1232 1136 ὀργῆς,
1244 1101 1292 1128 καὶ
1304 1100 1484 1135 ἐγκατάλιπε
1497 1101 1591 1135 θυμόν
1600 1108 1606 1114 '
1618 1099 1675 1131 καὶ,
1687 1100 1844 1126 "Eme/livor

1060 1147 1118 1174 ἀπὸ
1130 1147 1223 1174 κακοῦ
1233 1167 1240 1178 ,
1258 1147 1307 1174 καὶ
1328 1147 1457 1180 ποίησον
1474 1147 1587 1181 ἀγαθόν
1598 1155 1604 1161 ·
1620 1145 1748 1178 ζῆτησον
1762 1144 1843 1180 εἰρή-

1059 1202 1126 1227 νην,
1142 1193 1191 1220 καί
1208 1193 1315 1225 δίωξον
1327 1194 1433 1228 αὑτήν.
1462 1194 1517 1220 Καὶ
1538 1194 1637 1228 ἱστορεῖ
1648 1193 1677 1220 δέ
1694 1201 1757 1219 ποτε
1775 1193 1844 1219 κατὰ

1059 1238 1108 1274 τὴν
1124 1238 1181 1264 ὁδὸν
1197 1237 1244 1267 τοῦ
1263 1238 1386 1274 Ἰσραὴλ,
1398 1239 1444 1265 καὶ
1460 1238 1624 1274 προφητεύει
1644 1239 1707 1273 περὶ
1723 1237 1769 1264 τοῦ
1786 1238 1842 1265 Σω-

1058 1282 1149 1318 τῆρος,
1166 1281 1258 1318 ὥσπερ
1273 1283 1380 1318 εἴρηται
1392 1282 1532 1318 πρότερον.

1096 1331 1128 1354 ι’.
1147 1328 1229 1363 Κοινὴ
1256 1329 1305 1363 μὲν
1327 1326 1373 1356 οὖν
1390 1328 1499 1364 τοιαύτη
1513 1327 1559 1355 τοῦ
1584 1328 1741 1364 Πνεύματος
1764 1328 1843 1363 χάρις

1058 1374 1128 1400 ἔστω
1138 1373 1212 1409 παρὰ
1225 1374 1302 1406 πᾶσι,
1317 1375 1363 1401 καὶ
1371 1375 1399 1400 ὲν
1411 1374 1517 1408 ἑκάστῳ
1525 1373 1654 1409 γινομένη
1665 1373 1842 1409 εὐρισκέσθω,

1058 1421 1104 1447 καὶ
1122 1420 1196 1456 παρὰ
1223 1421 1304 1448 πᾶσιν
1319 1421 1335 1455 ἡ
1350 1420 1418 1455 αὑτὴ
1431 1440 1438 1452 ,
1467 1419 1505 1451 ὡς
1528 1419 1575 1446 ἐὰν
1591 1420 1607 1455 ἡ
1624 1419 1702 1454 χρεία
1728 1420 1842 1454 ἀπαιτῇ,

1057 1467 1103 1493 καὶ
1115 1467 1146 1493 τὸ
1161 1465 1273 1502 Πνεῦμα
1288 1466 1424 1501 βούληται.
1463 1467 1500 1493 Οὐ
1513 1466 1636 1501 διαφέρει
1653 1465 1706 1501 γὰρ
1719 1465 1749 1492 τὸ
1763 1465 1844 1491 πλέον

1057 1512 1103 1539 καὶ
1115 1512 1222 1538 ἔλαττον
1236 1513 1265 1538 ὲν
1276 1511 1359 1547 ταύτῃ
1375 1513 1407 1547 τῇ
1419 1511 1508 1547 χρείᾳ,
1517 1511 1554 1543 ὡς
1567 1511 1682 1542 ἕκαστος
1696 1509 1844 1541 ἀνενδότως

1056 1558 1104 1593 τὴν
1122 1557 1189 1584 ίδίαν
1202 1557 1355 1593 ἀποπληροῖ
1367 1558 1413 1584 καὶ
1427 1558 1526 1584 τελειοῖ
1548 1557 1696 1584 διακονίαν.
1719 1556 1750 1582 Ἦ
1768 1555 1797 1582 δέ
1811 1564 1844 1590 γε

1057 1603 1146 1639 βίϐλος
1164 1603 1217 1630 τῶν
1233 1603 1354 1638 Ψαλμῶν
1371 1604 1418 1630 καὶ
1436 1604 1522 1635 οὕτως
1532 1603 1587 1638 ἔχει
1597 1603 1656 1629 τινὰ
1669 1602 1748 1629 πάλιν
1763 1603 1844 1638 χάριν

1057 1650 1124 1676 ἰδίαν
1138 1650 1183 1676 καὶ
1197 1650 1385 1685 παρατήρησιν
1402 1649 1538 1686 ἐξαίρετον
1548 1657 1554 1662 ·
1572 1648 1640 1684 πρὸς
1656 1648 1709 1684 γὰρ
1723 1649 1778 1680 τοῖς
1796 1647 1843 1675 άλ-

1055 1694 1123 1726 λοις,
1140 1695 1169 1722 ὲν
1182 1693 1222 1726 οἷς
1232 1695 1300 1730 πρὸς
1312 1695 1362 1726 τὰς
1376 1695 1458 1726 ἄλλας
1487 1694 1593 1729 βίϐλους
1619 1694 1676 1729 ἔχει
1690 1693 1738 1728 τὴν
1751 1693 1844 1728 σχέσιν

1055 1740 1102 1765 καὶ
1118 1739 1269 1771 κοινωνίαν,
1288 1739 1380 1766 λοιπὸν
1407 1739 1454 1765 καὶ
1479 1738 1544 1765 ἴδιον
1560 1738 1615 1775 ἔχει
1631 1738 1709 1764 τοῦτο
1739 1737 1843 1773 θαῦμα,

1054 1785 1095 1811 ὅτι
1109 1785 1155 1811 καὶ
1171 1785 1204 1812 τὰ
1221 1785 1339 1820 ἑκάστης
1352 1784 1442 1820 ψυχῆς
1469 1784 1618 1820 κινήματα,
1631 1784 1680 1816 τάς
1695 1792 1724 1810 τε
1740 1783 1844 1810 τούτων

1056 1831 1205 1867 μεταϐολὰς
1221 1832 1268 1859 καὶ
1283 1830 1440 1866 διορθώσεις
1455 1830 1511 1865 ἔχει
1525 1830 1764 1866 διαγεγραμμένας
1794 1830 1844 1860 καὶ

1053 1877 1289 1913 διατετυπωμένας
1305 1878 1334 1903 ὲν
1352 1878 1446 1912 ἑαυτῇ-
1463 1876 1533 1903 ὦστε
1547 1875 1608 1903 τινὰ
1616 1876 1662 1903 τὸν
1678 1874 1843 1910 βουλόμενον

1053 1922 1090 1955 ὡς
1107 1923 1144 1959 (6)
1154 1923 1266 1958 ἄπειρον
1294 1922 1323 1956 ἐξ
1350 1922 1434 1958 αὐτῆς
1460 1922 1608 1957 λαμϐάνειν
1623 1921 1670 1948 καὶ
1685 1922 1842 1954 κατανοεῖν,

1053 1967 1124 1994 οὕτω
1137 1968 1167 1994 τὸ
1181 1967 1281 1994 τυποῦν
1296 1967 1402 2001 ἑαυτὸν,
1421 1967 1458 2003 (7)
1469 1968 1527 1994 ἐκεῖ
1540 1968 1701 2002 γέγραπται.
1723 1967 1768 1994 Ἐν
1790 1967 1844 2002 μὲν

1053 2013 1107 2048 γὰρ
1119 2014 1178 2044 ταῖς
1199 2013 1291 2045 ἄλλαις
1320 2013 1420 2048 βίϐλοις
1445 2013 1524 2048 μόνον
1546 2022 1588 2045 τις
1607 2012 1700 2040 ἀκούει
1722 2012 1768 2039 τὸν
1799 2012 1847 2042 νό-

1055 2066 1103 2092 μον
1121 2059 1329 2093 προστάττοντα,
1343 2058 1376 2094 ἃ(
1380 2058 1426 2094 μὴ)
1437 2058 1478 2085 δεῖ
1492 2060 1578 2085 ποιεῖν
1592 2059 1638 2085 καὶ
1651 2058 1688 2094 μὴ
1699 2058 1738 2084 δεῖ
1752 2058 1846 2094 πράτ-

1052 2112 1117 2134 τειν·
1136 2104 1304 2140 προφητείας
1320 2114 1349 2131 τε
1377 2105 1532 2139 κατακούει,
1550 2105 1620 2131 ὥστε
1644 2105 1722 2140 μόνον
1738 2104 1847 2131 εἰδέναι

1052 2150 1096 2176 τὸν
1109 2150 1254 2186 ἐρχόμενον
1269 2151 1392 2186 Σωτῆρα·
1413 2151 1460 2177 καί
1477 2151 1608 2187 ἱστορίαις
1619 2151 1647 2177 δὲ
1659 2150 1802 2186 προσέχει,
1813 2151 1847 2184 ἐξ

218 2187 321 2221 riisque
335 2188 465 2222 attendat,
489 2189 561 2217 unde
576 2189 697 2217 ediscere
720 2195 808 2226 potest
828 2199 920 2227 regum
939 2201 1002 2220 san-

1058 2193 1090 2223 ὧν
1117 2195 1260 2231 γινώσκειν
1285 2195 1395 2227 δύναται
1425 2197 1473 2228 τὰς
1499 2197 1552 2223 τῶν
1579 2197 1709 2232 βασιλέων
1725 2197 1847 2229 καὶτὰς

217 2238 377 2268 ctorumque
399 2239 468 2262 acta.
494 2235 528 2265 At
551 2236 578 2262 in
605 2235 775 2263 Psalmorum
799 2236 869 2265 libro
891 2242 1000 2272 praeter-

217 2286 298 2313 quam
314 2279 387 2314 quod
401 2287 432 2306 ea
449 2280 506 2314 ipsa
527 2284 614 2315 potest
628 2281 717 2315 quivis
732 2281 846 2309 audiens
857 2283 978 2311 ediscere
990 2305 997 2316 ,

217 2330 307 2352 motus
324 2325 433 2360 insuper
447 2326 544 2353 animae
567 2334 624 2353 suae
640 2326 677 2354 ibi
696 2327 872 2361 deprehendit
893 2328 1000 2356 ediscit-

215 2377 285 2405 que;
310 2378 350 2401 ae.
367 2371 464 2399 deinde
491 2372 640 2402 secundum
662 2380 693 2399 ea
716 2381 776 2408 qum
796 2374 898 2408 patitur
928 2380 955 2402 et
982 2383 997 2403 a

215 2415 315 2450 quibus
328 2416 462 2447 detinetur
473 2437 480 2450 ,
493 2422 580 2452 potest
594 2426 627 2451 ex
648 2425 680 2446 eo
699 2418 759 2454 ipso
776 2419 845 2447 libro
860 2421 998 2456 exemplar

215 2460 350 2494 quoddam
367 2468 524 2494 sermonum
543 2462 659 2497 eligere;
678 2463 715 2491 ita
732 2468 762 2491 ut
774 2472 827 2498 non
846 2465 934 2493 solum
949 2466 996 2500 qui

214 2506 343 2540 audierit,
368 2514 422 2534 non
443 2507 514 2542 (sine
530 2508 631 2543 fructu)
648 2513 837 2544 pertranseat,
860 2513 906 2540 sed
929 2513 996 2540 edo—

214 2557 307 2582 ceatur
331 2553 394 2588 quid
413 2553 486 2585 dictu
505 2554 632 2590 factuque
651 2563 720 2590 opus
741 2556 776 2583 sit
790 2556 823 2584 ad
846 2558 995 2585 curandutn

214 2597 349 2630 morbum.
368 2597 438 2629 Sunt
458 2599 567 2633 quidem
581 2604 608 2627 et
621 2600 647 2627 in
669 2601 729 2629 aliis
745 2601 821 2629 libris
835 2610 974 2630 sermones
986 2625 994 2636 ,

213 2642 258 2676 qui
280 2643 350 2674 mala
373 2643 555 2681 prohibeant;
569 2644 596 2672 in
619 2645 671 2673 hoc
687 2653 752 2674 vero
773 2654 827 2681 qua
852 2648 958 2676 ratione
979 2656 994 2676 a

1053 2243 1106 2270 τῶν
1122 2243 1206 2277 ἁγίων
1223 2243 1346 2278 πράξεις.
1366 2244 1410 2271 Ἐν
1431 2243 1459 2270 δὲ
1479 2245 1510 2279 τῇ
1535 2243 1617 2279 βίϐλῳ
1633 2243 1686 2270 τῶν
1702 2243 1846 2278 Ψαλμῶν,

1052 2287 1121 2323 πρὸς
1134 2287 1173 2323 τῷ
1188 2288 1274 2315 ταῦτα
1289 2288 1433 2323 μανθάνειν
1456 2288 1501 2314 τὸν
1525 2288 1667 2320 ἀκούοντα,
1685 2287 1725 2314 ἔτι
1739 2289 1790 2315 καὶ
1807 2289 1847 2314 τὰ

1051 2333 1190 2368 κινήματα
1202 2333 1250 2368 τῆς
1261 2333 1356 2360 ἑαυτοῦ
1377 2333 1465 2370 ψυχῆς
1487 2334 1516 2362 ὲν
1541 2333 1610 2368 αὐτῇ
1636 2334 1764 2360 κατανοεῖ
1792 2334 1846 2360 καὶ

1050 2378 1213 2406 διδάσκεται·
1230 2379 1277 2405 καὶ
1297 2379 1388 2406 λοιπὸν
1403 2379 1470 2415 πρὸς
1489 2379 1502 2406 ὂ
1515 2379 1612 2415 πάσχει
1628 2380 1674 2408 καὶ
1690 2381 1718 2406 ἐν
1740 2377 1763 2414 ᾧ
1776 2389 1846 2407 συνι

1051 2424 1152 2460 έχεται,
1182 2424 1292 2452 δύναται
1306 2425 1385 2452 πάλιν
1401 2425 1433 2452 ὲκ
1445 2425 1546 2460 ταύτης
1562 2425 1670 2460 ἔχεσθαι
1682 2426 1731 2460 τὴν
1744 2426 1846 2453 είκόνσ

1049 2470 1104 2496 τῶν
1116 2470 1212 2504 λόγων·
1228 2471 1297 2497 ὥστε
1319 2470 1355 2506 μὴ
1373 2472 1452 2506 μόνον
1468 2471 1621 2498 ἀκούσαντα
1637 2471 1846 2506 παρέρχεσθαι,

1049 2515 1117 2542 ἀλλὰ
1131 2516 1177 2548 καὶ
1190 2516 1248 2548 πῶς
1260 2516 1300 2542 δεῖ
1323 2517 1435 2551 λέγοντα
1459 2518 1505 2543 καὶ
1529 2517 1656 2544 ποιοῦντα
1673 2517 1845 2553 θεραπεύειν

1049 2559 1079 2585 τὸ
1093 2560 1187 2593 πάθος,
1203 2560 1321 2587 διδάσκει
1339 2561 1387 2596 (8).
1402 2562 1463 2588 Εἰσὶ
1480 2562 1529 2597 μὲν
1541 2561 1594 2597 γὰρ
1610 2562 1657 2587 καὶ
1674 2562 1701 2587 ὲν
1713 2563 1775 2593 ταῖς
1793 2563 1834 2589 ἄλ

1049 2606 1107 2638 λαις
1116 2606 1217 2641 βίϐλοις
1228 2606 1372 2633 κωλυτικοὶ
1383 2607 1455 2642 λόγοι
1469 2608 1684 2644 ἀπαγορεύοντες
1691 2608 1725 2634 τὰ
1734 2608 1836 2643 φαῦλα

1048 2651 1077 2677 ὲν
1093 2651 1180 2688 ταύτῃ
1200 2652 1229 2679 δὲ
1246 2653 1293 2681 καὶ
1313 2652 1371 2688 πῶς
1381 2653 1529 2688 ἀπέχεσθαι
1545 2653 1585 2679 δεῖ
1597 2654 1763 2680 τετύπωται·
1781 2651 1844 2686 οἷον

246 2709 257 2724 ⁸
273 2707 334 2736 lsai.
353 2717 371 2741 ι,
388 2709 429 2739 i6.
452 2710 573 2740 'Jerem.
591 2721 629 2746 tv,
648 2713 689 2741 Η.
722 2714 732 2729 ’
752 2713 820 2743 Dan.
837 2723 888 2750 ιιιι.Δ
919 2716 929 2732 ⁸
949 2716 1002 2744 Isa.

1058 2726 1112 2751 ιιι,
1128 2727 1230 2749 xxxv“.
1267 2720 1279 2741 ι
1293 2719 1364 2747 Psal.
1380 2729 1472 2753 xxxvr,
1486 2721 1512 2748 8.
1548 2721 1570 2737 ¹⁴¹
1583 2720 1656 2751 Psal.
1675 2729 1772 2754 χχχιιι,
1793 2723 1835 2750 15

249 2765 285 2802 (ί)
309 2766 355 2802 Ἑν
370 2767 458 2802 ἑαυτῷ
471 2769 513 2795 οὐ.

249 2800 284 2836 (ξι)
308 2800 395 2836 ’λΑπερ
409 2800 451 2828 ed}

311 2835 370 2871 Ἀπ’
388 2838 489 2879 εζκόνος
505 2839 546 2867 ed.

1084 2776 1121 2811 (.7)
1147 2777 1199 2808 Ὡς.

1084 2811 1121 2847 (8)
1140 2811 1221 2839 Forte
1237 2811 1418 2838 διδάσκεσθαι.
