1938 3053
97 137 127 165 Si
663 135 832 164 EPISTOLA
851 136 898 163 AD
919 135 1181 165 MARCELLINUM.
1688 138 1722 166 !9

95 193 281 229 παράγγελμα
306 200 364 220 εστι
393 193 424 220 τὸ
451 194 601 228 μετανοεῖν·
628 194 659 219 τὸ
685 193 714 220 δὲ
743 193 883 228 μετανοεῖν

942 194 1015 221 malis
1027 195 1063 222 sit
1073 194 1267 222 abstinendum
1287 195 1449 230 exprimitur
1464 206 1471 223 :
1489 196 1604 230 exempli
1619 205 1700 224 causa
1713 219 1720 230 ,

96 237 230 265 παύεσθαι
240 239 289 273 τῆς
302 238 439 272 ἁμαρτίας
465 238 548 264 ἐστίν·
566 237 683 264 ἐνταῦθα
697 238 725 264 δὲ
750 237 797 264 καὶ
825 237 884 268 πῶς

97 283 247 316 μετανοεῖν,
261 282 308 308 καὶ
328 281 354 307 τί
373 281 413 308 δεῖ
429 282 518 316 λέγειν
535 282 581 308 ἐπὶ
599 284 632 318 τῇ
651 282 793 318 μετανοίᾳ,
804 281 883 308 τετύ-

96 335 195 353 πωταά.
212 326 267 353 Καὶ
277 326 358 352 πάλιν
385 327 494 362 εἴρηκεν
514 327 654 359 ὁΠαῦλος·
680 327 711 355 Ἠ
730 328 833 362 θλίψις
848 326 884 361 τῇ

95 372 184 407 ψυχῇ
199 372 358 407 ὑπομονὴν
373 372 587 407 κατεργάζεται,
602 373 621 406 ἠ
637 373 670 399 δὲ
686 373 823 408 ὑπομονὴ
841 373 885 400 δο-

97 419 198 454 κιμὴν,
215 419 234 453 ὴ
249 419 283 446 δὲ
298 419 406 454 δοκιμὴ
431 420 550 451 ἐλπίδα.
570 421 589 454 ἡ
602 419 636 446 δὲ
657 419 746 453 ἐλπὶς
761 420 797 447 οὺ
815 428 885 446 κατ-

96 466 244 500 αισχύνει.
277 466 320 492 Ἐν
330 466 358 493 δὲ
373 467 428 497 τοῖς
440 466 566 501 Ψαλμοῖς
587 467 635 492 καὶ
655 465 713 498 πῶς
737 466 777 492 δεῖ
793 465 886 501 φέρειν

95 511 145 544 τὰς
159 511 273 546 θλίψεις,
289 512 335 539 καὶ
345 512 371 538 τί
385 512 541 547 θλιϐόμενον
552 512 592 538 δεῖ
605 512 705 547 λέγειν,
716 512 763 538 καὶ
775 511 802 538 τί
818 512 886 546 μετὰ

96 556 146 588 τὰς
162 556 274 591 θλίψεις,
286 556 336 583 καὶ
356 556 415 588 πῶς
443 557 556 587 ἕκαστος
584 556 770 592 δοκιμάζεται,
788 555 835 584 καὶ
847 555 886 581 τί-

97 609 141 632 νες
154 602 179 627 oi
191 601 265 635 λόγοι
281 600 335 627 τῶν
349 601 510 633 ἐλπιζόντων
529 601 576 627 ἐπὶ
604 600 715 636 Κύριον,
733 600 886 636 γέγραπται

97 648 144 674 καὶ
160 646 339 682 κεχάρακται.
362 646 446 674 Πάλιν
471 655 501 673 τε
523 647 618 682 ἐντολή
647 647 722 673 ἐστιν
748 647 776 672 ὲν
805 646 887 672 παντὶ

97 693 278 728 εὐχαριστεῖν·
292 692 361 719 ἀλλὰ
373 693 419 719 mi.
438 692 464 718 τί
476 693 517 719 δεῖ
546 686 636 726 λέγειν
661 691 887 727 εὐχαριστοῦντας

97 738 268 764 διδάσκουσιν
283 738 310 763 οἱ
325 737 443 773 Ψαλμοί.
458 735 524 764 Εἶτα
536 738 600 772 παρ’
619 736 720 773 ἑτέρων
732 736 886 768 ἀκούοντες·

99 785 182 811 Ὅσοι
200 784 345 811 θέλουσιν
357 783 489 818 εὐσεϐῶς
504 783 557 818 ζῇν
572 783 801 818 διωχθήσονται,
813 782 888 818 παρὰ

98 829 201 856 τούτων
215 829 408 865 διδασκόμεθα,
423 831 470 858 καὶ
487 830 544 862 πῶς
555 830 595 856 δεῖ
613 830 763 865 φεύγοντας
779 831 886 863 φωνεῖν,

100 876 147 902 καὶ
159 875 235 907 τινας
249 875 428 911 διωκομένους
442 877 489 903 καὶ
502 876 571 912 μετὰ
583 876 629 902 τὸν
644 876 762 911 διωγμὸν
777 875 889 911 ῥυσθέν-
905 872 926 899 Β

99 931 147 954 τας
170 922 211 949 δεῖ
230 922 327 956 λόγους
343 922 488 958 ἀναφέρειν
501 921 540 957 τῷ
550 921 619 957 Θεῷ.
634 921 762 956 Εὑλογεῐν
779 929 889 957 παραγ-

99 968 248 1004 γελλιὴιεθα
281 969 327 996 τὸν
348 969 462 1004 Κύριον,
490 969 536 995 καὶ
562 967 783 1004 ἐξομολογεῖσθαι
804 967 888 1003 αὐτῷ·

97 1015 155 1041 ἀλλ’
171 1015 199 1040 ἐν
221 1015 276 1046 τοῖς
298 1015 422 1050 Ψαλμοῖς
438 1013 597 1049 τυπούμεθα
617 1013 675 1045 πῶς
693 1023 723 1040 τε
753 1014 836 1040 αἰνεῖν
851 1013 891 1039 δεῖ

98 1061 142 1087 τὸν
160 1060 273 1096 Κύριον,
286 1061 332 1087 καὶ
347 1060 408 1088 τίνα
441 1061 552 1096 ῥήματα
578 1060 704 1094 λέγοντες
715 1059 891 1095 ἐξομολογού-

99 1106 170 1141 μεθα
185 1106 354 1142 πρεπόντως.
369 1106 424 1133 Καὶ
449 1106 490 1140 ἐφ’
505 1106 621 1133 ἑκάστου
642 1106 671 1132 δέ
691 1115 733 1138 τις
758 1106 843 1138 οὕτως
858 1105 890 1133 ἂν

98 1152 174 1188 εὖροι
190 1152 240 1183 τὰς
250 1152 325 1183 θείας
340 1151 420 1187 ᾠδὰς,
435 1152 502 1186 πρὸς
514 1152 588 1187 ἡμᾶς
605 1151 653 1179 καὶ
680 1152 758 1187 ἡμῶν
771 1152 891 1187 κινήσεις

98 1200 148 1227 καὶ
166 1199 347 1231 καταστάσεις
362 1198 501 1234 κειμένας.

136 1294 180 1317 ια’.
197 1290 253 1317 Καὶ
265 1290 378 1326 γὰρκαὶ
407 1290 486 1317 τοῦτο
506 1289 657 1326 παράδοξόν
682 1289 740 1316 ἐστι
762 1290 843 1317 πάλιν
863 1291 891 1317 ὲν

97 1339 155 1369 τοῖς
169 1336 305 1372 Ψαλμοῖς,
321 1337 361 1363 δτι
374 1337 403 1362 ἐν
419 1337 467 1372 μὲν
492 1337 551 1368 ταῖς
574 1336 669 1368 ἄλλαις
698 1336 798 1372 βίϐλοις
819 1336 837 1363 ἃ
849 1336 892 1363 λέ-

99 1391 197 1417 γουσιν
211 1383 235 1410 οἱ
265 1383 348 1417 ἅγιοι,
373 1381 420 1409 καὶ
434 1382 498 1417 περὶ
510 1378 548 1409 ὧν
561 1381 594 1408 ἂν
614 1381 725 1417 λέγωσι,
741 1382 830 1409 ταῦτα
846 1382 892 1408 καὶ

98 1429 124 1455 οἱ
137 1428 382 1462 ἀναγινώσκοντες,
396 1428 460 1463 περὶ
475 1424 513 1454 ὦν
526 1429 617 1454 ἐκεῖνα
629 1428 793 1462 γέγραπται,
806 1428 893 1462 ἀπαγ-

98 1473 242 1508 γέλλοντές
263 1474 342 1500 εἰσιν·
369 1473 396 1500 οἴ
418 1481 447 1499 τε
478 1473 623 1505 ἀκούοντες
655 1473 751 1505 ἄλλους
780 1473 892 1504 ἑαυτοὺς

99 1520 215 1547 ἐκείνων
237 1519 377 1555 ἡγοῦνται,
394 1519 458 1554 περὶ
481 1517 518 1546 ὧν
535 1520 549 1546 ὁ
575 1519 654 1554 λόγος
676 1520 755 1554 φησι,
780 1519 827 1545 καὶ
843 1518 891 1551 τὰς

99 1566 340 1601 ὲπαγγελλομένας
361 1566 390 1592 δὲ
400 1565 524 1602 πράξεις,
538 1565 602 1601 ἄχρι
617 1564 665 1592 τοῦ
685 1564 834 1600 θαυμάζειν
845 1565 892 1592 καὶ

100 1612 201 1648 ζηλοῦν
215 1612 310 1645 αὑτὰς,
327 1613 366 1644 εἰς
386 1613 416 1639 τὺ
431 1612 572 1648 μιμεῖσθαι
587 1611 718 1646 γίνονται.
742 1610 851 1647 Ταύτην
864 1611 893 1638 δὲ

102 1658 218 1694 βίϐλονδ
229 1658 376 1694 λαμϐάνων
392 1658 441 1690 τὰς
464 1659 512 1694 μὲν
527 1659 591 1694 περὶ
609 1657 656 1684 τοῦ
672 1657 797 1693 Σωτῆρος
826 1666 894 1693 προ-

101 1704 218 1741 φητείας
229 1704 352 1740 συνήθως
364 1705 392 1731 ὲν
409 1705 469 1736 ταῖς
493 1704 588 1736 ἄλλαις
605 1705 725 1740 Γραφαῖς
747 1703 894 1739 θαυμάζων

102 1751 151 1777 καὶ
163 1750 325 1787 προσκυνῶν
336 1750 510 1786 διεξέρχεται,
527 1751 590 1782 τοὺς
604 1750 632 1777 δὲ
646 1750 755 1786 ἑτέρους
772 1749 894 1785 ψαλμοὺς

101 1797 143 1828 ὡς
160 1797 241 1829 ἰδίους
252 1797 332 1829 ὄντας
347 1797 441 1831 λόγους
466 1796 657 1831 ἀναγινώσκει·
686 1796 735 1824 καὶ
761 1797 775 1822 ό
789 1795 895 1822 ἁκούων

100 1844 130 1870 δὲ
147 1845 185 1876 ὡς
203 1843 283 1875 αὐτὸς
299 1843 386 1877 λέγων
412 1843 620 1875 κατανύσσεται,
635 1843 682 1870 καὶ
697 1841 896 1869 συνδιατίθεται

103 1890 162 1921 τοῖς
177 1889 231 1916 τῶν
249 1889 326 1924 ᾠδῶν
342 1890 471 1925 ῥήμασιν,
496 1889 533 1921 ὡς
550 1889 617 1916 ἰδίαν
643 1888 727 1915 ὄντων
744 1887 828 1915 αὐτοῦ
846 1887 894 1923 (9).

103 1935 297 1971 Σαφηνείαςδὲ
312 1935 391 1971 χάριν
407 1935 457 1962 οὐκ
482 1935 621 1970 ὀκνητέον,
644 1934 715 1961 κατὰ
736 1935 781 1961 τὸν
805 1934 894 1970 μακά-

104 1989 165 2018 ριον
200 1981 371 2013 Ἀπόστολον,
402 1980 607 2007 ὲπαναλαδόντα
633 1980 664 2007 τὸ
694 1980 759 2006 αὐτὸ
794 1979 893 2014 λέγειν.

103 2027 230 2054 Πλεῖστοι
248 2027 322 2061 λόγοι
336 2027 390 2053 τῶν
402 2025 577 2063 πατριαρχῶν
593 2026 646 2052 εἰσι
656 2047 663 2058 ,
679 2026 727 2053 καὶ
744 2025 804 2052 ῐδιοι
829 2026 895 2061 παρ’

102 2074 195 2101 αὐτῶν
223 2073 373 2110 εἰρημένοι·
403 2073 450 2100 καὶ
478 2073 597 2107 Μωῦσῆς
619 2072 719 2104 ὲλάλει,
744 2073 758 2098 ό
773 2072 801 2098 δὲ
830 2072 896 2104 Θεὸς

103 2120 283 2156 ἁπεκρίνατο·
310 2119 402 2150 Ἠλίας
426 2128 456 2145 τε
481 2119 529 2146 καὶ
548 2119 698 2150 Ἐλισσαῖος
716 2118 805 2145 ὲπὶτδ
821 2119 896 2153 Καρ-

104 2166 202 2202 μήλιον
216 2165 278 2201 ὅρος
289 2165 438 2201 καθήμενοι
462 2165 642 2193 ἐπεκαλοῦντο
659 2164 703 2191 τὸν
720 2164 832 2199 Κύριον,
849 2164 896 2191 καὶ

935 240 1089 274 przecipilur
1102 240 1278 275 poenitentia;
1300 241 1460 276 poenitentia
1473 246 1565 269 autem
1575 246 1618 269 est
1632 250 1722 270 cessa-

936 286 974 313 tio
990 294 1005 312 a
1020 290 1144 320 peccato;
1167 286 1194 313 in
1214 286 1265 314 hoc
1288 291 1379 314 autem
1400 287 1471 315 libro
1485 295 1539 322 qua
1558 287 1666 316 ratione
1688 288 1727 316 sit

935 330 1138 364 paenitendum,
1156 335 1182 357 et
1207 330 1307 365 quibus
1328 331 1355 358 in
1380 331 1539 366 paenitentia
1566 332 1657 360 verbis
1683 333 1722 360 uti

936 381 1070 411 oporteat,
1082 376 1221 404 edocetur.
1236 376 1356 404 Rursum
1372 377 1411 404 ait
1424 376 1526 405 Paulus
1543 387 1549 404 :
1573 376 1723 405 Tribulatio

935 422 1092 456 patientiam
1117 428 1262 457 operatur,
1289 422 1417 457 patientia
1441 431 1500 450 vero
1522 423 1721 457 probationem,

936 468 1055 502 probatio
1070 474 1157 495 autent
1168 476 1249 503 spem,
1265 476 1321 502 spes
1333 472 1422 495 autem
1433 477 1483 495 non
1499 468 1678 504 confundit“.
1693 468 1722 496 ln

936 515 1052 542 Psalmis
1066 522 1130 542 vero
1142 515 1273 550 scriptum
1287 522 1502 550 expressumque
1515 519 1567 547 est,
1584 516 1721 550 quomodo

937 561 1053 588 tolerare
1071 565 1194 595 oporteat
1209 561 1407 593 tribulationes.
1422 562 1486 595 quid
1501 561 1658 589 tribulatum
1679 561 1720 588 di-
1733 579 1735 582 ‹

937 613 999 632 cere
1013 614 1061 640 par
1076 606 1121 638 sit,
1142 606 1208 641 quid
1230 610 1291 641 post
1313 606 1502 633 tribulationes
1514 625 1521 638 ,
1545 611 1599 641 qua
1618 606 1725 633 ratione

937 651 1053 686 quisque
1066 652 1206 686 probetur,
1219 652 1330 687 quinam
1346 651 1401 679 sint
1415 658 1554 679 sermones
1569 659 1664 679 eorum
1677 651 1725 686 qui

938 701 1049 731 sperant
1070 697 1096 724 in
1113 697 1267 724 Dominum.
1287 697 1453 732 Praeceptum
1474 697 1539 724 item
1561 701 1603 724 est
1618 697 1647 724 in
1662 704 1725 724 om-

938 743 1019 770 nibus
1033 743 1136 778 gratias
1155 750 1234 778 agere
1248 743 1281 776 ";
1296 748 1323 770 at
1337 743 1434 770 docent
1457 742 1558 770 Psalmi
1576 742 1658 778 quid,
1678 743 1725 778 qui

939 782 1040 824 gratias
1061 789 1126 824 agit,
1141 789 1214 824 loqui
1228 788 1334 816 debeat.
1351 788 1452 817 Deinde
1469 797 1531 817 cum
1545 789 1580 817 ab
1597 789 1657 817 aliis
1677 797 1726 816 au-

939 834 1062 861 diamus:
1074 834 1228 870 Quicunque
1242 835 1284 869 pie
1297 834 1387 861 volunt
1399 835 1481 862 vivere
1495 835 1524 862 in
1535 833 1653 867 Christo,
1666 843 1728 870 per-

940 880 1096 907 secutionem
1112 881 1248 914 patientur
1272 881 1309 914 ",
1328 888 1343 908 a
1363 880 1479 909 Psalmis
1501 881 1646 909 edocemur
1659 880 1726 916 quid

940 925 1074 960 fugientes
1092 926 1181 954 dicere
1195 931 1339 962 oporteat,
1358 927 1452 962 quales
1469 928 1497 954 in
1518 927 1725 962 persecutione.

940 971 1035 1005 quales
1057 976 1119 1006 post
1145 972 1363 1006 persecutionem
1391 973 1477 1008 erepti
1504 972 1560 1001 Deo
1587 981 1727 1002 sermones

939 1013 1061 1048 proferre
1078 1015 1236 1043 debeamus.
1259 1015 1390 1044 Jubemur
1408 1016 1524 1044 Domine
1547 1018 1706 1046 benedicere
1717 1039 1727 1052 ,

940 1058 1056 1087 Domino
1069 1060 1209 1094 conﬁteri;
1228 1065 1256 1088 at
1278 1061 1305 1088 in
1332 1062 1448 1090 Psalmis
1470 1061 1652 1091 informantur
1673 1072 1735 1100 qua-

940 1105 1047 1133 ratione
1066 1105 1152 1133 Deum
1175 1106 1288 1134 laudare
1302 1111 1445 1142 oporteat,
1468 1109 1623 1145 quibusque
1636 1111 1728 1139 verbis

939 1151 1067 1179 decenter
1089 1151 1277 1180 conﬁteamur.
1304 1152 1376 1186 Quin
1401 1159 1428 1181 et
1451 1154 1566 1190 singulis
1590 1156 1617 1183 in
1646 1156 1728 1185 rebus
1758 1173 1761 1177 -

940 1198 1058 1233 quisque
1072 1197 1190 1233 reperiet
1204 1198 1296 1226 divina
1311 1199 1418 1227 cantica
1438 1200 1471 1228 ad
1493 1209 1544 1229 nos
1563 1205 1729 1238 nostrosque

940 1248 1033 1271 motus
1046 1247 1227 1279 motuumque
1241 1245 1452 1279 temperationes
1464 1247 1679 1275 accommodata.

976 1289 1021 1318 Η,
1035 1289 1142 1317 Etenim
1158 1290 1210 1318 hoc
1222 1297 1333 1326 quoque
1346 1299 1444 1319 rursus
1466 1291 1493 1319 in
1506 1291 1623 1321 Psalmis
1639 1293 1728 1321 admi-

940 1335 1067 1368 randum,
1078 1335 1150 1371 quod
1166 1335 1193 1362 in
1208 1335 1270 1363 aliis
1285 1335 1393 1370 quidem
1406 1336 1498 1370 libris,
1516 1344 1576 1372 quae
1590 1337 1678 1365 sancti
1696 1337 1730 1365 de

940 1381 1103 1416 quibusdam
1121 1381 1233 1414 dicunt,
1248 1381 1305 1409 bazc
1327 1381 1385 1417 ipsa
1401 1382 1448 1417 qui
1464 1382 1574 1418 legunt,
1587 1382 1621 1410 ad
1632 1390 1681 1411 eos
1696 1383 1730 1411 de

940 1426 1040 1462 quibus
1068 1426 1198 1454 dicuntur
1225 1426 1361 1459 referant;
1386 1432 1414 1456 et
1435 1428 1482 1464 qui
1509 1429 1642 1461 audiunt,
1669 1437 1730 1458 sese

941 1473 1010 1501 alios
1032 1473 1190 1501 existiment
1211 1473 1246 1501 ab
1266 1473 1300 1502 iis
1317 1474 1351 1502 de
1371 1474 1472 1510 quibus
1493 1483 1584 1503 sermo
1603 1475 1729 1509 habetur,

942 1519 979 1546 ita
997 1523 1028 1546 ut
1047 1526 1108 1554 quae
1123 1523 1199 1554 gesta
1212 1519 1341 1548 dicuntur
1352 1540 1361 1554 ,
1381 1519 1554 1548 admirationi
1574 1521 1663 1550 solum
1679 1522 1730 1550 lia-

944 1565 1026 1593 beant
1039 1569 1066 1595 et
1083 1565 1214 1593 imitanda
1236 1565 1290 1594 sibi
1304 1571 1467 1602 proponant.
1486 1566 1520 1594 At
1533 1567 1633 1595 librum
1647 1567 1732 1596 istum

943 1611 990 1646 qui
1006 1611 1100 1644 sumit,
1125 1611 1281 1647 prophetias
1298 1611 1408 1647 quidem
1426 1612 1460 1639 de
1483 1611 1639 1647 Salvatore,
1654 1617 1685 1641 ut
1703 1614 1733 1641 in

943 1657 1005 1684 aliis
1030 1656 1180 1692 Scripturis
1205 1664 1283 1685 more
1307 1657 1388 1685 solito
1410 1665 1471 1685 cum
1500 1658 1680 1688 admiratione
1704 1663 1733 1687 et

943 1703 1100 1731 adoratione
1123 1703 1257 1738 percurrit
1277 1711 1284 1730 :
1311 1703 1380 1731 alios
1401 1711 1467 1732 vero
1487 1705 1629 1740 psalmos,
1651 1705 1731 1740 quasi

943 1749 1069 1784 proprios
1084 1749 1135 1776 sibi
1157 1756 1299 1777 sermones
1319 1749 1402 1785 legit;
1421 1750 1467 1786 qui
1487 1755 1577 1778 autem
1595 1751 1731 1783 audierit,

944 1795 1024 1830 quasi
1050 1795 1109 1822 haec
1136 1794 1231 1822 eadem
1255 1794 1312 1830 ipse
1339 1795 1494 1830 proferret,
1518 1796 1742 1831 compungiturt

945 1845 1025 1874 atque
1041 1840 1077 1867 ita
1093 1841 1261 1868 canticorum
1283 1840 1373 1868 verbis
1387 1840 1514 1874 adicitur,
1528 1842 1606 1876 quasi
1623 1848 1672 1871 sua
1688 1849 1733 1868 cs-

946 1889 1015 1913 sent.
1040 1885 1236 1921 Explicationis
1257 1894 1358 1919 causa,
1381 1894 1415 1914 ne
1429 1894 1591 1921 gravemur,
1608 1887 1733 1921 exemplo

945 1931 1017 1960 beati
1032 1932 1108 1959 Pauli
1122 1932 1249 1967 apostoli,
1263 1932 1380 1967 idipsum
1393 1937 1524 1968 repetere.
1537 1933 1657 1960 Plurima
1669 1938 1745 1964 sunt,

945 1977 1163 2012 patriarcharum
1185 1977 1267 2004 verba
1287 1977 1354 2012 ipsis
1373 1977 1482 2012 propria
1511 1987 1516 2004 :
1539 1985 1601 2005 nam
1626 1977 1733 2014 Moyses

946 2023 1117 2058 loquebatur,
1135 2027 1162 2051 et
1178 2022 1251 2051 Deus
1269 2023 1469 2058 respondebat;
1486 2023 1559 2053 Elias
1579 2029 1605 2052 et
1619 2023 1734 2053 Elisaeus

947 2069 974 2096 in
991 2067 1117 2096 Carmelo
1130 2072 1223 2096 monte
1246 2068 1372 2096 sedentes
1387 2068 1533 2096 Dominum
1552 2069 1730 2101 invocabant,

946 2113 1128 2148 dicebantque
1138 2105 1245 2148 semper
1261 2123 1268 2141 :
1288 2113 1357 2141 Vivit
1375 2114 1515 2149 Dominus,
1536 2115 1563 2142 in
1582 2116 1658 2150 cujus
1672 2124 1734 2142 con-

947 2164 1036 2194 spectu
1051 2160 1125 2187 auiti
1137 2160 1214 2187 hodie
1230 2159 1262 2186 “.
1278 2160 1401 2187 Aliorum
1417 2161 1481 2188 item
1497 2165 1654 2188 sanctorum
1668 2169 1734 2196 pro-

103 2211 148 2238 ἀεὶ
163 2210 266 2245 ἔλεγον·
290 2209 333 2244 Ζῇ
345 2211 462 2244 Κύριος,
478 2207 502 2243 ᾧ
526 2209 681 2243 παρέστην
695 2208 823 2238 ἐνώπιον
844 2210 891 2236 αὺ-

947 2206 1092 2240 phetarum
1116 2205 1199 2232 verba
1229 2205 1256 2233 in
1282 2206 1379 2240 primis
1410 2206 1519 2241 quidem
1541 2206 1575 2234 de
1594 2206 1746 2234 Salvatore-

103 2256 158 2283 τοῦ
181 2255 326 2290 σήμερον.
344 2256 377 2282 Oi’
403 2264 433 2282 τε
458 2256 512 2282 τῶν
526 2255 614 2282 ἄλλων
637 2255 721 2290 ἁγίων
747 2254 897 2290 προφητῶν

103 2302 178 2337 λόγοι
195 2302 395 2338 προηγούμενοι
410 2302 458 2338 μέν
486 2303 554 2328 εἰσιν
577 2302 602 2328 οἱ
621 2301 684 2336 περὶ
699 2300 746 2327 τοῦ
758 2301 893 2335 Σωτῆροςο

104 2347 201 2374 ἔπειτα
215 2347 244 2374 δὲ
255 2347 302 2374 καὶ
315 2347 434 2373 πλεῖστοι
448 2347 575 2381 γεγόνασι
589 2347 644 2378 τοῖς
655 2355 684 2373 τε
697 2345 784 2372 ἔθνεσι
797 2346 844 2372 καὶ
857 2345 895 2381 τῷ

111 2392 231 2429 Ἰσραήλ.
244 2393 297 2419 Καὶ
313 2393 387 2428 ὅμως
401 2393 488 2424 οὐδεὶς
505 2392 568 2419 οὔτε
584 2392 639 2419 τῶν
662 2391 837 2428 πατριαρχῶν
848 2392 894 2419 λό-

105 2447 171 2473 γους
187 2439 226 2470 ώς
244 2439 325 2470 ἰδίους
338 2439 370 2466 ἄν
384 2447 449 2466 ποτε
460 2438 543 2472 εἴποι,
558 2438 621 2465 οὔτε
642 2438 772 2474 Ιιιολμήσοι
785 2446 827 2469 τις
852 2447 896 2473 μι-

108 2484 248 2519 μήσασθαι
264 2484 311 2511 καὶ
323 2485 409 2511 εἰπεῖν
428 2485 462 2512 τὰ
476 2484 616 2516 Μωῦσέως
631 2484 685 2512 [δια.
699 2485 820 2520 ῥήματα,
835 2484 896 2511 οὐδὲ

105 2530 154 2557 τοῦ
175 2530 300 2566 Ἀϐραὰμ
317 2531 380 2566 περὶ
403 2530 450 2557 τοῦ
465 2529 620 2565 οίκογενοῦς
642 2530 690 2557 καὶ
718 2529 764 2556 τοῦ
783 2529 896 2566 Ἰσμαὴλ

106 2576 194 2603 καὶτὰ
207 2576 331 2612 περὶτοῦ
345 2576 469 2612 μεγάλου,
479 2576 582 2608 Ἰσαὰκ,
610 2575 661 2602 κᾶν
687 2576 704 2611 ἡ
731 2575 799 2611 αὑτὴ
816 2576 903 2611 χρεῖαι

105 2622 169 2648 τινὰ
183 2622 231 2649 καὶ
242 2622 349 2658 ἀνάγκη
361 2621 514 2658 καταλάϐῃ,
530 2622 667 2657 τολμήσας
684 2621 716 2648 ἄν
727 2630 768 2652 τις
789 2621 826 2653 ὡς
843 2621 895 2648 ἴδια

106 2667 190 2694 εἴποι.
210 2667 259 2694 ’Δν
270 2667 299 2693 δὲ
314 2667 361 2694 καὶ
376 2666 526 2703 συμπάσχῃ
539 2675 581 2698 τις
607 2667 662 2697 τοῖς
688 2665 832 2700 πάσχουσι,
849 2665 896 2692 καὶ

107 2712 192 2739 πόθον
208 2712 274 2739 ποτὲ
290 2711 360 2747 λάὸῃ
377 2711 425 2738 τοῦ
438 2711 603 2747 κρείττονος,
618 2709 718 2738 οὔποτ’.
731 2710 764 2737 ἂν
778 2709 849 2737 εἴποι
860 2710 897 2742 ὠς

143 2769 163 2786 ¹¹
179 2769 260 2796 Rom.
275 2776 302 2800 ν,
321 2769 379 2796 3.5.
436 2769 458 2784 "
475 2767 591 2795 IThess.
610 2776 635 2801 ν,
654 2767 696 2795 i8.

109 2811 208 2838 “xm,
220 2804 264 2832 13.
301 2804 324 2819 “
336 2803 420 2830 Exod.
437 2811 519 2834 xxxn.
531 2803 575 2830 52.

147 2849 183 2884 (9)
209 2850 294 2878 Ίδίων
307 2849 389 2877 αὐτοῦ
402 2850 495 2877 ὄντων.

746 2767 767 2783 η
784 2765 804 2794 ll
821 2766 891 2794 Tim.
915 2774 956 2801 ιιι,
978 2768 1020 2796 12.

949 2256 1013 2279 sunt
1026 2261 1033 2279 :
1049 2251 1147 2279 deinde
1159 2251 1276 2286 plurima
1291 2252 1363 2279 dicta
1375 2257 1439 2279 sunt
1453 2252 1579 2287 gentibus
1592 2257 1618 2280 et
1630 2252 1733 2281 lsraeli.

948 2298 1075 2326 Attamen
1099 2306 1180 2325 nemo
1197 2306 1320 2333 unquam
1343 2298 1561 2334 patriarcharum
1583 2299 1681 2332 verba,
1705 2303 1741 2327 ut

948 2345 1000 2372 sibi
1018 2344 1127 2379 propria
1141 2345 1249 2373 locutus
1267 2344 1348 2372 fuerit
1362 2353 1368 2372 :
1387 2352 1475 2380 neque
1485 2344 1587 2381 Moysis
1601 2345 1693 2378 verba,
1706 2350 1736 2373 ut

948 2389 1057 2425 propria
1070 2390 1172 2417 imitari
1189 2389 1366 2425 proierreque
1387 2398 1471 2419 ausus
1483 2389 1575 2424 fuerit,
1584 2399 1633 2419 nec
1647 2390 1734 2419 Abra-

949 2436 1022 2463 hami
1036 2436 1070 2463 de
1082 2444 1178 2470 verna,
1191 2441 1218 2464 et
1232 2436 1265 2464 de
1278 2436 1401 2469 lsmaele,
1422 2441 1449 2464 et
1464 2436 1498 2464 de
1513 2444 1612 2472 magno
1624 2436 1732 2469 lsaaco,

948 2481 1074 2515 quamvis
1090 2481 1186 2508 eadem
1201 2481 1260 2516 ipsa
1280 2481 1446 2508 necessitate
1461 2485 1609 2515 prematur.
1635 2481 1689 2509 Nec
1711 2482 1735 2509 si

930 2523 933 2525 ’
949 2526 1011 2561 quis
1026 2527 1191 2561 patientibus
1206 2527 1386 2562 compatiatur
1398 2546 1406 2559 ,
1427 2531 1476 2554 aut
1498 2526 1537 2554 rei
1553 2527 1673 2555 melioris
1690 2528 1737 2555 οεο-

949 2573 1052 2602 siderio
1066 2578 1207 2606 teneatur,
1223 2581 1344 2609 unquam
1365 2573 1464 2601 dixerit
1486 2578 1517 2600 ut
1534 2573 1641 2610 Moyses
1657 2581 1665 2600 :
1686 2572 1737 2601 θε-

950 2617 1025 2644 tende
1047 2618 1111 2645 mihi
1131 2619 1242 2654 teipsum
1254 2620 1276 2635 “
1289 2627 1297 2652 ;
1321 2619 1380 2652 vel,
1395 2619 1437 2647 Si.
1448 2619 1554 2654 quidem
1569 2619 1681 2646 remitti:
1698 2620 1736 2646 eis

949 2668 1086 2697 peccatum
1108 2672 1216 2698 eorum,
1241 2665 1361 2697 remitte;
1379 2665 1421 2691 sin
1440 2665 1544 2698 minus,
1564 2664 1621 2692 dele
1644 2672 1684 2691 nte
1704 2664 1737 2692 de

951 2708 1019 2736 libro
1043 2714 1098 2744 tuo,
1122 2719 1197 2746 quem
1219 2711 1351 2746 scripsisti
1366 2711 1396 2738 “.
1423 2711 1476 2738 Sed
1501 2718 1551 2738 nec
1569 2710 1735 2746 quisquam,

1074 2769 1094 2785 ¹¹
1110 2769 1142 2796 lli
1153 2769 1217 2805 Reg.
1231 2777 1297 2803 xvu,
1314 2770 1344 2804 i;
1358 2768 1393 2797 iV
1409 2767 1475 2804 Reg.
1492 2767 1591 2801 1",“.
1617 2765 1737 2797 "Exod.
