1934 3053
186 141 222 169 25
610 139 640 168 S.
665 140 851 169 ATllANASll
871 141 945 170 OPP.
967 142 1058 170 PARS
1077 141 1121 169 Ill.
1142 157 1176 162 —
1195 141 1400 170 EXEGETICA.
1770 141 1804 169 26

187 198 381 234 prophetamm
393 198 475 227 verba
490 203 520 227 ut
535 200 644 235 propria
656 208 804 235 usurpans,
823 200 866 228 his
880 208 971 236 repre—

1026 201 1156 236 Μωῡσῆς·
1181 200 1365 236 Ὲμφάνισὸν
1378 209 1428 235 μοι
1444 201 1593 228 σεαυτόν·
1617 200 1634 237 ἦ
1661 200 1750 228 πάλιν·
1772 202 1806 228 El

187 244 321 277 henderit,
336 244 378 271 vel
401 244 550 272 laudaverit
571 251 618 272 eos
639 245 684 280 qui
709 245 809 273 similia
836 245 968 279 fecerint,

186 290 286 325 quibus
315 290 366 324 ipsi
386 291 637 325 reprehenderunt,
656 291 904 326 Iaudaveruntque;
924 299 972 319 ne-

186 343 240 371 que
254 335 319 363 illud
337 344 343 361 :
365 335 434 362 Vivit
451 335 625 369 Dominus,in
645 336 719 371 cujus
736 343 875 371 conspectu
894 337 971 368 hodie

186 386 238 413 ειο,
251 386 282 409 ιιι
298 381 436 416 proprium
452 381 504 409 sibi
517 389 668 409 sermonem
682 382 782 409 imitari
793 390 966 418 praesumpse-

183 427 233 455 'rit.
254 427 359 455 Etenim
381 428 480 463 legenti
505 428 590 456 libros
614 428 787 463 perspicuum
800 434 859 461 est,
872 435 902 456 se
926 427 970 454 illa

185 473 280 506 Verba,
295 481 350 501 non
361 477 392 500 ιιι
406 472 525 508 propria,
542 473 589 500 sed
609 477 639 500 ut
654 477 811 500 sanctorum
828 477 855 500 et
876 480 969 500 eorum

187 518 234 552 qui
255 526 297 553 pet
315 519 366 546 ista
378 518 578 552 signiﬁcantur,
591 517 723 553 proferre.
739 519 775 545 At
789 518 835 553 qui
848 517 971 546 Psalmos

187 564 267 600 legit,
283 571 328 592 res
347 564 416 591 mira
427 584 434 597 ,
456 568 517 599 post
532 563 687 598 prophetias
708 571 768 599 quae
783 563 816 591 de
832 563 971 592 Salvatore

187 609 260 636 etde
272 609 398 644 gentibus
419 612 482 636 sunt
495 628 503 640 ,
521 608 625 643 reliqua
641 612 770 646 tanquam
790 609 842 636 sibi
861 608 971 644 propria

187 655 269 682 verba
290 654 426 689 loquitur,
448 658 475 681 et
494 661 526 681 ea
542 654 620 689 quasi
643 654 676 682 de
696 662 726 682 se
747 654 848 689 scripta
864 659 970 687 essent,

187 700 304 735 quisque
316 700 420 735 psallit.
435 707 484 728 nec
500 700 579 735 quasi
601 700 670 728 alius
688 707 721 728 ea
735 700 819 734 dicat,
838 700 879 728 vel
893 700 972 735 quasi

187 746 271 773 alium
289 745 456 781 signiﬁcent,
472 753 503 772 ea
523 745 621 780 accipit
631 749 659 772 et
675 746 828 780 percurrit;
846 745 893 774 sed
911 753 973 780 per-

188 791 249 819 inde
273 791 388 819 aﬂicitur
407 795 488 826 atque
507 790 531 818 si
548 790 605 826 ipse
617 791 650 818 de
663 798 693 819 se
708 791 857 826 loquatur;
873 795 900 819 et
912 799 973 826 qua:

187 837 326 869 dicuntur,
346 837 424 872 quasi
441 837 498 871 ipse
519 836 604 871 egerit
619 840 645 864 et
657 844 689 864 ex
706 845 734 864 se
752 837 809 872 ipse
825 837 952 872 loquatur
963 857 972 871 ,

1017 248 1077 282 μὲν
1089 247 1170 282 ἀφῇς
1182 247 1286 280 αὐτοῖς
1309 247 1367 281 τὴν
1385 247 1540 282 ἁμαρτίαν,
1569 246 1654 281 ἄφες*
1669 247 1695 273 εὶ
1719 246 1754 273 δὲ
1763 247 1805 281 μὴ

1019 293 1109 328 ἀφῇς,
1122 293 1285 327 ἐξάλειψόν
1294 301 1333 328 με
1343 293 1377 320 ἐκ
1393 292 1448 327 τῆς
1460 292 1570 324 ,βίϐλου
1583 300 1652 324 σου,
1667 289 1705 327 ἧς
1722 292 1807 326 ἐτρα-

1019 339 1090 372 ψας.
1116 337 1185 363 Ἀλλ’
1196 337 1266 369 οὐδὲ,
1283 337 1333 369 τὰς
1347 337 1402 364 τῶν
1427 336 1573 372 προφητῶν
1598 345 1639 368 τις
1662 335 1807 373 λαμϐάνων

1019 382 1058 414 ὼς
1065 382 1118 409 ἴδια
1132 383 1253 418 ῥήματα,
1270 382 1408 418 μέμψαιτό
1418 390 1459 413 τις
1469 382 1485 416 ἦ
1495 381 1647 408 ἐπαινέσειε
1656 381 1760 413 τούτοις
1775 382 1807 408 τὰ

1021 428 1101 462 ὅμοια
1111 428 1279 464 πράξαντας,
1293 426 1334 460 οἷς
1349 427 1507 470 ἐμέμψαντο
1519 427 1566 453 καὶ
1591 427 1726 462 ἐπῄνεσαν
1737 428 1808 453 ἐκεί-

1020 483 1069 502 νοι·
1085 474 1146 501 οὐδὲ
1157 474 1196 507 τὸ,
1209 474 1254 509 Ζῇ
1263 475 1380 508 Κύριος,
1390 471 1414 507 ᾧ
1428 473 1583 507 παρέστην
1601 473 1729 500 ἐνώπιον
1756 473 1808 499 αὺ-

1020 520 1073 547 τοῦ
1087 519 1230 554 σήμερον,
1246 520 1398 555 μιμήσηται
1414 519 1446 546 άν
1475 526 1517 550 τις
1529 519 1616 545 εἰπεῖν
1630 518 1667 550 ὡς
1686 518 1751 544 ῐδιον
1766 518 1809 544 λό-

1020 569 1077 596 γον.
1093 561 1148 588 Καὶ
1161 560 1216 596 γάρ
1231 561 1278 588 καὶ
1293 561 1307 586 ὁ
1320 560 1490 595 ἐντυγχάνων
1500 561 1559 591 ταῖς
1576 559 1677 593 βίὸλοις
1693 559 1808 595 φανερός

1021 607 1079 633 ἐστι
1106 606 1143 642 μὴ
1157 606 1194 638 ὡς
1208 606 1298 637 ἰδίους,
1313 605 1380 632 ἀλλὰ
1391 605 1446 632 τῶν
1457 605 1542 639 ἁγίων
1556 605 1604 631 καὶ
1616 605 1669 631 τῶν
1696 605 1729 631 δι’
1757 605 1808 631 αὺ-

1020 652 1075 679 τῶν
1087 652 1259 688 δηλουμένων
1272 651 1357 687 λέγων
1369 651 1433 684 τοὺς
1443 651 1548 685 λόγους.
1562 651 1630 683 Τοὺς
1645 651 1673 677 δέ
1685 659 1717 685 γε
1734 651 1809 677 Ψαλ-

1024 698 1100 733 μοὺς,
1112 697 1143 724 τὺ
1157 697 1317 733 παράδοξον,
1334 696 1403 732 μετὰ
1416 697 1465 728 τὰς
1485 696 1549 732 περὶ⁵
1564 696 1610 722 τοῦ
1624 696 1748 732 Σωτῆρος
1763 696 1809 723 καὶ

1022 745 1076 772 τῶν
1091 744 1176 771 ἐθνῶν
1188 744 1357 780 προφητείας
1372 745 1386 770 ὁ
1397 743 1483 778 λέγων
1494 743 1529 770 τὰ
1540 743 1607 770 ἄλλα
1622 743 1660 775 ὡς
1690 743 1743 770 ῐδια
1760 745 1808 779 ρή-

1024 799 1097 826 ματα
1122 789 1210 817 λαλῶν
1238 790 1307 821 ἐστι,
1335 790 1382 816 καὶ
1397 789 1434 821 ὡς
1459 789 1524 825 περὶ
1544 789 1626 816 αὑτοῦ
1655 790 1810 824 γραφέντας

1023 836 1121 868 αὐτοὺς
1135 835 1250 867 ἕκαστος
1261 835 1367 870 ψάλλει,
1380 835 1427 862 καὶ
1447 835 1496 870 οὐχ
1520 835 1557 867 ὡς
1578 835 1670 870 ἑτέρου
1687 835 1810 868 λέγοντος

188 881 243 910 Duo
265 881 358 909 refert.
383 882 558 918 Nequaquam
580 883 651 910 enim
675 883 721 910 illa
739 890 787 910 ceu
803 883 972 918 patriarcha-

1026 881 1040 916 ἦ
1054 890 1087 908 πε
1093 881 1119 916 pl.
1130 880 1222 917 ἑτέρου
1240 880 1417 916 σημαίνοντος
1427 880 1545 915 δέχεται,
1559 880 1606 907 καὶ
1626 879 1808 915 διεξέρχεται·

189 936 260 960 rum,
287 932 335 956 aut
359 927 470 964 Moysi»,
501 929 651 956 aliorumve
672 929 866 964 prophetarum
889 929 972 956 verba

189 981 321 1009 usurpare
339 972 520 1002 reformidat:
545 973 593 1001 sed
614 981 697 1009 quam
722 973 840 1000 maxime
862 977 892 1000 ut
910 980 975 1008 pro-

188 1019 246 1054 pria
263 1023 290 1046 et
305 1019 339 1046 de
365 1019 456 1054 seipso
470 1019 571 1054 scripta
593 1019 651 1046 lucc
670 1018 761 1046 dicere
774 1018 893 1053 psallens
907 1025 975 1046 eon-

188 1064 257 1091 tidit.
273 1063 340 1092 Nam
365 1064 465 1092 Psalmi
487 1070 542 1092 tam
564 1065 624 1100 ejus
637 1064 684 1100 qui
707 1068 840 1099 praecepta
857 1064 976 1092 servavit

188 1117 269 1145 quam
290 1110 350 1145 ejus
370 1110 418 1146 qui
438 1110 632 1146 praevaricatus
653 1115 712 1143 est.
733 1111 876 1145 utriusque
899 1114 974 1145 gesta

189 1157 340 1184 continent.
362 1155 479 1184 Necesse
504 1161 595 1185 autem
621 1161 663 1184 est
686 1156 811 1192 quemvis
836 1155 973 1184 hominem

189 1201 347 1228 alterutrius
367 1201 533 1229 conditionis
556 1208 635 1233 esse,
662 1205 745 1236 atque
769 1200 808 1228 ita
831 1200 914 1228 verba
939 1199 975 1228 de

189 1247 312 1282 utrisque
329 1247 419 1282 posita
432 1247 525 1282 loqui,
539 1247 581 1274 vel
599 1246 624 1274 si
636 1251 768 1282 praecepta
783 1246 898 1275 servarit
908 1265 916 1279 ,
932 1245 974 1274 vel

189 1293 212 1320 si
227 1298 436 1329 praetergressus
449 1294 495 1321 sit.

1023 926 1080 954 ἀλλ’
1098 926 1135 958 ὡς
1151 926 1232 958 αὐτὸς
1246 927 1310 962 περὶ
1322 926 1405 953 αὐτοῦ
1425 925 1512 953 λαλῶν
1535 925 1693 952 διατίθεται·
1708 926 1756 952 καὶ
1767 923 1811 952 οἷά

1023 973 1127 1000 ὲστιτά
1141 973 1286 1009 λεγόμενα,
1308 972 1396 1000 ταῦτα
1422 973 1460 1005 ὡς
1487 972 1568 1004 αὐτὸς
1590 973 1697 1008 πράξας
1713 973 1761 1000 καὶ
1781 972 1811 1005 ἐξ

1024 1019 1120 1046 ἑαυτοῦ
1134 1019 1223 1046 λαλῶν
1246 1020 1377 1055 ἀναφέρει
1389 1019 1427 1055 τῷ
1441 1019 1510 1054 Θεῷ,
1525 1018 1563 1046 Οὑ
1586 1019 1639 1054 γὰρ
1653 1018 1690 1050 ὡς
1710 1019 1745 1045 τὰ
1756 1017 1811 1045 τῶν

1025 1065 1202 1101 πατριαρχῶν
1216 1065 1334 1101 ῥήματα,
1353 1065 1400 1091 καὶ
1410 1064 1558 1096 Μωῡσέως,
1579 1064 1625 1091 καὶ
1649 1064 1703 1091 τῶν
1724 1063 1811 1091 ἄλλων

1025 1110 1183 1147 προφητῶν,
1206 1110 1419 1150 εὐλαβηθήσεται
1442 1109 1597 1136 καὶταῦτα·
1612 1109 1679 1136 ἀλλὰ
1697 1109 1744 1135 καὶ
1761 1109 1813 1144 μά-

1024 1157 1103 1184 λιστα
1119 1156 1156 1188 ὡς
1172 1156 1226 1183 ἴδια
1245 1156 1293 1182 καὶ
1308 1156 1372 1191 περὶ
1392 1155 1488 1182 ἑαυτοῦ
1502 1155 1641 1191 γραφέντα
1658 1155 1753 1191 θαρσεῖ
1765 1154 1811 1181 λέ-

1024 1210 1080 1236 γων
1095 1204 1110 1229 ὁ
1124 1202 1233 1237 ψάλλων
1254 1201 1350 1229 ταῦτα.
1375 1202 1426 1228 Τὸν
1442 1201 1496 1237 γὰρ
1524 1200 1678 1235 φυλάξαντα
1694 1200 1743 1235 τὴν
1768 1201 1812 1227 ὲν-

1024 1247 1117 1283 τολὴν,
1145 1248 1192 1274 καὶ
1218 1247 1378 1283 παραϐάντα
1397 1246 1514 1282 ταύτην,
1543 1247 1593 1281 τήν
1624 1254 1654 1272 τε
1681 1245 1811 1281 ἑκατέρου

1026 1293 1125 1329 πρᾶξιν
1144 1293 1316 1330 περιέχουσιν
1343 1293 1368 1319 οἱ
1384 1292 1505 1328 Ψαλμοί.
1536 1292 1653 1327 Ἀνάγκη
1670 1291 1698 1318 δὲ
1721 1291 1812 1319 πάντα

187 1338 330 1376 ἄνθρωπον
341 1340 370 1365 ἐν
384 1339 489 1371 τούτοις
512 1338 680 1374 συνέχεσθαι,
705 1338 781 1374 καὶῆ
796 1338 834 1370 ὡς
847 1338 1002 1374 φυλάξαντα
1026 1340 1076 1375 τὴν
1098 1341 1216 1376 ἐντολὴν,
1237 1340 1253 1376 ἣ
1269 1339 1306 1372 ὠς
1336 1338 1496 1376 παραϐάντα
1510 1337 1622 1374 ταύτην,
1637 1337 1726 1372 λέγειν
1749 1338 1812 1370 τοὺς

189 1385 253 1421 περὶ
267 1385 381 1412 ἑκάστου
397 1384 605 1420 γεγραμμένους
615 1384 719 1419 λόγους.

226 1431 270 1458 12.
286 1431 375 1466 Atque
387 1431 455 1458 mihi
465 1431 573 1465 quidem
586 1431 703 1462 videtur.
714 1430 841 1466 psallenti
852 1429 976 1458 Psalmos

188 1486 250 1505 csse
268 1478 354 1505 instar
371 1477 484 1512 speculi,
498 1482 529 1505 ut
542 1482 570 1505 et
590 1477 711 1513 seipsum
731 1482 758 1505 ct
775 1477 878 1512 proprii
892 1477 976 1504 animi

190 1528 281 1551 motus
303 1524 330 1550 in
350 1523 417 1559 ipsis
430 1523 639 1558 contempletur.
654 1528 736 1558 atque
751 1523 789 1551 ita
804 1523 918 1551 aﬁ'ectus
929 1530 976 1551 eos
989 1536 1010 1565 ε

188 1569 294 1596 recitet.
316 1567 422 1594 Etenim
446 1566 493 1602 qui
516 1567 649 1602 legentem
669 1566 764 1599 audit,
781 1566 818 1593 ita
838 1566 976 1594 canticum

190 1613 303 1647 suscipit
323 1620 355 1640 ac
371 1612 393 1639 si
407 1612 441 1640 de
455 1619 486 1640 se
506 1611 642 1640 diceretur
657 1620 665 1639 :
680 1616 706 1639 et
721 1612 763 1639 vel
780 1611 888 1646 propria
911 1618 976 1638 con-

188 1660 278 1687 victus
299 1658 485 1690 conscientia,
507 1662 688 1692 compunctus
708 1657 866 1692 resipiscet;
881 1657 923 1684 vel
943 1657 976 1683 de

189 1712 238 1740 spe
253 1704 280 1731 in
294 1703 378 1731 Deum
393 1703 508 1732 audiens
520 1704 562 1731 vel
582 1703 615 1731 de
628 1703 730 1731 auxilio
742 1703 916 1730 credentibus
927 1710 975 1730 ex-

190 1751 286 1783 hibito,
312 1750 390 1785 quasi
411 1749 463 1776 sibi
486 1749 668 1784 praeberetur,
687 1748 785 1784 gaudio
808 1747 955 1776 exsultabit
968 1767 976 1780 ,

189 1800 271 1831 atque
286 1796 387 1832 gratias
406 1794 463 1822 Deo
484 1802 565 1830 agere
580 1794 701 1829 incipiet.
722 1794 790 1822 Cum
814 1794 906 1829 itaque
922 1799 977 1822 ter-

190 1842 257 1869 tium
282 1841 417 1876 psalmum
440 1840 574 1876 quispiam
599 1840 689 1871 canit.
718 1847 782 1868 suas
808 1840 977 1875 perpendens

189 1894 325 1915 aerumnas
336 1907 343 1918 ,
359 1887 437 1922 quasi
457 1894 506 1914 sua
521 1891 628 1922 reputat
643 1886 717 1914 illius
731 1886 813 1913 verba
829 1894 837 1919 ;
866 1885 977 1914 undeci-

191 1940 268 1960 mum
292 1939 356 1960 vero
381 1937 408 1960 et
421 1932 558 1961 decimum
574 1937 681 1960 sextum
698 1931 775 1967 quasi
793 1932 819 1958 in
837 1931 975 1966 propriam

189 1978 317 2006 ﬁduciam
327 1982 355 2006 et
365 1979 516 2006 orationem
530 1978 705 2013 pronuntiat;
720 1978 976 2014 quinquagesimum

190 2028 297 2056 autem,
319 2023 398 2059 quasi
415 2023 525 2058 propria
548 2023 714 2058 poenitentiae
737 2031 794 2052 sua:
809 2023 890 2051 verba
914 2029 978 2058 pro.

189 2069 253 2097 fert.
276 2068 344 2096 Cum
370 2076 434 2096 vero
458 2069 550 2104 psallit
568 2069 824 2104 quinquagesimum
847 2068 976 2100 tertium,

190 2114 446 2151 quinquagesimum
460 2114 598 2150 quintum,
614 2113 805 2145 centesimum,
827 2113 977 2148 quadrage-

191 2164 292 2191 simum
308 2162 439 2197 primum,
460 2169 514 2188 non
543 2161 622 2196 quasi
645 2160 727 2193 alius,
750 2160 798 2188 sed
820 2159 900 2195 quasi
919 2159 977 2193 ipse

1067 1430 1110 1467 ιβ’.
1124 1430 1178 1457 Καί
1195 1438 1239 1466 μοι
1263 1429 1336 1456 δοκεῖ
1354 1428 1393 1464 τῷ
1406 1427 1533 1463 ψάλλοντι
1558 1427 1681 1462 γίνεσθαι
1701 1426 1813 1458 τούτους

1029 1475 1122 1511 ὥσπερ
1135 1475 1287 1511 εἴσοπτρον,
1302 1474 1341 1506 είς
1353 1473 1383 1500 τὺ
1400 1474 1540 1500 κατανοεῖν
1559 1472 1606 1499 καὶ
1620 1472 1702 1499 αὐτὸν
1719 1473 1749 1500 ὲν
1765 1472 1814 1499 αὒ-

1029 1521 1084 1552 τοῖς
1103 1521 1149 1547 καὶ
1162 1519 1198 1546 τὰ
1211 1520 1260 1555 τῆς
1277 1519 1373 1546 ἑαυτοῦ
1388 1519 1477 1554 ψυχῆς
1504 1519 1652 1554 κινήματα,
1666 1517 1713 1544 καὶ
1727 1517 1813 1549 οὕτως

1028 1567 1187 1603 αἰσθόμενον
1211 1565 1393 1601 ἀπαγγέλλειν
1419 1565 1528 1597 αὐτούς.
1566 1565 1622 1592 Καὶ
1649 1564 1704 1600 γὰρ
1730 1564 1777 1591 καὶ
1798 1565 1813 1591 ὁ

1026 1613 1132 1640 ἀκούων
1152 1613 1198 1640 τοῦ
1211 1611 1443 1647 ἀναγινώσκοντος
1464 1612 1502 1643 ὡς
1520 1611 1583 1647 περὶ
1605 1610 1686 1637 αὐτοῦ
1699 1610 1813 1645 λεγομέ-

1026 1669 1075 1696 νην
1091 1660 1140 1696 τὴν
1159 1660 1231 1696 ᾠδὴν
1242 1659 1426 1694 καταδέχεται·
1457 1659 1504 1686 καὶ
1530 1658 1545 1694 ἢ
1570 1658 1746 1693 ἐλεγχόμενος
1761 1657 1813 1684 ὑπὸ

1025 1706 1072 1733 τοῦ
1095 1706 1243 1737 συνειδότος
1258 1706 1418 1740 κατανυγε¹ις
1449 1705 1619 1740 μετανοήσει,
1638 1704 1655 1739 ἢ
1679 1703 1742 1739 περὶ
1764 1702 1814 1738 τῆς

1026 1752 1065 1783 εἰς
1080 1751 1146 1778 Θεὸν
1162 1751 1268 1783 ἐλπίδος
1280 1750 1386 1778 ἀκούων
1399 1750 1445 1777 καὶ
1462 1750 1512 1785 τῆς
1529 1751 1569 1782 είς
1596 1750 1658 1781 τοὺς
1673 1748 1814 1776 πιστεύον-

1025 1806 1075 1830 τας
1092 1797 1236 1832 γινομένης
1251 1797 1429 1832 ἀντιλήψεως,
1445 1796 1483 1828 ὡς
1503 1797 1544 1828 εἰς
1567 1795 1649 1823 αὐτὸν
1664 1795 1814 1830 γενομένης

1026 1844 1154 1880 τοιαύτης
1177 1844 1287 1881 χάριτος
1311 1843 1481 1878 ἀγαλλιᾶται,
1502 1842 1549 1870 καὶ
1573 1841 1745 1877 εὐχαριστεῖν
1763 1840 1814 1876 ἂρ-

1026 1899 1104 1926 χεται
1118 1890 1157 1926 τῷ
1169 1890 1239 1925 Θεῷ.
1258 1890 1320 1916 Ὅτε
1333 1889 1398 1924 γοῦν
1421 1889 1467 1916 τὸν
1489 1888 1579 1923 τρίτον
1597 1887 1692 1922 ψάλλει
1714 1895 1757 1918 τις
1773 1886 1814 1917 εἰς

1025 1936 1076 1967 τάς
1093 1936 1161 1967 ιδίας
1189 1935 1293 1970 θλίψεις
1306 1934 1436 1971 συνορῶν,
1456 1934 1494 1966 ὡς
1508 1933 1589 1961 αὐτοῦ
1615 1930 1686 1960 εἶναι
1707 1931 1814 1967 νομίζει

1026 1981 1062 2008 τά
1075 1981 1104 2008 ἐν
1118 1980 1157 2016 τῷ
1181 1980 1282 2016 ψαλμῷ
1295 1981 1415 2017 ῥήματα·
1438 1980 1485 2007 καὶ
1505 1979 1565 2006 τότε
1584 1979 1629 2006 τὸν
1656 1981 1688 2005 ια’
1709 1977 1813 2005 καὶτὸν

1027 2031 1065 2060 ις’
1081 2027 1119 2059 ὼς
1134 2027 1174 2059 εἰς
1193 2027 1242 2063 τὴν
1257 2027 1325 2054 ἰδίαν
1338 2026 1500 2062 πεποίθησιν
1511 2025 1558 2052 καὶ
1571 2025 1726 2061 προσευχήν
1738 2024 1813 2050 ἐστιν

1027 2072 1216 2106 ἀπαγγέλλων·
1230 2072 1335 2099 καὶτὸν
1361 2073 1410 2108 μὲν
1430 2075 1451 2099 ν’
1472 2070 1580 2108 ψαλμὸν
1600 2071 1638 2103 ὠς
1654 2070 1735 2101 αὑτός
1754 2070 1813 2096 ἐστι

1027 2117 1060 2144 τὰ
1075 2117 1129 2144 ἴδια
1143 2117 1192 2152 τῆς
1205 2116 1349 2152 μετανοίας
1364 2116 1461 2144 ἑαυτοῦ
1482 2117 1568 2151 λέγων
1587 2117 1706 2152 ῥήματα·
1721 2114 1766 2141 τὸν
1784 2113 1813 2140 δὲ

1027 2165 1078 2196 νγ¹,
1098 2162 1145 2188 καὶ
1159 2161 1205 2188 τὸν
1220 2164 1266 2194 ve’,
1282 2161 1329 2188 καὶ
1343 2161 1388 2188 τὸν
1407 2165 1460 2195 νς’,
1475 2162 1523 2188 καλ⁸
1535 2161 1581 2188 τὸν
1602 2160 1676 2197 ρμα¹,
1688 2160 1732 2187 ὅτε
1745 2158 1814 2194 ψάλ-

190 2208 406 2245 pcrseCutionem
432 2211 581 2242 pateretur,
604 2205 644 2234 sic
665 2205 796 2239 atlicitur,
812 2209 840 2232 et
858 2204 898 2232 sic
922 2205 974 2231 ista

1026 2207 1066 2234 λει
1097 2216 1150 2240 τις,
1167 2207 1216 2243 οὐχ
1245 2207 1283 2239 ὡς
1303 2207 1384 2235 ἄλλου
1412 2207 1587 2243 διωκομένου,
1611 2206 1668 2233 ἀλλ’
1688 2206 1726 2237 ὡς
1747 2204 1784 2232 ὣν
1800 2205 1815 2232 ό

190 2255 292 2287 verba,
314 2254 394 2289 quasi
415 2253 525 2289 propria
547 2252 610 2285 sibi,
639 2253 691 2280 Deo
712 2252 796 2280 canit.
812 2252 851 2280 Ac
864 2251 974 2279 demum

190 2301 307 2337 quisque
326 2300 447 2335 psalmus
467 2299 504 2326 ita
523 2306 538 2326 a
553 2298 656 2334 Spiritu
671 2298 788 2326 dictatus
804 2303 884 2334 atque
901 2305 975 2326 com-

190 2344 297 2380 positus
312 2349 364 2376 est,
379 2349 409 2371 ut
423 2343 450 2370 in
465 2351 498 2371 eo
510 2363 518 2377 ,
531 2343 761 2378 quemadmodum
779 2350 860 2378 supra
873 2343 974 2371 dictum

191 2395 243 2424 εει,
260 2390 345 2417 animi
358 2389 447 2417 nostri
459 2394 550 2417 motus
563 2388 811 2424 deprehendantur.
827 2396 976 2424 omnesque

190 2438 269 2472 quasi
284 2438 318 2465 de
331 2438 410 2465 nobis
421 2437 519 2472 prolati
531 2442 558 2464 et
571 2436 644 2464 velut
654 2436 735 2464 nobis
747 2436 848 2471 proprii
863 2435 928 2469 sint,
941 2436 976 2463 ad

193 2484 408 2512 recordationem
429 2489 551 2511 motuum
577 2487 735 2511 nostrorum
750 2487 777 2510 et
799 2482 834 2510 ad
853 2483 915 2510 vitae
929 2490 979 2510 no-

192 2535 256 2558 stra:
270 2529 498 2558 emendationem.
508 2528 574 2562 Quae
589 2528 661 2556 enim
678 2528 825 2563 psallentes
840 2528 977 2560 dixerunt,

193 2576 251 2604 lucc
264 2583 314 2611 pro
329 2574 417 2603 forma
431 2574 510 2602 nobis
525 2582 585 2602 esse
600 2578 724 2610 possunt.

230 2717 273 2744 l5.
316 2714 378 2743 llazc
402 2721 485 2751 porro
502 2720 600 2741 rursus
626 2713 711 2748 gratia
735 2717 777 2740 est
806 2711 973 2742 Salvatoris;

194 2763 276 2792 homo
303 2762 402 2797 quippe
425 2765 536 2795 propter
566 2766 617 2797 nos
635 2758 733 2790 factus.
747 2757 888 2793 proprium
915 2764 977 2784 cor-

194 2816 245 2843 pus
271 2816 320 2842 pro
351 2806 432 2834 nobis
457 2807 484 2833 in
509 2802 761 2837 mortem-obtulit,
781 2808 812 2831 ut
837 2810 933 2830 omnes
961 2809 976 2828 a

193 2857 281 2880 morte
317 2852 471 2880 redimeret.
504 2850 576 2884 Quin
598 2856 623 2878 cI
647 2850 784 2879 cmlestcm
817 2848 976 2884 probatissi-

1029 2253 1141 2288 πάσχων
1161 2253 1367 2286 συνδιατίθεται,
1388 2253 1435 2280 καὶ
1449 2253 1506 2288 ᾄδει
1518 2252 1556 2288 τῷ
1571 2253 1667 2288 Κυρίῳ
1682 2251 1720 2283 ὡς
1733 2251 1814 2282 ἰδίους

1013 2300 1090 2331 ιτοὺς
1101 2299 1196 2334 λόγους
1220 2298 1341 2330 τούτους.
1361 2299 1415 2326 Καὶ
1428 2298 1496 2330 ὅλως
1514 2297 1598 2329 οὕτως
1615 2297 1729 2327 ἕκαστος
1743 2295 1814 2330 ψαλ-

1031 2345 1080 2381 μὺς
1096 2345 1172 2381 παρὰ
1189 2345 1236 2372 τοῦ
1263 2344 1420 2380 Πνεύματος
1450 2342 1556 2379 εἴρηταί
1584 2351 1614 2369 τε
1641 2341 1689 2369 καὶ
1718 2340 1813 2367 συντέ-

1030 2400 1139 2423 τακται,
1158 2391 1195 2423 ὡς
1225 2391 1254 2418 ἐν
1277 2391 1379 2422 αὐτοῖς,
1397 2389 1469 2416 καθά
1491 2388 1622 2424 πρότερον
1638 2387 1756 2422 εἴρηται,
1778 2384 1815 2411 τὰ

1029 2437 1169 2472 κινήματα
1191 2436 1241 2471 τῆς
1256 2435 1346 2471 ψυχῆς
1368 2433 1445 2470 ἡμῶν
1456 2432 1657 2463 κατανοεῖσθαι,
1675 2431 1721 2457 καὶ
1745 2429 1815 2457 πάν-

1027 2491 1076 2515 τας
1092 2483 1191 2514 αὐτοὺς
1204 2481 1242 2514 ὡς
1253 2482 1317 2517 περὶ
1332 2481 1409 2516 ἡμῶν
1434 2479 1569 2516 εἰρῆσθαι,
1585 2478 1633 2505 καὶ
1644 2475 1713 2503 εἶναι
1733 2475 1813 2511 ἡμῶν

1027 2528 1125 2559 αὐτοὺς
1137 2527 1175 2558 ὡς
1191 2527 1273 2558 ἰδίους
1283 2527 1389 2560 λόγους,
1405 2526 1445 2556 εἰς
1459 2524 1609 2559 ἀνάμνησιν
1638 2521 1692 2550 τῶν
1706 2521 1735 2547 ὲν
1748 2521 1814 2557 ἡμῖν

1027 2573 1184 2608 κινημάτων
1213 2572 1260 2598 καὶ
1284 2571 1425 2607 διόρθωσιν
1445 2570 1496 2605 τῆς
1510 2569 1589 2605 ἡμῶν
1614 2567 1761 2599 πολιτείας.
1779 2567 1815 2592 Ἀ

1026 2620 1079 2656 γὰρ
1096 2620 1120 2646 οἱ
1132 2618 1276 2654 ψάλλοντες
1304 2619 1440 2653 εἰρήκασι,
1457 2616 1543 2643 ταῦτα
1562 2615 1609 2642 καὶ
1628 2613 1707 2650 ἡμῶν
1717 2613 1814 2640 δύναν-

1028 2674 1073 2692 ται
1086 2664 1166 2692 τῦποι
1178 2665 1224 2691 καὶ
1237 2664 1408 2700 χαρακτῆρες
1419 2661 1497 2690 εἶναι.

1067 2714 1111 2745 ιγ’.
1126 2710 1199 2746 Αὓτη
1214 2710 1243 2736 δὲ
1268 2709 1348 2736 πάλιν
1372 2709 1419 2735 τοῦ
1440 2707 1565 2743 Σωτῆρός
1591 2707 1665 2733 ἐστιν
1691 2704 1812 2741 ὴχάρις·

1031 2756 1174 2792 ἄνθρωπος
1190 2756 1244 2791 γὰρ
1262 2755 1296 2782 δι’
1311 2756 1383 2791 ἡμᾶς
1409 2754 1563 2789 γενόμενος,
1582 2752 1614 2779 τὸ
1632 2751 1681 2787 μὲν
1694 2750 1772 2785 σῶμα
1784 2749 1815 2777 τὸ

1033 2803 1096 2828 ἴδιον
1112 2802 1182 2837 ὑπὲρ
1196 2801 1273 2837 ἡμῶν
1286 2801 1471 2837 προσήνεγκεν
1496 2801 1536 2831 εἰς
1552 2798 1675 2829 Θάνατον,
1691 2795 1734 2822 ἵνα
1748 2795 1815 2822 πάν-

1032 2857 1079 2880 τας
1107 2847 1247 2883 ἀπαλλάξῃ
1273 2847 1317 2874 τοῦ
1335 2846 1459 2874 θανάτου·
1487 2846 1535 2882 τὴν
1559 2844 1587 2872 δὲ
1620 2842 1744 2880 οὐράνιον
1767 2841 1815 2869 καὶ
