1938 3053
54 153 88 185 ἓὸ
620 156 789 185 EPISTOLA
809 157 854 184 AD
875 156 1138 185 MARCELLINUM.
1647 156 1683 184 26

53 219 196 254 εὐάρεστον
211 216 310 244 ἑαυτοῦ
337 216 474 244 πολιτείαν
490 217 576 251 δεῖξαι
602 218 688 245 θέλων
709 218 786 254 ἡμῖν,
813 225 842 245 εν

904 227 1021 255 namque
1047 227 1127 247 suam
1155 218 1264 246 vivendi
1295 218 1430 246 rationem
1462 216 1543 245 nobis
1555 216 1684 245 exhibere

55 265 138 300 ὲαυτῳ
153 263 257 299 ταύτην
281 263 431 296 ὲτύπωσεν,
450 263 521 300 ὑπὲρ
531 264 579 290 τοῦ
598 264 697 300 μηκέτι
715 264 791 296 τινὰς
804 265 845 291 εὑ-

55 309 137 345 χερῶς
149 308 309 337 ἀπατᾶσθαι
326 309 401 344 παρὰ
420 308 467 336 τοῦ
492 309 601 345 ἐχθροῦ,
626 310 739 345 ἔχοντας
753 310 845 346 ἐνέχυ-

55 364 99 391 ρον
109 354 179 391 πρὸς
192 355 354 389 ἀσφάλειαν,
369 355 419 390 τὴν
434 356 498 391 παρ’
513 355 596 382 αὑτοῦ
615 357 764 392 γενομένην
775 357 845 392 ὑπὲρ

54 401 131 436 ἡμῶν
143 401 215 428 κατὰ
230 400 276 427 τοῦ
299 400 422 428 διαϐόλου
438 401 527 437 νίκην.
553 401 604 428 Διὰ
633 401 712 429 τοῦτο
723 402 789 436 γοῦν
813 402 844 429 οὐ

56 447 136 481 μόνον
151 446 279 479 ὶδίδαξεν,
296 446 365 473 ἀλλὰ
380 446 428 473 καὶ
453 447 603 482 πεποίηκεν
618 447 636 474 ἃ
655 447 783 480 ἐδίδαξεν,
801 448 845 474 ἴνα

54 491 169 523 ἔκαστος
185 491 270 527 ἀκούῃ
286 491 335 526 μὲν
349 490 431 518 αὐτοῦ
456 491 610 524 λαλοῦντος,
636 493 675 524 ὡς
702 493 732 519 ὲν
761 493 845 520 εικόνι

54 537 82 564 δὲ
99 537 207 573 βλέπων
230 537 356 574 λαμϐάνῃ
367 537 432 573 παρ’
449 537 533 564 αὑτοῦ
549 537 580 564 τὸ
609 539 784 574 παράδειγμα
798 539 845 566 τοῦ

55 584 150 614 ποιεῖν,
162 582 280 609 ἀκούων·
292 583 407 610 Μάθετε
437 583 488 610 ἀπ’
502 583 586 618 ἐμοῦ,
612 583 657 611 ὅτι
679 585 776 618 πραῢς
787 586 845 620 ειμι

54 630 103 656 καὶ
119 630 260 663 ταπεινὸς
273 629 311 664 τῇ
335 629 452 664 καρδίᾳ.
477 629 653 667 Τελειοτέραν
673 631 701 657 δὲ
729 631 776 658 καὶ
805 631 846 662 εὶς

54 676 155 712 ἀρετὴν
177 676 351 703 διδασκαλίαν
365 676 415 702 οὐκ
439 676 472 703 ἄν
502 684 543 708 τις
560 675 647 712 εὖροι,
661 674 696 713 ἧς
709 677 723 703 ὁ
742 676 845 713 Κύριος

54 721 195 749 ἐτύπωσεν
210 722 239 748 ὲν
248 721 348 757 ὲαυτῷ.
366 721 426 748 Εἴτε
439 721 494 757 γὰρ
509 721 695 754 ἀνεξικακίαν,
715 722 770 748 εῐτε
786 721 845 756 φιλ-

54 768 223 804 ανθρωπίαν,
258 768 314 795 εἴτε
342 768 510 802 ἁγαθότητα,
542 768 599 795 εἴτε
637 768 757 804 ἀνδρίαν,
790 769 844 795 εῐτε

53 815 250 851 ἐλεημοσύνην,
270 814 324 841 εἴτε
348 814 534 850 δικαιοσύνην,
552 814 640 842 πάντα
656 815 684 841 ὲν
707 812 780 850 αὐτῷ
801 823 844 847 τις

53 862 165 898 εὑρήσει
185 861 329 897 γενόμενα.
341 861 411 888 ὥστε
426 860 510 897 μηδὲν
523 862 563 893 εἰς
573 861 673 897 ἀρετὴν
694 861 796 888 λείπειν
804 861 844 896 τῷ

54 907 232 935 κατανοοῦντι
245 907 292 934 τὸν
307 907 478 942 ἀνθρώπινον
496 907 553 942 βίον
569 907 673 935 τοῦτον.
690 907 775 935 Τοῦτο
788 907 843 943 γὰρ

54 953 183 985 ὸΠαῦλος
196 952 275 985 εἰδὼς
294 952 380 988 Eis-{5‘
403 953 532 988 Mutat-al
538 962 598 988 μου
616 954 746 988 γίνεσθε,
775 955 844 981 καθ-

56 1000 96 1033 ὼς
127 999 210 1034 κάγὼ
223 999 362 1034 Χριστοῦ.
373 999 405 1026 01
423 999 473 1035 μὲν
489 1001 556 1036 παρ’
574 999 686 1035 Ἕλλησι
700 999 844 1035 νομοθέται

54 1047 118 1082 ἄχρι
134 1045 182 1072 τοῦ
196 1045 287 1080 λέγειν
309 1045 400 1080 ἔχουσι
414 1044 464 1081 τὴν
483 1045 573 1081 χάριν·
591 1045 606 1071 ὁ
617 1045 645 1072 δὲ
664 1045 777 1081 Κύριος,
807 1044 844 1077 ὡς

54 1091 164 1127 ἀληθῶς
177 1091 280 1127 Κύριος
303 1090 341 1117 ὣν
364 1089 410 1117 τοῦ
436 1091 547 1122 παντὸς,
562 1091 609 1118 καὶ
635 1091 783 1127 κηδόμενος
807 1087 845 1119 ὧν

54 1133 212 1174 sip-(inca,
227 1138 258 1164 οὐ
275 1137 354 1173 μόνον
367 1137 516 1172 νομοθετεῖ,
532 1136 600 1164 ἀλλὰ
615 1137 663 1164 καὶ
683 1137 766 1164 τύπον
784 1139 846 1164 ἐαυ-

55 1185 99 1211 τὸν
116 1184 244 1215 δέδωκεν,
257 1185 296 1215 εἰς
306 1183 337 1210 τὸ
347 1183 447 1210 ειδέναι
457 1184 521 1215 τοὺς
534 1182 714 1219 βουλομένους
736 1182 785 1220 τὴν
799 1182 846 1210 τοῦ

56 1232 143 1257 ποιεῖν
155 1229 281 1265 δύναμιν.
294 1229 343 1257 Διὰ
358 1229 437 1256 τοῦτο
447 1229 514 1263 γοῦν
531 1229 578 1256 καὶ
590 1229 643 1265 πρὸ
654 1229 702 1265 τῆς
718 1229 758 1261 εἰς
773 1230 847 1265 ἡμᾶς

55 1276 137 1303 αιτθῦ
167 1275 315 1311 ἐπιδημίας
341 1275 458 1310 ἐνήχησε
489 1275 537 1301 καὶ
571 1275 600 1301 ὲν
628 1275 686 1306 τοῖς
716 1274 846 1309 ψάλλουσι

54 1323 144 1355 τοῦτο,
159 1322 193 1349 ἵν’
207 1321 301 1357 ὥσπερ
319 1322 348 1348 ὲν
373 1321 447 1357 αὐ.τῷ
460 1321 506 1348 τὸν
519 1321 638 1356 ἐπίγειον
654 1321 701 1348 καὶ
722 1321 847 1356 οὐράνιον

55 1369 199 1404 ἄνθρωπον
211 1367 304 1394 τυπῶν
317 1367 427 1400 ἔδειξεν,
442 1367 513 1394 οὕτω
535 1368 582 1394 καὶ
596 1368 629 1394 ὲκ
653 1366 708 1394 τῶν
723 1366 847 1402 Ψαλμῶν

55 1416 87 1443 τὶ
110 1416 252 1451 κινήματα
276 1415 322 1442 καὶ
334 1414 383 1446 τὰς
397 1413 529 1446 διαθέσεις
542 1414 596 1440 τῶν
609 1412 703 1448 ψυχῶν
726 1414 741 1440 ὁ
755 1412 848 1448 βουλὸς

57 1471 138 1498 μενος
163 1462 332 1497 καταμαθεῖν
368 1460 497 1496 δύνηται,
530 1460 665 1496 εὑρίσκων
701 1460 730 1486 ὲν
756 1459 848 1490 αὐτοῖς

55 1511 102 1537 καὶ
142 1509 192 1545 τὴν
223 1508 338 1535 ἑκάστου
376 1507 526 1542 κινήματος
558 1505 707 1548 θεραπείαν
741 1513 771 1531 τε
800 1504 848 1532 καὶ

54 1555 210 1591 διόρθωσιν.

93 1601 134 1628 ιδ’.
150 1601 182 1627 Εἰ
201 1599 256 1634 γὰρ
271 1599 312 1626 δεῖ
329 1598 374 1625 καὶ
393 1597 576 1632 πιθανώτερον
592 1598 690 1628 εἰπεῖν,
712 1595 787 1623 πᾶσα
802 1595 850 1631 μὲν

56 1649 73 1683 ἡ
88 1647 152 1674 θεία
168 1646 263 1682 Γραφὴ
280 1644 438 1676 διδάσκαλός
456 1645 529 1671 ἐστιν
555 1643 655 1679 ἀρετῆς
670 1643 718 1669 καὶ
734 1642 852 1674 πίστεως

56 1691 186 1727 ἀληθοῦςε
203 1691 220 1726 ἡ
249 1690 278 1716 δέ
292 1697 322 1724 γε
339 1689 430 1725 βίθλος
443 1688 498 1715 τῶν
512 1687 635 1723 Ψαλμῶν
661 1687 717 1723 ἔχει
733 1686 781 1714 καὶ
802 1686 852 1722 τὴν

58 1737 153 1764 εἰκόνα
168 1745 229 1768 πως
242 1737 291 1771 τῆς
318 1735 456 1770 διαγωγῆς
475 1734 530 1762 τῶν
546 1733 651 1769 ψυχῶν,
685 1734 729 1765 Ὡς
754 1732 809 1769 γὰρ
838 1733 852 1760 ὁ

59 1783 250 1820 εἰσερχόμενος
263 1781 331 1817 πρὸς
353 1780 464 1816 βασιλέα
485 1780 617 1807 “ruminat
647 1779 695 1806 καὶ
718 1779 756 1814 τῷ
787 1779 853 1814 σχή-

60 1839 127 1866 ματι
141 1830 189 1856 καὶ
203 1830 258 1860 τοῖς
273 1829 406 1865 ῥήμασιν,
422 1827 466 1854 ἵνα
489 1827 537 1862 μὴ,
559 1826 634 1862 παρὰ
648 1825 732 1852 ταῦτα
754 1825 851 1859 λέγων,

58 1877 97 1907 ὡς
125 1874 287 1906 ἀπαίδευτος
315 1873 445 1909 ὲκὸληθῇ·
467 1872 553 1904 οὓτως
578 1873 594 1908 ὴ
618 1871 678 1899 Θεία
694 1871 784 1907 βίϐλος
807 1870 852 1897 τὸν

58 1923 103 1949 ἐπ’
117 1922 202 1957 ἀρετῇ
218 1920 351 1956 τρέχοντα
363 1919 409 1946 καὶ
427 1918 589 1954 βουλόμενον
616 1917 782 1952 κατανοῆσαι
803 1915 853 1950 τὴν

57 1968 108 1995 τοῦ
131 1967 256 2002 Σωτῆρος
281 1967 309 1993 ἐν
347 1965 452 2001 σώματι
486 1964 625 1991 πολιτείαν
651 1963 854 1999 ὑπομιμνήσκει

59 2015 170 2051 πρῶτον
185 2013 228 2041 διὰ
241 2013 291 2049 τῆς
313 2011 494 2047 ἀναγνώσεως
520 2011 554 2037 τὰ
570 2011 714 2046 κινήματα
728 2009 778 2044 τῆς
800 2008 853 2043 ψυ-

60 2061 124 2096 ᾑς,
141 2061 190 2087 καὶ
204 2059 277 2086 οὕτω
287 2058 379 2085 λοιπὸν
388 2058 470 2084 τι)ποί
481 2056 528 2083 καὶ⁷
553 2055 673 2083 διδάσκει
690 2055 753 2089 τοὺς
764 2055 854 2089 ἐντυγ-

59 2107 196 2142 χάνοντας
216 2106 272 2136 τοῖς
301 2103 432 2135 τοιούτοις
459 2103 560 2137 λόγοις,
582 2102 643 2129 Εἰσὶ
668 2101 718 2137 μὲν
738 2098 794 2133 οὖν,
811 2100 854 2126 ἵνα

60 2152 143 2179 τοῦτο
158 2150 267 2186 πρῶτόν
280 2158 322 2181 τις
333 2149 381 2184 τῆς
402 2147 491 2184 βίσλου
505 2147 744 2183 παρατηρὴσηται.
763 2146 787 2173 οἱ
805 2145 853 2181 μὲν

61 2200 90 2224 ἐν
108 2197 260 2233 ὃιηγήματι
286 2195 445 2230 λεγόμενοι,
473 2193 498 2220 οἱ
524 2192 552 2219 δὲ
579 2193 607 2219 ὲν
630 2191 799 2227 παραινέσει,
827 2192 852 2217 οἱ

896 264 1007 296 volens,
1036 264 1064 291 in
1095 264 1243 298 semetipso
1277 263 1352 290 illam
1380 262 1533 298 expressit,
1561 270 1596 290 ne
1621 262 1685 297 quis

895 314 991 345 postea
1004 309 1039 337 ab
1056 309 1169 338 inimico
1186 309 1265 337 facile
1291 309 1480 344 deciperetur,
1501 316 1564 336 cum
1583 308 1616 335 ad
1641 315 1685 335 se-

896 356 1040 384 curitatem
1059 356 1158 391 pignus
1171 356 1280 387 habeat,
1305 363 1404 390 nempe
1431 354 1575 382 victoriam
1601 361 1684 389 quam

895 402 953 436 ipse
972 402 1006 429 de
1029 401 1138 429 diabolo
1155 409 1205 436 pro
1232 401 1312 429 nobis
1328 401 1489 436 reportavit.
1513 399 1686 435 Quapropter

896 456 950 475 non
971 448 1059 475 solum
1087 448 1191 482 docuit,
1217 448 1264 476 sed
1292 452 1319 476 et
1342 447 1407 476 fecit
1438 455 1499 483 quae
1526 446 1630 479 docuit,
1655 451 1686 473 ut

891 495 1086 531 unusquisque
1113 495 1207 522 audiat
1222 495 1331 530 quidem
1348 495 1437 529 ipsum
1461 494 1629 528 loquentem,
1644 491 1684 520 si-

896 541 1065 576 mulque-in
1091 541 1167 568 illum
1192 541 1271 576 quasi
1298 541 1324 568 in
1349 541 1494 578 imaginem
1522 539 1684 574 respiciens,

895 586 1050 622 exemplum
1072 587 1167 622 agendi
1198 586 1232 614 ab
1257 587 1316 622 ipso
1345 586 1472 621 accipiat,
1490 586 1555 613 dum
1582 584 1659 612 audit
1672 595 1683 612 -.

896 630 997 659 Discite
1012 640 1028 659 ιι
1040 640 1088 664 me,
1100 633 1162 668 quia
1174 632 1246 659 mitis
1259 640 1317 659 sum
1332 637 1355 659 et
1368 632 1475 658 Immitis
1485 631 1563 658 corde
1578 631 1610 658 "’.
1621 630 1685 658 Per-

896 677 1035 706 fectiorem
1050 676 1132 713 porro
1160 678 1268 706 virtutis
1284 678 1436 706 doctrinam
1457 685 1538 704 nemo
1550 676 1686 704 invenerit

895 731 927 751 ea
941 732 1023 759 quam
1038 724 1169 752 Dominus
1185 724 1320 759 expressit
1332 725 1358 752 in
1374 724 1529 759 semetipso.
1545 722 1613 750 Nam
1628 723 1685 751 sive

896 769 1060 804 iniuriarum
1090 770 1277 801 tolerantiam,
1311 770 1370 798 sive
1398 770 1605 802 humanitatem,
1628 769 1686 796 sive

895 815 1080 849 clementiam,
1094 816 1151 844 sive
1162 815 1362 847 fortitudinem,
1378 815 1436 843 sive
1456 814 1683 850 misericordiam,

897 860 955 887 sive
967 860 1102 896 justitiam
1117 865 1239 896 spectes,
1255 860 1383 888 omniain
1406 861 1466 895 ipso
1482 864 1590 894 peracta
1608 867 1686 894 repe-

897 905 962 937 ries,
979 905 1047 932 adeo
1061 910 1090 932 ut
1102 905 1169 932 nihil
1182 905 1251 933 eiad
1277 906 1406 933 virtutem
1424 905 1506 937 desit,
1523 905 1571 940 qui
1589 904 1686 931 huma-

897 959 960 979 nam
988 951 1096 979 Domini
1108 952 1191 978 vitam
1207 951 1407 986 contemplatus
1419 950 1511 979 fuerit.
1527 950 1604 984 Quod
1622 957 1684 978 cum

899 1002 994 1025 nosset
1010 997 1114 1024 Paulus
1138 997 1174 1024 ait
1190 1006 1196 1024 :
1212 996 1367 1024 Imitatores
1387 997 1437 1024 mei
1455 1001 1547 1028 estote,
1570 997 1638 1023 sicut
1660 999 1685 1022 et

897 1052 944 1079 ego
960 1042 1061 1070 Christi
1077 1043 1109 1070 ".
1121 1043 1280 1071 Graecorum
1294 1042 1429 1078 siquidem
1447 1043 1617 1077 legislatures
1627 1049 1686 1069 ver.

898 1090 996 1118 borum
1011 1090 1182 1118 solumtenus
1198 1090 1312 1125 gratiam
1339 1090 1457 1123 habent;
1484 1088 1616 1116 Dominus
1634 1095 1685 1115 au-

898 1139 964 1168 tem,
985 1138 1016 1161 ut
1030 1142 1124 1162 revera
1152 1134 1276 1161 omnium
1298 1133 1443 1165 Dominus,
1463 1133 1508 1168 qui
1527 1140 1577 1160 sua
1608 1136 1688 1160 curat

898 1188 992 1216 opera,
1011 1188 1066 1208 non
1084 1180 1166 1208 modo
1183 1180 1258 1215 leges
1282 1179 1417 1212 condidit,
1431 1179 1478 1206 sed
1507 1178 1686 1213 semetipsum

898 1224 1038 1259 exemplar
1055 1224 1177 1257 tradidit,
1192 1227 1222 1251 ut
1248 1223 1296 1259 qui
1315 1223 1463 1256 voluerint,
1486 1223 1583 1258 agendi
1603 1222 1688 1249 ratio-

899 1277 961 1297 nem
974 1274 1067 1297 notam
1084 1269 1214 1297 habeant.
1233 1268 1406 1304 Quapropter
1429 1273 1492 1296 ante
1502 1268 1575 1294 illius
1590 1267 1617 1294 in
1637 1274 1688 1295 nos

899 1317 1058 1350 adventum,
1081 1315 1201 1352 idipsum
1220 1316 1247 1343 in
1266 1314 1382 1344 Psalmis
1396 1315 1529 1348 insonttit,
1553 1317 1688 1349 utquem-

900 1363 1047 1390 admodum
1064 1362 1090 1390 in
1108 1362 1256 1398 semetipso
1282 1367 1421 1390 terrenum
1442 1365 1469 1388 et
1483 1361 1620 1388 caelestem
1635 1359 1687 1387 ho-

900 1410 1002 1437 minem
1022 1409 1156 1442 exhibuit,
1175 1409 1215 1436 sic
1227 1416 1260 1436 ex
1279 1408 1394 1436 Psalmis
1410 1411 1502 1435 motus
1518 1406 1690 1434 atl‘ectiones-

901 1464 954 1492 que
969 1456 1124 1483 animorum
1139 1456 1186 1489 qui
1200 1455 1318 1483 voluerit
1333 1455 1486 1490 perdiscere
1500 1453 1608 1485 valeat,
1626 1459 1688 1480 eum

902 1503 929 1529 in
942 1501 1008 1537 ipsis
1024 1501 1159 1537 cujusque
1170 1505 1262 1529 motus
1274 1501 1445 1528 curationem
1460 1499 1691 1527 emendationem-

901 1555 955 1583 que
971 1547 1100 1574 inveniat.

937 1595 980 1622 11.
1006 1594 1110 1628 Quodsi
1137 1593 1239 1630 aliquid
1270 1593 1305 1620 ad
1340 1591 1559 1628 persuadendum
1599 1590 1691 1626 aptius

902 1640 976 1676 loqui
992 1639 1155 1676 oportuerit,
1187 1639 1279 1666 omnis
1301 1638 1412 1674 quidem
1445 1636 1588 1671 Scriptura
1612 1643 1690 1663 sacra

902 1687 1011 1714 virtutis
1039 1690 1081 1714 est
1106 1692 1231 1720 veraeque
1257 1684 1319 1711 ﬁdei
1345 1683 1490 1718 magistra;
1508 1682 1576 1709 liber
1599 1685 1690 1708 autem

902 1733 1075 1761 Psalmorum
1089 1731 1198 1767 praafert
1213 1730 1362 1766 quamdam
1379 1729 1526 1764 imaginem
1542 1726 1692 1755 institutio-

903 1779 948 1806 nis
965 1779 1027 1806 vita:
1041 1778 1206 1805 animarum.
1225 1775 1462 1810 Quemadmodum
1476 1774 1561 1805 enim,
1586 1772 1631 1808 qui
1646 1780 1691 1799 re-

903 1831 963 1859 gem
978 1823 1043 1856 adit,
1057 1823 1181 1850 habitum
1196 1822 1333 1856 verbaque
1350 1828 1400 1848 sua
1413 1819 1553 1854 componit
1568 1821 1596 1845 ct
1611 1817 1692 1844 ador-

902 1873 961 1902 nat,
980 1876 1014 1896 ne
1031 1869 1125 1895 statim
1153 1871 1236 1902 atque
1263 1865 1393 1901 loquendi
1421 1865 1528 1892 initium
1551 1863 1644 1895 faciet,
1662 1865 1693 1889 ut

903 1916 981 1944 rudis
1000 1919 1027 1942 et
1052 1914 1196 1949 imperitus
1210 1912 1356 1948 ejiciatur:
1375 1911 1412 1938 ita
1438 1910 1547 1938 divinus
1562 1909 1606 1937 hic
1622 1908 1692 1935 liber

902 1969 965 1990 eum
980 1960 1025 1996 qui
1044 1960 1076 1987 ad
1089 1960 1215 1986 virtutem
1230 1961 1357 1993 properat
1372 1962 1399 1984 et
1424 1955 1574 1983 Salvatoris
1587 1954 1614 1981 in
1631 1961 1693 1981 cor-

903 2014 970 2043 pore
982 2006 1044 2034 vitte
1056 2005 1212 2033 institutum
1226 2011 1307 2032 nosse
1320 2003 1405 2038 cupit,
1421 2002 1540 2038 primum
1557 2009 1606 2036 per
1619 2000 1690 2028 hanc

904 2052 1049 2080 lectionem
1067 2049 1197 2078 admonet
1223 2049 1256 2077 de
1283 2048 1403 2076 motibus
1427 2046 1531 2079 animi,
1557 2051 1638 2081 atque
1654 2045 1695 2072 ita

904 2098 1035 2133 deinceps
1054 2095 1188 2124 informat
1202 2094 1338 2129 docetque
1367 2093 1498 2129 legentes.
1512 2090 1583 2119 Sunt
1609 2090 1693 2126 igitur

905 2144 948 2180 (ut
973 2143 1027 2171 hoc
1041 2143 1162 2178 primum
1177 2141 1205 2168 in
1219 2140 1273 2168 isto
1299 2139 1370 2167 libro
1393 2137 1564 2173 observetur)
1577 2135 1692 2170 Psalmi,

905 2190 949 2218 alii
967 2189 1018 2218 sub
1039 2189 1126 2216 forma
1147 2187 1323 2220 narrationis,
1340 2186 1384 2214 alii
1405 2183 1563 2220 prophetiae,
1579 2182 1625 2210 alii
1643 2181 1693 2209 ad-

60 2246 88 2272 δὲ
106 2229 331 2280 ἐνῖπροφητείᾳ,
355 2229 380 2268 οἱ
400 2241 428 2268 δὲ
452 2240 490 2272 ὡς
511 2240 540 2267 ὲν
563 2239 641 2276 εὐχῇ,
675 2240 699 2265 οἱ
720 2238 748 2265 δὲ
762 2239 791 2266 ὲν
811 2237 848 2272 ἐξ·

908 2235 1079 2267 monitionis.
1100 2235 1145 2262 alii
1163 2233 1339 2270 precationis,
1358 2232 1404 2259 alii
1418 2229 1609 2259 confessionis.

61 2299 75 2316 ο
77 2289 180 2325 μολογή
185 2296 225 2315 σει
229 2308 236 2316 .

98 2336 154 2363 Καὶ
166 2335 220 2361 εἰσὶ
236 2334 285 2370 μὲν
298 2334 321 2360 οἱ
332 2333 360 2359 ἐν
375 2332 523 2368 δίη-,νήματι
539 2334 584 2367 ιη’,
598 2333 652 2366 pf,
670 2332 727 2367 μη’,
738 2329 789 2365 μθ’,
805 2328 854 2364 οβ’,

62 2383 116 2415 οῖ’,
127 2382 176 2414 οςκ
193 2384 250 2416 wn’.
267 2383 321 2416 ρς’ν
338 2382 398 2415 pri.
415 2381 486 2415 ρκς’,
503 2377 574 2414 915’-

99 2429 131 2455 υε
143 2427 173 2454 δὲ
189 2426 227 2458 ὡς
241 2427 270 2453 ἐν
283 2426 360 2461 εὐχῇ,
378 2428 424 2457 ις’,
438 2423 485 2457 ξζν.
501 2423 555 2457 πθ’.
573 2426 612 2459 ρα’
629 2422 696 2458 ρλω,
712 2421 786 2458 PM-

101 2517 133 2543 Οἱ
149 2515 178 2542 δὲ
200 2515 239 2546 ὡς
264 2514 293 2540 ἑν
314 2513 424 2548 ἐντυχία
450 2512 498 2539 καὶ
520 2512 586 2548 εὐχῇ
602 2510 649 2538 καὶ
665 2510 755 2547 δεήσει
769 2513 800 2541 ε’,
818 2512 855 2542 ς’,

63 2563 98 2595 ζ’,
113 2565 159 2595 ια’,
178 2562 224 2597 ιβ’,
244 2564 286 2593 ιε’,
299 2561 348 2594 κδ’,
380 2559 434 2592 κζ’,
450 2559 483 2591 λ’,
506 2558 553 2590 λδ’,
573 2558 623 2591 λζ’,
655 2557 710 2594 μβ¹,
736 2560 786 2591 νγ’,
809 2557 856 2590 νδ,

64 2612 112 2638 νε’.
129 2610 185 2640 νς¹,
203 2610 254 2642 vq',
281 2605 331 2639 νϐ’,
347 2605 380 2639 ξ’,
393 2604 443 2639 ἔτ’,
470 2603 524 2641 πβ’,
545 2607 598 2637 πε’,
625 2602 679 2636 πζκ
699 2602 763 2639 ρλζ’,
791 2601 857 2638 ρλο’,

67 2654 140 2690 ρμβ’-

102 2701 159 2728 Καὶ
169 2701 183 2726 ὁ
198 2699 248 2735 μὲν
264 2698 302 2730 ὡς
319 2699 348 2725 ὲν
360 2697 468 2733 ἐντυχίᾳ
483 2697 530 2724 καὶ
545 2695 706 2732 εὐχαριστίᾳ
720 2695 787 2731 ρλη’.

103 2746 134 2772 0!
151 2745 179 2772 δὲ
192 2745 230 2776 ὡς
241 2745 271 2770 ὲν
285 2743 395 2779 ἑντυχὶᾳ
422 2743 489 2779 μόνῃ
507 2746 547 2777 γ’,
562 2745 610 2775 κε’,
629 2741 679 2777 ξτγ,
696 2741 742 2775 ἔθ’,
760 2745 791 2774 ο’,
808 2744 862 2775 ογ,

855 2819 858 2822 ⁴
912 2783 957 2816 73,
973 2781 1017 2815 78,
1035 2781 1077 2814 79,
1095 2779 1156 2811 ωε,
1174 2777 1308 2812 122,129,
1325 2777 1384 2804 ιερ.

69 2795 117 2826 or",
134 2791 183 2823 σθ’,
206 2793 259 2826 pq’,
275 2789 345 2825 φιβ’,
365 2788 431 2824 (me,
450 2788 497 2823 ρλ’.

107 2884 126 2898 ¹⁷
143 2882 240 2910 Matth.
258 2890 296 2912 xi.
314 2881 358 2908 “29.
401 2881 421 2899 ‘5
439 2879 446 2906 1
463 2880 525 2907 Cor.
541 2888 577 2909 ιι.
599 2880 621 2906 1.

941 2326 970 2354 ln
989 2325 1076 2353 forma
1087 2323 1254 2351 narrationis
1266 2321 1292 2349 hi
1309 2325 1390 2348 sunt:
1409 2319 1450 2351 l8,
1466 2319 1512 2351 45,
1525 2316 1570 2350 48,
1592 2315 1637 2350 49,
1648 2314 1702 2347 72,,

907 2373 951 2404 76,
966 2371 1010 2404 77,
1028 2371 1073 2404 88,
1087 2370 1132 2404 89,
1151 2369 1213 2402 106,
1235 2368 1297 2400 11⁸5,
1314 2367 1375 2398 126,
1390 2366 1451 2392 156.

942 2419 971 2446 lu
983 2419 1070 2446 forma
1080 2425 1145 2445 vero
1158 2415 1292 2444 orationis
1313 2418 1377 2441 sunt
1388 2411 1431 2446 16,
1440 2411 1485 2445 67,
1496 2408 1614 2442 89,101,
1632 2407 1701 2438 151,

907 2466 970 2493 111.

945 2511 997 2545 Qui
1014 2509 1153 2544 colloquii,
1165 2506 1330 2544 precationis
1347 2510 1375 2533 et
1388 2502 1585 2532 obsecrationis
1600 2501 1695 2532 modo,

908 2558 936 2588 5,
951 2557 978 2589 6,
996 2556 1022 2590 7,
1039 2556 1082 2588 11,
1099 2554 1143 2587 12,
1158 2554 1203 2585 15,
1219 2553 1267 2583 21,
1282 2551 1328 2583 τι,
1346 2551 1391 2582 50,
1406 2550 1452 2583 56,
1470 2549 1516 2580 57,
1532 2547 1577 2580 .12,
1590 2547 1635 2579 55,
1651 2546 1701 2577 54,

908 2603 954 2636 55,
967 2602 1011 2634 56,
1024 2601 1070 2634 58,
1096 2600 1141 2634 59,
1169 2599 1214 2632 60,
1231 2598 1276 2632 65,
1288 2597 1332 2629 82,
1344 2597 1389 2630 85,
1413 2596 1458 2628 87,
1477 2594 1539 2627 157,
1556 2593 1618 2626 159,
1635 2592 1703 2621 142..

945 2689 997 2724 Qui
1013 2690 1040 2717 in
1055 2688 1142 2716 forma
1157 2686 1269 2722 alloquii
1282 2690 1309 2713 et
1327 2684 1476 2720 gratiarum
1490 2680 1617 2712 actionis,
1633 2678 1696 2706 158.

937 2736 989 2769 Qui
1007 2733 1135 2768 colloquii
1161 2736 1266 2760 tantum
1287 2731 1386 2762 forma,
1402 2729 1429 2764 5,
1452 2728 1497 2762 25,
1525 2726 1569 2760 68,
1582 2725 1627 2757 69,
1643 2724 1697 2758 70,,
