1938 3053
87 150 117 178 29
651 150 821 178 EPISTOLA
839 149 885 176 AD
903 147 1162 176 MARCELLINUM.
1426 163 1432 169 υ
1672 149 1707 177 50

86 207 112 234 τὸ
123 207 196 243 πρωϊ
210 207 295 241 om;
305 207 352 234 τὸν
368 210 400 234 ε’.
411 206 576 243 Λίσθόμενος
590 207 618 234 δὲ
629 207 745 241 ἀπειλῆς
755 207 802 234 τοῦ
814 207 855 234 Κυ

920 204 986 232 mini
1000 204 1242 232 comminationem
1272 204 1403 236 senseris,
1426 208 1505 239 teque
1520 211 1552 232 ea
1566 204 1600 232 de
1622 213 1705 234 causa

85 252 151 288 ρίου,
168 252 218 279 ἑὰν
239 252 285 279 διὰ
303 252 383 279 τοῦτο
401 252 600 288 ταραττόμενον
625 251 737 278 σεαυτὸν
756 251 867 286 βλέπῃς,

84 298 190 325 δύνασαι
207 298 297 333 λέγειν
308 299 354 326 τὸν
367 297 394 332 ς’
410 299 458 326 καὶ
473 299 519 325 τὸν
538 298 587 330 λζ’.
606 299 670 326 Ἐὰν
687 298 715 325 δὲ
740 299 787 325 καὶ
806 298 868 333 βου-

83 343 212 372 λεύωνται
225 353 298 377 τινες
319 345 389 372 κατὰ
406 344 453 372 σοῦ
467 366 474 378 ,
488 345 526 376 ὼς
539 346 554 372 ό
580 345 720 380 ’Δχιτόφελ
737 344 807 371 κατὰ
820 344 866 371 τοῦ

83 390 172 424 iam,
197 391 245 418 καὶ
261 391 341 418 τοῦτό
357 390 398 417 σοί
417 399 460 422 τις
482 391 637 427 ἀπαγγείλῃ
649 412 655 424 ,
672 390 756 426 ψάλλε
773 390 818 417 τὸν
833 389 866 424 ζ’,

82 437 128 464 καὶ
150 437 246 473 θάρῥει
259 437 299 473 τῷ
315 437 439 473 ρυομένῳ
450 446 479 464 σε
493 437 562 473 Θεῷ.

116 485 163 515 ις’.
175 482 287 509 Βλέπων
307 482 336 509 δὲ
352 483 402 518 τὴν
422 482 560 518 πανταχοῦ
578 483 658 518 χάριν
680 482 727 510 τοῦ
743 483 867 519 Σωτῆρος

81 527 273 563 ἱκτεταμένην,
287 528 334 555 καὶ
349 527 434 555 σωθὲν
443 528 474 554 τὸ
487 529 564 562 γένος
575 528 630 555 τῶν
640 527 802 564 ἀνθρώπων,
818 529 866 555 εὰν

81 574 247 609 προσφωνεῖν
270 573 349 609 θέλῃς
362 573 401 609 τῷ
422 574 526 609 Κυρίῳ,
552 574 637 609 eam
655 574 700 601 τὸν
719 578 754 610 η’.
786 574 866 602 Ἀλλὰ

80 617 158 644 πάλιν
175 615 240 653 ᾆσαι
256 617 343 649 Θέλεις
355 617 503 654 ἐπιλήνιον,
519 617 688 653 εὐχαριστῶν
702 617 741 653 τῷ
758 617 863 653 Κυρίῳ,

77 663 148 699 εχεις
158 663 240 690 αὑτὸν
254 663 335 691 πάλιν
344 663 390 690 τὸν
405 662 430 699 η’
445 663 492 690 καὶ
503 663 549 690 τὸν
564 667 620 698 ιη’.
640 664 701 690 Ἐπὶ
714 664 744 690 δὲ
756 663 795 698 τῷ
803 672 865 690 κατ-

79 708 217 744 ηργῆσθαι
232 708 277 736 τὸν
305 708 402 745 ἐχθρὸν
421 710 468 736 καὶ
485 709 619 736 σεσῶσθαι
635 710 685 745 τὴν
708 709 806 742 κτίσιν,
827 709 864 745 μὴ

76 754 252 790 καυχώμενος
279 755 326 781 ἐπὶ
342 754 432 790 σαυτῷ
447 774 454 786 ,
470 754 538 781 ἀλλὰ
562 754 638 786 εἰδὼς
658 754 702 782 τὸν
719 755 792 788 ,Υἱὸν
815 755 863 781 τοῦ

75 799 142 826 Θεοῦ
157 799 236 826 τοῦτο
252 799 472 835 κατορθώσαντα,
488 800 549 834 λέγε
566 800 612 826 τὸν
632 801 672 832 εἰς
691 801 772 827 αὑτὸν
788 801 864 836 εἰρη-

77 844 156 878 μένον
173 843 195 870 θ’
219 844 336 880 ψαλμόν,
366 845 421 872 Καὶ
441 845 489 872 ἐὰν
505 844 566 872 λίαν
593 845 623 872 σὲ
647 854 690 877 τις
715 846 862 882 ταράσσειν

75 889 165 926 ἐθέλῃ,
182 889 227 925 ἔχε
254 891 286 916 σὺ
299 890 348 926 τὴν
365 890 528 926 πεποίθησιν
550 891 589 923 είς
609 891 654 918 τὸν
679 891 797 927 Κύριον,
815 892 862 918 καὶ
878 884 898 911 Β

74 935 158 969 om;
169 935 214 962 τὸν
232 939 258 962 ι’.
279 936 363 962 Ὅταν
376 935 405 962 δὲ
416 937 466 972 τὴν
481 936 536 963 τῶν
552 936 656 963 πολλῶν
670 937 860 972 ὑπερηφανίαν

75 981 132 1016 ῐδῃς
146 981 194 1007 καὶ
204 980 402 1013 πλεονάζουσαν
413 981 462 1017 τὴν
475 981 585 1014 κακίαν,
602 981 671 1008 ὥστε
691 981 773 1016 μηδὲν
788 982 860 1008 ὅσιον

74 1026 116 1053 ἑπ¹
133 1026 287 1061 ἀνθρώποις
303 1027 445 1061 γενέσθαι,
467 1027 608 1062 κατάφυγε
623 1028 655 1054 σὺ
679 1028 726 1054 ἐπὶ
740 1027 785 1055 τὸν
803 1027 860 1054 Κύ-

75 1081 142 1108 ριον,
160 1073 207 1100 καὶ
220 1073 282 1107 λέγε
301 1073 346 1100 τὸν
361 1076 405 1100 ια’.
436 1072 660 1108 Ἐγχρονιζούσης
679 1073 707 1099 δὲ
719 1073 767 1108 τῆς
784 1074 860 1109 παρὰ

73 1119 128 1146 τῶν
142 1119 247 1156 ὲχθρῶν
262 1119 423 1155 ὲπιὸουλῆς,
446 1119 482 1155 μὴ
499 1119 625 1155 ὀλιγώρει
646 1119 684 1150 ὡς
703 1119 858 1154 ὲπιλησθεὶς

74 1165 150 1202 παρὰ
162 1165 201 1201 τῷ
214 1165 283 1201 Θεῷ,
297 1165 365 1193 ἀλλὰ
379 1165 530 1200 παρακάλει
548 1165 593 1192 τὸν
609 1164 712 1200 Κύριον
729 1164 800 1200 ᾄδων
812 1164 858 1191 τὸν

73 1210 118 1245 ιβ’.
140 1210 267 1237 Ἐπειδὰν
284 1210 513 1246 βλασφημούντων
531 1210 612 1237 τινῶν
631 1209 702 1237 κατὰ
719 1211 769 1245 τῆς
785 1211 856 1246 Προ-

73 1255 146 1287 νοίας
162 1256 292 1292 ἀκούσῃς,
310 1256 347 1292 μὴ
363 1255 484 1282 κοινώνει
504 1255 554 1291 μὲν
571 1255 660 1283 αὐτῶν
682 1257 716 1291 τῇ
734 1256 856 1291 ἀσεϐείᾳ,

71 1301 245 1336 ἐντυγχάνων
256 1300 285 1328 ὃ
297 1300 337 1336 τῷ
353 1300 422 1336 Θεῷ,
434 1301 496 1335 λέγε
508 1301 553 1328 τὸν
571 1305 604 1335 ιγ’
617 1301 664 1328 καὶ
674 1300 722 1336 νβ’.
737 1301 791 1327 Καὶ
802 1301 857 1328 λοι-

71 1347 122 1374 πὸν
137 1347 185 1374 ἐὰν
201 1346 281 1383 θέλῃς
301 1346 396 1383 μαθεῖν
411 1348 501 1380 ὁποῖός
515 1347 572 1374 ἐστι
583 1347 632 1383 τῆς
647 1347 786 1382 βασιλείας
802 1347 857 1374 τῶν

71 1392 195 1428 οὐρανῶν
206 1393 221 1419 ὸ
233 1393 354 1428 πολίτης,
366 1392 450 1427 ψάλλε
462 1393 508 1420 τὸν
524 1393 564 1420 ιδ’.

107 1438 153 1471 ιξ.
176 1439 334 1474 Προσευχῆς
359 1447 400 1466 σοι
416 1439 495 1474 χρεία
514 1439 558 1466 διὰ
573 1439 636 1472 τοὺς
659 1439 858 1475 ἀνθεστηκότας

70 1494 113 1512 σοι
129 1485 178 1512 καὶ
189 1486 364 1521 περιέχοντάς
378 1493 424 1512 σου
436 1485 485 1522 τὴν
497 1485 595 1522 ψυχὴν,
609 1484 655 1522 ᾆδε
673 1486 718 1513 τὸν
739 1489 787 1518 ις’,
810 1486 857 1512 καὶ

69 1531 116 1557 τὸν
130 1531 246 1578 πεκ-καὶ
260 1531 307 1557 τὸν
321 1530 375 1563 πξ¹,
394 1531 441 1557 καὶ
520 1535 577 1578 pp}:
600 1531 680 1578 ’Ἀλλά
702 1531 857 1578 θέλεις
869 1549 890 1578 c

69 1576 140 1609 θεῖν,
161 1575 218 1607 πῶς
235 1576 355 1611 Μωῡσῆς
367 1575 549 1611 προσηύξατο,
565 1576 635 1615 ἔχεις
646 1576 691 1603 τὸν
710 1576 764 1603 πθ’.
786 1575 855 1602 Ἀλλ’

67 1621 178 1656 ἐσώθης
190 1621 244 1648 ἀπὸ
254 1621 308 1647 τῶν
323 1621 427 1657 ἐχθρῶν
442 1629 500 1653 σου,
513 1621 561 1647 καὶ
583 1620 718 1658 ὲρρύσθης
734 1621 788 1648 ἀπὸ
801 1620 856 1647 τῶν

66 1666 221 1693 διωκόντων
234 1664 334 1702 σε,ᾇδε
352 1667 400 1694 καὶ
417 1667 448 1694 σὺ
461 1667 506 1694 τὸν
523 1666 554 1699 ιζ’
566 1666 683 1702 ψαλμόν.
699 1666 856 1702 Θαυμάζεις

67 1711 119 1746 τὴν
133 1711 184 1746 τῆς
194 1712 308 1743 κτίσεως
321 1711 407 1745 τάξιν,
425 1711 470 1738 καὶ
494 1711 544 1748 τὴν
557 1712 597 1743 είς
612 1711 696 1747 αὐτὴν
715 1711 764 1747 τῆς
783 1711 855 1746 Προ-

67 1757 144 1789 νοίας
164 1756 256 1793 χάριν,
274 1756 321 1784 τοῦ
344 1765 375 1784 τε
395 1757 477 1792 νόμον
500 1757 535 1784 τὰ
556 1756 617 1793 ίερὰ
644 1756 853 1792 προστάγματα,

64 1803 154 1838 em:
166 1803 211 1830 τὸν
225 1806 259 1838 ιη’
271 1803 318 1830 καὶ
331 1802 375 1829 τὸν
387 1806 439 1837 κγ’.
454 1802 634 1838 Θλιὸομένους
655 1802 683 1829 δὲ
703 1802 785 1838 ὁρῶν,
800 1811 854 1829 πα-

65 1848 183 1885 ρακάλει
193 1847 314 1881 τούτους,
325 1849 505 1884 ἐπευχόμενος
516 1848 564 1877 καὶ
577 1848 662 1883 λέγων
674 1848 766 1880 αὐτοῖς
776 1848 812 1875 τὰ
825 1850 855 1876 ὲν

63 1886 105 1930 τῷ
120 1895 152 1922 ιθ¹
165 1894 266 1930 ψαλμῷ
282 1895 402 1930 ῥήματα.
425 1894 507 1930 Ὁρᾷς
524 1893 635 1920 σεαυτὸν
646 1893 855 1929 ποιμαινόμενον

62 1941 114 1972 καὶ
130 1940 304 1976 εὑοδούμενον
316 1940 391 1976 παρὰ
409 1940 456 1967 τοῦ
464 1940 578 1976 Κυρίου,
589 1939 692 1976 χαίρων
708 1940 754 1967 ἐπὶ
768 1941 855 1976 τούτῳ

62 1986 150 2021 ψάλλε
164 1986 210 2016 τὸν
220 1986 272 2022 κβ’.
285 1987 318 2013 Ui
331 1986 423 2022 ἐχθροὶ
438 1987 502 2022 περὶ
516 1986 558 2019 σὲ,
570 1986 638 2013 ἀλλὰ
653 1987 686 2013 σὺ
700 1986 750 2022 τὴν
765 1986 854 2023 ψυχὴν

62 2031 189 2066 ἐπαίρων
205 2031 274 2066 πρὸς
288 2031 353 2057 Θεὸν
363 2051 370 2063 ,
394 2030 457 2065 λέγε
470 2030 514 2057 τὸν
531 2031 581 2062 κδ’,
603 2031 651 2057 καὶ
669 2031 728 2066 ὕψει
743 2031 854 2063 τούτους

61 2075 292 2112 ἁμαρτάνοντας
305 2075 456 2109 διακενῆς.
488 2076 678 2110 Ἐπιμένουσιν
705 2078 729 2103 οἰ
751 2077 853 2113 ἐχθροὶ,

62 2121 141 2148 οὐδὲν
154 2122 248 2157 ἕτερον
261 2121 277 2156 ἢ
294 2121 343 2153 τὰς
355 2122 449 2157 χεῖρας
465 2121 572 2156 ἔχοντες
586 2122 709 2158 αιμάτων
729 2122 852 2158 πλήρεις,

63 2167 112 2194 καὶ
129 2165 275 2202 ζητοῦντες
288 2165 398 2192 ὲλκῦσαί
415 2174 445 2192 σε
460 2166 507 2192 καὶ
523 2166 670 2199 ἀπολέσαι,
685 2167 721 2202 μὴ
736 2167 788 2202 δῷς
807 2168 853 2194 ἀν-

919 250 1112 277 conturbatum
1133 249 1246 281 videris,
1265 253 1342 284 potes
1369 249 1460 277 dicere
1479 250 1496 277 6
1513 254 1539 278 et
1550 250 1594 279 57.
1614 250 1643 278 Si
1657 251 1705 278 ad-

919 304 1028 325 versum
1055 301 1082 324 te
1096 296 1218 332 quipiam
1249 296 1393 324 consilium
1411 297 1544 330 dederint,
1574 298 1706 333 quemad-

918 343 1029 370 modum
1042 342 1204 378 Achitopbel
1219 342 1350 370 adversus
1379 341 1518 376 Davidem,
1532 347 1560 370 et
1586 344 1639 371 hoc
1656 344 1705 372 tibi

918 388 1018 424 aliquis
1032 389 1181 422 renuntiet,
1196 388 1282 424 psalle
1290 388 1316 422 'l,
1332 393 1358 416 et
1367 388 1483 416 Domino
1498 389 1605 417 conﬁde
1617 390 1664 425 qui
1678 395 1704 418 te

917 434 1054 462 liberabit.

953 480 997 507 16.
1009 480 1131 508 Cernens
1144 479 1295 507 Salvatoris
1309 479 1422 515 gratiam
1439 479 1540 514 ubique
1565 479 1702 514 diﬂ‘usam,

916 527 1143 562 redemptumque
1156 534 1242 561 genus
1256 526 1418 559 humanum,
1437 526 1460 553 si
1485 526 1588 561 alloqui
1610 526 1702 554 Domi-

916 581 982 600 num
994 573 1074 607 velis,
1091 578 1218 601 octavum
1236 573 1356 608 psallito.
1377 572 1405 599 Si
1417 580 1528 600 rursum
1544 580 1595 608 pro
1610 577 1702 601 torcu-

916 617 1021 646 laribus
1035 617 1138 653 gratias
1151 625 1233 652 agens
1252 617 1369 644 Domino
1395 625 1492 644 canere
1508 618 1637 650 volueris,
1652 618 1702 645 ha-

915 662 963 691 bes
973 662 1099 690 eumdem
1115 662 1135 690 v8
1148 667 1174 690 et
1191 663 1236 690 85.
1254 662 1307 690 Pro
1330 663 1446 690 victoria
1474 663 1508 691 de
1537 663 1659 697 inimico,
1674 670 1702 692 et

915 713 1047 737 creaturae
1072 709 1244 742 liberatione,
1282 717 1317 737 ne
1341 709 1368 736 in
1395 709 1480 744 tcipso
1498 710 1632 745 glorieris,
1653 711 1700 738 sed

914 763 1015 791 gnarus
1046 755 1097 783 hoc
1130 755 1215 783 fuisse
1250 754 1410 790 praeclarum
1431 755 1537 782 facinus
1560 755 1621 782 Filii
1641 756 1700 787 Dei,

913 801 998 828 recita
1015 801 1203 836 supradictum
1220 801 1356 836 psalmum
1380 808 1495 828 nonum.
1518 800 1583 828 Etsi
1600 806 1625 829 te
1638 802 1700 836 quis

913 853 987 874 metu
1003 847 1167 874 conturbare
1182 847 1309 880 voluerit,
1326 846 1396 874 habe
1407 852 1435 873 tu
1460 846 1587 874 ﬁduciam
1606 847 1634 874 in
1648 847 1701 874 Do-

913 890 999 923 mino,
1025 894 1051 917 et
1065 891 1151 925 psalle
1166 890 1314 918 decimum.
1335 890 1404 918 Cum
1432 891 1579 918 multorum
1605 899 1699 926 super-

912 935 985 963 biam
1008 936 1109 964 videris
1138 936 1395 971 improbitatemqne
1421 937 1532 964 modum
1556 937 1699 970 excedere,

911 980 991 1008 ita'ut
1002 981 1068 1008 nihil
1081 987 1205 1009 sanctum
1219 982 1246 1008 in
1263 982 1420 1010 hominibus
1445 983 1607 1017 reperiatur,
1634 991 1699 1011 con-

910 1025 973 1061 fuge
996 1030 1024 1054 tu
1040 1027 1074 1054 ad
1098 1027 1254 1060 Dominum,
1273 1033 1300 1055 et
1320 1028 1363 1055 dic
1383 1028 1568 1056 undecimum.
1593 1028 1696 1062 Quodsi

909 1071 1048 1098 diuturnae
1064 1072 1120 1099 sint
1135 1072 1308 1100 inimicorum
1331 1073 1446 1106 insidize,
1459 1081 1493 1100 ne
1516 1074 1608 1101 animo
1632 1075 1699 1102 dell-

909 1116 981 1148 cias,
998 1117 1078 1151 quasi
1088 1116 1218 1145 Dominus
1238 1118 1273 1146 sit
1290 1118 1327 1146 tui
1342 1119 1454 1151 oblitus,
1475 1121 1522 1147 sed
1538 1120 1634 1148 invoca
1645 1120 1700 1148 Do-

909 1161 1025 1194 uinum,
1059 1169 1160 1189 canens
1181 1163 1317 1190 decimum
1335 1164 1497 1191 secundum.
1514 1164 1582 1192 Cum
1606 1171 1697 1193 autem

911 1207 1044 1242 quosdam
1067 1207 1186 1235 audieris
1212 1208 1432 1243 blasphemantes
1457 1210 1588 1238 adversus
1602 1211 1697 1239 P-rovi-

909 1253 1040 1286 dentiam,
1061 1254 1116 1280 noli
1137 1261 1230 1281 eorum
1258 1254 1389 1290 impietati
1410 1256 1631 1289 communicare;
1649 1257 1697 1284 sed

911 1298 1026 1327 Domino
1040 1300 1206 1335 supplicans,
1226 1301 1310 1328 recita
1322 1301 1356 1328 l5
1369 1306 1396 1329 et
1412 1302 1456 1329 52.
1481 1302 1584 1335 Quodsi
1602 1307 1696 1338 postea

908 1345 1030 1372 ediscere
1043 1346 1132 1381 cupis,
1147 1346 1300 1382 qualisnam
1324 1347 1360 1375 sit
1374 1347 1441 1375 civis
1452 1349 1532 1384 regni
1551 1349 1694 1382 αξιοι-ιιι),

908 1391 992 1426 psalle
1008 1391 1051 1418 14.

923 1460 925 1462 .
944 1436 988 1464 l7.
1009 1436 1139 1465 Oratione
1159 1445 1228 1473 opus
1254 1443 1296 1466 est
1314 1439 1362 1466 tibi
1385 1444 1497 1474 propter
1521 1439 1696 1468 adversarios

909 1486 980 1516 tuos,
997 1487 1024 1510 et
1044 1490 1109 1516 eos,
1128 1484 1176 1518 qui
1191 1484 1361 1512 circumdant
1384 1486 1502 1512 animam
1519 1490 1594 1513 tuam
1607 1507 1614 1518 ,
1627 1495 1695 1515 cane

909 1527 964 1559 l6,
982 1528 1033 1561 85,
1050 1528 1086 1556 87
1100 1533 1127 1556 et
1142 1528 1203 1556 140.
1220 1529 1255 1556 At
1276 1529 1318 1557 vis
1342 1530 1413 1558 scire
1435 1532 1573 1566 quomodo
1587 1531 1694 1568 Moyses

907 1574 1036 1607 oraverit,
1050 1573 1135 1602 habes
1152 1575 1349 1610 octogesimum
1370 1584 1482 1604 nonum.
1500 1576 1642 1605 Liberatus
1663 1586 1693 1606 es

905 1619 940 1647 ab
957 1620 1076 1648 inimicis
1102 1620 1157 1648 tuis
1181 1625 1209 1648 et
1229 1625 1354 1650 servatus
1371 1630 1387 1649 α
1409 1623 1635 1658 persequentibus
1649 1628 1692 1657 to,

905 1671 974 1692 cane
995 1669 1023 1692 et
1039 1669 1067 1692 tu
1088 1665 1225 1693 decimum
1247 1667 1391 1701 septimum
1415 1668 1561 1702 psalmum.
1586 1668 1693 1696 Miraris

905 1714 1008 1738 naturae
1022 1711 1144 1739 ordinem
1161 1716 1191 1739 et
1205 1711 1385 1741 Providentiae
1399 1714 1513 1749 gratiam
1528 1714 1556 1742 in
1571 1714 1616 1742 illa
1627 1735 1635 1748 ,
1650 1715 1698 1743 le»

904 1756 1000 1791 gisque
1017 1764 1093 1784 sacra
1104 1763 1249 1792 praecepta,
1261 1759 1346 1793 psalle
1363 1759 1397 1786 l8
1407 1763 1435 1787 et
1447 1760 1493 1787 25.
1510 1759 1579 1788 Cum
1591 1761 1693 1788 videris

905 1800 1029 1834 aﬂlictos,
1046 1803 1189 1830 consolare
1209 1804 1269 1831 illos
1285 1804 1353 1832 bene
1364 1805 1511 1840 precando,
1527 1813 1559 1833 ac
1577 1806 1692 1834 dicendo

905 1847 958 1876 illis
972 1848 1054 1875 verba
1070 1848 1169 1876 decimi
1189 1849 1254 1877 noni
1274 1850 1382 1884 psalmi.
1401 1849 1481 1878 Vides
1498 1855 1524 1878 te
1539 1859 1554 1878 a
1575 1850 1692 1880 Domino

904 1893 979 1928 pasci
1003 1900 1036 1920 ac
1049 1893 1140 1929 dirigi,
1155 1895 1207 1922 hac
1225 1895 1252 1921 in
1265 1902 1294 1922 re
1310 1895 1430 1929 gaudens
1444 1896 1529 1930 psalle
1542 1896 1588 1923 22.
1610 1895 1690 1923 inva-

904 1938 972 1966 dunt
985 1943 1010 1965 te
1027 1939 1131 1966 inimici
1147 1939 1197 1972 tui,
1211 1944 1239 1966 at
1255 1944 1283 1967 tu
1295 1940 1413 1967 animam
1426 1941 1534 1975 erigens
1548 1941 1582 1968 ad
1599 1941 1691 1969 Domi-

904 1990 968 2009 num
982 1983 1025 2010 dic
1045 1983 1091 2016 24,
1109 1988 1136 2010 et
1156 1983 1260 2012 videbis
1286 1985 1374 2019 inique
1393 1990 1497 2020 agentes
1520 1994 1688 2021 supervacue.

904 2027 1067 2063 Exspectant
1079 2028 1201 2062 inimici,
1215 2029 1283 2056 nihil
1298 2030 1429 2057 habentes
1444 2030 1518 2059 aliud
1531 2039 1613 2066 quam
1629 2040 1689 2060 ma-

904 2080 956 2099 nus
969 2073 1102 2108 sanguine
1122 2073 1232 2108 plenas,
1255 2081 1288 2101 ac
1310 2079 1465 2107 quaerentes
1486 2079 1512 2101 te
1535 2082 1633 2102 vexare
1657 2083 1689 2102 ac

903 2118 1024 2153 perdere,
1040 2126 1073 2145 ne
1083 2119 1190 2146 deferas
1204 2119 1308 2146 homini
1319 2119 1464 2154 judicium,
1476 2125 1602 2155 suspecta
1615 2120 1687 2148 enim

904 2168 968 2191 sunt
989 2165 1079 2199 omnia
1095 2165 1233 2198 humana;
1250 2165 1298 2193 sed
1312 2165 1396 2192 Deum
1409 2166 1527 2200 judicent
1545 2167 1688 2201 postulans

62 2212 168 2249 θρὼπῳ
179 2212 211 2238 τὸ
222 2213 307 2248 κρῖμα
321 2211 440 2246 (ὕποπτα
453 2213 507 2248 γὰρ
517 2212 605 2239 πάντα
620 2212 654 2239 τὰ
668 2211 850 2248 ἀνθρώπινα)-

908 2209 990 2243 [solus
1011 2209 1083 2237 enim
1099 2210 1143 2237 ille
1161 2210 1256 2245 judex)
1268 2231 1275 2243 ,
1293 2210 1338 2238 dic
1359 2210 1412 2243 25,
1426 2211 1461 2238 54
1472 2231 1480 2243 ,
1491 2211 1536 2238 42.
1556 2211 1585 2239 Si
1598 2212 1688 2239 acrius

63 2258 134 2285 ἀλλὰ
152 2258 198 2285 τὸν
214 2258 281 2284 Θεὸν
299 2258 382 2291 ἀξιῶν
408 2258 504 2294 κριτὴν
527 2257 653 2292 γενέσθαι
673 2257 775 2293 (μόνος
797 2258 852 2294 γὰρ

62 2305 146 2336 αὐτὸς
162 2303 293 2340 δίκαιος),
307 2304 369 2338 λέγε
383 2304 417 2331 τὰ
433 2305 462 2331 ὲν
478 2303 518 2340 τῷ
542 2307 580 2331 κε’
591 2323 598 2336 ,
614 2304 662 2331 καὶ
675 2304 721 2331 τὸν
744 2304 791 2336 λδ¹,
805 2305 852 2331 καὶ

62 2350 110 2376 τὸν
121 2350 175 2385 μβ¹.
199 2350 261 2376 Ἐὰν
277 2349 305 2377 δὲ
320 2349 366 2376 καὶ
376 2349 541 2386 τραχύτερον
556 2349 714 2382 ὲπίθωνται,
726 2350 773 2376 καὶ
787 2350 853 2385 πλῆ-

63 2395 109 2428 θος
120 2395 158 2427 ὡς
170 2395 341 2430 παρεμϐολαὶ
355 2395 486 2429 γένωνται
497 2395 521 2421 οἱ
534 2395 636 2430 ἐχθροὶ,
652 2395 852 2430 καταφρονοῦν-

61 2449 114 2472 τες.
130 2440 168 2471 ὡς
197 2440 280 2475 μὴτ-ω
296 2448 343 2466 σου
359 2439 526 2475 χρισθέντος,
543 2439 590 2466 καὶ
612 2439 657 2466 διὰ
675 2439 754 2466 τοῦτο
772 2439 851 2466 πολε-

62 2487 126 2521 μεῖν
140 2485 291 2517 ἐθέλοντες·
308 2486 344 2521 μὴ
356 2485 470 2521 πτήξῃς,
485 2484 541 2511 ἀλλ’
554 2483 601 2521 ᾆδε
616 2485 662 2512 τὸν
677 2489 722 2517 κς¹
734 2485 848 2520 suam.

67 2531 178 2566 Ἐπειδὴ
198 2531 227 2558 δὲ
243 2531 360 2567 ἀσθενής
387 2532 461 2558 ἐστιν
488 2531 505 2566 ἡ
519 2531 600 2566 φύσις
613 2531 667 2558 τῶν
688 2531 848 2566 ἀνθρώπων,

59 2577 110 2605 ἐὰν
122 2577 204 2604 πάλιν
224 2577 438 2612 ἀναισχυντῶσιν
457 2578 482 2604 οἱ
500 2577 734 2611 ἐπιϐουλεύοντες,
753 2578 796 2604 ἵνα
811 2577 848 2614 μὴ

58 2623 130 2658 πρὸς
143 2623 265 2654 ἐκείνους
279 2622 344 2658 ἔχῃς
354 2623 402 2658 τὴν
419 2623 526 2658 σχολὴν,
541 2622 625 2658 κράζε
637 2623 704 2659 πρὸς
715 2623 760 2650 τὸν
772 2623 848 2656 Θεὸν,

57 2668 147 2702 λέγων
163 2668 198 2695 τὰ
210 2669 240 2694 ὲν
254 2668 293 2703 τῷ
308 2668 357 2700 κζ’.
378 2669 433 2695 Καὶ
451 2668 498 2695 ἐὰν
515 2669 594 2704 θέλῃς
607 2669 777 2705 εὐχαριστῶν
795 2677 847 2704 μα-

59 2714 116 2740 θεῖν
143 2713 204 2745 πῶς
230 2713 272 2740 δεῖ
287 2714 450 2749 προσφέρειν
469 2713 507 2749 τῷ
531 2715 637 2750 Κυρίῳ,
652 2715 755 2750 νοητῶς
781 2714 848 2741 νοῶν

58 2759 144 2793 eam
157 2759 206 2786 τὸν
222 2761 276 2794 κη’.
289 2759 342 2785 Καὶ
356 2759 447 2786 λοιπὸν
471 2759 630 2793 ἐγκαινίζων
651 2760 696 2786 τὸν
712 2757 785 2786 οἶκόν
801 2769 846 2786 σου

59 2805 110 2839 τήν
122 2813 153 2830 τε
168 2803 261 2838 ψυχὴν
272 2803 321 2838 τὴν
334 2804 379 2830 τὸν
390 2804 491 2840 Κύριον
502 2804 702 2840 ὑποδεχομένην
715 2824 722 2836 ,
740 2805 785 2831 καὶ
802 2805 847 2831 τὸν

60 2850 220 2884 σωματικὸν
234 2847 318 2882 οἷκον,
332 2850 360 2876 ιν
371 2846 393 2883 ᾧ
408 2849 571 2885 σωματικῶς
594 2851 729 2882 κατοικεῖς
738 2870 746 2882 ,
764 2851 846 2891 εὐχα-

903 2254 1005 2282 instent
1027 2260 1055 2283 et
1080 2263 1136 2290 prae
1156 2256 1330 2284 multitudine
1343 2257 1422 2292 quasi
1439 2257 1576 2285 exercitus
1587 2256 1688 2286 fuerint

902 2301 1015 2334 inimici,
1033 2306 1059 2328 te
1073 2306 1202 2336 tanquam
1220 2303 1340 2330 nondum
1358 2308 1468 2331 unctum
1491 2303 1686 2338 despicientes,

903 2349 1019 2383 ideoque
1035 2356 1192 2384 oppugnare
1211 2349 1311 2382 velint;
1331 2358 1365 2377 ne
1387 2349 1533 2384 formidas,
1556 2351 1602 2379 sed
1620 2358 1687 2380 caue

901 2395 1063 2422 vicesimum
1091 2399 1198 2422 sextum
1216 2395 1363 2430 psalmum.
1387 2395 1423 2422 At
1444 2396 1572 2430 quoniam
1599 2397 1686 2424 imbe-

901 2440 962 2468 cilla
977 2445 1018 2468 est
1037 2440 1178 2468 hominum
1201 2445 1297 2468 natura
1309 2460 1317 2473 ,
1336 2441 1359 2468 si
1371 2441 1542 2476 impudenter
1558 2441 1687 2472 insistant

901 2485 1090 2519 insidiatores,
1117 2494 1151 2513 ne
1170 2487 1292 2514 attendas
1316 2486 1383 2521 ipsis
1396 2507 1403 2520 ,
1420 2486 1466 2514 sed
1490 2487 1522 2513 ad
1540 2486 1686 2516 Dominum

901 2532 998 2563 clama,
1009 2532 1102 2559 dicens
1116 2532 1198 2559 verba
1213 2531 1333 2559 vicesimi
1348 2531 1466 2566 septimi.
1480 2531 1556 2565 Quod
1578 2533 1601 2560 si
1625 2541 1687 2568 ενα,

899 2577 951 2604 tias
965 2577 1068 2612 agendo
1082 2577 1203 2604 ediscere
1216 2577 1293 2609 velis,
1305 2577 1443 2612 quomodo
1458 2582 1579 2612 oporteat
1590 2578 1687 2605 oﬂ‘erre

901 2621 1032 2654 Domino,
1045 2621 1222 2656 spiritualiter
1241 2621 1394 2657 intelligens
1415 2622 1501 2656 psalle
1525 2622 1687 2650 vicesimum

899 2673 1035 2695 octavum.
1052 2667 1085 2694 Et
1107 2668 1216 2694 demum
1236 2675 1298 2695 cum
1323 2668 1434 2694 domum
1459 2673 1531 2695 tuam
1555 2667 1686 2701 dedicas,

899 2712 951 2740 hoc
966 2717 1008 2740 est
1023 2712 1142 2740 animam
1159 2717 1244 2745 tuam,
1260 2720 1320 2747 qum
1335 2712 1480 2740 Dominum
1495 2712 1594 2747 excipit
1606 2732 1613 2744 ,
1628 2711 1683 2738 imo

899 2756 1055 2785 sensibilem
1081 2757 1210 2790 domum,
1237 2757 1263 2784 in
1282 2765 1335 2792 qua
1359 2757 1537 2791 corporaliter
1557 2756 1662 2783 habitas
1675 2776 1685 2790 ,

898 2803 1000 2837 gratias
1015 2811 1073 2838 age,
1091 2808 1116 2831 et
1128 2803 1171 2831 dic
1187 2804 1345 2831 vicesimum
1358 2810 1471 2836 nonum,
1482 2807 1509 2830 et
1522 2809 1553 2829 ex
1568 2801 1683 2836 gradua‘

898 2849 972 2878 libus
988 2849 1048 2876 I26.

62 2895 157 2927 ρίστιι,
177 2895 227 2921 καὶ
242 2894 304 2929 λέγι
324 2895 367 2922 τόν
380 2904 408 2922 τε
422 2895 461 2923 κθ⁹
485 2898 530 2924 καὶ
545 2897 589 2924 τὸν
610 2897 639 2923 ὲν
658 2898 713 2929 τοῖς
727 2897 892 2936 meumr;
910 2900 981 2934 ρκς’.
