1934 3053
240 149 272 177 51
661 149 689 176 S.
712 148 900 176 ATHANASII
919 148 995 177 OPP.
1016 147 1109 175 PAth
1129 148 1170 175 ΙΙΙ.
1191 164 1224 169 —-
1245 147 1450 176 EXEGETICA.
1830 149 1865 177 δί

279 209 322 237 t8.
343 209 411 237 Cum
424 213 513 237 autem
527 213 552 236 te
563 209 597 236 ab
609 209 735 236 omnibus
763 209 858 237 amicis
871 214 897 236 et
907 209 1021 244 cognati:

1118 208 1162 244 ιη’.
1181 209 1265 234 ῗΟταν
1279 208 1307 233 δὲ
1324 207 1422 234 σαυτὸν
1439 206 1483 233 διὰ
1502 206 1551 241 τὴν
1563 205 1690 241 ἀλήθειαν
1704 205 1865 242 μισούμενον

245 260 355 290 propter
377 255 518 282 veritatem
536 254 599 281 odio
613 254 706 281 haberi
721 255 902 289 perspexeris,
920 262 954 281 ne
970 255 1028 288 ejus

245 300 280 327 rei
299 308 382 329 causa
402 300 524 327 animum
538 300 718 335 despondeas,
742 307 829 334 neque
841 305 931 332 notos,
945 301 990 335 qui
1003 305 1028 327 te

245 350 415 378 aversantur,
432 345 604 378 reformides,
621 346 667 373 sed
681 345 715 372 ab
731 345 785 372 illis
803 350 830 372 te
845 353 989 380 segregans
1002 349 1029 372 et

244 392 335 418 l'utttra
365 392 531 426 respiciens,
557 391 643 426 psalle
669 391 847 418 tricesimum.
875 390 1028 426 Baptizatos

244 443 334 465 autem
358 443 384 466 et
398 447 412 465 a
427 438 597 473 corruptibili
612 438 786 473 generatione
799 437 952 471 redemptos
965 445 1026 464 eum

244 483 360 516 videris,
377 483 423 510 Dei
440 483 612 510 clementiam
637 483 796 514 admirans,
826 489 893 509 cane
919 482 1026 508 illorum

243 531 330 564 gratia
357 530 524 557 tricesimum
551 530 679 564 primum.
709 528 823 562 Quando
847 536 908 556 cum
935 528 1027 555 multis

243 575 357 609 psallere
382 574 616 609 volueris,justos
648 574 721 601 viros
751 578 778 601 et
802 574 885 608 probe
905 573 1026 600 viventes

243 627 412 655 congregans
425 640 432 651 ,
448 620 531 654 psalle
551 620 719 646 tricesimum
734 619 895 646 secundum.
914 619 983 645 Cum
1000 619 1025 645 in

243 666 335 693 hostes
350 665 486 697 incideris,
504 669 531 692 et
549 665 696 700 prudenter
714 665 774 692 illos
791 664 931 699 effugeris,
946 668 1027 699 atque

243 711 421 738 detlinaveris
449 711 483 737 ab
511 718 605 738 eorum
633 710 755 743 insidiis;
780 710 803 737 si
830 709 896 737 velis
925 709 1026 744 gratias

243 764 321 790 agere
331 776 337 788 ,
353 756 425 783 virus
444 760 601 782 mansuetos
616 762 785 790 congregans
798 775 804 787 ,
825 755 909 789 psalle
920 762 981 782 cum
993 755 1026 782 iis

243 802 411 828 tricesimum
434 802 553 829 tertium.
572 802 606 828 Et
628 801 649 827 si
667 800 767 828 videris
786 801 943 835 iniquorum
962 809 1025 836 erga

243 848 376 874 malitiam
391 847 526 880 studium,
545 854 578 874 ne
602 846 742 874 existimes
757 846 888 873 malitiam
912 846 938 873 in
958 846 1025 881 ipsis

1082 255 1128 280 καὶ
1141 254 1306 288 διωκόμενον
1321 253 1395 288 παρὰ
1411 252 1518 279 πάντων
1532 252 1586 279 τῶν
1599 261 1629 279 τε
1645 251 1729 286 φίλων
1744 252 1790 278 καὶ
1805 261 1866 286 συγ-

1081 299 1167 333 γενῶν
1180 299 1292 335 βλέπῃς,
1311 299 1347 334 μὴ
1361 299 1466 330 τούτοις
1478 298 1544 333 μηδὲ
1557 297 1645 332 σαυτῷ
1660 298 1798 324 κατανοῶν
1809 298 1865 324 ὀλι-

1082 346 1218 382 γωρήσῃς,
1232 345 1303 380 μηδ’,
1320 345 1353 371 ἂν
1368 345 1432 375 τοὺς
1450 344 1604 379 γνωρίμους
1628 343 1687 380 ι’δῃς
1700 344 1866 379 ἀποστρεφο-

1083 390 1180 425 μένους
1193 398 1232 421 σε,
1246 389 1361 426 πτήξῃς,
1374 389 1430 416 ἀλλ’
1442 388 1540 420 ἐκστὰς
1554 389 1608 415 ἀπὸ
1620 388 1732 421 τούτων,
1745 389 1792 415 καὶ
1804 397 1867 415 axo—

1082 435 1140 462 πῶν
1155 436 1188 462 τὰ
1202 435 1343 470 μέλλοντα,
1360 435 1443 470 om:
1458 435 1503 461 τὸν
1519 435 1551 461 λ’.
1566 435 1635 466 Τοὺς
1649 435 1677 461 δὲ
1701 434 1866 471 βαπτιζομέ-

1080 489 1142 512 νους
1168 481 1215 506 καὶ
1229 480 1428 516 λυτρουμένους
1457 479 1511 506 ἀπὸ
1525 479 1575 514 τῆς
1589 479 1712 515 φθαρτῆς
1731 480 1865 512 γενέσεως

1081 526 1197 560 βλέπων,
1211 527 1259 553 καὶ
1273 526 1418 562 θαυμάζων
1429 526 1479 561 τὴν
1499 525 1546 552 τοῦ
1563 525 1630 552 Θεοῦ
1650 525 1865 560 φιλανθρωπίαν,

1079 570 1126 608 ᾆδε
1137 573 1177 603 είς
1190 572 1313 604 ἐκείνους
1327 572 1371 599 τὸν
1388 571 1438 598 λα’.
1459 572 1514 598 Καὶ
1527 572 1591 598 ὅταν
1607 571 1656 606 μὲν
1667 571 1778 605 ψάλλειν
1796 571 1867 606 μετὰ

1080 618 1185 645 πολλῶν
1199 618 1305 655 ἐθέλῃς,
1321 619 1383 650 τοὺς
1395 617 1514 649 δικαίους
1530 617 1628 653 ἄνδρας
1639 617 1686 644 καὶ
1699 617 1761 649 τοὺς
1769 616 1866 652 ὀρθοὺς

1079 663 1118 699 τῷ
1129 663 1178 698 βίῳ
1192 663 1352 698 συναγαγὼν
1363 683 1371 694 ,
1390 663 1454 697 λέγε
1469 663 1516 689 καὶ
1532 663 1565 689 σὺ
1580 663 1625 689 τὸν
1642 663 1692 698 λβτ.
1722 662 1866 697 Ἑμπεσὼν

1079 708 1107 735 δὲ
1131 710 1172 740 εἰς
1189 709 1251 740 τοὺς
1268 708 1398 744 ἐχθροὺς,
1415 708 1463 734 καὶ
1485 707 1576 742 σοφῶς
1603 707 1700 739 αὐτοὺς
1715 706 1865 741 διαφυγὼν,

1080 753 1128 780 καὶ
1141 753 1268 785 ἐκκλίνας
1279 753 1333 780 ἀπὸ
1346 753 1395 788 τῆς
1410 753 1555 788 ἐπιϐουλῆς
1568 752 1668 784 αὐτῶν,
1684 752 1708 778 εἰ
1725 751 1809 783 θέλεις
1820 752 1867 778 εὑ-

1079 802 1251 837 χαριοτῆσαι,
1266 800 1437 835 συγκαλέσας
1449 800 1511 831 τοὺς
1526 800 1622 834 πραεῖς
1638 798 1747 833 ἄνδρας,
1762 798 1804 824 ἐπ’
1816 798 1868 824 αὺ-

1078 846 1133 872 τῶν
1146 846 1230 881 ψάλλε
1244 846 1290 872 τὸν
1303 846 1353 880 λγ¹.
1366 844 1422 872 Καὶ
1436 845 1483 871 ἐὰν
1499 844 1556 880 ἴδῃς
1570 844 1623 870 τῶν
1635 842 1866 879 παρανομούντων

243 893 393 920 naturalem
409 899 470 919 esse
481 912 489 925 ,
505 895 535 919 ut
549 892 668 918 haeretici
686 892 780 924 aiunt,
796 891 843 919 sed
856 891 900 919 dic
919 892 1021 919 tricesi-

1076 894 1125 929 τὴν
1139 894 1184 920 ἐπὶ
1196 892 1226 919 τδ
1240 892 1324 919 κακὸν
1341 891 1505 926 φιλονεικίαν
1520 910 1528 923 ,
1547 891 1584 926 μὴ
1611 889 1705 926 νόμιζε
1728 891 1757 917 ὲν
1772 889 1866 920 αὐτοῖς

242 946 315 965 mum
330 939 466 973 quintum,
488 938 645 973 videbisque
665 938 739 972 ipsos
756 938 806 965 sibi
825 938 954 972 peccandi
974 946 1025 965 au-

241 989 329 1012 ctores
341 992 410 1012 esse.
422 985 450 1011 Si
462 985 600 1019 improbos
610 984 712 1011 'videris
726 985 810 1011 multa
824 984 915 1019 inique
929 991 1026 1019 perpe-

242 1035 324 1062 trare,
336 1035 417 1064 atque
429 1030 573 1057 adversum
589 1030 702 1064 pusillos
714 1030 853 1065 insurgere
863 1051 870 1063 ,
889 1034 916 1056 et
929 1030 1024 1058 volue—

243 1075 282 1102 ris
303 1075 410 1110 aliquos
439 1075 584 1102 admonere
610 1083 644 1101 ne
668 1074 734 1109 ipsis
762 1075 919 1106 attendant,
938 1082 1025 1109 neque

241 1121 403 1148 annulentur
419 1120 491 1153 illos,
510 1120 574 1155 quia
586 1120 661 1148 brevi
682 1121 803 1147 futurum
827 1126 868 1148 est
885 1125 915 1147 ut
927 1121 1026 1148 exstin-

241 1172 372 1202 guantur,
393 1173 446 1194 tam
465 1167 514 1195 tibi
541 1167 593 1203 ipsi
617 1175 699 1203 quam
720 1168 784 1195 aliis‘
800 1167 843 1195 die
859 1169 1024 1196 tricesimum

240 1218 358 1240 Sextum.

275 1323 318 1350 l9.
339 1323 407 1349 (lum
427 1330 508 1357 porro
534 1323 581 1350 tibi
605 1324 743 1352 attendere
769 1324 914 1359 statueris,
941 1326 964 1353 si
987 1326 1024 1353 ir-

239 1371 363 1392 ruentem
380 1366 482 1393 videris
494 1366 600 1394 hostem
617 1376 624 1394 :
642 1375 704 1394 nam
720 1368 850 1397 adversus
867 1369 1022 1404 hujusmodi

238 1412 364 1440 homines
381 1413 470 1440 acrius
484 1413 529 1440 ille
546 1414 663 1449 insurgit
678 1424 683 1442 :
701 1419 779 1450 teque
790 1416 910 1444 volueris
929 1417 1024 1444 adver-

238 1465 287 1485 sus
305 1457 383 1484 illuni
399 1458 535 1490 excitare,
554 1458 598 1486 dic
614 1459 781 1487 tricesimum
805 1466 930 1488 ortavum
951 1461 1024 1496 psal-

238 1512 325 1532 mum.
351 1504 379 1531 Si
405 1505 573 1533 irruentibus
597 1506 715 1535 iuimicis
738 1515 874 1535 aerumnas
890 1508 1021 1542 patiaris,

241 1549 413 1584 volucrisque
425 1550 558 1582 ediscere,
573 1557 673 1586 quanta
683 1552 718 1579 sit
731 1552 756 1579 in
768 1552 896 1587 patientia
909 1554 1021 1585 utilitas.
1037 1563 1057 1592 ε

239 1596 326 1631 psalle
342 1595 509 1623 tricesimum
533 1604 636 1624 nonum
662 1598 807 1633 psalmum.
832 1599 900 1632 Cum
923 1600 1022 1628 multos

239 1641 316 1669 vides
328 1649 461 1676 pauperes
474 1646 501 1668 ct
516 1642 654 1670 mendicos
665 1664 672 1676 ,
685 1649 819 1679 optasque
832 1652 927 1672 eorum
940 1645 1022 1673 mise-

234 1688 305 1721 reri,
322 1688 424 1723 poteris
440 1689 548 1722 quidem
559 1697 606 1717 eos
618 1690 664 1724 qui
675 1690 730 1725 jam
743 1690 803 1718 illos
815 1691 934 1718 miserati
948 1696 1022 1725 sunt,

238 1735 360 1768 laudare,
372 1739 540 1770 caeteroSque
554 1736 587 1763 ad
600 1736 716 1770 idipsum
733 1737 869 1764 cohortari
883 1758 892 1771 ,
907 1738 1021 1767 dicendo

237 1781 372 1815 psalmum
386 1781 634 1816 quadragesimum.
650 1781 752 1809 Deinde
762 1783 785 1809 si
802 1791 900 1819 magno
915 1784 962 1812 Dei
975 1785 1021 1812 de-

237 1824 338 1854 sid'erio
348 1825 475 1861 ﬂagrans,
491 1826 610 1854 audieris
619 1827 743 1855 inimicos
750 1829 946 1863 exprobrantes
957 1830 1019 1863 tibi,

237 1880 271 1899 ne
287 1872 421 1906 turheris;
435 1872 481 1900 sed
494 1872 617 1908 cogitans
634 1873 815 1902 immortalem
831 1882 865 1902 ex
888 1875 933 1902 tali
949 1875 1021 1902 desi-

235 1917 313 1945 derio
328 1917 447 1945 fructum
459 1938 466 1950 ,
484 1922 558 1945 tuam
580 1926 628 1953 spe
652 1918 680 1945 in
698 1918 784 1946 Deum
805 1920 947 1947 consolare
961 1920 1020 1947 ani-

235 1971 319 1997 mam,
332 1968 359 1991 et
369 1964 409 1992 sic
420 1965 542 1992 allevans
558 1964 769 2000 demulcensque
785 1966 903 1997 dolores,
920 1966 1019 2000 quibus

235 2008 281 2035 illa
297 2009 430 2043 premitur
451 2009 478 2035 in
505 2009 556 2036 hac
579 2009 651 2041 \‘ita,
668 2009 711 2037 dic
731 2010 763 2037 41
789 2010 932 2044 psalmum.
949 2010 1017 2037 Cum

235 2054 345 2081 assidue
357 2054 515 2082 meminisse
529 2055 649 2082 volueris
667 2055 861 2082 benellciorum
878 2055 945 2088 Dei,
958 2063 1019 2090 quae

235 2099 357 2134 patribus
369 2100 467 2127 collata
482 2105 556 2132 sunt,
575 2105 602 2127 et
617 2100 705 2128 exitus
721 2108 754 2127 ex
766 2099 883 2135 Egypto
893 2120 900 2133 ,
913 2108 1019 2128 necnon

235 2146 458 2174 commorationis
474 2146 499 2173 in
514 2146 670 2178 solitudine,
682 2151 709 2174 et
724 2155 804 2181 quam
816 2147 919 2174 scilicet
930 2147 1018 2175 bonus

235 2193 271 2222 sit
286 2192 368 2225 Deus,
386 2199 466 2228 quam
482 2197 571 2220 autem
584 2192 682 2227 ingrati
701 2192 825 2220 homines
844 2193 915 2224 sint,
934 2192 1018 2221 habes

235 2239 280 2271 ιδ,
301 2239 345 2272 77,
365 2239 409 2271 88,
438 2238 500 2271 tet,
528 2238 590 2271 tos,
615 2238 748 2270 106.“:5.
772 2238 840 2266 Cum
869 2243 958 2266 autem
983 2232 1055 2266 adD

235 2285 320 2312 Deum
342 2284 511 2320 confugeris,
535 2285 665 2312 liberatus
687 2284 721 2312 ab
740 2284 870 2312 aerumnis
889 2291 950 2319 qua!
968 2284 1017 2311 tibi

233 2330 406 2361 acciderunt,
430 2330 453 2357 si
475 2329 596 2357 volueris
618 2328 674 2356 Deo
697 2328 797 2364 gratias
821 2336 910 2363 agere,
935 2332 1017 2362 atque

233 2384 360 2404 enarrare
371 2377 431 2411 ejus
448 2384 510 2412 erga
524 2381 550 2404 te
564 2375 748 2408 clementiam,
764 2375 848 2402 habes
866 2375 1016 2410 quadrage-

233 2423 331 2450 simum
348 2423 484 2459 quintum.

266 2489 311 2516 20.
331 2489 383 2517 Sed
399 2496 529 2524 peccasti,
544 2494 571 2517 et
584 2489 686 2524 pudore
701 2489 813 2517 atl'ectus
827 2490 1013 2524 paenitentiam

231 2534 288 2568 agis
300 2539 327 2562 et
340 2534 554 2562 misericordiam
567 2534 686 2569 ﬂagitas,
701 2534 785 2561 habes
797 2533 978 2561 confessionis
988 2539 1016 2561 et

232 2579 397 2614 pozuitentia:
417 2579 498 2606 verba
515 2579 542 2605 in
559 2579 664 2614 psalmo
685 2579 919 2614 quinquagesimo.
936 2578 1013 2612 Quod

230 2626 253 2654 si
272 2626 342 2660 apud
365 2633 453 2660 regem
473 2625 596 2660 iniquum
613 2625 775 2653 calumniam
793 2632 890 2659 passus
910 2632 955 2658 cs,
973 2625 1013 2652 \‘i-

229 2675 332 2708 desque
347 2672 464 2707 superbe
480 2672 656 2699 insultantcm
669 2672 903 2705 calumniatorem,
918 2673 1012 2699 secede

229 2723 256 2745 tu
267 2739 274 2751 ,
291 2723 317 2745 ct
328 2717 372 2746 dic
389 2725 419 2745 ea
435 2725 496 2752 qua:
510 2717 537 2744 in
556 2717 587 2744 lii
601 2717 744 2744 habentur.
760 2716 793 2744 Et
808 2725 868 2744 cum
887 2722 911 2744 te
928 2717 1013 2747 aliqui

229 2768 438 2798 persequuntur,
457 2767 484 2790 ct
506 2762 709 2790 calumniantur
723 2767 748 2789 te
758 2783 766 2795 ,
787 2763 859 2790 velut
873 2762 972 2798 Ziphz‘i
986 2769 1012 2790 et

228 2810 356 2845 allophyli
384 2811 511 2838 Daridem
526 2832 533 2845 ,
554 2819 588 2839 ne
612 2815 727 2839 mmstus
750 2811 807 2843 sis,
829 2812 875 2839 sed
896 2811 1011 2838 Domino

230 2856 371 2884 conlidens
395 2865 510 2892 cunque
533 2857 645 2886 laudans
671 2857 754 2886 rriita
775 2858 808 2885 55
830 2862 854 2886 el
878 2858 920 2885 55.
935 2857 1011 2890 Quod

1079 938 1148 966 κατὰ
1166 939 1246 973 φύσιν
1270 938 1319 974 τὴν
1337 937 1434 965 κακίαν
1448 935 1529 969 εἶναι,
1547 935 1591 963 οἶα
1609 936 1733 970 λέγουσιν
1749 936 1774 962 οἱ
1789 936 1866 970 αίρε-

1077 984 1165 1011 τικοὶ·
1188 983 1255 1010 ἀλλὰ
1283 983 1345 1018 λέγε
1358 983 1404 1010 τὸν
1425 983 1473 1014 λε’,
1490 982 1538 1009 καὶ
1562 981 1633 1016 ὕψει,
1656 981 1698 1008 ὅτι
1724 980 1799 1007 αὐτοὶ
1814 979 1865 1007 τοῦ

1076 1031 1244 1066 ἁμαρτάνειν
1258 1029 1326 1056 εἰσὶν
1342 1029 1434 1056 αἴτιοι.
1455 1028 1517 1055 Ἐὰν
1544 1028 1574 1055 δὲ
1591 1027 1674 1054 πολλὰ
1694 1027 1866 1062 πράττοντας

1076 1076 1164 1110 ἄνομα
1177 1075 1241 1106 τοὺς
1258 1075 1390 1110 πονηροὺς
1404 1074 1514 1109 βλέπῃς,
1537 1074 1583 1100 καὶ
1596 1073 1793 1108 ἐπαιρομένους
1815 1073 1866 1100 αὺ-

1076 1121 1139 1152 τοὺς
1152 1120 1223 1147 κατὰ
1234 1120 1288 1148 τῶν
1303 1119 1418 1155 μικρῶν,
1434 1120 1481 1146 καὶ
1499 1119 1578 1155 θέλῃς
1595 1120 1737 1155 παραινεῖν
1750 1127 1806 1145 τισι
1824 1118 1864 1154 μὴ

1076 1165 1219 1201 προσέχειν
1236 1165 1351 1198 τούτοις,
1364 1165 1430 1200 μηδὲ
1446 1163 1620 1200 παραξηλοῦν
1635 1164 1742 1196 αὐτοὺς,
1768 1163 1812 1190 διὰ
1831 1164 1866 1190 τὸ

1075 1210 1179 1245 ταχέως
1193 1210 1290 1240 αὐτοὺς
1311 1209 1542 1241 ἀποσϐέννυσθαι,
1557 1209 1619 1243 λέγε
1634 1209 1681 1235 καὶ
1701 1208 1792 1244 σαυτῷ
1814 1210 1866 1236 καὶ

1075 1257 1131 1288 τοῖς
1143 1255 1246 1291 ἑτέροις
1258 1256 1303 1282 τὸν
1317 1255 1372 1288 λς’.

1114 1322 1156 1350 ιθν.
1178 1321 1257 1349 Ἀλλὰ
1269 1322 1300 1356 δὴ
1309 1321 1356 1348 καὶ
1366 1321 1408 1354 σὺ,
1423 1320 1590 1356 προθέμενος
1604 1313 1747 1356 προ’σέχειν
1758 1320 1863 1356 σαυτῷ,

1075 1369 1122 1396 ἐὰν
1136 1369 1238 1404 βλέπῃς
1261 1367 1449 1403 ἐπιτιθέμενον
1465 1367 1509 1393 τὸν
1524 1366 1619 1402 ἐχθρὸν
1632 1366 1709 1402 (τότε
1721 1365 1775 1402 γὰρ
1789 1366 1863 1401 μᾶλο

1074 1413 1118 1440 λον
1132 1412 1304 1447 ἐπεγείρεται
1317 1411 1386 1438 κατὰ
1399 1411 1453 1438 τῶν
1466 1410 1623 1446 τοιούτων),
1644 1410 1689 1437 καὶ
1701 1410 1781 1446 θέλῃς
1809 1411 1863 1436 επ-

1074 1458 1194 1493 αλείφειν
1212 1458 1307 1484 σαυτὸν
1322 1457 1383 1484 κατ’
1395 1456 1488 1489 αὑτοῦ,
1503 1455 1549 1492 ᾆδε
1562 1456 1606 1483 τὸν
1620 1457 1660 1492 λη’
1677 1456 1792 1492 ψαλμὸν.
1805 1456 1863 1483 Καὶ

1074 1506 1131 1539 ἐὰν,
1143 1505 1196 1531 τῶν
1207 1503 1310 1540 ἐχθρῶν
1325 1503 1531 1538 ἐπιτιθεμένων,
1540 1502 1678 1539 ύπομένῃς
1686 1502 1734 1534 τὰς
1743 1503 1860 1538 θλίψεις,

1074 1551 1121 1578 καὶΙ
1148 1550 1226 1586 θέλῃς
1256 1549 1351 1585 μαθεῖν
1370 1549 1417 1585 τὴν
1443 1550 1476 1575 ὲκ
1493 1549 1542 1585 τῆς
1559 1550 1697 1585 ὑπομονῆς
1714 1549 1859 1583 ὠφέλειαν,

1073 1598 1157 1634 ψάλλε
1171 1597 1216 1623 τόν
1240 1596 1278 1623 λθ¹
1297 1596 1413 1632 ψαλμόν.
1427 1596 1538 1623 Βλέπων
1555 1596 1584 1623 δὲ
1605 1595 1717 1627 πολλοὺς
1740 1595 1862 1631 πένητας

1073 1644 1119 1670 καὶ
1139 1642 1272 1678 πτωχοὺς,
1295 1641 1341 1668 καὶ
1357 1641 1443 1673 θέλεις
1458 1641 1590 1668 ἐλεεῖσθαι
1609 1642 1722 1674 αὐτοὺς,
1745 1641 1861 1669 δύνασαι

1071 1689 1133 1721 τοὺς
1145 1689 1193 1724 μὲν
1208 1688 1257 1724 ἤδη
1270 1688 1433 1724 ἐλεήσαντας
1444 1688 1632 1724 ἀποδέχεσθαι,
1647 1689 1710 1720 τοὺς
1720 1689 1748 1715 δὲ
1760 1689 1861 1721 ἄλλους

1071 1736 1111 1766 είς
1127 1735 1157 1761 τὸ
1169 1735 1255 1762 ποιεῖν
1269 1734 1480 1771 προτρέπεσθαι,
1492 1735 1520 1760 ἐν
1532 1734 1570 1769 τῷ
1580 1734 1667 1768 λέγειν
1681 1734 1725 1761 τὸν
1740 1737 1777 1769 μ’.
1791 1733 1862 1761 Εἶτα

1071 1782 1129 1813 ἐὰν,
1149 1782 1219 1809 πάνυ
1233 1780 1278 1808 τὸν
1291 1781 1372 1808 πόθον
1388 1781 1457 1816 ἔχων
1471 1782 1511 1812 είς
1523 1781 1567 1808 τὸν
1581 1780 1656 1812 Θεὸν,
1674 1780 1794 1816 ἀκούσῃς
1802 1781 1862 1807 τῶν

1071 1827 1175 1863 ἐχθρῶν
1187 1827 1380 1860 ὀνειδιζόντων,
1399 1827 1436 1863 μὴ
1447 1827 1582 1863 ταράσσον
1593 1835 1600 1841 ”
1614 1826 1682 1854 ἀλλὰ
1699 1828 1798 1859 συνιεὶς
1812 1827 1860 1854 τὸν

1070 1875 1103 1901 ὲκ
1119 1874 1165 1901 τοῦ
1182 1874 1301 1902 τοιούτου
1324 1874 1406 1901 πόθου
1419 1874 1550 1901 ἀθάνατον
1565 1873 1680 1909 καρπὸν⁹
1703 1874 1859 1910 παρακάλει

1070 1920 1169 1947 σαυτοῦ
1184 1920 1232 1956 τὴν
1248 1920 1337 1955 ψυχὴν
1353 1921 1384 1954 τῇ
1399 1921 1439 1951 εἰς
1451 1919 1516 1946 Θεὸν
1531 1919 1630 1951 ἐλπίδι,
1641 1920 1688 1946 καὶ
1699 1920 1784 1956 ταύτῃ
1799 1920 1860 1945 ἐπι-

1070 1965 1207 2000 κουφίζων
1225 1966 1271 1992 καὶ
1288 1965 1488 2001 καταπραΰνων
1518 1965 1567 1997 τὰς
1589 1965 1617 1992 ἐν
1641 1965 1680 2000 τῷ
1696 1965 1744 2000 βίῳ
1766 1965 1859 1997 λύπας

1069 2012 1165 2046 αὐτῆς,
1184 2011 1248 2045 λέγε
1265 2011 1310 2038 τὸν
1328 2015 1372 2046 μα’
1387 2011 1503 2047 ψαλμόν.
1521 2011 1642 2047 Συνεχῶς
1657 2011 1685 2037 δὲ
1701 2012 1859 2047 ἀναμιμνή-

1070 2056 1182 2083 σκεσθαι
1196 2055 1280 2082 θέλων
1294 2055 1343 2088 τὰς
1356 2056 1515 2092 εὐεργεσίας
1529 2056 1576 2083 τοῦ
1592 2057 1659 2083 Θεοῦ
1682 2057 1731 2088 τὰς
1742 2058 1859 2092 γενομέ-

1069 2111 1116 2134 νας
1129 2103 1169 2134 εἰς
1180 2102 1243 2134 τοὺς
1257 2103 1388 2137 πατέρας,
1401 2103 1447 2129 καὶ
1462 2111 1526 2138 περι
1541 2103 1590 2138 τῆς
1604 2103 1694 2135 ἐξόδου
1708 2103 1757 2138 τῆς
1769 2103 1857 2138 Αίγύ-

1069 2155 1136 2174 πτου
1147 2147 1193 2174 καὶ
1209 2148 1258 2182 τῆς
1280 2148 1309 2174 ὲν
1328 2149 1360 2182 τῇ
1374 2148 1469 2184 ἐρήμῳ
1482 2147 1635 2184 διαγωγῆς,
1658 2148 1715 2181 πῶς
1730 2158 1758 2175 τε
1773 2149 1787 2174 ό
1803 2149 1858 2185 μὲν

1068 2191 1134 2223 Θεὸς
1147 2191 1256 2226 ἀγαθὸς,
1271 2193 1294 2218 οἱ
1303 2191 1330 2218 δὲ
1341 2191 1477 2228 ἂνθρωποι
1490 2193 1641 2229 ἀχάριστοι,
1656 2193 1726 2229 ἔχεις
1738 2194 1784 2220 τὸν
1796 2198 1857 2230 μγν,

1069 2237 1172 2264 καὶτὸν
1185 2236 1233 2270 οζ¹,
1248 2238 1294 2264 καὶ
1317 2241 1371 2274 mf,
1389 2238 1436 2266 καὶ
1458 2238 1503 2266 τὸν
1520 2239 1576 2274 ρδ’,
1596 2240 1642 2266 καὶ
1659 2239 1705 2267 τὸν
1725 2243 1761 2276 ρε¹
1772 2261 1780 2274 ,
1805 2242 1857 2270 καὶ

1068 2277 1123 2318 ρςί,
1141 2283 1189 2309 καὶ
1207 2286 1269 2318 ριγ’.
1287 2283 1459 2318 Καταφυγὼν
1471 2284 1499 2310 δὲ
1514 2285 1580 2320 πρὸς
1592 2285 1638 2312 τὸν
1651 2285 1717 2312 Θεὸν
1733 2286 1780 2312 καὶ
1792 2286 1855 2313 δια-

1068 2329 1163 2362 σωθεὶς
1175 2330 1228 2356 ἀπὸ
1241 2330 1295 2356 τῶν
1313 2331 1376 2366 περὶ
1393 2330 1423 2356 σὲ
1438 2331 1591 2366 γενομένων
1604 2330 1730 2366 θλίψεων,
1749 2331 1796 2358 ἐὰν
1813 2332 1856 2359 θέ-

1065 2375 1115 2412 λῃς
1130 2375 1325 2412 εὐχαριστῆσαι
1341 2376 1380 2412 τῷ
1395 2376 1464 2412 Θεῷ,
1492 2377 1538 2403 καὶ
1550 2376 1731 2412 διηγήσασθαι
1745 2378 1796 2413 τὴν
1812 2380 1856 2411 είς

1067 2422 1095 2449 σὲ
1109 2422 1256 2457 γενομένην
1271 2422 1484 2457 φιλανθρωπίαν,
1499 2422 1571 2458 ἔχεις
1582 2422 1627 2449 τὸν
1641 2425 1692 2458 με’.

1101 2489 1135 2517 κ’.
1158 2490 1227 2516 Ἀλλ’
1244 2490 1366 2526 ἥμαρτες
1377 2510 1384 2523 ,
1410 2490 1457 2517 καὶ
1477 2491 1620 2527 ὲντραπεὶς
1636 2491 1853 2526 μεταγινώσκεις

1065 2536 1112 2562 καὶ
1131 2536 1272 2572 ἐλεηθῆναι
1282 2536 1376 2575 ἀξιοῖς,
1394 2536 1465 2571 ἔχεις
1479 2537 1542 2568 τοὺς
1558 2536 1608 2572 τῆς
1629 2536 1853 2573 ὲξομολογήσεως

1065 2581 1110 2607 καὶ
1128 2582 1272 2615 μετανοίας
1288 2581 1382 2616 λόγους
1399 2583 1428 2608 ἐν
1442 2581 1480 2617 τῷ
1495 2585 1526 2608 ν’.
1544 2581 1575 2608 Εἰ
1589 2581 1617 2608 δὲ
1639 2582 1685 2609 καὶ
1704 2583 1855 2619 διεϐλήθης

1065 2625 1175 2661 πονηρῷ
1192 2626 1305 2660 βασιλεῖ,
1321 2626 1367 2653 καὶ
1381 2627 1447 2662 ὁρᾷς
1459 2626 1504 2653 τὸν
1523 2627 1645 2654 διάϐολον
1666 2627 1850 2662 κατακαυχῶ-

1065 2680 1155 2708 μενον,
1170 2671 1315 2707 ἀναχώρει,
1333 2672 1383 2702 καὶ,
1392 2672 1453 2706 λέγε
1470 2673 1517 2699 καὶ
1531 2673 1563 2700 σὺ
1577 2673 1611 2700 τὰ
1625 2673 1654 2699 ὲν
1668 2672 1706 2708 τῷ
1716 2672 1765 2700 να’.
1792 2673 1849 2699 Καὶ

1063 2720 1106 2745 ὅτε
1123 2719 1171 2754 μὲν
1187 2718 1282 2755 διώκῃ,
1294 2718 1342 2746 καὶ
1356 2718 1526 2746 διαϐάλλουσι
1546 2728 1618 2752 τινες
1634 2718 1800 2754 παραδοῦναί
1817 2727 1847 2746 σε

1064 2765 1195 2796 θέλοντες,
1210 2765 1247 2796 ὼς
1261 2765 1285 2790 οἱ
1297 2765 1403 2799 Ζιφαῖοι
1424 2765 1471 2792 καὶ
1482 2766 1506 2792 οἱ
1526 2766 1667 2801 ἀλλόφυλοι
1689 2765 1735 2793 τδν
1751 2766 1846 2799 Δαϐὶδ,

1065 2810 1102 2846 μὴ
1113 2810 1272 2846 ἁκηδιὰσῃς.
1290 2810 1358 2837 ἀλλὰ
1376 2810 1483 2847 θαρρὦ
1500 2812 1538 2847 τῷ
1552 2812 1663 2847 Κυρίῳ,
1686 2811 1732 2839 καὶ
1753 2811 1847 2847 ὑμνῶν

1063 2857 1152 2887 animi”,
1171 2856 1231 2891 λέγε
1254 2856 1285 2884 τὰ
1303 2852 1335 2884 ἐν
1345 2857 1383 2892 τῷ
1397 2861 1436 2892 νγ¹
1458 2859 1503 2885 καὶ
1525 2862 1570 2886 vs’.
1593 2859 1655 2885 Ἐὰν
1673 2858 1701 2886 δὲ
1720 2858 1766 2885 καὶ
1780 2867 1846 2885 ουν-
