1938 3053
73 158 109 188 5'5

625 149 796 177 EPISTOLA
815 150 862 177 AD
880 149 1141 179 MARCELLINUM.

1663 155 1698 184 δι

73 214 164 251 δράμῃ
175 214 189 240 6
198 212 314 244 διώκων,
324 211 371 238 καλ⁸
383 210 419 246 μὴ
428 209 569 244 γινώσκων
580 209 689 245 εἰσέλθῃ
701 210 740 241 εις
752 209 782 236 τὸ
794 210 856 245 σπή-

914 210 937 238 si
961 211 1069 246 ingruat
1084 211 1238 245 persecutio
1249 231 1256 243 ,
1272 215 1300 238 et
1320 211 1477 247 imprudens
1495 219 1652 248 persecqu
1671 211 1698 240 ii.

73 261 149 288 λαιον
166 261 195 286 ὲν
208 255 231 293 ᾧ
245 258 293 284 καὶ
307 258 339 284 σὺ
349 257 467 293 κρύπτῃ,
482 255 543 292 μηδ’
553 255 639 287 οὕτως
654 256 775 292 πτήξῃς·
788 256 861 291 ἔχεις

75 305 129 340 γὰρ
142 304 206 334 τοὺς
217 304 246 329 ὲν
261 301 373 336 τοιαύτῃ
387 301 492 336 ἀνάγκῃ
503 300 646 336 χρησμοὺς
665 301 706 333 είς
722 301 862 337 παράκλη-

77 360 120 378 σιν
133 350 180 377 καὶ
192 348 393 384 στηλογραφίας
406 347 511 382 λόγους,
523 347 586 379 τοὺς
597 347 626 374 ὲν
633 346 673 382 τῷ
684 350 728 380 νς¹
743 347 862 379 καὶτοὺς

75 398 105 424 ὲν
121 397 160 432 τῷ
174 398 246 431 ρμα’.
272 394 335 421 Ἐὰν
348 393 377 420 δὲ
393 394 440 420 καὶ
453 393 623 429 φυλαχθῆναι
644 393 693 429 τὴν
714 394 804 420 οἰκίαν
817 402 862 420 κε-

74 441 160 478 λεύσῃ
169 442 184 467 ὁ
196 438 386 471 ἐπιϐουλεύων,
400 438 448 465 καὶ
460 437 602 474 διαφύγῃς,
614 437 736 464 ἀνατίθει
748 437 787 472 τῷ
804 439 861 464 Κυ-

78 488 128 524 ρίῳ
139 487 188 523 τὴν
203 485 292 521 χάριν,
311 484 350 516 ὡς
363 485 392 511 ὲν
406 484 516 519 στήλαις
539 484 653 520 γράφων
680 484 765 519 αὐτὴν
787 485 815 510 ὲν
826 485 860 520 τῇ

74 533 159 568 ψυχῇ,
178 531 349 567 μνημόσυνον
364 527 445 556 οὖσαν
467 529 514 556 τοῦ
528 529 565 565 μὴ
585 528 745 564 διεφθάρθαι
762 538 802 562 σε,
815 530 861 556 καὶ

75 579 137 612 λέγε
148 577 182 604 τὰ
197 578 225 603 ὲν
237 575 276 612 τῷ
291 578 332 610 νη¹
341 575 449 610 ψαλμῷ.
466 575 528 601 Ἐὰν
543 575 570 601 δὲ
580 575 626 601 καὶ
639 575 789 607 ὁνειδίξωσι
803 575 860 602 θλί-

76 624 168 656 ϐοντες
183 623 207 649 οἱ
233 621 335 657 ἐχθροὶ,
361 621 407 647 καὶ
429 620 611 656 φλυαροῦντες
639 620 819 647 διαϐάλλωσιν
835 623 860 648 οἱ

75 669 215 700 δοκοῦντες
229 665 298 694 εἶναι
308 667 389 702 φίλοι,
409 667 457 692 καὶ
472 666 595 702 λυπηθῇς
610 667 639 693 ἐν
661 668 695 702 τῇ
719 667 861 703 ἀδολεσχίᾳ

76 725 123 743 σου
140 716 208 752 πρὸς
221 715 319 750 ὀλίγον,
332 714 400 742 ἀλλά
414 714 524 741 δύνασαι
542 713 755 750 παρακαλεῖσθαι
768 715 860 750 ὑμνῶν

75 763 123 790 καὶ
137 763 170 789 σὺ
186 762 232 788 τὸν
253 761 330 794 Θεδν,
349 761 395 788 καὶ
420 761 507 795 λέγων
528 761 563 788 τά
579 762 608 788 ὲν
623 760 662 797 τῷ
686 761 722 788 νδ¹
741 761 857 797 ῥήματα.

75 809 130 835 Καὶ
144 807 212 844 πρὸς
225 807 275 843 μὲν
283 807 514 842 ὑποκρινομένους
529 807 576 833 καὶ
595 807 624 833 ὲν
638 806 778 843 προσώπῳ
793 815 859 834 καυ-

76 854 214 890 χωμένους
233 854 296 888 λέγε
311 853 379 889 πρὸς
399 853 532 889 ἐντροπὴν
547 853 659 880 ἐκείνων
682 853 727 880 τὸν
738 852 776 885 νζ¹
793 853 860 888 ψαλ-

913 263 973 284 eam
988 257 1145 292 speluncam
1166 257 1283 289 incidat,
1299 257 1325 284 in
1341 266 1395 293 qua
1417 263 1445 286 ιιι
1462 259 1650 292 absconderis,
1665 267 1699 287 ne

914 301 1088 335 reformides;
1108 303 1192 330 habes
1205 304 1276 330 enim
1297 307 1324 330 et
1349 304 1376 330 in
1393 304 1439 330 tali
1462 303 1624 332 necessitate
1639 313 1699 340 per-

915 348 994 375 utiles
1004 348 1037 375 ad
1052 348 1264 376 consolationem
1273 353 1300 376 et
1311 349 1378 377 tituli
1394 350 1581 385 inscriptionis
1595 357 1699 378 sermo-

914 401 963 420 nes
974 395 1000 420 in
1016 394 1130 428 psalmis
1140 394 1174 421 56
1190 399 1217 421 et
1236 395 1296 421 Ml.
1316 395 1345 421 Si
1371 401 1461 422 autem
1480 395 1592 430 jusserit
1608 403 1700 430 persc-

914 444 992 466 eutor
1008 439 1137 466 custodiri
1155 440 1266 467 domum
1291 444 1365 468 tuam
1376 462 1383 474 ,
1396 446 1423 468 et
1446 447 1537 469 tamen
1552 442 1678 476 eﬂiigeris
1689 463 1697 475 ,

915 484 970 512 Deo
984 484 1056 512 refer
1071 485 1186 520 gratiam
1198 506 1204 518 ,
1222 494 1337 521 eamque
1351 487 1377 514 in
1396 488 1487 514 anima
1507 492 1551 514 tua
1575 487 1654 522 quasi
1671 488 1698 514 in

914 531 994 566 cippo
1010 531 1140 564 inscribe,
1152 535 1183 558 ut
1198 533 1356 565 memoriale
1368 533 1403 561 sit
1418 537 1472 561 tute
1487 533 1697 565 incolumitatis,

912 580 940 603 et
953 576 996 603 die
1008 584 1040 604 ea
1051 584 1113 612 quae
1127 582 1192 604 sunt
1210 578 1236 604 in
1251 577 1295 605 58.
1314 578 1343 605 Si
1356 583 1445 606 autem
1461 580 1625 614 exprobrent
1637 580 1697 611 tibi,

913 621 959 656 qui
980 625 1006 648 te
1019 621 1140 657 atiligunt
1162 623 1267 650 inimici
1294 624 1330 650 tui
1343 644 1350 655 ,
1367 628 1394 651 et
1414 624 1459 659 qui
1474 624 1600 652 videnlur
1616 625 1698 652 amici

913 674 973 695 esse
987 668 1025 694 tui
1039 688 1046 700 ,
1064 668 1242 704 obloquentes
1260 669 1449 702 detraxerint,
1470 675 1498 697 et
1515 670 1542 696 in
1563 670 1698 698 exercita-

913 713 987 739 tione
1002 716 1046 740 tua
1058 713 1093 740 ad
1107 713 1244 740 modicum
1260 714 1390 748 temporis
1409 714 1578 742 contristeris
1588 735 1595 747 ,
1610 719 1637 742 et
1650 722 1698 750 βω

914 763 955 785 tes
983 766 1050 786 sane
1074 759 1189 794 teipsum
1219 760 1354 787 consolari
1381 760 1488 795 hymnis
1517 760 1602 788 Deum
1627 761 1698 788 cele—

913 804 1017 831 brando
1040 812 1072 832 ac
1094 805 1234 832 recitando
1252 806 1386 841 psalmum
1400 806 1446 834 54.
1461 806 1484 832 Δ
1495 808 1598 834 lversus
1614 807 1699 842 hypo-

912 850 996 878 critas
1020 854 1048 877 et
1068 850 1095 877 in
1115 850 1185 878 facie
1203 851 1368 885 gloriantes,
1387 852 1431 878 die
1448 852 1481 879 ad
1508 852 1696 880 confusionem

78 901 126 935 μάν
135 907 144 916 '
160 900 228 936 πρὸς
242 899 270 926 δὲ
284 900 347 930 τοὺς
366 899 509 935 ὁρμῶντας
523 900 627 935 ἀγρίως
646 900 715 926 κατά
729 899 788 934 σοῦ,
813 901 856 926 καὶ

910 903 1004 923 eorum
1022 897 1157 931 psalmum
1181 897 1226 925 57,
1238 897 1378 925 Adversus
1397 905 1444 925 eos
1459 902 1550 925 autem
1565 899 1611 933 qui
1629 898 1655 925 in
1672 905 1697 925 te

76 946 200 977 θέλοντας
215 945 308 972 λαϐεῖν
322 953 367 971 σου
384 944 432 980 τὴν
443 944 542 980 ψυχὴν,
558 944 665 976 ἀντίθες
678 945 710 971 σὺ
730 945 779 980 τὴν
791 945 860 981 πρὸς

75 991 119 1017 τὸν
131 990 197 1017 Θεόν
210 999 256 1016 σου
266 989 413 1024 ὑποταγὴν,
435 990 481 1016 καὶ
493 989 600 1025 θάρρει.
619 990 694 1024 Ὅσῳ
710 989 764 1025 γὰρ
790 991 860 1016 ἐκεῖ·

75 1045 113 1063 νοι
132 1037 293 1072 μαίνονται,
321 1036 440 1071 τοσούτῳ
458 1036 558 1067 μᾶλλον
583 1036 737 1062 ὑποτάσσου
764 1037 796 1064 σὺ
821 1036 860 1072 τῷ

75 1082 177 1118 κυρίῳ,
193 1081 238 1108 καὶ
252 1081 315 1115 λέγε
331 1081 366 1107 τὰ
375 1082 404 1107 ὲν
419 1080 458 1116 τῷ
473 1080 523 1113 Ea’.
552 1081 607 1107 Kal
623 1080 671 1107 ὲάν
693 1081 742 1116 μὲν
764 1081 860 1108 διωκό-

77 1135 154 1162 μενος
165 1128 204 1158 sl;
220 1128 268 1162 ὲρη
273 1127 337 1162 μίαν
349 1126 480 1162 ἀπέλθῃς,
497 1126 534 1162 μὴ
549 1125 670 1162 φοϐηθῇς
683 1126 720 1158 ὡς
731 1127 810 1162 μόνος
821 1127 859 1154 ὢν

75 1174 140 1206 ἐκεῖ,
156 1172 225 1208 ἔχων
245 1173 273 1199 δὲ
295 1172 340 1198 τὸν
359 1171 425 1199 Θεὸν
441 1173 500 1198 ἐκεῖ
521 1173 568 1199 καὶ
590 1173 658 1208 πρὸς
675 1173 755 1200 αὑτὸν
771 1174 860 1210 ὀρθρί-

74 1220 126 1251 ζων
146 1218 230 1253 ψάλλε
248 1218 294 1244 τὸν
307 1217 356 1252 ξβ’.
376 1217 578 1253 Ἐκφηϐούντων
591 1218 620 1245 δὲ
629 1219 683 1245 τῶν
698 1219 802 1255 ἐχθρῶν
812 1221 858 1247 καὶ

75 1265 111 1301 μὴ
125 1264 288 1300 παυομένων
301 1264 348 1290 τοῦ
365 1263 530 1299 ἐνεδρεύειν,
544 1264 612 1290 ἀλλά
634 1265 681 1291 καὶ
696 1265 857 1300 ἐξερευνών-

72 1320 125 1338 των
146 1311 199 1338 πᾶν
215 1311 288 1338 κατὰ
314 1311 371 1343 σοῦ,
393 1310 444 1337 κᾶν
460 1310 562 1345 πλῆθος
584 1307 646 1343 ὦσι,
664 1311 701 1348 μὴ
722 1313 856 1348 ὐπενδῷς-

72 1357 136 1393 βέλη
153 1357 207 1392 γὰρ
218 1356 322 1391 νηπίων
335 1356 440 1383 ἔσονται
456 1355 560 1382 τούτων
571 1356 599 1383 αἱ
616 1357 729 1392 πληγαὶ,
745 1357 858 1392 ψάλλον-

70 1403 114 1435 τός
126 1411 173 1429 σου
190 1402 235 1429 τὸν
250 1402 299 1436 ξγ’,
313 1402 360 1429 καὶ
374 1402 418 1428 τὺν
435 1401 481 1436 ξδ’,
497 1403 544 1429 καὶ
556 1401 604 1435 ἔθ’,
623 1403 670 1429 καὶ
684 1407 716 1430 o'.

104 1504 158 1528 κα¹.
175 1501 231 1528 Kal
245 1501 308 1527 ὃταν
323 1499 371 1535 μὲν
388 1499 505 1536 ὑμνῆσαι
519 1499 601 1536 βούλῃ
615 1500 660 1526 τδν
674 1499 776 1536 Κύριον
786 1520 793 1532 ,
809 1497 855 1536 ᾆδε

68 1547 102 1573 τὰ
116 1548 146 1573 ὲν
161 1546 201 1581 τῷ
217 1544 262 1578 ξδ’.
283 1544 346 1571 Ἐὰν
366 1545 395 1571 δὲ
417 1545 571 1580 κατηχῆσαι
593 1545 674 1580 θέλῃς
697 1545 773 1576 τινὰς
792 1545 856 1580 περὶ

68 1592 253 1622 ἀναστάσεως,
267 1589 313 1626 ᾆδε
325 1590 359 1617 τὰ
371 1591 400 1616 ὲν
413 1590 453 1625 τῷ
474 1590 519 1623 ξε¹.
541 1590 707 1625 Οίκτιρμοὺς
720 1590 749 1617 δὲ
773 1590 856 1617 αἰτὸν

70 1639 146 1674 παρά
159 1638 206 1664 τοῦ
221 1637 299 1670 Θεοῦ,
317 1637 396 1673 ὕμνει
417 1636 509 1669 αὑτὸν,
532 1637 641 1671 ψάλλων
656 1636 700 1663 τὸν
721 1637 774 1669 ξς¹.
794 1638 858 1664 Ὀτε

69 1685 98 1711 δὲ
114 1684 222 1719 βλέτπις
236 1683 299 1714 τοὺς
315 1683 364 1718 μὲν
373 1682 480 1714 ἀσεϐεῖς
494 1683 522 1708 ὲν
538 1683 633 1718 εἰρήνῃ
644 1681 858 1717 εὑθηνουμένους

71 1731 118 1758 καὶ
132 1729 307 1764 καταθυμίως
327 1729 430 1761 ζῶντας
451 1728 513 1760 τοὺς
539 1728 567 1754 δὲ
592 1728 712 1760 δικαίους
735 1728 857 1764 θλιϐομέ-

70 1784 143 1808 νους,
155 1776 199 1802 ἵνα
223 1774 260 1810 μὴ
274 1772 469 1808 σκανδαλισθῇς
488 1773 535 1799 καὶ
553 1772 779 1808 παρασαλευθῇς,
796 1772 856 1807 λέγε

69 1823 118 1849 καὶ
134 1821 210 1848 σὺτά
221 1821 250 1847 ὲν
261 1819 299 1855 τῷ
314 1819 351 1854 οβ’
361 1818 470 1854 ψαλμῷ-
491 1818 546 1845 Kal
559 1819 624 1845 ὅταν
644 1818 693 1853 μὲν
709 1818 822 1854 ὀργισθῇ
843 1819 857 1844 ὁ

69 1868 137 1900 Θεὸς
147 1867 193 1894 ἐπὶ
203 1867 248 1893 τὸν
261 1865 336 1898 λαὸν,
350 1864 422 1901 ἔχεις
438 1865 478 1896 είς
490 1863 661 1900 παράκλησιν
677 1864 742 1900 περὶ
762 1863 855 1890 τούτου

67 1914 165 1948 λάγους
189 1912 316 1944 συνετοὺς
331 1911 394 1942 τοὺς
417 1911 446 1936 ὲν
473 1909 511 1945 τῷ
529 1912 568 1944 ογ¹
580 1917 587 1924 ·
605 1910 650 1936 ὅτε
669 1909 698 1936 δὲ
713 1910 792 1945 χρεία
815 1918 856 1936 σοι

66 1956 289 1994 ὲξομολογήσεώς
304 1956 372 1987 ἔστι,
390 1955 474 1989 ψάλλε
491 1954 536 1981 τὸν
557 1953 590 1986 θ’,
614 1954 650 1980 οδν
677 1955 724 1981 καὶ
741 1956 794 1987 L_a’,
808 1955 856 1981 καὶ

70 2005 118 2040 ρδ¹,
135 2004 182 2032 καὶ
198 2006 245 2038 ρε’,
260 2002 307 2029 καὶ
322 2005 376 2038 pg‘,
389 2001 436 2028 καὶ¹
454 1999 505 2036 ρξ’,
528 2001 575 2027 καὶ
593 2003 636 2036 ρι’,
655 2000 702 2026 καὶ
718 1999 784 2036 ριζ’,
808 2001 856 2027 καὶ

69 2051 134 2086 ρλε’,
148 2050 196 2076 καὶ
207 2048 272 2084 ρλξ.
287 2048 342 2075 Καὶ
352 2047 511 2083 δυσωπῆσαι
525 2047 574 2082 μὲν
587 2046 672 2073 θέλων
685 2046 718 2073 τὰ
729 2046 782 2073 τῶν
801 2046 856 2073 Ἑλ-

67 2097 156 2132 λήνων
171 2096 217 2122 καὶ
232 2094 266 2121 τὶ
281 2093 333 2120 τῶν
348 2092 505 2129 αἱρετικῶν,
523 2093 563 2118 ὅτι
576 2092 613 2127 μὴ
627 2092 691 2127 παρ’
708 2092 800 2123 αὐτοῖς
815 2092 854 2118 ενι

68 2141 227 2176 θεογνωσία,
242 2139 300 2166 ἀλλ’
324 2140 354 2166 ὲν
382 2139 449 2174 μόνῃ
470 2140 504 2174 τῇ
534 2137 664 2173 καθολικῇ
698 2137 853 2173 Ἐκκλησίᾳ,

67 2188 181 2214 δύνασαι
197 2186 265 2213 νοῶν
283 2185 356 2221 ᾄδειν
372 2184 418 2211 καὶ
432 2183 522 2218 λέγειν
535 2183 569 2210 τὰ
586 2183 614 2209 ὲν
630 2182 669 2218 τῷ
681 2181 726 2209 σε’.
749 2182 811 2208 Τῶν
825 2182 852 2208 δὲ

870 1561 892 1591 C

911 942 1040 969 atrociter
1053 942 1161 969 irruunt
1172 948 1198 969 ιιι
1217 951 1313 978 capere
1327 945 1420 971 volunt
1433 944 1552 971 animam
1569 949 1653 976 tuam,
1669 949 1697 971 tu

910 994 1032 1021 opponas
1055 987 1109 1015 illis
1130 992 1205 1015 tuam
1230 997 1293 1024 erga
1316 989 1400 1016 Deum
1423 989 1647 1024 obsequentiam,
1670 995 1698 1018 et

909 1032 1014 1060 conﬁde
1031 1042 1037 1060 :
1052 1038 1155 1067 quanto
1170 1034 1242 1060 enim
1259 1034 1297 1061 illi
1319 1035 1506 1062 vehementius
1523 1035 1673 1062 institerint
1688 1056 1696 1066 ,

910 1081 986 1104 tanto
1000 1079 1088 1113 magis
1104 1083 1129 1105 te
1151 1078 1266 1106 Domino
1284 1080 1429 1107 submittas
1441 1100 1448 1112 ,
1461 1084 1488 1108 et
1502 1081 1546 1108 die
1559 1081 1640 1108 verba
1651 1083 1695 1109 61.

911 1121 940 1149 Si
956 1124 1174 1157 persecutionem
1193 1132 1289 1159 passus
1307 1126 1334 1152 in
1347 1125 1520 1153 solitudinem
1538 1128 1695 1160 recesseris,

910 1177 943 1196 ne
964 1168 1094 1196 formides
1113 1171 1192 1204 quasi
1216 1171 1291 1199 solus
1306 1172 1342 1198 ibi
1364 1172 1463 1206 degas,
1479 1180 1541 1200 eunt
1563 1173 1633 1200 adsit
1648 1174 1696 1201 tibi

910 1213 990 1247 Deus,
1007 1215 1039 1241 ad
1061 1222 1142 1249 quem
1165 1215 1276 1242 diliculo
1297 1223 1364 1243 cane
1383 1217 1517 1252 psalmum
1532 1218 1576 1244 62.
1597 1218 1624 1245 Si
1642 1223 1696 1245 ter—

909 1265 987 1287 reant
999 1264 1026 1287 te
1038 1260 1152 1292 inimici,
1169 1268 1218 1289 nec
1234 1262 1314 1288 linem
1332 1261 1434 1289 faciant
1446 1263 1607 1291 insidiarum
1618 1283 1626 1296 ,
1641 1264 1697 1290 imo

908 1306 1052 1333 adversum
1078 1310 1103 1333 te
1121 1307 1214 1334 omnia
1229 1313 1397 1340 scrutentur,
1415 1309 1520 1336 etiamsi
1542 1309 1620 1337 multi
1637 1309 1696 1337 fue-

909 1352 980 1383 rint,
1006 1359 1178 1387 nequaquam
1203 1353 1303 1381 cedas:
1320 1362 1381 1380 nam
1398 1355 1502 1390 sagitta:
1520 1356 1696 1389 parvulorqu

908 1403 987 1426 erunt
1007 1399 1092 1433 plaga:
1109 1406 1217 1431 eorum,
1240 1405 1355 1427 canente
1378 1405 1403 1427 te
1423 1401 1543 1435 psalmos
1571 1401 1624 1433 65,
1641 1402 1695 1434 64,

908 1443 942 1472 69
950 1463 958 1476 ,
975 1443 1017 1471 70.

942 1500 986 1527 21.
1007 1499 1123 1533 Quando
1155 1499 1239 1527 Deum
1278 1501 1416 1529 celebrare
1453 1498 1696 1535 voluerisfrceita

908 1546 1107 1580 sexagesimum
1126 1551 1265 1580 quartum.
1279 1545 1307 1573 Si
1321 1546 1429 1582 aliquos
1441 1547 1474 1575 de
1492 1549 1694 1575 resurrectione

910 1591 1047 1623 instituas,
1062 1592 1145 1618 recita
1163 1592 1207 1618 65.
1224 1591 1370 1620 Postulans
1386 1601 1400 1621 a
1416 1593 1530 1622 Domino
1543 1595 1695 1622 miseratio-

908 1644 973 1668 nes,
988 1636 1068 1663 lauda
1083 1637 1157 1663 illum
1172 1658 1178 1669 ,
1195 1637 1313 1672 psallens
1329 1638 1373 1665 66.
1389 1638 1457 1665 Cum
1476 1639 1579 1666 videris
1597 1640 1695 1675 impios

908 1681 934 1708 in
951 1689 1016 1716 pace
1031 1690 1163 1717 prospere
1176 1689 1287 1718 agentes
1303 1688 1330 1710 et
1344 1684 1461 1711 libenter
1486 1684 1608 1712 viventes
1620 1706 1627 1717 ,
1648 1686 1695 1721 ju-

907 1732 963 1754 stos
976 1733 1065 1755 autem
1074 1728 1197 1761 nillictos,
1213 1738 1245 1756 ne
1257 1730 1461 1762 scandalizeris,
1472 1738 1559 1765 neque
1573 1739 1697 1759 commo-

906 1774 1006 1804 vearis,
1023 1774 1069 1801 sed
1087 1775 1131 1801 dic
1146 1775 1280 1809 psalmum
1295 1775 1337 1802 72.
1350 1775 1418 1802 Cum
1431 1776 1516 1803 iratus
1529 1775 1612 1804 fuerit
1623 1777 1695 1804 Deus

907 1818 1039 1846 adversus
1060 1821 1211 1854 populum,
1232 1821 1315 1848 habes
1335 1821 1368 1847 ad
1385 1822 1600 1849 consolationem
1621 1823 1694 1850 illius

906 1864 986 1892 verba
998 1865 1147 1900 prudentia:
1156 1866 1182 1892 in
1195 1865 1237 1892 75.
1250 1865 1365 1898 Quando
1376 1867 1548 1894 confessione
1565 1868 1613 1895 tibi
1625 1876 1693 1902 opus

905 1910 968 1942 erit,
981 1910 1065 1945 psalle
1078 1911 1104 1943 9,
1119 1910 1163 1945 74,
1179 1911 1222 1943 91,
1241 1912 1301 1944 HM,
1311 1912 1372 1943 105,
1384 1918 1410 1938 el
1420 1913 1516 1946 106,εῑ
1528 1913 1588 1946 107,
1598 1915 1693 1947 ιτι11ι),

905 1959 931 1982 et
944 1955 1006 1988 117,
1021 1963 1045 1982 et
1056 1956 1118 1989 1‘25,
1132 1961 1158 1983 et
1170 1957 1230 1984 l37.
1251 1956 1296 1985 Vis
1310 1957 1450 1992 gentilium
1465 1963 1491 1985 et
1504 1959 1692 1987 haereticorum

905 2001 1046 2036 opiniones
1056 2001 1233 2035 confundere,
1245 2008 1271 2030 et
1284 2009 1500 2030 commonstrare
1511 2011 1564 2031 non
1576 2006 1647 2040 apud
1664 2006 1693 2033 il-

905 2047 945 2075 los
955 2055 1015 2074 esse
1027 2047 1074 2074 Dei
1086 2049 1279 2083 cognitionem,
1291 2050 1338 2077 sed
1352 2049 1378 2076 in
1393 2050 1450 2077 sola
1460 2049 1594 2084 Ecclesia,
1603 2056 1690 2086 potes,

905 2092 1081 2120 considerans
1093 2112 1101 2125 ,
1117 2100 1216 2120 canere
1232 2098 1313 2128 atque
1325 2093 1416 2121 dicere
1428 2102 1489 2128 qua:
1507 2095 1533 2121 in
1548 2101 1690 2131 septuage-

905 2137 976 2164 simo
990 2140 1086 2172 quinto
1101 2138 1246 2166 habentur.
1264 2139 1385 2166 inimicis
1398 2144 1487 2167 autem
1505 2140 1602 2176 effugia
1622 2150 1690 2177 pra:-

904 2184 1099 2218 occupantibus
1111 2192 1143 2212 ac
1158 2189 1183 2212 te
1195 2193 1368 2220 summopere
1383 2185 1490 2218 alllicto,
1510 2187 1572 2214 licet
1583 2192 1689 2222 pertur-

65 2232 173 2269 ὲχθρῶν
185 2229 442 2268 προκαταλαϐόντων
454 2228 504 2260 τὰς
520 2228 669 2262 διεκφυγάς
681 2249 689 2260 ,
712 2228 760 2254 καὶ
779 2228 851 2254 πάνυ

909 2229 985 2261 beris,
1005 2237 1039 2256 ne
1053 2229 1176 2256 animum
1197 2230 1366 2265 despondeas
1378 2251 1385 2263 ,
1402 2231 1449 2258 sed
1471 2239 1518 2258 ora
1532 2240 1538 2258 :
1560 2237 1586 2258 et
1598 2232 1621 2259 si
1635 2233 1690 2260 cla-

67 2277 234 2312 θλιϐόμενος,
247 2275 297 2302 κᾶν
307 2274 454 2310 ταραχθῇς,
474 2274 511 2309 μὴ
526 2272 690 2308 ἀπελπίσῃς,
716 2273 784 2299 ἀλλά
806 2273 851 2299 εὖ-

65 2332 127 2359 χου·
152 2323 199 2349 καὶ
224 2321 272 2348 ἐὰν
291 2319 400 2357 κράζων
425 2318 613 2354 εἰσακουσθῇς,
641 2318 797 2354 εὐχαρίστει
813 2318 852 2353 τῷ

65 2369 135 2404 Θεῷ,
149 2369 236 2402 λέγων
251 2367 285 2393 τὰ
307 2368 336 2393 ὲν
352 2365 390 2400 τῷ
411 2368 464 2397 οςν.
489 2364 551 2391 Ἐὰν
575 2364 603 2391 δὲ
627 2365 801 2399 ἐπιμένοντες
826 2365 851 2390 οὶ

64 2415 158 2451 ἐχθροὶ
173 2412 360 2444 ἐπισέλθωσι,
377 2411 424 2438 καὶ
439 2410 554 2446 μιάνωσι
567 2409 610 2436 τὸν
623 2407 696 2436 οἷκον
712 2409 759 2436 τοῦ
772 2409 849 2442 Θεοῦ,

61 2461 127 2493 τούς
139 2469 170 2487 τε
184 2460 277 2494 ἁγίους
291 2458 481 2489 ἀποκτείνωσι,
496 2457 542 2483 καὶ
567 2456 601 2482 τὰ
626 2455 740 2491 σώματα
763 2456 851 2482 αὐτῶν

62 2508 165 2543 ρίψωσι
176 2507 230 2537 τοῖς
247 2505 379 2534 πετεινοῖς
392 2502 438 2529 τοῦ
453 2501 579 2538 οὐρανοῦ,
606 2501 650 2528 ἵνα
669 2501 706 2537 μὴ
725 2501 851 2528 συνελκυ-

61 2553 137 2584 seel;
150 2550 325 2587 καταπτήξῃς
338 2549 424 2576 αὐτῶν
432 2549 480 2584 τὴν
491 2548 630 2584 ὠμότητα,
644 2547 786 2582 σύμπασχε
801 2547 851 2583 μὲν

36 2627 38 2629 ,
58 2601 118 2631 τοῖς
135 2598 296 2633 πάσχουσιν,
314 2595 460 2630 ἐντύγχανε
474 2595 500 2621 δὲ
515 2594 553 2630 τῷ
565 2593 633 2629 Θεῷ,
649 2593 737 2627 λέγων
752 2593 797 2619 τὸν
810 2597 849 2629 (ιη’

57 2646 179 2682 ψαλμὸν.

95 2701 150 2737 ιβ’.
176 2701 220 2727 Ἑν
237 2700 317 2735 ἑορτῇ
331 2697 370 2728 δὲ,
387 2696 471 2722 θέλων
482 2693 546 2731 ᾆσαι
561 2695 599 2730 τῷ
616 2694 720 2730 Κυρίῳ,
748 2703 849 2728 συγκα-

57 2746 140 2778 λέσας
157 2747 220 2776 τοὺς
235 2744 282 2770 τοῦ
295 2741 362 2769 Θεοῦ
375 2741 493 2772 δούλους,
510 2740 595 2774 eam
608 2740 642 2766 τὰ
656 2741 684 2765 ἐν
701 2739 739 2774 τῷ
754 2743 779 2765 π’
802 2739 848 2766 καὶ

59 2792 108 2824 ιεδκ
128 2790 191 2817 Τῶν
211 2790 240 2816 δὲ
253 2787 358 2824 ἐχθρῶν
382 2786 461 2813 πάλιν
480 2785 715 2820 ἐπισυναχθέντων
739 2785 847 2811 πάντων

58 2835 242 2871 πανταχόθεν,
273 2835 319 2860 καὶ
338 2833 520 2860 ἀπειλούντων
544 2831 613 2858 κατὰ
641 2830 686 2857 τοῦ
711 2830 784 2857 οἴκου
800 2831 846 2857 τοῦ

58 2882 139 2915 Θεοῦ,
154 2880 292 2913 συνθήκας
308 2887 336 2905 τε
361 2877 507 2904 ποιούντων
531 2876 600 2903 κατὰ
616 2876 665 2912 τῆς
687 2876 825 2903 εὐσεϐείας
840 2897 845 2901 ,

905 2275 1004 2302 mando
1021 2275 1178 2308 exaudiare,
1193 2277 1296 2310 gratias
1309 2275 1364 2303 Deo
1378 2284 1436 2312 age,
1454 2277 1571 2304 rceitans
1582 2283 1690 2313 septua-

904 2321 1038 2356 gesimum
1051 2327 1168 2348 sextum.
1183 2322 1210 2348 Si
1224 2323 1400 2356 persistentes
1414 2322 1516 2350 inimici
1530 2322 1688 2358 irruperint,

904 2371 931 2394 et
945 2367 1056 2394 domum
1077 2366 1125 2394 Dei
1147 2368 1367 2402 profanaverint,
1382 2373 1547 2403 sanctosque
1569 2369 1688 2396 trucida-

905 2413 977 2445 rint,
996 2413 1161 2448 illorumque
1177 2421 1291 2448 corpora
1312 2414 1468 2440 volucribus
1484 2414 1545 2441 emli
1569 2415 1689 2450 projece—

904 2460 969 2492 rint,
992 2467 1026 2486 ne
1041 2459 1083 2487 bis
1099 2459 1240 2494 perculsus
1254 2459 1414 2487 reformides
1436 2467 1529 2486 eorum
1546 2461 1690 2489 crudelita-

904 2509 958 2532 tem
971 2526 978 2537 ,
1002 2505 1064 2532 dole
1086 2505 1194 2540 quidem
1215 2505 1376 2531 miserorum
1403 2505 1488 2532 vicem
1502 2526 1509 2538 ,
1530 2513 1577 2532 ora
1597 2512 1688 2534 autem

903 2550 999 2584 Deum,
1015 2551 1108 2578 dicens
1130 2551 1358 2585 septuagesimum
1368 2555 1493 2578 octavum
1506 2552 1650 2585 psalmum.

937 2690 982 2717 2‘2.
1000 2690 1028 2717 ln
1043 2690 1156 2717 solemni
1174 2689 1218 2717 die
1233 2691 1326 2718 volens
1343 2691 1459 2719 Domino
1474 2699 1584 2723 canere,
1601 2691 1686 2717 advo-

902 2738 971 2764 catis
991 2736 1040 2764 Dei
1053 2737 1156 2768 servis,
1175 2737 1257 2770 psalle
1279 2738 1475 2769 mitigesimum
1499 2742 1525 2764 et
1542 2737 1686 2771 nonagesi-

902 2791 976 2810 mum
994 2787 1134 2818 quartum.
1153 2781 1272 2809 Inimicis
1287 2783 1384 2809 iterum
1402 2783 1520 2817 undique
1535 2788 1684 2816 congrer-a—

902 2829 946 2860 tis,
961 2835 987 2856 et
1011 2829 1105 2856 domui
1123 2828 1168 2855 Dei
1186 2828 1272 2854 minas
1295 2828 1490 2855 intcntantibus
1504 2849 1511 2860 ,
1530 2828 1685 2862 facilemque

901 2879 995 2904 contra
1013 2875 1139 2910 pietatem
1163 2873 1338 2907 facictttibus,
1353 2882 1385 2901 ne
1406 2875 1497 2902 animo
1514 2874 1623 2902 deﬁcias
1649 2876 1685 2902 ob
