1934 3053
243 133 279 160 35
666 128 693 156 S.
715 126 902 155 ATHANASH
923 126 999 154 OPP.
1022 125 1027 152 Ι

1079 125 1112 152 lS
1133 125 1175 153 lll.
1196 141 1231 146 —
1251 126 1456 155 EXEGETICA.
1829 129 1862 156 36

242 204 338 225 eorum
353 195 551 223 multitudinem
569 198 596 221 et
607 193 754 228 potentiam
767 201 773 218 ε
785 191 870 218 habes
884 189 963 225 quasi
975 197 1025 216 an-

1079 191 1122 217 ίνα
1136 190 1173 226 μὴ
1187 189 1330 225 ἀθυμήσῃς
1343 189 1386 216 διὰ
1401 189 1432 216 τὸ
1449 189 1550 224 πλῆθος
1571 189 1618 215 καὶ
1638 189 1687 225 τὴν
1706 189 1864 218 δυναστείαν

243 242 354 269 choram
367 240 422 275 spei
438 239 518 267 verba
533 238 692 273 octogesimi
706 237 817 264 secundi
830 236 936 271 psalmi.
948 235 1026 268 Quod

243 287 266 314 si
281 286 381 313 videris
399 286 510 312 domum
527 285 573 311 Dei
586 305 593 317 ,
609 289 636 311 et
648 288 748 310 aeterna
763 283 822 317 ejus
833 281 1025 313 tabernacula,

243 335 326 366 atque
351 338 445 358 eorum
469 330 604 357 desiderio
633 328 769 360 tenearis,
797 326 1027 362 quemadmodum

244 377 408 412 Apostolus,
438 376 481 403 dic
508 374 702 409 octogesimum
736 372 845 400 tertium
881 371 1025 406 psalmum.

242 423 372 450 Cessante
386 423 492 449 tandem
506 422 545 448 ira
560 421 702 454 solutaque
717 418 882 453 captivitate,
895 417 918 444 si
934 417 1028 443 volue-

243 469 281 496 ris
298 469 412 496 Domino
431 467 532 503 gratias
546 474 626 502 agere
638 487 645 498 ,
667 465 750 492 habes
773 464 807 491 84
822 468 849 490 et
871 463 932 503 125.
951 462 985 489 Et
1004 462 1028 489 si

243 522 409 550 cognoscere
437 514 502 540 velis
518 512 582 547 quid
598 511 705 538 intersit
724 510 891 537 discriminis
911 509 1026 536 catholi-

243 567 302 586 cam
317 559 386 586 inter
400 558 548 585 Ecclesiam
572 561 598 584 et
615 556 762 583 schismata
773 576 780 587 ,
797 560 877 590 atque
893 555 1028 582 schisma-

243 605 313 633 ticos
323 604 499 635 confundere,
513 603 605 630 dicere
616 607 692 637 potes
702 601 898 637 octogesimum
907 605 1026 628 sextum.

244 650 272 678 Si
300 650 366 677 velis
386 649 433 676 tibi
459 648 574 683 aliisque
595 649 695 675 addere
715 647 840 674 ﬁduciam
861 649 894 673 ad
911 645 956 673 Dei
970 646 1028 673 cul-

243 702 311 730 tum,
328 701 354 723 et
370 684 514 723 ostendere
527 693 600 728 quod
614 701 676 728 spes
694 694 720 720 in
738 692 822 720 Deum
837 699 890 720 non
911 691 1028 719 confun-

243 743 310 773 dat,
327 742 374 769 sed
391 741 557 775 intrepidum
578 740 699 767 animum
718 739 824 770 reddat,
841 739 921 765 lauda
942 737 1025 765 Deum

242 787 361 815 recitans
387 786 606 820 nonagesimum.
633 784 753 812 Psallcre
776 785 818 811 vis
844 784 871 810 in
892 782 1028 811 Sabbato?

242 833 326 860 habes
341 832 548 866 nonagesimum
563 830 692 865 primum.

1078 236 1176 268 αὐτῶν,
1202 235 1274 271 ἔχεις
1293 235 1387 270 ὥσπερ
1400 235 1523 271 ἄγκυραν
1546 234 1650 266 ἐλπίδος
1675 235 1709 261 τὰ
1727 236 1756 261 ὲν
1766 235 1806 270 τῷ
1819 234 1864 271 πβ¹

1080 282 1199 318 ῥήματα.
1215 281 1270 308 Καὶ
1281 281 1338 314 ἐὰν,
1357 281 1463 316 βλέπων
1477 280 1522 307 τὸν
1537 278 1611 307 οἶκον
1627 277 1674 308 τοῦ
1685 280 1752 308 Θεοῦ
1770 282 1816 308 καὶ
1829 282 1865 308 τὰ

1077 326 1174 354 αἰώνια
1189 326 1270 354 αὑτοῦ
1285 325 1462 362 σκηνώματα,
1476 326 1522 353 τὺν
1542 327 1622 354 πόθον
1644 326 1708 363 ἔχῃς
1728 328 1768 359 είς
1784 327 1863 359 αὐτὰ,

1077 373 1115 405 ὡς
1129 372 1200 408 εἶχεν
1214 374 1228 399 ὁ
1249 372 1419 404 Ἀπόστολος,
1433 372 1495 406 λέγε
1510 373 1557 399 καὶ
1571 373 1603 399 σὺ
1619 370 1664 399 τὸν
1680 371 1724 407 πγ¹
1746 373 1863 408 ψαλμόν.

1078 419 1258 454 Παυσαμένης
1268 418 1297 444 δέ
1311 427 1376 444 ποτε
1386 418 1436 453 τῆς
1446 419 1540 455 ὀργῆς,
1555 418 1602 445 καὶ
1615 420 1662 454 τῆς
1678 419 1864 454 αἰχμαλωσίας

1078 465 1214 500 λυθείσης,
1224 464 1272 491 ἐὰν
1287 464 1367 500 θέλῃς
1380 465 1585 499 εὐχαριστῆσαι,
1601 464 1671 499 ἐχεις
1681 465 1719 496 εἰς
1734 464 1764 490 τὺ
1776 464 1865 498 λέγειν

1078 511 1112 538 τὰ
1131 512 1159 537 ἐν
1175 510 1215 546 τῷ
1231 510 1272 536 πδ¹
1295 511 1343 537 καὶ
1367 513 1433 545 ρκε¹.
1449 510 1502 536 Καὶ
1527 509 1576 546 τὴν
1594 510 1643 545 μὲν
1665 509 1797 545 διαφορὰν
1814 511 1865 546 τῆς

1078 557 1225 591 καθολικῆς
1250 556 1412 591 Ἐκκλησίας
1425 556 1495 591 πρὸς
1514 555 1548 582 τὰ
1566 556 1702 591 σχίσματα
1724 556 1771 583 ἐὰν
1783 555 1864 592 θέλῃς

1077 599 1220 637 γινώσκειν
1233 621 1240 634 ,
1265 602 1313 629 καὶ
1337 602 1478 638 ἐντρέπειν
1493 602 1624 634 ἐκείνους,
1646 601 1758 628 δύνασαι
1774 601 1865 635 λέγειν

1076 649 1110 676 τὰ
1137 650 1166 676 ὲν
1190 649 1230 684 τῷ
1258 652 1306 681 πς¹
1325 648 1515 684 γεγραμμένα.
1543 647 1755 684 Παραθαρσῦναι
1779 647 1865 673 θέλων

1078 697 1189 723 σεαυτὸν
1205 696 1251 722 καὶ
1260 695 1324 727 τοὺς
1340 696 1450 731 ἐτέρους
1466 695 1506 725 είς
1523 694 1692 727 θεοσέϐειαν,
1710 694 1756 721 καὶ
1772 693 1810 725 ὠς
1824 694 1866 725 είς

1077 743 1121 770 τὸν
1141 743 1207 770 Θεὸν
1220 742 1297 774 ἐλπὶς
1316 741 1377 768 οὗτε
1395 741 1582 776 καταισχύνει,
1606 741 1675 767 ἀλλὰ
1698 741 1745 767 καὶ
1763 739 1866 775 ἄφοϐον

1077 789 1126 824 τὴν
1139 788 1227 823 ψυχὴν
1239 787 1448 819 κατασκευάζει,
1463 787 1531 814 αἴνει
1543 787 1587 814 τὸν
1603 787 1679 818 Θεὸν,
1690 786 1775 821 λέγων
1788 787 1822 813 τὰ
1835 788 1866 814 ἐν

1077 833 1117 869 τῷ
1133 836 1168 867 ίιιΙ.
1184 833 1274 860 Ψάλαι
1286 832 1373 865 θέλεις
1386 833 1425 869 τῷ
1439 832 1587 867 Σαϐϐάτῳ;
1601 831 1672 867 ἔχεις
1685 832 1730 858 τὸν
1745 834 1799 865 ιμ’.

276 878 322 905 ἓδ.
342 877 390 905 Vis
412 877 512 913 gratias
532 884 613 911 agere
631 875 773 903 Dominico
792 875 854 902 die?
875 874 957 902 habes
979 873 1025 901 25.

1112 883 1165 915 κγ’.
1183 880 1384 916 Εὑχαριστῆσαι
1408 880 1495 912 θέλεις
1521 880 1553 914 τῇ
1578 879 1719 914 Κυριακῇ;
1733 879 1805 914 ἔχεις
1818 878 1867 904 τὸν

244 922 292 950 Vis
305 924 422 950 secunda
442 922 554 949 Sabbati
570 921 704 956 psallere?
720 921 765 948 dic
779 929 840 955 quze
855 925 920 947 sunt
942 920 968 946 in
982 920 1027 948 47.

242 968 348 995 Canere
358 968 398 994 vis
411 968 437 994 in
450 967 616 994 Parasceve?
626 967 733 994 laudem
757 966 841 993 habes
854 966 879 992 in
891 966 935 992 9'2.
952 965 1029 992 Tunc

241 1014 314 1041 enim
330 1018 438 1048 peracta
449 1013 634 1045 cruciﬁxione,
650 1013 747 1040 domus
759 1012 890 1039 aediﬁcata
901 1016 953 1043 est,
967 1011 1029 1039 licet

243 1058 347 1086 inimici
370 1058 514 1092 prohibere
538 1057 690 1085 niterentur
714 1066 721 1083 :
748 1063 833 1092 quare
865 1056 1029 1091 triumphale

242 1110 353 1130 carmen
367 1102 423 1130 Deo
433 1110 532 1130 canere
548 1103 690 1134 convenit,
707 1109 739 1129 ea
757 1102 869 1133 scilicet,
888 1109 948 1136 quae
965 1106 1030 1129 tunc

241 1150 314 1176 dicta
332 1153 395 1176 sunt
418 1149 446 1175 in
469 1149 647 1184 nonagesimo
670 1147 802 1175 secundo.
820 1147 849 1174 Si
874 1147 1030 1181 captivitate

243 1194 315 1222 facta
327 1215 335 1227 ,
349 1194 442 1222 excisa
457 1193 542 1221 fuerit
564 1195 663 1221 domus
677 1214 684 1226 ,
709 1201 742 1221 ac
759 1201 868 1220 rursum
884 1193 1027 1226 aediﬁcata,

242 1246 311 1267 cane
333 1247 394 1274 quae
412 1243 477 1266 sunt
498 1239 526 1266 in
549 1239 594 1267 95.
612 1238 696 1266 Terra
721 1246 736 1265 a
759 1238 936 1265 bellatoribus
953 1239 1029 1273 quie-

242 1289 346 1316 scente,
361 1289 443 1319 atque
463 1284 572 1312 demum
590 1284 616 1311 in
632 1291 698 1319 pace
720 1283 834 1319 degente
846 1303 854 1316 ,
872 1289 899 1312 et
913 1284 1029 1311 Domino

242 1335 389 1365 regnante,
403 1330 425 1357 si
439 1337 470 1357 ea
484 1329 517 1356 de
526 1337 556 1357 re
569 1337 667 1357 canere
684 1330 769 1363 velis,
784 1330 869 1357 habes
886 1330 1029 1365 nonagesi-

243 1384 317 1403 mum
336 1380 455 1403 sextum.
471 1376 520 1403 Vis
540 1380 639 1410 quarta
657 1375 770 1403 Sabbati
793 1375 928 1410 psallere?
944 1375 1029 1403 habes

243 1421 448 1455 nonagesimum
464 1421 591 1454 tertium;
608 1425 674 1448 tunc
684 1422 757 1448 enim
769 1422 884 1455 traditus
896 1421 1029 1449 Dominus

243 1467 373 1494 ultionem
389 1466 422 1494 de
439 1472 525 1493 morte
545 1474 654 1494 sumere
672 1467 764 1502 cmpit,
786 1467 874 1502 deque
895 1475 926 1494 ea
943 1467 1030 1495 conﬁ-

242 1512 338 1539 denter
351 1512 533 1546 triumphare.
550 1512 620 1539 Cum
638 1512 719 1546 igitur
733 1513 824 1547 legens
837 1512 1026 1548 Evangelium,

1078 930 1132 960 κγ’.
1142 924 1226 962 τᾼσαι
1241 926 1327 958 Θέλεις
1342 926 1455 961 δευτέρᾳ
1472 925 1637 958 Σαϐὁὰτωνς
1653 925 1716 959 λέγε
1733 925 1767 952 τὰ
1785 926 1814 952 ἐν
1824 925 1866 961 τῷ

1081 972 1133 1008 μζ’.
1153 972 1263 998 Αἰνέσαι
1280 971 1368 1006 βούλει
1381 972 1413 1006 τῇ
1428 972 1610 1006 Παρασχευῇς
1633 970 1705 1005 ἔχεις
1724 970 1769 997 τὸν
1791 968 1866 998 αῐνον

1079 1019 1108 1045 ἐν
1124 1017 1163 1053 τῷ
1182 1017 1235 1052 ιβ’.
1251 1017 1317 1044 Τότε
1328 1017 1392 1053 γὰρ,
1404 1017 1550 1052 γενομένου
1565 1017 1611 1043 τοῦ
1623 1016 1751 1052 σταυροῦ,
1763 1018 1778 1043 ὁ
1791 1015 1867 1048 οἶκος

1078 1063 1124 1090 τοῦ
1139 1063 1206 1090 Θεοῦ
1222 1063 1395 1098 ᾠκοδομήθη,
1416 1062 1503 1089 καίτοι
1519 1062 1574 1089 τῶν
1593 1062 1698 1098 ἐχθρῶν
1723 1062 1866 1098 ἐπιχειρηο

1079 1108 1184 1135 σάντων
1199 1107 1334 1134 κωλῦσαν
1351 1107 1398 1134 καὶ
1417 1107 1461 1134 διὰ
1475 1106 1555 1134 τοῦτο
1577 1107 1709 1134 ἐπινίκιον
1730 1107 1804 1143 ᾄδειν
1826 1107 1867 1143 τῷ

1079 1153 1138 1188 Θεῷ
1166 1153 1266 1188 πρέπει
1281 1153 1342 1179 τότε
1366 1153 1399 1180 τὰ
1416 1153 1548 1188 εἰρημένα
1564 1154 1593 1179 ὲν
1614 1153 1653 1188 τῷ
1676 1153 1728 1188 ιβ’.
1757 1153 1820 1180 Ἐὰν
1836 1153 1866 1179 δὲ

1078 1199 1136 1231 καὶ,
1154 1199 1340 1234 αἰχμαλωσίας
1354 1198 1513 1233 γενομένης,
1529 1198 1676 1234 καθαιρεθῇ
1695 1200 1709 1225 ὁ
1720 1197 1804 1231 οἷκσς,
1818 1199 1867 1226 καὶ⁷

1079 1244 1160 1272 πάλιν
1173 1243 1348 1279 οίκοδομηθῇ,
1367 1241 1412 1279 ᾆδε
1427 1244 1462 1270 τὰ
1472 1245 1500 1270 ἐν
1514 1243 1554 1278 τῷ
1574 1246 1625 1277 ιε’.
1639 1244 1695 1279 Τῆς
1710 1244 1738 1270 δὲ
1750 1246 1801 1280 γῆς
1816 1253 1867 1272 κα-

1078 1291 1208 1318 τάστασιν
1223 1290 1358 1325 λαϐούσης
1373 1290 1426 1317 ἀπὸ
1439 1290 1494 1316 τῶν
1516 1290 1704 1325 πολεμούντων
1716 1310 1723 1322 ,
1743 1291 1790 1318 καὶ
1811 1291 1866 1318 λοι-

1079 1335 1306 1372 πὺνὴρεμούσης,
1320 1335 1366 1362 καὶ
1381 1335 1587 1369 βασιλεύσαντος
1609 1335 1657 1362 τοῦ
1677 1336 1791 1371 Κυρίου,
1817 1337 1866 1364 ἐὰν

1079 1381 1159 1416 θέλῃς
1173 1379 1237 1416 ᾆσαι
1261 1381 1324 1416 περὶ
1348 1381 1454 1411 τούτου,
1471 1380 1542 1414 ἔχεις
1565 1379 1610 1406 τὸν
1631 1379 1688 1413 ις’.
1713 1379 1806 1412 Θέλεις
1830 1381 1865 1416 τῇ

1078 1426 1186 1462 τετράδι
1201 1425 1247 1452 τοῦ
1260 1426 1399 1453 Σαδδάτου
1416 1422 1550 1460 canem
1571 1425 1643 1460 ἔχεις
1661 1425 1705 1452 τὸν
1723 1428 1766 1459 ιιγι
1779 1433 1785 1440 ·
1803 1426 1866 1452 τότε

1079 1472 1132 1508 γὰρ
1149 1471 1309 1506 παραδοθεὶς
1336 1472 1350 1498 ὁ
1360 1471 1461 1506 Κύριος
1477 1471 1593 1497 ἐκδικεῖν
1618 1470 1720 1506 ἤρξατο
1731 1471 1780 1506 τὴν
1794 1471 1866 1498 κατὰ

1078 1518 1126 1544 τοῦ
1142 1517 1257 1545 θανάτου
1272 1517 1359 1553 δίκην.
1370 1516 1604 1552 καὶθριαμὸεύειν
1618 1517 1698 1543 αὑτὸν
1713 1517 1865 1553 παρρησίᾳ.

241 1556 343 1584 videris
357 1545 454 1592 quarta
468 1557 579 1585 Sabbati
591 1545 737 1585 consilium
751 1545 845 1586 iniisse
858 1545 966 1586 Iudaeos
978 1559 1027 1586 ad-

1080 1564 1137 1605 "p‘c’
1151 1563 1183 1590 ἂν
1210 1561 1266 1593 οὖν,
1292 1545 1532 1596 ἀναγινώσλξωνιτὸ
1559 1563 1734 1597 Εὑαγγέλιον,
1752 1545 1817 1600 IlI-53].;

241 1610 336 1630 versus
351 1602 495 1631 Dominum
512 1612 519 1630 :
545 1612 660 1632 cernens
677 1608 741 1632 tunc
755 1604 846 1639 ipsum
860 1605 1029 1633 conﬁdenter

241 1657 322 1686 agere
333 1670 341 1683 ,
357 1655 386 1678 ut
402 1658 451 1685 pro
468 1651 547 1678 nobis
572 1651 606 1678 de
625 1651 735 1679 diabolo
758 1653 905 1680 vindictam
922 1657 1027 1686 sumat,

241 1696 329 1731 psalle
341 1697 423 1724 verba
439 1697 537 1731 psalmi
551 1697 596 1724 93.
609 1696 729 1724 Rursum
745 1698 854 1733 quando
868 1698 967 1727 videris
978 1699 1029 1727 Do-

242 1742 311 1769 mini
333 1742 361 1769 in
387 1743 479 1769 omnia
500 1743 716 1777 providentiam,
740 1747 768 1770 et
790 1743 939 1771 dominium
959 1744 1026 1779 ejus,

242 1791 324 1822 atque
345 1787 462 1815 volueris
481 1788 627 1815 nonnullos
645 1788 671 1815 in
693 1788 744 1815 {ide
760 1788 819 1823 ejus
833 1793 860 1816 et
876 1789 1028 1817 obedientia

242 1833 402 1866 instituere,
434 1833 552 1860 suadens
584 1833 639 1861 illis
668 1838 698 1860 ut
721 1833 810 1868 primo
836 1835 1027 1867 confiteantur,

242 1879 327 1914 psalle
346 1879 390 1906 99.
408 1879 441 1906 El.
457 1879 504 1906 ubi
527 1879 688 1914 coguOVeris
711 1879 771 1914 ejus
789 1879 928 1914 judicandi
952 1884 1028 1914 pote-

242 1930 339 1952 statem
349 1945 356 1958 ,
374 1925 446 1960 quod
461 1925 564 1953 scilicet
578 1925 764 1953 misericordia
776 1925 910 1960 judicium
925 1930 1029 1960 tempe-

243 1970 330 1997 rando
347 1970 449 2005 judicat
467 1969 539 1997 Deus
552 1991 559 2002 ,
575 1970 597 1997 si
619 1970 651 1997 ad
670 1978 734 1997 eum
750 1971 879 1998 accedere
895 1971 1028 2004 volueris,

243 2015 327 2043 Irabes
343 2016 376 2043 ad
390 2023 450 2043 eam
470 2023 527 2043 rem
543 2016 623 2043 verba
635 2016 732 2050 psalmi
747 2016 900 2047 centesimi.

275 2102 321 2129 24.
342 2101 410 2129 Cum
424 2101 531 2128 inﬁrma
541 2101 576 2129 sit
586 2106 684 2128 natura
700 2107 803 2134 nostra,
821 2102 843 2129 si
857 2107 970 2136 propter
984 2102 1028 2128 vi-

244 2154 278 2176 ta:
290 2148 440 2184 angustias,
454 2149 532 2182 quasi
545 2148 622 2182 inops
636 2147 724 2174 factus
741 2148 832 2174 animo
846 2148 966 2179 deﬁcias,
981 2156 1029 2174 vo-

244 2194 382 2229 lucrisque
401 2193 614 2221 consolationem
638 2193 779 2227 accipere,
795 2193 878 2220 hach
892 2193 1026 2228 psalmum

243 2240 306 2266 101.
320 2238 353 2265 Et
374 2238 503 2272 quoniam
520 2238 596 2264 decet
613 2245 661 2264 nos
677 2245 724 2271 per
739 2238 831 2264 omnia
850 2241 877 2264 et
896 2238 922 2264 in
935 2238 1027 2264 omni—

242 2284 294 2311 bus
310 2283 412 2318 gratias
424 2282 478 2310 Dco
492 2290 574 2317 agerc
585 2303 592 2315 ,
604 2290 666 2310 cum
681 2282 800 2310 volueris
816 2283 903 2316 ipsum
919 2282 1029 2310 benedi-

243 2338 322 2361 cere,
343 2329 427 2356 habes
441 2329 474 2355 ad
499 2328 622 2354 animum
648 2332 722 2354 tuum
737 2329 910 2355 excitandum
935 2329 986 2355 402
1003 2333 1029 2356 et

243 2375 305 2402 105.
317 2373 364 2402 Vis
377 2375 488 2402 laudare
496 2373 581 2401 Deum
594 2379 674 2409 atque
687 2381 767 2401 nosse
780 2375 918 2409 quomodo
936 2380 963 2402 et
975 2383 1028 2410 qua

242 2422 276 2448 de
291 2428 373 2448 causa
389 2420 542 2447 laudandus
556 2420 601 2452 sit,
615 2425 641 2446 et
658 2427 783 2454 quaenam
804 2420 957 2448 laudantem
969 2429 1030 2455 pro-

242 2467 313 2494 ferre
321 2466 432 2494 deceat?
444 2467 526 2493 habes
535 2465 568 2492 10
575 2466 596 2498 ί,
606 2470 633 2493 et
645 2465 705 2498 106,
715 2470 741 2492 et
749 2465 809 2497 154,
819 2470 846 2492 et
857 2466 917 2498 145,
928 2470 954 2493 et
965 2466 1027 2500 146,

242 2512 339 2544 ιειΗἸ.
356 2518 380 2540 et
399 2513 461 2545 148,
475 2517 501 2539 et
518 2511 575 2539 l50.
594 2511 685 2539 Habes
700 2511 791 2543 ﬁdem,
808 2511 879 2539 sicut
897 2512 1028 2540 Dominus

241 2558 320 2590 dixit,
329 2562 356 2584 et
364 2557 452 2585 credis
467 2565 498 2584 ea
515 2565 575 2591 qua:
586 2557 689 2584 orando
705 2556 845 2590 loqueris?
856 2557 899 2583 dic
913 2558 1029 2584 centesi-

242 2612 317 2632 mum
325 2604 458 2631 decimum
465 2603 600 2638 quintum.
609 2602 698 2629 Seutis
707 2606 732 2628 te
740 2602 866 2636 operibus
876 2602 929 2629 tuis
937 2610 1029 2630 ascen-

241 2651 314 2681 dere,
330 2650 366 2677 ita
379 2654 408 2676 ut
418 2650 507 2676 dicere
521 2649 609 2683 possis
624 2657 630 2675 :
645 2647 709 2680 Qua;
723 2653 792 2674 retro
804 2652 865 2674 sunt
877 2647 1026 2682 obliviscar,

241 2697 276 2723 ad
288 2703 395 2730 ca,qua:
412 2701 471 2722 ante
486 2699 565 2727 sunt,
580 2695 691 2721 extendo
708 2694 835 2728 meipsum
849 2694 909 2709 ’⁰·²¹
921 2694 932 2720 ?
945 2694 1027 2721 habes

242 2741 276 2767 ad
304 2740 447 2767 dicendum
472 2740 498 2766 in
527 2740 641 2774 singulis
666 2738 845 2774 profcctubus
869 2739 1024 2773 quindecim

243 2786 375 2820 graduum
391 2786 507 2813 cantica.

278 2832 336 2848 ²⁹·¹¹
351 2831 467 2866 Philipp.
488 2839 528 2862 ιιι.
548 2831 590 2858 13.

1078 1609 1185 1645 τετράδι
1211 1609 1259 1635 τοῦ
1284 1608 1422 1635 Σαϐϐάτου
1455 1608 1616 1643 συμὸούλιον
1644 1608 1775 1640 λαϐόντας
1801 1609 1867 1640 τοὺς

1085 1655 1226 1687 Ἰουδαίους
1240 1655 1310 1681 κατὰ
1325 1654 1372 1681 τοῦ
1389 1653 1502 1689 Κυρίου,
1520 1654 1590 1690 ὀρῶν
1613 1654 1693 1681 αὐτὸν
1713 1653 1774 1680 τότε
1795 1656 1867 1689 παρ-

1080 1701 1274 1738 ρησιαζόμενον
1299 1702 1328 1727 ἐν
1351 1702 1383 1736 τῇ
1399 1700 1470 1727 κατὰ
1486 1700 1532 1727 τοῦ
1561 1700 1684 1727 διαϐόλου
1705 1700 1776 1734 ὑπὲρ
1788 1700 1866 1736 ὑμῶν

1078 1748 1193 1784 ἐκδικίᾳ,
1219 1747 1303 1782 eme
1326 1746 1360 1773 τὰ
1374 1748 1402 1772 ἐν
1417 1746 1491 1781 αὐτῷ
1507 1745 1545 1781 τῷ
1575 1748 1627 1780 ιιγ¹.
1655 1746 1739 1773 Πάλιν
1757 1744 1867 1781 βλέπων

1078 1793 1126 1829 τὴν
1137 1795 1175 1825 εἰς
1188 1793 1276 1820 πάντα
1292 1793 1419 1828 πρόνοιαν
1436 1793 1482 1820 τοῦ
1504 1791 1606 1828 Κυρίου
1630 1791 1678 1818 καὶ
1693 1791 1744 1826 τὴν
1774 1792 1867 1827 κυριό-

1077 1849 1146 1875 τητα
1159 1839 1251 1872 αὑτοῦ,
1269 1839 1315 1866 καὶ
1328 1839 1411 1866 θέλων
1428 1837 1582 1875 κατηχῆσὰί
1595 1846 1671 1869 τινας
1694 1838 1733 1868 εἰς
1750 1838 1799 1872 τὴν
1819 1838 1868 1864 αύ-

1077 1885 1124 1912 τοῦ
1137 1885 1227 1911 πίστιν
1240 1884 1286 1910 καὶ
1303 1884 1436 1919 ὑπακοὴν,
1455 1884 1556 1910 πείθων
1572 1883 1671 1914 αὐτοὺς
1683 1882 1791 1918 πρῶτον
1821 1883 1865 1915 EE-

1077 1929 1277 1966 ομολογεῖσθαι,
1295 1929 1380 1964 ψάλλε
1398 1929 1444 1956 τὸν
1461 1929 1513 1962 LLB’.
1529 1929 1585 1955 Kal.
1599 1928 1656 1961 ἐὰν,
1675 1928 1767 1965 μαθὼν
1784 1928 1868 1956 αὑτοῦ

1077 1976 1126 2012 τὴν
1141 1976 1266 2011 κριτικὴν
1279 1975 1404 2010 δύναμιν,
1418 1975 1514 2002 καὶότι
1530 1974 1598 2009 ἐλέῳ
1611 1974 1660 2010 τὴν
1674 1975 1764 2010 κρίσιν
1781 1975 1868 2010 κερά-

1078 2029 1127 2052 σας
1140 2020 1227 2055 κρίνει
1241 2020 1255 2046 ὁ
1269 2019 1380 2056 Κύριος,
1394 2019 1509 2055 θελήσῃς
1523 2019 1596 2054 αὐτῷ
1608 2018 1781 2055 προσελθεῖν)
1794 2019 1867 2055 ἔχεις

1076 2066 1117 2096 εἰς
1135 2064 1213 2090 τοῦτο
1228 2064 1324 2098 λόγους
1341 2065 1404 2096 τοὺς
1417 2065 1446 2091 ἐν
1463 2064 1501 2099 τῷ
1519 2065 1550 2100 ρ’.

1112 2110 1161 2136 κδ’.
1182 2108 1323 2141 Ἀσθενοῦς
1342 2110 1369 2136 δὲ
1396 2110 1475 2145 ἡμῶν
1497 2111 1545 2146 τῆς
1572 2108 1679 2145 φύσεως
1699 2108 1800 2144 οὔσης,
1818 2109 1867 2136 ἐὰν

1077 2156 1120 2182 διὰ
1137 2155 1186 2187 τὰς
1203 2155 1316 2191 συνοχὰς
1335 2155 1382 2181 τοῦ
1399 2155 1457 2190 βίου
1474 2155 1511 2187 ὼς
1524 2156 1631 2190 πτωχὸς
1646 2155 1789 2190 γενόμενος
1802 2156 1868 2190 ἀκη-

1043 2216 1066 2244 D
1079 2201 1174 2238 διάσῃς
1186 2201 1262 2231 ποτὲ,
1280 2202 1326 2227 καὶ
1338 2201 1418 2237 θέλῃς
1434 2200 1654 2237 παρακληθῆναι,
1672 2201 1742 2236 ἔχεις
1761 2200 1807 2226 τὸν
1825 2203 1867 2236 ρα¹

1080 2246 1194 2282 ψαλμὸν.
1209 2246 1263 2272 Καὶ
1278 2245 1371 2281 ἐπειδὴ
1387 2245 1486 2281 πρέπει
1501 2245 1544 2272 διὰ
1558 2245 1666 2272 πάντων
1678 2245 1724 2271 καὶ
1736 2246 1765 2271 ὲν
1783 2245 1868 2271 πᾶσιν

1081 2291 1249 2326 εὐχαριστεῖν
1263 2291 1337 2326 ἡμᾶς
1352 2290 1390 2325 τῷ
1400 2290 1468 2325 Θεῷ,
1478 2290 1521 2316 ὅτε
1538 2290 1624 2321 θέλεις
1639 2290 1758 2324 εὐλογεῖν
1773 2290 1867 2320 αὑτὸν,

1080 2336 1150 2371 ἔχεις
1163 2337 1201 2368 εἰς
1215 2336 1294 2362 τοῦτο
1308 2335 1508 2371 προτρέπεσθαι
1523 2335 1621 2361 σαυτοῦ
1638 2335 1686 2370 τὴν
1702 2334 1801 2370 ψυχὴν,
1819 2335 1869 2361 καὶ

1079 2381 1167 2414 λέγειν
1180 2381 1226 2407 τὸν
1241 2381 1280 2416 ρβ¹
1305 2380 1351 2407 καὶ
1367 2379 1417 2416 ργ’.
1433 2381 1522 2406 Αἰνείν
1541 2379 1628 2411 θέλεις
1647 2379 1691 2405 τὸν
1708 2379 1774 2405 Θεὸν
1786 2399 1792 2411 ,
1818 2381 1870 2406 καὶ

1080 2427 1178 2453 ειδέναι
1192 2427 1250 2457 πῶς
1261 2426 1308 2452 καὶ
1322 2426 1368 2452 ἐπὶ¹
1381 2426 1433 2452 τίνι
1453 2425 1494 2451 δεῖ
1505 2425 1599 2457 αίνεῖν,
1613 2425 1660 2451 καὶ
1678 2424 1753 2456 τίνας
1764 2425 1870 2460 πρέπει

1079 2471 1168 2505 λέγειν
1182 2471 1226 2497 τὸν
1242 2469 1331 2502 αἱνον;
1346 2470 1417 2506 ἔχεις
1430 2470 1474 2497 τὸν
1490 2470 1536 2504 ρδ¹,
1549 2470 1596 2496 καὶ
1608 2470 1654 2496 τὸν
1666 2472 1720 2505 pg",
1736 2471 1783 2496 καὶ
1802 2470 1868 2506 ρλδ’,

1079 2518 1126 2544 καὶ
1145 2521 1212 2552 ρμε¹,
1235 2516 1335 2543 καὶτὸν
1354 2519 1430 2552 ρμς’,
1448 2515 1496 2541 καὶ
1510 2515 1555 2542 τὸν
1570 2513 1641 2550 ρμξ,
1661 2515 1708 2540 καὶ
1727 2515 1772 2541 τὸν
1790 2519 1867 2551 ρμη’,

1079 2562 1125 2588 καὶ
1141 2562 1185 2588 τὸν
1200 2560 1248 2597 ρν’.
1265 2561 1357 2596 Ἔχεις
1380 2561 1480 2592 πίστιν,
1506 2560 1543 2591 ὡς
1561 2557 1637 2587 εἶπεν
1651 2560 1665 2586 6
1681 2559 1792 2596 Κύριος,
1818 2563 1868 2587 καὶ

1079 2607 1216 2638 πιστεύεις
1229 2604 1269 2638 οἷς
1285 2607 1430 2641 εὐχόμενος
1443 2605 1550 2638 λαλεῖς;
1564 2605 1626 2640 λέγε
1640 2605 1685 2632 τὸν
1701 2609 1760 2641 ριε’.
1785 2606 1870 2634 Ἀλλὰ

1078 2652 1255 2679 ἀναϐαίνοντα
1277 2652 1373 2678 σαυτὸν
1389 2652 1471 2687 αἴσθῃ
1487 2653 1547 2683 ταῖς
1565 2651 1697 2687 πράξεσιν
1709 2671 1716 2683 ,
1731 2651 1800 2678 ὥστε
1819 2651 1866 2679 λέ-

1078 2707 1136 2733 γειν
1149 2706 1156 2713 ’
1176 2698 1213 2725 Τὰ
1224 2698 1282 2732 μὲν
1294 2698 1389 2724 ὀπίσω
1403 2697 1655 2732 ἐπιλανθάνομαι,
1677 2698 1739 2730 τοῖς
1759 2694 1794 2725 δὲ
1813 2698 1866 2734 ἑμ-

1078 2745 1210 2778 προσθεν
1226 2743 1447 2777 ὲπεκτείνομαι;
1465 2742 1535 2778 ἔχεις
1549 2742 1610 2769 καθ’
1622 2743 1740 2778 ἑκάστην
1763 2752 1865 2779 προκο-

1100 2790 1131 2825 ὴν
1145 2790 1183 2821 είς
1194 2789 1223 2816 τδ
1233 2788 1323 2824 λέγειν
1335 2788 1384 2820 τὰς
1402 2792 1431 2815 ιε’
1442 2789 1496 2816 τῶν
1509 2789 1672 2824 ἀναϐαθμῶν
