1938 3053
253 140 289 169 $9
678 141 708 169 S.
729 140 912 169 ATHANASH
931 141 1007 170 OPP.
1031 141 1120 169 PARS
1139 140 1181 168 Ill.
1207 156 1237 161 —
1257 141 1466 169 EXEGETICA.
1844 143 1882 169 ιο

255 208 309 228 nott
335 206 509 235 campreste,
534 200 583 228 sed
612 200 640 228 in
676 201 821 229 latitudine
847 202 924 230 vocis
953 201 1038 230 Deum

1099 203 1170 230 ίατά
1183 201 1328 237 συνέχειαν
1345 202 1395 238 μὲν
1407 199 1454 228 οὖν
1467 201 1585 237 εἴρηται,
1600 197 1646 228 οἷά
1659 201 1718 227 ἐστι
1730 199 1765 225 τὰ
1780 199 1830 226 τοῦ
1842 200 1885 226 νὸ-

255 247 364 282 hymnis
382 246 528 274 celebrare.
552 245 687 274 Coutinua
713 247 795 282 igitur
806 248 930 276 oratione
942 248 1041 276 dicun-

256 297 301 319 tur
329 291 397 327 legis
418 296 445 319 et
465 291 658 326 prophetarum
673 293 765 324 verba,
783 300 891 320 necnon
920 294 1043 321 historiae

256 345 362 369 omnes,
380 345 442 364 cum
458 336 533 364 Novo
545 336 739 371 Testamento;
763 337 852 366 fusius
869 343 959 366 autem
976 339 1041 366 effe-

257 387 354 410 runtur
377 382 554 417 psalmorum.
569 382 682 409 odarum
702 387 730 410 et
753 384 923 410 canticorum
938 384 1038 416 verba;

257 433 338 463 atque
353 428 389 454 ita
407 433 530 455 servatur
545 428 621 460 illud,
635 433 664 455 ut
681 427 805 456 homines
820 429 886 456 totis
900 429 1004 457 viribus
1015 433 1043 457 et

257 479 313 501 tota
326 474 424 502 virtute
436 473 520 502 Deum
529 474 651 509 diligant.
666 474 802 507 Secundo,
813 475 1042 510 quemadmodum

258 519 412 552 harmonia,
425 519 507 546 tibias
517 523 579 554 apte
590 526 769 559 componeps,
779 527 863 546 unum
880 524 1043 547 concentum

258 565 348 598 edicit,
364 566 401 593 ita
411 573 472 593 cum
489 565 515 592 in
528 565 616 592 anima
626 565 693 592 varii
709 565 762 593 sint
772 569 861 593 motus
874 566 992 601 insitque
1003 565 1044 594 vis

258 611 411 646 cogitandi,
440 611 663 646 concupiscendi,
691 611 844 644 irascendi,
868 619 902 639 ex
925 620 1043 647 quarum

259 658 377 685 motione
403 657 588 684 membrorum
615 657 739 692 corporis
766 657 887 692 operatio
911 658 1042 690 exoritur,

259 703 329 731 ratio
343 703 461 738 postulat
481 703 619 730 hominem
640 710 733 730 secum
751 711 805 730 non
819 703 974 735 dissentire,
995 711 1044 732 nec

260 757 275 776 a
293 749 439 783 semetipso
462 748 593 776 dissidere
617 757 624 775 :
642 748 679 776 ita
699 752 729 775 ut
752 748 854 783 optima
869 749 977 784 quidem
995 757 1044 777 co-

260 792 335 826 gitet,
349 791 469 826 pessima
483 798 548 818 vero
561 790 653 824 faciat,
670 795 700 818 ut
713 790 829 824 Pilatus,
843 792 889 826 qui
900 792 968 819 dixit
980 792 1044 827 qui-

259 837 320 863 dem
338 846 345 863 :
363 835 476 863 Nullam
497 844 606 863 causam
629 839 722 863 mortis
748 837 850 864 inuenio
878 837 905 864 in
932 837 979 864 illo
1005 838 1043 871 ";

1094 258 1144 284 μου
1160 249 1208 276 καὶ
1221 249 1276 276 τῶν
1289 248 1449 284 προφητῶν,
1463 247 1509 274 καὶ
1523 247 1558 274 τὰ
1583 246 1762 282 ἱστορούμενα
1781 246 1884 279 πάντα,

1094 293 1165 328 μετά
1179 293 1229 328 τῆς
1243 293 1350 328 Καινῆς
1378 292 1518 327 Διαθήκης
1528 299 1534 306 ·
1551 291 1623 318 κατὰ
1644 289 1744 322 πλάτος
1760 290 1790 317 δὲ
1806 290 1886 324 λέγε-

1093 347 1149 371 ται,
1164 335 1208 366 οἵά
1216 340 1274 365 ἐστι
1286 337 1321 365 τὰ
1332 337 1386 365 τῶν
1399 337 1514 373 ψαλμῶν
1533 336 1580 363 καὶ
1598 336 1674 372 ᾠδῶν
1687 336 1736 362 καὶ
1751 335 1885 371 ᾀσμάτων

1094 386 1126 420 ρή
1132 393 1219 420 ματα*
1233 385 1280 412 καὶ
1293 384 1378 416 οὕτως
1391 384 1446 419 γὰρ
1464 383 1653 418 σωθήσεταιτδ
1667 381 1697 415 si
1712 382 1776 417 ὅλης
1791 381 1884 417 ἰσχύος

1093 431 1293 467 καὶδυνάμεως
1319 431 1431 466 ἀγαπᾷν
1452 429 1498 457 τὸν
1525 429 1592 457 Θεὸν
1618 430 1682 461 τοὺς
1708 428 1881 465 ἀνθρώπους.

1092 477 1222 513 Δεύτερον
1237 477 1277 510 δὲ,
1295 477 1346 508 ὃτι,
1363 477 1458 512 ὥσπερ
1472 475 1589 512 ἁρμονία
1601 476 1664 507 τοὺς
1676 474 1774 507 αὐλοὺς
1789 481 1883 501 συντι-

1093 523 1171 550 θεῖσα
1193 522 1257 557 μίαν
1277 521 1327 558 τὴν
1342 521 1500 557 συμφωνίαν
1516 520 1652 551 ἀποτελεῖ,
1676 520 1774 551 οὕτως,
1789 519 1884 555 ἔπειδὴ

1093 568 1140 595 καὶ
1155 569 1184 594 ὲν
1196 569 1230 603 τῇ
1237 567 1310 603 ψυχῇ
1321 567 1436 602 διάφορα
1447 566 1586 601 κινήματα
1598 565 1735 600 φαίνεται,
1749 565 1796 591 καὶ
1808 564 1884 590 ἔστιν

1093 614 1123 640 ἐν
1139 613 1207 649 αὐτῇ
1224 613 1255 639 τὺ
1269 612 1434 647 λογίζεσθαι,
1451 612 1497 639 καὶ
1510 611 1540 638 τὸ
1552 611 1706 647 ἐπιθυμεῖν,
1727 611 1775 638 καὶ
1788 610 1820 637 τὺ
1836 609 1884 636 θυ-

1095 658 1210 694 μοειδὲς,
1224 658 1257 685 ὲκ
1266 658 1295 685 δὲ
1307 658 1355 693 τῆς
1368 657 1469 685 τούτων
1482 657 1614 693 κινήσεως
1628 656 1675 683 καὶ
1687 658 1704 692 ἡ
1720 656 1773 683 τῶν
1793 655 1884 691 μελῶν

1093 703 1197 738 γίνεται
1209 703 1256 730 τοῦ
1275 702 1399 738 σώματος
1414 703 1550 739 ἐνέργεια,
1568 702 1693 738 βούλεται
1709 703 1724 729 ὁ
1735 702 1814 736 λόγος
1845 702 1884 737 μὴ

1094 749 1256 785 ἀσύμφωνον
1270 746 1395 777 εἶναιτὺν
1417 749 1559 784 ἄνθρωπον
1574 748 1675 784 ἑαυτῷ,
1694 748 1761 784 μηδὲ
1781 748 1885 775 διίστα-

1096 795 1156 822 σθαι
1173 794 1242 830 πρὸς
1259 794 1370 822 ἑαυτόν·
1388 793 1458 821 ὥστε
1469 794 1622 829 λογίζεσθαι
1639 794 1688 830 μὲν
1700 793 1734 820 τά
1745 793 1883 828 βέλτιστα,

1095 840 1225 876 πράττειν
1238 840 1267 867 δὲ
1281 839 1320 875 τῷ
1331 839 1410 875 θυμῷ
1420 839 1454 866 τὰ
1470 839 1569 874 φαῦλα,
1585 839 1622 871 ὡς
1640 841 1654 866 ὁ
1667 839 1782 870 Πιλᾶτος
1795 839 1884 873 λέγων

260 887 379 910 attamen
401 889 462 909 cum
486 881 640 910 Iudaeorum
665 883 799 910 sententia
827 883 976 911 convenit:
999 887 1045 910 aut

1099 886 1147 921 μέν
1157 894 1163 902 ·
1180 885 1328 920 οὐδεμίαν
1340 885 1440 914 αὶτίαν
1450 885 1580 920 εὑρίσκω
1589 886 1632 918 εὶς
1646 885 1754 912 αὐτόν·
1772 884 1886 920 συντρέ-

261 936 343 964 prava
366 928 551 963 concupiscat,
577 936 631 955 non
650 929 737 963 possit
757 933 847 956 autem
874 934 1044 964 perpetrare,

261 979 290 1001 ut
303 981 380 1002 senes
398 974 425 1001 in
443 973 596 1001 Susannam
610 983 617 1001 :
633 979 681 1001 aut
702 982 811 1002 rursum
830 982 844 1001 a
866 974 1046 1003 fornicatione

261 1020 398 1047 abstineat
424 1019 546 1055 quidem,
573 1020 622 1047 sed
646 1019 766 1053 furetur;
792 1024 840 1047 aut
860 1027 914 1048 non
941 1020 1047 1048 furetur

260 1066 383 1100 quidem,
407 1066 455 1094 sed
471 1065 591 1100 occidat;
613 1070 660 1094 aut
684 1073 739 1094 non
764 1066 880 1101 occidat,
906 1067 954 1094 scd
974 1067 1046 1095 blas-

262 1112 379 1146 phemet.

297 1157 341 1185 28.
364 1157 403 1185 Ne
426 1158 518 1193 itaque
536 1159 629 1194 aliqua
651 1159 808 1194 hujusmodi
833 1159 1004 1194 perturbatio
1019 1159 1046 1187 in

263 1203 341 1231 nouis
358 1203 404 1237 sit,
429 1204 499 1231 ratio
523 1203 652 1238 postulat,
679 1209 709 1231 ut
732 1205 833 1238 anima,
860 1213 931 1239 quae,
956 1209 987 1232 ut
1010 1205 1048 1232 ait

263 1248 408 1283 Apostolus
425 1249 465 1282 “,
486 1248 589 1276 Christi
607 1254 726 1277 mentem
749 1250 840 1282 habet,
860 1258 891 1278 ea
906 1251 975 1278 duce
988 1255 1047 1278 uta-

264 1298 317 1323 tur,
345 1297 426 1328 atque
449 1300 496 1328 per
523 1293 596 1320 illam
620 1294 704 1321 animi
727 1293 840 1322 affectus
862 1295 997 1328 cohibeat,
1021 1300 1049 1324 et

263 1339 386 1373 corporis
403 1338 532 1366 membris
546 1339 677 1374 imperet,
697 1347 752 1374 quo
775 1340 878 1367 rationi
897 1340 1048 1375 obsequan-

265 1390 324 1417 tur;
342 1385 456 1412 utsicut
475 1385 502 1412 in
520 1385 665 1413 harmonia
681 1385 823 1420 plectrum,
839 1387 877 1414 ita
891 1387 949 1421 ipse
966 1388 1048 1415 homo

264 1431 342 1465 quasi
358 1430 514 1466 psalterium
529 1430 651 1464 eﬂ'ectus,
669 1435 696 1459 et
713 1433 821 1468 spiritui
836 1433 948 1460 omnino
960 1433 1048 1460 inten-

264 1481 319 1508 tus,
342 1476 469 1504 omnibus
494 1476 625 1504 membris
654 1477 830 1513 motibusque
857 1478 916 1506 suis
940 1478 1049 1506 ohediat

264 1521 447 1556 inserviatque
468 1520 516 1549 Dei
540 1522 686 1549 voluntati.
707 1521 864 1550 istiusmodi
885 1527 976 1550 autem
997 1523 1048 1550 im-

264 1555 412 1602 pcrturbati
431 1571 458 1594 et
469 1567 555 1595 sedati
568 1567 653 1595 animi
669 1568 760 1603 imago
776 1573 910 1604 typusque
927 1573 969 1596 est
985 1569 1048 1596 har-
1061 1555 1084 1586 (ἶ

264 1612 372 1639 manica
396 1612 442 1639 illa
476 1611 647 1640 Psalmorutn
687 1612 777 1640 lectio.
814 1612 1048 1646 Quemadmodum

264 1658 336 1684 enim
359 1658 458 1691 verbis,
487 1665 548 1692 quae
570 1657 745 1692 proferimus,
771 1657 856 1685 animi
872 1658 1049 1693 cogitationes

264 1703 406 1739 prodimus
420 1696 502 1738 atque
514 1703 665 1731 indicamus
679 1711 686 1730 ι
705 1703 745 1731 sic
760 1711 823 1731 cum
839 1703 1006 1738 spiritualem
1021 1704 1049 1732 in

264 1750 355 1776 anima
377 1749 549 1776 harmoniam
563 1768 571 1781 ,
585 1749 729 1776 verborum
752 1749 946 1783 modulatione,
970 1750 1049 1785 quasi

266 1795 389 1831 symbolo
413 1794 561 1829 significari
586 1794 652 1821 velit
667 1794 810 1828 Dominus,
834 1795 916 1829 jussit
944 1800 974 1823 ut
987 1803 1049 1823 cum

266 1842 451 1869 modulatione
472 1841 645 1876 psalleretur,
668 1845 749 1876 atque
773 1841 871 1876 psalmi
892 1849 954 1869 cum
968 1846 1050 1870 cantu

265 1888 456 1915 recitarentur.
481 1887 515 1915 Et
542 1888 608 1915 illud
631 1892 673 1915 est
697 1888 795 1915 animae
819 1887 996 1920 desiderium,
1020 1892 1051 1915 ut

266 1940 338 1961 recte
355 1933 450 1961 aﬁecta
473 1938 501 1961 et
521 1933 673 1969 composita
688 1933 734 1965 sit,
752 1938 781 1960 ut
802 1934 931 1968 scriptum
949 1938 991 1961 est
1006 1932 1049 1960 ’δι

266 1978 385 2006 Ltetatur
399 1979 459 2015 quis
478 1979 506 2005 in
526 1978 597 2006 vobis
609 1980 622 2007 ?
643 1979 754 2014 psallat.
779 1978 836 2006 Hoc
850 1979 930 2006 modo
945 1979 969 2006 si
985 1978 1050 2014 quid

267 2025 294 2051 in
307 2032 338 2051 ea
367 2024 562 2058 turbulentum,
582 2031 708 2059 asperum
726 2029 753 2051 et
772 2023 982 2059 incompositum
999 2030 1050 2057 cst,

267 2069 419 2104 psalmodia
445 2070 614 2104 tnitigatur_:
643 2070 749 2097 tristitia
771 2078 836 2098 vero
856 2070 961 2098 levatur
976 2071 1051 2105 psal-

267 2115 385 2142 leutibus
398 2114 476 2141 nobis
489 2123 495 2141 :
507 2115 595 2146 Quare
607 2115 690 2141 tristis
701 2123 738 2148 es,
755 2116 845 2141 anima
858 2123 925 2147 mea,
938 2119 962 2142 et
972 2122 1052 2149 quare

268 2158 409 2187 conturbas
419 2167 458 2186 me
472 2159 519 2185 ἰτ
540 2159 666 2186 Errorem
687 2166 750 2186 vero
765 2167 845 2186 suum
861 2164 990 2194 agnoscet
1009 2158 1051 2185 di-

267 2205 373 2232 cendo:
393 2205 446 2232 Mei
465 2209 553 2232 autem
567 2213 631 2240 pene
643 2205 708 2231 moti
728 2209 788 2231 runt
806 2205 883 2239 pedes
904 2204 937 2232 ".
952 2203 1050 2232 Melum

268 2255 358 2278 autem
373 2258 420 2286 spe
439 2251 611 2278 confirmabit
633 2251 748 2278 dicens:
770 2250 898 2279 Domina:
918 2251 983 2278 mihi
1000 2251 1049 2278 ad-

268 2296 348 2328 iutor,
365 2301 390 2322 et
402 2304 456 2323 non
474 2296 568 2323 timebo
579 2296 641 2332 quid
652 2295 734 2331 faciat
748 2296 812 2323 mihi
825 2296 901 2323 ltonto
915 2296 948 2324 ".

303 2439 349 2467 29.
377 2439 429 2473 Qui
444 2439 525 2474 igitur
541 2439 593 2466 hoc
605 2438 687 2466 modo
702 2438 794 2466 divina
808 2439 913 2467 cantica
935 2446 990 2467 non
1012 2440 1052 2468 le-

270 2489 345 2520 gunt,
366 2492 420 2512 nou
444 2486 589 2520 prudenter
609 2484 739 2519 psallunt,
762 2485 809 2512 sed
827 2493 888 2512 sese
904 2485 1049 2521 obiectant,

269 2531 395 2566 culpandi
420 2539 497 2562 sane,
524 2531 587 2566 quia
605 2530 666 2558 Non
685 2535 722 2558 est
740 2531 856 2565 speciosa
882 2534 941 2559 laus
964 2534 992 2560 in
1008 2542 1051 2562 ore

268 2577 413 2612 peccatoris
435 2577 468 2604 “.
493 2576 544 2609 Qui
560 2581 650 2604 autem
669 2577 796 2612 praedicto
826 2578 907 2605 modo
922 2579 1050 2613 psallunt,

269 2625 306 2652 ita
328 2628 356 2651 ut
368 2623 514 2651 verborum
534 2623 684 2650 modulatio
711 2631 744 2650 ex
763 2623 860 2651 animae
886 2626 1005 2654 numeris
1025 2632 1052 2655 et

269 2679 302 2698 ex
317 2671 495 2698 causonantia
516 2677 578 2697 cum
595 2670 692 2704 spiritu
715 2670 880 2704 proferatur,
907 2672 935 2699 hi
960 2673 1051 2709 lingua

269 2716 379 2751 quidem
402 2715 531 2750 psallunt,
554 2715 700 2750 psallentes
720 2719 810 2743 autem
825 2720 852 2744 et
874 2723 974 2750 mente,
995 2728 1050 2749 non

1095 931 1189 967 χωνδὲ
1202 932 1235 967 τῇ
1252 931 1349 968 γνώμῃ
1369 931 1423 959 τῶν
1444 931 1579 958 Ἰουδαίων
1592 939 1599 945 ·
1624 931 1641 965 ἢ
1669 929 1814 966 ἐπιθυμεῖν
1834 931 1884 965 μὲν

1094 976 1130 1004 τὰ
1143 976 1242 1011 φαῦλα,
1273 976 1311 1012 μὴ
1336 975 1467 1003 δύνασθαι
1488 976 1517 1003 δὲ
1538 976 1686 1012 πράττειν,
1710 975 1748 1008 ὡς
1767 975 1792 1001 οἱ
1813 975 1885 1002 κατὰ

1095 1022 1248 1058 Σουσάννης
1274 1022 1469 1058 πρεσϐύτεροι·
1481 1023 1498 1058 ἢ
1515 1021 1596 1049 πάλιν
1611 1021 1648 1057 μὴ
1665 1020 1800 1056 μοιχεύειν
1823 1022 1883 1056 μὲν,

1095 1068 1222 1095 κλέπτειν
1240 1068 1285 1095 δέ·
1300 1068 1317 1103 ἢ
1331 1067 1368 1104 μὴ
1383 1068 1510 1095 κλέπτειν
1531 1068 1590 1103 μὲν,
1607 1067 1730 1102 φονεύειν
1749 1067 1795 1094 δέ·
1811 1066 1829 1102 ἦ
1846 1067 1885 1102 μή

1097 1113 1219 1150 φονεύειν
1231 1114 1291 1150 μὶν,
1304 1113 1474 1150 βλασφημεῖν
1487 1113 1525 1140 δέ.

1131 1163 1184 1196 κη’.
1196 1160 1244 1187 ’lv‘
1256 1157 1302 1188 οὖν
1319 1159 1357 1195 μὴ
1367 1159 1479 1195 τοιαύτη
1499 1168 1540 1191 τις
1555 1159 1586 1186 ὲν
1604 1160 1670 1194 ἡμῖν
1685 1158 1791 1194 ταραχὴ
1809 1159 1887 1194 γίνη⁴

1096 1215 1151 1239 ται,
1167 1206 1237 1233 θέλει
1253 1207 1303 1242 τὴν
1314 1205 1403 1242 ψυχὴν
1414 1207 1429 1232 ό
1441 1205 1519 1240 λόγος
1535 1205 1650 1242 ἔχουσαν
1674 1205 1792 1241 Χριστοῦ
1809 1205 1885 1237 νοῦν,

1096 1253 1134 1284 ὼς
1144 1250 1219 1280 εἶπεν
1235 1254 1249 1280 ὁ
1271 1252 1439 1286 Ἀπόστολος,
1447 1252 1534 1287 τούτῳ
1546 1251 1711 1287 καθηγεμόνι
1722 1251 1886 1287 χρήσασθαι,

1098 1299 1146 1326 καὶ
1159 1299 1188 1325 ὲν
1203 1298 1290 1334 τούτῳ
1314 1298 1367 1326 τῶν
1380 1298 1429 1334 μὲν
1444 1299 1473 1324 ὲν
1488 1298 1556 1333 αὐτῇ
1583 1297 1741 1333 παθητικῶν
1763 1298 1887 1333 κρατεῖν,

1097 1344 1151 1371 τῶν
1163 1344 1192 1372 δὲ
1207 1344 1252 1371 τοῦ
1266 1343 1390 1379 σώματος
1406 1344 1493 1379 μελῶν
1507 1343 1612 1379 ἄρχειν,
1624 1344 1664 1375 εἰς
1688 1343 1718 1370 τὸ
1738 1342 1888 1370 ὑπακούειν

1096 1390 1136 1426 τῷ
1146 1390 1226 1425 λόγῳ·
1245 1390 1298 1423 ἵνα,
1313 1390 1351 1422 ὡς
1365 1391 1393 1417 ὲν
1404 1389 1521 1426 ἁρμονίᾳ
1533 1389 1564 1416 τὸ
1575 1389 1721 1425 πλῆκτρον,
1736 1389 1824 1420 οὕτως
1839 1390 1889 1416 αὺο

1097 1435 1143 1467 τὸς
1161 1435 1175 1461 ό
1190 1434 1332 1470 ἄνθρωπος
1343 1434 1491 1470 ψαλτήριον
1506 1434 1659 1470 γενόμενος,
1688 1435 1735 1461 καὶ
1752 1433 1790 1469 τῷ
1806 1434 1888 1460 πνεύ-

1100 1490 1165 1517 ματι
1187 1481 1327 1517 προσέχων
1350 1481 1514 1517 ὁλοκλήρως,
1543 1481 1590 1508 καὶ
1618 1482 1685 1508 πᾶσι
1715 1482 1770 1512 τοῖς
1794 1481 1888 1516 μέλεσι

1099 1529 1147 1555 καὶ
1164 1529 1220 1560 τοῖς
1236 1529 1383 1563 κινήμασιν
1402 1528 1538 1564 ὑπακούῃ,
1552 1527 1599 1554 καὶ
1615 1527 1727 1564 δουλεύῃ
1740 1526 1780 1562 τῷ
1791 1527 1889 1563 βουλή-

1101 1583 1164 1610 ματι
1187 1573 1234 1601 τοῦ
1246 1573 1324 1600 Θεοῦ.
1337 1573 1393 1608 Τῆς
1403 1573 1431 1600 δὲ
1445 1573 1572 1608 τοιαύτης
1594 1573 1646 1600 τῶν
1673 1573 1810 1608 λογισμῶν
1823 1575 1889 1600 ἀτα-

1101 1619 1195 1656 ραξίας
1207 1619 1253 1646 καὶ
1262 1618 1397 1654 ἀκύμονος
1410 1619 1602 1651 καταστάσεως
1619 1618 1710 1646 ἐἰκὼν
1730 1619 1777 1646 καὶ
1801 1619 1889 1650 τύπος

1099 1665 1200 1700 ἐστὶνὴ
1213 1664 1267 1692 τῶν
1291 1664 1414 1700 Ψαλμῶν
1442 1664 1564 1700 ἐμμελὴς
1589 1664 1752 1698 ἀνάγνωσις.
1783 1664 1889 1699 Ὠσπερ

1099 1711 1154 1747 γάρ
1169 1711 1203 1738 τὰ
1217 1711 1266 1746 τῆς
1279 1710 1369 1746 ψυχῆς
1383 1711 1506 1746 νοήματα
1521 1710 1690 1746 γνωρίζομεν
1700 1710 1747 1736 καὶ
1758 1709 1890 1745 σημαίνο-

1101 1765 1150 1792 μεν
1166 1756 1200 1783 δι’
1211 1753 1248 1784 ὧν
1265 1756 1438 1792 προφέρομεν
1459 1756 1556 1791 λόγων,
1579 1755 1675 1787 οὓτως,
1691 1755 1741 1791 τῆς
1765 1763 1889 1790 πνευμα-

1099 1803 1176 1838 τικῆς
1188 1803 1217 1829 ὲν
1226 1802 1298 1837 ψυχῇ
1312 1802 1445 1838 ἁρμονίας
1460 1801 1509 1837 τὴν
1519 1803 1552 1829 ὲκ
1564 1801 1618 1828 τῶν
1640 1801 1726 1836 λόγων
1755 1800 1890 1836 μελῳδίαν

1100 1848 1233 1884 ώμὸολον
1244 1846 1312 1875 εἶναι
1327 1847 1411 1875 θέλων
1421 1849 1436 1874 ὁ
1448 1848 1562 1884 Κύριος,
1587 1847 1742 1874 τετύπωκεν
1762 1846 1892 1881 ἐμμελῶς

1099 1893 1147 1924 τὰς
1160 1894 1231 1930 ᾠδὰς
1251 1893 1410 1928 ψάλλεσθαι,
1436 1894 1484 1920 καὶ
1508 1894 1573 1926 τοὺς
1594 1893 1718 1928 ψαλμοὺς
1746 1893 1803 1928 μετ’
1817 1892 1892 1927 ᾠδῆς

1099 1939 1343 1973 ἀναγινώσκεσθαι.
1374 1940 1429 1966 Καὶ
1453 1939 1525 1966 τοῦτ’
1551 1939 1625 1966 ἐστιν
1650 1940 1667 1974 ή
1686 1937 1819 1973 ἐπιθυμία
1831 1938 1891 1973 (l0)

1099 1985 1150 2021 τῆς
1159 1985 1258 2020 ψυχῆς,
1271 1984 1302 2011 τδ
1316 1984 1406 2017 καλῶς
1434 1984 1519 2020 αὐτὴν
1550 1985 1712 2017 διακεῖσθαι,
1733 1984 1771 2016 ὡς
1787 1984 1893 2020 γέγρα-

1101 2039 1177 2057 πται·
1189 2030 1320 2065 Εὐθυμεῖ
1331 2039 1376 2064 τις
1392 2031 1427 2058 ὲν
1452 2031 1524 2065 ὑμῖν
1533 2039 1543 2063 ;
1570 2030 1723 2065 ψαλλέτω.
1738 2029 1830 2061 Οὕτως
1862 2031 1894 2056 τὸ

1103 2077 1152 2112 μὲν
1167 2078 1195 2104 ὲν
1207 2077 1275 2112 αὐτῇ
1301 2077 1457 2112 ταραχῶδες
1471 2078 1517 2104 καὶ
1532 2077 1619 2113 τραχὺ
1638 2077 1687 2104 καὶ
1717 2077 1834 2104 ἄτακτον
1849 2077 1895 2110 ὲξ-

1101 2121 1270 2157 ομαλίζεται·
1294 2121 1324 2148 τὸ
1350 2122 1378 2148 δὲ
1391 2121 1491 2148 λυποῦν
1515 2121 1707 2158 θεραπεύεται,
1732 2121 1895 2156 ψαλλόντων

1101 2167 1189 2203 ἡμῶν·
1204 2167 1271 2194 Ἵνα
1286 2168 1314 2194 τι
1323 2168 1488 2202 περίλυπος
1498 2166 1535 2200 εἷ,
1549 2167 1569 2201 ἠ
1586 2167 1671 2202 ψυχή
1682 2176 1751 2203 μου,
1775 2168 1824 2194 καὶ
1841 2168 1896 2194 ἵνα

1103 2214 1130 2240 τί
1145 2213 1369 2248 συνταράσσεις
1382 2222 1438 2249 ps;
1453 2215 1508 2241 Καὶ
1529 2214 1559 2240 τὸ
1583 2214 1631 2250 μὲν
1648 2213 1813 2249 ἐσφαλμένον
1829 2214 1895 2240 ἑπι-

1103 2258 1235 2292 γνώσεται
1256 2259 1380 2293 λέγουσιν
1402 2259 1491 2294 Ἐμοῦ
1504 2259 1539 2286 δὲ
1551 2259 1630 2294 παρὰ
1643 2258 1753 2294 μικρὸν
1763 2259 1896 2286 ἐσαλεύ-

1103 2304 1202 2337 θησαν
1214 2304 1241 2330 οι
1253 2303 1353 2337 πόδες’
1371 2304 1401 2330 τὺ
1415 2304 1444 2330 δὲ
1458 2303 1577 2340 φοϐηθὲν
1593 2303 1743 2340 επιῤῥώσει
1756 2304 1790 2340 τῇ
1803 2303 1895 2331 ἐλπίδι

1104 2349 1134 2374 ὲν
1146 2347 1185 2383 τῷ
1198 2347 1296 2382 λέγειν·
1312 2348 1419 2382 Κύριος
1438 2349 1502 2384 ἐμοὶ
1513 2348 1638 2382 βοηθὸς,
1654 2348 1704 2376 καὶ
1716 2349 1752 2376 οὐ
1764 2349 1898 2383 φοϐηθή-

1103 2401 1194 2428 σομαι
1205 2393 1234 2419 τί
1247 2393 1367 2427 ποιήσει
1381 2402 1432 2429 μοι
1447 2393 1611 2428 ἄνθρωπος.

1139 2445 1190 2472 ne’.
1208 2446 1240 2472 οι
1257 2446 1306 2481 μὲν
1328 2444 1374 2474 οὗν
1394 2448 1431 2483 μὴ
1447 2447 1540 2474 τοῦτον
1562 2447 1607 2474 τὸν
1627 2447 1728 2484 τρόπον
1757 2447 1897 2482 ἀναγινώ-

1104 2498 1214 2522 σκοντες
1230 2491 1280 2522 τὰς
1297 2491 1372 2523 θείας
1383 2492 1454 2526 ᾠδὰς
1467 2492 1497 2518 οὐ
1527 2491 1642 2524 συνετῶς
1658 2491 1815 2527 ψάλλουσιν,
1834 2492 1896 2519 ἀλλ’

1104 2536 1218 2568 ἑαυτοὺς
1232 2537 1281 2572 μὲν
1296 2538 1453 2574 τέρπουσιν,
1469 2538 1560 2574 ἔχουσι
1572 2538 1600 2565 δὲ
1629 2539 1743 2574 μέμψιν,
1774 2539 1815 2565 ὅτι
1827 2538 1896 2574 οὐχ

1104 2581 1208 2616 ὡραῖος
1222 2580 1307 2616 αἶνος
1320 2583 1354 2610 ἐν
1379 2584 1504 2618 στόματι
1529 2584 1715 2619 άμαρτωλοῦ
1738 2585 1763 2611 oi
1778 2583 1806 2610 δὲ
1820 2584 1896 2611 κατὰ

1103 2626 1149 2652 τὸν
1162 2628 1358 2663 προειρημένον
1372 2629 1471 2664 τρόπον
1483 2629 1638 2663 ψάλλοντες,
1653 2628 1723 2657 ὥστε
1733 2629 1782 2665 τὴν
1802 2629 1895 2664 μελῳ-

1104 2671 1163 2698 δίαν
1171 2672 1226 2699 τῶν
1241 2674 1370 2708 ῥημάτων
1386 2676 1418 2701 ὲκ
1432 2674 1478 2701 τοῦ
1496 2675 1599 2710 ῥυθμοῦ
1610 2675 1659 2710 τῆς
1675 2675 1764 2711 ψυχῆς
1780 2675 1830 2702 καὶ
1845 2676 1897 2710 τῆς

1104 2717 1172 2752 πρὸς
1184 2717 1215 2744 τὸ
1229 2718 1337 2754 πνεῦμα
1347 2720 1505 2755 συμφωνίας
1517 2720 1729 2757 προσφέρεσθαι,
1743 2720 1768 2746 oi
1778 2719 1895 2746 τοιοῦτοι

303 2760 545 2808 ῗὶλᾲξοο-η-ἒηξνιὲι,
565 2760 694 2808 εξηςςηι
712 2760 813 2808 (Bonan
825 2782 832 2795 ,
849 2762 891 2790 16,
932 2765 955 2782 ιι
971 2765 1029 2797 ιη.
1044 2777 1047 2785 ,

1102 2771 1127 2798 3.
1168 2772 1190 2788 "
1202 2771 1274 2801 Psal.
1294 2781 1349 2807 xu,
1367 2774 1392 2808 6,
1412 2773 1457 2807 12;
1474 2782 1540 2808 χιιι,
1563 2775 1590 2803 5.
1628 2776 1651 2792 '°
1661 2773 1734 2803 Psal.
1752 2780 1828 2800 Lxxtt
1864 2773 1894 2800 2.

271 2797 291 2813 ³⁷
313 2795 385 2824 Psal.
399 2804 470 2824 cxvn
482 2816 488 2828 ,
503 2797 528 2823 6.
582 2797 604 2811 ¹⁴
616 2795 698 2823 Eccli.
714 2804 758 2829 xv,
776 2797 802 2824 9.

306 2842 362 2876 (l0)
381 2843 513 2879 Εὑθυμία,
527 2843 665 2878 gaudium.
