1938 3053
56 131 86 158 ﬂ

613 129 782 157 EPISTOLA
803 129 848 156 AD
866 128 1126 157 MARCELLINUM.

1648 128 1684 156 ις

55 188 185 223 ψάλλουσι
206 189 255 223 μὲν
270 189 303 224 τῇ
318 187 437 223 γλώσσῃ,
454 187 598 222 ψάλλοντες
610 188 638 214 δὲ
665 188 711 214 καὶ
736 187 776 222 τῷ
789 187 840 220 νοῒ,

904 186 944 214 libi
965 185 1065 216 solum,
1083 185 1130 213 sed
1156 185 1237 213 etiam
1264 185 1360 217 audire
1376 193 1425 214 eos
1443 185 1600 214 volentibus
1625 195 1685 214 ma—

56 236 85 262 οὐ
104 235 183 271 μόνον
202 236 326 267 ἑαυτοὺς,
341 235 408 262 ἀλλὰ
425 236 471 261 καὶ
500 235 562 266 τοὺς
587 234 713 266 θέλοντας
734 234 843 261 ἀκούειν

56 280 145 308 αὐτῶν
164 279 290 316 μεγάλως
300 279 459 314 ὠφελοῦσιν.
479 280 508 306 ’0
522 278 586 313 γοῦν
605 278 738 314 μακάριος
751 279 843 311 Δαῦὶδ,

56 325 141 358 οὕτως
158 325 338 360 καταψάλλων
353 325 399 352 τοῦ
414 325 510 357 Σαοὺλ,
533 324 613 356 αὐτὸς
642 324 784 360 εὐηρὲστει
804 325 845 360 τῷ

56 371 126 406 θεῷ.
144 371 191 398 καὶ
216 371 260 398 τὺν
286 370 404 406 τάραχον
430 370 477 397 καὶ
504 370 534 396 τὸ
562 370 674 405 μανικὸν
696 370 782 401 πάθος
797 370 844 397 τοῦ

57 417 145 443 Σαοὺλ
168 416 317 452 ἀπήλαυνε,
347 417 395 442 καὶ
429 416 560 451 γαληνιᾷν
577 415 626 451 τὴν
650 416 740 451 ψυχὴν
763 415 845 443 αὑτοῦ

57 462 273 499 παρεσκεύαζεν.
288 462 380 494 Οὖτως
394 464 417 489 οἱ
451 463 533 498 ἱερεῖς
554 462 709 497 ψάλλοντες,
727 464 767 495 εἰς
780 464 847 490 ἀτα-

58 510 153 546 ραξίαν
168 509 219 540 τὰς
232 509 320 544 ψυχὰς
344 509 397 535 τῶν
411 509 483 535 λαῶν
505 510 552 536 καὶ
567 510 607 540 είς
620 509 747 544 ὁμόνοιαν
761 510 847 542 αὑτὰς

56 556 110 583 τῶν
122 557 152 583 ὲν
166 556 290 591 οὐρανοῖς
307 555 473 591 χορευόντων
496 555 721 590 προσεκαλοῶτο.
742 555 778 582 Τὸ
792 556 846 591 ἄρα

58 600 128 636 μετὰ
142 600 239 635 μέλους
262 599 389 634 λέγεσθαι
408 600 473 632 τοὺς
502 599 626 635 ψαλμοὺς
642 601 692 626 οὐκ
714 600 787 626 ἐστιν
803 602 848 627 εὑ-

57 647 161 682 φωνίας
176 646 287 682 σπουδὴ,
305 646 373 673 ἀλλὰ
387 647 537 682 τεκμήριον
557 647 606 682 τῆς
633 647 767 682 ἁρμονίας
792 647 847 674 τῶν

57 694 84 719 ὲν
99 693 132 728 τῇ
145 692 218 727 ψυχῇ
241 691 390 727 λογισμῶν.
405 693 459 718 Καὶ
483 693 500 727 ἡ
519 692 642 727 ἐμμελὴς
655 693 684 719 δὲ
695 693 848 727 ἀνάγνωσις

57 739 192 774 σύμϐολόν
205 740 263 765 ἐστι
284 738 334 772 τῆς
360 738 497 773 εὐρύθμου
513 739 560 765 καὶ
581 739 748 774 ἀχειμάστου
765 748 849 766 κατα-

58 783 180 814 στάσεως
191 783 242 817 τῆς
256 783 383 814 διανοίας.
398 783 452 810 Καὶ
477 783 531 819 γὰρ
552 784 583 810 τὸ
600 785 684 810 αἰνεῖν
709 784 755 810 τὸν
782 783 848 810 Θεὸν

57 829 85 855 ἐν
98 828 249 864 κυμϐάλοις
259 829 367 864 εὑήχοις
381 830 428 856 καὶ
441 829 540 865 κιθάρᾳ
555 830 602 856 καὶ
613 830 766 866 δεκαχόρδῳ
781 830 849 865 ψαλ-

59 862 156 910 τηρίω,
172 862 397 910 σύμϐολονγπάλιν
405 873 438 910 ἦν
448 875 494 901 καὶ
507 862 670 911 σημαντικὸν
680 862 727 903 τοί)
742 862 849 910 συγχεῖ·
864 862 886 891 Β

60 921 121 947 σθαι
133 922 183 956 μὲν
200 921 322 956 νομίμως
339 921 373 947 τὰ
386 921 452 956 μέλη
476 921 523 948 τοῦ
542 921 666 957 σώματος
680 922 718 954 ὡς
739 923 848 958 χορδὰς,

59 968 122 999 τοὺς
135 967 164 993 δὲ
181 967 328 1002 λογισμοὺς
342 967 392 1001 τῆς
406 966 496 1002 ψυχῆς
506 967 544 998 ὡς
564 967 691 1003 κύμϐαλα
714 969 848 1003 γίνεσθαι,

58 1015 105 1040 καὶ
120 1013 215 1041 λοιπὸν
231 1015 265 1049 τῇ
289 1014 342 1049 ἠχῇ
365 1014 411 1041 καὶ
438 1014 477 1049 τῷ
495 1014 609 1050 νεύματι
633 1014 679 1041 τοῦ
696 1015 851 1051 πνεύματος

58 1060 145 1087 ταῦτα
160 1059 248 1087 πάντα
262 1059 393 1086 κινεῖσθαι
411 1060 455 1086 καὶ
477 1059 537 1095 ζῇψ
562 1060 645 1093 ὥστε,
672 1061 742 1088 κατὰ
762 1062 793 1088 τὸ
804 1070 851 1096 γε-

58 1105 230 1142 γραμμένον,
246 1104 286 1138 τῷ
301 1106 445 1140 πνεύματι
471 1105 524 1132 τὸν
538 1105 695 1140 ἄνθρωπον
710 1105 763 1140 ζῇν
781 1107 849 1141 μὲν,

57 1153 108 1180 καὶ
122 1152 178 1184 τὰς
193 1151 316 1186 πράξεις
338 1151 391 1178 τοῦ
416 1151 553 1186 σώματος
584 1152 741 1179 θανατοῦν.
758 1153 851 1186 Οὕτως

57 1198 113 1233 γὰρ
128 1198 176 1224 καὶ
189 1197 279 1228 καλῶς
291 1197 399 1232 ψάλλων
423 1197 549 1233 ῥυθμίζει
576 1198 626 1233 τὴν
642 1198 731 1234 ψυχὴν
755 1199 850 1232 αὑτοῦ,

57 1244 107 1270 καὶ
123 1243 219 1279 ὥσπερ
231 1242 260 1274 ἐξ
274 1243 431 1278 ἀνισότητος
444 1244 483 1275 εις
499 1243 609 1278 ἰσότητα
631 1244 702 1278 ἄγει·
729 1244 798 1270 ὥστε
822 1245 852 1271 ὲν

56 1288 98 1324 τῷ
118 1287 190 1315 κατὰ
208 1288 287 1322 φύσιν
307 1288 392 1323 αὐτὴν
404 1289 550 1323 ἑστηκυῖαν
576 1289 613 1325 μὴ
635 1290 775 1317 πτοεῖσθαι
799 1291 851 1317 ὑπό

56 1342 143 1365 τινος,
160 1333 229 1360 ἀλλὰ
254 1334 301 1360 καὶ
329 1333 429 1368 μᾶλλον
450 1334 629 1368 εὐφαντάσιον
655 1336 788 1370 γίνεσθαι,
805 1337 852 1364 καὶ

57 1380 142 1406 πλέον
156 1379 239 1414 αὐτὴν
256 1379 405 1415 λαμϐάνειν
433 1380 514 1408 πόθον
534 1381 588 1408 τῶν
614 1381 765 1417 μελλόντων
781 1383 852 1416 ἁγα-

57 1425 126 1452 θῶν.
139 1424 179 1460 Τῇ
191 1425 245 1460 γὰρ
264 1425 317 1451 τῶν
335 1426 464 1461 ῥημάτων
489 1426 607 1462 μελῳδίᾳ
629 1427 852 1464 συνδιατιθεμένη

57 1470 268 1498 ἐπιλανθάνεται
300 1471 354 1498 τῶν
388 1471 501 1505 παθῶν,
539 1473 587 1499 καὶ
621 1473 754 1508 χαίρουσα
791 1474 852 1509 βλέ-

57 1525 108 1543 πει
125 1517 196 1552 πρὸς
212 1517 258 1544 τὸν
278 1517 340 1544 νοῦν
361 1518 407 1544 τὸν
428 1519 457 1545 ὲν
482 1519 606 1554 Χριστῷ,
636 1519 797 1557 λογιζομὲνη
820 1521 853 1549 τὰ
867 1536 889 1565 c

78 1565 199 1591 έλτιστα.

96 1611 129 1637 λ’.
143 1611 190 1636 Δεῖ
205 1609 304 1644 τοίνυν,
324 1607 346 1637 ὧ
358 1610 463 1643 τέκνον,
484 1611 538 1637 τῶν
552 1611 770 1647 ἐντυγχανόντων
790 1613 856 1640 ἕκα-

60 1665 126 1683 στον
135 1655 224 1693 ταύτῃ
244 1658 278 1692 τῇ
303 1655 386 1691 βίϐλῳ
404 1657 578 1692 ἐντυγχάνειν
606 1659 655 1693 μὲν
682 1659 768 1685 ἅπασι
787 1667 854 1695 γνη-

60 1703 130 1734 ait»;
140 1704 196 1734 τοῖς
210 1703 238 1728 ὲν
252 1703 320 1738 αὐτῇ
338 1702 526 1734 θεοπνεύστοις
554 1701 629 1736 οὖσι,
661 1704 808 1739 λαμδάνειν
827 1704 855 1731 δὲ

60 1749 159 1777 λοιπὸν
169 1749 317 1777 ἀπἀὐτῶν
340 1750 378 1782 ὡς
405 1751 438 1777 ὲκ
462 1750 628 1785 παραδείσου
652 1750 766 1786 καρπῶν
782 1751 855 1785 ὠφε-

60 1796 150 1828 λείας,
176 1797 244 1832 πρὸς
273 1796 287 1822 ὃ
314 1796 363 1832 τὴν
386 1796 482 1832 χρείαν
507 1793 603 1823 ὲαυτῖιν
634 1797 730 1832 ἔχοντα
745 1797 854 1833 συνορᾷ.

68 1842 206 1878 Ἠγοῦμαι
216 1843 270 1878 γὰρ
287 1843 316 1869 ὲν
327 1843 433 1875 τούτοις
442 1845 499 1875 τοῖς
512 1843 602 1877 λόγοις
614 1843 663 1878 τῆς
692 1843 785 1877 βίῦλου
810 1843 855 1869 τὸν

61 1889 155 1916 πάντα
168 1888 224 1923 βίον
238 1889 292 1915 τῶν
304 1889 464 1925 ἀνθρώπων,
490 1889 540 1920 τάς
568 1897 596 1915 τε
622 1889 671 1924 τῆς
690 1888 778 1924 ψυχῆς
802 1888 857 1914 δια-

62 1934 165 1965 θέσεις,
183 1934 229 1960 καὶ
244 1933 278 1960 τὰ
295 1933 349 1960 τῶν
362 1933 500 1969 λογισμῶν
514 1934 651 1969 κινήματα
667 1932 855 1968 μεμετρῆσθαι

62 1979 112 2006 καὶ
122 1977 307 2014 περιέχεσθαι’
326 1979 372 2004 καὶ
386 1978 469 2013 μηδὲν
480 1977 560 2004 πλέον
573 1978 677 2004 τούτων
701 1978 730 2004 ἐν
752 1976 856 2013 ἀνθρώ-

61 2033 127 2058 ποις
137 2024 323 2060 εὑρίσκεσθαι.
335 2025 397 2052 Εἴτε
412 2024 467 2060 γὰρ
490 2024 632 2060 μετανοίας
650 2024 666 2060 ἢ
694 2023 856 2059 ἐξομολογή-

64 2079 135 2102 σεως
153 2070 244 2106 χρεία,
271 2070 288 2105 ἢ
313 2069 401 2105 θλίψις
424 2070 472 2097 καὶ
497 2070 648 2105 πειρασμὸς
664 2068 854 2104 κατέλαϐεν,ἧ

64 2116 181 2152 ἐδιώχθη
195 2125 248 2148 τις,
276 2116 324 2143 καὶ
347 2116 364 2152 ἢ
390 2116 630 2151 ἐπιϐουλευόμενος
640 2115 771 2152 ὲρρύσθη,
787 2117 812 2142 εί
827 2115 855 2142 δὲ

64 2163 113 2190 καὶ
124 2163 275 2197 περίλυπός
287 2171 329 2194 τις
342 2163 453 2197 γέγονεν
474 2163 521 2189 καὶ
539 2163 713 2198 ταράττεται,
733 2162 780 2189 καὶ
803 2162 856 2189 πά-

895 240 954 267 gnte
980 236 1044 259 sunt
1067 231 1186 258 utilitati.
1216 231 1315 258 Beatus
1341 231 1423 267 igitur
1439 231 1536 264 David,
1562 240 1624 260 cum
1650 241 1684 260 co

896 278 978 305 modo
993 277 1069 305 Sauli
1083 277 1221 312 psalleret,
1238 284 1291 304 non
1309 277 1397 304 solum
1420 277 1475 305 Deo
1489 277 1622 312 placebat.
1636 277 1683 305 sed

896 329 923 352 et
954 325 1187 360 perturbationem
1220 329 1247 352 et
1273 324 1378 352 furoris
1398 325 1525 353 morbum
1542 333 1574 353 ex
1603 325 1685 353 Saule

895 370 1028 405 abigebat,
1042 370 1210 405 parabatque
1224 369 1298 398 illius
1308 370 1406 397 anima:
1417 370 1640 406 tranquillitatem
1650 371 1682 397 ”.

896 414 934 442 lla
954 423 1063 450 quoque
1086 415 1243 443 sacerdotes
1256 415 1321 443 dum
1343 415 1501 450 psallerent,
1518 416 1682 451 populorum

897 462 1004 489 animos
1018 462 1051 489 ad
1063 462 1286 497 tranquillitatem
1294 462 1464 489 advocabant
1477 467 1504 489 et
1519 462 1552 489 ad
1569 470 1683 489 concor-

897 508 970 535 diam
987 515 1048 535 cum
1067 508 1100 535 iis
1121 508 1167 543 qui
1191 508 1217 535 in
1244 507 1321 535 caelis
1345 508 1460 535 choreas
1486 512 1578 542 agunt.
1606 507 1684 540 Quod

898 553 990 588 itaque
1011 561 1074 580 cum
1095 553 1282 581 modulatione
1303 553 1401 588 psalmi
1425 553 1561 587 dicantur,
1579 553 1606 581 id
1630 561 1684 580 non

898 599 929 626 iit
945 607 978 626 ex
989 599 1082 627 suavis
1093 604 1243 626 concentus
1257 599 1359 631 studio,
1378 599 1424 626 sed
1440 599 1546 634 signum
1565 603 1606 627 est
1619 599 1685 626 bar-

898 644 996 672 monia:
1017 644 1212 679 cogitationum
1228 645 1335 672 animae.
1360 643 1580 680 Harmonicaque
1606 645 1686 672 lectio

899 689 1030 717 indicium
1045 694 1088 718 est
1108 690 1207 717 animae
1230 690 1479 725 recte'cornpositze
1505 695 1588 725 atque
1611 695 1683 717 tran-

899 737 1000 772 quillae.
1017 736 1122 764 Etenim
1135 736 1221 764 Deum
1236 736 1347 763 laudare
1366 736 1394 762 in
1412 736 1545 771 cymbalis
1560 737 1629 764 bene
1641 743 1688 764 so-

900 784 1038 815 nantibus,
1054 784 1082 810 in
1107 783 1214 810 cithara
1236 787 1264 810 et
1291 782 1462 810 decacbordo
1488 781 1618 817 psalterio
1643 781 1687 813 '°,

900 835 1090 865 argumentum
1111 829 1177 857 illud
1204 835 1264 857 erat
1294 834 1322 857 et
1352 830 1461 864 signum
1480 828 1604 856 membra
1627 835 1688 855 cor-

900 877 985 912 poris,
1001 877 1087 905 instar
1101 877 1278 909 chordarum,
1295 876 1345 903 rite
1358 875 1510 911 composita
1524 882 1596 907 esse.
1613 874 1688 910 cogi-

900 923 1072 957 tationesque
1090 923 1188 950 animm
1203 922 1274 950 sicut
1295 921 1418 957 cymbala
1440 929 1511 954 esse,
1528 928 1560 948 ac
1572 920 1690 956 denique

901 975 979 1002 sono,
1007 973 1034 995 et
1049 972 1117 995 nutu
1140 968 1253 1003 spiritus
1277 967 1334 996 haec
1353 967 1445 995 omnia
1472 967 1577 994 moveri
1599 971 1626 994 et
1648 967 1686 993 vi-

900 1021 979 1046 vere;
997 1021 1028 1041 ac
1045 1013 1169 1048 proinde,
1183 1013 1334 1040 secundum
1348 1012 1420 1047 quod
1441 1013 1572 1047 scriptum
1588 1017 1630 1040 est
1647 1013 1668 1028 "
1679 1032 1688 1045 .

900 1061 996 1095 spiritu
1020 1059 1125 1095 quidem
1150 1059 1280 1086 hominem
1308 1060 1400 1092 vivere,
1425 1063 1450 1086 et
1472 1059 1545 1094 facta
1571 1059 1689 1093 corporis

901 1105 1072 1139 mortiﬁcare.
1091 1104 1272 1138 Quamobrem
1289 1105 1337 1140 qui
1354 1109 1426 1132 recte
1451 1104 1551 1140 psallit,
1568 1105 1689 1132 animam

901 1159 979 1179 suam
992 1151 1141 1186 componit,
1153 1155 1180 1178 et
1200 1151 1280 1186 quasi
1298 1158 1332 1178 ex
1347 1150 1533 1185 inaequalitate
1550 1149 1583 1177 ad
1599 1158 1690 1185 aequa-

901 1197 1005 1224 litatem
1022 1196 1151 1229 adducit;
1168 1197 1204 1223 ita
1221 1200 1250 1223 ut
1275 1195 1425 1224 secundum
1451 1200 1578 1223 naturam
1596 1195 1690 1223 consi-

902 1248 977 1271 stens
994 1250 1010 1270 a
1026 1243 1102 1270 nullo
1117 1247 1311 1278 perterreatur,
1331 1242 1396 1277 quin
1420 1242 1512 1277 potius
1539 1241 1691 1277 pbantasiis

903 1290 1051 1325 tranquilla
1077 1290 1183 1321 evadat,
1212 1294 1239 1317 et
1262 1289 1359 1324 majori
1375 1289 1531 1317 futurorum
1555 1289 1691 1316 desiderio

903 1335 1047 1364 afﬁciatur.
1077 1335 1224 1364 Sacrorum
1251 1343 1370 1370 namque
1397 1335 1543 1363 verborum
1569 1334 1692 1362 modula—

904 1383 977 1410 tione
1002 1387 1076 1410 recte
1093 1383 1256 1418 composita,
1277 1382 1437 1417 passionum
1467 1391 1579 1411 suarum
1595 1383 1691 1410 oblivi-

903 1429 1006 1460 scitur.
1022 1433 1049 1456 et
1064 1428 1124 1456 lzeta
1146 1429 1258 1463 respicit
1274 1429 1308 1455 ad
1331 1428 1497 1456 intellectum
1518 1436 1614 1456 eorum
1630 1436 1692 1464 qua:

903 1478 968 1502 sunt
982 1474 1009 1502 in
1022 1473 1144 1507 Christo,
1158 1474 1260 1510 optima
1277 1481 1392 1510 quaque
1408 1474 1542 1510 cogitans.

939 1616 984 1644 50.
1000 1615 1112 1651 Oportet
1124 1616 1218 1652 igitur,
1231 1623 1247 1644 ο
1259 1616 1296 1644 ﬁli
1307 1637 1315 1650 .
1327 1621 1357 1644 ut
1370 1617 1496 1652 quisquis
1507 1618 1580 1646 hunc
1591 1618 1691 1646 librum

905 1663 979 1698 legit,
997 1663 1067 1698 legat
1085 1663 1195 1698 quidem
1218 1663 1325 1690 sincere
1349 1668 1377 1691 et
1391 1664 1477 1698 probo
1491 1665 1584 1692 animo
1600 1665 1694 1695 omnia

905 1714 966 1741 quae
979 1707 1006 1733 in
1023 1706 1068 1734 illo
1084 1706 1227 1738 habentur,
1245 1710 1338 1740 utpote
1354 1707 1484 1735 divinitus
1499 1708 1642 1742 inspirata,
1662 1716 1694 1737 ac

905 1753 1016 1780 demum
1036 1761 1069 1780 ex
1085 1753 1148 1786 illis,
1167 1752 1249 1780 veluti
1273 1759 1304 1780 ex
1323 1753 1394 1781 horti
1411 1754 1558 1787 fructibus,
1582 1762 1630 1782 eos
1646 1755 1681 1782 de

905 1803 998 1834 cerpat
1017 1807 1086 1834 quos
1106 1799 1158 1827 sibi
1182 1799 1264 1826 utiles
1287 1804 1313 1827 et
1338 1800 1550 1828 necessitatibus
1575 1801 1634 1828 suis
1648 1808 1680 1828 ac

906 1844 1065 1872 commodas
1078 1851 1139 1871 esse
1160 1845 1340 1879 perspexerit.
1365 1843 1500 1879 Existimo
1523 1852 1643 1880 namque
1666 1845 1694 1872 in

906 1889 1022 1925 hujusce
1042 1889 1103 1915 libri
1117 1889 1217 1921 verbis,
1241 1896 1350 1917 omnem
1372 1889 1520 1917 humanam
1535 1890 1619 1917 vitam
1635 1892 1694 1917 aui-

906 1943 1011 1971 maeque
1027 1934 1194 1966 all‘ectiones,
1221 1935 1472 1970 cogitationumqne
1499 1941 1590 1964 motus
1607 1937 1694 1964 conti-

906 1983 965 2010 neri
980 1987 1062 2017 atque
1075 1981 1204 2013 describi.
1226 1981 1349 2016 nihilque
1366 1982 1400 2009 iis
1418 1982 1535 2017 amplius
1554 1982 1582 2009 in
1603 1983 1693 2010 homi—

906 2028 988 2055 nibus
1005 2026 1130 2062 reperiri.
1151 2025 1218 2053 Nam
1239 2026 1297 2053 sive
1316 2026 1476 2061 poenitentia
1503 2027 1560 2055 sive
1586 2027 1695 2055 confes-

907 2075 985 2102 sione
1002 2074 1039 2101 sit
1054 2080 1133 2108 opus,
1159 2073 1216 2099 sive
1233 2072 1373 2100 tribulatio
1395 2077 1442 2100 aut
1468 2073 1581 2108 tentatio
1600 2080 1696 2108 appre-

907 2119 1042 2151 henderit,
1060 2119 1118 2146 sive
1140 2119 1203 2154 quis
1226 2117 1442 2154 persecutionem
1464 2125 1573 2153 passus,
1588 2118 1644 2146 sive
1661 2119 1696 2146 ab

907 2165 1016 2193 insidiis
1031 2166 1173 2197 liberatus,
1192 2166 1249 2193 sive
1261 2170 1377 2193 mmstus
1396 2168 1443 2192 aut
1454 2164 1579 2192 turbatus
1590 2165 1635 2196 sit,
1648 2169 1697 2192 aut

67 2217 126 2244 σχει
139 2218 165 2236 τι
182 2208 314 2241 τοιοῦτον,
325 2205 380 2235 οἷον
394 2210 423 2235 ὲν
439 2210 495 2240 τοῖς
523 2208 677 2244 ἔμπροσθεν
692 2208 810 2244 εἴρηται,
838 2207 851 2243 ἦ

909 2211 1011 2246 aliquid
1032 2211 1189 2247 huiusmodi
1204 2212 1333 2246 patiatur,
1358 2210 1588 2246 quemadmodum
1613 2218 1696 2245 supe—

67 2256 115 2282 καὶ
133 2255 235 2290 συνορᾷ
246 2254 340 2281 ἑαυτὸν
366 2254 414 2293 μεν
439 2255 637 2290 προκόπτοντα,
653 2255 698 2281 τὸν
717 2254 745 2280 δὲ
761 2254 856 2289 ἐχθρὸν

67 2299 300 2336 καταργούμενον,
314 2299 330 2334 ἢ
348 2299 396 2326 καὶ
410 2299 513 2326 αἰνέσαι
528 2300 574 2326 καὶ
587 2300 794 2336 εὐχαριστήσαι,
811 2300 857 2326 καὶ

67 2346 212 2382 εὐλογῆσαι
241 2346 363 2382 βούλεται
391 2347 437 2372 τὸν
460 2346 570 2381 Κύριον,
592 2347 648 2382 ἔχει
662 2347 711 2382 τὴν
732 2347 858 2373 διδασκα-

69 2393 127 2420 λίαν
138 2393 243 2420 τούτων
262 2393 291 2419 ὲν
306 2395 362 2424 τοῖς
379 2392 462 2424 θείοις
476 2393 603 2428 ψαλμοῖς.
626 2393 794 2428 Ἐκλεγέσθω
803 2393 857 2429 γὰρ

67 2439 101 2466 τὰ
114 2441 142 2467 ἐν
154 2440 248 2471 αὐτοῖς
261 2439 324 2474 περὶ
338 2439 452 2465 ἑκάστου
468 2439 570 2466 τούτων
581 2439 724 2475 εἰρημένα,
743 2439 790 2466 καὶ
814 2439 858 2466 οὖ-

67 2495 119 2517 τως
134 2487 174 2518 ὠς
191 2486 257 2520 περὶ
271 2485 365 2511 ἑαυτοῦ
382 2485 559 2521 γεγραμμένα
573 2485 668 2520 λέγων,
689 2486 736 2512 καὶ
750 2486 857 2512 συνδια-

65 2530 208 2565 τιθέμενος
222 2531 278 2562 τοῖς
290 2531 502 2565 γεγραμμένοις,
518 2531 650 2566 ἀναφέρει
665 2531 703 2565 τῷ
718 2531 822 2566 Κυρίῳ.

101 2575 151 2602 λα’.
169 2576 216 2611 Μὴ
234 2575 418 2611 περιῦαλλέτω
432 2576 522 2611 μέντοι
539 2586 580 2608 τις
595 2576 664 2603 αὐτὰ
689 2579 745 2608 τοῖς
760 2576 858 2609 ἔξωθεν

67 2622 191 2654 πιθανοῖς
209 2622 324 2657 ῥήμασι,
339 2622 405 2657 μηδὲ
420 2622 573 2657 πειραζὲτω
593 2623 643 2654 τὰς
668 2623 754 2656 λέξεις
776 2632 858 2658 μετα-

68 2668 181 2702 ποιείνῆ
205 2667 275 2699 ὅλως
290 2668 472 2695 ὲναλλάσσειν·
500 2669 557 2695 ἀλλ’
571 2668 656 2700 οὕτως
683 2668 802 2704 ἀτεχνῶς
823 2669 858 2695 τὰ

65 2713 252 2748 γεγραμμένα
268 2712 369 2750 λεγέτω
397 2713 444 2740 καὶ
462 2713 596 2748 ψαλλέτω,
627 2713 721 2750 ὥσπερ
740 2714 857 2749 εἴρηται,

69 2759 137 2794 ὑπὲρ
150 2758 198 2785 τοῦ
216 2759 264 2786 καὶ
288 2759 350 2790 τοὺς
366 2759 576 2795 διακονήσαντας
603 2759 763 2795 ἀνθρώπους
789 2759 859 2786 αὐτὰ

104 2837 127 2853 ⁸³
144 2837 151 2863 l
167 2836 234 2871 Reg.
259 2845 301 2863 ut
315 2857 322 2868 ,
341 2836 386 2863 25.
439 2837 461 2852 ²⁰
488 2837 559 2864 Psal.
580 2846 620 2872 CL,
644 2837 702 2865 5-5.

193 2882 330 2912 Parnot.
347 2882 404 2912 Gn.
425 2883 555 2913 XXVII.

751 2837 772 2853 ιι
803 2835 883 2864 Rom.

908 2255 966 2284 rius
981 2257 1083 2284 dictum
1095 2261 1153 2289 est,
1173 2261 1220 2284 aut
1240 2256 1263 2284 si
1284 2256 1357 2283 videt
1378 2263 1408 2283 se
1427 2255 1537 2290 quidem
1553 2255 1696 2291 proﬁcere,

909 2301 1015 2329 hostem
1038 2309 1103 2328 vero
1129 2301 1245 2333 destrui,
1272 2301 1330 2329 sive
1358 2300 1488 2333 laudare,
1511 2301 1569 2327 sive
1593 2300 1695 2334 gratias

908 2356 999 2384 agere,
1015 2349 1072 2375 sive
1087 2348 1203 2375 Domino
1225 2347 1386 2375 benedicere
1400 2347 1476 2379 velit,
1498 2347 1579 2374 habet
1598 2347 1696 2374 borum

908 2395 1061 2422 doctrinam
1085 2395 1113 2422 in
1140 2394 1241 2422 divinis
1259 2393 1381 2428 psalmis.
1407 2392 1483 2420 Licet
1505 2393 1578 2420 enim
1605 2393 1643 2421 illi
1669 2393 1696 2420 in

909 2440 1036 2476 singulis,
1061 2439 1133 2475 quod
1161 2439 1277 2467 voluerit
1298 2446 1331 2466 ex
1354 2438 1519 2473 supradictis
1541 2439 1651 2474 eligere,
1670 2444 1698 2466 et

909 2486 987 2520 quasi
1004 2486 1037 2513 de
1054 2493 1083 2513 se
1097 2485 1170 2513 dicta
1190 2489 1290 2517 essent,
1317 2492 1347 2512 ea
1368 2485 1502 2518 recitare;
1532 2493 1565 2516 ac
1586 2485 1698 2520 perinde

909 2531 1035 2558 allectum
1047 2536 1128 2566 atque
1138 2531 1270 2566 scriptum
1289 2535 1342 2563 est,
1358 2538 1390 2558 ea
1405 2531 1462 2565 ipsa
1478 2531 1533 2558 Deo
1549 2530 1660 2559 referre.

944 2575 989 2603 5i.
1011 2575 1049 2603 Ne
1063 2576 1125 2610 quis
1143 2580 1234 2603 autem
1250 2583 1282 2603 ea
1297 2576 1436 2603 saecularis
1459 2576 1621 2611 eloquentiae
1636 2583 1698 2603 vcr-

908 2621 952 2649 bis
966 2629 1098 2649 exornare
1122 2621 1305 2657 aggrediatur,
1325 2629 1412 2657 neque
1429 2627 1542 2650 conetur
1560 2622 1696 2657 quispiam

911 2667 982 2695 dicta
1013 2672 1202 2702 transponere,
1229 2672 1276 2695 aut
1300 2667 1436 2696 ullatenus
1460 2668 1621 2700 immutare;
1649 2667 1695 2694 sed

912 2713 971 2740 sine
992 2713 1047 2740 ullo
1067 2713 1194 2746 artiﬁcio,
1219 2713 1383 2748 proutdicta
1405 2717 1481 2745 sunt,
1496 2720 1527 2740 ea
1549 2713 1653 2742 recitet.
1669 2717 1697 2738 et

912 2759 1020 2794 psallat,
1036 2765 1066 2787 ut
1085 2760 1172 2788 sancti
1186 2759 1248 2792 viri,
1263 2759 1309 2794 qui
1329 2766 1362 2786 ca
1387 2759 1445 2794 ipsa
1463 2758 1551 2792 nobis,
1569 2762 1598 2785 ut
1616 2757 1698 2784 mini-

907 2843 972 2868 vnl,
1000 2835 1044 2863 15.

1561 2884 1582 2912 ‘2
