1938 3053
237 118 273 147 ιε
665 119 694 147 S.
715 116 899 148 ATHANASII
919 119 995 147 OPP‘.
1014 118 1105 147 PARS
1123 118 1166 146 ιιι.
1188 131 1222 139 —-
1241 118 1446 148 EXEGETICA.
1506 112 1509 116 ’
1820 121 1853 147 ιι

235 178 296 210 sui,
321 176 466 209 tradidere,
489 183 538 204 sua
557 181 736 211 agnoscentes
757 177 851 208 verba,
875 177 1015 204 nobiscum

1069 176 1296 211 ἐπιγινώσκοντες
1309 177 1338 204 τδ
1349 177 1452 204 ἑαυτῶν
1469 175 1645 212 συνεύχεσθαι
1660 177 1737 212 ἡμῖν’
1752 177 1852 212 μᾶλλον

235 229 329 258 orent;
344 224 400 251 imo
418 222 508 258 potius
526 227 555 249 ut
576 221 704 257 Spiritus,
719 222 766 257 qui
784 223 811 249 in
826 223 929 250 sanctis
942 223 1018 250 locu-

234 273 279 296 tus
293 273 344 300 est,
369 267 405 295 ibi
426 267 598 301 conspiciens
620 267 702 294 verba
724 274 773 294 sua
795 267 849 294 illis
873 267 1016 302 inspirata,

233 314 315 342 nobis
329 306 486 348 opituletur.
498 311 605 345 Quanto
620 313 692 340 enim
710 312 882 347 praestantior
899 318 941 341 est
954 321 1018 341 san-

234 365 341 389 ctorum
357 359 413 388 vita
423 359 538 386 aliorum
547 358 610 391 vita,
627 362 702 385 tanto
717 358 908 386 excellentiora
921 367 1016 387 eorum

234 406 318 434 verba
339 404 511 433 sermonibus
538 404 650 436 nostris,
677 408 758 438 atque
774 403 929 432 efficaciora
956 412 1017 432 esse

233 452 295 488 jure
318 451 381 486 quis
397 450 506 478 dixerit.
532 449 579 477 His
604 450 676 477 enim
707 449 762 476 Deo
785 449 966 484 placuerunt;
989 455 1018 478 et

235 497 292 530 haec
306 495 436 527 dicentes,
453 499 483 521 ut
504 494 541 521 ait
555 493 702 529 Apostolus
722 493 743 509 ³¹
758 503 765 520 :
791 492 912 520 Vicerunt
926 501 1016 528 regna,

234 543 336 579 operati
360 547 419 570 sunt
434 542 581 576 justitiam,
603 540 691 575 adepti
712 545 774 567 sunt
792 540 1015 575 repromissiones,

234 590 419 617 obturaverunt
427 596 474 614 ora
483 587 597 618 leonum,
607 586 788 613 exstinxerunt
797 586 922 620 impetum
935 586 1014 621 ignis,

233 636 382 671 effugerunt
397 634 480 660 aciem
498 632 593 668 gladii,
607 631 794 659 convaluerunt
803 631 834 658 de
848 631 1015 665 inﬁrmitate,

234 682 315 716 forte:
335 680 401 715 facti
420 683 481 706 sunt
501 679 529 705 in
551 678 629 711 bello,
651 681 741 704 castra
758 682 889 704 verterunt
909 682 1014 704 extero-

232 735 302 760 nmt,
323 729 477 761 acceperunt
492 725 614 752 mulieres
634 724 667 752 de
688 724 877 752 resurrectione
896 728 1013 751 mortuos

232 779 304 799 1108.

266 899 311 927 52.
331 899 524 934 Unusquisque
544 898 626 934 igitur
646 897 702 926 haec
719 898 776 933 jam
790 898 884 926 dicens
900 898 1016 925 confidat

227 946 300 980 τοτε,
322 949 352 973 ut
371 953 419 981 per
433 953 464 972 ea
485 945 555 973 Deus
580 946 762 980 supplicantes
783 945 926 973 auditurus
948 945 983 972 sit
1007 954 1014 972 :

231 993 288 1020 sive
306 992 377 1019 enim
396 991 549 1024 tribulatur,
564 992 608 1026 qui
624 991 680 1019 haec
694 991 767 1025 dicit,
785 999 911 1027 magnam
930 992 1016 1026 perci—

231 1034 285 1072 piet
299 1038 326 1065 in
345 1037 411 1073 ipsis
425 1038 658 1070 consolationem;
675 1037 732 1064 sive
750 1041 879 1070 tentatur,
894 1042 939 1065 aut
956 1045 1016 1073 per-

201 1117 204 1120 ,
230 1085 394 1113 secutionem
413 1085 521 1119 patitur,
533 1084 579 1120 qui
593 1084 628 1112 ita
640 1084 740 1119 psallit,
755 1084 892 1119 probatior
903 1091 1016 1119 appare—

230 1130 278 1162 bit,
293 1134 374 1165 atque
386 1137 401 1157 a
417 1130 530 1157 Domino
541 1134 706 1165 protegetur,
720 1129 767 1164 qui
785 1129 867 1156 etiam
883 1129 939 1156 lucc
955 1137 1017 1164 pro-

230 1176 360 1203 ferentem
387 1175 523 1208 defendit;
550 1175 594 1202 his
616 1175 752 1202 diabolum
778 1174 892 1210 iugabit,
917 1175 1017 1203 dzemo-

231 1228 334 1256 nesque
352 1220 411 1254 eius
432 1220 530 1255 abiget.
554 1219 616 1248 Haec
638 1227 720 1254 porro
740 1220 843 1253 dicens,
863 1221 887 1248 si
907 1221 1016 1256 quidem

230 1266 392 1302 peccaverit,
406 1273 467 1294 sese
483 1265 516 1293 ad
531 1266 660 1300 pudorem
678 1269 773 1299 vertet,
788 1271 868 1301 atque
887 1267 1016 1302 peccandi

229 1312 311 1340 ﬁnem
331 1311 427 1344 faciet;
449 1311 472 1338 si
493 1318 546 1338 non
569 1310 729 1345 peccaverit.
748 1318 777 1338 se
798 1312 888 1338 laetum
906 1312 1015 1347 conspi-

229 1358 292 1390 ciet,
307 1357 370 1393 quia
382 1357 415 1384 iis
430 1365 490 1391 qua:
499 1361 560 1384 ante
574 1360 649 1388 sunt,
660 1357 824 1388 extenditur,
839 1362 922 1392 atque
934 1364 1017 1392 oppu'

229 1406 328 1438 gnatus
339 1403 375 1430 ita
387 1403 553 1438 psalmorum
569 1403 596 1429 vi
610 1402 781 1437 praevalebit;
794 1410 848 1430 non
863 1411 1017 1432 commove-

229 1449 303 1476 bitur
318 1453 406 1476 autem
421 1449 448 1475 in
462 1452 592 1475 aeternum
604 1455 620 1475 ο
635 1448 747 1475 veritate
760 1457 766 1475 :
783 1448 837 1475 imo
849 1448 1016 1483 deceptores,

229 1500 256 1523 et
270 1496 317 1531 qui
331 1503 394 1524 eum
415 1495 443 1522 in
463 1502 583 1522 errorem
599 1493 732 1522 deducere
752 1494 921 1527 lentaverint,
936 1503 1014 1522 coar-

228 1546 309 1577 guet;
327 1546 354 1569 et
370 1541 451 1576 hujus
470 1541 509 1568 rei
527 1548 643 1576 sponsor
658 1548 712 1568 non
730 1540 811 1568 homo
824 1547 875 1575 est,
895 1543 942 1570 sed
956 1543 1015 1577 ipsa

228 1588 319 1615 divina
331 1586 481 1622 Scriptura.
493 1586 563 1614 Deus
573 1587 781 1623 enimpraecepit
789 1589 872 1626 Moysi
881 1591 912 1621 ",
923 1594 952 1617 ut
964 1598 1017 1618 ma-

228 1641 308 1669 gnam
317 1631 401 1660 Odam
411 1632 602 1665 conscriberet,
611 1633 772 1669 doceretque
778 1636 906 1669 populum
918 1644 924 1669 ;
935 1642 1016 1671 atque

227 1685 303 1712 eum,
320 1677 366 1713 qui
385 1677 511 1712 princeps
525 1677 690 1706 constitutus
705 1683 786 1712 esset,
800 1679 879 1714 jubet
896 1681 1016 1709 scribere

229 1722 468 1763 Dcuteronomium
478 1720 511 1754 ",
534 1726 561 1749 et
587 1722 653 1749 illud
673 1730 728 1757 prae
753 1725 879 1752 manibus
904 1725 1014 1759 habere,

229 1774 390 1803 semperque
412 1767 472 1801 ejus
488 1766 571 1794 verba
590 1767 724 1799 meditari,
740 1769 840 1804 quippe
857 1769 1016 1798 sufﬁcientia

229 1817 294 1841 sunt
307 1817 363 1841 tum
379 1813 412 1840 ad
428 1813 536 1840 virtutis
552 1813 803 1847 commonitionem,
818 1819 874 1842 tum
889 1815 922 1842 ad
937 1823 1015 1850 opem

227 1858 264 1886 iis
277 1857 433 1890 ferendam,
449 1858 496 1892 qui
513 1857 620 1885 sincero
645 1859 736 1886 animo
759 1860 880 1888 meditati
903 1868 935 1888 ea
957 1861 1016 1889 fue-

227 1903 293 1932 rint.
316 1903 472 1932 Sane.cum
495 1903 522 1930 in
544 1908 644 1931 ternm
667 1904 856 1939 promissionis
877 1906 1017 1942 ingressus

227 1954 269 1976 est
283 1947 363 1976 Jesus
379 1947 462 1981 Nave,
481 1949 631 1983 conspectis
646 1950 764 1983 gentium
779 1951 889 1984 castris,
905 1951 1016 1986 regibus

227 1993 448 2021 Amorrhaeorum
462 1994 588 2021 omnibus
601 1994 634 2020 ad
647 1994 744 2022 bellum
759 1997 942 2031 congregatis,
959 1998 1016 2024 vice

228 2040 344 2066 telorum
372 2039 576 2075 gladiorumque
616 2040 855 2069 Deuteronomium
886 2043 949 2078 legit
981 2044 1016 2071 ad

227 2092 309 2112 aures
341 2084 480 2118 omnium,
495 2086 630 2119 verbaque
647 2083 712 2119 legis
738 2084 765 2111 iu
792 2086 948 2122 memoriam
973 2094 1018 2114 re-

228 2130 379 2163 vocavit",
403 2135 484 2166 atque
499 2138 562 2157 cum
586 2131 620 2156 iis
637 2130 766 2164 populum
788 2139 838 2159 ceu
859 2132 942 2160 armis
975 2132 1017 2159 in—

228 2177 397 2209 struxisset,
429 2176 553 2203 inimicos
586 2176 732 2210 superavit.
765 2176 822 2204 Rex
853 2181 942 2204 autem
970 2177 1016 2205 Jo-

229 2223 302 2255 sias,
329 2222 440 2250 invento
468 2222 549 2254 libro,
577 2226 604 2249 et
619 2221 652 2248 ad
674 2222 796 2249 omnium
825 2230 904 2250 aures
927 2224 1015 2258 perle—

227 2268 315 2302 cto",
334 2276 388 2296 non
402 2269 471 2296 ultra
483 2268 608 2296 inimicos
620 2267 813 2296 reformidavit.
825 2268 858 2295 Et
869 2269 892 2296 si
907 2271 1016 2304 quando

229 2315 330 2344 bellum
342 2316 443 2350 populo
463 2315 611 2350 ingrueret,
628 2321 702 2347 arca,
718 2322 779 2349 quae
793 2315 860 2350 legis
877 2316 1015 2344 volumina

229 2361 397 2395 continebat,
415 2369 510 2389 omnes
528 2361 707 2396 praecedebat,
721 2364 749 2388 et
766 2361 792 2388 id
812 2363 866 2390 illis
885 2370 962 2398 aque
981 2363 1015 2391 ad

229 2407 381 2434 subsidium
397 2406 555 2438 sufﬁciebat,
571 2413 604 2433 ac
619 2406 745 2441 quaelibet
757 2407 839 2440 acies,
857 2408 909 2435 nisi
929 2409 1016 2443 quod-

229 2452 293 2479 dam
321 2452 390 2479 inter
414 2451 519 2486 baiulos
543 2452 602 2487 ejus
626 2456 674 2479 aut
697 2452 767 2480 inter
791 2454 921 2488 populum
944 2459 1016 2482 esset

229 2503 384 2533 peccatum,
416 2501 462 2525 aut
489 2497 651 2533 hypocrisis,
673 2506 734 2534 qua:
759 2499 927 2534 praevaleret.
950 2500 1016 2529 Fide

229 2550 348 2578 namque
371 2547 398 2570 et
416 2543 500 2578 probo
521 2543 683 2580 sinceraque
705 2544 802 2572 aﬂ‘ectu
827 2550 867 2574 est
888 2554 968 2582 opus,
987 2553 1017 2576 ut

229 2589 272 2617 lex
289 2589 317 2617 in
333 2590 377 2623 iis,
393 2597 454 2625 quae
470 2590 498 2617 in
511 2591 582 2618 votis
597 2595 670 2624 sunt,
687 2591 858 2627 sum-agetur.

265 2635 311 2663 '55.
331 2635 387 2670 Ego
401 2640 484 2669 certe,
497 2636 587 2664 aiebat
597 2644 690 2670 senex,
703 2638 795 2665 audivi
810 2645 825 2665 a
839 2639 1017 2673 prudentibus

229 2680 306 2714 viris,
326 2682 399 2716 quod
417 2681 482 2710 olim
502 2682 529 2710 in
545 2680 645 2710 Israele
672 2683 730 2710 sola
755 2683 957 2720 Scripturarum
979 2686 1018 2714 lc-

278 2780 301 2799 ²¹
321 2780 403 2808 Hebr.
424 2789 468 2816 xl,
495 2781 588 2810 53-35.

645 2782 667 2799 ³¹
680 2782 758 2811 Deut.
782 2792 858 2820 xxxi,
886 2787 928 2815 l9.

244 2822 310 2849 xm,
327 2816 371 2843 8-t
379 2817 398 2843 ι.

981 2789 1004 2806 ³⁵
1019 2789 1098 2819 Deut.
1131 2799 1198 2825 xvu,
1230 2792 1273 2820 18.
1303 2793 1334 2809 "‘
1357 2793 1439 2824 Josue
1456 2803 1515 2830 vui,
1532 2795 1635 2831 54,55.

1067 222 1095 248 δὲ
1112 222 1154 248 ἶνα
1166 223 1213 248 καὶ
1227 222 1257 248 τὸ
1266 222 1376 257 Πνεῦμα
1391 223 1421 248 τὸ
1433 222 1550 257 λαλῆσαν
1567 223 1595 248 ὲν
1606 224 1662 251 τοῖς
1673 223 1770 256 ἁγίοις,
1784 223 1851 251 θεω-

1069 267 1131 304 ροῦν
1142 269 1204 300 τοὺς
1219 269 1282 304 παρ’
1294 268 1375 295 αὑτοῦ
1406 268 1500 302 λόγους
1519 268 1699 303 ὲνηχηθέντας
1727 269 1850 301 ἐκείνοις,

1068 314 1348 349 συναντιλαμϐάνηται
1372 315 1447 349 ἡμῖν.
1476 314 1550 349 Ὂσῳ
1575 313 1629 349 γὰρ
1655 314 1710 340 τῶν
1735 314 1822 349 ἁγίων
1837 316 1853 342 ὁ

1067 359 1124 394 βίος
1136 360 1245 394 βελτίων
1262 359 1316 386 τῶν
1329 359 1415 386 ἄλλων
1437 359 1506 390 ἐστὶ,
1522 359 1642 393 τοσούτῳ
1661 359 1708 385 καὶ
1726 359 1760 386 τὰ
1786 360 1850 395 παρ’

1066 405 1155 432 αὐτῶν
1167 406 1276 441 ῥήματα
1291 405 1344 432 τῶν
1359 406 1420 441 παρ’
1430 405 1507 440 ἡμῶν
1519 405 1716 440 συντιθεμένων
1729 405 1853 440 βελτίονα

1066 452 1114 478 καὶ
1134 451 1295 487 ἰσχυρότερα
1323 451 1356 478 ἂν
1381 459 1423 482 τις
1437 451 1509 477 εἴποι
1532 451 1651 483 δικαίως.
1675 451 1719 478 Ἐν
1746 451 1852 482 τούτοις

1065 497 1120 532 γὰρ
1135 497 1319 533 εὐηρέστησαν
1334 496 1373 532 τῷ
1389 496 1458 531 Θεῷ,
1473 497 1520 523 καὶ
1543 497 1629 523 ταῦτα
1655 497 1791 531 λέγοντες,
1813 497 1852 529 ὡς

1066 540 1142 569 εἶπεν
1157 543 1172 569 ὁ
1202 542 1371 574 Ἀπόστολος’
1400 543 1649 577 Κατηγωνισαντο
1675 543 1851 575 ﬂauas/ac,

1065 587 1241 622 εἰργάσαντο
1267 587 1472 621 δικαιοσύνην,
1492 587 1640 622 ἐπέτυχον
1655 588 1852 622 ἐπαγγελιῶν,

1064 633 1198 667 ἔφραξαν
1223 634 1357 668 στόματα
1387 634 1535 665 λεόντων,
1563 633 1695 660 ἔσϐεσαν
1723 633 1855 666 δύναμιν

1065 678 1170 712 πιψὸς,
1185 679 1297 714 ἔφυγον
1309 679 1441 713 στόματα
1459 679 1617 713 μαχαφας,
1629 679 1854 713 ἐνεδυναμώθη-

1064 731 1125 750 σαν
1154 723 1213 750 ἀπὸ
1247 723 1421 756 ἀσθενείας,
1453 723 1640 758 ἐγενήθησαν
1667 725 1785 759 ίσχιψοὶ
1817 725 1855 751 ὲν

1064 767 1194 803 πολέμῳ,
1219 768 1409 803 παρεμϐολὰς
1430 769 1555 796 ἔκλιναν
1575 769 1751 804 ἀλλοτρίων,
1780 771 1853 797 ἕλα-

1065 815 1119 841 6ον
1153 814 1292 849 γυναῖκες
1321 814 1355 846 ἐξ
1389 814 1583 847 ἀναστάσεως
1617 815 1688 847 τοὺς
1724 815 1855 849 νεκροὺς

1029 854 1050 883 Β
1063 860 1172 888 αὐτῶν.

1100 906 1148 941 λβ’.
1172 906 1276 933 Οὐκοῦν
1306 907 1353 934 καὶ
1369 906 1416 933 νῦν
1441 905 1528 932 ταῦτα
1550 906 1637 940 λέγων
1650 906 1764 938 ἕκαστος
1780 906 1856 934 ἔστω

1065 953 1183 990 θαρρῶν,
1196 954 1237 980 ὅτι
1250 953 1283 980 δι’
1300 953 1389 980 αὐτῶν
1411 953 1517 988 ταχέως
1536 953 1550 979 ὁ
1573 952 1640 984 Θεὸς
1668 953 1855 980 ἐπακούσεται

1064 1003 1120 1033 τοῖς
1135 1001 1281 1036 δεομένοις·
1297 1001 1351 1027 eli-rs
1374 1000 1428 1036 γὰρ
1443 1000 1561 1027 θλίϐεται
1588 1000 1674 1035 λέγων
1691 1001 1787 1033 ταῦτα,
1805 1009 1855 1035 μς-

1065 1047 1151 1082 γάλην
1166 1047 1261 1082 ὄψεται
1277 1047 1326 1082 τὴν
1339 1047 1368 1073 ὲν
1382 1047 1472 1079 αὐτοῖς
1487 1046 1668 1082 παράκλησιν·
1687 1047 1742 1073 εἴτε
1759 1047 1857 1082 πειρά-

1065 1093 1140 1126 ζεται
1155 1093 1201 1119 καὶ
1213 1092 1340 1119 διώκεται
1352 1092 1459 1126 ψάλλων
1475 1092 1571 1124 οὕτως,
1584 1092 1767 1127 δοκιμώτερος
1784 1092 1856 1118 ἁνα-

1066 1140 1224 1175 φανήσεται.
1241 1139 1287 1165 καὶ
1303 1139 1520 1173 σκεπασθήσεται
1532 1138 1605 1174 παρὰ
1617 1138 1664 1164 τοῦ
1676 1139 1789 1173 Κυρίου,
1803 1138 1855 1165 τοῦ

1065 1187 1112 1213 καὶ
1129 1185 1175 1212 τὸν
1189 1186 1299 1212 εἰπόντα
1314 1184 1399 1211 ταῦτα
1421 1183 1616 1215 σκεπάσαντος·
1633 1184 1661 1209 ὲν
1682 1183 1785 1215 τούτοις
1805 1183 1855 1210 τὸν

1067 1233 1115 1268 μὲν
1131 1231 1252 1259 διάϐολον
1267 1230 1424 1266 ἀνατρέψει,
1439 1231 1501 1262 τοὺς
1516 1230 1543 1256 δὲ
1568 1229 1695 1265 δαίμονας
1711 1229 1793 1256 αὑτοῦ
1807 1238 1855 1256 σο-

1066 1279 1155 1314 ϐήσει.
1174 1277 1265 1305 Ταῦτα
1286 1277 1371 1311 λέγων
1388 1277 1412 1303 εί
1429 1277 1477 1311 μὲν
1492 1276 1624 1311 ἥμαρτεν,
1651 1276 1746 1303 ἑαυτὸν
1765 1276 1855 1311 ἐντρέ-

1065 1323 1110 1358 ψει
1128 1323 1174 1350 καὶ
1190 1323 1334 1349 παύσεταιο
1352 1323 1376 1348 εί
1392 1322 1420 1348 δὲ
1437 1322 1474 1358 μὴ
1499 1323 1633 1357 ἥμαρτεν,
1647 1322 1741 1356 δψεται
1755 1322 1856 1348 ἑαυτὸν

1066 1369 1206 1405 χαίροντα,
1223 1370 1263 1396 ὅτι
1283 1370 1338 1400 τοῖς
1358 1369 1406 1404 μὲν
1423 1367 1577 1404 ἔμπροσθεν
1593 1367 1791 1399 ἐπεκτείνεται,
1805 1368 1856 1394 καὶ

1066 1415 1264 1451 ἀγωνιζόμενος
1278 1415 1328 1450 μὲν
1341 1414 1445 1449 ίσχύσει
1458 1414 1566 1449 ψάλλων
1589 1413 1685 1445 οὓτως.
1702 1413 1732 1439 οὺ
1756 1412 1855 1440 σαλευ-

1067 1461 1175 1496 θήσεται
1188 1460 1216 1486 δὲ
1232 1460 1271 1491 είς
1284 1459 1330 1486 τὸν
1357 1459 1443 1486 αίῶνα
1473 1458 1527 1486 ἀπὸ
1546 1459 1595 1493 τῆς
1615 1457 1753 1493 ἀληθείας,
1784 1457 1855 1484 ἀλλὰ

1067 1507 1114 1533 καὶ
1142 1506 1206 1537 τοὺς
1236 1504 1398 1536 ἀπατῶντας
1435 1505 1482 1531 καὶ
1509 1504 1612 1539 πλανᾷν
1647 1502 1857 1538 ἐπιχειροῦντας

1066 1551 1179 1585 ὶλέγξευ
1196 1550 1243 1577 καὶ
1266 1549 1358 1576 τούτου
1384 1549 1434 1576 οὐκ
1456 1549 1598 1586 ἄνθρωπος
1623 1549 1769 1584 ἐγγυητὴς,
1793 1548 1856 1575 ἀλλ’

1065 1597 1134 1633 αὑτὴ
1148 1597 1164 1632 ἡ
1181 1596 1241 1623 θεία
1264 1596 1368 1631 γίνεται
1382 1596 1487 1631 Γραφή.
1509 1595 1538 1622 '0
1549 1596 1603 1630 γὰρ
1626 1595 1690 1626 Θεὸς
1703 1594 1858 1621 ἐνετείλατο

1065 1642 1104 1677 τῷ
1120 1643 1222 1677 Μωῦσῇ
1240 1641 1344 1677 γράψαι
1358 1641 1406 1676 τὴν
1425 1641 1546 1677 μεγάλην
1571 1641 1658 1676 ᾩδὴν,
1683 1641 1729 1667 καὶ
1749 1639 1857 1672 διδάξαι

1063 1689 1110 1714 τὸν
1126 1687 1199 1714 λαόν·
1213 1687 1259 1713 τόν
1275 1695 1304 1712 τε
1318 1686 1516 1722 καθιστάμενον
1529 1687 1646 1722 ἄρχοντα
1663 1685 1767 1712 κελεύει
1784 1687 1856 1721 γρά-

1063 1733 1113 1768 ψαι
1132 1733 1162 1759 τὸ
1172 1733 1390 1768 Δευτερονόμιον,
1405 1732 1476 1768 ἔχειν
1497 1741 1528 1758 τε
1548 1732 1627 1759 τοῦτο
1652 1732 1720 1766 μετά
1747 1733 1856 1767 χεῖρας,

1065 1779 1112 1806 καὶ
1129 1779 1242 1814 μελντᾷν
1255 1779 1298 1805 ἀεὶ
1313 1779 1348 1805 τὰ
1355 1779 1394 1805 Ἓν
1410 1777 1484 1814 αὑτῷ
1500 1779 1619 1814 ῥήματα,
1642 1778 1680 1810 ὡς
1697 1777 1859 1813 ἀρκούντων

1065 1825 1118 1851 τῶν
1134 1826 1163 1851 ὲν
1177 1826 1267 1857 αὐτοῖς
1281 1824 1368 1858 λόγων
1383 1824 1450 1860 πρός
1467 1833 1497 1850 τε
1512 1825 1662 1859 ὑπόμνησιν
1678 1824 1790 1859 ἀρετῆς,
1807 1825 1858 1851 καὶ

1067 1871 1192 1907 βοήθειαν
1217 1870 1310 1906 φέρειν
1344 1871 1400 1902 τοῖς
1427 1869 1546 1905 γνησίως
1578 1870 1675 1901 αὐτοὺς
1694 1870 1858 1905 μελετῶσιν.

1073 1917 1180 1952 Ἀμέλει
1202 1916 1320 1951 ὁπηνίκα
1337 1916 1376 1947 είς
1389 1915 1438 1950 τὴν
1455 1915 1507 1950 γῆν
1532 1915 1657 1950 εἰσῆλθεν
1671 1916 1685 1942 ὁ
1696 1915 1747 1941 τοῦ
1763 1916 1857 1950 Ναυῆ,

1068 1961 1173 1996 βλέπων
1186 1961 1234 1992 τὰς
1248 1960 1301 1987 τῶν
1311 1960 1416 1996 ἐχθρῶν
1430 1960 1576 1993 διατάξεις,
1594 1960 1641 1987 καὶ
1655 1960 1717 1992 τοὺς
1733 1960 1858 1995 βασιλεῖς

1067 2007 1120 2033 τῶν
1140 2006 1310 2042 ’Δμορῤαίων
1331 2006 1434 2038 πάντας
1455 2006 1629 2038 συνελθόντας
1662 2008 1702 2038 είς
1724 2007 1858 2041 πόλεμον,

1067 2051 1148 2082 αὐτὸς
1164 2051 1220 2077 ἀνθ’
1234 2051 1322 2078 ὃπλων
1335 2052 1381 2078 καὶ
1403 2051 1486 2086 ξιφῶν
1510 2052 1540 2079 τδ
1562 2053 1769 2088 Δευτερονὸμιον
1790 2053 1862 2080 ἀνα-

1067 2097 1148 2130 γνοὺς
1158 2098 1198 2128 είς
1207 2097 1243 2124 τά
1267 2094 1324 2124 ὦτα
1349 2097 1468 2130 πάντων,
1484 2098 1518 2125 τά
1530 2107 1560 2124 τε
1578 2099 1688 2134 ῥήματα
1709 2099 1756 2125 τοῦ
1770 2099 1858 2134 νόμου

1067 2142 1236 2178 ὑπομνήσας,
1263 2143 1310 2169 καὶ
1327 2143 1431 2175 τούτοις
1453 2143 1499 2170 τὸν
1520 2144 1583 2171 λαὸν
1613 2144 1790 2176 καθοπλίσας,
1806 2153 1861 2170 περ

1030 2188 1190 2229 οριγέγονε
1215 2188 1268 2215 τῶν
1297 2188 1443 2224 πολεμίων.
1477 2190 1506 2217 '0
1523 2189 1551 2216 δὲ
1585 2189 1708 2224 βασιλεὺς
1738 2190 1859 2222 Ἰωσίας,

1068 2233 1224 2268 εὑρεθέντος
1239 2235 1286 2261 τοῦ
1301 2234 1413 2270 βιϐλίου,
1439 2236 1486 2263 καὶ
1505 2235 1722 2270 ἀναγνωσθέντος
1741 2237 1782 2268 είς
1807 2236 1862 2269 τὰς

1069 2278 1176 2305 πάντων
1188 2279 1282 2311 ἀκοὰς,
1297 2280 1388 2307 οὐκέτι
1397 2281 1460 2312 τοὺς
1476 2281 1590 2317 ἐχθροὺς
1604 2281 1737 2316 ἐφοϐεῖτο.
1754 2282 1810 2308 Καὶ
1830 2283 1865 2309 εἷ

1069 2333 1133 2351 ποτε
1150 2325 1178 2351 δὲ
1189 2325 1306 2361 πόλεμος
1323 2323 1358 2362 ἦν
1367 2326 1406 2362 τῷ
1425 2326 1492 2362 λαῷ,
1517 2328 1534 2362 ἡ
1564 2326 1678 2358 κιϐωτὸς
1704 2327 1804 2362 ἔχουσα
1821 2333 1863 2355 τὰ

1069 2370 1151 2402 “mila
1177 2371 1223 2397 τοῦ
1247 2371 1328 2406 νόμου
1366 2372 1503 2408 προώόευε
1525 2373 1644 2405 πάντων,
1671 2373 1718 2399 καὶ
1744 2374 1865 2409 ἠρκεῖτο
1881 2371 1888 2376 ’

1068 2416 1172 2448 τούτοις
1187 2417 1247 2443 ἀντὶ
1260 2417 1350 2452 πάσης
1366 2418 1544 2453 παρατάξεως
1559 2419 1600 2449 εἰς
1613 2418 1750 2454 βοήθειαν,
1774 2420 1799 2445 εί
1817 2421 1862 2456 μή

1068 2470 1110 2493 τις
1128 2459 1162 2497 ἦν
1194 2462 1270 2497 παρὰ
1298 2464 1354 2495 τοῖς
1380 2462 1543 2497 βαστάζουσι
1571 2464 1618 2490 καὶ
1644 2465 1673 2491 ὲν
1702 2466 1758 2496 τοῖς
1783 2464 1865 2497 λαοῖς

1069 2508 1284 2542 προκρατήσασα
1299 2508 1420 2544 ἁμαρτία
1434 2510 1481 2535 καὶ
1496 2510 1649 2546 ὑπόκρισις.
1665 2510 1786 2542 Πίστεως
1803 2511 1866 2547 γὰρ

1070 2552 1118 2578 καὶ
1135 2552 1250 2587 γνησίας
1276 2553 1422 2586 διαθέσεως
1450 2555 1540 2590 χρεία,
1562 2555 1605 2581 ἵνα
1625 2556 1640 2581 ὁ
1655 2555 1735 2590 νόμος
1761 2557 1801 2587 εἰς
1822 2556 1867 2583 τὰ

1070 2599 1130 2624 κατ’
1144 2598 1228 2633 εὐχὴν
1244 2599 1451 2634 συνεργάζηται.

1105 2643 1156 2677 λγ’.
1184 2644 1255 2678 Ἐγὼ
1287 2645 1361 2678 γοῦν,
1394 2645 1491 2682 ἔλεγεν,
1509 2647 1523 2674 ὁ
1553 2647 1652 2685 γέρων,
1680 2648 1784 2683 ἥκουσα
1809 2649 1867 2675 καὶ

1071 2690 1146 2725 παρὰ
1168 2690 1306 2726 φρονίμων
1328 2691 1443 2727 ἀνδρῶν,
1457 2693 1494 2724 ὡς
1512 2693 1566 2729 ἄρα
1581 2694 1612 2720 τὸ
1625 2694 1739 2721 παλαιὸν
1766 2695 1794 2720 ὲν
1817 2693 1868 2730 τῷ

1684 2795 1707 2812 κ
1723 2795 1756 2822 lV
1786 2794 1861 2831 Reg.
