1938 3053
69 142 105 169 ιδ
528 136 713 169 ADMONITIO
733 141 764 168 IN
784 136 1033 170 EXPOSITIONES
1052 141 1276 171 PSALMORUM.
1657 141 1692 169 ισ

75 198 190 234 Ἰσραὴλ,
210 196 291 233 μόνον
307 197 536 232 ἀναγινώσκοντες
551 198 599 230 τὰς
612 199 732 234 Γραφὰς,
740 199 850 225 ἐδίωκον

905 201 990 228 ctione
999 200 1136 228 daemones
1147 199 1288 236 fugabant,
1302 203 1330 227 et
1344 199 1458 228 insidias
1472 200 1507 228 ab
1519 199 1586 235 ipsis
1597 200 1692 228 adrer—

67 245 205 280 δαιμονας.
229 244 277 270 καί
292 244 403 278 quem
416 245 465 276 τὰς
494 245 559 280 παρ’
570 245 660 271 αὐτῶν
674 247 732 276 τοῖς
751 244 855 281 ἀνθρώ-

67 299 127 323 ποις
141 290 289 325 γινομένας
320 290 476 322 ὲπιὸουλάς.
492 291 572 318 Ὀθεν
595 291 642 318 καὶ
657 290 854 325 καταγνώσεως

67 339 157 374 πάσης
174 339 263 371 ἀξίους
273 335 344 365 εἶναι
361 338 436 372 ἔλεγε
451 339 514 370 τοὺς
532 338 618 365 ταῦτα
647 339 694 373 μὲν
713 338 852 373 ἀφιέντας,

68 383 240 414 συντιθέντας
264 383 292 410 δὲ
315 383 420 415 ἑαυτοῖς
435 383 533 416 ἔξωθεν
553 383 652 410 πιθανὰ
673 383 791 418 ῥήματα,
807 382 854 410 κα)⁸

67 430 96 456 ὲν
119 429 224 460 τούτοις
241 429 401 464 ὲξορκιστὰς
416 430 527 460 ἑαυτοὺς
546 428 737 463 ὀνομάζοντας.
746 428 853 455 Μᾶλλον

67 476 121 512 γὰρ
134 476 277 508 παίζουσι,
302 477 349 503 καὶ
363 476 527 512 παρέχουσιν
547 476 660 507 ἑαυτοὺς
680 475 793 506 ἐκείνοις
813 475 853 506 εις

66 522 296 558 τδχλευᾶξεσθαι·
319 521 364 548 οἶα
393 522 557 548 πεπόνθασιν
586 521 706 547 Ἰουδαῖοι
727 521 752 547 οἱ
765 521 854 547 Σκευᾶ

66 568 128 599 υἱοὶ,
143 568 369 603 ἐπιχειρήσαντες
399 567 446 594 καὶ
471 567 547 594 αὐτοὶ
567 566 612 593 τὸν
633 567 736 602 τρόπον
759 566 852 593 τοῦτον

67 612 226 649 ὲξορκίζειν.
259 614 350 640 Ταῦτα
372 614 420 648 μὲν
446 613 502 648 γὰρ
533 612 678 643 ἀκούοντες
700 611 776 648 παρὰ
798 612 852 638 τῶν

66 660 194 686 τοιούτων
206 660 231 685 οἱ
244 659 368 694 δαίμονες
383 657 519 690 παίζουσι·
537 658 571 684 τὰ
583 657 612 684 δὲ
629 658 683 684 τῶν
703 659 787 692 ἁγίων
806 659 854 694 ῥή-

68 714 141 740 ματα
156 705 313 739 φοϐοῦνται,
336 705 415 740 ῆκαὶ
439 704 533 740 φέρειν
562 704 632 730 αὐτὰ
657 705 687 730 οὐ
712 703 850 731 δύνανται.

67 751 144 778 Ἔστι
158 751 213 787 γὰρ
233 752 262 777 ὲν
279 752 334 782 τοῖς
355 750 410 777 τῶν
426 749 541 785 Γραφῶν
562 750 679 785 ῥήμασιν
693 750 708 776 ὸ
738 749 851 784 Κύριος,

65 796 93 822 ὃν
115 797 153 832 μὴ
171 796 315 832 δυνάμενοι
328 796 419 832 φέρειν
449 794 572 831 ἔκραζον·
593 794 700 829 Δέομαί
724 801 792 827 σου,
809 794 852 829 μή

65 850 100 873 με
109 842 168 876 πρὸ
181 842 286 876 καιροῦ
301 841 487 874 ,ϐασανίσῃς
504 841 626 868 ἐκαίοντο
639 840 693 876 γὰρ
707 841 755 868 καὶ
774 841 853 876 μόνον

905 254 967 274 sum
1000 246 1124 274 homines
1147 252 1257 281 paratas
1283 247 1468 278 destruebant.
1498 247 1589 280 Quare
1617 247 1691 274 omni

905 292 1079 319 damnatione
1095 292 1192 327 dignos
1204 300 1265 320 esse
1281 293 1388 320 dicebat
1403 299 1451 320 eos
1467 292 1524 327 qui,
1548 292 1591 320 his
1608 292 1691 320 omis-

906 337 956 370 sis,
979 337 1145 372 adscitisque
1165 338 1276 365 aliunde
1294 338 1385 366 verbis
1407 337 1587 372 elegantibus,
1607 338 1634 364 in
1659 338 1694 365 iis

906 389 966 410 sese
980 382 1131 410 exorcistas
1144 384 1326 410 nominarent.
1342 382 1437 411 Potius
1451 383 1522 410 enim
1538 383 1645 415 ludunt,
1662 391 1694 411 ac

906 434 936 455 se
955 427 1126 456 daamonibus
1149 428 1277 456 ridendos
1294 428 1420 461 oﬂ‘erunt.
1443 429 1515 456 sicut
1534 429 1632 457 accidit
1646 428 1694 456 .Iu-

905 473 971 500 daeis
990 473 1054 501 ﬁliis
1075 472 1167 502 Seevae
1177 474 1210 506 ³⁷,
1227 474 1275 508 qui
1299 481 1333 501 eo
1353 474 1413 509 ipso
1436 475 1517 502 modo
1537 475 1694 502 exorcizare

906 522 1090 546 tentaverunt.
1114 519 1177 547 Ilaec
1193 520 1283 554 itaque
1297 528 1358 547 cum
1377 520 1491 547 audiunt
1503 521 1537 548 ab
1552 521 1619 555 ipsis
1637 521 1694 548 dae-

906 572 1011 596 mones,
1029 566 1069 593 eis
1090 566 1222 598 illudunt;
1241 570 1336 593 contra
1352 574 1418 594 vero
1437 571 1592 595 sanctorum
1611 567 1694 594 verba

906 609 1094 644 reformidant,
1111 618 1162 638 nec
1178 615 1294 646 possunt
1306 619 1338 638 ea
1356 611 1502 639 sustinere.
1520 611 1549 638 In
1569 611 1694 646 Scriptu-

906 664 997 684 rarum
1010 665 1128 692 namque
1140 657 1231 685 verbis
1242 661 1283 685 cst
1299 657 1439 689 Dominus,
1451 665 1532 692 quem
1546 665 1608 685 cum
1624 657 1695 685 ferre

906 709 960 729 non
975 707 1097 738 possent,
1109 704 1265 730 clamabant
1279 713 1285 731 :
1301 703 1370 739 Rogo
1381 709 1405 731 te
1418 712 1449 731 ne
1463 711 1503 731 me
1516 708 1577 730 ante
1595 708 1694 737 tempus

906 753 1027 782 torqueas
1039 748 1071 776 ".
1088 748 1258 777 .Urebantur
1284 750 1418 784 siquidem
1444 757 1506 776 cum
1533 754 1694 783 praesentem

906 793 1051 822 Dominum
1081 799 1186 823 tantum
1212 796 1351 823 viderent.
1376 796 1414 823 Ita
1437 801 1464 824 et
1483 795 1584 823 Paulus
1607 795 1695 830 impe-

906 841 975 867 ravit
1008 841 1124 876 impuris
1153 841 1324 870 daemonibus
1354 841 1376 858 ³³
1393 861 1401 875 ,
1434 842 1471 869 ita
1499 846 1526 868 et
1553 841 1696 876 discipulis

67 887 210 922 βλέποντες
223 888 344 924 παρόντα
357 887 401 914 τὸν
420 887 532 923 Κύριον.
549 887 642 919 Οὕτως
657 888 704 915 καὶ
715 889 729 914 6
746 887 851 919 Παῦλος

905 885 1117 920 subjiciebantur
1137 886 1270 915 ila-monia
1279 887 1312 913 ‘°.
1328 887 1361 914 Et
1391 894 1473 922 super
1494 886 1613 914 Eliseum
1632 894 1696 922 pro-

67 933 233 968 παρήγγειλε
255 935 311 965 τοῖς
335 933 500 969 ἀκαθάρτοις
526 933 787 968 πνεύμασιν-οὓτως
804 934 852 960 καὶ

64 977 118 1009 τοις
145 977 282 1012 μαθηταῖς
305 977 471 1004 ὑπετάσσετο
497 977 532 1004 τὰ
552 978 687 1013 δαιμόνια.
720 979 775 1005 Καὶ
806 979 852 1004 ἐπὶ

71 1024 223 1051 Ἐλισσαίου
250 1025 278 1051 δὲ
299 1024 346 1051 τοῦ
362 1026 500 1061 προφήτου
522 1025 629 1059 ἐγένετο
651 1025 712 1061 χεὶρ
737 1025 851 1061 Κυρὶου,

64 1070 110 1095 καὶ
123 1071 312 1106 προεφήτευσε
331 1070 396 1106 περὶ
415 1071 469 1097 τῶν
487 1070 590 1097 ὑδάτων
616 1071 671 1101 τοῖς
689 1070 762 1105 τρισὶ
776 1070 851 1105 βασι-

63 1115 168 1146 λεῦσιν,
195 1115 240 1142 ὅτε
259 1115 356 1150 ἔψαλλε
385 1117 445 1142 κατ’
461 1115 571 1151 ἐντολὴν
589 1115 672 1142 αὐτοῦ
699 1116 712 1142 ὁ
733 1115 850 1150 ψάλλων.

63 1161 158 1193 οὓτως
174 1161 221 1188 καὶ
234 1161 291 1193 νῦν,
306 1162 332 1188 at
344 1170 384 1193 τις
395 1161 505 1196 κήδεται
518 1160 572 1187 τῶν
586 1161 753 1196 πασχόντων,
767 1161 852 1188 ταῦτα

62 1206 177 1240 λεγέτω,
192 1206 241 1233 καὶ
268 1206 366 1241 μᾶλλον
383 1206 428 1232 τόν
453 1215 482 1232 τε
513 1206 651 1241 πάσχοντα
670 1207 770 1241 ὠφελεῖ
788 1207 850 1240 (9‘),

61 1254 107 1279 καὶ
128 1252 227 1279 ἑαυτοῦ
242 1252 290 1288 τὴν
315 1253 406 1278 πίστιν
421 1252 507 1287 ἀληθῆ
531 1252 578 1278 καὶ
599 1251 709 1287 βεϐαίαν
721 1252 852 1286 ἐπιδείξε-

61 1306 115 1325 ται·
136 1298 219 1330 ὥστε,
245 1299 292 1325 καὶ
318 1298 419 1332 ταύτην
445 1298 550 1333 ὁρῶντα
571 1298 626 1324 τὸν’
650 1298 727 1331 Θεὸν,
747 1299 851 1326 τελείαν

61 1344 109 1379 τὴν
125 1344 278 1379 θεραπείαν
295 1345 446 1379 παρασχεῖν
458 1344 514 1374 τοῖς
527 1343 674 1379 δεομένοις.
699 1343 784 1370 Τοῦτο
798 1343 851 1379 γὰρ

61 1390 107 1416 καὶ
125 1390 141 1415 ὁ
163 1390 240 1422 am;
258 1389 409 1423 γινώσκων,
425 1389 517 1423 ἔλεγεν
545 1390 573 1415 ὲν
604 1389 643 1424 τῷ
671 1393 722 1425 ριη¹
735 1389 850 1424 ψαλμῷ·

67 1435 118 1462 Ἑν
131 1435 197 1467 τοῖς
207 1434 383 1469 δικαιώμασι
409 1443 468 1462 σου
484 1434 651 1469 μελετήσω,
669 1436 725 1462 οὐκ
749 1434 852 1468 ἐπαιξ-

60 1486 157 1513 σομαι
166 1478 226 1505 τῶν
240 1479 338 1513 λόγων
366 1486 433 1506 σου·
460 1480 506 1506 καὶ
529 1480 620 1506 πάλιν·
649 1480 754 1507 Ψαλτὰ
770 1479 852 1515 ἦσάν

58 1533 106 1557 μοι
120 1523 160 1550 τὰ
173 1524 350 1559 δικαιώματά
369 1533 425 1552 σου
452 1525 488 1552 ἐν
504 1526 583 1559 τόπῳ
604 1527 759 1560 παροικίας
779 1535 850 1561 μου.

66 1570 111 1596 Ἐν
126 1569 234 1601 τούτοις
245 1570 299 1606 γὰρ
311 1571 356 1597 καὶ
372 1571 507 1606 σωτηρίαν
526 1571 679 1608 ἐκέρδαινον
690 1593 697 1605 ,
715 1572 848 1606 λέγοντες·
864 1561 885 1590 c

61 1617 96 1643 El
104 1615 154 1651 μὴ
169 1616 214 1643 ὅτι
230 1618 246 1643 ὁ
263 1617 353 1652 νόμος
372 1625 429 1644 σου
442 1617 551 1652 μελέτη
559 1627 618 1652 μου
638 1618 714 1649 ἐστὶ,
733 1620 799 1646 τότε
815 1619 853 1645 ἂν

60 1662 231 1696 ἀπωλόμην
258 1663 294 1689 ὲν
316 1663 353 1698 τῇ
386 1662 563 1691 ταπεινώσει
572 1672 644 1697 μου.
672 1663 753 1690 Ὅθεν
778 1664 852 1690 καὶὸ

61 1708 170 1740 Παῦλος
183 1709 212 1735 ὲν
229 1708 332 1740 τούτοις
346 1709 507 1744 ἡσφαλίζετο
525 1709 570 1736 τὸν
589 1708 685 1736 ἑαυτοῦ
712 1709 849 1745 μαθητὴν,

60 1753 164 1788 λέγων·
187 1754 282 1781 Ταῦτα
300 1754 420 1789 μελέτα,
444 1755 479 1782 ἐν
501 1756 617 1788 τούτοις
641 1755 713 1788 ἶσοι,
726 1755 777 1781 ἵνα
792 1763 850 1782 σου

59 1800 78 1833 1’;
91 1799 235 1834 προκοπὴ
249 1800 361 1835 φανερὰ
374 1801 503 1835 γένηται.
533 1801 625 1828 Ταῦτα
650 1801 698 1827 καὶ
723 1800 755 1827 σὺ
775 1799 854 1836 μελε-

58 1846 126 1877 τῶν,
142 1846 190 1872 καὶ
208 1846 324 1878 συνετῶς
337 1847 508 1882 ἐντυγχάνων
533 1846 619 1878 οὕτως
648 1847 703 1878 τοῖς
726 1846 852 1881 ψαλμοῖς,

905 933 1014 967 phetam
1033 932 1103 960 facta
1121 937 1163 961 est
1181 941 1280 961 manus
1299 933 1406 961 Domini
1418 934 1453 966 δ’,
1465 941 1528 961 cum
1547 933 1634 960 tribus
1652 940 1696 960 re-

905 978 984 1013 gibus
1009 979 1180 1013 prophetarit
1200 979 1234 1007 de
1261 980 1340 1014 aquis
1361 988 1367 1006 :
1392 979 1456 1006 dum
1476 979 1580 1007 scilicet
1594 979 1695 1014 psaltes

903 1024 981 1059 juxta
993 1024 1053 1059 ejus
1069 1026 1227 1052 mandatum
1242 1025 1378 1058 psalleret.
1396 1024 1499 1053 Eodem
1515 1025 1597 1052 modo
1611 1025 1694 1052 etiam

905 1077 978 1096 nunc
993 1070 1016 1097 si
1032 1071 1093 1105 quis
1111 1070 1144 1098 de
1157 1071 1321 1105 patientibus
1334 1071 1467 1099 sollicitus
1483 1072 1529 1103 sit.
1544 1071 1597 1098 ista
1609 1071 1694 1104 dicat,

905 1116 1106 1151 patientemque
1127 1117 1205 1145 valde
1223 1117 1339 1152 juvabit,
1352 1124 1485 1152 suamque
1503 1117 1585 1144 ﬁdem
1599 1124 1694 1145 veram

905 1161 1065 1196 ﬁrmamque
1087 1163 1295 1197 comprobabit;
1315 1162 1383 1190 adeo
1406 1166 1435 1189 ut
1455 1162 1528 1188 illam
1557 1161 1629 1190 Deus
1652 1163 1695 1189 in-

905 1211 994 1240 tuens,
1017 1208 1164 1243 perfectam
1187 1209 1333 1236 sanitatem
1351 1208 1513 1243 rogantibus
1531 1207 1642 1235 tribuat.
1665 1207 1693 1235 Id

904 1260 966 1280 cum
986 1258 1162 1288 cognosceret
1184 1258 1295 1282 sanctus
1312 1254 1366 1287 ille,
1387 1253 1476 1281 aiebat
1497 1253 1525 1280 in
1545 1253 1695 1281 centesimo

904 1297 1011 1325 decimo
1034 1304 1132 1326 Octavo
1152 1299 1258 1334 psalmo
1283 1307 1290 1325 :
1321 1297 1353 1325 In
1376 1298 1614 1333 justiﬁcationibus
1641 1299 1693 1325 tuis

905 1335 1063 1376 meditabor.
1086 1353 1138 1372 non
1157 1344 1297 1372 obliviscar
1311 1352 1442 1372 sermones
1465 1349 1522 1371 tuos
1531 1344 1563 1371 δ’.
1584 1343 1617 1372 Et
1632 1352 1694 1372 rur-

905 1397 966 1417 sum
987 1398 993 1416 :
1014 1389 1165 1416 Cantabiles
1189 1390 1253 1416 mihi
1275 1393 1351 1416 erant
1368 1388 1573 1423 justiﬁeationcs
1593 1393 1646 1416 tute
1665 1390 1693 1416 in

905 1435 962 1462 loco
978 1436 1196 1470 peregrinationis
1211 1443 1274 1462 mete
1282 1435 1315 1462 “.
1331 1435 1360 1462 In
1379 1435 1421 1463 his
1432 1435 1503 1462 enim
1517 1435 1598 1462 etiam
1619 1435 1693 1462 salu-

905 1485 959 1508 tem
985 1481 1125 1508 consecuti
1145 1486 1218 1513 sunt,
1237 1481 1358 1508 dicentes
1380 1487 1386 1507 :
1406 1479 1469 1507 Nisi
1491 1479 1560 1515 quod
1580 1479 1621 1506 tea:
1646 1484 1693 1506 tua

904 1527 1042 1554 meditatio
1060 1535 1118 1554 mea
1133 1532 1182 1561 est,
1199 1533 1260 1554 tunc
1275 1528 1342 1562 forte
1355 1527 1489 1562 periissem
1502 1527 1529 1554 in
1544 1526 1694 1553 humilitate

904 1581 962 1600 mea
970 1573 1002 1601 ⁸⁵.
1026 1573 1100 1602 Unde
1114 1578 1140 1602 et
1155 1574 1255 1602 Paulus
1271 1574 1314 1601 his
1332 1575 1398 1609 ipsis
1414 1573 1594 1602 conﬁrmabat
1609 1573 1694 1600 disci-

905 1620 998 1654 pulum
1018 1628 1097 1647 suum
1114 1620 1209 1648 dicens
1219 1610 1242 1636 ίδ
1258 1629 1265 1648 :
1286 1620 1350 1647 Ηωε
1366 1621 1501 1653 meditare,
1522 1620 1551 1646 in
1568 1620 1608 1646 his
1624 1624 1689 1649 esto.

905 1670 934 1691 ut
948 1665 1079 1700 profectus
1095 1670 1154 1693 tuus
1174 1666 1329 1701 manifestus
1344 1667 1389 1693 sit.
1407 1665 1470 1693 Haec
1486 1666 1567 1693 etiam
1586 1670 1613 1693 tu
1632 1673 1692 1692 me-

903 1708 1005 1741 ditans,
1024 1714 1106 1744 atque
1125 1710 1162 1738 ita
1181 1710 1299 1745 psalmos
1318 1711 1456 1745 sapienter
1475 1710 1577 1746 legens,
1595 1710 1692 1737 unius-

903 1753 1036 1789 cujusque
1058 1762 1181 1786 sensum,
1205 1755 1309 1791 Spiritu
1327 1756 1402 1789 duce,
1423 1755 1554 1791 consequi
1577 1756 1690 1790 poteris.

906 1798 999 1826 Talem
1020 1807 1085 1828 vero
1109 1801 1193 1828 vitam
1215 1805 1243 1828 tu
1267 1808 1376 1836 quoque
1399 1801 1559 1832 imitaberis,
1583 1800 1690 1835 qualem

906 1845 1070 1879 habuerunt,
1091 1847 1138 1881 qui
1159 1847 1217 1874 haec
1230 1847 1313 1874 locuti
1334 1851 1396 1875 sunt
1411 1846 1506 1874 deiteri
1527 1846 1612 1874 sancti
1627 1845 1688 1873 viri.

57 1893 105 1920 τὸν
122 1893 175 1928 μὲν
195 1894 224 1920 ὲν
238 1894 344 1929 ἑκάστῳ
355 1894 417 1922 νοῦν
429 1894 629 1929 ὁδηγούμενος
644 1893 703 1921 ὑπὸ
718 1893 771 1920 τοῦ
790 1894 963 1929 Πνεύματος
987 1893 1150 1921 καταλαϐεῖν
1174 1894 1284 1930 δυνήσῃ.
1312 1894 1437 1921 Τοιοῦτον
1463 1894 1491 1921 δὲ
1515 1894 1562 1920 καὶ
1586 1893 1619 1920 σὺ
1643 1892 1691 1928 ζη-

58 1938 160 1971 λώσεις
177 1939 244 1974 βίον,
257 1937 313 1967 οἷον
323 1940 402 1976 ἔσχον
415 1941 440 1966 ot
451 1940 539 1967 ταῦτα
552 1939 758 1976 θεοφορούμενοι
769 1939 933 1975 λαλήσαντες
947 1940 1043 1976 ἄνδρες
1054 1940 1136 1974 ἂγιοι.

59 2005 81 2020 ³⁷
96 2005 160 2032 Act.
177 2013 236 2037 xu,
251 2004 344 2031 “46.
378 2005 401 2021 ³³
416 2004 482 2032 Luc.
497 2013 557 2039 rm,
570 2004 616 2032 28.
656 2005 678 2021 "
693 2004 752 2032 Act.
770 2012 826 2036 xvr,
840 2005 850 2032 i

927 2006 951 2021 ‘°
963 2004 1029 2034 Luc.
1042 2014 1070 2040 κ,
1088 2007 1132 2033 I7.
1159 2007 1181 2022 “
1198 2005 1231 2034 IV
1245 2006 1310 2043 Reg.
1325 2015 1366 2039 ut,
1383 2007 1428 2034 15.
1466 2006 1489 2023 ⁸⁸
1504 2006 1576 2034 Psal.
1592 2013 1691 2041 cum,

59 2051 105 2078 16.
158 2051 182 2067 ⁸³
197 2051 262 2078 ibid.
278 2051 322 2078 54.
369 2052 393 2067 “
408 2052 474 2080 ibid.
491 2052 535 2079 9‘3.

96 2109 148 2144 (9‘)
175 2109 329 2144 Ὠφελήσει,
343 2109 386 2136 ed.

585 2052 608 2068 ⁸⁵
622 2052 632 2079 l
646 2051 716 2079 Tim.
736 2059 773 2084 tv,
790 2052 832 2079 l5.

74 2174 1669 2188 -—————————_——-———————___

190 2230 545 2279 ἶΑΒΜΟΝΙΤΙΟ
584 2233 645 2278 IN
682 2230 851 2278 EXPO;

907 2230 1130 2278 TIONES
1166 2232 1552 2281 PSALMORUM.

90 2352 223 2387 Duplicem
244 2351 362 2387 habemus
373 2351 497 2387 Athanasii
509 2351 691 2387 expositionem
706 2352 730 2376 in
743 2352 861 2387 Psalmos.
876 2352 987 2378 Priorem
997 2352 1101 2387 exhibet
1111 2351 1187 2387 editio
1197 2351 1306 2387 Maurina
1315 2354 1389 2387 et_ea_
1397 2355 1436 2377 est
1446 2352 1476 2378 ad
1488 2359 1560 2387 quam
1568 2352 1687 2387 hicprah

59 2383 126 2417 {atur-
135 2383 340 2417 Montfaucouius,
356 2384 395 2407 cui
407 2384 480 2417 etiam
491 2384 611 2417 accedunt
622 2384 793 2417 supplementa
806 2383 836 2407 ab
848 2384 1075 2417 ipsoipostmodum
1087 2384 1153 2417 edita
1163 2383 1518 2417 cum__Athauasii_Argumento
1526 2383 1551 2409 in
1564 2383 1684 2417 {salinas

58 2414 248 2470 Ex‘pgg;iiip:m
261 2415 363 2438 alteram
374 2420 419 2438 seu
430 2414 519 2438 librum
538 2415 573 2438 De
586 2413 661 2439 turdis
671 2413 837 2439 'Psatmorum
853 2413 947 2445 publici
966 2415 1030 2445 juris
1046 2414 1105 2438 fecit
1120 2414 1249 2439 Antonelli
1269 2414 1338 2443 cujus
1357 2413 1530 2440 Préfationem
1550 2415 1607 2440 vide
1622 2416 1687 2441 intra

58 2451 89 2469 co
103 2463 109 2468 .
218 2451 250 2468 ir.

95 2530 116 2558 I.
136 2531 322 2565 Expositioncs
343 2532 430 2560 sancti
443 2532 585 2560 Athanasii
604 2533 632 2559 in
652 2532 772 2560 Pcalmos
795 2534 914 2561 sistimus
936 2534 994 2565 tibi,
1009 2532 1104 2560 Lector
1126 2532 1237 2565 erudite,
1256 2529 1318 2559 illas
1333 2531 1432 2559 scilicet
1450 2533 1496 2560 diu
1516 2534 1654 2568 expetitas,
1669 2543 1685 2560 (ι

56 2579 152 2605 multis
168 2579 305 2612 laudatas,
319 2580 444 2614 antiqute,
461 2579 564 2612 mellite,
579 2579 676 2614 infimae
691 2581 778 2607 astatis
793 2581 955 2608 auctoribus.
977 2579 1096 2612 Quarum
1115 2578 1328 2613 ἀποσπασμάτια
1342 2580 1461 2615 quaedam
1477 2580 1505 2606 in
1523 2581 1596 2615 prius
1606 2581 1685 2607 editis

55 2624 208 2652 exstabant.
229 2624 323 2652 Utrum
343 2633 401 2652 vero
413 2625 441 2651 hi
455 2626 635 2652 commentarii
651 2626 766 2660 idipsum
779 2627 830 2653 sint
840 2627 909 2661 quod
921 2627 987 2653 liber
1001 2625 1039 2653 De
1050 2626 1135 2653 titulis
1145 2626 1312 2662 psalmorum
1325 2625 1356 2652 ab
1375 2625 1535 2661 Hieronymo
1546 2626 1684 2658 laudatus,

54 2673 84 2694 ut
102 2670 196 2703 nuperi
210 2670 348 2703 cujusdam
360 2670 409 2704 fert
424 2671 521 2704 opinio,
533 2679 584 2697 non
595 2676 636 2697 sat
652 2671 818 2706 exploratum
829 2677 885 2704 est;
902 2672 929 2698 id
942 2680 1006 2699 sane
1019 2672 1043 2699 si
1057 2680 1145 2699 verum
1160 2675 1236 2705 esset,
1253 2677 1304 2698 non
1320 2673 1454 2700 commode
1465 2673 1531 2699 satis
1547 2672 1686 2705 inscriptio

53 2718 145 2751 posita
159 2718 263 2752 fuisset,
281 2725 340 2744 cum
353 2726 403 2745 non
420 2719 452 2745 de
465 2719 552 2746 titulis
574 2721 661 2752 modo,
673 2720 718 2746 sed
735 2721 814 2746 etiam
832 2720 865 2747 de
877 2721 1011 2748 versiculis
1033 2721 1152 2748 omnibus
1170 2721 1212 2748 hic
1225 2725 1329 2756 agatur.
1345 2719 1398 2753 Qui
1411 2719 1530 2755 proxime
1542 2719 1684 2745 secundum

56 2762 253 2798 Hieronymum
267 2764 345 2790 hasce
358 2766 530 2798 expositiones
549 2765 668 2793 laudavit
679 2787 687 2799 ,
702 2771 741 2793 est
757 2765 944 2798 Theodoretus,
959 2768 983 2795 si
995 2773 1084 2794 tamen
1097 2774 1155 2803 qua
1168 2773 1312 2803 sequuntur
1323 2775 1374 2794 non
1387 2767 1441 2793 sint
1453 2765 1591 2800 cujusdam
1607 2773 1683 2791 ama-

53 2807 163 2834 tutenst's
175 2808 243 2842 regii
256 2808 354 2834 codicis
365 2808 418 2835 228
429 2809 619 2844 antiquissimi,
632 2811 796 2851 ubi'ezstant
811 2811 1000 2846 Expositiones
1016 2807 1178 2841 Theodoreti
1191 2814 1218 2841 in
1228 2814 1322 2842 titulos
1333 2815 1518 2850 psalmorum;
1536 2821 1591 2840 nec
1609 2813 1683 2839 illius

53 2852 138 2879 verba
147 2857 209 2880 sunt
222 2853 255 2880 de
269 2853 372 2887 psalmo
383 2862 426 2882 ctx
440 2855 567 2890 loquentis
579 2864 588 2883 .'
603 2857 633 2884 '0
647 2857 675 2885 δὲ
690 2858 766 2893 ἂγιος
781 2858 851 2885 ’Λθαν

905 2867 938 2891 τος
952 2859 1023 2887 οὕτω
1040 2860 1107 2895 φησί
1117 2869 1124 2875 ·
1144 2869 1154 2886 c
1165 2860 1220 2896 Την
1237 2860 1307 2888 κατὰ
1325 2861 1413 2896 σάρκα
1428 2859 1554 2895 γέννησιν
1567 2858 1615 2886 τοῦ
1627 2859 1686 2886 Kr
