1938 3053
251 139 286 166 ιτ
671 133 699 160 S.
721 131 908 160 ATHANASII
925 132 1002 160 OPP.
1023 132 1113 160 PARS
1132 132 1176 160 lll.
1194 148 1230 154 —
1248 132 1454 162 EXEGETICA.
1839 133 1875 162 ιι

253 198 310 234 ρίου
323 195 368 224 διὰ
382 194 436 222 τῶν
455 193 598 230 παρόντων
616 192 826 226 κατασημαίνει,
851 191 898 218 καὶ
912 191 957 218 τὸν
978 191 1154 226 εὐαγγελιχὸν
1175 192 1256 218 αὐτοῦ
1274 192 1355 227 νόμον
1371 192 1416 219 τὸν
1432 191 1489 227 (10)
1506 192 1614 219 πάντων
1628 191 1810 228 κυριεύσαντα
1822 192 1876 219 τῶν

252 242 346 274 ιθνῶν,
363 241 407 268 καὶ
418 240 468 276 τὴν
481 241 521 271 εἰς
534 239 664 274 οὐρανοὺς
686 239 778 266 ἄνοδον
793 239 888 272 αὑτοῦ,
905 236 939 274 ἧς
953 240 1000 266 καὶ
1015 239 1167 276 induerat
1183 240 1198 266 6
1211 239 1318 274 ψαλμὺς
1332 239 1419 274 λέγων
1439 247 1445 255 ·
1461 239 1553 265 Εἵπεν
1569 240 1585 266 ὁ
1602 239 1710 273 Κύριος
1725 238 1765 271 τῷ
1778 240 1877 274 Κυρίῳ

249 297 309 323 μου
325 297 331 304 ·
352 288 452 316 Κάθου
477 288 513 315 ἐκ
541 286 649 318 δεξιῶν
673 295 731 322 μου
754 286 811 319 ἕως
831 286 870 314 ἂν
894 286 934 314 θῶ
957 287 1029 320 τοὺς
1051 288 1177 322 ἐχθρούς
1203 296 1261 315 σου
1281 287 1450 315 ὑποπόδιον
1467 287 1526 314 τῶν
1541 286 1641 314 ποδῶν
1659 295 1727 314 σου.
1745 287 1876 322 Ἐχθροῡς

250 336 278 363 δὲ
293 336 307 362 ό
326 335 486 367 Ἀτήσυολος
499 335 574 371 δηλοῖ
588 335 673 369 λέγων
687 334 709 369 (Ι
719 334 741 367 l)
755 341 762 348 '
780 334 929 368 Ἕσχατος
955 335 1015 370 ἐχθλ

1108 335 1267 371 ιταργεῖται
1283 337 1299 363 d
1312 335 1448 369 θάνατος.
1469 344 1479 361 s
1494 334 1550 362 Hoc
1565 340 1602 362 est
1619 343 1628 362 :
1651 334 1768 362 Sanctus
1783 340 1873 362 autem

250 382 418 410 Athanasius
430 382 467 410 ita
482 382 602 417 loquitur
617 391 626 410 τ
642 391 651 408 ι
666 381 747 409 Hisce
761 381 851 410 verbis
865 383 1067 418 generationem
1081 382 1188 410 Domini
1203 383 1352 410 secundum
1367 389 1477 409 carnem
1492 382 1636 417 signiﬁcat,
1649 387 1676 409 et
1689 382 1875 418 evanui-licam

250 428 310 462 ejus
324 427 420 463 legem,
435 435 495 463 qua
509 427 635 454 omnibus
650 426 776 462 gentibus
787 427 965 455 dominatur:
979 433 1062 463 atque
1079 427 1138 462 ejus
1154 435 1299 455 ascensum
1315 428 1342 454 in
1357 427 1451 460 corios,
1467 428 1547 462 quem
1561 433 1672 456 enarrat
1691 430 1816 464 psalmus
1832 429 1875 456 di-

251 475 338 502 cendo
352 483 358 501 :
381 473 457 502 Dixit
473 473 599 501 Dominus
619 473 730 501 Domino
755 482 810 502 meo
824 481 833 501 :
847 475 906 502 sede
918 483 933 502 a
948 474 1048 502 dextris
1060 476 1134 507 meis,
1149 475 1230 502 donec
1240 483 1336 510 ponam
1347 475 1469 502 inimicos
1481 479 1540 502 tuos
1551 475 1693 503 scobe-llum
1707 476 1802 510 pedum
1815 481 1875 503 tuo-

251 531 321 550 rum.
341 521 459 556 Quinam
470 522 571 549 inimici
584 522 648 555 sint,
657 522 777 551 declarat
791 524 937 559 Apostolus
955 523 998 550 his
1019 523 1108 550 verbis
1122 532 1129 549 :
1147 522 1301 550 Novissima
1312 523 1429 550 omnium
1443 522 1594 550 destruetur
1607 531 1677 550 mors
1693 523 1727 552 ".
1754 533 1764 550 ι
1788 523 1874 556 Quem

250 570 336 597 locum
350 569 473 604 inferius,
488 569 564 595 initio
579 571 760 597 commentarii
775 571 802 597 in
814 570 945 605 psalmum
957 577 1011 602 cu,
1026 570 1156 605 integrum
1171 569 1293 605 legimus.

288 615 319 643 ΙΙ.
335 615 488 643 Cltronicon
505 619 592 641 autem
610 614 835 648 Alexandrinum,
849 615 959 649 septimo
975 614 1071 641 steculo
1087 615 1275 648 conscriptum,
1294 621 1319 648 p.
1334 613 1398 646 2‘23,
1414 614 1468 641 haec
1486 614 1561 641 habet
1578 622 1586 641 :
1604 614 1659 641 Καὶ
1671 615 1685 641 ὁ
1702 616 1779 649 ἆγιος
1793 613 1875 641 Ἀθα-

249 661 340 692 νάσιος
350 659 506 695 ἑρμηνεύων
520 659 565 686 τὸν
581 658 638 695 ρλα¹
651 659 769 694 ψαλμδν,
786 659 903 696 ῑγραψεν
919 659 1005 691 οὕτως
1018 667 1025 674 ·
1043 668 1052 684 t
1074 659 1244 693 Ἀνάστηθι,
1257 660 1353 693 Κύρίε,
1370 661 1414 692 εις
1423 659 1480 694 τὴν
1492 661 1667 688 ἀνάπαυσιν
1682 668 1749 687 σου.
1764 661 1820 696 Τὴν
1834 662 1876 692 εἰς

248 705 378 741 οὐρανοὺς
393 704 527 740 ἀνάληψιν
549 703 755 730 ὲπισπεύδουσιν
770 704 862 731 αὑτοῦ.
886 703 927 731 Σὺ
943 703 993 730 καὶ
1007 704 1026 738 ἠ
1042 703 1164 737 κιϐωτὸς
1179 703 1232 731 τοῦ
1246 704 1429 739 ἀγιάσμιιτός
1442 712 1510 732 σευ.
1525 706 1579 742 Τὴν
1592 706 1673 740 ἁγίαν
1687 705 1768 732 αὑτοῦ
1783 706 1875 742 σάρκα

248 754 326 790 φησι·
343 754 402 789 μετ’
410 753 495 788 αὐτῆς
515 753 569 788 γὰρ
583 752 730 788 ἀνελήφθη.
747 752 784 779 οὐ
799 752 853 788 γὰρ
870 752 1071 787 ἀποσαρκοῦται
1086 752 1126 783 εἰς
1140 752 1203 781 τοὺς
1218 752 1372 788 ἀγηράτους
1388 752 1488 785 αἰῶνας
1500 753 1554 781 τῶν
1568 752 1682 780 αἰώνων.
1697 763 1707 779 ι
1725 753 1758 780 Id
1772 758 1827 780 est:
1841 753 1875 781 Et

247 804 357 829 sanctus
371 798 537 826 Athanasius
551 799 685 833 psalmum
701 806 780 825 cxxxt
796 798 988 833 interpretans,
1005 798 1042 825 ita
1057 798 1151 826 scribit
1166 807 1172 825 :
1188 807 1197 823 ι
1214 797 1306 833 Surge,
1322 797 1443 830 Domine,
1468 799 1495 825 in
1522 798 1635 833 requiem
1653 803 1735 825 tuam.
1761 797 1828 832 Ejus
1845 798 1873 824 in

246 846 330 873 caelos
343 852 487 873 ascensum
507 844 562 872 cito
585 844 713 872 accedere
735 843 865 879 gestiunt.
885 845 921 871 Tu
935 849 959 870 ct
975 851 1039 870 arca
1055 843 1276 878 sanctiﬁcationis
1293 848 1355 871 tute.
1377 843 1505 870 Sanctam
1521 843 1581 878 ejus
1595 850 1705 870 carnem
1722 843 1796 875 dicit,
1807 850 1874 870 cum

245 891 292 920 illa
308 898 426 925 namque
437 894 594 924 assumptus
610 893 668 922 est;
683 897 771 924 neque
783 889 856 916 enim
873 896 983 916 carnem
999 889 1110 916 dimittit
1124 896 1171 923 per
1187 888 1291 916 infinita
1312 889 1410 916 saecula
1429 888 1601 916 saeculorum.
1622 898 1631 914 ι
1655 887 1720 916 Htec
1732 896 1808 921 porro
1824 888 1875 915 htt-

245 937 288 964 bes
305 937 332 963 in
342 936 503 971 expositione
516 936 632 971 ejusdem
648 937 744 970 psalmi
756 936 876 971 inferius,
891 945 915 964 υ.
925 935 951 963 8.
963 936 1010 963 Pot

1114 942 1202 963 autem
1214 936 1302 968 verba,
1323 936 1473 972 μετάὑτῆς
1486 936 1540 972 γὰρ
1556 935 1705 972 ἀνελήφθη.
1723 940 1788 967 etc.,
1801 936 1874 963 desi-

244 983 374 1011 derantur
388 983 434 1016 ibi,
450 983 503 1010 sive
515 984 577 1018 quia
590 991 657 1019 saepe
675 984 776 1011 codices
789 985 882 1019 qttibus
897 984 938 1011 usi
953 991 1044 1011 sumus
1058 984 1201 1010 sententias
1216 985 1385 1015 detruncant,
1400 986 1453 1011 sive
1465 985 1527 1019 quia
1544 984 1599 1010 htrc
1613 984 1726 1019 fortasse
1741 983 1874 1018 glossema

245 1035 306 1057 sunt
327 1031 444 1057 auctoris
457 1029 596 1057 Chronici.
614 1030 712 1058 Octavo
725 1030 832 1063 swculo,
844 1028 990 1056 Germanus
1008 1029 1163 1064 patriarcha
1184 1029 1495 1064 Constantinopolitanae
1511 1030 1538 1056 in
1557 1029 1670 1064 epistola
1687 1030 1721 1056 ad
1744 1029 1873 1057 Thomam

243 1076 392 1110 episcopunt
405 1074 606 1110 Claudiopoleos
619 1075 675 1111 (12)
701 1076 756 1102 Ita'c
771 1075 847 1110 affert
859 1083 868 1102 :
885 1075 966 1101 Ἀλλὰ
979 1084 1008 1102 κα

1107 1075 1202 1110 κάριος
1219 1075 1385 1107 Ἀθανάσιος,
1403 1075 1434 1101 τὸ
1447 1075 1584 1110 ψαλμικὸν
1601 1075 1758 1110 ἑρμηνεύων
1776 1075 1871 1112 ῥητόν·

249 1121 276 1148 ⁸ο
289 1122 455 1157 καθήμενος
472 1121 521 1149 ἐπὶ
539 1121 592 1148 τὸν
617 1122 766 1156 χερουόιμ,
787 1120 943 1155 ἐνιφάνηθι,
963 1121 1091 1157 τοιαύτην
1107 1121 1171 1156 περὶ
1180 1121 1269 1148 αὐτῶν
1282 1121 1462 1156 παραδίδωσιν
1477 1121 1581 1148 ἔννοιαν
1596 1131 1602 1137 ι
1622 1131 1632 1147 t
1650 1121 1745 1148 Καίτοι
1758 1122 1874 1148 ἐκείνων

242 1168 297 1195 τῶν
305 1167 438 1204 χερουῦὶμ
445 1167 479 1194 τὰ
488 1167 627 1203 ἀρχέτυπα
637 1167 762 1201 ἄγνωστα
770 1169 818 1202 τὴν
834 1167 914 1201 φύσιν
927 1167 1080 1202 ἀνθρώποις
1092 1168 1264 1194 παντάπασιν
1271 1167 1336 1194 ὄντα
1346 1176 1352 1182 ·
1362 1167 1470 1202 πνεῦμα
1479 1167 1533 1202 γὰρ
1542 1167 1588 1194 καὶ
1599 1166 1654 1203 πῦρ
1664 1167 1816 1202 ὑπάρχουσι
1824 1167 1875 1194 καὶ

243 1215 333 1250 πάσης
346 1213 560 1250 σχηματοθεσίας
574 1214 700 1249 ἀλλότρια
713 1214 760 1240 καὶ
773 1214 889 1248 φύσεως.
910 1224 919 1240 s
946 1214 1002 1241 Hoc

1104 1215 1146 1242 Sed
1163 1220 1190 1243 et
1203 1216 1298 1244 beatus
1311 1215 1477 1244 Athanasius
1495 1217 1656 1251 psalmicum
1676 1217 1741 1244 illud
1763 1218 1869 1244 dictum

243 1261 399 1296 explicans:
415 1261 466 1293 Qui
477 1260 549 1286 sedes
562 1268 640 1294 super
660 1259 803 1291 cherubim,
819 1259 957 1293 apparo",
971 1259 1050 1286 talem
1061 1261 1094 1286 de
1111 1260 1163 1287 illis
1179 1260 1260 1288 tradit
1275 1261 1397 1288 notitiam
1411 1271 1418 1288 :
1435 1270 1444 1286 ι
1459 1260 1515 1288 Etsi
1532 1261 1744 1289 clternbinorum
1760 1263 1871 1292 i!lorum

243 1307 388 1342 archetypa
402 1310 499 1333 natura
515 1306 570 1333 sint
592 1304 750 1332 hominibus
772 1312 884 1339 prorsus
906 1304 997 1339 ignota
1013 1314 1019 1331 :
1035 1305 1146 1340 spiritus
1158 1306 1230 1332 enim
1248 1310 1275 1333 et
1288 1307 1359 1341 ignis
1381 1311 1444 1334 sunt
1459 1312 1485 1334 et
1497 1308 1584 1336 aliena
1598 1308 1632 1336 ab
1648 1310 1722 1336 omni
1735 1312 1872 1345 corporali

243 1353 337 1381 habitu
350 1357 376 1380 et
389 1357 497 1379 natura.
523 1361 532 1374 ι
550 1351 602 1383 Qui
622 1352 697 1379 locus
719 1353 778 1379 ideo
800 1360 851 1379 non
871 1357 1004 1387 comparet
1026 1353 1053 1380 in
1071 1354 1277 1388 expositionibus
1299 1355 1408 1388 nostris,
1424 1356 1494 1391 quod
1513 1356 1545 1383 ab
1561 1358 1765 1385 amanuensibus
1789 1360 1873 1386 omis-

242 1407 286 1426 sus
307 1399 388 1433 fuerit
412 1397 572 1430 versiculus,
587 1402 615 1423 ut
639 1401 663 1424 et
685 1397 740 1424 alia
764 1397 859 1428 multa,
880 1397 949 1432 quod
970 1405 1021 1432 qua
1040 1399 1141 1425 ratione
1157 1404 1258 1434 gestum
1277 1400 1312 1426 sit
1330 1407 1392 1426 mox
1408 1407 1545 1428 narratur.
1563 1399 1622 1428 Etsi
1640 1410 1698 1429 vero
1712 1403 1773 1430 huic
1786 1405 1872 1430 versi-

242 1445 302 1471 culo
316 1443 387 1478 :Qui
402 1443 479 1471 sedes
493 1451 575 1478 super
589 1443 742 1474 cherubim.
760 1442 935 1470 manifestare
947 1450 1039 1470 coram
1057 1443 1197 1478 Ephraim,
1213 1443 1365 1479 Benjamin,
1380 1449 1407 1472 et
1418 1444 1553 1478 Manasse,
1568 1448 1697 1481 expositio
1709 1456 1757 1474 sua
1773 1449 1872 1483 adjici-

243 1497 285 1518 tur
303 1491 424 1526 inferius,
435 1490 504 1525 psal.
517 1498 590 1523 uix,
601 1499 625 1518 υ.
644 1490 670 1524 5,
685 1499 715 1517 ea
731 1495 800 1517 certe
816 1491 956 1518 secundant
970 1490 1055 1518 solum
1067 1492 1188 1518 versiculi
1200 1496 1301 1526 partem
1315 1497 1424 1527 spectat,
1436 1493 1611 1522 manifestare
1622 1502 1715 1523 coram
1724 1496 1870 1532 Ephraim,

241 1531 382 1572 Benjamin
399 1542 426 1564 et
438 1536 574 1570 Manasse,
586 1536 736 1564 nullatenus
751 1542 837 1564 autem
849 1537 961 1571 primam
975 1545 984 1564 :
1001 1537 1054 1570 Qui
1070 1538 1149 1566 sedes
1161 1546 1241 1574 super
1254 1539 1409 1572 cherubim,
1423 1545 1450 1568 ut
1468 1541 1527 1568 hinc
1539 1543 1678 1577 propalant
1693 1545 1727 1571 sit
1741 1545 1871 1572 omissam

242 1584 324 1619 fuisse
337 1584 430 1610 horum
445 1581 780 1617 interpretationetn.Jtem
794 1582 929 1609 Adrianus
944 1581 960 1609 I
974 1583 1085 1618 epistola
1096 1583 1130 1610 ad
1149 1582 1275 1610 Carolum
1289 1583 1417 1619 Magnum
1430 1586 1497 1621 (i5),
1509 1587 1578 1614 hunc
1595 1589 1750 1616 versiculum
1771 1599 1871 1617 memo-

242 1641 305 1660 rans
317 1640 326 1659 :
344 1631 467 1664 Domine,
480 1630 507 1658 in
520 1630 630 1657 civitate
648 1633 695 1656 tua
714 1629 858 1665 imaginem
875 1629 996 1664 ipsorum
1009 1629 1042 1656 ad
1056 1629 1171 1656 nihilum
1183 1629 1287 1665 rcdiges
1294 1630 1329 1663 “,
1343 1631 1398 1658 haec
1406 1625 1520 1666 adjicif.‘
1532 1643 1540 1659 ι
1553 1633 1617 1661 [tem
1627 1635 1712 1662 sancti
1724 1635 1870 1664 Athanasii

241 1681 281 1709 De
300 1679 513 1716 interpretatione
528 1678 701 1712 psalmorum,
716 1678 786 1704 inter
800 1681 897 1705 caetera
911 1685 919 1704 :
934 1676 1037 1704 Civitas
1054 1676 1126 1703 enim
1143 1676 1260 1710 Domini,
1271 1685 1332 1712 quae
1346 1686 1468 1713 sursum,
1483 1679 1634 1708 Jerusalem
1648 1690 1655 1708 :
1671 1681 1760 1717 imago
1773 1688 1866 1711 autem

241 1734 348 1759 eorum,
360 1725 506 1754 terrestris.
521 1724 598 1758 Quod
614 1724 686 1751 enim
698 1723 764 1752 dicit
777 1723 830 1751 tale
845 1729 887 1752 est
902 1733 909 1750 :
929 1722 1065 1757 Quoniam
1085 1724 1225 1752 terrestris
1235 1745 1242 1756 ,
1259 1724 1362 1760 inquit,
1378 1726 1465 1753 induti
1487 1732 1561 1760 sunt,
1584 1728 1729 1764 imaginem
1744 1750 1752 1762 ,
1768 1735 1795 1758 et
1810 1739 1869 1758 non

241 1773 371 1805 celestis,
385 1776 494 1806 propter
507 1770 559 1798 hoc
569 1770 603 1797 ad
620 1769 734 1797 nihilum
751 1769 917 1805 redigentur.
930 1769 1048 1796 Audient
1061 1769 1132 1796 enim
1145 1769 1190 1797 illo
1206 1775 1335 1805 tempore,
1350 1770 1447 1798 Nescio
1461 1781 1503 1800 uos
1512 1774 1534 1790 "
1547 1783 1554 1801 :
1573 1779 1666 1810 utpote
1680 1783 1734 1804 non
1755 1777 1869 1806 indutos

240 1819 335 1846 eadem
349 1817 455 1845 Domini
471 1816 598 1850 imagine.
612 1824 621 1841 ι
639 1814 704 1842 Hcce
721 1815 809 1842 omnia
824 1814 917 1842 videsis
929 1814 1028 1849 psalm.
1046 1822 1131 1848 Lutt,
1145 1823 1168 1842 υ.
1181 1814 1226 1847 20,
1245 1815 1280 1842 ad
1295 1815 1364 1843 hunc
1375 1824 1486 1844 versant.

276 1862 319 1890 ιιι.
335 1862 376 1889 Ad
388 1862 442 1888 hac
456 1863 484 1888 in
496 1861 584 1887 codice
599 1859 661 1895 Reg.
681 1859 752 1886 22l9
772 1859 915 1894 explicatio
938 1858 1012 1886 illius
1032 1867 1120 1887 versus
1136 1868 1145 1886 .'
1161 1859 1200 1887 Tu
1217 1868 1246 1888 es
1261 1861 1388 1889 sacerdos
1414 1862 1441 1889 in
1459 1868 1602 1897 aeternum.
1619 1866 1758 1900 ipsissimis
1780 1869 1867 1897 verbis

239 1909 361 1944 alertur,
375 1912 403 1934 ut
419 1906 514 1942 legitur
523 1907 591 1941 psal.
603 1915 658 1940 crs,
671 1916 694 1935 tt.
711 1908 737 1935 6.
750 1906 835 1942 Super
848 1907 903 1934 hac
915 1907 1005 1934 omnia
1021 1905 1132 1934 Nicetes
1144 1907 1291 1941 Heraclea,
1306 1914 1334 1936 ut
1347 1910 1423 1937 habet
1439 1909 1631 1940 Felckmannus
1645 1915 1755 1949 inferius
1768 1915 1867 1944 Monit.

240 1955 268 1982 in
284 1953 404 1991 Fragm.,
424 1954 605 1990 Exposilioues
620 1957 760 1984 Athanasii
777 1957 804 1984 in
820 1955 955 1988 Psalmos,
971 1961 1000 1983 ut
1016 1964 1062 1982 nos
1071 1949 1241 1991 proferimus,
1257 1959 1285 1983 in
1302 1957 1401 1985 Catena
1419 1968 1468 1986 sua
1483 1961 1578 1994 edidit,
1595 1970 1655 1989 cum
1671 1963 1734 1990 aliis
1749 1963 1869 1991 aliorum

239 2001 354 2029 Patrum
378 2003 572 2030 commentariis
591 2004 740 2038 adjunctas.
767 2003 869 2031 Narrat
891 2003 998 2030 Gabriel
1021 2003 1164 2031 Grodect’us
1181 2003 1373 2039 Dantzicauus,
1391 2007 1525 2042 professor
1552 2008 1690 2037 llebraictz
1713 2010 1812 2046 lingute
1837 2012 1867 2038 in

239 2048 381 2075 Academia
396 2047 534 2083 Lipsiana,
547 2049 587 2075 vir
599 2049 691 2076 doctus
706 2057 737 2076 ac
752 2049 944 2076 necessitudine
956 2048 1021 2075 mihi
1034 2049 1200 2083 eonjunctus,
1218 2054 1321 2076 exstare
1341 2050 1368 2077 in
1388 2051 1544 2079 bibliotheca
1562 2053 1592 2081 S.
1613 2052 1759 2082 Saluatoris
1775 2055 1870 2083 Ξοηοο

239 2094 334 2120 nienst's
350 2094 377 2120 in
393 2094 481 2121 codice
496 2095 661 2129 perantiquo,
675 2095 864 2129 expositionem
879 2095 1020 2122 Athanasii
1031 2096 1058 2122 itt
1073 2095 1197 2123 Psalmos
1214 2095 1341 2123 Serviano
1354 2096 1456 2132 lingua,
1469 2106 1526 2133 quce
1540 2105 1578 2126 est
1595 2099 1707 2128 Slaoicce
1720 2101 1866 2136 dialectus,

238 2145 299 2167 sunt
313 2145 400 2167 autem
415 2139 498 2168 Servii
510 2139 604 2176 Mysia
620 2140 763 2175 superioris
775 2140 885 2174 populus
898 2148 907 2172 ;
924 2148 969 2166 nec
980 2140 1084 2176 ambigo
1100 2148 1132 2166 ex
1145 2140 1184 2166 his
1197 2146 1295 2167 nostrts
1309 2141 1525 2176 Expositiont'bus
1539 2144 1642 2173 Slacice
1656 2155 1756 2175 versant
1768 2147 1865 2183 fuisse.

240 2185 303 2213 Hatc
314 2187 404 2221 augeri
419 2191 536 2221 possent,
551 2193 639 2212 verum
651 2186 717 2212 satis
735 2193 863 2220 superque
874 2190 936 2212 sunt
949 2190 979 2212 ut
995 2185 1178 2220 comprobatur
1193 2185 1417 2214 Commentarittm
1434 2188 1577 2216 Athanasii
1594 2191 1621 2217 in
1636 2191 1760 2220 Psalmos
1772 2194 1866 2220 omni-

236 2232 284 2259 bus
300 2233 353 2267 fere
367 2231 508 2259 secundant
528 2231 703 2257 Athanasium
715 2231 820 2257 staculis
834 2230 972 2257 laudatum
984 2230 1076 2265 fuisse.
1091 2230 1179 2265 Neque
1189 2230 1279 2258 desunt
1295 2231 1322 2258 in
1333 2231 1440 2266 hujusce
1455 2235 1543 2268 operis
1563 2236 1673 2264 decursu
1685 2239 1866 2267 Athanasiorts'

235 2277 297 2311 styli
311 2281 380 2303 nota:
391 2276 531 2311 pleraeque.
548 2275 619 2302 Nam
633 2276 677 2302 ubi
692 2275 794 2302 occasio
816 2283 870 2302 sese
890 2275 967 2309 offert
988 2279 1017 2301 ut
1030 2274 1163 2302 Christum
1179 2277 1325 2310 comprobet
1345 2285 1399 2304 esse
1416 2277 1507 2312 Deum,
1521 2280 1548 2307 id
1562 2281 1607 2308 ille
1616 2288 1737 2316 pratstal,
1753 2292 1804 2319 quo
1819 2286 1866 2312 in-

236 2325 329 2351 "uitur
339 2333 368 2352 eo
382 2330 494 2358 tempore
508 2324 562 2350 hazc
579 2324 677 2357 scripta
689 2323 781 2357 fuisse,
797 2331 847 2358 quo
863 2323 1048 2349 controversia:
1060 2322 1091 2349 de
1104 2321 1203 2349 Christi
1216 2323 1314 2350 deitate
1326 2325 1425 2352 oborta:
1436 2332 1506 2354 sunt.
1523 2326 1568 2354 Sic
1581 2327 1655 2356 Psal.
1670 2337 1744 2363 μη,
1755 2339 1780 2358 υ.
1793 2332 1822 2363 6,
1834 2333 1866 2358 ita

235 2370 290 2396 lttzc
305 2369 381 2397 verba
395 2379 402 2396 .-
416 2369 551 2401 Quoniam
570 2367 641 2396 Deus
659 2367 743 2402 judex
760 2371 811 2399 est,
829 2367 867 2393 sic
880 2366 923 2394 ille
937 2367 1045 2402 arguit:
1057 2366 1106 2394 Hic
1119 2367 1262 2394 manifeste
1277 2365 1417 2396 Christum
1434 2370 1499 2398 dicit
1516 2372 1600 2400 Deum
1615 2384 1621 2402 :
1638 2383 1702 2402 nam
1717 2384 1794 2403 omne
1810 2378 1864 2411 ju-

235 2416 335 2442 dicium
349 2415 420 2442 dedit
432 2413 514 2441 Pater
527 2413 597 2442 Fitio
607 2414 641 2440 ‘°.
655 2412 732 2446 Quod
748 2413 771 2440 si
785 2420 866 2440 otnnc
886 2413 1018 2447 judicium
1036 2413 1109 2441 dedit
1130 2413 1178 2445 illi,
1194 2418 1220 2441 et
1237 2414 1307 2442 Deus
1327 2415 1409 2449 judes
1430 2421 1490 2444 est:
1504 2427 1568 2455 ergo
1583 2421 1705 2449 Christus
1719 2428 1759 2449 est,
1778 2424 1863 2451 Deus,

236 2463 366 2497 Similiter
378 2462 515 2489 Christum
527 2463 620 2496 probat
633 2469 688 2489 esse
702 2461 784 2488 Deum
796 2465 821 2488 et
835 2461 928 2488 iisdem
946 2462 1039 2496 quibus
1051 2461 1132 2488 Pater
1146 2462 1295 2490 nominibus
1308 2464 1398 2490 ornari
1413 2465 1481 2498 psal.
1497 2473 1606 2498 Luxu,
1619 2475 1641 2493 υ.
1657 2467 1702 2494 25.

270 2509 313 2535 IV.
329 2507 467 2535 Peculiare
479 2513 517 2535 est
530 2508 676 2535 Athanasio
689 2506 758 2542 quod
769 2506 824 2533 solo
832 2506 973 2543 ἀγαπητοῦ
986 2507 1089 2534 nomine
1099 2506 1266 2542 Unigenitum
1277 2508 1324 2535 Dei
1338 2509 1467 2544 intelligat
1480 2512 1565 2546 cujus,
1579 2513 1646 2540 vocis
1660 2516 1727 2540 hunc
1738 2522 1816 2541 usum
1828 2523 1864 2541 ea:

236 2556 349 2583 Homero
365 2557 504 2591 conﬁrmat
520 2556 574 2590 ille,
586 2565 646 2591 pag.
657 2556 720 2584 507.
740 2555 839 2583 Eodem
855 2562 942 2582 autem
959 2564 1007 2582 usu
1025 2564 1083 2583 eam
1099 2564 1184 2582 uocem
1197 2556 1275 2583 habes
1287 2557 1314 2583 in
1328 2558 1397 2584 hisce
1410 2557 1625 2593 Ea’positionibus
1638 2559 1706 2594 psal.
1718 2567 1772 2592 LlV,
1782 2569 1806 2588 υ.
1821 2562 1837 2587 b'
1851 2571 1860 2588 :

240 2603 321 2631 Ἀλλά
346 2603 428 2637 φόὸος
450 2603 497 2631 καὶ
517 2605 617 2639 τρόμος
639 2604 771 2631 ἐπέπεσεν
786 2603 824 2639 τῷ
837 2605 964 2641 προφήτῃ
984 2603 1082 2640 ὁρῶντι
1098 2604 1142 2631 τὸν
1164 2605 1317 2641 ’Λγαπητὸν
1329 2606 1374 2632 τοῦ
1390 2606 1458 2634 Θεοῦ
1477 2607 1589 2635 τοιαῦτα
1611 2608 1664 2636 ὑπὸ
1681 2608 1735 2636 τῶν
1751 2609 1862 2638 ἀσεϐῶν

235 2650 382 2685 πάσχοντα.
399 2649 456 2676 Hoc
472 2655 510 2678 est
528 2657 537 2677 :
557 2650 609 2678 Sed
631 2651 712 2678 etiam
741 2651 822 2678 timor
848 2655 875 2678 et
896 2657 996 2678 tremor
1016 2651 1173 2686 prophelam
1197 2652 1306 2686 invasit,
1333 2659 1487 2682 cernentem
1513 2655 1641 2683 dilectum
1665 2656 1732 2693 (sive
1755 2655 1861 2692 Unige—

233 2697 331 2731 nilum)
355 2697 401 2726 Dei
423 2698 480 2726 hinc
496 2699 530 2727 ab
544 2698 635 2734 impiis
654 2699 720 2734 pati.
737 2697 890 2725 Notandum
910 2699 972 2725 item
985 2699 1011 2724 in
1031 2698 1102 2726 hisce
1119 2698 1321 2726 Commentariis
1335 2699 1435 2728 Filium
1450 2702 1499 2729 Dei
1508 2703 1607 2736 passim
1622 2711 1675 2730 una
1692 2711 1763 2739 uoce,
1779 2712 1863 2739 μονο-

268 2757 290 2773 ⁸⁶
303 2757 312 2783 l
330 2757 393 2785 Cor.
411 2765 454 2790 xv,
468 2757 512 2785 26.
560 2758 582 2774 "
595 2757 667 2786 Psal.
680 2766 772 2789 uuis.
783 2759 828 2786 20.
866 2759 888 2775 “
902 2758 973 2786 Psal.
989 2766 1033 2786 uti

945 2758 973 2786 tl.
989 2766 1073 2791 Lxxn,
1089 2757 1116 2795 ἓ.
1171 2758 1194 2774 ⁸⁸
1212 2758 1306 2790 Matth.
1326 2768 1387 2790 xxv,
1406 2760 1448 2787 l2.
1491 2761 1515 2777 ⁵ο
1529 2760 1610 2790 Joan.
1627 2770 1652 2796 v,
1666 2762 1710 2789 22.

266 2807 322 2846 (to)
336 2806 410 2846 infra
425 2806 497 2846 13531.
512 2815 567 2840 crs.
581 2815 606 2836 ν.
625 2807 650 2840 l,
663 2807 741 2842 λόγον

1104 2807 1159 2846 (Ίὲ)
1174 2807 1253 2846 Ion).
1265 2807 1434 2846 'Vllﬂoncit.
1450 2818 1476 2846 p.
1491 2811 1552 2839 512.

266 2843 322 2878 (ll)
335 2840 407 2870 [ulta
427 2842 506 2878 βοῶν.
699 2840 704 2842 ⁷

699 2840 704 2842 τ
1104 2843 1159 2879 (ιδ)
1172 2842 1238 2871 una.
1255 2852 1281 2879 p.
1297 2844 1358 2872 95s.
