1938 3053
255 135 289 167 ³1
678 139 706 166 S.
727 138 913 167 ATHANASII
933 139 1008 168 OPP.

1111 139 1121 167 Ξ
1140 139 1184 167 lll.
1208 152 1240 160 ι-
1258 139 1463 168 EXEGETICA.
1844 137 1876 165 52

255 197 340 223 dorus
351 195 545 228 Antiochenus,
558 195 646 229 Nilus,
655 196 816 225 Anastasius
836 196 972 229 Nicanus,
988 202 1013 225 et
1026 197 1188 224 Anastasius
1196 196 1300 224 Sinaita
1308 196 1503 227 Antiochenus,
1514 195 1648 228 Asterius,
1658 193 1874 231 Olympiodorus,

256 240 432 276 Epiphanius,
447 241 568 269 Andreas
592 241 739 276 Cretensis,
761 241 884 270 Andreas
909 242 1097 275 Caesariensis,
1123 242 1237 270 Cosmas
1265 241 1484 277 lndicopleustes,
1513 241 1707 274 (Ecumenius,
1731 241 1874 268 Marcus...

256 288 414 320 Cassianus,
428 288 588 325 Hippolytus
604 289 754 323 Romanus,
772 289 953 323 Herodianus,
970 289 1201 325 Thaumaturgus,
1217 294 1315 325 praeter
1334 289 1403 317 alios
1423 297 1584 325 anonymos,
1601 292 1632 316 ut
1648 289 1749 316 dicitur
1770 288 1873 315 ibidem.

257 337 289 365 Et
302 338 436 366 editiones
453 338 634 371 Psalmorum,
649 346 696 366 seu
711 339 916 370 translationes,
928 339 1028 374 quibus
1044 340 1085 366 usi
1103 343 1167 366 sunt
1181 339 1207 365 in
1222 343 1330 370 catena,
1348 338 1447 365 ibidem
1465 338 1575 369 dicitur,
1591 337 1702 364 luerunt
1714 335 1874 371 Symmachi,

257 378 372 421 Aquilae,
390 385 599 418 Theodotionis,
617 390 644 412 ct
663 385 838 420 Septuaginta
854 385 1046 420 lnterpretum.
1063 385 1153 412 Codex
1172 384 1312 419 originalis
1333 384 1360 410 in
1376 390 1539 419 pergamena
1557 382 1777 417 antiquissimus,
1791 385 1817 408 et
1835 380 1874 407 di-

255 442 333 462 versa
349 439 414 462 sunt
431 434 549 470 plurima
568 434 602 461 ab
617 434 669 461 illis
687 441 701 460 a
717 433 839 461 Barbaro
851 433 943 460 editis.
958 433 988 460 ln
1002 434 1052 461 hac
1067 432 1226 460 collectione
1239 431 1332 459 Graece
1343 436 1460 458 tantum.

291 489 300 506 ι
321 479 448 508 Extracts
471 489 503 508 es
523 480 624 508 Catena
647 480 816 508 Psalmorum
843 479 869 507 in
893 486 1056 515 pergameno
1069 480 1096 506 in
1110 478 1172 506 cod.
1197 486 1238 511 Ill,
1253 477 1286 505 ll.
1305 478 1348 510 14,
1372 485 1405 505 ea
1425 484 1485 512 qua
1500 475 1637 511 pertinent
1652 474 1686 501 ad
1702 473 1875 501 Athanasium

258 527 349 555 Graece
364 534 479 556 tantum.
1833 553 1838 559 ι

221 601 224 604 .
292 583 300 598 ι
310 573 448 602 Periocha:
462 578 488 602 et
503 575 668 611 hypotheses
685 575 780 602 breves
794 574 975 607 Psalmorum,
991 581 1052 609 qua:
1066 574 1254 601 attribuuntur
1270 571 1388 598 Eusebio
1405 570 1431 597 in
1447 570 1540 597 codice
1556 577 1604 600 vn.
1622 567 1651 595 E.
1664 568 1706 600 18,
1717 567 1817 600 Graece,
1831 576 1876 595 ex-

253 624 352 654 cerptas
372 628 405 648 ex
428 625 524 648 catena
551 621 655 656 integra
679 621 707 648 in
732 619 857 647 Psalmos
879 624 907 647 et
927 620 1058 647 attributa
1080 619 1242 650 Athanasio,
1267 617 1376 644 diversa
1395 620 1486 643 tamen
1503 619 1626 642 scatens
1651 613 1764 641 Barbari
1788 613 1878 641 Graece

256 671 372 695 tantum.

291 723 301 740 ι
322 713 484 749 Fragmenta
499 714 639 743 Athanasii
661 723 694 742 ex
711 715 794 742 variis
808 715 911 743 catenis
930 715 1043 742 collecta
1065 715 1093 741 in
1110 714 1243 748 Epistolas
1259 713 1312 740 divi
1332 711 1424 744 Pauli,
1439 715 1466 738 et
1483 717 1516 739 ex
1529 713 1622 737 catena
1635 709 1662 736 in
1678 709 1758 736 libros
1769 708 1876 744 Regum,

253 760 354 789 Graece.
378 761 494 796 Subjicit
506 754 600 789 auctoi‘
614 761 717 789 Latinae
732 761 876 794 versionis,
894 768 973 796 quem
988 768 1069 795 supra
1085 760 1202 788 iudicavi
1221 769 1228 788 :

290 818 299 834 ι
313 808 353 836 Ex
367 809 561 837 commentario
574 816 622 836 seu
636 813 731 836 catena
743 808 795 835 Titi
812 808 965 835 Bostrensis
980 808 1008 834 in
1021 807 1130 839 Lucam,
1144 815 1179 834 cx
1192 807 1389 842 Chrysostomo
1407 810 1434 832 et
1450 805 1511 833 aliis
1524 805 1647 837 collecta,
1665 806 1723 833 haec
1742 807 1828 840 reperi
1843 814 1876 833 ex

255 866 265 885 ι
284 857 443 889 Athanasio,
461 865 521 892 qua:
535 861 631 892 postea
644 857 746 884 contuli
762 864 823 884 cum
837 856 916 883 editis
932 863 946 882 a
966 854 1087 887 Peltauo,
1104 862 1165 889 quae
1177 855 1271 881 eodem
1289 853 1369 880 modo
1383 860 1412 880 se
1429 853 1540 884 habent,
1558 852 1606 880 sed
1623 861 1721 880 nomen
1736 845 1877 881 Athanasii

254 913 264 930 ε
282 912 335 931 ιιοιι
358 905 395 931 ibi
410 912 581 939 expressum,
594 911 644 932 nec
664 904 708 931 hic
722 904 768 931 ubi
785 903 935 934 desierunt,
952 903 1067 937 ideoque
1086 910 1141 929 non
1154 902 1232 937 plura
1244 901 1386 935 descripsi,
1400 901 1465 936 quia
1485 900 1614 928 sublesta:
1628 907 1718 928 essent
1733 901 1804 928 litlei.
1822 901 1878 936 Οὐχ

254 961 265 978 ι
283 951 375 983 ἁπλῶς
386 951 413 978 δὲ
427 951 457 978 τὸ
469 951 635 987 γεννώμενόν
647 960 728 987 φησιν
740 951 808 987 πρὸς
821 951 869 986 τὴν
881 951 1019 986 Παρθένον
1035 951 1049 976 ὀ
1059 950 1183 984 ἄγγελος,
1198 950 1241 976 ἵνα
1259 950 1295 984 μὴ
1316 948 1414 981 ἔξωθεν
1433 949 1644 984 ὲπεισαγόμενον
1659 950 1727 985 αὐτῇ
1745 949 1824 984 σῶμα
1835 958 1879 976 vo-

253 1009 262 1023 ο
279 1000 371 1035 μισθῇ,
385 999 441 1027 ἀλλ’
450 1000 572 1036 ἐπήγαγε
599 1001 645 1027 καὶ
668 1000 708 1031 τὸ,
720 1000 752 1026 ἐκ
767 999 814 1025 σοῦ
830 1007 837 1014 ⁸
857 999 899 1024 ἵνα
915 998 944 1031 ἐξ
954 998 1038 1032 αὐτῆς
1054 997 1160 1032 φύσεως
1173 997 1203 1023 τὸ
1217 997 1384 1032 γεννώμενον
1399 994 1468 1022 εἶναι
1485 996 1605 1032 πιστωθῇ
1621 1005 1627 1012 ·
1647 997 1722 1030 ἆγιον
1734 996 1761 1022 δὲ
1778 996 1880 1031 κληθη-

253 1054 261 1070 ι
279 1045 400 1081 σύμενον,
413 1047 461 1082 οὐχ
472 1047 508 1078 ὡς
518 1048 621 1074 ἕνοικον
635 1047 731 1080 ἕξοντα
744 1048 789 1073 τὸν
802 1047 865 1073 Υἱὸν
880 1045 926 1072 τοῦ
941 1045 1008 1072 Θεοῦ
1024 1047 1070 1072 καὶ
1083 1047 1115 1072 ὲκ
1129 1045 1244 1080 μετοχῆς
1255 1044 1489 1080 ἀγιασθησόμενον
1500 1053 1506 1059 ·
1519 1044 1575 1072 ἀλλ’
1584 1045 1621 1076 ὡς
1634 1045 1696 1071 ὄντα
1713 1045 1783 1071 κατὰ
1797 1044 1879 1079 φύσιν

253 1103 261 1118 ι
279 1092 364 1127 ἅγιον,
376 1094 414 1129 τῷ
425 1094 469 1120 τὸν
482 1094 560 1121 αὑτὸν
571 1095 632 1121 Υἱὺν
647 1095 778 1130 ὑπάρχειν
799 1093 866 1120 Θεοῦ
883 1094 930 1120 καὶ
942 1093 989 1120 ἕνα
1006 1101 1018 1119 ε

1114 1098 1139 1120 ta
1151 1101 1180 1119 se
1193 1093 1327 1119 habebant
1341 1097 1396 1119 tres
1411 1092 1517 1119 codices
1533 1093 1559 1118 in
1575 1100 1736 1127 pergamcna
1752 1101 1814 1121 cum
1831 1101 1878 1121 ex-

253 1148 262 1165 ι
282 1147 375 1173 presso
394 1141 504 1168 nomine
516 1141 676 1173 Athanasii;
692 1142 742 1168 hoc
755 1141 815 1167 loco
829 1139 970 1167 translatio
982 1138 1085 1166 Peltani
1098 1147 1153 1166 non
1166 1138 1294 1174 exprimit
1308 1143 1444 1173 postrema
1458 1139 1583 1166 ﬁdeliter.
1604 1149 1613 1165 ι

287 1196 297 1212 s
315 1187 346 1214 Et
360 1192 420 1222 post
435 1196 518 1223 pauca
534 1189 585 1216 alia
602 1188 753 1224 fragmenta
767 1188 847 1215 allata
861 1188 918 1215 haec
932 1187 1085 1215 observatio
1103 1187 1203 1214 ibidem
1221 1187 1353 1221 reperitur
1371 1197 1377 1214 :

285 1244 295 1260 ί
312 1234 340 1262 ln
356 1236 513 1271 Ant/tologio
528 1236 645 1271 quodam
659 1234 708 1262 SS.
724 1235 836 1262 Patrum
851 1235 908 1262 haec
922 1235 1009 1270 reperi
1029 1242 1061 1262 ex
1074 1234 1226 1262 Athanasio
1247 1235 1273 1261 iu
1286 1235 1377 1262 littera
1393 1234 1426 1267 A,
1440 1234 1535 1262 ordine
1554 1235 1625 1262 enim
1645 1235 1815 1269 alphabetico
1835 1236 1878 1263 di-

251 1291 260 1308 s
280 1287 354 1316 gesta
368 1288 445 1310 erant
462 1284 561 1318 capita,
576 1287 602 1311 et
616 1283 708 1310 omnia
727 1283 868 1317 desumpta
883 1291 915 1310 ex
930 1283 1068 1310 veteribus
1084 1282 1220 1314 Patrihus,
1237 1283 1344 1317 istaque
1357 1287 1434 1309 erant
1450 1283 1477 1309 in
1492 1290 1556 1309 voco
1574 1283 1772 1317 Ἀστρολογία,
1783 1290 1813 1311 ιιι
1822 1293 1879 1320 prie

250 1339 260 1359 ί
279 1337 308 1357 se
320 1329 372 1357 fert
387 1331 490 1363 titulus,
508 1339 571 1358 cum
588 1333 687 1359 titulo:
705 1332 767 1358 ’Ότι
782 1333 805 1358 εἰ
817 1332 886 1358 κατὰ
903 1332 1015 1368 ἀστρολο

1156 1331 1201 1358 ιαθ’
1211 1332 1293 1367 ἡμᾶς,
1303 1330 1461 1358 ’Δθανασίου
1477 1330 1679 1367 Ἀλεξανδρείας
1695 1333 1726 1358 ὲκ
1738 1332 1788 1367 τῆς
1805 1334 1878 1361 κατὰ

249 1385 258 1403 ι
280 1376 415 1404 Mareotico
434 1377 535 1412 βίϐλου.
555 1387 563 1403 ι
581 1376 643 1405 ilec
659 1380 685 1405 in
703 1378 816 1413 epistola
829 1378 964 1406 Grodccii.

285 1422 336 1450 Vll.
355 1423 397 1450 Ex
415 1424 484 1451 hisce
497 1430 583 1456 autem
598 1434 679 1452 unum
693 1430 741 1458 est,
757 1425 825 1461 quod
846 1434 973 1460 nusquam
991 1430 1165 1452 memoratum
1185 1425 1346 1458 audivimus,
1365 1426 1482 1456 scilicet,
1502 1424 1714 1452 Commentarius
1733 1425 1878 1451 Athanasii

246 1469 274 1499 in
292 1468 404 1497 Cantica
419 1469 511 1497 Mariae
524 1475 551 1498 et
565 1470 659 1498 Mosis.
676 1473 733 1499 Hoc
745 1477 834 1498 autent
858 1471 1013 1506 opusculum
1031 1480 1218 1507 germanumne
1236 1472 1271 1498 sit
1297 1479 1330 1497 ex
1349 1471 1406 1497 sola
1422 1471 1531 1497 lectione
1546 1471 1686 1497 internosci
1699 1475 1798 1505 potest.
1815 1479 1876 1497 cum

246 1523 262 1542 α
277 1515 361 1547 ηιιΙΙθ,
377 1516 446 1551 quod
461 1517 564 1551 quidem
583 1520 677 1550 norint,
692 1520 799 1554 antiquo
816 1519 955 1546 laudatum
969 1519 1059 1554 fuerit.
1083 1519 1183 1546 Obnixe
1197 1526 1255 1546 vero
1269 1518 1460 1551 postuluoimus
1479 1526 1509 1544 ea
1523 1518 1669 1544 transmitti
1687 1518 1761 1544 nobis
1776 1526 1838 1552 quia
1848 1519 1876 1545 in

246 1562 471 1590 lucubrationibus
488 1566 585 1591 nostris
602 1565 795 1599 desiderantur,
813 1567 857 1593 sed
877 1574 936 1593 cum
953 1566 1042 1593 nullus
1064 1567 1125 1593 istic
1146 1567 1313 1593 amanuensis
1331 1565 1421 1593 Grtece
1441 1564 1613 1592 transcribere
1631 1566 1723 1599 possit,
1744 1566 1812 1592 votis
1827 1574 1876 1592 no-

245 1610 309 1636 stris
320 1610 425 1645 obsequi
437 1611 543 1638 minime
556 1613 640 1646 potuit
653 1614 692 1640 vir
707 1613 874 1640 doctissimus
898 1613 1072 1640 Muralorius.
1089 1614 1121 1640 Et
1140 1619 1268 1649 quantum
1283 1621 1402 1647 auguror
1420 1613 1583 1648 conjectura,
1600 1621 1652 1639 non
1672 1614 1740 1640 tanti
1757 1614 1876 1647 fortasse

245 1655 323 1688 pretii
334 1659 395 1681 sunt
411 1661 506 1682 ccc-tera
520 1664 529 1683 :
545 1665 607 1683 nant
619 1657 766 1692 fragmenta
786 1659 834 1684 illa
853 1659 879 1685 iu
896 1659 980 1685 libros
996 1658 1098 1693 Regum
1120 1663 1145 1685 et
1169 1659 1197 1685 in
1223 1659 1389 1691 Matthaeum,
1403 1667 1454 1685 non
1465 1667 1497 1685 ex
1514 1659 1643 1694 peculiari
1664 1659 1778 1694 quodam
1799 1668 1876 1686 corn-

247 1703 375 1728 mcnturio
387 1703 413 1729 in
430 1703 505 1730 hosce
520 1703 610 1734 libros.
620 1705 664 1731 sed
677 1712 708 1731 ex
719 1705 780 1731 aliis
791 1713 849 1740 qua:
856 1705 914 1740 jam
927 1710 1031 1732 exstant
1043 1705 1182 1732 Athanasii
1195 1704 1314 1739 operibus
1327 1704 1443 1731 maxima
1454 1712 1513 1738 pars
1522 1705 1652 1739 exscripta
1662 1707 1744 1738 luere,
1756 1710 1785 1731 ut
1800 1706 1876 1739 infra

246 1755 390 1779 incitemus,
406 1751 430 1775 ct
444 1750 605 1783 experientia
623 1751 856 1784 comprobavimus.
876 1751 1061 1785 Expositiones
1075 1757 1163 1778 autem
1178 1751 1204 1777 in
1223 1750 1346 1778 Psalmos
1359 1750 1455 1777 ewdem
1471 1754 1598 1784 putantur
1611 1759 1667 1777 esse
1681 1758 1740 1784 quia
1755 1756 1874 1778 nostra:

245 1795 364 1829 synopsis
378 1803 446 1828 vero,
463 1803 508 1822 seu
521 1796 702 1831 interpretatio
725 1798 771 1824 illa
787 1806 876 1825 cocum
892 1798 1084 1825 Hebraicarum
1103 1807 1161 1834 quas
1181 1799 1210 1825 in
1231 1797 1439 1833 expositionibus
1454 1797 1594 1824 Athanasii
1614 1803 1718 1825 exstant
1731 1803 1761 1825 ut
1780 1799 1819 1825 vel
1841 1806 1876 1825 es:

244 1840 375 1878 prioribus
396 1842 479 1869 verbis
496 1843 682 1870 wstimaudum
701 1844 867 1879 relinquitur,
885 1845 962 1872 nihili
976 1851 1022 1872 est.
1046 1845 1083 1872 De
1099 1845 1206 1880 reliquis
1223 1846 1246 1872 si
1263 1845 1368 1879 quando
1382 1844 1465 1871 lucem
1483 1845 1596 1872 viderint
1607 1845 1740 1880 judicium
1757 1846 1873 1879 [eretur-

280 1885 346 1914 Vlll.
357 1887 397 1913 Ad
412 1889 512 1915 codices
523 1888 582 1922 jam
591 1891 723 1917 veniamus
736 1890 804 1917 unde
815 1891 862 1917 has
875 1891 1014 1918 Athanasii
1025 1891 1199 1925 expositiones
1214 1891 1327 1916 mutuati
1341 1898 1431 1916 sumus
1444 1897 1452 1916 :
1468 1895 1520 1917 tres
1534 1890 1607 1925 Regii
1623 1896 1695 1922 sunt,
1707 1889 1776 1917 l807
1790 1891 1876 1917 nimi-

244 1941 314 1964 rum,
327 1941 401 1968 quem
418 1933 527 1968 Regium
543 1935 657 1968 primum
678 1941 811 1966 vacuatus,
826 1933 889 1969 Reg.
904 1943 963 1961 vero
977 1935 1004 1966 2,
1023 1934 1102 1966 l878,
1118 1933 1181 1968 Reg.
1193 1934 1220 1967 5,
1236 1934 1315 1961 1879.
1335 1933 1430 1968 Regius
1450 1935 1552 1968 primus
1566 1939 1605 1961 est
1626 1938 1718 1961 catena
1736 1935 1878 1970 uittiquis-

245 1981 313 2010 sima
332 1983 364 2008 ab
383 1982 459 2008 annis
481 1982 540 2016 plus
559 1983 728 2016 septingentis
744 1987 880 2016 exoratus,
902 1983 976 2010 bona
998 1987 1076 2011 notua.
1092 1981 1291 2011 Incommodum
1309 1986 1394 2008 tanien
1407 1982 1513 2014 accidit,
1528 1988 1557 2010 ut
1577 1983 1685 2010 nomina
1708 1984 1876 2017 scriptorum

247 2029 414 2056 amanuensis
436 2037 549 2063 parca-pc
573 2034 680 2071 taceret.
704 2028 840 2056 Secundus
858 2029 919 2064 Reg.
941 2030 1041 2064 egregie
1056 2030 1203 2064 descriptus
1220 2034 1244 2056 et
1259 2030 1330 2064 paris
1344 2031 1524 2065 antiquitatis,
1539 2031 1626 2057 minus
1644 2035 1730 2057 tamen
1744 2037 1876 2058 accurate

244 2081 369 2105 exoratus
389 2078 496 2104 nomina
519 2082 606 2105 tamen
617 2078 754 2113 diligenter
769 2078 887 2105 ascribit.
902 2077 1017 2110 Tertius,
1031 2078 1076 2112 qui
1092 2078 1205 2104 mediam
1212 2077 1319 2105 secundi
1332 2083 1432 2112 portent
1446 2079 1637 2113 complectitur,
1652 2086 1738 2105 recens
1751 2083 1790 2105 est
1800 2083 1827 2105 et
1839 2087 1877 2106 ea:

246 2125 358 2152 secundo
369 2127 527 2162 exscriptus,
541 2127 647 2162 ideoque
659 2135 710 2153 non
721 2127 789 2153 tanti
800 2135 874 2153 usus.
887 2126 950 2153 Tres
962 2127 1024 2154 item
1038 2126 1112 2154 Colb.
1121 2132 1193 2158 sunt,
1203 2126 1282 2160 4445,
1295 2135 1370 2162 quem
1381 2127 1495 2160 primum
1507 2126 1580 2154 Colb.
1590 2126 1713 2159 dicimus,
1722 2126 1878 2153 secundum

245 2179 303 2198 vero
316 2172 404 2205 “82;
421 2175 526 2200 tertium
542 2175 567 2200 in
587 2175 653 2201 duas
674 2179 762 2209 partes
778 2174 902 2205 divisum,
916 2183 1027 2209 quarunt
1045 2175 1131 2209 prima
1150 2183 1284 2201 numerum
1299 2175 1396 2202 obtinet
1409 2175 1487 2204 4680.
1502 2175 1617 2202 secunda
1633 2183 1692 2202 vero
1705 2174 1789 2202 s681.
1803 2175 1858 2203 Col

244 2217 359 2245 bertinus
374 2225 471 2249 autem,
483 2227 557 2254 quem
569 2221 683 2254 primum
699 2220 823 2251 dicimus,
837 2219 933 2245 librant
947 2220 981 2246 ad
996 2219 1182 2246 Marcellinum
1203 2218 1241 2246 De
1254 2219 1476 2254 interpretatione
1486 2218 1658 2247 Psalmorum
1673 2224 1777 2247 tantum
1790 2222 1876 2247 exhi—

245 2266 295 2291 bet.
310 2264 445 2293 Secundus
459 2265 598 2292 Athanasii
612 2270 635 2292 et
654 2264 807 2292 Theodoreti
823 2265 996 2300 expositiones
1016 2265 1041 2291 in
1057 2265 1190 2297 Psalmos,
1204 2270 1292 2300 estque
1307 2265 1366 2299 plus
1383 2265 1434 2292 700
1448 2274 1576 2292 annorum
1591 2275 1600 2293 :
1611 2267 1709 2305 tertius
1721 2266 1875 2300 expositio-

243 2319 288 2340 nes
301 2313 363 2339 item
376 2312 517 2339 Athanasii
531 2321 590 2340 cum
604 2313 736 2340 nonnullis
751 2317 906 2340 cwterorum
922 2313 1046 2344 Patrum,
1062 2313 1104 2339 hic
1120 2314 1221 2340 utendis
1233 2318 1325 2347 scatet,
1339 2315 1540 2348 quingentorum
1552 2315 1656 2341 circiter
1669 2323 1812 2342 annorum.

277 2356 380 2384 Harum
394 2359 585 2393 expositionum
597 2359 743 2394 fragmenta
757 2362 878 2395 quaedam
890 2369 906 2388 a
923 2360 1031 2387 Dauicle
1044 2360 1174 2392 Barbara,
1188 2361 1232 2396 qui
1249 2367 1339 2396 postea
1362 2361 1514 2395 patriarcha
1528 2361 1701 2396 Aquileiensis
1715 2362 1777 2395 fuit,
1791 2362 1875 2389 edita

242 2404 347 2437 fuerunt
368 2405 396 2431 in
418 2409 510 2431 catena
527 2404 641 2432 Patrum
662 2406 812 2434 Grecorum
824 2408 850 2434 in
866 2407 1001 2439 Psalmos,
1022 2407 1134 2434 Venetiis
1156 2417 1220 2434 casa
1232 2417 1300 2434 anno
1316 2408 1395 2439 1569,
1412 2409 1457 2435 ubi
1474 2407 1509 2435 a‘d
1522 2409 1766 2444 quinquagesimum
1782 2417 1875 2445 usque

241 2452 370 2485 psalmum
384 2453 516 2480 duntaxat
529 2455 704 2488 expositiones
719 2457 861 2483 ducuntur.
874 2456 909 2482 Et
922 2457 1073 2483 accuratior
1087 2456 1190 2490 quidem
1204 2457 1230 2483 in
1245 2456 1335 2482 multis
1348 2461 1385 2482 est
1398 2455 1569 2485 Corderiana.
1583 2457 1651 2484 Hinc
1664 2466 1733 2485 anno
1746 2458 1815 2485 1601
1835 2466 1874 2486 e1:

240 2505 335 2528 catena
348 2501 619 2531 Nicetwl-Ieracleolce
636 2503 826 2532 Felckmannus
850 2509 971 2538 excerpta
992 2505 1115 2540 quaedam
1136 2504 1220 2531 edidit
1233 2504 1408 2531 Athanasium
1431 2507 1587 2539 spectantia.
1609 2505 1746 2533 Postremo
1764 2506 1876 2534 Corde-

241 2549 296 2575 rr'us
309 2557 378 2576 anno
395 2549 462 2577 1645
475 2550 648 2585 prolixiorem
669 2557 786 2578 catenam
802 2551 915 2579 Patrum
932 2552 1084 2580 Gt'wcorum
1107 2552 1133 2579 in
1155 2556 1242 2579 totum
1262 2551 1424 2579 Psalterium
1440 2552 1534 2584 edidit,
1550 2552 1634 2580 tribus
1651 2553 1728 2580 tomis
1744 2561 1875 2588 compre~

239 2597 355 2629 hensum,
373 2597 400 2625 in
412 2606 463 2634 qua
477 2599 543 2626 nanti
554 2607 605 2626 non
620 2601 697 2635 pauci
709 2605 858 2628 occurrunt.
873 2601 968 2628 Nobile
983 2606 1070 2628 autem
1082 2607 1119 2628 est
1132 2601 1198 2627 illud
1211 2606 1328 2628 erratum
1343 2601 1412 2636 quod
1425 2601 1597 2636 expositiones
1609 2599 1738 2627 Theodori
1749 2600 1875 2627 etThco-

237 2643 323 2674 doreti
336 2643 485 2671 Athanasio
497 2645 622 2676 ascribat.
644 2644 676 2671 Et
693 2646 808 2680 quidem,
820 2651 847 2673 ut
858 2655 1030 2682 auguramur,
1044 2646 1206 2680 hacJapsus
1222 2655 1301 2673 causa
1322 2647 1373 2680 fuit
1384 2655 1393 2673 :
1410 2647 1587 2673 Amanuenses
1603 2646 1648 2672 ubi
1666 2647 1693 2673 in
1710 2647 1812 2673 catenis
1831 2648 1876 2673 ad

238 2689 381 2722 marginem
400 2690 505 2716 nomina
527 2690 683 2725 scriptorum
700 2696 802 2724 notant,
819 2693 958 2718 Athanasii
978 2701 1069 2719 nomen
1086 2692 1205 2718 indicant
1225 2700 1271 2726 per
1285 2692 1400 2719 litteram
1413 2693 1445 2726 Α,
1456 2694 1499 2720 cui
1514 2700 1659 2729 sequentem
1674 2695 1703 2720 in
1719 2694 1873 2726 Athanasii

237 2735 351 2767 nomine,
364 2735 384 2763 Θ
401 2737 502 2764 scilicet
513 2738 659 2772 imponunt.
681 2738 730 2766 Ubi
745 2745 831 2766 autem
849 2739 978 2767 Theodori
992 2740 1068 2767 lectio
1079 2745 1126 2772 est,
1140 2740 1253 2774 primam
1267 2740 1391 2767 similiter
1401 2740 1421 2766 Θ
1432 2741 1590 2774 describunt,
1604 2743 1646 2769 cui
1657 2743 1774 2769 litteram
1786 2744 1807 2769 Δ
1819 2743 1874 2769 de-

238 2790 314 2816 super
326 2785 459 2819 scribunt;
475 2786 530 2817 [nec
548 2793 634 2814 autem
647 2787 736 2814 littera
750 2792 776 2815 in
786 2788 919 2815 codicibus
934 2789 1051 2822 proxime
1065 2789 1099 2815 ad
1112 2788 1228 2815 litteram
1243 2788 1264 2815 A
1277 2789 1387 2820 accedit,
1406 2788 1449 2817 ubi
1466 2789 1546 2825 igitur
1561 2789 1627 2817 vidit
1645 2789 1678 2823 A,
1693 2794 1722 2816 ut
1736 2789 1871 2825 putabat,

235 2831 356 2864 superius
386 2834 406 2859 Θ
424 2842 480 2863 rero
494 2835 605 2872 inferius
621 2835 742 2871 describi,
763 2837 934 2865 Athanasium
949 2836 989 2864 Itis
1004 2837 1149 2872 signiﬁcari
1166 2836 1312 2865 arbitratus
1328 2843 1376 2865 cst.
