1938 3053
75 140 102 168 58
497 140 739 169 ARGUMENTUM
758 141 792 169 IN
812 142 980 170 PSALMOS.
1000 143 1218 173 ——MONITUM.
1633 147 1669 176 Μ

102 197 139 225 IX.
152 196 195 225 Hie
208 201 291 223 autem
308 196 481 231 expositiones
493 198 585 226 multis
601 200 627 226 in
641 199 706 227 locis
717 201 852 234 deﬁciunt,
869 201 932 236 quia
947 200 1048 228 scilicet
1060 210 1230 229 amanuenses
1242 210 1293 229 non
1307 204 1395 231 omnia
1410 204 1613 239 aescripserunt,
1623 207 1668 232 sed

72 244 178 278 pamiora
192 242 333 269 attulerunt
345 251 425 277 quam
436 244 533 277 ferrent
554 245 695 273 Athanasii
710 246 821 273 codices.
838 246 909 273 Raro
925 247 1008 273 evenit
1027 252 1057 274 ut
1078 249 1223 283 peregrinte
1236 249 1463 285 interpretationes
1478 259 1569 278 nomen
1586 251 1669 278 Atha-

73 289 130 315 nasii
140 288 280 323 prmferant,
296 288 323 314 id
339 289 426 323 quoad
442 289 555 323 facultas
570 292 630 318 tulit
643 293 677 318 ad
694 293 839 327 marginem
851 293 1010 320 notavimus.
1024 292 1059 320 Et
1075 302 1138 320 sane
1154 294 1281 329 perfacile
1296 298 1334 321 est
1350 294 1377 320 in
1392 294 1461 320 hisce
1475 293 1573 328 stylum
1585 294 1669 320 Atha-

72 337 126 363 nasii
138 337 309 369 internoscere,
328 341 383 363 tum
397 338 460 372 quia
479 338 506 364 in
523 344 675 373 argumento
696 340 847 375 plerumque
861 348 908 367 ceu
923 342 1047 375 synopsin
1065 341 1206 376 quamdam
1227 342 1307 369 totius
1321 341 1417 376 psalmi
1437 341 1468 368 ob
1481 341 1570 368 oculos
1584 341 1668 376 ponit,

71 389 89 408 et
103 383 191 416 quidem
213 390 271 409 mox
290 383 430 417 afferenda
446 384 658 420 interpretationi
682 388 794 421 affinem,
806 391 834 413 ut
851 387 899 413 hac
916 388 1014 414 tessera
1032 387 1111 422 facile
1128 389 1163 415 sit
1180 396 1240 415 vera
1252 396 1267 414 a
1280 388 1357 423 falsis
1370 395 1519 419 secernere;
1536 392 1592 413 tum
1606 387 1669 421 quia

71 435 116 456 tam
129 431 278 465 perspicuus,
297 424 452 466 tdm,brevis
466 439 542 469 atque
558 443 662 469 pressus
674 436 699 461 in
721 436 790 462 hisce
804 441 842 462 est
854 435 1026 467 Athanasius,
1040 440 1068 462 ut
1083 436 1132 462 hac
1146 437 1208 462 item
1223 436 1249 462 in
1262 439 1337 470 parte
1349 443 1364 461 a
1379 435 1480 461 ca'teris
1498 434 1603 469 perinde
1614 434 1670 460 dis-

73 481 141 514 tingui
152 481 234 515 possit.
251 479 283 507 In
299 480 369 507 hisce
384 486 472 507 autem
487 481 564 515 vulgo
590 482 745 507 sententiam
758 482 874 516 exponit,
900 488 929 509 ut
952 488 1045 510 vocant
1057 484 1283 518 spiritualem,ita
1293 487 1322 509 ut
1334 481 1443 508 Nicetas
1463 483 1489 508 in
1509 486 1602 508 catena
1621 488 1668 507 sua

73 528 236 556 Theodoretum
249 538 296 563 pro
312 529 434 562 litterali,
452 529 627 556 Athanasium
641 529 695 564 fere
706 538 754 564 pro
769 531 901 564 spirituaii
918 532 1023 566 a/ferat.
1037 531 1085 558 Est
1102 536 1189 559 tamen
1199 531 1271 558 haud
1285 540 1345 558 raro
1358 539 1417 558 cum
1434 531 1551 558 litterarii
1564 530 1670 564 attingit

71 580 90 601 et
99 573 188 609 quidem
201 575 344 601 rectissime
357 575 392 601 ad
411 583 518 609 scopum
533 575 682 609 Propheta,
697 581 724 602 ut
741 585 814 604 nemo
828 585 878 603 non
891 579 1070 605 wstimaturus
1081 583 1130 606 est.
1143 578 1305 613 Argumenta
1315 577 1476 614 psalmorum
1488 576 1597 603 maximi
1608 584 1670 603 sane

69 622 132 654 pretii
152 627 216 655 sunt,
230 622 275 649 ubi
297 623 439 650 litteralem
454 623 535 650 etiam
558 631 626 658 swpe
646 628 757 650 mentem
783 624 901 658 apprime
915 629 939 650 et
954 629 1030 651 acute
1051 625 1134 659 tangit
1157 629 1298 660 antequam
1312 623 1346 650 ad
1369 622 1536 658 spiritualem
1552 621 1670 648 accedat.

71 668 148 696 Multa
156 669 194 696 hic
204 670 325 696 lectiones
340 670 442 705 Aquila!
455 675 480 697 et
495 670 647 706 Symmachi
661 675 766 698 exstant
780 672 906 699 hactenus
921 672 1093 699 inobservata:
1105 681 1122 699 a
1137 671 1234 698 Drusio
1250 677 1273 698 et
1287 671 1359 698 aliis.
1608 703 1610 706 ι

97 715 137 743 Est
159 717 225 745 locus
244 719 340 752 psalmi
354 726 437 751 vau,
450 727 527 754 quem
541 721 654 746 alienum
675 720 838 747 wstimamus
860 725 884 747 et
906 726 1079 748 commentum
1099 721 1160 751 olet,
1179 720 1247 746 illud
1261 720 1361 747 scilicet
1376 719 1408 745 de
1421 716 1562 745 calamoad
1570 724 1671 743 versum

69 763 104 789 ΖΙ.
112 763 164 790 Alia
174 764 284 799 fortasse
292 765 419 792 nonnulla
428 773 480 792 non
492 765 627 792 observata
638 774 653 791 a
664 766 736 792 nobis
743 766 842 800 fuerint
849 774 907 801 qua:
917 765 1020 793 erudito
1029 766 1120 793 lectori
1129 765 1273 800 supplenda
1282 763 1481 791 demandamus.
1491 762 1565 789 Psal.
1575 769 1670 793 LXhll,

67 818 87 836 ν.
103 811 139 845 I7,
150 812 244 839 dicitur
259 812 348 839 Filius
362 821 421 840 cum
435 813 543 840 Patrem
557 813 598 839 his
615 814 698 840 verbis
717 813 1066 848 deprecaretur:Transeat
1082 821 1098 841 a
1116 821 1158 840 me
1180 813 1250 840 calix
1271 813 1331 844 iste,
1351 820 1402 838 non
1417 811 1445 838 in
1458 810 1602 846 hypocrisi.
1620 817 1672 836 non

68 860 91 881 ut
103 855 216 884 Satanam
228 858 355 885 inescaret
371 867 402 886 ac
417 859 558 893 deciperet,
575 867 628 885 non
644 859 713 892 quod
728 860 819 886 mundi
836 860 995 887 voluntatem
1009 864 1037 886 ut
1050 860 1183 894 propriam
1199 859 1313 894 θίγεν-γει,
1326 859 1365 886 ita
1376 858 1491 886 locutum
1505 858 1595 893 fuisse.
1606 856 1673 889 Qui-

69 909 106 927 ,τις
117 908 195 936 aperte
207 909 334 939 repugnat
349 904 489 938 explicatio
507 913 566 939 quin
577 909 664 932 exstat
682 906 708 931 in
728 905 796 932 libro
814 905 850 932 De
864 906 989 940 passione
1005 906 1112 933 Domini
1133 910 1196 932 tom.
1213 905 1256 938 IV,
1270 913 1344 940 quem
1364 906 1434 932 inter
1457 908 1588 939 suspectos
1602 903 1673 930 haud

67 947 151 981 injuria
164 948 347 984 ablegavimus.
362 949 472 984 Argum.
489 950 584 984 psalmi
597 959 649 977 Lxx
665 952 779 985 primum
803 952 849 978 sub
871 951 997 978 Romanis
1014 951 1240 986 Jerosolymorum
1254 951 1385 978 excidium
1405 955 1541 982 memorat,
1553 950 1616 985 quia
1631 957 1673 976 εε-

66 996 163 1023 tandum
176 997 236 1023 item
247 1006 263 1024 a
276 997 401 1025 Romanis
416 997 520 1024 illatum
533 998 583 1032 fuit
599 999 645 1025 sub
659 999 787 1026 Adriano.
806 999 871 1026 Hazc
882 1000 913 1026 de
926 999 1132 1034 expositionibus
1148 1000 1173 1025 in
1190 998 1314 1026 Psalmos
1326 998 1391 1026 satis
1406 1002 1494 1024 sunto.

95 1040 229 1068 Secundum
244 1043 313 1069 hanc
324 1043 497 1077 conscriptam
513 1043 718 1070 admonitionem
732 1044 836 1071 litteras
851 1045 939 1078 accepi
953 1044 988 1070 cl.
1005 1043 1155 1070 V.Autonii
1169 1043 1323 1075 Muralorii,
1335 1043 1380 1078 qui
1395 1050 1474 1068 manu
1488 1041 1597 1076 propria
1609 1041 1674 1068 mihi

64 1097 88 1117 ea
102 1091 226 1124 exscripsit
243 1091 271 1118 in
287 1090 424 1118 laudatum
436 1092 653 1118 commentarium
666 1091 693 1119 in
710 1092 854 1119 Canticum
868 1091 958 1119 Maria:
971 1091 1074 1119 sororis
1088 1090 1171 1118 Mosis
1186 1091 1349 1125 paucissima
1368 1097 1432 1116 sane
1449 1093 1478 1114 ut
1492 1088 1573 1116 vides.

94 1133 129 1160 En
139 1135 216 1169 igitur
227 1135 418 1162 Commctttarii
433 1137 518 1163 nostri
534 1137 663 1171 specimen
677 1137 704 1164 in
715 1136 858 1165 Canticum
870 1137 1085 1165 Deuteronomii.

91 1181 209 1216 Σημαίνει
222 1183 269 1209 καὶ
284 1182 350 1217 αὐτὴ
362 1182 410 1218 τὴν
430 1182 563 1210 ἔκπτωσιν
579 1183 634 1210 τῶν
647 1183 778 1210 Ἰουδαίων
798 1184 844 1210 καὶ
862 1183 910 1218 τὴν
926 1183 1078 1219 ἁγαθότητα
1099 1181 1145 1208 τοῦ
1160 1181 1237 1213 Θεοῦ,
1257 1181 1289 1218 ῆν
1306 1180 1439 1216 παρέσχεν
1450 1179 1551 1212 αὺτοῖς,
1568 1181 1613 1207 καὶ
1627 1180 1664 1216 τὴ

62 1227 198 1264 ιξσαγωγὴν
209 1229 262 1256 τῶν
278 1229 373 1256 ὲθνῶν.

62 1272 177 1308 Πρόςεχε,
191 1274 301 1309 οὐρανὲ,
313 1274 360 1306 καὶ
372 1274 489 1311 λαλήσω,
505 1275 562 1306 καί,
577 1280 624 1304 etc.

126 1319 197 1346 Ἐπεὶ
215 1320 289 1355 μέγα.
300 1318 334 1355 ἦν
348 1320 378 1346 τὺ
394 1322 570 1357 παράπτωμα
586 1321 738 1352 Ἰουδαίων,
761 1321 808 1346 καὶ
825 1321 852 1346 ὲν
875 1320 1000 1355 οὐρανοῖς
1022 1319 1158 1355 μάρτυρες
1175 1320 1224 1354 οὐχ
1249 1319 1415 1355 εὑρίσκοντο,
1429 1321 1474 1348 τὸν
1491 1320 1616 1356 οὐρανὸν,
1632 1318 1678 1347 καὶ

121 1365 165 1399 τὴν
179 1365 229 1399 γῆν
240 1365 275 1392 τὰ
291 1365 396 1400 μεγάλα.
411 1368 529 1401 στοιχεῖα
543 1366 710 1402 μαρτύρεται
725 1368 739 1392 ὁ
749 1366 814 1398 Θεὸς
825 1365 868 1392 διὰ
879 1365 925 1392 τοῦ
942 1366 1091 1400 προφήτου.

61 1423 253 1458 Προσὼκάσϐω.

89 1470 168 1503 Πολὺς
184 1473 238 1508 γὰρ
251 1472 290 1504 ὡς
304 1472 391 1504 ὑετὸς,
407 1472 455 1498 καὶ
470 1471 614 1508 ἑπωφελὴς
629 1473 642 1498 ὁ
652 1472 730 1506 λόγος
745 1472 792 1499 τοῦ
807 1472 875 1499 Θεοῦ
892 1473 1083 1508 κατεχόμενος.

61 1518 108 1548 Καὶ
117 1527 164 1546 κατ
169 1520 269 1556 αϐήτω.

89 1567 161 1594 Μετὰ
175 1569 330 1604 πραότητος
347 1567 393 1594 καὶ
411 1566 536 1602 ἡσυχίας,
549 1566 687 1593 τουτέστιν
696 1566 733 1598 ὡς
741 1566 842 1602 ὄμϐρος
855 1567 898 1593 ἐπ’
909 1567 1056 1603 ἄγρωστιν,
1073 1569 1121 1596 καὶ
1135 1569 1172 1601 ὡς
1189 1569 1306 1604 νιφετός.

62 1612 118 1641 Post
129 1615 191 1642 duos
206 1615 274 1642 alios
293 1615 435 1641 versiculos
450 1614 593 1641 subditur:
611 1613 713 1641 Desunt
729 1614 846 1649 reliqua,
863 1620 940 1650 atque
953 1617 994 1642 hic
1010 1617 1088 1651 ﬁnem
1100 1617 1274 1651 expositiones
1288 1617 1478 1645 Athanasium:
1487 1617 1594 1644 habent.

91 1663 129 1690 Ex
141 1663 338 1690 Commentario
356 1667 442 1691 autem
460 1666 605 1689 memorato
621 1663 647 1689 in
663 1661 800 1695 Psalmos,
815 1664 914 1700 aliquot
935 1665 1070 1695 clausulas
1087 1668 1251 1697 brevissimas
1272 1670 1370 1697 nostris
1384 1673 1425 1696 sat
1445 1667 1587 1696 dissimiles
1607 1666 1679 1693 misit

61 1709 172 1738 laudatus
189 1711 239 1744 vir,
254 1712 296 1738 ita
313 1716 341 1737 ut
357 1710 490 1737 brevitatis
502 1718 583 1736 causa
595 1717 646 1736 non
657 1709 739 1744 possit
749 1710 883 1744 judicium
900 1712 964 1746 ferri
975 1715 1104 1742 ewdemne
1114 1715 1166 1742 sint
1180 1716 1235 1743 ilice
1247 1724 1278 1744 ac
1290 1717 1464 1751 expositiones
1476 1719 1582 1744 nostrae.
1594 1712 1680 1745 Quid-
1696 1714 1702 1719 '

59 1759 113 1791 quid
133 1760 237 1786 tandem
250 1761 297 1792 sit,
311 1767 370 1785 cum
381 1759 526 1794 swpissime
541 1763 639 1785 nostrte
652 1759 684 1785 ab
702 1760 853 1788 auctoribus
867 1761 1011 1791 laudentur
1023 1764 1164 1794 Athanasii
1176 1765 1291 1798 nomine,
1307 1765 1367 1793 hinc
1379 1764 1529 1800 conﬁcitur,
1540 1763 1612 1797 ipsas
1628 1769 1680 1790 non

60 1813 111 1833 cera
121 1807 187 1836 alias
201 1816 257 1835 esse
272 1815 410 1843 germanas
423 1807 564 1834 Athanasii
577 1807 762 1841 expositiones.

692 1991 1042 2040 ADMONITIO

167 2093 204 2124 In
221 2093 456 2132 Argumentum
472 2088 638 2121 Athanasii
652 2089 688 2120 in
704 2089 907 2126 Psalterium,
927 2092 958 2121 et
970 2091 1004 2120 in
1019 2089 1244 2129 supplementa
1257 2082 1489 2131 subsequentia
1504 2092 1559 2133 (a).

91 2252 180 2281 Prodit
203 2255 340 2289 egregium
362 2254 388 2280 in
410 2253 533 2280 Psalmos
559 2253 749 2287 Argumentum
771 2259 804 2278 ea:
824 2251 913 2278 codice
928 2251 1091 2277 bibliotheca!
1116 2250 1300 2278 Ambrosiance
1313 2251 1510 2278 rnembranaceo
1527 2258 1555 2278 χι
1578 2252 1680 2286 sceculi,

57 2301 156 2334 optima:
173 2307 245 2330 notae
261 2309 270 2330 :
286 2302 363 2336 cujus
378 2301 481 2337 singula
498 2301 571 2328 dicta
587 2300 721 2336 judicium
743 2300 916 2334 peritiamque
937 2299 1074 2333 scriptoris
1094 2303 1218 2334 arguunt.
1240 2298 1352 2326 Orditur
1378 2304 1465 2326 autem
1483 2299 1644 2328 Athanasius
1666 2308 1683 2327 α

60 2348 222 2378 Psalmorum
245 2351 349 2382 ordine,
373 2359 484 2386 quorum
508 2349 690 2385 perturbatam
715 2349 809 2376 seriem
829 2356 1001 2383 promanasse
1022 2351 1099 2382 putat
1121 2354 1153 2373 ea:
1170 2345 1326 2374 Judceorum
1344 2347 1450 2374 incuria
1471 2340 1495 2374 et
1513 2344 1683 2383 negligentia:

59 2395 174 2425 Paternis
194 2399 295 2433 quippe
310 2397 436 2433 despectis
452 2398 562 2432 legibus,
580 2398 774 2432 inclinanteque
788 2396 822 2423 ad
835 2395 1040 2423 simulacrorum
1056 2395 1155 2421 cultum
1168 2395 1266 2428 animo,
1285 2395 1365 2422 libros
1383 2403 1414 2421 ac
1435 2395 1575 2430 scriptores
1589 2396 1684 2430 priscae

57 2445 187 2481 religionis
209 2448 366 2481 interpretes
386 2446 631 2481 pessumdederunt,
654 2446 693 2472 ita
708 2451 735 2472 ut
752 2444 830 2471 multi
844 2444 905 2470 hinc
919 2444 980 2470 inde
993 2443 1116 2470 distracti
1134 2451 1165 2469 ac
1180 2446 1306 2469 vetustate
1326 2450 1389 2477 pene
1406 2442 1493 2470 obruti
1508 2443 1571 2476 sint,
1587 2451 1684 2478 magna

54 2500 112 2525 pars
128 2493 210 2519 etiam
226 2500 340 2528 prorsus
356 2492 513 2519 interierint.
528 2491 582 2518 Sub
597 2491 653 2518 [nec
671 2498 759 2517 autem
779 2497 838 2516 cum
851 2490 880 2516 in
903 2496 1005 2524 poenam
1018 2487 1157 2520 scelerum,
1172 2486 1262 2514 multis
1278 2487 1364 2514 attriti
1381 2487 1511 2521 cladibus,
1527 2489 1555 2515 in
1569 2487 1686 2523 Babylo-

55 2539 122 2564 niam
137 2541 271 2566 oictorum
282 2538 361 2573 jussu
380 2539 624 2573 transmigrassent,
646 2537 754 2572 quidam
776 2536 844 2563 inter
860 2543 903 2562 eos
924 2535 1051 2569 propheta
1075 2542 1164 2561 sacros
1181 2533 1263 2560 libros
1279 2533 1419 2568 colligendi
1441 2542 1532 2560 curam
1550 2535 1685 2568 suscepit:

52 2593 113 2618 quos
134 2585 180 2612 ille
195 2585 237 2612 uti
255 2593 312 2612 sese
329 2585 439 2617 dabant,
456 2589 596 2620 partesque
611 2584 732 2619 singulas
747 2584 786 2610 uti
796 2583 882 2617 primo
899 2582 1081 2612 occurrebant,
1097 2589 1144 2608 nec
1166 2581 1253 2608 nativo
1270 2581 1370 2614 ordine,
1386 2581 1505 2615 digessit.
1525 2580 1595 2607 Hinc
1607 2580 1688 2608 Psal-

53 2639 153 2659 morum
169 2633 220 2659 illa
243 2633 376 2666 confusio,
395 2633 456 2660 hinc
479 2633 556 2660 seriei
578 2633 740 2667 perturbatio
765 2632 861 2658 oritur.
882 2631 948 2658 Hcec
968 2638 1026 2657 vero
1051 2637 1082 2657 ex
1101 2629 1213 2657 Eusebio
1236 2634 1371 2656 mutuatus
1390 2630 1493 2656 videtur
1513 2629 1686 2660 Athanasius,

53 2680 124 2713 cujus
145 2681 231 2707 etiam
250 2680 329 2707 verba
343 2681 494 2715 plerumque
517 2681 682 2707 transcribit.
707 2679 740 2706 In
762 2681 810 2707 hac
829 2685 914 2707 tamen
933 2680 1043 2714 paulum
1064 2679 1162 2713 uariat,
1178 2679 1246 2714 quod
1268 2679 1450 2706 restaurando:
1466 2677 1612 2712 Scriptum
1627 2685 1700 2724 ope-i

54 2732 120 2758 ram,
143 2734 226 2762 quam
247 2725 380 2752 Eusebius
396 2726 428 2753 ab
444 2726 531 2752 Esdra
548 2731 697 2760 susceptam
708 2726 757 2758 ait,
775 2726 830 2761 ipse
845 2726 926 2753 alicui
940 2724 1138 2760 prophetarum,
1155 2724 1227 2751 nullo
1237 2724 1373 2758 speciatim
1390 2727 1548 2754 memorato,
1561 2721 1688 2756 assignet.

83 2783 117 2813 (ο)
128 2783 188 2816 meo
199 2782 407 2816 postrahsolutam
418 2783 550 2808 Maurinam
565 2783 701 2816 editionem
721 2782 813 2814 publici
831 2783 893 2814 juris
913 2781 973 2816 fecit
985 2781 1225 2816 M‘ontfaueoniusjn
1236 2781 1259 2806 Ν
1263 2787 1307 2806 ova
1322 2779 1468 2816 Bibliotheca
1483 2781 1593 2816 Patrum.
1608 2779 1689 2815 Argu-

54 2818 160 2838 mentum
172 2812 207 2838 in‘
216 2814 366 2838 Psalterium
382 2821 436 2838 mox
449 2816 573 2844 sequitur;
585 2812 761 2845 supplementa.
774 2812 876 2840 veroex
892 2814 977 2839 codice
997 2813 1158 2839 Ambrosiam
1178 2813 1323 2844 deprompta
1342 2812 1507 2836 distinctionis
1527 2817 1600 2836 causa
1621 2812 1706 2838 uncia.

54 2846 218 2871 conclusimus
231 2848 260 2870 et
272 2845 347 2876 priori
359 2846 438 2870 textui
449 2846 604 2872 inseruimus.
616 2845 683 2870 Enn.
