1938 3053
249 123 284 150 55
671 122 699 149 S.
720 119 909 148 ATﬂANASll
928 119 1003 147 OPP.
1025 118 1115 146 PARS
1136 117 1178 145 ΙΙΙ.
1199 132 1235 138 —-
1253 117 1459 144 EXEGETICA.
1842 114 1872 142 56

248 181 315 213 ραω
331 181 363 208 de
382 180 551 208 Psalmorum
573 180 725 207 auctoribus
740 185 830 214 postea
843 179 979 210 dicuntur,
1002 183 1130 206 accurata
1151 186 1214 204 sane
1228 182 1252 204 et
1271 178 1373 204 erudite
1389 176 1534 211 proposita,
1558 183 1681 211 magnam
1695 175 1789 202 Iiab'ent
1816 182 1872 200 cura

248 227 371 263 Origenis
388 227 524 263 opusculo,
539 236 556 254 a
572 228 646 255 nobis
669 228 819 263 propediem
831 226 930 254 edendo
948 226 997 261 (α),
1016 227 1178 261 afﬁnitatem.
1202 226 1392 261 Argumentum
1407 233 1487 259 porro
1501 233 1578 251 suum
1593 225 1772 260 pulcherrima
1781 224 1872 251 admo-

247 274 345 301 nitione
364 274 465 300 claudit
488 273 652 301 Athanasius
665 293 674 307 ,
695 273 740 300 ubi
763 281 815 308 qua
836 277 920 299 mente
936 271 1038 300 Psalmi
1057 273 1112 299 sint
1137 272 1254 307 legendi,
1276 276 1377 298 ascetas
1407 270 1552 305 alloquens,
1578 270 1628 297 etsi
1641 270 1748 304 paucis,
1775 270 1872 304 egregie

245 324 334 346 tamen
354 319 486 346 edisserit.

281 364 467 400 Supplementa
483 364 686 400 Expositionum
701 365 729 392 in
753 364 886 398 Psalmos,
903 373 936 392 ea:
958 364 1046 392 codice
1062 365 1083 392 A
1098 365 1259 395 mbrosiano.
1272 363 1335 390 dum
1349 363 1494 390 Mediolani
1509 370 1654 398 ageremus,
1676 361 1870 395 exscripsimus.

245 410 344 446 Estque
367 411 449 438 codex
464 411 510 438 ille
527 419 624 443 recens,
638 411 670 438 ab
686 412 834 447 antiquiore
851 410 1013 439 Scorialensi
1033 411 1198 445 desumptus.
1222 409 1304 443 Nam,
1323 414 1352 436 ut
1376 409 1402 436 in
1423 409 1573 451 Athanasii
1581 408 1664 439 edito,
1681 415 1697 434 a
1713 407 1788 433 nobis
1804 407 1871 433 haud

245 458 283 484 ita
297 458 397 492 pridem
411 460 550 489 adornata,
567 459 717 485 monuimus
734 457 837 493 (supra,
864 457 916 485 col.
938 456 1001 492 55).
1020 456 1206 491 Είιροεὶιίοηεε
1219 456 1275 483 illa:
1298 455 1451 488 Athanasii,
1471 463 1524 481 non
1541 454 1661 481 omnibus
1681 453 1736 479 suis
1753 452 1871 487 partibus

243 508 269 530 et
287 505 403 531 numeris
418 505 545 532 absoluto.-
559 509 631 538 sunt,
653 505 698 532 sed
711 505 913 532 amanuensium
926 505 1035 532 ausibus
1052 505 1152 539 passim
1171 508 1301 531 truncata:
1319 508 1344 529 et
1358 503 1384 529 in
1404 502 1586 536 compendium
1601 501 1714 528 redacta:
1730 508 1738 526 :
1752 501 1871 534 qutedam

244 550 323 576 etiam
342 558 374 576 e1:
386 551 484 577 catenis
498 556 591 578 erutas.
611 550 688 578 Nihil
702 555 800 578 ‘moror
815 551 970 585 scriptorem
990 558 1129 582 nuperum,
1144 550 1189 585 qui
1206 549 1390 584 Expositiones
1403 548 1465 575 illas
1481 548 1509 574 in
1521 547 1641 574 Psalmos
1658 555 1708 573 non
1720 554 1775 572 esse
1791 545 1872 572 Atha<

244 596 313 623 nasii
332 604 480 631 prtepopere
496 598 686 631 pronuntiauit,
708 598 753 625 sed
774 598 848 624 nulla
869 597 959 624 oblata
975 597 1087 633 negandi
1115 598 1228 624 ratione.
1254 596 1330 622 Nihil
1365 595 1411 622 ille
1434 595 1547 627 curavit,
1565 595 1618 621 imo
1643 595 1731 629 potius
1746 593 1871 619 dissimu-

245 642 318 673 lavit,
330 642 377 669 hoc
389 644 473 677 operis
482 645 602 672 omnibus
622 649 682 679 post
695 645 874 671 Athanasium
895 645 1010 678 swculis,
1030 645 1170 672 Athanasii
1185 645 1298 676 nomine,
1318 643 1410 670 allatis
1421 644 1573 678 plerumque
1584 642 1648 669 locis
1665 647 1691 668 ut
1709 642 1735 668 in
1748 641 1872 667 hodierno

245 686 437 715 Commentario
450 694 571 722 exstant,
593 699 609 716 a
633 691 763 726 plerisque
788 691 962 726 scriptoribus
981 691 1126 718 memorari
1142 699 1151 717 :
1167 691 1234 717 nihil
1251 690 1329 718 movit
1346 690 1460 724 aﬂinitas
1478 690 1555 725 styli,
1578 690 1704 724 verbaque
1726 687 1871 722 frequentia

244 737 419 765 Athanasiani
434 747 507 772 usus,
523 741 589 767 nihil
605 741 724 768 codicum
743 742 811 769 unde
823 743 976 777 prodierunt
993 747 1107 770 vetustas
1122 752 1130 769 :
1146 751 1205 778 quw
1219 751 1282 769 sane
1299 746 1422 769 accurato
1436 739 1549 770 censori,
1562 742 1701 772 antequam
1716 736 1871 762 sententiam

243 783 338 816 ferret,
354 787 422 812 serio
438 792 512 813 erant
532 788 699 814 excutienda.
721 787 814 815 Verum
835 788 879 815 ille
910 789 1000 815 nasuti
1018 797 1044 816 se
1065 790 1151 816 critici
1165 793 1253 824 partes
1272 789 1355 823 egisse
1374 785 1490 822 putavit,
1520 792 1590 815 εωη,
1619 784 1700 809 “iis”
1723 781 1873 815 ίηίροτίτιπε

242 829 291 856 illa
309 831 483 866 investigandi
499 837 522 858 et
538 833 699 868 tlisquirendi
715 843 803 869 opera,
816 835 998 861 incunctanter
1010 835 1201 870 pronuntiavit,
1218 834 1277 861 Non
1299 838 1363 861 sunt
1375 831 1525 859 Athanasii.
1544 829 1594 857 Cui
1608 837 1653 856 nos
1667 828 1725 863 pari
1741 826 1873 862 facilitate

243 878 404 912 reponimus,
420 879 487 906 Sunt
502 881 644 908 Athanasii
661 890 667 908 :
682 890 698 908 a
709 889 761 916 qua
773 890 799 909 re
813 883 897 910 denuo
909 883 1103 918 comprobanda
1115 890 1161 909 nos
1180 882 1310 914 exemisti,
1322 881 1339 907 d
1350 888 1393 907 um
1410 879 1477 906 nihil
1493 878 1572 912 affers
1589 885 1638 911 quo
1654 879 1690 901 tot
1708 875 1869 908 scriptorum

244 924 404 955 testimonia.
420 930 505 959 totque
518 926 572 952 alia
591 927 767 962 γνησιὸτητος
780 935 934 964 argumenta
946 930 1086 957 convellas.
1108 929 1192 956 Nemo
1206 937 1269 955 sorte
1288 928 1363 955 nobis
1382 927 1470 954 dicant
1488 926 1627 959 impingat,
1640 922 1708 958 quod
1726 929 1759 948 ea:
1774 921 1872 954 affectu

244 969 282 996 rel
296 971 472 1004 prwjudicata
489 973 609 1006 opinione
626 974 718 1007 spuria
737 975 776 1001 vel
790 974 870 1001 dubia
892 984 970 1010 opera
984 984 1031 1010 pro
1046 975 1177 1010 germanis
1195 979 1220 1001 et
1239 974 1346 1000 assertis
1373 973 1522 999 dederimus
1539 978 1548 995 :
1563 978 1623 997 nam
1640 976 1687 1003 pro
1703 967 1784 998 virili.
1797 971 1823 993 et
1840 971 1866 992 ιιι

243 1018 312 1053 trqui
329 1019 397 1045 ratio
418 1020 581 1053 postulabat,
602 1021 708 1053 νοθείας
720 1022 759 1049 vel
779 1024 958 1059 γνησιότητος
971 1029 1046 1050 notas
1065 1024 1210 1058 quibusque
1229 1022 1427 1057 prtmnisimus:
1446 1029 1477 1047 ac
1492 1020 1552 1047 licet
1569 1018 1660 1052 cuique
1676 1015 1787 1043 liberant
1808 1023 1865 1042 sen-

244 1066 333 1092 tentiw
352 1067 489 1094 adversarii
505 1076 552 1095 nos
566 1069 681 1103 ferenda'
704 1071 845 1097 arbitrium
860 1073 996 1099 mittamus
1009 1093 1015 1105 ,
1036 1072 1059 1098 si
1076 1073 1134 1107 quis
1159 1076 1245 1097 tamen
1264 1071 1331 1097 hanc
1346 1070 1506 1104 provinciam
1523 1067 1611 1099 adeat,
1630 1065 1733 1092 nonnisi
1746 1064 1864 1091 excussis

243 1113 404 1146 argumentis
418 1118 442 1140 et
458 1116 538 1146 notis,
553 1124 619 1149 quas
631 1125 678 1151 pro
692 1118 820 1152 facultate
839 1120 996 1146 tractatibus
1016 1119 1128 1154 singulis
1150 1119 1345 1153 prmitisimus,
1359 1117 1459 1152 judicis
1480 1121 1504 1144 et
1522 1115 1637 1142 censoris
1654 1117 1742 1148 partes
1761 1116 1866 1146 occuprt

279 1157 413 1186 Lectorem
428 1168 532 1188 monere
543 1162 629 1196 juvat.
653 1162 879 1190 Commentarium
898 1164 981 1190 alium
995 1165 1137 1191 Athanasii
1153 1165 1255 1190 nomine
1271 1163 1336 1198 ferri
1352 1164 1378 1189 in
1394 1161 1549 1189 bibliotheca
1565 1159 1718 1186 Iustiniano
1737 1157 1862 1185 Venetiis.

243 1205 320 1240 inque
333 1205 508 1233 Ambrosiana
523 1208 677 1241 Mediolani,
696 1217 804 1243 prorsus
826 1210 958 1237 diversum
975 1210 1005 1236 ab

1079 1219 1103 1241 ο,
1127 1211 1203 1244 cujus
1221 1210 1327 1236 initium
1343 1217 1351 1235 :
1365 1209 1397 1234 Ἦ
1417 1209 1465 1243 μὲν
1487 1207 1639 1243 προφητεία
1657 1205 1810 1240 πληροῦται
1832 1205 1869 1235 είς

243 1251 288 1277 τὸν
315 1251 413 1287 Ἰωσὴφ
425 1252 470 1279 τὸν
491 1253 677 1288 Ἀριμαθαῖον.
703 1254 755 1282 Sed
777 1264 836 1282 cum
857 1265 873 1282 a
891 1256 991 1282 nemine
1013 1264 1023 1282 s

1079 1261 1172 1283 norum
1190 1259 1356 1288 memoratur,
1380 1253 1418 1280 vel
1443 1253 1551 1280 alterius
1569 1257 1657 1278 nostro
1672 1251 1776 1286 gentilis
1795 1258 1859 1284 opus

243 1297 332 1331 fuerit,
354 1297 393 1324 vel
411 1297 588 1326 Athanasium
603 1299 679 1326 illttm
698 1309 821 1340 magnum
841 1302 991 1328 ementitur.

277 1407 412 1436 SANCTI
466 1409 678 1439 ATHANASH
702 1412 709 1420 '
731 1412 1025 1442 ARCHIEPISCOPI

293 1442 568 1479 ALEXANDRINI‘,
582 1441 842 1475 ARGUMENTUM
859 1448 904 1476 IN
917 1449 1026 1478 PSAL-

294 1478 380 1506 MOS.

277 1536 306 1563 ln
324 1536 456 1565 Hebraico
472 1538 542 1565 libro
555 1538 737 1572 Psalmornm.
753 1541 812 1568 sine
828 1543 934 1570 numeri
949 1543 1027 1570 addi-

241 1583 317 1610 tione
338 1591 434 1611 omnes
459 1584 555 1619 psalmi
592 1585 713 1620 inscripti
734 1592 815 1619 sunt,
843 1592 923 1623 atque
944 1589 1028 1617 variis

243 1629 340 1656 modis.
369 1629 422 1656 Alii
447 1630 556 1665 quidem
579 1639 633 1657 una
656 1632 754 1665 juncti,
783 1633 829 1659 alii
856 1634 935 1661 divisi
952 1639 1026 1661 sunt.

244 1675 339 1703 Statim
351 1676 449 1711 quippe
469 1676 503 1703 ab
515 1675 591 1703 initio
600 1677 703 1711 primus
717 1682 744 1705 et
757 1679 893 1707 secundus
911 1679 936 1706 in
952 1685 1027 1707 textu

243 1721 375 1750 llehraico
395 1722 572 1756 copulantur;
591 1728 684 1750 contra
700 1731 764 1751 vero
777 1732 876 1758 nonus,
893 1725 941 1760 qui
956 1726 1027 1761 apud

242 1776 291 1796 nos
306 1769 467 1802 conjunctus
481 1773 532 1800 est,
557 1769 584 1795 in
602 1768 734 1798 chraico
759 1776 831 1799 textu
847 1772 976 1799 dividitur
999 1773 1026 1800 in

242 1814 320 1841 duos.
345 1813 430 1841 Totus
452 1821 535 1848 porro
557 1813 728 1842 Psalmorum
757 1816 826 1843 liber
851 1817 878 1843 in
905 1817 1027 1852 quinque

242 1864 332 1893 partes
348 1859 510 1886 distributus
527 1863 576 1887 est.
604 1859 808 1888 Observandum
824 1866 865 1889 est
877 1866 965 1889 autem
982 1870 1026 1889 or-

242 1905 331 1932 dinem
356 1905 522 1939 psalmorum
554 1913 726 1941 nequaquam
746 1907 865 1934 historire
880 1912 906 1934 et
922 1913 1026 1943 tempo-

242 1958 302 1976 rum
319 1951 416 1978 seriem
443 1956 470 1979 et
498 1953 632 1979 rationem
654 1957 760 1984 tenere;
782 1961 873 1980 verum
890 1953 917 1980 in
934 1955 1025 1982 multis

242 1996 341 2022 mutari
362 2001 513 2032 temporum
537 1998 671 2029 ordinem,
690 2002 720 2025 ut
746 2004 944 2026 commonstrat
959 2000 1026 2028 liber

244 2039 411 2075 Regnorum.
433 2042 501 2069 Cum
519 2043 591 2069 enim
612 2042 743 2071 Iudaicus
757 2045 875 2078 populus
890 2045 1024 2073 idolorum

466 1409 1025 1448 trusus]!rjinncnraptscom
1041 1419 1063 1448 Α

1081 1418 1122 1444 ΊῸ
1128 1417 1150 1442 Υ
1160 1416 1244 1442 ΛΓΙΟ
1250 1417 1272 1441 Υ
1280 1414 1474 1442 ΑΘΑΛἌΣΙΟΥ
1486 1412 1776 1439 ΑΡΧΙΕΠΙΣΚΟΠΟΥ
1786 1410 1873 1437 ΑΔΕ-

1111 1451 1319 1478 ΞΑΝΔΡΕΙΑΣ
1357 1449 1539 1477 ΥΠΟΘΕΣΙΣ
1570 1446 1634 1474 ΕΙΣ
1667 1447 1756 1473 ΊῸΥΣ
1783 1447 1873 1473 ΨΑΔ-

1111 1488 1159 1513 M0
1167 1487 1220 1512 ΥΣ.

1119 1542 1162 1568 Ἐν
1176 1542 1209 1576 τῇ
1232 1540 1361 1576 Ἐϐραῗκῇ
1377 1539 1459 1575 βίϐλῳ
1472 1540 1525 1567 τῶν
1539 1538 1662 1573 Ψαλμῶν
1675 1539 1738 1565 ἄνευ
1756 1539 1806 1574 τῆς
1826 1538 1872 1565 τοῦ

1078 1585 1194 1622 ἀριθμοῦ
1210 1585 1367 1621 προσθήκης
1384 1584 1577 1620 ἀνεγράφησαν
1591 1585 1615 1610 οἱ
1634 1584 1733 1615 πάντες
1748 1584 1795 1613 καὶ
1813 1583 1871 1609 δια-

1077 1633 1167 1668 φόρως
1178 1640 1184 1646 ·
1205 1632 1229 1658 οἱ
1249 1631 1298 1666 μέν
1311 1632 1362 1657 εἰσι
1374 1631 1550 1666 συνημμένοι,
1563 1631 1587 1656 οι
1599 1629 1627 1656 δὲ
1638 1629 1807 1666 διῃρημένοι.
1820 1629 1873 1655 Αὐ-

1076 1679 1141 1705 τίκα
1155 1678 1220 1712 γοῦν
1238 1679 1251 1704 ὁ
1273 1677 1379 1713 πρῶτος
1392 1677 1438 1703 καὶ
1452 1678 1465 1702 ὁ
1479 1676 1604 1712 δεύτερος
1621 1676 1690 1703 κατὰ
1705 1676 1738 1702 τὸ
1763 1676 1870 1711 Ἑϐραῖ-

1077 1724 1124 1751 κὸν
1134 1732 1199 1759 συνη
1205 1733 1223 1759 μ
1227 1723 1301 1758 μένοι
1310 1731 1316 1738 ·
1335 1723 1382 1750 καὶ
1396 1723 1476 1749 πάλιν
1486 1724 1499 1749 ὁ
1509 1722 1611 1754 ἔνατος,
1623 1723 1794 1757 συνημμένος
1807 1721 1873 1758 παρ’

1077 1771 1153 1806 ἡμῖν,
1171 1770 1199 1796 ὲν
1213 1769 1251 1804 τῷ
1272 1769 1407 1805 Ἐϐραῖκῷ
1422 1769 1546 1804 διῄρηται
1574 1770 1614 1801 εἰς
1637 1769 1693 1795 δύο.
1726 1769 1780 1795 Καὶ
1797 1770 1873 1795 πᾶσα

1076 1815 1104 1842 δὲ
1121 1816 1137 1851 ὴ
1151 1815 1204 1841 τῶν
1220 1815 1343 1851 Ψαλμῶν
1360 1814 1449 1850 βίϐλος
1474 1815 1514 1846 εἰς
1540 1814 1610 1850 μέρη
1636 1815 1716 1840 πέντε
1733 1814 1870 1850 διῄρηται.

1077 1861 1289 1896 Παρατηρητέον
1305 1861 1332 1887 δὲ
1343 1880 1350 1891 ,
1368 1860 1409 1886 ὅτι
1427 1859 1463 1895 μὴ
1481 1860 1551 1886 κατὰ
1573 1860 1731 1887 ἀκολουθίαν
1750 1860 1804 1886 τῶν
1821 1860 1872 1895 τῆς

1078 1906 1199 1942 ἱστορίας
1207 1906 1309 1941 χρόνων
1320 1907 1337 1940 ἠ
1348 1905 1401 1932 τῶν
1408 1905 1531 1939 Ψαλμῶν
1543 1905 1684 1939 σύγκειται
1693 1905 1769 1938 τάξις
1781 1914 1786 1919 ’
1799 1905 1874 1940 ἐνήλ-

1076 1950 1174 1976 λακται
1191 1949 1220 1975 δὲ
1234 1949 1308 1984 παρὰ
1320 1949 1426 1980 πολλοῖς
1439 1951 1496 1980 τοῖς
1510 1950 1626 1985 χρόνοις,
1639 1950 1677 1981 ὡς
1686 1951 1702 1984 ἡ
1716 1950 1806 1984 βίϐλος
1818 1950 1873 1976 τῶν

1077 1995 1223 2021 Βασιλειῶν
1238 1994 1321 2030 δηλοῖ.
1353 1994 1456 2030 Πολλῆς
1473 1994 1527 2030 γὰρ
1547 1995 1768 2030 εἰδωλολατρείας
1787 2003 1873 2033 κατα-

1076 2039 1253 2075 κρατησάσης
1267 2038 1313 2065 τοῦ
1328 2039 1382 2065 τῶν
1403 2039 1538 2066 Ἰουδαίων
1554 2039 1662 2072 ἔθνους,
1673 2039 1758 2075 λήθην
1773 2041 1874 2073 αὐτοὺς

243 2086 326 2113 cultui
335 2087 481 2114 admodum
490 2087 614 2115 addictus
626 2093 707 2121 esset,
718 2089 744 2115 in
755 2097 890 2116 summam
900 2095 1023 2124 paterna-

1079 2085 1241 2120 πεποιῆσθαι
1251 2085 1304 2113 τῶν
1315 2085 1455 2121 πατρικῶν
1464 2085 1591 2121 Γραφῶν,
1603 2086 1639 2117 ὡς
1651 2087 1716 2121 μηδὲ
1727 2086 1873 2121 φαίνεσθαι

243 2140 303 2159 rum
314 2132 516 2167 Scripturarum
528 2134 692 2161 oblivionem
706 2140 849 2168 venerunt,
858 2143 945 2170 usque
959 2137 1026 2163 adeo

243 2182 272 2204 nt
294 2186 328 2205 ne
343 2178 467 2205 Mosaicae
482 2179 590 2213 quidem
606 2178 673 2214 legis
690 2179 758 2206 liber
774 2185 962 2214 compareret,
978 2189 1027 2209 nec

243 2223 381 2259 quidpiam
391 2228 508 2259 paternae
518 2223 625 2259 pietatis
635 2232 716 2259 penes
725 2224 798 2259 ipsos
804 2224 935 2259 reliquum
943 2231 1024 2254 esset.

241 2270 309 2296 tium
320 2270 411 2304 itaque
419 2270 783 2304 prophetasinteremissent,
795 2271 867 2305 quod
878 2278 971 2298 eorum
980 2272 1027 2298 im-

242 2315 355 2348 pic-tates
368 2320 556 2350 coarguerent,
576 2323 608 2342 ac
619 2321 761 2350 propterea
781 2317 806 2342 in
822 2324 919 2344 [nanus
943 2317 1026 2352 Assy-

243 2361 345 2387 riorum
355 2360 456 2394 traditi,
468 2361 494 2388 in
505 2362 688 2396 captivitatem
704 2363 811 2389 abducti
824 2362 957 2396 fuissent;
972 2364 1023 2390 sub

242 2406 297 2433 haac
303 2406 413 2440 quidam
424 2407 565 2442 propheta,
575 2407 621 2441 qui
631 2406 801 2443 Synagoeam
810 2415 904 2436 eorum
915 2413 1024 2437 strenue

241 2453 367 2486 curabat;
383 2461 445 2480 cum
462 2454 523 2481 aliis
538 2452 686 2488 Scripturis
704 2455 802 2481 librum
823 2463 932 2490 quoque
947 2455 1024 2483 Psal-

242 2505 347 2524 morum
359 2498 466 2533 collegit
481 2506 488 2525 :
504 2507 558 2525 non
570 2499 643 2533 quod
665 2499 748 2526 simul
770 2508 879 2534 unoque
905 2505 1024 2535 tempore

240 2543 361 2576 psalmos
383 2552 478 2572 omnes
495 2545 635 2579 repererit.
651 2545 697 2572 sed
708 2546 823 2572 diversis
839 2547 1023 2580 temporibus;

240 2597 272 2616 ac
280 2589 382 2624 primos
391 2590 486 2618 ordine
494 2590 638 2625 posuiteos
646 2591 691 2625 qui
703 2591 783 2626 primi
793 2592 890 2626 reperti
900 2591 1021 2620 fuerant:

240 2643 295 2670 quo
320 2635 422 2663 factum
443 2641 486 2664 est
504 2641 531 2664 ut
541 2644 574 2664 ne
593 2645 687 2665 omnes
705 2637 814 2672 quidem
842 2637 928 2672 ipsius
943 2637 1023 2665 Davi-

240 2681 281 2708 ilis
299 2682 397 2716 psalmi
420 2683 514 2710 ordine
533 2688 681 2718 ponantur,
696 2688 777 2718 atque
796 2683 891 2718 psalmi
907 2684 1022 2711 liliorum

239 2725 319 2758 Core,
330 2731 357 2755 et
370 2727 460 2763 Asaph
477 2733 503 2755 et
517 2728 679 2759 Salomonis,
691 2728 774 2755 Mosis
783 2736 900 2763 quoque,
911 2728 1022 2756 AEtham

270 2806 307 2839 (α)
317 2807 379 2832 Vide
391 2811 449 2833 tom.
471 2811 512 2835 xv
522 2829 530 2842 ,
560 2810 624 2834 inter
637 2809 823 2840 Prolrgomcna.
839 2808 904 2833 Enn.
918 2809 994 2834 Pus.

1079 2130 1168 2164 βίϐλον
1182 2130 1229 2156 τοῦ
1243 2131 1364 2162 Μωσέως
1378 2131 1462 2166 νόμου
1473 2151 1480 2163 ,
1508 2131 1575 2166 μηδὲ
1594 2132 1646 2167 μὴν
1660 2132 1708 2167 τῆς
1720 2132 1774 2158 τῶν
1787 2133 1874 2160 πατέ-

1079 2185 1132 2211 ρων
1147 2176 1287 2208 εὐσεὸεἰας
1303 2185 1329 2203 τι
1347 2176 1480 2209 σώζεσθαι
1509 2178 1573 2213 παρ’
1593 2179 1694 2210 αὐτοῖς.
1724 2179 1788 2205 Ὅτε
1804 2179 1873 2213 γοῦν

1077 2222 1123 2247 καὶ
1136 2222 1198 2254 τοὺς
1215 2223 1357 2258 προφήτας
1373 2223 1490 2259 ἀνῄρουν
1500 2244 1507 2255 ,
1518 2224 1707 2260 διελέγχοντας
1721 2225 1810 2252 αὐτῶν
1820 2226 1873 2258 τὰς

1076 2266 1249 2299 δυσσεϐείας,
1276 2267 1323 2293 καὶ
1350 2267 1451 2294 τούτων
1476 2268 1557 2294 ’ἑνεκα
1581 2269 1611 2295 τὸ
1630 2269 1736 2304 πρῶτον
1753 2271 1786 2305 τῇ
1815 2270 1872 2296 τῶν

1083 2312 1231 2348 Ἀσσυρίων
1248 2313 1435 2348 παρεδόθησαν
1450 2314 1623 2351 αἰχμαλωσίᾳ
1633 2323 1640 2330 ⁴
1665 2315 1734 2350 μετὰ
1744 2315 1771 2342 δὲ
1784 2315 1872 2343 ταῦτά

1075 2368 1138 2386 τινα
1160 2359 1213 2385 τῶν
1239 2360 1403 2395 προφητῶν,
1432 2361 1496 2396 περὶ
1523 2362 1573 2396 τῆς
1596 2363 1755 2397 συναγωγῆς
1780 2363 1871 2390 αὐτῶν

1076 2405 1269 2437 ἐσπουδακότα,
1285 2407 1355 2441 μετά
1366 2416 1397 2441 γε
1408 2407 1462 2434 τῶν
1475 2407 1576 2435 λοιπῶν
1593 2409 1639 2434 καὶ
1648 2409 1696 2444 τὴν
1713 2409 1801 2444 βίῦλον
1814 2411 1871 2437 τῶν

1075 2452 1197 2488 Ψαλμῶν
1223 2454 1437 2489 συναγηοχὲναι·
1458 2455 1508 2481 οὐκ
1535 2454 1640 2490 ἁθρόως
1667 2456 1780 2490 εὑρόντα
1807 2457 1871 2488 τοὺς

1075 2498 1178 2530 πάντας
1189 2519 1195 2530 ,
1210 2499 1276 2527 ἀλλὰ
1292 2500 1363 2526 κατὰ
1379 2500 1524 2536 διαφόρους
1537 2501 1649 2536 χρόνους
1660 2510 1666 2515 ·
1690 2502 1870 2529 κατατάττειν

1074 2544 1101 2569 δὲ
1114 2545 1143 2569 ἐν
1155 2544 1274 2580 πρώτοις
1289 2546 1351 2577 τοὺς
1370 2546 1493 2581 πρώτους
1505 2547 1713 2582 εὑρισκομένους
1722 2557 1728 2562 ·
1745 2548 1785 2574 διὸ
1802 2549 1870 2584 μηδὲ

1073 2590 1120 2617 τοῦ
1136 2591 1217 2617 Δαυῖδ
1230 2591 1330 2626 ἐφεξῆς
1343 2592 1518 2618 εὑρίσκεσθαι
1535 2592 1597 2624 τοὺς
1610 2586 1724 2625 πάντας,
1740 2594 1768 2619 ἐν
1785 2593 1813 2620 δὲ
1831 2594 1870 2629 τῷ

1075 2638 1176 2673 μεταξῦ
1192 2640 1238 2665 καὶ
1252 2639 1305 2665 τῶν
1317 2639 1382 2665 υἱῶν
1396 2639 1478 2670 Κορὲ,
1494 2639 1541 2665 καὶ
1553 2639 1599 2665 τοῦ
1618 2640 1714 2674 Ἀσάφ,
1729 2641 1776 2666 καὶ
1791 2640 1870 2667 Σολο-

1076 2684 1188 2719 μῶντος,
1205 2685 1251 2710 καὶ
1262 2683 1393 2717 Μωσέως,
1408 2684 1498 2720 Αίθὰμ
1518 2693 1545 2711 τε
1563 2685 1609 2712 τοῦ
1628 2686 1806 2722 Ἰσραηλίτου,
1822 2687 1869 2714 καὶ

1074 2729 1162 2765 Λξμὰν
1173 2750 1179 2762 ,
1195 2730 1241 2757 καὶ
1256 2729 1334 2757 πάλιν
1352 2730 1397 2756 τοῦ
1416 2729 1512 2762 Δαυῒδ,
1530 2731 1705 2766 εὑρίσκεσθαι
1723 2731 1824 2767 ἀναμὶξ
1839 2733 1868 2758 ἐν
