1938 3053
69 123 104 153 57
631 120 875 150 ARGUMENTUM
895 121 932 149 IN
950 123 1119 152 PSALMOS.
1657 129 1692 158 58

70 186 102 220 τῇ
125 183 208 219 βίσλῳ
227 181 410 217 τεταγμένους
422 190 429 196 ·
444 182 474 208 οὐ
491 181 552 208 καθ’
568 181 614 213 οὓς
631 181 779 217 ἐλέχθησαν
791 180 855 217 χρόα

922 183 1047 216 sraelitae,
1064 183 1174 216 Eman,
1191 192 1355 220 rursumque
1363 185 1473 214 Davidis
1483 188 1634 222 permistim
1648 195 1698 223 po-

70 238 142 262 νους,
159 229 230 256 ἀλλὰ
247 229 308 255 καθ’
320 227 367 260 οὒς
383 228 507 263 εὕραντο.
535 228 572 255 Τὸ
592 228 614 254 δ’
626 228 692 255 αὐτὸ
705 228 795 262 εὕροις
813 235 860 262 γι-

70 277 220 312 γενημένον
232 276 278 303 καὶ
293 277 321 302 ὲν
331 276 390 307 ταῖς
404 275 459 301 τῶν
472 274 618 311 προφητῶν
632 276 805 310 περικοπαίς.

107 367 178 398 Τοὺς
187 367 216 393 δὲ
231 366 300 402 μετὰ
313 366 360 392 τὸν
376 365 484 401 πρῶτον
496 365 543 391 καὶ
553 364 701 392 δωδέκατον
713 364 862 400 ἀνεπιγρά-

73 421 139 447 φους
153 412 276 448 ψαλμοὺς
287 432 294 444 ,
310 412 358 438 καὶ
372 412 434 443 τοὺς
453 411 609 446 ἐπιγραφὴν
624 410 750 446 ἔχοντας,
767 411 798 436 οὐ
815 411 863 445 δη-

72 458 185 490 λοῦντας
205 458 276 490 τινος
290 457 358 484 εἰσὶν
365 451 381 489 ,”
394 457 505 484 ἐκείνων
517 455 588 483 εἶναι
612 457 705 488 παῖδες
727 456 862 491 Ἐϐραίων

73 506 149 539 φασὶ,
171 502 208 530 ὧν
221 504 339 540 τοῦνομα
358 504 469 539 φέρεται
483 504 512 530 ἐν
526 505 586 535 ταῖς
601 502 654 529 τῶν
669 502 861 538 ἀνεπιγράφων

74 551 315 587 προτεταγμέναις.
343 550 394 577 Τὸν
417 550 446 576 δὲ
469 549 577 584 πρῶτον
594 549 640 576 καὶ
654 548 779 584 δεύτερον
791 569 798 580 ,
814 548 862 574 ἕνα

72 598 150 628 ora;
161 597 254 632 ἄμφω,
267 595 314 622 τοῦ
326 595 407 622 Δαυῖδ
417 596 549 630 ὑπάρχειν
559 594 689 630 ἡγοῦμαι.
701 594 744 621 διὰ
755 594 785 621 τὸ
797 594 864 620 πάν-

72 651 119 674 τας
141 644 205 674 τοὺς
222 643 251 669 ἐν
274 642 313 677 τῷ
330 642 429 677 πρώτῳ
454 642 531 677 μέρει
548 641 601 668 τῶν
618 641 740 676 Ψαλμῶν
763 639 864 675 ἐφεξῆς

72 688 154 716 αὐτοῦ
169 687 249 716 εἷναι.
272 688 338 714 Ἀπὸ
354 687 419 723 γοῦν
431 687 477 714 τοῦ
490 688 582 723 τρίτου
601 688 680 723 μέχρι
696 686 744 713 τοῦ
763 689 795 722 μ’
815 685 863 712 τοῦ

71 735 153 761 Δαυῗδ
163 735 360 770 ἐπιγράφονται
370 735 394 760 οἰ
407 734 519 765 πάντες
531 733 571 760 διό
585 742 629 769 μοι
640 733 764 760 δοκοῦσιν
777 732 865 768 ὑπάρ-

71 789 129 816 χειν
143 780 192 807 τοῦ
208 780 290 808 αὑτοῦ
302 781 317 806 ὃ
328 789 358 806 τε
373 780 479 815 πρῶτος
493 780 538 806 καὶ
553 781 567 806 ὁ
579 779 716 814 δεύτερος.
747 777 863 804 Πιστοῦ-

71 834 116 853 ται
131 826 159 852 δὲ
174 826 252 859 λόγον
269 826 286 861 ἡ
303 825 357 852 τῶν
371 825 500 860 Πράξεων
518 824 572 851 τῶν
589 824 746 851 ἀποστόλων
765 823 864 858 βίῦλος,

73 873 101 899 ὲν
147 873 272 908 εῑρηται·
291 872 436 903 Δέσποτα,
454 871 494 898 σὺ
514 871 660 904 ἐποίησας
676 871 729 896 τὸν
737 869 866 903 οὐρανὸν

73 919 122 945 καὶ
139 919 197 952 τὴν
211 917 285 951 γῆν,
301 918 349 944 καὶ
368 918 424 951 τὴν
437 917 598 944 θάλασσαν
610 937 616 949 ,
637 917 686 943 καὶ
706 917 805 943 πάντα
831 916 866 943 τὰ

73 964 108 991 ἐν
124 964 227 996 αὐτοῖς
239 972 246 978 ·
279 965 296 990 ὁ
318 963 370 990 τοῦ
391 963 502 996 πατρὸς
521 962 604 997 ἡμῶν
622 962 671 988 διὰ
696 963 867 996 Πνεύματος

74 1011 160 1044 ἁγίου
174 1010 323 1044 στόματος
334 1008 441 1042 παιδός
458 1016 516 1035 σου
531 1008 622 1036 Δαυῒδ
635 1007 742 1034 εἰπών·
758 1008 821 1034 Ἵνα
839 1007 868 1034 τί

75 1055 230 1089 ἐφρύαξαν
243 1045 314 1087 ἔθνη
328 1075 336 1086 ,
350 1054 399 1081 καὶ
412 1055 479 1081 λαοὶ
491 1053 678 1088 ἐμελέτησαν·
692 1053 783 1085 ward;
813 1054 866 1080 Σσ.⁴

78 1100 136 1135 φῶς
152 1101 207 1136 γὰρ
219 1100 262 1127 διὰ
275 1100 377 1127 τούτων
390 1101 435 1127 τὸν
449 1100 475 1135 β’
489 1100 596 1135 ψαλμὸν
611 1099 657 1126 τοῦ
673 1099 753 1126 Δαυῒδ
768 1099 867 1134 ἔφησεν

75 1147 155 1175 εἶναι.
192 1147 446 1182 Ἀτυοσεσιωπῆσθαι
469 1147 497 1174 δὲ
510 1147 582 1179 είκὸς
599 1147 643 1173 ἐπ’
665 1147 744 1173 αὑτὸν
757 1146 806 1181 τὴν
819 1145 866 1172 τοῦ

76 1193 158 1220 Δαυτδ
174 1193 336 1229 προγραφὴν
348 1213 355 1224 ,
370 1193 414 1219 διὰ
426 1193 456 1219 τὸ
471 1192 578 1228 γυμνὴν
591 1191 663 1226 ἔχειν
678 1192 742 1227 περὶ
751 1191 799 1218 τοῦ
811 1192 867 1218 Κυ-

77 1241 136 1276 ρίου
163 1239 348 1275 προφητείαν,
372 1238 400 1264 ὲν
452 1238 559 1274 εἴρηται
569 1246 576 1253 ο
592 1239 673 1264 Κατὰ
689 1237 742 1264 τοῦ
757 1237 868 1271 Κυρίου

76 1286 126 1313 καὶ
138 1287 214 1313 κατὰ
228 1285 280 1312 τοῦ
296 1285 424 1319 Χριστοῦ
438 1285 542 1312 αὐτοῦ.
574 1281 622 1316 Οἷς
636 1283 792 1314 ἀκολούθως
809 1284 869 1310 ἐπι-

76 1333 149 1367 λέγει
161 1332 191 1364 ὲξ
204 1331 286 1358 αὑτοῦ
296 1331 343 1358 τοῦ
355 1331 500 1365 προσώπου
512 1330 558 1358 τοῦ
570 1329 687 1366 Χριστοῦ
702 1329 732 1356 τό
741 1337 747 1344 '
762 1330 869 1363 Κύριος

76 1377 141 1406 εἷπε
151 1377 227 1412 πρὸς
239 1377 278 1412 μέ
287 1386 293 1392 '
308 1377 373 1410 Υἱός
384 1386 442 1411 μου
454 1375 484 1404 εἷ
493 1377 545 1403 σύ.
559 1377 688 1412 Φέρονται
701 1376 788 1402 τοίνυν
802 1374 869 1409 ψαλ-

79 1425 123 1460 μοὶ
137 1425 163 1451 οἱ
179 1424 281 1455 πάντες
300 1426 354 1458 ρν’.
372 1422 450 1453 Τινὲς
470 1422 497 1448 δὲ
522 1420 663 1457 νομίζουσι
682 1421 745 1452 τοὺς
765 1420 869 1451 πάντας

75 1468 146 1496 εἶναι
160 1468 208 1495 τοῦ
227 1467 362 1503 μακαρίου
379 1466 475 1493 Δαυῖδ·
493 1466 524 1493 οὺ
543 1465 704 1502 σημαίνεται
730 1465 758 1491 δὲ
780 1464 867 1491 τοῦτο.

75 1518 109 1543 οι
122 1516 172 1552 μὲν
186 1514 241 1550 γὰρ
254 1515 353 1546 πάντες
364 1514 544 1549 ἀναφέρονται
556 1512 602 1539 τοῦ
614 1512 696 1539 Δαυῖδ
709 1521 714 1526 ·
731 1512 759 1538 ὲν
769 1511 796 1537 δὲ
809 1512 869 1542 ταῖς

77 1562 249 1597 ἐπιγραφαῖς
275 1561 412 1587 δείκνυται
428 1559 470 1591 τίς
493 1559 565 1590 τινος
587 1558 694 1594 ψαλμὺς
715 1557 870 1592 γεγένηται.

75 1609 218 1644 τέσσαρες
236 1607 290 1643 γὰρ
305 1607 432 1642 ἄρχοντες
444 1605 520 1641 ᾠδῶν
535 1605 707 1640 ὲξελέγησαν,
725 1607 794 1640 σπη’
808 1603 872 1630 ἀκό-

76 1655 179 1683 λουθοι,
205 1653 265 1680 Τῶν
289 1651 336 1680 οὖν
361 1651 500 1687 τεσσάρων
526 1651 664 1686 ἀρχόντων
691 1650 872 1685 παράκεινται

75 1701 199 1736 ψαλμοὶ,
215 1700 252 1732 ὠς
270 1700 316 1726 καὶ
331 1700 359 1726 αἱ
377 1698 529 1734 ἐπιγραφαὶ
544 1697 724 1724 διδάσκουσιν.
757 1696 872 1723 Ὀπόταν

78 1747 134 1783 γὰρ
144 1747 212 1782 λέγῃ
222 1755 229 1762 -
245 1745 366 1780 Ψαλμὸς
379 1745 441 1778 τοῖς
451 1744 528 1776 υἱοῖς
542 1743 628 1778 Κορὲ,
642 1743 745 1774 Αὶθὰν,
765 1742 871 1777 Ἀσὰφ,

79 1793 129 1819 καὶ
153 1791 266 1827 Αιμάν·
283 1791 358 1817 αὐτοὶ
374 1790 521 1825 ψάλλουσιν
541 1789 566 1816 οἱ
586 1790 639 1816 υἱοὶ
662 1790 751 1824 Κορὲ,
776 1789 872 1821 Αίθὰν,

85 1837 184 1871 Ἀσὰφ,
200 1836 248 1862 καὶ
260 1835 358 1870 Αίμάν.
371 1835 456 1861 Ὅταν
467 1834 543 1870 εἴπῃ.
558 1833 680 1868 Ψαλμὸς
695 1833 748 1860 τοῦ
767 1833 873 1867 Ἀσὰφ,

78 1883 163 1914 αὐτὸς
175 1880 252 1909 εἶπεν
269 1883 282 1908 ὁ
304 1881 405 1915 Ἀσάφ·
419 1881 482 1907 ὅταν
500 1881 564 1916 εἴπῃ
577 1899 584 1911 ,
600 1878 722 1914 Ψαλμὸς
733 1879 786 1906 τοῦ
805 1878 873 1905 Ἰδι-

80 1930 174 1964 θοὺμ,
203 1929 284 1959 αὐτὸς
309 1927 404 1962 ψάλλει
428 1926 564 1961 Ίδιθούμ·
593 1925 693 1952 ὁπόταν
719 1924 796 1961 εἴπῃ,
821 1923 874 1950 τοῦ

80 1974 173 2002 Δαυῒδ
182 1995 190 2006 ,
206 1974 286 2006 αὐτὸς
301 1973 389 2007 λέγων
405 1971 439 2008 ἦν
465 1972 547 1998 Δαυῒδ
557 1979 563 1985 ·
588 1971 658 1998 ἐπὰν
678 1970 706 1997 δὲ
723 1970 790 2006 λέγῃ
801 1991 807 2002 ,
834 1969 875 2002 τῷ

81 2021 188 2052 Δαυῒδ,
207 2020 252 2054 ὑφ’
272 2019 372 2055 ἐτέρων
386 2018 495 2052 λέγεται
512 2018 552 2049 είς
565 2017 611 2044 τὸν
631 2016 723 2044 Δαυῖδ.
750 2015 811 2042 Εἰσὶ
826 2017 881 2058 μὲν

81 2069 106 2094 οἱ
122 2067 225 2098 πάντες
238 2069 275 2102 ρν¹
287 2085 294 2097 ,
311 2062 349 2092 ὧν
362 2064 404 2099 οβ’
418 2064 470 2091 εἰσὶ
483 2063 530 2090 τοῦ
545 2063 635 2095 Δαυῖδ,
650 2063 672 2089 θ’
686 2063 714 2089 δὲ
727 2062 766 2098 τῷ
783 2062 874 2094 Δαυῖδ,

84 2114 123 2150 ιβ’
136 2113 184 2140 τοῦ
203 2112 289 2147 Ἀσὰφ
303 2132 310 2144 ,
326 2112 365 2147 ιβ’
379 2113 435 2143 τοῖς
452 2112 519 2142 υἱοῖς
531 2110 614 2146 Κορὲ,
631 2107 671 2141 εἷς
683 2109 729 2136 τοῦ
749 2109 875 2144 Ἰόιθοὺμ,

84 2159 123 2191 εἷς
140 2159 186 2186 τοῦ
201 2158 303 2194 Αίθὰμ,
319 2155 358 2189 εἷς
374 2156 422 2184 τοῦ
435 2156 534 2192 Αίμὰν,
554 2153 594 2188 εἷς
612 2155 658 2182 τοῦ
671 2154 812 2190 Σαλομὼν,
829 2154 876 2181 δύο

911 227 957 254 siti
973 227 1000 254 in
1017 228 1087 255 libro
1112 233 1276 262 occurrant;
1292 238 1346 257 non
1363 238 1418 265 quo
1431 236 1550 267 tempore
1563 232 1637 266 editi,
1650 234 1698 261 sed

911 281 965 308 quo
987 273 1091 301 inventi
1116 273 1193 302 fuere
1214 283 1221 301 :
1239 275 1311 310 quod
1335 276 1423 311 ipsum
1451 277 1478 304 in
1505 280 1696 314 prophetarum

910 318 1030 353 periodis
1048 323 1075 346 et
1094 319 1224 348 clausulis
1249 321 1379 357 reperias.

947 364 1000 398 Qui
1021 366 1119 400 psalmi
1142 374 1207 394 vero
1235 372 1298 402 post
1316 369 1435 403 primum
1461 373 1489 397 et
1507 369 1699 398 duodecimum

912 417 1117 447 consequuntur
1133 413 1192 441 sine
1208 414 1297 446 titulo,
1323 423 1428 443 necnon
1444 417 1462 443 ii
1486 417 1585 452 quibus
1604 417 1700 446 titulus

912 459 1021 494 quidem
1037 459 1218 493 praemittitur,
1242 468 1293 488 nec
1313 465 1402 488 tamen
1426 461 1562 490 indicatur
1578 470 1633 497 quo
1646 464 1701 491 sint

913 508 1024 532 auctore
1048 504 1124 537 editi,
1147 513 1242 533 eorum
1266 513 1329 534 esse
1345 507 1440 534 dicunt
1455 507 1570 539 Hebraei,
1583 516 1700 544 quorum

913 557 1012 577 nomen
1030 550 1158 578 scribitur
1175 551 1202 578 in
1224 552 1336 586 psalmis
1362 553 1408 588 qui
1432 553 1510 580 titulo
1535 561 1635 581 vacuos
1649 561 1700 580 an-

913 595 1049 622 tecedunt.
1062 594 1184 622 Estimo
1199 601 1290 624 autem
1304 597 1424 632 primum
1439 603 1466 625 et
1477 598 1638 631 secundum,
1653 599 1701 634 qui

915 648 998 667 unum
1025 642 1194 669 constituunt
1214 642 1368 677 psalmum,
1403 643 1513 671 Davidis
1537 651 1612 678 esse;
1637 645 1702 680 quia

915 690 1048 720 quotquot
1064 687 1090 713 in
1107 689 1195 722 prima
1207 693 1282 723 parte
1295 689 1512 726 subsequuntur,
1529 691 1615 725 ipsius
1627 697 1700 719 sum.

914 731 936 758 A
956 733 1034 759 tertio
1055 734 1129 760 enim
1154 734 1187 760 ad
1209 734 1449 770 quadragesimum
1472 743 1568 763 omnes
1594 736 1704 763 Davidis

917 778 1113 811 inscribuntur,
1136 780 1313 814 quamobrem
1332 781 1398 808 mihi
1424 781 1457 809 ad
1472 783 1560 817 ipsum
1579 783 1704 810 videntur

916 825 1051 858 pertinere
1062 826 1166 860 primus
1177 831 1258 861 atque
1276 828 1422 855 secundus.
1439 827 1526 861 Quam
1543 830 1704 856 sententiam

918 871 1062 897 conﬁrmat
1075 871 1143 899 liber
1163 872 1279 900 Actunm
1296 874 1493 908 apostolorum,
1510 875 1536 901 in
1558 882 1613 909 quo
1634 875 1705 902 dici-

917 921 960 942 tur
976 916 999 932 “
1013 925 1019 943 :
1039 915 1149 943 Domine
1166 922 1193 943 tu
1209 917 1296 951 fecisti
1311 918 1402 944 mlum
1420 924 1443 945 et
1457 923 1565 951 terram,
1576 923 1600 945 et
1621 927 1705 951 mare,

917 966 942 988 et
957 962 1047 988 omnia
1061 970 1120 997 qua
1139 963 1167 990 in
1198 964 1235 990 eis
1252 969 1324 990 sunt.
1340 964 1411 991 Deus
1432 969 1538 999 patrum
1556 969 1707 992 nostrorum

916 1007 961 1041 qui
982 1007 1076 1034 dixisti
1096 1017 1142 1043 per
1155 1008 1285 1043 Spiritum
1297 1015 1417 1036 sanctum
1430 1019 1476 1045 per
1491 1019 1520 1038 os
1537 1011 1620 1038 David
1632 1011 1707 1046 pueri

918 1053 1074 1086 tui:Quure
1090 1054 1254 1088 [retinuerunt
1265 1060 1352 1090 gentes
1365 1060 1389 1082 et
1401 1056 1491 1091 populi
1508 1056 1630 1083 meditati
1645 1061 1707 1083 sunt

918 1098 1030 1126 inania?
1044 1098 1091 1126 His
1105 1100 1178 1126 enim
1196 1100 1339 1134 perspicue
1354 1101 1434 1133 divit,
1453 1101 1590 1135 psalmum
1607 1108 1707 1128 secun-

918 1143 982 1170 dum
1006 1143 1115 1172 Davidis
1130 1152 1202 1172 esse.
1219 1144 1374 1174 Verisimile
1388 1152 1478 1174 autem
1496 1151 1547 1179 est,
1567 1146 1628 1174 ideo
1645 1147 1709 1174 litu-

919 1191 985 1220 lum.
1001 1189 1277 1224 Davidisﬂomissum
1295 1192 1379 1220 fuisse
1403 1193 1429 1219 in
1453 1201 1485 1220 eo
1509 1194 1624 1227 psalmo,
1643 1194 1710 1228 quia

919 1235 1020 1262 nudam
1035 1241 1061 1263 et
1077 1242 1197 1271 apertam
1214 1237 1404 1272 complectitur
1421 1238 1592 1272 prophetiam
1611 1239 1644 1266 de
1656 1238 1710 1266 Do-

920 1282 1005 1315 mino,
1030 1290 1083 1316 qua
1105 1282 1216 1316 dicitur,
1232 1283 1361 1310 Aduersus
1381 1283 1522 1310 Dominum
1545 1290 1569 1311 et
1587 1284 1710 1312 adversus

920 1327 1054 1354 Christum
1073 1327 1140 1362 ejus.
1159 1328 1265 1361 Quibus
1283 1334 1483 1364 consequenter
1500 1330 1594 1365 adjicit
1603 1338 1636 1357 ex
1653 1331 1710 1365 ipsa

920 1375 1020 1403 Christi
1037 1383 1153 1410 persona
1166 1385 1173 1402 :
1185 1376 1311 1402 Dominus
1326 1377 1395 1403 dixit
1411 1377 1446 1403 ad
1458 1385 1498 1404 me
1514 1385 1522 1404 :
1538 1376 1626 1404 Filius
1638 1385 1710 1404 meus

920 1429 946 1448 es
961 1426 990 1448 tu
1006 1422 1040 1448 ⁸⁸.
1053 1420 1155 1458 Omnes
1167 1422 1258 1457 itaque
1274 1423 1383 1458 psalmi,
1395 1427 1502 1450 centum
1515 1424 1711 1459 quinquaginta

921 1465 1057 1495 feruntur.
1084 1466 1199 1500 Quidam
1227 1475 1309 1502 porro
1333 1468 1500 1497 arbitrantur
1523 1477 1618 1497 omnes
1640 1470 1712 1497 beati

887 1531 908 1559 ο
924 1512 1034 1540 Davidis
1051 1520 1111 1540 esse
1126 1521 1133 1540 :
1156 1521 1244 1548 neque
1261 1518 1352 1542 tamen
1375 1515 1401 1541 id
1419 1515 1509 1550 aliqua
1530 1519 1594 1543 nota
1609 1515 1714 1551 signiti-

924 1564 1016 1587 catur.
1032 1558 1064 1586 Et
1080 1567 1174 1586 verum
1191 1560 1300 1594 quidem
1314 1565 1355 1588 est
1373 1561 1516 1588 universos
1527 1560 1714 1589 Davidiasm'i-

923 1605 964 1638 bi;
979 1609 1007 1632 at
1019 1605 1046 1632 in
1063 1605 1150 1633 titulis
1165 1605 1300 1633 indicatur
1314 1613 1369 1641 quo
1380 1611 1491 1634 auctore
1509 1607 1625 1642 quisque
1639 1608 1713 1643 psal-

923 1659 985 1679 mus
999 1651 1089 1680 editus
1103 1652 1148 1680 sit.
1161 1651 1229 1680 Nam
1245 1657 1364 1688 quatuor
1379 1653 1549 1680 canticorum
1563 1653 1712 1688 principes,
1735 1675 1738 1678 λ

924 1697 1040 1726 ministri
1062 1705 1126 1726 vero
1143 1698 1253 1726 ducenti
1277 1699 1414 1734 octoginta
1430 1705 1502 1733 octo,
1518 1700 1599 1727 electi
1626 1698 1712 1727 fuere.

925 1743 1028 1771 Horum
1047 1749 1167 1779 quatuor
1188 1745 1340 1780 principum
1355 1746 1452 1780 psalmi
1470 1746 1574 1781 aliquot
1593 1746 1714 1774 circum-

924 1790 1061 1822 feruntur,
1080 1795 1110 1818 ut
1131 1790 1173 1818 vel
1192 1791 1259 1825 ipsis
1272 1791 1386 1818 docetur
1405 1791 1500 1819 titulis.
1515 1791 1630 1825 Quando
1642 1792 1714 1819 enim

924 1835 1142 1862 dicit-:Psalmus
1161 1835 1226 1870 ﬁliis
1236 1835 1312 1868 Core,
1329 1836 1442 1870 [Et/tan,
1460 1837 1547 1872 Asaph
1559 1841 1584 1863 et
1603 1835 1715 1868 IEmau,

925 1881 960 1907 ab
975 1880 1042 1916 ipsis
1052 1880 1166 1914 Ethan,
1179 1882 1283 1916 Asaph,
1294 1881 1404 1913 Eman.
1415 1882 1478 1910 [iliis
1492 1882 1562 1910 Core
1580 1882 1716 1917 psallitur.

925 1926 993 1953 Cum
1010 1926 1086 1959 dicit,
1105 1926 1231 1954 Psalmus
1254 1927 1364 1962 Amph;
1390 1928 1447 1963 ipse
1468 1928 1558 1963 Asaph
1577 1928 1716 1963 recitavit;

927 1979 988 1999 cum
1004 1972 1080 2005 dicit,
1098 1972 1224 2000 Psalmua
1242 1972 1373 2006 ldithum,
1386 1975 1453 2009 'ipse
1471 1974 1588 2001 ldithum
1605 1974 1715 2009 psallit:

926 2019 973 2046 ubi
990 2018 1066 2052 dicit,
1084 2019 1206 2051 Dauidia,
1223 2020 1282 2054 ipse
1298 2019 1382 2048 David
1400 2021 1499 2055 estqui
1520 2020 1718 2055 pronuntiavit.

927 2064 994 2092 Cum
1008 2070 1097 2093 autem
1108 2066 1183 2099 dicit,
1200 2065 1308 2100 Davidi,
1324 2066 1359 2093 ab
1374 2066 1435 2094 aliis
1451 2067 1581 2094 recitatur
1598 2067 1721 2102 psalmus

928 2112 955 2138 in
970 2111 1108 2139 Davidem.
1126 2111 1196 2139 Sunt
1218 2113 1327 2148 quidem
1344 2120 1439 2141 omnes
1450 2117 1560 2141 centum
1580 2113 1718 2148 quinqua-

928 2158 1013 2192 ginta,
1027 2166 1145 2193 quorum
1163 2159 1336 2195 septuaginta
1344 2159 1398 2186 duo
1410 2159 1521 2186 Davidis
1533 2164 1606 2191 sunt,
1621 2165 1717 2186 novem

89 2205 217 2240 Ἀγγαίου
230 2205 277 2231 καὶ
289 2204 436 2239 Ζαχαρίου,
447 2202 628 2238 ἁνεπίγραφοι
640 2201 670 2228 λθ
679 2205 685 2215 ’
700 2202 747 2228 καὶ
759 2199 801 2234 εἷς
815 2202 868 2229 Μω

930 2203 1035 2238 Davidi,
1049 2204 1192 2232 duodecim
1205 2205 1468 2240 Asapbi,duodecim
1484 2205 1545 2232 ﬁliis
1554 2204 1633 2237 Core,
1647 2212 1721 2232 unus

83 2253 153 2284 τέως
163 2260 171 2267 ·
190 2251 290 2282 πάντες
303 2253 355 2286 ρνν.

929 2250 1059 2285 ldithum,
1083 2259 1155 2280 unus
1174 2251 1297 2284 Etltam,
1320 2259 1392 2279 unus
1414 2251 1526 2284 Eman,
1552 2259 1621 2278 unus
1642 2249 1720 2277 Salo-

85 2298 185 2328 monis,
201 2297 255 2324 duu
273 2295 363 2331 Aggzei
384 2299 410 2322 et
430 2293 659 2327 Zacharite;sine
693 2293 772 2321 titulo
799 2295 868 2330 trigii

926 2306 1036 2331 navem,
1051 2306 1177 2333 unusque
1198 2297 1311 2326 Mosis~z
1337 2306 1433 2326 omnes
1454 2303 1562 2326 centum
1585 2298 1720 2333 quinqua-

85 2345 170 2379 ginta.

117 2393 164 2417 Δεῖ
182 2389 270 2417 τοίνυν
284 2389 420 2425 θεωρῆσαι
436 2389 467 2415 τὸ
481 2389 629 2424 μυστήριον
645 2388 698 2414 τίνι
715 2388 802 2424 λόγῳ,
818 2389 876 2416 δια-

85 2438 176 2473 φόρων
197 2436 272 2472 ᾠδῶν
295 2435 482 2470 ὑπαρχόντων,
499 2435 545 2461 καὶ
563 2435 600 2470 μὴ
614 2434 725 2461 πάντων
741 2435 795 2461 τῶν
810 2435 876 2470 ψαλ-

86 2484 144 2519 μῶν
156 2483 240 2510 ὄντων
252 2482 344 2512 Δαυῖδ,
360 2482 523 2517 ἀναφέρεται
537 2481 576 2512 εἰς
588 2480 633 2506 τὸν
646 2480 728 2507 ama
737 2489 744 2495 ι
757 2481 804 2508 καὶ
819 2481 878 2508 τοῦ-

83 2539 114 2556 το
129 2530 160 2556 οὗ
174 2527 437 2564 παραδραμούμεθα.
449 2526 549 2553 Τούτου
562 2526 616 2562 γὰρ
628 2526 708 2562 χάριν
719 2527 861 2562 ὲπεγράερη
870 2547 878 2558 ,

85 2576 146 2602 ἐπεὶ
159 2576 241 2607 αὒτὸς
254 2574 341 2605 αἴτιος
365 2573 510 2608 γεγένηται
522 2572 569 2599 τοῦ
587 2570 654 2599 εἶναι
670 2572 754 2599 ταῦτα
764 2580 771 2587 ·
799 2573 880 2605 αὐτὸς

84 2622 139 2658 γὰρ
153 2621 257 2654 ἐξέλεξε
270 2621 332 2652 τοὺς
340 2620 435 2655 ᾠδούς.
447 2619 532 2651 Αὐτὸς
544 2619 631 2645 τοίνυν
641 2619 725 2651 αἴτιος
737 2618 881 2655 γενόμενος

85 2667 187 2703 ἠξιώθη
203 2667 254 2702 τῆς
271 2666 354 2701 τιμῆς
364 2665 464 2700 ταύτης
479 2685 486 2697 ,
505 2665 548 2691 ἵνα
564 2664 664 2696 πάντες
689 2665 738 2692 ὅσα
754 2663 832 2692 εἶπαν
855 2666 879 2692 οἱ

85 2714 146 2750 ᾠδοὶ
162 2715 203 2746 εἰς
219 2714 264 2741 τον
275 2712 356 2739 Act-fta
369 2711 562 2747 καταλογισθῇ.

121 2829 142 2845 ⁵¹
162 2829 224 2856 Act.
242 2835 279 2859 Iv,
294 2826 341 2860 24,
354 2825 406 2859 25;
422 2825 533 2860 ἰδίει-ιι,
549 2826 572 2852 l.
612 2826 633 2842 "
653 2825 724 2854 Psal.
745 2833 775 2859 tl,
797 2825 824 2860 2,
838 2825 864 2854 7.

967 2391 1244 2419 Animadvertendum
1257 2391 1350 2426 itaque
1358 2389 1529 2426 mysterium,
1541 2396 1602 2424 qua:
1616 2383 1722 2416 scilice‘

931 2445 1016 2465 causa
1037 2438 1073 2465 sit
1096 2446 1155 2470 cur,
1173 2446 1234 2465 cum
1260 2437 1361 2464 diter-si
1388 2437 1444 2464 sint
1466 2440 1602 2467 cantores,
1630 2442 1720 2469 neque

932 2492 1028 2512 omnes
1046 2485 1144 2520 psalmi
1165 2484 1276 2512 Davidis
1299 2484 1365 2517 sint,
1382 2483 1543 2518 psalterium
1569 2487 1662 2509 tamen
1684 2480 1718 2508 ad

933 2529 1061 2557 Davidcm
1084 2529 1242 2557 referatur:
1268 2530 1325 2556 haec
1341 2536 1376 2555 ne
1401 2527 1510 2555 silentio
1531 2526 1720 2562 pratermitta-

934 2587 1006 2606 mus.
1023 2578 1086 2605 ldco
1104 2578 1144 2605 sic
1165 2577 1326 2612 inscriptum
1345 2575 1407 2608 fuit,
1434 2575 1497 2610 quia
1515 2575 1574 2610 ipse
1587 2573 1671 2600 David
1691 2573 1718 2599 in

934 2634 1016 2654 causa
1032 2625 1081 2652 fuit
1108 2633 1158 2651 cur
1176 2625 1251 2652 isth
1273 2623 1418 2651 ederentur
1433 2631 1440 2650 :
1458 2622 1515 2656 ipse
1526 2627 1644 2656 namque
1654 2626 1722 2646 can-

934 2677 1007 2700 tores
1020 2671 1110 2706 elegit.
1131 2671 1157 2698 ls
1172 2670 1253 2706 igitur
1267 2669 1315 2704 qui
1337 2676 1418 2696 causa
1435 2667 1498 2701 fuit,
1520 2671 1597 2694 tanto
1616 2665 1721 2693 honoro

932 2720 1059 2754 dignatus
1069 2721 1121 2750 est,
1138 2720 1167 2743 ut
1181 2723 1351 2752 quacunque
1364 2719 1489 2743 cantores
1499 2713 1625 2746 dixerint,
1636 2712 1716 2747 quasi

933 2765 1042 2794 Davidis
1057 2767 1216 2800 reputentur
1233 2770 1304 2790 csse.
