1938 3053
227 114 262 143 59
649 119 677 146 S.
699 119 884 148 ATHANASII
905 120 980 148 OPP.
1004 121 1094 148 PARS
1114 120 1158 149 Ill.
1178 135 1214 142 ——
1231 119 1437 148 EXEGETICA.
1819 119 1853 145 60

261 175 328 203 Cum
361 176 492 211 propheta
516 183 589 206 esset
619 178 715 211 David,
736 185 816 215 atque
838 181 1012 209 interioribus
1027 188 1050 213 Α

227 221 328 255 apertis
349 222 446 253 oculis,
465 222 548 256 probe
560 228 652 250 nosset
667 224 800 259 malignos
819 225 930 259 spiritus
946 233 1012 259 gau—

228 267 292 293 dere
306 267 338 293 de
356 267 434 301 lapsu
458 267 613 300 hominum,
643 273 671 296 et
691 274 786 296 contra
816 269 908 297 dolere
935 270 1012 304 quasi

228 313 315 340 victos
336 313 368 340 de
383 313 540 341 eurumdem
566 315 752 349 resipiscentia
769 321 796 342 et
811 316 1012 349 emendatione,

229 360 392 395 intelligibili
415 368 448 388 ac
467 362 602 396 spirituali
621 363 702 390 modo
718 364 856 390 orationes
869 363 1013 390 adversum

229 406 290 434 illos
312 407 467 440 emittebat;
489 416 521 436 ex
545 409 578 436 iis
594 409 716 436 hostibus
736 410 783 444 qui
806 409 858 436 sub
874 414 1012 444 aspectum

229 453 331 480 eadunt
342 459 481 488 assumpta
501 455 667 489 metaphora.
686 453 743 481 Nisi
759 455 831 481 enim
848 455 898 481 hac
910 456 1014 481 ratione

229 500 422 534 prophrtarum
452 508 563 534 scopum
591 501 822 535 interpretemur,
848 508 901 528 non
934 501 1014 528 modo

231 543 330 570 nullam
348 543 444 570 anima:
458 544 612 577 utilitatem,
627 553 659 572 ex
677 553 770 572 eorum
787 546 877 577 dictis,
890 546 923 572 ad
938 553 1015 572 man-

232 589 402 616 suetudinem
433 591 655 624 adipiscendam,
680 591 888 626 pereipiemus;
921 599 1013 618 verum

231 635 313 662 etiam
337 636 363 662 iu
380 643 503 669 asperam
516 636 661 671 quamdam
680 641 760 671 atque
780 636 942 671 evangelicae
965 636 1014 663 do-

233 681 326 709 ctrina:
347 683 488 710 adversam
510 683 595 710 animi
617 683 745 710 duritiem
768 691 801 710 ex
828 683 1014 717 frequentibus

232 727 363 755 adversus
371 729 496 756 inimicos
510 729 636 762 precibus
646 730 813 762 delabemur,
825 733 930 756 tantum
939 729 1016 757 abest

233 779 262 800 ut
281 773 427 808 diligamus
450 775 522 802 illos.
539 774 605 802 Nam
631 775 784 803 sexcenties
806 775 844 802 ait
866 774 948 802 David
967 775 1012 801 ηε

233 817 437 853 Con/undarum
447 824 470 846 et
479 819 576 854 pudore
586 821 734 854 afﬁciantur
744 827 831 846 omnes
841 820 941 846 inimici
953 820 1014 851 mei,

1101 182 1160 208 Ὅτι
1176 182 1317 217 προφήτης
1329 181 1458 216 ὑπάρχων
1470 179 1484 205 ὁ
1494 179 1586 210 Δαυτδ.
1601 180 1648 206 καὶ
1663 178 1854 213 ἠνεῳγμένους

1065 227 1134 262 ἔχων
1146 229 1209 258 τοὺς
1224 227 1295 254 ἔνδον
1309 227 1464 262 ὀφθαλμοὺς
1476 247 1483 258 .
1499 226 1546 253 καὶ
1563 225 1638 257 είδὼς
1651 246 1658 257 ,
1674 225 1714 251 ὅτι
1728 225 1854 259 χαίρουσι

1065 274 1098 307 τῇ
1113 272 1212 299 πτώσει
1231 272 1286 298 τῶν
1301 272 1451 308 ἀνθρώπων
1466 271 1500 298 τὰ
1517 271 1623 306 πονηρὰ
1638 271 1792 304 πνεύματα,
1808 270 1855 295 καὶ

1066 318 1147 344 πάλιν
1161 317 1367 344 ἁντιλυποῦνται
1381 316 1524 352 ἡττώμενα
1537 316 1582 342 ἐπὶ
1599 317 1632 351 τῇ
1645 315 1786 351 διορθώσει
1801 315 1855 340 τῶν

1066 363 1226 399 ἀνθρώπων,
1236 364 1344 396 πάντως
1357 365 1396 390 ὅτι
1413 362 1515 398 νοητῶς
1528 362 1577 394 τὰς
1589 363 1648 389 κατ’
1663 361 1751 389 αὐτῶν
1768 369 1854 396 προσ-

1067 410 1148 445 ευχὰς
1167 411 1292 442 ἐποιεῖτο,
1309 411 1340 436 ἐκ
1355 409 1409 436 τῶν
1425 408 1559 442 αίσθητῶν
1585 407 1688 442 ἐχθρῶν
1706 406 1773 442 πρὸς
1786 406 1855 432 αὑτὰ

1069 453 1310 490 μεταϐαλλόμενος.
1334 454 1365 480 Et
1381 453 1434 489 γὰρ
1450 453 1486 488 μὴ
1501 452 1570 479 κατὰ
1589 452 1682 478 τοῦτον
1693 451 1738 478 τὸν
1753 452 1855 486 τρόπον

1067 500 1227 536 ὲκλάἦωμεν
1238 501 1282 526 τὸν
1295 500 1394 526 σκοπὸν
1405 500 1458 526 τῶν
1473 499 1628 535 προφητῶν,
1640 499 1670 526 οὐ
1686 499 1766 534 μόνον
1781 498 1855 524 οὐδε-

1070 546 1132 581 μίαν
1148 546 1290 581 οἰκοδομὴν
1310 547 1342 572 ἐκ
1357 546 1410 572 τῶν
1431 547 1496 580 παρ’
1513 545 1604 576 αὐτοῖς
1618 545 1769 580 εἰρημένων
1787 543 1855 578 πρὸς

1067 592 1164 627 κτῆσιν
1192 593 1342 628 πραότητος
1371 591 1484 626 ἕξομεν,
1520 591 1586 617 ἀλλὰ
1601 591 1646 617 καὶ
1671 590 1791 625 σκληράν
1817 597 1856 615 τι·

1068 645 1101 664 να
1111 637 1157 664 καὶ
1168 638 1290 664 ἐναντίαν
1303 638 1351 672 τῆς
1363 637 1543 672 εὐαγγελικῆς
1554 636 1724 668 διδασκαλίας
1736 635 1856 662 διάθεσιν

1067 683 1259 719 ἀναληψόμεθα
1269 685 1301 710 ἐκ
1312 683 1358 710 τοῦ
1370 683 1549 718 κατεύχεσθαι
1559 683 1662 718 συχνῶς
1672 682 1725 709 τῶν
1739 681 1855 717 ἐχθρῶν.

1068 729 1115 755 καὶ
1140 729 1176 764 μὴ
1201 729 1326 764 ἀγαπᾷν
1351 730 1525 765 μυριοντάκις
1540 729 1664 762 λέγοντος
1690 726 1736 753 τοῦ
1764 726 1855 755 Δαυῒδ.

1067 775 1310 809 Αίσχυνθειησιιν
1318 776 1365 802 καὶ
1377 775 1595 809 ἐντραπείησιιν
1603 773 1712 806 πάντες
1720 774 1746 800 οι
1756 773 1857 806 ἐχθροί

1065 829 1140 854 μου,
1169 820 1276 854 καὶμὴ
1299 821 1496 854 αἰσχυνθείην
1513 820 1579 854 ἐγώ.
1598 819 1690 846 Ταῦτα
1701 819 1730 845 δὲ
1750 817 1802 844 οὐκ
1825 817 1861 843 ἂν

232 869 257 890 et
274 871 325 890 non
346 864 494 899 confundar
513 873 570 899 ego.
593 865 698 892 Similia
719 865 791 892 enim
820 873 854 892 ue
876 865 1017 892 credamus

1073 865 1243 901 πεισθείημεν
1258 865 1343 897 οὕτως
1360 866 1499 900 εἰρηκέναι
1523 865 1621 900 ἄνδρας
1641 864 1782 900 προφήτας
1809 863 1857 889 καὶ

233 910 335 938 dixisse
357 910 430 937 viros
451 911 595 945 prophetas
617 916 644 938 et
667 911 770 938 amicos
788 910 832 938 Dei
860 911 914 938 alio
934 919 1016 946 quam

1073 912 1162 946 φίλους
1173 912 1250 942 Θεοῦ,
1265 913 1289 938 εί
1302 911 1387 947 μὴτῴ
1399 912 1590 948 προειρημένῳ
1599 911 1701 946 τρόπῳ.
1714 909 1793 937 Οὕτω
1803 910 1859 948 γὰρ

233 956 358 991 superius
373 964 386 982 a
401 958 479 985 nobis
491 958 625 992 explicato
638 966 722 986 more.
739 958 827 992 Atque
839 958 874 985 ita
888 958 1018 993 intelligat

1073 957 1123 993 χρὴ
1136 959 1205 984 νοεῖν
1219 957 1264 983 τὸν
1282 957 1424 992 φιλόπονον
1434 977 1441 988 ,
1465 957 1528 984 ἔνθα
1541 957 1574 983 ἂν
1591 955 1768 991 ἐπαρώμενον
1781 955 1858 990 εὕροι

234 1005 341 1035 oportet
364 1001 405 1029 vir
433 1003 550 1037 quisque
570 1003 682 1030 sedulus
702 1011 734 1030 ac
755 1002 905 1035 studiosus,
930 1004 1018 1031 sicubi

1073 1004 1213 1038 προφήτην
1223 1022 1230 1034 ,
1244 1004 1290 1029 ὲτιὶ
1301 1003 1364 1034 τοὺς
1377 1004 1487 1038 νοητοὺς
1501 1002 1613 1038 ἐχθροὺς
1625 1002 1678 1029 ἀπὸ
1691 1002 1745 1028 τῶν
1760 1001 1857 1035 αἰσθη-

234 1049 426 1083 imprccantem
446 1049 605 1084 prophetam
627 1049 757 1081 inveniat,
776 1049 810 1076 ab
828 1049 953 1076 hostibus
971 1049 1017 1083 qui

1073 1048 1124 1074 τῶν
1141 1048 1350 1083 μεταδάλλοντα.
1376 1049 1474 1076 Λοιπὸν
1488 1049 1520 1083 δὴ
1536 1047 1785 1083 κατασχολὰζεσθαι
1809 1047 1857 1074 τὸν

235 1094 285 1121 sub
301 1102 411 1122 sensum
432 1095 533 1122 cadunt
546 1094 579 1122 ad
603 1094 786 1129 intelligibiles
803 1094 929 1121 inimicos
947 1093 1017 1122 facta

1073 1094 1193 1130 ἁσκητὴν
1209 1095 1307 1126 παντὸς
1320 1096 1440 1132 ῥήματος
1453 1095 1502 1130 τὴν
1515 1095 1688 1130 κατανόησιν.

235 1139 422 1168 translatione.
447 1139 562 1167 Demum
579 1147 676 1167 vacare
691 1144 802 1175 oportet
825 1144 945 1167 aseetam
970 1139 1138 1175 singulorum
1156 1140 1300 1168 verborum
1319 1140 1512 1176 intelligentia.

271 1223 294 1238 "
314 1223 385 1251 Psal.
413 1232 506 1257 xxxnv,
522 1225 550 1252 4.

579 1408 919 1487 SANCTI
994 1404 1512 1486 ATHANASII

787 1563 1051 1593 ARCHIEPISCOPI
1069 1563 1304 1592 ALEXANDRINI

457 1664 1032 1730 EXPOSITIONES
1106 1664 1187 1727 IN
1251 1663 1633 1729 PSALMOS.

512 1859 721 1887 PSALMUS
747 1859 774 1887 Ι.

1329 1858 1530 1885 ΨΑΛΜΟΣ
1554 1860 1595 1884 A'.

541 1906 741 1940 Argumentum.

239 1951 348 1978 Initium
367 1951 515 1986 prophetiae
530 1951 641 1979 Christo
661 1951 696 1978 ab
718 1951 777 1986 ipso
793 1950 942 1979 secundum
963 1958 1024 1978 ear-

271 2005 331 2024 nem
344 1998 481 2025 nascituro
496 1998 575 2025 oﬂ‘ert
588 1997 682 2025 David.
695 1998 876 2030 Quamobrem
889 1997 915 2024 in
928 1997 1024 2032 primis

272 2043 365 2070 beatos
378 2044 442 2070 dicit
457 2044 502 2078 qui
515 2048 626 2078 sperant
640 2044 667 2071 in
681 2051 724 2071 eo.
747 2072 753 2078 _

265 2088 385 2125 Ι[Βθιιῑοε
394 2094 483 2116 autem
496 2094 577 2117 vocat
588 2097 636 2117 eos
648 2090 694 2124 qui
711 2096 766 2116 non
779 2089 881 2116 abeunt
894 2089 922 2116 in
933 2089 1024 2116 consi-

237 2135 304 2162 lium
322 2135 477 2169 impiorum,
495 2143 582 2170 neque
597 2139 670 2162 stant
686 2135 712 2162 in
728 2135 771 2162 via
786 2139 960 2170 peccatorum
974 2143 1022 2162 ne-

238 2188 292 2214 que
306 2180 400 2208 sedent
420 2181 447 2207 in
467 2181 596 2207 cathedra
620 2179 813 2213 pestilentium.
826 2180 893 2207 Nam
909 2184 962 2208 tres
977 2188 1023 2207 or-

238 2225 316 2252 dines
333 2225 402 2260 apud
419 2224 524 2252 Iudaeos
541 2229 619 2252 erant
631 2230 726 2252 centra
749 2224 917 2252 Salvatorem
931 2226 1023 2252 insur-

238 2277 342 2305 gentes,
363 2271 458 2298 scriba:
478 2271 591 2303 scilicet,
614 2271 744 2298 Pharis-sai
766 2276 792 2298 et
803 2271 960 2306 legisperiti,
975 2272 1022 2306 qui

236 2316 297 2351 jure
318 2321 397 2351 atque
416 2317 512 2344 merito
538 2317 624 2351 impii,
642 2321 799 2352 peceatores
820 2321 848 2344 et
865 2317 1021 2350 pestilentes

238 2367 438 2396 nuncupentur.
455 2362 504 2390 Via
520 2363 617 2389 dicitur
638 2363 695 2390 haec
709 2363 776 2395 vita,
790 2363 854 2399 quia
873 2364 891 2390 ii
907 2364 952 2399 qui
972 2372 1022 2391 na-

238 2412 361 2439 scuntur,
377 2409 409 2435 ad
426 2408 504 2435 linem
518 2407 654 2444 ριν-μυί]

280 2454 305 2480 1.
323 2453 422 2480 Beatus
440 2454 480 2480 vir
493 2454 536 2489 qui
553 2462 603 2481 non
619 2455 683 2481 abiit
698 2455 726 2481 in
742 2455 852 2482 consilio
868 2456 1019 2491 impiorum.

237 2498 331 2525 Potest
341 2499 485 2525 consilium
500 2499 644 2533 impiorum
661 2504 749 2526 caelus
761 2500 812 2526 dici
825 2508 857 2526 ac
872 2506 1020 2528 conventus

1389 1903 1549 1934 Ὑπόθεσις.

1075 1951 1129 1986 Τὴν
1141 1950 1227 1986 ἀρχὴν
1241 1950 1289 1985 τῆς
1302 1948 1469 1985 προφητείας
1481 1949 1520 1984 τῷ
1534 1948 1562 1980 ἐξ
1576 1947 1657 1974 αὑτοῦ
1672 1948 1859 1984 τεχθησομένῳ

1109 1995 1218 2031 Χριστῷ
1235 1994 1415 2029 ἀνατίθησινό
1428 1994 1517 2020 Δαυῖδ.
1532 1993 1576 2020 Διὸ
1592 1995 1620 2020 ἐν
1636 1993 1753 2030 πρώτοις
1767 2003 1857 2030 μακα-

1110 2041 1179 2077 ρὶζει
1192 2040 1253 2071 τοὺς
1268 2041 1307 2071 εἰς
1321 2039 1400 2066 αὑτὸν
1416 2039 1574 2073 ἡλπικότας.

1110 2087 1280 2123 [Μακαρίους
1293 2085 1321 2112 δὲ
1336 2085 1412 2112 καλεῖ
1419 2087 1482 2118 τοὺς
1494 2085 1531 2121 μὴ
1544 2078 1723 2121 πορευθέντας
1733 2086 1761 2112 ὲν
1776 2086 1857 2122 βουλῇ

1074 2131 1188 2164 ἀσεϐῶν,
1209 2131 1276 2166 μήτε
1295 2130 1349 2166 μὴν
1367 2131 1480 2162 στάντας
1494 2131 1522 2156 ὲν
1535 2130 1586 2166 ὁδῷ
1601 2131 1781 2167 ἁμαρτωλῶν,
1791 2132 1857 2166 μήτε

1072 2178 1119 2204 ἐπὶ
1131 2177 1262 2213 καθέδραν
1275 2176 1376 2211 λοιμῶν
1391 2175 1601 2211 καθεστηκότας.
1615 2176 1683 2210 Τρία
1698 2176 1751 2212 γὰρ
1771 2175 1805 2212 ἦν
1825 2177 1857 2203 τὰ

1072 2225 1200 2258 τάγματα
1220 2222 1295 2258 παρὰ
1313 2222 1449 2253 Ἰουδαίοις
1464 2221 1535 2248 κατᾶ
1553 2221 1600 2248 τοῦ
1614 2223 1738 2258 Σωτῆρος
1758 2224 1857 2250 ἐπανα-

1073 2270 1181 2300 στάντα,
1198 2269 1380 2304 γραμματεῖς,
1395 2267 1546 2302 Φαρισαῖοι,
1563 2268 1609 2294 καὶ
1626 2268 1732 2303 νομικοί
1743 2277 1749 2283 ⁸
1771 2269 1796 2295 οῖ
1811 2269 1858 2296 καὶ

1072 2315 1195 2350 κληθεῖεν
1208 2314 1320 2345 εἰκότως
1336 2313 1444 2345 ἀσεϐεῖς
1459 2314 1507 2340 καὶ
1521 2314 1676 2348 ἁμαρτωλοὶ
1698 2314 1744 2341 καὶ
1759 2314 1856 2350 λοιμοί.

1078 2361 1150 2392 Ὁδὸς
1166 2361 1214 2395 μὲν
1229 2361 1242 2386 ὁ
1256 2359 1312 2394 βίος
1335 2359 1442 2394 εἴρηται
1456 2358 1499 2386 διὰ
1513 2359 1560 2394 τὴν
1575 2359 1642 2394 πρὸς
1660 2360 1689 2386 τὸ
1713 2359 1788 2392 τέλος
1804 2361 1857 2388 τῶν

1071 2406 1247 2441 γεννωμένων
1263 2404 1382 2440 ἕπαξιν.]

1066 2449 1073 2453 ”
1106 2451 1254 2485 Μακάριος
1267 2451 1344 2485 ἀνὴρ
1359 2451 1393 2483 ὃς
1405 2452 1460 2478 οὐκ
1474 2450 1617 2485 ἐπορεύθη
1631 2451 1776 2485 ἑνβου.ὶῇ
1787 2451 1858 2480 ἀσε-

1072 2497 1138 2524 ϐῶν.
1155 2497 1271 2523 Δυνατὺν
1297 2497 1325 2523 δὲ
1347 2496 1442 2532 βουλὴν
1463 2497 1568 2524 ἀσεϐῶν
1585 2498 1671 2524 εἰπεῖν
1685 2497 1734 2532 τὴν
1751 2498 1859 2525 σύνοδον

237 2545 432 2579 improborum.
451 2544 573 2579 Cumque
598 2545 709 2572 noxium
734 2545 769 2572 sit
791 2553 850 2573 sese
874 2546 1018 2580 impiorum

1073 2544 1119 2570 καὶ
1138 2543 1187 2577 τὴν
1200 2542 1352 2569 συνέλευσιν
1365 2542 1418 2568 τῶν
1431 2551 1497 2578 πονη
1503 2543 1566 2578 ρῶν.
1579 2543 1634 2569 Καὶ
1651 2543 1711 2569 ἐπεὶ
1727 2543 1859 2579 βλιὸερὸν

237 2591 352 2618 εωιίὺυδ
372 2591 534 2622 immiscere.
551 2591 659 2618 beatum
673 2592 739 2619 dicit
752 2601 825 2624 eum,
842 2592 888 2627 qui
906 2601 940 2619 ne
955 2597 1017 2619 tan-

238 2636 323 2662 tillum
336 2636 444 2670 quidem
457 2636 490 2663 ad
505 2636 612 2664 illorum
631 2643 780 2665 conventus
795 2637 910 2665 accedit.
918 2637 1019 2671 Hujus-

237 2682 309 2709 modi
323 2687 381 2709 erat
391 2682 490 2717 Joseph
506 2683 539 2709 ab
551 2683 700 2710 Arimathia
714 2693 720 2711 :
736 2684 784 2718 qui
800 2691 898 2718 corpus
914 2683 1020 2710 Domini

237 2733 270 2753 ac
283 2725 330 2753 Dei
355 2727 488 2760 sepelivit.
515 2726 552 2754 De
567 2728 613 2754 illo
630 2735 746 2763 namque
761 2728 864 2755 dictum
878 2727 930 2754 fuit
946 2727 1019 2763 quod

237 2778 291 2798 non
303 2771 492 2806 astipularetur
503 2772 617 2800 consilio
635 2780 730 2800 eorum
749 2773 796 2807 qui
816 2772 909 2800 Jesum
932 2773 1020 2808 prodi-

237 2817 310 2845 dere.
330 2817 362 2845 Et
380 2818 407 2845 in
417 2818 541 2846 cathedra
556 2819 732 2854 pestilentium
749 2826 798 2846 non
816 2819 894 2847 srdit.
911 2819 961 2847 Per
973 2827 1018 2846 ea-

1071 2590 1102 2615 τὸ
1118 2591 1172 2620 τοῖς
1186 2588 1349 2624 seponam
1367 2588 1422 2614 τῶν
1436 2588 1541 2615 ἀσεϐῶν
1562 2588 1754 2625 παραϐάλλειν,
1771 2598 1859 2624 μακα-

1074 2635 1141 2670 ρίζει
1153 2635 1197 2661 τὸν
1214 2634 1280 2669 μηδὲ
1296 2633 1366 2660 κατὰ
1379 2633 1460 2660 ποσὸν
1475 2635 1514 2665 εἰς
1526 2634 1556 2660 τὸ
1571 2634 1651 2660 αὑτὸν
1667 2633 1758 2665 αὐτοῖς
1778 2634 1856 2669 ἐρχὸ-

1073 2689 1161 2715 μενον,
1176 2679 1301 2711 Τοιοῦτος
1313 2680 1434 2714 ὑπῆρχεν
1447 2679 1461 2705 ὁ
1475 2679 1574 2715 Ἰωσὴφ
1588 2681 1602 2706 ὁ
1617 2680 1670 2706 ἀπὸ
1684 2679 1855 2715 Ἀριμαθίας,

1069 2728 1084 2753 ὸ
1099 2727 1128 2752 τὸ
1143 2725 1222 2760 σῶμα
1234 2725 1281 2751 τοῦ
1298 2725 1398 2761 Κυρίου
1413 2726 1459 2752 καὶ
1472 2725 1539 2752 Θεοῦ
1554 2725 1649 2760 θάψας.
1666 2726 1780 2761 Εἴρηται
1801 2725 1856 2759 γὰρ

1072 2772 1134 2806 περὶ
1149 2770 1241 2803 αὑτοῦ,
1256 2771 1294 2803 ὡς
1319 2771 1369 2797 οὐκ
1391 2769 1426 2806 ἦν
1452 2771 1713 2806 συγκατατιθέμενος
1725 2773 1757 2806 τῇ
1774 2771 1856 2805 sui,

1070 2818 1124 2844 τῶν
1138 2816 1225 2852 Ἰησοῦ
1240 2817 1384 2852 προδοτῶν.
1394 2817 1449 2844 Καὶ
1460 2817 1508 2844 ἐπὶ
1522 2816 1666 2852 καθέδραι·
1679 2816 1789 2852 λοιμῶν
1798 2818 1857 2844 οὐκ
