1938 3053
83 173 112 200 θΙ

668 171 850 201 EXPOSlTIO
869 172 904 200 lN
921 172 1089 201 PSALMUM
1105 174 1127 202 l.

83 231 201 260 ἐκάθισε.
214 230 261 258 Διὰ
274 231 322 266 τῆς
336 230 469 267 καθέδρας
480 230 529 267 τὴν
540 231 712 259 διδασκαλίαν
724 233 808 268 δηλοῖ,
821 232 848 259 ὦ(

910 243 1044 275 thedram.
1059 242 1209 270 doctrinam
1227 241 1371 277 signiﬁcat,
1391 245 1421 268 ut
1433 241 1490 276 ipse
1507 239 1592 267 ait":
1610 239 1693 273 Super

83 286 171 314 φησιν·
192 276 253 304 Ἐπὶ
267 276 321 310 τῆς
336 276 479 311 καθέδρας
498 277 635 310 Μωσέως.
652 278 778 314 Καθέδρα
800 278 854 305 τοί-

82 333 124 351 wv
136 323 232 360 λοιμῶν
246 324 262 359 ἡ
274 323 432 350 διδασκαλία
447 324 502 351 τῶν
516 324 651 359 πονηρῶν.
847 319 850 321 Δ

118 370 231 405 Ἡμέρας
247 369 295 396 καὶ
311 370 428 402 νυκτός.
453 370 490 396 T6
509 371 632 397 σύντονον
647 370 729 405 δηλοῖ.
746 371 782 397 Οὐ
799 370 854 406 γὰρ

81 416 248 453 ἠμελημένως
260 416 302 443 δεῖ
315 415 428 451 μελετᾷν
444 415 490 442 τὸν
503 416 583 452 νόμον
596 416 643 443 τοῦ
658 417 771 452 Κυρίου.

112 504 200 541 [Ἀλλ’
222 505 241 539 ἢ
255 505 290 532 ἐν
307 505 346 538 τῷ
358 507 438 540 νόμῳ
453 506 562 540 Κυρίου
577 506 610 533 τὸ
622 506 736 540 θέλημα
748 506 852 538 αὑτοῦ,

79 551 122 578 καὶ
134 552 167 578 ἐν
179 559 218 584 τῳ
235 551 316 586 νόμῳ
330 552 422 579 αὑτοῦ
433 552 593 587 μελετήσει
609 553 721 587 ἡμέρας
736 553 785 578 καὶ
798 561 853 578 νυ-

78 598 148 629 κτός.
165 597 208 633 Τῷ
222 598 305 632 νόμῳ,
321 597 359 632 τῷ
373 598 508 634 ἀγγελικῷ
525 599 653 634 δηλονότι.
673 599 710 624 Τὸ
729 598 852 625 σύντονον

78 643 157 678 δηλοῖ·
173 645 201 670 οὐ
217 645 270 680 γὰρ
285 646 464 680 ἠμελημένως
478 645 518 671 δεῖ
531 644 644 680 μελετᾷν
660 644 704 670 τὸν
714 644 794 678 νόμον
805 643 852 670 τοῦ

78 689 178 724 Κυρίου.
193 690 229 717 οι
254 690 309 726 γὰρ
331 690 396 716 ποτὲ
417 690 457 716 δεῖ
478 691 533 720 τοῖς
549 689 671 724 μελετᾷνζ
687 690 752 715 ποτὲ
765 688 792 715 δὲ
807 687 849 722 οὒ,

77 734 126 760 ἀλλ’
141 735 181 761 ἀεὶ
202 735 249 762 καὶ
269 735 413 767 διαπαντὸς
432 736 488 767 τοῖς
502 735 583 766 θείοις
599 734 696 768 λογίοις
712 734 852 770 προσηλῶ-

77 779 145 806 σθαι”
161 781 238 808 τοῦτο
254 782 309 817 γὰρ
322 782 396 817 δηλοί
409 781 448 812 τὸ.
464 781 576 815 ἡμέρας
597 781 646 807 καὶ
661 782 779 813 νυκτός.
796 781 852 807 Κα-

75 825 115 857 λὸς
125 826 168 853 τοῦ
185 827 396 863 κατορθώματος
411 828 425 854 6
438 827 547 862 μισθός·
562 828 576 854 6
588 827 642 862 γὰρ
657 826 696 862 τῷ
709 827 772 862 θείῳ
787 835 850 861 σχο-

76 871 153 904 λάζων
168 872 240 907 νόμῳ
254 873 302 899 καὶ
316 874 372 904 τοῖς
385 873 417 899 ὲκ
430 872 524 899 τούτου
535 872 651 907 νάμασιν
662 872 848 908 ἁρδευόμενος.

75 917 122 942 Καὶ
138 916 206 953 ὕδωρ
215 918 262 944 καὶ
277 918 291 943 6
302 917 417 953 Χριστὸς
438 917 486 952 τὴν
501 917 598 943 ἑαυτοῦ
613 917 783 944 διδασκαλίαν
805 917 852 943 ἀν-
867 913 887 939 Β

75 962 190 988 ικᾶλεσεν
199 963 300 989 είπὼνε
313 964 350 990 Εἴ
359 972 403 995 τις
418 963 501 997 διψᾷ,
513 963 644 998 ἐρχέσθω
656 963 729 997 πρὸς
743 963 793 997 μὲ,
801 963 849 989 καὶ

74 1007 225 1043 πινέτω.Τῷ
233 1017 272 1034 πα
276 1009 299 1042 ρ’
306 1007 382 1034 ὕδασι
390 1008 490 1043 δένδρῳ
497 1008 659 1034 ἀπείκασται
667 1008 710 1034 ἀεὶ
716 1007 836 1043 τεθηλότι
841 1027 848 1038 ,

73 1054 110 1078 ἀεὶ
120 1053 233 1088 βρίθοντι
244 1055 300 1085 τοῖς
313 1054 432 1089 ὡραίοις.
448 1053 479 1080 Οἱ
496 1054 549 1089 γὰρ
559 1055 608 1089 τῆς
620 1055 719 1090 ἀρετῆς
736 1053 850 1089 ἀθληταὶ

72 1098 126 1129 τοὺς
149 1099 195 1133 μὲν
217 1099 272 1125 τῶν
290 1099 377 1125 πόνων
394 1099 515 1134 καρποὺς
529 1098 600 1125 κατά
618 1098 648 1125 τὸ
664 1098 757 1134 μέλλον
770 1099 845 1134 κομί-

72 1151 167 1171 ςονταν
181 1142 236 1172 οἷον
251 1145 281 1171 δέ
298 1154 353 1171 τισι
375 1145 484 1180 φύλλοις
498 1144 642 1172 κάντεῦθεν
654 1146 686 1180 τῇ
703 1145 790 1180 ἀγαθῇ
806 1145 849 1175 ἐλ-

71 1190 119 1217 πίδι
142 1191 378 1223 κατασκιάζονται,
393 1191 439 1218 καὶ
464 1191 608 1217 κλέπτουσι
631 1192 664 1226 τῇ
687 1191 848 1226 ψυχαγωγία

70 1237 112 1271 τὴν
123 1236 173 1263 τῶν
189 1237 280 1263 πόνων
293 1236 440 1272 βαρύτητα.
457 1237 502 1273 Τῷ
517 1237 629 1272 τοιούτῳ
646 1237 734 1264 πάντα
752 1237 848 1263 εὐοδω-

70 1280 179 1316 θήσεται.
189 1282 273 1308 Οὐδὲν
288 1282 342 1316 γὰρ
354 1281 473 1308 ἐναντίον
485 1283 543 1313 τοῖς
555 1281 637 1313 θείοις
649 1281 739 1317 νόμοις
751 1282 848 1317 διενερ-

69 1326 149 1362 ﬂeet,
164 1326 203 1362 τῷ
218 1327 266 1353 τοῦ
291 1327 372 1362 νόμου
388 1327 536 1362 βουλήματι
552 1326 743 1362 συναρμόττων
756 1327 787 1353 τὸ
802 1326 846 1353 es-

68 1370 148 1406 λημα·
167 1371 300 1408 πρότερον
312 1373 418 1399 ἅπαντα
432 1372 481 1407 τῆς
494 1372 592 1404 κακίας
606 1371 797 1408 ἀπαγορεύσας
811 1373 844 1400 τὰ

69 1417 129 1453 εἴδη,
146 1419 191 1445 καὶ
204 1419 260 1444 τῶν
275 1418 353 1444 θείων
366 1419 454 1453 νόμων
466 1417 606 1450 ὑποδείξας
617 1418 666 1453 τὴν
678 1417 843 1454 τελειότητα,

69 1463 144 1495 οὕτως
159 1465 295 1500 ἐπήγαγε*
312 1463 412 1492 Πάντα
427 1463 486 1491 ὅσα
501 1464 539 1491 ἂν
551 1463 645 1500 ποιῇ]

101 1575 145 1603 His
159 1576 252 1611 adjicit
274 1575 342 1603 Dan.
353 1575 488 1603 Barbarus
500 1583 509 1602 :
522 1575 665 1603 Dieautem
681 1574 826 1602 meditatur
837 1575 883 1610 qui

907 289 1059 315 cathedram
1073 288 1168 322 Moysi.
1197 288 1330 315 Cathedra
1347 287 1429 322 igitur
1440 287 1635 321 pestilentium,
1652 290 1694 313 est

903 334 1026 361 dei-trina
1045 334 1211 368 iniquorum.

938 380 964 407 2.
983 380 1031 406 Die
1045 389 1076 406 ac
1090 385 1172 406 nocte.
1186 379 1302 406 Fervens
1313 378 1397 405 animi
1410 377 1531 405 studium
1546 377 1692 411 signiﬁcat.

905 425 1044 460 Siquidem
1067 433 1122 452 non
1145 429 1187 452 cst
1206 423 1391 451 meditandum
1418 423 1583 458 negligenter
1606 423 1692 457 legctn

903 469 1022 497 Domini.

939 515 1003 551 [Sed
1023 516 1050 542 in
1065 515 1119 551 lege
1137 515 1244 542 Domini
1260 515 1382 542 voluntas
1398 514 1466 549 ejus,
1482 513 1546 540 etin
1564 512 1618 548 lege
1634 512 1691 546 ejus

903 562 1074 589 meditabitur
1088 562 1131 589 die
1146 570 1176 588 ac
1192 566 1275 588 nocte.
1291 561 1317 586 In
1333 561 1401 594 lege,
1417 560 1540 596 angelica
1554 559 1690 586 videlicet.

902 608 1111 637 Contentioncm
1136 608 1270 643 signiﬁcat
1292 615 1324 634 ac
1346 607 1535 641 diligentiam;
1552 613 1605 632 non
1617 604 1690 643 enim

903 655 1017 681 remisse
1032 661 1064 681 ac
1076 654 1244 688 negligenter
1257 657 1362 687 oportet
1377 652 1460 686 legem
1479 650 1585 677 Domini
1604 640 1691 676 medi-

902 700 964 727 tari.
982 698 1074 734 Neque
1093 700 1174 726 modo
1191 698 1375 726 meditandum
1387 717 1394 729 ,
1413 697 1493 724 modo
1510 695 1690 730 superseden-

901 745 966 773 dum
991 745 1186 777 meditatione;
1208 744 1255 772 sed
1278 752 1386 778 semper
1408 747 1435 770 et
1455 742 1566 769 assidue
1591 741 1691 768 divinis

901 791 1019 819 oraculis
1037 799 1096 818 sese
1115 791 1240 818 addicere
1256 797 1324 824 opus
1343 794 1404 816 est:
1422 789 1447 816 id
1464 789 1535 816 enim
1553 787 1691 822 signiﬁca-

901 841 946 864 tur
969 837 1022 864 hoc
1044 837 1126 869 dicto,
1142 837 1184 863 die
1201 845 1231 862 ac
1247 841 1330 863 nocte.
1347 835 1420 862 Bona
1440 840 1483 862 est
1504 841 1608 861 merces
1624 833 1689 860 boni

902 883 1011 918 operis:
1026 883 1072 918 qui
1096 884 1167 910 enim
1193 882 1290 909 divinae
1313 887 1391 909 vacat
1412 882 1474 917 legi,
1497 881 1557 915 ejus
1580 879 1689 906 liuentis

903 929 1041 963 irrigatur.
1061 929 1187 956 Christus
1200 936 1309 964 quoque
1323 928 1474 955 doctrinam
1490 934 1567 953 suam
1583 925 1689 963 vocavit

903 982 1012 1008 aquam,
1025 982 1085 1002 cum
1102 975 1189 1001 ait":
1205 974 1235 1001 Si
1251 975 1308 1009 quis
1317 975 1386 1006 sitit,
1403 973 1488 1000 veniat
1501 972 1535 998 ad
1552 979 1591 998 me
1608 976 1632 998 et
1647 971 1688 997 Η-

903 1019 957 1046 bat.
983 1019 1069 1054 Ligno
1088 1019 1122 1046 ad
1142 1027 1227 1054 aquas
1247 1019 1336 1054 posito
1354 1021 1527 1052 comparatus
1545 1020 1597 1048 est,
1615 1015 1689 1050 quod

903 1072 1007 1099 semper
1020 1065 1107 1098 ﬂoret,
1118 1073 1224 1100 semper
1235 1064 1368 1092 fructibus
1381 1062 1549 1097 tempestivis
1558 1065 1687 1088 onustum

902 1115 953 1138 est.
965 1109 1032 1137 Nam
1051 1111 1159 1138 virtutis
1180 1111 1287 1138 athleta:
1309 1110 1432 1137 laborum
1452 1108 1561 1143 quidem
1582 1107 1689 1134 fructus

901 1155 928 1182 in
946 1155 1039 1183 futuro
1057 1161 1206 1191 reportant,
1226 1160 1262 1187 et,
1281 1164 1328 1183 ceu
1346 1154 1509 1190 quibusdam
1528 1152 1601 1179 foliis
1624 1152 1688 1178 inde

899 1201 1021 1233 emissis,
1036 1209 1084 1236 spe
1106 1202 1176 1228 bona
1196 1201 1403 1232 adumbrantur,
1421 1199 1600 1232 laborumque
1622 1204 1686 1231 gra-

897 1247 1007 1274 vitatem
1033 1247 1190 1282 hujusmodi
1221 1247 1389 1274 recreatione
1422 1245 1601 1272 suilurantur.
1626 1241 1686 1268 Tali

896 1293 956 1320 viro
972 1294 1062 1321 omnia
1075 1301 1182 1328 semper
1198 1300 1326 1328 prospere
1340 1296 1453 1319 vertent.
1465 1290 1538 1317 Nihil
1558 1289 1629 1316 enim
1642 1289 1685 1315 di-

898 1337 970 1366 vinis
993 1339 1097 1373 legibus
1121 1338 1308 1366 adversarium
1330 1337 1464 1370 admittet,
1483 1335 1528 1370 qui
1553 1334 1686 1361 voluntati

900 1383 968 1418 legis
985 1392 1063 1412 suam
1087 1384 1276 1412 accommodat
1295 1383 1480 1410 voluntatem:
1498 1380 1562 1415 quia
1579 1388 1593 1406 a
1611 1380 1687 1414 prin-

899 1429 971 1464 cipio
985 1429 1030 1456 ille
1044 1437 1140 1457 omnes
1161 1429 1270 1456 malitiae
1291 1429 1396 1463 species
1416 1427 1577 1458 eliminavit,
1592 1430 1617 1453 cl
1638 1425 1686 1452 de-

899 1474 999 1501 clarata
1013 1474 1164 1501 divinarum
1175 1475 1263 1509 legum
1276 1474 1451 1509 perfectione,
1464 1473 1500 1500 ita
1514 1471 1609 1499 infert:
1619 1469 1685 1498 0m-

898 1521 944 1547 m'a
958 1529 1117 1556 qucecunque
1133 1519 1236 1556 [θείη]

897 1575 924 1603 in
937 1576 1083 1604 virtutibus
1099 1576 1216 1612 proiicit,
1230 1580 1309 1603 nocte
1322 1583 1396 1608 vero,
1406 1575 1452 1611 qui
1465 1583 1526 1603 cum
1540 1575 1685 1611 perturba-

68 1622 148 1655 tiones
167 1622 326 1657 insurgunt,
341 1621 482 1648 immotam
495 1625 586 1648 servat
601 1621 685 1648 animi
700 1620 918 1656 generositatem.

98 1678 149 1706 Kal
170 1679 255 1706 ἔσται
273 1679 314 1711 ὡς
327 1679 359 1705 τὸ
373 1678 468 1711 ξύλον
483 1677 514 1705 τὸ
531 1677 756 1712 πεφυτευμένον
768 1677 846 1711 παρὰ
860 1680 881 1709 C

68 1723 114 1756 τὰς
131 1724 286 1757 διεξόδους
308 1723 366 1750 τῶν
390 1723 517 1751 ὑδάτων.
526 1723 769 1758 Ἐξομολογήσεως.
788 1723 847 1759 ἦτοι

67 1769 212 1806 παραϐολῆς
225 1769 304 1802 ξύλον
318 1769 333 1794 6
347 1768 464 1804 Χριστὸς
478 1768 683 1803 ἀναγέγραπται
700 1769 728 1794 ὲν
742 1769 774 1803 τῇ
790 1768 848 1796 θεο-

69 1815 182 1851 πνεύστῳ
202 1815 222 1841 Γ
225 1816 310 1851 ραφῇ,
325 1815 396 1841 κατὰ
414 1815 444 1841 τὸ
469 1814 612 1850 εἰρημένον
624 1822 630 1829 ·
655 1814 754 1841 Ξύλον
774 1814 848 1849 ζωῆς

67 1861 125 1889 ἐστι
139 1861 212 1889 πᾶσι
226 1861 289 1894 τοῖς
300 1861 508 1896 ἀντεχομένοις
521 1861 624 1895 αὐτῆς.
642 1861 721 1895 Λέγει
735 1859 790 1894 οὖν,
806 1862 847 1888 ὅτι

67 1907 293 1947 δι’-πιστεύσαντες
306 1907 344 1942 τῷ
359 1906 468 1943 Χριστῷ
483 1907 562 1942 σῶμα
576 1906 657 1933 αὑτοῦ
669 1907 789 1934 ἔσονται·
803 1916 847 1943 με-

66 1954 256 1989 τασχηματίσει
279 1953 334 1990 γὰρ
355 1953 386 1980 τὸ
408 1954 488 1989 σῶμα
502 1954 552 1988 τῆς
565 1953 754 1985 ταπεινώσεως
769 1954 846 1988 ἡμῶν

67 1998 127 2033 πρὸς
148 1999 177 2025 τὸ
200 1999 329 2033 γενέσθαι
346 1998 506 2034 σύμμορψον
520 1998 559 2034 τῷ
576 1997 682 2033 σώματι
700 1999 749 2033 τῆς
768 1999 846 2033 δόξης

67 2043 150 2070 αὑτοῦ.
175 2044 335 2076 Διεξόδους
356 2044 385 2070 δὲ
405 2044 465 2070 τῶν
489 2043 607 2071 ὑδάτων
624 2044 674 2076 τὰς
689 2044 764 2076 θείας
780 2045 846 2079 φησὶ

67 2088 177 2124 Γραφάς·
194 2091 223 2117 ἐν
240 2087 285 2121 αἷς
301 2089 456 2124 ἁπανταχοῦ
473 2089 546 2116 ἐστιν
563 2089 651 2125 εὑρεῖν
667 2089 782 2125 Χριστὸν
794 2098 850 2125 iter,

68 2137 233 2171 ρυτσόμενον.
257 2135 362 2172 [Ξύλον
377 2135 448 2170 ζωῆς
463 2137 476 2162 6
492 2135 618 2171 Χριστὸς,
633 2135 723 2162 κλάδοι
737 2136 760 2162 οἱ
779 2135 845 2162 ἀπό-

69 2181 155 2214 στολοι,
170 2182 276 2218 καρπὸς
290 2179 358 2216 αἷμα
372 2182 418 2208 καὶ
432 2181 503 2217 ὕδωρ
514 2182 546 2208 ἐκ
557 2182 606 2216 τῆς
621 2180 752 2217 πλευρᾶς·
766 2178 803 2207 ὧν
816 2181 846 2208 τδ

69 2228 111 2263 μὲν
133 2230 171 2258 είς
187 2228 365 2255 ὑποτύπωσιν
382 2228 541 2264 μαρτυρίου,
556 2227 586 2253 τὸ
603 2227 631 2254 δὲ
648 2227 843 2262 βαπτίσματος.

66 2272 145 2300 «iam
159 2275 182 2300 οἱ
193 2274 269 2308 λόγοι
282 2282 288 2288 '
305 2273 410 2309 καρπὸν
425 2272 471 2300 τοῦ
489 2272 567 2306 ξύλου
584 2273 689 2308 νοήσεις
702 2273 750 2307 τὴν
763 2272 845 2308 ὀρθὴν

68 2318 161 2345 πίστιν·
178 2320 266 2355 φύλλα
290 2319 317 2346 δὲ
339 2318 420 2345 αὑτοῦ
436 2319 485 2354 τὴν
499 2316 641 2354 πλήρωσιν
655 2318 708 2345 τῶν
721 2318 844 2345 ἐντολῶν.

933 1680 959 1707 5.
970 1682 1004 1707 Et
1016 1682 1065 1708 erit
1075 1687 1199 1717 tanquam
1215 1682 1314 1717 lignum
1327 1681 1396 1716 quod
1406 1681 1555 1716 plantarum
1568 1687 1616 1714 est,
1632 1687 1684 1712 etc.

897 1724 1085 1754 Confessionis
1104 1727 1161 1754 sive
1186 1728 1268 1754 etiam
1291 1726 1427 1761 parabolae
1443 1726 1545 1761 lignum
1559 1725 1686 1755 Christus

897 1778 958 1798 esse
966 1771 1128 1799 describitur
1139 1773 1164 1798 in
1172 1771 1301 1799 divinitus
1310 1772 1440 1806 inspirata
1449 1770 1599 1805 Scriptura,
1607 1771 1684 1805 juxta

898 1817 964 1844 illud
977 1816 1104 1852 :Liguum
1119 1818 1179 1844 vita:
1189 1821 1227 1844 est
1239 1817 1358 1843 anmibu:
1374 1816 1576 1850 suscipientibus
1585 1823 1642 1842 eam
1650 1815 1684 1843 ".

897 1863 942 1890 Ait
963 1863 1045 1897 igitur
1066 1870 1114 1890 eos
1129 1863 1175 1897 qui
1192 1863 1219 1889 in
1238 1862 1378 1889 Christum
1394 1861 1567 1892 crediderint.
1585 1868 1686 1895 corpus

897 1908 957 1943 ejus
972 1907 1080 1936 futuros
1101 1915 1172 1936 esse.
1193 1907 1413 1935 Transl'ormabit
1427 1907 1499 1935 enim
1514 1915 1613 1942 corpus
1632 1907 1684 1934 hu-

897 1954 1019 1981 militatis
1031 1953 1345 1988 nostra,contiguratum
1358 1953 1465 1987 corpori
1475 1952 1606 1980 claritatis
1615 1960 1682 1980 sua}.

898 2000 1027 2027 Decuraus
1047 2007 1129 2035 porro
1156 2007 1296 2035 aquarum,
1323 1999 1430 2027 divinas
1457 2003 1538 2026 vocat
1562 1998 1685 2033 Scriptu-

896 2053 941 2074 ras
956 2055 962 2073 :
981 2047 1007 2073 in
1023 2046 1124 2081 quibus
1141 2046 1243 2080 passim
1264 2044 1404 2073 Christum
1421 2044 1540 2079 reperire
1559 2048 1601 2071 est
1616 2051 1686 2078 praes

896 2091 1026 2119 dicatum.
1042 2091 1118 2124 Quod
1135 2091 1252 2126 fructum
1274 2099 1351 2117 suum
1372 2091 1446 2117 dabit
1457 2091 1485 2117 in
1500 2095 1613 2126 tempore
1624 2099 1682 2118 sua.

897 2137 1023 2174 [Lignum
1037 2137 1099 2164 vita;
1115 2136 1252 2167 Christus,
1267 2137 1336 2163 rami
1359 2136 1486 2171 apostoli,
1500 2135 1605 2162 fructus
1620 2143 1684 2164 san-

896 2184 957 2220 guis
971 2188 998 2210 et
1009 2191 1079 2218 aqua
1096 2190 1129 2210 ex
1149 2183 1233 2209 latere
1250 2181 1356 2209 ﬂuens:
1373 2189 1490 2216 quorutn
1508 2181 1552 2208 ille
1573 2180 1682 2216 quidem

897 2230 923 2256 in
936 2229 1050 2256 formam
1070 2234 1098 2256 et
1116 2228 1269 2263 exemplum
1282 2228 1417 2263 martyrii,
1429 2227 1475 2254 illa
1488 2231 1578 2255 autem
1595 2226 1683 2261 bapti-

896 2276 1001 2303 smatis.
1023 2274 1098 2302 Folia
1119 2279 1182 2302 sunt
1196 2281 1350 2306 sermones;
1369 2273 1487 2300 fructum
1506 2273 1570 2308 ligni
1584 2272 1683 2300 intelli-

897 2329 945 2355 gas
960 2329 1020 2349 esse
1033 2326 1132 2348 rectam
1150 2321 1242 2353 tidem;
1258 2320 1322 2347 folia
1340 2321 1404 2347 item
1421 2320 1517 2354 ipsius,
1534 2322 1683 2353 praecepto-

68 2364 171 2400 Καρπδς
185 2366 233 2392 καὶ
252 2366 277 2392 ot
296 2365 451 2400 σωζόμενοι,
468 2365 531 2400 ῥίζα
546 2364 576 2391 τὸ
590 2364 746 2400 βάπτισμα·
759 2373 845 2401 γεωρ-

902 2376 957 2395 rum
978 2368 1213 2394 observationem:
1232 2366 1337 2394 fructus
1352 2366 1434 2393 etiam
1451 2369 1515 2392 sunt
1531 2365 1561 2395 ii.
1576 2364 1623 2398 qui
1638 2371 1683 2391 sa-

68 2410 110 2443 γὺς
122 2413 135 2438 6
150 2411 270 2448 Πατήρ.]
287 2413 318 2438 ’0
329 2414 382 2438 τὸν
398 2411 513 2445 καρπὸν
526 2411 619 2438 αὐτοῦ
633 2411 720 2438 δώσει
731 2411 766 2437 ἐν
782 2419 846 2438 και-

64 2454 214 2488 ρῷαὺτοῦ.
227 2457 341 2492 Καρπδν
361 2456 408 2483 τοῦ
434 2456 511 2488 ξύλου
535 2456 640 2492 νοήσεις
661 2456 710 2491 τὴν
733 2456 844 2482 πίει-τιν’

68 2501 146 2533 φύλλα
167 2502 195 2528 δὲ
217 2502 299 2529 αὺτοῦ
316 2501 364 2538 τὴν
380 2502 517 2538 πλήρωσιν
532 2501 587 2528 τῶν
604 2501 727 2528 ἐντολῶν.
744 2501 798 2528 Καὶ
813 2501 844 2527 τὸ

67 2547 177 2586 φύλλον
192 2549 285 2576 αὐτοῦ
299 2550 354 2575 οὐκ
367 2548 604 2583 ἀπορῤυήσεται,
627 2547 676 2574 οὐκ
701 2547 846 2574 ἀποπεσεῖ-

67 2601 117 2619 ται.
133 2594 185 2621 Kal
197 2595 296 2621 πάντα
307 2595 364 2622 ὅσα
375 2594 414 2622 ἂν
426 2593 496 2629 ποιῇ
510 2593 790 2627 κατευοδωθήσεται.
808 2593 845 2620 Οὑ

66 2639 116 2675 γάρ
129 2641 184 2668 ἐστι
199 2641 297 2676 πρᾶξις
308 2641 362 2668 τῶν
376 2642 446 2668 κατὰ
457 2641 522 2668 Θεὸν
532 2641 681 2675 γινομένων
693 2639 844 2675 ἀνωφελής.

67 2684 174 2722 [Καιρος
190 2687 238 2714 τοῦ
253 2687 349 2714 διδόναι
364 2689 381 2726 ή
398 2687 444 2714 τοὺ
463 2687 645 2723 λαμϐάνοντος
661 2686 846 2722 ἐπιτηδειότης

67 2731 157 2769 trtth

99 2779 147 2806 Διὰ
155 2780 245 2807 τοῦτο
258 2780 312 2806 οὐκ
321 2780 544 2815 ἀναστήσονται
559 2779 676 2812 ἀσεϐεῖς
689 2779 724 2806 ἐν
736 2779 842 2812 κρίσει.

68 2824 112 2851 Διά
124 2824 202 2852 τοῦτο
214 2825 276 2861 μὲν,
291 2826 332 2853 διὰ
343 2826 374 2852 τὸ
387 2826 424 2862 μὴ
434 2826 505 2862 ἔχειν
519 2825 605 2862 ῥίζαν,
619 2826 676 2853 ἀλλ’
686 2825 794 2861 ὁμοίους
806 2822 844 2851 εῖ-

896 2414 979 2440 lutem
1002 2417 1224 2447 consequuntur;
1250 2413 1344 2444 radix,
1368 2411 1519 2446 baptisma;
1544 2409 1682 2446 agricola.

895 2459 998 2495 Pater.]
1015 2458 1143 2486 Fructum
1162 2459 1226 2494 ligni
1242 2459 1376 2493 intelligas
1394 2463 1495 2484 rectam
1511 2456 1591 2484 ﬁdem
1612 2465 1618 2482 :
1641 2455 1684 2482 [ο-

895 2505 962 2533 lium
979 2511 1068 2532 autctn
1081 2505 1151 2540 ejus,
1168 2511 1209 2532 est
1223 2505 1300 2538 plena
1313 2504 1467 2532 observatio
1479 2503 1681 2530 mandatorum.

896 2549 931 2577 Et
948 2550 1041 2584 folium
1057 2549 1114 2584 ejus
1137 2558 1188 2576 non
1208 2549 1314 2584 tie/luet,
1329 2557 1383 2575 non
1401 2548 1518 2575 decidet.
1536 2546 1569 2574 Et
1595 2547 1682 2573 omnia

897 2605 1057 2632 quacunque
1073 2596 1151 2629 faciet
1166 2596 1398 2630 prosperabuntur.
1410 2593 1489 2621 Nulla
1504 2594 1576 2620 enim
1589 2599 1685 2619 secun-

896 2643 961 2670 dum
977 2642 1060 2669 Deum
1073 2642 1144 2669 actio
1159 2641 1276 2668 utilitate
1289 2644 1374 2668 caret.
1386 2639 1517 2676 [Tempus
1533 2638 1627 2669 dandi,
1640 2644 1684 2664 ao-

897 2689 1021 2724 cipientis
1033 2688 1220 2724 opportunitas
1232 2686 1295 2722 est.]

933 2778 958 2806 5.
979 2777 1042 2805 Ideo
1057 2787 1107 2804 non
1123 2782 1256 2813 resurgant
1277 2778 1351 2813 impii
1372 2778 1401 2803 in
1415 2775 1524 2809 iudicio.
1547 2771 1682 2800 Nimirum

898 2824 962 2860 quia
979 2831 1033 2852 non
1044 2824 1144 2853 habent
1166 2824 1296 2859 radicem,
1313 2823 1360 2852 sed
1380 2821 1483 2851 similes
1501 2823 1565 2849 sunt
1576 2816 1681 2853 pulveri

100 2882 120 2903 Ἃ
134 2882 229 2914 Matth.
245 2891 321 2918 um,
337 2885 363 2914 5.
391 2885 414 2902 ⁵⁸
429 2884 507 2914 Joan.
525 2893 572 2920 vn,
589 2886 632 2914 '57.
670 2885 693 2902 "
708 2884 788 2913 Prov.
805 2891 845 2918 tn,
864 2882 904 2910 l8.
