1938 3053
249 146 285 175 03
679 151 708 179 S.
729 150 913 180 ATHANASH
933 151 1008 180 OPP.
1030 151 1120 180 PARS
1138 151 1181 180 111.
1202 168 1236 174 -
1255 153 1462 182 EXEGETlCA.
1845 154 1880 182 ει

250 211 330 234 ten-8
345 214 362 234 a
378 209 467 237 ventis
480 209 592 245 agitato.
604 210 720 239 Ventum
736 217 826 239 autem
845 213 980 248 intelligas
994 212 1030 240 Dc

1094 222 1135 240 ναι
1151 213 1193 249 χοῖ
1211 215 1262 250 γῆς
1280 215 1332 242 ὑπὸ
1343 215 1443 251 ἀνέμου
1461 215 1643 251 ῥιπιζομένῳ·
1661 215 1760 251 ἄνεμον
1773 214 1802 242 δὲ
1815 216 1881 252 νοή-

250 253 502 289 comminationem,
519 264 573 292 qua
587 257 654 284 dicit
665 258 687 273 "
700 268 706 285 τ
718 257 850 286 Discedite
865 267 880 285 α
895 267 944 289 me.
957 260 1037 286 mnte-

250 298 326 331 dicti,
343 299 371 326 in
390 300 475 335 ignem
490 306 626 330 aeternum.
650 302 701 336 Qui
716 304 762 331 tali
782 304 874 332 audita
892 312 957 332 voce
977 305 1038 340 jure

250 343 385 377 decident,
404 354 459 373 non
474 348 546 375 enim
572 350 717 377 constitere
739 350 765 377 in
780 349 900 382 Christo,
913 350 960 386 qui
979 358 1039 378 cre-

249 387 372 416 dentium
397 390 514 420 l‘ulerum
532 398 573 421 est
592 402 624 421 ac
643 394 860 423 fundamentum.
873 394 940 422 Nam
956 395 1037 430 inju-

249 433 323 462 dicio
333 435 380 467 ait,
392 445 446 464 non
459 438 484 465 in
497 439 718 474 interrogatione.
730 440 763 468 In
774 441 884 468 concilio
890 441 1036 475 justorum,

249 481 298 508 ait.
308 480 375 510 Nam
386 485 617 521 separabitjustos
629 495 644 514 a
657 488 857 522 peccatoribus.

287 610 312 638 6.
323 612 453 644 Quoniam
461 616 529 642 norit
541 616 668 646 Dominus
677 620 991 655 riamjustarum.Novit,
1001 624 1036 652 ibi

250 657 368 689 positum
383 663 424 686 est
437 667 497 694 pro,
513 662 802 694 honorausccundum
814 667 838 695 id
852 669 924 703 quod
934 669 1036 698 dictum

250 710 264 728 a
281 701 334 730 Deo
348 709 389 732 est
400 706 433 733 ad
449 706 550 735 Mosem
562 709 585 725 ⁸⁸
599 719 605 737 :
622 709 691 737 Novi
706 716 730 738 te
745 721 801 747 pra:
817 701 948 747 omnibus,
960 717 1037 750 quasi

249 747 320 775 dicat
338 759 344 776 :
361 750 467 779 honoro
479 757 515 783 te,
540 759 567 782 et
588 755 715 784 invenisti
736 759 851 792 gratiam
874 767 965 788 coram
984 769 1036 790 me.

287 793 407 823 PSALM
413 796 456 825 US
474 798 505 826 ll
521 799 713 830 Davidi:caret
727 804 896 840 inscriptione
915 807 986 841 apud

577 847 713 877 Ηεῦηεοι.

544 892 743 928 Argumentum.

250 929 397 966 Postquam
411 934 436 960 in
449 935 537 969 primo
552 938 655 971 psalmo
668 938 786 968 Judaicte
797 943 884 975 gentis
901 943 1036 979 principes

284 978 393 1006 vocavit
409 979 519 1015 impios,
537 989 694 1017 peccatores
709 991 736 1013 et
755 988 928 1022 pestilentes;
941 990 967 1016 in
984 978 1036 1019 hoc

284 1022 383 1050 iterum
396 1032 490 1054 eorum
507 1034 590 1062 opera
604 1036 727 1059 recenset
738 1032 893 1067 huiusmodi
908 1043 974 1063 usus
987 1043 1036 1063 no—

283 1069 412 1117 minibus,
426 1071 493 1106 ipsis
513 1074 615 1108 optime
629 1079 853 1117 congruentibus.
871 1079 1035 1116 [Postquam

282 1114 400 1148 primum
413 1118 547 1151 psalmum
565 1128 613 1155 per
626 1122 773 1157 impiorum
789 1114 949 1154 memoriam
971 1136 1035 1156 con-

283 1161 421 1195 cluserat,
446 1168 604 1196 eorumdem
631 1172 770 1198 mentione
798 1174 949 1201 secundum
974 1175 1035 1204 iniit

283 1207 431 1242 psalmum,
449 1210 550 1239 docens
572 1220 654 1248 supra
681 1221 862 1245 memoratum
887 1218 1034 1254 impiorum

282 1251 364 1280 tinem
377 1261 435 1286 cas,
448 1257 495 1290 qui
507 1257 599 1286 furore
609 1259 636 1286 in
649 1260 818 1290 Salvatorem
830 1265 884 1292 acti
901 1251 975 1300 sunt,
987 1275 1035 1294 ex-

283 1301 451 1337 cepturum.]

284 1343 310 1371 ί.
322 1344 410 1377 Quare
426 1347 588 1381 fremuerunt
600 1356 698 1386 gentes,
713 1357 766 1381 etc.
788 1353 937 1384 Fremitum
955 1363 1035 1386 vocat

247 1388 354 1417 brutam
365 1391 543 1423 ferocitatem.
557 1395 624 1424 illud
632 1403 734 1432 autem,
745 1408 836 1435 quare,
852 1403 878 1428 in
894 1405 1032 1432 communi

246 1437 355 1472 dicitur,
375 1446 403 1467 ut
420 1441 586 1478 intelligatur
604 1446 705 1474 etiam:
725 1447 813 1480 Quare
832 1450 922 1484 populi
948 1453 1033 1479 medi-

248 1485 297 1511 tati
314 1492 376 1513 cunt
397 1488 512 1517 inania?
530 1490 563 1517 Et
581 1492 638 1526 qui,
656 1501 760 1528 quaeso,
776 1503 831 1523 non
855 1497 944 1526 inanis
967 1499 1034 1534 ipsis

246 1530 329 1559 fuerit
343 1533 499 1568 huiusmodi
523 1537 675 1573 meditatio,
693 1545 786 1576 utpote
800 1543 846 1578 qui
864 1530 1030 1574 Salvatorem

246 1579 354 1613 generis
366 1581 407 1608 sui
421 1589 475 1609 non
496 1585 672 1618 acceperint?

282 1624 370 1661 [ροσε.
387 1628 436 1661 ait,
451 1636 534 1657 causa
548 1632 616 1658 tanti
636 1633 702 1665 odii,
721 1638 751 1661 ut
767 1635 793 1662 in
813 1643 897 1663 unum
918 1645 1033 1666 concur-

245 1675 306 1698 rant
323 1676 417 1707 gentes
439 1678 467 1701 et
486 1676 598 1710 populi?
612 1676 679 1704 lllud
697 1679 782 1711 enim,
798 1681 972 1714 fremuerunt,
992 1683 1032 1710 si-

246 1716 366 1751 gniﬁcat,
382 1723 485 1746 tantum
497 1721 700 1755 superbierunt,
713 1724 784 1759 quod
797 1730 838 1752 est
851 1733 912 1753 cum
927 1731 1032 1756 tumere

244 1767 271 1790 et
285 1765 438 1799 arrogantia
452 1766 545 1794 turbas
559 1775 667 1795 movere
678 1774 704 1796 et
722 1770 891 1798 tumultuari.
904 1771 1032 1801 Transla-

244 1814 343 1844 tusque
356 1815 398 1838 est
409 1811 454 1839 hic
469 1812 596 1847 loquendi
610 1814 705 1841 modus
715 1823 730 1842 a
743 1815 824 1843 bruto
837 1824 968 1853 equorum
980 1819 1031 1846 im-

243 1860 318 1890 petu,
332 1856 436 1883 nullum
454 1857 579 1886 decorem
598 1865 734 1894 servante,
746 1862 818 1896 quod
829 1861 930 1892 Iudicis
943 1866 1031 1893 conti-

243 1900 281 1935 git
303 1901 435 1930 adversus
457 1903 597 1931 Christum
622 1904 838 1941 insurgentibus.
856 1907 922 1942 Quae
947 1918 1029 1939 causa

243 1950 284 1973 est
295 1947 366 1981 quod
377 1947 403 1974 in
422 1955 504 1975 unum
518 1955 785 1986 concurrantgentes
794 1957 821 1980 et
833 1954 946 1989 populi?
960 1955 1030 1984 forte

242 1992 324 2020 etiam
343 1993 478 2022 lsraelitas
492 2000 570 2022 vocat
586 2000 679 2031 gentes
695 2002 721 2024 et
733 1998 858 2033 populos,
876 1999 933 2027 sive
944 1999 1029 2028 Hero-

242 2037 303 2065 dem
319 2043 346 2065 et
359 2038 474 2068 Pilatum
495 2042 574 2077 quasi
596 2043 732 2076 ethnicos,
746 2043 856 2074 Judreos
872 2050 901 2073 ut
915 2048 1030 2082 populos

241 2085 398 2122 memorat.]

278 2132 438 2169 [Astiterunt
457 2143 527 2170 reges
543 2140 630 2164 terrae.
645 2136 683 2163 Ac
698 2136 720 2164 si
731 2137 843 2169 diceret,
857 2145 916 2166 sese
931 2145 1029 2174 suopte

242 2180 359 2206 consilio
385 2181 418 2208 ad
434 2181 460 2208 id
484 2182 583 2216 negoui
606 2183 779 2210 destinarunt
799 2190 886 2218 reges,
907 2183 1027 2214 Herodes

1092 268 1146 291 σεις
1163 260 1212 295 τὴν
1225 261 1337 297 ἀπειλὴν
1349 261 1395 288 τοῦ
1410 261 1476 288 Θεοῦ
1491 261 1538 298 τὴν
1550 261 1693 297 λέγουσαν·
1711 262 1881 296 Πορεύεσθε

1090 305 1140 331 ἀπ’
1166 305 1249 341 ἐμοῦ,
1281 308 1308 333 οι
1328 307 1533 342 κατηραμένοι,
1563 309 1605 340 εὶς
1626 307 1685 341 πῦρ
1704 307 1738 334 τό
1748 307 1879 334 αἰώνιον.

1089 353 1122 378 Ol
1145 352 1193 388 τὴν
1215 352 1298 388 αὐτὴν
1313 353 1479 386 ἀκούσαντες
1494 354 1584 390 φωνὴν
1599 354 1815 381 καταπεσώνται
1839 353 1880 380 δι-

1090 396 1190 429 καίωςο
1208 397 1238 424 οὗ
1262 398 1316 434 γὰρ
1338 399 1484 435 ἑστήκασιν
1511 400 1550 431 εἰς
1573 399 1740 436 Χριστὸν,ὂς
1759 400 1818 426 ἐστι
1834 408 1879 426 πι-

1091 443 1237 470 στευόντων
1254 445 1392 480 στήριγμα
1405 446 1451 472 καὶ
1470 445 1593 481 θεμέλιος
1602 455 1608 461 ·
1624 445 1654 472 τὺ
1667 445 1721 481 γὰρ
1734 446 1773 477 εὶς
1787 446 1879 482 κρίσιν

1089 489 1182 523 φησὶν,
1195 489 1244 515 οὐκ
1256 490 1296 519 είς
1309 490 1451 526 ἐρώτησιν.
1461 491 1512 517 Ἔν
1521 490 1558 525 τῇ
1573 490 1733 526 συναγωτῇ
1742 490 1877 523 δικαίων,

1089 534 1178 569 λέγει·
1193 535 1316 571 ἀφορίζει
1330 536 1385 572 γὰρ
1405 537 1467 568 τοὺς
1482 536 1601 568 δικαίους
1614 536 1668 563 ἀπὸ
1681 536 1735 562 τῶν
1749 536 1878 571 ἁμαρτω-

1089 578 1142 606 λῶν

1125 626 1184 651 ’Ότι
1199 625 1338 660 γινώσκει
1358 627 1464 660 Κύριος
1478 626 1549 653 ὁδὸν
1563 626 1696 653 δικαίων.
1714 625 1762 658 Τὸ,
1785 626 1878 660 τινώ-

1089 678 1166 701 σκει,
1179 670 1238 696 ἀντὶ
1252 670 1309 702 τοῦ.
1321 670 1399 706 τιμᾷ,
1413 671 1482 698 κατὰ
1494 671 1524 698 τὸ
1536 670 1678 706 εἰρημένον
1692 671 1745 698 ὑπὸ
1756 670 1824 697 Θεοῦ
1837 672 1878 702 είς

1088 715 1206 750 Μωσῆν·
1224 715 1364 743 Γινώσκω
1380 724 1417 743 σε
1432 717 1511 751 παρὰ
1527 715 1654 749 πάντας·
1670 716 1730 743 ἀντὶ
1744 716 1793 743 τοῦ
1805 717 1877 752 τιμιῖι

1089 769 1130 792 σε,
1146 761 1192 787 καὶ
1209 759 1285 797 εὗρες
1296 762 1375 797 χάριν
1391 763 1420 788 ὲν
1435 762 1505 797 ἐμοί.
1629 796 1633 801 Ι

1090 809 1245 835 ΨΛΛΜΟΣ
1260 808 1300 841 τῷ
1312 808 1402 836 Δαυῒδ
1423 808 1625 843 ἀνεπίγραφος
1639 809 1706 842 παρ’
1722 808 1875 842 Ἑϐραίοις.

1463 855 1504 882 B'.

1402 900 1563 933 Ύπόθεσις.

1092 945 1136 971 Ἐν
1159 945 1199 980 τῷ
1221 945 1322 981 πρώτῳ
1343 945 1444 982 ψαλμῷ
1465 945 1572 977 ἀσεϐεῖς
1588 954 1618 972 τε
1633 946 1681 973 καὶ
1698 945 1876 981 ἁμαρτωλοὺς

1121 991 1169 1018 καὶ
1186 991 1295 1026 λοιμοὺς
1309 993 1518 1028 ἀποφηνάμενος
1533 992 1595 1024 τοὺς
1606 991 1738 1027 ἄρχοντας
1752 992 1800 1018 τοῦ
1814 992 1876 1019 Ἰου-

1120 1036 1202 1063 δαίων
1216 1037 1319 1068 Εθνους,
1333 1038 1363 1064 ὲν
1376 1038 1463 1073 τούτῳ
1475 1037 1555 1064 πάλιν
1567 1037 1687 1064 δείκνυσι
1699 1038 1748 1069 τὰς
1759 1036 1876 1073 πράξεις

1121 1080 1165 1107 διὰ
1184 1080 1238 1107 τῶν
1257 1080 1384 1108 τοιούτων
1396 1082 1544 1116 ὀνομάτων,
1558 1078 1596 1108 ὧν
1610 1082 1736 1116 γεγόνασι
1754 1082 1875 1118 μέτοχοι.

1121 1126 1193 1162 [Μνή
1199 1134 1236 1162 μῃ
1250 1127 1304 1154 τῶν
1319 1127 1424 1155 ἀσεϐῶν
1436 1128 1611 1164 συμπεράνας
1625 1129 1669 1155 τὸν
1683 1128 1791 1164 πρῶτον
1807 1129 1876 1164 ψαλ-

1123 1174 1173 1208 μὸν
1183 1195 1189 1204 ,
1205 1174 1237 1200 ὲκ
1253 1174 1355 1209 ταύτης
1368 1174 1448 1201 πάλιν
1460 1174 1507 1201 τοῦ
1521 1174 1543 1210 β’
1555 1174 1604 1210 τὴν
1620 1173 1705 1210 ἀρχὴν
1715 1175 1873 1210 ἐποιήσατο,

1121 1218 1262 1252 διδάσκων,
1277 1220 1361 1246 ὅτιτὸ
1384 1221 1581 1255 προειρημένον
1597 1220 1650 1247 τῶν
1673 1219 1779 1246 ἀσεϐῶν
1796 1219 1875 1251 τέλος

1122 1268 1169 1294 καὶ
1182 1269 1245 1301 τοὺς
1259 1268 1330 1295 κατὰ
1341 1267 1388 1294 τοῦ
1406 1268 1531 1304 Σωτῆρος
1543 1267 1726 1303 λινττήσαντας
1745 1266 1874 1299 ὑποδέξε-

1119 1321 1173 1339 ται.

1119 1311 1218 1382 31:41:;
1231 1355 1384 1390 ἐφρύαξαν
1396 1355 1467 1389 ἔθνη
1479 1355 1528 1383 καί
1539 1355 1608 1382 λαοί
1623 1355 1811 1390 ἐμελέτησαν
1824 1363 1874 1382 u-

1082 1399 1140 1431 rd;
1153 1400 1287 1436 Φρύαγμα
1302 1401 1332 1427 τὸ
1338 1400 1433 1435 ἄλογον
1446 1401 1581 1436 φρόνημα.
1591 1400 1655 1427 Ἀπὸ
1665 1400 1754 1427 κοινοῦ
1769 1400 1810 1432 τὺ,
1822 1400 1874 1428 ira

1083 1446 1121 1479 tl,
1136 1447 1276 1473 τουτέστι·
1293 1447 1344 1474 Διὰ
1356 1447 1383 1474 τί
1396 1449 1422 1474 ot
1434 1447 1501 1474 λαοὶ
1513 1447 1699 1482 ἐμελέτησαν
1707 1447 1797 1479 md;
1809 1446 1872 1478 Πιῖκ

1083 1492 1136 1528 γὰρ
1152 1493 1181 1519 οὐ
1203 1493 1270 1519 κενὰ
1283 1493 1393 1527 γέγονεν
1408 1493 1500 1525 αὐτοῖς
1515 1494 1532 1528 ἡ
1548 1493 1644 1529 μελέτη
1661 1493 1698 1529 μὴ
1714 1493 1872 1528 δεξαμένοις

1083 1539 1128 1566 τὸν
1137 1539 1250 1575 Σωτῆρα
1262 1539 1308 1566 τοῦ
1321 1539 1430 1574 γένους;

1119 1637 1189 1674 [Τίς,
1205 1639 1321 1674 φησὶν,ὴ
1332 1638 1406 1665 αίτία
1417 1639 1543 1665 τοσούτου
1557 1638 1650 1674 μίσους
1664 1640 1703 1671 είς
1716 1639 1799 1666 ταυτδ
1811 1647 1871 1665 συν-

1081 1685 1194 1720 δραμεῖν
1218 1684 1280 1720 ἔθνη
1304 1685 1350 1711 καὶ
1368 1684 1466 1717 λαούς;
1486 1685 1522 1711 Τὸ
1543 1684 1608 1721 γὰρ,
1621 1684 1784 1719 ἐφρύαξαν,
1798 1685 1872 1712 κατὰ

1081 1731 1192 1757 τοσοῦτο
1217 1731 1484 1767 ὺπερηφανεύσαντο,
1500 1731 1626 1767 σημαίνει
1651 1732 1683 1758 τὸ
1709 1732 1766 1767 μετ’
1782 1731 1872 1768 £1149-

1082 1785 1151 1809 σεως
1169 1778 1215 1804 καὶ
1231 1777 1415 1813 μεγαλαυχίας
1429 1778 1501 1809 τινὸς
1517 1778 1697 1814 ταράσσεσθαι
1721 1778 1768 1805 καὶ
1789 1777 1871 1813 θορυ-

1081 1821 1195 1850 ϐεῖσθαι.
1204 1823 1371 1858 Μετενεχθὲν
1381 1823 1435 1850 ἀπὸ
1447 1824 1495 1859 τῆς
1505 1824 1603 1858 ἀλόγου
1614 1824 1668 1850 τῶν
1681 1824 1771 1851 ⁵ίιιιττων
1781 1824 1871 1860 ὁρμῆς

1080 1868 1124 1895 ἐπ’
1140 1869 1227 1895 οὐδενὶ
1240 1868 1295 1896 τῶν
1309 1869 1438 1895 δεόντωνο
1453 1869 1468 1895 ὃ
1483 1869 1581 1905 συνέὸη
1596 1871 1652 1901 τοῖς
1670 1869 1807 1901 Ἰουδαίοις
1821 1870 1870 1896 ἐπὶ

1080 1914 1208 1949 Χριστοῦ.
1224 1914 1256 1940 Τί
1270 1914 1299 1940 τὸ
1314 1914 1399 1941 αἴτιον
1415 1915 1454 1946 είς
1463 1915 1548 1942 ταυτὺ
1564 1915 1726 1951 συνδραμεῖν
1742 1915 1805 1951 ἔθνη
1821 1916 1870 1942 καὶ

1079 1957 1177 1991 λαούς;
1202 1958 1264 1985 Εἴτε
1290 1958 1344 1994 γὰρ
1367 1959 1430 1992 τοὺς
1453 1960 1621 1996 Ἰσραηλίτας
1646 1961 1712 1996 φησὶ
1736 1960 1799 1996 ἔθνη
1819 1962 1871 1988 καὶ

1079 2003 1169 2036 λαοὺς,
1185 2003 1240 2030 εῐτε
1255 2004 1318 2035 τοὺς
1331 2005 1395 2040 περὶ
1414 2004 1536 2040 Ἡρώδην
1554 2005 1601 2031 καὶ
1614 2005 1728 2032 Πιλᾶτον
1743 2005 1781 2038 ὡς
1797 2005 1870 2033 ww.

1079 2050 1154 2082 κους,
1169 2050 1217 2076 καὶ
1233 2050 1314 2082 λαοὺς
1328 2051 1390 2082 τοὺς
1412 2050 1576 2094 Ἰουδαίους.]

1115 2134 1326 2171 [Παρέστησαν
1345 2139 1372 2165 ol
1390 2137 1531 2172 βασιλεῖς
1549 2139 1605 2174 τῆς
1625 2139 1690 2175 γῆς.
1713 2139 1759 2174 Τδ,
1793 2147 1870 2176 παρ-

1078 2183 1223 2215 έστησαν,
1235 2183 1296 2209 ἀντὶ
1317 2183 1376 2217 τοῦ,
1402 2185 1515 2216 ἑαυτοὺς
1534 2185 1601 2221 πρὸς
1624 2185 1703 2212 τοῦτο
1723 2185 1869 2222 ἀφώρισαν

242 2232 339 2260 nempe
352 2230 378 2253 et
392 2226 508 2254 Pontius
519 2226 632 2256 Pilatus.
647 2227 686 2255 Ita
705 2229 793 2256 sancti
807 2229 921 2264 apestoli
934 2230 961 2257 in
975 2231 1029 2260 Ac-

1094 2228 1199 2260 ηασιλετς
1218 2229 1339 2265 Ἡρώδης
1367 2239 1396 2256 τε
1423 2231 1468 2257 καὶ
1494 2231 1604 2264 Πόντιος
1631 2232 1754 2264 Πιλᾶτος.
1771 2232 1868 2265 οὕτως

242 2271 315 2299 tibus
331 2273 498 2307 interpretati
514 2273 599 2310 sunt.]

275 2318 303 2345 2.
323 2317 354 2345 Et
370 2319 500 2354 principes
526 2324 698 2346 convenerunt
717 2320 744 2346 in
764 2328 855 2348 unum.
873 2319 1027 2356 Supradicti

240 2363 344 2391 scilicet
359 2364 468 2391 ordines
484 2374 491 2391 :
511 2365 607 2392 scribta
618 2365 758 2397 nimirum,
769 2365 897 2394 Pharimi
908 2372 934 2395 et
947 2368 1028 2403 legis-

239 2409 328 2443 periti.
340 2409 468 2436 Adversus
481 2410 620 2437 Dominum
634 2415 658 2437 et
676 2411 800 2438 adversus
816 2412 949 2440 Christum
958 2414 1024 2448 ejus.

239 2455 347 2482 Insidiae
359 2455 431 2482 enim
444 2456 470 2482 in
487 2456 625 2483 Christum
642 2462 751 2491 paratae,
767 2458 793 2484 in
811 2458 900 2492 ipsum
916 2467 1025 2495 quoque

238 2501 346 2529 Patrem
368 2507 486 2530 vertunt.
507 2501 575 2530 Nam
599 2503 621 2530 si
641 2502 720 2530 Pater
733 2503 759 2530 in
772 2503 840 2530 Filio
853 2510 880 2532 et
896 2504 981 2533 Filius
996 2506 1024 2533 in

238 2546 329 2580 Patre,
343 2549 482 2583 quomodo
495 2556 548 2576 non
565 2557 617 2576 una
631 2549 658 2576 in
671 2554 816 2584 utrumque
834 2554 952 2578 vertatur
962 2559 1024 2579 con-

239 2594 349 2621 tumelia
357 2594 370 2621 ἵ

1080 2274 1159 2301 καὶοὶ
1168 2275 1239 2309 ἆγιοι
1254 2276 1395 2303 ἀπόστολοι
1409 2279 1438 2304 ὲν
1454 2279 1513 2310 ταῖς
1522 2279 1655 2314 Πράξεσιν
1667 2279 1868 2316 ήρ’μήνευσαν.]

1117 2322 1172 2349 Καὶ
1187 2325 1214 2350 οἱ
1229 2323 1372 2358 ἄρχοντες
1390 2324 1591 2359 συνήχθησαν
1606 2327 1656 2353 ἐπὶ
1676 2326 1710 2353 τὸ
1726 2327 1810 2354 αὐτό.
1825 2326 1866 2354 Τὰ

1080 2368 1263 2404 προλεχθέντα
1274 2370 1412 2406 τάγματα·
1425 2373 1597 2407 γραμματεῖς
1611 2372 1658 2399 καὶ
1664 2373 1805 2408 Φαρισαῖοι
1818 2373 1868 2399 καὶ

1080 2416 1196 2451 νομικοί.
1208 2417 1289 2444 Κατὰ
1307 2416 1359 2444 τοῦ
1373 2419 1483 2452 Κυρίου
1502 2418 1551 2445 καί
1570 2419 1644 2446 κατὰ
1659 2419 1712 2446 τοῦ
1734 2420 1867 2454 Χριστοῦ

1078 2462 1221 2489 αὑτοῦ.Ἦ
1238 2462 1294 2499 γὰρ
1309 2464 1348 2495 εἰς
1359 2464 1405 2490 τὸν
1419 2464 1536 2498 Χριστὸν
1550 2465 1677 2501 ἐπιϐουλὴ
1692 2466 1740 2492 καὶ
1760 2467 1801 2498 είς
1815 2466 1866 2492 αὒ-

1076 2508 1121 2534 τὺν
1144 2509 1284 2545 ἀνατρέχει
1308 2509 1354 2537 τὸν
1380 2511 1499 2546 Πατέρα.
1515 2511 1546 2538 Εἰ
1559 2511 1613 2547 γὰρ
1627 2513 1641 2539 ό
1663 2511 1757 2548 Πατὴρ
1782 2513 1811 2539 ἐν
1824 2512 1866 2547 τῷ

1077 2553 1135 2589 Υἱῷ
1150 2555 1196 2580 καὶ
1206 2556 1221 2581 6
1236 2555 1298 2587 Υἱὸς
1313 2557 1342 2582 ὲν
1367 2557 1406 2592 τῷ
1428 2557 1526 2593 Πατρὶ,
1544 2557 1602 2589 πῶς
1615 2558 1645 2584 οὐ
1659 2558 1704 2585 καὶ
1725 2558 1774 2594 μία
1789 2559 1805 2594 ἡ
1823 2560 1864 2591 είς

1077 2599 1175 2632 αὐτοὺς
1190 2600 1267 2636 ὕϐρις
1279 2601 1375 2636 γένοιτ’
1391 2603 1440 2635 iv;

276 2651 376 2684 Adjicit
389 2651 485 2680 Daniel
502 2652 638 2680 Barbarus
655 2662 664 2680 :
681 2653 748 2681 Nam
763 2655 971 2690 praepositiones
981 2657 1052 2690 duae,
1066 2662 1094 2685 et
1116 2659 1223 2686 articuli
1250 2660 1315 2694 duo,
1342 2661 1411 2688 duas
1435 2669 1544 2698 quoque
1557 2670 1689 2698 personas
1705 2662 1839 2690 inducunt
1854 2673 1863 2690 :

238 2697 345 2726 Patrem
359 2700 502 2733 nimirum,
516 2706 542 2728 et
556 2701 665 2734 Filium,
678 2702 756 2736 juxta
771 2703 846 2735 illud,
863 2705 936 2740 quod
953 2713 968 2732 a
981 2704 1090 2734 Christo
1104 2706 1207 2734 dictum
1222 2712 1264 2736 est
1278 2709 1301 2725 "
1314 2717 1322 2736 :
1339 2708 1391 2742 Qui
1408 2718 1447 2737 me
1465 2697 1565 2746 recipit,
1585 2712 1675 2746 recipit
1685 2719 1745 2738 eum
1760 2712 1806 2747 qui
1825 2721 1866 2738 me

238 2747 330 2779 misit;
342 2752 367 2775 et
381 2749 425 2784 qui
441 2757 480 2776 me
492 2750 601 2784 spernit,
617 2750 707 2777 ambos
721 2752 831 2786 spernit.

275 2863 297 2879 "
314 2863 406 2893 Matth.
419 2873 480 2899 μιν,
498 2865 542 2893 41.
581 2866 602 2882 ⁵⁸
616 2866 701 2895 Exod.
718 2874 802 2901 uxtt,
820 2866 862 2894 12.
899 2866 921 2883 ¹⁹
933 2863 999 2894 Luc.
1016 2874 1043 2900 ι,
1060 2866 1101 2895 l6.
