1938 3053
81 142 112 170 05

638 141 815 169 EXPOSITIO
837 140 870 169 IN
889 140 1055 170 PSALMUM
1076 141 1107 169 ll.

1648 146 1685 175 66

109 199 303 234 Δωρῤήξωμεν
330 200 399 233 τοὺς
423 200 552 236 δεσμοὺς
574 203 680 229 αὐτῶν.
695 202 788 228 Λείπει
804 201 835 228 τὸ

932 201 959 228 5.
974 201 1163 236 Dirumpamus
1175 203 1279 229 vincula
1296 211 1397 230 eorum.
1412 202 1492 230 Deest
1502 203 1577 235 illud,
1594 204 1684 232 dicen-

78 243 220 279 λέγοντες·
235 244 278 270 ἴνα
330 245 346 280 ή
362 244 464 272 διάνοια
486 245 554 282 αὕτη
568 255 575 261 ·
588 246 761 282 Συνήχθησαν
776 246 846 273 κατὰ

78 289 118 315 τοῦ
132 288 226 324 Κυρίου
247 290 293 315 καὶ
315 289 385 316 κατὰ
400 289 446 316 τοῦ
462 291 580 326 Χριστοῦ
597 291 689 323 αὐτοῦ,
702 290 824 324 λέγοντες
837 298 845 306 ο

77 334 255 371 Διιρρήξωμεν
270 334 332 366 τοὺς
345 335 460 370 δεσμοὺς
475 335 574 362 αὐτῶν.
587 336 687 372 Οὑξγὰρ
699 336 792 372 ήϐελον
809 336 847 362 el-

78 389 110 407 σω
122 381 166 416 τῆς
181 381 253 416 ἱερᾶς
268 380 393 415 γενέσθαι
408 382 538 416 σαγήνης,
552 382 614 417 περὶ
626 380 660 418 ἦς
673 382 843 417 γέγραπται·

82 427 168 460 Ὁμοία
186 426 269 452 ἐστίν
291 426 310 460 ἠ
326 426 471 458 ,βασιλεία
493 426 552 453 τῶν
566 427 701 461 οὐρανῶν
714 427 843 462 σαγήνῃ.

75 473 123 498 Καὶ
136 473 340 507 ἀπορῤίψωμεν
351 473 401 507 ἀφ’
413 473 499 507 ἡμῶν
508 473 562 500 τὸν
572 473 659 508 ζυγὸν
669 473 778 501 αὐτῶν.
790 474 844 509 Τὴν

75 517 200 554 βαρύτητα
217 517 263 544 τοῦ
284 518 378 553 νόμου,
394 519 458 554 περὶ
471 515 501 545 οὗ
515 519 608 554 εἴρηκε
619 527 626 534 ·
645 519 670 545 '0
688 521 742 553 τὰρ
759 519 845 553 ζυγός

71 574 123 599 μου
133 565 266 599 χρηστὸς,
283 565 331 591 καὶ
352 564 385 591 τὸ
401 565 523 599 φορτίον
533 573 592 600 μου
605 565 737 600 ἐλαφρόν
748 565 842 593 ἐστιν.

102 620 166 658 [Τὸν
176 620 262 656 ζυγὸν
273 621 383 649 αὐτῶν·
402 623 418 657 ή
440 622 494 656 γὰρ
515 622 555 654 εἰς
574 621 619 648 τὸν
641 622 757 657 Χριστὸν
785 622 844 648 ἐπι-

72 667 144 702 ϐουλὴ
154 667 198 694 καὶ
211 669 251 698 είς
265 667 346 694 αὑτὸν
359 667 503 703 ἀνατρέχει
519 667 565 693 τὸν
576 666 695 698 Πατέρα.
712 667 743 693 Et
761 666 816 702 γὰρ
829 667 843 693 6

72 712 154 748 Πατὴρ
167 714 195 739 ὲν
210 713 248 748 τῷ
266 713 331 748 Υίῷ,
345 714 391 740 καὶ
406 713 420 740 ὁ
434 713 495 745 Υἱδς
512 713 540 741 ἐν
555 713 595 748 τῷ
607 714 704 749 Πατρὶ,
721 713 780 745 πῶς
793 714 843 740 οὑκ

72 759 99 785 ἂν
114 760 158 794 μία
170 767 210 791 τις
223 759 266 795 εἴη
283 760 300 795 ἡ
311 760 351 791 είς
365 759 462 791 αὐτοὺς
476 759 584 795 ὕῦριςς]

107 815 129 841 '0
146 814 290 842 κατοικῶν
305 816 340 842 ἐν
351 815 490 849 οὐρανοῖς
508 815 701 850 ἐκγελάσεται
719 816 839 848 αὐτούς.

898 251 952 280 tes;
969 252 997 274 ut
1018 247 1075 274 haec
1091 248 1125 274 sit
1140 248 1273 274 sententia
1288 258 1294 275 :
1312 253 1497 275 convenerunt
1513 253 1607 275 contra
1629 248 1683 275 Do-

896 294 1000 320 minum
1015 298 1042 321 et
1056 299 1151 321 contra
1169 294 1319 327 Christum,
1333 294 1454 322 dicentes
1468 303 1476 322 :
1491 294 1683 329 Dirumpamus

895 340 1003 366 vincula
1025 347 1131 366 eorum.
1148 339 1300 367 Noluerunt
1319 341 1392 368 enim
1415 341 1485 368 intra
1503 349 1608 369 sacram
1622 349 1683 369 esse

895 392 1034 419 sagenam,
1050 386 1084 413 de
1104 393 1157 420 qua
1181 386 1311 420 scriptum
1331 392 1390 414 est:
1405 386 1498 414 Simile
1516 393 1554 414 est
1575 396 1682 423 regnum

895 430 1019 469 caurum
1044 439 1146 466 sageme
1158 432 1191 458 ‘°.
1216 431 1251 458 Et
1269 433 1441 468 proﬁciamus
1459 443 1475 460 a
1492 434 1567 461 nobis
1587 435 1681 470 jugum

894 477 1022 511 ipsorum.
1038 477 1202 505 Gravitatem
1225 478 1302 513 legis,
1317 479 1350 506 de
1371 488 1425 514 qua
1449 481 1518 507 dixit
1529 480 1549 495 “
1561 489 1568 507 :
1582 480 1681 516 Jugum

893 524 963 550 enim
979 532 1064 551 meum
1077 532 1156 552 sitave
1172 530 1221 558 est,
1237 530 1261 552 et
1275 534 1340 553 onus
1353 535 1437 554 meant
1455 527 1518 555 leue.

930 620 1040 657 [Iugum
1061 622 1189 657 ipsorum.
1204 623 1273 651 Nam
1297 625 1404 653 insidia:
1426 631 1519 654 contra
1540 626 1680 654 Christum

893 668 927 695 ad
947 668 1034 703 ipsum
1059 675 1204 698 recurrunt
1226 670 1345 700 Patrem.
1371 671 1398 699 Si
1423 681 1541 708 namque
1555 673 1636 701 Pater
1652 675 1679 701 in

892 713 971 747 Filio,
991 719 1018 742 et
1032 714 1117 743 Filius
1132 716 1158 743 in
1179 716 1258 744 Patre
1275 722 1326 750 est,
1339 719 1475 753 quomodo
1488 727 1542 747 non
1559 727 1612 746 una
1624 719 1681 747 lue-

891 759 927 786 rit
939 760 974 787 iis
991 760 1064 787 illata
1077 763 1242 789 contumelia
1251 761 1278 799 ‘2]

924 815 952 842 4.
970 815 1022 848 Qui
1044 816 1147 844 habitat
1173 819 1202 845 in
1222 819 1293 846 caelis
1316 820 1435 847 irridebit
1456 829 1508 847 eos.
1537 820 1678 856 Tanquam

76 861 113 894 Ὠς
122 862 216 897 ἀνόητα
227 861 456 897 βουλευσαμένους
466 870 472 877 ·
489 862 503 888 6
524 861 578 897 γὰρ
592 862 637 887 ὑπ’
649 861 738 888 αὐτῶν
753 870 835 897 προσ-

891 862 973 889 stulta
1001 864 1175 892 consulentes
1196 875 1202 892 :
1220 865 1267 900 qui
1287 866 1359 893 enim
1385 867 1418 894 ab
1436 867 1489 895 illis
1501 868 1623 895 conﬁxus
1637 871 1678 895 est

69 907 178 941 ηλωθεὶς,
190 907 237 934 καὶ
252 907 358 943 θανάτῳ
373 907 544 943 παραδοθεὶς,
559 908 587 934 ὲν
607 907 730 943 οὐρανοῖς
743 907 780 933 ὢν
793 908 840 934 καὶ

69 954 98 980 τὰ
109 953 189 980 πάντα
200 953 345 989 περιέχων,
356 953 437 985 κενὰς
448 953 538 980 αὐτῶν
553 953 599 980 καὶ
613 953 728 988 ματαίας
740 953 841 980 δείκνυ-

69 1007 91 1025 σι
104 999 148 1030 τὰς
160 999 265 1035 βουλάς.
281 999 336 1025 Kal
348 1000 362 1025 6
373 999 468 1025 τούτου
482 999 509 1025 δὲ
521 999 614 1034 Πατὴρ
630 1000 676 1025 καὶ
689 999 742 1025 τῶν
753 999 839 1026 ἁπάνς

68 1053 113 1071 των
134 1045 268 1081 Δεσπότης
291 1045 341 1081 τὴν
363 1045 442 1078 ἀξίαν
463 1044 545 1071 αὑτοῦ
563 1044 736 1080 εἰσπράξεται
750 1045 836 1080 δίκην.

67 1089 114 1116 Καὶ
138 1091 154 1117 ὀ
176 1091 285 1124 Κύριος
307 1090 499 1125 ὲκμυκττιριεῐ
519 1091 638 1123 αὐτούς.
653 1090 839 1123 Ἐξουδενώσει

66 1137 112 1172 γὰρ
122 1137 224 1169 αὐτοὺς,
241 1137 321 1171 φησι,
337 1136 382 1163 καὶ
401 1137 510 1171 μισήσει
529 1137 575 1163 καὶ
589 1136 837 1172 ἀποστραφήσεται.

95 1181 313 1218 [Καταγελάσεμ
328 1182 388 1209 ἀντὶ
401 1181 459 1213 τοῦ,
480 1183 588 1218 μισήσει
603 1182 650 1208 καὶ
664 1182 839 1218 ἀποστραφή-

65 1236 139 1256 σεται.
147 1229 213 1255 Ἀλλ’
224 1230 237 1256 6
249 1229 305 1255 τῶν
318 1227 555 1261 ἐπιϐουλευόντων,
567 1229 659 1263 φησὶν,
675 1228 839 1263 ὑψηλότερος

64 1275 241 1309 καταγελάσει,
260 1276 320 1310 ἦτοι
347 1274 453 1309 γέλωτα
478 1274 527 1310 τὴν
555 1274 665 1301 ἐκείνων
692 1275 838 1310 ἐπιόουλὴν

63 1321 192 1355 ἀποφανεῖ,
206 1321 244 1353 ὡς
267 1321 390 1357 ἀνοήτοις
406 1321 624 1357 ἐπιχειρούντων.
640 1322 694 1348 Kal
709 1322 762 1357 γὰρ
786 1330 837 1356 μυ-

63 1367 199 1402 κτηρισμός
214 1368 275 1393 ἐστι
291 1368 397 1403 πνεῦμα
406 1368 450 1394 διὰ
465 1367 544 1403 ῥινῶν
555 1368 701 1402 ἀφιέμενον
715 1369 754 1400 είς
766 1368 838 1401 ἐξου-

62 1411 160 1438 δένωςιν
170 1412 223 1439 τῶν
237 1412 343 1447 μεγάλα
356 1412 575 1448 φρυαττομένων.
592 1413 646 1438 Kal
657 1412 687 1438 τὸ
702 1413 771 1448 μετὰ
782 1412 836 1439 τῶν

62 1459 202 1493 προθέσεων
227 1460 255 1486 δὲ
279 1459 366 1486 ταῦτα
388 1459 512 1495 εἰρῆσθαι
535 1458 761 1494 ὲπιτατικώτερον
781 1459 837 1495 ἔχει

61 1507 99 1532 τὶν
114 1507 223 1540 γέλωτα.
237 1506 295 1533 Kal
310 1506 341 1532 οὐ
357 1506 446 1541 μόνον,
462 1506 537 1541 φησὶ,
550 1504 639 1537 τοῦτο,
653 1505 720 1531 ἀλλὰ
733 1505 779 1531 καὶ
791 1506 837 1541 όρ-

61 1553 105 1588 γῆς
117 1552 347 1589 πειραθήσονται]

93 1610 155 1636 Τότε
166 1609 297 1642 λαλήσει
313 1608 388 1643 πρὸς
400 1608 510 1640 αὐτοὺς
519 1608 554 1634 ὲν
567 1607 640 1643 ὀργῆ
650 1607 833 1640 αὐτοῦ.Τότε,

62 1654 159 1689 rami]
181 1655 225 1681 ὅτε
251 1654 344 1688 ελεγον
357 1662 364 1669 ·
390 1653 596 1688 Διαρῤήξωμεν
618 1653 689 1685 τοὺς
705 1652 835 1687 δεσμοὺς

61 1699 164 1732 αὺτᾶη·;
176 1700 208 1726 Τί
217 1700 246 1726 δέ
260 1699 362 1726 ἐστιτὰ
375 1701 403 1726 ὲν
417 1700 484 1735 ὀργῇ
498 1699 562 1734 παρ’
574 1698 655 1725 αὑτοῦ
668 1698 832 1734 λαληθέντας

40 1751 44 1755 ·
61 1746 128 1781 ἢτό·
151 1745 222 1773 Οὐαί
237 1745 319 1780 ὑμῖν,
333 1745 510 1780 γραμματεῖς
536 1745 583 1771 καὶ
600 1744 753 1778 Φαρισαῖοι
765 1752 771 1758 ·
788 1745 834 1771 καὶ

60 1791 100 1817 τό.
116 1792 281 1827 Ἁρθήσεται
291 1792 341 1826 ἀφ’
356 1791 440 1826 ὑμῶν
452 1792 471 1825 ἡ
480 1791 640 1823 βασιλεία·
658 1791 703 1817 καὶ
717 1790 762 1817 τό·
779 1791 833 1818 Καὶ

59 1837 121 1872 ὑμῖν
137 1838 202 1865 οὐαί
219 1838 284 1870 τοῖς
294 1837 436 1872 νομικοῖς.

89 1882 211 1920 [Στρατιὰ
225 1884 281 1920 γὰρ
300 1884 397 1914 αὐτοὺς
417 1883 556 1918 Ῥωμαῖκὴ
581 1881 831 1918 ἐξηνδραποδίσατο.

58 1930 173 1965 Διαφέρει
187 1930 215 1957 δὲ
231 1930 317 1966 θυμὸς
329 1930 423 1964 ὀργῆς,
434 1926 478 1964 ’τῷ
499 1928 583 1964 θυμὸν
600 1929 647 1963 μὲν
664 1927 733 1955 εἶναι
748 1929 832 1964 ὀργὴν

58 1976 273 2011 ἁναθυμιωμένην
285 1975 332 2001 καὶ
345 1974 385 2001 ἐτι
399 1973 589 2009 ἐκκαιομένην,
603 1974 686 2010 ὀργὴν
702 1974 730 2000 δὲ
744 1974 831 2009 ὄρεξιν

57 2022 258 2058 ἀντιλυπήσεως.
268 2021 453 2056 Ἀτελέστερος
472 2018 517 2047 οὖν
540 2020 588 2055 τῆς
609 2020 694 2055 ὀργῆς
708 2021 722 2046 6
737 2019 830 2055 θυμὸς,

57 2067 218 2103 amttam:
232 2076 264 2094 τε
279 2069 296 2102 ὴ
314 2067 392 2102 ὀργή.
409 2067 463 2093 Kal
477 2065 604 2093 τοιούτων
622 2066 650 2093 δὲ
672 2066 725 2092 τῶν
741 2066 830 2102 ῥημά-

57 2121 103 2141 των
122 2114 168 2150 τὴν
187 2113 336 2150 ἑρμηνείαν
354 2113 471 2140 διδάσκει
489 2113 520 2140 τὸ
535 2113 611 2144 τέλος
627 2111 680 2139 τῶν
695 2112 831 2148 πραγμά-

58 2168 112 2186 των.
124 2161 240 2196 Στρατιὰ
253 2159 309 2195 γὰρ
321 2160 411 2191 αὐτοῖς
427 2160 559 2186 ἐπιστᾶσα
579 2158 718 2194 Ῥωμαῖκὴ
734 2159 784 2194 τήν
792 2164 829 2185 ’τε

58 2206 124 2232 πόλιν
143 2206 277 2243 ἐπόρθησε
299 2207 345 2233 καὶ
367 2206 500 2241 ἐνέπρησε
513 2205 558 2231 τὸν
575 2204 652 2237 νεὼν,
672 2205 719 2231 καὶ
741 2204 829 2231 αὐτῶν

57 2251 112 2282 τοὺς
127 2252 172 2287 μὲν
187 2252 330 2284 πλείστους
343 2251 448 2286 θανάτῳ
465 2251 642 2286 παρέπεμψε·
659 2252 722 2282 τοὺς
736 2251 763 2277 δὲ
780 2251 829 2286 τὴν

59 2297 152 2332 σεξαγὴν
164 2296 332 2331 ἐκφυγόντας
354 2295 609 2331 έξανδραποδίσασα,
632 2295 737 2331 δουλείᾳ
760 2304 829 2331 παρ-

58 2341 322 2376 έδωκεν.Ἐπιστῆσαι
341 2341 370 2367 δὲ
391 2341 522 2376 προσήκει
538 2341 581 2366 τὸν
604 2340 707 2372 πιστὸν,
720 2341 757 2371 ὡς
782 2340 829 2366 δύο

57 2386 195 2423 προσώπων
213 2387 312 2422 ἐφεξῆς
327 2387 469 2422 μέμνηται,
483 2386 528 2412 καὶ
541 2385 646 2421 πρῶτον
662 2386 710 2421 μὲν
725 2386 827 2422 Κυρίου

56 2433 96 2459 τοῦ
109 2434 222 2470 Χριστοῦ
232 2444 239 2450 ·
259 2435 338 2461 Κατὰ
350 2434 404 2461 τοῦ
419 2434 527 2468 Κυρίου
541 2434 605 2470 γὰρ,
622 2434 683 2470 ἔφη,
694 2434 742 2460 καί
754 2435 828 2461 κατὰ

55 2479 102 2506 τοῦ
116 2480 240 2513 Χριστοῦ
255 2479 360 2507 αὐτοῦ’
383 2477 442 2506 εἶτα
458 2479 646 2511 κατοικοῦντος
661 2481 688 2506 ὲν
704 2480 828 2515 οὐρανοῖς

54 2525 96 2551 καὶ
109 2526 220 2562 Κυρίου·
238 2527 266 2552 '0
277 2526 421 2554 κατοικῶν
434 2527 469 2552 ἐν·
483 2525 620 2559 οὐρανοῖς
634 2525 827 2560 ἐκτελάσεται

53 2571 163 2605 αὐτοὺς,
188 2572 238 2599 καὶ
259 2573 276 2599 ό
297 2573 403 2606 Κύριος
426 2571 615 2607 ἑκμυκτηβιεῖ
639 2573 762 2604 αὐτούς·
781 2573 827 2598 καὶ

54 2615 122 2649 αὖθις
139 2618 165 2644 δὲ
178 2619 208 2644 τὸ
220 2618 287 2645 αὐτὸ
300 2619 440 2654 διετήρησε
458 2618 572 2654 σχῆμα]

89 2704 153 2738 Ἐγὼ
172 2705 205 2731 δὲ
226 2705 411 2740 κατεστάθην
428 2706 576 2738 ,βασιλεὺς
600 2707 650 2732 ὑπ’
661 2707 753 2734 αὑτοῦ
776 2707 824 2734 ἐπὶ

53 2749 179 2782 Σιίῖιν.Ὠς
190 2751 386 2786 ἀποὸληθέντος
406 2751 452 2778 τοῦ
465 2751 493 2783 ἐξ
510 2751 616 2787 Ἰσραὴλ
631 2751 705 2786 λαοῦ,
721 2753 770 2787 τὴν
786 2754 826 2784 είς

80 2831 100 2846 ⁶⁶
111 2831 204 2861 Matth.
216 2839 281 2866 xm,
296 2831 338 2859 Π.

849 1551 872 1583 C

845 2221 867 2248 D

890 911 917 934 et
930 908 1010 935 morti
1026 909 1152 943 traditus,
1166 918 1228 938 cum
1250 911 1277 938 in
1297 912 1374 940 cmlis
1394 913 1430 940 sit
1443 918 1470 940 et
1483 913 1574 940 omnia
1591 913 1678 941 conti-

889 958 961 987 neat,
975 962 1044 982 vana
1060 955 1207 991 inaniaque
1219 957 1340 985 declarat
1354 965 1448 985 eorum
1463 959 1589 986 consilia.
1601 959 1678 995 Ejus-

889 1007 942 1033 qne
953 999 1041 1034 Pater,
1057 1002 1234 1036 omniumque
1246 1003 1387 1036 Dominus,
1399 1004 1494 1039 dignas
1511 1005 1623 1040 hujusce
1638 1009 1676 1034 rei

889 1051 1019 1079 cxposcet
1035 1054 1139 1081 pmnas.
1151 1047 1185 1074 Et
1199 1048 1326 1076 Dominus
1341 1050 1514 1076 subsannabit
1527 1058 1579 1078 eos.
1593 1051 1675 1084 Quasi

889 1091 1004 1118 nihilum
1020 1092 1160 1134 despiciet,
1178 1093 1241 1121 odio
1254 1094 1372 1128 habebit,
1387 1095 1568 1123 aversabitur.

925 1179 1073 1215 [lrridebit,
1087 1190 1119 1210 ac
1131 1182 1154 1209 si
1165 1182 1276 1214 diceret,
1288 1183 1352 1211 odio
1360 1184 1480 1216 habebit,
1495 1186 1674 1214 aversabitur.

889 1226 942 1253 Sed
958 1227 1003 1261 qui
1021 1228 1239 1262 insidiatoribus,
1254 1229 1353 1264 inquit,
1368 1231 1501 1258 excelsior
1514 1236 1566 1265 est,
1581 1232 1676 1259 irride—

889 1271 929 1299 bit
945 1280 1003 1305 eos,
1019 1274 1076 1301 sive
1093 1274 1148 1302 risu
1167 1275 1264 1310 dignas
1277 1283 1373 1303 eorum
1390 1277 1504 1305 insidias
1517 1278 1674 1312 declarabit,

888 1320 981 1350 utpote
994 1319 1040 1352 qui
1057 1318 1140 1345 stulto
1157 1320 1266 1353 negotio
1289 1328 1400 1348 manum
1414 1321 1594 1350 admoverint.
1607 1323 1675 1351 Nam

888 1361 1065 1390 subsannatio
1079 1369 1120 1391 est
1134 1363 1215 1392 ﬂatus
1230 1372 1277 1399 per
1294 1373 1374 1393 nares
1389 1367 1518 1400 emissus,
1533 1368 1566 1395 ad
1578 1369 1674 1403 despe-

887 1411 960 1434 clunt
983 1416 1078 1436 eorum
1092 1410 1138 1444 qui
1160 1410 1297 1445 ingentem
1321 1411 1458 1439 fremitum
1483 1414 1577 1440 edunt.
1597 1413 1674 1447 Quod

887 1457 978 1479 autem
1000 1455 1152 1488 praepositis
1176 1456 1364 1490 superioribus
1385 1457 1443 1484 hare
1463 1457 1602 1491 dicantur,
1616 1466 1674 1485 am-

888 1498 1000 1532 pliorem
1014 1500 1133 1534 praebent
1149 1501 1220 1528 risus
1242 1503 1394 1529 materiam.
1411 1502 1504 1538 Neque
1523 1503 1551 1530 id
1571 1505 1674 1531 solum-

887 1544 976 1575 modo,
992 1544 1089 1580 inquit,
1105 1546 1151 1573 sed
1164 1547 1231 1573 iram
1243 1548 1379 1581 experturi
1393 1547 1479 1584 sunt.]

921 1603 946 1630 5.
961 1602 1033 1628 Tunc
1051 1602 1171 1638 loquetur
1187 1603 1222 1629 ad
1239 1612 1281 1631 eos
1301 1605 1328 1631 in
1341 1606 1382 1632 ira
1398 1614 1457 1632 sua.
1471 1606 1565 1642 Tunc;
1586 1616 1674 1643 quan-

885 1649 995 1680 donam,
1016 1649 1067 1676 nisi
1082 1657 1143 1676 cum
1162 1650 1294 1682 dicerent,
1311 1650 1499 1686 Dirumpamus
1512 1654 1616 1681 vincula
1630 1663 1674 1681 eo-

885 1695 965 1721 rum?
986 1695 1054 1727 Quid
1079 1700 1169 1722 autem
1195 1700 1236 1722 est
1258 1697 1330 1730 quod
1355 1697 1381 1724 in
1396 1697 1435 1725 ira
1458 1706 1507 1726 sua
1528 1700 1673 1734 l0quetur'!

884 1738 951 1767 lllud
969 1749 976 1766 :
995 1739 1038 1767 Va:
1051 1741 1132 1772 vobis,
1149 1742 1242 1769 scribae
1257 1747 1280 1768 et
1300 1742 1479 1778 Pliariswi";
1496 1750 1523 1772 et
1539 1745 1603 1772 illud
1617 1756 1623 1772 :
1638 1746 1671 1773 Et

884 1785 955 1813 vobis
966 1794 1067 1821 quoque
1083 1787 1251 1821 legisperitis,
1267 1796 1304 1815 va:
1322 1789 1354 1816 ⁸³.

920 1885 997 1921 [Nam
1015 1885 1154 1915 Romanus
1167 1889 1304 1916 exercitus
1317 1889 1342 1916 in
1356 1890 1539 1925 captivitatem
1553 1892 1613 1919 illos
1625 1893 1670 1920 ab-

882 1930 969 1958 duxit.
983 1930 1071 1958 Furor
1085 1936 1175 1960 antem
1187 1933 1268 1960 abira
1279 1933 1378 1967 diﬂ‘ert,
1392 1936 1463 1970 quod
1478 1935 1554 1964 furor
1568 1938 1604 1964 sit
1615 1938 1670 1966 νει-

883 1981 912 2003 υι
936 1976 974 2003 ira
988 1973 1121 2004 ebulliens
1136 1983 1162 2004 et
1185 1978 1275 2005 adhuc
1297 1986 1428 2013 accensa;
1445 1981 1484 2008 ira
1503 1985 1605 2015 autem,
1622 1991 1669 2018 ap-

881 2023 980 2057 petitus
994 2023 1126 2051 vindictm.
1140 2023 1326 2059 lmperl‘ectior
1338 2025 1428 2061 itaque
1443 2026 1520 2055 furor
1534 2034 1575 2056 est
1587 2037 1668 2065 quam

881 2067 941 2095 ira:
958 2072 1052 2102 estque
1073 2068 1112 2095 ira
1134 2076 1182 2096 ceu
1199 2070 1440 2105 complementum.
1463 2071 1668 2109 Verborumque

881 2113 1037 2147 bujusmodi
1057 2114 1309 2149 interpretationem
1325 2116 1413 2150 palam
1430 2117 1496 2145 facit
1507 2119 1548 2146 vel
1558 2119 1615 2154 ipse
1627 2129 1668 2148 re-

882 2166 941 2185 rum
961 2159 1058 2186 exitus.
1081 2158 1222 2188 Exercitus
1242 2168 1360 2196 namque
1383 2162 1566 2191 Romanorum
1593 2166 1667 2200 ipsos

881 2203 1012 2231 invadens
1033 2205 1127 2232 urbem
1150 2206 1275 2239 vastavit,
1290 2211 1371 2242 atque
1392 2209 1521 2243 templum
1536 2210 1665 2245 incendit,

881 2253 908 2275 et
929 2257 1053 2284 magnam
1077 2255 1179 2285 partem
1196 2252 1318 2286 ipsorum
1338 2253 1526 2283 internecione
1547 2256 1664 2290 delevit;

881 2295 941 2322 illos
954 2300 1044 2322 autem
1062 2296 1109 2331 qui
1125 2301 1239 2324 mortem
1255 2297 1417 2333 eﬂ‘ugerunt,
1434 2306 1526 2335 captos
1541 2305 1664 2331 servituti

880 2340 1001 2368 tradidit.
1030 2341 1234 2370 Animadvertat
1254 2344 1335 2372 velim
1363 2346 1480 2381 quisque
1503 2347 1544 2375 vir
1567 2348 1664 2382 ﬁdelis,

880 2387 951 2422 quod
963 2388 1162 2422 quasiduarum
1173 2397 1351 2424 personarum
1362 2393 1526 2421 mentionem
1539 2395 1665 2431 deinceps

879 2431 978 2466 faciat;
1003 2435 1091 2469 primo
1112 2436 1221 2470 quidem
1245 2436 1352 2464 Domini
1377 2438 1497 2474 Christi;
1518 2441 1663 2476 siquidem,

881 2479 1003 2506 adversus
1014 2479 1163 2513 Dominum,
1175 2481 1303 2516 inquit,et
1314 2484 1439 2511 adversus
1449 2485 1580 2513 Clu-istum
1589 2489 1664 2522 ejus;

881 2525 978 2552 deinde
998 2534 1072 2558 vero,
1087 2527 1146 2562 ejus
1170 2528 1215 2562 qui
1236 2528 1340 2556 habitat
1356 2531 1381 2557 in
1397 2532 1473 2559 caelis
1489 2538 1515 2559 et
1532 2532 1664 2562 Dominus

878 2575 936 2597 est:
953 2570 1004 2602 Qui
1021 2572 1122 2598 habitat
1138 2573 1164 2599 in
1185 2573 1256 2600 caelia
1279 2575 1400 2602 irridebit
1415 2585 1459 2604 eos
1470 2599 1477 2609 ,
1494 2583 1518 2604 et
1535 2578 1662 2607 Dominus

877 2616 1048 2642 aubsannabit
1064 2625 1124 2649 eos;
1137 2625 1169 2645 ac
1181 2627 1289 2646 rursum
1307 2621 1401 2648 eodem
1417 2623 1497 2650 modo
1510 2625 1620 2652 assidue
1634 2630 1662 2652 et

877 2666 1076 2695 consequenter
1093 2663 1236 2700 proccdit.]

911 2705 937 2732 6.
961 2706 1016 2741 Ego
1033 2711 1119 2734 autem
1135 2711 1295 2738 constitutus
1318 2719 1364 2738 rex
1382 2712 1414 2740 ab
1436 2721 1465 2740 eo
1484 2721 1561 2749 super
1583 2713 1658 2742 Sion.

878 2750 1017 2786 Tanquam
1038 2755 1182 2788 reprobato
1203 2756 1352 2786 Israelitico
1370 2759 1481 2796 populo,
1497 2761 1575 2788 ﬁdem
1598 2767 1661 2796 qua:

389 2833 411 2849 “
426 2831 519 2861 Matth.
533 2839 571 2866 ιι,
589 2832 632 2860 47.
673 2833 694 2848 ⁶¹
710 2830 803 2858 Matth.
824 2840 902 2865 unt,
918 2832 959 2860 l5.
999 2832 1020 2849 "
1034 2832 1099 2862 Luc.
1118 2842 1154 2867 xi,
1170 2833 1216 2862 ιϐ.
