1938 3053
238 143 272 175 _67
659 139 689 168 S.
710 137 894 166 ATIIANASII
915 136 990 165 OPP.
1011 136 1102 164 PARS
1124 136 1168 164 III.
1189 151 1222 156 —
1242 136 1451 164 EXEGETICA.
1839 141 1874 170 σε

239 201 311 237 apud
327 205 421 237 gentes
440 200 530 228 futura
542 204 611 233 erat,
625 203 746 228 enarrat.
765 199 831 226 Sion
846 205 920 232 vero,
933 197 1024 225 Eccle—

1093 197 1109 224 ὰ
1132 197 1196 231 ἔθνη
1218 196 1368 231 γενομένην
1392 196 1474 228 αὐτὸς
1497 197 1588 224 πίστιν
1617 199 1709 231 attat;
1725 200 1872 236 διηγεῖται-

239 249 308 275 siam
325 247 469 282 signiﬁcat.

275 292 416 328 [Dominus
429 291 497 318 dixit
512 290 546 316 ad
561 297 610 321 me,
629 289 717 316 Filius
730 297 812 321 meus,
824 294 890 319 etc..
904 297 935 316 ac
952 289 976 316 si
987 289 1030 316 di-

239 344 322 370 ceret,
333 338 392 373 Ipsa
408 346 451 364 me
467 336 557 364 Patris
570 341 666 363 natura
680 335 777 362 Filium
793 335 958 362 declaravit:
973 343 1028 362 non

238 385 317 419 jussu
337 385 454 420 quodam
478 385 504 411 id
525 383 693 419 perﬁciente;
710 382 757 409 sed
777 382 896 409 essentia
911 382 969 416 ipsa
985 390 1029 408 me

239 431 354 465 ﬁguram
371 430 530 457 substantia:
546 428 634 455 Patris
649 435 709 454 esse
723 432 965 454 commonstrante.
979 427 1031 461 Ap-

240 476 327 510 posite
347 475 466 506 additur,
481 483 517 505 es,
534 473 605 508 quod
626 473 828 508 generationem
850 477 913 499 ante
930 471 1029 499 saecula

240 521 380 548 declarat:
397 526 454 548 erat
476 521 547 546 enim
573 526 680 554 semper
700 518 797 545 Filius.
812 518 921 552 Adjecit
939 523 1029 546 autem

240 566 319 598 illud,
331 566 408 592 hodie
420 566 496 600 genui
505 570 538 592 te.
548 568 577 591 ut
590 564 794 598 generationem
807 563 957 591 secundum
970 572 1031 591 car-
1054 576 1057 579 -

240 619 303 639 nem
320 615 547 639 commonstraret
561 619 567 637 :
583 609 648 637 illud
666 610 752 641 enim,
765 609 854 642 hodie,
867 614 974 645 tempus
988 610 1031 637 in-

240 657 331 685 dicat:
344 666 428 692 quare
441 665 490 692 pro
502 656 645 691 temporali
658 656 833 691 generatione
845 656 964 690 positum
977 661 1029 683 est.

240 702 446 738 Consequenter
470 703 534 730 item
557 709 606 737 pro
631 701 751 728 humana
771 701 947 735 generatione
961 702 1028 736 adji-

239 749 349 776 ciuntur
366 749 450 780 istaec,
467 750 544 784 genui
565 753 599 775 te.
615 747 664 774 Hic
689 747 766 778 mihi,
789 755 892 782 qumso,
907 747 1030 775 animad-

238 800 339 826 vertas.
350 803 404 830 quo
415 799 493 829 pacto
504 794 705 828 generationem
717 793 849 829 unigeniti
862 792 964 821 Christi
977 794 1030 822 sibi

238 841 377 876 propriam
395 841 475 868 Pater
491 840 597 876 faciat.]

1081 243 1150 269 Σιὼν
1162 243 1190 269 δὲ
1201 242 1250 278 τὴν
1268 242 1430 277 Ἐκκλησίαν
1444 242 1527 278 δηλοῖ.
1653 261 1655 267 ν

1117 289 1237 325 [Κύριος
1253 288 1319 316 εἶπε
1335 289 1410 323 πρὸς
1426 289 1473 324 μὲ,
1496 292 1561 324 Υἱός
1580 300 1650 325 μου,
1666 293 1713 319 καὶ
1736 293 1771 320 τὰ
1789 293 1854 329 ἑξῆς
1865 303 1872 310 ·

1079 336 1140 362 ἀντὶ
1154 336 1210 368 τοῦ,
1220 336 1391 371 Ἀπεφήνατό
1410 345 1442 371 με
1459 338 1475 372 ἡ
1499 337 1545 363 τοῦ
1570 338 1677 373 [ἰατρὸς
1693 339 1774 373 φύσις
1788 340 1854 367 Υῑόν
1864 349 1873 356 ⁸

1079 383 1109 408 οὺ
1133 382 1346 417 προστάγματος
1372 383 1587 418 ὲνεργήσαντος·
1612 384 1680 410 ἀλλὰ
1705 385 1755 420 τῆς
1778 387 1874 418 οὐσίας

1079 428 1261 462 ὰποδειξάσης
1274 428 1323 462 ἐμὲ
1339 428 1500 463 χαρακτῆρα
1515 428 1566 463 τῆς
1577 429 1623 455 τοῦ
1637 431 1743 465 nam;
1754 431 1874 458 ὑποστά-

1081 481 1157 504 σεως.
1177 473 1273 504 Καλῶς
1289 474 1342 508 γὰρ
1357 467 1516 508 πρόσκεῖται
1532 474 1572 507 et,
1585 473 1620 507 εἴ,
1635 475 1683 511 τὴν
1700 476 1753 511 πρὸ
1767 465 1874 504 αἶώνων

1079 520 1175 556 δηλοῦν
1196 520 1337 555 γέννησιν·
1352 519 1386 556 ἦν
1407 520 1461 556 γὰρ
1482 521 1525 547 ἀεὶ
1546 521 1778 558 Υἱός·.“Επήνεγκε
1791 524 1821 550 δὲ
1833 525 1873 558 τὸ,

1080 565 1212 600 σήμερον
1229 566 1394 600 γεγέννηκά
1406 574 1452 598 σε,
1468 566 1512 593 ἵνα
1525 567 1574 602 τὴν
1587 568 1655 594 κατὰ
1671 569 1760 604 σάρκα
1775 570 1874 605 γέννηι-

1081 620 1122 637 σιν
1136 611 1225 647 δείξῃ·
1241 612 1272 638 τὸ
1286 612 1350 647 γὰρ,
1365 612 1507 646 σήμερον,
1521 614 1615 649 χρόνου
1630 615 1701 640 ἐστί’
1716 615 1757 642 διὸ
1773 617 1822 643 καὶ
1834 617 1876 643 τέ-

1079 657 1166 684 Θειται
1191 659 1255 693 περὶ
1273 658 1320 693 τῆς
1336 659 1464 694 χρονικῆς
1485 661 1646 695 γεννήσεως.
1656 661 1825 698 Ἀκολούθως
1845 663 1874 689 δὲ

1078 703 1118 739 τῷ
1144 704 1306 740 ἀνθρωπίνῳ
1329 704 1375 730 καὶ
1398 705 1432 731 τὰ
1456 706 1623 741 ἐπαγόμενα,
1641 707 1809 742 γεγέννηκά
1825 717 1882 739 σε.,

1081 750 1152 785 Ὅρα
1167 750 1223 782 πῶς
1241 750 1289 786 τὴν
1303 751 1373 778 κατὰ
1385 751 1475 787 σάρκα
1485 752 1609 786 γέννησιν
1622 753 1770 781 οικειοῦται
1785 756 1800 781 ὁ
1818 755 1877 782 Ilua

1078 797 1130 832 τὴρ
1144 796 1190 823 τοῦ
1211 797 1372 832 μονογενοῦς
1385 797 1431 824 τοῦ
1447 798 1588 835 Χριστοῦ.]

275 885 309 913 Et
327 887 514 921 possessivum:
531 891 601 912 tuam
619 885 742 912 terminos
758 890 847 919 terrm,
862 895 933 921 reges
946 895 988 914 eos
1001 887 1026 914 in

1116 886 1170 912 Καὶ
1193 885 1249 920 τὴν
1266 887 1452 922 κατάσχεσίν
1471 897 1530 916 σου
1550 889 1585 916 τὰ
1602 889 1714 924 πέρατα
1732 890 1787 925 τῆς
1805 890 1873 926 τῆς,

239 932 311 966 virga
329 932 424 966 ferrea.
443 931 469 958 Id
486 936 528 958 est
543 932 569 958 in
582 939 673 962 cruce,
692 931 770 966 cujus
786 932 897 958 materia
913 932 1026 967 lignum,

239 976 317 1011 cujus
332 976 418 1003 virtus
434 975 544 1002 ferrum.
557 973 638 1002 Juxta
649 976 794 1011 quosdam,
807 974 962 1004 Romanum
975 978 1027 1005 im-

239 1022 343 1056 perium
360 1020 505 1057 signiﬁcat.

1080 933 1234 966 ποιμανεῖς
1248 934 1359 967 αὐτοὺς
1383 935 1418 961 ἐν
1434 935 1534 968 ῥάϐδῳ
1549 935 1668 970 σιδηρᾷ.
1682 937 1827 964 Τουτέστιν
1844 938 1874 964 ὲν

1079 977 1118 1012 τῷ
1135 978 1242 1014 σταυρῷ
1254 988 1260 994 ·
1278 980 1294 1014 ἠ
1311 980 1359 1014 μὲν
1384 980 1438 1016 γὰρ
1462 980 1511 1016 ὕλη
1526 981 1615 1014 ξύλου,
1631 983 1647 1017 ἡ
1661 981 1689 1008 δὲ
1707 983 1784 1017 ἰσχὺς
1799 982 1876 1018 σιδη-

1081 1032 1138 1058 ρου.
1154 1024 1232 1056 Τινὲς
1249 1024 1276 1051 δὲ
1294 1025 1342 1059 τὴν
1356 1025 1409 1052 τῶν
1429 1027 1571 1062 Ῥωμαίων
1586 1027 1673 1063 ἀρχὴν
1688 1027 1826 1063 δηλοῦσιν.

275 1079 372 1113 Adjicit
396 1077 466 1104 Dan.
484 1077 619 1104 Barbarus
634 1077 778 1104 :Conterit
802 1077 901 1112 ﬁgulus
925 1085 982 1110 vas,
998 1078 1071 1114 quod
1086 1087 1101 1106 e
1117 1080 1242 1108 manibus
1259 1081 1352 1108 cadit:
1369 1090 1423 1109 non
1443 1083 1537 1111 delens
1559 1083 1606 1111 sed
1623 1083 1780 1112 reformans
1796 1094 1802 1111 :
1817 1092 1874 1112 non

238 1124 311 1151 aliud
326 1124 423 1154 lutum,
440 1131 521 1158 quam
539 1128 627 1154 vetus,
646 1131 744 1158 aquam
765 1127 870 1150 tantum
888 1124 1003 1157 addens,
1019 1125 1090 1160 quod
1106 1130 1130 1151 et
1150 1125 1278 1153 Christus
1295 1126 1366 1154 fecit.

275 1170 318 1197 I0.
336 1169 370 1196 Et
386 1177 554 1204 nunc,reges,
569 1169 720 1204 intelligite.
737 1170 765 1197 Id
779 1174 831 1202 est,
849 1169 1030 1203 considerate,

240 1215 273 1242 ad
290 1215 476 1250 pmnitentiam
501 1215 702 1242 convertimini.
723 1214 886 1246 Erudimini,
898 1215 943 1249 qui
953 1215 1030 1249 judi--

240 1262 306 1288 catis
321 1265 427 1288 terram.
443 1260 494 1287 Per
506 1260 582 1291 illud,
593 1260 745 1290 erudimiai.
756 1259 908 1294 profectum
920 1260 1024 1295 signiti-

239 1312 299 1339 cat;
312 1315 359 1342 per
377 1306 443 1333 illud
457 1311 559 1338 autem,
572 1305 764 1340 Apprclmndite
775 1305 955 1340 disciplinam,
969 1314 1030 1341 per-

240 1353 397 1380 fectionem.

1117 1171 1172 1198 Καὶ
1194 1172 1261 1205 νῦν,
1277 1173 1427 1206 βασιλεῖς,
1452 1174 1569 1200 σύνετε.
1585 1173 1723 1206 Τουτέστι,
1742 1175 1873 1210 νοήσατε,

1080 1217 1148 1253 πρὸς
1174 1218 1319 1253 μετάνοιαν
1336 1220 1530 1255 ἐπιστράφητε.
1552 1220 1741 1254 Παιδεύθητε,
1759 1221 1874 1256 πάντες

1079 1265 1106 1289 οὶ
1121 1264 1277 1297 κρίνοντες
1300 1264 1357 1299 τὴν
1379 1265 1447 1300 γῆν.
1465 1265 1519 1301 Τὴν
1534 1266 1582 1301 μὲν
1596 1267 1737 1302 προκοπὴν
1751 1267 1797 1294 διὰ
1812 1268 1874 1300 τοῦ.

1079 1309 1259 1343 παιὸεὐθητε
1276 1312 1407 1348 παριστᾷ,
1423 1311 1472 1346 τὴν
1486 1311 1514 1338 δὲ
1526 1311 1664 1338 τελείωσιν
1673 1311 1718 1339 διὰ
1728 1313 1787 1345 τοῦ,
1801 1313 1875 1348 Δρό-

1079 1354 1174 1386 ξασθε
1186 1357 1333 1390 παιδείας.

277 1399 345 1425 Dan.
366 1397 502 1424 Barbarus
516 1406 524 1425 :
543 1397 580 1424 De
595 1398 636 1424 ria
647 1398 734 1432 justa,
753 1405 767 1425 a
781 1405 834 1432 qua
846 1397 893 1432 qui
907 1398 1038 1434 aberrant
1052 1401 1154 1430 cadunt
1166 1411 1180 1430 a
1195 1404 1236 1430 via
1247 1405 1332 1439 justa.

276 1444 319 1471 12.
335 1443 525 1478 Appreltenditc
546 1443 726 1478 disciplinam.
748 1443 939 1478 Evangelieam
953 1444 1028 1471 vide-

238 1490 323 1517 licet:
337 1490 370 1516 Et
391 1498 423 1516 ne
441 1489 553 1524 pereatis
576 1489 607 1516 de
626 1490 667 1516 via
682 1489 768 1524 justo.
786 1489 853 1524 Ejus
864 1489 968 1517 scilicet
981 1489 1028 1525 qui

239 1536 306 1563 dixit
319 1535 358 1558 “3
375 1534 429 1570 Ego
441 1543 498 1562 sum
515 1536 566 1562 via.

240 1580 410 1609 I’SALJIUS
423 1581 508 1608 David
520 1582 624 1616 quando
638 1581 752 1616 fugiebat
765 1590 780 1607 a
793 1581 861 1616 {acie
876 1581 1028 1609 Abessalon:
1043 1610 1063 1637 ϐ

538 1628 588 1662 ﬁlii
602 1628 653 1654 sui.
668 1627 728 1654 III.

534 1673 733 1708 Argumentum.

239 1719 381 1754 Proposita
397 1718 496 1754 psalmi
512 1717 652 1752 inscriptio
669 1718 705 1744 ita
727 1717 816 1744 habet.
835 1717 902 1744 Nam
922 1718 973 1745 hoc
988 1723 1030 1746 est

275 1765 346 1800 quod
367 1764 488 1799 psalmus
511 1764 646 1796 enuntiat,
660 1763 732 1797 quod
759 1763 863 1790 scilicet
884 1771 899 1790 a
916 1762 1030 1791 Iudaico

275 1811 376 1846 populo
391 1814 503 1837 vexetur
519 1809 712 1844 prophetarum
726 1809 838 1836 chorus.
856 1808 940 1836 David
955 1810 1027 1836 enim

273 1857 409 1892 signiﬁcat
423 1856 601 1887 desideratus;
619 1855 692 1890 quod
711 1863 804 1883 revera
819 1856 948 1891 competit
965 1863 1029 1891 pro-

275 1904 417 1938 phetarum
435 1902 529 1929 choro.
548 1900 625 1928 Sicut
644 1909 709 1936 ergo
723 1901 882 1929 Abessalom
903 1903 1029 1929 rebellio-

276 1957 336 1976 nem
351 1949 470 1976 excitare
482 1949 600 1975 tentabat
615 1947 747 1975 adversus
760 1952 863 1982 patrem
875 1956 966 1981 suum,
980 1956 1028 1975 seu

277 1994 424 2027 Davidem;
441 1995 478 2021 ita
498 1999 525 2021 et
541 1993 627 2021 Judaei
651 1999 745 2021 contra
764 1999 856 2029 patres
881 2002 946 2021 suos
963 2002 1028 2029 pro-

275 2040 371 2075 phetas
386 2040 605 2072 insurrexerunt,
619 2047 673 2067 non
698 2039 871 2066 admittentes
885 2039 932 2066 Dei
949 2048 1028 2066 man-

276 2085 350 2119 data,
371 2085 426 2112 imo
439 2093 503 2112 vero
518 2086 683 2113 obsistentes
701 2085 765 2112 illis.

277 2189 395 2222 Domine,
415 2189 478 2224 quid
499 2187 668 2222 multiplicati
681 2187 798 2222 suntqui
814 2187 942 2214 tribulam
965 2195 1005 2214 me
1016 2189 1029 2215 7

238 2235 306 2263 Illud
320 2235 384 2270 quid
398 2243 446 2270 pro
462 2235 621 2262 relumenter
637 2233 757 2268 positum
770 2238 822 2260 est.

1117 1449 1270 1482 Δρὰξασθε
1291 1450 1437 1483 παιδείας.
1453 1451 1509 1485 Τῆς
1534 1450 1715 1486 εὺαηελικῆς
1737 1451 1873 1486 δηλονότι.

1081 1494 1137 1520 Καὶ
1162 1495 1321 1523 ἀπολεῖσθε
1343 1495 1377 1528 ἐξ
1395 1496 1466 1523 ὀδοῦ
1485 1497 1611 1530 δικαίας.
1627 1496 1680 1523 Τοῦ
1707 1498 1872 1533 ειρηκότος’

1089 1540 1158 1574 Ἐγώ
1171 1541 1228 1574 εἰμι
1244 1541 1263 1575 ἠ
1281 1541 1360 1575 ὁδός.

1085 1586 1239 1612 ΨΑΛΜΟΣ
1253 1586 1293 1619 τῷ
1307 1587 1396 1621 Anyto
1407 1588 1496 1614 ὁπότε
1508 1588 1728 1622 ἀπεδίδρασκεν
1740 1590 1800 1617 ἀπὸ
1815 1590 1873 1619 τοῦ

1216 1631 1403 1667 Ἁϐεσσαλὼμ
1423 1633 1474 1660 τοῦ
1490 1634 1556 1660 υιοῦ
1571 1634 1675 1661 αὐτοῦ.
1692 1636 1734 1661 Γ’.

1395 1679 1558 1713 Ύπόθεσις.

1086 1723 1116 1749 Ἦ
1126 1723 1172 1750 τοῦ
1184 1724 1290 1760 ψαλμοῦ
1303 1725 1472 1760 προκειμένη
1482 1725 1622 1761 ἐπιγραφὴ
1635 1726 1758 1762 περιέχει
1771 1727 1871 1760 οὕτως.

1114 1769 1199 1797 Τοῦτο
1212 1771 1266 1806 γάρ
1288 1773 1360 1798 ἐστιν
1373 1771 1387 1797 ὃ
1401 1771 1472 1805 λέγει
1486 1773 1500 1797 ὁ
1512 1771 1627 1807 ψαλμὺς,
1651 1772 1746 1808 ὅτιπερ
1762 1774 1777 1800 ό
1789 1773 1870 1809 χορὸς

1112 1816 1167 1843 τῶν
1188 1817 1335 1853 προφητῶν
1351 1817 1478 1844 διώκεται
1504 1818 1556 1844 ὑπὸ
1581 1818 1627 1845 τοῦ
1652 1818 1717 1845 λαοῦ
1730 1819 1784 1845 τῶν
1805 1820 1872 1846 Ἰου-

1115 1862 1205 1890 δαίων.
1223 1863 1304 1889 Δαυῗδ
1318 1863 1372 1898 γὰρ
1389 1864 1569 1900 ἑρμηνεύεται
1583 1865 1770 1900 πεποθημένος
1780 1874 1786 1880 ·
1799 1866 1870 1901 ὅπερ

1113 1909 1187 1935 ἐστὶν
1204 1909 1218 1935 ὁ
1232 1910 1311 1945 χορὸς
1326 1910 1379 1936 τῶν
1398 1911 1664 1947 προφητῶν.Ὤο-περ
1680 1910 1727 1938 οὖν
1741 1913 1755 1938 ὁ
1775 1912 1871 1939 Ἀϐεσ-

1115 1954 1211 1990 σα).ὼμ
1225 1955 1369 1991 ἀνταρσίαν
1383 1956 1500 1991 διεζήτει
1517 1957 1587 1984 κατὰ
1606 1958 1652 1984 τοῦ
1670 1957 1734 1984 ἰδίου
1749 1957 1869 1993 Πατρὺς,

1114 2001 1237 2027 τουτέστι
1253 2001 1301 2028 τοῦ
1322 2002 1412 2033 Δαυῒδ,
1436 2002 1506 2029 οὕτω
1527 2003 1574 2030 καὶ
1595 2004 1620 2030 οἱ
1641 2004 1760 2031 Ἰουδαῖοι
1786 2006 1872 2031 ἐπαν-

1115 2046 1232 2081 έστησαν
1249 2047 1320 2074 κατὰ
1338 2048 1390 2074 τῶν
1413 2048 1538 2084 πατέρων
1551 2050 1639 2075 αὐτῶν
1654 2050 1811 2085 προφητῶν,
1832 2051 1871 2087 μὴ

1114 2092 1252 2128 δεχόμενοι
1276 2093 1311 2120 τὰ
1332 2095 1530 2130 προστάγματα
1544 2095 1591 2122 τοῦ
1611 2096 1688 2130 Θεοῦ,
1716 2097 1784 2123 ἀλλὰ
1804 2098 1872 2124 ἀνο-

1114 2139 1250 2174 ιστάμενοι
1265 2141 1368 2172 αὐτοῖς.

1113 2185 1212 2218 Κύριε,
1235 2185 1264 2211 τι
1285 2186 1524 2220 ἐπληθύνθησαν
1539 2188 1566 2213 οἱ
1582 2187 1735 2220 θλίϐοντές
1747 2196 1801 2222 με;
1820 2189 1869 2221 Τὸ,

1078 2229 1117 2262 τί,
1132 2230 1193 2256 ἀντὶ
1204 2231 1250 2256 τοῦ
1266 2231 1384 2265 σφόδρα
1397 2233 1494 2258 κεῖται.

272 2283 299 2310 5.
318 2282 378 2308 Non
392 2286 430 2308 est
446 2281 519 2307 salus
544 2280 595 2314 ipsi
615 2280 644 2305 in
663 2279 718 2305 Deo
738 2279 805 2312 ejus.
822 2277 905 2311 Deus,
925 2279 1024 2313 inquit,

1115 2277 1175 2303 Οὐκ
1188 2276 1253 2304 ἔστι
1267 2278 1399 2312 σωτηρία
1413 2278 1493 2311 αὐτῷ
1502 2279 1537 2306 ἐν
1552 2279 1612 2313 Θεῷ
1630 2281 1733 2308 αὑτοῦ.
1750 2282 1778 2307 Ὀ
1789 2281 1863 2313 Θεὸς

237 2329 306 2363 ejus,
319 2336 373 2356 non
388 2327 492 2355 salvum
510 2326 590 2353 faciet
602 2333 675 2352 eunt.
690 2324 828 2360 Siquidem
841 2325 867 2351 in
883 2330 1026 2360 peccatum

236 2375 296 2410 ejus
309 2379 414 2402 tantum
432 2373 503 2408 quod
519 2376 689 2407 perpetraret
709 2371 898 2404 intuebantur,
912 2372 1026 2407 ejusque

236 2420 425 2456 paenitentiam
441 2418 612 2453 ignorabant.
626 2417 684 2445 Hoc
700 2422 790 2444 autem
806 2417 946 2452 propalam
962 2417 1026 2445 facit

237 2467 270 2493 de
283 2465 383 2492 Davide
393 2465 495 2492 dictum
508 2463 643 2498 psalmum
657 2462 752 2490 fuisse.
768 2461 835 2489 Illud
850 2463 922 2490 enim
937 2463 1025 2490 insur-

235 2519 309 2546 gere,
324 2511 433 2545 proprie
452 2510 553 2537 dicitur
567 2509 600 2536 de
615 2510 648 2536 iis
667 2509 714 2544 qui
732 2513 810 2536 antea
825 2516 840 2535 e
851 2508 1023 2536 subditorum

233 2562 312 2585 erant
330 2557 496 2590 conditione,
514 2555 561 2584 sed
578 2561 672 2591 postea
686 2555 787 2583 bellum
803 2555 969 2582 excitarunt.

267 2649 293 2676 ι.
313 2648 368 2684 (Η)
385 2647 423 2674 Tu
435 2651 532 2680 autem,
550 2647 670 2680 Domine,
683 2651 817 2681 susceptor
827 2655 898 2673 meus
912 2654 949 2678 es,
966 2644 1023 2680 glo-

232 2703 273 2721 ria
290 2703 356 2721 mea.
377 2694 446 2728 Quia
468 2694 569 2722 dictum
593 2694 649 2728 jam
674 2698 731 2725 est,
747 2693 820 2720 hunc
835 2693 968 2727 psalmum
989 2699 1021 2719 ex

233 2748 349 2775 persona
361 2739 468 2767 Domini
492 2738 674 2774 pronuntiari,
684 2738 740 2773 jam
753 2737 897 2765 dicendum
909 2742 950 2765 est
963 2737 1022 2772 ejus

272 2799 294 2814 “
310 2797 391 2826 Joan.
409 2805 466 2830 χεν,
483 2797 508 2824 6.

266 2857 322 2890 (Η)
340 2856 400 2885 Ηως
411 2862 465 2884 non
478 2860 542 2883 sunt
561 2855 712 2890 Athanasii,
728 2855 774 2883 sed
790 2855 904 2892 Didymi.

1078 2323 1170 2358 φησὶν,
1195 2324 1275 2350 αὑτοῦ
1297 2324 1326 2350 οὐ
1349 2324 1430 2351 σώσει
1455 2326 1554 2352 αὐτόν·
1572 2327 1612 2358 εἰς
1635 2327 1689 2362 γὰρ
1711 2328 1795 2363 μόνην
1818 2327 1868 2362 τὴν

1077 2368 1214 2403 ἁμαρτίαν
1229 2368 1341 2395 ἔϐλεπον
1364 2370 1397 2404 ἦν
1418 2371 1589 2406 ἐπεποιήκει,
1606 2372 1766 2406 ἀγνοοῦντες
1783 2373 1870 2399 αἰδτηῦ

1075 2414 1124 2448 τὴν
1141 2415 1292 2449 μετάνοιαν.
1307 2416 1391 2442 Τοῦτο
1412 2417 1441 2443 δὲ
1463 2418 1649 2454 φανερώτερον
1670 2417 1804 2445 δείκνυσιν
1821 2420 1871 2446 ἐπὶ

1075 2460 1122 2486 τοῦ
1137 2461 1217 2487 Δαυῖδ
1232 2461 1358 2495 λέγεσθαι
1374 2462 1418 2489 τὸν
1430 2463 1585 2498 ψαλμόν.Τὸ
1599 2464 1652 2500 γὰρ
1669 2465 1870 2491 ἐπανίστασθαι

1076 2506 1178 2541 κυρίως
1203 2507 1310 2541 λέγεται
1335 2509 1382 2534 ἐπὶ
1404 2508 1459 2535 τῶν
1481 2509 1611 2545 πρότερον
1633 2510 1681 2546 μὲν
1696 2511 1723 2536 ἐν
1737 2510 1871 2545 ὑπηκόων

1074 2551 1150 2583 τάξει
1166 2552 1383 2588 καθεστηκότων,
1403 2554 1471 2590 μετὰ
1485 2555 1513 2581 δὲ
1528 2555 1614 2582 ταῦτα
1630 2556 1746 2591 πόλεμον
1761 2556 1871 2592 ἀραμέ-

1073 2606 1136 2624 νων.

1112 2644 1168 2679 (Id)
1188 2644 1230 2671 Σὺ
1254 2645 1298 2677 δὲ,
1324 2646 1422 2680 Κύριε,
1437 2646 1625 2681 ἀντιλήπτωρ
1648 2656 1708 2681 μου
1733 2646 1769 2679 εἷ,
1792 2647 1870 2681 δόξα

1073 2698 1143 2724 μου.
1153 2689 1261 2725 Ἐπειδὴ
1275 2690 1381 2725 ἐλέχθη,
1395 2691 1432 2722 ὡς
1446 2691 1478 2717 ἐκ
1493 2691 1639 2726 προσώπου
1656 2692 1758 2728 Κυρίου
1774 2693 1788 2719 ὁ
1802 2693 1872 2728 ψαλ-

1078 2734 1127 2770 μὺς
1143 2735 1352 2770 ἀπαγγέλλεται,
1367 2735 1461 2771 ῥητέον
1480 2736 1517 2768 ὡς
1542 2737 1589 2764 καὶ
1611 2736 1694 2764 αὑτοῦ
1719 2737 1835 2772 ὑψοῦται
1849 2739 1887 2774 ἡ,
