1938 3053
85 129 111 156 69

617 122 800 151 EXPOSITIO
819 122 852 148 IN
878 122 1043 150 ΡεΑωιυΜ
1063 123 1106 151 111.

1643 123 1677 151 70

84 184 177 220 κεφαλὴ,
190 184 203 210 ὁ
213 183 273 214 Θεὸς
285 180 362 214 οὖσα,
377 183 439 209 ὅταν
454 183 471 218 ὴ
488 182 582 217 θεότης
596 181 678 208 αὑτοῦ
693 181 795 216 φανερὰ
809 181 839 207 δι¹

894 186 988 215 caput,
1006 182 1078 216 quod
1094 181 1165 208 Deus
1176 185 1217 208 est
1228 202 1235 214 ,
1253 179 1378 210 exaltari,
1399 188 1460 207 cum
1476 179 1604 206 divinitas
1619 179 1678 214 ejus

82 230 219 262 ἀποδείξεως
232 230 285 260 τοῖς
302 230 406 260 πιστοῖς
419 228 542 263 γένηται,

111 275 154 312 ἱΣὺ
171 275 209 306 δὲ,
218 275 312 307 Κύριε,
324 273 511 308 ἀντιλήπτωρ
522 283 582 308 μου
599 271 635 300 εἴ.
649 273 794 308 Πρέπουσα
807 274 839 308 τῇ

82 321 154 348 πίστει
169 319 211 346 τοῦ
225 320 359 355 προφήτου
368 319 452 355 φωνὴ,
468 319 600 350 ἀσείστως
617 319 742 354 φέροντος
763 318 840 353 τηλι-

82 366 166 396 καύτας
186 364 360 399 περιστάσεις,
380 365 426 391 καὶ
450 364 607 396 πεποιθότος
631 365 667 400 μὴ
683 365 840 399 ἐγκαταλει-

81 411 221 446 φοήσεσθαι·
236 410 301 437 ἀλλὰ
315 410 381 446 προς
396 410 426 437 τὸ
440 410 568 446 βοηθῆναι
584 411 632 437 καὶ
649 410 837 445 ὑψωθήσεσθαι

80 457 119 484 καὶ
132 456 172 492 τὴν
191 455 319 491 βασιλείαν
333 456 530 491 ἀπολήψεσθαι·
546 456 625 482 τοῦτο
638 456 691 491 γὰρ
708 455 782 482 εἶπόν
794 464 837 481 τι-

79 512 123 534 νες,
137 502 213 536 ὑψῶν
224 502 279 536 τὴν
296 501 440 536 κεφαλήν.
459 502 527 535 Δόξα
540 500 629 528 τοίνυν
643 501 690 528 τοῦ
704 501 808 528 δικαίου
823 502 837 527 δ

79 548 141 580 Θεὸς,
155 544 175 582 ᾧ
194 546 330 574 πέποιθεν-
344 544 366 582 ᾧ
384 547 412 574 δὲ
428 546 490 579 δόξα
511 547 526 572 ὁ
540 546 614 579 Θεὸς,
632 543 708 578 οὗτος
724 546 836 581 ὑψοῦται

78 593 118 629 τὴν
131 592 261 628 κεφαλήν]

106 678 179 713 Φωνῇ
185 688 239 713 μου
250 671 325 713 πρὸς
338 679 448 713 Κύριον
459 677 612 712 ἐκέκραξα.
629 679 753 705 Διδάσκει
765 681 779 706 6
793 680 837 707 λό-

77 731 124 758 γος,
138 725 170 756 ὡς
191 725 217 751 ὲν
233 727 293 757 ταῖς
313 725 486 760 περιστάσεσι
502 724 551 750 οὐκ
565 724 636 759 ἄλλῳ
652 725 669 759 ἢ
684 725 743 760 Θεῷ
763 726 836 762 μόνῳ

77 769 196 804 προσιέναι
207 770 252 797 δεῖ.

891 226 1018 254 ﬁdelibus
1036 227 1180 262 perspicue
1194 231 1437 255 commonstratur.

927 271 979 308 [Tu
992 278 1089 304 autent,
1107 273 1227 305 Domine,
1241 278 1375 306 susceptor
1398 279 1471 298 meus
1493 280 1529 298 es.
1544 270 1607 299 Haec
1625 278 1678 298 vox

890 317 1031 352 Prophetas
1054 319 1113 345 lidei
1132 320 1253 353 apprime
1275 319 1412 350 convenit,
1430 318 1476 352 qui
1498 318 1565 344 tales
1587 324 1677 344 rerum

889 363 1061 391 conditiones
1085 364 1162 391 ﬁrmo
1180 369 1261 398 atque
1287 363 1423 398 intrepido
1448 364 1539 389 animo
1564 362 1676 395 ferebat.

889 408 1093 443 confidebatque
1106 417 1134 437 se
1150 410 1261 436 minime
1274 409 1397 435 relictum
1413 408 1461 441 iri;
1475 409 1530 435 imo
1544 415 1607 435 vero
1622 415 1676 434 non

888 455 1019 482 auxilium
1034 457 1114 482 modo
1130 456 1297 488 adfuturum,
1313 462 1406 482 verum
1420 455 1501 482 etiam
1518 455 1677 489 erigendum

888 507 917 526 se
933 499 990 527 fore
1011 505 1093 535 atque
1110 508 1222 535 regnum
1245 504 1439 534 accvptnrum:
1457 500 1483 526 id
1503 500 1574 526 enim
1602 500 1678 527 aiunt

869 556 871 559 ·
887 545 997 579 quidam
1015 545 1168 580 signiﬁcare
1181 545 1258 578 illud,
1273 545 1395 572 exultans
1411 551 1498 579 caput.
1517 544 1609 572 Gloria
1624 546 1677 572 ita-

887 598 940 626 que
959 591 1024 625 justi
1043 591 1113 618 Deus
1130 596 1181 622 est,
1196 592 1222 618 in
1241 599 1321 626 quem
1342 598 1415 625 spem
1439 591 1581 625 reposuit:
1597 590 1677 626 cujus

888 641 976 664 autem
991 638 1076 672 gloria
1096 642 1138 666 est
1152 638 1234 670 Deus,
1253 638 1333 672 hujus
1350 641 1432 671 caput
1446 635 1605 673 exaltatum]

923 684 949 711 5.
973 683 1039 711 Voce
1051 692 1107 711 meo
1123 681 1310 711 ad'Dominum
1325 683 1446 710 clantavi.
1463 682 1579 710 Docelur
1592 683 1617 709 in
1631 690 1678 710 oc-

889 730 1061 757 currentibus
1081 730 1202 764 casibus,
1216 737 1270 757 nou
1286 731 1319 756 ad
1338 729 1421 756 alium
1437 736 1518 764 quam
1539 728 1572 755 ad
1589 728 1675 756 Deum

888 773 1114 810 confugiendum.

106 824 190 859 Adjicit
207 825 272 852 Dan.
289 824 423 851 Barbarus
437 832 446 851 :
467 824 505 851 De
519 828 605 852 monte
620 829 722 857 sancto,
738 825 764 853 id
779 831 821 855 est
834 828 868 855 de
881 830 961 858 cmlo.

103 881 196 918 [Φωνῇ
215 891 274 917 μου
297 882 372 916 πρὸς
395 882 504 916 Κύριον
518 881 673 916 ἐκέκραξα.
697 884 832 919 Προέτειξε
849 890 870 917 Β

77 929 116 963 μὲν
128 929 171 964 τὴν
192 929 281 964 εὐχὴν,
298 926 357 955 εἶτα
373 929 441 964 μετά
462 928 492 955 τὸ
508 929 644 964 διάψαλμα
659 930 708 966 τὴν
727 931 838 966 εὐχαρι-

75 974 147 1006 στίαν,
158 975 200 1001 ἐπὶ
210 975 240 1001 τὸ
255 975 434 1010 τετυχηκέναι
446 971 483 1001 ὧν
495 975 588 1010 ᾔτησε.
602 975 657 1003 Νῦν
674 976 764 1011 μέντοι
774 977 839 1003 ἀπο-

74 1019 165 1054 στρέφει
179 1019 206 1046 τὸ
221 1020 365 1055 πρόσωπον
389 1020 456 1056 πρὸς
473 1021 555 1056 ἡμᾶς,
572 1022 618 1048 καὶ
632 1022 765 1057 διηγεῖται
780 1023 838 1054 πῶς

73 1064 198 1100 εὐξάμενος
218 1065 385 1100 ὲπηκούσθη,
408 1065 455 1091 καί
477 1074 559 1100 φησι·
578 1066 664 1101 Φωνῇ
685 1076 744 1102 μου
765 1068 839 1102 πρὸς

72 1110 166 1143 Κύριον
182 1110 337 1144 ἐκέκραξα.
354 1111 409 1137 Καὶ
429 1111 519 1146 φωνὴν
537 1111 586 1146 μὲν
607 1111 775 1147 ὑποληπτέον
790 1112 839 1148 τὴν

72 1156 151 1191 γοερὰν
162 1157 207 1191 τῆς
220 1157 340 1188 διανοίας
355 1157 423 1192 πρὸς
434 1156 479 1183 τὸν
493 1157 546 1183 τῶν
559 1157 626 1184 ὅλων
638 1157 704 1184 Θεὸν
719 1159 837 1185 ἱκεσὲαν’

70 1204 94 1228 οὐ
109 1203 156 1238 γὰρ
166 1203 211 1238 τὴν
222 1203 346 1239 κραυγὴν
361 1203 445 1238 λέγει,
457 1203 523 1231 ἀλλὰ
534 1205 582 1239 τὴν
597 1205 710 1232 αὑδαίαν
723 1205 772 1240 τῆς
783 1204 841 1232 δια-

70 1250 131 1282 νοίας
145 1251 233 1285 εὐχήν,

97 1297 128 1323 Τὸ
141 1297 166 1323 δέ
177 1306 183 1313 -
195 1297 349 1331 ἐπήκουσέ
362 1305 421 1332 μου
442 1297 475 1329 ἐξ
501 1297 603 1330 ὄρους,
623 1296 694 1323 κατὰ
708 1296 756 1332 τὴν
775 1304 841 1322 κατ-

67 1341 165 1376 ἔχουσαν
186 1344 293 1379 εἴρηται
316 1342 567 1378 δόξαν.Ἐνομίζετο
580 1343 635 1378 γὰρ
651 1344 679 1368 ὲν
700 1344 733 1377 τῇ
751 1343 840 1378 Σκηνῇ

67 1391 195 1422 κατοικεῖν,
212 1389 306 1425 ἐπειδὴ
320 1389 423 1416 ἐκεῖθεν
437 1389 484 1415 καὶ
498 1389 523 1414 οἱ
534 1388 653 1424 χρησμοὶ
667 1389 723 1419 τοῖς
738 1387 842 1423 ἱερεῦσι

67 1435 215 1464 ἑδὶδοντο.“Η
227 1436 269 1465 τὸ.
280 1436 314 1467 ἐξ
326 1435 414 1470 ὄρους
426 1435 522 1470 ἁγίου,
533 1435 594 1461 ἀντὶ
605 1433 699 1467 τοῦ,εξ
708 1433 822 1470 οὐρανοῦ
834 1443 840 1449 ·

65 1481 96 1512 ὡς
107 1483 148 1508 καὶ
158 1482 187 1509 τό
196 1491 202 1496 ·
223 1483 274 1509 Ἐν
289 1482 349 1516 ὄρει
360 1482 433 1515 ἀγ-[ῳ
448 1488 507 1507 σου
519 1489 525 1495 ·
543 1481 600 1511 καὶ,
611 1481 761 1514 Ἐγγίσατε
779 1480 842 1514 ὄρε-

66 1533 110 1553 σιν
122 1529 245 1561 uim-[mc
254 1548 262 1560 ,
281 1527 390 1554 δύναται
415 1527 477 1562 ὅρος
504 1527 581 1560 ἇγιον
601 1524 669 1552 εἶναι
683 1525 749 1552 Θεοῦ
765 1525 794 1559 ἐξ
807 1522 838 1552 οὗ

64 1574 186 1600 εἰσικούει
207 1574 260 1601 τῶν
279 1573 430 1609 εὐχομένων
444 1574 458 1599 ὁ
470 1573 537 1604 Θεὸς
553 1573 567 1598 ὁ
576 1572 727 1608 μονογενὴς
743 1572 836 1604 αὐτοῦ,
851 1562 871 1590 C

65 1617 119 1652 περὶ
128 1614 155 1644 οὗ
169 1619 276 1654 εἴρηται
286 1627 292 1633 -
311 1619 412 1644 Ἔσται
427 1617 558 1652 ἐμφανὲς
575 1617 607 1643 τὸ
626 1617 694 1651 ὄρος
710 1617 762 1643 τοῦ
778 1619 835 1644 Κυ-

62 1662 119 1694 ρίου
131 1664 173 1690 ἐπ’
184 1664 304 1699 ἐσχάτῳ
314 1663 372 1690 τῶν
386 1663 503 1698 ἡμερῶν
514 1671 520 1678 ·
534 1663 612 1698 δηλού
618 1672 667 1698 σης
678 1664 727 1698 τῆς
740 1662 838 1695 λέξεως

64 1708 151 1744 ταύτης
175 1709 224 1746 τὴν
249 1710 401 1744 γενομένην
427 1708 509 1736 αὑτοῦ
528 1709 690 1743 φανέρωσιν,
706 1707 776 1734 κατὰ
788 1709 838 1743 τὴν

63 1753 193 1789 ἐπιδημίαν
215 1755 264 1781 ἐπὶ
284 1754 423 1789 συντελείᾳ
445 1753 499 1780 τῶν
520 1753 639 1780 αἰώνων
665 1754 693 1788 ἦ,
711 1753 740 1785 ἐξ
759 1754 837 1788 ὅρους

62 1800 140 1833 ἁγίου,
155 1801 186 1828 ὲκ
196 1801 243 1828 τοῦ
261 1800 474 1837 οὐρανοῦ.’ορος
488 1800 565 1834 ἅγιον
583 1799 650 1826 Θεοῦ
666 1800 683 1835 ἡ
696 1799 837 1834 ὑπερφυὴς

60 1846 150 1880 γνῶσις
161 1848 242 1874 αὐτοῦ
249 1867 256 1875 .

91 1892 124 1918 Τὸ
143 1892 293 1928 summa,
310 1892 441 1927 μουσικοῦ
459 1892 556 1927 μέλους
572 1892 589 1927 ἡ
605 1892 709 1927 τροπῆς
723 1892 838 1926 γενομέ-

60 1945 101 1972 νης
112 1939 127 1973 ῆ
140 1938 257 1971 διανοίας
274 1939 322 1966 καὶ
337 1939 476 1973 δυνάμεως
487 1938 566 1972 λόγου
580 1937 740 1971 ἐναλλαγῆς.

90 1982 132 2014 Τὸ,
145 1983 321 2018 ὲξηγέρθην,
332 1983 410 2009 τοῦτο
423 1983 506 2018 δηλοῖ,
516 1983 567 2013 ὅτι,
578 1983 627 2018 τῆς
639 1982 712 2014 θείας
724 1982 841 2009 ἀπολαύ-

61 2034 102 2057 σις
116 2030 226 2064 τροπῆς,
245 2029 376 2065 κρείττων
399 2029 532 2064 ἐγενόμην
556 2027 610 2054 τῶν
632 2028 839 2063 προσπεσόντων

60 2070 167 2110 κακῶν

93 2119 158 2153 Ἐγὼ
170 2120 335 2155 ἐκοιμήθην
356 2119 406 2147 καὶ
428 2119 562 2146 ὔπνωσα,
578 2119 630 2145 Τὸν
650 2118 713 2154 περὶ
732 2118 779 2145 τοῦ
793 2118 838 2145 νοῦ

60 2162 133 2191 ὕπνον
146 2166 222 2200 φησὶ,
237 2166 272 2192 δι’
287 2163 318 2192 οὗ
331 2166 378 2192 καὶ
397 2166 436 2197 εἰς
451 2165 500 2201 τὴν
517 2165 655 2201 ἁμαρτίαν
679 2165 837 2192 κατέπεσεν.

89 2208 156 2244 [Ὅτι
179 2211 221 2237 σὺ
244 2209 397 2242 ἑπάταξας
413 2209 528 2242 πάντας
544 2209 614 2242 τοὺς
627 2208 839 2244 ἑχθριιίνοντάς
855 2227 876 2254 D

56 2260 108 2285 μοι.
132 2255 267 2288 Πάταξον,
294 2254 447 2290 σύντριψον,
469 2254 485 2289 ἢ
512 2254 837 2287 πατάξεις.“Επισπεύδει

57 2298 100 2333 τὴν
114 2299 292 2331 ἐξανάστασιν
307 2300 355 2337 τὴν
375 2301 435 2328 κατ’
450 2300 540 2327 αὐτῶν
555 2301 601 2327 τοῦ
618 2301 696 2333 Θεοῦ,
714 2301 772 2336 ἤτοι
788 2301 836 2336 τὴν

58 2343 163 2378 ἄμυναν.
178 2347 319 2380 Mazain
342 2346 398 2381 ἔχει
420 2347 482 2378 τοὺς
507 2346 621 2381 ἐχθροὺς
632 2347 646 2372 ὁ
660 2347 696 2382 μὴ
710 2347 836 2381 παρέχων

56 2389 182 2423 πράξασιν
211 2391 318 2426 μίσους.
338 2390 472 2423 Ὀδόντας
496 2390 524 2417 δὲ
547 2390 725 2425 ἁμαρτωλῶν
748 2391 764 2426 ἢ
788 2391 836 2426 τὴν

57 2434 126 2469 ἱεχὺν
140 2435 213 2470 λέγει
229 2437 286 2462 τῶν
302 2437 341 2468 εἰς
355 2437 435 2463 αὐτὸν
448 2437 667 2472 ἁμαρτανόντων,
680 2437 696 2471 ἢ
714 2437 777 2468 τοὺς
792 2437 836 2463 λό-

54 2487 112 2513 γους
135 2482 196 2513 τοὺς
214 2482 276 2508 κατ’
291 2481 382 2514 αὑτοῦ,
398 2482 445 2508 καὶ
460 2482 508 2513 τὰς
526 2481 714 2517 βλασφημίας·
729 2483 745 2518 ἢ
761 2482 836 2509 ὀδόν-

53 2533 95 2557 τες
106 2527 276 2563 ἁμαρτωλῶν
288 2530 339 2555 εἰσι
351 2528 473 2563 λογισμοὶ
488 2528 579 2562 ἄλογοι
594 2527 668 2563 παρὰ
680 2528 758 2561 φύσιν
771 2529 835 2563 ἡμῖν

54 2571 301 2608 ἐπισυμόαίνοντες.
317 2574 378 2605 Τοῖς
392 2574 445 2610 γὰρ
461 2574 600 2608 λογισμοῖς
613 2574 650 2605 ὡς
665 2573 753 2599 ὀδοῦσι
769 2573 838 2609 χρὼ-

56 2626 126 2651 μενοι
150 2619 283 2650 πολλάκις
303 2620 483 2655 ἀντικείμενοι
511 2619 736 2655 προσεγγίζουσιν
760 2621 835 2655 ἡμῖν,

52 2663 95 2690 τοῦ
109 2665 205 2698 φαγεῖν
218 2665 272 2695 τὰς
283 2666 384 2700 σάρκας
397 2665 484 2700 ἡμῶν,
495 2665 615 2691 τουτέστι
625 2665 659 2691 τὰ
671 2665 703 2691 ὲκ
716 2664 764 2700 τῆς
775 2673 838 2700 σαρ-

53 2709 97 2740 κὸς
113 2711 248 2746 φυόμενα.
263 2711 376 2744 Φανερὰ
388 2711 431 2744 δὲ,
447 2711 539 2747 φησὶν,
554 2710 621 2738 ἐστὶ
643 2710 680 2738 τὰ
693 2710 765 2746 ἔργα
781 2709 834 2745 τῆς

87 2809 109 2826 ⁸⁸
125 2810 199 2839 Psal.
213 2818 275 2844 liv,
289 2810 313 2838 l.
351 2810 374 2826 '°
390 2809 462 2837 Psal.
479 2817 559 2844 uxr,
575 2811 602 2838 5.

920 886 1003 923 [Voce
1015 895 1072 914 mea
1085 887 1119 914 ad
1135 886 1275 913 Dominum
1290 886 1411 914 clamavi.
1430 886 1565 914 Praemisit
1580 894 1675 922 preca-

889 933 999 964 tionem,
1014 933 1124 965 deliine,
1135 933 1364 967 postdiapsalma,
1378 932 1526 967 gratiarum
1542 930 1674 960 actionem

887 979 961 1006 addit
975 979 1008 1006 de
1022 986 1154 1006 concesso
1169 979 1314 1013 postulato.
1326 979 1424 1014 Atjam
1437 979 1469 1006 ad
1480 985 1531 1006 nos
1544 986 1676 1006 converso

887 1024 974 1056 vultu.
991 1029 1082 1051 narrat
1102 1032 1156 1060 quo
1173 1029 1252 1059 pacto
1271 1031 1364 1059 preces
1383 1024 1442 1059 ejus
1462 1024 1588 1051 admissae
1611 1024 1675 1057 sint,

888 1071 979 1105 aitque
992 1079 998 1097 :
1022 1069 1087 1097 Voce
1101 1079 1157 1096 mea
1172 1070 1206 1097 ad
1224 1070 1364 1097 Dominum
1380 1071 1501 1097 clamavi.
1528 1069 1578 1097 Per
1590 1078 1676 1097 vocem

889 1116 1022 1150 intelligas
1031 1115 1225 1151 intelligibilcm
1237 1117 1335 1143 mentis
1346 1116 1401 1143 Deo
1412 1117 1601 1144 universorum
1612 1124 1678 1151 sup~

889 1162 1062 1198 plicationem
1079 1171 1085 1189 :
1102 1170 1155 1189 non
1171 1162 1242 1189 enim
1255 1163 1288 1189 de
1302 1164 1420 1191 clamore
1436 1164 1566 1199 loquitur,
1583 1164 1630 1192 sed
1643 1165 1676 1191 de

889 1208 994 1242 prolata
1011 1215 1059 1243 per
1075 1211 1191 1235 mentem
1211 1208 1345 1236 oratione.

925 1296 993 1324 lllud
1018 1305 1101 1332 porro
1115 1307 1121 1325 :
1135 1299 1271 1325 exaudivit
1291 1307 1331 1325 me
1351 1298 1382 1326 de
1400 1303 1496 1331 mante,
1514 1299 1614 1327 dicitur
1633 1308 1676 1328 se-

890 1344 1008 1371 cundum
1032 1344 1168 1379 vulgarem
1195 1345 1361 1380 opinionem.
1384 1345 1534 1373 Pulabalur
1552 1346 1623 1373 enim
1647 1347 1674 1373 in

891 1389 1067 1416 tabernaculo
1079 1390 1210 1422 habitare,
1219 1390 1282 1424 quia
1296 1390 1357 1418 inde
1367 1391 1476 1418 oracula
1487 1392 1676 1419 sacerdotibus

891 1435 1036 1462 dabantur.
1044 1434 1103 1468 Vel,
1116 1435 1146 1462 de
1162 1441 1248 1462 monte
1261 1443 1361 1466 sancto,
1372 1437 1449 1470 quasi
1463 1437 1538 1464 dicas
1546 1438 1578 1464 de
1589 1438 1675 1470 coelo;

892 1484 922 1506 ut
937 1480 1017 1507 etiam
1037 1479 1114 1510 illud,
1133 1479 1164 1506 In
1181 1485 1266 1506 monte
1282 1485 1371 1506 sancto
1384 1485 1428 1507 tuo
1441 1481 1473 1513 ",
1491 1485 1517 1508 et
1527 1481 1675 1516 Appropin‘

892 1530 971 1560 quate
985 1525 1114 1552 montibus
1129 1526 1233 1552 retentis
1246 1526 1278 1553 “.
1300 1525 1391 1554 Potest
1408 1534 1484 1554 mons
1499 1533 1609 1554 sanctus
1627 1526 1676 1554 Dei

887 1578 947 1598 esse
961 1579 993 1598 ex
1010 1578 1065 1605 quo
1077 1571 1305 1597 exauditoranles
1321 1571 1392 1598 Deus
1407 1572 1572 1607 unigenitus,
1591 1573 1674 1603 illius,

887 1615 919 1642 de
942 1623 996 1650 quo
1010 1616 1112 1643 dictum
1127 1622 1178 1649 est,
1192 1615 1249 1642 Erit
1262 1616 1416 1650 conspicuus
1439 1625 1512 1643 mons
1526 1616 1632 1644 Domini
1647 1618 1676 1644 in

887 1662 1027 1688 novissimo
1049 1662 1162 1689 dierum.
1188 1661 1266 1695 Quod
1293 1662 1397 1689 dictum
1428 1662 1674 1690 manifestationem

887 1707 946 1741 ejus
972 1707 1115 1742 signiﬁcat,
1139 1715 1200 1742 quae
1225 1707 1316 1735 futura
1331 1713 1372 1735 est
1392 1709 1417 1735 in
1437 1710 1554 1736 adventu
1571 1709 1630 1744 ejus
1646 1710 1674 1736 in

887 1753 1121 1780 consummatione
1138 1754 1298 1781 sazculorum
1312 1763 1319 1781 :
1335 1758 1393 1786 aut,
1409 1761 1442 1781 ex
1462 1760 1554 1781 monte
1567 1759 1673 1787 sancto.

888 1798 914 1826 id
929 1805 969 1826 est
982 1807 1015 1826 ex
1030 1799 1108 1826 malo.
1127 1798 1203 1826 Mons
1219 1804 1332 1827 sanctus
1346 1800 1392 1827 Dei
1401 1805 1443 1828 est
1457 1801 1675 1835 supernaturalis

887 1845 947 1880 ejus
962 1846 1092 1880 cognitio.

921 1890 1074 1925 Diapsalma
1092 1890 1234 1918 adhibetur
1248 1898 1310 1918 cum
1327 1891 1425 1918 musici
1440 1895 1539 1918 cantus
1555 1891 1674 1918 mutatio

888 1935 927 1969 ﬁt,
945 1941 990 1963 aut
1003 1944 1064 1963 cum
1081 1938 1212 1964 sententia
1225 1940 1251 1963 et
1262 1937 1302 1963 vis
1317 1937 1451 1964 sermonis
1473 1937 1526 1964 alio
1543 1938 1669 1964 vertitur.

924 1981 1009 2014 Illud,
1031 1981 1193 2014 Exsurrezi,
1214 1981 1364 2016 signiﬁcat,
1379 1982 1468 2008 divina
1495 1983 1674 2010 conversione

888 2027 1024 2062 dignatus,
1042 2028 1228 2063 ingruentibus
1243 2029 1271 2055 in
1289 2035 1331 2054 me
1344 2028 1422 2055 malis
1437 2029 1562 2063 superior
1574 2029 1673 2066 evasi.j

924 2117 951 2145 6.
971 2117 1026 2152 Ego
1039 2117 1150 2144 dormivi
1164 2121 1188 2144 et
1200 2121 1338 2147 soporatos
1350 2124 1420 2144 sum.
1435 2116 1531 2144 Mentis
1547 2124 1673 2145 somnum

889 2164 964 2196 dicit,
979 2171 1026 2198 per
1041 2171 1120 2198 quem
1135 2163 1230 2190 incidit
1249 2164 1274 2189 in
1291 2168 1443 2197 peccatum.

923 2209 1016 2245 [Vens
1031 2211 1056 2236 8.
1075 2209 1204 2241 Quoniam
1219 2213 1246 2235 tu
1264 2209 1416 2243 percussisti
1429 2216 1516 2235 omnes
1531 2209 1673 2235 adversam

892 2261 928 2282 tes
945 2255 1019 2282 mihi.
1038 2254 1161 2287 Percute,
1178 2259 1297 2286 contere,
1314 2259 1360 2281 aut
1375 2255 1518 2288 percuties.
1540 2254 1673 2282 Sollicitat

890 2301 974 2328 Deum
992 2306 1022 2328 ut
1036 2306 1129 2328 contra
1147 2301 1272 2329 inimicos
1293 2301 1425 2336 insurgat,
1442 2301 1474 2327 ad
1487 2308 1516 2328 se
1538 2302 1672 2328 ulciscen-

889 2347 965 2373 dum.
989 2346 1051 2374 Sine
1070 2355 1150 2373 causa
1165 2347 1292 2374 inimicos
1308 2347 1396 2379 habet,
1415 2348 1461 2382 qui
1485 2347 1585 2374 rutilam
1607 2355 1673 2382 prae-

890 2391 948 2419 buit
964 2392 1019 2418 odii
1042 2392 1194 2418 materiam.
1216 2392 1310 2418 Dentes
1324 2397 1413 2419 autem
1433 2397 1608 2424 peccatorum,
1625 2397 1674 2418 aut

890 2437 942 2465 vim
954 2437 992 2465 ait
1004 2445 1065 2465 esse
1079 2438 1247 2472 peccantium
1264 2438 1395 2464 adversus
1412 2437 1507 2469 Deum,
1530 2442 1576 2464 aut
1591 2439 1671 2465 verba

889 2483 916 2510 in
940 2484 1027 2518 ipsum
1054 2483 1167 2518 prolata.
1181 2488 1208 2510 et
1224 2484 1382 2518 blasphema
1405 2483 1487 2510 dicta.
1504 2483 1558 2510 Aut
1577 2484 1672 2511 dentes

888 2533 1058 2563 peccatorum
1080 2533 1144 2556 sunt
1167 2530 1345 2564 cogitationes
1370 2529 1585 2561 irrationabiles,
1612 2537 1673 2563 quzc

888 2579 984 2608 praeter
995 2579 1120 2602 naturam
1135 2575 1213 2602 nobis
1232 2575 1364 2602 incidunt.
1384 2574 1451 2601 Nam
1466 2575 1672 2610 cogitationibus

889 2620 960 2646 velut
973 2620 1097 2647 dentibus
1112 2621 1152 2647 usi
1166 2621 1332 2654 adversarii,
1347 2620 1506 2656 plerumque
1520 2614 1677 2661 .appropinJ

889 2669 973 2699 quant
995 2665 1083 2697 nobis,
1105 2671 1135 2692 ut
1148 2666 1228 2692 edant
1247 2673 1343 2693 carnes
1359 2669 1487 2698 nostras;
1505 2665 1628 2691 videlicet
1639 2671 1670 2690 ea

889 2718 950 2745 quae
959 2718 992 2738 ex
1003 2718 1085 2739 carne
1097 2715 1254 2738 nascuntur.
1270 2711 1410 2745 Manifesta
1422 2715 1508 2737 autent
1522 2715 1582 2737 sunt
1594 2716 1672 2743 opera
