1938 3053
251 137 282 165 7i
658 136 687 164 S.
708 135 892 164 ATHANASII
913 135 988 164 ΟΡΡ.
1010 133 1101 162 PARS
1120 133 1165 160 IH.
1186 148 1220 153 —
1239 133 1444 161 EXEGETICA.

1836 131 1872 158 ’Β

242 194 343 226 carnis,
362 193 400 222 ait
422 192 530 221 divinus
547 192 692 227 Apostolus
709 192 742 219 ".
759 191 858 219 Dentes
877 198 959 226 porro
982 191 1025 218 ait

1083 189 1205 223 σαρκὸς,
1222 190 1236 216 6
1250 189 1321 221 θεῖος
1335 189 1501 221 ’Δπόστολος.
1511 189 1634 221 Ὀδόντας
1650 188 1724 223 λέγει
1733 196 1740 203 ’
1754 188 1809 214 ἀπὸ
1824 196 1858 223 με

243 243 353 274 sumpta
368 246 385 266 a
401 238 466 266 feris
492 239 665 273 metaphora,
680 245 741 272 qua:
761 237 786 264 in
802 238 928 265 dentibus
945 237 1028 264 robur

243 284 353 317 habent,
368 284 468 320 quibus
490 283 584 311 fractis
600 283 738 317 despectui
758 283 900 310 habemur.
921 281 1027 309 Etenim

243 329 387 357 homicidae
406 337 439 357 ac
459 329 626 364 sanguinarii
650 329 783 361 homines,
796 328 862 362 ipsis
879 327 1029 355 carnivoris

243 375 308 403 feris
323 375 430 410 pejores
443 379 517 407 sunt,
532 378 614 409 atque
627 373 721 400 iisdem
735 370 950 407 comparantur.]

277 465 303 493 9.
321 465 427 492 Domini
450 470 487 492 est
505 465 587 493 salus.
605 464 714 491 Salvum
732 471 776 492 nte
791 463 845 496 fac,
859 463 963 499 inquit,-
975 463 1029 491 Do-

243 510 325 538 mine.
336 511 412 546 Rogo
429 515 568 542 autem,ut
584 511 659 538 salus
688 511 763 538 istaec
781 511 808 537 in
825 514 910 538 totum
926 510 1028 537 feratur

242 557 383 591 populum.
407 558 552 584 Sciendum
572 564 653 592 porro
668 561 720 590 est,
738 561 825 584 totum
844 557 978 591 psalmum
994 556 1027 584 ad

243 601 392 629 humanum
413 603 508 630 referri
529 611 625 638 genus,
637 603 710 638 quod
729 610 790 630 cum
809 609 957 637 peccasset,
973 607 1028 630 tra-

242 647 330 674 ditum
351 648 410 675 ideo
427 648 478 675 fuit
493 649 682 683 spiritualibus
707 648 826 675 inimicis
841 657 847 674 :
866 647 912 675 sed
929 648 1028 675 clamat

243 693 270 720 in
287 693 460 722 tribulatione
473 699 501 722 et
511 695 655 722 exauditur
669 702 684 721 a
698 694 764 725 Dco,
781 693 949 729 salutemque
962 702 1028 721 con-

243 743 364 765 secutum
378 744 429 772 est,
445 747 477 766 eo
488 739 560 774 quod
574 747 670 774 nempe
685 739 811 766 Christus
826 747 842 766 a
855 740 971 767 mortuis
985 747 1027 767 re-

242 785 401 818 surrexerit,
413 793 445 812 ac
457 790 566 813 nostros
574 786 738 819 percusserit
747 785 881 818 inimicos,
891 785 1027 813 diemones

242 830 354 857 scilicet.
366 829 426 865 Ipse
440 838 559 864 namque
575 835 616 857 est
627 831 673 865 qui
685 833 767 857 molas
778 831 881 857 leonum
899 831 1026 866 confregit

241 874 369 902 Dominus
381 875 415 903 “.
430 875 517 910 Atque
534 875 618 908 illius,
634 877 691 904 sive
707 876 741 904 ab
758 876 804 904 illo
821 881 861 904 est
872 876 956 905 salus.

275 950 396 987 [Domini
415 957 455 980 ut
476 953 559 981 salut.
580 952 638 981 Non
652 958 694 982 est
711 954 789 987 mihi,
806 954 904 990 inquit,
920 962 982 990 spes
997 955 1024 982 in

241 997 351 1025 homine
367 1008 374 1025 :
391 999 437 1026 sed
453 999 501 1027 abs
526 1004 551 1027 te
574 1000 689 1027 salutem
711 1005 855 1035 exspecto,
871 1002 1025 1037 pariterque

241 1044 356 1079 populus
371 1048 435 1072 tuus
452 1046 498 1080 qui
512 1050 618 1073 mecum
630 1046 701 1074 bello
716 1047 864 1080 impetitur.

349 1090 372 1117 Ι.
391 1089 426 1117 In
441 1091 519 1125 ﬁnem
534 1092 561 1118 in
575 1092 736 1120 carminibus
752 1091 921 1121 PSALMUS

555 1137 641 1164 David
664 1137 676 1165 Ι
685 1137 716 1165 γ.
921 1154 926 1157 -

532 1184 733 1218 Argumentum.

242 1225 320 1254 Hunc
334 1225 472 1254 Psalmum
489 1232 550 1262 post
572 1233 736 1263 reportatam
757 1229 911 1261 victoriam.
929 1229 1025 1258 victori

577 1274 662 1302 dicat.

277 1317 342 1354 [Pro
359 1318 416 1351 illo,
431 1319 459 1346 in
471 1319 561 1354 ﬁnem,
575 1320 672 1355 Aquila
687 1325 714 1348 et
727 1320 878 1349 Theodotio
892 1321 1025 1358 interpre-

241 1364 290 1391 tati
315 1368 395 1397 sunt,
416 1365 526 1392 victori:
551 1365 733 1401 Symmachus
758 1374 833 1400 vero,
861 1366 1022 1402 Epinicium,

241 1410 299 1438 sive
312 1411 431 1438 victorizn
445 1411 580 1448 carmen.]

276 1457 302 1484 2.
317 1457 384 1484 Cum
392 1458 539 1484 invocarem
558 1458 660 1486 audivit
676 1467 716 1486 me
738 1459 809 1486 Deus
819 1459 934 1494 justilite
949 1468 1022 1487 mete.

242 1501 336 1529 Simile
350 1506 393 1529 cst
409 1502 446 1529 illi
460 1512 466 1529 :
485 1502 520 1530 Te
534 1503 621 1530 adhuc
643 1504 763 1539 loquente
783 1505 871 1532 dicet:
888 1505 954 1532 Ecce
975 1506 1024 1532 ad-

241 1555 299 1575 sum
311 1548 343 1574 ⁶⁹.
363 1547 395 1575 In
413 1549 584 1576 tribulatione
593 1537 716 1577 dilatosti
730 1551 806 1577 milii.
823 1550 882 1578 Non
897 1551 977 1578 modo
991 1551 1025 1578 ab
1038 1537 1058 1564 C

243 1593 426 1621 incidentibus
442 1595 573 1622 aerumnis
597 1595 728 1628 liberasti,
745 1596 791 1623 sed
815 1596 897 1622 etiam
915 1596 942 1622 in
969 1604 1026 1622 ma-

243 1645 322 1672 gnam
343 1638 514 1666 latitudinem
536 1643 563 1666 et
586 1639 739 1667 libertatem
768 1641 905 1677 posuisti.]
922 1642 986 1669 Siba
999 1647 1025 1669 et

243 1682 335 1710 Berzel
349 1683 478 1711 alimenta
495 1684 577 1711 multa
591 1689 617 1712 et
629 1689 731 1719 tapetes
746 1685 842 1713 Davidi
856 1686 1023 1718 obtulerunt,

243 1729 353 1762 quando
372 1728 478 1763 fugiens
494 1728 669 1762 Absalonem,
687 1730 714 1756 in
731 1730 844 1757 desertis
862 1731 928 1758 locis
944 1735 1025 1765 atque

243 1773 269 1800 in
285 1774 423 1801 montibus
437 1774 605 1806 versabatur,
632 1775 710 1809 quasi
738 1779 794 1802 tres
817 1777 893 1810 pueri
918 1776 945 1803 in
969 1775 1025 1803 for-

243 1827 320 1853 nace,
339 1824 367 1847 et
382 1819 477 1846 Daniel
495 1827 557 1847 cum
582 1820 718 1848 leonibus.
733 1820 848 1854 Quando
872 1822 1024 1850 tribulatio-

243 1872 308 1891 num
335 1868 362 1891 et
388 1865 568 1892 tentationum
594 1866 726 1893 rationem
756 1866 932 1901 intelligimus
961 1872 1026 1896 tunc

243 1911 360 1938 maxime
375 1911 530 1938 dilatamur.
545 1911 605 1938 Alio
628 1911 692 1939 item
709 1916 787 1946 pacto
804 1918 893 1947 potest
912 1913 1025 1941 latitudo

243 1955 405 1992 explicari.]
421 1955 545 1983 Miserere
556 1956 617 1989 mei,
631 1961 655 1983 et
665 1957 762 1984 exaudi
773 1958 917 1984 orationem
929 1966 1024 1986 meum.

243 2001 376 2034 Quoniam
394 2001 501 2029 dixerat
519 2009 548 2030 se
561 2007 671 2036 propter
688 2003 820 2037 justitiam
837 2011 914 2031 suam
939 2011 1024 2032 exau-

243 2047 342 2080 ditum,
357 2051 499 2081 propterea
517 2047 640 2082 confugit
655 2048 688 2074 ad
703 2047 751 2075 Dei
770 2048 996 2075 misericordiam.

278 2136 305 2163 5.
323 2135 388 2162 Filii
401 2136 547 2168 hominum,
563 2143 695 2171 usquequo
706 2136 778 2170 gravi
795 2135 882 2162 corde.
904 2135 967 2163 Hzec
991 2137 1024 2164 iis

243 2181 314 2208 dicta
340 2185 414 2214 sunt,
431 2181 478 2216 qui
505 2181 595 2216 magni
619 2181 755 2208 exercitus
770 2188 838 2216 ope,
852 2181 956 2215 justum
973 2189 1023 2216 op-

243 2226 322 2260 primi
337 2233 418 2261 posse
430 2227 610 2254 conlidebant.
630 2225 692 2253 Haec
712 2229 802 2252 autem
826 2233 900 2261 spes,
925 2227 1023 2262 inquit,
1040 2218 1062 2246 D

241 2275 270 2299 et
281 2279 350 2298 vana
369 2276 397 2298 et
413 2271 529 2298 mendax
542 2277 594 2300 est.

278 2316 305 2344 ι.
321 2314 356 2343 Et
375 2317 467 2343 scitote
488 2317 613 2351 quoniam
635 2318 786 2352 miri/ienuit
809 2317 938 2345 Dominus
962 2325 1025 2344 san-

243 2368 315 2392 ctum
331 2371 417 2390 suum.
434 2362 492 2390 lloc
515 2367 568 2395 cst,
592 2363 698 2396 scitote,
724 2365 771 2398 qui
798 2364 825 2391 in
851 2365 1024 2393 multitudine

243 2409 392 2441 conﬁditis,
408 2409 480 2443 quod
496 2408 568 2436 Deus
588 2409 774 2437 admirabilem
798 2411 950 2438 exhibuerit
962 2419 1024 2439 eum

243 2455 290 2489 qui
304 2454 415 2481 conlidit
433 2454 460 2481 in
475 2454 545 2488 ipso.
559 2454 689 2483 Dominus
702 2457 825 2484 exaudiet
840 2465 879 2483 me
898 2465 957 2484 cum
969 2457 1026 2484 cla-

242 2507 356 2526 mauero.
376 2498 493 2533 Tempus
517 2507 567 2534 pro
584 2504 705 2535 tempore
730 2502 784 2529 alio
806 2503 942 2530 sumitur:
960 2510 1023 2529 nam

241 2552 302 2580 pro,
317 2544 465 2577 exaudivit,
480 2544 558 2577 dixit,
576 2545 712 2573 exaudiet.
901 2543 903 2545 ’

277 2589 304 2618 5.
332 2587 485 2615 Irascimini
505 2594 530 2616 et
555 2591 635 2617 nolite
655 2599 770 2625 peccare.
798 2593 863 2625 Qua
883 2594 972 2620 dicitis
995 2594 1023 2620 in

242 2635 363 2662 cordibus
387 2636 479 2662 vestris
503 2636 530 2662 in
547 2636 677 2664 cubilibus
698 2638 790 2665 vestris
809 2639 1024 2674 compungimini.

241 2680 325 2714 Quasi
342 2681 400 2708 suis
414 2681 488 2708 istaec
497 2681 627 2717 loquitur,
645 2688 711 2711 utet
721 2684 1023 2712 omnibushominibus.

275 2769 298 2786 ⁸⁷
310 2769 397 2798 Galat.
412 2779 439 2805 v,
459 2772 500 2799 l9.
539 2773 560 2789 ⁸⁸
579 2772 650 2800 Psal.
668 2781 731 2807 Lvn,
750 2774 776 2800 7.
817 2775 838 2791 θ’
859 2774 908 2802 lsa.
926 2782 1001 2809 Lt'tu,
1022 2775 1046 2802 9.

276 2817 331 2852 (l5)
348 2818 542 2853 Argumentum
563 2821 658 2849 incerti
677 2821 805 2849 auctoris.

1078 236 1198 270 ταφορᾶς
1209 235 1262 261 τῶν
1279 235 1380 271 θηρίων
1391 235 1470 262 τοῦτό
1486 244 1578 270 φησιν,
1587 235 1604 261 ἃ
1617 235 1717 270 μᾶλλον
1728 235 1785 268 tot;
1795 233 1872 260 ἐιδοῦ-

1079 289 1120 307 σιν
1134 281 1229 316 ἰσχύει,
1245 281 1518 317 καὶ.συνθλωμένων,
1534 281 1757 317 εὐκαταφρόνητα
1778 281 1869 314 γίνον-

1077 335 1132 354 ται.
1153 328 1208 354 Καὶ
1221 327 1274 363 γὰρ
1291 329 1316 354 οἱ
1339 328 1428 362 φονεῖς
1446 327 1493 354 καὶ
1517 329 1676 362 αἱμοχαρεῖς
1707 326 1754 353 καὶ
1777 326 1870 352 αὐτῶν

1077 372 1131 398 τῶν
1144 373 1299 409 αἱμοὸόρων
1314 373 1414 409 θηρίων
1426 373 1533 409 χείρους
1551 375 1630 406 εἰσὶν,
1645 373 1777 408 ῆτσύτοις
1794 380 1868 408 παρ-

1079 418 1223 454 moirti-tam]

1116 463 1170 490 Τοῦ
1182 464 1292 498 Κυρίου
1305 465 1324 499 ἡ
1338 464 1479 498 σωτηρία.
1500 463 1590 491 Σῶσόν
1605 473 1650 500 με,
1662 465 1753 500 φησὶν,
1767 463 1866 499 Κύριε.

1078 508 1198 545 Εὕχομαι
1209 510 1236 536 δὲ
1250 510 1295 537 καὶ
1310 510 1389 538 τοῦτο
1401 512 1440 543 είς
1454 511 1542 538 πάντα
1552 511 1721 546 ἐξενεχθῆναι
1734 511 1780 537 τὸν
1791 510 1866 537 λαόν.

1085 555 1180 582 ’ἰστέον
1194 556 1233 588 δὲ,
1250 555 1287 588 ὡς
1306 556 1379 588 ἄπας
1394 558 1408 583 ὸ
1419 556 1525 592 unus;
1540 557 1678 592 ἀναφορὰν
1692 556 1748 591 ἔχει
1764 557 1804 588 εἰς
1818 556 1868 591 τὴν

1080 600 1287 636 ἀνθρωπότητα,
1302 602 1478 637 ἁμαρτοῦσαν
1503 601 1553 637 μὲν
1579 602 1625 628 καὶ
1649 602 1682 628 δι’
1697 602 1763 628 αὐτὸ
1786 601 1867 628 τοῦτο

1078 646 1297 682 παραδεδομένην
1321 649 1377 678 τοῖς
1404 649 1507 683 νοητοῖς
1523 647 1640 684 ἐχθροῖς,
1659 647 1762 682 βοῶσαν
1783 646 1812 673 δὲ
1837 647 1867 673 ἐν

1078 691 1164 726 θλίψει
1189 693 1235 718 καὶ
1258 692 1473 719 ὲπακουσθείσαν
1493 692 1569 728 παρὰ
1583 691 1630 718 τοῦ
1647 691 1725 723 Θεοῦ,
1742 692 1790 718 καὶ
1814 691 1867 727 μὴν

1077 737 1124 763 καὶ
1141 737 1271 763 σωθεῖσαν
1285 737 1328 764 διὰ
1341 737 1387 763 τοῦ
1400 738 1548 772 ἀναστῆναι
1562 737 1642 763 αὐτὸν
1656 738 1689 764 ὲκ
1701 736 1806 771 νεκρῶν
1823 736 1870 771 δη-

1077 781 1172 813 λονότι,
1198 783 1244 809 καὶ
1263 783 1380 816 πατάξαι
1401 784 1464 815 τοὺς
1480 783 1669 819 ὲχθραίνοντας
1683 782 1747 818 ἡμῖν
1771 783 1867 818 δαίμο-

1077 834 1134 858 νας.
1151 827 1236 859 Αὐτὸς
1260 827 1324 863 γὰρ,
1340 829 1356 855 ό
1376 829 1428 861 τὰς
1447 829 1548 863 μύλας
1564 828 1623 855 τῶν
1638 830 1769 855 λεόντων
1788 837 1866 855 συν-

1043 867 1064 895 Β
1077 872 1194 906 θλάσας
1215 875 1331 908 Κύριος.
1351 875 1404 901 Καὶ
1427 875 1508 902 αὑτοῦ
1525 874 1636 911 [αὑτός,
1651 874 1762 911 Ambr.]
1779 876 1865 906 ἐστιν,

1075 919 1134 954 ἦτοι
1149 920 1214 956 παρ’
1227 920 1320 953 αὐτοῦ,
1336 922 1352 956 ἡ
1367 921 1497 957 σωτηρία.

1112 964 1180 1000 [Τοῦ
1205 967 1314 1000 Κυρίου
1340 967 1358 1000 ἠ
1384 967 1525 1001 σωτηρία.
1546 967 1604 994 Οὐκ
1627 966 1691 1002 ἔχω,
1715 966 1808 1002 φησὶν,
1826 967 1866 998 εις

1075 1010 1217 1046 ἄνθρωπον
1233 1011 1281 1046 τὴν
1295 1011 1400 1044 ἐλπίδα,
1413 1012 1481 1039 ἀλλὰ
1495 1013 1569 1048 παρὰ
1583 1012 1629 1039 σοῦ
1653 1013 1702 1048 τὴν
1725 1013 1865 1048 σωτηρίαν

1076 1055 1232 1091 προσμένω,
1248 1057 1295 1083 καὶ
1308 1057 1321 1082 ὁ
1336 1057 1381 1088 σὸς
1393 1057 1456 1089 λαὺς
1471 1058 1519 1084 σὺν
1536 1058 1597 1092 ἐμοὶ
1615 1057 1828 1092 πολεμούμενος.
1842 1057 1852 1094 ]

1127 1104 1180 1136 Εἰς
1195 1103 1228 1130 τὸ
1243 1103 1329 1137 τέλος
1347 1105 1500 1131 ΨΛΛΜΟΣ
1513 1104 1592 1139 ᾠδῆς
1604 1104 1643 1138 τῷ
1656 1104 1755 1132 Δαυΐδ.
1772 1106 1811 1132 Δ’.

1355 1149 1411 1185 (15)
1420 1150 1581 1184 Ὑπόθεσις.

1075 1227 1176 1255 Τοῦτον
1202 1228 1248 1256 τὸν
1273 1228 1380 1264 ψαλμὸν
1408 1230 1476 1265 μετὰ
1507 1230 1537 1258 τὸ
1552 1231 1660 1266 νικῆσαι
1684 1231 1728 1258 τὸν
1748 1231 1866 1267 πόλεμον

1295 1274 1435 1310 ἀνατίθησι
1451 1274 1489 1309 τῷ
1504 1275 1631 1310 νικοποιῷ

1110 1317 1199 1354 [Ἇντὶ
1220 1318 1278 1353 τοῦ,
1301 1321 1344 1352 εἰς
1356 1319 1388 1347 τὸ
1402 1320 1498 1353 τέλος,
1517 1321 1530 1347 ὁ
1552 1321 1665 1354 Ἀκύλας
1681 1322 1727 1348 καὶ
1746 1322 1761 1348 ὸ
1773 1321 1866 1349 Θεοδο-

1074 1363 1149 1397 τίων,
1164 1364 1204 1397 τῷ
1227 1365 1379 1398 νικοποιῷ,
1401 1367 1576 1402 ἡρμήνευσαν
1589 1375 1596 1382 ο
1619 1369 1633 1394 ό
1654 1368 1682 1394 δὲ
1705 1367 1863 1403 Σύμμαχος,

1044 1411 1046 1415 '
1080 1409 1268 1446 Ἐπινίκιον.]

1116 1456 1164 1482 Ἐν
1181 1455 1220 1488 τῷ
1227 1456 1436 1485 ἐπικαλεῖσθαί
1447 1456 1485 1492 με
1497 1458 1660 1492 εἰσήκουσέ
1679 1468 1739 1494 μου
1757 1460 1774 1486 ὀ
1793 1460 1867 1492 Θεὸς

1075 1501 1130 1535 τῆς
1142 1501 1338 1536 δικαιοσύνης
1346 1511 1415 1537 μου.
1430 1504 1544 1538 Ὅμοιον
1555 1504 1604 1538 τῷ,
1621 1505 1681 1530 Ἔτι
1695 1503 1867 1537 λαλοῦντός

1076 1554 1144 1580 σου,
1155 1547 1232 1581 ἐρεῖ·
1262 1547 1333 1575 Ἰδοὺ
1350 1548 1477 1583 πάρειμι.
1505 1550 1556 1576 Ἐν
1573 1550 1673 1583 θλίψει
1690 1549 1865 1584 ἐπλάτυνάς

1073 1601 1134 1627 μοι.
1161 1594 1198 1619 Οὐ
1217 1593 1306 1628 μόνον,
1332 1593 1410 1628 φησὶ,
1433 1594 1488 1620 τῶν
1504 1594 1689 1631 περιστάσεων
1716 1594 1864 1630 ἐξήγαγες,

1075 1638 1142 1665 ἀλλὰ
1150 1638 1197 1665 καὶ
1207 1639 1247 1669 εἰς
1255 1639 1423 1675 εὐρυχωρίαν
1432 1639 1531 1675 πολλὴν
1541 1640 1636 1675 στῆναι
1644 1640 1864 1676 παρεσκεύασας.

1077 1683 1174 1719 [Σιϐὰς
1186 1686 1232 1711 καὶ
1243 1685 1343 1720 Βερζὲλ
1358 1686 1461 1721 τροφὰς
1473 1686 1572 1717 πολλὰς
1586 1685 1632 1712 καὶ
1644 1686 1768 1721 τάπητας
1780 1694 1867 1720 προσ-

1076 1730 1178 1765 ήγαγον
1193 1731 1231 1766 τῷ
1247 1731 1338 1763 Δαυῒδ,
1353 1733 1397 1758 ὅτε
1410 1732 1453 1767 δὴ,
1470 1731 1561 1766 φυγὼν
1577 1732 1623 1758 τὸν
1630 1731 1865 1767 Ἀὁεσσαλὼμ,δι-

1076 1775 1181 1810 έτριὸεν
1193 1777 1222 1802 ὲν
1233 1778 1289 1808 τοῖς
1302 1778 1416 1812 ἐρήμοις
1425 1777 1471 1803 καὶ
1482 1778 1510 1803 ὲν
1518 1778 1573 1808 τοῖς
1583 1777 1683 1812 ὅρεσιν,
1695 1776 1789 1814 ὥσπερ
1800 1778 1866 1809 τοὺς

1075 1823 1149 1857 τρεῖς
1165 1823 1262 1854 παῖδας
1277 1824 1307 1849 ὲν
1321 1824 1354 1858 τῇ
1371 1822 1488 1858 καμίνῳ,
1504 1823 1550 1849 καὶ
1560 1823 1659 1858 Δανιὴλ
1672 1824 1701 1849 ὲν
1713 1824 1771 1854 τοῖς
1788 1823 1866 1849 λέου-

1077 1874 1127 1892 σιν.
1143 1867 1227 1894 ’Όταν
1242 1867 1358 1902 θλίψεων
1373 1868 1420 1894 καὶ
1430 1868 1484 1895 τῶν
1505 1868 1667 1904 πειρασμῶν
1685 1869 1748 1899 τοὺς
1766 1867 1866 1902 λόγους

1075 1910 1308 1948 ἐπιγινώσκωμεν,
1319 1913 1378 1940 τότε
1397 1914 1512 1948 μάλιστα
1527 1913 1724 1948 πλατυνόμεθα.
1745 1913 1823 1940 Ἔστι
1837 1913 1866 1940 δὲ

1075 1958 1121 1983 καὶ
1134 1957 1236 1993 ἑτέρως
1263 1958 1434 1994 εὐρυχωρίαν
1459 1958 1570 1995 εἰπεῖν]
1597 1958 1791 1992 οἰκτείρησόν
1812 1966 1864 1992 με,

1075 2004 1125 2030 καὶ
1141 2002 1328 2031 εἰσάκουσον
1345 2004 1399 2038 τῆς
1414 2004 1587 2040 προσευχῆς
1597 2013 1666 2039 μου.
1691 2003 1797 2039 Ἐπειδὴ
1817 2004 1865 2036 ὲξ‹

1075 2048 1206 2084 ηκούσθη.
1218 2048 1269 2084 ἔφη
1279 2070 1286 2081 ,
1300 2050 1333 2076 ὲκ
1347 2050 1397 2085 τῆς
1411 2051 1583 2086 δικαιοσύνης
1602 2049 1695 2081 αὑτοῦ,
1707 2049 1802 2076 τούτου
1814 2050 1867 2084 χὰ-

1077 2103 1118 2131 ριν
1131 2096 1176 2121 ἐπὶ
1191 2096 1254 2126 τοὺς
1267 2097 1425 2132 οἰκτιρμοὺς
1439 2098 1581 2133 ἀνατρέχει
1593 2096 1640 2123 τοῦ
1655 2095 1732 2122 Θεοῦ.

1114 2139 1174 2166 Υἱοὶ
1189 2139 1360 2175 ἀνθρώπων,
1379 2142 1434 2175 ἕως
1445 2143 1517 2169 πότε
1539 2140 1745 2176 βαρυκάρδιοι.
1769 2140 1866 2168 Ταῦτα

1075 2184 1112 2216 ὼς
1129 2184 1203 2220 πρὸς*
1213 2185 1277 2216 τοὺς
1297 2186 1495 2218 πιστεύσαντας
1508 2186 1546 2221 τῷ
1560 2185 1656 2222 πλήθει
1677 2185 1723 2211 τοῦ
1747 2185 1865 2220 στρατοῦ

1077 2230 1147 2257 ἑλεῖν
1162 2231 1207 2257 τὸν
1217 2230 1329 2258 δίκαιον.
1343 2233 1416 2268 Αὖτη
1431 2232 1486 2268 δὲή
1502 2232 1589 2264 ἐλπὶς,
1604 2230 1682 2266 φησὶ,
1699 2231 1799 2266 ματαία
1815 2233 1866 2258 καὶ

1077 2276 1178 2311 ψευδής
1191 2277 1275 2304 ἐστιν.

1111 2322 1166 2349 Kal
1185 2322 1289 2356 γνῶτε,
1306 2322 1351 2349 ὅτι
1363 2321 1577 2356 ἐθαυμάστωσε
1589 2323 1698 2356 Κύριος
1706 2322 1760 2349 τὸν
1775 2322 1866 2350 ὅσιον

1077 2366 1180 2394 αὑτοῦ.
1201 2367 1275 2394 ’Δντὶ
1290 2366 1337 2393 τοῦ
1349 2387 1357 2398 ,
1376 2366 1463 2393 Γνῶτε
1483 2366 1625 2402 τοιγαροῦν
1637 2386 1644 2399 ,
1662 2369 1686 2393 oi
1703 2367 1864 2400 πεποιθότες

1076 2412 1123 2438 ἐπὶ
1146 2412 1251 2448 πλήθει,
1267 2412 1304 2444 ὡς
1327 2412 1483 2447 θαυμαστὸν
1508 2411 1633 2445 ἀπέδειξε
1649 2412 1694 2438 τὸν
1713 2411 1864 2438 πεποιθότα

1076 2459 1119 2484 ἐπ’
1134 2458 1217 2494 αὐτῷ.
1234 2459 1342 2492 Κύριος
1360 2458 1572 2485 εισακούσεταί
1580 2467 1640 2492 μου
1652 2458 1687 2485 ἐν
1699 2457 1738 2490 τῷ
1756 2466 1863 2491 κεκρα-

1076 2504 1158 2539 γέναι
1170 2513 1218 2539 με.
1233 2504 1335 2539 Χρόνος
1359 2504 1419 2530 ἀντὶ
1442 2505 1538 2539 χρόνον
1555 2504 1698 2539 εἴληπται·
1726 2505 1786 2530 ἀντὶ
1802 2504 1861 2537 τοῦ,

1076 2551 1228 2584 εεεῖήκουσε⁷
1242 2550 1296 2585 γὰρ
1309 2549 1360 2584 ἔφη
1375 2550 1415 2581 τὸ,
1431 2549 1629 2582 είσακούσεται,
1646 2551 1721 2585 ῥῆμα

1115 2595 1279 2631 Ὀργίζεσθε
1294 2596 1342 2622 καὶ
1363 2595 1405 2630 μὴ
1429 2595 1619 2630 ἁμαρτάνετε.
1643 2597 1677 2623 ¹¹Α
1700 2596 1803 2630 λέγετε
1826 2596 1863 2622 ἐν

1074 2642 1139 2674 ταῖς
1154 2641 1288 2675 καρδίαις
1304 2641 1396 2676 ὑμῶν,
1410 2641 1458 2667 ἐπὶ
1473 2641 1539 2674 ταῖς
1555 2642 1667 2675 κοίταις
1678 2641 1761 2676 ὑμῶν
1775 2649 1863 2668 κατα-

1074 2687 1194 2722 νύγητε.
1217 2687 1259 2718 Ὠς
1274 2686 1342 2722 πρὸς
1357 2687 1420 2718 τοὺς
1443 2686 1523 2718 ἰδίους
1547 2687 1627 2713 αὑτοῦ
1650 2687 1737 2713 ταῦτα
1759 2694 1859 2722 φησιν.
