1938 3053
65 122 88 147 Π

62 179 99 214 χῆς
119 175 221 210 δηλονάτι
238 175 375 209 δυνάμεις.
389 173 445 200 Καὶ
457 173 509 204 σὺ,
524 173 623 207 Κύριε,
647 173 702 206 ἕως
718 173 807 204 adre;
821 175 845 202 Α

62 224 77 249 Τ
79 225 103 258 ῆς
114 220 254 257 πολυχρόνον
269 219 412 255 μετανοίας
419 218 450 245 τὸ
468 218 543 253 ῥῆμα.
558 217 772 254 παραστατικόν.

91 266 268 300 Ἐπίστρεψον,
282 265 382 299 Κύριε,
392 264 487 298 ῥῦσαι
497 263 553 297 τὴν
565 264 670 299 ψυχήν
678 272 748 298 μου.
766 263 809 294 Ὠς

59 311 248 347 ἀπεστραμμένου
277 309 360 337 αὐτοῦ
387 310 507 346 δηλονότι
524 310 568 337 διὰ
589 310 639 345 τὴν
660 309 807 345 ἁμαρτίαν.

58 359 141 386 Σῶσόν
150 357 286 392 psi-fruar
299 357 352 383 τοῦ
364 357 469 390 ἐλέους
482 366 550 384 σου.
576 357 633 383 Πᾶν
645 358 699 392 γὰρ
715 356 744 382 τὸ
760 356 809 391 τῆς

59 404 167 440 σωτηρίας
178 403 246 439 ἡμῶν
261 403 300 438 τῷ
313 403 380 438 ἐλέῳ
395 403 539 430 ἀναθετέον
552 403 599 429 τοῦ
615 402 694 429 Θεοῦ.

54 478 57 480 ,
83 452 136 477 ὀτι
157 451 204 477 οὺιι
227 449 312 476 ἐστιν
326 449 361 475 ἐν
376 449 416 481 τῷ
430 449 547 482 θανάτῳ
573 450 590 475 ὁ
611 448 810 483 μνημονεύων

56 503 110 522 σου.
132 494 224 529 Ἐπειδὴ
239 494 343 530 μακρός
352 503 396 529 μοι
412 494 517 528 γέγονε,
531 494 622 529 φησιν,
636 494 708 528 ὁτῆς
724 501 808 527 μετα-

55 542 112 572 νοίας
126 540 217 576 καιῷς,
232 540 337 566 δέδοικα
357 540 394 575 μὴ
412 539 502 576 φθάσῃ
519 540 564 566 τὸν
580 539 656 575 παρὰ
672 538 719 565 σοῦ
734 539 809 565 ἔλεον

55 590 65 613 ὁ
77 588 178 618 θάνατος,
192 587 218 613 ἐν
233 583 254 620 ᾧ
269 587 302 613 τὰ
313 588 362 621 τῆς
374 586 592 622 ὲξομολογήσεως
603 586 651 612 οὐκ
664 585 732 612 ἔστι.
743 585 810 612 Τού-

53 642 88 659 του
102 634 169 668 χάριν
182 632 338 667 ἐπιταχύναι
351 632 397 658 τὸν
416 632 490 658 ἔλεον
506 631 584 658 αἰτῶ.

85 679 223 705 ἐκοπίασα
243 678 280 705 ἐν
295 678 334 710 τῷ
356 677 513 713 στεναγμῷ
538 687 607 713 μου.
636 677 809 712 Ἀκούσωμεν

52 726 96 751 οἵαν
109 727 121 751 ὁ
138 725 254 760 βασιλεὺς
279 724 422 760 μετάνοιαν
444 724 611 757 ἐπεδείξατο.
638 724 694 759 UDX
715 722 809 754 ἁπλῶς

53 772 142 806 Euasit,
156 771 207 797 ἀλλ’
220 771 348 797 ἐκοπίασε
366 770 503 803 στενάζων
512 778 519 785 η
533 771 581 805 οὐχ
592 769 685 801 ἁπλῶς
697 770 809 805 ἐδάκρυ-

52 825 95 847 σεν,
107 816 164 843 ἀλλά
176 817 220 853 τὴν
229 817 323 851 κλίνην
335 816 437 848 ἔλουσε,
447 817 493 843 καὶ
508 816 568 843 καθ’
585 816 702 851 ἑκάστην
713 815 805 842 νύκτα.

52 861 93 887 Καὶ
113 862 137 888 οὐ
155 862 182 888 τὸ
197 862 330 898 παρελθὸν
343 864 448 894 σκοπεῖ,
465 862 532 888 ἀλλὰ
553 862 599 888 καὶ
613 861 809 896 ἐπαγγέλλεται

49 909 93 938 τοῖς
106 908 165 943 πρὸς
174 908 201 934 τὺ
219 908 315 944 μέλλον
330 907 373 934 διὰ
389 909 479 943 πάσης
494 908 544 943 τῆς
561 908 634 943 ζωῆς
646 916 653 923 ’
675 907 722 934 καὶ
741 907 770 935 ὂν
785 908 810 934 οἱ

53 953 126 980 πολλοὶ
138 954 270 981 ποιοῦνται
288 955 416 985 αἰνέσεως
432 953 572 989 [ἀνέσεως]
587 953 696 988 καιρὸν,
717 952 810 979 τοῦτον

48 1001 130 1031 ἐκεῖνος
144 1000 367 1036 ἐξομολογήσεως.
377 1001 483 1027 Λούσω
493 1000 557 1026 καθ’
570 999 705 1033 ἑκάστην
717 1000 812 1026 νύκτα

48 1044 93 1077 τὴν
107 1046 204 1080 κλίνην
222 1056 295 1081 μου.
317 1046 389 1073 Ἀντὶ
415 1046 489 1081 μιᾶς,
515 1046 592 1080 φησὶ,
616 1046 721 1078 νυκτὸς,
749 1045 810 1072 καθ’

45 1090 71 1124 ἦν
90 1091 132 1126 τὴν
146 1093 281 1128 ἁμαρτίαν
299 1093 426 1127 ἐποίησα,
447 1091 546 1123 πολλὰς
561 1092 696 1118 διετέλεσα
711 1091 812 1123 νύκτας

45 1135 139 1171 δάκρυσι
151 1137 250 1173 βρέχων
261 1137 311 1173 τὴν
330 1138 475 1173 στρωμνήν
496 1146 559 1172 μου.

73 1180 216 1217 Ἔταράχθη
228 1183 288 1210 ἀπὸ
300 1183 395 1218 θυμοῦ
412 1184 427 1209 ό
443 1183 596 1217 ὀφθαλμός
607 1191 677 1217 μου.
697 1181 812 1217 Ὀφθαλ-

46 1227 83 1261 μὸν
94 1228 119 1254 δὲ
131 1229 173 1255 τὸν
187 1229 248 1255 νοῦν
264 1229 350 1263 λέγει,
367 1229 459 1264 ἐπειδὴ
473 1229 487 1255 ὁ
501 1229 640 1264 ὀφθαλμὸς
659 1229 709 1264 τῆς
722 1228 812 1263 ψυχῆς

42 1273 101 1300 ἐστιν
115 1274 209 1307 ὑνοῦς.
231 1274 437 1309 Ἐπαλαιώθην
461 1275 496 1302 ἐν
517 1274 591 1301 πᾶσι
609 1273 672 1306 τοῖς
694 1273 812 1308 ἐχθροῖς

41 1329 96 1354 μου.
112 1323 237 1350 Ἐνταῦθα
248 1324 295 1351 τὸν
310 1324 405 1359 χρόνον
419 1323 494 1358 δηλοῖ
503 1324 552 1358 τῆς
567 1322 763 1354 κακοπαθείας.

69 1366 122 1403 [Ὃν
138 1370 183 1396 καὶ
193 1370 222 1396 ἐν
233 1370 311 1404 τάξει
323 1369 535 1405 κατορθώματος
549 1370 682 1404 κέκτηται
696 1389 703 1402 ,
719 1368 763 1395 διὰ
782 1368 812 1395 τὸ

41 1413 110 1440 πολὺν
121 1413 211 1452 εἶναι]

68 1460 118 1487 ὀτι
130 1461 294 1496 εἰσήκουσε
302 1462 408 1496 Κύριος
415 1461 472 1496 τῆς
481 1461 584 1497 φωνῆς
593 1461 646 1488 τοῦ
657 1461 811 1496 κλαυθμοῦ

37 1515 93 1539 μου.
109 1508 149 1540 Ὧς
161 1509 211 1544 ήδη
226 1509 414 1541 εἰσακουσθεὶς
430 1508 534 1544 μακρὸν
549 1507 620 1534 κατὰ
633 1508 687 1534 τῶν
706 1507 812 1543 ἐχθρῶν

39 1554 139 1590 συνείρει
151 1555 240 1590 λόγον,
254 1556 294 1582 Οὐ
312 1555 398 1590 μικρὰ
415 1554 443 1580 δὲ
458 1555 505 1581 καὶ
523 1553 592 1589 αὕτη
619 1554 688 1590 πρὸς
710 1553 810 1590 ἀρετὴν

37 1598 95 1631 ὁδὸς,
106 1600 134 1626 τὸ
147 1601 257 1636 φεύγειν
275 1601 321 1627 καὶ
338 1600 531 1636 διακρούεσθαι
553 1600 602 1632 τὰς
614 1600 668 1626 τῶν
685 1599 811 1636 πονηρῶν

39 1648 172 1681 συνωσίας.
189 1647 276 1681 Οὗτος
291 1649 345 1685 γὰρ
356 1649 406 1684 τῆς
421 1649 564 1684 μετανοίας
578 1649 685 1684 καρπὸς
701 1649 812 1676 καὶτῶν

37 1691 144 1729 δακρύων
171 1695 205 1721 τὸ
220 1695 328 1731 κέρδος.
348 1696 383 1721 Ἢ
412 1694 527 1726 ἐλλιπῶς
554 1694 645 1727 τοῦτο,
662 1694 723 1721 ἀντὶ
746 1694 810 1721 τοῦ⁸

35 1738 76 1770 Δὸς
95 1740 178 1767 εέπεῖν
199 1742 257 1773 τοῖς
281 1740 492 1775 ἐπεμϐαίνουσιν
505 1737 612 1776 ἐχθροῖς
624 1749 632 1755 '
652 1741 812 1776 Ἀπόστητε,

36 1784 68 1810 ὅτι
78 1786 265 1824 εἰσηκούσθην,
282 1788 322 1814 ὅτι
338 1786 522 1823 προσεδέχθην
533 1788 547 1813 ὁ
559 1787 602 1814 διὰ
615 1787 664 1823 τῆς
677 1787 813 1823 ἁμαρτίας

34 1829 166 1863 ἀπωσθείς.

824 846 845 874 Β

825 1524 846 1554 C

36 1918 176 1948 ΨΑΛΜΟΣ
187 1920 228 1954 τῷ
243 1920 346 1953 Δαυῒδ,
366 1919 402 1948 ὃν
417 1918 475 1957 ᾖσε
488 1919 526 1953 τῷ
543 1921 640 1954 Κυρίῳ
654 1919 730 1954 ὑπὲρ
755 1920 814 1948 τῶν

170 1969 275 2003 λόγων
290 1967 386 1994 Χουσὶ
399 1967 466 1994 υἱοῦ
484 1967 606 2002 Ἰεμινεῖ.
621 1969 660 1994 Z'.

340 2013 503 2045 Ύπόθεσις.

36 2056 210 2095 ,Αριιεταῖρος
233 2059 283 2085 τοῦ
310 2058 389 2085 ama
405 2059 419 2085 ὁ
438 2058 541 2090 Χουσὶ,
567 2057 596 2089 ὃς
621 2057 814 2084 ἀποστέλλεται

61 2104 130 2139 παρὰ
148 2105 196 2131 τοῦ
211 2105 295 2131 Δαυῗδ
311 2105 378 2138 πρὸς
388 2103 564 2139 Ἀὁεσσαλὼμ
575 2104 620 2130 ἐπὶ
633 2103 671 2138 τῷ
684 2104 816 2140 ἀντιπρᾶ-

61 2147 98 2179 ξαι
120 2150 158 2185 τῷ
188 2151 334 2186 Ἀχιτόφελ
356 2150 452 2185 βουλὰς
472 2149 658 2185 εἰσηγουμένῳ
678 2149 749 2176 κατὰ
768 2149 814 2175 τοῦ

60 2195 149 2222 Δαυῖδ·
166 2197 196 2228 ὃς
214 2197 264 2223 καὶ
276 2195 418 2228 ἀπελθὼν,
436 2196 482 2222 καὶ
499 2196 644 2232 προδοσίαν
666 2195 812 2230 ὑποκρινά-
828 2207 850 2234 D

60 2249 143 2274 μενος,
152 2242 256 2278 βουλῆς
269 2242 465 2278 προστεθείσης
478 2242 552 2277 παρὰ
561 2242 607 2268 τοῦ
623 2241 811 2276 ⁷Λ6εσσαλὼμ,

58 2287 126 2322 αὐτῷ
137 2297 166 2314 τε
185 2289 225 2324 τῷ
237 2289 325 2315 Χουσὶ
338 2289 385 2315 καὶ
401 2288 439 2324 τῷ
459 2287 614 2323 Ἀχιτόφελ·
634 2288 682 2314 καὶ
700 2287 746 2314 τοῦ
764 2287 812 2322 μὲν

58 2334 210 2366 κελεύοντπ
231 2334 401 2366 ἐπιδιώκειν,
416 2334 463 2361 τοῦ
486 2334 638 2369 ’Λχιτόερελη
652 2333 697 2360 τοῦ
717 2334 745 2360 δὲ
764 2333 811 2369 μὴ,

56 2379 99 2405 τοῦ
112 2379 195 2407 Χρυσί
209 2389 216 2396 ·
234 2381 267 2407 οὐ
284 2380 338 2416 γὰρ
354 2381 394 2406 δεῖ
403 2380 569 2416 ἀπράκτως,
587 2380 686 2415 φησὶν,
708 2379 813 2406 ἐπιέναι

55 2425 127 2460 ἀνδρὶ
141 2426 322 2461 ἐπισταμένῳ
337 2425 370 2452 τὰ
383 2425 512 2461 πολέμια·
529 2425 576 2451 καὶ
589 2425 676 2460 τούτῳ
688 2424 726 2459 τῷ
742 2425 814 2460 λόγῳ

55 2467 238 2501 διασώσαντος
252 2470 299 2496 τὸν
311 2470 390 2496 Δαυῖδ
400 2478 407 2484 ·
424 2470 460 2501 ὡς
475 2470 507 2497 ἂν
517 2470 554 2505 μὴ
569 2469 742 2506 ἀνθρωπίνης
753 2471 814 2496 ἐπι-

54 2512 163 2551 κούρίας
178 2516 347 2551 σωζόμενος,
368 2516 406 2551 τῷ
425 2516 484 2551 Θεῷ
499 2516 548 2551 τὴν
566 2517 636 2552 ὑπὲρ
652 2516 753 2543 τούτων
769 2517 814 2542 εὑ-

53 2562 232 2597 χαριστὴριον
252 2561 324 2597 ᾠδὴν
338 2562 512 2596 ἀναπέμπει,
530 2562 560 2588 τὸ
577 2563 631 2588 πᾶν
655 2562 758 2588 ἐκείνου
780 2563 812 2597 τῇ

53 2607 142 2642 χάριτι
155 2607 313 2640 ἀνατιθεὶς,
330 2607 480 2643 ἀνθρώπων
497 2607 525 2633 δὲ
537 2607 632 2634 οὐδενί.

52 2653 139 2687 Κύριε
149 2655 166 2680 ὀ
184 2654 264 2686 Θεός
277 2662 342 2687 μου,
356 2654 405 2680 ἐπὶ
421 2654 469 2680 σοὶ
490 2653 618 2688 ἤλπισα.
643 2654 752 2689 Ἐπειδὴ
767 2654 814 2680 ἀν-

28 2699 127 2735 ιρώπῳ,
143 2701 214 2736 φησὶ
227 2721 236 2731 ,
259 2701 323 2736 περὶ
339 2700 474 2735 σωτηρίας
485 2700 516 2726 οὐ
533 2700 638 2736 θαρρῶ,
666 2702 689 2726 εἱ
705 2701 753 2727 καὶ
767 2700 814 2727 τοῦ

28 2744 99 2771 (ουτὶ
112 2747 136 2772 οἱ
151 2746 232 2780 λόγοι
248 2745 337 2778 καλοὶ,
352 2747 437 2772 σῶσόν
451 2755 484 2782 με
498 2747 544 2773 καὶ
560 2748 591 2773 ἐκ
603 2747 657 2773 τῶν
673 2748 814 2783 παρόντων

28 2791 64 2816 ιὲν
80 2792 200 2827 ἐχθρῶν,
220 2792 343 2827 μάλιστα
355 2792 384 2819 δὲ
395 2793 448 2819 ἀπὸ
460 2792 505 2819 τοῦ
517 2793 706 2829 ἐφεδρεύοντος
720 2793 814 2829 νοητοῦ

28 2834 120 2869 ιέοντος
131 2839 165 2873 τῇ
181 2836 312 2873 ἡμετέρᾳ
328 2837 411 2873 ψυχῇ·
675 2835 678 2844 Ι

582 115 762 144 EXPOSITIO
774 112 815 142 ἸΝ
836 113 999 142 PSALMUM
1024 114 1079 141 VII.

1612 113 1648 141 78

860 177 902 199 cet
923 171 1076 199 facultates.
1101 170 1133 198 Et
1157 175 1196 203 tu,
1222 170 1345 202 Domine,
1369 171 1523 206 usquequo?
1538 169 1648 199 Dium:-

861 226 923 245 nam
936 217 1124 252 penitentiam
1141 216 1261 244 declarat
1271 217 1325 244 hoc
1340 216 1454 244 dictum.

895 264 922 291 5.
939 264 1104 295 Convertere,
1118 263 1237 295 Domine,
1263 263 1333 297 eripe
1354 263 1471 290 animum
1487 271 1582 290 meum.
1599 262 1647 298 (Id

860 310 918 345 ait)
933 311 1012 346 quasi
1027 310 1143 337 Domino
1157 310 1192 337 ob
1206 314 1345 344 peccatum
1360 317 1469 336 averso.
1483 308 1593 336 Salvum
1608 317 1648 336 me

861 356 903 386 fac
917 360 1023 390 propter
1037 355 1245 382 misericordiam
1262 360 1345 381 tuam.
1369 353 1466 381 Totum
1484 354 1580 381 salutis
1595 361 1647 380 no—

861 405 923 428 stra:
937 401 1078 437 negotium
1093 401 1287 429 misericordia:
1304 400 1350 427 Dei
1367 401 1568 428 ascribendum.

894 447 920 474 6.
939 446 1070 479 Quoniam
1088 455 1140 474 non
1163 452 1202 474 est
1224 447 1253 473 in
1274 451 1357 473 morte
1368 447 1413 481 qui
1435 454 1534 473 memor
1544 446 1580 473 sit
1597 446 1645 472 tui.

860 491 1007 524 Quoniam,
1026 493 1125 528 inquit,
1147 493 1308 520 diuturnum
1336 492 1403 519 mihi
1418 496 1460 519 est
1481 491 1648 526 paenitentiae

860 542 980 573 tempus,
996 538 1080 565 timeo
1099 546 1132 565 ne
1154 546 1229 565 mors
1244 543 1319 565 tuam
1345 537 1561 565 misericordiam
1579 545 1648 572 prae-

862 589 960 616 vertat,
976 585 1020 611 ubi
1037 584 1128 611 nullus
1140 584 1191 610 erit
1207 583 1371 611 confessioni
1384 584 1473 610 locus.
1491 583 1577 619 Cujus
1589 591 1648 618 gra-

860 630 908 662 tia,
925 636 1063 657 maturare
1077 629 1294 656 miscricordiam
1311 633 1384 656 tuam
1403 629 1520 663 postulo.

894 674 919 700 7.
939 673 1072 701 Laburari
1088 674 1115 700 in
1129 674 1227 709 gemitu
1240 670 1306 701 meo.
1321 673 1472 700 Audiamus
1488 674 1559 709 regis
1575 675 1647 701 illius

859 710 1057 754 pmnitentiam,
1074 719 1120 754 qui
1145 727 1196 746 non
1215 719 1303 746 solum
1324 719 1467 752 laboravit,
1491 719 1537 746 sed
1561 719 1642 746 etiam

860 765 1170 800 ingemiscemimnagno
1186 764 1295 792 afl‘ectus
1311 767 1352 791 est.
1365 764 1473 797 dolore;
1490 771 1542 791 non
1558 764 1646 791 solum

860 811 1071 845 collacrymatus
1088 815 1151 842 est,
1179 810 1225 837 sed
1249 809 1315 836 lavit
1342 817 1389 844 per
1408 809 1528 844 singulas
1555 803 1648 837 noc'tes

860 857 958 884 lectum
984 864 1074 883 suum.
1094 855 1187 891 Neque
1219 861 1307 883 tamen
1333 855 1359 882 id
1380 856 1424 883 ille
1448 855 1558 890 respicit
1575 855 1648 890 quod

859 901 914 936 jam
932 902 1073 936 praeteriit,
1099 903 1146 929 sed
1171 902 1271 929 similia
1293 901 1428 929 facturum
1453 909 1482 929 se
1504 901 1649 936 pollicetur

860 956 909 982 per
921 952 1006 974 totum
1025 948 1086 974 vitae
1103 953 1208 982 tempus
1223 958 1228 974 :
1247 952 1273 975 et
1288 947 1361 983 quod
1379 947 1424 974 alii
1440 953 1545 982 tempus
1558 947 1648 974 laudi-

861 993 912 1020 bus
926 993 1078 1026 insumunt,
1095 993 1120 1020 id
1147 994 1191 1020 ille
1210 994 1375 1021 confessioni
1393 994 1514 1028 deputat.
1540 993 1647 1021 Lavabo

860 1047 906 1074 per
929 1039 1047 1074 singulas
1067 1045 1153 1066 noctes
1176 1039 1270 1066 lectum
1285 1047 1381 1066 meum.
1406 1039 1458 1066 Pro
1474 1043 1554 1066 nocte
1579 1047 1644 1072 una,

861 1084 961 1119 inquit,
977 1092 1060 1119 quam
1074 1085 1212 1120 peccando
1233 1085 1361 1120 transegi,
1379 1085 1481 1112 multas
1504 1085 1580 1120 exegi
1597 1093 1647 1112 no~

860 1134 918 1156 ctes
933 1129 1047 1164 rigando
1062 1119 1190 1165 lacryinis
1205 1130 1305 1157 lectum
1319 1138 1421 1157 meum.

902 1175 928 1202 8.
946 1175 1077 1202 Turbatus
1090 1181 1128 1203 est
1141 1185 1157 1202 a
1167 1176 1258 1211 furore
1269 1177 1359 1204 oculus
1369 1185 1450 1204 meus.
1463 1176 1579 1204 Mentem
1593 1177 1647 1211 ait;

861 1222 919 1256 ipsa
935 1221 1034 1256 quippe
1048 1226 1089 1249 est
1108 1223 1206 1249 animae
1225 1223 1331 1250 oculus.
1349 1223 1494 1250 lnveteravi
1510 1224 1578 1250 inter
1591 1231 1648 1250 om-

862 1275 906 1294 nes
922 1267 1042 1294 inimicos
1065 1276 1144 1295 mens.
1171 1268 1220 1295 Hic
1233 1273 1339 1304 tempus
1353 1277 1480 1296 aerumna:
1493 1269 1609 1296 declarat

899 1313 986 1349 [Quod
1003 1314 1029 1341 in
1057 1319 1131 1342 recte
1154 1314 1286 1342 factorum
1314 1323 1427 1342 numero
1453 1315 1569 1350 reponit,
1585 1315 1648 1350 quia

862 1361 977 1387 multum
996 1359 1069 1396 fuit.]

895 1465 921 1492 9.
939 1464 1070 1496 Quoniam
1087 1465 1222 1492 exaudivit
1240 1465 1368 1494 Dominus
1385 1475 1471 1494 vocem
1487 1468 1565 1502 ﬂetus
1588 1466 1649 1496 me'i.

863 1507 948 1542 Quasi
975 1509 1032 1544 jam
1062 1511 1208 1538 exauditus
1239 1511 1350 1546 longum
1388 1517 1484 1540 contra
1523 1513 1650 1541 inimicos

864 1555 984 1581 contexit
998 1562 1163 1581 sermonem.
1181 1554 1236 1583 Nec
1255 1556 1368 1583 minima
1386 1556 1431 1584 illa
1456 1561 1498 1585 est
1515 1557 1549 1584 ad
1564 1558 1651 1585 virtu-

862 1605 916 1628 tem
930 1600 985 1634 via,
997 1600 1089 1635 fugcre
1100 1605 1126 1628 el
1140 1601 1257 1635 abjicere
1269 1601 1456 1637 improborum
1468 1604 1647 1631 consortium.

863 1644 912 1673 ilic
925 1647 996 1673 enim
1023 1650 1065 1673 est
1091 1647 1258 1681 pmnitentiae
1283 1647 1389 1675 fructus
1415 1653 1442 1676 ct
1466 1649 1648 1685 lacrymarum

863 1690 982 1719 lucrum.
995 1691 1050 1718 Aut
1061 1691 1188 1720 fortassis
1205 1693 1271 1720 illud
1291 1701 1340 1728 per
1352 1694 1459 1729 ellipsin
1482 1695 1583 1722 dictum
1596 1701 1649 1727 est,

864 1741 894 1764 ut
907 1737 1076 1773 intelligatur
1092 1747 1098 1765 :
1115 1739 1240 1767 Concede
1264 1740 1342 1767 nobis
1356 1745 1384 1767 ut
1407 1741 1531 1770 dicamus
1546 1743 1579 1770 iis
1602 1742 1650 1776 qui

863 1783 891 1810 in
911 1791 961 1811 nos
977 1783 1259 1812 irruuntadversariis
1273 1795 1279 1812 ι
1296 1785 1451 1818 Abscedite,
1465 1787 1595 1822 quoniam
1606 1794 1651 1814 ex-

863 1829 967 1857 audivit
980 1838 1032 1857 me.
1053 1830 1188 1863 Quoniam
1204 1832 1261 1866 ipse
1272 1836 1416 1866 susceptus
1432 1840 1504 1867 sum,
1522 1833 1568 1868 qui
1584 1840 1649 1869 pec-

864 1875 917 1903 cati
934 1883 1017 1902 causa
1032 1877 1164 1910 expulsus
1180 1877 1297 1904 fueram.

935 1919 1106 1948 PSALMUS
1121 1921 1226 1954 Davidi,
1247 1931 1323 1957 quem
1337 1924 1452 1951 cantavit
1469 1923 1579 1951 Domino

990 1976 1037 2002 pro
1052 1968 1135 1994 verbis
1148 1968 1240 2000 C/iusi,
1259 1969 1310 2003 ﬁlii
1323 1969 1431 1996 Jemiui.
1456 1970 1521 1997 VII.

1156 2014 1355 2051 Argumentum.

864 2059 1053 2086 Amicissimus
1067 2059 1159 2086 Davidi
1175 2060 1341 2094 eratChusi,
1367 2061 1414 2096 qui
1440 2059 1557 2089 mittitur
1571 2070 1585 2089 a
1603 2062 1652 2090 Da-

901 2105 961 2132 vide
985 2105 1018 2131 ad
1035 2104 1205 2137 Abessalom,
1220 2110 1249 2132 ut
1263 2105 1435 2141 Achitopheli
1449 2127 1456 2139 ,
1473 2108 1651 2135 consiliorum

901 2157 995 2177 contra
1021 2149 1148 2177 Davidcm
1163 2151 1279 2185 auctori,
1296 2152 1498 2180 adversaretur.
1520 2153 1572 2186 Qui
1589 2161 1650 2180 cum

899 2197 1086 2231 abscessisset,
1099 2205 1131 2225 ac
1142 2197 1323 2232 proditionem
1339 2198 1493 2231 simularet,
1506 2199 1651 2227 consilium

899 2243 1054 2278 postulante
1067 2244 1245 2271 Abessalome
1255 2244 1338 2271 Cltusi
1346 2248 1373 2271 et
1380 2244 1562 2280 Achitopbeli,
1572 2251 1653 2281 atque

899 2289 1042 2316 consilium
1056 2289 1137 2316 dante
1147 2289 1336 2324 Acbitophele,
1347 2295 1377 2318 ut
1386 2290 1513 2318 Davidcin
1525 2291 1653 2326 inseque-

900 2340 974 2361 retur
986 2343 992 2366 ;
1012 2334 1097 2361 Cliusi
1112 2339 1202 2361 autem
1215 2342 1295 2362 secus
1308 2335 1450 2368 suadente,
1460 2343 1515 2362 non
1527 2340 1653 2370 oportere

901 2381 1014 2412 scilicet,
1036 2388 1086 2408 nec
1108 2388 1123 2408 e
1139 2389 1169 2408 re
1191 2380 1259 2412 fore,
1284 2381 1392 2416 insequi
1416 2381 1505 2408 virum
1535 2382 1653 2416 peritum

900 2428 963 2455 belli
980 2437 987 2461 ;
1003 2428 1036 2454 iis
1050 2428 1142 2455 verbis
1157 2427 1287 2455 Davidetn
1303 2429 1431 2455 servavit.
1449 2428 1474 2456 is
1489 2436 1553 2455 vero
1575 2430 1655 2463 quasi

903 2483 958 2502 non
973 2474 1094 2501 humano
1113 2478 1237 2501 servatus
1251 2474 1366 2507 auxilio,
1380 2474 1436 2501 Deo
1452 2475 1588 2502 canticum
1602 2475 1654 2502 hoc

900 2521 927 2548 in
942 2520 1090 2556 gratiarum
1111 2520 1245 2547 actionem
1267 2519 1361 2547 odert:
1372 2519 1486 2554 ejusque
1498 2521 1593 2555 gratiae
1610 2525 1653 2548 to-

901 2571 969 2598 tum,
987 2573 1019 2593 ac
1035 2566 1101 2592 nulli
1114 2566 1257 2593 liouiinum
1273 2566 1396 2593 ascribit.

901 2655 929 2682 2.
940 2654 1051 2682 Domine
1067 2654 1135 2682 Deus
1152 2663 1234 2687 meus,
1252 2654 1278 2680 in
1295 2659 1319 2681 te
1332 2655 1444 2689 speravi.
1457 2653 1602 2687 Quoniam,
1617 2653 1655 2680 ill—

867 2701 936 2735 quit,
954 2701 986 2727 de
1007 2708 1066 2727 mea
1091 2701 1179 2728 salute
1206 2701 1273 2728 nihil
1296 2701 1330 2728 ab
1355 2701 1466 2728 homine
1489 2699 1653 2735 sperandum

866 2751 943 2781 puto,
962 2747 1026 2773 licet
1038 2746 1122 2774 Chusi
1138 2747 1253 2774 consilia
1268 2748 1339 2774 bona
1354 2747 1409 2775 sint
1424 2756 1430 2780 ;
1447 2751 1477 2774 tu
1493 2753 1582 2774 tamen
1598 2745 1654 2772 sal-

866 2799 930 2819 vum
951 2799 994 2818 me
1014 2790 1068 2825 fac,
1096 2792 1247 2826 etquidem
1273 2799 1305 2819 ex
1332 2791 1499 2819 instantibus
1525 2789 1654 2821 inimicis.

867 2837 915 2866 sed
927 2837 1046 2864 maxime
1061 2845 1075 2864 a
1091 2837 1226 2874 spirituali
1240 2838 1331 2871 leone,
1347 2837 1393 2872 qui
1413 2836 1512 2864 animae
1528 2843 1595 2863 mea:
1613 2834 1655 2862 in-

869 2884 953 2912 sidias
968 2888 1055 2917 parat.
