1938 3053
62 256 177 283 δὲπιστοὶ
195 256 327 291 κλήματα.
344 254 375 281 El
393 255 420 282 δὲ
443 255 565 290 βιάζεται
588 258 602 283 ὸ
628 258 764 293 Ἰουδαῖος,
785 261 825 291 εἰς
839 265 861 291 Α

62 302 99 329 οὖν
119 302 199 328 κοινὸν
223 302 266 328 τὸν
289 301 395 336 ψαλμὸν
428 302 556 336 λέγεσθαι
584 303 744 339 ἄνθρωπον
779 306 827 332 καὶ

60 347 134 379 οὕτως
156 347 269 381 γνωστὸν
293 347 381 380 ἔστω,
406 348 443 380 ὡς
464 349 507 376 δια
529 349 609 376 τοῦτο
632 350 720 376 πάντα
752 351 828 386 αὐτῷ

61 393 178 428 ὑπετάγη.
201 392 237 424 ὡς
261 393 290 418 ὲν
311 393 395 420 εἰκόνι
413 393 481 420 Θεοῦ
498 395 622 429 γεγονότι
643 395 689 421 τοῦ
719 396 828 430 μέλλον-

60 447 98 471 τος
111 438 332 475 ἐνανθρωπῆσαι.]

89 527 167 561 Κύριε
180 528 195 553 ὀ
208 527 314 561 Κύριος
329 528 412 562 ἡμῶν
422 548 429 560 ,
445 529 485 561 ὡς
498 530 671 564 θαυμαστὸν
683 530 715 556 τὸ
733 529 827 565 ὄνομά

59 579 108 600 σου
121 573 152 599 ἐν
165 574 242 607 πάσῃ
256 573 294 607 τῇ
312 573 370 607 γῇ]
387 574 583 610 Ἐκπλήττεται
598 576 648 611 τὴν
666 577 706 607 είς
724 576 828 612 ἀνθρώ-

60 626 116 650 πους
139 617 255 644 δοθεῐπαν
281 619 382 653 γνῶσιν
402 619 450 646 τοῦ
465 621 595 655 ὀνόματος
607 621 655 647 τοῦ
673 621 751 649 Θεοῦ.
769 623 827 650 Οὐκ

59 663 91 688 Et:
105 663 154 698 γὰρ
171 663 258 698 μόνοις
272 665 328 696 τοῖς
344 666 373 691 ὲν
386 666 418 700 τῇ
441 665 555 701 Ἰουδαίᾳ
570 667 689 700 γνωστὸς
704 667 718 692 ὁ
731 667 805 699 Θεός.

93 709 136 735 Ἐκ
154 709 299 743 στόματος
318 709 434 742 νηπίων
450 710 499 736 καὶ
522 710 709 744 θηλαζόντων
720 721 827 746 κατηρ-

58 752 120 778 τίσω
132 751 221 779 αἶνον.
239 753 301 779 Τῶν
317 753 387 780 κατὰ
404 754 470 780 Θεὸν
487 754 672 789 νηπιαζόντων
682 757 714 791 τῇ
731 757 824 792 κακίᾳ,

59 795 130 824 Τοῦτο
183 799 229 824 καὶ
242 800 272 825 ἐν
288 800 343 830 τοῖς
357 799 533 833 Εὑαγγελίοις
553 800 646 835 σαφῶς
669 802 826 839 ἀναγέγρα-

59 851 113 869 πται
123 843 234 880 εἰρηκὼς
247 845 261 870 ὁ
276 845 381 880 Σωτὴρ,
398 846 442 872 ὅτε
457 846 518 878 τοὺς
536 847 633 879 παῖδας
648 849 673 874 οἱ
684 849 826 884 Φαρισαῖοι

59 889 216 924 ὲπεστόμιξον
227 890 406 924 εὐλογοῦντας
417 891 508 918 αὐτόν.
521 892 629 918 Ἕνεκα
643 892 702 919 τῶν
713 893 826 927 ἐχθρῶν

59 942 106 961 σου
116 935 163 962 τοῦ
177 935 344 963 καταλῦσαι
359 937 468 971 ἐχθρὸν
486 936 533 964 καὶ
547 938 718 972 ἐκδικητὴν.
733 940 766 965 Ἥ
781 939 825 966 τὸν
843 932 863 961 Β

58 979 178 1016 αὶπθητδν,
191 981 206 1016 ἦ
222 981 270 1008 τὸν
286 982 390 1017 νοητὸν,
409 983 424 1018 ἢ
440 983 486 1009 τὸν
511 984 574 1010 λαὸν
596 984 642 1011 τὸν
660 984 803 1012 Ἰουδαϊκόν
817 993 824 1000 '

58 1025 154 1060 ἧλαυνον
167 1027 220 1062 γὰρ
232 1027 271 1059 ὡς
281 1027 377 1062 ἐχθρὸν
398 1028 444 1054 τὸν
467 1029 598 1064 Χριστόν·
616 1030 827 1066 προσεποιοῦντο

57 1069 80 1097 δὲ
88 1071 126 1097 τὸν
140 1072 245 1108 Πατέρα
267 1072 438 1104 ἐκδικοῦντες
454 1073 533 1100 τοῦτο
549 1076 646 1102 ποιεῖν.
669 1075 718 1102 Διὰ
735 1076 824 1107 τοῦτο,

56 1115 103 1142 ἄνω
116 1117 158 1143 καὶ
168 1117 241 1144 κάτω
257 1117 361 1153 ταύτης
375 1119 473 1151 αὐτοὺς
487 1120 645 1156 ἀποστερῶν
664 1122 714 1157 τῆς
729 1122 825 1148 ἀπολο-

57 1161 117 1194 γίας,
131 1162 234 1197 ἔλεγεν·
263 1163 295 1190 '0
311 1163 363 1198 ἐμὲ
376 1164 475 1199 μισῶν
499 1165 548 1192 καὶ
569 1166 622 1192 τὸν
634 1167 750 1201 Πατέρα
766 1177 825 1202 μου

53 1206 131 1239 μισ-εἱ.
150 1207 271 1241 Ἐχθρὸν
284 1209 334 1236 καὶ
351 1209 523 1244 ἐκδικητὴν,
538 1210 582 1237 τὸν
599 1211 720 1239 διάϐολον
731 1212 825 1248 δηλον-

55 1250 97 1278 ότι.
125 1252 246 1289 Ἐπειδὴ,
278 1254 346 1289 μετὰ
376 1255 407 1281 τὸ
431 1256 582 1290 ἀναγκάσαι
606 1257 749 1292 πληρῶσαι
776 1258 825 1294 τὴν

54 1298 183 1333 ἁμαρτίαν,
201 1301 247 1327 καὶ
276 1303 437 1336 τιμωρεῖται
464 1303 526 1334 τοὺς
551 1303 775 1338 ἁμαρτάνοντας,
795 1305 826 1331 τὺ

55 1343 154 1387 μέγεθος
171 1346 262 1378 αὐτοῖς
276 1346 320 1372 τοῦ
339 1347 535 1383 ἁμαρτήματος
547 1349 575 1374 ὲν
589 1348 737 1385 ὀφθαλμοῖς
755 1359 824 1386 παρ-

55 1390 133 1418 ιστών.
152 1391 186 1417 Ἦ
202 1392 247 1418 τὸν
264 1392 328 1419 λαὸν
343 1392 396 1418 τῶν
418 1393 561 1426 Ἰουδαίων,
582 1394 680 1430 ἐχθρὸν
704 1396 753 1430 μὲν
776 1396 825 1431 τῆς

55 1434 174 1470 ἀληθείας,
187 1438 334 1472 ἐκδικητὴν
347 1438 375 1464 δὲ
386 1439 423 1474 τῷ
435 1440 521 1466 δοκεῖν
535 1439 652 1466 ἐκδικεῖν
669 1440 714 1467 τὺν
731 1441 823 1476 νόμον.

84 1481 136 1508 Ὀτι
150 1482 255 1517 ὄψομαι
270 1483 343 1516 τοὺς
355 1484 502 1518 oti-parati;
512 1484 584 1519 ἔργα
598 1484 657 1511 τῶν
670 1485 826 1513 δακτύλων

55 1534 112 1555 σου.
130 1528 237 1555 Ἐκεῖνοι
255 1530 306 1564 μὲν
331 1530 485 1564 ἀγανακτοῦ
492 1539 514 1557 τι
536 1530 590 1557 τῶν
601 1531 704 1567 νηπίων
721 1540 824 1568 καταρ-

55 1571 164 1604 τιζόντων
176 1572 264 1601 αἶνον·
284 1575 340 1608 ἐγὼ
355 1575 382 1602 δὲ
399 1576 430 1602 τὸ
452 1575 612 1612 οὕτωνμέγα
632 1577 678 1604 καὶ
694 1577 824 1614 περικαλ-

55 1614 101 1648 λὲς,
113 1617 171 1648 τοὺς
186 1618 318 1654 οὐρανούς
335 1628 418 1654 φημι,
444 1620 542 1656 μικρόν
563 1630 589 1647 τι
614 1621 694 1657 ἔργον
707 1623 757 1657 τῆς
772 1623 823 1658 σῆς

55 1660 227 1698 δημοδργίας,
243 1664 349 1700 θεωρῶ.

86 1707 113 1733 Tl
129 1708 210 1735 ἐστιν
233 1709 390 1743 ἅνθρωπος
403 1731 410 1743 ,
433 1710 477 1737 ὅτι
500 1712 655 1746 μιμνήσκῃ
673 1712 783 1744 αὐτοῦ;
802 1713 822 1748 ἢ

54 1751 108 1784 υἱὸς
121 1753 284 1788 ἀνθρώπου,
303 1755 348 1781 ὅτι
365 1755 531 1790 ἐπισκέπτῃ
547 1757 641 1783 αὐτόν
651 1765 660 1788 ;
683 1757 822 1785 Hidmo-

54 1803 103 1830 σας
125 1799 214 1826 αὑτὸν
237 1800 341 1835 βραχύ
358 1809 385 1827 τι
411 1802 479 1835 παρ’
499 1801 654 1837 ἀγγέλους.
668 1802 759 1830 Ταῦτα
775 1803 822 1830 τοῦ

54 1842 147 1870 Παύλου
171 1846 264 1881 σαφῶς
285 1847 331 1873 ἐπὶ
356 1847 401 1873 τὸν
416 1847 531 1883 Σωτῆρα
543 1848 622 1884 ἡμῶν
636 1849 822 1884 ὲξειληφότος,

53 1888 180 1923 ἀρκεῖσθαι
195 1894 228 1928 τῇ
241 1893 346 1919 ἐκδόσει
362 1894 425 1928 χρή.

83 1937 175 1966 Πάντα
193 1940 345 1973 ὑπέταξας
360 1941 499 1968 ὑποκάτω
516 1941 576 1969 τῶν
597 1942 697 1970 ποδῶν
718 1944 821 1972 αὑτοῦ.

53 1982 131 2010 Εἰπὼν
145 1985 158 2011 ὁ
175 1985 238 2017 Θεὸς
249 1994 256 2001 υ
273 1986 449 2021 Ποιήσωμεν
466 1986 621 2021 ἄνθρωπον
642 1990 706 2016 κατ’
722 1991 824 2018 εἰκόνα

52 2028 183 2063 ἡμετέραν
197 2032 245 2058 καὶ
260 2032 414 2066 ὁμοίωσιν,
429 2033 552 2069 ἐπήγαγε
561 2043 567 2049 -
579 2035 635 2061 Kal
649 2035 824 2070 ἁρχέτωσαν

53 2073 103 2100 τῶν
115 2076 219 2109 ιχθύων
240 2077 295 2111 τῆς
311 2077 478 2112 θαλάσσης,
493 2080 540 2106 καὶ
561 2081 616 2112 τοῖς
633 2081 736 2113 λοιποῖς
753 2082 823 2110 κατὰ

55 2119 125 2155 μέρος
139 2122 323 2159 ἐπεξέρχεται,
352 2121 392 2155 οἷς
420 2125 558 2158 ἐπιλέγει·
583 2125 756 2158 Αὺξάνεσθε
774 2127 823 2154 καὶ

54 2167 226 2198 πληθύνεσθε
238 2169 288 2196 καὶ
312 2169 488 2203 πληρώσατε
500 2170 557 2205 τὴν
572 2171 642 2206 γῆν,
661 2172 717 2198 ml
732 2181 823 2200 κατα-

54 2212 214 2243 κυριεύσατε
235 2213 343 2247 αὐτῆς·
368 2216 400 2250 τῇ
425 2215 478 2251 γὰρ
503 2215 597 2252 λογικῇ
618 2217 707 2251 φύσει,
728 2218 765 2250 ὡς
790 2219 823 2245 ἂν

54 2254 200 2309 ἑμριωγιένῃ
212 2259 341 2309 Sadalen»;
351 2261 420 2287 κατὰ
431 2261 539 2288 πάντων
555 2263 642 2298 ἀρχὴν
656 2264 820 2300 ἐδωρήσατο.
839 2280 861 2309 D

55 2299 100 2327 Καὶ
114 2302 222 2339 δύναμιν
245 2306 260 2331 ὁ
273 2305 415 2342 ἄνθρωπος
435 2307 524 2335 λαϐὼν
536 2309 586 2343 τῆς
602 2309 694 2346 θεῖκῆς
707 2299 819 2345 εἰκόνος,

55 2345 86 2378 ὡς
105 2347 221 2394 βασιλεὺς
244 2352 370 2379 ἁπάντων
392 2353 466 2379 ἐστὶν
479 2355 493 2380 ὁ
509 2354 590 2388 Θεὸς,
616 2345 703 2388 οὕτως
729 2357 821 2394 ἄρχων

55 2393 158 2429 κατέστη
172 2395 225 2422 τῶν
241 2397 287 2423 ἐπὶ
302 2398 363 2432 γῆς.
381 2398 411 2424 Ei
421 2398 449 2424 δὲ
467 2398 618 2432 καθολικῶς
629 2401 750 2437 εἴρηται·
766 2403 822 2430 Kal

54 2439 225 2482 ψτέστησας
238 2443 330 2470 αὐτὸν
343 2444 392 2470 ἐπὶ
410 2443 446 2470 τὰ
458 2445 530 2479 ἔργα
549 2446 608 2472 τῶν
624 2447 730 2480 χειρῶν
745 2456 802 2475 σου
814 2470 821 2482 ,

53 2480 118 2517 λέγει
129 2485 292 2522 simulas,
309 2489 365 2515 Kal
381 2489 452 2524 ἔργα
470 2491 530 2517 τῶν
544 2492 650 2526 χειρῶν
662 2501 720 2520 σου
743 2480 822 2521 εἰσὶν

54 2529 79 2575 Ol
88 2530 200 2564 οὐρανοί
207 2542 214 2548 ο
226 2533 305 2568 δῆλον
325 2534 363 2566 ὡς
375 2535 420 2561 ἐπὶ
429 2537 491 2568 τοὺς
505 2537 636 2571 οὐρανοὺς
655 2539 820 2575 κατέστησεν

54 2573 134 2609 αὑτὸν,
149 2579 194 2605 καὶ
209 2580 312 2614 μήποτε
333 2581 498 2616 ἀποῤῥήτως
516 2584 565 2618 τὴν
588 2584 617 2610 ἐν
634 2586 756 2620 οὐρανοῖς
768 2573 820 2622 οη-

55 2621 282 2671 ὲιαίνειῌξιατριὸῂν
299 2627 352 2654 τῶν
367 2627 482 2662 ὰπὸ-γῆς
499 2629 587 2656 ἐκεῖσε
605 2631 820 2668 μεθισταμένων,

53 2667 92 2692 ὅτε
112 2667 231 2702 μέλλουσι
257 2669 391 2704 βασιλείαν
416 2671 537 2707 οὐρανῶν
559 2667 754 2710 κληρονομεῖν,
782 2677 820 2710 ὡς

55 2709 216 2745 ὶπήγγελται.
233 2716 311 2749 Λέγει
322 2716 349 2742 δὲ
363 2717 408 2743 καὶ
425 2717 530 2750 Παῦλος
540 2727 546 2733 ·
568 2709 752 2756 κληρονόμοι

57 2800 150 2862 ’τρεῖξῖ
159 2800 564 2875 223%.“."5k01313ﬂ3.fit,
579 2807 621 2834 16.
660 2809 682 2825 ⁷³
692 2808 769 2838 Joan.
796 2819 841 2844 xv,

605 196 785 232 EXPOSITJO
804 199 837 226 IN
856 198 1021 226 PSALMUM
1046 198 1110 227 VIII.

1625 202 1660 230 8!

876 259 966 287 habet.
998 258 1223 294 Quandoquidem
1257 257 1420 293 Unigenitus
1453 258 1537 291 vitis,
1566 259 1659 288 ﬁdeles

878 312 942 332 vero
961 304 1086 339 palmites
1102 307 1234 330 vocantur
1249 302 1293 329 η’.
1311 301 1388 335 Quod
1411 302 1434 329 si
1451 302 1596 330 contendat
1609 301 1659 330 Ju-

877 351 963 382 dasus,
979 351 1112 384 psalmum
1129 349 1156 375 in
1173 348 1311 375 communi
1324 348 1356 375 de
1370 348 1479 376 homine
1492 348 1543 376 dici
1557 357 1565 381 ;
1579 349 1660 375 etiam

877 397 929 423 hoc
940 401 1018 430 pacto
1035 400 1127 422 notum
1141 394 1186 426 sit,
1199 393 1271 429 quod
1286 387 1347 421 ideo
1361 395 1452 421 omnia
1471 394 1522 429 ipsi
1537 394 1657 428 subjecta

877 447 953 475 sunt,
973 442 1036 477 quia
1055 441 1088 468 ad
1115 441 1259 475 imaginem
1276 439 1335 473 Dei,
1357 440 1404 474 qui
1427 447 1536 467 carnem
1554 447 1662 467 assum-

877 493 972 523 pturus
983 492 1053 518 erat,
1070 487 1159 514 factus
1173 486 1238 522 est.]

911 534 939 561 2.
962 533 1074 560 Domine
1091 532 1222 559 Dominus
1245 536 1342 564 noster,
1355 540 1432 567 quam
1450 529 1606 557 admirabile
1622 533 1660 557 est

877 588 970 608 nomen
985 584 1059 607 tuum
1080 580 1107 606 in
1131 579 1254 606 universa
1268 583 1340 605 terra
1351 578 1361 604 .'
1375 576 1550 612 Obstupescit
1563 576 1599 603 ob
1613 575 1662 602 da-

877 631 931 654 tam
957 625 1075 653 nominis
1101 625 1149 652 Del
1173 624 1330 651 hominibus
1351 623 1486 650 notitiam.
1505 622 1565 649 Non
1590 621 1661 649 ultra

877 673 949 700 enim
965 671 1032 699 solis
1047 671 1081 698 iis
1095 670 1143 705 qui
1159 670 1186 697 in
1205 669 1298 697 Iudaea
1312 674 1376 697 sunt
1392 674 1473 696 notus
1491 672 1533 695 est
1548 667 1630 695 Deus.

912 718 938 745 5.
957 717 999 744 Ea:
1012 725 1056 744 ore
1077 716 1221 751 infantium
1234 720 1258 742 et
1281 715 1432 742 [calentium
1451 714 1585 749 per/ecisti
1599 712 1661 740 lau—

876 764 946 790 dem.
962 763 1061 790 Eorum
1081 763 1186 790 scilicet
1208 761 1256 796 qui
1279 768 1369 788 coram
1388 759 1443 787 Deo
1465 759 1582 786 infantes
1598 763 1663 786 sunt

876 810 966 844 quoad
992 809 1135 836 malitiam.
1162 807 1219 834 Hoc
1240 812 1331 834 autem
1350 807 1377 834 in
1402 805 1552 841 Evangeliis
1578 804 1660 832 etiam

877 855 1008 890 scriptum
1025 859 1068 881 est
1080 853 1224 888 perspicue
1241 852 1345 880 dixisse
1368 850 1578 883 Salvatorem",
1597 857 1659 877 cum

877 901 968 935 pueris
991 900 1078 934 ipsum
1101 899 1274 926 laudantibus
1288 905 1318 925 os
1336 896 1466 924 Pharisaei
1485 896 1659 923 obturabant.

877 942 989 977 Propter
1005 943 1126 969 inimicos
1142 947 1212 974 tuos,
1225 947 1253 969 ut
1269 942 1390 968 desimus
1407 940 1540 967 inimicum
1555 944 1578 966 et
1593 938 1662 966 ulto-

877 996 940 1014 rem.
964 987 1019 1014 Aut
1036 987 1205 1020 sensibilem,
1226 992 1272 1014 aut
1297 986 1493 1022 intelligibilcm
1521 985 1661 1012 inimicum

875 1033 923 1065 ait,
948 1038 995 1060 aut
1012 1033 1142 1067 populum
1172 1032 1327 1060 Judaicum.
1350 1032 1488 1059 Christum
1513 1031 1585 1058 enim
1610 1037 1662 1058 ceu

877 1079 1018 1112 inimicum
1037 1079 1183 1113 pellebant,
1208 1083 1235 1105 et
1254 1077 1418 1105 simulabant
1434 1085 1462 1106 se
1486 1077 1575 1105 Patris
1598 1077 1663 1104 ulci-

876 1123 968 1150 scendi
995 1124 1088 1150 animo
1114 1123 1139 1150 id
1157 1131 1253 1158 agere;
1279 1123 1455 1157 quamobrem
1482 1127 1511 1150 ut
1529 1130 1588 1149 eam
1606 1122 1661 1149 illis

875 1169 1062 1196 defensionem
1088 1169 1195 1203 penitus
1220 1169 1350 1195 adimeret
1365 1168 1404 1195 ait
1413 1168 1455 1194 7’:
1472 1167 1523 1200 Qui
1539 1167 1594 1194 odit
1609 1175 1660 1200 me,

875 1216 930 1242 odit
944 1220 968 1242 et
992 1214 1098 1242 Patrem
1114 1223 1208 1241 meum.
1226 1214 1366 1240 Inimicum
1382 1219 1406 1240 et
1423 1214 1546 1246 ultorem,
1563 1212 1660 1240 diabo-

875 1261 931 1288 lum
949 1261 1024 1288 dicit.
1048 1260 1099 1293 Qui
1126 1263 1268 1295 pustquam
1295 1259 1425 1295 compulit
1449 1259 1482 1286 ad
1504 1263 1659 1293 peccatum.

875 1314 972 1342 pmnas
998 1306 1189 1340 peccatoribus
1205 1305 1312 1340 inﬂigit,
1343 1305 1445 1340 peccati
1469 1304 1600 1339 gravitate
1624 1304 1660 1332 ob

875 1353 970 1380 oculos
984 1351 1051 1386 ipsis
1067 1352 1164 1386 posita.
1181 1351 1235 1378 Aut
1249 1351 1377 1385 populum
1405 1349 1573 1382 Iudaeorum,
1590 1350 1661 1377 veri-

876 1398 938 1425 tatis
954 1397 1064 1432 quidem
1076 1396 1231 1430 inimicum;
1246 1397 1361 1424 ultorem
1376 1404 1451 1429 vero,
1466 1396 1530 1431 quia
1549 1395 1660 1423 videba—

875 1447 920 1470 tur
934 1443 1021 1478 legem
1037 1443 1185 1470 vindicare.

909 1489 936 1516 4.
956 1488 1088 1522 Quoniam
1112 1487 1202 1515 videbo
1227 1487 1306 1514 calo:
1329 1491 1397 1519 tuos,
1412 1495 1491 1522 opera
1515 1486 1661 1521 digitortm

876 1541 993 1564 tuorum.
1019 1535 1197 1570 indignantur
1222 1534 1262 1561 illi
1288 1533 1436 1561 infantibus
1453 1532 1558 1560 laudem
1579 1532 1660 1568 perti-

875 1581 1021 1609 cientibus.
1049 1580 1117 1608 Illud
1141 1584 1232 1608 autem
1256 1583 1361 1607 tantum
1383 1583 1493 1614 tamque
1515 1578 1659 1614 pulchrum

874 1626 1024 1661 opiﬁcium,
1050 1626 1135 1653 caelos
1151 1632 1258 1660 nempe.
1283 1632 1332 1659 ego
1359 1625 1404 1659 qui
1427 1632 1487 1652 sum
1511 1623 1660 1651 creationis

874 1678 927 1700 tua:
938 1673 1066 1707 pusillum
1090 1680 1170 1707 opus,
1189 1671 1367 1705 contemplor.

910 1719 936 1746 5.
954 1718 1024 1751 Quid
1039 1722 1078 1746 est
1097 1718 1183 1750 homo,
1198 1717 1266 1753 quod
1282 1724 1379 1743 memor
1391 1724 1417 1742 es
1432 1715 1507 1750 ejus;
1524 1721 1569 1742 aut
1585 1714 1658 1750 ﬁlius

874 1765 998 1797 hominis,
1016 1766 1143 1800 quoniam
1157 1765 1249 1791 visitas
1263 1772 1321 1790 eum
1334 1764 1346 1790 1’
1364 1762 1486 1789 Minuisti
1498 1770 1557 1788 eum
1578 1761 1659 1796 paulo

874 1812 961 1838 minus
978 1811 1010 1838 ab
1030 1811 1140 1846 angelis.
1163 1810 1258 1837 lstliaac
1268 1809 1353 1836 Paulo
1370 1809 1401 1835 ad
1422 1807 1590 1834 Salvatorem
1609 1813 1660 1833 no-

875 1862 962 1885 strum
980 1856 1116 1888 referente
1127 1857 1161 1888 "‘,
1176 1856 1201 1882 id
1216 1855 1249 1882 ad
1268 1854 1464 1888 expositionem
1479 1852 1544 1879 satis
1563 1857 1633 1878 esto.

856 1934 858 1941 ’
910 1945 937 1972 8.
955 1945 1052 1972 Omnia
1069 1943 1203 1977 subjecisti
1222 1942 1269 1969 sub
1288 1940 1396 1976 pedibus
1416 1939 1471 1970 eius
1489 1938 1554 1973 (l7).
1579 1937 1658 1965 Post-

874 1998 955 2026 quam
971 1990 1040 2017 dixit
1054 1990 1125 2016 Deus
1136 1989 1158 2004 "
1172 1998 1179 2016 ε
1198 1987 1341 2014 Faciamus
1361 1985 1490 2012 hominem
1505 1983 1538 2010 ad
1562 1982 1658 2017 imagi-

874 2045 931 2065 nem
943 2042 968 2064 et
984 2035 1185 2063 similitudinem
1203 2037 1329 2064 nostram,
1342 2030 1440 2066 adjecit
1453 2039 1460 2057 :
1476 2029 1509 2056 Et
1522 2029 1659 2055 dominm-

875 2086 919 2109 tur
935 2080 1051 2116 piscibus
1067 2080 1160 2111 maris,
1178 2082 1205 2106 et
1228 2077 1352 2111 reliquis,
1377 2082 1439 2110 qua:
1462 2079 1588 2102 accurate
1613 2081 1657 2100 re-

873 2131 975 2155 censet.
992 2126 1096 2159 Quibus
1111 2125 1192 2153 etiam
1206 2123 1304 2151 dicit”
1318 2131 1324 2149 :
1344 2120 1458 2149 Crescite
1473 2123 1497 2146 et
1527 2118 1658 2152 multipli-

873 2173 970 2201 camini
985 2178 1009 2200 et
1024 2172 1117 2207 replete
1132 2176 1241 2202 terram,
1259 2173 1284 2196 et
1298 2166 1471 2195 dominamini
1494 2165 1545 2192 illi.
1562 2164 1657 2191 Ratio-

874 2219 957 2246 nahili
975 2219 1074 2254 quippe
1094 2223 1209 2248 natum,
1224 2219 1318 2250 utpote
1331 2214 1364 2241 ad
1386 2211 1593 2240 similitudinem
1609 2209 1657 2238 Dei

875 2266 1000 2297 conditae,
1017 2264 1138 2291 omnium
1156 2269 1247 2290 rerum
1266 2259 1410 2295 imperium
1435 2256 1555 2284 tradidit.
1573 2256 1657 2283 Acce-

875 2315 974 2345 ptaque
990 2310 1071 2337 homo
1087 2308 1184 2335 divinae
1200 2306 1325 2340 imaginis
1340 2305 1448 2337 virtute,
1468 2307 1498 2330 ut
1521 2310 1568 2329 rex
1594 2309 1656 2328 om-

875 2357 949 2384 nium
979 2362 1020 2384 est
1053 2354 1135 2386 Deus,
1168 2355 1205 2382 ita
1236 2354 1318 2380 homo
1343 2357 1511 2379 terrenorum
1534 2349 1655 2376 omnium

875 2404 1041 2431 constitutus
1051 2407 1092 2430 est
1106 2402 1243 2437 princeps.
1261 2400 1339 2434 Quod
1357 2399 1379 2427 si
1395 2399 1421 2425 in
1445 2397 1600 2425 universum
1615 2397 1656 2423 di-

875 2454 952 2478 catur
964 2459 971 2476 :
985 2449 1018 2475 Et
1034 2448 1194 2475 constituisti
1209 2454 1268 2473 eum
1279 2453 1356 2480 super
1368 2452 1446 2479 opera
1460 2450 1583 2469 manuum
1599 2447 1657 2468 tua-

876 2504 953 2528 rum;
971 2496 1089 2529 itcmque
1104 2495 1158 2521 alio
1170 2494 1230 2520 loco
1244 2493 1316 2520 dicat
1328 2492 1349 2507 ⁷⁷
1363 2500 1371 2518 :
1387 2490 1422 2517 Et
1434 2498 1512 2524 opera
1531 2495 1655 2515 manuum

876 2545 979 2568 tuarum
996 2545 1057 2567 sunt
1073 2540 1141 2572 cteli,
1154 2539 1242 2574 palam
1256 2543 1297 2566 est
1310 2536 1381 2572 quod
1395 2543 1477 2571 super
1497 2535 1580 2562 caelos
1595 2541 1657 2561 con-

874 2587 994 2615 stituerit
1008 2594 1082 2618 eum,
1096 2593 1146 2613 nec
1160 2585 1274 2612 latenter
1290 2582 1379 2610 innuit
1397 2582 1425 2609 in
1443 2580 1519 2609 cwlis
1535 2586 1654 2607 commo-

875 2633 1008 2660 rationem
1024 2632 1082 2659 [οι-ο
1098 2639 1192 2659 eorum
1205 2631 1251 2666 qui
1275 2637 1290 2657 a
1313 2633 1385 2657 terra
1402 2628 1466 2655 illuc
1486 2624 1655 2654 transferun-

876 2682 930 2710 tur,
943 2679 1052 2713 quando
1069 2677 1144 2712 regni
1161 2677 1293 2704 cmlorum
1316 2673 1499 2702 haereditatcm
1518 2670 1654 2704 accepturi

875 2728 948 2755 sunt.
976 2724 1015 2751 uti
1041 2724 1206 2759 promissum
1232 2721 1292 2749 fuit.
1316 2720 1385 2748 Dicit
1407 2726 1470 2746 vero
1497 2714 1652 2743 Paulus":

858 2811 902 2840 25;
945 2812 1058 2841 "Hebr.
1079 2821 1110 2845 ιι,
1125 2811 1153 2844 6,
1171 2812 1197 2840 7.
1236 2810 1336 2838 "Gen.
1368 2817 1387 2842 ι,
1401 2807 1446 2834 26.
1484 2803 1586 2833 "ibid.
1607 2803 1654 2832 ss.

89 2888 138 2924 (i7)
153 2890 213 2920 Haec
228 2895 360 2930 expositio
371 2897 440 2932 apud
456 2897 522 2926 Dan.
535 2893 694 2931 Barbarum,
710 2897 821 2926 Eusebii
841 2898 950 2928 dicitur.
