1938 3053
261 198 297 226 85
442 175 445 177 ’
689 193 718 220 s.
738 189 922 219 ATHANASII
943 187 1019 216 ουρ.
1036 186 1048 213 ι

1114 186 1126 212 S
1147 185 1190 212 ΙΙΙ.
1208 199 1243 205 -—
1263 182 1409 209 EXiLGlL’l‘.
1426 182 1468 207 Ἀ.
1849 175 1882 202 84

261 253 384 282 Heredes
396 252 499 288 quidem
516 251 575 283 Dei,
595 249 741 277 coheredes
756 255 843 275 autem
868 247 977 273 Christi.
1004 244 1043 271 Eo

1114 241 1178 272 θεοῦ,
1193 239 1434 273 συγκληρονόμοι
1456 236 1490 262 δὲ
1506 235 1645 270 Χριστοῦ.
1668 233 1761 264 Οὕτως
1779 232 1827 259 καὶ
1841 231 1880 263 τὸ,

261 301 339 334 plane
355 297 436 324 modo
450 295 653 330 intelligendum
671 293 736 320 illud
756 297 818 319 est:
837 291 933 318 Omnia
957 289 1045 323 subje-

261 346 320 372 ciin
335 344 382 371 sub
396 343 503 374 pedibus
530 342 597 375 ejus.
623 340 656 366 Et
673 346 746 366 nunc
759 337 870 372 quidem
890 335 1018 363 animalia
1036 344 1042 361 :

260 389 307 417 sed
320 387 383 423 quia
403 388 458 414 vita
480 375 608 421 angelieas
626 392 673 419 par
693 384 719 410 iu
734 383 803 410 coelo
827 382 985 409 hominibus
1003 388 1045 408 re-

260 435 347 470 posita
363 437 404 460 est
420 453 428 464 ,
446 440 508 460 cum
534 432 570 458 ibi
593 431 758 459 constitutus
779 429 831 455 erit
858 435 939 462 super
964 433 1044 461 opera

260 488 391 507 manuum
408 479 479 514 ejus,
499 478 630 506 caelorum
655 482 682 504 et
705 476 828 504 omnium
854 481 916 509 qua;
937 473 965 500 in
992 473 1046 500 illis

262 529 325 554 s'unt
349 525 502 560 speculator
525 524 586 551 erit.
615 523 714 550 Beatus
750 525 839 548 autem
865 519 966 547 Paulus
994 518 1046 545 hoc

262 573 344 600 etiam
358 572 391 599 de
407 571 546 598 Salvatore
560 570 665 604 accepit
675 569 709 597 ⁷³.
724 573 754 596 ut
769 567 891 594 futurum
905 567 932 592 in
947 565 1046 593 saaculo

262 613 386 644 vcuturo.
403 616 491 650 Quare
504 616 541 643 ait
557 616 595 643 illi
612 615 711 642 Pater:
735 613 802 642 Sede
815 621 831 640 a
846 612 945 639 dextris
969 611 1043 643 maia,

262 665 343 690 donec
365 671 461 697 ponam
484 662 604 689 inimicos
630 666 687 687 tuos
713 659 855 686 scubellum
877 658 971 692 pedum
987 661 1046 683 tuo-

263 710 366 736 rum".
385 708 450 736 Oves
470 714 495 736 et
512 709 585 736 bores
600 708 743 735 universas.
764 706 812 733 His
839 705 983 732 adumbrat
999 711 1046 731 eos

263 755 309 790 qui
321 754 495 782 crediderunt
508 761 540 781 ex
557 754 651 781 lsraei.
673 753 784 787 Insuper
797 757 821 778 et
841 759 935 786 pecora
949 750 1044 784 campi.

263 801 310 828 llis
324 807 417 836 gemes
434 800 546 827 indicat.
565 799 690 826 Volucres
703 798 772 830 caeli,
786 805 833 825 eos
856 797 922 824 dicit
945 795 992 829 qui
1018 795 1045 822 in

263 848 316 874 vita
335 854 384 874 sua
399 846 461 873 elati
476 850 502 873 et
526 845 636 881 superbi
662 849 736 877 sunt,
760 843 807 879 qui
830 843 883 870 alte
913 842 1043 873 sentiunt.

264 892 388 919 homines
403 891 548 918 admodum
566 890 735 925 insipientes.

300 936 343 963 10.
360 936 469 963 Domine
487 936 612 963 Dominus
620 914 722 966 rnoster,
736 942 813 969 quam
837 933 994 960 admirabile
1007 937 1044 959 est
1061 914 1081 941 Β

263 990 354 1009 nomen
372 987 444 1008 tuum
456 983 482 1008 in
497 982 619 1009 universa
633 981 724 1008 terra!
741 980 846 1015 Repetit
859 979 936 1013 illud,
959 978 1046 1006 admi-

263 1029 369 1055 ratione
387 1027 567 1062 stupefactus,
583 1027 622 1054 uti
647 1027 703 1062 jam
719 1027 786 1058 dixi,
802 1026 837 1053 ob
850 1026 941 1053 datam
959 1025 1047 1052 homi-

265 1073 344 1101 nibus
359 1073 405 1100 Dei
422 1073 615 1109 cognitionem.

349 1119 381 1146 In
396 1121 483 1154 ﬁnem,
497 1128 544 1154 pro
558 1119 667 1146 occultis
683 1118 744 1153 ﬁlii,
761 1116 930 1146 PSALMUS

581 1163 674 1190 David.
694 1163 745 1190 IX.

567 1211 764 1244 Argumentum.

265 1256 321 1284 Hoc
335 1257 440 1292 psalmo
466 1265 498 1284 ea
520 1257 640 1284 declarat
665 1264 725 1291 quae
743 1256 857 1283 latenter
873 1263 888 1282 a
907 1254 1014 1282 Salvatc
1032 1261 1048 1282 e

301 1302 374 1330 facta
386 1307 458 1330 sunt.
478 1302 560 1330 Multa
576 1308 665 1330 autem
683 1302 728 1329 illa
742 1307 820 1330 erant
835 1302 940 1329 occulte
956 1305 1045 1337 gesta:

299 1347 433 1376 Nativitas
446 1349 549 1376 scilicet
561 1349 710 1376 secundum
723 1355 832 1376 carnem
849 1355 881 1374 ex
894 1346 978 1374 Maria
991 1346 1048 1373 Vir-

297 1394 360 1428 gine
375 1401 423 1428 per
444 1393 575 1428 Spiritum
597 1398 720 1421 sanctum
734 1402 740 1419 :
756 1392 895 1427 stupenda:
909 1399 941 1419 ac
964 1391 1048 1418 mira-

302 1440 373 1467 culis
398 1439 517 1474 insignes
531 1440 663 1466 virtutes:
687 1447 762 1466 mors
782 1439 839 1473 ipsa
856 1447 887 1465 ac
900 1439 1047 1466 descensus

301 1484 329 1511 in
344 1483 492 1517 infernum,
506 1484 669 1511 resurrectio
680 1484 788 1511 demum
800 1491 832 1510 ex
845 1483 969 1510 mortuis.
985 1481 1048 1509 Haec

300 1530 399 1565 quippe
413 1530 505 1557 omnia
519 1530 626 1557 occulte
639 1530 674 1557 ab
688 1530 734 1557 illo
749 1535 822 1564 gesta
836 1533 910 1556 sunt.
926 1529 1048 1555 Abscon-

299 1577 338 1603 dit
352 1577 424 1603 enim
438 1577 484 1604 illa
499 1577 578 1603 etiam
596 1575 767 1611 principibus
783 1575 876 1602 mundi
891 1575 983 1610 hujus.
996 1574 1048 1601 Pro

302 1622 377 1650 hisce
393 1623 507 1650 occultis
525 1622 660 1658 Propheta
676 1630 818 1657 personam
836 1629 932 1656 gerens
948 1621 1046 1648 huma-

303 1675 345 1695 na:
358 1673 463 1695 naturas
485 1668 635 1703 ingreditur
650 1668 752 1703 gratias
771 1675 855 1703 agens
879 1676 911 1695 ac
934 1668 1046 1695 dicens:

299 1715 448 1749 Canﬁtebar
464 1715 522 1749 tibi,
548 1715 669 1743 Domine.
693 1715 867 1743 Occultorum
891 1723 972 1750 porro
989 1715 1049 1743 illo-

300 1768 361 1788 rum
376 1761 505 1789 revelatio
521 1769 596 1789 mors
608 1766 659 1795 est,
676 1766 757 1797 atque
775 1769 806 1789 ea
822 1769 882 1796 quze
899 1762 926 1788 in
942 1761 1049 1789 inferno

300 1811 376 1843 gesta
393 1812 456 1834 sunt
468 1817 475 1834 :
489 1815 594 1835 necnon
610 1807 776 1835 resurrectio
790 1812 816 1834 et
830 1807 965 1835 ascensio.

300 1894 327 1924 ’ἐς
344 1894 494 1930 Canﬁtebor
519 1895 577 1928 tibi,
603 1894 724 1928 Domine,
741 1896 768 1922 in
791 1899 845 1922 toto
868 1895 944 1921 corde
960 1902 1015 1921 meo

267 1941 300 1968 1η
313 1940 482 1968 convertenda
499 1940 635 1967 inimicum
659 1948 744 1967 meum
768 1945 922 1969 retrorsum.
944 1943 996 1965 etc.
1013 1937 1050 1965 De

266 1987 430 2022 quibusnam
442 1986 580 2014 confessio
594 1987 630 2014 sit
650 1986 779 2013 declarat.
797 1986 939 2013 Inimicum
961 1990 1049 2012 autem

265 2032 336 2066 ejus,
351 2037 468 2059 mortem
487 2039 547 2059 esse
563 2032 609 2063 ait.
628 2040 689 2067 quae
705 2036 856 2059 retrorsum
873 2030 1050 2062 convertitur,

266 2078 403 2109 videlicet,
418 2077 452 2104 ad
466 2086 519 2104 non
534 2085 604 2105 esse.

301 2124 328 2151 4.
344 2123 557 2158 Inﬁrmabuntur
567 2128 592 2150 et
607 2123 727 2158 peribunt
744 2131 760 2149 a
775 2123 842 2157 facie
855 2127 910 2149 tua.
924 2120 1049 2154 Quando,

266 2170 313 2203 ait,
328 2175 478 2198 retrorsum
491 2178 566 2198 mors
578 2174 762 2201 coarcrtetur,
779 2174 835 2196 tum
851 2169 941 2196 omnis
959 2168 1052 2196 adver-

266 2217 339 2245 saria
359 2222 480 2252 potestas
498 2217 673 2248 destruetur;
697 2224 759 2242 nam
775 2216 798 2243 si
816 2215 910 2242 ultima
927 2215 1049 2242 omnium

1095 287 1196 314 Πάντα
1211 285 1361 316 ὑπέταξας
1373 282 1512 310 ὑποκάτω
1526 281 1585 308 τῶν
1597 277 1810 309 ποδώναὺτοῦ,
1823 286 1881 310 νοη-

1095 332 1163 359 τέον.
1174 331 1230 358 Νῦν
1245 331 1292 366 μὲν
1303 331 1336 356 τὰ
1349 329 1406 360 ζῶα
1417 337 1424 344 ·
1437 327 1531 362 ἐπειδὴ
1546 327 1573 353 δὲ
1590 327 1647 361 βίος
1660 324 1802 359 ῐσάγγελος
1814 324 1881 350 ἁπό-

1096 387 1183 404 κειται
1196 379 1251 408 τοῖς
1269 375 1421 411 ἀνθρώποις
1439 376 1466 401 ἐν
1483 374 1601 409 οὐρανῷ,
1614 373 1672 399 ἐκεῖ
1686 371 1824 402 καταστὰς
1837 371 1881 396 ἐπὶ

1094 423 1129 450 τὰ
1157 423 1225 458 ἔργα
1240 423 1294 449 τῶν
1310 421 1409 457 χειρῶν
1435 420 1528 451 αὐτοῦ,
1547 418 1646 455 Θεωρὸς
1662 418 1784 454 οὐρανῶν
1808 417 1881 443 ἔσται

1095 471 1142 496 καὶ
1157 469 1210 495 τῶν
1226 470 1254 495 ἐν
1267 469 1368 499 αὐτοῖς.
1393 467 1421 493 ’0
1437 467 1465 492 δὲ
1480 466 1612 501 μακάριος
1630 464 1734 496 Παῦλος
1751 463 1881 490 καὶτοῦτο

1096 516 1160 551 περὶ
1173 515 1219 542 τοῦ
1238 515 1362 550 Σωτῆρος
1375 513 1501 545 ἐξέλαϐεν
1515 513 1542 538 ἐν
1558 511 1636 538 αἰῶνι
1648 511 1686 546 τῷ
1701 511 1824 546 μέλλοντι
1838 518 1882 543 γε-

1096 561 1256 596 νησόμενον.
1285 560 1330 586 Διό
1347 568 1412 594 φησι
1433 558 1501 593 πρὸς
1521 558 1600 584 αὐτὸν
1616 557 1630 583 ὁ
1646 557 1756 591 Πατήρ·
1784 555 1881 582 Κάθου

1095 607 1129 634 ἐκ
1143 605 1249 638 δεξιῶν
1257 614 1327 640 μου.
1344 605 1398 637 ἕως
1408 604 1446 630 ἂν
1459 603 1500 630 θῶ
1513 603 1583 636 τοὺς
1598 602 1722 636 ἐχθρούς
1739 609 1798 627 σου
1811 602 1883 627 ὐπο-

1096 652 1200 680 πόδίον
1215 651 1274 678 τῶν
1285 650 1386 677 ποδῶν
1405 659 1472 677 σου.
1491 649 1626 682 Πρόσατα
1651 647 1698 674 καὶ
1711 647 1791 680 βόας
1804 647 1882 673 tinti-

1096 707 1164 731 σας.
1182 698 1250 728 Τοὺς
1267 697 1296 729 ἐξ
1317 696 1424 732 Ἰσραὴλ
1446 695 1624 725 πιστεύοντας
1645 693 1805 720 αἰνίττεται.
1823 694 1883 719 Ἔτι

1096 745 1130 771 δὲ
1152 745 1200 772 καὶ
1218 745 1252 771 τὰ
1273 744 1368 777 κτήνη
1389 743 1441 770 τοῦ
1458 742 1573 769 πεδίου.
1588 741 1637 767 Διὰ
1646 740 1749 767 τούτων
1768 740 1802 766 τὰ
1820 739 1882 775 ἔθνη

1095 792 1180 827 δηλοῖ.
1201 791 1238 818 Τὰ
1252 790 1372 817 πετεινὰ
1387 789 1441 816 τοῦ
1465 787 1606 822 οὐρανοῦ,
1634 787 1696 818 τοὺς
1711 787 1883 822 ἐπηρμένους

1097 837 1167 864 κατὰ
1178 837 1224 863 τὸν
1239 837 1295 871 βίον
1308 835 1354 862 καὶ
1370 835 1404 861 τὰ
1420 834 1510 869 ὑψηλὰ
1522 833 1696 868 φρονοῦντας,
1707 833 1769 863 τοὺς
1782 831 1885 865 ἀλογω-

1096 883 1203 914 τάτους.

1134 929 1222 962 Κύριε
1237 930 1254 954 ὁ
1265 928 1372 961 Κύριος
1386 925 1479 961 ἡμῶν,
1495 926 1534 957 ὠς
1545 923 1720 959 θαυμαστὸν
1742 923 1775 950 τὸ
1791 923 1886 956 ἐνομὰ

1099 982 1157 1001 σου
1171 974 1206 1000 ἐν
1216 973 1299 1007 πάσῃ
1314 972 1350 1006 τῇ
1361 971 1400 1007 γῇ
1412 972 1422 998 !
1440 970 1647 1006 Ἀναλαμῦάνων
1662 968 1884 1001 ἀναδιπλασιάζει

1098 1020 1129 1046 τὸ
1142 1019 1235 1054 θαῦμα
1246 1018 1472 1053 ἐκπληττόμενος,
1487 1017 1524 1048 ὼς
1540 1016 1618 1051 ἔφην,
1637 1015 1682 1042 ἐπὶ
1698 1016 1731 1050 τῇ
1751 1014 1886 1050 γενομένῃ

1099 1064 1153 1091 τῶν
1169 1063 1318 1099 ἀνθρώπων
1330 1062 1488 1097 Θεογνωσίᾳ.

1169 1111 1221 1142 Εἰς
1234 1109 1267 1136 τὸ
1284 1109 1380 1142 τέλος,
1393 1108 1468 1142 ὑπὲρ
1479 1107 1538 1134 τῶν
1545 1106 1678 1141 κρυφίων
1687 1105 1740 1132 τοῦ
1754 1104 1833 1138 υἱοῦ,

1308 1156 1462 1182 ΨΛΛΜΟΣ
1476 1153 1515 1186 τῷ
1527 1153 1625 1180 Δαυῖδ.
1643 1154 1681 1178 8’.

1413 1201 1575 1231 Ὺπόθεσις.

1101 1250 1148 1276 Διὰ
1164 1249 1256 1276 τούτου
1273 1247 1319 1275 τοῦ
1334 1247 1441 1282 ψαλμοῦ
1457 1246 1491 1273 τὸ.
1511 1245 1633 1281 κρυφίως
1651 1243 1835 1278 πεπραγμένα
1849 1242 1886 1277 τῷ
1922 1241 1926 1243 ’

1136 1295 1242 1330 Σωτῆρι
1256 1293 1340 1328 δηλοῖ.
1352 1292 1440 1319 Πολλὰ
1456 1291 1484 1318 δὲ
1497 1289 1530 1326 ἦν
1542 1290 1615 1325 αὐτῷ
1632 1290 1666 1316 τὰ
1675 1288 1795 1325 κρυφίως
1803 1296 1887 1324 πρατ-

1136 1340 1254 1376 τόμενα⁸
1270 1339 1288 1374 ἦ
1309 1347 1339 1365 τε
1362 1339 1394 1364 ὲκ
1413 1336 1550 1372 Παρθένου
1567 1335 1610 1361 διὰ
1628 1334 1786 1369 Πνεύματος
1808 1333 1886 1367 ἁγίου

1137 1386 1206 1413 κατὰ
1223 1385 1313 1421 σάρκα
1324 1385 1461 1419 γέννησις,
1477 1383 1506 1409 αἴ
1518 1391 1547 1409 τε
1560 1381 1705 1417 παράδοξοι
1719 1381 1766 1407 καὶ
1779 1380 1886 1415 θαυμα-

1135 1431 1245 1466 τουργοὶ
1255 1430 1383 1464 δυνάμεις
1393 1449 1399 1460 ,
1417 1429 1470 1454 ὅτε
1491 1427 1604 1458 θάνατος
1621 1425 1701 1456 αὐτὸς
1715 1445 1722 1457 ,
1745 1425 1793 1451 καὶ
1817 1425 1834 1459 ἡ
1848 1425 1887 1455 εἰς

1137 1477 1198 1513 ᾆδον
1215 1477 1336 1508 κάθοδος,
1353 1476 1400 1502 καὶ
1415 1475 1471 1510 ὴὲκ
1486 1473 1591 1509 νεκρῶν
1613 1472 1769 1503 ἁναϐίωσις.
1795 1470 1887 1497 Ταῦτα

1135 1523 1190 1559 γὰρ
1201 1523 1290 1549 πάντα
1306 1521 1427 1556 κρυφίως
1441 1519 1516 1554 αὐτῷ
1537 1519 1702 1553 πέπρακται.
1732 1516 1889 1552 Ἀπέκρυψε

1137 1568 1191 1604 γὰρ
1212 1567 1282 1594 αὐτὰ
1298 1567 1416 1597 καὶτοὺς
1440 1565 1574 1600 ἄρχοντας
1599 1563 1646 1590 τοῦ
1662 1563 1763 1598 κόσμου
1781 1562 1887 1588 τούτου.

1141 1614 1225 1650 ’Υπὲρ
1235 1613 1266 1648 δὴ
1275 1612 1376 1639 τούτων
1384 1611 1438 1638 τῶν
1449 1610 1571 1647 κρυφίων
1583 1611 1597 1636 ὁ
1609 1610 1752 1645 προφήτης
1761 1609 1793 1634 ἐκ
1804 1616 1891 1643 προσ-

1135 1660 1209 1686 ώπου
1227 1659 1276 1694 τῆς
1302 1657 1511 1693 ἁνθρωπότητος
1537 1656 1691 1692 εἰσέρχεται
1719 1653 1890 1689 εὐχαριστῶν

1135 1705 1181 1731 καὶ
1195 1704 1295 1739 λέγων’
1319 1701 1596 1737 Ἐξομολογήσομαί
1609 1709 1668 1731 σοι,
1684 1700 1781 1734 Κύριε.
1801 1699 1890 1734 (Alius

1135 1755 1223 1777 autem
1235 1749 1330 1782 codex)
1353 1748 1577 1783 Ἐπισφράγισμα
1606 1745 1634 1772 δὲ
1655 1745 1709 1771 τῶν
1731 1744 1855 1780 κρυφίων
1877 1745 1892 1770 ὁ

1136 1797 1249 1827 θάνατος
1263 1797 1308 1822 καὶ
1315 1794 1349 1821 τὰ
1365 1795 1393 1821 ὲν
1408 1794 1470 1829 ᾆδον
1485 1792 1650 1828 πραχθέντα,
1667 1793 1683 1826 ἡ
1697 1790 1846 1823 ἀνάπασὶς
1861 1799 1892 1816 τε

1136 1843 1182 1869 καὶ
1195 1843 1210 1877 ἠ
1223 1841 1366 1876 ἀνάληψις.

1142 1885 1413 1921 Ἐξομολογήσομαι
1434 1892 1504 1915 σοι,
1528 1884 1631 1917 Κύριε,
1651 1883 1686 1909 ἐν
1701 1882 1758 1916 ὅλῃ
1783 1882 1893 1916 καρδίᾳ

1098 1941 1157 1966 μου
1171 1952 1177 1958 .
1193 1951 1199 1958 .
1218 1951 1224 1958 .
1245 1951 1251 1958 .
1269 1931 1303 1957 ἐν
1325 1931 1365 1963 τῷ
1384 1929 1615 1965 ἀποστραφῆναι
1629 1928 1682 1955 τὸν
1697 1928 1806 1962 ἐχθρόν
1831 1937 1893 1962 μου

1101 1979 1144 2010 εἰς
1157 1978 1194 2003 τὰ
1218 1977 1324 2003 ὀπίσω.
1354 1976 1414 2004 Ἐπὶ
1441 1977 1511 2002 τίσιν
1536 1977 1552 2010 ἡ
1582 1974 1774 2010 ἐξομολόγησις
1803 1973 1893 2008 δηλοῖ.

1108 2022 1219 2058 Ἐχθρὸν
1235 2022 1263 2048 δὲ
1280 2021 1362 2048 αὑτοῦ
1383 2022 1429 2048 τὸν
1449 2022 1563 2048 θάνατον
1578 2019 1648 2048 εἶναι
1660 2029 1726 2056 φησι
1740 2020 1786 2046 τὸν
1800 2021 1843 2052 εἰς
1859 2020 1896 2047 τὰ

1101 2068 1189 2095 ὀπίσω
1203 2068 1450 2104 ἀποστρεφόμενον,
1464 2068 1602 2094 τουτέστιν
1615 2068 1656 2098 εἰς
1674 2067 1705 2093 τὸ
1723 2066 1760 2102 μὴ
1774 2064 1856 2093 εἶναι.

1143 2113 1358 2148 Ἀσθεννήσουσι
1371 2114 1420 2141 καὶ
1444 2113 1630 2140 ἀπολοῦνται
1650 2112 1708 2138 ἀπὸ
1728 2112 1896 2146 προσώπου

1102 2166 1170 2186 σου.
1197 2159 1339 2190 Ἐπειδὰν,
1361 2159 1453 2194 φησὶν,
1470 2159 1631 2193 ἀποστραφῇ
1658 2157 1698 2188 εἰς
1720 2157 1754 2184 τὰ
1769 2157 1861 2183 ὀπίσω
1882 2158 1897 2184 ὁ

1101 2205 1225 2237 θάνατος,
1237 2206 1297 2232 τότε
1311 2205 1342 2240 δὴ
1353 2205 1400 2232 καὶ
1414 2206 1489 2231 πᾶσα
1505 2204 1618 2239 δύναμις
1633 2202 1808 2238 ἀντικειμένη
1826 2211 1897 2229 κατ-

266 2261 375 2288 iuimiea
387 2268 462 2288 mors
475 2261 626 2288 destruitur
639 2262 673 2292 3‘,
686 2261 775 2295 palam
791 2265 833 2287 est
855 2261 930 2295 prius
946 2260 1048 2287 destrui

1114 2251 1286 2286 ιργηθήσεται
1299 2259 1305 2265 ·
1324 2252 1348 2276 εὶ
1365 2250 1419 2285 γὰρ
1432 2250 1545 2285 ἔσχατος
1566 2248 1662 2285 ἐχθρὸς
1684 2249 1867 2283 καταργεῖται
1883 2249 1898 2273 ὁ

266 2307 437 2334 adversarius
453 2311 608 2342 potestates.

301 2395 327 2422 5.
345 2394 412 2422 lllud
429 2405 435 2422 :
457 2394 589 2427 Quoniam
605 2395 691 2430 fecisti
704 2395 836 2429 judicium
854 2403 939 2422 meum
953 2399 978 2422 et
988 2403 1051 2422 cau-

267 2449 324 2468 sam
337 2449 431 2473 meam,
455 2449 566 2469 causam
582 2441 660 2468 aﬂ‘ert
675 2442 823 2476 gratiarum
847 2441 981 2475 actionis;
998 2442 1050 2469 hoc

267 2490 356 2517 autem
374 2496 380 2513 :
399 2486 496 2513 Sedisti
513 2495 590 2521 super
606 2487 740 2520 thronum,
755 2487 856 2514 indicat
870 2487 916 2514 Dei
939 2487 1049 2521 iniudi-

266 2533 354 2559 cando
371 2532 579 2567 inspectionem.

303 2578 328 2605 6.
348 2578 638 2614 Increpastigentesmt
654 2580 730 2614 periit
747 2580 854 2614 impius.
867 2579 1049 2615 lutelligihilcs

267 2625 395 2652 inimicos
407 2625 519 2653 scilicet.
534 2625 637 2652 Nomen
648 2634 736 2652 eorum
747 2626 840 2652 delein
867 2626 894 2652 in
914 2626 1051 2653 saxulum.

268 2672 418 2699 Dracenem
434 2673 471 2699 ait
485 2673 664 2707 spiritualcm,
679 2673 704 2700 id
721 2679 762 2700 est
778 2673 927 2700 diabolum.

302 2750 465 2787 [increpusti
490 2756 589 2787 gentes,
609 2757 634 2779 et
662 2753 741 2787 periit
767 2752 873 2787 impius.
900 2751 1050 2778 Dracouem

266 2798 306 2824 ait
322 2803 370 2824 aut
397 2798 548 2832 diabolum,
566 2799 630 2833 quia
659 2799 809 2833 increpatio
834 2798 1051 2826 emendationem

267 2842 412 2877 signiﬁcat.
429 2842 493 2870 Jure
508 2843 570 2878 quis
587 2843 697 2875 dixerit,
713 2843 865 2870 emendatis
880 2851 928 2877 per
943 2847 1051 2877 aposto-

306 2913 416 2943 "liebr.
430 2923 461 2948 ll,
481 2916 507 2943 8.
548 2917 569 2931 ⁸ο
583 2915 653 2943 Psal.
668 2916 751 2948 emi.
791 2917 810 2931 δ’
824 2916 832 2942 1
846 2916 909 2943 Cor.
922 2924 966 2946 χι,
977 2915 1019 2941 “Eli.

1106 2296 1230 2329 θάνατος,
1240 2296 1360 2332 δηλονότι
1369 2294 1615 2331 προαναιρεθεισῶν
1627 2293 1681 2320 τῶν
1696 2294 1897 2328 ἀντικειμένων

1104 2341 1256 2376 δυνάμεων.

1141 2388 1201 2414 Ὅτι
1219 2387 1364 2420 ἐποίησας
1384 2385 1441 2420 τὴν
1455 2386 1556 2419 κρίσιν
1582 2394 1641 2419 μου
1667 2383 1715 2410 καὶ
1729 2382 1787 2416 τὴν
1803 2382 1898 2416 δίκην

1102 2441 1173 2468 μου.
1187 2433 1243 2467 Τὴν
1255 2433 1343 2459 αἰτίαν
1357 2432 1406 2467 τῆς
1417 2431 1592 2466 εὐχαριστίας
1612 2428 1811 2456 ἀνταποδίδωσι
1824 2437 1832 2442 ·
1847 2428 1898 2460 τὸ,

1112 2478 1268 2511 Ἐκάθισιις
1283 2478 1330 2504 ἐπὶ
1346 2479 1454 2511 θρόνου
1467 2477 1515 2512 τὴν
1530 2478 1568 2508 εἰς
1582 2476 1612 2502 τὸ
1623 2475 1725 2510 κρίνειν
1739 2474 1897 2510 ἐπισκοπὴν

1103 2524 1177 2559 δηλοῖ
1188 2523 1235 2550 τοῦ
1249 2523 1315 2549 Θεοῦ
1321 2544 1328 2551 .

1145 2570 1346 2604 Ἐπετίμησας
1361 2569 1479 2600 ἔθνεσι,
1500 2568 1549 2595 καὶ
1571 2567 1706 2595 ἀπώλετο
1726 2568 1742 2593 ό
1766 2566 1896 2599 ἀσεϐής.

1105 2616 1174 2647 Τοὺς
1197 2617 1308 2651 νοητοὺς
1331 2615 1444 2651 ἐχθροὺς
1473 2615 1603 2650 δηλονότι.
1633 2613 1666 2640 Τὸ
1683 2613 1777 2647 ὄνομα
1798 2612 1896 2640 αὑτοῦ

1105 2660 1271 2694 ἑξήλειψας
1292 2662 1334 2693 εἰς
1356 2660 1408 2687 τὸν
1422 2660 1522 2687 αἰῶνα.
1543 2660 1593 2686 Τὸν
1605 2659 1738 2694 δράκοντά
1761 2666 1831 2694 φησι
1849 2657 1897 2683 τὸν

1108 2705 1210 2741 νοητὸν.
1226 2706 1255 2737 ὃς
1272 2706 1346 2731 ἐστιν
1356 2706 1370 2731 ὁ
1386 2704 1518 2736 διάϐολος.

1143 2752 1359 2787 [frter/tinctae
1369 2751 1479 2783 ἔθνεσι,
1504 2751 1552 2777 καὶ
1571 2750 1706 2777 ἀπώλετο
1729 2752 1745 2776 o'
1767 2750 1895 2782 ἀσεϐής.

1106 2797 1157 2823 Τὸν
1171 2796 1304 2832 δράκοντά
1319 2805 1354 2832 φη
1360 2805 1411 2828 σιν,
1430 2796 1446 2831 ἣ
1459 2796 1503 2822 τὸν
1515 2796 1636 2822 διάϐολον
1647 2803 1654 2810 δ
1669 2794 1761 2830 ἐπειδὴ
1774 2795 1790 2830 ἡ
1804 2794 1895 2821 ἐπι-εἱ-

1108 2851 1188 2878 μησις
1204 2843 1249 2869 καὶ
1265 2842 1407 2878 διόρθωσιν
1428 2842 1565 2877 σημαίνει.
1583 2841 1661 2868 Εἴποι
1683 2840 1715 2868 ἄν
1731 2849 1773 2872 τίς
1785 2859 1792 2872 ,
1818 2839 1891 2874 διορι
