1938 3053
52 263 174 298 θουμένων
189 261 243 288 τῶν
260 260 341 287 ἐθνῶν
355 259 407 286 ὑπὸ
421 258 474 298 τῷν
491 257 659 288 ἀποστόλων,
675 254 821 283 ἀπολέσθαι
837 255 861 283 Α

51 295 192 343 τὸν-ἀσεϐῆ,
209 307 368 342 σϐεσθείσης
380 295 463 332 αὑτοῦ
480 305 528 340 τῆς
541 304 692 339 ὲπιϐωμίου
712 303 825 337 κνίσσης

51 357 91 382 καὶ
104 351 258 389 παυθείσης.
283 352 514 388 Ἐπιτιμηθέντων
526 350 580 386 γὰρ
596 350 651 377 τῶν
666 349 761 382 ἐθνῶν,
778 349 826 375 καὶ

51 401 110 435 πρὸς
125 399 222 434 Κύριον
234 398 457 434 ἐπιστρεψάντων
469 418 476 430 ,
493 398 507 423 ὁ
530 397 559 423 ἐν
576 397 667 427 αὐτοῖς
693 395 822 430 ἐνεργῶν,

49 446 91 472 ἅτε
106 446 170 476 υἱοῖς
196 442 270 471 οὖσιν
284 443 437 475 ἀπειθείας,
463 443 596 474 διάϐολος,
615 441 738 469 ἀπώλετο
756 441 824 475 μετὰ

48 492 95 517 τῶν
105 491 167 517 νεῶν
175 490 227 517 τῶν
244 489 391 516 εἶδωλικῶν
404 497 411 504 ·
428 489 452 515 οἳ
463 489 501 520 ὡς
514 488 606 520 πόλεις
626 489 746 523 συνεῖχον
762 486 825 518 τοὺς

50 535 108 570 πρὸς
123 533 277 560 δυσσέϐειαν
299 533 468 569 ἀφορῶντας.
493 533 549 559 Καὶ
572 532 658 564 οὕτως
673 531 823 564 ἀπώλοντο,

48 581 79 612 ὡς
93 580 153 615 μηδὲ
167 580 237 615 ἴχνος
254 579 461 615 ὑπολειφθῆναι.
489 579 583 606 Ἔστιν
605 578 729 605 ἐκλαϐεῖν
746 578 824 604 τοῦτο

50 625 89 652 καὶ
100 625 164 652 κατὰ
174 625 223 661 τὴν
234 625 393 652 τελευταίαν
405 625 495 660 κρίσιν
506 633 512 639 ·
531 625 590 651 τότε
600 624 655 659 γὰρ
667 624 721 651 τῶν
736 624 825 659 ἁμαρ-

48 672 128 698 τωλῶν
143 671 362 707 ἐπιτιμωμένων,
375 672 421 698 καὶ
432 672 446 698 ὁ
461 671 593 703 διάϐολος,
611 671 625 697 ὁ
639 671 741 708 κυρίως
759 671 824 697 ἀσε-

49 718 100 753 ϐὴς,
116 717 282 752 ἀφανίζεται.
297 718 329 743 Al
348 717 449 749 πόλεις,
460 717 509 752 τῆς
524 718 552 744 ὲν
565 718 660 749 αὑταῖς
678 717 762 744 πάλαι
776 726 824 743 πο-

49 764 208 798 λιτευομένης
225 764 354 796 ἀσεϐείας
367 763 564 799 καταλυθείσης
575 783 582 796 ,
598 763 647 799 τὴν
666 763 823 799 οἰκοδομίαν

49 809 89 843 τῆς
101 808 235 840 εὐσεϐείας
252 806 399 843 ἐδέξαντο]

79 855 128 881 Τοῦ
140 854 245 889 ἐχθροῦ
273 854 416 886 ἐξέλιπον
440 855 470 880 αἰ
482 853 626 888 ρομφαῑιιι
654 854 697 886 εἰς
722 853 820 886 τέλος.

51 900 186 935 Ῥομφαίας
209 900 257 927 τοῦ
274 899 399 926 διαϐόλου
412 899 462 931 τὰς
483 899 675 934 ἀντικειμένας
692 899 822 934 δυνάμεις

47 949 111 983 φησὶ,
123 948 153 974 δι’
169 946 205 975 ὧν
219 946 254 983 ἦν
269 948 390 984 ἰσχυρός.
408 947 460 983 [Ai
481 947 573 979 πόλεις
590 947 619 974 αἱ
635 947 821 982 ἀντικείμεναι

46 993 168 1028 δυνάμεις,
188 993 232 1026 αἳ,
248 994 345 1028 ὥσπερ
366 992 456 1024 πόλεις
481 993 589 1028 ἰσχυραὶ
609 992 821 1028 τετειχισμέναι,

46 1039 98 1069 τοὺς
119 1039 226 1070 ἁλόντας
251 1039 343 1065 αὐτῶν
358 1039 449 1074 ἀπάτῃ
473 1039 502 1065 ἐν
520 1038 615 1070 αὐταῖς
642 1038 821 1065 συλλαϐοῦσαι

46 1086 162 1119 κατεῖχον.
179 1084 233 1111 Καὶ
252 1084 345 1116 πόλεις
362 1084 441 1115 ποίας
451 1084 524 1118 λέγει
541 1084 558 1119 ἦ
573 1084 675 1115 ταύτας
699 1084 763 1120 περὶ
784 1081 822 1110 ὧν

45 1130 146 1165 ἀλλαχοῦ
160 1131 286 1165 λέγεται·
297 1131 426 1167 Ἓθηκιις
439 1132 482 1163 εἰς
491 1130 574 1164 χῶμα
584 1130 689 1162 πόλεις
699 1129 820 1163 ὀχυρὰς,

45 1175 88 1202 τοῦ
100 1175 200 1202 πεσεῖν
213 1175 316 1203 αὐτῶν
331 1176 367 1202 τὰ
381 1175 501 1210 θεμέλια
510 1183 519 1207 ;
534 1175 563 1201 αἴ
583 1176 664 1207 εἰσιν,
691 1175 729 1206 ὡς
744 1175 822 1210 δεδή-

44 1221 122 1252 λωται,
135 1223 160 1247 αἱ
178 1221 367 1256 ἁντικείμεναι
381 1220 534 1256 δυνάμεις]
551 1221 694 1248 Ἀπώλετο
706 1220 739 1247 τὸ
747 1229 823 1255 μνη-

42 1266 164 1301 μόσυνον
177 1267 350 1302 αὑτῶνμετ“
362 1267 449 1302 ἤχου,
462 1266 557 1304 [Ὥστε
571 1266 734 1298 ἐξάκουστον
744 1267 821 1301 γενέ-

45 1313 95 1338 σθαι
106 1313 191 1339 αὐτῶν
204 1314 253 1349 τὴν
266 1312 413 1340 ἀπώλειαν.
433 1314 467 1340 Ἢ
475 1313 524 1348 τὴν
536 1312 715 1348 πανολεθρίαν
728 1314 820 1348 φησὶν,

44 1358 95 1392 ῆτὸ
111 1358 249 1393 διωλύγιον
273 1359 328 1385 τῶν
351 1358 460 1391 κακῶν,
492 1359 538 1384 καὶ
557 1358 587 1384 τὸ
606 1359 756 1394 περιφανὲς
773 1360 822 1394 τῆς

44 1405 189 1441 ἀπωλείας]
197 1405 377 1438 Ἐξάκουστος
388 1405 441 1441 γὰρ
450 1405 538 1432 αὐτῶν
549 1405 658 1440 γέγονεν
666 1406 682 1440 ἡ
689 1405 820 1432 ἀπώλεια.

73 1452 119 1478 Καὶ
132 1452 250 1486 ἐγένετο
263 1453 372 1486 Κύριος
387 1451 542 1486 καταφυγὴ
556 1451 596 1484 τῷ
610 1451 724 1485 πένητι.
743 1451 819 1487 [Συν-

44 1498 102 1532 alii);
115 1499 206 1525 ἐαυτὸν
223 1499 304 1525 καλεῖ
328 1499 431 1534 πένῃ-,ια
450 1498 498 1525 καὶ
513 1498 629 1533 πτωχὸν,
642 1499 730 1525 καίτοι
742 1507 773 1532 γε
793 1499 821 1525 ἐν

44 1544 184 1578 βασιλείοις.
216 1545 296 1581 ’ᾙδει
314 1545 368 1581 γὰρ
391 1545 425 1571 τὰ
450 1545 606 1580 ἀνθρώπινα
633 1545 722 1575 πάντα
743 1546 822 1577 σκιᾶς

44 1589 223 1626 ἀδρανέστερα.
237 1591 403 1624 Εὑκαιρίαν
419 1590 492 1625 λέγει
506 1591 550 1617 τὸν
568 1591 618 1626 τνῆς
629 1591 744 1625 θλίψεως
761 1600 822 1618 και-
836 1603 857 1632 C

46 1637 97 1671 ρον·
113 1638 153 1664 ἀεὶ
170 1637 219 1673 μὲν
234 1637 290 1673 γὰρ
305 1638 354 1672 τῆς
375 1637 500 1673 βοηθείας
526 1637 702 1672 ἐπιδεόμεθα,
727 1638 773 1664 καὶ
790 1640 819 1666 ἐν

44 1682 205 1718 εὐημερίαις·
232 1682 302 1708 ἀλλὰ
318 1681 398 1708 πλέον
424 1682 452 1708 ἐν
473 1681 561 1716 θλίψει
585 1681 635 1716 τῆς
663 1681 819 1716 συμμαχίας

43 1728 274 1764 ὲπιισθανόμεθα.]
292 1728 336 1763 Τῷ
353 1728 469 1764 πτωχῷ,
499 1727 536 1763 τῷ
563 1728 738 1763 πνευματικῷ
763 1728 819 1764 λαῷ

44 1782 108 1809 φησι.
123 1775 235 1808 Βοηθὸς
249 1775 285 1801 ὲν
298 1775 461 1808 εὐκαιρίαις
475 1775 509 1801 ἐν
521 1774 673 1809 θλίψεσιν.
691 1775 735 1807 Ὠς
745 1784 751 1790 ⁸
769 1775 820 1802 Ἐν

43 1817 120 1852 καιρῷ
131 1817 223 1850 δεκτῷ
239 1817 400 1853 ἐπήκουσά
414 1826 482 1845 σου.

74 1906 186 1932 Ψὰλατε
215 1906 255 1939 τῷ
283 1907 381 1940 Κυρίῳ
407 1905 446 1939 τῷ
467 1907 655 1934 κατοικοῦντι
681 1907 715 1934 ἐν
732 1907 817 1934 Σιών.

43 1951 75 1985 Τῇ
89 1952 250 1987 ἐπουρανίῳ,
268 1961 304 1987 φη
309 1952 344 1984 σί,
364 1952 518 1987 Ἰερουσαλὴ
523 1961 551 1988 μ.
574 1953 778 1988 Ἁναγγείλατε
786 1955 820 1981 ὲν·

43 1996 95 2029 τοῖς
109 1998 207 2024 ἔθνεσι
228 1998 265 2025 τὰ
294 1998 512 2033 ἐπιτηδεύματα
540 1999 644 2026 αὐτοῦ.
665 1999 757 2026 Ταῦτα
782 2000 819 2032 ὡς

43 2041 101 2076 πρὸς
125 2044 186 2075 τοὺς
211 2044 379 2075 ἀποστόλους
398 2044 445 2070 καὶ
472 2045 536 2075 τοὺς
565 2044 618 2071 τῶν
646 2045 819 2079 Εὑαγγελίων

43 2085 153 2121 κήρυκάς
165 2096 258 2123 φησιν.
286 2089 352 2115 Τίνα
368 2089 396 2115 δὲ
419 2088 453 2115 τὰ
483 2089 685 2125 ἐπιτηδεύματα
705 2090 748 2117 διὰ
765 2090 819 2118 τῶν

43 2131 96 2166 ἑξῆς
105 2134 239 2168 σημαίνει.

72 2178 126 2204 ’Ὁτι
136 2181 151 2205 ό
166 2179 297 2213 ἐκζητῶν
310 2180 346 2206 τὰ
360 2181 470 2215 αἵματα
488 2181 587 2208 αὐτῶν
601 2182 746 2217 ἐμνήσθη.
779 2184 820 2211 Τὰ

43 2222 141 2257 αἵματα,
157 2226 236 2261 φησὶ,
251 2226 285 2252 τὰ
298 2227 368 2262 ὑπὲρ
384 2227 467 2254 αὐτοῦ
482 2228 653 2264 ἐκκεχυμὲνα
674 2229 818 2266 ἐκζητήσει

43 2267 82 2293 ἐπὶ
95 2269 122 2295 τὸ
133 2271 254 2303 ἐκδικίας
267 2272 391 2304 ἀξιῶσαι.

72 2313 144 2349 [Οὐκ
161 2316 325 2344 ἐπελάθετο
354 2317 410 2352 τῆς
434 2317 566 2351 δεήσεως
590 2319 649 2346 τῶν
672 2321 818 2354 πενήτων.

43 2359 151 2395 Πένητας
163 2362 244 2389 πάλιν
258 2364 319 2395 τοὺς
335 2363 368 2390 δι’
383 2364 464 2390 αὑτὸν
478 2365 668 2400 πτωχεύοντάς
687 2376 778 2402 φησιν,
795 2369 820 2394 οἳ

42 2406 83 2431 καὶ
98 2406 138 2433 διὰ.
161 2408 263 2440 παντὸς
289 2409 339 2441 τὰς
368 2409 435 2444 πρὸς
447 2410 527 2437 αὑτὸν
551 2411 654 2444 ἱκεσίας
669 2413 818 2446 ποιοῦντες,

41 2450 167 2488 ἐκδίκησιν
180 2454 235 2480 τῶν
256 2456 315 2481 κατ’
328 2455 417 2481 αὐτῶν
434 2455 588 2491 γενομένων
614 2458 725 2485 ἀδικιῶν
745 2458 820 2495 παρὰ

41 2496 88 2522 τῶν
101 2497 232 2534 δαιμόνων
247 2500 408 2536 αἰτοῦντες.]

77 2543 105 2570 '0
120 2546 204 2579 ὑψῶν
217 2555 257 2581 με
276 2548 310 2574 ἐκ
326 2548 385 2574 τῶν
410 2549 516 2576 πυλῶν
537 2549 592 2576 τοῦ
612 2551 751 2579 θανάτου.
769 2554 818 2580 Διὰ

39 2588 110 2616 τοῦτο
123 2591 239 2627 ὲγείρεις
251 2593 281 2619 ἐκ
297 2593 348 2629 γῆς
360 2594 562 2628 ταπεινώσεως,
584 2596 627 2623 ἵνα
641 2599 674 2633 τῇ
699 2600 818 2634 ἐπουρα-

40 2635 82 2668 νίῳ
96 2637 266 2672 συζβχορεῦσω
276 2638 355 2665 Σιών.

73 2679 80 2715 [
94 2681 138 2706 Ἐν
165 2685 274 2716 πύλαις
294 2684 349 2718 τῆς
362 2685 507 2719 θυγατρὸς
520 2686 605 2714 Σιών.
631 2687 674 2714 ‘Ev
689 2690 722 2724 τῇ
738 2689 817 2715 ἐπου-

43 2727 117 2760 ρανίῳ
133 2729 318 2766 Ἰερουσαλήμ.
340 2731 386 2765 Τὸ,
399 2731 575 2767 totumue),
593 2734 653 2761 ἀντὶ
672 2734 719 2761 τοῦ
730 2756 737 2768 ,
757 2744 819 2771 χρο-

42 2771 96 2803 νέως
115 2773 238 2811 ᾄσομαι]

72 2818 249 2847 Γινώσκεται
264 2822 370 2856 Κύριος
382 2824 508 2858 κριζματα
527 2825 627 2853 ποιῶν.
647 2827 744 2863 Κρίμα
765 2827 818 2864 γὰρ

44 2862 139 2899 ἀληθῶς
156 2866 261 2894 δίκαιον
280 2868 311 2894 τὸ
325 2869 386 2900 τοὺς
404 2872 660 2904 κατασκευάσαντας
676 2862 819 2906 evaganti.

75 2921 150 2949 "lsa.
173 2932 236 2956 xxv,
259 2925 285 2952 ‘2.
326 2926 356 2941 εν
374 2926 424 2955 lsa.
439 2935 512 2960 tux,
528 2929 553 2956 2.

605 195 786 225 EXPOSITIO
805 194 838 221 IN
859 192 1024 221 PSALMUM
1045 191 1090 218 IX.

1628 187 1665 214 86

874 252 916 280 los
935 251 1091 287 gentilibus,
1114 248 1227 284 periisse
1244 247 1371 282 impium,
1390 245 1524 273 exstincto
1549 251 1663 280 prorsus

877 303 959 334 atque
973 297 1061 324 deleto
1084 295 1210 323 altarium
1228 294 1288 328 ejus
1300 293 1404 320 nidore.
1420 291 1569 326 Postquam
1589 291 1661 318 enim

877 349 972 380 gentes
987 345 1143 378 increpata,
1162 345 1189 368 et
1211 340 1244 368 ad
1261 339 1406 367 Dominum
1425 345 1562 365 conversa:
1586 342 1662 367 sunt.

875 390 922 425 qui
941 390 968 416 in
985 389 1054 423 ipsis
1079 391 1171 422 utpote
1193 384 1410 420 inobsequentiae
1433 384 1496 410 [iliis
1512 384 1566 410 vim
1582 391 1661 410 suam

875 436 1030 468 exercebat,
1059 434 1185 462 diabolus
1214 433 1328 463 scilicet,
1356 439 1410 458 una
1438 439 1500 458 cum
1526 430 1660 458 idolorum

875 482 984 517 templis
1004 481 1094 516 periit,
1119 487 1180 515 quae
1201 487 1251 506 ceu
1273 478 1397 505 civitates
1413 477 1547 512 quaedam,
1574 476 1661 502 conti-

875 529 977 555 nebant
992 535 1041 555 eos
1054 527 1101 562 qui
1119 526 1288 561 impietatem
1309 523 1494 551 sectabantur.
1509 521 1598 556 Atque
1623 521 1660 547 ita

874 577 962 603 deleta
978 580 1053 608 sunt,
1068 579 1099 602 ut
1112 582 1146 601 ne
1158 573 1303 607 vestigium
1314 571 1424 606 quidem
1440 577 1535 597 eorum
1552 575 1660 596 reman-

875 621 950 649 serit.
967 620 1060 648 Potest
1076 619 1142 646 illud
1160 618 1193 645 de
1212 622 1350 652 postremo
1367 623 1476 650 quoque
1490 614 1594 649 judicio
1611 621 1660 640 ex-

875 666 968 701 plicari
984 675 991 699 ;
1010 670 1074 693 tunc
1090 666 1162 692 enim
1185 663 1331 697 increpatis
1346 660 1547 696 peccatoribus,
1563 659 1659 686 diabo-

874 713 929 744 lus,
943 712 989 746 qui
1003 710 1113 746 proprie
1131 709 1231 744 impius
1251 707 1337 740 audit,
1353 706 1476 733 funditus
1491 704 1597 740 peribit.
1612 704 1660 731 (Si-

873 757 972 784 vitates
989 763 1082 791 porro,
1100 755 1244 787 exstincta,
1270 760 1331 787 qua:
1351 753 1378 778 in
1405 751 1472 786 ipsis
1496 754 1558 777 ante
1571 749 1660 777 domi-

873 804 1001 834 nabatur,
1016 802 1165 836 impietate,
1177 799 1321 828 aedilicium
1334 798 1443 833 pictatis
1455 795 1659 832 susceperunt.]

909 850 935 876 7.
950 849 1058 876 Inimici
1076 848 1228 882 defecerunt
1252 847 1360 881 frameas
1375 845 1403 871 in
1425 844 1514 879 ﬁnem.
1531 842 1660 875 Erameas

873 896 974 923 diaboli
987 894 1160 922 adversarias
1175 892 1241 920 dicit
1257 896 1416 927 potestates,
1437 890 1538 925 quibus
1562 893 1660 924 potens

837 931 858 959 Β
874 941 918 968 ille
931 945 983 968 est.
1001 939 1141 976 [Civitates
1155 943 1219 966 sunt
1232 938 1395 965 adversariae
1417 940 1576 974 potestates,
1598 941 1660 969 qua

873 985 954 1021 quasi
973 984 1100 1011 civitates
1116 982 1268 1018 praevalida
1283 982 1368 1009 muris
1393 982 1543 1012 instructae,
1567 986 1660 1007 errore

873 1033 1001 1066 deceptos
1033 1030 1294 1065 complectebantur.
1322 1028 1355 1055 Et
1384 1027 1537 1062 cujusmodi
1565 1033 1659 1062 quatso

873 1076 997 1103 civitates
1025 1075 1073 1107 ait,
1097 1075 1149 1101 nisi
1169 1081 1215 1102 eas
1241 1074 1275 1101 de
1298 1073 1398 1108 quibus
1427 1073 1491 1100 alibi
1513 1072 1613 1100 dicitur
1625 1072 1658 1104 “,

876 1120 1008 1155 Redegisti
1025 1120 1053 1146 in
1068 1120 1202 1154 pulverem
1225 1119 1343 1145 civitates
1358 1122 1486 1152 potentes,
1511 1118 1550 1144 ita
1572 1121 1601 1143 ut
1615 1124 1660 1142 ca-

872 1165 937 1192 dant
954 1166 1073 1200 ipsarum
1091 1165 1264 1199 fundamenta
1276 1164 1288 1190 ?
1300 1171 1360 1198 quae
1375 1163 1412 1190 uti
1429 1162 1593 1190 declaratum
1605 1166 1657 1194 est,

873 1216 938 1238 sunt
953 1210 1117 1238 adversaria:
1131 1208 1302 1245 potestates]
1322 1209 1406 1236 Periit
1428 1201 1555 1235 memoria
1569 1215 1660 1235 eorum

874 1265 934 1283 cum
955 1257 1054 1283 sonitu.
1072 1255 1122 1292 [lta
1137 1260 1166 1283 ut
1180 1263 1275 1283 eorum
1290 1255 1425 1290 pernicies
1438 1255 1539 1290 ubique
1551 1254 1658 1289 pervul-

873 1307 961 1338 gctur.
978 1302 1033 1330 Aut
1045 1303 1158 1330 exitium
1181 1310 1338 1337 supremum
1359 1301 1435 1334 dicit,
1451 1301 1509 1328 sive
1524 1301 1659 1328 malorum

873 1348 1084 1382 vehementiam,
1112 1353 1138 1376 et
1162 1347 1291 1383 perniciei
1315 1345 1564 1381 conspicuitatem.]
1593 1345 1659 1381 Ejus

873 1401 991 1428 namque
1007 1393 1140 1428 pernicies
1155 1393 1227 1420 ultro
1240 1393 1364 1428 citroque
1376 1393 1468 1420 audita
1482 1392 1552 1419 iuit..

910 1438 953 1466 10.
976 1439 1010 1466 Et
1038 1441 1124 1473 (actus
1154 1444 1192 1466 est
1223 1439 1352 1466 Dominus
1377 1439 1509 1474 refugium
1538 1439 1658 1474 pauperi.

874 1485 953 1521 [Sese
971 1486 1130 1520 frequenter
1152 1493 1298 1521 pauperem
1326 1494 1358 1513 ac
1376 1486 1531 1513 mendicum
1558 1490 1658 1519 vocat,

872 1533 980 1560 etiamsi
995 1533 1023 1559 in
1036 1533 1110 1568 regia
1128 1537 1294 1560 versaretur.
1309 1531 1426 1560 Noverat
1447 1533 1518 1559 enim
1539 1533 1659 1560 humana

874 1577 967 1604 omnia
989 1578 1031 1605 vel
1052 1577 1157 1605 umbris
1180 1577 1356 1605 imbecilliora
1375 1584 1445 1604 esse.
1468 1577 1660 1612 Opportunita-

877 1630 928 1651 tem
947 1629 1028 1652 vocat
1047 1627 1157 1659 tempus
1171 1623 1378 1650 tribulationis:
1397 1630 1504 1658 semper
1523 1623 1595 1650 enim
1610 1630 1660 1650 au-

873 1670 939 1698 xiio
965 1678 1087 1706 egemus,
1114 1670 1197 1697 etiam
1221 1669 1247 1696 in
1277 1668 1476 1704 prosperitate:
1506 1676 1601 1696 verum
1630 1670 1658 1696 in

872 1717 1022 1751 terumnis,
1056 1717 1221 1744 auxiliorum
1246 1723 1325 1743 usum
1363 1716 1450 1750 magis
1478 1714 1659 1752 experimur.)

872 1756 1008 1795 Men-lico,
1025 1763 1131 1790 scilicet
1145 1762 1280 1797 spirituali
1299 1761 1399 1796 populo
1420 1761 1468 1788 ait.
1492 1761 1608 1796 Adjutar
1632 1761 1660 1788 in

873 1810 1113 1845 opportunitatibus
1140 1810 1169 1836 in
1197 1809 1422 1836 tribulationibus.
1452 1808 1487 1836 Ut
1510 1809 1599 1836 illud:
1625 1807 1660 1837 lu

873 1861 987 1890 tempore
999 1861 1104 1891 accepto
1119 1856 1242 1883 exaudiui
1257 1861 1282 1883 te
1300 1856 1344 1882 η’.

908 1902 952 1929 12.
972 1901 1084 1929 Ρδαιίίιε
1095 1902 1208 1929 Domino
1225 1903 1271 1937 qui
1285 1902 1388 1929 habitat
1409 1903 1437 1929 in
1455 1901 1530 1929 Sion.
1555 1903 1585 1929 In
1603 1909 1656 1930 cat-

872 1949 943 1980 lesti,
971 1948 1075 1983 inquit,
1099 1947 1262 1976 Jerusalem.
1286 1949 1450 1976 Aununtiate
1474 1949 1543 1975 inter
1571 1953 1658 1984 gentes

872 1995 963 2022 studia
981 1995 1050 2029 ejus.
1074 1996 1137 2022 Haec
1154 1994 1233 2029 quasi
1248 1994 1280 2021 ad
1303 1996 1441 2029 apostolos
1458 2000 1484 2022 et
1498 1994 1660 2031 Evangelia-

872 2048 933 2068 rum
949 2048 1089 2076 praecones
1109 2041 1241 2076 loquitur.
1267 2040 1333 2073 Qua:
1348 2048 1430 2075 porro
1455 2041 1510 2070 sint
1524 2042 1658 2078 ejusmodi

872 2089 962 2117 studia
976 2089 1002 2116 in
1021 2089 1200 2130 sequentibus
1215 2089 1326 2117 indicat.

908 2181 950 2208 15.
968 2181 1100 2215 Quoniam
1118 2182 1250 2217 requirens
1263 2181 1417 2216 sanguinem
1431 2190 1521 2210 eorum
1536 2183 1658 2210 recorda~

873 2232 914 2254 tus
935 2234 981 2255 est.
999 2228 1178 2264 Sanguinem,
1195 2228 1242 2261 ait,
1257 2236 1307 2263 pro
1325 2228 1371 2256 illo
1390 2228 1505 2256 eﬂ‘usum
1520 2230 1658 2264 requiret,

836 2287 858 2313 Ι)
873 2277 902 2299 ut
917 2273 1065 2300 vindictam
1085 2273 1212 2307 postulet.

911 2319 986 2355 [Non
1004 2325 1042 2346 est
1060 2319 1157 2346 oblitus
1181 2319 1323 2346 clamorem
1342 2327 1497 2354 pauperum.
1523 2319 1659 2355 Pauperes

873 2373 982 2391 rursum
1008 2370 1090 2392 vocat
1111 2373 1159 2392 eos
1176 2365 1223 2399 qui
1245 2369 1353 2399 propter
1374 2365 1462 2398 ipsum
1491 2365 1657 2397 mendicant,

872 2413 919 2447 qui
945 2412 1055 2439 assidue
1079 2413 1167 2446 ipsum
1182 2412 1320 2446 supplices
1336 2417 1444 2446 rogant,
1466 2413 1659 2446 postulantquo

873 2459 1006 2485 ultionem
1033 2458 1196 2493 iujuriarum
1222 2458 1274 2485 sibi
1306 2457 1340 2484 ab
1365 2457 1536 2486 daemonibus
1569 2458 1659 2486 illata-

871 2505 957 2540 rum.]

909 2551 956 2578 15.
975 2551 1027 2583 Qui
1041 2551 1144 2578 exultas
1157 2559 1196 2577 me
1212 2551 1244 2578 de
1259 2552 1343 2585 portis
1359 2552 1463 2578 mortis.
1478 2551 1540 2578 Ideo
1554 2551 1659 2579 excitas

871 2606 914 2625 me
942 2606 974 2625 ex
993 2602 1064 2625 terra
1091 2597 1311 2630 humiliationis,
1337 2601 1367 2624 ut
1391 2597 1507 2625 choreas
1527 2604 1604 2632 agam
1631 2597 1657 2624 in

870 2644 974 2671 caelesti
993 2643 1070 2671 Sion.

906 2689 959 2726 [In
991 2691 1074 2725 portis
1106 2690 1170 2724 ﬁlia:
1195 2690 1271 2718 Sion.
1299 2690 1328 2717 in
1357 2689 1460 2718 cceiesti
1494 2687 1656 2716 Jerusalem.

871 2737 939 2764 lllud
969 2745 1066 2772 porro,
1099 2738 1268 2769 amtuntiem,
1298 2737 1443 2771 intelligas,
1473 2734 1582 2762 assidue
1611 2741 1658 2761 ca-

874 2783 960 2820 nam]

910 2830 952 2856 ΓΙ.
969 2830 1144 2865 Cognoscitur
1159 2830 1287 2857 Dominus
1303 2829 1407 2864 judicia
1422 2828 1531 2862 faciens,
1543 2829 1596 2853 etc.
1610 2825 1659 2853 Ju-

872 2877 973 2905 dicium
992 2884 1110 2912 namque
1125 2877 1204 2911 plano
1217 2875 1320 2910 justum
1338 2878 1433 2906 est;nt
1450 2873 1467 2900 ii
1484 2872 1530 2908 qui
1542 2877 1657 2900 mortem
