1938 3053
94 123 126 151 S7
650 124 831 153 EXPOSITIO
848 125 881 153 IN
901 125 1069 154 PSA-LMUM
1090 125 1158 152 χιιι.
1683 128 1719 157 93

92 183 222 220 ἡμετέρᾳ,
245 183 330 216 οὕτως
356 185 371 212 ὀ
389 184 510 217 διάϐολος
528 186 556 212 ιν
575 187 609 222 τῇ
624 186 746 222 ἀπωλείᾳ
766 187 876 223 ἐπαίρε-

933 186 1000 214 Deus
1018 187 1121 214 dicitur
1145 186 1171 213 in
1189 186 1276 213 salute
1298 190 1392 213 nostra
1408 185 1542 219 exaltari;
1561 185 1598 212 ita
1617 190 1644 213 et
1657 186 1717 213 dia-

93 229 150 257 σθαι
164 229 286 264 λέγεται.

125 275 260 302 Memor
274 275 344 308 τοὺς
359 275 531 311 ὀφθαλμούς
540 285 611 311 μου.
634 278 804 314 Ὀφθαλμοὺς
815 279 878 310 τοὺς

91 321 140 356 τῆς
168 321 288 353 διανοίας
322 322 408 357 δηλοῖ.
436 323 574 349 Φωτίσατε
599 323 654 359 γὰρ
680 324 794 356 ἑαυτοὺς
821 324 879 358 φῶς

91 367 226 401 γνώσεως.

131 412 203 447 Ἐγὼ
227 412 262 438 δὲ
290 412 340 439 ἐπὶ
367 412 408 445 τῷ
431 413 508 440 ἐλέει
529 421 588 441 σου
616 414 743 448 ἤλπισα.
767 414 877 450 Bappo,

90 458 182 494 φησὶν,
209 458 345 493 ἁμαρτίας
360 457 456 493 ἄφεσιν
478 459 605 491 δέξασθαι
623 459 661 494 τῷ
675 460 745 486 ἐλέει
760 469 878 496 προσαν-

90 503 158 538 έχων
189 503 229 538 τῷ
250 502 298 538 σῷ,
328 503 361 531 δι’
391 500 421 530 οὗ
441 505 531 532 καὶτὸ
549 505 682 541 σωτήριον
694 506 811 537 δέδωκας
824 507 878 532 πᾶ-

92 557 132 576 σιν
158 548 327 584 ἀνθρώποις·
357 550 426 586 ὅπερ
452 551 585 587 σωτήριον
615 551 796 586 ἁγαλλιᾶσθαι
825 561 879 579 πα-

91 595 254 631 ρασκευάσει
271 604 321 629 μου
335 596 384 631 τὴν
411 597 533 632 καρδίαν,
549 597 597 632 τὴν
609 598 690 625 πάλαι
708 598 878 634 ὀδυνωμέντιν

89 643 132 670 διὰ
145 643 196 677 τὴν
210 641 357 677 ἁμαρτίαν.

153 688 207 720 Είς
221 687 253 714 τὸ
275 685 372 720 τέλος,
400 689 548 716 ΨἉΑΜΟΣ
561 689 601 722 τῷ
627 689 726 717 Δαϐίδ,
741 691 797 717 1Γ’.

408 734 414 742 ’
421 735 573 768 Υπόθεσις.

88 781 242 817 Διαρῤήδην
271 784 300 810 ἐν
327 782 367 818 τῷ
394 782 507 818 παρόντι
534 781 635 817 ψαλμῷ
658 781 801 817 σαφηνίζει
823 782 878 809 τῶν

65 843 72 850 ~
121 827 273 864 ἀνθρώπων
286 830 335 865 τὴν
345 830 385 860 είς
412 829 443 855 τὺ
461 829 589 860 παντελὲς
611 829 666 856 τῶν
692 829 877 864 ἐπιτηδευμά-

929 232 1008 259 holus
1025 232 1051 258 in
1067 232 1187 267 pernicie
1205 236 1299 258 nostra
1315 231 1419 259 extolli.

964 279 990 305 4.
1013 277 1142 305 Illumina
1161 278 1248 305 oculos
1266 286 1346 304 meos.
1370 276 1470 305 Oculos
1487 278 1586 305 mentis
1604 277 1715 306 indicat.

927 323 1083 352 llluminate
1098 325 1159 352 illos
1176 325 1280 352 lumine
1294 326 1469 359 cognitionis.

965 371 991 398 6.
1015 371 1070 406 Ego
1088 377 1177 398 autem
1194 373 1219 398 in
1240 372 1423 398 misericordia
1445 376 1490 397 tua
1504 371 1615 405 speravi.
1643 371 1716 398 Con-

929 416 994 448 tido,
1009 417 1107 451 inquit,
1123 417 1225 451 peccati
1245 425 1287 444 tne
1307 417 1496 444 remissionem
1524 422 1715 452 accepturum.

928 461 992 488 dum
1012 466 1086 488 tuam
1106 463 1246 497 perpendo
1269 462 1495 489 misericordiam.
1525 462 1592 495 Tua,
1616 463 1714 498 inquit,

928 515 976 542 per
997 515 1079 542 quam
1095 509 1214 535 salutare
1230 513 1305 535 tuum
1330 509 1428 536 dedisti
1457 509 1579 536 minibus
1599 509 1717 536 homini-

929 553 990 580 bus.
1022 553 1099 586 ρειοά
1128 553 1248 581 salutare
1268 554 1478 581 exsultationem
1509 554 1617 588 parabit
1637 553 1715 581 cuedi

928 606 1000 631 meo,
1018 599 1083 626 olim
1096 599 1130 626 de
1147 604 1259 634 peccato
1274 600 1388 627 dolenti.

1028 688 1054 715 l.
1071 687 1105 714 1n
1119 688 1208 722 ﬁnem,
1226 687 1394 716 DSJLJIE/S
1410 689 1506 717 David.
1526 689 1614 716 XIII.

1220 736 1421 769 Argumentum.

929 779 1034 809 Diserte
1050 780 1077 807 in
1101 781 1228 815 prmscnti
1250 782 1357 816 psalmo
1383 782 1505 809 declarat
1528 781 1670 809 hominum
1685 781 1714 810 in

962 828 1090 855 omnibus
1104 828 1201 855 studiis
1221 834 1248 855 et
1269 828 1374 855 actibus
1396 828 1453 855 suis
1479 828 1645 862 impietatem
1663 829 1717 856 ini-

120 882 174 901 των
191 875 321 902 ἀσέϐειαν
346 876 393 902 καὶ
412 874 595 911 παρανομίαν,
618 875 660 902 ἵνα
687 875 718 902 τὸ
730 877 876 909 ἀναγκαῖον

962 872 1163 907 quitatemque,
1189 876 1218 900 ut
1233 873 1424 901 necessitatem
1437 873 1566 908 praedicet
1581 873 1717 903 adventus

119 921 169 956 τῆς
183 922 343 957 ἐπιφανείας
358 921 462 957 κηρύξῃ
476 921 604 956 Χριστοῦ.

118 965 215 994 Εἶπεν
227 967 330 1002 ἄφρων
344 969 379 995 ἐν
395 967 499 1002 καρδίᾳ
515 967 620 994 αὐτοῦ’
635 968 695 994 Οὐκ
707 967 772 994 ἔστι
795 969 876 1001 Sede.

93 1012 212 1048 Ἐπειδὴ.
241 1013 279 1049 μὴ
304 1013 487 1048 λογισάμενοι,
514 1014 607 1048 φησιν,
636 1011 705 1040 εἶναι
733 1014 799 1041 Θεὸν
816 1015 878 1049 ἐφο-

89 1057 177 1093 ρῶντα
196 1060 231 1085 τὰ
244 1058 403 1094 ἀνθρώπινα
428 1059 475 1085 καὶ
503 1059 630 1094 κρίνοντα
654 1059 744 1095 κρίσει
774 1059 877 1096 δικαία,

89 1104 178 1130 πᾶσαν
195 1104 409 1140 ἀθεμιτουργίαν
426 1105 598 1139 εἰργάσαντο·
614 1104 708 1130 τούτου
720 1104 752 1140 δὴ
770 1105 849 1141 χάριν
863 1106 878 1132 ὁ

88 1149 191 1186 Κύριος
209 1151 242 1176 ὲκ
265 1150 312 1177 τοῦ
328 1150 442 1186 ούρανοῦ
470 1150 592 1185 διέκυψε.
613 1150 698 1176 Τοῦτο
712 1151 765 1187 γὰρ
786 1151 878 1186 σαφῶς

87 1196 136 1230 τὴν
151 1196 191 1226 είς
218 1195 378 1232 ἀνθρώπους
400 1196 446 1222 τοῦ
467 1196 569 1231 Κυρίου
583 1195 694 1232 πρόοδον
705 1197 877 1232 κατασημαί-

87 1250 137 1269 νει.
150 1243 213 1269 Οὐκ
228 1242 296 1269 ἔστι
309 1241 404 1269 ποιῶν
431 1243 629 1277 χρηστότητα,
644 1244 699 1269 οὐκ
717 1242 802 1269 ἐστιν
823 1242 878 1276 ἕως

87 1288 166 1320 ἑνός.
189 1287 300 1318 Ἐλθὼν,
315 1288 409 1323 φησιν,
438 1289 451 1314 ὁ
476 1288 577 1323 Κύριος
592 1289 646 1315 οὐδ’
671 1289 718 1315 ἕνα
734 1285 797 1325 εὗρε
811 1297 878 1324 χρη-

89 1333 216 1368 στότητος
231 1334 359 1369 ἐργάτην,
373 1333 438 1360 ἀλλὰ
453 1333 506 1370 γὰρ
519 1334 669 1361 ὑπεύθυνον
683 1335 757 1370 πάσῃ
775 1335 875 1370 πράξει

88 1378 192 1412 ἀτόπῳ.
225 1377 320 1412 Τάρος
353 1377 539 1412 ἀνεῳγμένος
567 1380 583 1405 ό
612 1378 728 1413 λάρυγξ
766 1379 875 1406 αὐτῶν.

94 1422 214 1449 Ἐαυτῶν
232 1423 285 1457 γὰρ
298 1422 336 1458 τῷ
351 1423 471 1459 φάρυγγι
485 1425 508 1450 οἱ
526 1424 651 1459 δαίμονες
668 1424 763 1460 ὥσπερ
775 1425 876 1461 βρῶσιν

88 1465 161 1502 εἶχον
175 1467 221 1493 τὸν
239 1467 390 1504 ἄνθρωπον,
411 1468 447 1504 μὴ
471 1466 540 1495 εἶναι
566 1469 700 1501 νοοῦντες,
725 1470 766 1496 ὅτι
780 1471 793 1496 ὸ
812 1470 877 1502 θεὸς

89 1513 265 1540 tenuem“
277 1514 324 1540 τοῦ
339 1514 496 1550 πλάσματος
508 1514 590 1541 αὑτοῦ
608 1515 637 1541 οὺ
653 1515 774 1542 δύναται.

966 917 1081 944 Christi.

965 962 1041 989 Dixit
1054 963 1180 998 insipiens
1197 964 1225 990 in
1239 965 1316 992 corde
1327 973 1394 992 suo:
1409 964 1470 992 Non
1480 968 1518 991 est
1528 963 1609 991 Deus.
1627 964 1717 997 Quatt-

928 1007 1076 1043 doquidem
1093 1017 1147 1036 non
1162 1010 1313 1044 cogitantes
1328 1010 1412 1038 Deum
1426 1019 1503 1044 esse,
1525 1011 1571 1045 qui
1588 1011 1716 1046 respiciat

928 1055 1020 1081 omnia
1034 1055 1153 1083 humana
1164 1076 1171 1088 ,
1193 1064 1225 1083 ac
1237 1056 1283 1090 qui
1301 1056 1377 1091 justo
1391 1056 1607 1091 judiciojudicet
1619 1076 1627 1089 ,
1654 1057 1716 1084 nul-

928 1100 985 1127 lum
1003 1108 1055 1127 non
1071 1102 1161 1128 scelus
1179 1103 1389 1136 pet-petrarunt;
1417 1102 1519 1129 idcirco
1536 1102 1670 1129 Dominus
1682 1102 1716 1129 de

928 1148 998 1176 cutio
1017 1148 1165 1183 prospexit.
1191 1147 1257 1174 Illud
1276 1148 1347 1174 enim
1369 1152 1462 1182 aperte.
1480 1146 1586 1174 Domini
1608 1148 1641 1174 ad
1666 1147 1716 1174 ho-

927 1196 1014 1223 mines
1025 1195 1169 1222 adxcntum
1185 1194 1297 1222 indicat.
1322 1194 1383 1221 Non
1394 1199 1432 1221 est
1446 1195 1491 1230 qui
1508 1195 1592 1228 faciat
1605 1194 1712 1225 bonum,

931 1246 1031 1269 nonest
1045 1249 1125 1276 usque
1139 1241 1173 1268 ad
1188 1249 1279 1267 unum.
1308 1241 1376 1268 Cum
1388 1242 1462 1268 venit
1473 1262 1480 1272 ,
1498 1242 1601 1276 inquit,
1622 1241 1717 1268 [tomi-

928 1295 998 1320 nus,
1021 1288 1126 1315 nullum
1151 1287 1353 1314 mansuetudini
1376 1288 1517 1319 deditum;
1544 1288 1591 1314 sed
1618 1295 1716 1315 omnes

929 1333 997 1361 nulli
1015 1341 1068 1360 non
1083 1341 1167 1368 pravo
1187 1333 1261 1367 operi
1277 1333 1411 1366 addictos,
1429 1333 1541 1360 invenit.
1558 1332 1714 1367 Sepulcrum

927 1385 1020 1415 patens
1043 1385 1082 1406 est
1107 1383 1199 1414 guttur
1220 1386 1320 1405 eorum.
1352 1377 1380 1404 In
1402 1385 1453 1405 suo
1467 1386 1584 1412 namque
1607 1384 1716 1414 gutture

927 1427 1064 1452 daemones
1083 1424 1220 1451 hominem
1243 1423 1323 1458 quasi
1345 1423 1436 1450 cibum
1458 1423 1633 1455 detinebant,
1659 1432 1714 1451 non

928 1470 1079 1505 cogitantes
1103 1477 1156 1496 non
1182 1476 1262 1504 posse
1285 1468 1370 1496 Deum
1397 1476 1519 1503 unquam
1545 1468 1646 1503 opiticil
1671 1469 1715 1496 sui

928 1514 1062 1542 oblivisci.

126 1559 200 1593 οὐχι
225 1559 390 1594 γνώσονται
422 1560 533 1594 πάντες
561 1562 588 1587 οἱ
617 1561 801 1596 ἐργαζόμενοι
821 1561 876 1597 τὴν

963 1561 990 1588 4.
1008 1559 1102 1586 Νοηηε
1117 1563 1270 1593 cognoscent
1285 1566 1373 1585 omnes
1394 1560 1439 1593 qui
1460 1563 1604 1593 operantur
1615 1559 1715 1594 iniqui-

89 1605 237 1639 droylar;
252 1605 321 1632 Καθ’
338 1605 509 1641 ὑποστιγμὴν
534 1606 732 1640 ἀναγνωστέον,
751 1607 798 1634 καὶ
810 1607 878 1639 ἕξω-

91 1649 135 1676 θεν
147 1649 193 1675 τὸν
204 1650 307 1685 Κύριον
319 1650 497 1685 προληπτέον·
517 1649 585 1688 ἵναῇ
600 1650 686 1683 οὕτως
705 1651 736 1678 τὸ
751 1651 880 1686 σημαινό-

92 1703 181 1729 μενον·
194 1696 249 1722 Καὶ
271 1696 372 1727 πάντες
396 1695 545 1729 ἐξέκλιναν,
567 1696 709 1723 καὶτοῦτο
737 1698 877 1733 ἐποίησαν.

91 1741 127 1768 οὗ
142 1741 269 1776 μέλλουσι
281 1741 424 1776 γινώσκειν
434 1742 480 1768 τὸν
494 1742 605 1777 Κύριον.
615 1744 724 1777 Κύριον
734 1744 770 1770 οὐ
785 1751 878 1778 προσ-

88 1786 275 1812 εκαλέσαντο
301 1787 328 1813 ot
351 1786 505 1820 ἐσθίοντες
526 1787 579 1814 τὸν·
592 1788 669 1820 ,ζωόν
680 1796 739 1822 μου
752 1788 788 1814 ἐν
800 1788 878 1824 ,βρὼ-

89 1838 138 1857 σει
163 1830 265 1864 ἄρτου.
294 1831 447 1867 Κατήσθιον
471 1831 525 1868 γὰρ
553 1832 598 1858 τὸν
620 1832 683 1859 λαὸν
707 1833 789 1860 αὐτοῦ
816 1835 880 1861 ἀνα-

89 1876 230 1908 πείθοντες
242 1878 405 1912 προσκυνεῖν
416 1877 464 1913 τὴν
481 1877 570 1904 κτίσιν
583 1877 659 1913 παρὰ
673 1878 719 1904 τὸν
737 1878 876 1906 κτίσαντα.

88 1922 144 1949 Καὶ
159 1919 243 1954 οὗτοι,
261 1923 352 1958 φησὶν,
368 1922 482 1959 -ὲτέροις
504 1923 597 1950 κακῶν
611 1924 755 1959 εἰσηγηταὶ
766 1925 879 1960 γενόμε-

87 1976 138 2000 νοι,
152 1968 198 1994 τὸν
210 1968 311 2003 Κύριον
337 1969 387 1995 οὐκ
409 1968 626 1996 ἐπιχαλέσονται.
656 1970 734 1997 Οὕτω
748 1971 802 2006 γὰρ
812 1971 878 1998 ἀνα-

87 2015 224 2048 γνωστέον
242 2014 373 2050 μέλλοντα
387 2015 447 2042 ἀντὶ
460 2015 507 2042 τοῦ
525 2015 751 2051 παρεληλυθότος.

129 2060 211 2088 Ἐκεῖ
224 2060 258 2087 δὲ
273 2060 446 2088 ἐδειλίασαν
473 2062 563 2096 φόϐῳ.
578 2061 614 2090 οὗ
640 2063 696 2089 οὐκ
712 2060 752 2097 ἦν
773 2063 875 2097 φόϐος.

92 2106 124 2132 '0
135 2106 259 2137 Μωσέως
282 2106 373 2141 νόμος,
394 2108 469 2142 φησὶ,
498 2107 607 2134 κόλασιν
630 2108 726 2134 ἐποίει·
742 2109 756 2135 6
783 2109 811 2136 δὲ
830 2110 876 2136 τοῦ

87 2151 207 2187 Χριστοῦ
224 2151 304 2186 φόϐος
318 2152 398 2186 ἁγνός
411 2154 493 2180 ἔστιν·
516 2153 553 2185 ὡς
581 2154 654 2186 υἱοὺς
665 2154 721 2189 γὰρ
736 2154 877 2189 φοεεῖσοαι

87 2197 199 2234 Πατέρα
213 2198 413 2234 παρεσκεύαζε.
427 2199 506 2225 Κατὰ
513 2199 558 2225 τὸν
568 2200 664 2235 καιρὸν
674 2201 787 2232 ὲκετνον,
798 2201 873 2235 φησὶ,

88 2244 149 2271 καθ’
164 2244 195 2270 ὃν
208 2244 235 2271 δὲ
247 2244 366 2280 δηλονότι
383 2245 398 2280 ἡ
414 2245 569 2279 ἐπιφάνεια,
587 2245 668 2279 φόὃον
677 2245 876 2282 φοσηθήσονται

87 2286 119 2317 οὗ
137 2290 189 2317 οὐκ
206 2290 262 2316 ἔστι
274 2290 363 2325 φόϐος.
374 2291 431 2317 Οὐκ
441 2291 472 2317 ὲκ
487 2292 602 2327 νομικῆς
618 2291 732 2327 ἀπειλῆς
745 2291 876 2328 δηλονότι,

87 2336 145 2363 ἀλλ’
162 2337 179 2372 ἡ
199 2336 340 2371 πρέπουσα
353 2336 452 2371 μᾶλλον
473 2337 624 2372 ἐλευθέροις
634 2337 771 2365 εὐλάϐεια.

124 2382 189 2408 ὀτι
201 2382 308 2415 Κύριος
318 2382 354 2408 ἐν
364 2381 452 2416 γενεᾷ
465 2382 596 2409 δικαίων.
606 2382 667 2409 Τῶν
681 2382 877 2418 δικαιουμένων

87 2427 133 2455 διὰ
141 2429 190 2464 τῆς
201 2430 361 2464 ἐπιφανείας
375 2430 466 2456 αὐτοῦ.
477 2429 579 2463 Βουλὴ
588 2430 706 2464 πτωχοῦ
716 2430 878 2464 καταισχύ-

86 2483 179 2503 vetat.
195 2475 287 2503 Ταῦτα
298 2476 336 2508 ὡς
348 2476 416 2511 πρὸς
430 2477 491 2508 τοὺς
501 2476 701 2511 ἀπομείναντας
714 2478 746 2512 τῇ
763 2477 876 2511 ἀπιστίᾳ

87 2521 134 2547 καὶ
147 2521 296 2554 διώξαντας
311 2522 374 2554 τοὺς
388 2523 587 2554 πιστεύσαντας
605 2523 645 2554 εἰς
664 2523 792 2558 Χριστόν.

126 2613 173 2645 Τίς
186 2611 275 2639 δώσει
288 2612 323 2639 ἐκ
346 2613 421 2639 Σιὼν
444 2612 476 2639 τὸ
492 2612 639 2647 σωτήριον
663 2612 716 2639 τοῦ
739 2612 875 2646 Ἶσραήλ;

85 2659 172 2685 Τοῦτο
184 2659 211 2685 δὲ
223 2656 320 2693 διπλῆν
335 2658 390 2693 ἔχει
410 2658 458 2693 τὴν
473 2659 651 2694 προφητείαν·
667 2658 696 2685 οὐ
725 2658 779 2693 γὰρ
794 2658 874 2693 μόνον

85 2704 212 2738 τηνικάδε
227 2703 376 2738 γενομένην
388 2705 443 2735 τοῖς
458 2703 661 2739 πολιορκηθεῖςι
676 2703 874 2740 προσαγορεύει

87 2750 234 2784 σωτηρίαν,
252 2749 320 2776 ἀλλὰ
333 2750 379 2775 καὶ
394 2749 442 2784 τὴν
455 2749 560 2781 πολλοῖς
577 2749 688 2784 ὕστερον
705 2750 810 2785 χρόνοις
827 2749 874 2776 τοῦ

85 2795 210 2830 Σωτῆρος
226 2794 305 2830 ἡμῶν
328 2795 477 2830 γενομένην
503 2795 606 2822 ἐκεῖθεν
626 2795 758 2831 σωτήριον
774 2795 874 2829 ἐπιφά-

85 2847 169 2867 νειαν.
203 2835 443 2872 Ἁγαλιιάπταί
462 2839 567 2867 Ἰακώϐ.
597 2841 665 2872 Tol);
701 2840 794 2874 ἁγίους
823 2847 875 2867 πα-

931 1607 1031 1633 tatem?
1044 1606 1112 1633 Cum
1128 1605 1349 1639 interpunctione
1366 1604 1520 1636 legendum,
1538 1610 1618 1638 atque
1637 1605 1713 1637 illud,

929 1651 1081 1682 Dominum,
1093 1654 1170 1677 extra
1184 1649 1369 1684 accipiendum
1381 1657 1389 1680 ;
1403 1653 1432 1676 ut
1444 1649 1501 1676 hinc
1508 1649 1543 1676 sit
1557 1650 1691 1677 sententia
1705 1658 1713 1677 :

930 1696 963 1723 Et
973 1703 1078 1728 omnes,
1092 1695 1190 1730 inquit,
1208 1694 1422 1725 declinaverunt,
1437 1698 1519 1728 atque
1534 1694 1560 1721 id
1575 1699 1714 1728 perpetra-

928 1747 1000 1769 runt.
1024 1741 1200 1776 Nequaquam
1229 1739 1350 1767 futurum
1377 1745 1420 1767 est
1442 1744 1472 1766 ut
1496 1739 1642 1766 Dominum
1665 1747 1714 1767 co-

929 1791 1069 1823 gnoscant.
1093 1786 1145 1819 Qui
1163 1786 1288 1814 devorant
1314 1785 1412 1820 plebem
1435 1794 1519 1812 meam
1541 1786 1608 1813 cicut
1627 1794 1713 1813 eorum

928 1835 1021 1870 panis,
1054 1833 1197 1860 Dominum
1221 1841 1273 1859 non
1296 1832 1491 1859 invocaverunt.
1525 1831 1712 1860 Comedehant

928 1881 999 1908 enim
1022 1879 1150 1915 populum
1166 1878 1237 1913 ejus,
1261 1879 1405 1905 suadentes
1428 1878 1541 1904 adorare
1558 1882 1711 1905 creaturam

927 1931 955 1954 ct
970 1934 1023 1952 non
1047 1929 1210 1952 creatorem.
1238 1924 1326 1958 Atque
1342 1923 1399 1956 illi,
1423 1923 1530 1957 inquit,
1552 1923 1613 1950 aliis
1626 1923 1712 1951 malo.

928 1978 988 1998 rum
1008 1975 1133 1997 auctores
1146 1969 1220 2000 l'acti,
1239 1969 1385 1996 Dominum
1405 1976 1458 1995 non
1475 1968 1652 1996 invocabant.
1672 1968 1711 1997 Ita

928 2024 1046 2052 namque
1061 2017 1203 2051 legendum
1217 2015 1339 2042 futurum
1350 2022 1400 2050 pro
1416 2014 1564 2050 praeterito.

963 2062 991 2089 5.
1009 2061 1072 2089 Illic
1091 2061 1284 2096 trepidaverunt
1302 2062 1405 2094 timore,
1431 2062 1475 2088 ubi
1490 2071 1542 2089 non
1550 2067 1607 2090 erat
1621 2063 1710 2090 timor.

927 2107 1027 2144 Moysis
1038 2108 1093 2140 lex,
1108 2107 1207 2143 inquit,
1229 2115 1338 2142 poenam
1353 2108 1506 2142 inferebat,
1526 2110 1606 2137 timor
1620 2116 1711 2138 autem

928 2155 1036 2182 Domini
1053 2159 1144 2182 castus
1163 2159 1224 2182 est:
1244 2161 1307 2181 nam
1323 2162 1374 2182 nos
1396 2160 1526 2190 tanquam
1549 2157 1637 2190 ﬁlios,
1659 2157 1712 2185 Pa-

891 2218 913 2245 D
927 2206 996 2228 trem
1015 2202 1110 2229 timere
1125 2201 1227 2229 docuit.
1239 2200 1305 2228 Post
1316 2201 1382 2228 illud
1397 2207 1516 2237 tempus,
1538 2211 1592 2238 quo
1608 2204 1712 2232 scilicet

929 2249 1062 2275 adventus
1077 2247 1130 2274 erit
1145 2247 1216 2282 ejus,
1232 2247 1268 2274 ibi
1284 2247 1418 2275 timebunt
1431 2249 1476 2276 ubi
1496 2256 1550 2276 non
1567 2255 1607 2277 est
1619 2250 1710 2277 timor.

927 2293 986 2320 Non
1007 2294 1106 2321 timore
1119 2294 1165 2328 qui
1176 2301 1209 2320 ex
1224 2293 1291 2328 legis
1303 2295 1516 2323 comminatione
1530 2296 1644 2328 oriatur,
1664 2297 1710 2324 sed

927 2340 1078 2366 reverentia
1095 2347 1156 2374 qua:
1172 2339 1274 2366 liberos
1290 2338 1396 2367 deceat.

962 2385 988 2412 6.
1007 2385 1136 2417 Quoniam
1152 2385 1278 2412 Dominus
1288 2385 1316 2411 in
1327 2385 1492 2420 generatione
1501 2385 1645 2420 justorum.
1659 2387 1710 2420 Qui

924 2432 1110 2466 justiﬁcantur
1131 2439 1179 2466 per
1201 2432 1262 2466 ejtis
1284 2432 1440 2459 adventum.
1465 2431 1612 2460 Consilium
1626 2433 1711 2467 inopis

927 2477 1109 2510 confunditur.
1134 2475 1197 2504 Hzec
1219 2476 1285 2504 dicit
1302 2476 1335 2503 ad
1353 2483 1401 2503 eos
1418 2476 1464 2511 qui
1489 2481 1664 2510 perseverant
1683 2477 1710 2503 in

928 2523 1128 2556 incredulitate,
1145 2527 1173 2550 et
1185 2527 1386 2557 persequuntur
1403 2530 1450 2549 eos
1461 2522 1508 2556 qui
1523 2522 1551 2549 in
1568 2522 1709 2549 Christum

926 2567 1076 2594 credidere.

962 2611 987 2638 7.
1005 2611 1071 2644 Quis
1086 2610 1160 2638 dabit
1169 2619 1202 2638 ea;
1211 2610 1274 2638 Sion
1289 2610 1406 2637 salutare
1422 2610 1529 2638 Israel?
1549 2610 1606 2638 Hoc
1621 2611 1708 2646 dupli-

926 2665 984 2685 cem
1001 2657 1121 2684 continet
1134 2656 1304 2692 prophetiam
1323 2665 1329 2683 :
1345 2664 1399 2683 non
1413 2657 1494 2684 modo
1509 2658 1581 2684 enim
1599 2657 1642 2684 hic
1659 2657 1709 2683 ob-

926 2703 1009 2730 sessis
1023 2707 1129 2737 partam
1143 2703 1258 2730 salutem
1279 2702 1442 2735 annuntiat,
1466 2702 1512 2730 sed
1534 2703 1618 2730 etiam
1636 2702 1710 2729 salu-

926 2755 1011 2776 tarem
1023 2748 1124 2775 (Zhristi
1142 2748 1288 2776 adventum
1301 2769 1308 2781 ,
1330 2749 1423 2775 multis
1435 2752 1496 2783 post
1509 2748 1616 2776 saeculis
1635 2747 1710 2775 tutu-

925 2801 999 2820 rum.
1015 2793 1167 2820 Exsultabit
1179 2793 1272 2821 Iacob.
1296 2793 1412 2821 Sanctos
1424 2793 1594 2828 patriarchas
1609 2797 1636 2820 et
1645 2801 1710 2829 pro-

926 2839 1023 2874 phetas
1038 2839 1181 2874 intelligit,
1203 2841 1251 2874 qui
1272 2847 1447 2872 summouere
1464 2839 1517 2866 laeti
1535 2843 1630 2871 erunt.
1647 2847 1710 2868 cum
