1938 3053
238 102 273 126 ευ
662 99 689 128 S.
711 100 898 128 ATIIANASII
916 100 991 128 OPP.
1012 101 1102 129 PARS
1118 101 1161 129 Ill.
1183 117 1219 123 —
1236 102 1441 131 EXEGETICA.

1812 104 1864 132 ιοθ

238 155 380 186 praedictas
397 156 432 183 ab
453 155 520 190 ipsis
535 155 733 190 promissiones
746 157 874 185 Christus
892 158 1007 193 impleve

1072 159 1203 194 τριάρχας
1214 160 1260 186 καὶ
1279 161 1420 195 προφήτας
1443 159 1525 195 φησὶ,
1547 161 1610 191 τοὺς
1638 160 1709 196 χαρᾷ
1721 159 1865 196 χαίροντας

236 207 280 229 rtt.
300 202 346 229 Hie
365 207 456 229 autem
471 207 565 235 erant.
587 210 648 238 quae
665 203 787 230 omnium
807 204 929 239 gentium
948 205 1022 232 salu-

236 251 289 275 tem
306 248 539 282 praenuntiabant.

333 340 358 367 1.
381 339 415 366 1η
430 340 520 373 ﬁnem,
538 339 707 368 PSALMUS
722 339 820 368 David.
841 340 922 368 XIV.

528 386 728 421 Argumentum.

214 456 217 457 ν
233 430 312 458 Hunc
331 431 402 458 canit.
417 432 563 466 psalmum,
576 432 678 459 docens
692 432 822 467 quidnam
842 433 945 460 aditum
969 433 1019 461 ho-

268 478 335 504 mini
365 478 485 512 praebeat
512 479 545 504 ad
569 478 644 505 illam
674 480 873 514 asscquendam
895 485 1016 507 sortem;

268 529 435 558 quapropter
449 524 483 550 ita
498 524 604 551 orditur
619 534 625 551 :

266 567 386 601 Domine,
402 569 460 603 quis
478 569 610 596 habitabit
632 570 658 596 in
686 570 854 598 tabernaculo
879 572 944 598 tuo?
962 571 1016 598 lia-

232 613 331 640 bitatio
345 619 387 640 est
406 616 587 642 commoratio
605 620 796 650 temporanca,
818 625 872 643 non
894 617 974 644 ﬁxam
989 623 1017 644 ct

231 665 434 694 permanentem
448 661 542 692 vitam,
555 662 602 688 scd
620 666 819 694 transeuntem,
839 671 871 690 ac
887 672 950 691 cum
967 672 1015 699 spe

229 706 478 741 transrnigratimlis
504 707 536 733 ad
566 708 754 741 praestantiora
778 709 952 742 conjunctam
978 710 1014 737 si-

229 752 370 786 gnificans.
390 751 481 779 Sancti
494 753 592 786 quippe
609 754 657 779 viri
670 759 711 780 est
724 754 793 781 hanc
806 755 888 781 vitam
904 760 1014 789 praeter--

228 799 318 825 eundo
339 806 437 833 agere.
457 803 538 832 atque
561 799 592 825 ad
616 799 695 825 aliam
723 801 918 828 transmittere.
948 801 1013 834 Quae

1072 205 1118 231 ἐπὶ
1135 205 1173 240 τῷ
1185 206 1234 237 τὰς
1250 207 1444 242 προλεχθείσας
1459 206 1549 233 αὐτῶν
1563 207 1727 240 ἐπαγγελίας
1743 207 1864 242 ἀποπλη-

1072 251 1156 286 ρῶσαι
1169 251 1213 278 τὸν
1228 253 1353 288 Χριστόν.
1369 250 1453 280 Δῦται
1470 253 1498 280 δὲ
1509 252 1578 289 ἦσαν
1599 254 1626 280 ai
1648 254 1696 289 τὴν
1707 254 1761 280 τῶν
1777 254 1863 282 ἐθνῶν

1071 298 1198 324 ἁπάντων
1211 299 1348 334 σωτηρίαν
1366 301 1631 336 κατασημαίνουσαι.

1157 345 1209 377 Εἰς
1228 345 1260 371 τὸ
1275 345 1361 379 τέλος
1378 347 1533 373 ΨΛΛΜΟΣ
1543 347 1583 379 τῷ
1603 347 1702 374 Δαυΐδ.
1717 349 1771 375 1Δ’.

1384 393 1390 401 ’
1396 393 1549 424 Υπόθεσις.

1069 434 1168 462 Τοῦτον
1194 436 1251 471 ᾅδει
1267 436 1313 463 τὸν
1327 436 1444 472 ψαλμὸν,
1459 438 1592 465 διδάσκων
1607 438 1632 464 τί
1660 438 1692 465 ἂν
1715 439 1860 475 ἄνθρωπον

1103 482 1299 518 παρασκευάσῃ
1313 483 1361 518 τῆς
1374 484 1510 519 μακαρίας
1523 485 1629 520 ἐκείνης
1641 487 1730 520 τυχεῖν
1744 485 1858 521 λήξεως·

1102 526 1143 552 διὸ
1162 527 1313 563 ἀρχόμενος
1324 537 1415 563 φησιν’

1101 573 1199 605 Κύριε,
1216 573 1262 606 τίς
1278 574 1455 608 παροικήσει
1470 576 1505 602 ἐν
1532 575 1572 608 τῷ
1595 576 1768 611 σκηνώματί
1777 586 1857 610 σου;

1067 618 1201 654 Παροικία
1217 620 1274 645 ἐστὶ
1290 621 1410 656 διαγωγὴ
1438 621 1613 656 πρόσκαιρος,
1646 623 1694 657 οὐχ
1710 623 1857 659 ἱδρυμένην

1066 663 1149 698 ζωὴν,
1163 664 1230 690 ἀλλὰ
1246 665 1394 701 παροδικὴν
1414 667 1456 692 ἐπ’
1478 667 1564 693 ἐλπίδι
1582 668 1630 702 τῆς
1652 668 1699 694 ἐπὶ
1710 669 1744 694 τὰ
1763 669 1857 703 κρείτ-

1065 718 1129 736 τονα
1144 711 1336 745 μεταστάσεως
1358 713 1554 746 ὑποφαίνουσα.
1576 714 1665 748 Ἀγίου
1686 714 1740 750 γὰρ
1758 715 1856 750 ἀνδρὸς

1065 757 1223 792 παροδεύειν
1241 757 1286 784 τὸν
1301 758 1355 793 βίον
1380 757 1484 791 τοῦτον,
1502 760 1650 794 ἐπάγεσθαι
1668 760 1695 787 δὲ
1713 761 1780 796 πρὸς
1796 762 1855 788 ἑτέ-

1066 811 1115 837 ραν
1131 803 1213 838 ζωήν,
1232 804 1276 830 Διὸ
1303 803 1350 830 καὶ
1366 805 1380 830 ὁ
1395 805 1477 831 Δαυῒδ
1505 807 1568 841 περὶ
1586 807 1668 833 αὐτοῦ
1685 816 1761 842 φησι·
1776 808 1854 842 Πάρ-

227 852 309 872 causa
324 849 365 871 est
383 849 412 871 ut
431 844 512 871 David
529 844 562 871 dc
580 853 609 871 se
630 845 688 880 ipso
704 846 776 873 dicat
788 848 810 862 "
828 846 954 874 :Advena
965 857 1007 882 ego

1069 856 1144 880 atxoc
1160 848 1216 882 ἐγώ
1227 850 1285 883 εἰμι
1308 850 1386 883 παρὰ
1402 850 1451 877 σοί
1468 851 1515 877 καὶ
1531 851 1744 886 παρεπίδημος,
1756 852 1854 885 καθὼς

227 898 285 916 sum
303 890 372 924 apud
395 894 418 916 te
438 894 461 916 et
477 891 644 925 peregrinus,
671 891 738 917 sicut
751 900 837 918 omnes
849 897 936 926 patres
950 895 1010 920 mei.

227 935 307 970 Quis,
323 937 371 967 ait,
389 936 552 970 dignus-crit
567 937 594 963 in
610 937 768 964 ctelestibus
784 938 838 965 illis
853 939 1013 966 tabernacu-

227 983 260 1010 lis
285 982 452 1010 consister‘e?
484 982 536 1008 Aut
566 983 624 1017 quis
652 983 854 1009 tabernaculum
874 990 950 1018 ponet
985 985 1011 1011 in

226 1034 313 1056 monte
327 1033 417 1055 sancto
431 1029 497 1055 tuo?
511 1029 658 1063 Postquam
668 1030 740 1056 enim
753 1030 892 1065 quispiam
909 1036 1011 1057 aeterno

226 1076 272 1103 illo
288 1075 464 1103 tabernaculo
487 1075 615 1110 dignatus
637 1075 736 1108 fuerit,
757 1076 924 1104 beatitudine
939 1076 1012 1104 frue—

226 1127 269 1149 tur
282 1123 307 1148 in
321 1122 418 1149 stecula
434 1121 549 1148 inﬁnita.

261 1166 318 1193 2-5.
343 1166 394 1198 Qui
417 1166 513 1192 incedit
537 1166 594 1193 sine
615 1166 730 1199 macula,
744 1171 797 1194 etc.
814 1167 898 1194 Docet
910 1167 1010 1202 quibus

226 1212 314 1240 modis
326 1212 433 1239 beatum
444 1212 600 1246 hujusmodi
612 1213 692 1239 tinem
707 1213 881 1240 consecuturi
896 1221 1008 1240 sumus:

224 1259 315 1294 primo
333 1258 442 1293 quidem
464 1259 487 1285 si
514 1259 689 1285 immaculata
705 1260 747 1285 via
768 1259 928 1286 incedamus
948 1268 1010 1294 qua:

223 1309 264 1332 est
280 1306 337 1340 ipse
348 1304 490 1337 Christus;
519 1305 626 1335 deinde,
654 1304 675 1331 si
697 1312 842 1339 operemur
860 1305 1007 1340 iustitiam;

222 1351 319 1385 tertio,
338 1351 360 1378 si
384 1358 432 1378 cor
450 1355 574 1378 nostrum
597 1351 718 1378 veritatis
741 1352 909 1379 domicilium
930 1361 1009 1388 pare-

222 1405 301 1430 mus;
319 1401 427 1431 quarto,
440 1397 464 1424 si
477 1396 571 1424 dolosa
585 1397 709 1424 instructi
727 1397 818 1432 lingua
831 1405 885 1424 non
903 1398 1006 1431 simus;

221 1443 328 1477 quinto,
346 1443 368 1469 si
391 1443 491 1469 malum
511 1442 635 1476 proximo
652 1450 705 1470 non
727 1442 893 1476 inferamus;
919 1448 1006 1476 sexto,

222 1488 246 1515 si
265 1488 412 1522 opprobrio
441 1488 595 1522 proximqu
619 1489 735 1523 superbe
758 1496 812 1515 non
839 1489 1005 1523 adiciamus;

1065 893 1176 927 πάντες
1191 897 1218 921 οὶ
1232 897 1357 929 πατέρες
1368 906 1437 931 μου.
1452 898 1508 930 Τίς,
1527 899 1617 933 φησὶν,
1634 899 1707 931 ἄξιος
1732 899 1807 926 ἔσται
1823 902 1854 927 ὲν

1064 939 1183 971 ἐκείναις
1210 942 1270 972 ταῖς
1289 942 1428 977 οὐρανίαις
1448 943 1573 977 γενέσθαι
1602 946 1730 979 σκηναῖς;
1756 946 1791 973 Ἢ
1805 946 1854 979 τις

1063 987 1291 1020 κατασκηνώσει
1308 988 1343 1013 ἑν
1360 988 1418 1022 ὄρει
1439 989 1512 1023 ἁγίῳ
1525 997 1600 1021 o'ou;
1625 991 1717 1026 ἐπειδὴ
1741 991 1773 1017 ἂν
1796 992 1852 1028 γάρ

1062 1039 1104 1062 τις
1127 1031 1230 1067 ἀξιωθῇ
1244 1033 1294 1067 τῆς
1311 1035 1450 1069 μακαρίας
1464 1036 1571 1070 ἐκείνης
1589 1037 1702 1071 σκηνῆς,
1723 1038 1764 1068 εἰς
1780 1038 1850 1065 ἁπε-

1063 1076 1176 1111 ράντους
1192 1078 1292 1110 αἰῶνας
1306 1079 1361 1111 ἕξει
1375 1080 1424 1115 τὴν
1438 1083 1637 1117 μακαριότητα.

1095 1166 1296 1200 Πορευύμενος
1313 1167 1440 1202 ἄμωμος,
1459 1170 1504 1196 καὶ
1523 1170 1556 1196 τὰ
1576 1171 1648 1207 ἑξῆς.
1667 1168 1791 1199 Διδάσκει
1814 1173 1850 1200 δι’

1061 1206 1098 1237 ὧν
1113 1210 1262 1246 τευξόμεθα
1289 1213 1335 1239 τοῦ
1367 1215 1500 1252 μακαρίου
1522 1217 1626 1244 ἐκείνου
1643 1218 1769 1254 πέρατος·
1802 1221 1850 1248 καὶ

1062 1256 1168 1292 πρῶτον
1185 1256 1234 1291 μὲν
1260 1259 1284 1284 εί
1313 1259 1362 1293 τὴν
1379 1259 1493 1295 ἄμωμον
1520 1262 1671 1298 ὁδεύσωμεν
1698 1264 1765 1296 ὁδὸν,
1788 1265 1849 1300 ἣτις

1060 1301 1132 1327 ἐστὶν
1147 1301 1160 1326 ὁ
1176 1302 1302 1336 Χριστός
1319 1304 1412 1331 ἔπειτα
1429 1307 1452 1331 εἰ
1471 1306 1651 1342 ἐργασιῦμεοα
1664 1309 1847 1345 δικαιοσύνην·

1059 1347 1159 1381 τρίτον,
1175 1349 1199 1374 εί
1214 1349 1342 1384 ἀληθείας
1370 1349 1443 1378 οἷκον
1467 1353 1516 1388 τὴν
1540 1355 1652 1390 καρδίαν
1677 1357 1847 1392 ποιήσωμεν·

1059 1392 1196 1428 τέταρτον,
1226 1396 1250 1421 εἰ
1280 1395 1368 1422 δολίαν
1385 1397 1509 1431 γλῶσσαν
1531 1400 1568 1434 μὴ
1582 1401 1756 1436 κτησώμεθα·
1774 1403 1847 1438 πέμ-

1059 1447 1125 1464 πτον
1143 1438 1173 1464 τὸ
1190 1439 1227 1474 μὴ
1239 1441 1321 1466 κακὸν
1337 1441 1374 1476 τῷ
1391 1442 1503 1478 πλησίον
1523 1444 1695 1479 ἐργάζεσθαι·
1712 1447 1790 1473 ἕκτον
1815 1448 1848 1475 τὸ

1060 1482 1097 1518 μὴ
1112 1483 1238 1510 ὀνειδίσαι
1251 1484 1296 1511 τὸν
1314 1486 1426 1521 πλησίον
1437 1488 1718 1525 ὑπερηφανευόμενον·
1734 1492 1848 1528 ἕϐδομον

222 1534 354 1568 septimo,
379 1533 402 1561 si
418 1541 563 1568 personam
579 1541 633 1560 non
649 1533 836 1569 accipiamus;
858 1540 964 1567 octavo,
986 1537 1007 1564 si

1069 1529 1098 1564 ,ιὴ
1117 1530 1259 1565 πρόσωπον
1280 1531 1438 1568 θαυμάζειν·
1456 1535 1547 1569 ὃγδοον
1570 1537 1600 1563 τὸ
1617 1537 1653 1573 μὴ
1671 1539 1848 1573 παραϐαίνειν

220 1580 370 1615 juramenti
389 1580 469 1607 ﬁdem
492 1589 545 1607 non
563 1581 714 1614 violemus;
734 1589 824 1615 nono,
851 1583 872 1610 si
894 1591 947 1610 non
966 1583 1008 1610 fe-

221 1634 367 1660 neremur;
391 1627 509 1658 decimo,
529 1628 602 1662 quod
623 1629 763 1656 estonmis
777 1630 1005 1663 complementum

221 1671 297 1703 boni,
313 1671 336 1699 si
351 1673 511 1700 muneribus
524 1673 610 1707 pervii
624 1681 678 1700 non
693 1674 790 1701 simus.
806 1674 857 1707 Qui
877 1675 1008 1703 horumce

220 1719 377 1753 aequitatem
404 1727 436 1746 ac
466 1720 593 1746 meritum
618 1720 774 1751 edidicerit,
803 1720 908 1748 lirmam
927 1726 1008 1756 atque

222 1764 365 1792 immotam
383 1765 517 1792 bonorum
534 1766 708 1793 donationem
723 1767 906 1794 nanciscetur.

361 1811 386 1838 Ι.
404 1810 486 1838 Tituli
499 1812 648 1846 inscriptio,
664 1812 771 1840 Davidi.
789 1812 853 1840 XV.

515 1859 715 1893 Argumentum.

220 1901 307 1934 Quam
328 1911 402 1930 nunc
421 1907 573 1931 tractamus
596 1905 754 1938 prophetia,
776 1906 898 1940 gentium
925 1914 1007 1934 voca—

255 1949 357 1976 tionem
372 1950 562 1984 complectitur
572 1970 578 1982 ,
594 1957 644 1976 nec
656 1958 709 1977 non
725 1950 1007 1987 variasinobsequen-

255 1994 299 2020 tiae
317 1996 505 2022 accusationes
514 1995 645 2021 adversus
667 1995 792 2022 lsraclem
806 2004 812 2028 ;
831 1996 950 2031 itemque
964 1997 1006 2031 ip-

254 2048 315 2067 sum
340 2041 549 2067 resurrectionis
564 2041 713 2068 Srlvatoris
731 2042 853 2068 omnium
878 2048 1004 2070 nostrum

253 2085 317 2113 Jesu
333 2086 433 2113 Christi
444 2087 602 2122 mysterium
620 2095 627 2113 :
651 2087 722 2114 unde
734 2088 853 2114 arbitror
867 2089 1004 2115 canticum

253 2132 325 2159 istud
340 2138 462 2159 vocatum
478 2133 752 2168 στηλογραφίαν,δίνθ
766 2135 834 2161 tituli
845 2141 892 2161 aut
903 2135 1005 2161 colum-

253 2185 295 2205 na:
322 2178 525 2212 inscriptionem
551 2178 650 2212 fuisse,
673 2179 732 2214 ipso
754 2179 853 2207 Davide
872 2181 1003 2215 propheta

254 2223 319 2250 illud
336 2231 385 2251 ceu
412 2225 438 2250 in
462 2224 588 2251 columna
608 2225 794 2258 inscribente,
819 2226 853 2252 ad
879 2231 1003 2260 posteros

255 2270 504 2297 transmittendum.
541 2269 607 2305 Ejus
637 2279 719 2305 porro
749 2272 831 2298 verba
862 2273 939 2306 quasi
969 2281 1003 2300 ex

251 2314 352 2341 Christi
370 2323 485 2349 persona
503 2321 649 2342 canuntur.
666 2316 788 2352 Namque
806 2325 836 2344 ut
850 2318 887 2344 ita
901 2319 1004 2346 sentia-

253 2368 314 2387 mus
328 2365 423 2388 auctor
439 2362 518 2389 nobis
531 2361 630 2389 Petrus
643 2367 684 2390 est
699 2363 733 2390 9'.

253 2405 383 2432 Conserva
400 2414 457 2439 me,
482 2406 607 2438 Domine,
628 2410 754 2442 quoniam
783 2410 887 2444 speravi
911 2411 937 2437 in
968 2416 1001 2438 te.

216 2450 299 2484 Quasi
311 2457 451 2486 assumpta
467 2452 579 2479 humani
595 2454 704 2488 generis
714 2463 842 2489 persona,
860 2456 903 2483 his
917 2456 1001 2484 Deum

216 2498 243 2520 et
255 2493 361 2521 Patrem
374 2495 532 2529 alloquitur.
551 2496 606 2525 Nec
619 2503 724 2525 tantum
740 2508 790 2534 pro
801 2508 841 2533 se,
858 2502 905 2528 sed
917 2502 1000 2529 etiam

216 2544 324 2574 propter
344 2548 394 2567 nos
417 2545 444 2568 et
460 2549 508 2575 pro
531 2542 620 2575 nobis,
649 2549 742 2578 utpote
757 2553 804 2580 per
818 2548 999 2574 oeconomiam

215 2591 243 2611 et
258 2586 472 2614 incarnationem
487 2595 558 2614 unus
571 2596 604 2615 ex
622 2590 701 2617 nobis
714 2591 837 2618 eﬂ'cclus.
854 2592 1000 2620 Dominum

215 2630 306 2665 itaque
322 2630 428 2658 Patrem
448 2637 539 2665 vocat,
562 2634 634 2669 quod
662 2636 688 2662 in
714 2635 800 2664 forma
818 2639 888 2665 servi
905 2638 998 2666 fuerit.

213 2677 375 2705 Conservari
402 2682 492 2705 autem
518 2687 547 2707 se
574 2682 692 2714 postulat
715 2688 827 2717 propter
847 2684 997 2712 Ecclesium

213 2730 274 2757 qua:
286 2730 349 2750 caro
373 2724 459 2758 ipsius
479 2731 531 2753 est.
556 2725 626 2754 Caro
641 2735 759 2763 namque
780 2730 840 2764 ejus
854 2736 895 2758 est
911 2731 1001 2759 Eccle-

249 2811 272 2826 "
289 2810 360 2839 Psal.
376 2821 489 2849 xxxvnt,
506 2815 548 2842 i3.
585 2816 608 2832 "
625 2817 682 2844 Act.
702 2825 730 2851 ιι,
746 2818 789 2846 25.

1059 1575 1140 1610 ὅρκου
1160 1577 1261 1603 πίστιψ
1273 1578 1381 1605 ἔννατον
1407 1580 1436 1606 τὸ
1457 1581 1494 1616 μὴ
1508 1583 1668 1615 ἐκτοκίζειν·
1693 1584 1817 1619 δέκατον,
1833 1586 1848 1612 ὃ

1059 1622 1106 1647 καί
1120 1621 1194 1654 τέλος
1209 1624 1267 1650 ἐστὶ
1279 1625 1378 1656 παντὸς
1406 1626 1520 1660 ἀγαθοῦ,
1550 1629 1749 1665 ἀδωροδόκητον
1764 1629 1846 1660 εἴναι.

1059 1667 1166 1694 Τούτων
1183 1670 1196 1695 ὁ
1211 1670 1339 1705 ἐκμαθὼν
1362 1671 1411 1707 τὴν
1439 1674 1606 1709 κατόρθωσιν
1628 1677 1774 1704 ἀσάλευτον
1790 1677 1846 1710 ἕξει

1058 1713 1112 1740 τῶν
1128 1715 1238 1749 ἀγαθῶν
1253 1717 1301 1752 τὴν
1315 1717 1396 1746 δόσιν.

1214 1819 1423 1853 Στηλοποαφία
1440 1819 1480 1852 τῷ
1497 1821 1595 1847 Δίιυΐῦ.
1611 1822 1667 1849 IE'.

1361 1864 1367 1873 '
1372 1866 1525 1897 Υπόθεσις.

1063 1905 1094 1931 Ἠ
1123 1907 1152 1932 ἐν
1180 1909 1259 1943 χερσὶ
1278 1911 1429 1944 προφητεία
1458 1912 1578 1946 περιέχει
1607 1913 1656 1947 τὴν
1679 1913 1732 1940 τῶν
1758 1913 1846 1941 ἐθνῶν

1091 1954 1197 1989 κλῆσιν,
1227 1957 1273 1982 καὶ
1298 1957 1331 1982 τὰ
1354 1958 1400 1984 ἐπὶ
1425 1960 1485 1990 ταῖς
1499 1960 1649 1992 ἀπειθείαις
1665 1961 1712 1987 τοῦ
1737 1961 1846 1998 Ἰσραὴλ

1091 2001 1260 2036 ἐγκλήματα,
1273 2003 1320 2029 καὶ
1335 2003 1387 2038 μὴν
1403 2005 1449 2031 καὶ
1470 2006 1535 2032 αὐτὸ
1547 2007 1577 2032 τὸ
1603 2007 1653 2042 τῆς
1668 2009 1845 2042 ἀναστάσεως

1091 2046 1137 2072 τοῦ
1156 2047 1263 2074 πάντων
1286 2048 1365 2083 ἡμῶν
1392 2051 1518 2086 Σωτῆρος
1547 2051 1632 2087 Ἰησοῦ
1657 2054 1774 2089 Χριστοῦ
1792 2064 1845 2090 μυ-

1091 2092 1210 2127 στήριον·
1223 2093 1283 2120 ὅθεν
1296 2094 1371 2129 οἶμαι
1389 2096 1434 2122 καὶ
1458 2097 1656 2134 στηλογραφίαν
1685 2100 1843 2136 ὠνομάσθαι

1089 2136 1138 2172 τὴν
1153 2136 1233 2173 ᾠδὴν,
1261 2140 1405 2172 ἀναθέντος
1431 2142 1514 2177 αὐτὴν
1539 2143 1586 2170 τοῦ
1609 2146 1746 2180 προφήτου
1761 2147 1844 2174 Δαυῒιῖ

1091 2182 1185 2219 ὥσπερ
1201 2185 1229 2210 ὲν
1244 2186 1327 2223 στήλῃ
1341 2190 1398 2220 τοῖς
1420 2190 1478 2223 μετ’
1491 2191 1582 2218 αὐτόν.
1600 2192 1725 2227 ’ᾼδονται
1735 2193 1762 2219 δὲ
1774 2195 1798 2220 οἱ
1812 2195 1842 2220 ὲν

1089 2229 1163 2265 αὐτῷ
1178 2231 1250 2265 λόγοι
1263 2233 1300 2264 ὡς
1312 2234 1344 2260 ἐκ
1366 2234 1512 2270 προσώπου
1528 2238 1575 2264 τοῦ
1592 2238 1720 2274 Χριστοῦ.
1749 2240 1842 2272 Οὕτως

1090 2275 1144 2310 γὰρ
1155 2277 1227 2312 ἡμᾶς
1240 2280 1253 2304 ὁ
1265 2279 1367 2314 Πέτρος
1387 2281 1488 2314 ἐδίδαξε
1515 2286 1631 2318 φρονεῖν.

1090 2411 1230 2442 Φύλαξόν
1250 2421 1298 2446 με,
1318 2415 1416 2448 Κύριε,
1442 2416 1486 2442 ὅτι
1512 2417 1561 2443 ἐπὶ
1585 2418 1634 2444 σοὶ
1659 2418 1785 2452 ἤλπισα.
1803 2421 1840 2448 Τὸ

1054 2457 1141 2483 κοινὸν
1153 2457 1246 2494 ὥσπερ
1271 2460 1415 2495 πρόσωπον
1435 2464 1483 2498 τῆς
1510 2464 1716 2500 ἀνθρωπὸτητος
1741 2467 1839 2494 ἀναλα-

1054 2501 1109 2529 ϐὼν
1122 2505 1185 2535 τοὺς
1203 2506 1270 2540 πρὸς
1293 2506 1358 2533 Θεὸν
1382 2509 1428 2535 καὶ
1453 2510 1561 2546 Πατέρα
1588 2514 1702 2538 ποιεῖται
1733 2513 1837 2548 λόγους·

1053 2549 1187 2595 οὑχγὺπέρ
1206 2559 1237 2595 γε
1267 2553 1365 2587 μᾶλλον
1379 2555 1486 2588 ἑαυτοῦ,
1507 2556 1540 2582 δι’
1555 2557 1628 2592 ἡμᾶς
1651 2559 1681 2584 δὲ
1707 2560 1753 2585 καὶ
1769 2560 1839 2595 ὑπὲρ

1052 2594 1130 2628 ἡμῶν
1142 2595 1179 2626 ὡς
1195 2593 1235 2627 εἷς
1249 2597 1277 2629 ἐξ
1293 2599 1370 2633 ἡμῶν
1388 2600 1432 2626 διὰ
1443 2601 1491 2636 τὴν
1501 2603 1665 2638 οἰκονομίαν.
1681 2605 1784 2640 Κύριον
1793 2604 1839 2633 οὖν

1051 2639 1177 2675 ὀνομάζει
1194 2642 1238 2668 τὸν
1256 2644 1363 2680 Πατέρα
1380 2646 1423 2672 διὰ
1450 2647 1481 2673 τὸ
1495 2648 1523 2673 ἐν
1537 2650 1568 2684 τῇ
1596 2649 1642 2676 τοῦ
1660 2650 1751 2678 δούλου
1763 2653 1838 2686 γενέ-

1053 2685 1113 2712 σθαι
1148 2690 1248 2724 μορφῇ.
1267 2690 1435 2726 Φυλαχθῆναι
1459 2693 1486 2719 δὲ
1518 2695 1598 2721 αὐτὴν
1627 2698 1696 2724 αἰτεῖ
1724 2698 1768 2725 διὰ
1789 2699 1838 2735 τὴν

1058 2732 1258 2771 Ἐκκλτσίαν,ῆ
1282 2738 1355 2764 ἐστιν
1379 2739 1478 2776 ἥσειρξ
1509 2742 1600 2770 αὑτοῦ.
1628 2744 1659 2769 Ἦ
1687 2745 1754 2780 σὰρξ
1784 2732 1837 2780 γάρ
