1934 3053
279 124 330 152 107

681 117 709 144 S.
731 116 914 145 ATHANASH
933 118 1009 147 OPP.
1028 119 1117 146 PARS
1137 118 1179 146 Ill.
1199 134 1235 141 -—
1253 119 1458 149 EXEGETICA.

1830 125 1883 153 108

278 191 321 215 cet
336 186 362 213 id
377 191 485 220 quoque
501 182 650 211 cavendum
668 187 738 211 esse,
749 184 780 207 ut
794 180 861 206 nihil
875 179 999 210 mortale,
1014 179 1051 205 ni-

1111 178 1159 205 τῶν
1173 179 1342 213 ἀνθρώπων.
1360 180 1495 213 Διδάσκει,
1508 180 1544 212 ὡς
1559 181 1604 207 καὶ
1619 181 1697 208 τοῦτο
1707 183 1886 218 παραφυλάτ-

278 232 317 259 hil
330 231 478 258 humanum
504 230 658 264 loquamur.
688 227 800 261 Propter
824 226 900 252 verba
922 225 1053 252 labioram

279 283 383 306 moram
395 285 440 312 ego
457 276 585 304 custodiri
602 276 657 301 vias
673 273 764 300 duras.
787 273 827 299 0b
840 272 933 307 iussa,
955 271 1052 305 inquit,

278 328 335 357 tua,
350 327 492 359 angustam
507 326 534 349 et
550 326 650 348 arctam
663 325 768 355 portam
781 318 921 353 ingressus
935 324 1006 344 sum.

312 461 339 488 5.
360 460 460 494 Perﬁce
475 466 577 494 gressus
593 464 661 483 meos
675 456 701 482 in
715 455 815 482 semitis
834 454 901 486 tuis,
925 458 979 480 etc.
998 452 1052 479 Do—

277 511 353 534 celur
371 506 413 533 his
429 505 516 532 verbis
532 511 564 531 ne
588 502 640 531 sibi
661 502 804 537 quisquam
823 500 908 532 lidat;
935 498 981 527 sed
999 497 1053 525 Deo

276 553 417 579 innitatur.

313 597 433 634 [Semitaz
450 599 540 623 autem
555 592 662 622 Domini
679 595 742 619 sunt
757 591 962 620 observationes
980 600 1054 620 man-

276 643 426 679 datorum]

311 689 337 716 6.
354 689 408 723 Ego
423 689 535 715 clamavi
553 687 676 722 quoniam
689 685 822 712 exaudiin
837 693 876 711 me
887 705 894 718 ,
914 684 992 711 Deus.
1020 684 1054 711 ll-

275 735 331 768 lud,
344 735 487 765 exaudiui.
506 742 564 769 pro,
580 733 718 760 exaudies.
742 731 801 758 Non
820 736 920 758 temere
935 730 978 756 liis
993 737 1054 757 ver-

273 780 316 808 bis
332 788 391 807 sum
406 787 481 810 usus,
497 779 542 805 sed
567 783 640 804 tuam
663 781 789 811 expertus
805 775 990 802 clementiam.
1012 773 1054 801 Me

274 826 373 860 quippe
395 829 533 859 rogantem
565 831 635 857 srepe
659 822 802 849 exaudisti.
835 819 941 847 Inclina
962 828 1052 847 aurem

275 876 348 897 luam
362 870 436 896 mihi.
458 868 529 895 Deus
541 872 613 895 totus
628 868 702 895 auris
716 872 774 900 est,
793 871 886 895 utpote
900 867 947 895 uui
962 867 1052 894 omnia

273 914 376 940 audiat.

330 959 386 994 Ego
400 959 522 990 clamavi,
538 962 590 985 etc.
610 957 669 984 Non
690 956 790 985 frustra
809 959 912 990 clamo,
926 957 972 985 sed
990 957 1054 992 quia

273 1006 433 1040 plerumque
443 1004 575 1031 exaudisti
595 1011 637 1030 me
647 1023 654 1035 ,
669 1007 729 1037 pcto
740 1003 821 1030 etiam
841 1011 912 1030 nunc
925 1009 953 1030 ut
966 1011 1052 1029 exau-

273 1051 333 1078 dias
350 1058 403 1078 me.
420 1050 530 1077 Clamor
544 1054 633 1077 autem
647 1050 702 1082 ille,
718 1055 761 1078 est
774 1050 877 1077 intenta
890 1057 952 1079 erga
967 1048 1052 1075 Deum

273 1095 426 1130 cogitntio.]

312 1140 434 1176 [Adipeut
447 1149 524 1168 suum
537 1140 730 1167 conclusa-unt.
752 1139 837 1174 Adipe
851 1138 985 1174 signiﬁcat
1002 1137 1054 1165 ini-

275 1187 410 1214 micorum
425 1186 571 1213 maximam
587 1184 818 1220 prosperitatem]

311 1232 356 1259 Η.
390 1231 485 1259 Oculos
507 1239 567 1258 suos
580 1235 729 1258 statuerunt
745 1230 876 1257 declinare
896 1230 922 1256 in
945 1234 1050 1256 terram.

274 1276 364 1309 Unus.
381 1277 481 1311 inquit,
497 1284 597 1311 scopus
611 1277 660 1303 fuit
681 1277 733 1303 illis
744 1281 773 1303 ut
787 1276 819 1302 ad
840 1280 938 1303 terram
953 1275 1052 1302 demit-

272 1327 341 1355 tant,
355 1327 383 1349 et
393 1329 454 1357 quae
465 1330 574 1349 carnem
586 1326 708 1356 spectant
722 1322 822 1348 sentire
839 1322 981 1348 suadeant.

308 1369 352 1396 M.
372 1368 514 1395 Frumeaut
527 1373 601 1394 tuum
614 1367 646 1393 ab
661 1367 775 1394 inimicis
792 1375 917 1393 manuum
934 1372 1050 1394 tuarum.

269 1415 402 1450 Quaelibet
412 1415 478 1449 justi
491 1414 582 1441 anima
595 1418 622 1440 et
637 1413 807 1448 potissimum
820 1421 913 1441 eorum
930 1414 976 1448 qui
989 1421 1052 1448 puc-

270 1465 377 1488 catores
394 1460 428 1487 ab
451 1459 588 1494 impietate
616 1459 649 1486 ad
676 1459 801 1493 pietatem
827 1464 970 1490 revocant,
1001 1466 1051 1485 ceu

270 1507 374 1533 framea
388 1510 429 1533 est
443 1510 536 1532 contra
553 1505 685 1539 malignos
705 1504 816 1538 spiritus
828 1509 950 1531 exacuta.
976 1503 1051 1531 llanc

270 1552 354 1587 igitur
372 1551 514 1583 frameam,
539 1550 662 1582 Domine,
675 1558 757 1584 quam
775 1551 832 1584 ipse
847 1555 941 1577 contra
958 1551 1050 1577 minii-

269 1605 317 1625 cos
331 1602 393 1624 tuns
406 1597 554 1628 exacuisti,
578 1596 652 1630 eripe
676 1597 709 1623 ab
733 1596 852 1623 inimicis
873 1603 970 1623 manus
985 1601 1049 1622 tute.

269 1643 385 1676 Quinam
404 1648 492 1669 autem
516 1646 580 1670 sunt
603 1641 705 1669 inimici
732 1649 829 1669 manus
846 1641 902 1672 Dei,
930 1642 982 1669 nisi
1004 1641 1050 1676 qui

270 1689 332 1716 ﬁdei
355 1689 382 1715 in
399 1687 590 1724 Unigeuitum,
614 1689 660 1723 qui
675 1695 772 1715 manus
783 1688 856 1715 illius
871 1692 929 1721 est,
953 1688 1049 1715 adver-

269 1735 382 1762 santur?

303 1828 424 1860 Domine,
441 1836 457 1854 a
469 1827 560 1862 paucis
576 1826 607 1853 de
622 1831 691 1853 terra
707 1826 794 1853 divide
808 1834 860 1853 eos.
875 1825 1003 1853 Precatur
1023 1829 1052 1852 ut

272 1882 287 1902 a
305 1874 397 1909 paucis
409 1873 483 1908 impii
497 1877 665 1908 separentur,
680 1872 751 1906 quod
769 1876 808 1899 est
821 1879 852 1898 ac
866 1871 888 1898 si
900 1870 1052 1898 divideren-

268 1926 322 1948 tur.
331 1921 447 1954 Quinam
459 1923 548 1947 autem
558 1923 620 1947 sunt
631 1918 709 1953 pauci
720 1918 768 1949 illi,
781 1918 833 1945 nisi
845 1918 878 1945 de
886 1918 985 1953 quibus
993 1918 1051 1943 dic-

269 1971 327 1994 tum
342 1970 397 1994 est:
407 1965 486 1992 Mulli
498 1965 601 2000 quidem
609 1968 669 1991 sunt
681 1964 765 1992 vocati
782 1964 860 1998 pauci
868 1972 925 1990 vero
937 1963 1011 1990 electi
1020 1962 1052 1989 ’?

1103 224 1194 251 τεσθαι
1211 226 1278 260 πρδς
1294 225 1324 251 τὸ
1340 225 1421 260 μηδὲν
1432 225 1527 260 θνητὸν
1540 226 1606 261 μηδὲ
1619 227 1785 262 ἀνθρώπινον
1802 229 1885 263 φθέγ-

1103 270 1206 304 γεσθαι.
1225 271 1275 296 Διὰ
1294 270 1362 303 τοὺς
1387 272 1498 306 λόγους
1519 271 1580 298 τῶν
1602 273 1725 306 χειλέων
1745 282 1804 301 σου
1827 276 1885 310 ἐγὼ

1102 316 1239 349 ἐφύλαξα
1279 316 1367 349 ὀδοὺς
1396 317 1541 351 σκληράς.
1564 319 1614 345 Διὰ
1644 319 1678 345 τὰ
1713 321 1746 346 σὰ
1763 323 1883 356 προστά-

1103 370 1203 396 γματα,
1229 363 1304 398 φησὶ,
1317 363 1366 398 τὴν
1380 364 1473 400 στενὴν
1499 366 1544 392 καὶ
1557 365 1738 402 τεθλιμμένην
1753 367 1884 403 εῑσήλασα

1103 407 1198 442 πύλην.

1138 454 1316 488 Κιιτάρτισαι
1330 456 1366 482 τὰ
1389 455 1553 490 ὃιαϐήματά
1564 465 1623 490 μου
1642 457 1677 484 ὲν
1693 457 1755 490 τοῖς
1774 459 1885 492 τρῖϐοις

1103 506 1171 526 σου.
1188 500 1311 526 Διδάσκει
1327 501 1340 526 ὁ
1356 501 1432 535 λόγος
1450 502 1485 537 μὴ
1514 502 1672 529 πεποιθέναι
1693 504 1735 538 ἐφ’
1753 505 1860 534 ἑαυτοῖς
1875 523 1883 536 ,

1103 545 1148 570 ἐπὶ
1160 544 1188 571 δὲ
1203 545 1242 580 τῷ
1258 545 1315 581 Θεῴ
1329 547 1559 582 ἐπιστηρίζεσοαι.

1144 588 1257 626 [Τρίεοι
1272 591 1300 618 δὲ
1317 593 1418 628 Κυρίου
1432 593 1485 620 τῶν
1499 594 1614 621 ἐντολῶν
1630 596 1656 621 αἱ
1671 595 1831 632 τηρήσεις.]

1143 680 1216 715 Ἐγὼ
1232 681 1387 716 ἐκέκραξα,
1405 683 1449 710 ὅτι
1465 684 1649 718 εῖσήκουσάς
1667 696 1736 720 μου,
1761 689 1776 714 ὀ
1799 689 1883 721 Θεές.

1103 726 1140 752 Τὸ
1155 726 1359 760 εἰσῆκουσιις,
1381 730 1440 755 ἀντὶ
1464 730 1527 762 τοῦ,
1551 732 1707 768 εἰσακούσῃ.
1732 733 1770 760 Οὐ
1795 735 1883 769 μάτην

1103 772 1189 798 τοῖσδε
1207 774 1261 804 τοῖς
1277 773 1365 807 λόγοις
1378 776 1547 811 ἐχρησάμην,
1566 778 1633 804 ἀλλὰ
1657 780 1752 814 πεῖραν
1768 780 1818 815 τῆς
1835 782 1884 816 σῆς

1103 818 1171 853 ἔχων
1186 819 1387 855 φιλανθρωπίας
1400 831 1406 836 ·
1422 823 1540 858 ἤκουσας
1555 825 1608 860 γάρ
1626 834 1675 860 μου
1696 827 1885 862 παρακαλοῦν-

1103 872 1147 894 τος
1164 864 1302 896 πολλάκις.
1323 866 1434 893 Ili/livor
1458 869 1491 894 τὸ
1511 867 1566 902 οὖς
1590 878 1648 897 σου
1671 871 1744 906 ἐμοί.
1769 872 1850 904 “Ulla;
1871 875 1885 900 ὁ

1103 907 1168 939 Θεὸς
1184 907 1229 940 οὖς
1246 910 1328 943 ἐστιν,
1348 912 1385 942 ὡς
1396 912 1429 938 τὰ
1446 913 1534 940 πάντα
1550 915 1666 942 ἁκούων.

1140 953 1149 989 [
1167 955 1240 989 Ἐγὼ
1252 956 1407 990 ἐκέκραξα.
1424 959 1470 985 καὶ
1485 960 1518 986 τὰ
1532 960 1603 996 ἑξῆς.
1620 962 1656 987 Οὐ
1676 963 1764 999 μάτην
1780 964 1882 1000 κράζω,

1103 999 1160 1026 ἁλλ’
1179 1001 1239 1026 ἐπεὶ
1253 1002 1380 1034 πολλάκις
1392 1003 1520 1039 ῆκουσας,
1540 1006 1607 1032 αἰτῶ
1623 1008 1669 1034 καὶ
1687 1008 1733 1034 νῦν
1749 1010 1883 1046 ἀκουσθῆ-

1103 1054 1157 1072 ναι.
1175 1047 1289 1082 Κραυγὴ
1313 1048 1340 1074 δέ
1356 1050 1413 1075 ἐστι
1437 1051 1503 1086 πρὸς
1528 1051 1593 1078 Θεὸν
1607 1053 1654 1079 καὶ
1669 1054 1685 1089 ἡ
1702 1055 1882 1092 ὲπιτεταμένη

1103 1091 1204 1126 νόησις.
1215 1092 1224 1128 ]

1140 1137 1196 1173 [Τὸ
1213 1138 1305 1174 στέαρ
1320 1141 1418 1168 αὐτῶν
1437 1143 1624 1171 συνέκλειον.
1643 1145 1730 1181 Στέαρ
1749 1147 1800 1182 τὴν
1823 1155 1884 1182 σφο-

1102 1182 1232 1219 δροτάτην
1249 1185 1396 1221 εὐημερίαν
1407 1187 1460 1213 τῶν
1476 1188 1579 1224 ἐχθρῶν
1592 1191 1726 1225 σημαίνει,
1738 1191 1747 1227 ]

1141 1230 1212 1262 Τοὺς
1223 1231 1394 1265 ὀφθαλμοὺς
1412 1233 1509 1260 αὐτῶν
1528 1235 1629 1262 ἔθεντο
1643 1237 1778 1263 ἐκκλῖναι
1799 1238 1834 1264 ἐν
1849 1237 1883 1273 τῇ

1102 1273 1151 1308 τῇ.
1170 1273 1217 1306 Εἷς
1233 1277 1342 1309 σκοπὸς,
1358 1278 1432 1312 φησὶ,
1455 1279 1565 1313 γέγονεν
1584 1281 1683 1313 αιῖτῑιϊς,
1705 1283 1786 1308 οἱονεὶ
1807 1291 1884 1310 κατε-

1102 1320 1196 1354 νέγκαι
1214 1321 1253 1352 εἰς
1268 1322 1328 1356 γῆν,
1344 1323 1390 1349 καὶ
1403 1323 1437 1350 τὰ
1451 1325 1550 1360 σαρκὸς
1570 1327 1661 1352 πεῖσαι
1677 1329 1796 1362 φρονεῖν.

1143 1366 1302 1401 Ῥοιιφαήν
1321 1377 1379 1396 σου
1400 1370 1459 1396 ἀπὸ
1481 1371 1594 1405 ἐχθρῶν
1613 1372 1671 1399 τῶν
1692 1373 1801 1407 χειρῶν
1817 1382 1882 1402 σου.

1111 1412 1227 1449 Ἐκάστη
1246 1415 1299 1441 τῶν
1317 1416 1428 1442 δικαίων
1442 1417 1513 1453 ψυχὴ
1529 1417 1575 1443 καὶ
1597 1418 1713 1452 μάλιστα
1724 1419 1778 1445 τῶν
1792 1420 1882 1447 ἑλκόν-

1101 1466 1155 1484 των
1169 1459 1232 1490 τοὺς
1256 1460 1433 1495 ἁμαρτωλοὺς
1453 1461 1482 1493 ἐξ
1504 1462 1629 1494 ἀσεϐείας
1652 1465 1692 1495 εἰς
1712 1464 1879 1497 θεοσέϐειαν,

1101 1504 1181 1530 οἱονεί
1190 1513 1248 1536 πως
1255 1507 1377 1540 ῥομφαία
1386 1507 1457 1533 ἐστὶν
1467 1508 1620 1543 ὴκονημένη
1630 1510 1699 1536 κατὰ
1706 1510 1760 1536 τῶν
1768 1512 1881 1546 πνευμάη

1102 1558 1155 1576 των
1167 1550 1217 1585 τῆς
1232 1552 1371 1587 πονηρίας.
1391 1553 1497 1588 Ταύτην
1512 1551 1557 1580 οὖν
1574 1554 1621 1590 τὴν
1639 1555 1787 1589 ρομεραίαν,
1803 1554 1825 1583 ὦ
1838 1557 1881 1583 Δέ-

1104 1603 1198 1628 σποτα,
1217 1596 1308 1631 φησὶν,
1327 1597 1359 1632 ἢν
1374 1598 1453 1630 αὐτὸς
1469 1599 1539 1625 κατὰ
1558 1600 1611 1626 τῶν
1627 1600 1679 1627 σῶν
1699 1602 1805 1636 ἐχθρῶν
1820 1603 1880 1637 ἠκό-

1103 1649 1196 1676 νησας,
1213 1641 1290 1677 ῥῦσαι
1308 1643 1362 1669 ἀπὸ
1378 1644 1431 1670 τῶν
1455 1644 1559 1680 ἐχθρῶν
1577 1646 1626 1681 τῆς
1651 1647 1699 1682 σῆς
1713 1649 1814 1683 χειρός.
1840 1648 1883 1675 Τί-

1103 1695 1146 1718 νες
1157 1687 1178 1713 δ’
1194 1687 1227 1714 ἂν
1238 1687 1292 1715 εἶεν
1306 1690 1330 1715 oi
1349 1690 1398 1724 τῆς
1415 1691 1505 1726 χειρὸς
1518 1691 1564 1718 τοῦ
1579 1692 1645 1719 Θεοῦ
1661 1693 1752 1728 ἐχθροὶ
1769 1694 1786 1730 ἢ
1801 1695 1825 1721 oi
1843 1696 1883 1722 ἀν-

1103 1731 1257 1767 οιστάμενοι
1273 1735 1304 1769 τῇ
1327 1735 1366 1766 εἰς
1384 1735 1428 1761 τὸν
1447 1736 1584 1772 Μονογενῆ
1602 1736 1682 1764 αὖτοῦ
1696 1739 1796 1771 πίστει,
1812 1740 1882 1771 ὅστις

1102 1778 1160 1804 ἐστὶ
1177 1779 1223 1805 καὶ
1237 1779 1297 1816 χεὶρ
1313 1781 1411 1813 αὑτοῦ;

1138 1824 1234 1857 Κύριε,
1255 1825 1314 1852 ἀπὸ
1336 1826 1444 1860 ὀλίγων
1463 1827 1522 1854 ἀπὸ
1551 1828 1607 1863 γῆς
1636 1829 1810 1864 ὃιαμέρισον
1832 1833 1883 1859 αὐ-

1103 1870 1183 1902 τούς.
1201 1871 1372 1906 Χωρισθῆναι
1386 1874 1448 1904 τοὺς
1460 1874 1568 1906 ἀσεϐεῖς
1582 1875 1635 1902 τῶν
1648 1876 1745 1910 ὀλίγων
1763 1877 1879 1912 εὒχεται.

1103 1915 1183 1959 οἱονεί
1195 1924 1252 1947 πως
1271 1916 1488 1953 διαμερισθῆναι.
1502 1919 1578 1951 Τίνες
1590 1921 1619 1947 δὲ
1629 1921 1653 1947 οἱ
1668 1921 1751 1956 ὀλίγοι
1778 1923 1794 1958 ἢ
1821 1924 1883 1959 περὶ

1103 1957 1141 1986 ὧν
1156 1960 1294 1988 λέλεκται·
1310 1964 1421 2003 Πολλοὶ
1435 1964 1494 1998 μὲν
1505 1966 1620 1999 κλητοὶ,
1639 1967 1732 2002 ὀλίγοι
1749 1957 1882 1996 6.93st-

1104 2007 1168 2033 κτοι

304 2087 399 2115 Daniel
408 2088 542 2115 Barbarus
551 2088 716 2123 :Przeparata
723 2091 774 2121 est,
787 2087 884 2123 inquit,
893 2086 947 2115 illis
956 2087 1060 2116 occulta
1069 2097 1146 2124 pmna
1156 2097 1216 2124 quae
1229 2097 1314 2124 usque
1327 2090 1359 2117 ad
1368 2091 1471 2118 viscera
1487 2093 1727 2128 penetrabit,juxta
1738 2095 1802 2123 illud
1813 2095 1882 2131 quod

271 2134 303 2162 de
316 2133 384 2162 Iuda
395 2135 496 2162 dictum
508 2139 548 2162 est
561 2145 567 2161 :
581 2134 615 2161 Et
631 2135 738 2161 intravit
750 2134 901 2162 maledictio
912 2136 988 2169 quasi
1005 2144 1074 2170 aqua
1093 2136 1120 2162 in
1137 2136 1264 2163 interiora
1281 2137 1347 2169 eius,
1361 2143 1384 2164 et
1395 2138 1462 2165 sicut
1475 2140 1559 2166 oleum
1571 2140 1596 2166 in
1608 2140 1709 2167 assibus
1724 2141 1781 2175 ejus
1797 2143 1818 2169 ⁸.

304 2212 339 2239 Et
355 2212 385 2239 de
396 2212 554 2239 absconditis
571 2212 622 2239 tuis
635 2212 789 2246 adimpletus
803 2217 841 2254 est
854 2217 939 2239 uenter
953 2221 1052 2241 eorum.

1140 2215 1194 2241 Καὶ
1207 2215 1265 2242 τῶν
1283 2218 1491 2252 κεκρυμμένων
1511 2227 1568 2246 σου
1582 2220 1720 2255 ἐπλήσθη
1735 2223 1754 2256 ἠ
1770 2224 1885 2260 γαστὴρ

270 2257 411 2291 Omnibus,
427 2259 522 2292 inquit,
539 2258 664 2293 pretiosis
678 2258 754 2292 potiti
773 2262 838 2285 sunt
854 2267 862 2290 ;
879 2258 993 2293 ideoque
1013 2259 1051 2286 ita

270 2296 484 2335 recalcitrarunt.
502 2311 531 2330 ut
552 2302 802 2337 praevaricarentur.
826 2302 885 2328 Αιὶο
903 2304 989 2329 modo.
1013 2302 1052 2330 De

269 2349 428 2376 absconditis
444 2349 506 2382 luis,
529 2356 561 2376 ac
576 2349 599 2376 si
616 2348 727 2381 diceret,
745 2355 813 2383 quas
835 2351 864 2375 tu
888 2356 982 2383 poenas
1003 2356 1050 2376 nc-

267 2395 340 2422 culte
357 2396 438 2428 nosti,
456 2403 506 2430 ego
523 2395 629 2430 ignoro,
654 2394 688 2422 iis
711 2395 792 2430 imple
813 2399 921 2422 ventres
944 2402 1049 2424 eorum.

267 2442 340 2477 quod
360 2442 510 2477 periphrasi
533 2441 645 2473 dictum.
670 2449 731 2476 pro,
756 2449 802 2468 eos
825 2441 908 2476 ipsos.
930 2439 1051 2468 Saturati

266 2493 326 2514 sunt
337 2488 412 2522 ﬁliis,
427 2492 450 2515 et
461 2488 615 2514 dimiserunt
629 2487 752 2522 reliquias
767 2495 830 2513 suas
852 2486 969 2521 parvulis
985 2487 1052 2514 suis.

265 2535 345 2562 Omni
360 2534 454 2569 repleti
474 2537 538 2562 sunt
557 2532 709 2568 iniquitate,
727 2537 753 2561 et
769 2540 829 2560 eam
845 2533 908 2561 ﬂliis
924 2534 1052 2561 transmi-

266 2584 370 2609 serunt.

254 2642 257 2647 -
301 2624 399 2661 [Atque
411 2625 496 2660 ipsam
510 2625 643 2660 reliquere
655 2625 775 2660 parvulis
792 2625 908 2654 ﬁliorum
922 2633 1045 2666 suorum,

264 2671 367 2698 scilicet
383 2678 468 2706 usque
478 2670 510 2697 ad
524 2671 694 2707 abnepotes.]
946 2666 949 2668 λ
1024 2679 1026 2682 ·

250 2705 254 2714 λ
300 2717 344 2744 15.
367 2717 421 2751 Ego
434 2721 521 2743 autem
533 2717 559 2743 in
570 2705 673 2744 itistitia
684 2705 816 2753 apparebo
827 2719 976 2753 conspectui
990 2723 1046 2745 tuo.

292 2807 311 2822 "
330 2805 412 2833 Matth
441 2813 487 2839 xx,
504 2805 546 2832 ib.
589 2807 598 2822 ³
618 2806 688 2834 Psal.
706 2814 780 2839 cvm,
795 2806 838 2834 l8.

1103 2260 1210 2286 αὐτῶν.
1229 2261 1351 2294 Πάντων,
1367 2263 1442 2298 φησὶ,
1465 2264 1518 2290 τῶν
1535 2266 1632 2300 τιμίων
1649 2266 1807 2295 ἀπέλαυσαν
1821 2279 1827 2284 ·
1845 2271 1885 2297 διδ

1104 2305 1150 2330 καὶ
1159 2306 1340 2334 ἀπε).άκτισ;ιν
1357 2307 1452 2341 οὕτως,
1465 2309 1502 2340 ὡς
1516 2311 1562 2336 καὶ
1578 2313 1754 2346 παρανομεῖν.
1775 2315 1837 2341 Τῶν
1857 2316 1884 2342 δὲ

1103 2351 1314 2385 κεκρυμμένων
1331 2360 1388 2379 σου
1403 2354 1464 2380 ἀντὶ
1476 2354 1533 2386 τοῦ,
1548 2352 1584 2382 ὧν
1595 2358 1623 2383 ὲν
1637 2357 1789 2394 ἀποκρύφῳ
1805 2369 1886 2396 τιμω-

1105 2397 1169 2432 ριῶν
1182 2397 1252 2432 ἔχεις
1264 2398 1311 2434 τὴν
1324 2399 1433 2433 γνῶσιν,
1453 2399 1507 2434 ἐγὼ
1520 2401 1618 2435 ἀγνοῶ,
1632 2403 1733 2430 τούτων
1746 2405 1886 2442 ἔμπλησον

1103 2443 1152 2474 τὰς
1167 2445 1302 2480 γαστέρας
1319 2445 1417 2478 αὐτῶν,
1440 2448 1660 2482 περιφραστικῶς
1677 2449 1753 2482 ἀντὶ,
1776 2452 1884 2485 αὐτούς.

1111 2488 1355 2523 Ἐχορτὰσθησαν
1366 2490 1447 2522 υἱῶν,
1464 2491 1512 2518 καὶ
1532 2492 1653 2526 ἀφῆκαν
1667 2493 1702 2519 τὰ
1718 2495 1887 2524 κατάλοιπα

1101 2535 1162 2568 τοῖς
1188 2536 1307 2568 νηχὶοις
1333 2535 1440 2563 αὐτῶν.
1468 2538 1580 2573 Πάσης,
1611 2540 1687 2574 φησὶ,
1711 2544 1887 2579 παρανομίας

1099 2581 1284 2618 ἐπλήσθησαν,
1296 2584 1342 2610 καὶ
1354 2585 1395 2615 εἰς
1410 2585 1505 2617 παῖδας
1521 2586 1549 2612 δὲ
1561 2587 1662 2623 ταύτην
1675 2589 1871 2624 παρέπεμψαν.

1134 2627 1206 2663 [Καὶ
1219 2629 1320 2664 ταύτην
1336 2630 1497 2665 κατέλειψαν
1511 2633 1566 2664 τοῖς
1578 2634 1683 2668 νηπίοις
1694 2634 1748 2661 τῶν
1760 2636 1828 2663 υἱῶν
1841 2638 1887 2664 αὒ-

1098 2673 1162 2703 τῶν.
1177 2674 1259 2709 ἧγουν
1277 2676 1357 2710 μέχρι
1374 2677 1503 2710 ἐκγόνων.
1517 2677 1526 2714 ]

1141 2718 1213 2753 Ἐγὼ
1230 2719 1264 2746 δὲ
1277 2720 1312 2746 ἐν
1325 2720 1499 2756 δικαιοσύνῃ
1523 2723 1690 2760 ὀφθήσομαι
1709 2726 1749 2759 τῷ
1769 2727 1884 2762 προσώ
