1938 3053
78 142 117 168 “5
580 135 762 165 EXPOSLTIO
781 135 815 164 IN
835 135 840 163 1

896 134 1002 164 .LMUM
1023 129 1105 163 Χγιῐῖ

1616 134 1668 163 114

76 199 170 234 Ogulnia
187 198 233 232 τῆς
249 197 291 223 ὑπ’
310 196 434 232 οὐρανὸν,
450 196 513 228 τοὺς
527 195 622 230 ἁγίους
642 194 807 226 ἀποστόλους
825 203 832 210 ι

896 200 974 221 nenta
992 193 1076 226 orbis,
1092 197 1200 221 sanctos
1217 192 1357 228 apostolos
1373 200 1380 220 :
1396 199 1459 219 nam
1476 195 1504 219 et
1525 191 1577 227 ipsi
1593 192 1668 220 salu-

77 243 258 277 ἀνιπηγάςουσι
275 242 329 277 γὰρ
345 242 392 268 καὶ
403 241 478 268 αὐτοὶ
489 241 534 268 τδν
547 241 678 276 σωτήριον
694 240 771 274 λόγον
789 240 836 266 καὶ

77 291 177 327 κρηπίδα
203 292 235 325 τῇ
260 290 303 317 ὑπ’
326 290 439 325 οὐρανὸν
461 289 640 316 κατεεὰλοντο
668 287 717 323 τὴν
734 288 835 314 πίστιν.

76 337 155 371 Πηγὰς
166 336 193 362 δὲ
213 336 313 362 ὑδάτων
335 335 381 362 καὶ
396 335 508 370 θεμέλια
527 335 576 370 τῆς
591 335 752 370 οἰκουμένης
776 334 838 369 νοή-

76 390 122 413 σεις
135 381 208 407 πάλιν
218 380 248 407 τὸ
264 381 396 415 σωτήριον
408 380 558 414 βάπτισμα.

112 427 168 454 Απὸ
192 426 384 460 ἐπιτιμήσεως
409 434 488 457 σου,
515 426 615 459 Κύριε.
643 426 839 460 Προσυπακου-

76 472 140 498 στέον
153 472 188 503 τὸ,
200 472 368 508 ἀνῃρέθησαν
387 473 410 498 οἱ
431 471 624 507 προλεχθέντες
641 471 741 506 ἐχθροί.
769 469 837 497 Ἀπὸ

75 518 244 552 ἐμπνεὺσεως
256 518 425 551 πνεύματος
444 516 536 551 ὀργῆς
561 524 629 544 σου.
648 517 685 542 Οὐ
713 515 839 551 παραυτά

74 563 128 594 θεὸς
140 563 238 595 κολάζει
253 564 315 595 τοὺς
331 563 536 598 ἁμαρτάνοντας
549 571 555 577 ·
586 563 602 597 ἢ
629 562 684 598 γὰρ
709 562 742 588 ἂν
755 561 838 597 ἄρδην

74 608 193 635 ἀπώλοντο
204 617 211 624 ο
229 610 419 644 προαναφωνεί
431 609 459 635 δὲ
471 609 520 643 τῆς
532 608 617 644 ὀργῆς
629 608 677 640 τὰς
693 607 816 639 κολάσεις
830 614 837 622 ·

75 654 209 681 Παιόεύσω
230 655 287 688 γὰρ
301 655 413 688 αὐτοὺς
434 655 470 681 ἐν
490 655 528 689 τῇ
548 654 621 689 ὀργῇ
637 655 692 688 τῆς
708 655 839 688 θλίψεως

74 697 165 724 αὐτῶν.
183 699 235 725 Καὶ
259 698 339 725 τοῦτό
360 700 416 725 ἐστι
432 699 462 725 τὺ
477 699 605 726 ὲιιπνέειν
630 698 711 725 αὐτὸν
731 697 839 733 πνεῦμα

73 744 110 779 τῆς
126 745 201 780 ὀργῆς
217 745 313 772 αὑτοῦ.

888 243 946 266 tare
972 240 1083 267 verbum
1110 239 1276 272 scaturiunt,
1304 243 1331 266 et.
1363 238 1568 266 fundamentum
1594 238 1668 266 orbis

889 291 1047 322 posuerunt.
1070 286 1148 313 ﬁdem
1173 285 1307 312 videlicet.
1324 284 1426 312 Fontes
1447 285 1509 312 item
1529 289 1555 312 et
1571 285 1669 314 funda-

887 338 976 360 menta
995 332 1071 359 orbis
1090 332 1238 359 salutarem
1259 331 1421 366 baptismum
1436 331 1666 366 interpretaberis.

923 423 966 450 17.
988 423 1027 450 Ab
1052 423 1227 457 increpatione
1251 427 1307 456 tua,
1326 421 1445 449 Domine.
1471 421 1646 456 Subintellige
1660 441 1668 454 ,

887 470 987 497 sublati
1004 474 1069 497 sunt
1084 468 1204 504 praedicti
1222 468 1323 497 hostes.
1342 469 1380 496 Ab
1399 468 1571 503 inspiratione
1588 467 1669 502 spiri-

887 522 928 543 lus
938 517 984 543 ira
997 521 1058 542 tum.
1073 515 1131 543 Non
1148 520 1236 542 autem
1247 516 1336 543 statim
1350 523 1411 543 cum
1425 515 1669 550 peccanthomines

886 569 933 589 eos
950 561 1020 588 Deus
1037 561 1129 596 punit;
1143 568 1205 588 nam
1223 561 1245 588 si
1258 561 1309 588 hoc
1324 561 1407 593 lierel,
1421 561 1470 595 ipsi
1489 560 1569 595 plane
1588 559 1671 586 inter-

887 608 958 634 irent
984 616 990 634 :
1012 615 1074 633 nam
1099 607 1145 634 irte
1160 607 1294 641 supplicia
1316 607 1395 641 longe
1419 611 1483 633 ante
1506 605 1671 641 praenuntiat

886 660 967 688 quam
987 652 1100 687 inﬂigat.
1116 652 1159 679 Ait
1173 653 1245 680 enim
1270 662 1276 680 :
1299 652 1448 686 Cort'ipiam
1466 660 1508 679 eos
1523 652 1550 678 in
1564 652 1606 678 ira
1622 651 1671 678 tri-

887 698 1030 726 bulationis
1047 706 1137 725 eorum
1154 698 1175 725 ⁸.
1191 697 1224 725 Ει
1238 698 1265 725 in
1284 698 1336 726 hoc
1351 698 1451 726 dicitur
1466 697 1601 732 inspirare
1620 696 1672 730 spi-

886 743 969 770 ritum
983 743 1031 770 irze
1046 751 1116 771 suae.

101 810 184 838 Daniel
200 811 358 839 Barbarus:
374 812 446 839 Misit
462 812 493 839 de
516 814 578 839 caelo
601 819 626 840 et
647 813 746 847 accepit
764 821 813 840 me.
831 811 900 839 Vere
918 811 1067 838 humanum
1091 818 1175 846 genus
1195 811 1321 844 servavit,
1340 810 1374 838 de
1395 811 1464 838 cutio
1487 809 1567 838 nobis
1586 809 1673 837 sancti

75 855 173 890 Spiritus
184 857 285 884 donum
301 857 457 885 dctnittens.
469 858 621 886 Theodotio
638 868 644 885 :
661 859 699 885 De
709 858 772 885 τωίο
787 857 901 885 salutem
915 856 980 883 nti/ti
994 856 1097 883 tribuit.

101 913 298 945 Προσελάϐετό
312 922 351 948 με
378 914 413 946 ἐξ
441 914 559 943 ὑδάτων
582 915 715 942 πολλῶν.
734 915 839 942 ’Ὑδατα

927 915 1075 949 Assumpsit
1089 923 1129 942 me
1145 923 1177 942 ae
1192 916 1266 950 aquis
1282 914 1384 943 multis.
1398 913 1493 950 Aquas
1502 913 1570 953 dicit
1586 918 1674 943 tenta-

73 958 122 988 τοὺς
137 960 304 994 πειρασμοὺς
321 969 397 995 φησι.
613 990 619 999 I

100 1003 155 1039 [Ἐξ
175 1005 296 1032 ὑδάτων
313 1006 446 1034 πολλῶν,
469 1007 573 1034 ’Υδατα
597 1008 659 1039 τοὺς
673 1008 840 1043 πειρασμούς

73 1057 136 1083 φησι.
149 1051 225 1084 Λέγει
247 1053 262 1078 ὁ
286 1052 382 1079 Διιυῖδ·
397 1052 504 1079 Ἕλαϐἑ
513 1062 561 1087 με,
582 1054 641 1088 ἦτοι
666 1054 715 1089 τὴν
737 1053 840 1089 ἀνθρω-

73 1094 138 1121 πείαν
152 1096 244 1130 φύσιν·
265 1097 468 1133 ἐϐαπτίσθησαν
494 1098 548 1133 γὰρ
574 1099 602 1124 ἐν
625 1100 658 1134 τῇ
676 1098 766 1136 ἡμέρα
791 1099 841 1133 τῆς

73 1139 242 1177 Πεντηκοστῆς
259 1143 327 1169 ὡσεὶ
342 1143 426 1178 ψυχαὶ
441 1144 588 1179 τρισχίλιαι
612 1145 664 1172 ὑπὸ
690 1145 744 1172 τῶν
772 1146 840 1172 ἀπυ-

71 1186 165 1213 στόλων.
177 1187 184 1223 ]

103 1231 230 1259 Ῥὐσεταῑ
240 1242 280 1268 με
293 1234 329 1261 ἐκ
353 1234 412 1261 τῶν
424 1235 538 1271 ἐχθρῶν
557 1244 613 1269 μου
630 1235 775 1268 δυνατῶν,
791 1237 840 1264 καὶ

70 1276 97 1302 ἐκ
109 1277 162 1303 τῶν
175 1281 351 1312 μισούντων
372 1289 419 1315 με.
445 1282 490 1313 Et;
512 1281 546 1307 τὰ
561 1282 741 1317 πεπραγμένα
768 1282 841 1317 αὐτῷ

69 1322 107 1349 ἐπὶ
118 1325 147 1358 τῇ
161 1325 282 1361 ἁμαρτίᾳ
299 1326 347 1352 καὶ
365 1328 397 1362 τῇ
417 1328 544 1363 μετανοίᾳ
561 1327 670 1362 μετέϐη.
688 1329 719 1354 "0
728 1328 755 1354 δὲ
767 1328 841 1362 λέγει

69 1367 173 1395 τοιοῦτόν
196 1371 281 1398 ἐστιν.
304 1371 372 1407 Ἤδη
399 1373 457 1407 μὲν,
477 1373 526 1407 τῆς
546 1372 764 1408 ὲξομολογήσεώς
792 1382 840 1408 μου

69 1412 207 1445 ἐπακούσας
219 1415 232 1440 ὀ
250 1414 364 1449 Κύριος,
380 1416 475 1449 γέγονέ
491 1425 536 1451 μοι
547 1418 758 1452 ἁντιστήριγμα,
779 1417 843 1451 μέλο

69 1456 147 1490 λοντός
172 1469 222 1495 μου
238 1462 451 1497 περιτρέπεσθαι
467 1463 513 1489 καὶ
527 1463 598 1498 μέγα
615 1462 715 1498 πτῶμα
740 1463 842 1498 ὑπομέ-

69 1511 124 1535 νειν,
147 1505 171 1531 εὶ
190 1506 259 1540 μετὰ
278 1506 329 1542 τὴν
343 1507 479 1542 ἁμαρτίαν
493 1509 533 1539 εἰς
555 1508 673 1543 παντελῆ
698 1508 841 1541 ἐξέπιπτον

69 1548 229 1579 ἀποστασίαν.
262 1552 337 1586 Πλὴν
362 1552 428 1579 ἀλλὰ
450 1553 497 1580 καὶ
520 1554 657 1585 παντελῶς
673 1554 784 1588 ῥύσεταί
806 1562 841 1589 με

892 960 992 988 tiones.

926 1006 990 1042 [De
1012 1008 1087 1042 aquis
1112 1008 1214 1035 multis.
1228 1008 1321 1043 Aquas
1336 1011 1416 1036 vocat
1436 1007 1608 1036 tentationes.
1629 1006 1676 1036 Ait

893 1051 975 1078 David
993 1061 999 1079 :
1017 1053 1122 1087 Accepit
1146 1061 1196 1084 me,
1223 1053 1275 1080 hoc
1296 1058 1337 1080 est
1357 1053 1505 1080 humanam
1529 1057 1674 1080 naturam:

891 1096 1032 1132 baptizata.
1041 1105 1158 1131 namque
1171 1102 1234 1124 sunt
1247 1097 1273 1124 in
1286 1097 1330 1124 die
1342 1097 1515 1125 Pentecostes
1530 1097 1608 1132 quasi
1622 1097 1674 1125 tria

891 1143 975 1170 millia
986 1143 1139 1169 animarum
1154 1143 1188 1170 ab
1197 1141 1352 1178 apostolis]

927 1231 970 1259 18.
992 1231 1093 1265 Eripiet
1107 1238 1147 1257 me
1162 1230 1193 1258 de
1212 1230 1325 1257 inimicis
1339 1230 1404 1257 meis
1421 1229 1586 1265 fortissimis,
1598 1234 1624 1257 et
1643 1230 1675 1256 ab

891 1277 925 1304 iis
937 1277 982 1312 qui
994 1277 1103 1303 oderim
1121 1284 1170 1308 me,
1181 1281 1232 1303 etc.
1243 1276 1351 1303 Transit
1363 1276 1396 1303 ad
1411 1283 1443 1304 ea
1456 1275 1607 1303 enarranda
1616 1283 1677 1311 quae

892 1322 993 1356 peccati
1017 1326 1044 1348 et
1069 1321 1235 1356 pmnitentiae
1251 1328 1332 1348 causa
1353 1321 1418 1356 egit.
1438 1320 1516 1354 Quod
1533 1325 1622 1348 autem
1639 1321 1678 1348 ait

892 1367 932 1394 sic
953 1366 1104 1400 intelligito.
1128 1365 1187 1392 iam
1209 1373 1268 1392 mea
1286 1366 1412 1393 exaudita
1429 1365 1600 1394 confessione
1621 1365 1676 1393 Do-

892 1412 983 1439 minus
1004 1411 1091 1438 laetus
1111 1416 1152 1438 est
1170 1411 1236 1438 mihi
1256 1411 1285 1438 in
1312 1411 1444 1445 fulcrum,
1467 1419 1529 1438 cum
1554 1411 1678 1446 proxime

892 1462 965 1485 CSSCI
978 1463 1007 1485 ut
1018 1465 1067 1491 ego
1085 1457 1267 1490 subverterer,
1282 1458 1346 1485 etin
1363 1465 1492 1493 magnum
1506 1465 1599 1486 casum
1614 1465 1678 1485 rue-

894 1511 949 1530 rem
966 1523 973 1536 ,
989 1503 1012 1531 si
1026 1507 1088 1538 post
1108 1507 1249 1538 pcccatum
1268 1503 1295 1530 in
1315 1503 1438 1530 ultimam
1452 1503 1612 1531 decidissem
1631 1504 1678 1531 de-

894 1548 1048 1576 iectionem.
1066 1549 1198 1576 Caeterum
1211 1556 1324 1584 prorsus
1339 1548 1384 1576 ille
1395 1549 1492 1584 eripiet
1504 1557 1557 1582 me,
1569 1554 1596 1577 et
1604 1549 1680 1576 dabit

69 1594 142 1627 διδοὺς
163 1597 258 1630 ἄφεσιν
276 1598 327 1632 τῆς
347 1599 482 1634 ἁμαρτίας
494 1599 563 1626 κατὰ
578 1599 622 1626 τὸν
636 1600 840 1636 προφητευόμε-

896 1593 994 1629 peccati
1008 1593 1126 1626 vcniam,
1141 1598 1262 1628 tempore
1278 1594 1412 1621 adventus
1426 1594 1487 1628 ejus
1509 1601 1523 1621 a
1539 1594 1679 1629 prophetis

69 1647 105 1665 νον
119 1642 208 1676 καιρὸν
223 1642 275 1677 τῆς
289 1643 372 1669 αὑτοῦ
388 1644 545 1680 παρουσίας,
569 1645 616 1671 καὶ
641 1644 719 1672 τοῦτο
733 1646 841 1676 ποιήσει

69 1684 204 1719 εὐεργετῶν
221 1695 255 1721 με
270 1688 284 1713 ό
309 1688 419 1722 Κύριος,
437 1688 500 1714 ’Ὀτι
523 1687 656 1722 ἠθέλησέ
677 1697 724 1722 με.
752 1689 784 1715 Et
805 1688 842 1723 μὴ

69 1730 113 1765 γὰρ
124 1731 238 1767 ἠθέλησέ
253 1740 301 1767 με,
323 1733 372 1759 οὐκ
394 1733 427 1760 ἂν
443 1734 488 1760 τὸν
513 1734 655 1769 προφήτην
670 1733 749 1760 αὐτοῦ
774 1733 844 1769 πρὸς

71 1775 96 1808 μὲ
108 1777 257 1804 ἀπέστειλε.

96 1820 145 1846 Kal
156 1821 365 1848 ἀνταποδώσω
377 1831 427 1856 μοι
442 1823 558 1856 Κιίοιος.
575 1823 738 1858 Πέπεισμαι,
749 1824 851 1857 sanciat,

68 1863 100 1890 ὅτι
109 1866 173 1892 κατὰ
184 1868 229 1893 τὶν
243 1867 341 1902 καιρὸν
354 1867 402 1902 τῆς
415 1868 613 1903 δικαιοκρισίας
625 1869 718 1900 αὐτοῦ,
733 1869 763 1895 οὐ
776 1877 842 1904 μνη-

69 1911 187 1943 person;
203 1921 254 1947 μου
271 1916 323 1944 τὰς
340 1913 475 1949 ἁμαρτίας
490 1934 496 1946 ,
513 1913 584 1941 κατὰ
606 1914 655 1949 τὴν
672 1913 843 1949 δικαιοσύνην

69 1963 110 1988 μου
122 1957 318 1985 ἀνταποδώσει.
345 1959 399 1990 Τὰς
414 1959 467 1994 γὰρ
492 1959 573 1990 ἄλλας
589 1968 639 1995 μου
662 1960 776 1995 πράξεις
795 1961 844 1992 τὰς

68 1998 91 2024 ὲν
103 2000 256 2039 δικαιοσύνῃ
269 2002 365 2038 ὥσπερ
382 2002 457 2038 ζυγῴ
475 2003 717 2038 ἀντιπαραϐάλλων
734 2003 782 2029 καὶ
797 2004 843 2030 ἁν-

67 2048 184 2081 τιστήσας
207 2048 248 2082 τῷ
267 2048 445 2083 ἅμαρτήμοιτί
470 2057 531 2083 μου,
549 2048 620 2074 κατὰ
646 2048 712 2075 πολὺ
732 2049 845 2075 πλεονα-

68 2088 155 2123 ζοὺτας
178 2093 296 2128 εὑρήσει,
317 2093 364 2119 τοῦ
393 2094 536 2128 γενομένου
566 2103 610 2129 μοι
636 2094 841 2129 ἁμαρτήματος.

68 2136 179 2164 Διδάςκει
197 2138 226 2164 δὲ
238 2139 253 2165 ὁ
271 2138 350 2171 λόγος
366 2139 396 2165 τὸ
409 2139 537 2165 δύνασθαι
553 2139 596 2165 τὸν
613 2140 684 2166 κατά
697 2148 756 2166 τινα
770 2140 846 2166 ἀσθέ-

68 2189 130 2208 νειαν
146 2184 319 2219 ὼλισοηκότα
332 2185 532 2220 ἀναλαμϐάνειν
546 2185 639 2212 ἑαυτὸν
650 2185 694 2212 διὰ
712 2185 844 2222 δευτέρων

68 2229 290 2264 κατορθωμάτων.

896 1639 1085 1673 prtenuntiato.
1105 1638 1188 1674 hique
1208 1644 1269 1672 aget
1284 1639 1417 1667 Dominus
1432 1639 1593 1667 beneﬁcium
1611 1639 1679 1667 mihi

897 1685 1026 1718 tribuens,
1041 1685 1172 1718 Quoniam
1189 1685 1270 1713 voluit
1290 1694 1339 1712 me.
1355 1685 1423 1713 Nam
1441 1686 1463 1713 si
1478 1694 1521 1714 me
1538 1685 1677 1718 noluisset,

897 1738 1066 1766 nequaquam
1079 1731 1237 1766 prophetam
1253 1739 1332 1759 suum
1346 1731 1379 1759 ad
1399 1739 1441 1759 me
1454 1732 1586 1760 misisset.

930 1819 975 1847 21.
998 1819 1032 1846 Et
1049 1819 1172 1847 retribuet
1194 1820 1256 1846 mihi
1278 1819 1418 1853 Dominus,
1439 1823 1492 1847 etc.
1514 1819 1679 1848 Persuasum

896 1865 974 1898 mihi,
987 1865 1085 1900 inquit,
1105 1869 1156 1897 est,
1170 1873 1233 1893 eum
1247 1870 1369 1900 tempore
1386 1866 1453 1901 justi
1469 1865 1565 1901 judicii
1584 1873 1681 1900 pecca-

898 1915 987 1938 torum
1009 1919 1133 1939 meorum
1156 1912 1355 1953 immemorem,
1378 1912 1527 1939 secundum
1546 1911 1680 1947 justitiam

897 1966 985 1985 meam
1010 1958 1078 1985 mihi
1106 1958 1315 1985 retributurum.
1342 1958 1411 1986 Cum
1435 1958 1508 1985 enim
1540 1958 1593 1985 alia
1620 1965 1681 1987 mea

896 2011 979 2038 opera
991 2003 1017 2030 in
1028 2003 1134 2037 justitia
1150 2003 1222 2031 edita
1234 2003 1260 2030 in
1280 2004 1358 2031 lance
1373 2003 1579 2039 conlparahitet
1595 2010 1681 2039 oppo-

897 2054 942 2076 net
956 2053 1068 2084 peccato
1087 2057 1157 2081 meo,
1181 2050 1296 2076 multum
1315 2057 1347 2077 ea
1368 2054 1478 2084 peceato
1492 2057 1507 2078 a
1523 2057 1566 2077 me
1583 2057 1681 2084 perpe-

897 2099 967 2122 trato
992 2095 1200 2130 prtepnuderare
1222 2096 1349 2123 inveniet.
1371 2095 1489 2123 Docetur
1508 2100 1598 2123 autem
1619 2103 1681 2123 eum

897 2141 943 2174 qui
974 2139 1131 2167 inﬁrmitate
1163 2140 1280 2175 quadam
1316 2140 1410 2175 lapsus
1440 2140 1493 2172 sit,
1524 2147 1605 2174 posse
1634 2147 1682 2174 per

897 2186 1016 2213 secunda
1027 2187 1098 2213 bona
1114 2193 1197 2221 opera
1211 2187 1238 2213 in
1256 2186 1403 2221 pristinum
1424 2193 1453 2214 se
1472 2186 1585 2221 gradum
1603 2185 1684 2214 resti-

897 2235 983 2261 tuere.

97 2271 295 2310 [Δικαιοσύνην
309 2274 358 2309 τὴν
369 2274 484 2302 καθόλου
498 2275 598 2311 ἀρετὴν
611 2275 685 2310 λέγει
697 2284 703 2291 ·
717 2276 766 2312 τὴν
780 2285 840 2312 πραι

927 2276 1085 2313 {Justitiam
1121 2285 1231 2305 omnem
1259 2278 1387 2305 virtutem
1416 2278 1482 2306 dicit
1499 2286 1515 2311 ;_
1537 2278 1683 2313 puritatem

68 2318 152 2353 κτικὴν
167 2319 344 2355 καθαρότητα
357 2320 454 2356 χειρῶν
468 2322 516 2352 τὰς
531 2321 685 2356 πρακτικὰς
710 2322 840 2357 ἐνεργείας

902 2331 1032 2351 manuum
1055 2324 1082 2351 in
1109 2324 1223 2359 agendo,
1248 2324 1400 2359 inculpatas
1425 2325 1684 2359 operationes,qua:

68 2362 222 2396 ἀμολὺντους
238 2365 389 2398 γενομένας
404 2365 435 2391 τὸ
454 2366 508 2392 ἀπὸ
522 2365 664 2401 βελτίστης
682 2365 764 2402 ἕξεως
777 2367 840 2393 ἀπο-

68 2407 223 2446 τελεῖσθαι]

903 2370 937 2397 ab
951 2370 1056 2404 optimo
1069 2370 1163 2397 habitu
1175 2374 1204 2398 et
1216 2369 1318 2398 affectu
1332 2369 1502 2406 procedam]

67 2415 200 2437 τελεῖσθαι.

98 2489 187 2519 Daniel
205 2492 346 2519 Barbarus
360 2500 369 2519 :
382 2492 516 2520 Caeterum
528 2493 575 2528 qui
587 2493 645 2521 hmc
659 2493 780 2529 loquitur
791 2492 859 2521 nihil
875 2492 927 2521 sibi
942 2492 1038 2520 tribuit
1054 2501 1061 2526 ;
1076 2500 1160 2527 quare
1174 2493 1208 2520 ad
1225 2492 1392 2521 Salvatorem
1411 2494 1489 2521 aiunt
1507 2494 1565 2522 haec
1577 2494 1682 2526 referri,
1702 2505 1707 2510 -

68 2538 108 2570 qui
122 2546 153 2565 ex
163 2540 223 2573 ejus
240 2548 359 2574 persona
375 2540 447 2567 hunc
460 2540 594 2575 psalmum
614 2541 711 2568 dictari
722 2541 818 2568 dicunt
832 2550 839 2568 :
857 2539 996 2566 Tantalum
1012 2548 1058 2575 per
1075 2540 1163 2567 omnia
1178 2540 1321 2567 secundum
1340 2541 1541 2568 similitudinem
1553 2542 1576 2568 si
1586 2547 1609 2569 ιδ
1623 2549 1684 2576 pec-

69 2588 120 2611 ralo
132 2587 151 2612 ³.
167 2585 307 2614 Justitiam
319 2595 383 2613 vero
395 2592 472 2614 vocat
483 2587 510 2614 in
531 2587 689 2615 universum
709 2588 837 2616 actricem
849 2588 977 2615 virtutem
994 2597 1001 2621 ;
1019 2588 1164 2623 puritatem
1179 2592 1269 2615 autem
1286 2595 1427 2619 manuum,
1443 2587 1557 2615 actrices
1569 2587 1686 2614 faculta—

67 2625 104 2657 ‘s
120 2636 145 2658 et
155 2634 282 2660 actiones
299 2634 420 2661 sordium
439 2634 584 2666 immunes,
598 2635 670 2662 etab
686 2635 790 2670 optimo
807 2634 900 2662 habitu
916 2634 1130 2670 proliciscentes.
1149 2634 1282 2663 Cancrum
1296 2635 1331 2662 ab
1343 2635 1418 2662 omni
1435 2634 1566 2669 iactantia
1581 2634 1684 2661 alienas

69 2677 266 2708 benefactorum
281 2689 390 2709 suorum
406 2689 505 2709 causas
523 2681 579 2708 Deo
593 2683 698 2710 tribuit.
715 2681 778 2710 Vias
796 2687 887 2709 autem
902 2683 1030 2710 mandata
1042 2682 1177 2714 intelligit.
1189 2682 1247 2711 Non
1263 2683 1344 2719 impie
1359 2687 1450 2711 autem
1468 2690 1498 2710 se
1513 2683 1583 2717 gerit
1594 2681 1628 2710 ab
1640 2687 1683 2715 eo,

70 2722 216 2760 quicunque
236 2726 360 2755 veritatis
375 2728 502 2764 dogmata
520 2735 547 2758 et
563 2731 729 2760 assertiones
745 2732 827 2762 probe
841 2739 873 2759 ac
886 2736 958 2759 recte
976 2730 1103 2766 explicat.

97 2809 109 2825 '
125 2809 185 2839 Ose.
205 2821 255 2845 vn,
274 2813 315 2840 {2.
354 2817 364 2831 '
383 2816 463 2844 Hebr.
484 2826 518 2851 tv.
537 2819 579 2846 15.
