1938 3053
257 148 309 176 “5
668 148 696 175 S.
715 147 901 175 ATHANASII
921 147 996 178 OPP.
1017 147 1108 176 PARS
1127 147 1171 178 Ill.
1192 164 1227 168 —
1246 144 1451 175 EXEGETICA.
1819 145 1868 174 H6

288 233 332 260 2'2.
343 232 438 263 Daniel
446 233 582 261 Barbarus
592 240 601 264 ς
610 232 665 259 Nec
679 232 756 266 impie
764 234 830 267 gessi
847 241 863 260 a
880 233 931 260 Deo
943 241 1008 260 meo.
1021 233 1105 264 Iustis
1115 233 1188 260 enim
1200 233 1248 266 qui
1260 237 1383 268 prompte
1397 232 1435 260 illi
1447 236 1543 267 parent
1558 231 1708 260 mercedem
1722 231 1846 267 rependit
1859 241 1866 258 :

254 280 299 307 ille
313 285 403 307 autem
419 287 472 306 non
489 287 517 307 se
531 280 613 314 impie
624 281 692 316 gerit
707 281 753 315 qui
767 288 828 307 vera
845 281 969 316 dogmata
985 281 1107 315 suscipit.

289 326 433 363 [Quoniam
445 329 655 363 omniajudicia,
667 334 720 356 etc.
731 328 782 361 Qui
798 329 866 363 lapsi
878 333 942 356 sunt
954 337 1029 363 opor-

1108 328 1205 364 ,[Ὄτι
1219 336 1317 355 Mrta
1332 330 1368 355 τὰ
1383 328 1517 362 κρίματα,
1532 326 1580 352 καὶ
1594 325 1630 352 τὰ
1645 325 1718 360 ἑξῆς.
1743 325 1867 359 ὨΛισθη-

211 377 215 382 ’
254 377 292 400 let
306 378 335 400 ut
351 374 471 408 repetitis
488 375 566 401 bonis
582 375 710 409 operibus
729 375 761 402 ad
775 375 914 402 meliorem
932 382 961 402 se
976 375 1029 401 fru-

1089 374 1166 406 κότας
1179 374 1377 409 ἀναλαμϐάνειν
1393 374 1433 400 δεῖ
1447 373 1558 404 ἑαυτοὺς
1568 372 1612 399 διὰ
1625 371 1757 407 δευτέρων
1773 378 1868 405 κατορ-

252 426 311 453 gem
334 419 475 454 recipiant.
493 419 550 450 Etsi
573 424 663 451 autem
681 420 837 455 investigari
860 428 914 447 non
933 425 1029 455 queant

1089 421 1228 456 θωμάτων.
1250 421 1281 447 Εἰ
1298 421 1344 447 καὶ
1369 420 1564 455 ἀνεξερεύνητα
1586 418 1614 444 δὲ
1629 418 1675 444 καὶ
1695 417 1728 443 τὰ
1747 417 1867 452 κρίματα

249 463 351 497 judicia
376 464 445 499 ejus,
473 472 554 499 atque
578 466 676 500 abysso
705 466 856 493 consimilia
878 466 949 498 sint,
969 465 1029 500 quia

1089 468 1131 494 καὶ
1147 467 1258 502 ἀϐύσσῳ
1280 467 1388 493 ἐοικότα
1403 465 1446 492 διὰ
1463 465 1493 491 τὺ
1516 464 1705 499 ἀκατάληπτον
1718 483 1727 495 .,
1751 463 1805 489 ἀλλ’
1821 459 1867 489 οὖν

253 509 356 537 scilicet
393 510 677 544 incomprehensibilia
712 517 799 544 sunt;
845 516 1029 538 verumtamen

1089 513 1176 540 πάντα
1189 512 1303 539 ἐνώπιόν
1320 513 1377 538 ἐστι
1391 511 1437 538 τοῦ
1455 511 1602 545 θεοφιλοῦς.
1616 509 1627 545 1

249 556 343 582 omnia
358 557 486 591 religioso
502 557 559 584 viro
572 559 714 592 praesentia
732 558 818 594 sunt.]

285 610 329 638 25.
354 612 447 639 Daniel
468 613 603 640 Barbarus
620 622 629 639 :
648 615 778 646 Quoniam
800 615 889 641 omnia
900 615 1004 649 Judicia
1022 614 1078 649 ejus
1093 615 1120 641 in
1144 617 1285 648 eonspeclu
1304 620 1369 639 meo.
1384 611 1435 645 Qui
1453 611 1600 639 secundum
1616 611 1700 638 Deum
1716 611 1798 638 homo
1815 616 1868 644 est,

249 657 372 685 divinum
390 659 514 685 timorem
533 665 595 687 ante
610 661 704 688 oculos
719 662 888 691 continenter
904 662 1018 695 habens,
1039 669 1100 689 cum
1121 661 1220 688 ﬁducia
1241 665 1268 688 et
1291 660 1416 687 libertate
1435 667 1528 686 coram
1547 659 1601 686 Deo
1622 660 1687 694 agit.
1699 658 1802 686 Jadicia
1821 659 1868 686 Dei

251 705 274 732 si
289 705 472 740 inquit-antur.
488 707 673 735 inscrutabilia
690 713 751 736 sunt
762 714 788 736 et
806 710 923 743 abyssus
935 710 1031 741 multa,
1043 709 1172 744 quoniam
1189 713 1298 743 propter
1312 707 1503 734 obscuritatem
1517 707 1707 742 comprehendi
1720 710 1867 741 nequeunt.

249 752 320 780 Fieri
333 758 421 782 tamen
438 755 509 783 haud
526 761 623 790 potest,
640 761 669 784 ut
685 758 840 792 qnijudicia
860 746 909 785 Dei
920 766 975 793 prae
991 759 1078 786 oculis
1092 758 1183 790 habet,
1204 765 1274 792 aegre
1291 756 1360 784 ferat
1374 755 1421 783 Dei
1438 754 1646 790 providentiam,
1663 752 1799 787 etjudicio
1820 751 1870 778 Dei

249 804 347 830 cuncta
366 800 472 835 disponi
490 811 496 828 :
516 811 576 830 nam
598 805 639 831 vel
658 813 690 832 ex
706 806 764 840 ipso
777 807 872 840 judicii
894 807 1004 834 nomine
1026 807 1128 841 iustum
1146 813 1206 833 csse
1225 805 1359 841 judicium
1382 804 1574 839 cognoscitur:
1591 803 1636 838 jus
1652 801 1724 829 enim
1746 801 1802 827 dat.
1820 799 1870 827 Vel

248 846 382 879 justitiam
404 848 478 881 dicit,
493 857 554 876 cum
571 853 661 879 omnia
675 853 776 887 judicia
792 862 852 888 quae
866 855 934 881 citra
945 854 1078 889 justitiam
1099 854 1174 887 liant,
1189 861 1221 881 eo
1236 853 1419 880 additamento
1435 851 1619 881 nominentur,
1636 852 1666 874 ut
1684 855 1736 874 non
1752 846 1869 880 judicia,

250 894 296 921 scd
308 895 410 929 judicia
426 904 551 931 perversa
564 899 697 926 dicantur.
714 900 859 935 Propterea
873 902 975 929 dictum
990 907 1042 934 est,
1057 902 1219 937 Egrediatur
1232 901 1365 936 judicium
1376 907 1523 935 perversum
1534 898 1566 925 ¹⁰.
1578 896 1739 931 Etjustitias
1748 895 1804 929 ejus
1815 902 1869 920 non

248 942 333 976 repuli
346 952 362 969 a
376 952 425 971 me.
446 945 587 980 Adhtcreo,
605 947 701 982 inquit.
717 949 830 983 justitiis
853 949 909 977 Dei.
935 951 974 978 Ab
998 951 1052 978 illis
1070 951 1142 978 enim
1162 950 1301 982 recedunt,
1320 949 1374 985 qui,
1389 956 1435 976 eas
1454 955 1507 975 non
1525 946 1733 980 amplectuntur.
1751 941 1870 969 Justitiae

248 995 312 1014 vero
324 989 376 1015 hoc
391 990 451 1017 loco
470 991 607 1024 dicuntur,
625 1002 685 1028 qua:
697 994 809 1028 justitia:
821 1003 903 1030 causa
918 1001 945 1023 et
967 996 1102 1029 aequitatis
1120 996 1178 1031 lege
1198 996 1303 1023 sancita
1322 1000 1395 1027 sunt,
1412 998 1442 1021 ut
1459 993 1522 1020 illud
1541 1001 1548 1019 :
1566 991 1595 1019 Si
1606 999 1677 1022 emas
1695 998 1795 1017 servum
1813 989 1870 1016 He-

248 1033 345 1061 lmeum
356 1036 387 1067 “,
403 1040 430 1063 et
448 1037 550 1072 reliqua
569 1048 576 1067 :
595 1047 656 1077 nam
677 1041 752 1074 prius
763 1041 867 1068 dixerat
883 1051 890 1068 :
911 1042 975 1069 llaec
991 1047 1050 1069 sunt
1060 1042 1165 1076 judicia
1179 1050 1237 1077 qua:
1251 1049 1377 1076 propones
1390 1041 1427 1067 eis
1441 1041 1472 1066 “.
1489 1038 1588 1066 Verum
1602 1045 1664 1065 cum
1677 1037 1797 1070 justitias
1813 1043 1871 1065 una

247 1086 309 1106 cum
321 1080 430 1115 judiciis
446 1083 576 1115 nominet,
593 1092 722 1118 purgatos
734 1093 766 1112 ac
781 1086 908 1121 probatos
928 1087 974 1114 Dei
997 1095 1138 1115 sermones
1153 1087 1194 1114 hac
1206 1087 1320 1122 justitia:
1338 1086 1492 1121 signiﬁcare
1511 1088 1637 1119 possunt.
1656 1082 1707 1116 Qui
1725 1089 1868 1109 sermones

247 1133 308 1153 cura
332 1127 507 1161 judicanlur,
536 1139 585 1158 nec
610 1131 686 1166 argui
718 1139 767 1158 nec
799 1132 915 1166 perverti
946 1134 1070 1167 possint-,
1093 1133 1196 1167 judicia
1231 1136 1433 1166 nuncupantur.
1463 1130 1602 1157 Justorum
1634 1135 1741 1162 quoque
1764 1126 1869 1162 cogita-

248 1173 334 1201 tiones
348 1176 504 1209 ponderatze
518 1183 545 1204 et
555 1179 673 1212 probatae
686 1178 837 1213 diligenter,
856 1187 918 1206 cum
937 1181 1040 1208 similes
1053 1180 1207 1215 aequilibrio
1219 1180 1284 1212 sint,
1298 1179 1401 1214 judicia
1417 1178 1514 1205 merito
1526 1176 1579 1204 dici
1595 1179 1720 1210 possunt.

284 1219 381 1252 Daniel,
393 1220 552 1252 Barbarus:
568 1222 602 1248 El
612 1223 816 1257 justiﬁcationes
833 1225 889 1259 ejus
905 1233 956 1253 non
972 1230 1133 1253 recesserunl
1155 1234 1172 1252 α
1192 1233 1244 1252 me.
1260 1224 1386 1252 Mandata
1402 1224 1526 1259 intelligit
1542 1230 1590 1257 per
1605 1220 1823 1256 jllsliﬁcatiolleS.
1840 1224 1869 1247 et

247 1264 426 1293 deceduutab
446 1267 499 1294 illis
514 1268 560 1302 qui
575 1276 606 1295 ea
621 1276 674 1295 non
688 1269 843 1297 admittunt.

281 1324 326 1352 ‘36.
348 1325 415 1353 Cum
427 1332 519 1354 sancto
530 1333 637 1355 sanctus
649 1330 709 1355 eris.
723 1329 818 1356 Merito
835 1331 887 1358 luis
899 1338 940 1358 me
951 1330 1029 1357 benc-

1118 1330 1198 1357 Μετὰ
1217 1329 1305 1357 ὁσίου
1319 1329 1403 1362 ὅσιος
1421 1328 1490 1362 ἔσῃ.
1506 1328 1626 1360 Εἰκότως
1647 1327 1818 1362 κατηξίωσάς
1833 1336 1868 1362 με

247 1372 317 1400 liciis
340 1373 468 1406 dignatus
493 1382 522 1400 es
542 1383 549 1401 :
573 1382 635 1401 nam
658 1380 768 1403 sanctus
793 1384 854 1403 cum
879 1377 927 1409 sis,
957 1377 1028 1415 nosti

1089 1376 1131 1410 τῆς
1148 1377 1197 1411 σῆς
1215 1375 1372 1412 εὐεργεσίας
1388 1384 1393 1389 ·
1412 1375 1558 1410 ἐπειδήπερ
1571 1395 1578 1407 ,
1594 1375 1695 1406 δίκαιος
1722 1374 1759 1400 ὣν
1772 1396 1778 1407 ,
1792 1372 1869 1406 οἶδας

247 1425 309 1445 cum
326 1422 423 1445 sancto
439 1419 612 1447 sanctiﬁcari.
634 1419 662 1447 Si
680 1421 752 1447 enim
767 1421 793 1448 in
813 1426 923 1456 peccato
939 1429 1032 1456 perse-

246 1471 397 1496 verassem,
411 1469 438 1492 et
449 1465 475 1492 in
492 1465 598 1492 ruinam
611 1465 732 1494 funditus
746 1467 839 1502 lapsus
851 1475 951 1501 essem,
967 1468 1029 1495 novi

247 1515 275 1536 te
285 1517 394 1544 quoque
409 1518 536 1545 magnum
548 1511 676 1545 iudicem,
690 1513 723 1539 de
731 1517 840 1547 peccato
853 1521 913 1540 meo
923 1521 1030 1548 aequum

245 1555 378 1590 judicium
391 1557 630 1591 pronuntiaturum
649 1557 744 1585 fuisse.
761 1558 795 1584 At
814 1559 924 1593 quando
939 1563 1031 1586 custo-

246 1603 302 1630 diri
321 1602 378 1630 vias
394 1608 464 1636 tuas,
488 1603 548 1631 ideo
563 1608 591 1631 tu
610 1604 657 1638 qui
677 1612 738 1631 cum
756 1609 851 1632 sancto
875 1610 986 1633 sanctus
1002 1613 1032 1633 es

246 1654 274 1677 et
288 1657 349 1678 cum
368 1650 512 1678 innocente
534 1651 675 1684 innocens,
699 1659 871 1686 nequaquam
898 1660 954 1679 rem
973 1652 1032 1679 dis-

246 1696 361 1731 posuisti
385 1697 535 1724 secundum
563 1697 637 1724 illum
667 1697 847 1732 perniciosum
879 1703 978 1725 statum
1004 1698 1031 1725 in

246 1750 302 1777 quo
324 1747 399 1770 certo
427 1747 547 1777 tempore
567 1749 691 1770 versatus
717 1750 788 1774 sum,
815 1744 861 1770 sed
881 1744 1031 1771 secundum

246 1789 329 1816 vitam
346 1797 406 1824 qua:
414 1788 512 1816 exinde
526 1789 669 1817 subsecuta
684 1794 734 1821 est,
746 1794 772 1816 et
789 1790 872 1816 vitam
885 1790 911 1816 in
925 1790 1031 1824 justitia
1045 1801 1052 1811 ο

246 1839 346 1868 actam,
363 1835 539 1870 promeritam
555 1835 621 1862 mihi
639 1836 844 1864 retributionem
859 1837 886 1863 in
904 1837 1032 1864 tribunali

246 1881 293 1908 illo
308 1885 355 1908 tuo
365 1881 499 1916 largieris.

281 1925 327 1952 28.
349 1926 480 1958 Quoniam
496 1931 524 1953 tu
539 1927 664 1962 populum
675 1927 808 1957 .liumilem
822 1928 923 1954 salvum
938 1928 1030 1962 facies.
1045 1935 1066 1964 α

246 1971 286 1998 Ad
299 1971 412 1999 chorum
432 1973 516 2000 mittit
537 1974 732 2008 apostolorum.
750 1973 784 2000 Et
805 1974 893 2000 oculos
909 1975 1033 2008 superbo-

247 2026 305 2044 rum
315 2018 478 2046 Iiumiliabis.
493 2018 550 2046 Hoc
562 2019 647 2046 tendit
663 2019 689 2046 in
703 2018 811 2046 Scribas
828 2025 855 2046 et
869 2019 1030 2046 Phariszecs.

281 2107 326 2133 29.
345 2106 476 2138 Quoniam
492 2111 520 2134 tu
533 2107 695 2134 illuminabis
717 2107 850 2134 lucernam
867 2115 961 2138 meam,
977 2106 1031 2132 Do-

247 2152 326 2179 mine.
339 2152 457 2179 Mentem
471 2153 519 2180 ait.
541 2153 610 2180 Deus
630 2161 712 2185 meus,
729 2152 891 2179 illuminabis
912 2152 1028 2178 tenebras

247 2207 340 2230 meas;
356 2199 547 2234 ignorantiam,
561 2200 657 2234 inquit,
674 2206 760 2225 meam
776 2198 930 2232 dissipabis.

284 2244 328 2272 30.
349 2245 477 2277 Quoniam
496 2246 522 2272 in
541 2250 564 2272 te
582 2246 681 2279 eripior
697 2254 713 2271 a
725 2245 876 2275 lentatione,
890 2249 914 2270 et
929 2245 956 2270 in
979 2243 1031 2270 Dea

247 2298 304 2316 meo
331 2291 509 2325 transgredior
532 2299 646 2317 murum.
674 2289 742 2322 Quia
771 2289 1031 2323 comprehenderunt

247 2342 302 2366 me,
319 2335 417 2369 inquit,
433 2335 534 2362 inimici
551 2335 613 2367 mei,
625 2340 654 2362 ut
671 2343 713 2362 me
732 2334 976 2362 circumsisterent.

283 2379 483 2416 [Tentationem
507 2381 587 2408 etiam
609 2385 689 2407 vocat
709 2380 885 2415 voluptatem,
916 2384 943 2407 et
969 2387 1030 2407 mu-

246 2434 318 2458 rum,
330 2426 493 2463 diabolum]

281 2473 418 2510 51.0w:
448 2482 531 2506 meus,
559 2474 698 2509 impolluta
727 2474 770 2501 uia
795 2473 860 2507 ejus,
887 2477 939 2500 etc.
969 2471 1030 2498 Ηωο

246 2520 349 2552 dicens,
379 2520 609 2555 ingratitudinem,
641 2520 800 2554 perfidiam,
829 2519 1030 2554 immorigerum

247 2565 379 2598 animum,
394 2570 421 2592 ct
434 2565 559 2592 duritiem
581 2565 670 2592 cordis
688 2565 856 2599 ingratorum
872 2567 899 2590 et
916 2563 1032 2590 scelera-

247 2615 335 2638 torum
353 2610 508 2638 Judmorum
530 2610 625 2645 carpit.
638 2610 772 2642 Quoniam
792 2609 958 2636 Salvatorem
980 2615 1030 2634 no-

246 2661 333 2684 strum
348 2655 485 2683 Christum
508 2655 749 2689 reprehenderunt,
764 2654 841 2688 quasi
853 2657 946 2680 contra
964 2652 1032 2679 divi-

248 2710 309 2729 nam
323 2703 408 2736 lcgem
425 2706 526 2737 ageret.
540 2701 615 2729 Dicta
630 2708 746 2735 namque
759 2701 832 2727 illius
843 2721 849 2730 ,
868 2700 946 2734 quasi
968 2698 1027 2725 bla-

247 2748 359 2781 sphema
375 2748 505 2775 conviciis
524 2752 550 2775 ct
569 2747 713 2775 calumniis
738 2746 914 2782 impetebant,
938 2749 1032 2772 mutuo

831 2837 850 2853 ¹¹
871 2833 933 2863 ibid.
952 2837 976 2863 l.

284 2838 305 2859 κο
325 2837 425 2866 Hahae.
441 2847 459 2868 ι.
477 2839 502 2866 4.
556 2839 575 2854 ¹¹
596 2838 680 2866 Exod.
695 2845 750 2870 xxi.
764 2837 791 2864 ἓ.

1085 1423 1154 1458 μετὰ
1168 1423 1240 1449 ὁσίου
1256 1423 1404 1450 ὁσιοῦσθαι.
1418 1423 1449 1449 Εἰ
1468 1422 1522 1458 γὰρ
1545 1423 1618 1458 ἥμην
1638 1422 1816 1457 ἐναπομείνας
1832 1423 1871 1460 τῇ

1085 1469 1206 1504 ἁμαρτίᾳ
1223 1469 1270 1495 καὶ
1285 1469 1401 1503 παντελῆ
1419 1468 1582 1503 διαστροφὴν
1607 1468 1755 1503 ὑπομείνας
1768 1488 1775 1500 ,
1796 1466 1868 1500 οἶδα,

1084 1515 1124 1540 ὃτι
1137 1514 1183 1540 καὶ
1199 1515 1231 1540 σὺ
1243 1515 1323 1546 αὐτὸς
1335 1515 1349 1540 ὁ
1366 1514 1452 1550 μέγας
1464 1515 1561 1549 κριτὴς
1574 1516 1606 1550 τῇ
1619 1515 1671 1550 ἐμῇ
1686 1514 1806 1550 ἁμαρτίᾳ
1818 1523 1869 1541 κα-

1081 1559 1210 1595 τάλληλον
1235 1560 1376 1595 ἐπήγαγες
1399 1560 1430 1586 τὸ
1455 1559 1552 1586 σαυτοῦ
1582 1562 1680 1596 κρῖμα.
1714 1560 1820 1595 Ἐπειδὴ
1837 1560 1868 1586 δὲ

1082 1605 1201 1639 ἐφύλαξα
1225 1605 1275 1636 τὰς
1290 1605 1366 1636 ὁδούς
1386 1614 1442 1636 σου,
1459 1605 1552 1632 τούτου
1574 1606 1653 1640 χάριν
1666 1606 1680 1632 ὀ
1699 1606 1766 1640 μετὰ
1791 1606 1869 1632 ὁσίου

1081 1651 1239 1686 ὁσιούμενος
1266 1651 1313 1677 καὶ
1343 1651 1410 1686 μετὰ
1426 1651 1513 1677 ἀθώου
1536 1651 1718 1686 ἀθωούμενος,
1742 1652 1771 1678 οὐ
1796 1653 1870 1678 κατὰ

1082 1697 1131 1732 τὴν
1145 1698 1173 1723 ὲν
1190 1697 1278 1733 καιρῷ
1290 1705 1341 1723 τινι
1363 1697 1547 1732 γεγενημένην
1566 1706 1610 1732 μοι
1631 1698 1795 1733 διαστροφὴν
1815 1699 1870 1733 ἡρ-

1086 1743 1169 1777 μόσω,
1187 1742 1257 1769 κατὰ
1281 1743 1310 1769 δὲ
1326 1742 1375 1778 τὴν
1402 1742 1470 1777 μετὰ
1494 1742 1581 1769 ταῦτα
1598 1743 1685 1778 ζωὴν,
1708 1743 1755 1770 καὶ
1771 1743 1818 1770 τὸν
1838 1745 1870 1770 ὲν

1083 1787 1239 1824 δικαιοσύνῃ
1255 1797 1304 1822 μου
1321 1787 1377 1823 βίον
1393 1787 1441 1823 τὴν
1454 1788 1569 1823 ἀμοιϐήν
1584 1797 1627 1824 μοι
1644 1789 1770 1824 παρέξεις
1785 1790 1814 1815 ἐν
1828 1789 1871 1824 τῷ

1084 1833 1122 1868 σῷ
1138 1833 1303 1869 δικαστηρίῳ

1119 1933 1182 1959 Ὅτι
1202 1933 1242 1960 σὺ
1256 1932 1333 1959 λαὸν
1348 1933 1488 1959 tartari?
1504 1932 1622 1964 σώσεις.
1646 1932 1706 1958 Ἐπὶ
1726 1932 1770 1958 τὸν
1785 1934 1870 1968 χορὸν

1082 1978 1237 2011 ἀναπέμπει
1254 1978 1307 2003 τῶν
1324 1978 1489 2004 ἀποστόλων.
1506 1978 1560 2004 Καὶ
1576 1976 1746 2011 ὀφθαλμοὺς
1760 1978 1872 2012 ὑπερη-

1081 2022 1185 2057 φάνων
1201 2022 1401 2055 ταπεινώσεις.
1420 2022 1504 2049 Τοῦτο
1516 2024 1555 2054 εἰς
1568 2023 1630 2054 τοὺς
1644 2021 1806 2058 Φαρισαίους
1820 2024 1871 2050 καὶ

1083 2065 1254 2100 γραμματεῖς
1268 2065 1360 2091 τείνει.

1118 2109 1178 2135 Ὅτι
1202 2109 1242 2136 σὺ
1257 2108 1374 2143 φωτιεῒς
1395 2110 1512 2143 λύχνον
1524 2118 1595 2143 μου,
1612 2110 1708 2143 Κύριε.
1732 2109 1783 2136 Τὸν
1804 2110 1868 2137 νοῦν

1082 2163 1175 2190 φησιν.
1201 2155 1232 2181 Ὀ
1247 2155 1318 2188 Θεός
1330 2163 1399 2189 μου,
1417 2157 1532 2189 φωτιεῖς
1546 2155 1578 2182 τὸ
1593 2155 1703 2188 σκότος
1722 2152 1791 2189 μου.
1809 2157 1868 2192 Τὴν

1082 2199 1202 2232 ἄγνοιαν,
1219 2200 1286 2235 φησὶ
1295 2221 1302 2233 ,
1315 2199 1365 2234 τὴν
1378 2200 1406 2226 ἐν
1419 2200 1480 2235 ἐμοὶ
1495 2200 1689 2231 διασκεδάσεις.

1118 2246 1182 2271 ’Ὁτι
1195 2246 1230 2272 ἐν
1243 2245 1291 2272 σοι
1303 2245 1496 2279 ῥυσθήσομαι
1512 2245 1570 2272 ἀπὸ
1592 2247 1793 2280 πειρατηρίου,
1815 2248 1866 2274 καὶ

1081 2291 1116 2318 ἐν
1131 2292 1172 2324 τῷ
1188 2292 1249 2325 Θεῴ
1266 2301 1325 2326 μου
1347 2292 1550 2326 ὑπερϐήσομαι
1568 2292 1673 2327 τεῖχος.
1693 2294 1751 2319 Ὅτι
1774 2293 1867 2329 περιέ-

1081 2335 1162 2364 λαϐόν
1179 2345 1211 2372 με
1226 2337 1250 2364 οξ
1266 2337 1357 2373 ἐχθροί
1375 2346 1435 2372 μου,
1454 2338 1545 2373 φησὶν,
1562 2339 1601 2369 εἰς
1616 2338 1644 2364 τὸ
1658 2338 1828 2365 ἀποκλεῖσαι.

1117 2380 1126 2416 [
1139 2382 1316 2418 Πειρατήριον
1331 2383 1359 2409 δὲ
1376 2383 1422 2409 καὶ
1437 2383 1509 2417 λέγει
1530 2383 1578 2414 τὰς
1593 2383 1698 2418 ἡδονὰς,
1716 2383 1762 2409 καὶ
1775 2385 1866 2418 τεῖχος

1082 2426 1127 2452 τὸν
1142 2427 1273 2454 διάϐολον.
1283 2426 1293 2462 ]

1123 2472 1154 2498 '0
1169 2473 1240 2505 Θεός
1260 2482 1319 2507 μου
1338 2472 1482 2507 ἇμωμοςή
1502 2473 1572 2505 ὁδὸς
1593 2473 1696 2500 αὑτοῦ.
1721 2472 1864 2504 Ἐνταῦθα,

1081 2519 1158 2552 φησι,
1169 2518 1217 2554 τὴν
1233 2518 1426 2554 ἀγνωμοσύνην
1437 2518 1484 2544 καὶ
1495 2518 1543 2554 τὴν
1555 2519 1653 2545 κακίαν
1665 2518 1711 2544 καὶ
1726 2518 1774 2553 τὴν
1791 2519 1855 2545 ἁπει

1081 2564 1113 2599 θῆ
1131 2565 1243 2599 γνώμην
1261 2565 1307 2591 καὶ
1319 2565 1368 2600 τὴν
1385 2564 1554 2600 σκληρότητα
1571 2564 1623 2590 τῶν
1639 2564 1802 2599 ἀγνωμόνων
1819 2564 1865 2591 καὶ

1082 2610 1236 2645 ἀχαρίστων
1259 2609 1305 2636 καὶ
1323 2609 1542 2645 σκληροκαρδίαν]
1563 2609 1696 2635 Ἰουδαίων
1721 2610 1864 2644 καταμέμκ

1082 2664 1170 2690 (petat.
1192 2655 1300 2690 Ἐπειδὴ
1317 2655 1534 2690 ἐπελαμϐάνοντο
1564 2655 1609 2681 τοῦ
1636 2656 1760 2691 Σωτῆρος
1785 2656 1864 2691 ἡμῶν

1081 2701 1209 2737 Χριστοῦ,
1229 2701 1268 2732 ὡς
1280 2701 1355 2736 παρὰ
1369 2702 1415 2727 τὸν
1432 2701 1502 2728 Οεῖον
1525 2702 1689 2738 πράττοντος
1701 2702 1792 2736 νόμον.
1809 2702 1863 2729 Καὶ

1083 2747 1134 2785 μὴν
1154 2746 1201 2773 καὶ
1215 2746 1268 2773 τῶν
1283 2746 1370 2780 λόγων
1383 2746 1465 2773 αὐτοῦ
1488 2747 1636 2783 ἐλοιδόρουν
1660 2747 1706 2773 καὶ
1725 2746 1864 2781 διέὸαλλον
