1938 3053
211 138 261 167 H9

620 135 648 166 5.
667 137 853 167 ATHANASII
872 139 946 168 OPP.
967 140 1057 169 PARS
1076 141 1119 170 lll.
1140 157 1175 162 —
1192 143 1396 172 EXEGETICA.

1768 147 1824 176 120

248 193 295 231 [Et
310 193 449 228 disciplina
461 199 507 220 tua
519 195 631 221 correin
643 203 693 223 me.
710 194 884 230 Disciplinam
897 203 983 223 evan-

1073 197 1144 234 [Kal
1155 200 1174 232 ἠ
1187 199 1304 226 παιδεία
1318 207 1376 227 σου
1390 201 1548 234 ἀνιίψθωσέ
1563 210 1610 236 με.
1631 203 1757 230 Παιδείαν
1771 205 1824 240 τὴν

209 241 320 275 gelicam
334 240 414 273 dicit;
426 246 472 267 aut
482 240 664 276 disciplinam,
675 241 871 268 institutionem
887 241 989 269 scilicet

209 293 270 320 qua:
283 293 316 313 ex
333 285 390 320 lege
407 286 540 320 accipitur:
557 295 564 313 :
579 287 624 316 qui
641 286 715 319 mihi,
734 287 833 321 inquit,
850 287 924 314 nulla
934 294 987 313 non

210 330 337 357 beneﬁcia
350 331 497 363 contulisti,
511 331 722 366 dedistiquoque
734 332 817 367 leges;
833 332 943 366 quibus,
959 336 988 358 ut

208 380 324 410 oportet,
339 376 516 404 instituimur.
537 377 604 404 Cum
627 378 710 411 enim,
723 378 771 410 ait,
793 378 852 413 lege
870 377 988 404 edidice-

209 422 271 453 rim,
283 429 337 449 non
352 428 474 457 opm-tere
493 423 621 458 injuriam
635 422 734 456 facere,
752 424 787 451 ab
805 431 836 450 ea
857 423 988 451 abstinui.

210 467 309 495 Verum
337 477 371 496 ne
394 469 429 496 ob
454 470 606 504 mquitalem
636 470 804 505 lrujnsmodi,
830 469 894 504 quid
923 469 990 496 milii

209 513 271 540 mali
287 514 403 547 eveniat,
416 514 541 542 idoneum
559 516 626 543 nrilri
644 516 707 543 rnali
728 515 860 543 auxilium
882 514 989 546 aﬁ‘eras,

207 557 375 586 latitudinem
399 560 530 593 tribuens,
556 561 599 588 vel
621 562 792 596 disciplinam
812 561 990 588 institutionis

209 613 291 631 causa
309 605 398 632 datam
411 606 485 637 dicit,
502 606 649 634 secundum
668 608 744 638 illud,
762 607 856 641 Accipe
868 605 989 640 discipli-

209 658 268 675 nam
286 651 324 683 ”;
340 652 380 678 νει
404 652 570 679 laboriosum
586 653 691 679 vivendi
707 653 872 684 institutum,
889 659 988 679 secun-

209 696 271 722 dum
285 695 360 728 illud,
377 696 417 724 Ne
429 698 601 725 oarvipcndas
614 697 782 733 disciplinam
795 697 902 724 Domini
920 696 964 723 “.1

1041 243 1220 280 εὐαγγελικὴν
1236 244 1309 279 λέγει
1325 254 1333 261 '
1350 246 1366 282 ἢ
1387 246 1510 274 παιδείαν
1527 246 1575 282 τὴν
1599 248 1631 274 ἔκ
1655 248 1737 283 νόμου
1755 249 1825 285 φησὶ

1041 289 1182 316 παίδευσιν
1194 297 1200 304 '
1215 287 1269 316 οἷον
1284 290 1328 317 διὰ
1348 291 1456 318 πάντων
1481 300 1526 326 με,
1551 292 1643 327 φησὶν,
1669 294 1825 328 εὐεργετῶν

1040 334 1158 366 δέδωκας
1181 336 1228 361 καὶ
1253 336 1361 371 νόμους,
1381 336 1414 363 δι’
1435 333 1472 363 ὧν
1494 337 1676 372 ἐπαιδευόμην
1699 337 1729 364 τὸ
1752 338 1823 365 δέον.

1040 380 1186 408 Μανθάνων
1211 382 1265 417 γὰρ
1286 382 1389 408 ἐκεῖθεν
1412 383 1450 414 ὡς
1475 383 1504 410 οὐ
1520 383 1562 410 δεῖ
1582 384 1693 416 ἀδικεῖν,
1712 385 1824 420 ἀπειχό-

1042 436 1095 462 μην
1108 427 1213 455 τούτου.
1236 428 1305 455 Ἀλλ’
1328 429 1370 456 ἴνα
1393 430 1429 465 μὴ
1450 429 1610 466 βλάπτωμαι
1626 431 1705 458 πάλιν
1726 432 1758 458 ὲκ
1773 431 1824 466 τῆς

1040 471 1167 508 τοιαύτης
1178 473 1336 505 ἐπιεικείας,
1356 475 1450 510 ἱκανὴν
1467 476 1596 512 περιέχῃς
1610 475 1744 511 βοήθειαν,
1759 476 1822 504 πλα‹

1039 517 1141 553 τυσμὺν
1171 519 1367 554 παρεχόμενος,
1388 520 1404 555 ἥ
1431 521 1554 548 παιδείαν
1580 521 1630 557 τὴν
1647 522 1825 558 παιδευτικὴν

1041 561 1114 596 λέγει
1130 563 1313 597 διδασκαλίαν,
1333 566 1403 592 κατὰ
1419 565 1464 591 τό·
1491 566 1650 593 Ἐπιλάϐου
1672 567 1824 600 παιδείας·

1041 609 1058 644 ἢ
1072 610 1120 645 τὴν
1129 610 1255 636 ἐπίπονον
1269 611 1389 647 ἀγωγὴν,
1402 612 1473 638 κατὰ
1487 612 1518 638 τό
1529 621 1536 627 ·
1550 612 1599 646 Μὴ
1614 612 1746 648 ὀλιγώρει
1760 620 1826 639 παι-

1042 653 1125 688 δείας
1139 655 1276 692 Κυρίου.]

244 776 339 805 Daniel
353 778 491 806 Barbarus
508 788 516 806 :
534 779 590 807 Hoc
605 785 694 808 autem
714 785 756 807 est
767 779 901 807 adventus
916 778 1104 814 providentia,
1121 787 1153 806 ac
1166 779 1390 814 dispensationis,
1408 788 1464 816 quo
1480 790 1524 810 me
1537 783 1685 818 collapsum
1701 782 1825 815 erexisti,

209 830 235 850 et
256 832 338 858 quam
359 834 486 861 magnum
508 827 609 854 malum
637 828 672 854 sit
691 833 831 863 peccatum
854 826 1008 859 ostendisti,
1027 830 1054 853 et
1077 827 1165 855 salute
1191 827 1302 864 dignum
1324 829 1422 857 fecisti.
1445 828 1567 856 Salutate
1587 833 1677 856 autem
1700 832 1728 855 et
1749 827 1826 855 salus

208 870 332 899 Christus
344 877 395 905 est,
407 881 487 908 quem
499 880 548 908 pro
557 874 634 902 nobis
646 879 828 909 pugnaturum
841 874 921 902 Pater
934 873 1099 901 amandavit.

244 941 278 968 Et
289 942 394 968 dextera
406 947 452 969 tua
467 943 578 978 suscepit
595 951 645 970 me.
660 943 774 971 Dextera
787 943 877 971 Patris
886 943 986 970 Filius.

1074 945 1127 971 Kal
1143 945 1228 977 δεξιά
1241 954 1300 973 σου
1314 945 1493 973 ἀντελάϐετό
1513 952 1582 978 μου.
1607 941 1686 974 Δεξιὰ
1701 941 1747 968 τοῦ
1767 941 1826 967 Πα-

209 989 244 1016 Et
265 989 406 1023 disciplina
421 995 467 1016 tua
492 991 606 1017 correxit
626 999 665 1017 mc
683 991 712 1017 in
731 991 820 1025 ﬁnem.
833 990 992 1025 Evangelica

209 1034 311 1062 scilicet
323 1034 457 1061 doctrina.
471 1033 506 1061 Et
521 1035 663 1069 disciplina
682 1040 727 1062 tua
745 1037 802 1069 ipsa
824 1043 863 1062 me
879 1034 991 1061 docebit.

210 1080 276 1107 Illud
295 1089 301 1107 :
320 1080 355 1107 Et
372 1080 514 1114 disciplina
533 1086 579 1108 tua
595 1082 653 1116 ipsa
673 1089 713 1107 me
735 1081 847 1112 docebit,
866 1079 993 1106 Theodo-

210 1126 292 1153 tionis
307 1133 357 1153 est.
371 1127 455 1161 Cujus
471 1128 532 1154 loco
553 1126 730 1162 Septuaginta
747 1127 848 1154 habent
871 1135 877 1153 :
900 1125 931 1152 Et
952 1126 994 1152 di-

209 1173 321 1208 sciplina
335 1177 380 1199 tua
391 1174 504 1200 correxit
517 1181 557 1200 me
570 1174 596 1200 in
607 1173 696 1207 ﬁnem.

244 1263 289 1291 37.
306 1263 433 1290 Dilatasli
448 1272 550 1298 gressus
563 1271 642 1295 meos,
654 1268 706 1290 etc.
722 1262 845 1290 Statnisti
859 1262 930 1290 enim
946 1270 992 1289 su-

211 1319 258 1346 pra
279 1316 383 1346 petram
405 1312 486 1346 pedes
502 1319 588 1342 meos,
609 1319 669 1347 qua:
686 1315 728 1338 est
752 1311 818 1338 ﬁdes
836 1315 940 1338 nostra.
959 1310 994 1337 Et

210 1365 261 1383 non
281 1361 342 1383 sunt
367 1357 503 1391 infirmata
519 1357 627 1391 vestigia
645 1365 712 1383 mea.
734 1355 853 1383 Sublatis
875 1363 994 1390 namque

210 1402 251 1430 oﬂ‘
264 1402 380 1430 ndieulis
405 1407 432 1429 et
452 1402 567 1437 laqueis.
596 1409 656 1436 qua:
684 1407 849 1437 paraverunt
873 1401 991 1435 inimici,

211 1449 281 1476 viam
294 1453 320 1476 et
333 1449 434 1475 aditum
450 1449 529 1475 nobis
547 1448 673 1475 munivit.

247 1494 386 1530 [Dilatain
394 1502 497 1528 gressus
507 1502 586 1521 meos.
596 1491 727 1525 Remotis,
739 1493 836 1527 inquit,
844 1491 978 1519 oﬁcndicn
987 1506 994 1512 ν

211 1539 244 1566 lis
258 1544 284 1566 et
295 1539 409 1574 laqueis,
419 1547 479 1573 qua:
493 1538 562 1565 mihi
575 1542 732 1565 struxerant
749 1537 863 1569 iniurici,
880 1537 992 1564 liberam

212 1585 277 1612 mihi
294 1585 365 1612 viam
382 1584 493 1619 parasti.
509 1583 627 1611 Gressus
645 1588 733 1611 autem
753 1587 842 1615 vocat,
860 1588 994 1618 quatenus

1043 991 1107 1026 τρὸς
1121 992 1135 1017 ὁ
1154 991 1226 1023 Υἱός.
1245 992 1297 1019 Kal
1318 993 1336 1026 ἡ
1353 991 1470 1018 παιδεία
1481 999 1538 1017 σου
1551 987 1707 1023 ἀνώρθωσέ
1726 995 1764 1022 με
1780 988 1827 1020 εις

1043 1036 1139 1069 τέλος.
1165 1038 1195 1063 Ἡ
1212 1037 1375 1072 εὐαγγελικὴ
1398 1036 1518 1071 δηλονότι
1539 1033 1706 1062 διδασκαλία.
1724 1033 1778 1060 Kal
1804 1033 1825 1066 ’ἡ

1044 1083 1162 1110 παιδεία
1176 1091 1235 1110 σου
1251 1085 1326 1116 αὐτή
1338 1091 1376 1117 με
1392 1082 1514 1114 διδάξει.
1533 1081 1580 1112 Τὸ,
1597 1080 1652 1108 Kal
1665 1080 1685 1113 ἢ
1707 1078 1826 1106 παιδεία

1044 1136 1102 1155 σου
1116 1129 1192 1163 αὐτή
1210 1137 1248 1163 με
1263 1128 1387 1161 διδάξει,
1407 1127 1581 1158 Θεοδοτίωνός
1596 1127 1679 1157 ἐστιν,
1693 1125 1753 1152 ἀντὶ
1766 1123 1825 1156 τοῦ,

1050 1174 1085 1200 Ἡ
1094 1174 1212 1200 παιδεία
1223 1183 1280 1201 σου
1295 1174 1452 1208 ἀνώρθωσέ
1461 1182 1499 1208 με
1510 1174 1553 1206 εἰς
1566 1172 1662 1204 τέλος,
1680 1170 1827 1206 είρημένου

1043 1221 1098 1251 τοῖς
1122 1221 1148 1246 'E
1152 1220 1195 1246 660
1200 1221 1235 1256 μή
1240 1229 1320 1246 κοντα
1325 1240 1331 1246 .

1085 1265 1270 1298 Ἐπλάτυνιις
1294 1265 1330 1292 τὰ
1351 1263 1516 1299 ὃιαόήματά
1528 1272 1597 1298 μου.
1619 1263 1755 1297 Ἔστησας
1770 1260 1826 1297 γὰρ

1044 1311 1089 1338 ἐπὶ
1115 1311 1218 1348 πέτραν
1233 1311 1296 1343 τοὺς
1320 1311 1403 1342 πόδας
1431 1319 1492 1346 μου,
1527 1310 1587 1344 ἥτις
1613 1309 1686 1334 ἐστὶν
1702 1309 1719 1343 ἡ
1735 1307 1827 1339 πίστις

1043 1356 1132 1391 ἡμῶν.
1149 1357 1202 1383 Kal
1228 1358 1283 1384 οὐκ
1307 1355 1484 1390 ἠσθένησαν
1497 1355 1533 1381 τὰ
1547 1355 1616 1389 ἴχνη
1628 1362 1697 1388 μου.
1727 1353 1826 1387 Περιε-

1044 1402 1097 1428 λὼν
1112 1403 1165 1437 γὰρ
1181 1402 1214 1429 τὰ
1237 1402 1372 1429 σκάνδαλα
1399 1401 1444 1428 καὶ
1463 1401 1512 1432 τὰς
1534 1400 1650 1434 παγίδας
1665 1419 1672 1431 ,
1699 1398 1731 1430 ἃς
1760 1405 1828 1424 κατ-

1044 1447 1191 1479 εσκεύαζον
1206 1448 1230 1473 οἱ
1245 1447 1346 1483 ἐχθροὶ,
1360 1447 1522 1481 κατήρτισεν
1534 1446 1599 1480 ἡμῖν
1617 1443 1672 1479 τὴν
1686 1442 1811 1478 πορείαν.

1080 1492 1285 1528 [Ἑπλάτυνας
1297 1492 1332 1518 τὰ
1346 1490 1509 1525 διαϐήματά
1519 1499 1587 1525 μου.
1605 1488 1739 1525 Περιελών
1760 1496 1828 1522 φησι

1044 1539 1078 1566 τὰ
1094 1538 1228 1565 σκάνδαλα
1253 1539 1299 1565 καὶ
1324 1537 1374 1569 τὰς
1398 1537 1513 1571 παγίδας
1527 1536 1560 1567 ἃς
1585 1533 1784 1565 κατεσκεύαζον
1801 1533 1828 1559 οι

1045 1584 1145 1620 ἐχθροὶ,
1163 1583 1306 1619 ἐλευθέραν
1322 1592 1367 1618 μοι
1383 1582 1430 1617 τὴν
1448 1582 1559 1617 πορείαν
1573 1580 1711 1614 ἐποίησας.
1727 1577 1828 1613 Διαίὶή⁸

213 1640 227 1658 a
238 1631 338 1658 malitia
351 1618 388 1658 ad
401 1631 527 1658 virtutem
547 1631 609 1666 quis
625 1630 783 1666 pertransit,
799 1630 870 1666 quod
885 1631 993 1666 quidem

1050 1618 1118 1665 μαέα
1138 1629 1211 1663 λέγει
1227 1618 1294 1655 καθὸ
1309 1629 1340 1654 ὲκ
1362 1627 1459 1658 κακίας
1485 1626 1553 1662 πρὸς
1570 1625 1668 1661 ἀρετὴν
1695 1622 1828 1650 διαϐαίνει

213 1677 264 1703 sub
284 1677 390 1704 initium
408 1677 575 1704 laboriosum
592 1682 618 1704 et
637 1685 764 1712 asperum
781 1678 814 1705 iis
828 1682 880 1710 est,
895 1678 942 1712 qui
964 1678 992 1704 in

212 1722 269 1754 via-
278 1728 392 1757 angusta
414 1723 596 1757 gradiuntur;
617 1728 645 1750 at
665 1723 693 1750 in
710 1723 832 1758 profectu
855 1721 993 1751 dilatatur.

212 1768 279 1796 Nam
305 1769 368 1804 quia
387 1774 448 1804 post
465 1770 573 1797 virtutis
592 1769 710 1802 labores,
726 1770 844 1804 quietem
865 1775 995 1797 tracturus

214 1823 285 1847 sum,
302 1815 327 1842 id
350 1823 416 1842 sane
429 1815 542 1851 vestigia
556 1815 699 1843 conﬁrmat
715 1823 786 1844 mea.
802 1815 901 1843 Statuit
918 1823 997 1843 nam-

213 1868 267 1894 que
281 1867 362 1895 super
376 1865 480 1895 petram
494 1861 574 1895 pedes
583 1860 722 1897 nostros}

249 1905 293 1933 58.
318 1906 466 1942 Persequar
489 1907 608 1935 inimicos
632 1914 713 1933 meos.
739 1906 879 1941 Tanquam
905 1905 995 1933 divina

215 1952 300 1987 gratia
324 1952 358 1980 ad
378 1961 487 1980 cursum
507 1953 666 1985 adornatus,
686 1953 718 1980 de
736 1952 850 1979 victoria
874 1951 994 1979 conﬁdit.

250 2045 293 2073 59.
309 2045 480 2079 Confringam
495 2045 571 2076 illos,
596 2053 641 2072 nec
656 2048 777 2079 poterunt
787 2049 868 2070 stare.
885 2043 996 2078 Frangit

216 2091 342 2119 inimicos
353 2091 462 2118 animus
479 2091 654 2125 passionibus
667 2097 778 2117 vacuus.

249 2136 294 2164 40.
310 2136 345 2163 Et
357 2136 519 2172 pra’cinxirti
532 2143 572 2162 me
591 2136 695 2162 υἰνιιιιε.
718 2134 857 2162 Summam
876 2133 996 2161 victoria

215 2189 323 2209 rursum
342 2181 526 2209 fortitudinem
544 2181 672 2208 tribuenti
690 2180 744 2207 Deo
759 2180 880 2207 ascribit.

251 2227 295 2255 41.
318 2227 353 2254 Et
366 2228 487 2254 inimicos
500 2235 570 2254 meos
583 2227 679 2254 dediin
690 2226 754 2252 mihi
769 2225 887 2252 dorsum.
902 2225 929 2252 ld
945 2228 995 2257 est,

215 2274 241 2300 in
265 2273 356 2308 fugam
378 2273 493 2300 vertisti.
517 2272 660 2307 Proprium
691 2279 810 2307 namque
834 2271 994 2306 fugientium

215 2323 256 2345 est
272 2322 344 2352 terga
360 2319 446 2346 dare:
470 2323 497 2346 et
518 2327 582 2347 sane
604 2322 676 2354 terga
701 2318 767 2345 dant
787 2318 890 2345 inimici
909 2317 994 2344 nostri

214 2365 361 2396 daemones,
377 2371 438 2391 cum
460 2372 515 2392 non
529 2365 642 2392 ulterius
660 2364 838 2400 cogitationes
855 2363 996 2391 turbulen-

215 2412 257 2434 tas
272 2407 369 2434 animae
383 2407 529 2436 immittere
543 2409 643 2436 valent.
656 2409 688 2436 Et
703 2409 818 2436 odicnles
833 2417 874 2436 me
891 2409 994 2444 disper-

163 2457 167 2464 '
215 2452 307 2479 drdisti
327 2460 336 2479 :
354 2453 475 2486 Saulem,
506 2455 722 2491 Aclritoplrelem,
747 2455 941 2485 Abessalonem
968 2459 995 2482 et

215 2503 357 2526 sexcentos
371 2499 451 2527 alios.

250 2543 294 2572 42,
312 2544 510 2580 Clamauerunt,
528 2554 573 2573 nec
586 2551 644 2573 erat
654 2546 700 2582 qui
712 2546 798 2574 «alvos
816 2547 924 2581 faceret,
942 2551 994 2574 etc.

215 2589 278 2617 Haec
292 2591 325 2617 de
341 2590 460 2618 inimicis
483 2592 657 2620 sensibilibus
675 2593 722 2626 ait,
739 2594 818 2628 quasi
834 2601 867 2620 ex
880 2601 997 2628 persona

216 2635 333 2664 Domini.
345 2635 438 2670 Neque
448 2637 522 2664 enim
537 2637 695 2673 alienigenae
707 2638 773 2665 deos
783 2647 848 2666 suos
863 2639 890 2666 in
905 2639 996 2666 subsi—

215 2681 291 2708 dium
315 2687 452 2715 voeantes,
476 2690 571 2710 eorum
592 2685 762 2719 providentia
778 2689 805 2712 et
825 2692 890 2712 cura
913 2685 997 2720 adjnti

217 2730 303 2754 sunt:
325 2734 413 2763 neque
436 2727 512 2762 Sani,
538 2730 707 2762 Abessalom,
735 2730 823 2758 Semei
845 2735 873 2759 et
898 2731 994 2766 reliqui

263 2825 273 2841 ’ί
296 2825 374 2853 Prov.
389 2834 446 2861 xix,
462 2827 507 2855 20.
557 2829 577 2845 "
599 2828 678 2856 Prov.
697 2837 735 2862 ιιι,
755 2830 796 2856 Η.

1045 1686 1096 1710 τις,
1113 1677 1130 1704 ἃ
1145 1678 1205 1704 κατ’
1220 1677 1307 1713 ἀρχὰς
1326 1677 1375 1712 μὲν
1387 1674 1503 1703 ἐπίπονά
1515 1676 1572 1701 ἐστι
1585 1673 1622 1708 τῷ
1645 1672 1693 1707 τὴν
1718 1670 1830 1706 τεθλιμ-

1047 1724 1128 1759 μένην
1141 1723 1257 1751 ὁδεύοντι
1267 1732 1273 1739 ’
1288 1724 1320 1758 τῇ
1338 1723 1366 1749 δὲ
1383 1724 1507 1758 προκοπῇ
1525 1721 1697 1748 πλατύνεται.
1713 1718 1758 1754 Τῷ
1772 1718 1829 1754 γὰρ

1047 1771 1115 1806 μετὰ.
1136 1771 1199 1802 τοὺς
1221 1770 1270 1805 τῆς
1293 1769 1393 1805 ἀρετῆς
1410 1769 1506 1799 πόνους
1522 1767 1679 1794 ἀνάπαυλαν
1701 1764 1827 1800 δέχεσθαι

1047 1818 1258 1852 ῑσχυροποιεῖται
1272 1816 1306 1842 τὰ
1321 1816 1382 1852 ἴχνη
1392 1824 1398 1830 ·
1408 1812 1512 1849 ’ἔστησε
1527 1814 1580 1849 γὰρ
1592 1813 1637 1839 ἐπὶ
1651 1812 1752 1848 πέτραν
1762 1811 1827 1842 τοὺς

1046 1863 1129 1893 πόδας
1146 1861 1233 1897 ἡμῶν.

1080 1906 1254 1938 Καταδιώξω
1269 1905 1339 1938 τοὺς
1362 1904 1487 1939 ἐχθρούς
1507 1912 1577 1936 μου.
1597 1903 1640 1933 Ὠς
1661 1909 1830 1928 κατεσκευα-

1047 1951 1143 1987 σμένος
1159 1951 1202 1976 διὰ
1220 1951 1268 1985 τῆς
1284 1949 1358 1980 Θείας
1378 1949 1487 1984 χάριτος
1509 1949 1548 1978 εἰς
1568 1947 1678 1981 δρόμον,
1696 1945 1759 1981 περὶ
1774 1945 1829 1980 τῆς

1045 1997 1122 2031 νίκης
1137 1995 1241 2032 θαρρεῖ.

1088 2043 1235 2076 Ἐκθλίψω
1251 2041 1370 2074 αὐτοὺς,
1396 2040 1444 2067 καὶ
1467 2039 1510 2074 μὴ
1535 2038 1680 2065 δύνωνται
1706 2036 1828 2070 στῆναι.

1047 2088 1188 2123 Ἐκθλιψιν
1199 2088 1252 2114 τῶν
1267 2087 1370 2122 ἐχθρῶν
1385 2087 1401 2121 ἡ
1419 2085 1538 2112 ἀπάθεια
1549 2082 1757 2119 κατεργάζεται.

1081 2133 1135 2160 Καὶ
1154 2132 1331 2166 ,περιέζωσάς
1343 2140 1380 2166 με
1405 2132 1543 2166 δύναμιν,
1567 2129 1649 2156 Πάλιν
1665 2128 1694 2155 τὸ
1709 2128 1762 2154 πᾶν
1775 2127 1826 2163 τῆς

1046 2178 1124 2213 νίκης
1141 2177 1181 2213 τῷ
1195 2177 1321 2204 δεδωκότι
1335 2177 1383 2212 τὴν
1395 2177 1471 2212 ἰσχὺν
1484 2175 1636 2210 ἀνατίθησι.

1081 2224 1135 2251 Kal
1149 2223 1219 2256 τοὺς
1233 2223 1360 2257 ἐχθρούς
1368 2231 1427 2256 μου
1442 2220 1555 2254 ἔδωκάς
1565 2229 1615 2255 μοι
1632 2219 1736 2246 νῶτον.
1755 2218 1829 2245 Ἀντὶ

1046 2269 1093 2297 τοῦ
1111 2270 1149 2301 εἰς
1166 2268 1254 2304 φυγὴν
1273 2267 1397 2303 ἔτρεψας.
1419 2267 1496 2293 Ἴδιον
1523 2265 1577 2300 γὰρ
1600 2264 1654 2290 τῶν
1676 2262 1829 2299 φευγόντων

1047 2315 1119 2342 νῶτα
1133 2314 1240 2340 διδόναι.
1259 2313 1342 2340 Νῶτα
1356 2313 1384 2340 δὲ
1396 2312 1512 2339 διδόασιν
1527 2312 1552 2338 oi
1572 2310 1663 2346 ἐχθροὶ
1679 2309 1755 2344 ἡμῶν
1769 2307 1828 2334 δαί-

1048 2368 1126 2396 μονες
1142 2359 1238 2395 μηκέτι
1250 2358 1395 2393 λογισμοὺς
1408 2357 1538 2393 ἐμπαθεῖς
1549 2356 1674 2391 ἐμϐαλεῖν
1685 2354 1828 2390 δυνάμενοι

1045 2408 1078 2441 τῇ
1090 2405 1173 2441 ψυχῇ.
1199 2405 1254 2432 Καὶ
1269 2404 1340 2437 τοὺς
1354 2402 1519 2438 μισοῦντάς
1531 2410 1569 2437 με
1591 2401 1826 2434 ἐξωλόθρευσας.

1046 2453 1097 2478 Τὸν
1120 2451 1215 2482 Σαοὺλ,
1230 2450 1275 2477 τὸν
1293 2449 1443 2485 Ἀχιτόφελ,
1455 2449 1500 2475 τὸν
1520 2446 1705 2482 Ἀδεσσαλὼμ,
1718 2447 1763 2473 καὶ
1775 2455 1825 2482 μυο

1047 2500 1121 2537 ρίους
1135 2500 1254 2535 ἐτέρους.

1088 2545 1280 2579 Ἐκέκραξαν,
1299 2543 1348 2570 καί
1363 2543 1420 2570 οὐκ
1435 2541 1474 2578 ἦν
1497 2543 1514 2570 ὀ
1532 2541 1640 2572 σώζων.
1658 2540 1749 2568 Ταῦτα
1763 2541 1827 2576 περὶ

1046 2593 1100 2620 τῶν
1115 2591 1250 2626 αἰσθητῶν
1271 2588 1374 2625 ἐχθρῶν
1398 2597 1480 2624 φησιν
1495 2589 1533 2620 ὡς
1555 2590 1587 2615 ἐκ
1613 2587 1756 2624 προσώπου
1780 2585 1826 2613 τοῦ

1047 2638 1159 2674 Κυρίου.
1178 2636 1245 2664 Οΰτε
1262 2636 1317 2671 γὰρ
1329 2635 1471 2669 ἀλλόφυλοι
1490 2634 1554 2666 τοὺς
1579 2635 1693 2665 οἰκείους
1717 2632 1829 2660 καλοῦν-

1047 2693 1093 2716 τες
1106 2685 1146 2716 εἰς
1163 2682 1321 2718 ἐπικουρίαν
1343 2681 1420 2713 θεοὺς
1438 2681 1487 2716 τῆς
1504 2681 1567 2715 παρ’
1590 2680 1678 2706 αὐτῶν
1701 2679 1827 2716 προνοίας

1049 2730 1215 2761 ἀπέλαυσαν,
1230 2729 1291 2755 οὔτε
1304 2730 1318 2755 ὁ
1335 2727 1420 2755 Σαοὺλ
1434 2727 1481 2755 καὶ
1496 2726 1673 2762 ’Λὸεσσαλὼμ
1687 2726 1733 2753 καὶ
1747 2727 1762 2752 ὁ
1780 2725 1827 2751 Σε-
