1938 3053
62 175 101 201 121

590 167 772 197 EXPOSITIO
791 167 826 195 [Ν
845 166 1011 194 PSALMUM
1032 165 1113 194 XVII.

1612 169 1662 198 ΙΞῖ

60 229 110 265 aut
132 237 176 256 και
190 229 214 255 oi
239 228 325 255 λοιποὶ
351 228 406 254 τῶν
435 226 610 263 Ἰσραηλιτῶν
628 226 752 261 πολέμιοι
781 224 826 250 τὸν

891 223 1064 252 sraelitarum
1093 223 1199 255 hostes,
1227 222 1312 250 Deum
1342 222 1533 258 opitulatorem
1560 224 1663 252 habue-

58 275 115 302 θεὸν
127 275 256 309 ἐσχήκασι
270 273 423 309 σύμμαχον.

87 319 279 348 Κοὶλεπτυνῶ
293 320 403 352 αὐτοὺς
420 319 491 346 ὡσεὶ
512 318 597 353 χοῦν.
618 317 739 354 Φροῦδοι,
750 316 827 353 φησὶ,

59 367 202 402 γενήσονται
237 365 376 397 παντελῶς
396 365 445 396 τῆς
463 365 514 399 σῆς
533 373 577 400 μοι
603 364 712 399 χάριτος
735 371 828 399 συνερι

58 411 158 446 γοὺσης.

94 457 192 484 Ῥῦσαι
214 465 253 491 με
268 456 303 489 ἐξ
317 455 496 490 ἀντιλογιῶν
517 455 605 482 λαοῦ.
625 455 684 481 Ἔτι
710 454 757 481 τοῦ
776 455 829 480 Κυ-

61 503 110 538 ρίου
123 501 151 528 τὸ
163 502 304 538 πρόσωπον
317 501 556 537 ἀποστρεφομένου
575 501 625 536 μὲν
639 501 672 527 δι’
686 500 828 528 ἀπείθειαν

59 549 106 575 τῶν
121 548 257 580 Ἰουδαίων,
273 548 410 580 αἰτοῦντος
421 548 450 574 δὲ
467 547 502 574 τὰ
518 547 581 582 ἔθνη
594 548 634 579 εἰς
646 546 827 582 κληρονομίαν

59 594 139 621 αὐτοῦ.
155 595 362 629 Καταστήσεις
374 603 409 628 με
423 595 467 627 εὶς
482 594 618 629 negatur
635 593 739 620 ἐθνῶν.
759 593 827 620 Ἀλλ’

60 641 102 667 οὐχ
113 640 185 675 ἴσμεν
198 641 244 667 τὸν
260 640 343 667 Δαυῗδ
362 640 416 666 τῶν
437 639 521 666 ὲθνῶν
550 639 746 675 βασιλεύσαντα
756 648 763 654 '
780 639 827 666 οὑ-

60 685 114 712 :on
121 685 160 712 διὰ
171 686 216 712 τοῦ
230 685 260 718 ἐξ
271 686 352 712 αὐτοῦ
365 686 435 712 κατὰ
447 685 535 720 σάρκα
547 685 686 720 τεχθέντος
697 686 713 721 ὴ
727 694 829 721 προφη-

61 731 110 757 τεία
122 730 277 766 πληροῦται.
287 731 316 756 '0
329 731 383 766 γὰρ
391 732 424 757 ὲκ
435 730 517 756 Δαυῒό
525 730 594 757 κατὰ
607 730 696 766 σάρκα
711 730 827 765 τεχθεὶς,

61 776 128 803 Δαυῖδ
141 778 184 803 καὶ
198 777 280 808 αὐτὸς
294 776 491 811 ὀνομαζόμενος
510 777 580 803 κατὰ
600 777 645 802 τὸν
658 776 728 802 θεῖον
749 776 828 808 Ἰεζε-

61 823 121 858 χιὴλ,
144 823 157 848 ό
175 823 326 857 Δεσπότης,
341 822 414 856 λέγω
427 842 434 853 ,
456 822 592 858 Χριστὸς,
609 822 717 849 πάντων
739 822 829 848 ἐϐασί-

61 868 126 893 λευσε
150 867 201 893 τῶν
229 867 332 894 ἐθνῶν·
358 867 403 893 ἀεὶ
427 867 476 901 μὲν
495 867 532 899 ὡς
549 867 614 898 Θεὸς
627 867 681 893 τῶν
701 867 828 893 ἁπάντων

61 913 190 945 δεσπόζων,
208 913 281 948 μετὰ
302 913 329 939 δὲ
346 913 394 948 τὴν
406 912 612 948 ἐνανθρώπησιν
638 914 685 940 καὶ
699 913 748 948 τὴν
767 913 826 940 ἐθε-
842 903 864 931 Β

61 958 150 985 isdem
164 960 215 986 τῶν
229 960 273 991 εἰς
288 959 368 985 αὑτὸν
380 959 598 986 πεπιστευκότων
615 959 736 986 δουλείαν
750 960 827 993 δεξά-

62 1013 136 1039 μενος.
212 1028 216 1032 ν

88 1051 157 1083 Δοὸς
167 1050 202 1076 ὃν
214 1052 273 1078 οὐκ
286 1050 380 1085 ἔγνων
399 1051 563 1078 ἐδούλευσέ
575 1059 636 1085 μοι.
661 1050 727 1087 [Τοῦ
745 1050 827 1077 αὐτοῦ

60 1094 97 1122 τοῦ
116 1096 245 1132 Χριστοῦ⁴
273 1097 508 1132 ἀποστρεφόμενος
543 1096 598 1132 γὰρ
620 1097 683 1128 τοὺς
707 1096 827 1127 ἀπειθεῖς

65 1141 201 1174 Ἰουδαίους,
209 1144 283 1169 αἰτεῖ
293 1143 327 1169 τὰ
334 1142 396 1177 ἔθνη
407 1143 446 1174 εἰς
455 1141 659 1177 κληρονομίαν.]
671 1141 727 1168 Οὐκ
738 1142 828 1175 ἀγνοί-

60 1195 86 1219 ας
98 1188 150 1214 ἐστὶ
161 1189 341 1224 σημαντικὸν,
356 1188 444 1214 πάντα
456 1188 510 1222 γὰρ
525 1185 594 1214 οἶδεν
614 1187 651 1219 ὠς
665 1187 730 1218 Θεός
742 1195 749 1202 ⁸
771 1186 827 1213 ἁλλ’

60 1233 92 1259 6::
105 1233 126 1259 οἱ
139 1234 206 1260 κατὰ
219 1235 336 1269 καιροὺς
349 1234 398 1269 τὴν
413 1233 566 1268 οἰκειότητα
578 1233 627 1268 τὴν
639 1233 705 1268 πρὸς
720 1232 770 1268 ἐμὲ
790 1233 827 1268 μὴ

60 1278 169 1314 λαχόντες
187 1279 324 1316 ἀλλότριοι
340 1279 372 1306 ἂν
387 1276 442 1306 εἷεν
455 1279 503 1306 καὶ
525 1278 594 1311 ξένοι
610 1278 657 1305 καὶ
669 1279 762 1314 πόρρω
779 1278 828 1313 τῆς

60 1324 118 1359 ὲμῆς
126 1325 274 1360 ἀπέχοντες
284 1325 460 1360 οἰκειότητος.

92 1413 143 1439 Υιοι
165 1413 321 1447 ἀλλότριοι
341 1411 514 1447 ἐψεύσαντό
533 1420 581 1446 με.
599 1411 629 1438 '0
647 1410 756 1447 κληθεὶς
771 1411 829 1443 υἱὸς

61 1458 214 1493 πρωτότοκος
234 1457 346 1494 Ἰσραὴλ
359 1458 498 1493 ἀλλότριος
517 1456 618 1492 ἐκλήθη
632 1456 676 1483 διὰ
695 1456 745 1492 τὴν
764 1457 828 1482 ἀπι-

61 1503 124 1530 στίαν
137 1504 201 1534 υἱός.
222 1504 284 1531 Tini
301 1503 453 1537 ἀλλότριοι
464 1502 705 1536 ἐπαλαιώθησιιν.
727 1502 784 1529 Πᾶν
799 1501 830 1528 τὸ

61 1549 240 1599 πλῆούμενον
258 1550 342 1584 ἐγγὺς
353 1549 518 1584 ἀφανισμοῦ.
842 1569 865 1600 C

88 1594 126 1628 Ζῇ
142 1595 259 1628 Κύριος,
280 1594 332 1621 καὶ
354 1593 516 1628 εὐλογητὸς
529 1594 545 1620 d
561 1593 633 1626 Θεός
644 1602 713 1628 μου.
734 1592 841 1620 Εὑκαί-ι

63 1647 106 1674 tuo;
121 1640 159 1671 τὸ,
173 1640 216 1675 Ζῆ
239 1641 349 1674 Κύριος
371 1640 555 1675 ἐπεφώνησεν.
587 1639 694 1675 Ἐπειδὴ
711 1639 831 1675 ἐμνημό-

62 1693 140 1712 νευσεν
151 1687 199 1722 τῆς
210 1687 367 1720 ἀντιλογίας
380 1686 426 1712 τοῦ
445 1686 520 1719 λαοῦ,
531 1687 559 1712 ἐν
605 1686 689 1713 ἐϐόων
706 1685 830 1720 λέγοντες

62 1729 127 1764 Alps,
149 1733 211 1767 clpe
223 1740 230 1747 ·
258 1733 437 1766 σταύρωσον
452 1733 555 1759 αὐτόν.
577 1733 630 1759 Καὶ
650 1732 794 1766 ὑψωθήτω
814 1733 830 1759 ό

63 1777 122 1810 Θεὸς
132 1778 183 1811 τῆς
196 1777 348 1811 σωτηρίας
359 1787 427 1812 μου.
446 1779 477 1804 Εἰ
492 1778 539 1804 καὶ
551 1778 750 1804 ἐταπείνωσεν
763 1778 831 1804 ἐαυ-

62 1821 114 1853 τὸν,
129 1823 202 1857 φησὶ,
217 1822 323 1850 λαϐὼν
336 1822 393 1856 τὴν
415 1823 469 1850 τοῦ
494 1822 605 1849 δούλου
624 1822 754 1857 μορφὴν,
774 1822 830 1849 ἀλλ’

63 1867 147 1903 ὑψηλός
161 1870 244 1896 ἐστιν.
258 1870 371 1904 Ὅμοιον
393 1869 421 1895 δὲ
443 1869 481 1903 τῷ
498 1869 634 1904 εἰρημένῳ
655 1869 695 1901 τὸ,
716 1869 742 1895 '0
759 1868 830 1902 Θεὸς

62 1915 140 1941 αὑτὸν
154 1916 346 1950 ὑπερύψωσε,
363 1915 413 1941 καὶ
427 1915 585 1948 ἐχαρίσατο
599 1914 678 1947 αὐτῷ
692 1914 785 1949 ὄνομα
797 1914 831 1941 τὸ

63 1961 124 1994 ὑπὲρ
138 1961 198 1987 πᾶν
215 1962 322 1995 ὄνομα.

95 2006 117 2032 '0
130 2007 198 2040 Θεὸς
213 2009 229 2034 ό
241 2007 345 2039 διδοὺς
358 2006 527 2039 ἐκδικήσει(
546 2006 620 2041 ἐμοί.
642 2006 689 2033 Ἐκ
704 2005 749 2032 τοῦ
769 2005 831 2032 ἀπί-

64 2059 114 2078 στου
131 2052 192 2079 λαοῦ
216 2052 271 2079 τῶν
301 2052 434 2078 Ἰουδαίων
450 2051 579 2087 δηλονότι.
600 2051 655 2078 Καὶ
679 2051 831 2085 ὑποτάξας

63 2097 142 2130 λαοὺς
155 2099 204 2125 ὑπ’
229 2098 294 2133 ἐμὲ,
318 2098 358 2125 Τὰ
374 2097 449 2133 ἔθνη,
477 2097 570 2132 φησὶν,
594 2097 768 2132 ὑπετάγησαν
793 2097 831 2133 τῷ

64 2141 167 2179 Χριστῷ.
186 2145 213 2170 ὀ
224 2146 345 2178 ρύστης
358 2153 417 2178 μου
438 2143 473 2176 ἐξ
494 2143 610 2179 ἐχθρῶν
623 2152 692 2178 μου.
709 2144 768 2170 Τῶν
783 2145 832 2180 ἀρ-

64 2188 149 2220 χόντων
159 2190 204 2216 τοῦ
217 2189 248 2222 ἐξ
266 2189 373 2225 Ἰσραὴλ
387 2189 452 2217 λαοῦ
472 2198 563 2225 φησιν.

86 2234 144 2261 Ἀπὸ
152 2235 208 2262 τῶν
215 2235 463 2270 ἐπανισταμένων
471 2235 516 2262 ἐπ’
524 2235 585 2269 ἐμέ.
593 2235 646 2261 Τοῦ
655 2235 737 2262 Ἰούδα
744 2235 828 2269 λέγει.
846 2236 868 2264 D

92 2277 101 2314 [
115 2280 139 2306 '0
149 2282 268 2315 ρύστης
279 2290 339 2315 μου
362 2281 395 2308 ἐκ
411 2281 469 2307 τῶν
483 2281 598 2316 ἐχθρῶν
617 2290 676 2315 μου
693 2282 829 2316 ὀργίλων.

70 2324 108 2351 Ἐκ
123 2327 165 2353 τοῦ
179 2327 244 2354 λαοῦ
263 2327 389 2354 ἀπίστου.
410 2327 529 2362 Ὀργίλοι
550 2327 641 2362 ἐχθροὶ
661 2328 675 2353 ὁ
689 2327 832 2359 Ἰουδαϊκὸς

64 2367 117 2400 λαὸς
130 2370 300 2407 Σαμαρείτην
317 2371 398 2398 αὑτὸν
409 2370 616 2406 κερτομοῦντες.
641 2370 722 2406 ’Λνὴρ
733 2370 760 2397 δὲ
776 2371 833 2398 ἄδι-

66 2422 104 2446 κῢς
122 2416 135 2442 ὁ
157 2417 267 2450 Ἰούδας,
290 2417 306 2453 ἤ
336 2417 461 2449 Πιλᾶτος,
488 2416 616 2447 ἀναιτίως
632 2416 758 2448 κολάσας.
784 2416 832 2443 Διὰ

65 2461 155 2497 τοῦτοῆ
170 2463 213 2489 διὰ
226 2463 276 2495 τὰς
294 2464 333 2495 είς
353 2463 403 2498 ἐμὲ
418 2463 574 2498 εὐεργεσίας
588 2463 777 2498 εὐχαριστήσω
792 2471 832 2489 σοι

67 2506 105 2533 ἐπὶ
119 2509 222 2535 πάντων
239 2510 294 2536 εἴτε
312 2509 445 2536 Ἰουδαίων
455 2509 510 2536 εἴτε
527 2508 622 2541 ἐθνῶν,
640 2509 687 2536 καὶ
700 2511 729 2536 ὲν
740 2509 833 2544 ὕμνοις

65 2551 111 2583 ἱξω
123 2554 152 2580 τὸ
163 2555 249 2591 δνομά
264 2555 339 2592 σου.]

97 2656 142 2682 Διὰ
152 2665 238 2684 τουτο
249 2655 508 2691 ἑξομολογήσομαι
530 2661 579 2681 σοι
598 2655 634 2681 ἐν
651 2654 761 2684 ἔθνεσι,
776 2654 832 2681 Κύ-

65 2708 111 2733 ριε.
132 2701 236 2737 Ἐπειδὴ
249 2701 284 2728 τὰ
301 2702 348 2729 καὶ
359 2701 394 2728 τὰ
410 2700 540 2736 εἰργάσω.
564 2699 628 2734 ἐγὼ,
647 2699 728 2734 φησὶν
743 2701 756 2726 ὁ
771 2705 834 2735 προ-

67 2744 152 2780 εήτης,
167 2745 276 2772 ἐπειδὰν
292 2746 323 2773 σὺ
337 2745 418 2777 αὐτὸς
431 2746 446 2771 ὁ
460 2744 562 2780 Κύριος
576 2744 609 2771 τὰ
629 2744 690 2779 ἔθνη
705 2744 831 2780 καλέσῃς,

99 2811 118 2827 ¹⁹
134 2810 209 2839 Joan.
223 2820 283 2846 xu,
299 2812 342 2839 l3.
383 2811 405 2828 ’θ
422 2811 540 2847 Philipp.
557 2819 587 2844 ll,
606 2811 632 2840 8.
672 2811 693 2827 ⁸¹
718 2793 785 2838 ibid“.
804 2811 830 2839 9.

100 2865 132 2900 (ὅ)
147 2867 207 2896 Hec
222 2868 330 2904 Origeni
342 2869 497 2898 tribuuntur
509 2868 534 2895 in
552 2868 615 2904 Reg.
630 2868 655 2894 i.

881 275 954 297 runt.

913 316 958 344 ιδ.
976 317 1010 344 Et
1028 318 1206 344 comminuam
1224 325 1267 344 eos
1290 321 1320 344 ut
1343 316 1486 351 pulverem.
1504 315 1600 350 Vacui,
1621 317 1663 345 in-

878 363 947 398 quit,
967 368 1060 396 erunt,
1079 368 1124 391 tua
1139 363 1206 391 mihi
1223 362 1308 399 gratia
1323 362 1429 390 fortiter
1446 363 1604 392 auxiliante.

913 455 959 482 1M.
978 455 1057 486 Eripe
1068 462 1108 481 me
1122 463 1153 481 ae
1166 455 1418 481 contradictionibus
1434 454 1533 489 populi.
1547 453 1664 482 Domino

879 500 983 528 scilicet
997 501 1087 527 adhuc
1102 500 1199 528 faciem
1213 505 1351 528 arerteute
1369 501 1403 527 oh
1413 499 1568 528 Judaeorum
1586 500 1664 527 inob-

878 548 1060 582 sequentiam,
1074 547 1227 582 postulante
1236 551 1325 574 autem
1335 551 1428 582 gentes
1438 546 1464 573 in
1481 546 1664 573 hzereditatem

878 601 967 621 suam.
979 593 1126 620 Constitues
1143 601 1182 619 me
1193 594 1218 620 in
1233 597 1310 627 caput
1321 593 1436 628 gentium
1452 592 1501 627 (4).
1519 591 1561 626 (Et
1574 596 1664 619 tamen

879 640 1016 667 nescimus
1038 639 1166 666 Davidem
1191 639 1317 673 gentibus
1335 638 1507 673 imperasso.)
1532 637 1584 665 Per
1600 645 1662 665 eum

879 686 981 720 itaque.
1002 685 1048 720 qui
1062 693 1094 712 ex
1112 684 1212 712 Davide
1230 685 1379 712 secundum
1394 691 1503 711 carnem
1516 688 1593 710 ortus
1610 689 1662 715 cst,

879 732 1007 767 impletur
1021 732 1172 767 prophetia.
1194 731 1262 758 Nam
1278 732 1325 766 qui
1337 739 1370 758 ex
1393 731 1494 758 Davide
1512 730 1663 757 secundum

879 785 988 805 carnem
1006 782 1087 805 natus
1101 782 1153 810 est,
1169 781 1195 805 et
1210 778 1268 812 ipso
1279 776 1364 804 David
1378 781 1492 804 vocatus
1505 776 1582 811 juxta
1599 774 1664 802 divi-

879 832 944 851 num
957 823 1139 855 Electrielem,
1156 831 1254 858 nempe
1273 823 1406 850 Dominus
1417 822 1554 854 Christus,
1573 821 1664 848 omni»

881 872 932 899 bus
943 871 1069 906 gentibus
1088 869 1241 905 imperavit.
1258 869 1292 896 Et
1309 869 1419 904 quidem
1441 872 1470 895 ut
1491 866 1560 894 Deus
1575 866 1664 893 omni-

879 918 930 945 bus
945 925 1052 952 semper
1066 917 1181 952 imperat
1194 926 1200 949 ;
1213 920 1356 951 postquam
1373 918 1463 941 autem
1480 913 1562 940 homo
1575 911 1663 940 factus

877 968 929 996 est,
950 963 1132 990 voluntariam
1155 962 1323 990 credentium
1349 961 1377 987 in
1398 961 1485 994 ipsum
1503 958 1662 986 servitutem

877 1008 970 1035 subiit.

913 1053 957 1080 45.
984 1051 1101 1086 Populus
1135 1059 1211 1086 quem
1241 1058 1292 1077 non
1325 1050 1433 1086 cognovi
1454 1049 1558 1077 servivit
1586 1048 1662 1076 mihi.

883 1098 984 1135 [Ipsius
1013 1097 1126 1130 Christi,
1146 1097 1204 1131 qui,
1224 1096 1340 1131 repulsis
1365 1095 1468 1123 Judrris
1496 1100 1526 1122 ut
1554 1094 1663 1122 inobse-

878 1144 1047 1179 quentibus,
1090 1142 1208 1177 postulat
1248 1147 1342 1177 gentes
1378 1141 1406 1168 in
1452 1137 1661 1175 hatreditatcmj

879 1190 916 1225 (5)
931 1189 989 1216 Non
1003 1194 1044 1216 est
1059 1189 1116 1216 haec
1129 1188 1288 1222 ignorantia:
1300 1192 1361 1214 nota
1374 1197 1380 1214 :
1391 1192 1487 1214 cuncta
1504 1186 1575 1213 enim
1589 1185 1662 1212 novit

878 1240 972 1270 utpote
993 1234 1075 1262 Deus.
1101 1234 1154 1261 Sed
1177 1234 1318 1268 quoniam,
1342 1233 1390 1264 ait,
1413 1232 1460 1267 qui
1486 1239 1534 1266 per
1555 1231 1662 1258 diversa

878 1286 1000 1316 tempora
1026 1281 1100 1308 nulla
1129 1280 1197 1307 mihi
1226 1279 1426 1307 necessitudine
1453 1277 1540 1313 juncti
1567 1281 1662 1310 erant,

878 1328 959 1354 alicui
974 1331 1001 1354 et
1018 1327 1139 1354 extranei
1157 1326 1218 1360 jure
1231 1325 1367 1358 dicantur,
1387 1329 1468 1359 atque
1483 1331 1499 1350 a
1509 1330 1568 1350 mea
1583 1322 1663 1349 fami-

880 1371 998 1399 liaritate
1011 1371 1090 1406 longe
1103 1371 1211 1398 remoti.

913 1417 958 1444 46.
975 1416 1040 1443 Filii
1053 1416 1133 1442 alieni
1148 1415 1251 1442 mentiti
1270 1420 1331 1441 sunt
1347 1414 1422 1441 mihi.
1438 1413 1531 1445 Israel,
1544 1415 1589 1449 qui
1607 1415 1663 1449 pri-

879 1462 1032 1496 mogenitus
1050 1461 1208 1493 vocabatur,
1226 1461 1332 1488 alienus
1348 1460 1419 1488 filius
1437 1460 1472 1487 ob
1487 1460 1663 1488 incredulita-

879 1511 932 1535 tem
955 1507 1043 1534 dictus
1059 1510 1112 1534 est.
1135 1506 1202 1533 Filii
1223 1507 1303 1533 alieni
1318 1506 1455 1533 inueterati
1481 1510 1552 1534 sunt.
1576 1506 1664 1534 Omne

880 1554 1071 1583 inveteratum,
1083 1552 1237 1587 proximum
1255 1552 1376 1579 interitui
1390 1556 1442 1580 est.

914 1599 959 1626 47.
989 1598 1057 1625 Viuit
1075 1598 1212 1628 Dominus,
1224 1602 1248 1624 et
1263 1597 1412 1624 benedictus
1432 1596 1501 1623 Deus
1516 1605 1598 1624 meus.
1612 1597 1665 1631 0p-

879 1649 996 1680 portune
1011 1643 1089 1676 illud,
1109 1642 1176 1669 Vivit
1191 1642 1331 1674 Dominus,
1345 1640 1510 1668 vociferatus
1526 1646 1578 1668 est.
1594 1640 1662 1674 Quia

880 1689 1104 1718 commemoravit
1119 1688 1358 1716 contradictionem
1377 1687 1480 1722 populi,
1495 1694 1547 1721 qua
1564 1686 1665 1713 clama-

879 1737 970 1763 bant:
991 1735 1071 1768 Tolle,
1096 1734 1168 1767 tolle,
1191 1734 1314 1768 cruci/iga
1333 1741 1392 1760 eum
1414 1733 1446 1759 ¹⁹.
1473 1732 1508 1759 Et
1531 1732 1664 1759 exaltetur

882 1783 950 1809 Deus
962 1782 1058 1809 salutis
1075 1789 1148 1808 metu.
1175 1781 1298 1813 Etiamsi,
1317 1779 1466 1806 humiliari!
1485 1779 1662 1812 semetipsum,

881 1828 978 1863 inquit,
990 1828 1076 1862 forma
1088 1827 1154 1854 servi
1175 1831 1282 1861 accepta
1293 1826 1325 1859 ",
1343 1825 1468 1853 excelsus
1486 1824 1663 1851 nihilominus

879 1880 932 1902 est.
948 1873 1041 1901 Simile
1058 1878 1147 1900 autem
1163 1872 1228 1899 huic
1245 1872 1346 1899 dictum
1362 1874 1403 1898 est
1418 1879 1425 1897 :
1445 1870 1514 1896 Deus
1535 1869 1664 1896 uallauit

879 1920 968 1951 illum,
995 1924 1019 1946 et
1039 1919 1110 1945 dedit
1134 1918 1174 1945 illi
1198 1925 1291 1945 nomen
1318 1916 1386 1952 quod
1418 1920 1456 1943 est
1479 1923 1558 1950 super
1588 1921 1664 1942 omne

880 1975 974 1994 nomen
986 1966 1019 1993 “.

915 2012 959 2039 48.
981 2011 1050 2038 Dens
1078 2009 1123 2045 qui
1144 2007 1192 2035 das
1215 2008 1343 2035 vindictas
1368 2006 1442 2032 milii.
1465 2006 1598 2033 Videlicet
1615 2007 1663 2033 ad-

880 2066 978 2086 versus
1007 2057 1142 2085 inﬁdelem
1166 2055 1295 2090 populum
1320 2053 1490 2081 Judaaorum.
1518 2052 1550 2080 Et
1573 2052 1663 2079 subdiu

881 2103 991 2139 populos
1016 2102 1062 2129 sub
1081 2110 1130 2128 me.
1152 2101 1262 2132 Gentes,
1288 2099 1387 2134 inquit,
1412 2099 1525 2126 Christo
1550 2098 1665 2125 subditae

882 2151 1002 2177 fuerunt.
1017 2148 1155 2175 Libet-ator
1173 2155 1243 2173 mens
1259 2145 1290 2172 de
1304 2145 1420 2172 inimicis
1439 2145 1515 2171 meis.
1532 2143 1570 2171 De
1590 2144 1665 2178 prin-

882 2196 990 2231 cipibus
1005 2193 1146 2222 Israelitici
1163 2191 1266 2227 populi.

918 2241 956 2268 Ab
971 2240 1162 2275 insurgentibus
1176 2239 1202 2264 in
1216 2246 1265 2264 me,
1277 2237 1374 2264 Iudam
1388 2237 1436 2264 ait.

917 2287 1067 2324 [Liberator
1092 2293 1164 2311 meus
1188 2284 1220 2310 de
1246 2284 1361 2311 inimicis
1384 2284 1447 2310 meis
1471 2282 1617 2310 iracundis.
1642 2283 1664 2309 Α

881 2334 983 2369 populo
1009 2332 1121 2360 intideli.
1148 2330 1252 2357 inimici
1288 2330 1410 2357 iracundi
1440 2334 1504 2357 sunt
1534 2327 1664 2355 Iudaicus

882 2380 1011 2414 populus,
1032 2379 1078 2414 qui
1100 2378 1178 2413 quasi
1201 2377 1373 2404 Samaritana
1394 2376 1432 2402 illi
1456 2375 1664 2402 maledicebant.

884 2425 930 2452 Vir
946 2430 1036 2452 autem
1057 2425 1168 2458 iniquus
1183 2427 1225 2450 est
1243 2422 1337 2454 ludas,
1355 2426 1401 2448 aut
1419 2421 1523 2448 Pilatus
1541 2421 1586 2455 qui
1607 2420 1666 2447 sine

883 2478 964 2498 causa
979 2470 1067 2504 ipsum
1084 2468 1219 2503 supplicio
1232 2466 1332 2494 allecit.
1348 2465 1507 2500 Propterea,
1532 2469 1580 2491 aut
1602 2471 1666 2498 pro-

883 2521 943 2551 pter
958 2521 1004 2542 tua
1019 2523 1080 2550 erga
1095 2522 1138 2541 me
1152 2512 1402 2547 benelicia,gratias
1415 2519 1492 2546 agam
1503 2511 1549 2538 tihi
1565 2511 1591 2536 in
1606 2517 1666 2537 om-

883 2562 963 2592 nibus
988 2561 1164 2594 nationibus,
1195 2559 1253 2587 sive
1277 2557 1378 2585 Judzeis
1407 2558 1465 2584 sive
1489 2556 1624 2592 gentibus,
1639 2559 1666 2582 et

883 2608 991 2644 hymnis
1006 2606 1148 2634 celebrabo
1162 2613 1261 2632 nomen
1280 2602 1380 2639 luum.]

918 2652 1063 2686 Propterea
1085 2651 1227 2685 conﬁtebor
1247 2649 1293 2676 tibi
1311 2649 1338 2675 in
1358 2647 1518 2681 nationibus,
1544 2646 1663 2674 Domine.

883 2700 950 2727 Cum
972 2703 1012 2730 tu,
1038 2697 1162 2730 Domine,
1183 2697 1221 2724 ait
1242 2696 1386 2731 Propheta,
1406 2696 1464 2723 haec
1485 2700 1511 2723 et
1531 2695 1574 2721 illa
1598 2693 1665 2719 mihi

883 2745 1051 2781 praestiteris,
1064 2744 1173 2779 quando
1185 2747 1211 2770 tu
1229 2743 1287 2778 ipse
1303 2742 1435 2770 Dominus
1446 2746 1538 2777 gentes
1552 2746 1664 2768 vocave-

918 2866 957 2902 (5)
971 2866 999 2893 ln
1013 2865 1090 2892 Colb.
1107 2865 1133 2897 5,
1149 2864 1206 2892 haec
1221 2864 1374 2892 tribuuntur
1387 2862 1497 2897 Cyrillo.
