1938 3053
92 161 149 189 ιεδ

90 266 180 300 νήπια
193 267 255 299 τοὺς
269 268 299 294 ἑν
315 268 425 304 Χριστῷ
442 269 604 304 γενομένους
615 270 728 305 νηπίους
750 271 816 305 φησὶ
832 271 880 296 καὶ

89 311 225 348 ἄφρονας,
238 313 286 340 καὶ
299 315 362 346 τοὺς
376 314 536 350 ἀνθρώπους
551 314 646 350 σοφίας
663 315 802 351 ἀπείρους.
817 315 827 351 ]

673 167 854 196 ΕΧΡΟΒΙΤΙΟ
871 168 905 195 ΙΝ
924 169 1088 197 PSALMUM
1105 170 1174 197 ΜΚ.

128 221 303 257 [Σοφίζουσα
320 224 414 259 νήπια,
434 224 579 259 βεϐαιοῦσα
596 225 658 257 τοὺς
673 227 835 260 ἀποστόλους
845 249 851 260 ,
866 229 882 263 ἦ
898 230 920 258 Α

1663 171 1715 201 128

972 229 1048 265 [Quae
1062 230 1212 257 infantibus
1221 230 1381 264 sapientiam
1394 230 1495 263 tribuo,
1504 230 1642 265 apostolos
1651 238 1716 258 con-

934 277 1024 308 ﬁrmo,
1042 283 1089 305 aut
1107 286 1156 312 per
1171 276 1288 305 infantes
1306 276 1430 311 intelligit
1440 284 1488 304 eos
1503 276 1549 311 qui
1563 276 1588 302 in
1604 275 1713 303 Christo

934 323 1053 350 infantes
1066 323 1193 356 evadunt,
1207 326 1254 349 aut
1273 322 1395 354 insanos,
1412 321 1590 356 hominesque
1606 321 1718 356 sapien-

936 367 978 394 tizc
990 376 1005 394 e
1025 372 1125 402 portes.

127 421 224 448 Daniel
238 422 374 450 Barbarus
387 430 395 449 :
411 422 605 451 Testimonium
619 423 670 450 hoc
685 423 857 458 imperfectos
869 426 1000 460 parvulos
1017 430 1044 453 et
1055 425 1137 452 rudes
1149 424 1257 451 instruit
1269 427 1296 450 et
1309 423 1445 457 sapientes
1459 423 1556 450 reddit.

128 478 171 505 Τὰ
185 477 363 512 δικαιώματα
374 480 482 513 Κυρίου
494 479 581 506 εὐθέα
591 480 789 514 εὐφραίνοντα
807 489 879 514 καρ-

87 523 172 551 δίαν.
196 524 268 550 Ἀντὶ
281 524 339 555 τοῦ,
356 526 372 559 ὴ
385 524 524 556 δικαίωσις
541 526 557 560 ἡ
573 526 705 560 γενομένη
720 526 748 551 ἐν
765 528 797 560 τῇ
813 527 878 561 ἡμε-

87 568 159 603 τέρᾳ
173 567 272 603 κρίσει.
293 567 396 602 Κρίνας
409 568 463 603 γὰρ
482 568 560 603 ἡμῶν
573 568 621 603 τὴν
643 569 743 604 κρίσιν,
767 568 877 601 ἐξέϐαλε

88 614 134 640 τὶν
151 614 269 649 ἄρχοντα
286 613 333 639 τοῦ
354 613 461 645 αἰῶνος,
479 614 566 645 διδοὺς
589 615 654 648 ἡμῖν
668 614 836 649 εὐφροσύνην
849 615 878 640 ὲν

88 659 199 694 καρδίᾳ.
227 660 256 686 Ἡ
273 659 382 693 ἐντολὴ
406 659 516 693 Κυρίου
537 659 687 693 τηλαυγὴς
711 658 878 694 φωτίζουσα

87 705 274 739 ὀφθαλμούς.
302 705 370 736 Τοὺς
393 706 441 740 τῆς
465 705 584 736 διανοίας
610 706 690 740 φησὶν
718 705 873 740 ὀφθαλμοὺς

87 750 231 785 πόρρωθεν
245 750 292 785 τὴν
310 750 396 786 αὐγὴν
414 751 622 786 ἀναπέμπουσα.

965 483 993 510 9.
1015 481 1225 515 Justiﬁcationes
1238 479 1345 506 Domini
1358 485 1433 506 recte:
1445 478 1607 513 lwtiﬁcantes
1619 479 1710 506 corda.

928 529 956 556 Id
969 533 1021 561 est,
1039 527 1196 563 justilicatio
1208 527 1235 552 in
1247 526 1351 560 judicio
1363 529 1457 552 nostro
1473 525 1551 552 facta.
1569 524 1636 551 Nam
1648 533 1710 552 cum

928 574 961 601 de
980 581 1063 600 causa
1081 572 1215 607 judicaret
1230 575 1332 601 nostra,
1349 569 1427 603 ejecit
1444 569 1592 604 principem
1608 569 1710 603 saeculi,

928 618 1051 645 tribuens
1066 616 1145 643 nobis
1167 614 1287 642 lmtitiam
1309 615 1335 640 in
1358 614 1449 655 cordc‘.
1471 614 1637 648 Pra'ceptum
1660 614 1711 640 Do-

929 663 994 689 mini
1017 662 1134 688 lucidum
1155 660 1306 687 illuminans
1325 659 1437 692 oculos;
1460 659 1558 687 mentis
1580 660 1709 687 nimirum

926 709 1031 742 oculos,
1043 708 1150 735 eminus
1164 706 1255 734 radios
1267 705 1426 732 immittens.

118 807 219 834 Daniel
230 808 365 835 Barbarus
379 817 388 835 :
400 808 498 836 Mentis
512 810 653 842 nimirum,
669 810 770 837 docens
784 809 922 844 quomodo
942 808 1133 835 universorum
1149 806 1204 833 Deo
1220 805 1361 834 serviatur.

128 855 160 882 '0
185 857 278 890 φόϐος
297 856 406 889 Κιφίου
428 856 519 891 ἁγνὸς
543 857 689 891 διαμένων
710 858 754 889 εις
777 857 872 884 αἰῶνα
888 863 908 890 Β

85 900 204 934 αἰῶνος.
226 901 271 932 Ὦς
288 902 354 937 πρὸς
371 901 569 937 ἀντιδιαστολὴν
587 902 633 928 τοῦ
657 902 768 938 νομικοῦ
789 901 871 936 φόϐου

84 946 114 972 τὸ
130 947 273 972 τοιοῦτον·
298 947 401 978 ἐκεῖνος
424 947 478 981 γὰρ
499 947 643 982 κολαστής.
667 947 759 982 Ἦμῶν
776 947 872 981 ἁγνεία

84 992 158 1017 ἐπὶν
172 992 384 1027 ἁμαρτημάτων
402 992 502 1027 ἀποχή.
522 992 567 1025 Διὸ
583 993 629 1019 καὶ
645 992 725 1027 ἁγνὸς
738 993 843 1028 εἴρηται
858 994 872 1019 ὁ

84 1036 178 1070 φόὸος,
194 1037 232 1067 ὡς
247 1037 346 1070 ἁγνοὺς
362 1037 444 1063 ποιῶν
457 1045 464 1052 ·
481 1038 521 1072 τῷ
539 1037 592 1073 γὰρ
605 1038 679 1072 φόϐῳ
695 1038 807 1073 Κυρίου,
821 1047 872 1073 φη-

84 1082 134 1112 ᾶὶν,
146 1081 268 1108 ὲιοιλίνει
281 1091 323 1113 τις
339 1083 392 1108 ἀπὸ
411 1082 505 1109 κακοῦ.
522 1082 633 1114 Αῐώνιος
648 1083 675 1109 δὲ
697 1076 734 1109 ὢν
749 1084 762 1109 ὁ
779 1083 870 1118 φόϐος,

81 1128 110 1153 ὲν
125 1124 169 1158 οἷς
187 1127 220 1153 ἂν
233 1127 344 1162 γένηται
361 1129 408 1154 καὶ
426 1130 523 1161 αὐτοὺς
537 1130 662 1161 αἰωνίους
679 1131 760 1156 ποιεῖ.

121 1173 176 1199 Ἐν
191 1170 233 1205 τῷ
248 1173 420 1207 φυλάσσειν
435 1175 511 1202 αὐτὰ
534 1176 735 1209 ἀνταπόδοσις
757 1176 868 1210 πολλή.

80 1217 188 1248 Μισθὸς
207 1217 261 1253 γὰρ
279 1218 400 1253 φυλακῆς
409 1219 513 1252 γίνεται
533 1219 552 1246 ἃ
566 1221 717 1255 ὀφθαλμὸς
730 1223 784 1248 οὐκ
795 1220 866 1254 οἶδε,

81 1262 129 1289 καὶ
142 1260 202 1295 οὖς
223 1264 280 1290 οὐκ
295 1262 419 1297 ἤκουσε,
432 1265 483 1292 Δκαὶ
500 1265 548 1292 ἐπὶ
565 1266 690 1300 καρδίαν
711 1267 867 1302 ἀνθρώπου

79 1309 135 1335 οὐκ
153 1309 259 1342 ἀνέϐη.

963 856 1010 882 10.
1032 855 1127 881 Timor.
1139 854 1246 880 Domini
1262 859 1352 880 castus
1368 860 1521 887 permanens
1540 853 1567 878 in
1581 852 1707 880 swculum

924 901 1028 929 amuli.
1045 899 1128 932 Quasi
1145 899 1178 926 ad
1189 898 1367 931 dill'erentiam
1382 898 1476 933 legalis
1491 898 1596 926 timoris
1615 903 1707 926 castus

924 947 1041 974 dicitur:
1057 947 1101 973 ille
1110 945 1182 973 enim
1200 953 1307 979 poenam
1325 945 1472 979 spectabat.
1483 945 1519 980 t6)
1533 944 1648 972 Castitas
1656 953 1706 972 au-

924 998 977 1019 tem
990 996 1032 1020 est
1048 991 1211 1019 abstinentia
1231 999 1246 1017 a
1264 991 1391 1025 peccatis.
1405 990 1495 1023 Quare
1515 996 1606 1018 castus
1625 992 1707 1018 timor

924 1038 1033 1071 dicitur,
1051 1038 1124 1072 quod
1135 1042 1226 1065 castos
1247 1037 1345 1064 alliciat
1360 1046 1367 1064 ι
1385 1044 1446 1063 nam
1464 1044 1519 1070 pra:
1536 1037 1634 1064 timore
1652 1037 1706 1064 Do-

926 1084 994 1111 mini
1013 1083 1129 1110 declinat
1148 1083 1210 1116 quis
1233 1090 1249 1109 a
1271 1083 1353 1109 malo.
1376 1081 1506 1110 Eternus
1529 1087 1620 1110 autem
1642 1091 1704 1110 cum

925 1129 960 1157 sit
974 1129 1064 1162 timor,
1081 1133 1195 1156 aeternos
1207 1128 1271 1156 item
1290 1128 1370 1156 ellicit
1385 1136 1456 1163 quos
1473 1129 1631 1164 ingreditur.

960 1177 1004 1204 12.
1020 1176 1053 1203 In
1067 1176 1245 1203 custodiendis
1266 1175 1320 1202 illis
1334 1175 1471 1206 retributio
1493 1175 1587 1201 multa.
1602 1175 1704 1203 Merces

921 1223 1021 1259 quippe
1036 1223 1215 1250 observantia:
1226 1226 1290 1249 sunt
1301 1230 1362 1257 quae
1377 1222 1473 1249 oculus
1492 1229 1545 1248 non
1559 1222 1634 1254 vidit,
1654 1229 1704 1249 nec

919 1270 995 1298 auris
1010 1269 1122 1302 audivit,
1131 1276 1180 1296 nec
1196 1268 1223 1295 in
1234 1276 1281 1296 cor
1296 1268 1414 1296 hominis
1425 1268 1606 1296 ascenderunt
1616 1269 1649 1294 ’⁸.

114 1367 221 1402 Adjicit
236 1368 331 1395 Daniel
345 1368 478 1396 Barbarus
490 1377 499 1395 .'
511 1368 569 1397 Non
585 1374 624 1397 est
635 1370 715 1404 igitur
729 1370 788 1397 sine
801 1370 879 1398 lucro
895 1369 1001 1397 illorum
1010 1368 1198 1398 observantia;
1213 1368 1311 1396 etenim
1326 1368 1426 1396 multas
1441 1372 1468 1396 et
1481 1368 1609 1403 pulchras
1621 1370 1685 1397 retri
1695 1385 1702 1390 -

79 1412 210 1440 butiones
224 1413 313 1441 habet.
334 1413 468 1441 Hactenus
481 1419 570 1441 autem
587 1415 620 1441 de
637 1415 737 1449 pietate
759 1414 899 1442 disseruit.
914 1413 983 1440 Hinc
998 1412 1134 1447 percurrit
1146 1420 1207 1447 quat
1221 1413 1253 1439 ad
1266 1413 1378 1446 iustitial
1395 1413 1657 1441 administrationem
1672 1414 1699 1441 in

80 1459 219 1492 homines,
231 1465 257 1487 et
267 1460 337 1495 juris
354 1462 486 1488 actionem
508 1466 641 1496 spectant,
659 1462 746 1497 deque
768 1462 896 1489 humanis
911 1461 1016 1488 delictis
1033 1461 1088 1494 agit
1102 1469 1108 1487 :
1125 1465 1234 1494 peccata
1254 1460 1350 1487 dividit
1362 1461 1388 1488 in
1406 1468 1437 1488 ea
1453 1469 1514 1496 quae
1525 1463 1659 1495 consulto,
1673 1467 1701 1489 et

80 1507 104 1532 in
120 1514 154 1533 ea
170 1515 231 1542 qua:
246 1515 300 1535 non
318 1513 413 1543 sponte
427 1510 505 1542 liunt,
522 1513 550 1536 et
565 1517 598 1536 ex
613 1509 655 1536 his
670 1510 722 1536 alia
733 1517 764 1537 ex
781 1509 974 1541 imbecillitate,
990 1507 1043 1534 alia
1058 1515 1090 1534 ex
1101 1507 1271 1540 necessitate,
1287 1507 1339 1534 alia
1354 1515 1385 1534 ex
1399 1515 1490 1535 errore
1506 1508 1584 1535 liunt.

112 1564 190 1600 [Καὶ
206 1566 262 1600 γὰρ
276 1567 293 1592 ὁ
302 1565 410 1599 δοῦλός
423 1574 481 1594 σου
491 1567 643 1601 φυλάσσει
666 1567 753 1595 αὑτά.
774 1568 803 1594 '0
818 1576 865 1603 μυ·
877 1570 898 1598 C

80 1610 269 1645 σταγωγηθβὶς
284 1611 323 1646 τῷ
339 1611 507 1647 εὐαγγελικῷ
521 1613 594 1648 νόμῳ
608 1613 667 1644 νέος
685 1613 759 1644 λαὸς,
774 1614 820 1639 καὶ
831 1612 864 1639 τὰ

80 1657 202 1692 κρίματα
215 1657 330 1693 ἀληθινὰ
346 1659 486 1693 φυλάττειν
511 1660 605 1693 εἰπὼν,
632 1660 715 1695 εὐχὴν
741 1660 864 1695 ἀναπέμ-

80 1711 131 1734 πει,
144 1703 194 1729 καὶ
211 1703 257 1729 τὸν
281 1703 352 1730 κατὰ
365 1704 483 1731 διάνοιαν
498 1705 627 1740 λογισμὸν
642 1705 761 1741 καθαρὸς
784 1706 862 1741 εὑρε-

79 1748 158 1776 θῆναι
173 1749 303 1781 ὡσαύτως
317 1750 428 1777 καὶτῶν
439 1750 516 1782 ὲγτὺς
538 1751 669 1786 ῥυσθῆναι
685 1751 827 1788 δαιμόνων.
840 1751 850 1787 ]

162 1796 216 1828 Εις
229 1794 262 1821 τὸ
282 1795 380 1828 τέλος,
396 1797 549 1823 ΨΑΛΜΟΣ
564 1797 602 1829 τῷ
620 1796 719 1823 Δαυΐδ.
735 1796 791 1824 [ϐ’.

397 1841 403 1850 '
411 1842 564 1874 Υπόθεσις.

76 1886 192 1921 Λέγεται
211 1886 260 1921 μὲν
273 1887 287 1913 ὁ
298 1886 404 1922 ψαλμδς
416 1887 452 1919 ὡς
468 1889 500 1914 ἐκ
513 1887 659 1923 προσώπου
673 1887 726 1915 τῶν
742 1889 805 1923 περὶ
816 1889 862 1915 τὸν

107 1932 191 1959 Δαυῖδ
204 1933 328 1968 ἑταίρων.
347 1933 420 1968 αὐτῷ
441 1933 480 1968 τῷ
504 1933 583 1959 Δαυῗδ
595 1932 786 1969 ἐπευχομένων
801 1943 861 1960 ποι-

106 1977 183 2003 οὖντι
207 1976 313 2003 θυσίαν.
341 1977 518 2011 Ἀναφέρεται
538 1977 567 2002 δὲ
592 1978 638 2003 καὶ
654 1979 693 2008 εἰς
716 1977 860 2013 πρόσωπον

106 2021 163 2047 τῶν
186 2021 353 2054 ἀποστόλων,
377 2022 414 2053 ὡς
440 2023 468 2048 ἐν
491 2022 583 2058 ἡμέρᾳ
602 2023 648 2049 τοῦ
675 2023 789 2059 σταυροῦ
811 2025 860 2060 ρη-

107 2065 210 2097 θέντος.

113 2112 299 2139 Ἐπακούσαι
318 2120 376 2139 σου
400 2114 416 2139 ὁ
431 2113 539 2147 Κύριος
553 2114 587 2140 ἐν
608 2113 702 2148 ἡμέρᾳ
717 2115 854 2149 θλίψεως.

76 2156 240 2192 Προστεθείη
261 2165 319 2182 σοι·
333 2157 486 2186 Σκεπάσαι
504 2165 551 2190 σε,
572 2158 685 2192 φυλάξαι
703 2167 742 2185 σε.
771 2159 855 2191 Ἐξα-

76 2203 229 2229 matella;
250 2209 300 2228 σοι
317 2202 461 2235 βοήθειαν
487 2203 522 2234 ἐξ
546 2203 641 2237 ἁγίου,
666 2204 714 2230 καὶ
731 2205 764 2230 ἐκ
781 2204 857 2231 Σιὼν

956 1566 1075 1602 [Etenim
1093 1573 1181 1592 serrus
1198 1570 1258 1592 tuus
1281 1565 1396 1592 custodit
1415 1574 1456 1592 ea.
1476 1565 1526 1598 Qui
1544 1566 1700 1600 evangelica

913 1611 972 1646 lege
986 1611 1107 1638 imbutus
1120 1615 1163 1638 est
1178 1610 1294 1645 populus
1305 1618 1403 1642 novus,
1415 1611 1460 1645 qui
1474 1611 1575 1645 judicia
1594 1620 1657 1641 vera
1669 1621 1698 1642 se

914 1657 1051 1684 custodire
1068 1656 1144 1687 dicit,
1166 1663 1261 1690 preces
1285 1655 1384 1688 fundit,
1400 1662 1429 1683 ut
1448 1661 1473 1683 et
1490 1657 1573 1685 animi
1591 1659 1695 1694 cogitn—

914 1702 1032 1728 tionibus
1045 1709 1130 1735 purus
1146 1700 1377 1734 deprehendatur,
1388 1701 1421 1729 ab
1434 1704 1609 1738 extentisque
1621 1703 1697 1731 simi—

913 1748 974 1774 liter
991 1746 1162 1773 dmmonibus
1181 1745 1336 1782 liberetur.]

1016 1791 1035 1818 l.
1052 1791 1082 1818 In
1096 1791 1189 1825 ﬁnem,
1206 1791 1376 1820 PSALMUS
1390 1792 1493 1820 Duvidi.
1503 1793 1584 1821 XIX.

1054 1847 1056 1850 ν
1212 1838 1414 1872 Argumentum.

912 1879 1016 1907 Dicitur
1029 1881 1073 1908 hic
1090 1882 1212 1916 psalmus
1237 1887 1367 1918 tanquam
1390 1892 1421 1911 ex
1442 1891 1558 1919 persona
1577 1883 1694 1911 familia-

945 1927 1015 1952 rium
1031 1926 1116 1961 ipsius
1131 1927 1239 1954 Davidis
1250 1948 1257 1961 ,
1276 1928 1322 1963 qui
1343 1929 1393 1962 ipsi
1419 1929 1511 1956 Davidi
1528 1930 1692 1956 sacriﬁcium

945 1970 1068 1998 oﬂ‘erenti
1093 1971 1161 1997 bene
1188 1977 1344 2005 precantur.
1370 1972 1497 2000 Refertur
1526 1981 1635 2008 quoque
1657 1975 1691 2000 ad

945 2023 1089 2050 personam
1120 2017 1316 2051 apostolorum,
1333 2018 1412 2052 quasi
1432 2026 1463 2045 ea
1487 2019 1545 2053 ipsa
1568 2019 1612 2046 die
1626 2027 1691 2054 pro-

947 2063 1087 2090 nuntiatus
1100 2071 1154 2098 qua
1170 2064 1244 2091 cruci
1263 2064 1395 2092 Dominus
1414 2065 1507 2098 aflixus
1523 2071 1573 2092 est.

941 2108 967 2135 2.
998 2108 1134 2135 Exaudiat
1161 2113 1184 2136 te
1214 2109 1344 2138 Dominus
1371 2112 1398 2137 in
1423 2111 1464 2138 die
1487 2112 1664 2140 tribulationis
1680 2121 1690 2140 .'

907 2154 978 2181 adsit
992 2155 1040 2181 tibi
1057 2164 1063 2181 :
1078 2159 1197 2190 protegat
1212 2161 1246 2188 te,
1268 2156 1293 2183 id
1308 2162 1359 2189 est,
1374 2158 1509 2185 custodiat
1528 2163 1565 2185 te.

948 2201 975 2228 5.
1000 2201 1088 2228 Miltat
1103 2201 1149 2228 tibi
1163 2203 1294 2229 auxilium
1305 2203 1335 2229 de
1348 2209 1478 2236 sancto,et
1493 2205 1523 2231 de
1540 2204 1603 2232 Sion
1615 2209 1690 2232 tuea-

76 2247 260 2275 ἀντιλάϐοιτό
272 2255 340 2274 σου.
356 2248 436 2281 Λέγοι
456 2248 478 2274 δ’
498 2248 530 2274 ἂν
549 2248 634 2275 ταῦτα
656 2249 724 2284 πρὸς
742 2249 790 2285 τὴν
809 2249 856 2276 τοῦ

930 2254 953 2271 ιν
971 2249 1005 2272 te.
1023 2245 1085 2273 Ilaec
1121 2246 1154 2274 ad
1185 2247 1399 2275 consolationem
1429 2249 1518 2275 animo
1540 2250 1688 2277 deficientis

77 2292 241 2328 αθυμοῦντος
263 2292 438 2328 παραμυθίαν
462 2293 477 2328 ἢ
503 2294 517 2319 ὁ
538 2294 698 2329 ἐνυπάρχων
726 2296 758 2329 τῇ
782 2293 854 2329 ψυχῇ

77 2338 168 2373 Λόγος,
186 2339 202 2374 ἢ
218 2339 249 2365 τὸ
266 2339 343 2372 ἆγιον
361 2338 481 2373 Πνεῦμα.
504 2339 594 2374 Εὺχῆς
607 2339 635 2366 δὲ
649 2339 689 2365 δεῖ
708 2339 747 2373 τῷ
768 2339 856 2365 θλιϐο-

57 2396 59 2398 ·
78 2384 156 2419 μένῳ.
174 2385 220 2411 καὶ
232 2384 279 2411 τοῦ
294 2385 331 2420 μὴ
345 2384 506 2412 καταϐαλεῖν
518 2385 566 2416 τὰς
579 2384 688 2416 ἐλπίδας
700 2393 706 2399 ·
719 2384 788 2410 οὕτω
800 2385 854 2420 γὰρ

77 2428 137 2460 Θεὸς
153 2431 269 2465 ἐπήκοος
286 2429 401 2462 γίνεται.

113 2476 363 2510 Ἀταλλιασόμεθα
381 2475 429 2502 ἐπὶ
449 2475 488 2508 τῷ
509 2475 643 2509 σωτηρίῳ
663 2482 730 2502 σου.
761 2475 849 2510 Σωτή-

78 2530 128 2555 ριος
138 2523 184 2548 τοῦ
197 2523 304 2559 [ἰατρὸς
314 2524 342 2549 ὲν
357 2523 451 2558 κόσμῳ
463 2524 477 2549 ὁ
493 2523 564 2554 rus;-
578 2523 708 2558 σωτήριον
722 2522 768 2548 τοῦ
782 2522 847 2548 Υἱοῦ

76 2567 101 2591 ἐν
114 2568 205 2602 κόσμῳ
220 2569 235 2594 ὁ
253 2568 379 2601 σταυρὸς.

107 2611 380 2646 [Ἀταλλιασόμεθα
406 2613 441 2638 ἐν
456 2611 495 2645 τῷ
509 2614 643 2646 σωτηρίῳ
659 2619 726 2640 σου.
743 2613 780 2640 Τὸ
793 2621 846 2640 σω-

76 2656 170 2690 τήριον,
189 2657 282 2691 φησὶν,
300 2657 315 2682 ὂ
331 2657 446 2688 δέδωκας
463 2657 502 2692 τῷ
523 2657 684 2693 ἀνθρωπίνῳ
700 2658 781 2692 γένει,
803 2658 846 2685 διὰ

76 2702 120 2736 τῆς
131 2703 177 2738 σῆς
191 2703 367 2736 ἀναστάσεως
382 2704 448 2734 πᾶσι
463 2703 577 2738 φανερὸν
596 2703 794 2740 κατέστησας.]

107 2771 128 2786 ’⁸
147 2770 231 2799 lCor.
246 2779 265 2798 ll
294 2771 322 2798 9.

110 2837 144 2878 (6)
160 2838 221 2867 Hae
241 2839 334 2866 Daniel
351 2840 483 2868 Barbarus
496 2841 538 2868 tril
551 2841 588 2869 ttit
603 2842 722 2878 Origeni.

904 2290 1020 2318 fortasse
1033 2291 1132 2318 dixerit
1143 2291 1260 2319 Verbum
1279 2294 1349 2328 quod
1361 2295 1387 2321 in
1403 2295 1491 2321 anitna
1507 2295 1621 2328 exsistit,
1640 2300 1687 2323 aut

907 2336 1026 2371 Spiritus
1049 2343 1172 2365 sanctus.
1200 2338 1361 2368 Precatione
1386 2345 1476 2368 autem
1498 2350 1568 2376 opus
1591 2343 1615 2369 ei
1639 2343 1686 2377 qui

905 2383 1023 2417 angitur,
1052 2391 1103 2411 nec
1130 2385 1280 2413 amittenda
1304 2394 1377 2421 spes,
1402 2388 1444 2415 sic
1474 2396 1591 2423 namque
1615 2388 1685 2417 Deus

903 2427 1177 2468 eﬂiciturvpropitius.

937 2473 963 2500 6.
979 2473 1138 2501 Ltetabimut
1155 2476 1182 2501 in
1206 2475 1321 2502 salutari
1338 2481 1392 2503 tuo.
1410 2475 1534 2505 Salutarc
1552 2477 1640 2506 Patris
1656 2479 1683 2505 in

903 2519 1005 2546 mundo
1018 2519 1102 2547 Filius
1119 2530 1126 2547 :
1142 2521 1263 2549 salutare
1280 2522 1339 2550 Filii
1355 2523 1380 2550 in
1394 2524 1496 2551 tnundo
1509 2532 1585 2552 crux.

939 2610 1153 2646 [Exsultabimus
1173 2613 1201 2640 in
1221 2613 1334 2641 salutari
1351 2619 1404 2641 tuo.
1427 2614 1565 2647 Salutare,
1582 2615 1680 2650 inquit,

900 2656 971 2690 quod
980 2657 1200 2685 dedistihumano
1209 2660 1309 2693 generi,
1319 2668 1366 2694 per
1374 2665 1447 2688 tuam
1456 2662 1680 2689 resurrectionem

901 2701 1026 2730 omnibus
1047 2704 1219 2732 manifestum
1234 2705 1331 2734 fecisti.
1343 2705 1387 2733 Sic
1403 2706 1498 2734 Daniel
1516 2707 1677 2741 Barbarus.)
