1938 3053
251 144 302 173 ΙΞΊ

652 152 682 179 S.
702 152 890 182 ATHANASH
913 155 988 184 OPP.
1013 157 1104 186 PARS
1125 159 1170 187 ΙΙΙ.
1187 177 1220 182 -
1238 161 1444 191 EXEGETICA.

1815 168 1864 197 128

285 203 311 230 7.
326 203 438 238 Impleat
453 205 580 235 Dominus
597 216 684 237 omnes
704 211 841 244 petitiones
869 216 940 240 tuas.
966 213 1031 247 Quae

1117 219 1273 252 Πληρώσαι
1287 221 1393 255 Κύριος
1404 220 1501 248 πάντα
1516 222 1550 248 τὰ
1562 222 1707 256 alt-rutam
1718 231 1787 250 σου.
1802 225 1869 252 Τίνα

249 255 326 277 erant
341 251 483 285 petitiones
497 273 504 285 ,
521 254 583 287 nisi,
612 254 696 282 Pater
718 262 819 288 sancte,
843 266 918 285 serua
933 267 976 286 eos
1000 260 1032 288 de

249 298 347 322 mundo
360 297 381 312 "
394 296 405 323 ?
418 296 510 325 Palam
525 304 614 327 autem
627 306 669 328 est
686 301 719 328 de
732 303 905 332 credentibus
926 304 953 332 in
969 313 1031 332 eum

248 341 312 368 dici.
329 340 394 376 [Aut
412 341 540 371 Davidem
570 350 617 373 aut
639 345 783 374 Ezechiam
811 348 887 381 dicit,
911 355 1031 386 tempore

247 386 353 413 scilicet
370 388 542 416 sacerdotum
563 394 590 417 et
603 399 708 426 regum,
727 397 774 419 aut
790 399 899 428 propter
921 403 1031 423 (eoeno-

248 431 329 458 uiiam
350 431 457 459 Domini
475 435 623 462 secundum
635 444 755 468 carnem,
773 443 800 464 et
814 444 923 474 propter
940 448 1031 467 resur—

247 477 394 503 rectionem
410 486 416 510 ;
433 483 480 505 aut
496 479 559 515 quia
576 481 655 508 nobis
667 482 780 510 salutem
794 487 959 518 consecutis,
973 487 1030 520 ipse

246 522 361 549 salutem
381 524 504 552 obtinere
515 526 624 558 dicitur,
641 529 689 562 qui
709 533 735 555 et
747 537 840 557 curam
856 531 970 566 hujusce
984 533 1030 560 ha-

245 566 330 600 bebit,
348 576 410 596 cum
429 578 512 597 unum
531 579 631 606 corpus
646 573 742 602 simus.
760 574 942 607 Quamobrem
957 586 1028 606 nunc

245 614 328 641 dicit:
355 614 384 642 lu
410 617 537 650 pra‘senti
559 619 658 653 quippe
680 621 871 655 cognoscimus
888 622 1026 650 Christum

245 660 359 686 salutem
375 666 496 695 nactum,
512 663 576 697 quia
594 664 656 692 inde
671 673 721 693 nos
745 672 845 694 nostra:
870 667 968 702 pignus
984 677 1028 695 sa-

244 705 310 733 lutis
325 708 486 742 accipimus.
504 708 599 736 Salvos
613 714 704 738 autem
723 711 813 739 fecisti
837 721 887 740 nos
909 722 955 748 per
973 715 1027 741 vir-

243 756 327 779 tutem
335 753 452 781 dextera!
460 755 667 783 tuambexteram
678 757 745 784 dixit
754 759 963 792 opera,virtutes
973 769 1028 788 ma~

244 805 323 831 gnas,
337 799 470 826 auxilium
485 809 492 827 :
505 805 552 827 aut
564 800 654 828 divina
670 802 747 837 signa
760 804 882 837 praedicit
895 805 1026 833 aChristo

243 843 451 880 edenda.]Nunc
462 847 568 881 cognovi
578 848 703 882 quoniam
713 849 814 876 salvum
827 850 888 885 fecit
899 851 1026 880 Dominus

1085 260 1119 297 ἦν
1130 263 1162 290 τὰ
1176 264 1320 299 αἰτήματα,
1332 266 1348 301 ἢ
1362 266 1402 298 τὸ,
1417 266 1511 301 Πάτερ
1527 267 1601 301 ᾶγιε,
1613 267 1747 301 τήρησον
1756 270 1867 303 αὐτοὺς

1084 308 1118 335 ἐκ
1134 309 1187 335 τοῦ
1203 311 1336 344 κόσμου;
1351 312 1433 347 Δῆλον
1447 312 1489 344 δὲ,
1503 313 1544 338 ὅτι
1558 314 1621 345 τοὺς
1633 315 1809 348 πιστεύοντας
1829 318 1866 348 εὶς

1084 354 1173 380 αὐτόν.
1195 353 1247 390 [Ἢ
1261 356 1306 382 τὸν
1316 357 1422 393 Δαυῖδῆ
1437 359 1481 384 τὸν
1498 359 1636 391 Ἐζεκίαν·
1650 361 1691 394 ἐφ¹
1709 362 1802 396 ἱερέων
1814 363 1868 397 γὰρ

1083 400 1130 426 καὶ
1144 400 1288 435 βασιλέων,
1305 403 1321 437 ἢ
1338 403 1381 430 διὰ
1395 404 1443 438 τὴν
1458 404 1528 431 κατὰ
1545 405 1633 440 σάρκα
1649 407 1694 432 τοῦ
1712 408 1814 443 Κυρίου
1829 410 1867 434 ol-

1083 446 1208 480 κονομίαν
1222 447 1267 473 καὶ
1281 448 1439 476 ἀνάστασιν·
1457 449 1473 484 ἢ
1491 450 1537 476 καὶ
1550 451 1589 477 ὅτι
1604 451 1763 486 σωζομένων
1777 453 1865 488 ἡμῶν,

1083 490 1163 523 αὐτὸς
1179 492 1251 526 λέγει
1265 493 1396 526 σώζεσθαι
1408 514 1414 525 ,
1434 492 1464 521 οὗ
1485 496 1530 521 καὶ
1546 496 1656 532 μελήσει
1678 498 1726 532 μὲν
1743 498 1868 533 σώματος

1081 537 1155 569 ὄντες
1174 538 1241 570 ἑνός.
1269 539 1314 574 Διὸ
1327 541 1373 567 καὶ
1387 541 1434 567 νῦν
1451 540 1539 568 εἶπεν·
1574 543 1617 569 Ἑν
1633 544 1686 580 γὰρ
1701 545 1740 580 τῷ
1754 546 1867 581 παρόντι

1081 582 1248 618 γινώσκομεν
1273 585 1424 619 σωζόμενον
1440 587 1484 612 τὸν
1500 587 1632 623 Χριστὸν,
1651 590 1688 623 τῷ
1705 590 1867 618 ἀπεντεῦθεν

1081 629 1227 664 ἀρραϐῶνα
1240 631 1313 665 ἡμᾶς
1327 632 1450 666 δέχεσθαι
1468 634 1613 669 σωτηρίας.
1642 636 1766 667 Ἐσωσας
1782 637 1809 663 δὲ
1824 637 1867 664 διὰ

1080 674 1129 708 τῆς
1141 675 1297 708 δυναστείας
1314 677 1362 711 τῆς
1375 677 1464 710 δεξιᾶς
1482 688 1538 706 σου.
1571 679 1666 712 Δεξιὲιν
1680 681 1727 713 τὰς
1743 683 1866 718 πράξεις,

1079 719 1128 750 τὰς
1153 720 1272 754 μεγάλας
1293 721 1439 756 δυνάμεις,
1462 722 1509 758 τὴν
1527 724 1650 760 βοήθειαν
1667 726 1766 752 εἰπών’
1788 727 1867 762 ἣτὰς

1081 764 1243 800 θεοσημείας
1270 769 1461 802 προαναφωνεῖ
1485 769 1532 796 τοῦ
1557 771 1707 808 Χριστοῦ.]
1739 772 1804 800 Νῦν
1818 773 1865 807 ἐγ-

1078 818 1155 843 νων,
1182 811 1227 838 ὅτι
1251 813 1349 840 ἔσωσε
1363 815 1469 848 Κύριος
1485 815 1539 842 τὸν
1553 817 1681 850 Χριστὸν
1701 819 1809 851 αὐτοῦ,
1829 819 1866 851 ὼς

1079 855 1128 891 ἤδη
1156 859 1369 894 φωταγωγηθεὶς
1383 859 1427 887 διὰ
1447 860 1494 887 τοῦ
1511 862 1667 898 Πνεύματος
1683 864 1718 891 τὰ
1736 865 1800 900 περὶ
1814 865 1866 900 τῆς

243 889 378 917 Christum
393 900 480 924 suum,
493 897 587 927 utpote
595 895 651 928 jam
664 894 833 923 illuminatus
841 905 887 931 per
897 897 1026 932 Spiritum

1085 900 1128 928 ἱνα
1132 909 1162 926 στ
1166 901 1251 932 ἁσεως
1256 923 1262 929 .

242 939 366 963 sanetum
374 937 445 964 circa
453 945 484 965 ea
493 947 554 973 quae
565 941 793 968 resurrectionem
810 947 943 977 spectant.

277 1023 312 1052 In
328 1027 505 1059 potentatibus
521 1028 616 1056 solum
627 1030 742 1058 dextera
755 1039 822 1066 qus.
838 1031 969 1064 Salutem,
987 1033 1027 1060 iu-

242 1071 312 1104 quit,
330 1071 410 1099 nobis
425 1073 520 1100 tribuit
534 1082 646 1109 magnas
658 1076 774 1104 virtutes
786 1083 924 1111 operatus.
939 1079 1025 1114 Opera

243 1123 362 1151 namque
388 1117 432 1146 hic
459 1119 596 1153 signiﬁcat
619 1129 651 1148 eo
669 1122 742 1156 quod
771 1124 885 1151 virtutes
909 1125 1027 1152 dexterte

243 1163 440 1192 accedentibus
457 1166 586 1200 porrigat.
601 1165 664 1202 [llli,
681 1168 779 1202 inquit,
794 1169 837 1196 his
849 1170 942 1197 confisi
955 1171 1026 1197 ceci~

242 1208 362 1236 derunt:
382 1217 433 1236 nos
457 1215 547 1238 autem
568 1212 594 1238 in
611 1211 722 1240 nomine
742 1213 847 1241 Domini
874 1215 958 1242 armis
982 1216 1024 1243 in-

241 1255 348 1286 structi,
358 1255 472 1283 salutem
487 1257 558 1283 nacti
572 1257 693 1294 sumus.]
705 1258 847 1287 Dexteram
862 1261 906 1288 hic
917 1269 1025 1296 quoque

243 1300 363 1326 humano
386 1308 462 1328 more
481 1301 617 1337 loquendo
638 1309 719 1331 vocat
739 1305 858 1333 divinam
884 1309 1024 1342 operatio-

241 1352 315 1371 nem.

275 1391 302 1418 8.
317 1390 354 1418 Ili
368 1392 395 1419 in
409 1393 541 1425 curribus,
557 1398 581 1420 et
594 1395 621 1421 Itt'
640 1394 667 1421 in
681 1396 762 1430 equis.
776 1396 1021 1432 Quemadmodum,

239 1446 302 1465 cum
319 1438 443 1466 lsraelem
460 1441 575 1474 eriperet
591 1449 605 1468 a
618 1443 791 1470 sensibilibus
807 1443 941 1480 [Egyptis
960 1453 1022 1473 cur-

240 1493 287 1512 rus
303 1485 455 1514 Pharaonis
479 1492 506 1514 ct
521 1489 647 1515 virtutem
668 1489 728 1523 ejus
740 1491 854 1524 projecit
876 1491 902 1517 in
925 1499 1019 1519 mare:

240 1531 277 1558 ita
291 1540 351 1560 cum
367 1537 451 1560 totum
467 1535 606 1561 hominum
626 1543 711 1569 genus
725 1536 850 1563 liberaret
866 1544 881 1563 a
895 1537 1022 1572 spiritua-

239 1577 311 1605 libus
331 1578 474 1614 Egyptiis,
490 1589 587 1608 currus
601 1582 738 1609 contrivit.

274 1624 316 1652 10.
335 1625 457 1659 Domine,
475 1627 576 1653 salvum
597 1627 640 1661 fac
653 1635 748 1662 regem.
776 1626 894 1655 Proinde
916 1633 1019 1656 tantum

238 1671 310 1699 nacti
340 1673 543 1707 patrocinium,
571 1674 758 1708 supplicamus
788 1674 858 1706 tibi,
888 1674 1019 1707 Domine,

238 1721 345 1745 utcqu
371 1725 437 1750 nos,
467 1723 523 1746 tum
551 1727 597 1747 rex
616 1725 710 1747 uoster
739 1727 771 1747 eo
801 1720 925 1747 fruamur
950 1721 1021 1748 assi-

237 1762 299 1790 due.

330 1808 341 1835 1
365 1807 404 1839 In
421 1809 509 1842 ﬁnem,
529 1809 700 1838 PSALMUS
716 1810 822 1838 Davidi.
839 1810 891 1838 XX

528 1857 726 1891 Argumentum.

236 1898 314 1927 Hunc
325 1907 434 1936 quoque
447 1902 580 1935 psalmum
600 1903 676 1937 prius
693 1903 837 1930 memorati
852 1903 932 1930 amici
948 1903 1020 1939 regis

271 1946 410 1974 offerunt:
431 1951 560 1982 tanquam
578 1948 685 1975 hctaute
704 1949 751 1975 illo
766 1949 838 1983 quod
862 1957 894 1976 ex
916 1949 1021 1976 semine

270 1992 358 2027 ipsius
384 1998 509 2020 exortum
539 1995 642 2021 mundo
671 1995 707 2022 sit
729 1995 857 2022 salutare.
882 1994 939 2022 lloe
962 1999 1021 2022 erat

269 2039 342 2066 enim
361 2039 434 2073 quod
452 2048 484 2066 ex
509 2040 602 2066 animo
627 2041 807 2074 peroplabat,
830 2041 945 2075 darique
968 2041 1019 2068 sihi

270 2086 386 2113 maxime
397 2086 576 2120 supplicabat.
592 2085 669 2119 Quod
683 2087 728 2113 ubi
742 2094 902 2114 concessum
913 2087 1018 2119 fuisset,

270 2130 372 2158 factum
395 2131 446 2166 ipsi
467 2136 509 2159 est
529 2139 578 2159 ceu
600 2140 700 2159 corona
713 2133 835 2166 qua3dam
851 2141 884 2159 ex
901 2133 1020 2167 pretioso

273 2176 361 2211 lapide
370 2177 504 2209 confecta,
514 2185 566 2212 qua
579 2182 660 2212 caput
671 2183 818 2205 exornaret
831 2187 921 2206 suum.
934 2178 1017 2204 David

1034 1561 1055 1589 C

269 2223 341 2250 enim
362 2224 431 2257 apud
450 2231 544 2251 omnes
557 2229 648 2258 gentes
662 2231 724 2250 cum
738 2224 852 2251 Domino
871 2231 921 2251 suo
935 2228 1015 2257 atque
1033 2228 1053 2255 ο

268 2269 324 2296 lilio
341 2269 489 2296 scentulum
503 2277 624 2302 carnem,
642 2270 770 2297 laudibus
786 2270 948 2296 celebratur.
963 2268 1016 2296 Ne-

266 2321 319 2348 que
345 2321 445 2341 corona
472 2319 576 2341 tantum
597 2315 648 2342 fuit
669 2316 705 2342 illi
722 2315 774 2343 hoc
791 2316 934 2346 salutare;
960 2314 1015 2340 imo

264 2361 346 2388 etiam
369 2361 434 2390 vita.
453 2365 480 2388 et
496 2362 662 2389 diuturnitas
684 2362 898 2394 incolumitatis,
917 2361 1013 2396 gloria,

266 2406 477 2440 magniﬁcentia,
493 2408 594 2440 lartitia,
612 2408 753 2443 gaudium,
777 2415 839 2442 spes
854 2412 881 2434 et
906 2407 1015 2434 miseri-

265 2452 358 2478 cordia
374 2461 512 2486 nnnquam
528 2458 639 2480 nutans.

264 2497 292 2524 2.
305 2497 425 2530 Domine,
440 2498 466 2524 in
479 2499 574 2526 virtute
594 2505 639 2525 tua
657 2498 793 2525 [relabitur
809 2506 865 2526 rex.

265 2572 290 2599 7.
307 2571 439 2604 Quoniam
457 2573 532 2600 dabis
548 2581 607 2600 eum
622 2574 650 2600 in.
672 2573 876 2600 benedictionem
891 2574 919 2600 in
934 2582 1014 2601 sozcu-

229 2619 283 2646 lum
303 2619 405 2646 siccati.
421 2619 449 2646 ln
464 2620 602 2652 omnibus,
616 2620 714 2654 inquit,
731 2620 953 2654 generationibus
973 2628 1013 2648 ee-

229 2666 312 2693 lebris
329 2672 354 2693 et
368 2666 516 2701 praeclarus
530 2666 591 2697 erit,
609 2666 680 2700 quod
700 2671 801 2693 tantam
818 2674 832 2694 a
846 2672 871 2694 te
886 2667 1011 2694 ﬁduciam

229 2712 374 2746 acceperit.
400 2711 468 2738 Nam
494 2712 570 2744 illud,
588 2720 647 2739 cum
664 2712 737 2738 uultu
760 2718 822 2745 tuo,
839 2713 921 2740 vertit
938 2712 1014 2749 Sym-

229 2759 355 2789 machus,
373 2757 443 2792 apud
459 2757 559 2784 uultum
574 2763 658 2784 tuum.
679 2757 783 2786 Laetitia
805 2759 906 2794 itaque,
922 2759 970 2790 ait,
986 2764 1013 2786 et

265 2845 286 2861 ²¹¹
298 2844 375 2872 Joan.
392 2854 457 2879 xm,
476 2846 516 2873 Η.

1111 1038 1158 1064 Ἑν
1167 1038 1358 1073 δυναστείαις
1368 1040 1421 1075 τῆς
1429 1043 1578 1075 σωτηρίας
1588 1043 1643 1076 τῆς
1650 1043 1751 1077 δεξιᾶς
1759 1046 1863 1073 αὑτοῦ.

1077 1081 1199 1110 Ἔσωσεν
1214 1085 1288 1119 ἡμᾶς
1298 1105 1306 1115 ,
1321 1086 1387 1121 φησὶ
1400 1106 1407 1117 ,
1425 1086 1554 1122 δυνάμεις
1570 1089 1690 1122 μεγάλας
1707 1090 1865 1126 ἐργασάμευ

1074 1136 1128 1159 νος.
1164 1128 1219 1160 Τὰς
1234 1129 1348 1165 πράξεις
1362 1131 1416 1167 γὰρ
1430 1132 1547 1159 ἐνταῦθα
1564 1134 1691 1168 σημαίνει
1703 1135 1747 1162 διὰ
1759 1136 1807 1167 τὰς
1821 1137 1864 1163 δε-

1075 1171 1134 1204 ξιὰς
1156 1173 1283 1209 δυνάμεις
1302 1177 1358 1208 τοῖς
1377 1177 1534 1212 προσιοῦσιν
1561 1178 1678 1214 ὀρέγειν.
1723 1180 1733 1216 [
1751 1181 1865 1208 Ἐκεῖνοι

1075 1218 1133 1253 μὲν,
1151 1220 1226 1254 φησὶ,
1244 1221 1400 1253 πεποιθότες
1415 1223 1461 1249 ἐπὶ
1473 1223 1588 1256 τούτοις,
1606 1225 1717 1253 ἔπεσον·
1731 1227 1811 1262 ἡμεῖς
1823 1227 1863 1260 δὲ,

1073 1265 1102 1290 ὲν
1120 1265 1230 1300 ὀνόματι
1243 1267 1345 1301 Κυρίου
1361 1267 1597 1303 καθωπλισμένοι,
1613 1270 1786 1308 ὲσώθημεν.]
1815 1274 1864 1299 Δε-

1073 1308 1132 1342 ξιὰν
1150 1311 1178 1336 δὲ
1194 1311 1276 1338 πάλιν
1291 1313 1408 1339 ἐνταῦθα
1425 1313 1602 1349 ἀνθρωπίνως
1622 1313 1682 1342 εἷπε
1694 1336 1701 1348 ,
1724 1316 1772 1352 τὴν
1787 1317 1863 1345 θείαν

1072 1354 1157 1386 οὕτως
1170 1356 1310 1392 ὀνομάζων
1323 1358 1472 1394 ἐνέργειαν.

1113 1400 1199 1429 Οὗτοι
1215 1403 1250 1428 ἐν
1264 1402 1385 1437 ἅρμασι,
1406 1404 1454 1430 καὶ
1470 1402 1552 1431 οὗτοι
1571 1405 1607 1432 ἐν
1628 1406 1740 1440 ἵπποις.
1757 1409 1862 1446 ’Ὠσπερ

1071 1447 1124 1474 τῶν
1137 1447 1272 1483 αἰσθητῶν
1286 1450 1442 1484 Αἰγυπτίων
1459 1449 1552 1482 σώζων
1566 1450 1612 1477 τὸν
1633 1452 1739 1490 Ἰσραὴλ
1749 1475 1756 1487 ,
1774 1456 1862 1491 ἅρμα-

1070 1501 1104 1519 τα
1117 1493 1215 1528 Φαραὼ
1231 1495 1278 1520 καὶ
1294 1495 1344 1530 τὴν
1359 1495 1472 1530 δύναμιν
1487 1497 1570 1523 αὑτοῦ
1584 1498 1694 1534 ἔρριψεν
1710 1501 1749 1532 εἰς
1763 1501 1862 1528 θάλασ-

1072 1547 1138 1570 σαν,
1164 1539 1234 1565 οὕτω
1249 1540 1296 1566 καὶ
1318 1540 1426 1567 πάντων
1443 1542 1592 1578 ἀνθρώπων
1618 1544 1711 1577 σώζων
1730 1545 1760 1572 τὸ
1782 1547 1861 1581 γένος

1071 1584 1125 1610 τῶν
1141 1585 1243 1620 νοητῶν
1258 1585 1424 1620 Αἰγυπτίων,
1443 1588 1585 1624 συνέτριψε
1602 1590 1636 1617 τὰ
1652 1591 1773 1626 ἅρματα.

1107 1631 1205 1663 Κύριε,
1223 1631 1325 1658 σῶσον
1340 1632 1392 1659 τὸν
1409 1633 1551 1666 βασιλέα.
1569 1635 1712 1672 Τοιγάρτοι
1725 1636 1860 1672 τοσαύτης

1071 1676 1273 1709 ἀπολαύσαντες
1289 1678 1456 1713 ἀντιλήψεως
1469 1681 1635 1716 ἱκετεύομεν,
1653 1682 1775 1710 Δέσποτα
1786 1704 1794 1717 ,
1810 1683 1860 1710 καὶ

1071 1723 1143 1757 ἡμᾶς
1158 1722 1254 1754 αὐτοὺς
1268 1723 1314 1749 καὶ
1327 1724 1372 1750 τὸν
1384 1726 1516 1761 ἡμέτερον
1529 1726 1640 1762 βασιλέα
1653 1728 1753 1764 ταύτης
1772 1737 1860 1764 μετα-

1071 1767 1214 1802 λαγχάνειν
1229 1767 1369 1802 διηνεκῶς.
1527 1772 1530 1776 “

1176 1814 1227 1845 Εἰς
1240 1812 1343 1846 τέλος,
1363 1815 1516 1841 ΨΑΛΜΟΣ
1529 1814 1569 1848 τῷ
1583 1816 1682 1844 Δαυΐδ.
1703 1817 1751 1844 K'.

1382 1859 1547 1893 ’Υπόθείηᾳ

1069 1903 1124 1929 Καὶ
1141 1903 1234 1931 τοῦτον
1247 1904 1292 1931 τὸν
1311 1905 1418 1940 ψαλμὸν
1431 1907 1454 1932 οξ
1472 1906 1687 1941 προδηλωθέντες
1698 1909 1800 1945 ἑταῖροι
1811 1909 1861 1936 τοῦ

1106 1948 1236 1983 βασιλέως
1252 1950 1473 1986 ἀναπέμπουσιν,
1490 1952 1527 1982 ὡς
1547 1952 1596 1987 ἥδη
1613 1953 1694 1979 αὐτοῦ
1712 1954 1860 1989 εὐφραινο-

1107 1995 1187 2028 μένου
1202 1996 1245 2022 διὰ
1260 1997 1289 2022 τὸ
1302 1997 1333 2023 ἐκ
1344 1997 1500 2032 σπέρματος
1513 1997 1594 2023 αὐτοῦ
1607 1999 1805 2033 γεγεννημένον
1818 2001 1861 2037 τῷ

1105 2041 1198 2076 κόσμῳ
1216 2043 1356 2078 σωτήριον.
1384 2043 1468 2069 Τοῦτο
1491 2043 1545 2079 γὰρ
1563 2041 1596 2079 ἦν
1608 2044 1621 2070 ὃ
1641 2045 1771 2081 ἐπεθύμει
1786 2048 1860 2074 κατὰ

1103 2085 1201 2121 ψυχὴν,
1215 2088 1261 2113 καὶ
1276 2088 1363 2114 ἐδέετο
1379 2088 1481 2115 λαϐεῖν.
1498 2090 1586 2126 Ὅπερ
1599 2091 1644 2117 καὶ
1658 2090 1733 2118 δοθὲν
1745 2092 1860 2127 γέγονεν

1103 2132 1176 2166 αὐτῷ
1188 2129 1232 2159 οἷά
1243 2141 1284 2164 τις
1302 2133 1431 2168 στέφανος
1445 2135 1476 2160 ἐκ
1487 2135 1562 2161 λίθου
1574 2136 1663 2171 τιμίου
1676 2137 1725 2172 τὴν
1735 2139 1858 2174 κεφαλὴν

1102 2176 1237 2210 δοξάζων·
1268 2178 1407 2210 δοξάζεται
1434 2179 1487 2215 γὰρ
1505 2181 1532 2206 ὲν
1551 2182 1616 2207 πᾶτι
1633 2184 1688 2214 τοῖς
1715 2182 1818 2209 ἔθνεσιν
1842 2187 1858 2211 ὁ

1101 2222 1182 2249 Δαυῖδ
1204 2223 1273 2258 μετὰ
1293 2224 1339 2250 τοῦ
1361 2224 1465 2260 Κυρίου
1488 2226 1585 2252 ἑαυτοῦ
1606 2228 1652 2254 καὶ
1669 2229 1726 2254 υἱοῦ
1739 2229 1768 2256 τὸ
1785 2231 1856 2257 κατὰ

1103 2268 1203 2300 σάρκα.
1233 2270 1270 2296 Οὐ
1289 2270 1366 2304 μόνον
1383 2270 1409 2296 δὲ
1423 2271 1551 2306 στέφανος
1565 2273 1638 2308 αὐτῷ
1652 2274 1744 2307 γέγονε
1758 2274 1787 2301 τὸ
1803 2284 1856 2302 σω-

1101 2315 1208 2349 τήριον,
1227 2314 1294 2342 ἀλλὰ
1311 2316 1358 2342 καὶ
1375 2315 1447 2352 ζωὴ,
1462 2317 1509 2344 καὶ
1527 2319 1765 2355 μακροημὲρευσις
1776 2341 1782 2352 ,
1807 2322 1855 2348 καὶ

1102 2358 1176 2390 δόξα,
1189 2360 1235 2385 καὶ
1254 2360 1484 2396 μεγαλοπρέπεια,
1499 2362 1546 2388 καὶ
1563 2364 1725 2400 εὐφροσύνη.
1744 2367 1790 2392 καὶ
1804 2376 1854 2402 χα-

1103 2404 1147 2440 ρὰ,
1166 2406 1212 2431 καὶ
1229 2406 1318 2438 ἐλπὶς,
1331 2407 1378 2433 καὶ
1395 2407 1468 2439 ἕλεος
1483 2408 1512 2434 οὔ
1529 2408 1717 2445 σαλευόμενον.

1098 2490 1206 2523 Κύριε,
1234 2491 1270 2518 ἐν
1285 2491 1323 2525 τῇ
1349 2491 1472 2527 δυνάμει
1499 2501 1557 2521 σου
1577 2495 1813 2529 εὐφρανθήσεται
1835 2499 1853 2524 ὀ

1061 2535 1137 2566 ,ϐασι
1147 2535 1221 2568 Istic.

1101 2581 1158 2606 ’Ότι
1174 2580 1251 2614 δῴης
1265 2581 1344 2614 αὐτῷ
1358 2583 1499 2616 εὐλογίαν
1511 2584 1553 2615 sit;
1562 2584 1653 2611 αἰῶνα
1670 2585 1786 2618 αἰῶνος.
1808 2587 1853 2614 Ἐν

1063 2626 1193 2658 ἁπάσαις,
1204 2627 1279 2662 φησὶ,
1289 2629 1349 2658 ταῖς
1364 2629 1470 2661 γενεαῖς
1486 2629 1606 2664 ἀοίδιμος
1622 2630 1696 2656 ἕσται
1710 2631 1756 2656 καὶ
1769 2631 1850 2657 πολυ-

1064 2671 1209 2707 θρύλλητος
1219 2691 1225 2702 ,
1240 2673 1374 2708 τοσαύτην
1393 2673 1516 2708 ἐσχηκὼς
1532 2676 1607 2710 παρὰ
1624 2675 1670 2702 σοῦ
1685 2677 1849 2712 παρρησίαν.

1063 2717 1099 2743 Τὸ
1115 2718 1170 2753 γὰρ
1183 2719 1259 2753 μετὰ
1269 2719 1323 2745 τοῦ
1344 2720 1505 2753 προσώπου
1521 2730 1589 2753 σου,
1607 2721 1686 2755 παρὰ
1701 2721 1740 2754 τῷ
1757 2729 1850 2756 προσ-

1062 2762 1130 2795 ώπῳ
1151 2771 1209 2791 σου
1223 2783 1230 2796 ,
1260 2764 1382 2791 τέθεικεν
1399 2766 1413 2791 ὁ
1428 2765 1582 2801 Σύμμαχος.
1606 2766 1780 2802 Εὐφροσύνην
1796 2767 1850 2794 τοι-
