  <div class='ocr_page' id='page_1' title='image "/cluster/home/n/w/nwhite01/storage/ocr_20150623/27/njp.32101010944609/072.png"; bbox 0 0 1938 3053; ppageno 0'>
   <div class='ocr_carea' id='block_1_1' title="bbox 87 151 131 178">
    <p class='ocr_par' dir='ltr' id='par_1_1' title="bbox 87 151 131 178">
     <span class='ocr_line' id='line_1_1' title="bbox 87 151 131 178; baseline 0.023 -2"><span class='ocrx_word' id='word_1_1' title='bbox 87 151 131 178; x_wconf 68' lang='grc'><strong>119</strong></span> 
     </span>
    </p>
   </div>
   <div class='ocr_carea' id='block_1_2' title="bbox 623 146 1113 176">
    <p class='ocr_par' dir='ltr' id='par_1_2' title="bbox 623 146 1113 176">
     <span class='ocr_line' id='line_1_2' title="bbox 623 146 1113 176; baseline 0 -1"><span class='ocrx_word' id='word_1_2' title='bbox 623 147 804 176; x_wconf 77' lang='lat' dir='ltr'><strong>EXPOSITIO</strong></span> <span class='ocrx_word' id='word_1_3' title='bbox 821 147 855 174; x_wconf 85' lang='lat' dir='ltr'><strong>IN</strong></span> <span class='ocrx_word' id='word_1_4' title='bbox 874 146 1041 176; x_wconf 80' lang='lat' dir='ltr'><strong>PSALMUM</strong></span> <span class='ocrx_word' id='word_1_5' title='bbox 1054 148 1113 176; x_wconf 76' lang='lat' dir='ltr'><strong>XX.</strong></span> 
     </span>
    </p>
   </div>
   <div class='ocr_carea' id='block_1_3' title="bbox 1642 150 1694 177">
    <p class='ocr_par' dir='ltr' id='par_1_3' title="bbox 1642 150 1694 177">
     <span class='ocr_line' id='line_1_3' title="bbox 1642 150 1694 177; baseline 0 -1"><span class='ocrx_word' id='word_1_6' title='bbox 1642 150 1694 177; x_wconf 67' lang='lat'><strong>130</strong></span> 
     </span>
    </p>
   </div>
   <div class='ocr_carea' id='block_1_4' title="bbox 84 206 850 243">
    <p class='ocr_par' dir='ltr' id='par_1_4' title="bbox 84 206 846 243">
     <span class='ocr_line' id='line_1_4' title="bbox 84 206 846 243; baseline 0 -10"><span class='ocrx_word' id='word_1_7' title='bbox 84 217 125 234; x_wconf 85' lang='grc' dir='ltr'><strong>νυν</strong></span> <span class='ocrx_word' id='word_1_8' title='bbox 136 207 198 240; x_wconf 75' lang='grc' dir='ltr'><strong>ἕξει,</strong></span> <span class='ocrx_word' id='word_1_9' title='bbox 214 206 289 242; x_wconf 69' lang='grc' dir='ltr'>φησὶ,</span> <span class='ocrx_word' id='word_1_10' title='bbox 306 207 352 232; x_wconf 64' lang='grc' dir='ltr'><strong>καὶ</strong></span> <span class='ocrx_word' id='word_1_11' title='bbox 368 206 477 242; x_wconf 78' lang='grc' dir='ltr'><strong>διηνεκῆ</strong></span> <span class='ocrx_word' id='word_1_12' title='bbox 495 206 627 241; x_wconf 85' lang='grc' dir='ltr'>Θυμηδίαν</span> <span class='ocrx_word' id='word_1_13' title='bbox 639 206 687 233; x_wconf 78' lang='grc' dir='ltr'>τοῦ</span> <span class='ocrx_word' id='word_1_14' title='bbox 701 206 846 243; x_wconf 81' lang='grc' dir='ltr'><strong>προσώπου</strong></span> 
     </span>
    </p>
   </div>
   <div class='ocr_carea' id='block_1_5' title="bbox 907 206 1693 243">
    <p class='ocr_par' dir='ltr' id='par_1_5' title="bbox 909 206 1693 242">
     <span class='ocr_line' id='line_1_5' title="bbox 909 206 1693 242; baseline 0 -8"><span class='ocrx_word' id='word_1_15' title='bbox 909 207 1047 242; x_wconf 75' lang='lat' dir='ltr'><strong>voluptate</strong></span> <span class='ocrx_word' id='word_1_16' title='bbox 1062 206 1192 234; x_wconf 80' lang='lat' dir='ltr'><strong>aﬂicietur</strong></span> <span class='ocrx_word' id='word_1_17' title='bbox 1207 207 1298 234; x_wconf 85' lang='lat' dir='ltr'><strong>vultus</strong></span> <span class='ocrx_word' id='word_1_18' title='bbox 1312 206 1362 239; x_wconf 87' lang='lat' dir='ltr'><strong>tui,</strong></span> <span class='ocrx_word' id='word_1_19' title='bbox 1379 207 1406 234; x_wconf 88' lang='lat' dir='ltr'><strong>id</strong></span> <span class='ocrx_word' id='word_1_20' title='bbox 1423 211 1477 239; x_wconf 77' lang='lat' dir='ltr'><strong>est,</strong></span> <span class='ocrx_word' id='word_1_21' title='bbox 1496 211 1570 234; x_wconf 86' lang='lat' dir='ltr'><strong>tuam</strong></span> <span class='ocrx_word' id='word_1_22' title='bbox 1595 213 1693 234; x_wconf 80' lang='lat' dir='ltr'><strong>nactus</strong></span> 
     </span>
    </p>
   </div>
   <div class='ocr_carea' id='block_1_6' title="bbox 81 251 856 287">
    <p class='ocr_par' dir='ltr' id='par_1_6' title="bbox 81 251 856 287">
     <span class='ocr_line' id='line_1_6' title="bbox 81 251 856 287; baseline -0.003 -7"><span class='ocrx_word' id='word_1_23' title='bbox 81 253 195 280; x_wconf 69' lang='grc' dir='ltr'>τουτέστι</span> <span class='ocrx_word' id='word_1_24' title='bbox 205 253 254 287; x_wconf 85' lang='grc' dir='ltr'>τῆς</span> <span class='ocrx_word' id='word_1_25' title='bbox 272 251 322 286; x_wconf 79' lang='grc' dir='ltr'>σῆς</span> <span class='ocrx_word' id='word_1_26' title='bbox 334 251 475 286; x_wconf 77' lang='grc' dir='ltr'><strong>εὐμενείας</strong></span> <span class='ocrx_word' id='word_1_27' title='bbox 485 252 636 287; x_wconf 83' lang='grc' dir='ltr'>τυγχάνων,</span> <span class='ocrx_word' id='word_1_28' title='bbox 652 254 742 279; x_wconf 75' lang='grc' dir='ltr'>Αἴτιον</span> <span class='ocrx_word' id='word_1_29' title='bbox 756 253 784 279; x_wconf 77' lang='grc' dir='ltr'>δὲ</span> <span class='ocrx_word' id='word_1_30' title='bbox 796 252 856 279; x_wconf 72' lang='grc' dir='ltr'>τού-</span> 
     </span>
    </p>
   </div>
   <div class='ocr_carea' id='block_1_7' title="bbox 80 297 855 332">
    <p class='ocr_par' dir='ltr' id='par_1_7' title="bbox 80 297 855 332">
     <span class='ocr_line' id='line_1_7' title="bbox 80 297 855 332; baseline -0.003 -7"><span class='ocrx_word' id='word_1_31' title='bbox 80 308 127 325; x_wconf 84' lang='grc' dir='ltr'><strong>των</strong></span> <span class='ocrx_word' id='word_1_32' title='bbox 139 297 210 332; x_wconf 67' lang='grc' dir='ltr'>αὐτῷ</span> <span class='ocrx_word' id='word_1_33' title='bbox 225 298 319 332; x_wconf 75' lang='grc' dir='ltr'>γέγονε</span> <span class='ocrx_word' id='word_1_34' title='bbox 333 297 363 324; x_wconf 81' lang='grc' dir='ltr'><strong>τὸ</strong></span> <span class='ocrx_word' id='word_1_35' title='bbox 379 298 423 324; x_wconf 78' lang='grc' dir='ltr'><strong>ἐπὶ</strong></span> <span class='ocrx_word' id='word_1_36' title='bbox 437 298 477 324; x_wconf 74' lang='grc' dir='ltr'><strong>σοὶ</strong></span> <span class='ocrx_word' id='word_1_37' title='bbox 493 298 660 324; x_wconf 80' lang='grc' dir='ltr'>πεποιθέναι.</span> <span class='ocrx_word' id='word_1_38' title='bbox 690 297 855 332; x_wconf 57' lang='grc' dir='ltr'>Εὐρρανεῖς</span> 
     </span>
    </p>
   </div>
   <div class='ocr_carea' id='block_1_8' title="bbox 80 343 854 379">
    <p class='ocr_par' dir='ltr' id='par_1_8' title="bbox 80 343 854 379">
     <span class='ocr_line' id='line_1_8' title="bbox 80 343 854 379; baseline -0.003 -8"><span class='ocrx_word' id='word_1_39' title='bbox 80 345 165 372; x_wconf 70' lang='grc' dir='ltr'>αὐτὸν</span> <span class='ocrx_word' id='word_1_40' title='bbox 179 345 212 370; x_wconf 79' lang='grc' dir='ltr'>ἐν</span> <span class='ocrx_word' id='word_1_41' title='bbox 226 343 302 378; x_wconf 75' lang='grc' dir='ltr'>χαρᾷ</span> <span class='ocrx_word' id='word_1_42' title='bbox 313 344 388 378; x_wconf 76' lang='grc' dir='ltr'>μετὰ</span> <span class='ocrx_word' id='word_1_43' title='bbox 401 344 453 371; x_wconf 86' lang='grc' dir='ltr'><strong>τοῦ</strong></span> <span class='ocrx_word' id='word_1_44' title='bbox 469 344 631 378; x_wconf 75' lang='grc' dir='ltr'><strong>προσώπου</strong></span> <span class='ocrx_word' id='word_1_45' title='bbox 644 353 711 371; x_wconf 83' lang='grc' dir='ltr'>σου.</span> <span class='ocrx_word' id='word_1_46' title='bbox 744 345 854 379; x_wconf 77' lang='grc' dir='ltr'>Προσω-</span> 
     </span>
    </p>
   </div>
   <div class='ocr_carea' id='block_1_9' title="bbox 81 388 855 425">
    <p class='ocr_par' dir='ltr' id='par_1_9' title="bbox 81 388 855 425">
     <span class='ocr_line' id='line_1_9' title="bbox 81 388 855 425; baseline 0 -10"><span class='ocrx_word' id='word_1_47' title='bbox 81 399 124 416; x_wconf 76' lang='grc' dir='ltr'><strong>πον</strong></span> <span class='ocrx_word' id='word_1_48' title='bbox 136 389 179 416; x_wconf 66' lang='grc' dir='ltr'>τοῦ</span> <span class='ocrx_word' id='word_1_49' title='bbox 192 390 296 425; x_wconf 55' lang='lat' dir='ltr'><strong>Harpe;</strong></span> <span class='ocrx_word' id='word_1_50' title='bbox 311 390 324 414; x_wconf 84' lang='grc' dir='ltr'>ὁ</span> <span class='ocrx_word' id='word_1_51' title='bbox 337 390 408 420; x_wconf 84' lang='grc' dir='ltr'>Υἱός.</span> <span class='ocrx_word' id='word_1_52' title='bbox 423 390 453 415; x_wconf 89' lang='lat'><strong>&#39;0</strong></span> <span class='ocrx_word' id='word_1_53' title='bbox 462 389 715 424; x_wconf 69' lang='grc' dir='ltr'>ἐωρακὼςμφητὶν,</span> <span class='ocrx_word' id='word_1_54' title='bbox 730 389 792 423; x_wconf 77' lang='grc' dir='ltr'><strong>ἐμὲ,</strong></span> <span class='ocrx_word' id='word_1_55' title='bbox 805 388 855 415; x_wconf 85' lang='grc' dir='ltr'><strong>ἑώ-</strong></span> 
     </span>
    </p>
   </div>
   <div class='ocr_carea' id='block_1_10' title="bbox 79 434 854 471">
    <p class='ocr_par' dir='ltr' id='par_1_10' title="bbox 79 434 854 471">
     <span class='ocr_line' id='line_1_10' title="bbox 79 434 854 471; baseline -0.001 -9"><span class='ocrx_word' id='word_1_56' title='bbox 79 444 142 468; x_wconf 76' lang='grc' dir='ltr'>ρακε</span> <span class='ocrx_word' id='word_1_57' title='bbox 154 436 205 462; x_wconf 78' lang='grc' dir='ltr'><strong>τὸν</strong></span> <span class='ocrx_word' id='word_1_58' title='bbox 220 435 345 470; x_wconf 82' lang='grc' dir='ltr'>Πατέρα.</span> <span class='ocrx_word' id='word_1_59' title='bbox 375 434 451 462; x_wconf 76' lang='grc' dir='ltr'>Μετὰ</span> <span class='ocrx_word' id='word_1_60' title='bbox 470 435 565 462; x_wconf 83' lang='grc' dir='ltr'>τούτου</span> <span class='ocrx_word' id='word_1_61' title='bbox 581 435 774 471; x_wconf 66' lang='grc' dir='ltr'><strong>εὐφραίνεσθαι</strong></span> <span class='ocrx_word' id='word_1_62' title='bbox 793 435 854 462; x_wconf 82' lang='grc' dir='ltr'>κατ’</span> 
     </span>
    </p>
   </div>
   <div class='ocr_carea' id='block_1_11' title="bbox 79 481 852 516">
    <p class='ocr_par' dir='ltr' id='par_1_11' title="bbox 79 481 852 516">
     <span class='ocr_line' id='line_1_11' title="bbox 79 481 852 516; baseline 0 -9"><span class='ocrx_word' id='word_1_63' title='bbox 79 481 180 516; x_wconf 66' lang='grc' dir='ltr'>οὐρανὸν</span> <span class='ocrx_word' id='word_1_64' title='bbox 194 482 230 512; x_wconf 85' lang='grc' dir='ltr'>ὼς</span> <span class='ocrx_word' id='word_1_65' title='bbox 243 481 423 516; x_wconf 67' lang='grc' dir='ltr'>νυμφαγωγοὶ</span> <span class='ocrx_word' id='word_1_66' title='bbox 436 481 504 516; x_wconf 76' lang='grc' dir='ltr'>μετὰ</span> <span class='ocrx_word' id='word_1_67' title='bbox 520 481 566 507; x_wconf 82' lang='grc' dir='ltr'>τοῦ</span> <span class='ocrx_word' id='word_1_68' title='bbox 580 481 852 516; x_wconf 72' lang='grc' dir='ltr'>νυμφίου”μέλλομεν.</span> 
     </span>
    </p>
   </div>
   <div class='ocr_carea' id='block_1_12' title="bbox 110 525 855 560">
    <p class='ocr_par' dir='ltr' id='par_1_12' title="bbox 110 525 855 560">
     <span class='ocr_line' id='line_1_12' title="bbox 110 525 855 560; baseline -0.001 -7"><span class='ocrx_word' id='word_1_69' title='bbox 110 526 169 553; x_wconf 77' lang='grc' dir='ltr'><strong>Ὀτι</strong></span> <span class='ocrx_word' id='word_1_70' title='bbox 184 528 199 553; x_wconf 87' lang='grc' dir='ltr'><strong><em>ό</em></strong></span> <span class='ocrx_word' id='word_1_71' title='bbox 217 527 368 559; x_wconf 71' lang='grc' dir='ltr'><strong>,βασιλεὺς</strong></span> <span class='ocrx_word' id='word_1_72' title='bbox 381 525 490 557; x_wconf 81' lang='grc' dir='ltr'><strong>ἐλπίζει</strong></span> <span class='ocrx_word' id='word_1_73' title='bbox 503 526 553 552; x_wconf 79' lang='grc' dir='ltr'><strong>ἐπὶ</strong></span> <span class='ocrx_word' id='word_1_74' title='bbox 567 527 675 560; x_wconf 74' lang='grc' dir='ltr'>Κύριον</span> <span class='ocrx_word' id='word_1_75' title='bbox 684 545 691 558; x_wconf 93' lang='grc'><strong><em>,</em></strong></span> <span class='ocrx_word' id='word_1_76' title='bbox 703 527 751 553; x_wconf 78' lang='grc' dir='ltr'><strong>καὶ</strong></span> <span class='ocrx_word' id='word_1_77' title='bbox 765 527 799 553; x_wconf 82' lang='grc' dir='ltr'>ὲν</span> <span class='ocrx_word' id='word_1_78' title='bbox 815 525 855 558; x_wconf 84' lang='grc' dir='ltr'><strong>τῷ</strong></span> 
     </span>
    </p>
   </div>
   <div class='ocr_carea' id='block_1_13' title="bbox 81 571 855 607">
    <p class='ocr_par' dir='ltr' id='par_1_13' title="bbox 81 571 855 607">
     <span class='ocr_line' id='line_1_13' title="bbox 81 571 855 607; baseline -0.001 -8"><span class='ocrx_word' id='word_1_79' title='bbox 81 572 154 599; x_wconf 73' lang='grc' dir='ltr'>ἐλέει.</span> <span class='ocrx_word' id='word_1_80' title='bbox 179 572 318 607; x_wconf 81' lang='grc' dir='ltr'>Κρείττων</span> <span class='ocrx_word' id='word_1_81' title='bbox 333 573 390 598; x_wconf 75' lang='grc' dir='ltr'>ἐστὶ</span> <span class='ocrx_word' id='word_1_82' title='bbox 405 573 457 598; x_wconf 79' lang='grc' dir='ltr'>τῶν</span> <span class='ocrx_word' id='word_1_83' title='bbox 471 571 660 607; x_wconf 69' lang='grc' dir='ltr'><strong>πολεμούντων</strong></span> <span class='ocrx_word' id='word_1_84' title='bbox 676 572 726 607; x_wconf 83' lang='grc' dir='ltr'>τῆς</span> <span class='ocrx_word' id='word_1_85' title='bbox 743 571 792 606; x_wconf 75' lang='grc' dir='ltr'>σῆς</span> <span class='ocrx_word' id='word_1_86' title='bbox 807 572 855 607; x_wconf 87' lang='grc' dir='ltr'><strong>χά-</strong></span> 
     </span>
    </p>
   </div>
   <div class='ocr_carea' id='block_1_14' title="bbox 81 615 854 652">
    <p class='ocr_par' dir='ltr' id='par_1_14' title="bbox 81 615 854 652">
     <span class='ocr_line' id='line_1_14' title="bbox 81 615 854 652; baseline -0.001 -9"><span class='ocrx_word' id='word_1_87' title='bbox 81 625 143 652; x_wconf 68' lang='grc' dir='ltr'>ριτος</span> <span class='ocrx_word' id='word_1_88' title='bbox 157 616 308 643; x_wconf 82' lang='grc' dir='ltr'>ἀπολαύων.</span> <span class='ocrx_word' id='word_1_89' title='bbox 333 615 473 643; x_wconf 84' lang='grc' dir='ltr'>Ἀπολαύει</span> <span class='ocrx_word' id='word_1_90' title='bbox 486 615 514 642; x_wconf 82' lang='grc' dir='ltr'>δὲ</span> <span class='ocrx_word' id='word_1_91' title='bbox 526 615 628 651; x_wconf 77' lang='grc' dir='ltr'>ταύτης</span> <span class='ocrx_word' id='word_1_92' title='bbox 640 615 790 651; x_wconf 76' lang='grc' dir='ltr'>ἀνθρώπων</span> <span class='ocrx_word' id='word_1_93' title='bbox 806 616 854 651; x_wconf 77' lang='grc' dir='ltr'>μὲν</span> 
     </span>
    </p>
   </div>
   <div class='ocr_carea' id='block_1_15' title="bbox 82 661 790 698">
    <p class='ocr_par' dir='ltr' id='par_1_15' title="bbox 82 661 790 698">
     <span class='ocr_line' id='line_1_15' title="bbox 82 661 790 698; baseline -0.001 -10"><span class='ocrx_word' id='word_1_94' title='bbox 82 662 154 688; x_wconf 68' lang='grc' dir='ltr'>δὺὂενὶ</span> <span class='ocrx_word' id='word_1_95' title='bbox 166 662 290 697; x_wconf 65' lang='grc' dir='ltr'>θαρρῶν,</span> <span class='ocrx_word' id='word_1_96' title='bbox 307 663 339 698; x_wconf 80' lang='grc' dir='ltr'>τῇ</span> <span class='ocrx_word' id='word_1_97' title='bbox 355 662 382 688; x_wconf 84' lang='grc' dir='ltr'>δὲ</span> <span class='ocrx_word' id='word_1_98' title='bbox 401 663 434 697; x_wconf 83' lang='grc' dir='ltr'>σῇ</span> <span class='ocrx_word' id='word_1_99' title='bbox 454 661 540 688; x_wconf 79' lang='grc' dir='ltr'>ἐλπίδι</span> <span class='ocrx_word' id='word_1_100' title='bbox 555 661 694 697; x_wconf 79' lang='grc' dir='ltr'>χρώμενος</span> <span class='ocrx_word' id='word_1_101' title='bbox 713 661 790 697; x_wconf 79' lang='grc' dir='ltr'>μόνῃ.</span> 
     </span>
    </p>
   </div>
   <div class='ocr_carea' id='block_1_16' title="bbox 108 705 851 741">
    <p class='ocr_par' dir='ltr' id='par_1_16' title="bbox 108 705 851 741">
     <span class='ocr_line' id='line_1_16' title="bbox 108 705 851 741; baseline -0.004 -7"><span class='ocrx_word' id='word_1_102' title='bbox 108 708 241 741; x_wconf 81' lang='grc' dir='ltr'>Εὐρεθείη</span> <span class='ocrx_word' id='word_1_103' title='bbox 269 707 288 740; x_wconf 78' lang='grc' dir='ltr'><em>ὴ</em></span> <span class='ocrx_word' id='word_1_104' title='bbox 312 706 376 741; x_wconf 79' lang='grc' dir='ltr'>χείρ</span> <span class='ocrx_word' id='word_1_105' title='bbox 395 714 452 733; x_wconf 85' lang='grc' dir='ltr'>σου</span> <span class='ocrx_word' id='word_1_106' title='bbox 469 706 543 732; x_wconf 81' lang='grc' dir='ltr'>πᾶσι</span> <span class='ocrx_word' id='word_1_107' title='bbox 567 707 628 739; x_wconf 82' lang='grc' dir='ltr'>τοῖς</span> <span class='ocrx_word' id='word_1_108' title='bbox 652 705 769 741; x_wconf 81' lang='grc' dir='ltr'><strong>ἐχθροῖς</strong></span> <span class='ocrx_word' id='word_1_109' title='bbox 784 713 851 732; x_wconf 89' lang='grc' dir='ltr'>σου.</span> 
     </span>
    </p>
   </div>
   <div class='ocr_carea' id='block_1_17' title="bbox 84 751 853 788">
    <p class='ocr_par' dir='ltr' id='par_1_17' title="bbox 84 751 853 788">
     <span class='ocr_line' id='line_1_17' title="bbox 84 751 853 788; baseline -0.001 -10"><span class='ocrx_word' id='word_1_110' title='bbox 84 753 120 784; x_wconf 74' lang='grc' dir='ltr'>Ὠς</span> <span class='ocrx_word' id='word_1_111' title='bbox 135 753 198 788; x_wconf 74' lang='grc' dir='ltr'>πρὸς</span> <span class='ocrx_word' id='word_1_112' title='bbox 218 751 300 778; x_wconf 68' lang='grc' dir='ltr'>αὑτὸν</span> <span class='ocrx_word' id='word_1_113' title='bbox 317 752 362 778; x_wconf 77' lang='grc' dir='ltr'><strong>τὸν</strong></span> <span class='ocrx_word' id='word_1_114' title='bbox 377 752 477 787; x_wconf 73' lang='grc' dir='ltr'>Κύριον</span> <span class='ocrx_word' id='word_1_115' title='bbox 492 753 506 778; x_wconf 85' lang='grc' dir='ltr'>ὁ</span> <span class='ocrx_word' id='word_1_116' title='bbox 527 751 605 786; x_wconf 78' lang='grc' dir='ltr'>λόγος</span> <span class='ocrx_word' id='word_1_117' title='bbox 618 751 662 778; x_wconf 81' lang='grc' dir='ltr'>διὰ</span> <span class='ocrx_word' id='word_1_118' title='bbox 676 751 712 778; x_wconf 79' lang='grc' dir='ltr'>τὰ</span> <span class='ocrx_word' id='word_1_119' title='bbox 725 751 853 786; x_wconf 83' lang='grc' dir='ltr'>γεγονότα</span> 
     </span>
    </p>
   </div>
   <div class='ocr_carea' id='block_1_18' title="bbox 79 797 624 833">
    <p class='ocr_par' dir='ltr' id='par_1_18' title="bbox 79 797 624 833">
     <span class='ocr_line' id='line_1_18' title="bbox 79 797 624 833; baseline -0.006 -7"><span class='ocrx_word' id='word_1_120' title='bbox 79 800 128 826; x_wconf 73' lang='grc' dir='ltr'>ιατ¹</span> <span class='ocrx_word' id='word_1_121' title='bbox 142 798 218 825; x_wconf 77' lang='grc' dir='ltr'><strong>αὑτοῦ</strong></span> <span class='ocrx_word' id='word_1_122' title='bbox 237 797 314 833; x_wconf 70' lang='grc' dir='ltr'>παρὰ</span> <span class='ocrx_word' id='word_1_123' title='bbox 329 797 375 824; x_wconf 77' lang='grc' dir='ltr'>τοῦ</span> <span class='ocrx_word' id='word_1_124' title='bbox 399 797 531 824; x_wconf 83' lang='grc' dir='ltr'>Ἰουδαίων</span> <span class='ocrx_word' id='word_1_125' title='bbox 548 797 624 823; x_wconf 77' lang='grc' dir='ltr'>λαοῦ.</span> 
     </span>
    </p>
   </div>
   <div class='ocr_carea' id='block_1_19' title="bbox 107 842 852 880">
    <p class='ocr_par' dir='ltr' id='par_1_19' title="bbox 107 842 852 880">
     <span class='ocr_line' id='line_1_19' title="bbox 107 842 852 880; baseline -0.003 -10"><span class='ocrx_word' id='word_1_126' title='bbox 107 843 192 880; x_wconf 74' lang='grc' dir='ltr'><strong>[Λέγει</strong></span> <span class='ocrx_word' id='word_1_127' title='bbox 204 843 242 875; x_wconf 76' lang='grc' dir='ltr'><strong>δὲ,</strong></span> <span class='ocrx_word' id='word_1_128' title='bbox 256 844 298 869; x_wconf 83' lang='grc' dir='ltr'>ὅτι</span> <span class='ocrx_word' id='word_1_129' title='bbox 310 842 436 878; x_wconf 80' lang='grc' dir='ltr'>θηρεύσει</span> <span class='ocrx_word' id='word_1_130' title='bbox 450 843 513 874; x_wconf 77' lang='grc' dir='ltr'>τοὺς</span> <span class='ocrx_word' id='word_1_131' title='bbox 524 842 744 877; x_wconf 79' lang='grc' dir='ltr'>ἁμαρτήσαντας.</span> <span class='ocrx_word' id='word_1_132' title='bbox 757 842 787 868; x_wconf 80' lang='lat' dir='ltr'><strong>El</strong></span> <span class='ocrx_word' id='word_1_133' title='bbox 797 842 852 878; x_wconf 74' lang='grc' dir='ltr'>γὰρ</span> 
     </span>
    </p>
   </div>
   <div class='ocr_carea' id='block_1_20' title="bbox 79 887 853 925">
    <p class='ocr_par' dir='ltr' id='par_1_20' title="bbox 79 887 853 925">
     <span class='ocr_line' id='line_1_20' title="bbox 79 887 853 925; baseline 0 -11"><span class='ocrx_word' id='word_1_134' title='bbox 79 889 102 915; x_wconf 78' lang='grc' dir='ltr'>ὲν</span> <span class='ocrx_word' id='word_1_135' title='bbox 115 889 148 924; x_wconf 80' lang='grc' dir='ltr'>τῷ</span> <span class='ocrx_word' id='word_1_136' title='bbox 161 889 287 925; x_wconf 79' lang='grc' dir='ltr'>τηροῦντι</span> <span class='ocrx_word' id='word_1_137' title='bbox 301 889 350 920; x_wconf 75' lang='grc' dir='ltr'>τὰς</span> <span class='ocrx_word' id='word_1_138' title='bbox 365 888 473 920; x_wconf 83' lang='grc' dir='ltr'>ἐντολὰς</span> <span class='ocrx_word' id='word_1_139' title='bbox 489 889 505 924; x_wconf 86' lang='grc' dir='ltr'>ἡ</span> <span class='ocrx_word' id='word_1_140' title='bbox 519 887 611 923; x_wconf 85' lang='grc' dir='ltr'>ἀγάπη</span> <span class='ocrx_word' id='word_1_141' title='bbox 626 887 674 914; x_wconf 80' lang='grc' dir='ltr'><strong>τοῦ</strong></span> <span class='ocrx_word' id='word_1_142' title='bbox 688 887 755 914; x_wconf 77' lang='grc' dir='ltr'>Θεοῦ</span> <span class='ocrx_word' id='word_1_143' title='bbox 768 888 853 914; x_wconf 86' lang='grc' dir='ltr'>τελει-</span> 
     </span>
    </p>
   </div>
   <div class='ocr_carea' id='block_1_21' title="bbox 79 933 854 971">
    <p class='ocr_par' dir='ltr' id='par_1_21' title="bbox 79 933 854 971">
     <span class='ocr_line' id='line_1_21' title="bbox 79 933 854 971; baseline 0 -11"><span class='ocrx_word' id='word_1_144' title='bbox 79 934 151 963; x_wconf 74' lang='grc' dir='ltr'>οὖται.</span> <span class='ocrx_word' id='word_1_145' title='bbox 162 935 249 970; x_wconf 78' lang='grc' dir='ltr'>δῆλον,</span> <span class='ocrx_word' id='word_1_146' title='bbox 265 935 303 966; x_wconf 88' lang='grc' dir='ltr'>ὡς</span> <span class='ocrx_word' id='word_1_147' title='bbox 317 936 331 961; x_wconf 84' lang='grc' dir='ltr'>ὁ</span> <span class='ocrx_word' id='word_1_148' title='bbox 348 934 386 969; x_wconf 84' lang='grc' dir='ltr'>μὴ</span> <span class='ocrx_word' id='word_1_149' title='bbox 398 933 489 970; x_wconf 80' lang='grc' dir='ltr'><strong>τηρῶν</strong></span> <span class='ocrx_word' id='word_1_150' title='bbox 507 934 596 971; x_wconf 73' lang='grc' dir='ltr'>μισεῖ·</span> <span class='ocrx_word' id='word_1_151' title='bbox 613 933 642 965; x_wconf 84' lang='grc' dir='ltr'>ὃς</span> <span class='ocrx_word' id='word_1_152' title='bbox 659 933 706 960; x_wconf 76' lang='grc' dir='ltr'>καὶ</span> <span class='ocrx_word' id='word_1_153' title='bbox 721 933 854 960; x_wconf 68' lang='grc' dir='ltr'>ἀπολωλεο</span> 
     </span>
    </p>
   </div>
   <div class='ocr_carea' id='block_1_22' title="bbox 78 972 529 1016">
    <p class='ocr_par' dir='ltr' id='par_1_22' title="bbox 78 972 529 1016">
     <span class='ocr_line' id='line_1_22' title="bbox 78 972 529 1016; baseline -0.002 -9"><span class='ocrx_word' id='word_1_154' title='bbox 78 980 142 1008; x_wconf 76' lang='grc' dir='ltr'>κέναι</span> <span class='ocrx_word' id='word_1_155' title='bbox 154 980 273 1015; x_wconf 75' lang='grc' dir='ltr'>λέγεται.</span> <span class='ocrx_word' id='word_1_156' title='bbox 286 979 297 1016; x_wconf 91' lang='grc'>]</span> <span class='ocrx_word' id='word_1_157' title='bbox 525 972 529 974; x_wconf 41' lang='grc'><strong><em>’</em></strong></span> 
     </span>
    </p>
   </div>
   <div class='ocr_carea' id='block_1_23' title="bbox 870 876 889 903">
    <p class='ocr_par' dir='ltr' id='par_1_23' title="bbox 870 876 889 903">
     <span class='ocr_line' id='line_1_23' title="bbox 870 876 889 903; baseline 0 0"><span class='ocrx_word' id='word_1_158' title='bbox 870 876 889 903; x_wconf 83' lang='grc' dir='ltr'>Β</span> 
     </span>
    </p>
   </div>
   <div class='ocr_carea' id='block_1_24' title="bbox 107 1067 854 1104">
    <p class='ocr_par' dir='ltr' id='par_1_24' title="bbox 107 1067 854 1104">
     <span class='ocr_line' id='line_1_24' title="bbox 107 1067 854 1104; baseline -0.005 -7"><span class='ocrx_word' id='word_1_159' title='bbox 107 1071 159 1097; x_wconf 82' lang='grc' dir='ltr'><strong>ὀτι</strong></span> <span class='ocrx_word' id='word_1_160' title='bbox 174 1070 280 1104; x_wconf 77' lang='grc' dir='ltr'><strong>θήσεις</strong></span> <span class='ocrx_word' id='word_1_161' title='bbox 292 1069 402 1101; x_wconf 82' lang='grc' dir='ltr'>αὐτοὺς</span> <span class='ocrx_word' id='word_1_162' title='bbox 414 1069 454 1102; x_wconf 82' lang='grc' dir='ltr'>ὡς</span> <span class='ocrx_word' id='word_1_163' title='bbox 466 1068 612 1095; x_wconf 79' lang='grc' dir='ltr'>κλίϐανον</span> <span class='ocrx_word' id='word_1_164' title='bbox 625 1067 720 1101; x_wconf 69' lang='grc' dir='ltr'>πυρὸς</span> <span class='ocrx_word' id='word_1_165' title='bbox 733 1068 777 1100; x_wconf 77' lang='grc' dir='ltr'>εἰς</span> <span class='ocrx_word' id='word_1_166' title='bbox 791 1075 854 1094; x_wconf 86' lang='grc' dir='ltr'>και-</span> 
     </span>
    </p>
   </div>
   <div class='ocr_carea' id='block_1_25' title="bbox 77 1113 854 1150">
    <p class='ocr_par' dir='ltr' id='par_1_25' title="bbox 77 1113 854 1150">
     <span class='ocr_line' id='line_1_25' title="bbox 77 1113 854 1150; baseline -0.005 -7"><span class='ocrx_word' id='word_1_167' title='bbox 77 1116 122 1148; x_wconf 81' lang='grc' dir='ltr'>ρὸν</span> <span class='ocrx_word' id='word_1_168' title='bbox 134 1116 183 1142; x_wconf 80' lang='grc' dir='ltr'><strong>τοῦ</strong></span> <span class='ocrx_word' id='word_1_169' title='bbox 196 1115 361 1150; x_wconf 77' lang='grc' dir='ltr'><strong>προσώπου</strong></span> <span class='ocrx_word' id='word_1_170' title='bbox 371 1123 440 1142; x_wconf 84' lang='grc' dir='ltr'>σου.</span> <span class='ocrx_word' id='word_1_171' title='bbox 478 1114 550 1140; x_wconf 76' lang='grc' dir='ltr'>’Λντὶ</span> <span class='ocrx_word' id='word_1_172' title='bbox 562 1113 609 1140; x_wconf 81' lang='grc' dir='ltr'>τοῦ</span> <span class='ocrx_word' id='word_1_173' title='bbox 620 1135 627 1146; x_wconf 83' lang='grc'><em>,</em></span> <span class='ocrx_word' id='word_1_174' title='bbox 644 1113 734 1148; x_wconf 80' lang='grc' dir='ltr'>Πυρὺς</span> <span class='ocrx_word' id='word_1_175' title='bbox 746 1113 854 1140; x_wconf 80' lang='grc' dir='ltr'>ἀποδεί-</span> 
     </span>
    </p>
   </div>
   <div class='ocr_carea' id='block_1_26' title="bbox 77 1158 852 1196">
    <p class='ocr_par' dir='ltr' id='par_1_26' title="bbox 77 1158 852 1196">
     <span class='ocr_line' id='line_1_26' title="bbox 77 1158 852 1196; baseline -0.006 -8"><span class='ocrx_word' id='word_1_176' title='bbox 77 1161 123 1193; x_wconf 71' lang='grc' dir='ltr'>ξεις</span> <span class='ocrx_word' id='word_1_177' title='bbox 137 1161 272 1196; x_wconf 86' lang='grc' dir='ltr'>μετόχους.</span> <span class='ocrx_word' id='word_1_178' title='bbox 292 1159 377 1186; x_wconf 72' lang='grc' dir='ltr'>Τοῦτο</span> <span class='ocrx_word' id='word_1_179' title='bbox 389 1161 442 1195; x_wconf 80' lang='grc' dir='ltr'>γὰρ</span> <span class='ocrx_word' id='word_1_180' title='bbox 458 1159 563 1190; x_wconf 78' lang='grc' dir='ltr'><strong>ἑαυτοῖς</strong></span> <span class='ocrx_word' id='word_1_181' title='bbox 580 1158 763 1194; x_wconf 66' lang='grc' dir='ltr'>ἐθησαύρισαν</span> <span class='ocrx_word' id='word_1_182' title='bbox 779 1159 808 1184; x_wconf 81' lang='grc' dir='ltr'>ὲν</span> <span class='ocrx_word' id='word_1_183' title='bbox 819 1159 852 1193; x_wconf 85' lang='grc' dir='ltr'>τῇ</span> 
     </span>
    </p>
   </div>
   <div class='ocr_carea' id='block_1_27' title="bbox 76 1202 854 1242">
    <p class='ocr_par' dir='ltr' id='par_1_27' title="bbox 76 1202 854 1242">
     <span class='ocr_line' id='line_1_27' title="bbox 76 1202 854 1242; baseline -0.005 -10"><span class='ocrx_word' id='word_1_184' title='bbox 76 1206 175 1242; x_wconf 69' lang='grc' dir='ltr'>δευτέρα</span> <span class='ocrx_word' id='word_1_185' title='bbox 198 1214 244 1232; x_wconf 82' lang='grc' dir='ltr'><strong>σου</strong></span> <span class='ocrx_word' id='word_1_186' title='bbox 268 1204 414 1240; x_wconf 75' lang='grc' dir='ltr'>ἐπιφανείᾳ</span> <span class='ocrx_word' id='word_1_187' title='bbox 426 1224 433 1235; x_wconf 90' lang='grc'><strong><em>,</em></strong></span> <span class='ocrx_word' id='word_1_188' title='bbox 448 1204 512 1231; x_wconf 84' lang='grc' dir='ltr'>ὅταν</span> <span class='ocrx_word' id='word_1_189' title='bbox 536 1204 583 1230; x_wconf 71' lang='grc' dir='ltr'><strong>καὶ</strong></span> <span class='ocrx_word' id='word_1_190' title='bbox 597 1202 728 1238; x_wconf 80' lang='grc' dir='ltr'><strong>ἀποδιδῷς</strong></span> <span class='ocrx_word' id='word_1_191' title='bbox 745 1203 854 1237; x_wconf 78' lang='grc' dir='ltr'>ἑκάστῳ</span> 
     </span>
    </p>
   </div>
   <div class='ocr_carea' id='block_1_28' title="bbox 76 1248 853 1287">
    <p class='ocr_par' dir='ltr' id='par_1_28' title="bbox 76 1248 853 1287">
     <span class='ocr_line' id='line_1_28' title="bbox 76 1248 853 1287; baseline -0.003 -11"><span class='ocrx_word' id='word_1_192' title='bbox 76 1251 136 1277; x_wconf 77' lang='grc' dir='ltr'>κατὰ</span> <span class='ocrx_word' id='word_1_193' title='bbox 151 1252 182 1278; x_wconf 78' lang='grc' dir='ltr'>τὰ</span> <span class='ocrx_word' id='word_1_194' title='bbox 195 1251 263 1287; x_wconf 76' lang='grc' dir='ltr'>ἔργα</span> <span class='ocrx_word' id='word_1_195' title='bbox 277 1250 370 1278; x_wconf 74' lang='grc' dir='ltr'>αὑτοῦ.</span> <span class='ocrx_word' id='word_1_196' title='bbox 386 1251 491 1284; x_wconf 81' lang='grc' dir='ltr'>Κύριος·</span> <span class='ocrx_word' id='word_1_197' title='bbox 505 1249 623 1284; x_wconf 40' lang='grc' dir='ltr'>ἐνλόργῇ</span> <span class='ocrx_word' id='word_1_198' title='bbox 636 1248 728 1276; x_wconf 82' lang='grc' dir='ltr'>αὐτοῦ</span> <span class='ocrx_word' id='word_1_199' title='bbox 744 1257 853 1275; x_wconf 81' lang='grc' dir='ltr'>συντα-</span> 
     </span>
    </p>
   </div>
   <div class='ocr_carea' id='block_1_29' title="bbox 75 1293 854 1330">
    <p class='ocr_par' dir='ltr' id='par_1_29' title="bbox 75 1293 854 1330">
     <span class='ocr_line' id='line_1_29' title="bbox 75 1293 854 1330; baseline -0.004 -8"><span class='ocrx_word' id='word_1_200' title='bbox 75 1297 146 1329; x_wconf 74' lang='grc' dir='ltr'>ράξει</span> <span class='ocrx_word' id='word_1_201' title='bbox 157 1297 265 1329; x_wconf 79' lang='grc' dir='ltr'>αὐτοὺς</span> <span class='ocrx_word' id='word_1_202' title='bbox 277 1316 285 1328; x_wconf 90' lang='grc'>,</span> <span class='ocrx_word' id='word_1_203' title='bbox 299 1296 347 1322; x_wconf 81' lang='grc' dir='ltr'><strong>καὶ</strong></span> <span class='ocrx_word' id='word_1_204' title='bbox 359 1295 557 1330; x_wconf 66' lang='grc' dir='ltr'>καταφάγεται</span> <span class='ocrx_word' id='word_1_205' title='bbox 575 1294 685 1326; x_wconf 81' lang='grc' dir='ltr'>αὐτοὺς</span> <span class='ocrx_word' id='word_1_206' title='bbox 700 1293 769 1327; x_wconf 80' lang='grc' dir='ltr'>πῦρ.</span> <span class='ocrx_word' id='word_1_207' title='bbox 793 1294 854 1328; x_wconf 81' lang='grc' dir='ltr'><strong>’ορ-</strong></span> 
     </span>
    </p>
   </div>
   <div class='ocr_carea' id='block_1_30' title="bbox 75 1339 853 1377">
    <p class='ocr_par' dir='ltr' id='par_1_30' title="bbox 75 1339 853 1377">
     <span class='ocr_line' id='line_1_30' title="bbox 75 1339 853 1377; baseline -0.004 -9"><span class='ocrx_word' id='word_1_208' title='bbox 75 1342 120 1376; x_wconf 74' lang='grc' dir='ltr'>γῆν</span> <span class='ocrx_word' id='word_1_209' title='bbox 135 1350 196 1377; x_wconf 71' lang='grc' dir='ltr'>φησι</span> <span class='ocrx_word' id='word_1_210' title='bbox 210 1342 260 1377; x_wconf 74' lang='grc' dir='ltr'>τὴν</span> <span class='ocrx_word' id='word_1_211' title='bbox 279 1341 414 1376; x_wconf 79' lang='grc' dir='ltr'><strong>τιμωρίαν</strong></span> <span class='ocrx_word' id='word_1_212' title='bbox 433 1341 483 1375; x_wconf 82' lang='grc' dir='ltr'>τὴν</span> <span class='ocrx_word' id='word_1_213' title='bbox 498 1340 684 1376; x_wconf 76' lang='grc' dir='ltr'><strong>γενησομένην</strong></span> <span class='ocrx_word' id='word_1_214' title='bbox 705 1339 795 1370; x_wconf 85' lang='grc' dir='ltr'>αὐτοῖς</span> <span class='ocrx_word' id='word_1_215' title='bbox 809 1339 853 1365; x_wconf 74' lang='grc' dir='ltr'><strong>διὰ</strong></span> 
     </span>
    </p>
   </div>
   <div class='ocr_carea' id='block_1_31' title="bbox 75 1385 368 1422">
    <p class='ocr_par' dir='ltr' id='par_1_31' title="bbox 75 1385 368 1422">
     <span class='ocr_line' id='line_1_31' title="bbox 75 1385 368 1422; baseline 0.003 -11"><span class='ocrx_word' id='word_1_216' title='bbox 75 1385 116 1421; x_wconf 85' lang='grc' dir='ltr'><strong>τὴν</strong></span> <span class='ocrx_word' id='word_1_217' title='bbox 132 1388 170 1418; x_wconf 84' lang='grc' dir='ltr'><strong>είς</strong></span> <span class='ocrx_word' id='word_1_218' title='bbox 183 1387 263 1413; x_wconf 75' lang='grc' dir='ltr'>αὐτὸν</span> <span class='ocrx_word' id='word_1_219' title='bbox 278 1386 368 1422; x_wconf 76' lang='grc' dir='ltr'>ὓϐριν.</span> 
     </span>
    </p>
   </div>
   <div class='ocr_carea' id='block_1_32' title="bbox 107 1430 852 1465">
    <p class='ocr_par' dir='ltr' id='par_1_32' title="bbox 107 1430 852 1465">
     <span class='ocr_line' id='line_1_32' title="bbox 107 1430 852 1465; baseline -0.003 -7"><span class='ocrx_word' id='word_1_220' title='bbox 107 1431 157 1458; x_wconf 82' lang='grc' dir='ltr'><strong>Τὸν</strong></span> <span class='ocrx_word' id='word_1_221' title='bbox 167 1431 284 1465; x_wconf 77' lang='grc' dir='ltr'>καρπὸν</span> <span class='ocrx_word' id='word_1_222' title='bbox 297 1431 396 1458; x_wconf 79' lang='grc' dir='ltr'>αὐτῶν</span> <span class='ocrx_word' id='word_1_223' title='bbox 411 1431 469 1458; x_wconf 72' lang='grc' dir='ltr'><strong>ἀπὸ</strong></span> <span class='ocrx_word' id='word_1_224' title='bbox 490 1431 547 1465; x_wconf 81' lang='grc' dir='ltr'><strong>τῆς</strong></span> <span class='ocrx_word' id='word_1_225' title='bbox 565 1430 699 1463; x_wconf 78' lang='grc' dir='ltr'>ἀπολεῖς,</span> <span class='ocrx_word' id='word_1_226' title='bbox 727 1430 797 1460; x_wconf 84' lang='grc' dir='ltr'>Τοὺς</span> <span class='ocrx_word' id='word_1_227' title='bbox 809 1430 852 1456; x_wconf 79' lang='grc' dir='ltr'>λό-</span> 
     </span>
    </p>
   </div>
   <div class='ocr_carea' id='block_1_33' title="bbox 75 1475 851 1513">
    <p class='ocr_par' dir='ltr' id='par_1_33' title="bbox 75 1475 851 1513">
     <span class='ocr_line' id='line_1_33' title="bbox 75 1475 851 1513; baseline 0 -11"><span class='ocrx_word' id='word_1_228' title='bbox 75 1484 131 1509; x_wconf 81' lang='grc' dir='ltr'>γους</span> <span class='ocrx_word' id='word_1_229' title='bbox 143 1478 203 1509; x_wconf 74' lang='grc' dir='ltr'>τοὺς</span> <span class='ocrx_word' id='word_1_230' title='bbox 225 1479 361 1513; x_wconf 80' lang='grc' dir='ltr'>πονηροὺς</span> <span class='ocrx_word' id='word_1_231' title='bbox 383 1477 429 1504; x_wconf 79' lang='grc' dir='ltr'><strong>καὶ</strong></span> <span class='ocrx_word' id='word_1_232' title='bbox 445 1477 478 1503; x_wconf 82' lang='grc' dir='ltr'>τὰ</span> <span class='ocrx_word' id='word_1_233' title='bbox 495 1476 683 1511; x_wconf 76' lang='grc' dir='ltr'>ἐνθυμήματα.</span> <span class='ocrx_word' id='word_1_234' title='bbox 715 1476 807 1502; x_wconf 78' lang='grc' dir='ltr'>Ταῦτα</span> <span class='ocrx_word' id='word_1_235' title='bbox 823 1475 851 1502; x_wconf 81' lang='grc' dir='ltr'>δέ</span> 
     </span>
    </p>
   </div>
   <div class='ocr_carea' id='block_1_34' title="bbox 76 1519 852 1557">
    <p class='ocr_par' dir='ltr' id='par_1_34' title="bbox 76 1519 852 1557">
     <span class='ocr_line' id='line_1_34' title="bbox 76 1519 852 1557; baseline -0.001 -9"><span class='ocrx_word' id='word_1_236' title='bbox 76 1523 134 1549; x_wconf 78' lang='grc' dir='ltr'>εἰσιν</span> <span class='ocrx_word' id='word_1_237' title='bbox 150 1523 288 1550; x_wconf 73' lang='grc' dir='ltr'>ἐπιϐουλαὶ</span> <span class='ocrx_word' id='word_1_238' title='bbox 305 1523 333 1550; x_wconf 81' lang='grc' dir='ltr'><strong>αι</strong></span> <span class='ocrx_word' id='word_1_239' title='bbox 350 1522 414 1557; x_wconf 81' lang='grc' dir='ltr'>παρ’</span> <span class='ocrx_word' id='word_1_240' title='bbox 430 1521 533 1553; x_wconf 79' lang='grc' dir='ltr'>αὐτῶν,</span> <span class='ocrx_word' id='word_1_241' title='bbox 549 1522 576 1548; x_wconf 80' lang='grc' dir='ltr'><strong>αϊ</strong></span> <span class='ocrx_word' id='word_1_242' title='bbox 588 1522 635 1547; x_wconf 73' lang='grc' dir='ltr'><strong>καὶ</strong></span> <span class='ocrx_word' id='word_1_243' title='bbox 647 1519 795 1556; x_wconf 78' lang='grc' dir='ltr'><strong>ἀνῄρηνται</strong></span> <span class='ocrx_word' id='word_1_244' title='bbox 809 1520 852 1547; x_wconf 78' lang='grc' dir='ltr'><strong>διὰ</strong></span> 
     </span>
    </p>
   </div>
   <div class='ocr_carea' id='block_1_35' title="bbox 75 1566 852 1603">
    <p class='ocr_par' dir='ltr' id='par_1_35' title="bbox 75 1566 852 1603">
     <span class='ocr_line' id='line_1_35' title="bbox 75 1566 852 1603; baseline -0.004 -9"><span class='ocrx_word' id='word_1_245' title='bbox 75 1567 118 1603; x_wconf 83' lang='grc' dir='ltr'>τῆς</span> <span class='ocrx_word' id='word_1_246' title='bbox 129 1568 310 1599; x_wconf 76' lang='grc' dir='ltr'>ἀναστάσεως.</span> <span class='ocrx_word' id='word_1_247' title='bbox 329 1567 339 1603; x_wconf 96' lang='grc'>[</span> <span class='ocrx_word' id='word_1_248' title='bbox 350 1567 405 1599; x_wconf 84' lang='grc' dir='ltr'><strong>Τὰς</strong></span> <span class='ocrx_word' id='word_1_249' title='bbox 416 1567 590 1598; x_wconf 74' lang='grc' dir='ltr'><strong>διδασκαλίας</strong></span> <span class='ocrx_word' id='word_1_250' title='bbox 605 1566 651 1592; x_wconf 74' lang='grc' dir='ltr'>καὶ</span> <span class='ocrx_word' id='word_1_251' title='bbox 662 1566 695 1592; x_wconf 85' lang='grc' dir='ltr'><strong>τὰ</strong></span> <span class='ocrx_word' id='word_1_252' title='bbox 710 1566 777 1592; x_wconf 83' lang='grc' dir='ltr'>ἄθεα</span> <span class='ocrx_word' id='word_1_253' title='bbox 791 1566 852 1600; x_wconf 90' lang='grc' dir='ltr'>δόγ-</span> 
     </span>
    </p>
   </div>
   <div class='ocr_carea' id='block_1_36' title="bbox 78 1611 852 1649">
    <p class='ocr_par' dir='ltr' id='par_1_36' title="bbox 78 1611 852 1649">
     <span class='ocr_line' id='line_1_36' title="bbox 78 1611 852 1649; baseline -0.001 -10"><span class='ocrx_word' id='word_1_254' title='bbox 78 1622 149 1648; x_wconf 81' lang='grc' dir='ltr'>ματα,</span> <span class='ocrx_word' id='word_1_255' title='bbox 160 1614 176 1641; x_wconf 74' lang='grc' dir='ltr'>ἃ</span> <span class='ocrx_word' id='word_1_256' title='bbox 190 1615 258 1649; x_wconf 78' lang='grc' dir='ltr'>μετὰ</span> <span class='ocrx_word' id='word_1_257' title='bbox 271 1615 321 1649; x_wconf 82' lang='grc' dir='ltr'>τὴν</span> <span class='ocrx_word' id='word_1_258' title='bbox 334 1614 460 1649; x_wconf 84' lang='grc' dir='ltr'>τελευτὴν</span> <span class='ocrx_word' id='word_1_259' title='bbox 473 1613 573 1644; x_wconf 79' lang='grc' dir='ltr'>αὐτῶν,</span> <span class='ocrx_word' id='word_1_260' title='bbox 592 1613 629 1644; x_wconf 85' lang='grc' dir='ltr'><strong>ὡς</strong></span> <span class='ocrx_word' id='word_1_261' title='bbox 644 1611 744 1646; x_wconf 67' lang='grc' dir='ltr'>ἀγαθὸς</span> <span class='ocrx_word' id='word_1_262' title='bbox 760 1612 773 1638; x_wconf 78' lang='grc' dir='ltr'>ὁ</span> <span class='ocrx_word' id='word_1_263' title='bbox 787 1612 852 1644; x_wconf 85' lang='grc' dir='ltr'>Θεὸς</span> 
     </span>
    </p>
   </div>
   <div class='ocr_carea' id='block_1_37' title="bbox 77 1655 851 1694">
    <p class='ocr_par' dir='ltr' id='par_1_37' title="bbox 77 1655 851 1694">
     <span class='ocr_line' id='line_1_37' title="bbox 77 1655 851 1694; baseline -0.003 -10"><span class='ocrx_word' id='word_1_264' title='bbox 77 1658 185 1694; x_wconf 74' lang='grc' dir='ltr'>ἀπωλείᾳ</span> <span class='ocrx_word' id='word_1_265' title='bbox 199 1658 398 1694; x_wconf 73' lang='grc' dir='ltr'>παραδίδωσι.]</span> <span class='ocrx_word' id='word_1_266' title='bbox 412 1657 467 1686; x_wconf 71' lang='grc' dir='ltr'><strong>Καὶ</strong></span> <span class='ocrx_word' id='word_1_267' title='bbox 489 1657 521 1684; x_wconf 87' lang='grc' dir='ltr'><strong>τὸ</strong></span> <span class='ocrx_word' id='word_1_268' title='bbox 540 1656 659 1690; x_wconf 80' lang='grc' dir='ltr'>σπέρμα</span> <span class='ocrx_word' id='word_1_269' title='bbox 679 1655 777 1683; x_wconf 78' lang='grc' dir='ltr'>αὐτῶν</span> <span class='ocrx_word' id='word_1_270' title='bbox 794 1656 851 1682; x_wconf 77' lang='grc' dir='ltr'><strong>ἀπὸ</strong></span> 
     </span>
    </p>
   </div>
   <div class='ocr_carea' id='block_1_38' title="bbox 77 1702 852 1739">
    <p class='ocr_par' dir='ltr' id='par_1_38' title="bbox 77 1702 852 1739">
     <span class='ocr_line' id='line_1_38' title="bbox 77 1702 852 1739; baseline -0.004 -9"><span class='ocrx_word' id='word_1_271' title='bbox 77 1704 139 1730; x_wconf 75' lang='grc' dir='ltr'><strong>υἱῶν</strong></span> <span class='ocrx_word' id='word_1_272' title='bbox 155 1704 327 1738; x_wconf 69' lang='grc' dir='ltr'>ἀνθρώπων,</span> <span class='ocrx_word' id='word_1_273' title='bbox 358 1703 506 1739; x_wconf 82' lang='grc' dir='ltr'>Εὑεργεσία</span> <span class='ocrx_word' id='word_1_274' title='bbox 524 1703 596 1729; x_wconf 74' lang='grc' dir='ltr'>ἐστὶν</span> <span class='ocrx_word' id='word_1_275' title='bbox 615 1702 755 1737; x_wconf 84' lang='grc' dir='ltr'>ἁμαρτιῶν</span> <span class='ocrx_word' id='word_1_276' title='bbox 771 1702 852 1727; x_wconf 75' lang='grc' dir='ltr'>ἐκπε-</span> 
     </span>
    </p>
   </div>
   <div class='ocr_carea' id='block_1_39' title="bbox 78 1746 851 1785">
    <p class='ocr_par' dir='ltr' id='par_1_39' title="bbox 78 1746 851 1785">
     <span class='ocr_line' id='line_1_39' title="bbox 78 1746 851 1785; baseline -0.001 -11"><span class='ocrx_word' id='word_1_277' title='bbox 78 1751 125 1776; x_wconf 76' lang='grc' dir='ltr'>σεῖν</span> <span class='ocrx_word' id='word_1_278' title='bbox 147 1751 192 1777; x_wconf 73' lang='grc' dir='ltr'><strong>καὶ</strong></span> <span class='ocrx_word' id='word_1_279' title='bbox 214 1750 326 1777; x_wconf 77' lang='grc' dir='ltr'>ἐννοιῶν</span> <span class='ocrx_word' id='word_1_280' title='bbox 343 1749 478 1785; x_wconf 80' lang='grc' dir='ltr'>πονηρῶν.</span> <span class='ocrx_word' id='word_1_281' title='bbox 514 1748 628 1783; x_wconf 82' lang='grc' dir='ltr'>Σπέρμα</span> <span class='ocrx_word' id='word_1_282' title='bbox 644 1748 699 1783; x_wconf 81' lang='grc' dir='ltr'>γὰρ</span> <span class='ocrx_word' id='word_1_283' title='bbox 715 1746 851 1783; x_wconf 74' lang='grc' dir='ltr'>ἁμαρτίας</span> 
     </span>
    </p>
   </div>
   <div class='ocr_carea' id='block_1_40' title="bbox 77 1794 338 1831">
    <p class='ocr_par' dir='ltr' id='par_1_40' title="bbox 77 1794 338 1831">
     <span class='ocr_line' id='line_1_40' title="bbox 77 1794 338 1831; baseline 0.011 -12"><span class='ocrx_word' id='word_1_284' title='bbox 77 1794 191 1830; x_wconf 75' lang='grc' dir='ltr'>λογισμὸς</span> <span class='ocrx_word' id='word_1_285' title='bbox 208 1805 277 1830; x_wconf 86' lang='grc' dir='ltr'>πονη</span> <span class='ocrx_word' id='word_1_286' title='bbox 283 1796 338 1831; x_wconf 72' lang='grc' dir='ltr'>ρος.</span> 
     </span>
    </p>
   </div>
   <div class='ocr_carea' id='block_1_41' title="bbox 111 1838 852 1873">
    <p class='ocr_par' dir='ltr' id='par_1_41' title="bbox 111 1838 852 1873">
     <span class='ocr_line' id='line_1_41' title="bbox 111 1838 852 1873; baseline -0.003 -7"><span class='ocrx_word' id='word_1_287' title='bbox 111 1839 168 1866; x_wconf 86' lang='grc' dir='ltr'><strong>Ὀτι</strong></span> <span class='ocrx_word' id='word_1_288' title='bbox 184 1840 291 1873; x_wconf 77' lang='grc' dir='ltr'><strong>θήσεις</strong></span> <span class='ocrx_word' id='word_1_289' title='bbox 305 1839 414 1872; x_wconf 79' lang='grc' dir='ltr'>αὐτοὺς</span> <span class='ocrx_word' id='word_1_290' title='bbox 428 1838 532 1866; x_wconf 80' lang='grc' dir='ltr'>νῶτον.</span> <span class='ocrx_word' id='word_1_291' title='bbox 566 1838 594 1865; x_wconf 85' lang='grc'><strong>’0</strong></span> <span class='ocrx_word' id='word_1_292' title='bbox 605 1838 632 1864; x_wconf 83' lang='grc' dir='ltr'>δὲ</span> <span class='ocrx_word' id='word_1_293' title='bbox 647 1838 792 1873; x_wconf 78' lang='grc' dir='ltr'><strong>Σύμμαχος</strong></span> <span class='ocrx_word' id='word_1_294' title='bbox 807 1838 852 1865; x_wconf 73' lang='grc' dir='ltr'><strong>οὖ-</strong></span> 
     </span>
    </p>
   </div>
   <div class='ocr_carea' id='block_1_42' title="bbox 76 1884 849 1921">
    <p class='ocr_par' dir='ltr' id='par_1_42' title="bbox 76 1884 849 1921">
     <span class='ocr_line' id='line_1_42' title="bbox 76 1884 849 1921; baseline 0.003 -13"><span class='ocrx_word' id='word_1_295' title='bbox 76 1886 295 1921; x_wconf 78' lang='grc' dir='ltr'>τωςὴρμήνευσεν</span> <span class='ocrx_word' id='word_1_296' title='bbox 303 1894 309 1900; x_wconf 88' lang='grc'>·</span> <span class='ocrx_word' id='word_1_297' title='bbox 320 1886 383 1912; x_wconf 72' lang='grc' dir='ltr'><strong>Ὀτι</strong></span> <span class='ocrx_word' id='word_1_298' title='bbox 396 1884 499 1917; x_wconf 81' lang='grc' dir='ltr'>θήσεις</span> <span class='ocrx_word' id='word_1_299' title='bbox 509 1884 619 1916; x_wconf 77' lang='grc' dir='ltr'>αὐτοὺς</span> <span class='ocrx_word' id='word_1_300' title='bbox 630 1884 849 1918; x_wconf 67' lang='grc' dir='ltr'><strong>ἀποστρόφους,</strong></span> 
     </span>
    </p>
   </div>
   <div class='ocr_carea' id='block_1_43' title="bbox 76 1927 851 1965">
    <p class='ocr_par' dir='ltr' id='par_1_43' title="bbox 76 1927 851 1965">
     <span class='ocr_line' id='line_1_43' title="bbox 76 1927 851 1965; baseline -0.001 -11"><span class='ocrx_word' id='word_1_301' title='bbox 76 1931 198 1957; x_wconf 65' lang='grc' dir='ltr'>τουτέστιν</span> <span class='ocrx_word' id='word_1_302' title='bbox 214 1931 302 1957; x_wconf 74' lang='grc' dir='ltr'>ὀπίσω</span> <span class='ocrx_word' id='word_1_303' title='bbox 313 1931 361 1957; x_wconf 77' lang='grc' dir='ltr'><strong>καὶ</strong></span> <span class='ocrx_word' id='word_1_304' title='bbox 375 1929 604 1965; x_wconf 77' lang='grc' dir='ltr'>παρακολούθημα</span> <span class='ocrx_word' id='word_1_305' title='bbox 618 1929 671 1955; x_wconf 84' lang='grc' dir='ltr'>τῶν</span> <span class='ocrx_word' id='word_1_306' title='bbox 685 1927 779 1954; x_wconf 78' lang='grc' dir='ltr'>ἐθνῶν.</span> <span class='ocrx_word' id='word_1_307' title='bbox 802 1928 851 1954; x_wconf 75' lang='grc' dir='ltr'>Ἐν</span> 
     </span>
    </p>
   </div>
   <div class='ocr_carea' id='block_1_44' title="bbox 76 1975 850 2014">
    <p class='ocr_par' dir='ltr' id='par_1_44' title="bbox 76 1975 850 2014">
     <span class='ocr_line' id='line_1_44' title="bbox 76 1975 850 2014; baseline 0 -14"><span class='ocrx_word' id='word_1_308' title='bbox 76 1975 128 2008; x_wconf 75' lang='grc' dir='ltr'>τοῖς</span> <span class='ocrx_word' id='word_1_309' title='bbox 152 1977 336 2010; x_wconf 78' lang='grc' dir='ltr'>περιλοίπυις</span> <span class='ocrx_word' id='word_1_310' title='bbox 362 1984 420 2003; x_wconf 85' lang='grc' dir='ltr'>σου</span> <span class='ocrx_word' id='word_1_311' title='bbox 444 1975 610 2010; x_wconf 83' lang='grc' dir='ltr'>ἐτοιμάσεις</span> <span class='ocrx_word' id='word_1_312' title='bbox 628 1975 660 2000; x_wconf 84' lang='grc' dir='ltr'><strong>τὸ</strong></span> <span class='ocrx_word' id='word_1_313' title='bbox 674 1975 850 2014; x_wconf 54' lang='grc' dir='ltr'>,πρόσωπον</span> 
     </span>
    </p>
   </div>
   <div class='ocr_carea' id='block_1_45' title="bbox 75 2019 848 2056">
    <p class='ocr_par' dir='ltr' id='par_1_45' title="bbox 75 2019 848 2056">
     <span class='ocr_line' id='line_1_45' title="bbox 75 2019 848 2056; baseline -0.003 -9"><span class='ocrx_word' id='word_1_314' title='bbox 75 2020 170 2048; x_wconf 77' lang='grc' dir='ltr'>αὐτῶν.</span> <span class='ocrx_word' id='word_1_315' title='bbox 200 2022 407 2053; x_wconf 81' lang='grc' dir='ltr'>Καταλέλοιπας</span> <span class='ocrx_word' id='word_1_316' title='bbox 431 2022 539 2053; x_wconf 81' lang='grc' dir='ltr'>αὐτοῖς,</span> <span class='ocrx_word' id='word_1_317' title='bbox 557 2021 657 2056; x_wconf 78' lang='grc' dir='ltr'>φησὶν,</span> <span class='ocrx_word' id='word_1_318' title='bbox 682 2019 848 2055; x_wconf 69' lang='grc' dir='ltr'>ἐπιστροφῆς</span> 
     </span>
    </p>
   </div>
   <div class='ocr_carea' id='block_1_46' title="bbox 77 2066 848 2104">
    <p class='ocr_par' dir='ltr' id='par_1_46' title="bbox 77 2066 848 2104">
     <span class='ocr_line' id='line_1_46' title="bbox 77 2066 848 2104; baseline -0.004 -10"><span class='ocrx_word' id='word_1_319' title='bbox 77 2068 158 2103; x_wconf 67' lang='grc' dir='ltr'>καιρὸν</span> <span class='ocrx_word' id='word_1_320' title='bbox 178 2069 246 2104; x_wconf 73' lang='grc' dir='ltr'>πρὸς</span> <span class='ocrx_word' id='word_1_321' title='bbox 268 2068 299 2094; x_wconf 83' lang='grc' dir='ltr'>τὸ</span> <span class='ocrx_word' id='word_1_322' title='bbox 315 2068 488 2103; x_wconf 81' lang='grc' dir='ltr'>μετανοῆσαι.</span> <span class='ocrx_word' id='word_1_323' title='bbox 526 2067 599 2102; x_wconf 76' lang='grc' dir='ltr'><strong>Αὕτη</strong></span> <span class='ocrx_word' id='word_1_324' title='bbox 617 2066 645 2093; x_wconf 82' lang='grc' dir='ltr'>δέ</span> <span class='ocrx_word' id='word_1_325' title='bbox 660 2067 717 2092; x_wconf 77' lang='grc' dir='ltr'>ἐστι</span> <span class='ocrx_word' id='word_1_326' title='bbox 734 2066 802 2101; x_wconf 80' lang='grc' dir='ltr'>μετὰ</span> <span class='ocrx_word' id='word_1_327' title='bbox 817 2066 848 2092; x_wconf 83' lang='grc' dir='ltr'>τὸ</span> 
     </span>
    </p>
   </div>
   <div class='ocr_carea' id='block_1_47' title="bbox 77 2110 707 2148">
    <p class='ocr_par' dir='ltr' id='par_1_47' title="bbox 77 2110 707 2148">
     <span class='ocr_line' id='line_1_47' title="bbox 77 2110 707 2148; baseline -0.002 -10"><span class='ocrx_word' id='word_1_328' title='bbox 77 2110 197 2148; x_wconf 80' lang='grc' dir='ltr'>πλήρωμα</span> <span class='ocrx_word' id='word_1_329' title='bbox 211 2113 265 2140; x_wconf 86' lang='grc' dir='ltr'><strong>τῶν</strong></span> <span class='ocrx_word' id='word_1_330' title='bbox 280 2113 363 2139; x_wconf 79' lang='grc' dir='ltr'>ἐθνῶν</span> <span class='ocrx_word' id='word_1_331' title='bbox 378 2113 473 2147; x_wconf 76' lang='grc' dir='ltr'>κλῆσις</span> <span class='ocrx_word' id='word_1_332' title='bbox 487 2113 532 2138; x_wconf 87' lang='grc' dir='ltr'><strong>καὶ</strong></span> <span class='ocrx_word' id='word_1_333' title='bbox 546 2112 707 2147; x_wconf 76' lang='grc' dir='ltr'>ἐπιστροφή.</span> 
     </span>
    </p>
   </div>
   <div class='ocr_carea' id='block_1_48' title="bbox 106 2157 846 2194">
    <p class='ocr_par' dir='ltr' id='par_1_48' title="bbox 106 2157 846 2194">
     <span class='ocr_line' id='line_1_48' title="bbox 106 2157 846 2194; baseline -0.001 -9"><span class='ocrx_word' id='word_1_334' title='bbox 106 2157 244 2194; x_wconf 80' lang='grc' dir='ltr'>[Ποιήσεις</span> <span class='ocrx_word' id='word_1_335' title='bbox 265 2159 326 2190; x_wconf 73' lang='grc' dir='ltr'>τοὺς</span> <span class='ocrx_word' id='word_1_336' title='bbox 346 2159 547 2193; x_wconf 83' lang='grc' dir='ltr'>ἀπιστήσαντας</span> <span class='ocrx_word' id='word_1_337' title='bbox 569 2158 720 2189; x_wconf 82' lang='grc' dir='ltr'>Ἰουδαίους.</span> <span class='ocrx_word' id='word_1_338' title='bbox 750 2157 803 2189; x_wconf 77' lang='grc' dir='ltr'><strong>Οὓς</strong></span> <span class='ocrx_word' id='word_1_339' title='bbox 818 2158 846 2184; x_wconf 79' lang='grc' dir='ltr'>δὲ</span> 
     </span>
    </p>
   </div>
   <div class='ocr_carea' id='block_1_49' title="bbox 907 252 1691 287">
    <p class='ocr_par' dir='ltr' id='par_1_49' title="bbox 907 252 1691 287">
     <span class='ocr_line' id='line_1_49' title="bbox 907 252 1691 287; baseline -0.003 -7"><span class='ocrx_word' id='word_1_340' title='bbox 907 254 1135 281; x_wconf 70' lang='lat' dir='ltr'><strong>benevolentiam.</strong></span> <span class='ocrx_word' id='word_1_341' title='bbox 1149 252 1252 280; x_wconf 88' lang='lat' dir='ltr'><strong>Horum</strong></span> <span class='ocrx_word' id='word_1_342' title='bbox 1269 260 1334 280; x_wconf 89' lang='lat' dir='ltr'><strong>vero</strong></span> <span class='ocrx_word' id='word_1_343' title='bbox 1350 254 1377 280; x_wconf 91' lang='lat' dir='ltr'><strong>iu</strong></span> <span class='ocrx_word' id='word_1_344' title='bbox 1392 261 1475 280; x_wconf 85' lang='lat' dir='ltr'><strong>causa</strong></span> <span class='ocrx_word' id='word_1_345' title='bbox 1491 253 1542 280; x_wconf 82' lang='lat' dir='ltr'><strong>fuit</strong></span> <span class='ocrx_word' id='word_1_346' title='bbox 1555 254 1606 287; x_wconf 82' lang='lat' dir='ltr'><strong>ipsi</strong></span> <span class='ocrx_word' id='word_1_347' title='bbox 1620 255 1691 287; x_wconf 79' lang='lat' dir='ltr'><strong>quod</strong></span> 
     </span>
    </p>
   </div>
   <div class='ocr_carea' id='block_1_50' title="bbox 907 297 1693 334">
    <p class='ocr_par' dir='ltr' id='par_1_50' title="bbox 907 297 1693 334">
     <span class='ocr_line' id='line_1_50' title="bbox 907 297 1693 334; baseline -0.001 -9"><span class='ocrx_word' id='word_1_348' title='bbox 907 299 955 326; x_wconf 88' lang='lat' dir='ltr'><strong>tibi</strong></span> <span class='ocrx_word' id='word_1_349' title='bbox 972 299 1123 326; x_wconf 76' lang='lat' dir='ltr'><strong>conﬁdrrit.</strong></span> <span class='ocrx_word' id='word_1_350' title='bbox 1140 297 1302 332; x_wconf 74' lang='lat' dir='ltr'><strong>Lmtificabis</strong></span> <span class='ocrx_word' id='word_1_351' title='bbox 1317 306 1376 325; x_wconf 86' lang='lat' dir='ltr'><strong>eum</strong></span> <span class='ocrx_word' id='word_1_352' title='bbox 1393 299 1420 324; x_wconf 86' lang='lat' dir='ltr'><strong>in</strong></span> <span class='ocrx_word' id='word_1_353' title='bbox 1432 299 1529 334; x_wconf 85' lang='lat' dir='ltr'><strong>gaudio</strong></span> <span class='ocrx_word' id='word_1_354' title='bbox 1544 306 1602 324; x_wconf 79' lang='lat' dir='ltr'><strong>curn</strong></span> <span class='ocrx_word' id='word_1_355' title='bbox 1619 298 1693 324; x_wconf 78' lang='lat' dir='ltr'><strong>vultu</strong></span> 
     </span>
    </p>
   </div>
   <div class='ocr_carea' id='block_1_51' title="bbox 907 343 1692 376">
    <p class='ocr_par' dir='ltr' id='par_1_51' title="bbox 907 343 1692 376">
     <span class='ocr_line' id='line_1_51' title="bbox 907 343 1692 376; baseline -0.003 -5"><span class='ocrx_word' id='word_1_356' title='bbox 907 350 962 372; x_wconf 85' lang='lat' dir='ltr'><strong>tuo.</strong></span> <span class='ocrx_word' id='word_1_357' title='bbox 979 344 1074 372; x_wconf 86' lang='lat' dir='ltr'><strong>Vultus</strong></span> <span class='ocrx_word' id='word_1_358' title='bbox 1086 344 1173 372; x_wconf 83' lang='lat' dir='ltr'><strong>l&#39;alris</strong></span> <span class='ocrx_word' id='word_1_359' title='bbox 1185 350 1226 371; x_wconf 86' lang='lat' dir='ltr'><strong>est</strong></span> <span class='ocrx_word' id='word_1_360' title='bbox 1241 344 1326 371; x_wconf 83' lang='lat' dir='ltr'><strong>Filius</strong></span> <span class='ocrx_word' id='word_1_361' title='bbox 1341 354 1347 371; x_wconf 92' lang='lat'><strong>:</strong></span> <span class='ocrx_word' id='word_1_362' title='bbox 1361 344 1413 376; x_wconf 84' lang='lat' dir='ltr'><strong>Qui</strong></span> <span class='ocrx_word' id='word_1_363' title='bbox 1426 345 1490 370; x_wconf 74' lang='lat' dir='ltr'><strong>vidit</strong></span> <span class='ocrx_word' id='word_1_364' title='bbox 1504 352 1553 375; x_wconf 87' lang='lat' dir='ltr'><strong>me,</strong></span> <span class='ocrx_word' id='word_1_365' title='bbox 1565 344 1612 376; x_wconf 83' lang='lat' dir='ltr'><strong>ait,</strong></span> <span class='ocrx_word' id='word_1_366' title='bbox 1627 343 1692 370; x_wconf 83' lang='lat' dir='ltr'><strong>vidit</strong></span> 
     </span>
    </p>
   </div>
   <div class='ocr_carea' id='block_1_52' title="bbox 905 390 1692 418">
    <p class='ocr_par' dir='ltr' id='par_1_52' title="bbox 905 390 1692 418">
     <span class='ocr_line' id='line_1_52' title="bbox 905 390 1692 418; baseline -0.001 -1"><span class='ocrx_word' id='word_1_367' title='bbox 905 396 929 417; x_wconf 81' lang='lat' dir='ltr'><strong>et</strong></span> <span class='ocrx_word' id='word_1_368' title='bbox 946 390 1052 417; x_wconf 83' lang='lat' dir='ltr'><strong>Patrem</strong></span> <span class='ocrx_word' id='word_1_369' title='bbox 1076 399 1162 417; x_wconf 84' lang='lat' dir='ltr'><strong>meum</strong></span> <span class='ocrx_word' id='word_1_370' title='bbox 1174 391 1206 417; x_wconf 75' lang='grc'><strong>³⁸.</strong></span> <span class='ocrx_word' id='word_1_371' title='bbox 1220 390 1288 418; x_wconf 88' lang='lat' dir='ltr'><strong>Cum</strong></span> <span class='ocrx_word' id='word_1_372' title='bbox 1307 391 1352 418; x_wconf 89' lang='lat' dir='ltr'><strong>illo</strong></span> <span class='ocrx_word' id='word_1_373' title='bbox 1367 390 1487 418; x_wconf 76' lang='lat' dir='ltr'><strong>futurum</strong></span> <span class='ocrx_word' id='word_1_374' title='bbox 1513 395 1541 417; x_wconf 89' lang='lat' dir='ltr'><strong>ut</strong></span> <span class='ocrx_word' id='word_1_375' title='bbox 1564 390 1591 416; x_wconf 89' lang='lat' dir='ltr'><strong>in</strong></span> <span class='ocrx_word' id='word_1_376' title='bbox 1622 390 1692 417; x_wconf 63' lang='lat' dir='ltr'><strong>caelo</strong></span> 
     </span>
    </p>
   </div>
   <div class='ocr_carea' id='block_1_53' title="bbox 905 437 1689 472">
    <p class='ocr_par' dir='ltr' id='par_1_53' title="bbox 905 437 1689 472">
     <span class='ocr_line' id='line_1_53' title="bbox 905 437 1689 472; baseline -0.001 -9"><span class='ocrx_word' id='word_1_377' title='bbox 905 437 1038 470; x_wconf 77' lang='lat' dir='ltr'><strong>lzetemur,</strong></span> <span class='ocrx_word' id='word_1_378' title='bbox 1054 437 1128 464; x_wconf 87' lang='lat' dir='ltr'><strong>velut</strong></span> <span class='ocrx_word' id='word_1_379' title='bbox 1143 437 1237 472; x_wconf 86' lang='lat' dir='ltr'><strong>sponsi</strong></span> <span class='ocrx_word' id='word_1_380' title='bbox 1254 437 1412 464; x_wconf 72' lang='lat' dir='ltr'><strong>deductor-cs</strong></span> <span class='ocrx_word' id='word_1_381' title='bbox 1431 444 1491 464; x_wconf 89' lang='lat' dir='ltr'><strong>cum</strong></span> <span class='ocrx_word' id='word_1_382' title='bbox 1505 437 1564 470; x_wconf 86' lang='lat' dir='ltr'><strong>ipso</strong></span> <span class='ocrx_word' id='word_1_383' title='bbox 1579 443 1689 470; x_wconf 82' lang='lat' dir='ltr'><strong>sponso.</strong></span> 
     </span>
    </p>
   </div>
   <div class='ocr_carea' id='block_1_54' title="bbox 941 482 1691 516">
    <p class='ocr_par' dir='ltr' id='par_1_54' title="bbox 941 482 1691 516">
     <span class='ocr_line' id='line_1_54' title="bbox 941 482 1691 516; baseline -0.003 -7"><span class='ocrx_word' id='word_1_384' title='bbox 941 482 967 510; x_wconf 86' lang='lat'><strong>8.</strong></span> <span class='ocrx_word' id='word_1_385' title='bbox 981 482 1113 515; x_wconf 78' lang='lat' dir='ltr'><strong>Quoniam</strong></span> <span class='ocrx_word' id='word_1_386' title='bbox 1125 491 1170 509; x_wconf 76' lang='lat' dir='ltr'><strong>rea:</strong></span> <span class='ocrx_word' id='word_1_387' title='bbox 1188 488 1275 516; x_wconf 77' lang='lat' dir='ltr'><strong>sperat</strong></span> <span class='ocrx_word' id='word_1_388' title='bbox 1287 483 1314 508; x_wconf 87' lang='lat' dir='ltr'><strong>in</strong></span> <span class='ocrx_word' id='word_1_389' title='bbox 1330 482 1452 514; x_wconf 85' lang='lat' dir='ltr'><strong>Domino,</strong></span> <span class='ocrx_word' id='word_1_390' title='bbox 1467 487 1491 508; x_wconf 82' lang='lat' dir='ltr'><strong>et</strong></span> <span class='ocrx_word' id='word_1_391' title='bbox 1505 483 1532 508; x_wconf 84' lang='lat' dir='ltr'><strong>in</strong></span> <span class='ocrx_word' id='word_1_392' title='bbox 1546 482 1691 508; x_wconf 78' lang='lat' dir='ltr'><strong>misericor-</strong></span> 
     </span>
    </p>
   </div>
   <div class='ocr_carea' id='block_1_55' title="bbox 905 528 1690 563">
    <p class='ocr_par' dir='ltr' id='par_1_55' title="bbox 905 528 1690 563">
     <span class='ocr_line' id='line_1_55' title="bbox 905 528 1690 563; baseline 0 -8"><span class='ocrx_word' id='word_1_393' title='bbox 905 529 960 561; x_wconf 79' lang='lat' dir='ltr'><strong>dia,</strong></span> <span class='ocrx_word' id='word_1_394' title='bbox 978 534 1030 556; x_wconf 88' lang='lat' dir='ltr'><strong>etc.</strong></span> <span class='ocrx_word' id='word_1_395' title='bbox 1048 528 1343 563; x_wconf 83' lang='lat' dir='ltr'><strong>Superiorscilicetcst</strong></span> <span class='ocrx_word' id='word_1_396' title='bbox 1357 529 1491 560; x_wconf 86' lang='lat' dir='ltr'><strong>hostihus,</strong></span> <span class='ocrx_word' id='word_1_397' title='bbox 1504 533 1578 555; x_wconf 89' lang='lat' dir='ltr'><strong>tuam</strong></span> <span class='ocrx_word' id='word_1_398' title='bbox 1595 532 1690 555; x_wconf 75' lang='lat' dir='ltr'><strong>nactus</strong></span> 
     </span>
    </p>
   </div>
   <div class='ocr_carea' id='block_1_56' title="bbox 905 573 1688 610">
    <p class='ocr_par' dir='ltr' id='par_1_56' title="bbox 905 573 1688 610">
     <span class='ocr_line' id='line_1_56' title="bbox 905 573 1688 610; baseline -0.001 -9"><span class='ocrx_word' id='word_1_399' title='bbox 905 576 1030 610; x_wconf 75' lang='lat' dir='ltr'><strong>gratiam.</strong></span> <span class='ocrx_word' id='word_1_400' title='bbox 1041 573 1079 601; x_wconf 83' lang='lat' dir='ltr'><strong>Ea</strong></span> <span class='ocrx_word' id='word_1_401' title='bbox 1091 579 1181 601; x_wconf 89' lang='lat' dir='ltr'><strong>autem</strong></span> <span class='ocrx_word' id='word_1_402' title='bbox 1191 574 1291 600; x_wconf 74' lang='lat' dir='ltr'><strong>fruitur</strong></span> <span class='ocrx_word' id='word_1_403' title='bbox 1303 574 1369 600; x_wconf 87' lang='lat' dir='ltr'><strong>nulli</strong></span> <span class='ocrx_word' id='word_1_404' title='bbox 1382 573 1525 601; x_wconf 83' lang='lat' dir='ltr'><strong>hominum</strong></span> <span class='ocrx_word' id='word_1_405' title='bbox 1539 573 1688 604; x_wconf 84' lang='lat' dir='ltr'><strong>conﬁdens,</strong></span> 
     </span>
    </p>
   </div>
   <div class='ocr_carea' id='block_1_57' title="bbox 905 619 1409 654">
    <p class='ocr_par' dir='ltr' id='par_1_57' title="bbox 905 619 1409 654">
     <span class='ocr_line' id='line_1_57' title="bbox 905 619 1409 654; baseline -0.004 -7"><span class='ocrx_word' id='word_1_406' title='bbox 905 620 953 647; x_wconf 86' lang='lat' dir='ltr'><strong>sed</strong></span> <span class='ocrx_word' id='word_1_407' title='bbox 968 620 995 647; x_wconf 87' lang='lat' dir='ltr'><strong>in</strong></span> <span class='ocrx_word' id='word_1_408' title='bbox 1016 624 1042 647; x_wconf 87' lang='lat' dir='ltr'><strong>te</strong></span> <span class='ocrx_word' id='word_1_409' title='bbox 1063 621 1153 647; x_wconf 88' lang='lat' dir='ltr'><strong>solum</strong></span> <span class='ocrx_word' id='word_1_410' title='bbox 1168 627 1244 654; x_wconf 84' lang='lat' dir='ltr'><strong>spem</strong></span> <span class='ocrx_word' id='word_1_411' title='bbox 1260 619 1409 646; x_wconf 82' lang='lat' dir='ltr'><strong>collocatis.</strong></span> 
     </span>
    </p>
   </div>
   <div class='ocr_carea' id='block_1_58' title="bbox 939 702 1687 732">
    <p class='ocr_par' dir='ltr' id='par_1_58' title="bbox 939 702 1687 732">
     <span class='ocr_line' id='line_1_58' title="bbox 939 702 1687 732; baseline -0.005 -1"><span class='ocrx_word' id='word_1_412' title='bbox 939 705 965 732; x_wconf 89' lang='lat'><strong>9.</strong></span> <span class='ocrx_word' id='word_1_413' title='bbox 987 704 1143 731; x_wconf 71' lang='lat' dir='ltr'><strong>Inveniatur</strong></span> <span class='ocrx_word' id='word_1_414' title='bbox 1163 710 1258 730; x_wconf 84' lang='lat' dir='ltr'><strong>manus</strong></span> <span class='ocrx_word' id='word_1_415' title='bbox 1279 708 1326 729; x_wconf 81' lang='lat' dir='ltr'><strong>tua</strong></span> <span class='ocrx_word' id='word_1_416' title='bbox 1347 702 1467 728; x_wconf 75' lang='lat' dir='ltr'><strong>erunibus</strong></span> <span class='ocrx_word' id='word_1_417' title='bbox 1489 702 1605 728; x_wconf 82' lang='lat' dir='ltr'><strong>inimicis</strong></span> <span class='ocrx_word' id='word_1_418' title='bbox 1625 702 1687 728; x_wconf 74' lang='lat' dir='ltr'><strong>tuis.</strong></span> 
     </span>
    </p>
   </div>
   <div class='ocr_carea' id='block_1_59' title="bbox 904 747 1689 784">
    <p class='ocr_par' dir='ltr' id='par_1_59' title="bbox 904 747 1689 784">
     <span class='ocr_line' id='line_1_59' title="bbox 904 747 1689 784; baseline -0.001 -7"><span class='ocrx_word' id='word_1_419' title='bbox 904 749 968 778; x_wconf 68' lang='lat' dir='ltr'><strong>Haec</strong></span> <span class='ocrx_word' id='word_1_420' title='bbox 993 750 1026 777; x_wconf 81' lang='lat' dir='ltr'><strong>ad</strong></span> <span class='ocrx_word' id='word_1_421' title='bbox 1052 751 1142 784; x_wconf 89' lang='lat' dir='ltr'><strong>ipsum</strong></span> <span class='ocrx_word' id='word_1_422' title='bbox 1162 749 1309 776; x_wconf 85' lang='lat' dir='ltr'><strong>Dominum</strong></span> <span class='ocrx_word' id='word_1_423' title='bbox 1334 749 1470 783; x_wconf 87' lang='lat' dir='ltr'><strong>pertinere</strong></span> <span class='ocrx_word' id='word_1_424' title='bbox 1494 748 1631 782; x_wconf 84' lang='lat' dir='ltr'><strong>videnlur,</strong></span> <span class='ocrx_word' id='word_1_425' title='bbox 1654 747 1689 776; x_wconf 84' lang='lat' dir='ltr'><strong>ob</strong></span> 
     </span>
    </p>
   </div>
   <div class='ocr_carea' id='block_1_60' title="bbox 904 795 1412 830">
    <p class='ocr_par' dir='ltr' id='par_1_60' title="bbox 904 795 1412 830">
     <span class='ocr_line' id='line_1_60' title="bbox 904 795 1412 830; baseline -0.004 -7"><span class='ocrx_word' id='word_1_426' title='bbox 904 797 974 823; x_wconf 81' lang='lat' dir='ltr'><strong>mala</strong></span> <span class='ocrx_word' id='word_1_427' title='bbox 992 804 1006 823; x_wconf 89' lang='lat' dir='ltr'><strong>a</strong></span> <span class='ocrx_word' id='word_1_428' title='bbox 1019 795 1134 823; x_wconf 72' lang='lat' dir='ltr'><strong>Juilaico</strong></span> <span class='ocrx_word' id='word_1_429' title='bbox 1147 795 1247 830; x_wconf 89' lang='lat' dir='ltr'><strong>popqu</strong></span> <span class='ocrx_word' id='word_1_430' title='bbox 1263 795 1335 822; x_wconf 87' lang='lat' dir='ltr'><strong>illata</strong></span> <span class='ocrx_word' id='word_1_431' title='bbox 1352 795 1412 829; x_wconf 90' lang='lat' dir='ltr'><strong>ipsi.</strong></span> 
     </span>
    </p>
   </div>
   <div class='ocr_carea' id='block_1_61' title="bbox 939 841 1689 878">
    <p class='ocr_par' dir='ltr' id='par_1_61' title="bbox 939 841 1689 878">
     <span class='ocr_line' id='line_1_61' title="bbox 939 841 1689 878; baseline -0.003 -8"><span class='ocrx_word' id='word_1_432' title='bbox 939 842 994 878; x_wconf 83' lang='lat' dir='ltr'><strong>[Ait</strong></span> <span class='ocrx_word' id='word_1_433' title='bbox 1013 848 1103 870; x_wconf 84' lang='lat' dir='ltr'><strong>autem</strong></span> <span class='ocrx_word' id='word_1_434' title='bbox 1121 850 1150 869; x_wconf 87' lang='lat' dir='ltr'><strong>se</strong></span> <span class='ocrx_word' id='word_1_435' title='bbox 1174 841 1252 876; x_wconf 87' lang='lat' dir='ltr'><strong>quasi</strong></span> <span class='ocrx_word' id='word_1_436' title='bbox 1269 845 1369 868; x_wconf 83' lang='lat' dir='ltr'><strong>venatu</strong></span> <span class='ocrx_word' id='word_1_437' title='bbox 1398 846 1541 875; x_wconf 86' lang='lat' dir='ltr'><strong>capturum</strong></span> <span class='ocrx_word' id='word_1_438' title='bbox 1568 845 1689 875; x_wconf 85' lang='lat' dir='ltr'><strong>peccato-</strong></span> 
     </span>
    </p>
   </div>
   <div class='ocr_carea' id='block_1_62' title="bbox 905 886 1689 923">
    <p class='ocr_par' dir='ltr' id='par_1_62' title="bbox 905 886 1689 923">
     <span class='ocr_line' id='line_1_62' title="bbox 905 886 1689 923; baseline -0.003 -8"><span class='ocrx_word' id='word_1_439' title='bbox 905 897 958 916; x_wconf 91' lang='lat' dir='ltr'><strong>res.</strong></span> <span class='ocrx_word' id='word_1_440' title='bbox 975 889 1003 915; x_wconf 89' lang='lat' dir='ltr'><strong>Si</strong></span> <span class='ocrx_word' id='word_1_441' title='bbox 1015 896 1132 923; x_wconf 81' lang='lat' dir='ltr'><strong>namque</strong></span> <span class='ocrx_word' id='word_1_442' title='bbox 1143 890 1170 915; x_wconf 91' lang='lat' dir='ltr'><strong>in</strong></span> <span class='ocrx_word' id='word_1_443' title='bbox 1186 896 1229 921; x_wconf 88' lang='lat' dir='ltr'><strong>eo,</strong></span> <span class='ocrx_word' id='word_1_444' title='bbox 1244 889 1289 923; x_wconf 89' lang='lat' dir='ltr'><strong>qui</strong></span> <span class='ocrx_word' id='word_1_445' title='bbox 1305 888 1432 915; x_wconf 86' lang='lat' dir='ltr'><strong>mandata</strong></span> <span class='ocrx_word' id='word_1_446' title='bbox 1448 892 1548 919; x_wconf 85' lang='lat' dir='ltr'><strong>servat,</strong></span> <span class='ocrx_word' id='word_1_447' title='bbox 1568 886 1689 914; x_wconf 79' lang='lat' dir='ltr'><strong>Charitas</strong></span> 
     </span>
    </p>
   </div>
   <div class='ocr_carea' id='block_1_63' title="bbox 905 932 1688 968">
    <p class='ocr_par' dir='ltr' id='par_1_63' title="bbox 905 932 1688 968">
     <span class='ocr_line' id='line_1_63' title="bbox 905 932 1688 968; baseline 0 -10"><span class='ocrx_word' id='word_1_448' title='bbox 905 933 952 959; x_wconf 86' lang='lat' dir='ltr'><strong>Dei</strong></span> <span class='ocrx_word' id='word_1_449' title='bbox 975 933 1134 968; x_wconf 75' lang='lat' dir='ltr'><strong>perficitur,</strong></span> <span class='ocrx_word' id='word_1_450' title='bbox 1160 934 1250 968; x_wconf 82' lang='lat' dir='ltr'><strong>palam</strong></span> <span class='ocrx_word' id='word_1_451' title='bbox 1275 937 1318 960; x_wconf 89' lang='lat' dir='ltr'><strong>est</strong></span> <span class='ocrx_word' id='word_1_452' title='bbox 1343 940 1406 959; x_wconf 87' lang='lat' dir='ltr'><strong>cum</strong></span> <span class='ocrx_word' id='word_1_453' title='bbox 1434 932 1480 966; x_wconf 87' lang='lat' dir='ltr'><strong>qui</strong></span> <span class='ocrx_word' id='word_1_454' title='bbox 1505 940 1558 958; x_wconf 89' lang='lat' dir='ltr'><strong>non</strong></span> <span class='ocrx_word' id='word_1_455' title='bbox 1579 935 1688 964; x_wconf 84' lang='lat' dir='ltr'><strong>servat,</strong></span> 
     </span>
    </p>
   </div>
   <div class='ocr_carea' id='block_1_64' title="bbox 904 978 1687 1014">
    <p class='ocr_par' dir='ltr' id='par_1_64' title="bbox 904 978 1687 1014">
     <span class='ocr_line' id='line_1_64' title="bbox 904 978 1687 1014; baseline -0.001 -9"><span class='ocrx_word' id='word_1_456' title='bbox 904 978 989 1006; x_wconf 88' lang='lat' dir='ltr'><strong>Deum</strong></span> <span class='ocrx_word' id='word_1_457' title='bbox 1018 979 1081 1006; x_wconf 91' lang='lat' dir='ltr'><strong>odio</strong></span> <span class='ocrx_word' id='word_1_458' title='bbox 1117 979 1216 1007; x_wconf 88' lang='lat' dir='ltr'><strong>habere</strong></span> <span class='ocrx_word' id='word_1_459' title='bbox 1228 988 1239 999; x_wconf 87' lang='grc'><strong>-·</strong></span> <span class='ocrx_word' id='word_1_460' title='bbox 1272 979 1319 1014; x_wconf 87' lang='lat' dir='ltr'><strong>qui</strong></span> <span class='ocrx_word' id='word_1_461' title='bbox 1352 979 1452 1005; x_wconf 88' lang='lat' dir='ltr'><strong>dicitur</strong></span> <span class='ocrx_word' id='word_1_462' title='bbox 1481 978 1509 1004; x_wconf 91' lang='lat' dir='ltr'><strong>in</strong></span> <span class='ocrx_word' id='word_1_463' title='bbox 1540 978 1687 1012; x_wconf 87' lang='lat' dir='ltr'><strong>perniciem</strong></span> 
     </span>
    </p>
   </div>
   <div class='ocr_carea' id='block_1_65' title="bbox 904 1025 967 1062">
    <p class='ocr_par' dir='ltr' id='par_1_65' title="bbox 904 1025 967 1062">
     <span class='ocr_line' id='line_1_65' title="bbox 904 1025 967 1062; baseline 0.032 -10"><span class='ocrx_word' id='word_1_464' title='bbox 904 1025 967 1062; x_wconf 88' lang='lat' dir='ltr'><strong>ire.]</strong></span> 
     </span>
    </p>
   </div>
   <div class='ocr_carea' id='block_1_66' title="bbox 936 1072 1688 1107">
    <p class='ocr_par' dir='ltr' id='par_1_66' title="bbox 936 1072 1688 1107">
     <span class='ocr_line' id='line_1_66' title="bbox 936 1072 1688 1107; baseline 0.003 -9"><span class='ocrx_word' id='word_1_465' title='bbox 936 1073 980 1099; x_wconf 76' lang='grc'><strong>10.</strong></span> <span class='ocrx_word' id='word_1_466' title='bbox 997 1072 1082 1100; x_wconf 69' lang='lat' dir='ltr'><strong>Panes</strong></span> <span class='ocrx_word' id='word_1_467' title='bbox 1093 1081 1137 1100; x_wconf 75' lang='lat' dir='ltr'><strong>eos</strong></span> <span class='ocrx_word' id='word_1_468' title='bbox 1152 1077 1180 1100; x_wconf 86' lang='lat' dir='ltr'><strong>ut</strong></span> <span class='ocrx_word' id='word_1_469' title='bbox 1193 1073 1326 1100; x_wconf 79' lang='lat' dir='ltr'><strong>clilmnum</strong></span> <span class='ocrx_word' id='word_1_470' title='bbox 1339 1073 1408 1107; x_wconf 80' lang='lat' dir='ltr'><strong>ignis</strong></span> <span class='ocrx_word' id='word_1_471' title='bbox 1424 1073 1452 1099; x_wconf 79' lang='lat' dir='ltr'><strong>in</strong></span> <span class='ocrx_word' id='word_1_472' title='bbox 1463 1077 1576 1106; x_wconf 74' lang='lat' dir='ltr'><strong>tempore</strong></span> <span class='ocrx_word' id='word_1_473' title='bbox 1600 1072 1688 1100; x_wconf 66' lang='lat' dir='ltr'><strong>vultu</strong></span> 
     </span>
    </p>
   </div>
   <div class='ocr_carea' id='block_1_67' title="bbox 904 1118 1687 1154">
    <p class='ocr_par' dir='ltr' id='par_1_67' title="bbox 904 1118 1687 1154">
     <span class='ocr_line' id='line_1_67' title="bbox 904 1118 1687 1154; baseline 0.001 -10"><span class='ocrx_word' id='word_1_474' title='bbox 904 1119 953 1145; x_wconf 83' lang='lat' dir='ltr'><strong>tui.</strong></span> <span class='ocrx_word' id='word_1_475' title='bbox 971 1120 1010 1147; x_wconf 81' lang='lat' dir='ltr'><strong>Ac</strong></span> <span class='ocrx_word' id='word_1_476' title='bbox 1022 1120 1045 1146; x_wconf 94' lang='lat' dir='ltr'><strong>si</strong></span> <span class='ocrx_word' id='word_1_477' title='bbox 1062 1120 1184 1146; x_wconf 86' lang='lat' dir='ltr'><strong>diceret:</strong></span> <span class='ocrx_word' id='word_1_478' title='bbox 1203 1119 1273 1154; x_wconf 83' lang='lat' dir='ltr'><strong>ignis</strong></span> <span class='ocrx_word' id='word_1_479' title='bbox 1287 1124 1431 1146; x_wconf 87' lang='lat' dir='ltr'><strong>consortes</strong></span> <span class='ocrx_word' id='word_1_480' title='bbox 1447 1119 1557 1146; x_wconf 78' lang='lat' dir='ltr'><strong>eiﬁcies.</strong></span> <span class='ocrx_word' id='word_1_481' title='bbox 1571 1118 1600 1145; x_wconf 85' lang='lat' dir='ltr'><strong>ld</strong></span> <span class='ocrx_word' id='word_1_482' title='bbox 1613 1119 1687 1146; x_wconf 89' lang='lat' dir='ltr'><strong>enim</strong></span> 
     </span>
    </p>
   </div>
   <div class='ocr_carea' id='block_1_68' title="bbox 903 1165 1687 1201">
    <p class='ocr_par' dir='ltr' id='par_1_68' title="bbox 903 1165 1687 1201">
     <span class='ocr_line' id='line_1_68' title="bbox 903 1165 1687 1201; baseline 0 -9"><span class='ocrx_word' id='word_1_483' title='bbox 903 1165 942 1192; x_wconf 87' lang='lat' dir='ltr'><strong>illi</strong></span> <span class='ocrx_word' id='word_1_484' title='bbox 956 1174 1005 1193; x_wconf 89' lang='lat' dir='ltr'><strong>ceu</strong></span> <span class='ocrx_word' id='word_1_485' title='bbox 1022 1166 1181 1193; x_wconf 78' lang='lat' dir='ltr'><strong>thesaurum</strong></span> <span class='ocrx_word' id='word_1_486' title='bbox 1195 1171 1376 1201; x_wconf 88' lang='lat' dir='ltr'><strong>reposuerunt</strong></span> <span class='ocrx_word' id='word_1_487' title='bbox 1391 1166 1418 1192; x_wconf 91' lang='lat' dir='ltr'><strong>in</strong></span> <span class='ocrx_word' id='word_1_488' title='bbox 1433 1166 1554 1193; x_wconf 88' lang='lat' dir='ltr'><strong>secundo</strong></span> <span class='ocrx_word' id='word_1_489' title='bbox 1569 1166 1687 1193; x_wconf 84' lang='lat' dir='ltr'><strong>adventu</strong></span> 
     </span>
    </p>
   </div>
   <div class='ocr_carea' id='block_1_69' title="bbox 904 1211 1685 1246">
    <p class='ocr_par' dir='ltr' id='par_1_69' title="bbox 904 1211 1685 1246">
     <span class='ocr_line' id='line_1_69' title="bbox 904 1211 1685 1246; baseline 0.001 -10"><span class='ocrx_word' id='word_1_490' title='bbox 904 1215 960 1242; x_wconf 87' lang='lat' dir='ltr'><strong>tuo,</strong></span> <span class='ocrx_word' id='word_1_491' title='bbox 989 1211 1098 1245; x_wconf 88' lang='lat' dir='ltr'><strong>quando</strong></span> <span class='ocrx_word' id='word_1_492' title='bbox 1129 1211 1226 1239; x_wconf 82' lang='lat' dir='ltr'><strong>reddes</strong></span> <span class='ocrx_word' id='word_1_493' title='bbox 1244 1212 1392 1246; x_wconf 87' lang='lat' dir='ltr'><strong>unicuique</strong></span> <span class='ocrx_word' id='word_1_494' title='bbox 1415 1212 1494 1246; x_wconf 78' lang='lat' dir='ltr'><strong>juxta</strong></span> <span class='ocrx_word' id='word_1_495' title='bbox 1521 1219 1604 1246; x_wconf 82' lang='lat' dir='ltr'><strong>opera</strong></span> <span class='ocrx_word' id='word_1_496' title='bbox 1625 1219 1685 1238; x_wconf 83' lang='lat' dir='ltr'><strong>sua.</strong></span> 
     </span>
    </p>
   </div>
   <div class='ocr_carea' id='block_1_70' title="bbox 903 1257 1686 1289">
    <p class='ocr_par' dir='ltr' id='par_1_70' title="bbox 903 1257 1686 1289">
     <span class='ocr_line' id='line_1_70' title="bbox 903 1257 1686 1289; baseline -0.001 -5"><span class='ocrx_word' id='word_1_497' title='bbox 903 1257 1032 1284; x_wconf 76' lang='lat' dir='ltr'><strong>Dominus</strong></span> <span class='ocrx_word' id='word_1_498' title='bbox 1049 1259 1076 1284; x_wconf 86' lang='lat' dir='ltr'><strong>in</strong></span> <span class='ocrx_word' id='word_1_499' title='bbox 1096 1259 1138 1284; x_wconf 82' lang='lat' dir='ltr'><strong>ira</strong></span> <span class='ocrx_word' id='word_1_500' title='bbox 1161 1266 1210 1284; x_wconf 69' lang='lat' dir='ltr'><strong>sua</strong></span> <span class='ocrx_word' id='word_1_501' title='bbox 1234 1257 1400 1284; x_wconf 76' lang='lat' dir='ltr'><strong>conturbabit</strong></span> <span class='ocrx_word' id='word_1_502' title='bbox 1424 1265 1478 1289; x_wconf 79' lang='lat' dir='ltr'><strong>eos,</strong></span> <span class='ocrx_word' id='word_1_503' title='bbox 1503 1263 1527 1284; x_wconf 81' lang='lat' dir='ltr'><strong>et</strong></span> <span class='ocrx_word' id='word_1_504' title='bbox 1551 1257 1686 1284; x_wconf 74' lang='lat' dir='ltr'><strong>devorabi:</strong></span> 
     </span>
    </p>
   </div>
   <div class='ocr_carea' id='block_1_71' title="bbox 902 1302 1686 1337">
    <p class='ocr_par' dir='ltr' id='par_1_71' title="bbox 902 1302 1686 1337">
     <span class='ocr_line' id='line_1_71' title="bbox 902 1302 1686 1337; baseline 0.003 -9"><span class='ocrx_word' id='word_1_505' title='bbox 902 1310 944 1329; x_wconf 87' lang='lat' dir='ltr'><strong>eos</strong></span> <span class='ocrx_word' id='word_1_506' title='bbox 960 1303 1039 1337; x_wconf 80' lang='lat' dir='ltr'><strong>ignis.</strong></span> <span class='ocrx_word' id='word_1_507' title='bbox 1057 1302 1127 1329; x_wconf 84' lang='lat' dir='ltr'><strong>lrant</strong></span> <span class='ocrx_word' id='word_1_508' title='bbox 1144 1306 1223 1330; x_wconf 88' lang='lat' dir='ltr'><strong>vocat</strong></span> <span class='ocrx_word' id='word_1_509' title='bbox 1237 1303 1400 1336; x_wconf 89' lang='lat' dir='ltr'><strong>supplicium</strong></span> <span class='ocrx_word' id='word_1_510' title='bbox 1418 1310 1473 1337; x_wconf 92' lang='lat' dir='ltr'><strong>quo</strong></span> <span class='ocrx_word' id='word_1_511' title='bbox 1489 1307 1563 1336; x_wconf 87' lang='lat' dir='ltr'><strong>sunt,</strong></span> <span class='ocrx_word' id='word_1_512' title='bbox 1587 1309 1686 1330; x_wconf 79' lang='lat' dir='ltr'><strong>contu-</strong></span> 
     </span>
    </p>
   </div>
   <div class='ocr_carea' id='block_1_72' title="bbox 903 1348 1442 1384">
    <p class='ocr_par' dir='ltr' id='par_1_72' title="bbox 903 1348 1442 1384">
     <span class='ocr_line' id='line_1_72' title="bbox 903 1348 1442 1384; baseline 0 -9"><span class='ocrx_word' id='word_1_513' title='bbox 903 1349 989 1375; x_wconf 78' lang='lat' dir='ltr'><strong>melia:</strong></span> <span class='ocrx_word' id='word_1_514' title='bbox 1005 1349 1055 1384; x_wconf 91' lang='lat' dir='ltr'><strong>ipsi</strong></span> <span class='ocrx_word' id='word_1_515' title='bbox 1074 1349 1172 1376; x_wconf 76' lang='lat' dir='ltr'><strong>oblata:</strong></span> <span class='ocrx_word' id='word_1_516' title='bbox 1183 1356 1277 1382; x_wconf 87' lang='lat' dir='ltr'><strong>causa,</strong></span> <span class='ocrx_word' id='word_1_517' title='bbox 1295 1348 1442 1376; x_wconf 77' lang='lat' dir='ltr'><strong>multandi.</strong></span> 
     </span>
    </p>
   </div>
   <div class='ocr_carea' id='block_1_73' title="bbox 938 1433 1686 1469">
    <p class='ocr_par' dir='ltr' id='par_1_73' title="bbox 938 1433 1686 1469">
     <span class='ocr_line' id='line_1_73' title="bbox 938 1433 1686 1469; baseline 0.007 -10"><span class='ocrx_word' id='word_1_518' title='bbox 938 1434 981 1460; x_wconf 76' lang='lat' dir='ltr'><strong>il.</strong></span> <span class='ocrx_word' id='word_1_519' title='bbox 999 1433 1127 1461; x_wconf 80' lang='lat' dir='ltr'><strong>Fructum</strong></span> <span class='ocrx_word' id='word_1_520' title='bbox 1141 1443 1230 1462; x_wconf 82' lang='lat' dir='ltr'><strong>eorum</strong></span> <span class='ocrx_word' id='word_1_521' title='bbox 1245 1436 1276 1462; x_wconf 84' lang='lat' dir='ltr'><strong>de</strong></span> <span class='ocrx_word' id='word_1_522' title='bbox 1289 1440 1360 1462; x_wconf 84' lang='lat' dir='ltr'><strong>terra</strong></span> <span class='ocrx_word' id='word_1_523' title='bbox 1373 1435 1474 1469; x_wconf 82' lang='lat' dir='ltr'><strong>perdes.</strong></span> <span class='ocrx_word' id='word_1_524' title='bbox 1490 1435 1560 1463; x_wconf 80' lang='lat' dir='ltr'><strong>Mala</strong></span> <span class='ocrx_word' id='word_1_525' title='bbox 1581 1436 1686 1464; x_wconf 58' lang='lat' dir='ltr'><strong>scilicet</strong></span> 
     </span>
    </p>
   </div>
   <div class='ocr_carea' id='block_1_74' title="bbox 902 1480 1685 1516">
    <p class='ocr_par' dir='ltr' id='par_1_74' title="bbox 902 1480 1685 1516">
     <span class='ocr_line' id='line_1_74' title="bbox 902 1480 1685 1516; baseline 0.005 -10"><span class='ocrx_word' id='word_1_526' title='bbox 902 1481 983 1507; x_wconf 84' lang='lat' dir='ltr'><strong>verba</strong></span> <span class='ocrx_word' id='word_1_527' title='bbox 996 1485 1023 1507; x_wconf 89' lang='lat' dir='ltr'><strong>et</strong></span> <span class='ocrx_word' id='word_1_528' title='bbox 1042 1482 1128 1508; x_wconf 86' lang='lat' dir='ltr'><strong>malas</strong></span> <span class='ocrx_word' id='word_1_529' title='bbox 1150 1481 1339 1516; x_wconf 79' lang='lat' dir='ltr'><strong>cogitationes.</strong></span> <span class='ocrx_word' id='word_1_530' title='bbox 1363 1480 1410 1508; x_wconf 68' lang='lat' dir='ltr'><strong>lite</strong></span> <span class='ocrx_word' id='word_1_531' title='bbox 1435 1487 1499 1508; x_wconf 90' lang='lat' dir='ltr'><strong>sunt</strong></span> <span class='ocrx_word' id='word_1_532' title='bbox 1524 1482 1630 1509; x_wconf 73' lang='lat' dir='ltr'><strong>insidia:</strong></span> <span class='ocrx_word' id='word_1_533' title='bbox 1652 1483 1685 1510; x_wconf 72' lang='lat' dir='ltr'><strong>ab</strong></span> 
     </span>
    </p>
   </div>
   <div class='ocr_carea' id='block_1_75' title="bbox 904 1524 1677 1563">
    <p class='ocr_par' dir='ltr' id='par_1_75' title="bbox 904 1524 1677 1563">
     <span class='ocr_line' id='line_1_75' title="bbox 904 1524 1677 1563; baseline 0.006 -14"><span class='ocrx_word' id='word_1_534' title='bbox 904 1524 956 1550; x_wconf 88' lang='lat' dir='ltr'><strong>illis</strong></span> <span class='ocrx_word' id='word_1_535' title='bbox 973 1529 1074 1558; x_wconf 71' lang='lat' dir='ltr'><strong>paratae</strong></span> <span class='ocrx_word' id='word_1_536' title='bbox 1092 1533 1152 1559; x_wconf 74' lang='lat' dir='ltr'><strong>qua:</strong></span> <span class='ocrx_word' id='word_1_537' title='bbox 1163 1534 1211 1560; x_wconf 89' lang='lat' dir='ltr'><strong>per</strong></span> <span class='ocrx_word' id='word_1_538' title='bbox 1223 1526 1451 1553; x_wconf 86' lang='lat' dir='ltr'><strong>resurrectionem</strong></span> <span class='ocrx_word' id='word_1_539' title='bbox 1467 1527 1610 1554; x_wconf 89' lang='lat' dir='ltr'><strong>tolluntur.</strong></span> <span class='ocrx_word' id='word_1_540' title='bbox 1626 1527 1677 1563; x_wconf 67' lang='lat' dir='ltr'><strong>[Do</strong></span> 
     </span>
    </p>
   </div>
   <div class='ocr_carea' id='block_1_76' title="bbox 904 1570 1676 1607">
    <p class='ocr_par' dir='ltr' id='par_1_76' title="bbox 904 1570 1676 1607">
     <span class='ocr_line' id='line_1_76' title="bbox 904 1570 1676 1607; baseline 0.005 -11"><span class='ocrx_word' id='word_1_541' title='bbox 904 1571 1005 1597; x_wconf 88' lang='lat' dir='ltr'><strong>ctriuas</strong></span> <span class='ocrx_word' id='word_1_542' title='bbox 1019 1578 1046 1597; x_wconf 87' lang='lat' dir='ltr'><strong>et</strong></span> <span class='ocrx_word' id='word_1_543' title='bbox 1064 1570 1146 1605; x_wconf 82' lang='lat' dir='ltr'><strong>impia</strong></span> <span class='ocrx_word' id='word_1_544' title='bbox 1163 1572 1301 1607; x_wconf 76' lang='lat' dir='ltr'><strong>dogmata,</strong></span> <span class='ocrx_word' id='word_1_545' title='bbox 1317 1580 1378 1607; x_wconf 63' lang='lat' dir='ltr'><strong>qua:</strong></span> <span class='ocrx_word' id='word_1_546' title='bbox 1395 1577 1456 1607; x_wconf 83' lang='lat' dir='ltr'><strong>post</strong></span> <span class='ocrx_word' id='word_1_547' title='bbox 1473 1573 1593 1607; x_wconf 86' lang='lat' dir='ltr'><strong>ipsorqu</strong></span> <span class='ocrx_word' id='word_1_548' title='bbox 1615 1581 1676 1600; x_wconf 91' lang='lat' dir='ltr'><strong>mor</strong></span> 
     </span>
    </p>
   </div>
   <div class='ocr_carea' id='block_1_77' title="bbox 903 1614 1684 1653">
    <p class='ocr_par' dir='ltr' id='par_1_77' title="bbox 903 1614 1684 1653">
     <span class='ocr_line' id='line_1_77' title="bbox 903 1614 1684 1653; baseline 0.004 -13"><span class='ocrx_word' id='word_1_549' title='bbox 903 1619 956 1640; x_wconf 89' lang='lat' dir='ltr'><strong>lem</strong></span> <span class='ocrx_word' id='word_1_550' title='bbox 972 1614 1054 1648; x_wconf 79' lang='lat' dir='ltr'><strong>Deus,</strong></span> <span class='ocrx_word' id='word_1_551' title='bbox 1071 1619 1164 1649; x_wconf 83' lang='lat' dir='ltr'><strong>utpote</strong></span> <span class='ocrx_word' id='word_1_552' title='bbox 1179 1616 1277 1649; x_wconf 85' lang='lat' dir='ltr'><strong>bonus,</strong></span> <span class='ocrx_word' id='word_1_553' title='bbox 1293 1616 1434 1653; x_wconf 76' lang='lat' dir='ltr'><strong>destruit.]</strong></span> <span class='ocrx_word' id='word_1_554' title='bbox 1451 1616 1483 1642; x_wconf 87' lang='lat' dir='ltr'><strong>El</strong></span> <span class='ocrx_word' id='word_1_555' title='bbox 1496 1625 1582 1643; x_wconf 76' lang='lat' dir='ltr'><strong>semen</strong></span> <span class='ocrx_word' id='word_1_556' title='bbox 1596 1625 1684 1644; x_wconf 73' lang='lat' dir='ltr'><strong>eorum</strong></span> 
     </span>
    </p>
   </div>
   <div class='ocr_carea' id='block_1_78' title="bbox 902 1661 1686 1698">
    <p class='ocr_par' dir='ltr' id='par_1_78' title="bbox 902 1661 1686 1698">
     <span class='ocr_line' id='line_1_78' title="bbox 902 1661 1686 1698; baseline 0.005 -12"><span class='ocrx_word' id='word_1_557' title='bbox 902 1669 919 1686; x_wconf 82' lang='grc' dir='ltr'><strong>ιι</strong></span> <span class='ocrx_word' id='word_1_558' title='bbox 935 1661 999 1695; x_wconf 80' lang='lat' dir='ltr'><strong>ﬁliis</strong></span> <span class='ocrx_word' id='word_1_559' title='bbox 1011 1661 1156 1689; x_wconf 85' lang='lat' dir='ltr'><strong>hominum.</strong></span> <span class='ocrx_word' id='word_1_560' title='bbox 1178 1662 1342 1689; x_wconf 74' lang='lat' dir='ltr'><strong>Beneﬁcium</strong></span> <span class='ocrx_word' id='word_1_561' title='bbox 1361 1663 1514 1690; x_wconf 87' lang='lat' dir='ltr'><strong>habendum</strong></span> <span class='ocrx_word' id='word_1_562' title='bbox 1530 1667 1570 1690; x_wconf 85' lang='lat' dir='ltr'><strong>est</strong></span> <span class='ocrx_word' id='word_1_563' title='bbox 1584 1670 1599 1690; x_wconf 87' lang='lat' dir='ltr'><strong>a</strong></span> <span class='ocrx_word' id='word_1_564' title='bbox 1624 1671 1686 1698; x_wconf 79' lang='lat' dir='ltr'><strong>pec-</strong></span> 
     </span>
    </p>
   </div>
   <div class='ocr_carea' id='block_1_79' title="bbox 902 1705 1683 1742">
    <p class='ocr_par' dir='ltr' id='par_1_79' title="bbox 902 1705 1683 1742">
     <span class='ocr_line' id='line_1_79' title="bbox 902 1705 1683 1742; baseline 0.004 -10"><span class='ocrx_word' id='word_1_565' title='bbox 902 1705 970 1732; x_wconf 82' lang='lat' dir='ltr'><strong>catis</strong></span> <span class='ocrx_word' id='word_1_566' title='bbox 987 1706 1111 1733; x_wconf 77' lang='lat' dir='ltr'><strong>excidere</strong></span> <span class='ocrx_word' id='word_1_567' title='bbox 1130 1712 1157 1733; x_wconf 91' lang='lat' dir='ltr'><strong>et</strong></span> <span class='ocrx_word' id='word_1_568' title='bbox 1171 1714 1186 1733; x_wconf 93' lang='lat' dir='ltr'><strong>a</strong></span> <span class='ocrx_word' id='word_1_569' title='bbox 1202 1707 1293 1741; x_wconf 83' lang='lat' dir='ltr'><strong>pravis</strong></span> <span class='ocrx_word' id='word_1_570' title='bbox 1314 1707 1537 1742; x_wconf 79' lang='lat' dir='ltr'><strong>cogitationibus.</strong></span> <span class='ocrx_word' id='word_1_571' title='bbox 1561 1706 1628 1734; x_wconf 87' lang='lat' dir='ltr'><strong>Nam</strong></span> <span class='ocrx_word' id='word_1_572' title='bbox 1645 1715 1683 1735; x_wconf 84' lang='lat' dir='ltr'><strong>se-</strong></span> 
     </span>
    </p>
   </div>
   <div class='ocr_carea' id='block_1_80' title="bbox 902 1751 1320 1787">
    <p class='ocr_par' dir='ltr' id='par_1_80' title="bbox 902 1751 1320 1787">
     <span class='ocr_line' id='line_1_80' title="bbox 902 1751 1320 1787; baseline 0.005 -10"><span class='ocrx_word' id='word_1_573' title='bbox 902 1759 963 1778; x_wconf 89' lang='lat' dir='ltr'><strong>men</strong></span> <span class='ocrx_word' id='word_1_574' title='bbox 980 1751 1082 1786; x_wconf 79' lang='lat' dir='ltr'><strong>pcccali</strong></span> <span class='ocrx_word' id='word_1_575' title='bbox 1097 1752 1167 1778; x_wconf 91' lang='lat' dir='ltr'><strong>mala</strong></span> <span class='ocrx_word' id='word_1_576' title='bbox 1179 1753 1320 1787; x_wconf 81' lang='lat' dir='ltr'><strong>cogitatio.</strong></span> 
     </span>
    </p>
   </div>
   <div class='ocr_carea' id='block_1_81' title="bbox 938 1841 1684 1878">
    <p class='ocr_par' dir='ltr' id='par_1_81' title="bbox 938 1841 1684 1878">
     <span class='ocr_line' id='line_1_81' title="bbox 938 1841 1684 1878; baseline 0.005 -11"><span class='ocrx_word' id='word_1_577' title='bbox 938 1841 981 1868; x_wconf 80' lang='grc'><strong>15.</strong></span> <span class='ocrx_word' id='word_1_578' title='bbox 996 1841 1128 1873; x_wconf 83' lang='lat' dir='ltr'><strong>Quoniam</strong></span> <span class='ocrx_word' id='word_1_579' title='bbox 1142 1851 1219 1876; x_wconf 75' lang='lat' dir='ltr'><strong>pones</strong></span> <span class='ocrx_word' id='word_1_580' title='bbox 1235 1850 1276 1869; x_wconf 84' lang='lat' dir='ltr'><strong>eos</strong></span> <span class='ocrx_word' id='word_1_581' title='bbox 1291 1843 1412 1870; x_wconf 81' lang='lat' dir='ltr'><strong>dorsum.</strong></span> <span class='ocrx_word' id='word_1_582' title='bbox 1433 1842 1614 1878; x_wconf 85' lang='lat' dir='ltr'><strong>Symmachus</strong></span> <span class='ocrx_word' id='word_1_583' title='bbox 1637 1851 1684 1872; x_wconf 83' lang='lat' dir='ltr'><strong>au-</strong></span> 
     </span>
    </p>
   </div>
   <div class='ocr_carea' id='block_1_82' title="bbox 902 1888 1683 1923">
    <p class='ocr_par' dir='ltr' id='par_1_82' title="bbox 902 1888 1683 1923">
     <span class='ocr_line' id='line_1_82' title="bbox 902 1888 1683 1923; baseline 0.003 -9"><span class='ocrx_word' id='word_1_584' title='bbox 902 1893 954 1914; x_wconf 87' lang='lat' dir='ltr'><strong>tem</strong></span> <span class='ocrx_word' id='word_1_585' title='bbox 969 1888 1009 1915; x_wconf 88' lang='lat' dir='ltr'><strong>sic</strong></span> <span class='ocrx_word' id='word_1_586' title='bbox 1021 1888 1213 1923; x_wconf 85' lang='lat' dir='ltr'><strong>interpretatus</strong></span> <span class='ocrx_word' id='word_1_587' title='bbox 1229 1893 1289 1916; x_wconf 83' lang='lat' dir='ltr'><strong>est:</strong></span> <span class='ocrx_word' id='word_1_588' title='bbox 1307 1888 1439 1921; x_wconf 84' lang='lat' dir='ltr'><strong>Quoniam</strong></span> <span class='ocrx_word' id='word_1_589' title='bbox 1459 1898 1537 1923; x_wconf 76' lang='lat' dir='ltr'><strong>pones</strong></span> <span class='ocrx_word' id='word_1_590' title='bbox 1548 1898 1590 1916; x_wconf 80' lang='lat' dir='ltr'><strong>eos</strong></span> <span class='ocrx_word' id='word_1_591' title='bbox 1613 1898 1683 1917; x_wconf 77' lang='lat' dir='ltr'><strong>auer-</strong></span> 
     </span>
    </p>
   </div>
   <div class='ocr_carea' id='block_1_83' title="bbox 900 1934 1682 1969">
    <p class='ocr_par' dir='ltr' id='par_1_83' title="bbox 900 1934 1682 1969">
     <span class='ocr_line' id='line_1_83' title="bbox 900 1934 1682 1969; baseline 0.004 -10"><span class='ocrx_word' id='word_1_592' title='bbox 900 1942 952 1965; x_wconf 79' lang='lat' dir='ltr'><strong>sos,</strong></span> <span class='ocrx_word' id='word_1_593' title='bbox 966 1934 991 1960; x_wconf 82' lang='lat' dir='ltr'><strong>id</strong></span> <span class='ocrx_word' id='word_1_594' title='bbox 1004 1938 1045 1960; x_wconf 86' lang='lat' dir='ltr'><strong>est</strong></span> <span class='ocrx_word' id='word_1_595' title='bbox 1057 1939 1207 1961; x_wconf 86' lang='lat' dir='ltr'><strong>retrorsum</strong></span> <span class='ocrx_word' id='word_1_596' title='bbox 1220 1939 1247 1962; x_wconf 87' lang='lat' dir='ltr'><strong>ct</strong></span> <span class='ocrx_word' id='word_1_597' title='bbox 1258 1935 1433 1969; x_wconf 86' lang='lat' dir='ltr'><strong>appendicem</strong></span> <span class='ocrx_word' id='word_1_598' title='bbox 1448 1935 1576 1969; x_wconf 77' lang='lat' dir='ltr'><strong>gentium.</strong></span> <span class='ocrx_word' id='word_1_599' title='bbox 1593 1935 1626 1962; x_wconf 85' lang='lat' dir='ltr'><strong>In</strong></span> <span class='ocrx_word' id='word_1_600' title='bbox 1641 1945 1682 1962; x_wconf 86' lang='lat' dir='ltr'><strong>re-</strong></span> 
     </span>
    </p>
   </div>
   <div class='ocr_carea' id='block_1_84' title="bbox 899 1979 1681 2016">
    <p class='ocr_par' dir='ltr' id='par_1_84' title="bbox 899 1979 1681 2016">
     <span class='ocr_line' id='line_1_84' title="bbox 899 1979 1681 2016; baseline 0.003 -11"><span class='ocrx_word' id='word_1_601' title='bbox 899 1979 988 2014; x_wconf 79' lang='lat' dir='ltr'><strong>liquiis</strong></span> <span class='ocrx_word' id='word_1_602' title='bbox 1017 1980 1068 2006; x_wconf 84' lang='lat' dir='ltr'><strong>tuis</strong></span> <span class='ocrx_word' id='word_1_603' title='bbox 1089 1980 1251 2014; x_wconf 74' lang='lat' dir='ltr'><strong>pmparabis</strong></span> <span class='ocrx_word' id='word_1_604' title='bbox 1275 1981 1377 2007; x_wconf 82' lang='lat' dir='ltr'><strong>vultum</strong></span> <span class='ocrx_word' id='word_1_605' title='bbox 1400 1989 1500 2007; x_wconf 81' lang='lat' dir='ltr'><strong>eorum.</strong></span> <span class='ocrx_word' id='word_1_606' title='bbox 1527 1981 1681 2016; x_wconf 71' lang='lat' dir='ltr'><strong>lieliquisti,</strong></span> 
     </span>
    </p>
   </div>
   <div class='ocr_carea' id='block_1_85' title="bbox 899 2024 1681 2060">
    <p class='ocr_par' dir='ltr' id='par_1_85' title="bbox 899 2024 1681 2060">
     <span class='ocr_line' id='line_1_85' title="bbox 899 2024 1681 2060; baseline 0.005 -10"><span class='ocrx_word' id='word_1_607' title='bbox 899 2025 948 2055; x_wconf 87' lang='lat' dir='ltr'><strong>ait,</strong></span> <span class='ocrx_word' id='word_1_608' title='bbox 964 2024 1017 2051; x_wconf 86' lang='lat' dir='ltr'><strong>illis</strong></span> <span class='ocrx_word' id='word_1_609' title='bbox 1031 2025 1218 2052; x_wconf 82' lang='lat' dir='ltr'><strong>conversionis</strong></span> <span class='ocrx_word' id='word_1_610' title='bbox 1235 2030 1340 2059; x_wconf 84' lang='lat' dir='ltr'><strong>tempus</strong></span> <span class='ocrx_word' id='word_1_611' title='bbox 1356 2026 1389 2052; x_wconf 82' lang='lat' dir='ltr'><strong>ad</strong></span> <span class='ocrx_word' id='word_1_612' title='bbox 1404 2026 1603 2060; x_wconf 71' lang='lat' dir='ltr'><strong>pwnitcntiam.</strong></span> <span class='ocrx_word' id='word_1_613' title='bbox 1619 2025 1681 2054; x_wconf 66' lang='grc' dir='ltr'>Ηαω</span> 
     </span>
    </p>
   </div>
   <div class='ocr_carea' id='block_1_86' title="bbox 898 2070 1679 2107">
    <p class='ocr_par' dir='ltr' id='par_1_86' title="bbox 898 2070 1679 2107">
     <span class='ocr_line' id='line_1_86' title="bbox 898 2070 1679 2107; baseline 0.001 -9"><span class='ocrx_word' id='word_1_614' title='bbox 898 2075 989 2098; x_wconf 83' lang='lat' dir='ltr'><strong>autem</strong></span> <span class='ocrx_word' id='word_1_615' title='bbox 1007 2075 1048 2097; x_wconf 76' lang='lat' dir='ltr'><strong>est</strong></span> <span class='ocrx_word' id='word_1_616' title='bbox 1073 2070 1180 2097; x_wconf 86' lang='lat' dir='ltr'><strong>vocatio</strong></span> <span class='ocrx_word' id='word_1_617' title='bbox 1195 2075 1221 2098; x_wconf 88' lang='lat' dir='ltr'><strong>et</strong></span> <span class='ocrx_word' id='word_1_618' title='bbox 1244 2072 1387 2098; x_wconf 88' lang='lat' dir='ltr'><strong>conversio</strong></span> <span class='ocrx_word' id='word_1_619' title='bbox 1404 2076 1466 2106; x_wconf 88' lang='lat' dir='ltr'><strong>post</strong></span> <span class='ocrx_word' id='word_1_620' title='bbox 1486 2072 1679 2107; x_wconf 81' lang='lat' dir='ltr'><strong>plenitudinem</strong></span> 
     </span>
    </p>
   </div>
   <div class='ocr_carea' id='block_1_87' title="bbox 898 2116 1030 2151">
    <p class='ocr_par' dir='ltr' id='par_1_87' title="bbox 898 2116 1030 2151">
     <span class='ocr_line' id='line_1_87' title="bbox 898 2116 1030 2151; baseline 0 -9"><span class='ocrx_word' id='word_1_621' title='bbox 898 2116 1030 2151; x_wconf 79' lang='lat' dir='ltr'><strong>gentium.</strong></span> 
     </span>
    </p>
   </div>
   <div class='ocr_carea' id='block_1_88' title="bbox 933 2160 1680 2197">
    <p class='ocr_par' dir='ltr' id='par_1_88' title="bbox 933 2160 1680 2197">
     <span class='ocr_line' id='line_1_88' title="bbox 933 2160 1680 2197; baseline 0.003 -9"><span class='ocrx_word' id='word_1_622' title='bbox 933 2160 1112 2197; x_wconf 87' lang='lat' dir='ltr'><strong>[Incredulos</strong></span> <span class='ocrx_word' id='word_1_623' title='bbox 1134 2161 1242 2189; x_wconf 65' lang='lat' dir='ltr'><strong>Iuda-os</strong></span> <span class='ocrx_word' id='word_1_624' title='bbox 1264 2161 1374 2190; x_wconf 82' lang='lat' dir='ltr'><strong>etlicies.</strong></span> <span class='ocrx_word' id='word_1_625' title='bbox 1401 2167 1474 2196; x_wconf 57' lang='lat' dir='ltr'><strong>Quos</strong></span> <span class='ocrx_word' id='word_1_626' title='bbox 1496 2167 1586 2190; x_wconf 87' lang='lat' dir='ltr'><strong>autem</strong></span> <span class='ocrx_word' id='word_1_627' title='bbox 1609 2164 1680 2190; x_wconf 76' lang='lat' dir='ltr'><strong>Deus</strong></span> 
     </span>
    </p>
   </div>
   <div class='ocr_carea' id='block_1_89' title="bbox 77 2203 850 2244">
    <p class='ocr_par' dir='ltr' id='par_1_89' title="bbox 77 2203 846 2240">
     <span class='ocr_line' id='line_1_89' title="bbox 77 2203 846 2240; baseline 0.003 -12"><span class='ocrx_word' id='word_1_628' title='bbox 77 2203 159 2236; x_wconf 77' lang='grc' dir='ltr'>ὀθεδς</span> <span class='ocrx_word' id='word_1_629' title='bbox 172 2205 388 2240; x_wconf 73' lang='grc' dir='ltr'>ἀποστρέφεται,</span> <span class='ocrx_word' id='word_1_630' title='bbox 407 2205 507 2238; x_wconf 84' lang='grc' dir='ltr'>τίθησι</span> <span class='ocrx_word' id='word_1_631' title='bbox 523 2203 618 2230; x_wconf 82' lang='grc' dir='ltr'>νῶτον</span> <span class='ocrx_word' id='word_1_632' title='bbox 633 2203 669 2239; x_wconf 88' lang='grc' dir='ltr'>μὴ</span> <span class='ocrx_word' id='word_1_633' title='bbox 683 2203 846 2238; x_wconf 83' lang='grc' dir='ltr'>δυναμένους</span> 
     </span>
    </p>
   </div>
   <div class='ocr_carea' id='block_1_90' title="bbox 907 2203 1680 2244">
    <p class='ocr_par' dir='ltr' id='par_1_90' title="bbox 907 2208 1680 2244">
     <span class='ocr_line' id='line_1_90' title="bbox 907 2208 1680 2244; baseline 0.003 -10"><span class='ocrx_word' id='word_1_634' title='bbox 907 2212 1049 2239; x_wconf 83' lang='lat' dir='ltr'><strong>tversatur,</strong></span> <span class='ocrx_word' id='word_1_635' title='bbox 1068 2215 1114 2235; x_wconf 89' lang='lat' dir='ltr'><strong>eos</strong></span> <span class='ocrx_word' id='word_1_636' title='bbox 1127 2209 1201 2242; x_wconf 80' lang='lat' dir='ltr'><strong>ponit</strong></span> <span class='ocrx_word' id='word_1_637' title='bbox 1213 2208 1332 2240; x_wconf 83' lang='lat' dir='ltr'><strong>dorsum,</strong></span> <span class='ocrx_word' id='word_1_638' title='bbox 1349 2209 1412 2244; x_wconf 85' lang='lat' dir='ltr'><strong>quia</strong></span> <span class='ocrx_word' id='word_1_639' title='bbox 1424 2217 1478 2235; x_wconf 92' lang='lat' dir='ltr'><strong>non</strong></span> <span class='ocrx_word' id='word_1_640' title='bbox 1493 2214 1608 2244; x_wconf 88' lang='lat' dir='ltr'><strong>possunt</strong></span> <span class='ocrx_word' id='word_1_641' title='bbox 1619 2217 1680 2237; x_wconf 87' lang='lat' dir='ltr'><strong>esse</strong></span> 
     </span>
    </p>
   </div>
   <div class='ocr_carea' id='block_1_91' title="bbox 77 2246 847 2286">
    <p class='ocr_par' dir='ltr' id='par_1_91' title="bbox 77 2246 847 2286">
     <span class='ocr_line' id='line_1_91' title="bbox 77 2246 847 2286; baseline 0.003 -12"><span class='ocrx_word' id='word_1_642' title='bbox 77 2246 136 2276; x_wconf 75' lang='grc' dir='ltr'>εἶναι</span> <span class='ocrx_word' id='word_1_643' title='bbox 151 2251 292 2286; x_wconf 83' lang='grc' dir='ltr'>πρόσωπον</span> <span class='ocrx_word' id='word_1_644' title='bbox 305 2271 312 2283; x_wconf 86' lang='grc'>,</span> <span class='ocrx_word' id='word_1_645' title='bbox 337 2251 405 2286; x_wconf 78' lang='grc' dir='ltr'>πρὸς</span> <span class='ocrx_word' id='word_1_646' title='bbox 420 2250 450 2277; x_wconf 84' lang='grc' dir='ltr'>τὸ</span> <span class='ocrx_word' id='word_1_647' title='bbox 463 2249 497 2276; x_wconf 79' lang='grc' dir='ltr'><strong>τὰ</strong></span> <span class='ocrx_word' id='word_1_648' title='bbox 520 2249 629 2276; x_wconf 79' lang='grc' dir='ltr'>ὀπίσθια</span> <span class='ocrx_word' id='word_1_649' title='bbox 652 2249 847 2281; x_wconf 82' lang='grc' dir='ltr'>κατανοοῦντας</span> 
     </span>
    </p>
   </div>
   <div class='ocr_carea' id='block_1_92' title="bbox 77 2295 844 2332">
    <p class='ocr_par' dir='ltr' id='par_1_92' title="bbox 77 2295 844 2332">
     <span class='ocr_line' id='line_1_92' title="bbox 77 2295 844 2332; baseline 0.003 -11"><span class='ocrx_word' id='word_1_650' title='bbox 77 2295 113 2322; x_wconf 72' lang='grc' dir='ltr'><strong>διὰ</strong></span> <span class='ocrx_word' id='word_1_651' title='bbox 122 2295 171 2323; x_wconf 77' lang='grc' dir='ltr'>τῶν</span> <span class='ocrx_word' id='word_1_652' title='bbox 187 2297 346 2332; x_wconf 84' lang='grc' dir='ltr'>ποιημάτων</span> <span class='ocrx_word' id='word_1_653' title='bbox 369 2297 450 2328; x_wconf 77' lang='grc' dir='ltr'>πάλιν</span> <span class='ocrx_word' id='word_1_654' title='bbox 472 2295 540 2332; x_wconf 84' lang='grc' dir='ltr'>πρὸς</span> <span class='ocrx_word' id='word_1_655' title='bbox 557 2296 637 2324; x_wconf 83' lang='grc' dir='ltr'>αὐτὸν</span> <span class='ocrx_word' id='word_1_656' title='bbox 654 2296 844 2331; x_wconf 79' lang='grc' dir='ltr'>ἀναφέρεσθαι.</span> 
     </span>
    </p>
   </div>
   <div class='ocr_carea' id='block_1_93' title="bbox 78 2340 847 2379">
    <p class='ocr_par' dir='ltr' id='par_1_93' title="bbox 78 2340 847 2379">
     <span class='ocr_line' id='line_1_93' title="bbox 78 2340 847 2379; baseline 0 -11"><span class='ocrx_word' id='word_1_657' title='bbox 78 2340 136 2373; x_wconf 77' lang='grc' dir='ltr'>Τοὺς</span> <span class='ocrx_word' id='word_1_658' title='bbox 148 2342 200 2378; x_wconf 74' lang='grc' dir='ltr'>γὰρ</span> <span class='ocrx_word' id='word_1_659' title='bbox 211 2344 249 2378; x_wconf 82' lang='grc' dir='ltr'>μὴ</span> <span class='ocrx_word' id='word_1_660' title='bbox 264 2343 334 2375; x_wconf 79' lang='grc' dir='ltr'>οἴους</span> <span class='ocrx_word' id='word_1_661' title='bbox 343 2351 374 2369; x_wconf 86' lang='grc' dir='ltr'><strong>τε</strong></span> <span class='ocrx_word' id='word_1_662' title='bbox 386 2344 452 2379; x_wconf 79' lang='grc' dir='ltr'>ὀρᾷν</span> <span class='ocrx_word' id='word_1_663' title='bbox 465 2342 495 2369; x_wconf 83' lang='grc' dir='ltr'>τὸ</span> <span class='ocrx_word' id='word_1_664' title='bbox 505 2342 658 2378; x_wconf 83' lang='grc' dir='ltr'>πρόσωπον,</span> <span class='ocrx_word' id='word_1_665' title='bbox 672 2342 711 2377; x_wconf 78' lang='grc' dir='ltr'>τῷ</span> <span class='ocrx_word' id='word_1_666' title='bbox 725 2342 762 2378; x_wconf 81' lang='grc' dir='ltr'>μὴ</span> <span class='ocrx_word' id='word_1_667' title='bbox 775 2342 847 2377; x_wconf 74' lang='grc' dir='ltr'>ἔχειν</span> 
     </span>
    </p>
   </div>
   <div class='ocr_carea' id='block_1_94' title="bbox 77 2387 845 2424">
    <p class='ocr_par' dir='ltr' id='par_1_94' title="bbox 77 2387 845 2424">
     <span class='ocr_line' id='line_1_94' title="bbox 77 2387 845 2424; baseline 0 -10"><span class='ocrx_word' id='word_1_668' title='bbox 77 2387 174 2422; x_wconf 75' lang='grc' dir='ltr'>καρδίαν</span> <span class='ocrx_word' id='word_1_669' title='bbox 185 2389 317 2424; x_wconf 77' lang='grc' dir='ltr'>καθαρὰν,</span> <span class='ocrx_word' id='word_1_670' title='bbox 325 2388 429 2416; x_wconf 86' lang='grc' dir='ltr'>τίθεται</span> <span class='ocrx_word' id='word_1_671' title='bbox 439 2390 579 2415; x_wconf 84' lang='grc' dir='ltr'>κατανοεῖν</span> <span class='ocrx_word' id='word_1_672' title='bbox 588 2388 622 2415; x_wconf 84' lang='grc' dir='ltr'>τὰ</span> <span class='ocrx_word' id='word_1_673' title='bbox 631 2387 740 2414; x_wconf 84' lang='grc' dir='ltr'>ὀπίσθια</span> <span class='ocrx_word' id='word_1_674' title='bbox 752 2387 845 2420; x_wconf 82' lang='grc' dir='ltr'>αὐτοῦ,</span> 
     </span>
    </p>
   </div>
   <div class='ocr_carea' id='block_1_95' title="bbox 76 2430 846 2469">
    <p class='ocr_par' dir='ltr' id='par_1_95' title="bbox 76 2430 846 2469">
     <span class='ocr_line' id='line_1_95' title="bbox 76 2430 846 2469; baseline 0.001 -11"><span class='ocrx_word' id='word_1_675' title='bbox 76 2430 105 2456; x_wconf 66' lang='grc' dir='ltr'>τὰ</span> <span class='ocrx_word' id='word_1_676' title='bbox 123 2433 176 2466; x_wconf 81' lang='grc' dir='ltr'>μετ’</span> <span class='ocrx_word' id='word_1_677' title='bbox 191 2433 271 2460; x_wconf 70' lang='grc' dir='ltr'>αὑτὸν</span> <span class='ocrx_word' id='word_1_678' title='bbox 297 2433 361 2461; x_wconf 81' lang='grc' dir='ltr'>δντα</span> <span class='ocrx_word' id='word_1_679' title='bbox 380 2433 620 2469; x_wconf 73' lang='grc' dir='ltr'>δημιουργήματα·</span> <span class='ocrx_word' id='word_1_680' title='bbox 641 2433 684 2460; x_wconf 79' lang='grc' dir='ltr'>ἵνα</span> <span class='ocrx_word' id='word_1_681' title='bbox 697 2433 746 2468; x_wconf 82' lang='grc' dir='ltr'>τὴν</span> <span class='ocrx_word' id='word_1_682' title='bbox 759 2434 846 2460; x_wconf 83' lang='grc' dir='ltr'>κτίσιν</span> 
     </span>
    </p>
   </div>
   <div class='ocr_carea' id='block_1_96' title="bbox 77 2474 845 2515">
    <p class='ocr_par' dir='ltr' id='par_1_96' title="bbox 77 2474 845 2515">
     <span class='ocr_line' id='line_1_96' title="bbox 77 2474 845 2515; baseline 0.004 -12"><span class='ocrx_word' id='word_1_683' title='bbox 77 2474 225 2512; x_wconf 73' lang='grc' dir='ltr'>θεωροῦντες</span> <span class='ocrx_word' id='word_1_684' title='bbox 242 2478 344 2506; x_wconf 75' lang='grc' dir='ltr'>ἔννοιαν</span> <span class='ocrx_word' id='word_1_685' title='bbox 358 2479 438 2506; x_wconf 58' lang='grc' dir='ltr'>αὑτοῦ</span> <span class='ocrx_word' id='word_1_686' title='bbox 452 2479 553 2506; x_wconf 74' lang='grc' dir='ltr'>λάϐωσι</span> <span class='ocrx_word' id='word_1_687' title='bbox 563 2499 569 2510; x_wconf 86' lang='grc'><em>,</em></span> <span class='ocrx_word' id='word_1_688' title='bbox 587 2479 633 2506; x_wconf 77' lang='grc' dir='ltr'><strong>καὶ</strong></span> <span class='ocrx_word' id='word_1_689' title='bbox 650 2478 845 2515; x_wconf 72' lang='grc' dir='ltr'>προσϐαλόντες</span> 
     </span>
    </p>
   </div>
   <div class='ocr_carea' id='block_1_97' title="bbox 77 2522 846 2566">
    <p class='ocr_par' dir='ltr' id='par_1_97' title="bbox 77 2522 846 2566">
     <span class='ocr_line' id='line_1_97' title="bbox 77 2522 846 2566; baseline -0.005 -10"><span class='ocrx_word' id='word_1_690' title='bbox 77 2522 109 2556; x_wconf 70' lang='grc' dir='ltr'>τῷ</span> <span class='ocrx_word' id='word_1_691' title='bbox 118 2523 171 2558; x_wconf 82' lang='grc' dir='ltr'>θεῷ</span> <span class='ocrx_word' id='word_1_692' title='bbox 185 2524 282 2557; x_wconf 77' lang='grc' dir='ltr'>αὐτῶν,</span> <span class='ocrx_word' id='word_1_693' title='bbox 297 2525 327 2552; x_wconf 81' lang='grc' dir='ltr'>τὸ</span> <span class='ocrx_word' id='word_1_694' title='bbox 342 2525 388 2552; x_wconf 85' lang='grc' dir='ltr'>τοῦ</span> <span class='ocrx_word' id='word_1_695' title='bbox 401 2525 468 2552; x_wconf 86' lang='grc' dir='ltr'><strong>Θεοῦ</strong></span> <span class='ocrx_word' id='word_1_696' title='bbox 480 2525 624 2560; x_wconf 69' lang='grc' dir='ltr'>πρόσωπον</span> <span class='ocrx_word' id='word_1_697' title='bbox 641 2525 725 2552; x_wconf 79' lang='grc' dir='ltr'>ἴδωσι.</span> <span class='ocrx_word' id='word_1_698' title='bbox 765 2526 846 2566; x_wconf 79' lang='grc' dir='ltr'>Περί-</span> 
     </span>
    </p>
   </div>
   <div class='ocr_carea' id='block_1_98' title="bbox 77 2565 844 2608">
    <p class='ocr_par' dir='ltr' id='par_1_98' title="bbox 77 2565 844 2608">
     <span class='ocr_line' id='line_1_98' title="bbox 77 2565 844 2608; baseline 0.004 -13"><span class='ocrx_word' id='word_1_699' title='bbox 77 2565 146 2595; x_wconf 75' lang='grc' dir='ltr'>λοιπα</span> <span class='ocrx_word' id='word_1_700' title='bbox 158 2570 184 2597; x_wconf 80' lang='grc' dir='ltr'>δὲ</span> <span class='ocrx_word' id='word_1_701' title='bbox 197 2571 245 2597; x_wconf 82' lang='grc' dir='ltr'>τοῦ</span> <span class='ocrx_word' id='word_1_702' title='bbox 259 2571 325 2598; x_wconf 86' lang='grc' dir='ltr'><strong>Θεοῦ</strong></span> <span class='ocrx_word' id='word_1_703' title='bbox 341 2571 375 2598; x_wconf 85' lang='grc' dir='ltr'>τὰ</span> <span class='ocrx_word' id='word_1_704' title='bbox 395 2572 523 2608; x_wconf 82' lang='grc' dir='ltr'>ἀνωτέρω</span> <span class='ocrx_word' id='word_1_705' title='bbox 542 2571 597 2599; x_wconf 85' lang='grc' dir='ltr'><strong>τῶν</strong></span> <span class='ocrx_word' id='word_1_706' title='bbox 610 2572 767 2607; x_wconf 85' lang='grc' dir='ltr'>κτισμάτων</span> <span class='ocrx_word' id='word_1_707' title='bbox 790 2565 844 2598; x_wconf 74' lang='grc' dir='ltr'>τῶν</span> 
     </span>
    </p>
   </div>
   <div class='ocr_carea' id='block_1_99' title="bbox 77 2612 209 2649">
    <p class='ocr_par' dir='ltr' id='par_1_99' title="bbox 77 2612 209 2649">
     <span class='ocr_line' id='line_1_99' title="bbox 77 2612 209 2649; baseline 0.015 -11"><span class='ocrx_word' id='word_1_708' title='bbox 77 2612 209 2649; x_wconf 74' lang='grc' dir='ltr'>αἰσθητῶν.</span> 
     </span>
    </p>
   </div>
   <div class='ocr_carea' id='block_1_100' title="bbox 92 2709 842 2759">
    <p class='ocr_par' dir='ltr' id='par_1_100' title="bbox 92 2709 842 2759">
     <span class='ocr_line' id='line_1_100' title="bbox 92 2709 842 2759; baseline 0.001 -19"><span class='ocrx_word' id='word_1_709' title='bbox 92 2709 258 2759; x_wconf 46' lang='grc' dir='ltr'>,Ὕψώθητα</span> <span class='ocrx_word' id='word_1_710' title='bbox 274 2715 372 2748; x_wconf 77' lang='grc' dir='ltr'>Κύριε,</span> <span class='ocrx_word' id='word_1_711' title='bbox 390 2713 425 2741; x_wconf 80' lang='grc' dir='ltr'>ἐν</span> <span class='ocrx_word' id='word_1_712' title='bbox 439 2713 476 2749; x_wconf 76' lang='grc' dir='ltr'><strong>τῇ</strong></span> <span class='ocrx_word' id='word_1_713' title='bbox 488 2714 612 2749; x_wconf 77' lang='grc' dir='ltr'>δυνάμει</span> <span class='ocrx_word' id='word_1_714' title='bbox 627 2722 697 2742; x_wconf 88' lang='grc' dir='ltr'>σου.</span> <span class='ocrx_word' id='word_1_715' title='bbox 728 2715 842 2750; x_wconf 87' lang='grc' dir='ltr'>Ὅμοιον</span> 
     </span>
    </p>
   </div>
   <div class='ocr_carea' id='block_1_101' title="bbox 75 2756 841 2796">
    <p class='ocr_par' dir='ltr' id='par_1_101' title="bbox 75 2756 841 2796">
     <span class='ocr_line' id='line_1_101' title="bbox 75 2756 841 2796; baseline 0.01 -16"><span class='ocrx_word' id='word_1_716' title='bbox 75 2756 122 2789; x_wconf 83' lang='grc' dir='ltr'><strong>τῷ·</strong></span> <span class='ocrx_word' id='word_1_717' title='bbox 139 2756 260 2785; x_wconf 74' lang='grc' dir='ltr'>Ἐλθέτω</span> <span class='ocrx_word' id='word_1_718' title='bbox 275 2759 293 2791; x_wconf 80' lang='grc' dir='ltr'><strong><em>ἡ</em></strong></span> <span class='ocrx_word' id='word_1_719' title='bbox 306 2759 449 2791; x_wconf 68' lang='grc' dir='ltr'>,βασιλεία</span> <span class='ocrx_word' id='word_1_720' title='bbox 460 2766 529 2787; x_wconf 78' lang='grc' dir='ltr'>σου.</span> <span class='ocrx_word' id='word_1_721' title='bbox 545 2759 600 2794; x_wconf 83' lang='grc' dir='ltr'><strong>Τὴν</strong></span> <span class='ocrx_word' id='word_1_722' title='bbox 612 2759 738 2796; x_wconf 84' lang='grc' dir='ltr'>δευτέραν</span> <span class='ocrx_word' id='word_1_723' title='bbox 750 2759 778 2786; x_wconf 83' lang='grc' dir='ltr'>δὲ</span> <span class='ocrx_word' id='word_1_724' title='bbox 793 2768 841 2788; x_wconf 85' lang='grc' dir='ltr'>σα-</span> 
     </span>
    </p>
   </div>
   <div class='ocr_carea' id='block_1_102' title="bbox 105 2842 605 2880">
    <p class='ocr_par' dir='ltr' id='par_1_102' title="bbox 105 2842 605 2880">
     <span class='ocr_line' id='line_1_102' title="bbox 105 2842 605 2880; baseline 0.006 -9"><span class='ocrx_word' id='word_1_725' title='bbox 105 2842 206 2872; x_wconf 80' lang='lat' dir='ltr'><strong>&quot;Joan.</strong></span> <span class='ocrx_word' id='word_1_726' title='bbox 233 2853 289 2879; x_wconf 76' lang='lat' dir='ltr'><strong>xlv,</strong></span> <span class='ocrx_word' id='word_1_727' title='bbox 301 2845 328 2873; x_wconf 86' lang='lat'><strong>9.</strong></span> <span class='ocrx_word' id='word_1_728' title='bbox 366 2846 387 2862; x_wconf 89' lang='lat'><strong>&quot;</strong></span> <span class='ocrx_word' id='word_1_729' title='bbox 399 2845 490 2874; x_wconf 79' lang='lat' dir='ltr'><strong>Matth.</strong></span> <span class='ocrx_word' id='word_1_730' title='bbox 504 2854 541 2880; x_wconf 85' lang='lat' dir='ltr'><strong>vt,</strong></span> <span class='ocrx_word' id='word_1_731' title='bbox 562 2846 605 2875; x_wconf 81' lang='grc'><strong>10.</strong></span> 
     </span>
    </p>
   </div>
   <div class='ocr_carea' id='block_1_103' title="bbox 897 2254 1679 2290">
    <p class='ocr_par' dir='ltr' id='par_1_103' title="bbox 897 2254 1679 2290">
     <span class='ocr_line' id='line_1_103' title="bbox 897 2254 1679 2290; baseline 0.003 -10"><span class='ocrx_word' id='word_1_732' title='bbox 897 2254 998 2287; x_wconf 86' lang='lat' dir='ltr'><strong>vultus,</strong></span> <span class='ocrx_word' id='word_1_733' title='bbox 1015 2260 1044 2281; x_wconf 93' lang='lat' dir='ltr'><strong>ut</strong></span> <span class='ocrx_word' id='word_1_734' title='bbox 1067 2255 1220 2289; x_wconf 86' lang='lat' dir='ltr'><strong>posteriora</strong></span> <span class='ocrx_word' id='word_1_735' title='bbox 1237 2255 1321 2290; x_wconf 89' lang='lat' dir='ltr'><strong>(Dei)</strong></span> <span class='ocrx_word' id='word_1_736' title='bbox 1338 2255 1542 2283; x_wconf 87' lang='lat' dir='ltr'><strong>considerantes</strong></span> <span class='ocrx_word' id='word_1_737' title='bbox 1557 2263 1605 2290; x_wconf 88' lang='lat' dir='ltr'><strong>per</strong></span> <span class='ocrx_word' id='word_1_738' title='bbox 1621 2255 1679 2289; x_wconf 88' lang='lat' dir='ltr'><strong>ejus</strong></span> 
     </span>
    </p>
   </div>
   <div class='ocr_carea' id='block_1_104' title="bbox 897 2301 1678 2336">
    <p class='ocr_par' dir='ltr' id='par_1_104' title="bbox 897 2301 1678 2336">
     <span class='ocr_line' id='line_1_104' title="bbox 897 2301 1678 2336; baseline 0.004 -9"><span class='ocrx_word' id='word_1_739' title='bbox 897 2302 1004 2335; x_wconf 86' lang='lat' dir='ltr'><strong>opilicia</strong></span> <span class='ocrx_word' id='word_1_740' title='bbox 1023 2301 1057 2328; x_wconf 83' lang='lat' dir='ltr'><strong>ad</strong></span> <span class='ocrx_word' id='word_1_741' title='bbox 1083 2302 1171 2336; x_wconf 88' lang='lat' dir='ltr'><strong>ipsum</strong></span> <span class='ocrx_word' id='word_1_742' title='bbox 1196 2302 1371 2330; x_wconf 85' lang='lat' dir='ltr'><strong>reducantur.</strong></span> <span class='ocrx_word' id='word_1_743' title='bbox 1391 2301 1531 2336; x_wconf 89' lang='lat' dir='ltr'><strong>Siquidem</strong></span> <span class='ocrx_word' id='word_1_744' title='bbox 1551 2302 1678 2334; x_wconf 82' lang='lat' dir='ltr'><strong>inﬁrmis,</strong></span> 
     </span>
    </p>
   </div>
   <div class='ocr_carea' id='block_1_105' title="bbox 897 2347 1680 2382">
    <p class='ocr_par' dir='ltr' id='par_1_105' title="bbox 897 2347 1680 2382">
     <span class='ocr_line' id='line_1_105' title="bbox 897 2347 1680 2382; baseline 0.001 -8"><span class='ocrx_word' id='word_1_745' title='bbox 897 2347 941 2381; x_wconf 90' lang='lat' dir='ltr'><strong>qui</strong></span> <span class='ocrx_word' id='word_1_746' title='bbox 956 2347 1030 2382; x_wconf 87' lang='lat' dir='ltr'><strong>quod</strong></span> <span class='ocrx_word' id='word_1_747' title='bbox 1054 2355 1100 2375; x_wconf 93' lang='lat' dir='ltr'><strong>cor</strong></span> <span class='ocrx_word' id='word_1_748' title='bbox 1122 2356 1221 2382; x_wconf 92' lang='lat' dir='ltr'><strong>purum</strong></span> <span class='ocrx_word' id='word_1_749' title='bbox 1249 2356 1303 2375; x_wconf 90' lang='lat' dir='ltr'><strong>non</strong></span> <span class='ocrx_word' id='word_1_750' title='bbox 1328 2348 1462 2380; x_wconf 81' lang='lat' dir='ltr'><strong>habeant,</strong></span> <span class='ocrx_word' id='word_1_751' title='bbox 1487 2355 1541 2376; x_wconf 93' lang='lat' dir='ltr'><strong>non</strong></span> <span class='ocrx_word' id='word_1_752' title='bbox 1564 2353 1680 2382; x_wconf 65' lang='lat' dir='ltr'><strong>possunt</strong></span> 
     </span>
    </p>
   </div>
   <div class='ocr_carea' id='block_1_106' title="bbox 896 2394 1678 2428">
    <p class='ocr_par' dir='ltr' id='par_1_106' title="bbox 896 2394 1678 2428">
     <span class='ocr_line' id='line_1_106' title="bbox 896 2394 1678 2428; baseline 0 -8"><span class='ocrx_word' id='word_1_753' title='bbox 896 2394 1000 2420; x_wconf 87' lang='lat' dir='ltr'><strong>vultum</strong></span> <span class='ocrx_word' id='word_1_754' title='bbox 1016 2394 1075 2428; x_wconf 86' lang='lat' dir='ltr'><strong>ejus</strong></span> <span class='ocrx_word' id='word_1_755' title='bbox 1105 2394 1214 2426; x_wconf 86' lang='lat' dir='ltr'><strong>videre,</strong></span> <span class='ocrx_word' id='word_1_756' title='bbox 1236 2394 1386 2428; x_wconf 84' lang='lat' dir='ltr'><strong>posteriora</strong></span> <span class='ocrx_word' id='word_1_757' title='bbox 1411 2401 1460 2421; x_wconf 87' lang='lat' dir='ltr'><strong>sua</strong></span> <span class='ocrx_word' id='word_1_758' title='bbox 1481 2394 1678 2421; x_wconf 77' lang='lat' dir='ltr'><strong>consideranda</strong></span> 
     </span>
    </p>
   </div>
   <div class='ocr_carea' id='block_1_107' title="bbox 895 2439 1676 2475">
    <p class='ocr_par' dir='ltr' id='par_1_107' title="bbox 895 2439 1676 2475">
     <span class='ocr_line' id='line_1_107' title="bbox 895 2439 1676 2475; baseline 0 -8"><span class='ocrx_word' id='word_1_759' title='bbox 895 2439 982 2472; x_wconf 78' lang='lat' dir='ltr'><strong>oﬂ‘ert,</strong></span> <span class='ocrx_word' id='word_1_760' title='bbox 1005 2440 1106 2468; x_wconf 85' lang='lat' dir='ltr'><strong>scilicet</strong></span> <span class='ocrx_word' id='word_1_761' title='bbox 1125 2440 1233 2475; x_wconf 84' lang='lat' dir='ltr'><strong>opiﬁcia</strong></span> <span class='ocrx_word' id='word_1_762' title='bbox 1248 2449 1308 2475; x_wconf 73' lang='lat' dir='ltr'><strong>qua:</strong></span> <span class='ocrx_word' id='word_1_763' title='bbox 1326 2445 1386 2475; x_wconf 87' lang='lat' dir='ltr'><strong>post</strong></span> <span class='ocrx_word' id='word_1_764' title='bbox 1412 2441 1502 2475; x_wconf 86' lang='lat' dir='ltr'><strong>ipsum</strong></span> <span class='ocrx_word' id='word_1_765' title='bbox 1521 2445 1605 2474; x_wconf 84' lang='lat' dir='ltr'><strong>sunt;</strong></span> <span class='ocrx_word' id='word_1_766' title='bbox 1636 2446 1676 2473; x_wconf 79' lang='lat' dir='ltr'><strong>ut,</strong></span> 
     </span>
    </p>
   </div>
   <div class='ocr_carea' id='block_1_108' title="bbox 895 2486 1677 2521">
    <p class='ocr_par' dir='ltr' id='par_1_108' title="bbox 895 2486 1677 2521">
     <span class='ocr_line' id='line_1_108' title="bbox 895 2486 1677 2521; baseline 0 -7"><span class='ocrx_word' id='word_1_767' title='bbox 895 2486 1047 2520; x_wconf 86' lang='lat' dir='ltr'><strong>conspectis</strong></span> <span class='ocrx_word' id='word_1_768' title='bbox 1078 2486 1159 2514; x_wconf 89' lang='lat' dir='ltr'><strong>rebus</strong></span> <span class='ocrx_word' id='word_1_769' title='bbox 1183 2487 1304 2517; x_wconf 85' lang='lat' dir='ltr'><strong>creatis.</strong></span> <span class='ocrx_word' id='word_1_770' title='bbox 1329 2487 1356 2513; x_wconf 93' lang='lat' dir='ltr'><strong>in</strong></span> <span class='ocrx_word' id='word_1_771' title='bbox 1384 2486 1566 2521; x_wconf 79' lang='lat' dir='ltr'><strong>cognitionem</strong></span> <span class='ocrx_word' id='word_1_772' title='bbox 1604 2487 1677 2514; x_wconf 72' lang='lat' dir='ltr'><strong>illius</strong></span> 
     </span>
    </p>
   </div>
   <div class='ocr_carea' id='block_1_109' title="bbox 894 2532 1678 2567">
    <p class='ocr_par' dir='ltr' id='par_1_109' title="bbox 894 2532 1678 2567">
     <span class='ocr_line' id='line_1_109' title="bbox 894 2532 1678 2567; baseline -0.003 -7"><span class='ocrx_word' id='word_1_773' title='bbox 894 2533 1046 2564; x_wconf 77' lang='lat' dir='ltr'><strong>deveniunt,</strong></span> <span class='ocrx_word' id='word_1_774' title='bbox 1066 2537 1094 2559; x_wconf 88' lang='lat' dir='ltr'><strong>et</strong></span> <span class='ocrx_word' id='word_1_775' title='bbox 1108 2533 1163 2559; x_wconf 92' lang='lat' dir='ltr'><strong>Deo</strong></span> <span class='ocrx_word' id='word_1_776' title='bbox 1183 2540 1234 2560; x_wconf 90' lang='lat' dir='ltr'><strong>suo</strong></span> <span class='ocrx_word' id='word_1_777' title='bbox 1258 2540 1317 2560; x_wconf 90' lang='lat' dir='ltr'><strong>sese</strong></span> <span class='ocrx_word' id='word_1_778' title='bbox 1340 2533 1515 2567; x_wconf 82' lang='lat' dir='ltr'><strong>applicantes,</strong></span> <span class='ocrx_word' id='word_1_779' title='bbox 1539 2532 1598 2566; x_wconf 87' lang='lat' dir='ltr'><strong>ejus</strong></span> <span class='ocrx_word' id='word_1_780' title='bbox 1622 2532 1678 2558; x_wconf 92' lang='lat' dir='ltr'><strong>vul-</strong></span> 
     </span>
    </p>
   </div>
   <div class='ocr_carea' id='block_1_110' title="bbox 894 2578 1675 2614">
    <p class='ocr_par' dir='ltr' id='par_1_110' title="bbox 894 2578 1675 2614">
     <span class='ocr_line' id='line_1_110' title="bbox 894 2578 1675 2614; baseline -0.005 -6"><span class='ocrx_word' id='word_1_781' title='bbox 894 2586 951 2608; x_wconf 91' lang='lat' dir='ltr'><strong>tum</strong></span> <span class='ocrx_word' id='word_1_782' title='bbox 987 2581 1107 2607; x_wconf 84' lang='lat' dir='ltr'><strong>videant.</strong></span> <span class='ocrx_word' id='word_1_783' title='bbox 1141 2579 1273 2614; x_wconf 62' lang='lat' dir='ltr'><strong>Reliquiae</strong></span> <span class='ocrx_word' id='word_1_784' title='bbox 1304 2584 1395 2606; x_wconf 88' lang='lat' dir='ltr'><strong>autem</strong></span> <span class='ocrx_word' id='word_1_785' title='bbox 1430 2579 1477 2606; x_wconf 90' lang='lat' dir='ltr'><strong>Dei</strong></span> <span class='ocrx_word' id='word_1_786' title='bbox 1510 2583 1574 2606; x_wconf 86' lang='lat' dir='ltr'><strong>sunt</strong></span> <span class='ocrx_word' id='word_1_787' title='bbox 1609 2578 1675 2610; x_wconf 83' lang='lat' dir='ltr'><strong>illa,</strong></span> 
     </span>
    </p>
   </div>
   <div class='ocr_carea' id='block_1_111' title="bbox 893 2625 1676 2661">
    <p class='ocr_par' dir='ltr' id='par_1_111' title="bbox 893 2625 1676 2661">
     <span class='ocr_line' id='line_1_111' title="bbox 893 2625 1676 2661; baseline -0.004 -8"><span class='ocrx_word' id='word_1_788' title='bbox 893 2634 954 2661; x_wconf 64' lang='lat' dir='ltr'><strong>quae</strong></span> <span class='ocrx_word' id='word_1_789' title='bbox 979 2627 1061 2654; x_wconf 86' lang='lat' dir='ltr'><strong>rebus</strong></span> <span class='ocrx_word' id='word_1_790' title='bbox 1083 2626 1200 2654; x_wconf 87' lang='lat' dir='ltr'><strong>conditis</strong></span> <span class='ocrx_word' id='word_1_791' title='bbox 1215 2633 1326 2654; x_wconf 85' lang='lat' dir='ltr'><strong>sensum</strong></span> <span class='ocrx_word' id='word_1_792' title='bbox 1341 2625 1513 2653; x_wconf 82' lang='lat' dir='ltr'><strong>moventibus</strong></span> <span class='ocrx_word' id='word_1_793' title='bbox 1534 2625 1676 2659; x_wconf 82' lang='lat' dir='ltr'><strong>superiora</strong></span> 
     </span>
    </p>
   </div>
   <div class='ocr_carea' id='block_1_112' title="bbox 892 2678 966 2701">
    <p class='ocr_par' dir='ltr' id='par_1_112' title="bbox 892 2678 966 2701">
     <span class='ocr_line' id='line_1_112' title="bbox 892 2678 966 2701; baseline 0.014 -1"><span class='ocrx_word' id='word_1_794' title='bbox 892 2678 966 2701; x_wconf 82' lang='lat' dir='ltr'><strong>sunt.</strong></span> 
     </span>
    </p>
   </div>
   <div class='ocr_carea' id='block_1_113' title="bbox 928 2715 1673 2751">
    <p class='ocr_par' dir='ltr' id='par_1_113' title="bbox 928 2715 1673 2751">
     <span class='ocr_line' id='line_1_113' title="bbox 928 2715 1673 2751; baseline -0.005 -6"><span class='ocrx_word' id='word_1_795' title='bbox 928 2718 971 2745; x_wconf 74' lang='lat' dir='ltr'><strong>M.</strong></span> <span class='ocrx_word' id='word_1_796' title='bbox 989 2718 1127 2750; x_wconf 73' lang='lat' dir='ltr'><strong>Exallare,</strong></span> <span class='ocrx_word' id='word_1_797' title='bbox 1147 2718 1267 2751; x_wconf 81' lang='lat' dir='ltr'><strong>Domine,</strong></span> <span class='ocrx_word' id='word_1_798' title='bbox 1281 2718 1307 2744; x_wconf 89' lang='lat' dir='ltr'><strong>in</strong></span> <span class='ocrx_word' id='word_1_799' title='bbox 1323 2718 1418 2745; x_wconf 78' lang='lat' dir='ltr'><strong>virtute</strong></span> <span class='ocrx_word' id='word_1_800' title='bbox 1435 2722 1490 2744; x_wconf 83' lang='lat' dir='ltr'><strong>tua.</strong></span> <span class='ocrx_word' id='word_1_801' title='bbox 1510 2715 1604 2743; x_wconf 87' lang='lat' dir='ltr'><strong>Simile</strong></span> <span class='ocrx_word' id='word_1_802' title='bbox 1617 2715 1673 2742; x_wconf 87' lang='lat' dir='ltr'><strong>illi:</strong></span> 
     </span>
    </p>
   </div>
   <div class='ocr_carea' id='block_1_114' title="bbox 891 2762 1673 2800">
    <p class='ocr_par' dir='ltr' id='par_1_114' title="bbox 891 2762 1673 2800">
     <span class='ocr_line' id='line_1_114' title="bbox 891 2762 1673 2800; baseline 0 -10"><span class='ocrx_word' id='word_1_803' title='bbox 891 2763 1018 2791; x_wconf 73' lang='lat' dir='ltr'><strong>Adveniet</strong></span> <span class='ocrx_word' id='word_1_804' title='bbox 1044 2772 1151 2800; x_wconf 84' lang='lat' dir='ltr'><strong>regnum</strong></span> <span class='ocrx_word' id='word_1_805' title='bbox 1181 2769 1265 2791; x_wconf 83' lang='lat' dir='ltr'><strong>tuum.</strong></span> <span class='ocrx_word' id='word_1_806' title='bbox 1296 2763 1375 2792; x_wconf 87' lang='lat' dir='ltr'><strong>Hisce</strong></span> <span class='ocrx_word' id='word_1_807' title='bbox 1404 2768 1495 2792; x_wconf 84' lang='lat' dir='ltr'><strong>autem</strong></span> <span class='ocrx_word' id='word_1_808' title='bbox 1521 2762 1673 2790; x_wconf 79' lang='lat' dir='ltr'><strong>secundum</strong></span> 
     </span>
    </p>
   </div>
  </div>
