1938 3053
229 138 277 165 151

633 135 662 164 S.
684 134 870 163 ATHANASH
890 134 966 162 OPP.
987 132 1077 160 PARS
1096 133 1140 160 Ill.
1159 147 1193 152 —
1213 132 1420 162 EXEGETICA.

1802 131 1851 159 £52

231 198 290 232 ejus
314 195 457 224 adventum
482 200 558 231 rogat
589 195 754 223 accelerari:
788 194 960 222 Cantahimus
986 198 1011 220 et

1082 193 1119 224 ὥς
1134 194 1283 229 παρουσίαν
1299 193 1406 228 εὔχεται
1429 193 1474 220 διὰ
1489 194 1568 220 τοῦτο
1592 192 1738 228 γενέσθαι·
1759 193 1851 228 ’ᾼσοι

231 243 374 278 psallenms
389 243 497 268 virtutes
511 247 579 268 tuos.
593 241 670 268 Tunc
684 241 756 268 enim
768 248 863 267 omnes
875 240 1012 274 justorum

232 289 340 319 anima»,
359 288 385 314 in
401 287 527 322 supernis
549 287 738 314 mansionibus
752 286 908 312 constitutae
931 286 1012 320 spiri-

233 334 332 361 tualem
344 333 447 360 cultum
463 332 586 368 obeunt.]

329 377 353 405 L
374 377 408 405 In
423 378 512 412 linem,
528 386 576 411 pro
596 376 758 410 susceptione
773 376 906 403 matutina
917 395 924 407 ,

442 421 611 450 PSALMUS
626 421 722 448 David.
739 421 818 448 XXI.

522 469 721 503 Argumentum.

233 513 347 541 Canitur
362 514 408 541 hic
426 514 548 548 psalmus
564 520 614 548 pro
637 512 807 547 susceptione
830 513 972 544 matutina,
987 512 1012 539 id

244 572 247 579 ~
265 564 317 592 est,
337 560 400 594 quia
413 564 490 586 nocte
504 564 531 586 et
546 559 660 593 caligine
672 559 806 586 diabolica
823 566 874 585 nos
889 558 1013 586 liberavit

266 605 387 632 emicans
402 605 571 639 unigenitum
589 605 635 632 Dei
653 605 781 636 Verbum,
797 605 888 632 oriens
900 612 932 631 ex
948 605 1011 637 alto,

269 655 299 678 ut
314 651 444 684 scriptum
459 655 501 678 est
513 651 545 677 '°.
563 650 615 677 Aut
633 651 835 685 susceptionem
853 651 1013 677 matutinam

266 696 384 731 appellat
407 696 619 723 resurrectionis
648 695 798 723 Salvatoris
822 701 937 730 tempus.
965 695 1014 722 Be—

265 741 383 770 surrexit
400 742 471 768 enim
492 742 580 776 primo
605 741 734 773 diluculo,
751 746 778 768 et
799 742 870 768 viam
888 742 1013 768 humana:

268 793 373 815 natura:
392 788 507 815 munivit
529 788 563 815 ad
581 788 825 822 incorruptionem.
849 787 929 814 Canit
949 795 1012 814 vero

270 833 405 868 psalmum
423 834 550 860 Christus
575 842 608 860 ex
635 841 751 868 persona
778 833 966 860 humanitatis.
981 834 1013 860 Α-

263 884 338 913 perte
352 884 442 906 autem
459 886 489 905 ea
506 883 600 905 narrat
612 887 673 914 qua:
691 879 781 907 erucis
801 883 921 913 tempore
939 887 954 905 a
970 878 1014 906 Ju-

269 925 336 952 daeis
349 925 424 952 illata
440 925 492 959 ipsi
507 929 581 952 sunt.

267 1024 295 1051 2.
312 1023 392 1054 Deus,
405 1023 475 1051 Deus
489 1032 572 1055 meus,
591 1023 689 1057 respice
708 1023 734 1049 iu
746 1031 806 1050 me:
822 1031 903 1057 quare
917 1030 956 1049 me
970 1022 1016 1049 de-

182 1099 185 1102 _
233 1069 363 1104 reliquisti
379 1070 392 1096 1’
406 1069 529 1096 Postulat
545 1070 740 1104 inspectionem
760 1069 860 1100 Patris,
879 1073 971 1095 nostra
987 1067 1014 1094 in

233 1122 294 1142 sese
313 1115 491 1147 transferens,
516 1120 545 1142 ut
569 1116 713 1150 abrogaret
737 1114 800 1150 [nos
820 1114 871 1148 ipsi
893 1111 1014 1140 derelicti

233 1161 320 1196 prius,
343 1168 416 1188 nunc
429 1165 519 1187 autem
542 1161 676 1195 assumpti
691 1168 723 1187 ac
747 1160 834 1186 salute
856 1158 948 1186 donati
973 1166 1016 1185 su-

233 1214 306 1234 mus.
324 1205 387 1233 Haec
401 1206 466 1233 dicit
478 1211 507 1233 ut
522 1206 676 1240 abrogaret,
696 1205 772 1239 etc.]
786 1205 1013 1235 maledictionem,

233 1256 261 1279 et
279 1252 313 1278 ad
331 1259 380 1279 nos
398 1252 502 1278 vultum
524 1251 614 1278 Patris
639 1251 795 1278 adduceret.
819 1249 875 1277 Nos
891 1250 963 1277 enim
979 1249 1015 1277 ob

233 1298 298 1325 Adae
311 1298 560 1333 praevaricationem
585 1298 611 1323 in
629 1297 798 1324 aversioncm
823 1301 851 1323 ct
865 1295 1016 1323 derelictio-

234 1353 296 1372 nem
311 1344 374 1372 l'acti
388 1352 493 1371 sumus.
509 1343 596 1378 Longe
611 1351 627 1369 a
644 1343 730 1369 salute
746 1351 803 1369 mea
815 1343 891 1369 verba
904 1342 1015 1368 delicto-

234 1397 293 1417 rum
310 1397 436 1416 mearum.
454 1388 529 1420 Mihi,
544 1386 648 1422 quaeso,
662 1387 846 1414 animadverte
858 1385 1014 1412 humanita-

233 1435 269 1462 til
290 1435 317 1461 in
343 1435 453 1462 Christo
476 1441 633 1468 personant,
663 1433 844 1468 postulantem
869 1431 977 1458 liberari
1000 1439 1014 1457 a

235 1479 356 1514 lapsibus
375 1487 422 1506 seu
436 1487 451 1505 a
464 1479 580 1509 delictis,
591 1483 618 1505 et
633 1486 647 1505 a
659 1478 832 1506 sermonibus
847 1486 877 1504 ca
895 1481 1016 1511 spectan-

236 1526 318 1553 tibus.
335 1525 427 1552 Palam
442 1529 484 1552 est
506 1529 596 1552 autem
615 1525 670 1560 peti
691 1525 824 1560 justitiam
845 1524 943 1559 cuique
969 1524 1015 1550 ho-
1028 1539 1049 1567 ο

235 1572 304 1600 mini
316 1575 523 1606 congruentem.

273 1662 366 1699 [Deus,
383 1661 452 1689 Deus
465 1669 547 1688 meus.
563 1659 626 1687 Haec
640 1659 765 1686 Salvator
779 1658 899 1693 loquitur
913 1666 945 1684 ex
960 1665 1017 1692 per-

237 1715 303 1735 sona
318 1707 505 1739 immanitatis,
521 1705 600 1741 quasi
619 1705 702 1737 dicat,
716 1705 754 1732 mi
780 1704 862 1737 Deus,
878 1704 915 1730 mi
935 1703 1016 1736 Deus,

237 1753 262 1780 iu
277 1753 400 1781 vocativo
415 1753 528 1781 scilicet.
542 1752 552 1788 ]

271 1799 298 1826 5.
313 1798 381 1826 Deus
400 1806 483 1829 meus,
498 1797 619 1824 clamabo
630 1805 676 1832 per
687 1797 768 1827 diem,
780 1801 804 1822 et
818 1804 868 1822 non
882 1795 1016 1825 exaudies,

236 1849 261 1872 ιιι
277 1850 360 1876 nocte,
379 1850 403 1871 et
422 1852 473 1870 non
490 1843 524 1869 ad
547 1843 727 1877 insipientiam
746 1842 820 1868 mihi.
847 1841 916 1868 Cum
939 1841 1019 1867 inter-

236 1891 385 1926 punctione
403 1889 567 1924 legendum:
591 1889 727 1923 signiﬁcat
748 1892 838 1914 autem
864 1887 941 1914 nobis
964 1894 1017 1913 non

237 1937 362 1964 inutilem
379 1943 440 1963 esse
452 1934 583 1962 orationis
598 1934 727 1961 fructum.
745 1934 790 1961 Ait
804 1933 874 1960 cnim
889 1942 895 1959 :
911 1933 969 1959 Non
984 1933 1018 1958 ad

237 1982 417 2017 insipientiam
433 1982 506 2008 mihi.
525 1981 553 2007 Id
569 1985 620 2012 est,
642 1980 784 2014 perspicue
805 1980 879 2011 novi,
899 1978 1018 2005 futurum

237 2035 298 2055 esse
313 2032 341 2054 ut
358 2027 472 2054 clamem
492 2034 552 2058 ego,
569 2025 626 2059 ipse
649 2025 785 2051 exaudiat.
811 2024 880 2057 Quia
905 2031 967 2050 cum
992 2023 1018 2049 in

238 2073 341 2100 sanctis
355 2072 461 2098 habites
477 2071 524 2105 qui
548 2075 665 2097 mentem
681 2071 707 2096 in
725 2074 752 2096 te
771 2070 888 2104 positam
903 2069 1017 2102 habent,

237 2119 298 2146 laus
312 2123 338 2144 et
354 2117 440 2152 gloria
455 2117 520 2150 ipsis
533 2124 572 2142 cs.

273 2165 301 2192 4.
318 2163 355 2190 Ίιι
372 2168 459 2189 autent
483 2163 508 2188 in
531 2166 622 2188 sancto
648 2161 763 2191 habitas.
781 2160 839 2187 laus
856 2160 952 2187 Israel.
981 2160 1018 2197 (7)

238 2210 291 2243 Qui
306 2209 425 2237 laudaris
439 2209 473 2236 ab
487 2208 585 2235 lsraele
599 2212 645 2234 aut
661 2207 719 2241 ipse
731 2207 790 2233 laus
801 2214 842 2234 es.

274 2297 300 2324 5.
318 2297 351 2324 In
368 2301 391 2323 te
406 2299 575 2330 speraverunt
590 2299 678 2328 patres
701 2293 796 2324 nostri,
812 2297 981 2328 speraverunt
997 2297 1021 2319 et

239 2343 357 2371 liberasti
373 2351 426 2369 eos.
445 2341 540 2368 Patres
558 2348 624 2368 suos
644 2340 794 2367 secundum
813 2348 923 2367 carnem
943 2339 1019 2372 dicit,

239 2388 408 2424 patriarchas
432 2387 536 2414 scilicet
558 2390 586 2413 et
604 2385 762 2420 prophetas.
789 2384 904 2411 Exhibet
929 2389 1019 2411 autem

240 2433 297 2468 spei
312 2432 416 2459 lucrum
422 2452 429 2459 .

273 2475 320 2513 [In
338 2480 362 2502 te
374 2479 542 2510 speraverunt
558 2479 645 2510 patres
661 2475 757 2502 nostri.
778 2474 848 2507 Quin
864 2475 956 2507 etiam,
974 2475 1020 2508 qui

240 2525 302 2548 ante
321 2528 363 2548 me
380 2521 528 2547 secundum
552 2527 662 2547 carnem
684 2520 804 2549 l'ncrunt,
829 2518 934 2545 scilicet
963 2525 1023 2551 pro-

239 2565 337 2601 phetae,
349 2565 376 2591 in
388 2570 414 2591 to
423 2563 594 2592 conﬁdebant
606 2571 692 2590 meam
708 2565 897 2596 exspectantes
906 2561 1023 2587 illustra-

239 2612 352 2642 tionem,
371 2618 458 2645 neque
469 2618 517 2645 spe
529 2609 596 2643 lapsi
618 2613 693 2641 sunt,
716 2607 896 2641 similiterque
912 2606 1024 2636 patriar~

240 2655 321 2692 elue]

275 2700 302 2728 7.
323 2701 379 2737 Ego
399 2706 486 2728 autem
502 2710 560 2728 sum
585 2701 679 2728 vermis
697 2704 722 2726 et
746 2707 798 2726 non
823 2699 910 2726 homo.
940 2699 1021 2726 Docet

274 2779 297 2796 '°
308 2779 374 2808 Luc.
395 2789 414 2815 ι,
431 2781 475 2808 78.

273 2826 313 2862 (7)
340 2825 402 2853 Haec
426 2834 441 2853 a
470 2825 579 2852 Daniele
601 2825 720 2853 Barbara
748 2824 904 2852 tribuuntur
925 2825 1044 2862 Origeni.

1059 247 1118 273 μεν
1133 239 1181 266 καὶ
1196 240 1353 274 praeﬁger-
1364 239 1417 272 τὰς
1431 239 1610 272 δυναστείας
1626 246 1695 266 σου.
1711 239 1779 265 Τότε
1796 239 1851 276 γὰρ

1062 287 1137 312 πᾶσα
1150 285 1261 312 δικαίων
1274 286 1363 321 ψυχὴ,
1382 287 1409 312 ὲν
1433 287 1492 318 ταῖς
1515 285 1571 312 ἄνω
1588 285 1723 320 γενομένη
1744 286 1852 320 μοναίς,

1061 330 1110 361 τὰς
1125 330 1308 365 πνευματικὰς
1329 331 1484 366 ἀναπέμπει
1498 330 1632 366 λατρείας.
1646 329 1658 366 ]

1059 375 1110 408 El;
1126 376 1158 402 τὸ
1175 376 1272 408 τέλος,
1290 376 1364 410 ὑπὲρ
1378 376 1436 410 τῆς
1444 376 1633 410 αντιλήψεως
1646 375 1701 411 τῆς
1712 374 1850 410 ἑωθινῆς,

1252 423 1401 450 suam}:
1416 422 1456 455 τῷ
1471 422 1570 450 Δαυΐδ.
1595 424 1659 450 KA’.

1379 468 1542 501 Ὑπόθεσις.

1064 512 1172 548 ’ᾼόεται
1191 514 1205 539 ὁ
1224 514 1402 549 προκείμενος
1415 514 1521 550 ψαλμὺς
1537 515 1606 551 ὑπὲρ
1618 515 1668 550 τῆς
1681 515 1852 552 ἀντιλήψεως

1097 559 1147 593 τῆς
1160 559 1283 594 ἑωθινῆς,
1300 560 1443 586 Τουτέστιν
1454 561 1494 587 ὅτι
1509 561 1605 593 νυκτὸς
1618 562 1664 588 καὶ
1677 562 1776 597 ἀχλύος
1795 563 1852 590 δια-

1097 603 1207 640 ϐολικῆς
1221 604 1405 641 ἠλευθέρωσεν
1427 607 1499 641 ἡμᾶς
1510 626 1517 637 ,
1534 607 1690 642 ὲπιλὰμψας
1703 609 1718 634 ό
1734 617 1850 643 μονογε-

1097 650 1145 685 νὴς
1161 650 1208 677 τοῦ
1222 650 1288 677 Θεοῦ
1306 652 1390 686 Λόγος
1405 652 1518 688 ἀνατολὴ
1539 652 1568 685 ἐξ
1585 653 1668 688 ὕψους
1679 654 1749 681 κατὰ
1760 656 1791 681 τὺ
1805 663 1852 690 γε-

1098 696 1265 731 γραμμένον.
1282 697 1318 723 Ἣ
1328 697 1374 723 καὶ
1388 697 1528 733 ἀντίληψιν
1540 698 1653 734 ἑωθινὴν
1666 699 1710 726 τὸν
1721 700 1771 735 τῆς
1780 701 1851 728 ἀνα-

1098 741 1217 772 στὰσεως
1232 741 1279 767 τοῦ
1291 742 1414 777 Σωτῆρος
1427 743 1551 777 ὀνομάζει
1563 745 1666 780 καιρόν.
1686 745 1851 781 Ἐγήγερται

1100 785 1153 822 γὰρ
1172 786 1270 822 ὄρθρου
1287 786 1398 822 βαθέος,
1410 787 1569 824 ὁδοποιήσας
1583 791 1614 824 τῇ
1633 789 1782 825 ἀνθρώπων
1800 792 1852 825 φύ-

1099 842 1140 860 σει
1154 834 1202 870 τὴν
1216 835 1255 866 εἰς
1270 834 1422 870 ἀφθαρσίαν
1440 835 1508 863 ὁδόν.
1537 836 1611 872 ’ᾼδει
1633 838 1660 864 δὲ
1681 839 1726 865 τὸν
1741 839 1851 875 ψαλμὸν

1099 881 1114 907 ὁ
1128 881 1243 916 Χριστὸς
1254 881 1285 907 ὲκ
1295 881 1440 916 προσώπου
1453 882 1504 917 τῆς
1516 883 1733 920 ἀνθρωπότητος.
1749 887 1852 921 Σαφῶς

1099 926 1127 952 δὲ
1144 927 1190 952 καὶ
1204 926 1238 953 τὰ
1260 927 1441 961 συμβαίνοντα
1454 928 1528 963 αὑτῴ
1546 930 1622 965 παρὰ
1639 931 1693 957 τῶν
1715 932 1852 960 Ἰουδαίων

1100 972 1129 998 ὲν
1144 971 1183 1006 τῷ
1199 972 1286 1007 καιρῷ
1303 972 1349 998 τοῦ
1366 972 1481 1007 σταυροῦ
1493 973 1629 1010 ἐξηγεῖται
1643 977 1708 1012 ἡμῖν

1106 1018 1137 1044 'U
1146 1019 1217 1050 Θεὸς
1233 1020 1248 1044 o'
1258 1019 1330 1051 Θεός
1340 1028 1411 1053 μου,
1422 1021 1552 1054 πρόσχες
1559 1029 1610 1055 μοι
1619 1030 1626 1037 ·
1635 1022 1685 1048 ἵνα
1696 1023 1851 1057 τίέγκατέ-

1065 1063 1151 1097 λιπές
1163 1073 1220 1098 ne;
1239 1064 1314 1092 Αιτεϊ
1329 1065 1377 1101 τὴν
1401 1067 1549 1093 ἐποπτείαν
1565 1067 1614 1102 τὴν
1630 1069 1705 1104 παρὰ
1726 1070 1773 1096 τοῦ
1791 1071 1851 1097 Πα-

1064 1110 1144 1145 τρὸς,
1165 1110 1198 1136 τὰ
1223 1111 1301 1145 ἡμῶν
1318 1112 1356 1143 εἰς
1373 1112 1467 1139 ἑαυτὸν
1485 1113 1638 1148 μετατιθεὶς
1655 1115 1698 1141 ἵνα
1724 1115 1849 1151 [Αηιὸγ.,

1065 1157 1144 1192 ἡμεῖς
1159 1157 1212 1192 γὰρ
1225 1155 1296 1192 ἦμεν
1311 1158 1335 1183 οἱ
1349 1158 1625 1194 ὲγκαταλελειμμένοι
1641 1161 1785 1196 πρότερον,
1802 1163 1851 1189 νῦν

1064 1202 1091 1228 δὲ
1102 1203 1330 1237 προσειλημμένοι
1345 1203 1392 1230 καὶ
1418 1204 1593 1239 σεσωσμένοι.
1606 1205 1697 1232 Ταῦτα
1709 1206 1782 1240 λέγει
1793 1208 1850 1240 ἵνα,

1065 1248 1112 1274 καὶ
1124 1248 1158 1274 τὰ
1176 1248 1252 1284 ἑξῆς]
1261 1249 1352 1285 παύσῃ
1361 1249 1495 1285 τὴνάρὰν,
1508 1251 1554 1276 καὶ
1569 1251 1611 1284 ἐφ’
1623 1252 1696 1286 ἡμᾶς
1708 1253 1850 1290 μεταγάγῃ

1065 1294 1094 1320 τὸ
1107 1295 1249 1330 πρόσωπον
1264 1294 1311 1321 τοῦ
1325 1296 1440 1331 Πατρός.
1455 1296 1549 1331 Ἡμεῖς
1563 1297 1616 1332 γάρ
1637 1298 1721 1333 ἐσμεν
1735 1300 1759 1325 οἱ
1772 1307 1853 1334 γεγο-

1065 1340 1139 1372 νότες
1161 1341 1321 1376 ἀποστροφὴ
1336 1342 1383 1367 καὶ
1399 1341 1588 1376 ἐγκατάλιιψις
1597 1343 1642 1369 διὰ
1657 1343 1705 1378 τὴν
1716 1345 1744 1370 ὲν
1766 1345 1851 1381 ’Δδὰμ

1065 1386 1229 1420 παράϐασιν.
1266 1388 1391 1421 Μακρὰν
1407 1388 1466 1415 ἀπὸ
1483 1387 1535 1420 τῆς
1559 1390 1707 1422 σωτηρίας
1723 1391 1750 1416 οἱ
1766 1391 1851 1426 λόγοι

1064 1430 1124 1456 τῶν
1135 1432 1376 1465 παραπτωμάτων
1388 1441 1458 1466 μου.
1487 1432 1586 1458 Σκόπει
1601 1442 1645 1468 μοι
1665 1434 1747 1461 πάλιν
1762 1436 1792 1461 τὸ
1803 1437 1852 1471 τῆς

1064 1475 1270 1511 ἀνθρωπότητος
1280 1477 1424 1512 πρόσωπον
1432 1479 1460 1504 ὲν
1467 1479 1488 1504 Χ
1494 1478 1576 1513 ριστῷ
1585 1480 1758 1514 παρακαλοῦν
1769 1482 1853 1508 ἀπαλ-

1065 1520 1208 1549 λάττεσθαι
1221 1522 1275 1548 τῶν
1288 1525 1466 1559 πταισμάτων
1480 1525 1538 1560 ἦτοι
1553 1525 1606 1551 τῶν
1622 1529 1852 1562 παραπτωμάτων

1067 1568 1114 1594 καὶ
1128 1567 1181 1593 τῶν
1198 1569 1241 1594 ἐπ’
1255 1569 1346 1600 αὐτοῖς
1360 1569 1454 1604 λόγων.
1473 1570 1556 1605 Δῆλον
1572 1571 1610 1603 δὲ,
1625 1572 1665 1598 ὅτι
1679 1573 1729 1607 τῆς
1745 1573 1853 1610 ἑκάστῳ

1067 1612 1224 1648 πρεπούσης
1238 1613 1420 1650 δικαιοσύνης.

1103 1658 1152 1694 {'0
1165 1659 1253 1692 Θεὸς,
1269 1661 1285 1686 ὀ
1302 1661 1373 1692 Θεός
1386 1669 1455 1694 μου.
1473 1661 1563 1688 Ταῦτα
1579 1662 1652 1696 λέγει
1671 1664 1686 1689 ὁ
1706 1663 1803 1700 Σωτὴρ
1822 1665 1855 1691 ὲκ

1067 1703 1212 1738 προσώπου
1241 1705 1290 1740 τῆς
1316 1706 1522 1742 ἀνθρωπότητος
1549 1708 1610 1734 ἀντὶ
1631 1708 1696 1734 τοῦλ
1714 1709 1763 1736 Θεέ
1791 1719 1853 1746 μου.

1067 1749 1118 1776 Θεέ
1139 1759 1199 1785 μου.
1210 1750 1219 1786 ]

1109 1795 1140 1822 Ὃ
1156 1797 1227 1830 Θεός
1235 1806 1305 1831 μου,
1318 1797 1495 1832 κεκράξομαι
1507 1799 1628 1834 ἡμέρας,
1642 1799 1690 1827 καὶ
1704 1801 1760 1827 οὐκ
1774 1803 1856 1828 slva—

1068 1842 1176 1876 θεούσῃ,
1189 1843 1237 1869 καὶ
1248 1843 1368 1876 νυκτὸς,
1384 1845 1433 1870 καὶ
1446 1846 1500 1871 οὐκ
1514 1847 1557 1878 εὶς
1571 1845 1676 1872 ἄνοιαν
1689 1847 1765 1881 ἐμοί.
1785 1849 1855 1874 Καθ’

1069 1888 1238 1923 ὐποστιγμὴν
1256 1889 1450 1922 ἀναγνωστέον.
1468 1888 1598 1926 Σημὰἰνει
1612 1892 1640 1918 δὲ
1657 1893 1732 1927 ἡμῖν,
1750 1893 1791 1919 ὅτι
1805 1895 1856 1920 οὐκ

1046 1964 1052 1970 ³
1069 1933 1195 1966 ἀνόνητος
1204 1934 1252 1968 τῆς
1266 1934 1418 1969 προσευχῆς
1428 1936 1442 1961 ὁ
1451 1935 1566 1972 καρπός.
1581 1937 1649 1972 Φησὶ
1660 1938 1714 1973 γάρ
1723 1946 1729 1952 '
1740 1939 1801 1965 Οὐκ
1813 1941 1857 1972 εἰς

1069 1978 1174 2005 ἄνοιαν
1189 1979 1262 2014 ἐμοί.
1277 1980 1430 2013 Τουτέστιν,
1445 1979 1502 2007 οἶδα
1518 1982 1622 2016 σαφῶς,
1639 1983 1676 2014 ὡς
1687 1984 1857 2019 κεκράξομαι

1071 2023 1119 2058 μὲν
1136 2023 1200 2056 ἐγὼ,
1215 2023 1366 2049 clauo-.555:
1381 2024 1408 2050 δὲ
1423 2025 1512 2056 αὐτός.
1531 2026 1591 2051 ’Ὁτι
1606 2034 1637 2059 γε
1652 2026 1709 2057 καὶ,
1721 2027 1858 2054 κατοικῶν

1070 2069 1098 2094 ὲν
1117 2069 1204 2102 ἁγίοις
1219 2071 1274 2100 τοῖς
1291 2069 1330 2100 εἰς
1348 2069 1376 2095 σὲ
1392 2069 1437 2096 τὸν
1452 2070 1515 2097 νοῦν
1531 2070 1637 2106 ἔχουσιν
1649 2091 1656 2103 ,
1679 2071 1791 2103 ἔπαινος
1809 2073 1858 2099 καὶ

1069 2113 1131 2144 δόξα
1147 2113 1235 2139 αὐτῶν
1250 2114 1340 2150 γίγνῃ.

1106 2158 1147 2185 Σὺ
1157 2158 1190 2184 δὲ
1199 2159 1234 2185 ἐν
1244 2159 1316 2193 ἁγίῳ
1326 2159 1482 2192 κατοικεῖς,
1497 2161 1512 2186 ὁ
1523 2160 1645 2193 ἔπαινος
1658 2161 1709 2188 τοῦ
1725 2161 1857 2194 Ἰσραήλ.

1035 2203 1056 2230 D
1077 2203 1105 2229 '0
1124 2203 1316 2239 ἐπαινούμενος
1331 2204 1382 2230 ὑπὸ
1397 2204 1442 2230 τοῦ
1465 2205 1571 2240 Ἰσραήλ
1582 2214 1588 2219 ·
1611 2205 1627 2240 ἢ
1649 2207 1663 2232 ό
1680 2206 1761 2237 αὐτὸς
1776 2206 1857 2232 ἐπαι-

1072 2257 1116 2280 νος
1130 2258 1176 2275 ων.

1114 2295 1175 2321 Ἐπὶ
1193 2295 1241 2322 σοὶ
1267 2295 1401 2329 ἤλπισαν
1426 2297 1452 2322 οἱ
1469 2295 1592 2329 πατέρες
1608 2295 1703 2330 ἡμῶν,
1721 2296 1860 2329 ἤλπισαν

1073 2341 1121 2366 καὶ
1135 2341 1250 2374 ἐρῤὐσω
1266 2343 1386 2374 αὐτούς.
1416 2341 1540 2376 Πατέρας
1561 2341 1657 2368 ἑαυτοῦ
1682 2342 1751 2368 κατᾶ
1769 2342 1859 2378 σάρκα

1072 2386 1134 2417 τοὺς
1148 2387 1319 2422 πατριάρχας
1331 2387 1378 2414 καὶ
1397 2387 1460 2418 τοὺς
1478 2388 1617 2423 προφήτας
1631 2388 1707 2423 φησι.
1733 2388 1858 2415 Δείκνυσι

1070 2432 1099 2458 δὲ
1111 2433 1157 2458 καὶ
1171 2433 1220 2467 τῆς
1235 2433 1340 2464 ἐλπίδος
1358 2433 1388 2459 τὺ
1406 2434 1509 2468 κέρδος.

1105 2476 1114 2512 [
1132 2477 1192 2503 Ἐπὶ
1207 2478 1256 2504 σοὶ
1270 2478 1407 2512 ἤλπισαν
1425 2480 1451 2505 οὶ
1464 2479 1590 2512 πατέρες
1605 2478 1697 2513 ἡμῶν.
1720 2479 1802 2506 Ἀλλὰ
1812 2481 1859 2507 καὶ

1068 2524 1092 2550 οἱ
1104 2523 1174 2560 κατὰ
1190 2523 1278 2558 σάρκα
1293 2524 1346 2559 πρὸ
1360 2524 1426 2559 ἐμοῦ
1436 2545 1443 2556 ,
1456 2524 1596 2551 τουτέστιν
1609 2526 1632 2550 οἱ
1648 2525 1796 2560 προφῆται,
1813 2526 1858 2552 ἐπὶ

1070 2570 1112 2595 col.
1128 2569 1315 2604 προσεδόκων,
1337 2570 1387 2605 τὴν
1411 2571 1479 2606 ἐμὴν
1501 2571 1650 2606 ὲπίλαμψιν
1667 2571 1857 2606 ἀναμένοντες,
1873 2574 1875 2576 ’

1070 2615 1118 2640 καὶ
1137 2614 1188 2649 τῆς
1202 2615 1308 2646 ὲλπὶδος
1326 2615 1356 2641 οὐ
1374 2615 1585 2651 διεψεύσθησανδ
1617 2616 1749 2648 ὡσαύτως
1766 2617 1814 2642 καὶ
1833 2617 1858 2643 οι

1074 2660 1249 2695 πατριάρχαι.
1261 2659 1272 2696 ]

1116 2705 1188 2740 Ἐγὼ
1204 2705 1238 2733 δέ
1248 2707 1306 2740 ειμι
1321 2706 1455 2741 σκώληξ,
1475 2707 1524 2734 καὶ
1538 2709 1593 2736 οὐκ
1611 2707 1775 2742 ἅνθρωπος.
1805 2706 1859 2734 Tur
