1938 3053
254 125 306 154 135

290 182 332 210 18.
353 183 589 210 Dlnumeraverunt
600 184 689 210 omnia
700 191 760 210 uua
773 191 841 210 mea.
855 184 1037 210 Attreclantes
1053 186 1076 212 Α

253 230 359 258 scilicet
382 234 468 256 totum
495 237 595 264 corpus
620 230 716 264 ipsius,
740 234 767 256 et
791 229 950 257 emetientes
975 237 1037 256 ossa

254 275 361 308 singula
372 279 400 301 ut
416 274 590 308 explorarent
605 274 650 300 ubi
667 275 778 308 ligcrent
793 274 895 301 clavos.
912 273 968 308 Ipsi
981 283 1038 301 vero

253 320 483 347 considernuerunt
501 325 526 346 et
550 321 719 354 inspexerunt
744 328 794 347 me.
820 321 847 347 ld
869 326 921 352 est,
948 321 1040 348 irrise-

253 370 327 392 ruut.
349 366 377 392 ld
394 370 484 393 autem
502 366 540 392 ait
564 367 599 392 ob
614 366 785 402 chlamydem
800 367 966 398 coccineam,
981 367 1038 402 spi-

254 418 332 438 neam
347 418 488 444 coronam,
502 416 529 438 et
545 412 680 439 calamum
694 420 744 447 pro
760 417 868 447 sceptro
879 413 984 439 datum.

289 496 333 523 19.
365 496 511 523 Diviserunt
534 497 584 524 sibi
612 498 766 524 vestimenta
794 506 861 525 mea.
891 498 986 525 lsthaac
1011 498 1038 525 in

253 541 406 577 Evangeliis
421 543 562 578 perspicue
579 544 711 578 explicata
729 548 802 571 sunt.

287 588 331 615 20.
357 588 396 618 Tu
411 595 509 620 autent,
531 589 652 621 Domine,
676 598 707 616 ne
723 589 883 624 clongaveris
907 590 1039 618 auxilium

255 641 329 663 tuum
346 645 361 663 a
383 645 431 665 inc.
449 636 509 664 Jam
536 638 562 664 in
584 645 678 672 preces
702 646 854 665 sermonem
877 644 1038 667 commutat.

255 680 314 717 [T0,
333 682 430 717 inquit,
454 683 604 717 opitulante
628 688 655 710 et
678 685 876 718 patrocinante,
894 693 956 712 cum
978 691 1039 720 post

254 729 375 755 triduum
394 736 579 762 resurrexero,
596 737 680 757 ranas
695 731 805 757 illorum
820 731 932 758 insidias
946 736 1038 758 osten-

253 773 339 809 dam.]
357 773 569 809 Exemplumque
587 775 665 802 nobis
677 780 728 805 est.
745 784 799 810 quo
820 781 898 810 pacto
911 781 1039 811 oporteat

253 818 280 845 in
299 820 493 847 tentationihus
508 820 592 846 Deum
610 821 747 854 invocare,
765 829 814 848 nec
827 822 853 848 in
869 830 998 856 angorem
1011 827 1038 849 et

677 124 704 151 S.
721 123 906 151 ATHANASll
922 123 996 151 OPP.
1016 122 1107 150 PARS
1125 122 1168 149 lll.
1191 137 1224 143 ——
1242 122 1448 150 EXEGETICA.

1826 122 1876 149 156

1131 182 1350 215 Ἐξηρίθμησαν
1364 180 1461 207 πάντα
1472 181 1507 207 τὰ
1518 179 1593 207 ὀστᾶ
1604 188 1674 214 μου.
1688 179 1876 214 Ψηλαφῶντες

1089 227 1158 254 κατὰ
1169 227 1199 253 τὸ
1211 227 1283 258 εἰκὸς
1297 226 1369 253 ἆπαν
1381 225 1464 253 αὑτοῦ
1479 226 1510 252 τὸ
1527 225 1615 260 σῶμα,
1630 225 1678 251 καὶ
1692 225 1873 260 ἀναμετροῦν-

1087 281 1133 304 τες
1148 273 1262 300 ἕκαστον
1274 272 1327 298 τῶν
1342 272 1452 303 ὀστέων,
1471 272 1513 298 ἵνα
1526 271 1605 298 ἴδοιεν
1616 268 1646 297 οὗ
1658 271 1721 302 τοὺς
1734 271 1817 304 ἥλους
1829 271 1872 304 πῆ

1089 318 1132 350 Eat
1152 319 1213 354 χρή.
1245 318 1334 345 Αὐτοὶ
1356 318 1389 344 δὲ
1407 318 1596 350 κατενόησαν
1617 317 1666 343 καὶ
1685 315 1808 343 ὲπεῖδόν
1827 323 1875 350 με.

1095 364 1167 390 ’Λντὶ
1179 363 1238 395 τοῦ,
1254 363 1430 397 ὲπεγὲλασαν.
1459 363 1551 389 Ταῦτα
1567 363 1596 389 δέ
1610 370 1676 399 φῃσι
1692 362 1735 388 διὰ
1749 361 1798 396 τὴν
1816 369 1877 387 uox-

1088 411 1166 445 κίνην
1178 410 1300 445 χλαμύδα
1311 409 1358 436 καὶ
1372 410 1417 436 τὸν
1431 409 1460 442 ἐξ
1474 409 1598 436 ἀκανθῶν
1612 409 1741 443 στέφανον
1753 427 1761 439 ,
1773 408 1823 433 καὶ
1835 408 1877 434 τὸν

1088 456 1148 483 ἀντὶ
1166 457 1305 492 σκήπτρου
1321 456 1453 491 κάλαμον.

1125 503 1330 536 Διεμερίσαντο
1343 503 1379 528 τὰ
1389 501 1488 536 ἱμάτιά
1499 510 1558 536 μου
1568 500 1693 533 ἑαυτοῖς.
1708 498 1808 533 Σαφῶς
1818 497 1872 524 ταῦ

1088 557 1123 575 τα
1137 549 1165 574 ὲν
1178 550 1233 580 τοῖς
1249 548 1422 582 Εὑαγγελίοις
1435 548 1552 582 ἐγράφη.

1124 594 1166 620 Σὺ
1185 593 1228 624 δὲ,
1246 593 1332 627 Κύριε
1342 613 1348 625 ,
1361 593 1403 627 μὴ
1417 593 1572 627 μακρύνῃς
1583 591 1640 625 τὴν
1650 589 1797 624 ,βοήθειάν
1820 597 1878 617 σου

1088 638 1139 665 ἀπ’
1154 637 1236 672 ἐμοῦ.
1270 637 1420 672 Μεθίστησι
1447 638 1510 668 τοὺς
1532 637 1626 670 λόγους
1649 637 1689 667 εις
1711 635 1876 671 προσευχήν.

1090 683 1163 719 [Σοῦ,
1183 683 1263 718 φησὶ,
1279 683 1439 718 βοηθοῦντος
1457 683 1502 709 καὶ
1518 681 1781 717 ἀντιλαμϐανομένου
1792 701 1800 713 ,
1819 689 1879 716 τρι-

1089 731 1163 760 ταῖος
1178 729 1311 760 ἀναστὰς,
1337 729 1452 764 ματαίαν
1475 729 1563 755 αὐτῶν
1579 728 1630 764 τὴν
1645 727 1790 763 ὲπιεουλὴν
1813 728 1878 754 ἀπο-

1089 774 1195 810 δείξω.]
1219 774 1407 805 ’Υποτὺπωσις
1422 775 1486 809 ἡμῖν
1505 774 1660 808 γενόμενος,
1674 773 1712 804 ὡς
1725 773 1766 798 δεῖ
1778 773 1808 798 ὲν
1822 774 1878 804 tot;

1091 822 1252 855 πειρασμοῖς
1269 819 1455 846 ἐπικαλεῖσθαι
1468 819 1548 850 Θεὸν,
1567 819 1613 845 καὶ
1639 819 1676 854 μὴ
1693 818 1878 844 καταπίπτειν

253 865 360 892 consilii
380 866 498 900 inopiam
513 867 647 900 decidere,
667 877 754 904 neque
781 869 869 903 frangi
897 869 1035 896 calamita—

1095 867 1129 897 εἰς
1143 866 1266 902 ἀκηδίαν,
1279 866 1345 902 μηδὲ
1359 865 1500 892 ἐκλύεσθαι
1513 865 1565 891 ὑπὲρ
1580 864 1634 891 τῶν
1651 864 1777 899 θλίψεων.

254 909 337 937 tibus.

286 955 331 982 2L
349 955 445 984 Eruea
456 958 570 992 framea,
587 958 667 991 Deus,
682 961 799 986 animam
815 969 908 987 meam.
921 959 969 987 His
985 968 1040 987 ma-

251 1001 338 1029 litiam
358 1007 385 1030 et
412 1004 547 1031 insaniam
569 1005 725 1033 Judmorum
746 1007 891 1041 significat,
912 1015 959 1042 per
984 1007 1039 1034 fra-

251 1056 340 1076 meam
367 1050 481 1081 scilicet,
510 1059 620 1078 manum
643 1053 731 1083 canis.
758 1061 789 1079 os
814 1053 912 1085 leonis,
935 1061 1038 1080 cornua

251 1095 435 1122 unicornium.
455 1096 488 1123 Et
501 1097 532 1124 de
553 1106 631 1124 manu
655 1099 729 1124 canis
754 1099 859 1125 unicam
872 1107 966 1125 meam.
982 1098 1039 1125 Ma-

252 1146 318 1166 num
330 1148 361 1166 ea
373 1146 517 1175 vocatque
527 1151 574 1176 per
588 1144 661 1170 hunc
670 1151 764 1170 canem
778 1148 852 1178 gesta
861 1148 939 1170 sunt:
949 1144 1038 1178 ipsum

251 1189 343 1211 autem
368 1193 463 1212 canem
489 1188 616 1221 appellat.
645 1187 706 1215 Non
730 1189 813 1220 enim,
843 1189 972 1223 inquit”,
993 1190 1038 1215 bo-

251 1239 314 1258 num
330 1235 369 1258 est
385 1232 500 1266 accipere
522 1241 616 1266 panem
645 1234 774 1267 ﬁliorum,
793 1238 818 1260 et
840 1234 968 1269 projicere
994 1243 1040 1262 ca-

252 1276 334 1303 tellis.

289 1321 419 1358 [Framea
451 1330 516 1350 vero
544 1323 626 1351 fuerit
659 1323 806 1357 diabolus,
838 1326 886 1360 qui
919 1333 1039 1361 pungere

251 1372 278 1395 et
313 1367 459 1395 confodere
491 1376 598 1404 Semper
636 1375 761 1398 conatur.
796 1371 907 1398 Unicum
947 1377 1037 1399 autem

252 1419 331 1441 vocat
347 1414 466 1441 animam
493 1422 583 1446 suam,
609 1416 673 1451 quia
702 1417 760 1444 sola
790 1417 884 1444 relicta
913 1417 985 1448 fuit,
1012 1422 1039 1444 et

252 1460 287 1487 ab
318 1460 380 1487 aliis
407 1461 550 1489 animabus
581 1467 741 1497 segregata:
772 1463 906 1491 universa:
939 1463 1039 1498 quippe

252 1510 393 1540 peccatum
425 1510 569 1539 noverunt,
598 1507 643 1534 illa
668 1516 731 1535 vero
762 1508 897 1536 minime:
922 1514 949 1537 et
974 1511 1037 1544 quia

252 1557 359 1585 semper
373 1552 430 1578 sola
447 1559 509 1579 cum
528 1560 611 1580 carne
636 1554 782 1588 conjuncta
799 1562 860 1582 cum
879 1555 932 1582 Deo
952 1556 1039 1584 Verbo

251 1599 295 1622 est
319 1596 470 1623 secundum
489 1597 660 1632 hypostasin.
681 1598 756 1626 Unus
774 1607 893 1634 namque
913 1600 1040 1628 Christus

251 1645 341 1668 estex
358 1642 466 1669 duobus
490 1643 613 1670 adversis
628 1648 768 1676 constans,
796 1645 932 1680 perfectus
958 1646 1038 1679 Deus,

253 1687 390 1722 perfectus
405 1688 496 1716 homo.
515 1689 575 1716 Illas
588 1695 678 1717 autem
695 1691 801 1719 animas
815 1700 877 1727 qua:
891 1693 976 1720 multo
1002 1694 1040 1720 in-

252 1734 366 1761 tervallo
378 1734 515 1762 distabant
529 1735 606 1762 adiit.
620 1735 702 1763 Forte
721 1737 803 1764 etiam
821 1738 971 1765 Ecclesium
987 1740 1039 1767 sibi

253 1784 388 1807 astantem
409 1785 490 1806 vocat
514 1781 633 1814 urticam,
660 1782 732 1816 quod
756 1783 890 1810 maculam
916 1785 1039 1818 nullam,

252 1826 342 1853 nullas
355 1826 451 1853 sordes
466 1826 574 1859 habeat,
593 1831 676 1862 atque
692 1835 725 1854 ex
743 1828 866 1862 profectu
889 1829 915 1856 in
942 1831 1040 1858 melius

253 1872 353 1906 repleta
381 1873 416 1899 sit
444 1872 589 1906 inculpatis
615 1873 669 1901 illis
696 1875 838 1909 sexaginta
865 1875 983 1910 reginis,
1014 1881 1040 1903 et

253 1918 391 1951 octoginta
416 1919 602 1955 concubinis.]

288 1963 334 1990 2'2.
350 1962 429 1990 Salva
444 1971 483 1989 me
495 1971 527 1990 ex
543 1972 586 1990 ore
603 1964 696 1995 leonis,
712 1969 737 1991 et
757 1973 772 1991 a
787 1965 909 1992 cornibus
935 1966 1040 1993 univor-

254 2010 328 2036 nium
347 2009 523 2036 humilitatem
541 2018 636 2036 meam.
651 2009 776 2036 Narrabo
794 2016 970 2038 nomentuum
983 2012 1039 2047 fra-

255 2055 339 2082 tribus
357 2056 430 2087 meis,
446 2056 473 2081 in
490 2056 575 2082 medio
601 2056 727 2083 Ecclesia:
753 2057 867 2083 laudabo
884 2062 918 2084 te.
944 2058 1041 2085 Docuit

254 2101 327 2128 enim
344 2108 393 2127 nos
408 2109 470 2128 eum
488 2102 535 2136 qui
552 2102 650 2128 natura
663 2107 691 2129 et
707 2110 768 2129 rere
782 2102 853 2129 Deus
868 2107 919 2136 est,
933 2108 960 2130 et
973 2111 1040 2131 con-

256 2147 463 2174 substantialem
479 2147 531 2182 ipsi
558 2147 675 2175 Patrem.
698 2147 803 2176 Rursus
825 2154 854 2176 ut
877 2149 960 2176 homo
976 2158 1042 2178 con-

255 2194 366 2228 iunctus
383 2199 424 2220 est
441 2201 487 2228 per
503 2193 663 2222 Ecclesiam.

291 2239 336 2266 24.
349 2239 400 2272 Qui
415 2240 511 2266 timetis
524 2239 674 2273 Dominum,
687 2240 795 2268 laudate
804 2248 880 2272 eum:
893 2242 1041 2269 universum.

256 2293 342 2312 semen
353 2284 446 2317 Iacob,
458 2285 605 2319 gloriﬁcate
616 2293 684 2311 eum.
706 2285 929 2320 Quandoquidem
947 2286 1041 2314 Eccle-

257 2332 299 2360 sia
317 2340 351 2359 ex
366 2332 579 2367 gentibnsjuxta
597 2337 679 2367 atque
691 2340 723 2360 ex
738 2331 839 2360 Jutlteis
855 2337 972 2365 constat,
992 2333 1041 2361 hos

259 2382 340 2413 atque
356 2378 416 2406 illos
436 2378 469 2405 ad
494 2378 624 2413 hymnum
641 2379 841 2406 concinendum
857 2378 968 2405 excitat.
987 2378 1041 2407 llos

257 2425 366 2459 quidem
378 2432 393 2450 a
408 2432 508 2459 proavo
522 2431 572 2452 suo
595 2423 679 2452 Jacob
703 2430 785 2460 atque
809 2426 891 2453 Israel
915 2433 1018 2453 vocans
1031 2445 1038 2457 .

257 2469 319 2496 illos
341 2469 449 2496 virtutis
466 2470 575 2497 nomine
589 2471 745 2505 compellat,
768 2479 827 2505 qute
843 2471 952 2506 quidem
969 2471 1040 2498 valet

257 2515 363 2550 generis
379 2515 439 2542 loco
455 2516 579 2543 homines
592 2524 735 2543 exornare.
752 2517 788 2544 Ita
803 2516 913 2544 Judmes
932 2525 979 2544 eos
994 2517 1040 2551 qui

256 2568 289 2588 ex
303 2561 428 2595 gentibus
443 2561 475 2588 ad
500 2561 584 2596 legem
601 2563 761 2590 accederent
786 2571 845 2590 mos
868 2567 927 2590 erat
947 2563 1041 2597 appel-

256 2605 323 2632 lare.
338 2605 418 2639 quue
438 2613 487 2633 nos
502 2607 596 2633 edocet
612 2607 729 2633 Aetunm
751 2607 873 2634 historia.
889 2606 958 2633 Cum
979 2615 1042 2634 ora-

258 2655 296 2678 ret
308 2651 379 2677 enim
396 2651 490 2679 beatus
506 2651 617 2682 Paulus,
629 2653 667 2679 sic
681 2653 716 2680 ait
729 2653 750 2668 ³³
764 2662 770 2678 :
793 2652 846 2679 Viri
858 2651 1000 2685 Israelita,
1018 2658 1043 2680 et

257 2697 302 2731 qui
316 2698 383 2724 inter
398 2706 441 2724 vos
457 2699 553 2725 timetis
570 2698 724 2724 Dominum.

294 2808 316 2823 "‘
329 2808 422 2837 Matth.
437 2818 481 2843 xv,
496 2811 540 2838 ‘26.
579 2811 601 2826 "
613 2810 671 2837 Act.
691 2817 750 2841 ιιιιι,
771 2810 812 2837 l6.

1131 958 1234 986 Ῥῦσαι
1248 958 1307 985 ἀπὸ
1317 958 1466 993 ῥομφαίας
1480 958 1537 992 τὴν
1549 958 1656 994 ψυχήν
1663 968 1733 995 μου.
1759 959 1818 994 Τὴν
1829 968 1878 986 κα-

1089 1005 1152 1032 κίαν
1164 1005 1218 1031 τῶν
1238 1004 1371 1031 Ἰουδαίων
1383 1006 1430 1031 καὶ
1441 1005 1489 1040 τὴν
1501 1004 1591 1031 ἄνοιαν
1605 1005 1649 1032 διὰ
1663 1005 1765 1032 τούτων
1776 1006 1879 1040 σημαί-

1089 1060 1130 1078 νει
1149 1051 1192 1078 διὰ
1216 1050 1350 1086 ῥομφαίας
1371 1051 1417 1077 καὶ
1441 1051 1531 1086 χειρὸς
1547 1051 1625 1082 κυνὸς
1640 1051 1687 1078 καὶ
1701 1051 1809 1083 λέοντος
1833 1053 1879 1078 καὶ

1089 1099 1210 1132 κεράτων
1225 1096 1425 1132 μονοκερώτων.
1455 1097 1509 1123 Καὶ
1525 1097 1559 1124 ἐκ
1582 1097 1682 1132 χειρὸς
1704 1097 1799 1131 κυνὸς
1822 1098 1879 1131 τὴν

1087 1142 1236 1177 μονογενῆ
1263 1151 1332 1178 μου.
1356 1142 1396 1169 Τὰ
1418 1143 1450 1169 ἐκ
1473 1143 1568 1169 τούτου
1592 1143 1639 1170 τοῦ
1662 1143 1743 1175 κυνὸς
1763 1145 1878 1179 γενόμε-

1089 1197 1122 1215 να
1138 1190 1226 1224 χεῖρα,
1242 1189 1289 1215 καὶ
1303 1189 1383 1216 αὐτὸν
1396 1189 1464 1216 κύνα
1477 1189 1602 1224 ὀνομάζει
1612 1199 1619 1205 ·
1641 1191 1682 1218 οὺ
1701 1191 1799 1218 καλὸν
1812 1191 1877 1225 γὰρ,

1089 1234 1181 1268 φησὶν,
1205 1234 1272 1261 ἐστὶ
1296 1235 1400 1261 λαϐεῖν
1417 1235 1470 1262 τὸν
1488 1235 1579 1268 ἄρτον
1601 1235 1662 1263 τῶν
1688 1236 1802 1263 τέκνων
1830 1237 1878 1263 καὶ

1086 1280 1196 1312 ,ϐαλεῖν
1219 1280 1281 1314 τοῖς
1300 1282 1461 1316 κυναρίοις.
1638 1285 1640 1287 ’

1125 1325 1284 1362 [Ῥομφαία
1298 1327 1325 1354 δὲ
1342 1329 1384 1363 εἴη
1401 1327 1434 1354 ἂν
1461 1329 1508 1355 καὶ
1529 1329 1544 1354 6
1562 1329 1698 1360 διάὃολος,
1717 1329 1760 1356 ἀεὶ
1779 1329 1879 1364 τιτρὼο

1091 1378 1166 1397 σκειν
1197 1372 1352 1407 ἐπιχειρῶν.
1399 1373 1555 1408 Μονογενῆ
1574 1374 1603 1400 δὲ
1627 1374 1700 1408 λέγει
1720 1373 1802 1401 αὑτοῦ
1828 1375 1878 1410 τὴν

1089 1414 1186 1450 ψυχὴν,
1197 1416 1241 1442 διὰ
1252 1417 1282 1443 τὸ
1297 1417 1468 1452 μεμονῶσθαι
1481 1419 1528 1445 καὶ
1540 1419 1704 1455 κεχωρίσθαι
1720 1419 1775 1446 τῶν
1789 1419 1878 1447 ἄλλων

1089 1460 1197 1496 ψυχῶν·
1214 1462 1298 1489 πᾶσαι
1330 1463 1380 1498 μὲν
1396 1464 1448 1500 γὰρ
1464 1465 1565 1490 ἐκεῖναι
1591 1464 1710 1498 ἔγνωσαν
1728 1466 1877 1500 ἁμαρτίαν,

1055 1528 1076 1557 c
1093 1507 1184 1542 ἐκείνη
1198 1507 1226 1533 δὲ
1238 1507 1284 1534 οὗ·
1306 1509 1353 1535 καὶ
1371 1509 1415 1536 διὰ
1430 1509 1459 1536 τὸ
1477 1510 1560 1546 μόνην
1582 1511 1625 1537 ἀεὶ
1642 1511 1688 1537 τοῦ
1705 1511 1772 1538 Θεοῦ
1790 1512 1878 1545 Λόγου

1093 1552 1187 1579 ἕνωσιν
1204 1553 1274 1588 ἔχειν
1289 1554 1350 1581 καθ’
1370 1555 1516 1582 ὑπόστασιν
1539 1556 1607 1591 μετὰ
1623 1557 1672 1592 τῆς
1690 1557 1799 1593 σαρκός.
1830 1554 1879 1588 Εἷς

1090 1598 1144 1633 γάρ
1161 1599 1233 1624 ἐστιν
1249 1600 1264 1626 ὁ
1288 1600 1404 1635 Χριστὸς
1419 1602 1450 1627 ἐκ
1475 1601 1522 1628 δύο
1541 1601 1596 1628 τῶν
1613 1603 1756 1635 ἐναντίων,
1775 1603 1879 1634 τέλειος

1090 1643 1156 1675 Θεὸς
1174 1645 1221 1671 καὶ
1233 1645 1334 1677 τέλειος
1348 1646 1498 1682 ἄνθρωπος.
1521 1648 1653 1680 Ἐκεὶναις
1666 1648 1693 1675 δὲ
1709 1650 1741 1676 ὲκ
1756 1649 1879 1685 διαλειμ-

1091 1689 1183 1724 μάτων
1191 1690 1327 1727 ἑπιφοιτᾷ.
1338 1692 1414 1727 Τάχα
1420 1693 1448 1720 δὲ
1459 1693 1504 1720 καὶ
1515 1694 1564 1728 τὴν
1573 1696 1751 1730 παραστᾶσαν
1764 1696 1880 1732 Ἐκκλη-

1091 1735 1150 1761 σίαν
1170 1735 1243 1770 αὐτῷ
1257 1736 1330 1770 λέγει
1348 1739 1494 1774 μονογενῆ,
1511 1738 1554 1766 διὰ
1569 1740 1598 1765 τὸ
1614 1740 1650 1775 μὴ
1666 1740 1737 1775 ἔχειν
1753 1742 1848 1768 σπῖλον

1091 1781 1184 1816 ῥυτίδα
1199 1783 1230 1808 ἐκ
1248 1783 1301 1809 τῶν
1315 1783 1437 1819 ἁμώμων
1454 1785 1700 1822 συμπληρουμένην
1722 1788 1793 1814 κατὰ
1810 1797 1879 1824 7:90-

1090 1827 1178 1862 κοπὴν
1197 1829 1228 1855 ὲκ
1252 1829 1306 1856 τῶν
1329 1830 1459 1866 ἐξήκοντα
1483 1831 1625 1866 βασιλίδων
1648 1834 1695 1860 καὶ
1715 1834 1880 1870 ὀγδοήκοντα

1091 1874 1243 1902 παλλακῶν.
1257 1875 1267 1911 ]

1127 1964 1231 1992 Σῶσόν
1243 1975 1281 2000 με
1297 1967 1331 1993 ἐκ
1350 1968 1498 2002 στόματος
1509 1968 1643 2002 λέοντος,
1655 1970 1702 1996 καὶ
1717 1970 1776 1997 ἀπὸ
1794 1971 1881 2004 κερά-

1091 2019 1149 2036 των
1161 2012 1371 2046 μονοκερώτων
1386 2013 1442 2046 τὴν
1458 2015 1637 2042 ταπείνωσίν
1650 2024 1719 2048 μου.
1733 2016 1883 2050 Διηγήσο-

1087 2065 1141 2090 μαι
1166 2056 1198 2083 τὸ
1214 2056 1305 2091 ὄνομά
1326 2065 1383 2085 σου
1407 2058 1468 2091 τοῖς
1495 2059 1636 2092 ἀδελφοῖς
1646 2066 1723 2094 μου·
1738 2059 1774 2085 ἐν
1793 2059 1882 2092 μέσῳ

1097 2102 1275 2135 Ἑκκλησίας
1292 2102 1416 2136 ὑμνήσω
1440 2111 1486 2131 σε.
1512 2103 1648 2130 Ἐδίδασκε
1672 2103 1726 2140 γὰρ
1744 2104 1818 2139 ἡμᾶς
1832 2105 1882 2132 τὸν

1092 2147 1170 2181 φύσει
1187 2147 1234 2173 καὶ
1245 2147 1357 2183 ἀληθείᾳ
1367 2147 1431 2175 Θεὸν
1447 2148 1494 2174 καὶ
1505 2148 1645 2183 ὁμοούσιον
1659 2148 1740 2175 αὑτοῦ
1755 2149 1880 2184 Πατέρα.

1059 2202 1080 2229 υ
1094 2193 1177 2219 Πάλιν
1195 2193 1231 2224 ὡς
1250 2193 1390 2228 ἅνθρωπος
1407 2194 1508 2229 ἥνωται
1523 2194 1566 2220 διὰ
1583 2195 1634 2230 τῆς
1654 2195 1828 2231 Ἐκκλησίας.

1130 2239 1161 2264 Ol
1181 2238 1356 2272 φοϐούμενοι
1379 2239 1432 2265 τὸν
1454 2240 1562 2273 Κύριον
1575 2259 1582 2271 ,
1605 2240 1744 2267 αῖνέσιιτε
1767 2242 1880 2268 αὐτόν·

1093 2283 1174 2310 ᾶπαν-
1189 2284 1221 2310 τὸ
1236 2284 1354 2319 σπέρμα
1373 2284 1486 2317 Ἰακὼϐ,
1503 2285 1652 2318 δοξάσατε
1666 2287 1767 2313 αὐτόν.
1793 2287 1884 2314 Ἐπει-

1093 2330 1125 2364 δὴ
1148 2330 1230 2366 γὰρὴ
1259 2329 1405 2366 Ἐκκλησία
1423 2331 1468 2357 καὶ
1489 2331 1518 2363 ἐξ
1533 2331 1616 2358 ἐθνῶν
1631 2332 1678 2359 καὶ
1692 2332 1720 2365 ἐξ
1745 2332 1882 2360 Ἰουδαίων

1095 2376 1257 2411 συνέστηκε,
1284 2377 1330 2402 καὶ
1353 2376 1462 2407 τούτους
1484 2378 1530 2403 καὶ
1546 2377 1664 2409 ἐκείνους
1680 2379 1720 2410 εἰς
1735 2378 1781 2404 τὸν
1797 2379 1883 2414 ὕμνον

1093 2423 1193 2456 ἐγείρει
1204 2431 1210 2437 ·
1225 2423 1288 2454 τοὺς
1299 2423 1350 2458 μὲν
1362 2423 1415 2449 ἀπὸ
1427 2423 1474 2449 τοῦ
1487 2424 1657 2459 προπάτορος
1668 2424 1808 2459 ὀνομάζων
1829 2425 1883 2453 ’ἰα-

1094 2467 1151 2494 κώὸ
1166 2477 1195 2494 τε
1211 2469 1257 2495 καὶ
1276 2468 1394 2504 Ἰσραὴλ,
1408 2469 1472 2501 τοὺς
1484 2469 1513 2495 δὲ
1527 2469 1581 2496 ἀπὺ
1594 2470 1644 2504 τῆς
1657 2470 1768 2505 ἀρετῆς,
1781 2471 1820 2502 ὡς
1833 2472 1883 2507 ἀρ-

1094 2514 1194 2549 κούσης
1212 2514 1271 2540 ἀντὶ
1287 2515 1382 2548 γένους
1398 2515 1546 2550 κοσμῆσαι.
1577 2515 1656 2542 Οὕτω
1672 2515 1719 2542 καὶ
1738 2516 1883 2550 Ἰουδαίους

1093 2561 1156 2592 τοὺς
1168 2560 1197 2592 ἐξ
1212 2560 1295 2587 ἐθνῶν
1305 2560 1344 2595 τῷ
1354 2561 1429 2596 νόμῳ
1439 2562 1600 2597 προσιόντας
1609 2562 1668 2594 ἔθος
1679 2561 1713 2598 ἦν
1727 2563 1881 2598 ὀνομάζειν.

1094 2606 1148 2632 Καὶ
1167 2606 1248 2632 τοῦτο
1265 2607 1340 2642 ἡμᾶς
1355 2608 1371 2642 ἡ
1389 2607 1442 2634 τῶν
1457 2607 1586 2644 Πρὰξεων
1612 2608 1716 2644 ἱστορία
1740 2608 1863 2636 διδάσκει

1094 2651 1256 2688 δημηγορῶν
1267 2653 1320 2688 γὰρ
1336 2654 1350 2679 ὁ
1365 2653 1437 2685 θεῖος
1455 2654 1616 2686 Ἀπόστολος
1630 2654 1715 2686 οὕτως
1727 2654 1779 2690 ἔφη
1794 2663 1801 2670 ·
1817 2655 1877 2682 Ἀν-

1095 2696 1164 2730 δρες
1184 2698 1374 2732 Ἰσραηλῖται,
1393 2701 1440 2727 καὶ
1457 2702 1483 2728 oi
1502 2702 1538 2728 ἐν
1551 2701 1621 2736 ὑμῖν
1634 2702 1814 2736 φοϐούμενοι
1831 2703 1882 2729 τὸν

1097 2741 1214 2775 Κύριον.
