1938 3053
38 186 77 213 lii
565 182 746 211 EXPOSI'I‘IO
764 183 797 211 IN

865 183 980 211 \LMUM
1000 183 1069 210 XXI.

1580 185 1629 212 1'38

65 243 121 268 Ὅτι
133 241 187 268 οὐκ
199 240 412 273 ὲξουδένωσεν.
446 240 479 266 Ἃ
493 238 671 275 κατώρθωσεν
687 241 752 276 ἡμῖν
768 239 801 266 δι’

885 240 930 268 25.
949 241 1079 273 Quoniam
1094 248 1144 267 non
1161 240 1266 274 sprevit,
1283 245 1336 268 etc.
1353 240 1418 273 Quae
1437 242 1521 268 nostri
1544 244 1630 277 gratia

35 287 118 314 ἑαυτοῦ
131 287 145 312 ὁ
157 286 310 322 Μονογενὴς
325 285 474 312 ἐκδιδάσκει
490 285 592 320 σαφῶς.

64 333 137 367 Παρὰ
148 332 205 360 σσῦ
217 334 234 360 ό
242 333 364 365 ἔπαινός
373 341 444 366 μου.
454 332 583 358 Ἐπαινον
594 331 642 366 τὴν
650 331 802 366 δοξολογίαν

35 380 120 414 φησίνυ
135 379 189 405 ἐστι
210 379 239 405 δὲ
254 378 354 412 ταύτην
375 377 451 413 παρὰ
463 377 510 404 τοῦ
529 378 633 413 Πατρὸς
655 378 804 413 γενομένην

36 425 100 456 ἰδεῖν,
113 425 154 451 ὅτε
167 422 232 459 ἦλθε
245 423 321 459 φωνὴ
334 423 436 450 ἄνωθεν
445 423 561 457 λέγουσα
573 431 579 437 ·
591 424 646 450 Καὶ
659 423 801 455 ἐδόξασα,

35 471 78 497 καὶ
90 471 174 497 πάλιν
187 470 315 502 δοξάσω.
334 469 388 505 [Ἢ
397 469 437 496 ὃτι
450 469 542 505 ὥσπερ
552 469 607 503 ἐγώ
617 478 646 496 σε
658 469 736 504 δῆλον
749 471 804 501 τοῖς

36 515 171 550 ἀνθρώποις
186 515 302 550 ἐποίησα
312 534 319 546 ,
332 514 402 540 οὕτω
418 513 465 540 καὶ
482 514 514 540 σὺ
530 514 638 545 πάντως
656 514 704 549 τὴν
719 514 804 549 αὐτήν

38 569 75 595 μοι
94 561 234 596 προσάγεις
249 560 332 596 τιμὴν
342 581 349 591 ,
366 559 412 586 νῦν
430 560 478 595 μὲν
491 559 577 594 λέγων
587 569 594 576 ·
610 557 702 592 Οὗτός
720 559 805 586 ἐστιν

37 607 50 632 ὁ
68 606 126 638 Υἱός
137 614 210 640 μου·
229 605 277 632 νῦν
300 605 328 631 δὲ
350 604 549 632 ἀποκαλύπτων
571 605 666 640 Πέτρῳ
687 606 805 636 καὶτοῖς

40 650 156 686 λοιποῖς.]
183 651 237 683 Τὰς
248 649 343 684 εὐχάς
353 659 413 684 μου
429 649 581 678 ἀποδώσω.
598 650 671 684 Εὑχὴ
683 651 700 684 ἡ
718 650 804 683 ἐπαγ-

37 696 102 730 γελία
114 695 184 732 παρὰ
198 697 231 731 τῇ
249 695 310 730 θείᾳ
322 696 484 731 ὀνομάζεται
501 696 606 732 Γραφῇ.
639 695 742 722 Οὐκοῦν
755 695 805 730 τῆς

39 741 143 776 ὑπακοῆς
154 740 328 775 ἐκπλήρωσις
345 741 361 776 ἡ
383 740 515 775 γενομένη
535 740 609 776 παρὰ
623 740 670 766 τοῦ
685 739 749 766 Υίοῦ
766 740 805 775 τῷ

39 787 111 822 Πατρὶ
130 786 206 821 μέχρι
219 786 336 813 θανάτου
348 786 478 818 ὡσαύτως
494 786 527 813 ἂν
545 786 652 821 νοηθείη
663 806 671 818 ,
707 786 804 813 ἀποδο-

40 833 117 868 Θείσης
130 833 176 867 τῆς
190 833 274 867 εὐχῆς
289 833 353 868 παρ’
366 832 446 859 αὐτοῦ
463 832 501 868 τῷ
517 832 613 868 Πατρί.
644 831 737 868 [Εὺχὴ
757 832 806 867 μὲν

39 878 194 912 ἡὲπαγγελία
205 879 282 914 παρὰ
293 880 326 913 τῇ
339 879 399 914 θείᾳ
409 878 570 914 ὀνομάζεται
580 878 676 913 Γραφῇ
684 885 690 892 '
703 877 807 904 Οὐκοῦν

39 924 54 957 ὴ
63 923 105 958 τῆς
113 923 228 958 ΰπακοῆς
240 923 327 958 ὲκπλή
332 932 414 958 ρωσις
424 924 441 958 ἡ
451 923 583 959 γενομένη
598 923 673 958 παρὰ
682 923 729 949 τοῦ
741 923 806 949 Υίοῦ

853 284 1012 320 Unigenitus
1028 293 1109 320 opera
1123 285 1202 312 edidit
1221 286 1363 320 perspicue
1374 286 1461 314 docet.

888 332 933 360 26.
949 332 1026 367 Apud
1041 337 1064 359 te
1077 333 1135 359 laus
1151 340 1218 363 mea,
1249 336 1301 359 etc.
1317 331 1435 360 Laudem
1451 336 1529 359 vocat
1548 332 1631 367 glori-

854 377 1027 410 ﬁcationem;
1048 377 1171 405 videmus
1196 381 1285 404 autem
1309 377 1381 404 illam
1398 384 1414 404 a
1437 376 1516 404 Patre
1531 377 1630 405 editam

853 429 915 457 cum
931 430 981 449 vox
998 422 1113 456 desuper
1127 421 1219 448 audita
1234 426 1293 449 est;
1310 421 1343 448 Et
1368 422 1513 457 gloriﬁcam’
1537 427 1561 449 et
1582 423 1634 450 ite-

854 476 913 495 rum
928 468 1080 504 gloriﬁcabo
1092 468 1125 494 ⁵ο.
1142 467 1208 504 [Aut
1221 468 1284 502 quia
1299 468 1371 495 sicut
1383 475 1433 502 ego
1461 473 1487 495 te
1511 467 1632 495 homini-

854 514 905 541 bus
920 514 1095 542 manifestum
1109 513 1170 546 feci.
1187 513 1280 541 eodem
1295 521 1408 548 prorsus
1422 514 1502 541 modo
1524 518 1551 540 ιιι
1566 514 1632 540 mihi

855 568 947 595 parem
963 561 1094 588 honorem
1109 559 1287 594 conciliabis;
1305 559 1386 587 modo
1400 559 1512 587 dicens:
1529 558 1580 586 Hic
1594 564 1633 587 est

855 606 926 640 ﬁlius
941 614 1013 633 meus
1023 606 1057 638 λι,
1073 605 1154 633 modo
1170 605 1287 640 idipsum
1306 605 1386 633 Petro
1408 605 1531 633 revelans
1553 609 1634 640 atque

856 651 985 688 caeteris]
998 651 1064 679 Vota
1080 660 1137 679 mea
1152 651 1270 684 reddam,
1285 656 1337 679 etc.
1353 651 1475 678 Precatio
1498 651 1525 678 in
1544 650 1635 678 divina,

857 697 997 733 Scriptura
1010 703 1103 726 votum
1121 706 1168 726 seu
1184 698 1329 733 promissio
1341 702 1462 725 vocatur.
1479 695 1572 732 Itaque
1586 697 1635 724 οὺς

856 744 1003 779 sequentite
1012 743 1073 771 Filii
1088 751 1153 779 erga
1167 743 1275 770 Patrem
1288 750 1373 778 usque
1388 743 1421 770 ad
1436 746 1550 769 mortem
1565 749 1634 777 pra:-

856 790 925 817 stita:
951 790 1151 817 consummatio
1169 794 1221 822 est,
1248 797 1308 824 quae
1329 794 1394 817 tunc
1417 788 1488 816 facta
1511 788 1635 824 intelligi-

857 840 910 867 tur,
922 843 985 863 cum
1003 834 1077 863 Patri
1099 836 1278 871 precationem
1300 834 1407 862 obtulit.
1429 834 1564 870 [Precatio
1586 842 1633 862 seu

856 885 948 908 votum
964 881 1109 916 promissio
1122 885 1234 909 vocatur
1246 881 1273 908 in
1288 881 1378 908 divina
1395 881 1533 916 Scriptura
1547 892 1552 908 :
1573 888 1634 908 cum

857 926 949 961 itaque
962 927 990 953 in
1007 927 1135 954 omnibus
1145 926 1220 954 Patri
1235 927 1380 954 obsecutus
1392 926 1478 954 Filius
1493 927 1537 958 sit,
1553 926 1635 953 etiam

41 969 121 1004 Πατρὶ,
133 969 269 996 καὶτοῦτο
285 969 365 1005 μέχρι
380 968 428 996 τοῦ
441 970 556 997 θανάτου
571 969 681 1004 σαρκός.
713 969 807 995 Ὡσαύ-

865 979 944 1006 isque
962 972 995 999 ad
1009 976 1123 999 mortem
1138 972 1286 1005 carnalem,
1303 979 1351 1007 pro
1365 975 1428 999 voto
1441 971 1516 998 Patri
1532 970 1636 999 reddito

41 1023 84 1047 τως
93 1015 121 1042 ἃν
130 1015 234 1051 νοηθείη
248 1015 426 1050 ἀποδοθείσης
437 1016 487 1051 τῆς
500 1015 582 1050 εὐχῆς
594 1016 659 1050 παρ’
672 1014 753 1041 αὑτοῦ
767 1014 805 1049 τῷ

865 1018 941 1052 probe
955 1017 1126 1053 accipiatur.]
1393 1014 1395 1017 ’

42 1061 122 1088 ﬂaret.

73 1071 88 1087 ητ
106 1062 122 1088 ί.

73 1062 154 1137 ninia
171 1110 306 1137 Barbarus
320 1118 328 1136 :
347 1109 412 1136 Vota
424 1117 493 1136 mea.
505 1108 628 1136 Precatio
645 1109 688 1136 vel
703 1113 805 1140 votum.
823 1108 968 1143 promissio
985 1114 1027 1136 est
1042 1109 1156 1142 alicujus
1168 1116 1262 1136 eorum
1276 1117 1336 1144 quae
1349 1109 1470 1144 religioni
1483 1112 1636 1136 sacrantur.

44 1156 180 1192 Deprecatio
192 1165 259 1186 vero
276 1163 319 1186 est
332 1157 444 1193 supplex
460 1157 594 1184 bonorum
609 1157 704 1191 petitio
717 1164 733 1184 a
752 1157 817 1184 Deo.
837 1156 919 1184 Docet
933 1161 1023 1184 autem
1037 1163 1128 1184 sermo
1141 1164 1175 1183 ne
1189 1157 1266 1191 prius
1282 1164 1295 1183 a
1311 1157 1366 1184 Deo
1387 1157 1537 1191 quidquam
1558 1159 1636 1190 peta-

44 1212 101 1238 mus,
115 1213 191 1240 quam
205 1205 310 1233 donum
325 1212 374 1240 pro
393 1203 548 1239 accipienda
563 1204 648 1239 gratia
664 1204 820 1231 oli'eramus.
836 1203 956 1236 Precari,
971 1205 1023 1231 hoc
1037 1208 1088 1236 est,
1104 1211 1201 1231 vovere
1215 1204 1292 1238 prius
1304 1207 1420 1237 oportet,
1438 1209 1520 1238 quam
1542 1201 1636 1236 depre-

45 1250 100 1277 cari.
116 1250 348 1283 Quemadmodum
366 1250 436 1278 satio
448 1248 586 1276 fructuum
601 1248 786 1276 collectionem
812 1248 947 1284 praecedit.
966 1247 1078 1284 Oportet
1091 1248 1164 1275 enim
1191 1248 1267 1282 prius
1282 1248 1373 1281 jacere
1389 1246 1578 1282 promissionis
1592 1254 1636 1273 sc-

47 1294 114 1326 mina.
126 1299 152 1322 et
162 1295 202 1322 sic
218 1294 283 1322 inde
303 1294 408 1322 lructus
421 1293 501 1321 l'crre.

71 1352 201 1388 Φάγονται
219 1351 411 1386 πένητες,κώ
426 1350 704 1386 ἐμπλησθήσονται.
721 1349 807 1382 Προσ-

45 1401 167 1435 αγὲρευσις
189 1400 237 1436 τῆς
257 1400 313 1427 τῶν
327 1399 410 1427 ἐθνῶν
425 1399 546 1435 κλήσεως
576 1397 620 1424 διὰ
640 1396 740 1423 τούτων
761 1404 808 1431 ση-

48 1446 160 1480 μαίνεται.

74 1493 118 1519 Kal
131 1492 400 1527 προσκυνήσουσιν
422 1491 549 1518 ἐνώπιον
563 1490 656 1518 αὑτοῦ
669 1490 761 1518 πᾶσαι
781 1492 810 1517 al

893 1346 938 1374 27.
959 1347 1044 1374 Edent
1068 1354 1192 1381 pauperes
1205 1351 1230 1373 et
1253 1346 1452 1374 saturabuntur.
1470 1346 1550 1375 Hisce
1570 1356 1636 1384 gen-

861 1393 926 1420 tium
942 1393 1046 1420 vocatio
1053 1392 1286 1428 prasigniﬁcatur.

894 1482 939 1509 28.
957 1481 989 1508 Et
1007 1482 1153 1509 adorabunt
1175 1482 1203 1508 in
1223 1486 1359 1516 conspectu
1374 1481 1431 1517 ejus
1446 1483 1573 1510 universa
1593 1483 1636 1517 fa-

48 1526 209 1572 .‘(IITptalrttiW
217 1537 324 1566 ἐθνῶν.
338 1536 497 1564 Βασιλεῦσαι
508 1536 615 1572 λέγεται
628 1537 680 1563 τῶν
691 1537 737 1563 ἐπὶ
747 1537 807 1571 γῆς,

865 1527 944 1555 milia:
966 1529 1091 1563 gentium.
1119 1526 1242 1563 Regnare
1258 1527 1356 1555 dicitur
1371 1528 1397 1554 in
1424 1533 1494 1556 terra
1509 1529 1559 1556 etsi
1575 1536 1639 1563 qua-

49 1584 117 1611 κιίτοι
127 1585 245 1619 βασιλεὺς
258 1584 369 1612 πάντων
380 1583 417 1610 ὣν
429 1583 496 1610 καθὸ
505 1584 581 1616 Θεὸς,
596 1583 639 1610 διὰ
650 1583 679 1610 τὸ
690 1582 810 1617 ἐπιστρέ-

49 1629 84 1662 ᾲιι
97 1631 182 1662 αὐτοὺς
197 1631 228 1658 ὲκ
243 1632 295 1666 τῆς
309 1630 363 1656 τῶν
379 1630 512 1664 δαιμόνων
530 1629 633 1665 πλάνης
649 1629 688 1661 εἰς
703 1629 751 1664 τὴν
764 1629 812 1655 αὺ-

50 1672 84 1702 τώ
99 1676 188 1707 πίστιν.
203 1677 250 1703 καὶ
264 1675 472 1711 εὐγνωμοσύνην
487 1675 535 1702 καὶ
546 1675 725 1710 δικαιοσύνην.

76 1720 126 1747 ’Ὁτι
136 1721 186 1748 τοῦ
202 1722 314 1756 Κυρίου
328 1722 347 1755 ἡ
358 1721 501 1753 βασιλεία
512 1741 519 1752 ,
537 1720 586 1748 καὶ
600 1721 691 1753 αὐτὸς
704 1720 812 1748 δεσπό⁴

51 1765 78 1794 ζει
88 1766 138 1793 τῶν
149 1767 249 1795 ἐθνῶν.
266 1767 304 1794 Οὐ
317 1766 371 1802 γὰρ
386 1767 465 1801 μόνον
482 1766 616 1793 Ἰουδαίων
631 1765 696 1798 Θεὸς
707 1767 720 1792 ὁ
735 1765 810 1798 Θεὸς,

51 1811 79 1842 ὡς
91 1813 176 1839 ἐκεῖνοι
191 1813 362 1848 νομίζουσιν,
385 1812 452 1839 ἀλλὰ
473 1812 561 1847 πάσης
577 1811 626 1846 τῆς
641 1810 812 1847 ἀνθρωπίνης

51 1857 136 1890 φύσεως
148 1861 269 1896 ποιητής,
287 1859 372 1886 Τοῦτο
389 1859 435 1885 καὶ
454 1858 468 1884 ὁ
488 1857 646 1889 ’Δπόστολός
664 1866 762 1893 φησιν·
777 1855 813 1884 Ἦ

56 1902 183 1931 Ἰουδαίων
192 1906 208 1931 ὁ
221 1905 294 1937 Θεὸς
300 1905 416 1939 miror;
432 1903 504 1938 Οὐχὶ
515 1904 562 1930 καὶ
572 1903 682 1935 eorm,-
697 1903 752 1932 Ναὶ
763 1903 812 1930 καὶ

52 1947 136 1976 ἐθνῶν.
159 1951 294 1984 Ἐπείπερ
307 1948 350 1982 εἷς
360 1951 376 1976 ό
389 1950 460 1983 Θεὸς
470 1969 477 1979 .
491 1949 524 1982 ὃς
538 1948 686 1976 δικαιώσει
698 1957 811 1982 περιτο-

51 1994 131 2027 μὴνὲκ
139 1997 274 2029 πίστεως,
286 1996 333 2022 καὶ
345 1995 544 2030 ἀκροϐυστίαν
553 1995 601 2022 διὰ
610 1995 664 2029 τῆς
674 1995 811 2028 πίστεως.

81 2039 207 2075 Ἔφιππον,
228 2041 278 2068 καὶ
296 2040 528 2074 προσεκύνησαν
544 2039 654 2072 πάντες
667 2041 693 2066 οι
710 2039 812 2072 πίονες

54 2082 95 2115 τῆς
107 2084 165 2118 γῆς.
181 2085 235 2120 Τὴν
250 2084 437 2120 πνευματικὴν
450 2083 570 2120 δηλονότι
582 2084 694 2120 τροφήν.
714 2083 812 2116 Πίονας

55 2126 75 2152 δὲ
86 2128 169 2160 αὐτοὺς
187 2130 262 2156 χαλεῖ
276 2129 319 2156 διὰ
333 2129 363 2155 τὸ
382 2129 514 2164 εὐτραφὲς
533 2128 587 2154 τῶν
602 2127 681 2155 θείων
704 2127 811 2162 λογίων.

60 2170 180 2200 ἐι-ὡπιον
196 2174 289 2201 αὑτοῦ
315 2174 478 2201 πεσοῦνται
497 2172 608 2206 πάντες
624 2175 652 2200 οι
673 2173 812 2200 καταϐαί-

862 1578 941 1602 tenus
954 1579 996 1602 est
1011 1574 1081 1602 Deus
1097 1582 1144 1602 rex
1167 1579 1208 1602 est
1225 1575 1427 1607 universorum,
1453 1574 1516 1609 quia
1534 1574 1638 1602 scilicet

861 1621 994 1648 convertit
1019 1625 1112 1655 gentes
1134 1628 1167 1648 ex
1196 1628 1290 1648 errore
1319 1620 1473 1647 daemonum
1497 1620 1532 1647 ad
1557 1620 1636 1647 ﬁdem

862 1674 950 1701 suam,
969 1671 996 1694 et
1010 1667 1042 1693 ad
1057 1666 1246 1702 gratitudinem
1262 1671 1288 1693 et
1302 1665 1434 1700 justitiam

896 1712 942 1739 29.
955 1711 1086 1744 Quoniam
1104 1711 1209 1738 Domini
1223 1716 1260 1738 est
1278 1719 1385 1746 regnum
1401 1714 1426 1738 et
1446 1710 1499 1746 ipse
1518 1710 1638 1738 domina-

863 1760 932 1786 bitur
943 1759 1069 1793 gentium.
1085 1758 1156 1786 Deus
1166 1766 1219 1785 non
1232 1758 1387 1785 Iudaeorum
1403 1758 1488 1786 solum
1499 1763 1540 1785 est
1555 1757 1638 1791 Deus.

862 1810 892 1833 ut
908 1805 1075 1832 arbitrantur
1099 1804 1162 1839 ipsi,
1180 1804 1226 1831 sed
1243 1804 1325 1832 totius
1345 1804 1469 1831 humana:
1483 1803 1574 1838 opifex
1590 1811 1639 1831 na-

863 1857 939 1879 turae.
961 1851 990 1877 ld
1013 1850 1158 1885 Apostolus
1180 1858 1288 1886 quoque
1307 1850 1345 1877 ait
1354 1851 1398 1878 "2
1423 1850 1464 1877 Αη
1484 1849 1638 1877 Judworum

862 1897 932 1924 Deus
945 1896 1054 1922 solum?
1069 1895 1162 1922 Nonne
1183 1901 1207 1922 et
1231 1897 1345 1931 gentium
1358 1897 1370 1924 .9
1385 1895 1443 1922 Imo
1465 1901 1490 1923 et
1512 1897 1638 1931 gentium.

863 1943 994 1976 Quoniam
1009 1951 1076 1969 unus
1089 1946 1127 1968 est
1141 1942 1211 1969 Deus
1227 1943 1271 1977 qui
1282 1941 1442 1976 justiﬁcabit
1462 1942 1640 1969 circumcisio-

861 1996 919 2014 nem
934 1996 965 2014 ex-
979 1987 1039 2022 ﬁde.
1051 1992 1075 2014 et
1093 1987 1249 2022 prwputium
1260 1995 1305 2022 per
1315 1978 1404 2022 ﬁdem.

896 2033 940 2061 50.
960 2033 1183 2060 Manducavet'unt
1204 2037 1228 2059 et
1248 2032 1422 2059 adoraverunl
1433 2040 1519 2059 omnes
1533 2032 1639 2067 pingue:

863 2083 950 2106 terra.
970 2078 1143 2114 Spiritualem
1159 2078 1283 2106 videlicet
1298 2078 1398 2105 cibum.
1413 2077 1530 2113 Pingues
1551 2082 1640 2105 autem

864 2130 954 2158 vocat,
971 2125 1006 2152 ob
1019 2125 1170 2153 divinorum
1186 2125 1356 2160 eloquiorum
1380 2132 1501 2152 succum.
1526 2124 1559 2151 In
1579 2133 1641 2151 con-

863 2177 950 2205 spectu
966 2172 1022 2206 ejus
1040 2172 1132 2198 cadent
1153 2179 1240 2198 omnes
1263 2171 1308 2207 qui
1321 2171 1477 2199 descendunt
1492 2172 1518 2198 in
1533 2175 1639 2198 terram.

56 2224 139 2252 νίνιες
148 2221 187 2252 εἷς
198 2220 265 2254 γῆν.
281 2220 365 2247 Τοῦτό
379 2228 454 2255 φησι,
470 2219 514 2246 διὰ.
525 2219 554 2246 τὺ
567 2220 666 2246 κλίνειν
680 2219 753 2254 αὐτῷ
766 2219 808 2253 γό-

865 2217 920 2245 Hoc
937 2218 975 2245 ait
989 2218 1052 2252 quia
1066 2217 1156 2244 ﬁdeles
1171 2224 1258 2252 genua
1280 2217 1332 2252 ipsi
1347 2216 1454 2245 ﬂectere
1468 2217 1555 2244 solent
1569 2224 1576 2242 :
1589 2216 1640 2243 hu-

56 2269 80 2285 ν)
91 2263 144 2294 τοὺς
155 2265 336 2296 πιστεύοντας.
352 2262 429 2291 Οὗτοι
443 2264 471 2291 δὲ
485 2264 509 2290 οἷ
522 2264 712 2294 πιστεύσαντες
727 2264 810 2291 πάλαι

56 2302 119 2339 ἦσαν.
140 2310 168 2335 0i
182 2309 406 2342 καταϐαίνοντες
418 2311 460 2342 εὶς
474 2309 531 2343 τὴν
545 2309 602 2343 γῆν
617 2318 624 2325 ·
639 2309 775 2336 τουτέστιν
787 2311 810 2337 ol

57 2352 163 2385 πεσόντες
174 2355 211 2386 είς
223 2354 331 2390 ὄλεθρον
344 2355 390 2381 καὶ
409 2354 525 2390 φθορὰν,
545 2354 588 2381 διὰ
605 2353 635 2380 τὸ
656 2353 692 2389 μὴ
714 2354 811 2381 εἰδέναι

57 2397 136 2430 αὐτοὺς
145 2400 187 2426 τὸν
199 2400 309 2436 Κύριον.

84 2444 129 2470 Kal
142 2446 159 2479 ἡ
173 2446 255 2481 ψυχή
267 2455 326 2481 μου
339 2444 419 2478 αὐτῷ
441 2444 488 2478 ζῇ,
503 2444 551 2470 καὶ
565 2445 597 2471 τὸ
616 2444 733 2479 σπέρμα
752 2453 811 2480 μου

57 2487 190 2518 δουλεύσει
200 2491 286 2525 αὐτῷ.
318 2492 395 2525 Ἀγία
408 2491 462 2526 γὰρ
475 2491 522 2516 καὶ
538 2491 650 2526 ἄμωμος
663 2492 679 2526 ὴ
694 2490 811 2526 Χριστοῦ

58 2535 135 2569 γέγονε
150 2538 212 2573 ζωὴ,
224 2538 257 2574 ἢν
269 2538 412 2573 πεποίηται
425 2537 493 2573 μετὰ
510 2537 609 2573 σαρκὸς
623 2537 669 2563 ἐπὶ
681 2539 740 2572 γῆς.
753 2537 810 2564 Μό-

60 2589 93 2612 νος
107 2582 154 2618 γὰρ
166 2583 241 2616 αὐτὸς
265 2584 314 2610 οὐκ
328 2583 454 2618 ἐποίησεν
470 2582 622 2618 ἁμαρτίαν,
646 2583 733 2609 καίτοι
750 2582 810 2609 καθ’

60 2625 118 2659 ἡμᾶς
126 2628 245 2662 γεγονὼς,
257 2630 302 2656 καὶ
314 2629 401 2665 σάρκα
411 2627 500 2654 λαὸὼν
512 2628 560 2662 τὴν
574 2627 810 2663 φιλαμαρτήμονα.

60 2670 153 2706 Σπέρμα
167 2674 193 2700 δὲ
208 2674 272 2701 Θεοῦ
291 2674 410 2710 νοηθεῖεν
425 2674 458 2701 ἂν
472 2674 497 2700 οἱ
510 2674 543 2700 δι’
556 2673 636 2700 αὑτοῦ
650 2673 811 2708 κεκλημένοι

61 2714 94 2741 ὂίά
105 2718 146 2753 τῆς
160 2719 279 2751 πίστεως.
301 2718 546 2754 Ἀνατγελήσεται
562 2717 601 2750 τῷ
615 2718 711 2752 Κυρίῳ
726 2719 813 2753 γενεὰ

62 2760 76 2791 ἠ
101 2762 243 2799 ἐρχομένη.
272 2767 325 2793 Καὶ
356 2765 440 2792 ταῦτα
466 2764 530 2799 περὶ
563 2763 616 2791 τῶν
644 2763 726 2791 ἐθνῶν
762 2772 812 2799 ση-

66 2807 146 2838 μιίνει.

862 2265 979 2299 jusmodi
996 2268 1085 2291 autem
1099 2263 1164 2290 olim
1185 2263 1277 2290 ﬁdeles
1299 2267 1385 2290 erant.
1409 2263 1462 2295 Qui
1485 2263 1642 2290 descendunt

864 2310 891 2336 in
909 2314 1023 2342 terram;
1040 2309 1166 2336 nimirum
1178 2309 1266 2344 quiin
1285 2309 1432 2344 perniciem
1458 2313 1542 2336 ruunt
1563 2313 1590 2336 et
1613 2309 1641 2336 in

864 2356 1077 2390 corruptionem,
1092 2355 1166 2390 quod
1180 2355 1325 2382 Dominum
1344 2362 1396 2383 non
1411 2355 1544 2383 noverint.

899 2441 944 2467 3L
962 2439 995 2466 Et
1007 2439 1097 2466 anima
1112 2446 1168 2465 mea
1180 2438 1222 2465 illi
1238 2438 1314 2470 vivet,
1324 2442 1349 2465 et
1357 2442 1442 2464 setﬂen
1453 2445 1538 2464 meum
1550 2437 1641 2464 serviet

864 2487 924 2520 ipsi.
943 2485 1041 2512 Sancta
1062 2485 1160 2519 quippe
1179 2488 1206 2511 et
1222 2483 1357 2518 inculpata
1379 2483 1480 2511 Christi
1501 2483 1556 2510 vita
1579 2482 1640 2514 fuit,

863 2539 946 2567 quam
964 2539 1026 2559 cum
1039 2532 1133 2558 labore
1151 2535 1179 2558 et
1193 2537 1314 2558 aerumna
1327 2537 1408 2558 carne
1427 2529 1537 2556 indutus
1552 2533 1642 2556 trans-

863 2578 918 2614 egit
932 2578 960 2605 in
979 2582 1061 2605 terra.
1077 2577 1135 2612 Ipse
1149 2584 1266 2612 namque
1281 2577 1357 2604 solus
1372 2580 1511 2611 peceatum
1533 2583 1586 2602 non
1606 2574 1642 2602 fe-

865 2625 913 2656 cit.
932 2625 983 2652 etsi
1005 2624 1039 2651 ad
1054 2623 1258 2651 similitudinem
1279 2627 1400 2650 nostram
1427 2622 1516 2649 factus
1541 2621 1587 2654 sit,
1615 2624 1642 2646 et

864 2678 971 2698 carnem
989 2670 1177 2704 assumpserit.
1193 2677 1254 2704 quae
1271 2676 1318 2702 per
1341 2677 1370 2696 se
1387 2668 1504 2702 peccatis
1523 2666 1640 2694 obnoxia

863 2722 923 2745 est:
941 2724 1033 2748 semcn
1051 2721 1141 2743 autem
1157 2715 1204 2743 Dei
1221 2714 1392 2743 existimandi
1410 2715 1456 2749 qui
1484 2713 1519 2740 ab
1540 2720 1573 2740 eo
1594 2719 1641 2746 per

865 2764 943 2791 ﬁdem
957 2767 1022 2791 sunt
1035 2762 1123 2790 vocati
1136 2771 1143 2788 :
1161 2761 1369 2789 Annuntiabilur
1382 2760 1493 2787 Domino
1510 2758 1640 2794 generatio

866 2812 983 2835 ventura.
1000 2806 1032 2834 Et
1048 2806 1104 2834 hac
1117 2814 1225 2842 quoque
1238 2806 1272 2834 de
1288 2806 1411 2841 gentibus
1428 2804 1559 2838 intelligit.

93 2874 187 2904 “Ioan.
209 2885 257 2910 xu,
275 2879 319 2906 28.
357 2877 377 2894 “
391 2877 483 2905 Matth.
502 2885 542 2910 ιιι,
560 2877 610 2910 l7;
628 2869 736 2907 un.‘-’i.
774 2875 884 2903 “Rom.
901 2882 942 2908 ιιι,
961 2874 1007 2908 29,
1025 2873 1068 2902 50.

184 2926 315 2956 Ριῐιιοι..
337 2926 396 2956 (in.
413 2926 542 2956 XXVII.

1487 2919 1506 2948 5
