1938 3053
288 135 338 163 159

714 134 742 161 S.
763 132 948 160 ATIIANASII
968 133 1042 160 OPP.
1064 131 1154 160 PARS
1174 132 1216 160 Ill.
1237 146 1271 152 —
1290 131 1494 160 EXEGETICA.

1849 133 1900 159 “0

323 192 366 220 52.
385 191 486 218 Pocula
504 192 548 227 qui
574 197 705 223 nascetur,
728 200 803 226 quem
836 192 898 226 fecit
925 191 1065 218 Dominus.

1154 191 1220 224 Λαῷ
1235 190 1273 223 τῷ
1286 190 1505 225 τεχθησομένῳ,
1531 189 1566 216 ὃν
1578 189 1726 223 ἐποίησεν
1747 190 1763 215 ό
1787 191 1900 224 Κύριος.

287 238 356 266 Huic
369 238 457 266 simile
468 243 509 266 est
522 238 605 266 illud:
623 238 682 264 Non
697 246 729 265 επ
742 238 923 272 sanguinibus,
941 246 1020 273 neque
1034 246 1066 264 ea:

286 285 418 312 voluntate
431 285 530 316 carnis,
547 284 591 311 sed
604 292 636 310 ex
653 283 705 310 Deo
716 284 772 310 nati
783 283 884 310 sunt".

461 330 486 357 1.
502 329 673 358 ΡδΛωιυδ
690 329 785 356 David.
802 328 899 356 XXII.

565 377 763 410 Argumentum.

286 421 398 450 Canitur
410 429 531 457 praesens
545 422 668 456 psalmus
690 429 722 448 ex
737 428 853 456 persona
878 420 996 456 gentium
1018 429 1066 447 ex-

322 469 481 495 sultantium
496 468 567 502 quod
595 467 726 494 Dominus
748 468 806 502 ipse
823 468 856 495 ad
884 475 984 503 pascua
1007 467 1067 494 illas

322 512 489 548 perduceret.
500 511 531 539 Et
539 519 604 539 sane
613 512 756 547 mysticum
765 517 893 539 cnarrant
901 512 1066 544 convivium,

321 558 394 593 quod
410 558 460 585 illis
475 562 568 593 pastor
583 557 714 585 Dominus
729 558 865 592 apposuit.

1118 238 1229 272 Ὅμοιον
1247 237 1291 269 τὸ,
1306 239 1366 264 οὐκ
1384 237 1418 268 ἐξ
1432 236 1561 271 αἱμάτων
1574 256 1580 268 ,
1598 235 1669 262 οῦδέ
1690 236 1723 262 ἐκ
1740 235 1901 269 θελήματος

1116 283 1239 317 σαρκὸς,
1252 282 1331 310 ἀλλὰ
1346 283 1380 308 ἐκ
1400 282 1473 308 Θεοῦ
1486 281 1704 316 ἐγγενήθησαν.

1303 329 1454 356 ΨΑΛΜΟΣ
1477 327 1516 360 τῷ
1533 326 1631 354 Δαυΐδ.
1652 328 1717 354 KB'.

1426 373 1432 382 '
1440 374 1594 405 Υπόθεσιςῖ

1117 420 1225 456 ’ᾼδεται
1235 420 1249 445 ὁ
1260 418 1437 454 προκείμενος
1445 418 1548 453 ψαλμὺς
1561 419 1592 445 ὲκ
1601 417 1746 454 προσώπου
1754 418 1808 445 τῶν
1819 418 1900 445 ἐθνῶν

1151 465 1338 500 ἀγαλλομένων
1355 465 1401 490 ἐπὶ
1419 465 1449 491 τὸ
1469 465 1600 500 ποιμᾶναι
1620 464 1717 496 αὐτοὺς
1732 464 1777 490 τὸν
1791 465 1900 500 Κύριον.

1150 512 1206 538 Καὶ
1221 511 1273 547 μὴν
1286 511 1332 537 καὶ
1345 510 1476 546 μυστικὴν
1488 510 1647 545 ἐξηγοῦνται
1657 510 1784 546 εὐωχίαν,
1792 511 1826 546 ἦν
1835 519 1901 546 παρ-

1153 558 1248 593 έθηκεν
1264 558 1354 590 αὑτοῖς
1370 558 1449 589 αὐτὸς
1465 558 1479 584 ὁ
1493 557 1643 592 ποιμαίνων
1660 557 1768 589 αὐτούς.

320 605 416 631 Daniel
432 604 579 631 Barbarus.
593 603 718 632 Psalmus
732 609 773 632 est
784 605 955 632 redeuntium
971 612 985 631 a
1003 604 1149 639 Babylonia
1167 605 1305 636 servitute,
1321 605 1451 639 quoniam
1472 609 1615 643 postquam
1634 603 1720 639 Cyrus
1735 611 1780 630 rex
1796 610 1844 630 eos
1861 602 1901 629 di-

284 653 368 685 misit,
382 660 442 680 cum
462 660 557 687 magna
574 653 665 680 laetitia
683 656 709 680 et
725 652 802 687 copia
821 660 910 680 rerum
925 652 959 679 ad
975 660 1039 680 suos
1062 653 1163 680 reversi
1184 657 1257 680 sunt.
1281 652 1334 680 Sed
1355 657 1382 679 et
1399 652 1450 679 hoc
1469 651 1565 679 beatus
1587 650 1671 678 David
1686 655 1747 677 ante
1771 650 1846 677 dicit.
1866 648 1902 676 Et

283 707 396 734 persona
411 699 492 734 igitur
509 700 629 734 ipsorum
640 700 667 726 in
684 700 798 735 patriam
817 700 1010 728 revertentium
1026 700 1073 728 ait.

317 744 445 772 Dominus
460 746 545 780 pascit
561 753 612 779 me,
631 750 656 772 et
679 746 744 773 nillil
771 746 834 773 mihi
852 746 946 774 deerit.
961 746 1062 782 Magni-

282 791 332 818 lice
346 791 373 817 in
386 791 500 818 Domino
513 792 634 818 sentiunt
652 792 698 827 qui
714 792 748 820 ab
765 793 811 820 illo
830 797 990 828 pascuntur.

1150 747 1255 780 Κύριος
1271 745 1419 780 ποιμαίνει
1436 753 1483 779 με.
1517 744 1597 778 Μέγα
1614 743 1659 770 ἐπὶ
1672 743 1711 779 τῷ
1728 743 1824 778 Κυρίῳ
1840 752 1903 779 φρο-

1113 792 1203 819 νοῦσιν
1219 793 1242 818 ol
1258 792 1321 827 παρ’
1339 791 1420 818 αὐτοῦ
1437 791 1652 826 ποιμαινόμενα.

316 836 343 864 2.
362 836 395 863 1η
407 837 463 864 loco
476 846 581 872 pascua:
595 838 631 864 ibi
651 847 690 865 me
706 838 852 865 collocavit.
871 840 899 866 lu
917 839 1007 866 herba:
1024 839 1062 866 lu-

1148 841 1199 871 Εις
1213 839 1305 865 τόπον
1320 838 1414 872 χλόης
1429 836 1494 864 ἐκεῖ
1516 845 1553 871 με
1579 835 1822 868 κατεσκήνωσεν.
1860 836 1902 862 'Ev

281 883 415 911 xuriantis
439 884 498 911 loco
522 892 565 912 me
582 884 735 918 collocavit,
756 885 924 920 spiritualem
949 885 1060 912 herbam

281 930 356 957 dicit.
379 930 463 964 Super
482 939 577 966 aquam
600 931 749 966 refectioni;
774 932 894 958 educavit
919 940 969 959 me.
985 932 1062 966 Aqua

281 975 437 1004 refectiouis
467 985 575 1004 sacrum
610 977 678 1005 forte
705 978 841 1013 baptisma
879 978 1061 1013 intelligatur,

282 1024 380 1058 quippe
393 1023 466 1059 quod
479 1027 651 1058 peccatorum
665 1023 762 1050 molem
777 1023 923 1057 abstergat.

318 1068 402 1105 [liscc,
419 1069 516 1104 inquit,
534 1069 624 1104 praebe
645 1069 721 1101 mihi,
748 1068 823 1103 prius
848 1068 946 1095 anima:
969 1075 1063 1095 curam

281 1123 398 1151 gerens:
424 1120 505 1150 atque
525 1123 557 1142 CX
582 1115 673 1142 dCVlO'
685 1122 728 1142 me
748 1119 909 1147 convertas,
936 1117 966 1141 ut
988 1118 1062 1142 recta

282 1161 389 1196 gradiar
402 1159 468 1196 via.]

316 1207 342 1235 5.
355 1207 478 1234 Animam
497 1215 580 1234 meam
594 1206 727 1233 convertit.
741 1205 781 1233 Ex
797 1206 950 1241 captivitate
964 1205 1063 1234 diaboli

282 1251 400 1279 animam
422 1257 510 1278 meam
529 1250 562 1277 ad
579 1257 608 1277 se
622 1255 794 1284 convertens,
810 1251 844 1277 ad
865 1258 914 1278 sua
929 1256 1063 1286 praecepta

282 1297 394 1326 deduxit
410 1297 483 1324 illam
499 1304 533 1324 ex
549 1301 637 1324 morte
652 1296 685 1323 ad
706 1296 798 1323 vitam.
814 1295 862 1332 [Ut
874 1296 920 1331 qui
935 1296 999 1324 olim
1017 1304 1065 1324 ne-

282 1343 368 1378 glecta
383 1341 473 1369 anima
487 1349 536 1369 sua
553 1340 694 1374 defecerit,
709 1349 741 1368 ac
756 1349 803 1376 per
819 1346 998 1369 memoratum
1018 1342 1065 1369 de-

282 1388 346 1415 inde
369 1387 459 1415 cibum
485 1392 623 1414 recreatus
647 1386 694 1420 sit,
708 1394 822 1415 aversus
847 1392 874 1415 et
895 1388 1028 1416 abductus
1049 1395 1064 1415 a

281 1437 384 1466 morte,
399 1434 455 1459 ait:
467 1432 590 1473 Animam
612 1439 696 1458 meam
711 1432 836 1458 conuertit
852 1433 878 1459 in
895 1433 964 1459 aiam
982 1433 1064 1467 justi-

283 1480 337 1512 tiw,
350 1478 378 1505 in
399 1477 553 1513 evangelica
573 1478 676 1506 scilicet
698 1478 832 1514 dogmata.
848 1478 877 1506 Si
898 1479 1064 1506 ambularem

1113 884 1258 920 ὼραιότητι
1281 884 1348 914 πόας
1372 882 1562 917 κατεσκήνωσέ
1577 890 1627 916 με,
1653 881 1703 916 τὴν
1725 881 1824 916 νοητὴν
1835 881 1902 907 πόαν

1113 930 1203 966 φησιν.
1245 929 1309 956 Ἐπὶ
1331 928 1439 961 ὕδατος
1464 928 1663 960 ἀναπαύσεως
1686 927 1831 962 ἐξέθρεψέ
1854 935 1900 962 με.

1114 976 1205 1012 ’Υδωρ
1223 975 1403 1006 ἀναπαύσεως
1417 974 1524 1009 νοηθείη
1539 973 1572 1000 ἂν
1594 975 1624 1000 τὸ
1637 973 1684 1000 τοῦ
1700 974 1780 1008 ἁγίου
1804 974 1901 1008 βαπτί-

1114 1031 1232 1058 σματος,
1248 1022 1295 1049 ἆτε
1308 1021 1339 1056 δὴ
1356 1020 1386 1047 τὸ
1400 1021 1507 1055 φορτίον
1527 1019 1666 1054 ὲξαλεῖςρον
1680 1019 1734 1046 τῶν
1749 1020 1900 1055 ἁμαρτιῶν.

1150 1067 1253 1104 [Ταῦτα
1265 1066 1385 1101 παρέσχε
1395 1074 1450 1101 μοι,
1460 1065 1538 1100 φησὶ,
1548 1065 1677 1100 πρότερον
1689 1065 1737 1101 τῆς
1746 1065 1836 1100 ψυχῆς
1847 1066 1903 1091 ἑπι-

1115 1112 1252 1148 μεληϐεὶς,
1270 1112 1316 1138 καὶ
1326 1112 1358 1138 ὲκ
1371 1112 1420 1147 τῆς
1435 1111 1541 1143 ἀνοδίας
1552 1110 1717 1147 ἐπιστρέψας
1732 1110 1801 1146 πρὸς
1814 1111 1844 1136 τὸ
1854 1112 1902 1146 τὴν

1113 1159 1220 1186 εὐθεῖαν
1235 1159 1291 1186 ὁδὸν
1307 1158 1438 1194 bestiam]

1152 1206 1210 1240 Τὴν
1225 1205 1330 1240 ’ψυχήν
1340 1215 1399 1240 μου
1419 1206 1614 1240 ἐπέστρεψεν.
1639 1206 1686 1232 Ἐκ
1700 1205 1749 1241 τῆς
1764 1205 1901 1241 αἰχμαλω-

1115 1252 1174 1284 σίας
1187 1252 1233 1279 τοῦ
1246 1251 1369 1278 διαϐόλου
1383 1252 1549 1288 ἐπιστρέψας
1565 1252 1632 1288 πρὸς
1646 1252 1740 1278 ἑαυτὸν
1750 1252 1800 1286 τὴν
1813 1252 1901 1287 ψυχήν

1116 1307 1176 1334 μου,
1188 1299 1326 1335 ὡδήγησεν
1341 1299 1387 1325 ἐπὶ
1402 1298 1450 1330 τὰς
1464 1299 1574 1330 ἐντολὰς
1590 1298 1671 1326 αὐτοῦ
1687 1299 1719 1325 ἐκ
1731 1299 1848 1325 θανάτου
1863 1299 1900 1329 είς

1114 1346 1195 1382 ζωήν.
1213 1345 1274 1382 [Ὠς
1291 1345 1482 1381 παρεκλείπων
1496 1345 1579 1372 πάλαι
1591 1345 1640 1381 τὴν
1660 1345 1728 1372 ἰδίαν
1744 1345 1845 1380 ψυχὴν,
1858 1345 1900 1371 διὰ

1114 1392 1163 1426 τῆς
1189 1391 1335 1427 εἰρημένης
1353 1390 1456 1426 τροφῆς
1474 1390 1615 1417 ἀναλαϐὼν
1633 1391 1744 1424 ἑαυτὸν,
1767 1391 1816 1417 καὶ
1838 1391 1898 1416 ἐπι-

1116 1438 1237 1473 στρέφων
1263 1439 1294 1464 ὲκ
1316 1438 1446 1470 θανάτου,
1465 1438 1547 1473 φησί’
1569 1436 1628 1470 Τὴν
1653 1437 1759 1471 ψυχήν
1774 1445 1835 1471 μου
1851 1437 1898 1463 ἐπ-

1114 1484 1241 1518 έστρεψε
1256 1484 1304 1510 ἐπὶ
1325 1484 1442 1517 τρίϐους
1460 1483 1654 1516 δικαιοσύνης
1664 1491 1671 1498 ’
1687 1483 1720 1509 τὰ
1737 1482 1899 1516 εὐαγγελικὰ

282 1525 311 1551 in
330 1523 414 1551 medio
433 1524 533 1552 umbra:
555 1525 658 1558 mortis,
681 1525 758 1561 quasi
783 1525 891 1553 Patrem
912 1526 1061 1561 alloquens.

1123 1537 1181 1563 ρησι
1195 1527 1325 1563 δόγματα.
1340 1528 1406 1554 Ἐὰν
1418 1528 1552 1562 πορευθῶ
1564 1528 1691 1563 ἐνμέσῳ
1704 1527 1794 1561 σκιᾶς
1810 1528 1898 1555 θανά-

281 1569 374 1606 lpsum
399 1575 489 1598 autem
506 1570 645 1598 Christum
663 1575 742 1598 vocat
757 1571 861 1606 virgam
877 1571 996 1604 virtutis,
1010 1572 1065 1599 vir-

282 1625 343 1652 gam
359 1617 513 1652 gloriosam,
530 1623 557 1644 et
571 1618 673 1652 virgam
687 1618 889 1653 magnitudinis.
900 1618 976 1646 Sicut
990 1619 1064 1654 virga

281 1663 404 1698 corripit,
422 1663 459 1690 ita
480 1668 506 1690 et
526 1664 565 1690 vis
584 1663 752 1698 facultasque
784 1663 881 1699 agendi
909 1664 987 1692 docet
1009 1671 1064 1700 quo

282 1713 361 1743 pacto
374 1708 513 1736 moderate
524 1709 594 1736 mala
609 1708 753 1745 feramus]
766 1709 927 1745 Evangelica
942 1718 1006 1738 vero
1018 1711 1065 1738 do-

282 1758 371 1789 gmata
389 1754 502 1782 indicat.

320 1798 347 1825 4.
366 1798 446 1834 Virga
467 1804 513 1826 tua
533 1804 558 1826 et
581 1799 689 1826 baculus
715 1804 774 1827 tuus
799 1801 856 1835 ipsa
872 1809 911 1828 me
929 1801 1064 1828 consolata

283 1849 355 1871 sunt.
373 1844 461 1879 Ipsum
485 1845 524 1872 ait
535 1844 686 1872 Christum.
703 1844 736 1872 Et
751 1845 836 1873 illud:
858 1845 964 1881 Virgam
980 1846 1063 1873 virtu-

283 1889 317 1916 tis
331 1890 430 1916 emittet
442 1890 489 1917 tibi
502 1889 628 1917 Dominus
639 1898 671 1918 ex
682 1890 747 1918 Sion
756 1891 787 1917 “.
799 1891 842 1922 Et,
850 1891 922 1927 virga
936 1892 1062 1926 gloriosa,

282 1935 355 1971 virga
371 1935 490 1962 maxima
503 1935 535 1962 ".
551 1935 632 1971 Virga
653 1941 695 1964 est
706 1937 847 1974 erudiendi
868 1941 1004 1971 potestas;
1016 1937 1064 1965 ba-

282 1980 371 2013 culus,
384 1981 566 2015 patrocinium
578 1981 605 2008 in
625 1982 791 2010 consolando
804 1982 897 2010 situm.

322 2027 350 2054 5.
368 2025 545 2062 Impinguasti
566 2027 593 2053 in
617 2027 672 2054 oleo
704 2032 782 2061 caput
805 2036 899 2054 meum.
915 2027 948 2055 Et
963 2029 1014 2056 hoc
1026 2029 1064 2056 si-

283 2071 392 2106 gniﬁcat
408 2072 552 2106 mysticum
566 2072 696 2100 chrisma.
715 2071 750 2098 Et
765 2073 836 2100 cali:
855 2078 913 2100 tuus
930 2074 1063 2101 inebrians

282 2124 332 2143 me.
345 2115 464 2143 Rursum
477 2116 511 2143 de
524 2117 637 2152 mystica
649 2118 704 2152 agit
716 2117 818 2144 laetitia.
832 2117 865 2144 Et
883 2119 1063 2147 misericordia

283 2166 329 2187 tua
348 2159 518 2196 subuquetur
534 2169 573 2188 me
585 2161 704 2188 omnibus
726 2162 827 2188 diebus.
842 2161 909 2190 Nam
930 2165 975 2199 qui
991 2172 1059 2199 prae-

281 2206 353 2234 dicta
379 2206 470 2233 omnia
488 2207 560 2233 nacti
573 2212 647 2239 sunt,
664 2207 692 2234 in
714 2209 903 2236 misericordia
920 2209 964 2236 Dei
979 2211 1061 2245 positi
1079 2202 1100 2229 Ῐ)

281 2257 388 2285 semper
397 2255 486 2284 erunt,
504 2251 668 2286 insuperque
684 2253 844 2280 habitabunt
856 2254 883 2281 in
899 2254 980 2282 domo
991 2256 1060 2290 ejus.

315 2293 436 2329 [Puram
457 2295 484 2320 in
497 2300 634 2330 conspectu
651 2305 706 2324 meo
723 2305 848 2324 mensam.
871 2297 989 2326 Mensam
1004 2308 1062 2335 my-

281 2339 376 2367 sticam
398 2339 507 2374 indicat,
526 2341 615 2368 oleum
639 2349 705 2370 vero
727 2343 845 2371 chrisma
863 2345 1016 2380 mysticum,
1035 2350 1061 2373 et

281 2387 392 2415 calicem
407 2386 507 2415 ibidem
518 2388 674 2425 memorat.]

316 2529 340 2556 1.
356 2528 388 2555 In
400 2529 478 2564 ﬁnem
492 2528 662 2557 PSALMUS
673 2529 758 2557 David
775 2539 829 2558 una
841 2529 1024 2558 Sabbatorum.

615 2574 730 2602 XXIII.

573 2621 773 2656 Argumentum.

277 2664 376 2692 Daniel
390 2664 535 2692 Barbarus.
554 2665 704 2694 Ascensum
717 2665 824 2693 Domini
843 2673 962 2701 presens
984 2667 1058 2702 psal-

313 2718 373 2737 mus
382 2710 460 2738 nohis
470 2713 641 2745 praenuntiat,
652 2719 757 2738 necnon
769 2712 887 2746 gentium
897 2712 1057 2745 doctrinam,

311 2762 337 2784 et
348 2758 575 2791 quemadmodum
589 2757 692 2785 caelesti
706 2758 843 2786 domicilio
855 2759 971 2794 dignata:
983 2765 1056 2786 sunt.

311 2845 334 2861 “
346 2845 423 2873 Joau.
439 2853 457 2878 ι,
476 2847 516 2874 Β.
558 2846 579 2862 ⁸³
599 2847 670 2874 Psal.
687 2855 742 2882 cu,
760 2849 783 2877 3.
826 2850 848 2867 ⁵⁵
863 2850 917 2878 Jcr.
936 2860 1032 2882 ιιι-ιιι,
1052 2855 1092 2881 Π.

1116 1583 1180 1607 του,
1202 1575 1239 1606 ὡς
1265 1575 1332 1610 πρὸς
1354 1575 1398 1600 τὸν
1416 1574 1533 1610 Πατέρα.
1556 1574 1641 1601 Αὑτὸν
1661 1574 1689 1600 δὲ
1711 1574 1757 1600 τὸν
1782 1575 1899 1610 Χριστόν

1117 1629 1182 1655 φησι
1207 1620 1303 1656 ρἀδον
1325 1620 1483 1655 δυνάμεως,
1509 1619 1556 1647 καὶ
1581 1619 1677 1656 ῥάϐδον
1703 1620 1823 1655 εὐκλεῆ,
1855 1622 1900 1647 καὶ

1117 1665 1212 1700 ῥάϐδον
1231 1665 1422 1700 μεγαλότητος.
1434 1665 1540 1700 ’Ὠσπερ
1557 1664 1655 1699 ῥάϐδος
1682 1664 1814 1697 παιδεύει,
1829 1664 1898 1690 οὓτω

1116 1711 1162 1736 καὶ
1175 1710 1313 1746 πρακτικὴ
1329 1710 1521 1746 μετριοπαθεῖν
1535 1709 1712 1745 ὲκδιδάσκει.]
1729 1710 1769 1736 Τὰ
1782 1711 1899 1744 εὐαγγε-

1115 1755 1178 1782 λικά.
1194 1763 1259 1790 φησι
1273 1755 1404 1791 δόγματα.

1155 1801 1184 1828 Ἡ
1199 1799 1312 1834 ,ῥάϐδος
1327 1809 1384 1828 σου
1402 1801 1450 1828 καὶ
1472 1802 1491 1835 ἡ
1507 1801 1657 1835 ,βακτήρια
1678 1809 1747 1835 σου,
1767 1801 1846 1828 αὐτὰ
1865 1809 1901 1836 με

1114 1846 1336 1881 παρεκάλεσαν.
1358 1848 1444 1875 Αὐτὸν
1461 1848 1507 1874 τὸν
1528 1848 1645 1884 Χριστόν
1663 1857 1755 1882 φησιν.
1780 1848 1837 1874 Καὶ
1859 1848 1900 1874 τό*

1117 1892 1240 1920 Ῥάϐδον
1263 1892 1416 1927 δυνάμεως
1438 1892 1638 1925 ὲξαποστελεῖ
1664 1901 1713 1919 σοι
1738 1893 1848 1927 Κύριος
1870 1893 1901 1919 ἐκ

1114 1938 1198 1965 Σιών.
1210 1939 1264 1965 Καὶ
1273 1938 1385 1973 ῥάϐδος
1398 1939 1538 1973 εὐκλεὴς,
1547 1940 1595 1966 καὶ
1605 1938 1716 1972 ῥάϐδος
1731 1940 1900 1974 permulta-

1114 1992 1175 2017 τος.
1197 1984 1335 2020 Ῥἁὸδοςή
1358 1984 1518 2020 παιδευτικὴ
1539 1983 1670 2019 δύναμις·
1688 1984 1826 2019 βακτηρία
1842 1985 1869 2011 δὲ
1885 1986 1899 2019 ἡ

1113 2029 1157 2055 διὰ
1170 2029 1218 2064 τῆς
1235 2030 1430 2065 παρακλήσεως
1445 2030 1596 2065 ἀντίληψις.

1156 2075 1313 2108 Ἐλίπανας
1338 2076 1372 2103 ἑν
1395 2077 1486 2109 ἐλαίῳ
1508 2077 1566 2111 τὴν
1592 2076 1729 2112 κεφαλήν
1748 2086 1819 2111 μου.
1848 2077 1900 2103 Καὶ

1114 2120 1192 2147 τοῦτο
1207 2121 1237 2148 τὸ
1250 2122 1351 2157 χρισμα
1367 2122 1396 2148 τὺ
1411 2123 1550 2157 μυστικόν.
1567 2123 1622 2150 Καὶ
1636 2122 1670 2149 τὸ
1685 2121 1831 2155 ποτήριόν
1844 2131 1899 2149 σου

1111 2167 1264 2201 μεθύσκον
1277 2176 1325 2202 με.
1345 2168 1428 2194 Πάλιν
1441 2168 1490 2203 τὴν
1509 2169 1642 2205 μυστικὴν
1658 2168 1829 2204 εὐφροσύνην
1853 2177 1899 2203 φη-

1116 2213 1165 2239 σίν.
1186 2213 1241 2240 Καὶ
1258 2213 1290 2240 τὸ
1312 2214 1397 2246 ἔλεός
1415 2222 1472 2241 σου
1494 2214 1666 2247 καταδιώξει
1677 2223 1716 2250 με
1729 2214 1832 2247 πάσας
1849 2215 1899 2246 τὰς

1115 2258 1235 2293 ἡμέρας.
1257 2260 1288 2286 Οἱ
1309 2260 1362 2295 γὰρ
1377 2260 1432 2287 τῶν
1449 2260 1650 2296 προλεχθέντων
1670 2261 1798 2288 ἁπάντων
1816 2270 1898 2296 μετα-

1115 2305 1241 2337 λαϐόντες
1258 2306 1363 2333 ἔσονται
1383 2306 1527 2339 διαπαντὸς
1543 2308 1571 2334 ἐν
1591 2307 1629 2342 τῷ
1648 2307 1717 2333 ἐλέει
1738 2306 1786 2333 τοῦ
1813 2307 1897 2334 820'.)-

1115 2351 1162 2378 καὶ
1182 2352 1234 2387 μὴν
1248 2353 1295 2379 καὶ
1311 2355 1517 2390 κατοικήσουσιν
1530 2355 1559 2381 ὲν
1573 2354 1612 2390 τῷ
1628 2355 1694 2388 οἴκῳ
1708 2353 1800 2381 αὐτοῦ.

1149 2398 1340 2434 [ῊτοΙμασας
1356 2401 1484 2429 ἐνώπιόν
1497 2411 1557 2437 μου
1578 2402 1732 2437 τράπεζαν.
1752 2403 1899 2438 Τράπεζαν

1113 2445 1162 2480 τὴν
1181 2446 1313 2482 μυστικὴν
1326 2446 1415 2481 λέγει,
1430 2448 1476 2474 καὶ
1491 2449 1520 2475 τὸ
1533 2448 1622 2476 ἔλαιον
1635 2449 1666 2475 τὸ
1683 2449 1789 2484 χρίσμα
1804 2458 1898 2485 μυστι-

1114 2490 1171 2523 κδν,
1186 2492 1274 2518 καὶτὸ
1291 2493 1420 2528 ποτήριον
1436 2494 1532 2530 λέγει.]

1115 2537 1166 2568 Εὶς
1182 2535 1268 2569 τέλος
1286 2539 1438 2566 ΨΑΛΜΟΣ
1450 2539 1490 2572 τῷ
1500 2539 1590 2567 Δαυῒδ
1603 2540 1640 2574 τῇ
1651 2539 1706 2574 μιᾷ
1721 2539 1779 2567 τῶν
1790 2541 1898 2569 Σαϐϐά-

1425 2593 1494 2613 των.
1510 2587 1576 2614 Kl".

1416 2630 1575 2666 'X‘xdﬂsmc.

1114 2673 1167 2719 Τὴν
1182 2673 1314 2719 ᾀνάληψιν
1336 2675 1382 2702 τοῦ
1400 2677 1502 2713 Κυρίου
1521 2680 1536 2706 ὁ
1560 2680 1655 2716 παρὼν
1672 2682 1738 2717 ἡμῖν
1767 2683 1895 2719 κηρύττει

1148 2717 1254 2754 ψαλμὸς
1275 2721 1320 2747 καὶ
1338 2721 1392 2749 τῶν
1411 2722 1496 2750 ὲθνῶν
1519 2725 1706 2753 διδασκαλίαν’
1727 2727 1785 2760 πῶς
1798 2717 1837 2756 γὰν
1853 2729 1894 2756 καὶ

1147 2766 1222 2792 αὐτοὶ
1237 2766 1305 2799 ἄξιοι
1320 2767 1449 2802 γένωνται
1463 2770 1517 2799 τῶν
1534 2771 1702 2807 ἐπουρανίων
1716 2774 1836 2809 σκηνῶν.
