1938 3053
92 174 134 200 Ml
626 169 811 198 EXPOSlTlO
828 169 862 197 ΙΝ
881 169 1045 197 PSALMUM
1064 169 1156 196 XXIH.
1639 169 1696 198 «ΗΞ

123 232 244 259 Psalmus
257 235 346 258 autem
361 230 405 257 hic
419 229 610 257 consecutione
627 229 744 264 quadam
759 228 890 256 vicesimo
905 228 1024 255 secundo
1039 228 1157 262 praponi
1173 226 1288 254 debebat
1302 236 1307 253 :
1327 230 1368 254 est
1381 226 1452 253 enim
1468 227 1502 254 ad
1518 234 1613 255 eorum
1626 236 1695 256 con-

91 279 245 306 solationem
262 276 359 309 lactus,
377 277 423 311 qui
441 276 468 303 in
485 275 642 303 servitutem
661 275 836 311 Babyloniam
858 275 1079 308 adducebantur;
1096 275 1140 302 ille
1161 279 1250 301 autem
1267 274 1301 302 ad
1315 280 1362 301 eos
1377 273 1465 301 dictus
1482 279 1523 302 est
1541 277 1588 310 qui
1608 277 1643 304 ab
1661 285 1695 305 ea

91 325 289 354 reducebantur.
311 323 411 351 V'erum
425 323 670 359 (quemadmodum
690 323 768 350 initio
780 323 917 356 diximus)
933 330 987 349 non
1013 322 1159 349 ordinatim
1183 321 1263 356 positi
1279 321 1376 356 psalmi
1392 326 1466 357 sunt,
1483 324 1530 351 sed
1545 329 1575 352 ut
1592 325 1693 353 inventi

91 371 238 399 sum-Cum
256 371 355 398 videret
372 378 436 405 ergo
453 371 547 398 beatus
559 369 642 397 David
655 371 773 405 graviter
789 370 901 398 alliictos
916 378 963 397 eos
974 370 1022 407 qui
1036 370 1134 404 captivi
1148 369 1326 402 ducebantur,
1337 374 1477 404 propterea
1490 371 1562 406 quod
1576 373 1693 408 patrium

91 418 171 445 solum
185 423 210 444 et
226 416 363 452 proprium
379 416 508 451 templum
523 416 722 450 relinquebant,
738 416 844 450 longius
859 421 981 450 repetens
999 416 1072 450 ipsos
1088 415 1244 443 consolatur
1264 415 1376 443 dicens:
1394 415 1432 444 Ne
1451 424 1522 452 aegre
1540 416 1631 445 feratis
1643 418 1695 446 Ba.

91 466 181 500 bylona
195 475 201 492 :
216 472 278 492 nam
291 465 313 492 si
329 465 441 492 honeste
457 469 554 492 etcum
568 464 666 491 virtute
681 464 811 496 vixeritis,
824 469 852 492 et
864 464 984 492 studiose
997 464 1083 491 bonos
1094 471 1183 491 mores
1193 463 1254 491 vitae
1265 463 1454 498 quaesiveritis,
1465 464 1501 492 ibi
1514 465 1595 494 etiam
1609 465 1693 494 Deum

92 508 235 544 invenietis,
256 511 476 546 quandoquidem
493 510 584 537 omnia
597 518 645 538 sua
661 515 734 542 sunt,
749 515 777 538 ct
791 511 816 538 in
835 519 915 538 manu
929 511 988 545 ejus
1004 514 1068 538 sunt
1080 517 1175 537 omnes
1192 509 1259 537 lines
1273 515 1360 537 terrae.

124 558 175 585 Τοῦ
195 559 304 592 Κυρίου
323 559 343 592 ἡ
365 558 402 592 γῆ
421 557 516 584 καὶτὸ
531 557 673 591 πλήοωμα
692 557 795 591 αὐτῆς.
810 558 860 593 Τὴν

951 557 1056 584 Domini
1070 562 1108 584 est
1125 561 1195 583 terra
1204 561 1228 584 et
1242 557 1375 591 plenitudo
1391 558 1458 592 ejus.
1473 558 1551 586 Hisce
1566 558 1694 594 praedicat

92 602 219 637 βασιλείαν
236 603 270 638 ἣν
295 603 451 633 ἐϐασίλευσε
473 602 527 630 τῶν
551 602 635 629 ἐθνῶν
659 603 829 638 ἐπιδημήσας
846 605 864 630 .ὁ

93 649 229 684 μονογενὴς
249 649 297 675 τοῦ
313 649 380 676 Θεοῦ
395 649 480 682 Λόγος
491 668 498 680 ,
521 647 564 674 διὰ
585 647 638 674 τῶν
653 649 792 683 παρόντων
814 657 862 684 κη-

92 694 181 728 pit-25:.

120 741 211 773 Αὐτὸς
225 741 278 767 ἐπὶ
297 740 459 768 θαλασσῶν
475 742 671 776 ἑθεμελὶωσεν
689 741 793 775 αὐτήν.
806 742 864 768 Ἲνα

90 787 123 820 μή
136 795 174 818 τις
190 786 243 812 τῶν
260 786 366 822 ἐχθρῶν
378 787 441 822 δόξῃ
459 785 528 813 εἶναι
546 788 594 823 μὲν
609 788 657 823 τὴν
675 789 725 823 γῆν
745 787 792 814 τοῦ
810 788 862 814 Σα-

87 832 158 864 τανᾶ,
170 832 226 857 νυνὶ
243 831 276 857 δὲ
289 832 375 867 αὐτῆς
395 832 552 867 βασιλεῦσαι
567 834 612 860 τὸν
626 834 752 869 Χριστὸν,
768 833 862 860 τούτου

90 876 159 911 χάριν
175 877 218 903 τὸν
231 878 351 913 Χριστὸν
364 877 449 912 αὐτῆς
464 878 576 914 ποιητὴν
595 878 791 909 ἀποδείκνυσιν,
805 878 862 912 ἅμα

88 922 113 948 δὲ
124 923 165 949 καὶ
176 923 223 958 τὴν
245 923 362 958 δύναμιν
376 923 457 950 αὑτοῦ
471 923 546 959 δηλοῖ
558 943 566 956 ,
582 923 652 950 ὥστε
671 925 796 951 τοσοῦτον
815 924 862 959 μέ-

89 968 158 1001 γεθος
183 969 232 1003 τῆς
258 970 311 1005 γῆς
332 970 378 996 ἐπὶ
402 969 504 996 ὑδάτων
527 970 712 1007 στηριχθῆναι.
738 971 790 997 Καὶ
813 970 862 997 ἐπὶ

89 1013 215 1047 ποταμῶν
239 1014 405 1049 ἡτοίμασεν
437 1014 542 1048 αὑτήν.
572 1015 643 1042 Ἀντὶ
678 1015 746 1048 τοῦ,
776 1015 862 1042 διεκό-

87 1065 136 1093 σμη
141 1067 190 1086 τεν.

119 1103 190 1139 [Τότε
202 1105 256 1140 γὰρ
270 1105 352 1140 ἓδραν
366 1106 382 1141 ἡ
404 1105 550 1142 Ἐκκλησία
571 1107 713 1142 λαμϐάνει,
724 1107 787 1134 ὅταν
803 1116 862 1142 τρι-

87 1151 182 1184 κνμιῶν
198 1151 425 1187 προσϐαλουσῶν,
442 1153 565 1184 ἄσειστος
580 1152 705 1189 διαμείνῃ
729 1153 798 1179 κατὰ
813 1153 861 1188 τὴν

85 1196 185 1230 πίστιν,
198 1197 252 1224 Καὶ
267 1197 318 1223 ἐπὶ
337 1198 476 1232 ποταμῶν
487 1206 493 1212 ’
509 1198 578 1224 ὥστε
593 1199 639 1225 καὶ
658 1198 796 1233 ποταμοὺς
812 1199 861 1230 τὰς

914 610 1026 638 regnum
1040 602 1171 637 unigeniti
1187 602 1234 630 Dei
1248 602 1329 630 Verbi
1345 603 1372 630 in
1385 611 1480 631 omnes
1490 609 1593 639 gentes.

946 736 972 762 2.
986 735 1052 770 Jpse
1065 744 1141 770 super
1155 737 1239 764 maria
1255 738 1373 772 fundavit
1387 746 1456 766 eum.
1475 737 1514 766 Ne
1527 739 1588 774 quis
1601 746 1634 767 ex
1646 740 1692 768 ad-

912 783 1038 810 versariis
1051 787 1158 818 putaret
1172 788 1269 810 terram
1289 783 1395 811 Satanae
1409 792 1479 817 esse,
1490 784 1545 819 iam
1562 792 1626 812 vero
1640 785 1690 820 ipsi

911 829 1047 856 dominari
1057 829 1207 862 (lhristum,
1221 829 1301 864 hujus
1316 830 1401 863 gratia
1416 829 1554 858 Christum
1566 830 1624 865 ejus
1633 831 1691 865 opi-
1715 848 1720 851 ς

912 876 988 902 licem
1001 875 1131 907 declarat,
1147 880 1173 902 ct
1186 883 1239 903 una
1251 880 1413 910 potestatem
1426 876 1485 910 ejus
1497 876 1624 910 ostendit,
1637 869 1690 911 qu'a

913 926 1014 949 tantam
1032 927 1109 949 terrae
1119 922 1216 949 molem
1231 929 1315 956 super
1327 929 1413 957 aquas
1429 921 1559 949 fundavit.
1568 921 1602 948 Et
1615 915 1691 956 supe'r

911 967 1022 1001 ﬂumina
1035 968 1192 1001 prwparovil
1203 975 1271 994 eum.
1283 968 1311 995 Id
1318 971 1371 1000 cst,
1384 967 1567 995 concinnavit.

946 1104 1118 1149 [Tuncenim
1144 1114 1248 1134 .cc.csia
1261 1107 1546 1143 soliditatemaccipit,
1560 1115 1622 1136 cum
1637 1107 1688 1135 llu-

911 1150 999 1178 ctibus
1018 1159 1051 1178 ac
1064 1153 1270 1186 tempestatibus
1294 1153 1415 1188 impetita
1435 1153 1583 1181 immobilis
1595 1153 1623 1180 in
1636 1153 1690 1180 lida

911 1203 1080 1232 perseverat:
1098 1198 1131 1224 Et
1140 1206 1222 1232 super
1231 1199 1361 1233 ﬂumina;
1377 1199 1413 1226 ita
1428 1203 1459 1226 ut
1472 1199 1530 1226 sine
1545 1199 1622 1227 obice
1637 1199 1689 1226 llu-

87 1241 206 1274 διεξόδους
219 1243 367 1275 ἀκωλύτως
382 1244 524 1276 ποιεῖσθαι,
536 1244 586 1280 ὅρη
599 1253 629 1270 τε
646 1245 692 1271 καὶ
705 1244 773 1279 ἄλση
788 1245 860 1280 ςωῆς

922 1242 984 1270 nina
994 1243 1082 1271 exitus
1098 1244 1244 1279 reperiant,
1257 1250 1364 1272 montes
1381 1249 1408 1272 et
1420 1245 1494 1272 silva
1515 1245 1549 1272 ab
1566 1245 1690 1272 animan-

87 1288 261 1323 ἀπονέμεσθαι
275 1310 282 1320 ,
302 1289 392 1324 χώρας
415 1290 461 1316 καὶ
486 1290 611 1321 πεδιάδας
637 1290 676 1321 εἰς
700 1290 787 1321 οίκίας
812 1291 858 1317 καὶ

84 1333 211 1367 γεωργίας
226 1333 380 1369 ἀνθρώποις
396 1334 572 1370 ἀφωρίσθαι.]

119 1377 163 1409 Τίς
183 1377 367 1410 ἀναϐήσεται
395 1379 438 1411 είς
459 1378 491 1405 τό
514 1378 582 1412 ὄρος
601 1379 654 1405 τοῦ
678 1380 786 1413 Κυρίου
805 1379 859 1415 (8);

84 1421 155 1449 Μετὰ
169 1422 198 1448 τὺ
210 1423 339 1449 ἐκθέσθαι
353 1423 402 1459 τὴν
415 1424 515 1455 πίστιν,
531 1425 577 1451 καὶ
589 1424 675 1460 ἔργων
689 1425 861 1457 διδασκαλίας

87 1467 222 1502 ιξηγεῖται,
236 1469 281 1495 ἵνα
298 1469 330 1495 δι’
345 1470 506 1505 ἀμφοτέρων
520 1470 570 1504 τῆς
584 1470 668 1502 ὅντως
681 1471 860 1507 κληρονομίας

87 1511 247 1548 ἱπιτύχωμεν
263 1513 290 1540 οἱ
306 1513 458 1545 ἀκούοντες,

124 1557 218 1590 Ὰθῶος
232 1558 321 1592 χερσὶ
332 1559 381 1585 καὶ
392 1559 520 1593 καθαρὸς
532 1559 570 1593 τῇ
585 1559 700 1594 καρδίᾳ.
716 1561 782 1596 Περὶ
799 1561 860 1588 τού-

87 1609 127 1627 του
141 1603 242 1638 εἴρηται
262 1604 294 1630 ὲν
313 1603 352 1638 τῷ
371 1605 654 1640 τεσσαρεσκαιδεκάτῳ
676 1605 784 1641 ψαλμῷ.
809 1607 860 1639 Ὃς

84 1648 135 1674 οὐκ
149 1648 253 1676 ἔλαϐεν
271 1649 322 1675 ἐπὶ
341 1650 454 1683 ματαίῳ
474 1649 531 1684 τὴν
554 1650 660 1686 ψυχὴν
674 1651 777 1678 αὑτοῦ.
799 1652 859 1678 Μα-

87 1693 185 1720 ταίωσιν
198 1695 245 1730 τὴν
261 1695 485 1731 ὑψηλοφροσὺνην
506 1697 582 1732 φησι.
600 1697 656 1724 Καὶ
672 1698 727 1724 οὐκ
741 1697 860 1732 ὤμοσεν

86 1737 127 1765 ἐπὶ
141 1739 216 1773 δόλῳ
226 1740 266 1773 τῷ
281 1741 414 1774 πλησίον
432 1742 535 1768 αὑτοῦ.

118 1782 204 1818 οὗτος
221 1785 354 1819 λήψεται
375 1787 524 1820 εὐλογίαν.
540 1787 592 1813 Τὸν
611 1787 730 1814 τοιοῦτον
748 1789 860 1824 γενόμε-

87 1837 124 1855 νον
142 1830 225 1857 ἀθῶον
251 1831 333 1866 χερσὶ
355 1832 401 1858 καὶ
418 1831 535 1868 καθαρὸν
557 1834 590 1867 τῇ
613 1833 727 1869 καρδίᾳ,
750 1834 796 1860 καὶ
813 1835 858 1861 ἐπὶ

86 1875 144 1910 δόλῳ
157 1877 192 1912 μὴ
206 1877 346 1912 ὠμοκὰτα,
361 1877 528 1913 ὑπισχνεῖται
543 1878 592 1910 τὰς
605 1879 680 1914 παρὰ
695 1879 762 1905 Θεοῦ
778 1879 859 1915 ληψό-

87 1929 159 1956 μινον
167 1923 284 1958 δωρεὰς,
298 1923 357 1958 ἦτοι
369 1923 492 1957 εὐλογίαν
505 1924 552 1950 καὶ
566 1924 648 1956 ἔλεος.

116 2010 190 2044 Δῦτη
211 2011 230 2045 ἠ
258 2011 348 2045 γενεὰ
367 2011 532 2045 ζητούντων
559 2012 613 2039 τὸν
631 2014 748 2047 Κύριον.
772 2014 803 2040 Ἠ
826 2014 860 2042 τὰ

88 2056 260 2091 προειρημένα
275 2056 416 2091 φυλάξασα
429 2057 510 2091 γενεά
521 2066 612 2094 φησιν.

119 2100 213 2135 Ἄρατε
225 2103 340 2135 πύλας,
353 2103 379 2128 al
390 2101 543 2136 ἄρχοντες,
558 2103 649 2138 ὑμῶν.
661 2103 690 2130 Οἱ
706 2104 859 2131 διακονοῦν-

88 2152 126 2176 τες
137 2146 173 2181 τῷ
191 2147 298 2183 Σιντῆρι
312 2147 358 2174 ἐπὶ
374 2147 424 2182 γῆς
445 2148 554 2182 ἄγγελοι
569 2169 577 2180 ,
599 2149 857 2185 ἀναλαμϐανομένου

86 2189 175 2222 αὑτοῦ,
197 2193 256 2223 ταῖς
278 2192 416 2227 οὐρανίαις
440 2192 570 2228 δυνάμεσι
592 2193 717 2229 δηλοῦσιν
740 2195 859 2229 ἀνοίγειν

87 2233 129 2265 τὰς
142 2236 232 2268 πύλας.

118 2279 228 2316 [Κύριος
244 2284 384 2318 κραταιὸς
402 2284 450 2312 καὶ
465 2285 604 2318 δυνατός.
618 2284 771 2318 Ξενίζονται
786 2287 814 2313 δὲ
831 2288 858 2314 αἱ

88 2323 219 2362 δυνάμεις,
243 2330 344 2366 ὁρῶσαι
366 2331 434 2366 μετὰ
449 2331 548 2366 σαρκὸς
564 2331 644 2358 αὑτὸν
659 2331 858 2368 ἑμψυχωμένης

86 2368 166 2406 ψυχῆς
175 2375 279 2408 νοερᾶς.
292 2375 333 2402 διὸ
347 2376 392 2403 καὶ
408 2376 611 2412 πυνθάνονται.]

911 1289 983 1317 tibus
998 1289 1163 1322 incolantur,
1179 1291 1235 1326 agri
1249 1295 1275 1318 et
1289 1291 1412 1326 planities
1429 1291 1458 1318 in
1474 1291 1570 1318 domos
1581 1296 1607 1318 et
1617 1291 1690 1327 agri-

907 1335 1045 1363 culturam
1062 1336 1219 1364 hominibus
1235 1336 1422 1373 seponantur.]

945 1381 972 1410 ὅ,
994 1381 1059 1414 Quis
1083 1383 1204 1410 ascendet
1219 1384 1246 1410 in
1272 1388 1385 1410 montem
1400 1383 1528 1410 Domini?
1540 1383 1689 1419 Postquam

910 1423 988 1452 ﬁdem
1002 1425 1136 1460 exposuit,
1152 1425 1208 1460 jam
1220 1433 1333 1460 operum
1350 1426 1502 1454 doctrinam
1521 1431 1640 1460 enarrat,
1661 1433 1691 1455 ut

909 1474 1043 1505 quotquot
1071 1471 1236 1499 audierimus
1264 1475 1291 1498 ct
1317 1472 1612 1506 obtemperaverimus,
1640 1480 1689 1508 per

911 1521 1063 1551 utramque,
1079 1524 1170 1543 veram
1183 1517 1366 1544 hereditatem
1381 1518 1584 1546 nanciscamur.

943 1562 970 1589 4.
987 1561 1115 1589 Innocem
1132 1563 1251 1590 manibus
1274 1568 1298 1590 et
1314 1564 1411 1590 mundo
1430 1563 1517 1590 corde.
1539 1562 1595 1591 Hac
1614 1564 1647 1592 de
1660 1571 1690 1592 η

909 1607 1010 1634 dictum
1024 1607 1073 1635 fuit
1086 1608 1112 1635 in
1125 1608 1229 1636 decimo
1245 1613 1344 1644 quarto
1357 1610 1472 1644 psalmo.
1493 1609 1544 1642 Qui
1557 1618 1607 1637 non
1621 1619 1691 1640 acce-

909 1650 947 1684 pit
965 1650 992 1677 in
1006 1659 1072 1677 vane
1087 1652 1203 1678 animum
1223 1661 1308 1681 suam.
1322 1653 1486 1687 Vanitatem,
1502 1653 1528 1681 id
1542 1660 1583 1682 est
1592 1663 1689 1690 super-

910 1696 992 1724 biam.
1010 1697 1066 1725 Nec
1075 1699 1176 1733 juravit
1195 1700 1222 1726 in
1237 1699 1297 1727 dolo
1309 1701 1428 1734 proxima
1444 1708 1503 1728 suo.

944 1783 970 1810 5.
983 1783 1032 1811 llic
1045 1785 1153 1819 accipiet
1168 1785 1371 1813 benedictionem
1385 1796 1401 1814 α
1410 1787 1532 1821 Domino,
1546 1792 1598 1816 etc.
1610 1788 1691 1823 Ejus.

910 1830 982 1856 modi
996 1830 1131 1858 hominem
1150 1831 1196 1866 qui
1210 1831 1292 1859 fuerit
1312 1832 1443 1861 innocens
1459 1833 1596 1868 manibus,
1609 1834 1691 1862 cordo

910 1875 1038 1908 mundus,
1053 1883 1103 1903 nec
1124 1883 1185 1903 cum
1210 1876 1423 1911 dolojuraverit,
1444 1878 1586 1913 pollicetur
1603 1886 1618 1906 a
1635 1878 1690 1908 Deo

874 1912 895 1941 (ἶ
911 1919 990 1946 donis
1011 1921 1367 1959 remunerandumhscilicet
1392 1912 1579 1950 benedictione
1593 1928 1620 1950 et
1640 1925 1691 1952 Illi.

911 1963 1068 1991 sericordia.

947 2009 974 2036 6.
989 2008 1052 2036 Haec
1066 2014 1105 2036 est
1120 2011 1251 2045 generatio
1264 2012 1436 2046 qumrentium
1455 2012 1608 2042 Dominum.
1625 2014 1690 2048 Quae

910 2054 1012 2082 scilicet
1026 2055 1107 2089 prius-
1115 2061 1264 2084 memorata
1274 2057 1400 2084 observat

945 2099 970 2127 7.
986 2100 1104 2128 A‘ttollite
1120 2096 1220 2136 portui,
1239 2103 1378 2138 principes,
1395 2110 1503 2132 vestros.
1516 2106 1610 2142 Angeli
1628 2106 1689 2134 εει-

909 2147 1011 2174 vatoris
1031 2147 1059 2174 in
1079 2151 1148 2175 terra
1162 2148 1325 2182 administri,
1341 2150 1401 2185 ipso
1415 2151 1590 2183 ascendente,
1608 2153 1689 2181 coele-

909 2191 996 2219 stibus
1007 2192 1152 2220 virtutibus
1168 2193 1327 2222 denuntiant
1338 2199 1368 2222 ut
1377 2200 1470 2230 portas
1484 2197 1619 2232 aperiant.

945 2279 1084 2315 [Dominus
1114 2280 1191 2314 forti:
1221 2285 1246 2308 et
1267 2286 1368 2316 potens.
1395 2281 1512 2318 Stupore
1537 2283 1691 2312 adiciuntur

907 2331 1139 2362 potestates,cum
1155 2329 1246 2357 vident
1268 2330 1344 2357 illum
1366 2331 1394 2358 in
1412 2339 1494 2359 carne
1516 2339 1576 2359 cum
1599 2333 1690 2360 anima

909 2372 1075 2409 intelligendi
1096 2374 1120 2401 vi
1142 2375 1272 2410 pradita;
1296 2384 1356 2411 qua:
1376 2385 1458 2405 causa
1485 2382 1526 2406 est
1543 2382 1572 2405 ut
1597 2378 1691 2406 scisci-

909 2419 1021 2456 lentum]

945 2465 970 2492 8.
987 2465 1052 2498 Quis
1069 2471 1107 2493 est
1128 2467 1176 2494 iste
1189 2475 1235 2494 rex
1246 2468 1360 2503 gloria?
1376 2468 1545 2504 lnterrogant
1567 2477 1690 2504 supernas

908 2511 1031 2544 virtutes,
1047 2513 1257 2541 admirabilitate
1273 2514 1433 2542 oeconomiae
1453 2515 1618 2550 stupefactae.
1635 2515 1690 2542 Do-

120 2468 163 2500 Τίς
179 2468 263 2495 ἐστιν
277 2467 364 2502 οὖτος
376 2471 392 2496 ὁ
410 2470 558 2502 βασιλεὺς
578 2469 633 2504 τῆς
645 2469 756 2503 δόξης;
775 2469 859 2504 Ἐρω-

88 2511 161 2539 ξτῶσιν
172 2514 198 2540 αἱ
211 2514 267 2540 ἄνω
284 2513 420 2549 δυνάμεις,
435 2514 465 2540 τὸ
479 2513 627 2550 παράδοξον
640 2514 689 2549 τῆς
703 2512 858 2548 οἰκονομίας

88 2557 297 2593 ὶκπληττόμεναι.
312 2560 417 2593 Κύριος
430 2559 489 2586 τῶν
504 2559 658 2594 δυνάμεων
672 2558 761 2590 αὑτός
771 2558 858 2584 ἐστιν

922 2558 994 2585 minus
1009 2559 1133 2586 virtutum
1152 2560 1206 2595 ipse
1215 2564 1253 2586 est
1269 2568 1314 2587 rex
1323 2560 1423 2595 gloria.
1436 2559 1487 2594 Qui
1502 2568 1564 2588 cum
1580 2560 1689 2588 Christo

87 2603 103 2628 δ
118 2603 258 2638 βασιλεὺς
277 2604 329 2638 τῆς
350 2604 452 2638 δόξης.
472 2603 688 2639 Μυσταγωγοῦσι
715 2603 777 2634 τοὺς
798 2602 854 2629 ἄνω

925 2605 1096 2637 scenderunt,
1113 2613 1160 2633 eos
1183 2606 1230 2641 qui
1253 2606 1280 2632 in
1302 2606 1372 2634 coelo
1395 2612 1473 2633 erant
1492 2606 1603 2642 angelos
1622 2606 1687 2633 edo-

88 2647 109 2672 οῑ
123 2648 166 2675 σὺν
181 2650 253 2686 αὐτῷ
271 2650 423 2682 ἀνελθόντες
438 2650 548 2684 ἄγγελοι
568 2650 598 2676 τὸ
614 2649 769 2685 μυστήριον,
785 2648 826 2674 ὃτι
839 2648 853 2674 ὁ

922 2655 968 2678 ent
986 2651 1236 2686 mysterium,quod
1250 2652 1352 2680 scilicet
1366 2652 1412 2687 qui
1424 2651 1581 2687 spirituales
1595 2651 1686 2682 hostes

89 2696 268 2730 καταπατήσας
282 2697 342 2728 τοὺς
360 2696 473 2731 ἐχθροὺς
496 2696 559 2727 τοὺς
581 2695 692 2730 νοητοὺς
713 2694 851 2729 δηλονότι,

922 2697 1074 2724 onculcavit
1088 2698 1144 2732 ipse
1158 2698 1193 2725 sit
1209 2706 1253 2726 rex
1272 2699 1372 2734 gloriae.

87 2736 159 2770 aia-:6;
169 2740 239 2767 ἐστιν
253 2741 268 2767 ὁ
282 2742 334 2768 τῶν
348 2741 486 2769 δυνάμεων
499 2741 607 2776 Κύριος,

121 2861 155 2897 (8)
174 2862 295 2892 Ambros.
322 2865 414 2894 addit:
442 2866 554 2902 Εἴρηται
581 2867 643 2903 περὶ
668 2865 769 2893 τούτων
790 2866 818 2893 ἂν
846 2873 860 2892 τ

922 2868 930 2888 ζ’
946 2864 1055 2900 ψαλμῷ.
