1938 3053
261 155 312 186 ΗΞ

417 217 442 244 1.
463 217 630 246 PSALMUS
644 217 737 245 David.
755 218 862 246 XXIV.

550 264 746 299 Argumentum.

258 310 286 338 in
303 310 428 345 prtesenti
453 310 558 345 psalmo
584 309 728 345 cujuslibet
752 317 845 338 eorum
874 311 920 346 qui
946 313 1032 340 vocati

291 359 356 384 sunt
377 363 493 391 persona
512 355 666 383 inducitur:
683 362 777 383 eorum
798 356 901 384 scilicet
919 358 965 392 qui
980 365 1033 385 una

292 401 371 429 electi
397 406 461 429 sunt
480 405 510 428 ut
530 401 564 429 ad
580 401 746 436 spiritualem
767 401 849 428 vitam
872 401 1030 437 dirigantur.

294 447 357 475 Haec
377 455 459 482 porro
480 448 561 475 verba
580 452 698 482 tempore
713 447 836 482 martyrii
855 447 968 475 recitatu
982 455 1032 484 op-

291 498 408 530 portuna
418 498 491 521 sunt.

290 541 332 568 Ad
346 546 380 574 te,
395 541 515 573 Domine,
530 540 611 567 levavi
627 540 743 567 animam
755 547 848 568 meam.
864 540 986 576 Ceujam
998 541 1032 569 ab

256 586 409 614 idololatria
422 585 510 613 aversi
531 584 690 620 loquuntur.

290 633 318 659 3.
334 631 424 667 Neque
435 631 563 658 irrideant
577 639 617 658 me
631 631 730 657 inimici
747 631 805 658 mei.
821 629 981 666 Spirituales
992 631 1031 658 vi-

255 678 362 706 delicet.
764 697 769 702 .

289 723 389 757 Adjicit
401 721 494 748 Daniel
501 721 651 748 Barbarus:
660 719 824 748 Exsecrandi
832 725 859 748 et
869 721 967 756 impuri
981 721 1031 748 da:-

254 775 360 801 mones,
373 767 497 795 diabolus
511 774 572 794 cum
584 766 673 800 impiis
684 766 847 794 hominibus.
864 765 927 794 Haec
940 771 1029 794 autem

254 814 320 842 dicit
333 820 395 841 cum
407 812 478 840 forte
496 812 642 847 pra=videat
655 811 756 839 Christi
768 812 962 840 humanitatem
977 812 1030 847 (in-

253 860 460 895 carnationem),
473 863 616 894 postquam
626 859 798 886 inimicorum
816 859 887 887 risus
901 860 1024 888 cessavit.

290 907 404 945 [iniquis
417 906 495 942 quasi
509 906 619 940 iniquus
633 905 721 934 factus
731 912 802 933 sum.
812 904 874 932 llaec
886 906 958 933 enim
976 905 1027 932 ini-

253 955 344 990 quitus
357 960 410 980 non
423 951 524 979 frustra
536 950 611 987 fuit]

289 999 392 1027 Etenim
410 998 522 1025 universi
538 998 583 1032 qui
600 997 727 1024 sustinent
747 1002 782 1031 te,
802 1005 852 1024 non
870 997 1030 1031 confunden-

254 1052 306 1074 tur.
326 1044 455 1079 Exemplo
471 1051 565 1071 eorum
590 1042 636 1077 qui
650 1042 703 1077 iam
723 1048 785 1070 ante
806 1043 833 1070 in
857 1042 911 1070 Deo
934 1042 1029 1070 conﬁsi

253 1092 373 1119 illustres
392 1089 457 1117 facti
481 1092 558 1121 sunt,
574 1087 637 1123 quia
659 1087 786 1115 tiduciam
810 1087 900 1120 habet,
916 1087 1030 1114 aﬂirmat

252 1137 373 1166 futurum
398 1143 473 1167 esse,
492 1139 522 1161 ut
541 1134 622 1168 quod.
633 1133 660 1160 in
683 1133 754 1161 votis
775 1137 818 1161 est
835 1137 1027 1167 consequatur.

253 1181 454 1217 Confundantur
468 1180 558 1213 iniqua
573 1183 675 1214 agentes
694 1186 861 1213 supervacue.
876 1177 939 1205 llaec
948 1179 981 1206 de
995 1178 1029 1206 iis

251 1227 382 1262 loquitur,
396 1225 442 1260 qui
454 1225 543 1252 adhuc
556 1223 690 1251 idolorum
704 1223 778 1250 cultu
793 1223 957 1251 detinentur.

288 1271 504 1308 [Confundantur
524 1269 614 1304 iniqua
639 1273 754 1303 agentes,
779 1269 813 1296 ab
834 1269 868 1296 iis
887 1269 935 1304 qui
951 1276 1027 1304 spem

251 1326 329 1346 suam
345 1318 372 1344 in
385 1317 438 1344 Deo
449 1318 691 1351 posuerunt,atque
701 1314 766 1341 clari
779 1314 865 1342 ctiecti
881 1319 954 1346 sunt.
963 1315 1027 1349 quia

252 1364 423 1392 conﬁdebant
447 1369 477 1389 se
499 1367 580 1396 posse
599 1364 692 1387 votum
715 1359 856 1394 consequi.
870 1359 922 1393 Qui
943 1364 1027 1395 agunt

251 1411 354 1446 inique,
371 1414 527 1443 supervacue
543 1406 613 1433 tirmi
628 1405 777 1433 consistere
798 1405 902 1432 volunt.
916 1405 978 1433 Haec
993 1406 1027 1434 de

250 1457 284 1485 iis
308 1456 445 1487 dicuntur,
458 1453 505 1481 oui
529 1452 618 1480 adhuc
641 1451 669 1478 in
696 1450 829 1478 idolorum
845 1451 917 1478 cultu
940 1452 1026 1480 oersi-

249 1500 347 1536 llunt.]

677 160 705 187 S.
726 159 910 188 ATHANASII
928 160 1002 189 OPP.
1024 162 1115 190 PARS
1134 162 1177 191 Ill.
1197 179 1231 184 —
1250 163 1452 192 EXEGETICA.

1811 169 1864 197 1H

1274 223 1426 250 ΨΛΛΜΟΣ
1443 223 1481 256 τῷ
1499 224 1595 251 Δαιντδ.
1617 226 1677 252 ΚΔ’.

1393 269 1553 302 Ὑπόθεσις.

1090 313 1133 339 Ἑν
1153 313 1192 348 τῷ
1215 313 1385 349 προκειμένῳ
1398 313 1498 349 ψαλμῷ
1517 315 1547 341 τὺ
1562 315 1675 342 ἑκάστου
1689 315 1745 343 τῶν
1767 318 1865 354 κεκλη-

1119 359 1206 393 μένων
1218 359 1371 394 εἰσφέρεται
1385 359 1528 394 πρόσωπον
1538 367 1545 374 ⁸
1559 360 1641 395 ἤγουν
1652 361 1741 388 αὐτῶν
1757 363 1813 389 τῶν
1826 363 1863 398 (9)

1117 405 1327 440 συνειλεγμένων
1340 406 1380 437 είς
1394 405 1444 440 τὴν
1458 407 1643 442 πνευματικὴν
1662 407 1864 435 ἀπευθύνεσθαι

1117 449 1198 486 ζωήν.
1223 451 1266 477 Ἐν
1293 451 1381 487 καιρῷ
1401 451 1429 478 δὲ
1452 451 1600 486 μαρτυρίου
1622 452 1731 479 λεκτέον
1753 453 1864 485 τούτους

1115 497 1178 528 τοὺς
1191 496 1294 531 λόγους.

1116 541 1193 575 Πρὸς
1205 541 1253 574 σὲ,
1266 542 1364 576 Κύριε,
1380 540 1437 577 ἦρα
1456 543 1513 577 τὴν
1526 543 1631 578 ψυχήν
1648 552 1718 578 μου.
1738 544 1782 576 Ὧς
1795 544 1864 571 ἀπο-

1082 587 1245 622 στραφέντες
1257 587 1308 622 ήδη
1322 587 1373 622 τῆς
1383 588 1602 625 είδωλολατρείας
1616 590 1707 624 φασίν.

1114 631 1197 666 Μηδὲ
1209 632 1499 668 καταωασὰτωσάν
1511 643 1571 669 μου
1583 636 1610 662 οι
1624 635 1734 669 ἐχθροί.
1753 636 1785 662 υἱ
1800 645 1864 671 νοη-

1080 677 1120 703 τοὶ
1135 677 1265 712 δηλονότι.

1121 723 1231 759 Ἐχθρὸς
1252 723 1280 750 δὲ
1300 725 1315 751 ὁ
1337 725 1459 757 διάϐολος
1481 725 1549 760 μετὰ
1565 724 1709 760 δαιμονίων
1734 726 1782 752 καὶ
1807 726 1863 753 τῶν

1079 767 1247 795 ἀσεϐούντων
1268 769 1428 805 ἀνθρώπων.
1453 769 1532 801 Ἴσως
1556 770 1584 796 δὲ
1611 771 1658 796 καὶ
1681 771 1787 805 προορᾷ
1814 769 1861 797 τοῦ

1080 813 1204 849 Σωτῆρος
1213 813 1261 849 τὴν
1273 815 1486 850 ὲνανθρώπησιν,
1504 815 1564 850 μεθ’
1579 815 1612 850 ἢν
1627 815 1740 842 καὶτῶν
1755 815 1863 852 ἐχθρῶν

1079 856 1214 884 πέπαυται
1233 857 1309 892 λόγος
1324 857 1441 894 [γέλως].

1113 901 1274 938 [Ἑγενήθην
1293 904 1349 935 τοῖς
1364 903 1474 938 ἀνόμοις
1496 905 1535 936 ὡς
1548 905 1656 939 ἄνομος.
1679 905 1751 940 Αὕτη
1772 906 1828 942 γὰρ
1844 908 1860 942 ἠ

1078 947 1174 983 ἀνομία
1186 948 1354 984 οὺδιακενῆς
1370 949 1500 985 ὲγένετο.]

1112 994 1165 1021 Kal
1181 995 1235 1029 γὰρ
1249 995 1358 1029 πάντες
1378 997 1404 1023 al
1417 996 1619 1030 ὑπομένοντάς
1635 1004 1672 1024 σε
1684 998 1720 1024 οὺ
1732 997 1776 1033 μὴ
1788 1007 1859 1026 κατ-

1077 1039 1290 1074 αισχυνθῶσιν.
1320 1041 1386 1067 Ἀπὸ
1405 1041 1458 1068 τῶν
1476 1041 1525 1077 ἤδη
1548 1042 1715 1069 πεποιθότων
1739 1044 1786 1070 ἐπὶ
1800 1045 1860 1080 θεῷ

1078 1085 1124 1111 καὶ
1151 1086 1302 1121 γενομένων
1325 1087 1474 1122 λαμπρῶν,
1497 1087 1542 1114 διὰ
1570 1088 1602 1114 τὸ
1624 1089 1672 1124 τὴν
1697 1090 1860 1125 πεποίθησιν

1077 1129 1147 1164 ἔχειν
1157 1131 1205 1165 τῆς
1215 1130 1296 1166 εὐχῆς
1308 1131 1506 1164 ὲπιτεύξασθαι,
1515 1132 1717 1167 διισχυρίζεται.
1726 1135 1859 1169 Αἰσχυν-

1077 1174 1214 1208 θήτωσαν
1238 1177 1265 1203 οι
1288 1177 1469 1211 ἁνομοῦντες
1488 1177 1637 1212 διακενῆς,
1669 1178 1761 1206 Ταῦτα
1793 1181 1860 1215 περὶ

1076 1221 1129 1248 τῶν
1142 1221 1191 1256 ήδη
1205 1223 1393 1257 κατεχομένων
1405 1223 1434 1250 ἐν
1450 1223 1654 1259 εἰδωλολατρείᾳ
1670 1224 1761 1258 φησίν.

1111 1266 1376 1302 [Αίσχυνθήτωσαν
1396 1269 1423 1295 οί
1441 1269 1639 1303 ἀνομοῦντες,
1657 1269 1711 1296 ἀπὸ
1731 1269 1786 1296 τῶν
1805 1270 1857 1306 ἤδη

1076 1311 1242 1339 πεποιθότων
1256 1312 1302 1339 επὶ
1312 1312 1371 1348 Θεῷ
1384 1314 1430 1340 καὶ
1443 1314 1595 1349 γενομένων
1610 1313 1753 1349 λαμπρῶν,
1769 1314 1819 1348 διὰ,
1829 1315 1858 1340 τὸ

1075 1357 1124 1392 τὴν
1135 1358 1294 1393 πεποίθησιν
1307 1358 1378 1394 ἔχειν
1391 1359 1440 1394 τῆς
1452 1359 1534 1394 εὐχῆς
1545 1358 1745 1391 ὲπιτεύξασθαι.
1770 1360 1857 1394 Ίσχυ-

1077 1403 1193 1438 ρίζονται
1214 1404 1239 1431 al
1262 1404 1424 1440 ὰνομοῦντες
1439 1404 1588 1438 διακενῆς.
1607 1404 1698 1431 Ταῦτα
1717 1405 1784 1440 περὶ
1801 1404 1858 1430 τῶν

1075 1448 1115 1475 ἔτι
1131 1450 1318 1486 κατεχομένων
1333 1451 1360 1478 ἐν
1375 1450 1603 1486 είδωλολατρείᾳ.]

285 1548 312 1575 4.
330 1546 392 1574 Via;
406 1550 476 1578 luas,
492 1543 609 1576 Domine,
622 1542 771 1569 demonstra
784 1541 857 1568 mihi.
867 1540 1026 1576 Evangelica

1115 1551 1169 1583 Τὰς
1185 1551 1273 1584 ὁδούς
1286 1558 1354 1585 σου,
1371 1552 1467 1586 Κύριε,
1482 1551 1627 1587 γνώρισόν
1640 1560 1701 1586 μοι.
1718 1551 1758 1578 Τὰ
1772 1552 1862 1586 εὑαγ·.

249 1595 375 1630 dogmata
395 1592 444 1619 ait.

285 1642 311 1669 5.
322 1640 412 1675 Dirige
424 1647 462 1666 me
478 1638 504 1665 in
518 1637 625 1665 veritate
641 1641 697 1663 tua.
712 1635 775 1663 Haec
791 1636 839 1670 ait,
855 1639 884 1663 ut
894 1636 941 1671 qui
956 1643 1025 1664 non-

248 1689 312 1716 dum
325 1687 358 1715 ad
372 1687 511 1715 veritatem
526 1683 679 1711 accesserit.
695 1682 730 1709 Et
746 1682 809 1709 doce
823 1690 872 1715 me,
887 1682 949 1717 quia
962 1687 990 1709 tu
999 1691 1025 1710 es

196 1729 199 1733 ’
248 1734 318 1762 Deus
345 1733 461 1760 salvator
484 1738 566 1758 meus.
590 1729 656 1757 Cum
678 1728 806 1764 pr0pheta
828 1728 866 1755 ita
881 1733 939 1756 oret
956 1735 988 1756 ac
1002 1728 1026 1755 si

248 1780 369 1808 nondum
389 1777 546 1814 cognoverit
565 1776 622 1803 vias
642 1774 760 1808 Domini,
775 1781 864 1807 neque
887 1774 1027 1802 edidicerit

248 1825 371 1853 itcedere
391 1823 417 1850 iu
440 1821 544 1850 semitis
560 1820 634 1856 ejus;
655 1820 771 1846 necdum
795 1819 914 1846 directus
934 1819 970 1846 sit
991 1819 1025 1846 ad

246 1869 387 1898 veritatem
414 1867 478 1900 Dei,
502 1873 552 1894 nec
572 1866 684 1893 edoctus
708 1865 741 1892 de
761 1864 816 1893 Deo
833 1870 863 1893 ut
878 1865 1024 1899 salvatore,

246 1916 309 1951 quis
325 1923 378 1942 non
393 1913 581 1942 rel‘ormidabit
591 1911 655 1939 illud
665 1921 675 1940 ι
685 1910 729 1939 Vw
738 1911 792 1938 illis
803 1911 848 1946 qui
859 1910 909 1938 sibi
919 1911 1024 1945 sapien—

247 1967 284 1989 tes
299 1966 322 1988 et
334 1960 437 1995 judicio
449 1967 496 1987 suo
509 1959 579 1986 docti
593 1963 653 1985 sunt
667 1958 706 1984 “l

283 2050 308 2076 7.
323 2048 426 2075 Delicta
438 2048 583 2083 juventutis
603 2054 666 2073 mete
684 2050 709 2073 et
725 2045 890 2080 ignorantia:
906 2052 976 2072 meas
992 2052 1023 2071 ne

245 2095 404 2122 memineris.
419 2093 589 2121 Juventutem
605 2092 745 2120 stultitiam
760 2091 807 2119 ait.
821 2091 918 2126 Aperta
932 2095 1022 2117 autem

245 2141 358 2169 stultitia
376 2145 434 2168 erat
454 2139 612 2167 idololatriae
629 2145 721 2166 eorum
734 2141 848 2172 tempus.
862 2136 921 2164 Alio
942 2136 1023 2164 modo

244 2194 292 2222 per
308 2187 404 2214 delicta
417 2185 568 2221 iuventutis
588 2191 620 2211 ea
635 2190 695 2218 quac
708 2183 734 2210 in
751 2182 868 2217 Egypto
879 2186 1020 2217 perpetra-

1076 1596 1170 1630 γελικὰ
1184 1597 1305 1632 δόγματα
1321 1605 1412 1633 φησιν.

1115 1642 1275 1677 Ὀδήγησόν
1284 1651 1322 1678 με
1333 1643 1381 1670 ἐπὶ
1400 1643 1456 1677 τὴν
1469 1642 1622 1677 ἀλήθειαν.
1641 1644 1685 1675 Ὠς
1703 1644 1769 1679 μηδὲ
1784 1644 1856 1679 φθά-

1075 1695 1123 1719 σας
1133 1688 1178 1714 ἐπὶ
1188 1687 1236 1723 τὴν
1246 1688 1372 1724 ἀλήθειαν
1386 1688 1469 1715 ταῦτά
1485 1697 1576 1724 φησιν.
1598 1689 1652 1715 Kal
1670 1689 1795 1721 δίδαξόν
1804 1698 1855 1724 με,

1075 1733 1117 1760 ὅτι
1129 1734 1168 1760 σὺ
1179 1732 1208 1760 ετ
1219 1735 1235 1760 ό
1254 1734 1325 1766 Θεὸς
1341 1735 1357 1761 ὀ
1373 1733 1474 1768 Σωτήρ
1485 1743 1554 1768 μου.
1567 1734 1620 1761 Τοῦ
1635 1735 1785 1769 προφήτου,
1803 1744 1856 1771 μη-

1073 1779 1145 1805 δέπω
1159 1779 1305 1812 ἐγνωκότος
1317 1779 1366 1810 τὰς
1382 1778 1458 1810 ὁδοὺς
1472 1779 1585 1815 Κυρίου,
1602 1779 1667 1815 μηδὲ
1681 1780 1857 1816 διδαχθέντος

1075 1823 1235 1858 πορεύεσθαι
1250 1823 1359 1858 τρίϐους
1375 1823 1458 1850 αὑτοῦ
1469 1844 1476 1855 ,
1492 1824 1539 1851 καὶ
1561 1824 1599 1856 ὼς
1623 1824 1736 1860 μηδέπω
1754 1824 1856 1860 ὁδηγη-

1074 1868 1164 1899 θέντος
1180 1869 1230 1894 ἐπί
1241 1868 1288 1903 τὴν
1303 1867 1428 1904 ἀλήθειαν
1443 1869 1487 1895 τοῦ
1504 1868 1581 1901 Θεοῦ,
1600 1870 1666 1905 μηδὲ
1681 1870 1855 1905 διδαχθέντος

1075 1914 1138 1948 περὶ
1151 1913 1217 1940 Θεοῦ
1232 1913 1269 1945 ὡς
1289 1913 1413 1949 Σωτῆρος
1423 1934 1430 1945 ,
1453 1914 1538 1946 οὕτως
1558 1915 1704 1950 εὐχομένου
1715 1936 1722 1948 ,
1746 1915 1788 1947 τίς
1803 1916 1856 1943 οὐκ

1074 1958 1284 1993 εὐλαϐηθήσεται
1303 1959 1334 1985 τὸ
1345 1978 1353 1990 ,
1371 1960 1443 1986 Οὐαὶ
1462 1961 1488 1986 al
1505 1960 1594 1994 σοφοὶ
1608 1961 1642 1987 ἐν
1654 1961 1785 1995 ἑαυτοῖς,
1803 1961 1856 1988 καὶ

1073 2002 1198 2030 ἐνώπιον
1213 2003 1310 2030 αὐτῶν
1321 2004 1532 2039 ἐπιστήμονες

1114 2049 1258 2084 Ἀμαρτίας
1282 2050 1420 2083 νεότητός
1435 2059 1494 2084 μου
1517 2051 1565 2078 καὶ
1589 2051 1712 2086 ἀγνοίας
1729 2061 1788 2087 μου
1808 2053 1854 2088 μὴ

1070 2094 1219 2129 μνησθῇς.
1233 2095 1355 2130 Νεότητα
1371 2097 1419 2131 τὴν
1431 2097 1586 2133 ἀφροσύνην
1599 2098 1689 2132 φησίν.
1700 2097 1854 2133 Ἀφροσὺνη

1071 2138 1099 2164 δὲ
1120 2138 1205 2173 σαφὴς
1227 2140 1241 2165 ὁ
1262 2139 1311 2174 τῆς
1325 2139 1544 2176 είδωλολατρείας
1564 2141 1654 2168 αὐτῶν
1673 2142 1776 2178 καιρός.
1796 2142 1855 2169 Καὶ

1072 2183 1158 2215 ἄλλως
1171 2184 1305 2220 ἁμαρτίας
1320 2184 1367 2212 τοῦ
1381 2185 1445 2212 λαοῦ
1460 2186 1508 2217 τὰς
1526 2187 1555 2213 ὲν
1569 2187 1712 2222 Αίγύπτῳ·
1729 2188 1777 2214 καὶ
1796 2188 1854 2224 γὰρ

244 2237 308 2260 runt
322 2232 466 2268 intelligit:
488 2239 550 2258 nam
564 2234 591 2258 et
605 2229 661 2257 illic
682 2229 815 2256 idolorum
832 2228 917 2256 cultui
936 2236 1019 2255 vaca.-

1089 2229 1312 2265 ἰδωλολάτρευσοιν
1331 2231 1398 2258 ἐκεῖ.
1414 2231 1459 2266 Μὴ
1473 2230 1518 2258 οὖν
1533 2231 1644 2258 ἐκείνων
1660 2233 1713 2258 τῶν
1726 2233 1855 2269 ἁμαρτη-

244 2282 318 2304 runt.
332 2277 371 2305 Ne
385 2278 474 2313 itaque
488 2276 646 2304 delictorum
662 2275 769 2302 illorum
783 2274 839 2309 jam
853 2274 1020 2306 memineris,

243 2325 293 2354 sed
308 2323 484 2352 humanitatis
497 2329 523 2350 ct
536 2321 727 2350 misericordiae
743 2328 796 2356 qua
812 2325 875 2348 tunc
888 2320 931 2348 vel
945 2321 1021 2355 igno-

243 2375 334 2399 rantes
350 2373 511 2405 prosecntus
528 2376 566 2396 es.
589 2367 700 2401 Propter
711 2366 852 2394 bonitatem
869 2370 952 2398 tuam,
967 2364 1021 2392 Do-

243 2417 321 2444 mine.
337 2414 396 2442 Non
409 2414 480 2442 enim
495 2421 560 2441 mea:
573 2412 721 2448 dignitatis,
739 2411 786 2439 sed
801 2415 854 2438 tua:
869 2409 1020 2445 benignita-

243 2462 279 2490 tis
293 2461 377 2496 gratia
391 2460 416 2487 id
432 2459 560 2494 consequi
575 2466 650 2494 rogo.

277 2506 303 2533 8.
318 2505 432 2540 Propter
445 2505 493 2532 hoc
512 2504 593 2539 legem
608 2503 680 2531 dabit
700 2503 909 2539 delinquentibus
923 2511 951 2530 m
964 2503 1014 2529 ria.

241 2550 406 2578 llluminabit
418 2554 583 2585 peccatores,
601 2549 727 2577 indicabit
743 2548 915 2583 peccantibus
932 2548 1014 2575 viam.

277 2595 320 2623 10.
337 2594 469 2622 Universte
483 2595 532 2622 vita
547 2594 653 2621 Domini
675 2593 855 2620 misericordia
869 2598 893 2620 et
907 2594 1013 2623 veritas,

240 2645 293 2668 ctc.
308 2640 376 2668 Nam
395 2641 443 2675 qui
465 2640 565 2668 divinis
581 2640 752 2668 sermonibus
767 2639 874 2667 assidue
891 2639 1015 2666 nutriun-

241 2691 295 2718 tur,
310 2690 435 2714 accurate
449 2686 573 2714 ediscunt
584 2694 678 2714 omnes
685 2685 834 2713 Salvatoris
845 2685 945 2712 Christi
959 2685 1015 2711 dis-

239 2732 412 2766 pensationes
446 2732 632 2761 misericordia
653 2736 680 2759 et
700 2731 814 2758 veritate
835 2737 895 2758 esse
915 2730 1016 2765 permi-

1073 2275 1164 2310 μάτων
1177 2276 1224 2302 νῦν
1239 2276 1369 2312 μνησθῇς,
1384 2277 1450 2303 ἀλλά
1464 2277 1513 2311 τῆς
1529 2277 1749 2313 φιλανθρωπίας,
1765 2279 1800 2305 δι’
1817 2277 1854 2315 ἦς

1072 2322 1117 2348 καὶ
1137 2322 1198 2348 τότε
1211 2322 1373 2356 ἀγνοοῦντας
1388 2323 1629 2359 ἐφιλανθρωπεύετο(
1660 2323 1706 2351 καὶ
1720 2324 1849 2359 ὴλέησας.

1073 2367 1194 2395 Ἕνεκεν
1209 2368 1263 2401 τῆς
1275 2369 1477 2402 χρηστότητός
1492 2376 1560 2400 σου,
1577 2369 1672 2402 Κύριε.
1689 2369 1725 2396 Οὐ
1740 2369 1794 2405 γὰρ
1806 2370 1852 2396 διὰ

1070 2413 1119 2447 τὴν
1146 2413 1213 2448 ὲμὴν
1237 2412 1332 2446 ἀξίαν,
1358 2413 1425 2440 ἀλλὰ
1448 2414 1492 2441 διὰ
1505 2414 1553 2450 τὴν
1572 2415 1621 2449 σὴν
1645 2414 1850 2450 φιλανθρωπίαν

1071 2457 1163 2484 τούτου
1177 2460 1266 2493 τυχεῖν
1285 2459 1407 2485 ἱκετεύω.

1104 2503 1154 2529 Διὰ
1167 2504 1255 2530 τοῦτο
1276 2504 1467 2538 νομοθετήσει
1483 2504 1705 2539 ἁμαρτανοντας
1727 2505 1763 2531 ὲν
1779 2505 1847 2537 ὀδῷ.

1067 2549 1180 2575 Φωτίσει
1197 2549 1388 2584 ἁμαρτωλούς·
1408 2550 1540 2582 omnes.
1553 2551 1755 2586 ἁμαρτάνουσιν
1778 2550 1846 2577 ὁδόν.

1103 2594 1199 2622 Πᾶσαι
1216 2597 1245 2622 al
1267 2595 1329 2622 ὁδοὶ
1350 2596 1459 2630 Κυρίου
1484 2597 1570 2630 ἕλεος
1593 2597 1641 2624 καὶ
1664 2597 1800 2631 ἀλήθεια.
1816 2597 1847 2623 Οἱ

1066 2639 1120 2675 γὰρ
1136 2640 1264 2675 διηνεκῶς
1286 2643 1342 2672 τοῖς
1366 2641 1446 2674 θείοις
1467 2642 1655 2678 ὲντρεφόμενοι
1671 2642 1759 2676 λόγοις
1781 2648 1847 2676 μαν-

1070 2685 1192 2712 θάνουσιν
1207 2686 1330 2721 ἀκριϐῶς
1348 2687 1380 2714 δι’
1395 2688 1519 2721 ἐκείνων,
1533 2688 1570 2719 ὡς
1588 2689 1672 2715 πᾶσαι
1688 2687 1734 2714 τοῦ
1756 2687 1848 2721 Σωκτῆ⁴

1069 2739 1114 2766 ρος
1128 2731 1244 2767 Χριστοῦ
1261 2732 1327 2759 Θεοῦ
1343 2733 1419 2768 ἡμῶν
1431 2734 1579 2769 οἰκονομίαι
1593 2734 1659 2769 ἐλέῳ
1672 2734 1719 2760 καὶ
1734 2732 1846 2768 ἀληθείᾳ

275 2786 457 2824 (9)ᾃΑιιψι·οε.
481 2789 514 2815 ad
526 2789 555 2816 lit
572 2788 707 2824 ἁπάντων.
733 2786 793 2814 Mox
809 2791 870 2821 post
885 2786 956 2821 ζωήν
980 2785 1034 2821 adji

1086 2809 1089 2820 ,
1112 2789 1143 2814 ὲκ
1166 2788 1309 2824 προσώπου
1326 2788 1353 2815 δὲ
1377 2785 1454 2820 οὗτος
1473 2789 1519 2816 τοῦ
1544 2789 1606 2816 λαοῦ
1632 2790 1731 2821 παντὸς
1751 2789 1846 2824 δεομέ-

238 2830 282 2849 νου
297 2822 345 2856 τῆς
357 2823 541 2857 αἱχμαλωπῐας
558 2822 752 2856 ἀπαλλαγῆναι.

274 2868 302 2898 ,⁸⁸
317 2867 368 2895 lsa.
386 2877 412 2902 γ,
426 2868 472 2897 2i.
