1938 3053
92 112 135 139 Ηὸ

619 109 797 137 EXPOSITIO
815 110 847 138 ΙΝ
867 109 1030 138 PSALMUM
1051 109 1132 137 XXV.

1628 109 1678 136 H6

93 166 287 201 συγκέκρανται·
318 166 372 196 τοῖς
402 165 456 200 γὰρ
487 165 715 200 μεταμελομένοις
743 168 785 201 ἐφ’
815 165 855 201 οἷς

927 175 970 194 ,as.
985 166 1052 194 Nam
1070 167 1103 194 iis
1124 173 1194 200 quos
1208 165 1366 192 delictorum
1388 163 1508 200 penitet,
1524 164 1680 192 misericor-

93 210 284 246 ἐπλημμέλησαν
297 209 342 236 τὸν
357 209 429 236 ἔλεον
444 209 490 236 καὶ
502 209 550 244 τὴν
563 210 726 246 συγγνώμην
740 212 831 248 ὀρέγει
842 222 848 229 ·

91 258 145 288 τοὺς
157 257 183 283 δὲ
197 256 341 291 ἀηττήτους
355 255 404 291 τῆς
421 255 520 290 ἀρετῆς
540 255 657 291 ἀθλητὰς
671 257 849 293 ἀνακηρύττει

92 304 132 330 καὶ
149 304 265 337 στεφανοί
286 303 333 329 σὺν
355 301 468 337 ἀληθείᾳ
482 302 530 337 τὴν
545 301 634 336 ψῆφον
648 302 771 338 ἐκφέρων
782 312 789 318 '
805 305 851 331 καὶ

92 349 171 384 μέντοι
186 348 230 376 καὶ
244 349 298 379 τοῖς
312 347 468 383 παρανομίᾳ
481 347 654 382 συνεζηκόσι,
671 348 717 374 καὶ
732 357 850 384 μεταμε-

91 395 142 430 λείᾳ
157 394 190 430 μὴ
203 393 380 429 χρησαμένοις
396 393 466 420 κατά
479 393 543 424 τοὺς
563 393 612 428 τῆς
627 392 754 428 ἀληθείας
772 395 850 430 ὅρους

91 440 200 474 ἐπιφέρει
214 439 261 471 τὰς
274 439 419 474 τιμωρίας.

123 494 180 530 [Kal
197 493 228 521 τὸ
246 494 364 528 σπέρμα
379 494 472 522 αὑτοῦ
494 496 713 530 κληρονομήσει
732 495 800 530 γῆν.
820 496 852 522 Δί

93 538 205 573 πράξεις,
227 539 325 574 φησὶν,
347 539 374 565 αἱ
396 539 539 573 γενόμεναι
566 538 689 574 πρόξενοι
713 539 786 574 αὐτῴ
806 540 852 566 τοῦ

92 584 274 620 κληρονομῆσαι
287 584 336 620 τὴν
345 584 442 620 νοητὴν
452 584 503 620 γῆν
512 586 686 621 ’γενήσονταί
700 594 731 620 γε
746 586 854 621 σπέρμα

91 628 136 654 τῶν
149 628 252 662 ἀγαθῶν
266 629 383 665 ἀνδρῶν,
407 629 439 655 δι’
456 626 494 656 ὧν
515 630 577 662 τοὺς
593 630 662 657 κατά
679 630 743 657 Θεὸν
758 639 855 665 γεννω-

93 673 176 708 μένους
190 674 279 708 φησίν.

125 730 294 764 Ἐπίϐλεψον
312 730 358 757 ἐπ’
378 730 438 765 ὲμέ.
460 731 505 757 Δεῖ
520 731 574 767 γὰρ
593 732 630 768 μὴ
653 732 765 764 ὑπτίους
788 731 856 760 εἶναι

92 775 131 801 καὶ
159 776 384 808 ἀναπεπτωκότας
398 796 405 808 ,
440 775 606 812 θαρροῦντας
641 778 680 813 τῷ
710 778 780 804 ἐλέει
809 778 856 805 τοῦ

91 821 163 892 :06,
181 821 246 849 ἀλλά
267 822 316 849 καὶ
336 823 409 858 ἡμᾶς
423 823 559 859 εἰσφέρειν
576 823 621 850 τὸν
643 824 686 851 διὰ
700 825 754 852 τῶν
771 824 858 860 ἔργων

95 880 100 891 ι
121 867 186 892 vom]

95 867 168 894 πόνον.
175 867 186 903 ]

903 214 974 241 diam
985 212 1061 239 oﬂ'ert
1071 215 1098 239 et
1110 211 1214 238 veniam
1230 219 1235 238 :
1251 210 1367 238 invictos
1377 206 1467 237 autem
1479 209 1587 237 virtutis
1598 209 1681 237 athle-

903 264 955 290 tas,
970 258 1087 285 victores
1103 255 1254 288 denuntiat,
1270 261 1297 283 et
1319 259 1432 283 coronat
1452 262 1514 282 cum
1528 256 1642 282 veritate
1654 260 1682 282 et

903 303 1028 339 aequitate
1049 302 1183 330 calculum
1196 301 1286 329 ferens
1299 310 1305 328 :
1319 308 1366 329 eos
1380 308 1444 329 vero
1463 301 1510 336 qui
1526 301 1554 328 in
1570 306 1682 336 peccato

903 350 986 377 vitam
1008 353 1132 384 egerunt,
1148 355 1235 382 neque
1254 347 1409 382 paenitentia
1433 347 1541 382 purgati
1557 351 1630 380 sunt,
1648 354 1682 374 ex

904 396 960 423 veri
973 399 1001 423 et
1016 395 1087 430 aequi
1102 395 1260 430 praescripto
1276 393 1417 429 suppliciis
1434 393 1524 421 allicit.

941 504 996 540 [15.
1008 504 1041 531 Et
1052 513 1137 531 semen
1151 504 1207 539 ejus
1219 504 1382 532 hamditabit
1394 509 1501 531 terram.
1513 504 1578 539 Ejus
1593 510 1684 538 opera,

907 551 1005 586 inquit,
1028 551 1054 578 in
1070 558 1152 578 causa
1170 555 1244 584 sunt,
1259 555 1289 578 ut
1300 551 1358 586 ipse
1373 551 1567 587 intelligibilem
1585 555 1685 578 terram

908 596 1063 624 haereditate
1087 596 1203 631 accipiat
1219 606 1225 623 :
1248 600 1329 624 erunt
1352 601 1441 624 autem
1454 617 1461 630 ,
1479 596 1578 631 inquit,
1593 604 1685 624 semen

908 642 978 678 frugi
993 642 1124 674 virorum,
1144 642 1244 678 quibus
1265 642 1388 677 intelligit
1409 649 1456 670 eos
1477 642 1523 678 qui
1537 642 1687 670 secundum

909 689 993 716 Deum
1009 687 1064 715 nati
1079 693 1153 716 sunt.

944 744 1051 780 Respice
1070 745 1098 772 in
1113 753 1163 772 me.
1179 744 1290 780 Oportet
1306 745 1377 772 enim
1398 752 1459 777 nos,
1476 744 1644 772 conﬁdentes
1662 744 1689 771 in

909 790 1097 819 misericordia
1111 789 1169 820 Dei.
1186 798 1239 818 non
1251 791 1365 826 supinos
1383 798 1444 819 esse
1456 795 1483 818 et
1495 791 1626 826 abjectos,
1642 790 1689 817 sed

910 839 992 866 etiam
1013 838 1144 872 laborem,
1158 839 1205 874 r{ui
1219 839 1246 866 in
1261 839 1373 873 agendis
1389 839 1519 873 occurrit,
1537 838 1690 876 exhibere]

121 935 157 964 l3.
173 937 263 964 Daniel
281 937 417 964 Barbarus
432 946 440 964 :
454 937 549 964 Anima
563 938 620 972 ejus
637 939 663 965 in
677 939 750 966 bonis
766 938 957 967 demorabitur.
975 938 1102 966 Actiones
1115 939 1167 965 illa!
1183 947 1243 974 quae
1253 939 1285 966 ad
1303 939 1509 968 intellectualem
1523 944 1621 967 terram
1635 940 1691 966 ha:-

92 979 244 1008 I'editandam
256 981 460 1010 conciliatrices
476 982 554 1010 facta:
568 983 679 1022 fuerint,
698 984 801 1012 semina
817 990 894 1013 terra:
909 986 974 1013 ﬁent
989 985 1123 1013 bonorum
1138 986 1203 1014 viris
1219 987 1273 1014 illis
1291 988 1338 1022 qui
1353 987 1501 1015 secundum
1514 986 1597 1013 Deum
1612 992 1691 1012 reno-

92 1025 218 1054 vabuntur.
246 1027 347 1063 Hujus,
363 1028 460 1063 inquit,
481 1036 575 1057 semen
593 1030 762 1059 hmrcditabit
778 1036 895 1066 terram;

90 1079 155 1100 SUOS.

914 1040 975 1060 nam
998 1033 1145 1068 perveniet,
1170 1034 1217 1066 ait,
1235 1034 1385 1062 benedictio
1409 1042 1496 1069 usque
1514 1034 1547 1061 ad
1568 1037 1692 1069 posteros

120 1131 287 1165 Kpatat'wpa
316 1131 422 1165 Κύριος
450 1131 508 1158 τῶν
537 1133 727 1167 φοϐουμένων
752 1135 861 1162 αὐτόν·

949 1136 993 1164 Η.
1006 1136 1216 1165 Firmamentum
1229 1142 1267 1165 est
1281 1137 1408 1164 Domitius
1424 1137 1573 1164 timentibus
1594 1144 1653 1163 eum
1668 1141 1693 1162 et

91 1174 131 1200 καὶ
151 1173 272 1209 διαθήκη
297 1176 389 1202 αὑτοῦ
408 1175 538 1210 δηλώσει
556 1178 676 1210 αὐτούς.
695 1178 728 1204 'H
749 1179 862 1214 εὐαγγε-

90 1220 152 1255 laxi}.
173 1220 204 1246 Τί
227 1221 255 1247 δὲ
279 1220 412 1256 δηλώσεις
433 1221 449 1257 ἢ
469 1221 518 1258 τὴν
541 1223 677 1258 σωτηρίας
699 1224 768 1251 ὁδόν.
785 1225 863 1251 Πᾶσα

90 1265 151 1301 γὰρ,
163 1266 242 1301 φησὶ,
262 1266 408 1302 νομοθεσία
429 1267 476 1293 τοῦ
491 1266 558 1293 θεοῦ
572 1268 640 1303 πρὸς
654 1267 732 1294 τοῦτο
752 1268 863 1303 βλέπει,

93 1309 150 1344 πρὸς
160 1310 189 1337 τὸ
202 1311 230 1337 ὲν
245 1311 398 1338 ἀπολαύσει
413 1312 476 1344 τοὺς
490 1312 608 1346 ἀγαθοὺς
620 1315 706 1340 ποιεῖν
721 1311 757 1340 ὧν
772 1315 864 1349 προεί-

92 1356 170 1383 λαντο.
183 1357 266 1384 Τοῦτο
279 1357 336 1393 γὰρ
349 1357 423 1392 λέγει
433 1365 439 1371 ·
453 1357 584 1391 Δηλώσει
605 1359 715 1392 αὐτοῖς,
731 1360 791 1386 ἀντὶ
807 1359 865 1393 τοῦ,

91 1403 115 1428 ὲν
125 1403 265 1430 ἀπολαύσει
279 1405 378 1436 αὐτοὺς
389 1405 554 1440 καταστήσει
566 1401 603 1431 ὧν
618 1406 785 1441 προείλαντο.

120 1449 152 1475 Al
177 1450 298 1483 θλίψεις
321 1450 374 1484 τῆς
394 1450 518 1484 καρδίας
535 1459 595 1485 μου
621 1452 864 1485 ἐπληθύνθησαν,

92 1493 202 1527 Πολλοῖς,
218 1495 304 1530 φησὶν
314 1515 321 1527 ,
335 1495 469 1530 ἀλγεινοῖς
483 1495 650 1530 πανταχόθεν
671 1497 867 1532 περιστοιχίζο-

93 1549 144 1574 μαι.
159 1542 263 1578 Ταύτην
284 1551 336 1578 μου
350 1543 438 1569 τοίνυν
453 1542 503 1578 τὴν
516 1543 680 1570 ταπείνωσιν
695 1543 740 1570 καὶ
754 1543 803 1579 τὴν
821 1552 867 1571 τα-

93 1585 232 1623 λαιπωρίαν
244 1589 308 1619 ταῖς
323 1589 400 1623 ἐμαῖς
417 1588 661 1621 ἀντιταλαντεύσας
675 1589 867 1625 παρανομίαις,

93 1631 130 1664 εὶς
141 1633 187 1669 τὴν
202 1634 319 1669 ἄφεσιν,
344 1635 391 1662 καὶ
413 1635 462 1670 τὴν
485 1635 648 1671 συγγνώμην
668 1636 800 1671 πάρασχε.
821 1637 869 1663 Ἐκ

94 1676 145 1704 τῶν
166 1679 305 1714 ἀναγκῶν
328 1687 387 1713 μου
413 1678 540 1714 ὲξάγαγέ
557 1687 596 1714 με
608 1688 614 1694 ”
636 1679 667 1706 ἐκ
681 1679 735 1707 τῶν
752 1680 869 1715 συνεχῶν

96 1731 148 1757 μου.

126 1769 178 1796 Ἴδε
193 1770 249 1804 τὴν
266 1771 450 1798 ταπείνωσιν
471 1779 531 1806 μου
546 1770 595 1797 καί
617 1770 670 1797 τὸν
687 1771 782 1797 κόπον
799 1779 868 1805 μου.

916 1186 1099 1210 testamentum
1122 1184 1204 1218 ipsius
1230 1183 1409 1218 manifestabit
1434 1184 1498 1210 illis.
1519 1183 1693 1218 Evangelium

914 1228 1026 1262 scilicet,
1048 1233 1095 1256 aut
1114 1229 1208 1257 salutis
1223 1230 1307 1256 viam.
1323 1229 1390 1256 Tota
1409 1229 1509 1263 quippe
1529 1229 1572 1255 lex
1593 1228 1694 1255 Christi

916 1274 967 1301 hoc
983 1279 1087 1310 spectat
1103 1271 1132 1302 ui
1147 1275 1246 1310 probos
1264 1276 1363 1310 optatis
1379 1279 1405 1302 et
1416 1274 1526 1302 delectis
1542 1273 1594 1301 l'rui
1609 1278 1694 1301 curet.

915 1319 944 1346 ld
965 1327 1081 1355 namque
1104 1321 1153 1354 ait,
1166 1320 1345 1356 manifestabit
1371 1321 1437 1353 illis,
1456 1320 1482 1348 id
1496 1325 1548 1352 est,
1561 1319 1695 1354 exoptatis

917 1365 970 1393 frui
985 1366 1100 1394 curabit.

954 1411 995 1438 17.
1019 1411 1211 1438 Tribulationer
1235 1411 1320 1438 cordis
1346 1410 1396 1437 mei
1419 1409 1602 1444 multiplicata:
1623 1413 1694 1434 sunt.

917 1455 1027 1489 Multis,
1050 1457 1155 1492 inquit,
1181 1456 1329 1492 angoribus
1355 1454 1476 1490 undique
1496 1454 1697 1481 circumventus

919 1510 990 1529 sum.
1006 1501 1081 1530 Hanc
1093 1503 1184 1538 itaque
1195 1510 1283 1530 meam
1297 1502 1488 1533 humilitatem,
1504 1501 1552 1527 has
1563 1506 1699 1526 aerumnas

920 1548 1076 1583 appendens
1090 1556 1152 1576 cum
1168 1548 1286 1584 peccatis
1301 1547 1379 1579 meis,
1392 1547 1424 1574 da
1445 1545 1634 1574 remissionem
1653 1551 1698 1572 \e-

921 1595 1047 1629 niamque
1075 1595 1174 1629 praebe.
1196 1594 1234 1621 De
1253 1593 1450 1621 necessitatibus
1474 1593 1538 1620 meis
1563 1600 1624 1620 erue
1643 1599 1700 1624 me,

921 1641 1029 1669 assidue
1043 1641 1144 1669 scilicet
1157 1640 1349 1676 prementibus.

957 1774 1001 1802 18.
1027 1773 1090 1801 Vide
1110 1772 1286 1800 humilitatem
1309 1780 1393 1799 meam
1416 1777 1440 1799 et
1468 1771 1585 1798 laborem
1603 1778 1698 1797 meum.

95 1814 134 1840 Δεῖ
146 1815 197 1852 γὰρ
212 1816 249 1852 μὴ
268 1816 383 1848 ὑπτίους
399 1815 466 1842 εἶναι
483 1817 530 1843 καὶ
550 1816 787 1850 ἀναπεπτωκότας,
804 1817 866 1852 θαρι

927 1819 1035 1854 Dportct
1057 1819 1130 1847 enim
1150 1825 1204 1845 non
1222 1817 1335 1853 supinos
1355 1821 1381 1844 et
1397 1817 1489 1843 animo
1511 1817 1610 1843 tractos
1629 1823 1700 1847 esse,

97 1860 198 1894 ῥοῦντας
213 1862 252 1897 τῷ
267 1862 339 1888 ἐλέει
355 1861 401 1888 τοῦ
416 1861 482 1888 Θεοῦ
493 1870 499 1877 ·
518 1862 585 1889 ἀλλὰ
600 1861 654 1899 γὰρ
675 1862 810 1898 εἰσφέρειν
826 1862 871 1888 τὸν

95 1905 133 1932 διὰ
143 1907 194 1934 τῶν
206 1907 296 1943 ἔργων
310 1908 402 1936 πόνον.

128 1952 180 1980 ἰδε
192 1954 265 1987 τοὺς
278 1954 408 1988 ἐχθρούς
417 1963 486 1989 μου,
503 1954 547 1981 ὅτι
558 1954 800 1988 ἐπληθύνθησαν.
818 1953 874 1979 Καὶ

97 1997 144 2024 ἀπὸ
158 1999 205 2035 τῆς
227 2000 338 2031 ἀδικίας
358 1999 411 2026 τῶν
430 1999 535 2036 ἐχθρῶν
561 2001 600 2031 είς
623 1999 696 2026 ἔλεον
720 1999 873 2026 ἐκκαλεῖται

97 2043 136 2069 τὸν
149 2044 222 2072 Θεόν.

129 2091 242 2118 Ἀκακοι
264 2091 317 2118 καὶ
337 2090 433 2123 εὐαεῖς
448 2089 617 2118 ἐκολλῶντό
635 2098 696 2124 μοι.
722 2090 778 2116 Καὶ
796 2089 874 2116 τοῦτο

99 2134 155 2161 tam
176 2137 297 2172 ἀρετῆς,
320 2135 350 2162 τὸ
369 2137 456 2171 μισεῖν
480 2136 529 2171 μὲν
544 2135 599 2161 τῶν
621 2135 729 2170 φαύλων
746 2135 794 2167 τὰς
811 2143 874 2161 συν-

98 2181 182 2213 ουσίας
194 2201 201 2214 ,
216 2182 281 2214 τοῦς
302 2181 332 2208 δὲ
346 2181 395 2217 τὴν
410 2182 521 2218 ἰσότητα
534 2181 670 2216 τιμῶντας
691 2181 738 2207 καὶ
750 2181 876 2216 εὑθύτητι

99 2228 246 2262 χρωμένους
264 2227 392 2263 συνήθεις
406 2227 477 2263 ἔχειν
491 2227 537 2254 καὶ
550 2226 642 2261 φίλους
652 2235 659 2242 ·
675 2226 753 2253 τοῦτο
765 2226 818 2261 γὰρ
831 2226 877 2253 καὶ

99 2279 112 2296 ο
132 2274 271 2309 προφήτης
298 2273 351 2308 ἐφη
375 2272 570 2308 πεποιηκέναι,
591 2272 639 2300 ἅτε
661 2272 693 2308 δὴ
718 2272 878 2308 θεραπεύειν

99 2319 171 2346 τοῦτο
182 2319 228 2346 τὸν
241 2319 382 2354 Δεσπότην
397 2318 555 2354 ἡγούμενος.
768 2335 771 2339 -

175 2376 227 2407 El;-
239 2374 274 2401 τὸ
290 2373 377 2407 τέλος
393 2375 546 2401 ΨΔΛΜΟΣ
559 2372 600 2406 τῷ
612 2373 711 2400 Δαυΐδ.
725 2372 790 2400 KE'.

412 2420 572 2452 Ύπόθεσις.

101 2475 156 2503 Ἰιῖιν
167 2477 387 2505 πεπιστευκότων
402 2478 441 2508 εἰς
456 2476 571 2512 Χριστὸν
582 2476 738 2511 εἰσφέρεται
751 2476 781 2502 τὺ
796 2476 880 2512 πρόσ-

133 2531 203 2550 ωπον
219 2523 395 2559 ἀρνουμένων
408 2522 456 2549 καὶ
467 2521 704 2558 διισχυριζομένων
718 2522 764 2548 ἐπὶ
781 2523 813 2557 τῇ
831 2530 880 2549 κα-

133 2570 261 2597 ταστάσει
281 2570 331 2605 τῆς
352 2569 492 2600 κοινωνίας
514 2568 569 2595 τῶν
593 2568 726 2595 Ἰουδαίων
742 2567 796 2594 τῶν
819 2576 881 2594 συν-

134 2614 302 2650 εληλυθότων
312 2613 382 2640 κατά
391 2613 439 2640 τοῦ
450 2613 553 2649 Κυρίου
566 2613 613 2639 καὶ
625 2612 694 2639 κατὰ
707 2612 754 2638 τοῦ
762 2611 879 2647 Χριστοῦ

134 2661 225 2689 αὐτοῦ.

136 2720 243 2754 Κρῖνόν
254 2727 294 2753 με
303 2738 310 2750 ,
322 2719 407 2753 Κύριε
419 2737 426 2750 ,
448 2717 490 2744 ὅτι
504 2717 560 2752 ἐγὼ
579 2717 612 2743 ἐν
629 2717 736 2750 (inania
745 2725 804 2750 μου
814 2715 884 2741 ἑπο-

103 2767 219 2800 ρεύθην.
240 2765 372 2792 ’Δκακίαν
384 2764 461 2790 καλεῖ
474 2764 503 2790 τὸ
517 2764 553 2799 μὴ
570 2764 712 2798 μετασχεῖν
726 2763 774 2796 τῆς
791 2760 887 2795 φαυλό-

922 1865 1036 1892 ﬁdentes
1062 1863 1256 1891 misericordia:
1279 1861 1339 1894 Dei,
1353 1861 1400 1889 sed
1422 1861 1519 1888 aﬂ'erre
1534 1868 1645 1895 operum
1663 1860 1703 1887 la-

922 1911 1014 1938 borem
1019 1930 1026 1937 .

959 1955 1002 1982 19.
1019 1954 1126 1989 Respice
1146 1953 1266 1980 inimicos
1290 1960 1370 1985 meos,
1385 1952 1510 1986 quoniam
1535 1950 1705 1985 multiplicati

923 2005 995 2029 sunt.
1015 2001 1053 2027 Ex
1073 2000 1247 2027 inimicorum
1269 1997 1414 2033 iniquitate
1429 2001 1535 2031 sumpta
1550 1996 1704 2028 occasione,

924 2048 1010 2075 Deum
1025 2050 1106 2074 vocat
1119 2046 1154 2073 ad
1168 2045 1393 2073 misericordiam.

959 2094 1004 2121 21.
1032 2093 1186 2121 Innocentes
1206 2097 1231 2119 et
1245 2092 1307 2119 recti
1328 2091 1494 2118 adiuuerunt
1511 2090 1584 2116 mihi.
1607 2089 1639 2116 Et
1655 2097 1708 2117 noe

925 2142 1066 2176 proprium
1082 2139 1191 2167 virtutis
1211 2143 1263 2173 est,
1287 2138 1473 2173 improborum
1488 2144 1651 2172 congressus
1666 2136 1708 2163 fu-

928 2194 999 2222 gere,
1016 2186 1087 2221 aequi
1102 2191 1193 2213 autem
1211 2189 1238 2213 et
1252 2185 1318 2213 recti
1335 2185 1455 2212 cultores
1468 2185 1496 2211 in
1519 2184 1614 2211 amicis
1627 2187 1654 2210 et
1668 2183 1708 2210 fa-

928 2233 1081 2261 miliaribus
1109 2232 1218 2260 habere.
1233 2230 1291 2259 Hoc
1308 2231 1392 2259 etiam
1411 2230 1546 2266 Propheta
1565 2237 1596 2258 se
1612 2229 1711 2258 fecisse

931 2280 990 2308 ait:
1006 2283 1083 2307 ratus
1095 2278 1225 2306 nimirum
1240 2278 1267 2305 id
1283 2284 1344 2305 esse
1357 2276 1502 2304 Dominum
1519 2276 1617 2303 colere.

1036 2335 1062 2363 1.
1079 2334 1113 2362 In
1129 2336 1207 2370 ﬁnem
1222 2332 1389 2361 PSALMUS
1405 2333 1499 2360 David.
1515 2331 1604 2358 XXV.

1224 2381 1424 2417 Argumentum.

933 2440 1072 2468 lnducitur
1086 2447 1202 2475 persona
1214 2447 1310 2467 eorum
1332 2439 1378 2474 qui
1394 2438 1569 2466 crediderunt
1591 2439 1618 2465 in
1634 2437 1714 2465 Chri-

967 2491 1050 2519 stum,
1061 2486 1222 2521 negantibus
1229 2486 1332 2513 interea
1344 2490 1371 2512 et
1378 2484 1628 2513 contradicentibus
1638 2491 1715 2511 com-

968 2532 1106 2560 munionis
1127 2531 1314 2559 constitutioni
1333 2529 1447 2564 Judaais,
1463 2530 1510 2565 qui
1532 2533 1716 2557 convenerant

970 2579 1099 2607 adversus
1115 2577 1257 2606 Dominum
1272 2581 1300 2605 et
1315 2577 1445 2604 adversus
1457 2575 1596 2604 Christum
1611 2575 1679 2610 ejus.

968 2710 1067 2738 Indica
1089 2718 1139 2742 me,
1163 2709 1289 2740 Domine,
1312 2708 1437 2742 quoniam
1453 2714 1499 2741 ego
1521 2705 1547 2732 in
1569 2702 1718 2730 innocentia

937 2766 994 2784 mea
1011 2757 1143 2791 ingressus
1163 2763 1231 2781 sum.
1247 2753 1433 2780 Innocentiam
1449 2751 1515 2779 dicit
1527 2758 1581 2777 non
1597 2753 1720 2776 commu-

107 2820 181 2846 τητος
201 2812 249 2839 καὶ
264 2810 315 2845 τῆς
330 2809 454 2841 ἀπονοίας
478 2809 530 2836 τῶν
555 2809 695 2835 Ἰουδαίων.
717 2808 771 2836 Καὶ
785 2806 834 2833 ἐπὶ
850 2815 865 2833 τ

938 2804 1029 2832 nicarc
1043 2810 1104 2831 cum
1117 2801 1228 2836 perﬁdia
1242 2804 1268 2828 et
1280 2799 1387 2827 vesania
1399 2797 1564 2826 Judmorum.
1578 2792 1612 2821 Ei
1624 2794 1652 2821 in
1666 2792 1721 2819 Do-
