1938 3053
268 123 318 151 N7

691 125 720 152 s.
740 124 925 153 arnanasn
943 109 1018 153 orr.
1040 125 1131 153 PARS
1151 124 1193 153 ill.
1214 138 1249 144 —
1268 123 1473 152 EXEGETICA.

1829 121 1880 148 ΗΒ

266 183 338 209 mino
350 189 456 217 sperans
468 190 520 209 non
534 183 695 217 inﬁrmabor.
710 183 777 210 Cum
794 184 820 210 in
838 188 863 211 te
876 191 951 218 spem
964 184 1021 211 salu
1033 197 1044 204 ο

1095 184 1191 217 Κυρίῳ
1206 182 1332 212 imam
1351 183 1386 209 οὺ
1400 182 1443 217 μὴ
1457 180 1625 215 ἀσθενήσω.
1640 172 1769 211 Ἐεσαίαν,
1783 179 1878 213 φησιν,

266 226 300 254 tis
313 234 452 262 reponam,
468 227 583 255 ﬁrmiter
598 232 624 254 et
641 227 768 255 immotus
788 229 945 256 consistam.

297 315 325 343 Ω.
343 315 430 343 Proba
443 324 492 349 me,
508 316 626 348 Domine,
640 321 664 343 et
676 321 746 343 tenta
759 325 808 343 me.
821 317 850 343 Si
866 318 1040 352 pervestiges,

236 360 360 396 ‘inquit,
376 361 509 396 profunda
536 362 633 389 animat
656 370 731 394 meae,
755 362 782 389 in
806 367 831 389 te
852 363 910 390 solo
932 370 1039 390 omnem

262 407 363 435 mentis
384 408 594 435 sollicitudinem
614 415 657 435 me
690 415 821 443 reponere
845 409 1037 443 deprehendes.

265 453 343 486 Quod
355 460 417 480 cum
429 461 517 489 agam,
527 458 654 489 acceptus
664 462 711 482 ero
722 455 779 487 tibi,
794 459 846 482 tuae
854 455 956 483 scilicet
968 456 1040 483 veri-

260 499 325 527 tatis
338 507 442 528 amans.

1095 229 1147 261 ἒξω
1171 228 1220 263 τὴν
1236 228 1329 254 στάσιν
1363 228 1402 258 είς
1421 227 1450 253 σὲ
1466 226 1515 257 τὰς
1537 225 1646 256 ἐλπίδας
1670 225 1720 259 τῆς
1740 223 1879 259 σωτηρίας

1096 274 1331 309 ἀπογραψάμενος.

1129 320 1297 354 Δοκίμασόν
1307 328 1354 353 με,
1369 319 1470 353 Κύριε,
1485 318 1533 344 καὶ
1551 317 1696 351 πείρασόν
1708 324 1757 350 με.
1780 315 1812 342 Εἰ
1837 314 1879 347 ἐξ·

1095 366 1193 402 ετάσῃς
1212 365 1260 400 τῆς
1273 364 1360 399 ψυχῆς
1377 373 1428 400 μου
1448 363 1482 390 τὰ
1494 363 1563 398 βάθη
1576 382 1583 394 ,
1607 362 1704 397 φησὶν,
1721 361 1768 403 ἐπὶ
1786 360 1826 395 τῷ
1840 361 1878 394 sip

1096 412 1168 446 μόνῳ
1182 411 1307 446 εὑρήσεις
1321 410 1390 436 ὲλέει
1406 409 1494 436 πάντα
1509 417 1558 443 μου
1576 408 1625 442 τῆς
1639 406 1757 437 διανοίας
1772 406 1817 432 τὸν
1830 406 1878 431 πό-

1093 465 1137 483 νον
1160 457 1333 491 ὲπανέχοντα.
1350 455 1433 481 Τοῦτο
1454 454 1482 480 δὲ
1505 452 1588 480 ποιῶν
1611 452 1756 486 εὐάρεστος
1779 451 1877 486 ἔσομαι

1094 501 1169 537 παρὰ
1182 501 1224 527 σοὶ
1239 501 1286 536 τὴν
1302 501 1350 536 σὴν
1365 500 1510 535 ἀγαπήσας
1526 498 1664 534 ἀλήθειαν.

294 566 390 594 Daniel
406 567 562 595 Barbarus:
579 567 630 596 Ure
645 576 716 595 renes
732 577 811 596 meos.
827 568 910 602 Quasi
923 569 1005 602 dicat,
1024 569 1157 597 succende
1173 573 1200 596 et
1211 570 1337 596 examina
1355 568 1464 595 intimas
1479 567 1563 594 animi
1580 566 1632 593 mei
1647 565 1840 600 cogitationes,
1851 570 1878 592 et

259 619 429 650 perscrutare
443 623 477 642 an
495 616 531 643 ita
547 623 589 643 me
605 616 691 644 habeo
708 620 738 643 ut
753 616 823 644 dico.
841 616 925 644 Porro
938 617 989 644 alia
1007 621 1050 644 est
1076 617 1118 644 hic
1138 616 1280 644 succensio
1296 615 1414 647 Domini,
1431 622 1512 649 quam
1533 613 1667 648 Propheta
1691 617 1775 647 optat,
1789 612 1827 639 ab
1844 619 1875 639 ea

258 669 320 696 quae
335 662 364 689 ﬁt
376 661 533 690 ardentibus
549 663 660 698 maligni
675 663 790 698 sagittis.
808 662 875 690 Nam
890 663 1022 691 Dominus
1037 663 1172 691 deteriora
1192 662 1338 694 consumit,
1355 666 1382 688 et
1396 668 1475 688 renes
1495 664 1522 687 et
1536 659 1618 687 corda
1634 661 1782 693 expurgat;
1795 657 1878 684 mali-

257 715 327 742 SDUS
341 712 431 735 autem
445 708 572 736 libidines
594 713 621 736 el
638 708 749 737 affectus
766 709 882 740 excitat:
900 716 1042 746 propterea
1058 710 1129 746 ignis
1145 711 1190 744 qui
1206 709 1233 736 in
1251 709 1318 736 rubo
1337 713 1395 735 erat
1410 715 1464 734 non
1480 705 1591 739 exarsit,
1609 705 1655 740 qui
1682 711 1745 731 vero
1759 704 1787 730 in
1800 703 1877 738 judi-

256 753 334 781 oibus
347 753 418 788 est,"
433 761 466 781 ex
481 754 596 781 rliamno
608 754 766 782 comburere
779 754 890 782 dicitur.

291 811 318 838 ι.
331 809 392 837 Non
402 811 457 837 sedi
468 819 526 836 cum
539 810 648 837 consilio
657 811 790 838 vanitatis.
801 811 1035 846 tniquissimorum

1123 810 1182 836 Οὐκ
1197 809 1321 836 ἐκάθισα
1333 807 1407 842 μετὰ
1422 806 1581 840 συνεδρίου
1601 805 1807 841 ματαιότητος.
1821 804 1875 832 Σα-

253 857 356 892 judaici
371 857 461 892 populi
481 856 634 891 principum
652 857 799 884 consilium
820 857 890 893 apud
912 865 974 884 eum
990 856 1036 891 qui

1095 854 1146 889 ρῶς
1159 854 1204 880 ἐπὶ
1220 853 1266 880 τοῦ
1281 853 1380 884 εἰδότος
1394 853 1443 884 τὰς
1456 852 1568 887 καρδίας
1588 851 1692 883 ὲτάζειν
1704 851 1734 878 τὸ
1748 851 1803 877 τῶν
1823 860 1875 878 πα-

255 901 337 930 corda
356 901 432 929 novit
447 905 473 929 et
491 906 628 929 scrutatur
642 907 735 937 aperte
751 905 831 938 negat
846 906 873 930 et
888 901 999 936 respuit.

1095 900 1284 935 ιανομωτάτων
1303 898 1440 934 ἀρχόντων
1457 897 1503 924 τοῦ
1523 897 1655 924 Ἰουδαίων
1675 897 1767 929 ἔθνους
1782 897 1875 932 cipue?-

1085 954 1129 972 ται
1148 945 1293 980 συνέδριον.

290 989 314 1017 6.
331 989 436 1018 Lavabo
460 991 528 1017 inter
547 991 694 1018 innocentes
713 999 806 1017 manus
830 999 908 1017 meas.
934 989 1033 1021 Purus,

254 1035 354 1070 inquit,
369 1043 418 1063 ero
435 1043 450 1063 a
466 1035 626 1064 fmdissimis
646 1044 740 1064 eorum
756 1037 849 1072 gestis.
870 1036 902 1062 Et
919 1036 1033 1063 circum-

253 1080 320 1108 dtbo
332 1081 416 1108 altare
429 1085 513 1114 tuum,
530 1081 650 1108 Domine.
668 1081 766 1116 Aperte
784 1082 810 1108 in
828 1082 902 1108 hisce
915 1080 1034 1108 rationa-

253 1126 333 1154 bilem
348 1126 476 1161 praedicat
487 1126 602 1154 cultum.

287 1171 314 1199 8.
329 1170 450 1206 Domine,
463 1172 545 1199 dilexi
559 1172 676 1199 decorent
686 1172 779 1199 domus
794 1176 855 1199 tute.
873 1171 979 1207 [Cupio,
992 1172 1032 1198 in—

251 1218 322 1252 quit,
337 1217 456 1244 divinam
470 1218 581 1245 domum
598 1218 690 1244 videre
708 1222 795 1250 tuam,
811 1225 872 1252 qum
884 1217 970 1252 gratia
986 1221 1031 1244 tua

251 1262 390 1299 refulget.]
406 1262 493 1290 Decor
510 1263 608 1290 domus
619 1267 683 1290 sunt
694 1264 740 1298 qui
755 1267 849 1290 ornate
865 1267 892 1289 et
904 1262 1032 1297 religiose

250 1309 278 1336 in
291 1308 412 1336 Ecclesia
425 1308 535 1344 degunt.

287 1355 313 1382 9.
331 1354 373 1381 Ne
385 1354 480 1389 perdas
501 1363 559 1381 cum
572 1354 659 1390 impiis
671 1355 787 1381 animum
807 1362 900 1381 meam.
914 1354 1000 1389 Rogat
1015 1361 1030 1380 ιι

250 1399 383 1436 supplicio
396 1399 478 1428 eximi
487 1399 589 1428 Iudicis
601 1405 706 1435 parato.

284 1489 328 1517 {0.
345 1489 378 1517 In
391 1499 502 1525 quorum
522 1491 641 1518 manibus
662 1491 811 1526 iniquitates
829 1496 901 1523 sunt,
921 1492 1028 1518 dextera
1041 1498 1063 1526 ο

247 1542 338 1562 eorum
355 1534 455 1569 repleta
467 1539 505 1562 est
517 1536 676 1563 muneribus.
689 1536 744 1564 Aut
753 1537 816 1571 quia
831 1536 911 1564 donis
922 1537 967 1571 jus
978 1537 1028 1572 ipsi

248 1584 442 1614 perverterent,
456 1587 503 1608 aut
525 1582 588 1616 quia
608 1582 689 1610 donis
706 1583 870 1617 proditorem
890 1583 1028 1618 corrupis-

248 1630 329 1658 sent;
343 1631 390 1653 aut
404 1627 466 1661 quia
482 1627 582 1662 injuste
601 1633 737 1662 raperent,
758 1628 819 1656 ideo
833 1629 969 1656 dexteram
982 1636 1028 1656 eo-

246 1678 307 1697 rum
325 1671 464 1705 replebant
478 1673 648 1701 muneribus.

264 1717 289 1743 1.
305 1716 422 1745 PSALM
428 1717 471 1746 US
486 1718 572 1746 David
582 1720 735 1754 priusquam
749 1721 880 1747 liiiiretur.
896 1719 947 1747 XX
956 1719 1002 1746 VI.

543 1767 562 1792 Α
569 1771 742 1801 rgumentum.

245 1806 456 1836 instructionem
489 1809 620 1838 adversus
648 1811 744 1839 hostes
771 1811 960 1846 complectitur
983 1810 1027 1838 hic

279 1851 415 1886 Psalmus,
430 1862 491 1889 qua:
516 1863 550 1882 ex
575 1855 654 1883 bonis
677 1856 728 1883 sibi
741 1864 757 1883 a
772 1856 827 1883 Deo
839 1855 943 1884 collatis
962 1859 1026 1883 nota

281 1903 352 1933 erat,
367 1904 449 1935 atque
473 1908 536 1928 cum
562 1902 732 1930 confessione
755 1907 833 1937 rogat
850 1901 977 1930 secundis
997 1909 1026 1929 se

280 1945 360 1973 donis
383 1947 486 1981 augeri.
503 1947 570 1975 Illud
585 1953 674 1976 autem
688 1958 694 1975 :
710 1949 857 1984 Antequam
874 1952 1023 1984 ungeretur,

279 1990 425 2026 signiﬁcat,
446 1993 535 2027 ipsum
555 1993 648 2021 divino
672 1993 774 2029 Spiritu
797 1995 962 2030 prospicere,
975 2002 1024 2021 un-

278 2036 396 2070 gendum
408 2044 438 2064 se
450 2037 507 2065 fore
518 2038 545 2065 in
559 2046 660 2074 regem,
676 2040 922 2075 tentationibusque
937 2039 1024 2074 impe-

277 2081 401 2109 tendum.
414 2082 586 2112 Fortitudine
598 2085 705 2112 lumbos
718 2085 881 2120 pratcinctus
904 2085 937 2112 ad
952 2084 1023 2119 peri-

277 2127 339 2154 cula
351 2128 535 2162 propulsanda
547 2129 693 2157 admodum
708 2131 898 2165 praemunitur.

1120 991 1250 1025 Νἰψομαι
1272 990 1306 1016 ἐν·
1329 988 1433 1021 ἀθώοις
1451 988 1505 1021 τὰς
1527 988 1627 1022 χεῖράς
1646 996 1715 1022 μου.
1743 987 1874 1023 meum;

1084 1037 1197 1071 ἔσομαι,
1215 1035 1294 1070 φησὶ,
1315 1034 1368 1061 τῶν
1383 1034 1530 1069 μιαιφόνων
1552 1033 1641 1061 αὐτῶν
1659 1033 1794 1068 πράξεων.
1815 1033 1875 1060 Καὶ

1084 1081 1229 1109 κυκλώσω
1244 1080 1277 1107 τὸ
1294 1079 1508 1114 θυσιαστήριόν
1521 1087 1590 1112 σου,
1608 1080 1704 1112 Κύριε.
1722 1078 1821 1113 Σαφῶς
1843 1080 1873 1106 ἐν

1083 1127 1186 1159 τούτοις
1200 1127 1249 1162 τὴν
1266 1126 1376 1160 λογικὴν
1392 1125 1574 1161 ἁνακηρύττει
1585 1125 1723 1160 λατρείαν.

1117 1173 1214 1207 Κύριε,
1227 1171 1370 1206 ἠγάπησα
1383 1171 1561 1205 εὐπρέπειαν
1575 1171 1659 1197 οἴκου
1673 1178 1740 1198 σου.
1765 1171 1870 1207 [Baetin

1083 1217 1165 1253 φησὶ,
1187 1217 1231 1243 τὸν
1253 1217 1324 1244 θεῖον
1346 1215 1417 1243 οἷκον
1435 1216 1514 1248 ίδεῐν,
1531 1216 1576 1242 τὸν
1598 1216 1647 1250 τὴν
1670 1216 1719 1251 σὴν
1738 1216 1870 1243 ἀποστίλ-

1082 1263 1163 1290 ϐοντα
1177 1262 1279 1298 χάριν,]
1295 1262 1452 1298 Εὑπρὲπεια
1475 1261 1521 1288 τοῦ
1540 1261 1653 1288 οἴκουιοὶ
1671 1261 1870 1296 διαπρέποντες

1081 1310 1109 1336 ὲν
1122 1311 1154 1345 τῇ
1177 1308 1322 1344 Ἐκκλησία
1337 1308 1381 1335 διὰ
1395 1307 1558 1338 θεοσεϐείας.

1117 1354 1164 1388 Μὴ
1179 1353 1394 1387 συναπολέσῃς
1402 1353 1477 1387 μετὰ
1488 1350 1604 1379 ἀσεϐῶν
1615 1351 1672 1385 τὴν
1681 1352 1787 1386 ψυχήν
1792 1361 1866 1386 μου.

1083 1400 1156 1432 Ἕξω
1172 1400 1221 1435 τῆς
1233 1399 1369 1430 κολάσεως
1385 1398 1509 1433 γενέσθαι
1523 1397 1634 1432 εὔχεται
1652 1397 1701 1432 τῆς
1717 1398 1868 1433 ἀποκειμέρ

1081 1455 1129 1481 νης
1141 1447 1197 1477 τοῖς
1213 1445 1357 1476 Ἰουδαίοις.

1114 1489 1169 1518 Ὧν
1180 1491 1213 1517 ἐν
1227 1491 1334 1525 χερσὶν
1348 1491 1378 1516 αἱ
1389 1489 1516 1523 ἀνομίαι,
1534 1490 1553 1523 ὴ
1566 1489 1648 1522 δεξιὰ
1659 1487 1758 1516 αὐτῶν
1767 1489 1866 1523 ἐπλή-

1080 1539 1138 1571 σθη
1151 1537 1259 1570 δώρων.
1277 1537 1311 1563 Ἢ
1324 1536 1361 1567 ὡς
1374 1536 1421 1562 καὶ
1431 1535 1519 1562 αὐτῶν
1532 1535 1626 1570 δώροις
1641 1535 1866 1570 παρακρινόντων

1079 1584 1108 1609 τὸ
1119 1582 1255 1617 δίκαιον,ἢ
1268 1581 1312 1608 διὰ
1324 1581 1353 1607 τὸ
1367 1581 1462 1616 δώροις
1470 1581 1515 1607 τὸν
1525 1580 1863 1616 προδότηνὲξωνήσασθαι·

1079 1630 1094 1664 ἥ
1116 1628 1207 1664 ἐπειδὴ
1228 1627 1381 1664 ἡρπάζοντο
1400 1627 1515 1662 ἀνομίαν
1527 1635 1533 1641 ·
1557 1627 1601 1653 διὰ
1616 1627 1694 1653 τοῦτο
1707 1626 1754 1661 τὴν
1772 1626 1865 1659 δεξιὰν

1078 1675 1166 1701 αὐτῶν
1181 1674 1314 1709 ἐπλήρουν
1327 1673 1430 1709 δώρων.

1098 1721 1251 1747 ΨΑΛΜΟΣ
1275 1719 1325 1746 τοῦ
1341 1719 1431 1745 Διιυῒδ
1444 1718 1501 1752 πρὸ
1518 1719 1570 1745 τοῦ
1583 1717 1753 1753 χρισθῆναι.
1771 1719 1845 1752 ΚΤ.

1386 1763 1546 1795 ’Υπόθεσις,

1077 1810 1201 1846 Περιέχει
1218 1810 1232 1836 ὁ
1252 1809 1358 1845 ψαλμὺς
1378 1809 1527 1844 κατήχησιν
1547 1810 1606 1836 κατ’
1621 1809 1735 1844 ἐχθρῶν,
1757 1808 1803 1842 ἀφ’
1825 1803 1865 1834 ὧν

1112 1856 1161 1891 ήδη
1175 1854 1283 1887 ἐδέξατο
1298 1855 1372 1890 παρὰ
1388 1854 1454 1880 Θεοῦ
1467 1854 1681 1890 γινωσκομένην,
1695 1854 1741 1881 καὶ
1753 1854 1865 1889 αἴτησιν

1112 1900 1244 1937 δευτέρων
1268 1900 1376 1934 ἀγαθῶν
1404 1900 1462 1934 μετ’
1494 1900 1721 1935 ἐξομολογήσεως.
1745 1899 1781 1925 Τὸ
1811 1899 1839 1926 δὲ
1855 1921 1864 1931 ,

1110 1947 1166 1982 πρὸ
1195 1947 1247 1974 τοῦ
1274 1945 1451 1980 χρισθῆναι,
1479 1947 1566 1973 ἐκεῖνο
1584 1947 1720 1982 σημαίνει,
1742 1947 1794 1977 ὅτι,
1821 1946 1865 1980 τῷ

1111 1992 1247 2028 Πνεύματι
1266 1991 1304 2026 τῷ
1317 1991 1382 2027 θείῳ
1403 1991 1603 2028 προεωρακὼς,
1623 1991 1661 2023 ὡς
1681 1991 1864 2026 χρισθήσετοιι

1112 2038 1160 2073 μὲν
1183 2038 1222 2069 είς
1245 2037 1373 2072 βασιλέα,
1390 2037 1533 2073 περιπὲσει
1548 2037 1577 2064 δὲ
1599 2039 1654 2069 τοῖς
1678 2038 1841 2072 πειρασμοῖς
1853 2058 1862 2068 ,

1110 2082 1219 2117 ἀνδρείᾳ
1236 2082 1456 2117 περιζωσάμενος
1474 2082 1522 2117 τὴν
1544 2082 1629 2116 ὀσφὺν
1649 2081 1678 2108 εὖ
1698 2081 1770 2117 μάλα
1791 2082 1863 2116 περὶ

1109 2127 1172 2158 τοὺς
1185 2125 1321 2157 κινδύνους
1338 2126 1512 2153 ἁντισοῦσθαι
1521 2125 1732 2154 διαϐεϐαιοῦται.

275 2201 376 2236 Adjicit
390 2201 487 2229 Daniel
500 2202 634 2230 Barbarus
650 2212 660 2230 .'
676 2203 828 2231 Vicesimus
844 2208 947 2236 sextus,
959 2203 1101 2238 septimus,
1119 2207 1232 2229 octavus
1249 2206 1276 2229 et
1290 2209 1378 2229 nonus
1398 2201 1493 2236 psalmi
1512 2201 1582 2228 idem
1599 2202 1697 2229 habent
1712 2209 1862 2237 argumen-

237 2252 312 2275 tum.
322 2248 461 2283 Siquidem
483 2249 605 2284 subjecto
618 2250 646 2277 in
662 2250 789 2286 Assyrios
806 2251 900 2278 eodem
921 2259 954 2278 ex
975 2257 1092 2285 persona
1109 2249 1180 2276 beati
1195 2248 1317 2276 Ezechiae
1332 2248 1470 2280 dicuntur,
1486 2247 1648 2282 praedicente
1672 2247 1766 2279 David,
1780 2253 1806 2275 et
1823 2250 1860 2276 ad

237 2297 291 2323 hoc
307 2301 498 2331 argumentum
511 2301 655 2325 revocante
672 2297 807 2333 Propheta
824 2299 904 2326 illius
920 2305 1075 2332 personam,
1091 2296 1128 2324 ita
1144 2300 1173 2323 ut
1190 2296 1283 2323 eadem
1303 2296 1384 2322 verba
1406 2294 1534 2329 praedicet
1551 2298 1578 2321 et
1592 2294 1704 2321 all‘ectus
1718 2295 1859 2323 ostendat.

237 2342 371 2370 Caeterum
387 2342 566 2370 imitationem
581 2347 607 2370 et
623 2343 801 2371 diﬂ‘erenliam
815 2343 960 2379 quamdam
974 2344 1074 2370 habent
1085 2343 1112 2369 hi
1127 2341 1225 2377 psalmi
1238 2353 1245 2368 :
1260 2349 1322 2368 nam
1341 2341 1484 2368 vicesimus
1500 2345 1602 2373 sextus,
1618 2344 1645 2367 et
1659 2339 1802 2367 vicesimus
1814 2348 1860 2368 sev

235 2387 347 2422 ptimus,
362 2388 482 2416 victoriae
505 2389 627 2417 carmina
649 2395 713 2418 sunt
734 2395 838 2418 tantum
859 2398 909 2425 pro
923 2389 1017 2418 deletis
1030 2388 1168 2424 Assyriis:
1186 2392 1214 2415 at
1228 2385 1372 2415 vicesimus
1384 2390 1497 2414 octavus
1515 2390 1542 2413 et
1561 2385 1705 2413 vicesimus
1719 2392 1808 2412 nonus
1823 2386 1860 2413 de

236 2435 424 2464 incolumitate
439 2440 467 2464 et
480 2437 598 2466 sanitate
610 2437 733 2466 Ezechiae
745 2439 870 2467 restituta
884 2438 1048 2466 mentionem
1065 2436 1176 2463 faciunt.

270 2480 400 2508 Domitius
423 2481 583 2510 illuminalio
608 2492 667 2511 mea
683 2489 707 2512 et
721 2485 793 2513 salus
815 2494 882 2518 mea,
894 2494 969 2521 quem
984 2486 1019 2511 ti-
1034 2486 1046 2516 ι

1106 2482 1212 2515 Κύριος
1226 2480 1381 2516 φῳτιονμός,
1387 2489 1446 2514 μου
1461 2479 1510 2506 καὶ
1521 2478 1621 2512 Σωτήρ
1629 2487 1699 2513 μου,
1713 2478 1781 2505 τίνα
1800 2488 1856 2513 go-

234 2525 327 2552 mebo?
338 2526 516 2555 Adversarias
531 2532 679 2563 potestates
694 2530 819 2565 despicit,
835 2531 898 2566 quia
919 2531 947 2558 in
964 2530 1018 2558 Do-

234 2571 301 2598 mini
313 2571 512 2601 illuminatione
521 2575 643 2602 conlidit.
654 2576 719 2609 Aie,
731 2577 828 2612 inquit.
839 2578 1017 2606 illuminalus.

233 2624 329 2644 omnes
345 2625 398 2644 una
410 2619 504 2647 hostes
517 2625 661 2649 contemno

1071 2526 1254 2561 6ηθήο-ομαι;
1267 2524 1471 2560 Κατευμεγεθεῖ
1484 2524 1538 2550 τῶν
1560 2523 1754 2558 ἀντικειμένων
1774 2524 1857 2550 δυνά-

1072 2582 1144 2609 μεων
1165 2573 1204 2608 τῷ
1224 2572 1293 2607 φωτὶ
1316 2571 1364 2598 τοῦ
1386 2571 1488 2606 Κυρίου
1518 2570 1668 2605 θαρρήσας.
1696 2570 1766 2596 ’Υπὺν
1787 2571 1854 2602 σοῦ,

1070 2620 1152 2654 φησι,
1171 2619 1354 2654 φωτιζόμενος
1376 2617 1483 2644 πάντων
1502 2616 1568 2652 ὁμοῦ
1591 2616 1644 2642 τῶν
1663 2616 1854 2651 πολεμούντων

1069 2665 1239 2700 καταφρονῶ.

268 2695 365 2723 Daniel
385 2696 540 2726 Barbarus:
555 2699 682 2729 Dominus
707 2708 836 2737 protector
855 2704 912 2733 i-ilte
938 2714 1009 2734 mete.
1026 2706 1093 2740 Quis
1117 2695 1184 2738 ad‘c-o
1208 2709 1369 2736 insidiarum
1392 2714 1488 2744 potens
1517 2708 1578 2740 crit,
1610 2712 1639 2735 ul
1665 2713 1761 2742 potens
1780 2707 1855 2736 Dcus

233 2748 274 2770 est
289 2744 322 2770 ad
341 2745 471 2773 auxilium
487 2745 646 2776 ferendum?

277 2811 298 2827 ⁵⁷
315 2810 402 2840 Judic.
420 2822 457 2847 ix,
473 2815 515 2843 l5.
