1938 3053
585 106 762 135 EXPOSITIO
783 107 816 135 IN
835 107 998 144 PSALMUM
1016 105 1120 134 XXVII.

1617 109 1669 138 150

93 164 142 188 ‘Er
157 162 199 195 τῷ
214 162 340 197 eri-[Gem
355 162 404 189 ἐπ”
419 162 473 197 ὲμέ
490 164 665 197 κακοῦντας.
687 165 831 201 Προσῆλθοπ

923 165 950 192 2.
967 165 1036 191 Dum
1058 165 1214 199 appropiant
1234 173 1311 199 super
1335 173 1374 192 me
1393 170 1519 193 nocentes.
1538 165 1665 195 Accesse-

55 210 113 244 μὲν,
127 209 208 244 φησὶ,
233 208 386 243 διαφθεῖραι
401 209 520 241 θέλοντες
540 210 686 237 πεπόνθασι
704 211 732 238 δὲ
748 212 762 238 ὃ
775 212 840 248 δρᾶ-

53 262 96 280 σαι
109 253 246 288 ἧλπισαν.
578 287 581 290 ν

87 298 146 327 Τοῦ
157 298 309 325 κατοικεῖν
320 307 358 334 με
375 300 410 326 ἐν
422 299 492 333 οἴκῳ
501 301 622 335 Kvplov.
631 302 686 328 Kal.
699 301 752 336 γὰρ
765 302 840 335 ἅγιο-

52 344 157 379 πρεπὴς
173 345 191 379 ὴ
212 344 322 379 αἴτησις
337 344 447 378 γέγονε,
461 345 508 372 καὶ
523 345 582 380 Θεῷ
602 346 692 373 δοῦναι
706 347 777 379 ἀξία.
798 346 839 379 Τῷ

53 387 167 421 θεωρεῖν
187 395 228 422 με
258 387 314 421 τὴν
335 389 518 422 τερπνότητα
534 390 653 424 Κυρίου.
677 391 720 417 Ἐν
735 391 836 427 ταύτῃ,

52 434 139 468 ᾳησὶν,
149 433 270 469 εὔχομαι
282 434 426 466 διαπαντὸς
438 435 533 467 οίκεῖν,
547 435 576 461 ὲν
625 437 672 463 καὶ
686 436 736 471 τῆς
750 444 837 471 σωτη-

54 479 109 513 ρίας
126 479 272 514 ἐπέτυχον.

91 525 137 551 ’E'r
147 525 242 559 πέτρᾳ
253 525 378 559 ὕψωσέν
383 533 430 560 με.
440 526 535 560 Σαφῶς
543 527 556 552 ὀ
565 526 667 558 Παῦλος
676 527 725 562 τὴν
734 528 835 562 πέτραν

53 567 116 596 εἶναι
132 570 177 596 τὸν
189 570 311 605 Χριστὸν
324 570 528 606 διισχυρίζεται.
543 572 624 606 ’ᾼσω
634 572 682 598 καὶ
697 571 784 606 ψαλῶ
796 572 835 605 τῷ

53 614 151 648 Κυρίῳ.
167 614 273 649 Σαφῶς
283 615 334 650 τὴν
347 614 405 647 τοῦ,
416 615 519 650 Ἄγιος,
532 616 617 650 ἅγιος,
633 616 719 651 ἆγιος,
733 618 834 653 ἀνακη-

55 659 135 694 piem
147 659 292 694 λατρείαν.

84 705 287 738 Είσάκουσον,
303 706 402 740 Κύριε,
419 706 472 740 τῆς
484 706 586 741 φωνῆς
598 716 668 741 μου.
685 707 756 734 Ἀντὶ
774 708 831 741 τοῦ,

55 750 203 785 Εὑχαριστῶ
216 759 260 777 σοι
270 751 341 786 ὑπὲρ
352 751 405 778 τῶν
422 752 654 788 παρεληλυθότων,
668 753 831 789 δεηθήσομαι

55 796 77 822 δὲ
90 796 154 832 om
166 796 221 823 τῶν
237 795 312 832 ἑξῆς.

83 841 293 876 Νομοθέτησόν
311 851 366 877 με,
386 843 489 877 Κύριε,
508 843 542 870 ὲν
559 843 596 879 τῇ
613 843 671 876 ὀδῷ
686 840 754 871 σου.
779 844 829 870 Τὸν
845 837 866 864 Β

56 887 219 921 εὐαγγελικδν
234 888 320 923 νόμον
333 888 439 923 εὔχεται
454 889 629 925 γυμνωθῆναι
647 890 736 925 αὐτῷ·
749 890 830 921 αὑτὸς

55 931 78 958 ἃ
91 932 139 967 γὰρ
152 930 186 968 ἦν
199 933 248 959 καὶ
262 934 278 969 ή
296 933 388 959 εὐθεῖα
402 933 469 965 ὁδός.

84 979 133 1006 Καὶ
147 979 302 1012 ἐψεύσατο
319 979 338 1013 ἡ
360 979 460 1007 ἀδικία
472 979 575 1014 ἑαυτῇ.
591 980 733 1008 Τουτὲστιν
748 981 829 1016 ἡσθέ-

56 1032 123 1058 νησεν
136 1025 151 1060 ἡ
168 1025 229 1052 καθ’
246 1025 330 1061 ἡμῶν
344 1026 444 1053 ἀδικία.

83 1071 206 1097 Πιστεύω
220 1070 275 1102 τοῦ
293 1069 368 1096 ἰδεῖν
386 1071 421 1098 τὰ
432 1070 526 1105 ἀγαθὰ
542 1071 651 1105 Κυρίου
665 1072 700 1098 ἐν
710 1071 748 1106 τῇ
760 1071 827 1102 ζών-

55 1122 110 1142 των.
122 1115 174 1151 Τὴν
185 1116 241 1143 ἄνω
261 1116 437 1152 Ἰερουσαλήμ
455 1125 544 1152 φησιν.

232 1162 389 1189 ΨΔΛΜΟΣ
404 1162 443 1195 τῷ
457 1162 556 1190 Δαυΐδ.
569 1164 633 1190 KZ'.

358 1208 517 1240 Ὑπόθεσις.

59 1253 119 1288 ᾋδιι
131 1253 174 1280 τὸν
190 1254 315 1290 παρόντα
328 1253 433 1289 ψαλμὸν
445 1254 478 1280 ὲκ
489 1254 634 1290 προσώπου
651 1255 704 1281 τῶν
717 1263 826 1281 πιστευ-

85 1299 178 1326 σάντων
191 1301 231 1332 είς
247 1300 384 1336 Χριστδν,
403 1300 446 1327 διὰ
467 1301 585 1335 δεήσεως
606 1300 646 1331 είς
667 1301 825 1336 ἐπικουρίαν

85 1345 164 1373 καλῶν
180 1347 225 1373 τὸν
243 1347 314 1375 Θεόν
325 1356 332 1362 ·
349 1346 408 1381 ἅμα
422 1347 450 1373 δὲ
467 1347 514 1373 καὶ
533 1346 581 1381 τῆς
606 1346 737 1373 Ἰουδαίων
759 1347 826 1373 ἀπο-

84 1393 148 1424 νοίας
167 1393 322 1429 κατάρασιν
342 1393 398 1428 ἔχει
421 1393 468 1419 καὶ
489 1392 570 1428 εὐχὴν
591 1392 638 1418 τοῦ
660 1392 824 1428 χωρισθῆναι

84 1439 126 1474 τῆς
137 1439 252 1475 χείρονος
264 1439 381 1467 ἐκείνων
396 1439 512 1475 μερίδος.

85 1485 153 1518 Πρὸς
168 1485 220 1518 σὲ,
236 1486 338 1519 Κύριε,
360 1485 570 1519 κεκράξομαι...
585 1485 634 1511 καὶ
646 1485 825 1518 ὀμοιωθήσο-

58 1537 98 1563 μοι
111 1530 166 1563 τοῖς
181 1531 416 1560 καταϐαίνουσιν
427 1532 470 1564 είς
482 1531 607 1558 λάκκον.
626 1531 706 1562 Ἔθος
719 1532 751 1566 τῇ
764 1531 823 1567 θείᾳ

60 1575 74 1599 Γ
77 1577 136 1610 ρει-σῇ
150 1577 246 1603 λάκκον
262 1576 409 1612 ὀνομάζειν
425 1577 469 1603 τὸν
484 1577 559 1612 ᾅδην.

86 1621 125 1655 Μὴ
138 1624 331 1657 συνελκύσῃς
339 1631 377 1657 με
385 1623 460 1657 μετὰ
473 1623 661 1657 ἁμαρτωλῶν.
683 1624 823 1659 Ἀμαρτω-

61 1666 108 1698 λοῦς
119 1668 145 1693 τὸ
156 1668 207 1695 τῶν
223 1669 362 1696 Ἰουδαίων
377 1669 451 1701 ἔθνος
473 1670 549 1704 φησὶ,
572 1669 642 1695 κατὰ
656 1670 686 1696 τὸ
705 1669 819 1704 εἰρημέ-

62 1721 95 1738 νον
107 1714 187 1746 αὐτοῖς
197 1715 248 1742 ὑπὸ
265 1714 315 1742 τοῦ
329 1715 452 1750 Σωτῆρος
463 1723 470 1730 '
491 1714 561 1742 Ἐὰν
571 1714 614 1749 μὴ
629 1715 820 1748 πιστεύσητε,

62 1756 95 1783 ὅτι
102 1758 149 1792 ἐγώ
159 1760 222 1794 ειμι,
231 1760 266 1787 ἐν
279 1760 348 1793 ταῖς
360 1760 513 1794 ἁμαρτίαις
523 1759 605 1794 ὑμῶν
613 1759 818 1795 ἀποθανξῑσθε.

62 1803 126 1830 Αὐτοὶ
138 1805 165 1831 δὲ
177 1806 221 1832 καὶ
233 1806 413 1842 ἐργαζόμενοι
425 1805 473 1841 τὴν
489 1805 614 1841 ἀνομίαν,
627 1807 667 1832 ὅτι
679 1805 723 1832 τὸν
734 1806 820 1832 ἀθῶον

62 1850 97 1875 καὶ
107 1850 197 1878 δίκαιον
211 1853 378 1879 ἀπέκτειναν
388 1871 395 1884 ,
414 1852 444 1878 ὃν
460 1851 509 1878 οὐκ
525 1852 683 1878 ἀποκτεῖναι
704 1852 718 1877 ό
739 1851 820 1886 νόμος

63 1894 188 1924 ἐκέλευσεν.
197 1897 253 1924 Τῶν
274 1898 446 1925 λαλούντων
458 1896 580 1930 εἰρήνην
588 1896 662 1931 μετὰ
674 1896 735 1923 τῶν
743 1898 821 1930 πλη-

837 1515 857 1542 C

63 1939 116 1966 σίσν
131 1943 231 1970 αὐτῶν.
247 1943 334 1970 Τοῦτό
349 1952 441 1979 φησιν,
458 1945 509 1977 ὅτι,
525 1943 682 1970 διδάσκαλον
693 1943 740 1969 καὶ
751 1944 819 1976 ἀγα-

63 1985 97 2011 θὸν
111 1988 299 2022 ἀποκαλοῦντες
323 1990 369 2017 τὸν
389 1989 519 2026 Σωτῆρα,
542 1989 615 2017 κακὰ
642 1989 819 2023 διελογίζοντο

63 2033 108 2058 κατ’
118 2034 201 2063 αὑτοῦ.

89 2077 138 2106 Ὅτι
151 2082 183 2108 σὺ
193 2082 332 2117 συνῆκαν
341 2083 384 2115 εις
399 2082 436 2109 τὰ
451 2082 523 2116 ἔργα
537 2083 655 2116 Kvplov.
678 2081 749 2108 Ἀντί
759 2081 815 2113 τοῦ,

65 2122 106 2149 052
116 2125 247 2162 ἠθέλησαν,
265 2127 343 2162 φησὶ,
361 2127 409 2163 τὴν
425 2127 528 2154 οἰκείαν
544 2127 745 2163 παραδέξασθαι
764 2136 816 2154 σω-

64 2169 148 2203 τηρίαν.

89 2215 132 2242 Καὶ
142 2217 279 2246 ἁνέθαλεν
295 2220 313 2254 ἡ
326 2219 403 2254 σάρξ
413 2229 482 2255 μου.
498 2220 594 2254 Σαφῶς
608 2220 656 2255 τὴν
670 2220 815 2246 ἀνάστασιν

65 2259 86 2284 ὲν
94 2261 182 2295 τούτοις
196 2266 333 2300 κηρύττει.

891 216 964 243 runt,
977 211 1073 245 inquit,
1088 211 1179 237 animo
1195 211 1246 237 mei
1267 211 1412 245 perdendi,
1430 212 1502 246 quod
1524 212 1668 248 sperabant

889 256 1014 283 illaturos
1029 264 1058 283 se
1072 256 1146 287 mali,
1162 255 1261 282 accidit
1275 256 1349 290 ipsis.

925 302 952 328 4.
973 301 1006 328 Ut
1022 301 1163 328 inhabitem
1180 301 1208 327 in
1224 302 1301 328 doma
1317 301 1432 328 Domini.
1450 301 1555 329 Etenim
1572 306 1666 330 saneta

888 352 914 376 et
930 355 1006 382 aequa
1023 347 1178 382 postulatio,
1197 354 1278 381 quam
1305 349 1453 374 concedere
1477 347 1531 375 Deo
1554 348 1663 382 dignum

887 397 937 421 est.
954 392 987 420 Ut
1005 393 1107 420 uideam
1129 392 1285 427 voluptatem
1306 392 1422 420 Domini.
1438 393 1469 420 In
1494 393 1663 427 hac,inquit,

886 445 982 472 precor
993 438 1060 465 milii
1075 445 1182 472 semper
1194 437 1317 465 habitare
1333 438 1422 472 liceat,
1439 438 1466 465 in
1479 446 1532 474 qua
1545 447 1604 467 sum
1617 447 1662 466 sa~

887 483 968 510 lutem
985 487 1157 510 consecutus.

930 528 956 555 6.
980 527 1013 555 In
1033 533 1107 562 petra
1123 529 1249 556 exultavit
1263 538 1311 556 me.
1327 529 1424 564 Aperte
1437 528 1538 557 Paulus
1559 534 1662 565 petram

884 581 944 601 esse
951 573 1090 600 Christum
1100 573 1213 601 ailirmat
1225 575 1256 601 ⁸⁸.
1267 575 1384 602 Cantubo
1399 579 1423 601 et
1433 575 1563 609 psalmum
1575 576 1662 602 dicam

884 620 1006 647 Domino.
1021 620 1160 648 Manifesta
1173 621 1274 648 cultum
1290 621 1411 655 perham
1426 621 1518 654 verba,
1535 621 1662 654 Sanctus,

884 669 1003 695 sanctus.
1018 669 1128 693 sanctus
1140 665 1173 698 “,
1190 665 1324 693 redditum
1339 666 1476 700 pradicet.

921 710 947 738 7.
971 710 1088 744 Exaudi,
1104 710 1224 743 Domine,
1240 719 1326 738 vocem
1351 719 1445 738 meam.
1464 711 1548 745 Quasi
1569 712 1660 740 dicat:

882 759 985 792 gratias
1006 757 1056 784 tibi
1068 757 1101 785 de
1120 757 1265 792 printer-itis
1279 765 1339 794 ago,
1356 758 1479 793 supplico
1489 765 1538 793 pro
1549 757 1660 785 futuris.

923 846 965 874 11.
980 846 1073 882 Legem
1087 854 1152 882 pone
1170 847 1245 878 mihi,
1262 846 1381 879 Domine,
1400 846 1428 873 in
1448 855 1490 873 uta
1505 850 1559 873 tua.
1571 845 1660 873 Evan-

882 891 994 927 gelicam
1011 892 1096 927 legem
1113 892 1164 920 sibi
1178 896 1270 920 notam
1289 892 1347 919 tieri
1360 892 1497 927 postulat;
1512 892 1571 926 ipsa
1587 892 1659 918 enim

881 942 954 965 recta
967 938 1010 965 via
1025 942 1076 965 est.

920 983 963 1010 12.
980 983 1016 1009 Et
1028 984 1137 1010 mentita
1148 988 1187 1010 est
1197 984 1323 1019 iniquitas
1336 984 1396 1011 sibi.
1412 983 1441 1011 ld
1455 987 1506 1016 est,
1522 982 1607 1015 fracta
1617 988 1659 1011 est

880 1028 1008 1063 iniquitas
1024 1037 1077 1063 qua
1095 1029 1299 1064 impetebamur.

919 1073 962 1100 15.
975 1073 1059 1101 Credo
1081 1074 1164 1101 videre
1179 1074 1245 1101 bona
1265 1074 1369 1101 Domini
1383 1075 1410 1101 in
1426 1080 1495 1102 terra
1506 1074 1656 1102 viventium.

880 1118 1028 1154 Supernam
1041 1118 1190 1146 Jerusalem
1204 1119 1341 1154 intelligit.

1053 1164 1221 1193 PSALMUS
1235 1165 1329 1192 David.
1344 1165 1467 1194 XXVII.

1172 1210 1368 1245 Argumentum.

878 1253 1040 1280 Praesentem
1058 1253 1133 1280 canit
1143 1254 1277 1288 psalmum
1300 1262 1333 1281 ex
1355 1262 1468 1289 persona
1489 1255 1655 1283 credentium

910 1299 937 1326 in
961 1299 1110 1330 Christum.
1124 1304 1151 1326 et
1166 1299 1278 1334 supplex
1299 1299 1344 1326 Dei
1367 1300 1494 1335 implorat
1507 1301 1654 1334 auxilium;

912 1351 992 1379 atque
1006 1352 1060 1372 una
1076 1344 1229 1372 Judmorum
1241 1346 1356 1374 vesania:
1364 1347 1575 1386 exsecrationem
1588 1355 1654 1374 oon-

913 1392 991 1423 tinet,
1005 1396 1086 1429 atque
1097 1399 1112 1418 a
1124 1391 1244 1426 pessima
1259 1391 1367 1419 illorum
1383 1397 1455 1419 sorte
1474 1392 1593 1427 separari
1604 1400 1654 1426 po-

911 1438 1003 1465 stulat.

911 1483 936 1510 1.
954 1483 995 1510 Ad
1016 1488 1050 1516 te,
1066 1483 1185 1516 Domine,
1197 1483 1360 1512 clamabo....
1373 1490 1396 1511 et
1420 1484 1587 1511 assimilabar
1609 1492 1654 1510 ae-

874 1529 1054 1556 scendentibus
1069 1529 1097 1556 in
1109 1529 1206 1557 lacum.
1220 1529 1278 1557 Mos
1289 1530 1387 1557 divinae
1404 1529 1550 1565 Scriptum
1563 1529 1652 1557 lacum

873 1575 1008 1609 appellare
1023 1573 1171 1602 infernum.

914 1621 940 1648 5.
954 1621 995 1648 Ne
1013 1621 1092 1648 simul
1109 1622 1197 1648 trahas
1220 1629 1259 1648 me
1274 1629 1332 1648 cum
1346 1622 1535 1656 peccatoribus.
1553 1622 1651 1650 Pecca-

872 1670 945 1694 tores
962 1665 1116 1694 Iudaeorum
1133 1671 1239 1702 gentem
1259 1666 1333 1697 dicit,
1357 1667 1434 1701 juxta
1452 1667 1518 1694 illud
1530 1675 1545 1694 a
1559 1667 1652 1694 Salva-

872 1716 929 1739 tore
941 1711 1041 1739 dictum
1057 1721 1063 1739 :
1080 1711 1141 1739 Nisi
1155 1713 1320 1740 credideritis
1334 1714 1397 1748 quia
1410 1721 1456 1748 ego
1469 1720 1536 1745 sum,
1555 1713 1581 1739 in
1593 1721 1648 1746 pec-

871 1758 938 1785 catis
949 1759 1041 1785 uestris
1056 1759 1203 1785 moriemini
1215 1759 1249 1792 ",
1262 1760 1313 1793 ipsi
1331 1759 1431 1786 interea
1443 1762 1586 1794 operantes
1600 1758 1653 1784 ini-

870 1803 1013 1838 quitatem,
1031 1804 1282 1841 cuminnocentem
1301 1809 1328 1831 et
1340 1805 1442 1839 justum
1456 1809 1550 1831 contra
1568 1811 1648 1838 quam

870 1848 913 1875 lex
925 1852 1028 1875 vetaret
1039 1849 1202 1876 occiderent.
1216 1849 1268 1881 Qui
1275 1849 1416 1882 loquuntur
1423 1857 1512 1883 pacem
1524 1857 1582 1875 cum
1593 1857 1651 1883 pra-

869 1894 941 1920 :cimo
964 1902 1020 1921 suo.
1040 1893 1096 1921 Hoc
1118 1894 1156 1921 ait
1173 1895 1238 1929 quia
1259 1894 1427 1922 Salvatorem
1445 1894 1605 1930 magistrum
1622 1899 1650 1924 et.

870 1939 970 1967 bonum
982 1940 1158 1974 appellantes,
1169 1940 1239 1967 mala
1256 1939 1435 1968 moliebantur
1447 1940 1508 1974 ipsi.

904 2079 930 2106 5.
945 2079 1074 2112 Quoniam
1087 2088 1138 2107 non
1152 2081 1427 2116 intellexeruntopera
1440 2082 1647 2115 Domini.Quasi

867 2124 968 2152 diceret
981 2134 987 2152 :
1000 2125 1151 2153 Noluerunt
1166 2127 1302 2162 propriam
1314 2127 1454 2154 admittere
1467 2127 1592 2155 salutent.

907 2217 932 2244 7.
946 2217 980 2243 Et
997 2217 1117 2251 refloruit
1132 2226 1195 2244 caro
1207 2226 1274 2245 mea.
1297 2218 1394 2252 Aperte
1412 2218 1454 2245 bis
1470 2218 1646 2246 resurrectio-

870 2271 930 2290 nem
945 2263 1075 2298 praedicit.

90 2317 172 2351 Adjicit
186 2319 277 2348 Daniel
289 2321 444 2348 Barbarus:
461 2321 577 2349 Reiluret
592 2329 656 2349 caro
671 2325 762 2348 nostra
782 2328 844 2348 curn
859 2328 934 2355 spem
956 2321 1165 2349 resurrectionis
1181 2321 1341 2356 accipimus;
1355 2326 1480 2349 caeterum
1504 2329 1556 2349 non
1571 2329 1644 2354 caro,

65 2363 100 2389 sed
113 2371 152 2391 cor
167 2366 207 2393 alii
220 2373 367 2396 verterunt.

91 2409 170 2439 Daniel
186 2413 314 2442 Barbarus
327 2424 336 2442 :
353 2416 396 2443 Ex
410 2416 543 2444 voluntate
561 2425 618 2444 mea
633 2416 775 2451 conﬁtebar
787 2416 821 2443 ei.
839 2415 912 2442 Dixit
926 2423 958 2442 ea;
977 2415 1120 2448 uoluntate,
1135 2416 1168 2444 ad
1183 2416 1360 2444 diderentiam
1378 2416 1470 2452 legalis
1486 2415 1585 2447 cultus,
1599 2416 1646 2450 qui

66 2456 230 2489 suppliciorum
245 2468 317 2490 metu
334 2463 510 2496 adiciebatur,
527 2465 553 2491 id
566 2469 617 2497 est,
635 2473 689 2491 non
701 2465 812 2491 invitam
831 2468 859 2490 et

872 2468 1005 2496 coactam,
1019 2464 1066 2491 sed
1081 2463 1259 2491 voluntariam
1274 2469 1301 2491 et
1315 2469 1464 2498 promptam
1481 2463 1528 2490 tibi
1538 2463 1644 2490 laudem

65 2499 174 2531 Proferam
188 2514 194 2531 τ
209 2506 246 2534 sic
260 2513 286 2535 et
298 2509 366 2536 alias
382 2509 450 2536 dixit
463 2519 469 2536 :
490 2509 642 2536 Voluntarie
653 2510 807 2544 sacriﬁcabo
822 2510 869 2536 tibi
880 2510 901 2525 “
915 2519 920 2536 :
938 2509 971 2536 Et
985 2510 1134 2536 voluntaria
1150 2511 1203 2536 oris
1216 2510 1265 2536 mei
1283 2509 1443 2544 beneplacita
1457 2509 1510 2543 fac,
1523 2508 1645 2539 Domine,

66 2547 84 2589 tl
95 2549 174 2575 exaudi
187 2558 223 2577 me
234 2553 265 2578 ".
279 2552 330 2581 Sed
342 2554 471 2588 quoniam
485 2555 596 2582 verbum
609 2555 731 2583 conﬁteri
747 2559 774 2582 et
785 2554 986 2582 damnationem
1006 2557 1192 2589 peccatorum,
1206 2558 1233 2582 et
1249 2554 1397 2588 gratiarum
1413 2554 1546 2581 actionem
1563 2552 1646 2588 signi-

67 2588 129 2640 θῗεης
142 2594 193 2623 ideo
207 2598 227 2625 si
242 2599 292 2627 hoc
304 2600 363 2628 loco
377 2609 427 2636 pro
441 2602 615 2630 damnatione
631 2603 733 2637 peccati
747 2602 889 2630 commissi
900 2606 1034 2633 sumatur,
1050 2602 1140 2630 innuit
1150 2603 1223 2637 quod
1238 2611 1290 2630 non
1308 2602 1410 2637 pudore
1421 2606 1448 2629 et
1458 2606 1581 2636 respectu
1595 2602 1645 2627 Iuv

67 2641 149 2686 Tmum
166 2649 271 2676 Peccare
292 2647 394 2675 destitit
408 2658 414 2676 :
432 2649 477 2676 sed
494 2650 624 2684 quoniam
643 2650 793 2686 respexerit
813 2650 845 2678 ad
865 2650 957 2677 odium
972 2654 999 2678 et
1017 2658 1115 2677 noxam
1132 2650 1232 2685 peccati
1247 2659 1252 2677 :
1269 2650 1292 2677 si
1309 2657 1372 2677 vero
1388 2649 1505 2677 sumitur
1521 2655 1570 2684 pro
1585 2655 1645 2682 gru-

69 2684 146 2732 ξιεξυω
162 2690 269 2726 actione,
286 2694 402 2722 ostendit
419 2702 448 2722 se
462 2695 495 2722 de
511 2696 638 2724 omnibus
650 2684 750 2732 gratias
765 2684 859 2732 agere,

876 2696 956 2730 idque
969 2704 1075 2723 summa
1091 2704 1151 2724 cum
1173 2696 1310 2723 voluntate
1324 2700 1452 2731 praestare
1465 2704 1471 2722 :
1487 2702 1550 2722 nam
1565 2692 1591 2719 id
1603 2689 1644 2718 vel

69 2724 141 2757 dolore
154 2734 192 2761 vel
204 2739 359 2767 necessitate
373 2747 461 2775 agere,
477 2749 530 2768 non
546 2746 587 2769 est
599 2750 632 2769 ex
645 2724 934 2769 :01tlniatcVCOtlﬁlel'i.

94 2800 195 2836 Ἠθον-
210 2819 238 2844 Χρ
254 2813 276 2841 1.
316 2816 336 2832 δ’
354 2815 404 2844 lsa.
419 2826 457 2849 γι,
474 2818 498 2846 5.
539 2819 560 2834 "'
576 2818 653 2846 Joan.
673 2827 734 2853 vtlt,
752 2819 792 2846 21.
833 2819 853 2834 "‘

868 2818 1008 2851 Psal.Lm,
1025 2820 1050 2846 8.
1091 2820 1113 2835 ⁸¹
1128 2819 1199 2847 Psal.
1211 2827 1303 2852 cxvm,
1319 2819 1380 2846 108.
