1938 3053
277 113 323 144 151

703 114 731 142 S.
752 111 936 140 ATHANASII
956 111 1032 140 OPP.
1051 109 1141 138 PARS
1160 110 1205 138 lll.
1226 127 1259 131 —
1275 110 1480 139 EXEGETICA.

1844 113 1894 139 1Ξί

313 175 340 202 8.
359 174 393 201 Et
407 178 538 208 protector
553 172 727 200 satvationum
741 171 840 198 Christi
857 170 898 197 sui
913 175 962 198 est.
977 170 1057 197 Chri-

1142 168 1196 195 Καί
1210 169 1437 203 ὑπερασπιστὴς
1450 168 1507 195 τῶν
1518 169 1671 203 σωτηρίων
1685 169 1739 196 τοῦ
1750 170 1891 203 Χριστοῦ.

274 228 347 250 stum
363 222 421 250 sive
438 226 549 248 unctum
571 220 615 247 hic
626 222 706 246 vocat
725 217 855 253 populum
869 217 897 243 in
913 215 1005 252 regale
1015 223 1061 244 sa-

274 268 424 296 cerdotium
443 267 594 294 inunctum.
609 265 668 300 lpse
685 264 779 299 igitur.
795 264 843 295 ait,
863 263 996 290 Dominus
1009 270 1061 298 po-

279 315 372 350 pulum
392 314 518 350 protegit,
531 319 560 341 ut
578 313 691 341 salutem
709 310 809 346 populo
825 313 901 346 paret
917 317 995 344 quem
1012 316 1060 343 per

280 369 310 389 se
321 366 348 389 et
362 361 396 388 ad
411 368 440 388 se
456 360 573 387 inunxit.

302 406 328 433 9.
343 405 376 432 Et
388 413 464 440 pasce
487 405 559 436 illos,
580 411 605 430 et
629 403 724 430 extolle
751 401 812 429 illos
836 408 916 435 usque
936 404 1060 435 tn.teter-

276 460 348 478 num.
366 451 425 486 Ipse
451 458 568 485 namque
589 457 639 476 nos
659 453 754 484 pascet
769 447 852 474 misso
869 447 895 473 in
911 445 997 473 vicem
1016 444 1058 471 sui

276 495 425 524 Paracleto.
441 496 474 523 Et
492 496 600 530 quidem
621 502 670 522 nos
687 493 804 526 extollit,
818 493 845 520 id
859 496 910 525 est,
927 491 1058 518 sublimes

277 542 330 577 agit
343 542 370 569 in
381 541 472 568 futura
483 545 508 568 et
525 540 630 568 inlinita
644 539 754 568 saecula.

277 631 445 660 PSALMUS
464 632 560 665 David,
573 633 604 658 de
620 632 691 658 exitu
709 630 892 657 Tabernaculi.
916 629 1055 656 XXVIII.

571 679 770 712 Argumentum.

276 722 389 750 Canitur
405 730 525 758 praesens
548 723 669 758 psalmus
693 722 781 756 ejecto
806 720 914 749 lsraelis
939 720 1056 756 populo,

311 769 489 804 gentibusque
501 775 595 795 eorum
608 759 666 795 vice
682 767 787 799 accitis,
800 767 873 802 quod
886 767 944 802 ipsa
956 766 1057 794 indicat

310 814 462 849 inscriptio,
478 812 574 841 Exitus
591 812 781 844 Tabernaculi,
796 820 857 847 quae
873 812 961 847 palam
979 811 1056 839 nobis

309 861 411 888 exitum
424 859 532 886 illorum
542 859 687 892 signiﬁcat.

313 906 340 938 1,
355 906 383 932 2.
400 906 498 940 Alfene
518 905 640 939 Domino,
657 905 706 940 ﬁlii
719 905 776 933 Dei.
786 905 869 932 Filios
884 904 930 932 Dei
948 909 1056 933 sanctos

276 952 413 987 apostolos
425 955 512 984 vocat,
526 951 625 986 quippe
638 959 706 986 quos
723 951 812 979 dicere
823 951 963 978 docuerit:
976 951 1056 977 Pater

277 1001 364 1024 noster
383 997 428 1032 qui
445 1005 471 1024 es
488 997 516 1023 in
537 997 608 1023 emtis
620 997 652 1023 ⁵⁸.
667 997 766 1031 ΑΙῙετιε
780 997 892 1023 Domino
908 996 976 1030 ﬁlios
988 997 1055 1023 arie-

277 1050 343 1071 tum.
362 1042 446 1070 Filios
459 1043 574 1071 arietum
592 1048 670 1071 vocat
686 1052 733 1071 eos
746 1043 793 1078 qui
810 1051 857 1078 per
870 1043 1008 1078 apostolos
1022 1051 1055 1070 ex

277 1089 377 1117 Iudaeis
391 1090 424 1116 ad
438 1089 518 1117 ﬁdem
540 1089 647 1117 Domini
664 1094 729 1117 sunt
740 1090 839 1122 vocati,
854 1090 895 1117 vel
913 1089 995 1116 etiam
1008 1089 1054 1123 qui

277 1142 311 1162 en
325 1135 448 1169 gentibus
468 1138 651 1167 accesserunt,
666 1134 765 1169 quippe
778 1134 825 1168 qui
844 1141 876 1161 ex
891 1133 1055 1161 irrationali-

277 1180 328 1207 bus
346 1180 469 1214 patribus
491 1180 548 1207 nati
572 1185 646 1208 sunt.
662 1180 761 1214 Alfene
778 1179 890 1206 Domino
905 1180 1016 1215 gloriam
1031 1184 1055 1206 et

278 1225 410 1252 honorem.
424 1225 544 1253 Gloriam
561 1225 638 1253 affert
650 1225 765 1252 Domino
776 1225 822 1260 qui
836 1225 914 1253 bonis
928 1225 1056 1260 operibus

278 1276 365 1305 vacat,
381 1271 530 1299 secundum
544 1271 610 1298 illud
624 1271 696 1306 quod
713 1271 816 1298 dictum
828 1275 887 1298 est:
905 1270 938 1298 Ut
951 1271 1054 1298 videant

277 1326 356 1352 opera
370 1322 455 1345 vestra
474 1318 552 1349 bona,
570 1322 594 1344 et
610 1317 755 1352 gloriﬁcent
772 1317 878 1344 Patrem
897 1322 1010 1344 oestrum
1019 1317 1053 1344 “.

278 1364 383 1392 Rursus
408 1365 538 1392 honorem
557 1363 633 1391 aﬂ‘ert
647 1363 694 1398 qui
715 1364 785 1392 bona
801 1364 856 1391 edit
873 1371 965 1399 opera,
977 1364 1055 1399 juxta

278 1410 304 1437 id
327 1410 400 1446 quod
421 1410 522 1438 dictum
538 1415 580 1438 est
590 1411 630 1437 "z
645 1409 754 1437 Honora
778 1409 917 1437 Dominum
932 1410 963 1437 de
973 1410 1064 1445 justis-

279 1457 330 1483 tuis
343 1455 472 1490 operibus.

314 1502 428 1529 Aderate
442 1501 582 1529 Dominum
592 1502 619 1528 in
633 1503 701 1529 atrio
715 1506 806 1529 sancto
817 1502 883 1536 ejus.
895 1502 987 1530 Palam
998 1502 1054 1530 edi-

278 1548 324 1580 cit,
336 1554 389 1575 non
402 1552 525 1582 oportere
540 1555 589 1575 nos
602 1552 677 1575 extra
687 1548 828 1575 ecclesiam
843 1548 973 1575 adorare:
983 1549 1055 1583 quod

278 1593 505 1621 heterodoxorum
530 1597 714 1621 conventuum
741 1601 823 1621 causa
848 1593 958 1621 dicitur.
984 1592 1055 1628 [Non

278 1642 386 1672 oportet
402 1643 478 1665 extra
501 1638 642 1666 ecclesiam
662 1639 785 1672 adorare,
808 1639 856 1667 sed
874 1639 903 1666 in
923 1631 1055 1674 ipsa‘aula

278 1683 336 1711 Dei.
356 1683 394 1711 Ne
415 1683 492 1717 mihi,
513 1684 610 1719 inquit,
624 1685 749 1720 proprias
767 1685 844 1713 aulas
865 1689 893 1713 et
905 1675 1055 1720 synagogas

277 1729 444 1766 cii-cogitetis,
453 1738 506 1758 una
517 1735 559 1758 est
571 1730 632 1758 aula
645 1735 739 1758 sancta
751 1730 972 1766 Dei.]P0s.sumus
980 1731 1054 1762 item,

278 1781 368 1805 mente
388 1785 497 1805 sursum
516 1781 615 1811 erecta,
630 1784 677 1812 per
698 1777 798 1804 atrium
822 1777 960 1805 caelestem
979 1783 1056 1803 man-

279 1823 383 1851 sionem
399 1823 558 1858 intelligere.

314 1911 340 1939 5.
366 1911 420 1938 V01:
440 1911 547 1938 Domini
565 1919 641 1947 super
657 1919 749 1946 aquas.
770 1912 861 1946 Aquas
878 1910 943 1938 dicit
962 1917 1056 1937 eorum

279 1958 478 1985 multitudinem
499 1957 546 1993 qui
572 1965 620 1992 per
639 1965 686 1985 eas
709 1957 824 1985 salutem
841 1959 1054 1992 consequuntur.

278 2004 363 2039 Aquae
377 2009 440 2031 sunt
451 2003 548 2037 sancti,
557 2003 686 2038 quoniam
695 2002 806 2030 ﬂumina
816 2003 850 2030 de
857 2007 949 2030 ventre
961 2009 1055 2030 eorum

278 2049 373 2082 ﬂuent,
385 2049 408 2064 “
415 2049 565 2084 spiritualis
579 2048 704 2076 videlicet
724 2048 863 2080 doctrina',
877 2055 930 2083 qua
944 2048 1057 2082 irrigant

279 2093 429 2122 auditores.
448 2093 535 2128 Super
560 2093 718 2128 huiusmodi
745 2100 829 2128 aquas
854 2093 986 2121 Dominus
1004 2097 1055 2120 est.

281 2139 333 2167 Sed
348 2139 422 2174 quod
437 2139 577 2167 historiam
586 2143 698 2174 spectat,
709 2138 782 2166 Elias
795 2147 857 2166 cum
877 2139 974 2173 pluvia:
986 2138 1058 2166 defe-

1111 214 1227 249 Χριστὺν
1249 214 1364 242 ἐνταῦθα
1378 214 1423 241 τὸν
1444 214 1587 250 χρισθέντα
1610 214 1672 242 λαὸν
1693 216 1733 246 εἰς
1756 214 1893 250 βασίλειον

1112 260 1259 295 ἱεράτευμα
1276 268 1368 294 φησιν.
1381 260 1465 291 Αὐτὸς
1480 258 1536 292 οὖν,
1551 259 1632 295 φησὶν
1641 280 1649 292 ,
1661 261 1676 286 ὁ
1689 261 1793 295 Κύριος
1807 260 1894 296 ὑπερ-

1110 304 1218 336 ασπίζει
1233 305 1272 336 εἰς
1287 305 1316 331 τὸ
1331 304 1415 331 σῶσαι
1431 305 1475 331 τὸν
1488 304 1631 340 χρισθέντα
1644 305 1677 331 δι’
1693 304 1776 332 αὑτοῦ
1791 306 1843 332 καὶ
1856 306 1895 337 είς

1110 350 1189 378 αὑτὸν
1201 350 1274 377 λαόν.
1328 346 1332 349 Δ

1145 395 1198 422 Καὶ
1214 395 1360 430 ποίμανον
1375 396 1498 429 αὐτοὺς.
1522 396 1571 423 καί
1584 396 1697 431 ἔπορον
1710 397 1824 430 αὐτοὺς
1840 397 1894 429 ἕως

1109 441 1162 468 τοῦ
1183 441 1299 475 αἰῶνος.
1325 443 1409 474 Αὐτὸς
1433 443 1486 478 γὰρ
1511 444 1584 479 ἡμᾶς
1613 445 1756 479 ποιμανεῖ,
1781 444 1894 479 πέμψας

1109 489 1174 523 ἡμῖν
1189 489 1245 515 ἀντ’
1258 489 1339 516 αὐτοῦ
1354 490 1398 516 καὶ
1411 489 1447 521 ὡς
1460 491 1555 517 ἑαυτὸν
1567 490 1612 518 τὸν
1628 491 1818 528 Παράκλητον.
1840 492 1895 518 Καὶ

1110 533 1163 569 μὴν
1179 533 1226 560 καὶ
1244 534 1366 570 ἐπαίρει,
1388 535 1527 562 τουτέστιν
1556 535 1672 571 ὑψηλοὺς
1686 536 1836 571 ἀποεραίνει
1858 538 1895 568 εἰς

1108 579 1170 611 τοὺς
1187 579 1332 614 μέλλοντας
1345 580 1391 607 καὶ
1406 581 1598 615 ἀτελευτήτους
1617 582 1726 614 αἰῶνας.

1176 627 1327 653 ΨΑΔΜΟΣ
1338 627 1377 658 τῷ
1392 626 1480 653 Δαυῖδ
1492 627 1598 659 ἐξόδου
1612 627 1740 662 Σκηνῆς.
1758 630 1830 656 KH'.

1422 673 1580 706 Ὑπόθεσις.

1114 718 1143 746 Ὀ
1158 719 1251 755 παρὼν
1264 718 1355 754 ᾄδεται
1369 718 1485 754 ψαλμὸς,
1510 719 1712 754 ἐκϐαλλομένων
1731 720 1782 754 μὲν
1793 720 1854 746 τῶν
1869 721 1899 753 ἐξ

1149 765 1254 800 Ἰσραὴλ
1265 785 1272 797 ,
1286 765 1518 800 ἀντεισαγομένων
1532 765 1560 792 δὲ
1573 765 1627 792 τῶν
1643 765 1738 793 ἐθνῶν.
1753 766 1846 793 Τοῦτο
1869 766 1899 793 δὲ

1141 811 1215 847 δηλοῖ
1229 812 1300 847 καὶή
1315 812 1454 847 ἐπιγραφὴ
1468 812 1485 846 ἡ
1498 811 1623 846 λέγουσα,
1631 811 1896 847 ἘξόδουΣκηνῆς,

1096 854 1097 857 “
1145 857 1237 892 σαφῶς
1251 858 1300 894 τὴν
1314 858 1401 890 ἔξοδον
1415 858 1504 884 αὐτῶν
1517 858 1583 893 ἡμῖν
1596 857 1853 893 κατασημαίνουσα.

1148 904 1301 938 Ἐνέγκατε
1314 903 1353 936 τῷ
1367 904 1473 937 Κυρίῳ,
1487 903 1545 930 υἱοί
1557 903 1733 935 Θεοῦ.ιῖ’ίοὺς
1745 903 1815 930 Θεοῦ
1832 903 1897 935 τοὺς

1109 950 1201 984 ἁγίους
1214 949 1376 981 ἀποστόλους
1385 949 1470 976 καλεῖ·
1481 949 1582 982 ἐδίδαξε
1608 950 1663 985 γὰρ
1677 950 1776 982 αὐτοὺς
1789 949 1895 984 λέγειν·

1109 996 1203 1030 Πάτερ
1227 995 1311 1030 ἡμῶν
1330 997 1346 1023 ό
1364 996 1399 1022 ἐν
1421 997 1482 1028 τοῖς
1502 995 1651 1030 οὐρανοῖς.
1677 995 1836 1030 Ἐνέγκατε
1858 995 1898 1027 τῷ

1108 1043 1204 1076 Κυρίῳ
1215 1042 1300 1075 υἱοὺς
1314 1042 1413 1076 κριῶν.
1428 1042 1509 1073 Υἱοὺς
1523 1041 1606 1077 κριῶν
1618 1042 1680 1072 τοὺς
1699 1041 1852 1077 κληθέντας
1864 1041 1897 1067 δι’

1107 1088 1195 1115 αὐτῶν
1215 1089 1245 1114 ὲκ
1264 1087 1311 1114 τοῦ
1330 1087 1462 1114 Ἰουδαίων
1476 1087 1566 1119 ἔθνους
1583 1088 1622 1118 εἰς
1635 1087 1683 1123 τὴν
1696 1087 1788 1114 πίστιν
1801 1088 1855 1122 τὴν
1869 1089 1897 1114 ἐν

1108 1135 1202 1170 Κυρίῳ
1226 1135 1352 1170 σημαίνει
1364 1144 1370 1149 ·
1392 1134 1408 1169 ἢ
1424 1134 1545 1165 καὶτοὺς
1564 1133 1594 1166 ἐξ
1610 1133 1694 1160 ὲθνῶν
1711 1135 1898 1160 πεπιστευκό-

1107 1189 1174 1214 τας,
1189 1181 1236 1207 ἅτε
1253 1181 1285 1216 δὴ
1301 1180 1403 1214 φύντας
1418 1179 1447 1213 ἐξ
1466 1180 1569 1214 ἀλόγων
1584 1179 1718 1215 πατέρων.
1738 1179 1898 1213 Ἐνέγκατε

1107 1227 1147 1260 τῷ
1159 1228 1256 1262 Κυρίῳ
1269 1227 1361 1260 δόξαν
1377 1227 1427 1254 καί
1437 1226 1534 1262 τιμήν.
1550 1226 1634 1258 Δόξαν
1649 1227 1697 1262 μὲν
1710 1225 1788 1262 φέρει
1802 1235 1846 1259 τις
1857 1227 1898 1261 τῷ

1108 1273 1202 1309 Κυρίῳ
1217 1272 1406 1308 ἀγαθοεργῶν,
1421 1273 1491 1299 κατὰ
1511 1272 1541 1299 τὺ
1563 1272 1706 1308 εἰρημένον
1718 1280 1725 1287 ·
1741 1271 1847 1305 Ὅπως
1873 1273 1898 1298 τ-

1107 1319 1181 1346 δωσι
1199 1319 1235 1346 τὰ
1251 1319 1328 1349 καλὰ
1339 1319 1410 1353 ἔργα
1428 1318 1520 1353 ὑμῶν,
1536 1318 1586 1345 καί
1597 1318 1748 1350 δοξάσωσι
1761 1318 1816 1345 τὸν
1832 1319 1896 1344 Πα-

1108 1365 1177 1399 τέρα
1199 1364 1291 1400 ὑμῶν.
1312 1365 1400 1400 Τιμὴν
1424 1364 1452 1391 δὲ
1476 1364 1574 1397 πάλιν,
1599 1363 1704 1398 ἀγαθὰς
1725 1364 1897 1399 ἐπιτηδεύων

1109 1410 1221 1447 πράξεις
1233 1430 1240 1442 ,
1255 1410 1326 1438 κατὰ
1337 1413 1367 1437 τὸ
1381 1410 1522 1446 εἰρημένον
1532 1419 1538 1424 -
1557 1410 1628 1445 Τίμα
1639 1409 1692 1437 τὸν
1705 1409 1816 1443 Κύριον
1834 1409 1897 1436 ἀπὸ

1108 1456 1172 1483 σῶν
1188 1456 1309 1483 δικαίων
1323 1456 1433 1483 πόνων.

1143 1503 1378 1538 Προσκυνήσατε
1390 1504 1430 1536 τῷ
1445 1504 1542 1538 Κυρίῳ
1558 1504 1592 1530 ἐν
1612 1502 1690 1537 αυλῇ
1703 1503 1772 1538 ἁγίᾳ
1786 1503 1895 1529 αὑτοῦ.

1110 1548 1205 1582 Σαφῶς
1218 1547 1262 1575 διὰ
1280 1548 1380 1575 τούτων
1393 1549 1458 1584 ἡμῖν
1473 1547 1688 1584 παρακελεύεται
1698 1566 1705 1580 ,
1721 1547 1758 1579 ὡς
1776 1546 1831 1580 ἔξω
1845 1547 1898 1582 τῆς

1109 1593 1254 1628 ἐκκλησίας
1276 1593 1306 1620 οὐ
1333 1593 1372 1619 δεῖ
1395 1594 1566 1628 προσκυνεῖν.
1592 1592 1677 1619 Τοῦτο
1702 1591 1730 1618 δέ
1757 1599 1826 1626 φησι
1853 1591 1899 1617 διὰ

1108 1640 1157 1672 τὰς
1175 1640 1228 1667 τῶν
1243 1639 1402 1676 ἑτεροδόξων
1416 1639 1585 1674 συναγωγάς.
1603 1638 1802 1675 [Προσκύνησις
1819 1637 1853 1664 δὲ
1867 1639 1898 1664 οὐ

1109 1687 1160 1723 χρὴ
1182 1687 1233 1720 ἔξω
1245 1686 1294 1721 τῆς
1315 1686 1462 1719 ἐκκλησίας
1473 1708 1480 1719 ,
1495 1686 1552 1712 ἀλλ’
1572 1685 1601 1712 ὲν
1626 1685 1694 1720 αὐτῇ
1710 1686 1743 1720 τῇ
1761 1684 1831 1720 αὺλῇ
1850 1685 1900 1711 τοῦ

1108 1732 1175 1759 Θεοῦ
1197 1731 1354 1767 τελουμένη.
1371 1732 1417 1767 Μή
1439 1739 1500 1766 μοι,
1522 1730 1621 1766 φησὶν,
1649 1730 1715 1762 ιδίας
1738 1729 1823 1761 αὐλὰς
1851 1730 1901 1756 καὶ

1110 1778 1268 1813 συναγωγὰς
1284 1779 1430 1805 ἐπινοεῖτε·
1450 1777 1498 1813 μία
1512 1777 1585 1804 ἐστὶν
1599 1776 1667 1813 αὐλὴ
1681 1777 1697 1812 ἡ
1712 1776 1778 1811 ἁγία
1801 1776 1900 1813 9:06.]

1109 1824 1223 1850 Δυνατὺν
1243 1823 1272 1850 δὲ
1292 1823 1375 1858 αὐλὴν
1402 1821 1640 1857 ἐπαναϐεϐηκότας
1662 1821 1756 1857 νοῆσαι
1770 1821 1821 1857 τὴν
1846 1823 1899 1849 ἑπ-

1109 1871 1232 1906 ουράνιον
1245 1870 1392 1905 διαγωγήν.

1144 1915 1229 1949 Φωνὴ
1245 1915 1354 1949 Κυρίου
1367 1914 1484 1942 ἐπὶτῶν
1490 1914 1619 1942 ὑδάτων.
1634 1913 1736 1941 Ὗδατά
1761 1922 1830 1949 φησι
1843 1915 1902 1942 τῶν

1109 1963 1152 1990 διὰ
1171 1962 1271 1989 τούτων
1291 1961 1450 1998 σωζομένων
1471 1961 1505 1988 τὰ
1527 1961 1626 1996 πλήθη.
1644 1960 1747 1988 Ὕδατα
1768 1960 1795 1987 οι
1810 1961 1902 1996 ἅγιοι,

1109 2008 1201 2044 διόπερ
1224 2008 1342 2043 ποταμοὶ
1367 2007 1508 2043 ῥεύσουσιν
1531 2008 1564 2034 ὲκ
1585 2007 1636 2041 τῆς
1659 2007 1762 2038 κοιλίας
1785 2007 1900 2034 αὐτῶν·

1109 2055 1232 2081 τουτέστι
1248 2055 1418 2090 πνευματικὴ
1432 2054 1598 2086 διδασκαλία,
1610 2054 1644 2080 δι’
1658 2051 1692 2089 ἧς
1708 2053 1820 2089 ἄρδουσι
1834 2055 1901 2086 toil;

1110 2101 1266 2132 ἀκούοντας.
1283 2100 1344 2127 Ἐπὶ
1362 2100 1415 2127 τῶν
1431 2099 1557 2127 τοιούτων
1573 2097 1619 2127 οὗν
1634 2099 1737 2126 ὑδάτων
1753 2100 1767 2126 ό
1780 2099 1899 2135 Κύριος.

1117 2146 1195 2173 Ἀλλὰ
1207 2146 1266 2173 καθ’
1284 2146 1403 2182 ἱστορίαν
1421 2146 1513 2178 Ἠλίας
1525 2146 1594 2181 μετὰ
1606 2146 1654 2181 τὴν
1669 2145 1800 2181 ἀῦροχίαν
1811 2146 1901 2180 ἤκουε

280 2190 340 2213 ctus
352 2189 435 2215 esset.
448 2185 551 2212 audivit
563 2192 656 2212 vocem
669 2192 800 2220 aquarum
814 2185 959 2212 multarum
977 2185 1056 2221 (alius

1115 2193 1201 2227 ιρωνὴν
1215 2193 1317 2219 ὑδάτων
1335 2191 1450 2219 πολλῶν.
1474 2192 1529 2227 Τὴν
1544 2192 1692 2226 γενομένην
1707 2191 1790 2226 φησὶν
1812 2192 1844 2217 ὲν
1862 2192 1902 2227 τῷ

280 2232 383 2266 eodem).
397 2231 495 2259 Vocem
510 2231 615 2259 Domini
630 2230 668 2258 ait
681 2231 708 2257 in
721 2230 838 2258 Jordane
850 2239 866 2258 a
878 2231 933 2259 Deo
944 2235 971 2259 et
981 2231 1060 2259 Patre

279 2278 407 2306 emissam
421 2285 453 2305 ac
469 2277 601 2305 dicentem
616 2276 656 2304 ‘7:
674 2277 726 2304 Hic
747 2282 784 2305 est
807 2277 878 2312 ﬁlius
901 2287 972 2305 meus
994 2278 1060 2305 dile-

280 2329 348 2356 ctus,
363 2331 445 2358 quam
460 2323 541 2351 etiam
555 2323 676 2351 tonitruo
692 2329 841 2358 comparat,

314 2369 340 2397 ὅ.
363 2369 420 2396 Vox
433 2368 540 2395 Domini
562 2368 749 2404 confringentis
776 2369 876 2396 cedros.
898 2368 1001 2396 Cedros
1016 2369 1060 2396 hic

280 2415 346 2443 dicit
358 2415 527 2443 adversarias
539 2419 693 2450 potestates.
708 2414 743 2442 Et
764 2415 908 2450 confringet
931 2414 1059 2442 Dominus

280 2461 370 2489 cedro:
391 2461 497 2488 Libani.
513 2461 615 2489 Cedros
636 2461 733 2490 Libani
754 2462 792 2489 ait
808 2462 939 2489 sublimes
954 2461 1059 2488 Judaici

278 2506 372 2541 populi
385 2506 510 2535 homines
524 2517 529 2534 :
543 2508 606 2542 quia
614 2507 773 2543 plerumque
785 2508 810 2535 in
819 2507 909 2535 divina
922 2507 1059 2542 Scriptura

280 2551 400 2579 Libanus
414 2551 581 2588 Jerosolyma
597 2553 706 2580 dicitur.

309 2643 374 2670 6.Et
386 2644 541 2671 comminuet
553 2652 596 2671 eas
607 2649 731 2678 tanquam
743 2643 852 2670 vitulum
866 2643 1003 2671 Libanum.
1012 2643 1058 2671 Vi-

279 2691 362 2723 tulus,
379 2690 405 2717 id
427 2695 470 2718 est
492 2691 585 2718 altare.
604 2689 638 2716 Et
659 2690 768 2717 dilectus
788 2689 1006 2724 quemadmodum
1025 2692 1058 2726 ﬁ-

280 2735 330 2762 lius
349 2736 524 2763 unicoruium.
546 2736 663 2763 Dilectus
676 2735 860 2770 apostolorum
873 2737 972 2765 chorus
987 2738 1057 2767 ﬁlius

313 2823 335 2839 “
350 2824 442 2853 Matth.
459 2833 501 2856 \‘i,
519 2825 543 2852 θ.
583 2824 605 2842 ⁸⁵
622 2825 703 2853 Matth
731 2835 753 2859 γ,
772 2827 811 2854 16.
850 2827 872 2845 ⁵⁸
892 2828 970 2857 Prov.
991 2836 1030 2864 III,
1048 2829 1074 2859 9.

1115 2239 1232 2275 Ἰορδάνῃ
1246 2238 1293 2265 τοῦ
1306 2238 1372 2265 Θεοῦ
1388 2239 1435 2265 καὶ
1449 2238 1565 2274 Πατρδς,
1578 2239 1625 2265 καὶ
1636 2238 1766 2272 λέγουσαν
1777 2245 1784 2252 ”
1801 2236 1901 2272 Οὗτός

1108 2286 1193 2312 ἐστιν
1203 2287 1218 2311 d
1236 2285 1301 2318 Υἱός
1309 2293 1370 2318 μου
1381 2285 1397 2311 ὁ
1409 2284 1569 2326 ἀγαπητὸς,
1579 2284 1612 2319 ἢν
1623 2284 1669 2311 καὶ
1682 2283 1780 2319 βροντῇ
1796 2292 1900 2319 παρει-

1109 2331 1186 2363 κάζει

1145 2377 1230 2411 Φωνὴ
1258 2377 1367 2411 Κιψίου
1386 2376 1597 2410 συντρίϐοντος
1615 2375 1750 2410 κέδρους.
1773 2375 1898 2410 Κέδρους

1112 2424 1140 2450 ἐν
1164 2423 1268 2454 τούτοις
1290 2422 1339 2454 τὰς
1364 2421 1552 2457 ἀντικειμένας
1575 2421 1703 2456 δυνάμεις
1716 2419 1808 2455 φησίν.
1841 2422 1899 2448 Καὶ

1111 2469 1269 2502 συντρίψει
1286 2468 1392 2502 Κύριος
1405 2468 1458 2500 τὰς
1470 2466 1594 2501 κέδρους
1609 2466 1662 2493 τοῦ
1678 2465 1818 2493 Λιϐάνου.
1841 2467 1897 2493 Κέ-

1111 2513 1190 2548 δρους
1210 2512 1324 2539 Λιϐάνου
1338 2512 1400 2544 τοὺς
1418 2511 1534 2546 ὑψηλοὺς
1550 2511 1597 2538 τοῦ
1617 2511 1750 2538 Ἰουδαίων
1764 2511 1829 2537 λαοῦ
1846 2520 1899 2546 φη-

1113 2567 1165 2590 σιν.
1175 2559 1218 2586 διὰ
1231 2559 1262 2586 τὺ
1275 2558 1431 2594 ὠνομάσθαι
1441 2558 1569 2590 πολλάκις
1577 2559 1605 2584 ὲν
1617 2559 1650 2593 τῇ
1663 2557 1722 2594 θείᾳ
1738 2557 1833 2594 Γραφῇ
1850 2559 1898 2584 Λί-

1112 2605 1191 2632 6ανον
1203 2605 1252 2640 τὴν
1268 2603 1452 2639 Ἰερουσαλήμ.

1145 2649 1199 2677 Καὶ
1212 2649 1356 2676 λεπτυνεῖ
1374 2649 1467 2682 αὐτὰς
1482 2650 1521 2682 ὠς
1534 2649 1586 2676 τὸν
1598 2650 1717 2684 μόσχον
1739 2649 1792 2676 τὸν
1807 2650 1895 2676 Λίϐηη

1110 2705 1174 2723 νον.
1199 2697 1227 2722 '0
1249 2695 1348 2730 μόσχος
1366 2695 1396 2722 τὸ
1414 2695 1603 2730 θυσιαστήριον
1622 2695 1705 2731 δηλοῖ.
1721 2696 1774 2722 Καὶ
1793 2697 1809 2722 o'
1823 2697 1894 2731 ἡγνι-

1112 2740 1242 2775 πημένος
1262 2740 1302 2772 ὡς
1323 2740 1387 2773 υίὸς
1407 2739 1627 2775 μονοκερώτων.
1655 2741 1682 2767 Ὀ
1697 2741 1875 2777 ἠγαπημένος
1886 2765 1894 2778 ,

1113 2829 1134 2846 ³⁸
1147 2829 1226 2859 Joan.
1245 2837 1293 2864 ut,
1312 2829 1354 2858 38.
1395 2829 1521 2860 "Matth.
1536 2838 1576 2864 In,
1597 2831 1638 2857 l7.
