1938 3053
91 125 151 153 ΐ53

641 133 823 163 EXPO‘SITIO
839 136 872 164 ΙΝ
890 138 1062 170 PSALMUM
1073 141 1169 170 XXIX.

1674 150 1727 177 151i

89 184 182 220 φησὶ,
195 184 247 211 τῶν
262 185 420 213 ἀποστόλων
436 188 516 223 χορὸς
544 189 599 221 υἱὸς
622 190 716 224 γέγονε
735 194 868 228 μονοκερά

940 197 992 225 fuit
1010 200 1196 227 unicorninm.
1213 199 1365 229 Uuicornes
1381 206 1471 230 autem
1485 208 1550 231 sunt
1563 208 1648 233 sancli
1661 215 1723 242 pro-

87 239 160 257 των.
180 231 373 266 Μονοκέρωτες
397 233 425 259 δὲ
444 235 468 260 οἱ
489 234 561 269 ἆγιοι
578 237 716 272 προφῆται
732 238 778 264 καὶ
792 247 887 275 πατρι-

89 276 194 311 άρχαι,
207 273 243 303 ὧν
259 277 312 304 υἱοὶ
327 279 351 304 οἱ
370 279 443 312 ἇγιοι
461 280 604 308 ἀπόστολοι
619 289 625 295 ·
641 283 684 310 διὰ
699 283 729 310 τὸ
743 284 789 311 ἐπὶ
813 273 886 321 μόνῳ

87 321 154 358 Θεῷ
165 323 194 349 τὸ
206 323 287 358 κέρας
303 324 351 351 καὶ
365 325 414 360 τὴν
428 326 503 360 ἰσχὺν
521 326 602 362 ἔχειν.

126 369 215 403 Φωνὴ
231 370 342 404 Κυρίου
363 371 576 406 διακόπτοντος
591 375 690 409 φλόγα
709 377 812 410 πιιρός.
829 376 884 403 AD—

87 412 141 448 ’τὴν
158 413 206 448 τὴν
220 415 386 449 ἐπαγγελίαν
403 418 548 452 σημαίνει,
568 419 600 454 ἣν
614 422 670 452 τοῖς
687 421 773 455 ἁγίοις
797 422 883 457 ἐπηγ-

87 459 200 492 γείλατο
213 460 299 495 λέγων
308 469 316 476 ⁸
332 462 389 489 Καὶ
403 463 457 490 ἐὰν
478 464 514 490 ἐν
533 464 619 500 μέσῳ
635 467 730 501 πυρὸς
744 467 863 502 διέλθῃς
875 488 882 500 ,

86 506 151 538 πῦρ
168 506 204 532 οὺ
219 508 402 535 κατακαύσει
415 515 462 536 σε.

123 551 212 585 Φωνὴ
235 553 345 586 Κιφίου
367 556 568 590 συσσείοντος
592 557 713 592 ἔρημον.
733 558 781 591 Τὸ,
805 565 883 586 συσ-

84 596 180 623 σείων
195 597 311 624 ἐνταῦθα
335 599 439 634 εἴρηται
461 601 508 628 ἐπὶ
528 603 575 629 τοῦ
600 603 763 637 ἐξακούστου
790 605 880 638 πάλιν,

83 641 124 673 ὡς
139 642 182 676 τὸ,
206 644 406 680 Εἰσελθόντος
419 647 472 674 τοῦ
490 648 604 683 Ἰησοῦ,
621 650 746 685 ἐσείσθη
760 650 845 679 πᾶσα
860 653 880 687 ἡ

83 687 187 720 πόλις.
206 689 328 724 Ἐρημον
345 690 375 717 δὲ
395 691 443 727 τὴν
461 692 490 725 ἐξ
514 694 597 721 ἐθνῶν
615 695 777 731 Ἐκκλησίαν
789 697 878 731 λέγει,

82 731 134 767 τὴν
148 732 233 759 πάλαι
249 733 350 769 ἔρημον
365 733 446 763 οὖσαν
461 738 508 773 τῆς
524 739 570 765 τοῦ
586 739 654 766 Θεοῦ
671 740 807 774 γνώσεως.
825 743 880 770 Καὶ

81 780 247 806 συσσείσει
278 781 386 814 Κύριος
415 782 471 816 τὴν
494 783 606 818 ἔρημον
638 785 748 820 Κάδης.
786 787 880 824 Κάδης

82 822 153 858 ἁγία
178 825 369 861 ἑρμηνεύεται.
397 827 474 862 Ἀγία
497 828 525 855 δὲ
545 831 561 866 ή
587 831 705 866 Χριστοῦ
730 822 876 869 Ἐκκλησία

81 871 183 899 νοεῖται

115 915 204 949 Φωνὴ
217 917 328 951 Kvplov
342 919 567 956 καταρτιζομένη
579 922 722 957 ἐλάφους,
739 925 787 952 καὶ
798 927 873 953 ἀπο-

78 962 213 1006 καλύψει
229 962 370 998 δρυμούς.
387 966 499 1001 Ἐλαφοι
515 967 565 1002 μὲν
588 970 611 995 οἰ
637 969 708 1004 ἅγιοι
719 979 725 985 ·
739 979 874 1006 καταρτι-

78 1005 185 1041 ζομένη
204 1008 231 1034 δὲ
246 1009 305 1035 ἀντὶ
319 1010 381 1043 τοῦ,
394 1011 609 1047 εὑτρεπίζοντος.
626 1015 711 1048 Αὐτὸς
734 1017 788 1052 γὰρ
810 1005 873 1050 τοὺς

77 1053 173 1087 ἁγίους
195 1055 360 1089 ἀποστόλους
380 1057 543 1093 εὐτρεπίσας
565 1060 713 1096 ἐξέπεμψε,
735 1063 806 1090 κατὰ
830 1064 870 1096 τὸ,

77 1099 294 1134 Πορευθέντες,
312 1104 521 1137 μαθητεύσατε
533 1105 631 1132 πάντα
649 1107 685 1134 τὰ
701 1107 785 1142 ἔθνη.
801 1110 872 1143 Δρυ-

74 1145 152 1178 μοὺς
167 1145 220 1182 τὴν
237 1147 398 1183 Ἐκκλησίαν
411 1150 559 1184 ἀποκαλεῖ,
580 1151 624 1179 διὰ
636 1152 666 1179 τὸ
680 1153 764 1181 πάλαι
785 1154 871 1187 ξύλων

77 1190 215 1227 ἀκάρπων
227 1189 296 1219 εἶναι
312 1194 429 1230 μητέρα.

110 1237 188 1273 [Καὶ
210 1238 245 1265 ἐν
260 1239 301 1272 τῷ
321 1241 384 1274 ναῷ
403 1243 497 1270 αὐτοῦ
515 1244 574 1277 πᾶς
598 1253 643 1278 τις
661 1246 743 1280 λέγει
765 1246 870 1279 δόξαν,

79 1282 107 1309 '0
121 1284 231 1320 Κύριος
241 1304 250 1318 ,
268 1286 332 1319 τοὺς
347 1287 439 1322 ἁγίους
454 1289 621 1323 ἀποστόλους
644 1292 807 1328 εὐτρεπίσας
827 1295 870 1328 ἑξ-

72 1329 216 1366 ιὶπεμψεν,
234 1332 304 1359 ὥστε
320 1334 383 1365 τοὺς
401 1335 532 1372 δαίμονας
557 1338 738 1373 ἀποσοϐῆσαι,
763 1341 810 1368 καὶ
835 1341 870 1369 τὰ

71 1376 133 1412 ἔθνη
150 1378 197 1409 εἰς
212 1379 359 1413 ἐπίγνωσιν
373 1380 439 1408 Θεοῦ
456 1382 594 1419 ἀγαγεῖν.]

105 1425 219 1459 Κύριος
241 1425 295 1452 τὸν
310 1428 526 1463 κατακλυσμὸν
548 1431 701 1460 κατοικιεῖ.
725 1433 869 1460 Κατακλυ-

71 1470 138 1505 σμὸν
151 1471 187 1496 τὸ
204 1470 304 1506 πλῆθος
318 1473 371 1500 τῶν
393 1475 596 1503 πιστευσάντων
608 1477 683 1512 λέγει
700 1479 770 1506 κατὰ
786 1479 817 1506 τὸ
830 1481 868 1506 al-

72 1525 103 1551 ρη
108 1516 194 1551 μένον
202 1537 210 1551 ,
226 1518 266 1544 ὃτι
283 1518 313 1547 Ἡ
325 1519 471 1554 σύμπασα
484 1521 523 1556 γεῆ
536 1522 709 1559 ἐνεπλήσθη
728 1525 779 1553 τοῦ
791 1526 866 1561 γνῶ-

72 1569 116 1588 ιαι
130 1562 190 1589 τὸν
204 1563 323 1598 Κύριον,
336 1565 375 1597 ὡς
399 1565 470 1602 ὕδωρ
484 1567 551 1595 πολὺ
568 1570 757 1606 κατακαλύψαι
770 1571 866 1600 θάλασ-

72 1614 129 1635 σαν.
162 1609 221 1635 Καὶ
252 1610 395 1638 καθιεῖται
427 1613 535 1647 Κύριος
557 1615 709 1649 ,βασιλεὺς
739 1618 782 1650 εἰς
812 1618 866 1646 τὸν

72 1653 163 1682 αἰῶνα
175 1663 182 1670 ·
196 1655 287 1690 ὅμοιον
300 1656 349 1692 τῷ,
362 1657 423 1684 Ὅτι
435 1659 515 1692 αὑτῷ
526 1660 637 1695 κάμψει
653 1662 715 1691 πᾶν
726 1664 810 1698 γόνυ.

102 1701 216 1734 Κύριος
233 1701 325 1736 ἰσχὺν
336 1702 376 1736 τῷ
386 1704 450 1737 λαῷ
461 1706 555 1733 αὐτοῦ
566 1706 666 1735 δώσει.
682 1709 795 1744 Ὅμοιον
809 1710 847 1746 τῷ
856 1720 862 1727 ·

73 1745 172 1774 Πάντα
199 1748 294 1782 ἰσχύω
314 1749 350 1775 ἐν
370 1749 410 1782 τῷ
430 1750 650 1786 ἐνδυναμοῦντί
673 1762 711 1788 με
736 1745 861 1789 Χριστῷ.

54 1792 179 1830 ,Κύριος
198 1794 360 1827 εὐλογήσει
384 1795 438 1822 τὸν
465 1796 542 1824 λαὸν
563 1799 657 1826 αὐτοῦ
686 1799 721 1826 ἐν
746 1801 859 1837 εἰρήνῃ.

72 1837 185 1873 Ὅμοιον
199 1838 247 1874 τῷ,
262 1840 396 1873 Εἰρήνην
406 1841 464 1875 τὴν
479 1841 556 1877 ἐμὴν
566 1842 671 1879 δίδωμι
684 1845 765 1880 ὑμῖν,
779 1848 860 1882 εὶρή-

71 1891 124 1917 ιην
139 1883 201 1918 τὴν
212 1884 289 1919 ἐμὴν
300 1885 407 1921 ἀφίημι
419 1887 501 1922 ὑμῖν.

936 243 1024 278 phetm
1045 249 1071 272 et
1090 245 1261 279 patriarchae,
1276 254 1395 281 quorum
1410 248 1456 275 ﬁlii
1473 255 1537 277 sunt
1553 253 1642 279 sancti
1655 261 1721 288 apo-

936 288 1010 321 stoli,
1023 297 1056 316 eo
1069 290 1142 325 quod
1155 298 1240 318 cornu
1252 295 1279 319 et
1291 291 1477 321 fortitudinem
1492 296 1519 322 in
1534 297 1593 324 solo
1604 296 1660 325 Deo
1675 299 1722 326 ha-

935 335 1052 362 buerint.

971 380 996 407 7.
1019 380 1076 408 Vox
1095 381 1201 410 Domini
1214 384 1392 412 intercidentis
1407 386 1542 420 ﬂammam
1557 389 1635 423 ignis.
1653 389 1721 417 Pro-

934 427 1094 455 missionem
1113 428 1186 455 illam
1207 430 1343 463 significat
1357 439 1411 465 qua
1431 434 1532 461 sanctis
1544 442 1573 461 se
1592 435 1719 471 obligavit

933 473 1027 501 dicens
1038 474 1071 500 ".
1084 473 1118 501 Et
1132 476 1156 501 si
1167 483 1213 510 per
1224 476 1337 505 medium
1348 477 1416 512 ignis
1429 479 1577 514 transieris,
1589 481 1655 516 ignis
1668 490 1723 509 non

934 523 957 545 te
970 521 1114 548 comburet.

967 566 994 593 8.
1018 565 1072 593 Vox
1087 566 1194 594 Domini
1207 570 1378 596 concutxentis
1395 570 1535 598 desertum.
1561 571 1727 601 Concutiens:

933 611 977 639 hic
992 612 1095 639 dictum
1113 617 1164 645 est,
1176 621 1210 640 eo
1224 615 1299 649 quod
1314 622 1347 642 ex
1361 616 1454 643 sonitu
1467 617 1617 649 audiretur,
1638 623 1666 646 ut
1677 626 1718 647 est

931 657 997 684 illud
1007 666 1014 685 :
1024 657 1260 692 Ingredientelesu
1268 666 1397 687 commota
1404 666 1442 688 est
1453 662 1573 689 universa
1583 664 1673 691 civitas
1682 665 1714 691 ιθ.

930 702 1072 731 Desertum
1084 709 1174 732 autem
1189 705 1255 732 dicit
1267 705 1415 734 Ecclesiam
1431 708 1561 743 gentium,
1577 717 1639 744 quae
1651 711 1714 738 olim

929 749 1035 776 deserta
1050 754 1077 777 et
1089 749 1218 778 destituta
1231 756 1303 779 esset
1317 751 1362 779 Dei
1375 754 1539 788 cognitione.
1557 753 1592 780 Et
1604 763 1717 783 commo-

928 796 996 822 vebit
1006 795 1136 823 Dominus
1154 797 1285 824 desertum
1309 798 1403 826 Gades.
1419 799 1507 828 Cades
1524 806 1616 827 sancta
1632 801 1718 829 inter-

927 847 1059 877 pretatur.
1083 842 1116 870 Et
1130 851 1196 871 vero
1209 843 1331 872 Ecclesia
1349 845 1452 873 Christi
1467 850 1561 874 sancta
1577 851 1713 874 censetur.

959 929 984 957 9.
995 929 1049 957 Vox
1062 930 1166 958 Domini
1181 933 1356 967 prmparantis
1370 941 1468 965 ceruos,
1480 939 1504 961 et
1519 934 1642 961 reuelauit
1655 943 1714 961 con-

923 975 1014 1004 densa.
1033 976 1112 1004 Cet’vi
1125 982 1189 1005 sunt
1203 978 1301 1006 sancti.
1311 978 1496 1014 Prteparantis
1507 985 1597 1007 autem
1612 984 1653 1008 est
1663 988 1714 1008 ceu

923 1021 1098 1049 adornautis:
1112 1023 1170 1057 ipse
1184 1031 1301 1058 namque
1315 1029 1424 1052 sanctos
1438 1025 1576 1060 apostolos
1595 1025 1714 1053 adorna-

923 1072 964 1096 tos
987 1073 1014 1096 et
1026 1069 1176 1098 instructos
1200 1071 1285 1103 misit,
1298 1071 1375 1105 juxta
1398 1072 1463 1099 illud
1482 1081 1488 1099 :
1506 1072 1607 1099 Euntes
1623 1073 1724 1100 docete‘

922 1121 1011 1141 omnes
1036 1119 1123 1149 gentes
1141 1115 1174 1143 ⁸⁸.
1199 1115 1337 1142 Condensa
1357 1121 1448 1144 autem
1466 1117 1614 1145 Ecclesiam
1634 1118 1710 1150 dicit,

921 1159 994 1194 quod
1005 1164 1078 1188 esset
1092 1161 1159 1188 olim
1175 1161 1408 1190 infructuosarum
1427 1162 1557 1190 arborum
1572 1167 1669 1191 mater.

954 1236 1000 1273 [Et
1013 1238 1041 1264 in
1062 1238 1158 1273 templo
1173 1238 1230 1273 ejus
1247 1240 1331 1273 quivis
1350 1239 1462 1274 gloriam
1484 1240 1559 1267 dicit.
1578 1240 1714 1269 Dominus

920 1289 982 1310 cum
998 1287 1107 1312 sanctos
1125 1285 1265 1319 apostolos
1286 1292 1479 1320 praeparasset,
1495 1287 1586 1314 emisit
1603 1295 1662 1320 eos,
1681 1293 1711 1315 ut

920 1328 1057 1357 daemones
1082 1334 1251 1357 exterrerent
1276 1336 1358 1365 atque
1375 1330 1512 1366 iurgarent,
1524 1336 1551 1359 et
1570 1337 1664 1367 gentes
1682 1332 1710 1359 in

919 1373 967 1401 Dei
982 1374 1165 1410 cognitionem
1185 1375 1320 1412 agerent.]

956 1430 1001 1458 10.
1016 1430 1146 1459 Dominus
1170 1431 1298 1460 diluvium
1311 1432 1462 1460 inhabitare
1480 1433 1555 1468 facit.
1573 1433 1708 1462 Diluvium

919 1477 958 1505 ait
983 1485 1044 1506 esse
1062 1479 1183 1514 gentium
1207 1478 1425 1512 multitudinem,
1441 1480 1520 1514 juxta
1543 1480 1609 1507 illud
1636 1481 1709 1515 quod

918 1523 1023 1550 dictum
1039 1528 1081 1551 est
1095 1532 1102 1551 :
1119 1523 1210 1551 Omnis
1230 1529 1300 1551 terra
1312 1524 1422 1559 impleta
1436 1529 1476 1552 est
1493 1525 1640 1560 cognitione
1655 1525 1709 1552 Do-

917 1570 983 1596 mini
996 1569 1029 1602 “,
1043 1577 1092 1597 ceu
1105 1577 1174 1604 aqua
1188 1569 1273 1596 multa
1288 1577 1349 1604 quae
1362 1577 1437 1597 mare
1455 1570 1569 1604 aperiat.
1586 1569 1622 1596 Et
1636 1570 1709 1597 sede-

915 1615 952 1643 bit
969 1617 1098 1644 Dominus
1120 1625 1167 1644 rea:
1187 1617 1215 1644 in
1233 1621 1373 1650 mternum,
1388 1617 1452 1646 huic
1469 1617 1568 1650 simile,
1582 1617 1709 1652 quoniam

913 1663 964 1698 ipsi
976 1663 1129 1690 curvabitur
1144 1671 1218 1690 omne
1232 1671 1300 1698 genu
1312 1663 1344 1689 ".

949 1708 993 1736 Η.
1014 1708 1146 1735 Dominus
1173 1709 1296 1735 uirtutem
1314 1707 1410 1744 populo
1431 1715 1478 1735 suo
1499 1708 1594 1735 dabit:
1611 1707 1707 1735 Simile

914 1754 979 1781 huic
997 1763 1003 1781 :
1021 1753 1118 1782 Omnia
1139 1763 1245 1789 possum
1263 1755 1291 1781 in
1307 1763 1336 1781 eo
1358 1755 1404 1789 qui
1423 1763 1462 1781 me
1483 1755 1613 1789 confortat
1628 1754 1707 1782 Chri-

914 1805 954 1827 sto
966 1800 1000 1827 ⁶³.
1021 1799 1152 1827 Dominus
1166 1800 1297 1827 benedice!
1315 1801 1410 1834 populo
1427 1809 1474 1827 suo
1488 1801 1515 1827 in
1527 1808 1601 1835 pace,
1616 1800 1706 1828 simile

914 1847 978 1873 huic
992 1855 999 1873 :
1013 1845 1110 1873 Pacem
1123 1854 1208 1873 meam
1227 1846 1260 1872 do
1284 1846 1367 1878 vobis,
1381 1854 1471 1881 pacem
1481 1854 1564 1873 meam
1587 1846 1714 1881 relinquo

914 1892 985 1920 vobis
997 1892 1031 1920 “.

103 1942 208 1977 Adjicit
221 1944 248 1970 in
260 1944 312 1978 [ine
325 1944 422 1972 Daniel
432 1946 568 1975 Barbarus
580 1955 589 1975 :
606 1949 762 1978 Desolatam
779 1952 813 1979 ab
827 1953 947 1990 Assyriis
963 1957 1064 1981 terram
1081 1952 1179 1979 iterum
1191 1951 1352 1980 reformabit
1365 1957 1392 1980 et
1404 1952 1528 1979 habitare
1541 1951 1632 1979 faciet.

73 1990 228 2018 ΨΛΛΜΟΣ
246 1991 327 2026 ᾠδῆς
345 1993 399 2020 τοῦ
422 1994 616 2031 ἐγκαινισμοῦ
638 1999 692 2026 τοῦ
712 1999 797 2027 οἴκου
818 2002 861 2034 εἰς

274 2038 308 2064 τὸ
324 2038 410 2072 τέλος
424 2039 464 2073 τῷ
477 2042 577 2068 Δαυΐδ.
590 2044 656 2070 KG’.

76 2082 265 2119 Ἐγκαινισμὸς
281 2084 326 2111 τοῦ
343 2085 416 2112 οἴκου
436 2087 520 2118 ἐστὶν,
536 2088 594 2124 ἤτοι
610 2090 661 2124 τῆς
680 2089 858 2126 Ἐκκλησίας,

100 2129 118 2166 ἢ
133 2131 180 2157 ὅτε
195 2130 241 2157 τοῦ
255 2130 308 2164 ἔξω
325 2131 469 2167 ἀνθρώπου
484 2134 499 2168 ἠ
505 2133 562 2169 μῶν
581 2134 762 2171 φθειρομένου
775 2138 789 2164 ὁ
805 2137 860 2164 ἔσω

102 2181 296 2201 ανακαινουται
300 2194 307 2201 .

384 2221 544 2257 Ὺπόθεσις.

984 2001 1011 2028 1.
1022 2000 1193 2029 PSALMUS
1209 2001 1307 2027 cantici
1320 2001 1346 2027 in
1361 2000 1527 2027 dedicatione
1539 2000 1632 2027 domus

1024 2036 1026 2039 ’
1186 2047 1294 2074 Davidi.
1307 2046 1418 2075 XXIX.

912 2090 1051 2120 Dedicatio
1068 2092 1166 2120 domus
1181 2095 1233 2125 est,
1254 2097 1301 2119 aut
1314 2091 1455 2124 Ecclesiae,
1478 2096 1525 2119 aut
1547 2099 1609 2120 cum
1625 2097 1701 2120 exte-

947 2137 1019 2165 riore
1044 2142 1140 2165 nostro
1170 2137 1280 2165 homine.
1316 2142 1447 2173 corrupto
1477 2137 1592 2166 interior
1621 2146 1702 2166 reno-

943 2187 1033 2211 Vallll'.

1207 2231 1408 2266 Argumentum.

72 2264 167 2293 Τοῦτον
185 2266 243 2302 ᾄδει
254 2267 299 2293 τδν
311 2267 418 2304 ψαλμὸν
435 2270 505 2304 μετὰ
520 2271 550 2297 τὸ
568 2271 698 2307 ρυσῦἧναι
711 2274 759 2309 τῆς
769 2275 858 2311 ἁμαρ-

936 2284 990 2304 unc
1008 2277 1081 2305 canit
1097 2277 1233 2312 psalmum
1247 2264 1397 2313 postquam
1412 2285 1427 2305 a
1440 2268 1554 2313 peccato
1569 2278 1701 2306 liberatus

101 2311 178 2344 τίας,
199 2312 294 2349 ὥσπερ
319 2314 557 2352 ἀνακαινισθείσης
583 2317 666 2343 αὑτοῦ
693 2319 743 2354 τῆς
768 2320 857 2357 ψυχῆς

101 2357 146 2384 διὰ
155 2359 206 2394 τῆς
217 2360 370 2394 μετανοίας,
384 2361 400 2396 ἢ
417 2362 463 2388 καὶ
478 2360 551 2394 οἶκος
567 2363 651 2390 πάλαι
666 2361 700 2400 ἦν
713 2366 762 2392 τοῦ
779 2366 857 2401 ἁγίου

103 2403 270 2439 Πνεὺματος.
282 2405 385 2432 Ψὰλλει
401 2407 429 2433 δὲ
446 2407 492 2434 καὶ
507 2408 575 2445 ὑπὲρ
588 2409 637 2445 τῆς
653 2410 793 2445 ἀφέσεως,
811 2414 858 2440 εὑ-

102 2451 243 2485 χαριστὶας
267 2451 419 2485 ἀνατιθεὶς,
448 2454 496 2480 καὶ
522 2456 587 2490 περὶ
617 2455 671 2482 τῶν
707 2458 858 2493 μελλόντων

101 2495 205 2532 ἀσιραλῆ
223 2496 314 2531 μένειν
329 2498 423 2525 ἑαυτὸν
437 2499 600 2534 εὐχόμενος,
620 2502 667 2529 καὶ
687 2504 744 2535 τοῖς
766 2505 856 2538 ἄλλοις

102 2541 228 2576 παρέχων
250 2542 442 2577 διδασκαλίαν,
473 2545 500 2571 ετ
517 2554 581 2572 ποτε
606 2547 660 2583 ἄρα
685 2557 710 2575 τι
734 2550 856 2578 τοιοῦτον

103 2587 206 2623 συμῧῇ,
221 2588 304 2624 εὐχὰς
319 2589 365 2616 ἐπὶ
379 2590 424 2618 τὸν
440 2591 505 2617 Θεὸν
520 2592 680 2621 ἀνατείνειν.

107 2633 226 2668 Ὑψώσω
240 2644 287 2668 σε,
303 2637 401 2671 Κύριε,
418 2637 461 2664 ὅτι
476 2639 619 2673 ἐπέλαϐές
627 2649 723 2675 μευ...

105 2680 243 2715 ’Βσωσάς
256 2691 295 2718 με
314 2682 374 2710 ἀπὸ
395 2683 454 2710 τῶν
469 2686 709 2714 καταϐαινόντων
723 2689 767 2722 εὶς
780 2689 852 2717 λάκ-

72 2733 131 2754 κον.
148 2728 255 2756 Λάκκον
269 2729 315 2756 τὸν
328 2729 395 2765 ᾅδην
408 2731 500 2766 φησιν.

105 2803 127 2818 ’⁸
143 2804 190 2832 lsa.
206 2815 284 2846 sum,
366 2808 388 2823 ⁸⁸
403 2807 569 2846 Μίιιιίικῖιιι,
589 2810 629 2838 10.
669 2811 691 2828 ⁸⁰
706 2812 800 2842 Matth,
821 2824 868 2843 xxv

938 2818 980 2846 19,

75 2837 133 2873 lipp.
152 2849 186 2874 Iv,
208 2843 252 2870 15.
280 2837 316 2858 ’⁵³
332 2843 409 2870 Joan.
425 2852 479 2877 xw,
493 2844 535 2871 ‘27.

942 2326 970 2350 et
989 2323 1068 2358 quasi
1087 2328 1218 2351 renovata
1240 2324 1331 2351 anima
1357 2323 1417 2358 ejus
1433 2331 1481 2358 per
1499 2324 1701 2358 pcenitentiam,

944 2376 1005 2404 quae
1024 2369 1089 2397 olim
1106 2370 1205 2398 domus
1218 2374 1278 2398 erat
1297 2368 1416 2405 Spiritus
1431 2370 1528 2397 sancti.
1542 2369 1637 2398 Psallit
1649 2378 1699 2398 au-

942 2420 997 2444 tem
1015 2423 1066 2452 pro
1089 2423 1223 2444 concessa
1239 2417 1320 2444 venia
1335 2417 1439 2453 gratias
1456 2425 1549 2452 agens,
1560 2421 1587 2445 et
1599 2425 1698 2452 rogans

940 2465 1030 2490 tutum
1051 2469 1081 2490 se
1093 2462 1131 2489 lin
1144 2462 1236 2490 futuro
1253 2463 1368 2496 servari,
1383 2463 1508 2498 aliosque
1524 2463 1604 2491 docet
1616 2468 1657 2496 ut,
1674 2464 1696 2490 si

940 2507 1004 2543 quid
1026 2507 1096 2536 forte
1109 2508 1268 2544 hujusmodi
1282 2506 1433 2545 centingat,
1450 2517 1546 2544 preces
1558 2509 1592 2537 ad
1609 2509 1694 2537 Deum

940 2554 1066 2581 emittant

936 2645 964 2673 2.
980 2645 1115 2673 Exaltabo
1127 2651 1162 2680 te,
1177 2646 1299 2680 Domine,
1314 2648 1439 2682 quoniam
1453 2648 1591 2683 suscepisti
1606 2655 1691 2674 me....

939 2692 965 2720 5.
982 2692 1099 2720 Salvasti
1111 2701 1152 2720 me
1166 2701 1183 2720 a
1199 2693 1415 2722 descendentibus
1429 2695 1458 2722 in
1474 2695 1570 2722 lacum.
1589 2693 1692 2722 Lacum

904 2743 983 2767 vocat
995 2738 1143 2767 infernum.

1028 2819 1047 2834 “
1066 2818 1137 2847 I‘sal.
1153 2826 1210 2852 cm,
1230 2818 1272 2846 '21.
1325 2820 1346 2835 θ’
1363 2819 1413 2847 lsa.
1427 2827 1488 2853 κων,
1504 2818 1547 2846 Eli.
1587 2819 1609 2838 ⁶³
1626 2819 1690 2848 Phi-
