1938 3053
230 144 280 172 153

645 140 675 168 S.
697 139 882 168 ATHANASII
901 138 977 167 OPP.
996 139 1086 167 PARS
1106 139 1147 166 Ill.
1170 142 1208 159 —'
1224 137 1427 166 EXEGETICA.

1792 133 1847 161 150

265 202 291 228 ι.
311 200 344 227 Et
361 199 520 234 conﬁtemini
537 199 667 225 memoria:
682 198 831 225 sanctitatis
843 198 909 232 ejus.
923 196 1009 232 Opor-
1023 215 1028 226 Α

1094 196 1148 223 Kal
1166 195 1394 230 ἐξομολογεῖσθε
1419 193 1456 228 τῇ
1472 194 1576 228 μνήμῃ
1598 192 1653 226 τῆς
1675 192 1847 227 ἁγιωσύνης

230 252 279 280 tet,
292 246 391 281 inquit,
403 246 518 280 hymnos
531 243 722 278 multiplicare,
738 250 872 270 memores
886 242 1012 278 benigni-

231 292 297 320 tatis
314 292 386 326 ejus.

265 335 292 363 6.
307 335 439 368 Quoniam
464 335 506 360 ira
532 335 559 360 in
585 333 764 368 indignatione
782 332 849 366 ejus.
872 331 929 359 Non
954 332 1013 366 ejus

231 382 346 410 consilio
358 386 385 408 et
396 381 548 413 voluntate;
564 380 610 406 sed
628 379 700 414 quod
716 378 814 413 singuli
835 386 883 412 per
904 382 1014 412 peccata

232 436 280 456 sua
290 435 349 454 cam
361 426 413 454 sibi
425 425 591 461 pertrahant.
603 424 670 451 Nam
684 424 743 458 ejus
755 424 879 450 voluntas
893 424 947 450 vita
961 428 1012 451 est.

231 471 273 498 Ad
288 479 421 505 vesperum
441 469 621 496 demorabitur
641 469 728 502 ﬂetus.
744 467 791 495 His
806 468 896 495 verbis
909 468 1014 503 signiti-

233 520 310 543 catur
334 516 498 550 paenitentia:
515 514 681 549 praestantia.
704 513 800 540 Nullus
812 514 885 540 enim
900 518 954 540 tam
974 514 1015 540 in—

232 569 299 597 gens
313 566 484 595 peccatorum
498 568 638 592 numerus,
655 567 736 594 quem
753 567 807 587 non
819 559 942 587 celeriter
956 567 1014 595 pa:-

235 604 348 631 nitentia
365 604 391 630 in
405 604 614 631 exsultationem
633 608 728 630 vertat.

269 650 296 676 'l.
315 649 370 684 Ego
385 654 471 676 autem
495 650 553 676 dixi
569 650 597 676 in
614 649 778 676 abundantia
795 658 872 676 mea:
886 649 946 676 Non
961 657 1016 676 mo-

233 695 310 723 oebor
320 697 347 722 in
358 701 494 722 teter-num.
508 696 623 723 Causam
637 695 727 730 lapsus
738 700 855 722 enarrat.
871 695 1015 729 Quoniam,

234 742 330 776 inquit,
341 742 478 776 prosperis
490 741 580 773 rebus,
597 743 666 768 altos
677 741 788 775 spiritus
799 742 945 776 assumpsi,
955 749 1017 775 pro-

234 792 326 821 pterea
343 787 521 814 conturbatus
538 794 608 814 sum.
626 786 682 814 Hoc
704 794 770 814 vero
785 794 838 813 non
855 791 881 814 te
897 787 1016 821 compel-

234 833 316 864 lente,
335 832 381 860 sed
395 837 498 859 tantum
515 831 611 859 faciem
630 836 705 859 tuam
721 836 866 865 avertente,
885 832 950 859 mihi
973 839 1018 859 ac-

1061 241 1152 268 αὐτοῦ
1179 242 1323 276 Προσήκει,
1337 241 1428 275 φησὶν,
1444 239 1586 265 ἐπιτείνειν
1601 238 1662 270 τοὺς
1672 237 1783 272 ὕμνους,
1797 245 1850 272 μερ

1063 287 1214 322 μνημένους
1228 287 1276 321 τῆς
1291 286 1337 312 τοῦ
1349 285 1416 312 Θεοῦ
1429 283 1639 320 φιλανθρωπίας.

1097 333 1158 359 Ὀτι
1174 332 1246 366 ὀργὴ
1265 332 1300 358 ἐν
1319 330 1359 364 τῷ
1377 331 1459 365 θυμῷ
1472 329 1575 357 αὐτοῦ.
1593 329 1650 356 Οὐκ
1669 329 1750 356 αὑτοῦ
1767 328 1849 355 τοῦτο

1063 378 1224 414 βουλομένου
1248 379 1348 404 ποιεῖν·
1371 376 1428 403 ἀλλ’
1451 376 1557 410 ἑκάστῳ
1578 375 1621 401 διὰ
1639 375 1688 410 τῆς
1709 375 1849 410 ἁμαρτίας

1063 423 1150 459 ἑαυτῷ
1165 423 1268 458 ταύτην
1286 422 1486 457 ὲπεισάγοντος.
1509 421 1546 447 Τὸ
1567 421 1621 456 γὰρ
1643 421 1724 447 αὑτοῦ
1742 420 1849 455 Θέλημα

1063 471 1119 506 ζωή
1142 471 1224 496 ἐστιν.
1244 469 1278 496 Τὸ
1291 469 1420 502 ἑσπέρας
1442 467 1657 500 αὺλισθήσεται
1681 467 1846 501 κλαυθμός.

1063 516 1100 542 Τὸ
1117 515 1317 550 εὐκατόρθωτον
1333 515 1382 550 τῆς
1406 513 1548 549 μετανοίας
1568 513 1612 539 διὰ
1631 512 1731 539 τούτων
1747 512 1850 547 σημαί-

1063 570 1147 588 νεται.
1173 560 1254 588 Οὐδὲν
1270 560 1325 596 γὰρ
1346 560 1470 586 τοσοῦτον
1487 559 1587 594 πλῆθος
1608 558 1764 594 ἁμαρτιῶν,
1779 558 1793 584 ὃ
1809 558 1849 593 μὴ

1063 606 1167 641 ταχέως
1183 607 1199 641 ή
1219 606 1345 641 μετάνοια
1358 606 1397 637 είς
1413 604 1571 639 ἁγαλλίασιν
1585 604 1704 639 ἐκφέρει.

1107 652 1176 687 Ἐγὼ
1194 651 1227 678 δὲ
1239 649 1307 678 εἶπα
1321 651 1356 678 ἐν
1369 650 1406 685 τῇ
1421 651 1545 684 εὐθηνίᾳ
1555 659 1612 685 μου
1624 658 1631 665 ’
1644 650 1693 683 Μὴ
1710 648 1852 676 σαλευθῶ

1064 700 1108 731 εὶς
1121 698 1173 725 τὸν
1184 697 1285 724 αἰῶνα.
1298 697 1333 723 Τὸ
1344 697 1428 724 αἴτιον
1442 697 1514 731 λέγει
1523 697 1572 732 τῆς
1587 696 1724 727 πτώσεως.
1739 695 1849 730 Ἐπειδὴ

1068 745 1148 780 μέγα,
1161 745 1253 779 φησὶν,
1270 745 1298 770 ἐν
1310 745 1342 779 τῇ
1359 743 1492 778 εὐημερίᾳ
1507 742 1674 777 πεφρόνηκα,
1690 742 1784 768 τούτου
1803 741 1852 776 χά-

1067 779 1109 825 ριν
1127 779 1306 824 τεξάραγμαι.
1329 789 1425 822 Γέγονε
1448 788 1477 814 δέ
1504 797 1549 823 μοι
1574 787 1662 818 τοῦτο,
1683 788 1713 814 οὐ
1739 787 1786 813 σοῦ
1814 795 1850 822 με

1068 835 1304 870 προσωθήσαντος,
1317 834 1385 861 ἀλλὰ
1400 833 1618 869 ἀποστρέψαντος
1634 833 1712 868 μόνον
1726 833 1756 859 τὸ
1766 832 1850 868 πρόσ-

235 878 312 906 cidit.
327 878 442 911 Quando
454 879 545 912 igitur,
565 877 616 905 nisi
634 881 678 904 tua
696 877 854 904 fortitudine
869 877 1017 904 innitamur

1080 887 1151 906 ωπον.
1171 879 1277 914 Ἐπειδὴ
1294 879 1382 905 τοίνυν
1399 878 1462 905 ἄνευ
1481 878 1531 913 τῆς
1555 878 1645 913 ἰσχύος
1659 878 1707 913 τῆς
1725 878 1774 913 σῆς
1790 877 1852 904 οὐδὲ

235 932 269 952 ne
293 924 442 951 consistere
467 923 576 957 quidem
599 931 756 958 possumus,
778 922 831 955 fac,
848 923 971 955 obsecro,
990 928 1019 950 ut

234 969 298 996 dtln
313 974 385 996 tuam
398 969 496 1003 impleo
510 968 786 1001 voluntatem,decore
798 968 915 995 animam
931 975 1019 994 meam

191 1048 197 1054 η
235 1015 354 1042 illustres
366 1014 432 1050 (l0).
443 1014 470 1054 Id
485 1014 536 1041 sibi
548 1014 634 1041 Adam
648 1015 674 1041 in
684 1013 811 1048 paradiso
824 1013 923 1048 degens
936 1020 1020 1040 even-

236 1065 325 1088 turum
340 1048 468 1095 speravit;
482 1064 626 1094 antequam
641 1059 669 1086 in
681 1059 804 1086 fraudem
820 1058 1018 1086 deduceretur:

235 1106 261 1133 id
279 1105 410 1133 Ezechias
433 1110 575 1140 postquam
593 1104 733 1139 Assyrium
754 1103 898 1130 devicerat.
919 1102 1020 1130 Ethec

235 1157 328 1186 aperte
343 1152 421 1178 docet
439 1151 507 1177 liber
526 1150 763 1184 Paralipomenon,
780 1156 843 1176 cum
865 1148 902 1175 ait
916 1147 1019 1175 exalta-

237 1202 295 1224 tum
313 1196 397 1224 fuisse
412 1204 460 1223 cor
476 1195 597 1222 Ezechia:
614 1195 685 1229 regis
699 1194 732 1220 ".

270 1241 342 1270 9.Ad
359 1247 392 1274 te,
411 1240 531 1273 Domine,
548 1239 713 1266 clamabo....
731 1238 774 1265 10.
788 1238 854 1270 Qua
871 1238 974 1264 utilitas
992 1239 1020 1264 in

237 1283 365 1322 sanguine
376 1294 432 1312 meo
443 1286 505 1312 dum
518 1285 644 1312 descendo
657 1285 683 1311 in
696 1285 897 1318 corruptionem.
909 1283 1018 1315 Precor,

237 1332 334 1366 inquit,
351 1331 443 1358 reduci
461 1338 503 1356 me
519 1330 552 1356 de
565 1330 636 1361 lacu,
649 1329 713 1363 quia
724 1337 775 1355 non
789 1328 956 1362 conﬁtebitur
971 1328 1019 1355 tibi

236 1377 331 1412 pulvis.
348 1375 425 1409 Quod
441 1376 466 1403 si
477 1375 643 1403 descendero
663 1375 690 1401 in
705 1375 917 1409 corruptionem,
934 1382 1021 1409 neque

238 1423 305 1450 mihi
324 1429 411 1456 neque
436 1422 497 1449 aliis
523 1421 577 1447 ulla
597 1420 650 1448 erit
674 1420 785 1447 utilitas.
805 1419 861 1454 Ego
882 1425 972 1446 autem
989 1427 1021 1446 ea

239 1470 292 1496 vita
309 1469 431 1503 privatus
448 1475 508 1494 sum
525 1474 586 1501 qua:
606 1466 654 1493 abs
680 1470 705 1492 te
729 1466 884 1492 obtinetur:
901 1465 945 1492 alii
957 1472 1021 1492 vero

239 1514 341 1541 nullam
356 1521 404 1548 per
419 1521 461 1540 me
476 1512 590 1540 salutem
608 1511 679 1538 nacti
696 1514 769 1538 sunt.
786 1510 832 1537 Sin
847 1518 910 1538 vero
927 1510 1021 1537 audie-

239 1560 278 1588 ris
293 1566 386 1586 vocem
400 1566 488 1585 meam
504 1562 530 1585 et
544 1557 711 1585 converteris
725 1557 825 1583 luctum
841 1549 868 1583 in
881 1556 1021 1590 gaudium,

238 1611 267 1634 et
278 1614 320 1632 me
334 1605 427 1632 laetitia
445 1603 573 1636 cinxeris,
588 1611 642 1630 non
662 1610 744 1637 parva
767 1602 834 1628 mihi
848 1602 952 1629 eveniet
970 1604 1023 1629 uti-

240 1650 436 1678 litas:etenim
461 1654 604 1684 postquam
629 1648 772 1683 plistinam
796 1648 908 1682 gloriam
932 1655 1021 1674 meam

241 1703 448 1731 recuperavero,
469 1703 530 1722 cum
553 1702 584 1722 ea
604 1698 629 1721 te
648 1694 781 1728 alloquar,
795 1701 849 1720 non
866 1701 926 1720 cum
940 1700 1022 1727 prava

240 1742 418 1771 conscientia.
438 1739 495 1768 Hoc
517 1740 590 1768 enim
616 1739 751 1774 signiﬁcat
773 1738 850 1770 illud,
867 1737 929 1765 Non
953 1745 1024 1764 com-

240 1797 353 1823 oungor.

277 1834 319 1862 12,
330 1832 488 1861 Conscidisti
505 1839 610 1858 saccum
622 1838 718 1864 meum,
732 1834 757 1856 et
772 1828 969 1856 circumdedisti
985 1836 1024 1855 me

240 1879 345 1906 latitia.
365 1877 479 1904 Saccum
495 1877 560 1904 dicit
575 1876 678 1903 luctum
690 1894 697 1907 ,
720 1874 828 1910 quando
842 1881 902 1901 mos
918 1878 960 1900 est
979 1873 1023 1900 lu-

241 1924 366 1960 gentibus
388 1923 427 1950 uti
445 1929 536 1950 sacco.
555 1921 622 1949 Nam
644 1928 741 1949 saccus
756 1919 887 1947 malitiam
903 1922 930 1946 et
946 1919 1024 1954 igno-

240 1969 356 1996 rantiam
371 1968 520 2004 significat:
531 1967 661 2002 quoniam
675 1974 707 1994 ex
720 1965 860 1993 hmdorum
877 1965 939 1999 pilis
956 1971 1024 1991 con-

241 2015 304 2042 fecti
317 2019 382 2042 sunt
394 2014 478 2046 sacci,
494 2013 540 2048 qui
560 2013 628 2040 haedi
646 2013 680 2040 ad
698 2011 839 2040 sinistram
852 2010 1022 2041 consistunt;

241 2067 275 2088 ex
292 2059 355 2094 pilis
371 2059 434 2086 item
452 2058 520 2085 hirci
536 2058 608 2084 illius
623 2055 768 2084 emissarii.

276 2103 311 2131 In
323 2104 411 2138 ﬁnem,
427 2101 597 2129 PSALMUS
611 2101 706 2127 Davidi
719 2107 767 2134 pro
778 2099 889 2126 νιειοδί.
905 2097 996 2125 XXX.

531 2147 733 2182 Argumentum.

1071 925 1164 960 στῆναι
1183 924 1330 959 δυνάμεθα,
1344 923 1374 951 τὸ
1389 924 1434 951 σὺν
1447 924 1526 950 πάλιν
1542 924 1671 951 ἐπιτελῶν
1686 923 1801 959 Θέλημα,
1819 925 1852 950 τὸ

1070 969 1166 1001 κάλλος
1191 978 1241 1004 μου
1262 969 1311 1004 τῆς
1333 969 1420 1004 ψυχῆς
1445 969 1605 1005 διαλάμπειν
1630 969 1850 1005 παρασκεύασον.

1069 1015 1153 1042 Τοῦτο
1174 1015 1220 1042 καὶ
1234 1016 1248 1042 ὁ
1266 1014 1350 1050 Ἀδὰμ
1366 1015 1478 1049 ἤλπισεν
1494 1015 1540 1041 ἐπὶ
1558 1014 1604 1041 τοῦ
1620 1015 1782 1050 παραδείσου
1799 1022 1853 1049 προ

1068 1060 1117 1095 τῆς
1131 1059 1237 1094 ἀπάτης
1252 1059 1465 1093 πολιτευόμενος,
1480 1059 1527 1085 καὶ
1537 1059 1552 1084 ὁ
1567 1059 1690 1090 Ἐζεκίας
1703 1056 1852 1093 νενικηκὼς

1069 1104 1114 1131 τὸν
1131 1104 1280 1140 Ἀσσύριον,
1301 1104 1347 1130 καὶ
1361 1103 1478 1130 διδάσκει
1493 1103 1570 1130 τοῦτο
1585 1103 1676 1137 σαφῶς
1691 1102 1744 1129 τῶν
1760 1103 1853 1138 Παραυ

1070 1150 1233 1184 λειπομένων
1247 1151 1263 1185 ἡ
1282 1149 1380 1184 βίϐλος.
1395 1149 1532 1185 ὑψωθῆναι
1547 1149 1662 1184 λέγουσα
1677 1149 1726 1184 τὴν
1741 1148 1853 1184 καρδίαν

1076 1198 1193 1230 Ἐζεκίου
1207 1197 1253 1224 τοῦ
1270 1197 1408 1232 βασιλέως.

1105 1243 1182 1276 Πρὸς
1193 1243 1239 1274 σὲ,
1257 1243 1354 1276 Κίιριε,
1369 1242 1602 1277 κεκράξομαι.....
1618 1241 1664 1274 πς
1680 1240 1807 1276 ὠφέλεια
1819 1241 1854 1266 ἐν

1070 1286 1109 1322 τῷ
1123 1288 1224 1323 αἵματι
1245 1296 1322 1322 μου,
1344 1288 1379 1314 ἐν
1403 1287 1443 1320 τῷ
1463 1288 1652 1314 καταϐαίνειν
1664 1295 1702 1322 με
1723 1288 1767 1319 εις
1791 1286 1854 1313 δια-

1070 1334 1203 1369 φθοράν;
1220 1334 1329 1368 Δέομαι,
1348 1334 1445 1369 φησὶν,
1460 1333 1606 1368 ἀναχθῆναι
1623 1334 1654 1359 ὲκ
1674 1333 1720 1359 τοῦ
1741 1332 1852 1364 λάκκου,

1071 1380 1161 1415 ἐπειδὴ
1174 1380 1223 1406 οὐκ
1234 1379 1456 1413 ἐξομολογεῖταί
1466 1386 1514 1405 σοι
1525 1378 1609 1412 χοῦς.
1625 1378 1668 1404 Ἑν
1682 1377 1710 1404 δὲ
1723 1377 1762 1412 τῷ
1773 1384 1854 1404 κατι-

1071 1425 1149 1460 6ἧναί
1171 1433 1204 1460 με
1222 1425 1261 1456 εἰς
1283 1424 1428 1459 διαφθορὰν
1447 1423 1508 1450 οὕτε
1525 1424 1573 1458 μία
1596 1431 1637 1454 τις
1653 1423 1771 1457 ὠφέλεια
1792 1423 1852 1449 ctu

1071 1470 1143 1505 ἐμοὶ,
1158 1469 1219 1496 οὒτε
1239 1469 1351 1505 ἑτέροις.
1370 1468 1439 1502 Ἐγώ
1461 1477 1490 1494 τε
1510 1469 1563 1503 γὰρ
1581 1467 1788 1503 ἀπεστερούμην
1805 1468 1854 1502 τῆς

1071 1515 1146 1551 παρὰ
1168 1514 1215 1541 σοῦ
1235 1515 1322 1550 ζωῆς·
1342 1514 1416 1541 ἄλλοι
1440 1514 1469 1541 δὲ
1492 1514 1617 1549 οὐδαμῶς
1637 1513 1782 1548 ἐτύγχανον
1804 1513 1854 1547 τῆς

1072 1563 1137 1597 παρ’
1151 1561 1218 1596 ἐμοῦ
1245 1561 1390 1595 σωτηρίας.
1412 1561 1455 1586 Ἐν
1471 1559 1498 1586 δὲ
1513 1560 1555 1594 τῷ
1576 1558 1732 1585 είσακοῦσαί
1757 1566 1787 1584 σε
1804 1557 1854 1592 τῆς

1072 1607 1163 1643 φωνῆς
1173 1627 1180 1638 ,
1203 1607 1249 1633 καὶ
1273 1606 1434 1641 μεταϐαλεῖν
1453 1605 1498 1632 τὸν
1511 1605 1623 1632 κοπετὸν
1637 1605 1675 1636 είς
1690 1604 1791 1639 χαρὰν,
1807 1604 1855 1631 καὶ

1072 1651 1222 1688 περιζῶσαί
1240 1661 1272 1687 με
1297 1650 1473 1686 εὐφροσύνην,
1489 1651 1537 1685 οὺχ
1553 1652 1569 1685 ἡ
1585 1650 1703 1685 τυχοῦσα
1719 1657 1762 1684 μοι
1775 1649 1855 1684 γενή-

1074 1706 1149 1724 σεται
1170 1697 1298 1732 ὠφέλεια.
1322 1694 1475 1722 Ἀπολαὸὼν
1491 1695 1544 1730 γὰρ
1558 1694 1606 1729 τὴν
1622 1693 1755 1728 προτέραν
1771 1693 1856 1726 ἐμαυ-

1072 1742 1119 1770 τοῦ
1131 1742 1219 1775 δόξαν,
1233 1743 1266 1769 δι’
1281 1742 1366 1777 αὐτῆς
1381 1750 1421 1768 σοι
1435 1740 1516 1772 λαλῶ,
1532 1741 1562 1766 οὐ
1581 1739 1648 1776 μετά
1663 1747 1734 1770 τινος
1750 1737 1855 1773 φαύλης

1074 1789 1250 1824 συνειδήσεως
1259 1796 1266 1804 ’
1278 1788 1356 1814 τοῦτο
1368 1787 1422 1823 γὰρ
1434 1787 1508 1822 δηλοί
1523 1786 1552 1813 τό
1562 1795 1568 1801 ·
1584 1787 1625 1813 οὐ
1632 1786 1674 1820 μὴ
1687 1783 1853 1818 statur-urit.

1108 1834 1267 1868 Διέῤῥηξας
1285 1833 1339 1860 τὸν
1353 1832 1469 1860 σάκκον
1479 1840 1539 1866 μου
1548 1851 1555 1863 ,
1569 1831 1617 1857 καὶ
1631 1828 1807 1864 περώζωσάς
1817 1836 1856 1863 με

1075 1879 1277 1913 εὐφροσύνην.
1295 1878 1399 1904 Σάκκον
1422 1875 1481 1903 εἷπε
1503 1877 1534 1903 τὸ
1555 1875 1675 1908 πένθος,’
1686 1874 1778 1909 ἐπειδὴ
1794 1873 1857 1906 ἔθος

1074 1925 1128 1956 τοῖς
1143 1926 1171 1951 ὲν
1183 1923 1275 1951 πένθει
1292 1923 1338 1950 καὶ
1353 1923 1445 1958 σάκκῳ
1458 1922 1617 1958 κεχρῆσθαι.
1641 1922 1669 1948 '0
1685 1920 1739 1955 γὰρ
1755 1919 1857 1951 σάκκος

1074 1970 1172 1997 κακίαν
1189 1970 1235 1996 καὶ
1259 1968 1394 2002 ἀγνωσίαν
1417 1968 1559 2004 σημαίνει’
1584 1967 1677 2002 ἐπειδὴ
1695 1967 1742 1993 καὶ
1762 1965 1856 2001 τρίχες

1074 2015 1127 2042 τῶν
1151 2015 1252 2050 ἐρίφων
1275 2015 1328 2041 εἰσὶ
1345 2014 1399 2041 τῶν
1421 2014 1570 2049 ἱσταμένων
1589 2013 1618 2046 ἐξ
1634 2013 1791 2047 εὐωνύμων,
1808 2011 1857 2038 λα’,

1073 2057 1120 2084 τοῦ
1133 2057 1326 2093 ἁποπομπαίου
1343 2057 1470 2093 χιμάρου.

1074 2105 1126 2137 Εἰς
1140 2103 1172 2130 τὸ
1187 2104 1273 2136 τέλος
1292 2105 1444 2131 ΨΑΛΜΟΣ
1460 2102 1499 2136 τῷ
1516 2103 1605 2130 Δαυῒδ
1618 2102 1797 2135 ἐκστάσεως.
1813 2101 1854 2129 Λ’.

1386 2150 1546 2182 Ὑπόθεσις.

242 2192 404 2221 Praesentem
423 2192 497 2220 canit
513 2192 649 2226 psalmum
671 2189 750 2224 quasi
770 2188 874 2224 peccati
891 2195 973 2216 causa
997 2188 1023 2214 in

1080 2195 1153 2230 ’ᾼδει
1168 2195 1214 2222 τὸν
1228 2195 1404 2231 προκείμενον
1414 2195 1519 2230 ψαλμὸν
1533 2195 1570 2226 ὡς
1585 2194 1625 2221 ἔτι
1637 2195 1666 2221 ὲν
1676 2196 1708 2229 τῇ
1725 2193 1855 2230 μετανοίᾳ

277 2237 436 2274 paenitentia
451 2236 540 2263 adhuc
560 2238 714 2262 versaretur
729 2238 756 2260 et
771 2236 880 2268 rogaret
895 2232 928 2259 ab
943 2239 975 2259 eo
988 2231 1022 2258 ll—

277 2284 377 2312 berari.
393 2283 520 2315 Quinimo
537 2286 567 2308 ut
579 2281 634 2316 jam
648 2280 793 2308 exauditus
809 2279 911 2314 gratias
925 2278 979 2314 agit
991 2285 1023 2305 ac

277 2336 339 2363 qua:
357 2329 409 2363 ipsi
423 2327 588 2363 poenitentiae
602 2331 723 2361 tempore
747 2325 883 2360 contigere
905 2329 998 2351 narrat
1013 2333 1020 2350 :

277 2375 343 2403 illud
358 2379 446 2402 autem
460 2394 466 2407 ,
484 2382 531 2408 pro
550 2373 648 2400 επιειαεὶ
658 2392 665 2404 ,
683 2372 750 2399 nihil
765 2372 816 2398 nisi
831 2375 969 2406 peccatum
985 2369 1022 2396 si-

277 2421 397 2456 gniﬁcat,
412 2427 466 2455 quo
477 2419 555 2454 quasi
570 2426 585 2446 a
601 2426 667 2446 sana
682 2421 771 2445 mente
785 2417 875 2444 anima
889 2415 1020 2444 excessit:

278 2471 308 2494 ut
323 2474 376 2494 non
391 2466 460 2493 ultra
474 2473 503 2493 se
514 2469 684 2499 assumptum
700 2464 733 2490 iri
748 2468 878 2498 speraret,
889 2466 916 2489 et
931 2462 1022 2496 palam

278 2513 398 2540 diceret:
412 2511 466 2547 Ego
482 2515 568 2537 autem
581 2511 637 2537 dixi
650 2511 677 2537 in
692 2517 798 2536 excessu
812 2515 877 2541 meo,
889 2507 1019 2543 projectus

279 2566 337 2585 sum
350 2566 366 2584 α
380 2558 448 2592 facie
463 2556 599 2584 oculorum
613 2561 728 2583 tuorum.

277 2671 306 2705 2,
322 2671 349 2698 5.
369 2669 403 2696 1η
419 2674 452 2703 te,
469 2668 590 2700 Domine,
607 2666 742 2702 speravi...
759 2664 863 2691 Inclina
874 2663 908 2690 ad
922 2670 961 2689 me
973 2669 1023 2688 (ιιι-

243 2726 297 2745 rem
311 2722 393 2744 tuam.
408 2716 522 2749 Quando
535 2723 589 2742 non
605 2717 691 2749 potest
705 2713 806 2740 clamor
821 2714 913 2737 noster
928 2708 955 2735 in
977 2708 1016 2734 al-

277 2777 300 2792 “
314 2775 336 2802 ll
349 2775 465 2810 Paralip.
483 2782 568 2805 xxxii,
580 2773 615 2800 25

1110 2241 1143 2276 τῇ
1156 2239 1201 2266 διὰ
1214 2240 1263 2275 τὴν
1277 2239 1411 2275 ἁμαρτίαν
1423 2239 1471 2272 ὢν,
1489 2240 1535 2266 καὶ
1550 2239 1631 2272 ἀξιῶν
1645 2239 1728 2273 αὐτῆς
1745 2238 1855 2264 ἐλευθε-

1111 2285 1239 2322 ρωΘῆναι.
1257 2286 1294 2312 Οὐ
1310 2285 1362 2320 μὴν
1381 2285 1448 2312 ἀλλὰ
1460 2287 1507 2312 καὶ
1520 2285 1557 2317 ὡς
1570 2285 1621 2320 ἤδη
1644 2283 1855 2319 είσηκουσμὲνος

1111 2329 1285 2365 εὐχαριστίαν
1309 2329 1453 2365 ἀναφέρει·
1470 2330 1516 2356 καὶ
1533 2329 1585 2364 μὴν
1605 2329 1650 2355 καὶ
1667 2328 1701 2355 τὰ
1714 2327 1856 2363 συμϐάντα

1110 2374 1183 2409 αὐτῷ
1195 2375 1222 2400 εν
1234 2373 1272 2408 τῷ
1287 2373 1337 2408 τῆς
1350 2374 1491 2409 μετανοίας
1507 2373 1594 2408 καιρῷ
1607 2373 1748 2408 διηγεῖται.
1762 2372 1798 2399 Τὸ
1813 2372 1854 2404 δὲ,

1109 2420 1293 2452 ἐκστάσεως,
1317 2419 1393 2445 οὐδὲν
1409 2419 1500 2455 ἕτερον
1515 2419 1531 2454 ἢ
1553 2419 1636 2454 αὐτὴν
1653 2419 1701 2454 τὴν
1717 2419 1854 2454 ἁμαρτίαν

1110 2467 1175 2501 ἡμῖν
1193 2467 1400 2502 κατασημαίνει,
1417 2467 1450 2493 δι’
1467 2467 1499 2502 ἣν
1515 2467 1608 2501 ὥσπερ
1625 2466 1733 2500 ἀγαθῶν
1749 2466 1854 2501 φρενῶν

1108 2510 1231 2543 ἐξίστατο
1276 2512 1356 2547 ψυχή·
1372 2511 1418 2538 καὶ
1435 2511 1472 2542 ὡς
1487 2511 1523 2546 μὴ
1537 2511 1654 2543 ἐλπίζειν
1671 2510 1710 2536 ἔτι
1723 2510 1772 2546 τὴν
1786 2510 1853 2537 ἀνά-

1106 2557 1203 2591 ληψιν,
1220 2557 1332 2590 φάσκειν
1354 2565 1384 2583 τε
1406 2557 1513 2591 σαφῶς·
1533 2556 1601 2591 Ἐγὼ
1622 2556 1656 2583 δὲ
1675 2554 1744 2584 εἶπα
1764 2557 1798 2582 ἐν
1814 2555 1851 2590 τῇ

1107 2603 1249 2630 ἐκστάσει
1261 2612 1331 2638 μου’
1354 2603 1534 2638 Ἀπέρῤιμμαι
1547 2603 1603 2637 ἄρα
1618 2602 1676 2630 ἀπὸ
1690 2602 1852 2636 προσώπου

1108 2650 1167 2677 τῶν
1179 2650 1339 2685 ὀφθαλμῶν
1352 2659 1419 2677 σου.

1114 2707 1175 2733 Ἐπὶ
1203 2707 1269 2740 σοὶ,
1292 2708 1393 2741 Κύριε,
1418 2707 1533 2742 ἤλπισα
1563 2727 1568 2734 .
1591 2727 1597 2733 .
1621 2727 1627 2732 .
1650 2725 1656 2731 .
1680 2726 1685 2731 .
1709 2725 1713 2731 .
1741 2704 1854 2732 [miror

278 2834 332 2869 (10)
352 2833 413 2861 “me
429 2833 499 2868 apud
524 2831 659 2859 Danielem
689 2828 836 2857 Barbarum
859 2824 1022 2854 Theodoreti
1039 2830 1098 2851 esse
1119 2821 1250 2850 feruntur.
