1938 3053
59 136 110 164 157

604 141 784 170 EXPOSITIO
804 140 836 168 1N
856 140 1019 170 PSAJMUM
1041 143 1123 174 XXX.

1623 147 1676 177 {58

58 207 133 241 ¹πρός
155 215 195 242 με
217 207 251 234 τὸ
276 205 330 240 οὕς
352 214 418 235 σου.
439 207 514 235 Ἐπεὶ
528 208 565 244 μὴ
583 209 706 244 φθάνειή
725 208 840 244 ἡμετέρα

899 204 953 226 tum
969 201 1120 236 pertingere
1131 222 1138 232 .
1158 202 1257 230 inclina
1276 210 1371 231 aurem
1384 207 1457 230 tuam
1473 203 1507 231 ad
1520 210 1574 238 me,
1592 208 1617 232 te
1633 210 1675 232 at-

58 252 166 288 κραυγὴ
182 253 222 284 εις
243 251 274 278 τὸ
297 251 380 286 ὕψος,
402 252 490 279 κλῖνον
513 253 543 279 τὸ
565 251 612 284 οὖς
635 261 682 279 σου
699 253 766 288 πρὸς
782 252 842 288 ἐμὲ,

57 297 102 324 διὰ
116 297 164 324 τοῦ
183 297 406 331 συγκαταϐαίνειν
422 305 476 332 μοι.

98 342 232 375 Ἐξάξεις
257 351 296 376 με
317 342 351 369 ἐκ
375 343 498 377 παγίδος
517 342 626 376 ταύτης
646 339 683 376 ἧς
707 341 845 375 ἐκρυψάν

55 396 116 422 μοι.
143 387 369 422 Ἐφεδρεύσαντες
387 387 441 422 γὰρ
457 386 538 413 αὑτοῦ
552 387 601 421 τὴν
620 387 718 422 ψυχὴν,
736 386 844 413 συνελά-

59 432 137 459 ὁοντο
155 433 246 459 αὐτόν.
272 433 315 458 Ἐν
330 433 399 464 τίνι;
415 433 444 458 ὲν
455 433 487 468 τῇ
503 432 633 467 ἁμαρτίᾳ.

101 476 276 510 Ἐλυτρὼσω
289 485 327 510 με
337 497 344 507 ,
359 476 465 510 Κύριε,
487 477 503 502 ό
526 476 598 508 Θεὸς
615 475 670 510 τῆς
690 476 841 510 ἀληθείας.

64 522 108 553 Ὠς
120 521 171 557 ἤδη
186 521 372 552 εἰσακουσθεὶς
385 521 496 548 τοιαῦτά
509 529 599 556 φησιν.

99 568 264 602 Ἐμίσησας
278 567 351 599 τοὺς
368 566 635 601 ὃιαφυλάσσοντας
647 568 844 602 ματαιότητας

59 611 213 645 διακενῆς.
235 611 426 646 Ματαιότητάς
458 619 523 646 φησι
557 611 604 637 τοῦ
629 612 760 646 παρόντος
786 612 842 646 βίου

59 659 120 688 τοὺς
132 656 352 692 περισπασμούς
368 656 414 688 οὒς
427 657 474 684 καὶ
487 656 662 692 ἐργαζόμενοι
677 658 843 692 ματαιότητα

59 704 204 739 πονοῦμεν.
218 704 373 739 Παρέπεται
390 703 440 735 Δτὸ,
458 702 608 737 διακενῆς,
629 702 667 738 τῷ
682 703 843 738 φυλάσσοντι

61 750 257 785 ματαιότητας,

99 794 340 830 Ἁταλλιὰσομαι,
355 795 403 822 καὶ
416 795 671 830 εὐφρανθήσομιιι,
685 795 779 829 Λύτιην
795 795 842 821 καὶ

59 842 92 868 τὰ
107 841 191 868 λοιπὰ
208 841 280 876 πάθη
297 842 500 877 καταπατήσας.

92 887 149 914 Καὶ
159 887 196 913 οὐ
208 885 410 918 σωέκλεισὰς
422 894 460 920 με
471 887 514 919 εὶς
527 886 628 921 χεῖρας
639 884 762 920 ἐχθρῶν.
772 885 842 911 Ἀντὶ

59 933 116 964 τοῦ,
128 933 159 959 οὔ
174 932 378 967 παραδέδωκας.
393 932 545 965 Ἕστησας
559 933 593 958 ἐν
606 930 762 965 εὐρυχώρῳ
773 930 843 963 τοὺς

59 979 154 1011 πόδας
166 986 236 1013 μου.
258 977 426 1009 ’Δπαλλάξας
442 986 475 1012 με
492 977 615 1012 θλίψεως,
633 977 801 1011 κατέστησας
815 977 842 1002 ὲν

59 1024 152 1052 ἀνέσει
168 1024 216 1050 καὶ
231 1022 396 1058 εὐρυχωρίᾳ.

97 1069 262 1103 Ἐταράχθη
285 1069 321 1095 ἐν
336 1068 418 1102 θυμῷ
441 1070 458 1095 ό
471 1068 623 1103 ὀφθαλμός
641 1077 711 1102 μου.
724 1068 743 1102 ἡ
757 1067 841 1102 ψυχή

55 1125 113 1151 μου
130 1116 181 1143 καὶ
204 1116 222 1149 ἠ
239 1115 354 1149 γαστήρ
365 1123 435 1149 μου.
449 1115 554 1150 Ὥσπερ
570 1114 706 1149 ὀφθαλμὸν
720 1115 764 1141 τὸν
780 1114 842 1141 νοῦν

57 1163 107 1197 τῆς
128 1161 218 1196 ψυχῆς
234 1169 326 1196 φησιν,
342 1160 412 1187 οὕτω
431 1161 478 1187 καὶ
504 1160 624 1196 γαστέρα
645 1160 712 1195 φησὶ
728 1161 776 1194 τῆς
792 1159 842 1194 ψυ-

58 1207 107 1242 χῆς
121 1207 173 1242 τὴν
189 1206 309 1242 μνήμην·
326 1207 355 1232 ὲν
402 1205 496 1240 ὥσπερ
512 1205 540 1232 ἐν
556 1205 654 1240 γαστρὶ
669 1204 718 1236 τὰς
732 1203 841 1238 λογικὰς

57 1252 242 1287 ἁποτιθέμεθα
258 1252 369 1287 τροφάς.
390 1252 421 1278 Ἠ
439 1251 523 1286 ψυχή
541 1261 600 1286 μου
623 1251 672 1278 καί
692 1252 711 1285 ἠ
728 1250 841 1285 γαστήρ

53 1307 123 1333 μου.
144 1298 299 1332 Ἀπέστησα
314 1297 359 1324 τὸν
375 1297 513 1332 ὀφθαλμόν
528 1306 576 1332 μου
588 1297 641 1323 ἀπὸ
652 1297 698 1323 τοῦ
711 1296 775 1323 λαοῦ
788 1296 841 1322 τῶν

62 1343 197 1370 Ἰουδαίων
213 1343 241 1369 ὲν
258 1342 336 1378 θυμῷ
347 1342 394 1369 καὶ
409 1343 476 1378 ὀργῇ
490 1343 604 1378 μεγάλῃ.

92 1390 155 1416 ὀτι
165 1388 306 1421 ἐξέλιπεν
317 1389 351 1415 ἐν
365 1388 458 1422 ὀδύνῃ
473 1389 491 1423 ἡ
509 1388 563 1421 ζωή
582 1397 652 1423 μου.
668 1388 703 1415 Τὸ
719 1388 841 1414 ἐπιτετα-

59 1435 139 1470 μένον
155 1435 206 1469 τῆς
225 1434 343 1465 διανοίας
358 1433 442 1469 δηλοῖ.
456 1434 510 1460 Καὶ
525 1434 560 1460 τὰ
574 1435 626 1468 ἐτη
639 1443 697 1468 μου
717 1434 752 1460 ἐν
772 1442 840 1460 στε-

57 1481 191 1517 ναγμοῖς.
202 1480 354 1512 Διετέλεσα,
377 1480 454 1515 φησὶ,
466 1479 599 1512 στενάζων
609 1480 663 1507 ἀπὸ
675 1480 728 1506 τῶν
737 1479 839 1506 κακῶν.

896 248 1067 282 temperando
1083 248 1159 275 Inibi.

929 338 955 365 5.
977 337 1080 364 Educes
1100 346 1140 364 me
1156 338 1187 364 de
1209 338 1300 373 laqueo
1322 339 1369 366 Ιιοε
1386 348 1466 374 ᾳιιεηι
1482 340 1674 367 absconderant

894 384 969 412 mittit
983 384 1092 411 lusidiis
1109 383 1181 410 enim
1195 383 1254 416 ejus
1271 384 1368 412 animo:
1382 385 1484 419 paratis
1497 386 1674 420 comprehen-

894 431 990 458 derunt
1005 439 1084 463 eum;
1100 430 1127 457 in
1143 431 1216 465 quo?
1232 430 1258 456 in
1274 435 1393 464 peccato.

929 477 955 503 6.
977 475 1118 503 Redemisti
1140 484 1190 509 me,
1215 475 1336 507 Domine,
1357 475 1427 502 Deus
1444 477 1572 504 veritatie.
1590 476 1673 509 Quasi

892 522 948 557 jam
962 523 1127 556 postulatum
1140 523 1300 556 impetrarit,
1313 523 1364 550 hoc
1380 523 1429 549 ait.

929 568 955 594 7«.
978 567 1065 594 Odisti
1079 568 1244 595 obseruantes
1259 569 1386 594 vanitates
1402 575 1591 601 supervacue...
1619 566 1672 593 να-

894 615 992 642 nitates
1007 614 1124 649 appellat
1135 615 1215 648 hujus
1227 615 1289 640 vitae
1301 614 1503 646 distractiones,
1519 613 1617 648 quibus
1628 621 1674 639 va-

895 666 986 689 cantes
1009 662 1035 687 in
1057 669 1155 688 vanum
1181 661 1346 688 laboramus.
1373 659 1562 694 Subsequitur,
1583 667 1673 692 supu-

893 716 983 741 cacue,
997 708 1031 735 de
1045 715 1077 735 eo
1092 708 1197 735 scilicet
1211 707 1257 742 qui
1274 707 1400 734 observat
1415 706 1558 732 vanitates.

928 796 954 823 8.
984 795 1128 823 Exsultabo
1152 801 1177 823 et
1203 795 1322 823 laetabor.
1348 794 1472 822 Dolorem
1500 800 1528 821 et
1554 793 1674 828 reliquos

894 843 976 870 animi
994 848 1083 870 motus
1099 842 1271 869 conculcans.

928 889 955 916 9.
976 887 1032 915 Nec
1048 888 1202 915 conclusisti
1219 896 1258 914 me
1272 889 1298 914 in
1314 887 1434 914 manibus
1457 885 1558 912 immtci
1569 904 1577 917 ,
1593 883 1672 919 quasi

892 936 973 967 dicat,
992 942 1046 962 non
1067 934 1212 961 tradidisti.
1229 933 1356 961 Statuiati
1373 934 1399 959 in
1417 933 1474 959 loco
1491 931 1608 966 spatioso
1627 938 1673 964 pe-

892 982 936 1008 des
954 988 1045 1008 meos:
1061 985 1201 1015 postquam
1217 980 1336 1007 liberasti
1353 986 1395 1006 me
1413 978 1447 1005 ab
1462 984 1562 1011 angore
1577 976 1672 1009 animi,

893 1026 1012 1054 statuisti
1026 1026 1052 1052 in
1067 1025 1243 1060 tranquillum
1256 1029 1283 1051 et
1298 1024 1438 1059 pwcilicum
1454 1027 1566 1050 statum.

928 1071 1106 1099 Conturbalus
1119 1076 1157 1098 est
1174 1071 1201 1097 in
1214 1071 1256 1097 ira
1273 1069 1362 1096 oculus
1380 1077 1461 1101 meus,
1475 1068 1564 1094 anima
1576 1075 1632 1094 mea
1647 1071 1672 1092 et

892 1123 978 1145 venter
997 1126 1078 1144 meus.
1096 1116 1172 1144 Sicut
1192 1121 1307 1143 mentem
1322 1123 1372 1142 ceu
1387 1115 1485 1141 anima:
1497 1112 1620 1143 oculum,
1635 1111 1673 1137 ita

891 1171 918 1192 et
933 1165 1090 1191 memoriam
1102 1168 1225 1190 ventrem
1244 1162 1341 1188 animae
1356 1160 1437 1187 habet
1450 1169 1456 1186 :
1475 1159 1501 1185 in
1517 1165 1571 1192 qua
1582 1164 1630 1184 ceu
1644 1157 1672 1183 in

893 1217 987 1239 ventre
1005 1210 1180 1238 rationabiles
1197 1209 1273 1236 cibos
1290 1207 1459 1241 deponimus.
1481 1204 1557 1231 Alius
1579 1203 1670 1230 codex.

892 1258 987 1284 Anima
1004 1265 1061 1283 utea
1077 1261 1100 1283 et
1117 1260 1204 1282 venter
1219 1262 1298 1281 meus.
1320 1253 1409 1279 Averti
1426 1251 1534 1278 oculum
1552 1257 1641 1277 meum
1657 1257 1672 1276 ιι

891 1304 1004 1332 Iudaico
1019 1303 1119 1338 populo
1133 1303 1160 1329 in
1177 1302 1267 1329 furore
1278 1305 1305 1328 et
1320 1300 1346 1326 in
1360 1299 1400 1326 ira
1415 1305 1522 1332 magna.

928 1393 971 1420 i0.
985 1393 1116 1426 Quoniam
1130 1392 1224 1427 defecit
1240 1391 1265 1417 in
1283 1390 1372 1416 dolore
1387 1389 1440 1416 vita
1457 1395 1523 1414 mea.
1539 1388 1674 1413 intentum

891 1440 968 1466 valde
994 1439 1116 1466 animum
1132 1438 1243 1465 iudicat.
1262 1437 1294 1463 Et
1310 1444 1392 1463 annos
1409 1442 1478 1461 meos
1491 1433 1518 1460 in
1535 1430 1673 1467 gemitibus

892 1484 1009 1518 transegi
1025 1491 1134 1519 gemens
1151 1483 1186 1510 ob
1205 1483 1339 1509 malorum
1361 1479 1568 1508 vehementiam.
1591 1476 1672 1510 Infir-

62 1527 247 1561 Ἡσθένησεν
271 1527 306 1553 ἐν
330 1526 459 1560 πτωχείᾳ
475 1526 494 1560 ἡ
519 1527 606 1560 ἰσχύς
623 1535 691 1561 μου.
715 1525 840 1560 Πτωχεύ-

899 1535 964 1557 mata
986 1536 1024 1557 est
1041 1531 1066 1557 iu
1081 1533 1233 1564 paupertate
1244 1529 1328 1554 virtus
1344 1535 1410 1554 mea.
1423 1526 1489 1553 Cum
1505 1530 1580 1552 tuum
1595 1523 1673 1551 auxi-

58 1581 117 1604 σας,
133 1573 212 1607 φησι,
229 1571 278 1607 τῆς
291 1571 366 1606 παρὰ
380 1571 427 1597 σοῦ
445 1570 566 1606 βοηθείας
578 1571 620 1597 διὰ
632 1570 680 1605 τὴν
695 1570 840 1605 ἁμαρτίαν,

58 1618 205 1654 ἠσθένησα.
222 1618 275 1644 Kal
296 1617 333 1644 τὰ
354 1615 430 1644 ὀστᾶ
445 1625 504 1651 μου
523 1616 740 1652 ἐταρᾴχθησαν.
762 1616 842 1643 Ὀστᾶ

58 1665 106 1697 τὰς
115 1665 166 1700 τῆς
179 1665 269 1700 ψυχῆς
280 1664 409 1699 δυνάμεις
423 1663 514 1698 φησίν.

93 1710 166 1746 [Ὅτι
185 1709 326 1742 ἐξέλιπεν
342 1709 375 1736 ὲν
389 1709 481 1743 ὀδύνῃ
504 1709 523 1743 ἡ
541 1708 595 1743 ζωή
608 1717 677 1743 μου.
700 1709 730 1735 Ἦ
743 1708 839 1740 ἔνδεια,

59 1756 133 1790 φησὶ,
159 1755 214 1782 τῶν
235 1754 388 1788 ἀναγκαίων
403 1755 532 1791 κατέτηξέ
550 1763 600 1789 μου
614 1754 645 1780 τὸ
667 1754 755 1789 σῶμα,
772 1755 811 1780 ὅτι
827 1755 842 1780 6

59 1802 134 1836 Σιφεὶ
148 1801 196 1828 καὶ
217 1802 232 1827 ὸ
252 1801 380 1836 Βερσελεὶ
396 1801 512 1836 ἤνεγκαν
525 1800 564 1835 τῷ
577 1799 658 1826 Δαυῒδ
676 1799 778 1835 πυροὺς
794 1799 841 1825 καὶ

59 1846 162 1882 κριθὰς,
174 1845 222 1873 καὶ
233 1845 342 1881 ἄλευρα,
358 1845 404 1872 καὶ
415 1845 529 1881 κύαμον,
542 1846 589 1872 καὶ
603 1845 698 1880 φάκον,
712 1844 757 1871 καὶ
768 1844 838 1880 μέλι,

60 1892 104 1918 καὶ
126 1892 209 1927 ἕτερὰ
231 1898 308 1918 τινα·
331 1892 380 1918 καὶ
401 1891 534 1927 τάπητας,
548 1891 594 1918 καὶ
610 1890 774 1927 στρώματα·
794 1891 840 1917 καὶ

59 1939 248 1974 προσήνεγκαν
269 1937 308 1973 τῷ
331 1936 387 1972 λαῷ
409 1938 506 1970 ταῦτα,
522 1937 568 1964 καὶ
591 1936 641 1968 τὰς
658 1937 778 1972 τροφάς·
800 1935 840 1962 ὅτι

59 1985 145 2019 ελεγον
161 1984 209 2011 τὸν
235 1983 298 2010 λαὸν
321 1983 426 2018 πεινᾷν,
445 1983 492 2009 καὶ
513 1981 671 2009 ἐκλελύσθαι
691 1981 840 2017 διψήσαντα

58 2031 84 2057 ἐν
97 2032 129 2066 τῇ
145 2028 267 2065 ἐρήμῳ-1

89 2076 173 2110 Παρὰ
187 2074 303 2106 πάντας
316 2075 386 2107 τοὺς
399 2074 523 2109 ἐχθρούς
533 2082 592 2108 μου
605 2073 750 2107 ἐγενήθην
763 2073 839 2100 ὄνει-

57 2121 114 2153 δος.
131 2120 253 2157 [Νεκρὸς
269 2120 318 2155 μὲν
334 2119 388 2146 ἀπὸ
404 2119 517 2155 καρδίας
537 2119 611 2146 ἐστὶν
628 2120 642 2145 ὁ
661 2120 840 2155 ἐστερημένος

56 2166 181 2202 ἀρετῶν]
206 2166 262 2193 Καὶ
282 2167 306 2192 οἱ
324 2165 415 2201 ἐχθροί
437 2174 497 2200 μου,
519 2164 611 2200 φησὶν,
633 2164 769 2197 ὠνείδιζόν
792 2174 836 2200 με,

56 2213 99 2239 καὶ
114 2213 139 2239 οἱ
155 2211 273 2246 γνωστοί
290 2220 340 2246 μου
354 2211 497 2247 ὲφρΰοῦντὸ
512 2219 560 2246 με,
578 2211 624 2237 καὶ
636 2211 660 2237 οἱ
677 2210 839 2247 θεωροῦντες

56 2259 210 2293 ἀπέφευγον
234 2257 279 2284 διὰ
304 2257 352 2292 τὴν
379 2256 529 2292 ὑπερϐολὴν
551 2254 585 2292 ἧς
610 2256 840 2293 ὑπερεδεικνύμην

57 2304 210 2339 μετανοίας·
227 2303 320 2338 σάκκῳ
331 2303 359 2329 δὲ
374 2303 420 2329 καὶ
435 2302 524 2338 σποδῷ
540 2303 782 2338 κατατρυχόμενος,
793 2304 840 2330 καὶ

55 2351 159 2386 ἡμέρας
179 2350 228 2376 καὶ
249 2349 345 2381 νυκτὸς
361 2349 471 2376 κλαίων.
492 2349 536 2375 Διὸ
555 2349 602 2376 καὶ
625 2350 777 2384 φευγόντων
789 2350 839 2376 αὐ-

57 2394 117 2427 τῶν,
132 2395 162 2421 ἐν
178 2393 250 2430 λήθῃ
266 2397 426 2429 γεγένημαι,
450 2393 545 2430 ὥσπερ
567 2394 661 2430 ἀμέλει
679 2395 725 2421 καὶ
745 2395 839 2431 νεκρὸς

57 2439 161 2466 ἐδόκουν
185 2439 277 2466 σκεύει
300 2439 416 2465 ἐοικέναι
444 2439 601 2466 ἀπολωλότι.
626 2439 663 2466 Τὸ
689 2440 732 2472 δὲ,
761 2440 841 2473 παρὰ

58 2485 180 2518 πάντας,
196 2485 247 2519 οὐχ
261 2484 331 2520 ὑπὲρ
348 2484 450 2517 πάντας
465 2486 551 2512 εἰπεῖν
565 2485 698 2520 βούλεται,
713 2486 768 2512 ἀλλ’
780 2487 840 2512 ἀντὶ

58 2529 111 2562 τοῦ,
122 2530 200 2565 παρὰ
210 2529 325 2561 πάντας·
341 2529 477 2556 τουτέστιν
493 2530 567 2565 παρὰ
581 2530 634 2556 τῶν
649 2531 753 2566 ἐχθρῶν
763 2531 840 2557 ὡνεμ

57 2575 156 2610 δίσθην.
170 2575 249 2602 Οὕτω
263 2575 317 2610 γὰρ
332 2574 404 2609 λέγει
420 2576 466 2602 καὶ
486 2576 608 2608 Ἀκύλας⁸
625 2576 707 2611 Παρὰ
720 2577 840 2604 πάντων

57 2620 112 2647 τῶν
123 2620 240 2655 ἐχθρῶν
253 2629 314 2655 μου
327 2620 476 2655 ἐγενήθην
488 2621 611 2655 ὄνειδος.

89 2666 149 2694 ὀτι
162 2667 282 2701 ἥκουσα
301 2668 398 2701 ψόγον
414 2667 535 2694 πολλῶν
547 2669 767 2702 παροικσύντων
782 2678 836 2696 κυ-

58 2711 171 2739 κλόθεν.
191 2712 283 2746 Ψόγον
303 2712 353 2747 τὴν
378 2712 522 2748 ἐπιϐουλήν
539 2721 628 2748 φησιν.
643 2713 722 2748 Λέγει
739 2714 784 2748 δὲ,
798 2715 835 2746 ὡς

59 2758 80 2782 ιι
95 2756 184 2793 ἐχθροὶ
199 2757 331 2784 ὲκύκλουν
344 2758 568 2790 ὲπιὸουλεύοντες.
591 2760 645 2787 Τοῦ
661 2760 763 2787 λαϐεῖν
779 2760 836 2794 τὴν

61 2802 159 2835 ψυχήν
171 2812 232 2837 μου
254 2803 484 2832 ἑόουλεύσαντο.
505 2806 573 2841 Ἐγὼ
593 2807 625 2833 δὲ
641 2807 687 2833 ἐπὶ
703 2807 763 2840 σοὶ,
781 2807 836 2834 Κύ-

94 2847 114 2863 ⁵⁶
133 2848 153 2875 ιι
170 2848 234 2884 Reg.
253 2857 310 2880 va,
328 2849 382 2877 ι-ι.

893 1578 959 1604 lium
974 1576 1172 1603 emendicurem
1186 1579 1297 1609 propter
1313 1578 1423 1608 peccata
1439 1571 1676 1604 mea,inﬁrmatu8

891 1632 961 1652 sum.
981 1623 1015 1650 Et
1029 1631 1089 1649 ossa
1104 1630 1161 1648 mea
1175 1621 1331 1648 conturbata
1344 1624 1414 1646 sunt.
1437 1617 1504 1645 Ossa
1521 1618 1617 1645 animae
1632 1618 1673 1644 la—

891 1671 1007 1699 cultates
1021 1669 1146 1704 appellat.

926 1716 1070 1752 [Quoniam
1085 1714 1177 1749 defecit
1193 1714 1220 1740 in
1235 1712 1325 1739 dolare
1340 1712 1395 1738 vita
1413 1719 1480 1738 mea.
1495 1710 1611 1742 lterum,
1630 1709 1673 1735 in-

891 1763 949 1798 quit
957 1762 989 1795 δ’,
1003 1761 1217 1789 necessariarum
1229 1760 1328 1794 inopia.
1336 1765 1434 1792 corpus
1442 1764 1529 1783 meum
1537 1755 1597 1782 tabe
1607 1762 1672 1781 con-

892 1809 971 1840 fecit,
985 1809 1049 1843 quia
1063 1807 1125 1834 Siba
1143 1811 1169 1833 et
1181 1805 1310 1833 Berecllai
1333 1803 1427 1830 Davidi
1449 1802 1597 1830 attulerunt
1612 1801 1671 1828 fru-

890 1858 1011 1882 mentqu
1027 1856 1054 1880 et
1069 1851 1210 1884 hordeum,
1228 1850 1356 1882 farinam,
1382 1849 1470 1881 fabas,
1492 1849 1600 1879 lentem,
1618 1846 1673 1873 mel

890 1906 917 1929 et
929 1900 979 1928 alia
993 1900 1127 1935 quaedam,
1141 1906 1246 1925 necnon
1262 1901 1366 1931 tapetas
1387 1901 1413 1922 et
1426 1895 1558 1921 velamina
1572 1901 1579 1920 :
1591 1897 1675 1926 atquc

890 1948 983 1975 istbaac
1007 1945 1106 1980 populo
1123 1953 1183 1972 cum
1200 1943 1260 1970 aliis
1277 1943 1345 1970 cibis
1359 1941 1531 1971 obtulerunt,
1548 1939 1611 1973 quia
1627 1938 1670 1964 di-

890 1993 988 2020 cebant
1007 1990 1136 2026 populum
1158 1989 1228 2016 l'ame
1246 1988 1369 2014 laborare
1381 2007 1388 2020 ,
1412 1993 1443 2014 ac
1457 1985 1501 2012 siti
1518 1984 1670 2011 confectum

891 2039 1008 2067 solutum
1025 2036 1110 2063 fuisse
1129 2036 1155 2061 in
1169 2033 1298 2070 deserto.]

925 2084 969 2111 12.
991 2082 1076 2118 Super
1092 2089 1178 2108 omnes
1203 2080 1323 2106 inimicos
1346 2087 1414 2105 meo:
1438 2077 1525 2112 [actus
1547 2082 1605 2102 sunt
1625 2082 1675 2108 op-

890 2131 1035 2164 probrium,
1051 2133 1103 2156 etc.
1119 2127 1253 2164 [Mortuus
1266 2133 1280 2152 a
1299 2125 1380 2153 corde
1396 2128 1446 2155 est.
1467 2123 1513 2158 qui
1525 2121 1671 2148 virtutibus

890 2181 931 2204 est
946 2174 1070 2210 vacuus.]
1084 2173 1187 2201 Inimici
1202 2173 1264 2205 mei,
1282 2172 1388 2206 inquit,
1404 2177 1446 2197 me
1463 2168 1593 2196 conviciis
1606 2175 1672 2194 one-

891 2223 987 2251 rabant
1001 2232 1007 2249 ε
1023 2226 1050 2249 et
1065 2221 1120 2249 noti
1138 2220 1190 2247 mei
1213 2219 1338 2253 fugerunt
1355 2225 1407 2244 me.
1424 2215 1456 2242 Et
1472 2215 1518 2250 qui
1538 2221 1580 2240 me
1595 2213 1667 2240 vide-

888 2269 953 2296 bant
966 2268 1129 2303 aufugerunt
1139 2267 1174 2294 ob
1185 2264 1397 2301 magnitudinem
1412 2261 1577 2297 poenitentiae
1591 2267 1668 2290 mea);

889 2324 970 2344 sacco
984 2315 1057 2342 enim
1073 2320 1099 2341 et
1119 2314 1211 2341 cinere
1226 2316 1395 2342 maceratus,
1411 2309 1506 2336 ﬂebam
1522 2307 1566 2334 die
1581 2310 1670 2332 nocte-

889 2370 952 2398 que.
966 2361 1056 2395 Quare
1070 2360 1236 2395 fugientibus
1251 2358 1320 2389 illis,
1336 2357 1363 2383 in
1379 2355 1540 2383 oblivionem
1555 2352 1627 2383 veni,
1642 2356 1670 2378 et

889 2417 938 2437 ceu
958 2412 1082 2435 mortuus
1103 2406 1162 2434 esse
1175 2406 1295 2439 videbar,
1318 2408 1348 2431 ut
1370 2403 1428 2430 vasi
1445 2401 1550 2436 perdito
1572 2399 1669 2426 similis

889 2461 988 2481 essem.
1006 2453 1074 2480 Illud
1090 2456 1179 2479 autem
1197 2459 1275 2486 super
1291 2457 1389 2487 omnes,
1409 2455 1462 2474 non
1477 2446 1527 2474 sibi
1541 2445 1598 2472 vult
1614 2451 1670 2478 pra;

890 2500 1028 2531 omnibus,
1045 2499 1091 2526 sed
1105 2497 1176 2532 apud
1189 2504 1296 2528 omnes,
1314 2496 1340 2522 id
1356 2499 1415 2526 est,
1434 2494 1467 2520 ab
1486 2491 1603 2519 inimicis
1621 2498 1670 2524 op-

889 2546 999 2581 probrio
1013 2548 1143 2572 oneratus
1157 2550 1229 2571 sum.
1251 2541 1297 2568 Sic
1313 2541 1385 2568 enim
1402 2539 1483 2566 habet
1496 2536 1592 2571 Aquila
1605 2543 1613 2561 ι
1629 2535 1668 2562 Ab

889 2592 1008 2619 omnibus
1024 2590 1141 2618 inimicis
1158 2588 1222 2616 meis
1240 2587 1326 2622 factus
1339 2593 1397 2613 sum
1408 2583 1585 2619 opprobrium.

927 2671 970 2697 Η.
1006 2669 1138 2703 Quoniam
1165 2667 1255 2694 audivi
1283 2665 1498 2699 vituperationem
1525 2660 1667 2688 multorum

890 2715 1107 2742 eommorautium
1122 2714 1150 2739 in
1163 2712 1287 2739 circuitu.
1307 2709 1538 2744 Vituperationem
1556 2705 1669 2732 insidias

890 2767 980 2789 vocat.
997 2761 1042 2788 Ait
1057 2765 1144 2788 autem
1167 2760 1239 2796 quod
1262 2758 1461 2785 circumdantes
1478 2753 1580 2782 inimici
1601 2752 1669 2779 insi-

890 2809 1038 2837 diarentur.
1056 2808 1176 2843 Accipere
1197 2807 1311 2834 animam
1335 2811 1417 2831 meum
1440 2800 1572 2829 corisiliati
1596 2804 1667 2826 sunt.
