1934 3053
275 144 326 171 159

693 140 722 167 S.
741 137 926 166 ATIMNASII
941 136 1016 164 OPP.
1038 134 1126 162 PARS
1146 133 1188 160 Ill.
1207 149 1242 153 —
1262 132 1463 159 EXEGETICA.

1832 126 1882 153 160

276 201 330 234 Ego
346 204 431 226 autent
448 200 476 226 in
491 204 516 226 te
529 199 649 233 speravi,
668 198 789 224 Domine.
803 197 854 224 Per
869 196 987 223 animam
1002 201 1049 220 cor
1065 212 1069 223 ε

1119 199 1152 223 ιε,
1164 190 1290 224 ἤλπισα.
1310 189 1358 216 Διὰ
1374 189 1423 224 τῆς
1439 188 1526 223 ψυχῆς
1539 186 1714 234 σὴνκαρδίαν
1731 184 1884 234 λαμϐανου-

273 246 395 280 capiunt,
410 253 457 280 per
471 245 538 272 iram
557 249 584 272 et
601 244 761 279 cupiditates
782 246 898 270 tuentem
913 241 1049 268 occidunt.

310 335 354 362 16.
375 334 408 362 ιιι
423 335 543 362 manibus
559 335 610 362 tuis
625 338 706 361 sortes
719 341 791 361 mem.
818 331 929 360 Etiamsi
947 329 1052 358 insidiis

274 381 377 408 inimici
392 382 511 408 animam
528 389 614 408 meam
629 380 856 415 comprehendere
873 381 995 412 satagaut
1007 385 1014 408 ;
1026 380 1053 403 at

275 430 363 453 sortes
377 432 444 453 mea:
461 429 523 452 tutze
537 430 600 453 sunt
622 425 649 452 in
667 424 792 452 manibus
805 424 869 456 tuis,
893 430 962 458 quas
975 421 1053 449 dabis

275 471 302 497 in
318 476 437 506 tempore
449 472 524 504 mihi,
533 472 661 506 quoniam
678 472 704 498 in
717 476 743 498 te
752 478 826 505 spem
837 469 940 497 colloco
953 474 1050 494 meam.

275 515 457 548 Quamobrem
479 525 543 551 rogo
565 517 591 544 in
609 517 735 551 praascnti
753 515 861 543 liberari
882 515 916 542 ab
935 514 1053 541 inimicis

275 562 354 588 meis.
372 562 446 589 Alius
459 563 549 590 codex.
568 563 626 595 llli,
642 563 740 597 inquit,
762 561 859 593 coacti,
877 567 969 588 necem
986 559 1052 587 mihi

276 607 445 635 moliuntur:
461 616 511 644 ego
531 614 622 636 autem
646 613 671 636 te
687 609 771 636 Deum
796 609 858 635 novi
882 607 948 634 mihi
973 610 1054 640 atque

276 658 429 685 patronum.
448 654 528 689 Eripe
549 663 588 682 me
599 655 631 682 de
644 663 723 682 manu
737 655 904 681 inimicorum
926 661 1052 683 meorum,

276 702 301 724 et
318 706 334 723 a
351 701 564 734 persequentibus
578 709 627 727 me.
644 700 718 735 Fuge
736 700 947 735 malignitatem,
967 699 1055 732 inquit

276 744 466 777 Apostolus“,
480 745 586 772 etiamsi
602 745 773 779 persequitur
789 743 953 778 malignitas,
964 751 1055 777 persc-

276 790 368 823 quitur
381 793 471 816 tamen
492 790 644 823 fornicatio,
665 790 788 822 avaritia,
811 788 975 822 luror,'ira:
992 789 1055 816 reli-

276 842 330 869 qua
349 834 514 862 defecerunt.

314 925 359 951 17.
384 924 496 953 Illustra
521 926 616 960 {aciem
643 931 715 954 tuam
737 936 815 962 super
834 935 936 954 servum
957 932 1030 954 tuum
1047 935 1054 953 τ’

279 970 381 997 salvum
394 980 433 998 me
453 972 496 1006 [ac
513 972 539 998 in
554 973 735 999 misericordia
749 978 805 1000 tua.
818 973 885 1000 Nam
900 980 926 1001 te
939 973 1057 1000 animam

279 1024 367 1044 meam
384 1017 544 1047 illustrante.
554 1018 642 1045 tristia
651 1026 765 1053 quaeque
780 1019 872 1046 statim
886 1025 1058 1048 evanescent.

280 1061 343 1089 Haec
356 1069 409 1088 una
429 1062 511 1094 mihi,
527 1062 632 1097 inquit,
649 1063 745 1091 salutis
759 1063 827 1090 ratio
839 1068 895 1095 est,
915 1065 938 1091 si
962 1063 1057 1092 faciem

280 1113 355 1134 tuam
371 1108 559 1136 illustraveris.

317 1152 362 1179 18.
383 1154 502 1187 Domine,
524 1162 577 1181 non
592 1155 740 1190 confundor
753 1156 876 1189 quoniam
890 1156 1007 1184 invocavi
1024 1162 1058 1184 te.

283 1199 352 1227 tlinc
363 1200 511 1228 ediscimus
528 1201 643 1228 multum
657 1206 797 1235 peccatum
811 1202 882 1229 inter
896 1207 922 1229 et
936 1202 1061 1237 impieta-

282 1249 336 1272 tem
371 1245 537 1273 discriminis
559 1253 631 1274 csse.
654 1246 825 1281 Quapropter
848 1252 924 1282 rogat
946 1255 1060 1283 magnus

283 1291 327 1318 ille
340 1291 423 1319 David
438 1300 452 1319 a
468 1293 569 1326 peccati
583 1300 612 1320 se
627 1294 792 1327 turpitudine
807 1294 932 1327 liberari,
948 1303 996 1322 eos
1011 1302 1060 1322 au-

283 1342 337 1364 tem
358 1338 405 1372 qui
427 1337 453 1364 in
476 1338 614 1373 impietate
630 1339 713 1366 vitam
736 1343 838 1374 agunt,
863 1348 925 1367 cum
949 1339 1060 1368 infamia

283 1386 370 1410 morte
384 1382 463 1410 allici.

320 1428 364 1455 l9.
385 1428 467 1456 Mula
493 1429 560 1463 ﬁant
583 1429 656 1457 labia
671 1430 772 1458 dolosa.
789 1431 879 1467 Rogo,
896 1433 999 1467 inquit,
1013 1433 1062 1460 ob-

284 1480 435 1502 mutescere
446 1475 570 1504 inimicos
587 1486 593 1504 :
608 1477 680 1512 quod
700 1479 806 1506 eveniet
819 1479 841 1506 si
856 1479 1007 1508 ostenderis
1022 1480 1062 1508 la-

283 1520 353 1548 ciem
368 1524 452 1547 tuam.

319 1565 363 1592 20.
384 1567 470 1597 Quam
485 1575 581 1602 magna
596 1567 738 1595 multitudo
757 1569 903 1597 dulcedinis
924 1575 987 1604 tuas,
1009 1570 1065 1598 Do-

285 1611 373 1638 mine!
387 1611 486 1647 Utpote
500 1613 556 1647 jam
572 1621 620 1648 per
631 1614 756 1649 spiritum
773 1616 934 1650 illustratus,
949 1617 983 1644 de
996 1617 1066 1645 futu-

284 1657 325 1685 rls
348 1658 449 1693 gratias
465 1659 531 1693 agit.
553 1658 611 1686 Mos
631 1664 721 1687 autem
737 1660 841 1693 Davidi,
855 1669 961 1695 vocem,
974 1671 1064 1698 quam,

286 1709 336 1737 per
359 1702 566 1731 admirationem
584 1712 728 1739 usurpare,
750 1707 838 1740 quasi,
862 1707 946 1734 ualde.
969 1707 1066 1744 Magna

286 1748 402 1776 dulcedo
420 1754 465 1776 tua
488 1754 549 1781 est,
575 1758 657 1784 quam
673 1751 840 1779 recondiset
861 1761 954 1780 servas
978 1754 1064 1781 nobis.

287 1793 354 1821 Illud
379 1794 463 1827 enim,
481 1795 653 1830 abscondisti,
675 1802 717 1824 est
740 1799 828 1832 quasi,
854 1799 1002 1827 custodisti.
1034 1800 1068 1827 Ut

286 1840 369 1867 etiam
387 1841 463 1875 illud,
481 1841 617 1870 abscondit
630 1851 670 1870 me
681 1843 709 1870 in
721 1844 888 1871 tabernaculo
902 1853 960 1873 suo.
977 1845 1068 1874 Utitur

286 1890 378 1914 autem
396 1895 476 1920 voce,
494 1888 654 1916 abscondisti
669 1897 719 1924 pro
741 1891 896 1924 custodisti,
911 1892 975 1927 quia
994 1893 1068 1927 quod

287 1932 463 1960 absconditur
474 1934 635 1962 custoditur.
654 1933 794 1970 Perfeciin
808 1937 845 1962 eis
861 1937 905 1971 qui
922 1942 1027 1971 sperant
1041 1939 1068 1965 in

288 1981 324 2004 te.
340 1977 424 2010 Quasi
437 1978 520 2012 dicat,
535 1980 671 2014 perfecisti
687 1981 713 2008 in
728 1985 849 2016 tempore
863 1983 1032 2018 congruenti.

323 2053 369 2081 21.
388 2054 535 2083 Abscondes
547 2065 589 2083 eos
603 2057 630 2083 in
641 2058 794 2085 abscondito
805 2059 884 2093 faciei
899 2063 960 2086 tute.
975 2059 1069 2087 Facies

289 2103 353 2132 tua,
370 2099 475 2135 inquit,
491 2105 676 2136 tegumentum
692 2103 866 2136 sperantibus
883 2103 910 2130 in
926 2107 952 2131 te
968 2103 1068 2131 factum

288 2148 341 2171 est.
358 2144 380 2171 Α
395 2146 593 2173 contnrbatione
605 2147 737 2174 hominum
749 2153 865 2183 proteges
876 2157 929 2182 eos,
944 2149 970 2175 in
983 2150 1070 2177 taber-

290 2191 386 2218 naculo
398 2195 442 2218 tuo
453 2201 470 2218 α
483 2193 689 2220 contradictione
702 2194 863 2229 linguarum.
878 2194 913 2222 Ut
931 2200 1069 2230 tegumen-
1085 2210 1107 2238 υ

290 2240 359 2268 tum,
379 2236 476 2272 inquit,
490 2244 616 2274 contegcs
638 2245 695 2272 cos,
711 2239 747 2266 ita
768 2243 798 2266 ut
817 2247 903 2274 neque
922 2241 956 2267 ab
973 2240 1006 2268 iis
1022 2241 1068 2276 qui

291 2282 374 2309 verbo
388 2283 455 2317 ipsis
472 2291 568 2312 nocere
582 2289 703 2319 tentant,
717 2293 805 2321 neque
821 2286 855 2313 ab
872 2286 905 2314 iis
919 2286 965 2313 oui
981 2287 1070 2322 operi-

292 2327 343 2355 bus
357 2334 524 2364 oppugnant,
539 2331 716 2366 superentur.‘
803 2330 805 2333 ⁴

325 2419 371 2447 22.
391 2419 548 2448 Benedictus
563 2421 701 2456 Dominus,
713 2423 837 2458 quoniam
852 2422 1002 2457 miriﬁcavit
1021 2422 1071 2449 mi-

290 2466 463 2493 sericordiam
477 2475 552 2493 suam
565 2468 634 2494 mihi
645 2468 673 2494 in
693 2468 799 2496 civitate
816 2469 928 2494 munita.
950 2468 1001 2495 Per
1014 2475 1069 2500 me,

291 2511 397 2546 inquit,
426 2511 497 2540 Deus
521 2513 688 2548 gloriﬁcatus
714 2519 772 2547 est,
797 2514 926 2549 quoniam
952 2514 1070 2541 circum-

292 2557 405 2585 sistente
416 2566 459 2586 me
475 2559 618 2587 innumera
631 2561 750 2588 hostium
773 2560 954 2592 multitudine,
974 2565 1001 2588 et
1012 2561 1070 2587 ani-

292 2611 364 2630 mam
380 2611 468 2631 meam
484 2613 532 2633 ceu
548 2613 673 2641 magnam
695 2607 789 2634 urbem
805 2607 929 2634 obsidere
945 2611 1069 2640 conante,

290 2649 339 2684 qui
362 2650 414 2676 mci
429 2655 521 2678 custos
539 2656 582 2679 est
597 2652 666 2680 vallo
689 2660 733 2680 me
756 2653 892 2686 muniens,
915 2652 1072 2680 misericor-

292 2695 365 2722 diam
383 2703 460 2723 suam
476 2697 626 2725 mirabilem
640 2699 768 2726 ostendit.

328 2741 372 2768 25.
394 2741 450 2777 Ego
465 2747 554 2770 autem
567 2744 624 2771 dixi
640 2745 667 2772 in
681 2753 787 2773 excessu
803 2746 896 2774 mentis
913 2754 993 2773 mea}:
1005 2745 1072 2772 Pro—

290 2789 376 2822 jectus
392 2797 460 2816 sum.
476 2788 545 2816 Cum
563 2791 749 2827 mcmctipsum
770 2792 952 2825 humiliarem,
973 2792 1071 2827 inquit,

326 2834 349 2850 "
366 2834 470 2863 Coloss.
487 2843 528 2869 Ill,
542 2835 567 2863 8.

1106 243 1160 262 σιν·
1174 235 1218 262 διὰ
1235 235 1288 270 γὰρ
1311 234 1397 270 Θυμοῦ
1421 233 1468 260 καὶ
1490 231 1635 267 ἐπιθυμίας
1657 231 1702 257 τὸν
1718 230 1780 257 νοῦν
1803 229 1883 256 Θανα-

1104 280 1204 307 τοῦσιν.

1145 327 1193 352 Ἑν
1203 326 1267 358 ταῖς
1282 326 1386 360 χερσίν
1400 332 1458 352 σου
1471 326 1498 352 οὶ
1511 324 1616 358 κλῆροι
1630 332 1699 358 μου.
1717 323 1748 350 El
1762 323 1809 348 καὶ
1825 322 1883 348 ἐπ’.-

1105 371 1276 398 ὃουλεύουσιν
1289 373 1312 398 οὶ
1326 371 1426 406 ἐχθροὶ,
1440 369 1656 400 ἐπιϐουλεύοντες
1669 368 1718 403 τὴν
1727 367 1817 402 ψυχήν
1835 375 1884 402 μου

1105 417 1206 449 λαϐεῖν,
1225 416 1291 443 ἀλλὰ
1311 417 1335 443 οἱ
1357 416 1452 452 κλῆροι
1474 423 1524 450 μου
1544 414 1745 449 πεφυλαγμένοι
1767 413 1834 439 εἰσὶν
1858 414 1885 438 ὲν

1105 464 1165 494 ταῖς
1184 462 1260 498 χερσί
1276 471 1333 494 σου,
1349 462 1394 494 οὓς
1412 461 1560 492 ἀποδώσεις
1577 469 1622 496 μοι
1638 459 1708 487 κατὰ
1724 458 1830 493 καιρὸν,
1843 457 1887 483 διὰ

1106 509 1135 535 τὸ
1151 509 1197 535 ἐπὶ
1213 509 1253 535 σοί
1270 517 1303 543 με
1316 508 1444 540 ἐλπίζειν.
1459 507 1504 534 Διὸ
1520 507 1567 535 καὶ
1580 506 1674 542 δέομαι
1688 505 1734 532 ἐπὶ
1752 504 1799 531 τοῦ
1815 513 1887 538 παρ·

1106 555 1180 586 όντος
1203 554 1333 590 ρυσθῆναι
1353 555 1385 581 ὲκ
1406 554 1461 581 τῶν
1486 553 1590 589 ὲχθρῶν
1617 561 1676 588 μου.
1701 552 1814 578 Ἐκεῖνοι
1840 551 1886 585 μὲν

1107 598 1151 627 οὖν
1166 600 1351 636 ἀθροισθέντες
1361 599 1406 627 τὸν
1419 599 1485 634 ἐμὸν
1498 598 1642 626 καττύουσι
1655 598 1778 625 θάνατον·
1793 597 1849 631 ἐγὼ
1860 596 1887 623 δὲ

1108 646 1138 672 σὲ
1154 645 1219 672 θεὸν
1241 645 1298 672 οἶδα
1320 646 1366 672 καὶ
1390 645 1529 681 πρύτανιν.
1552 644 1653 672 Ῥῦσαι
1673 652 1711 679 με
1731 644 1766 670 ἐκ
1790 643 1888 677 χειρὸς

1107 691 1220 727 ἐχθρῶν
1231 701 1290 726 μου
1303 692 1351 719 καὶ
1363 692 1397 719 ἐκ
1412 692 1471 718 τῶν
1485 690 1724 718 καταδιωχόντων
1739 698 1788 724 με.
1803 689 1889 722 Φεῦγε

1108 738 1156 772 τὴν
1173 738 1314 773 πονηρίαν,
1338 737 1419 773 φησὶν
1438 737 1452 763 ὁ
1471 736 1643 767 ’Δπόστολος-
1661 736 1684 762 εί
1706 735 1753 762 καὶ
1763 733 1858 761 διώκει
1872 735 1888 768 ἠ

1109 783 1235 819 πονηρία,
1253 783 1344 810 διώκει
1358 783 1476 819 δηλονότι
1488 783 1535 809 καὶ
1550 783 1567 817 ἡ
1584 782 1699 817 μοιχεία,
1716 781 1762 807 καὶ
1775 781 1792 816 ἡ
1809 780 1890 807 πλεο-

1109 831 1194 865 νεξία,
1210 833 1257 858 καὶ
1272 833 1286 857 ὀ
1300 832 1394 866 θυμὸς,
1411 832 1458 858 καὶ
1473 832 1489 866 ἡ
1507 830 1584 867 ὀργή·
1601 830 1635 857 τὰ
1653 830 1681 856 δὲ
1696 830 1778 856 λοιπά
1791 829 1891 856 ἀπολέ‹

1074 871 1094 898 Β
1109 877 1210 904 λειπτο.

1109 917 1132 923 ’ν
1149 923 1313 957 Ἐπίφιινον
1334 923 1367 950 τὸ
1383 922 1543 956 πρόσωπόν
1563 929 1620 949 σου
1639 921 1688 948 ἐπὶ
1709 922 1764 949 τὸν
1777 921 1891 949 6017.16:-

1109 975 1177 995 σου·
1194 968 1297 995 σῶσόν
1310 977 1348 1003 με
1361 969 1396 995 ἐν
1409 967 1449 1000 τῷ
1463 968 1541 995 ἐλέει
1560 976 1628 995 σου.
1644 968 1698 1002 Τῆς
1715 968 1770 1004 γὰρ
1783 968 1833 1002 σῆς
1847 976 1891 1002 μοι

1109 1013 1256 1048 γενομένης
1272 1013 1440 1047 ἐπιφανείας,
1455 1012 1490 1038 τὰ
1505 1012 1653 1048 σκυθρωπὰ
1674 1013 1831 1048 παραυτίκα
1845 1013 1891 1038 λυ-

1110 1059 1232 1095 θήσεται.
1248 1056 1332 1091 Οὗτός
1347 1067 1402 1094 μοι,
1422 1059 1499 1094 φησι,
1531 1059 1609 1094 μόνος
1625 1059 1724 1094 τρόπος
1738 1059 1789 1094 τῆς
1805 1067 1892 1094 σωτη-

1111 1103 1182 1138 ρίας,
1196 1104 1220 1129 εί
1234 1103 1265 1129 τὸ
1278 1103 1323 1129 σὺν
1335 1103 1468 1138 ἐπιφάνῃς
1482 1103 1635 1138 πρόσωπον.

1146 1149 1243 1182 Κύριε,
1259 1148 1301 1182 μὴ
1316 1149 1583 1183 καταισχυνθείην,
1605 1148 1650 1175 ὅτι
1662 1149 1893 1184 ὲπεκαλεσάμην

1110 1201 1156 1221 σε.
1173 1194 1312 1221 Ἐντεῦθεν
1324 1194 1493 1230 μανθάνομεν
1504 1194 1541 1226 ὡς
1556 1194 1653 1230 πολλὴν
1665 1195 1796 1230 διαφορὰν
1809 1196 1894 1231 ἁμαρ-

1111 1240 1156 1267 τία
1171 1240 1238 1275 πρὸς
1254 1240 1380 1268 ἀσέϐειαν
1396 1241 1462 1276 ἔχει.
1484 1240 1529 1267 Διὺ
1545 1240 1591 1268 καὶ
1605 1241 1619 1267 ὁ
1637 1241 1723 1276 μέγας
1740 1242 1894 1278 παρακαλεῖ

1111 1285 1191 1312 Δαυῒδ
1205 1285 1285 1313 αὐτὸν
1301 1286 1349 1321 μὲν
1362 1286 1410 1322 τῆς
1429 1286 1472 1313 διὰ
1491 1285 1540 1322 τὴν
1552 1287 1686 1322 ἁμαρτίαν
1707 1288 1894 1323 γεγενημένης

1112 1330 1242 1365 αἰσχύνης
1254 1331 1452 1366 ἀπαλλαγῆναι,
1466 1331 1529 1363 τοὺς
1543 1331 1572 1358 δὲ
1587 1333 1615 1358 ὲν
1627 1332 1772 1368 δυσσεϐείᾳ
1791 1333 1894 1365 συζῶν-

1111 1383 1160 1407 τας
1176 1377 1234 1411 μετ’
1250 1376 1380 1412 αἰσχύνης
1397 1376 1436 1412 τῷ
1451 1376 1558 1412 θανάτῳ
1573 1378 1806 1414 παραπεμφθῆναι

1149 1421 1261 1447 Ἀλαλα
1275 1420 1425 1455 γενηθήτω
1439 1421 1475 1448 τὰ
1490 1421 1576 1455 χειλη
1596 1422 1632 1448 τὰ
1648 1421 1745 1448 δόλια.
1760 1422 1893 1457 Εὔχομαι,

1113 1465 1204 1501 φησὶν,
1219 1466 1437 1502 ἀποκωφωθῆναι
1449 1468 1512 1498 τοὺς
1523 1466 1645 1502 ἐχθρούς·
1661 1467 1740 1495 τοῦτο
1760 1468 1789 1495 δὲ
1809 1469 1894 1501 ἔσται,

1113 1512 1137 1538 εί
1150 1511 1283 1547 ὲπιφάνῃς
1298 1512 1328 1539 τὸ
1343 1513 1486 1548 πρόσωπόν
1503 1521 1558 1541 σου.

1157 1557 1202 1589 Ὡς
1224 1557 1302 1584 πολὺ
1324 1557 1356 1584 τὸ
1381 1557 1496 1592 πλῆθος
1518 1558 1573 1592 τῆς
1597 1559 1802 1593 χρηστότητός
1821 1567 1896 1590 σου,

1114 1602 1218 1636 Κύριε]
1236 1602 1279 1634 Ὠς
1294 1603 1344 1644 ἤδη
1366 1602 1409 1629 διὰ
1431 1602 1477 1629 τοῦ
1494 1602 1649 1638 Πνεύματος
1666 1604 1897 1639 φωταγωγηθεὶς,

1116 1648 1180 1682 περὶ
1195 1647 1248 1674 τῶν
1265 1647 1400 1682 ἐσομένων
1420 1647 1593 1683 εὐχαριστίαν
1617 1649 1752 1685 ἀναφέρει.
1775 1650 1855 1682 Ἕθος
1869 1651 1899 1677 δὲ

1115 1692 1154 1728 τῷ
1172 1693 1253 1719 Δαυῒδ
1271 1693 1318 1719 ἐπὶ
1340 1692 1496 1728 ἐκπλήξεως
1519 1693 1647 1725 πολλάκις
1669 1694 1819 1729 λαμϐάνειν
1835 1695 1899 1729 τὴν,

1116 1739 1173 1772 ὡς,
1196 1738 1302 1774 φωνὴν,
1319 1739 1378 1765 ἀντὶ
1398 1738 1457 1771 τοῦ,
1474 1739 1600 1773 σφόδρα.
1618 1739 1705 1775 Πολλή
1728 1748 1776 1766 σου
1795 1740 1869 1766 ἐστὶν
1883 1742 1899 1774 ἡ

1116 1784 1276 1820 χρηστότης,
1290 1784 1324 1820 ἢν
1334 1784 1472 1819 ταμιεύεις
1485 1785 1533 1811 καὶ
1544 1785 1685 1818 φυλάττεις
1700 1786 1778 1820 ἡμῖν’
1793 1785 1825 1812 τὸ
1835 1786 1901 1821 γὰρ,

1116 1829 1259 1864 ἔκρυψας,
1272 1829 1333 1856 ἀντὶ
1348 1829 1578 1863 τοῦ,ἑφύλαξας,
1587 1830 1624 1862 ὡς
1638 1831 1685 1857 καὶ
1698 1830 1729 1857 τό
1739 1839 1747 1847 ·
1768 1831 1902 1865 Ἔκρινψέ

1115 1883 1153 1909 με
1173 1875 1208 1902 ἐν
1229 1874 1329 1908 σκηνῇ
1352 1874 1455 1902 αὑτοῦ.
1478 1874 1616 1911 Κέχρηται
1639 1875 1668 1902 δὲ
1686 1875 1735 1910 τῷ,
1754 1876 1901 1910 ἔκρυψας,

1117 1921 1177 1947 ἀντὶ
1191 1920 1248 1952 τοῦ,
1261 1919 1424 1954 ἐφύλαξας,
1439 1920 1532 1956 ἐπειδὴ
1554 1920 1583 1947 τὸ
1597 1921 1788 1956 κεκρυμμένον
1797 1921 1903 1955 φυλατ-

1119 1975 1202 1993 τεται.
1224 1965 1398 2000 Ἐξειργάσω
1421 1965 1483 1998 τοῖς
1499 1966 1672 1996 ἐλπίζουσιν
1690 1967 1740 1993 ἐπὶ
1758 1967 1807 1994 σέ.
1832 1967 1903 1994 ’Δντὶ

1117 2011 1174 2043 τοῦ,
1190 2011 1340 2047 ἐξειργάσω
1353 2013 1381 2039 ὲν
1394 2011 1482 2047 καιρῷ
1497 2011 1535 2046 τῷ
1550 2012 1725 2047 προσήκοντι,

1152 2058 1355 2091 Κατακρύψεις
1371 2057 1481 2090 αὐτοὺς
1496 2057 1531 2083 ἐν
1555 2057 1716 2091 ἀποκρύφῳ
1731 2057 1785 2084 τοῦ
1807 2066 1903 2092 προσ-

1117 2103 1198 2129 ώπου
1206 2110 1275 2130 σου.
1284 2103 1305 2129 Τ
1307 2103 1321 2129 δ
1329 2103 1471 2138 πρόσωπόν
1484 2111 1541 2135 σου,
1555 2103 1630 2138 φησὶ,
1653 2102 1739 2138 σκέπη
1754 2104 1811 2134 τοῖς
1826 2103 1904 2130 ὲλπί-

1119 2147 1209 2180 ζουσιν
1232 2147 1278 2175 ἐπὶ
1297 2147 1326 2175 σὲ
1342 2148 1466 2184 γένηται,
1493 2147 1559 2174 Ἀπὸ
1586 2146 1719 2182 ταραχῆς
1740 2148 1905 2182 ἀνθρώπων

1119 2193 1283 2227 σκεπάσεις
1317 2194 1427 2226 αὐτοὺς
1453 2194 1487 2220 ἐν
1515 2193 1616 2228 σκηνῇ
1644 2193 1703 2220 ἀπὸ
1731 2194 1905 2229 ἀντιλογίης

1120 2238 1275 2273 γοῖωσσῶν.
1282 2239 1425 2274 Καθάπερ,
1435 2238 1527 2274 φησιν,
1537 2239 1624 2273 σκέπη
1638 2238 1786 2270 σκεπάσεις
1795 2239 1905 2271 αὐτοὺς,

1120 2285 1189 2312 ὥστε
1204 2286 1272 2321 μήτε
1284 2285 1336 2311 ὑπὸ
1351 2284 1406 2311 τῶν
1419 2285 1508 2319 λόγοις
1523 2285 1614 2316 αὐτοῖς
1632 2284 1844 2320 ἐπιχειρούντων
1859 2294 1907 2312 κα-

1119 2331 1292 2363 ταὸλάπτειν,
1309 2332 1377 2367 μήτε
1391 2331 1443 2358 ὑπὸ
1460 2330 1514 2358 τῶν
1529 2330 1619 2366 ἔργοις
1639 2330 1833 2366 πολεμούντων
1847 2332 1905 2359 ἁλί-

1121 2385 1248 2404 σκωνται.

1154 2423 1326 2458 Εὐλογητὸς
1339 2424 1444 2457 Κύριος
1453 2443 1461 2456 ,
1475 2423 1520 2450 ὅτι
1534 2423 1748 2457 ἑθαυμαστωσε
1769 2423 1804 2450 τὸ
1821 2423 1906 2455 ἕλεος

1121 2469 1213 2495 αὑτοῦ
1230 2469 1265 2495 ὲν
1286 2469 1372 2496 πόλει
1393 2468 1546 2503 περιοχῆς.
1559 2468 1597 2495 Δι’
1611 2467 1688 2503 ἐμοῦ,
1701 2472 1796 2502 φησιν,
1811 2469 1827 2494 ὁ
1842 2469 1905 2499 82).;

1122 2514 1249 2550 ἐδοξάσθη
1260 2523 1267 2529 ·
1292 2515 1348 2548 ὃτι,
1363 2515 1466 2550 μυρίων
1483 2514 1618 2550 πολεμίων
1636 2514 1701 2549 περὶ
1715 2514 1768 2549 ἐμὲ
1789 2514 1905 2541 συστὰν

1121 2570 1190 2594 των,
1214 2561 1261 2588 καὶ
1280 2561 1357 2596 δίκην
1380 2561 1499 2596 μεγάλης
1522 2561 1624 2592 πόλεως
1649 2560 1699 2596 τὴν
1725 2560 1796 2596 ἐμὴν
1819 2561 1904 2596 ψυχὴν

1122 2605 1275 2642 πολιορκεῖν
1288 2606 1474 2641 πειρωμένων,
1486 2606 1500 2632 ὁ
1517 2605 1581 2641 ἐμὸς
1596 2605 1692 2640 φύλαξ,
1707 2607 1837 2642 φραγμὸν
1847 2607 1905 2641 ἐμοὶ

1123 2650 1290 2690 περιϐαλὼν,
1301 2651 1331 2678 τὸ
1344 2651 1417 2683 ἕλεος
1430 2650 1512 2678 αὑτοῦ
1529 2650 1682 2686 θαυμαστὸν
1698 2651 1810 2685 ἔδειξεν,

1164 2751 1234 2786 Ἐγὼ
1247 2751 1281 2777 δὲ
1295 2749 1380 2778 εἶπον
1401 2751 1436 2777 ὲν
1451 2749 1488 2784 τῇ
1504 2750 1645 2777 ἐκστάσει
1663 2758 1734 2785 μου·
1759 2751 1902 2785 Ἁπέρῤιμ-

1121 2808 1185 2834 μαι.
1209 2799 1355 2834 ’οπηνίκα,
1379 2798 1475 2833 φησιν,
1497 2797 1653 2825 ἐταπείνουν
1675 2798 1794 2832 ἐμαυτὸν
1821 2799 1851 2825 ἐν
1876 2798 1904 2831 τῇ
