1934 3053
55 168 97 194 161
596 168 775 197 EXPOSITIO
795 170 828 198 1N
848 171 1013 201 PSALMUM
1033 173 1128 200 XXXI.
1619 178 1669 206 l6?

53 224 185 261 γινομένῃ
201 233 245 260 μοι
260 225 394 256 ἐκστάσει,
412 226 456 251 ὅτε
469 225 516 251 καὶ¹
535 226 670 262 ἐταράχθη
689 228 719 254 ὲν
733 228 810 263 Θυμῷ

889 230 914 255 in
930 231 1136 264 superveniente
1151 230 1217 258 milii
1232 232 1330 260 mentis
1342 240 1466 266 excessu,
1482 234 1591 269 quando
1604 242 1669 262 con-

53 271 188 306 ὸςιθαλμὸς
206 279 268 306 μου,
287 272 428 306 ἐπέτριϐον
448 271 565 306 ἐμαυτὸν
579 273 617 304 ὡς
632 274 817 310 ἀπερριμμένο

887 275 1011 303 turbatus
1027 280 1069 302 est.
1091 276 1118 303 in
1135 277 1175 303 ira
1198 277 1295 305 oculus
1312 285 1406 312 meus,
1431 286 1474 307 me
1497 279 1668 307 macerabam

53 316 93 342 διὰ
110 316 159 351 τὴν
173 316 243 352 ἐμὴν
268 317 412 352 ἁμαρτίαν.
439 317 507 343 Ἀλλ’
524 318 579 352 ἐγὼ
602 319 651 354 μὲν
673 320 765 351 ταῦτα,
782 329 817 355 φη

885 321 964 354 quasi
977 322 1079 355 peccati
1094 322 1147 349 mei
1162 329 1244 349 causa
1261 323 1407 358 projeclus.
1423 324 1476 351 Sed
1491 332 1541 357 ego
1557 325 1668 360 quidem

54 362 106 394 σιν,
121 361 224 396 ἔλεγον,
240 362 272 388 σὺ
290 362 319 388 δὲ
332 362 346 387 ὁ
361 363 549 399 φιλάνθρωπος
560 364 610 391 οὐκ
625 365 777 401 ἀπέρριψας
789 366 817 392 τὸ

885 367 941 394 haec
955 367 1077 394 dicebam
1096 377 1104 395 ;
1122 372 1149 395 tu
1164 375 1227 395 vero
1252 369 1384 404 benignus
1404 377 1466 397 cum
1482 371 1532 403 sis,
1547 379 1601 398 non
1620 372 1667 399 ab—

53 405 97 431 σὸν
111 406 229 440 οἰκέτην.

92 451 277 486 Ἆγαπήσατε
293 451 344 478 τὸν
365 453 489 487 Κύριον,
507 453 617 488 πάντες
639 456 667 482 ot
685 455 762 482 ὅσιοι
782 456 835 483 αὺ-

53 497 115 522 τοῦ.
133 496 233 532 Τρέπει
256 497 301 524 τὸν
321 497 398 533 λόγον
419 499 459 530 είς
479 499 528 535 τὴν
552 501 652 536 ἐτέρων
675 501 833 536 παραίνεσιν

51 540 97 573 ἀφ’
113 537 150 566 ὧν
168 541 349 576 εὐηργετήθη,
366 543 428 574 τοὺς
443 543 540 575 ἄλλους
553 545 599 570 ἐπὶ
615 545 646 571 τὸ
666 546 833 581 ἐξομολογεῖ-

53 585 113 612 σθαι
124 587 296 621 παρακαλῶν.
310 588 365 614 Καὶ
376 589 670 624 ἀνταποδίδωσι¹τοῖς
681 593 832 626 περισσῶς

50 630 190 658 ποιοῦσιν
201 633 418 667 ὑπερηφανίαν.
441 626 620 671 Μακροθυμεῖ
632 638 681 672 μὲν
700 639 714 664 ὁ
730 638 831 674 Κύριος

49 676 95 702 ἐπὶ
116 678 174 708 τοῖς
197 678 397 714 ὑπερηφάνοις,
422 682 477 712 τοῖς
500 681 529 708 δὲ
551 683 687 717 περισσῶς
710 684 831 712 ποιοῦσιν

51 722 238 758 ὑπερηφανίαν
255 725 303 750 καὶ
319 725 538 753 ἀνταποδίδωσιν.

149 770 305 796 ΨΑΛΜΟΣ
319 770 358 803 τῷ
373 772 473 804 Δαυῒδ,
487 773 649 807 συνέσεως.
661 777 727 803 ΛΑ¹.

360 817 521 851 Ὑπόθεσις.

48 861 102 896 Τὴν
116 861 301 888 κακοπάθειαν
324 862 405 889 αὑτοῦ
428 863 478 899 τὴν
498 864 598 900 πολλὴν
612 865 828 901 προϐαλλόμενος

82 908 97 932 ὁ
114 907 204 939 Δαυῒδ,
222 908 255 943 ῆν
268 909 296 934 ἐν
309 910 342 944 τῇ
358 909 485 945 μετανοίᾳ
505 909 660 946 ὑπέμεινεν,
683 913 826 948 μακαρίζει

79 953 142 984 τοὺς
152 953 201 989 τῆς
213 950 336 987 ἀφέσεως
348 955 528 990 τετυχηκότας
540 955 583 982 διὰ
594 956 640 983 τοῦ
655 957 766 993 λουτροῦ
778 960 827 994 τῆς

78 998 297 1033 παλιγγενεσίας.
310 1000 465 1034 Συνέσεως
480 1002 509 1028 δὲ
519 1003 716 1039 ἐπιγέγραπται
729 1005 744 1030 ὸ
757 1004 826 1039 ψαλ-

80 1044 139 1079 μὺς,
154 1045 199 1072 διὰ
212 1045 243 1072 τὸ
262 1045 363 1081 ταύτης
387 1047 502 1082 μάλιστα
519 1048 622 1075 δεῖσθαι
644 1050 706 1081 τοὺς
719 1050 824 1085 ἀνθρώ-

77 1097 162 1121 πους·
178 1089 219 1116 ὅτι
237 1090 269 1125 δὴ
288 1091 388 1126 σφόδρα
403 1093 590 1125 ἑκνενευκότες
615 1094 662 1120 ἐπὶ
682 1094 716 1121 τὰ
733 1095 823 1131 παθη,

77 1135 171 1166 ἵπποις
183 1136 230 1162 καὶ
243 1136 366 1171 ἡμιόνοις
381 1137 596 1174 ἀπεικάσθησαν.

74 1181 219 1215 Μακάριοι
244 1179 288 1208 ὧν
313 1183 469 1217 ἀφέθησαν
493 1185 522 1210 al
547 1184 682 1219 ἀνομίαι,
710 1186 758 1212 καὶ
780 1183 824 1213 ὧν

40 1226 296 1261 ἐξεκολύμϐησαν
306 1230 335 1255 ιιι
348 1229 494 1263 ἁμαρτίαι.
513 1230 647 1265 Ἀφίενται
663 1232 711 1266 μὲν
724 1233 751 1258 at
766 1233 823 1259 ἀνο-

40 1273 99 1309 μίαι
119 1273 164 1300 διὰ
187 1273 388 1309 βαπτίσματος,
405 1275 632 1303 ἐπικαλύπτονται
649 1277 675 1304 δὲ
691 1278 822 1314 ἁμαρτίαι

37 1319 81 1345 διὰ
94 1319 144 1353 τῆς
155 1320 257 1355 πικρᾶς
271 1320 421 1355 μετανοίας.

71 1365 222 1398 Μακάριος
235 1365 312 1399 ἀνὴρ
335 1363 371 1394 οὗ
388 1367 424 1393 οὐ
441 1366 484 1401 μὴ
504 1367 661 1402 λογίσηται
684 1370 700 1395 ό
714 1369 820 1403 Κύριος

36 1410 193 1443 ἁμαρτίαν,
205 1409 275 1436 οὐδὲ
287 1410 371 1437 ἔστιν
380 1411 415 1437 ἐν
430 1411 470 1444 τῷ
482 1413 605 1447 στόματι
617 1413 709 1440 αὑτοῦ
719 1414 818 1448 δόλος.

34 1452 119 1487 Οὗτος
134 1456 189 1490 γὰρ
204 1455 311 1492 ἀληθῶς
331 1456 475 1492 μακάριος,
491 1459 505 1484 ὁ
520 1457 567 1494 ὅλῃ
583 1459 680 1495 καρδίᾳ
703 1469 820 1496 προσερ-

33 1501 147 1536 χόμενος
169 1501 207 1536 τῷ
231 1501 301 1537 ἁγίῳ
325 1502 500 1538 βαπτίσματι.
519 1503 566 1539 [Ὀ
586 1504 640 1540 γὰρ
658 1505 727 1540 μετὰ
742 1506 817 1532 δόλου

35 1546 243 1582 βαπτιζόμενος,
258 1549 326 1583 πρὸς
337 1549 376 1584 τῷ
398 1550 435 1585 μὴ
452 1551 543 1585 τυχεῖν
555 1551 603 1586 τῆς
618 1551 751 1585 ἀφέσεως,
770 1553 818 1578 καὶ
831 1570 852 1599 C

33 1594 121 1628 κρῖμα
135 1594 214 1630 Eis-zu]
236 1595 289 1621 Τοῦ
310 1595 400 1622 αὐτοῦ·
425 1595 466 1628 τὸ,
488 1596 541 1629 ὅτι,
559 1596 611 1632 τῷ,
636 1597 814 1631 ἐπωαιώθη,

34 1640 194 1672 συναπτέον,
212 1639 294 1676 ἶν’ᾖ-
313 1642 376 1668 ’Ὁτι
398 1642 565 1676 ἐπαλαιώθη
586 1642 622 1669 τὰ
645 1642 721 1670 ὀστᾶ
739 1652 814 1678 μου,

32 1686 92 1712 ἀπὸ
105 1687 159 1713 τοῦ
176 1686 294 1721 κράζειν
314 1697 351 1722 με
370 1688 447 1722 ὅλην
465 1688 523 1722 τῆν
537 1688 660 1723 ἡμέραν.
686 1689 816 1724 Ἐσίγησα

33 1732 132 1766 μηκέτι
155 1734 246 1768 φωνὴν
264 1734 371 1768 ἀφεῖναι
394 1734 550 1770 δυνάμενος.
567 1734 600 1760 Τί
615 1734 644 1762 δὲ
657 1734 780 1771 ἔκραξεν,
797 1736 813 1771 ἢ

29 1779 80 1814 τὴν
92 1779 254 1815 συγγνώμην
261 1781 310 1815 τῆς
319 1781 456 1816 ἁμαρτίας
470 1781 551 1808 αἰτῶν
560 1790 567 1814 ;

67 1825 127 1851 ’Ὁτι
146 1825 258 1859 ἡμέρας
280 1826 330 1852 καὶ
352 1826 462 1859 νυκτὸς
482 1827 629 1860 ἐϐαρύνθη
651 1827 698 1854 ἐπ’
722 1828 774 1863 ἐμὲ
793 1828 813 1861 ἠ

30 1871 94 1905 χείρ
116 1879 186 1898 σου.
208 1871 330 1905 Ἀγαοὺς,
347 1872 438 1907 φησιν,
459 1872 497 1898 ὢν
512 1872 673 1904 ἐπαίδευσας
693 1873 813 1908 σφοδρῶς

28 1915 74 1942 διὰ
89 1915 139 1950 τῆς
152 1916 274 1947 παιδείας
289 1917 459 1952 ἐπιστρέφων
472 1918 510 1948 εἰς
527 1917 672 1952 σωτηρίαν.
697 1917 814 1951 Ἐστρά-

27 1970 91 1996 φηγ
104 1963 147 1994 εὶς
158 1962 360 1995 ταλαιπωρίαν
373 1962 407 1988 ἐν
423 1962 462 1994 τῷ
476 1962 646 1997 ἑμπαγῆναί
656 1972 707 1998 μοι
719 1963 811 1990 ἅκαν-

28 2008 93 2033 θαν.
111 2007 248 2033 Ἀκανθαν
259 2006 308 2042 τὴν
321 2007 457 2042 ἁμαρτίαν
469 2007 560 2042 φησίν.
570 2008 598 2034 '0
612 2007 640 2034 δὲ
651 2008 714 2040 νοῦς
723 2005 809 2040 οὗτος·

35 2051 142 2087 Ἐπειδὴ
165 2051 303 2087 ὲνεπάγη,
318 2052 400 2088 φησι,
417 2053 450 2088 τῇ
475 2052 547 2088 ψυχῇ
568 2061 617 2088 μου
640 2054 656 2089 ἡ
678 2053 809 2089 ἁμαρτία,

26 2097 248 2133 ἐταλαιπώρησα.

65 2143 125 2176 Thr
148 2143 277 2178 ἀνομίαν
297 2152 356 2178 μου
380 2143 536 2178 ἐγνώρισα.
558 2143 611 2170 Τὸν
639 2144 737 2179 τρόπον
761 2145 810 2179 τῆς

24 2188 244 2223 ὲξομολογήσεως
268 2187 402 2223 σημαίνει.
428 2186 506 2215 Εἴπα
533 2187 719 2222 ἐξαγορεύσω
746 2188 808 2214 κατ’

881 412 970 447 jecisti
983 411 1115 440 famulum
1129 418 1214 440 tuum.

917 457 962 484 24.
982 457 1091 492 Diligite
1105 458 1258 492 Dominum,
1276 467 1363 486 omnes
1376 461 1460 486 sancti
1478 460 1544 494 ejus.
1558 460 1666 488 Sermo-

883 511 944 530 nem
966 503 1100 531 convertit
1112 503 1144 530 ad
1159 504 1274 531 aliorum
1289 505 1516 538 exhortationem,
1536 514 1551 533 a
1566 507 1665 541 quibus

883 549 1021 576 beneflciis
1038 553 1080 576 est
1095 546 1208 577 affectus
1219 569 1226 582 ,
1253 550 1322 578 alios
1344 551 1377 578 ad
1401 551 1584 579 confitendum
1602 559 1665 579 evo-

882 601 957 622 cans.
972 594 1006 621 Et
1022 595 1142 621 retribuit
1153 595 1318 622 abundanter
1333 596 1492 630 facientibus
1503 598 1663 632 superbiam.

882 638 932 665 Diu
944 639 1053 672 quidem
1070 638 1166 665 tolerat
1177 638 1311 667 Dominus
1323 641 1468 674 superbos,
1484 643 1512 666 at
1527 641 1665 667 abundan-

882 689 922 711 ter
938 683 1101 712 facientibus
1116 684 1273 719 superbiam
1288 685 1437 720 promerita
1454 685 1590 713 retribuit.

952 771 1123 800 PSALMUS
1137 773 1188 807 ipsi
1202 772 1299 805 David,
1313 772 1470 800 intellectus.
1482 771 1590 800 XXXI.

1164 818 1365 852 Argumentum.

879 862 1027 891 [Erumnas
1050 868 1077 891 et
1095 864 1262 892 calamitates
1283 863 1382 891 multas
1408 863 1486 899 queis
1506 863 1534 890 in
1557 863 1660 898 agenda

912 910 1070 944 pmuitentia
1083 909 1242 944 perfunctus
1256 914 1298 937 est
1313 917 1467 944 proponens
1479 908 1574 940 David,
1595 909 1660 936 bea—

913 959 955 983 tos
972 955 1034 983 illos
1048 956 1178 990 praedicat
1194 955 1241 990 qui
1258 963 1305 990 per
1320 956 1460 983 lavacrum
1478 955 1659 990 regeneratio-

912 1002 955 1029 nis
975 1002 1082 1029 veniam
1110 1007 1175 1029 sunt
1208 1003 1358 1029 consecuti.
1385 1001 1538 1029 intellectus
1567 1007 1657 1029 autem

910 1047 1032 1082 psalmus
1053 1047 1221 1080 inscribitur,
1234 1048 1298 1082 quia
1313 1048 1359 1074 illo
1377 1052 1457 1082 egent
1471 1048 1589 1074 maxime
1606 1048 1658 1075 ho-

910 1093 997 1120 mines
1010 1101 1016 1119 :
1032 1101 1094 1120 nam
1107 1093 1171 1120 dum
1184 1092 1325 1120 affectibus
1340 1093 1401 1127 plus
1412 1101 1490 1128 aequo
1504 1093 1656 1128 indulgent,

909 1139 986 1173 equis
1001 1144 1028 1166 et
1042 1139 1123 1166 mulis
1139 1139 1241 1166 similes
1256 1138 1320 1166 facti
1336 1143 1409 1166 sunt.

910 1185 935 1211 L
967 1184 1043 1212 Beati
1067 1193 1178 1219 quarunt
1203 1185 1320 1212 remissae
1341 1189 1402 1211 sunt
1432 1184 1604 1219 iniquitates,
1630 1189 1655 1212 et

871 1238 982 1265 quorum
997 1235 1063 1257 tecta
1080 1235 1140 1257 sunt
1164 1235 1281 1264 peccata.
1304 1229 1482 1257 Dimittuntur
1498 1231 1655 1265 iniquitates

872 1285 920 1311 per
934 1277 1078 1311 baptisma,
1095 1281 1222 1312 teguntur
1244 1284 1291 1311 per
1307 1284 1429 1303 amaram
1456 1276 1653 1311 pmuiteutiam.

905 1366 931 1392 2.
952 1365 1050 1393 Beatus
1072 1366 1110 1393 vir
1134 1367 1177 1393 cui
1197 1374 1248 1392 non
1268 1366 1407 1400 imputavit
1423 1365 1552 1393 Dominus
1563 1375 1654 1401 pecca-

871 1416 936 1444 tum,
957 1420 1003 1438 nec
1020 1416 1059 1438 est
1078 1413 1107 1438 in
1128 1420 1171 1438 ore
1195 1412 1252 1446 ejus
1272 1413 1359 1439 dolus.
1385 1411 1431 1438 Ille
1451 1420 1569 1447 namque
1591 1420 1654 1440 vero

870 1457 965 1485 beatus
976 1458 1022 1492 qui
1036 1460 1093 1484 toto
1106 1458 1190 1484 corde
1205 1457 1309 1484 accodit
1323 1457 1355 1484 ad
1370 1462 1492 1484 sanctum
1507 1458 1651 1492 baptisma.

870 1503 948 1539 [Nam
970 1504 1014 1538 qui
1038 1511 1098 1531 cum
1125 1504 1187 1531 dolo
1221 1504 1384 1538 baptizatur,
1408 1504 1514 1531 veniam
1540 1504 1652 1531 minimo

869 1554 1042 1581 consecutus,
1055 1549 1159 1584 judicio
1181 1556 1290 1584 quoque
1302 1549 1499 1585 damnaliitur.]
1514 1549 1592 1582 Quod
1608 1557 1652 1577 se-

870 1595 973 1630 quitur,
988 1595 1127 1630 quom‘am,
1141 1603 1202 1622 cum
1224 1595 1274 1622 hac
1287 1602 1362 1626 voce,
1377 1595 1594 1627 inveteraverunt,
1609 1599 1652 1622 est

870 1641 1097 1673 counectcndum,
1113 1645 1144 1668 ut
1165 1641 1298 1668 sententia
1313 1641 1364 1673 sit,
1387 1641 1510 1676 quoniam
1525 1642 1651 1668 invetera-

870 1691 959 1713 verunt
971 1695 1030 1713 ossa
1043 1694 1110 1713 mea.
1124 1685 1193 1712 Dum
1205 1686 1346 1713 clamarem
1359 1692 1415 1713 tota
1429 1687 1471 1713 die
1491 1686 1573 1714 Tacui
1587 1694 1649 1714 cum

870 1741 925 1760 non
949 1740 1057 1767 possem
1074 1733 1192 1767 amplius
1207 1740 1298 1760 vocem
1315 1733 1447 1760 emittere.
1473 1731 1543 1765 Quid
1559 1738 1648 1759 autem
1699 1752 1705 1759 .

868 1781 1003 1813 clamavit,
1019 1781 1071 1808 nisi
1086 1782 1194 1808 veniam
1210 1781 1312 1816 peccati
1328 1781 1447 1815 rogans?

901 1827 928 1854 4.
949 1826 1079 1858 Quoniam
1100 1827 1141 1852 die
1166 1834 1196 1852 ac
1220 1831 1294 1852 nocte
1320 1831 1428 1861 gravata
1453 1830 1490 1852 est
1510 1831 1589 1859 super
1609 1833 1647 1852 me

867 1882 959 1901 manus
974 1878 1029 1899 tua.
1043 1872 1144 1902 Battus,
1159 1872 1257 1906 inquit,
1273 1879 1333 1898 cum
1349 1872 1398 1902 sis,
1413 1872 1472 1898 dire
1489 1876 1515 1898 et
1528 1872 1646 1906 graviter

866 1929 910 1948 me
924 1918 1073 1953 castigasti,
1089 1922 1118 1944 ut
1139 1918 1171 1944 ad
1191 1917 1304 1944 salutem
1327 1917 1485 1944 adduceres.
1502 1917 1645 1944 Conversus

865 1974 922 1994 sum
938 1965 964 1992 in
979 1971 1097 1992 azrumua
1113 1964 1175 1989 dum
1189 1963 1328 1997 conﬁgitur
1341 1963 1427 1996 spina.
1441 1962 1552 1996 Spinam
1568 1967 1647 1990 vocat

864 2014 1015 2047 peccatum.
1042 2008 1103 2036 Haec
1126 2012 1167 2036 est
1195 2012 1284 2035 autem
1308 2008 1442 2035 sententia
1468 2017 1474 2035 :
1498 2007 1644 2042 Postquam

864 2059 1000 2085 confixum
1021 2060 1062 2083 est
1083 2055 1181 2082 animae
1200 2061 1268 2081 meae.
1290 2058 1442 2089 peccatum,
1464 2054 1492 2080 in
1515 2054 1645 2081 aerumnis

862 2107 986 2132 versatus
999 2109 1069 2129 sum.

897 2149 924 2176 5.
945 2147 1075 2174 Delictum
1101 2153 1185 2172 meum
1212 2144 1344 2179 cognitum
1369 2144 1418 2170 tibi
1444 2144 1504 2178 feci.
1533 2144 1642 2172 Modum

862 2193 1042 2222 confessionis
1063 2191 1206 2226 significat.
1230 2189 1289 2216 Dixi
1302 2197 1310 2216 :
1333 2189 1483 2231 Cvonﬁtebor
1505 2190 1643 2216 adversum

21 2234 97 2268 ἐμοῦ
114 2234 173 2268 τὴν
184 2234 321 2268 ἀνομίαν.
334 2233 451 2266 Δίκαιος
471 2233 579 2260 ἑαυτοῦ
595 2233 759 2267 κατήγορος
774 2233 809 2259 ἐν

877 2248 901 2266 te
918 2238 1085 2274 injustitiam.
1100 2236 1192 2263 Justus
1206 2236 1234 2262 in
1247 2236 1376 2270 principio
1392 2235 1518 2262 sermonis
1533 2244 1641 2262 accusa-

22 2279 219 2314 πρωτολογίςι.
235 2279 289 2307 Καὶ
312 2279 374 2314 λέγε
396 2280 440 2313 σὺ,
457 2279 533 2314 φησι,
548 2279 596 2310 τὰς
610 2279 745 2314 ἁμαρτίας
760 2287 807 2305 σου

21 2327 144 2362 πρῶτος.

63 2371 150 2405 ’Υπὲρ
165 2371 276 2405 ταύτης
289 2370 483 2405 προσεύξεται
497 2370 572 2404 πρὸς
589 2369 626 2396 σὲ
639 2368 697 2401 πᾶς
713 2368 807 2402 ὅσιος.

24 2417 115 2453 ’Υπὲρ
139 2416 190 2451 τῆς
213 2417 289 2452 ἐμοὶ,
322 2417 397 2452 φησι,
425 2414 645 2451 συγχωρηθείσης
673 2414 808 2450 ἁμαρτίας

16 2464 138 2494 ἕκαστος
159 2463 213 2489 τῶν
233 2463 313 2489 ὁσίων
334 2471 374 2488 σοι
397 2461 510 2494 εὔξεται,
530 2461 582 2487 Δύο
598 2460 626 2487 δὲ
648 2460 692 2487 διὰ
707 2460 808 2486 τούτων

17 2508 161 2543 σημαίνει·
177 2508 193 2543 ῆ
207 2508 248 2534 ὅτι
263 2507 414 2542 ὑπόδειγμα
429 2507 494 2533 πᾶσι
509 2505 650 2542 μετανοίας
665 2505 771 2542 ἔσομαι,
790 2505 806 2541 ἢ

16 2551 282 2588 προφητικώτερον,
305 2553 348 2580 διὰ
373 2553 404 2578 τὸ
432 2552 461 2585 ἐξ
484 2551 565 2578 αὐτοῦ
593 2551 639 2577 τοῦ
661 2550 806 2586 προσώπου

15 2599 102 2626 Δαυῖδ
128 2598 216 2625 πάντα
239 2598 273 2624 τὰ
293 2597 354 2633 ἔθνη
377 2597 446 2624 κατὰ
466 2597 577 2632 καιροὺς
591 2596 806 2631 ἐξομολογεῖσθαι

16 2646 90 2682 ὑπὲρ
106 2646 158 2681 τῆς
178 2645 315 2681 ἁμαρτίας
337 2645 428 2671 αυτοῦ.
448 2644 534 2678 Πλὴν
555 2644 590 2670 ἐν·
606 2643 807 2677 κατακλυσμῷ

14 2692 137 2719 ὑδάτων
151 2691 275 2718 πολλῶν
297 2691 370 2725 πρὸς
393 2690 486 2717 αὑτὸν
503 2691 557 2716 οὐκ
576 2689 738 2724 ὲγγιοῦσιν.
755 2689 806 2715 Τὸν

17 2738 216 2773 μετανοοῦντα,
243 2737 326 2772 φησι,
359 2737 459 2771 πλῆθος
486 2735 644 2772 πειρασμῶν
671 2735 719 2761 οὐκ
745 2735 805 2761 ἐπι-

14 2784 124 2811 Ἁλύσει.

52 2883 72 2900 ι’
87 2882 167 2910 [τον.
185 2889 264 2914 nm,
277 2881 320 2908 f7.

860 2291 901 2313 tor
916 2289 953 2312 est
971 2284 1011 2311 sui
1022 2284 1055 2316 ⁸⁸,
1071 2287 1098 2310 ιιι
1110 2283 1194 2317 prior,
1206 2281 1295 2316 inquit
1306 2301 1313 2314 ,
1325 2285 1450 2308 cnarrato
1465 2286 1573 2316 peccata
1586 2286 1640 2308 tua.

893 2360 919 2387 6.
944 2359 995 2386 Pro
1009 2359 1057 2385 hac
1071 2358 1155 2385 orabit
1173 2358 1206 2384 ad
1224 2363 1248 2384 te
1261 2358 1344 2384 omnis
1359 2363 1477 2385 sanctus.
1499 2357 1552 2385 Pro
1564 2358 1640 2385 venia

858 2405 971 2441 peccati,
988 2404 1086 2439 inquit,
1098 2404 1164 2430 mihi
1178 2411 1319 2435 concessa,
1335 2403 1425 2431 omnis
1440 2408 1551 2431 sanctus
1568 2403 1600 2431 ad
1615 2409 1641 2431 te

858 2448 956 2479 orabit.
992 2450 1051 2477 Duo
1076 2455 1166 2477 autem
1192 2450 1267 2477 hisce
1287 2450 1378 2477 verbis
1407 2449 1542 2484 significat
1568 2459 1574 2477 :
1598 2451 1639 2477 vel

857 2495 985 2523 omnibus
996 2495 1160 2530 paenitentiae
1168 2495 1304 2528 exemplar
1315 2502 1380 2527 ero;
1391 2495 1432 2522 vel
1445 2495 1517 2530 quod
1531 2495 1564 2522 ad
1578 2503 1640 2530 pro-

857 2541 956 2576 phetiae
970 2541 1102 2568 rationem
1124 2540 1211 2574 magis
1223 2540 1338 2573 accedit,
1352 2540 1415 2575 quia
1431 2540 1552 2568 futurum
1568 2547 1640 2569 esset

857 2593 886 2616 ut
901 2596 934 2616 ex
950 2595 1064 2623 persona
1078 2587 1164 2622 ipsius
1178 2587 1260 2614 David
1277 2594 1372 2615 omnes
1383 2594 1478 2622 gentes
1495 2588 1553 2616 suis
1574 2593 1639 2616 tem-

856 2635 967 2669 poribus
989 2634 1180 2661 confitercntur
1204 2641 1253 2668 pro
1277 2638 1387 2668 peccato
1411 2633 1480 2668 ejus.
1513 2633 1638 2667 (Scilicet

856 2682 923 2708 [tunc
946 2681 1079 2707 recitatth
1105 2680 1263 2715 psalmum.)
1291 2679 1471 2706 Verumtamen
1496 2680 1523 2706 in
1539 2678 1638 2705 diluvio

856 2735 986 2762 aquarum
1018 2727 1163 2754 multarunt
1189 2727 1223 2753 ad
1244 2734 1303 2753 eum
1329 2734 1381 2752 non
1406 2723 1634 2759 appraximabunt.

855 2772 1046 2800 Paenitentiam
1064 2777 1186 2807 agentem
1197 2791 1204 2804 ,
1228 2772 1333 2809 inquit,
1348 2770 1493 2800 multitudo
1509 2773 1635 2796 tentatur-

856 2828 919 2848 num
938 2828 990 2847 non
1009 2820 1113 2847 obruet.
