1934 3053
281 160 332 187 165

699 160 728 188 S.
749 159 933 188 ATHANASII
950 159 1030 187 OPP.
1051 157 1141 186 PARS
1159 157 1202 186 lll.
1222 171 1255 178 —
1275 157 1478 186 EXEGETICA.

1833 159 1878 186 liii

316 217 341 244 7.
355 215 393 243 Tu
409 225 434 243 es
446 217 574 251 refugium
589 225 684 248 meum,
696 222 747 244 etc.
762 217 828 243 Cum
846 217 890 243 illa
907 217 940 243 de
952 221 1062 250 peccato

1149 216 1190 242 Σύ
1209 224 1269 249 μου
1291 214 1457 249 καταφυγή.
1481 215 1586 241 Ἐκεῖνα
1609 215 1672 250 περὶ
1692 215 1741 251 τῆς
1758 215 1878 252 ἁμαρτίας

280 262 402 294 dixisset,
421 267 498 297 rogat
516 270 530 289 a
553 262 632 290 malis
653 270 700 296 per
719 270 779 288 eam
804 262 916 288 invectis
931 262 1008 296 eripi.
1031 261 1063 287 Et

280 315 344 334 vero
366 308 482 342 gratiosa
503 308 583 334 datur
605 307 744 341 responsio
767 316 773 333 :
799 307 836 333 ait
860 307 931 333 enim
955 307 992 333 illi
1016 306 1063 333 bc-

281 354 378 388 nignus
395 353 525 380 Dominus
538 363 544 379 :
559 352 723 379 Intellectum
742 352 790 379 tibi
805 353 883 385 dabo,
895 358 917 379 et
933 353 1062 378 instruant

282 404 305 425 te
321 400 347 425 in
364 400 407 426 via
424 400 483 426 hac.
506 399 608 425 Potenti
624 399 808 426 liberationem
831 399 865 426 ab
883 399 1000 426 inimicis
1019 406 1062 424 re-

281 445 395 478 spondet
408 444 488 476 Deus,
506 444 665 479 promittens
679 452 708 471 se
728 444 765 470 illi
780 444 806 470 in
821 444 862 470 via
881 448 953 470 recta
966 443 1060 470 ducem

282 489 414 517 futurum.

317 534 343 560 9.
364 534 452 560 Nolite
467 534 524 568 ﬁeri
536 535 605 560 sicut
617 542 697 569 equus
715 533 848 564 et-mnlus,
861 533 952 568 quibus
964 541 1014 560 non
1024 537 1061 559 est

280 579 436 606 intellectus.
462 579 589 607 Hortatur
611 584 768 614 peccantes,
792 586 824 605 ne
847 587 876 606 se
894 579 1013 606 ell'eratis
1035 582 1062 605 et

281 623 406 649 belluinis
426 624 549 650 moribus
570 624 678 650 dedant.
695 623 731 649 Jn
747 631 821 649 canto
837 628 860 650 et
877 624 950 658 freuo
966 623 1062 650 maxil-

281 668 322 695 las
351 677 439 696 eorum
467 671 638 704 conati-iuges.
667 670 722 697 Ceu
748 670 781 696 ad
805 670 948 696 Dominum
973 676 1062 697 sermo

281 713 414 748 dirigitur.
446 714 605 749 llnjusmodi
635 719 724 742 autem
757 715 889 742 sententia
916 719 956 741 est
978 724 984 740 :
1010 714 1062 742 Eos

281 759 326 793 qui
350 760 480 794 poenitere
504 761 658 794 noluerint,
684 768 732 787 ceu
756 761 873 795 quodam
891 760 966 788 l‘reno
984 760 1017 787 ad
1037 763 1063 787 te

281 811 418 832 converte.
1044 809 1047 814 ί

281 849 452 877 PSALJIUS
471 851 570 883 David,
587 852 632 886 qui
652 856 722 878 caret
744 852 820 878 titulo
837 852 906 886 apud
928 850 1060 878 Hebraeos.

610 896 735 922 XXXII.

573 941 772 976 Argumentum.

282 984 310 1011 In
328 986 453 1020 pnesenti
478 986 556 1013 docet
579 993 627 1013 eos
642 986 689 1020 qui
708 987 763 1021 iam
781 987 808 1013 in
822 986 960 1013 Christum
975 986 1062 1014 credi-

316 1031 414 1058 derunt
435 1032 543 1058 laudare
567 1031 711 1058 Dominum
733 1039 828 1062 suum.
844 1037 1062 1058 commonstrans

317 1081 446 1110 praeterea
472 1077 613 1111 potestatis
630 1084 686 1104 sua:
710 1077 913 1109 excellentiam;
935 1077 1062 1110 quoniam

318 1121 375 1155 ipse
394 1121 547 1156 redemptor
566 1127 608 1148 est
623 1122 810 1148 universorum
824 1141 832 1153 ,
849 1121 906 1155 ipse
923 1121 1061 1151 Dominus,

319 1166 376 1200 ipse
400 1167 539 1201 improbos
564 1167 640 1193 nihili
664 1167 745 1198 facit,
763 1174 911 1200 eorumqu
931 1166 1063 1193 disturbat

316 1212 445 1244 consilia;
459 1216 597 1246 sperantes
615 1217 704 1238 autem
723 1212 749 1238 in
766 1219 795 1238 se
810 1211 899 1238 salvos
919 1211 991 1239 facit.

319 1256 345 1282 1.
366 1256 506 1284 Ezsultate
518 1276 524 1289 ,
538 1257 622 1291 justi,
636 1258 663 1283 in
677 1257 823 1284 Domino...
840 1258 868 1283 in
880 1258 1005 1291 psalterio
1018 1257 1064 1285 de-

283 1309 338 1328 cem
350 1302 507 1329 chordarum
526 1303 630 1338 psallite
644 1303 693 1329 illi.
707 1302 867 1330 Psalterium
880 1303 971 1330 decem
984 1303 1064 1330 clior-

283 1349 382 1377 darum
408 1356 507 1382 corpus
530 1353 608 1376 vocat
631 1358 637 1374 :
666 1349 765 1383 quippe
790 1349 861 1383 quod
885 1349 1004 1383 quinque
1029 1349 1064 1376 sit

282 1394 409 1421 sensibus
433 1394 591 1427 pratditum,
608 1399 635 1421 et
657 1395 728 1428 quod
747 1395 868 1429 quinque
893 1396 1063 1429 operationes

284 1439 373 1466 anima
388 1439 494 1470 habeat.
511 1447 557 1474 per
571 1440 691 1475 singulos
706 1448 823 1475 namque
838 1448 935 1468 sensus
952 1441 1064 1476 singulae

284 1485 454 1518 operationes
470 1486 634 1512 excitantur.

319 1530 345 1556 5.
364 1529 474 1556 Cautate
489 1531 513 1556 ei
527 1531 657 1557 canticum
671 1539 774 1558 novam.
787 1531 885 1566 Aperte
899 1531 964 1558 dicit
978 1531 1062 1566 legem

284 1574 366 1602 Hosis
383 1575 461 1602 linem
475 1577 621 1610 accepisse.

319 1620 346 1648 4.
367 1620 436 1652 Quia
450 1627 547 1647 rectum
562 1625 600 1647 est
612 1621 718 1647 verbum
733 1621 849 1648 Domini.
874 1621 1063 1657 Evangelicum

283 1665 416 1693 videlicet.
441 1667 475 1693 Et
489 1667 576 1693 omnia
591 1675 669 1702 opera
691 1667 747 1702 ejus
762 1668 789 1696 iu
802 1668 863 1701 ﬁde.
881 1668 1063 1700 Credendum,

283 1710 381 1745 inquit,
402 1710 436 1738 iis
450 1718 510 1745 quae
524 1711 578 1743 ille,
598 1712 717 1739 utDeum
732 1712 855 1744 decebat,
872 1717 1002 1747 operatus
1011 1718 1062 1741 est.

317 1800 343 1827 5.
365 1800 458 1836 Diligit
488 1801 693 1828 misericordiam
724 1807 749 1829 et
770 1803 903 1837 judicium
924 1802 1062 1830 Dominus.

283 1845 355 1878 llaec,
371 1847 459 1882 inquit
471 1868 478 1878 .
497 1849 614 1881 postulat
632 1848 666 1875 ab
681 1849 714 1876 iis
728 1849 774 1883 qui
791 1850 905 1876 credunt
919 1849 947 1876 in
963 1851 1062 1884 ipsum.

284 1892 468 1920 Misericordia
482 1893 589 1920 Domini
605 1895 682 1929 plena
697 1899 736 1922 est
755 1900 835 1923 terra.
855 1895 1002 1923 Ostendere
1020 1897 1064 1923 in-

280 1939 347 1973 cipit
357 1939 445 1974 ipsum
458 1947 547 1967 rerum
561 1941 684 1968 omnium
695 1946 849 1968 creatarum
861 1942 982 1976 opiﬁcem
991 1949 1062 1974 esse,

281 1989 308 2011 et
328 1985 435 2019 quidem
461 1986 577 2020 primum
601 1991 680 2013 terra:
700 1994 780 2020 quam
806 1986 992 2014 misericordia
1020 1995 1063 2013 re-

281 2029 370 2064 plesse
385 2029 422 2056 ait
443 2037 449 2055 :
474 2037 561 2064 neque
583 2031 655 2057 enim
677 2032 745 2058 alias
770 2032 946 2065 consisteret,
962 2032 1014 2058 nisi
1031 2039 1063 2058 ea

282 2075 383 2108 repleta
398 2079 479 2102 esset.
497 2075 530 2102 Et
551 2083 616 2103 sane
637 2084 725 2110 neque
741 2077 804 2103 cmli
827 2084 945 2112 unquam
961 2077 1064 2104 consti-

281 2121 379 2147 tissent
389 2141 397 2153 ,
411 2120 463 2147 nisi
477 2121 560 2148 verbo
573 2122 632 2155 ejus
647 2121 746 2148 ﬁrmati
766 2122 896 2155 fuissent,
917 2123 1063 2157 itidemque

280 2165 395 2192 virtutes
406 2172 499 2193 eorum
510 2185 517 2197 ,
535 2172 630 2200 nempe
645 2165 742 2193 divinae
757 2170 784 2193 et
800 2166 983 2194 rationabiles.

317 2250 421 2286 [Diligit
446 2251 537 2286 itaque
562 2251 776 2279 misericordiam
793 2259 856 2286 erga
880 2251 1058 2286 pmnitentes;

280 2296 367 2331 diligit
381 2297 512 2331 judicium
529 2304 623 2324 eorum
644 2297 690 2332 qui
712 2305 825 2332 peccare
840 2305 893 2324 non
913 2297 1057 2325 desistunt.

281 2341 346 2369 Tale
362 2343 498 2377 quidpiam
515 2342 597 2370 Isaias
609 2342 664 2370 Deo
678 2343 808 2377 loquitur,
826 2342 896 2375 Quia
911 2343 1059 2370 misericor-

279 2387 327 2414 dia
339 2393 384 2414 tua
397 2388 424 2414 in
436 2395 585 2414 mensuram
598 2388 619 2404 ⁵⁵
633 2397 639 2414 :
657 2389 790 2423 siquidem
809 2389 867 2423 ipse
879 2395 940 2415 cum
956 2388 1058 2423 judicio

279 2432 492 2460 misericordiam
515 2437 625 2468 praestat
636 2454 644 2465 .
669 2434 697 2460 in
713 2435 832 2469 pondere
845 2438 871 2461 et
885 2441 998 2462 numero
1016 2442 1058 2461 rc-

279 2477 400 2505 tribuens
415 2486 463 2513 pro
477 2479 610 2514 cujusque
623 2479 745 2515 merito.]

312 2524 339 2551 6.
366 2524 447 2552 Verbo
460 2525 566 2552 Domini
577 2526 634 2552 caeli
649 2527 751 2561 ﬁrmati
765 2531 834 2554 sunt.
849 2527 882 2554 Et
896 2527 940 2555 hic
949 2535 1057 2563 quoque

278 2577 371 2599 sancta
385 2571 503 2600 Trinitas
514 2573 678 2601 declaratur.
689 2574 724 2600 Et
735 2575 829 2609 spiritu
843 2575 896 2602 oris
905 2575 962 2610 ejus
972 2576 1056 2602 omnis

277 2618 360 2644 uirtus
383 2626 483 2645 eorum.
505 2619 541 2646 Us
562 2618 609 2646 Dei
628 2619 758 2654 Spiritum
775 2625 898 2648 sanctum
914 2621 979 2649 dicit
995 2631 1002 2649 :
1018 2621 1056 2648 si-

275 2664 385 2699 quidem
402 2665 537 2698 proplleta:
560 2672 620 2691 cum
637 2673 669 2692 eo
692 2665 798 2693 amante
813 2666 997 2701 loquerentur,
1015 2668 1056 2695 di-

275 2710 373 2736 cebant.
383 2710 416 2742 ⁷⁸,
429 2710 553 2744 quoniam
569 2718 598 2737 os
618 2710 721 2737 Domini
738 2712 792 2739 [uec
804 2712 919 2739 locutum
935 2718 983 2740 est.

311 2796 335 2823 7.
357 2797 522 2834 Congregans
536 2801 603 2828 sicut
620 2801 645 2828 in
660 2807 716 2829 utre
735 2811 817 2837 aquas
830 2805 922 2832 marit.
936 2803 1055 2840 Congre-

310 2853 332 2868 ⁸³
347 2853 397 2883 Isa.
413 2863 509 2889 xxvtn,
528 2857 570 2884 l7.
609 2858 631 2874 ⁷ο
648 2858 700 2887 lsa.
718 2867 736 2894 l,
748 2859 793 2888 20.

1112 259 1248 294 εἰρηκὼς,
1272 259 1386 286 ἱκετεύει
1414 259 1467 285 τῶν
1496 259 1539 286 διὰ
1566 260 1668 296 ταύτην
1697 262 1878 296 ἐπενεχθένσων

1114 304 1302 338 ἀπαλλαγῆναι
1323 304 1429 331 κακῶν.
1446 304 1500 330 Καὶ
1518 305 1607 339 μέντοι
1626 305 1673 331 καὶ
1694 306 1815 340 τυγχάνει
1835 307 1878 340 τῆς

1112 349 1298 384 ἀποκρίσεως*
1317 349 1389 383 λέγει
1416 349 1469 384 γὰρ
1503 349 1572 384 πρὸς
1599 349 1678 376 αὐτὸν
1706 351 1879 387 φιλάνθρωπος

1112 393 1213 428 Κύριος
1224 403 1230 408 ·
1249 394 1376 420 Συνετιῶ
1388 403 1424 421 σε
1450 394 1496 421 καὶ
1514 395 1645 429 συμϐιϐῶ
1659 403 1696 422 σε
1708 397 1743 423 ἐν
1756 396 1810 430 ὀδῷ
1820 399 1881 424 ταύ-

1112 447 1158 472 τῃ.
1173 439 1320 474 Εὑξαμένῳ
1331 438 1465 474 λυτρωσιν
1478 438 1581 474 ἐχθρῶν
1594 439 1799 473 ἀντιφθέγγεται
1811 440 1878 473 Θεὸς,

1112 484 1251 519 ὀδηγήσειν
1265 484 1494 519 ἐπαγγελλόμενος
1506 485 1534 510 έν
1551 484 1640 520 εὐθείᾳ

1147 529 1195 563 Μὴ
1217 530 1353 564 τίνεσθαι
1374 531 1413 563 ὡς
1437 531 1528 562 ἵππος
1548 530 1596 556 καὶ
1617 531 1757 564 ἡμίονος,
1771 528 1812 563 οἷς
1834 533 1881 559 οὐκ

1113 575 1179 602 ἐστι
1201 576 1337 609 σύνεσις.
1360 577 1515 611 Εἱσηγεῖται
1539 578 1595 607 τοῖς
1620 577 1815 612 ἁμαρτάνουσι,
1833 579 1882 609 τοῖς

1114 620 1221 652 ἀλόγοις
1239 621 1276 656 μὴ
1296 621 1426 647 ἐκδιδόναι
1444 621 1541 652 αὐτοὺς
1554 621 1661 648 πάθεσι.
1685 622 1731 647 Ἐν
1747 621 1825 656 κτιμῷ
1839 624 1881 649 καὶ

1113 664 1226 699 χαλινῷ
1242 665 1295 697 τὰς
1307 666 1451 699 σιαγόνας
1463 665 1562 692 αὐτῶν
1576 665 1685 699 ἆγξεις.
1706 666 1749 697 Ὡς
1763 666 1826 701 πρὸς
1843 667 1883 692 τὸν

1113 710 1214 745 Κύριον
1226 711 1240 736 ὁ
1255 709 1341 744 λόγος.
1360 711 1392 737 '0
1409 710 1436 737 δὲ
1452 711 1536 744 λέγει,
1554 711 1671 737 τοιοῦτον
1689 712 1758 738 ἐστι·
1770 711 1832 743 Τοὺς
1851 712 1884 746 μὴ

1115 755 1290 790 βουλομένους
1313 758 1451 791 μετανοεῖν
1474 754 1518 783 οἷά
1542 765 1594 783 τινι
1615 757 1714 792 χαλινῷ
1735 758 1885 793 ὲπίστρεψον

1115 801 1181 837 πρὸς
1196 802 1300 829 ἑαυτόν.

1191 847 1344 874 ΨΑΛΜΟΣ
1365 847 1405 879 τῷ
1425 847 1514 874 Attde
1534 848 1734 883 ἀνεπίποαφος
1759 849 1821 882 παρ’

1389 893 1417 919 Ἐ
1421 894 1540 927 ϐραίοις.
1561 895 1626 920 ABf.

1424 939 1586 972 ’Υπόθεσις.

1120 983 1162 1010 Ἐν
1176 983 1262 1018 τούτῳ
1278 983 1396 1010 διδάσκει
1415 984 1477 1016 τοὺς
1497 984 1546 1019 ἤδη
1565 985 1761 1018 πιστεύσαντας
1776 987 1813 1017 είς
1825 986 1889 1021 Χρι-

1149 1029 1219 1060 στὸν,
1233 1030 1316 1055 αἰνεῖν
1328 1029 1373 1063 τὸν
1385 1030 1487 1056 ἑαυτῶν
1502 1030 1648 1066 Δεσπότην,
1656 1031 1787 1058 διδάσκων
1799 1032 1890 1062 αὐτοὺς

1151 1076 1209 1110 ἄμα
1224 1077 1273 1110 τῆς
1289 1075 1430 1110 δυνάμεως
1444 1075 1524 1102 αὐτοῦ
1537 1077 1586 1111 τὴν
1604 1077 1747 1112 ὑπεροχὴν,
1764 1078 1802 1104 (“at
1815 1078 1892 1109 αὐτὸς

1150 1120 1249 1156 ρύστης
1263 1120 1316 1146 τῶν
1339 1120 1416 1153 ὅλων,
1435 1121 1516 1152 αὐτὸς
1534 1121 1646 1157 Κύριος,
1664 1123 1744 1154 αὐτὸς
1763 1123 1822 1154 τοὺκ1
1845 1123 1892 1158 μὲν

1148 1167 1282 1201 πονηροὺς
1295 1165 1438 1198 ἑξουθενεῖ,
1454 1167 1500 1193 καὶ
1515 1167 1734 1195 διασκεδάννυσιν
1746 1169 1833 1196 αὐτῶν
1847 1169 1894 1200 τὰς

1151 1211 1258 1246 βουλὰς,
1274 1211 1338 1242 τοὺς
1353 1211 1381 1237 δὲ
1395 1211 1552 1244 ἐλπίζοντας
1569 1215 1611 1240 ἐπ’
1625 1214 1704 1241 αὑτὸν
1716 1206 1810 1247 σώζειξ

1156 1256 1363 1291 Ἀγαλλιὰσθε,
1380 1257 1503 1290 δίκαιοι,
1518 1259 1552 1284 ἐν
1565 1260 1663 1293 Κυρίῳ
1685 1279 1692 1286 .
1715 1281 1722 1287 .
1744 1280 1752 1286 .
1774 1281 1782 1287 .
1804 1280 1812 1287 .
1834 1280 1841 1286 .
1860 1261 1895 1286 ἐν

1113 1302 1267 1336 ψαλτηρίῳ
1288 1301 1458 1336 ὃεκαχόρὸῳ
1478 1303 1595 1336 ehi/ture
1617 1304 1707 1337 αὐτῷ.
1732 1305 1895 1342 Δεκάχορδον

1112 1348 1261 1383 ψαλτήριον
1271 1347 1302 1373 τὸ
1314 1347 1392 1382 σῶμά
1409 1355 1500 1383 φησιν,
1515 1349 1562 1374 ἇτε
1577 1349 1656 1375 πέντε
1671 1349 1809 1385 αἰσθήσεις
1825 1350 1894 1386 ἔχον,

1114 1396 1160 1421 καὶ
1179 1395 1257 1421 πέντε
1281 1394 1419 1429 ἐνεργείας
1435 1395 1533 1429 ψυχῆς,
1553 1396 1586 1422 δι’
1611 1396 1728 1432 ἑκάστης
1744 1397 1895 1432 αἰσθήσεως

1113 1441 1256 1476 γινομένης
1269 1441 1408 1476 ἐνεργείας
1423 1442 1550 1477 ἑκάστης.

1150 1530 1260 1564 ’ᾼσατε
1274 1529 1353 1562 αὐτῷ
1366 1527 1448 1565 ᾆσμα
1466 1532 1580 1558 καινόν.
1595 1531 1690 1566 Σαφῶς
1705 1532 1751 1559 τὸν
1768 1532 1812 1558 διὰ
1833 1533 1896 1559 Μω-

1115 1575 1183 1607 σέως
1197 1576 1277 1610 νόμον
1292 1576 1366 1607 τέλος
1383 1577 1526 1611 ἐσχηκέναι
1542 1577 1633 1612 φησίν.

1151 1621 1210 1646 Ὅτι
1224 1620 1313 1653 εὐθὺς
1327 1622 1342 1647 ό
1353 1622 1445 1655 λόγος
1460 1621 1512 1648 τοῦ
1528 1621 1649 1654 Kvplov.
1669 1621 1698 1648 Ὀ
1723 1622 1899 1657 εὐαγγελικὺς

1113 1665 1241 1700 δηλονότι.
1254 1666 1308 1693 Καὶ
1325 1665 1422 1692 πάντα
1435 1666 1472 1692 τὰ
1487 1666 1558 1701 ἔργα
1575 1667 1667 1694 αὐτοῦ
1680 1667 1715 1694 ἐν
1728 1669 1842 1695 πίστει.
1856 1669 1899 1695 Πι-

1115 1711 1218 1737 στεύειν
1232 1711 1280 1744 δεῖ,
1296 1712 1372 1746 φησὶ,
1384 1712 1440 1744 τοῖς
1453 1712 1486 1738 δι’
1501 1711 1583 1738 αὑτοῦ
1599 1712 1758 1748 θεοπρεπῶς
1775 1715 1900 1750 ἐνεργου-

1116 1756 1215 1792 μένοις.

1156 1801 1262 1836 Ἀταπᾷ
1288 1802 1498 1836 ἐλεημοσύνην
1529 1803 1578 1830 καὶ
1605 1804 1706 1838 κρίσιν
1735 1807 1752 1832 ό
1782 1807 1900 1841 Κρριες.

1114 1847 1216 1880 Ταῦτα,
1233 1849 1324 1883 φησιν,
1342 1849 1452 1876 ἁπαιτεῖ
1473 1851 1535 1882 τοὺς
1551 1851 1591 1882 εἰς
1612 1851 1692 1877 αὑτὸν
1708 1853 1901 1885 πιστεύοντας.

1116 1893 1170 1919 Τοῦ
1194 1892 1298 1925 ἐλέους
1320 1894 1429 1927 Κυρίου
1447 1895 1564 1929 πλήρης
1586 1897 1606 1929 ή
1629 1896 1677 1931 γῆ.
1698 1897 1834 1933 ’Δρχεται
1856 1899 1902 1925 τώ

1113 1937 1161 1963 καὶ
1177 1937 1291 1972 ποιητὴν
1312 1937 1377 1965 ὄντα
1392 1938 1471 1965 αὐτὸν
1488 1940 1538 1974 τῆς
1560 1940 1651 1976 πάσης
1664 1941 1782 1974 κτίσεως
1795 1943 1903 1970 δεικνύ-

1112 1991 1167 2014 ναι,
1191 1983 1238 2009 xui.
1261 1983 1314 2018 πρό
1335 1992 1366 2017 γε
1386 1985 1434 2019 τῆς
1451 1985 1503 2020 γῆς
1518 1985 1551 2020 ἣν
1575 1986 1621 2012 καὶ
1643 1986 1735 2018 ἐλέους
1755 1988 1904 2024 πληρῶσαὲ

1113 2036 1204 2062 φησιν·
1219 2028 1265 2055 καὶ
1277 2029 1328 2055 οὐκ
1343 2029 1375 2056 ἂν
1387 2031 1474 2062 ἄλλως
1487 2032 1678 2067 συνεστηκέναι
1694 2034 1731 2069 μὴ
1742 2034 1844 2062 τούτου
1860 2037 1904 2068 γὲ-

1114 2082 1211 2109 μουσα.
1238 2074 1345 2109 Ἀμέλει
1366 2076 1412 2102 καὶ
1434 2076 1459 2102 oi
1480 2077 1588 2112 οὐρανοὶ
1609 2078 1659 2104 οὐκ
1681 2079 1714 2105 ἄν
1737 2089 1807 2107 ποτε
1842 2090 1905 2108 suv—

1112 2119 1238 2154 έστησαν,
1253 2120 1276 2146 εί
1291 2120 1328 2156 μὴ
1343 2121 1380 2156 τῷ
1394 2121 1465 2157 λόγῳ
1479 2122 1560 2149 αὑτοῦ
1574 2123 1774 2159 διεκρατοῦντο,
1785 2127 1839 2153 καὶ
1852 2127 1905 2162 μὴν

1112 2165 1158 2191 καὶ
1173 2165 1200 2191 αἱ
1216 2165 1342 2201 δυνάμεις
1359 2166 1462 2200 αὐτῶν,
1483 2168 1621 2194 τουτέστιν
1637 2169 1664 2194 αἱ
1688 2169 1759 2197 θεῖαι
1785 2172 1839 2197 καὶ
1863 2172 1905 2197 λο‹

1074 2223 1097 2251 D
1111 2211 1197 2243 γικαί.

1147 2255 1271 2292 [Ἀγαπᾷ
1287 2255 1333 2284 οὖν
1345 2257 1528 2294 ἐλεημοσύνην
1549 2259 1595 2285 ἐπὶ
1613 2258 1666 2287 τῶν
1681 2261 1905 2294 μετανοούντων·

1109 2301 1202 2335 ἀγαπᾷ
1217 2301 1245 2327 δὲ
1260 2301 1349 2337 κρίσιν
1365 2303 1412 2328 ἐπὶ
1424 2303 1478 2329 τῶν
1492 2303 1646 2330 ἁνενδότων.
1662 2304 1791 2332 Τοιοῦτον
1810 2306 1843 2333 δὲ
1861 2308 1908 2334 καὶ

1107 2346 1121 2371 ὁ
1140 2345 1252 2377 Ἡσαΐας
1268 2346 1340 2380 λέγει
1361 2347 1399 2382 τῷ
1419 2347 1493 2383 Θεῷ·
1508 2349 1568 2374 Ὅτι
1585 2349 1603 2383 ἡ
1621 2350 1819 2385 ἐλεημοσύνη
1846 2360 1907 2380 σου

1107 2392 1150 2423 εἰς
1175 2392 1325 2426 σταθμόν·
1343 2393 1389 2419 καὶ
1412 2393 1466 2429 γὰρ
1486 2394 1610 2426 κάκεῖνος
1627 2395 1676 2430 τὴν
1692 2395 1763 2430 μετὰ
1777 2398 1908 2432 κρίσεως

1107 2436 1290 2472 ἐλεημοσύνην
1304 2437 1461 2474 παρίστησι,
1478 2439 1552 2475 ζυ,γῷ
1567 2440 1614 2466 καὶ
1631 2440 1741 2476 ἀριθμῷ
1758 2443 1841 2470 κατά
1856 2445 1908 2479 τὴν

1107 2482 1222 2509 ἑκάστου
1238 2482 1316 2515 ἀξίαν
1330 2484 1596 2521 ἀντιμετρούμενος.]

1145 2528 1186 2561 Τῷ
1213 2530 1292 2564 λόγῳ
1320 2530 1430 2564 Κυρίου
1456 2532 1483 2557 οὶ
1507 2532 1626 2565 οὐρανοὶ
1655 2530 1905 2567 ἐστερεώθησαν.

1106 2574 1225 2610 Δήλωσις
1240 2575 1377 2602 κάνταῦθα
1388 2577 1436 2612 τῆς
1452 2577 1532 2611 ἁγίας
1547 2577 1671 2612 Τριάδος.
1686 2578 1741 2605 Καὶ
1755 2579 1800 2613 τῷ
1815 2583 1906 2607 πνεῦ-

1103 2627 1173 2652 ματι
1193 2620 1246 2647 τοῦ
1270 2620 1417 2654 στόματος
1440 2620 1533 2648 αὐτοῦ
1558 2621 1641 2648 πᾶσα
1660 2622 1680 2655 ἠ
1697 2622 1835 2658 δύναμις
1850 2625 1906 2650 αὐ-

1105 2662 1174 2690 τῶν.
1190 2664 1279 2699 Στόμα
1297 2664 1364 2691 Θεοῦ
1381 2665 1410 2691 τὸ
1425 2664 1536 2700 Πνεῦμα
1557 2665 1588 2692 τὸ
1604 2667 1680 2700 ἆγιον
1699 2666 1787 2703 λέγει·
1809 2671 1837 2696 οἳ
1852 2670 1906 2703 γὰρ

1105 2709 1243 2744 προφῆται
1255 2710 1288 2737 δι’
1303 2710 1384 2737 αὐτοῦ
1396 2711 1537 2744 λαλοῦντες
1549 2712 1640 2746 ἔλεγον
1652 2721 1658 2728 ·
1673 2713 1735 2740 ’Ότι
1750 2715 1786 2741 τὸ
1803 2718 1906 2750 στόμα

1105 2756 1214 2789 Κυρίου
1229 2757 1363 2791 ἐλάλησε
1379 2758 1480 2785 edita.

1140 2801 1280 2836 Συνάγων
1301 2803 1371 2830 ὡσεὶ
1395 2803 1491 2832 ἀσκὸν
1512 2803 1605 2832 ὕδατα
1620 2805 1794 2841 θαλάσσης.
1816 2808 1906 2844 Προσ-
