1934 3053
81 155 131 183 165

617 150 795 179 EXPOSITIO
815 150 848 177 IN
868 150 1030 179 PSALMUM
1047 134 1163 180 XXXIII.

1640 149 1692 177 166

79 218 260 248 καλουμενος,
278 212 359 247 φησὶ,
374 211 403 238 τὸ
424 211 495 247 ὕδωρ
511 211 560 246 τῆς
575 210 720 246 θαλάσσης,
737 211 859 244 καθάπερ

921 219 989 244 rans,
1008 212 1105 246 inquit.
1132 211 1209 246 quasi
1225 211 1252 238 in
1266 215 1326 238 utre
1344 211 1460 245 quodam
1479 217 1576 244 aquam
1598 210 1691 242 maris.

80 259 109 284 ὲν
124 255 199 291 ἀσκῷ
212 264 283 287 τινι,
297 256 356 286 ταῖς
371 255 493 288 νεφέλαις
508 254 677 288 ὲπισυνέχει·
695 254 731 285 ὼς
751 254 796 280 καὶ
812 253 860 280 ἀλα

80 303 160 338 λαχοῦ
183 310 275 337 φησιν·
296 302 322 327 Ὀ
338 301 579 335 προκαλούμενος
596 301 628 327 τὸ
643 301 721 334 ὕδωρ
740 299 793 334 τῆς
809 301 860 327 θα-

80 349 208 382 λάσσης,
225 348 274 375 καὶ
297 346 407 382 ἐκχέων
426 346 498 374 αὐτὸ
516 347 564 373 ἐπὶ
587 347 746 380 πρόσωπον
762 346 861 380 πάσης

80 395 135 428 τῆς
150 394 215 429 τῆς·
231 394 277 420 xal.
290 393 378 419 πάλιν·
401 392 526 426 Ἀνάγων
541 392 670 426 νεφέλας
682 392 716 424 ἐξ
730 392 860 426 ἐσχάτου

80 439 134 472 τῆς
148 438 211 474 ¹Γῆς.
232 439 325 471 Τιθείς
337 438 371 464 ἐν
385 437 546 471 θησαυροῖς
562 438 726 470 ἀϐύσσους.
740 438 794 464 Καὶ
812 437 860 469 τὰς

81 486 211 516 ἀὸύσσους
223 504 230 516 ,
249 484 333 519 φησὶ,
349 484 473 519 καθάπερ
489 484 518 510 ἐν
540 483 685 519 θησαυροῖς
706 483 860 518 σφραγίζει,

81 532 124 558 ινα
136 531 173 566 μὴ
185 530 379 561 ἅναϐλύζουσαι
392 529 557 556 ὲπικλύσωσι
570 530 619 564 τὴν
631 529 715 565 ξηράν

115 575 270 609 Φοϐηθήτω
282 575 335 601 τὸν
346 574 454 608 Κύριον
467 573 550 601 πᾶσα
562 574 580 607 ὴ
595 573 643 608 τῆ.
655 574 772 609 Μηκέτι,
784 573 859 608 φησὶ,

80 623 134 654 τοῖς
148 621 294 656 δαιμονίοις
315 620 474 655 προσαγέτω
497 621 513 655 ἡ
529 620 565 655 γῆ
578 620 608 646 τὸ
624 619 713 651 σέϐας.
735 620 792 647 Ἀπ’
809 621 862 646 αὺ-

79 668 132 695 τοῦ
155 667 188 694 δὲ
213 666 449 700 σαλευθήτωσαν
469 665 579 698 ,πάντες
601 667 628 692 oi
652 665 861 697 κατοικοῦντες

79 714 136 748 τὴν
148 713 336 748 οικουμένην.
358 713 526 745 Ἀκούοντες,
548 713 647 748 φησὶν,
669 712 750 739 αὑτοῦ
773 713 798 738 οἱ
813 713 861 747 τὴν

79 759 237 794 οἰκουμένην
252 758 389 790 οἰκοῦντες
407 758 556 793 ἄνθρωποι,
571 758 621 792 τῆς
641 758 775 794 προτέρας
798 758 861 785 στά-

81 812 149 836 σεως
168 801 203 839 ἦς
223 802 294 839 εἶχον
317 803 578 838 εἰδωλολατροῦντες,
594 796 714 838 δηλονότι
731 803 860 839 σαλευθή-

78 858 166 876 τωσαν
182 848 220 884 τῷ
237 849 294 884 ίδίῳ
307 848 463 884 δημιουργῷ
476 849 668 881 ὑπακούοντες.

911 259 938 285 in
955 259 1071 285 nubibus
1090 258 1208 285 continet
1221 257 1293 284 illam
1312 265 1318 282 :
1339 256 1568 292 quemadmodum
1593 260 1618 282 ct
1639 255 1693 282 alio

911 303 971 331 loco
992 303 1061 330 ait“
1080 311 1086 328 :
1103 302 1153 335 Qui
1170 307 1291 328 convocat
1308 310 1402 336 aquam
1423 301 1505 327 maris
1517 321 1524 333 ,
1542 305 1565 326 et
1581 300 1693 334 effundit

911 359 968 378 eam
983 358 1060 384 super
1075 349 1169 383 faciem
1183 349 1310 375 universa:
1325 352 1410 374 terrm.
1425 347 1457 374 Et
1474 354 1582 374 rursum
1597 356 1603 373 :
1621 345 1695 372 Edu-

911 404 969 422 cens
992 394 1071 421 nubes
1090 394 1121 420 ab
1145 398 1258 420 extremo
1283 398 1370 419 terrm.
1391 392 1493 419 Ponens
1513 392 1540 417 in
1564 390 1693 417 thesauris

911 442 1029 476 abyssos.
1038 440 1070 466 Et
1080 440 1203 474 abyssos,
1214 438 1361 473 inquit,ceu
1372 438 1399 464 in
1411 437 1547 464 thesauris
1557 435 1692 470 obsignat.

913 494 944 513 ne
961 485 1138 513 scaturientes
1153 489 1252 511 terram
1269 481 1410 510 inundent.

945 573 972 600 8.
990 572 1091 599 Timent
1104 571 1246 598 Dominum
1257 570 1340 597 omnis
1353 574 1433 597 terra.
1446 568 1484 596 Ne
1498 568 1580 598 ultra.
1593 567 1693 602 inquit,

911 618 1079 646 daemonibus
1095 622 1165 644 terra
1180 617 1282 643 cultum
1299 615 1404 643 oII‘erat.
1425 615 1463 641 Ab
1481 622 1511 641 eo
1523 619 1609 640 autem
1623 622 1695 640 com-

910 669 1062 692 moveantur
1074 671 1161 689 omnes
1175 661 1351 688 inhabitantes
1365 661 1461 688 orbem.
1480 659 1531 692 Qui
1547 660 1639 687 orbem
1655 659 1695 686 in-

911 711 1003 738 colunt
1023 708 1146 736 homines
1163 708 1209 742 qui
1226 707 1302 742 prius
1328 707 1407 734 idolis
1429 706 1510 734 dediti
1536 709 1628 737 erant,
1645 713 1695 732 an-

911 756 966 783 dito
991 755 1051 790 ejus
1076 756 1185 783 nomine
1209 757 1433 782 commoveantur
1456 758 1560 786 suoque
1582 755 1695 786 pareant

911 802 1055 830 conditori.

115 896 174 921 Ὀτι
186 882 354 927 αὖτὸς-εἷθέο
368 882 416 921 καί
431 882 630 929 ἐντι-γήθησαν,
645 893 737 927 αὐτὸς
753 893 859 920 ἐνετει-

950 897 975 924 9.
998 896 1130 929 Quoniam
1142 897 1196 930 ipse
1207 896 1276 922 dixit
1287 900 1311 922 et
1330 895 1400 936 facta
1412 899 1483 927 sunt,
1495 894 1549 929 ipse
1560 894 1694 920 mandavit

78 940 218 972 .1ατο,καὶ
231 941 425 973 ἐκτίσθησαν.
446 940 479 967 Ἣ
496 941 544 975 μὲν
558 941 669 975 γένησις
685 940 734 975 τὴν
750 939 803 966 τῶν
819 940 862 966 λο-

77 985 162 1018 γικῶν
175 984 288 1020 οὐσιώδη
299 984 381 1020 δηλοῖ·
395 985 411 1019 ὴ
423 984 451 1010 δὲ
462 984 548 1016 κτίσις
559 985 608 1018 τὴν
620 984 673 1010 ἀπὸ
684 983 730 1009 τοῦ
743 983 861 1018 χείρονος

77 1030 124 1056 ἐπὶ
135 1030 165 1056 τὺ
176 1031 296 1065 κρεῖττον
318 1029 443 1065 σημαίνει
463 1029 622 1065 μεταϐολήν.
645 1029 682 1056 Εἴ
700 1038 745 1061 τις
758 1029 813 1063 γὰρ
827 1029 862 1055 ἐν

77 1075 193 1110 Χριστῷ
207 1075 296 1110 καινὴ
310 1077 418 1108 κτίσις.
463 1093 466 1095 ›

112 1122 220 1156 Κύριος
236 1121 419 1151 διασκεδάζὲι
431 1121 549 1154 ,βουλὰς
563 1120 668 1148 ἐθνῶν.
684 1121 743 1147 Τῶν
759 1120 861 1156 νοητῶν

75 1167 207 1202 δηλονότι.
226 1167 331 1193 Ἀθετεῐ
349 1166 383 1193 δὲ
403 1166 567 1201 λογισμοὺς
582 1166 678 1199 λαῶν,
695 1166 744 1192 καὶ
766 1166 864 1193 ἀθετεῖ

73 1213 194 1246 βουλὰς
207 1213 369 1247 ἀρχόντων.
390 1212 558 1246 Ἀπράκτους
569 1212 624 1248 γὰρ
637 1212 780 1244 ἐπιϐουλὰς
793 1213 858 1239 πάν-

75 1268 132 1285 των
156 1258 237 1293 ἔθηκε
263 1258 318 1284 τῶν
350 1258 500 1290 Ἰουδαίων,
525 1259 672 1293 τριήμερος
696 1257 860 1292 ἀναστήσας.

76 1304 165 1331 Τοῦτο
193 1303 247 1338 γὰρ
270 1301 304 1338 ἦν
326 1303 340 1329 ὃ
361 1304 406 1330 καὶ
429 1303 570 1338 βούλεται,
585 1303 657 1337 ὅπερ
677 1302 726 1330 καὶ
748 1303 791 1335 είς
809 1303 862 1329 τὸν

74 1350 171 1377 αίῶνα
181 1349 275 1383 μένει.

113 1395 256 1430 Λογισμω
280 1394 333 1428 τῆς
356 1395 478 1429 καρδίας
499 1394 592 1421 αὑτοῦ
618 1395 661 1427 εις
685 1394 791 1429 γενεὰν
813 1394 860 1421 καί

74 1441 195 1477 γενεάν.
215 1440 255 1467 Τὰ
270 1440 401 1475 δόγματα,
425 1440 516 1474 φησὶν,
529 1439 547 1466 ἃ
563 1439 733 1474 βεϐούλευται
756 1440 803 1465 καὶ
823 1439 862 1470 εἰς

73 1489 122 1514 τὸν
137 1487 257 1522 παρόντα
276 1486 360 1513 αἰῶνα
378 1486 425 1512 καὶ
446 1487 485 1517 είς
501 1485 547 1512 τον
566 1485 705 1520 μέλλοντα.
729 1485 862 1519 Λογισμυὶ

911 948 935 970 et
958 948 1046 970 creata
1068 947 1139 970 sunt.
1168 941 1264 968 Factio
1288 941 1489 968 rationabilium
1516 940 1694 967 substantiam

911 989 1023 1016 denotat
1040 996 1046 1014 :
1065 988 1167 1015 creatio
1187 993 1288 1019 autem.
1304 995 1318 1014 a
1340 987 1432 1022 pejore
1448 986 1474 1013 in
1489 986 1586 1013 melius
1604 990 1693 1012 muta-

912 1034 1011 1062 tionem
1025 1041 1032 1059 :
1052 1033 1081 1060 Si
1097 1041 1154 1068 quae
1170 1033 1238 1060 enim
1254 1033 1281 1059 in
1295 1033 1400 1059 Christo
1413 1040 1479 1058 nova
1493 1031 1658 1058 creatura".

948 1123 991 1150 I0.
1015 1123 1140 1149 Dominus
1156 1122 1268 1156 dissipat
1285 1121 1397 1148 consilia
1415 1121 1541 1156 gentium.
1561 1119 1696 1154 Spiritua—

912 1169 979 1196 lium
995 1168 1140 1200 videlicet,
1157 1167 1285 1202 Reprobat
1298 1172 1383 1193 autem
1401 1166 1570 1200 cogitationes
1583 1164 1694 1199 populo-

912 1223 984 1247 rum,
1017 1219 1041 1241 et
1080 1214 1200 1248 reprobat
1231 1212 1343 1239 consilia
1373 1212 1531 1246 principum.
1567 1210 1694 1237 Omnium

911 1260 1009 1295 quippe
1031 1259 1185 1286 Judmorum
1211 1259 1324 1285 insidias
1346 1258 1437 1284 irritas
1464 1256 1537 1288 fecit.
1561 1260 1624 1290 post
1647 1256 1696 1282 tri-

911 1307 994 1333 duum
1018 1313 1171 1340 resurgcns.
1194 1304 1220 1331 Id
1237 1304 1307 1332 enim
1325 1304 1375 1331 sibi
1392 1303 1449 1330 vult
1462 1303 1543 1330 etiam
1561 1302 1626 1330 illud
1639 1323 1647 1335 ,
1667 1301 1695 1328 in

912 1356 1038 1378 arternum
1054 1355 1140 1377 manet
1156 1350 1295 1376 consilium
1312 1349 1429 1376 Domini.

947 1397 991 1423 II.
1012 1395 1189 1431 Cogitationes
1212 1395 1299 1422 cordis
1329 1404 1386 1430 ejus
1408 1395 1435 1420 in
1458 1393 1652 1429 generationem
1670 1398 1694 1420 et

912 1441 1114 1476 generationem.
1132 1439 1261 1475 Dogmata
1273 1459 1280 1471 ,
1298 1439 1402 1474 inquit,
1418 1446 1478 1474 quae
1497 1439 1604 1466 decreta
1620 1442 1694 1468 sunt.

912 1487 968 1513 sive
984 1486 1010 1512 in
1029 1486 1153 1520 praesenti
1168 1486 1224 1511 sive
1239 1485 1266 1511 in
1282 1484 1372 1512 futuro
1387 1484 1496 1511 saeculo.
1511 1483 1696 1518 Cogitationes

73 1532 145 1559 θεοῦ
160 1533 188 1558 αἱ
200 1531 359 1567 κατάλληλοι
378 1530 578 1566 διακοσμήσεις·
595 1530 691 1566 καρδία
709 1529 737 1556 δὲ
752 1530 782 1556 τὸ
794 1529 859 1556 ἁπό-

921 1530 971 1562 Dei,
986 1530 1011 1557 id
1029 1534 1070 1557 est
1084 1534 1264 1564 congruentes
1286 1529 1479 1564 dispositioncs
1494 1538 1500 1555 :
1517 1536 1564 1556 cor
1574 1549 1582 1560 ,
1604 1528 1695 1556 occul-

73 1587 180 1614 κρυφον
196 1578 244 1613 τῆς
260 1577 362 1608 οὐσίας.

114 1623 266 1658 Μακάριοι·
281 1623 314 1649 τὸ
331 1623 416 1655 ἔθνος
429 1619 465 1650 οὗ
484 1621 550 1649 ἐστὶ
564 1622 672 1655 Κύριος
687 1623 703 1648 ό
721 1621 792 1653 Θεὸς
809 1623 862 1648 αὐ-

74 1670 142 1697 τοῦ.
159 1670 227 1701 Τοὺς
242 1668 411 1703 εἰς.Χριστδν
435 1667 610 1698 πιστεύοντας
636 1668 665 1693 ὲν
681 1666 785 1699 τούτοις
809 1675 861 1701 μα-

75 1716 191 1751 καρίους
208 1714 349 1741 ἀποκαλεῖ.

115 1761 181 1798 [Ἐξ
192 1761 321 1795 οὐρανοῦ
335 1760 502 1794 ἐπέϐλεψεν
520 1760 537 1785 ό
553 1759 669 1793 Κύριος.
689 1759 771 1784 Ειπεν
782 1779 788 1791 ,
811 1758 862 1784 ὲπ-

72 1807 216 1840 έϐλεψεν,
240 1806 283 1832 tvo.
308 1805 345 1840 μή
363 1813 403 1836 τις
426 1805 505 1830 αὑτὸν
520 1804 624 1838 ἀγνοεῖν
643 1803 722 1838 οἰηθῇ
737 1803 771 1829 τὰ
787 1802 862 1838 παρὰ
893 1806 897 1811 '

72 1853 131 1881 τῶν
145 1851 296 1888 ἀνθρώπων
308 1851 477 1886 τολμώμενα.
488 1850 499 1886 ]

114 1899 182 1935 [Ἐξ
204 1899 322 1932 ἑτοίμου
336 1896 561 1930 κατοικητηρίου
583 1894 685 1922 αὐτοῦ.
701 1895 778 1921 Ἤτοι
791 1895 862 1930 ἡτοι-

74 1945 227 1982 μασμένοι),
252 1943 474 1979 ε’)τρεπισμένου.
503 1940 583 1973 Οἶκος
604 1941 670 1976 γὰρ]
680 1941 773 1977 ὥσπερ
794 1941 862 1967 Θεοῦ

72 1993 303 2028 ἀποκεκλήρωται
317 1993 331 2018 ὁ
341 1992 370 2017 οὒ
375 1989 476 2027 ρανός.]

116 2040 145 2065 '0
159 2037 280 2070 πλάσας
293 2037 461 2071 καταμόνας
473 2035 527 2068 τὰς
544 2033 667 2068 καρδίας
679 2033 788 2060 αὐτῶν.
804 2033 862 2060 Μό-

73 2094 131 2116 νος,
149 2085 242 2120 φησὶν,
254 2084 267 2110 ὁ
282 2082 346 2114 Θεὸς
362 2080 415 2108 οἶδε
430 2081 484 2108 τῶν
508 2080 656 2115 ἀνθρώπων
671 2080 719 2110 τὰς
741 2078 861 2114 καρδίας.

71 2131 122 2156 Διὸ
138 2130 187 2156 καὶ
207 2128 327 2163 ὁΣωτὴρ
340 2128 395 2158 τοῖς
416 2127 552 2157 Ἰουδαίοις
572 2126 648 2159 ἔλεγε
660 2134 666 2141 -
685 2126 715 2152 Τί
734 2124 863 2158 διαλογί-

72 2176 162 2207 ζεσθε
177 2174 292 2207 πονηρὰ
303 2174 338 2200 ἐν
351 2172 413 2206 ταῖς
426 2171 560 2206 καρδίαις
570 2171 653 2205 ὑμῶν
661 2179 670 2203 ;

914 1579 969 1602 tum
986 1574 1157 1602 substantia.

947 1630 990 1656 I2.
1010 1630 1093 1657 Beata
1119 1638 1179 1665 gens
1203 1630 1278 1665 cujus
1301 1635 1339 1658 est
1364 1630 1489 1657 Dominus
1516 1629 1586 1657 Deus
1617 1629 1685 1664 ejus.

912 1675 1009 1704 B.-atos
1028 1677 1070 1704 his
1082 1677 1172 1704 verbis
1185 1681 1264 1704 vocat
1285 1685 1333 1704 eos
1346 1677 1392 1712 qui
1408 1677 1435 1703 in
1450 1676 1590 1703 Christum
1607 1675 1695 1702 credi-

911 1723 1020 1750 derunt.

947 1767 1006 1802 [15.
1028 1766 1067 1794 De
1084 1767 1147 1794 caelo
1163 1768 1274 1802 respexit
1292 1768 1428 1796 Dominus.
1442 1768 1504 1801 Ait,
1518 1768 1641 1803 respexit,
1662 1775 1696 1796 ne

912 1813 973 1848 quis
991 1817 1112 1840 autumet
1125 1814 1212 1848 ipsum
1229 1815 1354 1849 ignorare
1365 1815 1506 1842 hominum
1518 1815 1646 1842 facinora.

947 1898 1003 1935 [Η.
1016 1899 1055 1927 De
1067 1905 1216 1934 purpurato
1232 1900 1384 1927 habitacula
1397 1909 1455 1928 suo.
1467 1900 1493 1928 Id
1506 1905 1558 1934 est,
1570 1906 1695 1929 accurate

914 1944 1045 1972 instructo
1062 1950 1089 1972 et
1103 1950 1209 1972 ornato.
1226 1945 1292 1972 Nam
1310 1946 1407 1973 coelum
1428 1946 1506 1980 quasi
1527 1946 1561 1973 ad
1576 1945 1622 1973 Dei
1644 1946 1693 1973 do-

913 1990 1043 2017 micilium
1063 1990 1226 2017 destinatum
1243 1990 1307 2026 θείη]

949 2035 992 2062 I5.
1009 2034 1060 2067 Qui
1074 2036 1151 2069 ﬁnxit
1167 2036 1307 2070 sigillatim
1333 2036 1412 2062 corda
1427 2044 1527 2063 eorum.
1542 2035 1633 2069 Solus,
1653 2037 1695 2063 in-

913 2081 981 2116 quit,
998 2081 1068 2108 Deus
1084 2081 1157 2108 novit
1176 2081 1317 2108 hominum
1329 2082 1419 2109 corda.
1437 2081 1617 2115 Quamobrem
1635 2081 1694 2109 Sal-

913 2132 990 2154 vator
1005 2127 1104 2155 διιᾱιοὶε
1117 2127 1223 2155 dicebat
1238 2135 1245 2152 τ
1263 2127 1333 2160 Quid
1347 2129 1469 2163 cogitatis
1482 2129 1553 2155 mala
1568 2130 1596 2155 in
1607 2129 1695 2156 cordi-

914 2173 960 2199 bus
972 2173 1112 2199 rastris”?

117 2220 192 2248 Ἰδοὺ
213 2221 240 2246 οὶ
259 2219 404 2254 ὀφθαλμοί
429 2218 537 2251 Κυρίου
559 2217 607 2244 ἐπὶ
628 2217 698 2249 τοὺς
718 2215 859 2250 φοϐουμέ-

951 2219 991 2246 18.
1007 2218 1074 2245 Ecce
1086 2219 1155 2246 oculi
1168 2218 1275 2245 Domini
1288 2227 1365 2254 super
1380 2224 1520 2247 metuentes
1536 2229 1606 2247 eum.
1619 2219 1695 2247 Oculi

70 2275 150 2298 rom;
163 2265 265 2292 αὐτόν.
287 2263 433 2299 Ὀφθαλμοὶ
448 2263 550 2299 Κυρίου
565 2264 580 2297 ἡ
598 2261 768 2297 παντοπτικὴ
779 2261 860 2288 αὑτοῦ

69 2312 201 2345 δύναμις⁸
221 2310 237 2346 ἢ
262 2309 388 2341 πολλάκις
411 2310 426 2335 ὁ
446 2308 509 2339 Υἱὸς
527 2308 572 2334 καὶ
590 2307 620 2333 τὺ
643 2306 762 2342 Πνεῦμα,
779 2306 816 2338 ὡς
832 2307 860 2332 ὲν

70 2357 152 2393 μέσῳ
165 2355 212 2382 δύο
226 2354 322 2390 φώτων
338 2355 351 2380 ὁ
365 2353 457 2388 Πατὴρ
472 2352 526 2379 τῶν
542 2351 649 2387 φώτων.

108 2401 167 2430 Καὶ
180 2400 334 2434 διαθρέψαι
347 2398 457 2431 αὐτοὺς
468 2398 503 2424 ἐν
517 2397 602 2432 λιμῷ.
620 2398 664 2424 Ἐν
674 2396 771 2432 καιρῷ,
784 2396 859 2432 φησι,

66 2446 208 2482 διωγμοῦ,
224 2446 262 2481 μὴ
277 2444 478 2479 συνισταμένων
496 2443 550 2469 τῶν
565 2442 666 2478 νοητῶν
679 2442 795 2477 τροφῶν,
811 2441 860 2467 αὺ-

65 2493 118 2524 τδς
132 2492 148 2517 ὁ
166 2491 268 2527 Κύριος
283 2490 327 2516 διὰ
338 2489 493 2525 Πνεῦματος
509 2488 587 2522 ἁγίου
605 2487 698 2523 θρέψει
712 2486 818 2518 αὐτούς.

113 2539 146 2566 Ἠ
159 2537 195 2564 δὲ
210 2536 296 2571 ψυχὴ
310 2535 394 2570 ἡμῶν
413 2535 554 2569 ὑπομένει
571 2533 611 2566 τῷ
626 2533 731 2567 Κυρίῳ.
753 2533 795 2564 Ὡς
809 2532 860 2568 ήδη

64 2583 238 2619 δεδειγμένοι
254 2582 304 2616 τὴν
318 2582 357 2613 εἰς
372 2581 452 2607 αὑτὸν
464 2579 624 2614 πεποίθησιν
637 2578 841 2614 προὸἀλλονται.

66 2629 233 2658 ΨΛΛΜΟΣ
253 2626 294 2659 τῷ
316 2625 405 2653 Δαυῒδ
424 2626 513 2652 ὁπότε
540 2625 689 2658 ἡλλοίωσε
713 2623 745 2650 τὸ
767 2623 860 2656 πρόσ-

102 2682 192 2702 ωπον
205 2672 298 2700 αὐτοῦ
313 2671 452 2698 ἐναντιον
469 2670 627 2705 Ἀϐιμέλεχ,
637 2668 686 2696 καί
703 2667 860 2696 ἀπέλυσεν
897 2694 908 2697 γη

101 2719 214 2752 αὐτὸν,
226 2717 278 2745 καὶ
292 2717 437 2752 ἀπῆλθεν.
456 2717 522 2743 AI".

389 2761 551 2793 Ὑπόθεσις.

65 2811 183 2846 ιῗιεύγων
196 2811 210 2838 ὁ
227 2808 309 2836 Δαυῖδ
320 2808 364 2834 τὸν
376 2807 471 2839 Σαοὺλ,
485 2805 548 2842 ἦλθε
564 2805 631 2841 πρὸς
647 2802 799 2838 Ἀϐιμέλεχ,
813 2802 859 2828 καὶ

99 2880 223 2906 "Amos
240 2885 267 2910 ν,
284 2877 311 2905 8.
349 2861 406 2901 τείι
421 2874 485 2901 Cor.
501 2881 527 2905 ν,
546 2873 587 2899 Π.
624 2872 647 2888 τι
664 2871 757 2898 Matth.
776 2878 812 2902 I.\',
830 2869 856 2896 ι.

913 2264 1020 2291 Domini
1043 2269 1107 2292 sunt
1134 2266 1257 2293 omnium
1285 2265 1449 2300 specuiatrix
1470 2266 1529 2301 ejus
1550 2272 1693 2301 potestas:

914 2315 960 2338 aut
978 2311 1138 2346 plerumque
1162 2311 1246 2339 Filius
1258 2316 1285 2338 et
1297 2311 1415 2346 Spiritus
1429 2317 1551 2345 sanctus,
1568 2313 1604 2340 ita
1621 2317 1649 2339 ut
1667 2313 1694 2340 in

913 2357 1003 2383 medio
1016 2357 1130 2384 duorum
1149 2357 1282 2384 luminum
1301 2357 1335 2384 sit
1352 2356 1438 2384 Pater
1454 2358 1596 2385 luminum.

950 2401 993 2428 I9.
1018 2400 1052 2428 Et
1068 2401 1124 2428 alat
1141 2410 1184 2428 eos
1199 2402 1225 2428 iu
1242 2402 1321 2436 fame.
1343 2401 1492 2436 Tempore,
1508 2402 1611 2437 inquit,
1634 2409 1696 2437 per-

914 2446 1062 2474 secutionis
1072 2467 1080 2478 ,
1098 2448 1120 2474 si
1135 2455 1190 2474 non
1206 2447 1297 2474 adsint
1310 2447 1463 2482 spirituales
1485 2448 1549 2480 cibi,
1575 2447 1632 2482 ipse
1646 2447 1696 2475 Do.

915 2492 1007 2519 minus
1023 2500 1071 2527 per
1086 2491 1217 2527 Spiritum
1232 2498 1356 2520 sanctum
1368 2493 1485 2520 enutrict
1498 2493 1569 2520 illos.

947 2537 1090 2565 20.Anima
1096 2543 1185 2565 nostra
1194 2540 1302 2566 sustinet
1310 2537 1459 2566 Dominum.
1470 2538 1615 2574 Quamjam
1622 2539 1673 2568 exh
1678 2539 1695 2564 i-

914 2584 1028 2611 buernnt
1040 2583 1165 2611 ﬁduciam
1176 2591 1238 2619 erga
1250 2584 1401 2619 Dominum,
1413 2592 1485 2612 nunc
1493 2592 1547 2619 pne
1556 2592 1585 2612 se
1594 2584 1693 2611 ferunt.

916 2630 939 2657 I.
968 2628 1138 2657 PSALMUS
1166 2631 1252 2657 Dauid
1281 2631 1384 2666 quando
1414 2631 1564 2658 immutavit
1592 2629 1693 2656 unitum

949 2683 1026 2701 suum
1053 2683 1142 2702 coram
1169 2676 1333 2708 Abimeleclz,
1353 2681 1375 2705 et
1393 2675 1558 2703 dimisiteum
1573 2679 1596 2701 et
1617 2675 1681 2700 abiit

949 2719 1089 2747 XXXIII.

1205 2768 1403 2800 Argumentum.

913 2813 982 2841 Cum
999 2812 1103 2848 ingeret
1131 2813 1216 2840 David
1232 2813 1351 2845 Saulcm,
1366 2812 1438 2840 venit
1467 2811 1500 2840 ad
1526 2808 1693 2838 Abimeierh.’
