1934 3053
233 191 282 217 1ῦῖ

269 292 330 319 dem
345 292 466 326 negavit;
482 291 528 319 sed
540 291 655 318 missqu
670 298 698 318 se
714 290 752 317 ait
767 291 802 317 ab
816 290 900 317 Saule
918 294 1017 324 postu-

271 338 355 365 latum
369 337 486 365 Goliathi
501 345 605 365 ensem.
625 337 762 370 Quoniam
784 337 867 371 igitur
882 336 956 362 aliud
975 335 1019 362 di-

271 383 348 410 cebat
363 383 437 410 aliud
457 383 601 415 sentiebat,
617 383 785 418 descriptum
802 388 844 409 est
856 382 1020 409 immutasse

270 429 375 456 vultum
391 437 480 456 suum.
508 429 589 456 Canit
605 433 696 455 autem
724 428 859 464 psalmum
888 435 960 455 novo
973 435 1022 462 po-

271 475 346 510 pulo,
363 474 515 502 doctrinam
539 475 718 503 introduccns
735 474 886 510 spiritualis
900 478 927 502 et
937 481 1022 502 evan-

273 520 351 556 gelici
367 521 469 548 cultus.

272 610 300 638 9.
320 611 475 638 Benedicam
497 610 639 638 Dominum
669 612 697 638 in
721 611 793 638 omni
814 615 962 645 tempore...
990 609 1024 636 In

239 655 350 683 Domino
371 657 526 684 laudabitur
546 658 636 684 anima
661 666 728 684 mea.
746 657 860 684 Etiamsi
886 657 966 684 laude
979 656 1023 683 di-

239 711 308 738 gnus
321 703 383 735 sim.
411 703 475 738 quia
490 704 615 730 nonnihil
634 703 700 731 boni
716 703 742 730 in
756 703 884 738 operibus
897 702 965 729 meis
981 709 1024 729 rc-

239 749 352 784 peritur,
366 749 391 776 id
408 757 462 776 non
487 750 553 776 mihi
573 749 620 776 scd
643 749 699 776 Deo
721 749 912 776 ascribentlum
935 757 941 775 :
967 748 1025 782 ipse

239 803 283 822 mc
294 800 320 823 et
332 796 463 823 illustrem
493 795 584 822 eﬂ'ecit
608 799 636 822 et
657 795 818 829 praaclarum
843 794 952 821 cllicict.
967 793 1024 820 Au-

238 840 314 868 diant
332 842 462 868 mansueti
476 846 500 867 et
514 841 646 868 ltetentur.
661 839 783 867 Salutem
800 839 866 866 mihi
879 847 894 865 ιι
908 838 1025 866 Domino

239 894 399 914 concessam
412 887 525 921 quilibet
540 887 633 921 justus
646 886 669 913 si
685 886 778 913 audiat
807 885 916 912 lictatus
932 884 1025 911 fuerit.

658 186 686 213 S.
709 184 893 213 ATIIANASII
913 184 990 212 OPP.
1014 183 1105 211 PARS
1125 183 1170 210 Ill.
1192 198 1226 203 --
1245 182 1453 212 EXEGETICA.

266 254 293 274 et
308 251 417 282 rogatus
428 246 461 274 ab
471 253 504 274 eo
516 253 577 281 qusc
597 253 679 272 causa
696 253 832 276 recessus,
849 244 940 280 fugam
957 243 1018 278 qui-
1035 246 1056 274 Α

1812 186 1863 214 168

1106 242 1156 276 τῆς
1177 241 1295 276 ἀφίξεως
1310 241 1358 276 τὴν
1381 243 1470 269 αἰτίαν
1492 243 1667 278 ἐρωτώμενος
1689 242 1754 278 παρ’
1768 242 1861 274 αὑτοῦ,

1106 288 1155 323 τὴν
1171 288 1258 324 φυγὴν
1271 289 1321 324 μὲν
1334 289 1480 324 ἠρνήσατο·
1494 289 1660 316 ἀπεστάλθαι
1670 289 1698 316 δὲ
1711 288 1772 316 εἷπε
1787 291 1861 326 παρὰ

1104 333 1152 360 τοῦ
1168 334 1253 360 Σαοὺλ
1264 354 1271 365 ,
1295 334 1333 366 ὡς
1347 334 1395 361 καὶ
1409 336 1458 370 τὴν
1473 335 1609 370 ῥομφαίαν
1626 335 1738 371 αἰτῆσαι
1755 335 1803 363 τοῦ
1821 337 1863 362 Γο-

1106 379 1178 406 λιάθ.
1197 379 1275 406 Ἐπεὶ
1290 380 1379 407 τοίνυν
1394 381 1461 407 ἄλλα
1487 381 1537 416 μὲν
1554 378 1642 414 εἶπεν,
1657 381 1724 408 ἄλλα
1737 381 1764 408 δὲ
1785 381 1863 417 ἐφρό-

1107 433 1166 456 νει,
1186 425 1392 461 ἀναγέγραπται
1405 426 1434 452 τὺ
1446 426 1644 460 ὴλλοιωχέττιι
1655 427 1688 453 τὸ
1700 428 1862 461 πρόσωπον

1107 471 1210 498 αὑτοῦ.
1231 471 1306 507 ’ᾼδει
1318 472 1346 498 δὲ
1361 472 1406 499 τὸν
1419 472 1524 508 ψαλμὸν
1536 472 1575 508 τῷ
1590 473 1643 508 νέῳ
1659 472 1726 508 λαῷ,
1740 473 1863 500 διδασκα-

1107 517 1166 544 λίαν
1181 518 1398 554 εἰσηγησάμενος
1414 519 1464 554 τῆς
1478 519 1668 555 πνευματικῆς
1685 519 1733 546 καὶ
1752 520 1863 555 εὐαγγεο

1109 563 1187 598 λικῆς
1201 563 1338 600 λατρείας.

1109 609 1275 644 Εὑλογήσω
1288 610 1342 636 τὸν
1359 610 1468 644 Κύριον
1485 610 1520 638 ἐν
1536 611 1625 638 παντὶ
1643 611 1740 646 καιρῷ
1750 631 1774 640 .,
1785 632 1791 638 .
1819 612 1865 638 Ἐν

1073 653 1113 687 τῷ
1141 655 1239 688 Κιερίῳ
1263 655 1493 690 ἐπαινεθήσεται
1517 657 1537 691 ἡ
1557 657 1642 691 ψυχή
1667 666 1735 692 μου.
1764 658 1795 684 Εἰ
1819 653 1865 684 καὶ

1073 698 1148 732 ἄξιος
1172 700 1283 728 ἐπαίνου
1306 701 1432 736 τυγχάνω
1452 701 1610 738 εὑρεθέντος
1631 703 1704 734 τινὸς
1727 702 1811 729 καλοῦ
1837 704 1865 729 ἐν

1073 747 1133 776 ταῖς
1150 746 1231 781 ὲμαῖς
1253 746 1394 781 πράξεσιν,
1409 747 1488 774 τοῦτο
1507 748 1557 775 οὐκ
1579 748 1651 784 ἐμοὶ,
1665 748 1734 775 ἀλλὰ
1753 748 1792 784 τῷ
1807 748 1866 784 Θεῷ

1074 789 1233 817 ἀναθετέον·
1256 791 1336 823 αὐτὸς
1363 792 1413 827 ἐμὲ
1430 792 1476 818 καὶ¹
1500 792 1634 828 πεποίηκε
1657 793 1805 828 περιφανῆ,
1821 793 1866 818 καὶ

1075 836 1182 871 ποιήσει
1207 836 1398 873 περίϐλεπτον.
1426 837 1654 865 Ἆκουσάτωσαν
1673 838 1794 874 πραεῖς,
1816 839 1864 866 καί

1076 883 1341 917 εὐφρανθήτωσαν.
1361 884 1418 919 Τὴν
1436 884 1499 919 ἐμοὶ
1523 884 1707 920 γεγενημένην
1724 884 1799 921 παρὰ
1820 885 1866 911 τοῦ

236 932 318 965 Quod
330 936 420 959 autem
440 933 484 959 ille
506 932 597 960 salvos
614 931 697 959 faciat
710 936 852 966 sperantes
869 931 895 958 in
911 938 951 963 se,
966 937 1023 957 non

1092 930 1177 965 Luplou
1198 932 1335 967 σωτηρίαν
1356 932 1410 962 πᾶς
1430 931 1533 963 δίκαιος
1549 931 1675 968 ἀκηκοὼς
1689 931 1865 968 εὐφρανθείη.

240 980 266 1006 id
282 979 402 1006 admittit
425 983 456 1006 ut
472 979 547 1006 solus
578 979 709 1013 hymnum
727 978 812 1006 edat:
841 978 886 1005 sed
907 985 954 1004 eos
976 977 1023 1011 qui

241 1027 381 1050 consortes
395 1029 459 1051 sunt
475 1024 625 1051 clementiae
642 1023 761 1056 Domini,
788 1028 931 1051 consortes
943 1022 1025 1050 efﬁcit

241 1068 352 1097 canﬁcL

275 1114 301 1141 3.
318 1113 488 1149 Magniﬁcate
501 1115 642 1142 Dominum
658 1123 744 1142 meum
772 1119 798 1142 et
817 1115 964 1141 exaltemus
978 1123 1025 1142 no-

241 1167 300 1185 men
311 1160 368 1194 ejus
384 1160 411 1186 in
422 1161 547 1195 idipsum.
563 1160 647 1193 Quasi
673 1168 728 1188 non
749 1160 866 1188 suliiciat
881 1160 939 1195 ipse
951 1161 1026 1188 solus

243 1206 473 1241 magniﬁcentiam
502 1206 548 1234 Dei
572 1207 726 1240 enuntiare,
753 1207 873 1242 postulat
886 1215 918 1234 ea
942 1207 970 1234 in
997 1215 1027 1235 re

242 1252 357 1279 aliorum
372 1261 482 1288 operam
499 1259 525 1281 et
538 1254 682 1280 auxilium.

278 1344 305 1372 5.
318 1344 437 1371 Accedite
448 1343 482 1370 ad
498 1352 556 1372 eum
572 1348 595 1370 et
612 1343 817 1372 illuminamini.
832 1343 872 1371 Ex
887 1344 1027 1372 concessis

243 1390 322 1418 donis
336 1395 446 1426 accepta
461 1389 570 1422 ﬁducia,
586 1390 655 1418 alios
667 1391 751 1418 etiam
767 1391 800 1418 ad
817 1391 843 1418 id
862 1391 969 1418 invitat.

278 1477 306 1505 6.
324 1476 379 1504 Iste
404 1485 502 1512 pauper
525 1477 660 1510 clamavit.
686 1482 710 1505 et
735 1477 865 1504 Dominus
893 1477 1028 1505 exaudivit

244 1532 313 1551 eum.
324 1523 452 1556 Ediscite,
470 1524 568 1558 inquit,
585 1531 618 1551 ex
634 1524 667 1551 iis
684 1531 746 1558 qua:
765 1524 832 1550 mihi
855 1524 1028 1556 acciderunt,

245 1569 372 1597 ﬁduciam
395 1569 495 1596 habere
518 1569 545 1596 in
578 1569 721 1596 Dominum
755 1567 958 1597 u'uiversorum.
988 1569 1030 1597 Me

246 1623 365 1650 namque
376 1615 454 1642 vilem
470 1619 496 1641 et
510 1614 645 1649 abiectum
666 1619 692 1641 ct
703 1619 839 1649 pastorem
865 1615 969 1647 ovium,
981 1623 1030 1642 sua

246 1661 373 1696 dignatus
394 1665 435 1687 est
449 1661 626 1695 providentia.
641 1665 723 1687 atoue
741 1659 868 1688 hostibus
894 1665 1028 1695 praastan-

247 1710 344 1733 uorem
359 1706 493 1733 exhibuit.

284 1752 310 1778 7.
330 1751 568 1779 Castrometabitur
579 1751 687 1786 angelus
698 1751 803 1778 Domini
819 1752 846 1778 in
869 1752 982 1779 circuitu
1000 1753 1034 1779 ti-

248 1799 375 1825 mentium
385 1806 453 1829 eum,
463 1803 487 1824 et
501 1798 592 1832 eripiet
604 1805 658 1824 eos.
672 1797 730 1825 lloc
739 1803 872 1826 consonat
883 1806 945 1826 cum
963 1798 1034 1834 Apo-

249 1844 312 1872 stoli
337 1844 428 1871 verbis
441 1844 480 1870 7‘:
498 1843 590 1870 Nonne
608 1851 695 1870 omnes
719 1848 780 1871 sunt
809 1843 1034 1871 odministrutorii

249 1891 358 1926 spiritus
367 1891 394 1917 in
411 1891 587 1917 ministerium
605 1890 690 1921 missi,
702 1896 808 1925 propter
823 1899 867 1918 eos
891 1891 937 1925 qui
948 1891 1029 1918 luere-

247 1937 358 1964 ditatem
370 1937 473 1972 capturi
488 1937 663 1966 suntsalutis.
674 1937 712 1965 Ita
727 1943 754 1966 et
769 1939 865 1966 beatus
879 1938 962 1967 Jacob
977 1939 1034 1968 haec

250 1987 376 2018 precatur
389 1984 413 1999 ⁷⁵
425 1993 430 2011 :
444 1984 558 2019 Angelus
579 1985 623 2018 qui
636 1985 733 2019 eripuit
748 1993 787 2012 me
801 1993 833 2012 ea:
856 1986 976 2012 omnibus
990 1994 1035 2012 ca-

251 2028 412 2055 lamitatibus
431 2030 505 2056 meis.
536 2028 638 2056 Eodem
658 2030 739 2056 modo
760 2030 917 2064 patriarcha
943 2030 1034 2058 Abra-

250 2073 325 2104 ham,
346 2073 498 2100 admirabili
526 2074 674 2102 domestico
693 2082 744 2102 suo
772 2075 810 2103 ait
837 2076 878 2102 "2
905 2076 1034 2104 Dominus

250 2118 321 2146 Deus
336 2119 422 2146 mittet
436 2119 558 2155 angelum
572 2128 649 2147 suum
661 2125 721 2148 ante
735 2121 831 2156 [aciem
843 2127 927 2155 tuam,
941 2129 966 2149 et
989 2131 1035 2149 ac-

251 2165 331 2199 cipies
347 2172 455 2192 uxorem
469 2165 525 2200 ﬁlio
536 2173 593 2192 meo
612 2165 692 2193 Isaac
715 2166 818 2194 exinde.
835 2166 880 2194 Sic
898 2174 925 2194 et.
940 2167 1035 2197 beatus

251 2210 398 2239 Zacharias
411 2211 449 2238 ait
463 2212 484 2227 '”
496 2220 503 2238 :
522 2211 636 2246 Angelus
650 2212 696 2247 qui
712 2211 867 2247 loquebatur
891 2213 964 2240 mihi.

287 2341 316 2369 8.
338 2341 448 2370 Gustate
465 2348 489 2370 et
503 2344 584 2371 videte
605 2345 727 2380 quoniam
745 2346 833 2372 suavis
844 2350 882 2373 est
897 2345 1034 2374 Dominus.

251 2387 291 2414 Ex
305 2395 380 2420 vero,
402 2389 500 2424 inquit,
525 2397 595 2424 pane
619 2394 743 2424 gustate,
775 2391 821 2425 qui
839 2391 980 2419 descendit
1002 2400 1036 2420 ex

251 2434 332 2460 coelo.
347 2433 445 2462 Beatus
457 2435 496 2462 vir
516 2435 562 2470 qui
581 2441 670 2470 sperat
695 2436 723 2462 in
752 2443 801 2468 eo;
816 2436 936 2464 futuram
961 2438 1034 2465 enim

252 2479 334 2506 vitam
347 2485 543 2514 consequetur.

289 2525 333 2553 ιυ.
347 2525 444 2552 Divites
458 2532 582 2561 eguerunt
595 2531 618 2553 et
629 2527 788 2554 esurieruut.
801 2527 934 2556 Videlicet
949 2536 1036 2564 popu-

253 2571 296 2598 lus
309 2569 450 2598 Iudaicus.
467 2570 632 2606 Inquirentes
646 2577 733 2599 autem
753 2573 892 2599 Dominum
920 2582 971 2600 non
988 2575 1038 2600 mi-

253 2622 366 2644 nuentur
377 2617 403 2643 in
417 2618 487 2643 omni
502 2617 578 2644 bono.
588 2618 678 2644 Alium
688 2618 754 2645 dicit
765 2619 884 2654 gentium
897 2620 1038 2654 populum.

289 2707 333 2733 Η.
353 2706 452 2738 Venite,
468 2707 529 2742 ﬁlii,
549 2707 639 2735 audite
654 2716 704 2740 me,
721 2708 840 2735 timorem
867 2708 972 2736 Domini
988 2709 1036 2735 do-

254 2752 315 2779 cebo
328 2760 405 2780 vos...
417 2757 441 2779 et
456 2753 528 2779 latio
544 2758 589 2780 tuo
604 2761 634 2780 ne
648 2753 791 2789 loquantur
803 2754 904 2781 dolum.
932 2754 1039 2782 Doctri—

257 2804 320 2823 nam
338 2796 466 2832 gentibus
479 2798 680 2832 praedicandam
697 2799 835 2834 proponit,
858 2799 937 2834 cujus
949 2800 1040 2834 primo

257 2843 362 2871 essea'u
373 2842 490 2870 timoreu
506 2842 570 2871 Dei:
587 2844 707 2872 secundo
716 2852 769 2872 non
782 2845 934 2875 obtrectare
943 2845 1039 2880 fratri;

296 2908 410 2938 "llelir.
425 2919 444 2941 l.
463 2913 492 2940 Η
544 2914 564 2931 ⁷³
579 2913 645 2943 Gen.
663 2923 756 2949 sum,
772 2915 813 2942 12$.

1077 976 1137 1003 Ὅτι
1150 976 1182 1012 δὴ
1191 976 1272 1009 σώζει
1283 978 1346 1010 τοὺς
1358 978 1516 1010 ἐλπίζοντας
1526 978 1568 1004 ἐπ’
1581 978 1671 1010 αὑτὸν,
1681 977 1732 1004 οὑκ
1743 977 1868 1012 ἀνέχεται

1078 1022 1157 1057 μόνος
1179 1022 1280 1058 ὑφῆναι
1300 1023 1346 1050 τὸν
1370 1024 1463 1060 ὕμνον,
1484 1024 1551 1052 ἀλλὰ
1574 1024 1637 1056 τοὺς
1659 1026 1802 1057 κοινωνοὺς
1818 1025 1867 1060 τῆς

1076 1068 1239 1102 πραότητος,
1253 1070 1397 1100 κοινωνοὺς
1405 1071 1521 1096 ποιεῖται
1532 1070 1582 1104 τῆς
1596 1070 1743 1106 ὑμνῳδίας.

1111 1114 1307 1147 Μεγαλύνατε
1319 1113 1371 1141 τὸν
1392 1115 1502 1149 Κύριον
1517 1115 1578 1142 σὺν
1590 1115 1665 1151 ἐμοὶ,
1683 1116 1732 1142 καὶ
1748 1115 1869 1150 viperino-

1074 1166 1132 1193 μεν
1155 1158 1189 1184 τὸ
1213 1158 1306 1193 ὄνομα
1330 1160 1423 1188 αὺτοῦ
1444 1160 1612 1188 ἐπιτοαυτό.
1633 1161 1676 1194 Ὠς
1690 1162 1727 1197 μὴ
1745 1162 1870 1197 ἐξαρκῶν

1078 1203 1114 1230 τὰ
1127 1204 1259 1239 μεγαλεῖα
1272 1205 1427 1240 ἐξαγγεῖλαι
1440 1206 1487 1233 τοῦ
1502 1206 1580 1240 Θεοῦ,
1596 1208 1636 1240 είς
1655 1208 1735 1234 τοῦτο
1747 1209 1813 1235 αὐτὸ
1832 1209 1871 1240 ὡς

1078 1250 1378 1286 περισυλλαμὸάνεσθαι
1394 1252 1441 1279 καὶ
1455 1253 1519 1285 τοὺς
1533 1253 1627 1286 ἄλλους
1648 1253 1719 1287 ἀξιοῖ
1737 1255 1785 1282 καὶ
1801 1263 1871 1290 συμ-

1078 1295 1220 1331 πράττειν.

1114 1341 1300 1376 Προσέλθετε
1321 1342 1396 1377 πρὸς
1417 1344 1520 1377 αὑτὸν,
1539 1345 1588 1372 καὶ
1608 1347 1787 1380 φωτίσθητε.
1813 1347 1871 1381 ’Aq'

1079 1383 1116 1413 ὧν
1144 1386 1252 1419 ὲδὲξατο
1275 1387 1424 1421 πεποιθὼς,
1450 1388 1498 1415 καὶ
1519 1390 1582 1421 τοὺς
1606 1390 1701 1422 ἄλλους
1725 1391 1766 1422 εἰς
1791 1390 1870 1418 τοῦτο

1080 1431 1185 1465 ἀνάγει.

1121 1476 1217 1511 Οὗτος
1232 1480 1248 1505 ὁ
1265 1478 1383 1514 πτωχὸς
1402 1479 1562 1514 ἐκέκραξε,
1583 1481 1633 1508 καὶ
1649 1483 1665 1508 ὀ
1683 1482 1791 1516 Κύριος
1810 1485 1871 1510 εισ-

1082 1521 1218 1555 ήχουσεν
1239 1524 1342 1550 αὐτόν.
1369 1524 1487 1556 Μάθετε,
1503 1525 1594 1560 φησὶν,
1615 1527 1646 1552 ὲκ
1668 1526 1723 1553 τῶν
1748 1527 1807 1553 κατ’
1823 1528 1871 1563 ἐμὲ

1083 1568 1194 1604 θαρρεῖν
1211 1568 1250 1603 τῷ
1269 1568 1322 1595 τῶν
1339 1569 1406 1595 ὅλων
1423 1569 1492 1605 Θεῷ.
1508 1571 1610 1606 Εὐτελῆ
1623 1571 1677 1607 γὰρ
1690 1571 1756 1599 εντα
1772 1582 1805 1608 με
1826 1575 1873 1600 καὶ

1083 1613 1232 1648 προϐατέα.
1242 1614 1291 1649 τῆς
1303 1615 1405 1646 οῑκείας
1421 1615 1590 1651 προμηθείας
1603 1616 1712 1652 ἠξίωσε,
1723 1619 1768 1645 καὶ
1783 1619 1874 1654 κρείτ-

1083 1667 1148 1686 τονα
1158 1658 1212 1686 τῶν
1227 1659 1416 1695 πολεμούντων
1428 1662 1561 1698 ἀπέφηνε.

1118 1749 1306 1784 Παρεμϐαλεῖ
1315 1750 1441 1785 ἅγγελος
1454 1751 1564 1786 Kvplov
1577 1752 1679 1782 κύκλῳ
1692 1751 1753 1778 τῶν
1763 1753 1875 1787 φοϐου-

1081 1794 1181 1829 μένων
1195 1796 1297 1829 αὑτὸν,
1307 1797 1355 1823 καὶ
1366 1797 1492 1831 ῥύσεται
1503 1798 1623 1831 αὐτούς.
1633 1797 1719 1825 Τοῦτο
1733 1801 1878 1834 συμφωνεῖ

1084 1841 1131 1867 καὶ
1149 1840 1196 1866 τοῦ
1219 1841 1379 1869 ’Λποστύλου
1398 1845 1455 1875 τοῖς
1473 1844 1585 1879 ῥήμασι·
1602 1844 1666 1878 περὶ
1684 1844 1738 1880 γὰρ
1754 1845 1810 1871 τῶν
1824 1846 1877 1879 ἀγ-

1084 1887 1170 1921 γέλων
1187 1884 1265 1920 οὗτός
1281 1897 1373 1924 φησιν·
1393 1889 1465 1923 οὐχὶ
1481 1889 1591 1922 πάντες
1608 1890 1667 1917 εἰσὶ
1683 1893 1878 1926 λειτοιψτικὰ

1085 1933 1240 1967 πνεύματα
1267 1935 1310 1966 εις
1340 1935 1529 1970 λειτουργίαν
1554 1936 1804 1972 ἀποστελλόμενα
1826 1938 1878 1966 δκὰ

1084 1978 1156 2010 τοὺς
1187 1978 1357 2013 μέλλοντας
1381 1981 1578 2016 κληρονομεῖν
1602 1983 1765 2017 σωτηρίαν.
1796 1983 1880 2010 Οὕτω

1086 2024 1132 2050 καὶ
1150 2025 1164 2050 ὁ
1178 2025 1310 2060 μακάριος
1329 2025 1425 2052 Ἰακὼϐ
1438 2027 1654 2063 προσευχόμενός
1668 2037 1759 2064 φησιν·
1780 2029 1809 2055 '0
1824 2030 1879 2065 ἆγ-

1086 2071 1173 2105 γελος
1188 2071 1204 2096 ὀ
1212 2069 1385 2105 ρυσάμενός
1394 2080 1432 2106 με
1445 2072 1478 2098 ἐκ
1489 2072 1610 2099 πάντων
1619 2072 1679 2100 τῶν
1690 2073 1790 2101 κακῶν
1799 2084 1874 2109 μου.

1087 2115 1164 2141 Οὕτω
1182 2116 1229 2142 καὶ
1251 2115 1265 2141 ό
1286 2117 1457 2153 πατριάρχης
1479 2117 1604 2154 Ἀϐραὰμ
1618 2119 1685 2154 πρὸς
1699 2120 1744 2146 τὸν
1767 2121 1878 2156 θαυμά-

1088 2170 1144 2188 σιον
1166 2162 1274 2198 οἰκέτην
1293 2162 1360 2198 ἔφη·
1385 2163 1489 2197 Κύριος
1505 2164 1521 2190 ὁ
1542 2164 1613 2198 Θεὸς
1637 2165 1804 2193 ἀποστελεῖ
1824 2167 1880 2194 τὸν

1088 2207 1216 2242 ἄγγελον
1238 2207 1331 2235 αὑτοῦ
1357 2208 1414 2242 πρὸ
1437 2209 1598 2242 προσώπου
1621 2218 1696 2243 σου,
1715 2212 1765 2239 καὶ
1786 2213 1882 2248 λήψῃ

1051 2265 1076 2294 D
1089 2252 1216 2287 γυναῖκα
1231 2252 1271 2285 τῷ
1283 2253 1336 2285 υἱῷ
1351 2262 1411 2288 μου
1442 2254 1539 2282 Ἰσαὰκ
1560 2255 1683 2284 ἐκεῖθεν.
1698 2257 1777 2284 Οὕτω
1795 2259 1846 2285 καὶ
1868 2259 1883 2285 ὁ

1092 2298 1225 2333 μακάριος
1236 2297 1309 2333 λέγει
1321 2299 1468 2335 Ζαχαρίας·
1483 2301 1509 2327 Ὀ
1522 2301 1648 2336 ἅγγελος
1656 2304 1672 2330 ὀ
1685 2303 1789 2330 λαλῶν
1800 2305 1882 2340 ἐμοί.

1125 2344 1300 2375 Γεύσασθε,
1321 2346 1370 2371 καὶ
1394 2345 1481 2378 ἴδετε,
1497 2346 1541 2373 ὅτι
1565 2348 1696 2382 χρηστὸς
1720 2351 1736 2376 ό
1757 2350 1882 2384 Κιίῃοιος.

1089 2387 1142 2423 Τοῦ
1159 2388 1284 2424 ἀληθινοῦ
1299 2390 1391 2426 ἄρτου,
1404 2392 1479 2426 φησὶ,
1495 2392 1637 2426 γεύσασθε,
1650 2392 1696 2420 τοῦ
1709 2395 1885 2427 καταϐάντος

1088 2433 1118 2466 ἐξ
1135 2434 1259 2469 οὐρανοῦ.
1282 2435 1431 2469 Μακάριος
1447 2437 1524 2471 ἀνὴρ
1541 2437 1573 2471 ὃς
1587 2438 1696 2469 ἐλπίζει
1709 2439 1757 2466 ἐπ’
1773 2442 1883 2468 αὐτόν·

1088 2479 1143 2512 ἔξει
1155 2479 1209 2514 γὰρ
1224 2480 1273 2516 τὴν
1290 2480 1439 2516 μέλλουσαν
1452 2482 1534 2518 ζωήν.

1125 2526 1269 2552 Πλούσιοι
1284 2526 1479 2561 ἐπτώχευσιιν
1494 2529 1543 2556 καὶ
1563 2529 1739 2559 ἐπείνασαν.
1753 2532 1885 2568 Δηλονὸτι

1089 2571 1103 2598 ὁ
1119 2571 1172 2597 τῶν
1193 2572 1326 2598 Ἰουδαίων
1349 2573 1421 2605 λαός.
1443 2576 1475 2601 Ol
1496 2574 1530 2601 δὲ
1547 2575 1738 2611 ἐκζητοῦντες
1754 2578 1810 2604 τὸν
1826 2580 1886 2606 Κιτ-

1086 2626 1155 2651 ριον
1178 2618 1234 2644 οὐκ
1263 2618 1521 2654 ἐλαττωθήσονται
1538 2622 1651 2655 παντὸς
1675 2623 1802 2658 ἀγαθοῦ.
1832 2625 1885 2651 Tim

1091 2663 1183 2698 ἕτερον
1199 2663 1270 2698 λέγει
1283 2664 1328 2690 τὸν
1344 2664 1398 2691 τῶν
1415 2665 1509 2693 ἐθνῶν.

1125 2709 1222 2742 Δεῦτε,
1237 2709 1335 2740 τέκνα,
1350 2710 1498 2738 ἀκούσατέ
1511 2721 1582 2746 μου·
1597 2714 1691 2747 φόϐον
1708 2715 1823 2748 Kvplov
1840 2715 1884 2741 δι-

1091 2754 1172 2786 δάξω
1186 2754 1262 2789 ὑμᾶς
1277 2775 1284 2782 .
1304 2775 1310 2782 .
1327 2775 1334 2782 .
1353 2776 1361 2783 .
1377 2775 1384 2781 .
1401 2776 1407 2782 .
1424 2757 1472 2783 καὶ
1489 2758 1575 2791 χείλη
1590 2767 1648 2786 σου
1665 2759 1719 2786 τοῦ
1732 2761 1775 2794 μὴ
1789 2761 1886 2793 λελῆ-

1093 2808 1144 2828 σαι
1175 2802 1276 2828 δόλον.
1302 2801 1480 2829 Διδασκαλῐαν
1506 2804 1590 2831 ἐθνῶν
1620 2806 1822 2840 παρατίθεται,
1850 2804 1885 2841 ἧς

1094 2846 1202 2882 πρῶτον
1216 2847 1261 2874 τὸν
1275 2847 1354 2882 φόϐον
1376 2849 1422 2875 τοῦ
1442 2849 1509 2876 Θεοῦ
1527 2847 1596 2885 εἶνριί
1612 2859 1678 2887 φησι
1689 2861 1695 2867 ·
1711 2852 1840 2888 δεύτερον
1858 2853 1885 2878 τὸ

862 2915 960 2944 "Gen.
978 2925 1050 2946 sxw.
1073 2917 1114 2945 i0.
1155 2918 1176 2933 '”
1195 2917 1309 2945 Zachar.
1329 2925 1357 2950 ιι,
1376 2917 1402 2945 5.
