1934 3053
212 149 263 178 179

627 149 657 178 S.
677 150 862 179 ATHANASll
881 152 957 180 OPP.
980 153 1069 181 PARS
1089 154 1132 181 lll.
1155 167 1189 173 -—-
1211 153 1415 182 EXEGETICA.

1774 157 1823 183 l-‘~.'0

209 207 316 235 modica
336 205 444 234 Domini
457 205 644 234 misericordia
657 229 664 240 ,
685 216 767 243 quam
782 215 876 236 omnes
893 209 986 236 mundi

1056 219 1096 236 στι
1114 211 1210 247 μικρὸν
1230 211 1303 242 ἔλεος
1319 211 1364 237 τοῦ
1381 211 1482 246 Κυρίου
1499 211 1568 247 ὑπὲρ
1581 211 1670 239 πάντα
1686 213 1730 239 τὸν
1745 214 1826 241 πλοῦ-

209 251 333 288 divitiae.)

244 297 271 325 8.
286 298 380 325 Desine
390 298 422 325 ab
437 298 488 332 ira,
505 303 529 325 et
543 298 690 333 derelinque
706 299 829 327 furorem.
846 299 885 327 Ne
900 300 985 334 respi-

209 343 266 370 cias
279 344 483 378 prosperitatem
493 351 598 377 eorum,
614 344 661 371 sed
674 350 830 379 exspectato
844 346 924 373 linem
937 367 944 377 ,
960 352 987 373 et

207 389 312 416 videbis
332 389 491 423 perniciem.
511 389 550 417 Ira
574 395 663 417 autem
684 396 725 418 est
745 392 879 426 appetitus
899 392 987 418 vindi-

209 439 259 461 cta:
274 443 280 460 ι
299 434 417 462 vindicta
430 439 519 462 autem
534 435 597 462 mali
611 436 762 464 retributio.
781 436 845 464 Noli
867 438 988 464 (amatori

209 485 239 506 ut
252 480 413 514 maligueris.
431 480 517 507 Probe
539 482 609 508 nosti
629 482 699 516 quod
716 482 732 508 ii
753 483 799 517 qui
821 483 853 509 ad
869 483 987 510 divinam

209 533 240 552 se
260 533 335 559 spem
350 526 560 557 commiserunt,
574 531 601 553 et
619 526 690 562 frugi
714 527 796 554 vitam
813 527 987 563 delegerunt,

210 577 272 596 cum
291 570 482 604 tranquillitate
493 575 519 597 et
535 579 610 605 pace,
627 575 654 598 ct
667 572 803 606 voluptate
819 572 929 607 degunt.
944 573 989 599 lir-

209 621 282 642 mam
298 615 451 643 obtinentes
468 616 641 643 conseientim
655 617 819 650 puritatem;
835 617 882 651 qui
899 622 988 645 autem

210 665 389 695 temporaneae
411 661 582 696 prosperitati
607 661 711 696 ﬁdunt,
737 668 890 697 promptam
914 663 990 691 inve-

209 705 286 733 nient
299 706 487 738 mutationem,
504 712 531 734 ct
546 707 676 734 oblivioni
690 708 797 742 penitus
812 708 962 736 tradentur.

245 795 288 822 10.
305 795 339 822 Et
349 804 449 831 autem
467 797 551 823 locum
572 797 628 832 ejus
645 802 670 823 et
685 805 735 824 non
751 798 874 825 invenies.
894 799 988 826 Simile

209 841 282 869 dicto
293 841 356 869 huic
369 850 376 867 :
395 841 476 876 [mpii
491 847 577 868 autem
592 843 719 870 radicitus
729 844 849 876 peribunt
860 845 893 870 ⁸⁷.

1039 265 1084 282 του
1098 257 1144 283 τοῦ
1164 259 1277 293 κόσμου.
1288 257 1297 293 ]

1074 303 1189 330 Παῦσαι
1203 304 1262 330 ἀπὸ
1276 303 1375 337 ὀργῆς,
1388 304 1436 330 καὶ
1449 303 1642 338 ἐγκατάίειπε
1654 305 1758 338 θυμόν.
1783 305 1826 340 Μὴ

1039 348 1096 384 ἴδῃς
1111 349 1199 375 αὐτῶν
1217 350 1264 384 τὴν
1281 349 1430 385 εὐημερίαν
1442 370 1449 382 ,
1467 349 1534 376 ἀλλὰ
1549 350 1712 385 προσμεινον
1732 350 1763 376 τὸ
1784 351 1827 376 τέ-

1039 395 1083 426 λος
1096 414 1103 424 ,
1120 395 1165 420 καὶ
1181 394 1240 428 odiet
1257 395 1301 420 τὸν
1315 395 1433 430 ὄλεθρον.
1457 395 1538 430 Ὀργὴ
1554 395 1582 421 δέ
1598 396 1670 421 ἐστιν
1686 395 1776 429 ὃρεξις
1789 404 1829 421 τι-

1042 441 1161 477 μωρίας¹
1179 441 1298 476 τιμωρία
1318 441 1346 467 δέ
1372 441 1428 467 ἐστι
1453 441 1537 467 κακοῦ
1554 441 1738 473 ducat/165mg.
1779 442 1828 475 Μὴ

1041 486 1210 519 παρηᾷὶλου
1226 486 1303 513 ὣστε
1318 488 1543 521 πονηρεύεσθαι.
1557 485 1593 513 Εὖ
1607 487 1670 518 ἴσθι,
1685 487 1724 513 ὅτι
1740 489 1765 513 οἱ
1781 488 1829 522 μὲν

1040 531 1090 565 τῆς
1105 531 1180 562 θείας
1193 531 1301 563 ἐλπίδος
1311 533 1380 566 σφᾶς
1391 532 1489 564 αὐτοὺς
1499 533 1600 567 ἀναρτή
1606 541 1709 563 σαντες,
1726 534 1774 558 καὶ
1785 533 1829 559 τὸν

1043 576 1151 611 ἐπιεικῆ
1175 577 1385 612 προαιρούμενοι
1411 577 1482 611 βίον,
1514 578 1541 604 ἐν
1559 578 1758 614 ἀπραγμοσύνῃ
1784 579 1830 604 καὶ

1043 623 1140 658 εἰρήνῃ
1153 622 1315 655 διατελοῦσι,
1328 623 1431 659 τρυφὴν
1443 623 1549 658 ἔχοντες
1566 625 1676 658 μόνιμον
1689 624 1735 650 τοῦ
1747 633 1832 651 σκρνειο

1043 669 1118 700 δότος
1131 669 1180 705 τὴν
1195 669 1368 704 καθαρότητα
1378 678 1385 683 ·
1396 670 1420 695 οἱ
1436 669 1463 695 δὲ
1477 671 1510 704 τῇ
1524 670 1682 704 προσκαίρῳ
1696 669 1831 704 εὐημερίᾳ.

1043 712 1207 748 θαρροῦντες
1223 716 1333 748 ταχεῖαν
1350 714 1469 746 δέξονται
1486 714 1534 749 τὴν
1551 714 1711 749 μεταϐολὴν,
1729 714 1776 740 καὶ
1786 714 1834 749 λή-

1043 757 1077 793 θῃ
1091 758 1322 794 παραδοθήσονται
1336 759 1469 786 παντελεῖ.

1077 804 1132 831 Καὶ
1147 804 1283 838 ζητήσεις
1299 805 1351 832 τὸν
1366 806 1459 832 τόπον
1478 805 1580 837 αὑτοῦ,
1603 806 1652 832 καὶ
1670 807 1706 832 οὐ
1726 805 1770 840 μὴ
1786 806 1835 832 εῦ-

1040 859 1109 883 ρῃς.
1131 851 1242 885 Ὅμοιον
1267 851 1305 885 τῷ
1330 851 1482 886 εἰρημένῳ·
1499 853 1531 878 Οἱ
1555 851 1589 877 δὲ
1605 852 1724 884 ἀσεϐεῖς
1748 852 1835 885 6.16p—

1008 890 1030 917 B
1042 891 1114 925 ριζοι
1130 893 1322 921 ἀπολοῦνται.

244 932 339 960 Daniel
360 933 504 961 Barbarus.
523 934 565 961 ll.
582 933 713 962 Mansueti
738 940 825 962 autem
849 937 1041 965 hwreditabunt
1065 944 1173 966 terram.
1203 940 1315 967 Terram
1341 941 1539 969 hazreditabunt
1573 943 1619 978 qui
1648 943 1832 977 perniciosum

209 979 356 1007 iracundiae
382 979 508 1006 allectum
534 980 705 1014 spiraverint.
735 980 776 1008 Ira
791 981 862 1008 enim
884 987 911 1009 et
940 984 1088 1018 prudentes
1112 986 1209 1019 perdit,
1235 986 1368 1020 siquidem
1385 987 1532 1021 quominus
1555 988 1667 1015 honeste
1688 995 1718 1015 se
1739 984 1834 1022 geran‘

210 1027 403 1061 impediuntur.
420 1026 468 1053 Ira
492 1027 561 1053 enim
583 1027 632 1053 uiri
658 1026 707 1054 Dei
726 1027 862 1061 justitiam
892 1037 943 1055 non
964 1031 1126 1064 operatur“.
1144 1031 1278 1059 Caeterum
1302 1034 1335 1060 ab
1350 1033 1389 1060 ira
1414 1037 1441 1060 et
1460 1033 1551 1060 furore
1571 1033 1618 1060 Dei
1643 1042 1759 1061 securus
1773 1039 1832 1061 esti

208 1073 256 1108 qui
270 1073 388 1100 abstinet
404 1073 438 1100 ab
452 1073 486 1100 iis
497 1079 557 1107 quae
575 1072 642 1099 iram
657 1077 685 1100 et
704 1073 823 1113 furorem
842 1075 989 1102 concitant.

250 1119 285 1147 Et
305 1119 504 1146 delectabuntur
516 1121 544 1146 in
561 1119 729 1159 multitudine
745 1121 829 1154 pacis.
846 1120 996 1148 Delectatio

210 1166 279 1201 justi
296 1174 403 1193 summa
420 1174 472 1201 pax
486 1170 538 1200 est,
551 1171 578 1193 et
592 1170 633 1194 est
647 1167 769 1201 quaedam
785 1175 834 1194 ceu
849 1167 997 1195 indolentia

214 1212 299 1239 animi
318 1219 380 1239 cum
392 1219 455 1239 vera
468 1219 558 1238 rerum
575 1213 698 1239 scientia.

251 1257 297 1284 12.
324 1257 476 1284 Observubit
500 1262 620 1291 peccator
639 1257 754 1291 justum.
779 1257 808 1284 Id
833 1257 867 1285 de
887 1258 996 1285 diabolo

216 1307 306 1337 potest
320 1307 471 1337 opportune
485 1302 582 1337 accipi,
596 1307 677 1337 atque
694 1303 767 1330 hisce
781 1303 996 1331 consolationem

214 1348 292 1376 aﬂ‘ert
306 1349 339 1376 iis
352 1348 399 1383 qui
417 1349 516 1383 injuria
530 1348 693 1375 adiciuntur.
708 1348 825 1376 Exhibet
842 1349 914 1376 enim
932 1357 996 1384 pec-

215 1399 334 1422 calorem
358 1395 492 1422 dolentem
517 1402 549 1421 ac
574 1394 711 1422 furentem
732 1395 863 1422 adversus
881 1403 929 1422 eos
949 1395 997 1429 qui

216 1440 389 1474 tranquillam
407 1439 523 1474 amplexi
543 1444 606 1466 sunt
624 1439 727 1471 vitam;
742 1439 846 1473 justum
864 1447 929 1466 vero
949 1439 994 1474 ju-

216 1485 303 1512 dicem
316 1485 484 1512 deridentem
499 1485 558 1520 ejus
578 1487 652 1519 gesta
669 1494 675 1511 :
691 1485 790 1520 quippe
810 1485 856 1519 qui
872 1493 936 1513 mox
952 1485 995 1512 l'u-

214 1535 304 1558 turam
317 1530 377 1565 ejus
391 1535 505 1557 mortem
520 1530 679 1565 prospiciat.

247 1576 291 1602 15.
309 1574 437 1602 Dominus
461 1580 548 1601 autent
572 1575 693 1602 irridebit
714 1583 783 1602 eum.
809 1575 925 1607 lrridet,
952 1576 994 1602 in—

213 1622 284 1656 quit,
301 1625 473 1656 peccatorum
488 1621 600 1648 insidias
619 1621 750 1649 adversus
769 1622 893 1656 justum;
907 1621 994 1649 sciens

214 1668 323 1703 quidem
343 1668 415 1702 quod
438 1667 510 1694 diem
533 1667 645 1698 statuit,
665 1668 693 1694 in
714 1675 769 1701 quo
795 1667 859 1694 huic
884 1667 994 1701 quidem

213 1718 341 1741 aeternam
357 1713 438 1740 vitam
452 1733 460 1745 ,
477 1713 514 1740 illi
539 1720 604 1740 vero
620 1713 814 1747 sempiternum
833 1713 994 1747 supplicium

212 1759 354 1786 retribuet.

251 1805 295 1832 Η.
321 1804 445 1831 Gladium
465 1804 663 1839 euaginaverunt
686 1808 867 1838 peccatores...
892 1804 995 1839 gladius

213 1858 303 1878 eorum
319 1851 397 1877 intret
419 1851 447 1877 in
463 1851 542 1877 corda
555 1851 681 1884 ipsorum.
705 1849 754 1882 Ea,
770 1850 874 1884 inquit,
893 1850 995 1877 dasz-

214 1904 264 1924 ncs
277 1896 347 1923 mala
363 1900 427 1924 sunt
442 1895 574 1931 perpessi,
592 1903 653 1930 quae
666 1895 768 1923 sanctis
781 1895 883 1923 inferre
900 1896 996 1922 molie-

214 1943 324 1970 bantur.
354 1948 359 1952 '

249 1988 293 2015 18.
312 1987 391 2015 Novit
409 1987 534 2015 Dominus
558 1987 613 2014 vias
636 1986 878 2014 immaculatorum.
901 1986 929 2013 ld
945 1990 995 2018 est,

214 2033 345 2067 approbat
364 2036 391 2059 et
409 2033 534 2059 honorat.
554 2031 588 2058 Et
610 2031 749 2058 hem-editas
768 2040 858 2058 eorum
877 2031 905 2058 in
922 2037 998 2059 teter-

214 2085 278 2104 num
297 2077 357 2103 erit.
373 2076 538 2111 lncorruptae
559 2084 676 2111 namque
696 2081 723 2103 ct
743 2077 914 2111 sempiternae
934 2081 996 2104 sunt

216 2127 373 2151 sanctorum
391 2122 541 2149 mercedes.

253 2169 296 2195 19.
314 2167 375 2194 Non
389 2167 581 2201 confundantur
603 2167 629 2192 in
650 2171 763 2201 tempore
784 2167 864 2193 malo.
889 2167 917 2194 ln
938 2175 999 2202 per-

216 2213 399 2244 secutionum,
418 2212 517 2247 inquit,
538 2212 716 2247 temporibus,
733 2212 923 2239 deﬁcientibus
939 2220 997 2239 ma-

1085 1122 1138 1149 Kal
1151 1122 1434 1156 κατατρυφήσουσιν
1446 1123 1492 1149 ἐπὶ
1505 1123 1611 1156 πλήθει
1622 1123 1833 1158 eLatis-71c;pr

1051 1168 1087 1203 φὴ
1102 1168 1217 1199 δικαίου,
1230 1169 1331 1203 πλῆθος
1340 1169 1450 1204 εἰρήνης
1464 1169 1550 1195 ἐστίν·
1563 1169 1680 1196 ἀπάθεια
1691 1169 1719 1196 δὲ
1734 1169 1833 1204 ψυχῆς,

1051 1213 1119 1248 μετὰ
1133 1213 1259 1246 γνώσεως
1275 1214 1328 1239 τῶν
1340 1214 1423 1240 ὄντων
1436 1214 1561 1249 ἀληθοῦς.

1084 1258 1326 1292 Παρατηρήσετίιι
1334 1260 1350 1285 ό
1361 1259 1534 1293 ἁμαρτωλὸς
1548 1259 1599 1286 τὸν
1607 1259 1732 1286 δίκαιον.
1751 1259 1835 1286 Τοῦτο

1049 1304 1095 1330 καὶ
1103 1305 1147 1330 ἐπὶ
1155 1304 1201 1330 τοῦ
1209 1304 1330 1330 διαϐόλου
1346 1305 1480 1339 ληφθῆναι
1494 1306 1656 1341 πρόσφορον,
1669 1306 1715 1331 καὶ
1723 1305 1766 1331 διὰ
1775 1305 1834 1331 τοὺ-

1048 1358 1102 1376 των
1117 1350 1278 1386 παραψυχὴν
1291 1352 1345 1381 τοῖς,
1359 1350 1544 1386 ἀδικουμένοις
1555 1351 1712 1387 προσφέρει.
1726 1351 1834 1377 Δείκνυο

1050 1404 1075 1422 σι
1102 1395 1154 1431 γὰρ
1179 1396 1224 1422 τὸν
1242 1396 1290 1430 μὲν
1306 1397 1463 1431 παράνομον
1480 1396 1613 1422 λυποῦντα
1630 1397 1677 1423 καὶ
1695 1397 1833 1431 μεμηνότα

1048 1441 1118 1467 κατὰ
1132 1440 1184 1467 τῶν
1199 1442 1363 1477 ἀπράγμονα
1380 1442 1436 1476 βίον
1450 1442 1662 1477 ἀσπαζομένων,
1678 1443 1723 1468 τὶν
1745 1442 1774 1468 δὲ
1797 1443 1833 1468 δί-

1047 1494 1123 1512 καιον
1140 1485 1235 1520 κριτὴν
1255 1486 1445 1520 καταγελῶντα
1460 1487 1508 1522 τῆς
1520 1488 1718 1522 ἐγχειρήσεως,
1738 1487 1785 1513 ἅτε
1802 1487 1834 1521 δὴ

1045 1532 1095 1567 τὴν
1111 1532 1220 1566 ταχεῖαν
1235 1531 1317 1558 αὐτοῦ
1335 1532 1461 1567 τελευτὴν
1475 1532 1641 1568 προορῶντα.

1088 1577 1113 1602 Ὁ
1125 1575 1159 1602 δὲ
1167 1577 1273 1610 Κύριος
1285 1576 1477 1610 ἐκγελίὶσεται
1492 1578 1593 1604 αὐτόν.
1615 1577 1741 1613 Διαγελᾷ,
1757 1579 1832 1612 φησὶ,

1044 1621 1093 1653 τὰς
1119 1622 1188 1648 κατὰ
1218 1622 1265 1648 τοῦ
1293 1622 1395 1648 δικαίου
1415 1622 1559 1654 ἐπιϐουλὰς
1577 1623 1624 1649 τοῦ
1652 1623 1832 1659 ἁμαρτωλοῦ-

1045 1667 1132 1699 εἰδὼς,
1150 1667 1187 1699 ὡς
1204 1667 1316 1702 ἔστησεν
1331 1668 1437 1703 ἡμέραν
1455 1667 1515 1694 καθ’
1529 1669 1561 1704 ἣν
1574 1669 1612 1704 τῷ
1630 1669 1681 1703 μὲν
1698 1668 1832 1696 ἀποδώσει

1045 1713 1094 1748 τὴν
1110 1713 1216 1740 αἰώνιον
1229 1713 1312 1749 ζωὴν,
1324 1714 1362 1749 τῷ
1376 1714 1462 1749 δὲτὴν
1476 1714 1583 1741 αἰώνιον
1598 1715 1718 1741 κόλασιν.

1086 1801 1249 1836 Ῥομφαίαν
1259 1802 1434 1829 ἐσπάσαντο
1445 1803 1473 1829 οἱ
1485 1801 1650 1836 ἁμαρτωλοί
1660 1821 1667 1834 ,
1685 1801 1834 1828 ἐνέτειναν

1045 1847 1135 1878 τόξον
1153 1847 1253 1874 αὐτῶν
1269 1868 1276 1874 .
1293 1867 1300 1874 .
1321 1868 1327 1874 .
1345 1849 1364 1881 ἠ
1387 1848 1520 1882 ῥομφαία
1534 1848 1633 1874 αὐτῶν
1648 1847 1778 1874 εἰσέλθοι
1795 1849 1835 1879 εἰς

1046 1892 1171 1926 καρδίαν
1183 1892 1291 1919 αὐτῶν.
1304 1891 1405 1924 Ταῦτα,
1418 1892 1495 1927 φησι,
1508 1892 1673 1919 πεπόνθασιν
1686 1892 1711 1918 οἱ
1723 1893 1835 1927 πονηροὶ

1046 1938 1182 1973 δαίμονες.
1197 1937 1215 1964 ὃ.
1233 1938 1354 1973 ποιήσειν
1371 1939 1427 1970 τοῖς
1440 1938 1528 1972 ἁγίοις
1544 1937 1753 1963 ἐπεϐούλευσαν.

1082 1983 1228 2011 Γινώσκει
1240 1985 1347 2018 Κύριος
1365 1984 1417 2017 τὰς
1432 1984 1520 2017 ὀδοὺς
1535 1983 1593 2010 τῶι-
1610 1982 1746 2018 ἀμώμων.
1763 1983 1834 2009 Ἀντ“ι

1046 2029 1103 2060 τοῦ,
1119 2029 1278 2064 ἀποδέχεται
1290 2030 1337 2055 καὶ
1346 2023 1423 2065 τιμᾷ.
1443 2029 1497 2056 Καὶ
1508 2030 1527 2063 ἡ
1539 2029 1723 2062 κληρονομία
1738 2027 1835 2055 αὐτῶν

1046 2077 1090 2107 εἰς
1105 2075 1198 2102 αἰῶνα
1212 2075 1307 2103 ἔσται.
1341 2075 1491 2111 Ἀφθαρτοι
1516 2075 1570 2110 γὰρ
1586 2075 1633 2101 καὶ
1655 2073 1759 2100 αἰώνιοι
1785 2074 1834 2100 τῶν

1048 2121 1133 2154 ἁγίων
1149 2121 1177 2146 αἱ
1194 2121 1394 2151 ἀνταποδόσεις.

1081 2169 1122 2194 Οὺ
1144 2168 1456 2202 καταισχυνθήσογται
1474 2167 1509 2193 ἐν
1527 2166 1616 2201 καιρῷ
1631 2167 1761 2200 πονηρῷ.
1795 2167 1835 2193 Ἐν

1048 2215 1104 2245 τοῖς
1119 2213 1172 2239 τῶν
1188 2213 1326 2248 διωγμῶν,
1349 2213 1432 2248 φησι,
1450 2214 1564 2247 καιροῖς,
1589 2212 1768 2239 ἐκλειπόντων
1786 2213 1836 2239 τῶν

216 2258 319 2293 gistris,
332 2258 389 2292 ipse
401 2257 532 2284 Dominus
543 2261 638 2292 suopte
653 2257 749 2292 spiritu
763 2257 882 2284 enutrict
893 2265 940 2285 eos
951 2258 996 2292 qui

1055 2259 1227 2291 διδασκάλων,
1239 2258 1320 2290 αὐτὸς
1334 2260 1347 2284 ὁ
1357 2259 1458 2294 Κύριος
1469 2258 1507 2293 τῷ
1520 2258 1614 2284 ἑαυτοῦ
1629 2257 1764 2293 πνεύματι
1778 2258 1837 2294 θρέ-

216 2306 245 2332 in
260 2305 348 2339 ipsum
363 2303 534 2331 crediderint.

252 2348 325 2386 [Non
341 2348 534 2382 confundantur
548 2349 575 2375 in
588 2354 698 2382 tempore
715 2348 794 2374 malo.
813 2347 913 2375 Malum
929 2353 998 2375 tem-

215 2404 269 2432 pus
283 2401 324 2423 cst
349 2395 397 2422 ira:
411 2402 443 2422 ac
458 2395 559 2422 furoris
582 2401 677 2422 contra
700 2395 816 2428 impios,
833 2394 942 2429 quando
960 2394 998 2421 illi

216 2442 326 2478 quidem
337 2441 440 2476 justum
455 2440 500 2467 Dei
513 2440 644 2474 judicium
658 2440 851 2474 experientur;
870 2439 935 2473 justi
951 2447 1000 2466 au-

218 2493 273 2516 tem
296 2488 409 2523 gloriam
422 2508 430 2521 ,
450 2488 597 2518 honorem,
618 2486 848 2520 incorruptionem
869 2490 896 2512 et
915 2485 999 2512 vitam

218 2539 346 2561 aeternam
361 2531 582 2568 consequentur.]

252 2581 296 2608 2|.
318 2581 483 2608 Mutuabitur
498 2586 628 2616 peccator,
645 2586 668 2608 et
685 2589 736 2607 non
746 2581 835 2608 solvet.
856 2579 914 2607 Non
941 2588 1002 2614 gra-

221 2627 272 2655 tias
286 2627 355 2662 agit,
375 2627 481 2661 inquit,
498 2632 639 2661 peccator,
657 2627 690 2654 dc
713 2626 819 2653 collatis
840 2626 891 2652 sibi
914 2633 929 2652 a
948 2625 1002 2652 Deo

222 2673 371 2700 bcnellciis.
387 2671 479 2699 Justus
501 2677 588 2699 autent
603 2673 785 2704 νηίδα-ρίαν,ιί
801 2671 901 2698 tribuit.
918 2671 1000 2697 illise-

222 2719 366 2746 ricordiam
384 2718 569 2746 retributionis
585 2719 644 2746 loco
660 2718 751 2751 solvit,
765 2717 908 2745 Dominum
920 2725 999 2745 suum

223 2765 352 2792 imitatus.

250 2842 336 2872 "Job
354 2851 390 2876 IV,
404 2844 431 2872 7.
465 2843 488 2860 ιι
506 2843 564 2871 Jac.
581 2853 599 2878 ι,
619 2844 665 2871 eo.

1050 2305 1095 2340 ψει
1111 2305 1172 2336 τοὺς
1190 2305 1229 2335 εἰς
1246 2303 1325 2330 αὑτὸν
1342 2304 1525 2335 πιστεύοντας.

1087 2350 1148 2385 [Ob
1179 2349 1489 2383 καταισχυνθήσονται
1518 2349 1552 2375 ἐν
1586 2348 1676 2382 καιρῷ
1708 2349 1834 2383 πονηρῷ.

1052 2396 1154 2431 Καιρὺς
1168 2395 1283 2430 πονηρὸς
1298 2395 1311 2420 ό
1327 2396 1376 2430 τῆς
1390 2395 1459 2421 κατὰ
1473 2394 1525 2420 τῶν
1539 2394 1644 2421 ἀσεϐῶν
1657 2395 1742 2430 ὀργῆς
1752 2414 1759 2426 ,
1779 2396 1806 2421 ἐν
1816 2391 1836 2428 ᾧ

1052 2443 1076 2467 οἱ
1093 2442 1141 2475 μὲν
1156 2442 1204 2475 τῆς
1217 2441 1414 2476 δικαιοκρισίας
1431 2440 1477 2466 τοῦ
1491 2440 1556 2467 Θεοῦ
1572 2441 1798 2476 πειραθήσονται·
1814 2442 1836 2467 οἱ

1052 2487 1081 2513 δὲ
1091 2487 1168 2519 δόξαν
1179 2487 1225 2512 καὶ
1236 2486 1328 2521 τιμὴν,
1344 2486 1391 2512 καὶ
1402 2485 1565 2521 ἀφθαρσίαν,
1587 2486 1633 2512 καὶ
1647 2486 1717 2521 ζωὴν
1733 2487 1835 2513 αἰώνιον

1053 2533 1243 2568 ἀπολήψονται.
1254 2532 1263 2568 ]

1093 2579 1257 2608 Δαιέίζεται
1270 2580 1286 2605 ὁ
1298 2577 1479 2613 ἁμαρτωλὸς,
1493 2578 1542 2605 καὶ
1552 2579 1607 2604 οὐκ
1618 2577 1766 2605 ἀποτίσει.
1784 2580 1835 2605 οὐκ

1054 2625 1215 2655 ἀντιδίδωσι,
1231 2625 1322 2659 φησὶν,
1337 2626 1350 2650 ὁ
1364 2624 1523 2659 ἁμαρτωλὸς
1536 2623 1709 2658 εὐχαριστίαν
1723 2624 1793 2660 ὑπὲρ
1803 2621 1834 2650 ὦν

1054 2672 1237 2706 εὐεργετεῖται
1254 2670 1327 2705 παρὰ
1347 2669 1425 2696 Θεοῦ.
1449 2669 1480 2695 '0
1503 2669 1537 2695 δὲ
1558 2669 1673 2702 δίκαιος
1692 2671 1835 2704 οἱκτείρει,

1054 2716 1103 2742 καὶ
1120 2715 1251 2741 δίδωσιν.
1287 2714 1468 2746 Ἀντιδίδωσι,
1495 2714 1576 2750 φησὶν
1587 2734 1594 2746 ,
1607 2714 1779 2750 οἰκτιρμοίις,
1795 2714 1834 2740 τὸν

1055 2761 1151 2788 ἑαυτοῦ
1167 2761 1303 2796 Δεσπότην
1319 2760 1493 2796 μιμούμενος.
