1928 3053
266 121 317 148 190

703 117 731 144 S.
752 115 938 144 ATHANASII
960 116 1036 143 OPP.
1063 116 1153 144 PARS
1174 116 1217 143 lll.
1239 131 1272 137 —
1293 117 1498 145 EXEGETICA.

1830 115 1880 143 9.00

270 185 390 213 namque
407 177 472 204 mihi
489 175 580 211 passio
590 181 640 203 est.
657 175 725 202 Hinc
737 175 912 209 consequitur
921 175 1046 202 arbitrari

1101 177 1172 202 ἐστιν
1186 176 1247 211 ἐμοὶ
1262 176 1292 202 τὸ
1308 176 1413 203 παθεῖν.
1445 175 1614 210 Ἀιιαγκαίως
1640 174 1667 201 δὲ
1688 175 1761 208 λέγει
1775 175 1810 210 τῇ
1827 183 1882 202 κοι-

266 225 356 258 ipsum
369 227 429 257 post
441 221 631 249 domuitionem
659 220 787 254 subsequi
802 220 1043 246 resurrectionem.

268 269 403 295 Dormitio
415 275 490 295 mors
501 270 558 294 est:
574 274 638 301 ergo
658 271 772 292 mortth
799 265 980 299 subsequatur
1004 273 1047 293 re-

266 315 412 342 surrectio.

302 364 345 390 10.
362 363 465 390 Etenim
481 363 556 389 [roma
572 361 643 395 pacis
659 369 721 387 mete
735 361 760 387 in
783 367 834 394 quo
852 360 966 397 speravi,
1000 359 1046 393 qui

264 409 356 436 edubat
368 417 447 443 panes
462 416 542 440 meos,
561 407 738 442 magniﬁcacit
756 415 834 439 super
846 414 885 432 me
892 404 1048 439 supplanta-

267 455 373 481 tiuzem.
391 454 560 485 Ludibrium,
582 453 708 485 insidias,
734 453 838 479 dolum.
856 451 935 478 Pacis
961 450 1047 476 homi-

265 507 326 527 nem
339 499 435 526 Judam
451 504 540 531 vocat,
562 499 626 533 quia
653 498 796 525 videbatur
809 498 880 524 inter
903 496 1046 524 benevolos

265 550 291 573 ct
306 546 409 573 amicos
425 545 483 579 eius
499 543 663 578 computari,
679 548 706 570 et
731 543 757 570 in
782 541 978 577 discipulorum
994 549 1046 568 nu-

266 598 369 617 merum
388 590 500 616 allectus
515 589 611 616 fuerat.

302 637 344 663 ll.
362 636 400 663 Tn
416 641 516 667 mitem,
532 637 652 668 Domine,
666 637 788 662 miserere
804 635 864 667 mei,
880 640 903 662 et
919 635 1046 661 resuscita

265 690 315 713 me,
333 688 356 709 et
372 682 517 709 retribuam
530 683 577 709 eis.
595 682 719 709 Humano
736 690 811 708 more
829 687 936 716 propter
957 682 1045 708 Immi-

264 727 404 754 liationem
422 735 498 754 suam
510 728 541 754 ad
558 727 663 754 Patrum
677 735 756 754 suum
769 727 849 754 verba
868 727 940 759 facit,
951 727 1046 753 etiam-

263 774 286 801 si
303 774 347 800 ille
363 773 399 800 sit
413 774 599 801 misericordia
613 773 658 800 Dei
675 779 702 801 et
717 773 817 805 Patris,
837 777 864 800 et
878 772 1045 799 resurrectio

263 824 344 854 atque
357 819 421 846 vita.

300 863 343 890 12.
358 862 391 890 In
405 863 452 890 hoc
465 864 572 898 cognovi
594 863 655 898 quia
678 865 784 890 caruisti
800 873 849 890 me.
866 864 983 891 Rursum
1008 863 1047 889 lo-

263 909 356 943 quitur
370 914 400 935 ut
416 909 508 940 ltnino,
540 914 569 936 ut
583 910 702 943 seipsum
720 910 817 936 olli-rat
835 909 889 937 Deo
917 915 942 936 et
963 908 1046 935 Patri.

265 954 394 986 Quoniam
406 963 456 981 non
476 955 600 989 gaudebit
613 956 736 982 inimicus
760 964 832 982 meus
856 964 935 989 super
946 963 996 981 me.
1017 953 1046 981 Si

263 1007 296 1026 ex
310 1000 486 1028 humanitatis
502 1008 619 1035 persona
643 1001 695 1028 hoc
716 1001 783 1028 dicit
799 1001 937 1032 Christus,
954 1000 1048 1026 inimi-

263 1053 312 1073 cus
333 1046 412 1080 plane
441 1047 606 1082 intelligatur
621 1055 682 1083 esse
695 1047 742 1082 qui
769 1051 885 1073 mortem
904 1046 985 1073 nobis
1000 1054 1047 1080 pa-

263 1090 341 1115 ravit.
359 1089 406 1115 Sin
420 1090 498 1124 quasi
510 1091 610 1124 exipso
627 1090 746 1122 Christo,
766 1089 927 1117 Judreorum
945 1088 1048 1123 princi-

265 1141 310 1166 pes
323 1133 371 1159 ait.
391 1132 467 1166 Quod
480 1134 552 1161 enim
570 1142 613 1162 res
632 1135 698 1169 ipsis
717 1131 878 1169 pcrmolesta
895 1133 987 1167 fuerit,
1000 1141 1048 1168 pa-

262 1177 316 1204 lam
330 1186 363 1205 ex
373 1186 406 1206 eo
419 1184 460 1206 est
472 1180 543 1214 quod
559 1180 617 1214 ejus
630 1180 856 1208 resurrectionem
870 1180 925 1207 sint
944 1181 1048 1207 calum-

263 1223 342 1251 niali.

298 1269 342 1296 15.
361 1269 403 1296 Me
415 1275 502 1297 autem
513 1275 618 1305 propter
628 1270 805 1298 innocentiam
823 1269 973 1304 suscepisti.
994 1269 1046 1302 Qui

262 1316 385 1342 omnium
401 1320 444 1343 est
460 1307 653 1350 patrocinium,
672 1316 723 1343 sibi
739 1323 850 1350 quoque
862 1315 1045 1350 patrocinium

264 1361 349 1389 fuisse
367 1362 415 1389 ait.
431 1361 490 1389 Non
507 1362 580 1396 quod
607 1362 652 1389 ille
667 1367 804 1396 quatenus
820 1362 892 1389 Deus
917 1361 1046 1395 intelligi-

263 1412 309 1435 tur
324 1415 356 1435 eo
372 1407 508 1442 indigeat:
530 1408 577 1435 sed
593 1408 675 1435 homo
690 1408 778 1435 factus
793 1415 855 1434 cum
870 1407 917 1440 sit,
933 1414 983 1442 pro
997 1407 1047 1434 ho-

263 1453 383 1480 minibus
399 1454 480 1480 verba
492 1453 566 1480 facit.

1100 223 1180 256 μήσει
1193 222 1240 257 τὴν
1255 222 1400 249 ἀνάστασιν
1414 222 1538 248 ἕπεσθαι.
1562 222 1592 247 Ἡ
1615 221 1643 247 δὲ
1660 221 1788 255 κοίμησῑς
1810 222 1882 247 ἐστιν

1097 269 1111 294 ὁ
1129 268 1240 299 θάνατος
1252 276 1258 282 ·

1098 315 1114 349 ἡ
1130 314 1285 345 ἀνάστασις.

1132 361 1186 387 Καὶ
1202 361 1255 394 γὰρ
1270 362 1286 386 ὀ
1306 359 1459 393 ἄνθρωπος
1481 360 1535 393 τῆς
1559 359 1680 393 cipit-nc
1697 368 1756 394 μου
1776 359 1824 393 ἐφ’
1847 359 1881 385 ὃν

1097 405 1223 439 ἤλπισα,
1246 408 1262 432 ό
1280 406 1390 433 ἐσθίων
1416 405 1524 440 ἄρτους
1547 415 1618 439 μου,
1632 405 1818 440 ἐμεγάλυνεν
1837 405 1880 432 ἐπ’

1096 451 1149 485 ἐμὲ
1169 452 1360 485 πτερνισμόν.
1393 451 1582 486 Ἑμπαιγμὺν,
1604 451 1749 486 ἐπιϐουλὴν
1767 472 1774 483 ,
1798 450 1879 477 δόλον.

1098 497 1214 532 Εἰρήνης
1236 496 1375 531 ἄνθρωπον
1390 497 1436 522 τὸν
1455 496 1554 523 Ἰούδαν
1571 497 1652 530 φησὶ,
1682 496 1726 522 διὰ
1750 496 1781 522 τὸ
1796 496 1881 522 δοκεῖν

1097 544 1125 569 ἐν
1135 545 1189 574 τοῖς
1200 542 1335 569 εὐνοοῦσιν
1344 542 1416 577 αὐτῷ
1426 542 1553 578 τετάχθαι
1564 544 1609 569 καὶ
1624 543 1719 577 φίλοις
1734 543 1797 577 τόγε
1810 543 1882 578 ἥκων

1096 589 1135 619 εἰς
1147 588 1177 614 τὸ
1191 586 1261 614 εἶναι
1276 588 1410 623 μαθητήν.

1131 634 1172 660 Σὺ
1187 633 1231 665 δὲ,
1247 634 1346 667 Κύριε,
1362 633 1493 666 ἐλέησόν
1509 642 1558 667 με,
1577 633 1625 659 καὶ
1643 633 1824 666 ἀνάσωσόν
1831 642 1879 668 με,

1096 680 1145 706 καὶ
1159 679 1360 706 ἀνταποδώσω
1385 679 1498 712 αὐτοῖς.
1517 679 1705 715 Ἀνθρωπίνως
1722 679 1824 714 μᾶλλον
1838 680 1880 706 διὰ

1095 726 1144 760 τὴν
1167 725 1282 752 κένωσιν
1297 726 1365 761 πρὸς
1380 726 1424 751 τὸν
1448 725 1544 752 ἑαυτοῦ
1570 725 1679 761 Πατέρα
1703 727 1820 752 ποιεῖται
1837 726 1880 752 τὸν

1096 771 1184 805 λογον,
1199 771 1299 798 ’καίτοι
1314 771 1395 802 αὐτὸς
1411 771 1447 798 ὢν
1467 772 1498 798 τὸ
1511 771 1585 802 ἕλεος
1605 771 1652 798 τοῦ
1668 771 1735 798 Θεοῦ
1762 773 1809 798 καὶ
1825 772 1876 799 Πα-

1096 818 1168 853 τρὸς,
1184 818 1231 844 καὶ
1247 818 1263 852 ὴ
1279 818 1424 848 ἀνάστασις
1439 818 1485 844 καὶ
1495 819 1511 852 ἡ
1526 817 1593 852 ζωή.

1140 865 1187 891 Ἐν
1202 865 1295 895 τούτῳ
1311 864 1416 898 ἔγνων,
1430 864 1473 890 ὅτι
1488 862 1652 896 τεθέληκάς
1665 871 1712 898 με.
1733 863 1817 890 Λαλεί
1829 864 1880 890 πά-

1097 910 1137 936 λιν
1153 910 1191 940 ὡς
1205 910 1345 944 ἄνθρωπος
1361 929 1368 939 ,
1393 909 1436 934 ἵνα
1455 908 1549 934 ἑαυτὸν
1564 908 1672 943 παραϐῇ
1695 907 1733 942 τῷ
1751 908 1813 943 Θεῷ
1834 909 1880 934 καὶ

1098 956 1194 992 Πατρί.
1213 957 1272 982 ’Ότι
1285 957 1321 982 οὐ
1333 955 1376 990 μὴ
1391 954 1518 989 ἐπιχαρῇ
1531 955 1547 980 ὀ
1561 954 1667 988 ἐχθρός
1677 963 1738 988 μου
1757 955 1803 980 ἐπ’
1817 955 1879 989 ἐμέ.

1097 1003 1128 1029 Et
1147 1003 1196 1037 μὲν
1211 1002 1244 1029 ἐκ
1256 1001 1400 1037 προσώπου
1416 1001 1463 1035 τῆς
1477 1001 1682 1036 ἀνθρωπὸτητος
1697 1001 1784 1028 ταῦτα
1808 1001 1881 1035 λέγει

1097 1047 1110 1072 ὁ
1122 1045 1247 1080 Χριστὸς,
1261 1045 1357 1080 ἐχθρὸς
1369 1045 1402 1071 ἂν
1410 1045 1519 1080 νοηθείη
1531 1046 1546 1071 ὁ
1558 1044 1602 1072 τὸν
1620 1045 1733 1072 Θάνατον
1750 1047 1817 1080 ἡμῖν
1833 1055 1883 1072 χα-

1096 1091 1285 1122 τασκευάσας·
1306 1091 1331 1117 εί
1347 1091 1375 1117 δὲ
1398 1090 1435 1122 ὡς
1460 1090 1489 1123 ἐξ
1514 1090 1596 1117 αὑτοῦ
1621 1091 1668 1117 τοῦ
1682 1092 1813 1126 Χριστοῦ,
1827 1092 1881 1119 τῶν

1103 1137 1236 1164 Ἰουδαίων
1247 1137 1309 1169 τοὺς
1324 1137 1458 1173 ἄρχοντάς
1481 1145 1573 1172 φησιν.
1591 1137 1651 1163 Ὅτι
1670 1137 1724 1173 γὰρ
1748 1138 1883 1173 λελύπην-

1096 1191 1152 1215 ται,
1165 1183 1244 1218 δῆλον
1264 1183 1298 1210 ἐκ
1315 1183 1361 1209 τοῦ
1380 1183 1581 1218 συκοφαντῆσαι
1595 1183 1677 1210 αὑτοῦ
1696 1185 1747 1220 τὴν
1765 1185 1882 1212 ἀνάστα-

1098 1238 1149 1256 σιν.

1137 1274 1223 1308 Ἐμοῦ
1235 1274 1268 1300 δὲ
1287 1273 1336 1300 διὰ
1355 1273 1412 1307 τὴν
1424 1275 1554 1302 ἀκακίαν
1570 1274 1747 1302 ἀντελάϐου.
1769 1277 1801 1302 Ἡ
1815 1277 1882 1304 πᾶν·

1095 1329 1149 1346 των
1164 1320 1304 1355 ἀντίληψις
1325 1320 1492 1357 ἀντιλήψεως
1512 1322 1689 1357 τετυχηκέναι
1712 1322 1812 1357 φησίν·
1832 1323 1882 1349 οὐκ

1096 1365 1178 1396 αὐτὸς
1193 1365 1294 1400 ταύτης
1318 1366 1454 1400 δεόμενος,
1477 1366 1537 1393 καθ’
1561 1367 1575 1392 ὂ
1602 1369 1702 1394 νοεῖται
1717 1367 1795 1400 Θεὸς,
1814 1368 1883 1394 ἀλλὰ

1096 1409 1240 1444 γενόμενος
1262 1410 1413 1445 ἄνθρωπος,
1438 1410 1508 1445 ὑπὲρ
1528 1410 1678 1446 ἀνθρώπων
1695 1413 1812 1438 ποιεῖται
1839 1411 1882 1439 λό-

1096 1462 1170 1488 γους.

1277 269 1433 302 ἀναγκαίως
1446 267 1485 303 τῷ
1508 267 1615 302 θανάτῳ
1636 267 1814 302 ἀκολουθήσει
1836 267 1881 294 καὶ

302 1497 520 1525 14.Βεηεάίοιιιε
535 1498 663 1524 Dominus
688 1497 758 1524 Deus
783 1497 869 1524 Israel
897 1506 913 1524 a
935 1497 1042 1524 amulo.

1131 1500 1301 1535 Εὐλογητὸς
1310 1501 1416 1535 Κύριος
1425 1502 1441 1528 ὁ
1451 1501 1523 1534 Θεὸς
1540 1501 1661 1535 Ἰσραὴλ
1671 1502 1730 1529 ἀπὸ
1742 1502 1795 1529 τοῦ
1814 1502 1881 1529 αὶὼ-

262 1543 323 1570 Jam
338 1544 464 1579 obsignat
480 1544 615 1571 canticum
634 1543 659 1570 in
673 1544 823 1578 gratiarum
845 1544 981 1571 actionem
998 1544 1046 1571 de-

263 1589 368 1616 sinens.
384 1589 405 1614 A
423 1589 670 1624 praesenti,inquit,
691 1598 778 1624 usque
802 1589 835 1616 ad
860 1589 994 1617 futurum.
1023 1589 1046 1615 Α

262 1635 389 1670 ρτωδεηιὶ
407 1635 488 1670 igitur
498 1636 675 1663 hencdictioa
700 1636 779 1663 nobis
795 1635 851 1663 Deo
876 1636 966 1663 ohlata
991 1636 1046 1663 ini-

263 1682 330 1708 tium
349 1681 434 1713 ducit,
445 1682 649 1716 completurque
665 1682 692 1709 in
714 1682 823 1709 futuro:
846 1690 908 1709 nam
928 1687 1046 1717 exparte

261 1729 444 1762 cognoscimus
460 1733 486 1754 et
510 1735 543 1754 ea:
562 1733 635 1762 parte
659 1728 844 1763 prophetamus
859 1728 891 1760 ‘°,
909 1736 994 1763 quare
1011 1735 1045 1755 ex

261 1777 340 1806 parte
355 1773 560 1800 benedicimus:
577 1772 644 1800 Cum
661 1779 749 1800 autem
771 1774 869 1800 venerit
891 1773 960 1808 quod
986 1782 1045 1808 per-

263 1818 359 1852 fectum
372 1824 430 1850 est,
447 1818 537 1852 inquit
563 1819 705 1851 Paulus”,
724 1819 897 1846 euucunbitur
921 1820 991 1854 quod
1012 1827 1045 1847 ea:

260 1869 335 1900 parte
344 1872 394 1892 est.
412 1863 479 1892 Nam
489 1865 609 1900 profectu
621 1865 654 1892 ad
678 1866 788 1893 meliora
802 1866 958 1898 accedente,
986 1874 1045 1894 ces-

263 1915 306 1938 sat
318 1911 389 1945 quod
405 1919 437 1938 ex
449 1916 525 1945 parte
539 1915 591 1939 est.
606 1911 721 1946 Ideoque
746 1911 890 1939 Psalmista
904 1912 1041 1946 adiunxit,

261 1955 335 1988 Fiat,
350 1957 409 1990 ﬁat,
425 1961 452 1984 et
465 1957 584 1992 duplicat
600 1958 761 1986 orationem.
780 1958 919 1993 Siquidem
934 1959 1042 1985 beatum

261 2009 314 2035 est,
326 2011 374 2037 per
387 2003 466 2029 fidem
479 2009 505 2030 et
519 2003 571 2030 alia
597 2003 667 2030 bona
684 2011 766 2038 opera
780 2003 997 2031 benedictionem
1016 2004 1043 2030 in

261 2047 346 2074 Deum
359 2048 488 2078 exordiri.
503 2052 584 2082 atque
612 2050 649 2076 ita
663 2049 737 2075 illam
757 2057 890 2076 coronare
912 2049 939 2075 in
952 2049 1044 2076 futuro

262 2093 372 2123 saeculo.
391 2096 419 2118 ut
435 2092 527 2126 impiis
540 2096 567 2118 et
581 2092 736 2120 inﬁdelibus
751 2092 836 2119 Deum
856 2093 911 2120 illic
933 2093 1044 2121 laudare

261 2138 415 2164 nullatenus
429 2138 605 2164 concedatur.
621 2138 766 2165 Sciendum
782 2143 883 2171 autem,
897 2140 1043 2168 nonnullos

1097 1547 1425 1582 νος.Σφραγίζεικαὶνῦν
1436 1548 1655 1583 είςεύχαριστίαν
1671 1547 1719 1583 τὴν
1738 1549 1882 1584 προκειμέ-

1096 1600 1145 1629 νην
1158 1593 1239 1628 ᾠδήν,
1264 1594 1329 1620 Ἀπὸ
1351 1593 1397 1620 τοῦ
1419 1594 1562 1629 παρόντος,
1586 1594 1677 1629 φησὶν,
1693 1595 1734 1626 εἰς
1756 1595 1801 1620 τὸν
1818 1595 1882 1630 μὲλ-

1095 1637 1178 1673 λςντα,
1187 1646 1193 1653 ·
1208 1638 1303 1664 οὐκοῦν
1316 1638 1370 1664 ἀπὸ
1383 1638 1432 1672 μὲν
1447 1637 1493 1664 τοῦ
1506 1638 1640 1672 παρόντος
1655 1640 1671 1673 ὴ
1693 1639 1803 1673 εὐλογία
1816 1641 1881 1675 παρ’

1095 1682 1173 1718 ἡμῶν
1183 1683 1222 1714 είς
1235 1683 1279 1709 τὸν
1293 1683 1358 1709 Θεὸν
1373 1683 1496 1718 ἄρχεται,
1508 1683 1657 1709 τελειοῦται
1670 1683 1699 1710 δὲ
1719 1684 1748 1710 ὲν
1762 1684 1801 1719 τῷ
1818 1684 1882 1719 μέλ-

1095 1729 1167 1755 λοντι
1177 1729 1226 1755 ·ἐκ
1246 1728 1356 1763 μέρους
1369 1729 1423 1763 γὰρ
1438 1728 1634 1763 γινώσκομεν,
1661 1729 1711 1755 καὶ
1726 1730 1760 1756 ἐκ
1771 1730 1882 1765 μέρους

1095 1775 1328 1809 προφητεύομεν,
1335 1774 1394 1800 ὅθεν
1406 1774 1452 1801 καὶ
1458 1775 1490 1800 ὲκ
1501 1774 1600 1810 μέρους
1610 1775 1720 1809 εὺλογοῦ
1725 1784 1786 1810 μεν·
1794 1777 1882 1802 "Uan-

1095 1819 1128 1845 δὲ
1135 1820 1208 1854 ἔλθῃ
1217 1820 1250 1846 τὸ
1257 1819 1465 1855 τέλειον.φησὶν
1472 1821 1485 1846 ὁ
1494 1820 1608 1852 Παῦλος,
1618 1820 1689 1847 τὸέκ
1699 1820 1813 1855 μέρους
1819 1830 1883 1848 κατ-

1095 1865 1302 1900 αργηθήσεται.
1315 1866 1353 1901 Τῇ
1363 1866 1417 1901 γὰρ
1437 1867 1482 1892 ἐπὶ
1494 1866 1524 1893 τὸ
1541 1867 1632 1902 μεῖζον
1644 1869 1769 1903 προκοπῇ
1784 1867 1816 1894 τὸ
1829 1869 1882 1894 ἀπὸ

1097 1911 1196 1946 μέρους
1207 1911 1332 1938 παύεται.
1342 1911 1391 1938 Διά
1402 1912 1501 1939 τοῦτοὸ
1512 1913 1660 1949 Ψαλμῳδὸς
1673 1914 1810 1948 ἐπήγαγε,
1833 1914 1884 1940 Γέ-

1095 1964 1185 1986 νοιτο,
1198 1955 1320 1990 γένοιτο,
1337 1958 1384 1983 καὶ
1395 1956 1564 1990 διπλασιάζει
1575 1958 1624 1993 τὴν
1636 1958 1728 1993 εὐχήν.
1738 1958 1882 1994 Μακάριοι]

1095 2002 1149 2036 γὰρ
1156 2000 1280 2028 ἐντεῦθεν
1286 2003 1335 2037 τῆς
1343 2003 1467 2037 εὐλογίας
1477 2004 1526 2039 τῆς
1537 2005 1576 2036 εἰς
1583 2004 1628 2030 τὸν
1635 2004 1701 2030 Θεὸν
1711 2004 1755 2030 διὰ
1765 2005 1883 2035 πίστεως

1095 2048 1202 2082 καὶτῆς
1214 2048 1268 2074 τῶν
1283 2048 1370 2077 ἄλλων
1386 2049 1497 2083 ἀγαθῶν
1515 2050 1709 2086 κατορθώσεως
1729 2050 1880 2085 ἄρξασθαι,

1094 2093 1166 2120 οὕτω
1180 2102 1209 2120 τε
1225 2094 1309 2130 αὐτὴν
1325 2096 1495 2129 στεφανῶσαι
1520 2097 1561 2128 εὶς
1575 2095 1619 2122 τὸν
1642 2095 1729 2122 αίῶνα
1754 2096 1800 2122 τὸν
1819 2096 1883 2131 μὲλ-

1095 2141 1184 2172 λοντα,
1199 2142 1237 2174 ὡς
1256 2143 1283 2169 οἵ
1299 2151 1330 2177 γε
1348 2143 1456 2174 ᾱσεεεῖς
1474 2144 1521 2170 καὶ
1541 2144 1648 2170 ἄπιστοι
1677 2143 1799 2176 εὐλογεῖν
1825 2144 1882 2169 ἐκεῖ

262 2183 333 2210 hanc
350 2183 517 2218 psalmorum
531 2184 699 2218 prophetiam
714 2184 740 2211 in
765 2184 849 2212 libros
865 2186 986 2220 quinque
1000 2186 1042 2213 di-

1101 2185 1140 2212 τὸν
1159 2186 1224 2212 Θεὸν
1241 2187 1290 2213 οὐκ
1312 2187 1513 2223 ἐπιτρέπονται.
1534 2188 1638 2215 Είδέναι
1659 2188 1687 2214 δὲ
1704 2187 1755 2220 δεῖ,
1774 2189 1815 2214 ὅτι
1831 2188 1881 2223 τὴν

260 2229 368 2256 videre:
384 2234 467 2263 atque
494 2230 526 2256 ad
551 2229 623 2256 hunc
649 2237 736 2262 usque
764 2231 898 2264 psalmum
924 2233 1042 2266 priorem

260 2275 444 2306 constituere;
473 2275 536 2309 quia
551 2275 578 2301 in
598 2274 652 2302 line
671 2275 886 2303 benedictionem
911 2277 939 2304 in
957 2277 1042 2304 Deum

261 2327 308 2346 seu
320 2327 448 2347 coronam
468 2320 557 2347 habet.
570 2319 648 2348 Unde
664 2322 746 2348 etiam
760 2322 799 2349 sic
813 2328 959 2357 sequentes
975 2331 1042 2358 qua-

261 2369 324 2392 tuor
337 2365 503 2400 partiuntur.

331 2453 357 2480 l.
377 2453 407 2480 1η
430 2454 507 2488 ﬁnem
522 2455 557 2481 ad
581 2455 782 2490 intelligentiam
806 2457 870 2492 ﬁliis
889 2456 966 2484 Care.

522 2500 690 2529 PSALMUS
704 2502 781 2529 XLI.

546 2547 734 2581 Argumentum
739 2569 745 2575 .

260 2590 336 2618 Sami
348 2590 424 2618 fuere
440 2596 566 2619 cantores
584 2593 633 2620 ﬁlii
643 2593 724 2625 Core,
740 2597 842 2621 canunt
859 2598 950 2622 autem
967 2602 1033 2622 can-

299 2637 381 2663 ticum
394 2637 428 2664 ab
441 2638 756 2673 auctoribusacceptum,
767 2639 913 2668 videliceta
926 2639 1038 2673 Davide,

295 2687 355 2715 qua:
369 2681 394 2707 in
414 2682 559 2716 postremis
581 2683 748 2717 temporibus
767 2684 918 2712 obventura
948 2690 1040 2713 essent

297 2725 491 2760 signiﬁcantes.
508 2725 641 2755 lnducunt
653 2729 735 2756 etiam
749 2729 836 2765 ipsius
850 2729 957 2759 lsraelis
975 2739 1037 2766 per-

297 2816 319 2832 "
332 2816 341 2844 l
354 2817 416 2845 Cor.
431 2818 525 2849 xm,9.
567 2819 587 2834 “
600 2818 664 2846 ildd.
681 2819 724 2847 l0.

1095 2230 1236 2266 ψαλμικὴν
1262 2232 1364 2268 ταύτην
1387 2234 1555 2268 προφητείαν
1581 2234 1622 2264 εἰς
1646 2234 1727 2259 πέντε
1747 2234 1821 2265 τινὲς
1843 2235 1881 2260 ει-

1095 2275 1199 2308 ελόντες
1214 2277 1328 2311 βίϐλους,
1351 2279 1431 2314 μέχρι
1446 2280 1538 2306 τούτου
1554 2279 1601 2306 τοῦ
1619 2279 1726 2314 ψει).μοῦ
1743 2280 1882 2315 τὴνπρώ-

1095 2330 1143 2355 την
1160 2322 1314 2356 νομίζουσιν
1335 2331 1342 2338 ·
1368 2323 1461 2359 ἐπειδὴ
1487 2324 1555 2358 πρὸς
1581 2325 1618 2360 τῷ
1646 2322 1718 2352 τέλει
1748 2325 1881 2358 στέφανον

1096 2365 1191 2402 ὥσπερ
1214 2368 1263 2402 τὴν
1278 2368 1402 2403 εὐλογίαν
1422 2370 1472 2405 τὴν
1494 2371 1534 2402 εὶς
1558 2370 1624 2397 Θεὸν
1639 2371 1782 2406 κέκτηται.
1798 2371 1881 2398 Ὅθεν

1095 2411 1166 2439 οὕτω
1179 2413 1311 2448 διαιροῦσι
1324 2416 1370 2441 καὶ
1385 2415 1434 2447 τὰς
1450 2416 1580 2453 ὑπάρξεις
1597 2417 1646 2448 τὰς
1661 2417 1808 2452 τέσσαρας.

1126 2459 1177 2491 Εἰς
1192 2459 1225 2485 τὸ
1238 2459 1325 2492 τέλος
1336 2462 1379 2494 εἰς
1392 2462 1520 2489 σύνεσιν
1532 2462 1594 2496 τοῖς
1600 2462 1675 2496 υἱοῖς
1688 2463 1742 2490 τοῦ
1757 2463 1845 2497 Κορὲ.

1368 2509 1520 2536 ΨΑΛΜΟΣ
1537 2511 1605 2536 MA’.

1404 2555 1411 2563 '
1418 2555 1571 2588 Υπόθεσις.

1099 2597 1262 2634 Ἰεροψάλται
1279 2599 1329 2634 μὲν
1350 2600 1492 2634 γεγόνασιν
1508 2603 1532 2628 οὶ
1551 2601 1598 2628 τοῦ
1620 2601 1692 2637 Κορὲ
1707 2602 1771 2633 υἱοὶ.
1786 2601 1879 2638 ᾁδουο.

1130 2643 1159 2669 δὲ
1173 2643 1222 2679 τὴν
1235 2644 1306 2680 ᾠδὴν
1329 2644 1455 2678 λαὸόντες
1485 2647 1561 2683 παρὰ
1587 2647 1641 2674 τῶν
1661 2647 1814 2675 συνθέντων
1831 2647 1880 2674 αὐ-

1129 2688 1189 2724 τὴν,
1206 2690 1327 2717 τουτέστι
1342 2690 1390 2717 τοῦ
1413 2692 1503 2724 Δαυῒδ,
1518 2692 1552 2719 τὰ
1577 2694 1620 2720 ἐπ’
1634 2693 1757 2729 ἐσχάτων
1775 2693 1878 2729 σημαί-

1127 2742 1218 2766 νοντες
1235 2735 1288 2763 τῶν
1309 2737 1422 2773 καιρῶν.
1440 2739 1603 2775 Εισφέρουσι
1623 2740 1652 2766 δὲ
1677 2740 1707 2766 τὸ
1727 2739 1812 2767 αὐτοῦ
1832 2739 1877 2766 τοῦ
