1928 3053
76 125 125 153 201

112 232 162 267 τῆς
187 232 394 267 μεταγνώσεως,
410 229 446 267 ἦς
468 232 624 266 ποιήσονται
651 231 696 257 ἐπὶ
721 230 861 266 συντελείᾳ

108 277 165 304 ’τῶν
177 277 294 306 αἰώνων.

115 323 170 348 Ὃν
191 323 302 356 τρόπον
321 322 376 357 (14)
399 321 534 348 ἐπιποθεῖ
553 321 572 354 7'1
597 321 710 355 ἔλαφος
734 320 783 347 ἐπὶ
806 321 861 353 τὰς

77 369 177 402 πηγὰς
193 368 252 394 τῶν
266 367 391 401 ὑδάτων,
406 368 499 400 οὕτως
520 368 655 394 ἐπιποθεῖ
668 367 686 400 ἠ
704 367 788 400 ψυχή
803 375 862 400 μου

76 413 153 447 πρὸς
179 415 225 445 σὲ,
245 415 262 440 ὀ
279 414 359 446 Θεός.
381 414 414 439 Αἱ
437 414 544 447 λογικαὶ
556 413 659 447 ἔλαφοι,
675 412 862 446 διαλειποὺσης

78 459 164 490 αὑτὰς
179 459 222 485 διὰ
243 459 291 490 τὰς
308 459 422 494 ἀνομίας
439 459 488 494 τῆς
503 459 599 494 νοητῆς
614 459 713 494 πηγῆς,
732 457 863 484 ἀπεκλαί-

76 513 139 530 οντο
155 504 250 535 νυκτὸς
263 504 308 531 καὶ
326 503 384 539 μεθ’
402 504 507 540 ἡμέραν
520 504 568 539 τὴν
579 504 716 530 ἀπώλειαν
733 503 846 529 ἑαυτῶν.

111 560 188 586 Πότε
203 560 281 593 ἥξω,
306 559 355 586 καὶ
382 559 550 594 ὀφθήσομαι
574 559 614 592 τῷ
641 561 788 594 προσώπῳ
808 559 861 586 τοῦ

74 603 174 635 Θεοῦ;
198 604 344 638 Πρόσωπον
360 604 407 630 τοῦ
423 604 490 630 Θεοῦ
515 604 529 629 ὁ
555 604 648 638 Λόγος.
673 604 803 639 Σημαίνει
831 603 861 630 τὸ

75 649 137 676 λίαν
161 650 303 684 ἐπιθυμεῖν
321 649 418 681 αὐτοὺς
433 650 472 679 είς
490 649 584 684 καιρὸν
597 649 741 684 ἀφικέσθαι
764 649 861 680 αὐτοὺς

74 695 138 722 καθ’
154 695 184 721 ὃν
196 695 270 730 καὶὴ
287 695 375 721 αὐτῶν
391 694 466 721 ἔσται
483 695 579 730 κλῆσις
591 704 597 710 ·
610 695 679 722 ὥστε
697 696 742 721 καὶ
763 695 861 726 αὐτοὺς

75 741 208 775 ἐμφανεῖς
220 740 344 773 γενέσθαι
368 740 406 775 τῷ
432 740 568 776 προσώπῳ
591 740 636 766 τοῦ
663 740 729 767 Θεοῦ
747 741 793 766 καὶ
806 741 861 766 Πα-

74 785 149 820 τρός.
168 785 256 811 Ταυτὸ
266 785 293 811 δέ
312 787 367 811 ἐστι
380 786 426 811 καὶ
441 785 471 811 τὸ
485 785 530 811 τοῦ
548 785 623 812 Υἱοῦ.

629 123 809 152 EXPOSITIO
828 122 862 150 IN
881 117 1046 152 PSALMUM
1066 119 1134 151 th.

116 186 226 222 Ἰσραὴλ
248 186 393 221 πρόσωπον
414 184 657 220 ὲςομολογοὺμενον
684 185 793 220 Χριστῷ
815 184 859 211 διὰ
873 185 898 213 Α

1634 123 1687 153 20!

949 192 1043 211 sonam
1069 184 1178 211 Christo
1198 189 1245 218 per
1273 185 1455 219 penitentiam
1489 184 1662 212 conﬁtentem
1678 205 1688 218 ,

946 237 1028 264 quam
1067 230 1094 256 in
1137 230 1372 258 consummatione
1403 231 1564 258 saeculorum
1600 232 1688 258 acturi

946 282 1018 308 lunL

945 320 973 347 2.
990 321 1214 353 Quemadmodum
1224 321 1353 348 desiderat
1364 330 1452 348 cervus
1465 322 1498 348 ad
1510 322 1594 356 fontes
1602 329 1688 356 aqua-

911 372 981 398 rum,
993 366 1032 392 ita
1045 366 1176 392 desiderat
1188 367 1277 392 anima
1288 375 1345 393 mea
1363 367 1397 393 ad
1413 371 1446 398 te,
1464 366 1544 394 Deus.
1558 366 1688 394 Rationa-

911 410 979 438 biles
994 412 1077 443 cervi,
1110 412 1250 440 deﬁciente
1275 413 1356 447 ipsis},
1387 418 1559 448 peccatorum
1590 421 1686 447 causa,

911 457 1044 491 spirituali
1060 457 1142 492 fonte,
1161 463 1240 486 noctu
1254 459 1350 494 dieque
1373 467 1449 487 suam
1467 460 1614 495 perniciem
1641 461 1687 487 de-

910 502 1062 536 plorabant.

946 558 973 585 5.
993 558 1104 591 Quando
1120 561 1220 586 veniam
1237 565 1261 587 et
1275 561 1403 596 apparebo
1433 567 1492 588 ante
1509 563 1603 596 (aciem
1617 562 1688 589 Dei.’

910 603 1004 631 Facies
1024 604 1112 632 Patris
1132 605 1261 634 Verbum.
1277 606 1324 634 llis
1337 607 1503 641 signiﬁcatur
1520 616 1624 636 summe
1638 617 1686 636 ex—

910 654 1001 683 petere
1012 649 1072 677 illos
1087 657 1119 676 eo
1137 655 1258 685 tempore
1270 655 1331 678 ante
1344 657 1520 686 conspectum
1533 652 1578 680 Dei
1591 661 1688 681 occur-

911 700 970 721 rere
986 702 1040 729 quo
1054 695 1140 722 vocati
1155 695 1264 729 fuerint,
1283 700 1312 723 ut
1326 703 1501 731 compareant
1514 703 1578 725 ante
1590 698 1685 727 faciem

910 738 1012 766 Patris:
1028 746 1089 775 qua:
1103 741 1196 768 eadem
1208 741 1266 777 ipsa
1282 744 1413 776 estatque
1425 739 1496 769 Filii.

118 842 167 867 Ἐν
188 841 273 875 φωνῇ
307 841 512 876 ἀγαλλιάσεως
536 841 584 867 καί
613 839 857 876 ἑξομολοτήσεως

946 838 972 865 5.
989 838 1023 865 1η
1038 847 1097 866 voce
1108 841 1292 869 exsultationis
1304 848 1327 869 et
1344 843 1516 877 confessionis
1531 851 1610 870 sonus
1625 851 1688 879 epu-

76 886 173 920 ἤχους
195 885 391 921 ἑορτάζονῒος.
417 887 681 922 Προευαγγελίζεται
705 887 799 913 ἑαυτὸν
823 887 861 918 ὡς

76 933 105 958 ὲν
119 931 208 966 καιρῷ
220 932 378 966 τευξόμενος
392 932 440 967 τῆς
458 931 502 958 διὰ
518 931 634 968 Χριστοῦ
663 931 799 967 σωτηρίας
813 931 860 958 καὶ

77 977 161 1012 ζωῆς,
177 977 225 1004 καὶ
237 979 296 1009 ταῖς
309 977 394 1009 θείαις
410 978 506 1010 αὐλαῖς
521 977 588 1013 ὁμοῦ
603 979 659 1009 τοῖς
673 977 761 1009 ἄλλοις
773 978 860 1011 ἁγίοις

76 1023 322 1058 ἔνδιαιτησόμενος.

114 1079 176 1105 Ἵνα
193 1079 220 1105 τι
237 1079 401 1113 περίλυπος
417 1078 453 1110 εἶ,
471 1079 489 1112 ἡ
507 1080 590 1114 ψυχή
609 1089 678 1114 μου,
700 1081 749 1107 καὶ
766 1081 815 1107 ἵνα
832 1081 860 1107 τί

76 1123 300 1158 συνταράσσεις
322 1133 376 1159 ys;
399 1126 527 1160 Ἐπιτιμᾷ
551 1127 610 1156 ταῖς
635 1125 732 1157 λύπαις
758 1128 790 1161 τῇ
820 1127 860 1157 εἰς

75 1170 194 1205 Χριπδν
205 1170 291 1197 ἐλπίδι
305 1171 466 1206 ὁχυρόμενος
475 1171 552 1207 (14⁸).
561 1172 592 1198 Et
602 1172 758 1207 τετήρηται,
768 1172 859 1207 φησὶν,

75 1212 100 1243 ὧ
116 1215 200 1251 ψυχὴ,
219 1217 313 1251 καιρὸς
329 1216 389 1243 καθ’
402 1217 431 1243 ὃν
447 1219 463 1252 ἠ
487 1217 531 1243 διὰ
543 1217 659 1248 πίστεως
675 1217 752 1252 ἡμῶν
766 1217 860 1252 κλῆσις

75 1262 181 1296 εῐσάγοι
205 1263 278 1298 ἡμᾶς
296 1263 364 1297 μετὰ
384 1262 437 1289 τῶν
454 1261 635 1298 ἑορταζόντων
657 1263 696 1294 εἰς
720 1264 769 1298 τὴν
794 1259 881 1297 σκη-’

76 1309 136 1343 νὴν,
157 1308 203 1334 διὰ
223 1308 250 1334 τί
272 1308 417 1343 περίλυπος
437 1307 471 1342 εἴ,
494 1309 539 1335 καὶ
560 1309 718 1345 κατατρύχῃ
732 1310 792 1341 ταῖς
812 1308 859 1335 λύδ

77 1361 161 1384 παιςς

113 1399 165 1425 Διὰ
177 1399 265 1425 τοῦτο
277 1398 490 1434 μνησθήσομαι
506 1408 563 1426 σου
581 1400 615 1426 ἐκ
636 1399 691 1434 γῆς
715 1400 860 1434 Ἰορδάνου

76 1445 126 1472 καὶ
147 1445 315 1479 Ἐρμωνιεὶμ
327 1445 385 1472 ἀπὸ
400 1446 488 1480 ὄρους
497 1446 616 1480 μικροῦ.
641 1447 748 1481 Ἐπειδὴ
766 1447 861 1482 ἐταρά-

81 1491 146 1526 χθη,
159 1491 253 1524 φησιν,
264 1491 280 1526 ἠ
290 1491 360 1526 ψυχή
383 1500 443 1526 μου,
455 1492 504 1518 ἀνα
509 1492 660 1527 μνήσαντός
679 1501 729 1527 μου
745 1493 860 1527 ἐμαυτὸν

77 1533 132 1559 τῶν
148 1533 202 1559 σῶν
217 1533 384 1568 θαυμασίων,
395 1533 431 1561 ὧν
445 1544 474 1561 τε
496 1536 565 1562 κατὰ
580 1536 624 1563 τὸν
643 1537 776 1572 Ἰορδάνην
795 1538 860 1572 ἡμῖν

78 1576 236 1612 ἕδειξας,ὧν
249 1588 278 1606 τε
291 1579 361 1606 κατὰ
371 1580 400 1606 τὸ
411 1580 472 1615 ὅρος
480 1581 509 1606 τὸ
525 1581 861 1617 Ἀερμὼν,παραμυοήσο-

80 1634 130 1659 μαι
147 1625 274 1660 ἐμαυτόν.
293 1625 327 1651 Ἦ
349 1625 434 1657 οὕτως
445 1635 451 1641 ·
476 1627 636 1661 Γενόμενος,
661 1629 741 1663 φησιν
753 1649 760 1660 ,
779 1629 807 1654 ἐν
824 1628 862 1663 τῷ

85 1671 214 1707 Ἰορδάνῃ,
229 1671 365 1697 τουτέστιν
381 1671 505 1704 ἀξιωθεὶς
515 1672 559 1698 τοῦ
571 1673 647 1707 ἁγίου
664 1674 860 1708 βαπτίσματος⁷

77 1716 110 1742 τὸ
121 1716 270 1751 τηνικαῦτά
288 1725 332 1743 σου
352 1717 539 1752 μνησῡήσομαι
555 1718 598 1744 διὰ
614 1719 660 1745 τοῦ
679 1710 798 1754 ῥήματος
811 1719 859 1754 τῆς

78 1761 232 1797 ὁμολογίας.
263 1763 461 1798 Μνησθήσομαι
483 1763 511 1790 δὲ
537 1764 585 1790 καὶ
608 1764 654 1790 τοῦ
685 1765 861 1800 Ἐρμωνιείμ.

85 1807 252 1842 Ἑρμωνιεὶμ
261 1807 288 1833 δὲ
300 1808 478 1843 ἑρμηνεύεται
494 1807 562 1841 ὁδὸς
570 1810 696 1843 λύχνου,
719 1810 755 1841 ὡς
770 1810 816 1836 τοῦ
833 1811 862 1836 ἁ-

79 1853 140 1886 γίου
154 1853 339 1888 βαπτίσματος
353 1853 409 1880 ὀῖιὸν
422 1854 511 1884 αὐτοῖς
524 1854 676 1888 ἀνοίγοντος
691 1846 843 1889 φωτίσμοῦ.

129 1899 266 1932 Αδυσσος
277 1899 415 1926 ἄϐυσσον
427 1900 608 1926 ἐπικαλεῖται
627 1902 669 1932 εις
688 1900 791 1934 φωνὴν
805 1900 863 1926 τῶν

76 1945 270 1979 καταρακτῶν
289 1945 485 1981 σου.;Ἐ¹ι-έρων
500 1945 577 1972 πάλιν
599 1946 754 1981 θαυμασίων
767 1947 863 1981 ἀναμι-

81 1991 248 2025 μνήσκουσιν
266 1991 388 2022 ἑαυτούς.
407 1991 471 2017 Ὅτε
486 1991 539 2026 γὰρ
553 1991 693 2026 ἀλλόφυλοι
710 1993 862 2028 κατεστρά-

79 2045 181 2063 τευσαν
195 2036 293 2069 αὐτῶν,
309 2036 456 2071 γενομένης
471 2037 541 2071 ὑπὲρ
559 2037 647 2063 αὐτῶν
671 2037 765 2069 Θυσίας
789 2038 863 2073 παρὰ

81 2082 129 2108 τοῦ
149 2082 283 2117 Σαμουὴλ,
312 2082 463 2118 κατηνέχθη
492 2082 561 2108 κατὰ
583 2083 635 2109 τῶν
653 2083 788 2118 πολεμίων
815 2085 863 2118 χὰ-

79 2128 152 2160 ἱαζα
166 2128 294 2164 τοσαύτη,
312 2129 349 2160 ὼς
363 2129 425 2159 τοὺς
441 2128 553 2164 ἐχυροὺς
565 2129 656 2163 σχεδὸν
669 2130 800 2161 ἅπαντας,
819 2131 863 2156 οὑ-

78 2174 156 2205 δενὸς
172 2175 262 2205 αὐτοῖς
277 2173 425 2210 ἀνθρώπων
451 2174 614 2209 μαχομένου,
641 2177 743 2202 πεσεῖν.
763 2175 862 2201 Ἀϐυσ-
877 2191 904 2222 D

82 2229 129 2246 σον
143 2219 231 2246 τοίνυν
250 2220 292 2246 ἐπ’
309 2219 419 2254 ἀδύσσῳ
433 2220 581 2254 τρέχουσαν
599 2220 676 2247 καλεῖ
687 2221 735 2256 τὴν
753 2222 800 2255 τῆς
817 2230 877 2256 χαί

80 2266 166 2300 λάξης
176 2265 270 2301 φοράν.
288 2266 324 2291 Τὸ
340 2266 377 2296 δὲ,
396 2265 595 2298 ἐπικαλεῖται,
618 2266 678 2292 ἀντὶ
700 2267 756 2298 τοῦ,
777 2267 864 2301 ἐγκα-

80 2311 189 2338 λεῖται.
204 2311 292 2337 Φωναὶ
307 2311 335 2337 δὲ
352 2311 405 2337 τῶν
425 2311 603 2347 καταρακτῶν
621 2313 649 2337 αἱ
665 2312 718 2338 τῶν
740 2313 864 2347 χαλαζῶν

81 2357 166 2392 φοραὶ
178 2357 296 2391 νοηθεῖεν
309 2357 350 2383 ἄν.
375 2356 502 2392 ’Δλλαχοῦ
519 2357 546 2383 δὲ
561 2358 749 2393 καταρράκται
767 2359 791 2384 οἱ
816 2358 864 2384 τοῦ

81 2402 150 2429 Θεοῦ
160 2401 307 2437 προφῆται.
319 2401 432 2435 Πάντες
444 2404 470 2429 οι
482 2404 678 2437 μετεωρισμοί
696 2411 754 2431 σου
768 2404 815 2430 καὶ
830 2405 866 2432 τὰ

81 2447 200 2482 κύματά
218 2455 276 2474 σου
290 2448 334 2474 ἐπ’
352 2448 403 2482 ἐμὲ
418 2448 551 2481 διῆλθον.
561 2449 668 2484 Ἐτέρου
681 2450 761 2476 πάλιν
771 2450 866 2476 ἑαυτὸν

80 2493 285 2527 ἀναμιμνήσκει
308 2492 454 2527 θαύματος.
470 2493 579 2529 Διῆλθον
600 2493 654 2529 γὰρ
669 2494 712 2520 διὰ
731 2494 867 2530 θαλάσσης

119 2634 174 2668 (Μ)
193 2636 244 2660 Ὃν
267 2635 393 2667 τρόπον,
415 2642 442 2660 κ.
456 2642 481 2660 τ.
499 2633 523 2660 λ.
554 2632 623 2660 Huic
647 2633 736 2660 versui
758 2634 783 2660 in
804 2634 865 2661 cod.

80 2670 218 2696 Ambros:
233 2669 371 2702 sequentis
386 2668 571 2701 interpretatio
583 2672 701 2701 aptatur,
720 2676 781 2694 cum
799 2677 867 2702 qua-

81 2706 146 2731 dam
167 2704 349 2737 discrepantia
374 2704 426 2730 sic:
444 2703 590 2737 Πρόσωπον
606 2702 652 2728 τοῦ
667 2703 733 2728 Θεοῦ
756 2705 769 2729 ὁ
791 2703 868 2737 λόγος

81 2739 213 2773 σημαίνει
228 2739 258 2764 τὸ
273 2738 332 2764 λίαν
349 2739 490 2770 ἐπιθυμεῖν
507 2738 603 2768 αὐτοὺς
624 2739 665 2773 εἰς
689 2739 781 2773 καιρὸν
805 2739 868 2772 ἀφι-

81 2772 182 2801 κέσθαι
195 2795 202 2805 ,
220 2773 280 2800 καθ’
301 2773 328 2798 ὃν
348 2773 395 2799 καὶ
410 2773 498 2799 αὐτῶν
514 2773 587 2798 ἔσται
606 2772 698 2806 κλῆτις
712 2781 718 2786 ·
736 2774 806 2799 ὥστε
825 2773 869 2798 καὶ

81 2809 182 2840 αὐτοὺς
193 2809 329 2843 ,ἐμφανεῖς
343 2808 466 2841 γενέσθαι
477 2807 516 2842 τῷ
533 2808 669 2842 προσώπῳ
682 2807 727 2833 τοῦ
752 2807 868 2843 Πατρὶς,

246 2863 380 2893 ΡΑτιιοι..
402 2863 459 2894 Gn.
483 2862 613 2892 XXV“.

911 883 1003 911 tantis.
1027 884 1085 911 Sibi
1101 885 1151 920 ipsi
1173 887 1336 920 praenuntiat
1358 887 1478 916 futurum
1496 893 1525 916 ut
1541 889 1688 924 aliquando

911 937 959 964 per
973 929 1109 957 Christum
1129 928 1243 959 salutem
1260 937 1287 959 ct
1305 933 1388 960 vitam
1414 939 1606 969 consequatur,
1619 941 1646 963 et
1661 936 1687 963 in

910 975 1002 1002 divina
1016 975 1076 1003 aula
1094 985 1147 1004 una
1168 986 1228 1006 cum
1254 979 1315 1006 aliis
1333 980 1435 1007 sanctis
1459 980 1571 1008 habitet.

953 1080 980 1107 6.
994 1081 1081 1114 Quare
1097 1082 1183 1108 tristis
1197 1090 1235 1115 es,
1253 1082 1342 1108 anima
1356 1090 1424 1114 mea,
1440 1087 1465 1109 et
1485 1090 1565 1117 quare
1577 1087 1690 1110 contur-

911 1125 958 1152 bas
970 1134 1009 1152 me
1021 1126 1034 1152 ?
1047 1126 1197 1154 Tristitiam
1210 1127 1383 1161 reprehendit
1398 1134 1446 1162 spe
1461 1135 1525 1162 erga
1547 1127 1686 1155 Christum

910 1171 1042 1198 munitus.
1059 1170 1086 1198 Si
1101 1176 1237 1199 servatum
1253 1176 1304 1203 est,
1317 1172 1414 1207 inquit,
1430 1177 1547 1206 tempus,
1562 1180 1579 1199 ο
1597 1173 1689 1200 anima

910 1223 982 1250 mea,
994 1224 1049 1252 quo
1061 1217 1168 1244 vocatio
1185 1225 1233 1252 per
1249 1218 1327 1244 iidem
1347 1221 1441 1245 nostra
1464 1218 1618 1246 introdueet
1636 1225 1687 1246 nos

911 1269 973 1290 cum
988 1262 1087 1290 festum
1106 1263 1249 1298 agentibus
1258 1264 1284 1291 in
1294 1258 1501 1292 tabernaculum
1512 1265 1590 1297 illud.
1601 1272 1690 1300 quare

911 1309 998 1336 tristis
1009 1317 1049 1342 es,
1066 1313 1093 1336 et
1104 1317 1153 1337 cur
1166 1309 1259 1337 dolore
1273 1310 1434 1338 maceraris?

951 1397 976 1423 7.
988 1396 1131 1432 Propterea
1145 1406 1243 1425 memor
1267 1406 1310 1425 ero
1336 1399 1376 1425 tui
1389 1399 1421 1426 de
1438 1403 1509 1426 terra
1528 1399 1655 1427 Jac-doni:
1666 1404 1691 1427 et

912 1442 1075 1470 Hermoniim
1085 1453 1101 1471 a
1114 1449 1199 1471 monte
1207 1445 1317 1472 modico.
1328 1444 1561 1480 Quandoquidem,
1571 1445 1618 1478 ait,
1631 1450 1692 1472 tur-

911 1487 974 1514 bata
984 1492 1026 1515 est
1043 1489 1134 1516 anima
1158 1496 1228 1521 mea,
1251 1489 1314 1516 dum
1339 1489 1406 1516 mihi
1423 1490 1450 1516 in
1470 1490 1629 1517 memoriam
1649 1498 1692 1517 re-

918 1533 1021 1560 vocabo
1034 1534 1167 1560 mirabilia
1181 1539 1237 1563 tua.
1247 1542 1309 1561 cum
1325 1542 1355 1561 ea
1371 1543 1431 1569 quas
1441 1535 1468 1562 in
1480 1534 1610 1569 Jordane,
1635 1542 1692 1563 tum

914 1585 945 1606 ea
958 1587 1018 1613 qua?
1030 1579 1057 1606 in
1069 1584 1160 1606 monte
1172 1580 1288 1607 Aet-mon
1304 1581 1445 1608 ostendisti
1469 1582 1558 1614 nobis,
1580 1588 1693 1610 memet-

915 1623 1005 1659 ips'um
1025 1626 1195 1653 consolabor.
1209 1626 1262 1653 Aut
1273 1627 1325 1654 hoe
1338 1628 1419 1654 modo
1434 1627 1518 1654 :Cum
1534 1628 1560 1654 in
1577 1627 1694 1656 Jordane

915 1670 1025 1701 fuerim.
1040 1671 1066 1698 id
1083 1676 1208 1699 estsaero
1220 1672 1348 1706 dignatus
1359 1672 1532 1707 baptismate,
1547 1673 1637 1700 statim
1654 1674 1694 1701 tui

915 1717 1078 1744 recordabor
1112 1717 1148 1744 ob
1179 1717 1358 1745 confessionis
1395 1717 1487 1745 verba.
1515 1717 1694 1752 ,Recorbabm

916 1770 1024 1796 quoque
1035 1761 1220 1796 llermoniim;
1240 1762 1406 1790 llermoniim
1432 1768 1521 1790 autem
1544 1764 1696 1798 explicatur

915 1810 958 1835 uia
990 1809 1119 1840 lucernw,
1151 1809 1214 1842 quia
1243 1817 1350 1836 sacrum
1375 1809 1505 1844 baptisma
1530 1810 1600 1836 viam
1629 1810 1694 1844 ipsis

916 1854 1002 1888 aperit
1019 1854 1052 1880 ad
1066 1854 1303 1881 illuminationem.

955 1900 982 1926 8.
1002 1899 1117 1934 Abyssus
1133 1900 1256 1933 abyssum
1270 1899 1371 1926 invocat
1384 1899 1411 1925 in
1424 1907 1483 1926 voce
1496 1905 1695 1927 cataractarum

918 1952 1034 1973 tuarum.
1055 1945 1113 1972 Alia
1129 1945 1220 1973 itidem
1234 1945 1364 1972 miracula
1378 1950 1504 1973 revocant
1526 1947 1552 1972 in
1566 1951 1693 1973 mentem.

917 1991 984 2018 Nam
1000 1999 1061 2018 cum
1074 1990 1229 2024 alienigena:
1238 1990 1336 2017 bellum
1351 1995 1490 2017 moverent
1498 1990 1627 2018 adversus
1637 1998 1694 2024 eos.

917 2045 979 2064 cum
995 2045 1091 2064 eorum
1110 2044 1192 2064 causa
1207 2037 1327 2064 oblatum
1344 2045 1356 2063 a
1383 2036 1509 2064 Samuele
1529 2031 1694 2064 sae’riﬁeium

917 2080 1027 2112 fuisset,
1044 2086 1118 2109 tanta
1131 2081 1249 2119 demissa
1271 2082 1312 2109 vis
1329 2082 1468 2116 grandinis
1477 2087 1528 2115 est,
1550 2088 1578 2110 ut
1592 2082 1695 2110 inimici

916 2134 1000 2160 prope
1012 2134 1106 2153 omnes
1123 2127 1230 2154 nemine
1241 2131 1377 2161 pugnante
1389 2126 1526 2154 caderent.
1559 2127 1694 2162 Abyssum

918 2171 1000 2205 igitur
1016 2179 1097 2206 super
1114 2171 1253 2206 abyssum,
1271 2171 1412 2207 grandinis
1437 2171 1634 2199 vehementiam
1655 2173 1697 2199 di-

916 2217 962 2244 cit.
988 2215 1056 2243 lllud
1069 2220 1170 2248 autem,
1188 2218 1291 2243 invocat
1305 2224 1354 2251 pro
1369 2217 1479 2244 advocat
1493 2218 1622 2252 positum.
1639 2217 1692 2245 Yo-

915 2270 961 2290 ces
977 2267 1069 2289 autem
1094 2266 1304 2295 cataractarum,
1323 2263 1463 2298 grandinis
1479 2264 1580 2291 imbres
1595 2264 1696 2292 intelli-

916 2315 975 2342 gas.
995 2307 1069 2334 Alias
1085 2315 1149 2334 vero
1165 2312 1320 2341 cataractae,
1339 2307 1385 2335 Dei
1398 2309 1535 2343 prophetat
1554 2309 1696 2338 dicuntur.

920 2353 1014 2379 Omnia
1027 2353 1129 2379 excelsa
1141 2358 1185 2378 tua
1196 2358 1219 2379 et
1231 2354 1328 2387 ﬂuctus
1341 2354 1462 2388 tuisuper
1473 2363 1513 2381 me
1527 2357 1697 2382 transierunt.

917 2399 998 2425 Aliud
1027 2398 1092 2425 item
1106 2398 1267 2425 miraculum
1293 2400 1424 2426 memoria
1443 2400 1548 2434 repetit.
1569 2400 1636 2428 Nam
1651 2409 1699 2435 per

917 2452 1004 2476 mare,
1027 2444 1176 2471 Pharaonis
1193 2444 1393 2479 improbitatem
1409 2445 1552 2480 fugientes,
1583 2447 1699 2474 transie-

917 2495 992 2518 runt.
1008 2489 1042 2517 Et
1055 2491 1224 2522 videbantur,
1241 2491 1288 2524 ait,
1309 2491 1439 2518 ﬂuctuum
1458 2492 1576 2524 excelsa,
1603 2493 1628 2519 id
1659 2497 1700 2520 est

918 2631 1040 2657 τουτέστι
1054 2630 1093 2664 τῷ
1107 2629 1172 2664 Υἱῷ.
1193 2629 1299 2656 Vultum
1315 2629 1363 2655 Dei
1378 2637 1460 2655 sermo
1476 2628 1618 2664 significat,
1631 2626 1699 2664 quod

920 2665 1091 2691 iive/tementi
1118 2665 1310 2701 ejustemporis
1336 2664 1456 2701 cupidine
1481 2667 1625 2692 teneantur,
1646 2667 1700 2701 quo

921 2705 1034 2733 tempore
1050 2705 1074 2726 et
1086 2700 1136 2733 ipsi
1154 2699 1368 2729 mleocubuntur;
1386 2700 1426 2725 ita
1444 2703 1471 2724 ιιι
1491 2703 1630 2732 prwscntes
1643 2699 1698 2722 sint

921 2735 998 2769 faciei
1010 2734 1110 2764 Patris,
1120 2734 1147 2760 id
1160 2739 1198 2760 est
1216 2734 1300 2761 Filio.

957 2766 1024 2804 (Ur)
1039 2769 1071 2796 F.
1085 2768 1267 2804 ὀχυρούμενος
1282 2769 1323 2796 \‘el
1339 2767 1519 2803 ὠχυρομένος.
1537 2766 1618 2792 Ευιτ.

1650 2818 1725 2847 ...14

1542 2854 1559 2884 Ἷ
