1928 3053
236 137 288 166 205

235 197 376 228 elationes,
389 195 417 222 ln
430 200 477 221 eos
503 190 578 218 ferri.
602 189 657 217 Sed
681 187 748 215 nihil
776 186 834 214 ltesi
856 189 930 217 sunt,
947 190 1010 211 nam
1025 183 1050 213 Α

235 251 314 279 aqua:
329 249 377 270 seu
391 246 486 267 murus
500 236 648 272 coagulataa
658 238 731 262 sunt.

277 373 409 409 [Abgssus
422 369 544 404 abyssum
558 368 672 394 invocat.
690 364 811 400 Ahyssus
828 362 917 393 Pater,
934 360 1015 396 abys-

237 407 287 447 sus
308 419 403 446 Filius.
420 416 541 451 Abyssus
562 416 735 448 peccatorum
761 409 870 436 invocat
884 407 1013 442 abyssum

238 464 484 495 commiseratiouis
505 461 563 493 Dei.
580 467 582 470 ‘
598 464 628 487 ut
656 459 713 493 ipse
737 460 879 492 peceatum
906 453 1014 489 frangat

237 514 352 549 ejusque
379 514 514 540 auctores,
548 507 665 540 itemque
693 500 970 537 corruptionemﬂae
989 499 1013 527 si

237 544 319 590 dicat,
337 555 440 583 Mosest
459 553 505 581 tibi
522 556 560 584 ut,
579 548 768 585 peccatoribus
784 544 1012 580 supplicantibus,

237 603 330 631 animo
340 599 465 628 nectaris.
482 596 584 632 Ecquid
608 602 658 622 nos
668 593 797 630 adespicis
816 591 864 626 qui
877 590 926 618 tibi
948 590 1012 624 pro-

235 648 390 677 cumbimus
399 645 428 682 ‘Pj

274 694 299 722 9.
313 692 346 719 In
357 692 398 718 die
411 689 545 718 mandubit
560 688 686 716 Dominus
699 685 907 713 misericordiam
925 691 1012 716 suam,

235 745 260 767 et
269 745 342 766 nocte
353 738 485 765 canticum
497 736 564 769 eius.
581 734 660 761 Aliud
685 735 816 760 memorat
839 730 1010 758 miraculum.

236 785 371 821 Rapsaees
387 784 469 815 enim,
483 790 545 809 cum
557 780 753 815 Jcrosolymam
767 777 929 809 obsedisset,
959 776 1013 802 mi-

235 820 353 858 nabatur
369 836 403 856 ne
428 828 512 855 Deum
532 826 640 862 quidem
670 831 751 860 posse
779 823 884 858 eripere
906 829 954 848 eos
980 820 1014 848 de

235 885 317 905 manu
335 875 507 911 Assyriorum
521 882 528 899 :
542 878 571 900 at
583 872 652 899 Deus
667 871 742 897 hisce
755 869 847 896 verbis
875 867 1013 903 pollicitus

235 927 278 951 est
290 932 296 949 :
315 921 457 955 Protegam
469 919 535 945 lianc
548 917 637 944 urbem
654 917 684 944 ".
698 916 792 943 Postea
801 921 866 942 vero
879 913 1014 949 promissa

236 969 391 1003 complens,
407 974 460 994 una
484 969 565 992 nocte
589 968 698 992 centum
728 961 866 996 octoginta
890 959 1015 995 ,quinque

235 1014 319 1042 millia
333 1012 507 1048 Assyriorum
522 1009 620 1037 occidit
631 1008 662 1036 “.
678 1008 710 1035 Et
730 1007 782 1034 hoc
793 1011 833 1033 est
850 1005 922 1041 quod
931 1005 1013 1032 dicit:

235 1059 268 1086 In
281 1059 323 1085 die
337 1057 472 1085 mandabit
486 1055 615 1083 Dominus
627 1052 836 1080 misericordiam
849 1058 934 1077 suam.
949 1048 1016 1076 Ora-

237 1105 273 1132 tio
287 1104 341 1131 Deo
354 1104 414 1130 uiue
432 1109 506 1129 meas.
523 1100 623 1136 Utpote
648 1099 695 1134 qui
712 1098 768 1132 jam
783 1095 939 1126 crediderit,
954 1101 1015 1129 qua:

236 1150 360 1178 ﬁdelibus
391 1147 568 1183 congruentia
597 1145 680 1174 verba
709 1148 773 1172 sunt
793 1142 906 1178 profert,
937 1148 1015 1169 suam

236 1197 320 1224 vitam
335 1195 492 1223 adscribens
505 1193 567 1228 ipsi.

272 1286 316 1313 Η.
333 1285 427 1312 Dicam
452 1284 517 1316 Deo,
534 1282 675 1316 ,εμπεριον
697 1289 771 1308 meus
787 1288 824 1307 es.
837 1276 957 1315 Populus
971 1279 1017 1306 ille

237 1332 284 1368 qui
298 1330 485 1366 paenitentiam
499 1329 554 1363 agit
569 1327 683 1355 resumit
707 1325 943 1361 supplicationem,
959 1331 1018 1351 ma-

238 1386 280 1414 gis
293 1377 434 1411 magisque
454 1374 537 1401 Deum
552 1381 669 1401 evocans
693 1372 726 1400 ad
737 1370 962 1399 misericordiam.

270 1420 436 1451 PSALMUS
446 1420 496 1456 ipsi
512 1419 609 1451 David,
625 1419 670 1454 qui
692 1418 762 1452 apud
776 1416 901 1444 Hebraos
914 1420 985 1442 caret

491 1465 668 1500 inscriptione.
677 1463 771 1491 XLII.

278 1515 373 1542 Iudico
386 1513 545 1547 me,Deus,et
559 1512 687 1542 discerne,
702 1515 753 1538 etc.
763 1509 812 1537 llic
822 1508 943 1544 psalmus
957 1507 1014 1543 (i5)

241 1561 364 1597 ejusdem
386 1565 427 1588 est
451 1564 531 1594 atque
557 1557 680 1592 superior
693 1555 856 1591 argumenti.
876 1554 1015 1581 Accedunt

238 1607 312 1634 enim
325 1606 422 1633 iterum
438 1604 566 1632 Israelita:
578 1603 690 1630 salutem
706 1609 753 1636 per
760 1601 900 1628 Christum
912 1604 1015 1634 partam

239 1652 420 1688 postulantes.
435 1650 616 1683 Quamobrem
632 1649 685 1675 ait:
699 1647 798 1674 Emitte
809 1646 892 1673 lucem
909 1650 1016 1672 tuamet

239 1699 374 1726 veritatem
389 1702 471 1723 tuam.
489 1695 620 1723 Futurum
642 1702 759 1729 namque
775 1697 833 1720 erat
859 1697 889 1719 ut
906 1693 964 1727 ipse
988 1691 1016 1718 in

240 1749 360 1772 montem
373 1746 496 1770 sanctum
515 1741 575 1768 illos
586 1739 742 1772 adduceret,
756 1739 782 1765 id
805 1743 847 1766 est
863 1737 896 1765 ad
917 1737 1017 1765 coelum

239 1795 268 1817 et
281 1789 314 1817 ad
331 1795 463 1823 supernas
489 1787 655 1816 mansiones,
672 1793 733 1820 quae
752 1783 928 1812 tabernacula
945 1791 1017 1810 nun-

240 1840 338 1870 cupat;
353 1841 457 1861 necnon
474 1833 507 1859 ad
518 1832 659 1866 spirituale
674 1831 778 1858 altare:
807 1830 926 1857 futurum
953 1829 1018 1856 item

239 1885 298 1908 erat
317 1884 346 1907 ut
357 1880 413 1915 ipse
424 1878 571 1906 lmtiﬁcaret
586 1885 681 1905 eorum
708 1877 888 1912 juventutem.
917 1874 1019 1902 Juven-

241 1930 324 1954 tulem
343 1931 432 1952 autem
448 1929 526 1952 vocat
540 1924 661 1951 lanitium
677 1931 738 1958 qu:e
749 1927 776 1950 et
789 1926 901 1950 renovat
921 1928 1017 1949 eorum

241 1977 368 1998 animam.
384 1969 473 2003 Quare
485 1970 513 1996 in
546 1969 649 1997 cithara
671 1969 833 2003 pollicentur
850 1975 879 1994 se
903 1966 940 1994 illi
955 1973 1020 1993 con-

241 2015 385 2057 fessionem
406 2015 555 2042 oblaturos.
585 2013 662 2048 Sxpe
685 2018 775 2040 autem
793 2012 952 2039 monuimus
977 2010 1018 2038 ei-

241 2062 325 2090 tharae
345 2061 456 2089 nomine
470 2068 570 2095 corpus
584 2067 645 2087 esse
661 2058 878 2094 intelligendum.

326 2107 363 2135 In
389 2108 467 2142 ﬁnem
490 2106 554 2141 ﬁliis
579 2105 645 2141 (ἔργα
668 2105 702 2131 ad
716 2103 928 2138 intelligentiam.

485 2149 654 2178 PSALMUS
667 2148 778 2176 XLIII.

533 2196 732 2230 Argumentum.

1034 2195 1059 2223 ι)

650 128 678 156 S.
700 125 879 154 ATHANASII
899 122 974 152 OPP.
994 121 1084 150 PARS
1102 121 1146 149 lli.
1166 136 1200 142 —
1215 119 1411 148 EXEGETICA

1788 113 1841 142 208

1064 181 1145 217 μέσον
1160 181 1210 216 τὴν
1231 179 1278 207 τοῦ
1301 177 1400 216 Φαραὼ
1427 176 1572 212 φεύγοντες
1598 174 1757 211 μοχθηρίαν.
1788 173 1842 200 Καὶ

1065 226 1172 253 ἐδόκουν
1181 225 1229 260 μὲν
1241 225 1266 251 οἱ
1283 223 1337 251 τῶν
1351 223 1480 258 κυμάτων
1495 219 1688 257 μετεωρισμοὶ,
1705 216 1842 245 τουτέστιν

1064 273 1091 300 αἱ
1110 271 1237 306 ὑψώσεις,
1254 271 1314 296 κατ’
1327 268 1415 296 αὐτῶν
1433 267 1562 303 φέρεσθαι
1573 274 1581 282 ο
1595 265 1653 292 ἀλλ’
1667 264 1777 299 ἠδίκουν
1799 262 1842 288 οὑ-

1064 318 1106 346 δέν
1116 327 1123 333 ·
1141 317 1231 351 ἐπάγη
1247 316 1301 351 γὰρ
1313 315 1380 342 ὡσεὶ
1395 316 1482 349 τεῖχος
1494 312 1529 339 τά
1543 312 1636 338 ὖδατα.

1099 364 1260 400 [Ἇόὐσσος
1287 362 1424 388 ἄϐυσσον
1455 358 1645 386 ἐπικαλεῖται.
1679 355 1812 386 ’Δὸυσσος
1829 354 1843 380 6

1064 410 1168 445 Πατὴρ,
1182 409 1298 440 ἄϐυσσος
1310 409 1324 434 ὁ
1353 407 1426 438 Υἱός.
1440 405 1574 436 Ἀϐυσσος
1588 405 1605 439 ὴ
1632 403 1686 429 τῶν
1702 400 1844 437 ἁμαρτιῶν

1064 455 1232 482 ἐπικαλεῖται
1245 454 1294 489 τὴν
1302 453 1417 480 ἄϐυσσον
1431 452 1479 486 τῆς
1497 449 1694 484 εὐσπλαγχνίας
1705 447 1752 474 τοῦ
1765 446 1843 478 Θεοῦ,

1065 503 1105 534 εἰς
1120 502 1150 528 τὸ
1164 500 1332 536 καταρῤἁξαι
1344 498 1393 534 τὴν
1409 498 1544 534 ἁμαρτίαν
1558 497 1605 523 καὶ
1619 495 1680 526 τοὺς
1690 493 1790 528 ταύτης
1804 494 1845 519 αἱ-

1064 549 1137 580 τίους
1152 548 1198 575 καὶ
1211 547 1260 583 τὴν
1269 546 1380 581 φθοράν
1392 542 1446 572 οἷον
1455 545 1495 570 ὅτι
1506 542 1587 574 Ἕθος
1595 550 1636 568 σοι
1651 542 1705 573 τοῖς
1717 540 1844 575 ἁμαρτω-

1064 595 1118 626 λοῖς
1130 594 1264 629 δεομένοις
1275 602 1320 620 σου
1334 590 1562 626 ὲπικάμπτεσθαι.
1587 589 1641 615 Καὶ
1655 588 1698 615 ἵνα
1720 586 1746 613 τί
1770 585 1843 621 ἡμᾶς

1065 640 1250 676 παραϐλέπεις
1266 636 1486 674 προσπίπτοντάς
1499 644 1556 668 σοι;
1567 635 1575 670 ]

1106 686 1226 721 Ἡμέρας
1239 682 1399 726 ἑντεξεῖται
1413 683 1520 716 Κύριος
1533 681 1566 708 τὸ
1582 681 1667 712 ἕλεος
1679 678 1782 710 αὑτοῦ,
1794 676 1844 704 και

1064 732 1176 764 νυκτὸς
1190 731 1252 765 ᾠδὴ
1264 723 1369 758 αὑίοῦ.
1391 729 1500 765 Ἐτέρου
1517 727 1596 754 πάλιν
1620 726 1753 762 μέμνηται
1778 723 1844 751 θαὺο

1067 787 1159 815 ματος.
1181 778 1211 804 Ὀ
1227 777 1281 812 γὰρ
1299 776 1450 810 Ῥαψάκης,
1467 772 1671 809 περικυκλώσας
1686 771 1735 806 τὴν
1750 771 1846 805 Ἰερου-

1066 824 1166 859 σαλὴμ,
1181 823 1287 858 ἠπείλει
1306 822 1372 857 μηδὲ
1388 821 1432 847 τὸν
1445 820 1510 846 θεὸν
1525 818 1626 854 ἰσχύειν
1648 816 1783 849 ἐξελέσθαι
1795 815 1845 842 αὐ-

1029 851 1051 879 B
1066 851 1171 900 tobguéic
1188 851 1277 904 γειρδς
1298 851 1446 902 ’Ἀσσυρίων
1456 875 1462 880 ·
1477 865 1535 892 ἀλλ’
1552 851 1733 898 ξπηγγείὶατο
1749 863 1764 888 ὁ
1779 860 1845 891 Θεὸς

1065 915 1167 950 λέγων·
1193 912 1379 948 ’Υπερασπίῶ
1400 911 1476 945 ὑπὲρ
1503 909 1559 944 τῆς
1584 910 1698 940 πόλεως
1723 907 1844 939 ταύτης.

1066 958 1131 987 Εἶτα
1148 959 1196 994 τὴν
1223 958 1388 993 ἐπαγγελίαν
1405 955 1516 992 πληρῶν
1531 956 1560 982 ἐν
1578 955 1627 990 μιᾷ
1649 954 1726 980 νυκτὶ
1750 953 1847 979 ἑκατὸν

1065 1007 1227 1041 ὀγδοήκοντα
1247 1004 1327 1031 πέντε
1352 1003 1473 1038 χιλιάδας
1497 1001 1585 1029 ἀνεῖλε
1604 1000 1658 1027 τῶν
1687 998 1846 1034 ’Δσσυρίων.

1065 1051 1121 1078 Καὶ
1137 1049 1216 1077 τοῦτό
1245 1050 1334 1075 ἐστιν·
1355 1047 1479 1082 Ἡμέρας
1502 1043 1663 1072 ἐντελεῖται
1690 1043 1799 1076 Κύριος
1813 1041 1848 1067 τὸ

1066 1097 1151 1128 ἕλεος
1165 1094 1268 1123 αὐτοῦ.
1294 1091 1452 1127 Προσευχὴ
1466 1090 1507 1123 τῷ
1528 1089 1588 1125 Θεῷ
1610 1088 1664 1123 τῆς
1689 1086 1764 1121 ζωῆς
1777 1095 1846 1122 μου.

1072 1142 1115 1173 Ὠς
1126 1141 1176 1176 ήδη
1191 1138 1379 1170 πεπιστευκὼς
1399 1137 1433 1164 τά
1454 1137 1510 1167 τοῖς
1532 1134 1687 1162 πιστεύουσι
1710 1133 1849 1168 πρέποντα

1065 1188 1197 1224 ἀναφέρει
1214 1188 1336 1224 ῥήματα,
1353 1185 1427 1221 αὐτῷ
1445 1184 1494 1220 τὴν
1505 1183 1607 1211 οἰκείαν
1625 1180 1850 1216 ἀναγραφόμενος

1067 1236 1149 1270 ζωήν-

1107 1279 1179 1314 Ἐρῶ
1192 1279 1232 1312 τῷ
1249 1278 1319 1312 Θεῷ,
1337 1276 1533 1311 Ἀντιλήπτωρ
1545 1284 1604 1309 μου
1616 1272 1652 1301 εἴ.
1671 1271 1849 1305 Ἐπαναλαμ-

1066 1326 1142 1353 ὄάνει
1156 1325 1206 1361 τὴν
1220 1323 1358 1360 ἱκετηρίαν
1370 1324 1384 1349 ὁ
1401 1320 1611 1358 μεταγινώσκων
1622 1318 1694 1350 λαὸς,
1703 1318 1749 1344 ὲπὶ
1756 1316 1849 1343 πλεῖον

1066 1371 1264 1406 ἐκκαλούμενος
1281 1370 1320 1401 εἰς
1337 1369 1410 1395 ἔλεον
1423 1367 1469 1394 τὸν
1485 1366 1560 1393 Θεόν.

1152 1417 1306 1444 ΨΑΛΜΟΣ
1321 1413 1360 1447 τῷ
1374 1412 1464 1440 Aac/28
1478 1411 1678 1446 ἀνεπίγραφος
1696 1417 1756 1443 παρ

1340 1460 1493 1493 Ἑϐραίοις.
1510 1459 1579 1484 MB’.

1067 1512 1083 1519 ’”
1102 1509 1212 1545 Κρῒνόν
1226 1516 1275 1544 με,
1303 1508 1320 1534 ὀ
1338 1506 1420 1539 Θεὸς,
1441 1505 1490 1532 καί
1520 1503 1655 1530 δίκασαν.
1683 1501 1739 1536 Τὴν
1766 1499 1850 1534 αὐτὴν

1067 1556 1193 1584 ὑπόθεσιν
1208 1555 1247 1590 τῷ
1263 1553 1350 1581 ὀπίσω
1366 1552 1412 1580 καὶ⁸
1427 1552 1441 1578 ὁ
1456 1549 1548 1586 παρὼν
1565 1549 1620 1584 ἔχει
1634 1546 1747 1582 ψαλμὸς.
1764 1545 1852 1581 Προσι

1067 1604 1193 1639 ἐρχονται
1208 1600 1263 1636 γὰρ
1283 1599 1364 1626 πάλιν
1380 1599 1405 1625 οι
1428 1597 1459 1630 ἐξ
1481 1596 1587 1632 Ἰσραὴλ
1599 1595 1648 1630 τὴν
1663 1593 1706 1620 διὰ
1732 1590 1850 1627 Χριστοῦ

1069 1638 1206 1684 σωτηρίαν
1224 1644 1418 1679 ἐξαιτούμενοι.
1433 1642 1478 1669 Διό
1499 1649 1580 1676 φησιν
1592 1648 1598 1655 ·
1622 1638 1852 1671 Ὲξαπόστειλον

1067 1694 1100 1721 τὸ
1112 1681 1174 1728 sui);
1188 1700 1246 1720 σου
1260 1691 1309 1717 καὶ
1322 1689 1379 1724 τὴν
1393 1686 1538 1722 ἀλήθειάν
1554 1694 1621 1713 σου.
1635 1683 1719 1715 Αὐτὸς
1735 1682 1790 1717 γὰρ
1801 1681 1850 1708 αὐ-

1067 1740 1130 1771 τοὺς
1139 1739 1184 1766 καὶ
1192 1738 1230 1769 είς
1247 1737 1277 1764 τδ
1289 1736 1363 1770 άγιον
1371 1735 1432 1771 ὅρος
1458 1733 1577 1767 εἰσάγειν
1591 1731 1698 1767 ἔμελλε,
1710 1728 1851 1756 τουτέστιν

1068 1787 1108 1818 εἰς
1120 1785 1166 1812 τὸν
1181 1783 1295 1820 οὐρανὸν
1312 1783 1357 1809 καὶ
1373 1782 1413 1813 εἰς
1437 1780 1486 1812 τὰς
1509 1779 1564 1806 ἄνω
1580 1776 1672 1813 μονὰς,
1691 1776 1781 1810 ἅσπερ
1805 1774 1852 1800 καὶ

1069 1830 1234 1866 σκηνώματα
1241 1828 1368 1864 ὀνομάζει
1378 1835 1384 1842 ·
1397 1827 1444 1854 καὶ
1456 1827 1497 1857 είς
1506 1826 1538 1852 τὸ
1548 1825 1641 1859 νοητὸν
1649 1823 1778 1857 θυσιαστή
1783 1828 1850 1856 ριοψ

1069 1876 1117 1903 καὶ
1133 1875 1213 1906 αὐτὸς
1235 1873 1324 1900 αὐτῶν
1341 1871 1451 1908 ἔμελλεν
1475 1870 1629 1905 εὐφραίνειν
1646 1868 1695 1902 τὴν
1724 1866 1849 1900 νεότητα.

1069 1922 1192 1957 Νεότητα
1203 1921 1232 1946 δὲ
1248 1919 1325 1946 καλεί
1336 1918 1384 1954 τὴν
1399 1916 1578 1953 εὐφροσύνην,
1595 1915 1644 1950 τὴν
1661 1913 1707 1940 καὶ
1722 1913 1851 1939 ἀνανεου»

1071 1967 1154 2003 μένην
1180 1965 1268 1992 αὐτῶν
1285 1965 1334 1999 τὴν
1354 1964 1451 1999 ψυχήν.
1477 1962 1522 1989 Διὺ
1541 1962 1587 1988 καὶ
1621 1961 1649 1986 ὲν
1668 1958 1768 1994 κιθάρᾳ
1800 1957 1852 1983 ὐπδ

1071 2011 1222 2048 ισχνοῠνται
1237 2010 1309 2045 αὐτῷ
1318 2009 1480 2045 προσφέρειν
1493 2007 1541 2043 τὴν
1555 2005 1754 2041 ἐξομολόγησιν.
1768 2002 1854 2030 utea-

1072 2065 1120 2093 ραν
1131 2057 1159 2083 δὲ
1173 2055 1303 2087 πολλάκις
1319 2054 1350 2081 τὸ
1363 2054 1443 2089 σῶμα
1457 2055 1526 2080 νοεῖν
1543 2051 1710 2086 ἐδιδάξαμεν.

1125 2103 1176 2134 Εἰς
1190 2101 1223 2128 τὸ
1235 2100 1322 2134 τέλος
1336 2099 1399 2132 τοῖς
1414 2095 1496 2132 υιοῖξ
1508 2098 1584 2132 Κορὲ
1603 2098 1647 2130 εὶς
1661 2096 1798 2123 σύνεσιν.

1338 2147 1491 2173 ΨΑΛΜΟΣ
1523 2145 1594 2172 MP».

1384 2191 1545 2224 ’Υπόθεσις.

243 2243 305 2280 ιῙιίο
319 2249 428 2278 quoque
453 2241 575 2276 psalmus
598 2240 686 2267 eidem
717 2242 877 2274 argumento
901 2237 1018 2270 insistit;

274 2294 369 2324 estque
378 2287 531 2318 hominum,
545 2286 591 2321 qui
603 2286 715 2320 antiqua
726 2284 857 2312 beneﬁcia
866 2287 1019 2315 recensent,

279 2339 307 2362 et
322 2332 425 2361 assumi
436 2331 586 2367 postulant,
601 2331 665 2365 quia
678 2330 766 2364 ipsum
781 2329 925 2356 Dominum
942 2337 1018 2364 spem

286 2380 338 2407 sibi
364 2378 560 2413 ascripserunt,
579 2380 605 2403 et
619 2376 646 2403 iu
657 2376 766 2403 nomine
779 2375 837 2411 ejus
846 2375 1019 2403 confitentur.

279 2425 428 2453 llumiliata
444 2430 493 2458 _est
514 2424 541 2451 in
555 2423 657 2458 pulvere
669 2423 769 2457 ⁸αηίηιτι
796 2427 898 2450 nostra.
925 2423 965 2450 lta
983 2423 1022 2451 lo-

243 2476 376 2508 quuntur,
388 2470 435 2505 qui
456 2470 559 2505 depulsi
581 2476 595 2496 a
612 2476 693 2496 sensu
716 2475 811 2496 eorum
831 2476 892 2503 qua:
917 2469 1021 2497 Christi

242 2522 320 2551 sunt.
337 2518 364 2544 in
377 2524 485 2544 sensum
502 2515 638 2542 carnalem
656 2518 720 2541 sunt
734 2513 860 2549 delapsi.]

279 2563 358 2593 Deus,
369 2562 477 2589 auribus
493 2561 590 2588 nostris
602 2560 759 2586 audivimus.

278 2609 322 2635 {0.
340 2606 418 2634 Nunc
440 2611 526 2633 autent
543 2603 673 2639 repulisli,
696 2608 721 2630 et
749 2604 893 2637 confudisti
918 2611 974 2631 nos.
989 2603 1024 2630 Et

244 2663 298 2682 non
309 2653 459 2690 egredieris,
475 2651 554 2685 Deus,
571 2651 597 2678 in
610 2650 750 2677 uirtutibus
767 2649 966 2684 nostris.0|im,
982 2650 1025 2677 in-

245 2701 316 2737 quit,
337 2707 393 2728 una
416 2698 557 2726 nobiscum
579 2697 729 2732 pugnabas.
755 2695 832 2723 Nunc
855 2700 944 2723 autem
971 2703 1024 2724 non

281 2769 305 2784 “
318 2767 351 2795 IV
364 2767 431 2803 Reg.
445 2772 503 2799 In,
516 2765 560 2793 35.
596 2763 621 2780 ἰ’
641 2763 707 2792 ibid.
723 2764 768 2791 55.

281 2836 339 2871 (15)
355 2834 401 2863 Est
413 2834 557 2870 explicatio
564 2833 653 2861 brevis
661 2832 744 2860 totius
753 2831 851 2867 psalmi
861 2831 960 2858 Iudico
972 2838 1023 2860 mc.

1075 2240 1142 2276 [Καὶ
1155 2239 1196 2266 ἔτι
1211 2235 1342 2274 οὖτοςτης
1357 2237 1442 2272 αὐτῆς
1453 2237 1606 2268 ὑποθέσεως
1620 2235 1709 2271 ἔχεται
1719 2242 1726 2250 ’
1741 2233 1792 2265 τὰς
1804 2240 1856 2259 πα-

1110 2285 1189 2317 λαιὰς
1206 2284 1363 2321 εὐεργεσίας
1379 2283 1578 2319 διηγουμένων,
1591 2282 1636 2308 καὶ
1653 2279 1858 2316 προσληφθῆναι

1109 2330 1255 2364 ἀξιούντων
1272 2330 1315 2357 διὰ
1329 2330 1375 2357 τοῦ
1390 2329 1469 2357 αὐτὸν
1480 2327 1677 2364 ἐπιγράφεσθαι
1689 2326 1737 2362 τὴν
1751 2325 1857 2355 ἐλπίδα,

1110 2377 1156 2404 καὶ
1168 2376 1213 2403 ἐπὶ
1226 2375 1265 2411 τῷ
1276 2376 1388 2411 ὀνόματι
1399 2375 1481 2401 αὑτοῦ
1497 2372 1725 2409 ἐξομολογεῖσθαι.

1118 2421 1310 2455 Ὲταπεινώθη
1325 2422 1369 2454 εὶς
1384 2421 1460 2455 χοῦν
1472 2421 1492 2455 ἡ
1505 2419 1590 2455 ψυχὴ
1605 2419 1698 2454 ἡμῶν.
1714 2417 1792 2444 οὕτω
1807 2425 1861 2451 φα-

1077 2468 1120 2495 σὶν
1142 2467 1246 2503 ἐπειδὴ,
1276 2467 1450 2502 ἀπωσάμενοι
1479 2467 1587 2502 φρονεῖν
1609 2465 1644 2491 τὰ
1671 2462 1802 2499 Χριστοῦ,
1819 2462 1861 2492 εἰς

1076 2515 1203 2549 φρόνημα
1221 2513 1350 2549 σαρκικδν
1365 2512 1559 2548 κατέστησαν]

1117 2560 1148 2587 '0
1156 2561 1272 2594 Κύριος,
1282 2561 1316 2587 ἐν
1324 2559 1384 2592 τοῖς
1394 2559 1470 2586 ὠσὶν
1484 2558 1567 2593 ἡμῶν
1577 2557 1760 2591 ἠκούσαμεν.

1079 2608 1095 2621 ’³
1112 2605 1355 2638 Νυνὶδὲάπώσω,
1367 2605 1416 2632 καὶ
1430 2605 1625 2638 κατῄσχυνας
1634 2601 1723 2637 ἡμᾶς.
1741 2600 1796 2628 Καὶ
1805 2600 1862 2626 οὐκ

1077 2650 1233 2687 ἐξελεύσῃ.
1244 2652 1295 2680 Oed
1300 2661 1324 2685 ς,
1333 2652 1367 2678 ὲν
1372 2648 1698 2685 ταῖςδυνὰμεσινῆμῶν.
1708 2647 1804 2678 Πάλαι,
1814 2653 1863 2679 φη-

1079 2699 1131 2732 σὶν,
1141 2699 1365 2734 συνεστρατήγεις
1374 2696 1537 2733 ἡμῖν-νῦνδὲ
1546 2695 1576 2723 οὐ
1585 2695 1664 2732 μόνον
1674 2694 1705 2721 οὐ
1712 2690 1863 2727 συνεξέρχῃ
