1928 3053
68 120 113 148 203

574 109 756 138 EXPOSITIO
775 109 807 137 IN
825 108 988 137 PSALMUM
1006 108 1096 135 XLIII.

1604 107 1656 134 2G6

68 177 134 212 ἡμῖν,
146 173 209 201 ἀλλὰ
225 173 267 199 καὶ
283 171 453 207 ἀπέστρεψας
473 171 554 205 ἡμᾶς,
573 170 610 202 ὡς
636 171 681 196 καὶ
696 171 752 201 τοῖς
779 178 822 203 μι-

895 168 954 195 Indo
968 175 1021 194 non
1034 167 1174 194 nobiscum
1190 165 1312 200 procedis
1324 163 1483 200 adl'pugnam
1497 165 1560 197 ;sed
1571 165 1653 192 etiam

69 220 223 255 σοῦαινὴμᾶς
245 218 366 252 γενέσθαι
381 217 421 248 εἰς
438 217 600 252 διαρπαγήν.
625 215 715 241 Ταῦτα
728 214 756 241 δέ
773 223 825 248 φη-

69 275 104 292 σιν
117 265 129 291 ὁ
140 264 212 300 χορὸς
226 264 240 290 ὁ
251 262 413 298 προφητικὺς
429 261 610 296 οἰκειούμενος
629 261 675 288 τοῦ
697 259 762 286 λαοῦ
778 260 826 291 τὰς

69 311 205 346 συμροράς.

96 367 144 394 Καὶ
157 367 182 392 al
192 365 348 401 μισοῦντες
360 363 437 399 ἡμᾶς
449 363 608 398 διήρπαζον
623 363 747 395 ἑαυτοῖς.
767 362 828 389 Ἐκ-

68 412 211 447 λάγμασιν,
224 411 397 446 φησὶν,ὴμᾶς
411 412 450 441 εἰς
463 410 583 445 ἀτιμίαν.

98 458 146 484 Kal
159 457 209 483 οὐκ
232 454 269 490 ἦν
283 455 397 489 πλῆθος
415 455 449 481 ὲν
462 454 523 486 τοῖς
537 453 748 488 ἀλαλάγμασιν
762 452 828 488 [ἀλ-

67 502 211 538 λάγμασιν]
224 501 316 536 ἡμῶν.
335 501 502 536 ’Λλαλαγμός
520 502 593 526 ἐστιν
613 500 744 531 ἑπινίκιος
763 500 828 534 ᾠδή.

73 549 98 574 '0
106 548 131 574 δὲ
141 547 195 579 νοῦς
206 545 289 578 οὗτος·
306 546 407 577 Οὖτως,
420 545 512 580 φησὶν,
529 544 683 580 ἀπέρριψας
698 545 771 580 ἡμᾶς
792 543 830 575 ὡς

68 594 108 620 καὶ
120 593 210 627 ὀλίγοις
226 593 299 628 ἡμᾶς
318 591 476 627 ἡττηθῆναι,
498 591 544 617 καὶ
567 590 630 622 τοὺς
648 590 829 622 ἀλαλάζοντας

68 639 121 665 καθ’
135 639 205 674 ἡμῶν
219 638 331 674 μικροὺς
351 635 418 664 εἷναί
429 645 514 668 τινας.

100 696 180 722 Ἐθου
191 694 267 729 ἡμᾶς
281 693 394 725 ὄνειδος
408 692 472 724 τοῖς
482 693 613 726 γείτοσιν
628 690 722 725 ἡμῶν.
737 690 830 717 Πάντα

67 742 109 767 ὅσα
122 740 245 775 ἐποίησαν
266 741 305 771 εἰς
326 738 443 774 Χριστὸν
458 737 615 764 ἀποδέδοται
631 737 721 767 αὐτοῖς
731 745 737 750 ·
752 735 830 762 dival-

68 786 142 817 6t5av,
152 785 353 820 ὡνειόίσθησαν·
370 783 518 819 ἐχλεύασαν
530 803 537 814 ,
554 781 807 817 ἀντεχλευάσθησαν
823 790 827 795 ·

879 213 1000 241 avertisti
1017 220 1079 244 nos,
1093 216 1122 239 ut
1139 211 1257 238 inimicis
1277 210 1357 237 etiam
1386 209 1488 236 nostris
1509 209 1654 243 direptioni

878 259 974 286 simus.
993 257 1055 285 Ilaec
1066 261 1155 284 autem
1174 257 1367 291 prophetarum
1379 255 1479 283 chorus
1496 254 1572 286 dicit,
1587 262 1656 290 qua-

878 305 900 331 si
917 304 968 331 sibi
982 303 1107 338 proprias
1121 309 1266 329 recensens
1279 301 1370 336 populi
1389 300 1567 328 calamitates.

916 361 958 388 II.
975 360 1009 387 Et
1023 360 1068 395 qui
1080 359 1189 386 aderunt
1203 366 1249 385 nos
1266 357 1423 392 diripiebant
1439 356 1500 383 sibi.
1518 356 1558 384 Ad
1574 355 1651 390 igno-

880 407 1004 436 miniam.
1021 406 1119 440 inquit,
1133 403 1338 432 nostratlidisti.

915 453 958 480 15,
969 453 1004 478 Et
1020 460 1070 478 non
1083 451 1132 486 fuit
1148 450 1287 477 multitudo
1296 450 1322 476 in
1331 448 1535 483 jubilatt'onibu:
1549 448 1656 475 nostris.

879 498 1019 529 Jubilatio,
1034 501 1076 524 est
1090 497 1210 524 victoria:
1236 495 1385 523 canticum.
1405 493 1543 521 Sententia
1567 499 1656 520 autem

881 546 938 573 haec
957 550 1018 572 est:
1039 544 1088 575 Ita.
1108 543 1205 577 inquit,
1221 549 1271 569 nos
1293 541 1428 576 abiecisti,
1445 545 1513 567 utet
1534 548 1549 566 a
1566 540 1659 574 paucis

881 599 1059 626 snperenmr,
1090 594 1117 617 et
1141 589 1187 624 qui
1213 588 1333 616 victoriae
1357 594 1465 615 carmen
1491 591 1584 614 contra
1609 592 1659 612 nos

879 637 964 664 edunt
979 636 1086 663 modico
1099 635 1154 663 sint
1167 641 1292 662 numero.

920 693 961 721 M.
974 692 1091 733 Posuisti
1106 699 1152 718 nos
1161 691 1329 726 opprobrium
1341 690 1434 717 uicinis
1452 688 1559 715 nostris.
1576 686 1656 720 Quie-

880 746 987 774 cunque
1000 739 1027 765 in
1039 738 1178 765 Christum
1199 736 1340 767 iecerunt.
1360 735 1427 770 ipsis
1446 734 1565 761 vicissim
1586 733 1658 760 illata

882 788 962 811 sunt:
976 783 1174 817 vituperarunt.
1188 781 1333 815 vituperati
1351 784 1414 807 sunt
1431 788 1437 805 ε
1453 779 1606 809 irriserunt,
1623 778 1660 804 ir-

67 831 179 866 ὲκίνησαν
194 831 235 857 ἐπ’
251 829 324 864 αὐτῷ
347 829 395 861 τὰς
412 827 543 863 κεφαλὰς,
561 828 689 863 ἐκίνησαν
711 827 758 854 καὶ
774 827 831 853 ἓτε-

895 829 930 857 isi
947 833 1027 856 sunt:
1058 829 1145 863 capita
1167 831 1309 854 moverunt
1322 827 1349 853 in
1364 833 1438 858 eum,
1451 824 1540 860 capita
1566 831 1659 851 move-

68 885 102 911 ροι
113 877 156 908 τὰς
166 875 285 910 κεφαλὰς
301 876 344 901 ἐπ’
358 875 461 906 αὐτοῖς.

101 922 188 955 Ὅλην
200 921 258 956 τὴν
271 920 384 956 ἡμέραν
398 920 417 953 ἢ
431 918 560 954 ἐτι-τροπή
569 927 628 953 μου
642 917 835 945 κατεναντίον

65 976 114 1001 μου
123 967 212 994 ἐστίν.
223 966 335 1002 Μακρὰ,
344 966 435 1001 φησὶν,
452 965 499 992 καὶ
515 963 639 999 διηνεκὴς
655 964 671 998 ἡ
686 963 745 990 καθ’
758 962 835 998 ἡμῶν

65 1011 148 1045 γέγονε
163 1010 288 1046 αἰσχύνη.
397 1034 399 1037 .

98 1056 184 1084 Ταῦτα
198 1056 297 1083 πάντα
307 1053 400 1090 ἦλθον
413 1054 459 1088 ἐφ’
468 1053 556 1088 ἡμᾶς,
568 1053 616 1080 καὶ
624 1054 679 1080 οὐκ
692 1052 834 1079 ἐπελαθό-

64 1102 130 1135 μεθά
140 1111 205 1129 σου.
223 1103 293 1137 Ἧδη
314 1102 418 1137 ἔφημεν
430 1121 436 1133 ,
454 1101 493 1133 ὡς
517 1102 541 1128 οἱ
566 1100 702 1136 προφῆταῐ
719 1099 786 1125 εἰσιν
810 1099 834 1124 οἱ

64 1149 231 1184 αναφέροντες
245 1149 296 1184 τὴν
311 1147 451 1184 ἱκετηρίαν
465 1148 496 1174 ἐκ
511 1145 659 1182 προσώπου
682 1145 729 1171 τοῦ
752 1143 833 1176 λαοῦ,

62 1194 292 1230 οἰκειοποιούμενοι
304 1194 339 1221 τὰ
345 1193 388 1221 διὰ
396 1194 445 1225 τὰς
453 1192 541 1220 αὐτῶν
551 1192 685 1227 ἁμαρτίας
694 1200 725 1217 συ
729 1190 835 1226 μὸάντα

64 1249 137 1267 una.

92 1286 142 1312 Kal
152 1286 310 1318 ἐξέκλινας
320 1285 372 1317 τὰς
390 1284 508 1318 τρίϐους
525 1282 611 1318 ἡμῶν
625 1281 684 1308 ἀπὸ
696 1280 751 1314 τῆς
763 1278 835 1306 ὀδοῦ

60 1338 122 1358 σου.
139 1331 230 1358 Ταῦτά
248 1338 341 1365 φασιν,
362 1331 414 1362 ὅτι,
435 1329 619 1364 ἀσεϐήσαντες
643 1327 683 1358 εἱς
706 1325 833 1361 Χριστὸν,

61 1377 103 1403 καὶ
114 1376 158 1404 τοῦ
175 1377 264 1403 τελεῖν
277 1376 325 1412 τὴν
335 1375 405 1402 κατὰ
419 1375 499 1410 νόμον
516 1374 612 1401 θυσίαν
626 1371 794 1407 ἐξώσθησαν.

92 1433 153 1460 Ὀτι
176 1434 381 1464 ὲταπείνωσας
404 1431 483 1466 ἡμᾶς
507 1431 542 1457 ἐν
561 1431 640 1461 τόπῳ
665 1427 834 1460 κακώσεως.

61 1479 138 1505 Τοῦτό
157 1487 239 1514 φησιν
253 1478 298 1505 διὰ
308 1479 339 1505 τδ
358 1477 439 1514 μηδὲν
463 1477 502 1503 ἔτι
515 1475 643 1503 δύνασθαι
659 1475 767 1510 φρονεῖν
781 1473 836 1498 τῶν

59 1524 224 1559 ἓπηρμένων·
240 1524 296 1550 Καὶ
311 1522 426 1558 ἤλεγξας
445 1523 518 1557 ἡμᾶς
536 1522 565 1548 ἐν
585 1520 624 1556 τῷ
642 1520 736 1554 κόσμῳ
750 1520 838 1554 ἡμαρ-

60 1569 177 1604 τηκότας.
207 1569 267 1597 Καὶ
286 1569 479 1602 ἐπεκάλυψεν
503 1566 580 1602 ἡμᾶς
602 1567 674 1593 σκιὰ
697 1565 835 1592 θανάτου.

60 1614 107 1640 Τὸν
121 1614 215 1641 σκότον
233 1614 279 1640 τὸν
291 1614 434 1648 γενόμενον
449 1614 478 1639 ὲν
489 1614 548 1644 ταῖς
561 1611 616 1638 τῶν
628 1610 837 1646 ἀπιστησάντων

60 1660 176 1696 καρδίαις
189 1660 400 1695 κατασημαίνει.

91 1707 124 1733 ΕΖ
134 1706 340 1740 ἐπελαϐόμεθα
355 1705 408 1732 τοῦ
424 1705 567 1739 ὀνόματος
586 1703 638 1730 τοῦ
656 1702 729 1729 Θεοῦ
743 1701 836 1736 ἡμῶν.

60 1750 137 1777 Τοῦτό
165 1758 261 1786 φασιν,
283 1750 321 1780 ὡς
346 1749 442 1784 μηκέτι
460 1748 527 1783 μετὰ
548 1748 596 1783 τὴν
623 1747 777 1774 τελευταίαν
794 1745 839 1772 ἐκ-

60 1805 156 1823 πτωσιν
168 1795 459 1830 ειᾶολολατρήσαντες,
477 1795 493 1829 ἢ
506 1794 585 1820 πάλιν
598 1794 635 1825 ὡς
652 1794 683 1819 ὲκ
694 1791 838 1827 προσώπου

58 1841 107 1868 τῶν
118 1841 280 1878 προφητῶν.

90 1899 149 1926 Ὀτι
159 1898 254 1927 ἕνεκά
267 1906 324 1925 σου
341 1897 544 1930 θανατούμεθα
557 1895 632 1928 ὅλην
646 1895 701 1928 τὴν
714 1893 838 1928 ἡμέραν.

56 1944 164 1980 Ὅμοιον
176 1946 217 1980 τῷ
233 1943 378 1980 εἰρημένῳ·
394 1942 627 1975 Ἐλιθὰσθησιιν,
640 1941 839 1975 ἐπρίσθησαν,

58 1991 90 2017 ἐν
108 1992 192 2026 φόνῳ
208 1990 358 2025 μαχαίρας
377 1988 537 2016 ἀπέθανον.
563 1987 667 2022 ’Ὠσπερ
688 1986 715 2013 δὲ
738 1986 773 2012 τὰ
792 1985 840 2012 τοῦ

58 2036 119 2064 λαοῦ
136 2037 326 2072 ἁμαρτήματα
337 2032 574 2065 οἰκειοποιοῦνται,
587 2033 657 2059 οὕτω
668 2032 713 2059 καὶ
731 2031 765 2058 τὰ
779 2032 841 2058 ἐαυ-

58 2082 219 2118 τῶνηάγαθὰ
244 2082 284 2112 εἰς
305 2080 448 2116 πρόσωπον
467 2079 561 2114 ὥσπερ
578 2078 625 2105 τοῦ
651 2077 716 2104 λαοῦ
740 2076 841 2110 ἀναφέ-

60 2137 158 2162 ρουσιν,
176 2127 304 2163 καθάπερ
319 2126 377 2157 ἑνὸς
388 2126 464 2157 ὄντος
479 2124 603 2160 σώματος
615 2123 661 2150 τοῦ
684 2123 793 2154 παντός.
806 2122 841 2149 Ἦ

884 878 949 902 runt
963 874 990 901 in
1005 873 1066 900 illos
1078 873 1134 899 alii.

883 924 894 952 ιι
925 918 969 946 16.
987 918 1054 945 Tota
1064 918 1107 945 die
1121 917 1276 944 uerecundia
1289 924 1346 943 mea
1357 920 1449 942 contra
1464 923 1503 942 me
1525 920 1571 941 est.
1595 913 1660 940 Diu-

884 970 974 998 turna,
985 964 1085 999 inquit,
1101 968 1129 990 et
1138 963 1248 991 assidua
1259 962 1308 990 fuit
1320 961 1482 990 verecundia
1506 965 1607 988 nostra.

925 1055 966 1082 18.
982 1054 1046 1082 Haec
1074 1054 1164 1081 omnia
1195 1056 1318 1080 venerunt
1344 1059 1421 1086 super
1447 1059 1506 1083 nos,
1521 1059 1567 1077 nec
1586 1049 1661 1076 obliti

885 1109 975 1130 sumus
986 1106 1020 1128 te.
1036 1100 1094 1127 Jam
1109 1100 1228 1128 diximus
1245 1098 1389 1134 prophetas
1396 1105 1455 1125 esse
1467 1096 1512 1132 qui
1524 1105 1557 1124 ex
1569 1096 1661 1131 populi

885 1154 1002 1182 persona
1017 1145 1230 1181 supplicationes
1245 1143 1370 1176 oﬁ'ernnt,
1386 1143 1466 1178 quasi
1483 1141 1591 1177 propria
1605 1141 1658 1168 sibi

884 1196 1042 1228 reputantes
1054 1192 1125 1218 mala
1141 1190 1190 1226 ipsi
1199 1194 1371 1225 peccatorum
1385 1195 1468 1216 causa
1481 1186 1660 1215 obvenientia.

927 1285 969 1311 19.
988 1284 1020 1311 Et
1034 1284 1174 1311 declinasti
1186 1283 1294 1310 semitas
1315 1287 1418 1308 nostra:
1435 1289 1451 1307 a
1470 1280 1512 1306 via
1528 1285 1584 1306 tua.
1601 1278 1662 1306 Haet-

885 1332 971 1361 aiunt.
988 1331 1051 1366 quia
1066 1337 1128 1357 cum
1151 1336 1214 1363 erga
1239 1328 1377 1356 Christum
1401 1326 1482 1360 impie
1504 1325 1633 1360 egissent,
1647 1332 1662 1350 a

886 1377 1019 1404 sacriﬁcio
1043 1375 1122 1410 juxta
1135 1375 1219 1409 legem
1229 1373 1368 1401 oﬁ'erendo
1384 1371 1498 1400 cohibiti
1518 1374 1592 1397 sunt.

930 1432 975 1459 20.
990 1431 1120 1465 Quoniam
1144 1429 1290 1456 Immiliasti
1311 1436 1356 1455 nos
1381 1429 1408 1454 in
1436 1427 1493 1454 loco
1505 1425 1662 1460 afﬂictionis.

887 1478 942 1506 Hoc
957 1479 994 1505 ait
1008 1478 1072 1513 quia
1086 1477 1119 1504 de
1133 1474 1334 1509 insurgentibus
1344 1474 1422 1501 malis
1439 1472 1503 1508 quid
1519 1471 1675 1499 aestimaret

888 1532 942 1552 non
957 1524 1089 1550 haberet:
1114 1521 1145 1549 Et
1167 1521 1313 1556 coarguisti
1341 1528 1390 1547 nos
1418 1519 1453 1546 ob
1472 1518 1620 1545 admissum
1637 1517 1663 1543 in

888 1569 989 1597 mundo
1002 1573 1151 1604 peccatum.
1173 1567 1205 1593 Et
1228 1567 1359 1600 cooperuit
1382 1573 1429 1592 nos
1451 1564 1544 1590 umbra
1559 1563 1663 1589 mortis.

888 1615 1025 1643 Tenebras
1044 1614 1178 1649 signiﬁcat
1186 1613 1333 1640 inﬁdelium
1342 1611 1469 1639 cordibus
1475 1607 1662 1637 circumfusas.

925 1699 1008 1732 2128i
1021 1704 1094 1731 obliti
1113 1712 1202 1730 sumus
1218 1711 1308 1729 nomen
1334 1700 1381 1727 De:
1396 1700 1486 1726 nostri.
1503 1699 1559 1726 IIoc
1579 1698 1664 1729 aiunt.

889 1752 953 1786 quia
980 1751 1082 1778 scilicet
1100 1757 1114 1776 ο
1134 1753 1271 1784 postretno
1294 1755 1344 1774 suo
1362 1747 1437 1780 lapsu
1467 1753 1521 1772 non
1552 1745 1665 1771 ulterius

890 1797 962 1824 idola
973 1796 1126 1826 eoluerunt.
1148 1798 1195 1821 aut
1209 1800 1317 1820 rursum
1346 1799 1393 1818 cett
1419 1798 1452 1817 ex
1470 1797 1586 1825 persona
1601 1796 1664 1818 uro-

889 1841 1042 1875 phetarum.

922 1898 966 1925 2‘2.
981 1898 1050 1930 Quia
1063 1901 1167 1931 propter
1185 1900 1208 1922 te
1219 1894 1411 1925 mortiﬁcamur
1431 1896 1486 1919 tota
1508 1891 1558 1917 dte.
1572 1890 1667 1917 Simile

891 1945 954 1973 huic
966 1943 1007 1972 est
1019 1954 1025 1970 :
1039 1943 1164 1978 Lapidali
1175 1947 1245 1973 sunt.
1259 1941 1322 1968 secti
1332 1944 1404 1970 sunt,
1423 1939 1450 1965 in
1462 1938 1590 1964 occisione
1608 1936 1666 1971 gla-

891 1992 929 2017 dii
945 1990 1040 2017 mortui
1059 1994 1120 2016 sunt
1141 1988 1172 2014 ¹¹⁵.
1200 1985 1436 2020 Quemadmodum
1460 1988 1548 2010 autem
1562 1982 1667 2017 {populi

891 2040 1001 2072 peccata
1014 2035 1065 2063 sibi
1079 2033 1187 2070 propria
1217 2032 1321 2059 faciunt
1343 2031 1379 2057 ita
1393 2035 1419 2057 et
1433 2037 1482 2057 sua
1504 2029 1574 2056 bona
1588 2027 1667 2063 quasi

892 2083 925 2110 ad
938 2081 1030 2117 populi
1060 2087 1203 2115 personam
1219 2077 1351 2108 referunt.
1368 2084 1400 2104 ac
1413 2076 1435 2103 si
1462 2083 1546 2103 unum
1569 2081 1668 2108 corpus

893 2135 987 2155 omnes
1003 2127 1067 2155 sint.
1083 2125 1132 2153 Vel
1146 2126 1197 2153 hoc
1218 2124 1314 2152 modo:
1330 2123 1371 2150 0b
1382 2127 1501 2150 nostram
1518 2121 1544 2148 in
1560 2125 1596 2153 te,
1619 2120 1666 2152 ait,

57 2174 102 2201 καὶ
111 2175 199 2206 οὕτως
209 2183 217 2189 ·
235 2173 285 2200 Διὰ
296 2172 344 2208 τὴν
358 2172 398 2203 εἰς
419 2172 448 2198 σὲ
466 2172 608 2205 γεγονυῖαν
622 2171 687 2206 ἡμῖν
701 2169 834 2196 ἀπιστίαν

895 2173 1077 2200 inﬁdelitatem
1093 2172 1120 2198 in
1132 2176 1235 2198 tantum
1249 2169 1354 2196 ruimus
1366 2167 1440 2198 mali.
1467 2171 1496 2194 ut
1510 2165 1614 2193 similes
1632 2164 1668 2191 si-

58 2220 147 2255 ωησὶν,
161 2221 203 2251 εἰς
217 2218 343 2245 τοσοῦτον
359 2217 462 2252 ἥκομεν
480 2216 579 2246 κακὸν,
603 2215 640 2247 ὡς
656 2215 772 2241 ἐοικέναι
795 2215 841 2240 ἀν-

56 2265 174 2300 θρώποις
184 2265 237 2300 τὴν
245 2263 290 2290 ἐπὶ
303 2262 414 2288 θάνατον
428 2261 554 2296 φέρουσιν
564 2261 662 2296 ψῆφον,
672 2260 719 2287 καὶ
731 2259 783 2294 μὴν
795 2258 842 2285 καὶ

55 2311 203 2346 προῆἀτοις
218 2311 258 2340 εἰς
273 2307 378 2342 σφαγὴν
391 2307 544 2341 ἀγομένοις.

94 2356 295 2391 Ὲξεγέρθητι,
314 2354 364 2380 ἵνα
384 2353 412 2379 τι
434 2352 551 2385 ὑπνοῖς,
575 2352 682 2385 Κύριε;
699 2351 755 2386 Τὴν
778 2350 841 2376 πολ-

55 2402 103 2437 λὴν
116 2402 221 2436 ἀνοχὴν
236 2399 286 2426 τοῦ
305 2398 383 2430 Θεοῦ,
401 2399 435 2433 ἣν
452 2399 568 2424 ἐποιεῖτο
587 2396 630 2422 διὰ
641 2397 689 2427 τὰς
703 2395 840 2431 ἁμαρτιας

55 2448 155 2480 αὐτῶν,
166 2447 245 2482 ὕπνῳ
265 2446 492 2481 παραϐάλλουσιν.
502 2443 663 2476 Ἀνάστηθι,
683 2442 731 2468 καὶ
739 2441 842 2476 μὴάξι-

53 2493 116 2526 ώσῃ
128 2493 173 2524 εις
185 2491 283 2523 τέλος.
302 2490 453 2524 Ἀνάστηθι,
467 2488 552 2522 λέγει,
564 2488 612 2522 οὐχ
621 2487 693 2517 ὅπως
709 2484 841 2520 ἐναλλάξῃ

53 2538 83 2564 τὸ
98 2539 196 2573 σχῆμα
206 2545 215 2553 ·
231 2536 262 2562 τὸ
282 2535 352 2562 θεῖον
367 2535 420 2570 γὰρ
438 2533 649 2568 ἀσχημάτιστον.
665 2531 721 2557 ἀλλ’
739 2530 780 2556 ἴνα
801 2538 842 2555 κι-

54 2586 123 2620 νήσῃ
135 2584 187 2618 τὴν
203 2580 300 2608 ἑαυτοῦ
311 2580 423 2615 δύναμιν
436 2580 474 2610 εἰς
489 2579 624 2613 ἡμετέραν
637 2576 773 2612 βοήθειαν.
788 2574 842 2602 Καὶ

51 2629 94 2663 μὴ
116 2627 230 2661 ἀπὼσῃ
256 2628 300 2660 εὶς
319 2626 406 2658 τέλος
430 2626 497 2659 μήτε
513 2625 575 2655 τοὺς
592 2622 744 2652 ποιοῦντας.
774 2620 842 2655 μήτε

53 2675 116 2706 τοὺς
129 2673 300 2708 πάσχοντας,
315 2672 358 2699 ἵνα
379 2672 446 2707 μήτε
459 2672 483 2697 οἱ
497 2670 654 2704 πάσχοντες,
679 2668 716 2698 ὡς
732 2666 842 2700 ὁλοκλή-

54 2728 109 2754 ρως
123 2718 252 2749 δοθέντες
269 2718 324 2748 τοῖς
345 2717 506 2752 πειρασμοῖς
526 2714 705 2749 ὁλισθήσωςι,
730 2712 797 2747 μήτε
817 2711 842 2736 ol

100 2809 123 2824 ”
138 2806 226 2834 Hebr.
247 2813 286 2839 ιι,
306 2805 352 2834 57,

892 2226 955 2246 mus
968 2217 1123 2245 hominibus
1149 2215 1244 2242 mortis
1261 2213 1422 2241 sententiam
1446 2211 1605 2242 ferentibus,
1629 2214 1669 2236 at-

892 2271 945 2298 que
959 2263 1056 2291 ovibus
1071 2262 1103 2289 ad
1117 2261 1281 2288 occisionem
1295 2259 1394 2286 ductis.

926 2351 970 2377 25.
988 2349 1115 2384 Exsurge,
1139 2357 1218 2383 quare
1244 2348 1385 2378 obdormis,
1405 2346 1531 2373 Domine?
1546 2344 1668 2379 Magnam

893 2397 939 2424 Dei
958 2397 1126 2423 tolerantiam
1145 2403 1198 2430 qua
1215 2402 1308 2422 eorum
1320 2398 1429 2427 peccata
1447 2392 1559 2423 ferebat,
1573 2398 1670 2418 somno

892 2441 1180 2477 comparant.Exsurge
1192 2445 1216 2467 et
1228 2448 1258 2467 ne
1272 2439 1381 2474 repellas
1396 2439 1421 2464 in
1436 2437 1522 2472 ﬁnem.
1538 2435 1668 2469 Exsurge.
1683 2466 1687 2477 ’

892 2489 939 2520 ait,
954 2496 1006 2515 non
1023 2492 1052 2514 ut
1064 2488 1188 2514 immutet
1204 2485 1343 2512 habitum:
1360 2483 1482 2510 divinum
1493 2481 1565 2508 enim
1584 2480 1686 2514 quod-3

892 2533 957 2560 libet
969 2537 1011 2560 est
1026 2532 1134 2559 habitus
1147 2535 1174 2558 et
1188 2531 1280 2565 ﬁgurae
1296 2536 1411 2563 expers;
1428 2527 1474 2554 sed
1493 2530 1522 2552 ut
1540 2526 1668 2552 virtutem
1684 2537 1698 2570 ἱ

893 2586 970 2605 suam
982 2579 1014 2605 ad
1029 2581 1150 2605 nostrum
1165 2579 1273 2604 moveat
1283 2574 1428 2601 auxilium.
1461 2571 1495 2598 Et
1509 2579 1540 2598 ne
1560 2569 1669 2603 repellas

892 2625 919 2651 in
935 2624 1023 2658 ﬁnem,
1040 2631 1089 2650 nec
1105 2622 1259 2655 inferentes,
1274 2628 1361 2656 neque
1388 2619 1520 2654 patientes
1535 2616 1605 2643 mala
1616 2635 1623 2647 ,
1641 2619 1669 2640 ut

893 2678 927 2697 ne
952 2670 970 2696 ii
998 2670 1044 2704 qui
1071 2669 1220 2704 patiuntur,
1246 2666 1323 2703 quasi
1349 2663 1544 2693 tentationibus
1558 2667 1670 2695 prorsm

893 2715 976 2744 dediti
1001 2715 1142 2742 labantur;
1158 2721 1246 2749 neque
1270 2713 1289 2740 ii
1312 2712 1359 2748 qui
1376 2710 1454 2738 mala
1476 2707 1594 2736 inferunt
1608 2704 1672 2731 diu—
