1928 3053
71 153 124 179 209

617 152 798 181 EXPOSITIO
818 153 852 180 IN
871 152 1037 181 PSALMUM
1058 148 1149 181 Ὶῑων,

1628 158 1681 185 210

70 212 189 247 Κύριος⁹
209 213 257 238 καὶ
279 211 355 239 τοῦτο
376 211 446 239 κατὰ
463 212 543 246 φύσιν
562 212 646 247 αὐτῷ.
667 213 743 240 Ἐστι
757 214 786 240 δὲ
809 214 847 240 κα¹

905 213 1039 248 siquidem
1056 211 1263 248 potentissimus
1279 212 1324 240 ille
1337 217 1388 247 est,
1410 213 1437 240 id
1451 217 1507 247 est,
1514 218 1681 249 potestatum

70 258 168 293 ὡραῖος
185 259 234 294 μὲν
245 259 301 290 τοῖς
314 258 482 292 ἐπεγνωκόσι
501 258 550 293 τὴν
571 259 732 293 ἐπιφάνειαν
754 259 853 291 αὑτοῦ,

70 304 117 329 καὶ
137 303 167 329 τὸ
189 304 373 339 ὑπερκόσμιον
398 303 494 335 κάλλος
519 306 659 331 κατανοεῖν
687 304 852 340 δυναμένοις.

70 348 117 383 Τῷ
132 348 159 374 δὲ
175 348 255 384 μηρῷ
271 349 320 384 τὴν
335 349 468 384 ῥομφαίαν
491 350 640 386 ἐνήρμοσεν
654 351 721 386 πρὸς
736 350 784 386 τὴν
801 350 854 377 τῶν

70 395 259 424 ἀπιστούντων
274 395 386 430 ἀπειλὴν
399 395 446 422 καὶ
462 395 515 422 τῶν
527 396 720 431 ἀντικειμένων
735 396 783 428 τὰς
799 396 852 430 φά-

70 441 185 474 λαγγας.
206 441 273 476 Περὶ
289 440 352 475 γοῦν
373 441 427 467 τῶν
441 441 623 468 ἀπειθούντων
639 443 719 477 φησὶν
747 443 762 468 ὁ
784 443 853 478 ψαλ-

72 487 136 522 μός·
164 487 234 514 Ἐὰν
247 487 289 522 μὴ
309 487 520 522 ἐπιστραρῆτε,
545 488 601 522 τὴν
623 489 774 522 ῥομφαίαν
801 491 853 516 αὺ-

70 533 124 560 τοῦ
135 533 306 560 στιλὸώσει.

109 621 149 656 Τῇ
163 622 319 656 ὡραιότητί
334 631 390 649 σου
407 624 454 650 καὶ
469 623 509 656 τῷ
530 623 634 650 κάλλει
658 631 724 650 σου.
746 624 850 658 Ὧρσιό-

69 674 118 701 ἰ-ης
134 666 161 692 δὲ
175 667 222 692 καὶ
234 666 330 698 κάλλος
346 666 391 692 τοῦ
411 667 646 702 στρατευσαμένου
659 668 675 702 ἠ
693 667 787 702 θεότης
802 667 850 694 ati-

69 711 116 738 τοῦ
145 712 192 738 καὶ
220 713 236 747 ἡ
264 712 334 738 κατὰ
357 713 464 739 πάντων
482 713 611 748 ὑπεροχή.
630 712 683 739 Καὶ
705 712 848 744 timemur,

906 259 1048 292 Dominus,
1061 259 1132 293 quod
1159 258 1197 285 illi
1226 258 1375 286 secundum
1391 263 1516 286 naturam
1541 260 1680 295 competit.
1696 285 1705 294 ,

905 305 953 332 Est
968 309 1056 332 autem
1071 305 1209 339 speciosus
1225 304 1258 331 iis
1271 305 1317 339 qui
1331 311 1430 332 norunt
1446 305 1591 333 adventum
1610 305 1680 340 ejus,

905 351 1006 385 quique
1019 350 1252 386 pulchritudinem
1263 350 1333 386 ejus,
1343 351 1618 379 mundanamomnem
1633 359 1681 378 ex-

904 401 1086 430 superantem,
1102 400 1214 431 possunt
1241 397 1401 432 intelligere.
1428 396 1537 424 Femori
1563 397 1608 425 ille
1629 392 1681 424 suo

903 443 1020 478 gladium
1034 443 1169 477 apposuit,
1196 447 1225 470 ut
1237 443 1325 470 minas
1351 443 1504 470 inﬁdelibus
1522 443 1678 474 intentaret,

903 496 1007 516 necnon
1032 489 1178 523 manipulis
1202 489 1430 516 adversariorum.
1463 487 1499 516 De
1525 488 1679 516 inﬁdelibus

903 534 992 569 itaque
1007 534 1127 569 psalmus
1140 535 1221 562 dicit:
1238 534 1299 561 Nisi
1313 535 1426 561 conversi
1438 534 1550 568 fueritis,
1562 534 1679 569 gladium

901 588 978 606 suum
998 580 1109 608 vibrabit
1126 581 1159 606 ".

935 626 962 653 5.
991 625 1081 661 Specie
1100 632 1146 653 tua
1171 631 1195 653 et
1220 626 1413 660 pulchritudine
1438 630 1493 652 tua.
1519 625 1628 660 Species
1651 629 1678 652 et

900 673 1073 706 pulchritudo
1098 672 1192 700 militis
1209 673 1290 706 illius,
1309 678 1350 700 est
1367 673 1453 700 deitas
1474 672 1544 707 ejus,
1567 677 1593 699 et
1609 679 1678 707 pnas-

900 718 998 744 stantia
1025 725 1078 752 qua
1099 725 1194 746 omnes
1222 723 1375 753 exsuperat.
1403 718 1529 750 Intende,
1556 713 1677 752 prospere

69 757 118 783 καὶ
136 757 311 789 κατευοδοῡ,
335 757 382 784 καὶ
408 758 566 789 βασίλευε.
585 758 720 784 Ἔντεινον
735 757 769 784 τὰ
785 757 847 791 τόξα

901 761 1006 794 procede
1019 766 1044 788 et
1060 770 1147 797 regna.
1169 762 1290 795 Intende,
1306 763 1404 798 inquit,
1422 770 1501 790 arcus
1512 759 1588 795 tuos,
1616 768 1678 796 pro-

69 810 127 832 σου,
145 803 221 837 φησι,
249 803 391 829 κατενοδοῦ
408 803 435 830 δὲ
458 803 684 838 δεδικαιωμένους
709 803 762 830 ὑπὸ
790 804 848 836 σοῦ,

68 844 106 874 ὣν
121 847 280 882 βασιλεύεις,
295 849 386 883 φησὶν,
403 849 559 881 ἀπαλλάξας
575 849 672 880 αὐτοὺς
686 849 733 875 τοῦ
749 849 846 884 τυράν-

899 813 977 841 spere
988 807 1133 840 procedere
1144 807 1225 835 facito
1237 816 1284 835 eos
1295 808 1340 842 qui
1354 807 1546 842 atejustiiicati
1558 807 1676 835 fuerunt.

899 848 927 875 in
948 856 1025 884 quos,
1039 849 1086 882 ait,
1103 857 1211 884 regnas,
1226 855 1370 884 postquam
1389 849 1508 876 liberasti
1527 857 1574 876 eos
1599 857 1614 876 a
1635 854 1678 884 ty—

67 901 124 920 νου.
140 893 264 920 Δείκνυσι
288 895 383 930 νοερὰν
397 892 480 921 οὖσαν
497 895 548 930 τὴν
571 895 663 929 νίκην·
681 895 770 921 ὃπλων
795 895 847 930 γὰρ

901 902 996 921 ranno.
1008 895 1111 922 indicat
1122 895 1289 929 spiritualem
1298 903 1358 924 esse
1369 896 1518 922 victoriam.
1529 894 1675 930 Postquam

68 939 268 974 μνημονεύσας,
299 940 432 975 μέμνηται
457 941 503 967 καὶ
525 941 686 976 πραότητος.
706 941 796 976 Πράσυ
821 940 849 967 δέ

68 987 126 1012 ἐστι
150 986 183 1012 τὰ
200 987 251 1020 μὲν
265 988 305 1018 εἰς
323 987 415 1013 ἑαυτὸν
438 988 545 1021 ἀφεῖναι
573 988 627 1019 τοῖς
650 987 846 1022 ἀδικουμένοις.

67 1031 122 1058 Καὶ
134 1031 277 1066 ὀδηγήσει
292 1040 329 1058 σε
343 1032 519 1066 θαυμαστῶς
530 1033 549 1066 ἡ
563 1032 646 1064 δεξιά
657 1040 725 1059 σου.
739 1032 848 1068 Ἐπειδὴ

66 1077 120 1111 γὰρ
138 1077 274 1112 ῥομφαίας
291 1077 505 1113 ἐμνημόνευσεν,
523 1077 667 1104 ἀκόλουθον
692 1077 739 1104 καὶ
761 1078 849 1110 δεξιᾶς

65 1122 212 1157 ἐποιήσατο
229 1124 349 1158 μνήμην.
365 1123 444 1156 Δεξιὰ
456 1124 484 1150 δὲ
499 1123 581 1150 αὐτοῦ
605 1124 638 1150 τὰ
651 1123 724 1156 δεξιὰ
739 1123 847 1158 βουλεύ-

66 1177 152 1203 ματα,
167 1167 207 1200 οἷς
220 1169 388 1204 κεχρημένος
404 1169 454 1204 τὴν
466 1169 514 1204 τῆς
532 1169 666 1205 ἁμαρτίας
681 1169 730 1196 οὐκ
743 1169 848 1201 ἐδέξατο

64 1214 229 1249 προσϐολήν.

102 1259 142 1285 Τὰ
158 1259 238 1292 ,ϐέλη
262 1267 320 1286 σου
344 1260 524 1295 ἠκονημένα,
553 1261 672 1288 durate.
694 1261 760 1296 Βέλη
786 1262 848 1292 τοὺς

62 1305 160 1339 ἁγίους
174 1305 337 1336 ἀποστόλους
352 1307 443 1341 φησιν,
469 1307 493 1332 οἳ
510 1307 556 1333 καὶ
570 1307 598 1333 έν
620 1307 719 1343 καρδίᾳ
740 1307 848 1341 καιρίας

61 1349 196 1376 δεδώκασι
212 1349 319 1384 πληγὰς
338 1352 393 1381 τοίς
406 1351 511 1386 ἐχθροῖς
520 1350 566 1377 τοῦ
584 1351 720 1383 Βασιλέως
732 1351 786 1378 τῶν

62 1395 237 1422 σιλευόντων.
259 1395 350 1422 Ταῦτα
368 1396 396 1422 δὲ
417 1396 449 1422 τὰ
467 1396 542 1431 βέλη,
562 1396 698 1432 πλήξαντα
724 1398 764 1428 εἰς
781 1406 847 1432 καρ-

61 1442 122 1468 δίαν
135 1442 200 1473 τοὺς
220 1441 331 1477 νοητοὺς
347 1441 469 1477 ἐχθροὺς,
486 1442 578 1477 ἴσχυσε
602 1443 784 1478 προσενέγκαι
799 1444 848 1478 τὴν

62 1487 109 1512 ὑπ’
125 1486 240 1522 οὐρανὸν
263 1487 315 1514 ὑπὸ
331 1487 414 1519 πόδας
430 1487 558 1522 Χριστοῦ,
575 1488 621 1514 καὶ
634 1488 683 1522 τῆς
700 1488 782 1514 αὑτοῦ
803 1488 848 1523 βα-

63 1533 169 1564 σιλείας
185 1533 324 1559 ὑποθεῖναι
348 1534 403 1565 τοῖς
421 1533 521 1567 ζυγοῖς.
546 1533 589 1560 Ἐν
609 1534 754 1570 ὺπερὸατῷ
769 1534 797 1560 δὲ
821 1535 845 1561 οἱ

64 1578 163 1613 στίχοι,
178 1579 222 1604 ἴνα
234 1575 300 1605 ὦσιν
313 1578 415 1610 οὕτως·
430 1579 470 1604 Τὰ
485 1579 549 1614 βέλη
562 1587 607 1606 σου
623 1580 786 1616 ἠκονημένα,
801 1581 845 1607 δυ-

63 1623 137 1655 νατὲ,
153 1623 182 1649 ὲν
196 1622 321 1657 καρδίαις
334 1621 387 1648 τῶν
405 1622 508 1657 ἐχθρῶν
524 1623 570 1649 τοῦ
587 1623 726 1658 βασιλέως.

105 1669 137 1694 '0
150 1668 255 1702 θρόνος
266 1675 334 1700 σου,
342 1669 358 1695 ὀ
367 1669 450 1700 Θεὸς,
457 1670 500 1700 είς
510 1669 561 1695 τὸν
568 1669 660 1696 αἰῶνα
669 1670 721 1696 τοῦ
729 1669 844 1703 αἰῶνος,

63 1716 96 1742 υἱ
110 1714 274 1750 κεκλημένοι
287 1713 330 1740 διὰ
338 1713 391 1740 τῶν
407 1714 572 1746 ἀποστόλων,
593 1715 784 1750 ὁμολογοῦντες
799 1716 846 1743 τοῦ

63 1759 234 1792 Μονογενοῠς
244 1759 293 1794 τὴν
302 1758 427 1794 θεότητα,
435 1760 525 1793 φασίν·
535 1760 564 1786 Ὀ
573 1761 769 1794 ορόνοςσου,ὀ
776 1762 847 1793 Θεὸς

63 1808 108 1838 εἰς
121 1806 175 1832 τὸν
188 1804 282 1832 ιιιιῖγνα
294 1805 347 1832 τοῦ
361 1805 476 1838 αἰῶνος.
499 1806 616 1839 Ῥάϐδος
641 1807 803 1841 εὐθύτητος
827 1809 845 1842 ή

63 1851 174 1885 ίάϐδος
191 1850 244 1884 τῆς
256 1851 418 1884 βασιλείας
433 1859 501 1878 σου.
525 1853 557 1878 'll
582 1852 696 1888 εὐθύτης
721 1853 797 1889 παρὰ
814 1856 845 1889 τῇ

65 1896 125 1930 θείᾳ.
140 1896 235 1931 Γραφῇ
252 1896 424 1932 δικαιοσύνην
437 1897 574 1932 σημαίνει.
592 1899 672 1932 Λέγει
695 1899 794 1930 τοίνυν,
809 1899 846 1932 ὼς

64 1943 88 1967 οἱ
100 1941 302 1976 βασιλευόμενοι
320 1942 395 1977 παρὰ
414 1942 542 1978 Χριστοῦ,
554 1943 601 1979 τὴν
614 1944 663 1978 τῆς
678 1943 846 1980 δικαιοσύνης

66 1987 178 2021 μάθοιεν
196 1987 312 2021 βαδίζειν
324 1987 391 2014 ὁδόν.

107 2032 279 2067 Ὴγάπησας
302 2032 510 2068 δικαιοσύνην,
538 2035 585 2061 καὶ
613 2036 763 2070 ἐμίσησας
777 2037 847 2064 ἀνο-

62 2079 145 2113 μίαν.
167 2078 276 2114 Ἐπειδὴ
291 2098 298 2110 ,
315 2079 364 2114 τὴν
381 2080 483 2116 τροπὴν
508 2079 640 2113 παθοῦσα,
656 2083 672 2118 ὴ
695 2082 846 2118 ἀνθρώπων

65 2123 146 2156 φύσις
169 2122 352 2157 καταλείψασα
375 2123 425 2158 τὴν
446 2124 618 2160 δικαιοσύνην
644 2126 772 2161 ἠγάπησε
798 2126 846 2162 τὴν

64 2167 189 2203 ἀνομίαν,
206 2168 291 2205 ταύτῃ
304 2177 345 2195 τοι
372 2169 480 2203 γέγονεν
491 2169 632 2205 ἄνθρωπος
648 2173 662 2197 ὁ
682 2172 844 2207 Μονογενὴς,

898 939 970 966 enim
984 947 1058 966 arma
1074 941 1306 969 commemoravit.
1327 941 1359 968 de
1376 941 1581 968 mansuetudine
1599 948 1676 967 men-

898 983 998 1010 tionem
1011 983 1084 1012 facit.
1105 984 1238 1012 Mansueti
1253 990 1341 1013 autem
1363 990 1414 1019 est,
1428 986 1516 1013 illatas
1530 985 1581 1013 sibi
1602 985 1675 1021 inju-

898 1030 953 1057 rias
965 1030 1110 1075 dimittere;
1126 1031 1159 1058 Et
1171 1031 1276 1059 deducet
1295 1037 1318 1058 te
1334 1031 1490 1059 mirabiliter
1501 1031 1607 1058 dextera
1617 1037 1674 1059 tua.

898 1074 1011 1108 Quando
1033 1074 1106 1103 enim
1135 1077 1254 1111 gladium
1280 1077 1456 1111 memoravit,
1479 1082 1675 1112 consequenter

898 1123 978 1149 etiam
990 1122 1023 1149 de
1032 1122 1142 1150 dextera
1155 1123 1282 1158 loquitur.
1299 1122 1410 1150 Dextera
1427 1127 1516 1150 autem
1530 1122 1588 1157 ejus
1600 1126 1674 1154 sunt,

897 1168 1005 1194 dextera
1028 1168 1085 1196 sive
1107 1169 1223 1204 genuina
1245 1169 1368 1201 censilia,
1388 1168 1464 1204 queis
1487 1175 1553 1196 usus
1573 1168 1674 1203 peccati

898 1212 1026 1247 impetum
1038 1221 1090 1240 non
1104 1214 1217 1248 excepit.

932 1258 958 1285 6.
979 1258 1089 1294 Sagitta:
1112 1264 1164 1286 tua
1183 1263 1283 1291 acum,
1302 1267 1317 1286 ο
1335 1265 1434 1293 potem.
1456 1258 1573 1293 Sagittas
1597 1262 1676 1285 voca:

898 1309 1008 1332 sanctos
1029 1305 1176 1340 apostolos,
1197 1305 1244 1340 qui
1271 1306 1352 1332 etiam
1375 1305 1482 1332 lethalia
1496 1305 1608 1332 vulnera
1635 1305 1676 1331 in-

897 1349 990 1377 ﬁixere
1005 1351 1030 1377 in
1046 1358 1094 1378 cor
1107 1351 1278 1378 inimicorum
1306 1350 1386 1386 Regis
1397 1358 1501 1385 regum.
1516 1351 1579 1378 Haec
1594 1358 1676 1386 porro

898 1394 950 1421 tela
961 1403 1020 1429 quae
1033 1395 1188 1430 spirituales
1203 1395 1328 1423 inimicos
1343 1396 1371 1422 in
1387 1395 1468 1423 corde
1488 1395 1674 1429 vulnerarunl,

898 1441 990 1467 orbem
1016 1445 1163 1475 potuerunt
1191 1441 1291 1468 Christi
1319 1441 1433 1476 pedibus
1457 1442 1626 1475 submittere,
1648 1447 1676 1469 et

896 1486 961 1521 jugo
987 1487 1063 1522 regni
1084 1486 1143 1522 ejus
1161 1487 1303 1522 subjicere.
1319 1487 1452 1515 Caeterum
1470 1487 1497 1515 hi
1514 1496 1609 1516 versus
1628 1495 1676 1523 per

898 1532 1062 1568 hyperbaton
1091 1533 1236 1567 dicuntur,
1269 1538 1298 1560 ut
1333 1539 1429 1562 sonent
1454 1545 1460 1562 :
1485 1535 1593 1570 Sagittae
1623 1539 1675 1563 tute

897 1583 993 1612 aculai,
1007 1587 1024 1607 ο
1042 1583 1149 1615 potens,
1167 1579 1195 1606 in
1213 1579 1341 1607 cordibus
1358 1580 1529 1608 inimicorum
1545 1582 1626 1617 regis,

933 1667 958 1694 7.
980 1667 1098 1695 Thronus
1122 1673 1192 1701 tuus,
1212 1669 1293 1702 Deus,
1315 1671 1342 1697 in
1359 1671 1485 1698 amulum
1504 1672 1604 1700 saeculi.
1622 1672 1674 1707 Qui

897 1713 983 1740 vocati
997 1720 1044 1748 per
1062 1715 1200 1749 apostolos
1215 1720 1278 1742 sunt
1294 1716 1452 1744 conﬁtentes
1467 1716 1602 1752 Unigeniti
1615 1719 1674 1746 dei-

897 1762 992 1790 tatem,
1007 1759 1083 1786 aiunt
1098 1769 1104 1786 :
1125 1759 1242 1788 T/tranus
1263 1761 1423 1795 tuus,Deus,
1435 1763 1596 1792 insecutum
1623 1773 1674 1792 εω-

897 1803 960 1830 culi.
991 1803 1070 1840 Virga
1100 1806 1250 1833 directianis
1281 1808 1353 1842 virga
1383 1809 1455 1843 regni
1490 1810 1538 1836 tui.
1559 1809 1675 1838 Direetio

898 1849 924 1875 in
937 1849 1035 1877 divinis
1051 1849 1200 1885 Scripturis
1212 1851 1345 1886 justitiam
1366 1853 1509 1888 signiﬁcat.
1524 1854 1568 1880 Ait
1581 1855 1673 1889 igitur,

897 1894 997 1928 quibus
1020 1895 1134 1930 imperat
1157 1896 1282 1925 Christus
1306 1898 1331 1924 in
1351 1899 1393 1925 via
1412 1899 1524 1933 justitiaa
1553 1900 1674 1928 incedere

897 1940 1025 1968 ediscant.

932 2030 959 2056 8.
982 2029 1250 2064 Dilexiatt'justitiam
1264 2036 1289 2058 et
1302 2031 1381 2058 odisti
1394 2032 1568 2067 iniquitatem.
1584 2033 1675 2066 Quan-

897 2076 1042 2112 doquidem
1059 2077 1201 2105 hominum
1217 2083 1324 2111 natura,
1343 2079 1520 2107 mutationem
1535 2088 1673 2115 perpessa,

897 2122 1048 2150 deserendo
1061 2122 1195 2157 justitiam
1215 2123 1309 2151 dilexit
1329 2125 1516 2160 iniquitatem;
1533 2125 1594 2153 ideo
1610 2125 1675 2154 Uni-

897 2168 1004 2202 geuitus
1019 2167 1105 2195 factus
1123 2169 1204 2211 homo
1219 2174 1268 2200 est,
1285 2173 1314 2196 ut
1333 2169 1361 2196 in
1383 2177 1413 2196 se
1430 2170 1574 2197 humanam
1587 2171 1674 2198 corri-

64 2215 206 2250 κατορθῶν
221 2216 250 2241 ὲν
263 2215 352 2251 ἑαυτῷ
375 2217 406 2251 τῇ
421 2215 569 2251 ἀνθρώπων
584 2216 662 2250 φύσει
682 2217 712 2244 τὸ
734 2218 843 2254 ἀγαπᾷν

901 2221 963 2248 gens
976 2218 1112 2246 naturam,
1134 2215 1160 2241 id
1179 2214 1294 2257 eﬁi‘ceret
1313 2220 1343 2242 ut
1362 2215 1484 2250 diligeret
1495 2216 1628 2251 justitiam
1647 2221 1675 2244 et

63 2260 238 2296 δικαιοσύνην
253 2261 299 2287 καὶ
317 2262 404 2296 μισεῖν
415 2262 527 2297 ἀνομίαν
537 2271 544 2277 ·
559 2261 605 2288 καὶ
620 2263 637 2297 ἡ
648 2263 696 2298 τῆς
712 2263 845 2299 ένανθρω-

63 2307 176 2341 πήσεως
191 2305 261 2340 αὕτη
275 2306 357 2333 αἰτία.
373 2306 418 2332 Διὸ
431 2315 521 2342 φησιν·
538 2306 588 2334 Διὰ
601 2307 686 2333 τοῦτο
699 2307 802 2341 ἔχρισέ
809 2317 845 2335 σε

63 2351 80 2376 ό
92 2349 175 2382 Θεός.
188 2349 238 2376 Διά
251 2348 328 2375 τοῦτο
337 2349 375 2381 δὲ,
386 2351 460 2376 ποῖον
471 2358 478 2383 ;
495 2351 511 2385 ἢ
523 2350 592 2377 ὥστε
604 2351 651 2377 καὶ
664 2351 726 2383 τοὺς
738 2353 765 2378 ἐν
780 2352 844 2387 μεθ-

62 2395 120 2427 έξει
136 2403 184 2420 σου
205 2395 366 2430 γενομένους
382 2395 576 2429 ἀγαλλιᾶσθαι’
608 2397 656 2423 ἆτε
669 2396 701 2432 δὴ
713 2397 750 2429 ὡς
765 2398 846 2434 ἠλεη-

65 2440 164 2476 μένους
179 2439 223 2466 διὰ
235 2440 264 2466 τὺ
280 2440 475 2475 κατωρθῶσθαι
498 2442 589 2474 αὐτοῖς
605 2443 648 2470 διὰ
667 2443 713 2470 σοῦ
728 2445 758 2470 τὸ
777 2446 845 2480 ἀγα-

62 2486 120 2520 πᾷν
146 2485 316 2521 δικαιοσύνην
347 2487 393 2512 καὶ
423 2488 511 2521 μισεῖν
536 2488 659 2523 ἀνομίαν.
678 2489 729 2516 Διὰ
757 2489 845 2516 τοῦτο

63 2531 169 2566 Emtae
180 2539 217 2558 σε
231 2533 247 2558 ό
263 2531 345 2565 Θεὸς,
365 2533 381 2559 ό
401 2533 472 2565 Θεός
495 2541 563 2560 σου.
581 2534 643 2560 Ἐπὶ
661 2534 738 2561 τοῦτο
753 2535 845 2571 ἡλιιψέ

63 2587 94 2604 σε
111 2578 126 2604 ὁ
137 2577 213 2609 Θεὸς,
232 2578 246 2603 ό
261 2577 327 2610 Θεός
345 2587 403 2609 σου,
421 2579 503 2613 φησί’
521 2579 551 2605 τὸ
567 2580 620 2614 γὰρ
642 2580 844 2617 ἕχρισεν,ήλει-

61 2624 114 2658 ψεν
131 2624 319 2659 ἑρμηνεύεται.
346 2624 483 2660 Συνῆπται
508 2625 536 2651 δὲ
561 2627 578 2661 ὴ
597 2626 690 2653 τούτου
714 2627 845 2663 ἑρμηνεία

63 2663 166 2696 ἀνωθεν
178 2670 217 2702 εἰς
227 2670 268 2702 τὸ,
287 2669 457 2705 Ἠγάπησας
472 2670 678 2706 δικαιοσύνην.

99 2716 220 2750 Σμύρνα
236 2715 285 2742 καὶ
310 2715 426 2755 στακτὴ
452 2716 501 2742 καὶ
516 2718 609 2744 κασία
623 2718 681 2745 ἀπὸ
705 2718 765 2746 τῶν
785 2719 844 2754 ἱμα-

63 2762 134 2789 τίων
148 2770 218 2789 σου.
241 2761 346 2795 Ὶμάτια
356 2761 402 2787 τοῦ
423 2762 589 2794 Μονογενοῦς
607 2763 724 2798 νοηθεῖεν
740 2763 772 2790 ἂν
799 2764 844 2791 δυ-

101 2852 120 2867 ¹¹
131 2849 203 2878 Psal.
225 2859 271 2882 vn,
290 2851 329 2877 l3.

897 2259 960 2286 odio
974 2259 1086 2286 haberet
1100 2259 1269 2294 iniquitatem
1289 2270 1296 2287 :
1315 2265 1396 2296 atque
1411 2261 1503 2289 isthazc
1517 2261 1569 2289 fuit
1582 2263 1673 2290 incar-

895 2305 1012 2332 nationis
1027 2313 1119 2332 causa.
1142 2306 1325 2338 Quamobrem
1349 2307 1406 2334 ait:
1433 2307 1574 2342 Propterea
1597 2309 1674 2336 unxit

896 2355 919 2376 te
932 2350 1012 2377 Deus.
1027 2349 1269 2386 Propterea,quare
1277 2352 1354 2390 {nisi
1368 2358 1397 2380 ut
1411 2354 1457 2388 qui
1473 2355 1511 2382 tui
1529 2356 1674 2390 participes

895 2400 986 2423 essent
1006 2397 1185 2430 exsultarent,
1202 2387 1297 2432 utpote
1313 2398 1360 2432 qui
1375 2406 1409 2426 ex
1420 2387 1613 2428 misericordia
1627 2407 1673 2429 tua

895 2441 922 2468 id
937 2443 1075 2470 consecuti
1096 2442 1150 2470 sint
1172 2447 1202 2470 ut
1226 2443 1367 2478 diligerent
1392 2445 1526 2480 justitiam
1555 2451 1582 2474 et
1612 2448 1673 2476 odio

895 2487 1025 2515 haberent
1051 2489 1230 2524 iniquitatem.
1259 2489 1403 2524 Propterea
1426 2493 1502 2519 unxit
1529 2498 1553 2520 te
1579 2493 1672 2527 Deus,

894 2533 964 2560 Deus
977 2538 1047 2561 tuus.
1060 2533 1124 2561 ldeo
1135 2535 1243 2562 inunxit
1254 2539 1280 2562 te
1296 2535 1379 2568 Deus,
1395 2536 1467 2565 Deus
1481 2541 1555 2570 tuus,
1567 2538 1672 2574 inquit:

895 2580 959 2607 illud
975 2580 1046 2607 enim
1069 2580 1155 2613 unxit,
1172 2581 1280 2608 inunxit
1297 2581 1497 2616 interpretatur.
1517 2583 1603 2618 Hujus
1622 2593 1672 2612 au-

894 2628 948 2652 tem
969 2625 1022 2652 loci
1043 2626 1229 2662 interpretatio
1251 2627 1376 2662 superius
1392 2629 1425 2655 ad
1444 2629 1502 2656 haec
1515 2630 1605 2663 verba,
1621 2629 1672 2656 Di-

893 2671 982 2698 lexisti
990 2672 1138 2706 justitiam,
1155 2673 1282 2708 adjuncta
1296 2673 1356 2702 fuit.

929 2717 954 2744 9.
964 2717 1073 2753 Myrrha
1086 2723 1191 2755 elgutta
1201 2719 1304 2746 etcasia
1322 2728 1338 2749 a
1346 2721 1504 2751 vestimentis
1516 2720 1670 2751 tuis.Yesti-

894 2767 982 2791 menta
1004 2763 1139 2799 llnigeniti
1162 2766 1246 2800 probe
1271 2766 1455 2802 intelligantur
1470 2766 1593 2800 virtutes,
1613 2773 1670 2794 ma—
