1928 3053
270 133 321 163 Ill

674 135 702 163 5.
723 135 909 164 ATHANASll
929 135 1003 164 OPP.
1024 133 1114 162 PARS
1132 133 1177 161 Ill.
1198 147 1231 153 -—
1250 129 1458 159 EXEGETICA.
1818 126 1864 154 Ξ,ιέ

272 195 435 232 gniﬂcemia,
452 195 547 229 gloria,
565 194 641 229 juxta
658 195 723 234 illud
739 205 745 222 :
770 196 897 222 Dominus
921 196 1045 230 regnauit,

1099 193 1205 227 νάμεις,
1220 190 1450 227 μεγαλοπρέπεια,
1473 187 1553 219 δόξα,
1571 186 1641 213 κατὰ
1659 187 1696 212 τὰ
1722 186 1752 211 ’0
1773 187 1864 220 Κύριος

239 259 244 264 -
271 243 389 270 decorem
409 241 516 268 indutus
530 246 579 274 est,
595 242 703 268 indutus
717 246 756 268 est
777 241 903 268 Dominus
927 242 1049 268 virtutem

270 292 296 314 et
309 287 447 322 praeinuit
463 295 489 313 se
499 288 533 313 ".
554 287 647 314 Isthch
666 287 748 322 igitur
772 287 857 323 gloria
883 293 908 314 et
924 287 1049 322 magnill-

270 333 357 360 centia
369 333 439 367 ejus,
455 333 517 359 boni
537 333 614 360 nobis
637 333 728 360 odoris
753 333 814 365 fuit,
829 338 855 360 ct
865 333 942 368 quasi
964 341 1048 368 genus

269 385 349 405 omne
364 378 571 405 odoramentiet
593 378 707 411 incensi,
733 378 812 413 juxta
829 378 894 406 illud
920 378 984 405 alibi
1007 377 1048 404 di-

269 427 343 451 ctum
359 432 366 450 :
392 423 556 458 Unguentum
578 423 690 457 effusum
705 431 797 450 nomen
817 428 890 450 tuum
905 423 929 440 "
943 432 950 450 :
965 427 992 450 et
1019 423 1049 450 il-

269 470 315 497 lud
334 479 341 497 :
354 468 387 496 In
399 469 503 496 odorem
517 474 706 504 anguillarum
721 474 826 496 tuorum
836 468 979 495 curram".
991 467 1047 503 (ιδ)

269 514 318 542 Est
331 519 420 552 autem
436 518 531 545 stacte,
548 514 605 541 sive
617 519 701 549 gutta,
715 515 832 550 myrrhze
845 522 930 549 genus
946 514 1048 541 tenuis-

268 558 379 585 simum.
407 556 472 585 Nam
488 558 605 585 contrito
629 564 759 587 aromate.
783 559 914 594 quidquid
935 558 1047 586 ﬂuidum

267 605 295 632 in
308 605 354 632 illo
375 604 490 632 habetur
511 606 538 632 in
554 610 658 633 stacten
682 606 738 633 sive
763 610 866 641 guttam
892 604 1020 631 dividitur
1039 613 1046 630 :

267 650 339 686 quod
358 651 478 680 crassius
491 652 629 679 residuum
646 656 698 683 est.
721 653 830 688 myrrha
853 655 973 678 vocatur.
993 649 1047 677 Ca-

266 695 308 722 sia
328 699 418 723 autem
442 700 484 723 est
502 703 596 724 cortex
615 697 803 728 tenuissimus,
827 695 1046 726 oderatissimus,

266 741 314 776 qui
330 741 434 775 ligneos
453 743 580 770 surculos
597 743 728 770 obtendit.
749 742 771 768 Α
792 743 912 769 domibus
929 741 1047 770 εὸκνηείσ

266 790 299 809 ea:
318 783 411 817 quibus
426 783 617 811 delectaverunt
640 789 673 812 te.
691 784 798 817 Damus,
814 785 885 812 sedes
901 785 1048 820 splendida:

266 833 293 855 et
330 829 472 864 magniﬁce
503 834 614 858 structae
647 834 729 865 atque
768 831 867 865 templa
906 830 1045 858 dicuntur.

267 873 403 900 Eburneas
426 879 516 901 autem
544 874 618 907 dicit,
642 882 691 902 ceu
715 875 816 902 all'abre
839 875 991 903 elaboratas
1014 882 1046 902 ac
1061 865 1082 892 Β

265 919 473 954 pulcherrimas.
497 919 583 955 Reges
606 925 684 948 vocat
706 925 815 948 sanctos
838 921 975 955 apostolos
999 920 1046 955 qui

265 972 320 991 una
347 971 408 992 cum
432 965 542 993 Christo
572 970 694 1000 regnant.
725 965 809 992 Filias
822 971 913 993 autem
939 973 1045 998 eorum,

265 1011 371 1038 animas
394 1019 455 1045 qua:
480 1011 601 1046 ipsorum
625 1019 706 1047 opera
731 1012 765 1039 ad
789 1012 836 1039 Dei
865 1012 1046 1047 cognitionem

266 1062 429 1090 regeneraue
443 1061 517 1091 sunt,
535 1066 594 1092 quae
610 1059 691 1086 corda
707 1067 755 1086 sua
776 1059 802 1085 in
817 1059 914 1094 templa
933 1059 1046 1086 concin-

266 1108 333 1129 nant
346 1103 520 1131 ornatissima
542 1104 569 1131 in
591 1104 638 1131 Dei
657 1105 800 1136 honorem,
817 1109 899 1139 atque
913 1105 1047 1132 delectant

266 1147 366 1182 ipsum.
380 1148 496 1177 Perinde
507 1149 590 1184 igitur
610 1154 652 1177 est
662 1158 694 1177 ac
709 1150 733 1177 si
750 1150 870 1177 diceret:
889 1149 1046 1178 Delectabe-

266 1192 315 1226 ris,
330 1199 347 1220 ο
363 1192 486 1226 Domine,
506 1201 521 1220 a
535 1193 659 1221 domibus
678 1193 815 1225 eburneis,
831 1201 900 1229 quas
914 1194 940 1220 in
960 1193 1046 1221 hono-

267 1245 323 1265 rem
339 1243 416 1265 tuum
441 1239 502 1266 filiae
522 1247 619 1274 regum
640 1239 820 1267 adornarunt.
842 1239 932 1266 Astitit
955 1240 1045 1274 regina

265 1282 394 1309 Idextris
411 1284 464 1310 tuis
481 1284 508 1310 in
533 1285 627 1311 vestilu
647 1284 784 1312 deaurato.
810 1284 912 1320 Regina
936 1284 1045 1319 quidem

265 1328 388 1356 Ecclesia
401 1334 452 1363 est,
474 1333 567 1364 utpote
583 1331 639 1366 regi
655 1338 753 1365 magno
769 1331 941 1366 desponsata.
957 1330 1046 1358 Collo-

265 1374 338 1402 catio
361 1379 451 1402 autem
478 1383 494 1403 a
519 1376 633 1409 dextris,
664 1377 794 1404 honorem
828 1377 963 1412 signiticat
990 1384 1045 1411 quo

264 1419 371 1447 fruetur
386 1420 414 1447 in
427 1419 521 1448 futuro
535 1423 643 1449 saeculo.
663 1421 783 1450 Vestitus
797 1428 887 1449 autem
910 1422 1045 1457 pretiosus

265 1470 340 1498 sunt,
361 1464 438 1498 fides,
459 1473 531 1500 spes,
555 1466 684 1493 charitas.
703 1467 755 1494 Sed
780 1471 807 1493 et
831 1467 903 1494 aliud
927 1467 1045 1501 splendi-

264 1509 326 1538 dius
343 1510 532 1539 vestimentum
548 1511 640 1544 habet,
662 1512 750 1547 ipsum
771 1513 874 1540 Scilicet
895 1511 1043 1539 Christum.

266 1555 418 1592 Quicunque
437 1557 521 1591 enim,
548 1558 595 1590 ait,
611 1559 637 1586 in
661 1558 804 1586 Christum;
821 1557 1045 1592 baptizatum,

265 1602 399 1629 Christum
413 1603 537 1630 induisti:
557 1604 589 1630 “.

301 1647 343 1675 Η.
363 1648 444 1680 Audi,
470 1648 537 1682 ﬁlia,
559 1653 584 1675 et
607 1649 675 1676 vide.
706 1648 811 1677 Rursus
832 1657 881 1676 ceu
905 1649 938 1676 ad
955 1649 1046 1676 Eccle-

265 1693 334 1719 siam
359 1700 450 1720 sermo
473 1699 525 1721 est.
546 1693 580 1722 Et
604 1694 754 1721 obliviscere
778 1694 904 1729 populum
933 1701 1007 1720 tuum
1021 1697 1046 1720 et

265 1739 371 1765 domum
386 1739 470 1773 patris
495 1740 543 1766 tui.
569 1739 653 1767 Nemo
672 1740 772 1775 quippe
789 1748 874 1775 purus
894 1741 928 1768 ad
944 1740 1045 1768 Christi

264 1783 344 1811 ﬁdem
369 1784 484 1816 accedit,
507 1785 559 1813 nisi
576 1786 773 1820 praeteritorum
789 1787 924 1814 malorum
940 1793 1045 1813 memo-

265 1829 333 1856 riam
345 1829 456 1857 omnino
470 1829 586 1857 aboleat.
604 1829 725 1865 Populus
737 1835 826 1858 autem
843 1830 970 1858 Ecclesia:
979 1830 1044 1857 olim

264 1880 341 1902 erant
364 1875 523 1904 idololatrte.
551 1876 653 1904 Domus
681 1882 772 1904 autem
800 1877 886 1912 patris
911 1877 970 1911 eius
999 1884 1044 1904 sa-

263 1921 367 1956 pientes
381 1922 484 1954 saeculi,
507 1923 534 1950 iu
559 1923 659 1957 quibus
675 1923 753 1958 quasi
773 1923 801 1950 in
815 1923 897 1950 domo
913 1923 1046 1950 inhabitat

264 1966 390 1996 Satanas.
407 1968 442 1995 Et
461 1968 519 2003 ﬁlia
536 1968 598 2004 Tyri
620 1969 649 1996 in
669 1970 830 1996 muneribus.
855 1968 896 1996 Ab
919 1977 971 1996 una
990 1968 1044 2004 Ty-

263 2014 367 2041 riorum
401 2019 501 2049 gente,
537 2015 659 2049 gentium
690 2014 861 2041 vocationem
896 2013 1041 2047 signiﬁcat.

263 2057 359 2094 Tyrios
382 2065 472 2087 autem
503 2061 672 2093 memoravit,
703 2060 767 2094 quia
792 2060 844 2095 ipsi
873 2059 1043 2094 potissimum

212 2110 218 2115 '
262 2105 314 2140 pia:
333 2105 514 2133 institutionis
532 2105 638 2133 inimici
649 2111 750 2133 essent.

1101 238 1310 268 ἐϐασίλευσεν,
1327 235 1507 269 εὐπρέπειαν
1528 232 1700 263 ἐνεδύσατο,
1717 231 1865 258 ἐνεδύσατο

1101 286 1208 318 Κύριος
1227 282 1354 316 δύναμιν
1375 281 1424 307 καί
1448 278 1650 314 περιεζώσατο.
1665 277 1739 312 Αὕτη
1755 277 1786 311 δὴ
1797 275 1836 302 οἷον
1849 278 1864 312 ἡ

1100 331 1163 363 δόξα
1185 328 1267 356 αὐτοῦ
1284 328 1331 354 καὶ
1356 328 1373 362 ἡ
1400 324 1619 362 μεγαλοπρέπεια
1645 323 1746 358 εὐώδης
1770 323 1866 356 γέγονεν

1100 376 1176 411 ἡμῖν,
1191 375 1238 402 καὶ
1251 373 1288 405 ὡς
1306 374 1334 399 ὲν
1349 372 1423 405 τάξει
1437 370 1606 405 θυμιάματος
1630 369 1729 400 παντὸς
1754 368 1818 394 κατὰ
1839 368 1866 394 τὸ

1099 419 1215 456 ἀλλαχοῦ
1228 419 1371 455 εἰρημένον
1380 425 1387 432 ⁸
1401 417 1503 450 Μύρον
1523 414 1686 442 ὲκκενωθὲν
1697 413 1789 448 ὄνομά
1799 421 1865 441 σου⁸

1099 467 1146 494 καὶ
1160 467 1201 498 τὸ,
1216 466 1267 498 Εἰς
1284 463 1383 498 ὀσμὴν
1396 462 1520 494 εὐωδίας
1532 469 1588 488 σου
1600 459 1774 494 δραμοῦμαι.
1784 459 1866 486 Ἔστιν

1100 514 1115 548 ή
1131 511 1234 545 στακτὴ
1247 509 1369 546 σμύρνης
1380 506 1448 539 εἶδος
1463 507 1633 534 λεπτότατονο
1650 506 1812 537 ὲκθλιϐἑντος
1819 505 1866 540 γὶρ

1098 558 1145 584 τοῦ
1159 557 1314 593 ἀριῖιματος,
1331 557 1392 582 ὅσον
1406 555 1454 589 μὲν
1468 554 1520 589 γὰρ
1529 552 1609 579 αὐτοῦ
1625 554 1702 588 ῥυτὸν
1716 553 1754 583 εἰς
1763 551 1866 586 στακτὴ-ι

1097 603 1293 638 ἀπομερίζεται
1310 610 1316 616 “
1344 601 1374 627 τὺ
1401 600 1429 626 δὲ
1452 599 1602 635 παχύτερον
1617 598 1753 633 ἀπομένον
1772 597 1867 632 σμύρνα

1098 648 1342 685 προσαγορεύεται.
1360 647 1392 674 'H
1408 646 1437 672 δὲ
1452 646 1534 672 κασία
1549 644 1639 679 φλοιός
1654 643 1695 675 τίς
1711 644 1768 669 ἐστι
1784 642 1868 669 λετπὺ-

1096 703 1176 726 τατος
1200 694 1247 720 καὶ
1263 692 1376 726 εὐώδης,
1404 690 1506 725 ξυλώδη
1530 690 1623 724 κάρφη
1649 687 1867 722 περιτεινόμενος.

1103 740 1169 768 Ἀπὸ
1193 739 1310 773 ,Βάρεων
1333 737 1534 772 ἐλεφαντίνων
1551 736 1585 767 ἐξ
1600 732 1644 761 ὧν
1657 733 1810 768 ηὔφρανὰν
1825 741 1867 759 σε.

1096 785 1200 820 Βάρεις
1216 785 1265 820 μὲν
1279 784 1304 810 οἱ
1317 782 1470 813 πολυτελεῖς
1479 781 1526 808 καὶ
1541 779 1673 815 ἐξαίρετοι
1685 776 1763 810 οἶκοι,
1778 778 1831 811 ἦτοι
1846 777 1869 803 οι

1098 830 1166 857 ναοί.
1189 828 1402 863 Ἐλεφαντίνης
1416 827 1444 854 δὲ
1456 826 1504 858 τὰς
1521 825 1707 859 ἀπεξεσμένας
1727 823 1805 850 οἱονεὶ
1826 823 1869 849 καὶ

1098 874 1343 911 περικαλλεστάτας
1367 873 1458 908 φησίν.
1473 870 1604 902 Βασιλέας
1619 870 1647 896 δὲ
1667 868 1791 904 ὀνομάζει
1810 868 1869 898 τοὺς

1097 921 1190 954 ἁγίους
1209 919 1383 950 ἀποστόλους,
1399 918 1422 944 οἳ
1437 918 1484 944 καὶ
1507 915 1733 952 συμϐασιλεύουσι
1751 913 1788 949 τῷ
1808 914 1871 949 Χρι-

1098 966 1162 1001 στῷ.
1179 966 1336 1000 Θυγατέρας
1352 965 1379 991 δὲ
1401 964 1490 991 αὐτῶν
1514 963 1563 994 τὰς
1588 962 1620 989 δι’
1639 961 1727 988 αὐτῶν
1754 961 1792 992 εἱς
1815 960 1871 987 θεο-

1097 1012 1215 1047 γνωσίαν
1231 1010 1485 1045 ἀναγεγεννημένας
1501 1009 1589 1044 ψυχὰς
1601 1028 1609 1040 ,
1625 1009 1652 1035 αἳ
1670 1008 1716 1034 καὶ
1731 1007 1809 1037 ναοὺς
1823 1006 1872 1036 τὰς

1096 1056 1200 1085 ἑαυτῶν
1225 1056 1337 1092 καρδίας
1363 1054 1521 1082 ἀποτελοῦσι
1534 1053 1812 1089 ⁸περικαλλεστάτους.
1834 1051 1872 1081 εἰς

1096 1103 1179 1139 τιμὴν
1193 1102 1238 1129 τοῦ
1256 1101 1322 1128 Θεοῦ
1339 1099 1536 1138 εὒφραινούσας
1549 1099 1639 1126 αὐτόν.
1653 1098 1766 1132 Ὅμοιον
1779 1093 1824 1122 οὖν
1837 1094 1872 1126 ὡς

1095 1150 1119 1176 εί
1134 1148 1216 1184 λέγῃο
1234 1147 1425 1182 Εὖφρανθήσῃ,
1448 1145 1542 1181 φησὶν,
1565 1140 1588 1170 ὦ
1604 1142 1734 1173 Δέσποτα,
1751 1140 1804 1167 ἀπὸ
1829 1139 1874 1175 βά-

1098 1203 1166 1230 ρεων
1181 1193 1358 1228 ἐλεφαντίνων
1382 1188 1419 1217 ὧν
1436 1190 1637 1218 κατεσκεύασαν
1658 1188 1697 1219 εἰς
1724 1186 1771 1222 σὴν
1796 1185 1874 1220 τιμὴν

1097 1241 1125 1267 αἱ
1139 1239 1193 1266 τῶν
1208 1239 1339 1274 βασιλέων
1353 1237 1512 1271 θυγατέρες.
1523 1234 1660 1270 Παρέστη
1672 1233 1875 1268 ὴβασίλωσῖι

1095 1287 1130 1313 ἐκ
1143 1285 1250 1318 δεξιῶν
1265 1292 1323 1312 σου
1343 1284 1378 1311 ἐν
1390 1283 1535 1318 ἱματισμῷ
1555 1281 1715 1315 διαχρύσῳ.
1730 1279 1875 1306 Βασίλισσα

1098 1334 1147 1369 μὲν
1161 1335 1178 1369 ἡ
1200 1331 1356 1367 Ἐκκλησία,
1376 1330 1413 1362 ὡς
1428 1330 1522 1365 νύμφη
1538 1327 1669 1363 γενομένη
1684 1326 1730 1353 τοῦ
1759 1325 1874 1361 μεγάλου

1097 1379 1243 1415 βασιλέως·
1270 1380 1286 1414 ὴ
1303 1378 1332 1404 δὲ
1349 1377 1443 1408 στάσις
1461 1377 1478 1412 ὴ
1494 1377 1526 1402 ὲκ
1545 1374 1637 1406 δεξιῶν
1658 1373 1707 1407 τὴν
1731 1372 1814 1408 τιμὴν
1831 1379 1876 1406 ση-

1099 1425 1188 1461 μαίνει
1202 1422 1236 1459 ἦς
1250 1422 1397 1450 ἀπολαύσει
1422 1423 1451 1448 ἐν
1472 1421 1511 1456 τῷ
1530 1420 1650 1456 μέλλοντι
1674 1417 1770 1445 αἰῶνι·
1789 1418 1876 1453 ἱματι-

1097 1471 1164 1506 σμὸς
1178 1469 1206 1496 δὲ
1221 1469 1305 1504 αὐτῆς
1325 1467 1446 1498 ποικίλος
1462 1467 1561 1499 πίστις,
1583 1465 1670 1496 ἐλπὶς,
1687 1464 1798 1499 ἀγάπη·
1822 1462 1875 1497 ἔχει

1096 1516 1123 1543 δὲ
1139 1516 1186 1542 καὶ
1200 1515 1293 1551 ἕτερον
1311 1514 1417 1550 ἱμάτιον
1427 1512 1623 1549 λαμπρότερον,
1638 1511 1683 1537 τὸν
1698 1509 1814 1545 Χριστὸν
1830 1509 1876 1535 αὑ-

1097 1562 1152 1589 τόν.
1168 1562 1254 1588 Ὅσοι
1269 1560 1333 1595 γὰρ,
1351 1560 1442 1595 φησὶν,
1457 1560 1500 1591 εις
1518 1557 1646 1592 Χριστὸν
1668 1555 1874 1588 ἐϐαπτίσθητε,

1096 1606 1223 1642 Χριστὸν
1236 1605 1430 1632 ἐνεδύσασθε.

1134 1654 1295 1681 Ἀκουσον,
1310 1651 1446 1686 θύγατερ,
1458 1648 1506 1676 καὶ
1525 1647 1579 1675 ῑδε.
1600 1647 1656 1674 Καὶ
1671 1646 1751 1673 πάλιν
1761 1645 1799 1678 ὼς
1811 1644 1878 1680 πρὸς

1094 1699 1144 1734 τὴν
1161 1697 1322 1733 Ἐκκλησίαν
1342 1695 1356 1722 ό
1371 1695 1449 1730 λόγος
1463 1692 1547 1725 οὗτος.
1576 1692 1630 1719 Καὶ
1654 1691 1800 1718 ἐπιλάθου
1825 1690 1878 1717 τοῦ

1095 1744 1171 1772 λαοῦ
1182 1751 1239 1771 σου
1255 1743 1303 1770 καὶ
1316 1742 1369 1769 τοῦ
1384 1741 1469 1768 οἴκου
1483 1739 1536 1766 τοῦ
1549 1739 1660 1772 πατρός
1679 1745 1749 1764 σου.
1772 1736 1832 1763 Οὐκ
1846 1735 1878 1762 ἂν

1095 1791 1149 1826 γάρ
1165 1798 1206 1821 τις
1218 1787 1336 1827 καθαρρς
1350 1789 1383 1822 τῇ
1393 1786 1436 1812 διὰ
1449 1783 1567 1821 Χριστοῦ
1582 1783 1763 1819 προσέρχεται
1776 1781 1877 1810 πίστει,

1097 1836 1133 1872 μὴ
1150 1835 1269 1868 παντελῆ
1285 1833 1369 1868 λήθην
1394 1832 1448 1858 τῶν
1471 1829 1609 1866 προτέρων
1630 1827 1814 1863 ποιησάμενος
1830 1834 1879 1852 κα-

1095 1881 1161 1909 κῶν.
1176 1880 1246 1911 Λαὺς
1258 1879 1286 1906 δὲ
1302 1879 1386 1906 πάλαι
1398 1877 1448 1912 τῆς
1465 1874 1624 1911 Ἐκκλησίας
1636 1874 1661 1900 οἱ
1674 1871 1877 1907 εἰδωλολάτραι.

1094 1926 1174 1958 Οἶκος
1189 1925 1279 1952 δὲ’τοῦ
1299 1924 1402 1960 πατρὸς
1412 1923 1506 1958 αὐτῆς,
1522 1922 1547 1948 οἱ
1569 1920 1644 1955 σοφοὶ
1663 1919 1709 1946 τοῦ
1724 1918 1837 1949 αἰῶνος,
1851 1918 1882 1943 ἐν

1093 1967 1133 2001 οἷς
1147 1969 1269 1995 κατοικεῖ
1284 1967 1376 2002 ὥσπερ
1394 1968 1422 1993 ὲν
1437 1966 1521 1997 οἴκοις
1532 1966 1546 1992 ὁ
1564 1964 1698 1995 Σατανᾶς.
1716 1962 1771 1989 Καὶ
1787 1961 1877 1994 θυγά-

1093 2023 1147 2048 τηρ
1164 2014 1256 2047 Τύρου
1276 2014 1311 2040 ἐν
1334 2011 1448 2048 δώροις.
1474 2010 1538 2037 Ἀπὸ
1558 2009 1616 2040 ἑνὸς
1633 2008 1736 2039 ἔθνους,
1752 2006 1802 2033 τοῦ
1827 2006 1882 2032 Τυ-

1095 2059 1159 2094 ρίων
1186 2057 1267 2092 φημὶ,
1295 2056 1344 2092 τὴν
1361 2055 1414 2083 τῶν
1437 2054 1520 2081 ἐθνῶν
1546 2053 1640 2088 κλῆσιν
1665 2051 1880 2087 κατασημαίνει.

1093 2103 1162 2134 Τοὺς
1178 2101 1293 2138 Τυρίους
1314 2100 1342 2126 δὲ
1368 2099 1502 2135 ὠνόμασε,
1527 2097 1616 2124 διὰτὸ
1640 2096 1757 2132 μάλιστα
1780 2095 1882 2125 αὐτοὺς

1094 2148 1208 2184 ἐχθροὺς
1221 2145 1290 2174 εἶναι
1299 2146 1346 2173 τοῦ
1359 2145 1486 2176 εὐσεϐοῦς
1502 2143 1707 2178 πολιτεύματος.

297 2190 341 2218 13.
372 2191 478 2218 Vultum
504 2197 579 2218 tuum
603 2191 813 2226 deprecabuntur
835 2192 928 2219 divite:
948 2193 1040 2226 plebis.

1131 2193 1168 2221 Τὸ
1196 2193 1358 2227 πρόσωπόν
1383 2198 1440 2218 σου
1464 2189 1698 2216 λιτανεύσουσιν
1725 2188 1753 2213 οι
1783 2186 1883 2212 πλού-

261 2234 320 2263 Hoc
340 2236 380 2263 ait
411 2236 586 2271 Evangelium
614 2237 724 2272 regibus
746 2238 909 2272 praedicans.
931 2243 957 2265 et
973 2238 1043 2273 opti-

261 2281 403 2316 matibus:
435 2281 525 2309 Adora
552 2281 700 2310 Ecclesiam
723 2283 780 2310 sive
798 2284 857 2318 ejus
887 2283 1041 2311 Dominum.

264 2325 355 2353 Omnis
385 2326 470 2361 gloria
486 2327 549 2361 ﬁlim
563 2328 630 2363 regis
655 2328 688 2355 ab
705 2329 787 2362 intus,
810 2330 838 2356 in
858 2329 970 2363 ﬁmbriis
994 2338 1043 2356 au-

261 2372 322 2399 reis.
346 2371 476 2399 Pietatem
500 2380 577 2405 voce,
607 2372 640 2399 ab
662 2373 744 2406 intus,
766 2374 925 2409 signiﬁcat:
961 2374 1042 2409 spiri-

261 2417 343 2446 tnalis
359 2425 477 2453 namque
497 2424 539 2447 est
558 2425 672 2447 ornatus
688 2420 823 2448 Ecclesiae.
846 2420 981 2449 Fimbrias
994 2429 1043 2449 au-

262 2469 314 2492 tem
327 2464 393 2492 dicit
412 2465 577 2500 multiplices
596 2466 686 2501 specie
704 2466 828 2494 virtutes.

295 2551 339 2579 I5.
359 2551 530 2580 Adducentur
554 2553 611 2588 regi
635 2554 748 2588 uirginea
774 2558 833 2588 post
854 2561 922 2580 eam.
951 2552 1044 2581 Simile

260 2597 324 2626 huic
356 2607 365 2626 :
399 2598 544 2634 Rapiemur
572 2600 600 2626 in
628 2599 741 2628 nubibus
758 2600 860 2627 obuiam
887 2599 1000 2627 Domino
1016 2601 1044 2627 in

224 2671 229 2674 ,
258 2652 322 2671 una
335 2645 368 2672 “.
396 2643 515 2672 Rursum
539 2653 587 2681 per
610 2646 742 2681 virginem
754 2645 904 2674 Ecclesiam
919 2645 1042 2674 indicat:

294 2715 316 2731 ²¹
334 2715 407 2743 Psal.
422 2723 487 2748 ncnI
509 2716 535 2743 l.
583 2716 605 2732 ’³
620 2715 697 2744 Cant.
723 2725 731 2744 1
764 2717 791 2743 2.

293 2831 348 2868 (l6)
364 2831 392 2860 ln
407 2833 467 2860 aliis
483 2834 586 2861 catenis
603 2833 658 2861 hate
675 2832 767 2861 Basilii
785 2839 846 2860 esse
864 2831 1000 2859 dicuntur.

1095 2245 1156 2265 σιοι
1171 2238 1224 2265 τοῦ
1251 2237 1336 2265 λαοῦ.
1352 2235 1437 2263 Τοῦτό
1456 2243 1538 2270 φησιν
1561 2232 1806 2268 εὐαγγελιζόμενος
1837 2232 1884 2258 καὶ

1095 2285 1191 2316 αὐτοὺς
1209 2284 1271 2314 τοὺς
1283 2281 1411 2318 βασιλεῖς,
1427 2280 1547 2311 καὶτοὺς
1563 2281 1592 2306 ὲν
1608 2279 1753 2313 ὑπεροχαῖς
1776 2277 1863 2309 ὂντας
1876 2285 1882 2291 ·

1095 2327 1286 2364 Προσκύνησον
1309 2327 1359 2361 τὴν
1382 2325 1555 2360 Ἐκκλησίαν,
1572 2324 1630 2359 ἦτοι
1647 2323 1690 2349 τὸν
1704 2323 1808 2356 ἑαυτῆς
1826 2321 1886 2349 K9-

1097 2383 1164 2410 ptov.
1181 2373 1269 2401 Πᾶσα
1290 2374 1309 2406 ὴ
1329 2372 1404 2404 δόξα
1420 2370 1475 2404 τῆς
1491 2368 1635 2404 θυγατρὸς
1648 2368 1700 2395 τοῦ
1720 2367 1885 2401 ,ϐασιλέως

1095 2420 1209 2447 ἔσωθεν
1221 2419 1256 2446 ὲν
1270 2417 1452 2453 κροσσωτοῖς
1468 2415 1602 2451 χρυσοῖς.
1619 2414 1656 2441 Τδ
1672 2414 1787 2445 εὐσεϐὲς
1807 2413 1873 2440 ἕσω

1095 2467 1147 2495 θεν
1157 2464 1299 2501 σημαίνει·
1315 2463 1409 2499 νοητὸς
1422 2462 1476 2497 γὰρ
1487 2463 1501 2488 ὁ
1515 2462 1615 2496 κόσμος
1625 2460 1674 2495 τῆς
1695 2458 1867 2494 Ἐκκλησίας
1876 2466 1884 2472 σ

1092 2510 1226 2541 κοοσσοὺς
1241 2509 1269 2536 δὲ
1283 2508 1332 2541 τὰς
1347 2507 1496 2538 πολυειδεῖς
1511 2505 1622 2542 ἀρετάς.

1136 2554 1403 2589 Ἄπενεχθήσονται
1419 2552 1459 2585 τῷ
1477 2551 1604 2584 ,βασιλεῖ
1622 2550 1764 2584 παρθένοι
1784 2551 1886 2577 ὀπίσω

1092 2601 1197 2635 αὐτῆς.
1219 2601 1328 2635 Ὅμοιον
1344 2600 1391 2632 τὸ,
1412 2599 1652 2632 Ἀρπαγησόμεθα
1677 2597 1711 2623 ὲν
1734 2597 1886 2631 νεφέλαις

1092 2649 1135 2680 εἰς
1154 2646 1323 2680 ἀπάντησιν
1338 2645 1516 2678 τοῦξιςῃλίου
1529 2645 1573 2676 εις
1587 2643 1669 2678 ἀέρα.
1687 2643 1774 2671 Πάλιν
1789 2642 1821 2670 δὲ
1845 2642 1887 2668 δά

842 2716 865 2732 ’⁸
911 2717 976 2744 ibid.
1001 2717 1028 2744 5.
1069 2717 1093 2733 "
1115 2722 1195 2745 sanat.
1213 2725 1258 2748 ιιι,
1281 2716 1323 2743 l7.
1367 2716 1388 2730 "
1403 2713 1413 2741 Ι
1428 2713 1521 2741 Thess.
1540 2721 1574 2747 Iv,
1595 2713 1638 2740 ib.
