1928 3053
79 163 138 192 215

629 161 811 190 EXPOSITIO
840 160 874 188 IN
894 161 1060 190 PSALMUM
1080 156 1163 189 XLV:

1649 159 1703 187 2H

79 223 132 258 τῆς
152 223 290 258 παρθένου
312 222 362 257 τὴν
384 221 548 257 Ἐκκλησίαν
567 223 710 258 σημαίνει·
734 223 861 258 Ἦρμοσά·

921 221 1056 255 Despondi
1075 222 1148 250 enim
1165 228 1214 249 vos
1226 220 1357 255 virginem
1380 226 1475 254 puram
1491 218 1618 246 exhibere
1635 217 1701 245 Deo.

83 277 139 304 μην
153 267 209 303 γὰρ
228 268 300 302 ὑμᾶς
315 267 447 302 παρθένον
459 267 545 302 ἁγνὴν
557 268 732 303 παραστῆσαι
747 268 786 303 τῷ
799 267 866 303 Θεῷ.

80 314 263 347 Αὶρπλησίον
278 313 374 347 αὐτῆς
389 313 649 348 ἁπενεχθήσονται
671 322 730 341 σοι.
746 315 800 349 Τῆς
815 314 869 349 γὰρ

81 360 234 394 παρθενίας
245 359 358 394 πλησίον
373 359 557 394 ὴὲγκρᾶτεια.
574 360 655 386 ’Ὅσαι
669 360 758 386 τοίνυν
771 361 868 395 ἐγκρα-

78 403 206 430 τεύονται
222 403 306 438 ψυχαὶ
318 402 437 438 δηλονότι
457 404 510 430 ἀπὸ
525 403 650 439 πράξεων
669 404 804 440 πονηρῶν,
821 404 868 430 καὶ

79 449 164 476 αὑταὶ
195 449 455 484 συναπαχθήσονται.
473 449 619 484 Συμὸαἰνει
642 449 670 476 δὲ
690 449 740 481 τὰς
762 451 867 484 ἀπαγο-

82 495 167 530 μένας
194 494 361 529 εὐφροσύνην
391 495 438 522 καὶ
460 495 621 529 ἀγαλλίασιν
639 495 748 522 αἰώνιον
765 497 865 532 εὑρεῖν.

86 539 286 574 Ἀχθιίσονται
298 541 341 572 εἰς
357 539 431 566 ναὸν
450 540 614 575 βασιλέως.
641 541 693 568 Τὸν
707 542 871 577 ὲπουράνιόν,

80 594 176 622 φησιν.

123 631 203 658 Ἀντι
216 631 274 658 τῶν
285 631 418 666 πατέρων
428 639 486 660 σου
499 632 706 668 ἐγεννήθησαν
719 634 778 661 t-lol
797 641 864 660 σου.

86 677 196 712 Ἐπειδὴ
212 675 288 704 εἶπεν
301 679 380 713 αὐτῇ,
401 678 545 706 Ἐπιλάθου
561 679 608 706 τοῦ
623 680 725 715 πατρός
741 688 797 712 σου,
813 689 865 715 φη-

78 723 134 755 σὶν,
160 722 227 749 ἀντὶ
243 722 303 749 τῶν
322 723 405 750 πάλαι
420 724 555 758 πατέρων
569 719 638 758 σοὺ,
654 725 791 752 τουτέστιν
806 726 866 753 ἀντὶ

77 768 133 795 τῶν
158 768 337 801 διδασκάλων,
361 769 465 796 ἐσυνταί
490 778 531 796 σοι
558 770 618 797 υἱοί.
647 770 730 802 Υῑοὺς
753 771 781 798 δὲ
799 772 862 804 τοὺς

78 813 173 846 ἁγίους
191 814 357 846 ἀποστόλους
372 815 449 849 φησὶ,
466 815 536 842 κατὰ
550 815 581 842 τὸ
599 815 742 851 εἰρημένον
754 817 806 843 ὑπὸ
817 817 863 844 τοῦ

78 859 181 894 Κυρίου
195 868 201 873 ’
217 862 249 886 Ol
263 860 322 887 υἱοὶ
341 860 421 895 ὑμῶν
443 861 478 887 ἐν
500 862 557 888 τίνι
568 862 750 895 ἐκϐαλοῦσι;
767 864 801 890 Ἢ
819 864 864 890 καὶ

77 905 190 937 τούτους
205 905 260 932 τῶν
283 906 450 942 Ἐκκλησιῶν
469 907 636 942 ἡγουμένους
650 929 658 941 ,

78 952 129 987 μὲν
140 952 190 986 τῆς
214 951 376 988 Ἐκκλησίας
393 952 456 985 υἱοὶ,
472 952 678 988 κατεστάθησαν
690 953 717 980 δὲ
735 954 863 989 ἄρχοντες

75 998 124 1028 ἐπὶ
140 999 230 1024 πᾶσαν
247 998 295 1033 τὴν
320 998 371 1033 γῆν
386 998 459 1034 παρὰ
476 998 523 1024 τοῦ
545 999 647 1035 Κυρίου
669 998 770 1034 Ἰησοῦ,
793 999 863 1026 κατᾶ

75 1043 107 1070 τὺ
121 1043 281 1079 εξρημένον”
300 1044 508 1078 Πορευθέντες,
527 1045 736 1079 μαθητεύσατε
762 1044 862 1071 πάντα

74 1089 113 1116 τὰ
127 1089 210 1123 ἔθνη.
229 1089 436 1123 Καταστήσεις
449 1090 560 1122 αὐτοὺς
582 1091 730 1125 ἄρχοντας
745 1091 793 1118 ἐπὶ
809 1091 863 1119 πᾶ-

75 1142 138 1162 σαν
161 1134 219 1169 τὴν
232 1135 307 1170 γῆν·
324 1135 553 1170 μνησθήσονται
573 1137 625 1164 τοῦ
639 1138 784 1172 ὀνόματός
805 1146 863 1165 σου

73 1181 110 1208 ἐν
121 1181 207 1216 πάσῃ
224 1181 312 1216 γενεᾷ
331 1182 377 1208 καὶ
397 1181 493 1216 γενεᾷ.
509 1182 559 1209 Διὰ
569 1182 622 1210 τῶν
634 1183 713 1210 θείων
726 1192 863 1219 συγγραμ-

75 1228 171 1262 μάτων
187 1228 326 1263 δηλονότισ
351 1229 380 1254 ὲν
402 1230 464 1261 ταῖς
490 1229 577 1264 ἱεραῖς
599 1229 744 1263 συλλαϐαῖς
759 1239 863 1267 μνημο-

73 1271 182 1299 νεύεται
199 1272 230 1299 τὸ
245 1272 291 1299 τοῦ
308 1272 376 1300 Θεοῦ
388 1273 482 1309 ὄνομα.

109 1317 162 1344 Διά
180 1318 269 1345 τοῦτο
284 1318 351 1345 λαοὶ
376 1318 653 1353 ἐξομολογήσοντιιί
676 1327 725 1347 σοι
743 1322 786 1354 εις
809 1321 864 1348 τὸν

71 1363 178 1390 αἰῶνα.
194 1363 244 1390 Διὰ
260 1364 291 1390 τὸ
306 1365 436 1400 κήρυγμα
447 1373 455 1380 θ
470 1365 507 1397 ὡς
525 1366 593 1401 πρὸς
613 1366 657 1392 τὸν
675 1367 791 1402 Χριστὸν
806 1367 834 1394 δὲ
848 1369 863 1395 ὁ

70 1407 164 1442 λόγος.
180 1410 230 1435 Διὰ
254 1410 284 1436 τὺ
307 1410 486 1446 μνημονεύειν
508 1412 605 1443 αὐτοὺς
621 1411 664 1438 διὰ
678 1412 732 1439 τῶν
746 1413 862 1448 Γραφῶν

71 1453 128 1480 τῶν
143 1454 303 1490 Θαυμασίων
321 1454 368 1481 τοῦ
390 1455 457 1482 Θεοῦ
478 1452 514 1482 ὧν
536 1457 663 1492 ἐποίησεν
683 1457 737 1484 ἀπὸ
761 1459 862 1493 γενεῶν

72 1500 209 1536 ἀρχαίων,
226 1501 275 1528 καὶ
289 1501 422 1529 διδάσκειν
436 1501 485 1533 τὰς
506 1502 656 1538 ὲρχομένας
668 1505 773 1538 γενεάς.

72 1580 126 1613 Εις
136 1579 224 1613 τέλος
236 1581 312 1615 ὑπὲρ
323 1581 382 1608 τῶν
391 1581 464 1609 υἱῶν
479 1581 555 1616 Κορὲ
564 1582 640 1617 ὑπὲρ
648 1582 706 1610 τῶν
716 1583 859 1618 κρυφίων.
876 1568 898 1597 c

354 1629 507 1655 ΨΑΛΜΟΣ
522 1629 587 1655 ME'.

386 1673 393 1683 '
399 1673 554 1706 Υπόθεσις.

74 1716 133 1753 τὴν
154 1718 209 1744 τῶν
226 1717 311 1745 ἐθνῶν
325 1718 420 1754 κλῆσιν
434 1720 448 1745 6
469 1718 564 1755 παρὼν
579 1720 777 1755 κατασημαίνει
791 1720 860 1755 ψαλ-

113 1763 174 1798 μδς,
183 1765 293 1791 καὶτῶν
306 1765 409 1800 νοητῶν
423 1764 528 1800 ἐχθρῶν
539 1765 663 1801 ἐκϐολὴν,
672 1765 719 1792 καὶ
734 1765 783 1801 τὴν
798 1766 862 1793 κάϐ-

111 1810 196 1845 ειρξιν
233 1810 323 1837 αὐτῶν
345 1811 394 1846 τὴν
420 1812 449 1838 ὲν
479 1812 512 1846 τῇ
545 1810 665 1847 ἀῦύσσῳ.
697 1812 804 1848 Ἐπειδὴ
832 1813 860 1839 δὲ

113 1856 199 1883 ταῦτα
218 1856 312 1891 ὥσπερ
335 1856 379 1883 διὰ
402 1856 564 1893 παραϐολῶν
593 1857 721 1893 εἴρηται,
749 1860 861 1891 εἰκότως

110 1901 188 1935 ὑπὲρ
215 1901 349 1936 κρυφίων·
369 1902 569 1938 ἐπιγέγραπται
583 1902 598 1927 ὁ
620 1903 736 1938 ψαλμός.
751 1904 860 1939 ’ᾼδουσι

109 1946 139 1973 δὲ
158 1947 240 1973 αὑτὸν
253 1948 277 1973 οἱ
290 1946 483 1979 πιστεύσαντες
499 1948 539 1979 εἰς
553 1947 680 1983 Χριστὸν,
699 1950 745 1976 καὶ
760 1950 812 1986 πρό
827 1959 860 1984 γε

112 1991 221 2018 πάντων
234 1993 259 2018 οἱ
273 1992 416 2020 ἀπόστολοι
430 1992 522 2019 αὑτοῦ.

116 2037 143 2064 '0
168 2037 240 2070 Θεὸς
257 2036 341 2071 ἡμῶν
367 2038 523 2072 καταφυγὴ
543 2039 593 2066 καὶ
615 2039 750 2074 δύναμις.
769 2040 860 2069 Ταῦτά

74 2092 143 2119 φησι
151 2083 196 2110 διὰ
207 2083 272 2114 τοὺς
280 2084 483 2116 ἐπαναστάντας
494 2084 584 2116 αὐτοῖς
600 2085 675 2121 παρὰ
689 2085 743 2112 τῶν
758 2087 859 2122 νοητῶν

71 2138 104 2156 τε
123 2130 170 2156 καὶ
190 2128 327 2163 αἰσθητῶν
344 2129 449 2164 ὲχθρῶν
469 2130 614 2165 διωγμούς.
634 2131 686 2158 Διὰ
711 2132 799 2159 τοῦτο
823 2133 859 2160 οὐ

73 2174 303 2209 φοϐηθησόμεθα
318 2173 352 2199 ἐν
367 2173 408 2206 τῷ
423 2173 626 2208 ταράσσεσθαι
647 2175 704 2209 τὴν
715 2175 783 2210 γῆν.
810 2176 860 2204 Διὰ

919 266 1054 294 Proximo:
1065 267 1122 301 ejus
1140 266 1283 301 uﬁ'erentur
1297 265 1355 292 tibi.
1369 263 1436 291 Nam
1449 263 1599 299 virginitati
1615 263 1703 298 proxi-

919 320 963 340 ma
980 317 1022 341 est
1039 312 1215 341 continentia.
1231 311 1369 346 Quotquot
1384 310 1466 345 igitur
1485 309 1583 336 anima:
1597 316 1625 336 se
1638 315 1704 336 con-

917 359 1005 387 tinent
1019 367 1036 387 a
1052 359 1131 386 malis
1144 358 1260 390 actihus,
1279 358 1344 391 ipsa:
1364 363 1475 391 quoque
1495 362 1549 383 una
1566 355 1702 382 abducen-

917 410 971 434 tur.
987 406 1053 439 Quae
1067 405 1238 433 abducuntur
1254 408 1344 431 autem
1363 403 1485 430 laetitiam
1501 406 1528 429 et
1539 401 1701 429 exsultatio-

917 459 978 479 nem
995 456 1209 486 consequuntur.
1232 450 1404 478 Adducentur
1423 449 1451 476 in
1474 448 1598 483 templum
1621 447 1698 481 regis.

917 497 1034 526 Caeleste
1052 497 1189 525 videlicet.

951 630 996 658 1-7,
1018 629 1071 656 Pro
1086 629 1205 664 patribus
1218 629 1271 656 tui:
1287 629 1342 656 nali
1357 632 1419 655 sunt
1432 628 1480 654 tibi
1491 628 1552 662 ﬁlii.
1565 627 1699 660 Quoniam

914 675 1021 703 dixerat
1034 675 1084 708 illi,
1100 675 1265 702 Obliviscere
1285 675 1370 710 patris
1390 674 1440 706 tui,
1455 674 1537 702 modo
1560 673 1637 706 dicit,
1651 681 1699 709 pro

913 721 1033 758 patribus
1047 721 1185 756 quondam
1204 721 1266 753 tuis,
1285 721 1312 748 id
1334 726 1387 754 est,
1407 728 1456 755 pro
1467 719 1605 755 magistris
1621 724 1701 747 erunt

913 767 964 794 tibi
994 767 1054 794 lilii.
1092 766 1178 794 Filios
1205 773 1288 802 porro
1317 770 1426 794 sanctos
1453 766 1590 800 apostolus
1616 765 1699 798 dicit,

912 808 990 843 juxta
1015 808 1081 835 illud
1098 815 1112 835 a
1133 808 1247 835 Domino
1274 808 1376 835 dictum
1393 817 1401 835 :
1420 807 1486 834 Filii
1503 807 1582 834 uestri
1597 807 1624 834 in
1648 814 1699 843 quo

913 854 1073 889 ejicinnt”?
1092 854 1146 881 Aut
1167 854 1248 881 etiam
1269 854 1378 881 eosdem
1397 853 1578 881 Ecclesiarum
1604 852 1698 884 duces.

684 908 709 935 οἳ
736 908 861 943 γεγόνασι

918 901 960 936 qui
980 900 1043 928 facti
1059 906 1123 928 sunt
1139 900 1266 928 Ecclesiae
1283 901 1330 928 ﬁlii
1343 921 1350 933 ,
1368 905 1395 928 ct
1413 900 1553 928 constituti
1573 907 1589 927 a
1605 899 1698 926 Domi-

915 953 951 973 no
968 945 1033 973 Jcsu
1050 951 1113 974 sunt
1126 946 1261 981 principes
1278 954 1359 981 super
1377 954 1485 973 omnem
1496 950 1606 977 teriam,
1620 944 1696 980 juxta

914 991 941 1018 id
968 991 1041 1026 quod
1069 991 1172 1018 dictum
1199 995 1262 1018 est:
1284 990 1383 1017 Eunles
1406 990 1495 1018 docete
1518 997 1605 1016 onmes
1634 996 1696 1023 gen-

914 1041 950 1063 tes
964 1037 996 1063 ".
1015 1035 1163 1063 Conslilues
1177 1044 1219 1063 eos
1234 1036 1364 1070 principes
1379 1043 1458 1070 super
1469 1042 1570 1062 omnem
1588 1038 1695 1065 terram,

913 1088 1037 1109 memores
1060 1086 1135 1109 erunt
1157 1081 1270 1108 nominis
1289 1082 1327 1108 tui
1349 1082 1377 1108 in
1400 1080 1471 1108 omni
1492 1080 1696 1115 generationeet

913 1129 1087 1163 generatione.
1104 1127 1155 1155 Per
1174 1127 1282 1165 divinas
1304 1127 1429 1154 videlicet
1454 1125 1633 1160 Scripturas:
1666 1126 1694 1152 in

913 1175 999 1202 sacris
1014 1181 1132 1209 namque
1154 1173 1267 1208 syllabis
1281 1176 1447 1200 memoratur
1462 1179 1562 1199 nomen
1575 1170 1693 1199 Domini.

948 1311 990 1339 i8.
1012 1310 1156 1345 Propterea
1174 1310 1265 1344 populi
1289 1308 1483 1343 conﬁtebuntur
1506 1307 1555 1334 tibi
1581 1307 1608 1333 in
1621 1311 1695 1334 teter-

911 1369 982 1388 num.
1008 1359 1059 1387 Per
1082 1359 1302 1394 praedicationem
1327 1357 1432 1384 scilicet
1453 1366 1459 1384 :
1484 1363 1576 1384 sermo
1602 1359 1692 1383 autem

911 1412 953 1432 est
969 1412 1017 1432 ceu
1034 1403 1067 1431 ad
1087 1403 1237 1431 Christum.
1256 1402 1294 1429 Eo
1317 1402 1388 1437 quod
1403 1402 1455 1436 ipsi
1473 1409 1522 1436 per
1538 1400 1694 1435 Scriptura:

911 1453 1125 1477 commemorent
1146 1448 1280 1476 mirabilia
1295 1447 1342 1475 Dei
1365 1455 1425 1483 qum
1449 1447 1533 1474 edidit
1548 1455 1562 1474 a
1579 1453 1692 1482 genera-

911 1494 1032 1522 tionibus
1059 1493 1190 1528 antiquis,
1215 1498 1243 1520 et
1265 1492 1378 1520 doceant
1412 1493 1600 1528 generationes
1625 1499 1694 1519 ven-

914 1545 1001 1568 iuras.

1055 1584 1088 1612 In
1099 1584 1197 1619 linem.~
1207 1584 1270 1618 ﬁliis
1289 1583 1420 1617 Core,pro
1437 1583 1542 1610 areanis

1166 1627 1336 1656 PSALMUS
1355 1627 1430 1655 XLV

1200 1674 1399 1709 Argumentum.

911 1720 1036 1748 Gentium
1056 1719 1238 1750 vocationem.
1254 1717 1435 1752 spiritualium
1459 1716 1630 1744 inimicorum
1645 1714 1694 1742 do-

946 1761 1110 1797 pulsionem.
1131 1767 1281 1794 eorumque
1303 1760 1330 1786 in
1356 1760 1484 1794 abyssum
1507 1757 1691 1784 delrusionem

948 1803 1084 1838 signiﬁcat
1103 1810 1222 1837 praesens
1246 1802 1378 1837 psalmus.
1400 1799 1626 1834 Quandoquidem
1643 1805 1693 1825 au-

946 1854 999 1876 tem
1024 1849 1118 1876 istluec
1135 1856 1183 1875 ceu
1211 1855 1257 1882 per
1279 1846 1421 1881 parabolas
1441 1846 1512 1873 dicta
1530 1848 1612 1876 sunt;
1630 1843 1693 1878 jure

946 1903 992 1930 pro
1010 1896 1116 1923 arcanis
1138 1894 1295 1921 inscribitur
1318 1893 1446 1929 psalmus.
1471 1892 1578 1919 Cannnt
1600 1894 1691 1917 autem

946 1942 1022 1969 illum
1046 1940 1092 1975 qui
1116 1939 1143 1966 in
1166 1939 1305 1966 Christum
1328 1937 1511 1969 crediderunt,
1527 1940 1557 1964 ut
1572 1936 1691 1963 maxime

943 1986 1063 2017 omnium
1076 1983 1190 2020 apostoli
1209 1983 1280 2018 ejus.

945 2033 973 2059 ‘2.
1000 2031 1069 2058 Deus
1086 2035 1174 2057 noster
1188 2029 1319 2064 refugium
1332 2033 1357 2055 et
1373 2028 1465 2055 virtus.
1479 2027 1536 2055 Hoc
1547 2027 1584 2055 ait
1598 2026 1633 2054 ob
1648 2026 1690 2053 in—

910 2083 1051 2113 surgentes
1068 2077 1210 2104 adversum
1232 2075 1307 2110 ipsos
1327 2074 1509 2109 spiritualium
1523 2078 1550 2101 et
1573 2073 1689 2101 sensibi-

910 2123 975 2151 lium
1003 2122 1177 2150 inimicorum
1199 2128 1281 2155 opera
1309 2119 1522 2155 pcrsecutiones.
1548 2118 1689 2152 Propterea

910 2178 961 2197 non
976 2169 1122 2196 timebimus
1143 2167 1206 2194 dum
1229 2166 1377 2193 turbabitnr
1399 2170 1480 2192 terra.
1504 2164 1637 2197 Quoniam
1663 2168 1689 2190 te

72 2221 104 2247 τὸ
119 2220 190 2255 ἔχειν
207 2227 248 2251 σε,
263 2220 354 2254 φησὶν,
367 2219 473 2255 βοηθὸν,
486 2220 574 2255 πάσης
582 2221 703 2257 ταραχῆς
715 2209 860 2249 ἐπανιστα-

918 2216 1060 2251 rljulorem
1085 2213 1228 2245 habemus,
1255 2212 1353 2247 inquit,
1383 2218 1575 2246 quamcunque
1594 2209 1689 2237 adver-

74 2266 160 2302 μένης
186 2267 252 2300 ἡμῖν
281 2266 533 2301 καταφρονήσομεν.
564 2266 741 2302 Ἐταράττετο
763 2268 818 2304 γὰρ
838 2270 855 2304 ἡ

72 2313 147 2339 πᾶσα
164 2311 210 2346 γῆ.
229 2311 379 2346 ἀρχομένου
390 2312 436 2338 τοῦ
448 2311 635 2347 κηρύγματος,
650 2313 703 2340 τῶν
725 2314 858 2350 μενόντων

72 2359 101 2383 ὲν
116 2357 229 2390 ἀπιστίᾳ
238 2357 459 2392 ἐπανισταμένων
467 2360 523 2390 τοῖς
532 2359 689 2386 πιστεύουσι
701 2360 740 2396 τῷ
755 2360 858 2396 κηρύγ-

73 2412 149 2439 ματι.
159 2403 213 2430 Καὶ
220 2403 426 2437 μετατίθεσθαι
437 2403 491 2439 ὄρη
500 2405 534 2431 ὲν
542 2405 676 2440 καρδίαις
684 2406 855 2435 θαλασσῶν.

72 2448 194 2484 Καρδίας
205 2448 347 2475 Θαλασσῶν
360 2449 409 2481 τὰς
426 2449 561 2482 ἀϐύσσους
575 2451 656 2486 φησιν
669 2459 676 2466 ι
694 2451 743 2488 ὅρη
763 2452 791 2478 δὲ
806 2452 856 2484 τὰς

71 2494 268 2528 ἀντικειμένας
288 2493 425 2528 δυνάμεις.
450 2494 494 2526 Ὡς
518 2495 659 2530 μέλλοντες
682 2493 729 2522 οὖν
749 2497 790 2528 εἰς
808 2497 857 2533 τὴν

72 2539 190 2566 ἄϐυσσον
206 2539 381 2566 ἐκϐάλλεσθαι
394 2540 417 2566 ol
434 2539 569 2575 δαίμονες,
581 2540 718 2577 διήγειρον
736 2541 781 2569 τὸν
795 2543 855 2568 κατ’

71 2584 162 2612 αὐτῶν
179 2585 305 2620 πόλεμον.
325 2584 394 2611 Ἀλλ’
412 2585 442 2611 οὺ
457 2585 666 2621 φοϐηθησόμεθα
691 2588 754 2619 τοὺς
768 2589 855 2615 τοιού-

69 2640 143 2663 τους,
158 2631 247 2666 φασίν.

107 2708 234 2745 [Βοηθὸς
245 2710 281 2736 ἐν
294 2710 427 2744 (Ml-ibam.
443 2709 492 2736 Διὰ
507 2709 539 2736 τὺ
549 2709 620 2745 ἔχειν
640 2719 680 2743 σε,
698 2712 775 2746 φησὶ,
793 2712 855 2749 βοη-

70 2754 128 2787 θὸν,
141 2755 232 2790 πάσης
244 2755 364 2790 ταραχῆς
374 2755 592 2800 ἐπανισταμένης
605 2757 670 2791 ἡμῖν
686 2760 855 2796 καταφρονή-

70 2809 162 2836 οομεν.

101 2859 123 2874 "’
145 2859 214 2887 an.
234 2866 281 2891 ιι,
299 2857 341 2886 i9.
445 2857 536 2886 Matth.
554 2866 651 2891 uvnl,
671 2858 713 2886 19.

909 2269 969 2288 sum
986 2268 1036 2288 nos
1048 2259 1233 2294 insurgentem
1247 2257 1478 2293 perturbationem
1493 2256 1686 2290 despiciemus.

908 2306 1081 2334 Turbabatur
1094 2312 1211 2339 namque
1227 2308 1281 2330 tota
1305 2306 1387 2335 terra,
1403 2309 1463 2329 cum
1478 2301 1632 2336 prcedicatio
1647 2300 1687 2327 in~

907 2351 1050 2379 choaretur
1066 2359 1073 2375 :
1090 2349 1154 2376 dum
1165 2348 1182 2375 ii
1195 2348 1241 2383 qui
1256 2347 1283 2374 in
1299 2346 1456 2373 inﬁdelitate
1467 2344 1685 2380 perseverabant,

907 2398 1037 2425 adversus
1053 2404 1100 2424 eos
1117 2395 1163 2431 qui
1180 2394 1349 2423 crediderant
1364 2393 1544 2427 insurgerent.
1553 2391 1587 2418 Et
1600 2396 1687 2418 Iraru-

907 2444 1023 2478 ferentur
1047 2447 1146 2469 montes
1169 2441 1196 2469 in
1211 2448 1254 2467 cor
1281 2440 1374 2466 muris.
1398 2439 1452 2466 (lor
1473 2438 1556 2465 maris
1573 2438 1687 2473 abyssos

907 2493 1006 2516 vocat:
1027 2491 1132 2516 montes
1151 2489 1242 2514 autem
1256 2485 1425 2513 adversarias
1444 2489 1601 2519 potestates.
1617 2483 1686 2511 Cum

906 2535 1027 2562 futurum
1038 2537 1109 2561 esset
1120 2537 1150 2560 ut
1160 2533 1298 2559 daemones
1309 2531 1489 2566 dejicereutur
1503 2530 1529 2557 in
1545 2530 1687 2565 abyssum,

905 2580 1061 2608 excitabant
1085 2579 1107 2606 ii.
1133 2579 1262 2606 adversus
1288 2577 1380 2604 ﬁdeles
1404 2576 1514 2604 bellum.
1535 2575 1588 2603 Sed
1613 2575 1687 2609 ejus-

907 2626 981 2654 modi
1010 2625 1138 2654 inimieos
1173 2631 1346 2659 nequaquam
1376 2622 1627 2652 reformidabimus.
1644 2622 1686 2649 in-

905 2672 973 2707 quit.

942 2717 953 2753 [
968 2717 1082 2751 Adjutor
1095 2717 1122 2743 in
1134 2714 1359 2743 tribulationibus.
1381 2711 1527 2747 Quoniam,
1545 2711 1642 2745 inquit,
1658 2713 1685 2737 te

905 2764 1056 2799 adiutorem
1072 2763 1215 2794 habemus.
1232 2767 1425 2797 quamcunque
1439 2758 1519 2786 nobis
1539 2756 1684 2786 imminen-

905 2814 957 2836 tem
973 2808 1201 2844 perturbationem
1213 2807 1393 2842 despiciemus
