1928 3053
248 149 301 178 ΜΞ

251 262 282 282 ac
297 255 437 290 conspicui
457 262 545 288 erant,
562 266 594 285 ac
608 258 719 292 proinde
735 259 872 287 montibus
887 260 999 286 similes.
1015 259 1025 294 ]

285 300 311 328 4.
335 300 484 329 Sonuerunt
502 308 527 330 et
539 304 650 331 turbata:
659 309 720 330 sunt
732 313 807 340 aqua:
820 314 919 333 eorum.
936 306 1028 340 Aquas

250 346 295 373 hic
313 346 378 374 dicit
394 349 593 376 multitudinem
616 351 788 385 populorum,
813 360 884 386 quos
898 352 1028 386 praedica-

249 391 332 419 tionis
353 393 458 421 novitas
478 396 653 429 perturbavit.
669 397 825 424 Conturbati
845 403 905 424 sunt
929 404 1027 425 montes

258 438 287 466 in
309 438 463 472 fortitudine
476 441 543 474 ejus.
562 440 617 471 Vis,
635 442 733 476 inquit,
751 443 810 477 ejus
832 445 879 478 qui
899 445 1028 478 praedica-

249 481 330 508 batur
342 483 462 517 impuros
481 485 616 513 dthoncs
637 488 793 520 comnwvit,
809 488 872 515 olim
897 489 1027 523 superbos

250 532 277 554 et
288 529 460 563 conspicuos,
480 535 560 565 atque
581 531 640 559 idco
655 533 792 560 montibus
807 534 910 561 similes
927 534 1024 562 dictos.

287 628 312 655 5.
341 628 473 656 Fluminis
502 631 613 665 impetus
640 632 777 666 laniﬁcam
803 633 933 660 ciuitatem
966 634 1025 660 Dei.

250 672 362 700 Flumen
377 676 562 710 evangelicum
578 678 691 704 verlium
713 677 839 712 appellat,
857 679 929 712 quod
941 679 1027 706 lzetili-

249 724 293 746 cat
322 719 483 748 Ecclesium.
525 721 703 756 Sanctiﬁcavit
724 723 921 750 tabernaculum
951 733 1027 750 suum

249 763 412 791 Altissimus.
438 764 556 793 Sanctus
575 767 647 793 enim
666 771 707 794 est
732 767 778 801 qui
804 767 830 794 in
858 767 958 794 sanctis
983 775 1026 794 re-

249 811 375 844 quiescit,
393 810 517 838 habitans
535 813 561 839 in
576 813 687 846 sanctis,
703 812 728 839 id
746 818 787 840 est
801 813 827 839 in
842 812 973 840 Ecclesia.

285 911 312 938 6.
338 911 409 939 Deus
422 912 450 939 in
470 913 554 940 medio
568 914 636 948 ejus,
651 918 676 940 et
695 922 747 940 non
764 914 974 946 commovebitur,
1000 913 1027 940 in

255 957 345 988 medio
357 957 484 986 Ecclesia:
494 959 627 987 videlicet.
644 961 783 994 Adjuvabit
795 969 852 987 eam
866 960 933 987 Deus
953 967 1028 986 mane

256 1004 383 1031 diluculo.
409 1004 435 1032 Id
461 1006 500 1032 ait
525 1006 595 1041 quod
613 1006 728 1033 declinet
745 1007 892 1034 diluculum
910 1007 942 1033 ad
968 1014 1027 1032 ma-

251 1050 380 1079 tutinum.
397 1050 464 1078 Illud
494 1056 607 1078 autem:
633 1052 766 1086 adjuvabit
790 1061 858 1084 eant,
884 1059 1027 1086 personant

251 1093 380 1122 Ecclesia
395 1096 516 1131 respicit,
534 1105 616 1132 quam
632 1097 676 1124 hic
692 1102 884 1132 repraesentant
902 1097 1027 1131 apostoli,

251 1145 278 1168 et
289 1141 334 1175 qui
349 1149 396 1176 per
421 1143 620 1170 successionem
645 1144 704 1178 ejus
726 1148 789 1171 sunt
815 1143 944 1178 prml'ecti,
960 1149 1028 1177 quos

252 1186 373 1221 impense
394 1187 514 1222 roborat,
533 1194 562 1216 ut
581 1190 686 1224 possint
710 1189 895 1224 praedicationi
918 1196 1027 1223 operam

252 1239 358 1260 navare.

289 1287 314 1314 7.
338 1288 509 1317 Conturbattz
522 1296 584 1318 sunt
608 1296 693 1326 gentes
708 1296 731 1318 et
754 1291 882 1318 inclinata
904 1296 964 1318 sunt
990 1289 1030 1317 re-

251 1341 315 1370 grta.
342 1333 533 1370 Pugnaverunt
559 1337 679 1372 quidem,
708 1338 754 1371 ait,
785 1342 878 1372 gentes
900 1337 1030 1364 adversus

252 1379 414 1413 Ecclesiam;
434 1382 481 1408 sed
494 1386 583 1409 tamen
605 1389 698 1410 earum
723 1390 799 1418 reges
822 1382 942 1410 inclinati
955 1386 1028 1414 sunt,

255 1425 281 1452 id
298 1431 340 1452 est
351 1427 480 1460 superati,
495 1432 522 1454 et
539 1432 610 1463 terga
624 1428 770 1461 dederunt;
786 1436 879 1456 verum
893 1433 1030 1463 postremo

253 1475 282 1501 et
301 1471 351 1504 ipsi
365 1470 474 1499 Christo
487 1473 618 1500 cervicem
633 1474 794 1502 submisere.
813 1474 883 1502 Dicit
894 1476 966 1502 enim
978 1474 1031 1502 Ec-

253 1516 364 1543 clesiam
389 1518 512 1545 celeriter
538 1524 723 1547 constructum
750 1520 783 1546 iri
812 1521 845 1547 ab
863 1520 896 1548 iis
909 1521 954 1555 qui
971 1528 1030 1548 eam

670 153 698 181 S.
719 154 903 183 ATHANASll
923 155 997 183 OPP.
1019 155 1109 182 PARS
1128 155 1171 182 IN.
1187 170 1222 176 —
1243 154 1444 182 EXEGETICA.

284 210 338 236 Aut
367 215 472 238 montes
493 204 638 239 dxemones‘
664 212 740 246 dicit,
765 214 811 248 qui
835 214 901 241 olim
930 214 1029 240 excelsi
1044 215 1068 244 Α

1806 157 1860 185 216

1119 213 1152 238 Ἣ
1163 212 1212 248 ὁρη
1236 213 1298 244 τοὺς
1320 211 1448 246 δαίμονάς
1462 219 1541 246 φησι.
1563 213 1624 243 τοὺς
1640 212 1723 238 πάλαι
1740 212 1859 248 ὑψηλοὺς

1079 258 1124 284 καὶ
1136 258 1303 293 περιφανεῖς,
1319 258 1366 284 καὶ
1377 257 1452 292 ὄρεσι
1463 257 1504 283 διὰ
1515 257 1593 283 τοῦτο
1607 258 1822 294 ὁμοιουμένους.]

1117 305 1250 338 Ἠχησαν
1277 303 1325 330 καὶ
1345 303 1554 337 ἐταράχθησαν
1577 303 1611 329 τὰ
1633 303 1725 329 ὕδατα
1749 304 1857 331 αὐτῶν.

1079 349 1182 376 Ὗδατα
1199 350 1226 375 ἐν
1239 349 1343 380 τούτοις
1354 349 1386 376 τὰ
1402 349 1489 384 πλήθη
1501 349 1591 383 φησιν,
1604 349 1622 375 ἃ.
1633 350 1679 375 καὶ
1695 351 1859 386 συνετάραξε

1078 395 1108 422 τὸ
1123 395 1196 427 ξένον
1217 395 1264 421 τοῦ
1286 395 1471 430 κηρύγματος.
1497 394 1719 429 Ἐταμὶχθησαν
1746 396 1782 422 τὰ
1806 396 1858 429 ὅρη

1077 430 1112 467 ἐν
1122 440 1159 474 τῇ
1171 441 1356 474 κραταιότητι
1370 441 1472 466 αὑτοῦ.
1493 440 1522 465 Ἠ
1540 440 1614 474 ἰσχὺς
1624 460 1631 471 ,
1653 440 1730 475 φησὶ,
1743 441 1790 467 τοῦ
1811 450 1860 476 κη-

1080 486 1240 521 ρυττομένου
1252 485 1390 512 κατέσεισε
1404 485 1466 516 τοὺς
1477 484 1644 519 ἀκαθάρτους
1657 484 1787 519 δαίμονας
1798 487 1859 518 τοὺς

1078 531 1161 557 πάλαι
1175 531 1293 566 ὑψηλοὺς
1312 531 1359 558 καὶ
1374 531 1543 566 περιφανεῖς,
1560 530 1608 556 καὶ
1629 530 1704 565 ὄρεσι
1719 530 1764 556 διὰ
1781 531 1859 558 τοῦτο

1077 577 1272 612 ὼμοιομὲνους.

1121 633 1175 659 Τοῦ
1191 632 1323 666 ποταμοῦ
1338 631 1490 666 ὀρμήματα
1504 631 1698 665 εὐφραίνουσι
1724 631 1781 664 τὴν
1804 633 1857 658 πό-

1077 679 1128 704 λιν
1137 677 1190 703 τοῦ
1201 677 1285 703 Θεοῦ.
1301 677 1424 712 Ποταμὸν
1434 677 1478 703 τὸν
1489 675 1661 710 εὐαγγελικὺν
1673 675 1751 709 λόγον
1766 677 1858 710 φησιν.

1077 721 1106 752 ὃς
1120 721 1166 748 καὶ
1182 721 1321 756 εὐφραίνει
1336 720 1384 756 τὴν
1404 720 1574 755 Ἐκκλησίαν.
1596 720 1716 754 Ἡγίασε
1732 720 1764 746 τὸ
1782 720 1858 753 σκή-

1077 777 1158 801 νωμα
1168 767 1261 794 αὑτοῦ
1273 769 1288 793 ό
1301 768 1458 801 νΥψιστος.
1476 767 1569 800 Ἀγιος
1580 765 1633 800 γάρ
1643 766 1716 791 ἐστιν
1731 766 1759 791 ἐν
1772 765 1860 799 ἁγίοις

1077 813 1292 848 ἀναπαυόμενος,
1311 811 1489 847 κατασκηνῶν
1511 812 1540 838 ὲν
1563 811 1649 845 ἁγίοις
1659 819 1666 826 '
1681 811 1740 845 ἥτις
1753 811 1826 837 ἐστὶν
1842 811 1860 845 ἡ

1085 857 1242 893 Ἐκκλησία.

1122 916 1148 941 Ὀ
1162 915 1233 948 Θεὸς
1244 915 1280 941 ἐν
1292 915 1374 949 μέσῳ
1391 915 1495 948 αὐτῆς,
1514 914 1562 940 καὶ
1576 915 1610 941 οὑ
1627 913 1862 946 σαλευθήσεται,

1080 960 1130 994 τῆς
1148 959 1308 995 Ἐκκλησίας
1324 959 1459 995 γδηλονότι,
1475 959 1622 992 Domitiam
1648 959 1725 992 αὐτῇ
1751 961 1767 985 ό
1789 958 1863 992 Θεὸς

1081 1006 1113 1032 τὸ
1126 1005 1200 1039 πρὸς
1213 1006 1295 1038 πρωῒ.
1310 1006 1345 1031 Τὸ
1357 1005 1449 1031 νεῦσαι
1463 1005 1534 1040 πρωῒ
1551 1006 1614 1040 περὶ
1632 1005 1677 1030 τὸν
1701 1004 1808 1040 ὄρθρον.
1825 1003 1864 1030 To

1081 1052 1144 1087 γὰρ,
1155 1051 1302 1085 βοηθήσει
1316 1051 1402 1085 αὐτῇ,
1416 1053 1462 1078 καὶ
1479 1051 1593 1078 ἐνταῦθα
1610 1051 1640 1077 τὸ
1651 1051 1796 1085 πρόσωπον
1813 1051 1864 1083 τῆς

1089 1097 1250 1133 Ἐκκλησίας
1264 1097 1384 1132 νοηθεῖεν
1396 1097 1428 1124 ἂν
1444 1099 1469 1124 ot
1491 1098 1561 1131 ἅγιοι
1578 1097 1721 1124 ἀπόστολοι
1732 1117 1739 1129 ,
1768 1097 1815 1123 καὶ
1837 1096 1863 1122 οἱ

1083 1145 1151 1171 κατὰ
1164 1144 1287 1178 διαδοχὴν
1302 1143 1446 1178 ἡγούμενοι
1460 1144 1554 1178 αὐτῆς,
1567 1142 1613 1174 οὓς
1630 1143 1677 1168 καὶ
1691 1143 1781 1176 νευροῖ
1799 1149 1864 1166 συν-

1082 1191 1164 1222 τόνως
1180 1190 1247 1225 πρὸς
1261 1189 1292 1216 τὸ
1307 1189 1435 1215 δύνασθαι
1448 1187 1692 1222 ἀντιλαμϐάνεσθαι
1711 1186 1758 1213 τοῦ
1773 1185 1864 1221 κηρύ-

1082 1243 1196 1270 γματος.

1123 1291 1347 1326 Ἐτιιράχθησαν
1366 1292 1448 1324 ἔθνη,
1469 1291 1592 1316 ἔκλιναν
1600 1288 1764 1321 βασιλεῖαι.
1783 1288 1866 1314 Ὲποο

1082 1337 1203 1372 λέμησαν
1217 1338 1265 1372 μὲν
1275 1356 1282 1368 ,
1302 1337 1394 1371 φησὶν,
1410 1336 1480 1363 κατὰ
1493 1336 1542 1370 τῆς
1563 1335 1721 1370 Ἐκκλησίας
1731 1334 1767 1360 τὰ
1783 1333 1864 1368 ἑϐνηο

1083 1383 1140 1410 ἀλλ’
1153 1384 1225 1418 ὅμως
1233 1381 1436 1409 ἕκλιναναὺτῶν
1447 1383 1470 1408 οἱ
1482 1381 1610 1416 βασιλεῖς,
1622 1381 1758 1408 τουτέστιν
1765 1381 1867 1416 ἥττην-

1082 1437 1126 1455 ται
1141 1429 1187 1455 καὶ
1199 1429 1365 1462 πεφεύγασιν
1375 1436 1382 1444 ο
1396 1428 1453 1454 ἀλλ’
1463 1427 1575 1463 ὕστερον
1590 1427 1715 1462 ἔκαμψαν
1726 1426 1774 1452 καὶ
1788 1426 1867 1452 αὐτοὶ

1083 1473 1121 1508 τῷ
1134 1473 1243 1509 Χριστῷ
1262 1473 1373 1508 αὐχένα.
1390 1472 1470 1506 Λέγει
1489 1472 1553 1507 γὰρ,
1576 1473 1616 1498 ὃτι
1631 1473 1698 1507 ταχὺ
1719 1471 1866 1506 οἰκοδομη-

1085 1519 1154 1555 Θήσῃ
1172 1519 1216 1553 ὑφ’
1230 1515 1268 1545 ὧν
1280 1518 1444 1556 καθῃρέθης.
1461 1518 1590 1554 Ὕψωσαν
1604 1517 1658 1554 γὰρ
1675 1518 1724 1553 τὴν
1746 1517 1866 1552 Ἐκκλη-

254 1562 403 1590 diruerant.
422 1561 488 1591 Nam
505 1564 696 1599 pulcherrimis
708 1573 767 1593 eam
785 1565 863 1594 donis
881 1569 991 1593 auctam
1003 1565 1031 1593 in

1091 1565 1153 1597 ῖίαν,
1168 1565 1314 1600 παγκάλως
1328 1565 1402 1600 δῶρα
1416 1564 1624 1599 προσφέροντες.
1636 1563 1744 1589 Ἔδωκε
1760 1563 1867 1597 φωνὴν

255 1607 370 1636 sublime
386 1610 548 1637 extulerunt.
570 1610 647 1638 Dedit
670 1619 756 1639 uocem
778 1620 855 1639 suam
868 1612 1031 1645 Altissimus,

254 1657 280 1680 et
291 1658 362 1680 mota
373 1659 412 1682 est
426 1659 505 1683 terra.
521 1656 646 1684 Christus
667 1657 771 1685 scilicet
788 1658 816 1684 in
829 1665 921 1685 cruce.
940 1657 1033 1684 Vacem

254 1707 343 1732 suam,
364 1701 550 1735 evangelicum
565 1702 669 1730 seilicet
689 1711 854 1730 sermonem.
872 1703 900 1730 Si
916 1711 1034 1738 namque

255 1746 345 1773 anima
356 1747 498 1775 rationalis
510 1755 602 1776 vocem
619 1749 725 1776 Domini
738 1749 863 1782 audierit,
879 1757 1034 1777 commove-

254 1796 309 1824 tur,
328 1792 478 1828 transitque
499 1794 533 1821 ab
548 1795 719 1829 improbitate
743 1795 777 1822 ad
802 1796 928 1823 virtutem
952 1800 979 1822 et
998 1795 1033 1822 ab

255 1837 408 1872 ignorantia
422 1838 456 1866 ad
470 1839 517 1867 Dei
533 1841 665 1867 notitiam.

291 1893 318 1920 8.
346 1894 473 1923 Dominus
487 1897 613 1923 virtutum
628 1897 772 1929 nobiscum,
795 1901 928 1931 susceptor
947 1901 1035 1922 noster

255 1938 324 1967 Deus
341 1939 433 1968 Iacob.
451 1940 597 1969 Victoriam
622 1943 751 1969 adversus
773 1942 925 1976 spirituales
942 1942 1033 1969 hostes

255 1989 360 2019 partam
385 1986 436 2020 ipsi
468 1986 583 2014 Domino
615 1987 736 2015 ascribit.
761 1987 918 2022 Opportune
943 1991 1033 2014 autem

257 2031 302 2058 hic
316 2031 408 2059 Jacobi
427 2033 528 2060 mentio
554 2033 667 2060 habetur
694 2033 728 2059 ob
744 2033 843 2060 luctam
857 2040 918 2059 cum
936 2040 969 2060 eo
986 2032 1035 2059 lia—

256 2076 350 2103 bitam.

291 2122 318 2150 9.
348 2122 438 2150 Venite
457 2127 482 2149 et
501 2123 584 2150 videte
598 2131 676 2158 opera
692 2124 750 2155 Dei,
768 2132 825 2158 quae
842 2125 928 2157 posuit
942 2123 1033 2158 prodi-

256 2169 301 2203 gia
323 2175 399 2202 super
417 2173 522 2196 terram.
549 2169 646 2196 Pacem
675 2169 864 2204 praedicatione
886 2169 980 2196 initam
997 2169 1034 2196 si-

1082 1611 1174 1638 αὐτοῦ
1189 1613 1205 1638 ὀ
1219 1612 1371 1645 "romae,
1381 1609 1430 1636 καί
1442 1610 1590 1643 ἐσαλεύθη
1603 1610 1621 1642 ἠ
1639 1607 1687 1643 γῆ.
1707 1608 1736 1634 Ὀ
1747 1608 1867 1643 Χριστὸς

1082 1657 1129 1684 ἐπὶ
1145 1656 1272 1691 σταυροῦ.
1295 1655 1401 1689 Φωνὴν
1411 1656 1504 1682 αὐτοῦ
1519 1655 1563 1682 τὸν
1590 1653 1764 1688 εὑαγγελικὺν
1787 1654 1867 1688 λόγον

1083 1703 1173 1737 φησίν.
1189 1702 1250 1729 Ἐὰν
1263 1701 1316 1737 γὰρ
1326 1701 1429 1738 ἀκούσῃ
1443 1701 1532 1736 φωνὴν
1547 1701 1649 1736 Κυρίου
1664 1699 1736 1735 ψυχὴ
1757 1699 1866 1735 λογικὴ,

1083 1747 1224 1774 σαλεύεται
1239 1747 1436 1782 μεταϐαίνουσα
1446 1746 1501 1772 ἀπὸ
1511 1745 1607 1777 κακίας
1621 1746 1660 1776 είς
1675 1744 1777 1780 ἀρετὴν
1789 1764 1798 1776 ,
1820 1745 1869 1771 xui.

1083 1793 1138 1820 ἀπὸ
1150 1792 1285 1826 ἀγνωσίας
1304 1793 1343 1823 εις
1355 1792 1498 1825 ἐπίγνωσιν
1510 1791 1587 1817 Θεοῦ.

1119 1895 1225 1928 Κύριος
1241 1892 1299 1919 τῶν
1315 1892 1472 1927 δυνάμεων
1482 1892 1546 1927 μεθ’
1563 1890 1656 1925 ἡμῶν,
1677 1890 1870 1924 ἁντιλήπτωρ

1084 1939 1168 1973 ἡμῶν
1185 1941 1200 1965 ὀ
1211 1939 1281 1971 Θεὸς
1297 1937 1402 1965 Ἰακώϐ.
1415 1938 1469 1973 Τὴν
1484 1938 1560 1972 νίκην
1577 1937 1624 1972 τὴν
1637 1936 1785 1971 γενομένην
1798 1937 1870 1963 κατὰ

1084 1985 1137 2011 τῶν
1150 1983 1251 2018 νοητῶν
1263 1983 1366 2019 ἐχθρῶν
1383 1983 1457 2018 αὐτῷ
1467 1982 1504 2018 τῷ
1520 1983 1612 2018 Κυρίῳ
1626 1981 1795 2016 ἀνατίθησιν.
1818 1981 1871 2008 Εὐ-

1085 2030 1188 2065 καίρως
1199 2029 1227 2056 δὲ
1239 2029 1286 2056 τοῦ
1307 2028 1402 2056 Ἰακὼὸ
1421 2030 1438 2064 ἡ
1458 2027 1550 2064 μνήμη
1568 2027 1612 2054 διὰ
1634 2027 1683 2061 τὴν
1704 2026 1795 2061 πάλην
1820 2026 1870 2062 τὴν

1085 2075 1233 2110 γενομένην
1248 2076 1314 2110 πρὸς
1324 2075 1412 2101 αὐτόν.

1120 2121 1208 2148 Δεῦτε
1221 2121 1268 2147 καὶ
1280 2121 1357 2147 ἴδετε
1372 2121 1409 2146 τὰ
1419 2120 1489 2154 ἔργα
1511 2120 1563 2146 τοῦ
1577 2119 1666 2152 Θεοῦ,
1683 2117 1702 2145 ἃ
1723 2119 1808 2146 ἔθετο
1824 2119 1870 2144 τέ-

1082 2174 1160 2199 rara
1173 2166 1221 2192 ἐπὶ
1233 2165 1286 2199 τῆς
1299 2166 1365 2200 γῆς.
1377 2165 1432 2200 Τὴν
1445 2165 1591 2200 γενομένην
1603 2163 1647 2190 διὰ
1665 2163 1712 2191 τοῦ
1723 2164 1872 2198 κηρύγμα-

255 2212 376 2247 gniﬁcat,
392 2221 453 2240 cum
468 2214 507 2240 ait
525 2214 626 2241 bellum
641 2222 722 2242 omne
747 2215 772 2241 in
799 2219 869 2242 terra
893 2215 972 2242 tinem
985 2215 1034 2241 ha-

1091 2220 1132 2243 τος
1154 2212 1263 2246 εἰρήνην
1283 2211 1492 2246 κατασημαίνει,
1517 2211 1561 2238 διὰ
1576 2210 1623 2236 τοῦ
1639 2210 1727 2236 πάντα
1751 2209 1871 2244 πόλεμον

256 2258 358 2285 buisse.
377 2258 504 2294 Prodigia
530 2264 619 2288 autem
634 2260 700 2287 dicit
723 2262 888 2288 cessationes
907 2266 935 2288 et
961 2268 1036 2288 com-

258 2303 422 2341 pressiones.
441 2304 556 2332 Cessare
570 2304 634 2332 fecit
645 2305 719 2332 enim
737 2314 818 2334 omne
834 2306 946 2334 bellum.

294 2390 337 2417 10.
370 2391 467 2417 Arcum
481 2396 593 2418 conteret
616 2396 640 2418 et
660 2393 804 2427 confringet
820 2400 906 2426 arma,
924 2397 948 2419 et
963 2398 1038 2420 scuta

259 2436 390 2464 comburet
401 2438 466 2473 igni.
478 2438 590 2470 Arcum,
608 2438 690 2465 telum
704 2443 731 2465 et
745 2442 863 2470 scutum,
889 2440 1037 2473 pessimum

258 2483 380 2511 indicant
394 2488 506 2517 statum,
521 2488 548 2512 et
564 2491 706 2519 perversas
715 2484 903 2512 cozitationes.

296 2569 340 2599 ﬂ.
378 2572 475 2600 Vacate
502 2578 527 2601 et
559 2580 641 2601 maere
663 2582 787 2609 quoniam
802 2583 848 2610 ego
871 2567 930 2602 sum
959 2574 1038 2602 Deus.

260 2618 318 2647 Nisi
335 2620 398 2655 quis
411 2621 483 2648 enim
501 2621 668 2649 mundanam
685 2629 793 2649 omnem
814 2630 907 2650 curam
918 2622 1037 2657 abjiciat,

260 2671 314 2691 non
331 2670 421 2700 potest
439 2673 520 2694 nosse
535 2666 631 2694 Deum.
652 2666 797 2695 Vacationc
813 2668 885 2695 enim
909 2675 978 2703 opus
999 2671 1041 2696 est

261 2709 295 2736 ad
312 2709 358 2738 Dei
381 2711 575 2745 cognitionem.
600 2712 747 2741 Exattabor
770 2714 798 2740 in
819 2713 950 2748 gentibus,
967 2712 1040 2740 exal-

260 2755 338 2782 tabor
355 2756 382 2782 in
400 2761 480 2783 terra.
497 2756 701 2787 Praedicationis
721 2759 851 2786 adversus
867 2766 961 2786 omnes
976 2766 1040 2792 gen-

261 2805 303 2828 tes
317 2802 457 2830 victoriam
471 2803 536 2838 ipsis
552 2805 706 2838 pollicetur.

299 2846 342 2874 12.
374 2848 500 2876 Dominus
528 2850 812 2883 oirlutumnobiscum,
833 2853 966 2883 susceptor
992 2856 1039 2874 uo-

1089 2258 1176 2291 λέγειν
1192 2256 1346 2284 πεπαῦσθαι
1360 2256 1413 2283 ἀπὸ
1423 2257 1472 2290 τῆς
1485 2256 1545 2292 γῆς.
1558 2257 1665 2289 Τέρατα
1676 2255 1703 2280 δὲ
1713 2255 1778 2285 τοὺς
1797 2255 1871 2288 ἀφα-

1088 2304 1209 2338 νισμοὺς,
1218 2303 1330 2338 ἦτοιτὰς
1343 2303 1532 2338 καταργήσεις,
1541 2302 1631 2337 φησίν·
1645 2301 1802 2335 κατήργησε
1817 2299 1872 2335 γὰρ

1089 2349 1177 2375 πάντα
1192 2348 1317 2383 πόλεμον.

1127 2394 1218 2426 Τόξον
1231 2393 1399 2427 συντρίψει,
1425 2392 1474 2419 καὶ
1493 2392 1660 2420 συνθλάσει
1684 2390 1793 2423 ὅπλον,
1823 2391 1875 2417 καὶ

1089 2439 1214 2474 θυρεοὺς
1229 2439 1409 2466 κατακαύσει
1433 2439 1468 2465 ἐν
1485 2438 1566 2472 πυρί.
1583 2437 1664 2470 Τόξον
1688 2436 1736 2462 νῦν
1747 2456 1754 2468 ,
1777 2436 1826 2462 καὶ
1843 2437 1875 2462 τὺ

1089 2485 1180 2515 ὅπλον,
1198 2484 1245 2510 καὶ
1258 2485 1272 2510 ὁ
1287 2483 1382 2518 Θυρεὸς
1397 2483 1560 2510 κατάστασιν
1577 2482 1713 2517 χειρίστην
1731 2481 1873 2516 σημαίνει,

1091 2531 1136 2558 καὶ
1149 2530 1294 2565 λογισμοὺς
1306 2529 1449 2564 πονηρούς.

1127 2575 1311 2611 Σχολάσατε,
1329 2576 1377 2602 καὶ
1387 2575 1490 2610 γνῶτε,
1507 2574 1552 2601 ὅτι
1564 2573 1620 2608 ἐγώ
1635 2575 1693 2608 ειμι
1709 2573 1726 2600 ό
1745 2573 1828 2605 Θεός.
1843 2573 1876 2600 El

1092 2623 1129 2658 μὴ
1141 2623 1194 2658 γάρ
1205 2630 1246 2653 τις
1257 2622 1347 2656 πάσης
1358 2621 1493 2655 κοσμικῆς
1508 2619 1646 2656 φροντίδος
1657 2618 1770 2653 γένηται
1785 2619 1875 2650 ἐκτὸς,

1091 2669 1121 2695 οὺ
1136 2668 1245 2694 δύναται
1258 2667 1358 2701 γνῶναι
1375 2666 1419 2693 τὸν
1435 2666 1511 2692 Θεόν.
1527 2665 1628 2700 Σχολῆς
1641 2664 1694 2700 γὰρ
1710 2664 1791 2699 χρεία
1808 2663 1877 2699 πρὸς

1090 2714 1121 2740 τὸ
1134 2713 1234 2748 γνῶναι
1245 2713 1290 2739 τὸν
1306 2712 1382 2738 Θεόν.
1399 2711 1602 2745 Ύψωθήσομαι
1613 2711 1648 2737 ἐν
1658 2710 1721 2742 τοῖς
1741 2709 1875 2739 ἔθνεσιν,

1090 2759 1286 2793 ὑψωθήσομαι
1301 2758 1335 2784 ἐν
1356 2757 1392 2791 τῇ
1416 2756 1465 2791 τῇ.
1479 2757 1534 2791 Τὴν
1557 2757 1736 2792 ἐπικράτησιν
1752 2756 1802 2782 τοῦ
1828 2766 1877 2791 κη-

1094 2804 1229 2839 ρύγματος
1243 2803 1291 2838 τὴν
1305 2802 1374 2829 κατὰ
1391 2802 1444 2828 τῶν
1462 2801 1547 2828 ὲονῶν
1562 2801 1651 2832 αὐτοῖς
1664 2801 1876 2834 ἐπαγγέλλεται.

1128 2849 1235 2881 Κύριος
1252 2846 1310 2874 τῶν
1322 2847 1476 2880 δυνάμεων
1488 2846 1552 2880 μεθ’
1567 2846 1659 2881 ήμῶν,
1685 2845 1877 2879 ἁντιλήπτωρ
