  <div class='ocr_page' id='page_1' title='image "/cluster/home/n/w/nwhite01/storage/ocr_20150623/27/njp.32101010944609/129.png"; bbox 0 0 1928 3053; ppageno 0'>
   <div class='ocr_carea' id='block_1_1' title="bbox 240 138 295 166">
    <p class='ocr_par' dir='ltr' id='par_1_1' title="bbox 240 138 295 166">
     <span class='ocr_line' id='line_1_1' title="bbox 240 138 295 166; baseline 0 0"><span class='ocrx_word' id='word_1_1' title='bbox 240 138 295 166; x_wconf 67' lang='lat'><strong>9.25</strong></span> 
     </span>
    </p>
   </div>
   <div class='ocr_carea' id='block_1_2' title="bbox 296 192 972 229">
    <p class='ocr_par' dir='ltr' id='par_1_2' title="bbox 296 192 972 229">
     <span class='ocr_line' id='line_1_2' title="bbox 296 192 972 229; baseline -0.003 -8"><span class='ocrx_word' id='word_1_2' title='bbox 296 195 322 222; x_wconf 81' lang='grc' dir='ltr'><strong>Ι.</strong></span> <span class='ocrx_word' id='word_1_3' title='bbox 339 193 471 229; x_wconf 71' lang='lat' dir='ltr'><strong>lli—finem,</strong></span> <span class='ocrx_word' id='word_1_4' title='bbox 485 195 548 228; x_wconf 68' lang='lat' dir='ltr'><strong>ﬁliis</strong></span> <span class='ocrx_word' id='word_1_5' title='bbox 562 193 637 221; x_wconf 75' lang='lat' dir='ltr'><strong>Core.</strong></span> <span class='ocrx_word' id='word_1_6' title='bbox 652 194 822 222; x_wconf 63' lang='lat' dir='ltr'><strong>PSALMUS</strong></span> <span class='ocrx_word' id='word_1_7' title='bbox 835 193 882 220; x_wconf 75' lang='lat' dir='ltr'><strong><em>XL</em></strong></span> <span class='ocrx_word' id='word_1_8' title='bbox 891 192 972 220; x_wconf 84' lang='lat' dir='ltr'><strong>VIII.</strong></span> 
     </span>
    </p>
   </div>
   <div class='ocr_carea' id='block_1_3' title="bbox 536 241 734 275">
    <p class='ocr_par' dir='ltr' id='par_1_3' title="bbox 536 241 734 275">
     <span class='ocr_line' id='line_1_3' title="bbox 536 241 734 275; baseline 0 -9"><span class='ocrx_word' id='word_1_9' title='bbox 536 241 734 275; x_wconf 77' lang='lat' dir='ltr'><strong>Argumentum.</strong></span> 
     </span>
    </p>
   </div>
   <div class='ocr_carea' id='block_1_4' title="bbox 655 130 1437 163">
    <p class='ocr_par' dir='ltr' id='par_1_4' title="bbox 655 130 1437 163">
     <span class='ocr_line' id='line_1_4' title="bbox 655 130 1437 163; baseline -0.01 0"><span class='ocrx_word' id='word_1_10' title='bbox 655 137 684 163; x_wconf 88' lang='lat' dir='ltr'><strong>S.</strong></span> <span class='ocrx_word' id='word_1_11' title='bbox 704 133 888 162; x_wconf 47' lang='lat' dir='ltr'><strong>ATllg‘lNASil</strong></span> <span class='ocrx_word' id='word_1_12' title='bbox 911 133 988 160; x_wconf 82' lang='lat' dir='ltr'><strong>OPP.</strong></span> <span class='ocrx_word' id='word_1_13' title='bbox 1007 131 1099 160; x_wconf 76' lang='lat' dir='ltr'><strong>PARS</strong></span> <span class='ocrx_word' id='word_1_14' title='bbox 1117 131 1159 159; x_wconf 82' lang='lat' dir='ltr'><strong>ill.</strong></span> <span class='ocrx_word' id='word_1_15' title='bbox 1179 147 1216 152; x_wconf 93' lang='lat'><strong>—</strong></span> <span class='ocrx_word' id='word_1_16' title='bbox 1234 130 1437 158; x_wconf 69' lang='lat' dir='ltr'><strong>EXEGETICA.</strong></span> 
     </span>
    </p>
   </div>
   <div class='ocr_carea' id='block_1_5' title="bbox 1041 192 1064 220">
    <p class='ocr_par' dir='ltr' id='par_1_5' title="bbox 1041 192 1064 220">
     <span class='ocr_line' id='line_1_5' title="bbox 1041 192 1064 220; baseline 0 0"><span class='ocrx_word' id='word_1_17' title='bbox 1041 192 1064 220; x_wconf 77' lang='grc' dir='ltr'>Α</span> 
     </span>
    </p>
   </div>
   <div class='ocr_carea' id='block_1_6' title="bbox 1801 129 1867 157">
    <p class='ocr_par' dir='ltr' id='par_1_6' title="bbox 1801 129 1867 157">
     <span class='ocr_line' id='line_1_6' title="bbox 1801 129 1867 157; baseline -0.015 0"><span class='ocrx_word' id='word_1_18' title='bbox 1801 129 1867 157; x_wconf 60' lang='lat'><strong>224</strong></span> 
     </span>
    </p>
   </div>
   <div class='ocr_carea' id='block_1_7' title="bbox 1127 187 1793 221">
    <p class='ocr_par' dir='ltr' id='par_1_7' title="bbox 1127 187 1793 221">
     <span class='ocr_line' id='line_1_7' title="bbox 1127 187 1793 221; baseline 0 -6"><span class='ocrx_word' id='word_1_19' title='bbox 1127 190 1178 221; x_wconf 79' lang='grc' dir='ltr'><strong>Εἰς</strong></span> <span class='ocrx_word' id='word_1_20' title='bbox 1194 189 1279 220; x_wconf 78' lang='grc' dir='ltr'>τέλος</span> <span class='ocrx_word' id='word_1_21' title='bbox 1290 188 1352 220; x_wconf 82' lang='grc' dir='ltr'>τοῖς</span> <span class='ocrx_word' id='word_1_22' title='bbox 1374 187 1448 219; x_wconf 75' lang='grc' dir='ltr'>υἱοῖς</span> <span class='ocrx_word' id='word_1_23' title='bbox 1461 187 1544 220; x_wconf 63' lang='grc' dir='ltr'>Ῑὶίρὲι</span> <span class='ocrx_word' id='word_1_24' title='bbox 1567 188 1793 215; x_wconf 58' lang='grc' dir='ltr'><strong>ΨΑΛΜΟΣ⁷ΜΗ¹</strong></span> 
     </span>
    </p>
   </div>
   <div class='ocr_carea' id='block_1_8' title="bbox 1384 234 1550 265">
    <p class='ocr_par' dir='ltr' id='par_1_8' title="bbox 1384 234 1550 265">
     <span class='ocr_line' id='line_1_8' title="bbox 1384 234 1550 265; baseline -0.006 -6"><span class='ocrx_word' id='word_1_25' title='bbox 1384 234 1550 265; x_wconf 71' lang='grc' dir='ltr'>Ὑπόθεσις.</span> 
     </span>
    </p>
   </div>
   <div class='ocr_carea' id='block_1_9' title="bbox 242 278 1041 320">
    <p class='ocr_par' dir='ltr' id='par_1_9' title="bbox 242 286 1026 320">
     <span class='ocr_line' id='line_1_9' title="bbox 242 286 1026 320; baseline -0.003 -6"><span class='ocrx_word' id='word_1_26' title='bbox 242 287 308 319; x_wconf 70' lang='lat' dir='ltr'><strong>Qua:</strong></span> <span class='ocrx_word' id='word_1_27' title='bbox 332 288 366 314; x_wconf 86' lang='lat' dir='ltr'><strong>ad</strong></span> <span class='ocrx_word' id='word_1_28' title='bbox 392 287 514 314; x_wconf 73' lang='lat' dir='ltr'><strong>divinant</strong></span> <span class='ocrx_word' id='word_1_29' title='bbox 541 286 660 313; x_wconf 78' lang='lat' dir='ltr'><strong>tribunal</strong></span> <span class='ocrx_word' id='word_1_30' title='bbox 682 286 817 320; x_wconf 86' lang='lat' dir='ltr'><strong>pertinent</strong></span> <span class='ocrx_word' id='word_1_31' title='bbox 843 286 894 313; x_wconf 89' lang='lat' dir='ltr'><strong>hoc</strong></span> <span class='ocrx_word' id='word_1_32' title='bbox 922 286 1026 320; x_wconf 81' lang='lat' dir='ltr'><strong>psalmo</strong></span> 
     </span>
    </p>
   </div>
   <div class='ocr_carea' id='block_1_10' title="bbox 1091 278 1865 320">
    <p class='ocr_par' dir='ltr' id='par_1_10' title="bbox 1091 278 1865 316">
     <span class='ocr_line' id='line_1_10' title="bbox 1091 278 1865 316; baseline 0.001 -10"><span class='ocrx_word' id='word_1_33' title='bbox 1091 280 1126 306; x_wconf 80' lang='grc' dir='ltr'>ιιᾶ</span> <span class='ocrx_word' id='word_1_34' title='bbox 1135 289 1180 307; x_wconf 78' lang='grc' dir='ltr'>του</span> <span class='ocrx_word' id='word_1_35' title='bbox 1196 281 1326 315; x_wconf 76' lang='grc' dir='ltr'><strong>παρόντος</strong></span> <span class='ocrx_word' id='word_1_36' title='bbox 1340 278 1447 315; x_wconf 82' lang='grc' dir='ltr'>ψαλμοῦ</span> <span class='ocrx_word' id='word_1_37' title='bbox 1460 279 1494 304; x_wconf 82' lang='grc' dir='ltr'>τὰ</span> <span class='ocrx_word' id='word_1_38' title='bbox 1507 279 1571 314; x_wconf 78' lang='grc' dir='ltr'>περὶ</span> <span class='ocrx_word' id='word_1_39' title='bbox 1582 279 1628 305; x_wconf 84' lang='grc' dir='ltr'><strong>τοῦ</strong></span> <span class='ocrx_word' id='word_1_40' title='bbox 1641 279 1714 306; x_wconf 81' lang='grc' dir='ltr'>θείου</span> <span class='ocrx_word' id='word_1_41' title='bbox 1729 280 1865 316; x_wconf 74' lang='grc' dir='ltr'>δικαστη-</span> 
     </span>
    </p>
   </div>
   <div class='ocr_carea' id='block_1_11' title="bbox 278 332 1027 367">
    <p class='ocr_par' dir='ltr' id='par_1_11' title="bbox 278 332 1027 367">
     <span class='ocr_line' id='line_1_11' title="bbox 278 332 1027 367; baseline -0.003 -7"><span class='ocrx_word' id='word_1_42' title='bbox 278 333 406 360; x_wconf 88' lang='lat' dir='ltr'><strong>omnibus</strong></span> <span class='ocrx_word' id='word_1_43' title='bbox 434 334 589 360; x_wconf 82' lang='lat' dir='ltr'><strong>hontinihus</strong></span> <span class='ocrx_word' id='word_1_44' title='bbox 619 333 815 367; x_wconf 74' lang='lat' dir='ltr'><strong>przedicantur,</strong></span> <span class='ocrx_word' id='word_1_45' title='bbox 840 340 945 365; x_wconf 81' lang='lat' dir='ltr'><strong>necnon</strong></span> <span class='ocrx_word' id='word_1_46' title='bbox 969 332 1027 358; x_wconf 86' lang='lat' dir='ltr'><strong>dies</strong></span> 
     </span>
    </p>
   </div>
   <div class='ocr_carea' id='block_1_12' title="bbox 279 377 1028 413">
    <p class='ocr_par' dir='ltr' id='par_1_12' title="bbox 279 377 1028 413">
     <span class='ocr_line' id='line_1_12' title="bbox 279 377 1028 413; baseline -0.001 -8"><span class='ocrx_word' id='word_1_47' title='bbox 279 379 324 406; x_wconf 90' lang='lat' dir='ltr'><strong>illa</strong></span> <span class='ocrx_word' id='word_1_48' title='bbox 340 387 392 413; x_wconf 85' lang='lat' dir='ltr'><strong>qua</strong></span> <span class='ocrx_word' id='word_1_49' title='bbox 409 379 480 406; x_wconf 87' lang='lat' dir='ltr'><strong>Deus</strong></span> <span class='ocrx_word' id='word_1_50' title='bbox 500 379 608 405; x_wconf 90' lang='lat' dir='ltr'><strong>condita</strong></span> <span class='ocrx_word' id='word_1_51' title='bbox 631 379 721 404; x_wconf 80' lang='lat' dir='ltr'><strong>omnia</strong></span> <span class='ocrx_word' id='word_1_52' title='bbox 737 377 770 405; x_wconf 88' lang='lat' dir='ltr'><strong>ad</strong></span> <span class='ocrx_word' id='word_1_53' title='bbox 788 378 920 411; x_wconf 77' lang='lat' dir='ltr'><strong>judicium</strong></span> <span class='ocrx_word' id='word_1_54' title='bbox 943 377 1028 404; x_wconf 85' lang='lat' dir='ltr'><strong>addu-</strong></span> 
     </span>
    </p>
   </div>
   <div class='ocr_carea' id='block_1_13' title="bbox 283 422 1028 457">
    <p class='ocr_par' dir='ltr' id='par_1_13' title="bbox 283 422 1028 457">
     <span class='ocr_line' id='line_1_13' title="bbox 283 422 1028 457; baseline -0.003 -7"><span class='ocrx_word' id='word_1_55' title='bbox 283 428 339 451; x_wconf 84' lang='lat' dir='ltr'><strong>cet.</strong></span> <span class='ocrx_word' id='word_1_56' title='bbox 357 424 483 450; x_wconf 76' lang='lat' dir='ltr'><strong>Fortasse</strong></span> <span class='ocrx_word' id='word_1_57' title='bbox 505 431 568 450; x_wconf 81' lang='lat' dir='ltr'><strong>vero</strong></span> <span class='ocrx_word' id='word_1_58' title='bbox 583 423 629 449; x_wconf 85' lang='lat' dir='ltr'><strong>lilii</strong></span> <span class='ocrx_word' id='word_1_59' title='bbox 646 422 714 450; x_wconf 88' lang='lat' dir='ltr'><strong>Core</strong></span> <span class='ocrx_word' id='word_1_60' title='bbox 732 424 915 457; x_wconf 68' lang='lat' dir='ltr'><strong>apostolorum</strong></span> <span class='ocrx_word' id='word_1_61' title='bbox 933 429 1028 457; x_wconf 81' lang='lat' dir='ltr'><strong>perso-</strong></span> 
     </span>
    </p>
   </div>
   <div class='ocr_carea' id='block_1_14' title="bbox 282 468 956 505">
    <p class='ocr_par' dir='ltr' id='par_1_14' title="bbox 282 468 956 505">
     <span class='ocr_line' id='line_1_14' title="bbox 282 468 956 505; baseline -0.006 -8"><span class='ocrx_word' id='word_1_62' title='bbox 282 478 343 497; x_wconf 93' lang='lat' dir='ltr'><strong>nam</strong></span> <span class='ocrx_word' id='word_1_63' title='bbox 361 474 457 505; x_wconf 77' lang='lat' dir='ltr'><strong>gerant</strong></span> <span class='ocrx_word' id='word_1_64' title='bbox 469 470 515 503; x_wconf 87' lang='lat' dir='ltr'><strong>qui</strong></span> <span class='ocrx_word' id='word_1_65' title='bbox 535 468 671 504; x_wconf 85' lang='lat' dir='ltr'><strong>mysteriis</strong></span> <span class='ocrx_word' id='word_1_66' title='bbox 690 468 782 495; x_wconf 89' lang='lat' dir='ltr'><strong>orbem</strong></span> <span class='ocrx_word' id='word_1_67' title='bbox 804 468 956 494; x_wconf 87' lang='lat' dir='ltr'><strong>initiarunt.</strong></span> 
     </span>
    </p>
   </div>
   <div class='ocr_carea' id='block_1_15' title="bbox 280 557 1027 592">
    <p class='ocr_par' dir='ltr' id='par_1_15' title="bbox 280 557 1027 592">
     <span class='ocr_line' id='line_1_15' title="bbox 280 557 1027 592; baseline -0.005 -6"><span class='ocrx_word' id='word_1_68' title='bbox 280 559 308 586; x_wconf 63' lang='grc' dir='ltr'>ει</span> <span class='ocrx_word' id='word_1_69' title='bbox 339 559 433 586; x_wconf 80' lang='lat' dir='ltr'><strong>Audite</strong></span> <span class='ocrx_word' id='word_1_70' title='bbox 455 559 520 590; x_wconf 74' lang='lat' dir='ltr'><strong>luet,</strong></span> <span class='ocrx_word' id='word_1_71' title='bbox 542 566 628 584; x_wconf 74' lang='lat' dir='ltr'><strong>omnes</strong></span> <span class='ocrx_word' id='word_1_72' title='bbox 643 562 740 592; x_wconf 68' lang='lat' dir='ltr'><strong>gentes,</strong></span> <span class='ocrx_word' id='word_1_73' title='bbox 764 557 871 583; x_wconf 83' lang='lat' dir='ltr'><strong>auribus</strong></span> <span class='ocrx_word' id='word_1_74' title='bbox 893 557 1027 591; x_wconf 75' lang='lat' dir='ltr'><strong>pcrcipile,</strong></span> 
     </span>
    </p>
   </div>
   <div class='ocr_carea' id='block_1_16' title="bbox 248 603 1027 640">
    <p class='ocr_par' dir='ltr' id='par_1_16' title="bbox 248 603 1027 640">
     <span class='ocr_line' id='line_1_16' title="bbox 248 603 1027 640; baseline -0.005 -8"><span class='ocrx_word' id='word_1_75' title='bbox 248 613 335 632; x_wconf 83' lang='lat' dir='ltr'><strong>omnes</strong></span> <span class='ocrx_word' id='word_1_76' title='bbox 347 606 391 640; x_wconf 86' lang='lat' dir='ltr'><strong>qui</strong></span> <span class='ocrx_word' id='word_1_77' title='bbox 410 605 535 632; x_wconf 77' lang='lat' dir='ltr'><strong>habitatis</strong></span> <span class='ocrx_word' id='word_1_78' title='bbox 551 604 648 631; x_wconf 87' lang='lat' dir='ltr'><strong>orbem.</strong></span> <span class='ocrx_word' id='word_1_79' title='bbox 671 603 747 630; x_wconf 86' lang='lat' dir='ltr'><strong>Sicut</strong></span> <span class='ocrx_word' id='word_1_80' title='bbox 761 604 793 630; x_wconf 88' lang='lat' dir='ltr'><strong>ad</strong></span> <span class='ocrx_word' id='word_1_81' title='bbox 815 603 929 629; x_wconf 75' lang='lat' dir='ltr'><strong>salutem</strong></span> <span class='ocrx_word' id='word_1_82' title='bbox 943 607 1027 628; x_wconf 88' lang='lat' dir='ltr'><strong>totutn</strong></span> 
     </span>
    </p>
   </div>
   <div class='ocr_carea' id='block_1_17' title="bbox 248 648 1028 684">
    <p class='ocr_par' dir='ltr' id='par_1_17' title="bbox 248 648 1028 684">
     <span class='ocr_line' id='line_1_17' title="bbox 248 648 1028 684; baseline -0.004 -7"><span class='ocrx_word' id='word_1_83' title='bbox 248 651 395 677; x_wconf 88' lang='lat' dir='ltr'><strong>humanum</strong></span> <span class='ocrx_word' id='word_1_84' title='bbox 413 658 497 684; x_wconf 73' lang='lat' dir='ltr'><strong>genus</strong></span> <span class='ocrx_word' id='word_1_85' title='bbox 518 654 606 681; x_wconf 86' lang='lat' dir='ltr'><strong>vocat,</strong></span> <span class='ocrx_word' id='word_1_86' title='bbox 623 650 717 676; x_wconf 84' lang='lat' dir='ltr'><strong>eodem</strong></span> <span class='ocrx_word' id='word_1_87' title='bbox 737 648 819 675; x_wconf 89' lang='lat' dir='ltr'><strong>modo</strong></span> <span class='ocrx_word' id='word_1_88' title='bbox 832 649 864 674; x_wconf 86' lang='lat' dir='ltr'><strong>ad</strong></span> <span class='ocrx_word' id='word_1_89' title='bbox 877 648 1028 675; x_wconf 80' lang='lat' dir='ltr'><strong>doctrinam</strong></span> 
     </span>
    </p>
   </div>
   <div class='ocr_carea' id='block_1_18' title="bbox 247 696 850 731">
    <p class='ocr_par' dir='ltr' id='par_1_18' title="bbox 247 696 850 731">
     <span class='ocr_line' id='line_1_18' title="bbox 247 696 850 731; baseline -0.003 -9"><span class='ocrx_word' id='word_1_90' title='bbox 247 696 329 723; x_wconf 87' lang='lat' dir='ltr'><strong>divini</strong></span> <span class='ocrx_word' id='word_1_91' title='bbox 341 696 447 731; x_wconf 88' lang='lat' dir='ltr'><strong>judicii,</strong></span> <span class='ocrx_word' id='word_1_92' title='bbox 462 703 514 723; x_wconf 86' lang='lat' dir='ltr'><strong>una</strong></span> <span class='ocrx_word' id='word_1_93' title='bbox 532 703 628 722; x_wconf 79' lang='lat' dir='ltr'><strong>omnes</strong></span> <span class='ocrx_word' id='word_1_94' title='bbox 642 702 732 721; x_wconf 86' lang='lat' dir='ltr'><strong>sermo</strong></span> <span class='ocrx_word' id='word_1_95' title='bbox 745 698 850 721; x_wconf 80' lang='lat' dir='ltr'><strong>evocat.</strong></span> 
     </span>
    </p>
   </div>
   <div class='ocr_carea' id='block_1_19' title="bbox 282 781 1030 817">
    <p class='ocr_par' dir='ltr' id='par_1_19' title="bbox 282 781 1030 817">
     <span class='ocr_line' id='line_1_19' title="bbox 282 781 1030 817; baseline 0 -9"><span class='ocrx_word' id='word_1_96' title='bbox 282 781 308 808; x_wconf 81' lang='lat'><strong>3.</strong></span> <span class='ocrx_word' id='word_1_97' title='bbox 336 782 437 817; x_wconf 82' lang='lat' dir='ltr'><strong>Quique</strong></span> <span class='ocrx_word' id='word_1_98' title='bbox 456 783 592 817; x_wconf 67' lang='lat' dir='ltr'><strong>terrigena</strong></span> <span class='ocrx_word' id='word_1_99' title='bbox 627 788 649 809; x_wconf 85' lang='lat' dir='ltr'><strong>et</strong></span> <span class='ocrx_word' id='word_1_100' title='bbox 675 783 725 816; x_wconf 82' lang='lat' dir='ltr'><strong>filii</strong></span> <span class='ocrx_word' id='word_1_101' title='bbox 740 782 885 808; x_wconf 80' lang='lat' dir='ltr'><strong>hominum.</strong></span> <span class='ocrx_word' id='word_1_102' title='bbox 907 781 1030 817; x_wconf 77' lang='lat' dir='ltr'><strong>Terrige-</strong></span> 
     </span>
    </p>
   </div>
   <div class='ocr_carea' id='block_1_20' title="bbox 246 827 1028 862">
    <p class='ocr_par' dir='ltr' id='par_1_20' title="bbox 246 827 1028 862">
     <span class='ocr_line' id='line_1_20' title="bbox 246 827 1028 862; baseline -0.003 -7"><span class='ocrx_word' id='word_1_103' title='bbox 246 835 297 855; x_wconf 84' lang='lat' dir='ltr'><strong>nas</strong></span> <span class='ocrx_word' id='word_1_104' title='bbox 313 833 394 854; x_wconf 81' lang='lat' dir='ltr'><strong>vocat</strong></span> <span class='ocrx_word' id='word_1_105' title='bbox 408 828 570 862; x_wconf 76' lang='lat' dir='ltr'><strong>agrestiores</strong></span> <span class='ocrx_word' id='word_1_106' title='bbox 584 828 707 854; x_wconf 82' lang='lat' dir='ltr'><strong>homines</strong></span> <span class='ocrx_word' id='word_1_107' title='bbox 724 827 920 861; x_wconf 84' lang='lat' dir='ltr'><strong>barbarosque,</strong></span> <span class='ocrx_word' id='word_1_108' title='bbox 941 828 986 861; x_wconf 86' lang='lat' dir='ltr'><strong>qui</strong></span> <span class='ocrx_word' id='word_1_109' title='bbox 1003 827 1028 853; x_wconf 88' lang='lat' dir='ltr'><strong>in</strong></span> 
     </span>
    </p>
   </div>
   <div class='ocr_carea' id='block_1_21' title="bbox 247 861 1066 907">
    <p class='ocr_par' dir='ltr' id='par_1_21' title="bbox 247 861 1066 907">
     <span class='ocr_line' id='line_1_21' title="bbox 247 861 1066 907; baseline -0.001 -8"><span class='ocrx_word' id='word_1_110' title='bbox 247 873 362 901; x_wconf 81' lang='lat' dir='ltr'><strong>desertis</strong></span> <span class='ocrx_word' id='word_1_111' title='bbox 383 861 513 905; x_wconf 77' lang='lat' dir='ltr'><strong>habit-ant,</strong></span> <span class='ocrx_word' id='word_1_112' title='bbox 532 881 619 907; x_wconf 87' lang='lat' dir='ltr'><strong>neque</strong></span> <span class='ocrx_word' id='word_1_113' title='bbox 634 873 738 907; x_wconf 79' lang='lat' dir='ltr'><strong>legibus</strong></span> <span class='ocrx_word' id='word_1_114' title='bbox 761 873 864 905; x_wconf 81' lang='lat' dir='ltr'><strong>cultos;</strong></span> <span class='ocrx_word' id='word_1_115' title='bbox 891 872 962 898; x_wconf 87' lang='lat' dir='ltr'><strong>tilios</strong></span> <span class='ocrx_word' id='word_1_116' title='bbox 979 872 1029 898; x_wconf 90' lang='lat' dir='ltr'><strong>ho-</strong></span> <span class='ocrx_word' id='word_1_117' title='bbox 1045 861 1066 887; x_wconf 72' lang='grc' dir='ltr'><strong><em>Β</em></strong></span> 
     </span>
    </p>
   </div>
   <div class='ocr_carea' id='block_1_22' title="bbox 248 918 1031 953">
    <p class='ocr_par' dir='ltr' id='par_1_22' title="bbox 248 918 1031 953">
     <span class='ocr_line' id='line_1_22' title="bbox 248 918 1031 953; baseline -0.001 -7"><span class='ocrx_word' id='word_1_118' title='bbox 248 919 351 946; x_wconf 89' lang='lat' dir='ltr'><strong>mioum</strong></span> <span class='ocrx_word' id='word_1_119' title='bbox 368 919 435 946; x_wconf 80' lang='lat' dir='ltr'><strong>dicit</strong></span> <span class='ocrx_word' id='word_1_120' title='bbox 445 927 492 945; x_wconf 91' lang='lat' dir='ltr'><strong>eos</strong></span> <span class='ocrx_word' id='word_1_121' title='bbox 506 919 551 953; x_wconf 89' lang='lat' dir='ltr'><strong>qui</strong></span> <span class='ocrx_word' id='word_1_122' title='bbox 568 919 756 945; x_wconf 86' lang='lat' dir='ltr'><strong>humaniorem</strong></span> <span class='ocrx_word' id='word_1_123' title='bbox 779 918 883 945; x_wconf 89' lang='lat' dir='ltr'><strong>ducunt</strong></span> <span class='ocrx_word' id='word_1_124' title='bbox 905 919 966 945; x_wconf 59' lang='lat' dir='ltr'><strong>vitae</strong></span> <span class='ocrx_word' id='word_1_125' title='bbox 987 926 1031 945; x_wconf 85' lang='lat' dir='ltr'><strong>ra-</strong></span> 
     </span>
    </p>
   </div>
   <div class='ocr_carea' id='block_1_23' title="bbox 247 965 624 1000">
    <p class='ocr_par' dir='ltr' id='par_1_23' title="bbox 247 965 624 1000">
     <span class='ocr_line' id='line_1_23' title="bbox 247 965 624 1000; baseline -0.003 -8"><span class='ocrx_word' id='word_1_126' title='bbox 247 965 348 992; x_wconf 68' lang='lat' dir='ltr'><strong>tionem</strong></span> <span class='ocrx_word' id='word_1_127' title='bbox 363 970 390 992; x_wconf 89' lang='lat' dir='ltr'><strong>et</strong></span> <span class='ocrx_word' id='word_1_128' title='bbox 399 965 503 1000; x_wconf 76' lang='lat' dir='ltr'><strong>legibus</strong></span> <span class='ocrx_word' id='word_1_129' title='bbox 521 969 624 998; x_wconf 84' lang='lat' dir='ltr'><strong>parent.</strong></span> 
     </span>
    </p>
   </div>
   <div class='ocr_carea' id='block_1_24' title="bbox 283 1050 1031 1085">
    <p class='ocr_par' dir='ltr' id='par_1_24' title="bbox 283 1050 1031 1085">
     <span class='ocr_line' id='line_1_24' title="bbox 283 1050 1031 1085; baseline -0.001 -8"><span class='ocrx_word' id='word_1_130' title='bbox 283 1050 310 1078; x_wconf 81' lang='grc'><strong>4.</strong></span> <span class='ocrx_word' id='word_1_131' title='bbox 338 1050 374 1077; x_wconf 75' lang='lat' dir='ltr'><strong>Os</strong></span> <span class='ocrx_word' id='word_1_132' title='bbox 386 1058 471 1077; x_wconf 87' lang='lat' dir='ltr'><strong>meum</strong></span> <span class='ocrx_word' id='word_1_133' title='bbox 482 1051 602 1085; x_wconf 79' lang='lat' dir='ltr'><strong>loquetur</strong></span> <span class='ocrx_word' id='word_1_134' title='bbox 617 1051 784 1085; x_wconf 80' lang='lat' dir='ltr'><strong>sapientiam.</strong></span> <span class='ocrx_word' id='word_1_135' title='bbox 796 1050 1031 1083; x_wconf 79' lang='lat' dir='ltr'><strong>Quemadmodum</strong></span> 
     </span>
    </p>
   </div>
   <div class='ocr_carea' id='block_1_25' title="bbox 249 1094 1031 1128">
    <p class='ocr_par' dir='ltr' id='par_1_25' title="bbox 249 1094 1031 1128">
     <span class='ocr_line' id='line_1_25' title="bbox 249 1094 1031 1128; baseline -0.003 -5"><span class='ocrx_word' id='word_1_136' title='bbox 249 1103 299 1123; x_wconf 72' lang='lat' dir='ltr'><strong>ceu</strong></span> <span class='ocrx_word' id='word_1_137' title='bbox 312 1095 339 1122; x_wconf 83' lang='lat' dir='ltr'><strong>in</strong></span> <span class='ocrx_word' id='word_1_138' title='bbox 352 1096 443 1123; x_wconf 89' lang='lat' dir='ltr'><strong>varios</strong></span> <span class='ocrx_word' id='word_1_139' title='bbox 469 1096 579 1123; x_wconf 87' lang='lat' dir='ltr'><strong>ordines</strong></span> <span class='ocrx_word' id='word_1_140' title='bbox 600 1095 740 1122; x_wconf 81' lang='lat' dir='ltr'><strong>distribuit</strong></span> <span class='ocrx_word' id='word_1_141' title='bbox 767 1094 915 1128; x_wconf 80' lang='lat' dir='ltr'><strong>auditores,</strong></span> <span class='ocrx_word' id='word_1_142' title='bbox 944 1095 980 1121; x_wconf 89' lang='lat' dir='ltr'><strong>ita</strong></span> <span class='ocrx_word' id='word_1_143' title='bbox 1003 1100 1031 1121; x_wconf 88' lang='lat' dir='ltr'><strong>et</strong></span> 
     </span>
    </p>
   </div>
   <div class='ocr_carea' id='block_1_26' title="bbox 249 1140 1031 1176">
    <p class='ocr_par' dir='ltr' id='par_1_26' title="bbox 249 1140 1031 1176">
     <span class='ocr_line' id='line_1_26' title="bbox 249 1140 1031 1176; baseline -0.004 -7"><span class='ocrx_word' id='word_1_144' title='bbox 249 1143 400 1170; x_wconf 80' lang='lat' dir='ltr'><strong>doctrinam</strong></span> <span class='ocrx_word' id='word_1_145' title='bbox 422 1150 499 1170; x_wconf 87' lang='lat' dir='ltr'><strong>suam</strong></span> <span class='ocrx_word' id='word_1_146' title='bbox 516 1142 543 1168; x_wconf 91' lang='lat' dir='ltr'><strong>in</strong></span> <span class='ocrx_word' id='word_1_147' title='bbox 562 1142 658 1169; x_wconf 90' lang='lat' dir='ltr'><strong>modos</strong></span> <span class='ocrx_word' id='word_1_148' title='bbox 678 1141 822 1176; x_wconf 74' lang='lat' dir='ltr'><strong>distinguit</strong></span> <span class='ocrx_word' id='word_1_149' title='bbox 834 1141 934 1168; x_wconf 80' lang='lat' dir='ltr'><strong>varios.</strong></span> <span class='ocrx_word' id='word_1_150' title='bbox 959 1140 1031 1167; x_wconf 85' lang='lat' dir='ltr'><strong>Cho—</strong></span> 
     </span>
    </p>
   </div>
   <div class='ocr_carea' id='block_1_27' title="bbox 250 1186 1029 1223">
    <p class='ocr_par' dir='ltr' id='par_1_27' title="bbox 250 1186 1029 1223">
     <span class='ocr_line' id='line_1_27' title="bbox 250 1186 1029 1223; baseline -0.004 -8"><span class='ocrx_word' id='word_1_151' title='bbox 250 1197 297 1216; x_wconf 79' lang='lat' dir='ltr'><strong>rus</strong></span> <span class='ocrx_word' id='word_1_152' title='bbox 309 1193 398 1215; x_wconf 90' lang='lat' dir='ltr'><strong>autem</strong></span> <span class='ocrx_word' id='word_1_153' title='bbox 412 1188 578 1223; x_wconf 84' lang='lat' dir='ltr'><strong>apostolicus</strong></span> <span class='ocrx_word' id='word_1_154' title='bbox 592 1192 633 1214; x_wconf 86' lang='lat' dir='ltr'><strong>est</strong></span> <span class='ocrx_word' id='word_1_155' title='bbox 650 1187 697 1222; x_wconf 82' lang='lat' dir='ltr'><strong>qui</strong></span> <span class='ocrx_word' id='word_1_156' title='bbox 713 1188 770 1214; x_wconf 72' lang='lat' dir='ltr'><strong>hazc</strong></span> <span class='ocrx_word' id='word_1_157' title='bbox 792 1187 924 1220; x_wconf 84' lang='lat' dir='ltr'><strong>loquitur.</strong></span> <span class='ocrx_word' id='word_1_158' title='bbox 942 1191 969 1212; x_wconf 87' lang='lat' dir='ltr'><strong>et</strong></span> <span class='ocrx_word' id='word_1_159' title='bbox 983 1186 1029 1220; x_wconf 91' lang='lat' dir='ltr'><strong>qui</strong></span> 
     </span>
    </p>
   </div>
   <div class='ocr_carea' id='block_1_28' title="bbox 249 1232 1030 1267">
    <p class='ocr_par' dir='ltr' id='par_1_28' title="bbox 249 1232 1030 1267">
     <span class='ocr_line' id='line_1_28' title="bbox 249 1232 1030 1267; baseline -0.001 -7"><span class='ocrx_word' id='word_1_160' title='bbox 249 1235 276 1260; x_wconf 93' lang='lat' dir='ltr'><strong>in</strong></span> <span class='ocrx_word' id='word_1_161' title='bbox 291 1241 338 1260; x_wconf 90' lang='lat' dir='ltr'><strong>ore</strong></span> <span class='ocrx_word' id='word_1_162' title='bbox 351 1233 491 1262; x_wconf 80' lang='lat' dir='ltr'><strong>Christum</strong></span> <span class='ocrx_word' id='word_1_163' title='bbox 518 1233 609 1266; x_wconf 81' lang='lat' dir='ltr'><strong>habet,</strong></span> <span class='ocrx_word' id='word_1_164' title='bbox 635 1233 682 1267; x_wconf 87' lang='lat' dir='ltr'><strong>qui</strong></span> <span class='ocrx_word' id='word_1_165' title='bbox 704 1237 746 1260; x_wconf 88' lang='lat' dir='ltr'><strong>est</strong></span> <span class='ocrx_word' id='word_1_166' title='bbox 767 1233 899 1267; x_wconf 84' lang='lat' dir='ltr'><strong>sapientia</strong></span> <span class='ocrx_word' id='word_1_167' title='bbox 930 1232 1030 1259; x_wconf 83' lang='lat' dir='ltr'><strong>Patris.</strong></span> 
     </span>
    </p>
   </div>
   <div class='ocr_carea' id='block_1_29' title="bbox 250 1277 1030 1314">
    <p class='ocr_par' dir='ltr' id='par_1_29' title="bbox 250 1277 1030 1314">
     <span class='ocr_line' id='line_1_29' title="bbox 250 1277 1030 1314; baseline -0.001 -8"><span class='ocrx_word' id='word_1_168' title='bbox 250 1278 348 1314; x_wconf 81' lang='lat' dir='ltr'><strong>Utpote</strong></span> <span class='ocrx_word' id='word_1_169' title='bbox 366 1278 447 1313; x_wconf 81' lang='lat' dir='ltr'><strong>igitur</strong></span> <span class='ocrx_word' id='word_1_170' title='bbox 458 1277 597 1304; x_wconf 84' lang='lat' dir='ltr'><strong>Christum</strong></span> <span class='ocrx_word' id='word_1_171' title='bbox 610 1277 635 1304; x_wconf 90' lang='lat' dir='ltr'><strong>in</strong></span> <span class='ocrx_word' id='word_1_172' title='bbox 649 1285 696 1305; x_wconf 88' lang='lat' dir='ltr'><strong>ore</strong></span> <span class='ocrx_word' id='word_1_173' title='bbox 707 1277 834 1310; x_wconf 77' lang='lat' dir='ltr'><strong>ferentes,</strong></span> <span class='ocrx_word' id='word_1_174' title='bbox 847 1282 874 1306; x_wconf 90' lang='lat' dir='ltr'><strong>et</strong></span> <span class='ocrx_word' id='word_1_175' title='bbox 885 1286 947 1306; x_wconf 90' lang='lat' dir='ltr'><strong>eum</strong></span> <span class='ocrx_word' id='word_1_176' title='bbox 959 1286 1030 1306; x_wconf 88' lang='lat' dir='ltr'><strong>sem-</strong></span> 
     </span>
    </p>
   </div>
   <div class='ocr_carea' id='block_1_30' title="bbox 249 1323 1030 1359">
    <p class='ocr_par' dir='ltr' id='par_1_30' title="bbox 249 1323 1030 1359">
     <span class='ocr_line' id='line_1_30' title="bbox 249 1323 1030 1359; baseline -0.001 -8"><span class='ocrx_word' id='word_1_177' title='bbox 249 1332 296 1359; x_wconf 82' lang='lat' dir='ltr'><strong>per</strong></span> <span class='ocrx_word' id='word_1_178' title='bbox 310 1329 400 1351; x_wconf 87' lang='lat' dir='ltr'><strong>mente</strong></span> <span class='ocrx_word' id='word_1_179' title='bbox 418 1327 559 1351; x_wconf 83' lang='lat' dir='ltr'><strong>versantes</strong></span> <span class='ocrx_word' id='word_1_180' title='bbox 581 1323 786 1357; x_wconf 71' lang='lat' dir='ltr'><strong>intelligentiam</strong></span> <span class='ocrx_word' id='word_1_181' title='bbox 807 1323 976 1350; x_wconf 86' lang='lat' dir='ltr'><strong>obtinebant.</strong></span> <span class='ocrx_word' id='word_1_182' title='bbox 992 1323 1030 1350; x_wconf 85' lang='lat' dir='ltr'><strong>ita</strong></span> 
     </span>
    </p>
   </div>
   <div class='ocr_carea' id='block_1_31' title="bbox 250 1369 1031 1404">
    <p class='ocr_par' dir='ltr' id='par_1_31' title="bbox 250 1369 1031 1404">
     <span class='ocr_line' id='line_1_31' title="bbox 250 1369 1031 1404; baseline -0.001 -7"><span class='ocrx_word' id='word_1_183' title='bbox 250 1375 340 1398; x_wconf 75' lang='lat' dir='ltr'><strong>autem</strong></span> <span class='ocrx_word' id='word_1_184' title='bbox 357 1377 432 1397; x_wconf 88' lang='lat' dir='ltr'><strong>mens</strong></span> <span class='ocrx_word' id='word_1_185' title='bbox 446 1377 540 1397; x_wconf 91' lang='lat' dir='ltr'><strong>eorum</strong></span> <span class='ocrx_word' id='word_1_186' title='bbox 554 1369 586 1395; x_wconf 89' lang='lat' dir='ltr'><strong>ad</strong></span> <span class='ocrx_word' id='word_1_187' title='bbox 601 1369 803 1404; x_wconf 71' lang='lat' dir='ltr'><strong>intelligentiam</strong></span> <span class='ocrx_word' id='word_1_188' title='bbox 817 1374 895 1396; x_wconf 85' lang='lat' dir='ltr'><strong>acuta</strong></span> <span class='ocrx_word' id='word_1_189' title='bbox 907 1374 935 1396; x_wconf 85' lang='lat' dir='ltr'><strong>et</strong></span> <span class='ocrx_word' id='word_1_190' title='bbox 951 1377 1031 1404; x_wconf 81' lang='lat' dir='ltr'><strong>expc-</strong></span> 
     </span>
    </p>
   </div>
   <div class='ocr_carea' id='block_1_32' title="bbox 250 1414 1031 1450">
    <p class='ocr_par' dir='ltr' id='par_1_32' title="bbox 250 1414 1031 1450">
     <span class='ocr_line' id='line_1_32' title="bbox 250 1414 1031 1450; baseline -0.001 -7"><span class='ocrx_word' id='word_1_191' title='bbox 250 1417 305 1443; x_wconf 86' lang='lat' dir='ltr'><strong>dita</strong></span> <span class='ocrx_word' id='word_1_192' title='bbox 318 1421 385 1449; x_wconf 90' lang='lat' dir='ltr'><strong>erat,</strong></span> <span class='ocrx_word' id='word_1_193' title='bbox 402 1420 432 1443; x_wconf 92' lang='lat' dir='ltr'><strong>ut</strong></span> <span class='ocrx_word' id='word_1_194' title='bbox 444 1417 525 1443; x_wconf 85' lang='lat' dir='ltr'><strong>etiam</strong></span> <span class='ocrx_word' id='word_1_195' title='bbox 544 1415 688 1450; x_wconf 78' lang='lat' dir='ltr'><strong>parabolas</strong></span> <span class='ocrx_word' id='word_1_196' title='bbox 702 1414 851 1442; x_wconf 85' lang='lat' dir='ltr'><strong>Salvatoris</strong></span> <span class='ocrx_word' id='word_1_197' title='bbox 866 1415 892 1441; x_wconf 95' lang='lat' dir='ltr'><strong>in</strong></span> <span class='ocrx_word' id='word_1_198' title='bbox 908 1414 1031 1450; x_wconf 77' lang='lat' dir='ltr'><strong>Evange-</strong></span> 
     </span>
    </p>
   </div>
   <div class='ocr_carea' id='block_1_33' title="bbox 250 1461 1030 1496">
    <p class='ocr_par' dir='ltr' id='par_1_33' title="bbox 250 1461 1030 1496">
     <span class='ocr_line' id='line_1_33' title="bbox 250 1461 1030 1496; baseline -0.003 -6"><span class='ocrx_word' id='word_1_199' title='bbox 250 1463 295 1490; x_wconf 84' lang='lat' dir='ltr'><strong>liis</strong></span> <span class='ocrx_word' id='word_1_200' title='bbox 309 1462 457 1496; x_wconf 85' lang='lat' dir='ltr'><strong>descriptas</strong></span> <span class='ocrx_word' id='word_1_201' title='bbox 473 1462 663 1496; x_wconf 78' lang='lat' dir='ltr'><strong>intelligerent.</strong></span> <span class='ocrx_word' id='word_1_202' title='bbox 678 1461 858 1493; x_wconf 82' lang='lat' dir='ltr'><strong>Quamobrem</strong></span> <span class='ocrx_word' id='word_1_203' title='bbox 879 1469 940 1488; x_wconf 89' lang='lat' dir='ltr'><strong>cum</strong></span> <span class='ocrx_word' id='word_1_204' title='bbox 957 1461 1030 1488; x_wconf 88' lang='lat' dir='ltr'><strong>dice-</strong></span> 
     </span>
    </p>
   </div>
   <div class='ocr_carea' id='block_1_34' title="bbox 251 1506 1031 1536">
    <p class='ocr_par' dir='ltr' id='par_1_34' title="bbox 251 1506 1031 1536">
     <span class='ocr_line' id='line_1_34' title="bbox 251 1506 1031 1536; baseline -0.003 -1"><span class='ocrx_word' id='word_1_205' title='bbox 251 1513 293 1536; x_wconf 87' lang='lat' dir='ltr'><strong>ret</strong></span> <span class='ocrx_word' id='word_1_206' title='bbox 304 1508 428 1535; x_wconf 87' lang='lat' dir='ltr'><strong>Christus</strong></span> <span class='ocrx_word' id='word_1_207' title='bbox 447 1508 470 1523; x_wconf 74' lang='grc'><strong>³⁸</strong></span> <span class='ocrx_word' id='word_1_208' title='bbox 485 1517 493 1534; x_wconf 91' lang='lat'>:</span> <span class='ocrx_word' id='word_1_209' title='bbox 513 1507 687 1534; x_wconf 65' lang='lat' dir='ltr'><strong>Intellexisti:</strong></span> <span class='ocrx_word' id='word_1_210' title='bbox 704 1506 759 1534; x_wconf 69' lang='lat' dir='ltr'><strong>ham</strong></span> <span class='ocrx_word' id='word_1_211' title='bbox 780 1507 890 1533; x_wconf 81' lang='lat' dir='ltr'><strong>omnia?</strong></span> <span class='ocrx_word' id='word_1_212' title='bbox 905 1507 1031 1534; x_wconf 84' lang='lat' dir='ltr'><strong>dicebant</strong></span> 
     </span>
    </p>
   </div>
   <div class='ocr_carea' id='block_1_35' title="bbox 250 1555 418 1583">
    <p class='ocr_par' dir='ltr' id='par_1_35' title="bbox 250 1555 418 1583">
     <span class='ocr_line' id='line_1_35' title="bbox 250 1555 418 1583; baseline -0.012 0"><span class='ocrx_word' id='word_1_213' title='bbox 250 1556 276 1583; x_wconf 86' lang='lat' dir='ltr'><strong>ei</strong></span> <span class='ocrx_word' id='word_1_214' title='bbox 291 1565 298 1583; x_wconf 94' lang='lat'>:</span> <span class='ocrx_word' id='word_1_215' title='bbox 318 1555 418 1583; x_wconf 79' lang='lat' dir='ltr'><strong>Etiam.</strong></span> 
     </span>
    </p>
   </div>
   <div class='ocr_carea' id='block_1_36' title="bbox 286 1597 1035 1634">
    <p class='ocr_par' dir='ltr' id='par_1_36' title="bbox 286 1597 1035 1634">
     <span class='ocr_line' id='line_1_36' title="bbox 286 1597 1035 1634; baseline -0.003 -6"><span class='ocrx_word' id='word_1_216' title='bbox 286 1601 314 1628; x_wconf 83' lang='lat'><strong>5.</strong></span> <span class='ocrx_word' id='word_1_217' title='bbox 345 1599 483 1627; x_wconf 80' lang='lat' dir='ltr'><strong>Inclinabo</strong></span> <span class='ocrx_word' id='word_1_218' title='bbox 507 1600 535 1625; x_wconf 87' lang='lat' dir='ltr'><strong>in</strong></span> <span class='ocrx_word' id='word_1_219' title='bbox 558 1598 712 1634; x_wconf 85' lang='lat' dir='ltr'><strong>parabolam</strong></span> <span class='ocrx_word' id='word_1_220' title='bbox 736 1606 827 1625; x_wconf 82' lang='lat' dir='ltr'><strong>aurem</strong></span> <span class='ocrx_word' id='word_1_221' title='bbox 854 1606 948 1625; x_wconf 78' lang='lat' dir='ltr'><strong>meam.</strong></span> <span class='ocrx_word' id='word_1_222' title='bbox 976 1597 1035 1633; x_wconf 83' lang='lat' dir='ltr'><strong>Ego</strong></span> 
     </span>
    </p>
   </div>
   <div class='ocr_carea' id='block_1_37' title="bbox 251 1644 1032 1682">
    <p class='ocr_par' dir='ltr' id='par_1_37' title="bbox 251 1644 1032 1682">
     <span class='ocr_line' id='line_1_37' title="bbox 251 1644 1032 1682; baseline -0.004 -8"><span class='ocrx_word' id='word_1_223' title='bbox 251 1647 373 1682; x_wconf 89' lang='lat' dir='ltr'><strong>quidem,</strong></span> <span class='ocrx_word' id='word_1_224' title='bbox 387 1646 434 1678; x_wconf 83' lang='lat' dir='ltr'><strong>ait,</strong></span> <span class='ocrx_word' id='word_1_225' title='bbox 450 1650 592 1680; x_wconf 77' lang='lat' dir='ltr'><strong>postquam</strong></span> <span class='ocrx_word' id='word_1_226' title='bbox 617 1648 732 1672; x_wconf 86' lang='lat' dir='ltr'><strong>mentem</strong></span> <span class='ocrx_word' id='word_1_227' title='bbox 755 1652 843 1671; x_wconf 87' lang='lat' dir='ltr'><strong>meam</strong></span> <span class='ocrx_word' id='word_1_228' title='bbox 860 1644 920 1671; x_wconf 88' lang='lat' dir='ltr'><strong>acui</strong></span> <span class='ocrx_word' id='word_1_229' title='bbox 940 1644 972 1671; x_wconf 91' lang='lat' dir='ltr'><strong>ad</strong></span> <span class='ocrx_word' id='word_1_230' title='bbox 989 1645 1032 1671; x_wconf 89' lang='lat' dir='ltr'><strong>in-</strong></span> 
     </span>
    </p>
   </div>
   <div class='ocr_carea' id='block_1_38' title="bbox 252 1688 1035 1725">
    <p class='ocr_par' dir='ltr' id='par_1_38' title="bbox 252 1688 1035 1725">
     <span class='ocr_line' id='line_1_38' title="bbox 252 1688 1035 1725; baseline -0.003 -7"><span class='ocrx_word' id='word_1_231' title='bbox 252 1691 428 1725; x_wconf 77' lang='lat' dir='ltr'><strong>telligentiam</strong></span> <span class='ocrx_word' id='word_1_232' title='bbox 453 1690 644 1724; x_wconf 88' lang='lat' dir='ltr'><strong>parabolarum</strong></span> <span class='ocrx_word' id='word_1_233' title='bbox 675 1688 834 1721; x_wconf 75' lang='lat' dir='ltr'><strong>Salvatoris,</strong></span> <span class='ocrx_word' id='word_1_234' title='bbox 861 1689 886 1715; x_wconf 91' lang='lat' dir='ltr'><strong>in</strong></span> <span class='ocrx_word' id='word_1_235' title='bbox 903 1689 936 1716; x_wconf 90' lang='lat' dir='ltr'><strong>iis</strong></span> <span class='ocrx_word' id='word_1_236' title='bbox 959 1696 1035 1716; x_wconf 88' lang='lat' dir='ltr'><strong>com-</strong></span> 
     </span>
    </p>
   </div>
   <div class='ocr_carea' id='block_1_39' title="bbox 251 1734 1034 1772">
    <p class='ocr_par' dir='ltr' id='par_1_39' title="bbox 251 1734 1034 1772">
     <span class='ocr_line' id='line_1_39' title="bbox 251 1734 1034 1772; baseline -0.003 -8"><span class='ocrx_word' id='word_1_237' title='bbox 251 1738 413 1772; x_wconf 85' lang='lat' dir='ltr'><strong>prehensam</strong></span> <span class='ocrx_word' id='word_1_238' title='bbox 427 1736 587 1763; x_wconf 87' lang='lat' dir='ltr'><strong>sententiam</strong></span> <span class='ocrx_word' id='word_1_239' title='bbox 607 1735 715 1769; x_wconf 85' lang='lat' dir='ltr'><strong>assequi</strong></span> <span class='ocrx_word' id='word_1_240' title='bbox 734 1735 819 1769; x_wconf 90' lang='lat' dir='ltr'><strong>potui.</strong></span> <span class='ocrx_word' id='word_1_241' title='bbox 837 1734 871 1762; x_wconf 92' lang='lat' dir='ltr'><strong>lis</strong></span> <span class='ocrx_word' id='word_1_242' title='bbox 885 1739 973 1762; x_wconf 87' lang='lat' dir='ltr'><strong>autem</strong></span> <span class='ocrx_word' id='word_1_243' title='bbox 988 1735 1034 1769; x_wconf 88' lang='lat' dir='ltr'><strong>qui</strong></span> 
     </span>
    </p>
   </div>
   <div class='ocr_carea' id='block_1_40' title="bbox 252 1770 1035 1817">
    <p class='ocr_par' dir='ltr' id='par_1_40' title="bbox 252 1770 1035 1817">
     <span class='ocr_line' id='line_1_40' title="bbox 252 1770 1035 1817; baseline -0.003 -7"><span class='ocrx_word' id='word_1_244' title='bbox 252 1770 280 1810; x_wconf 70' lang='lat' dir='ltr'><strong>id</strong></span> <span class='ocrx_word' id='word_1_245' title='bbox 298 1770 379 1817; x_wconf 70' lang='lat' dir='ltr'><strong>agere</strong></span> <span class='ocrx_word' id='word_1_246' title='bbox 393 1782 428 1808; x_wconf 94' lang='lat' dir='ltr'><strong>ob</strong></span> <span class='ocrx_word' id='word_1_247' title='bbox 451 1780 591 1808; x_wconf 78' lang='lat' dir='ltr'><strong>infantiam</strong></span> <span class='ocrx_word' id='word_1_248' title='bbox 609 1789 661 1807; x_wconf 88' lang='lat' dir='ltr'><strong>non</strong></span> <span class='ocrx_word' id='word_1_249' title='bbox 676 1780 767 1806; x_wconf 82' lang='lat' dir='ltr'><strong>valent</strong></span> <span class='ocrx_word' id='word_1_250' title='bbox 786 1780 907 1815; x_wconf 86' lang='lat' dir='ltr'><strong>aperiam</strong></span> <span class='ocrx_word' id='word_1_251' title='bbox 926 1788 956 1807; x_wconf 90' lang='lat' dir='ltr'><strong>ea</strong></span> <span class='ocrx_word' id='word_1_252' title='bbox 974 1788 1035 1815; x_wconf 48' lang='lat' dir='ltr'><strong>quae</strong></span> 
     </span>
    </p>
   </div>
   <div class='ocr_carea' id='block_1_41' title="bbox 253 1826 1036 1861">
    <p class='ocr_par' dir='ltr' id='par_1_41' title="bbox 253 1826 1036 1861">
     <span class='ocr_line' id='line_1_41' title="bbox 253 1826 1036 1861; baseline -0.005 -5"><span class='ocrx_word' id='word_1_253' title='bbox 253 1828 344 1856; x_wconf 82' lang='lat' dir='ltr'><strong>clausa</strong></span> <span class='ocrx_word' id='word_1_254' title='bbox 359 1831 437 1860; x_wconf 84' lang='lat' dir='ltr'><strong>sunt,</strong></span> <span class='ocrx_word' id='word_1_255' title='bbox 454 1831 480 1854; x_wconf 84' lang='lat' dir='ltr'><strong>et</strong></span> <span class='ocrx_word' id='word_1_256' title='bbox 506 1827 672 1861; x_wconf 85' lang='lat' dir='ltr'><strong>problemata</strong></span> <span class='ocrx_word' id='word_1_257' title='bbox 695 1826 837 1860; x_wconf 81' lang='lat' dir='ltr'><strong>explicabo</strong></span> <span class='ocrx_word' id='word_1_258' title='bbox 863 1830 944 1860; x_wconf 85' lang='lat' dir='ltr'><strong>atque</strong></span> <span class='ocrx_word' id='word_1_259' title='bbox 960 1834 1036 1860; x_wconf 90' lang='lat' dir='ltr'><strong>para-</strong></span> 
     </span>
    </p>
   </div>
   <div class='ocr_carea' id='block_1_42' title="bbox 253 1872 1036 1907">
    <p class='ocr_par' dir='ltr' id='par_1_42' title="bbox 253 1872 1036 1907">
     <span class='ocr_line' id='line_1_42' title="bbox 253 1872 1036 1907; baseline -0.004 -5"><span class='ocrx_word' id='word_1_260' title='bbox 253 1875 339 1902; x_wconf 87' lang='lat' dir='ltr'><strong>bolas.</strong></span> <span class='ocrx_word' id='word_1_261' title='bbox 375 1873 439 1900; x_wconf 66' lang='lat'><strong>“£130</strong></span> <span class='ocrx_word' id='word_1_262' title='bbox 468 1877 557 1900; x_wconf 82' lang='lat' dir='ltr'><strong>autem</strong></span> <span class='ocrx_word' id='word_1_263' title='bbox 589 1881 635 1907; x_wconf 88' lang='lat' dir='ltr'><strong>per</strong></span> <span class='ocrx_word' id='word_1_264' title='bbox 665 1872 822 1906; x_wconf 86' lang='lat' dir='ltr'><strong>psalterium</strong></span> <span class='ocrx_word' id='word_1_265' title='bbox 853 1873 910 1900; x_wconf 84' lang='lat' dir='ltr'><strong>sive</strong></span> <span class='ocrx_word' id='word_1_266' title='bbox 938 1879 1036 1907; x_wconf 88' lang='lat' dir='ltr'><strong>corpus</strong></span> 
     </span>
    </p>
   </div>
   <div class='ocr_carea' id='block_1_43' title="bbox 253 1919 1037 1954">
    <p class='ocr_par' dir='ltr' id='par_1_43' title="bbox 253 1919 1037 1954">
     <span class='ocr_line' id='line_1_43' title="bbox 253 1919 1037 1954; baseline -0.004 -6"><span class='ocrx_word' id='word_1_267' title='bbox 253 1929 344 1948; x_wconf 86' lang='lat' dir='ltr'><strong>meum</strong></span> <span class='ocrx_word' id='word_1_268' title='bbox 363 1919 486 1951; x_wconf 81' lang='lat' dir='ltr'><strong>eiliciam,</strong></span> <span class='ocrx_word' id='word_1_269' title='bbox 510 1919 582 1954; x_wconf 89' lang='lat' dir='ltr'><strong>quod</strong></span> <span class='ocrx_word' id='word_1_270' title='bbox 599 1919 676 1953; x_wconf 84' lang='lat' dir='ltr'><strong>quasi</strong></span> <span class='ocrx_word' id='word_1_271' title='bbox 700 1925 832 1952; x_wconf 80' lang='lat' dir='ltr'><strong>organum</strong></span> <span class='ocrx_word' id='word_1_272' title='bbox 865 1922 984 1949; x_wconf 87' lang='lat' dir='ltr'><strong>resonat,</strong></span> <span class='ocrx_word' id='word_1_273' title='bbox 1010 1923 1037 1945; x_wconf 83' lang='lat' dir='ltr'><strong>ct</strong></span> 
     </span>
    </p>
   </div>
   <div class='ocr_carea' id='block_1_44' title="bbox 253 1964 1035 2000">
    <p class='ocr_par' dir='ltr' id='par_1_44' title="bbox 253 1964 1035 2000">
     <span class='ocr_line' id='line_1_44' title="bbox 253 1964 1035 2000; baseline -0.004 -7"><span class='ocrx_word' id='word_1_274' title='bbox 253 1974 309 2000; x_wconf 60' lang='lat' dir='ltr'><strong>quo</strong></span> <span class='ocrx_word' id='word_1_275' title='bbox 330 1967 420 1993; x_wconf 90' lang='lat' dir='ltr'><strong>anima</strong></span> <span class='ocrx_word' id='word_1_276' title='bbox 444 1973 502 1993; x_wconf 89' lang='lat' dir='ltr'><strong>mea</strong></span> <span class='ocrx_word' id='word_1_277' title='bbox 525 1965 558 1992; x_wconf 88' lang='lat' dir='ltr'><strong>ad</strong></span> <span class='ocrx_word' id='word_1_278' title='bbox 587 1965 717 2000; x_wconf 75' lang='lat' dir='ltr'><strong>hymnum</strong></span> <span class='ocrx_word' id='word_1_279' title='bbox 746 1964 860 1991; x_wconf 78' lang='lat' dir='ltr'><strong>vertitur</strong></span> <span class='ocrx_word' id='word_1_280' title='bbox 888 1964 1035 1991; x_wconf 87' lang='lat' dir='ltr'><strong>concinen-</strong></span> 
     </span>
    </p>
   </div>
   <div class='ocr_carea' id='block_1_45' title="bbox 254 2008 1036 2046">
    <p class='ocr_par' dir='ltr' id='par_1_45' title="bbox 254 2008 1036 2046">
     <span class='ocr_line' id='line_1_45' title="bbox 254 2008 1036 2046; baseline -0.006 -7"><span class='ocrx_word' id='word_1_281' title='bbox 254 2013 329 2045; x_wconf 91' lang='lat' dir='ltr'><strong>dum,</strong></span> <span class='ocrx_word' id='word_1_282' title='bbox 344 2018 392 2046; x_wconf 89' lang='lat' dir='ltr'><strong>per</strong></span> <span class='ocrx_word' id='word_1_283' title='bbox 405 2011 527 2046; x_wconf 76' lang='lat' dir='ltr'><strong>singulos</strong></span> <span class='ocrx_word' id='word_1_284' title='bbox 547 2017 654 2041; x_wconf 89' lang='lat' dir='ltr'><strong>sensus,</strong></span> <span class='ocrx_word' id='word_1_285' title='bbox 670 2008 791 2036; x_wconf 89' lang='lat' dir='ltr'><strong>membra</strong></span> <span class='ocrx_word' id='word_1_286' title='bbox 804 2012 949 2043; x_wconf 84' lang='lat' dir='ltr'><strong>partesque</strong></span> <span class='ocrx_word' id='word_1_287' title='bbox 965 2008 1036 2042; x_wconf 89' lang='lat' dir='ltr'><strong>peri-</strong></span> 
     </span>
    </p>
   </div>
   <div class='ocr_carea' id='block_1_46' title="bbox 255 2058 459 2086">
    <p class='ocr_par' dir='ltr' id='par_1_46' title="bbox 255 2058 459 2086">
     <span class='ocr_line' id='line_1_46' title="bbox 255 2058 459 2086; baseline -0.02 0"><span class='ocrx_word' id='word_1_288' title='bbox 255 2058 359 2086; x_wconf 87' lang='lat' dir='ltr'><strong>tissime</strong></span> <span class='ocrx_word' id='word_1_289' title='bbox 376 2061 459 2084; x_wconf 90' lang='lat' dir='ltr'><strong>mota.</strong></span> 
     </span>
    </p>
   </div>
   <div class='ocr_carea' id='block_1_47' title="bbox 290 2099 1037 2135">
    <p class='ocr_par' dir='ltr' id='par_1_47' title="bbox 290 2099 1037 2135">
     <span class='ocr_line' id='line_1_47' title="bbox 290 2099 1037 2135; baseline -0.007 -4"><span class='ocrx_word' id='word_1_290' title='bbox 290 2104 317 2131; x_wconf 81' lang='lat'><strong>6.</strong></span> <span class='ocrx_word' id='word_1_291' title='bbox 347 2103 401 2130; x_wconf 84' lang='lat' dir='ltr'><strong>Cur</strong></span> <span class='ocrx_word' id='word_1_292' title='bbox 418 2101 510 2129; x_wconf 84' lang='lat' dir='ltr'><strong>timebo</strong></span> <span class='ocrx_word' id='word_1_293' title='bbox 524 2101 551 2127; x_wconf 85' lang='lat' dir='ltr'><strong>in</strong></span> <span class='ocrx_word' id='word_1_294' title='bbox 567 2101 608 2127; x_wconf 74' lang='lat' dir='ltr'><strong>die</strong></span> <span class='ocrx_word' id='word_1_295' title='bbox 630 2100 723 2126; x_wconf 77' lang='lat' dir='ltr'><strong>mala?</strong></span> <span class='ocrx_word' id='word_1_296' title='bbox 738 2099 807 2126; x_wconf 83' lang='lat' dir='ltr'><strong>Hinc</strong></span> <span class='ocrx_word' id='word_1_297' title='bbox 827 2099 945 2133; x_wconf 88' lang='lat' dir='ltr'><strong>orditur,</strong></span> <span class='ocrx_word' id='word_1_298' title='bbox 961 2105 1037 2135; x_wconf 84' lang='lat' dir='ltr'><strong>post-</strong></span> 
     </span>
    </p>
   </div>
   <div class='ocr_carea' id='block_1_48' title="bbox 254 2145 1037 2184">
    <p class='ocr_par' dir='ltr' id='par_1_48' title="bbox 254 2145 1037 2184">
     <span class='ocr_line' id='line_1_48' title="bbox 254 2145 1037 2184; baseline -0.003 -8"><span class='ocrx_word' id='word_1_299' title='bbox 254 2157 336 2184; x_wconf 86' lang='lat' dir='ltr'><strong>quam</strong></span> <span class='ocrx_word' id='word_1_300' title='bbox 353 2148 469 2183; x_wconf 86' lang='lat' dir='ltr'><strong>priorem</strong></span> <span class='ocrx_word' id='word_1_301' title='bbox 492 2147 623 2174; x_wconf 63' lang='lat' dir='ltr'><strong>d0ctrinat</strong></span> <span class='ocrx_word' id='word_1_302' title='bbox 640 2150 745 2180; x_wconf 89' lang='lat' dir='ltr'><strong>partem</strong></span> <span class='ocrx_word' id='word_1_303' title='bbox 775 2153 825 2172; x_wconf 86' lang='lat' dir='ltr'><strong>ceu</strong></span> <span class='ocrx_word' id='word_1_304' title='bbox 851 2145 878 2172; x_wconf 94' lang='lat' dir='ltr'><strong>in</strong></span> <span class='ocrx_word' id='word_1_305' title='bbox 904 2147 1037 2180; x_wconf 64' lang='lat' dir='ltr'><strong>prooemio</strong></span> 
     </span>
    </p>
   </div>
   <div class='ocr_carea' id='block_1_49' title="bbox 1045 1533 1066 1562">
    <p class='ocr_par' dir='ltr' id='par_1_49' title="bbox 1045 1533 1066 1562">
     <span class='ocr_line' id='line_1_49' title="bbox 1045 1533 1066 1562; baseline 0 0"><span class='ocrx_word' id='word_1_306' title='bbox 1045 1533 1066 1562; x_wconf 83' lang='lat' dir='ltr'><strong>C</strong></span> 
     </span>
    </p>
   </div>
   <div class='ocr_carea' id='block_1_50' title="bbox 1114 324 1863 362">
    <p class='ocr_par' dir='ltr' id='par_1_50' title="bbox 1114 324 1863 362">
     <span class='ocr_line' id='line_1_50' title="bbox 1114 324 1863 362; baseline 0.011 -16"><span class='ocrx_word' id='word_1_307' title='bbox 1114 327 1170 362; x_wconf 73' lang='grc' dir='ltr'>ρίου</span> <span class='ocrx_word' id='word_1_308' title='bbox 1200 328 1255 358; x_wconf 83' lang='grc' dir='ltr'>τοῖς</span> <span class='ocrx_word' id='word_1_309' title='bbox 1273 327 1353 352; x_wconf 77' lang='grc' dir='ltr'>πᾶσιν</span> <span class='ocrx_word' id='word_1_310' title='bbox 1370 324 1522 360; x_wconf 81' lang='grc' dir='ltr'>ἀνθρώποις</span> <span class='ocrx_word' id='word_1_311' title='bbox 1552 325 1734 360; x_wconf 81' lang='grc' dir='ltr'>κηρύττεται,</span> <span class='ocrx_word' id='word_1_312' title='bbox 1767 327 1813 358; x_wconf 75' lang='grc' dir='ltr'>καὶ</span> <span class='ocrx_word' id='word_1_313' title='bbox 1843 328 1863 362; x_wconf 82' lang='grc' dir='ltr'><strong>ἡ</strong></span> 
     </span>
    </p>
   </div>
   <div class='ocr_carea' id='block_1_51' title="bbox 1111 371 1865 407">
    <p class='ocr_par' dir='ltr' id='par_1_51' title="bbox 1111 371 1865 407">
     <span class='ocr_line' id='line_1_51' title="bbox 1111 371 1865 407; baseline 0 -9"><span class='ocrx_word' id='word_1_314' title='bbox 1111 372 1204 407; x_wconf 82' lang='grc' dir='ltr'>ἡμέρα</span> <span class='ocrx_word' id='word_1_315' title='bbox 1219 372 1319 407; x_wconf 78' lang='grc' dir='ltr'>ἐκείνη.</span> <span class='ocrx_word' id='word_1_316' title='bbox 1336 371 1395 398; x_wconf 86' lang='grc' dir='ltr'>καθ’</span> <span class='ocrx_word' id='word_1_317' title='bbox 1407 371 1440 406; x_wconf 82' lang='grc' dir='ltr'><strong>ἣν</strong></span> <span class='ocrx_word' id='word_1_318' title='bbox 1451 371 1508 404; x_wconf 82' lang='grc' dir='ltr'>ἆξει</span> <span class='ocrx_word' id='word_1_319' title='bbox 1521 373 1536 398; x_wconf 98' lang='lat'><strong>6</strong></span> <span class='ocrx_word' id='word_1_320' title='bbox 1558 371 1622 402; x_wconf 81' lang='grc' dir='ltr'>Θεὸς</span> <span class='ocrx_word' id='word_1_321' title='bbox 1637 372 1690 397; x_wconf 75' lang='grc' dir='ltr'><strong>πᾶν</strong></span> <span class='ocrx_word' id='word_1_322' title='bbox 1709 372 1739 397; x_wconf 81' lang='grc' dir='ltr'>τὸ</span> <span class='ocrx_word' id='word_1_323' title='bbox 1755 372 1865 407; x_wconf 78' lang='grc' dir='ltr'>ποίημα</span> 
     </span>
    </p>
   </div>
   <div class='ocr_carea' id='block_1_52' title="bbox 1113 416 1859 452">
    <p class='ocr_par' dir='ltr' id='par_1_52' title="bbox 1113 416 1859 452">
     <span class='ocr_line' id='line_1_52' title="bbox 1113 416 1859 452; baseline 0.001 -9"><span class='ocrx_word' id='word_1_324' title='bbox 1113 418 1153 448; x_wconf 80' lang='grc' dir='ltr'><strong>εἰς</strong></span> <span class='ocrx_word' id='word_1_325' title='bbox 1169 418 1268 452; x_wconf 80' lang='grc' dir='ltr'>κρίσιν.</span> <span class='ocrx_word' id='word_1_326' title='bbox 1283 418 1389 452; x_wconf 84' lang='grc' dir='ltr'>Ἐχοιεν</span> <span class='ocrx_word' id='word_1_327' title='bbox 1402 417 1423 443; x_wconf 81' lang='grc' dir='ltr'>δ’</span> <span class='ocrx_word' id='word_1_328' title='bbox 1436 418 1468 444; x_wconf 87' lang='grc' dir='ltr'>ἂν</span> <span class='ocrx_word' id='word_1_329' title='bbox 1485 418 1508 444; x_wconf 90' lang='grc' dir='ltr'><strong>οἱ</strong></span> <span class='ocrx_word' id='word_1_330' title='bbox 1524 417 1575 443; x_wconf 78' lang='grc' dir='ltr'>υἱοὶ</span> <span class='ocrx_word' id='word_1_331' title='bbox 1590 417 1661 452; x_wconf 80' lang='grc' dir='ltr'>Κορὲ</span> <span class='ocrx_word' id='word_1_332' title='bbox 1674 416 1728 442; x_wconf 85' lang='grc' dir='ltr'><strong>τῶν</strong></span> <span class='ocrx_word' id='word_1_333' title='bbox 1743 418 1859 444; x_wconf 77' lang='grc' dir='ltr'>ἀποστό-</span> 
     </span>
    </p>
   </div>
   <div class='ocr_carea' id='block_1_53' title="bbox 1112 463 1863 498">
    <p class='ocr_par' dir='ltr' id='par_1_53' title="bbox 1112 463 1863 498">
     <span class='ocr_line' id='line_1_53' title="bbox 1112 463 1863 498; baseline -0.003 -8"><span class='ocrx_word' id='word_1_334' title='bbox 1112 464 1166 490; x_wconf 88' lang='grc' dir='ltr'><strong>λων</strong></span> <span class='ocrx_word' id='word_1_335' title='bbox 1176 464 1206 490; x_wconf 79' lang='grc' dir='ltr'>τὸ</span> <span class='ocrx_word' id='word_1_336' title='bbox 1220 463 1373 498; x_wconf 81' lang='grc' dir='ltr'>πρόσωπον,</span> <span class='ocrx_word' id='word_1_337' title='bbox 1386 463 1439 489; x_wconf 84' lang='grc' dir='ltr'>τῶν</span> <span class='ocrx_word' id='word_1_338' title='bbox 1457 463 1728 498; x_wconf 76' lang='grc' dir='ltr'>μυοταγωγησάντων</span> <span class='ocrx_word' id='word_1_339' title='bbox 1748 463 1797 498; x_wconf 79' lang='grc' dir='ltr'>τὴν</span> <span class='ocrx_word' id='word_1_340' title='bbox 1814 463 1863 489; x_wconf 79' lang='grc' dir='ltr'><strong>ὑπ’</strong></span> 
     </span>
    </p>
   </div>
   <div class='ocr_carea' id='block_1_54' title="bbox 1113 509 1236 545">
    <p class='ocr_par' dir='ltr' id='par_1_54' title="bbox 1113 509 1236 545">
     <span class='ocr_line' id='line_1_54' title="bbox 1113 509 1236 545; baseline 0.008 -10"><span class='ocrx_word' id='word_1_341' title='bbox 1113 509 1236 545; x_wconf 67' lang='grc' dir='ltr'>οὐρανόν.</span> 
     </span>
    </p>
   </div>
   <div class='ocr_carea' id='block_1_55' title="bbox 1121 554 1865 587">
    <p class='ocr_par' dir='ltr' id='par_1_55' title="bbox 1121 554 1865 587">
     <span class='ocr_line' id='line_1_55' title="bbox 1121 554 1865 587; baseline 0 -6"><span class='ocrx_word' id='word_1_342' title='bbox 1121 556 1281 582; x_wconf 79' lang='grc' dir='ltr'>Ἀκούσατε</span> <span class='ocrx_word' id='word_1_343' title='bbox 1294 555 1396 586; x_wconf 77' lang='grc' dir='ltr'>ταῦτα,</span> <span class='ocrx_word' id='word_1_344' title='bbox 1416 554 1514 581; x_wconf 80' lang='grc' dir='ltr'>πάντα</span> <span class='ocrx_word' id='word_1_345' title='bbox 1526 555 1562 581; x_wconf 83' lang='grc' dir='ltr'><strong>τὰ</strong></span> <span class='ocrx_word' id='word_1_346' title='bbox 1576 554 1647 587; x_wconf 80' lang='grc' dir='ltr'><strong>ἔθνη</strong></span> <span class='ocrx_word' id='word_1_347' title='bbox 1657 575 1663 586; x_wconf 83' lang='grc'><strong>,</strong></span> <span class='ocrx_word' id='word_1_348' title='bbox 1677 555 1865 581; x_wconf 75' lang='grc' dir='ltr'><strong>ἐνωτίσασθε</strong></span> 
     </span>
    </p>
   </div>
   <div class='ocr_carea' id='block_1_56' title="bbox 1079 600 1864 635">
    <p class='ocr_par' dir='ltr' id='par_1_56' title="bbox 1079 600 1864 635">
     <span class='ocr_line' id='line_1_56' title="bbox 1079 600 1864 635; baseline -0.001 -9"><span class='ocrx_word' id='word_1_349' title='bbox 1079 600 1190 632; x_wconf 78' lang='grc' dir='ltr'>πάντες</span> <span class='ocrx_word' id='word_1_350' title='bbox 1205 601 1232 626; x_wconf 80' lang='grc' dir='ltr'>οἱ</span> <span class='ocrx_word' id='word_1_351' title='bbox 1252 600 1461 632; x_wconf 79' lang='grc' dir='ltr'>κατοικοῦντες</span> <span class='ocrx_word' id='word_1_352' title='bbox 1476 600 1532 633; x_wconf 78' lang='grc' dir='ltr'>τὴν</span> <span class='ocrx_word' id='word_1_353' title='bbox 1549 600 1734 634; x_wconf 73' lang='grc' dir='ltr'><strong>οἰκουμένην.</strong></span> <span class='ocrx_word' id='word_1_354' title='bbox 1754 601 1864 635; x_wconf 78' lang='grc' dir='ltr'>Ὠσπερ</span> 
     </span>
    </p>
   </div>
   <div class='ocr_carea' id='block_1_57' title="bbox 1079 645 1864 681">
    <p class='ocr_par' dir='ltr' id='par_1_57' title="bbox 1079 645 1864 681">
     <span class='ocr_line' id='line_1_57' title="bbox 1079 645 1864 681; baseline 0.001 -10"><span class='ocrx_word' id='word_1_355' title='bbox 1079 646 1124 672; x_wconf 73' lang='grc' dir='ltr'><strong>ἐπὶ</strong></span> <span class='ocrx_word' id='word_1_356' title='bbox 1139 645 1260 680; x_wconf 81' lang='grc' dir='ltr'>σωτηρίᾳ</span> <span class='ocrx_word' id='word_1_357' title='bbox 1285 647 1338 671; x_wconf 83' lang='grc' dir='ltr'>πᾶν</span> <span class='ocrx_word' id='word_1_358' title='bbox 1350 645 1426 679; x_wconf 87' lang='grc' dir='ltr'>γένος</span> <span class='ocrx_word' id='word_1_359' title='bbox 1448 645 1597 680; x_wconf 79' lang='grc' dir='ltr'><strong>ἀνθρώπων</strong></span> <span class='ocrx_word' id='word_1_360' title='bbox 1627 646 1788 681; x_wconf 78' lang='grc' dir='ltr'>παρακαλεῖ,</span> <span class='ocrx_word' id='word_1_361' title='bbox 1815 647 1864 672; x_wconf 79' lang='grc' dir='ltr'>τὸν</span> 
     </span>
    </p>
   </div>
   <div class='ocr_carea' id='block_1_58' title="bbox 1079 691 1865 726">
    <p class='ocr_par' dir='ltr' id='par_1_58' title="bbox 1079 691 1865 726">
     <span class='ocr_line' id='line_1_58' title="bbox 1079 691 1865 726; baseline 0 -9"><span class='ocrx_word' id='word_1_362' title='bbox 1079 691 1159 717; x_wconf 74' lang='grc' dir='ltr'>αὑτὸν</span> <span class='ocrx_word' id='word_1_363' title='bbox 1169 691 1267 726; x_wconf 81' lang='grc' dir='ltr'>τρόπον</span> <span class='ocrx_word' id='word_1_364' title='bbox 1284 691 1330 717; x_wconf 78' lang='grc' dir='ltr'>καὶ</span> <span class='ocrx_word' id='word_1_365' title='bbox 1343 692 1387 717; x_wconf 73' lang='grc' dir='ltr'><strong>ἐπὶ</strong></span> <span class='ocrx_word' id='word_1_366' title='bbox 1403 691 1573 718; x_wconf 72' lang='grc' dir='ltr'><strong>διδασκαλίαν</strong></span> <span class='ocrx_word' id='word_1_367' title='bbox 1587 691 1636 725; x_wconf 83' lang='grc' dir='ltr'>τῆς</span> <span class='ocrx_word' id='word_1_368' title='bbox 1654 691 1728 722; x_wconf 84' lang='grc' dir='ltr'>θείας</span> <span class='ocrx_word' id='word_1_369' title='bbox 1743 691 1865 726; x_wconf 82' lang='grc' dir='ltr'>κρίσεως</span> 
     </span>
    </p>
   </div>
   <div class='ocr_carea' id='block_1_59' title="bbox 1079 736 1579 771">
    <p class='ocr_par' dir='ltr' id='par_1_59' title="bbox 1079 736 1579 771">
     <span class='ocr_line' id='line_1_59' title="bbox 1079 736 1579 771; baseline 0 -9"><span class='ocrx_word' id='word_1_370' title='bbox 1079 736 1145 771; x_wconf 73' lang='grc' dir='ltr'>ὁμοῦ</span> <span class='ocrx_word' id='word_1_371' title='bbox 1161 736 1263 768; x_wconf 76' lang='grc' dir='ltr'>πάντας</span> <span class='ocrx_word' id='word_1_372' title='bbox 1279 738 1292 762; x_wconf 88' lang='lat'><strong>6</strong></span> <span class='ocrx_word' id='word_1_373' title='bbox 1302 737 1380 771; x_wconf 83' lang='grc' dir='ltr'>λόγος</span> <span class='ocrx_word' id='word_1_374' title='bbox 1397 737 1579 763; x_wconf 79' lang='grc' dir='ltr'>ἀνακαλεῖται.</span> 
     </span>
    </p>
   </div>
   <div class='ocr_carea' id='block_1_60' title="bbox 1116 781 1864 817">
    <p class='ocr_par' dir='ltr' id='par_1_60' title="bbox 1116 781 1864 817">
     <span class='ocr_line' id='line_1_60' title="bbox 1116 781 1864 817; baseline -0.003 -9"><span class='ocrx_word' id='word_1_375' title='bbox 1116 783 1149 809; x_wconf 83' lang='grc' dir='ltr'><strong>ΟΖ</strong></span> <span class='ocrx_word' id='word_1_376' title='bbox 1164 791 1195 808; x_wconf 83' lang='grc' dir='ltr'><strong>τε</strong></span> <span class='ocrx_word' id='word_1_377' title='bbox 1210 782 1343 817; x_wconf 71' lang='grc' dir='ltr'><strong>γηγενεῖς</strong></span> <span class='ocrx_word' id='word_1_378' title='bbox 1356 782 1404 808; x_wconf 72' lang='grc' dir='ltr'>καὶ</span> <span class='ocrx_word' id='word_1_379' title='bbox 1423 782 1481 808; x_wconf 76' lang='grc' dir='ltr'>υἱοὶ</span> <span class='ocrx_word' id='word_1_380' title='bbox 1500 781 1558 808; x_wconf 79' lang='grc' dir='ltr'><strong>τῶν</strong></span> <span class='ocrx_word' id='word_1_381' title='bbox 1579 781 1748 815; x_wconf 77' lang='grc' dir='ltr'><strong>ἀνθρώπων.</strong></span> <span class='ocrx_word' id='word_1_382' title='bbox 1772 781 1792 806; x_wconf 92' lang='grc' dir='ltr'><strong>Γ</strong></span> <span class='ocrx_word' id='word_1_383' title='bbox 1792 789 1864 815; x_wconf 81' lang='grc' dir='ltr'>ηγε-</span> 
     </span>
    </p>
   </div>
   <div class='ocr_carea' id='block_1_61' title="bbox 1080 826 1866 863">
    <p class='ocr_par' dir='ltr' id='par_1_61' title="bbox 1080 826 1866 863">
     <span class='ocr_line' id='line_1_61' title="bbox 1080 826 1866 863; baseline -0.001 -9"><span class='ocrx_word' id='word_1_384' title='bbox 1080 829 1134 859; x_wconf 84' lang='grc' dir='ltr'>νεῖς</span> <span class='ocrx_word' id='word_1_385' title='bbox 1148 828 1196 863; x_wconf 81' lang='grc' dir='ltr'><strong>μὲν</strong></span> <span class='ocrx_word' id='word_1_386' title='bbox 1214 828 1277 859; x_wconf 74' lang='grc' dir='ltr'>τοὺς</span> <span class='ocrx_word' id='word_1_387' title='bbox 1290 826 1455 862; x_wconf 80' lang='grc' dir='ltr'><strong>βαρυτέρους</strong></span> <span class='ocrx_word' id='word_1_388' title='bbox 1471 826 1523 853; x_wconf 83' lang='grc' dir='ltr'><strong>τῶν</strong></span> <span class='ocrx_word' id='word_1_389' title='bbox 1540 826 1688 862; x_wconf 84' lang='grc' dir='ltr'>ἀνθρώπων</span> <span class='ocrx_word' id='word_1_390' title='bbox 1706 826 1783 858; x_wconf 76' lang='grc' dir='ltr'>καλεῖ</span> <span class='ocrx_word' id='word_1_391' title='bbox 1798 827 1866 858; x_wconf 63' lang='grc' dir='ltr'>τοὺς</span> 
     </span>
    </p>
   </div>
   <div class='ocr_carea' id='block_1_62' title="bbox 1084 873 1867 910">
    <p class='ocr_par' dir='ltr' id='par_1_62' title="bbox 1084 873 1867 910">
     <span class='ocr_line' id='line_1_62' title="bbox 1084 873 1867 910; baseline -0.001 -10"><span class='ocrx_word' id='word_1_392' title='bbox 1084 874 1246 910; x_wconf 83' lang='grc' dir='ltr'>βαρϐάρους,</span> <span class='ocrx_word' id='word_1_393' title='bbox 1263 873 1310 899; x_wconf 72' lang='grc' dir='ltr'>καὶ</span> <span class='ocrx_word' id='word_1_394' title='bbox 1324 874 1352 899; x_wconf 77' lang='grc' dir='ltr'><strong>ἐν</strong></span> <span class='ocrx_word' id='word_1_395' title='bbox 1368 873 1494 908; x_wconf 79' lang='grc' dir='ltr'>ἐρημίαις</span> <span class='ocrx_word' id='word_1_396' title='bbox 1510 873 1664 906; x_wconf 75' lang='grc' dir='ltr'>οἰκοῦντας,</span> <span class='ocrx_word' id='word_1_397' title='bbox 1677 873 1723 899; x_wconf 82' lang='grc' dir='ltr'><strong>καὶ</strong></span> <span class='ocrx_word' id='word_1_398' title='bbox 1736 873 1773 908; x_wconf 86' lang='grc' dir='ltr'>μὴ</span> <span class='ocrx_word' id='word_1_399' title='bbox 1788 873 1867 909; x_wconf 83' lang='grc' dir='ltr'>νομί-</span> 
     </span>
    </p>
   </div>
   <div class='ocr_carea' id='block_1_63' title="bbox 1085 917 1868 955">
    <p class='ocr_par' dir='ltr' id='par_1_63' title="bbox 1085 917 1868 955">
     <span class='ocr_line' id='line_1_63' title="bbox 1085 917 1868 955; baseline -0.004 -9"><span class='ocrx_word' id='word_1_400' title='bbox 1085 929 1141 955; x_wconf 91' lang='grc' dir='ltr'><strong>μως</strong></span> <span class='ocrx_word' id='word_1_401' title='bbox 1159 919 1381 954; x_wconf 78' lang='grc' dir='ltr'>πολιτευομένους</span> <span class='ocrx_word' id='word_1_402' title='bbox 1391 928 1397 934; x_wconf 88' lang='grc'>·</span> <span class='ocrx_word' id='word_1_403' title='bbox 1412 920 1486 950; x_wconf 77' lang='grc' dir='ltr'>υἱοὺς</span> <span class='ocrx_word' id='word_1_404' title='bbox 1501 919 1530 945; x_wconf 80' lang='grc' dir='ltr'>δὲ</span> <span class='ocrx_word' id='word_1_405' title='bbox 1547 917 1696 954; x_wconf 81' lang='grc' dir='ltr'>ἀνθρώπων</span> <span class='ocrx_word' id='word_1_406' title='bbox 1711 918 1774 950; x_wconf 70' lang='grc' dir='ltr'>τοὺς</span> <span class='ocrx_word' id='word_1_407' title='bbox 1795 919 1868 953; x_wconf 79' lang='grc' dir='ltr'>ἠμε-</span> 
     </span>
    </p>
   </div>
   <div class='ocr_carea' id='block_1_64' title="bbox 1084 964 1869 1000">
    <p class='ocr_par' dir='ltr' id='par_1_64' title="bbox 1084 964 1869 1000">
     <span class='ocr_line' id='line_1_64' title="bbox 1084 964 1869 1000; baseline -0.001 -9"><span class='ocrx_word' id='word_1_408' title='bbox 1084 966 1204 1000; x_wconf 85' lang='grc' dir='ltr'>ρωτέραν</span> <span class='ocrx_word' id='word_1_409' title='bbox 1227 964 1363 991; x_wconf 79' lang='grc' dir='ltr'><strong>πολιτείαν</strong></span> <span class='ocrx_word' id='word_1_410' title='bbox 1390 964 1613 1000; x_wconf 84' lang='grc' dir='ltr'>μετερχομὲνους,</span> <span class='ocrx_word' id='word_1_411' title='bbox 1629 964 1676 990; x_wconf 77' lang='grc' dir='ltr'>καὶ</span> <span class='ocrx_word' id='word_1_412' title='bbox 1692 964 1782 999; x_wconf 77' lang='grc' dir='ltr'>νόμοις</span> <span class='ocrx_word' id='word_1_413' title='bbox 1799 964 1869 991; x_wconf 78' lang='grc' dir='ltr'>διοι-</span> 
     </span>
    </p>
   </div>
   <div class='ocr_carea' id='block_1_65' title="bbox 1083 1001 1521 1046">
    <p class='ocr_par' dir='ltr' id='par_1_65' title="bbox 1083 1012 1240 1046">
     <span class='ocr_line' id='line_1_65' title="bbox 1083 1012 1240 1046; baseline -0.006 -9"><span class='ocrx_word' id='word_1_414' title='bbox 1083 1020 1131 1037; x_wconf 82' lang='grc' dir='ltr'><strong>κου</strong></span> <span class='ocrx_word' id='word_1_415' title='bbox 1135 1012 1240 1046; x_wconf 80' lang='grc' dir='ltr'>μένους,</span> 
     </span>
    </p>
   </div>
   <div class='ocr_carea' id='block_1_66' title="bbox 1121 1056 1869 1092">
    <p class='ocr_par' dir='ltr' id='par_1_66' title="bbox 1121 1056 1869 1092">
     <span class='ocr_line' id='line_1_66' title="bbox 1121 1056 1869 1092; baseline -0.001 -9"><span class='ocrx_word' id='word_1_416' title='bbox 1121 1056 1155 1083; x_wconf 78' lang='grc' dir='ltr'><em>Τὸ</em></span> <span class='ocrx_word' id='word_1_417' title='bbox 1166 1057 1261 1089; x_wconf 81' lang='grc' dir='ltr'><strong>στόμα</strong></span> <span class='ocrx_word' id='word_1_418' title='bbox 1270 1065 1330 1090; x_wconf 82' lang='grc' dir='ltr'><strong>μου</strong></span> <span class='ocrx_word' id='word_1_419' title='bbox 1340 1056 1469 1089; x_wconf 74' lang='grc' dir='ltr'>λαλήσει</span> <span class='ocrx_word' id='word_1_420' title='bbox 1484 1056 1607 1090; x_wconf 67' lang='grc' dir='ltr'>σοφίαν.</span> <span class='ocrx_word' id='word_1_421' title='bbox 1621 1056 1725 1092; x_wconf 85' lang='grc' dir='ltr'>’Ὠσπερ</span> <span class='ocrx_word' id='word_1_422' title='bbox 1743 1057 1782 1088; x_wconf 85' lang='grc' dir='ltr'><strong>είς</strong></span> <span class='ocrx_word' id='word_1_423' title='bbox 1799 1057 1869 1090; x_wconf 75' lang='grc' dir='ltr'><strong>τάγ-</strong></span> 
     </span>
    </p>
   </div>
   <div class='ocr_carea' id='block_1_67' title="bbox 1085 1101 1869 1139">
    <p class='ocr_par' dir='ltr' id='par_1_67' title="bbox 1085 1101 1869 1139">
     <span class='ocr_line' id='line_1_67' title="bbox 1085 1101 1869 1139; baseline 0.003 -13"><span class='ocrx_word' id='word_1_424' title='bbox 1085 1109 1156 1139; x_wconf 82' lang='grc' dir='ltr'>ματα</span> <span class='ocrx_word' id='word_1_425' title='bbox 1173 1102 1285 1128; x_wconf 77' lang='grc' dir='ltr'>πλεῖστα</span> <span class='ocrx_word' id='word_1_426' title='bbox 1300 1102 1363 1132; x_wconf 72' lang='grc' dir='ltr'>τοὺς</span> <span class='ocrx_word' id='word_1_427' title='bbox 1373 1101 1509 1138; x_wconf 84' lang='grc' dir='ltr'>ἀκροατὰς</span> <span class='ocrx_word' id='word_1_428' title='bbox 1526 1102 1632 1134; x_wconf 78' lang='grc' dir='ltr'><strong>διεῖλεν,</strong></span> <span class='ocrx_word' id='word_1_429' title='bbox 1654 1101 1738 1133; x_wconf 75' lang='grc' dir='ltr'>οὕτως</span> <span class='ocrx_word' id='word_1_430' title='bbox 1754 1102 1800 1128; x_wconf 73' lang='grc' dir='ltr'>καὶ</span> <span class='ocrx_word' id='word_1_431' title='bbox 1816 1102 1869 1138; x_wconf 74' lang='grc' dir='ltr'><strong>τὴν</strong></span> 
     </span>
    </p>
   </div>
   <div class='ocr_carea' id='block_1_68' title="bbox 1083 1146 1867 1184">
    <p class='ocr_par' dir='ltr' id='par_1_68' title="bbox 1083 1146 1867 1184">
     <span class='ocr_line' id='line_1_68' title="bbox 1083 1146 1867 1184; baseline 0.003 -12"><span class='ocrx_word' id='word_1_432' title='bbox 1083 1146 1164 1173; x_wconf 80' lang='grc' dir='ltr'>αὑτοῦ</span> <span class='ocrx_word' id='word_1_433' title='bbox 1179 1147 1351 1174; x_wconf 78' lang='grc' dir='ltr'>διδασκαλίαν</span> <span class='ocrx_word' id='word_1_434' title='bbox 1373 1149 1412 1179; x_wconf 88' lang='grc' dir='ltr'>εῑς</span> <span class='ocrx_word' id='word_1_435' title='bbox 1430 1148 1546 1184; x_wconf 78' lang='grc' dir='ltr'>τρόπους</span> <span class='ocrx_word' id='word_1_436' title='bbox 1569 1147 1692 1183; x_wconf 76' lang='grc' dir='ltr'>ἀφορίζει</span> <span class='ocrx_word' id='word_1_437' title='bbox 1708 1147 1867 1183; x_wconf 70' lang='grc' dir='ltr'>διαφόρους.</span> 
     </span>
    </p>
   </div>
   <div class='ocr_carea' id='block_1_69' title="bbox 1089 1186 1870 1228">
    <p class='ocr_par' dir='ltr' id='par_1_69' title="bbox 1089 1186 1870 1228">
     <span class='ocr_line' id='line_1_69' title="bbox 1089 1186 1870 1228; baseline 0 -10"><span class='ocrx_word' id='word_1_438' title='bbox 1089 1192 1118 1218; x_wconf 84' lang='lat'><strong>&#39;0</strong></span> <span class='ocrx_word' id='word_1_439' title='bbox 1135 1192 1213 1228; x_wconf 77' lang='grc' dir='ltr'>χορὸς</span> <span class='ocrx_word' id='word_1_440' title='bbox 1226 1192 1254 1218; x_wconf 79' lang='grc' dir='ltr'><strong>δέ</strong></span> <span class='ocrx_word' id='word_1_441' title='bbox 1269 1193 1341 1220; x_wconf 76' lang='grc' dir='ltr'>ἐστιν</span> <span class='ocrx_word' id='word_1_442' title='bbox 1355 1194 1369 1219; x_wconf 85' lang='lat'><strong>6</strong></span> <span class='ocrx_word' id='word_1_443' title='bbox 1385 1193 1560 1224; x_wconf 82' lang='grc' dir='ltr'>ἁποστολικδς</span> <span class='ocrx_word' id='word_1_444' title='bbox 1576 1194 1589 1219; x_wconf 90' lang='lat'><strong>6</strong></span> <span class='ocrx_word' id='word_1_445' title='bbox 1604 1186 1697 1219; x_wconf 71' lang='grc' dir='ltr'>ταῦτα</span> <span class='ocrx_word' id='word_1_446' title='bbox 1713 1192 1870 1227; x_wconf 79' lang='grc' dir='ltr'>φθεγγόμε-</span> 
     </span>
    </p>
   </div>
   <div class='ocr_carea' id='block_1_70' title="bbox 1083 1238 1881 1274">
    <p class='ocr_par' dir='ltr' id='par_1_70' title="bbox 1083 1238 1881 1274">
     <span class='ocr_line' id='line_1_70' title="bbox 1083 1238 1881 1274; baseline -0.003 -9"><span class='ocrx_word' id='word_1_447' title='bbox 1083 1247 1137 1270; x_wconf 83' lang='grc' dir='ltr'>νος,</span> <span class='ocrx_word' id='word_1_448' title='bbox 1150 1238 1196 1264; x_wconf 74' lang='grc' dir='ltr'>καὶ</span> <span class='ocrx_word' id='word_1_449' title='bbox 1208 1239 1253 1264; x_wconf 79' lang='grc' dir='ltr'><strong>ἐπὶ</strong></span> <span class='ocrx_word' id='word_1_450' title='bbox 1271 1239 1403 1273; x_wconf 86' lang='grc' dir='ltr'>στόματος</span> <span class='ocrx_word' id='word_1_451' title='bbox 1415 1239 1505 1274; x_wconf 82' lang='grc' dir='ltr'>φέρων</span> <span class='ocrx_word' id='word_1_452' title='bbox 1521 1239 1565 1265; x_wconf 76' lang='grc' dir='ltr'>τὸν</span> <span class='ocrx_word' id='word_1_453' title='bbox 1577 1239 1700 1274; x_wconf 75' lang='grc' dir='ltr'>Χριστὸν,</span> <span class='ocrx_word' id='word_1_454' title='bbox 1718 1239 1746 1270; x_wconf 77' lang='grc' dir='ltr'>ὃς</span> <span class='ocrx_word' id='word_1_455' title='bbox 1763 1239 1838 1264; x_wconf 77' lang='grc' dir='ltr'>ἐστιν</span> <span class='ocrx_word' id='word_1_456' title='bbox 1850 1239 1881 1273; x_wconf 80' lang='grc' dir='ltr'><strong>ἡ¹</strong></span> 
     </span>
    </p>
   </div>
   <div class='ocr_carea' id='block_1_71' title="bbox 1085 1276 1882 1319">
    <p class='ocr_par' dir='ltr' id='par_1_71' title="bbox 1085 1276 1882 1319">
     <span class='ocr_line' id='line_1_71' title="bbox 1085 1276 1882 1319; baseline 0 -10"><span class='ocrx_word' id='word_1_457' title='bbox 1085 1284 1164 1318; x_wconf 75' lang='grc' dir='ltr'>σοφία</span> <span class='ocrx_word' id='word_1_458' title='bbox 1177 1283 1223 1310; x_wconf 85' lang='grc' dir='ltr'><strong>τοῦ</strong></span> <span class='ocrx_word' id='word_1_459' title='bbox 1238 1284 1354 1319; x_wconf 80' lang='grc' dir='ltr'>Πατρός.</span> <span class='ocrx_word' id='word_1_460' title='bbox 1370 1284 1432 1309; x_wconf 65' lang='lat' dir='ltr'><strong>&quot;Are</strong></span> <span class='ocrx_word' id='word_1_461' title='bbox 1445 1284 1476 1319; x_wconf 81' lang='grc' dir='ltr'>δὴ</span> <span class='ocrx_word' id='word_1_462' title='bbox 1490 1282 1535 1310; x_wconf 79' lang='grc' dir='ltr'>οὖν</span> <span class='ocrx_word' id='word_1_463' title='bbox 1547 1284 1590 1310; x_wconf 74' lang='grc' dir='ltr'>τὸν</span> <span class='ocrx_word' id='word_1_464' title='bbox 1606 1283 1720 1319; x_wconf 73' lang='grc' dir='ltr'>Χριστὸν</span> <span class='ocrx_word' id='word_1_465' title='bbox 1745 1284 1791 1309; x_wconf 75' lang='grc' dir='ltr'><strong>ἐπὶ</strong></span> <span class='ocrx_word' id='word_1_466' title='bbox 1807 1276 1882 1309; x_wconf 47' lang='grc' dir='ltr'>στὸέ</span> 
     </span>
    </p>
   </div>
   <div class='ocr_carea' id='block_1_72' title="bbox 1085 1329 1870 1364">
    <p class='ocr_par' dir='ltr' id='par_1_72' title="bbox 1085 1329 1870 1364">
     <span class='ocr_line' id='line_1_72' title="bbox 1085 1329 1870 1364; baseline -0.001 -9"><span class='ocrx_word' id='word_1_467' title='bbox 1085 1337 1169 1364; x_wconf 86' lang='grc' dir='ltr'>ματος</span> <span class='ocrx_word' id='word_1_468' title='bbox 1182 1329 1320 1364; x_wconf 75' lang='grc' dir='ltr'>φέροντες,</span> <span class='ocrx_word' id='word_1_469' title='bbox 1337 1329 1384 1355; x_wconf 74' lang='grc' dir='ltr'>καὶ</span> <span class='ocrx_word' id='word_1_470' title='bbox 1400 1329 1491 1356; x_wconf 83' lang='grc' dir='ltr'>τοῦτον</span> <span class='ocrx_word' id='word_1_471' title='bbox 1505 1330 1543 1361; x_wconf 78' lang='grc' dir='ltr'>εἰς</span> <span class='ocrx_word' id='word_1_472' title='bbox 1559 1329 1619 1356; x_wconf 73' lang='grc' dir='ltr'>νοῦν</span> <span class='ocrx_word' id='word_1_473' title='bbox 1638 1329 1681 1356; x_wconf 71' lang='grc' dir='ltr'><strong>ἀεὶ</strong></span> <span class='ocrx_word' id='word_1_474' title='bbox 1699 1329 1870 1364; x_wconf 80' lang='grc' dir='ltr'>ἐκμελετῶν-</span> 
     </span>
    </p>
   </div>
   <div class='ocr_carea' id='block_1_73' title="bbox 1084 1373 1869 1409">
    <p class='ocr_par' dir='ltr' id='par_1_73' title="bbox 1084 1373 1869 1409">
     <span class='ocr_line' id='line_1_73' title="bbox 1084 1373 1869 1409; baseline -0.001 -8"><span class='ocrx_word' id='word_1_475' title='bbox 1084 1383 1138 1406; x_wconf 84' lang='grc' dir='ltr'>τες,</span> <span class='ocrx_word' id='word_1_476' title='bbox 1163 1375 1268 1400; x_wconf 82' lang='grc' dir='ltr'>σύνεσιν</span> <span class='ocrx_word' id='word_1_477' title='bbox 1296 1373 1378 1409; x_wconf 81' lang='grc' dir='ltr'><strong>εἶχον.</strong></span> <span class='ocrx_word' id='word_1_478' title='bbox 1409 1375 1486 1401; x_wconf 73' lang='grc' dir='ltr'>Οὕτω</span> <span class='ocrx_word' id='word_1_479' title='bbox 1500 1375 1527 1401; x_wconf 81' lang='grc' dir='ltr'>δὲ</span> <span class='ocrx_word' id='word_1_480' title='bbox 1556 1375 1643 1400; x_wconf 82' lang='grc' dir='ltr'>αὐτῶν</span> <span class='ocrx_word' id='word_1_481' title='bbox 1663 1375 1779 1409; x_wconf 79' lang='grc' dir='ltr'>ὴκόνητο</span> <span class='ocrx_word' id='word_1_482' title='bbox 1799 1375 1869 1409; x_wconf 75' lang='grc' dir='ltr'>πρὸς</span> 
     </span>
    </p>
   </div>
   <div class='ocr_carea' id='block_1_74' title="bbox 1085 1419 1869 1455">
    <p class='ocr_par' dir='ltr' id='par_1_74' title="bbox 1085 1419 1869 1455">
     <span class='ocr_line' id='line_1_74' title="bbox 1085 1419 1869 1455; baseline 0 -10"><span class='ocrx_word' id='word_1_483' title='bbox 1085 1420 1192 1453; x_wconf 79' lang='grc' dir='ltr'>σύνεσιν</span> <span class='ocrx_word' id='word_1_484' title='bbox 1203 1421 1217 1445; x_wconf 91' lang='lat'><strong>6</strong></span> <span class='ocrx_word' id='word_1_485' title='bbox 1232 1419 1303 1451; x_wconf 85' lang='grc' dir='ltr'>νοῦς,</span> <span class='ocrx_word' id='word_1_486' title='bbox 1317 1420 1355 1451; x_wconf 81' lang='grc' dir='ltr'>ὡς</span> <span class='ocrx_word' id='word_1_487' title='bbox 1368 1419 1415 1446; x_wconf 77' lang='grc' dir='ltr'>καὶ</span> <span class='ocrx_word' id='word_1_488' title='bbox 1432 1419 1480 1451; x_wconf 75' lang='grc' dir='ltr'>τὰς</span> <span class='ocrx_word' id='word_1_489' title='bbox 1501 1419 1656 1455; x_wconf 79' lang='grc' dir='ltr'>παραϐολὰς</span> <span class='ocrx_word' id='word_1_490' title='bbox 1677 1419 1723 1445; x_wconf 75' lang='grc' dir='ltr'><strong>τοῦ</strong></span> <span class='ocrx_word' id='word_1_491' title='bbox 1740 1420 1869 1454; x_wconf 72' lang='grc' dir='ltr'>Σωτῆρος</span> 
     </span>
    </p>
   </div>
   <div class='ocr_carea' id='block_1_75' title="bbox 1084 1465 1867 1501">
    <p class='ocr_par' dir='ltr' id='par_1_75' title="bbox 1084 1465 1867 1501">
     <span class='ocr_line' id='line_1_75' title="bbox 1084 1465 1867 1501; baseline 0 -10"><span class='ocrx_word' id='word_1_492' title='bbox 1084 1465 1133 1497; x_wconf 79' lang='grc' dir='ltr'><strong>τὰς</strong></span> <span class='ocrx_word' id='word_1_493' title='bbox 1148 1466 1176 1491; x_wconf 81' lang='grc' dir='ltr'>ἐν</span> <span class='ocrx_word' id='word_1_494' title='bbox 1191 1467 1246 1497; x_wconf 86' lang='grc' dir='ltr'>τοῖς</span> <span class='ocrx_word' id='word_1_495' title='bbox 1258 1466 1434 1500; x_wconf 78' lang='grc' dir='ltr'>Εὐαγγελίοις</span> <span class='ocrx_word' id='word_1_496' title='bbox 1450 1465 1601 1501; x_wconf 77' lang='grc' dir='ltr'>φερομένας</span> <span class='ocrx_word' id='word_1_497' title='bbox 1615 1465 1742 1491; x_wconf 76' lang='grc' dir='ltr'>συνιέναι.</span> <span class='ocrx_word' id='word_1_498' title='bbox 1765 1465 1811 1491; x_wconf 72' lang='grc' dir='ltr'><strong>Διὸ</strong></span> <span class='ocrx_word' id='word_1_499' title='bbox 1825 1465 1867 1491; x_wconf 69' lang='grc' dir='ltr'>λέο</span> 
     </span>
    </p>
   </div>
   <div class='ocr_carea' id='block_1_76' title="bbox 1084 1510 1878 1546">
    <p class='ocr_par' dir='ltr' id='par_1_76' title="bbox 1084 1510 1878 1546">
     <span class='ocr_line' id='line_1_76' title="bbox 1084 1510 1878 1546; baseline 0 -10"><span class='ocrx_word' id='word_1_500' title='bbox 1084 1519 1177 1545; x_wconf 83' lang='grc' dir='ltr'>γοντος</span> <span class='ocrx_word' id='word_1_501' title='bbox 1185 1511 1276 1542; x_wconf 79' lang='grc' dir='ltr'>αὐτοῖς</span> <span class='ocrx_word' id='word_1_502' title='bbox 1287 1511 1333 1536; x_wconf 81' lang='grc' dir='ltr'><strong>τοῦ</strong></span> <span class='ocrx_word' id='word_1_503' title='bbox 1342 1510 1459 1546; x_wconf 78' lang='grc' dir='ltr'><strong>Χριστοῦ</strong></span> <span class='ocrx_word' id='word_1_504' title='bbox 1468 1520 1474 1525; x_wconf 92' lang='grc'>·</span> <span class='ocrx_word' id='word_1_505' title='bbox 1486 1510 1639 1543; x_wconf 74' lang='grc' dir='ltr'><strong>Συνήκατε</strong></span> <span class='ocrx_word' id='word_1_506' title='bbox 1649 1510 1742 1539; x_wconf 79' lang='grc' dir='ltr'>ταῦτα</span> <span class='ocrx_word' id='word_1_507' title='bbox 1752 1510 1851 1536; x_wconf 73' lang='grc' dir='ltr'><strong>πάντα</strong></span> <span class='ocrx_word' id='word_1_508' title='bbox 1858 1518 1878 1543; x_wconf 24' lang='grc' dir='ltr'><strong>;λ</strong></span> 
     </span>
    </p>
   </div>
   <div class='ocr_carea' id='block_1_77' title="bbox 1084 1556 1360 1591">
    <p class='ocr_par' dir='ltr' id='par_1_77' title="bbox 1084 1556 1360 1591">
     <span class='ocr_line' id='line_1_77' title="bbox 1084 1556 1360 1591; baseline 0 -8"><span class='ocrx_word' id='word_1_509' title='bbox 1084 1557 1175 1591; x_wconf 74' lang='grc' dir='ltr'>ἔλεγον</span> <span class='ocrx_word' id='word_1_510' title='bbox 1189 1556 1264 1591; x_wconf 75' lang='grc' dir='ltr'>αὐτῷ</span> <span class='ocrx_word' id='word_1_511' title='bbox 1273 1565 1280 1572; x_wconf 88' lang='grc'>⁶</span> <span class='ocrx_word' id='word_1_512' title='bbox 1295 1557 1360 1583; x_wconf 82' lang='grc' dir='ltr'>Ναί.</span> 
     </span>
    </p>
   </div>
   <div class='ocr_carea' id='block_1_78' title="bbox 1104 1600 1869 1637">
    <p class='ocr_par' dir='ltr' id='par_1_78' title="bbox 1104 1600 1869 1637">
     <span class='ocr_line' id='line_1_78' title="bbox 1104 1600 1869 1637; baseline -0.003 -8"><span class='ocrx_word' id='word_1_513' title='bbox 1104 1602 1218 1629; x_wconf 75' lang='grc' dir='ltr'>’Κλινῶ</span> <span class='ocrx_word' id='word_1_514' title='bbox 1238 1604 1281 1635; x_wconf 81' lang='grc' dir='ltr'>εις</span> <span class='ocrx_word' id='word_1_515' title='bbox 1297 1602 1470 1637; x_wconf 77' lang='grc' dir='ltr'>παραϐολὴν</span> <span class='ocrx_word' id='word_1_516' title='bbox 1492 1600 1525 1629; x_wconf 67' lang='grc' dir='ltr'><strong>τὸ</strong></span> <span class='ocrx_word' id='word_1_517' title='bbox 1549 1600 1603 1634; x_wconf 84' lang='grc' dir='ltr'>οὖς</span> <span class='ocrx_word' id='word_1_518' title='bbox 1616 1611 1686 1636; x_wconf 84' lang='grc' dir='ltr'>μου.</span> <span class='ocrx_word' id='word_1_519' title='bbox 1718 1601 1790 1636; x_wconf 81' lang='grc' dir='ltr'><strong>Ἐγὼ</strong></span> <span class='ocrx_word' id='word_1_520' title='bbox 1808 1602 1869 1637; x_wconf 80' lang='grc' dir='ltr'>μὲν,</span> 
     </span>
    </p>
   </div>
   <div class='ocr_carea' id='block_1_79' title="bbox 1085 1648 1870 1684">
    <p class='ocr_par' dir='ltr' id='par_1_79' title="bbox 1085 1648 1870 1684">
     <span class='ocr_line' id='line_1_79' title="bbox 1085 1648 1870 1684; baseline 0 -10"><span class='ocrx_word' id='word_1_521' title='bbox 1085 1649 1176 1684; x_wconf 72' lang='grc' dir='ltr'>φησὶν,</span> <span class='ocrx_word' id='word_1_522' title='bbox 1196 1650 1331 1683; x_wconf 80' lang='grc' dir='ltr'>ὰκονὴσας</span> <span class='ocrx_word' id='word_1_523' title='bbox 1357 1648 1402 1675; x_wconf 69' lang='grc' dir='ltr'><strong>τὸν</strong></span> <span class='ocrx_word' id='word_1_524' title='bbox 1418 1648 1536 1683; x_wconf 74' lang='grc' dir='ltr'>ἐμαυτοῦ</span> <span class='ocrx_word' id='word_1_525' title='bbox 1555 1648 1615 1674; x_wconf 74' lang='grc' dir='ltr'>νοῦν</span> <span class='ocrx_word' id='word_1_526' title='bbox 1630 1649 1669 1679; x_wconf 81' lang='grc' dir='ltr'>εἰς</span> <span class='ocrx_word' id='word_1_527' title='bbox 1686 1648 1794 1674; x_wconf 86' lang='grc' dir='ltr'>σύνεσιν</span> <span class='ocrx_word' id='word_1_528' title='bbox 1814 1648 1870 1674; x_wconf 83' lang='grc' dir='ltr'>τῶν</span> 
     </span>
    </p>
   </div>
   <div class='ocr_carea' id='block_1_80' title="bbox 1085 1692 1878 1728">
    <p class='ocr_par' dir='ltr' id='par_1_80' title="bbox 1085 1692 1878 1728">
     <span class='ocr_line' id='line_1_80' title="bbox 1085 1692 1878 1728; baseline -0.003 -8"><span class='ocrx_word' id='word_1_529' title='bbox 1085 1693 1226 1728; x_wconf 82' lang='grc' dir='ltr'><strong>σωτηρίων</strong></span> <span class='ocrx_word' id='word_1_530' title='bbox 1243 1692 1413 1728; x_wconf 80' lang='grc' dir='ltr'>παραϐολῶν,</span> <span class='ocrx_word' id='word_1_531' title='bbox 1425 1693 1573 1728; x_wconf 68' lang='grc' dir='ltr'>δεδύνημαι</span> <span class='ocrx_word' id='word_1_532' title='bbox 1593 1692 1809 1727; x_wconf 76' lang='grc' dir='ltr'>ἐπακολουθῆσαι</span> <span class='ocrx_word' id='word_1_533' title='bbox 1835 1694 1878 1728; x_wconf 10' lang='grc' dir='ltr'><strong>τῇ,</strong></span> 
     </span>
    </p>
   </div>
   <div class='ocr_carea' id='block_1_81' title="bbox 1085 1738 1870 1776">
    <p class='ocr_par' dir='ltr' id='par_1_81' title="bbox 1085 1738 1870 1776">
     <span class='ocr_line' id='line_1_81' title="bbox 1085 1738 1870 1776; baseline -0.001 -11"><span class='ocrx_word' id='word_1_534' title='bbox 1085 1739 1222 1776; x_wconf 78' lang='grc' dir='ltr'>φερομένῃ</span> <span class='ocrx_word' id='word_1_535' title='bbox 1239 1739 1330 1770; x_wconf 77' lang='grc' dir='ltr'>αὐτοῖς</span> <span class='ocrx_word' id='word_1_536' title='bbox 1344 1739 1448 1774; x_wconf 80' lang='grc' dir='ltr'>διανοίᾳ</span> <span class='ocrx_word' id='word_1_537' title='bbox 1458 1746 1465 1753; x_wconf 91' lang='grc'><strong>·</strong></span> <span class='ocrx_word' id='word_1_538' title='bbox 1478 1739 1535 1770; x_wconf 83' lang='grc' dir='ltr'>τοῖς</span> <span class='ocrx_word' id='word_1_539' title='bbox 1552 1738 1579 1764; x_wconf 82' lang='grc' dir='ltr'>δὲ</span> <span class='ocrx_word' id='word_1_540' title='bbox 1597 1738 1633 1774; x_wconf 84' lang='grc' dir='ltr'>μὴ</span> <span class='ocrx_word' id='word_1_541' title='bbox 1646 1738 1723 1764; x_wconf 74' lang='grc' dir='ltr'>τοῦτο</span> <span class='ocrx_word' id='word_1_542' title='bbox 1739 1739 1870 1773; x_wconf 78' lang='grc' dir='ltr'>πράττειν</span> 
     </span>
    </p>
   </div>
   <div class='ocr_carea' id='block_1_82' title="bbox 1085 1784 1871 1820">
    <p class='ocr_par' dir='ltr' id='par_1_82' title="bbox 1085 1784 1871 1820">
     <span class='ocr_line' id='line_1_82' title="bbox 1085 1784 1871 1820; baseline -0.001 -9"><span class='ocrx_word' id='word_1_543' title='bbox 1085 1785 1243 1820; x_wconf 83' lang='grc' dir='ltr'>δυναμένοις</span> <span class='ocrx_word' id='word_1_544' title='bbox 1254 1784 1297 1810; x_wconf 84' lang='grc' dir='ltr'><strong>διὰ</strong></span> <span class='ocrx_word' id='word_1_545' title='bbox 1308 1785 1456 1820; x_wconf 82' lang='grc' dir='ltr'>νηπιότητα</span> <span class='ocrx_word' id='word_1_546' title='bbox 1469 1784 1566 1817; x_wconf 79' lang='grc' dir='ltr'>ἀνοίξω</span> <span class='ocrx_word' id='word_1_547' title='bbox 1575 1784 1610 1811; x_wconf 78' lang='grc' dir='ltr'>τὰ</span> <span class='ocrx_word' id='word_1_548' title='bbox 1623 1784 1813 1819; x_wconf 75' lang='grc' dir='ltr'><strong>κεκλεισμένα,</strong></span> <span class='ocrx_word' id='word_1_549' title='bbox 1823 1785 1871 1810; x_wconf 70' lang='grc' dir='ltr'>καὶ</span> 
     </span>
    </p>
   </div>
   <div class='ocr_carea' id='block_1_83' title="bbox 1085 1830 1872 1866">
    <p class='ocr_par' dir='ltr' id='par_1_83' title="bbox 1085 1830 1872 1866">
     <span class='ocr_line' id='line_1_83' title="bbox 1085 1830 1872 1866; baseline 0 -10"><span class='ocrx_word' id='word_1_550' title='bbox 1085 1830 1245 1866; x_wconf 70' lang='grc' dir='ltr'>διασαφήσω</span> <span class='ocrx_word' id='word_1_551' title='bbox 1256 1831 1289 1857; x_wconf 82' lang='grc' dir='ltr'>τὰ</span> <span class='ocrx_word' id='word_1_552' title='bbox 1306 1831 1485 1865; x_wconf 75' lang='grc' dir='ltr'>προϐλήματα</span> <span class='ocrx_word' id='word_1_553' title='bbox 1502 1831 1548 1857; x_wconf 73' lang='grc' dir='ltr'>καὶ</span> <span class='ocrx_word' id='word_1_554' title='bbox 1564 1830 1612 1862; x_wconf 87' lang='grc' dir='ltr'><strong>τὰς</strong></span> <span class='ocrx_word' id='word_1_555' title='bbox 1628 1830 1795 1866; x_wconf 80' lang='grc' dir='ltr'>παραϐολάς.</span> <span class='ocrx_word' id='word_1_556' title='bbox 1815 1831 1872 1856; x_wconf 76' lang='grc' dir='ltr'><strong>Καὶ</strong></span> 
     </span>
    </p>
   </div>
   <div class='ocr_carea' id='block_1_84' title="bbox 1085 1875 1872 1912">
    <p class='ocr_par' dir='ltr' id='par_1_84' title="bbox 1085 1875 1872 1912">
     <span class='ocr_line' id='line_1_84' title="bbox 1085 1875 1872 1912; baseline 0 -10"><span class='ocrx_word' id='word_1_557' title='bbox 1085 1875 1172 1903; x_wconf 77' lang='grc' dir='ltr'>ταῦτα</span> <span class='ocrx_word' id='word_1_558' title='bbox 1183 1876 1277 1911; x_wconf 77' lang='grc' dir='ltr'>πράξω</span> <span class='ocrx_word' id='word_1_559' title='bbox 1295 1876 1338 1902; x_wconf 81' lang='grc' dir='ltr'><strong>διὰ</strong></span> <span class='ocrx_word' id='word_1_560' title='bbox 1352 1876 1397 1902; x_wconf 83' lang='grc' dir='ltr'><strong>τοῦ</strong></span> <span class='ocrx_word' id='word_1_561' title='bbox 1409 1876 1527 1911; x_wconf 76' lang='grc' dir='ltr'>ἐμαυτοῦ</span> <span class='ocrx_word' id='word_1_562' title='bbox 1539 1876 1697 1912; x_wconf 72' lang='grc' dir='ltr'>ψαλτηρίου,</span> <span class='ocrx_word' id='word_1_563' title='bbox 1715 1876 1761 1903; x_wconf 73' lang='grc' dir='ltr'><strong>τοῦ</strong></span> <span class='ocrx_word' id='word_1_564' title='bbox 1777 1876 1872 1912; x_wconf 86' lang='grc' dir='ltr'>σώμα-</span> 
     </span>
    </p>
   </div>
   <div class='ocr_carea' id='block_1_85' title="bbox 1085 1921 1873 1958">
    <p class='ocr_par' dir='ltr' id='par_1_85' title="bbox 1085 1921 1873 1958">
     <span class='ocr_line' id='line_1_85' title="bbox 1085 1921 1873 1958; baseline 0.003 -11"><span class='ocrx_word' id='word_1_565' title='bbox 1085 1931 1130 1953; x_wconf 83' lang='grc' dir='ltr'><strong>τος</strong></span> <span class='ocrx_word' id='word_1_566' title='bbox 1144 1922 1255 1957; x_wconf 77' lang='grc' dir='ltr'>δηλαδὴ,</span> <span class='ocrx_word' id='word_1_567' title='bbox 1276 1922 1391 1958; x_wconf 75' lang='grc' dir='ltr'>ὀργάνου</span> <span class='ocrx_word' id='word_1_568' title='bbox 1416 1922 1492 1958; x_wconf 86' lang='grc' dir='ltr'>δίκην</span> <span class='ocrx_word' id='word_1_569' title='bbox 1512 1922 1691 1957; x_wconf 77' lang='grc' dir='ltr'>ἐπηχοῦντος,</span> <span class='ocrx_word' id='word_1_570' title='bbox 1707 1923 1738 1949; x_wconf 84' lang='grc' dir='ltr'>δι’</span> <span class='ocrx_word' id='word_1_571' title='bbox 1754 1921 1784 1950; x_wconf 75' lang='grc' dir='ltr'>οὗ</span> <span class='ocrx_word' id='word_1_572' title='bbox 1801 1924 1873 1958; x_wconf 74' lang='grc' dir='ltr'>πρὸς</span> 
     </span>
    </p>
   </div>
   <div class='ocr_carea' id='block_1_86' title="bbox 1087 1968 1873 2005">
    <p class='ocr_par' dir='ltr' id='par_1_86' title="bbox 1087 1968 1873 2005">
     <span class='ocr_line' id='line_1_86' title="bbox 1087 1968 1873 2005; baseline 0.001 -11"><span class='ocrx_word' id='word_1_573' title='bbox 1087 1968 1169 2002; x_wconf 76' lang='grc' dir='ltr'>ὕμνον</span> <span class='ocrx_word' id='word_1_574' title='bbox 1185 1969 1313 2004; x_wconf 80' lang='grc' dir='ltr'>τρέπεται</span> <span class='ocrx_word' id='word_1_575' title='bbox 1330 1968 1440 2004; x_wconf 83' lang='grc' dir='ltr'>ἡψυχὴ,</span> <span class='ocrx_word' id='word_1_576' title='bbox 1459 1968 1492 1994; x_wconf 81' lang='grc' dir='ltr'><strong>δι’</strong></span> <span class='ocrx_word' id='word_1_577' title='bbox 1506 1969 1620 1995; x_wconf 79' lang='grc' dir='ltr'><strong>ἑκάστου</strong></span> <span class='ocrx_word' id='word_1_578' title='bbox 1637 1969 1814 2005; x_wconf 78' lang='grc' dir='ltr'>αἰσθητηρίου</span> <span class='ocrx_word' id='word_1_579' title='bbox 1823 1969 1873 1995; x_wconf 79' lang='grc' dir='ltr'><strong>καὶ</strong></span> 
     </span>
    </p>
   </div>
   <div class='ocr_carea' id='block_1_87' title="bbox 1087 2014 1741 2050">
    <p class='ocr_par' dir='ltr' id='par_1_87' title="bbox 1087 2014 1741 2050">
     <span class='ocr_line' id='line_1_87' title="bbox 1087 2014 1741 2050; baseline 0 -10"><span class='ocrx_word' id='word_1_580' title='bbox 1087 2014 1184 2048; x_wconf 83' lang='grc' dir='ltr'>μέλους</span> <span class='ocrx_word' id='word_1_581' title='bbox 1204 2014 1249 2041; x_wconf 82' lang='grc' dir='ltr'>καὶ</span> <span class='ocrx_word' id='word_1_582' title='bbox 1263 2014 1361 2049; x_wconf 85' lang='grc' dir='ltr'>μέρους</span> <span class='ocrx_word' id='word_1_583' title='bbox 1382 2015 1569 2050; x_wconf 74' lang='grc' dir='ltr'>ἐπιστημόνως</span> <span class='ocrx_word' id='word_1_584' title='bbox 1587 2015 1741 2050; x_wconf 78' lang='grc' dir='ltr'>κινουμένη.</span> 
     </span>
    </p>
   </div>
   <div class='ocr_carea' id='block_1_88' title="bbox 1122 2102 1873 2136">
    <p class='ocr_par' dir='ltr' id='par_1_88' title="bbox 1122 2102 1873 2136">
     <span class='ocr_line' id='line_1_88' title="bbox 1122 2102 1873 2136; baseline 0.003 -8"><span class='ocrx_word' id='word_1_585' title='bbox 1122 2103 1184 2129; x_wconf 74' lang='grc' dir='ltr'>Ἵνα</span> <span class='ocrx_word' id='word_1_586' title='bbox 1194 2102 1222 2128; x_wconf 84' lang='grc' dir='ltr'><strong>τί</strong></span> <span class='ocrx_word' id='word_1_587' title='bbox 1238 2102 1383 2136; x_wconf 58' lang='grc' dir='ltr'>φοϐοῦμαι</span> <span class='ocrx_word' id='word_1_588' title='bbox 1403 2102 1438 2129; x_wconf 77' lang='grc' dir='ltr'><strong>ἑν</strong></span> <span class='ocrx_word' id='word_1_589' title='bbox 1455 2102 1549 2136; x_wconf 77' lang='grc' dir='ltr'>ἡμέρᾳ</span> <span class='ocrx_word' id='word_1_590' title='bbox 1574 2102 1706 2136; x_wconf 58' lang='lat' dir='ltr'><strong>ﬂamma;</strong></span> <span class='ocrx_word' id='word_1_591' title='bbox 1730 2103 1873 2131; x_wconf 76' lang='grc' dir='ltr'><strong>Ἐντεῦθεν</strong></span> 
     </span>
    </p>
   </div>
   <div class='ocr_carea' id='block_1_89' title="bbox 1089 2147 1874 2183">
    <p class='ocr_par' dir='ltr' id='par_1_89' title="bbox 1089 2147 1874 2183">
     <span class='ocr_line' id='line_1_89' title="bbox 1089 2147 1874 2183; baseline -0.003 -9"><span class='ocrx_word' id='word_1_592' title='bbox 1089 2148 1213 2183; x_wconf 74' lang='grc' dir='ltr'>ἄρχεται,</span> <span class='ocrx_word' id='word_1_593' title='bbox 1228 2148 1276 2182; x_wconf 84' lang='grc' dir='ltr'><strong>τῆς</strong></span> <span class='ocrx_word' id='word_1_594' title='bbox 1289 2147 1462 2178; x_wconf 84' lang='grc' dir='ltr'>διδασκαλίας</span> <span class='ocrx_word' id='word_1_595' title='bbox 1475 2147 1510 2173; x_wconf 81' lang='grc' dir='ltr'>τὰ</span> <span class='ocrx_word' id='word_1_596' title='bbox 1521 2147 1615 2182; x_wconf 84' lang='grc' dir='ltr'>πρῶτα</span> <span class='ocrx_word' id='word_1_597' title='bbox 1625 2147 1663 2178; x_wconf 83' lang='grc' dir='ltr'><strong>ὡς</strong></span> <span class='ocrx_word' id='word_1_598' title='bbox 1674 2147 1701 2172; x_wconf 82' lang='grc' dir='ltr'><strong>ἐν</strong></span> <span class='ocrx_word' id='word_1_599' title='bbox 1718 2147 1874 2182; x_wconf 77' lang='grc' dir='ltr'>προοιμίοις</span> 
     </span>
    </p>
   </div>
   <div class='ocr_carea' id='block_1_90' title="bbox 254 2183 1041 2231">
    <p class='ocr_par' dir='ltr' id='par_1_90' title="bbox 254 2183 1036 2231">
     <span class='ocr_line' id='line_1_90' title="bbox 254 2183 1036 2231; baseline -0.005 -8"><span class='ocrx_word' id='word_1_600' title='bbox 254 2183 391 2231; x_wconf 77' lang='lat' dir='ltr'><strong>expendit.</strong></span> <span class='ocrx_word' id='word_1_601' title='bbox 422 2193 533 2220; x_wconf 90' lang='lat' dir='ltr'><strong>Orditur</strong></span> <span class='ocrx_word' id='word_1_602' title='bbox 551 2196 640 2218; x_wconf 88' lang='lat' dir='ltr'><strong>autem</strong></span> <span class='ocrx_word' id='word_1_603' title='bbox 666 2199 714 2226; x_wconf 88' lang='lat' dir='ltr'><strong>per</strong></span> <span class='ocrx_word' id='word_1_604' title='bbox 737 2191 986 2226; x_wconf 79' lang='lat' dir='ltr'><strong>interrogationem,</strong></span> <span class='ocrx_word' id='word_1_605' title='bbox 1007 2197 1036 2219; x_wconf 90' lang='lat' dir='ltr'><strong>ut</strong></span> 
     </span>
    </p>
   </div>
   <div class='ocr_carea' id='block_1_91' title="bbox 1091 2183 1874 2231">
    <p class='ocr_par' dir='ltr' id='par_1_91' title="bbox 1091 2183 1874 2229">
     <span class='ocr_line' id='line_1_91' title="bbox 1091 2183 1874 2229; baseline -0.001 -9"><span class='ocrx_word' id='word_1_606' title='bbox 1091 2193 1260 2229; x_wconf 82' lang='grc' dir='ltr'>διαλαλήσας.</span> <span class='ocrx_word' id='word_1_607' title='bbox 1281 2193 1410 2228; x_wconf 70' lang='grc' dir='ltr'>’Ᾱρχεται</span> <span class='ocrx_word' id='word_1_608' title='bbox 1422 2192 1451 2218; x_wconf 78' lang='grc' dir='ltr'>δὲ</span> <span class='ocrx_word' id='word_1_609' title='bbox 1463 2193 1523 2219; x_wconf 80' lang='grc' dir='ltr'>κατ’</span> <span class='ocrx_word' id='word_1_610' title='bbox 1537 2192 1678 2228; x_wconf 81' lang='grc' dir='ltr'>ἐρώτησιν,</span> <span class='ocrx_word' id='word_1_611' title='bbox 1693 2192 1735 2218; x_wconf 81' lang='grc' dir='ltr'>ἵνα</span> <span class='ocrx_word' id='word_1_612' title='bbox 1744 2193 1791 2218; x_wconf 76' lang='grc' dir='ltr'>καὶ</span> <span class='ocrx_word' id='word_1_613' title='bbox 1805 2183 1874 2219; x_wconf 60' lang='lat' dir='ltr'><strong>dis-6-</strong></span> 
     </span>
    </p>
   </div>
   <div class='ocr_carea' id='block_1_92' title="bbox 255 2235 1035 2276">
    <p class='ocr_par' dir='ltr' id='par_1_92' title="bbox 255 2235 1035 2276">
     <span class='ocr_line' id='line_1_92' title="bbox 255 2235 1035 2276; baseline -0.005 -8"><span class='ocrx_word' id='word_1_614' title='bbox 255 2240 460 2276; x_wconf 87' lang='lat' dir='ltr'><strong>rcsponsionem</strong></span> <span class='ocrx_word' id='word_1_615' title='bbox 483 2237 608 2271; x_wconf 88' lang='lat' dir='ltr'><strong>accipiat.</strong></span> <span class='ocrx_word' id='word_1_616' title='bbox 633 2235 696 2263; x_wconf 69' lang='lat' dir='ltr'><strong>Haec</strong></span> <span class='ocrx_word' id='word_1_617' title='bbox 710 2240 801 2263; x_wconf 84' lang='lat' dir='ltr'><strong>autem</strong></span> <span class='ocrx_word' id='word_1_618' title='bbox 825 2241 867 2264; x_wconf 88' lang='lat' dir='ltr'><strong>est</strong></span> <span class='ocrx_word' id='word_1_619' title='bbox 884 2237 1035 2273; x_wconf 85' lang='lat' dir='ltr'><strong>interroga-</strong></span> 
     </span>
    </p>
   </div>
   <div class='ocr_carea' id='block_1_93' title="bbox 255 2282 1036 2318">
    <p class='ocr_par' dir='ltr' id='par_1_93' title="bbox 255 2282 1036 2318">
     <span class='ocr_line' id='line_1_93' title="bbox 255 2282 1036 2318; baseline -0.005 -3"><span class='ocrx_word' id='word_1_620' title='bbox 255 2288 304 2315; x_wconf 86' lang='lat' dir='ltr'><strong>tio.</strong></span> <span class='ocrx_word' id='word_1_621' title='bbox 324 2286 380 2313; x_wconf 86' lang='lat' dir='ltr'><strong>Cur</strong></span> <span class='ocrx_word' id='word_1_622' title='bbox 397 2284 512 2311; x_wconf 77' lang='lat' dir='ltr'><strong>timebo?</strong></span> <span class='ocrx_word' id='word_1_623' title='bbox 527 2290 588 2310; x_wconf 89' lang='lat' dir='ltr'><strong>nam</strong></span> <span class='ocrx_word' id='word_1_624' title='bbox 605 2282 639 2309; x_wconf 92' lang='lat' dir='ltr'><strong>ad</strong></span> <span class='ocrx_word' id='word_1_625' title='bbox 657 2289 751 2309; x_wconf 75' lang='lat' dir='ltr'><strong>vocem</strong></span> <span class='ocrx_word' id='word_1_626' title='bbox 772 2283 877 2314; x_wconf 83' lang='lat' dir='ltr'><strong>timebo,</strong></span> <span class='ocrx_word' id='word_1_627' title='bbox 896 2283 1036 2318; x_wconf 88' lang='lat' dir='ltr'><strong>interpun-</strong></span> 
     </span>
    </p>
   </div>
   <div class='ocr_carea' id='block_1_94' title="bbox 254 2327 1034 2367">
    <p class='ocr_par' dir='ltr' id='par_1_94' title="bbox 254 2327 1034 2367">
     <span class='ocr_line' id='line_1_94' title="bbox 254 2327 1034 2367; baseline -0.005 -8"><span class='ocrx_word' id='word_1_628' title='bbox 254 2332 382 2367; x_wconf 74' lang='lat' dir='ltr'><strong>gendum,</strong></span> <span class='ocrx_word' id='word_1_629' title='bbox 397 2334 428 2356; x_wconf 89' lang='lat' dir='ltr'><strong>ut</strong></span> <span class='ocrx_word' id='word_1_630' title='bbox 441 2329 534 2356; x_wconf 68' lang='lat' dir='ltr'><strong>isthmc</strong></span> <span class='ocrx_word' id='word_1_631' title='bbox 554 2328 588 2355; x_wconf 88' lang='lat' dir='ltr'><strong>sit</strong></span> <span class='ocrx_word' id='word_1_632' title='bbox 599 2328 742 2356; x_wconf 87' lang='lat' dir='ltr'><strong>sententia.</strong></span> <span class='ocrx_word' id='word_1_633' title='bbox 758 2327 788 2355; x_wconf 89' lang='lat' dir='ltr'><strong>Si</strong></span> <span class='ocrx_word' id='word_1_634' title='bbox 802 2328 864 2363; x_wconf 87' lang='lat' dir='ltr'><strong>quis</strong></span> <span class='ocrx_word' id='word_1_635' title='bbox 875 2328 1034 2363; x_wconf 71' lang='lat' dir='ltr'><strong>interrogat,</strong></span> 
     </span>
    </p>
   </div>
   <div class='ocr_carea' id='block_1_95' title="bbox 255 2374 1036 2413">
    <p class='ocr_par' dir='ltr' id='par_1_95' title="bbox 255 2374 1036 2413">
     <span class='ocr_line' id='line_1_95' title="bbox 255 2374 1036 2413; baseline -0.001 -9"><span class='ocrx_word' id='word_1_636' title='bbox 255 2377 360 2413; x_wconf 90' lang='lat' dir='ltr'><strong>inquit,</strong></span> <span class='ocrx_word' id='word_1_637' title='bbox 377 2376 431 2405; x_wconf 86' lang='lat' dir='ltr'><strong>Cur</strong></span> <span class='ocrx_word' id='word_1_638' title='bbox 446 2374 541 2402; x_wconf 89' lang='lat' dir='ltr'><strong>timebo</strong></span> <span class='ocrx_word' id='word_1_639' title='bbox 557 2375 568 2402; x_wconf 69' lang='lat'><strong>.9</strong></span> <span class='ocrx_word' id='word_1_640' title='bbox 584 2374 678 2402; x_wconf 83' lang='lat' dir='ltr'><strong>volens</strong></span> <span class='ocrx_word' id='word_1_641' title='bbox 696 2382 713 2401; x_wconf 92' lang='lat' dir='ltr'><strong>a</strong></span> <span class='ocrx_word' id='word_1_642' title='bbox 731 2382 774 2402; x_wconf 87' lang='lat' dir='ltr'><strong>me</strong></span> <span class='ocrx_word' id='word_1_643' title='bbox 788 2382 898 2402; x_wconf 88' lang='lat' dir='ltr'><strong>causam</strong></span> <span class='ocrx_word' id='word_1_644' title='bbox 915 2375 1036 2403; x_wconf 83' lang='lat' dir='ltr'><strong>ediscere</strong></span> 
     </span>
    </p>
   </div>
   <div class='ocr_carea' id='block_1_96' title="bbox 254 2419 1035 2458">
    <p class='ocr_par' dir='ltr' id='par_1_96' title="bbox 254 2419 1035 2458">
     <span class='ocr_line' id='line_1_96' title="bbox 254 2419 1035 2458; baseline -0.005 -7"><span class='ocrx_word' id='word_1_645' title='bbox 254 2423 314 2458; x_wconf 80' lang='lat' dir='ltr'><strong>ejus</strong></span> <span class='ocrx_word' id='word_1_646' title='bbox 328 2430 382 2457; x_wconf 89' lang='lat' dir='ltr'><strong>qua</strong></span> <span class='ocrx_word' id='word_1_647' title='bbox 406 2428 525 2456; x_wconf 88' lang='lat' dir='ltr'><strong>occupor</strong></span> <span class='ocrx_word' id='word_1_648' title='bbox 547 2419 709 2454; x_wconf 85' lang='lat' dir='ltr'><strong>aﬂlictionis,</strong></span> <span class='ocrx_word' id='word_1_649' title='bbox 722 2428 784 2448; x_wconf 88' lang='lat' dir='ltr'><strong>cum</strong></span> <span class='ocrx_word' id='word_1_650' title='bbox 802 2419 900 2448; x_wconf 83' lang='lat' dir='ltr'><strong>ﬁducia</strong></span> <span class='ocrx_word' id='word_1_651' title='bbox 922 2420 1035 2454; x_wconf 86' lang='lat' dir='ltr'><strong>audiat,</strong></span> 
     </span>
    </p>
   </div>
   <div class='ocr_carea' id='block_1_97' title="bbox 254 2467 1035 2503">
    <p class='ocr_par' dir='ltr' id='par_1_97' title="bbox 254 2467 1035 2503">
     <span class='ocr_line' id='line_1_97' title="bbox 254 2467 1035 2503; baseline -0.006 -5"><span class='ocrx_word' id='word_1_652' title='bbox 254 2476 316 2498; x_wconf 83' lang='lat' dir='ltr'><strong>esse</strong></span> <span class='ocrx_word' id='word_1_653' title='bbox 331 2469 447 2503; x_wconf 85' lang='lat' dir='ltr'><strong>aliquam</strong></span> <span class='ocrx_word' id='word_1_654' title='bbox 472 2467 544 2494; x_wconf 88' lang='lat' dir='ltr'><strong>diem</strong></span> <span class='ocrx_word' id='word_1_655' title='bbox 570 2467 682 2499; x_wconf 84' lang='lat' dir='ltr'><strong>malam,</strong></span> <span class='ocrx_word' id='word_1_656' title='bbox 699 2473 781 2501; x_wconf 87' lang='lat' dir='ltr'><strong>quam</strong></span> <span class='ocrx_word' id='word_1_657' title='bbox 802 2473 852 2501; x_wconf 77' lang='lat' dir='ltr'><strong>ego</strong></span> <span class='ocrx_word' id='word_1_658' title='bbox 875 2470 949 2493; x_wconf 90' lang='lat' dir='ltr'><strong>metu</strong></span> <span class='ocrx_word' id='word_1_659' title='bbox 973 2475 1035 2502; x_wconf 84' lang='lat' dir='ltr'><strong>per-</strong></span> 
     </span>
    </p>
   </div>
   <div class='ocr_carea' id='block_1_98' title="bbox 255 2512 1036 2546">
    <p class='ocr_par' dir='ltr' id='par_1_98' title="bbox 255 2512 1036 2546">
     <span class='ocr_line' id='line_1_98' title="bbox 255 2512 1036 2546; baseline -0.003 -4"><span class='ocrx_word' id='word_1_660' title='bbox 255 2515 348 2542; x_wconf 84' lang='lat' dir='ltr'><strong>culsus</strong></span> <span class='ocrx_word' id='word_1_661' title='bbox 362 2514 536 2541; x_wconf 79' lang='lat' dir='ltr'><strong>exhorresco.</strong></span> <span class='ocrx_word' id='word_1_662' title='bbox 552 2512 723 2540; x_wconf 80' lang='lat' dir='ltr'><strong>Exhorresco</strong></span> <span class='ocrx_word' id='word_1_663' title='bbox 739 2516 841 2544; x_wconf 88' lang='lat' dir='ltr'><strong>autem,</strong></span> <span class='ocrx_word' id='word_1_664' title='bbox 864 2512 994 2546; x_wconf 86' lang='lat' dir='ltr'><strong>quoniam</strong></span> <span class='ocrx_word' id='word_1_665' title='bbox 1008 2513 1036 2540; x_wconf 89' lang='lat' dir='ltr'><strong>in</strong></span> 
     </span>
    </p>
   </div>
   <div class='ocr_carea' id='block_1_99' title="bbox 256 2557 1036 2594">
    <p class='ocr_par' dir='ltr' id='par_1_99' title="bbox 256 2557 1036 2594">
     <span class='ocr_line' id='line_1_99' title="bbox 256 2557 1036 2594; baseline -0.004 -6"><span class='ocrx_word' id='word_1_666' title='bbox 256 2561 301 2589; x_wconf 86' lang='lat' dir='ltr'><strong>illa</strong></span> <span class='ocrx_word' id='word_1_667' title='bbox 314 2560 357 2587; x_wconf 86' lang='lat' dir='ltr'><strong>die</strong></span> <span class='ocrx_word' id='word_1_668' title='bbox 375 2559 500 2594; x_wconf 68' lang='lat' dir='ltr'><strong>iniquitas</strong></span> <span class='ocrx_word' id='word_1_669' title='bbox 525 2559 643 2585; x_wconf 79' lang='lat' dir='ltr'><strong>calcanei</strong></span> <span class='ocrx_word' id='word_1_670' title='bbox 659 2558 709 2586; x_wconf 85' lang='lat' dir='ltr'><strong>mei</strong></span> <span class='ocrx_word' id='word_1_671' title='bbox 737 2557 911 2585; x_wconf 80' lang='lat' dir='ltr'><strong>circumdabit</strong></span> <span class='ocrx_word' id='word_1_672' title='bbox 935 2566 986 2590; x_wconf 84' lang='lat' dir='ltr'><strong>me,</strong></span> <span class='ocrx_word' id='word_1_673' title='bbox 1010 2559 1036 2585; x_wconf 92' lang='lat' dir='ltr'><strong>id</strong></span> 
     </span>
    </p>
   </div>
   <div class='ocr_carea' id='block_1_100' title="bbox 255 2604 1037 2639">
    <p class='ocr_par' dir='ltr' id='par_1_100' title="bbox 255 2604 1037 2639">
     <span class='ocr_line' id='line_1_100' title="bbox 255 2604 1037 2639; baseline -0.003 -4"><span class='ocrx_word' id='word_1_674' title='bbox 255 2612 297 2638; x_wconf 85' lang='lat' dir='ltr'><strong>est</strong></span> <span class='ocrx_word' id='word_1_675' title='bbox 324 2605 439 2633; x_wconf 84' lang='lat' dir='ltr'><strong>deﬂexio</strong></span> <span class='ocrx_word' id='word_1_676' title='bbox 466 2613 482 2632; x_wconf 91' lang='lat' dir='ltr'><strong>a</strong></span> <span class='ocrx_word' id='word_1_677' title='bbox 508 2605 597 2632; x_wconf 83' lang='lat' dir='ltr'><strong>divina</strong></span> <span class='ocrx_word' id='word_1_678' title='bbox 617 2605 671 2637; x_wconf 77' lang='lat' dir='ltr'><strong>via,</strong></span> <span class='ocrx_word' id='word_1_679' title='bbox 691 2612 743 2639; x_wconf 86' lang='lat' dir='ltr'><strong>qua</strong></span> <span class='ocrx_word' id='word_1_680' title='bbox 771 2612 819 2639; x_wconf 91' lang='lat' dir='ltr'><strong>per</strong></span> <span class='ocrx_word' id='word_1_681' title='bbox 845 2604 959 2639; x_wconf 88' lang='lat' dir='ltr'><strong>hujusce</strong></span> <span class='ocrx_word' id='word_1_682' title='bbox 976 2605 1037 2633; x_wconf 64' lang='lat' dir='ltr'><strong>vita:</strong></span> 
     </span>
    </p>
   </div>
   <div class='ocr_carea' id='block_1_101' title="bbox 255 2650 1038 2685">
    <p class='ocr_par' dir='ltr' id='par_1_101' title="bbox 255 2650 1038 2685">
     <span class='ocr_line' id='line_1_101' title="bbox 255 2650 1038 2685; baseline -0.003 -5"><span class='ocrx_word' id='word_1_683' title='bbox 255 2652 459 2680; x_wconf 82' lang='lat' dir='ltr'><strong>distractionem</strong></span> <span class='ocrx_word' id='word_1_684' title='bbox 484 2655 510 2678; x_wconf 88' lang='lat' dir='ltr'><strong>et</strong></span> <span class='ocrx_word' id='word_1_685' title='bbox 532 2650 677 2683; x_wconf 83' lang='lat' dir='ltr'><strong>fallaciam,</strong></span> <span class='ocrx_word' id='word_1_686' title='bbox 703 2650 822 2677; x_wconf 87' lang='lat' dir='ltr'><strong>divinam</strong></span> <span class='ocrx_word' id='word_1_687' title='bbox 837 2650 923 2685; x_wconf 79' lang='lat' dir='ltr'><strong>legem</strong></span> <span class='ocrx_word' id='word_1_688' title='bbox 949 2655 1038 2678; x_wconf 85' lang='lat' dir='ltr'><strong>trans-</strong></span> 
     </span>
    </p>
   </div>
   <div class='ocr_carea' id='block_1_102' title="bbox 255 2696 1034 2733">
    <p class='ocr_par' dir='ltr' id='par_1_102' title="bbox 255 2696 1034 2733">
     <span class='ocr_line' id='line_1_102' title="bbox 255 2696 1034 2733; baseline -0.003 -7"><span class='ocrx_word' id='word_1_689' title='bbox 255 2706 365 2733; x_wconf 72' lang='lat' dir='ltr'><strong>gressus</strong></span> <span class='ocrx_word' id='word_1_690' title='bbox 383 2705 454 2725; x_wconf 82' lang='lat' dir='ltr'><strong>sum.</strong></span> <span class='ocrx_word' id='word_1_691' title='bbox 473 2697 568 2724; x_wconf 68' lang='lat' dir='ltr'><strong>[stltaac</strong></span> <span class='ocrx_word' id='word_1_692' title='bbox 593 2696 674 2731; x_wconf 78' lang='lat' dir='ltr'><strong>igitur</strong></span> <span class='ocrx_word' id='word_1_693' title='bbox 701 2696 837 2731; x_wconf 89' lang='lat' dir='ltr'><strong>impietas,</strong></span> <span class='ocrx_word' id='word_1_694' title='bbox 864 2697 963 2732; x_wconf 89' lang='lat' dir='ltr'><strong>inquit,</strong></span> <span class='ocrx_word' id='word_1_695' title='bbox 982 2698 1034 2724; x_wconf 91' lang='lat' dir='ltr'><strong>cir-</strong></span> 
     </span>
    </p>
   </div>
   <div class='ocr_carea' id='block_1_103' title="bbox 255 2742 1036 2778">
    <p class='ocr_par' dir='ltr' id='par_1_103' title="bbox 255 2742 1036 2778">
     <span class='ocr_line' id='line_1_103' title="bbox 255 2742 1036 2778; baseline -0.003 -6"><span class='ocrx_word' id='word_1_696' title='bbox 255 2744 392 2772; x_wconf 77' lang='lat' dir='ltr'><strong>cumdabit</strong></span> <span class='ocrx_word' id='word_1_697' title='bbox 403 2742 552 2778; x_wconf 85' lang='lat' dir='ltr'><strong>me;quasi</strong></span> <span class='ocrx_word' id='word_1_698' title='bbox 568 2742 640 2770; x_wconf 88' lang='lat' dir='ltr'><strong>dicat</strong></span> <span class='ocrx_word' id='word_1_699' title='bbox 657 2751 663 2769; x_wconf 94' lang='lat'>:</span> <span class='ocrx_word' id='word_1_700' title='bbox 677 2742 885 2770; x_wconf 84' lang='lat' dir='ltr'><strong>Circumsistcnt</strong></span> <span class='ocrx_word' id='word_1_701' title='bbox 904 2751 946 2771; x_wconf 90' lang='lat' dir='ltr'><strong>me</strong></span> <span class='ocrx_word' id='word_1_702' title='bbox 968 2744 1036 2771; x_wconf 90' lang='lat' dir='ltr'><strong>mala</strong></span> 
     </span>
    </p>
   </div>
   <div class='ocr_carea' id='block_1_104' title="bbox 316 2835 588 2867">
    <p class='ocr_par' dir='ltr' id='par_1_104' title="bbox 316 2835 588 2867">
     <span class='ocr_line' id='line_1_104' title="bbox 316 2835 588 2867; baseline -0.007 -4"><span class='ocrx_word' id='word_1_703' title='bbox 316 2835 338 2854; x_wconf 76' lang='grc'><strong>⁸⁸</strong></span> <span class='ocrx_word' id='word_1_704' title='bbox 357 2835 449 2863; x_wconf 81' lang='lat' dir='ltr'><strong>Matth.</strong></span> <span class='ocrx_word' id='word_1_705' title='bbox 468 2843 525 2867; x_wconf 80' lang='lat' dir='ltr'><strong>xm,</strong></span> <span class='ocrx_word' id='word_1_706' title='bbox 546 2835 588 2862; x_wconf 81' lang='lat' dir='ltr'><strong>5i.</strong></span> 
     </span>
    </p>
   </div>
   <div class='ocr_carea' id='block_1_105' title="bbox 1090 2237 1874 2274">
    <p class='ocr_par' dir='ltr' id='par_1_105' title="bbox 1090 2237 1874 2274">
     <span class='ocr_line' id='line_1_105' title="bbox 1090 2237 1874 2274; baseline 0 -10"><span class='ocrx_word' id='word_1_707' title='bbox 1090 2248 1180 2274; x_wconf 77' lang='grc' dir='ltr'>κρίσιν</span> <span class='ocrx_word' id='word_1_708' title='bbox 1203 2238 1289 2265; x_wconf 78' lang='grc' dir='ltr'>λάϐοι.</span> <span class='ocrx_word' id='word_1_709' title='bbox 1317 2239 1351 2264; x_wconf 83' lang='grc' dir='ltr'><strong>Ἦ</strong></span> <span class='ocrx_word' id='word_1_710' title='bbox 1369 2238 1396 2264; x_wconf 85' lang='grc' dir='ltr'>δὲ</span> <span class='ocrx_word' id='word_1_711' title='bbox 1411 2237 1544 2274; x_wconf 79' lang='grc' dir='ltr'>ἐρώτησίς</span> <span class='ocrx_word' id='word_1_712' title='bbox 1559 2239 1631 2264; x_wconf 78' lang='grc' dir='ltr'>ἐστιν</span> <span class='ocrx_word' id='word_1_713' title='bbox 1650 2237 1737 2273; x_wconf 72' lang='grc' dir='ltr'>αὕτη·</span> <span class='ocrx_word' id='word_1_714' title='bbox 1759 2239 1827 2266; x_wconf 82' lang='grc' dir='ltr'><strong>Ἵνα</strong></span> <span class='ocrx_word' id='word_1_715' title='bbox 1845 2240 1874 2265; x_wconf 81' lang='grc' dir='ltr'>τί</span> 
     </span>
    </p>
   </div>
   <div class='ocr_carea' id='block_1_106' title="bbox 1071 2283 1873 2320">
    <p class='ocr_par' dir='ltr' id='par_1_106' title="bbox 1071 2283 1873 2320">
     <span class='ocr_line' id='line_1_106' title="bbox 1071 2283 1873 2320; baseline -0.001 -9"><span class='ocrx_word' id='word_1_716' title='bbox 1071 2285 1235 2319; x_wconf 72' lang='grc' dir='ltr'>,φοϐοῦμαι</span> <span class='ocrx_word' id='word_1_717' title='bbox 1248 2292 1257 2316; x_wconf 90' lang='grc'><em>;</em></span> <span class='ocrx_word' id='word_1_718' title='bbox 1270 2284 1350 2320; x_wconf 84' lang='grc' dir='ltr'>μέχρι</span> <span class='ocrx_word' id='word_1_719' title='bbox 1370 2284 1424 2319; x_wconf 73' lang='grc' dir='ltr'><strong>γὰρ</strong></span> <span class='ocrx_word' id='word_1_720' title='bbox 1436 2283 1483 2310; x_wconf 80' lang='grc' dir='ltr'><strong>τοῦ</strong></span> <span class='ocrx_word' id='word_1_721' title='bbox 1499 2283 1643 2318; x_wconf 66' lang='grc' dir='ltr'>φοϐοῦμαι</span> <span class='ocrx_word' id='word_1_722' title='bbox 1659 2283 1698 2309; x_wconf 84' lang='grc' dir='ltr'><strong>δεῖ</strong></span> <span class='ocrx_word' id='word_1_723' title='bbox 1713 2283 1813 2316; x_wconf 83' lang='grc' dir='ltr'>στίξαι,</span> <span class='ocrx_word' id='word_1_724' title='bbox 1828 2285 1873 2310; x_wconf 85' lang='grc' dir='ltr'>ἶνα</span> 
     </span>
    </p>
   </div>
   <div class='ocr_carea' id='block_1_107' title="bbox 1089 2328 1873 2367">
    <p class='ocr_par' dir='ltr' id='par_1_107' title="bbox 1089 2328 1873 2367">
     <span class='ocr_line' id='line_1_107' title="bbox 1089 2328 1873 2367; baseline -0.003 -11"><span class='ocrx_word' id='word_1_725' title='bbox 1089 2329 1105 2367; x_wconf 85' lang='grc' dir='ltr'>ᾗ</span> <span class='ocrx_word' id='word_1_726' title='bbox 1120 2332 1136 2366; x_wconf 85' lang='grc' dir='ltr'>ὴ</span> <span class='ocrx_word' id='word_1_727' title='bbox 1150 2330 1253 2357; x_wconf 82' lang='grc' dir='ltr'>διάνοια</span> <span class='ocrx_word' id='word_1_728' title='bbox 1264 2330 1346 2365; x_wconf 81' lang='grc' dir='ltr'>αὓτη·</span> <span class='ocrx_word' id='word_1_729' title='bbox 1367 2330 1401 2356; x_wconf 82' lang='grc' dir='ltr'>Εἰ</span> <span class='ocrx_word' id='word_1_730' title='bbox 1414 2338 1456 2361; x_wconf 83' lang='grc' dir='ltr'><strong>τις</strong></span> <span class='ocrx_word' id='word_1_731' title='bbox 1468 2330 1574 2365; x_wconf 51' lang='lat' dir='ltr'><strong>spurci,-</strong></span> <span class='ocrx_word' id='word_1_732' title='bbox 1587 2328 1677 2364; x_wconf 77' lang='grc' dir='ltr'>φησὶν,</span> <span class='ocrx_word' id='word_1_733' title='bbox 1693 2328 1762 2355; x_wconf 82' lang='grc' dir='ltr'><strong>Ἵνα</strong></span> <span class='ocrx_word' id='word_1_734' title='bbox 1774 2329 1803 2355; x_wconf 87' lang='grc' dir='ltr'>τι</span> <span class='ocrx_word' id='word_1_735' title='bbox 1817 2338 1873 2363; x_wconf 69' lang='grc' dir='ltr'><strong>φο-</strong></span> 
     </span>
    </p>
   </div>
   <div class='ocr_carea' id='block_1_108' title="bbox 1090 2373 1874 2411">
    <p class='ocr_par' dir='ltr' id='par_1_108' title="bbox 1090 2373 1874 2411">
     <span class='ocr_line' id='line_1_108' title="bbox 1090 2373 1874 2411; baseline -0.003 -9"><span class='ocrx_word' id='word_1_736' title='bbox 1090 2375 1214 2410; x_wconf 78' lang='grc' dir='ltr'>6οῦμαι;</span> <span class='ocrx_word' id='word_1_737' title='bbox 1234 2375 1282 2411; x_wconf 85' lang='grc' dir='ltr'>τὴν</span> <span class='ocrx_word' id='word_1_738' title='bbox 1312 2375 1401 2401; x_wconf 79' lang='grc' dir='ltr'>αἰτίαν</span> <span class='ocrx_word' id='word_1_739' title='bbox 1423 2375 1506 2401; x_wconf 83' lang='grc' dir='ltr'>Θέλων</span> <span class='ocrx_word' id='word_1_740' title='bbox 1531 2374 1631 2409; x_wconf 82' lang='grc' dir='ltr'>γνῶναι</span> <span class='ocrx_word' id='word_1_741' title='bbox 1651 2375 1716 2409; x_wconf 74' lang='grc' dir='ltr'>παρ’</span> <span class='ocrx_word' id='word_1_742' title='bbox 1731 2373 1799 2409; x_wconf 84' lang='grc' dir='ltr'>ὲμοῠ</span> <span class='ocrx_word' id='word_1_743' title='bbox 1824 2375 1874 2409; x_wconf 75' lang='grc' dir='ltr'>τῆς</span> 
     </span>
    </p>
   </div>
   <div class='ocr_carea' id='block_1_109' title="bbox 1091 2420 1873 2457">
    <p class='ocr_par' dir='ltr' id='par_1_109' title="bbox 1091 2420 1873 2457">
     <span class='ocr_line' id='line_1_109' title="bbox 1091 2420 1873 2457; baseline -0.004 -9"><span class='ocrx_word' id='word_1_744' title='bbox 1091 2421 1256 2457; x_wconf 78' lang='grc' dir='ltr'>συνεχούσης</span> <span class='ocrx_word' id='word_1_745' title='bbox 1269 2430 1304 2457; x_wconf 85' lang='grc' dir='ltr'><strong>με</strong></span> <span class='ocrx_word' id='word_1_746' title='bbox 1322 2421 1451 2455; x_wconf 81' lang='grc' dir='ltr'>ἀγωνίας,</span> <span class='ocrx_word' id='word_1_747' title='bbox 1470 2420 1590 2448; x_wconf 81' lang='grc' dir='ltr'>ἀκουέτω</span> <span class='ocrx_word' id='word_1_748' title='bbox 1606 2420 1674 2456; x_wconf 81' lang='grc' dir='ltr'>μετᾶ</span> <span class='ocrx_word' id='word_1_749' title='bbox 1699 2420 1873 2455; x_wconf 72' lang='grc' dir='ltr'>παρρησίας,</span> 
     </span>
    </p>
   </div>
   <div class='ocr_carea' id='block_1_110' title="bbox 1090 2466 1872 2502">
    <p class='ocr_par' dir='ltr' id='par_1_110' title="bbox 1090 2466 1872 2502">
     <span class='ocr_line' id='line_1_110' title="bbox 1090 2466 1872 2502; baseline -0.003 -9"><span class='ocrx_word' id='word_1_750' title='bbox 1090 2468 1127 2499; x_wconf 84' lang='grc' dir='ltr'><strong>ὡς</strong></span> <span class='ocrx_word' id='word_1_751' title='bbox 1143 2468 1216 2494; x_wconf 72' lang='grc' dir='ltr'>ἔστιν</span> <span class='ocrx_word' id='word_1_752' title='bbox 1230 2467 1321 2502; x_wconf 80' lang='grc' dir='ltr'>ἡμέρα</span> <span class='ocrx_word' id='word_1_753' title='bbox 1332 2467 1446 2502; x_wconf 80' lang='grc' dir='ltr'>πονηρὰ,</span> <span class='ocrx_word' id='word_1_754' title='bbox 1461 2467 1493 2502; x_wconf 88' lang='grc' dir='ltr'>ἢν</span> <span class='ocrx_word' id='word_1_755' title='bbox 1503 2466 1583 2497; x_wconf 84' lang='grc' dir='ltr'>αὐτὸς</span> <span class='ocrx_word' id='word_1_756' title='bbox 1597 2466 1714 2501; x_wconf 83' lang='grc' dir='ltr'>φρίττων</span> <span class='ocrx_word' id='word_1_757' title='bbox 1726 2466 1872 2500; x_wconf 81' lang='grc' dir='ltr'>φοϐοῦμαι.</span> 
     </span>
    </p>
   </div>
   <div class='ocr_carea' id='block_1_111' title="bbox 1089 2511 1875 2550">
    <p class='ocr_par' dir='ltr' id='par_1_111' title="bbox 1089 2511 1875 2550">
     <span class='ocr_line' id='line_1_111' title="bbox 1089 2511 1875 2550; baseline -0.003 -10"><span class='ocrx_word' id='word_1_758' title='bbox 1089 2513 1194 2550; x_wconf 81' lang='grc' dir='ltr'>Φρίττω</span> <span class='ocrx_word' id='word_1_759' title='bbox 1215 2514 1254 2545; x_wconf 80' lang='grc' dir='ltr'>δὲ,</span> <span class='ocrx_word' id='word_1_760' title='bbox 1279 2514 1320 2540; x_wconf 81' lang='grc' dir='ltr'><strong>ὅτι</strong></span> <span class='ocrx_word' id='word_1_761' title='bbox 1337 2514 1365 2540; x_wconf 75' lang='grc' dir='ltr'>ἐν</span> <span class='ocrx_word' id='word_1_762' title='bbox 1392 2513 1484 2549; x_wconf 77' lang='grc' dir='ltr'>ἐκείνῃ</span> <span class='ocrx_word' id='word_1_763' title='bbox 1511 2513 1543 2548; x_wconf 83' lang='grc' dir='ltr'>τῇ</span> <span class='ocrx_word' id='word_1_764' title='bbox 1559 2512 1649 2548; x_wconf 77' lang='grc' dir='ltr'>ἡμέρα</span> <span class='ocrx_word' id='word_1_765' title='bbox 1665 2512 1684 2545; x_wconf 81' lang='grc' dir='ltr'><em>ἠ</em></span> <span class='ocrx_word' id='word_1_766' title='bbox 1696 2512 1805 2545; x_wconf 79' lang='grc' dir='ltr'>ἀνομία</span> <span class='ocrx_word' id='word_1_767' title='bbox 1818 2511 1875 2545; x_wconf 77' lang='grc' dir='ltr'><strong>τῆς</strong></span> 
     </span>
    </p>
   </div>
   <div class='ocr_carea' id='block_1_112' title="bbox 1091 2558 1875 2595">
    <p class='ocr_par' dir='ltr' id='par_1_112' title="bbox 1091 2558 1875 2595">
     <span class='ocr_line' id='line_1_112' title="bbox 1091 2558 1875 2595; baseline -0.005 -8"><span class='ocrx_word' id='word_1_768' title='bbox 1091 2560 1218 2594; x_wconf 78' lang='grc' dir='ltr'>πτέρνης</span> <span class='ocrx_word' id='word_1_769' title='bbox 1229 2569 1288 2595; x_wconf 85' lang='grc' dir='ltr'>μου</span> <span class='ocrx_word' id='word_1_770' title='bbox 1302 2559 1450 2587; x_wconf 78' lang='grc' dir='ltr'><strong>κυκλώσει</strong></span> <span class='ocrx_word' id='word_1_771' title='bbox 1457 2567 1504 2594; x_wconf 80' lang='grc' dir='ltr'>με,</span> <span class='ocrx_word' id='word_1_772' title='bbox 1513 2558 1649 2585; x_wconf 82' lang='grc' dir='ltr'>τουτέστιν</span> <span class='ocrx_word' id='word_1_773' title='bbox 1662 2558 1678 2593; x_wconf 83' lang='grc' dir='ltr'><strong>ἡ</strong></span> <span class='ocrx_word' id='word_1_774' title='bbox 1693 2558 1875 2593; x_wconf 79' lang='grc' dir='ltr'>παρεκτροπή</span> 
     </span>
    </p>
   </div>
   <div class='ocr_carea' id='block_1_113' title="bbox 1090 2603 1876 2641">
    <p class='ocr_par' dir='ltr' id='par_1_113' title="bbox 1090 2603 1876 2641">
     <span class='ocr_line' id='line_1_113' title="bbox 1090 2603 1876 2641; baseline -0.005 -8"><span class='ocrx_word' id='word_1_775' title='bbox 1090 2607 1140 2641; x_wconf 76' lang='grc' dir='ltr'>τῆς</span> <span class='ocrx_word' id='word_1_776' title='bbox 1156 2607 1229 2637; x_wconf 80' lang='grc' dir='ltr'>θείας</span> <span class='ocrx_word' id='word_1_777' title='bbox 1240 2606 1312 2638; x_wconf 71' lang='grc' dir='ltr'>ὁδοῦ,</span> <span class='ocrx_word' id='word_1_778' title='bbox 1328 2606 1360 2641; x_wconf 81' lang='grc' dir='ltr'>ἣν</span> <span class='ocrx_word' id='word_1_779' title='bbox 1375 2605 1527 2640; x_wconf 81' lang='grc' dir='ltr'>πεποίημαι</span> <span class='ocrx_word' id='word_1_780' title='bbox 1541 2604 1610 2631; x_wconf 85' lang='grc' dir='ltr'>κατὰ</span> <span class='ocrx_word' id='word_1_781' title='bbox 1632 2605 1676 2630; x_wconf 82' lang='grc' dir='ltr'>τὸν</span> <span class='ocrx_word' id='word_1_782' title='bbox 1703 2603 1770 2638; x_wconf 87' lang='grc' dir='ltr'>βίον,</span> <span class='ocrx_word' id='word_1_783' title='bbox 1795 2612 1876 2638; x_wconf 79' lang='grc' dir='ltr'>περι-</span> 
     </span>
    </p>
   </div>
   <div class='ocr_carea' id='block_1_114' title="bbox 1091 2648 1875 2687">
    <p class='ocr_par' dir='ltr' id='par_1_114' title="bbox 1091 2648 1875 2687">
     <span class='ocr_line' id='line_1_114' title="bbox 1091 2648 1875 2687; baseline -0.005 -9"><span class='ocrx_word' id='word_1_784' title='bbox 1091 2652 1209 2687; x_wconf 86' lang='grc' dir='ltr'>σπασμῷ</span> <span class='ocrx_word' id='word_1_785' title='bbox 1222 2652 1268 2678; x_wconf 80' lang='grc' dir='ltr'>καὶ</span> <span class='ocrx_word' id='word_1_786' title='bbox 1284 2651 1376 2687; x_wconf 84' lang='grc' dir='ltr'><strong>ἀπάτῃ</strong></span> <span class='ocrx_word' id='word_1_787' title='bbox 1393 2651 1439 2678; x_wconf 79' lang='grc' dir='ltr'><strong>τὸν</strong></span> <span class='ocrx_word' id='word_1_788' title='bbox 1451 2651 1521 2677; x_wconf 82' lang='grc' dir='ltr'>Θεῖον</span> <span class='ocrx_word' id='word_1_789' title='bbox 1534 2649 1659 2684; x_wconf 80' lang='grc' dir='ltr'>παραϐὰς</span> <span class='ocrx_word' id='word_1_790' title='bbox 1685 2650 1777 2684; x_wconf 88' lang='grc' dir='ltr'>νόμον.</span> <span class='ocrx_word' id='word_1_791' title='bbox 1798 2648 1875 2683; x_wconf 78' lang='grc' dir='ltr'>Αὕτη</span> 
     </span>
    </p>
   </div>
   <div class='ocr_carea' id='block_1_115' title="bbox 1091 2694 1873 2734">
    <p class='ocr_par' dir='ltr' id='par_1_115' title="bbox 1091 2694 1873 2734">
     <span class='ocr_line' id='line_1_115' title="bbox 1091 2694 1873 2734; baseline -0.008 -9"><span class='ocrx_word' id='word_1_792' title='bbox 1091 2697 1136 2725; x_wconf 65' lang='grc' dir='ltr'>οὖν</span> <span class='ocrx_word' id='word_1_793' title='bbox 1153 2700 1168 2734; x_wconf 84' lang='grc' dir='ltr'><strong>ή</strong></span> <span class='ocrx_word' id='word_1_794' title='bbox 1182 2698 1291 2725; x_wconf 85' lang='grc' dir='ltr'>ἀσέϐεια</span> <span class='ocrx_word' id='word_1_795' title='bbox 1306 2697 1439 2724; x_wconf 86' lang='grc' dir='ltr'>κυκλώσει</span> <span class='ocrx_word' id='word_1_796' title='bbox 1458 2706 1501 2732; x_wconf 86' lang='grc' dir='ltr'><strong>με,</strong></span> <span class='ocrx_word' id='word_1_797' title='bbox 1517 2696 1612 2731; x_wconf 81' lang='grc' dir='ltr'>φησίν·</span> <span class='ocrx_word' id='word_1_798' title='bbox 1625 2695 1684 2721; x_wconf 76' lang='grc' dir='ltr'><strong>ἀντὶ</strong></span> <span class='ocrx_word' id='word_1_799' title='bbox 1704 2694 1750 2720; x_wconf 82' lang='grc' dir='ltr'><strong>τοῦ</strong></span> <span class='ocrx_word' id='word_1_800' title='bbox 1761 2715 1768 2726; x_wconf 84' lang='grc'><strong>,</strong></span> <span class='ocrx_word' id='word_1_801' title='bbox 1788 2694 1873 2728; x_wconf 86' lang='grc' dir='ltr'>Περι-</span> 
     </span>
    </p>
   </div>
   <div class='ocr_carea' id='block_1_116' title="bbox 1094 2741 1875 2780">
    <p class='ocr_par' dir='ltr' id='par_1_116' title="bbox 1094 2741 1875 2780">
     <span class='ocr_line' id='line_1_116' title="bbox 1094 2741 1875 2780; baseline -0.005 -9"><span class='ocrx_word' id='word_1_802' title='bbox 1094 2744 1220 2780; x_wconf 74' lang='grc' dir='ltr'>στήσεταί</span> <span class='ocrx_word' id='word_1_803' title='bbox 1237 2754 1268 2780; x_wconf 84' lang='grc' dir='ltr'><strong>με</strong></span> <span class='ocrx_word' id='word_1_804' title='bbox 1288 2744 1321 2771; x_wconf 79' lang='grc' dir='ltr'>τὰ</span> <span class='ocrx_word' id='word_1_805' title='bbox 1346 2744 1414 2779; x_wconf 78' lang='grc' dir='ltr'>ἔργα</span> <span class='ocrx_word' id='word_1_806' title='bbox 1436 2743 1470 2769; x_wconf 81' lang='grc' dir='ltr'>τὰ</span> <span class='ocrx_word' id='word_1_807' title='bbox 1485 2742 1590 2777; x_wconf 77' lang='grc' dir='ltr'>πονηρὰ</span> <span class='ocrx_word' id='word_1_808' title='bbox 1617 2742 1635 2768; x_wconf 78' lang='grc' dir='ltr'>ἃ</span> <span class='ocrx_word' id='word_1_809' title='bbox 1662 2741 1802 2776; x_wconf 81' lang='grc' dir='ltr'>πέπραχα,</span> <span class='ocrx_word' id='word_1_810' title='bbox 1826 2749 1875 2768; x_wconf 82' lang='grc' dir='ltr'>κυ-</span> 
     </span>
    </p>
   </div>
  </div>
