1928 3053
47 193 168 221 κλοῦντά
178 202 212 229 με
222 192 357 227 πανταχοῦ
368 193 414 219 καὶ
428 189 636 228 πολιορκοῦντα,
645 197 692 223 καὶ
703 198 831 233 μὴὲῶντά

48 238 145 278 μετῆν
162 238 270 265 κόλασιν
284 239 422 273 ἐκφυγεῖν.
440 239 564 275 Πονηρὰν
585 242 635 276 τὴν
647 242 696 277 τῆς
716 243 832 278 κρίσεως

46 275 157 319 ἡμέραν
173 285 273 319 φησὶν,
297 284 344 310 ἆτε
371 284 402 319 δὴ
420 286 542 320 πονηρὰν
565 275 622 318 τοῖς
643 275 833 324 κολαζομένοις

47 330 232 365 ὑπάρχουσαν.
256 329 284 355 '0
295 329 322 355 δὲ
343 330 500 362 Ἀτοόστολος
512 332 558 358 καὶ
572 333 678 368 ἡμέραν
687 334 736 368 τῆς
750 335 832 369 ὀργῆς

46 375 133 410 αὐτὴν
148 375 283 407 ἐκάλεσεν,
302 375 433 410 εἰρηκώς·
451 377 643 411 Θησαῑιρίζεις
658 379 774 412 σεαυτῷ
786 380 832 414 ὀρ-

46 420 106 454 γὴν
124 421 161 447 ἐν
174 421 268 455 ἡμέρᾳ
279 420 378 455 ὀργῆς-

83 467 117 491 Ol
129 467 302 499 πεποιθότες
318 466 366 493 ἐπὶ
377 466 415 500 τῇ
427 467 549 503 δυνάμει
567 469 675 496 αὐτῶν.
695 471 761 498 Ἀπὸ
775 481 832 498 κοι-

48 511 94 537 νοῦ
111 512 153 544 τὸ,
171 511 314 538 Ἀκούσατε
327 511 413 539 ταῦτα
427 514 452 539 oi.
469 515 515 540 ἐπὶ
523 515 630 550 πλούτῳ
643 516 690 543 καὶ
709 518 741 552 τῇ
754 517 832 544 δυνά-

50 565 94 591 μει
114 557 288 593 θαρροῦντες.
309 558 374 584 Τίνα
388 559 416 585 δέ
428 560 501 586 ἐστιν
516 560 534 587 ἃ
554 561 706 595 ὀφείλουσιν
724 563 832 589 ἀκούειν

81 603 183 633 ἐκεῖνα,
194 601 232 634 ὡς
245 603 305 629 οὐδὲ
318 603 416 634 αὐτοὺς
435 606 494 630 κατ’
511 606 618 642 ἐκείνην
635 607 684 641 τὴν
697 607 802 643 ἡμέραν
818 610 832 634 ὁ

49 645 165 677 πλοῦτος
179 647 284 682 ὸνήσει;
307 648 390 674 Οὐδὲν
406 648 460 684 γὰρ
479 649 645 685 λυτρώσεται
669 652 767 684 αὐτοὺς
783 653 832 687 τῆς

51 691 274 727 ὲπαχθησομένης
297 693 388 724 αὐτοῖς
417 694 461 720 διὰ
487 695 536 730 τῆς
561 696 698 732 ἁμαρτίας
726 698 830 734 ὀργῆς·

51 737 144 773 ῶσπερ
160 736 206 764 οὖν
220 739 279 764 οὐδὲ
288 739 410 774 ἀδελφὸς,
424 741 490 776 φέρε
503 743 599 775 εἰπεῖν,
620 743 755 779 θεοφιλὴς,
771 744 831 770 οὕτε

51 783 127 815 ἄλλος
139 792 180 815 τις
197 784 347 820 ἀνθρώπων
362 786 447 820 ἰσχύει
463 786 650 822 λυτρώσασθαι
671 790 700 815 ὲν
721 791 753 824 τῇ
771 790 831 816 τότε

50 829 139 865 ἡμέρᾳ
153 830 213 857 τινά
225 839 231 845 ·
249 832 329 858 καὶεί
345 832 359 857 ὁ
373 832 484 866 ἀδελφὸς
499 833 547 859 οὐκ
564 834 660 869 ἰσχύει,
686 835 732 862 καὶ
746 836 831 863 ταῦτα

51 875 185 912 Θεοφιλὴς,
199 876 288 912 πολλῷ
306 877 384 904 πλέον
395 879 444 904 οὐκ
457 878 560 914 ἰσχύσει
577 881 592 905 ὁ
602 880 726 912 πλοῦτος.

83 977 94 995 ι
109 963 132 986 ο
146 961 277 994 αοελφὸς
294 963 330 989 οὺ
346 963 505 997 λυτροῦτιιι
515 965 644 1000 ’ἀδελφὸν
661 966 772 1003 θεοφιλῆ
786 968 830 995 λέλ-

49 1013 88 1039 γει
101 1007 149 1032 καὶ
162 1006 276 1042 τίμιον.]

78 1051 134 1078 Καὶ
147 1052 205 1085 τὴν
216 1052 305 1087 τιμὴν
316 1053 371 1087 τῆς
380 1055 556 1088 λυτρώσεως
576 1056 632 1091 τῆς
653 1057 757 1092 ψυχῆς
778 1061 830 1086 αὺ-

49 1098 107 1124 τοῦ.
127 1099 252 1130 Διδάξας,
268 1099 306 1131 ὡς
320 1100 394 1127 οὐδὲν
407 1102 421 1127 ὁ
436 1101 548 1134 πλοῦτος
567 1103 595 1129 ἐν
607 1104 698 1139 ἡμέρᾳ
713 1105 830 1140 κρίσεως

48 1143 153 1176 ὠφελεῖ,
171 1145 290 1172 διδάσκει
305 1146 392 1172 καὶτὸ
405 1147 535 1182 ὠφελοῦν.
562 1149 593 1175 Τί
615 1144 643 1175 δὲ
667 1149 745 1177 τοῦτο
759 1151 775 1186 ἢ
789 1151 828 1178 ’τὸ

48 1189 161 1223 ἔγκοτον
172 1192 219 1218 καὶ
235 1191 361 1218 ἐπίπονον
374 1192 431 1227 βίον
443 1195 594 1230 κτήσασθαι
607 1204 614 1227 ;
626 1193 704 1223 Οὗτοι
717 1197 769 1233 γὰρ
782 1198 827 1224 καὶ

48 1235 93 1269 τῆς
117 1237 326 1272 ἐπηγγελμένης
349 1238 420 1273 ζωῆς
441 1239 510 1266 κατὰ
523 1241 568 1267 τὸν
591 1241 720 1276 μέλλοντα
743 1244 829 1270 αίῶνα

47 1279 253 1316 αξιωθήσονται.
272 1283 302 1309 Ὀ
315 1284 417 1310 κοπιῶν
430 1284 475 1311 διὰ
489 1286 539 1320 τῆς
552 1288 706 1322 πρακτικῆς
717 1289 827 1324 ζήσεται

47 1326 84 1357 είς
98 1327 177 1358 τέλος
199 1327 243 1354 διὰ
266 1329 314 1363 τῆς
339 1329 473 1363 γνώσεως,
502 1332 549 1358 καὶ
564 1332 695 1359 παύσεται
719 1335 759 1366 εἰς
783 1335 827 1362 τὸν

47 1371 138 1404 αἰῶνα,
164 1374 213 1399 καὶ
236 1373 346 1408 ζήσεται
372 1377 411 1407 εἰς
426 1378 508 1408 νῖκος.
526 1378 581 1404 Καὶ
601 1379 763 1408 ἐκοπίασεν
784 1383 827 1415 εἰς

48 1416 96 1443 τὸν
107 1417 213 1450 αἰῶνα,
227 1420 275 1445 καὶ
292 1417 409 1452 ζήσεται
423 1423 465 1455 εἰς
478 1423 575 1456 τέλος.

80 1463 139 1488 οὐκ
153 1463 259 1497 ὄψεται
270 1467 468 1500 καταφθορὰν,
479 1466 552 1494 ὅταν
567 1468 617 1502 ἴδῃ
632 1470 745 1504 σοφοὺς
755 1471 827 1498 ἀπο-

44 1508 243 1543 θνήσκοντας.
256 1511 304 1542 El;
318 1511 443 1538 τοσοῦτον
457 1513 511 1549 γὰρ
529 1515 638 1550 μακρὰν
651 1515 755 1542 ἔσονται
772 1517 825 1544 τῶν

46 1553 158 1587 ἀσεϐῶν,
192 1555 230 1586 ὡς
257 1556 323 1592 μηδὲ
339 1557 498 1593 πλησιάζειν
526 1560 616 1586 αὐτῶν
632 1562 664 1596 τῇ
693 1563 823 1598 ἀπωλείᾳ.

46 1598 118 1631 Τίνες
129 1601 159 1627 δὲ
178 1601 393 1637 ἀποθνήσκοντες
409 1606 485 1639 σοφοὶ
507 1606 523 1641 ἧ
546 1607 609 1641 περὶ
623 1604 660 1633 ὧν
682 1608 804 1635 λέλεκται
817 1618 823 1625 ·

51 1642 158 1670 Ἀπολῶ
176 1644 234 1678 τὴν
250 1647 361 1680 σοφίαν
375 1648 433 1675 τῶν
445 1650 548 1684 σοφῶν
566 1652 613 1677 καὶ
628 1652 685 1686 τὴν
698 1654 826 1681 σύνεσιν

45 1687 100 1714 τῶν
112 1690 252 1716 συνετῶν
263 1692 397 1724 ἀθετήσω
405 1702 428 1725 ;,
442 1695 565 1722 Παιδεύει
582 1698 636 1732 γὰρ
652 1698 695 1725 διὰ
717 1700 825 1728 πάντων

46 1734 198 1781 ἡμπαροῦσα
213 1737 318 1773 Γραφὴ,
332 1739 369 1771 ὠς
384 1741 454 1767 κατὰ
467 1741 517 1777 τὴν
529 1743 633 1777 ἡμέραν
644 1745 694 1779 τῆς
708 1745 825 1781 κρίσεως

45 1779 101 1806 οὔτε
116 1781 246 1814 πλούσιος
262 1784 355 1811 ἑαυτὸν
381 1786 483 1821 ῥύεται,
509 1787 570 1814 οὕτε
595 1791 609 1815 ό
631 1792 824 1826 νενομισμένος

46 1828 132 1861 σοφός,
147 1829 238 1860 Μόνος
251 1830 280 1856 δὲ
294 1831 395 1863 ἐκεῖνος
411 1833 532 1865 τεύξεται
555 1835 604 1870 τῆς
624 1837 732 1863 αἰωνίου
752 1837 824 1873 ζωῆς

45 1872 57 1896 ὖ
79 1874 106 1898 ἐν
132 1873 173 1908 τῷ
190 1875 302 1909 παρόντι
327 1876 376 1912 βίῳ
401 1879 564 1914 κατατήξας.
596 1880 660 1906 Ἐπὶ
687 1881 720 1907 τὸ
750 1872 822 1908 αὐτὸ

38 1917 141 1951 ἀφριιγν
155 1921 207 1946 καὶ
226 1920 319 1954 ἄνους
333 1923 525 1952 ἀπολοῦνται.
545 1925 627 1960 Ὀμοῦ
643 1927 728 1961 σοφοὶ,
745 1928 821 1963 φησι,

46 1964 88 1989 καὶ
102 1965 220 2000 ἄφρονες
234 1967 354 2003 ἀπωλείᾳ
377 1970 607 2005 παραδοθήσονται
620 1980 626 1986 ·
652 1973 682 1998 οὐ
706 1973 824 2008 διενηνό-

45 2017 116 2042 χασιν
136 2012 193 2046 γὰρ
204 2012 323 2047 ἀλλήλων
338 2014 423 2047 οὐδὲν,
442 2016 541 2050 ὁμοίως
556 2017 820 2054 εὶδωλολατροῦντες.

44 2057 94 2082 Καὶ
107 2059 347 2092 καταλείψουσιν
359 2061 527 2095 ἀλλοτρίοις
537 2063 590 2089 τὸν
610 2064 743 2091 πλοῦτον
766 2067 821 2092 αὐ-

45 2101 108 2129 τῶν.
125 2103 163 2129 Οὑ
179 2103 232 2139 γὰρ
243 2105 376 2141 ἠθέλησαν
392 2107 473 2134 αὑτὸν
485 2109 582 2135 οἰκεῖον
600 2110 761 2145 ποιήσασθαι
778 2111 822 2139 διὰ

43 2146 88 2180 τῆς
102 2149 141 2180 εἰς
157 2150 222 2181 τοὺς
232 2150 373 2185 δεομένους
389 2152 557 2188 εὐεργεσίας.
817 2179 819 2182 .

77 2193 129 2219 Καὶ
141 2196 169 2220 οἱ
186 2194 271 2228 τάφοι
283 2195 380 2222 αὐτῶν
393 2198 480 2223 οἰκίαι
493 2199 592 2224 αὐτῶν
604 2201 648 2232 εἰς
660 2200 712 2227 τὸν
719 2201 820 2229 αἰῶνα.

46 2237 89 2263 Διὰ
100 2239 153 2265 τῶν
165 2240 258 2274 τάφων
268 2241 316 2275 τὴν
335 2242 481 2277 νεκρότητα
499 2245 624 2278 σημαίνει
647 2245 680 2280 ἤν
696 2247 821 2274 ἐνέδυσαν

44 2281 91 2317 τὴν
102 2283 191 2319 ψυχὴν
201 2285 299 2318 αὐτῶν,
319 2286 394 2312 οὐδὲν
405 2287 483 2322 ὀρθὸν
500 2289 560 2315 οὐδὲ
580 2290 655 2322 εὑθὲς
672 2293 822 2327 φρονήσαν-

42 2335 85 2359 τες
99 2331 162 2365 περὶ
179 2330 257 2357 Θεοῦ.
271 2332 451 2367 Σκηνώματα
472 2334 571 2361 αὐτῶν
590 2337 634 2368 εἰς
651 2337 757 2371 γενεὰν
771 2339 819 2365 καὶ

43 2375 154 2407 γενεάν.
172 2377 205 2402 Δί
218 2377 326 2412 σκηναὶ,
344 2378 435 2413 φησὶν,
449 2379 478 2405 ἐν
493 2378 537 2411 αἷς
554 2380 653 2413 ζῶντες
669 2381 757 2416 ᾤκουν
773 2384 819 2418 ἀφ’

42 2420 137 2456 ἐτέρων
150 2423 191 2454 εἰς
215 2423 323 2458 ἑτέρους
335 2425 427 2459 ἥξουσι
444 2428 512 2453 κατὰ
527 2428 622 2460 γενεάς
633 2437 639 2442 ·
664 2428 742 2455 τοῦτο
765 2430 819 2466 γὰρ

42 2467 85 2492 καὶ
102 2467 229 2505 ἀνωτέρω
240 2470 363 2505 εἴρηκεν,
378 2471 419 2497 ὅτι
431 2473 668 2507 καταλείψουσιν
680 2475 817 2510 ἀλλοτρί-

42 2521 83 2545 οις
96 2514 148 2540 τὸν
160 2515 294 2542 πλοῦτον
308 2516 415 2544 αὐτῶν.
438 2518 673 2546 Ἐπεκαλέσιτντο
690 2521 726 2548 τὰ
750 2522 818 2549 ὀνό-

40 2567 113 2590 ματα
134 2561 232 2588 αὐτῶν
256 2562 305 2588 ἐπὶ
331 2562 391 2588 τῶν
409 2563 508 2598 rauim
532 2565 606 2597 Δέον,
623 2566 700 2601 φησι,
714 2567 757 2594 διὰ
773 2569 817 2595 πί-

42 2612 121 2637 στεως
137 2607 185 2633 καὶ
200 2607 335 2639 πολιτείας
347 2608 475 2644 λαμπρᾶς
490 2612 696 2646 παρασκευάσαι
714 2614 816 2650 γραφῆ-

40 2657 80 2676 vat
92 2651 179 2678 αὐτῶν
192 2652 226 2679 τὰ
236 2652 353 2688 ὀνόματα
367 2655 396 2680 ὲν
411 2655 465 2685 τοῖς
476 2656 598 2690 οὐρανοῖς
610 2665 617 2671 υ
632 2657 655 2682 οξ
668 2657 696 2683 δὲ
708 2658 754 2684 ἐπὶ
766 2658 815 2694 τῆς

39 2695 86 2729 γῆς
100 2697 171 2723 αὐτὰ
184 2698 383 2725 ἐπεκαλέσαντο
399 2699 559 2735 ἐπωνύμους
571 2702 663 2733 αὐτοῖς
678 2703 814 2735 κτίζοντες

38 2741 133 2774 πόλεις.

85 2838 108 2855 ³⁸
136 2839 214 2869 Rom.
228 2850 260 2875 ιι,
272 2843 298 2870 5.
332 2843 354 2859 “
371 2844 423 2870 Isa.
440 2851 514 2878 nu,
545 2844 590 2878 l4;
606 2844 614 2870 ι
628 2845 690 2873 Cor.
706 2854 730 2879 ι,
747 2847 788 2874 ι9.

622 133 804 168 EXPOSITIO
823 136 856 169 IN
877 136 1042 171 PSALMUM
1062 137 1175 172 x‘LvuL

1609 146 1662 178 293

846 203 868 231 Α
883 207 964 234 opera
979 209 1038 235 quae
1055 201 1116 234 feci,
1134 210 1231 237 tneque
1247 204 1365 239 undique
1383 205 1540 232 conclusum
1555 206 1662 234 obside-

883 246 960 280 bunt,
979 255 1028 274 nec
1055 248 1144 275 sinent
1163 257 1206 275 me
1226 250 1386 284 supplicium
1411 251 1539 285 effugere.
1565 251 1662 280 Malam

882 299 946 318 vero
957 292 1052 326 judicii
1069 294 1139 320 diem
1156 294 1282 329 appellat,
1302 300 1330 322 ut
1351 304 1412 330 qute
1436 297 1571 331 supplicio
1596 297 1662 326 aﬂ'e—

882 337 934 364 etis
947 338 1005 365 dira
1023 343 1049 366 et
1062 340 1152 373 gravis
1166 340 1256 368 futura
1275 341 1319 368 sit.
1335 342 1482 376 Apostolus
1497 349 1586 370 autem
1601 352 1661 371 eam

883 382 929 410 irae
951 384 1022 411 diem
1045 385 1162 418 vocavit,
1186 394 1247 413 cum
1265 387 1332 414 dixit
1350 389 1370 403 ππ
1389 398 1394 414 ;
1414 388 1587 416 Tltesaurizas
1614 390 1662 416 tibi

883 429 949 454 iram
963 429 989 455 in
1006 430 1047 456 (lie
1064 431 1121 457 ἔγω.

918 473 942 500 7.
972 473 1024 506 Qui
1041 476 1174 510 con/illum
1193 478 1220 503 in
1244 477 1338 504 virtute
1353 486 1412 505 sua.
1438 478 1520 511 Quasi
1546 479 1571 506 in
1587 487 1662 506 com-

882 526 964 546 mune
983 521 1020 546 ait
1035 520 1098 547 illud
1113 521 1228 548 :Audile
1249 522 1304 549 haec
1319 530 1413 550 omnes
1432 524 1478 558 qui
1512 524 1539 550 in
1560 524 1662 552 divitiis

881 569 908 592 et
930 565 957 592 in
981 566 1080 593 virtute
1105 567 1250 595 confiditis.
1278 567 1406 601 Qualnam
1436 574 1526 596 autem
1551 571 1662 598 audiant

882 614 997 644 oportet,
1017 611 1068 638 nisi
1089 612 1144 645 illa,
1162 613 1233 647 quod
1250 614 1354 641 scilicet
1370 615 1437 641 nihil
1460 615 1514 642 illis
1537 617 1662 644 utilitatis

882 655 910 682 in
924 655 968 682 illa
988 656 1031 684 die
1043 657 1142 684 divitiae
1157 659 1210 684 sint
1227 659 1371 686 allaturae?
1388 659 1481 695 Neque
1497 662 1571 688 enim
1588 663 1662 689 redi-

882 706 937 728 met
948 709 995 729 eos
1012 702 1046 728 ab
1063 703 1100 729 ira
1117 708 1144 730 et
1159 703 1278 730 vindicta
1297 705 1331 732 ob
1346 710 1486 740 peccatum
1509 707 1576 741 ipsis
1590 707 1662 734 infli-

882 747 976 781 genda.
1000 747 1093 782 Itaque
1124 756 1157 775 ne
1186 749 1270 776 frater
1296 751 1414 784 quidem,
1445 757 1475 779 ut
1498 753 1534 779 ita
1560 754 1659 786 dicam,

881 791 987 818 etiamsi
1004 793 1147 827 religiosus
1160 794 1205 825 sit,
1228 802 1314 829 neque
1331 796 1400 823 alius
1415 797 1548 832 quispiam
1571 798 1660 825 homi-

882 846 946 864 num
964 839 990 864 in
1004 838 1047 865 illa
1065 839 1107 865 dic
1123 847 1286 874 quemquam
1308 842 1406 876 poterit
1421 843 1562 870 redimere.
1582 843 1660 876 Quod

881 883 904 909 si
922 891 954 910 ne
975 882 1060 910 frater
1073 883 1182 918 quidem
1203 885 1298 918 possit,
1324 886 1374 913 etsi
1396 887 1548 922 religiosus,
1574 889 1660 916 multo

881 927 971 954 minus
987 932 1113 961 poterunt
1127 929 1237 955 divitize.

880 977 897 1004 ω
923 971 1039 1007 [Frater
1057 981 1108 999 non
1126 975 1240 1007 redimit,
1261 974 1370 1003 fratrem
1387 976 1542 1012 religiosum
1562 984 1588 1005 et
1608 978 1658 1006 ho-

880 1020 1028 1046 norabilem
1042 1020 1128 1046 virum
1144 1021 1218 1048 dicit.
1235 1021 1245 1057 ]

914 1065 941 1092 9.
973 1065 1006 1091 Et
1030 1066 1141 1100 pretimn
1159 1067 1343 1101 redemptionis
1369 1070 1465 1096 animo:
1493 1078 1557 1097 ww.
1580 1070 1659 1098 Post-

879 1118 960 1145 quam
972 1112 1065 1138 docuit
1076 1113 1143 1139 nifin
1160 1113 1317 1147 profuturas
1329 1115 1437 1142 divitias
1454 1115 1479 1142 in
1493 1117 1536 1143 die
1553 1117 1657 1150 judicii,

879 1158 956 1184 docet
972 1159 1036 1193 quid
1058 1159 1231 1193 profuturum
1253 1161 1297 1187 sit.
1314 1160 1383 1193 Quid
1402 1167 1492 1189 autem
1511 1162 1588 1194 illud,
1605 1165 1656 1190 nisi

879 1204 962 1230 vitam
986 1204 1125 1232 laboribus
1151 1205 1257 1239 plenam
1282 1206 1404 1233 ducere?
1426 1207 1471 1234 Isti
1493 1207 1565 1234 enim
1597 1216 1658 1243 pro-

878 1249 961 1276 missa
976 1250 1030 1276 vita
1044 1250 1071 1276 in
1097 1249 1190 1277 futuro
1205 1251 1303 1278 saeculo
1320 1251 1513 1286 dignabuntur.
1535 1252 1587 1285 Qui
1608 1260 1658 1287 per

878 1296 998 1323 actiones
1020 1295 1134 1328 laborat,
1153 1297 1224 1323 vivet
1242 1304 1328 1331 usque
1350 1298 1377 1324 in
1394 1298 1473 1325 ﬁnem
1493 1305 1541 1332 per
1564 1299 1658 1333 cogni-

878 1341 991 1374 tionem,
1008 1342 1159 1376 requiescct
1173 1343 1200 1369 in
1214 1343 1354 1376 saeculum,
1369 1344 1441 1371 vivet
1456 1344 1488 1371 ad
1503 1345 1654 1372 victoriam.

879 1387 912 1414 Et
930 1387 1059 1415 laboravit
1076 1388 1101 1414 in
1115 1396 1254 1421 mentum,
1269 1393 1294 1416 et
1311 1391 1375 1416 vivet
1392 1389 1478 1416 adhuc
1491 1391 1517 1418 in
1532 1391 1619 1425 ﬁnem.

845 871 868 898 B

912 1485 955 1511 10.
985 1484 1046 1511 Non
1062 1485 1157 1519 videbit
1177 1485 1312 1512 interitum
1334 1494 1391 1512 cum
1413 1487 1506 1513 viderit
1526 1488 1654 1521 sapientes

840 1537 860 1565 ο
878 1530 1024 1557 morientes.
1040 1530 1077 1557 fta
1093 1531 1172 1565 longe
1183 1531 1216 1557 ab
1228 1531 1318 1565 impiis
1335 1531 1475 1559 intervallo
1489 1534 1654 1567 scparabun-

877 1578 930 1605 tur,
943 1579 1071 1601 uteorutn
1080 1575 1222 1609 perditioni
1236 1583 1269 1602 ne
1280 1576 1420 1602 minimum
1436 1577 1544 1611 quidem
1556 1585 1655 1612 appro-

876 1620 1016 1654 pinquent.
1033 1620 1083 1652 Qui
1101 1626 1164 1648 sunt
1178 1626 1267 1649 autem
1288 1622 1325 1648 illi
1345 1623 1480 1657 sapientes
1495 1625 1652 1658 morientes,

876 1667 927 1693 nisi
943 1667 959 1692 ii
973 1667 1005 1693 de
1022 1667 1120 1701 quibus
1135 1667 1235 1694 dictum
1251 1668 1273 1683 "°
1291 1677 1296 1694 :
1313 1668 1426 1694 Perdant
1444 1670 1600 1703 sapientiam
1611 1678 1654 1696 sa-

874 1713 1011 1747 pientium,
1026 1717 1050 1738 et
1069 1713 1268 1748 intelligentiam
1289 1713 1486 1748 intelligentiam
1500 1715 1650 1748 despiciam.

876 1759 959 1786 Docet
979 1759 1051 1786 enim
1068 1759 1168 1793 ubique
1185 1767 1303 1794 praesens
1321 1759 1469 1794 Scriptura,
1484 1760 1555 1794 quod
1569 1760 1595 1786 in
1609 1760 1653 1787 die

872 1805 979 1839 judieii,
996 1813 1083 1839 neque
1099 1806 1174 1832 dives
1197 1806 1315 1840 seipsmn
1335 1806 1526 1840 redempturus
1544 1806 1588 1838 sit,
1606 1814 1654 1834 new

873 1859 927 1886 que
941 1851 1028 1885 quivis
1042 1851 1150 1885 sapiens
1166 1852 1346 1878 existimatus.
1361 1851 1450 1878 Vitam
1468 1858 1558 1879 autem
1574 1857 1652 1879 aeter-

873 1905 935 1924 nam
951 1897 974 1924 is
989 1897 1063 1924 solus
1078 1903 1258 1930 consequetur
1272 1898 1318 1931 qui
1337 1898 1362 1923 in
1380 1898 1431 1924 hac
1448 1898 1502 1924 vita
1517 1906 1546 1925 se
1562 1905 1652 1925 mace-

873 1943 982 1970 raverit.
1001 1941 1086 1969 Simul
1107 1942 1231 1976 insipiens
1253 1947 1277 1968 et
1300 1942 1396 1968 stultus
1420 1941 1540 1976 peribunt
1556 1950 1565 1969 :
1579 1941 1650 1974 Una,

872 1989 971 2023 inquit,
986 1989 1120 2023 sapientes
1135 1993 1161 2014 et
1176 1988 1250 2014 stulti
1267 1988 1396 2022 perniciei
1411 1988 1551 2015 tradentur
1568 1997 1574 2014 :
1595 1996 1650 2015 non

872 2034 999 2062 differunt
1022 2035 1094 2061 enim
1122 2039 1216 2060 mutuo
1231 2053 1237 2065 ,
1265 2034 1347 2060 simili
1375 2034 1534 2061 idololatria:
1557 2034 1651 2069 generi

871 2079 965 2107 dediti.
993 2079 1028 2106 Et
1046 2080 1189 2114 relinquent
1211 2080 1303 2107 alienis
1327 2080 1433 2106 divitias
1460 2088 1532 2106 suas.
1556 2079 1650 2115 Neque

871 2126 943 2152 enim
965 2125 1025 2153 illas
1040 2125 1090 2152 sibi
1107 2126 1230 2160 proprias
1252 2131 1278 2152 et
1299 2126 1392 2153 ﬁrmas
1411 2126 1577 2154 constituere
1601 2133 1650 2153 vo-

871 2171 992 2203 luerunt,
1007 2171 1144 2198 beneﬁciis
1156 2179 1219 2205 erga
1233 2179 1342 2206 egenos.

837 2207 859 2233 D
908 2217 949 2242 1‘2.
980 2216 1014 2242 Et
1034 2216 1153 2250 sepulcra
1177 2224 1266 2242 eorum
1292 2216 1384 2242 domus
1403 2216 1509 2243 illorum
1526 2218 1553 2243 in
1572 2223 1647 2244 teter-

872 2269 943 2288 nunt.
960 2261 1010 2289 Per
1029 2263 1152 2296 sepulcra
1171 2262 1361 2289 mortalitatem
1383 2262 1518 2297 signiﬁcat
1534 2270 1586 2297 qua
1604 2263 1648 2289 in-

871 2308 988 2334 duerunt
1003 2308 1121 2335 animam
1137 2316 1225 2341 suam,
1244 2308 1310 2334 nihil
1323 2309 1447 2343 probum,
1458 2309 1526 2335 nihil
1541 2313 1646 2336 rectum

870 2354 962 2380 animo
982 2357 1121 2380 versantes
1144 2353 1215 2380 circa
1238 2353 1331 2380 Deum.
1359 2353 1538 2381 Tabernacula
1557 2363 1646 2381 eorum

869 2400 895 2425 in
913 2400 1033 2433 progenie
1056 2404 1080 2426 et
1104 2401 1234 2434 progenie.
1262 2400 1460 2432 Taberuacula,
1492 2400 1519 2427 in
1547 2402 1646 2435 quibus

868 2445 932 2471 dum
951 2446 1032 2472 vitam
1047 2451 1157 2480 agerent
1183 2446 1352 2478 habitabant,
1379 2447 1412 2473 ab
1441 2446 1502 2474 aliis
1523 2447 1555 2473 ad
1578 2447 1646 2475 alios

868 2493 1067 2524 consequenter
1083 2498 1130 2525 per
1153 2491 1341 2524 generationes
1365 2492 1457 2519 varias
1480 2492 1643 2519 devenient:

868 2535 932 2562 illud
960 2536 1031 2562 enim
1060 2536 1187 2571 superius
1213 2545 1322 2571 quoque
1349 2537 1472 2570 dixerat,
1499 2538 1643 2573 relinquent

867 2582 959 2608 alienis
989 2583 1095 2609 divitias
1121 2591 1193 2609 suos.
1220 2582 1380 2610 Vocaverunt
1406 2585 1512 2610 nomina
1539 2593 1588 2610 sua
1617 2584 1645 2610 in

867 2628 953 2654 terris.
969 2627 1019 2654 Par
1033 2633 1100 2660 erat,
1116 2629 1163 2661 ait,
1179 2633 1209 2655 ut
1225 2636 1272 2663 per
1285 2629 1363 2656 ﬁdem
1378 2633 1405 2656 et
1425 2629 1583 2664 praeclaram
1601 2630 1643 2656 in—

865 2675 1032 2702 stitutiouem
1050 2675 1076 2702 id
1101 2675 1248 2707 edicerent,
1275 2681 1304 2702 ut
1333 2676 1452 2710 ipsorum
1482 2676 1592 2702 nomina
1616 2676 1642 2702 in

864 2721 941 2748 cmlis
962 2721 1200 2754 describerentur;
1216 2721 1255 2748 illi
1279 2727 1370 2748 autem
1386 2722 1413 2748 in
1429 2721 1509 2748 terris
1527 2728 1642 2748 vocave-

864 2769 937 2800 runt,
951 2773 1012 2794 cum
1027 2766 1202 2802 cognomines
1216 2767 1268 2795 sibi
1285 2767 1366 2796 urbes
1379 2769 1579 2795 coustruerent.
