1928 3053
274 129 330 157 2?.7

680 127 707 155 S.
730 128 912 156 ATHANASII
934 128 1008 156 ()PP.
1030 128 1120 156 PARS
1140 128 1182 155 111.
1205 142 1237 147 -—-
1257 126 1462 155 EXEGETICA,

1839 125 1891 152 223

314 186 356 213 l3.
389 185 422 213 Et
439 186 514 212 homo
529 188 624 212 tumin
641 185 737 212 honore
755 190 820 212 esset
836 193 888 212 non
911 186 1052 214 intellexit.

1139 185 1194 212 Kal
1211 185 1365 219 ἅνθρωπος
1376 185 1411 212 ὲν
1425 184 1493 219 τιμῇ
1503 184 1594 211 ῶν⁴οὐ
1609 183 1736 217 συνῆκε.
1752 184 1791 210 Τὸ
1806 185 1893 211 αῐτιον

278 232 344 266 Qua:
361 239 443 260 causa
456 231 538 258 fuerit
555 231 628 266 quod
643 231 693 266 ipsi
712 238 745 258 eo
759 231 826 265 lapsi
842 231 898 258 sint
913 236 941 258 ut
959 231 1012 259 alte
1024 232 1057 259 de

277 287 307 306 se
320 279 461 309 sentirent.
478 279 601 306 enuntiat
620 278 674 309 ille,
696 277 822 303 videlicet
841 277 933 304 carnis
955 285 1057 304 concu-

277 325 424 361 piscentiaa.
443 323 499 351 lloc
513 329 602 350 autem
620 327 662 350 est
683 322 814 350 honorem
838 323 980 357 proprium
1002 330 1055 350 non

278 371 435 406 intelligere,
446 370 517 404 quod
530 369 634 397 scilicet
646 369 678 396 ad
695 369 838 403 imaginem
850 368 896 395 Dei
911 368 975 396 facti
987 369 1053 395 sint.

277 417 317 444 Ad
333 416 538 444 similitmlinem
554 420 643 442 autem
658 415 841 449 iumentorum
855 415 1054 449 insipientium,

279 470 332 497 pra:
344 462 501 490 ccelestibus
520 460 704 488 tabernaculis
723 465 824 487 terram
843 459 964 486 incolere
982 459 1056 486 dele-

277 512 383 543 gerunt,
403 512 429 534 et
444 507 568 542 sepulcra
583 515 597 534 a
615 506 670 534 Deo
694 505 874 533 concedenda:
899 505 961 531 vita:
981 512 1050 539 pra:-

276 554 406 581 tulerunt.

312 600 354 626 M.
383 598 448 626 Ηιεε
464 599 506 626 via
527 598 635 625 illorum
649 598 806 625 scandalum
827 598 902 632 ipsis.
917 596 994 623 Viam
1011 596 1054 624 di-

275 645 343 671 vinae
372 644 467 671 littera:
497 643 630 678 cujusque
656 643 774 670 hominis
801 642 884 668 vitam
913 641 1053 676 appellare

275 692 484 720 consueverunt,
514 691 542 714 et
570 688 632 714 vitae
660 687 800 714 hominum
831 691 947 721 tempus.
978 685 1053 714 Hanc

274 742 350 769 ergo,
375 734 423 764 ait,
440 741 563 768 asperam
581 738 606 760 et
621 733 742 760 odiosam
754 733 836 760 vitam
857 733 962 767 paravit
979 733 1050 763 illis.

274 780 339 814 quia
361 783 465 806 rectum
490 778 557 805 nihil
584 779 726 806 sentirent.
755 778 807 806 Sed
825 778 935 812 quando
952 778 979 805 in
1005 778 1051 805 illa

274 824 458 860 profecerunt,
471 830 526 852 tum
551 825 679 852 scandala
701 832 734 851 nc
750 825 903 852 sentiebant
928 825 1050 858 quidem.

1106 231 1152 258 τοῦ
1165 232 1290 258 ἐκπεσεῖν
1301 231 1398 262 αὐτοὺς
1413 231 1453 262 είς
1466 231 1496 257 τὸ
1516 231 1587 266 μέγα
1607 232 1714 266 φρονεῖν
1729 230 1764 256 τὰ.
1789 232 1892 266 σαρκξς

1105 276 1301 312 ἐπιθυμήματα
1326 276 1410 310 λέγει.
1428 275 1512 302 Τοῦτο
1538 276 1566 302 δέ
1587 276 1644 302 ἐστι
1659 276 1690 301 τὸ
1708 275 1744 310 μὴ
1772 275 1893 301 συνιέναι

1105 322 1153 357 τὴν
1162 322 1243 356 τιμὴν
1253 320 1352 353 αὐτῶν,
1365 321 1406 347 ὅτι
1414 321 1445 355 δὴ
1461 320 1521 346 κατ’
1536 320 1627 346 εἰκόνα
1639 319 1802 353 πεποίηνται
1813 318 1891 344 Θεοῦ.

1111 368 1222 403 ὀμοίως
1232 367 1259 393 δὲ
1274 369 1330 399 τοῖς
1344 368 1455 402 κτήνεσι
1463 368 1520 398 τοῖς
1532 366 1654 401 ἀνοήτοις
1669 365 1721 400 γῆν
1736 366 1822 391 οἰκεῖν
1834 364 1892 390 ἀντὶ

1104 414 1158 440 τῶν
1172 413 1305 448 οὐρανίων
1324 412 1430 447 σκηνῶν
1441 411 1652 448 κατηλλὰεαντο,
1660 411 1707 438 καί
1717 411 1822 445 τάφους
1833 410 1892 436 ἀντὶ

1104 460 1153 494 τῆς
1168 458 1242 494 παρὰ
1258 458 1325 485 Θεοῦ
1337 457 1422 492 ζωῆς.

1137 593 1218 627 Αὕτη
1230 592 1249 626 ὴ
1266 592 1336 625 ὁδὸς
1345 591 1444 619 αὐτῶν
1461 590 1642 618 σκάνδαλον
1652 590 1764 623 αὐτοῖς.
1786 590 1860 617 ὀδδν
1873 591 1889 625 ἡ

1104 636 1164 663 θεία
1181 636 1277 671 Γραφὴ
1294 636 1338 662 τὸν
1353 636 1468 662 ἑκάστου
1492 635 1548 670 βίον
1562 633 1616 661 οἶδε
1643 635 1745 667 καλεῖν,
1775 635 1824 661 καὶ
1846 635 1890 661 τὸν

1103 682 1218 709 ἑκάστου
1232 682 1281 716 τῆς
1290 682 1377 716 ῖζωῆς
1401 681 1505 716 χρόνον.
1523 681 1629 716 Ταύτην
1645 679 1692 708 οὖν
1703 701 1710 713 ,
1740 681 1820 716 φησὶ,
1842 681 1890 716 τὴν

1102 727 1160 753 ὁδὸν
1171 728 1299 762 τραχεῖαν
1321 727 1368 753 καὶ
1382 726 1482 762 ἐχθρὰν
1495 726 1696 753 κατεσκεύασεν
1720 727 1824 757 αὐτοῖς,

1105 773 1186 808 μηδὲν
1201 772 1278 804 εὺθὲς
1302 772 1513 807 πεφρονηκότες.
1544 771 1613 798 Ἀλλ’
1630 772 1673 798 ὅτε
1691 771 1740 806 μὲν
1756 772 1889 807 προσέκο-

1104 827 1169 845 πτον
1184 820 1212 845 ὲν
1228 818 1308 852 αὐτῇ,
1322 818 1372 844 οὐκ
1385 818 1532 852 ᾐσθάνοντο
1547 817 1600 844 τῶν
1625 817 1789 844 σκανδάλων.
1810 819 1890 844 Metu

276 871 370 896 Postea
391 878 456 897 γεω
470 872 497 896 in
519 878 563 897 ore
577 878 624 896 suo
637 869 844 904 complacebunt,
869 870 947 905 quasi
969 871 1051 902 dicat,

1107 863 1243 890 δὲταῦτα
1266 864 1301 890 ἐν
1325 863 1364 895 τῷ
1381 865 1505 898 στόματι
1527 862 1625 890 αὐτῶν
1648 863 1889 896 εὐδοκήσουσιν,

273 914 480 942 Conlitebuntur
491 916 678 950 pcenitentiam
693 919 815 951 agentes,
831 916 903 951 quod
914 916 941 943 in
956 916 1053 951 hujus-

274 960 346 987 modi
367 961 410 988 via
439 961 616 993 incesserint;
637 961 684 988 sed
710 961 820 996 quando
844 969 897 989 non
910 962 966 989 erit
982 962 1052 989 ultra

273 1006 440 1040 paenitentiae
456 1011 575 1041 tempus.

309 1051 353 1079 15.
388 1051 463 1079 Sicut
486 1061 543 1079 oues
563 1053 590 1079 in
612 1053 714 1087 inferno
741 1054 820 1088 positi
846 1057 917 1080 sunt.
938 1052 1054 1086 Quando

275 1097 419 1136 nplucrunt
441 1098 492 1125 sub
514 1097 586 1125 bono
608 1103 718 1132 pastore
744 1106 846 1134 agere:
872 1098 920 1126 sed
944 1098 1054 1133 repulso

274 1142 387 1175 honore,
408 1143 520 1177 perinde
536 1147 617 1178 atque
631 1143 756 1177 julnenta
785 1151 901 1178 corpore
927 1145 1050 1177 corrupti

271 1193 351 1220 sunt;
367 1187 468 1216 idcirco
479 1196 577 1224 pecora
592 1189 689 1216 inferni
703 1189 790 1216 ell‘ecti
808 1194 881 1222 sunt,
899 1189 936 1216 ita
957 1193 987 1216 ut
1002 1189 1052 1216 de-

273 1242 347 1262 mum
363 1239 455 1269 pastor
476 1243 571 1262 eorum
589 1235 622 1262 ad
646 1243 746 1270 pascua
770 1243 819 1262 sua
845 1235 963 1263 abducat
987 1243 1050 1268 eos,

272 1281 341 1308 alios
355 1281 463 1315 quidem
479 1281 506 1308 in
519 1281 608 1316 ignem
621 1285 752 1308 aeternum
764 1290 771 1314 ;
788 1281 849 1308 illos
863 1288 896 1308 eo
908 1281 953 1308 ubi
972 1281 1052 1309 ﬂetus

270 1331 299 1354 et
317 1327 416 1354 stridor
430 1326 562 1359 dentium,
579 1326 647 1354 alios
659 1327 687 1353 in
700 1327 825 1354 tenebras
836 1327 995 1354 exteriores.

1105 911 1165 936 ἀντὶ
1178 910 1235 940 τοῦ,
1256 909 1465 945 Ὁμολογήσουσι
1486 910 1699 944 μετανοήσαντες
1715 909 1756 943 ἐφ’
1775 905 1817 940 οἷς
1834 917 1888 935 τοι-

1105 957 1189 992 αύτην
1208 956 1327 982 ὥδευσαν
1344 955 1445 991 τρῐὸον,
1459 956 1503 982 ὅτε
1516 956 1565 990 οὑχ
1577 955 1667 988 ἕξουσι
1679 955 1729 990 τῆς
1746 955 1890 990 μετανοίας

1105 1001 1208 1036 καιρόν.

1144 1047 1192 1080 Ὧς
1206 1047 1336 1080 πρόϐατα
1347 1046 1382 1073 ὲν
1392 1045 1448 1080 ᾄδῃ
1461 1045 1573 1073 ἔθεντο.
1600 1047 1708 1082 Ἐπειδὴ
1729 1047 1780 1073 οὐκ
1792 1046 1890 1082 ἠθέλη-

1104 1102 1153 1120 σαν
1168 1093 1220 1119 ὑπὸ
1234 1092 1280 1119 τὸν
1295 1092 1400 1126 ἀγαθὸν
1415 1089 1483 1118 εἷναι
1494 1092 1619 1127 ποιμένα,
1638 1092 1706 1119 ἀλλὰ
1721 1093 1771 1128 τὴν
1784 1093 1891 1119 ἑαυτῶν

1103 1139 1184 1174 τιμὴν
1209 1139 1405 1174 ἀπωσάμενοι,
1423 1138 1620 1174 παραπλησίως
1647 1140 1703 1170 τοῖς
1727 1140 1840 1174 κτήνεσι
1856 1147 1890 1164 τα

1104 1184 1217 1219 σώματα
1228 1184 1413 1219 διεφθάρησαν
1423 1192 1429 1198 ·
1443 1183 1528 1220 ταύτῃ
1540 1193 1581 1211 τοι
1595 1183 1642 1210 καὶ¹
1656 1183 1802 1220 θρέμματα
1812 1193 1891 1218 γεγο-

1103 1238 1178 1256 νασιν
1194 1230 1269 1265 ᾅδου.
1283 1230 1320 1261 ὡς
1335 1230 1428 1256 λοιπὸν
1447 1230 1527 1256 αὑτὸν
1549 1230 1726 1265 ποιμαίνοντα
1736 1231 1836 1262 αὐτοὺς
1851 1232 1890 1261 εἰς

1103 1276 1151 1308 τὰς
1166 1276 1248 1302 αὐτοῦ
1268 1275 1353 1311 νομὰς
1376 1275 1501 1308 ἀπάξειν,
1517 1276 1579 1307 τοὺς
1603 1276 1652 1310 μὲν
1669 1276 1708 1307 είς
1728 1275 1758 1302 τδ
1781 1276 1839 1311 πῦρ
1861 1276 1892 1300 ’ὃ

1104 1322 1221 1354 αἰώνιον,
1236 1322 1298 1354 τοὺς
1310 1322 1338 1348 δὲ
1353 1323 1420 1348 ὃπου
1437 1324 1452 1348 ὁ
1468 1321 1603 1356 κλαυθμὸς
1618 1322 1664 1348 καὶ
1690 1321 1814 1356 βρυγμὸς
1838 1320 1889 1348 τίνι

1103 1367 1226 1399 ὀδόντων,
1244 1368 1306 1399 τοὺς
1317 1367 1346 1394 δὲ
1362 1368 1401 1398 είς
1418 1368 1448 1394 τὸ
1462 1367 1556 1399 σκότος
1567 1367 1598 1393 τὺ
1611 1366 1753 1402 ἐξώτερον.

307 1422 406 1457 Adjicit
431 1422 523 1449 Daniel
552 1422 698 1449 Barbarus.
721 1421 855 1449 Caeterum
877 1422 955 1456 juxta
980 1421 1173 1457 Symmachum
1197 1430 1205 1448 ε
1227 1421 1289 1449 llaec
1322 1422 1366 1449 via
1395 1421 1504 1449 illorum
1531 1421 1674 1448 dementiae
1691 1421 1768 1456 ipsis.
1789 1426 1888 1457 posteri

271 1475 336 1496 vero
364 1469 471 1495 illorum
496 1475 649 1495 sermonem
676 1468 830 1502 probabunt
858 1476 865 1494 :

894 1475 949 1494 non
976 1467 1049 1495 enim
1070 1468 1164 1502 primis
1179 1472 1222 1495 sat
1241 1467 1293 1494 fuit
1310 1468 1348 1494 uti
1370 1467 1512 1494 dementia:
1542 1467 1595 1498 via,
1625 1466 1677 1494 nisi
1696 1467 1778 1493 etiam
1801 1467 1889 1501 pemi-

271 1515 375 1543 ciosum
390 1515 504 1549 posteris
520 1514 673 1549 exemplum
692 1513 756 1541 facti
779 1514 867 1542 simile
898 1513 932 1541 ad
963 1514 1005 1541 sui
1031 1514 1211 1541 imitationem
1234 1513 1354 1540 studium
1386 1513 1438 1541 illis
1463 1513 1658 1548 relinquerent,
1687 1518 1717 1540 ut
1740 1517 1767 1540 et
1789 1505 1889 1548 posteri

271 1560 299 1588 in
313 1567 420 1588 morum
442 1568 553 1588 suorum
576 1560 617 1587 via
631 1560 682 1588 sibi
699 1561 846 1595 placerent,
867 1564 894 1587 et
907 1560 967 1587 illos
984 1559 1136 1587 imitatione
1159 1563 1348 1593 sequerentur.

306 1605 341 1632 Et
360 1605 564 1633 dominabuntur
583 1613 672 1632 eorum
682 1605 752 1640 justi
775 1606 803 1632 in
828 1607 968 1633 matutina.
990 1605 1049 1632 Non

1136 1605 1190 1632 Kal
1203 1604 1493 1638 κατακυριεύσευσιν·
1505 1604 1604 1632 αὐτῶν
1614 1606 1641 1631 ol
1650 1604 1747 1637 εὐθεῑς
1758 1604 1793 1630 τὸ
1804 1605 1887 1638 πρωΐ.

271 1651 398 1683 ulterius,
419 1650 650 1686 quemadmodum
669 1650 696 1677 in
718 1651 769 1678 hac
792 1651 844 1678 vita
864 1658 927 1678 eum
949 1655 1053 1683 essent,

269 1697 404 1724 adversus
431 1696 491 1731 pios
519 1696 643 1723 homines
668 1696 830 1731 insurgunt;
846 1704 940 1723 verum
959 1701 1054 1724 contra

270 1744 317 1777 qui
333 1742 467 1770 matutino
487 1747 608 1776 tempore
628 1741 731 1776 dignati
756 1746 821 1769 sunt
841 1746 869 1770 et
884 1749 955 1769 noro
973 1742 1054 1770 Iunti-

271 1795 317 1821 ιιι,
340 1787 431 1822 impiis
447 1787 629 1820 imperabunt.
656 1786 690 1813 Et
717 1787 846 1814 auxilium
868 1795 958 1814 eorum
987 1792 1055 1814 cete-

271 1834 395 1868 rascetju
416 1833 530 1868 inferno,
545 1838 596 1861 etc.
619 1832 715 1864 Omne,
734 1833 832 1868 inquit,
851 1833 983 1860 auxilium
1005 1840 1053 1860 eo-

271 1887 343 1912 rum,
366 1879 470 1906 scilicet
485 1879 575 1906 virtus
596 1886 679 1914 quam
709 1879 868 1906 obtinebant
891 1887 924 1906 ex
943 1879 1029 1914 gloria
1044 1899 1053 1913 ,

272 1927 359 1951 morte
375 1923 549 1951 dissolvetur.
570 1923 638 1952 Illud
652 1924 738 1956 enim,
757 1929 906 1957 veterascet,
926 1931 976 1959 pro
999 1924 1055 1952 sol-

273 1973 350 1997 vetur
365 1969 482 2004 positum
505 1974 557 1997 est.

310 2014 355 2042 16.
393 2014 577 2042 Verumtamen
603 2015 671 2043 Deus
698 2015 807 2042 redimet
831 2016 946 2042 animam
969 2024 1053 2043 meum

270 2061 303 2087 de
316 2068 395 2087 manu
415 2061 504 2095 inferi,
526 2069 585 2088 eum
601 2062 727 2096 acceperit
744 2070 794 2088 me.
819 2061 880 2095 Mei,
899 2062 996 2097 inquit,
1015 2063 1054 2090 ita

273 2106 408 2141 loquentis
427 2108 546 2134 animam
564 2107 678 2135 redimet
694 2107 775 2141 Deus,
793 2112 822 2135 ut
837 2115 871 2135 ne
891 2115 945 2135 una
965 2108 1052 2135 abdu-

271 2157 348 2180 catur
360 2152 418 2186 illa,
434 2157 462 2180 et
477 2153 617 2181 deseratur
634 2161 696 2182 cum
712 2153 809 2181 ovibus
822 2154 932 2182 interni.

312 2239 356 2268 I7.
373 2239 415 2267 Ne
429 2241 545 2269 timueris
568 2250 627 2269 cum
648 2242 720 2270 dives
745 2243 831 2278 factus
857 2244 937 2278 fuerit
963 2245 1048 2272 homo.

271 2285 339 2315 Cum
354 2287 491 2320 didiceris,
507 2289 555 2320 ait,
581 2289 627 2324 qui
653 2289 715 2317 linis
750 2290 803 2318 erit
830 2291 986 2326 impiorum,
1017 2299 1051 2320 ne

271 2331 366 2360 beatos
378 2333 509 2367 praedices
527 2341 575 2360 eos
591 2335 637 2369 qui
654 2334 680 2361 in
698 2335 752 2363 vita
771 2335 868 2364 divites
883 2341 910 2364 et
930 2338 1051 2372 opulenti

271 2383 345 2410 sunt,
361 2387 415 2406 non
432 2379 529 2406 timeas
542 2381 620 2414 quasi
644 2382 718 2408 omni
741 2389 788 2416 spe
809 2383 985 2415 interclusus,
1003 2392 1052 2412 nec

271 2428 302 2450 ut
318 2424 423 2458 magnis
447 2425 559 2452 orbatus
582 2427 725 2459 praesentis
750 2427 811 2454 vitae
842 2428 932 2460 bonis,
960 2429 1052 2456 animo

271 2469 391 2496 delicias.
403 2469 489 2497 Probe
503 2472 573 2498 nosti
587 2472 651 2505 quia
668 2477 693 2500 te
709 2478 848 2508 exspectat
871 2474 1022 2509 redemptio
1035 2483 1051 2502 a

271 2520 357 2541 morte
368 2519 395 2542 et
412 2516 463 2542 vita
477 2521 588 2543 interna.
609 2518 660 2550 Qui
681 2524 770 2546 autem
788 2527 803 2546 a
818 2520 911 2547 multis
924 2521 1051 2554 pradica-

271 2564 314 2585 tur
330 2560 365 2585 ob
380 2560 489 2587 divitias
509 2562 688 2598 gloriamque,
706 2570 733 2592 et
753 2566 788 2592 ob
803 2566 875 2593 illam
894 2567 961 2594 falso
981 2575 1052 2594 nun-

271 2609 395 2638 cupatam
411 2607 581 2641 sapientiam,
598 2609 665 2637 nihil
691 2611 752 2645 plus
781 2612 900 2647 habebit,
932 2613 1051 2642 nudatus

271 2651 369 2685 quippe
384 2653 520 2686 omnibus,
537 2663 552 2682 a
566 2656 627 2683 vita:
643 2657 721 2686 bonis
735 2659 896 2694 abripietur.

307 2695 350 2723 18.
385 2696 516 2730 Quoniam
538 2709 596 2727 cum
621 2702 749 2730 interierit
773 2713 824 2732 non
848 2711 932 2733 sumet
949 2708 1048 2734 omnia.

271 2739 328 2770 Hoc
340 2743 427 2770 solum
450 2744 528 2778 lucri,
549 2747 597 2778 ait.
619 2755 633 2775 ο
651 2749 754 2778 divitiis
771 2752 910 2781 accepisse
925 2753 1050 2781 videntur

1105 1651 1202 1678 Οὐκέτι
1230 1650 1324 1685 ὧσπερ
1348 1651 1377 1677 ὲν
1392 1650 1432 1685 τῷ
1446 1652 1560 1686 παρόντι
1576 1651 1626 1686 βίῳ
1648 1651 1733 1682 ὄντες,
1759 1651 1890 1682 κατεξανι

1106 1697 1225 1723 ίστανται
1241 1695 1296 1722 τῶν
1320 1695 1454 1723 εὐσεϐῶν·
1472 1696 1625 1722 τούναντίον
1648 1696 1676 1722 δὲ
1690 1697 1714 1722 οἱ
1728 1696 1774 1722 τοῦ
1792 1695 1889 1732 καιροῦ

1103 1743 1152 1778 τῆς
1168 1743 1273 1778 πρωῖας
1288 1741 1447 1774 ἀξιωθέντες
1460 1742 1507 1768 καὶ
1519 1742 1566 1768 τοῦ
1581 1741 1642 1768 νέου
1661 1742 1747 1776 φωτὸς
1759 1742 1815 1768 τῶν
1828 1743 1890 1768 ἀπ’

1104 1787 1159 1814 σῶν
1178 1787 1431 1823 κατακυριεύσουσι.
1450 1787 1505 1814 Kal
1530 1789 1550 1821 ἡ
1576 1788 1701 1822 ,βοήθεια
1719 1787 1819 1815 αὐτῶν
1835 1796 1889 1815 παν-

1103 1832 1299 1866 λαιωθήσεται
1319 1833 1354 1859 ὲν
1377 1832 1416 1865 τῷ
1426 1833 1495 1866 ᾄδῃ.
1510 1833 1598 1864 Πᾶσα,
1612 1834 1708 1868 φησὶν,
1733 1834 1750 1868 ἡ
1778 1833 1891 1869 βοήθεια

1104 1879 1201 1911 αὐτῶν,
1227 1879 1285 1914 ἦτοι
1302 1879 1318 1913 ὴ
1333 1879 1409 1914 ἰσχὺς
1425 1879 1459 1913 ἢν
1480 1879 1558 1914 ἔσχον
1572 1880 1604 1906 ὲκ
1617 1879 1666 1915 τῆς
1679 1879 1767 1914 δόξης,
1784 1879 1822 1915 τῷ
1842 1879 1889 1906 θα-

1103 1925 1178 1959 νάτῳ
1191 1923 1391 1959 διαλυθήσεται.
1406 1925 1443 1951 Τὸ
1457 1924 1510 1960 γὰρ
1519 1944 1526 1956 ,
1551 1925 1788 1956 παλαιωθήσεται
1798 1945 1805 1956 ,
1829 1925 1890 1952 ἀντὶ

1102 1969 1162 2001 τοῦ,
1174 1969 1374 2005 διαλυθήσεται,
1389 1970 1518 1997 τέθειται,

1139 2015 1226 2048 Πλὴν
1251 2015 1268 2041 ὀ
1284 2014 1354 2047 Θεὸς
1381 2014 1563 2048 ,λυτρώσεται
1585 2014 1642 2048 τὴν
1656 2014 1762 2050 ψυχήν
1778 2025 1839 2049 μου
1853 2016 1889 2042 ἐκ

1103 2061 1200 2096 χειρὸς
1215 2060 1299 2094 ᾅδου,
1314 2061 1388 2087 ὅταν
1401 2060 1537 2095 λαμϐάνῃ
1548 2070 1596 2095 με.
1620 2061 1713 2096 Ἑμοῦ,
1734 2062 1812 2097 φησὶ,
1840 2063 1889 2089 τοῦ

1101 2107 1188 2134 ταῦτα
1201 2106 1324 2140 λέγοντος
1340 2105 1507 2142 λυτρώσεται
1519 2107 1609 2138 ὸΘεδς
1625 2107 1674 2142 τὴν
1690 2107 1789 2143 ψυχὴν,
1819 2109 1888 2145 πρὶς

1101 2153 1132 2179 τὸ
1147 2152 1184 2188 μὴ
1206 2152 1409 2187 συναπαχθῆναι
1434 2152 1527 2187 αὐτὴν,
1545 2155 1591 2179 καὶ
1616 2153 1793 2189 ἐρημωθῆναι
1818 2155 1887 2189 μετὰ

1102 2197 1156 2225 τῶν
1169 2197 1214 2224 τοῦ
1231 2197 1293 2233 ᾅδου
1312 2197 1463 2233 προϐάτων.

1119 2256 1120 2270 ς
1137 2243 1185 2277 Μὴ
1201 2243 1304 2277 φοϐοῦ,
1318 2243 1390 2270 ὅταν
1405 2243 1564 2277 πλουτήσῃ
1577 2243 1740 2278 ἄνθρωπος.
1771 2244 1885 2276 Μαθὼν,

1102 2290 1193 2325 φησὶν,
1208 2287 1263 2317 οἷον
1275 2289 1414 2316 ἐπαιτῶν
1431 2289 1536 2316 ἀσεϐῶν
1547 2290 1578 2316 τὸ
1595 2290 1685 2322 τέλος,
1708 2290 1744 2326 μὴ
1765 2292 1886 2327 μακαρίὲ

1103 2342 1152 2371 σῃς
1175 2335 1238 2366 τοὺς
1257 2335 1287 2361 ὲν
1302 2335 1341 2370 τῷ
1351 2335 1401 2370 βίῳ
1416 2334 1606 2367 πλουτοῦντας,
1627 2336 1692 2370 μηδὲ
1707 2335 1831 2372 φοϐηθῇς
1850 2337 1888 2368 ὡς

1102 2380 1192 2415 πάσης
1203 2379 1448 2415 ἀποκεκλεισμένος
1464 2380 1579 2413 ἐλπίδος,
1605 2382 1642 2416 μὴ
1667 2381 1777 2416 ἀθυμῇς
1794 2382 1823 2408 δὲ
1849 2382 1887 2413 ὡς

1104 2426 1226 2461 μεγάλων
1254 2427 1362 2460 ἀγαθῶν
1388 2427 1441 2453 τῶν
1465 2427 1605 2462 παρόντων
1630 2427 1822 2462 ἐστερημένος.
1850 2426 1885 2454 Εὖ

1103 2472 1166 2504 ι’σθι,
1182 2473 1222 2499 ὅτι
1247 2473 1275 2499 σὲ
1294 2473 1344 2508 μὲν
1361 2473 1501 2509 περιμένει
1525 2474 1541 2508 ἡ
1559 2474 1590 2499 ὲκ
1613 2473 1727 2500 θανάτου
1751 2473 1887 2509 λύτρωσις

1101 2519 1175 2553 καὶή
1190 2518 1296 2550 αἰώνιος
1310 2519 1364 2554 ζωή
1376 2527 1383 2533 ·
1400 2521 1414 2545 ὁ
1427 2519 1455 2545 δὲ
1469 2518 1544 2552 παρὰ
1556 2520 1613 2550 τοῖς
1625 2519 1732 2550 πολλοῖς
1754 2519 1885 2555 εὐδαιμο-

1101 2563 1239 2598 νιζόμενος
1251 2564 1294 2590 διὰ
1307 2565 1419 2591 πλοῦτον
1434 2565 1480 2590 καὶ
1492 2564 1580 2597 δόξαν,
1596 2564 1642 2590 καὶ
1661 2564 1706 2590 διὰ
1721 2565 1771 2599 τὴν
1784 2565 1886 2599 ψευδώ-

1100 2617 1184 2644 νυμον
1192 2609 1297 2644 σοφίαν,
1310 2610 1385 2637 οὑδὲν
1401 2609 1482 2636 πλέον
1492 2610 1548 2641 ἕξει
1559 2618 1566 2624 ·
1587 2610 1688 2645 γυμνὸς
1703 2610 1758 2645 γὰρ
1775 2611 1885 2638 πάντων

1101 2653 1287 2689 ἀπαχθήσεται
1304 2655 1357 2681 τῶν
1375 2655 1422 2681 τοῦ
1438 2655 1506 2690 βίου.

1137 2699 1195 2726 ’Ότι
1209 2701 1264 2726 οὐκ
1274 2700 1309 2727 ὲν
1323 2700 1580 2735 τίῖΐάποθνήσκειν
1591 2702 1685 2728 αὺτὸν
1701 2702 1832 2736 λήψεται
1847 2701 1883 2727 τὰ

1100 2743 1206 2771 πάντα.
1221 2746 1314 2777 Τοῦτο,
1327 2747 1403 2780 φησὶ,
1418 2746 1496 2781 μόνον
1507 2746 1599 2780 ἔδοξαν
1613 2746 1764 2782 κερδαίνειν
1771 2748 1797 2774 οἱ
1809 2746 1883 2773 ἄθεοι
