1928 3053
65 123 114 150 235

605 121 786 150 EXPOSITIO
802 122 835 149 IN
856 122 1022 149 PSALMUM
1042 121 1132 148 XLIX.

1616 121 1670 149 εει

66 179 192 215 μαθηταῖς
211 179 428 214 συμπράττουσιν
457 179 582 214 ἄγγελοι,
612 180 686 216 δηλοῖ
713 180 799 215 λέγων
826 182 841 208 6

894 180 934 207 lus
947 180 1040 208 dicens
1051 180 1074 195 "
1087 189 1092 206 :
1112 178 1205 206 Nonne
1215 187 1302 206 omnes
1312 183 1372 206 sunt
1384 179 1604 206 administro/crit
1616 181 1670 214 spi-

66 225 173 256 Παῦλος·
192 224 266 259 Οὐχὶ
278 224 463 257 πάντεςβίσὶ
480 226 665 260 λειτουργικὰ
677 226 839 260 πνεύματα,

64 272 104 303 εἷς
115 270 267 297 διακονίαν
280 270 525 305 ἀποστελλόμενα
532 270 579 297 διὰ
592 271 662 304 τοὺς
672 270 841 306 μέλλοντας

65 315 253 350 κληρονομεῖν
272 316 438 350 σωτηρίαν;
464 316 548 343 Τοῦτο
565 317 611 343 καὶ
631 318 647 352 ή
663 317 762 352 κλίμαξ
777 318 839 353 ἐδή-

64 361 154 391 λωσεν,
167 361 199 396 ἣν
216 357 286 386 εἶδεν
308 360 404 386 Ἰακὼὸ
433 360 482 396 τὴν
503 362 535 387 ἐκ
563 361 615 396 γῆς
641 361 784 396 διήκουσαν
801 362 840 394 εἰς

65 406 106 432 τὸν
121 406 241 442 οὐρανὸν,
257 406 299 440 ἐφ’
322 403 355 442 ἧς
377 407 557 442 ὲπεστήρικτο
573 407 684 442 Κύριος,
698 407 753 434 ἄνω
766 407 840 435 κάτω

64 451 214 478 διαθεόντων
238 450 370 485 ἀγγέλων.
389 451 513 478 Τοιοῦτον
527 452 573 478 καὶ
586 452 617 478 τό
628 460 635 467 ·
656 453 844 487 Παρεμὸαλεῐ

65 497 164 532 Κύριος
178 497 280 529 κύκλῳ
293 497 351 524 τῶν
359 498 552 532 φοϐουμένων
572 499 672 529 αὑτὸν.
690 499 738 525 καὶ
748 500 840 533 ῥύσε-

65 551 106 569 ται
117 543 235 575 αὐτούς·
254 542 286 569 δι’
303 539 340 569 ὧν
355 540 401 570 οὖν
416 543 620 579 συμπράττουσι
631 543 678 570 καὶ
691 544 767 571 αὐτοὶ
781 544 840 570 δια-

64 588 176 623 κρίνουσι
188 588 233 614 τὸν
252 587 325 614 λαὸν.

94 634 332 668 Προσκαίέσετιιι
342 634 394 660 τὸν
409 633 540 668 οὐρανὸν
549 633 617 661 ἄγω.
628 635 697 667 Τοὺς
710 635 838 669 δικαίους,

63 679 133 714 φησὶ,
142 679 204 710 τοὺς
219 679 344 715 οὐράνιον
357 679 492 706 πολιτείαν
505 679 720 715 ἐπιτηδεύοντας,
734 681 840 714 συνάξει

62 726 98 756 εἰς
110 726 156 757 τὰς
171 725 228 752 ἄνω
245 726 338 760 μονάς,
352 725 408 753 Καὶ
423 725 480 759 τὴν
494 724 551 760 γῆν
565 725 617 752 τοῦ
632 725 777 761 διακρῖναι
787 727 842 754 τὸν

62 771 132 798 λαὸν
157 771 262 798 αὑτοῦ.
287 761 368 803 Τοὺς⁸
386 771 563 807 ἁμαρτωλούς
580 779 646 807 φησι
664 772 711 799 καὶ
738 772 840 805 πάντας

61 817 117 848 τοὺς
131 817 174 843 ἐπὶ
185 817 234 852 τῆς
249 817 300 853 γῆς
315 817 437 850 συνάξαι,
466 817 512 844 ἐπὶ
534 817 565 845 τὸ
576 817 690 855 χωρίσαι
713 819 775 851 τοὺς
803 819 841 846 δι-

61 862 146 894 καίους
160 863 215 889 τῶν
231 863 268 898 μὴ
287 862 423 889 τοιούτων.

92 907 274 941 Συναγάγετε
288 907 367 940 αὐτῷ
382 907 452 941 τοὺς
463 908 568 942 ὁσίους
588 908 692 936 αὐτοῦ.
713 909 755 942 Ὠς
771 910 839 946 πρὸς

60 952 116 983 τοὺς
131 952 262 987 ἀγγέλους
275 951 289 977 ὸ
305 953 392 988 λόγος,
417 954 487 981 κατὰ
504 954 533 981 τὸ
559 955 702 991 εἰρημένον
723 956 776 982 ὑπὸ
793 955 838 982 τοῦ

60 999 164 1036 Κυρίου·
200 1000 256 1027 Καὶ
284 1000 449 1029 ἀποστελεῖ
474 1001 544 1034 τοὺς
566 1001 712 1037 ἀγγέλους
735 1003 838 1034 αὑτοῦ,

59 1046 103 1073 καὶ
115 1047 286 1079 συνάξουσι
304 1047 374 1080 τοὺς
388 1048 522 1081 δικαίους
546 1048 580 1075 ἐκ
609 1048 668 1075 τῶν
685 1048 840 1084 τεσσάρων

58 1092 169 1127 ἀνέμων
183 1092 241 1127 τῆς
261 1092 327 1127 γῆς’
357 1093 428 1126 τοὺς
452 1093 644 1128 διαθεμένους
666 1094 723 1129 τὴν
738 1094 840 1128 διαθή-

57 1147 112 1172 κην
132 1138 229 1166 αὑτοῦ
256 1139 304 1165 ἐπὶ
326 1139 443 1172 θυσίας.
464 1139 563 1172 Θυσίας
591 1140 640 1172 τὰς
653 1141 839 1176 πνευματικὰς

57 1183 136 1218 λέγει.

86 1231 137 1257 Kal
151 1231 379 1266 ἁναγγελοῦσιν
394 1233 422 1258 al
435 1231 557 1265 oirparol
568 1231 626 1266 τὴν
643 1231 841 1266 δικαιοσύνην

55 1277 152 1304 αὑτοῦ.
162 1278 323 1309 Δοξὰσουσι,
341 1278 433 1312 φησὶν,
445 1278 470 1304 οἱ
483 1278 592 1312 οὐρανοὶ
608 1277 653 1304 τὸν
668 1278 743 1310 Θεὸν,
758 1277 840 1313 ὁτιδὴ

55 1323 97 1348 καὶ
130 1323 295 1358 ἀνθρώπους
323 1323 378 1350 τῶν
407 1323 539 1358 οὐρανίων
563 1323 707 1359 διατριϐῶν
728 1323 839 1359 ἠξίωσε.

54 1367 229 1403 (Carderius.)
245 1368 373 1395 Βούλεται
383 1368 446 1400 τοὺς
463 1368 551 1400 ὁσίους
563 1368 609 1395 τοῦ
631 1368 762 1404 πρότερον
777 1369 839 1396 λαοῦ

53 1413 103 1448 πρὸ
127 1414 176 1449 τῆς
192 1414 344 1450 μελλούσης
363 1414 480 1450 κρίσεως
492 1413 594 1440 παῦσαι
618 1414 668 1446 τῆς
681 1414 776 1446 θυσίας
792 1415 841 1450 τῆς

53 1459 92 1486 διὰ
108 1460 161 1486 τῶν
175 1460 286 1494 ἀλόγων
301 1460 377 1492 ζώων
399 1460 515 1496 σφαγῆς,
541 1459 684 1487 ἀναλαϐεῖν
702 1461 751 1495 τὴν
781 1461 841 1487 κατ’

54 1505 205 1540 ἐπιστήμην
219 1505 267 1531 καὶ
280 1504 389 1539 γνῶσιν.
415 1505 475 1532 Ἐπὶ
503 1504 531 1530 δὲ
551 1504 654 1536 τούτοις
677 1504 723 1531 τὸν
746 1504 842 1540 κριτὴν

53 1551 79 1577 αἱ
95 1551 222 1587 οὐράνιαι
234 1550 362 1586 δυνάμεις
377 1550 549 1585 ἀπνυμνοῦσιν,
561 1550 602 1577 ὅτι
627 1551 681 1576 ἀπὸ
693 1550 748 1577 τῶν
761 1551 841 1578 ὁσίων

54 1597 216 1631 κατήρξατο,
225 1596 303 1623 καὶοι
315 1596 423 1631 οὐρανοὶ
438 1595 624 1630 διαγγέλλουσι
640 1595 688 1632 τὴν
707 1596 843 1623 δικαιοσύ-

54 1649 98 1675 νην
110 1642 205 1673 αὑτοῦ,
230 1641 421 1676 συγχαίροντες
439 1640 530 1668 αὐτῶν
550 1642 583 1677 τῇ
604 1641 734 1677 σωτηρίᾳ.
759 1641 796 1668 Τὸ
813 1641 842 1668 δὲ

53 1687 99 1722 τῆς
115 1688 166 1722 γῆς
196 1687 356 1722 οἰκητήριον
372 1685 410 1721 τῷ
442 1687 479 1722 μὴ
505 1687 554 1721 τῆς
579 1686 705 1722 οὐρανίου
721 1686 842 1722 κλήσεως

53 1733 195 1768 ἡξιωμένῳ
211 1732 332 1767 τάγματι
344 1731 579 1767 καταληφθήσεται
593 1731 643 1767 (α).
659 1731 723 1758 Ὀτι
738 1731 842 1769 όᾹΘεὸς

53 1779 153 1814 κριτής
164 1779 265 1806 ἐστιν.
285 1777 416 1805 Ἐνταῦθα
427 1777 568 1814 προδήλως
583 1777 628 1804 τὸν
643 1770 761 1813 Χριστὸν
769 1776 842 1811 λέγει

53 1824 124 1851 Θεόν·
138 1825 232 1851 πᾶσαν
248 1823 301 1860 γὰρ
324 1824 372 1859 τὴν
402 1823 491 1858 κρίσιν
512 1822 627 1849 δέδωκεν
653 1824 667 1850 6
696 1822 791 1858 Πατὴρ
804 1821 842 1858 τῷ

55 1869 127 1905 Υῑῷη
141 1871 199 1897 Καὶ
227 1870 253 1896 εἰ
278 1870 366 1896 πᾶσαν
386 1869 436 1904 τὴν
462 1869 553 1904 κρίσιν
576 1868 689 1895 δέδωκεν
712 1869 726 1894 6
748 1867 842 1903 Πατὴρ

53 1915 88 1950 τῷ
104 1916 196 1951 Υἱῷ,ὸ
211 1916 242 1942 δὲ
253 1915 318 1947 Θεὸς
335 1915 431 1950 κριτής
444 1915 510 1941 ἐστι·
524 1914 589 1946 Θεός
603 1916 674 1941 ἐστιν
690 1915 704 1941 6
716 1913 840 1949 Χριστός.

87 1963 250 1993 Ἄκουσον,
268 1962 342 1995 λαός
349 1970 419 1996 μου,
447 1960 496 1987 καὶ
516 1960 641 1995 λαλήσω
654 1968 714 1987 σοι.
735 1959 842 1990 Καινῶς

53 2007 213 2042 νομοθεσίας
243 2006 395 2042 εἰσαγωγὴν
421 2006 591 2042 ποιούμενος,
622 2006 665 2032 ἵνα
688 2005 782 2042 μήτις
797 2005 842 2031 ἀν-

54 2053 185 2090 θρώπινον
215 2053 262 2080 τὸν
285 2053 362 2086 λόγον
392 2053 409 2088 ἦ
437 2061 507 2084 τινος
530 2051 678 2087 ἁγγελικῆς
702 2050 842 2086 δυνάμεως

54 2101 191 2130 ὑπολάϐοι.
213 2099 361 2135 προτάττει
385 2098 426 2130 τὺ,
445 2098 477 2125 '0
489 2097 560 2131 Θεὸς
574 2099 589 2124 ό
611 2098 682 2130 Θεός
700 2097 757 2123 σού
784 2097 840 2130 ειμι

55 2145 116 2179 ἐγώ.
136 2145 168 2172 'H
181 2145 211 2171 δὲ
226 2143 329 2170 διάνοια
341 2142 420 2178 αὕτη·
435 2143 480 2178 Μὴ
498 2142 592 2178 νόμιζε
604 2143 696 2178 ἕτερον
715 2140 783 2169 εἷναί
797 2150 842 2177 με,

891 226 959 252 ritus
974 226 1001 252 in
1014 225 1188 252 ministerium
1199 225 1273 251 missi
1287 230 1393 259 propter
1404 233 1448 251 eos
1461 225 1506 260 qui
1530 225 1670 252 heredita-

891 276 943 297 tem
956 270 1058 303 capturi
1072 273 1132 296 sunt
1145 269 1263 296 salutis?
1290 268 1347 296 lloc
1367 269 1429 295 item
1445 269 1573 296 indicavit
1593 270 1667 308 scala

890 315 1056 350 quam.vidit
1078 314 1162 341 Jacob
1174 322 1189 341 a
1202 320 1272 342 terra
1290 315 1323 341 ad
1347 315 1445 342 coelum
1460 316 1667 350 pcrtingentem,

890 369 972 397 super
988 369 1042 396 qua
1072 362 1186 388 ﬁrmiter
1206 361 1372 388 consistebat
1401 360 1542 392 Dominus,
1567 362 1670 396 angelis

890 415 1000 435 sursum
1017 407 1144 434 demsnm
1161 407 1378 434 discurrentibus
1391 407 1423 432 ⁵³.
1437 406 1577 441 Ejusmodi
1606 407 1670 434 item

890 453 956 481 illud
971 458 1013 480 est
1027 463 1033 480 :
1052 452 1291 481 Castramelabilur
1305 453 1432 479 Dominus
1455 454 1482 480 iu
1507 453 1620 480 circuitu
1637 454 1671 480 li—

890 499 1016 525 mentium
1030 507 1100 531 eum,
1116 503 1141 525 et
1158 499 1250 532 eripiet
1263 507 1306 525 eo:
1321 498 1356 531 "';
1371 499 1436 525 dum
1449 499 1541 534 itaque
1565 499 1603 525 illi
1622 506 1671 526 au-

890 544 1032 576 xiliantur,
1052 544 1212 572 discernunt
1232 545 1371 579 populum.

925 634 1069 662 Advocubil
1095 635 1188 662 calum
1219 634 1366 662 desursum.
1389 633 1482 661 Juslos
1497 633 1610 664 scilicet,
1624 634 1671 668 qui

890 680 1000 708 ctelestc
1014 681 1167 708 institutum
1184 684 1333 712 sectantur,
1347 679 1522 714 congregabit
1534 679 1559 705 in
1576 687 1672 713 super-

890 726 933 755 nis
962 727 1160 754 mansionibus.
1187 726 1220 753 Et
1248 731 1345 753 terram
1368 726 1515 752 discernere
1543 725 1669 759 populum

889 780 976 799 suum.
994 771 1153 800 Peccatores
1166 772 1243 807 jubet
1253 779 1402 806 omnesque
1415 772 1441 798 in
1458 775 1528 798 terra
1540 771 1669 805 degentes

891 825 1066 854 congregare,
1090 818 1124 845 ad
1151 818 1436 853 separandumjustos
1460 825 1476 845 a
1497 825 1552 844 non
1576 816 1669 852 justis.

925 908 951 936 5.
966 907 1126 943 Congregate
1140 907 1182 935 illi
1195 912 1300 935 sanctos
1317 908 1385 943 ejus.
1403 907 1487 941 Quasi
1506 907 1539 935 ad
1555 907 1666 941 angelos

889 959 931 982 est
946 962 1046 987 sermo,
1061 955 1138 989 juxta
1153 954 1217 981 illud
1232 962 1247 982 a
1263 954 1379 981 Domino
1392 955 1512 982 dictum:
1537 954 1570 981 Et
1585 955 1671 981 mittet

890 999 996 1034 angelos
1020 1008 1092 1031 suos,
1119 1005 1143 1026 et
1171 1000 1367 1035 congregabunt
1385 999 1473 1034 justas
1496 1008 1528 1034 es:
1552 1004 1668 1035 quatuor
1688 1012 1690 1015 -

890 1047 971 1074 ventis
989 1050 1065 1073 teme
1080 1046 1114 1073 ".
1126 1046 1183 1078 Qui
1198 1046 1325 1072 ordinant
1344 1050 1531 1073 testamentum
1554 1045 1610 1080 ejus
1626 1053 1672 1072 δυο

889 1097 935 1124 per
949 1089 1091 1124 sacriﬁcia.
1106 1088 1245 1117 Sacriﬁcia
1261 1089 1328 1117 dicit
1347 1090 1509 1124 spiritualia.

925 1235 952 1263 6.
966 1235 1000 1270 Et
1015 1236 1210 1264 annuntiabunt
1225 1237 1282 1264 caeli
1295 1233 1432 1272 justitiam
1448 1239 1519 1275 ejus.
1538 1239 1672 1273 Gloriam,

891 1281 990 1316 inquit,
1003 1281 1058 1309 Deo
1082 1283 1204 1310 tribuent
1229 1283 1304 1315 caeli,
1327 1283 1392 1318 quia
1417 1285 1523 1312 scilicet
1548 1285 1672 1317 homines

890 1329 1050 1356 caelestibus
1082 1329 1272 1358 mansionibus
1295 1330 1422 1365 dignatus
1456 1335 1508 1358 est.
1533 1331 1615 1367 Optat
1643 1337 1674 1360 ut

893 1373 980 1401 sancti
998 1374 1098 1408 prioris
1114 1375 1207 1409 populi
1221 1380 1284 1402 ante
1297 1374 1420 1402 futurum
1440 1375 1574 1410 judicium
1590 1377 1673 1405 linem

891 1417 994 1445 faciant
1011 1418 1141 1446 sacriﬁcii
1169 1427 1216 1454 per
1235 1420 1430 1448 mactationem
1445 1421 1590 1449 brutorum
1613 1423 1673 1451 ﬁeri

892 1463 976 1496 soliti,
991 1468 1018 1491 et
1032 1464 1099 1492 illud
1116 1470 1259 1492 assumant
1275 1466 1347 1500 quod
1363 1467 1512 1494 secundum
1528 1468 1673 1496 scientiam

893 1513 920 1535 et
933 1509 1115 1544 cognitionem
1137 1511 1261 1539 olIertur.
1277 1511 1366 1547 Super
1381 1513 1423 1540 his
1445 1513 1570 1542 cmlestes
1585 1515 1672 1542 virtu-

895 1559 935 1582 tes
951 1556 1070 1589 judiccm
1084 1557 1312 1593 celebrant,_quia
1335 1565 1351 1585 ιι
1382 1559 1485 1586 sanctis
1516 1559 1620 1595 incipit,
1645 1564 1673 1588 et

893 1617 955 1646 εωΙί
976 1618 1141 1646 annuntiant
1159 1618 1293 1654 justitiam
1316 1619 1391 1653 ejus,
1415 1619 1449 1646 de
1465 1627 1560 1646 eorum
1586 1620 1674 1648 salute

891 1672 947 1693 una
967 1664 1100 1693 ltetanles.
1125 1663 1275 1692 Terrenum
1297 1671 1361 1692 vero
1383 1664 1552 1692 domicilium
1577 1665 1602 1692 ei
1628 1673 1675 1693 or—

890 1710 948 1738 dini
975 1711 1145 1746 relinquetur
1176 1710 1223 1745 qui
1245 1718 1287 1738 ccc
1297 1711 1350 1737 esti
1377 1711 1520 1738 vocatione
1546 1711 1674 1746 dignatus

891 1764 945 1784 non
957 1755 1049 1784 fuerit.
1065 1756 1197 1789 Quoniam
1211 1756 1281 1783 Deus
1295 1757 1380 1791 judea:
1399 1763 1449 1794 est.
1467 1756 1516 1784 Hic
1531 1758 1675 1786 manifeste

891 1803 1029 1831 Christum
1051 1803 1118 1831 dicit
1138 1803 1244 1830 Deum:
1269 1811 1331 1831 nam
1347 1811 1430 1831 omne
1449 1804 1583 1839 judicium
1601 1805 1675 1832 dedit

892 1848 971 1876 Pater
985 1848 1056 1876 Filio
1071 1850 1103 1876 ".
1118 1849 1222 1882 Quodsi
1235 1857 1315 1877 omne
1334 1850 1467 1885 judicium
1491 1850 1565 1878 dedit
1582 1850 1632 1882 illi,
1646 1855 1675 1878 et

891 1895 964 1923 Deus
979 1895 1064 1931 judex
1084 1900 1126 1923 est
1141 1903 1148 1922 :
1170 1903 1236 1931 ergo
1250 1895 1321 1923 Deus
1338 1900 1379 1923 est
1397 1895 1535 1924 Christus.

924 1942 950 1969 7.
970 1941 1059 1985 Audin
1071 1942 1182 1976 populus
1204 1950 1286 1975 meus,
1302 1946 1327 1969 et
1345 1942 1439 1977 loquar
1461 1942 1518 1970 tibi.
1542 1942 1610 1969 Cum
1626 1949 1676 1970 no-

891 1996 952 2017 vam
968 1990 1166 2026 legislationem
1183 1991 1378 2024 introduceret,
1394 1999 1428 2018 ne
1444 1991 1506 2026 quis
1525 1991 1677 2019 humanum

891 2037 1005 2065 verbum
1022 2046 1099 2070 esse,
1117 2042 1163 2065 aut
1175 2045 1190 2064 ο
1207 2038 1324 2072 quadam
1337 2038 1460 2072 angelica
1478 2038 1578 2065 virtute
1593 2037 1678 2072 proli-

891 2084 958 2113 cisci
983 2084 1161 2115 existimaret,
1183 2084 1322 2118 prmmittit
1343 2084 1429 2112 illud:
1445 2083 1516 2110 Deus
1530 2083 1601 2110 Deus
1615 2089 1677 2111 tuus

889 2137 935 2165 ego
949 2138 1019 2158 sum.
1036 2129 1100 2158 Huic
1114 2134 1206 2158 autem
1218 2134 1261 2158 est
1272 2130 1427 2158 sententia:
1442 2128 1482 2158 No
1494 2136 1574 2166 putes
1593 2129 1677 2158 alium

55 2189 94 2217 διὰ
105 2191 136 2217 τὸ
152 2191 239 2225 ἕτερα
260 2189 413 2225 νομοθετεῖν
427 2189 556 2224 σήμερον·
575 2188 632 2214 ἀλλ’
643 2187 723 2220 αὐτὸς
739 2187 841 2220 ἐκεῖνός

894 2195 938 2216 τηε
962 2194 1036 2221 esse,
1059 2185 1135 2221 quod
1157 2185 1237 2212 hodie
1262 2185 1330 2213 alias
1360 2186 1482 2215 sauciam
1506 2188 1578 2223 leges
1598 2198 1604 2216 :
1626 2187 1674 2217 sed

55 2236 108 2269 εἰμι
125 2236 141 2261 6
160 2234 242 2270 παρὰ
263 2234 348 2269 Μωσῇ
375 2233 412 2260 τὰ
440 2233 503 2268 περὶ
527 2232 627 2259 θυσιῶν
649 2231 840 2268 νομοθετήσας.

56 2279 239 2315 Μιρτύρομαι
249 2278 277 2305 δέ
288 2287 328 2310 σε,
348 2279 385 2310 ὡς
399 2278 450 2305 οὐκ
468 2277 625 2314 ἑγκληθήσῃ
636 2277 762 2313 παραϐὰς
780 2277 844 2308 τοὺς

56 2325 128 2361 παρὰ
142 2326 232 2359 Μωσῇ
248 2324 355 2360 νόμους.
369 2324 456 2356 Αὐτὸς
464 2324 518 2360 γάρ
527 2324 584 2359 εἰμι
598 2324 612 2350 6
627 2324 707 2350 κάκεῖ
720 2322 846 2354 διαταξά-

58 2379 134 2405 μενος
147 2370 188 2406 τῷ
203 2369 281 2397 παιδί
294 2378 344 2406 μου
359 2370 560 2406 συμφερόντως,
577 2369 624 2396 καὶ
635 2368 683 2396 νῦν
700 2369 762 2396 τάδε
778 2376 843 2403 μαρ-

55 2414 182 2451 τύρομαι,
193 2416 237 2442 ὅτι
251 2414 288 2450 μὴ
299 2415 403 2450 ἀνάγκη
426 2423 467 2441 σοι
491 2414 525 2441 τὰ
542 2415 605 2450 περὶ
631 2413 730 2441 θυσιῶν
746 2412 844 2448 φυλάτ-

56 2468 112 2488 τειν
123 2461 242 2496 νόμιμα.
260 2460 318 2488 Κᾶν
334 2460 388 2496 γὰρ
417 2460 454 2497 μὴ
471 2461 628 2496 προσφέρῃς
648 2460 727 2492 αὐτὰ,
756 2460 842 2492 οὓτως

57 2505 299 2542 προσενηνεγμένα
323 2505 390 2532 ὲστί.
408 2505 447 2532 Τὰ
459 2505 512 2542 γὰρ
527 2504 757 2540 ὁλοκαυτώματά
783 2513 842 2532 σου

56 2551 184 2579 ἐνώπιόν
204 2552 266 2586 μού
290 2550 356 2577 ἐστι
384 2550 556 2584 διαπαντὸς,
576 2550 627 2578 κᾶν
641 2550 678 2586 μὴ
688 2550 844 2586 προσφέρη-

56 2605 109 2625 ται.
126 2597 158 2624 Εἰ
169 2597 199 2623 δὲ
220 2596 252 2628 ἐξ
266 2595 384 2627 ἅπαντος
399 2595 558 2628 σπουδάζεις
579 2595 673 2632 ὥσπερ
688 2595 749 2622 τινὰ
764 2595 843 2630 τίμια

55 2643 101 2670 καὶ
125 2643 267 2677 ἀναγκαῖα
289 2642 375 2669 ταῦτα
398 2641 556 2677 προσάγειν,
582 2643 663 2669 ἄκουε
687 2642 756 2678 μετὰ
772 2642 843 2676 παῤ-

57 2690 162 2725 ρσησίας,
180 2689 220 2721 ὡς
239 2688 313 2715 οὐδὲν
328 2688 429 2715 τούτων
443 2688 519 2724 παρὰ
528 2688 575 2715 σοῦ
587 2689 705 2724 δέξομαι.
724 2687 841 2724 Περιττὰ

892 2233 963 2261 idem
977 2234 1034 2268 ipse
1043 2240 1104 2261 sum
1121 2231 1170 2269 qui
1195 2232 1266 2267 apud
1291 2232 1394 2260 Mosem
1417 2233 1452 2262 de
1476 2235 1620 2262 sacriﬁciis
1634 2235 1674 2262 le-

893 2285 953 2313 gem
973 2278 1033 2304 tuli.
1057 2277 1200 2306 Testiﬁcor
1220 2281 1310 2304 autem
1332 2278 1381 2306 tibi
1408 2283 1435 2306 te
1450 2287 1515 2307 .non
1533 2281 1675 2315 culpatum

893 2323 928 2350 iri
943 2323 967 2350 si
987 2323 1060 2358 leges
1075 2322 1159 2350 Mosis
1178 2328 1390 2359 praetergressus
1403 2325 1498 2352 lueris.
1526 2324 1588 2360 Ipse
1600 2326 1675 2354 enim

893 2375 944 2403 ego
966 2376 1028 2396 sum
1053 2369 1100 2404 qui
1128 2369 1189 2396 illas
1205 2374 1271 2396 tunc
1289 2377 1372 2404 puero
1389 2377 1451 2397 meo
1473 2370 1507 2398 ad
1530 2371 1675 2400 utilitatem

893 2413 953 2448 ejus
966 2413 1075 2446 tradidi,
1090 2418 1118 2441 et
1140 2414 1197 2448 jam
1221 2415 1362 2447 testiﬁcor,
1381 2415 1430 2442 tibi
1451 2423 1505 2443 non
1530 2424 1675 2444 necessum

893 2465 954 2485 esse
972 2457 1067 2493 legalia
1081 2458 1114 2485 de
1130 2458 1274 2486 sacriﬁciis
1291 2465 1425 2494 praecepta
1438 2468 1559 2489 servare.
1574 2460 1676 2489 Etiam-

893 2503 917 2530 si
935 2503 1007 2530 enitn
1025 2511 1057 2530 ea
1075 2511 1128 2531 non
1142 2504 1285 2537 obtuleris,
1310 2504 1489 2533 nihilominus
1513 2509 1578 2533 sunt
1599 2506 1676 2534 obla-

895 2552 938 2575 ta:
955 2557 1017 2576 nam
1037 2548 1202 2576 Holocausta
1217 2556 1262 2576 tua
1274 2550 1302 2576 in
1324 2555 1462 2585 conspectu
1481 2556 1526 2578 tuo
1536 2557 1596 2578 sunt
1609 2560 1677 2580 sem-

893 2603 948 2630 per,
964 2597 1071 2624 etiamsi
1097 2605 1151 2624 non
1172 2597 1330 2625 oll'erantur.
1349 2597 1377 2625 Si
1390 2603 1482 2626 autem
1497 2599 1610 2626 omnino
1629 2607 1677 2627 eu-

895 2649 940 2669 ras
953 2649 986 2669 ea
1005 2649 1053 2669 ceu
1076 2643 1194 2677 pretiosa
1219 2643 1343 2678 quaedam
1363 2647 1391 2671 et
1414 2644 1570 2672 necessaria
1595 2643 1677 2671 οιτον-

895 2695 937 2715 re.
966 2695 1028 2716 cum
1048 2688 1146 2716 ﬁducia
1160 2690 1234 2723 audi,
1265 2697 1308 2717 me
1327 2697 1423 2718 eorum
1454 2690 1551 2717 nihila
1575 2694 1600 2717 te
1627 2696 1674 2716 ac-

93 2770 116 2786 "
132 2769 221 2797 Hebr.
239 2777 259 2802 ι,
278 2769 320 2797 Η.
365 2769 388 2785 ⁸⁸
402 2769 470 2797 Gen.
488 2776 584 2800 nvm,
602 2768 644 2796 i2.
681 2767 704 2784 “
717 2767 789 2795 Psal.
808 2775 841 2794 xx

898 2787 905 2800 ,
919 2767 945 2796 8.
982 2768 1006 2784 "
1019 2767 1114 2797 Matth.
1134 2769 1264 2804 ιιιι,·41.
1302 2769 1326 2786 ⁵⁸
1345 2769 1424 2799 Joan.
1445 2770 1527 2804 v,‘22.

89 2849 128 2884 (ο)
144 2849 285 2883 Interpres
299 2849 396 2884 legisse
410 2848 515 2875 indetur
529 2846 784 2883 καταλειφθήσεται.
802 2845 880 2874 Ent'r.

222 2894 359 2924 Ριτιιοι..
372 2893 431 2924 Gn.
449 2892 580 2924 XXVII.
