1928 3053
263 123 321 150 €35

684 124 712 152 S.
734 124 917 152 ATHANASII
936 125 1012 153 OPP.
1032 125 1123 153 PARS
1141 125 1186 153 lll.
1203 142 1238 148 —
1257 126 1460 155 EXEGETICA.

1824 129 1881 155 236

267 187 422 218 capturum.
440 183 581 219 Superflua
596 184 668 211 enim
684 185 748 212 mihi
762 186 854 213 omnia
869 190 942 213 sunt.
957 185 1050 219 Quan-

1100 187 1154 222 γάρ
1168 195 1212 222 μοι
1235 187 1334 214 πάντα·
1350 187 1441 222 ἐπειδὴ
1458 187 1504 213 καὶ
1523 187 1558 214 τὰ
1587 187 1615 213 ὲν
1634 186 1727 222 ἀγροῖς
1747 186 1882 222 νεμόμενα

269 229 416 264 doquidem
443 235 469 257 et
497 238 557 264 qua:
577 230 605 257 in
631 231 702 265 agris
723 236 874 265 pascuntur
888 233 1048 265 animantia,

269 275 364 308 boves,
382 275 517 309 iumenta,
529 276 656 303 volucres
668 277 741 308 caeli.
754 282 780 304 et
791 277 964 312 pulchritudo
975 278 1046 313 agri,

270 321 361 347 omnia
370 328 429 348 mea
436 325 537 353 sunt,et
549 321 644 348 borum
658 322 724 349 nihil
738 330 814 357 egeo.
831 323 933 356 Quodsi
941 325 1050 358 quando

270 366 337 393 mihi
353 367 501 394 necessitas
514 366 584 393 foret
597 367 731 401 alimenti,
758 376 813 396 non
825 370 861 396 ita
871 377 973 404 egenus
999 377 1049 405 ego

270 419 342 444 sum,
357 416 387 439 ut
402 419 417 439 a
440 417 466 439 te
482 412 545 439 talia
559 413 711 447 postulem:
727 413 801 440 Meus
827 419 865 441 est
889 415 959 441 enim
978 415 1048 442 orbis

270 462 346 484 teme
362 457 394 483 ".
413 457 464 484 Sed
477 465 599 492 quanam
612 462 688 492 grata
706 459 771 486 Inibi
783 459 880 486 oﬂ‘cres
895 460 1048 487 sacriﬁcia?

269 502 388 534 laudem,
404 502 551 535 canticum,
580 503 702 531 divinum
715 512 880 532 sermonem.
906 505 973 533 Cum
999 514 1048 533 au-

268 552 323 576 tem
339 549 396 576 haec
410 549 576 583 impleveris,
596 554 653 576 tum
684 558 716 578 ac
740 552 763 579 si
791 552 876 586 legem
900 553 1047 587 implesses

268 595 399 628 divinam,
416 596 569 623 mercedem
586 596 722 631 accipies;
735 603 764 624 ut
784 605 846 625 cum
863 599 1045 632 invocaveris,

267 641 430 668 exaudiaris.
442 640 476 668 Et
490 641 632 669 declarans
645 650 724 677 quem
737 645 866 678 populum
880 645 1045 680 alloquatur,

267 687 375 714 intulit:
396 686 492 719 Israel,
529 692 555 713 et
580 688 741 722 testiﬁcabar
767 689 824 716 tibi.
847 689 949 717 Exinde
981 698 1046 717 vero

265 741 346 760 suum
359 733 635 761 ostenditdominium
650 743 655 759 :
673 733 741 760 Deus
757 734 826 762 Deus
845 739 904 762 tuus
916 743 962 770 ego
975 743 1044 769 sum,

264 779 313 813 qui
332 783 359 806 te
372 778 533 814 Egyptiaca
553 779 684 807 servitute
711 780 835 814 liberavi,
849 781 897 816 qui
924 789 1000 809 mare
1017 781 1044 808 in

263 825 338 857 viam
353 825 426 858 dedi,
447 825 494 859 qui
518 826 546 852 in
562 826 671 853 deserto
698 827 826 859 euutrivi,
852 827 899 862 qui
918 835 978 855 eam
995 827 1044 854 tibi

254 868 350 906 ‘legem
368 871 439 898 dedi.
452 870 519 898 Nam
533 879 566 898 ne
581 872 665 899 alium
679 879 722 900 me
740 860 923 908 legislatoirem
950 874 1047 902 existi—
1061 860 1082 888 Β

265 917 393 949 maveris,
408 924 522 944 cernens
536 918 625 953 legum
635 918 832 946 diversitatem.

300 1006 388 1042 [Deus
406 1007 473 1034 Deus
485 1012 554 1035 tuus.
564 1007 600 1036 1d
619 1013 671 1042 est,
685 1009 732 1044 qui
754 1017 852 1044 magna
863 1011 996 1039 miracula
1010 1012 1045 1039 ab

260 1054 342 1082 initio
358 1062 446 1090 usque
458 1055 492 1083 ad
503 1055 555 1084 hoc
562 1059 669 1091 tempus
685 1056 777 1093 generi
792 1061 883 1085 vestro
894 1057 1041 1094 exhibuit.]

300 1142 326 1169 8.
360 1142 422 1170 Non
447 1145 476 1170 in
489 1145 630 1178 sacriﬁciis
651 1146 702 1172 tui:
742 1154 853 1180 arguam
877 1151 911 1173 te.
935 1146 1044 1182 Nequa-

264 1195 346 1222 quam
361 1193 388 1216 te
398 1189 566 1225 negligentiae
579 1191 607 1217 in
622 1190 768 1218 oﬂ‘erendis
779 1191 922 1218 sacrificiis
933 1199 1019 1227 arguo
1034 1202 1041 1220 :

262 1233 311 1260 illa
337 1241 455 1268 namque
470 1233 551 1262 oﬁ‘ers
567 1235 695 1268 assidue;
711 1235 757 1263 sed
770 1235 899 1270 praecipio
913 1243 947 1263 ne
967 1236 1043 1264 hisce

264 1278 396 1312 iustitiam
411 1279 634 1306 circumscribas.

299 1323 343 1351 16.
359 1322 495 1351 Peccatori
505 1330 591 1352 autem
604 1327 672 1352 dixit
687 1325 757 1353 Deus
767 1334 776 1352 :
795 1325 882 1359 Quare
910 1332 937 1354 tu
963 1336 1043 1355 enar-

264 1375 309 1395 ras
320 1368 440 1402 justitia:
455 1372 545 1397 meas?
569 1370 741 1398 Peccatorem
766 1371 819 1399 hoc
834 1372 895 1399 loco
922 1373 1043 1407 promul-

264 1418 383 1448 gatorem
419 1414 571 1442 divinarum
608 1415 809 1451 Scripturarum
836 1418 911 1445 dicit.
949 1418 1043 1446 Simile

263 1463 354 1486 autem
367 1463 409 1486 est
430 1460 493 1487 huic
505 1461 594 1488 dicto:
611 1461 672 1488 Non
694 1463 809 1497 speciosa
825 1464 884 1491 laus
898 1468 937 1490 est
959 1465 988 1491 in
998 1472 1042 1491 ore

263 1506 410 1539 peccatoris
424 1505 458 1533 ".
472 1505 501 1533 Si
513 1514 631 1542 namque
644 1508 735 1535 omnia
750 1515 882 1544 praecepta
900 1514 1040 1545 transgre-

263 1551 349 1583 ditur,
367 1555 394 1578 et
407 1551 482 1578 omni
493 1552 602 1580 malitia:
625 1553 726 1586 studet,
741 1558 768 1581 et
781 1554 873 1589 lingua
895 1555 980 1582 utitur
992 1555 1042 1583 do-

263 1604 337 1630 .osa,
353 1604 402 1625 cur
417 1602 511 1632 postea
523 1598 629 1626 divinas
640 1599 742 1627 litteras
758 1600 786 1626 in
802 1607 850 1627 ore
868 1601 972 1628 habet?

298 1686 342 1714 2|.
356 1687 526 1715 Emistimasli
540 1689 636 1723 inique,
648 1689 718 1723 quod
728 1697 772 1715 ero
794 1690 832 1716 tui
848 1690 954 1717 similis.
970 1690 1041 1719 Olim

261 1733 438 1769 quidem,ait,
454 1734 500 1761 diu
515 1734 637 1766 toleravi,
652 1735 698 1762 sed
707 1743 765 1762 non
775 1735 831 1770 jam
844 1736 871 1764 id
887 1735 983 1764 faciam
996 1746 1002 1764 :
1014 1737 1041 1764 in

261 1779 381 1807 medium
396 1781 467 1808 enim
481 1781 520 1808 tui
534 1781 663 1816 arguendi
683 1789 766 1809 causa
787 1781 901 1809 afferam
927 1789 1041 1817 peccata

261 1831 318 1859 tua,
328 1834 389 1862 quae
406 1831 434 1854 tu
447 1827 556 1862 quidem
571 1827 748 1855 existimabas
763 1835 818 1855 non
832 1828 903 1856 ultra
925 1830 1039 1857 exsiste-

261 1879 302 1904 re,
317 1879 405 1906 neque
429 1872 456 1899 in
474 1873 628 1907 cujuspiam
652 1873 812 1900 memoriam
838 1878 951 1901 ventura
970 1882 1040 1902 esse.

261 1917 318 1952 Ego
327 1925 391 1945 vero
399 1922 491 1952 utpote
508 1917 580 1945 Deus
590 1918 622 1945 ad
646 1917 734 1946 lucem
749 1919 897 1953 producam
923 1919 979 1951 illa,
997 1925 1042 1946 at-

261 1969 314 1997 que
324 1967 492 1997 apponentur
516 1963 544 1990 in
561 1968 735 1998 conspectum
752 1968 840 1991 tuum.
854 1963 955 1999 "Neque
979 1965 1043 1992 abs-

260 2008 374 2035 condam
392 2008 619 2042 quemadmodum
644 2013 673 2036 tu
698 2009 776 2041 facis,
802 2017 853 2036 nec
879 2010 978 2037 similis
1001 2010 1042 2037 tui

260 2061 318 2080 ero.
337 2053 487 2081 Producam
503 2054 566 2081 item
584 2054 640 2086 illa,
657 2059 686 2081 ut
705 2055 795 2089 palam
816 2054 918 2082 faciens
933 2055 1039 2094 pudore

261 2104 288 2126 te
299 2098 422 2127 afﬁciam.
435 2099 550 2134 Arguam
560 2103 593 2132 te,
606 2104 631 2126 et
641 2104 756 2127 statuam
763 2105 854 2127 contra
867 2100 1041 2134 faciemtuam

260 2150 366 2179 peccata
374 2149 431 2172 tua.

1101 231 1159 264 ζῶα
1175 232 1234 266 βόες
1248 233 1295 260 καὶ
1311 233 1407 268 κτήνη,
1429 233 1476 259 καὶ
1501 233 1535 259 τὰ
1560 232 1669 259 πετεινὰ
1692 230 1739 259 τοῦ
1754 231 1881 267 οὐρανοῦ,

1099 278 1146 305 καὶ
1158 280 1173 314 ἡ
1187 279 1319 314 ὡραιότης
1333 279 1380 309 ἰυῦ
1395 278 1490 313 ἀγροῦ,
1507 279 1594 305 πάντα
1610 278 1664 313 ἐμὰ
1680 278 1821 313 τυγχάνει,
1837 278 1881 304 καὶ

1099 324 1223 359 ἀνενδεὴς
1236 324 1334 355 παντὸς
1351 324 1474 359 ὑπάρχω.
1485 324 1516 350 Ei
1530 323 1557 350 δὲ
1572 324 1618 350 καὶ
1628 324 1706 359 χρεία
1719 332 1765 359 μοι
1779 323 1883 357 γένοιτό

1099 378 1164 396 ποτε
1175 370 1287 405 τροφῆς,
1299 370 1348 404 οὐχ
1364 369 1448 401 οὕτως
1463 369 1555 404 ἐνδεὴς
1569 369 1635 404 ἐγὼ,
1646 369 1684 400 ὡς
1698 369 1774 404 παρὰ
1788 369 1835 395 σοῦ
1849 369 1882 395 τὰ

1097 415 1208 442 τοιαῦτα
1224 417 1317 442 αἰτεῖν⁸
1335 415 1402 450 Ἐμὴ
1416 415 1470 450 γάρ
1484 416 1568 442 ἐστιν
1583 416 1603 449 ἡ
1618 415 1788 450 οἰκουμένη.
1801 415 1881 446 Τίνας

1097 460 1126 487 δέ
1153 470 1196 496 μοι
1222 462 1366 496 προσηνεῖς
1383 461 1472 491 Θύσεις
1487 460 1597 493 θυσίας;
1625 461 1674 496 τὴν
1693 461 1808 492 alveo-tv,
1838 460 1881 486 τὸν

1099 505 1190 541 ὕμνον,
1207 506 1256 541 τὴν
1285 506 1432 540 θεολογίαν.
1454 506 1560 540 Ἐπειδὴ
1576 506 1604 532 δὲ
1621 505 1705 532 ταῦτα
1715 505 1879 540 πληρώσεις,

1096 551 1126 577 τὸ
1141 551 1288 586 τηνικαῦτα
1298 552 1335 583 ὼς
1347 551 1380 578 ἂν
1397 551 1476 586 νόμον
1491 550 1636 586 πληρώσας
1651 550 1732 582 θεῖον,
1747 550 1880 576 ἀντίδοσιν

1097 595 1168 631 λήψῃ
1184 599 1213 623 τὺ
1231 596 1441 631 ἐπικαλούμενος
1452 595 1670 630 είσακουσθῆναι.
1695 596 1751 621 Καὶ
1775 594 1880 626 δεικνὺς

1095 641 1164 677 πρὸς
1175 643 1249 668 ποῖον
1263 642 1325 669 λαὸν
1339 642 1499 676 διαλέγεται,
1512 642 1659 676 ἐπήγαγεν·
1682 640 1817 674 Ἰσραὴλ,
1833 640 1880 667 καὶ

1092 685 1327 720 διαμαρτύρομαι
1362 695 1421 714 σοι.
1448 684 1513 712 Εἶτα
1541 685 1590 721 τὴν
1622 685 1725 712 οἰκείαν
1758 685 1879 712 δείκνυσι
1916 704 1917 713 η

1096 732 1262 758 δεσποτείαν·
1285 733 1310 758 Ὀ
1327 733 1398 765 Θεὸς
1412 734 1429 759 ό
1454 733 1526 765 Θεός
1551 731 1608 758 σού
1625 732 1681 766 εἰμι
1695 730 1769 765 ἐγὼ,
1793 731 1808 756 ὁ
1831 731 1880 765 τῆς

1093 778 1283 813 -Λίγυπτιακῆς
1297 787 1326 805 σε
1338 778 1458 809 δουλείας
1477 777 1674 813 ἐλευθερώσας,
1691 777 1706 802 ὁ
1717 777 1765 811 τὴν
1781 776 1879 803 Θάλατ-

1095 831 1144 849 ταν
1158 823 1433 859 ὁδδνδωρησάμενος,
1446 823 1460 849 ὁ
1475 824 1505 849 ὲν
1524 823 1619 858 ἐρήμῳ
1635 822 1792 857 διαϐρέψας,
1802 823 1818 848 ὁ
1833 821 1879 848 τὸν

1096 868 1176 904 νόμον
1205 869 1307 896 ἐκεῖνόν
1327 877 1366 895 σοι
1390 868 1521 900 δεδωκώς.
1543 869 1588 904 Μὴ
1616 868 1670 904 γὰρ
1688 867 1719 903 δὴ
1747 868 1827 894 ἄλλον
1845 876 1878 902 με

1095 913 1241 949 νομοθέτην
1268 913 1399 951 νομίσῃς,
1433 914 1488 941 τῶν
1519 913 1608 949 νόμων
1647 913 1718 949 ὁρῶν
1755 913 1787 939 τὸ
1822 913 1879 940 διά-

1095 969 1187 995 φορον.

1130 1006 1141 1042 [
1154 1006 1186 1032 ⁸0
1209 1006 1280 1039 Θεὸς
1290 1007 1306 1033 d
1316 1007 1395 1039 -Θεός
1407 1014 1476 1033 σου.
1490 1005 1646 1038 Τουτέστιν,
1660 1007 1674 1032 δ
1699 1006 1803 1041 μεγάλα
1816 1005 1879 1032 Θαυ-

1096 1052 1180 1087 μάσια
1197 1052 1315 1088 ἀρχῆθεν
1337 1052 1417 1088 μέχρι
1437 1051 1483 1078 τοῦ
1498 1051 1545 1079 νῦν
1562 1051 1602 1087 τῷ
1615 1051 1689 1086 γένει
1705 1051 1781 1087 ὑμῶν
1796 1051 1879 1078 ἐνδει-

1095 1097 1232 1134 ξάμενο;.]

1130 1144 1191 1170 οὐκ
1218 1143 1268 1170 ἐπὶ
1293 1143 1358 1176 ταῖς
1381 1143 1499 1174 θυσίαις
1531 1149 1588 1169 σου
1608 1142 1719 1177 ἐλέγξω
1744 1140 1805 1168 σε.“
1822 1141 1879 1168 οὐκ

1093 1189 1221 1225 ἀμέλειάν
1238 1199 1288 1222 σοι,
1297 1190 1389 1225 φησὶν,
1402 1188 1510 1224 ἐγκαλῶ
1525 1189 1632 1216 θυσιῶν·
1645 1189 1808 1225 προσφέρεις
1824 1189 1878 1224 γὰρ

1093 1236 1194 1268 ταύτας
1209 1235 1350 1271 διηνεκῶς·
1375 1235 1442 1262 ἀλλὰ
1467 1235 1504 1271 μὴ
1532 1235 1644 1266 ταύταις
1670 1235 1814 1271 ὁρίσασθαι
1829 1235 1879 1270 τὴν

1092 1282 1263 1318 δικαιοσύνην
1276 1282 1434 1317 παρεγγυῶ.

1093 1338 1098 1344 λ
1130 1329 1173 1362 Τῷ
1189 1329 1222 1355 δὲ
1251 1329 1413 1364 ἁμαρτωλῷ
1437 1327 1522 1356 εἶπεν
1556 1331 1572 1356 ὁ
1598 1328 1680 1361 Θεός·
1704 1328 1765 1354 Ἵνα
1783 1327 1810 1354 τί
1837 1327 1879 1354 (fit

1092 1374 1216 1409 ὲκδιηγῇ
1234 1374 1270 1400 τὰ
1284 1374 1465 1408 δικαιώματά
1473 1383 1551 1409 pou;
1571 1373 1744 1409 Ἃμαρτωλδν
1759 1372 1879 1400 ἐνταῦθα

1091 1421 1138 1447 τὸν
1155 1420 1301 1456 νομοθέτην
1317 1420 1371 1446 τῶν
1383 1420 1462 1446 θείων
1478 1421 1497 1446 Γ
1501 1420 1593 1456 ραφῶν
1603 1428 1695 1455 φησιν.
1716 1419 1830 1453 Ὅμοιον
1848 1419 1878 1444 εξ

1092 1466 1131 1502 τῷ
1145 1466 1290 1501 εἰρημένῳ
1304 1467 1365 1499 Οὐχ
1381 1466 1486 1499 ὡραῖος
1501 1467 1585 1499 αἶνος
1604 1466 1638 1492 ἐν
1653 1466 1777 1499 στόματι
1789 1466 1878 1498 ἁμαρτ

1092 1512 1199 1539 τωλοῦ.
1214 1512 1245 1538 Εἰ
1258 1511 1312 1547 γὰρ
1329 1511 1418 1543 πάσας
1445 1512 1607 1548 παραῦαίνει
1633 1511 1681 1542 τὰς
1707 1510 1818 1541 ἐντολὰς
1832 1510 1878 1536 καὶ

1093 1559 1182 1584 πᾶσαν
1199 1557 1352 1592 ἐπιτηδεύει
1371 1557 1479 1590 κακίαν,
1498 1557 1544 1584 καὶ
1557 1557 1646 1584 δολίαν
1669 1556 1814 1583 ἀποδίδωσι
1830 1555 1878 1590 τὴν

1092 1603 1227 1638 γλῶσσαν*
1260 1603 1286 1630 τί
1307 1603 1354 1630 καὶ
1380 1603 1428 1635 τὰς
1458 1602 1533 1634 θείας
1563 1602 1610 1628 ἐπὶ
1637 1602 1770 1637 στόματος
1800 1601 1878 1636 φέρει

1092 1649 1203 1685 Γραφάς
1213 1658 1221 1682 ;

1134 1694 1296 1727 ’Υπέλαϐες
1311 1694 1464 1728 ἀνομίαν,
1492 1693 1536 1720 ὅτι
1567 1693 1675 1727 ἔσομαι
1697 1699 1747 1719 σοι
1766 1692 1876 1726 ὅμοιος.

1092 1739 1178 1767 Πάλαι
1192 1740 1250 1775 μὲν,
1279 1739 1369 1775 φησὶν,
1383 1739 1608 1775 ὲμακροούμησα,
1625 1739 1682 1765 ἀλλ’
1696 1739 1727 1765 οὐ
1742 1738 1790 1766 νῦν
1801 1736 1878 1764 τοῦτο

1092 1786 1208 1820 ποιήσω’
1235 1785 1404 1820 παραστήσω
1429 1784 1482 1821 γὰρ
1497 1785 1536 1816 ε’ίς
1552 1784 1597 1810 τὸν
1612 1784 1680 1810 κατὰ
1703 1782 1750 1809 σοῦ
1768 1783 1878 1817 ἔλεγχον

1091 1832 1125 1859 τὰ
1139 1832 1172 1858 σὰ
1188 1832 1382 1866 ἁμαρτήματα,
1395 1830 1413 1857 ἃ
1432 1830 1464 1866 δὴ
1491 1831 1522 1856 σὺ
1541 1829 1590 1865 μὲν
1619 1828 1752 1860 ὑπέλαϐες
1779 1828 1877 1863 μηκέτι

1092 1876 1249 1911 ὑφεστάναι,
1269 1876 1335 1911 μηδὲ
1347 1877 1386 1908 εἰς
1401 1875 1510 1911 μνήμην
1532 1875 1607 1910 ἥξειν
1628 1875 1709 1906 τινός·
1730 1873 1786 1908 ἐγὼ
1797 1872 1827 1900 δὲ
1841 1873 1878 1905 ὡς

1091 1922 1157 1953 Θεὸς
1169 1922 1209 1953 είς
1232 1921 1289 1955 φῶς
1303 1921 1426 1956 παράξω,
1458 1921 1504 1947 καὶ
1530 1919 1744 1955 προτεθήσονται
1763 1918 1878 1945 ἐνώπιόν

1093 1975 1148 1994 σου·
1164 1967 1194 1993 οὺ
1216 1966 1344 2002 κρύπτων
1370 1966 1464 2001 ὥσπερ
1485 1966 1527 1997 σὺ,
1559 1965 1606 1992 καὶ
1628 1964 1803 2000 ὼμοιωμένος
1826 1973 1876 1991 σοι.

1092 2011 1209 2047 Παράεω
1228 2011 1256 2038 δὲ
1268 2010 1347 2044 αὐτὰ,
1365 2012 1438 2043 ὅπως
1452 2011 1522 2038 αὐτὰ
1537 2011 1583 2037 καὶ
1593 2011 1733 2045 γνωρίζων
1748 2009 1878 2045 αἰσχύνην

1091 2058 1224 2093 καταχέω.
1238 2057 1362 2092 Ἐλέγξω
1372 2065 1418 2088 σε,
1436 2057 1485 2084 καὶ
1504 2056 1689 2091 παραστήσω
1701 2056 1777 2083 κατὰ
1785 2056 1879 2090 πρόσ-

1091 2103 1172 2130 ωπόν
1182 2111 1240 2130 σου
1251 2103 1304 2136 τὰς
1327 2103 1468 2137 ἁμαρτιας
1481 2110 1550 2129 σου.

295 2190 341 2216 22.
360 2189 503 2225 Intelligite
513 2190 584 2221 hinc,
605 2191 650 2224 qui
664 2189 847 2217 obliviscimini
869 2189 961 2217 Deum.
990 2189 1041 2218 Ut-

1129 2193 1237 2220 Σύνετε
1248 2192 1285 2226 δὴ
1298 2192 1401 2224 ταῦτα,
1415 2194 1441 2220 οἱ
1449 2192 1713 2225 ἐπιλανθανόμενοι
1726 2191 1780 2218 τοῦ
1793 2191 1876 2218 Θεοῦ.

262 2239 325 2269 pote
339 2235 474 2267 clemens,
496 2240 559 2270 post
584 2235 796 2270 increpationem
821 2236 1040 2264 adhortationem

262 2280 365 2314 adjicit,
379 2280 446 2307 dans
458 2281 623 2315 pcenitentiaa
635 2281 736 2307 locum.
753 2279 906 2316 Intelligite,
924 2289 968 2308 me
985 2289 1040 2309 non

262 2325 324 2353 ideo
350 2326 443 2352 tandiu
467 2326 582 2352 tolerare
609 2326 682 2360 quod
705 2326 738 2353 de
761 2325 929 2353 facinoribus
944 2329 1041 2355 vestris

261 2371 405 2407 gaudeam,
425 2371 473 2399 sed
484 2377 515 2399 ut
527 2372 587 2400 dem
602 2372 768 2407 poenitentiae
791 2372 891 2399 locum.
912 2373 1041 2407 Alioquin

260 2417 417 2452 abripitnos
428 2418 551 2452 iniquus,
566 2418 622 2445 sive
635 2418 776 2452 iniquitas,
785 2418 893 2445 nemine
901 2418 1041 2446 liberante.

261 2463 355 2498 Eripio
383 2464 456 2491 enim
482 2471 530 2490 eos
540 2463 586 2498 qui
610 2463 764 2498 intelligunt
786 2467 814 2490 et
837 2471 851 2490 a
876 2463 957 2491 malis
969 2464 1043 2491 desi-

261 2514 355 2542 stunt,
375 2514 456 2544 atque
474 2510 568 2537 dicunt
584 2518 590 2535 :
606 2508 710 2543 Injuste
734 2509 849 2543 egimus,
875 2509 1044 2544 iniquitatem

261 2555 386 2589 fecimus,
403 2556 482 2590 impie
496 2556 594 2590 egimus
605 2555 639 2582 ".
665 2554 733 2582 Nam
750 2555 796 2589 qui
813 2555 903 2582 adhuc
921 2555 949 2581 in
964 2555 1043 2583 malis

260 2606 384 2629 versatur
401 2601 522 2628 conﬁteri
546 2608 600 2627 non
623 2604 722 2634 potest.
742 2599 783 2626 Ne
797 2600 903 2635 quando
919 2601 1005 2634 rapiat
1017 2604 1043 2627 et

260 2655 313 2673 non
328 2647 416 2682 sitqui
427 2647 532 2680 eripiat.
549 2645 586 2672 Ne
595 2646 715 2680 quando,
730 2646 829 2680 inquit,
846 2644 952 2673 auferat
967 2654 1042 2674 mors

261 2693 399 2725 animam,
420 2693 607 2728 pmnitentiam
626 2692 715 2727 agite;
738 2700 818 2719 nemo
837 2693 910 2719 enim
937 2697 979 2720 est
994 2693 1042 2728 qui

246 2740 356 2774 eripiat
373 2747 420 2767 eos
434 2739 481 2775 qui
494 2743 603 2774 propter
619 2743 730 2774 peccata
748 2738 775 2765 in
792 2737 899 2766 inferno
919 2739 1040 2767 conclusi

296 2829 318 2845 ¹⁷
331 2836 400 2856 vers.
414 2827 456 2856 η.
494 2827 517 2844 ⁸⁸
531 2826 613 2855 Eccli.
631 2835 677 2854 xv.
689 2827 715 2853 9.
753 2828 775 2845 "
795 2826 815 2853 ll
831 2825 920 2854 Pal-al.
938 2834 974 2859 vr,
994 2826 1037 2854 57.

1100 2239 1143 2270 Ὦς
1168 2238 1355 2273 φιλάνθρωπος
1388 2238 1456 2272 μετὰ
1479 2237 1525 2263 τὸν
1553 2236 1662 2272 ἔλεγχον
1685 2237 1810 2272 ἐπιφέρει
1833 2237 1878 2263 καὶ

1095 2284 1264 2320 παραίνεσιν,
1277 2283 1419 2318 μετανοίας
1435 2283 1515 2309 τόπον
1540 2282 1636 2314 διδούς.
1653 2282 1762 2314 Σύνετε,
1775 2283 1817 2308 ὅτι
1842 2283 1878 2317 μὴ

1094 2330 1196 2365 χαίρων
1207 2331 1263 2361 τοῖς
1273 2330 1317 2363 ὑφ’
1333 2329 1408 2364 ὑμῶν
1424 2329 1578 2364 γενομένοις
1592 2327 1770 2364 μακφθυμῶ,
1785 2327 1880 2362 καιρὸν

1093 2374 1122 2400 δὲ
1135 2375 1277 2410 μετανοίας
1298 2375 1396 2407 διδούς.
1416 2375 1448 2401 Ei
1464 2375 1492 2401 δὲ
1506 2375 1554 2410 μὴ,
1569 2373 1686 2411 ἁρπάζει
1700 2375 1775 2410 ἡμᾶς
1789 2375 1804 2400 ό
1819 2374 1880 2400 ἄνο-

1094 2429 1153 2455 μος,
1180 2420 1262 2456 ἤγουν
1285 2422 1302 2456 ἡ
1335 2420 1450 2456 ἀνομία,
1477 2421 1588 2456 μηδενὸς
1626 2420 1701 2455 ἡμᾶς
1735 2419 1878 2455 ῥυομένου.

1098 2467 1209 2502 Ῥύομαι
1220 2467 1274 2503 γὰρ
1288 2468 1350 2498 τοὺς
1364 2467 1491 2498 νοοῦντας
1505 2465 1534 2493 οἷ
1545 2467 1636 2493 κακῶν
1653 2467 1717 2498 εἱσι,
1745 2466 1792 2492 καὶ
1809 2474 1879 2492 παυ-

1094 2511 1227 2546 σαμένους
1238 2512 1285 2539 καὶ
1299 2512 1438 2546 λέγοντας·
1458 2510 1878 2546 Ἠνομήσιιμεν,ἡδικήσαμεν.

1092 2556 1296 2592 ἠσεϐήσαμεν.
1329 2558 1366 2584 Οὐ
1393 2557 1446 2593 γὰρ
1482 2557 1555 2583 ἔστιν
1588 2556 1807 2591 ἐξομολογεῖσθαι
1836 2555 1878 2581 τὸν

1095 2602 1135 2629 ἔτι
1150 2603 1179 2628 τὸ
1192 2603 1273 2629 κακὸν
1285 2603 1454 2638 ἐνεργοῦντα.
1473 2602 1520 2636 Μή
1536 2610 1608 2629 ﬂore
1624 2601 1756 2636 ἁρπάσῃ,
1777 2602 1826 2628 καὶ
1837 2601 1877 2635 μὴ

1094 2646 1116 2684 ᾗ
1130 2650 1146 2676 ὀ
1157 2649 1312 2683 ῥυόμενος.
1332 2650 1377 2685 Μή
1408 2657 1483 2680 ποτε,
1501 2649 1592 2683 φησὶν,
1618 2648 1750 2682 ἀφέληται
1765 2647 1816 2682 τὴν
1830 2646 1878 2680 ψυ-

1096 2693 1145 2728 χὴν
1167 2695 1181 2720 ὁ
1197 2693 1319 2725 θάνατος,
1340 2695 1531 2729 μετανοήσατεσ
1544 2695 1594 2720 οὑκ
1609 2693 1666 2719 ἔστι
1682 2693 1737 2727 γὰρ
1755 2693 1770 2718 ὸ
1784 2692 1878 2728 ῥυόμίι

1101 2748 1145 2771 νος
1169 2739 1232 2771 τοὺς
1254 2740 1283 2766 ὲν
1305 2739 1368 2774 ᾆδον
1382 2740 1615 2776 κατειλημμένους
1636 2740 1696 2770 ταῖς
1720 2737 1875 2774 ἁμαρτίαις.
