1928 3053
52 154 105 182 25Ὶ

661 150 840 180 EXPOSITIO
859 149 892 178 IN
912 150 1074 178 PSALMUM
1095 150 1124 178 L.

1621 151 1673 180 258

57 211 228 246 Ἀρπάξεται
249 210 304 246 γὰρ
336 211 420 246 ψυχὴ,
451 211 487 242 ὡς
521 211 658 242 παντελῶς
688 209 841 237 ἐκπεσοῦσα

915 214 968 236 unt.
983 209 1123 245 Abripitur
1136 211 1208 237 enim
1226 210 1318 236 anima
1329 229 1337 242 ,
1354 213 1448 244 utpote
1462 210 1574 237 omnino
1589 219 1603 237 a
1620 210 1677 239 Deo

52 257 135 285 Θεοῦ.

92 304 190 331 ουσία
217 303 360 336 αἰνέσεως
388 303 511 335 δοξάσει
538 312 586 338 με.
608 302 844 338 Ἐπαναλαμὸάνει

52 351 91 377 τὰ
101 350 247 386 εἰρημένα,
270 350 319 386 τὴν
345 349 457 384 λογικὴν
487 349 621 375 ἐπιτελεῖν
649 348 775 384 λατρείαν
793 356 846 373 πα-

55 396 280 432 ρακελευόμενος.
315 395 392 423 Μετά
426 395 475 430 τὴν
503 395 602 430 πολλὴν
627 394 792 429 κατηγορίαν
815 393 846 431 το

55 442 202 478 φάρμακον
220 442 270 476 τῆς
285 441 421 477 ἁμαρτίας
435 441 530 475 ἔδειξε,
547 441 602 468 τῶν
620 441 775 476 μυστηρίων
799 440 847 475 δη-

56 489 124 523 Ααδὴ
141 488 191 523 τὴν
217 488 377 515 ἀπόλαυσιν.
410 488 517 523 Ἐχεξνη
546 487 600 523 γὰρ
631 487 738 523 ἀληθῶς
767 486 847 513 θυσία

56 535 186 566 αἰνέσεως
200 535 247 560 τὸν
261 534 326 561 Θεὸν
342 533 499 566 δοξάζουσα.
520 533 629 569 Ἐπειδὴ
645 533 714 569 μετὰ
736 533 789 559 τῶν
801 533 848 567 ἀγ-

60 580 144 614 γέλων
160 579 298 612 αἰνοῦντες
308 580 368 606 τότε
376 580 422 606 καὶ
432 580 499 615 μετὰ
510 580 561 615 τῆς
574 580 688 611 κτίσεως
703 579 846 614 ἱστάμεθα.

57 626 112 653 Kal
129 626 191 653 ἐκεῖ
202 626 272 659 ὁδὸς
290 626 433 664 ’ῆν-,δείξω
455 625 536 659 αὐτῷ
555 626 587 652 τὸ
603 625 750 660 σωτήριόν
776 633 846 660 μου.

62 673 107 698 Ἐν
120 674 154 707 τῇ
172 672 262 708 θυσία,
280 672 356 708 φησὶ,
368 672 418 707 τῆς
433 672 562 704 αἰνέσεως
578 672 636 704 ὁδός
645 673 702 699 ἐστι
713 672 761 707 τῆς
773 671 849 707 παρὰ

58 717 116 752 θεῷ
131 719 278 753 σωτηρίας.

106 764 159 796 Εἰς
173 763 206 790 τὸ
220 765 308 796 τέλος
326 766 479 792 ΨΑΛΜΟΣ
495 764 576 798 ᾠδῆς
587 763 628 797 τῷ
639 763 738 791 Δαυτδ.
753 765 794 790 N'.

62 809 110 837 Ἐν
121 810 162 843 τῷ
177 811 279 838 ἐλθεῖν
293 812 367 846 πρὸς
386 812 480 839 αὑτὸν
498 812 599 840 Νάθαν
613 812 666 839 τὸν
679 811 847 846 προφήτην,

200 857 292 890 ἡνίκα
313 850 436 891 εἰσῆλοε
451 858 525 892 πρὸς
545 858 705 892 Βηρόαϐεέ.

364 904 371 912 '
377 905 531 935 Υπόθεσις.

61 947 158 975 Τοῦτον
174 947 231 984 ᾅδει
250 948 296 975 τὸν
312 949 418 984 ψαλμὸν
435 949 627 984 ἐξομολόγησιν
650 947 696 975 δύο
710 948 849 984 ἐγκλημά-

90 1003 145 1020 ¹των
163 995 334 1030 περιέχοντα,
347 995 395 1030 τῆς
407 1004 437 1022 τε
453 995 605 1031 μιαιφονίας
615 995 713 1031 Οὐρίου
729 996 776 1022 καὶ
795 1004 849 1030 μοι’

91 1040 169 1075 χείας
184 1031 252 1076 πρὸς
278 1041 428 1076 Βηρσαϐεέ.
458 1040 670 1076 [Ύποδείκνυσι
698 1041 744 1067 καὶ
766 1042 849 1068 πᾶσιν

91 1085 247 1121 ἀνθρώποις
260 1087 396 1122 σωτηρίας
411 1086 469 1113 ὁδὸν
481 1087 530 1122 τὴν
553 1086 707 1122 μετάνοιαν,
721 1083 776 1113 οἷόν
789 1095 849 1125 τινα

92 1131 191 1167 τέχνην
201 1132 249 1167 τῆς
263 1132 403 1167 διηνεκοῦς
426 1133 496 1159 κατὰ
511 1132 558 1158 τοῦ
588 1131 685 1167 ἐχθροῦ
699 1131 786 1167 νίκης.
819 1132 848 1157 ’0

92 1177 149 1212 γὰρ
164 1177 266 1213 ταύτην
284 1178 327 1204 ἀεὶ
340 1178 459 1213 μελετῶν
479 1177 526 1204 καὶ
543 1177 682 1213 κατορθῶν
705 1177 848 1209 διαπαντὸς

92 1223 198 1256 γίνεται.
219 1223 331 1258 νικητὴς
355 1224 402 1250 τοὺ
421 1223 465 1250 ἀεὶ
480 1223 719 1259 προσ-παλαίοντος.
737 1223 848 1258 Εὶσὰγει

90 1267 121 1294 δὲ
147 1267 195 1294 καὶ
210 1268 260 1302 τὴν
285 1268 328 1294 διὰ
354 1268 402 1294 τοῦ
430 1268 615 1303 βαπτίσματος
648 1269 847 1305 ἀπολύτρωσιν,

98 1312 243 1345 Ῥαντιεῖς
263 1321 311 1347 με,
330 1313 425 1347 λέγων.
455 1313 509 1339 Ναὶ
527 1314 580 1348 μὴν
596 1314 643 1340 καὶ
666 1313 795 1346 διδάσκει,
811 1314 849 1345 ὡς

94 1358 268 1392 πεφύλακται
286 1358 358 1394 αὺτῴ
370 1359 400 1385 τὺ
413 1359 462 1394 τῆς
474 1360 642 1394 προφητείας
660 1359 783 1395 χάρισμα
812 1359 847 1386 Οὐ

93 1403 150 1438 γὰρ
165 1404 236 1430 αἰτεῖ
248 1403 286 1435 ὡς
299 1405 479 1440 ἐστερημένος
489 1405 580 1437 αὑτοῦ,
591 1405 659 1432 ἀλλὰ
680 1405 716 1441 μὴ
739 1406 850 1442 ἀφαιρε-

93 1448 176 1483 θῆναι
193 1449 308 1476 ἱκετεύει
322 1449 418 1484 λέγων·
449 1449 497 1484 Μὴ
515 1450 707 1486 ἀντανέλῃς.]
736 1451 849 1484 Είσάγει

92 1494 123 1522 δὲ
142 1496 188 1521 καὶ
205 1496 255 1530 τῆς
285 1496 345 1522 καθ’
358 1496 419 1523 ὅλου
434 1497 620 1532 γενησομένης
641 1497 696 1523 τῶν
723 1498 848 1533 ἁμαρτη-

99 1542 194 1576 μᾶτων
207 1541 369 1577 λυτρώσεως
382 1542 432 1577 τὴν
448 1542 492 1569 διὰ
512 1542 558 1569 τοῦ
571 1543 648 1577 ἁγίου
665 1543 850 1579 βαπτίσματος
863 1551 885 1580 c

95 1586 277 1622 προφητείαν,
293 1587 339 1613 καὶ
363 1587 412 1622 τῆς
437 1587 465 1614 ὲν
481 1587 614 1622 πνεύματι
634 1588 761 1624 λατρείας
777 1588 850 1615 διδα-

96 1633 222 1660 σκαλίαν.
249 1632 390 1668 Πανταχοῦ
411 1633 439 1659 δὲ
457 1633 510 1659 τῶν
539 1633 585 1660 δύο
612 1634 852 1669 παρανομημάτων

98 1680 226 1715 εὑρήσεις
240 1678 433 1714 ἐξιλεούμενον.
455 1695 458 1698 ~

104 1724 252 1758 Ἐλέησόν
259 1734 308 1759 με,
329 1727 345 1751 ὁ
362 1725 443 1758 θεὸς,
461 1725 535 1752 κατὰ
552 1726 583 1752 τὸ
597 1725 674 1760 μέγα
684 1726 769 1758 ἔλεός
782 1733 850 1753 σου.

62 1770 110 1800 Ὧ;
123 1769 169 1795 ἐπὶ
187 1769 305 1804 μεγάλου
330 1770 536 1805 ἁμαρτήματος,
562 1770 608 1797 τοῦ
634 1770 751 1805 μεγάλου
777 1770 852 1796 ἐλέου

57 1815 108 1843 τοῦ
124 1815 192 1842 Θεοῦ
221 1816 310 1843 δέεται
335 1818 436 1852 τυχεῖν.
464 1817 518 1844 Kal
531 1818 607 1844 κατὰ
622 1817 653 1844 τὸ
667 1816 782 1851 πλῆθος
794 1816 853 1843 τῶν

56 1860 220 1895 οικτιρμῶν
231 1869 289 1888 σου
302 1861 465 1896 ἐξάλειψον
477 1862 510 1888 τὸ
521 1862 659 1897 ἀνόμημά
665 1871 735 1896 μου.
756 1862 852 1888 Μόνων

56 1909 116 1945 γάρ
130 1910 189 1935 ἐστι
211 1909 266 1935 τῶν
282 1908 328 1935 τοῦ
353 1909 420 1935 Θεοῦ
446 1909 596 1945 οἰκτιρμῶν
626 1909 675 1944 τῆς
701 1909 853 1944 μιαιφονίας

56 1953 210 1981 ατεολοῦσαι
229 1954 278 1985 τὰς
293 1955 397 1990 χεῖρας.

98 1999 282 2036 [Σαφέστερον
298 1999 326 2026 δὲ
339 1999 353 2026 ὃ
369 1999 442 2034 λέγει
459 2000 542 2027 ποιῶν
561 2008 652 2035 φησιν·
669 2000 732 2027 Ἐπί
748 2001 853 2028 πλεῖον

57 2044 185 2071 πλῦνάν
198 2053 246 2078 με.
269 2044 417 2072 Κάνταῦθα
437 2045 483 2071 τὸν
510 2045 678 2081 πλεονασμὸν
693 2046 776 2082 ᾔτησε
802 2046 853 2081 τῆς

58 2090 236 2125 καθάρσεως,
261 2090 305 2116 διὰ
319 2090 349 2116 τὸ
365 2090 449 2123 δεῖξαι
465 2091 603 2127 πανταχοῦ
619 2092 650 2118 τὸ
665 2092 853 2128 πλημμέλημα

61 2135 148 2170 μέγα·
165 2135 193 2170 ἢ,
208 2136 269 2161 ἐπεὶ
284 2136 360 2172 παρὰ
376 2136 469 2162 Νάθαν
484 2137 584 2172 ἤκουσε
603 2137 652 2172 τὴν
668 2137 851 2173 συγχώρησιν,

59 2180 110 2207 καὶ
121 2180 150 2206 αἱ
162 2181 331 2207 παντοδαπαὶ⁵
346 2180 373 2207 δὲ
394 2182 530 2217 συμφοραὶ
541 2182 570 2208 τὸ
590 2182 657 2208 πολὺ
671 2183 852 2218 ὑπετέμνοντο

895 255 981 290 lapsa.

930 301 976 329 25.
996 301 1166 336 Sacriﬁcium
1185 301 1272 329 laudis
1293 301 1477 336 honoriﬁcabit
1494 310 1543 330 me.
1571 303 1679 339 Repetit

896 355 957 382 quae
971 347 1044 375 dicta
1059 351 1133 380 sunt,
1153 347 1252 382 jubens
1265 347 1362 374 iterum
1378 351 1408 375 ut
1426 348 1559 376 rationale
1573 350 1678 378 sacriﬁ-

896 393 970 421 cium
987 393 1155 428 periicialur.
1183 393 1250 421 Post
1262 401 1370 427 gravem
1384 398 1411 421 et
1423 401 1550 430 magnam
1567 403 1681 423 accusa-

897 439 1016 472 tionem,
1055 439 1157 474 peccati
1182 439 1332 466 remedium
1347 440 1459 473 scilicet,
1486 441 1680 476 mysteriorum

897 492 977 512 usum
993 490 1019 512 et
1039 484 1158 512 fructum
1185 485 1296 512 indicat.
1311 484 1379 513 Illud
1401 486 1501 521 quippe
1521 494 1616 514 revera
1638 494 1680 514 sa-

898 531 1031 558 criﬁcium
1054 531 1142 559 laudis
1153 536 1195 558 est
1209 539 1263 566 quo
1276 531 1346 558 Deus
1361 532 1564 559 bonorilicatur.
1584 532 1678 567 Siqui-

898 577 958 604 dem
970 580 1035 604 tunc
1046 585 1107 604 cum
1122 577 1223 611 angelis
1234 577 1327 604 laudes
1339 577 1464 605 canimus
1478 585 1510 606 ac
1527 586 1589 605 cum
1604 586 1680 606 crea-

898 627 960 651 tura
977 627 1092 651 stamus.
1110 623 1145 650 Et
1168 623 1225 650 illic
1237 623 1288 650 iter
1297 631 1348 658 quo
1358 624 1494 651 ostendam
1509 624 1549 650 illi
1564 625 1682 652 salutare

898 678 994 697 meum.
1021 668 1050 696 In
1068 669 1213 703 sacriﬁcio,
1228 669 1326 704 inquit,
1342 669 1440 703 laudis,
1455 670 1498 697 via
1509 675 1551 698 est
1561 670 1594 698 ad
1609 671 1683 698 salu-

898 721 952 744 tem
972 723 987 743 a
998 715 1053 743 Deo
1068 720 1200 750 paratam.

970 762 996 789 1.
1019 761 1052 789 In
1064 762 1142 797 ﬁnem
1158 761 1326 790 PSAIJIUS
1339 763 1436 790 cantici
1450 762 1546 790 David.
1563 761 1595 788 L.

935 807 962 834 2.
979 807 1045 835 Cum
1061 808 1129 834 venit
1143 807 1177 834 ad
1193 816 1252 835 eum
1266 807 1377 835 Nat/tan
1392 808 1528 843 propheta,
1543 806 1647 843 quando

1134 854 1243 881 intravit
1259 855 1294 881 ad
1311 854 1446 881 Bersabee.

1188 899 1389 935 Argumentum.

900 943 976 972 Hunc
992 945 1211 980 canitpsalmum
1232 946 1278 981 qui
1293 946 1439 973 criminum
1455 947 1588 979 duorum,
1602 946 1684 975 cadis

935 991 1038 1018 scilicet
1063 991 1135 1018 Uria:
1155 996 1182 1019 et
1201 992 1325 1019 adulterii
1339 999 1401 1019 cum
1417 991 1562 1025 Bersabee,
1574 983 1683 1020 confes-

935 1037 1041 1064 sionem
1055 1038 1189 1065 continet.
1208 1037 1382 1074 [Subindicat
1394 1038 1477 1065 etiam
1492 1037 1620 1066 omnibus
1634 1038 1685 1065 ho-

934 1081 1054 1109 minibus
1087 1082 1185 1110 salutis
1209 1082 1280 1110 viam
1314 1090 1374 1111 esse
1396 1083 1584 1117 paenitentiam
1599 1103 1606 1114 ,
1634 1091 1684 1110 ceu

934 1127 1081 1162 quamdam
1097 1131 1183 1155 artem
1193 1128 1348 1156 obtinendae
1361 1136 1467 1164 semper
1483 1134 1579 1156 contra
1594 1129 1686 1156 inimi-

934 1181 996 1201 cum
1009 1174 1138 1201 victoriae.
1164 1173 1232 1201 Nam
1256 1174 1303 1209 qui
1325 1182 1433 1209 semper
1449 1175 1483 1202 de
1505 1175 1551 1202 illa
1573 1175 1684 1210 cogitat,

933 1227 1020 1254 eaque
1040 1223 1112 1247 recte
1134 1219 1235 1251 utitur,
1260 1220 1348 1247 victor
1373 1227 1480 1256 semper
1505 1222 1556 1248 erit
1580 1221 1686 1248 inimici

935 1265 1047 1293 assidue
1074 1266 1213 1294 instantis.
1235 1267 1341 1294 lnducit
1359 1261 1440 1294 etiam
1461 1268 1685 1303 redemptionem,

934 1319 995 1346 qua:
1021 1319 1069 1346 per
1089 1316 1213 1339 sanctum
1242 1312 1376 1348 baptisma
1401 1313 1529 1347 all‘ertur,
1558 1314 1685 1349 Asperges

935 1365 990 1390 me,
1013 1358 1116 1384 dicens.
1132 1358 1189 1385 Imo
1212 1358 1294 1385 etiam
1311 1359 1400 1391 docet,
1417 1365 1608 1388 conservatum
1627 1360 1680 1388 sibi

935 1403 1082 1438 prophetia:
1094 1402 1206 1430 donum.
1222 1403 1282 1431 Non
1298 1405 1417 1439 postulat
1432 1406 1505 1433 enim
1521 1406 1600 1440 quasi
1621 1406 1682 1441 ipso

935 1449 1068 1483 privatus,
1086 1451 1134 1477 sed
1149 1450 1285 1485 supplicat
1303 1459 1358 1478 non
1374 1451 1476 1478 auferri
1490 1452 1552 1483 sibi,
1577 1451 1683 1485 dicens.

939 1494 981 1522 Ne
996 1495 1124 1531 auferam]
1142 1495 1316 1531 Prophetiam
1333 1505 1442 1532 quoque
1461 1498 1566 1526 inducit
1579 1498 1686 1526 redem-

936 1542 1038 1576 ptionis
1053 1550 1068 1569 a
1079 1543 1198 1577 peccatis
1213 1543 1342 1570 omnibus
1355 1551 1403 1578 per
1412 1549 1536 1571 sanctum
1551 1544 1684 1579 baptisma

940 1586 1048 1619 futurae,
1067 1590 1094 1613 et
1110 1587 1262 1621 spiritualis
1275 1587 1322 1614 Dei
1338 1588 1429 1615 cultus
1442 1589 1605 1616 doctrinam.
1619 1589 1687 1617 Ροε-

938 1633 989 1660 sim
1006 1637 1096 1661 autem
1113 1633 1235 1661 invenies
1251 1633 1370 1661 duorum
1389 1634 1534 1662 criminum
1552 1635 1687 1670 expiatio-
1704 1631 1706 1634 ’

938 1686 999 1706 nem
1014 1678 1216 1714 etllagitantem.

937 1726 964 1752 5.
983 1725 1108 1752 Miserere
1121 1725 1183 1757 mei,
1201 1724 1282 1757 Deus,
1297 1724 1438 1751 secundum
1450 1733 1572 1760 magnam
1583 1726 1686 1752 miseri-

903 1771 1021 1799 cordiam
1036 1777 1121 1798 tuam.
1150 1770 1250 1805 Utpote
1264 1777 1364 1805 magno
1378 1770 1470 1805 lapsus
1485 1770 1608 1803 crimine,
1627 1778 1686 1798 ma-

906 1826 988 1854 gnam
1003 1817 1050 1845 Dei
1071 1817 1288 1844 miscricordiam
1306 1817 1433 1851 implorat
1450 1816 1516 1851 (l8).
1545 1815 1580 1843 Et
1595 1824 1687 1842 secun-

902 1865 965 1890 dum
988 1863 1186 1890 multitudinem
1208 1863 1406 1889 miserationum
1431 1868 1538 1890 tuarum
1556 1862 1613 1890 dele
1635 1863 1688 1889 ini-

901 1910 1030 1945 quitatem
1043 1918 1138 1936 meam.
1153 1907 1220 1935 Nam
1233 1908 1299 1936 solis
1313 1908 1360 1936 Dei
1376 1909 1596 1936 miserationibus
1613 1915 1687 1937 com-

902 1956 969 1991 petit
982 1963 998 1983 a
1012 1956 1127 1983 crimine
1139 1954 1221 1982 caedis
1233 1955 1343 1982 abluere
1359 1961 1469 1982 manus.

939 2001 1078 2037 [Apertius
1100 2005 1189 2028 autem
1204 2001 1372 2028 sententiam
1390 2000 1530 2036 explicans
1544 2000 1582 2028 ait
1598 2010 1606 2028 :
1621 2000 1688 2028 Am-

902 2048 972 2083 plius
994 2048 1055 2075 lava
1074 2055 1125 2075 me.
1146 2047 1234 2082 Atque
1257 2047 1301 2074 hic
1324 2053 1434 2082 quoque
1450 2047 1504 2073 vim
1527 2047 1689 2081 copiamque

903 2093 1071 2128 purgationis
1079 2092 1201 2126 expetiit,
1218 2095 1248 2118 ut
1259 2098 1390 2126 magnum
1401 2097 1464 2118 esse
1474 2089 1581 2117 facinus
1595 2093 1689 2117 osten-

903 2141 997 2167 deret:
1013 2143 1070 2171 aut,
1092 2139 1156 2173 quia
1178 2145 1192 2164 a
1207 2137 1314 2164 Natban
1335 2140 1488 2171 acceperat,
1505 2136 1613 2163 veniam
1634 2134 1688 2163 sibi

903 2184 990 2212 fuisse
1004 2191 1165 2211 concessam
1176 2203 1184 2214 .
1199 2187 1226 2210 et
1241 2183 1323 2210 varia;
1333 2182 1501 2209 calamitates
1515 2181 1569 2208 vim
1583 2180 1689 2218 peccai

58 2227 112 2262 τῆς
126 2227 272 2262 ἁμαρτίας,
288 2227 354 2262 φησὶ
367 2226 424 2258 νῦν,
450 2228 491 2253 ὅτι
513 2228 613 2263 Δέομαί
638 2229 788 2264 ῥυμμάτων
805 2229 850 2255 καὶ

915 2231 1072 2262 ninuebaut,
1104 2237 1177 2256 nunc
1189 2229 1226 2256 ait
1240 2237 1246 2255 :
1262 2228 1337 2260 Opus
1350 2227 1418 2254 mihi
1428 2231 1469 2254 est
1482 2227 1689 2262 purgationibus

59 2272 237 2305 ὲκπλύσεων,
264 2273 307 2299 ἵνα
338 2273 427 2300 τέλεον
443 2274 457 2300 ὀ
487 2274 680 2309 προστετηκὼς
714 2274 851 2310 ἁποξεσθῇ

59 2318 173 2354 ῥύπος.]

108 2363 170 2392 Ἐπὶ
185 2364 292 2391 πλεῖον
309 2364 427 2392 πλῦνόν
437 2365 477 2400 μὲ
490 2366 550 2393 ἀπὸ
576 2365 630 2400 τῆς
645 2366 770 2400 ἀνομίας
780 2375 851 2401 μου,

59 2410 110 2446 τῆς
125 2411 172 2436 ἐπὶ
197 2409 236 2444 τῷ
259 2411 340 2446 φόνῳ,
357 2411 432 2446 φησί.
461 2412 517 2438 Καὶ
546 2411 605 2438 ἀπὸ
631 2411 686 2445 τῆς
708 2412 852 2446 ἁμαρτίας

56 2464 119 2491 μου
149 2456 314 2490 καθάρισόν
343 2465 391 2491 με,
427 2457 476 2492 τῆς
502 2458 549 2483 ἐπὶ
567 2458 683 2493 μοιχείᾳ.
703 2457 768 2484 ’Ότι
795 2457 852 2491 τὴν

59 2503 195 2537 ἀνομίαι·
204 2512 264 2537 μου
279 2502 336 2537 ἐγὼ
352 2503 497 2537 γινώσκω.
513 2503 567 2530 Καὶ
580 2503 657 2530 τοῦτο
667 2505 713 2531 ἐπὶ
725 2503 764 2540 τῷ
782 2503 854 2539 φόνῳ

57 2552 169 2586 εἴρηκε.
185 2551 239 2578 Kal
255 2551 273 2585 ή
289 2551 417 2585 ἁμαρτία
426 2560 486 2585 μου
500 2550 629 2578 ἐνώπιόν
641 2551 699 2585 μού
715 2551 781 2578 ἐστι
795 2551 854 2578 δια-

59 2597 186 2629 παντός.
211 2597 284 2623 ΙἈνω
299 2597 345 2623 καὶ
359 2597 433 2624 κάτω
450 2597 626 2633 περιστρέφει
648 2597 697 2632 τῆς
718 2597 853 2633 ἁμαρτίας

57 2642 109 2677 τὴν
125 2643 237 2677 μνήμην
253 2642 303 2676 τῆς
315 2642 366 2668 ὲπϊ
381 2644 414 2677 τῇ
436 2642 543 2678 μοιχείᾳ
565 2642 721 2678 γινομένης,
736 2642 774 2673 ὡς
800 2642 850 2669 οὐκ

58 2686 150 2721 ἐώσης
178 2687 259 2713 αὑτὸν
287 2686 349 2712 οὔτε
378 2687 580 2723 ἀναχωρούσης,
610 2687 677 2714 ἀλλὰ
708 2687 850 2719 διαπαντὸς

59 2731 194 2760 συνοῦσαν
210 2732 286 2768 αὐτῷ
307 2732 355 2759 καὶ
370 2733 513 2768 ἄγχουσαν,

903 2284 931 2307 et
959 2277 1156 2309 ablutionibus,
1187 2281 1217 2303 ut
1238 2276 1294 2310 jam
1316 2273 1471 2310 liquefactae
1493 2277 1529 2300 ει·
1545 2273 1690 2301 exsiccatae

904 2326 999 2353 sordes
1013 2324 1122 2359 penitus
1137 2321 1327 2350 abradanturJ

938 2371 966 2402 4,
983 2371 1008 2398 5.
1027 2369 1149 2403 Amplius
1161 2368 1220 2395 lava
1235 2376 1275 2395 me
1289 2367 1322 2394 ab
1339 2367 1479 2402 iniquitate
1492 2375 1560 2399 mea,
1576 2370 1690 2401 patrate

903 2418 995 2449 caedis,
1010 2417 1057 2443 ait.
1085 2415 1119 2442 Et
1133 2423 1148 2442 a
1162 2418 1268 2450 peccato
1286 2421 1342 2440 mea
1357 2413 1457 2440 munda
1474 2420 1514 2439 me
1527 2433 1534 2445 ,
1561 2412 1689 2440 adulterii

902 2462 1037 2490 videlicet.
1057 2460 1189 2494 Quoniam
1204 2459 1372 2494 iniquitatem
1387 2465 1472 2484 meam
1487 2465 1533 2492 ego
1549 2465 1688 2491 cognosco.

902 2507 930 2535 Id
949 2514 1059 2543 quoque
1085 2507 1118 2533 de
1144 2505 1216 2533 caede
1242 2504 1457 2538 intelligendum.
1491 2503 1525 2530 Et
1552 2509 1688 2538 peccatum

902 2560 988 2582 meum
1003 2556 1096 2579 contra
1112 2558 1152 2577 me
1166 2555 1203 2576 est
1218 2557 1328 2583 semper.
1348 2548 1456 2576 Peccati
1471 2548 1628 2575 memoriam
1647 2547 1690 2574 ul<

901 2604 945 2627 tm
960 2599 1085 2634 citroque
1097 2599 1207 2628 versat,
1224 2594 1350 2623 adulterii
1366 2594 1501 2627 videlicet,
1519 2598 1614 2628 utpote
1628 2600 1690 2627 quae

903 2646 1024 2673 nondum
1043 2642 1210 2673 deseruisset
1225 2649 1287 2669 eum
1300 2661 1309 2675 ,
1327 2648 1416 2676 neque
1430 2640 1623 2671 abscessisset;
1641 2639 1690 2666 sed

904 2699 1010 2726 semper
1022 2691 1130 2724 adesset
1144 2695 1227 2726 atque
1242 2687 1270 2715 in
1291 2694 1419 2721 angorem
1432 2686 1516 2714 animi
1529 2684 1690 2719 conjiceret.

93 2851 154 2887 (18)
171 2851 251 2881 Hisce
268 2851 394 2888 quadam
414 2851 507 2887 adjicit
527 2852 595 2880 Dan.
614 2851 768 2885 Barbarus.
795 2861 856 2885 qua:
875 2858 939 2883 sunt
954 2853 1090 2883 ﬂesvchii.
