1928 3053
269 123 326 150 ἑὶέῚ

675 121 702 149 S.
725 122 908 150 ATHANASII
930 122 1004 150 ()PP.
1026 123 1116 150 PARS
1135 122 1178 149 ill.
1201 137 1233 142 —
1253 121 1458 150 EXEGETICA.

1832 120 1885 147 223

309 179 352 207 i3.
385 179 417 206 Et
435 180 510 206 homo
524 188 583 206 cum
593 182 619 206 in
636 179 733 206 honore
750 184 816 206 esset
831 188 883 206 non
907 180 1047 207 intellexit.

1134 179 1190 207 Kal
1207 180 1361 214 ἄνθρωπος
1371 179 1407 206 ἐν
1421 178 1489 214 τιμῇ
1499 179 1541 205 ὢν
1553 179 1589 206 οὐ
1605 178 1732 212 συνῆκε.
1747 179 1786 206 Τὸ
1802 180 1887 206 αῖτιον

273 225 339 260 Qua:
356 233 438 253 causa
452 224 533 252 fuerit
550 225 623 260 quod
638 225 688 260 ipsi
708 231 740 251 eo
755 225 821 259 lapsi
837 225 893 252 sint
908 230 936 252 ut
954 226 1007 253 alte
1019 226 1053 254 de

272 280 302 300 se
315 273 456 303 sentirent.
473 272 596 299 enuntiat
615 271 670 303 ille,
691 271 817 298 videlicet
837 271 928 298 carnis
951 279 1052 298 concu-

272 319 420 354 piscentiae.
438 317 494 344 lloc
509 323 597 344 autem
615 321 657 344 est
678 316 809 344 honorem
834 317 976 352 proprium
997 325 1051 344 non

273 364 430 399 intelligere,
441 363 512 398 quod
525 363 629 390 scilicet
641 363 673 390 ad
690 363 834 397 imaginem
845 362 891 389 Dei
907 362 971 390 facti
983 363 1048 389 sint.

272 410 313 438 Ad
328 410 533 437 similitudinem
549 414 638 436 autem
653 409 837 443 jumentorum
851 409 1050 444 insipientium,

273 463 328 491 pra:
339 455 496 484 coelestibus
515 455 699 482 tabernaculis
719 459 819 482 terram
838 454 959 481 incolere
977 453 1051 480 dele-

272 506 378 537 gerunt,
398 506 425 529 et
439 501 563 536 sepulcra
578 508 592 527 a
610 500 665 528 Deo
689 499 870 527 concedenda:
895 499 956 526 vitae
976 506 1046 534 prae~

271 548 401 575 tulerunt.

307 593 349 620 Η.
379 592 443 620 Hcce
459 593 501 619 via
522 592 629 620 illorum
645 592 801 619 scandalum
822 592 897 626 Ipsis.
912 591 989 618 Viam
1006 590 1049 618 di-

271 639 338 665 vina:
367 638 462 665 littera:
492 637 625 672 cujusque
652 637 770 664 hominis
797 636 879 663 vitam
907 635 1049 670 appellare

270 686 479 714 consueverunt,
509 686 537 709 ct
565 682 627 709 vita:
654 681 795 708 hominum
827 685 942 716 tempus.
973 680 1048 708 Hanc

269 735 345 762 ergo,
370 727 418 758 ait,
435 735 558 762 asperam
575 732 601 754 et
615 727 737 754 odiosam
749 728 831 754 vitam
852 727 957 761 paravit
974 727 1045 757 illis,

269 774 333 807 quia
356 777 459 800 rectum
485 772 552 799 nihil
579 773 721 800 Sentirent.
750 772 802 800 Sed
820 773 930 807 quando
947 773 974 799 in
1000 773 1046 800 illa

269 818 453 853 profecerunt,
466 824 522 845 tum
546 819 674 846 seandala
696 827 730 845 nc
745 819 898 846 sentiebant
923 819 1044 853 quidem.

1101 225 1147 253 τοῦ
1160 226 1286 252 ὲκπεσεῖν
1297 225 1394 257 αὐτοὺς
1408 226 1448 257 εἰς
1461 226 1491 252 τὺ
1512 225 1582 261 μέγα
1602 227 1709 260 φρονεῖν
1725 225 1760 251 τὰ.
1785 227 1886 261 caput;

1101 270 1296 306 ἐπιθυμήματα
1321 270 1406 304 λέγει.
1423 270 1508 297 Τοῦτο
1534 270 1562 296 δέ
1583 271 1640 297 ἐστι
1654 270 1685 296 τὺ
1703 271 1740 305 μὴ
1767 271 1887 296 συνιέναι

1100 316 1148 351 τὴν
1158 316 1239 350 τιμὴν
1249 315 1347 347 αὐτῶν,
1361 316 1401 341 ὅτι
1410 315 1440 350 δὴ
1457 314 1516 340 κατ’
1531 314 1623 340 εἰκόνα
1635 314 1797 348 πεποίηνται
1809 313 1885 340 Θεοῦ.

1106 362 1218 397 ὀμοίως
1228 362 1255 388 δὲ
1269 363 1325 393 τοῖς
1340 362 1450 396 κτήνεσι
1459 362 1515 392 τοῖς
1527 361 1650 396 ἀνοήτοις
1665 360 1716 395 γῆν
1732 361 1819 386 οἰκεῖν
1830 359 1887 386 ἀντὶ

1099 408 1154 434 τῶν
1167 407 1300 443 οὐρανίων
1320 407 1426 442 σκηνῶν
1437 406 1647 442 κατηλλαξαντο,
1656 406 1702 432 καί
1713 406 1817 440 τάφους
1829 405 1886 431 ἀντὶ

1099 454 1149 488 τῆς
1163 453 1238 489 παρὰ
1253 452 1320 479 Θεοῦ
1333 451 1417 487 ζωῆς.

1132 588 1213 622 Αὕτη
1225 587 1244 620 ἡ
1262 587 1331 620 ὁδὸς
1340 585 1439 614 αὐτῶν
1456 585 1637 612 σκάνδαλον
1647 584 1758 618 αὐτοῖς.
1781 585 1855 612 Ὀδὺν
1867 586 1884 620 ἠ

1099 630 1158 657 θεία
1177 630 1272 666 Γραφὴ
1289 631 1334 657 τὸν
1348 631 1462 657 ἑκάστου
1487 629 1543 665 βίον
1557 627 1611 656 οἶδε
1638 629 1740 662 καλεῖν,
1770 630 1819 656 καὶ
1842 630 1885 656 τὸν

1098 677 1212 703 ἑκάστου
1227 676 1276 711 τῇ
1285 676 1371 711 τζωῆς
1395 676 1500 711 χρόνον.
1518 675 1624 710 Ταύτην
1640 674 1706 708 οὖν,
1736 676 1815 711 φησὶ,
1838 677 1885 711 τὴν

1097 721 1156 748 ὁδὸν
1165 722 1294 756 τραχεῖαν
1316 722 1363 748 καὶ
1377 721 1477 757 ἐχθρὰν
1491 721 1691 748 κατεσκεύασεν
1715 722 1820 752 αὐτοῖς,
1839 723 1883 749 ἅτε

1100 767 1180 803 μηδὲν
1196 766 1273 799 εὐθὲς
1297 767 1507 802 πεφρονηκότες.
1539 766 1607 792 Ἀλλ’
1625 767 1668 793 ὅτε
1686 766 1736 801 μὲν
1751 767 1884 802 προσέκο-

1099 821 1164 839 πτον
1179 814 1206 839 ὲν
1223 812 1302 847 αὐτῇ,
1317 813 1366 839 οὐκ
1380 812 1527 847 ᾐσθάνοντο
1542 812 1595 838 τῶν
1620 812 1784 839 σκανδάλων.
1804 814 1885 840 Mem

270 864 365 890 Postea
386 872 450 891 vero
465 865 492 890 in
514 872 558 891 ore
572 872 618 890 suo
633 864 839 898 complacebuut,
864 865 942 899 quasi
964 865 1046 896 dicat.

1101 858 1238 885 δὲταῦτα
1261 858 1296 884 ἐν
1320 857 1359 890 τῷ
1375 859 1500 892 στόματι
1523 857 1620 885 αὐτῶν
1643 858 1884 891 εὐδοκήσουσιν,

268 908 475 936 Conlitebuntur
487 910 673 944 paenitentiam
688 913 810 945 agentes,
825 910 898 945 quod
908 910 936 937 in
951 910 1048 945 hujus-

269 954 340 980 modi
362 954 405 982 via
433 954 611 988 incesserint;
632 955 679 982 sed
704 955 815 990 quando
838 963 892 983 non
906 956 960 983 erit
977 957 1047 983 ultra

268 999 434 1034 poenitentiae
451 1005 569 1035 tempus.

304 1045 347 1073 i5.
383 1044 458 1073 Sicut
481 1054 538 1073 aves
558 1047 585 1073 in
607 1046 708 1081 inferno
736 1048 815 1082 positi
841 1051 912 1075 sunt.
933 1046 1049 1080 Quando

269 1090 414 1129 noluerunt
435 1092 486 1118 suh
508 1091 581 1118 bono
602 1096 713 1126 pastore
739 1100 841 1128 agere:
867 1092 915 1120 scd
939 1092 1048 1127 repulso

268 1136 381 1168 honore,
402 1136 514 1170 perinde
530 1141 612 1172 atque
626 1137 750 1171 jutncnta
779 1145 895 1172 corpore
921 1139 1045 1171 corrupti

265 1187 345 1214 sunt;
361 1181 462 1209 idcirco
473 1190 571 1217 pecora
586 1183 683 1210 inferni
698 1183 785 1210 ell'ecti
803 1188 876 1215 sunt,
894 1184 930 1210 ita
952 1187 982 1210 ut
996 1183 1046 1210 de-

267 1235 342 1255 mum
358 1233 450 1262 pastor
471 1236 565 1256 eorum
584 1229 616 1256 ad
641 1236 740 1263 pascua
765 1237 814 1256 sua
840 1229 957 1256 abducat
982 1237 1044 1262 eos,

266 1274 336 1302 alios
349 1274 457 1308 quidem
474 1275 501 1301 in
514 1275 602 1310 ignem
616 1279 765 1307 aeternum;
783 1275 843 1302 illos
857 1282 890 1302 eo
903 1275 948 1302 ubi
967 1275 1046 1303 ﬂetus

264 1325 293 1347 et
311 1320 410 1347 stridor
424 1320 557 1352 dentium,
573 1319 642 1347 alios
654 1321 681 1347 in
694 1320 819 1348 tenebras
831 1321 989 1348 exteriores.

1099 905 1160 931 ἀντὶ
1173 904 1230 934 τοῦ,
1250 904 1460 939 ὀμολογήσουσι
1481 905 1694 939 μετανοήσαντες
1709 904 1751 938 ἐφ’
1769 900 1812 935 οἷς
1829 912 1884 930 τοι-

1099 951 1184 986 αύτην
1203 950 1322 977 ὥδευσαν
1338 950 1440 986 τρίϐον,
1454 951 1498 977 ὅτε
1511 951 1560 985 οὐχ
1571 950 1661 983 ἕξουσι
1674 950 1724 985 τῆς
1741 951 1885 985 μετανοίας

1099 995 1203 1031 καιρόν.

1139 1042 1186 1074 Ὧς
1201 1041 1331 1074 πρόϐατα
1341 1041 1377 1067 ἐν
1387 1040 1443 1074 ᾄδῃ
1456 1040 1568 1067 ἔθεντο.
1594 1041 1704 1077 Ἐπειδὴ
1723 1041 1774 1068 οὐκ
1787 1041 1886 1076 ἠθέλη-

1098 1095 1148 1114 σαν
1163 1086 1215 1113 ὑπδ
1228 1087 1274 1113 τὸν
1290 1086 1394 1121 ἀγαθὸν
1409 1084 1478 1113 εἶναι
1489 1087 1614 1122 ποιμένα,
1632 1087 1700 1114 ἀλλὰ
1716 1088 1766 1122 τὴν
1779 1088 1887 1114 ἑαυτῶν

1097 1134 1178 1168 τιμὴν
1204 1133 1400 1168 ἀπωσάμενοι,
1417 1133 1614 1168 παραπλησίως
1642 1135 1698 1165 τοῖς
1721 1135 1834 1168 κτήνεσι
1851 1142 1886 1160 τα

1099 1178 1212 1213 σώματα
1223 1178 1408 1214 διεφθάρησαν
1417 1186 1424 1193 ·
1437 1178 1523 1214 ταύτῃ
1535 1187 1576 1205 τοι
1590 1178 1637 1205 καὶ
1651 1178 1796 1214 θρέμματα
1805 1180 1887 1212 γεγο-

1097 1233 1172 1251 νασιν
1188 1224 1263 1259 eam,
1278 1224 1315 1256 ὡς
1329 1225 1422 1251 λοιπὸν
1441 1225 1522 1251 αὑτὸν
1544 1224 1720 1259 ποιμαίνοντα
1730 1225 1830 1256 αὐτοὺς
1844 1226 1885 1255 εἰς

1097 1270 1145 1302 τὰς
1161 1270 1242 1297 αὑτοῦ
1263 1270 1348 1305 νομὰς
1371 1269 1496 1302 ἀπάξειν,
1511 1271 1573 1302 τοὺς
1597 1270 1646 1305 μὲν
1663 1271 1703 1302 εἰς
1722 1270 1753 1296 τὸ
1775 1270 1832 1306 πῦρ
1854 1270 1888 1295 ’ὃ

1099 1316 1216 1348 αἰώνιον,
1230 1317 1293 1348 τοὺς
1304 1317 1332 1343 δὲ
1347 1317 1414 1343 ὃπου
1432 1318 1446 1343 ὁ
1462 1315 1597 1351 κλαυθμὸς
1612 1316 1659 1342 καὶ
1685 1316 1807 1351 βρυγμὸς
1831 1315 1886 1342 τὼν

1098 1361 1220 1393 ὀδόντων,
1238 1362 1300 1393 τοὺς
1311 1362 1340 1388 δὲ
1357 1363 1395 1393 είς
1412 1363 1442 1388 τὸ
1456 1361 1550 1393 σκότος
1562 1361 1592 1388 τὸ
1606 1361 1748 1397 ἐξώτερον.

301 1416 400 1451 Adjicit
425 1415 518 1442 Daniel
547 1415 692 1443 Barbarus.
715 1415 850 1442 Caeterum
871 1415 949 1450 juxta
974 1415 1167 1451 Symmachum
1192 1425 1200 1442 :
1221 1416 1283 1444 Haec
1316 1415 1360 1443 via
1389 1416 1498 1443 illorum
1525 1415 1667 1443 dementiae
1685 1416 1761 1450 ipsis,
1782 1420 1885 1452 poster;

265 1469 330 1489 vero
358 1462 465 1489 illorum
490 1468 643 1489 sermonem
670 1462 825 1496 probabunt
852 1470 860 1488 :

889 1469 943 1489 non
971 1462 1043 1489 enim
1064 1462 1158 1496 primis
1173 1466 1216 1489 sat
1236 1461 1288 1489 fuit
1304 1462 1342 1488 uti
1363 1462 1506 1489 dementiae
1536 1461 1589 1493 via.
1620 1461 1671 1488 nisi
1691 1462 1771 1488 etiam
1795 1462 1885 1496 perni-

266 1509 370 1537 ciosum
384 1508 499 1543 pOSteris
514 1508 667 1543 exemplum
686 1507 751 1535 iacti
773 1508 862 1536 simile
892 1507 926 1534 ad
957 1508 999 1535 sui
1025 1508 1204 1535 imitationem
1228 1507 1349 1535 studium
1380 1508 1432 1535 illis
1456 1508 1653 1542 relinquerent,
1682 1513 1711 1535 ut
1734 1512 1761 1535 et
1782 1500 1886 1542 posteri

265 1554 293 1582 in
307 1561 414 1582 morum
436 1561 546 1581 suorum
570 1554 611 1581 via
626 1554 677 1582 sibi
694 1555 840 1588 placerent,
861 1558 888 1581 et
902 1554 962 1581 illos
979 1553 1130 1581 imitatione
1153 1557 1342 1587 sequerentur.

300 1599 335 1626 Et
353 1599 558 1626 dominabuntur
577 1607 666 1626 eorum
676 1599 746 1634 justi
770 1600 797 1626 in
823 1600 962 1627 matutino.
984 1599 1043 1627 Non

1130 1599 1184 1626 Kal
1197 1599 1487 1632 κατακυριεύοτυσιν
1499 1599 1598 1626 αὐτῶν
1608 1601 1635 1626 ot
1644 1599 1741 1632 εὐθεῑς
1753 1599 1787 1625 τὸ
1797 1601 1884 1633 πρωΐ.

266 1645 391 1677 ulterius,
413 1644 643 1679 quemadmodum
663 1645 690 1671 in
712 1644 763 1672 hac
786 1645 839 1671 vita
858 1652 921 1672 cum
944 1649 1047 1677 essent,

263 1691 397 1718 adversus
425 1690 486 1725 pios
513 1690 637 1717 homines
662 1690 824 1725 insurgunt;
840 1697 933 1717 verum
953 1695 1048 1717 contra

264 1737 311 1771 qui
327 1736 461 1763 matutino
481 1741 602 1771 tempore
623 1735 725 1770 dignati
750 1740 815 1763 sunt
835 1740 863 1764 et
878 1743 948 1763 noro
967 1736 1049 1763 lumi-

264 1789 311 1814 ne,
334 1781 425 1816 impiis
441 1781 623 1814 imperabunt.
649 1780 684 1806 Et
711 1781 840 1807 auxilium
862 1789 951 1807 eorum
981 1785 1049 1808 vete-

265 1827 389 1862 rauctjn
410 1827 524 1862 inferno,
538 1831 590 1854 etc.
612 1825 708 1858 Omne,
728 1827 825 1861 inquit,
844 1827 976 1854 auxilium
999 1834 1047 1854 e0—

265 1880 336 1906 rum,
360 1872 464 1900 scilicet
479 1872 568 1899 virtus
590 1879 673 1907 quam
702 1873 861 1900 obtinebant
884 1880 918 1900 ex
936 1873 1023 1908 gloria
1038 1893 1046 1907 ,

265 1921 353 1944 morte
368 1917 543 1945 dissolvetur.
564 1917 632 1945 Illud
646 1918 731 1949 enim,
751 1923 900 1951 veterascet,
920 1925 969 1953 pro
993 1919 1048 1946 sol-

266 1967 343 1991 vetur
358 1962 476 1998 positum
499 1967 550 1990 est.

304 2007 348 2035 16.
387 2007 570 2035 Verumtamen
596 2008 664 2037 Deus
692 2009 800 2036 redimet
824 2010 940 2036 animam
962 2018 1047 2037 meam

264 2054 297 2080 de
309 2061 389 2080 manu
408 2054 497 2088 inferi,
519 2063 578 2081 cum
594 2056 721 2090 acceperit
738 2064 787 2082 me.
812 2055 874 2089 Mei,
892 2056 990 2090 inquit,
1009 2057 1046 2084 ita

266 2099 401 2134 loquentis
421 2101 539 2128 animam
557 2101 671 2128 redimet
687 2101 768 2134 Deus,
787 2106 816 2129 ut
831 2109 865 2129 ne
885 2109 938 2129 una
958 2102 1046 2129 abdu-

264 2150 341 2174 catnr
354 2146 411 2179 illa,
428 2151 456 2174 et
470 2146 610 2175 deseratur
627 2155 689 2176 cum
705 2147 803 2176 ovibus
816 2148 926 2176 interni.

305 2232 349 2261 i7.
367 2232 408 2260 Ne
422 2235 538 2263 timueris
560 2244 620 2263 cum
641 2237 713 2265 dive;
738 2237 825 2272 factus
850 2238 930 2272 fuerit
957 2238 1042 2266 homo.

264 2278 333 2308 Cum
347 2280 484 2314 didiceris,
501 2282 548 2315 ait,
573 2283 621 2318 qui
646 2283 709 2312 linis
743 2285 796 2311 erit
824 2285 980 2320 impiorum,
1010 2293 1044 2314 ne

265 2324 359 2353 beatos
371 2326 502 2360 praedices
521 2335 568 2355 eos
583 2329 630 2363 qui
647 2328 674 2356 in
691 2329 745 2356 vita
764 2329 861 2358 divites
876 2335 904 2358 et
924 2332 1045 2366 opulenti

265 2376 338 2404 sunt.
354 2380 408 2400 non
425 2373 522 2401 timeas
535 2375 613 2408 quasi
637 2376 711 2402 omni
735 2383 782 2410 spe
803 2376 978 2409 interclusus.
996 2386 1046 2406 nec

265 2422 294 2443 ut
311 2418 416 2452 magnis
440 2419 552 2445 orbatus
575 2421 718 2454 praesentis
743 2421 804 2448 vita:
835 2422 925 2455 bonis,
953 2423 1045 2450 animo

264 2463 384 2490 delicias.
397 2463 482 2491 Probe
497 2465 566 2491 nosti
580 2466 644 2499 quia
661 2471 686 2493 te
702 2472 842 2501 exspectat
865 2469 1016 2503 redemptio
1029 2477 1044 2496 a

265 2514 350 2536 morte
361 2513 388 2536 ct
405 2510 456 2535 vita
470 2514 581 2537 attenta.
602 2511 653 2544 Qui
674 2517 763 2540 autem
782 2521 796 2540 a
812 2514 904 2541 multis
916 2515 1045 2548 praedica-

264 2559 307 2580 tur
323 2554 357 2580 ob
373 2554 482 2580 divitias
501 2555 682 2592 gloriamque,
700 2563 727 2585 et
747 2560 781 2586 ob
796 2560 869 2587 illum
887 2561 954 2588 falso
974 2569 1044 2588 nun-

263 2603 388 2632 cupatam
405 2600 575 2634 sapientiam,
592 2603 659 2630 nihil
685 2605 745 2638 plus
774 2606 894 2640 habebit,
926 2607 1044 2636 nudatus

263 2645 362 2679 quippe
377 2647 513 2679 omnibus,
531 2656 546 2675 a
559 2650 620 2677 vine
635 2651 714 2679 bonis
729 2652 889 2687 abripietur.

300 2689 343 2716 18.
379 2689 509 2723 Quoniam
531 2702 590 2721 cum
615 2696 742 2724 interierit
767 2707 818 2725 non
841 2705 924 2727 sumet
942 2702 1041 2729 omnia.
1060 2714 1063 2716 ·

264 2732 322 2763 Hoc
333 2736 420 2764 solum
443 2737 521 2772 lucri,
542 2741 590 2772 ait.
612 2749 626 2768 a
644 2743 747 2772 divitiis
765 2746 904 2775 accepisse
917 2747 1043 2775 videntur

1099 1645 1196 1672 οὐκέτι
1224 1644 1317 1680 ὥσπερ
1342 1645 1371 1671 ὲν
1386 1644 1425 1680 τῷ
1439 1647 1553 1681 παρόντι
1570 1645 1621 1680 βίῳ
1642 1646 1727 1677 ὄντες,
1754 1645 1887 1677 κατεξαν-

1100 1691 1219 1717 ίστανται
1235 1689 1290 1716 τῶν
1314 1689 1448 1716 εὐσεϐῶν·
1466 1690 1620 1717 τούναντίον
1642 1690 1670 1717 δὲ
1684 1692 1708 1717 οἱ
1721 1690 1768 1717 τοῦ
1786 1691 1886 1726 καιροῦ

1097 1737 1146 1771 τῆς
1163 1736 1268 1771 πρωῖας
1283 1735 1441 1768 ἀξιωθέντες
1454 1737 1500 1763 καὶ
1513 1737 1560 1763 τοῦ
1576 1736 1636 1763 νέου
1655 1737 1741 1771 φωτὸς
1753 1737 1808 1764 τῶν
1821 1737 1887 1763 ἀσε-

1098 1781 1153 1808 ϐῶν
1172 1781 1425 1817 κατακυριεύσουσι.
1444 1782 1499 1808 Καὶ
1524 1783 1543 1816 ’ἡ
1570 1782 1695 1816 ,βοήθεια
1713 1782 1812 1810 αὐτῶν
1829 1791 1887 1809 πα-

1096 1826 1293 1860 λαιωθήσεται
1313 1827 1347 1853 ἐν
1371 1826 1410 1859 τῷ
1420 1827 1488 1861 ᾅδῃ.
1503 1828 1592 1859 Πᾶσα,
1606 1828 1702 1862 φησὶν,
1727 1829 1743 1863 ἡ
1771 1828 1888 1864 βοήθεια

1097 1872 1195 1906 αὐτῶν,
1220 1873 1279 1908 ἦτοι
1295 1873 1312 1907 ἡ
1327 1873 1402 1907 ἰσχὺς
1419 1873 1453 1908 ἢν
1474 1873 1552 1908 ἔσχον
1565 1875 1598 1901 ὲκ
1610 1875 1660 1909 τῆς
1673 1874 1761 1910 δόξης,
1777 1874 1815 1910 τῷ
1835 1875 1887 1902 θαι

1097 1919 1172 1954 νάτῳ
1184 1918 1385 1954 διαλυθήσεται.
1400 1919 1436 1945 Τὸ
1450 1919 1520 1954 γὰρ,
1544 1919 1781 1951 παλαιωθήσεται
1791 1939 1798 1951 ,
1821 1920 1888 1947 ἀντὶ

1096 1963 1156 1996 τοῦ,
1168 1963 1368 2000 διαλυθήσεται,
1383 1964 1512 1991 τέθειται.

1133 2009 1219 2042 Πλὴν
1245 2010 1262 2035 ὀ
1277 2008 1348 2041 Θεὸς
1375 2009 1557 2043 λυτρώσεται
1578 2009 1636 2043 τὴν
1650 2009 1756 2045 ψυχήν
1771 2019 1832 2044 μου
1847 2011 1887 2038 ἐκ

1096 2055 1194 2090 χειρὸς
1209 2055 1292 2088 ᾅδου,
1308 2055 1382 2082 ὅταν
1395 2055 1531 2090 λαμϐάνῃ
1542 2065 1590 2090 με.
1614 2055 1707 2091 Ἐμοῦ,
1728 2057 1805 2092 φησι,
1834 2058 1886 2084 τοῦ

1095 2100 1182 2128 ταῦτα
1195 2100 1318 2134 λέγοντος
1333 2100 1500 2137 λυτρὼσεται
1513 2101 1603 2133 ὀΘεδς
1619 2101 1668 2137 τὴν
1683 2101 1782 2138 ψυχὴν,
1812 2104 1886 2140 πρὸς

1095 2147 1126 2172 τὸ
1141 2146 1178 2182 μὴ
1199 2147 1402 2182 συναπαχθῆναι
1427 2146 1521 2182 αὐτὴν,
1538 2150 1585 2174 καὶ
1610 2148 1786 2184 ἐρημωθῆναι
1811 2150 1885 2184 μετὰ

1096 2192 1149 2218 τῶν
1162 2191 1208 2219 τοῦ
1225 2191 1287 2227 ᾅδου
1305 2192 1457 2228 προὸάτων.

1112 2250 1115 2262 τ
1131 2237 1178 2271 Μὴ
1194 2237 1298 2272 φοϐοῦ,
1311 2237 1383 2264 ὅταν
1399 2237 1557 2272 πλουτήσῃ
1571 2239 1733 2273 ἅνθρωπος.
1764 2239 1882 2272 Μαθὼν,

1096 2284 1186 2319 φησὶν,
1201 2281 1257 2311 οἷον
1269 2284 1345 2310 ἔσται
1354 2283 1408 2311 τῶν
1424 2284 1529 2311 ἀσεϐῶν
1541 2285 1571 2311 τὸ
1588 2285 1678 2317 τέλος,
1701 2286 1738 2321 μὴ
1759 2287 1883 2323 μακαρῐέ

1096 2336 1146 2365 σῃς
1169 2329 1231 2360 τοὺς
1251 2330 1280 2356 ὲν
1296 2329 1334 2364 τῷ
1345 2329 1394 2364 βίῳ
1409 2329 1599 2362 πλουτοῦντας,
1620 2331 1686 2365 μηδὲ
1700 2331 1824 2366 φοϐηθῇς
1844 2333 1886 2364 ὡς

1096 2375 1185 2409 πάσης
1196 2373 1441 2409 ἀποκεκλεισμένος
1458 2375 1573 2408 ἐλπίδος,
1599 2377 1635 2411 μὴ
1661 2376 1770 2411 ἀθυμῇς
1786 2377 1816 2403 δὲ
1844 2378 1885 2409 ὡς

1097 2420 1219 2455 μεγάλων
1247 2421 1356 2454 ἀγαθῶν
1381 2422 1434 2448 τῶν
1458 2422 1598 2457 παρόντων
1623 2422 1815 2458 ἐστερημένος.
1844 2422 1883 2450 Εὖ

1095 2466 1159 2499 ἴσθι,
1175 2467 1216 2494 ὃτι
1240 2468 1269 2493 σὲ
1288 2468 1337 2502 μὲν
1355 2468 1494 2504 περιμένει
1518 2469 1534 2502 ἡ
1552 2469 1584 2494 ὲκ
1606 2468 1719 2495 θανάτου
1743 2468 1884 2504 λύτρωσις

1094 2513 1168 2547 καὶὴ
1183 2513 1290 2545 αἰώνιος
1303 2514 1358 2548 ζωή
1370 2521 1376 2528 ·
1394 2515 1407 2540 ὁ
1421 2514 1448 2540 δὲ
1462 2513 1537 2547 παρὰ
1549 2515 1606 2545 τοῖς
1619 2513 1725 2545 πολλοῖς
1747 2514 1883 2550 εὐδαιμο-

1094 2558 1232 2593 νιζόμενος
1245 2559 1288 2585 διὰ
1301 2558 1412 2585 πλοῦτον
1427 2559 1473 2585 καὶ
1485 2559 1573 2592 δόξαν,
1589 2559 1635 2585 καὶ
1655 2559 1699 2585 διὰ
1714 2559 1764 2594 τὴν
1777 2560 1883 2594 ψευδώ-

1094 2612 1177 2638 νυμον
1185 2604 1291 2638 σοφίαν,
1303 2605 1378 2630 οὐδὲν
1395 2604 1475 2631 πλέον
1485 2604 1542 2636 ’ἐξει
1552 2613 1559 2619 '
1580 2605 1681 2640 γυμνὸς
1696 2604 1750 2640 γὰρ
1767 2606 1883 2634 πάντων

1093 2647 1280 2683 ἁπαχθήσεται
1298 2649 1350 2675 τῶν
1368 2649 1415 2676 τοῦ
1431 2650 1498 2684 βίου.

1130 2694 1189 2720 Ὅτι
1202 2695 1257 2720 οὐκ
1268 2694 1302 2720 ὲν
1317 2695 1573 2729 τᾷΐάποθνήσκειν
1584 2696 1678 2723 αὑτὸν
1693 2697 1827 2731 λήψεται
1843 2697 1880 2724 τὰ

1093 2737 1199 2766 πάντα.
1214 2739 1306 2771 Τοῦτο,
1321 2741 1395 2775 φησὶ,
1411 2741 1489 2776 μόνον
1500 2741 1592 2775 ἔδοξαν
1606 2739 1756 2777 κερδαίνειν
1764 2743 1790 2769 οι
1803 2742 1880 2769 ἄθεοι
