1928 3053
66 118 126 145 255

625 117 805 147 EXPOSITIO
822 119 855 146 IN
875 119 1042 146 PSALMUM
1062 118 1152 145 XLIX.

1636 119 1689 147 254

68 175 210 210 μαθηταῖς
230 175 449 210 συμπράττουσιν
476 176 601 210 ἄγγελοι,
632 177 818 213 δηλοίλέγων
846 179 859 204 ὁ

912 177 954 204 lus
967 177 1059 204 dicens
1071 177 1093 192 "
1106 185 1112 203 :
1132 175 1225 203 Nonne
1235 184 1322 203 omnes
1332 181 1392 203 sunt
1403 177 1623 204 administro/erit
1635 179 1690 212 spi-

67 220 191 252 Παῦλος·
212 220 286 255 οὐχὶ
298 220 482 254 πάντεςβισι
500 223 685 257 λειτουργικὰ
697 223 858 257 πνεύματα.

65 267 114 299 εις
128 266 287 292 διακονίαν
299 267 545 301 ἀποστελλόμενα
551 267 599 293 διὰ
611 267 681 301 τοὺς
691 267 860 302 μέλλοντας

66 311 273 346 κληρονομεῖν
291 313 458 346 σωττιρίαν;
483 312 567 339 Τοῦτο
584 313 630 340 καὶ
650 314 666 349 ἡ
682 314 781 349 κλίμαξ
797 314 859 350 ἐδή-

67 356 171 387 λωσεν,
185 357 219 392 ἣν
235 354 305 382 εἶδεν
327 356 422 382 Ἰακὼὸ
452 357 501 392 τὴν
523 358 554 383 ὲκ
583 358 634 392 γῆς
660 358 803 393 διήκουσαν
820 359 859 390 εἰς

67 402 118 428 τὸν
135 402 260 438 οὐρανὸν,
277 403 318 437 ἐφ’
340 399 374 438 ἧς
396 403 576 438 ὲπεστήρικτο
592 403 703 439 Κύριος,
717 404 772 431 ἅνω
785 405 859 431 κάτω

67 447 234 474 διαθεόντων
257 447 389 481 ἀγγέλων.
408 447 532 474 Τοιοῦτον
546 448 592 474 καὶ
605 449 635 474 τό
647 457 654 464 ·
676 450 863 484 Παρεμϐαλεῐ

68 493 182 528 Κύριος
197 493 299 525 κύκλῳ
312 493 370 520 τῶν
378 494 571 529 φοϐουμένων
591 495 692 526 αὐτὸν,
709 496 758 522 καὶ
768 496 859 529 ῥύσε-

69 547 118 566 ται
131 539 254 571 αὐτούς·
273 538 305 564 δι’
321 535 358 565 ὧν
373 537 420 566 οὖν
435 540 639 575 συμπράττουσι
650 540 697 566 καὶ
710 541 786 567 αὐτοὶ
801 541 859 567 δια-

67 584 194 620 κρίνουσι
207 583 252 610 τὸν
271 583 344 610 λαόν.

105 630 351 663 Προσπαλέσεται
361 630 413 657 τὸν
428 630 559 664 οὐρανὸν
568 630 636 657 ἅνω.
647 631 716 663 Τοὺς
729 631 857 665 δικαίους,

67 675 150 711 φησὶ,
159 675 222 707 τοὺς
239 675 362 711 οὐράνιον
376 675 511 702 πολιτείαν
525 676 739 712 ἐπιτηδεύοντας,
753 678 859 711 συνάξει

67 722 111 752 εἰς
124 722 174 753 τὰς
190 721 247 748 ἅνω
265 721 356 756 μονάς.
370 721 426 749 Kal
442 721 499 755 τὴν
513 721 570 757 γῆν
583 722 636 749 τοῦ
650 722 796 758 διακρῖναι
806 724 860 751 τὸν

67 767 150 794 ⁵ιῑαὸν
176 767 280 794 αὐτοῦ.
306 757 387 799 Τοὺέ
405 767 582 803 ἁμαρτωλούς
599 776 665 804 φησι
683 757 729 796 καὶ
756 769 860 802 πάντας

67 814 133 845 τοὺς
149 813 193 839 ἐπὶ
204 813 252 848 τῆς
267 813 319 849 γῆς
334 813 455 846 συνάξαι,
485 814 531 841 ἐπὶ
553 814 583 841 τὸ
595 813 709 852 χωρίσαι
731 815 794 848 τοὺς
821 816 860 843 δι-

68 859 164 890 καίους
179 859 233 885 τῶν
250 859 287 894 μὴ
306 858 442 886 τοιούτων.

105 903 292 938 Συναγάγετε
307 903 386 937 αὐτῷ
400 904 470 937 τοὺς
482 904 587 939 ὁσίους
607 905 711 934 αὐτοῦ.
733 906 774 938 Ὠς
790 907 858 942 πρὸς

67 949 133 980 τοὺς
149 948 281 983 ἀγγέλους
293 948 307 974 ὸ
324 949 411 984 λόγος,
435 950 506 977 κατὰ
522 950 551 977 τὸ
577 951 720 987 εἰρημένον
742 953 793 979 ὑπὸ
811 952 857 979 τοῦ

68 995 185 1032 Κυρίου·
220 996 275 1023 Kal
303 997 467 1025 ἀποστελεῖ
492 997 562 1030 τοὺς
585 998 731 1033 ἀγγέλους
754 999 857 1031 αὑτοῦ,

67 1042 120 1070 καὶ
134 1043 304 1075 συνάξουσι
322 1043 392 1076 τοὺς
406 1044 540 1078 δικαίους
564 1044 599 1071 ἐκ
627 1045 686 1072 τῶν
704 1045 859 1080 τεσσάρων

69 1088 189 1123 ἀνέμων
203 1088 259 1123 τῆς
279 1088 346 1123 γῆς·
375 1090 446 1123 τοὺς
470 1089 662 1125 διαθεμένους
684 1091 741 1126 τὴν
757 1091 858 1125 διαθή-

68 1143 130 1169 κην
154 1134 247 1161 αὐτοῦ
274 1135 324 1161 ἐπὶ
344 1135 461 1169 θυσίας.
482 1135 582 1168 Θυσίας
609 1137 658 1169 τὰς
671 1137 858 1173 πνευματικὰς

68 1179 157 1214 λέγει.

103 1226 160 1253 Καὶ
173 1227 397 1262 ἀναγγελοῦσιν
413 1229 440 1254 ol
454 1228 576 1262 οὐρανοὶ
586 1228 644 1262 τὴν
661 1228 859 1263 δικαιοσύνην

68 1273 173 1300 αὐτοῦ.
184 1273 341 1306 Δοξάσουσι,
359 1274 451 1309 φησὶν,
463 1274 488 1300 οἱ
501 1274 610 1309 οὐρανοὶ
626 1274 671 1301 τὸν
686 1275 761 1307 Θεὸν,
776 1274 858 1310 ὅτιδὴ

68 1319 117 1345 καὶ
152 1318 313 1354 ἀνθρώπους
342 1319 396 1346 τῶν
425 1319 558 1355 οὐρανίων
581 1319 724 1355 διατριϐῶν
747 1320 856 1355 ὴξίωσε.

68 1364 247 1399 (Cm-derius.)
262 1365 390 1392 Βούλεται
400 1365 464 1396 τοὺς
481 1365 569 1397 ὁσίους
580 1364 627 1391 τοῦ
649 1365 780 1400 πρότερον
795 1365 857 1393 λαοῦ

69 1409 124 1445 πρὸ
149 1410 198 1445 τῆς
213 1410 362 1446 μελλούσης
381 1410 498 1446 κρίσεως
510 1409 612 1437 παῦσαι
637 1410 686 1442 τῆς
699 1411 794 1443 θυσίας
810 1411 859 1446 τῆς

69 1455 114 1483 διὰ
130 1456 184 1482 τῶν
197 1456 303 1490 ἀλόγων
318 1457 395 1489 ζώων
417 1457 534 1492 σφαγῆς,
559 1456 702 1484 ἀναλαϐεῖν
719 1457 769 1492 τὴν
799 1457 858 1484 κατ’

70 1501 224 1536 ἐπιστήμην
237 1501 284 1528 καὶ
298 1500 407 1535 γνῶσιν.
432 1501 493 1527 Ἐπὶ
521 1500 549 1527 δὲ
569 1501 672 1533 τούτοις
695 1501 740 1528 τὸν
764 1501 859 1537 κριτὴν

70 1548 100 1573 αἱ
117 1547 239 1583 οὐράνιαι
252 1546 380 1582 δυνάμεις
394 1546 566 1581 άνυμνοῦσιν,
579 1547 620 1573 ὃτι
646 1547 699 1573 ἀπὸ
711 1547 766 1574 τῶν
779 1547 858 1574 ὁσίων

71 1593 319 1628 κατήρξατο,κα“ιοί
332 1592 440 1628 οὐρανοὶ
456 1592 642 1626 διαγγέλλουσι
658 1592 706 1628 τὴν
724 1593 860 1620 δικαιοσύ-

71 1646 121 1672 νην
133 1637 225 1669 αὖτοῠ,
247 1637 438 1672 συγχαίροντες
457 1637 547 1664 αὐτῶν
568 1638 601 1673 τῇ
621 1638 751 1674 σωτηρίᾳ.
776 1638 813 1665 Τὸ
830 1637 859 1665 δὲ

71 1684 122 1719 τῆς
139 1683 188 1718 γῆς
217 1683 373 1718 οἰκητήριον
389 1682 428 1717 τῷ
460 1683 496 1718 μὴ
523 1683 571 1718 τῆς
597 1683 722 1718 οὐρανίου
738 1682 860 1719 κλήσεως

72 1729 215 1764 ἡξιωμένῳ
231 1728 350 1763 τάγματι
362 1728 597 1764 καταληφθήσεται
611 1728 660 1763 (α).
677 1727 741 1754 ὀτι
756 1728 860 1770 ὀῙΘεὸς

72 1774 176 1809 κριτής
187 1774 282 1801 ἐστιν.
302 1773 433 1801 Ἐνταῦοα
444 1774 585 1810 προδήλως
601 1773 645 1800 τὸν
660 1773 776 1809 Χριστὸν
786 1773 859 1807 λέγει

72 1820 147 1847 Θεόν·
161 1821 250 1847 πᾶσαν
265 1819 318 1856 γὰρ
341 1820 390 1855 τὴν
419 1820 508 1854 κρίσιν
529 1819 645 1846 δέδωκεν
670 1820 684 1846 ὁ
714 1819 808 1854 Πατὴρ
822 1818 859 1854 τῷ

74 1865 150 1901 Υίῷπ
164 1866 219 1892 Καὶ
245 1866 270 1892 εἰ
295 1866 384 1892 πᾶσαν
404 1865 453 1900 τὴν
480 1865 570 1901 κρίσιν
593 1865 707 1891 δέδωκεν
729 1865 743 1891 ὁ
765 1863 859 1899 Πατὴρ

73 1911 111 1946 τῷ
127 1911 216 1946 raw
232 1911 260 1938 δὲ
270 1911 335 1943 Θεὸς
352 1911 447 1946 κριτής
461 1912 527 1937 ἐστι·
541 1910 606 1943 Θεός
620 1912 692 1937 ἐστιν
707 1911 721 1937 ὁ
734 1910 857 1945 Χριστός.

111 1959 267 1989 Ἄκουσον,
285 1957 359 1991 λαός
367 1966 437 1992 μου,
464 1957 514 1984 καὶ
533 1956 659 1991 λαλήσω
671 1964 731 1983 σοι.
752 1956 859 1987 Καινῶς

74 2002 233 2038 νομοθεσίας
260 2002 413 2038 εἰσαγωγὴν
438 2003 608 2038 ποιούμενος,
639 2002 682 2029 ἵνα
706 2003 742 2038 μή
759 2010 799 2033 τις
814 2002 859 2028 άν-

74 2049 207 2086 θρώπινον
235 2049 280 2075 τὸν
302 2049 379 2082 λόγον
410 2049 427 2084 ἡ
454 2057 524 2080 τινος
547 2048 695 2083 άγγελικῆς
719 2047 859 2082 δυνάμεως

74 2096 213 2125 ὑπολάϐοι.
233 2095 379 2131 προτάττει
402 2095 443 2127 τὸ,
462 2094 494 2121 '0
506 2094 577 2127 Θεὸς
591 2095 606 2120 d
628 2094 699 2126 Θεός
718 2093 775 2120 σού
802 2094 857 2127 ειμι

76 2140 139 2175 ἐγώ.
159 2140 191 2166 Ἡ
204 2140 232 2166 δὲ
245 2139 348 2166 διάνοια
358 2139 437 2174 αὕτη·
452 2139 497 2174 Μὴ
515 2139 608 2174 νόμιζε
621 2139 713 2174 ἕτερον
731 2136 800 2165 εἶναι
814 2147 860 2173 με,

911 224 979 249 ritus
994 223 1020 249 in
1033 222 1207 249 ministerium
1219 223 1292 248 missi
1307 227 1412 256 propter
1423 230 1468 249 eos
1481 223 1525 258 qui
1550 223 1690 250 haeredita-

911 272 963 294 tem
976 267 1078 300 capturi
1091 271 1152 293 sunt
1164 265 1282 292 salutis?
1309 265 1366 293 lloc
1386 267 1448 293 item
1464 267 1592 294 indicavit.
1613 267 1686 306 scala

910 312 1076 348 quamjvidit
1098 311 1181 339 Jacob
1193 320 1208 338 a
1222 317 1292 339 terra
1310 313 1342 339 ad
1367 313 1464 340 coelum
1479 313 1687 348 pertingentcm,

910 367 991 393 super
1007 366 1061 394 qua
1092 359 1205 385 ﬁrmiter
1225 359 1391 386 consistebat
1420 358 1561 390 Dominus,
1587 360 1690 394 angelis

909 412 1019 432 sursum
1036 404 1164 431 deorsum
1180 404 1397 431 discurrentibus
1410 405 1442 430 ⁵³.
1457 404 1596 438 Ejusmodi
1625 405 1690 432 item

909 450 975 478 illud
991 455 1053 478 est:
1071 450 1311 478 Castrametabitur
1324 450 1450 477 Dominus
1475 451 1502 477 iu
1526 451 1639 478 circuitu
1656 451 1691 478 Ii—

909 495 1035 522 mentium
1049 504 1119 528 eum,
1136 500 1159 522 et
1177 496 1269 530 eripiet
1282 504 1325 522 eos
1340 496 1375 528 s";
1391 496 1455 523 dum
1468 496 1560 532 itaque
1583 497 1622 523 illi
1641 504 1690 523 au-

909 541 1051 573 xiliantur,
1071 542 1231 569 discernunt
1251 542 1390 576 populum.

944 631 1088 659 Advocabit
1113 632 1207 659 cwlam
1238 632 1385 659 desursum.
1408 631 1501 659 Justos
1515 631 1629 663 Scilicet,
1643 631 1690 666 qui

909 677 1019 705 caeleste
1033 678 1185 705 institutum
1203 681 1352 710 sectantur,
1366 677 1540 712 congregabit
1553 677 1578 703 in
1595 685 1691 711 super-

909 723 952 751 nis
980 724 1178 752 mansionibus.
1205 723 1239 750 Et
1267 728 1364 750 terram
1387 724 1534 750 discernere
1561 723 1688 758 populum

908 777 994 796 suum.
1013 768 1172 798 Peccatores
1185 770 1262 804 jubet
1273 777 1421 804 omnesque
1434 770 1459 796 in
1477 773 1547 796 terra
1559 769 1688 803 degentes

909 822 1085 852 congregare,
1109 815 1143 842 ad
1170 816 1454 851 separandumjustos
1478 822 1494 842 a
1516 823 1570 842 non
1595 814 1688 850 justis.

944 905 970 932 5.
985 904 1145 940 Congregate
1158 905 1201 933 illi
1213 910 1318 933 sanctos
1336 906 1403 941 ejus.
1421 905 1505 939 Quasi
1524 905 1557 933 ad
1574 905 1685 939 angelos

907 956 950 978 est
965 959 1065 984 sermo,
1080 952 1157 986 juxta
1171 952 1236 979 illud
1250 960 1266 979 a
1281 952 1398 979 Domino
1410 953 1530 979 dictum:
1554 952 1588 979 Et
1603 953 1689 979 mittet

909 997 1015 1031 angelos
1039 1005 1110 1028 suos,
1138 1003 1162 1024 et
1190 998 1385 1033 congregabunt
1403 998 1491 1032 justas
1514 1006 1547 1032 es;
1570 1002 1686 1033 quatuor
1707 1011 1709 1013 -

908 1044 990 1071 ventis
1007 1048 1084 1070 terrae
1098 1044 1132 1070 ".
1144 1043 1202 1076 Qui
1217 1044 1344 1070 ordinant
1362 1048 1549 1071 testamentum
1572 1044 1628 1078 ejus
1645 1052 1690 1070 su-

908 1094 954 1121 per
968 1087 1109 1120 sacriﬁcia.
1124 1086 1264 1114 Sacriﬁcia
1280 1087 1346 1114 dicit
1365 1087 1527 1122 spiritualia.

943 1232 970 1260 ϐ.
983 1232 1018 1267 Et
1033 1233 1228 1261 annuntiabunt
1243 1235 1300 1261 caeli
1313 1230 1451 1269 justitiam
1466 1236 1537 1272 ejus.
1556 1237 1690 1271 Gloriam,

909 1278 1008 1313 inquit,
1022 1278 1076 1306 Deo
1100 1280 1222 1306 tribuent
1247 1281 1322 1312 coeli,
1346 1281 1410 1316 quia
1435 1282 1541 1310 scilicet
1566 1283 1690 1314 homines

908 1325 1068 1353 caelestibus
1100 1326 1290 1355 mansionibus
1314 1328 1440 1362 dignatus
1475 1333 1526 1356 est.
1551 1329 1633 1364 Optat
1661 1335 1692 1358 ut

911 1370 998 1398 sancti
1016 1371 1116 1405 prioris
1132 1372 1225 1406 populi
1239 1377 1302 1399 ante
1315 1372 1439 1400 futurum
1458 1372 1592 1408 judicium
1608 1375 1691 1403 ﬁnem

909 1414 1012 1442 faciant
1029 1415 1158 1443 sacriﬁcii
1185 1424 1234 1451 per
1253 1418 1447 1445 mactationem
1463 1419 1608 1447 brutorum
1631 1420 1691 1449 ﬁeri

910 1460 993 1493 soliti,
1009 1465 1036 1488 et
1050 1461 1117 1489 illud
1134 1467 1277 1490 assumant
1293 1463 1365 1498 quod
1381 1465 1530 1492 secundum
1546 1465 1691 1494 scientiam

910 1510 937 1532 et
950 1506 1132 1542 cognitionem
1154 1508 1279 1536 oﬁertur.
1295 1509 1384 1544 Super
1398 1510 1441 1538 his
1462 1511 1588 1539 caelestes
1603 1513 1691 1539 virtu—

912 1556 952 1579 tes
968 1553 1088 1586 judiccm
1101 1554 1330 1590 celebrant,_quia
1353 1563 1369 1582 a
1400 1556 1503 1584 sanctis
1534 1557 1638 1592 incipit,
1663 1561 1691 1585 et

911 1614 972 1643 coeli
993 1616 1158 1643 annuntiant
1176 1615 1311 1651 justitiam
1334 1617 1408 1651 ejus,
1434 1617 1466 1644 de
1484 1625 1578 1644 eorum
1604 1618 1692 1646 salute

908 1669 964 1689 una
984 1661 1117 1690 laetantes.
1142 1661 1293 1689 Terrenum
1314 1669 1379 1689 vero
1400 1662 1570 1690 domicilium
1595 1663 1620 1690 ei
1646 1671 1693 1691 or—

908 1707 966 1735 dini
993 1707 1162 1743 relinquetur
1193 1707 1241 1742 qui
1263 1715 1304 1735 cce
1315 1708 1368 1734 esti
1393 1709 1538 1736 vocatione
1564 1708 1692 1743 dignatus

908 1761 962 1780 non
975 1752 1066 1781 fuerit.
1082 1753 1214 1786 Quoniam
1228 1753 1298 1780 Deus
1313 1754 1398 1789 judes;
1417 1761 1466 1791 est.
1485 1754 1534 1782 Hic
1549 1755 1693 1784 manifeste

908 1800 1047 1827 Christum
1068 1800 1135 1828 dicit
1155 1800 1261 1828 Deum:
1287 1808 1349 1828 nam
1365 1809 1447 1828 omne
1466 1801 1600 1836 judicium
1618 1802 1693 1830 dedit

909 1845 989 1873 Pater
1003 1845 1073 1873 Filio
1088 1847 1121 1873 ⁵⁸.
1135 1846 1240 1880 Quodsi
1252 1855 1333 1874 omne
1351 1847 1485 1882 judicium
1508 1847 1582 1875 dedit
1600 1848 1649 1880 illi,
1664 1853 1692 1876 et

908 1892 981 1920 Deus
997 1892 1081 1927 judex
1102 1897 1143 1920 est
1159 1900 1166 1919 :
1188 1901 1254 1928 ergo
1268 1892 1339 1920 Deus
1356 1897 1396 1920 est
1415 1893 1552 1921 Christus.

941 1939 968 1966 7.
987 1938 1076 1982 Audi,
1089 1939 1199 1973 populus
1221 1947 1303 1973 meus,
1319 1944 1345 1966 et
1362 1940 1456 1975 loquar
1478 1940 1536 1967 tibi.
1560 1939 1627 1967 Cum
1644 1947 1694 1967 no-

908 1993 970 2014 vam
985 1987 1183 2023 legislationem
1199 1988 1396 2022 introduceret,
1412 1997 1445 2016 ne
1462 1989 1524 2023 quis
1543 1989 1695 2017 humanum

908 2035 1022 2062 verbum
1039 2043 1116 2068 esse,
1134 2040 1180 2062 aut
1193 2042 1207 2061 a
1224 2035 1341 2070 quadam
1355 2035 1478 2070 angelica
1495 2036 1596 2063 virtute
1611 2035 1695 2071 proﬁ-

909 2081 976 2110 cisci
999 2081 1178 2113 existimaret,
1201 2081 1339 2116 praemittit
1361 2081 1446 2109 illud:
1463 2080 1533 2108 Deus
1548 2081 1619 2108 Deus
1633 2086 1694 2109 tutu

906 2134 953 2162 ego
966 2135 1035 2155 sum.
1052 2126 1117 2155 Haec
1131 2131 1222 2155 autem
1235 2131 1278 2155 est
1289 2127 1445 2156 sententia:
1459 2126 1499 2156 Ne
1511 2133 1592 2164 putes
1610 2127 1695 2155 alium

75 2186 118 2213 διὰ
129 2186 158 2212 τὸ
175 2186 256 2221 ἕτερα
278 2185 430 2220 νομοθετεῖν
445 2185 572 2220 σήμερον·
592 2184 649 2210 ἀλλ’
660 2184 740 2216 αὐτὸς
757 2184 858 2216 ἐκεῖνός

912 2193 956 2213 me
979 2191 1053 2218 esse,
1077 2181 1152 2218 quod
1174 2182 1254 2210 hodie
1279 2183 1347 2210 alias
1377 2183 1500 2212 sanciam
1523 2185 1595 2220 leges
1615 2196 1621 2213 :
1643 2186 1691 2214 sed

76 2232 132 2265 εἰμι
149 2231 164 2256 ὁ
184 2229 259 2265 παρὰ
280 2230 366 2265 Μωσῇ
393 2229 429 2256 τὰ
457 2229 520 2264 περὶ
544 2229 644 2256 θυσιῶν
666 2228 857 2264 νομοθετήσας.

77 2275 256 2311 Μαρτύρομαι
266 2274 294 2301 δέ
305 2283 346 2306 σε,
365 2274 403 2306 ὡς
416 2274 466 2301 οὐκ
485 2274 642 2310 ἑγχληθήσῃ
653 2273 780 2310 παραῦὰς
797 2274 862 2304 τοὺς

77 2321 152 2357 παρὰ
165 2322 249 2355 Musa-ﬁ
265 2320 372 2355 νόμους.
387 2320 474 2352 Αὐτὸς
481 2320 535 2356 γάρ
544 2320 601 2356 εἰμι
615 2321 629 2346 ό
644 2320 724 2346 κάκεϊ
737 2318 862 2351 διαταξά-

79 2375 158 2402 μενος
169 2366 209 2401 τῷ
223 2366 298 2393 παιδί
311 2374 361 2402 μου
377 2366 577 2402 συμφερόντως,
593 2366 641 2392 καὶ
652 2364 700 2392 νῦν
716 2365 779 2392 τάδε
795 2372 860 2400 μαρ-

77 2410 254 2447 τύρομαι,ὄτι
268 2411 304 2446 μὴ
316 2411 420 2446 ἀνάγκη
443 2419 484 2437 σοι
508 2410 541 2437 τὰ
558 2411 622 2446 περὶ
648 2409 746 2437 θυσιῶν
763 2409 861 2445 φυλάτ-

78 2465 134 2483 τειν
147 2457 258 2491 νόμιμα.
277 2455 335 2483 Κᾶν
351 2456 404 2492 γὰρ
434 2456 471 2492 μὴ
487 2457 644 2492 προσφέρῃς
665 2457 744 2488 αὐτὰ,
773 2456 859 2489 οὕτως

79 2501 316 2537 προσενηνεγμένα
340 2501 407 2528 ὲστί.
425 2501 463 2528 Td
475 2501 529 2538 γὰρ
544 2501 774 2536 όλοκαυτώματὰ
800 2509 859 2528 σου

78 2547 205 2575 ἐνώπιόν
224 2548 283 2581 μού
308 2546 373 2573 ἐστι
401 2546 572 2580 διαπαντὸς,
593 2546 643 2574 κᾶν
658 2546 694 2582 μὴ
706 2546 860 2582 προσφέρη-

79 2601 133 2620 ται.
149 2592 180 2619 Εἰ
191 2592 219 2618 δὲ
238 2592 268 2624 ἐξ
283 2591 401 2622 ἃπαντας
416 2591 574 2624 σπουδάζεις
596 2592 690 2628 ὥσπερ
705 2591 766 2619 τινὰ
780 2592 860 2627 τίμια

78 2639 125 2666 ut
149 2638 283 2672 ἀναγκαῖα
306 2637 391 2665 ταῦτα
415 2638 572 2673 προσάγειν,
599 2639 680 2665 ἄκουε
703 2638 773 2674 μετὰ
789 2639 860 2673 παῤ-

80 2685 184 2722 (ίησίας,
201 2685 238 2716 ὡς
255 2685 329 2711 οὐδὲν
345 2684 445 2711 τούτων
460 2684 535 2720 παρὰ
545 2684 592 2711 σοῦ
604 2685 721 2721 δέξομαι.
741 2684 858 2720 Περιττὰ

118 2764 140 2781 ¹¹
154 2764 238 2792 Hebr.
254 2774 274 2798 ι,
294 2766 336 2793 Η.

113 2844 150 2880 (ο)
165 2844 301 2880 lnterpres
315 2845 412 2880 legisse
426 2845 531 2872 Videtur
545 2843 801 2880 καταλειφθήσεται.
818 2841 897 2870 Eutr.

238 2891 373 2922 ΡΑτιιοι..
387 2890 446 2920 Gn.
464 2889 597 2920 XXVII.

910 2230 1121 2264 idemipsesum
1137 2228 1186 2266 qui
1212 2229 1283 2264 apud
1308 2229 1412 2258 Mosem
1434 2231 1469 2260 de
1494 2232 1692 2260 sacriﬁciisle-

910 2282 970 2310 gem
990 2275 1050 2301 tuli.
1075 2274 1218 2302 Testiﬁcor
1237 2279 1327 2302 autem
1349 2276 1398 2303 tibi
1424 2281 1452 2304 te
1467 2285 1533 2305 .non
1551 2278 1692 2313 culpatum

910 2319 945 2347 iri
961 2320 984 2347 si
1004 2320 1077 2355 leges
1092 2319 1175 2347 Mosis
1196 2325 1406 2356 praetergressus
1420 2323 1515 2350 fueris.
1544 2322 1605 2357 ipse
1617 2324 1692 2352 enim

910 2372 961 2400 ego
984 2373 1045 2393 sum
1070 2366 1117 2400 qui
1144 2366 1205 2393 illas
1222 2371 1288 2394 tunc
1306 2374 1389 2400 puero
1406 2375 1468 2394 meo
1490 2368 1524 2396 ad
1548 2369 1693 2398 utilitatem

910 2410 970 2445 ejus
984 2410 1092 2442 tradidi,
1108 2415 1135 2438 et
1157 2410 1214 2445 jam
1238 2412 1379 2444 testiﬁcor,
1397 2412 1446 2439 tibi
1468 2421 1523 2440 non
1547 2422 1692 2442 necessum

911 2461 972 2482 esse
989 2454 1083 2490 legalia
1097 2455 1131 2482 de
1147 2456 1292 2483 sacriﬁciis
1308 2462 1442 2491 praecepta
1456 2466 1576 2487 servare.
1591 2459 1693 2487 Etiam-

911 2500 934 2527 si
952 2500 1024 2527 enim
1042 2508 1073 2527 ea
1092 2508 1145 2528 non
1159 2501 1301 2535 obtuleris,
1327 2502 1506 2531 nihilominus
1530 2507 1595 2531 sunt
1616 2505 1693 2532 obla-

911 2549 955 2572 ta:
972 2554 1033 2572 nam
1054 2545 1219 2574 Halocausta
1233 2553 1278 2574 tua
1291 2547 1319 2574 in
1340 2553 1479 2583 conspectu
1498 2553 1542 2576 tuo
1554 2555 1613 2576 sunt
1626 2558 1694 2578 sem-

910 2600 965 2626 per,
981 2594 1088 2621 etiamsi
1113 2602 1168 2621 non
1188 2595 1347 2622 oﬂ‘eranlur.
1366 2595 1394 2622 Si
1407 2601 1498 2623 autem
1514 2597 1627 2624 omnino
1646 2605 1694 2625 cu-

912 2646 957 2666 ras
970 2646 1003 2666 ea
1021 2646 1070 2666 ceu
1092 2640 1211 2674 pretiosa
1235 2641 1359 2675 quazdam
1380 2645 1408 2668 et
1431 2642 1587 2669 necessaria
1613 2641 1694 2669 oder-

911 2692 953 2712 re.
982 2692 1044 2713 cum
1064 2685 1162 2713 ﬁducia
1177 2687 1251 2720 audi,
1282 2695 1324 2714 me
1343 2695 1440 2715 eorum
1471 2687 1568 2715 nihila
1591 2692 1617 2715 te
1644 2694 1692 2714 ac-

382 2765 404 2781 ”
418 2765 486 2793 Gen.
505 2773 601 2797 uvm,
618 2765 660 2792 12.
698 2764 721 2780 ⁸³
733 2764 805 2791 Psal.
824 2771 858 2791 xx

914 2784 922 2797 ,
935 2763 962 2792 8.
999 2764 1022 2780 "
1035 2763 1131 2793 Matth.
1150 2767 1280 2801 sim-4L
1318 2767 1342 2784 "
1362 2766 1441 2796 Joan.
1462 2768 1544 2801 ηεξ.

1515 2886 1535 2916 8
