1928 3053
259 125 318 152 ⁴ὶ55

680 126 709 153 5.
730 125 913 154 ATHANASII
932 126 1008 155 θΡΡ.
1029 126 1119 154 PARS
1137 126 1182 154 Ill.
1199 143 1234 149 —
1253 126 1456 155 EXEGETICA.

1826 128 1877 155 236

263 189 419 220 cepturum.
435 185 577 222 Superﬂua
592 186 664 213 enim
680 187 744 214 mihi
758 187 850 214 omnia
865 192 938 215 sunt.
953 187 1046 220 Quan-

1096 188 1150 223 γάρ
1164 196 1208 222 μοι
1231 188 1330 214 πάντα*
1346 187 1438 222 ἐπειδὴ
1454 187 1500 213 καὶ
1516 187 1554 213 τὰ
1582 187 1611 213 ἐν
1630 186 1724 222 ἀγροῖς
1744 186 1877 221 νεμόμενς

265 231 412 266 doquidem
439 236 466 259 et
493 240 553 266 quae
574 232 601 258 in
627 233 698 267 agris
719 238 870 267 pascuntur
885 234 1044 266 animantia,

265 277 360 310 boves,
378 277 513 312 iumenta.
527 278 652 305 volucres
665 278 737 310 coeli,
749 283 776 305 et
788 279 960 314 pulchritudo
971 279 1042 314 agri,

266 323 357 350 omnia
367 331 425 350 mea
432 328 533 355 sunt,et
545 323 641 350 horum
654 324 721 350 nihil
734 331 810 359 egeo.
827 324 929 358 Quodsi
937 326 1046 360 quando

266 369 334 396 mihi
350 369 498 396 necessitas
511 369 580 395 foret
593 369 727 402 alimenti,
755 377 809 397 non
821 371 857 397 ita
867 378 970 405 egenus
995 378 1046 406 ego

267 422 338 446 sum,
354 418 384 441 ut
399 422 413 441 a
437 419 462 441 te
479 414 541 441 talia
556 415 707 449 postulem:
723 414 798 442 Meus
823 420 862 442 est
885 417 955 443 enim
974 417 1045 444 orbis

267 464 343 486 terra:
359 459 391 485 ⁸⁷.
410 459 461 486 Sed
473 466 596 494 quaenam
608 464 685 494 grata
703 460 768 487 mihi
780 460 877 488 oﬂ‘eres
891 461 1045 489 sacriﬁcia?

266 504 385 536 laudem,
401 504 548 537 canticum,
577 505 698 533 divinum
711 514 877 534 sermonem.
902 507 970 534 Cum
995 515 1045 534 au-

266 555 320 578 tem
336 551 393 578 haec
407 551 572 585 impleveris,
593 556 650 578 tum
680 560 713 580 ac
736 554 760 580 si
787 553 872 588 legem
897 554 1044 588 implesses

265 597 396 631 divinam,
413 598 566 625 mercedem
582 598 761 633 accipies;ut
781 607 843 627 cum
860 600 1042 633 invocaveris,

264 643 427 670 exaudiaris.
440 643 473 671 Et
487 643 629 672 declarans
641 653 721 679 quem
734 646 863 680 populum
877 646 1042 681 alloquatur,

264 689 372 716 intulit:
394 688 489 721 Israel,
526 694 552 716 et
578 690 738 724 testiﬁcabar
763 690 821 718 tibi.
843 690 946 718 Exinde
978 699 1042 718 vero

262 743 343 762 suum
356 735 632 763 ostenditdominium
646 744 652 761 :
670 735 738 763 Deus
753 736 822 763 Deus
841 741 901 763 tuus
913 744 959 771 ego
972 744 1041 770 sum,

261 781 310 816 qui
329 785 356 808 te
370 781 530 816 (Egyptiaca
550 781 681 809 servitute
708 782 832 815 liberavi,
846 782 893 817 qui
921 790 997 810 mare
1014 783 1041 810 in

261 827 336 859 viam
345 827 424 860 dedi,
444 828 491 862 qui
515 827 543 854 in
559 828 668 855 deserto
695 829 823 860 euutrivi,
848 828 896 863 qui
915 836 974 856 eam
991 828 1041 856 tibi

252 870 348 908 'legem
366 873 436 900 dedi.
451 873 517 900 Nam
530 881 564 900 ne
578 874 662 901 alium
676 881 718 901 me
736 874 920 909 legislatorem
947 875 1044 903 existi—

263 919 391 952 maveris,
405 926 519 946 cernens
534 920 622 954 legum
633 920 829 948 diversitatem.

298 1009 386 1045 [Deus
404 1009 470 1036 Deus
483 1014 551 1036 tuus.
561 1009 597 1037 1d
616 1014 668 1043 est,
682 1010 730 1045 qui
751 1018 849 1045 magna
860 1012 993 1040 miracula
1007 1013 1042 1041 ab

259 1056 340 1085 initio
356 1064 444 1091 usque
456 1057 489 1084 ad
501 1057 552 1085 hoc
559 1061 667 1093 tempus
682 1057 774 1094 generi
790 1062 881 1086 vestro
891 1058 1039 1096 exhibuit.]

298 1144 324 1171 8.
358 1144 420 1172 Non
445 1146 474 1172 in
487 1146 628 1180 sacriﬁciis
648 1147 700 1173 tuis
739 1155 850 1182 arguam
875 1152 908 1175 te.
933 1147 1042 1183 Nequa-

262 1197 343 1223 quam
359 1194 385 1218 te
395 1191 564 1226 negligentiae
577 1192 604 1218 in
619 1192 765 1219 oll'erendis
777 1192 920 1220 sacriﬁciis
931 1201 1016 1228 arguo
1031 1203 1038 1221 :

260 1234 309 1261 illa
335 1242 453 1270 namque
467 1235 549 1263 oﬂ'ers
564 1236 693 1269 assidue;
708 1236 754 1263 sed
767 1236 897 1272 praecipio
911 1244 945 1265 ne
965 1237 1041 1266 hisce

261 1279 393 1313 justitiam
409 1280 631 1308 circumscribas.

298 1325 341 1352 16.
357 1324 493 1352 Peecatori
503 1332 590 1353 autem
601 1328 670 1354 dixit
685 1327 774 1354 Deus:
793 1327 880 1360 Quare
908 1333 935 1355 tu
961 1337 1040 1356 enar-

261 1377 306 1397 ras
318 1370 438 1404 justilim
453 1373 543 1398 meas?
566 1371 739 1399 Peccatorem
764 1373 817 1400 hoc
832 1373 893 1400 loco
920 1375 1041 1409 promul-

261 1420 381 1450 gatorem
417 1415 570 1443 divinarum
606 1417 808 1452 Scripturarum
835 1419 910 1446 dicit.
946 1419 1041 1447 Simile

262 1465 352 1488 autem
366 1465 406 1488 est
428 1461 491 1488 huic
503 1462 593 1490 dicto:
610 1462 670 1489 Non
692 1465 808 1498 speciosa
823 1465 882 1491 laus
897 1469 936 1491 est
957 1465 985 1491 in
996 1473 1040 1492 ore

261 1508 408 1541 peccatoris
422 1507 456 1535 ⁸³.
471 1507 499 1534 Si
511 1516 629 1543 namque
642 1509 734 1536 omnia
749 1515 880 1544 prazcepta
898 1515 1038 1546 transgre-

261 1553 347 1585 ditur,
365 1557 393 1580 et
405 1553 480 1580 omni
491 1554 601 1582 malitiae
623 1554 724 1587 studet,
739 1559 766 1582 et
780 1555 872 1590 lingua
894 1556 979 1582 utitur
991 1556 1040 1584 do-

261 1606 335 1632 .osa,
351 1607 400 1627 cur
415 1604 509 1634 postea
521 1600 627 1628 divinas
638 1600 740 1628 litteras
756 1601 784 1628 in
801 1608 849 1628 ore
867 1601 970 1629 habet?

296 1689 340 1717 2L
355 1689 525 1717 Existimasti
538 1691 634 1725 inique,
646 1690 716 1725 quod
726 1698 771 1717 ero
792 1691 831 1717 tui
846 1691 953 1718 similis.
969 1691 1040 1720 Olim

259 1736 380 1771 quidem,
390 1736 437 1768 ait,
452 1737 498 1763 diu
514 1736 635 1768 toleravi,
649 1736 696 1764 sed
704 1744 763 1764 non
774 1737 830 1772 jam
842 1737 870 1765 id
885 1737 982 1765 faciam
994 1747 1000 1765 :
1012 1737 1039 1765 in

260 1782 379 1809 medium
394 1783 466 1810 enim
480 1783 518 1810 tui
532 1782 661 1818 arguendi
682 1790 764 1811 causa
786 1783 899 1811 aﬂ‘eram
926 1789 1039 1818 peccata

260 1833 388 1864 tua,quas
405 1833 432 1856 tu
446 1829 555 1864 quidem
569 1829 746 1857 existimabas
762 1837 816 1856 non
831 1829 901 1857 ultra
923 1830 1038 1858 exsiste-

261 1881 301 1906 re,
315 1881 404 1908 neque
427 1874 454 1902 in
472 1875 627 1910 cujuspiam
650 1875 812 1902 memoriam
837 1879 949 1902 ventura
969 1883 1038 1903 esse.

260 1919 317 1954 Ego
326 1926 390 1946 vero
398 1924 490 1954 utpote
506 1919 578 1947 Deus
588 1920 621 1946 ad
645 1919 733 1947 lucem
749 1919 896 1955 producam
922 1920 978 1952 illa,
996 1925 1041 1947 at-

259 1971 313 1999 que
323 1969 491 1999 apponentur
515 1965 542 1991 in
560 1969 734 2000 conspectum
751 1970 839 1993 tuum.
852 1964 953 2000 ‘Neque
978 1966 1042 1993 abs-

259 2010 374 2037 condam
391 2009 618 2044 quemadmodum
641 2014 672 2038 tu
697 2010 775 2042 facis,
801 2018 852 2037 nec
878 2011 976 2038 similis
1000 2011 1041 2038 tui

259 2063 317 2083 ero.
337 2055 486 2082 Producam
502 2056 565 2082 item
582 2056 638 2088 illa,
656 2060 685 2082 ut
704 2056 794 2090 palam
814 2055 917 2083 faciens
932 2056 1038 2090 pudore

260 2106 287 2128 te
298 2101 421 2129 alliciam.
434 2101 549 2136 Arguam
559 2105 592 2133 te,
605 2106 630 2127 et
639 2105 755 2128 statuam
762 2107 853 2128 contra
866 2101 960 2135 faciem
968 2106 1041 2128 tuam

259 2152 365 2182 peccata
373 2151 430 2174 tua.

1057 861 1079 889 Β

1097 233 1155 265 ζῶα
1171 233 1230 266 βόες
1244 234 1291 260 καὶ
1307 234 1403 268 κτήνη,
1424 233 1472 259 καὶ
1497 233 1531 259 τὰ
1556 232 1665 259 πετεινὰ
1688 230 1735 258 τοῦ
1751 231 1876 266 οὐρανοῦ,

1095 279 1141 306 καὶ
1154 280 1170 314 ἡ
1182 279 1315 315 ὡραιότης
1329 279 1376 309 tui
1391 278 1486 313 ἀγροῦ,
1503 279 1591 305 πάντα
1606 278 1661 313 ὲμὰ
1676 277 1819 312 τυγχάνει,
1835 278 1876 303 καὶ

1095 325 1219 360 ἀνενδεὴς
1232 325 1330 356 παντὸς
1347 324 1470 359 ὑπάρχω.
1482 324 1513 350 Εἰ
1526 323 1553 350 δὲ
1568 324 1614 350 καὶ
1624 323 1702 359 χρεία
1716 332 1762 358 μοι
1776 323 1877 356 γένοιτό

1095 379 1160 396 ποτε
1171 371 1283 406 τροφῆς,
1295 371 1344 405 οὐχ
1360 370 1444 402 οὕτως
1459 369 1552 405 ἐνδεὴς
1565 369 1631 403 ἐγὼ,
1642 369 1680 400 ὡς
1695 369 1772 404 παρὰ
1785 367 1833 394 σοῦ
1846 368 1877 394 τὰ.

1094 416 1204 443 τοιαῦτα
1220 417 1313 443 αίτεῖν·
1331 416 1399 450 Ἐμὴ
1412 416 1467 451 γάρ
1480 416 1565 442 ἐστιν
1579 416 1599 450 ἡ
1615 415 1785 450 οἰκουμένη.
1798 415 1877 445 Τίνας

1093 461 1122 488 δέ
1149 471 1193 497 μοι
1219 463 1362 497 προσηνεῖς
1379 462 1468 492 θύσεις
1483 461 1593 493 Bue-iac;
1622 461 1670 496 τὴν
1690 461 1805 491 αίνεσιν,
1835 459 1877 486 τὸν

1095 505 1186 541 ὓμνον,
1204 507 1253 542 τὴν
1281 507 1428 541 θεολογίαν.
1450 506 1557 541 Ἐπειδὴ
1572 506 1601 532 δὲ
1617 505 1701 532 ταῦτα
1712 504 1876 540 πληρώσεις,

1093 553 1123 578 τὸ
1138 552 1284 587 τηνικαῦτα
1294 552 1332 583 ὡς
1344 552 1377 578 ἂν
1393 552 1473 586 νόμον
1487 550 1632 587 πληρώσας
1648 550 1729 582 θεῖον,
1743 550 1877 576 ἀντίδοσιν

1093 596 1165 632 λήψῃ
1180 599 1210 623 ab
1228 596 1437 631 ἐπικαλούμενος
1449 596 1667 630 είσακουσθῆναι.
1692 595 1748 622 Καὶ
1772 594 1877 625 δεικνὺς

1092 642 1160 678 πρὸς
1171 644 1246 669 ποῖον
1259 643 1322 669 λαὸν
1335 642 1496 677 διαλέγεται,
1509 642 1656 677 ὲπήγαγεν-
1679 640 1815 674 Ἰσραὴλ,
1830 640 1876 666 καί

1090 686 1324 722 διαμαρτύρομαι
1359 695 1418 714 σοι.
1445 685 1510 713 Εῐτα
1538 686 1586 721 τὴν
1619 685 1722 712 οίκείαν
1756 685 1875 712 δείκνυσι

1092 733 1259 760 δεσποτείαψ
1281 734 1307 759 Ὁ
1323 734 1395 766 Θεὸς
1409 734 1425 759 ὀ
1451 733 1523 766 Θεός
1547 732 1605 758 σού
1621 733 1678 766 ειμι
1691 730 1766 765 ἐγὼ,
1789 731 1804 756 ὁ
1827 730 1876 765 τῆς

1088 779 1280 814 «Αἰγυπτιακῆς
1294 787 1322 806 σε
1335 779 1455 810 δουλείας
1474 777 1672 813 ἐλευθερώσας,
1689 777 1703 802 ὁ
1714 777 1762 811 τὴν
1778 776 1875 803 θάλατ-

1092 832 1141 850 ταν
1155 824 1430 860 ὁδὸνδωρησάμενος,
1443 824 1457 849 6
1473 824 1502 850 ἐν
1522 824 1616 858 ἐρήμῳ
1632 822 1788 857 διαθρέψας,
1800 823 1815 848 6
1830 821 1874 848 τὸν

1093 869 1173 905 νόμον
1202 870 1304 896 ἐκεῖνόν
1324 878 1364 896 σοι
1387 869 1518 901 δεδωκώς.
1541 869 1586 904 Μὴ
1613 868 1667 904 γὰρ
1685 867 1717 903 δὴ
1744 868 1824 894 ἄλλον
1841 876 1874 902 με

1092 915 1238 950 νομοθέτην
1264 915 1396 951 νομίσῃς,
1431 914 1485 941 τῶν
1517 914 1605 949 νόμων
1644 913 1716 949 ὁρῶν
1752 913 1784 939 τὸ
1820 913 1874 940 διά-

1093 970 1184 996 φορον.

1128 1007 1138 1043 [
1152 1007 1183 1033 '0
1206 1007 1278 1040 Θεὸς
1287 1008 1304 1034 ὁ
1314 1007 1393 1039 aede
1405 1014 1473 1034 σου.
1486 1006 1643 1038 Τουτέστιν,
1657 1007 1672 1033 ὁ
1696 1005 1800 1041 μεγάλα
1813 1005 1874 1032 θαυ-

1094 1053 1178 1088 μάσια
1194 1053 1312 1089 ἀρχῆθεν
1335 1053 1414 1088 μέχρι
1435 1051 1481 1078 τοῦ
1495 1051 1543 1079 νῦν
1559 1052 1600 1087 τῷ
1613 1051 1687 1086 γένει
1702 1051 1778 1087 ὑμῶν
1792 1051 1875 1078 ἐνδει-

1092 1098 1230 1134 ξάμενος.]

1127 1145 1188 1171 Οὐκ
1216 1144 1265 1171 ἐπὶ
1291 1144 1356 1177 ταῖς
1378 1143 1497 1175 θυσίαις
1528 1150 1585 1169 σου
1606 1142 1717 1177 ἐλέγξω
1741 1139 1802 1168 os.‘
1819 1141 1875 1168 οὐκ

1091 1191 1218 1226 ἀμέλειάν
1236 1199 1286 1223 σοι,
1295 1191 1387 1225 φησὶν,
1400 1188 1508 1224 ἐγκαλῶ
1522 1189 1630 1216 θυσιῶν·
1643 1189 1806 1225 προσφέρεις
1821 1188 1874 1224 γὰρ

1090 1237 1192 1268 ταύτας
1206 1236 1348 1272 διηνεκῶς·
1373 1236 1440 1262 ἀλλὰ
1465 1235 1502 1271 μὴ
1530 1235 1642 1266 ταύταις
1668 1235 1811 1271 ὁρίσασθαι
1826 1234 1876 1270 τὴν

1090 1283 1261 1318 δικαιοσύνην
1274 1283 1432 1318 παρεγγυῶ.

1090 1339 1095 1345 ·
1128 1330 1170 1363 Τῷ
1186 1329 1220 1356 δὲ
1249 1329 1411 1364 ἁμαρτωλῷ
1435 1327 1520 1356 εἶπεν
1553 1331 1570 1356 ὀ
1596 1328 1679 1361 Θεός”
1702 1328 1763 1354 “Ira
1779 1327 1808 1354 τί
1833 1326 1876 1353 σὺ

1089 1374 1213 1410 ὲκδιηγῇ
1232 1375 1268 1401 τὰ
1282 1374 1463 1409 δικαιώματὰ
1472 1382 1549 1409 μου;
1569 1373 1742 1409 Ἀμαρτωλὺν
1757 1372 1876 1399 ἐνταῦθα

1089 1421 1136 1448 τὸν
1153 1420 1299 1456 νομοθέτην
1315 1421 1369 1447 τῶν
1381 1420 1460 1447 θείων
1476 1421 1496 1446 Γ
1499 1420 1591 1456 ραφῶν
1602 1428 1693 1455 φησιν.
1714 1419 1827 1453 Ὅμοιον
1845 1418 1875 1444 δξ

1090 1467 1129 1502 τῷ
1143 1467 1287 1502 είρημένῳ·
1302 1467 1364 1500 οὐχ
1379 1466 1484 1500 ὡραῖος
1499 1466 1584 1498 αἶνος
1603 1466 1637 1492 ἐν
1651 1466 1775 1499 στόματι
1786 1465 1875 1498 ἀμαρτ

1090 1513 1197 1540 τωλοῦ.
1212 1513 1243 1539 Et
1256 1511 1310 1547 γὰρ
1328 1512 1417 1543 πάσας
1443 1512 1605 1548 παραϐαίνει
1631 1511 1680 1542 τὰς
1705 1509 1814 1541 ἐντολὰς
1828 1509 1876 1535 καὶ

1091 1559 1181 1585 πᾶσαν
1197 1557 1350 1593 ἐπιτηδεύει
1369 1557 1477 1589 κακίαν,
1496 1558 1542 1584 καὶ
1556 1557 1645 1584 δολίαν
1667 1555 1875 1589 ἀποδὶἆυσιτὴν

1091 1603 1226 1638 γλῶσσαν
1258 1604 1285 1630 τί
1305 1603 1352 1630 καί¹
1378 1603 1427 1635 τὰς
1456 1603 1531 1635 θείας
1561 1602 1609 1628 ἐπὶ
1635 1602 1768 1636 στόματος
1797 1600 1876 1635 φέρει

1091 1650 1219 1686 Γραφάς;

1132 1695 1294 1728 ’Υπέλαϐες
1310 1694 1463 1728 ἀνομίαν,
1489 1693 1534 1720 ὅτι
1565 1693 1674 1727 ἔσομαι
1696 1699 1745 1718 σοι
1764 1691 1875 1726 ὅμοιος.

1091 1740 1177 1768 Πάλαι
1191 1741 1249 1776 μὲν,
1278 1740 1368 1776 φησιν,
1381 1739 1606 1775 ἐμακροθύμησα,
1623 1738 1680 1765 ἀλλ’
1694 1738 1725 1764 οὐ
1740 1738 1787 1764 νῦν
1798 1735 1877 1764 τοῦτο

1091 1787 1207 1821 ποιήσω·
1234 1785 1402 1820 παραστήσω
1427 1784 1481 1820 γὰρ
1495 1785 1534 1816 εἰς
1550 1784 1596 1810 τὸν
1610 1783 1679 1810 κατὰ
1701 1782 1747 1809 σοῦ
1766 1782 1877 1817 ἔλεγχον

1090 1833 1125 1859 τὰ
1137 1832 1171 1859 σὰ
1187 1832 1381 1867 ἁμαρτήματα,
1394 1830 1411 1856 ἃ.
1430 1830 1462 1866 δὴ
1489 1830 1520 1856 σὺ
1539 1829 1589 1864 μὲν
1617 1828 1750 1859 ὑπέλαϐες
1777 1827 1876 1862 μηκέτι

1091 1877 1248 1911 ὑφεστάναι,
1267 1877 1333 1912 μηδὲ
1345 1876 1384 1907 εἰς
1399 1876 1508 1910 μνήμην
1531 1874 1606 1910 ἥξειν
1627 1874 1708 1905 τινός·
1729 1873 1784 1907 ἐγὼ
1795 1871 1826 1899 δὲ
1839 1873 1878 1904 ὠς

1090 1923 1156 1954 Θεὸς
1168 1923 1207 1953 είς
1230 1921 1288 1956 φῶς
1302 1921 1424 1956 παράξω,
1456 1921 1503 1946 καὶ
1529 1919 1742 1955 προτεθήσονται
1761 1918 1878 1944 ἐνώπιόν

1092 1976 1147 1994 σου·
1163 1967 1194 1994 οὐ
1215 1967 1343 2002 κρύπτων
1368 1965 1462 2001 ὥσπερ
1483 1966 1526 1997 σὺ,
1558 1965 1606 1992 καὶ
1627 1963 1801 1999 ὡμοιωμένος
1825 1972 1877 1990 σοι,

1091 2012 1208 2047 Παράξω
1227 2011 1254 2038 δὲ
1267 2011 1345 2044 αὐτὰ,
1364 2012 1437 2042 ὅπως
1450 2010 1520 2037 αὐτὰ
1536 2011 1582 2037 καὶ
1592 2010 1732 2045 γνωρίζων
1747 2009 1879 2044 αἰσχύνην

1090 2059 1223 2093 καταχέω.
1237 2057 1360 2092 Ἐλέγεω
1370 2065 1417 2088 σε.
1435 2057 1484 2083 καί
1503 2055 1688 2091 παραστήσω
1700 2055 1776 2083 κατὰ
1783 2055 1881 2090 πρόσ-

1090 2104 1171 2130 ωπόν
1181 2111 1238 2131 σου
1250 2103 1303 2136 τὰς
1326 2103 1467 2138 ἁμαρτίας
1480 2110 1548 2129 σου.

295 2192 340 2218 2‘2.
359 2191 502 2227 Intelligile
512 2191 583 2223 lucc,
604 2192 648 2225 qui
662 2190 846 2218 obliviscimini
868 2190 960 2218 Deum.
988 2190 1040 2219 Ut-

1128 2193 1235 2220 Σύνετε
1247 2192 1284 2226 δὴ
1297 2192 1399 2224 ταῦτα,
1414 2194 1440 2219 οὶ
1448 2192 1712 2225 ἐπιλανθανόμενοι
1725 2190 1779 2217 τοῦ
1792 2191 1878 2218 Θεοῦ.

261 2241 324 2271 pote
338 2237 473 2269 clemens,
495 2242 558 2271 post
582 2237 795 2271 increpationem
820 2237 1040 2265 adhortationem

261 2282 364 2316 adjicit,
378 2282 445 2309 dans
457 2282 622 2316 paenitentiae
630 2282 735 2309 locum.
752 2281 906 2317 Intelligite,
923 2289 967 2308 me
985 2289 1040 2309 non

261 2327 323 2355 ideo
349 2328 442 2354 tandiu
465 2328 581 2354 tolerare
609 2328 681 2361 quod
704 2327 737 2354 de
760 2326 928 2354 facinoribus
943 2329 1040 2355 vestris

261 2373 405 2409 gaudeam,
424 2373 472 2401 sed
483 2378 514 2401 ut
526 2374 587 2401 dem
601 2373 767 2408 paenitentia
790 2373 891 2400 locum.
911 2373 1040 2407 Alioquin

260 2419 361 2454 abripit
367 2427 417 2447 nos
428 2419 550 2454 iniquus,
565 2420 622 2446 sive
634 2419 775 2453 iniquitas,
785 2418 1041 2446 nemineliberante.

260 2465 354 2500 Eripio
383 2465 455 2492 enim
482 2472 529 2492 eos
539 2465 585 2499 qui
609 2464 763 2500 intelligunt
785 2468 813 2491 et
837 2471 850 2490 a
876 2464 956 2491 malis
968 2464 1042 2491 desi-

260 2516 354 2544 stunt,
375 2516 456 2546 atque
473 2511 567 2538 dicunt
583 2519 590 2537 :
606 2509 709 2545 Injuste
733 2511 831 2544 egimus
842 2529 849 2541 ,
875 2510 1043 2544 iniquitatem

261 2558 385 2592 fecimus,
403 2558 482 2592 impie
495 2557 593 2592 egimus
604 2557 638 2583 ".
664 2555 732 2583 Nam
749 2556 796 2590 qui
812 2556 902 2583 adhuc
920 2556 948 2582 in
963 2555 1043 2584 malis

259 2608 384 2631 versatur
400 2602 521 2630 conﬁteri
545 2609 600 2629 non
622 2606 721 2636 potest.
741 2600 782 2627 Ne
797 2601 902 2636 quando
919 2601 1004 2635 rapiat
1016 2605 1042 2628 et

260 2657 312 2676 non
328 2649 415 2684 sitqui
426 2648 532 2682 eripiat.
549 2647 586 2674 Ne
595 2648 714 2682 quando,
730 2647 828 2681 inquit,
845 2645 951 2674 auferat
966 2655 1041 2675 mors

261 2695 398 2727 animam,
420 2694 607 2729 pamitentiam
626 2694 715 2728 agite;
737 2701 818 2720 nemo
837 2693 910 2720 enim
936 2694 1041 2729 estqui

246 2742 356 2776 ,eripia!
373 2748 420 2769 eos
435 2740 482 2776 qui
494 2744 602 2776 propter
619 2744 730 2775 peccata
748 2739 775 2766 in
792 2739 899 2766 inferno
919 2740 1040 2768 conclusi

296 2830 317 2847 ⁵⁷
331 2837 400 2858 vers.
414 2829 456 2857 1‘2.
494 2829 517 2845 "
531 2828 613 2857 Eccli.
631 2836 677 2856 xv.
689 2828 715 2855 9.
752 2829 775 2846 "
795 2827 815 2854 ll
831 2827 920 2855 Paral.
938 2835 974 2860 vr,
994 2827 1036 2855 57.

1100 2239 1142 2271 Ὧς
1167 2238 1354 2274 φιλάνθρωπος
1387 2238 1455 2272 μετὰ
1478 2237 1524 2263 τὸν
1552 2236 1661 2271 ἔλεγχον
1683 2236 1809 2271 ἐπιφέρει
1833 2237 1881 2263 καὶ

1094 2284 1263 2320 παραίνεσιν,
1277 2283 1418 2318 μετανοίας
1433 2283 1515 2309 τόπον
1539 2282 1635 2314 διδούς.
1652 2282 1761 2313 Σύνετε,
1773 2282 1816 2308 ὅτι
1843 2283 1881 2316 μὴ

1094 2330 1195 2365 χαίρων
1207 2330 1262 2361 τοῖς
1273 2330 1317 2363 ὑφ’
1331 2329 1408 2364 ὑμῶν
1423 2328 1577 2364 γενομένοις
1592 2327 1769 2364 μακροθυμῶ,
1784 2327 1883 2362 καιρὸν

1093 2375 1121 2400 δὲ
1134 2375 1277 2410 μετανοίας
1297 2374 1395 2406 διδούς,
1414 2375 1447 2400 El
1463 2374 1491 2400 δὲ
1506 2374 1553 2409 μὴ,
1568 2373 1685 2410 ἁρπάζει
1699 2374 1774 2409 ἡμᾶς
1788 2375 1802 2399 6
1817 2373 1884 2400 ἄνο-

1093 2429 1152 2455 μος,
1179 2421 1262 2456 ἧγουν
1285 2422 1302 2456 ἡ
1335 2420 1449 2456 ἀνομία,
1476 2420 1588 2455 μηδενὸς
1626 2420 1700 2455 ἡμᾶς
1735 2418 1882 2454 ῥυομένου.

1098 2467 1208 2502 Ῥύομαι
1219 2466 1274 2502 γὰρ
1287 2467 1349 2498 τοὺς
1363 2466 1490 2498 νοοῦντας
1505 2464 1533 2493 οἷ
1545 2466 1636 2493 κακῶν
1653 2467 1718 2498 είσι,
1745 2465 1791 2491 καὶ
1807 2473 1883 2491 παυ-

1094 2511 1226 2546 σαμένους
1238 2511 1285 2538 καὶ
1299 2511 1437 2545 λέγοντας·
1457 2511 1671 2546 Ἠνομήσαμεν,
1680 2510 1882 2544 ἠδικήσαμεν,

1092 2556 1296 2592 ήσεϐἡσαμεν.
1329 2558 1366 2583 Οὐ
1392 2557 1446 2592 γὰρ
1482 2556 1555 2583 ἔστιν
1588 2555 1806 2591 ἐξομολογεῖσθαι
1836 2555 1884 2581 τὸν

1095 2603 1134 2629 ἔτι
1149 2603 1178 2629 τὺ
1191 2602 1273 2629 κακδν
1284 2602 1454 2638 ἐνεργοῦντα.
1472 2602 1520 2635 Μή
1536 2610 1608 2628 ποτε
1624 2601 1756 2635 ἁρπάσῃ,
1777 2601 1826 2627 καὶ
1838 2601 1883 2635 μὴ

1093 2646 1115 2684 ᾗ
1129 2650 1145 2676 ὁ
1156 2649 1311 2683 ῥυόμενος.
1332 2650 1377 2684 Μή
1407 2657 1483 2679 ποτε,
1501 2649 1593 2683 φησὶν,
1618 2648 1750 2682 ἀφέληται
1765 2646 1814 2682 τὴν
1830 2647 1884 2680 ψυ-

1095 2694 1144 2729 χὴν
1166 2695 1180 2720 ὁ
1195 2694 1319 2725 θάνατος,
1339 2695 1531 2730 μετανοήσατε·
1545 2694 1594 2720 οὐκ
1609 2693 1666 2719 ἐστι
1682 2692 1737 2728 γὰρ
1756 2693 1770 2718 6
1784 2692 1884 2728 ῥυόμε-

1100 2749 1145 2772 νος
1168 2740 1231 2772 τοὺς
1253 2741 1282 2766 ἐν
1304 2740 1368 2775 ᾆδον
1382 2739 1616 2776 κατειλημμένους
1636 2740 1696 2770 ταῖς
1721 2737 1882 2773 ἁμαρτίαις.
