1928 3053
271 136 324 164 259

691 135 720 163 S.
739 134 921 162 ATHANASII
940 133 1014 161 OPP.
1033 133 1124 161 PARS
1142 133 1185 160 Ill.
1204 148 1239 154 —
1262 133 1466 162 EXEGETICA.

1831 136 1882 163 ξιο

306 195 438 232 [Amplius
450 194 510 222 lava
524 202 564 221 mo
574 195 606 221 ab
621 194 759 228 iniquitate
779 201 851 225 mea,
875 198 899 220 et
911 201 927 219 a
942 198 1047 227 peccato

1134 190 1224 226 [Ἐπὶ
1254 191 1360 218 πλεῖον
1384 192 1502 218 πλῦνάν
1531 200 1569 226 με
1598 192 1657 220 ἀπὸ
1680 192 1735 227 τῆς
1759 193 1881 228 ἀνομίας

271 248 327 268 meo
340 241 437 267 munda
453 248 502 267 me.
516 239 659 267 Peccatum
679 239 744 267 dicit
760 239 932 266 adulterium.
955 237 1050 265 Scien-

271 287 335 314 dum
350 291 440 314 autem
455 291 507 318 est,
519 291 657 320 peccatum
671 293 732 313 esse
747 293 763 312 a
775 285 846 312 bono
859 285 982 319 lapsum;
999 284 1050 311 ini-

244 343 247 348 ν
272 332 402 367 quitatem
418 339 482 359 vero
493 330 751 366 praevaricationem
764 329 792 356 in
807 329 925 356 divinam
941 329 1025 363 legem
1041 337 1047 355 ι

240 375 241 378 “
272 378 329 405 haec
341 382 405 405 sunt
415 377 555 404 amborum
571 376 712 411 principia.
734 376 763 403 ln
779 377 829 403 hoc
844 380 934 402 autem
948 383 1048 402 conve-

272 425 360 455 niunt.
375 423 447 458 quod
463 423 566 450 sciliCet
582 427 707 457 peccator
728 421 762 448 ab
784 429 817 449 eo
833 421 880 456 qui
899 421 1048 448 secundum

239 464 240 467 “
271 472 395 496 naturam
412 472 439 495 et
449 468 476 494 in
490 472 588 494 natura
600 472 642 494 est
656 475 739 501 scopo
749 467 915 507 aberraverit
928 475 934 493 :
948 467 1048 493 huma-

271 521 313 541 na:
335 514 434 548 quippe
451 519 555 540 naturae
575 513 618 541 hic
633 521 732 548 scopus
750 514 855 547 positus
870 517 926 545 est,
953 517 984 540 ut
1006 519 1048 540 se-

270 560 388 587 cundum
405 560 536 587 rationem
552 559 642 592 vivat,
667 560 778 586 semotis
791 564 818 586 et
838 559 932 593 procul
953 558 1048 593 positis

270 605 304 633 iis
316 613 376 640 qua:
399 605 498 632 rationi
519 605 708 633 adversantur.
737 604 867 632 Similiter
887 604 934 640 qui
954 604 1048 639 inique

268 651 323 686 agit
336 652 528 686 praevaricatur
552 656 647 679 contra
664 651 750 686 legem
777 651 804 678 in
825 655 920 678 natura
943 651 1045 682 datam,

268 696 479 730 intemperanter
495 705 525 724 se
536 705 642 731 gerens.
669 696 690 723 E
708 704 736 724 re
756 696 837 732 igitur
860 697 1000 730 apostolus
1020 700 1047 723 et

268 742 416 777 discipulus
427 742 526 770 Christi
539 742 658 770 Joannes
670 747 815 778 utrumque
827 743 853 769 in
867 749 922 769 uno
935 742 1046 776 copula-

267 788 305 815 vit
317 789 358 816 sic
373 788 487 823 loquens
498 789 537 815 “z
552 788 643 816 Omnis
658 789 702 824 qui
718 789 782 823 facit
798 792 942 822 peccatum,
961 792 986 814 et
997 787 1046 814 ini-

266 835 392 869 quitatem
404 835 487 868 facit;
515 841 547 862 ac
559 835 580 861 si
595 834 710 867 diceret,
731 833 875 861 Peccatum
901 838 1042 860 consenta-

266 888 346 908 neum
359 885 401 908 est
416 881 563 916 iniquitati.
573 880 641 908 Nam
653 881 778 916 quisquis
793 880 886 915 inique
901 880 966 916 agit,
983 887 1045 914 pec-

265 930 328 959 cat;
356 933 443 960 neque
459 931 549 954 tamen
569 927 659 954 omnis
674 927 719 962 qui
741 932 845 961 peccat,
863 926 955 960 inique
976 925 1042 960 agit.

265 970 357 998 Potest
375 975 465 998 autem
480 979 512 998 ex
528 972 651 1007 opposito
666 972 730 1005 dici,
742 972 806 1006 quia
819 971 932 1004 scilicet,
951 969 1042 998 Omnis

264 1017 309 1052 qui
328 1017 393 1052 facit
408 1023 553 1052 peccatum,
569 1023 592 1045 et
607 1019 771 1053 iniquitatem
786 1017 875 1054 facit.]

301 1064 327 1090 6.
344 1063 402 1090 Tibi
413 1063 462 1090 soli
477 1064 579 1098 peccaui
592 1069 616 1091 et
631 1064 731 1091 malum
748 1072 836 1090 coram
850 1068 873 1090 te
883 1064 943 1098 feci.
959 1062 1042 1096 Quasi

264 1108 337 1136 dicat
353 1118 359 1135 :
377 1108 433 1136 Etsi
463 1109 601 1144 peccando
623 1110 744 1136 omnium
761 1110 854 1136 oculos
871 1109 942 1143 fugi,
969 1109 1042 1136 solos

264 1160 326 1183 tuos
337 1164 391 1183 non
406 1156 482 1184 latui.
496 1157 556 1184 Ideo
570 1157 636 1185 dicit
649 1167 656 1184 :
674 1157 706 1184 Et
726 1157 825 1184 malum
839 1165 928 1183 coram
943 1160 968 1184 te
981 1156 1041 1190 feci.

264 1199 354 1227 Multis
367 1207 382 1228 a
403 1205 430 1228 te
448 1200 560 1228 aﬁ‘ectus
574 1202 652 1229 bonis
673 1201 809 1229 contraria
832 1201 955 1236 rependi.
983 1200 1042 1227 Non

263 1244 299 1271 ita
314 1252 395 1279 porro
407 1246 526 1280 loquitur
539 1247 612 1281 quod
626 1247 726 1281 injuria
745 1255 797 1274 non
809 1246 931 1275 alfecisse
949 1245 1040 1274 Uriam

262 1291 416 1324 existimet;
436 1299 498 1318 nam
518 1299 573 1326 quo
588 1297 666 1326 pacto
687 1291 771 1319 illud?
791 1292 838 1319 sed
859 1293 922 1327 quia
945 1292 1042 1327 iniqui-

262 1343 303 1366 tas
321 1337 440 1364 maxima
453 1337 480 1364 in
498 1337 586 1372 ipsum
605 1337 716 1364 vertitur
735 1337 831 1371 Deum,
851 1338 898 1372 qui
921 1345 984 1365 eum
1007 1345 1040 1365 ex

262 1387 369 1419 pastore
382 1383 410 1410 in
424 1390 513 1418 regem
528 1383 673 1417 allegerat:
691 1386 738 1409 aut
752 1384 825 1418 quia,
842 1391 903 1410 cum
917 1383 1040 1410 omnium

262 1429 366 1464 fugeret
378 1427 482 1459 oculos,
496 1427 543 1454 Dei
557 1432 731 1462 conspectum
747 1435 802 1454 non
815 1427 919 1462 etfugit,
932 1428 979 1454 sed
992 1435 1041 1462 per

261 1473 421 1509 prophetam
442 1473 622 1508 reprehensus
644 1477 702 1500 est:
719 1477 782 1506 aut,
808 1477 901 1507 utpote
918 1480 966 1500 rex
988 1472 1040 1507 legi

261 1519 402 1547 hominum
428 1526 482 1546 non
506 1519 678 1554 subjace‘oat;
707 1523 736 1547 ut
762 1523 852 1546 autem
879 1519 1074 1554 religiosus,c

260 1564 316 1592 Deo
333 1566 384 1593 soli
398 1575 405 1592 :
422 1570 469 1592 aut
481 1566 609 1600 quoniam
627 1573 707 1593 nemo
720 1565 900 1600 redarguebat
910 1587 918 1599 ,
933 1566 979 1593 sed
992 1574 1039 1593 so-

260 1611 304 1639 lus
320 1611 482 1646 corripiebat
496 1611 578 1638 Deus.
603 1611 676 1644 Tibi,
691 1611 794 1646 inquit,
813 1612 863 1638 soli
874 1613 987 1646 peccavi.
1005 1611 1039 1639 Ut

259 1656 411 1691 iustificari:
425 1657 452 1683 in
469 1657 630 1684 sermonibus
643 1657 705 1683 tuis.
729 1656 781 1689 Me,
798 1657 897 1691 inquit,
911 1648 1040 1691 praevari-

259 1709 349 1731 catum
374 1710 422 1737 per
450 1702 607 1737 prophetam
632 1702 788 1737 coarguisti.
818 1702 851 1728 Et
873 1706 901 1729 tu
928 1702 1038 1736 quidem

258 1749 348 1784 justus
359 1756 421 1776 cum
437 1749 493 1781 sis,
511 1753 655 1784 postquam
665 1756 708 1776 me
731 1748 765 1776 de
787 1748 906 1776 inimicis
930 1755 1038 1782 semper

259 1795 391 1826 liberasti,
408 1799 434 1822 et
451 1801 494 1821 me
513 1802 595 1830 regno
605 1799 687 1829 atque
698 1794 838 1829 prophetia
851 1794 971 1826 ornasti;
989 1801 1039 1829 ego

259 1845 348 1868 autem
371 1839 502 1875 profanus
523 1846 547 1867 et
570 1840 705 1868 homicida
721 1848 793 1868 sum.
818 1839 853 1867 Et
871 1841 960 1867 vincas
979 1848 1038 1866 cum

258 1887 397 1920 iudicaris.
419 1886 569 1914 Declaratio
583 1887 640 1914 sive
654 1886 790 1914 confeSSio
803 1890 988 1921 peccatorum.

295 1996 321 2023 '.'.
341 1996 407 2024 Ecce
420 1998 489 2024 enim
500 1999 528 2025 in
539 1998 726 2033 iitiqttitatibua
735 2003 872 2033 conceptus
889 2007 960 2032 sum,
975 2005 1000 2026 et
1011 2000 1039 2026 in

258 2038 371 2075 peccatis
396 2044 512 2077 concepit
533 2051 573 2070 me
597 2048 681 2070 mater
705 2053 772 2072 mea.
804 2045 938 2078 Quoniam
963 2046 1040 2080 prior

258 2087 304 2114 Dei
319 2094 419 2122 scopus
434 2092 509 2120 erat,
532 2092 562 2115 ut
576 2096 629 2115 non
645 2097 693 2124 per
713 2090 915 2117 matrimonium
935 2095 962 2118 et
977 2098 1038 2118 cor-

257 2133 410 2168 ruptionem
428 2141 602 2160 nasceremur
617 2143 623 2160 ι
641 2135 688 2162 sed
704 2136 885 2170 transgressio
904 2136 1035 2170 mandati,

257 2180 366 2214 nuptias
383 2179 488 2206 induxit
499 2180 533 2206 ob
542 2179 637 2207 Adami
650 2180 831 2215 iniquitatem,
857 2182 883 2208 id
895 2185 948 2214 est,
963 2183 1035 2217 quod

257 2225 348 2252 datam
363 2225 414 2253 sibi
433 2233 447 2252 a
465 2224 519 2252 Deo
529 2226 619 2260 tlegcm
642 2227 836 2261 vilipendisset.
863 2227 963 2254 Omnes
986 2228 1037 2254 ita-

257 2277 310 2304 que
323 2270 406 2304 quiex
419 2270 524 2297 Adamo
538 2271 673 2303 oriuntur,
687 2272 713 2298 in
733 2272 922 2307 iniquitatibus
942 2273 1036 2300 conci-

256 2315 369 2349 piuntur
381 2334 389 2344 .
407 2316 498 2350 proavi
510 2317 552 2343 sui
569 2317 743 2344 damnatione
759 2318 881 2352 collapsi.
905 2319 973 2346 Illud
991 2327 1038 2346 au-

256 2366 309 2387 tem
323 2369 329 2387 :
352 2359 382 2386 Et
393 2361 419 2386 in
431 2361 543 2395 peccatis
554 2363 668 2396 concepit
683 2371 723 2390 me
737 2369 820 2390 mater
835 2372 891 2390 mea
901 2384 909 2396 ,
932 2365 1036 2399 signiﬁ-

255 2410 300 2432 cat
315 2405 397 2432 Evam
410 2406 530 2434 omnium
540 2412 668 2435 nostrum
684 2413 798 2436 matrem
809 2429 816 2442 ,
836 2417 886 2436 ceu
900 2411 1035 2444 voluptate

256 2455 419 2486 turgentem,
442 2452 601 2487 concepisse
615 2457 765 2487 peccatum.
792 2453 963 2489 Quapropter
984 2463 1033 2483 nos

255 2497 283 2523 in
299 2497 395 2524 matris
417 2502 517 2525 nostra:
537 2499 739 2526 damnationem
761 2500 896 2534 delapsos,
925 2502 1031 2536 concipi

254 2542 371 2569 dicimus
385 2542 412 2568 in
430 2542 628 2577 iniquitatibus.
642 2544 766 2572 Declarat
781 2553 835 2579 quo
843 2550 921 2580 pacto
934 2545 968 2573 ab
980 2547 1033 2574 ini-

253 2587 291 2613 tio
312 2591 407 2614 natura
431 2588 570 2615 hominum
597 2590 648 2616 sub
668 2595 809 2624 peceatum
825 2591 974 2619 conciderit
997 2599 1031 2620 ex

252 2631 315 2660 Eva:
328 2634 554 2667 transgressione,
573 2639 600 2662 et
618 2639 669 2663 sub
685 2636 874 2666 maledictione
889 2643 964 2666 ortus
974 2639 1032 2674 ejus

253 2677 343 2706 fuerit.
365 2677 523 2706 Sermonem
539 2685 628 2709 autem
643 2683 724 2711 altius
738 2684 853 2718 orditur,
869 2685 934 2713 dum
948 2686 1032 2714 divini

253 2725 373 2752 muneris
386 2725 599 2761 magnitudinem
615 2729 711 2763 quierit
723 2730 873 2758 ostendere.

293 2838 314 2855 "
329 2839 337 2865 Ι
353 2839 432 2868 Joan.
444 2847 486 2873 ut,
502 2843 528 2868 ι.

1099 247 1169 272 μου,
1186 238 1234 264 καί
1247 238 1305 264 ἀπὸ
1321 237 1375 271 τῆς
1390 238 1532 272 ἁμαρτίας
1559 247 1619 271 μου
1645 237 1809 272 καθάρισόν
1833 247 1880 274 με.

1106 283 1253 318 ’Δμαρτίαν
1268 283 1296 309 δὲ
1310 283 1359 318 τὴν
1372 283 1504 318 μοιχείαν.
1529 283 1636 314 Ίστέον,
1651 283 1688 315 ὡς
1700 285 1822 318 ἁμαρτία
1835 285 1880 319 μὲν

1100 330 1116 364 ἡ
1139 328 1185 355 τοῦ
1199 328 1300 363 ἀγαθοῦ
1324 328 1481 358 ἀπόπτωσίς
1509 329 1593 354 ἐστιν’
1619 329 1717 363 ἀνομία
1744 329 1772 355 δὲ
1788 330 1805 364 ἡ
1819 331 1880 365 nam

1098 374 1143 400 τὸν
1154 374 1222 400 οεῖον
1236 373 1315 408 νόμον
1335 373 1516 409 πλημμέλεια·
1534 373 1681 400 καὶταῦτα
1707 374 1813 409 ἔχουσιν
1831 376 1879 410 ἁρ-

1099 420 1148 454 χὴν
1160 419 1288 454 ἑκάτερον
1298 419 1409 445 τούτων.
1427 419 1613 454 Συμφὲρονται
1635 419 1662 445 δὲ
1674 420 1721 446 καὶ
1735 420 1805 447 κατὰ
1820 429 1880 447 ταυ-

1098 466 1152 492 τόψ
1167 466 1211 492 ὅτε
1234 465 1287 500 γὰρ
1304 465 1466 500 ἁμαρτάνων
1490 464 1535 491 τοῦ
1556 465 1626 491 κατὰ
1642 465 1721 499 φύσιν
1738 466 1784 492 καὶ
1801 468 1829 493 ἐν
1849 469 1878 502 τῇ

1099 510 1177 544 φύσει
1194 510 1310 544 ἀπέτυχε
1324 509 1434 536 σκοποῦ’
1448 510 1480 544 τῇ
1491 509 1545 544 γὰρ
1559 509 1715 545 ἀνθρωπεία
1727 510 1807 543 φύσει
1822 519 1880 537 σκο-

1098 555 1148 586 πὸς
1174 555 1204 581 τὸ
1231 554 1301 582 κατὰ
1325 555 1370 580 τὸν
1384 554 1463 588 λόγον
1488 554 1537 590 ζῇν
1567 555 1616 590 τῆς
1645 555 1756 589 ἀλογίας
1789 556 1880 592 ττόρρω

1097 599 1285 634 ἀπῳκισμένη.
1318 599 1452 631 Ὡσαύτως
1480 600 1526 626 καὶ
1557 600 1571 626 ὁ
1601 600 1708 635 ἁνομῶν
1729 600 1880 636 πλημμελεί

1098 645 1161 680 περὶ
1173 639 1218 671 τὸν
1235 646 1263 671 ἐν
1279 646 1312 680 τῇ
1327 644 1406 679 φύσει
1419 644 1560 680 δεδομένον
1577 646 1668 681 νόμον,
1696 646 1879 681 διαγενόμενος

1097 690 1233 726 ἀκρατῶς.
1248 690 1344 722 Καλῶς
1357 688 1404 717 οὖν
1433 691 1479 717 καὶ
1504 690 1656 722 ἀπόστολος
1689 692 1815 727 Ἰωάννης
1837 693 1879 718 καὶ

1098 735 1220 770 μαθητὴς
1232 735 1277 762 τοῦ
1291 735 1408 771 Χριστοῦ
1421 737 1461 767 εἰς
1469 735 1568 762 ταυτὸν
1586 736 1727 772 ἀμφότερα
1738 738 1879 773 περιέστη-

1097 788 1142 806 σεν
1167 780 1260 807 εἰπών·
1275 780 1336 813 Πᾶς
1355 782 1371 807 ό
1397 781 1489 807 ποιῶν
1513 780 1570 815 τὴν
1588 781 1733 815 ἁμαρτίαν
1756 782 1806 808 καὶ
1824 783 1880 817 τὴν

1096 825 1222 860 ἀνομίαν
1245 826 1334 852 ποιεῖ·
1355 826 1455 859 ἄλλως·
1475 827 1506 853 Ἦ
1521 827 1641 862 ἁμαρτία
1666 828 1832 863 κατάλληλος
1847 831 1878 863 τῇ

1060 862 1203 905 Βὰνομίᾳ.
1221 871 1278 903 Πᾶς
1305 872 1357 907 γὰρ
1380 873 1394 898 ὁ
1418 872 1525 908 ἁνομῶν
1537 873 1700 908 ἁμαρτάνει,
1724 873 1755 899 οὐ
1780 862 1879 906 tunc;

1095 918 1297 953 ἁμαρτάνοντος
1309 919 1481 954 ἁνομοῦντος.
1495 919 1611 946 Δύναται
1630 919 1658 945 δὲ
1675 920 1720 946 καὶ
1732 920 1763 946 ἐκ
1778 921 1879 956 παραλ·

1093 962 1172 998 λήλου
1186 964 1309 999 εἰρῆσθαι
1326 964 1369 990 διὰ
1387 964 1428 990 τό·
1450 964 1511 998 Πᾶς
1527 967 1543 991 ὁ
1554 964 1647 991 ποιῶν
1662 965 1718 999 τὴν
1735 966 1880 1000 ἁμαρτίαν

1093 1008 1141 1034 καί
1166 1008 1223 1042 τὴν
1237 1009 1366 1045 ἀγαμίαν
1376 1009 1475 1046 nou-21".]

1128 1054 1178 1080 Σοὶ
1202 1054 1283 1088 μόνῳ
1310 1054 1454 1088 ἥμαρτον,
1479 1054 1580 1081 καὶτὸ
1606 1055 1738 1089 πονηρὸν
1753 1055 1880 1082 ἐνώπιόν

1091 1105 1150 1125 σου
1169 1099 1389 1133 ὲποίησα.Ἀντ”ι
1405 1100 1462 1126 τοῦ·
1480 1100 1547 1132 Τοὺς
1564 1100 1670 1142 πιᾈτων
1685 1101 1879 1136 ἀποκρυψάμε-

1092 1152 1136 1176 νος
1147 1143 1301 1179 ὀφθαλμοὺς
1313 1145 1341 1170 ὲν
1351 1144 1389 1180 τῷ
1403 1145 1624 1180 παρανομήματι,
1634 1146 1696 1177 τοὺς
1709 1146 1771 1177 σοὺς
1786 1146 1879 1181 μόνως

1092 1189 1121 1215 οὒ
1136 1188 1264 1215 διέλαθον.
1277 1189 1321 1215 Διό
1335 1198 1410 1225 φησι·
1426 1190 1480 1217 Καὶ
1493 1190 1524 1216 τὸ
1543 1190 1674 1224 πονηρὸν
1686 1190 1815 1218 ἐνώπιόν
1824 1200 1879 1218 σου

1091 1234 1229 1267 ἐποίησα.
1254 1234 1362 1262 Πολλῶν
1386 1236 1440 1270 γὰρ
1468 1235 1625 1267 ἀπολαύσας
1649 1237 1724 1272 παρὰ
1752 1237 1811 1270 σοῦ,
1826 1238 1880 1268 soi;

1091 1280 1221 1312 ἐναντίοις
1246 1280 1415 1316 ὴμειψὰμην.
1440 1281 1494 1307 Καὶ
1519 1282 1549 1307 οὑ
1575 1282 1654 1308 τοῦτο
1674 1282 1757 1316 λέγει,
1780 1283 1819 1314 ὡς
1832 1283 1879 1309 οὒκ

1091 1325 1202 1360 ἠδίκησε
1219 1325 1265 1352 τὸν
1277 1326 1387 1362 Οὐρίαν·
1411 1326 1469 1358 πῶς
1488 1327 1559 1362 γάρ;
1575 1327 1631 1353 ἀλλ’
1648 1327 1688 1353 ὃτι
1721 1328 1738 1362 ἡ
1764 1328 1878 1363 μεγίστη

1091 1371 1247 1406 παρανομία
1261 1372 1300 1402 εἰς
1315 1371 1395 1398 αὑτὸν
1409 1371 1572 1407 τετόλμηται
1584 1372 1627 1398 τὸν
1641 1372 1705 1398 Θεὸν
1714 1373 1760 1399 τὸν
1772 1373 1879 1406 ἐκλεξά-

1093 1424 1172 1451 μενον
1195 1417 1241 1442 κα).
1255 1416 1366 1451 βασιλέα
1382 1418 1414 1444 ὲκ
1424 1417 1582 1453 προῦατέως
1595 1418 1773 1453 πεποιηκότα
1791 1419 1808 1454 ἢ
1820 1419 1878 1446 ἐπεὶ

1090 1463 1153 1494 τοὺς
1174 1463 1282 1490 πάντων
1308 1463 1537 1498 ἀποκρυψάμενος
1564 1463 1728 1498 ὀφθαλμοὺς,
1755 1466 1820 1496 τοὺς
1834 1464 1877 1490 τοῦ

1090 1507 1156 1534 Θεοῦ
1171 1509 1220 1534 οὐκ
1234 1508 1336 1540 ἔλαθεν,
1350 1509 1407 1536 ἀλλ’
1423 1509 1543 1544 ἠλέγχθη
1564 1509 1608 1536 διὰ
1624 1509 1670 1536 τοῦ
1690 1511 1844 1545 προφήτου·
1861 1509 1875 1544 ῆ

1091 1553 1128 1584 ὡς
1146 1554 1195 1588 μὲν
1211 1553 1336 1589 βασιλεὺς
1350 1554 1423 1590 νόμῳ
1439 1554 1589 1590 ἀνθρώπων
1614 1555 1663 1590 οὐχ
1689 1555 1829 1587 ὑπέκειτο,
1843 1556 1877 1586 ὡς

1090 1599 1118 1625 δὲ
1135 1599 1261 1635 θεοσεϐὴς
1287 1599 1326 1634 τῷ
1342 1599 1402 1635 Θεῷ
1432 1600 1514 1636 μόνῳ”
1541 1600 1557 1635 ἦ
1579 1600 1640 1627 ἐπεὶ
1661 1600 1814 1636 ἀνθρώπων
1831 1601 1877 1636 μὲν

1089 1644 1177 1676 οὐδεὶς
1191 1644 1314 1679 ἤλεγχεν,
1323 1644 1387 1676 Θεὸς
1399 1645 1427 1671 δὲ
1443 1645 1615 1680 διωρθώσατο
1627 1646 1715 1680 μόνος.
1727 1647 1790 1677 Σοί,
1801 1647 1875 1682 φησι.

1087 1690 1170 1724 μόνῳ
1188 1689 1328 1723 ἥμαρτον.
1346 1690 1440 1722 Ὅπως
1457 1689 1494 1716 ἂν
1507 1689 1666 1724 δικαιωθῇς
1681 1687 1728 1716 ἐν’
1742 1691 1806 1723 τοῖς
1827 1692 1876 1718 ,ἰό-

1092 1743 1155 1770 γοις
1170 1742 1237 1762 σου,
1254 1735 1386 1770 Ἠλεγξάς
1403 1744 1446 1770 με,
1463 1736 1540 1771 φησὶ,
1555 1735 1598 1762 διὰ
1609 1736 1655 1762 τοῦ
1671 1737 1812 1772 προερήτου
1827 1746 1876 1763 πα-

1091 1781 1287 1816 ρανομήσαντα·
1305 1781 1351 1807 καὶ
1370 1781 1401 1808 σὺ
1417 1781 1465 1816 μὲν
1479 1781 1581 1812 δίκαιος
1596 1781 1632 1808 ὢν
1648 1781 1694 1807 καὶ
1707 1781 1761 1808 τῶν
1773 1782 1876 1818 ἐχθρῶν

1090 1825 1204 1851 πάντοτε
1235 1826 1394 1860 ῥυσάμενος,
1421 1826 1468 1852 καὶ
1499 1826 1621 1862 βασιλείᾳ
1651 1827 1697 1853 καὶ
1727 1829 1876 1864 προφητείᾳ

1089 1871 1216 1906 τιμήσας·
1234 1863 1289 1905 ὲγῶ
1300 1871 1326 1897 δὲ
1340 1871 1452 1906 βέϐηλος
1483 1871 1529 1898 καὶ
1553 1872 1702 1907 μιαιφόνος.
1721 1873 1777 1899 Καὶ
1795 1874 1876 1906 νική-

1089 1923 1148 1949 σῃς
1162 1915 1196 1941 ἐν
1215 1914 1254 1948 τῷ
1273 1916 1428 1949 κρίνεσθαί
1446 1923 1493 1942 σε.
1514 1916 1661 1949 Ἀπόδειξις
1673 1918 1731 1952 ἦτοι
1746 1918 1876 1953 ὁμολογία

1089 1961 1143 1988 τῶν
1158 1961 1372 1997 ἁμαρτημάτων.

1131 2007 1203 2034 Ἰδοὺ
1211 2007 1264 2041 γὰρ
1275 2007 1309 2034 ἐν
1320 2007 1456 2042 ἀνομίαις
1465 2008 1670 2043 συνελήφθην,
1680 2010 1728 2035 καὶ
1740 2009 1777 2036 ὲν
1786 2009 1876 2044 ἀμαρ-

1088 2053 1164 2086 τίαις
1181 2052 1328 2086 ἐκίσσησέ
1351 2061 1389 2087 με
1415 2053 1434 2085 ἡ
1446 2052 1624 2105 μήτηρζμου.
1658 2053 1766 2089 Ἐπειδὴ
1783 2055 1798 2081 ὁ
1812 2063 1875 2090 προ-

1088 2097 1238 2132 ηγούμενος
1269 2097 1368 2128 σκοπὸς
1396 2097 1441 2123 τοῦ
1460 2096 1526 2123 Θεοῦ
1543 2096 1576 2133 ἧν
1598 2098 1644 2124 τοῦ
1673 2098 1710 2133 μὴ
1728 2098 1774 2125 διὰ
1786 2099 1873 2134 γάμου

1089 2144 1212 2178 γενέσθαι
1229 2144 1302 2179 ἡμᾶς
1314 2143 1361 2170 καὶ
1384 2143 1494 2178 φθορᾶς·
1509 2145 1525 2178 ἡ
1543 2144 1570 2170 δὲ
1598 2144 1754 2180 παράϐασις
1768 2145 1824 2180 τῆς
1834 2147 1875 2172 ἑν-

1053 2204 1075 2232 n
1089 2190 1166 2224 τολῆς
1176 2190 1219 2216 τὸν
1231 2190 1319 2224 γάμον
1331 2189 1460 2224 εἰσήγαγε
1472 2189 1514 2216 διὰ
1530 2190 1559 2216 τὸ
1568 2190 1704 2225 ἁνομῆσαι
1717 2190 1764 2216 τὸν
1779 2191 1873 2226 Ἀδὰμ,

1087 2237 1224 2263 τουτέστιν
1241 2235 1371 2271 ἀθετῆσαι
1384 2236 1429 2262 τὸν
1443 2237 1476 2262 ἐκ
1486 2235 1553 2262 Θεοῦ
1568 2235 1677 2263 δοθέντα
1693 2236 1768 2272 αὑτῷ
1782 2237 1871 2272 νόμον.

1088 2283 1189 2312 Πάντες
1204 2279 1250 2308 οὖν
1261 2282 1286 2308 οἱ
1308 2281 1336 2314 ἐξ
1356 2281 1442 2316 Ἀδὰμ
1455 2281 1594 2316 γενόμενοι
1611 2282 1639 2307 ἐν
1663 2282 1791 2316 ἀνομίαις
1816 2282 1875 2309 συλ-

1087 2327 1266 2364 λαμϐιέινονται
1285 2327 1481 2358 ὑποπίπτοντες
1499 2328 1533 2362 τῇ
1545 2326 1592 2353 τοῦ
1607 2327 1778 2362 προπάτορος
1796 2336 1874 2354 κατα-

1086 2372 1157 2407 δίκῃ.
1172 2372 1208 2398 Τὸ
1222 2371 1260 2402 δὲ,
1279 2371 1333 2398 Καὶ
1345 2372 1380 2398 ἐν
1391 2372 1549 2406 ἁμαρτίαις
1562 2372 1711 2406 ὲκίσσησέ
1728 2382 1768 2407 με
1781 2375 1800 2408 ὴ
1817 2374 1873 2408 μή-

1086 2426 1140 2451 τηρ
1162 2426 1232 2452 μου,
1262 2417 1386 2452 σημαίνει
1409 2417 1450 2444 ὃτι
1472 2419 1488 2452 ἡ
1508 2417 1574 2451 Εὔα,
1604 2419 1736 2445 ἁπάντων
1764 2420 1874 2455 ήμῶνή

1087 2465 1187 2499 μήτηρ,
1200 2462 1293 2498 πρώτη
1308 2463 1434 2499 ὲκίσσησε
1445 2463 1493 2497 τὴν
1503 2464 1649 2499 ἁμαρτίαν,
1658 2464 1753 2500 ὥσπερ
1765 2465 1874 2500 ὀργῶσα

1084 2509 1132 2542 τὴν
1147 2509 1252 2544 ἡδονήν.
1271 2508 1319 2535 Διὰ
1339 2508 1415 2535 τοῦτο
1431 2509 1478 2536 καὶ
1493 2510 1583 2545 ἡμεῖς.
1599 2512 1632 2547 τῇ
1639 2511 1693 2546 ,τῆς
1709 2512 1816 2548 μητρὸς
1827 2521 1872 2539 κα-

1084 2555 1261 2586 ταπίπτοντες
1278 2554 1420 2591 καταδίκῃ,
1443 2557 1586 2582 κισσᾶσϐαι
1602 2556 1717 2592 λέγομεν
1738 2558 1769 2584 ἐν
1789 2559 1875 2594 ἁμαρ-

1084 2602 1167 2634 τίαις.
1188 2601 1337 2633 Δείκνυσιν,
1367 2601 1404 2633 ὡς
1425 2600 1454 2633 ἐξ
1482 2602 1568 2638 ἀρχῆς
1584 2604 1599 2639 ἡ
1616 2603 1768 2639 ἀνθρώπων
1796 2605 1874 2639 φύσις

1085 2647 1137 2674 ὑπὸ
1151 2646 1198 2682 τὴν
1214 2646 1350 2682 ἁμαρτίαν
1368 2646 1509 2674 πέπτωκεν
1526 2648 1578 2674 ὑπὸ
1602 2649 1653 2684 τῆς
1668 2650 1697 2675 ἐν
1716 2649 1775 2685 Εὖᾳ
1789 2659 1874 2686 παρα-

1085 2691 1200 2723 ϐάσεως,
1217 2692 1264 2717 καὶ
1276 2691 1328 2717 ὑπὸ
1344 2691 1466 2726 κατάραν
1481 2693 1497 2728 ή
1512 2692 1638 2728 γέννησις
1652 2694 1777 2728 γέγονεν.
1789 2696 1874 2722 Ἀνω-

1086 2736 1130 2762 θεν
1145 2736 1174 2762 δὲ
1189 2736 1295 2770 ὑφαίνει
1310 2736 1355 2763 τὸν
1369 2735 1458 2770 λόγον,
1474 2737 1504 2764 τὺ
1521 2737 1634 2773 μέγεθος
1662 2739 1713 2774 τῆς
1729 2739 1778 2766 τοῦ
1807 2739 1873 2766 Θεοῦ

1085 2781 1186 2816 δωρεᾶς
1198 2780 1281 2814 δεῖξαι
1298 2780 1476 2816 βουλόμενος.⁹
