1922 3057
251 152 304 181 245

673 152 701 179 S.
724 151 911 179 ATHANASH
929 151 1004 179 OPP.
1025 150 1116 178 PARS
1135 149 1178 177 ill.
1199 164 1235 168 —
1252 148 1457 176 EXEGETICA.

1821 145 1879 174 2M

286 212 330 239 Η.
346 211 432 239 Redde
447 211 512 238 mihi
524 212 645 240 lwtitiam
658 211 786 238 salutaris
802 212 852 238 tui.
866 210 923 238 Hoc
933 211 966 238 ad
980 211 1030 238 bu-

1123 209 1241 241 Ἀπόδος
1252 217 1301 242 μοι
1315 207 1372 241 τὴν
1385 207 1567 242 ἀγαλλίασιν
1577 203 1628 231 τού
1644 211 1791 237 ampla!)
1800 211 1875 231 σου.

250 266 362 286 manum
377 265 461 293 genus
475 265 556 285 omne
572 257 699 284 refertur.
718 256 849 284 Laetitiam
860 256 970 291 quidem
985 264 1030 283 sa-

249 304 356 337 lutaris,
380 304 526 331 adventum
543 303 648 330 Domini
663 307 759 333 vocat.
776 303 854 337 juxta
869 302 934 329 illud
951 309 966 329 a
979 301 1031 337 Sy-

249 357 347 378 meone
357 349 460 377 dictum
476 349 498 364 "
512 358 518 376 :
534 348 604 381 Quia
618 349 737 375 viderunt
753 348 823 375 oculi
843 348 893 374 mei
914 348 1032 375 salutare

250 401 334 423 tuum.
356 396 442 430 Rogat
467 400 558 422 autem
577 399 607 421 ut
631 395 704 422 illius
730 395 865 430 particeps
888 394 1029 422 clliciatur.

250 441 286 468 Et
311 441 406 476 spiritu
427 440 569 475 principali
594 440 722 474 conﬁrma
738 448 788 467 me.
817 439 902 477 Quem
927 444 1031 467 rectum

251 488 379 523 superius
395 488 502 515 vocavit
515 487 639 522 spiritum
649 507 657 520 ,
671 487 716 514 hic
729 486 905 521 principalem
917 490 1005 514 vocat.

284 576 329 603 15.
345 576 447 603 Docebo
462 577 567 611 iniquos
584 577 640 603 vias
657 581 727 603 tuas.
750 575 894 610 Postquam
907 596 914 608 ,
932 575 1030 610 inquit,

249 629 293 648 me
313 627 467 656 alpeccato
489 621 658 654 liberaveris,
689 622 781 648 statim
807 622 873 649 mihi
898 622 1032 649 concedas

251 667 383 702 Spiritum
399 671 526 694 sanctum
544 671 632 694 tuum.
660 667 738 694 Tunc
759 671 850 695 autem
867 667 1031 702 praevarica-

249 717 323 739 tores
339 711 443 739 docebo
458 712 582 740 incedere
594 713 652 739 vias
667 717 737 740 tuas.

286 757 328 784 16.
346 757 442 784 Libera
458 766 498 784 me
511 758 543 784 de
558 757 730 793 sanguinibus
743 778 750 790 ,
766 758 837 785 Deus
851 758 918 785 Deus
936 758 1032 785 salutis

248 810 322 830 metu.
335 801 455 830 Rursum
471 811 521 837 pro
536 803 608 830 caede
618 802 690 831 Uriae
705 804 930 838 supplicationem
943 804 1031 836 affert,

249 853 280 875 ut
295 848 386 884 aliquo
410 849 491 876 modo
515 857 546 876 ex
572 849 632 884 ejus
657 849 805 884 pollutione
820 850 951 877 liberetur
968 859 976 877 :
991 850 1032 876 vel

1085 256 1132 287 Εἰς
1144 255 1215 282 ἅπαν
1226 254 1256 280 τὸ
1271 253 1323 280 τῶν
1337 251 1487 288 ἀνθρώπων
1495 251 1573 285 γένος
1588 250 1762 285 ἀναφέρεται.
1780 250 1876 283 Ἀγαλ-

1085 301 1172 327 λίασιν
1189 300 1237 335 μὲν
1251 299 1383 333 σωτηρίου
1397 298 1446 333 τὴν
1462 296 1613 332 παρουσίαν
1638 295 1684 321 τοῦ
1701 295 1804 330 Κυρίου
1820 304 1876 330 φη-

1086 347 1122 378 σὶ,
1140 346 1210 372 κατὰ
1224 345 1255 371 τὸ
1272 344 1414 380 εἰρημένον
1433 342 1486 370 ὑπὸ
1502 342 1548 368 τοῦ
1567 340 1688 376 Συμεών·
1703 341 1762 367 ’Ὁτι
1790 339 1876 367 εἶδον

1084 392 1112 417 οἱ
1128 390 1274 425 ὀφθαλμοί
1301 397 1360 423 μου
1381 388 1414 414 τὸ
1441 387 1591 421 σωτήριόν
1617 394 1683 413 σου·
1708 385 1820 420 εὔχεται
1847 386 1877 412 δὲ

1085 436 1132 462 καὶ
1151 434 1231 466 αὐτὸς
1244 433 1326 461 αὐτοῦ
1345 433 1514 468 μεταλαϐεῖν.
1536 431 1588 458 Καὶ
1606 431 1750 465 πνεύματι
1767 431 1876 464 ἠγεμοα

1085 479 1157 512 νικῷ
1175 479 1320 513 στιῇριξόν
1346 486 1394 513 με.
1409 479 1497 513 Ὅπερ
1512 476 1588 504 εἶπεν
1614 477 1741 511 ἀνωτέρω
1763 476 1876 511 πνεῦμα

1085 526 1172 556 εὺθὲς,
1188 525 1305 552 ἐνταῦθα
1320 523 1482 560 ἡγεμονικὸν
1497 524 1585 551 καλεῖ.

1121 570 1232 602 Διδάξω
1257 571 1388 604 ἀνόμους
1415 570 1468 602 τὰς
1494 569 1584 601 ὁδούς
1604 577 1672 596 σου.
1697 568 1805 603 Ἐπειδὴ
1829 567 1875 599 ἂν,

1086 616 1161 651 φησὶ,
1177 615 1328 652 ρυσάμενός
1346 622 1379 650 με
1395 616 1445 650 τῆς
1459 614 1604 650 ἁμαρτιας,
1627 612 1703 645 αὖθις
1724 613 1826 648 mea;
1841 622 1875 649 με

1085 663 1115 688 τὸ
1132 662 1177 688 σὸν
1192 661 1268 696 ἇγιον
1283 661 1405 697 Πνεῦμα.
1426 661 1493 687 Τότε
1505 660 1538 696 δὴ
1558 661 1638 687 πάλιν
1661 659 1710 692 τὰς
1734 660 1784 692 σὰς
1797 660 1877 692 ὁδοὺς

1087 707 1202 742 βαδίζειν
1218 707 1315 739 διδάξω
1327 707 1390 738 τοὺς
1401 707 1629 742 παραόαίνοντας.

1127 752 1233 779 Ῥῦσαί
1255 761 1294 787 με
1312 751 1346 784 ἐξ
1376 751 1518 786 αἱμάτων,
1548 753 1564 778 ὁ
1589 751 1660 784 Θεὸς
1679 753 1697 778 ὁ
1721 750 1794 783 Θεὸς
1819 750 1873 785 τῆς

1086 799 1234 833 σωτηρίας
1247 808 1317 834 μου.
1334 798 1418 826 Πάλιν
1445 799 1582 834 ἱκετηρίαν
1607 798 1678 833 ὑπὲρ
1693 797 1740 824 τοῦ
1758 797 1807 824 τοῦ
1825 798 1875 824 Οὐ-

1088 845 1144 880 ρίου
1168 845 1249 880 φόνου
1264 844 1379 877 τίθεται,
1398 845 1471 876 ὅπως
1494 844 1528 870 ἂν
1548 844 1658 879 ρυσθείη
1684 843 1729 870 τοῦ
1748 843 1778 875 ἐξ
1791 843 1876 870 αὑτοῦ

249 895 351 928 potius,
367 895 400 922 de
414 895 597 929 sanguinibus,
613 895 639 923 id
651 900 693 923 est
707 896 741 924 de
755 896 897 924 sacrificiis
910 904 957 931 per
971 904 1033 923 san-

1095 890 1216 925 ιιασμοῡ·
1243 891 1259 926 ἢ
1284 890 1394 926 μᾶλλον,
1411 890 1444 922 ἐξ
1461 891 1601 925 αἱμάτων,
1630 889 1685 916 τῶν
1710 890 1742 916 δι’
1760 890 1876 925 αἵματος

249 940 360 974 guinem
378 939 475 972 factis,
497 945 528 968 ut
553 941 675 968 indicant
693 949 754 975 quae
774 942 799 968 in
814 941 920 976 psalmo
940 942 1035 970 subse-

249 990 371 1019 quuntur
382 985 421 1013 sic
436 995 441 1012 :
461 985 595 1018 Quoniam
613 987 636 1012 si
650 985 775 1013 voluisses
789 987 950 1021 sacriﬁcium
963 1007 971 1020 ,
988 986 1035 1014 de-

249 1031 347 1058 dissem
361 1032 464 1065 utique,
480 1035 532 1058 etc.
558 1030 593 1057 Et
608 1031 751 1058 exsultabit
771 1031 861 1067 lingua
877 1041 935 1059 mea
951 1033 1035 1067 justi-

250 1077 314 1103 tiam
329 1082 411 1103 tuam.
434 1076 491 1104 Hoc
507 1076 686 1112 Symmachus
704 1077 745 1105 sic
761 1077 955 1112 interpretatus
972 1083 1013 1106 est
1027 1088 1034 1106 :

250 1122 383 1158 Loquetur
403 1123 496 1158 lingua
517 1131 574 1150 mea
595 1124 805 1151 misericordiam
826 1129 920 1151 tuam:
934 1132 1037 1157 nequa-

250 1176 332 1202 quam
344 1169 416 1196 enim
431 1169 526 1196 tacebo
537 1177 599 1196 cum
613 1170 721 1197 veniam
735 1170 786 1197 sim
800 1174 974 1203 consecutus,
989 1170 1037 1197 sed

249 1215 378 1243 laudibus
393 1220 420 1243 te
434 1223 584 1251 prosequar
595 1236 603 1249 ,
624 1220 651 1244 et
667 1215 797 1243 beneﬁcia
813 1220 860 1243 tua
869 1223 1038 1243 commemo—

249 1261 327 1289 rabo.
357 1261 514 1296 Siquidem,
541 1262 596 1294 ait,
622 1262 718 1297 legalia
740 1261 873 1289 sacrificia
895 1261 1035 1296 respuisti,

251 1307 382 1341 quoniam
410 1315 463 1334 non
489 1312 606 1341 possunt
632 1312 743 1342 peccata
760 1307 897 1335 dimittere
912 1317 918 1334 :
935 1307 995 1335 ideo
1011 1308 1037 1335 id

251 1352 324 1386 quod
350 1352 442 1387 diligis
458 1353 545 1380 obtuli
567 1353 626 1380 tibi.
648 1353 706 1381 Hoc
727 1358 818 1381 autem
841 1358 883 1381 est
901 1353 974 1388 quod
990 1361 1038 1388 per

251 1397 443 1432 pmniteutiam
458 1402 486 1425 et
501 1405 549 1426 cor
562 1398 711 1426 contritum
725 1398 849 1426 offertur.

285 1485 329 1512 20.
352 1485 465 1521 Benigne
481 1487 522 1522 {ac
533 1508 540 1520 ,
559 1487 688 1521 Domine,
710 1489 738 1515 in
756 1488 824 1516 bona
841 1489 975 1517 voluntate
991 1495 1038 1516 tua

251 1530 328 1557 Ficta.
345 1531 410 1558 Sion
426 1533 471 1560 hic
485 1537 567 1573 vocat
583 1533 746 1561 Ecclesiam.
763 1534 878 1567 Quando
893 1536 966 1563 cnim
979 1535 1036 1564 Deo

251 1575 325 1603 Patri
341 1577 441 1611 placuit
458 1579 550 1606 omnia
567 1579 594 1606 in
610 1579 679 1607 Filio
697 1587 747 1607 suo
762 1588 893 1608 renovare
904 1601 911 1613 ,
935 1585 1037 1609 tuncet

251 1622 324 1649 bona
347 1622 475 1651 Ecclesiae
493 1632 550 1652 sua:
575 1625 712 1659 pollicitus
734 1631 785 1654 est.
814 1626 849 1653 Et
871 1627 1037 1661 adiﬁcantur

253 1670 324 1696 muri
339 1668 498 1697 Jerusalem.
515 1669 607 1700 Muros
620 1670 771 1703 Jerusalem
781 1692 789 1704 ,
803 1677 913 1700 sanctos
925 1672 977 1705 ait.
992 1681 1036 1700 sa-

253 1722 362 1742 crorum
378 1716 529 1747 ministros,
547 1716 594 1751 qui
615 1717 742 1744 muniunt
759 1716 908 1745 Ecclesiam
925 1717 994 1753 ejus.

287 1851 333 1879 21.
364 1851 437 1878 Tunc
458 1852 606 1887 acceptabis
626 1853 788 1888 sacriﬁcium
803 1854 929 1888 justitiie.
955 1853 1035 1886 Cum,

252 1897 358 1932 inquit,
384 1897 516 1925 beneﬁcia
537 1897 613 1925 Sioni
626 1898 741 1931 tribues,
758 1903 785 1926 et
801 1898 1038 1926 aadilicatiluerint

251 1942 324 1969 muri
335 1941 496 1974 Jerusalem,
513 1945 579 1969 tunc
591 1942 741 1970 olierenlur
752 1943 901 1979 sacriﬁcia,
920 1951 975 1970 non
988 1950 1037 1978 per

252 1987 424 2022 sanguinem,
434 1989 481 2016 sed
493 1989 618 2023 iustitiae,
634 1989 723 2017 laudis
737 1990 851 2017 scilicet.
871 1988 1037 2016 Oblationem

251 2036 278 2059 et
294 2032 460 2065 holocausta,
482 2034 597 2069 justilize
612 2035 717 2062 scilicet
733 2039 760 2062 et
782 2035 919 2062 incruenti
933 2035 1038 2063 sacriﬁ-

252 2078 298 2106 cii.
327 2078 399 2105 Tunc
422 2080 554 2114 imponent
576 2089 654 2115 super
677 2081 763 2108 altare
782 2085 855 2107 tuum
875 2081 980 2108 vitulos.
1004 2080 1038 2108 Et

252 2123 328 2159 ipsos
341 2124 594 2160 (vitulos)justitite,
611 2131 641 2153 ut
658 2126 713 2154 sint
728 2126 820 2154 omnia
838 2127 970 2161 justitim,
993 2135 1038 2155 sa-

253 2169 365 2202 criﬁcia,
378 2170 531 2198 oblationes
547 2171 668 2199 iustitia).
680 2172 841 2200 holocausta
853 2172 979 2207 justitiae,
996 2173 1037 2200 vi-

253 2215 303 2242 tuli
315 2215 437 2249 iustitiae.

431 2260 481 2287 Hic
492 2261 586 2288 desinit
602 2259 697 2287 Daniel
713 2260 855 2289 Barbarus.

254 2356 281 2384 Ι.
297 2342 331 2383 Iri
345 2357 434 2390 ﬁnem,
449 2357 595 2384 intellectus
610 2357 708 2384 David.
726 2357 793 2385 Cum
804 2359 874 2385 venit
891 2358 959 2386 Doec
971 2359 1035 2386 ldu-

289 2410 370 2429 mams
383 2407 407 2429 et
421 2403 551 2429 nuntiavit
569 2401 645 2430 Sauli
659 2411 667 2430 :
690 2403 765 2431 Venit
782 2404 866 2432 David
887 2405 916 2431 in
929 2406 1037 2432 domum

290 2449 450 2476 Abimelech.
476 2449 525 2476 LI.

546 2537 746 2571 Argumentum.

255 2582 370 2615 Quando
392 2581 461 2617 fugit
476 2582 560 2610 David
574 2590 589 2609 a
610 2582 681 2609 facie
694 2582 786 2609 Saulis
804 2581 831 2608 in
847 2581 959 2609 domum
970 2582 1038 2609 Abi~

290 2629 452 2662 melech,'ac
462 2629 495 2656 de
510 2629 627 2664 panibus
639 2628 809 2655 sacerdotum
821 2627 949 2660 comedit,
963 2635 1040 2655 acce-

290 2675 384 2711 pitque
396 2674 480 2702 Goliae
497 2674 615 2710 gladium
628 2693 636 2707 ,
657 2673 808 2700 abscedens
825 2672 962 2707 quispiam
981 2681 1038 2700 rem

291 2721 428 2748 nuntiavit
443 2720 561 2747 Sauli“.
581 2719 646 2746 Erat
659 2723 749 2746 autem
762 2718 786 2745 is
801 2718 872 2745 Doec
887 2717 975 2753 Syrus
990 2719 1038 2753 qui

292 2767 315 2784 “
331 2766 396 2795 Luc.
412 2775 442 2800 ll,
454 2767 499 2794 30.
535 2766 557 2782 ν’
574 2764 736 2800 lReg.-xx1,
758 2764 832 2791 1-10.

1086 936 1196 969 θυσιῶν,
1213 938 1250 969 ὡς
1260 937 1294 963 τὰ
1311 937 1468 972 ὲπαγόμενα
1490 936 1536 963 τοῦ
1564 935 1670 971 ψαλμοῦ
1695 936 1878 962 διαδείκνυσιν

1086 982 1223 1014 εἰπόντος’
1253 982 1330 1014 Ὅτι,
1366 983 1393 1008 εὶ
1422 981 1576 1015 ἠθέλησας
1615 981 1744 1012 θυσίαν,
1779 980 1877 1008 ἔδωκα

1086 1027 1202 1063 ily-(10),
1233 1028 1280 1055 καὶ
1307 1027 1341 1054 τὰ
1364 1027 1436 1063 ἑξῆς.
1472 1026 1695 1062 Ἀταλλιάσεται
1718 1027 1737 1060 ὴ
1750 1026 1876 1061 γλῶσσά

1085 1082 1143 1108 μου
1169 1073 1226 1107 τὴν
1254 1073 1451 1105 δικαιοσύνην
1480 1080 1550 1099 σου.
1577 1072 1662 1098 Τοῦτο
1691 1073 1705 1098 ό
1727 1072 1877 1107 Σύμμαχος

1087 1119 1171 1150 οὕτως
1183 1119 1350 1154 ἡρμήνευσε·
1369 1117 1551 1151 Διαλαλήσει
1575 1117 1734 1152 musaea
1746 1126 1806 1152 μου
1819 1117 1877 1151 τὴν

1087 1165 1296 1199 ἐλεημοσύνην
1319 1172 1387 1191 σου⁸
1413 1164 1442 1190 οὺ
1468 1165 1523 1200 γὰρ
1552 1165 1656 1199 σιγήσω
1686 1164 1736 1198 τῆς
1750 1163 1878 1198 ἀφέσεως

1087 1211 1252 1244 ἀπολαύσας,
1276 1210 1333 1237 ἀλλ’
1360 1210 1452 1246 ὑμνῶν
1481 1219 1510 1236 σε
1526 1210 1672 1237 διατελέσω
1687 1210 1733 1236 καὶ
1754 1209 1803 1240 τὰς
1827 1209 1878 1240 σὰς

1087 1256 1262 1292 διηγούμενος
1286 1255 1409 1291 χάριτας.
1434 1255 1543 1290 Ἐπειδὴ
1569 1254 1618 1286 τὰς
1649 1255 1677 1280 ἐν
1695 1254 1778 1289 νόμῳ,
1796 1254 1878 1288 φησι,

1088 1303 1237 1339 παρῃτήσω
1251 1302 1356 1334 θυσίας,
1365 1303 1394 1328 οὺ
1408 1301 1462 1337 γὰρ
1469 1301 1594 1328 δύνανται
1608 1301 1714 1335 ἀφιέναι
1727 1301 1866 1336 ἁμαρτίας

1087 1350 1181 1375 τούτου
1202 1348 1280 1384 χάριν
1295 1349 1328 1384 ἣν
1343 1348 1491 1383 ἠγάπησάς
1519 1357 1559 1374 σοι
1589 1349 1773 1383 προσήνεγκα.
1800 1347 1877 1383 Αὕτη

1087 1395 1116 1422 δέ
1142 1396 1215 1422 ἐστιν
1241 1396 1257 1430 ἡ
1282 1395 1327 1422 διὰ
1354 1394 1498 1429 μετανοίας
1515 1395 1562 1421 καὶ
1586 1394 1699 1428 καρδίας
1714 1402 1878 1430 συντετριμ-

1090 1439 1183 1475 μένης.

1131 1486 1303 1520 Ἀτάθυνον,
1318 1487 1415 1521 Κύριε,
1443 1487 1478 1513 ἐν
1497 1486 1533 1520 ’τῇ
1546 1485 1668 1520 εὐδοκία
1683 1492 1740 1512 σου
1757 1485 1815 1519 τὴν
1828 1487 1861 1512 Σι
1874 1503 1878 1506 -

1088 1532 1140 1560 ὼν.
1160 1532 1228 1559 Σιὼν
1239 1533 1356 1559 ἐνταῦθα
1367 1533 1416 1567 τὴν
1435 1531 1596 1566 Ἐκκλησίαν
1615 1532 1706 1566 φησίν.
1723 1532 1807 1558 Ὅταν
1824 1532 1878 1567 γὰρ

1088 1578 1237 1613 ηὐδόκησεν
1253 1579 1267 1605 ὁ
1297 1578 1365 1610 Θεὸς
1393 1578 1440 1605 καὶ
1467 1578 1561 1613 Πατὴρ
1587 1577 1826 1611 ἀνακεφαλαιῶσαι
1842 1577 1876 1604 τὰ

1090 1623 1177 1650 πάντα
1196 1625 1224 1650 ἐν
1237 1623 1276 1658 τῷ
1291 1623 1348 1658 Υἱῷ
1366 1623 1459 1655 αὑτοῦ,
1472 1623 1533 1649 τότε
1545 1623 1592 1649 καὶ
1606 1623 1655 1654 τὰς
1674 1623 1778 1656 ἀγαθὰς
1795 1622 1877 1649 αὑτοῦ

1088 1669 1122 1704 τῇ
1144 1668 1292 1704 Ἐκκλησία
1305 1668 1385 1694 αὑτοῦ
1404 1668 1519 1695 δέδωκεν
1543 1668 1717 1702 ἐπαγγελίας.
1733 1668 1786 1695 Καὶ
1800 1669 1875 1695 οἱκο-

1089 1713 1244 1748 δομηθήτω
1256 1715 1292 1740 τὰ
1317 1715 1399 1749 τείχη
1419 1714 1621 1748 Ἰερουσαλήμ.
1641 1714 1722 1749 Τείχη
1746 1715 1876 1750 Ἰερουσα-

1089 1760 1145 1795 λὴμ
1160 1761 1223 1791 τοὺς
1250 1760 1343 1794 ἁγίους
1359 1760 1441 1795 φησιν
1463 1760 1620 1796 ίερουργοὺς
1640 1760 1702 1791 τοὺς
1727 1760 1877 1796 mappas--

1089 1814 1185 1837 τοντας
1197 1806 1246 1841 τὴν
1265 1806 1426 1841 Ἐκκλησίαν
1442 1805 1533 1833 αὑτοῦ.

1127 1852 1196 1878 Τότε
1218 1850 1394 1885 εὐδοκήσεις
1410 1851 1520 1878 θυσίαν
1549 1851 1754 1884 δικαιοσύνης.
1782 1851 1876 1883 Ὅταν,

1090 1899 1182 1932 φησὶν,
1201 1897 1346 1931 ἀγαθυνεῖς
1360 1897 1408 1933 τὴν
1431 1897 1499 1924 Σιὼν
1512 1898 1560 1924 καὶ
1576 1897 1738 1933 οῑκοδομηθῇ
1752 1897 1785 1924 τὰ
1800 1898 1876 1933 τείχη

1096 1943 1281 1979 Ἰερουσαλὴμ.
1295 1943 1355 1970 τότε
1381 1943 1412 1978 δὴ
1427 1943 1486 1970 τότε
1511 1944 1558 1970 καὶ
1587 1943 1813 1978 ἀνενεχθήσονται
1829 1943 1877 1970 θυ-

1091 1989 1157 2020 σίαι,
1174 1989 1223 2023 οὐχ
1237 1989 1265 2014 ai
1291 1988 1323 2014 δι1
1338 1988 1472 2023 αἱμάτων,
1490 1988 1548 2015 ἀλλ’
1567 1989 1595 2015 αἱ
1622 1989 1671 2023 τῆς
1693 1988 1876 2021 δικαιοσύνης,

1090 2034 1118 2060 αἱ
1130 2033 1178 2068 τῆς
1188 2033 1316 2065 αἰνέσεως
1327 2033 1456 2068 δηλονότι.
1474 2033 1641 2067 Ἀναφορὰν
1651 2033 1698 2060 καὶ
1711 2032 1878 2060 ὁλοκαυτώ-

1087 2089 1176 2115 ματα,
1192 2081 1239 2108 καὶ
1256 2080 1325 2106 αὐτὰ
1338 2080 1371 2107 τὰ
1391 2080 1622 2118 τῆς-δικαιοσύνης
1636 2079 1682 2105 καὶ
1693 2079 1727 2106 τὰ
1740 2080 1791 2114 τῆς
1804 2081 1879 2106 ἀναι-

1092 2125 1195 2160 μάκτου
1211 2125 1306 2156 Θυσίας
1325 2125 1409 2160 δηλοῖ.
1427 2126 1495 2152 Τότε
1520 2125 1700 2152 ἀνοίσουσιν
1715 2125 1764 2151 ἐπὶ
1779 2125 1812 2151 τὸ
1826 2127 1878 2152 θυ-

1090 2169 1268 2204 σιαστήριον
1276 2178 1334 2197 σου
1343 2171 1489 2205 μόσχους.
1507 2171 1561 2197 Καὶ
1574 2171 1672 2201 αὐτοὺς
1691 2170 1877 2205 δικαιοσύνης,

1091 2215 1160 2242 ὥστε
1175 2214 1245 2243 εἶναι
1268 2216 1356 2242 πάντα
1384 2216 1572 2252 δικαιοσύνης,
1597 2216 1708 2247 θυσίας,
1738 2216 1879 2252 ἀναφορὰς

1088 2262 1274 2297 δικαιοσύνης,
1304 2262 1516 2297 ὁλοκαυτώματα
1544 2262 1727 2297 δικαιοσύνης,
1758 2262 1879 2297 μόσχους

1088 2307 1241 2343 δικαιοσύνη
1246 2317 1269 2339 ς.

1088 2356 1140 2388 Εἰς
1155 2355 1188 2381 τὸ
1202 2356 1300 2387 τέλος,
1315 2354 1468 2389 συνέσεως
1483 2355 1523 2388 τῷ
1554 2355 1654 2387 Δαυτδ,
1673 2355 1708 2381 ἐν
1718 2354 1759 2387 τῷ
1776 2355 1881 2385 ἐλθεῖν

1125 2401 1207 2435 Δωὴκ
1224 2401 1277 2428 eor
1299 2401 1464 2435 Ἰδουμαῖον
1478 2401 1525 2428 καὶ
1539 2401 1710 2435 ἀναγγεῖλαι
1725 2399 1765 2432 τῷ
1779 2401 1879 2427 Σαοὺλ

1124 2446 1173 2473 καὶ
1192 2447 1287 2473 εἰπεῖν
1312 2446 1402 2479 αὐτῷ·
1433 2445 1523 2474 Ἦλθε
1544 2446 1636 2473 Δαυῒδ
1655 2447 1698 2479 εὶς
1721 2445 1776 2471 τὸν
1795 2443 1880 2472 οἶκον

1132 2493 1294 2528 Ἀϐιμέλεχ.
1308 2494 1370 2520 NA’.

1414 2538 1420 2547 '
1426 2539 1578 2571 Υπόθεσις.

1097 2583 1191 2610 Ἦνίκα
1203 2583 1286 2617 ἔφυγε
1301 2582 1382 2610 Δαυῖδ
1397 2583 1451 2609 ἀπὸ
1465 2583 1610 2618 προσώπου
1623 2582 1720 2613 Σαοὺλ,
1737 2583 1786 2608 καὶ
1817 2591 1879 2608 κατ-

1127 2627 1196 2663 ήχοη
1226 2628 1333 2662 φεύγων
1357 2627 1430 2655 οἷκον
1466 2628 1620 2663 Ἀϐιμέλεχ,
1651 2627 1705 2653 τῶν
1729 2636 1759 2653 τε
1790 2628 1879 2663 ἄρτων

1127 2674 1289 2709 τῶν-ἱερέων
1308 2675 1449 2708 ἐγεύσατο,
1462 2675 1513 2710 τήν
1527 2683 1556 2700 τε
1572 2674 1706 2710 ῥομφαίαν
1715 2673 1764 2699 τοῦ
1783 2672 1878 2700 Γολιὰθ

1127 2720 1258 2747 δέδεκται·
1291 2721 1415 2748 ἀπελθών
1442 2731 1483 2753 τις
1520 2721 1686 2756 ἀπαγγέλλει
1723 2721 1814 2748 ταῦτα
1843 2720 1880 2754 τῷ

292 2812 348 2847 (20)
369 2813 436 2841 Cod.
451 2812 576 2839 Ambros.
598 2811 692 2843 habet,
717 2810 750 2836 Ai
766 2811 794 2837 ἐν
811 2812 885 2846 νόμῳ
914 2810 1004 2837 θυσίαι
1022 2811 1043 2837 οἱ

1095 2810 1195 2838 ἱνανται
1228 2812 1335 2846 ἀφιέναι
1353 2813 1498 2849 ἁμαρτίας.
1523 2812 1589 2846 Qua:
1615 2812 1748 2840 sententia
1767 2811 1878 2840 inferius

257 2848 396 2881 repetitur.
