1922 3057
43 162 88 190 τὲίό

73 219 162 246 Σαούλ.
181 220 263 255 Δωὴκ
286 220 314 246 δὲ
331 217 407 252 οὗτος
431 222 445 247 ὁ
461 220 545 256 Σύρος
570 221 599 252 ὃς
622 222 669 248 καὶ
690 221 815 248 τοσοῦτον
829 223 854 252 Α

73 265 255 301 ἐξεπολέμωσε
268 266 314 301 τὴν
322 266 409 301 ψυχὴν
421 267 467 293 τοῦ
474 267 569 298 Σαοὺλ,
576 267 613 298 ὼς
621 267 817 294 ἀποστείλαντα

75 312 159 337 πᾶσαν
182 310 232 346 τὴν
259 311 334 338 πόλιν
354 312 408 338 τῶν
429 312 524 346 ἱερέων
546 311 660 343 ἀνελεῖν,
681 312 727 338 καὶ
750 311 817 347 μηδὲ

77 357 183 390 κτήνους
194 356 285 383 αὐτῶν
297 356 450 390 φείσασθαι.
478 356 570 383 Ταῦτα
594 354 640 383 οὖν
664 355 789 390 ἀκηκοὼς
804 356 819 381 ό

75 401 150 427 Δαυῖδ
176 401 211 427 τὰ
237 401 404 437 προκείμενα
427 402 512 436 λέγει,
538 402 579 434 είς
608 401 752 436 πρόσωπον
771 400 817 427 τοῦ

77 447 157 481 Σύρου
172 447 391 482 ἀποτεινόμενος.
405 449 482 482 Ἔχει
493 447 522 474 δὲ
538 448 586 474 καὶ
613 447 750 483 ἀναφορὰν
771 447 819 473 καὶ

75 493 114 523 εἰς
133 492 162 518 τὸ
186 493 234 519 τοῦ
265 493 397 520 Ἰουδαίων
431 493 497 519 λαοῦ
531 493 676 528 πρόσωπον
704 492 750 519 καὶ
771 491 818 518 τοῦ

85 538 172 565 Ἰούδα.
185 539 312 574 Περιέχει
328 539 356 566 δὲ
380 539 427 566 καὶ
448 538 557 573 ἀγαθῶν
573 538 736 572 ἐπαγγελίαν
765 538 831 564 τῶνκ

80 585 217 619 ἐσομένων,
237 585 284 611 καὶ
304 585 352 620 τὴν
369 586 398 611 ἐν
422 584 462 620 τῷ
473 585 539 620 οῐκῳ
553 584 601 611 τοῦ
627 584 694 610 0εοῦ
717 584 820 619 ἵδρυσιν

79 629 127 655 τῶν
139 629 220 663 ἁγίων
230 630 326 663 αὐτοῦ,
344 631 386 657 διὰ
404 630 451 657 τοῦ
471 630 571 665 λέγειν·
593 630 662 664 Ἐγὼ
690 629 724 656 δὲ
749 630 819 656 ὡσεὶ

79 676 157 702 ἐλαία
176 676 366 710 κατάκαρπος
378 677 414 704 ἐν
430 676 470 710 τῷ
487 678 559 709 οῑκῳ
585 677 639 704 τοῦ
666 677 749 704 Θεοῦ.
775 677 821 703 Διὸ

80 719 108 755 δὴ
126 720 169 746 καὶ
181 721 339 754 συνέσεως
353 722 398 748 καὶ
412 723 455 754 είς
467 721 500 748 τὸ
515 721 601 754 τέλος
615 721 795 757 ἐπιγράφεται
807 722 821 747 ὁ

82 765 185 801 ψαλμός.
208 767 372 802 Χρεία-γὰρ
388 767 488 802 πολλῆς
504 767 635 800 συνέσεως
648 768 689 799 εἰς
701 767 733 794 τὸ
747 775 818 801 γνω-

84 812 149 846 ρίσαι
164 813 212 847 τῆς
242 813 399 848 οἰκονομίας
417 812 464 840 τοῦ
487 813 556 841 κατὰ
580 814 669 849 σάρκα
697 813 778 840 Δαυῖδ
792 814 829 840 τὺτ

82 858 230 892 μυστήριον.

86 901 112 928 Τί
136 902 269 937 ἐῃιαυχᾷ
285 903 321 930 ἐν
338 905 437 938 κακίᾳ,
459 905 475 931 ό
503 904 649 936 δυνατός;
681 903 724 935 Ὠς
751 903 821 939 πρὸς
836 892 857 920 Β

53 949 120 975 αὐτὸν
136 949 178 976 τὸν
194 950 291 986 Σύρον,
310 950 382 985 ἢτὺν
398 951 579 986 ὲνεργήσαντα
593 951 621 976 ἐν
647 949 720 984 αὐτῷ
734 949 823 976 διάδο-

52 995 98 1026 λον,
107 996 236 1022 ἀποτείνει
251 996 298 1022 τὸν
314 996 401 1030 λόγον.

87 1039 156 1067 Ὠσεὶ
195 1041 292 1075 ξυρὸν
326 1042 513 1076 ἠκονημένον
542 1042 688 1075 ἐποίησας
720 1041 821 1069 δόλον.

55 1085 128 1112 Τοῦτό
139 1095 213 1120 φησι,
227 1087 273 1113 διὰ
292 1087 323 1113 τὸ
339 1087 432 1122 ὦσῆρ
450 1086 564 1122 ξυρῆσαι
578 1087 625 1113 καὶ
642 1087 756 1122 ἐκκόψαι
772 1087 823 1114 πᾶ-

54 1139 94 1156 σαν
104 1131 154 1158 τῶν
169 1132 265 1168 ἱερέων
284 1132 333 1167 τὴν
352 1132 438 1160 πόλιν.

87 1176 247 1212 Ἠτάπησας
263 1178 374 1204 κακίαν
392 1178 467 1212 ὑπὲρ
491 1178 700 1212 ἁγαθωσύνην.
724 1177 823 1204 Ἦδίκει

53 1223 98 1257 γὰρ
117 1223 350 1259 καταψευδόμενος
379 1223 426 1250 τοῦ
455 1224 549 1258 ἱερέως
576 1223 623 1249 καὶ
648 1222 702 1249 τῶν
722 1222 824 1249 λοιπῶν

54 1269 164 1295 ἁπάντων
178 1270 225 1295 σὺν
235 1269 323 1304 αὐτῷ,
340 1269 387 1296 καὶ
400 1269 434 1295 τὰ
451 1269 488 1304 μὴ
500 1268 654 1304 πραχθέντα
670 1269 730 1295 κατ’
743 1267 824 1295 αὐτοῦ

53 1314 135 1348 λέγων’
147 1315 177 1341 τὸ
191 1315 246 1350 γὰρ
261 1316 359 1346 εἰπεῖν,
376 1315 414 1346 ὼς
428 1315 589 1350 ἐπηρώτησε
613 1315 658 1342 τὸν
669 1314 734 1341 Θεὸν
762 1314 825 1350 περὶ

53 1359 91 1386 τοῦ
105 1361 189 1392 Δαυῖδ,
202 1361 300 1395 ψεῦδος
311 1359 413 1396 imitat
426 1361 478 1387 οὐκ
491 1360 612 1396 ἀλήθεια.

89 1445 252 1480 Ἠγὰπησας
282 1445 379 1472 πάντα
414 1445 533 1480 ῥήματα
568 1445 824 1479 καταποντισμοῦ,

55 1491 184 1525 πιιώσσαν
195 1492 312 1519 δολίαν.
332 1492 424 1518 Πάντα
439 1492 494 1527 γὰρ
510 1491 578 1527 πρὸς
598 1491 754 1527 ἐπιϐουλὴν,
779 1491 826 1518 καὶ

56 1535 137 1569 φθόνον
150 1537 195 1563 καὶ
204 1536 380 1564 θάνατονατοῦ
395 1537 488 1572 ἱερέως
504 1537 550 1563 καὶ
560 1537 614 1564 τῶν
630 1536 729 1564 λοιπῶν
740 1538 826 1564 ἁπάν-

55 1589 100 1608 ¹των
117 1582 165 1608 τῶν
176 1583 223 1608 σὺν
239 1581 316 1617 αὐτῷ
340 1582 567 1615 τεθανατωμένων
592 1582 761 1618 διεπράξατο’
785 1582 825 1609 διὸ

54 1625 154 1659 ῥήματα
166 1627 412 1660 καταπΜισμοῦ
426 1627 451 1652 oi.
464 1627 537 1661 λόγοι
547 1627 596 1662 τῆς
606 1627 652 1653 τοῦ
669 1627 748 1662 Δωὴκ
761 1628 826 1662 ψευ-

56 1670 161 1705 δολογίας
188 1672 308 1708 εἴρηται.
345 1672 461 1707 ’Δορόως
486 1671 540 1707 γὰρ
553 1672 642 1698 πᾶσαν
668 1672 718 1707 τὴν
748 1672 826 1698 πόλιν

57 1716 101 1743 τῶν
115 1717 202 1752 ἱερέων
214 1718 311 1753 ὥσπερ
326 1718 355 1743 ὲν
370 1717 443 1752 βυθῷ
470 1717 645 1744 κατεπόντισε
661 1719 716 1749 τοῖς
729 1718 825 1744 ἑαυτοῦ

59 1762 157 1797 ῥήμασι.
188 1764 304 1797 Λέγοιτο
327 1763 350 1789 δ’
364 1762 398 1789 ἂν
413 1762 498 1789 ταῦτα
513 1762 624 1795 δικαίως
644 1763 690 1790 καὶ
711 1763 758 1789 ἐπὶ
772 1764 826 1791 τῶν

59 1807 177 1842 ἀρχόντων
191 1809 244 1836 τῶν
266 1809 412 1842 Ἰουδαίων,
429 1809 476 1835 καὶ
492 1809 574 1836 αὑτοῦ
584 1809 612 1836 δὲ
628 1809 676 1836 τοῦ
696 1809 790 1836 Ἰούδα.

92 1854 213 1882 Ἐκτίλαι
231 1862 272 1882 σε
286 1855 334 1881 καί
353 1855 593 1889 μεταναστεύσαι
613 1862 650 1881 σε
672 1855 731 1882 ἀπὸ
754 1863 827 1889 σκη-

59 1898 174 1934 νώματός
191 1908 260 1928 σου.
291 1901 479 1936 Μετετὲθησαν
501 1900 556 1935 γὰρ
570 1900 619 1935 τῆς
648 1901 722 1936 ἱερᾶς
738 1901 828 1927 αὐτῶν

61 1946 156 1981 σκηνῆς,
176 1946 319 1982 γεγονότες
330 1947 494 1982 αἰχμάλωτοι
508 1946 552 1973 διὰ
567 1946 612 1973 τὸν
629 1947 698 1974 κατὰ
709 1946 756 1973 τοῦ
770 1947 827 1973 Κυ-

63 1990 112 2023 ρίοῡ
123 1993 241 2027 σταυρόν.
258 1991 315 2018 Καὶ
328 1991 361 2018 τὸ
369 1991 480 2026 ῥίζωμὰ
506 1999 564 2018 σου
579 1991 612 2018 ἐκ
633 1992 689 2026 γῆς
705 1991 826 2021 ζώντων.

62 2035 158 2071 Ὅμοιον
181 2038 227 2071 τὸ,
254 2037 535 2072 Ἐξαλειφθήτωσαν
561 2038 595 2064 ἐκ
621 2038 731 2069 ,ϐίϐλου
760 2036 828 2067 ζών-

63 2088 119 2108 των.

839 1558 862 1589 C

93 2125 148 2162 [Διὰ
165 2129 250 2156 τοῦτο
266 2131 283 2156 ό
297 2129 368 2161 Θεὸς
392 2129 512 2155 καθέλοι
536 2136 573 2155 σε
597 2129 639 2161 εις
665 2127 760 2161 τέλος.
777 2128 829 2155 Δέ-

65 2180 126 2205 yet-ro
141 2175 160 2200 δ’
176 2175 207 2201 ἂν
233 2176 320 2202 ταῦτα
347 2175 457 2206 δικαίως
481 2175 527 2201 καὶ
553 2175 599 2201 ἐπὶ
617 2174 671 2201 τῶν
692 2174 831 2211 ἀρχόντων

71 2217 186 2246 Ἰουδαίων
198 2221 244 2247 καὶ
267 2220 351 2248 αὑτοῦ
365 2220 412 2247 τοῦ
433 2220 528 2252 Ἰούδα,
542 2220 585 2247 διὰ
611 2220 641 2246 τὸ
657 2220 831 2256 ἠγαπηκέναι

66 2262 94 2289 τὰ
106 2263 212 2301 βλαϐερὰ
237 2267 282 2299 εις
298 2267 395 2299 τέλος,
420 2266 482 2292 ἀντὶ
508 2265 566 2298 τοῦ,
594 2265 759 2299 παντελῶς.
781 2266 832 2292 Διὰ

67 2308 140 2335 τοῦτο
155 2312 273 2338 καθελεῖ
286 2319 334 2343 σε,
361 2311 399 2343 ὡς
425 2313 455 2338 οὺ
472 2311 560 2344 καλῶς
583 2311 804 2347 οἰκοδομηθέντα,
818 2312 833 2338 ὁ

67 2353 187 2390 καθαιρῶν
209 2357 410 2393 ὑπερηφάνους,
423 2359 470 2384 καὶ
497 2358 534 2389 ὡς
550 2358 642 2389 κακῶς
655 2357 831 2391 φυτευθέντα,

67 2398 164 2428 extrita;
178 2410 223 2434 σε,
238 2404 436 2438 μεταστῆσαι,
452 2404 469 2439 ἢ
483 2402 640 2438 ἐκριζώααι,
658 2403 704 2430 καὶ
717 2402 771 2431 ἀπὸ
782 2403 832 2438 τῆς

69 2449 233 2484 κατοικήσεως
259 2458 317 2482 σου,
333 2450 469 2478 τουτέστιν
486 2450 540 2477 ἀπὸ
564 2449 831 2484 τοῦ,,συγκατοικείν.,

69 2490 186 2530 ἐκϐάλοι]

100 2539 229 2572 Ὄψονται
242 2541 359 2572 δίκαιοι,
380 2541 428 2568 καὶ
454 2540 685 2575 φοϐηθήσονται.
703 2540 763 2567 Τῶν
779 2540 833 2576 γὰρ

71 2581 160 2610 ἀσεϐῶν
177 2586 386 2622 ἀναιρουμένων,
397 2588 422 2613 οί
436 2587 533 2615 δίκαιοι
543 2585 687 2622 -περίφοὸοι
704 2587 832 2620 γίνονται.

71 2627 117 2653 Καὶ
132 2631 160 2656 σὺ
174 2631 230 2665 μὲν,
258 2633 334 2667 φησὶ,
356 2632 442 2659 ταῦτα
469 2633 622 2668 ὑπομένεις
635 2633 659 2658 οἱ
673 2633 700 2659 δὲ
724 2633 833 2665 δίκαιοι,

71 2675 192 2702 τουτέστιν
213 2678 237 2704 οἱ
253 2679 299 2705 σοῦ
311 2679 382 2710 λαοὶ,
393 2678 555 2714 Θεασάμενοι
565 2679 614 2714 τὴν
626 2680 675 2714 σὴν
687 2679 834 2713 ἀπώλειαν,

73 2719 136 2755 φόὸῳ
147 2724 396 2760 καταηεθήσονται.
418 2725 506 2759 Ὶκανὴ
521 2725 575 2760 γὰρ
589 2726 605 2760 ἡ
619 2726 658 2756 είς
671 2725 700 2751 σὲ
716 2727 834 2761 τιμωρία

74 2764 199 2798 κάκείνους
214 2770 336 2804 φοϐῆσαι·
350 2771 436 2797 καίτοι
453 2771 495 2797 διὰ
508 2771 555 2806 τὴν
570 2772 608 2802 εἰς
624 2771 741 2803 ἐκείνους
758 2773 836 2800 εὐεσ-

845 2236 868 2264 D

107 2851 126 2867 “
141 2853 148 2880 Ι
162 2855 222 2890 Reg.
239 2865 304 2890 nn,
327 2858 369 2890 18,
389 2857 431 2884 19.
477 2857 499 2872 “
515 2856 586 2884 Psal.
603 2864 696 2889 LXVIII,
716 2856 760 2884 29.

585 158 766 193 EXPOSITIO
785 165 820 192 IN
838 163 1005 192 PSALuun
1026 163 1068 190 LI.

1592 159 1644 187 2-56
1654 177 1664 185 π

901 221 937 249 ita
960 221 1082 249 animum
1102 220 1193 248 Saulis
1210 222 1395 254 exasperant,
1423 217 1663 245 ut.interl‘ectum.

903 267 1010 295 miserit
1027 271 1110 294 totam
1130 266 1302 294 sacerdotum
1325 265 1475 296 civitatem,
1501 270 1537 290 ac
1549 270 1582 291 ne
1602 263 1647 298 ju—

903 317 1002 340 mentls
1026 313 1136 347 quidem
1159 311 1309 346 pepercerit
1320 311 1352 336 θ’.
1383 309 1447 337 Hzeo
1476 309 1558 344 igitur
1583 315 1663 336 cum.

904 358 1025 386 audisset
1041 357 1132 384 .Dnvid
1146 377 1154 389 ,
1172 358 1268 385 isthaec
1285 355 1485 392 loquiturSyri
1501 362 1646 390 personam

905 404 1065 439 spectantia.
1091 403 1256 430 Referuntur
1280 403 1344 430 item
1368 403 1426 430 haec
1446 402 1479 429 ad
1504 408 1662 436 personam.

903 450 993 485 populi
1006 449 1173 482 Judazorum,
1187 454 1267 484 atque
1278 447 1364 475 Iudae.
1375 447 1569 482 Compleclitur
1583 446 1646 472 item

905 496 1061 523 futurorum
1075 495 1210 523 bonorum
1223 494 1445 530 promissionem,
1462 497 1490 520 et
1508 491 1648 519 assiduam

905 546 1063 570 sanctorum
1088 541 1136 569 Dei
1163 540 1404 569 commorationem
1430 539 1456 566 in
1480 539 1561 565 domo
1577 537 1647 572 ejus.

905 587 1126 623 quandoquidem
1141 587 1207 614 dicit
1219 595 1227 613 :
1239 586 1296 621 Ego
1318 591 1405 612 autem
1418 586 1485 612 sicut
1504 583 1573 610 oliuo
1592 583 1647 617 fru-

904 634 999 668 ctifera
1010 634 1036 660 in
1048 633 1126 660 domo
1138 632 1197 660 Dei.
1211 631 1391 665 Quamobrem
1407 636 1433 658 et
1452 629 1608 658 intellectus.
1622 630 1650 654 et

904 681 933 706 in
952 680 1030 713 ﬁnem
1053 679 1176 714 psalmus
1195 677 1371 705 inscribitur.
1391 675 1473 702 Multa
1491 674 1563 701 enim
1579 679 1649 707 opus

905 723 1095 759 intelligentia,
1116 728 1148 751 ut
1162 723 1221 758 ejus
1236 723 1282 758 qui
1301 721 1450 750 secundum
1471 725 1581 747 carnem
1597 716 1650 744 Da-

906 771 950 798 vid
967 775 1008 798 est
1019 770 1178 798 (zeconomite
1194 768 1351 805 mysterium
1367 769 1557 802 cognoscatur.

907 912 934 939 5.
949 911 1018 944 Quid
1037 910 1160 946 gloriaris
1175 910 1203 937 in
1212 908 1332 939 malitia,
1344 908 1390 943 qui
1403 911 1492 942 potens
1507 904 1555 931 es?
1568 902 1652 936 Quasi

873 957 906 985 ad
923 958 1012 992 ipsum
1031 956 1148 992 Syrum,
1169 960 1217 983 aut
1236 954 1270 982 ad
1285 953 1424 982 diabolum
1439 958 1501 979 eum
1522 949 1653 983 instigan-

872 1008 936 1036 tem,
952 1010 1104 1031 sermonem
1120 1002 1250 1029 oollimat.

908 1049 935 1076 4.
951 1049 1026 1076 Sicut
1048 1048 1177 1075 nouacqu
1197 1052 1276 1074 acuta
1292 1045 1377 1080 fecisti
1404 1043 1504 1070 dolum.
1532 1039 1589 1067 Hoc
1603 1040 1651 1070 ait.

873 1095 946 1130 quod
971 1099 1054 1122 totam
1072 1094 1244 1121 sacerdotum
1260 1091 1396 1120 civitatem
1413 1088 1491 1124 quasi
1509 1085 1652 1116 abraserit.

873 1145 900 1169 et
914 1140 1098 1168 internecione
1114 1138 1256 1166 deleverit.

908 1187 933 1216 5.
952 1187 1074 1214 Dilexisti
1092 1186 1223 1212 malitiam
1240 1192 1318 1219 super
1331 1183 1527 1217 benignitatem.
1551 1178 1654 1213 lnjuste

874 1241 992 1268 namque
1007 1232 1104 1268 agebat
1117 1239 1179 1258 cum
1197 1229 1365 1258 sacerdotem
1382 1232 1410 1255 et
1423 1227 1542 1261 reliquos
1559 1231 1654 1252 omnes

874 1287 928 1306 una
942 1279 1169 1309 calumniaretur,
1192 1283 1224 1304 ac
1240 1283 1301 1310 qua:
1316 1278 1390 1310 gesta
1403 1280 1458 1300 non
1471 1271 1587 1299 fuissent
1607 1269 1655 1296 ad-

875 1333 969 1352 versus
983 1332 1046 1352 eum
1063 1324 1180 1351 deferret
1193 1331 1199 1349 :
1219 1321 1292 1357 quod
1306 1321 1380 1348 enim
1393 1320 1496 1347 diceret
1509 1324 1569 1345 eum
1583 1315 1667 1351 (Abin

874 1370 1039 1404 melechum)
1060 1369 1146 1396 Deum
1162 1369 1234 1395 circa
1251 1367 1380 1394 Davidem
1400 1365 1584 1398 interrogasse
1595 1382 1602 1394 ,
1628 1361 1668 1389 id.

875 1415 1062 1448 mendacium,
1079 1421 1134 1441 non
1145 1413 1247 1440 veritas
1262 1417 1330 1440 erat.

909 1461 936 1488 6.
949 1461 1073 1488 Dilezisti
1085 1460 1174 1486 omnia
1188 1459 1265 1486 verba
1279 1458 1495 1493 praecipitationis
1509 1476 1516 1488 ,
1540 1456 1666 1490 linguam.

876 1507 1006 1535 dolosam.
1023 1505 1121 1534 Omnia
1138 1506 1211 1533 enim
1222 1505 1277 1541 egit
1292 1504 1325 1532 ad
1342 1504 1456 1532 insidias
1466 1523 1474 1536 ,
1487 1502 1616 1530 invidiam
1631 1505 1669 1527 ct.

876 1558 990 1582 mortem
1002 1552 1152 1580 sacerdotis
1167 1551 1389 1586 reliquorumque
1401 1549 1524 1577 omnium
1539 1547 1658 1583 quicum
1673 1568 1675 1573 .

877 1607 910 1628 eo
925 1599 989 1627 caesi
1005 1598 1097 1631 fuere;
1117 1605 1204 1633 quare
1228 1596 1306 1624 verba
1324 1595 1541 1632 prmipitationis
1560 1594 1665 1622 dicun-~

878 1650 933 1677 tur,
949 1644 1091 1672 mendacia
1107 1644 1190 1671 Doec.
1209 1642 1362 1670 Confertim
1381 1641 1453 1669 enim
1470 1645 1551 1668 totam
1567 1647 1659 1667 sacer-

877 1690 973 1718 dotum
991 1690 1128 1717 civitatem
1152 1690 1209 1717 suis
1222 1688 1313 1716 verbis
1339 1688 1417 1723 quasi
1442 1687 1470 1714 in
1496 1685 1660 1721 profundum

878 1736 1069 1772 praecipitavit.
1089 1734 1152 1762 Haec
1169 1739 1259 1762 autem
1279 1734 1341 1770 jure
1364 1740 1473 1768 quoque
1489 1732 1614 1760 dicantur
1627 1732 1661 1758 de

879 1782 1051 1818 principibus
1068 1780 1224 1808 Iudaeorum
1242 1784 1270 1808 et
1282 1780 1316 1807 de
1328 1780 1387 1814 ipso
1403 1778 1484 1807 Juda.

916 1866 942 1893 7.
961 1865 1063 1892 Eveltat
1090 1868 1113 1891 te
1131 1868 1156 1890 et
1165 1862 1314 1897 transferat
1333 1865 1356 1888 te
1371 1861 1403 1887 de
1420 1858 1588 1886 tabernaculo
1605 1862 1660 1887 tuo.

881 1912 1019 1940 Translati
1045 1910 1145 1946 quippe
1164 1913 1229 1937 sunt
1252 1908 1287 1935 de
1311 1914 1389 1935 sacro
1407 1905 1584 1933 tabernaculo
1595 1911 1660 1934 suo.

882 1958 982 1994 captivi
998 1961 1109 1993 propter
1119 1955 1221 1983 Christi
1238 1961 1347 1982 crucem
1363 1951 1462 1979 cilecti.
1490 1950 1524 1977 Et
1546 1950 1661 1976 radicem

882 2010 954 2031 tuam
968 2004 1000 2030 de
1014 2002 1252 2030 terra-viventium.
1269 1999 1363 2027 Simile
1375 1997 1441 2025 illud
1457 2006 1464 2025 :
1476 1995 1664 2026 Deleanturxte
1674 2013 1686 2022 ,ν

882 2048 949 2076 libro
964 2048 1104 2075 uiuentium
1112 2047 1147 2075 °'.

921 2126 1078 2163 [Propterea
1095 2124 1163 2152 Deus
1174 2123 1291 2150 destruet
1306 2125 1329 2149 te
1343 2122 1371 2148 in
1387 2121 1474 2155 ﬁnem.
1509 2118 1572 2148 Haec
1591 2122 1664 2145 recte

884 2171 1011 2198 dicantur
1023 2170 1056 2197 de
1066 2169 1234 2205 principibus
1249 2166 1406 2195 Iudaeorum
1423 2170 1450 2193 et
1459 2165 1493 2192 de
1509 2165 1569 2200 ipso
1582 2163 1662 2196 Juda,

884 2217 948 2252 quia
960 2223 1020 2251 qua:
1028 2215 1168 2242 damnosa.
1177 2217 1255 2241 erant
1268 2212 1422 2240 dilexerunt
1436 2218 1523 2245 usque
1537 2211 1565 2237 in
1575 2209 1663 2244 ﬁnem,

883 2270 916 2290 ac
939 2262 962 2289 si
976 2262 1059 2294 dicat,
1082 2268 1190 2295 semper.
1220 2258 1365 2294 Propterea
1379 2257 1493 2285 destruet
1511 2260 1545 2288 te,
1572 2259 1666 2289 utpote

882 2308 930 2344 qui
944 2311 1087 2335 non,rccte
1101 2305 1252 2334 aediﬁcatus
1267 2304 1364 2337 fueris,
1381 2304 1428 2338 qui
1445 2302 1577 2337 superbos
1590 2308 1666 2328 ever-

882 2355 926 2386 tit,
940 2358 1023 2389 atque
1034 2357 1064 2380 ut
1078 2352 1201 2387 improbe
1221 2356 1311 2379 satum
1329 2349 1418 2377 evellet
1440 2353 1463 2376 te
1476 2353 1500 2375 et
1515 2347 1664 2383 emigrobit,

883 2399 941 2427 sive
958 2398 1122 2430 eradicabit,
1144 2401 1171 2424 et
1191 2404 1207 2424 a
1223 2395 1363 2423 domicilio
1384 2399 1442 2427 tuo,
1467 2394 1494 2420 id
1509 2397 1560 2424 est.
1577 2400 1611 2420 ne
1623 2399 1667 2419 se-

884 2454 946 2475 cum
963 2446 1078 2479 habites,
1093 2444 1183 2479 ejiciet
1195 2442 1244 2478 te.]

919 2545 948 2578 8,
965 2545 992 2572 9.
1012 2543 1142 2571 Videbunt
1154 2543 1234 2577 justi,
1251 2546 1275 2568 et
1291 2540 1427 2568 timebunt.
1447 2539 1514 2566 Dum
1527 2538 1668 2566 caeduntur

885 2591 958 2619 enim
972 2590 1065 2625 impii,
1078 2589 1145 2624 justi
1166 2586 1357 2615 reformidant.
1377 2585 1411 2612 Et
1431 2589 1460 2612 tu
1481 2584 1606 2619 quidem,
1625 2583 1669 2611 in-

885 2638 954 2673 quit,
973 2637 1031 2664 haec
1044 2636 1145 2663 toleras
1158 2643 1164 2661 ε
1178 2634 1246 2669 juSIi
1265 2638 1367 2665 autem,
1389 2631 1442 2658 hoc
1453 2635 1494 2658 est
1513 2629 1605 2665 pepuli
1617 2629 1668 2661 tui,

885 2686 1030 2717 conspecta
1053 2686 1099 2708 tua
1121 2680 1260 2715 pernicie,
1281 2677 1428 2705 formidine
1450 2675 1667 2710 complebuntur.

884 2727 953 2754 Nam
969 2726 1071 2754 sufﬁcit
1093 2724 1258 2759 supplicium
1278 2724 1312 2751 de
1327 2727 1351 2750 te
1363 2725 1502 2756 sumptum
1521 2725 1550 2747 ut
1564 2719 1601 2746 illi
1618 2725 1668 2746 ex-

886 2777 1049 2802 terreantur.
1077 2770 1192 2798 Etiamsi
1211 2774 1259 2797 tuo
1280 2777 1342 2804 erga
1360 2769 1420 2795 illos
1438 2766 1569 2794 beneﬂcio
1592 2764 1668 2799 eius:
