1922 3057
242 149 293 177 267

663 146 693 174 5.
715 146 900 173 ATHANASII
920 145 995 174 ΟΡΡ.
1016 145 1106 175 PARS
1125 146 1169 175 Ill.
1189 161 1223 167 —
1242 146 1447 175 EXEGETICA.

1812 146 1870 174 213

242 206 315 234 modi
333 213 462 240 passurus
479 212 519 232 es.
536 204 601 231 Ecce
615 205 692 231 homo
708 205 753 239 qui
765 212 814 231 non
833 206 920 239 posuit
936 204 1019 232 Deum
1033 228 1038 237 γ

1089 206 1163 232 εσίαν
1176 205 1289 232 τοιαῦτὰ
1301 214 1347 232 σου
1360 206 1475 241 πάσχειν
1490 205 1643 240 μέλλοντος.
1667 204 1740 231 ἰδοὺ
1752 204 1869 240 ἀνθρω-

241 251 391 284 adjutorem
405 258 491 281 suum,
508 250 553 276 sed
565 250 675 284 speravit
690 250 717 276 in
735 250 905 277 multitudine
920 251 1024 277 divitia-

241 305 300 324 rum
317 304 436 324 suarum.
452 296 544 323 Maluit
557 297 628 323 enim
645 297 767 330 proditor
778 305 874 324 aurum
890 298 1023 331 accipere,

240 351 323 378 quam
349 343 500 377 adiutorem
519 342 617 369 habere
639 341 742 369 Jesum.
769 342 802 369 Et
830 343 971 378 praevaluit
996 344 1024 369 in

241 391 358 416 vanitate
369 397 436 420 sua;
452 389 530 424 quasi
545 388 618 415 dicat
632 397 639 415 ι
660 388 693 416 Ει
707 397 807 416 vanum
824 397 870 417 cor
883 397 961 416 suum
975 389 1026 416 im-

241 435 315 470 plere
338 434 441 469 potuit,
470 441 558 469 neque
572 434 731 469 pmnitentia
749 435 847 463 ductus
867 436 948 463 linem
962 435 1027 463 fecit
1048 454 1055 459 -

242 480 399 516 impietatis.

279 566 343 603 [Sed
361 567 475 602 speravit
494 567 522 593 in
532 566 714 603 Δαηιιίιὶηιιίίιιε
730 567 885 594 divitiarum
903 575 1024 596 suarum.

243 600 358 640 Pulchre
369 600 477 640 divitias
486 617 512 640 et
521 600 693 648 potestatem,
707 613 854 640 vanitatem
864 614 978 646 vocarit,
987 621 1027 641 se-

242 660 360 688 cundum
385 667 477 686 veram
499 660 536 686 rei
558 652 707 687 naturam:
727 667 816 694 neque
839 660 912 687 enim
937 659 1026 688 Doeco

241 705 418 740 profuerunt.
441 713 527 740 neque
541 705 678 740 Assyriis,
703 705 814 740 quando
832 705 913 733 unius
934 705 1023 739 angeli

242 751 357 778 adventu
373 750 525 785 interempti
539 755 614 783 sunt,
632 758 663 778 ac
677 751 805 786 insepulti
817 750 988 787 jacuerunt.]

281 840 325 868 10.
343 840 399 875 Ego
414 845 501 867 autem
514 842 583 868 sicut
598 840 667 866 oliva
685 840 835 875 fructifera.
849 839 941 867 Floret
952 847 1026 867 nam-

243 895 296 923 que
311 895 417 922 semper
435 895 530 915 eorum
546 887 631 922 gloria
644 886 690 921 qui
704 886 819 914 credunt
832 886 858 913 in
873 886 1023 913 Christum.
1039 875 1062 905 Β

244 933 372 970 [Fructus
401 940 489 961 autem
513 933 628 968 Spiritus
653 938 702 966 est,
730 934 858 966 cltaritus,
882 933 1026 968 gaudium,

195 1012 199 1020 Α
242 989 296 1016 pax
307 981 339 1014 θ’,
355 985 406 1008 etc.
426 979 503 1008 llunc
517 981 607 1015 itaque
623 980 741 1007 fructum
756 987 818 1007 cum
831 980 856 1007 in
870 980 960 1014 seipse
977 980 1027 1007 ha-

242 1027 318 1054 beret
329 1032 439 1054 sanctus
450 1026 494 1053 ille
507 1026 560 1059 vir,
576 1026 681 1053 aiebat:
699 1025 755 1061 Ego
770 1031 857 1053 autem
874 1027 941 1053 sicut
959 1026 1028 1054 oliva

243 1073 402 1107 fructifera;
435 1072 513 1099 olivae
538 1078 627 1099 autem
654 1072 802 1100 fructifera:
823 1080 852 1100 se
876 1076 1028 1107 comparat,

242 1119 307 1154 quia
327 1125 389 1145 cum
412 1117 602 1145 misericordia
624 1118 651 1144 in
673 1118 732 1152 ipso
746 1118 879 1146 consistat
898 1122 924 1145 et
939 1117 1028 1145 domi-

243 1169 332 1196 netur,
349 1172 381 1190 ex
395 1164 571 1198 consequenti
587 1163 724 1190 hmrebant
739 1168 766 1190 et
780 1163 890 1197 reliqua:
901 1163 1026 1191 virtutes.

243 1208 344 1236 Eodem
367 1217 480 1244 prorsus
500 1209 581 1237 modo
601 1213 629 1236 et
650 1209 748 1236 Jobum
760 1209 882 1240 virilem,
901 1212 928 1235 et
948 1207 1028 1236 lose-

242 1253 327 1287 phum
344 1257 537 1287 temperantem
549 1273 556 1284 ,
577 1258 745 1288 caaterosque
756 1275 763 1286 ,
780 1261 811 1280 es
824 1253 924 1280 virtute
939 1253 966 1280 in
986 1254 1029 1288 ip-

243 1299 282 1326 sis
302 1299 440 1326 obtinente
460 1306 493 1326 ac
512 1299 670 1326 dominante
690 1299 938 1335 nuncupaverunt.]
968 1298 1030 1334 Spe-

243 1345 301 1370 raui
316 1345 342 1370 in
355 1344 538 1371 misericordia
554 1344 603 1371 Dei
615 1345 642 1370 in
655 1349 789 1371 wternum.
811 1344 1028 1372 Misericordiam

245 1388 292 1416 Dei
313 1389 412 1416 divina:
434 1388 584 1423 Scriptura:
598 1388 744 1416 Dominum
763 1393 882 1421 vocant,
903 1389 968 1423 quia
982 1397 1030 1424 per

244 1443 307 1463 eum
328 1435 405 1462 nobis
419 1435 605 1462 misericordia
618 1442 748 1462 concessa
764 1439 815 1463 est.
837 1434 934 1461 Omnia
955 1435 1030 1462 enim

245 1481 273 1508 in
290 1481 380 1515 seipso
396 1480 558 1508 instauravit
573 1484 599 1507 et
615 1481 761 1515 reparavit.

283 1526 325 1554 ii.
342 1525 376 1553 Et
394 1526 549 1560 exspectabo
569 1533 661 1552 nomen
684 1530 775 1559 tuum,
789 1527 914 1560 quoniam
934 1526 1029 1552 bonum

205 1596 207 1598 .
244 1577 283 1600 est
298 1572 325 1598 in
336 1577 474 1606 conspectu
486 1575 636 1597 sanctorum
658 1575 774 1599 tuorum.
803 1571 831 1598 In
846 1571 956 1598 nomine
971 1575 1028 1602 tuo,

245 1616 352 1652 inquit,
370 1616 498 1645 ﬁduciam
518 1615 623 1643 habebo
635 1635 642 1648 ,
669 1623 750 1651 atque
762 1623 822 1643 cam
841 1616 868 1642 in
881 1620 1030 1650 conspectu

245 1662 369 1690 omnium
386 1665 544 1689 sanctorum
557 1666 666 1689 tuorum
680 1662 860 1689 annuntiabo.
882 1661 940 1689 Erit
957 1661 1030 1689 enim

245 1708 313 1736 mihi
329 1707 396 1735 illud
407 1707 560 1742 jucundum
575 1711 658 1742 atque
674 1707 787 1734 bonum.

265 1755 293 1782 1.
311 1753 345 1781 In
357 1755 436 1790 ﬁnem
457 1762 504 1789 pro
525 1753 637 1780 Μαριειή
652 1755 798 1781 intellectus
824 1753 929 1781 Davidi.
946 1753 1012 1780 LII.

538 1800 740 1834 Argumentum.

247 1845 326 1873 Hunc
338 1847 413 1873 canit
425 1846 596 1880 psa.mumin
611 1846 726 1880 gratiam
741 1845 929 1880 apostolorum
943 1845 1033 1878 chori,

282 1891 328 1926 qui
341 1894 368 1918 et
385 1891 559 1918 crediderant
576 1891 601 1918 in
616 1891 754 1918 Christum
772 1899 778 1918 :
794 1891 841 1926 qui
859 1891 1034 1918 exsultabant

281 1943 309 1965 et
335 1937 506 1965 laetabantur.
533 1937 649 1965 Maeleth
670 1945 735 1965 vero
760 1938 912 1973 explicatur
936 1937 1031 1964 chorus

281 1982 339 2010 sive
363 1983 466 2009 chorea.
496 1982 659 2010 Necessario
683 1987 774 2010 autem
796 1990 827 2010 ea
856 1990 918 2018 quae
931 1981 1033 2009 Christi

282 2027 500 2055 incarnationem
516 2030 715 2062 praecesserunt
729 2027 874 2059 enuntiat,
895 2032 925 2055 ut
941 2027 1034 2055 decla~

283 2077 327 2101 ret
339 2080 400 2108 qua:
413 2072 450 2099 sit
462 2072 595 2099 adventus
613 2072 672 2107 ejus
686 2072 799 2099 utilitas.
823 2071 969 2100 Sciendum
984 2080 1034 2099 au-

282 2124 336 2147 tem
348 2123 400 2150 est,
410 2122 496 2145 totum
504 2118 640 2145 decimum
651 2118 759 2145 tertium
768 2117 901 2152 psalmum
910 2118 1033 2145 eamdem

282 2166 446 2194 sententiam
474 2164 594 2197 habere,
622 2164 773 2198 iisdemque
797 2163 881 2191 ferme
905 2164 1034 2191 omnibus

282 2210 372 2238 verbis
385 2213 522 2241 constare.
549 2209 585 2236 ita
606 2214 636 2236 ut
661 2208 679 2235 ii
701 2208 748 2243 qui
777 2208 1030 2243 interpretationem
1048 2219 1070 2246 ι)

283 2256 366 2290 hujus
383 2254 554 2289 perquirunt,
574 2261 607 2281 ex
620 2254 666 2281 illo
681 2261 740 2281 eam
751 2259 844 2289 aperte
861 2258 1030 2282 mutuentur.

281 2301 309 2328 2.
327 2301 400 2327 Dixi!
417 2300 541 2334 insipiens
558 2300 586 2326 in
605 2300 682 2326 corde
702 2307 749 2326 suo
764 2308 773 2326 :
791 2299 852 2326 Non
869 2304 908 2326 est
927 2299 1030 2327 Dens...

248 2349 318 2377 Deus
337 2347 368 2374 de
384 2347 448 2374 cwlo
461 2346 594 2381 prospexit
616 2354 694 2381 super
715 2346 785 2381 ﬁlios
804 2346 949 2372 hominum.
963 2345 1033 2379 Quia

247 2393 333 2421 Deum
349 2400 403 2420 non
419 2393 619 2428 cogitaverunt,
632 2392 750 2419 humana
767 2392 977 2427 inspectantem,
988 2391 1033 2426 ju-

247 2440 383 2468 dicanlem
403 2439 507 2474 judicio
530 2438 616 2474 justo,
637 2446 669 2466 ac
695 2438 829 2465 nefarium
859 2445 927 2472 opus
943 2436 1032 2472 quod—

247 2493 357 2521 cunque
373 2489 541 2512 coercentem
560 2495 565 2511 :
585 2485 645 2512 ideo
659 2484 730 2511 Deus
743 2483 777 2511 de
794 2483 864 2511 caelo
881 2483 1032 2521 prospexit.

249 2532 277 2560 Id
288 2532 360 2559 enim
377 2535 469 2566 aperte
486 2530 590 2558 Domini
601 2530 635 2558 ad
650 2531 775 2557 homines
791 2530 936 2557 transitum
948 2528 1033 2563 signi-

249 2579 321 2605 ﬁcaL

283 2623 310 2651 4.
335 2623 430 2651 Omnes
441 2623 644 2656 declinaverunt,
656 2622 736 2649 simul
753 2622 861 2649 inutiles
879 2622 945 2657 facti
959 2624 1032 2654 sunt,

247 2678 300 2697 non
314 2670 406 2704 estqui
425 2669 508 2704 faciat
524 2670 630 2702 bonum,
653 2677 705 2696 non
722 2675 761 2697 est
784 2677 865 2704 usque
884 2667 919 2695 ad
939 2676 1032 2695 unum.

246 2715 305 2743 Non
317 2715 488 2751 hyperbolice
501 2716 573 2743 dicta
591 2720 654 2743 sunt
675 2716 771 2744 isthaec
788 2724 796 2748 ς
811 2715 878 2743 nihil
893 2715 966 2742 enim
981 2715 1033 2749 hy-

247 2762 395 2798 perbolice,
423 2763 470 2790 sed
484 2763 690 2791 cumlveritate
713 2762 806 2790 omnia
834 2762 861 2790 in
889 2760 1031 2796 Scriptura

282 2851 306 2868 ’⁷
317 2852 404 2881 Galat.
416 2861 442 2887 ν,
459 2853 503 2881 2‘2.

1076 259 1133 284 ,πος
1151 252 1185 286 ὃς
1200 253 1255 279 οὐκ
1264 252 1347 279 ἔθετο
1375 252 1428 279 τὸν
1443 251 1517 278 Θεὸν
1530 251 1647 285 βοηθὸν
1666 251 1770 284 αὐτοῦ,
1792 251 1868 278 ἀλλ’

1075 298 1245 332 auida/ver
1262 297 1311 324 ἐπὶ
1336 296 1376 330 τῷ
1391 296 1498 329 πλήθει
1523 296 1577 323 τοῦ
1603 296 1735 323 πλούτου
1758 295 1868 322 αὐτοῦ.

1082 342 1222 378 Ἦγάπησε
1238 343 1291 378 γὰρ
1303 342 1413 378 χρυσίον
1431 342 1529 378 μᾶλλον
1547 343 1560 368 6
1578 341 1711 377 προδότης
1727 341 1833 372 λαϐεῖν,
1848 341 1867 376 ἢ

1077 389 1172 426 βοηθὸν
1187 389 1258 425 ἔχειν
1273 390 1318 416 τὸν
1338 388 1453 424 Ἰησοῦν.
1466 388 1520 415 Καὶ
1536 387 1744 421 ἐνεδυναμώθη
1761 387 1812 414 ἐπὶ
1829 387 1869 422 τῇ

1073 436 1245 470 ματαιότητι
1266 435 1369 462 αὐτοῦ.
1393 434 1466 460 ’Λντὶ
1484 433 1541 460 τοῦ·
1567 434 1622 460 Καὶ
1638 433 1763 468 ἑνίσχυσε
1795 433 1869 468 πλη-

1077 481 1162 517 ρῶσαι
1179 481 1227 516 τὴν
1245 481 1360 516 ματαίαν
1373 479 1454 506 αὑτοῦ
1474 479 1597 515 καρδίαν,
1612 479 1642 505 οὺ
1664 477 1869 514 μεταμεληθεὶς

1075 526 1125 561 τῆς
1136 526 1262 558 ἀσεϐείας
1279 525 1348 552 ἐπαύ
1354 533 1428 551 σατο.

1111 571 1210 608 [Ἀλλ’
1225 571 1396 604 ἐπήλπισε-ν
1411 569 1460 596 ἐπὶ
1476 569 1517 602 τῷ
1530 569 1638 604 πλήθει
1655 569 1708 596 τοῦ
1730 569 1870 596 πλούτου

1076 618 1179 645 αὐτοῦ.
1195 617 1294 648 Καλῶς
1314 617 1342 644 δὲ
1370 616 1416 643 τὸν
1429 616 1543 642 πλοῦτον
1571 615 1618 642 καὶ
1630 615 1680 651 τὴν
1703 615 1870 642 δυναστείαν

1078 663 1245 698 ματαιότητα
1261 661 1388 688 ἐκάλεσεν
1412 661 1466 688 ἀπὸ
1479 660 1526 695 τοῦ
1552 660 1724 695 πράγματος⁸
1735 658 1796 685 οὗτε
1811 659 1870 695 γὰρ

1075 708 1121 735 τὸν
1143 707 1222 743 Ain-ipe
1250 706 1374 742 ὤνησαν,
1402 706 1464 733 οὔτε
1495 705 1669 740 Ἀσσυρίους,
1696 705 1776 731 ὁπότε
1807 705 1870 736 ἑνὸς

1076 753 1192 788 ἀγγέλου
1217 753 1354 789 παρουσία
1378 753 1477 783 αὐτοὺς
1504 752 1664 782 ἀπέκτεινε,
1691 750 1738 777 καὶ
1767 751 1870 785 ἄταφοι

1076 790 1203 836 laturum]

1118 845 1191 879 Ἐγὼ
1203 844 1237 871 δὲ
1251 844 1323 871 ὡσεὶ
1337 844 1424 871 ἐλαία
1437 843 1638 877 κατάκαρπος.
1661 841 1804 877 Ἀειθαλὴς
1813 842 1871 877 γὰρ

1076 890 1130 916 τῶν
1155 890 1332 917 πιστευόντων
1345 890 1384 921 είς
1397 888 1512 925 Χριστὸν
1528 890 1544 924 ἡ
1559 889 1631 922 δόξα.
1649 888 1694 924 ['0
1708 887 1742 914 δὲ
1753 888 1871 922 καρπὸς

1075 936 1128 963 τοῦ
1145 937 1316 971 Πνεύματός
1338 936 1424 962 ἐστιν
1447 935 1560 970 ἀγάπη,
1584 935 1670 969 χαρὰ,
1689 933 1806 968 εἰρήνη.
1822 934 1872 960 καὶ

1075 982 1109 1009 τὰ
1124 982 1197 1018 ἑξῆς.
1213 982 1312 1009 Τοῦτον
1323 982 1412 1008 τοίνυν
1426 981 1471 1008 τὸν
1488 980 1592 1016 καρπὸν
1606 980 1676 1015 ἔχων
1699 980 1728 1006 ὲν
1748 979 1840 1014 ἑαυτῷ
1856 980 1872 1005 6

1077 1027 1154 1061 ἅγιος
1174 1027 1277 1061 ἐλεγενο
1307 1026 1380 1061 Ἐγὼ
1403 1026 1437 1053 δὲ
1458 1026 1529 1053 ὡσεὶ
1555 1025 1641 1052 ἐλαία
1667 1024 1871 1058 κατάκαρπος·

1078 1073 1155 1108 ἐλαίᾳ
1169 1073 1197 1099 δὲ
1218 1072 1389 1108 κατακάρπῳ
1401 1073 1490 1108 ὁμοιοῖ
1514 1071 1620 1103 ἑαυτὸν,
1637 1070 1740 1105 ἐπειδὴ,
1755 1070 1871 1105 ἐλεημο-

1078 1119 1160 1154 σύνης
1174 1117 1375 1154 ἐπικρατούσης
1394 1119 1422 1144 ὲν
1435 1117 1519 1152 αὐτῷ,
1540 1116 1693 1148 ἀκολούθως
1719 1116 1829 1142 εἵποντο
1841 1115 1873 1142 αι

1077 1164 1168 1191 λοιπαὶ
1195 1163 1300 1199 ἀρεταί.
1326 1163 1404 1190 Οὕτω
1425 1163 1471 1190 καὶ
1499 1163 1545 1189 τὸν
1577 1161 1638 1189 ’1ὼῦ
1671 1162 1792 1197 ἀνδρεῖον
1809 1161 1872 1196 μὲν,

1077 1210 1125 1237 καὶ
1153 1209 1199 1236 τδν
1220 1209 1319 1244 Ἰωσὴφ
1353 1208 1490 1244 σώφρονα,
1514 1209 1560 1234 καὶ
1591 1208 1654 1238 τοὺς
1684 1207 1794 1238 λοιποὺς
1817 1206 1872 1232 ἀπὸ

1077 1255 1127 1289 τῆς
1162 1253 1363 1288 ἐπικρατούσης
1393 1253 1492 1288 ἀρετῆς
1526 1251 1704 1286 ὀνομάζοντες
1733 1249 1873 1283 auro-3;]

1080 1301 1210 1327 Ἦλπισιι
1231 1299 1279 1326 ἐπὶ
1309 1299 1342 1326 τὸ
1365 1298 1452 1331 ἕλεος
1467 1298 1520 1325 τοῦ
1537 1297 1611 1325 Θεοῦ
1637 1299 1680 1330 είς
1692 1297 1746 1323 τὸν
1763 1296 1873 1323 αἰῶνα.

1080 1347 1174 1377 Ἔλεος
1198 1345 1244 1372 τοῦ
1266 1345 1334 1372 Θεοῦ
1363 1346 1391 1372 αἱ
1417 1345 1487 1371 θεῖαι
1515 1344 1623 1380 Γραφαὶ
1637 1343 1803 1378 ὀνομάζουσι
1825 1343 1873 1369 τὸν

1079 1391 1191 1427 Κύριον,
1205 1391 1248 1417 διὰ
1261 1391 1291 1417 τὸ
1317 1391 1441 1425 γενέσθαι
1469 1391 1535 1426 ἡμῖν
1562 1390 1595 1416 δι’
1611 1389 1693 1416 αὑτοῦ
1717 1389 1802 1420 ἔλεος·
1821 1389 1871 1415 ἀν-

1081 1437 1303 1471 εκεφαὶαιώσατο
1331 1437 1385 1473 γὰρ
1407 1438 1435 1463 ὲν
1460 1436 1548 1471 ἐαυτῷ
1574 1436 1609 1463 τὰ
1624 1436 1724 1468 πάντα,
1746 1435 1794 1462 καὶ
1821 1435 1872 1461 ἀν-

1079 1484 1274 1519 εστοιχείωσεν.

1116 1529 1169 1556 Καὶ
1181 1528 1318 1563 ὑπομενῶ
1328 1529 1361 1555 τὸ
1377 1528 1470 1563 ὄνομά
1490 1537 1558 1560 σου,
1570 1528 1614 1554 ὅτι
1636 1527 1770 1563 χρηστὸν
1783 1526 1861 1553 ἐναν-

1080 1575 1145 1601 τίον
1166 1575 1225 1601 τῶν
1245 1575 1338 1601 ὁσίων
1354 1582 1423 1601 σου.
1444 1575 1487 1601 Ἐν
1511 1574 1550 1610 τῷ
1575 1573 1686 1609 ὀνόματί
1713 1581 1771 1604 σου,
1791 1573 1872 1607 φησὶ,

1082 1621 1173 1656 σχοίην
1185 1620 1356 1656 πεποίθησιν,
1378 1621 1424 1647 καὶ
1436 1620 1537 1655 ταύτην
1548 1620 1668 1647 ἐναντίον
1692 1619 1802 1646 πάντων
1812 1618 1873 1644 τῶν

1081 1667 1135 1694 σῶν
1162 1666 1246 1700 ἁγίων
1275 1666 1424 1701 ἐξαγγελῶ.
1450 1666 1546 1692 Ἔσται
1561 1666 1615 1701 γάρ
1629 1674 1674 1701 μοι
1699 1664 1730 1691 τὸ
1754 1664 1872 1699 πρᾶγμα

1081 1713 1199 1749 χρηστόν
1213 1721 1242 1739 τε
1257 1713 1304 1740 καὶ
1318 1713 1429 1747 ἀγαθόν.

1083 1760 1133 1792 Εἰς
1147 1758 1231 1791 τέλος
1254 1758 1330 1793 ὑπὲρ
1348 1758 1465 1786 Μαελὲθ
1476 1758 1630 1790 συνέσεως
1646 1756 1686 1790 τῷ
1694 1756 1794 1784 Δαυᾶῖ.
1803 1757 1872 1784 NB'.

1388 1805 1395 1814 '
1401 1805 1558 1836 Υπόθεσις.

1084 1850 1157 1886 ’ᾼδει
1172 1850 1218 1877 τὸν
1229 1850 1350 1885 παρόντα
1361 1850 1431 1885 ὑπὲρ
1443 1849 1488 1876 τοῦ
1500 1852 1580 1886 χοροῦ
1590 1849 1645 1876 τῶν
1658 1849 1814 1876 ἀποστόλων
1824 1848 1872 1875 παῖί

1118 1895 1320 1921 πιστευσάντων
1337 1896 1376 1927 είς
1387 1894 1513 1930 Χριστόν·
1528 1895 1554 1921 οἱ
1573 1895 1619 1921 καὶ
1632 1893 1800 1929 ὴγαλλιῶντο
1824 1894 1872 1920 καὶ

1119 1940 1310 1976 ηὑφραίνοντο.
1323 1941 1430 1967 Μαελὲθ
1442 1940 1470 1967 δὲ
1494 1940 1674 1976 ἑρμηνεύεται
1699 1939 1873 1975 χορὸς,ἧτοι

1119 1987 1230 2021 χορεία.
1250 1986 1418 2020 Ἀναγκαίως
1439 1986 1467 2012 δὲ
1481 1986 1515 2012 τὰ
1529 1986 1582 2022 πρὸ
1593 1987 1642 2021 τῆς
1659 1986 1811 2022 παρουσίας
1822 1985 1873 2012 τοῦ

1118 2032 1221 2068 Κυρίου
1234 2032 1318 2066 λέγει,
1333 2032 1377 2058 ἴνα
1388 2031 1461 2067 δείξῃ
1477 2032 1525 2068 ὅση
1547 2033 1596 2067 τῆς
1625 2031 1778 2067 παρουσίας
1801 2031 1867 2066 ὠφέ-

1119 2078 1295 2106 λεια.’1στὲον
1307 2078 1345 2109 δὲ,
1358 2077 1396 2109 ὡς
1411 2078 1458 2104 καὶ
1474 2078 1523 2113 τὴν
1540 2077 1624 2113 αὐτὴν
1637 2077 1756 2104 διάνοιαν
1781 2079 1873 2104 πᾶσαν

1119 2126 1134 2151 ὁ
1148 2124 1367 2160 τρισκαιδέκατος
1378 2123 1484 2158 ψαλμὸς
1497 2123 1629 2159 περιέχει,
1644 2123 1691 2150 καὶ
1718 2123 1769 2155 τὰς
1788 2123 1873 2155 αὑτὰς,

1121 2168 1207 2201 λέξεις
1221 2168 1312 2203 σχεδὸν
1339 2167 1457 2198 ἁπάσας·
1475 2166 1544 2192 ὥστε
1571 2166 1600 2198 ἐξ
1624 2166 1727 2192 ἐκείνου
1755 2166 1873 2201 φανερὸν

1118 2214 1242 2249 γενέσθαι
1262 2214 1317 2245 τοῖς
1339 2211 1496 2248 ἐπιζητοῦσι
1511 2212 1560 2248 τὴν
1572 2211 1729 2248 ἑρμηνείαν.

1118 2297 1211 2326 Εἶπεν
1224 2299 1324 2333 ἄφρων
1339 2298 1374 2325 ἐν
1386 2297 1490 2332 καρδίᾳ
1496 2296 1599 2324 αὐτοῦ·
1610 2297 1671 2323 οὐκ
1684 2296 1751 2323 ἔστι
1764 2297 1873 2329 Θεός...

1089 2345 1116 2370 Ὀ
1131 2345 1201 2377 Θεὸς
1217 2344 1251 2370 ἐκ
1269 2343 1321 2370 τοῦ
1334 2342 1463 2376 οὐρανοῦ
1477 2341 1620 2376 διέκιιψεν
1634 2341 1683 2368 ἐπὶ
1699 2341 1771 2374 τοὺς
1786 2341 1873 2374 υἱοὺς

1083 2390 1143 2416 τῶν
1165 2389 1336 2424 ἀνθρώπων.
1346 2388 1464 2424 Ἐπειδὴ,
1479 2388 1516 2424 μὴ
1539 2387 1710 2422 λογισάμενοι
1735 2387 1781 2413 τὸν
1805 2387 1874 2413 Θεὸν

1084 2435 1224 2472 ἐφορῶντα
1235 2435 1270 2461 τὰ
1284 2434 1451 2470 ἀνθρώπινα,
1469 2433 1595 2470 κρίνοντα
1609 2433 1697 2469 κρίσει
1708 2433 1812 2468 δικαίᾳ,
1824 2433 1873 2460 καὶ

1083 2482 1173 2509 πᾶσαν
1186 2481 1396 2516 ἀθεμιτουργίαν
1411 2480 1547 2516 εἷργοντα,
1562 2478 1657 2506 τούτου
1670 2479 1750 2514 χάριν
1768 2480 1782 2505 6
1805 2479 1872 2511 Θεὸς

1083 2529 1115 2554 ὲκ
1139 2527 1186 2553 τοῦ
1215 2526 1330 2562 οὐρανοῦ
1352 2525 1472 2559 διέκυψε.
1487 2524 1572 2551 Τοῦτο
1586 2525 1638 2561 γὰρ
1655 2523 1749 2559 σαφῶς
1762 2524 1812 2559 τὴν
1832 2525 1872 2556 εἰς

1083 2573 1244 2610 ἀνθρώπους
1255 2573 1301 2599 τοῦ
1315 2573 1419 2608 Κυρίου
1435 2571 1551 2607 πάροδον
1566 2571 1703 2607 σημαίνει.

1118 2619 1232 2652 Πάντες
1241 2618 1411 2651 ἐξέκλιναν,
1426 2618 1486 2653 ἅμα
1495 2617 1710 2652 ὴχρειώθησην,
1732 2617 1789 2643 οὐκ
1805 2616 1871 2643 ἔστι

1083 2665 1176 2692 ποιῶν
1189 2665 1310 2699 ἀγαθὸν,
1323 2665 1378 2690 οὐκ
1393 2664 1479 2690 ἔστιν
1491 2664 1546 2696 ἕως
1556 2664 1635 2696 ἑνός.
1649 2663 1704 2697 υὺχ
1725 2661 1871 2698 ὑπερϐολιο

1083 2710 1139 2742 κῶς
1162 2709 1250 2736 ταῦτα
1272 2709 1394 2744 εἴρηται·
1419 2709 1495 2735 οὐδὲν
1519 2708 1572 2744 γὰρ
1598 2707 1794 2743 ὑπερϐολικῶς,
1813 2707 1873 2742 μετ’

1083 2755 1211 2791 ἀληθείας
1224 2755 1252 2782 δὲ
1268 2755 1355 2782 πάντα
1372 2756 1448 2792 παρὰ
1463 2757 1495 2791 τῇ
1520 2756 1616 2791 Γραφῇ
1633 2754 1751 2790 εἴρηται.
1768 2754 1871 2784 Πάντες
