1922 3057
69 151 115 179 ειν
597 150 776 179 EXPOSlTlO
794 149 827 177 ΙΝ
847 149 849 177 ἒ

923 150 1014 179 ᾴΜυΜ
1034 151 1101 179 LIV.

1624 147 1676 176 ξεί)

69 207 150 235 τοίνυν
168 206 285 233 Ἰουδαῖοι
308 206 446 240 ἐξέκλιναν
467 206 516 242 τὴν
537 206 596 233 ὀῖῖδν
619 207 669 242 τὴν
692 207 840 242 λέγουσαν·

924 213 1033 237 cuntur.
1052 209 1152 236 Omnes
1167 208 1259 242 itaque
1271 206 1358 234 Judtei
1378 206 1582 234 declinaverunt
1601 215 1616 234 a
1633 208 1675 234 via

75 252 139 287 Έτώ
149 253 205 287 ειμι
222 252 241 286 ἠ
257 251 421 284 ὀδός.”0οεν
434 250 481 277 καὶ
504 251 607 286 ἀχρεῖοι
623 251 764 285 ,γεγόνασι,
780 251 845 277 ταύ-

70 307 114 333 την
127 297 288 333 παραλαϐεῖν
301 297 330 324 οὑ
345 296 530 332 βουληθέντες,
544 297 649 328 οὐδενὸς
664 296 802 328 ποιοῦντος
813 296 844 323 τὸ

70 343 223 378 ἀγαθον,Ἐν
238 344 333 378 ἀγνοίᾳ
345 343 399 378 γὰρ
415 342 496 369 αὐτοῦ
514 342 613 374 πάντες
626 342 772 378 ἐτύγχανον
792 342 845 369 ὑπὸ

71 389 113 416 τοῦ
126 388 232 423 νομικοῡ
249 388 449 424 πεπωρωμένοι
467 387 640 422 γράμματος.

72 436 118 468 Elg-
130 435 211 468 τέλος
224 435 259 461 ὲν
272 435 377 468 ὕμνοις
395 433 548 466 συνέσεως
568 432 608 465 τῷ
631 432 730 459 Δαυΐδ.
740 433 787 458 Ἐν
805 431 845 465 τῷ

104 481 195 509 ἐλθεῖν
204 481 273 514 τοὺς
289 481 428 515 Ζιφαίους
438 480 486 506 καὶ
500 479 594 506 είπεῖν
606 479 644 511 τῷ
657 479 756 506 Σαούλ
766 487 772 493 “
783 479 845 505 Οὐκ

106 527 164 555 ίδοὺ
177 526 266 554 Δαυῒὸ
277 526 438 560 κέκρυπται
452 527 519 559 παρ’
531 524 604 559 ἡμῖν
611 533 620 556 ;
637 525 704 551 1V1".

376 573 538 605 Ὑπόθεσις.

76 619 171 653 Φεύγων
193 619 207 645 ὀ
228 618 310 645 Δαυῖδ
333 617 379 644 τὸν
403 617 489 644 Σαοὺλ
512 616 637 644 ἐκάθισεν
653 617 681 643 ἐν
699 617 731 652 τῇ
751 615 847 651 ἐρήμῳ

108 665 170 700 Ζήφ.
185 663 249 691 Εἶτα
262 663 425 694 ἀπελθόντες
441 664 466 689 οι
488 664 594 698 Ζιφαῑοι
617 661 684 698 πρὸς
699 662 744 688 τὸν
762 661 846 688 Σαοὺλ

106 711 264 746 ἀπήγγειλαν
295 710 340 737 τὸν
364 710 446 737 τόπον
469 711 498 736 ὲν
525 707 547 743 ᾧ
569 707 603 744 ἦν
631 708 845 744 ἀποδιδράσκων.

112 757 208 789 Ἦξίουν
220 757 248 783 δὲ
264 756 377 783 ἐλθόντα
389 755 567 783 συλλαϐέσθαι
582 755 671 782 αὐτόν.
681 755 709 781 '0
722 754 760 787 δὲ,
778 753 848 789 μετὰ

107 805 189 839 χεῖρας
200 803 249 838 τὴν
261 802 346 838 λύραν
360 802 459 834 λαϐὼν,
476 802 523 829 ἅτε
538 801 664 837 ἐγνωκὼς
682 800 721 836 τῷ
742 809 848 836 προφη-

105 849 165 884 τικῷ
176 849 323 884 πνεύματι,
339 849 377 880 ὡς
389 848 463 875 οὐδὲν
477 848 563 874 δεινὸν
576 848 698 874 πείσεται
714 847 789 882 παρὰ
801 847 846 873 τοῦ

103 895 192 927 Σαοὺλ,
206 895 240 922 τὰ
263 895 432 930 προκείμενα
443 894 510 930 ᾄδει.
525 893 579 920 Καὶ
595 893 648 929 γὰρ
665 893 788 920 ἀπελθὼν
807 894 846 924 εἰς

107 940 226 975 σύλληψιν
246 939 331 966 αὐτοῦ
354 939 448 972 Σαοὺλ,
465 939 578 974 ἤκουσεν
591 938 721 972 ἀγγελίαν
733 937 786 964 τῶν
801 937 848 963 ἀλ-

105 985 226 1020 λοφύλων,
240 986 289 1012 καὶ
303 984 455 1020 ὑπέστρεψε
468 983 590 1010 σπεύδων
603 983 671 1018 μετὰ
680 983 733 1009 τῶν
744 983 847 1018 ἀνδρῶν

105 1030 269 1066 αὑτοῦ.Ἐχοι
285 1031 307 1057 δ’
322 1030 355 1057 ἂν
367 1031 401 1058 τὰ
412 1030 532 1066 παρόντα
546 1029 683 1064 ἀναφορὰν
699 1029 746 1055 καὶ
761 1030 800 1060 είς
818 1028 849 1055 τὸ

103 1076 238 1112 πρόσωπον
253 1076 302 1103 τοῦ
318 1075 495 1109 ἀποστολικοῦ
507 1074 598 1110 χοροῦ,
618 1074 656 1106 ὼς
675 1074 724 1105 τὰς
747 1075 848 1100 ὲπανα-

105 1123 204 1154 στάσεις
226 1123 278 1154 τὰς
300 1122 375 1158 παρὰ
388 1121 434 1148 τοῦ
451 1121 543 1152 ἔθνους
564 1121 618 1147 τῶν
637 1120 779 1150 Ἰουδαίων,
801 1120 848 1146 καὶ

106 1169 229 1203 βασιλέων
244 1169 274 1195 δὲ
293 1168 346 1194 τῶν
360 1168 444 1194 ὲθνῶν
452 1168 497 1194 τὸν
508 1166 592 1202 θυμὸν
608 1166 792 1202 διηγούμενος,
803 1165 849 1192 τὸν

105 1215 163 1242 Θεὸν
179 1216 249 1248 ἀξιοῖ
264 1215 295 1248 ἐξ
307 1215 435 1242 ἁπάντων
453 1213 571 1248 σωθῆναι
585 1213 629 1240 διὰ
648 1213 695 1239 τοῦ
718 1212 848 1247 ὀνόματος

103 1262 187 1288 αὑτοῦ.
205 1261 387 1296 Προφητικῶς
401 1269 430 1286 τε
449 1259 603 1293 ἀποφαίνει,
620 1259 657 1289 ὡς
673 1257 848 1293 περιπρέτᾷει

103 1308 154 1337 τοῖς
165 1306 272 1341 ἐχθροῖς
285 1307 325 1337 είς
340 1304 460 1340 κεφαλὴν
473 1306 486 1331 ὁ
502 1304 566 1335 Θεὸς
580 1303 614 1330 τὰ
628 1303 710 1334 κακὰ,
728 1303 807 1334 αὐτὸς
821 1302 848 1328 δὲ

105 1352 148 1382 τὰς
161 1352 310 1383 ἐπινικίους
324 1351 452 1386 προσάξει
463 1350 566 1382 θυσίας.
579 1349 623 1376 Διὸ
637 1349 684 1375 καὶ
696 1348 848 1380 συνέσεως

105 1399 310 1434 ἐπιγέγραπται,
326 1399 364 1429 είς
386 1398 431 1424 τὸν
446 1397 589 1433 εἰρημένον
602 1395 664 1422 νοῦν
675 1395 849 1430 ἀναπέμπον-

105 1452 145 1476 τος
157 1445 228 1479 ἡμᾶς
240 1443 290 1470 τοῦ
302 1442 419 1478 ψαλμοῦ.

112 1489 135 1516 ’0
147 1492 226 1522 Θεὸς,
239 1490 277 1516 ὲν
287 1488 326 1522 τῷ
339 1488 461 1522 ὀνόματί
478 1495 535 1514 σου
556 1486 659 1513 σῶσόν
669 1494 716 1520 με.
734 1485 800 1520 Οὐχὶ
815 1484 848 1510 δι’

77 1535 145 1562 ἄλλου
162 1535 232 1566 τινὸς
245 1535 263 1569 ἢ
276 1534 319 1561 διὰ
335 1533 381 1560 τοῦ
398 1533 527 1568 ὀνόματος
541 1531 623 1558 αὐτοῦ
638 1531 754 1567 σωθῆναι
767 1531 847 1562 ἀξιοῖ.
863 1543 885 1573 c

78 1579 190 1616 [Ἐπειδὴ
209 1581 247 1611 δὲ,
264 1580 340 1616 φησὶ,
356 1580 386 1606 τὸ
401 1579 445 1605 σὸν
459 1578 544 1613 ὄνομα
556 1577 748 1612 ἐπικαλοῦμαι,
760 1577 789 1603 ἐν
801 1577 850 1604 αὺ-

77 1629 110 1664 τῴ
121 1629 201 1663 τούτῳ
213 1628 262 1664 τὴν
280 1627 414 1662 σωτηρίαν
438 1635 488 1662 μου
508 1625 658 1661 παράσχου.
678 1624 732 1651 Καὶ
750 1624 784 1651 ἐν
797 1624 850 1651 δυ-

77 1675 190 1708 ναστείᾳ
210 1681 281 1704 σου,
311 1673 432 1699 τουτέστι
448 1671 487 1706 τῷ
503 1671 560 1705 Υἰῷ
582 1678 639 1701 σου,
663 1668 773 1703 κρινεῖς
792 1676 849 1703 με·

78 1719 129 1745 ἀντὶ
142 1719 184 1745 τοῦ
195 1728 201 1735 ·
217 1719 276 1745 Οὐκ
291 1718 379 1749 ἄλλοις
395 1717 512 1752 κριταῖς,
527 1715 595 1742 ἀλλὰ
616 1716 649 1750 τῇ
671 1715 783 1749 δυνάμει
804 1722 851 1740 σου

79 1765 112 1796 εἰς
124 1765 238 1798 ἐξέτασιν
251 1762 460 1798 παραδοθῆναι.]
477 1762 530 1789 Καὶ
546 1760 627 1795 ἐντῇ
647 1760 770 1794 δυνάμει
794 1767 851 1786 σου

79 1811 176 1844 κρινεῖς
194 1819 240 1845 με.
263 1810 367 1846 Κρίνας
380 1808 434 1844 γὰρ
447 1809 495 1843 τὴν
509 1808 598 1844 κρίσιν
612 1806 712 1838 αὐτῶν,
726 1806 789 1838 τοὺς
802 1805 851 1841 μὲν

80 1855 189 1891 ἀπωλείᾳ
202 1855 355 1892 παρέδωκε,
370 1855 433 1886 τοὺς
447 1854 475 1880 δὲ
489 1853 589 1880 ἔσωσεν
604 1853 657 1879 ἀπὺ
669 1852 722 1879 τῶν
735 1851 850 1887 ἐχθρῶν.

113 1900 137 1926 ’0
152 1902 231 1934 θεὸς,
247 1900 433 1928 εἰσάκουσον
455 1899 511 1934 τῆς
530 1898 703 1933 προσευχῆς
716 1906 786 1932 μου.
805 1896 850 1923 Δέ-

81 1945 117 1978 ξαι
142 1956 189 1982 μου
210 1947 259 1979 τὰς
286 1947 402 1978 ἱκετείας
424 1947 472 1972 σὺν
492 1945 628 1980 εὐμενείᾳ.
642 1943 792 1971 Ἐνώτισαι
816 1941 852 1969 τὰ

78 1991 184 2025 ῥήματα
195 1992 248 2019 τοῦ
264 1992 413 2026 στόματός
432 1991 615 2026 μου.”ομοιον
634 1989 688 2025 τῷ·
703 1988 757 2016 Καὶ
783 1988 851 2021 νῦν,

81 2038 166 2072 Κύριε,
183 2039 266 2066 ἔπιδε
284 2039 333 2066 ἐπὶ
351 2040 404 2071 τὰς
419 2037 543 2070 ἀπειλὰς
558 2035 666 2063 αὐτῶν.

105 2115 151 2148 Εἰς
161 2114 246 2149 τέλος
261 2116 296 2143 ὲν
310 2115 414 2150 ὕμνοις
427 2114 579 2147 σιπννέσεως
590 2112 630 2146 τῷ
645 2111 744 2140 Δαυῒδ.
761 2110 823 2138 ΝΔ¹.

383 2150 545 2182 ’Υπόθεσις.

895 262 956 290 qua:
967 254 1032 281 dicit
1046 254 1068 270 “
1092 263 1098 280 :
1120 253 1177 288 Ego
1201 261 1259 280 sum
1277 253 1329 279 via.
1342 251 1419 280 Unde
1435 256 1460 279 et
1482 252 1591 279 inutiles
1613 252 1676 280 [acti

895 305 969 330 sunt.
980 308 1040 327 cum
1057 307 1116 327 cam
1128 300 1271 327 admittere
1284 298 1467 331 nullent.quia
1484 305 1563 325 nemo
1577 298 1678 325 faceret

894 346 1007 373 bonum.
1028 345 1055 372 ln
1069 346 1220 381 ignorantia
1232 345 1305 373 enim
1323 345 1382 380 ejus
1395 345 1572 372 versabantur
1583 350 1677 372 omnes

894 400 910 419 a
926 392 1004 427 legali
1018 392 1154 426 scriptura
1169 392 1307 418 circa-cati.

895 438 922 465 1.
939 437 972 464 In
982 438 1059 472 ﬁnem
1077 439 1103 464 in
1115 437 1275 464 carminibus
1287 436 1434 464 intellectus
1458 435 1554 463 David.
1572 435 1600 464 2.
1611 435 1678 464 Cum

928 484 1057 511 venissent
1073 483 1172 518 Ziphaai
1188 489 1212 510 et
1223 483 1352 510 dixissent
1365 484 1398 509 ad
1415 482 1480 509 Saul
1494 490 1504 510 :
1521 482 1614 510 Nonne
1626 483 1679 511 Da-

927 530 969 557 vid
982 530 1150 557 absconditus
1164 535 1201 557 est
1217 529 1286 564 apud
1302 537 1347 555 nos
1361 528 1466 556 ?LllI.

1191 575 1390 610 Argumentum.

896 622 965 650 Cum
985 621 1089 656 fugeret
1110 621 1194 648 David
1218 629 1233 648 a
1256 621 1349 654 Saule,
1370 621 1494 649 consedit
1519 621 1546 648 in
1572 621 1678 648 deserto

934 667 1013 702 Ziph.
1032 667 1133 694 Deinde
1154 667 1270 702 digressi
1288 667 1388 702 Ζίριιςιέί
1408 667 1441 694 ad
1458 667 1535 699 Saul,
1550 667 1576 693 in
1597 674 1678 701 quem

932 713 1020 740 locum
1043 712 1219 748 profugisset,
1240 713 1403 741 indicarunt.
1429 712 1568 748 Rogabant
1588 718 1677 740 autem

934 762 964 785 ut
977 757 1128 790 accederet,
1145 762 1226 793 atque
1246 766 1310 785 eum
1328 758 1568 793 comprehenderet
1582 758 1614 785 ".
1633 757 1679 785 llle

931 810 1007 836 vero,
1020 809 1130 837 accepta
1143 803 1269 830 manibus
1283 803 1446 838 lyra,utpote
1459 804 1616 838 prophetico
1624 804 1680 838 spi-

935 849 986 875 ritu
1002 856 1104 883 gnarus
1118 855 1148 875 se
1159 848 1226 874 nihil
1243 849 1307 874 mali
1325 855 1340 875 a
1356 848 1436 875 Saule
1452 855 1605 882 passurum,
1622 847 1680 876 hac

934 894 1016 922 canit.
1039 893 1107 921 Nam
1130 893 1267 929 prolectus
1286 894 1319 921 ad
1344 894 1504 929 capiendum
1520 902 1582 921 eum
1603 894 1679 928 Saul,

933 940 1057 967 nuntium
1079 940 1182 974 accepit
1197 940 1329 966 adventus
1343 940 1566 974 alienigenarum,
1587 945 1614 967 et
1632 947 1678 967 re-

934 992 1028 1020 gressu
1047 985 1200 1019 properavit
1220 992 1281 1012 cum
1304 993 1385 1011 manu
1408 985 1529 1011 virorum
1547 992 1576 1011 se
1595 985 1680 1012 comi-

934 1031 1059 1057 tantium.
1075 1030 1136 1058 Haec
1149 1034 1238 1057 autem
1251 1030 1343 1058 rcl'erri
1356 1030 1481 1057 videntur
1494 1030 1526 1056 ad
1537 1038 1680 1064 personam

933 1076 1075 1111 apostolici
1098 1076 1186 1109 chori,
1210 1076 1287 1111 quasi
1313 1076 1358 1103 ille
1374 1083 1490 1103 narrans
1515 1076 1681 1110 irruptiones

931 1122 1035 1150 Judaici
1063 1123 1172 1157 populi,
1204 1131 1236 1150 ac
1264 1130 1357 1157 regum
1388 1123 1509 1157 gentium
1549 1122 1680 1153 furorem.

933 1167 1016 1194 Deum
1032 1168 1165 1202 supplicet
1179 1176 1225 1202 per
1241 1175 1339 1194 nomen
1354 1168 1414 1202 ejus
1427 1167 1461 1194 ab
1473 1167 1601 1194 omnibus
1613 1167 1681 1201 eripi

933 1214 1023 1241 malis.
1043 1213 1202 1249 Prophetice
1219 1220 1308 1241 autent
1326 1214 1417 1246 edicit,
1434 1214 1553 1241 futurum
1569 1218 1598 1240 ut
1612 1214 1682 1240 mala

933 1257 1005 1286 Deus
1025 1259 1051 1285 in
1076 1264 1157 1293 caput
1176 1260 1348 1286 inimicorum
1365 1264 1531 1293 retorqueat.
1546 1259 1603 1293 ipse
1617 1265 1684 1285 vero

935 1305 961 1331 in
980 1305 1086 1339 signum
1102 1310 1185 1340 paruo
1199 1305 1318 1331 \ictorizr.
1339 1305 1471 1332 sacrilicia
1496 1305 1600 1330 ullerat.
1613 1303 1680 1330 Pro-

934 1355 1027 1385 plerra
1038 1350 1186 1377 intellectus
1201 1350 1369 1382 insrribitnr,
1380 1351 1485 1384 psalmo
1494 1357 1543 1377 nos
1555 1350 1587 1376 ad
1599 1356 1683 1384 supra

933 1396 1032 1423 dictam
1046 1396 1208 1423 sententiam
1224 1395 1374 1422 deducente

934 1485 1015 1518 Deus,
1032 1487 1060 1512 in
1084 1485 1187 1512 nomine
1207 1489 1251 1511 tuo
1274 1485 1375 1512 salvum
1387 1493 1427 1511 me
1440 1484 1491 1519 fac.
1515 1483 1566 1511 Per
1584 1492 1683 1512 nomen

901 1530 998 1565 ipsius,
1020 1538 1074 1557 non
1091 1537 1139 1564 per
1163 1530 1236 1556 aliud
1255 1529 1406 1564 quidpiam,
1423 1529 1536 1556 salutem
1552 1529 1683 1563 consequi

901 1579 988 1609 rogat.
1005 1573 1237 1610 [Quandomtidcm
1253 1579 1353 1605 anteiit,
1364 1574 1412 1604 ait.
1435 1581 1532 1600 nomen
1553 1578 1627 1600 tuum
1643 1574 1686 1600 in-

900 1627 978 1652 νοω,
1000 1620 1027 1646 in
1053 1621 1104 1646 hoc
1127 1620 1186 1654 ipso
1206 1619 1321 1646 salutem
1354 1618 1419 1645 mihi
1445 1619 1576 1653 praebe-as.
1599 1618 1633 1645 Et
1655 1619 1685 1646 in

900 1667 995 1694 virtute
1007 1670 1053 1692 tua
1067 1687 1075 1699 ,
1091 1666 1115 1692 id
1133 1669 1174 1693 est
1200 1666 1226 1692 in
1252 1665 1320 1692 Filio
1330 1670 1387 1697 tuo,
1396 1665 1529 1699 judicabis
1544 1673 1583 1692 me
1594 1673 1603 1697 ;
1616 1672 1647 1692 ac
1660 1665 1684 1691 si

901 1714 1019 1740 diceret:
1036 1713 1095 1739 Non
1113 1713 1174 1739 aliis
1191 1711 1338 1746 judicibus,
1355 1711 1400 1738 sed
1414 1711 1505 1737 \‘irluti
1521 1716 1571 1736 tua:
1580 1710 1684 1736 exami-

902 1761 1021 1786 nandum
1036 1766 1080 1786 me
1096 1757 1210 1794 tradas.]
1224 1757 1255 1784 Et
1270 1758 1296 1784 in
1309 1758 1405 1784 virtute
1421 1763 1466 1783 tua
1476 1756 1612 1791 judicabis
1632 1764 1683 1784 me.

900 1804 1030 1832 Judicans
1041 1803 1114 1831 enim
1129 1810 1224 1829 eorum
1240 1809 1362 1834 causam,
1377 1802 1446 1828 alios
1462 1801 1589 1836 perniciei
1601 1800 1684 1828 trudi-

900 1853 950 1884 dit,
967 1852 1035 1879 alios
1052 1852 1141 1879 salvos
1153 1851 1215 1878 fecit
1230 1851 1264 1877 ab
1280 1850 1407 1877 inimicis.

935 1898 963 1926 4.
983 1897 1065 1929 Deus,
1091 1897 1188 1924 exaudi
1209 1896 1354 1923 orationem
1377 1903 1472 1922 meam.
1496 1894 1570 1921 Bono
1595 1893 1687 1920 animo

901 1951 989 1972 meam
1006 1943 1100 1977 excipe
1116 1942 1351 1976 supplicationem.
1371 1941 1484 1968 Auribus
1495 1940 1596 1974 percipe
1608 1938 1684 1966 verba

901 1989 955 2016 oris
974 1989 1034 2016 mei.
1060 1988 1154 2015 Simile
1170 1988 1208 2014 illi
1225 1997 1232 2015 :
1250 1987 1284 2014 Et
1301 1995 1380 2018 nunc,
1400 1986 1521 2017 Domine,
1548 1984 1684 2012 considera

901 2036 986 2062 minas
1000 2041 1089 2061 eorum
1106 2033 1139 2060 ⁷⁸.

901 2113 927 2140 Ι.
942 2111 975 2140 1η
997 2112 1074 2147 ﬁnem
1094 2112 1121 2138 in
1145 2110 1247 2147 hymnis
1263 2108 1408 2136 intellectus
1423 2107 1473 2139 ipsi
1485 2107 1578 2134 David.
1596 2106 1671 2136 LIV.

1194 2145 1396 2180 Argumentum.

83 2214 121 2249 Τῷ
135 2215 268 2251 Πνεύματι
284 2215 424 2251 Θεωρήσας
442 2215 456 2240 ὁ
474 2213 620 2249 Προφήτης
635 2212 669 2239 τὰ
682 2212 797 2247 ἐσόμενα
809 2220 849 2238 κα-

923 2214 1010 2249 ιρίῐίιιι
1034 2212 1168 2247 Propheta
1189 2209 1389 2244 contemplatus
1409 2215 1470 2243 quae
1487 2206 1577 2234 futura
1595 2210 1689 2233 essent

113 2262 142 2288 τὰ
164 2262 280 2298 Χριστοῦ
297 2261 373 2296 παρὰ
395 2259 440 2286 τοῦ
460 2258 592 2286 Ἰουδαίων
615 2257 679 2284 λαοῦ
705 2258 752 2284 καὶ
772 2257 853 2284 αὑτοῦ

113 2307 154 2334 τοῦ
172 2307 265 2338 Ἰούδα,
281 2307 369 2342 λύπης
383 2304 570 2340 πληρούμενος
583 2303 630 2330 καὶ
642 2302 806 2338 ἀμηχανίας,
820 2301 854 2337 ἦν

114 2353 156 2379 καὶ
175 2352 357 2387 ἀδολεσχίαν
369 2352 398 2378 ἐν
412 2350 450 2386 τῷ
465 2350 578 2385 παρόντι
592 2348 726 2384 ὠνόμασε,
740 2347 854 2374 διατελεί

114 2399 304 2434 ταραττόμενος
330 2397 377 2424 καὶ
405 2395 514 2432 ἀπορῶν
540 2396 569 2422 ἐν
590 2395 646 2426 τοῖς
661 2393 852 2428 τολμωμένοις,

115 2445 260 2480 παρακαλεῖ
281 2444 325 2471 τὸν
350 2443 416 2469 θεὸν
433 2440 611 2468 ὲνωτίσασθαι
629 2440 678 2475 τὴν
701 2439 854 2475 προσευχὴν

116 2489 202 2522 αὐτοῦ,
219 2490 266 2517 καὶ
282 2489 360 2517 τοῦτο
381 2488 456 2523 αὺτῷ
479 2487 643 2522 παρασχεῖν·
660 2483 718 2512 εἶτα
732 2484 855 2520 δεύτερον

116 2535 209 2569 γνῶναι
235 2536 284 2570 τὴν
307 2535 351 2561 διὰ.
376 2534 425 2569 τῆς
448 2531 601 2569 προσευχῆς
625 2530 855 2566 ἀναπεμπομένην

116 2580 213 2616 δέησιν·
235 2581 280 2608 καὶ
291 2580 381 2616 τρίτον
395 2579 444 2614 τὴν
458 2579 624 2606 κατάστασιν
639 2575 785 2603 θεάσασθαι
807 2575 854 2602 τοῦ

117 2626 161 2661 τὴν
187 2625 335 2662 προσευχὴν
359 2624 582 2660 ἀναπέμποντος·
608 2623 653 2649 καὶ
676 2622 761 2653 οὕτως
774 2621 854 2648 αὑτὸν

117 2672 275 2704 καταξιῶσαι
302 2672 350 2707 τῆς
382 2669 477 2697 ἑαυτοῦ
512 2668 612 2704 ἀκοῆς·
644 2667 684 2694 διὸ
713 2667 852 2701 ἐπιλέγει·

120 2717 246 2752 Πρόσχες
260 2726 319 2751 μοι,
334 2716 382 2743 καὶ
396 2714 579 2742 είσὰκουσόν
592 2722 660 2748 μου.

124 2761 276 2795 Ἐνώτισαι,
291 2764 307 2789 ὁ
326 2762 406 2794 Θεὸς,
422 2760 478 2794 τὴν
502 2759 675 2794 προσευχήν
702 2768 766 2786 αου.
793 2759 855 2785 Δα-

941 2260 1014 2287 mala
1038 2251 1147 2286 Clu-isto
1172 2264 1220 2292 per
1245 2255 1353 2282 Judmos
1376 2255 1461 2284 illata.
1481 2261 1513 2280 ac
1527 2260 1574 2287 per
1598 2252 1686 2286 ipsum

940 2304 1050 2335 ludam,
1067 2302 1159 2330 dolore
1172 2301 1266 2336 plenus
1282 2305 1308 2327 et
1323 2299 1468 2330 anxietate,
1481 2306 1561 2332 quam
1578 2298 1604 2324 in
1620 2305 1687 2332 pra:-

939 2350 1010 2378 senti
1025 2348 1238 2376 exercitationem
1250 2349 1326 2372 vocat
1345 2354 1351 2372 :
1367 2344 1538 2379 perturbatus
1553 2347 1578 2370 et
1588 2342 1691 2370 dubius

942 2395 1035 2427 animi,
1052 2395 1079 2421 in
1101 2390 1296 2420 considerando
1318 2388 1473 2423 hujusmodi
1495 2386 1613 2413 facinore
1629 2393 1688 2411 mo-

939 2449 998 2470 ram
1020 2438 1148 2470 extrahit,
1163 2440 1291 2471 rogatque
1305 2433 1388 2460 Deum
1411 2437 1441 2459 ut
1462 2432 1576 2458 auribus
1600 2429 1688 2464 percio

936 2489 990 2524 piat
1011 2485 1161 2513 orationem
1173 2488 1261 2513 suam,
1278 2483 1305 2506 et
1318 2479 1342 2506 id
1357 2477 1408 2505 sibi
1426 2476 1573 2508 concedat;
1588 2483 1687 2524 secun-

939 2519 985 2564 do,
999 2535 1029 2558 ut
1039 2527 1254 2556 obsecrationem
1267 2523 1392 2559 precibus
1402 2523 1528 2549 emissam
1544 2519 1690 2555 respiciat;

942 2578 1033 2609 tertio,
1051 2580 1081 2602 ut
1096 2578 1195 2602 statum
1214 2570 1351 2606 precantis
1370 2568 1566 2602 contempletur
1583 2575 1590 2598 ;
1607 2570 1689 2599 atque
1726 2567 1729 2569 ‘

941 2624 979 2651 ita
999 2622 1125 2657 dignetur
1146 2626 1208 2646 cum
1236 2615 1342 2648 audire,
1368 2613 1544 2649 quamobrem
1571 2610 1689 2645 adjicit;

939 2667 1049 2695 Intende
1059 2665 1133 2696 mihi,
1149 2669 1173 2690 et
1185 2662 1281 2690 exaudi
1296 2669 1345 2688 me.

944 2757 970 2786 2.
984 2756 1100 2787 Exaudi,
1122 2755 1204 2788 Deus,
1219 2753 1370 2781 orationem
1392 2757 1476 2778 meum
1487 2769 1495 2784 ,
1511 2752 1563 2776 etc.
1592 2745 1693 2774 Varias

123 2853 228 2882 “Joan.
256 2863 316 2889 xtv,
352 2855 379 2882 6.
417 2855 437 2871 "
457 2853 466 2881 l
483 2853 638 2889 Rugum,
656 2852 704 2887 i9;
725 2861 797 2887 τινι,
819 2853 933 2888 l,eeqq.
970 2852 997 2875 '°.
1015 2850 1075 2878 Act.
1097 2857 1134 2882 tv,
1148 2847 1191 2875 29.
