1922 3057
235 144 286 173 εει

658 144 686 170 S.
707 141 893 170 ATHANASII
913 141 989 170 OPP.
1009 141 1100 169 PARS
1118 142 1160 169 Ill.
1182 157 1216 162 —
1233 140 1436 170 EXEGETICA.

1807 144 1866 172 252

235 204 313 232 affert
330 203 559 238 supplicationes,
577 211 677 238 rogans
696 203 801 230 admitti
828 203 896 230 illas.
918 202 956 229 Ne
971 203 1014 230 de-

1069 203 1168 238 φόρους
1192 203 1309 237 ἱκετείας
1323 203 1472 239 προσφέρει
1483 203 1611 238 δεχθῆναι
1625 204 1726 235 ταύτας
1747 204 1864 231 ἀντιδο-

235 250 345 285 spicias,
358 249 454 284 inquit.
465 257 507 276 me
516 249 723 283 supplicantem,
733 249 780 276 sed
790 248 919 276 benevolo
927 249 1018 274 animo

235 297 345 323 intende
357 296 434 327 mihi,
452 302 479 322 et.
497 295 626 322 auxilium
643 295 741 322 tribue.

269 342 295 368 5.
307 341 486 369 Contristatut
506 349 564 368 sunt
586 341 612 367 in
627 341 815 367 exercitatione
828 349 897 371 mea,
913 345 938 367 et
955 348 1018 366 con-

234 389 356 415 turbatus
368 397 437 415 sum.
451 387 592 414 Auxietate
602 394 719 421 namque
731 387 827 420 plenus
838 391 906 418 erat,
921 386 1016 413 videns

233 434 402 469 iniquitatem
421 434 447 461 iu
464 433 631 460 Salvatorem
653 433 811 464 admissam,
825 440 906 467 quam
919 432 1017 459 exinde

232 481 312 508 docet
334 481 375 507 his
401 480 490 506 verbis
507 489 513 506 :
530 479 551 506 A
566 487 624 506 voce
641 479 742 505 inimici
765 484 788 505 et
805 487 821 505 a
846 478 1016 505 tribulatione

231 527 385 561 peccatoris.
402 525 497 553 Totius
519 530 609 552 autem
630 525 771 552 sententia!
785 532 861 552 mens
878 524 936 550 haec
955 528 1014 551 est:

232 571 355 607 Respice,
369 579 471 606 quaeso,
489 579 570 606 quam
583 571 762 598 contristalus
773 578 844 601 sum.
860 578 941 604 quam
959 575 1016 597 tur-

230 618 322 651 batus,
349 625 430 652 quant
455 617 650 645 exercitatione
672 615 790 650 repletus
810 623 869 642 sum
887 624 894 643 :
917 615 1014 650 hisque

230 663 358 691 admissis
371 663 467 689 exaudi
482 671 533 689 me.

264 708 322 736 4-7.
345 709 477 741 Quoniam
500 707 696 734 declinaverunt
723 707 750 733 in
780 714 819 732 me
843 706 1009 740 iniquitates.

229 754 403 788 Qtnecuuque
430 754 503 780 enim
537 753 667 780 adversus
701 751 871 779 Salvatorcm
905 749 1012 777 accide-

227 802 308 830 runt,
337 798 370 824 ad
397 805 474 824 suam
505 797 562 832 ipse
585 804 730 831 personam
759 795 849 823 refert.
880 794 954 831 [Hzee
984 794 1012 821 in

227 852 272 871 me
301 845 507 878 perpetrabant,
533 843 568 870 ob
593 843 672 870 illata!
700 843 813 877 jactura:
839 841 1010 873 memoriam,

227 897 260 916 ex
293 889 472 916 irrationabili
505 890 543 916 ira
577 894 741 916 manentem.
777 889 817 916 Ira
850 894 1011 922 permanens

226 934 368 962 iracundia
405 939 527 962 vocatur.
562 934 599 961 Ea
633 942 697 961 vero
734 935 767 961 de
801 941 885 961 causa
916 932 1012 959 formi-

225 980 338 1008 dulosus
347 988 433 1013 eram,
445 986 527 1015 atque
540 981 675 1012 turbatus,
688 984 728 1012 ut,
747 984 834 1007 morte
847 979 903 1014 jam
921 978 1011 1005 immi-

226 1031 316 1059 nente,
335 1031 416 1061 atque
437 1027 463 1053 in
493 1031 596 1054 tantam
624 1026 708 1053 animi
729 1025 958 1053 concertationem
983 1028 1011 1051 et

224 1072 399 1100 formidinem
416 1073 510 1105 incidi,
527 1078 600 1100 utne
615 1073 720 1100 radium
734 1071 843 1107 quidem
857 1071 926 1098 lucis
936 1070 1010 1097 vide-

225 1126 293 1151 rem,
311 1119 356 1146 sed
379 1119 406 1146 in
429 1119 548 1146 tenebris
570 1119 695 1154 degerem
715 1127 721 1145 :
743 1117 927 1152 putabamque
949 1123 1008 1142 om-

224 1165 301 1192 nium
319 1173 409 1192 rerum
424 1165 553 1199 optimam
571 1172 632 1192 esse
646 1163 748 1198 fugam,
759 1171 791 1190 ac
804 1162 935 1197 rogabam
949 1161 1009 1189 dari

224 1211 292 1238 mihi
316 1211 373 1238 alas
399 1211 522 1237 avolandi
550 1218 642 1242 causa,
670 1214 700 1236 ut
724 1209 786 1236 alibi
815 1207 1008 1244 quiescerem]

225 1254 278 1282 Cor
294 1263 379 1281 meum
392 1255 576 1282 conturbatum
593 1255 669 1280 estin
683 1262 732 1286 me,
747 1258 772 1280 et
789 1253 903 1286 formido
915 1254 1008 1280 mortis

223 1300 318 1327 cecidit
327 1308 404 1334 super
417 1308 465 1326 me.
479 1301 549 1327 Ecce
563 1307 610 1326 cor
622 1307 724 1331 meum,
735 1299 834 1333 inquit,
846 1300 938 1326 omnia
950 1307 1008 1327 mea

223 1345 354 1372 interiora
374 1346 470 1372 evertit
485 1355 490 1372 :
507 1346 561 1372 imo
575 1346 656 1372 etiam
675 1345 791 1378 formido
807 1346 901 1372 mortis
913 1346 1007 1373 cecidit

222 1399 301 1426 super
324 1400 374 1418 me.
403 1390 538 1418 Nimirum
559 1391 611 1418 hoc
622 1391 655 1418 de
676 1389 825 1418 Salvatoris
847 1396 933 1418 morte
959 1392 1008 1424 ait,

221 1437 257 1463 ob
283 1443 366 1470 quam
397 1435 541 1462 formidine
566 1435 661 1470 plenus
690 1434 825 1469 Propheta
851 1439 927 1468 erat,
956 1436 1007 1462 hu-

222 1489 304 1509 mana
315 1487 454 1516 permotus
470 1481 634 1516 cogitatione
650 1489 657 1507 :
680 1485 727 1508 aut
741 1482 774 1508 de
793 1485 880 1508 morte
900 1482 1006 1508 anima--

222 1536 294 1561 rum,
308 1535 376 1563 quas
395 1535 441 1562 per
463 1527 521 1554 haec
540 1526 661 1554 facinora
679 1527 708 1554 in
726 1527 839 1554 exitium
862 1535 942 1554 ruere
964 1527 1006 1554 fu—

222 1578 313 1601 turum
332 1579 400 1601 erat.
417 1573 470 1600 Sed
487 1573 568 1600 etiam
584 1574 661 1600 timor
678 1577 705 1600 et
726 1578 822 1600 tremor
842 1573 1006 1608 Prophetam

221 1620 321 1648 invasit
335 1624 488 1647 cernentem
501 1620 630 1647 dilectum
646 1619 692 1647 Dei
709 1620 764 1647 haec
781 1620 815 1647 ab
831 1620 921 1654 impiis
933 1620 1005 1654 pati;

220 1670 392 1692 contexerant
410 1670 499 1692 autem
510 1673 571 1692 eum
592 1665 714 1698 tenebras,
728 1666 792 1700 quia
811 1665 915 1692 scilicet
930 1670 1006 1692 tene-

221 1711 279 1739 bris
293 1711 374 1746 digna
392 1715 482 1738 essent
491 1718 552 1746 quas
570 1711 702 1738 adversus
715 1710 885 1738 Salvatorem
901 1715 1007 1745 patrata

221 1762 296 1785 sunt.
314 1757 417 1784 Exinde
438 1764 502 1784 vero
525 1756 604 1791 quasi
628 1756 740 1783 relictus
761 1757 787 1783 in
808 1757 897 1784 medio
911 1764 1005 1784 eorum

225 1802 266 1837 qui
285 1802 342 1829 haec
357 1806 477 1836 agerent,
494 1802 568 1828 nullo
585 1802 679 1829 relicto
693 1802 784 1837 eﬂ‘ugii
801 1802 873 1834 loco,
888 1810 937 1830 nec
951 1810 1006 1837 quo

219 1848 367 1875 declinaret
383 1855 398 1875 a
413 1848 496 1875 tantis
509 1847 588 1875 malis
601 1847 715 1880 habens,
732 1852 858 1882 precatur
878 1855 907 1875 se
920 1848 1007 1876 subli-

220 1902 290 1922 mem
304 1894 372 1928 rapi,
388 1898 467 1928 atque
482 1894 568 1921 instar
585 1893 644 1921 avis
662 1901 710 1928 per
722 1900 813 1921 aerem
830 1894 952 1921 avolare.

256 1951 283 1979 9.
304 1951 497 1986 Exspectabam
512 1950 595 1977 Deum
610 1951 655 1983 qui
674 1950 776 1977 salvum
789 1959 829 1976 me
841 1950 912 1984 fecit,
929 1959 944 1976 a
957 1959 1007 1985 pu-

217 1998 402 2025 sillanimilate
430 1998 538 2032 spiritus
563 2001 588 2023 et
617 1994 777 2030 tempeuate.
805 1996 1004 2032 Tempestalem

219 2048 297 2070 vocat
313 2043 435 2069 dolorem
451 2042 502 2069 sibi
515 2049 563 2075 per
579 2041 734 2075 passionem
747 2041 879 2068 oblatum.

254 2088 298 2115 10.
314 2089 444 2120 Quoniam
465 2087 518 2114 vidi
540 2088 707 2122 iniquitatem
722 2091 746 2113 et
767 2086 1004 2114 contradictionem

216 2135 245 2161 in
261 2135 375 2161 ciuitate.
391 2134 496 2161 Causas
518 2133 630 2168 apponit
646 2141 695 2161 cur
715 2141 762 2162 eas
776 2141 871 2168 preces
891 2133 1001 2161 fuderit.

251 2218 346 2245 13-15.
367 2218 500 2250 Quoniam
518 2217 541 2243 si
559 2217 682 2244 inimicus
709 2216 890 2244 ntaledizisset
923 2217 998 2250 mihi,
1015 2222 1038 2249 ῐ)

215 2264 401 2290 sustinuissent
424 2263 523 2297 utique.
548 2261 610 2289 Haec
630 2262 664 2289 ad
686 2270 830 2296 personam
854 2262 1001 2297 proditoris

214 2309 275 2344 jure
291 2309 452 2336 referantur.
473 2308 511 2335 Tu
526 2317 594 2340 vero,
609 2309 685 2335 homo
700 2310 843 2342 unanimis,
862 2311 916 2336 dum
930 2318 1001 2337 meus

214 2361 240 2383 et
252 2361 328 2382 notus
341 2363 424 2382 meus.
435 2355 519 2388 Quasi
529 2355 610 2387 dicat,
620 2355 642 2381 Δ
656 2363 700 2382 me
716 2355 771 2382 dux
783 2356 948 2384 constitutus
959 2364 1000 2389 es,

214 2401 299 2428 Judas
321 2401 435 2428 scilicet.
457 2400 509 2434 Qui
534 2401 613 2427 simul
639 2409 738 2427 mecum
765 2401 854 2428 dulces
878 2403 999 2436 capiebat

214 2446 297 2473 cibos.
322 2445 438 2473 Perinde
461 2451 504 2473 est
526 2454 558 2473 ac
578 2448 601 2473 si
619 2447 722 2474 diceret
741 2455 747 2473 ε
768 2447 897 2481 Ejusdem
928 2456 1000 2483 saepe

215 2499 317 2519 mensae
337 2499 450 2519 consors
471 2491 556 2518 fuisti.
585 2491 618 2518 In
632 2492 709 2519 domo
736 2492 784 2519 Dei
804 2492 997 2521 ambulavimus

216 2546 275 2564 cum
292 2545 429 2565 consensu.
446 2537 502 2565 lloc
515 2538 553 2565 ait
565 2538 628 2573 quia
644 2546 714 2574 saepe
727 2546 790 2566 cum
809 2539 856 2566 illo
879 2539 907 2566 in
927 2543 997 2567 tem-

213 2583 290 2619 plum
306 2587 488 2610 concesserat.

249 2628 292 2656 16.
319 2627 411 2655 Veniat
426 2637 496 2655 mors
511 2637 588 2664 super
602 2629 674 2661 illos,
697 2634 721 2656 et
742 2630 900 2657 descendant
916 2631 944 2657 in
956 2632 998 2658 in-

213 2674 314 2708 fernum
329 2675 449 2702 viventes.
466 2674 689 2710 Quandoquidem
712 2677 857 2704 noluerunt
873 2681 899 2704 te
915 2677 998 2704 vitam

213 2720 346 2755 accipere,
360 2721 421 2748 ideo
442 2728 516 2748 mors
531 2721 647 2755 excipiet
661 2730 718 2749 eos.
736 2721 802 2748 Illud
819 2728 908 2750 autem
924 2732 930 2750 :
948 2723 999 2749 De-

213 2765 338 2792 tcendant
350 2766 376 2792 in
386 2766 520 2800 infernam
534 2767 656 2800 viventes,
671 2768 734 2802 quia
743 2768 868 2796 videlicet
881 2769 997 2798 scientes

252 2841 305 2877 τί)
325 2841 390 2871 Vide
404 2844 546 2873 Onomast.
563 2846 597 2874 ad
614 2854 708 2874 vocem
718 2847 878 2882 Ἂγαπητὸς.

1071 250 1134 276 λῶν.
1146 250 1191 286 Μὴ
1203 250 1318 285 παρίδῃς
1329 250 1383 285 γάρ
1395 258 1438 285 με,
1455 249 1531 284 φησὶ,
1546 248 1738 284 ποτνιώμενον,
1746 251 1806 276 ἀλλ’
1815 251 1864 277 εὐ-

1072 294 1159 329 μενῶς
1175 303 1220 330 μοι
1234 295 1360 330 πρόσχες,
1375 295 1421 320 καὶ
1433 294 1482 329 τὴν
1502 293 1625 329 βοήθειαν
1640 294 1751 330 ὥρεξον.

1112 341 1280 374 Ἑλυπήθην
1298 341 1333 367 ἐν
1349 340 1387 374 τῇ
1410 340 1575 374 ἀδολεσχίᾳ
1590 349 1660 374 μου,
1682 341 1732 367 καί
1750 341 1859 375 ἐταρά-

1070 387 1330 422 χθην.’Δμηχανιας
1351 386 1405 422 γὰρ
1424 386 1583 421 ἐπληροῦτο,
1601 386 1706 421 βλέπων
1721 387 1770 422 τὴν
1783 388 1860 414 κατὰ

1069 433 1115 460 τοῦ
1132 433 1255 468 Μτῆρος
1271 432 1414 467 γινομένην
1430 432 1610 468 παρανομίαν,
1621 433 1654 468 ἣν
1669 433 1718 459 καὶ
1732 434 1858 460 διδάσκει

1068 480 1165 516 ἐφεξῆς
1179 480 1277 513 λέγων·
1298 479 1364 506 Ἀπὸ
1379 478 1482 513 φωνῆς
1503 479 1612 513 ἐχθροῦ
1636 479 1685 506 καὶ
1710 479 1770 506 ἀπὸ
1792 481 1859 507 θλ(-

1067 527 1148 559 ’ψεως
1170 524 1392 560 ἀμαρτωλοῦ.’0
1408 524 1436 550 δὲ
1459 525 1514 555 πᾶς
1539 523 1600 556 νοῦς
1621 521 1706 556 οὗτος·
1731 525 1858 560 Πρόσχες

1067 571 1141 602 ὅπως
1166 570 1311 606 ἐλυπήθην,
1335 571 1409 600 ὅπως
1430 570 1592 605 ἐταράχθην,
1612 570 1686 601 ὅπως
1709 570 1858 605 ἀδολεσχίᾳ

1066 617 1267 652 πεπλήρωμαι·
1294 615 1491 650 ἀποδεξάμενός
1515 624 1544 642 τε
1568 615 1664 648 ταῦτα,
1692 615 1857 642 είσάκουσὸν

1066 671 1127 698 μου.

1101 708 1160 734 Ὅτι
1183 706 1342 739 ἐξέκλιναν
1365 706 1411 732 ἐπ’
1424 706 1476 741 ἐμὲ
1497 707 1625 741 ανομίαι.
1639 706 1730 733 Πάντα
1746 707 1804 742 γὰρ
1819 708 1855 734 τὰ

1063 753 1134 780 κατὰ
1148 753 1194 779 τοῦ
1209 753 1332 788 Σωτῆρος
1352 752 1491 787 συμϐάντα
1506 753 1573 788 πρὸς
1587 753 1618 779 τὸ
1628 753 1726 779 οίκεῖον
1748 753 1855 788 ἀναφέ-

1066 809 1107 836 ρει
1124 800 1278 836 πρόσωπον.
1302 799 1370 835 [Διὰ
1388 799 1567 834 μνησικακίαν
1583 807 1628 834 μοι
1643 798 1728 825 ταῦτα
1741 799 1854 826 ἐποίουν

1063 845 1203 880 τεχθεῑσαν
1219 845 1249 877 ἐξ
1263 846 1347 881 ὀργῆς
1364 845 1472 878 ἀλόγου.
1490 844 1575 875 Κότος
1592 845 1608 879 ὴ
1625 845 1752 880 ἐπίμονος
1767 845 1851 881 ὀργή.

1062 892 1111 918 Διὰ
1126 892 1226 925 ταύτην
1241 892 1269 918 δὲ
1283 892 1331 926 τὴν
1348 891 1437 918 αἰτίαν
1454 891 1580 926 περιδεὴς
1599 892 1792 926 ἐγενόμηννκαὶ
1806 898 1853 918 τε-

1061 938 1240 974 ταραγμένος,
1253 937 1290 970 ὡς
1304 938 1463 970 ἐπιστάντος
1478 946 1523 973 μοι
1539 938 1588 973 ἤδη
1603 936 1650 964 τοῦ
1666 938 1791 969 θανάτου,
1801 940 1851 965 καὶ

1060 984 1177 1019 τοσαύτη
1192 993 1235 1019 μοι
1247 982 1328 1019 ἦλθεν
1341 984 1444 1018 ἀγωνία
1457 985 1503 1010 καὶ
1517 984 1607 1017 φόϐος,
1625 984 1662 1015 ὡς
1680 984 1746 1019 μηδέ
1759 984 1852 1012 δοκεῖν

1059 1029 1110 1063 τὴν
1125 1029 1220 1055 ἀκτῖνα
1235 1029 1350 1063 φαίνειν,
1366 1029 1420 1055 ἀλλ’
1437 1029 1591 1056 ἐσκοτίσθαι
1602 1038 1608 1044 ·
1623 1030 1670 1056 καὶ
1682 1029 1851 1065 ἐλογισάμην

1060 1075 1109 1110 τὴν
1126 1075 1214 1110 φυγὴν
1230 1073 1298 1102 εἶναι
1316 1075 1423 1102 πάντων
1437 1076 1549 1110 ἀμείνω,
1566 1075 1613 1102 καὶ
1627 1075 1749 1111 ηὐχόμην
1768 1076 1850 1109 γενέ-

1061 1119 1123 1146 σθαι
1147 1129 1191 1155 μοι
1213 1120 1350 1155 πτέρυγας
1372 1120 1418 1146 ἐπὶ
1434 1120 1473 1155 τῷ
1492 1120 1656 1155 μεταστῆναι
1669 1120 1716 1147 καὶ
1729 1121 1849 1156 ἀλλαχοῦ

1059 1164 1256 1200 καταπαῦσαι.]
1275 1165 1306 1192 Ἠ
1318 1165 1423 1198 napo/tt
1432 1174 1492 1199 μου
1504 1165 1649 1198 ἐταράχθη
1663 1165 1698 1191 ἐν
1707 1165 1780 1200 ἐμοὶ,
1797 1166 1851 1192 καὶ

1059 1208 1154 1236 δειλία
1176 1209 1304 1236 θανάτου
1327 1209 1475 1236 ἐπέπεσεν
1493 1209 1687 1244 ἐπ’ἐμέ.ἰδοὺ
1708 1211 1725 1246 ἠ
1749 1211 1849 1245 καρδία

1060 1264 1122 1291 μου,
1136 1256 1212 1290 φησὶ,
1227 1254 1366 1290 διέστρεψε
1382 1254 1416 1281 τὰ
1432 1255 1505 1281 ἔνδον
1519 1263 1569 1290 μου
1580 1264 1586 1270 ·
1606 1255 1673 1282 ἀλλὰ
1688 1256 1735 1282 καὶ
1750 1256 1851 1283 δειλία

1059 1299 1188 1326 θανάτου
1213 1298 1362 1325 ἐπέπεσεν
1385 1299 1430 1325 ἐπ’
1445 1298 1588 1333 ἐμέ-Ἤτοι
1601 1299 1630 1325 δέ
1644 1299 1690 1326 τοῦ
1711 1301 1848 1335 σωτηρίου

1059 1344 1172 1371 θανάτου
1195 1344 1278 1378 λέγει,
1292 1345 1333 1378 ἐφ’
1345 1340 1368 1377 ᾦ
1388 1343 1489 1375 δειλίας
1501 1345 1515 1370 ό
1532 1344 1676 1379 Προφήτης
1695 1344 1849 1380 ἐπληροῦτο

1058 1390 1220 1426 ἀνθρωπίνῳ
1241 1390 1362 1425 λογισμῷ
1385 1389 1559 1424 κινούμενος’
1575 1390 1592 1425 ἢ
1614 1389 1662 1415 τοῦ
1684 1390 1738 1416 τῶν
1751 1390 1847 1425 ψυχῶν

1058 1436 1184 1466 θανάτου,
1200 1436 1255 1462 τῶν
1275 1435 1439 1462 ἀπόλλυσθαι
1461 1435 1610 1470 μελλόντων
1624 1435 1668 1462 διὰ
1683 1436 1717 1463 τὰ
1733 1436 1848 1464 τοιαῦτα

1057 1481 1228 1516 τολμήματα.
1238 1481 1317 1507 Ἀλλὰ
1326 1481 1417 1514 φόϐος
1430 1481 1475 1507 καὶ
1489 1482 1595 1515 τρόμος
1600 1481 1717 1507 ἐπέπεσε
1727 1481 1764 1516 τῷ
1774 1483 1848 1518 Προ-

1058 1527 1130 1561 φὴτῃ
1144 1525 1241 1562 ὁρῶντι
1253 1526 1297 1552 τὸν
1309 1526 1449 1560 ἀγαπητὸν
1462 1526 1518 1561 (21)
1534 1525 1579 1552 τοῦ
1591 1526 1658 1552 Θεοῦ
1672 1527 1783 1554 τοιαῦτα
1793 1528 1848 1556 ὑπὲ

1057 1572 1112 1598 τῶν
1126 1571 1230 1599 ἀσεϐῶν
1246 1571 1394 1607 πάσχοντα,
1402 1572 1530 1605 ἔκρυπτε
1542 1572 1571 1598 δὲ
1585 1573 1665 1599 αὐτὸν
1675 1574 1794 1607 σκότος,
1806 1575 1846 1606 ὡς

1058 1617 1091 1644 ἂν
1110 1617 1205 1643 σκότου
1223 1617 1330 1652 ἀληθῶς
1345 1617 1407 1649 ἄξια
1433 1617 1468 1644 τὰ
1491 1618 1561 1644 κατὰ
1576 1617 1622 1644 τοῦ
1636 1613 1764 1654 Σωτῆρος
1775 1619 1847 1654 δρώ-

1059 1671 1136 1698 μενα.
1153 1660 1228 1694 Εἶτα,
1246 1662 1341 1697 ὥσπερ
1356 1661 1529 1696 ἀπολειφθεὶς
1550 1664 1578 1689 ὲν
1603 1663 1677 1698 μέσῳ
1688 1664 1742 1690 τῶν
1757 1663 1846 1690 ταῦτα

1056 1707 1191 1743 δρώντων,
1207 1709 1274 1743 μήτε
1293 1707 1356 1742 μίαν
1373 1716 1402 1734 τε
1423 1708 1491 1743 ἔχων
1513 1709 1669 1744 ἀποφυγὴν,
1691 1709 1759 1744 μηδὲ
1781 1710 1846 1737 ὅποι

1057 1753 1148 1785 κλίνας
1167 1753 1262 1780 ἐαυτὸν
1276 1753 1354 1784 ἐκτὸς
1370 1753 1424 1780 τῶν
1437 1753 1528 1780 κακῶν
1542 1754 1656 1788 γένοιτο,
1672 1754 1779 1789 εὔχεται
1794 1764 1844 1790 με-

1055 1799 1158 1835 τέωρος
1179 1800 1340 1836 ἐπαρθῆναι,
1359 1800 1406 1826 καὶ
1428 1800 1528 1835 πτηνὸς
1550 1800 1694 1835 γενόμενος
1714 1801 1747 1827 δι’
1762 1801 1847 1837 ἀέρος

1056 1846 1192 1880 ἐκφυγεῖν.

1090 1947 1321 1981 Προσεδεχόμην
1337 1947 1391 1974 τὸν
1407 1947 1481 1974 Θεὸν
1492 1947 1623 1977 σώζοντὰ
1639 1956 1689 1983 με,
1702 1948 1762 1975 ἀπὸ
1781 1949 1845 1975 ὀλι-

1055 1991 1204 2026 γοψυχίας
1219 1991 1269 2017 καὶ
1282 1991 1339 2017 ἀπὸ
1356 1992 1533 2026 καταιγίδος.
1547 1992 1698 2026 Καταιγίδα
1714 1993 1847 2028 ὀνομάζει

1053 2036 1104 2071 τὴν
1119 2035 1162 2062 διὰ
1176 2036 1223 2062 τοῦ
1239 2037 1342 2068 πάθους
1357 2037 1430 2072 αὐτῷ
1448 2038 1589 2072 συμϐᾶσαν
1601 2037 1699 2073 λύπην.

1091 2081 1150 2108 Ὅτι
1163 2080 1245 2108 εἶδον
1256 2083 1383 2117 ἀνομίαν
1395 2083 1443 2110 καὶ
1460 2084 1632 2118 ἀντιλογίαν
1642 2085 1677 2111 ἐν
1689 2084 1727 2119 τῇ
1741 2087 1840 2113 πόλει.

1053 2127 1148 2154 Δίτίαν
1167 2128 1333 2164 παρατίθησι
1349 2128 1382 2155 δι’
1396 2129 1429 2164 ἣν
1446 2129 1492 2155 καὶ
1511 2129 1560 2164 τὴν
1577 2131 1731 2165 προσευχὴν
1747 2131 1842 2165 ἐποιή-

1056 2180 1133 2199 σατο.

1088 2220 1157 2252 Ὅτι,
1171 2220 1196 2246 εὶ
1209 2219 1315 2254 ἐχθρὸς
1328 2220 1463 2247 ὠνείδισέ
1473 2229 1522 2255 με,
1538 2220 1693 2255 ὑπήνεγκα
1709 2220 1758 2248 ἄν.
1768 2221 1840 2248 Ταΰ-

1051 2273 1085 2291 τα
1100 2266 1139 2296 εἰς
1152 2265 1297 2300 πρόσωπον
1310 2266 1357 2292 τοῦ
1371 2266 1500 2301 προδότου
1514 2267 1666 2302 ἀναφέροιτ*
1675 2266 1707 2293 ἂν
1714 2267 1838 2299 δικαίως,

1051 2310 1094 2336 Σὺ
1108 2310 1151 2342 δὲ,
1164 2310 1299 2345 ἄνθρωπε
1313 2313 1453 2346 lady/uls,
1466 2311 1583 2347 ἡγεμών
1591 2321 1651 2346 μου
1661 2312 1709 2338 καὶ
1723 2314 1840 2347 γνωστὲ

1048 2364 1118 2390 μου.
1127 2356 1200 2382 Ἀντὶ
1215 2356 1272 2387 τοῦ.
1283 2357 1461 2393 Κατεστάθης
1473 2357 1587 2392 ἡγεμὼν
1603 2358 1648 2383 ὑπ’
1657 2358 1735 2393 ἐμοῦ,
1748 2359 1839 2385 6106-

1049 2400 1098 2432 δας
1112 2400 1297 2435 δηλονότι.“ος
1312 2402 1360 2428 ἐπὶ
1375 2402 1408 2428 τὸ
1429 2402 1502 2428 αὐτὸ
1515 2402 1684 2436 ὲτλύκιινάς
1703 2412 1755 2437 μοι
1775 2403 1840 2431 ἐδέ-

1049 2446 1273 2482 σματα.”ομοιον
1283 2447 1349 2473 ὡσεὶ
1361 2447 1446 2482 λέγοι·
1455 2447 1512 2482 Τῆς
1526 2447 1610 2483 αὐτῆς
1621 2448 1760 2483 τραπέζης
1772 2451 1839 2476 πολ-

1049 2493 1127 2524 λάκις
1143 2492 1302 2528 ἠξιωμένος.
1321 2494 1368 2520 Ἐν
1381 2493 1421 2526 τῷ
1435 2494 1507 2527 οἴκῳ
1523 2494 1576 2520 τοῦ
1591 2494 1665 2521 Θεοῦ
1675 2495 1838 2529 ἐπορεύθη-

1045 2548 1103 2574 μεν
1118 2540 1153 2566 ἑν
1171 2539 1304 2574 ὁμονοίᾳ.
1317 2539 1401 2566 Τοῦτό
1426 2548 1493 2574 φησι
1511 2539 1555 2566 διὰ
1575 2540 1606 2566 τὸ
1629 2540 1836 2576 ωνεληλυὺέναι

1048 2586 1121 2621 αὐτῷ
1135 2586 1263 2617 πολλάκις
1281 2587 1320 2617 είς
1337 2586 1367 2612 τὸ
1382 2586 1463 2622 ἱερόν.

1089 2638 1210 2665 Έλθέτω
1221 2638 1259 2672 δὴ
1273 2638 1399 2672 θάνατος
1411 2639 1458 2665 ἐπ’
1470 2639 1590 2673 αὐτοὺς,
1604 2640 1652 2666 καὶ
1666 2639 1834 2674 ﬂammini-

1047 2691 1108 2711 σαν
1118 2685 1162 2717 εἰς
1177 2684 1250 2721 ᾄᾷου
1264 2683 1378 2717 ζῶντες.
1388 2685 1497 2721 Ἐπειδὴ
1514 2686 1563 2712 οὐχ
1576 2685 1706 2721 seum—av
1732 2694 1761 2711 σε
1785 2686 1834 2720 τὴν

1048 2728 1120 2771 Comi;
1143 2729 1355 2766 παραδέξασθαι,
1378 2729 1463 2765 ταύτῃ
1486 2739 1526 2756 τοι
1550 2729 1661 2761 θάνατος
1684 2730 1833 2762 διαδέξεται

1048 2774 1155 2806 αὐτούς.
1176 2774 1213 2801 Τὸ
1227 2775 1264 2809 δὲ,
1281 2775 1499 2809 Καταϐήτωσαν
1514 2777 1556 2809 εὶς
1573 2776 1646 2810 ᾅδου
1659 2775 1776 2810 ζῶντες,
1791 2776 1832 2804 ὅτι
