1922 3057
64 133 115 163 253

624 131 805 160 EXPOSITIO
824 131 858 160 IN
877 132 1045 163 PSALMUM
1064 133 1122 163 LV.

1637 137 1692 165 256

65 196 106 230 δὴ,
123 195 304 229 γινώσκοντες
318 193 398 221 αὑτὸν
410 193 477 221 εἶναι
498 195 542 221 τὸν
564 195 740 231 κληρονόμον,
758 194 845 222 εἷπονε

913 205 992 231 psum
1007 198 1140 225 haeredem
1163 205 1235 231 esse,
1255 197 1392 229 dixerunt,
1419 194 1517 226 Venite,
1538 195 1689 223 ocridamus

67 241 162 273 Δεῦτε,
174 241 399 275 ἀποκτείνωμεν
413 242 507 268 αὐτόν
518 250 524 256 ·
543 241 590 277 τὴν
607 241 661 277 γὰρ
679 242 777 276 γνῶσιν
792 243 860 269 ἀντὶ·

67 289 114 323 τῆς
127 288 200 322 ζωῆς
218 287 361 314 ὲτεθείκει.

108 332 177 367 Ἐγὼ
187 331 266 367 πρὸς
280 332 331 358 τὸν
342 331 415 359 Θεὸν
426 331 581 366 ἐκέκραξα,
590 333 639 360 καὶ
651 334 667 359 ὁ
677 333 783 367 Κύριος
792 334 852 359 εισ-

67 379 178 412 ήκουσέ
188 387 262 412 μου.
271 378 339 412 Ἐγὼ
363 378 430 413 πρὸς
452 377 497 404 τὸν
515 378 581 405 Θεὸν
600 379 745 414 ἐκέκραξα.
758 379 813 405 Καὶ
826 379 852 404 τί

73 425 237 460 ὲκέκραξενς
269 423 285 458 ἢ
311 423 479 458 λυτρωοῆναι
505 425 554 460 τὴν
581 424 669 460 ψυχὴν
691 425 772 451 αὐτοῦ
799 425 853 451 ἀπὸ

69 470 120 496 τῶν
134 469 288 504 ζητούντων
304 468 434 496 ἀπολέσαι
454 469 548 504 αὐτήν.
564 469 609 495 Διὸ
622 469 655 503 δὴ
669 469 716 496 καὶ
729 469 853 504 εἰσήκου-

71 524 138 542 «ται.

108 561 250 595 Ἑσπέρας
264 561 312 588 καὶ
328 561 400 595 πρωὶ
413 561 461 587 καὶ
470 562 654 596 μεσημϐρίας
664 561 850 598 διηγήσομαι.

77 607 145 633 Ἀντὶ
156 606 214 638 τοῦ,
231 606 269 633 Οὐ
286 607 425 641 παύσομαι
438 606 623 642 διηγούμενος,
633 608 674 634 ὅτι
685 607 716 643 δὴ
730 607 853 635 εἰσακού-

73 661 118 684 σας
131 652 300 687 λελύτρωσαι
314 652 362 687 τὴν
376 652 465 687 ψυχήν
483 661 544 688 μου.

105 698 161 724 Ὀτι
183 698 218 725 ἐν
241 698 371 731 πολλοῖς
392 696 472 733 ἦσαν
492 698 552 725 σὺν
572 699 710 733 ἐμοί.⁶¹οςι
724 700 748 725 ot
762 699 853 726 πολλοὶ

75 744 189 770 συνίεσαν
203 743 281 779 (22⁸)¹
299 745 356 770 κατ’
372 744 438 779 ὲμοῦ
455 743 610 779 βουλόμενοι
626 745 675 780 τὴν
688 745 776 780 ψυχήν
798 753 848 780 μου

75 789 192 825 ἐξαίρειν.

106 837 142 862 οὐ
155 835 208 870 γάρ
221 836 310 862 ἐστιν
331 835 432 868 αὐτοῖς
453 835 659 870 ἀντάλλαγμα.
678 834 852 870 Ταπεινωοή-

901 252 960 270 eum
978 244 1000 259 ⁷¹
1016 252 1024 276 ;
1044 251 1107 271 nam
1122 243 1306 278 cognitionem
1322 249 1371 277 pro
1386 241 1439 267 vita
1455 241 1555 275 posuit.

936 333 980 359 Π.
1001 332 1058 368 Ego
1083 337 1171 360 autem
1193 333 1228 359 ad
1247 332 1331 359 Deum
1355 331 1486 362 clamavi,
1507 334 1530 356 et
1558 329 1688 357 Dominus

901 377 1036 405 exaudivit
1050 387 1099 405 me.
1118 378 1175 413 Ego
1196 378 1229 405 ad
1254 377 1399 404 Dominum
1421 376 1546 404 clamavi.
1584 375 1687 410 Ecquid

903 425 1057 452 clamavit?
1087 425 1140 452 nisi
1168 429 1198 452 ut
1224 425 1374 459 eriperetur
1401 424 1491 450 anima
1503 424 1562 458 ejus
1596 425 1630 451 ab
1654 424 1687 451 iis

902 469 949 504 qui
969 477 1029 496 eam
1054 471 1165 505 perdere
1183 471 1350 505 quaerebant.
1375 469 1559 503 Quamobrem
1574 470 1687 498 exaudi-

901 522 946 544 tus
959 520 1008 543 CSI.

939 560 983 588 18.
1012 560 1120 595 Vespere
1140 565 1165 587 et
1185 568 1261 586 mane
1281 564 1306 586 et
1323 561 1431 587 meridie
1451 562 1577 589 narrabo.
1602 562 1686 595 Quasi

903 606 993 634 dicat:
1010 605 1069 632 Non
1093 606 1172 632 linem
1198 605 1294 632 faciam
1320 606 1481 640 enarrandi,
1508 608 1580 642 quod
1600 615 1686 634 exau-

902 653 979 680 diens
993 659 1036 679 me
1049 651 1196 678 redemeris
1209 652 1328 677 animam
1344 659 1441 678 meam.

939 699 981 726 19.
1004 698 1135 730 Quoniam
1158 698 1226 724 inter
1254 697 1350 724 multos
1373 702 1449 724 erant
1473 705 1584 723 mecum.
1612 696 1687 729 Quo-

902 745 975 772 niam
999 744 1076 771 multi
1097 747 1283 771 convenerunt
1299 749 1393 771 contra
1416 751 1470 777 me,
1488 744 1612 770 volentes
1624 742 1686 769 ani-

903 798 974 817 mam
994 790 1101 817 auferre
1116 790 1192 816 mihi.

938 836 983 863 20.
1006 835 1067 862 Non
1087 837 1155 863 enim
1170 839 1208 862 est
1225 835 1279 862 illis
1299 834 1479 861 commutatio.
1493 833 1685 860 Humiliabun-

74 890 162 912 οονται,
178 881 272 917 φησὶν,
292 881 384 916 ἐπειδὴ
400 881 459 907 οὐδὲ
478 881 569 916 ἔχουσι
590 881 639 916 τῆς
661 881 748 916 ψυχῆς
760 880 845 907 αὐτῶν

908 887 956 915 Lur,
971 883 1069 917 inquit,
1093 881 1202 916 quando
1231 889 1285 908 non
1311 881 1413 908 habent
1439 880 1682 907 commutationem

73 926 344 962 ἀντάλλαγμα.¹¹Απαξ
360 927 413 963 γὰρ
426 927 609 962 ἀρνησάμενοι
628 927 659 953 τὸ
679 927 767 961 τίμιον
780 923 845 961 αἷμα

908 929 999 956 mima:
1028 935 1094 955 sum.
1118 926 1185 953 Nam
1213 934 1275 954 cum
1300 927 1383 954 semel
1408 926 1558 961 pretiosum
1582 924 1685 951 Christi

71 973 188 1008 Χριστοῦ,
203 974 234 1000 τὸ
257 974 422 1009 εἰλημμένον
446 973 623 1008 ἀντάλλαγμα
647 973 717 1009 ὑπὲρ
735 972 786 1008 τῆς
801 972 845 998 τοῦ

908 974 1059 1008 sanguinem
1071 974 1241 1009 abnegarint,
1256 973 1301 1007 qui
1313 977 1442 1007 acceptus
1458 971 1509 998 fuit
1519 971 1546 997 in
1560 978 1684 998 commu-

71 1019 162 1054 κόσμου
178 1019 262 1055 ζωῆς,
279 1020 371 1046 οὐκέτι
386 1019 531 1055 εὐποροῦσι
547 1019 654 1054 λύτρον.

106 1109 242 1140 Ἐξέτεινε
263 1108 323 1143 τὴν
346 1109 428 1144 zeipa
449 1110 541 1137 αὑτοῦ
560 1110 595 1136 ἐν
612 1108 651 1142 τῷ
662 1109 845 1136 ἀποδιδόναι.

69 1153 145 1185 Αὐτὸς
166 1154 215 1188 μὲν
241 1154 360 1187 ἐξέτεινε
377 1155 425 1190 τὴν
441 1155 608 1191 παρεκτικὴν
624 1157 702 1190 χεῖρα
715 1155 769 1181 τῶν
782 1156 847 1189 ἀγα-

71 1199 117 1226 θῶν
131 1201 168 1232 εἰς
179 1201 209 1227 τὺ
227 1201 390 1236 μεταλαϐεῖν
408 1201 505 1233 αὐτοὺς
517 1202 566 1236 τῆς
583 1201 721 1235 εὐλογίας·
736 1202 760 1227 οἱ
774 1201 802 1227 δὲ
816 1201 845 1227 οὐ

71 1245 140 1279 μόνον
150 1246 198 1272 οὐχ
210 1245 338 1278 ἐδέξαντο
349 1254 356 1260 ·
371 1245 438 1272 ἀλλὰ
452 1247 499 1273 καὶ
515 1246 571 1280 τὴν
583 1245 728 1280 διαθήκην
743 1246 845 1279 Medii—

70 1290 172 1321 Jwaar,
188 1290 311 1324 δηλονότι
326 1289 375 1325 τὴν
392 1290 581 1326 εὐαγγελιχήν.

99 1335 329 1370 Διεμερισθησαν
349 1335 408 1362 ἀπὸ
431 1336 522 1370 ὀργῆς
543 1336 595 1363 τοῦ
619 1337 779 1370 προσώπου
792 1338 845 1364 αὺ-

72 1381 124 1408 τοῦ.
134 1381 238 1418 Ἐπειδὴ
253 1381 403 1418 κακοῦργοι
419 1383 481 1418 περὶ
495 1383 539 1409 τὸν
550 1383 696 1418 εὐεργέτην
706 1383 843 1418 γεγόνασι,

71 1427 146 1463 ταύτῃ
158 1437 198 1454 τοι
214 1429 260 1455 καὶ
277 1429 318 1460 εἰς
330 1428 417 1455 πάντα
435 1429 533 1464 ἄνεμον
550 1429 647 1460 αὐτοὺς
661 1429 842 1464 διεσκόρπισε.

72 1473 118 1499 Καὶ
140 1473 266 1508 ἤγγισαν
285 1476 315 1500 αὶ
337 1474 453 1508 καρδίαι
473 1474 582 1501 αὐτῶν.
606 1474 691 1502 Πάλιν
710 1475 774 1510 περὶ
797 1474 843 1501 τοῦ

78 1518 150 1544 Ἰούδα
166 1519 210 1545 τὸν
224 1519 303 1553 λόγον
314 1519 482 1546 ἀποτείνεται
492 1529 498 1535 ·
518 1520 557 1555 Τῇ
567 1519 674 1555 καρδίᾳ,
690 1521 766 1555 φησὶ,
780 1529 845 1547 κατ-

73 1563 169 1595 εδέξατο
182 1565 211 1591 τὸ
235 1564 380 1600 προδοῦναι
396 1565 522 1600 Χριστόν.
540 1565 594 1591 Καὶ
608 1565 639 1600 δὴ
655 1564 750 1599 λόγους
767 1574 848 1601 προσ-
860 1563 873 1579 τ

74 1609 156 1644 ἔφερεν
169 1611 288 1642 ἁπαλούς
302 1619 331 1637 τε
348 1611 395 1637 καὶ
405 1610 503 1641 λείους,
517 1610 573 1637 ἀλλ’
585 1608 655 1645 ἦσαν
666 1610 765 1642 κακίας
779 1610 849 1646 πλή-

75 1663 131 1689 ρεις.
142 1656 214 1688 Τίνες
228 1657 256 1683 δὲ
275 1657 301 1683 οἱ
314 1656 388 1690 λόγοι
402 1656 418 1692 ἢ
433 1657 474 1688 τὸ,
489 1656 586 1690 Χαῖρε,
603 1656 712 1688 Ῥαϐϐι,
722 1656 768 1682 ἐπὶ
782 1665 848 1692 προ-

74 1699 139 1736 θυσίᾳ
152 1703 295 1738 λεγόμενον
306 1711 313 1736 ;

108 1747 271 1783 Ἑπίρῤιψον
290 1749 339 1776 ἐπὶ
351 1749 460 1782 Κύριον
481 1747 537 1782 τὴν
554 1747 700 1783 μέριμνάν
717 1755 785 1780 σου,
795 1749 846 1776 καὶ

75 1794 152 1827 αὐτός
174 1803 209 1821 σε
231 1794 508 1829 διαθρέψει.”ομοιον
521 1794 551 1820 τό
561 1803 567 1808 ·
585 1794 632 1828 Μὴ
644 1795 846 1829 μεριμνήσητε

76 1839 99 1865 tl
109 1840 223 1875 φάγητε,
237 1840 257 1875 ἢ
272 1841 302 1867 τι
314 1841 410 1873 πίητε,
427 1840 446 1874 ἢ
461 1840 490 1866 τι
509 1840 687 1873 ἐνδύσησθε.
704 1842 744 1867 Οὐ
756 1841 846 1868 δώσει

75 1883 112 1914 εις
121 1884 169 1909 τὸν
178 1884 267 1911 αἰῶνα
284 1883 382 1910 σάλον
400 1883 440 1916 τῷ
457 1883 566 1916 δικαίῳ.
577 1885 648 1910 Ἀντὶ
660 1884 718 1911 τοῦ*
728 1885 846 1912 Ἐκσπά-

78 1929 176 1960 sategit;
188 1929 308 1960 δικαίους
320 1930 348 1955 ὲν
364 1929 444 1957 παντὶ
458 1929 546 1964 καιρῴ
561 1929 615 1956 ἀπὸ
633 1931 723 1966 πάσης
746 1932 844 1958 ἐπανα-

77 1972 181 2005 στάσεως
193 1974 307 2009 ἐχθρῶν.

105 2018 140 2045 Σὺ
153 2019 193 2052 δὲ,
208 2021 223 2046 ό
235 2019 317 2052 Θεὸς,
331 2018 468 2052 κατάξεις
485 2020 595 2054 αὐτοὺς
609 2023 653 2054 εις
673 2021 766 2056 φρέαρ
786 2022 844 2049 δια-

77 2063 180 2097 φθορᾶς.
206 2065 274 2096 Τοὺς
299 2066 501 2098 ὲπαναστάντας
523 2066 642 2102 δηλονότι
664 2068 711 2094 καὶ
735 2068 844 2104 σταυρῷ

78 2110 236 2144 παραδόντας.
256 2111 347 2146 Φρέαρ
362 2111 417 2147 γὰρ
433 2111 580 2147 διαφθορᾶς
601 2113 646 2140 τὸν
668 2113 733 2149 ᾅδην
751 2114 857 2149 φησίν..

80 2154 181 2188 Ἄνδρες
202 2157 332 2191 αἱμάτων
346 2157 395 2183 καὶ
412 2157 585 2191 δολιότητος
605 2160 641 2185 οὺ
661 2159 704 2193 μὴ
721 2161 843 2195 -ἠμισεύ-

902 1020 1028 1047 tationem
1045 1027 1093 1054 pro
1102 1019 1156 1046 vita
1167 1019 1272 1051 mundi,
1286 1026 1339 1046 non
1355 1019 1426 1045 ultra
1437 1017 1554 1052 suppetit
1566 1016 1685 1051 pretium

901 1065 1106 1100 redemptionis.

935 1112 980 1139 2i.
1004 1111 1128 1138 Extendit
1154 1118 1261 1136 manum
1278 1116 1354 1136 suam
1374 1109 1401 1135 in
1423 1108 1599 1135 retribuendo.
1621 1106 1684 1142 Ipsa

900 1159 1008 1194 quidem
1033 1157 1152 1184 extendit
1173 1163 1284 1182 manum
1306 1163 1384 1182 suam
1409 1155 1544 1181 bonorum
1567 1152 1685 1186 largitri-

900 1212 957 1232 cem
982 1207 1012 1230 ut
1035 1203 1084 1237 ipsi
1112 1202 1281 1236 perciperent
1304 1200 1519 1228 benedictionem
1536 1209 1543 1233 ;
1559 1200 1596 1226 illi
1619 1206 1684 1227 vero

899 1258 953 1277 non
972 1249 1053 1276 modo
1070 1257 1123 1276 non
1140 1253 1309 1282 receperunt,
1330 1247 1375 1273 sed
1393 1246 1473 1273 etiam
1490 1247 1684 1273 contaminare-

899 1299 960 1322 runt
973 1299 1168 1325 testamentum,
1185 1292 1290 1320 scilicet
1303 1291 1501 1326 evangelicum.

934 1342 978 1369 22.
999 1341 1084 1368 Divisi
1103 1346 1164 1367 sunt
1183 1339 1215 1366 ab
1236 1340 1278 1365 ira
1292 1338 1378 1364 vultus
1391 1338 1458 1370 ejus.
1481 1336 1626 1369 Quoniam,
1642 1335 1684 1361 in-

897 1388 966 1423 quit,
992 1387 1019 1414 in
1041 1385 1241 1414 benefactorem
1258 1383 1372 1418 improbi
1388 1387 1415 1410 et
1436 1381 1546 1416 maligni
1563 1380 1682 1412 fuerunt,

898 1434 958 1461 ideo
969 1432 1111 1467 dissipavit
1130 1431 1191 1458 illos
1213 1430 1240 1456 in
1263 1436 1370 1456 omnem
1389 1432 1510 1455 ventum.
1533 1426 1567 1453 Et
1588 1433 1684 1460 appro.

897 1481 1088 1515 pinquauerunt
1107 1477 1187 1504 corda
1206 1476 1323 1503 illorum.
1344 1475 1461 1502 Rursum
1480 1473 1514 1500 de
1535 1471 1604 1499 Juda
1626 1479 1683 1499 ser-

898 1534 1006 1554 monem
1025 1525 1142 1553 instituit
1157 1533 1164 1551 :
1178 1523 1276 1554 Corde.
1301 1522 1389 1556 inquit
1401 1541 1407 1552 ,
1431 1519 1561 1555 prodendi
1580 1518 1683 1545 Christi

898 1572 1044 1601 consilium
1057 1570 1176 1598 admisit.
1193 1569 1226 1597 Et
1245 1569 1353 1604 quidem
1376 1567 1445 1594 lenia
1458 1570 1485 1593 et
1500 1565 1597 1592 blanda
1617 1572 1682 1599 pro-

897 1617 1011 1649 ferebat,
1024 1617 1070 1644 sed
1083 1624 1144 1650 qua:
1161 1620 1253 1642 essent
1267 1614 1370 1641 malitia
1388 1612 1475 1647 plena.
1493 1611 1558 1644 Quae
1573 1611 1654 1637 verba
1673 1610 1682 1637 ἰ

897 1662 950 1690 nisi
974 1661 1040 1689 illud
1061 1661 1147 1694 :Ave,
1162 1659 1246 1687 Rabbi
1263 1660 1297 1691 7',
1315 1657 1386 1694 quod
1406 1657 1434 1683 in
1457 1654 1596 1691 prodendo
1618 1662 1682 1689 pro-

897 1708 968 1735 tulit.

931 1754 977 1781 25.
999 1753 1079 1780 Iactu
1095 1760 1172 1786 super
1188 1751 1329 1778 Dominum
1346 1758 1437 1777 curam
1451 1753 1534 1780 tuam,
1547 1752 1570 1774 et
1584 1748 1639 1780 ipse
1657 1750 1681 1772 te

895 1799 1017 1826 ewtriet.
1037 1797 1131 1825 Simile
1155 1797 1221 1824 illud
1245 1806 1251 1823 :
1277 1796 1369 1823 Nolite
1392 1795 1500 1822 solliciti
1524 1801 1590 1825 esse,
1616 1793 1680 1827 quid

896 1843 1098 1876 manducabilis,
1109 1847 1154 1869 aut
1163 1842 1225 1877 quid
1242 1842 1344 1873 bibatis,
1354 1846 1400 1867 aut
1413 1849 1463 1875 qua
1486 1838 1678 1874 oprriemini".

898 1887 960 1914 Non
992 1887 1066 1914 dabit
1094 1888 1121 1913 in
1149 1892 1274 1914 teternum
1291 1883 1680 1920 ﬂuctuationemjusto.Quasi

895 1934 968 1960 dicat
985 1943 993 1961 :
1010 1933 1090 1960 Omni
1109 1937 1229 1966 tempore
1243 1932 1334 1967 justos
1350 1931 1474 1959 extrahet
1488 1931 1521 1957 ah
1534 1930 1608 1957 omni
1626 1930 1676 1957 im-

894 1983 956 2014 petu
975 1978 1160 2005 inimicorum.

928 2024 974 2051 24.
1001 2023 1040 2050 Tu.
1053 2031 1120 2054 vero,
1140 2022 1220 2056 Deus,
1235 2022 1345 2048 deduces
1370 2029 1412 2047 eos
1431 2022 1459 2047 in
1471 2024 1577 2055 puteum
1597 2019 1678 2046 inter-

893 2071 957 2097 itus.
969 2069 1021 2097 Eos
1031 2069 1134 2096 scilicet
1149 2069 1195 2103 qui
1214 2069 1396 2102 insurgerent,
1415 2071 1444 2094 ut
1463 2065 1677 2101 crucitigendum

893 2116 1039 2143 traderent.
1058 2114 1173 2142 Puteum
1190 2114 1262 2141 enim
1285 2113 1410 2140 interitus
1433 2112 1570 2139 infernum
1588 2115 1677 2137 vocat.

899 2161 956 2188 Viri
970 2161 1127 2196 sanguinum
1139 2165 1163 2187 et
1178 2159 1264 2196 dolosi
1279 2168 1330 2186 non
1345 2158 1522 2184 dimidiabunt
1536 2157 1591 2183 dies
1603 2164 1676 2183 suos.

79 2206 142 2226 σωσι
158 2201 207 2234 τὰς
217 2202 328 2237 ἡμέρας
345 2202 573 2239 αὐτῶν,’¹Ανδρας
587 2192 708 2240 αἱμάτων
721 2192 784 2237 τοὺς
796 2207 842 2233 τὸν

908 2207 973 2235 liros
988 2207 1152 2242 sanguinum
1169 2192 1242 2233 dicit.
1255 2213 1303 2232 eos
1323 2205 1369 2239 qui
1388 2205 1450 2231 vit-.e
1466 2203 1616 2238 principem
1632 2202 1676 2228 in-

80 2246 181 2282 ἀρχηγὺν
200 2250 246 2284 τῆς
260 2248 337 2285 ζωῆς
355 2248 567 2281 ἀποκτείναντας
582 2258 672 2286 φησιν,
693 2251 717 2277 οἳ
730 2252 776 2278 καὶ
789 2252 840 2287 τῆς

908 2253 1066 2283 arfecerunl,
1086 2252 1133 2287 qui
1150 2252 1230 2279 etiam
1246 2256 1352 2286 tempus
1366 2251 1426 2278 vitae
1446 2258 1502 2278 suae
1516 2257 1570 2277 non
1590 2248 1678 2284 perfe-

80 2291 138 2328 ζωῆς
152 2295 179 2321 οὐ
195 2295 388 2331 πεπληρώκασι
403 2296 447 2322 τὸν
459 2296 564 2331 χρόνον,
581 2298 613 2332 τῇ
633 2298 774 2332 Ῥωμαίων
787 2307 839 2325 πα-

81 2338 214 2373 ραδοθέντες
231 2342 360 2377 μαχαίρᾳ.

81 2384 122 2417 Εις
133 2386 162 2412 τὸ
173 2387 346 2422 τέλος,ὐπὲρ
358 2387 411 2414 τοῦ
426 2386 502 2414 λαοῦ
513 2387 571 2414 ἀπὸ
581 2387 738 2422 τῶνάγίων
746 2397 837 2423 μεμα-

110 2433 270 2466 κρυμμένου,
282 2433 323 2466 τῷ
335 2433 424 2460 Δαυῖδ
437 2434 480 2466 εὶς
494 2435 737 2468 στηλογριιφίανῂ
747 2436 836 2462 ὁπότε

113 2474 266 2510 ἐκράτησαν
275 2478 367 2506 αὑτὸν
378 2479 404 2504 οἱ
415 2478 583 2512 ἀλλόφυλοι
596 2478 632 2505 ἐν
642 2479 710 2506 Γέθ.
725 2480 790 2507 NE’.

368 2523 528 2557 Ὑπόθεσις.

81 2564 146 2591 Aluit}
160 2574 258 2602 φευγων
272 2569 317 2596 τὸν
333 2569 419 2596 Σαοὺλ
440 2569 502 2604 ἔσχε
526 2570 590 2601 τοὺς
613 2570 836 2599 συνακολουθοῦν-

109 2619 150 2643 τας
168 2614 234 2650 αὐτῷ
255 2615 352 2651 ἄνδρας
373 2614 538 2647 ἑξακοσίους.
555 2613 621 2642 Εἶτα
634 2618 836 2652 παρερχόμενος

109 2658 142 2688 εἰς
152 2659 195 2685 Γὲο
208 2662 344 2697 τετίμηται
360 2661 434 2697 παρὰ
444 2661 497 2688 τῶν
510 2661 678 2696 ἀλλοφύλων·
696 2663 835 2700 ἀφώρισαν

109 2702 156 2738 γὰρ
169 2705 236 2741 αὐτῷ
251 2708 404 2743 οἰκητήριον
426 2708 475 2735 τὴν
497 2708 620 2735 Σικελάν.
629 2709 801 2745 Ἀναφέροιτο
813 2712 834 2738 δ’

892 2303 998 2331 cernat,
1011 2298 1196 2325 Romanorum
1210 2296 1300 2332 gladio
1312 2295 1413 2323 traditi.

879 2389 918 2415 -1.
938 2387 971 2415 In
986 2388 1076 2422 ﬁnem,
1100 2396 1147 2422 pro
1164 2387 1258 2422 populo
1277 2388 1322 2422 qui
1344 2395 1360 2413 a
1378 2385 1477 2413 sanctis
1491 2385 1566 2419 longe
1587 2383 1676 2418 factus

925 2440 976 2466 est,
989 2435 1040 2469 ipsi
1055 2433 1140 2462 David
1152 2434 1179 2460 in
1198 2433 1269 2460 tituli
1288 2433 1499 2467 inscriptionem,
1517 2438 1576 2458 cum
1588 2435 1676 2456 tenue-

926 2486 988 2509 runt
999 2489 1057 2508 eum
1072 2480 1197 2516 allopliyli
1210 2481 1236 2506 in
1252 2479 1327 2506 Gelli.
1343 2478 1363 2504 L
1373 2478 1399 2507 Γ.

1194 2526 1393 2561 Argumentum.

889 2573 973 2601 David
998 2573 1105 2600 Saulem
1123 2571 1240 2607 fugiens,
1255 2576 1398 2599 sexcentos
1421 2571 1495 2597 viros
1514 2567 1608 2596 habuit
1629 2574 1673 2594 se-

925 2624 1040 2654 quentes
1065 2627 1105 2646 se.
1129 2618 1231 2646 Deinde
1249 2619 1386 2645 transiens
1403 2617 1430 2644 in
1450 2616 1529 2648 Geth,
1547 2622 1609 2642 cum
1624 2613 1672 2639 ho-

921 2673 987 2692 nore
999 2665 1133 2700 excipitur
1144 2665 1178 2692 ab
1193 2653 1353 2699 alienigenis
1367 2673 1372 2691 :
1388 2671 1450 2691 nam
1460 2664 1511 2698 ipsi
1524 2661 1671 2696 separatim

925 2712 951 2739 in
962 2712 1129 2739 domicilium
1146 2711 1316 2739 tradiderunt
1325 2712 1474 2739 Sicelam“.
1490 2708 1595 2737 Referri
1605 2707 1671 2735 item

117 2770 126 2786 ¹
137 2770 220 2799 Matth.
237 2782 290 2806 ut,
302 2775 347 2802 58.
384 2775 406 2790 τ’
424 2774 519 2802 Matth.
535 2783 610 2807 xxvt,
627 2776 670 2804 49.
708 2778 731 2793 ⁷³
743 2778 836 2810 Matth.

914 2781 957 2810 51.
992 2781 1015 2797 ⁷³
1032 2780 1119 2816 lReg.
1137 2787 1221 2814 uvu,
1235 2779 1297 2808 2-6.

115 2825 172 2863 (22⁵)
189 2829 262 2860 Forte
279 2831 420 2867 συνῄεσαν,
435 2837 461 2861 et
476 2840 538 2860 mox
554 2834 678 2870 ἐξαιρεῖν.
694 2835 770 2865 Eutr.
