1922 3057
250 149 306 179 259

672 151 701 178 S.
719 148 905 177 ATHA‘NASII
925 148 999 177 OPP.
1021 147 1111 175 PARS
1130 147 1174 175 ΙΙΙ.
1196 162 1230 167 -α
1249 147 1458 175 EXEGETICA.

1814 147 1869 175 Ξδο

286 209 314 236 5.
332 207 458 235 Clamabo
471 208 505 235 ad
518 208 600 235 Deum
615 209 786 241 altissimum,
803 208 886 234 Deum
900 208 944 242 qui
958 208 1033 234 bene-

1118 206 1302 240 Κεκρὰξομαι
1319 206 1393 240 πρὸς
1415 206 1469 232 τὸν
1491 206 1565 231 Θεὸν
1588 205 1643 231 τὸν
1662 205 1806 238 ὕψιστον,
1819 206 1872 232 τὸν

251 255 313 288 fecit
332 254 406 281 mihi.
424 254 590 286 Conlitebor,
605 255 701 289 inquit.
717 260 741 281 et
760 255 861 289 gratias
878 254 926 281 tibi
951 254 1032 281 benc-

250 299 347 326 l‘actori
364 299 484 326 reddam.
505 299 578 326 Misit
598 300 630 326 de
653 299 716 326 caelo
735 305 758 326 et
775 299 896 326 liberavit
912 307 960 325 me.
978 298 1032 326 Do-

250 345 316 371 mini
327 345 470 371 adventum
483 349 574 378 aperte
585 344 721 379 praedicat.
736 343 813 370 Dedit
824 345 851 370 in
865 343 1032 378 opprobrium

250 389 432 416 conculcantes
447 397 496 416 me.
515 389 674 424 Spirituales
688 389 809 416 videlicet
824 393 850 415 et
861 388 1032 415 adversarias

250 439 409 468 potestates.
426 434 602 470 [Beneﬁcium
629 442 694 469 ergo
714 434 845 469 praebeas,
861 438 891 461 ut
905 434 971 461 ntihi
992 433 1032 460 la-

250 480 338 507 cultas
353 481 389 508 sit
402 481 508 508 dicendi
530 489 591 508 cum
609 480 745 512 facultate,
760 485 786 508 te
800 481 834 509 de
852 482 922 508 caelo
939 485 1031 508 nostra

251 526 405 560 respicere:
421 532 448 554 et
461 532 553 554 nostra
569 527 677 560 quidem
698 528 834 555 meliorem
853 528 880 555 in
898 527 1031 555 conditio-

251 579 311 597 nem
325 571 479 604 deduxisse,
500 580 542 600 res
554 577 643 600 autem
656 573 874 600 adversariorum
892 578 987 601 contra
1003 574 1030 600 in

249 617 423 651 opprobrium
439 618 578 646 detulisse.
590 619 644 645 Aut
655 619 687 645 de
706 619 792 646 salute
804 619 933 654 loquitur,
948 627 1029 654 quam

248 668 412 690 consecutus
425 669 465 690 est
477 664 505 690 in
518 664 662 699 spelunca:
674 665 783 698 quando
798 664 937 691 inimicum
950 672 1030 692 suum

249 709 276 735 in
290 713 449 743 potestatem
463 710 576 744 accepit,
585 710 628 736 cui
641 709 723 736 etiam
737 709 865 744 pepercit.
881 708 957 742 Quod
970 709 1030 744 qui—

247 756 309 780 dem
328 755 354 780 in
370 745 561 781 contumeliam
578 754 658 781 vertit
670 753 694 780 ei
708 754 752 788 qui
766 754 915 788 periculum
931 754 1028 784 evasit.

248 804 342 833 utpote
365 799 410 834 qui
436 800 567 827 servatori
591 806 641 826 suo
664 799 776 825 insidias
799 798 937 834 strneret.]
956 798 1030 825 Misit

248 843 318 871 Deus
335 845 542 871 misericordiam
555 853 629 871 suam
643 849 667 870 et
682 844 816 871 veritatem
829 852 914 870 suam.
929 844 1031 871 Miseri-

248 891 339 918 cordia
354 895 380 917 ct
398 890 496 917 veritas
512 890 600 918 Patris
615 890 700 918 Filius
717 894 767 917 est.

283 937 309 964 5.
326 936 360 963 Et
380 938 475 970 eripuit
496 937 612 963 animam
628 945 712 963 meum
725 937 756 962 de
777 935 860 962 medio
883 935 1031 961 catulorum

1087 252 1161 279 Θεὸν
1175 252 1228 278 τὸν
1240 251 1475 286 εὐεργετήσαντά
1486 259 1534 285 με.
1544 250 1789 286 Ἐξομολογήσομαι
1798 271 1806 283 ,
1822 260 1875 286 φη-

1088 298 1123 330 σὶ,
1138 299 1183 324 καὶ
1204 298 1378 333 εὐχαριστίας
1398 297 1524 331 ἀναθήσω
1547 305 1588 322 σοι
1602 296 1640 332 τῷ
1657 297 1788 333 εὐεργέτῃ
1807 305 1871 332 μου.

1093 342 1318 375 Ἑξαπέστειλεν
1330 342 1363 374 ἐξ
1385 342 1524 376 οὐρανοῦ,
1538 342 1587 368 καί
1602 342 1700 369 ἔσωσέ
1709 351 1757 376 με.
1773 343 1873 376 Σαφῶς

1085 388 1134 425 τὴν
1146 388 1257 415 κάθοδον
1268 388 1315 415 τοῦ
1330 388 1431 424 Κυρίου
1446 387 1721 423 κηρύσσει.Ἔδωκεν
1734 389 1779 421 είς
1793 388 1873 414 ὄνει-

1085 434 1138 468 δος
1160 434 1231 467 τοὺς
1253 434 1497 467 καταπατοῦντας
1507 443 1555 468 με.
1571 434 1626 466 Τὰς
1640 435 1737 470 νοητὰς
1749 435 1873 470 δηλονότι

1085 480 1132 507 καὶ
1149 480 1337 515 ἀντικειμένας
1350 479 1488 514 δυνάμεις.
1504 478 1722 515 [Παράσχου-οὖν
1732 480 1782 515 τὴν
1796 481 1873 516 εὐερ-

1085 526 1187 561 γεσίαν,
1211 527 1254 553 ἵνα
1273 526 1319 562 ἐξῇ
1345 535 1390 561 μοι
1413 526 1502 560 λέγειν
1517 526 1585 561 μετὰ
1602 527 1768 562 παρρησίας,
1781 527 1825 553 ὅτι
1842 527 1871 559 ἐξ

1084 573 1199 609 οὐρανοῦ
1216 574 1319 605 ὲπεῖδες
1338 574 1372 600 τὰ
1392 573 1453 600 καθ’
1470 574 1557 608 ἡμᾶς·
1575 581 1622 599 και
1635 573 1667 599 τὰ
1684 573 1732 607 μὲν
1746 572 1872 608 ἡμέτερα

1083 619 1239 655 διωρθώσω,
1251 619 1322 655 una:
1333 620 1386 645 τῶν
1393 619 1496 655 ἐχθρῶν
1506 619 1573 654 πρὸς
1587 618 1735 653 ὀνειδισμὸν
1752 618 1870 652 ἤγαγες.

1083 666 1164 701 Ἢ·δὴ
1177 666 1225 701 τὴν
1239 666 1374 701 σωτηρίαν
1388 666 1481 700 φησὶν,
1526 663 1613 700 ἐσώθη
1631 664 1659 689 ἐν
1672 663 1712 698 τῷ
1737 663 1874 698 σπηλαίῳ

1092 712 1135 738 ὅτε
1147 711 1245 747 μᾶλλον
1254 711 1410 743 ὑπεξούσιον
1426 710 1506 737 ἔλαϐε
1521 711 1566 736 τὸν
1585 709 1690 746 ἐχθρὸν,
1708 710 1732 735 εί
1747 709 1775 735 δὲ
1790 708 1873 744 (25‘),

1083 758 1255 792 ὲφείσατο,“0
1269 757 1300 793 δὴ
1315 758 1360 784 καὶ
1374 757 1473 788 δνειδος
1487 754 1520 792 ἦν
1534 756 1572 791 τῷ
1586 755 1808 790 σεσωσμένῳ,ὡς
1822 755 1875 790 μά-

1082 811 1132 838 την
1158 803 1356 830 ἐπιϐουλεύοντι
1385 802 1423 837 τῷ
1449 801 1578 837 Σωτῆρι.]
1600 800 1830 833 Ἐξαπέστειλεν
1858 802 1876 827 ό

1084 849 1156 882 Θεὸς
1178 849 1210 876 τὸ
1231 849 1316 882 ἕλεος
1337 849 1430 876 αὑτοῦ
1453 848 1502 874 καὶ
1526 847 1583 882 τὴν
1603 847 1747 881 ἀλήθειαν
1764 847 1872 873 αὑτοῦ.

1047 886 1069 913 Β
1084 893 1176 925 Ἔλεος
1189 893 1236 920 καὶ
1248 894 1360 928 ἀλήθεια
1373 893 1419 920 τοῦ
1435 892 1541 927 [ἰατρὸς
1553 893 1567 918 ὁ
1582 892 1655 924 Υἱός.

1115 939 1169 966 Καὶ
1193 939 1338 973 apponam
1360 938 1417 972 τὴν
1435 938 1541 973 ψυχήν
1561 947 1620 972 μου
1639 937 1674 964 ἐκ
1686 937 1783 972 μέσου
1797 939 1876 964 σ’κύ-

225 982 232 989 '
248 983 361 1009 leonum.
372 981 487 1018 [Medius
499 983 601 1010 scilicet
609 983 716 1010 relictus
728 981 796 1008 inter
808 981 913 1008 catulos
923 981 1030 1008 leonum

1087 993 1171 1012 ανων.
1185 984 1287 1020 [Μέσος
1298 985 1330 1020 δὴ
1347 984 1523 1018 ἀπολειφθεὶς
1540 984 1668 1019 σκύμνων
1688 983 1741 1009 τῶν
1755 984 1807 1018 τῆς
1821 983 1875 1010 ΐὶθ

249 1027 432 1060 Getlneorum,
455 1035 551 1063 nempe
576 1028 800 1063 alienigenarum.
818 1026 872 1053 Aut
899 1031 1031 1061 quantum

249 1081 298 1108 per
312 1081 354 1101 me
369 1074 450 1107 stetit,
463 1082 495 1100 ex
511 1074 628 1100 humana
644 1074 782 1108 impietate
798 1072 913 1099 dormivi
925 1077 1034 1099 contur-

247 1120 336 1147 batus.
354 1119 453 1146 Verum
469 1112 634 1152 Altissimus,
651 1119 736 1146 misso
749 1117 839 1146 Verbo
856 1125 916 1149 suo,
932 1118 1031 1144 libera—

246 1166 285 1193 vit
301 1166 420 1193 animam
434 1174 532 1198 meam,
551 1166 588 1192 ita
603 1170 633 1192 ut
647 1173 680 1192 ex
693 1165 846 1192 catulorum
862 1165 970 1191 leonum
988 1168 1031 1190 tu-

247 1212 333 1238 multu
354 1212 420 1239 nihil
437 1212 499 1238 laesa
517 1211 560 1238 sit.
577 1211 705 1244 Quaenam
732 1211 773 1237 hae
793 1209 873 1237 ferae?
894 1209 963 1236 forte
984 1209 1032 1236 lilii

247 1258 386 1284 hominum
406 1257 524 1284 fuerint:
542 1265 657 1292 quorum
682 1257 777 1284 dentes
792 1261 818 1283 ct
831 1256 946 1283 consilia
969 1260 1032 1283 sunt

247 1311 341 1335 arma;
355 1311 387 1329 ac
401 1302 422 1330 si
435 1303 546 1334 diceret,
556 1302 582 1328 ln
600 1301 727 1329 omnibus
742 1302 866 1328 damnosi
881 1305 954 1328 sunt.
970 1300 1031 1328 Sic-

247 1351 278 1373 ut
294 1347 366 1373 enim
380 1347 484 1381 gladius
496 1351 592 1373 acutus
609 1345 689 1372 facile
706 1346 831 1380 perimit.
846 1346 886 1373 sic
900 1349 927 1373 et
941 1346 1032 1381 lingua

246 1396 384 1419 attenuata
400 1396 426 1419 et
439 1396 516 1419 acuta
531 1391 773 1419 obtrectationibus
788 1391 938 1427 interﬁcit.]
952 1393 1032 1419 Catu-

247 1437 335 1464 lorum
349 1437 461 1463 -leonum
485 1437 667 1471 spiritualium
685 1436 821 1464 videlicet.
834 1435 955 1462 Dormivi
971 1444 1032 1462 con-

248 1481 377 1508 turbatus.
392 1482 537 1515 Quoniam,
548 1482 644 1516 inquit,
655 1488 762 1517 ereptus
776 1489 837 1508 sum
853 1489 868 1508 a
883 1481 1032 1516 spirituali-

247 1528 297 1554 bus
307 1528 531 1560 catulisleonum,
550 1528 610 1554 ideo
624 1527 723 1562 inquit,
732 1527 912 1561 requiescam,
925 1526 1032 1554 etiamsi

247 1573 313 1600 olim
328 1573 362 1600 ab
378 1573 414 1600 iis
425 1573 605 1600 conturbatus
621 1581 693 1600 sum.
707 1573 770 1599 Filii
785 1573 930 1605 hominum,
943 1573 1031 1599 dentes

246 1628 336 1647 eorum
353 1629 427 1647 arma
443 1625 467 1647 et
483 1622 597 1655 sagittw.
615 1621 651 1646 Ea
667 1619 824 1654 significans
838 1627 898 1653 quae
911 1624 1032 1654 tempore

247 1666 381 1700 passionis
398 1665 512 1693 Domino
526 1667 709 1700 contigerunt,
721 1673 782 1694 cum
799 1665 831 1692 ad
847 1665 961 1692 Pilatum
975 1665 1032 1692 cla-

247 1711 452 1740 mabantludaei
467 1713 597 1739 adversus
609 1712 747 1739 Christum
762 1721 769 1738 :
786 1711 868 1742 Tolle,
884 1711 955 1742 tolle,
971 1720 1033 1738 cru-

247 1758 322 1793 ciﬁge
337 1766 395 1784 eum
407 1758 447 1790 7’;
465 1763 509 1784 et:
527 1757 556 1784 Si
579 1766 630 1784 non
648 1762 714 1784 esset
736 1757 778 1782 llic
795 1757 962 1790 male/actor,
981 1764 1031 1783 non

248 1802 295 1830 tibi
316 1803 514 1830 tradidissemus
529 1811 587 1829 eum
599 1802 632 1828 3°.

288 1890 314 1918 6.
341 1889 468 1916 Exultare
490 1897 566 1924 super
584 1888 672 1920 culos,
686 1888 767 1921 Deus,
786 1892 811 1915 el
835 1895 912 1922 super
925 1886 1032 1920 {terram

247 1936 333 1972 gloria
354 1941 410 1962 tua.
427 1935 550 1966 Etiamsi,
568 1935 665 1969 inquit,
681 1933 816 1962 demisisti
833 1935 949 1968 teipsum
969 1939 1032 1966 pro-

248 1988 309 2017 pter
319 1988 438 2009 nostram
449 1982 562 2009 salutem
573 1983 606 2008 ad
624 1981 805 2008 voluntariam
820 1979 1032 2006 exinanitionem

249 2033 276 2056 et
292 2028 378 2056 factus
395 2036 424 2056 es
438 2028 566 2055 obcdiens
581 2035 667 2062 usque
682 2027 714 2054 ad
731 2031 845 2054 mortem
855 2026 877 2041 “
890 2035 896 2052 ι
914 2025 960 2052 sed
973 2033 1033 2051 rur-

248 2082 309 2102 sum
321 2074 460 2101 ascendite
473 2074 506 2100 ad
517 2074 612 2103 caelos,
627 2073 690 2107 quia
705 2080 766 2099 cutn
780 2071 933 2099 ascenderis
949 2074 1032 2097 totam

249 2126 347 2148 terram
361 2121 446 2155 gloria
463 2125 507 2147 tua
522 2121 648 2154 replebis.

283 2168 308 2193 7.
323 2167 456 2202 Laqueum
472 2169 628 2200 paraverunt
642 2163 749 2198 pedibus
762 2163 836 2190 meis.
847 2162 913 2194 Eos,
929 2162 976 2194 ait,
986 2160 1033 2196 qui

1081 1031 1283 1065 ἀλλοφύλωνῖιὶ
1310 1031 1339 1057 τὸ
1364 1031 1426 1057 ὅσον
1453 1030 1569 1065 ὲπ¹ὲμὲ,
1586 1030 1633 1056 καὶ
1660 1031 1693 1064 τῇ
1712 1029 1876 1064 ἀνθρωπίνη

1081 1078 1192 1112 ἀσεϐείᾳ
1215 1077 1365 1112 ὲκοιμήθην
1389 1076 1600 1112 τεταραγμένος.
1611 1075 1679 1102 Ἀλλ’
1695 1077 1710 1102 ὁ
1726 1075 1875 1109 Ὕψιστος,

1080 1123 1126 1148 τὸν
1146 1122 1230 1156 Λόγον
1256 1121 1337 1148 αὑτοῦ
1359 1121 1530 1153 ἀποστείλας,
1552 1120 1686 1156 ἐρρύσατο
1709 1120 1759 1154 τὴν
1780 1119 1876 1154 ψυχήν

1083 1176 1143 1202 μου,
1167 1167 1204 1199 ὡς
1224 1167 1306 1203 μηδὲν
1322 1167 1406 1203 αὐτὴν
1423 1168 1455 1193 ὲκ
1475 1167 1525 1202 τῆς
1537 1167 1658 1202 ταραχῆς
1672 1165 1726 1192 τῶν
1741 1165 1875 1200 σκύμνων

1083 1213 1221 1248 βλαϐῆναι.
1235 1213 1301 1240 Τίνα
1315 1212 1343 1238 δὲ
1358 1212 1394 1238 τὰ
1413 1212 1496 1247 θηρία
1509 1212 1611 1243 rati-ta;
1631 1212 1684 1237 υίοὶ
1697 1210 1751 1237 τῶν
1766 1210 1876 1245 ἀνθρώ-

1083 1267 1140 1285 πων
1155 1258 1223 1284 είσὶν
1243 1258 1291 1285 ἀν’
1317 1258 1341 1284 οἱ
1363 1258 1467 1289 ὀδόντες
1480 1257 1548 1283 ὅπλα
1565 1258 1612 1283 καὶ
1634 1257 1663 1282 al.
1684 1256 1793 1291 βουλαί·
1812 1256 1876 1282 ἀντὶ

1082 1304 1141 1335 τοῦ,
1158 1303 1300 1339 βλαπτικοί
1312 1305 1364 1330 εἰσι
1380 1303 1424 1329 διὰ
1446 1303 1673 1337 πάντων.”Ωσπερ
1695 1303 1712 1337 ἡ
1738 1302 1874 1337 μάχαιρα,

1081 1351 1234 1385 ἠκονημένη
1250 1347 1327 1382 οὖσα,
1344 1349 1442 1384 ῥᾳδίως
1453 1349 1567 1383 ἀναιρεῖ,
1575 1347 1646 1374 οὕτω
1659 1348 1705 1373 καὶ
1719 1348 1736 1381 ἡ
1749 1347 1874 1380 γλῶσσα,

1080 1395 1234 1431 τετηγμένη
1246 1393 1323 1425 οὖσα,
1332 1396 1392 1426 ταῖς
1407 1394 1581 1425 καταλαλιαίς
1595 1393 1724 1428 ἁναιρεί.]
1740 1392 1876 1428 Σκύμνων

1081 1440 1135 1466 τῶν
1162 1439 1262 1474 νοητῶν
1292 1439 1423 1474 δηλονότι.
1439 1438 1616 1473 Ἐκσιμήθην
1644 1436 1874 1471 τεταραγμένος.

1088 1485 1197 1520 Ἐπειδὴ
1218 1485 1363 1521 sagacem,
1379 1485 1471 1520 φησὶν,
1487 1485 1518 1511 ὲκ
1539 1485 1593 1511 τῶν
1614 1484 1716 1519 νοητῶν
1734 1484 1874 1519 σκύμνων,

1083 1532 1178 1558 τούτου
1195 1532 1274 1568 χάριν
1287 1532 1332 1558 καὶ
1349 1531 1551 1566 ἀναπαύσομαι,
1564 1531 1652 1557 καίτοι
1666 1531 1750 1557 πάλαι
1765 1530 1813 1556 ὑπ’
1826 1531 1876 1556 αὐ-

1081 1576 1135 1602 τῶν
1153 1577 1362 1612 ταραττόμενος.
1382 1576 1441 1602 Υἱοὶ
1457 1575 1630 1609 ἀνθρώπων,
1643 1577 1670 1602 ol
1682 1575 1803 1607 (δόντες
1819 1575 1876 1600 αὺ-

1081 1621 1140 1648 τῶν
1152 1622 1232 1649 ὅπλα
1248 1622 1296 1648 καὶ
1311 1621 1401 1655 βέλη.
1429 1621 1521 1648 Ταῦτά
1535 1630 1600 1656 φησι
1615 1621 1828 1656 κατασημαίνων
1840 1620 1877 1646 τὰ

1081 1667 1119 1703 τῷ
1137 1668 1241 1703 Σωτῆρι
1257 1667 1397 1702 συμϐάντα
1412 1667 1483 1693 κατὰ
1507 1667 1552 1693 τὸν
1573 1667 1619 1693 τοῦ
1646 1666 1749 1698 πάθους
1764 1666 1874 1702 καιρὸν,

1081 1713 1163 1748 ἡνίκα
1187 1713 1255 1748 πρὸς
1277 1712 1390 1738 Πιλᾶτον
1408 1712 1522 1748 ἔκραζον
1536 1713 1561 1738 οἱ
1581 1712 1700 1738 Ἰουδαῖοι
1716 1712 1786 1738 κατὰ
1805 1712 1876 1747 Χρι-

1083 1758 1146 1784 στοῦ
1169 1755 1309 1791 τὸῘΑρον,
1334 1753 1418 1790 ἆρον,
1432 1758 1610 1791 σταύρωσον
1632 1757 1734 1788 αὑτὸν,
1757 1757 1806 1783 καὶ
1831 1757 1877 1784 ὃτι

1082 1804 1117 1830 El
1125 1803 1168 1838 μὴ
1187 1801 1226 1837 ἦν
1241 1800 1330 1834 οὗτος
1343 1803 1519 1837 κακοῦργος,
1535 1803 1590 1829 οὐκ
1613 1802 1652 1829 ἂν
1668 1809 1717 1835 σοι
1741 1802 1877 1835 παρεδώ-

1082 1859 1175 1885 καμεν
1188 1850 1291 1876 αὐτόν.

1123 1895 1266 1929 Tal-030nm
1288 1895 1337 1921 ἐπὶ
1359 1894 1430 1926 τοὺς
1449 1893 1606 1927 οὐρανοὺς,
1619 1895 1635 1921 ό
1656 1894 1736 1927 Θειῖς,
1753 1895 1804 1921 καὶ
1821 1895 1874 1921 ἐπὶ

1083 1941 1186 1969 πᾶσαν
1198 1941 1255 1974 τὴν
1271 1939 1328 1975 γῆν
1351 1941 1369 1974 ἡ
1388 1940 1463 1971 δόξα
1478 1948 1546 1966 σου.
1562 1941 1592 1966 Εἰ
1608 1941 1654 1966 καὶ
1667 1940 1802 1974 καυῆκας,
1819 1949 1875 1975 φη-

1084 1986 1136 2017 σὶν,
1153 1985 1248 2012 ἑαυτὸν
1264 1985 1307 2011 διὰ
1323 1985 1371 2020 τὴν
1385 1984 1522 2019 ἡμετέραν
1544 1985 1680 2019 σωτηρίαν
1694 1984 1733 2015 εἰς
1748 1984 1876 2010 ἑκούσιον

1083 2031 1208 2062 κένωσιν,
1223 2030 1270 2057 καὶ
1292 2030 1407 2064 γέγονας
1430 2030 1549 2064 ὑπήκοος
1567 2030 1646 2066 μέχρι
1657 2029 1782 2061 θανάτου,
1803 2029 1875 2056 ἀλλὰ

1083 2077 1130 2103 καὶ
1151 2076 1231 2102 πάλιν
1246 2076 1339 2103 ἄνελθε
1355 2077 1394 2108 εἰς
1409 2077 1549 2112 οὐρανοὺς,
1564 2077 1605 2102 ὅτι
1628 2076 1675 2102 καὶ
1689 2075 1810 2102 ἀνελθὼν
1821 2076 1875 2110 τῆς

1084 2122 1133 2157 σῆς
1149 2121 1227 2154 δόξης
1244 2120 1398 2156 πληρώσεις
1415 2122 1505 2147 πᾶσαν
1518 2121 1566 2155 τὴν
1577 2121 1639 2155 γῆν.

1117 2165 1231 2200 Παγίδα
1252 2165 1418 2199 ἡτοίμασαν
1441 2165 1502 2197 τοῖς
1519 2165 1591 2191 ποσί
1607 2174 1678 2199 μου.
1693 2165 1763 2196 Τοὺς
1785 2173 1870 2192 κατα-

249 2221 292 2240 me
308 2213 413 2248 laqueis
436 2211 609 2246 dejiciebant,
631 2210 732 2237 curasti
749 2213 779 2236 ut
792 2209 819 2235 in
833 2208 937 2235 foveam
950 2214 1032 2242 quam

1087 2211 1229 2243 ϐάλλοντας
1246 2220 1290 2246 με,
1305 2211 1380 2246 φησὶ,
1395 2210 1440 2237 διὰ
1456 2211 1510 2237 τῶν
1528 2211 1647 2244 παγίδων
1662 2211 1876 2246 παρεσκεύασας

250 2259 371 2286 fecerunt
391 2257 551 2284 inciderent.
576 2255 760 2288 Quamobrem
782 2255 833 2281 hac
851 2261 881 2281 re
902 2254 1031 2288 praeclare

247 2308 307 2331 acta
321 2311 401 2338 super
417 2303 501 2330 caelos
519 2302 648 2328 exaltare.

282 2349 308 2376 8.
326 2349 454 2375 Paratum
471 2355 516 2374 cor
532 2355 627 2378 meum,
644 2346 723 2377 Deus,
740 2349 864 2380 paratum
878 2353 922 2372 cor
933 2353 1029 2372 meum.

248 2394 334 2430 Rogat
350 2395 401 2422 sibi
416 2394 475 2421 (lari
491 2393 622 2428 Spiritum
636 2396 770 2425 sanctum,
786 2399 865 2427 quem
884 2393 1030 2420 missurum

248 2449 276 2469 se
297 2441 323 2467 in
343 2441 440 2468 cmlum
465 2439 613 2466 ascendens
641 2437 803 2474 Unigenitus
822 2438 958 2473 pollicitus
978 2443 1029 2471 est.

246 2492 371 2522 paratum
389 2494 450 2513 esse
464 2494 511 2513 cor
527 2493 607 2512 suum
620 2486 695 2512 aiens
708 2485 741 2512 ad
757 2492 818 2511 eum
834 2484 1029 2520 recipiendum.

283 2533 310 2559 9.
325 2531 454 2566 Exsurge,
467 2531 552 2566 gloria
574 2539 640 2557 mea.
659 2531 780 2558 Gloriam
801 2538 878 2557 suam
903 2529 1030 2564 spiritum

246 2578 433 2613 propheticum
443 2577 568 2612 appellat.
580 2576 708 2611 Exsurge,
718 2576 872 2610 psalterium
883 2580 907 2601 et
916 2575 1028 2602 cit/rara.

246 2622 406 2649 Psalterium
425 2623 490 2649 dicit
511 2622 641 2653 animam,
662 2622 794 2649 citharam
814 2625 893 2648 vecat
918 2628 1028 2655 corpus.

247 2668 397 2704 Emam-gum
412 2669 539 2695 diluculo.
550 2668 674 2701 Quando,
691 2668 792 2702 inquit,
807 2667 975 2701 spiritualem
991 2666 1030 2693 lu-

247 2721 305 2741 cem
321 2714 447 2746 sentiam,
464 2721 610 2749 exsurgam
626 2714 659 2740 ad
676 2713 854 2740 cantandum.

281 2802 303 2818 "
318 2801 397 2828 Joan.
413 2810 471 2836 xix,
484 2801 528 2829 15.
563 2802 586 2818 ⁸⁰
600 2801 679 2828 Joan.
695 2809 773 2834 xvm,
790 2801 835 2829 30.

280 2848 348 2883 (π’)
362 2851 396 2877 Et
411 2849 454 2877 δέ.
473 2849 552 2877 Forte
564 2845 593 2876 οἶδ
609 2849 667 2875 καί.
688 2849 769 2884 [Eum
858 2842 864 2848 ”

1083 2259 1122 2289 εἰς
1132 2257 1211 2284 αὑτὸν
1222 2257 1250 2284 ὃν
1263 2257 1369 2293 ὤρυξαν
1385 2257 1479 2292 βόθρον
1491 2257 1630 2292 ἐμπεσεῖν.
1644 2257 1689 2282 Διὸ
1704 2256 1734 2292 δὴ
1749 2257 1798 2283 καὶ
1809 2256 1877 2283 ταῦ-

1083 2312 1116 2329 τα
1133 2303 1306 2338 κατορθώσας
1320 2304 1365 2330 ἐπὶ
1379 2303 1441 2334 τοὺς
1458 2303 1588 2341 οὐρανοὺς
1602 2302 1733 2338 ὑψώθητι.

1125 2349 1239 2383 Ἐτοίμη
1252 2350 1271 2382 ἡ
1288 2348 1392 2382 καρδία
1403 2357 1473 2383 μου.
1491 2350 1507 2375 ό
1522 2344 1601 2381 Θεὸς,
1614 2349 1714 2382 ἑτοίμη
1725 2349 1745 2382 ὴ
1763 2348 1874 2382 καρδία

1081 2401 1150 2427 μου.
1163 2393 1320 2428 Παρακαλεῖ
1329 2393 1454 2426 δέξασθαι
1463 2393 1493 2419 τὸ
1500 2393 1611 2428 Πνεῦμα
1621 2392 1651 2419 τὺ
1662 2393 1748 2426 ἆγιον,
1762 2393 1775 2419 ὃ
1787 2394 1874 2428 Era-‘7'

1083 2439 1191 2472 γείλατο
1211 2439 1390 2474 ἀνερχόμενος
1407 2439 1524 2474 πέμψειν
1539 2441 1553 2465 6
1572 2438 1737 2473 Μονογενὴς,
1759 2439 1874 2473 ἑτοίμην

1083 2485 1123 2516 είς
1133 2485 1163 2510 τὸ
1173 2483 1298 2516 δέξασθαι.
1305 2485 1391 2518 λέγων
1402 2484 1564 2519 γεγενῆσθαι
1573 2485 1622 2519 τὴν
1634 2483 1730 2511 ἑαυτοῦ
1747 2484 1873 2519 καρδίαν.

1125 2529 1313 2564 Ἐξεγέρθητι,
1331 2531 1350 2564 ἡ
1364 2530 1438 2562 δόξα
1449 2539 1518 2564 μου.
1535 2530 1618 2562 Δόξαν
1633 2530 1729 2556 ἑαυτοῦ
1750 2530 1780 2556 τὸ
1797 2529 1875 2556 πνεῦ-

1084 2583 1123 2610 μα
1146 2575 1177 2601 τὸ
1201 2576 1369 2611 προφητικόν
1386 2576 1679 2612 φησιν.Ὲξεγέροητι,
1701 2575 1874 2609 ’ψαλτήριον

1082 2621 1131 2647 καὶ
1148 2621 1423 2657 κιθάρα.Ψαλτήριον
1440 2622 1488 2656 μὲν
1501 2622 1549 2657 τὴν
1559 2621 1648 2656 ψυχήν
1663 2629 1739 2655 φησι.
1756 2620 1874 2656 κιθάραν

1081 2665 1110 2691 δὲ
1131 2666 1162 2692 τὸ
1183 2667 1261 2701 σῶμα
1283 2667 1370 2693 καλεῖ.
1387 2666 1630 2702 Ἐξεγερθήσομαι
1647 2667 1819 2700 ὄρθρου.Ἑν
1832 2667 1874 2693 αἰ-

1082 2711 1186 2746 σθήσει,
1208 2713 1284 2747 φησὶ,
1299 2712 1344 2739 τοῦ
1372 2712 1465 2747 νοητοῦ
1490 2713 1578 2747 φωτὸς
1602 2713 1747 2748 γενόμενος
1772 2712 1820 2739 ἐπὶ
1843 2712 1875 2739 1’.

1083 2756 1175 2790 ὑμνεῖν
1191 2756 1411 2794 ὲξεγερθήσομαι.

887 2801 907 2817 ⁸³
923 2799 1040 2835 Philipp.
1059 2808 1089 2834 ιι,
1106 2801 1132 2835 7,
1146 2801 1188 2829 8.‘
