1922 3057
75 132 114 160 261

110 186 370 222 Ἐξομολογήσομαί
389 192 438 213 σοι
461 185 497 211 ἐν
518 185 613 218 λαοῖς,
629 186 727 219 Κύριε,
753 184 841 218 ψαλῶ
856 189 878 216 Α

73 244 115 262 σοι
127 234 158 261 ἐν
168 227 275 260 ἔθνεσι.
293 233 347 268 Τὴν
372 232 425 258 τῶν
440 232 523 258 ἐθνῶν
537 232 663 259 ἁπάντων
673 231 838 267 ἐπιστροφὴν

73 279 260 314 εὐαγγελίζεται
283 280 316 305 δι’
331 276 367 305 ὧν
389 279 602 314 ἐξομολογεῖται,
619 279 667 305 ac:
686 277 717 313 δὴ
731 279 839 304 πάντων

73 327 117 353 τῶν
133 325 212 353 ἐθνῶν
230 326 292 357 τοὺς
309 325 390 352 αὐτοῦ
409 324 524 360 ᾀδόντων
541 324 715 359 ὒμνους.’Ότι
734 323 840 357 ἐμεγα-

72 373 155 405 .ιύνθη
169 371 221 404 ἕως
235 372 287 397 τὸν
303 370 431 404 οὐρανὸν
447 370 479 397 τὸ
495 370 581 403 ἔλεός
595 378 663 396 σου.
672 370 784 404 Ὅμοιον
802 368 840 403 τῷ

72 419 127 444 Ὀτι
141 417 185 444 καὶ
199 417 274 450 αὐτὴ
288 417 306 450 ἠ
322 418 420 450 κτίσις
434 416 702 450 ἐλευθερωθήσεται
715 415 773 442 ἀπὸ
785 415 841 448 τῆς

71 462 169 496 φθορᾶς
183 464 224 495 εις
233 462 291 497 τὴν
305 463 479 496 ἐλευθερίαν
492 461 552 488 τῶν
562 461 674 488 τέκνων
685 461 738 488 τοῦ
755 461 839 488 Θεοῦ.

70 507 116 533 Καὶ
139 507 190 539 ἓως
212 506 271 533 τῶν
294 505 430 540 νεφελῶν
448 507 467 540 ἡ
490 505 615 539 ἀλήθειά
631 505 839 540 σου.Ἀληθείς,

71 554 137 589 φησὶ,
152 554 197 585 τὰς
211 554 264 580 τῶν
287 553 414 588 νεφελῶν,
425 553 547 579 τουτέστι
562 553 615 579 τῶν
630 552 785 587 προφητῶν,
797 551 842 578 διὰ

71 599 117 627 τῶν
132 599 296 634 πραγμάτων
308 598 451 630 ἀπέδειξας
466 607 513 625 σου
526 598 628 632 φωνάς.

100 645 181 681 [Ἕως
201 645 259 672 τῶν
283 644 418 679 νεφελῶν
441 645 461 678 ἡ
486 643 611 678 ἀλήθειά
631 642 840 678 σου.Ἀληθεῖς,

71 693 136 727 φησὶ,
152 691 196 724 τὰς
207 691 260 718 τῶν
274 692 404 725 νεφελῶν,
425 691 546 718 τουτέστι
561 691 616 716 τῶν
630 690 786 725 προφητῶν,
799 689 843 716 διὰ

72 738 223 773 πραγμάτων
244 737 418 770 ἐπεδείξαντο
431 736 608 771 φωνάς.Ἕως
624 735 682 762 τῶν
696 734 840 769 οὐρανῶν,

70 783 147 816 ὅμοιον
158 782 273 816 rip-"On
290 782 338 808 καὶ
361 781 437 815 αὐτὴ
451 782 470 814 ἠ
487 782 585 814 κτίσις
606 779 841 814 ἐλευθερωθήσε-

70 835 109 853 ται
130 827 183 853 ἀπὸ
205 827 260 860 τῆς
285 827 396 861 φθορᾶς
418 828 462 859 εὶς
483 826 656 860 ἐλευθερίαν
671 825 726 860 τῆς
749 825 840 859 δόξης

70 872 120 898 τῶν
130 873 235 899 τέκνων
250 873 306 900 τοῦ
321 872 418 908 98017.]

69 928 113 960 Εές
129 928 158 954 τὸ
178 928 277 961 τέλος,
294 928 337 962 μὴ
354 928 534 962 διαφθείρῃς,
548 928 589 960 τῷ
603 928 693 955 Δαυῒδ
706 929 749 961 εις
765 936 839 962 στη-

224 975 403 1009 λοπραφίαν.
426 975 581 1001 ΨΑΛΜΟΣ
598 976 664 1002 NZ’.

369 1019 529 1051 Ὑπόθειτις.
699 1053 702 1055 ἓ

67 1063 114 1100 Τὴν
133 1065 213 1100 αὐτὴν
233 1065 364 1092 ὑπόθεσιν
385 1065 441 1100 ἔχει
462 1065 501 1100 τῷ
524 1064 685 1100 προλαὸόντι
705 1065 720 1091 ό
744 1065 840 1100 παρὼν

95 1111 201 1146 ψαλμὸς,
218 1111 320 1146 μᾶλλον
342 1111 370 1137 δέ
395 1110 488 1144 σαφῶς
510 1110 646 1146 ἐξηγεῖται
671 1112 746 1137 ποῖον
770 1111 840 1138 κατὰ

94 1156 142 1183 τῶν
155 1158 364 1184 ἐπαναστάντων
377 1157 417 1192 τῷ
429 1157 535 1193 Σωτῆρι
551 1157 582 1183 τὸ
598 1157 674 1188 τέλος
691 1157 812 1191 γέγονεν.

94 1245 134 1272 El;
147 1244 265 1278 ἀληθῶς
293 1243 350 1277 ἄρα
371 1243 571 1277 δικαιοσύνην
590 1243 719 1270 λαλεῖτε.
729 1244 837 1281 Ἐπειδὴ

63 1289 195 1323 συνήγοντο
217 1287 290 1315 κατὰ
311 1287 358 1314 τοῦ
381 1287 517 1323 Σωτῆρος,
537 1287 574 1319 ὡς
600 1288 768 1320 ἐκδικοῦντες
794 1289 839 1316 τὸν

62 1334 142 1368 νόμον,
168 1335 282 1365 εἰκότως
309 1334 400 1364 αὐτοῖς
427 1333 457 1359 τὸ
487 1334 656 1369 προφητικὸν
687 1334 838 1360 ἐντέλλεται

63 1380 168 1415 πνεῦμα,
190 1381 216 1407 εἴ
234 1389 268 1415 γε
291 1380 344 1416 ἄρα
359 1379 406 1406 τοῦ
422 1380 525 1406 δικαίου
542 1379 739 1415 φροντίζουσιν,
757 1380 838 1408 εὐθέα

63 1425 161 1459 κρίνειν,
177 1426 301 1452 τουτέστι
319 1426 420 1452 δίκαια.
436 1426 466 1452 Οἱ
486 1425 515 1451 δέ
532 1426 582 1451 οὑκ
604 1425 713 1460 ἔκριναν
735 1426 837 1457 δίκαια,

62 1470 100 1496 τὸν
119 1471 202 1497 ἀθῶον
223 1472 273 1498 καὶ
295 1471 396 1497 δίκαιον
421 1472 577 1497 ἀποκτεῖναι
597 1471 761 1506 βουλόμενοι.
782 1470 838 1498 Καὶ

62 1516 108 1549 γὰρ
127 1516 158 1542 ὲν
179 1517 288 1551 καρδίᾳ
308 1517 434 1551 ἀνομίας
455 1516 610 1551 ἐργάζεσθε
630 1517 665 1543 ὲν
689 1516 726 1551 τῇ
738 1516 786 1551 τῇ.
806 1517 838 1543 Εἰ

115 1563 136 1588 οὶ
147 1546 230 1597 λόγοι,
246 1546 325 1598 φησι,
342 1546 624 1598 χρηστοὶ-διεκδικεῖν
638 1546 838 1598 προσποιουμε-
851 1546 872 1575 C

63 1615 95 1631 νοι
112 1607 153 1633 τὸν
176 1609 258 1643 νόμον
270 1616 277 1622 ·
293 1608 349 1634 ἀλλ’
363 1609 379 1643 ἡ
401 1608 499 1643 καρδία
519 1609 631 1643 πικρίας
646 1609 704 1635 ἐστὶ⁸
721 1609 837 1644 πλήρης,

62 1651 100 1678 καὶ
116 1653 141 1679 αἱ
153 1653 267 1689 πράξεις
283 1653 310 1679 δὲ
323 1654 423 1688 ὁμοίως
437 1654 550 1689 ἀνομίας
563 1654 651 1689 πεπλή
657 1663 766 1690 ρωνται.

95 1697 388 1732 Ἀπηλλοτριώθησαν
409 1700 435 1725 ot
450 1699 615 1734 ἁμαρτωλοὶ
634 1699 692 1726 ἀπὸ
712 1699 837 1733 μήτρας.

54 1741 171 1782 ’Δεῖκνυσι
185 1743 215 1769 τὸ
232 1743 369 1778 μηδεμίαν
385 1743 483 1775 αὐτοὺς
496 1744 527 1770 τὸ
544 1744 673 1779 παράπαν
689 1745 839 1780 ἐσχηκότας

62 1787 138 1813 αἰτίαν
153 1789 192 1819 εἰς
208 1789 358 1824 σωτηρίαν.
375 1788 435 1824 [Διὰ
448 1789 502 1825 γὰρ
516 1790 625 1816 Ἡσαΐου
637 1790 683 1816 τοῦ
699 1791 838 1825 προφήτου

62 1831 118 1866 πρὸς
138 1833 281 1866 Ἰουδαίους
304 1835 317 1861 ὁ
337 1835 403 1866 Θεὸς
429 1835 497 1871 ἔφη·
519 1836 642 1870 Ἔγνων,
663 1836 708 1862 ὅτι
728 1836 839 1863 ἀθετῶν

61 1876 212 1912 ἀθετήσεις,
229 1881 282 1907 καὶ
301 1880 411 1915 ἄνομος
423 1879 459 1914 εἴ,
477 1882 524 1908 καὶ
540 1882 574 1908 ὲκ
593 1882 708 1914 κοιλίας
728 1881 840 1915 κληθή-

61 1931 109 1957 σῃ·
128 1926 228 1953 κοιλίαν
245 1926 278 1952 τὸ
295 1927 371 1960 ἅγιον
388 1927 528 1962 βάπτισμα
542 1926 651 1963 λέγων.]
667 1927 764 1962 Θυμός
784 1929 838 1954 αὺ-

61 1970 114 2003 τοῖς
137 1972 209 1999 κατὰ
235 1973 295 2006 τὴν
310 1974 451 2007 ὁμοίωσιν
467 1973 521 2000 τοῦ
538 1973 642 2008 ὄφεως.
665 1973 755 2008 Θυμόν
773 1981 839 2008 φησι

61 2015 102 2050 τὴν
118 2016 212 2053 ψυχὴν,
232 2019 267 2054 ἢν
280 2019 327 2045 καὶ
342 2019 438 2053 ὁμοίαν
451 2016 520 2045 εἶναι
545 2027 610 2053 φησι
631 2017 677 2044 τοῦ
702 2019 730 2044 ἐν
752 2027 840 2054 παρα-

62 2059 129 2096 δείσῳ
144 2063 246 2097 ὄφεως·
264 2064 294 2095 ὃς
315 2065 530 2099 ὑποκρινάμενος
550 2065 660 2099 ῥήματα
677 2064 778 2098 φιλίας,
793 2064 839 2091 τὸν

63 2106 162 2136 θάνατον
176 2111 335 2147 εἰσήγαγεν.
344 2111 452 2146 Ἐπειδὴ
475 2111 564 2138 τοίνυν
588 2111 634 2137 καὶ
655 2108 727 2138 οὗτοι
753 2119 840 2146 παρα-

63 2152 180 2188 πλησίως,
194 2157 307 2189 Ῥασϐὶ,
322 2158 368 2184 καὶ
383 2157 704 2191 Διδάσκαλε,λέγοντες,
719 2158 775 2190 καὶ,
792 2157 840 2183 Ol-

596 125 780 154 EXPOSITIO
800 124 832 151 IN
853 123 1018 152 PSALMUM
1037 123 1115 152 LVII.

855 878 877 905 Β

1621 122 1674 150 262

934 184 977 211 10.
995 184 1144 218 Conﬁtebar
1168 183 1216 210 tibi
1233 183 1261 209 in
1283 182 1396 217 populis,
1419 180 1676 215 Domine,.psallam

890 229 937 256 tibi
949 230 976 256 in
990 229 1118 264 gentibus.
1134 228 1261 255 Omnium
1277 228 1394 263 gentium
1410 226 1614 254 conversionem
1626 233 1675 252 an-

890 275 998 301 nuntiat
1023 282 1069 308 per
1097 273 1296 301 confessionem
1333 281 1427 305 suam,
1455 272 1519 306 quia
1545 271 1673 298 nimirum

891 327 986 347 omnes
999 325 1092 355 gentes
1100 320 1216 354 hymnos
1230 319 1288 354 ejus
1300 319 1456 346 conciuunt.
1472 317 1603 350 Quoniam
1618 325 1676 343 rna-

890 366 1015 400 guiﬁcata
1033 369 1071 392 est
1089 373 1169 399 usque
1180 365 1213 390 ad
1228 364 1304 390 uelo:
1317 363 1498 390 misericordia
1511 367 1565 388 tua.
1581 361 1676 388 Simile

891 410 955 437 huic
971 419 977 437 ι
994 409 1063 442 Quia
1074 414 1098 436 et
1113 410 1171 443 ipsa
1179 413 1302 436 'creatura
1312 409 1464 435 liberabitur
1472 416 1488 434 α
1498 408 1675 441 corruptione,

890 456 918 481 in
936 455 1081 482 libertatem
1098 455 1216 489 ﬁliorum
1229 454 1316 481 Dei“.
1340 453 1375 480 Et
1395 461 1474 486 usque
1490 453 1524 479 ad
1540 453 1619 479 nubes
1633 460 1676 479 ve-

891 501 958 526 ritas
980 505 1035 527 tua.
1048 499 1145 532 Veras,
1160 500 1258 534 inquit,
1273 500 1399 532 nubium,
1421 499 1447 526 id
1462 503 1514 530 est,
1528 498 1677 533 propheta-

891 552 951 572 rum
967 552 1058 576 voces,
1074 553 1103 572 re
1118 545 1176 580 ipsa
1193 544 1388 579 comprobasti.

931 639 1031 675 [Usque
1048 639 1082 665 ad
1099 638 1179 665 nubes
1199 638 1295 665 veritas
1311 642 1366 663 tua.
1389 635 1429 662 Ex
1442 635 1570 670 operibus
1584 642 1676 668 veras,

891 685 989 720 inquit,
999 693 1058 712 esse
1069 685 1273 712 declaraverunt
1281 683 1405 715 nubium,
1415 683 1471 709 sive
1482 682 1675 716 prophetarum

892 739 981 758 voces.
994 730 1079 765 Usque
1092 731 1126 757 ad
1138 730 1226 762 calas,
1241 729 1330 757 simile
1342 733 1383 755 est
1398 728 1435 755 illi
1452 737 1458 755 :
1474 727 1605 760 Quoniam
1617 728 1676 761 ipsa

892 781 1014 803 creatura
1032 776 1188 803 liberabitur
1202 784 1218 802 α
1232 775 1397 810 corruptione
1413 775 1440 800 in
1456 773 1604 800 libertatem
1616 772 1676 808 glo—

892 822 939 848 ria?
951 821 1067 855 ﬁliorum
1083 820 1153 857 Dei]

892 921 917 949 1.
931 921 964 948 In
983 923 1073 957 ﬁnem,
1098 931 1128 949 ne
1150 923 1296 957 disperdas,
1313 923 1409 950 Davidi
1439 923 1467 949 in
1490 922 1560 949 tituli
1582 922 1671 949 inscri-

1071 969 1195 1002 ptionem.
1211 968 1380 996 PSALMUS
1399 969 1420 996 L
1427 968 1491 996 VII.

1175 1015 1195 1041 Α
1202 1020 1376 1049 rgumentum.

890 1058 1019 1086 Eamdem
1042 1060 1129 1095 ipsam
1150 1069 1231 1095 quam
1251 1062 1376 1096 superior
1396 1061 1440 1088 hic
1457 1061 1578 1095 psalmus
1595 1059 1677 1086 habet

924 1105 1140 1140 inscriptionem,
1155 1107 1210 1134 imo
1222 1108 1311 1142 potius
1326 1108 1415 1142 palam
1431 1111 1541 1134 enarrat
1554 1106 1601 1141 qui
1614 1106 1676 1132 linis

888 1163 891 1166 -
925 1157 1021 1178 eorum
1032 1151 1124 1186 fuerit,
1134 1153 1179 1188 qui
1193 1153 1324 1181 adversus
1338 1153 1504 1180 Salvatorem
1521 1153 1677 1180 insurrexe-

924 1201 999 1223 1-11111.

923 1242 952 1275 2,
966 1243 993 1270 5.
1013 1243 1043 1270 Si
1057 1251 1114 1269 vere
1126 1235 1363 1278 utique'justitiam
1377 1243 1526 1278 loquimini.
1543 1243 1612 1276 Quia
1628 1243 1676 1270 ad-

888 1297 985 1317 versus
1000 1288 1169 1315 Salvatorem
1190 1289 1436 1323 congregabantur,
1452 1289 1530 1323 quasi
1550 1289 1617 1323 legis
1631 1289 1676 1314 ul-

888 1334 1020 1361 ciscendae
1035 1334 1198 1367 causa,jure
1213 1333 1266 1359 illis
1276 1333 1450 1367 propheticus
1464 1333 1577 1367 spiritus
1587 1333 1675 1367 jubet,

888 1379 954 1406 utsi
972 1386 1052 1413 quam
1069 1377 1138 1411 juris
1151 1382 1178 1404 ct
1191 1378 1260 1412 aequi
1276 1385 1370 1404 curam
1389 1377 1516 1410 habeant,
1530 1382 1602 1404 recta
1619 1378 1677 1405 sive

886 1425 959 1459 jnsta
971 1423 1102 1458 judicent.
1121 1425 1155 1450 At
1170 1423 1207 1449 illi
1226 1430 1397 1458 nequaquam
1413 1423 1486 1457 justa
1505 1423 1675 1457 judicabant,

889 1476 949 1496 cum
963 1469 1103 1496 innoxium
1122 1469 1261 1503 etjustum
1277 1469 1375 1495 vellent
1387 1469 1550 1496 interﬁcere.
1570 1468 1677 1496 Etenim

888 1515 915 1541 in
933 1515 1010 1542 corde
1026 1515 1180 1550 iniquitates
1195 1515 1340 1549 operamini
1355 1515 1383 1541 in
1399 1520 1478 1542 terra.
1491 1515 1558 1548 Etsi,
1577 1516 1675 1550 inquit,

889 1562 964 1589 lenes
987 1562 1131 1588 vidcantur
1155 1569 1304 1594 sermones,
1319 1568 1352 1588 ex
1370 1561 1589 1588 dissimulatione
1610 1562 1677 1589 ulci-

889 1608 996 1634 scenda:
1012 1607 1095 1642 legis;
1112 1607 1157 1634 sed
1174 1615 1220 1634 cor
1240 1608 1349 1642 plenum
1369 1608 1534 1640 acerbitate,
1549 1613 1575 1635 et
1594 1616 1676 1643 opera

889 1653 1016 1680 similiter
1033 1653 1177 1687 iniquitate
1192 1653 1270 1688 plena
1283 1658 1358 1681 sunt.

923 1699 950 1731 4,
965 1700 992 1726 5.
1001 1699 1119 1726 Alienati
1135 1705 1193 1726 sunt
1207 1704 1355 1734 peccatores
1367 1708 1382 1726 α
1393 1699 1480 1726 vulva.
1492 1699 1617 1727 Ostendit
1628 1707 1676 1728 eos

888 1746 991 1782 nullam
1004 1747 1116 1773 omnino
1131 1746 1260 1773 habuisse
1276 1746 1372 1773 salutis
1387 1754 1508 1773 causam.
1523 1745 1675 1781 [Siquidem

888 1800 935 1827 per
950 1793 1049 1820 lsaiam
1066 1793 1225 1827 prephetam
1248 1791 1348 1819 iudicis
1366 1791 1404 1818 ait
1422 1791 1513 1819 Deus:
1532 1791 1601 1818 Novi
1613 1793 1677 1827 quia

888 1838 1014 1872 despicies
1033 1842 1057 1864 et
1075 1842 1237 1872 contempto:
1251 1838 1313 1870 eris,
1331 1843 1408 1871 atque
1421 1845 1452 1864 ex
1470 1842 1555 1864 ventre
1570 1837 1677 1865 vocabe-

889 1883 925 1909 ris
940 1883 1046 1916 impius.
1065 1882 1192 1909 Ventrem
1213 1886 1290 1909 vocat
1308 1887 1432 1909 sanctum
1446 1882 1601 1918 baptisma.]
1625 1882 1677 1910 Fu-

889 1937 934 1956 ror
947 1928 1000 1955 illis
1014 1929 1156 1955 secundum
1169 1927 1371 1954 similitudinem
1390 1929 1529 1962 serpentis.
1546 1927 1676 1956 Furcrcm

889 1974 1009 2000 animam
1027 1974 1103 2005 dicit,
1119 1981 1201 2008 quam
1218 1973 1335 2000 similem
1348 1973 1386 1999 ait
1399 1973 1517 2008 serpenti
1535 1974 1573 2000 illi
1589 1974 1635 2008 qui
1647 1974 1677 2001 in

889 2019 1015 2054 paradiso
1032 2019 1202 2050 versabatur,
1217 2020 1263 2054 qui
1281 2019 1416 2047 simulatis
1431 2019 1558 2047 amicitiae
1573 2020 1676 2053 verbis,

889 2069 1003 2092 mortem
1013 2065 1128 2092 induxit.
1145 2064 1258 2098 Quando
1281 2065 1363 2100 igitur
1377 2070 1404 2092 et
1421 2065 1448 2092 hi
1465 2073 1582 2100 quoque,
1602 2065 1677 2092 Rab-

890 2112 994 2144 bi‘m‘,
1002 2116 1039 2144 et,
1051 2111 1178 2146 Magister
1189 2112 1211 2131 ⁸⁵
1223 2112 1354 2145 dicentes,
1365 2116 1401 2144 et,
1410 2111 1513 2139 Scimus
1528 2112 1651 2146 quoniam
1659 2120 1676 2139 ιι

890 2156 1081 2190 Deooenisti”,
1092 2161 1119 2184 et
1126 2157 1280 2192 hujusmodi
1290 2158 1372 2184 verba
1380 2157 1557 2192 proferentes,
1566 2165 1675 2185 crucem

62 2197 150 2234 δίιμεν,
162 2202 204 2228 ὅτι
217 2203 278 2229 ἀπὸ
291 2203 364 2230 Θεοῦ
375 2203 536 2238 ἐλήλυθας,
546 2203 593 2230 καὶ
607 2204 641 2230 τὰ
651 2204 762 2231 τοιαῦτα
773 2212 840 2239 προ-

894 2202 944 2238 ipsi
970 2203 1219 2236 machinabantur,
1249 2203 1351 2230 idcirco
1377 2204 1496 2238 serpenti
1525 2203 1676 2238 comparati

63 2246 191 2282 φερόμενοι
208 2250 330 2284 ῥήματα,
347 2249 517 2276 ἐϐουλεύοντο
530 2249 695 2285 παραδοῦναι
713 2250 839 2286 σταυρῷ·

62 2290 145 2319 τούτου
161 2294 240 2329 χάριν
264 2296 298 2330 τῇ
314 2294 442 2330 ὁμοιώσει
459 2295 506 2321 τοῦ
516 2295 604 2329 ὄφεως
616 2295 838 2331 παρεὸλήθησαν.

67 2336 135 2365 Daci.
147 2340 279 2373 ἀσπίδος
292 2341 394 2375 κωφῆς
404 2341 452 2368 καὶ
460 2342 602 2375 βυούσης
613 2342 649 2369 τὰ
660 2340 720 2369 ὦτα
731 2342 837 2376 αὐτῆς.

62 2382 93 2408 03
109 2384 178 2420 μόνῳ
192 2385 231 2420 τῷ
248 2386 320 2420 ὄφει,
336 2387 413 2421 φησι,
429 2386 637 2422 παρεικασϐεῖεν
653 2386 697 2419 ἂν,
711 2386 779 2413 ἀλλὰ
792 2387 838 2413 καὶ

61 2427 143 2455 ἀσπίδι
154 2430 198 2456 ἐπὶ
210 2431 266 2456 τῶν
277 2431 391 2458 ὀδόντων
403 2431 502 2467 ἐχούσῃ
517 2431 562 2458 τὸν
578 2431 627 2463 ἱὸν,
639 2432 675 2466 μὴ
690 2431 837 2466 βουλομένῃ

60 2479 86 2503 τε
97 2474 236 2501 ἐπακούειν
247 2475 302 2502 τῶν
319 2476 429 2510 ἐπῳδῶν
443 2478 483 2508 εις
497 2477 526 2503 τὸ
538 2477 584 2503 τοῦ
595 2476 681 2512 θυμοῦ
693 2476 837 2503 παύεσθαι.

892 2253 965 2276 sunt.
982 2248 1069 2276 Sicuti
1081 2250 1181 2283 aspidis
1198 2249 1286 2276 surdte
1304 2253 1329 2276 et
1347 2250 1495 2276 obturantis
1511 2258 1588 2276 aures
1602 2258 1675 2276 suos.

890 2293 950 2322 Non
967 2295 1057 2328 modo,
1077 2295 1173 2330 inquit,
1190 2295 1306 2330 serpenti
1321 2296 1472 2330 comparari
1488 2300 1613 2330 possunt,
1629 2294 1677 2323 sed

890 2341 972 2368 etiam
984 2336 1084 2376 aspidi,
1095 2349 1229 2368 venenum
1246 2341 1272 2368 in
1285 2341 1412 2369 dentibus
1425 2341 1544 2375 habenti,
1557 2350 1617 2376 qua:
1628 2350 1678 2368 no-

890 2386 922 2413 lit
935 2387 1029 2414 audire
1040 2387 1222 2414 incantatores
1238 2391 1267 2414 ut
1278 2387 1398 2415 furorem
1410 2388 1495 2416 sedet.
1511 2388 1574 2415 "me
1586 2393 1678 2415 autent

891 2431 952 2458 ideo
971 2431 1046 2464 dicit,
1066 2432 1129 2466 quia
1152 2432 1191 2458 illi
1212 2432 1290 2466 juxta
1311 2431 1389 2460 lsaize
1408 2441 1501 2460 vocem
1516 2441 1596 2460 aures
1614 2441 1679 2461 suas

891 2481 1071 2511 aggravarunt
1087 2481 1115 2504 ut
1129 2485 1182 2504 non
1196 2478 1321 2505 audirent
1336 2486 1476 2506 sermones
1493 2479 1610 2506 Domini.

61 2518 142 2546 Ταῦτα
157 2521 185 2548 δέ
203 2530 296 2557 φησιν,
311 2523 403 2558 ἐπειδὴ
415 2524 462 2550 καὶ
475 2524 551 2550 αὐτοὶ
570 2523 640 2550 κατὰ
659 2524 708 2559 τὴν
726 2523 837 2549 Ἡσαΐου
857 2522 947 2558 φωνὴν
964 2523 1099 2560 ἐὸάρυναν
1113 2524 1147 2550 τὰ
1161 2521 1228 2556 ὦτα,
1254 2524 1301 2551 τοῦ
1327 2524 1364 2560 μὴ
1389 2525 1503 2552 ἀκοῦσαι
1522 2526 1585 2557 τοὺς
1604 2524 1681 2560 παρὰ

60 2566 101 2592 τοῦ
116 2568 214 2604 Κυρίου
231 2570 337 2604 λόγους.

97 2615 120 2640 Ὁ
135 2616 205 2650 Θεὸς
221 2619 380 2652 συντρίψει
397 2619 468 2652 τοὺς
489 2619 616 2652 ὀδόντας
635 2619 735 2646 αὐτῶν
748 2619 784 2645 ὲν
799 2617 840 2650 τῷ

62 2660 175 2694 στόματι
190 2661 300 2690 αὐτῶν.
309 2664 431 2696 Ὀδόντας
444 2665 473 2691 ἐν
485 2665 572 2700 τούτῳ
589 2664 639 2696 τὰς
659 2663 841 2698 συκοφαντίας

61 2704 90 2736 ἃς
105 2709 264 2743 πεποίηνται
286 2710 356 2736 κατὰ
378 2709 426 2736 τοῦ
448 2711 550 2747 Κυρίου
568 2711 646 2746 φησι,
662 2711 709 2737 καὶ
725 2710 841 2745 μάλιστα

62 2750 105 2782 τὰς
124 2753 169 2779 ἐπὶ
187 2754 237 2788 τῆς
249 2754 436 2786 ἀναστάσεως·
451 2755 469 2789 ἢ
481 2755 588 2784 ὀδόντας
599 2755 649 2791 τὴν
664 2754 777 2789 δύναμίν
790 2762 842 2790 φη-

929 2617 966 2643 ‘1-
976 2616 1003 2643 9.
1020 2615 1091 2643 Deus
1103 2620 1216 2642 conteret
1234 2616 1323 2643 dentes
1338 2616 1434 2643 'eorum
1453 2617 1480 2643 in
1492 2625 1536 2643 ore
1550 2618 1678 2651 ipsarum.

891 2661 990 2689 Dentes
1001 2661 1045 2688 hic
1060 2666 1139 2688 vocat
1153 2662 1347 2697 sycophantias
1364 2669 1433 2696 quas
1448 2662 1578 2689 adversus
1593 2661 1672 2688 Domi

891 2715 956 2734 num
977 2711 1147 2739 struxerunt,
1169 2707 1287 2734 maxime
1304 2711 1393 2734 autem
1406 2715 1462 2740 _eas
1479 2715 1539 2742 qum
1555 2714 1679 2734 resurre-

890 2754 1010 2782 ctionem
1031 2758 1203 2788 spectarent,
1218 2759 1265 2782 aut
1292 2754 1386 2782 dentes
1404 2754 1531 2782 virtutem
1551 2753 1679 2789 appellat,

94 2821 116 2838 "
129 2821 208 2850 Iiom.
228 2831 289 2858 vni,
303 2825 346 2852 21.
385 2826 444 2843 ⁸³η·
459 2826 538 2854 Joan.
556 2834 596 2859 111,
610 2826 637 2853 2.
652 2862 655 2863 ν
676 2827 698 2844 ⁸⁸
714 2825 809 2854 Matth.
825 2834 840 2853 x

912 2825 954 2855 l6.
991 2825 1111 2861 _°"Joan.
1128 2834 1167 2859 ltl,
1185 2826 1212 2859 2,
