1922 3057
244 131 298 159 265
661 129 690 156 S.
710 125 895 156 ATHANASII
915 123 989 152 OPP.
1009 121 1100 150 PARS
1119 120 1162 148 Ill.
1183 134 1219 141 —-
1237 118 1444 148 EXEGETICA.
1815 114 1870 141 261

245 187 309 222 quia
328 188 436 214 leonum
455 188 496 214 vis
511 187 538 213 in
551 185 677 214 dentibus
689 188 741 212 est.
757 183 798 210 Ad
821 182 933 209 nihilum
955 182 1030 207 dere-

1107 186 1133 208 ν,
1145 176 1238 211 ἐπειδὴ
1260 175 1314 202 τῶν
1337 175 1451 201 λεόντων
1472 173 1502 200 ὲν
1522 173 1578 203 τοῖς
1591 170 1695 198 ὀδοῦσιν
1710 171 1727 206 ὴ
1741 169 1870 205 δύναμις.

246 234 317 260 nicnt
330 238 454 268 umquam
474 240 542 267 aqua
594 231 744 258 decurrens.
770 228 972 263 Despicabiles,
989 226 1031 252 in-

1106 221 1394 255 Ξξουδενωθήσονται
1413 219 1484 246 ὡσεὶ
1506 218 1584 252 ὕδωρ
1605 217 1870 250 διαπορευόμενον.

247 279 315 313 quit.
340 261 429 310 erunt,
448 261 559 312 perinde
580 281 661 310 atque
675 275 760 302 elinsa
780 261 849 308 aqua
865 278 1032 308 prorsusquc

1106 267 1328 303 ὺκαταφρόνητοι,
1348 265 1439 301 φησὶν,
1454 264 1558 290 ἔσονται
1575 262 1650 289 ὕδατι
1670 261 1872 297 παραπλησίως

248 324 360 352 inutiiis.
392 323 512 350 Intcudel
536 330 627 349 arcum
654 329 730 348 suum
751 321 832 347 donec
853 319 1030 354 infit-utentur.

248 370 347 397 Arcum
365 370 408 397 hic
424 375 500 397 vocat
516 368 676 397 sententiam
693 374 774 402 quam
793 366 820 393 in
835 366 928 393 divino
947 364 1033 392 tribu-

249 416 302 442 nali
315 417 418 443 laturus
428 420 478 442 est.
494 415 559 442 Illud
573 413 771 444 autem,dunec,
790 419 848 447 pro,
859 416 894 443 et.
908 412 989 445 jacet,
1005 415 1034 437 ut

249 462 382 488 sententia
402 462 446 493 sit,
461 466 484 488 et
496 460 712 495 inﬁrnmbuntur.
730 457 907 493 Supcrcecidit
925 458 991 491 ignis
1009 460 1033 483 et

250 515 301 533 non
308 507 424 534 viderunt
434 507 524 534 solent.
536 506 639 541 lnjecti,
650 506 747 540 inquit,
756 505 782 531 in
794 505 882 538 ignem
891 507 1032 533 aeternum.

251 552 333 578 solem
349 553 460 586 jus-titus
473 561 526 579 non
537 553 672 579 viderunt.
684 550 778 577 Simile
788 554 878 576 anteiit
896 553 938 575 est
951 547 1032 574 illud:

252 593 372 622 Tollalur
383 598 489 631 impius,
499 601 527 623 ut
543 605 594 623 non
606 596 690 623 videat
706 595 818 630 gloriam
830 594 936 620 Domini
946 593 979 620 ⁸⁷.

289 730 332 757 10.
354 730 517 765 Priusquam
537 729 709 764 intelligerent
739 729 822 763 spittte
844 734 936 754 vestra
947 726 1036 753 rham-

251 785 324 804 num.
347 776 487 803 Rhamnus
503 780 544 802 est
568 777 678 809 spinosa
702 775 794 806 arbor,
811 773 931 808 loquitur
944 776 1035 799 autem

252 823 285 849 de
298 823 390 856 spinea
403 829 516 848 corona.
536 821 710 855 Priusquam,
725 820 773 850 ait.
790 824 940 853 augeantur
955 818 1038 852 spinte

1081 313 1270 348 ὲσκεδασμένῳ
1295 312 1342 339 καὶ
1364 310 1502 341 παντελῶς
1527 309 1664 344 ἀχρήστῳ.
1680 306 1812 335 Ἐντενεῖ
1836 305 1872 332 τὸ

1082 359 1171 390 τόξον
1185 357 1277 384 αὑτοῦ
1297 357 1352 390 ἕως
1374 354 1409 383 οὗ
1431 354 1632 387 ἀσθενήσωσι.
1650 352 1731 385 Τόξον
1755 353 1784 378 ὲν
1811 351 1873 377 τού-

1082 412 1137 434 τοις
1153 403 1201 438 τὴν
1217 402 1353 436 ἀπόφασιν
1368 401 1417 436 τὴν
1435 401 1462 427 ἐν
1475 399 1513 434 τῷ
1526 399 1590 433 θείῳ
1606 398 1707 433 βήματι
1723 395 1874 431 γενησομέ-

1083 458 1132 485 νην
1147 448 1221 484 φησί.
1237 439 1278 474 ’Τὸ
1293 448 1332 478 δὲ.
1345 447 1399 480 ἓως
1417 444 1464 479 οὗ,
1482 445 1541 472 ἀντὶ
1559 445 1616 476 τοῦ,
1630 444 1689 475 καὶ,
1704 445 1793 470 κεῖται
1805 451 1812 457 ·
1829 442 1874 468 ἵνα

1083 492 1111 530 ᾖ.
1129 495 1176 521 καὶ
1190 493 1542 526 ἀσθενήσουσιν.¹¹Επεσε
1563 490 1596 516 τὸ
1621 489 1679 523 πῦρ
1692 489 1737 515 ἐπ’
1749 487 1873 520 αὐτοὺς,

1084 540 1135 567 καὶ
1155 541 1210 566 οὐκ
1231 537 1312 566 εἶδον
1330 538 1383 565 τὸν
1397 538 1492 571 ἥλιον.
1503 535 1705 571 Ἐμῦληθέντες,
1722 534 1816 568 φησὶν,
1834 533 1874 564 εἰς

1085 585 1114 612 τὸ
1136 585 1191 621 πῦρ
1215 585 1246 612 τὺ
1268 584 1385 615 αἰώνιον,
1401 584 1450 618 τῆς
1465 581 1637 616 δικαιοσύνης
1659 581 1704 607 τὸν
1725 580 1804 615 ἥλιον
1824 579 1874 604 οὐκ

1086 631 1354 666 ἐθεάσαντο.”ομοιον
1366 630 1393 656 δὲ
1408 629 1436 655 τό
1446 638 1452 644 ·
1468 627 1592 662 Ἇρθήτω
1602 629 1618 654 ό
1628 627 1750 660 ἀσεϐὴς,
1765 627 1818 653 ἵνα
1829 626 1873 660 μὴ

1086 676 1136 710 ἴδῃ
1153 676 1210 710 τὴν
1225 675 1319 708 δόξαν
1332 674 1451 708 Κυρίου.

1122 721 1182 755 Πρὸ
1205 720 1258 747 τοῦ
1273 719 1409 747 συνιέναι
1427 719 1480 752 τὰς
1497 718 1629 751 ἀκάνθας
1647 717 1728 752 ὑμῶν
1744 716 1804 750 τὴν
1820 716 1876 750 ῥά-

1084 774 1172 801 μνον.
1194 765 1309 801 Ῥάμνος
1326 764 1479 796 ἀκανθῶδες
1495 763 1587 798 φυτόν.
1601 762 1717 797 Λέγειδὲ
1729 762 1774 788 τὸν
1789 761 1877 789 ἀκάν-

1089 812 1159 838 θινον
1184 813 1323 846 στέφανον.
1340 811 1418 846 Πρὶν,
1436 810 1527 846 φησὶν,
1546 809 1659 844 αὐξῆσαι
1681 809 1729 840 τὰς
1754 808 1878 839 ἀκάνθας

252 873 357 898 vesti-aa.
375 867 400 894 id
423 872 464 894 est
483 871 593 901 peccata
609 854 709 897 vestra.
722 870 750 892 et
768 865 901 891 rhamnus
921 863 997 896 ﬁant,
1010 862 1036 889 id

1107 858 1174 893 μῶν,
1192 857 1313 884 τουτέστι
1331 857 1380 888 τὰς
1396 855 1543 891 ἁμαρτίας,
1558 856 1605 882 καὶ
1618 854 1744 889 γενέσθαι
1761 854 1877 889 ῥάμνον,

252 918 294 941 est
314 913 485 941 efﬂorescaut
504 916 530 939 et.
547 912 664 940 fluctum
687 911 791 942 (erant,
806 910 914 937 invadet
932 917 981 937 vos
999 909 1038 936 ira

253 961 355 987 divina.

291 1006 335 1037 il,
349 1005 390 1032 12.
399 1004 642 1038 Lwtabiturjttstus
651 1010 712 1029 cum
724 1002 816 1029 uiderit
827 1001 980 1029 vindictam.
992 999 1041 1027 Iu-

254 1052 300 1083 sti,
314 1051 413 1086 inquit,
423 1058 484 1078 cum
495 1058 510 1077 e
519 1050 607 1076 medio
619 1049 739 1076 sublatos
749 1048 887 1082 improbos
902 1046 1040 1073 daemonas

255 1102 379 1132 tempore
392 1097 457 1131 justi
472 1096 568 1131 jndicii
583 1094 760 1128 conspicient,
771 1093 804 1120 de
817 1093 892 1127 justo
910 1091 955 1119 Dei
967 1090 1042 1125 judi-

255 1143 298 1169 cio
323 1142 488 1176 gaudebunt.
516 1140 585 1173 Quia
610 1140 712 1167 scilicet
733 1138 835 1164 innoxii
850 1135 948 1170 reperti
968 1139 1040 1166 sunt,

256 1193 336 1221 atque
348 1187 426 1213 liberi
441 1194 456 1213 a
473 1186 605 1221 supplicio
620 1193 669 1220 pro
688 1189 776 1211 morte
803 1181 957 1216 iliﬂigendo.
976 1180 1043 1207 Illud

256 1235 339 1266 enim,
353 1234 462 1265 Iuvabit,
473 1233 505 1260 de
517 1233 661 1259 innocente
672 1230 869 1265 accipiendum,
879 1229 956 1262 juxta
965 1226 1042 1257 illud,

257 1278 362 1305 anubo
382 1280 451 1304 inter
476 1279 625 1304 innocentes
647 1283 739 1302 matms
766 1274 877 1301 meas“.
896 1272 990 1307 Utique
1004 1275 1043 1299 est

258 1324 328 1350 Deus
346 1324 472 1357 judicans
491 1332 534 1348 eos
550 1323 576 1349 in
590 1328 670 1348 terra.
686 1320 753 1347 lllud
777 1320 865 1353 utique
886 1326 934 1353 pro
955 1326 1045 1344 ret-era

259 1369 376 1404 positum
389 1374 439 1396 est.
457 1368 558 1402 Utique
573 1372 614 1394 est
628 1366 699 1394 Deus
719 1366 846 1400 judicans
870 1372 926 1392 eos.
950 1363 1041 1397 Conti-

259 1419 360 1446 tcntur,
378 1421 441 1441 vere
453 1412 558 1447 justum
575 1419 636 1439 esse
645 1411 780 1447 judicium
791 1409 838 1437 Dei
850 1409 878 1436 in
890 1416 937 1436 eos
948 1409 1043 1435 latum.

1089 904 1149 930 ἀντὶ
1163 903 1210 930 τοῦ
1230 902 1374 937 ὲξανθῆσαι
1389 902 1436 929 καὶ
1450 903 1669 937 καρποφορῆσαι,
1684 899 1879 936 μετελεύσεται

1090 950 1161 985 ὒμᾶς
1180 950 1196 985 ἡ
1213 948 1272 975 θεία
1289 948 1368 983 ὀργή.

1124 994 1370 1029 Εὐφρανθήσεται
1394 992 1519 1026 δίκαιος,
1544 992 1616 1018 ὅταν
1637 991 1685 1026 ιδῃ
1708 991 1880 1024 ἐκδίκησιν.

1090 1042 1121 1068 0t
1137 1041 1246 1072 δίκαιοι,
1265 1040 1356 1075 φησὶν,
1374 1040 1406 1065 ἐκ
1422 1039 1502 1074 μέσου
1516 1038 1691 1072 γιγνομένους
1704 1037 1766 1068 τοὺς
1782 1036 1882 1071 ἀλιτη-

1093 1087 1165 1122 ρίους
1179 1085 1308 1120 θεώμενοι
1323 1085 1451 1119 δαίμονας
1470 1084 1538 1110 κατὰ
1558 1083 1603 1110 τὸν
1619 1083 1666 1117 τῆς
1680 1082 1882 1117 δικαιοκρισίας

1092 1131 1196 1167 καιρὸν,
1212 1132 1258 1157 ἐπὶ
1279 1130 1317 1165 τῷ
1337 1129 1432 1165 δικαίῳ
1454 1130 1567 1165 κρίματι
1582 1128 1628 1155 τοῦ
1642 1128 1708 1154 Θεοῦ
1724 1127 1883 1163 εὐφρανθή-

1094 1185 1199 1204 σονταιο
1219 1177 1266 1203 ἆτε
1287 1176 1318 1211 δὴ
1342 1175 1425 1202 ἀθῶοι
1450 1175 1525 1201 αὐτοὶ
1548 1174 1702 1210 εὑρεθέντες
1717 1174 1765 1208 τῆς
1781 1173 1830 1199 ἐπὶ
1843 1173 1884 1207 τῷ

1093 1221 1200 1257 θανάτῳ
1221 1221 1366 1252 κολάσεως.
1382 1221 1419 1246 Τὸ
1431 1220 1496 1256 γὰρ,
1510 1220 1639 1253 ﬁgi-erat,
1656 1219 1701 1245 ἐπὶ.
1721 1218 1768 1244 τοῦ
1791 1218 1883 1244 (team

1093 1266 1292 1304 ληπτέον,κατὰ
1308 1266 1352 1292 τό·
1368 1266 1497 1300 Νίψομαι
1521 1265 1556 1291 ἑν
1580 1263 1685 1296 ἀθώοις
1702 1264 1756 1296 τὰς
1779 1263 1886 1297 χεῖράς

1090 1314 1234 1348 μου.Ἃρα
1254 1312 1340 1338 ἐστὶν
1356 1313 1372 1338 ό
1387 1311 1458 1343 Θεὸς
1477 1305 1586 1343 κρίνων
1599 1308 1708 1341 αὐτοὺς
1723 1308 1758 1334 ἐν
1773 1307 1812 1342 τῇ
1833 1308 1884 1342 γῆ.

1095 1358 1141 1389 Τὸ,
1153 1357 1219 1391 ἄρα,
1233 1357 1293 1384 ἀντὶ
1306 1355 1364 1388 τοῦ,
1375 1355 1478 1388 ὅντως,
1490 1354 1694 1389 τέθειται.”Αρα
1705 1354 1777 1380 ἐστὶν
1790 1355 1804 1380 ό
1816 1353 1886 1385 Θεὲς

1095 1403 1195 1438 κρίνων
1219 1402 1326 1433 αὐτούς.
1340 1400 1524 1436 Ὀμολογοῦσι,
1548 1400 1639 1435 φησὶν,
1665 1398 1748 1430 ὅντως
1773 1397 1885 1425 δικαίαν

1096 1448 1228 1484 ὑπάρχειν
1255 1448 1304 1483 τὴν
1329 1448 1372 1474 ἐπ’
1387 1446 1475 1473 αὐτῶν
1507 1445 1690 1480 ἐξενεχθεῖσαν
1713 1444 1806 1479 κρίσιν
1834 1443 1883 1470 τοῦ

1096 1494 1174 1521 Θεοῦ.

261 1550 287 1576 1.
303 1548 337 1576 1η
357 1549 445 1583 ﬁnem,
465 1557 497 1575 ne
519 1547 668 1582 disperdas,
683 1547 791 1580 Davidi,
806 1548 834 1574 in
854 1548 926 1575 tituli
953 1549 1042 1576 inscri-

1106 1541 1151 1572 Εἰς
1170 1539 1204 1565 τὸ
1218 1539 1312 1571 τέλος,
1329 1539 1372 1573 μὴ
1388 1537 1568 1572 διαφθείρῃς,
1582 1535 1621 1568 τῷ
1633 1534 1732 1566 Δαυῒδ,
1746 1535 1790 1567 εὶς
1809 1542 1886 1568 στη-

294 1594 418 1629 ptionem,
430 1593 534 1629 quando
547 1594 618 1619 misit
645 1593 722 1626 Saul,
738 1597 762 1620 et
782 1595 922 1620 custodiuit
944 1594 1050 1622 domum

293 1635 360 1674 ejus,
373 1643 401 1666 ut
415 1647 474 1666 eum
486 1638 650 1672 interficeret.

523 1679 692 1707 PSALMUS
710 1679 821 1708 LVIII.

560 1727 761 1762 Argumentum.

263 1771 359 1799 Livore
371 1771 398 1798 in
416 1770 544 1798 Davidem
560 1771 658 1799 ductus
680 1771 756 1803 Saul,
779 1771 887 1799 etiamsi
907 1771 1045 1799 beneﬁcus

300 1817 352 1844 sibi
373 1822 440 1848 erat.
454 1817 593 1852 quzerebat
610 1817 763 1844 interﬁcere
775 1824 847 1848 eum,
864 1817 944 1843 modo
958 1817 1051 1851 ejacu—

300 1863 359 1889 lans
373 1863 399 1889 in
411 1871 473 1890 eum
490 1863 594 1890 hastam
607 1863 639 1895 ⁸³,
649 1863 730 1890 modo
742 1862 870 1890 obsidens
885 1863 912 1889 in
927 1862 1048 1889 domo".

301 1907 428 1935 Refertur
444 1913 534 1936 autem
550 1908 583 1935 ad
601 1915 746 1943 personam
763 1907 930 1940 Salvatoris,
945 1908 990 1942 qui
1007 1907 1049 1934 in-

297 1958 406 1987 gratum
418 1953 544 1980 lsraelcm
556 1952 695 1979 beneﬁciis
706 1952 805 1984 affecit,
818 1952 896 1986 cujus
906 1958 1051 1986 personam

299 1998 404 2026 ferebat
428 1998 504 2030 Saul,
525 1998 631 2025 insidiis
655 2001 746 2024 autem
773 1997 833 2031 ejus
850 1997 987 2031 appetitus
999 2003 1050 2024 est.

300 2044 468 2071 Praanuntiat
477 2050 587 2078 quoque
599 2043 722 2069 omnium
735 2041 855 2076 gentium
868 2042 1050 2074 vocationem,

297 2090 384 2124 ejecto
396 2090 520 2116 videlicet
531 2089 566 2115 ob
580 2088 746 2122 impietatem
761 2087 871 2120 lsraele,
885 2087 919 2114 ab
931 2094 964 2114 eo
977 2087 1051 2122 quod

300 2134 449 2161 secundum
462 2132 547 2159 Deum
560 2136 600 2158 est
614 2131 676 2158 vitae
689 2130 823 2157 instituto.

299 2179 328 2206 2.
348 2179 426 2214 Eripe
448 2186 488 2205 me
508 2178 539 2204 de
557 2177 672 2204 inimicis
690 2177 765 2209 meis,
780 2175 849 2202 Deus
867 2183 948 2202 meus.
965 2175 1052 2210 Rogat

269 2226 303 2252 ab
315 2224 434 2252 inimicis
444 2231 506 2250 cum
519 2222 696 2250 sensibilibus
706 2225 762 2248 tum
774 2221 962 2256 spiritualibus
973 2221 1051 2256 eripi.

266 2271 312 2299 isti
327 2271 399 2297 enim
415 2270 508 2304 iniqua
522 2272 635 2303 agentes
649 2267 807 2294 invidebant
819 2267 880 2302 ipsi.

302 2365 329 2393 5.
349 2363 439 2399 Neque
457 2363 584 2397 iniquitas
606 2369 674 2393 mea,
696 2369 777 2396 neque
799 2365 933 2396 peccatum
954 2362 1051 2392 meum,

268 2411 388 2438 Domine.
403 2408 497 2436 Simile
514 2409 551 2435 illi
565 2412 626 2434 est:
643 2408 713 2440 Quia
732 2407 900 2442 iniquitatem
915 2413 963 2432 nan
977 2405 1050 2439 fecit,

268 2466 349 2492 neque
363 2457 481 2483 inventus
496 2460 535 2482 est
548 2455 624 2481 dolus
639 2455 668 2480 in
682 2462 726 2480 ore
739 2454 795 2489 ejus
807 2453 840 2481 ".

307 2504 334 2530 6.
347 2502 455 2529 Intende
470 2501 504 2528 ad
518 2501 663 2528 visitandas
677 2508 764 2527 omnes
781 2503 877 2534 gentes.
890 2497 976 2533 Rogat
989 2505 1052 2524 con-

269 2549 336 2576 verti
353 2549 386 2575 ad
400 2548 503 2575 Christi
524 2547 603 2574 tidem
625 2547 793 2577 idololatras,
807 2552 833 2571 et
848 2545 908 2579 ejici
924 2543 1050 2571 lsraelem

269 2595 307 2622 ob
328 2594 499 2628 iniquitatem
522 2600 611 2619 suam.
631 2591 674 2618 Ne
692 2591 842 2618 miserearis
865 2589 984 2616 omnibus
1007 2589 1051 2624 qui

269 2644 411 2674 operantur
439 2638 614 2672 iniquitatem.
639 2635 827 2663 Convertcntnr
848 2634 882 2660 ad
908 2641 1050 2668 vesperam.

269 2685 387 2712 Causam
402 2684 469 2710 dicit
484 2691 534 2710 cur
550 2686 674 2717 precetur
689 2685 718 2707 ut
732 2688 785 2706 non
809 2679 989 2706 misereantur
1002 2678 1051 2706 eis.

269 2731 360 2759 Causa
373 2737 438 2756 vero
452 2732 494 2756 est
509 2728 573 2762 quia
592 2726 823 2760 conspirationem
843 2725 974 2752 adversus
991 2723 1053 2751 Sal-

1137 1585 1311 1620 λογιοαφΙαν,
1332 1585 1422 1611 ὁπότε
1442 1583 1600 1610 ἀπέστειλε
1620 1581 1729 1611 Σαοὺλ.
1741 1580 1791 1607 καὶ
1811 1580 1887 1614 ἐρύ-

1135 1630 1210 1663 λαξε
1230 1630 1283 1657 τὸν
1298 1627 1382 1656 οἶκον
1401 1629 1503 1661 αὐτοῦ,
1524 1627 1576 1655 τοῦ
1594 1626 1761 1654 θανατῶσαι
1779 1626 1887 1652 αὐτόν.

1387 1675 1540 1702 ΨΑΛΜΟΣ
1552 1674 1622 1700 NH’.

1413 1719 1574 1751 Ὑπόθεσις.

1100 1767 1286 1802 Διαφθονήσας
1302 1774 1339 1801 τῳ
1354 1764 1433 1792 Δαυῒδ
1444 1766 1458 1792 ό
1471 1764 1566 1796 Σαοὺλ,
1582 1762 1669 1790 καίτοι
1682 1762 1834 1798 εὐεργέτην
1844 1762 1889 1789 δν-

1136 1823 1179 1845 τα,
1188 1813 1278 1849 ἐζήτει
1291 1812 1459 1843 ἀποκτεῖναι,
1477 1810 1540 1837 ποτὲ
1557 1809 1605 1845 μὲν
1619 1808 1765 1840 ἀκοντίζων
1778 1808 1810 1834 τὸ
1822 1808 1888 1843 δόρυ

1136 1862 1196 1888 κατ’
1210 1858 1303 1891 αὑτοῦ,
1319 1858 1383 1886 ποτὲ
1395 1857 1422 1884 δὲ
1435 1858 1464 1883 ὲν
1474 1855 1512 1891 τῷ
1524 1856 1590 1890 οῖκῳ
1601 1853 1784 1889 ὲκπολιορκῶν
1793 1854 1888 1880 αὐτόν.

1143 1905 1318 1941 Ἀναφέρεται
1340 1903 1369 1930 δὲ
1393 1903 1433 1934 εἰς
1458 1901 1601 1938 πρόσωπον
1622 1898 1667 1926 τοῦ
1686 1898 1823 1934 Σωτῆρος,
1842 1898 1890 1924 ιτιῦ
1903 1918 1911 1927 ,

1136 1950 1341 1986 εὐεργετοῦντος
1361 1949 1408 1984 μὲν
1427 1947 1472 1974 τὸν
1487 1947 1632 1982 ἀχάριστον
1653 1943 1768 1980 Ἰσραὴλ,
1787 1941 1817 1970 οὗ
1844 1944 1892 1970 καὶ

1136 1997 1280 2033 πρόσωπον
1292 1993 1364 2031 εἶχεν
1378 1995 1392 2020 ὁ
1405 1993 1501 2024 Σαοὺλ,
1519 1989 1757 2025 ὲπιὸουλευομένου
1774 1989 1803 2015 δὲ
1822 1989 1889 2025 παρ’

1138 2042 1229 2070 αὐτοῦ.
1243 2040 1453 2075 Εὑαγγελίζεται
1469 2038 1498 2065 δὲ
1514 2037 1559 2064 καὶ
1574 2036 1623 2071 τὴν
1636 2035 1690 2061 τῶν
1706 2033 1793 2060 ἐθνῶν
1805 2033 1892 2061 ἁπάν-

1136 2096 1190 2114 των
1205 2086 1310 2121 κλῆσιν,
1327 2083 1524 2119 ὲκὸαλλομένου
1539 2080 1658 2116 δηλονότι
1671 2079 1714 2106 διὰ
1726 2078 1776 2114 τὴν
1791 2077 1890 2104 δυσσέ-

1137 2133 1212 2159 ϐειαν
1224 2132 1272 2167 τῆς
1289 2130 1359 2158 κατὰ
1371 2130 1437 2157 Θεὸν
1453 2127 1588 2158 πολιτείας
1599 2126 1646 2152 τοῦ
1661 2125 1780 2160 Ἰσραήλ.

1144 2177 1263 2209 ἘΕέλου
1277 2184 1315 2210 με
1328 2176 1362 2202 ἐκ
1379 2174 1436 2201 τῶν
1446 2171 1560 2208 ἐχθρῶν
1576 2179 1645 2206 μου,
1661 2172 1676 2196 ό
1699 2169 1781 2202 Θεός.
1801 2167 1890 2203 Εὔχε-

1104 2231 1147 2250 ται
1162 2222 1298 2257 αἰσθητῶν
1320 2229 1350 2247 τε
1370 2220 1417 2246 καὶ
1442 2217 1544 2253 νοητῶν
1569 2215 1757 2249 ἀπαλλαγῆναι
1771 2212 1892 2248 ἐχθρῶν.

1104 2265 1183 2295 Οὗτοι
1204 2267 1258 2302 γὰρ
1272 2266 1303 2302 δὴ
1324 2266 1412 2301 ἄνομα
1428 2263 1609 2300 πραττόμενοι
1623 2261 1751 2296 ἐφθόνουν
1768 2259 1831 2286 κατ’
1846 2259 1893 2285 αὒ-

1102 2323 1149 2341 του
1153 2335 1160 2342 ι

1141 2359 1214 2386 οὔτε
1224 2359 1242 2392 ἠ
1251 2357 1359 2392 ἀνομία
1369 2365 1440 2390 μου,
1452 2355 1520 2382 οὔτε
1533 2354 1552 2387 ὴ
1566 2352 1692 2388 ἁμαρτία
1705 2360 1777 2386 μου,
1790 2352 1891 2386 Κύριε.

1104 2403 1215 2438 Ὅμοιον
1223 2401 1262 2436 τῷ
1273 2410 1279 2416 ·
1291 2401 1350 2427 ’Ότι
1363 2400 1491 2434 ἀνομίαν
1500 2399 1554 2425 οὐκ
1563 2397 1714 2430 ἐποίησεν,
1726 2395 1800 2423 οὐδὲ
1813 2397 1892 2430 εὐρέ-

1104 2449 1140 2481 θη
1160 2447 1249 2479 δόλος
1263 2446 1297 2472 ἐν
1310 2445 1350 2478 τῷ
1365 2446 1488 2479 στόματι
1504 2443 1606 2470 αὑτοῦ.

1140 2492 1274 2527 Πρόσχες
1301 2491 1354 2518 τοῦ
1378 2489 1598 2523 ἐπισκέψασθαι
1622 2487 1719 2514 πάντα
1743 2486 1782 2513 τὰ
1807 2487 1890 2520 ἔθνη.

1104 2538 1218 2574 Εὖχεται
1245 2536 1411 2571 ἐπιστροφὴν
1433 2534 1558 2569 γενέσθαι
1581 2534 1626 2560 ἐπὶ
1650 2533 1699 2568 τὴν
1718 2534 1760 2564 είς
1773 2533 1892 2568 Χριστὸν

1104 2585 1194 2611 πίστιν
1203 2583 1256 2610 τῶν
1265 2581 1473 2616 εἰδωλολατρῶν,
1485 2579 1619 2615 ἀποϐολὴν
1633 2579 1661 2606 δὲ
1673 2579 1718 2605 τοῦ
1727 2579 1840 2614 Ἰσραὴλ
1852 2579 1892 2605 διὰ

1104 2629 1153 2665 τὴν
1171 2629 1283 2663 ἀνομίαν
1303 2628 1402 2654 αὐτῶν.
1419 2626 1467 2660 Μὴ
1487 2625 1674 2659 οὶκτειρήσῃς
1689 2624 1807 2657 πάντας
1824 2624 1892 2658 τοὺς

1102 2674 1314 2710 ἐργαζομένους
1335 2673 1393 2706 τὴν
1414 2673 1549 2707 ἀνομίαν.
1578 2669 1829 2704 Ἐπιστρέφουσιν
1850 2671 1891 2700 εις

1103 2720 1246 2755 ἑσπέραν.
1270 2719 1325 2755 Τὴν
1348 2719 1437 2745 αίτίαν
1457 2718 1523 2753 φησὶ
1543 2717 1575 2744 δι’
1597 2714 1631 2753 ἧς
1656 2716 1694 2751 μὴ
1709 2715 1889 2752 οἰκτείρεσθαι

306 2820 330 2835 ⁸⁷
346 2818 400 2846 Isa.
416 2824 491 2851 nvi,
504 2815 537 2842 10
553 2813 698 2843 sec.LXX.
738 2813 835 2841 "Psal.
853 2821 915 2845 xxv,
931 2813 958 2840 6.
997 2810 1116 2847 "lReg.
1130 2817 1187 2842 xu,
1205 2808 1247 2836 l0.
1285 2809 1308 2825 ”
1325 2808 1389 2835 ibid.
1406 2807 1447 2839 l5,
1463 2806 1506 2834 i6.
1543 2806 1564 2823 "
1580 2806 1588 2833 l
1604 2805 1675 2833 Petr.
1695 2812 1725 2838 tt,
1738 2804 1786 2834 22.
