1922 3057
46 99 96 127 269

608 95 789 124 exeosmo
805 95 839 122 l‘N
857 84 1025 124 essanun
1047 82 1128 124 LIX}

1611 92 1663 122 270

78 153 120 180 διὰ
137 153 255 189 Χριστὸν
266 143 410 190 ζτιμωριας
431 152 566 188 γεγονὼς,
582 154 749 189 ἐπιστροφήν
766 161 824 179 τινα

914 153 1047 186 converti,
1062 152 1244 188 postulantem
1261 151 1321 180 dari
1339 151 1390 180 sibi
1403 151 1516 187 gratiam
1530 159 1577 187 per
1587 152 1665 181 Chri-

79 201 203 231 ποιεῖται,
217 199 301 226 αἰτῶν
316 199 363 226 καὶ
378 199 459 231 αὐτὸς
474 199 523 234 τῆς
538 199 582 225 διὰ
590 199 705 233 Χριστὸν
720 198 830 234 χάριτος

78 246 232 281 ἀξιωθῆναι.
257 246 445 273 ’Δποκλαέεται
456 245 484 271 δὲ
498 246 605 281 πρῶτον
617 245 666 280 τὴν
680 244 829 279 γενομένην

78 293 149 327 αὐτῷ
162 292 204 319 διὰ
216 293 265 328 τὴν
279 294 318 324 εἰς
331 293 447 328 Χριστὸν
459 292 616 319 δυσσέϐειαν
627 290 827 326 καταστροφὴν,

77 339 116 365 διὸ
128 340 173 365 καί
188 347 280 374 φησιν·

84 385 109 411 '0
126 385 207 418 Θεὸς.
222 384 332 412 ἀπώσω
343 384 431 419 ἡμᾶς,
449 384 499 411 καὶ
520 383 656 416 καθεῖλες
668 381 757 417 ἡμᾶς,
773 381 828 415 ὼρ-

46 431 144 464 τίσθης
168 431 217 457 καὶ
239 430 425 464 ᾠκτείρησας
440 429 530 465 ἡμᾶς.
549 430 727 465 Ἐτιμωρήσω
743 429 827 463 ἡμᾶς,

46 477 118 512 φησὶ,
133 476 178 503 διὰ
191 477 240 511 τὴν
257 477 297 508 εις
316 476 346 502 σὲ
365 475 553 512 γεγενημένην
573 476 740 502 δυσσέϐειαν.
750 475 829 501 Ἀλλὰ

45 524 89 549 καὶ
100 523 267 558 ᾡκτείρησας
278 523 363 558 ἡμᾶς·
374 522 404 549 τὸ
417 522 481 558 γὰρ,
494 522 688 556 ᾠκτείρησας,
699 523 758 548 ἀντὶ
769 521 827 554 τοῦ,

47 569 236 601 οἱκτείρησον,
257 568 273 602 ἢ
295 567 382 599 ἄλλως
404 567 449 598 τὸ,
473 568 668 601 ᾠκτείρησας,
696 567 829 598 ἐλεεινοὺς

47 615 90 640 καὶ
105 614 209 645 ἀθλίους
222 614 377 648 ἀπέφηνας,
395 613 432 645 ὡς
447 613 492 640 διὰ
508 613 558 645 τὰς
577 612 719 649 συμφορὰς
734 612 828 648 καιρὸν

47 659 107 686 εἶναι
126 659 356 694 κατοικτείρεσοαι
374 659 476 685 λοιπόν.
490 658 675 691 Σιινέσεισας
686 657 743 691 τὴν
757 656 826 692 γῆν,

47 707 90 733 καὶ
109 706 316 740 συνετάραξας
337 704 443 738 αὑτήν.
470 705 525 740 Τὴν
552 703 729 739 Ἰερουσαλήμ
750 712 827 738 φησι,

47 753 86 779 διὰ
103 753 131 778 τὸ
147 752 361 787 πολιορκηθῆναι
375 751 470 787 αὐτὴν,
486 752 534 777 καὶ
548 751 593 778 τὸν
608 752 636 776 ὲν
657 750 725 785 αὐτῇ
741 758 827 776 κατα-

49 797 188 833 στραφῆναι
211 796 288 823 νεών.
305 797 340 823 Ἦ
359 797 405 822 καὶ
420 796 471 831 τὴν
491 796 588 831 νοητὴν
604 795 693 822 αὐτῶν
708 795 759 830 γῆν
774 803 827 830 φη-

49 842 174 876 σιν,.ῆτις
197 841 242 868 διὰ
263 841 312 876 τὴν
334 840 509 876 ἀποστροφὴν
527 840 575 875 τὴν
597 839 746 875 γενομένην
766 839 826 866 κατ’

46 888 126 915 αὐτῶν
140 887 385 922 κατακεκλόνηται.
396 888 490 914 Ἵασαι
508 887 543 913 τὰ
559 886 766 920 συντρίμμιιτα
778 886 828 912 αὺ-

45 933 102 965 τὴς,
117 933 160 959 ὅτι
175 933 340 966 ἐσαλεύθη.
355 932 439 959 Πάλιν
456 933 490 958 τὰ
506 931 677 967 γεγενημένα
690 930 825 963 διέξεισιν.

78 979 210 1012 Ἐὃειξίις
224 979 264 1011 τῷ
279 978 342 1011 λαῷ
356 985 414 1005 σου
429 978 558 1012 σκληρά.
571 978 616 1013 Τῷ
629 977 735 1012 πλήθει,
748 977 825 1013 φησὶ,

45 1026 92 1056 τῶν
107 1025 263 1060 συμφορῶν,
293 1024 418 1060 καθάπερ
439 1024 503 1059 οἴνῳ
521 1024 575 1050 τινὶ
595 1024 681 1058 κάρον
703 1024 767 1059 ἡμῖν
785 1024 827 1049 ὲν-

46 1071 174 1106 εποξησας,
190 1071 239 1098 καὶ
251 1071 348 1106 ὀδύνης
362 1070 513 1105 ἐνέπλησας
520 1069 569 1100 τὰς
582 1069 719 1104 ἡμετέρας
726 1068 825 1104 ψυχάς.

50 1118 197 1150 Ἐπότισας
224 1116 304 1151 ἡμᾶς
328 1116 400 1149 οϊνῳ
421 1115 620 1147 κατανύξεως.
646 1114 723 1141 Οὕτω
744 1114 792 1141 καὶ
812 1115 826 1140 ὁ

51 1162 153 1194 Ἀκύλας
166 1162 350 1197 ἡρμήνευσεν·
371 1161 531 1192 Ἑπότισας
548 1158 626 1193 ἡμᾶς
640 1158 711 1192 οϊνῳ
732 1157 826 1193 καρώ-

45 1217 121 1241 σεως.
139 1206 219 1234 Οἶνον
234 1206 406 1240 κατανύξεως
418 1206 467 1237 τὰς
483 1207 510 1232 ὲν
524 1208 583 1236 ταῖς
602 1205 687 1236 θείαις
705 1205 826 1240 Γραφαῖς

44 1255 166 1290 τιμωρίας
181 1255 261 1290 φησι,
280 1253 330 1284 τὰς
351 1252 641 1287 προανακηρυχθεὶσας
665 1252 756 1282 αὐτοῖς
776 1251 826 1286 τῆς

44 1302 78 1332 εὶς
93 1301 209 1336 Χριστὸν
226 1299 384 1330 δ’)σσεῦείας
400 1298 491 1324 ἓνεκα.
516 1297 760 1331 ’Λναγινώσκοντες
771 1297 825 1333 γὰρ

45 1348 85 1373 καὶ
101 1349 131 1383 τῇ
147 1347 230 1382 πείρᾳ
241 1346 274 1372 τὰ
296 1345 518 1381 προηγορευμένα
539 1344 727 1379 μανθάνοντες,
741 1352 825 1369 κατα-

45 1393 172 1419 νύττοιται
195 1392 226 1418 τὺ
247 1391 376 1422 συνειδός.
392 1389 526 1422 Ἕὸωκας
549 1389 610 1422 τοῖς
630 1389 825 1423 φοϐουμένοις

46 1447 76 1464 σε
86 1439 251 1472 σημείωσιν
270 1437 322 1464 τοῦ
343 1436 450 1471 φυγεῖν
473 1435 532 1462 ἀπὸ
547 1435 709 1469 προσώπου
723 1434 823 1466 τόξου.

45 1485 186 1520 Σημεὶωσις
201 1486 216 1511 ὁ
229 1484 379 1519 φωτισμὸς,
396 1484 456 1510 καθ’
474 1483 503 1509 ὃν
515 1482 624 1508 δύναταί
637 1490 678 1513 τις
692 1482 825 1517 διάκρισιν

46 1532 107 1566 ἔχειν
130 1532 306 1567 πνευμάτων,
331 1531 378 1557 καὶ
396 1530 498 1565 ἀγαθοῦ
522 1529 569 1556 καὶ
595 1529 690 1555 κακοῦ.
715 1528 822 1563 Ταύτης

45 1580 90 1614 γὰρ
111 1579 158 1614 τῆς
186 1579 316 1613 γνώσεως
344 1577 514 1613 ὑπαρξάσης,
536 1575 671 1610 φεύγομεν
693 1575 747 1601 ἀπὸ
770 1574 822 1600 τῶν

46 1625 171 1659 χειρόνων,
188 1624 300 1660 μακρὰν
311 1623 396 1650 κακοῦ
411 1623 492 1658 ἔργου
512 1623 559 1648 καὶ
574 1621 727 1656 πνεύματος
740 1629 823 1656 πονη-

47 1670 85 1704 μῦ
100 1670 247 1705 γινόμενοι.
264 1669 318 1696 Τοῦ
331 1669 434 1696 αὑτοῦ.
459 1669 552 1703 Ἡμεῖς
570 1667 629 1702 μὲν,
645 1666 726 1701 φησὶ,
740 1666 772 1692 δι’
789 1665 822 1701 ἥν

46 1715 192 1751 ἐπράξαμεν
214 1715 374 1741 δυσσέϐειαν
390 1712 616 1749 τετιμωρήμεθα·
633 1713 657 1738 οἱ
679 1712 706 1738 δὲ
727 1711 824 1746 φοϐού-

47 1762 110 1794 μενοί
123 1770 152 1787 σε
168 1762 282 1797 σημεῖον
299 1760 422 1793 ἐδέξαντο
437 1759 524 1795 (δῆλον
541 1758 578 1790 δὲ,
590 1759 630 1784 ὃτι
647 1759 675 1784 ἐν
726 1758 825 1792 ἐσφρα-

46 1807 189 1843 γὶπθημεν),
204 1808 279 1838 ὅπως
292 1806 324 1832 ἂν
337 1805 389 1839 ἔξω
404 1805 494 1840 πάσης
507 1804 670 1838 χολαστικῆς
693 1803 824 1838 ἐπηρείας

47 1854 163 1887 γένοιντο.
179 1853 282 1880 Τούτου
295 1853 323 1879 δὲ
340 1851 386 1878 τοῦ
405 1851 516 1887 σημείου
530 1850 614 1881 τύπος
627 1847 661 1884 ἦν
677 1849 707 1875 τὸ
723 1850 751 1875 ἐν
765 1850 823 1880 ταῖς

48 1900 126 1932 ᾠδαῖς
140 1900 195 1926 τῶν
208 1898 353 1934 προϐάτων
370 1898 399 1924 ἐν
410 1897 539 1931 Αἰγύπτῳ
551 1895 694 1930 χριόμενον
707 1893 786 1930 αἷμα.

81 1945 108 1971 '0
131 1945 203 1977 Θεέ-ς
222 1943 377 1978 ἐλάλησεν
398 1943 432 1969 ὲν
449 1941 488 1974 τῷ
505 1941 577 1976 ἁγίῳ
592 1941 696 1968 αὐτοῦ.
712 1940 824 1976 Ὅμοιον

47 1990 92 2024 τῷ.
115 1991 176 2017 Ἐπ’
188 1989 323 2024 ἐσχάτου
341 1988 400 2015 τῶν
413 1986 531 2021 ἡμερῶν
546 1986 659 2012 τούτων
671 1985 825 2019 ἐλάλησεν

50 2037 109 2070 ἡμῖν
121 2038 155 2064 ἐν
174 2035 242 2068 ΥῙῷ.
255 2035 340 2066 Αὐτὸς
354 2034 408 2069 γάρ
421 2034 495 2059 ἐστιν
511 2033 525 2058 ὁ
537 2033 613 2066 ἆγιος
625 2031 673 2058 τοῦ
693 2031 760 2058 Θεοῦ
779 2031 825 2058 καὶ

49 2082 150 2118 Πατρός.
175 2083 208 2109 Τί
232 2082 261 2108 δὲ
279 2082 404 2115 ὲλάλησε,
426 2080 474 2106 καὶ
500 2079 568 2115 πρὸς
590 2078 650 2105 τίνα
672 2078 823 2113 ὲλάλησεν;

55 2128 150 2164 Ἐπειδὴ
174 2128 277 2164 ηὔξατο
303 2128 332 2153 ὲν
354 2126 394 2161 τῷ
416 2125 579 2161 πῳλαῦόντι
600 2124 700 2160 ψαλμῷ
720 2124 822 2158 λέγων·

54 2165 182 2207 Τζιὼθητι
203 2174 253 2200 ἐπὶ
282 2172 352 2205 τοὺς
377 2171 539 2206 οὐρανοὺς,
556 2172 572 2197 ό
590 2170 678 2202 Θεὸς,
704 2169 752 2196 καὶ
775 2169 826 2196 ἐπὶ

50 2218 141 2246 πᾶσαν
152 2220 210 2253 τὴν
224 2219 283 2254 γῆν
295 2220 314 2253 ἡ
327 2218 402 2250 δόξα
421 2225 489 2244 σου·
503 2216 597 2243 τούτου
613 2216 692 2252 χάριν
709 2215 822 2251 ἀποκρί-

50 2272 124 2296 νεται,
140 2265 177 2296 ὡς
190 2265 225 2292 τὰ
238 2265 346 2299 Σίκημα
365 2263 413 2299 μὲν
437 2263 582 2298 διαμεριεζ
596 2261 720 2288 τουτέστι
731 2260 761 2286 τὸ
781 2260 828 2295 βα-

53 2310 138 2337 σᾱειον
161 2311 208 2338 τοῦ
233 2310 355 2346 Ἰσραήλ·
380 2311 410 2336 ὲν
426 2309 557 2344 Σικήμοις
579 2307 633 2342 γὰρ
655 2304 699 2342 ἦν.
722 2306 827 2333 Δέδωκε

52 2354 99 2389 γὰρ
111 2355 173 2382 αὐτὸ
192 2355 348 2389 ἀλλοφύλοις
363 2353 452 2381 ἔθνεσι
465 2355 522 2384 τοῖς
540 2352 716 2379 πιστεύσασιν
727 2352 766 2383 εἰς
779 2352 827 2378 αὺ-

51 2396 100 2423 τόν.
120 2399 172 2425 Kal
193 2398 252 2432 τὴν
269 2398 394 2425 κοιλάδα
409 2397 468 2424 τῶν
484 2396 607 2430 σκηνῶν
629 2395 825 2430 διαμετρήσω.

51 2442 159 2471 Κοιλάδα
170 2445 187 2479 ἡ
199 2443 258 2470 θεία
271 2444 366 2480 Γραφὴ
382 2444 412 2470 τὺ
426 2443 534 2470 πάντων
551 2442 702 2477 ἀνθρώπων
714 2443 825 2477 οἰκητή-

54 2488 103 2521 ριὸν
114 2497 187 2524 φησι.
202 2490 309 2525 Ταύτην
319 2488 375 2522 οὖν,
391 2490 466 2525 φησὶ,
483 2489 533 2523 τὴν
551 2488 662 2515 κοιλάδα
683 2489 772 2514 πᾶσαν
786 2488 826 2519 εἰς

54 2534 145 2567 σκηνὰς
165 2534 275 2569 ἐμαυτῷ
297 2535 485 2570 διαμετρήσω·
509 2534 646 2560 τουτέστιν
674 2532 826 2567 ἐκκλησιῶν

53 2577 232 2614 πληρεστάτην
243 2580 404 2607 ἀποτελέσω.

89 2624 168 2658 Ἐμός
181 2626 248 2652 ἐστι
262 2625 393 2658 Γαλαὰδ,
406 2625 454 2652 καὶ
474 2625 545 2660 ἐμός
560 2625 626 2651 ἐστι
645 2623 825 2656 Μανασσῆς.

55 2668 96 2694 Διὰ
109 2670 211 2697 Γαλαὰδ
228 2671 274 2697 καὶ
286 2672 417 2707 Μανασσῆ
438 2671 574 2706 σημαίνει,
590 2670 627 2701 ὡς
639 2670 667 2696 ὲν
681 2671 714 2704 τῇ
727 2669 826 2703 ἐπιφα-

54 2713 106 2747 νείᾳ
122 2715 203 2742 αἰντοῦ
226 2716 342 2752 πρώτοις
368 2717 503 2749 Ἰουδαίοις
519 2716 652 2752 κηρύσσει
668 2715 716 2751 τὴν
734 2715 824 2751 χάριν.

101 2803 121 2818 ’³
134 2802 214 2832 Hebr.
231 2812 250 2836 ι,
266 2804 293 2830 2.

915 204 1000 226 stum.
1013 198 1142 234 Deplorat
1158 203 1248 226 autem
1260 199 1377 233 primum
1391 199 1492 226 illatam
1509 199 1559 226 sibi
1571 199 1606 227 ob
1617 199 1666 227 im-

915 246 1042 280 pietatem
1059 245 1086 272 in
1102 244 1241 272 Christum
1255 245 1375 279 ruinam,
1390 253 1476 281 quare
1492 245 1531 273 ait
1545 255 1553 273 :

914 375 941 407 5,
960 374 988 401 4.
1007 374 1088 408 Deus,
1105 374 1225 409 repulisti
1242 382 1287 400 nos
1301 379 1325 400 et
1342 373 1495 400 destruxiin
1509 381 1566 404 nos,
1581 373 1666 399 iratus

879 428 905 447 es
916 425 941 447 et
954 421 1077 448 misertus
1094 429 1120 447 es
1135 421 1218 448 nobis.
1234 420 1415 455 Supplicium,
1430 420 1528 455 inquit,
1541 421 1574 447 de
1588 420 1666 447 nobis

879 467 1021 501 sumpsisti
1041 466 1076 493 ob
1096 471 1219 493 nostram
1232 474 1295 501 erga
1311 472 1335 493 te
1352 466 1528 500 impietatem.
1545 465 1598 492 Sed
1614 466 1667 492 mi-

879 518 970 540 sertus
983 521 1013 540 es
1027 513 1124 544 nobis;
1142 513 1207 539 illud
1224 517 1326 545 autem,
1341 513 1464 540 misertus
1477 520 1503 539 es
1518 519 1568 547 pro
1587 512 1666 538 mise-

879 567 936 585 rere
949 559 1067 593 positum
1083 563 1134 591 est,
1147 564 1194 585 aut
1211 558 1265 585 alio
1278 559 1371 589 modo,
1389 558 1511 584 misertus
1531 566 1569 589 es,
1586 558 1668 584 mise-

880 613 925 632 ros
938 604 1061 637 eil‘ecisti,
1076 605 1114 632 ita
1127 609 1157 632 ut
1171 609 1282 640 propter
1294 604 1465 631 calamitates
1480 603 1534 638 jam
1559 607 1667 637 tempus

880 651 926 682 sit,
956 655 986 678 ut
998 651 1078 678 nobis
1092 651 1277 678 misericordia
1300 651 1482 686 impendatur.
1498 649 1668 676 Commovisti

880 703 978 725 terram
991 703 1014 725 et
1028 698 1192 725 conturbasti
1204 706 1272 725 eam.
1285 697 1436 725 Jerusalem
1450 697 1525 728 dicit,
1542 696 1606 731 quia
1622 696 1668 723 ob-

879 751 954 770 sessa
969 743 1020 770 fuit
1034 748 1061 770 et
1077 744 1206 778 templum
1227 744 1286 778 ejus
1305 743 1364 771 solo
1379 749 1526 778 aequati-nn.
1543 743 1598 769 Λιιι
1613 742 1668 776 spi-

878 790 1005 817 ritualem
1026 797 1120 817 eorum
1137 795 1237 817 terram
1253 790 1329 823 dicit,
1345 797 1405 824 qua:
1422 795 1532 824 propter
1547 788 1668 815 aversio-

842 837 864 864 B
878 842 938 861 nem
950 843 1011 869 quae
1022 835 1073 870 ipsi
1083 835 1192 863 obvenit
1201 841 1336 863 commota
1348 841 1399 863 est.
1413 835 1486 864 Sana
1498 836 1667 862 contritiones

877 881 934 915 ejus
959 883 1021 916 quia
1043 889 1174 909 commota
1196 887 1246 909 est.
1265 882 1384 910 Rursum
1414 891 1475 918 quae
1500 887 1575 918 gesta
1603 886 1668 910 sunt

877 933 998 956 enarrat.
1021 949 1024 951 -

917 974 943 1006 5,
955 974 982 1002 6.
1000 974 1146 1002 Ostendiin
1161 976 1258 1010 populo
1274 980 1318 1002 tuo
1334 976 1412 1003 dura.
1427 975 1608 1008 Multitudine,
1623 975 1668 1004 in-

877 1021 947 1055 quit,
962 1021 1160 1054 calamitatum,
1172 1022 1251 1056 quasi
1267 1023 1330 1049 vino
1343 1022 1461 1057 quodam
1477 1029 1603 1057 soporem
1617 1030 1668 1050 no-

877 1066 920 1094 bis
935 1066 1058 1099 eﬂ‘ecisti,
1073 1075 1106 1094 ac
1121 1068 1216 1095 dolore
1230 1068 1337 1098 animas
1355 1073 1464 1096 nostras
1481 1069 1665 1103 complevisti.

878 1111 983 1140 Potasti
996 1122 1042 1140 nos
1058 1115 1116 1140 vino
1132 1115 1351 1148 compunctionis.
1370 1115 1407 1142 Ita
1420 1114 1519 1149 Aquila
1531 1119 1574 1142 est
1586 1115 1667 1143 inter-

877 1162 999 1193 pretatus
1014 1168 1021 1185 :
1036 1158 1140 1186 Potasti
1153 1168 1200 1186 nos
1216 1161 1274 1187 vino
1285 1161 1398 1195 saporis.
1415 1160 1516 1188 Vinum
1531 1168 1666 1196 compun-

877 1204 985 1235 ctionis,
1000 1204 1130 1239 supplicia
1141 1205 1168 1232 in
1181 1205 1331 1240 Scripturis
1342 1210 1491 1233 memorata
1501 1211 1590 1237 vocat,
1601 1214 1668 1241 pras-

877 1251 1000 1277 nuntiata
1015 1251 1067 1278 illis
1077 1251 1112 1278 ob
1123 1251 1245 1286 ipsorum
1262 1251 1472 1287 ergaCbristum
1488 1253 1664 1288 impietatem.

878 1293 946 1321 Dum
962 1295 1055 1329 legunt
1072 1296 1156 1328 enim,
1170 1299 1197 1323 et
1211 1305 1271 1331 qua:
1289 1298 1418 1332 pradicta
1439 1304 1503 1325 sunt
1523 1299 1667 1334 experien-

877 1341 912 1367 tia
927 1341 1062 1374 etliscunt,
1076 1342 1243 1370 conscientia
1256 1350 1486 1379 compunguntur.
1502 1345 1604 1372 Dedisti
1616 1354 1667 1373 me-

878 1386 1009 1412 tuentibus
1027 1391 1050 1414 te
1062 1388 1281 1422 signi/irationem
1300 1395 1329 1415 ut
1344 1391 1446 1425 fugiant
1462 1399 1478 1417 a
1496 1391 1564 1426 facie
1577 1400 1664 1420 arcus.

878 1431 1045 1466 Signilicatio
1059 1439 1100 1460 est
1119 1435 1283 1462 illuminatin
1295 1443 1349 1470 qua
1367 1442 1454 1471 potest
1471 1438 1600 1466 discretio
1615 1439 1667 1466 ha-

877 1477 934 1503 beri
946 1478 1100 1512 spirituum,
1116 1488 1221 1507 necnon
1239 1481 1302 1508 boni
1316 1486 1343 1509 et
1354 1483 1430 1509 mali.
1445 1482 1500 1510 Hac
1511 1484 1582 1511 enim
1598 1493 1666 1519 pra:-

839 1516 860 1546 C
876 1522 926 1549 diti
940 1524 1052 1556 notitia,
1068 1524 1187 1559 fugimus
1202 1534 1216 1553 a
1233 1527 1328 1558 malis,
1348 1527 1481 1563 longeque
1497 1516 1666 1559 declinamus

877 1570 911 1597 ab
933 1571 1058 1605 improbo
1082 1579 1162 1606 opere
1180 1578 1204 1600 et
1228 1581 1244 1601 a
1261 1575 1380 1610 maligno
1403 1576 1511 1610 spiritu.
1528 1577 1664 1612 Ejusdem.

875 1616 942 1651 Nos,
957 1618 1055 1653 inquit,
1072 1619 1106 1646 ob
1116 1624 1237 1646 nostram
1250 1620 1415 1656 impietatem
1431 1623 1562 1658 supplicio
1570 1632 1666 1652 sumus

876 1663 963 1691 affecti
977 1673 984 1691 :
996 1665 1079 1699 atqui
1098 1665 1195 1692 timent
1206 1670 1241 1699 te,
1258 1667 1366 1701 signum
1383 1674 1547 1702 acceperunt
1563 1671 1664 1705 (palam

876 1713 966 1737 autem
980 1715 1022 1738 est
1038 1711 1103 1738 illud
1123 1712 1232 1746 signum
1246 1719 1306 1740 esse
1324 1721 1379 1748 quo
1391 1714 1528 1749 obsignati
1544 1717 1664 1753 sumus),

876 1760 908 1783 ut
933 1757 1007 1783 omni
1033 1757 1167 1792 supplicio
1193 1758 1272 1786 liberi
1288 1760 1353 1786 sint.
1374 1759 1462 1795 Hujus
1478 1766 1569 1790 autent
1594 1763 1664 1798 signi

877 1805 958 1837 typus
978 1807 1036 1829 erat
1059 1802 1172 1838 sanguis
1196 1803 1288 1830 ovium
1298 1803 1327 1830 in
1340 1803 1458 1840 [Egypto
1480 1806 1605 1840 postibus
1622 1807 1665 1834 in-

877 1856 1011 1884 spersum.

913 1947 940 1974 8.
961 1946 1031 1975 Deus
1053 1948 1157 1975 locutus
1179 1953 1218 1976 est
1239 1951 1267 1976 in
1288 1955 1380 1978 sancto
1393 1959 1451 1978 suo.
1469 1951 1563 1980 Simile
1577 1953 1662 1981 huic:

877 1993 912 2020 In
935 1994 1073 2020 novissimo
1095 1994 1197 2021 dierum
1219 1995 1333 2022 istorum
1355 1997 1458 2023 locutus
1474 2002 1513 2024 est
1538 1999 1613 2025 nobis
1636 2000 1664 2026 in

879 2038 993 2066 Filio".
1017 2039 1075 2074 Ipse
1099 2048 1218 2075 namque
1241 2045 1282 2068 est
1305 2047 1417 2070 sanctus
1437 2042 1484 2070 Dei
1509 2048 1536 2071 et
1562 2043 1663 2073 Patris.

878 2084 948 2118 Quid
973 2090 1000 2113 et
1024 2086 1066 2113 cui
1090 2086 1198 2114 locutus
1220 2088 1280 2115 est?
1294 2087 1439 2123 Postquam
1457 2090 1483 2116 in
1501 2091 1664 2125 praecedenti

878 2132 984 2167 psalmo
996 2138 1121 2167 precatus
1133 2132 1220 2160 fuerat
1234 2143 1240 2160 :
1257 2133 1385 2161 Exaltare
1397 2143 1474 2170 super
1486 2138 1573 2169 coctos,
1583 2136 1663 2170 Deus,

878 2183 902 2205 et
916 2187 994 2213 super
1011 2187 1111 2206 onmem
1132 2184 1228 2206 terram
1246 2181 1330 2216 gloria
1345 2187 1407 2214 tua;
1433 2182 1493 2210 ideo
1507 2184 1662 2218 respondet,

877 2231 907 2252 se
919 2225 1028 2259 quidem
1042 2225 1162 2252 Sichima
1176 2226 1339 2259 divisurum,
1354 2227 1380 2254 id
1394 2232 1445 2260 est,
1463 2228 1565 2263 regiam
1577 2229 1665 2257 Israe-

877 2270 911 2298 lis
928 2278 989 2305 quae
1010 2271 1037 2297 in
1062 2270 1191 2299 Sicliimis
1213 2277 1280 2299 erat.
1305 2271 1372 2312 l‘lam
1390 2273 1462 2300 dedit
1484 2281 1543 2301 eam
1567 2274 1665 2301 alienis

877 2317 1013 2352 gentibus,
1030 2325 1090 2352 quas
1102 2317 1273 2344 crediderant
1291 2317 1324 2344 in
1341 2318 1440 2352 ipsum.
1465 2318 1500 2346 Et
1519 2319 1665 2347 convallem

878 2361 1108 2389 tabernaculorum
1120 2361 1240 2388 metibor.
1249 2361 1405 2389 Convallem
1420 2363 1510 2390 divina
1523 2363 1664 2399 Scriptura

877 2409 1001 2436 omnium
1029 2409 1169 2435 hominum
1194 2409 1361 2436 domicilium
1378 2414 1465 2437 vocat.
1485 2408 1561 2438 Hane
1583 2411 1664 2446 igitur

877 2463 986 2483 omnem
1011 2456 1160 2483 convallem
1183 2455 1209 2482 in
1232 2455 1407 2483 tabernacula
1433 2456 1499 2483 mihi
1525 2457 1662 2489 dimetiar,

876 2501 902 2528 id
916 2505 966 2533 est,
982 2501 1158 2529 ecclesiarum
1178 2501 1362 2536 plenissimam
1378 2501 1501 2529 elliciam.

915 2622 941 2650 9.
956 2623 1029 2651 Meus
1045 2629 1083 2651 est
1098 2624 1202 2652 (ἐπιτιαά
1213 2630 1237 2652 et
1248 2634 1319 2652 meus
1331 2630 1368 2652 ut
1386 2627 1531 2654 Manassrs.
1548 2626 1600 2653 Per
1611 2626 1663 2654 Ga-

879 2668 940 2696 laad
959 2675 986 2696 et
1004 2669 1146 2698 Manassen
1173 2671 1305 2706 signiﬁcat
1321 2679 1350 2699 se
1372 2672 1398 2698 in
1414 2672 1528 2699 adventu
1546 2679 1595 2698 suo
1613 2671 1662 2697 Ju-

880 2715 945 2743 dzis
969 2716 1088 2751 primum
1120 2718 1233 2752 gratiam
1258 2718 1476 2752 prmdicaturum.
1502 2717 1557 2745 lmo
1582 2718 1663 2744 etiam
