1922 3057
253 131 303 158 27!

674 127 703 155 S.
723 126 908 157 ATIIANASII
927 126 1003 154 OPI’.
1025 125 1113 153 PARS
1133 123 1177 153 IIl.
1197 140 1232 145 —
1251 123 1456 152 EXEGETICA.

1821 123 1874 149 ἳτέ

255 190 382 226 Ephraim
401 194 427 216 et
441 188 525 216 Iudas
539 187 599 215 duae
621 187 702 223 regite
723 187 811 213 tribus
826 185 908 213 Israel
923 185 1036 221 gratiam

1095 184 1174 211 Ἀλλὰ
1188 184 1235 211 καὶ
1257 183 1385 219 Ἐφραῖμ,
1402 182 1477 217 φησὶ,
1496 181 1542 208 καὶ
1561 181 1575 207 6
1594 179 1708 212 Ἰούδας,
1722 181 1749 207 αἱ
1763 180 1810 207 δύο
1827 183 1874 215 βα-

255 237 380 264 similiter
393 235 536 270 accipient.
560 233 627 261 Illud
647 237 737 260 autem
756 241 762 258 :
786 231 926 259 Fortitudo
943 233 1036 266 capitis

255 282 322 314 mei,
341 281 459 316 positum
477 284 518 307 est
539 287 604 315 pro,
632 278 763 306 fortitudo
783 278 951 313 principatus
973 278 1036 305 mei.

255 325 362 360 Imperii
375 325 447 353 enim
464 325 518 356 sui,
534 325 560 351 id
577 328 629 356 est,
642 322 750 351 Israelis
764 322 893 351 fortitudo
909 323 1036 358 Ephraim

254 377 313 400 erat
324 381 331 405 ;
344 381 377 400 ex
390 380 422 400 eo
438 380 554 406 namque
569 379 681 406 regnum
699 370 781 399 Isracl
802 374 869 398 erat.
889 369 967 397 Moab
983 369 1038 396 olla

254 420 309 454 spei
320 427 392 446 meas.
412 418 470 446 Olla
483 423 525 445 est
537 425 594 444 vas.
607 417 652 444 Ait
664 421 754 444 autem
776 416 908 443 Moabitas
924 415 970 450 qui
986 423 1038 442 nu-

255 473 301 500 per
315 465 386 492 athei
406 469 499 495 erant,
523 471 596 498 spem
615 463 641 489 in
662 469 724 490 eum
739 466 897 495 accepturos
913 467 982 488 esse.
1003 459 1036 486 In

256 511 401 537 lduma'am
411 508 550 536 extendam
563 508 768 535 calccamentum
785 515 880 534 meum.
891 507 1036 534 ldumatam

253 564 371 593 quoque.
390 556 487 591 inquit.
503 555 633 582 circuiho.
653 553 769 581 ldum-aea
785 553 849 580 item
863 553 950 580 aliena
972 559 1037 587 gens

253 607 321 630 erat.
351 600 397 628 His
428 604 517 628 autem
545 600 625 626 nobis
650 599 813 630 declaratur,
837 602 930 632 gentes
955 597 1037 624 etiam

253 649 317 687 eius
328 647 407 674 [idem
422 646 595 681 amplexuras
607 653 667 672 esse
685 654 691 672 :
709 652 794 680 quare
808 643 844 671 ait
861 652 867 669 :
889 643 955 670 Mihi
969 643 1037 670 alie—

255 693 353 726 nigena
366 690 465 717 subditi
478 695 549 718 sunt.

290 823 333 853 Η,
352 822 394 849 12.
415 821 479 854 Quis
495 821 602 847 deducet
624 828 663 846 me
683 821 711 846 in
730 820 863 846 civitatem
886 820 1012 846 munitam
1025 819 1038 845 1’

253 868 320 896 Cum
337 876 384 903 per
396 867 525 902 Spiritum
537 867 658 894 audisset
671 865 798 901 propheta
811 870 904 901 gentos
917 865 1033 900 gratiam

252 922 314 942 esse
329 919 501 948 accepturas,
519 913 557 940 ait
571 922 578 940 :
596 912 661 945 Quis
677 912 786 939 deducet
802 920 841 939 me
856 913 884 938 in
902 912 1034 938 civitatem

254 961 404 988 munitam?
425 959 567 987 Civitatem
593 963 683 986 autem
702 958 833 985 munitam
849 962 927 984 vocat
940 956 1034 984 Eccle-

253 1007 401 1041 siam,quaz
414 1005 460 1032 Dei
476 1005 574 1032 virtute
587 1003 790 1031 circumvallata
802 1008 854 1030 est.
870 1002 932 1030 Haec
943 1007 1033 1030 autem

253 1053 385 1087 propheta
397 1051 434 1079 ait
446 1052 524 1086 quasi
535 1058 568 1078 ex
580 1057 696 1085 persona
709 1049 864 1084 paenitentis
878 1048 1033 1076 Iudaeorum

252 1097 354 1132 populi,
373 1102 399 1124 et
414 1096 532 1131 optantis
548 1095 671 1130 accipere
684 1095 763 1122 ﬁdem
776 1095 803 1122 in
815 1094 966 1124 Christum.
982 1095 1034 1121 Aut

254 1143 312 1177 quis
328 1143 437 1168 deducet
454 1149 493 1169 me
510 1149 589 1176 usque
612 1142 640 1167 in
658 1139 824 1167 Idumwam?
837 1139 960 1166 Declarat
975 1145 1035 1173 quae

253 1189 294 1216 sit.
307 1188 403 1215 civitas
418 1187 532 1214 munita.
554 1186 620 1219 Quae
641 1186 722 1221 igitur
743 1189 802 1218 est,
820 1184 872 1212 nisi
898 1183 1035 1211 ldumaea?

254 1233 304 1260 Per
318 1233 461 1260 ldumieam
483 1231 555 1258 enim
570 1231 706 1265 signiﬁcat
717 1237 812 1258 omnes
828 1233 921 1264 gentes
933 1236 994 1263 quae
1005 1228 1036 1255 ii;

252 1280 313 1306 dem
328 1281 501 1312 acceperunt.
518 1276 612 1304 Nonne
628 1282 668 1309 tu,
685 1276 766 1307 Deus,
780 1275 825 1310 qui
839 1275 957 1309 repulieli
970 1275 1037 1302 nos?

251 1324 319 1359 Quis
334 1324 413 1356 alius,
431 1324 469 1350 ait
479 1343 488 1356 ,
513 1330 562 1350 nos
577 1322 604 1349 in
618 1321 754 1349 civitatem
771 1320 903 1348 munitam
918 1320 1035 1353 duxerit,

253 1371 306 1398 nisi
322 1374 351 1397 tu
369 1369 426 1403 ipse
442 1368 500 1403 qui,
520 1371 630 1402 propter
645 1366 801 1401 iniquitates
818 1369 941 1398 nostras,
955 1372 1004 1392 nos
1021 1372 1036 1392 a

253 1420 299 1444 tua
316 1414 498 1443 familiaritate
513 1412 654 1448 repulisti?

290 1503 332 1530 I5.
354 1501 395 1529 Da
413 1501 486 1528 nobis
510 1499 640 1527 auxilium
653 1499 685 1526 de
702 1498 878 1530 tribulatione,
892 1498 954 1532 quia
971 1505 1036 1523 vana

254 1548 326 1575 salus
339 1548 462 1574 hominis.
485 1545 543 1573 Non
558 1553 606 1580 per
621 1545 781 1578 humanam,
795 1544 893 1579 inquit,
913 1543 974 1570 belli
990 1549 1035 1570 so-

254 1594 390 1625 cietatem,
405 1593 439 1620 ab
451 1591 641 1627 ingruentibus
659 1590 738 1618 nobis
753 1589 954 1618 calamitatibus
968 1588 1036 1623 eripi

254 1647 395 1676 speramus
406 1658 414 1671 ,
431 1638 478 1666 sed
495 1646 541 1673 per
557 1642 633 1665 tuum
650 1637 738 1664 solum
755 1636 897 1664 auxilium.
917 1635 952 1662 Et
970 1643 1037 1661 vana

254 1687 327 1714 salus
336 1686 458 1713 hominis.
469 1684 520 1718 Qui
532 1688 623 1720 sperat
635 1684 662 1711 in
677 1683 793 1712 salutem
808 1681 928 1710 hominis
939 1686 1037 1708 vanam

254 1733 306 1760 sibi
320 1739 396 1767 spem
414 1731 551 1766 proponit.
566 1730 694 1765 Apertius
709 1729 891 1766 Symmachus
907 1729 1038 1763 interpre-

255 1782 327 1806 tatus
339 1782 392 1810 est,
410 1776 541 1811 adjiciens
557 1776 718 1811 particulam
732 1776 934 1811 conjunctivam
950 1782 983 1802 ac
996 1775 1038 1802 di-

254 1832 318 1852 cens
337 1831 344 1850 z
364 1823 406 1850 Da
426 1823 501 1850 nobis
520 1822 651 1850 auxilium
674 1823 706 1850 de
731 1822 911 1849 tribulatione.
932 1821 1037 1848 Etenim

254 1877 322 1897 uana
336 1869 408 1896 salus
424 1868 549 1895 hominis.

289 1958 333 1986 14.
353 1958 387 1985 In
401 1957 456 1985 Deo
472 1957 599 1992 faciemus
616 1958 749 1984 virtutem.
770 1955 920 1990 Auxiliare,
937 1955 1035 1991 inquit,

254 2005 288 2032 iis
302 2004 347 2039 qui
365 2011 394 2031 se
409 2003 479 2031 male
493 2003 603 2030 habent.
620 2002 661 2029 Tu
676 2009 794 2037 namque
809 2001 884 2029 solus
899 2005 976 2036 potes
992 2008 1037 2028 ca-

254 2049 420 2077 lamitatibus
436 2048 561 2076 liberare.
580 2048 724 2075 Hominum
741 2047 814 2075 enim
830 2047 931 2074 auxilia
945 2051 971 2074 te
982 2053 1037 2074 non

255 2101 390 2124 annuente
405 2102 475 2122 vana
489 2098 562 2122 sunt.
586 2093 651 2128 Ejus
666 2094 757 2128 itaque
781 2093 977 2128 providentiam
993 2092 1036 2119 in-

254 2142 423 2173 vocabimus,
438 2141 504 2168 etin
516 2139 576 2174 ejus
591 2139 689 2167 virtute
703 2139 881 2167 conﬁdemus.
891 2138 953 2166 Haec
963 2139 1035 2166 enim

1089 231 1186 258 σιλεῖαι
1201 230 1247 257 τοῦ
1271 229 1388 265 Ἰσραὴλ,
1401 228 1502 264 ὁμοίως
1525 227 1645 260 δέξονται
1664 227 1714 263 τὴν
1731 227 1821 263 χάριν.
1838 227 1875 253 Τὸ

1087 276 1126 308 δὲ,
1139 277 1321 310 Κραταίωσις
1337 274 1393 308 τῆς
1404 272 1538 308 κεφαλῆς
1549 281 1619 307 μου,
1634 272 1694 299 ἀντὶ
1708 271 1755 298 τοῦ
1765 293 1773 304 ,
1797 272 1871 307 ἰσχὺς

1087 321 1136 357 τῆς
1159 322 1245 357 ἀρχῆς
1269 329 1331 356 μου,
1352 319 1408 355 Τῆς
1430 320 1484 355 γὰρ
1505 319 1592 354 ἀρχῆς
1614 317 1696 344 αὑτοῦ
1713 314 1746 352 ἧς
1771 315 1872 353 ἦρχεν,

1087 367 1209 393 τουτέστι
1224 366 1271 392 τοῦ
1286 365 1404 402 Ἰσραὴλ,
1420 366 1434 391 ὁ
1454 363 1572 399 Ἐφραῒμ
1594 361 1628 398 ἦν
1645 363 1661 398 ἡ
1677 362 1753 397 ἰσχύς
1764 371 1770 377 ·
1783 362 1815 395 ἐξ
1829 362 1874 388 αὑ-

1087 412 1134 439 τοῦ
1147 412 1200 447 γὰρ
1214 410 1247 447 ἦν
1258 412 1275 446 ἡ
1288 410 1408 445 βασιλεία
1422 409 1469 436 τοῦ
1493 409 1607 445 Ἰσραήλ.
1618 408 1709 435 Mutati
1716 408 1809 442 λέϐης
1821 407 1872 441 τῆς

1088 458 1210 490 ἐλπίδος
1230 466 1299 492 μου.
1317 457 1477 492 Λέϐης.μὲν
1494 455 1525 482 τὸ
1549 455 1660 490 δοχείον.
1683 455 1764 488 Λέγει
1782 455 1822 486 δὲ,
1839 455 1874 486 ὡς

1088 504 1134 531 καὶ
1148 504 1173 530 οἱ
1188 503 1346 534 Μωαϐῖται,
1376 502 1497 528 τουτέστι
1522 501 1552 527 τὸ
1572 500 1668 536 πρώην
1695 500 1776 528 ἄθεον
1799 500 1874 532 ἔθνος

1087 549 1244 585 ὑποδέχεται
1254 549 1303 585 τὴν
1316 549 1355 580 εἰς
1371 548 1420 583 ἐμὲ
1433 547 1536 574 ἐλπίδα.
1557 547 1619 573 Ἐπὶ
1632 546 1689 580 τὴν
1710 546 1876 581 votum/ur

1087 594 1196 621 ἐκτενῶ
1216 595 1249 621 τὸ
1275 593 1417 628 ὑπόδημά
1438 601 1507 627 μου.
1529 592 1584 618 Καὶ
1609 592 1638 618 ὲν
1665 593 1698 627 τῇ
1720 591 1874 627 Ἰδουμαίᾳ,

1088 641 1186 676 φησὶν,
1205 639 1430 675 ἔμπεριπατήσω.
1454 638 1589 674 Ἰδουμαία
1604 637 1633 664 δὲ
1654 637 1733 664 πάλιν
1756 637 1875 672 ἀλλοφύ-

1087 686 1140 713 λων
1154 684 1188 722 ἦν
1204 685 1288 717 ἔθνος.
1306 684 1437 720 Δηλοῦται
1454 684 1482 711 δὲ
1502 684 1545 711 διὰ
1567 683 1668 710 τούτων
1680 684 1755 718 ἡμῖν,
1771 684 1811 715 ὡς

1087 733 1127 764 εἰς
1141 732 1222 759 αὐτὸν
1239 732 1330 758 πίστιν
1346 731 1394 758 καὶ
1409 730 1444 758 τὰ
1465 730 1527 766 ἔθνη
1547 730 1751 766 παραδέξονται·
1766 730 1807 757 διό
1825 739 1876 765 φη-

1088 786 1140 805 σιν·
1162 778 1243 812 Ἐμοὶ
1256 778 1426 811 ἀλλόφυλοι
1441 776 1644 811 ὑπετάγησαν.

1124 824 1171 857 Τίς
1192 823 1299 855 ἀπάξει
1313 831 1350 857 με
1367 823 1411 855 εἰς
1434 823 1525 849 πόλιν
1549 821 1710 856 περιοχῆς-ς
1741 821 1876 852 ’Δκούσας

1050 859 1070 886 Β
1084 869 1129 896 διὰ
1145 869 1191 895 τοῦ
1208 869 1365 904 Πνεὺματος
1384 869 1398 894 ὁ
1412 869 1563 903 προφήτης,
1586 868 1624 899 ὡς
1637 867 1671 893 τὰ
1688 867 1751 902 ἔθνη
1764 867 1873 901 δέχεται

1085 914 1134 950 τὴν
1149 914 1238 950 χάριν,
1255 914 1330 949 φησί’
1349 914 1396 946 Τίς
1412 922 1451 948 με
1470 912 1578 944 ἀπάξει
1591 914 1634 945 εἰς
1650 913 1740 939 πόλιν
1754 912 1813 946 τῆς
1829 919 1876 938 πε-

1081 961 1206 996 ριοχῆς;
1227 960 1307 987 Πόλιν
1328 960 1356 986 δὲ
1377 959 1505 995 περιοχῆς
1530 958 1578 994 τὴν
1606 957 1769 993 Ἐκκλησίαν
1792 959 1874 993 φησὶ,

1084 1007 1132 1044 τὴν
1158 1005 1418 1047 περιπεφραγμένην
1432 1006 1465 1041 τῇ
1482 1003 1616 1047 τοῦ-Θεοῦ
1640 1003 1762 1039 δυνάμει.
1781 1003 1876 1030 Ταῦτα

1085 1042 1141 1079 δὲο
1164 1042 1306 1087 προφήτης
1323 1051 1361 1082 ὡς
1387 1043 1419 1076 tu
1443 1042 1587 1084 προσώῗτου
1609 1048 1655 1075 τοῦ
1682 1048 1877 1084 μετανοοῦντος

1085 1095 1150 1122 λαοῦ
1175 1095 1229 1123 τῶν
1251 1095 1381 1122 Ἰουδαίων
1403 1095 1480 1129 φησὶ,
1504 1093 1550 1120 καὶ
1570 1092 1731 1127 ἀγαπῶντος
1747 1093 1876 1125 δέξασθαι

1085 1142 1134 1178 τὴν
1146 1141 1236 1168 πίστιν
1248 1141 1298 1176 τὴν
1311 1141 1350 1172 εἰς
1365 1139 1489 1176 Χριστόν.
1507 1139 1597 1171 Ἦστίς
1612 1138 1754 1172 ὁδηγήσει
1766 1147 1807 1173 με
1821 1139 1876 1172 ἕως

1087 1186 1141 1220 τῆς
1160 1186 1340 1220 Ἰδουμαίας;
1357 1185 1437 1220 Δηλοῐ
1448 1185 1490 1216 τίς
1507 1185 1580 1210 ἐστιν
1594 1185 1609 1219 ὴ
1626 1184 1701 1216 πόλις
1715 1185 1765 1219 τῆς
1779 1193 1875 1220 περιο-

1086 1232 1148 1267 χῆς.
1175 1232 1224 1263 Τίς
1250 1229 1297 1258 οὖν
1323 1233 1396 1258 ἐστιν
1421 1231 1437 1266 ἥ
1461 1231 1478 1266 ἡ
1508 1230 1660 1266 Ἰδουμαία;
1687 1230 1754 1256 Ἀπὸ
1773 1230 1804 1256 δὲ
1827 1231 1876 1266 τῆς

1092 1278 1241 1313 Ἰδουμαίας
1262 1277 1349 1305 πάντα
1373 1277 1407 1304 τὰ
1430 1276 1494 1312 ἔθνη
1521 1276 1645 1311 σημαίνει
1671 1276 1706 1302 τὰ
1730 1269 1779 1312 τὴν
1796 1277 1876 1311 χάριν

1088 1323 1282 1359 ὑποδεξάμενα.
1310 1323 1384 1357 οὐχὶ
1418 1322 1459 1349 σὺ
1485 1323 1502 1349 ό
1532 1321 1605 1354 Θεὸς
1635 1323 1652 1349 ό
1676 1321 1877 1356 ἀπωσάμενος

1086 1369 1182 1404 ἡμᾶς
1197 1369 1244 1401 Τίς
1260 1369 1348 1400 ἄλλος.
1363 1368 1454 1404 φησὶν,
1469 1368 1543 1403 ἡμᾶς
1564 1368 1604 1399 είς
1617 1368 1666 1403 τὴν
1682 1368 1758 1394 πόλιν
1777 1368 1876 1401 ἀγάγοι

1087 1416 1135 1451 τῆς
1159 1415 1320 1451 περιοχῆςῆ
1343 1415 1374 1441 σὺ
1400 1414 1491 1448 αὐτὸς,
1508 1416 1523 1441 ὁ
1547 1415 1594 1441 καὶ
1618 1414 1661 1441 διὰ
1685 1414 1734 1446 τὰς
1760 1414 1877 1449 ἀνομίας

1087 1461 1166 1497 ἡμῶν
1180 1463 1228 1497 τῆς
1245 1462 1295 1496 σῆς
1307 1460 1468 1492 οξκειώσεως
1481 1460 1603 1487 ἐκϐαλών
1614 1468 1620 1492 ;

1123 1507 1177 1540 Δὸς
1196 1507 1267 1541 ἡμῖν
1286 1507 1431 1541 ,ϐοήθειαν
1457 1507 1492 1533 ἐκ
1520 1507 1667 1539 θλίψεων,
1691 1505 1740 1532 καὶ
1762 1507 1877 1541 ματαία

1087 1552 1218 1586 σωτηρία
1232 1551 1396 1586 ἀνθρώπου.
1410 1552 1446 1578 Οὐ
1463 1551 1506 1578 διὰ
1519 1551 1699 1587 ἀνθρωπίνης,
1711 1552 1876 1587 φησὶίσυμ-

1089 1599 1189 1634 μαχίας
1205 1598 1258 1625 τῶν
1282 1597 1502 1633 ὲπελευσομένων
1516 1598 1580 1633 ἡμῖν
1597 1597 1710 1632 θλίψεων
1728 1597 1877 1634 ἐλπίζομεν

1088 1643 1367 1679 ἐλευθερωθήσεσοαι,
1385 1643 1442 1670 ἀλλ’
1461 1643 1477 1679 ἢ
1504 1643 1548 1670 διὰ
1569 1645 1620 1679 τῆς
1639 1643 1688 1678 σῆς
1707 1643 1792 1678 μόνης
1815 1645 1877 1670 ἐπι-

1088 1688 1209 1724 κουρίας.
1226 1687 1282 1715 Καὶ
1293 1688 1403 1722 ματαία
1417 1688 1548 1722 σωτηρία
1563 1688 1728 1722 ἀνθρώπου.
1747 1689 1805 1721 Πᾶς
1821 1689 1877 1723 γὰρ

1087 1733 1230 1765 ὁὲλπίςων
1246 1733 1292 1759 ἐπὶ
1313 1733 1450 1769 σωτηρίαν
1471 1733 1612 1769 ἀνθρώπου
1638 1735 1678 1766 είς
1693 1735 1811 1769 ματαίαν
1836 1735 1877 1761 ἐλ-

1087 1779 1152 1806 πίδα
1171 1779 1278 1814 ἧλπισε.
1301 1779 1470 1815 Σαφέστερον
1492 1780 1506 1806 ὁ
1528 1779 1675 1815 Σύμμαχος
1698 1781 1875 1816 ἡρμήνευσε,

1088 1825 1214 1861 προσθεὶς
1229 1825 1274 1851 τὸν
1299 1824 1444 1859 σύνδεσμον
1460 1825 1507 1851 καὶ
1528 1824 1622 1851 είπώψ
1637 1824 1691 1858 Δὸς
1711 1825 1785 1858 ἡμῖν
1798 1826 1874 1859 ,ϐοή-

1087 1872 1169 1898 θειαν
1182 1871 1216 1897 ἐκ
1240 1871 1386 1905 θλίψεως·
1401 1870 1450 1897 καὶ
1466 1870 1522 1905 γὰρ
1541 1871 1650 1904 ματαία
1670 1873 1801 1906 σωτηρία
1825 1873 1877 1900 (iw

1087 1917 1213 1952 θρώπου.

1137 1964 1187 1990 Ἑν
1205 1963 1246 1995 τῷ
1271 1962 1332 1995 Θεῷ
1355 1962 1521 1997 ποιήσομεν
1544 1962 1680 1997 δύναμιν.
1707 1965 1875 2000 Ἐπάμυνον,

1087 2009 1164 2044 φησὶ,
1185 2009 1364 2044 διακειμένοις
1381 2009 1481 2041 κακῶς.
1499 2010 1543 2036 Σοὶ
1566 2009 1638 2044 μόνῳ
1654 2009 1766 2038 δυνατὸν
1781 2011 1875 2038 διαλῦ-

1087 2062 1131 2080 σαι
1148 2054 1197 2086 τὰς
1212 2055 1364 2090 συμφοράς.
1378 2055 1413 2081 A't'
1427 2063 1455 2081 τε
1469 2055 1523 2082 τῶν
1539 2055 1691 2090 ἀνθρώπων
1705 2057 1874 2092 ἐπικουρίαι,

1087 2099 1134 2126 σοῦ
1151 2100 1188 2135 μὴ
1205 2099 1338 2133 νεύοντος,
1355 2100 1476 2135 μάταιαι.
1497 2100 1552 2135 Τὴν
1571 2101 1660 2128 τοίνυν
1676 2101 1758 2128 αὑτοῦ
1778 2103 1875 2129 ἐπικα-

1086 2143 1220 2179 λεσόμεθσ.
1234 2144 1371 2179 πρόνοιαν,
1389 2144 1436 2171 καὶ
1452 2145 1484 2179 τῇ
1507 2144 1589 2171 αὑτοῦ
1605 2145 1717 2180 δυνάμει
1736 2146 1874 2182 θαρρήσο-

255 2188 312 2216 sola
322 2187 419 2216 sulIicit
431 2186 464 2214 ad
477 2185 570 2221 gravia
584 2193 698 2220 quaeque
709 2185 850 2218 solvenda,
859 2189 886 2213 et
896 2184 930 2213 ad
945 2184 1037 2212 inimi-

1091 2198 1147 2224 μεν,
1161 2189 1234 2225 Αὕτη
1246 2189 1300 2224 γὰρ
1317 2190 1396 2225 ἀρκεῖ
1410 2189 1476 2225 μόνη
1490 2189 1569 2217 λῦσαι
1584 2190 1617 2217 τὰ
1632 2190 1745 2225 χαλεπὰ,
1759 2193 1807 2218 καὶ
1822 2193 1875 2219 τῶν

254 2241 348 2261 corum
363 2241 414 2260 nos
429 2231 648 2267 impugnantium
662 2231 808 2266 potentiam
820 2231 1036 2266 opprimendam.

254 2279 355 2306 Mutuis
371 2286 420 2306 ceu
436 2279 550 2306 vocibus
565 2278 767 2313 colloquuntur,
795 2277 943 2312 dicuntque
962 2284 992 2304 se
1009 2277 1038 2304 in

253 2324 313 2352 solo
329 2323 383 2350 Deo
394 2331 468 2358 spem
488 2323 650 2358 reposuisse.
667 2322 849 2356 Quamobrem
863 2322 901 2349 ait
915 2329 923 2348 :
941 2322 1008 2349 Cum
1021 2329 1037 2349 a

254 2370 313 2398 solo
321 2369 376 2397 Deo
387 2370 442 2397 vim
452 2370 572 2397 futuram
583 2369 661 2397 nobis
674 2369 884 2404 speraverimus,
896 2373 961 2397 tunc
970 2369 1038 2396 nihil

253 2423 315 2444 esse
330 2415 454 2443 inimicos
467 2419 576 2443 nostros
591 2415 768 2451 reperiemus.

290 2461 316 2488 I.
337 2461 369 2487 In
385 2461 463 2495 {mem
481 2462 508 2488 in
522 2461 625 2496 hymnis
640 2460 735 2488 David.
752 2459 921 2488 PSALMUS
941 2460 1000 2487 LX.

544 2506 742 2541 Argumentum.

253 2551 362 2579 Gratias
384 2551 439 2578 Deo
451 2551 534 2579 refert
545 2559 607 2579 cum
621 2559 670 2586 pro
687 2552 788 2585 seipso,
804 2555 861 2578 tum
875 2558 924 2586 pro
937 2551 1036 2585 populo

287 2597 404 2624 salutem
419 2605 467 2633 per
483 2597 598 2632 gratiam
613 2598 719 2632 adepto.
736 2597 881 2625 Pollicetur
896 2602 988 2624 autem
1007 2605 1036 2624 se

289 2651 351 2672 cum
370 2644 397 2671 in
417 2644 525 2671 aeternis
543 2643 646 2678 degerit
663 2643 850 2671 mansionibus
869 2643 1037 2671 incessanter

288 2689 382 2717 laudes
399 2690 574 2717 emissurum.

289 2727 321 2767 εξ
334 2734 360 2761 5.
379 2733 497 2764 Exaudi,
516 2733 583 2761 Deus
595 2754 603 2767 ,
617 2733 824 2768 deprecationem
844 2742 938 2761 meum.
959 2734 1035 2766 Quo-

255 2779 327 2806 niam
352 2779 497 2814 potentiam
523 2787 556 2807 ac
579 2780 748 2815 tyrannidem
771 2781 923 2808 daemonum
948 2779 1036 2814 respi-

255 2825 341 2859 ciens,
354 2826 492 2868 anxietate
508 2825 603 2861 plenus
618 2834 695 2860 sum;
720 2826 780 2854 ideo
797 2827 926 2860 obsecro,
952 2831 981 2854 ut
1001 2826 1036 2854 ad

1089 2236 1277 2272 πολεμούντων
1297 2237 1363 2272 ἡμῖν
1380 2236 1530 2262 καταλῦσαι
1545 2235 1594 2272 τὴν
1616 2235 1785 2265 δυναστείαν.
1814 2238 1875 2264 Ἀλ-

1087 2280 1177 2316 λήλοις
1193 2280 1287 2316 ὥσπερ
1303 2280 1483 2315 ὲπιφωνοῦσιν
1500 2280 1544 2307 ἐπὶ
1558 2280 1597 2316 τῷ
1613 2281 1671 2315 Θεῷ
1692 2281 1767 2316 μόνῳ
1780 2281 1875 2310 λοιπὸν

1086 2326 1135 2357 τὰς
1152 2325 1262 2357 ἐλπίδας
1283 2326 1355 2361 ἔχειν
1374 2327 1424 2361 τῆς
1444 2326 1590 2362 σωτηρίας.
1612 2326 1658 2352 Διό
1680 2334 1771 2361 φησιν·
1787 2327 1875 2355 "(ha-

1087 2371 1133 2397 ἐπὶ
1149 2371 1187 2406 τῷ
1201 2370 1261 2406 Θεῷ
1279 2371 1460 2407 δυναμοῦσθαι
1474 2371 1639 2406 ἐλπίσωμεν,
1655 2371 1714 2398 τότε
1732 2372 1779 2399 καὶ
1797 2374 1875 2401 οὐδὲν

1086 2417 1164 2449 ὄντας
1178 2417 1241 2449 τοὺς
1252 2417 1365 2452 ἐχθροὺς
1381 2416 1460 2452 ἡμῶν
1476 2417 1636 2453 εὑρήσομεν.

1104 2464 1157 2496 Et;
1167 2463 1200 2490 τὸ
1214 2464 1300 2496 τέλος
1316 2464 1351 2490 ἐν
1365 2463 1471 2498 ῧμνοις
1482 2463 1522 2496 τῷ
1535 2464 1635 2491 Δαυϊδ.
1651 2465 1806 2492 ΨΔΛΜΟΣ
1817 2466 1857 2493 Ξ,

1389 2509 1550 2543 Ὑπόθεσις.

1086 2555 1264 2590 Εὑχαριστὶαν
1280 2555 1409 2590 ἀναφέρει
1429 2554 1488 2590 Θεῷ
1509 2555 1578 2591 ὑπέρ
1594 2563 1624 2581 τε
1640 2555 1736 2582 ἑαυτοῦ
1758 2556 1806 2582 καὶ
1824 2556 1870 2582 τοῦ

1122 2601 1251 2633 σωθέντος
1265 2601 1307 2627 διὰ
1324 2601 1372 2636 τῆς
1388 2601 1505 2634 πίστεως
1522 2601 1596 2629 λαοῦ.
1617 2601 1792 2635 Ἐπαγγέλλε⁴
1804 2601 1827 2629 ιζ
1841 2610 1870 2628 τε

1120 2647 1166 2672 καὶ
1182 2647 1210 2673 ὲν
1224 2647 1282 2678 ταῖς
1298 2647 1416 2679 αἰωνίοις
1435 2647 1552 2682 γεγονὼς
1570 2648 1662 2683 μοναῖς
1676 2647 1870 2685 ἁκαταλήκζςως

1120 2691 1291 2727 ἀναπέμπειν
1305 2692 1353 2728 τὴν
1366 2693 1476 2719 αἴνεσιν.

1121 2737 1323 2770 Εῑσάκουσον,
1344 2740 1361 2764 ό
1375 2737 1457 2771 Θεὸς,
1474 2737 1528 2772 τῆς
1542 2738 1674 2773 δεήσεώς
1684 2746 1754 2772 μου.
1763 2737 1869 2772 Ἐπειδὴ

1086 2784 1125 2814 εἰς
1148 2783 1197 2818 τὴν
1217 2782 1442 2810 καταδυναστείαν
1465 2784 1511 2811 καὶ
1527 2785 1567 2815 εἰς
1587 2784 1635 2819 τὴν
1650 2783 1795 2819 τυραννίδα
1816 2783 1868 2809 τῶν

1073 2857 1074 2860 η
1085 2828 1219 2864 δαιμόνων
1231 2828 1351 2865 ἀφορῶν,
1363 2829 1476 2864 ἁκηδίας
1489 2829 1681 2865 πεπλήρωμαι·
1690 2829 1783 2856 τούτου
1792 2828 1868 2864 χάριν
