1922 3057
63 170 110 200 2ἳὸ

609 170 789 199 EXPOSITIO
807 171 840 198 IN
863 171 1029 200 PSALMUM
1052 172 1119 200 LXI.

1625 177 1677 205 2η

65 228 178 260 ἱκετεύω,
192 229 264 261 ὅπως
285 227 425 263 ἐπιφανεὶς
440 228 489 263 τῆς
505 227 559 254 τῶν
580 227 747 263 βιαζομένων
768 228 834 263 ἡμᾶς

894 233 1018 256 nostrum
1040 235 1215 264 conspectum
1233 231 1344 259 veniens
1358 231 1458 267 eripias
1475 239 1526 260 nos
1545 232 1580 260 de
1595 241 1678 261 manu

63 275 130 311 ἐξέλῃ
152 275 248 311 χειρός.
270 275 303 301 Γὸ
318 275 357 307 δὲ,
378 274 444 301 Ἀπὸ
460 273 518 300 τῶν
537 273 674 308 περάτων
695 273 750 308 τῆς
771 273 838 308 γῆς,

64 320 178 356 σημαίνει
189 321 258 354 ὑπὲρ
275 322 364 357 πάσης
377 320 456 347 αὑτὸν
472 320 522 355 τῆς
536 319 698 355 οἰκουμένης
711 319 839 355 ποιούμε-

62 376 102 393 νον
115 367 160 399 τὰς
174 367 257 399 λιτάς.
273 367 340 394 Ἀπὸ
352 366 411 394 τῶν
426 365 561 400 περάτων
577 364 630 399 τῆς
644 364 700 400 τῆς
714 365 789 400 πρὸς
802 365 840 392 σὲ

61 413 202 448 ἐκέκραξα.
221 414 329 450 Ἐπειδὴ
345 413 399 449 γὰρ
415 413 522 445 πολλοῖς
536 413 665 448 σταθμοῖς
678 413 696 448 ἡ
712 411 839 439 Βαϐυλὼν

62 459 107 495 τῆς
121 459 296 495 Παλαιστίνης
308 459 458 494 ἀφέστηκε,
472 459 522 490 τὰς
540 457 669 494 ἐσχατιὰς
682 457 840 492 ὑπελάμϐα-

61 514 100 532 νον
119 505 165 541 τῆς
187 505 349 541 οἰκουμένης
376 505 461 532 οἰκεῖν
486 505 511 531 οἱ
534 503 837 540 ἐξανδραποδισθέντες,

61 551 178 586 κάκείνην
204 551 366 586 τεταγμένοι
392 550 441 586 τὴν
465 550 518 585 γῆν
544 550 638 578 οἰκεῖν.
668 550 719 577 Ἐν
745 549 839 584 πέτρᾳ

60 597 174 631 ὒψωσὰς
192 605 240 632 με.
264 597 403 623 Δείκνυσιν
429 596 530 628 εὐθέως
547 595 743 628 εἰσακουσθεὶς,
768 596 839 623 κατὰ

60 643 96 669 τό·
112 644 170 670 Ἔτι
184 642 242 670 σοῦ
263 642 448 674 λαλοῦντος,
464 641 530 676 ἐρῶ·
551 641 624 669 Ἰδοὺ
639 641 766 676 πάρειμι.
785 642 838 668 Σα-

61 689 111 723 φῶς
127 697 154 715 τε
167 688 295 724 κηρύττει
316 687 361 714 διὰ
374 688 446 720 τίνος
459 689 476 723 ἡ
492 688 622 724 σωτηρία’
642 687 765 722 ὑψῶσθαι
783 688 838 723 γάρ

61 743 132 770 φησιν
145 735 172 762 ἐν
194 735 294 770 πέτρᾳ.
315 735 464 770 Κρείττους
486 734 541 769 γὰρ
563 734 611 761 καὶ
633 734 761 770 ἀνωτέρω
782 734 837 761 τῶν

32 775 44 796 ί
60 781 251 816 ἐπηρεαζόντων
269 780 404 816 δαιμόνων
432 781 582 816 γεγόναμεν
601 780 645 808 διὰ
659 779 789 816 Χριστοῦ,
808 780 838 812 ὃς

59 826 135 862 πέτρα
147 826 218 862 παρὰ
228 826 270 862 τῷ
286 827 412 862 μακαρίῳ
424 826 522 862 Παύλῳ
539 826 758 862 κατωνόμασται.

93 870 251 906 Ὠδήτησάς
271 880 320 906 με,
335 871 380 898 ὅτι
393 871 538 906 ἐγενήθης
550 871 639 903 ἐλπίς
649 879 717 905 μου.
734 871 766 897 ΕΞ
781 870 836 906 γὰρ

57 917 127 949 αὑτός
140 919 210 945 ἐστιν
226 919 245 953 ἡ
260 918 328 950 ὁδὸς,
345 917 392 945 καὶ
408 918 490 950 αὑτός
513 918 586 944 ἐστιν
608 917 625 952 ἡ
643 917 726 953 Οὐρα,
741 916 832 952 δῆλον,

57 963 92 988 ὅτι
102 963 147 998 τὴν
160 963 267 999 ἀγαθὴν
281 964 354 998 ἡμᾶς
369 963 486 998 βαδίζειν
500 963 600 996 διδάξει
616 963 720 998 τρίῦον,
734 964 775 996 είς
789 963 834 990 αὒ-

55 1008 95 1035 τὸν
115 1009 230 1041 ἐλπίζειν
255 1009 480 1045 παρασκευάσας.
503 1009 620 1044 Πύργος
642 1009 750 1043 ἰσχύος
774 1008 833 1036 ἀπὸ

56 1054 204 1088 προσώπου
219 1055 342 1090 ἐχθροῦ.
361 1055 474 1091 Ὅμοιον
490 1055 528 1087 ὡς
540 1056 564 1081 εἰ
579 1055 662 1090 λέγοι·
678 1056 773 1091 Τεῖχος
787 1055 835 1082 καὶ

54 1101 174 1135 ἀσφάλεια
189 1101 306 1136 γέγονας
318 1101 358 1133 εἰς
371 1101 402 1128 τὸ
416 1101 497 1137 μηδὲν
513 1101 608 1128 παθεῖν
627 1101 834 1137 ἐπηρεαζόντων

54 1147 101 1174 τῶν
113 1148 223 1184 ἐχθρῶν.

84 1193 255 1227 Παροικήσω
268 1193 304 1219 ἐν
318 1192 358 1226 τῷ
369 1192 543 1227 σκηνώματι
556 1199 614 1218 σου
629 1192 673 1224 εἰς
685 1191 756 1224 τοὺς
768 1190 835 1218 αιῶ-

53 1247 109 1271 νας.
131 1239 187 1274 Ἀφ’
203 1236 241 1266 ὧν
267 1239 320 1274 ἤδη
344 1239 454 1275 εἴληφεν
476 1237 602 1272 ἀγαθῶν,
624 1238 672 1265 καὶ
695 1238 758 1273 περὶ
781 1237 834 1264 τῶν

55 1284 191 1319 μελλόντων
207 1285 324 1316 ἐλπίζει·
339 1286 381 1311 ὁτι
396 1284 439 1320 δὴ,
454 1285 494 1316 είς
511 1284 559 1316 τὰς
570 1284 627 1311 ἄνω
640 1284 741 1319 σκηνὰς
756 1292 835 1318 γεγο-

53 1329 108 1362 νὼς,
119 1331 169 1357 ὑπὸ
183 1331 234 1366 τὴν
249 1331 333 1358 αὑτοῦ
347 1330 494 1363 διαπαντὸς
519 1331 665 1366 γενήσεται
681 1331 797 1366 σκέπην.

83 1376 211 1410 Ἕδωκας
224 1377 430 1412 κληρονομίαν
441 1376 503 1410 τοῖς
515 1377 712 1411 φοϐουμένοις
725 1376 757 1403 τὸ
770 1376 835 1402 ὅνο-

50 1422 86 1456 μά
106 1430 171 1450 σου.
193 1423 250 1449 Καὶ
275 1422 317 1454 τίς
341 1423 359 1458 ἡ
377 1422 576 1458 κληρονομίαῆ
599 1423 617 1457 ἡ
644 1422 767 1458 βασιλεία
781 1421 835 1448 τῶν

51 1469 177 1504 οὐρανῶν;
204 1469 294 1496 Δεῦτε
315 1469 380 1504 γὰρ,
407 1469 502 1505 φησὶν,
523 1471 550 1496 οι
571 1469 767 1504 εὐλογημένοι
782 1468 835 1496 τοῦ

51 1517 154 1550 Πατρός
167 1525 242 1551 μου,
259 1515 510 1550 κληρονομήσατε
532 1515 590 1549 τὴν
611 1516 835 1550 ἡτοιμασμένην

51 1561 113 1596 ὑμῖν
130 1562 298 1594 ,βασιλείαν
317 1561 376 1589 ἀπὸ
395 1561 564 1595 καταϐολῆς
588 1562 714 1596 κόσμου,
738 1561 785 1588 καὶ
800 1561 834 1587 τὰ

51 1607 115 1643 ἑξῆς·
131 1608 200 1635 ὥστε
215 1608 398 1643 κληρονομεῖν
413 1607 463 1643 τὴν
481 1607 680 1642 βασιλείαν.τοῦ
695 1607 774 1640 Θεοῦ,
789 1608 835 1634 καὶ

51 1652 165 1688 λέγεσθαι
181 1655 228 1681 ἐπὶ
243 1654 296 1689 τῆς
309 1653 361 1689 γῆς
377 1652 566 1689 Χριστιανούς.

85 1700 207 1735 Ἡμέρας
220 1700 269 1735 ἐφ’
283 1699 395 1734 ἡμέρας
407 1698 461 1726 τοῦ
473 1699 626 1732 βασιλέως
640 1699 833 1734 προσθήσεις.

52 1743 174 1779 Σημαίνει
189 1746 203 1771 ὸ
219 1745 310 1779 λόγος,
332 1744 369 1776 ὡς
385 1744 431 1771 καὶ
445 1744 524 1771 τοῦτο
549 1744 631 1780 μέρος
644 1745 695 1779 τῆς
707 1745 836 1781 κληρονο-

53 1790 109 1824 μίας
120 1791 204 1824 ἐστὶν,
219 1792 237 1826 ἠ
251 1790 310 1825 ζωὴ
327 1791 344 1825 ἡ
358 1789 475 1822 αἰώνιος.
491 1789 577 1816 Τοῦτο
588 1790 642 1826 γάρ
657 1791 714 1816 ἐστι
727 1790 758 1816 τὸ
769 1790 836 1826 ὴμέ-

53 1844 94 1870 ρας
115 1837 223 1872 ἡμερῶν
249 1838 307 1868 τοῖς
329 1836 402 1863 ἔτεσι
426 1836 474 1862 τοῦ
507 1836 639 1871 βασιλέως
667 1835 834 1872 προσθεῖναι.

50 1882 169 1917 Σημαίνει
191 1884 246 1919 γὰρ
273 1883 318 1910 διὰ
346 1883 400 1909 τῶν
425 1882 535 1919 ἡμερῶν
557 1882 668 1918 χρόνους
689 1883 766 1913 τινὰς
789 1882 836 1908 καὶ

51 1928 153 1961 αίῶνας.
166 1929 307 1965 Διαμενεῒ
321 1930 365 1963 εὶς
375 1929 428 1956 τὸν
439 1928 532 1956 αἰῶνα
543 1928 672 1956 ἐνώπιον
686 1928 739 1955 τοῦ
749 1927 833 1955 Θεοῦ·

50 1973 129 2007 ἔλεος
154 1974 202 2001 καὶ
226 1973 376 2007 ἀλήθειαν
400 1973 495 2000 αὑτοῦ
519 1973 565 2006 τίς
588 1972 762 2007 ἐκζητήσει;
792 1971 836 2004 Ἐξ

51 2019 215 2056 ἀναστροφῆς
230 2021 245 2047 ὁ
257 2020 348 2054 λόγος,
361 2020 405 2046 ἵνα
447 2019 575 2051 τοιοῦτος.
591 2018 625 2045 Εἴ
637 2027 679 2051 τις
689 2019 836 2055 ἐκζητήσει

51 2065 77 2090 τὸ
91 2065 160 2098 ἔλεος
185 2065 272 2093 αὑτοῦ
294 2066 342 2093 καὶ
359 2066 410 2101 τὴν
431 2065 561 2101 ἀλήθειαν
586 2065 683 2098 αὐτοῦ,
705 2063 782 2098 οὗτος
807 2067 835 2093 ἐν

50 2113 100 2143 τοῖς
116 2113 305 2148 ἀτελευτήτοις
323 2112 405 2139 αἰῶσι
421 2112 543 2148 διαμένει
559 2112 674 2139 ἐνώπιον
692 2112 739 2139 τοῦ
755 2112 833 2140 Θεοῦ.

83 2158 171 2192 Οὕτως
187 2157 280 2193 ψαλῶ
292 2158 333 2191 τῷ
352 2159 476 2193 ὀνόματί
493 2166 551 2186 σου
569 2159 613 2192 εις
628 2158 699 2191 τοὺς
713 2158 832 2192 αἰῶνας.

54 2203 153 2237 Οὕτως,
166 2205 241 2236 πῶς
265 2205 282 2240 ἦ
300 2204 441 2240 διαμείνας
456 2204 569 2231 ἐνώπιόν
592 2213 638 2231 σου
659 2206 688 2231 ὲν
711 2205 749 2240 τῷ
773 2206 835 2240 μέλ-

889 282 984 302 eorum
999 275 1046 309 qui
1060 275 1114 302 vim
1129 276 1207 304 nobis
1226 276 1357 305 inierunt.
1379 277 1445 305 lllud
1461 283 1563 312 autem,
1579 280 1601 306 Α
1615 280 1678 314 ﬁni-

890 320 937 348 bus
963 326 1040 349 teme
1053 343 1061 356 ,
1083 322 1218 358 signiﬁcat
1231 330 1294 351 eum
1320 331 1370 359 pro
1385 329 1443 352 toto
1462 325 1527 353 orbe
1544 330 1679 353 terrarum

890 367 1104 403 supplicationes
1118 369 1225 398 otIerre.
1239 371 1260 398 A
1270 370 1367 404 ﬁnibus
1382 377 1461 399 terrae
1471 372 1506 398 ad
1519 377 1544 400 te
1555 372 1678 400 clamavi.

890 411 1024 446 Quoniam
1047 414 1210 443 stationibus
1233 415 1327 443 multis
1350 415 1469 452 Babylon
1495 424 1510 444 a
1535 416 1678 445 Palaestina

890 457 982 492 distat,
995 463 1117 486 extrema
1131 460 1205 488 orbis
1219 460 1372 489 inhabitare
1388 469 1417 489 se
1430 463 1571 496 putabant,
1589 463 1636 498 qui
1650 462 1679 490 in

889 503 1073 538 captivitatem
1092 505 1200 533 deducti
1212 513 1272 533 eam
1285 510 1383 534 terram
1399 507 1518 535 incolere
1532 508 1602 543 jussi
1622 507 1680 536 fue-

889 554 960 576 rant.
975 549 1008 577 In
1021 555 1097 585 petra
1108 551 1235 578 exaltasti
1251 560 1301 579 me.
1317 551 1440 580 Declarat
1454 561 1483 581 se
1497 554 1552 581 cito
1566 554 1680 581 exaudi-

889 595 1043 630 tum,juxta
1056 597 1140 625 illud:
1153 597 1246 624 Adhuc
1261 603 1284 625 le
1297 598 1417 634 loquente
1431 600 1537 627 dicam:
1550 599 1618 626 Ecce
1629 599 1678 626 ad-

888 650 946 669 sum
955 642 987 669 ’⁵.
996 642 1094 678 Aperte
1105 648 1196 672 autem
1205 644 1334 679 pradicat
1343 652 1391 680 per
1401 653 1483 680 quem
1497 645 1572 673 salus
1585 645 1678 673 futura

888 688 934 720 sit,
949 688 1098 716 exaltatum
1111 689 1184 716 enim
1198 697 1227 717 se
1242 689 1268 716 in
1287 695 1362 724 petra
1373 690 1460 718 fuisse
1473 691 1521 718 ait.
1539 690 1678 719 Fortiores

887 741 1006 770 namque
1026 742 1058 761 ac
1081 735 1238 770 superiores
1261 736 1332 763 mala
1348 735 1527 764 inferentibus
1544 736 1678 764 daemoui-

887 781 939 809 bus
951 789 1000 816 per
1014 782 1151 810 Christum
1174 782 1262 810 eﬂ‘ecti
1279 790 1386 815 sumus,
1402 783 1449 818 qui
1466 790 1481 810 a
1496 783 1576 810 beato
1592 781 1677 810 Paulo

886 831 962 862 petra
979 827 1130 862 appellatus
1141 833 1192 855 est.

922 873 949 900 4.
963 873 1102 901 Deduzisti
1120 882 1160 900 me
1172 874 1234 909 quia
1250 874 1338 909 factus
1353 882 1380 902 es
1399 881 1457 909 spe:
1474 883 1541 901 mea.
1562 873 1591 901 Si
1605 874 1677 902 enim

886 919 944 954 ipse
959 920 1002 946 via
1017 924 1077 951 est,
1091 925 1118 947 et
1134 921 1192 955 ipse
1209 924 1286 955 porta
1297 940 1304 951 ,
1321 920 1410 954 palam
1431 925 1472 948 est
1486 927 1549 948 eum
1567 927 1616 947 nos
1628 920 1678 947 bo-

885 973 948 993 nam
962 965 1088 994 incedere
1102 966 1175 993 viam
1187 966 1360 998 edocturum,
1373 970 1453 1001 atque
1470 970 1629 992 curaturum
1648 971 1678 992 ut

886 1014 912 1040 in
924 1020 987 1040 cum
1001 1020 1152 1047 speremus.
1164 1011 1256 1039 Turris
1269 1012 1437 1046 fortitudinis
1449 1020 1465 1038 a
1477 1011 1546 1046 facie
1559 1011 1676 1039 inimici.

885 1057 969 1091 Quasi
983 1059 1104 1086 diceret:
1124 1058 1221 1086 Turris
1241 1059 1308 1085 mihi
1327 1065 1360 1085 ac
1374 1057 1531 1092 prmsidium
1549 1057 1625 1085 l‘uisti
1645 1061 1676 1084 ut

885 1104 957 1131 mala
973 1104 1154 1131 inferentibus
1171 1104 1292 1131 inimicis
1304 1093 1373 1130 nihil
1388 1103 1481 1130 laedar.

920 1193 947 1221 5.
957 1192 1114 1220 Inhabilabo
1124 1194 1151 1220 in
1160 1193 1329 1220 tabernaculo
1337 1197 1381 1219 tuo
1393 1193 1420 1219 in
1427 1190 1535 1218 saecula.
1546 1190 1598 1218 Per
1605 1191 1676 1218 bona

885 1247 946 1274 qua“:
959 1240 1017 1274 jam
1032 1244 1192 1275 acceperat,
1208 1239 1310 1266 factum
1335 1243 1365 1266 ut
1381 1239 1414 1266 de
1442 1237 1542 1265 futuris
1563 1241 1652 1271 speret
1667 1246 1674 1263 :

885 1286 951 1321 quia
963 1287 990 1313 in
1006 1286 1132 1320 supernis
1154 1284 1339 1312 tabernaculis
1353 1284 1535 1316 constitutus,
1550 1284 1602 1311 sub
1616 1283 1678 1318 ejus

886 1336 1043 1368 legumento
1055 1336 1082 1359 et
1098 1331 1225 1367 praesidio
1238 1338 1345 1366 semper
1361 1330 1449 1365 deget.

920 1379 947 1406 6.
971 1378 1071 1405 Dedisti
1093 1378 1275 1405 hereditatem
1296 1376 1447 1404 timentibus
1475 1383 1566 1402 nomen
1590 1380 1674 1402 tuum.

885 1425 978 1460 Ecqua
994 1423 1138 1452 haereditas
1152 1424 1197 1450 illa
1214 1423 1266 1450 nisi
1280 1430 1394 1457 regnum
1412 1422 1568 1450 ccelorum?
1587 1420 1676 1449 Venite

885 1471 968 1503 enim,
991 1470 1091 1506 inquit,
1115 1469 1244 1497 benedicti
1262 1469 1355 1496 Putris
1370 1469 1431 1498 mei.
1451 1468 1582 1502 possidete
1597 1476 1676 1502 para-

887 1521 941 1543 tum
955 1516 1026 1543 vobis
1040 1524 1148 1551 regnum
1157 1524 1173 1542 a
1182 1516 1367 1542 constitutione
1379 1514 1511 1546 mundi”.
1525 1518 1552 1541 et
1561 1518 1674 1546 caetera;

886 1562 923 1589 ita
937 1567 967 1589 ut
981 1569 1096 1597 regnum
1111 1561 1159 1589 Dei
1173 1561 1342 1596 possideant,
1357 1565 1384 1588 et
1399 1559 1547 1587 Christiani
1560 1560 1587 1586 in
1605 1565 1676 1588 terra

886 1607 1024 1636 dicantur.

921 1697 947 1724 7.
960 1695 1022 1723 Dies
1034 1703 1113 1731 super
1127 1696 1182 1722 dies
1200 1695 1269 1730 regis
1284 1693 1406 1728 adjicies.
1426 1693 1600 1729 Signiﬁcatur
1611 1700 1677 1727 par-

886 1747 940 1770 tem
954 1741 1120 1769 hereditatis
1132 1749 1193 1769 esse
1207 1741 1290 1768 vitam
1306 1745 1446 1769 aeternam.
1456 1739 1525 1766 Illud
1538 1739 1610 1768 enim
1623 1742 1675 1770 est,

885 1788 944 1816 dies
959 1795 1042 1823 super
1058 1787 1116 1815 dies
1132 1787 1213 1815 annis
1229 1787 1302 1822 regis
1322 1786 1414 1822 adjici.
1439 1785 1582 1821 Signiﬁcat
1601 1784 1678 1812 enim

885 1842 934 1870 per
953 1834 1012 1862 dies
1027 1839 1149 1869 tempora
1166 1833 1291 1869 quendam
1312 1836 1339 1860 et
1355 1832 1465 1860 saecula.
1488 1831 1629 1858 Permanet
1648 1831 1681 1857 in-

886 1885 1012 1908 meritum
1022 1881 1048 1907 in
1060 1885 1198 1914 conspectu
1210 1879 1271 1911 Dei,
1279 1878 1490 1906 misericordiam
1500 1882 1524 1904 et
1538 1878 1674 1904 veritatem

885 1925 941 1960 ejus
958 1925 1017 1960 quis
1041 1924 1178 1960 requiret?
1200 1923 1369 1959 Praepostere
1389 1930 1479 1950 sermo
1498 1923 1603 1958 positus
1620 1926 1677 1955 est,

886 1977 916 2000 ut
927 1972 985 2000 haec
997 1972 1034 2000 sit
1045 1971 1194 1999 sententia:
1207 1969 1236 1997 Si
1248 1970 1310 2005 quis
1324 1969 1446 2004 requirat
1458 1968 1672 1996 misericordiam

885 2023 913 2046 et
925 2018 1067 2046 veritatem
1087 2017 1159 2052 ejus,
1173 2016 1218 2043 hic
1236 2023 1283 2052 per
1300 2015 1406 2043 inﬁnita
1423 2014 1522 2042 sucula
1538 2017 1630 2041 manet
1647 2013 1682 2040 in.

885 2070 1032 2102 conspectu
1047 2065 1106 2093 Dei.

921 2156 947 2184 8.
969 2155 1016 2184 Sic
1029 2155 1160 2191 psalmum
1174 2154 1261 2181 dicam
1276 2153 1375 2180 nomini
1390 2157 1436 2179 tuo
1451 2153 1478 2178 in
1495 2151 1601 2179 saecula.
1618 2149 1683 2183 δίο..

886 2201 1043 2237 quomodo,
1065 2201 1116 2228 nisi
1140 2199 1276 2227 manendo
1298 2199 1326 2225 in
1343 2203 1490 2232 conspectu
1516 2201 1565 2224 tuo
1585 2196 1613 2224 in
1632 2196 1676 2223 fu-

52 2248 116 2276 )wm
128 2251 204 2277 αἰῶνι
215 2259 222 2283 ;
236 2251 305 2277 Τότε
317 2251 373 2286 γὰρ
387 2252 437 2286 τῆς
451 2251 587 2287 μακαρίας
600 2251 708 2287 ἐκείνης
716 2253 834 2285 στάσεως

893 2254 951 2277 turo
966 2247 1088 2276 saaculo?
1109 2246 1187 2274 Tunc
1207 2246 1279 2274 enim
1304 2245 1382 2272 beata
1404 2243 1450 2271 illa
1471 2243 1612 2271 mansione
1635 2242 1676 2270 di~

51 2295 176 2330 ἀξιωθεὶς,
189 2297 370 2329 ἀδιαλείπτως
375 2297 528 2333 ἀναπέμψω
538 2298 601 2330 τοὺς
609 2298 720 2333 ὕμνους.
728 2298 831 2330 Οὕτως,

52 2341 95 2367 καὶ
107 2342 155 2369 οὐκ
170 2343 259 2375 ἄλλως
281 2342 428 2377 δοξολογῶν
447 2345 462 2370 ὁ
481 2344 633 2379 ἄνθρωπος,
649 2344 680 2371 οὺ
699 2343 833 2372 παύσεται

52 2387 88 2418 εἰς
100 2388 144 2414 τὸν
163 2390 251 2416 αἰῶνα
270 2389 316 2416 τοῦ
341 2389 486 2417 ἀποδοῦναι
510 2390 605 2426 Κυρίῳ
626 2391 675 2422 τὰς
693 2391 784 2426 εὐχάς.
802 2392 833 2419 Οἱ

53 2435 135 2461 πιστοὶ
149 2435 203 2471 γὰρ
225 2436 257 2462 οὐ
277 2435 408 2462 παύονται
432 2436 538 2472 ἡμέραν
562 2435 592 2468 ἐξ
613 2436 720 2472 ἡμέρας
742 2438 833 2464 ἐπιτε-

52 2477 150 2512 λοῦντες
162 2481 196 2508 τὰ
207 2481 269 2509 Θεῖα
282 2483 426 2518 μυστήρια.

84 2525 132 2557 Εις
144 2525 177 2552 τὸ
189 2526 286 2559 τέλος.
310 2527 384 2554 Ὑπὸ
400 2527 454 2554 τοῦ
483 2527 618 2563 Ὶδιθοίνμ,
644 2530 798 2556 ΨΑΛΜΟΣ

323 2573 363 2606 τῷ
379 2574 477 2601 Δαυΐδ.
491 2574 556 2601 ΞΝ.

357 2621 364 2629 ”
370 2621 524 2654 Υπόθεσις.

58 2661 83 2688 ’0
103 2663 216 2699 ἰδιῦοῦμ
230 2661 271 2696 εἷς
282 2663 315 2701 ἦν
332 2666 386 2692 τῶν
407 2666 579 2702 χοροστατῶν
599 2667 653 2694 τῶν
668 2668 697 2694 ἐν
715 2667 753 2702 τῷ
769 2667 837 2704 ﬂatu)

85 2709 146 2744 ναῷ.
162 2707 246 2742 Οὗτος
261 2712 298 2744 εἰς
314 2713 452 2748 ἁμαρτίαν
463 2713 626 2740 καταπεσὼν
637 2714 744 2749 δέχεται
758 2715 833 2750 παρὰ

83 2754 129 2781 τοῦ
141 2756 222 2783 Δαυῒδ
229 2757 275 2783 τὸν
285 2758 401 2794 ψαλμὸν,
412 2759 562 2795 ἀνάκλησιν
573 2760 647 2795 αὑτῴ
658 2761 832 2797 παρασκευά-

85 2799 161 2831 ζοντα
175 2802 224 2838 τῆς
235 2803 345 2839 ἀρετῆς,
358 2805 528 2840 Προφητεύει
543 2805 571 2832 δὲ
583 2807 609 2832 ἐν
622 2807 695 2842 αὐτῷ
714 2807 759 2835 καὶ
784 2807 831 2843 τὴν

87 2886 108 2902 ’⁵
125 2887 175 2917 lsa.
191 2896 275 2923 ινιιι,
290 2891 316 2918 9.
354 2892 376 2907 "
391 2891 484 2921 Matth.
501 2901 564 2925 xxv,
581 2893 624 2920 Si.

889 2299 998 2331 gnatus,
1014 2293 1075 2322 sine
1088 2294 1143 2321 tlue
1155 2293 1271 2329 hymnos
1290 2291 1424 2319 emittam.
1447 2289 1493 2318 Sic
1507 2294 1534 2317 et
1550 2297 1604 2318 non
1621 2289 1676 2317 alio

887 2341 980 2373 modo,
998 2339 1111 2375 gloriam
1135 2343 1162 2366 et
1181 2338 1276 2366 laudes
1296 2336 1436 2373 proferens
1455 2336 1547 2369 homo,
1569 2344 1623 2364 non
1643 2336 1676 2362 ﬁ—

887 2395 949 2414 nem
963 2386 1045 2414 faciet
1060 2386 1086 2413 in
1103 2385 1232 2413 saeculum
1253 2382 1383 2411 reddendi
1402 2382 1518 2410 Domino
1535 2387 1597 2410 vota
1614 2390 1674 2410 sua.

887 2434 994 2462 Fideles
1014 2441 1132 2469 namque
1153 2441 1206 2460 non
1225 2437 1334 2460 cessant
1355 2431 1479 2466 quotidie
1493 2431 1584 2458 divina
1603 2431 1676 2459 cele—

886 2480 966 2507 brare
984 2479 1124 2515 mysteria.

887 2537 912 2564 1.
936 2535 967 2563 1η
987 2536 1075 2571 ﬁnem.
1098 2535 1136 2562 Ab
1159 2534 1303 2596 tantum,’
1313 2532 1485 2561 PSALMUS
1505 2533 1556 2568 ipsi
1575 2532 1671 2560 David.

1178 2618 1378 2652 Argumentum.

885 2664 1002 2693 ldithum
1024 2673 1095 2692 unus
1102 2669 1162 2692 erat
1173 2673 1208 2692 ex
1220 2664 1296 2691 chori
1306 2664 1524 2692 moderatoribus
1537 2664 1565 2691 in
1580 2663 1672 2691 divino

923 2711 1036 2746 templo.
1059 2710 1108 2738 llic
1124 2711 1221 2746 lapsus
1242 2709 1269 2736 in
1289 2714 1430 2744 peccatum
1451 2718 1466 2736 a
1484 2708 1584 2736 Davide
1600 2709 1672 2743 psal-

922 2767 997 2786 mum
1021 2758 1130 2793 accipit,
1153 2757 1200 2792 qui
1216 2756 1326 2784 virtutis
1344 2756 1395 2791 ipsi
1414 2755 1670 2791 rcdintcgralionem

920 2810 1006 2841 paret.
1030 2803 1155 2832 Pra'dicit
1176 2809 1266 2832 autem
1291 2803 1319 2831 in
1339 2811 1372 2831 eo
1392 2802 1603 2837 redemptionem
1623 2810 1672 2838 per
