1922 3057
237 159 291 190 3’15

276 271 333 290 ram
345 284 353 297 ,
370 264 596 298 eversionemque
623 264 806 298 spiritualium
827 264 1022 297 inimicorum;

274 309 549 344 adhortationemque
566 309 670 337 inducit
692 318 745 344 qua
770 317 786 337 a
806 314 917 345 peccato
933 310 1022 337 homi-

273 362 322 382 nes
335 359 501 388 avertantur,
525 355 673 390 subjiciens
691 363 723 383 ea
741 363 802 389 qua:
822 356 956 391 judicium
976 355 1023 383 Dei

271 404 404 434 spectant.

272 443 335 476 2,5.
350 443 445 471 Nonne
461 444 512 471 Deo
529 444 647 479 subjecta
660 446 709 472 erit
723 446 813 472 anima
829 446 906 472 mea?
921 445 1025 474 Etiam-

237 488 279 518 si.
303 488 407 523 inquit,
429 495 563 517 commota
585 498 624 522 es,
643 498 659 518 ο
676 491 766 518 anima
784 499 855 524 mea,
875 496 902 519 et
920 500 935 519 a
952 497 1024 520 statu

238 530 346 558 virtutis
367 532 451 566 lapsa.
468 533 515 560 sed
531 533 644 561 Domino
658 535 782 570 subjecta
799 541 869 564 esto.
885 536 953 570 Quia
968 538 1025 572 ipse

238 576 286 603 tibi
302 577 528 611 patrocinabitur,
551 584 577 606 et
591 580 693 608 salvam
717 585 743 608 te
756 580 838 609 faciet
855 586 886 608 ut
904 590 937 609 ne
955 583 1024 610 ultra

237 623 447 651 commovearis.
468 624 539 651 Nam
561 629 585 651 et
609 626 663 660 ipse
683 625 755 654 Deus
777 635 859 655 meus.
878 627 984 655 Etenim
999 634 1026 656 et

237 669 296 704 ipse
316 669 430 697 salutem
448 671 548 698 tribuet
573 672 597 699 ei
609 673 655 706 qui
680 680 693 699 a
719 673 797 701 vobis
818 673 899 702 laesus
922 680 973 708 est,
998 680 1025 703 et

237 721 351 748 prorsus
364 723 379 741 a
392 720 479 742 vestra
495 716 668 751 improbitate
684 718 820 746 liberabit.

272 760 300 787 4.
321 760 461 796 Quousque
477 763 581 789 irruitis
597 764 624 790 in
638 764 790 792 hominem?
805 764 944 793 Occlamat
959 773 1024 794 con-

238 811 278 834 tra
296 807 466 836 adversarias
480 813 647 845 potestates:
673 810 737 845 quia
759 811 786 838 in
808 811 928 840 hominis
943 818 1024 840 natu-

237 861 295 880 ram
309 854 343 881 ad
361 855 462 882 malum
475 863 639 890 propensam
651 857 770 890 irruunt,
783 866 844 893 qua
855 866 886 886 ea
905 859 1024 887 naturali

659 163 686 190 S.
708 162 894 190 ATHANASII
909 163 984 191 OPP.
1005 162 1095 191 PARS
1115 163 1159 191 Ill.
1177 179 1185 184 -
1198 179 1212 184 -
1230 162 1436 190 EXEGETICA.

275 217 425 245 Salvatoris
440 217 621 245 oeconomiam
641 218 688 244 toti
705 218 797 252 generi
812 218 933 245 humano
950 217 1023 246 futu-
1036 221 1060 249 Α

1811 158 1866 186 276

1107 218 1151 246 διὰ
1165 218 1214 254 τῆς
1227 217 1274 244 τοῦ
1291 217 1418 253 Σωτῆρος
1425 216 1583 252 οἰκονομίας
1595 215 1677 243 παντὶ
1687 214 1727 250 τῷ
1745 214 1801 242 τῶν
1818 216 1866 242 ἁν-

1111 263 1226 299 θρῶπων
1239 263 1312 298 γένει
1323 263 1455 298 ἐσομένην
1467 262 1611 298 λύτρωσιν,
1633 262 1680 288 καὶ
1694 261 1749 288 τῶν
1761 261 1866 297 νοητῶν

1109 308 1213 344 ὲχθρῶν
1224 309 1274 343 τὴν
1286 309 1441 343 ἀνατροπὴν
1453 316 1459 322 ·
1476 307 1523 334 καὶ
1538 307 1697 342 παραίνεσιν
1708 306 1867 342 ἀποτροπὴν

1109 355 1208 386 κακίας
1234 355 1414 390 περιέχουσαν
1434 355 1492 385 τοῖς
1519 353 1672 388 ἀνθρώποις
1692 353 1809 387 εἰσάγει,
1833 353 1866 378 τὰ

1110 401 1174 436 περὶ
1187 400 1237 435 τῆς
1250 400 1366 436 κρίσεως
1385 400 1475 431 αὐτοῖς
1489 399 1681 434 ὑποτιθέμενος
1695 399 1742 425 τοῦ
1754 398 1834 424 Θεοῦ.

1108 447 1181 481 Οὐχὶ
1196 447 1235 479 τῷ
1263 443 1323 479 est;
1339 446 1561 480 ὑποταγήσεται
1584 446 1604 479 ἡ
1621 445 1706 479 ψυχή
1726 452 1806 479 μου;
1837 444 1866 470 Εἰ

1075 493 1122 519 καὶ
1135 493 1308 524 σεσάλευσαι,
1327 493 1404 528 φησὶ,
1416 489 1438 518 ὧ
1453 491 1535 526 ψυχὴ,
1557 492 1604 517 καὶ
1618 490 1668 526 τῆς
1685 491 1747 517 κατ’
1764 490 1867 526 ἀρετὴν

1075 538 1206 571 ἐξέπεσας
1227 539 1361 569 στάσεως,
1377 538 1434 564 ἀλλ’
1455 537 1606 572 ὑποτάγηθι
1631 536 1670 571 τῷ
1683 536 1789 571 Κυρίῳ.
1806 536 1867 563 Ὅτι

1075 585 1107 620 δὴ
1117 585 1198 616 αὑτός
1218 593 1264 611 σου
1278 585 1325 611 καὶ
1343 585 1529 620 ἁντιλήζεται,
1547 584 1594 610 καὶ
1609 583 1689 610 σώσει
1701 582 1747 609 τοῦ
1765 582 1803 617 μὴ
1820 583 1867 608 ἐπὶ

1076 631 1166 657 πλεῖον
1187 630 1358 657 σαλεύεσθαι.
1377 630 1431 657 Καὶ
1447 627 1502 664 rip
1517 629 1607 662 αὐτὸς
1629 629 1702 662 Θεός
1720 638 1791 663 μου.
1812 628 1868 655 Καὶ

1075 674 1129 711 γὰρ
1149 675 1230 707 αὐτὸς
1253 675 1365 711 παρέξει
1381 675 1430 710 τὴν
1451 675 1587 710 σωτηρίαν
1606 674 1775 710 ἀδικουμένῳ
1802 666 1867 709 παρ’

1076 721 1163 756 ὑμῶν,
1182 721 1229 748 καὶ
1245 720 1394 752 ἀπαλλάξει
1407 721 1516 752 πάντως
1528 720 1604 755 ὑμῶν
1615 720 1663 755 τῆς
1681 720 1845 755 μοχθηρίας.

1113 768 1189 800 Ἕως
1204 768 1277 794 πότε
1295 767 1464 794 ἐπιτίθεσθε
1479 766 1525 792 ἐπ’
1534 766 1690 800 ἄνθρωπον
1700 774 1709 797 ;
1720 766 1779 792 Τῶν
1796 767 1869 792 ἀντι-

1075 813 1208 848 κειμένων
1218 813 1358 848 δυνάμεων
1372 812 1493 848 καταόοᾷ
1504 820 1511 827 ·
1523 812 1565 838 ὅτι
1577 811 1610 846 δὴ
1619 811 1762 846 νενευκυὲᾳ
1772 812 1808 846 τῇ
1820 810 1869 836 τοῦ

1076 858 1221 895 ἀνθρώπου
1243 859 1323 894 φύσει
1352 859 1397 885 ἐπὶ
1425 857 1460 884 τὰ
1485 857 1592 892 πονηρὰ
1618 856 1797 886 ἐπιτίθενται,
1822 857 1869 882 καὶ

237 900 393 928 inﬁrmitate
409 901 506 931 similis
521 906 563 929 est
577 903 673 936 parieti
700 903 840 938 inclinato,
861 905 946 932 ruinae
962 913 1025 940 pro-

1085 905 1156 940 lpoiq
1169 913 1227 936 πως
1241 903 1308 940 οὖσῃ
1322 903 1368 930 διὰ
1376 903 1424 938 τὴν
1438 902 1554 937 φυσικὴν
1572 902 1713 928 ἀσθένειαν
1727 901 1870 927 mlle-arti

237 947 320 980 sima,
332 951 357 973 et
372 947 494 974 maceriae
508 948 635 982 deputsw.

272 1038 301 1066 5.
325 1038 508 1067 Verumtamen
533 1042 647 1075 pretium
675 1049 761 1068 meum
783 1042 962 1077 cogitaverunt
987 1051 1028 1070 re-

238 1084 343 1118 pellere.
357 1085 456 1113 Parum
470 1087 542 1114 enim
555 1087 643 1114 abfuit
657 1087 723 1122 quin
735 1088 793 1122 ipsa
802 1088 828 1115 vi
844 1089 1026 1116 ratiocinandi

237 1137 290 1158 nos
313 1132 463 1165 privarint,
486 1138 615 1168 cogentes
638 1134 752 1162 adorare
773 1134 845 1169 ligna
865 1139 892 1161 et
912 1135 1025 1170 lapides,

238 1181 269 1204 ut
286 1177 424 1205 diceretur
441 1178 474 1206 de
496 1179 574 1207 nobis
591 1189 597 1206 :
615 1179 701 1207 Homo
721 1188 781 1207 cum
803 1181 831 1207 in
845 1181 942 1208 honore
960 1186 1026 1209 esset

238 1231 289 1250 non
303 1223 434 1251 intellexit
444 1224 478 1251 9‘.
503 1225 684 1252 Cucurrerunt
698 1226 726 1252 in
740 1226 796 1252 siti.
813 1225 901 1258 Hunc,
918 1226 1024 1261 inquit,

237 1276 348 1296 cursum
365 1277 483 1297 emensae
506 1274 569 1297 sunt
586 1271 748 1298 adversariae
764 1276 928 1306 potestates,
948 1273 1026 1307 quasi

238 1315 362 1342 sitientes
378 1319 408 1342 ut
421 1323 464 1342 mc
478 1317 616 1351 privarent
630 1317 791 1344 honoribus.
810 1317 862 1344 Ore
881 1326 930 1344 suo
948 1319 1025 1345 bene-

238 1360 358 1396 dieebant
382 1366 407 1387 et
431 1361 509 1388 corde
533 1369 581 1387 suo
603 1361 804 1388 maledicebant.
823 1361 880 1389 Hoc
902 1362 940 1389 ait
961 1363 1026 1397 quia

238 1407 328 1434 dulcia
340 1412 366 1434 et
378 1411 452 1442 grata
468 1407 545 1434 nobis
557 1407 745 1442 subjicientes,
763 1416 810 1443 per
824 1416 856 1436 ea
875 1416 925 1437 nos
942 1409 1027 1436 male-

238 1453 366 1480 dictionis
384 1453 453 1481 lilios
471 1453 600 1480 eﬂiciunt.

275 1498 301 1530 7,
317 1498 344 1525 8.
373 1497 555 1525 Verumtamen
572 1498 627 1525 Deo
638 1497 754 1533 subjecta
771 1504 837 1532 esto,
851 1501 940 1526 anima
957 1509 1025 1528 mea.

239 1543 358 1571 Rursum
375 1544 494 1571 animam
517 1544 676 1579 alloquitur,
696 1545 730 1572 ad
743 1545 940 1580 subjectionem
961 1554 1025 1581 erga

240 1589 325 1617 Deum
351 1590 510 1618 cohortalis.
534 1578 660 1618 Declarat
682 1596 774 1618 autem
794 1578 1025 1626 imagnitudine‘m
1039 1578 1062 1609 δ

239 1635 432 1669 tentationum,
446 1635 568 1671 illudque
583 1635 706 1670 Apostoli
721 1636 789 1663 ait"
804 1647 809 1663 :
824 1635 956 1668 Quoniam
976 1645 1028 1664 non

239 1682 306 1708 sinet
326 1689 371 1708 vos
391 1681 490 1708 tentari
512 1689 590 1716 super
612 1681 640 1708 id
660 1681 730 1716 quod
752 1682 861 1716 potestis
885 1682 1026 1710 sustinere.

240 1726 274 1754 In
295 1726 350 1754 Deo
366 1727 484 1754 salutare
506 1735 593 1754 meum
614 1732 638 1754 et
663 1727 749 1762 gloria
768 1735 837 1755 mea.
859 1727 887 1754 In
903 1735 936 1755 eo
951 1735 1026 1762 spem

239 1773 337 1801 salutis
350 1778 377 1801 et
387 1773 479 1809 gloriae
495 1772 610 1808 positam
626 1773 722 1800 habeo.
739 1773 767 1800 Id
781 1777 822 1800 est
838 1793 846 1807 ,
866 1773 924 1808 ipse
939 1781 981 1800 me
1001 1777 1028 1801 et

239 1819 361 1852 salvum,
391 1823 418 1847 et
449 1819 597 1855 gloriosum
630 1819 814 1854 victoremque
841 1826 937 1846 eorum
971 1818 1027 1846 em~

238 1866 302 1894 ciet.

275 1911 476 1948 [Verumtamen
500 1912 552 1940 Deo
574 1912 689 1947 subjecta
708 1917 773 1944 esto,
787 1913 877 1940 animo
889 1921 954 1940 mea.
973 1913 1026 1940 Pa-

238 1965 300 1985 rum
315 1958 392 1985 abest
406 1958 472 1993 quin
487 1966 538 1986 nos
553 1949 734 1986 ratiocinandi
748 1966 798 1985 usu
811 1958 953 1993 privarint,
964 1966 1025 1986 cum

238 2004 428 2032 necessitatem
453 2004 533 2031 nobis
559 2004 729 2030 induxerunt
751 2004 882 2030 adorandi
905 2003 978 2039 ligna
1000 2010 1028 2031 et

237 2050 353 2085 lapides,
375 2050 412 2077 ita
427 2054 456 2077 ut
467 2050 500 2077 de
522 2050 601 2077 nobis
617 2050 723 2077 dicatur
737 2058 744 2076 :
764 2049 849 2075 Homo
861 2057 921 2076 cum
935 2050 963 2076 in
980 2049 1028 2084 Ito-

239 2104 302 2123 nore
315 2101 382 2123 esset
401 2104 452 2123 non
468 2095 608 2123 intellexit.
634 2095 687 2122 Sed
705 2095 743 2121 illi
759 2095 880 2129 quidem,
901 2103 918 2122 o
935 2095 1027 2122 anima

240 2149 317 2175 mea,
335 2142 490 2176 huiusmodi
507 2145 571 2168 sunt
585 2150 592 2167 ε
606 2145 633 2167 ιιι
649 2145 740 2168 autem
759 2141 877 2175 subjecta
892 2146 948 2168 esto
970 2148 1027 2168 ser-

239 2188 319 2214 vituti
331 2188 402 2222 ejus.
417 2187 519 2214 Deinde
533 2186 615 2213 infert
628 2195 635 2213 :
649 2185 768 2220 ldipsum
783 2186 817 2213 ab
835 2186 880 2214 illo
894 2193 936 2213 me
946 2193 1026 2220 spero

1078 951 1167 985 τοίχῳ
1175 950 1221 976 καὶ
1234 950 1428 976 καταπίπτειν
1437 948 1591 983 μέλλοντι,
1602 947 1651 974 καὶ
1662 945 1786 981 papa-md)
1799 946 1871 972 ἀνα-

1079 995 1272 1030 τετραμμένῳ.

1113 1041 1199 1075 Πλὴν
1211 1041 1267 1075 τὴν
1279 1041 1368 1076 τιμήν
1372 1050 1432 1076 μου
1443 1041 1665 1067 ἐϐουλεύσαντο
1675 1037 1869 1066 ἀπώσασθαι.

1077 1086 1165 1112 Μόνον
1181 1086 1241 1120 οὐχὶ
1249 1085 1303 1121 γὰρ
1312 1086 1359 1112 καὶ
1376 1084 1514 1112 αὐτοῦτοῦ
1532 1083 1642 1118 λογικοῦ
1662 1084 1736 1119 ἡμᾶς
1751 1083 1870 1109 ἀπεστέ-

1079 1141 1174 1167 ρησαν,
1201 1131 1266 1163 ξύλα
1291 1132 1338 1158 καὶ
1361 1131 1450 1162 λίθους
1470 1131 1674 1164 ἀναγκάσαντες
1690 1130 1868 1164 προσκυνεῖν,

1077 1178 1114 1209 ὡς
1126 1178 1172 1204 καὶ
1181 1177 1308 1211 λέγεσθαι
1322 1178 1387 1212 περὶ
1404 1176 1494 1213 ἡμῶν,
1507 1177 1548 1203 ὃτι
1569 1177 1736 1210 Ἄνθμυπος
1751 1175 1787 1202 ἐν
1797 1175 1870 1210 τιμῇ

1076 1223 1118 1250 ὢν
1131 1224 1166 1250 οὺ
1179 1223 1324 1258 συνῆκεν.
1344 1223 1495 1258 Ἔδραμον
1508 1223 1543 1249 ἐν
1553 1222 1644 1256 δίψει.
1660 1221 1770 1254 Τοῦτον,
1789 1222 1870 1256 φησὶ,

1076 1270 1121 1296 τὸν
1135 1270 1233 1306 δρόμον
1246 1270 1356 1305 ἔτρεχον
1370 1270 1398 1296 αἰ
1416 1269 1603 1304 ἁντικείμεναι
1625 1268 1766 1303 δυνάμεις,
1784 1267 1871 1302 διψῶ-

1078 1324 1122 1342 σαι
1137 1315 1184 1342 τοῦ
1200 1316 1386 1351 ἀποστερῆσαί
1406 1324 1439 1350 με
1454 1315 1504 1350 τῆς
1514 1315 1606 1350 τιμῆς.
1619 1314 1661 1347 Τῷ
1674 1315 1802 1349 στόματι
1814 1315 1870 1340 αὐ-

1076 1361 1135 1388 τῶν
1145 1362 1308 1397 ηὺλόγουν,
1320 1361 1370 1389 καὶ
1387 1361 1423 1396 τῇ
1437 1361 1542 1395 καρδίᾳ
1561 1361 1661 1388 αὐτῶν
1681 1360 1868 1395 ﬂammate-ro.

1077 1408 1162 1435 Τοῦτό
1178 1416 1271 1443 φησιν,
1285 1408 1390 1443 ἐπειδὴ,
1408 1407 1442 1433 τὰ
1458 1407 1526 1442 ἡδέα
1535 1407 1600 1442 ἡμῖν
1611 1406 1820 1438 ὑποὸάλλοντες,
1834 1405 1870 1432 δι’

1077 1454 1166 1482 αὐτῶν
1180 1455 1302 1491 κατάρας
1319 1455 1393 1490 ἡμᾶς
1408 1454 1588 1488 ἀποφαίνουσι
1602 1453 1695 1479 τέκνα.

1112 1500 1198 1534 Πλὴν
1210 1499 1251 1533 τῷ
1270 1499 1330 1532 Θεῷ
1350 1499 1525 1534 ὐποτὰγηθι,
1546 1499 1564 1531 ἡ
1578 1497 1662 1532 ψυχή
1687 1506 1757 1531 μου.
1783 1496 1871 1523 Πάλιν

1076 1547 1109 1582 τῇ
1125 1547 1196 1582 ψυχῇ
1213 1546 1383 1580 διαλέγεται,
1398 1545 1447 1580 τὴν
1461 1545 1599 1579 ὑποταγὴν
1628 1544 1713 1578 αὐτῆς
1730 1543 1780 1579 τὴν
1801 1543 1871 1578 πρὸς

1078 1592 1122 1619 τὸν
1137 1592 1202 1618 Θεὸν
1219 1591 1371 1618 ἐπιτείνων.
1392 1590 1612 1617 Ἐνδείκνυταιδὲ
1626 1590 1658 1616 τὸ
1677 1589 1795 1624 μέγεθος
1813 1588 1871 1615 τῶν

1078 1637 1249 1673 πειρασμῶν,
1271 1636 1358 1663 καὶτὸ
1370 1635 1417 1662 τοῦ
1441 1635 1601 1662 Ἀποστόλου
1612 1635 1686 1669 λέγει
1697 1644 1703 1650 ·
1734 1635 1795 1660 ’Ὁτι
1814 1635 1872 1661 οὐκ

1077 1683 1160 1710 ἐάσει
1176 1683 1252 1718 ὑμᾶς
1265 1682 1464 1717 πειρασθῆναι
1474 1681 1550 1716 ὑπὲρ
1563 1682 1578 1708 ὃ
1591 1681 1724 1708 δύνασθε
1740 1682 1871 1714 ὑπενεγ-

1078 1730 1152 1756 κεῖν.
1175 1729 1241 1756 Ἐπὶ
1264 1729 1304 1762 τῷ
1317 1728 1377 1761 Θεῷ
1392 1729 1425 1755 τὸ
1440 1727 1588 1762 σωτήριόν
1607 1736 1668 1762 μου
1690 1728 1739 1753 καὶ
1758 1728 1776 1760 ἡ
1795 1726 1873 1758 δόξα

1075 1785 1145 1810 μου.
1168 1775 1230 1802 Ἐπὶ
1255 1771 1328 1810 αὐτῷ
1347 1775 1396 1810 τῆς
1414 1774 1551 1809 σωτηρίας
1572 1773 1620 1799 καὶ
1643 1773 1692 1807 τῆς
1720 1771 1801 1807 δόξης
1816 1771 1873 1806 ἔχω

1077 1821 1126 1856 τὴν
1137 1820 1241 1846 ἐλπίδα.
1257 1819 1412 1852 Τουτέστιν,
1434 1819 1515 1849 αὐτός
1535 1826 1568 1853 με
1584 1817 1630 1844 καὶ
1650 1816 1799 1852 περισώσει
1822 1816 1872 1843 καὶ

1078 1866 1198 1899 ἐπίδοξον
1211 1867 1329 1901 ποιήσει,
1346 1864 1459 1900 νικητὴν
1472 1863 1574 1890 τούτων
1586 1863 1786 1898 ἐργασάμενος.

1114 1921 1219 1957 [Πλὴν
1227 1921 1268 1953 τῷ
1281 1920 1341 1952 Θεῷ
1357 1919 1531 1957 exanimat,
1548 1919 1567 1952 ’ἠ
1585 1918 1669 1953 ψυχή
1679 1927 1750 1953 μου.
1768 1919 1874 1945 Μονον-

1078 1968 1138 2003 ουχὶ
1165 1967 1220 2002 γὰρ
1233 1967 1280 1993 καὶ
1295 1966 1378 1992 αὑτοῦ
1393 1965 1439 1992 τοῦ
1453 1956 1562 1999 λογικοῦ
1578 1965 1650 2000 ἡμᾶς
1665 1965 1871 2000 ἀπεστέρησαν,

1078 2014 1145 2048 ξύλα
1159 2013 1206 2040 καὶ
1222 2012 1311 2043 λίοους
1338 2011 1543 2045 ἀναγκάσαντες
1558 2011 1721 2045 προσκυνεῖν
1734 2030 1741 2042 ,
1766 2009 1803 2040 ὡς
1825 2009 1873 2036 καὶ

1077 2060 1203 2095 λέγεσθαι
1228 2059 1292 2094 περὶ
1321 2057 1415 2093 ἡμῶν·
1432 2058 1599 2090 Ἄνθρωπος
1614 2056 1649 2082 ἐν
1673 2055 1743 2089 τιμῇ
1769 2054 1812 2080 ὧν
1831 2055 1872 2091 ,οὐ

1077 2106 1225 2140 συνῆκεν.
1247 2105 1315 2132 Ἀλλ’
1327 2105 1426 2130 ἐκεῖνοι
1442 2103 1500 2138 μὲν,
1516 2099 1538 2128 ὧ
1549 2102 1632 2138 ψυχὴ,
1646 2101 1778 2128 τοιοῦτον
1796 2102 1830 2127 σὺ
1844 2101 1875 2127 δὲ·

1077 2152 1242 2185 ὑποτάγηθι
1269 2151 1319 2186 τῆς
1347 2149 1469 2180 δουλείας
1497 2148 1589 2175 αὐτοῦ.
1619 2146 1685 2174 Εἶτα
1701 2147 1811 2182 ἐπάγει.
1830 2147 1872 2173 ὅτι

1077 2199 1147 2230 Αὐτὸ
1163 2199 1242 2225 τοῦτο
1258 2197 1323 2232 παρ’
1340 2196 1422 2223 αὑτοῦ
1434 2194 1547 2227 ἐλπίζω,
1569 2195 1598 2221 τὸ
1615 2194 1751 2229 σωτηρίας
1765 2195 1871 2228 τυχεῖν.

240 2237 426 2267 accepturum,
443 2231 569 2259 videlicet
586 2231 701 2259 salutem
717 2239 760 2258 me
774 2232 859 2266 ipsius
874 2231 1026 2266 patrocinio

1085 2244 1355 2279 ὶντιλαμεῖανομένου,
1368 2243 1415 2269 καὶ
1431 2242 1466 2277 μὴ
1478 2240 1681 2277 συγχωροῦντος
1696 2240 1873 2275 μετανάστην

239 2283 472 2311 consecuturum;
500 2285 589 2313 neque
608 2278 682 2305 enim
699 2278 770 2305 sinet
795 2286 837 2305 me
860 2279 1026 2305 desertorem

239 2333 272 2352 ac
286 2324 455 2359 transfugam
468 2323 502 2351 ab
514 2324 576 2358 ipso
590 2331 661 2355 esse,
677 2323 735 2350 sive
748 2324 774 2350 in
791 2323 864 2350 aliud
876 2323 1028 2351 dominium

240 2370 396 2398 transferri.
408 2370 472 2398 Inde
485 2370 587 2405 quippe
604 2370 720 2397 salutem
737 2374 866 2404 exspecto
880 2370 1028 2397 auxilium-

240 2425 293 2452 que
311 2416 407 2451 ipsius.
423 2418 489 2452 quia
502 2417 529 2444 in
544 2424 577 2444 eo
594 2423 669 2450 spem
687 2416 797 2450 reposui
814 2415 929 2450 meam.]

277 2462 304 2489 9.
325 2460 434 2496 Sperate
458 2462 486 2488 in
511 2469 540 2488 eo
563 2462 647 2488 omnis
673 2460 838 2496 congregatio
860 2459 1026 2494 popularum.

239 2506 389 2541 Postquam
404 2507 431 2533 in
448 2507 508 2542 ipso
527 2506 618 2541 primo
635 2514 746 2533 cursum
768 2510 910 2540 paraverat
925 2506 957 2533 ad
971 2514 1029 2541 pce-

240 2553 395 2585 nitentiam,
413 2553 445 2580 ad
461 2552 578 2587 idipsum
596 2552 665 2579 alios
685 2552 857 2584 cohortatur,
874 2555 955 2585 atque
974 2559 1029 2579 una

239 2598 398 2633 prophetico
419 2606 467 2626 ore
489 2600 611 2625 omnium
636 2598 755 2632 gentium
773 2598 944 2625 vocationem
965 2605 1030 2632 pra:-

240 2646 357 2674 nuntiat.
383 2646 520 2681 Effundite
536 2655 625 2673 coram
642 2645 690 2673 illo
707 2646 789 2673 corda
804 2651 899 2673 vestra.
913 2645 1030 2674 Perinde

239 2697 279 2719 est
295 2700 327 2719 ac
340 2692 363 2720 si
375 2693 476 2719 diceret
489 2702 495 2720 :
513 2692 551 2719 Ne
563 2691 682 2719 accedite
696 2691 729 2718 ad
744 2699 806 2718 eum
817 2691 899 2718 corde
913 2691 1025 2725 duplici.

241 2737 292 2764 Sed
318 2742 347 2764 ut
369 2738 501 2772 scriptum
523 2737 595 2764 estm
618 2746 624 2763 :
649 2735 749 2771 Diliges
774 2735 917 2762 Dominum
942 2734 1027 2762 Deum

239 2788 315 2811 tuum
332 2791 364 2810 CI
377 2788 431 2810 ιοιο
446 2783 522 2810 corde
538 2788 583 2809 ίιιο
596 2787 621 2809 et
632 2790 665 2809 ea:
678 2786 734 2809 tota
747 2785 831 2808 mente
847 2786 903 2807 tua.

274 2885 298 2902 ⁹⁶
311 2883 384 2914 Psal.
401 2894 496 2920 xum,
511 2886 556 2915 2i.

1077 2289 1203 2324 γενέσθαι
1220 2289 1266 2315 καὶ
1278 2287 1385 2323 φυγάδα
1400 2288 1446 2313 ἀπ’
1460 2287 1554 2318 αὐτοῦ,
1566 2287 1624 2321 ἦτοι
1641 2285 1800 2312 δεσποτείαν
1813 2285 1875 2311 ὲτέ-

1079 2345 1128 2372 ραν
1143 2335 1319 2368 ἀλλάξασθαι.
1341 2334 1461 2360 Ἐκεῖθεν
1473 2333 1527 2369 γὰρ
1551 2332 1692 2368 προσδοκῶ
1711 2332 1759 2358 καὶ
1785 2331 1874 2364 σώζε-

1079 2382 1151 2415 σθαι,
1169 2380 1216 2408 καὶ
1233 2381 1263 2407 τὸ
1278 2379 1444 2416 βοηθεῖσθαι,
1463 2380 1494 2406 ὲκ
1507 2378 1552 2405 τοῦ
1567 2378 1610 2404 ἐπ’
1623 2377 1704 2404 αὑτὸν
1716 2375 1873 2412 ἐλπίζει-Α]

1119 2461 1281 2489 Ἐλπίσατε
1294 2459 1341 2486 ἐπ’
1357 2459 1452 2486 αὐτὸν
1462 2478 1469 2491 ,
1490 2457 1575 2485 πᾶσα
1597 2455 1759 2490 συναγωγὴ
1773 2454 1872 2482 λαῶν.

1084 2507 1129 2533 Ἐν
1147 2506 1220 2541 αὐτῷ
1237 2505 1337 2541 πρώτῳ
1352 2503 1565 2539 παρασκευάσας
1591 2502 1638 2528 τὸν
1659 2501 1710 2532 εἰς·
1724 2499 1874 2536 μετάνοιαν

1077 2552 1186 2588 δρομον,
1200 2552 1247 2578 καὶ
1261 2552 1323 2582 τοὺς
1335 2550 1430 2582 ἄλλους
1444 2551 1484 2581 εἰς
1497 2549 1575 2575 τοῦτο
1587 2547 1751 2584 παρακαλεῖ,
1770 2547 1831 2582 ἅμα
1845 2547 1874 2573 δὲ

1079 2599 1124 2625 καὶ
1142 2597 1382 2633 προφητικώτερον
1399 2596 1449 2632 τὴν
1463 2595 1516 2622 τῶν
1526 2594 1610 2621 ὲονῶν
1625 2593 1733 2620 πάντων
1751 2602 1874 2628 προανα-

1081 2644 1165 2678 φωνεῐ
1177 2642 1283 2677 κλῆσιν.
1305 2642 1445 2677 Ἐκχέατε
1466 2640 1594 2667 ἐνώπιον
1615 2639 1709 2666 αὐτοῦ
1724 2639 1778 2671 τὰς
1802 2647 1875 2673 καρ-

1079 2688 1146 2721 δίας
1165 2688 1259 2722 ὑμῶν.
1286 2688 1397 2723 Ὅμοιον
1425 2688 1491 2714 ὡσεὶ
1516 2687 1609 2721 λέγοι·
1632 2685 1678 2721 Μὴ
1702 2685 1873 2721 προσέλθητε

1079 2733 1154 2770 αὐτῷ
1167 2735 1196 2760 ὲν
1210 2734 1308 2770 καρδίᾳ
1321 2734 1398 2769 δισσῇ
1410 2743 1416 2748 ·
1430 2734 1488 2760 ἀλλ’
1502 2733 1540 2764 ὡς
1557 2732 1728 2768 γέγραπται·
1751 2732 1874 2765 Ἀγαπττι

1080 2788 1145 2814 σεις
1162 2781 1272 2814 Κύριον
1285 2779 1338 2806 τὸν
1361 2780 1435 2806 Θεόν
1450 2787 1507 2806 σου
1523 2778 1557 2810 ἐξ
1572 2778 1646 2811 ὅλης
1665 2776 1721 2811 τῆς
1747 2777 1872 2811 καρδίας

1082 2833 1152 2859 σου,
1171 2825 1220 2853 καὶ
1236 2825 1270 2859 ἐξ
1284 2825 1358 2859 ὕλης
1369 2824 1424 2860 τῆς
1436 2825 1570 2858 διανοίας
1589 2831 1658 2851 σου.

596 2887 618 2902 ³⁷
633 2885 642 2912 l
656 2885 718 2913 Cor.
737 2894 764 2918 ι,
783 2885 826 2913 ib.
865 2883 996 2912 MMatth.
1014 2893 1083 2918 un,
1102 2884 1146 2912 57.
