1922 3057
63 155 106 182 277
603 150 785 179 EXPOSITIO
804 150 836 178 ΙΝ
857 148 1024 178 PSALMUM
1048 147 1128 175 LXII.

1619 142 1674 172 278

95 213 171 248 Πλὴν
179 213 294 248 μάταιοι
306 214 333 240 οἱ
346 212 400 239 υἱοὶ
417 211 475 238 τῶν
489 211 661 246 ἀνθρώπων.
676 212 773 244 Είδὼς,
791 213 830 238 ὖτι

920 212 969 242 10,
997 210 1039 237 Η.
1069 208 1250 236 Verumtamen
1274 207 1333 233 vani
1364 205 1414 240 ﬁlii
1441 204 1592 236 hominum,
1619 207 1674 231 etc.

65 261 151 292 πάντες
168 257 283 292 δέξονται
298 258 347 295 τὴν
361 258 404 285 διὰ
419 257 465 284 τοῦ
484 258 650 292 Εὑαγγελίου
665 258 772 293 κλῆσιν,
784 268 833 285 τα-

65 305 153 338 λανίζει
170 306 229 337 τοὺς
246 305 283 341 μὴ
296 305 483 336 πιστεύοντας,
501 305 549 331 καὶ
563 305 681 340 μάλιστα
703 306 766 336 τοὺς
779 305 834 331 τῶν

70 352 189 379 Ἰουδαίων
201 351 368 387 καθηγητὰς,
380 351 404 377 οἳ
418 351 465 377 καὶ
475 350 583 384 ψευδεῖς
591 349 672 386 ἦσαν,
683 351 729 378 ἅτε
742 351 774 386 δὴ
787 351 833 386 τὴν

65 398 177 434 ἀλήθειαν
192 397 391 432 ἀπωθούμενον
408 398 455 425 καὶ
466 397 495 423 οὐ
515 397 595 433 μόνον
611 397 685 433 ζυγῷ
699 398 746 424 καὶ
769 406 834 424 στα-

65 445 132 479 θμοῖς
148 444 193 479 τὴν
213 444 318 471 ἁδι-κίαν
338 443 510 479 ἐπετήδευον,
526 443 594 470 ἀλλὰ
618 444 663 470 καὶ
689 444 835 479 συνήγοντο

65 491 104 516 ἐπὶ
114 490 272 525 ματαιότητι.
290 491 412 521 Μάταιυς
427 489 480 525 γὰρ
500 489 607 525 ἀληθῶς
631 491 647 524 ὴ
663 490 728 526 παρ’
745 488 835 515 αὐτῶν

65 535 125 563 κατὰ
138 535 180 562 τοῦ
191 537 314 572 Σωτῆρος
330 536 469 572 ἐπιϐουλή.
483 535 531 569 Μὴ
553 535 687 565 ἐλπίζετε
712 535 757 561 ἐπ’
774 535 837 562 ἀδι-

65 581 124 607 κίαν
138 581 182 608 καί
196 582 243 608 ἐπὶ
257 581 397 616 ἅρπαγμα
404 582 447 616 μὴ
458 581 633 608 ἐπιποθεῖτε.
664 580 750 607 Τοῦτό
770 590 836 616 φησι

65 627 123 661 πρὸς
137 628 236 659 αὐτοὺς,
249 628 342 663 ἐπειδὴ
355 628 511 660 πλεονεξίας
522 628 615 654 ἕνεκεν
637 627 836 653 ἐπεϐούλευσαν

65 672 137 707 αὐτῷ,
151 673 300 706 ἐλπίζοντες
311 674 360 706 τὰς
371 675 403 700 ἐκ
416 674 461 700 τοῦ
473 674 555 708 νόμου
568 673 757 709 καρποφορίας
769 675 836 708 παρ’

66 719 142 746 αὐτῶν
153 719 268 755 λαμὸἀνε
273 729 307 746 ιν.

96 764 177 798 Ἀπαξ
191 766 345 801 ἐλάλησεν
361 768 377 794 ὁ
396 767 478 800 Θεὸς,
500 766 555 793 δύο
578 767 671 793 ταῦτα
698 766 834 800 ἥκουσα’

66 809 101 836 ἔτι
111 810 138 837 τὸ
151 811 253 846 κράτος
267 813 321 840 τοῦ
339 813 424 841 Θεοῦ.
450 813 632 848 Ἀπεφήνατο,
657 813 734 848 φησὶ,
758 813 836 847 λόγον

64 855 172 892 περὶτῆς
184 858 302 894 κρίσεως
311 859 325 885 ὁ
336 858 413 890 Θεὸς,
426 858 459 885 δι’
471 855 502 886 οὗ
512 858 598 885 ταῦτα
609 858 643 885 τὰ
658 858 704 884 δύο
717 858 834 894 ἀκήκοα·

886 258 994 285 Gnarus
1017 264 1113 284 ornues
1137 254 1276 289 Evangelii
1306 252 1476 280 vocationem
1504 254 1674 284 accepturos,

885 303 1008 330 infelices
1034 300 1165 336 praedicat
1189 307 1237 326 eos
1272 298 1319 333 qui
1344 305 1400 324 non
1433 295 1565 324 credituri
1596 297 1675 326 sunt,

886 349 1004 376 maxime
1022 355 1084 374 vero
1099 346 1256 373 Judmorum
1281 344 1438 380 magistros,
1457 343 1504 377 qui
1520 346 1547 368 ct
1564 340 1677 368 menda-

886 403 932 423 ces
948 398 1037 425 erant,
1052 398 1145 428 utpote
1163 393 1209 427 qui
1227 400 1242 419 a
1259 391 1372 418 veritate
1387 389 1489 424 repulsi
1504 388 1630 416 fuissent.
1644 386 1677 413 Et

887 449 941 468 non
958 441 1037 467 modo
1057 439 1210 466 liilancihus
1227 442 1253 465 et
1270 437 1380 464 stateris
1391 434 1552 470 injustitiam
1565 440 1677 461 exerce-

888 486 963 518 bant,
975 485 1022 513 sed
1039 485 1122 512 etiam
1134 492 1182 519 pro
1198 483 1317 510 vanitate
1333 480 1579 516 congregabantur.
1593 477 1677 505 Varue

887 531 987 566 quippe
1006 530 1117 558 fuerunt
1140 537 1235 557 eorum
1258 529 1389 555 adversus
1415 526 1583 553 Salvatorem
1607 524 1676 551 insi-

887 578 948 605 diae.
968 576 1058 603 Nolite
1071 583 1176 610 sperare
1200 575 1228 601 iu
1245 573 1401 608 iniquitate,
1415 577 1439 598 et
1458 571 1580 605 rapinam
1596 569 1676 595 nolite

888 622 1079 657 concupiscere.
1099 620 1157 648 lloc
1182 620 1220 647 ait
1245 619 1299 646 illis
1313 618 1378 653 quia
1392 616 1513 644 avaritite
1534 622 1617 642 causa
1635 613 1677 640 in-

888 669 977 697 sidiati
992 674 1056 696 sunt
1067 668 1117 702 illi,
1132 671 1274 703 sperantes
1288 665 1355 698 legis
1367 672 1396 692 se
1411 664 1530 690 fructum
1546 665 1676 696 acceptu-

888 722 934 742 ros
952 714 985 741 ab
998 722 1040 741 eo.

923 759 968 786 l2.
989 758 1075 786 Semel
1090 759 1193 786 locutus
1207 763 1244 785 est
1258 757 1339 789 Deus,
1360 757 1412 782 duo
1428 755 1482 782 Ιιωσ
1494 753 1601 780 audivi:
1613 752 1677 786 quia

887 810 1002 837 potestas
1022 805 1071 833 Dei
1091 811 1141 838 est,
1162 809 1216 832 etc.
1238 804 1323 835 Deus,
1343 802 1442 837 inquit,
1455 798 1606 828 declaravit
1618 804 1677 824 ser-

888 860 996 880 monem
1015 852 1048 879 de
1060 852 1179 887 judicio,
1196 859 1228 878 ex
1245 858 1300 885 quo
1319 850 1375 877 lucc
1391 849 1445 875 duo
1460 845 1551 874 audivi
1567 854 1574 872 :
1591 851 1678 871 unum

64 889 208 937 Evasi/ﬁt;
222 906 280 936 τοῖς
292 889 351 940 μὲν
374 889 508 940 δεηθεῖσιν
536 905 621 941 ὀργῆς
646 905 690 931 διὰ
709 889 770 940 τὴν.
783 905 836 932 τῶν

896 899 1008 934 ιυὶάριῐι,
1019 899 1091 933 quod
1107 897 1198 932 iisqui
1212 905 1260 932 per
1274 900 1446 931 peccatorum
1462 889 1676 927 magnitudinem

63 948 249 985 ἁμαρτημάτων
271 951 424 986 ὑπερϐολὴν
450 950 535 987 ὀργὴν
558 950 709 978 ἀποδώσει*
729 952 786 983 τοῖς
808 951 837 977 δὲ

62 993 113 1026 ἀξια
126 997 300 1032 πεποιηκόσιν
318 997 405 1030 ἐλέου,
419 997 550 1032 ἁπονέμοι
559 996 643 1023 ἔλεον.
653 997 689 1022 Τὸ
701 996 756 1032 γὰρ
767 996 836 1031 κρά-

61 1048 102 1072 τος
112 1041 155 1076 τὴν
169 1041 250 1078 ὀργὴν
267 1043 461 1078 ὑποσημαίνει,
478 1043 525 1070 καὶ
541 1043 590 1078 τὴν
610 1042 761 1078 ἀποτομίαν
787 1042 837 1077 τὴν

61 1085 121 1112 κατὰ
132 1087 182 1114 τῶν
200 1089 285 1122 ἀξίων
302 1089 387 1124 αὐτῆς
403 1089 563 1125 γενομένην.

77 1153 112 1185 Τῷ
123 1155 208 1182 Δαυῒδ
228 1157 263 1184 ὲν
284 1157 323 1190 τῷ
338 1156 415 1185 εἶναι
430 1158 525 1184 αὐτὸν
535 1158 569 1184 ἐν
585 1157 623 1192 τῇ
646 1158 744 1193 ἐρήμῳ
763 1158 818 1192 τῆς

239 1192 394 1226 Ἰουδαίας.
413 1195 567 1220 ΨΛΛΜΟΣ
580 1192 643 1220 ΞΠ.

355 1250 361 1259 '
368 1251 522 1283 Υπόθεσις.

59 1303 106 1330 Καὶ
117 1305 204 1333 τοῦτον
221 1307 272 1342 μὲν
290 1307 348 1343 ᾄδει
362 1307 408 1333 τὸν
420 1307 537 1342 ψαλμὸν,
558 1306 666 1342 φεύγων
681 1307 735 1333 ἀπὸ
754 1315 838 1342 προσ-

88 1351 155 1379 ώπου
170 1353 267 1387 Σαοὺλ,
295 1354 341 1381 καὶ
367 1353 410 1385 διὰ
425 1353 475 1388 τῆς
498 1353 568 1380 κατὰ
591 1354 637 1380 τὸν
661 1353 717 1388 βίον
737 1354 838 1389 ἀρετῆς

88 1399 294 1436 ἐπικαλούμενος
309 1401 349 1432 είς
364 1399 491 1436 βοήθειαν
503 1400 549 1426 τὸν
559 1400 634 1427 Θεὸν.
661 1399 838 1435 Ἀναφέρεται

87 1445 113 1472 δὲ
125 1447 169 1473 καὶ
180 1449 220 1479 εἰς
233 1448 284 1483 τὴν
298 1447 387 1483 ψυχὴν
404 1448 454 1483 τὴν
475 1447 558 1474 πάλαι
584 1448 613 1474 ὲν
630 1447 732 1483 ἐρημίᾳ
755 1455 835 1481 γεγο-

89 1494 157 1519 νυῖαν
170 1494 272 1526 παντὸς
287 1494 401 1528 ἀγαθοῦ,
418 1491 477 1520 εἷτα
491 1495 708 1529 ὲπιστραφεῖσαν
725 1495 758 1529 τῇ
772 1494 838 1529 Χρι-

91 1539 147 1564 στοῦ
166 1540 270 1576 χάριτι.

94 1583 118 1609 ’0
129 1567 210 1618 Θεδςξ
226 1587 242 1612 ὁ
260 1586 494 1621 Θεόςμου,πρὸς
508 1586 545 1612 σὲ
559 1586 686 1620 ὀρθρὶζῖυ.
703 1586 740 1612 Τὸ
757 1595 838 1613 σπου·
851 1567 872 1595 c

59 1627 122 1655 δαῖον
132 1630 180 1665 τῆς
198 1630 364 1666 προτεδρίας
382 1632 426 1658 διὰ
436 1631 491 1658 τῶν
509 1631 651 1666 παρόντων
668 1630 840 1666 κατασημαί-

59 1681 102 1700 νει.
124 1675 194 1710 Πρὸς
216 1677 257 1708 σὲ,
276 1676 353 1711 φησὶ,
368 1677 540 1712 διανίσταμαι
564 1676 674 1712 ὄρθρου,
700 1677 740 1708 εἰς
751 1675 782 1702 τὸ
799 1677 840 1702 σοὶ

59 1718 113 1751 τοὺς
128 1729 156 1746 τε
168 1721 268 1756 ὕμνους
281 1723 328 1748 καὶ
341 1722 390 1754 τὰς
400 1722 482 1758 εὐχὰς
496 1722 665 1758 ἀναπέμψαι.
696 1721 840 1756 Ἐδίψησέ

60 1773 91 1791 σε
104 1766 121 1799 ἡ
135 1767 217 1801 ψυχή
229 1776 302 1802 μου.
319 1768 356 1794 Οὐ
373 1768 463 1803 μόνον,
477 1769 570 1803 φησὶν.
585 1769 602 1804 ἡ
622 1768 695 1804 ψυχὴ
713 1767 759 1794 τοῦ
773 1767 842 1804 ἔρω-

60 1818 99 1842 τος
111 1811 301 1848 ἐμπέπλησται
316 1813 363 1841 τοῦ
373 1814 457 1841 θείου·
469 1813 537 1841 ἀλλὰ
548 1814 603 1850 γὰρ
617 1813 712 1841 πλέον
724 1822 753 1840 τι
762 1814 810 1840 καὶ
821 1814 840 1847 ἡ

61 1855 141 1890 σάρξ·
153 1858 190 1884 Οὐ
207 1857 263 1894 γὰρ
281 1859 360 1897 μόνον
372 1859 423 1895 τὴν
433 1859 575 1886 εὐσέϐειαν
585 1860 660 1894 ἡμᾶς
673 1859 842 1894 ἐπιτηδεύειν

60 1900 104 1932 δεῖ.
123 1903 187 1930 ἀλλὰ
207 1905 255 1931 καὶ
271 1905 317 1931 διὰ
334 1904 380 1931 τοῦ
399 1905 525 1941 σώματος
540 1905 669 1941 ἀρέσκειν
690 1904 765 1940 Θεῷ,
787 1903 842 1931 οἷον

61 1948 99 1976 διὰ
108 1953 242 1987 νηστείας,
255 1953 298 1980 διὰ
310 1953 437 1989 συνεχοῦς
451 1954 615 1990 προσευχῆς,
629 1953 672 1980 διὰ
683 1953 841 1988 χαμευνίας,

62 1995 100 2022 διὰ
112 1998 157 2033 τῆς
173 1999 307 2034 ἐργασίας
322 2000 375 2026 τῶν
390 2000 499 2036 χειρῶν,
511 2001 551 2032 είς
570 2000 600 2026 τὸ
610 1999 746 2036 δεομένοις
762 2007 844 2035 χορη-

63 2044 122 2075 γεῖν.
141 2045 189 2071 Ἑν
203 2045 241 2080 γῇ
259 2045 356 2080 ἐρήμῳ
374 2046 423 2072 καὶ
441 2046 548 2078 ἀϐάτῳ.
566 2046 703 2082 οὐδεμίαν
725 2046 779 2072 ἀπὸ
794 2045 844 2080 τῆς

64 2089 171 2125 ἐρημίας
191 2091 295 2128 βλάϐην
316 2092 504 2128 εἰσεδεξάμην,
532 2093 625 2128 φησὶν,
653 2092 709 2119 ἀλλ’
724 2092 762 2124 ὡς
779 2092 844 2127 παρ’

63 2135 137 2171 αὑτὴν
153 2137 278 2173 ἑστηκὼς
305 2138 354 2177 τὴν
385 2138 461 2173 ἱεράν
488 2147 534 2165 σου
564 2138 677 2173 σκηνὴν,
708 2137 844 2173 ὑμνῳδίαν

64 2181 209 2216 προσφέρω.
223 2182 260 2208 Τὸ
276 2183 340 2218 γὰρ,
361 2183 396 2209 ἐν
408 2183 449 2216 τῷ
461 2183 544 2218 ἁγίῳ,
563 2183 612 2219 τὴν
634 2184 736 2219 σκηνὴν
758 2183 842 2217 λέγει.

888 944 956 971 iram
975 944 1136 980 expetierinl
1147 964 1154 976 ,
1170 944 1238 970 iram
1254 942 1387 974 daturus;
1403 941 1437 967 iis
1453 947 1517 966 vero
1532 937 1579 972 qui
1595 942 1678 970 opera

888 990 1083 1018 misericordiae
1109 991 1190 1024 digna
1224 988 1427 1026 perpetrarint,
1461 982 1678 1012 misericordiam

888 1038 1058 1072 priestiturus
1070 1037 1115 1064 sit.
1131 1037 1199 1064 lllud
1212 1037 1296 1069 enim,
1311 1040 1437 1070 potestas,
1453 1034 1521 1060 iram
1544 1029 1679 1066 signiﬁcat

888 1087 969 1118 atque
986 1082 1105 1109 furorem
1124 1084 1255 1109 adversus
1281 1089 1329 1109 eos
1346 1080 1393 1114 qui
1414 1078 1516 1106 iuerint
1532 1076 1571 1103 ira
1590 1075 1676 1110 digni.

889 1151 915 1177 l.
937 1149 993 1185 Ipsi
1013 1151 1109 1183 David,
1128 1159 1185 1178 cum
1200 1156 1265 1177 esset
1279 1151 1307 1176 in
1325 1150 1427 1185 deserto
1443 1147 1555 1174 Judtcte.
1575 1143 1680 1172 PSAL-

1189 1185 1266 1213 ML'S
1285 1184 1377 1211 LXII.

1178 1247 1379 1280 Argumentum.

889 1306 921 1334 Et
938 1307 1010 1334 hunc
1024 1306 1098 1334 canit
1118 1306 1267 1341 psalmum,
1290 1305 1396 1339 fugiens
1410 1311 1424 1330 a
1441 1302 1509 1330 l'acie
1532 1300 1634 1333 Saulis,
1652 1304 1681 1327 et

925 1361 974 1388 per
995 1353 1150 1380 institutum
1165 1353 1226 1379 vita:
1244 1359 1305 1379 cum
1324 1351 1425 1377 virtute
1450 1354 1541 1376 actum
1564 1347 1612 1375 Dei
1629 1341 1687 1373 in}?

924 1399 1013 1434 plorat
1027 1399 1171 1426 auxilium.
1196 1397 1322 1425 Refertur
1335 1396 1417 1423 ctiam
1432 1395 1468 1422 ad
1482 1394 1601 1421 animam
1619 1400 1681 1428 qua:

925 1446 990 1472 olim
1007 1445 1082 1472 omni
1095 1452 1181 1472 vacua
1198 1445 1269 1471 bono
1282 1442 1382 1474 fuerat,
1401 1446 1428 1469 et
1441 1449 1501 1476 quae
1518 1444 1614 1476 postea
1631 1445 1681 1474 per

923 1491 1024 1519 Christi
1039 1491 1155 1526 gratiam
1169 1497 1302 1518 conversa
1315 1493 1366 1517 est.

925 1579 953 1610 ἓ,
967 1579 994 1606 5.
1015 1579 1097 1611 Deus,
1114 1579 1183 1606 Deus
1197 1587 1282 1612 meus,
1303 1579 1337 1606 ad
1353 1584 1378 1606 te
1391 1578 1423 1605 de
1443 1578 1499 1605 luce
1520 1577 1611 1612 vigilo.
1633 1575 1682 1604 His

891 1625 1029 1661 signiﬁcat
1044 1625 1246 1653 assiduitatem.
1256 1625 1296 1652 Ad
1312 1630 1348 1658 te,
1362 1624 1461 1659 inquit,
1475 1631 1554 1651 mane
1566 1629 1682 1657 surgens

891 1673 1019 1707 respicio,
1039 1677 1069 1699 ut
1085 1673 1202 1708 hymnos
1220 1672 1267 1699 tibi
1281 1677 1308 1699 et
1321 1671 1462 1699 orationes
1476 1670 1599 1698 olTeram.
1610 1668 1680 1697 Siti-

891 1720 928 1746 uit
941 1719 968 1746 in
981 1723 1005 1746 te
1025 1719 1114 1746 anima
1130 1725 1198 1746 mea.
1212 1717 1271 1745 Non
1288 1719 1381 1752 modo,
1403 1717 1502 1753 inquit,
1515 1716 1607 1743 anima
1622 1722 1682 1742 mea

892 1766 984 1794 divino
998 1773 1092 1793 amore
1114 1766 1214 1800 repleta
1234 1769 1294 1797 est;
1320 1765 1366 1792 sed
1388 1764 1472 1792 etiam
1498 1761 1683 1797 multipliciter

893 1821 954 1840 caro
966 1821 1033 1839 mea.
1051 1811 1110 1839 Non
1125 1812 1214 1839 solum
1230 1811 1303 1839 enim
1315 1818 1363 1846 par
1376 1815 1419 1838 est
1432 1818 1482 1837 nos
1496 1809 1623 1844 pietatem
1637 1816 1685 1836 cn—

893 1861 960 1894 lere,
976 1860 1022 1888 sed
1039 1859 1121 1886 etiam
1140 1866 1255 1894 corpore
1270 1858 1379 1893 placere
1394 1859 1467 1890 Deo;
1485 1857 1624 1888 videlicet,
1637 1863 1685 1890 per

891 1906 1038 1942 jejunium,
1054 1913 1100 1940 per
1119 1905 1289 1939 frequentem
1308 1904 1471 1936 orationem,
1486 1910 1535 1938 per
1553 1903 1684 1930 chameu-

894 1953 979 1985 niam,
989 1959 1037 1987 per
1049 1959 1132 1987 opera
1147 1958 1289 1982 manuum,
1307 1951 1340 1978 ad
1355 1951 1557 1984 cleemosynam
1569 1956 1686 1984 erogan-

894 1999 969 2026 dam.
993 1999 1024 2025 In
1042 2003 1113 2026 terra
1130 1999 1235 2025 deserta
1254 2002 1278 2024 et
1296 1998 1378 2025 invia.
1401 1996 1512 2024 Nullum
1527 2004 1559 2023 ex
1576 1996 1685 2023 deserto

894 2045 956 2072 loco
967 2049 1160 2072 nocumentum
1176 2044 1261 2076 sensi,
1275 2043 1373 2078 inquit,
1400 2043 1446 2071 sed
1463 2043 1542 2078 quasi
1555 2041 1626 2077 apud
1640 2050 1686 2069 sa-

895 2098 973 2118 crum
987 2090 1193 2118 tabernaculum
1213 2094 1291 2117 tuum
1306 2095 1424 2120 starem,
1438 2090 1569 2125 hymnum
1588 2088 1683 2115 offero.

895 2136 963 2164 illud
992 2136 1084 2169 enim,
1116 2137 1144 2162 in
1169 2140 1278 2168 sancto,
1305 2135 1512 2163 tabernaculum
1539 2134 1684 2169 signiﬁcat.

896 2182 1022 2210 Nondum
1044 2182 1116 2209 enim
1138 2182 1262 2209 divinum
1286 2182 1418 2216 templum
1434 2185 1604 2208 exstructum
1629 2180 1687 2207 l'ue-

65 2224 138 2253 Οῧπω
151 2227 204 2263 γὰρ
229 2229 243 2254 ὁ
269 2228 341 2261 θεῖος
365 2229 432 2261 νεὼς
444 2229 610 2264 ᾠκοδόμητο.
631 2229 730 2262 Οὕτως
746 2229 782 2256 ἐν
805 2229 840 2262 τῷ

897 2233 949 2256 rat.
965 2227 1009 2255 Sic
1022 2229 1049 2254 in
1061 2232 1154 2255 sancto
1172 2228 1284 2262 apparui
1302 2227 1358 2254 tibi.
1375 2226 1438 2259 Sic,
1459 2226 1610 2261 quomodo,
1634 2225 1688 2253 nisi

66 2269 130 2304 ἁγίῳ
141 2273 242 2308 ὤφθην
258 2281 317 2301 σοι.
337 2275 446 2308 Οὕτως,
478 2274 536 2307 πῶς
562 2275 587 2311 ,ἢ
612 2275 696 2310 διψῶν
713 2276 760 2302 καὶ
786 2277 846 2302 ὲπι-

66 2317 147 2345 ποθῶν
156 2320 204 2363 τὴν
218 2322 284 2356 περὶ
304 2322 333 2348 σὲ
346 2322 392 2348 τὸν
408 2323 485 2356 ἆγιον
509 2322 655 2356 συνάφειαν
671 2331 678 2355 ;
704 2323 752 2354 Τίς
775 2322 796 2348 δ’
815 2323 846 2349 ἂν

67 2363 104 2397 εἴη
118 2363 191 2398 am;
203 2366 219 2400 ἢ
238 2367 252 2392 ὁ
268 2367 422 2401 Μονογενής
435 2375 442 2400 ;

99 2409 158 2437 ’Ότι
173 2411 317 2445 κρεῖσσον
331 2413 365 2439 τὸ
381 2413 467 2446 ἔλεός
486 2420 544 2440 σου
557 2413 632 2448 ὑπὲρ
646 2413 728 2447 ζωάς.
746 2414 806 2440 ’Ότι
822 2415 847 2440 οἱ

66 2455 101 2489 τῷ
121 2456 187 2484 ἐλέει
205 2459 400 2493 προσελθόντες
419 2459 465 2486 τοῦ
481 2459 560 2493 Θεοῦ,
579 2460 703 2487 τουτέστι
725 2461 846 2496 Χριστῷ,

67 2500 133 2528 οὐδὲν
148 2503 279 2538 ἡγοῦνται
290 2505 335 2531 τοῦ
351 2504 485 2540 παρόντος
499 2505 556 2540 βίου
572 2506 622 2542 τὴν
634 2505 716 2542 ζωὴν,
728 2506 778 2542 τὴν
791 2515 847 2532 τοι-

68 2547 145 2583 a't'rrrw
157 2550 373 2585 ἀναφθέγγονται
393 2552 504 2588 φωνήν⁸
527 2552 597 2588 ὑπὲρ
619 2551 737 2588 πλήθους
764 2552 847 2587 ζωῆς,

67 2591 113 2626 τῆς
126 2595 263 2631 παρούσης
278 2596 416 2632 δηλονότι,
431 2597 555 2632 λέγοντες
572 2596 641 2625 εἶναι
657 2598 687 2625 τὸ
709 2597 848 2634 δεδομένον

68 2639 152 2672 αὐτοῖς
166 2641 210 2668 διὰ
226 2642 273 2669 τοῦ
284 2643 454 2679 Μονογενοῦς
470 2644 555 2676 ἕλεος.
575 2644 674 2677 οὕτως
691 2643 849 2678 εὐλογήσω

68 2685 144 2712 (τεέν
159 2687 195 2721 τῇ
216 2687 272 2722 (toﬁ
294 2698 362 2723 μου.
388 2689 474 2717 Τοῦτο
485 2689 514 2716 δὲ
540 2690 615 2725 παρὰ
632 2690 720 2717 πάντα
736 2699 786 2725 μου
804 2690 849 2716 τὸν

69 2730 121 2764 βίον
133 2733 278 2760 διατελέει-ιι)
292 2736 386 2767 ποιῶν,
403 2736 495 2771 ὑμνῶν
512 2736 560 2771 μὲν
574 2737 607 2771 τῇ
623 2735 730 2772 γλώττῃ
739 2756 745 2768 ,
760 2735 809 2768 τὰς
822 2735 850 2762 δὲ

70 2779 157 2814 χεῖρας
178 2781 314 2813 ἐκτείνων,
333 2782 379 2808 καὶ
391 2782 440 2817 τὴν
459 2782 508 2817 σὴν
524 2782 728 2817 φιλανθρωπίαν
756 2782 848 2809 αἰτῶν.

77 2823 123 2850 Ἐν
138 2825 178 2858 τῷ
192 2827 314 2861 ὀνόματι
327 2836 385 2855 σου
399 2828 460 2862 ἀρῶ
471 2829 523 2861 τὰς
541 2828 725 2863 χεῖράςτμου.
740 2828 849 2859 Οὐκέτι,

71 2869 158 2904 φησὶν,
171 2870 209 2902 ὡς
224 2871 270 2898 καὶ
282 2871 388 2908 πρώην,
401 2872 467 2907 προς
475 2873 541 2900 Θεὸν
554 2872 691 2909 ἀλλότριον
703 2873 751 2905 τὰς
759 2874 851 2909 χεῖρας

897 2274 995 2302 sitiens
1011 2279 1092 2308 atque
1109 2278 1243 2308 exoptans
1258 2278 1359 2306 tecum,
1377 2273 1424 2308 qui
1439 2277 1552 2300 sanctus
1566 2280 1605 2305 es,
1622 2280 1689 2301 con-

895 2321 990 2356 jungi?
1002 2320 1070 2354 Quis
1085 2329 1149 2348 vero
1163 2325 1274 2348 sanctus
1286 2320 1330 2347 ille
1345 2319 1427 2347 fuerit
1441 2320 1492 2346 nisi
1509 2318 1690 2354 Uuigenitus?

933 2410 960 2440 4.
975 2410 1002 2438 5.
1023 2410 1156 2443 Quoniam
1171 2410 1264 2437 melior
1279 2414 1318 2436 est
1339 2408 1522 2436 misericordia
1546 2413 1590 2434 tua
1613 2415 1690 2442 super

899 2458 976 2484 vitas.
992 2457 1128 2490 Quoniam
1141 2457 1188 2492 qui
1203 2456 1236 2484 ad
1249 2456 1296 2483 Dei
1314 2455 1532 2483 misericordiam
1546 2453 1690 2485 accedunt,

900 2505 926 2532 id
945 2510 986 2532 est
1002 2505 1036 2533 ad
1050 2504 1207 2536 Christum,
1226 2502 1294 2530 nihil
1315 2503 1419 2530 ducunt
1439 2501 1520 2536 hujus
1538 2499 1632 2527 mundi
1650 2499 1692 2526 vi.

902 2556 968 2585 tam,
983 2551 1120 2586 ejusmodi
1135 2558 1230 2578 v0cem
1247 2549 1401 2585 proferunt,
1417 2548 1568 2582 dicuntque
1579 2545 1691 2573 miscri-

901 2597 1022 2626 cordiam
1037 2598 1089 2624 sibi
1105 2605 1154 2632 per
1182 2596 1355 2632 Unigenitum
1380 2602 1540 2624 concessam
1561 2597 1693 2628 prazstan-

901 2644 997 2671 liorem
1020 2651 1081 2671 esse
1096 2643 1157 2670 vita:
1178 2643 1321 2678 praesentis
1335 2641 1525 2670 diuturnitate.
1549 2638 1594 2667 Sic
1617 2638 1692 2664 bene~

901 2690 990 2716 dicam
1006 2694 1029 2716 te
1049 2690 1076 2716 in
1095 2690 1148 2716 vita
1169 2697 1235 2716 mea.
1260 2687 1315 2716 Hoc
1338 2696 1385 2722 per
1401 2691 1485 2714 lotam
1508 2686 1590 2712 vitam
1612 2692 1692 2719 agere

901 2744 1023 2771 pergam,
1040 2736 1131 2771 lingua
1149 2736 1253 2763 scilicet
1264 2736 1382 2771 hymnos
1394 2732 1520 2765 cantabo,
1536 2738 1633 2758 manus
1645 2737 1693 2756 ex-

903 2784 1024 2814 tendam,
1035 2787 1062 2810 et
1081 2788 1155 2810 tuam
1168 2782 1271 2817 rogabo
1287 2780 1470 2809 clementiam.
1485 2777 1517 2804 1η
1531 2776 1692 2804 nominetuo

903 2828 993 2856 levabo
1008 2837 1102 2855 manus
1119 2836 1199 2855 meas.
1224 2827 1284 2856 Non
1305 2826 1376 2854 ultra
1389 2845 1395 2856 ,
1413 2824 1501 2859 inquit
1513 2843 1520 2855 ,
1543 2823 1614 2850 sicut
1630 2826 1693 2848 ante

903 2873 966 2907 feci,
981 2881 1077 2902 manus
1090 2873 1233 2902 extendam
1248 2873 1282 2901 ad
1296 2872 1381 2900 Deum
1396 2869 1514 2898 alienum
1530 2890 1537 2904 ,
1553 2868 1601 2897 sed
1620 2867 1653 2895 ad
1667 2872 1695 2895 te
