1922 3057
236 143 291 173 τις

659 141 688 169 S.
709 137 894 168 ATHANASll
912 137 988 165 OPP.
1008 135 1098 164 PARS
1118 134 1161 163 lll.
1179 149 1215 154 --
1234 120 1439 161 ΕΧΕΕΕΤΙΕΑ.

1810 127 1860 154 280

238 204 347 236 solum,
376 207 405 230 et
429 206 507 229 tuum
535 201 561 228 in
586 199 789 236 precationibus
817 205 916 226 nomen
949 197 1026 225 invo-

1077 193 1188 226 ὲκτενῶ,
1202 193 1259 220 ἀλλ’
1283 193 1299 228 ἦ
1314 192 1356 219 σοὶ
1371 191 1454 227 μόνῳ,
1475 189 1522 217 καὶ
1545 189 1577 216 τὺ
1595 188 1640 215 σδν
1657 188 1685 215 ὲν
1698 189 1860 224 προσευχαῖς

239 248 390 321 “labini
407 291 484 325 adipe
500 295 526 318 et
537 290 695 326 pinguedine
710 286 842 324 repleatur
853 288 943 315 anima
954 295 1022 314 mea.

237 337 362 366 Ostendit
376 340 508 372 quantum
527 337 563 364 sit
587 336 693 364 lucrum
710 343 805 363 eorum
826 334 873 369 qui
887 334 914 361 in
933 333 1022 369 ipsum

237 383 326 411 solum
343 390 420 418 spem
441 382 593 418 posuerint.
616 381 651 408 Et
665 382 744 408 labiis
759 380 944 409 euultatiom‘s
965 379 1024 406 Iau-

237 429 311 456 dabit
329 437 358 456 os
375 436 472 456 meum.
488 427 568 462 Cum,
593 427 699 463 inquit,
724 427 750 455 in
774 426 934 455 memoriam
955 425 1023 453 mihi

235 475 312 503 venit
332 482 430 503 nomen
451 481 546 509 tuum,
576 479 642 502 tunc
663 473 763 510 gaudio
789 473 929 508 replentur
952 471 1024 500 labia

236 530 308 551 mea.

271 568 297 595 Ί.
319 567 349 596 Si
364 576 463 595 memor
483 567 523 602 fui
538 568 577 595 tui
593 575 671 603 super
684 572 798 594 uratum
812 575 907 594 meum.
931 566 1000 594 Illud
1015 576 1022 593 :

235 612 266 641 Si
278 621 376 641 memor
391 613 441 648 fui,
457 613 577 648 positum
596 621 658 648 pro,
669 621 728 640 eum
740 620 840 640 memor
851 620 909 639 sum
917 620 928 645 ε
945 615 975 639 ut
989 613 1024 639 sit

234 660 368 687 sententia
383 667 390 686 :
405 667 469 687 cum
480 667 586 687 memor
600 659 638 687 tui
651 666 751 692 essem,
764 658 864 694 inquit.
881 657 1023 685 insomnes

235 705 301 733 duxi
316 710 421 738 noctes,
441 705 568 733 laudibus
583 705 638 733 tuis
652 712 763 738 vacans,
778 709 805 732 et
819 704 937 732 illustria
951 704 1022 732 dona

235 756 281 780 tua
305 752 458 786 accipiens,
482 759 544 786 quae
568 751 758 779 invocantibus
774 755 801 778 te
817 750 925 778 tribuis.
952 749 1023 784 Quia

233 797 309 832 [uiui
326 797 435 831 udjutor
450 805 533 830 meus,
549 801 574 824 et
595 798 622 824 in
635 796 780 824 velamento
795 795 901 823 uiarum
915 800 1023 822 tuarum

231 842 380 872 exsultatio.
391 842 629 877 Quandoquidem,
643 842 692 874 ait,
706 847 735 870 tu
749 841 816 869 mihi
828 840 958 869 custodiae
970 845 1023 868 tuae

232 887 367 916 auxilium
383 888 520 924 impendis
531 908 539 922 ,
554 887 676 915 lmtitiam
697 888 814 923 excipio.
830 887 1021 915 Velamentum

233 934 307 961 enim
322 934 429 962 alarum
445 939 523 962 vocat
536 933 667 961 custodiae
679 934 822 961 auxilium.
837 933 858 961 A
875 938 911 966 te,
923 933 1022 969 inquit,

232 984 371 1016 protectus
385 988 558 1016 summopere
572 980 704 1015 gaudebo.

270 1069 298 1098 9.
317 1069 436 1097 Adhaesit
455 1069 545 1098 anima
561 1078 619 1097 mea
631 1074 689 1104 post
705 1074 738 1098 le.
754 1068 794 1097 Ne
806 1069 941 1097 tantillum
959 1070 1022 1104 qui-

232 1115 294 1143 dem
305 1122 419 1151 possum
431 1122 447 1142 a
460 1117 628 1151 cogitatione
641 1124 701 1143 mea
721 1116 882 1143 memoriam
898 1116 936 1143 tui
949 1124 1022 1143 aver-

195 1158 198 1161 ’
232 1165 301 1188 tere.
323 1159 378 1188 Sed
398 1160 502 1188 amoris
526 1160 663 1189 incentivo
686 1161 817 1193 adustus,
845 1169 894 1189 ceu
917 1161 1022 1196 glutino

234 1206 352 1241 quodam
378 1206 533 1240 memoriae,
551 1207 598 1234 tibi
616 1206 751 1234 desiderio
765 1206 927 1242 coniunctus
949 1215 1019 1234 sum.

235 1251 279 1280 Me
296 1252 409 1286 suscepit
429 1252 537 1279 dextera
553 1256 610 1279 tua.
626 1251 718 1286 Ecqua
731 1256 821 1279 autem
837 1251 919 1279 fuerit
933 1251 1021 1280 Patris

231 1297 353 1330 dextera,
369 1297 422 1325 nisi
437 1297 594 1332 unigenitus
609 1297 670 1331 ejus
685 1296 788 1324 Filius?

269 1386 312 1415 10.
325 1386 382 1422 Ipsi
396 1395 456 1414 vero
469 1388 497 1414 in
508 1395 605 1414 uanum
617 1388 779 1422 quwsierunt
794 1388 911 1415 animam
924 1397 1018 1416 meam.

231 1432 372 1461 Occlamat
396 1433 506 1461 demum
532 1437 628 1461 contra
652 1433 825 1462 adversarius
857 1439 1018 1469 potestates,

232 1479 288 1505 vim
314 1479 415 1506 illatam
442 1479 494 1506 sibi
520 1477 668 1514 objiciens,
690 1488 789 1515 rogans
811 1481 920 1508 aeternis
946 1481 1020 1515 ipsas

231 1524 304 1552 tradi
320 1524 462 1560 suppliciis
477 1524 543 1560 (25).

268 1569 313 1597 12.
331 1569 388 1598 Rex.
406 1578 464 1598 vero
483 1570 617 1598 [inlabitur
639 1571 666 1597 in
688 1571 753 1599 Deo.
774 1570 921 1606 Postquam
937 1571 1020 1599 ﬁnem

231 1623 328 1644 eorum
343 1617 483 1644 enarravit
496 1617 543 1652 qui
557 1625 622 1653 erga
644 1617 786 1645 Christum
800 1617 876 1653 impii
893 1617 1016 1650 fuerunt,

230 1662 417 1691 etdeclaravit
429 1663 458 1691 in
473 1669 577 1699 partem
592 1664 660 1699 ipsis
668 1669 695 1691 et
704 1670 804 1692 sortem
819 1664 877 1692 fore
890 1664 1021 1692 inferiora

230 1713 320 1742 terrae,
342 1709 377 1736 ad
398 1709 482 1737 alium
505 1710 649 1737 hominum
665 1715 765 1737 statum
779 1715 806 1738 et
819 1710 943 1738 ordinem
959 1718 1018 1738 ser-

229 1762 339 1782 monem
354 1754 505 1788 convertit,
530 1755 557 1783 id
580 1760 639 1789 est,
663 1763 759 1783 eorum
773 1756 820 1791 qui
835 1756 862 1783 in
880 1755 1019 1784 Christum

229 1799 405 1827 crediderunt
415 1820 422 1834 ,
441 1800 488 1835 qui
502 1807 565 1828 cum
586 1809 671 1836 regno
685 1801 817 1829 cmlornm
832 1801 936 1837 dignati
953 1802 1018 1836 sint,

229 1852 308 1880 reges
325 1844 388 1879 jure
402 1846 645 1881 vocantur,ju.xta
666 1847 731 1874 illud
754 1846 857 1874 dictum
871 1846 1017 1882 Apostoli:

229 1889 265 1917 El
282 1891 386 1918 utinam
398 1891 511 1926 regnetis
520 1891 554 1919 θ’.
578 1891 628 1920 ilic
642 1896 734 1921 autem
754 1897 812 1919 erat
834 1892 950 1928 populus
967 1892 1015 1929 qui

230 1935 370 1970 regnabat,
385 1936 487 1972 quique
502 1936 645 1964 lmtabatur
664 1937 756 1965 lzetitia
770 1937 904 1973 spirituali
914 1959 922 1972 ,
935 1946 1018 1973 quam

230 1980 282 2016 ipsi
292 1980 366 2009 Deus
377 1983 435 2017 ipse
450 1982 565 2018 largitus
582 1987 634 2011 est.
650 1983 717 2018 Ego,
734 1984 831 2019 inquit,
843 1983 891 2019 qui
903 1991 1020 2020 regnum

229 2027 321 2062 accepi
337 2027 371 2054 de
390 2028 493 2056 auxilio
509 2033 574 2062 tuo,
592 2036 648 2056 non
662 2029 696 2056 de
713 2029 835 2063 ipsorum
852 2034 938 2057 morte
953 2038 1022 2066 gau-

229 2072 290 2100 deo.
306 2072 501 2101 Laudabuntur
516 2083 604 2102 omnes
619 2075 665 2110 qui
682 2074 777 2109 jurant
798 2076 824 2101 in
840 2084 880 2103 eo.
901 2075 939 2103 ita
951 2096 958 2109 ,
978 2077 1020 2103 in-

229 2118 299 2153 quit,
315 2118 403 2153 gloria
419 2119 541 2153 ipsorum
556 2119 686 2146 Christus
700 2119 761 2152 erit,
777 2127 874 2147 eorum
893 2121 1020 2149 videlicet

229 2165 277 2199 qui
300 2165 471 2200 regnabunt;
487 2170 517 2192 ut
528 2165 591 2200 jure
605 2165 762 2197 laudentur,
779 2167 844 2201 quia
865 2174 928 2194 eum
942 2167 1020 2201 jura-

1074 239 1287 274 ἐπικαλούμενος
1301 237 1396 273 όνομα.

1114 286 1163 319 Ὠς
1171 286 1206 312 ὲκ
1231 284 1359 317 στέατος
1376 283 1427 311 καὶ
1457 282 1597 316 πιότητος
1627 280 1815 316 ἐμπλησθείη
1841 281 1859 313 ἠ

1073 331 1158 366 ψυχή
1171 340 1238 365 μου.
1255 330 1379 357 Δείκνυσι
1397 329 1479 356 πόσον
1492 327 1523 354 τὸ
1541 327 1638 363 κέρδος
1652 327 1706 354 τῶν
1730 327 1774 352 ἐπ’
1790 326 1861 361 αὐτῷ

1076 377 1148 413 μόνῳ
1161 376 1210 409 τὰς
1225 376 1336 407 ἐλπίδας
1350 375 1421 411 εχειν
1437 374 1593 411 ᾑρημένων.
1605 373 1659 400 Καὶ
1675 373 1763 406 χείλη
1775 372 1863 406 ἀταλ-

1073 422 1203 456 λιάσεως
1215 423 1328 450 αἰνέσει
1339 421 1371 448 τὸ
1384 421 1482 456 στόμα
1493 429 1564 456 μου.
1589 419 1673 447 Ὅταν
1683 439 1691 451 ,
1714 418 1797 454 φησὶ,
1817 418 1862 444 τοῦ

1075 469 1122 496 σοῦ
1137 470 1166 496 ὲν
1181 469 1277 505 μνήμῃ
1287 468 1420 503 ὀνόματος
1431 467 1561 502 γινωμαι,
1572 466 1632 493 τότε
1646 465 1679 500 δὴ
1695 465 1757 491 τότε
1779 465 1863 499 χαρᾶς

1075 515 1225 551 πληροῦται
1239 514 1272 542 τὰ
1285 514 1360 549 χείλη
1375 522 1436 549 μου.

1109 563 1144 589 El
1155 560 1361 596 ὲμνημόνευόν
1375 567 1432 586 σου
1445 559 1494 586 ἐπὶ
1505 557 1558 592 τῆς
1570 557 1728 592 στρωμνῆς
1735 566 1808 592 μου.
1818 557 1864 590 Τὸ,

1074 609 1109 634 Et
1121 607 1336 642 ἐμνημόνευον,
1350 606 1411 633 ἀντὶ
1424 605 1483 637 τοῦ,
1502 604 1709 639 μνημονεύων,
1727 603 1864 630 τέθειται·

1075 653 1117 679 ἵνα
1132 650 1160 690 ᾖ,
1189 651 1366 688 μνημονεύων
1392 659 1455 683 σου,
1486 650 1586 685 φησὶν,
1609 649 1710 680 ἆῦπνος
1731 649 1866 683 ἐγενόμην

1074 699 1139 735 περὶ
1151 699 1199 730 τὰς
1216 698 1265 730 σὰς
1279 698 1408 730 αῑνέσεις,
1422 696 1469 724 καὶ
1483 695 1532 728 τὰς
1545 697 1680 730 φωεινὰς
1705 703 1752 721 σου
1782 703 1866 729 χορη-

1074 743 1147 777 γίας,
1160 743 1192 774 ἃς
1209 744 1265 775 τοῖς
1281 741 1507 777 ἐπικαλουμένοις
1526 749 1555 767 σε
1573 740 1661 772 δίδως.
1679 741 1740 766 Ὀτι
1762 739 1866 774 ἐγενή-

1074 792 1130 823 θης
1143 789 1257 823 βοηθός
1270 797 1340 823 μου,
1357 788 1405 815 καὶ
1421 788 1457 814 ἐν
1473 787 1509 821 τῇ
1525 787 1624 822 σκέπῃ
1639 786 1698 813 τῶν
1711 786 1866 820 πτερύγων

1074 842 1132 862 σου
1149 833 1381 869 ἀγαλλιάσομαι.
1404 832 1513 868 Ἐπειδὴ
1532 831 1614 863 αὑτός
1627 840 1672 866 μοι
1698 831 1807 866 βοηθεῖς
1833 832 1865 866 τῇ

1075 881 1180 917 φυλακῇ
1196 881 1244 916 τῆς
1261 880 1311 915 σῆς
1325 879 1460 915 βοηθείας,
1479 879 1529 914 τὴν
1546 877 1716 913 εὐφροσύνην
1737 877 1864 912 δέχομαι.

1073 927 1182 962 Σκέπην
1196 926 1250 962 γὰρ
1275 925 1418 961 πτερύγων
1434 924 1513 951 καλεῖ
1524 923 1573 959 τὴν
1596 923 1650 950 ἀπὸ
1664 923 1714 957 τῆς
1737 922 1864 958 βοηθείας

1073 972 1207 1008 φυλακήν.
1222 972 1405 1007 Σκεπόμενος,
1422 970 1499 1006 φησὶ,
1517 970 1592 1006 παρὰ
1613 969 1661 996 σοῦ
1681 970 1756 1005 χαρᾷ
1774 970 1864 1005 χαρή-

1073 1027 1164 1053 σομαι.
1555 1014 1569 1041 τ

1114 1063 1283 1097 Ἐκολλήθη
1299 1064 1318 1097 ἠ
1333 1062 1417 1097 ψυχή
1431 1071 1490 1097 μου
1507 1062 1604 1089 ὀπίσω
1623 1070 1692 1088 σου.
1710 1060 1778 1087 οὐδὲ
1795 1059 1865 1095 πρὸς

1073 1110 1159 1146 βραχὺ
1172 1110 1217 1136 τὸν
1234 1109 1300 1144 ἐμὸν
1315 1098 1454 1144 λογισμὸν,
1478 1108 1555 1143 φησὶ,
1573 1108 1621 1143 τῆς
1645 1108 1694 1142 σῆς
1710 1107 1866 1141 ἀποστῆσαι.

1071 1155 1188 1191 δύναμαι
1199 1155 1318 1191 μνήμης.
1340 1155 1421 1182 Ἀλλὰ
1437 1153 1646 1190 φίλτρῳέθερμῷ
1658 1153 1865 1188 π’.)ρσευόμενος

1072 1200 1127 1229 οἷόν
1141 1211 1194 1229 τινι
1208 1201 1290 1238 κόλλῃ
1304 1202 1336 1236 τῇ
1352 1202 1456 1236 μνήμῃ,
1474 1200 1513 1236 τῷ
1527 1200 1566 1236 σῷ
1579 1200 1653 1236 πόθῳ
1671 1200 1863 1235 προσδέδεμαι.

1072 1246 1140 1275 Εἶτα
1148 1248 1267 1274 δείκνυσι
1279 1248 1324 1274 τὸν
1337 1247 1383 1274 τοῦ
1396 1247 1479 1274 πόθου
1497 1247 1611 1282 καρπόν.
1632 1246 1721 1281 Ἑμοῦ
1733 1246 1768 1272 δὲ
1793 1246 1865 1272 άντ-

1072 1293 1193 1321 ελάϐετο
1207 1294 1226 1327 ἠ
1239 1293 1324 1325 δεξιά
1336 1301 1404 1320 σου.
1417 1293 1471 1319 Καὶ
1485 1293 1526 1324 τίς
1542 1292 1576 1319 ἂν
1591 1291 1634 1328 εἴη
1650 1291 1727 1324 δεξιὰ
1740 1291 1789 1318 τοῦ
1805 1292 1863 1318 Πα-

1071 1340 1136 1376 τρὸς
1150 1340 1166 1376 ἢ
1180 1341 1194 1367 ὁ
1212 1339 1358 1375 μονογενὴς
1374 1339 1456 1366 αὐτοῦ
1467 1339 1531 1371 Υἱός
1543 1348 1550 1371 ;

1107 1386 1196 1414 Αὐτοὶ
1206 1385 1240 1412 δὲ
1253 1387 1297 1418 εἰς
1305 1385 1405 1420 μάτην
1423 1385 1572 1418 ἐζήτησαν
1591 1385 1648 1418 τὴν
1670 1384 1777 1419 ¹ψυχήν
1791 1393 1863 1419 μου.

1072 1431 1250 1467 Κατακράζει
1261 1431 1354 1458 λοιπὸν
1370 1431 1424 1458 τῶν
1444 1431 1639 1466 ἀντικειμένων
1657 1431 1799 1466 δυνάμεων
1809 1450 1817 1462 ,
1832 1431 1865 1465 ἢν

1073 1478 1202 1513 ὑπέμεινε
1219 1477 1436 1513 προόαλλόμενος
1454 1477 1531 1512 βίαν,
1549 1477 1694 1512 εὐχόμενος
1718 1478 1778 1508 ταῖς
1798 1477 1864 1503 αἰω-

1071 1522 1139 1554 νίοις
1152 1523 1250 1554 αὐτοὺς
1264 1523 1446 1559 παραδοθῆναι
1461 1523 1613 1550 κολάσεσιν.

1113 1568 1140 1594 '0
1155 1567 1188 1594 δὲ
1199 1568 1351 1602 ,βασιλεὺς
1367 1568 1606 1602 εὐφρανθήσεται
1617 1569 1667 1596 ἐπὶ
1681 1567 1722 1601 τῷ
1739 1568 1811 1602 θεῷ.
1827 1569 1863 1595 Τὸ

1071 1612 1147 1644 τέλος
1162 1613 1216 1639 τῶν
1231 1614 1271 1645 εἱς
1283 1613 1401 1649 Χριστὸν
1420 1613 1613 1649 ἀσεϐησάντων
1633 1612 1784 1645 διεξελθὼν,
1815 1613 1865 1640 καὶ

1071 1659 1171 1692 δείξας,
1192 1659 1230 1691 ὡς
1244 1659 1323 1695 μερὶς
1335 1661 1381 1687 καὶ
1393 1659 1493 1695 κλῆρος
1507 1659 1599 1691 αὐτοῖς
1617 1661 1759 1695 γενήσεται
1771 1659 1806 1686 τὰ
1815 1668 1865 1686 κα-

1071 1705 1181 1732 τώτατα
1195 1705 1267 1741 μέρη
1280 1705 1329 1741 τῆς
1343 1705 1406 1740 γῆς,
1426 1705 1472 1732 ἐπὶ
1489 1705 1518 1731 τὺ
1531 1705 1625 1741 ἕτερον
1637 1706 1729 1740 τάγμα
1752 1705 1798 1731 τὸν
1818 1705 1864 1731 λό-

1071 1760 1118 1786 γον
1136 1751 1278 1788 μεθίστησι
1288 1760 1294 1767 ·
1311 1752 1391 1780 τοῦτο
1402 1752 1430 1779 δὲ
1442 1750 1476 1788 ἦν
1489 1752 1519 1779 τὺ
1536 1753 1591 1779 τῶν
1603 1753 1807 1779 πιστευσάντων
1821 1754 1863 1784 εἰς

1071 1799 1201 1834 Χριστὸν,
1222 1799 1257 1831 οἳ,
1271 1800 1320 1826 καὶ
1345 1799 1483 1834 βασιλείας
1499 1799 1645 1834 ἠξιωμένοι
1657 1800 1712 1825 τῶν
1727 1799 1862 1835 οὐρανῶν,

1071 1844 1182 1876 εἰκότως
1198 1844 1245 1872 καὶ
1264 1844 1384 1880 βασιλεῖς
1394 1843 1582 1880 ὀνομάζονται,
1607 1845 1679 1873 κατὰ
1696 1845 1727 1871 τὸ
1745 1846 1863 1880 εἰρημέ-

1070 1899 1115 1916 νον
1130 1889 1206 1925 παρὰ
1218 1889 1257 1925 τῷ
1274 1889 1443 1925 Ἀποστόλιιν
1457 1890 1513 1916 Καὶ
1526 1889 1644 1925 ὤφελόν
1657 1899 1690 1924 γε
1705 1890 1864 1917 ἐϐασιλεύ-

1070 1944 1154 1964 σατε.
1175 1932 1258 1968 Οὗτος
1271 1935 1299 1962 δὲ
1311 1933 1344 1972 ἦν
1358 1937 1373 1962 ὁ
1385 1936 1534 1971 βασιλεύων
1549 1935 1622 1968 λαὸς,
1639 1936 1668 1968 ὃς
1682 1936 1862 1972 εὐφραίνεται

1069 1981 1118 2017 τὴν
1131 1982 1229 2017 νοητὴν
1244 1981 1426 2018 εὐφροσύνην,
1440 1982 1473 2018 ἠν
1487 1982 1567 2014 αὐτὸς
1581 1982 1655 2017 αὑτῷ
1671 1982 1833 2017 κεχάρισται
1848 1983 1865 2008 ὁ

1070 2028 1146 2060 Θεός.
1166 2027 1247 2062 Ἐγὼ,
1260 2028 1353 2063 φησὶν.
1369 2029 1383 2054 ό
1401 2028 1477 2064 παρὰ
1489 2028 1536 2055 σοῦ
1546 2029 1596 2064 τὴν
1607 2028 1745 2063 βασιλείαν
1759 2028 1863 2062 λαϐὼν,

1070 2077 1103 2109 τῇ
1122 2076 1154 2109 σῇ
1168 2074 1323 2110 ἐπικουρίᾳ,
1340 2074 1370 2101 οὑ
1386 2074 1426 2110 τῷ
1445 2075 1553 2110 θανάτῳ
1575 2075 1696 2106 ἐκείνων,
1714 2075 1862 2110 ἐφήδομαι.

1077 2119 1319 2153 Ἐπαινεθήσεται
1332 2120 1391 2154 πᾶς
1413 2122 1429 2147 ὀ
1451 2121 1571 2155 ὀμνύων
1593 2121 1628 2147 ἐν
1641 2120 1731 2153 αὐτῷ.
1758 2120 1865 2153 Οὕτως,

1071 2166 1148 2202 φησὶ,
1164 2166 1211 2192 καὶ
1221 2166 1351 2202 καύχημα
1363 2166 1451 2193 αὐτῶν
1469 2166 1546 2194 ἔσται
1560 2165 1695 2202 Χριστὸς,
1709 2166 1766 2193 τῶν
1785 2167 1866 2202 βασι-

229 2211 315 2238 menti
327 2210 411 2238 Deum
427 2215 562 2238 statuunt.
576 2210 713 2238 .lurabunt
725 2211 797 2239 enim
812 2220 860 2247 per
874 2212 959 2240 Deum
974 2220 1019 2240 ve-

1076 2213 1223 2239 iausdwmv
1239 2212 1378 2248 δηλονότι·
1391 2212 1429 2244 ὡς
1444 2213 1489 2239 καὶ
1508 2212 1601 2248 ὅρκιον
1625 2212 1706 2239 αὑτὸν
1730 2213 1866 2249 ποιουμέ-

229 2264 303 2289 rum,
319 2257 391 2284 sicut
407 2257 538 2292 scriptum
555 2262 606 2284 est.
626 2257 696 2290 Quia
712 2258 874 2286 obstructum
889 2263 928 2286 est
942 2267 971 2286 as
984 2259 1021 2286 lo-

229 2303 366 2337 quentium
379 2303 482 2338 iniqua.
497 2302 649 2338 Ecquinam
667 2309 732 2332 sunt
747 2304 785 2331 illi
798 2325 805 2337 ,
829 2304 882 2332 nisi
897 2305 944 2340 qui
959 2306 1019 2334 ausi

215 2372 218 2374 .
230 2353 295 2377 sunt
308 2349 399 2377 dicere
413 2358 419 2376 :
433 2349 506 2377 Tolle
520 2350 552 2378 de
565 2356 636 2377 terra
647 2350 810 2384 lmjusmodi,
827 2359 878 2378 non
889 2352 958 2379 enim
974 2359 1020 2379 ea:-

229 2396 302 2432 pedit
324 2404 384 2423 eum
406 2396 525 2424 vivere‘?
549 2395 652 2424 Horum
680 2397 773 2432 itaque
792 2405 824 2426 os
846 2398 1017 2425 obstructum

229 2448 291 2474 est,
316 2446 460 2477 postquam
486 2441 619 2470 Dominus
641 2447 757 2470 mortem
781 2444 968 2471 conculcasset
986 2451 1018 2472 ac

230 2492 293 2523 post
313 2488 433 2516 triduum
457 2489 663 2516 resurrexisset.
687 2489 866 2524 ipsarumque
887 2489 1018 2518 adversa-

230 2534 334 2562 riarum
355 2538 521 2570 potestatum
538 2543 569 2563 os
591 2535 761 2563 obstructum
780 2535 845 2568 fuit,
861 2536 951 2564 ablato
969 2545 1018 2572 per

231 2581 345 2616 gratiam
360 2585 484 2615 peccato,
501 2586 530 2609 ut
547 2581 610 2609 alibi
625 2582 728 2610 dictum
747 2586 808 2610 est:
823 2582 857 2609 Et
870 2583 954 2610 omnis
965 2583 1018 2610 ini-

230 2628 318 2661 quitas
331 2628 458 2662 oppilabit
469 2637 497 2655 os
512 2637 588 2656 suum
599 2630 619 2657 '.
635 2629 702 2656 Deus
714 2629 786 2658 enim
801 2635 839 2656 est
849 2630 894 2664 qui
900 2629 1017 2665 judicat,

229 2679 256 2703 tt
272 2676 330 2710 quis
344 2679 383 2703 ett
395 2677 440 2710 qui
458 2675 646 2703 condemnet’?

267 2777 291 2795 ³⁸
304 2778 313 2805 l
325 2779 390 2809 Cor.
411 2788 447 2812 Iv,
460 2779 487 2807 8.
527 2780 535 2795 ¹
554 2779 615 2807 Act.
633 2787 703 2812 uti.
719 2778 765 2806 ‘22.
805 2779 815 2794 ³
829 2777 903 2807 Psal.
917 2786 973 2811 ενι,
987 2778 1030 2807 42.

1073 2268 1134 2290 νους
1156 2259 1326 2286 ἐπαινεῖσθαι
1348 2258 1470 2290 δικαίως.
1494 2258 1637 2294 Ὀμοῦνται
1650 2258 1704 2294 γὰρ
1714 2259 1782 2286 Θεὸν
1797 2260 1860 2295 ἀλησ

1072 2304 1155 2337 θινὸν,
1171 2303 1240 2331 κατὰ
1253 2303 1284 2331 τὸ
1300 2304 1494 2340 γεγραμμένον
1505 2312 1512 2319 ’
1527 2304 1592 2330 ’Ὁτι
1602 2303 1753 2338 trag:de
1765 2305 1866 2339 στόμα

1071 2351 1250 2378 λαλούντων
1261 2350 1358 2377 ᾶδικα.
1375 2350 1430 2376 Καὶ
1443 2350 1516 2382 τίνες
1531 2348 1602 2379 οὗτοι
1623 2350 1639 2385 ἢ
1667 2351 1690 2376 οἱ
1709 2350 1867 2386 τολμήσανυ-

1070 2405 1117 2428 τες
1133 2397 1231 2428 εἰπεῖν,
1245 2394 1315 2430 Αἶρε
1324 2396 1358 2422 ἐκ
1377 2395 1431 2430 τῆς
1444 2395 1501 2430 τῆς
1512 2396 1566 2423 τὸν
1580 2395 1733 2422 τοιοῦτον·
1754 2397 1792 2423 οὑ
1810 2398 1866 2431 γαρ

1072 2442 1204 2476 καθῆκεν
1225 2441 1319 2469 αὑτὸν
1340 2441 1534 2476 ζῇν;Τούτων
1549 2441 1581 2477 δὴ
1605 2440 1652 2469 οὖν
1678 2442 1820 2479 ὲνεφρᾶγη
1834 2443 1866 2469 τὸ

1073 2489 1170 2525 στόμα,
1187 2489 1357 2524 πατήσαντος
1367 2488 1415 2515 τοῦ
1426 2489 1528 2524 Κυρίου
1539 2489 1585 2516 τὸν
1595 2489 1720 2521 θάνατον,
1730 2490 1778 2516 καὶ
1792 2499 1867 2526 τριη-

1073 2535 1158 2572 μέρου
1172 2535 1349 2566 ἀναστάντος.
1367 2535 1422 2561 Καὶ
1438 2534 1528 2561 αὐτῶν
1543 2534 1572 2561 δὲ
1590 2534 1644 2561 τῶν
1664 2535 1863 2572 ἀντικειμένων

1071 2580 1210 2615 δυνάμεων
1222 2579 1359 2615 ὲνεφράγη
1370 2579 1400 2606 τὸ
1413 2579 1510 2614 στόμα,
1522 2579 1697 2615 ἀνῃρημένης
1713 2580 1764 2616 τῆς
1772 2581 1863 2616 ἀμαρ-

1070 2627 1132 2658 τίας
1149 2626 1194 2653 διὰ
1210 2626 1259 2662 τῆς
1275 2626 1395 2662 χάριτος,
1409 2625 1480 2652 κατὰ
1502 2626 1532 2652 τὸ
1553 2626 1697 2662 εἰρημένον
1723 2626 1843 2662 ἀλλαχοῦ
1853 2635 1860 2642 ·

1072 2673 1127 2700 Καὶ
1136 2672 1219 2700 πᾶσα
1233 2671 1341 2706 ἀνομία
1352 2671 1495 2706 ἐμφράξει
1508 2671 1541 2698 τὸ
1555 2673 1652 2707 στόμα
1665 2672 1772 2708 αὐτῆς.
1791 2672 1865 2706 θεὸς

1072 2719 1126 2754 γὰρ
1139 2720 1155 2746 ό
1171 2717 1302 2750 δικαιῶν,
1321 2718 1369 2745 καὶ
1383 2718 1427 2751 τίς
1443 2720 1460 2746 ό
1473 2718 1676 2752 κατακρίι·ων;

1070 2779 1081 2794 ³
1095 2777 1175 2805 Rom.
1191 2785 1238 2804 vni
1249 2795 1257 2809 .
1274 2776 1318 2803 3i.

267 2837 326 2876 (25)
343 2840 367 2868 Α
379 2840 509 2869 Corderio
525 2840 576 2869 alia
599 2841 749 2870 alieruntur
767 2849 828 2876 quae
850 2841 1075 2878 suntjlicodori.
