1922 3057
66 130 113 158 289
601 131 781 160 EXPOSITIO
802 130 835 159 IN
853 131 1021 161 PSALMUM
1043 132 1123 160 LXV.

1620 136 1674 165 290

67 187 338 222 παραπικραίνοντες
344 187 383 221 μὴ
395 187 600 221 ὑψούσθωσαν
606 188 641 215 ἐν
648 189 735 215 ἐαυτο
739 188 774 221 ῖς.
785 189 833 216 Kal

892 189 944 221 Qui
954 195 1112 225 exasperant
1129 199 1180 217 non
1194 191 1345 219 excitentur
1359 193 1386 220 in
1400 193 1558 228 semetipsis.
1572 193 1674 230 Ecqui-

67 235 129 266 τίνες
140 233 171 260 ἂν
186 230 239 259 εἷεν
263 233 287 258 ot
305 232 569 268 παραπικραίνοντες
589 233 688 269 ἢ¹περὶ
708 230 746 260 ὧν
761 234 835 270 ετρη-

65 287 105 305 ται
116 299 124 311 ,
141 278 186 305 Υἱὲ
195 277 359 311 ἀνθρώπου,
373 278 531 312 πορεύθητι
541 278 614 312 πρὸς
626 278 680 305 τὸν
691 277 775 306 οἶκον
784 279 836 306 τὸν

65 322 324 359 παραπικραίνοιτά
332 331 386 357 ys;
401 323 456 350 Καὶ
467 323 530 358 μὴν
543 324 767 358 παρεπίκραναν
781 326 834 352 αὺ-

65 371 112 397 τὸν
125 370 157 396 ἐν
167 368 202 403 τῇ
213 368 309 403 ἐρήμῳ
319 377 326 384 ·
343 369 389 396 καὶ
401 368 497 395 πάλιν·
518 369 566 403 Μὴ
580 370 772 404 σκληρύνητε
783 370 835 403 τὰς

65 415 176 449 καρδίας
192 414 274 448 ὑμῶν·
285 414 326 446 ὡς
339 414 374 440 ὲν
383 413 424 446 τῷ
446 415 692 450 παραπικρασμῷ.

96 460 255 495 Εὑλογεῗτε,
271 461 354 495 ἔθνη,
367 460 421 487 τὸν
435 461 519 487 Θεόν.
534 462 637 494 Πάντες
649 461 677 488 δὲ
689 462 759 489 κατὰ
774 471 836 489 ταυ-

65 506 103 532 τὸν
115 506 258 541 γενόμενοι,
279 505 379 541 μᾶλλον
402 506 484 532 αὐτὸν
508 506 644 533 ἐπαινεῖτε
668 507 714 533 καὶ
728 507 834 542 θαυμά-

65 552 127 583 ζετε.

95 596 157 632 [Τοῦ
171 597 296 631 θεμένου
308 596 365 631 τὴν
377 596 483 632 ψυχήν
490 606 550 631 μου
563 598 606 630 είς
617 596 702 630 ζωήν.
712 598 835 633 Εὐφραν-

65 641 168 676 θήσομαι
190 641 217 668 δὲ
232 643 261 668 ἐν
281 643 339 673 τοῖς
362 641 493 673 τοιούτοις
520 641 690 676 θαυμασίοις,
722 643 769 668 καὶ
795 641 834 677 τῷ

65 687 138 713 ταῦτα
154 687 323 722 πεποιηκότι,
340 687 379 719 ὃς,
396 688 444 714 ἅτε
468 688 605 722 Δεσπότης
618 688 665 714 καὶ
680 688 769 714 πάντα
788 689 834 722 ὲφ-

64 731 134 767 ορῶν,
149 732 280 768 διάκρισιν
296 734 412 759 ποιεῖται
422 733 476 760 τῶν
492 733 537 759 ἐπὶ
547 733 609 767 γῆς,
622 733 669 759 καὶ
684 732 831 768 τιμωρίαις

65 779 203 814 περιὸάλλει
218 780 282 811 τοὺς
298 779 433 812 ἀναξίους.
457 779 626 814 Ὀφθαλμοὺς
639 779 703 811 τοὺς
717 779 834 806 ἀποστό-

64 824 117 856 λους
130 824 221 861 λέγει.]

96 871 150 897 ὀτι
163 871 344 905 ἐδοκίμασας
358 870 446 906 ἡμᾶς,
464 872 552 904 Θεὸς,
572 871 730 905 ἑπύρωσας
746 871 835 906 ἡμᾶς.
853 871 874 898 Β

63 917 110 948 Τὰς
120 916 217 952 θλίψεις
232 917 285 949 τὰς
300 917 485 952 γενησομένας
501 917 546 944 διὰ
566 917 598 943 τὸ
623 918 754 953 κήρυγμα
777 919 835 950 τοῖς

62 962 203 993 ἀποστόλοις
216 963 410 998 προαναφωνεῖ
420 963 451 988 τὸ
467 962 579 997 Πνεῦμα
595 962 625 988 τὸ
647 963 816 998 προφητικὸν
825 971 834 980 ί

61 1010 88 1034 ἐκ
108 1008 247 1044 προσώπου
266 1008 357 1036 αὐτῶν
387 1008 536 1042 καταλέγον
565 1009 677 1040 καὶτὰς
705 1009 833 1043 παγίδας,

61 1054 110 1088 ἦτοι
124 1054 155 1081 τὰ
170 1055 357 1090 δεσμωτήρια,
372 1054 434 1086 τούς
462 1062 491 1080 τε
518 1054 688 1090 πειρασμοὺς
702 1055 766 1087 τοὺς
791 1054 835 1081 διὰ

61 1098 133 1134 πυρὸς
143 1100 187 1126 καὶ
203 1099 301 1131 ὓδατος
317 1100 526 1134 κατασημαίνει.

87 1144 296 1179 Εἰσελεύσομαι
309 1145 352 1177 εὶς
367 1144 419 1171 τὸν
434 1142 519 1171 οἶκόν
534 1152 593 1171 σου
611 1145 647 1171 ἐν
666 1145 834 1172 ὁλοκαυτώ-

57 1195 130 1222 μασι.
143 1188 192 1215 Τὸν
211 1189 374 1223 ἐπουράνιον
391 1189 511 1224 δηλονότι
523 1198 530 1204 ·
554 1189 631 1220 ὅλους
654 1188 708 1224 γὰρ
722 1189 835 1221 ἑαυτοὺς

59 1233 178 1268 ἁνέθηγαιν
198 1234 236 1270 τῷ
253 1235 314 1270 Θεῷ
329 1235 357 1261 ὲν
383 1235 456 1268 τάξει
474 1236 717 1270 ὁλοκαυτωμάτων.
743 1235 834 1271 [Ὀλο-

59 1279 203 1315 καυτώμασι
222 1281 250 1307 δὲ
268 1282 386 1316 νοητοῖς.
405 1281 486 1309 Ἀλλὰ
497 1282 532 1309 τὰ
553 1282 602 1317 μὲν
622 1281 674 1313 σὰ,
688 1281 765 1317 φησὶ,
784 1282 834 1308 Δέ-

60 1332 143 1356 σποτα,
157 1325 270 1352 τοιαῦτα
280 1333 287 1340 ·
304 1326 337 1352 τὰ
348 1326 377 1352 δὲ
391 1326 524 1362 ἡμέτερα,
542 1326 574 1352 τὸ
588 1325 632 1352 οἷα
646 1326 777 1352 εἰσελθεῖν
794 1326 834 1358 εἰς

58 1369 95 1396 τὸν
109 1370 168 1397 ναὸν
181 1371 228 1397 καὶ
241 1370 324 1396 θῦσαί
336 1379 377 1397 σοι
393 1372 568 1406 χαριστήρια,
588 1370 618 1397 τὸ
632 1371 698 1398 αὐτὸ
719 1371 747 1397 δὲ
761 1371 834 1405 λέγει

57 1413 187 1442 διέστειλε
198 1415 245 1441 καὶ
259 1414 385 1450 ἐλάλησε.
399 1415 483 1442 Τοῦτο
495 1415 522 1441 δὲ
538 1415 612 1449 λέγει
624 1416 673 1441 ὅσα
685 1415 833 1452 quidanm]

63 1460 202 1488 Ὰποδώσω
218 1469 272 1488 σοι
285 1461 338 1493 τὰς
352 1460 445 1495 εὐχάς
455 1467 526 1495 μου.
546 1461 578 1486 Ἀ
594 1460 731 1497 ηὐξάμην,
756 1462 832 1497 φησὶ,

58 1505 200 1542 Θλιὸόμενος
217 1506 353 1534 ἀποδώσω
367 1515 418 1533 σοι.
435 1506 568 1542 Ηύξάμην
588 1507 626 1539 δὲ,
644 1507 682 1538 ώς
706 1507 756 1543 τῆς
776 1508 833 1534 θλί-

58 1551 120 1585 ψεως
133 1553 180 1587 τῆς
194 1552 337 1588 παρούσης
350 1552 458 1588 ῥωσθεὶς
471 1552 615 1584 διαπαντὸς
626 1553 780 1588 ἀναπέμψω
793 1562 834 1580 σοι

57 1596 98 1627 τὰς
111 1598 234 1629 αἱνέσεις.

91 1642 331 1678 Ὀλοκιιυτώματα
349 1643 567 1677 μεμυαλωμέγα
579 1643 693 1670 ἀνοίσω
709 1651 770 1672 σοι.
792 1644 834 1671 Ὀ-

57 1687 118 1714 πόσα
131 1696 170 1714 σοι
178 1688 345 1724 προσφέρειν
359 1687 538 1723 προσέταξας,
551 1688 666 1723 ἱερεύσω
675 1688 833 1724 προθύμως.

57 1733 267 1768 Μεμυαλωμένα
287 1733 316 1759 δὲ
329 1732 448 1768 κέκληκε
470 1732 505 1759 τὰ
521 1733 645 1768 εὐτραφῆ
672 1734 720 1760 καὶ
736 1734 832 1761 πίονα·

890 241 953 260 nam
972 233 1072 261 fuerint
1093 235 1112 262 ii
1126 237 1172 269 qui
1185 241 1366 271 exasperant,
1389 238 1442 266 nisi
1463 239 1497 266 de
1511 239 1612 274 quibus
1629 240 1673 268 di-

890 279 978 306 citur:
997 279 1052 307 Fili
1063 281 1192 313 hominis,
1212 282 1275 309 vade
1291 282 1325 309 ad
1348 283 1456 310 domum
1474 291 1674 320 exasperanlem

888 333 929 352 me
944 326 986 353 ”?
1006 326 1040 354 Et
1058 327 1146 355 illud:
1164 327 1199 354 Et
1218 330 1438 356 exacerbaverunt
1457 339 1515 358 eum
1537 332 1564 358 in
1586 332 1673 359 deser-

889 377 915 400 to
933 373 954 388 "’
973 382 979 400 :
1004 378 1031 401 et
1051 381 1160 401 rursum
1182 383 1189 401 :
1220 374 1312 402 Nolite
1330 375 1462 403 obdurare
1489 378 1569 404 corda
1585 383 1671 405 vestra

888 420 957 446 sicut
975 420 1002 446 in
1017 420 1218 448 exacerbatione
1235 421 1267 449 ¹¹¹.

922 464 949 492 8.
967 465 1128 500 Beuedicite,
1154 472 1251 501 gentes,
1266 467 1348 494 Deum
1364 474 1492 496 nostrum.
1518 468 1619 498 Omnes
1645 471 1671 498 in

888 518 973 538 unum
985 512 1072 539 coacti
1087 512 1176 547 ipsum
1189 513 1296 540 laudate
1309 521 1341 541 ac
1354 515 1496 549 Suspicite.

924 587 961 623 [9.
973 588 1025 621 Qui
1035 589 1121 623 posuit
1129 590 1245 616 animam
1255 598 1338 616 meam
1351 591 1384 617 ad
1393 591 1483 618 vitam.
1498 592 1627 620 Gaudebo
1639 593 1673 621 de

890 632 1046 667 hujusmodi
1068 633 1250 667 mirabilibus,
1264 634 1351 669 deque
1371 642 1466 662 eorum
1481 636 1597 670 opilice:
1612 638 1672 672 qui,

889 683 981 714 utpote
995 679 1127 707 Dominus
1151 681 1328 716 omniumque
1344 681 1493 716 inspector,
1509 683 1543 710 de
1557 685 1673 712 terrenis

887 726 1018 754 discernit
1032 732 1060 754 et
1071 727 1186 761 judicat,
1202 727 1382 764 indignosque
1395 729 1522 757 homines
1534 730 1674 765 suppliciis

887 773 1076 801 circumvenit.
1089 773 1190 801 Oculos
1202 781 1280 802 vocat
1292 775 1454 811 apostolos.]

925 850 968 878 10.
987 851 1117 884 Quoniam
1129 852 1248 887 probasti
1258 861 1317 886 nos,
1337 853 1418 887 Deus,
1436 855 1495 890 igne
1511 864 1558 882 nos
1572 856 1674 884 exami-

888 898 976 929 nasti,
1001 902 1054 925 etc.
1085 897 1234 926 IErumnas
1252 899 1383 933 apostolis
1401 899 1437 926 ob
1454 900 1672 935 praedicationem

886 943 993 971 futuras
1008 944 1172 978 praenuntiat
1190 944 1309 979 Spiritus
1329 946 1506 980 propheticus
1520 956 1526 974 :
1545 953 1626 982 atque
1639 955 1672 975 ex

886 997 1002 1024 persona
1022 997 1118 1017 eorum
1143 995 1267 1018 recenset
1289 991 1420 1026 laqueos,
1449 992 1507 1020 sive
1529 1000 1671 1027 carceres;

886 1036 1104 1071 tentationesque
1124 1044 1172 1072 per
1189 1037 1280 1072 ignem
1296 1042 1323 1065 et
1339 1045 1438 1073 aquam
1454 1039 1590 1074 signiﬁcat
1603 1040 1671 1076 (50).

920 1121 964 1148 l5.
981 1120 1101 1148 Introibo
1118 1122 1145 1148 in
1165 1122 1273 1149 domum
1293 1127 1364 1150 luam
1380 1124 1408 1150 in
1421 1124 1593 1152 holocaustis.
1611 1126 1672 1154 Cae-

885 1166 979 1194 lestem
992 1167 1138 1194 videlicet:
1154 1175 1216 1194 nam
1231 1176 1260 1195 se
1278 1172 1350 1195 totes
1368 1168 1422 1196 Deo
1443 1177 1492 1196 ceu
1510 1169 1671 1198 holocausta

885 1212 1052 1240 obtulerunt.
1078 1212 1261 1248 [liolocaustis
1277 1214 1380 1241 scilicet
1394 1215 1593 1249 spiritualibus.
1618 1215 1670 1243 Sed

884 1265 946 1292 quae
959 1262 1004 1285 tua
1022 1262 1106 1290 sunt,
1123 1257 1254 1290 Domine,
1274 1258 1434 1292 hujusmodi
1450 1268 1457 1286 :
1475 1264 1569 1287 nostra
1581 1265 1670 1288 autem

885 1304 997 1336 islhaac,
1025 1303 1130 1338 ingredi
1157 1303 1185 1330 in
1209 1304 1338 1338 templum
1364 1304 1468 1340 tibique
1485 1305 1626 1333 immolare
1642 1305 1671 1334 in

884 1349 1031 1384 gratiarum
1046 1350 1196 1383 actionem,
1218 1349 1336 1385 idipsum
1357 1355 1446 1378 autem
1466 1351 1601 1386 signiﬁcat
1614 1352 1671 1378 dis-

885 1396 1019 1423 tinxerunt
1036 1395 1118 1431 (labia
1141 1396 1209 1431 mea)
1230 1400 1312 1430 atque
1334 1396 1424 1423 locuta
1447 1401 1521 1424 sunt.
1535 1396 1607 1429 llaec,
1628 1398 1672 1424 in-

884 1441 953 1476 quit,
967 1446 1094 1476 precatus
1111 1441 1195 1478 sum.]
1206 1441 1323 1468 Reddam
1335 1443 1382 1469 libi
1398 1447 1457 1469 vota
1471 1451 1538 1470 mea.
1551 1443 1671 1471 Reddam

884 1487 944 1520 tibi,
966 1487 1065 1522 inquit,
1085 1495 1117 1515 ea
1132 1496 1193 1522 quae
1209 1488 1268 1514 vovi
1283 1488 1347 1515 dum
1367 1488 1394 1515 in
1411 1489 1564 1516 calamitate
1576 1497 1672 1517 versa-

847 1542 867 1571 c
885 1541 938 1561 rer.
956 1533 1024 1561 Vovi
1036 1539 1127 1561 autem
1140 1542 1202 1568 me,
1218 1542 1279 1562 cum
1299 1535 1476 1570 prasenlibus
1496 1535 1626 1563 sermonis
1638 1535 1671 1563 li-

883 1579 995 1607 beratus
1010 1587 1067 1613 ero,
1082 1580 1177 1608 laudes
1192 1588 1298 1616 semper
1311 1580 1478 1608 redditurum
1498 1581 1559 1609 tibi.

919 1626 963 1653 15.
982 1626 1147 1654 Holocausta
1165 1627 1310 1654 medullula
1325 1627 1435 1662 offeram
1452 1628 1510 1654 tibi.
1541 1627 1607 1660 Quae
1628 1627 1670 1655 of—

883 1672 948 1699 ferri
960 1673 1009 1700 tibi
1021 1672 1129 1707 jussisti
1144 1673 1442 1702 alacriterinunolabo.
1459 1673 1609 1700 Medullata
1623 1680 1669 1700 au-

883 1723 935 1746 tem
950 1741 956 1753 ,
983 1727 1077 1747 crassa
1096 1725 1123 1747 et
1141 1720 1251 1755 pinguia
1272 1725 1367 1753 vocat;
1389 1720 1426 1747 ita
1443 1719 1515 1746 enim
1532 1719 1573 1746 lex
1586 1719 1668 1753 jussit

57 1764 117 1804 οὕτω
134 1764 246 1814 γὰρτκαὶ
259 1779 274 1805 ὁ
290 1779 372 1814 νόμος
387 1764 552 1814 προσφέρειν
565 1764 709 1806 ἐκέλευσεν
730 1780 833 1815 ἄμωμά

890 1764 974 1793 )ﬁerri
991 1765 1167 1792 immaculata
1189 1769 1216 1792 et
1233 1764 1364 1800 perfecta.
1390 1764 1556 1792 Exsecratur
1576 1768 1668 1791 autem

57 1830 81 1848 τε
92 1824 138 1850 -καὶ
152 1825 241 1860 ἄρτια.
275 1825 427 1860 Ἐπαρᾶται
442 1824 470 1850 δὲ
490 1825 536 1852 καὶ
551 1825 564 1851 ὁ
580 1825 723 1860 προφήτης
739 1825 833 1851 Μαλα-

56 1869 108 1903 χίας
120 1872 173 1902 τοῖς
187 1873 222 1898 τὰ
237 1870 350 1897 τοιαῦτα
366 1871 416 1906 μὲν
429 1871 548 1906 ἔχουσιν,
562 1871 692 1907 ἀνάπηρα
703 1871 732 1898 δὲ
747 1879 833 1907 προσ-

57 1915 179 1951 φέρουσιν.
191 1917 266 1953 Αὕτη
290 1917 318 1944 δὲ
338 1918 385 1944 καὶ
410 1917 449 1952 τῷ
463 1917 531 1944 Κάῖν
542 1917 650 1951 ἐγένετο
670 1918 723 1944 τῶν
739 1911 832 1944 κακῶν

55 1960 153 1988 ἐκείνων
165 1964 181 1998 ή
192 1964 276 1998 ἀρχή.
286 1962 472 1998 Διδασκόμεθα
482 1963 509 1990 δὲ
523 1964 569 1990 καὶ
578 1965 659 1999 ἡμεῖς
670 1965 726 1995 τοῖς
733 1972 832 1998 τιμιω-

56 2005 131 2040 τέροις
144 2003 180 2034 ὧν
200 2007 300 2043 ἔχομεν
319 2008 350 2034 τὸ
375 2008 446 2034 θεῖον
471 2008 619 2044 γεραίρειν.
647 2009 767 2036 Ἀνοίσω
782 2016 832 2035 σοι

53 2050 120 2084 ,ϐόας
126 2052 199 2086 μετὰ
210 2051 353 2087 χιμάρων.
367 2053 542 2088 Πνευματικὰ
553 2053 581 2079 δὲ
592 2053 689 2086 πάντα,
703 2052 740 2085 ὡς
751 2052 829 2088 ἔφην,

57 2096 96 2122 καὶ
107 2097 138 2123 τὰ
153 2098 368 2134 ὁλοκαυτώματα
377 2100 424 2125 καί
439 2099 463 2125 οἱ
479 2099 540 2134 βόες
551 2100 598 2126 καὶ
610 2100 633 2126 οἱ
650 2099 773 2135 χίμαροι,
784 2099 831 2132 οὓς

57 2143 189 2173 ἀναδώσειν
203 2146 413 2180 ἐπαγγέλλεται.

84 2190 173 2224 Δεῦτε,
193 2192 242 2218 καὶ
259 2191 418 2223 ἀκούσατε,
437 2190 485 2218 καὶ
499 2191 687 2226 διηγήσομαι.
702 2192 757 2218 Καὶ
769 2191 829 2218 τίνα

882 1810 1029 1838 Malachias
1052 1811 1183 1846 propheta
1197 1818 1243 1838 eos
1259 1811 1306 1845 qui
1322 1818 1384 1838 cum
1398 1810 1461 1837 talia
1475 1817 1559 1845 penes
1577 1817 1606 1837 se
1619 1809 1668 1836 ha-

882 1857 973 1888 beant,
996 1857 1092 1883 mutila
1109 1855 1272 1883 oﬂ'erunt".
1293 1855 1351 1883 Hoc
1376 1856 1467 1890 ipsum
1493 1855 1558 1882 olim
1581 1854 1668 1882 Caino

881 1901 933 1930 fuit
943 1901 1078 1929 malorum
1098 1901 1251 1929 exordium.
1283 1900 1339 1928 Nos
1362 1906 1452 1928 autem
1473 1901 1620 1928 edocemur
1635 1908 1667 1928 ea

880 1956 942 1984 qum
956 1947 1118 1983 pretiosiora
1136 1952 1201 1975 sunt
1218 1947 1326 1974 numini
1348 1947 1455 1974 oli'crre.
1483 1945 1600 1981 Oiferam
1618 1945 1667 1973 tibi

882 1995 956 2021 boues
974 2002 1034 2020 cum
1055 1994 1146 2021 hircis.
1175 1992 1333 2028 Spiritualia
1346 1993 1439 2020 omnia
1457 1996 1537 2024 sunt,
1568 1995 1597 2018 ut
1609 1991 1666 2026 jam

880 2041 948 2073 dixi,
964 2041 1140 2074 holocausta,
1158 2039 1259 2075 boves,
1276 2040 1366 2073 hirci,
1381 2046 1451 2074 quos
1465 2038 1620 2066 oblaturum
1637 2044 1668 2065 se

880 2086 1035 2122 pollicetur.

916 2188 960 2216 16.
982 2186 1082 2219 Venite,
1098 2191 1122 2213 et
1138 2185 1237 2219 audite,
1251 2188 1276 2211 et
1288 2183 1411 2211 narrabo.
1428 2183 1521 2218 Ecqua
1536 2183 1589 2211 alia
1603 2191 1668 2212 nar-

56 2234 125 2271 ἒτερα
137 2237 298 2272 διηγεῖταιή
314 2237 332 2264 ἃ
349 2237 455 2272 φθάσας
468 2237 629 2273 ἐξηγήσατο,
641 2237 681 2271 τὸ,
699 2238 740 2264 ὅτι
757 2237 830 2264 Ἐδο-

890 2239 992 2262 'alurus
1008 2237 1060 2265 est,
1076 2231 1130 2259 nisi
1147 2239 1178 2259 ea
1190 2239 1251 2266 quas
1264 2230 1391 2265 superius
1407 2229 1562 2263 enarravit,
1582 2230 1666 2258 nimi-

55 2280 172 2314 κίμασας
189 2281 280 2317 ἡμᾶς,
295 2283 343 2308 καὶ
361 2283 395 2309 τὰ
408 2282 508 2316 λοιπά;

89 2326 210 2355 Ἀδικίαν
228 2329 256 2355 ει
269 2327 415 2362 ἐθεώρουν
435 2329 469 2354 ἐν
493 2328 600 2362 καρδίᾳ
618 2337 678 2363 μου
690 2349 696 2360 ,
711 2328 755 2363 μὴ
767 2329 829 2356 εισ-

54 2374 199 2401 ακυυσάτω
209 2384 271 2410 μου
283 2375 400 2409 Κύριος.
417 2375 509 2410 "nam
524 2374 562 2407 δὲ,
574 2375 614 2401 ὅτι
630 2375 679 2401 οὐκ
694 2374 737 2406 ἂν,
761 2375 827 2411 ἐμοῦ

55 2419 111 2454 περὶ
123 2419 225 2448 ἀδικίαν
241 2421 358 2455 ἔχοντος,
372 2419 487 2446 ἀκοῦσαί
503 2428 553 2456 μου
570 2421 620 2455 τῆς
635 2421 790 2457 προσευχῆς
814 2421 828 2448 ὁ

54 2463 111 2496 Θεὸς
123 2465 252 2501 ἀνέχοιτο.
271 2467 399 2498 Ἀκύλας·
419 2466 578 2501 Ἀνωφελὲς
595 2466 665 2493 ἰδὼν
677 2467 712 2493 ἐν
724 2467 828 2501 καρδίᾳ
841 2477 844 2479 τ

53 2518 114 2543 μου,
128 2513 181 2539 οὐκ
197 2514 407 2540 εὶσακούσεται
421 2513 538 2547 Κύριος.
550 2511 680 2539 Βούλεται
691 2512 718 2538 δὲ
730 2513 827 2544 εἰπεῖν,

55 2556 100 2588 an,
112 2557 158 2590 τὰς
178 2560 301 2595 αἰτήσεις
317 2559 356 2595 τῷ
370 2559 429 2595 Θεῷ
454 2559 611 2594 προσάγων,
638 2558 827 2594 ἐπεμελούμην

55 2601 96 2628 τοῦ
109 2604 267 2639 πρέποντος,
285 2605 361 2637 εἰδὼς
373 2626 380 2637 ,
394 2605 431 2636 ὡς
449 2604 525 2631 οὐδέν
554 2612 599 2639 μοι
627 2603 677 2638 τῆς
695 2604 828 2638 αἰτήσεως

54 2646 148 2681 δφελος,
166 2649 202 2686 μὴ
217 2651 336 2677 ποιοῦντι
350 2650 502 2677 τὰ’δέοντα.
521 2650 576 2676 Καὶ
591 2649 683 2685 ἕτερόν
707 2658 733 2676 τι
759 2648 826 2676 καύ-

883 2287 942 2307 rum
958 2288 964 2306 :
983 2278 1107 2305 Probasti
1124 2285 1181 2309 nos,
1200 2276 1281 2308 Deus,
1296 2275 1368 2303 etc.?

918 2325 962 2352 18.
981 2324 1152 2359 Iniquitatem
1163 2323 1186 2349 si
1200 2323 1291 2356 aspexi
1307 2322 1335 2348 in
1348 2321 1426 2348 corde
1440 2329 1507 2352 meo,
1520 2329 1572 2347 non
1584 2328 1663 2348 erat;

882 2373 938 2399 diat
953 2379 992 2398 me
1008 2370 1148 2397 Dominus.
1164 2368 1289 2396 Sciebam
1303 2367 1440 2402 equidem,
1457 2367 1481 2394 si
1498 2374 1548 2402 ego
1564 2367 1665 2401 iniqui-

881 2418 929 2446 tati
946 2418 1062 2445 haaream
1075 2437 1084 2450 ,
1105 2423 1161 2444 non
1175 2414 1374 2443 cxaudiendam
1389 2421 1404 2441 a
1420 2413 1475 2440 Deo
1495 2413 1553 2440 fore
1568 2413 1664 2448 depre-

879 2465 1017 2492 cationem
1037 2471 1137 2490 meam.
1168 2461 1266 2497 Aquila
1281 2471 1289 2489 :
1305 2460 1406 2488 Inutile
1427 2460 1515 2487 videns
1537 2460 1565 2486 in
1587 2458 1664 2486 corda

880 2519 946 2542 meo,
964 2517 1015 2536 non
1030 2509 1151 2536 exaudiet
1168 2507 1309 2534 Dominus.
1329 2505 1386 2533 Hoc
1405 2510 1496 2534 autem
1513 2505 1564 2533 sibi
1581 2505 1639 2532 vult
1653 2513 1661 2532 :

878 2555 1025 2590 petitiones
1038 2554 1094 2581 Deo
1108 2553 1227 2581 oﬂ'erens
1238 2573 1246 2586 ,
1263 2556 1293 2580 ut
1303 2551 1337 2579 de
1349 2551 1435 2586 probo
1450 2559 1482 2579 ac
1498 2551 1598 2578 decoro
1611 2557 1660 2577 cu—

877 2609 935 2629 rem
954 2608 1066 2628 necesse
1090 2603 1142 2632 est,
1171 2606 1273 2634 gnarus
1298 2597 1366 2625 nihil
1386 2597 1454 2624 mihi
1477 2596 1603 2624 utilitatis
1627 2602 1662 2622 ex

878 2647 1009 2683 petitione
1024 2646 1217 2679 obventurum,
1233 2644 1285 2672 nisi
1298 2651 1359 2680 qua:
1374 2643 1471 2671 decent
1493 2649 1581 2678 agam.
1597 2639 1663 2668 Glo-

86 2747 105 2762 “
123 2747 221 2777 Ezech.
236 2757 310 2783 xuv,
323 2749 350 2777 6.
391 2750 411 2766 ¹⁷
424 2749 496 2777 Psal.
517 2757 619 2781 Lxxvn,
634 2749 677 2776 40.
715 2749 736 2764 ’⁸
749 2748 822 2776 Psal.

890 2756 908 2781 ι,
927 2748 954 2776 8.
991 2749 1012 2765 ⁸³
1027 2747 1143 2776 Malach.
1158 2755 1178 2781 ι,
1190 2747 1217 2774 7.

82 2826 136 2863 (39)
151 2829 199 2858 Hic
216 2831 270 2859 alia
289 2829 524 2860 habet'Corderius
535 2839 595 2866 quae
606 2831 823 2860 suntTheodori.
