1922 3057
251 119 299 146 291

683 119 711 147 S.
732 119 917 147 ATHANASH
937 119 1011 148 ουρ.
1031 119 1121 148 PARS
1141 121 1228 149 Ill.—
1248 122 1453 150 EXEGETICA.

1827 126 1884 153 292

250 182 338 208 tiatur
350 180 554 216 quodammodo
577 180 648 215 apud
664 180 767 212 Deum,
787 182 859 216 quod
880 187 957 209 extra
983 182 1035 208 ini-

1093 191 1162 218 (ημα
1174 183 1323 219 προσφέρει
1335 184 1372 219 τῷ
1385 183 1445 219 Θεῷ
1460 183 1491 210 τὸ
1505 183 1556 216 ἔξω
1574 185 1666 220 πάσης
1678 185 1785 217 ἀδικίας
1800 186 1884 219 γενέ-

250 226 382 260 quitatem
405 233 514 252 omnem
540 231 680 259 versetur,
711 230 891 261 quamobrem
915 235 943 254 se
958 235 1039 254 exau-

250 270 380 298 diendum
397 270 455 299 fore
471 271 595 298 contldit.

320 317 346 343 l.
368 316 402 344 In
423 318 512 352 ﬁnem,
536 317 708 345 PSALMUS
731 320 758 345 iu
776 319 892 352 hymnis,
916 319 968 353 ipsi

530 363 627 390 David.
649 363 696 390 LX
706 363 754 391 VI.

546 410 748 444 Argumentum.

249 455 371 484 Rursum
390 457 436 484 hic
458 457 646 492 apostolorum
671 465 817 492 personam
846 459 959 490 inducit,
990 459 1037 494 qui

284 502 407 529 doctrina
423 507 516 537 gentes
545 503 687 535 imbuunt,
706 509 733 530 et
751 509 847 537 rogant
873 504 981 531 liberari
1004 505 1037 532 ab

285 549 320 576 iis
335 549 380 583 qui
397 549 529 576 doctrina:
543 557 599 577 suae
612 551 814 577 contradicunt.
841 551 901 586 [Hic
915 551 1037 585 psalmus

284 595 446 630 praecedenti
461 601 662 623 consentaneus
675 602 716 624 est
738 606 744 623 :
771 598 878 631 proprie
894 598 966 624 enim
982 599 1036 632 agit

282 639 315 665 de
333 639 521 666 benedictione
535 647 688 673 sacrorum,
716 645 798 676 atque
821 647 875 668 tota
890 649 959 676 perte
974 650 1036 668 ora-

283 684 320 710 tio
334 683 360 710 in
374 684 443 711 libro
460 683 588 712 Iudicum
603 686 687 720 jacet.
708 687 746 713 Ac
761 687 783 713 si
805 687 887 720 igitur
912 687 1033 714 futurum

281 731 319 758 sit
331 735 360 757 ut
373 731 425 758 hoc
438 731 555 764 eveniat,
574 737 718 767 postquam
736 734 853 760 reditum
870 734 1034 760 vaticinatus

280 782 338 810 cst,
359 777 489 811 praedicat
510 778 631 805 divinam
650 779 869 807 incarnationem
892 785 918 807 et
933 781 1034 807 adu-n-

282 826 351 854 tum,
367 827 448 857 alque
461 822 578 850 futuram
601 825 721 859 gentium
737 825 864 852 salutem.
884 825 1034 861 lnscriptus

282 872 373 895 autem
388 873 439 902 est,
456 867 488 895 1η
505 869 619 903 hymnis,
638 871 703 904 quia
717 870 762 898 Dei
781 876 821 898 est
837 872 945 906 hymnis
963 872 1032 899 cele—

282 913 366 947 brari,
387 914 528 942 hominum
547 921 638 943 autem
654 921 696 943 est
710 917 837 944 laudibus
850 917 968 953 ornari.]

282 1003 308 1031 2.
329 1002 399 1030 Deus
418 1005 570 1031 misereatur
583 1006 666 1031 nostri
688 1010 712 1032 et
731 1005 865 1032 benedicat
882 1006 966 1038 nobis,
977 1011 1030 1033 etc.

247 1049 344 1081 Tuam,
363 1050 461 1084 inquit,
476 1050 680 1078 miserationem
697 1051 886 1082 obsecramus,
907 1052 1029 1083 Domine,

245 1101 429 1129 rogamusque
450 1098 480 1121 ut.
500 1095 632 1122 exhibeas
656 1096 761 1122 vultum
787 1100 863 1123 tuum
880 1097 975 1127 nobis,
1002 1102 1031 1123 ut

244 1139 316 1166 viam
332 1140 419 1166 sancti
435 1139 574 1174 Evangelii
590 1140 627 1167 lui
645 1142 772 1176 gentibus
789 1141 916 1168 omnibus
936 1142 1031 1176 pra-di-

243 1192 307 1211 care
328 1185 474 1218 possimus.
507 1184 632 1212 Sulutare
656 1187 748 1219 enim,
777 1186 863 1220 ipsius
884 1179 1029 1213 adventum

244 1230 346 1264 ubique
359 1230 502 1264 signiﬁcat.

278 1275 305 1302 4.
322 1276 504 1309 Couﬁleautur
521 1275 568 1302 tibi
581 1275 682 1310 populi,
701 1275 781 1302 Deus.
803 1275 930 1304 Prmdicit
950 1277 1030 1306 Chri-

242 1321 277 1348 sti
296 1321 494 1348 cnntessionem
509 1321 542 1348 ab
556 1322 684 1348 omnibus
701 1322 827 1356 gentibus
850 1324 1027 1351 omittendam

243 1367 312 1394 fore.
328 1367 460 1394 Lit-tentur
476 1373 500 1394 et
512 1368 641 1394 exsultent
657 1373 753 1402 gentes.
772 1368 839 1394 Cum
852 1370 1028 1404 propheticus

243 1412 362 1448 Spiritus
375 1414 408 1440 de
421 1414 508 1441 salute
521 1415 595 1441 orbis
613 1422 786 1449 summopere
799 1415 957 1449 delectetur,
974 1419 1028 1453 ple-

242 1467 358 1494 rumque
372 1460 466 1486 eadem
483 1461 540 1494 ipsa
558 1461 664 1495 repetit,
677 1468 710 1487 ex
723 1460 858 1495 frequenti
869 1464 1027 1492 narratione

241 1505 341 1541 gaudio
356 1505 479 1534 affectus.

278 1552 303 1579 6.
322 1552 503 1586 Con/iteamur
516 1553 562 1579 tibi
575 1552 675 1587 populi,
690 1552 771 1586 Deus,
787 1554 963 1589 conﬁteantur
978 1557 1025 1583 (ibi

240 1599 331 1635 populi
347 1607 434 1626 omnes
448 1599 514 1634 (3t).
540 1599 599 1626 Non
622 1600 680 1627 sine
696 1607 779 1627 causa
798 1601 912 1635 repetit,
937 1603 983 1629 sed
997 1608 1026 1630 ut

240 1646 388 1673 alacriores
410 1645 506 1672 reddat
531 1645 679 1672 auditores.
709 1645 792 1672 Terra
816 1646 888 1672 dedit
908 1647 1024 1681 fructum

240 1699 330 1718 mum.
359 1689 515 1725 Spiritualis
539 1690 675 1717 videlicet.
704 1690 820 1718 Fructus
846 1696 936 1718 autem
962 1699 1026 1719 sunt.

240 1737 299 1772 ejus
317 1738 343 1764 in
356 1738 456 1771 pietate
468 1735 618 1771 profectus.

274 1825 468 1861 [Conﬁteantur
490 1826 537 1852 tibi
562 1827 663 1861 populi,
690 1826 770 1854 Deus.
788 1827 1022 1861 Quemadmodum

237 1871 279 1898 bis
291 1876 384 1906 gentes
405 1871 438 1898 ad
464 1872 581 1907 hymnos
606 1873 792 1900 concinendos
819 1874 964 1906 excitavit,
985 1875 1022 1901 ita

236 1917 279 1944 his
295 1918 369 1951 ipsas
383 1917 416 1944 ad
429 1917 647 1945 benedictionem
662 1918 787 1952 quaesivit
803 1928 809 1945 :
827 1927 889 1946 cum
907 1919 949 1946 bis
969 1920 1023 1946 sci-

237 1963 300 1989 licet
320 1970 379 1989 eam
402 1963 618 1990 benedictionem
635 1964 795 1998 accepisset.
821 1966 875 1992 Aut
893 1965 957 2000 quia
971 1966 1022 1993 illa:

235 2008 423 2036 benedictione
437 2009 543 2043 repletae
554 2017 608 2036 non
626 2010 752 2044 ignorant
770 2009 854 2037 Deum
877 2011 924 2045 qui
938 2019 1021 2046 super

235 2055 328 2081 omnia
347 2059 403 2086 est,
426 2055 472 2082 sed
492 2055 683 2082 dulcissimum
706 2056 758 2090 ipsi
778 2056 895 2083 oﬂ'erunt
913 2057 1019 2092 pietatis

234 2100 354 2128 fructum
370 2111 376 2128 :
391 2109 472 2135 quem
499 2101 521 2128 si
546 2102 594 2128 tibi
623 2102 769 2129 oﬂ‘eramus
783 2123 789 2133 ,
817 2103 842 2130 id
856 2108 898 2130 est
911 2104 1019 2132 virtutis

235 2147 354 2174 studium
378 2152 551 2180 accuratum,
579 2155 593 2173 a
614 2152 640 2174 te
667 2147 881 2175 benedictionem
902 2150 1018 2184 accipie-

233 2192 319 2228 mus]

270 2238 424 2275 [Buzedicut
447 2247 493 2265 nos
516 2238 593 2265 Deus.
623 2238 769 2266 Sciendum
786 2240 912 2268 homines
930 2241 1016 2268 Deum

232 2284 433 2316 benedicentes,
449 2284 499 2319 ipsi
513 2285 596 2311 verba
610 2285 698 2312 solum
715 2286 836 2320 proferre
846 2306 853 2318 ,
875 2287 921 2314 sed
935 2295 1015 2322 opere

231 2330 284 2365 ipsi
303 2329 433 2357 beneﬁcia
447 2330 603 2364 impendere
621 2339 673 2358 non
694 2339 785 2366 posse.
805 2334 839 2360 At
858 2333 930 2361 Deus
952 2342 1014 2362 cum

232 2375 368 2403 benedicit
379 2395 386 2407 ,
406 2375 535 2410 operibus
552 2375 632 2403 verba
647 2378 809 2410 conﬁrmat,
835 2385 867 2405 ac
879 2378 1012 2406 bonorum

232 2423 354 2448 omnium
388 2421 494 2456 copiam
522 2423 556 2450 iis
583 2423 682 2458 quibus
707 2424 843 2452 benedicit
869 2425 1010 2461 elargitur.

231 2467 333 2494 Deinde
341 2467 419 2494 docet
436 2467 599 2503 quomodo.]

308 2514 333 2539 i.
370 2512 403 2539 In
428 2513 523 2548 ﬁnem,
549 2513 718 2541 PSALMUS
742 2516 856 2547 cantici,
883 2516 933 2550 ipsi

499 2558 595 2586 David.
623 2559 745 2587 LXVII.

519 2605 720 2641 Argumentum.

228 2650 255 2677 In
271 2650 441 2685 hoc~psalmo
460 2651 604 2679 adventum
621 2652 727 2679 Domini
746 2653 889 2688 signiﬁcat,
904 2661 1009 2681 necnon

261 2696 443 2731 spiritualium
456 2697 575 2725 hostium
591 2699 788 2734 depulsionem,
805 2699 1009 2734 spiritualisque

260 2743 424 2777 captivitatis
442 2738 614 2772 solutionem.
638 2745 721 2773 Docet
734 2745 846 2781 insuper
871 2753 900 2773 se
917 2746 1006 2781 ipsum

259 2825 316 2861 (3t)
335 2827 363 2854 ln
377 2826 410 2855 R.
428 2836 468 2861 ιιι,
487 2828 545 2856 haec
557 2828 684 2857 dicuntur
698 2828 871 2857 Theodoreti.

1049 954 1070 984 Β

1040 1635 1059 1663 C

1094 228 1168 254 σθαι·
1186 228 1226 254 διὸ
1239 230 1285 255 καὶ
1299 230 1487 256 εἰσακούεσθαι
1502 230 1609 266 θαῤῥεῖ.

1088 321 1141 353 Εἰς
1155 320 1188 346 τὸ
1201 320 1298 353 τέλος,
1314 321 1348 346 ἐν
1360 321 1465 354 ὕμνοις
1475 321 1636 354 ΨΛΛΜΟΣ,
1646 321 1686 355 τῷ
1699 321 1798 349 Aut-Z3.
1809 323 1883 356 εςν.

1403 387 1410 396 '
1417 387 1570 420 Υπόθεσις.

1088 454 1172 480 Πάλιν
1185 454 1323 481 κάνταῦθα
1334 454 1387 481 τῶν
1401 456 1557 482 ἀποστόλων
1571 456 1602 482 τὸ
1615 457 1762 491 πρόσωπον
1773 458 1883 492 εἰσάγε-

1122 508 1166 526 ται
1178 520 1185 529 ,
1200 500 1372 527 διδασκαλίαν
1389 501 1550 536 ποιούμενον
1575 502 1629 528 τῶν
1652 503 1737 529 ἐθνῶν
1750 523 1757 535 ,
1777 505 1882 539 ῥυσῡῆ-

1124 545 1168 571 ναί
1197 554 1227 571 τε
1254 546 1400 581 εὐχόμενον
1413 547 1468 573 τῶν
1485 547 1679 581 ἀντιλεγόντων
1702 550 1734 584 τῇ
1751 549 1882 575 διδασκα-

1121 591 1166 626 λίᾳ
1182 592 1281 618 αὐτῶν.
1306 592 1312 628 [
1334 593 1492 624 Ἀκόλουθος
1505 593 1551 620 καὶ
1566 592 1641 626 οὗτος
1654 594 1693 629 τῷ
1709 595 1762 630 πρὸ
1778 596 1862 621 αὐτοῦ
1875 605 1880 609 ·

1123 638 1220 672 ίδίωμα
1233 639 1288 674 γὰρ
1301 639 1357 673 ἕχει
1368 639 1418 674 τῆς
1428 639 1482 666 τῶν
1495 641 1573 675 ἱερῶν
1585 641 1719 674 εὐλογίας,
1731 641 1778 667 καὶ
1790 644 1881 668 κεῖται

1122 685 1150 710 ἐν
1170 686 1224 716 τοῖς
1241 686 1355 720 Κριταίς
1369 687 1384 721 ὴ
1398 686 1464 722 εὐχὴ
1482 687 1556 712 πᾶσα
1569 687 1670 722 σχεδόν.
1694 688 1738 719 Ὠς
1752 686 1799 714 οὖν
1818 689 1882 723 μέλ-

1121 730 1211 762 λοντος
1236 732 1283 757 καὶ
1309 731 1405 758 τούτου
1428 732 1569 766 γίνεσθαι,
1598 733 1667 767 μετὰ
1681 733 1729 767 τὴν
1746 734 1880 760 ἐπάνοδον

1123 777 1312 813 προεφητεύοη
1323 798 1330 810 ,
1353 777 1482 813 κηρύττει
1505 778 1533 804 δὲ
1553 779 1600 804 καὶ
1614 779 1663 814 τὴν
1677 779 1751 805 θείαν
1768 779 1880 814 ἀνθρώ‹

1119 829 1202 856 πησιν
1221 823 1266 848 καὶ
1288 823 1457 856 ἐπιφάνειαν,
1477 823 1524 850 καὶ
1545 824 1594 858 τὴν
1616 825 1670 850 τῶν
1687 824 1770 850 ὲθνῶν
1789 833 1881 859 σωτη-

1123 869 1192 903 ρίαν.
1217 869 1264 896 Ἐν
1278 869 1382 903 ὕμνοις
1395 870 1423 896 δὲ
1437 870 1638 906 ἐπιγέγραπται
1650 891 1657 902 ,
1683 871 1744 897 ἐπεὶ
1761 871 1832 898 Θεοῦ
1850 872 1880 897 τὸ

1120 915 1279 949 ὑμνεῖσθαι,
1301 916 1454 951 ἀνθρώπων
1466 917 1495 943 δὲ
1511 917 1542 943 τὸ
1555 917 1588 943 δι’
1601 917 1719 944 ἐπαίνων
1735 918 1880 953 ἐγκωμιά-

1118 960 1243 996 ζεσθσι.]

1126 1006 1153 1031 '0
1190 1007 1262 1039 Θεὸς
1298 1007 1478 1041 οἰκτειρήσω
1508 1008 1588 1042 ἡμᾶς
1622 1009 1671 1035 καὶ
1709 1010 1878 1045 εὐλογήσω

1084 1051 1173 1085 ἡμᾶς.
1190 1052 1249 1078 Τῶν
1266 1053 1321 1079 σῶν
1333 1054 1482 1089 οἰκτιρμῶν
1495 1053 1610 1089 δεόμεθα
1620 1075 1627 1087 ,
1643 1056 1708 1090 φησὶ
1718 1076 1725 1086 ,
1739 1055 1876 1085 Δέσποτα.

1084 1097 1129 1124 καὶ
1143 1097 1193 1132 τῆς
1209 1099 1368 1132 ἐπιφανείας
1380 1099 1426 1125 τοῦ
1447 1100 1594 1135 προσώπου
1610 1109 1668 1132 σου,
1703 1103 1770 1138 πρὸς
1784 1102 1817 1129 τὸ
1830 1103 1878 1129 δύ-

1083 1142 1180 1169 νασθαι
1203 1144 1321 1179 φανερὰν
1341 1145 1392 1179 τὴν
1410 1145 1470 1172 ὁδὸν
1484 1146 1530 1172 τοῦ
1544 1147 1622 1180 ἁγίου
1638 1155 1683 1173 σου
1707 1148 1876 1183 Εὑαγγελίου

1084 1189 1150 1214 πᾶσι
1167 1190 1222 1220 τοῖς
1245 1189 1334 1216 ἔθνεσι
1353 1191 1479 1225 κηρύξαι.
1502 1191 1651 1226 Σωτήρων
1665 1193 1719 1228 γὰρ
1733 1196 1876 1230 πανταχοῦ

1082 1234 1131 1268 τὴν
1146 1235 1297 1270 παρουσίαν
1311 1236 1394 1263 αὐτοῦ
1409 1246 1503 1273 φησιν.

1126 1281 1475 1316 Ἐξομολο-ιησάσθωσὰν
1484 1293 1532 1311 σοι
1548 1285 1626 1322 λαοί,
1638 1287 1655 1312 ὁ
1668 1287 1748 1318 Θεός.
1759 1287 1875 1314 Πάντων

1081 1326 1135 1353 τῶν
1157 1327 1242 1354 ἐθνῶν
1267 1328 1315 1364 τὴν
1331 1329 1370 1360 είς
1393 1330 1510 1364 Χριστὸν
1525 1332 1669 1366 ὁμολογίαν
1694 1334 1873 1368 προφητεύει.

1081 1374 1343 1408 Εὑφρανθήτωσαν
1355 1376 1403 1402 καὶ
1418 1370 1672 1410 ἀγαλλιάσθωσαν
1689 1380 1771 1414 ἔθνη.
1796 1381 1874 1408 Ἦᾶᾶ-

1082 1428 1161 1454 μενον
1190 1421 1221 1446 τὸ
1251 1422 1420 1457 προφητικὸν
1455 1423 1568 1459 Πνεῦμα
1598 1426 1630 1460 τῇ
1667 1427 1789 1462 σωτηρίᾳ
1821 1429 1872 1463 τῆς

1080 1466 1259 1502 οἰκουμένης,
1285 1467 1413 1500 πολλάκις
1437 1469 1470 1495 τὰ
1489 1470 1558 1496 αὐτὰ
1575 1470 1732 1506 φθέγγεται,
1748 1475 1783 1508 τῇ
1807 1482 1871 1501 συν-

1079 1515 1136 1548 εχεῖ
1151 1514 1274 1549 διηγήσει
1290 1515 1457 1551 εὐφροσύνης
1471 1517 1615 1544 ἀπολαῦον.

1120 1560 1470 1595 Ἐξομολογησάσθωσάν
1482 1570 1531 1588 σοι
1545 1564 1612 1590 λαοὶ
1627 1584 1634 1595 ,
1657 1566 1674 1591 d
1705 1565 1778 1598 Θεὸς
1789 1586 1797 1597 ,
1819 1566 1870 1599 ἐξ·

1078 1604 1374 1639 ομολογησάσθωσάν
1393 1614 1441 1633 σοι
1463 1607 1531 1633 λαοί
1559 1607 1679 1641 πάντες.
1695 1609 1751 1644 Οὐχ
1776 1610 1872 1643 ἁπλῶς

1076 1649 1124 1684 τὴν
1140 1650 1314 1684 ταυτολογίαν
1329 1651 1448 1678 τέθεικεν
1458 1673 1465 1683 ,
1481 1653 1549 1680 ἀλλὰ
1566 1653 1790 1690 προθυμοτέρους
1805 1658 1871 1688 τοὺς

1077 1694 1225 1726 ἀκούοντας
1239 1695 1429 1731 ἐργαζόμενος.
1446 1698 1491 1731 Γῆ
1512 1698 1604 1725 ἔδωκε
1617 1699 1671 1725 τὸν
1683 1701 1801 1733 καρπὸν
1814 1703 1870 1728 αὐ-

1076 1740 1141 1773 τῆς.
1167 1740 1200 1766 Ἡ
1226 1741 1307 1776 νοητὴ
1320 1742 1449 1776 δηλονότι.
1483 1744 1596 1778 Καρπὺς
1614 1745 1642 1772 δὲ
1657 1746 1743 1781 αὐτῆς
1758 1748 1787 1774 αἱ
1807 1748 1870 1779 κατ’

1075 1784 1216 1811 εὐσέϐειαν
1231 1788 1378 1820 προκοπαί.

1106 1830 1115 1866 [
1124 1831 1473 1868 Ἐξομολογησάσθωσὰν
1479 1843 1527 1862 σοι
1534 1838 1560 1863 οἱ
1565 1837 1642 1870 λαοὶ,
1650 1840 1667 1865 o'
1673 1840 1868 1879 Θεός.”Ωσπερ

1072 1876 1114 1908 δὶς
1124 1877 1158 1903 τὰ
1170 1878 1232 1913 ἔθνη
1247 1878 1314 1915 πρὸς
1325 1880 1461 1915 ὑμνῳδίαν
1474 1881 1619 1918 διήγειρεν,
1635 1884 1705 1911 οὕτω
1718 1886 1760 1918 δὶς
1773 1876 1868 1921 αὐτοῖς

1073 1923 1122 1958 τὴν
1141 1923 1263 1958 εὐλογίαν
1286 1925 1431 1961 ἐζήτησεν·
1451 1928 1641 1956 ἀπολαύσαντα
1667 1931 1792 1967 δηλονότι
1819 1936 1868 1961 καὶ

1072 1968 1157 2004 αὐτῆς
1172 1969 1307 2004 εὐλογίας.
1323 1972 1358 1997 ’Ὴ
1371 1972 1412 1998 ὅτι
1427 1973 1487 1999 ἐπεὶ
1504 1975 1554 2001 οὐκ
1570 1976 1712 2010 ἀγνοοῦσιν
1729 1980 1754 2005 οἱ
1773 1980 1803 2013 ἐξ
1817 1981 1867 2007 αὑ.

1071 2014 1120 2049 τῆς
1141 2015 1185 2042 τὸν
1202 2017 1248 2042 ἐπὶ
1272 2018 1380 2044 πάντων
1396 2019 1474 2051 Θεὸν,
1500 2021 1568 2048 ἀλλὰ
1592 2023 1637 2050 τὸν
1663 2024 1774 2059 ἥδιστον
1790 2028 1866 2063 αὖτῷ

1071 2061 1253 2096 προσφέρουσι
1265 2063 1315 2098 τῆς
1330 2065 1469 2098 εὐσεϐείας
1484 2068 1588 2103 καρπόν
1598 2078 1605 2084 ·
1623 2069 1651 2096 ὂν
1666 2072 1691 2097 εί
1708 2061 1864 2109 ιτροσςιοέροζ

1071 2107 1121 2141 μέν
1137 2115 1194 2141 σοι,
1213 2109 1273 2144 ἦτοι
1286 2110 1334 2146 τὴν
1347 2112 1396 2146 τῆς
1412 2113 1511 2149 ἀρετῆς
1527 2115 1698 2152 ἐπιτήδευσιν
1709 2138 1718 2151 ,
1736 2120 1864 2155 εὐλογοὺη

1070 2152 1139 2187 μεθα
1153 2154 1228 2190 παρὰ
1243 2156 1314 2192 σου]

1103 2244 1288 2295 [Εξιλογᾴσαι
1306 2248 1384 2282 ἡμᾶς
1398 2251 1415 2276 ό
1429 2251 1510 2283 Θεός.
1531 2252 1635 2280 Εὲδέναι
1650 2255 1699 2289 μὲν
1712 2260 1861 2295 προσήκεις

1032 2310 1053 2337 D
1068 2289 1294 2340 ὼς,“εὐλογοῦντες
1305 2294 1441 2330 ἄνθρωποι
1453 2297 1498 2324 τὸν
1504 2297 1578 2332 Θεὸν,
1587 2298 1682 2333 λόγους
1691 2289 1767 2339 αὑπῷ

1069 2337 1179 2373 φέρουσι
1203 2340 1300 2374 μόνους
1313 2360 1320 2371 ,
1346 2341 1418 2377 ἔργῳ
1430 2342 1458 2368 δὲ
1474 2343 1555 2370 αὑτὸν
1570 2337 1860 2381 εὐεργετῆσαι-οὐού-

1067 2392 1170 2412 νανται.
1209 2386 1237 2412 ’0
1252 2386 1280 2412 δὲ
1295 2387 1360 2419 Θεὸς
1372 2408 1380 2420 ,
1401 2388 1537 2423 εὐλογῶν,
1556 2391 1660 2426 βεϐαιοῖ
1678 2395 1742 2426 τοὺς
1761 2395 1861 2430 λόγους

1065 2429 1104 2464 τῷ
1119 2430 1202 2465 ἔργῳ,
1217 2432 1264 2458 καὶ
1275 2433 1450 2461 παντοδαπῶν
1462 2436 1572 2470 ἀγαθῶν
1584 2439 1697 2474 παρέχει
1708 2443 1765 2473 τοῖς
1779 2429 1858 2470 adlo-

1064 2476 1207 2515 γουμένοις
1224 2479 1319 2514 φοράν.
1336 2478 1401 2506 Εἶτα
1414 2481 1532 2509 διδάσκει
1544 2483 1612 2516 πῶς.
1625 2484 1634 2520 ]

1091 2546 1142 2576 Εἰς
1157 2547 1190 2571 τὸ
1203 2549 1298 2579 τέλος,
1319 2547 1372 2581 τῆς
1385 2549 1465 2583 ᾠδῆς
1479 2551 1570 2578 Δαυῖδ
1588 2553 1751 2582 ΨΑΛΜΟΣ.
1769 2556 1818 2583 ΞΖ
1821 2560 1840 2584 ⁵.

1377 2603 1536 2639 Ὑπόθεσις.

1067 2656 1110 2682 Ἐν
1127 2656 1213 2692 τούτῳ
1227 2658 1264 2694 τῷ
1278 2659 1377 2696 ψαλμῷ
1389 2661 1437 2696 τὴν
1455 2663 1605 2698 παρουσίαν
1619 2664 1666 2690 τοῦ
1680 2666 1783 2702 Κυρίου
1803 2676 1854 2703 av]-

1100 2702 1204 2736 μαίνει,
1227 2706 1275 2731 καὶ
1295 2707 1348 2732 τῶν
1365 2707 1466 2743 νοητῶν
1490 2708 1594 2744 ἐχθρῶν
1609 2710 1784 2747 καθαίρεσιν,
1801 2702 1852 2740 καὶ

1097 2747 1146 2782 τῆς
1158 2750 1255 2785 νοητῆς
1268 2752 1453 2787 αἰχμαλωσίας
1467 2753 1515 2789 τὴν
1526 2755 1664 2782 ἀπόλυσιν.
1679 2758 1740 2784 Ἔτι
1752 2767 1782 2793 γε
1794 2759 1851 2795 μὴν
