  <div class='ocr_page' id='page_1' title='image "/cluster/home/n/w/nwhite01/storage/ocr_20150623/27/njp.32101010944609/170.png"; bbox 0 0 1922 3057; ppageno 0'>
   <div class='ocr_carea' id='block_1_1' title="bbox 77 127 125 156">
    <p class='ocr_par' dir='ltr' id='par_1_1' title="bbox 77 127 125 156">
     <span class='ocr_line' id='line_1_1' title="bbox 77 127 125 156; baseline 0 -2"><span class='ocrx_word' id='word_1_1' title='bbox 77 127 125 156; x_wconf 66' lang='grc' dir='ltr'><strong>2νό</strong></span> 
     </span>
    </p>
   </div>
   <div class='ocr_carea' id='block_1_2' title="bbox 106 186 894 223">
    <p class='ocr_par' dir='ltr' id='par_1_2' title="bbox 106 186 894 223">
     <span class='ocr_line' id='line_1_2' title="bbox 106 186 894 223; baseline -0.001 -9"><span class='ocrx_word' id='word_1_2' title='bbox 106 187 233 219; x_wconf 76' lang='grc' dir='ltr'><strong>διδάσκει,</strong></span> <span class='ocrx_word' id='word_1_3' title='bbox 265 186 300 218; x_wconf 83' lang='grc' dir='ltr'>ὼς</span> <span class='ocrx_word' id='word_1_4' title='bbox 314 186 394 218; x_wconf 70' lang='grc' dir='ltr'>αὐτὸς</span> <span class='ocrx_word' id='word_1_5' title='bbox 409 186 452 223; x_wconf 69' lang='grc' dir='ltr'>εἴη</span> <span class='ocrx_word' id='word_1_6' title='bbox 483 187 497 213; x_wconf 82' lang='grc' dir='ltr'>ὁ</span> <span class='ocrx_word' id='word_1_7' title='bbox 524 186 570 214; x_wconf 75' lang='grc' dir='ltr'><strong>και</strong></span> <span class='ocrx_word' id='word_1_8' title='bbox 587 187 670 214; x_wconf 80' lang='grc' dir='ltr'>πάλαι</span> <span class='ocrx_word' id='word_1_9' title='bbox 696 189 760 219; x_wconf 77' lang='grc' dir='ltr'>τοὺς</span> <span class='ocrx_word' id='word_1_10' title='bbox 783 187 856 218; x_wconf 69' lang='grc' dir='ltr'>υἱοὺς</span> <span class='ocrx_word' id='word_1_11' title='bbox 872 189 894 218; x_wconf 77' lang='grc' dir='ltr'><strong>Α</strong></span> 
     </span>
    </p>
   </div>
   <div class='ocr_carea' id='block_1_3' title="bbox 111 231 855 268">
    <p class='ocr_par' dir='ltr' id='par_1_3' title="bbox 111 231 855 268">
     <span class='ocr_line' id='line_1_3' title="bbox 111 231 855 268; baseline 0.003 -11"><span class='ocrx_word' id='word_1_12' title='bbox 111 231 216 267; x_wconf 80' lang='grc' dir='ltr'>Ἰσραὴλ</span> <span class='ocrx_word' id='word_1_13' title='bbox 235 231 265 264; x_wconf 57' lang='lat' dir='ltr'><strong>eg</strong></span> <span class='ocrx_word' id='word_1_14' title='bbox 284 231 421 265; x_wconf 75' lang='grc' dir='ltr'><strong>Αἰγύπτου</strong></span> <span class='ocrx_word' id='word_1_15' title='bbox 442 231 593 266; x_wconf 78' lang='grc' dir='ltr'>ἐξαγαγών.</span> <span class='ocrx_word' id='word_1_16' title='bbox 611 233 682 268; x_wconf 77' lang='grc' dir='ltr'>Πρὸς</span> <span class='ocrx_word' id='word_1_17' title='bbox 698 233 726 259; x_wconf 77' lang='grc' dir='ltr'>δὲ</span> <span class='ocrx_word' id='word_1_18' title='bbox 742 233 855 266; x_wconf 76' lang='grc' dir='ltr'><strong>τούτοις,</strong></span> 
     </span>
    </p>
   </div>
   <div class='ocr_carea' id='block_1_4' title="bbox 107 273 858 314">
    <p class='ocr_par' dir='ltr' id='par_1_4' title="bbox 107 273 858 314">
     <span class='ocr_line' id='line_1_4' title="bbox 107 273 858 314; baseline 0 -10"><span class='ocrx_word' id='word_1_19' title='bbox 107 273 310 313; x_wconf 75' lang='grc' dir='ltr'>ὑποδεξαμένοις</span> <span class='ocrx_word' id='word_1_20' title='bbox 324 278 354 304; x_wconf 83' lang='grc' dir='ltr'>τὸ</span> <span class='ocrx_word' id='word_1_21' title='bbox 374 278 515 314; x_wconf 79' lang='grc' dir='ltr'>κήρυγμα,</span> <span class='ocrx_word' id='word_1_22' title='bbox 529 278 686 314; x_wconf 83' lang='grc' dir='ltr'>Πνεύματο;</span> <span class='ocrx_word' id='word_1_23' title='bbox 698 279 774 313; x_wconf 82' lang='grc' dir='ltr'>ἁγίου</span> <span class='ocrx_word' id='word_1_24' title='bbox 787 278 858 305; x_wconf 87' lang='grc' dir='ltr'>δόσιν</span> 
     </span>
    </p>
   </div>
   <div class='ocr_carea' id='block_1_5' title="bbox 108 324 858 360">
    <p class='ocr_par' dir='ltr' id='par_1_5' title="bbox 108 324 858 360">
     <span class='ocr_line' id='line_1_5' title="bbox 108 324 858 360; baseline -0.001 -9"><span class='ocrx_word' id='word_1_25' title='bbox 108 324 309 359; x_wconf 73' lang='grc' dir='ltr'>ἐπαγγέλλεται.</span> <span class='ocrx_word' id='word_1_26' title='bbox 327 325 382 351; x_wconf 76' lang='grc' dir='ltr'><strong>Καὶ</strong></span> <span class='ocrx_word' id='word_1_27' title='bbox 395 325 446 360; x_wconf 84' lang='grc' dir='ltr'>μὴν</span> <span class='ocrx_word' id='word_1_28' title='bbox 458 325 504 351; x_wconf 82' lang='grc' dir='ltr'>καὶ</span> <span class='ocrx_word' id='word_1_29' title='bbox 515 325 570 356; x_wconf 88' lang='grc' dir='ltr'>τοῖς</span> <span class='ocrx_word' id='word_1_30' title='bbox 583 325 741 356; x_wconf 77' lang='grc' dir='ltr'><strong>ἀποστόλοις</strong></span> <span class='ocrx_word' id='word_1_31' title='bbox 753 325 858 359; x_wconf 77' lang='grc' dir='ltr'><strong>εἰσάγει</strong></span> 
     </span>
    </p>
   </div>
   <div class='ocr_carea' id='block_1_6' title="bbox 107 370 858 406">
    <p class='ocr_par' dir='ltr' id='par_1_6' title="bbox 107 370 858 406">
     <span class='ocr_line' id='line_1_6' title="bbox 107 370 858 406; baseline 0 -9"><span class='ocrx_word' id='word_1_32' title='bbox 107 370 274 406; x_wconf 79' lang='grc' dir='ltr'>παράκλησιν</span> <span class='ocrx_word' id='word_1_33' title='bbox 285 390 293 403; x_wconf 90' lang='grc'><strong><em>,</em></strong></span> <span class='ocrx_word' id='word_1_34' title='bbox 311 372 344 397; x_wconf 82' lang='grc' dir='ltr'>ἐκ</span> <span class='ocrx_word' id='word_1_35' title='bbox 362 371 452 406; x_wconf 79' lang='grc' dir='ltr'>πάσης</span> <span class='ocrx_word' id='word_1_36' title='bbox 469 371 584 406; x_wconf 64' lang='grc' dir='ltr'>Θλίῲεως</span> <span class='ocrx_word' id='word_1_37' title='bbox 600 372 710 406; x_wconf 70' lang='grc' dir='ltr'>ῥύεσθαι</span> <span class='ocrx_word' id='word_1_38' title='bbox 724 371 858 405; x_wconf 77' lang='grc' dir='ltr'>ἐπαγγελ-</span> 
     </span>
    </p>
   </div>
   <div class='ocr_carea' id='block_1_7' title="bbox 106 417 856 454">
    <p class='ocr_par' dir='ltr' id='par_1_7' title="bbox 106 417 856 454">
     <span class='ocr_line' id='line_1_7' title="bbox 106 417 856 454; baseline 0 -10"><span class='ocrx_word' id='word_1_39' title='bbox 106 418 223 453; x_wconf 75' lang='grc' dir='ltr'>λόμενος,</span> <span class='ocrx_word' id='word_1_40' title='bbox 240 417 290 453; x_wconf 77' lang='grc' dir='ltr'>τῆς</span> <span class='ocrx_word' id='word_1_41' title='bbox 304 419 453 454; x_wconf 81' lang='grc' dir='ltr'><strong>γενομένης</strong></span> <span class='ocrx_word' id='word_1_42' title='bbox 470 418 590 454; x_wconf 86' lang='grc' dir='ltr'>δηλονότι</span> <span class='ocrx_word' id='word_1_43' title='bbox 605 418 649 444; x_wconf 80' lang='grc' dir='ltr'><strong>διὰ</strong></span> <span class='ocrx_word' id='word_1_44' title='bbox 667 418 698 444; x_wconf 81' lang='grc' dir='ltr'>τὸ</span> <span class='ocrx_word' id='word_1_45' title='bbox 716 418 856 453; x_wconf 75' lang='grc' dir='ltr'>κήρυγμα.</span> 
     </span>
    </p>
   </div>
   <div class='ocr_carea' id='block_1_8' title="bbox 113 455 857 501">
    <p class='ocr_par' dir='ltr' id='par_1_8' title="bbox 113 455 857 501">
     <span class='ocr_line' id='line_1_8' title="bbox 113 455 857 501; baseline 0 -11"><span class='ocrx_word' id='word_1_46' title='bbox 113 455 188 490; x_wconf 57' lang='grc' dir='ltr'>Ἀλλὰ</span> <span class='ocrx_word' id='word_1_47' title='bbox 198 459 256 499; x_wconf 59' lang='grc' dir='ltr'><strong>μὴν</strong></span> <span class='ocrx_word' id='word_1_48' title='bbox 273 465 319 490; x_wconf 81' lang='grc' dir='ltr'>καὶ</span> <span class='ocrx_word' id='word_1_49' title='bbox 343 464 519 501; x_wconf 78' lang='grc' dir='ltr'><strong>ἐπιστρέφειν</strong></span> <span class='ocrx_word' id='word_1_50' title='bbox 534 465 565 490; x_wconf 81' lang='grc' dir='ltr'>ὲκ</span> <span class='ocrx_word' id='word_1_51' title='bbox 589 465 642 490; x_wconf 83' lang='grc' dir='ltr'>τῶν</span> <span class='ocrx_word' id='word_1_52' title='bbox 667 472 857 500; x_wconf 82' lang='grc' dir='ltr'>παραπικραι-</span> 
     </span>
    </p>
   </div>
   <div class='ocr_carea' id='block_1_9' title="bbox 103 504 857 546">
    <p class='ocr_par' dir='ltr' id='par_1_9' title="bbox 103 504 857 546">
     <span class='ocr_line' id='line_1_9' title="bbox 103 504 857 546; baseline 0.001 -10"><span class='ocrx_word' id='word_1_53' title='bbox 103 504 194 537; x_wconf 76' lang='grc' dir='ltr'>νὸνταῖν</span> <span class='ocrx_word' id='word_1_54' title='bbox 218 511 387 546; x_wconf 68' lang='grc' dir='ltr'>ὑπισχνεῖται</span> <span class='ocrx_word' id='word_1_55' title='bbox 404 510 531 543; x_wconf 81' lang='grc' dir='ltr'>πολλοὺς,</span> <span class='ocrx_word' id='word_1_56' title='bbox 548 511 595 537; x_wconf 78' lang='grc' dir='ltr'><strong>καὶ</strong></span> <span class='ocrx_word' id='word_1_57' title='bbox 611 511 663 546; x_wconf 86' lang='grc' dir='ltr'><strong>μὴν</strong></span> <span class='ocrx_word' id='word_1_58' title='bbox 680 511 726 537; x_wconf 78' lang='grc' dir='ltr'>καὶ</span> <span class='ocrx_word' id='word_1_59' title='bbox 750 511 782 537; x_wconf 83' lang='grc' dir='ltr'>ὲκ</span> <span class='ocrx_word' id='word_1_60' title='bbox 804 511 857 537; x_wconf 77' lang='grc' dir='ltr'>τῶν</span> 
     </span>
    </p>
   </div>
   <div class='ocr_carea' id='block_1_10' title="bbox 106 555 857 591">
    <p class='ocr_par' dir='ltr' id='par_1_10' title="bbox 106 555 857 591">
     <span class='ocr_line' id='line_1_10' title="bbox 106 555 857 591; baseline 0 -10"><span class='ocrx_word' id='word_1_61' title='bbox 106 555 308 582; x_wconf 75' lang='grc' dir='ltr'><strong>καταπεσόντων</strong></span> <span class='ocrx_word' id='word_1_62' title='bbox 333 556 373 587; x_wconf 82' lang='grc' dir='ltr'><strong>είς</strong></span> <span class='ocrx_word' id='word_1_63' title='bbox 385 556 415 582; x_wconf 87' lang='grc' dir='ltr'><strong>τὺ</strong></span> <span class='ocrx_word' id='word_1_64' title='bbox 429 555 483 582; x_wconf 86' lang='grc' dir='ltr'>τῶν</span> <span class='ocrx_word' id='word_1_65' title='bbox 496 555 597 591; x_wconf 81' lang='grc' dir='ltr'>ἡδονῶν</span> <span class='ocrx_word' id='word_1_66' title='bbox 614 556 740 590; x_wconf 75' lang='grc' dir='ltr'>πέλαγος.</span> <span class='ocrx_word' id='word_1_67' title='bbox 775 556 857 582; x_wconf 80' lang='grc' dir='ltr'>Οὐδὲν</span> 
     </span>
    </p>
   </div>
   <div class='ocr_carea' id='block_1_11' title="bbox 105 599 856 637">
    <p class='ocr_par' dir='ltr' id='par_1_11' title="bbox 105 599 856 637">
     <span class='ocr_line' id='line_1_11' title="bbox 105 599 856 637; baseline 0.001 -10"><span class='ocrx_word' id='word_1_68' title='bbox 105 601 130 627; x_wconf 79' lang='grc' dir='ltr'>δὲ</span> <span class='ocrx_word' id='word_1_69' title='bbox 143 599 220 637; x_wconf 84' lang='grc' dir='ltr'>ἦττον</span> <span class='ocrx_word' id='word_1_70' title='bbox 236 602 285 628; x_wconf 74' lang='grc' dir='ltr'>καὶ</span> <span class='ocrx_word' id='word_1_71' title='bbox 299 601 352 628; x_wconf 80' lang='grc' dir='ltr'>τῶν</span> <span class='ocrx_word' id='word_1_72' title='bbox 371 602 526 629; x_wconf 81' lang='grc' dir='ltr'><strong>ἀποστόλων</strong></span> <span class='ocrx_word' id='word_1_73' title='bbox 539 602 668 637; x_wconf 80' lang='grc' dir='ltr'><strong>κηρύττει</strong></span> <span class='ocrx_word' id='word_1_74' title='bbox 683 602 732 637; x_wconf 84' lang='grc' dir='ltr'><strong>τὴν</strong></span> <span class='ocrx_word' id='word_1_75' title='bbox 750 602 856 628; x_wconf 77' lang='grc' dir='ltr'>ἀνάδει-</span> 
     </span>
    </p>
   </div>
   <div class='ocr_carea' id='block_1_12' title="bbox 105 645 856 684">
    <p class='ocr_par' dir='ltr' id='par_1_12' title="bbox 105 645 856 684">
     <span class='ocr_line' id='line_1_12' title="bbox 105 645 856 684; baseline 0 -11"><span class='ocrx_word' id='word_1_76' title='bbox 105 646 152 680; x_wconf 78' lang='grc' dir='ltr'><strong>ξιν,</strong></span> <span class='ocrx_word' id='word_1_77' title='bbox 163 647 207 674; x_wconf 77' lang='grc' dir='ltr'>καὶ</span> <span class='ocrx_word' id='word_1_78' title='bbox 214 647 289 679; x_wconf 86' lang='grc' dir='ltr'>τίνες</span> <span class='ocrx_word' id='word_1_79' title='bbox 299 648 346 674; x_wconf 74' lang='grc' dir='ltr'>καὶ</span> <span class='ocrx_word' id='word_1_80' title='bbox 355 648 436 674; x_wconf 86' lang='grc' dir='ltr'>πόθεν</span> <span class='ocrx_word' id='word_1_81' title='bbox 447 645 527 684; x_wconf 76' lang='grc' dir='ltr'>ἦσαν.</span> <span class='ocrx_word' id='word_1_82' title='bbox 539 649 651 674; x_wconf 82' lang='grc' dir='ltr'>Πάντων</span> <span class='ocrx_word' id='word_1_83' title='bbox 662 657 692 673; x_wconf 86' lang='grc' dir='ltr'><strong>τε</strong></span> <span class='ocrx_word' id='word_1_84' title='bbox 706 648 759 674; x_wconf 80' lang='grc' dir='ltr'><strong>τῶν</strong></span> <span class='ocrx_word' id='word_1_85' title='bbox 772 647 856 674; x_wconf 81' lang='grc' dir='ltr'>ἐθνῶν</span> 
     </span>
    </p>
   </div>
   <div class='ocr_carea' id='block_1_13' title="bbox 104 693 856 729">
    <p class='ocr_par' dir='ltr' id='par_1_13' title="bbox 104 693 856 729">
     <span class='ocr_line' id='line_1_13' title="bbox 104 693 856 729; baseline 0 -10"><span class='ocrx_word' id='word_1_86' title='bbox 104 693 148 728; x_wconf 79' lang='grc' dir='ltr'>τὴν</span> <span class='ocrx_word' id='word_1_87' title='bbox 159 694 196 724; x_wconf 85' lang='grc' dir='ltr'><strong>εἰς</strong></span> <span class='ocrx_word' id='word_1_88' title='bbox 207 693 252 720; x_wconf 77' lang='grc' dir='ltr'><strong>τὸν</strong></span> <span class='ocrx_word' id='word_1_89' title='bbox 264 693 367 729; x_wconf 87' lang='grc' dir='ltr'>Κύριον</span> <span class='ocrx_word' id='word_1_90' title='bbox 379 694 469 721; x_wconf 83' lang='grc' dir='ltr'>πίστιν</span> <span class='ocrx_word' id='word_1_91' title='bbox 480 694 695 728; x_wconf 75' lang='grc' dir='ltr'>εὐαγγελίζεται.</span> <span class='ocrx_word' id='word_1_92' title='bbox 715 694 772 727; x_wconf 63' lang='grc' dir='ltr'><strong>Ἐφ’</strong></span> <span class='ocrx_word' id='word_1_93' title='bbox 787 694 856 720; x_wconf 75' lang='grc' dir='ltr'>διπα-</span> 
     </span>
    </p>
   </div>
   <div class='ocr_carea' id='block_1_14' title="bbox 105 739 855 775">
    <p class='ocr_par' dir='ltr' id='par_1_14' title="bbox 105 739 855 775">
     <span class='ocr_line' id='line_1_14' title="bbox 105 739 855 775; baseline 0.001 -11"><span class='ocrx_word' id='word_1_94' title='bbox 105 747 129 764; x_wconf 87' lang='grc' dir='ltr'>σι</span> <span class='ocrx_word' id='word_1_95' title='bbox 142 739 168 765; x_wconf 84' lang='grc' dir='ltr'>δὲ</span> <span class='ocrx_word' id='word_1_96' title='bbox 183 739 288 771; x_wconf 84' lang='grc' dir='ltr'>τούτοις</span> <span class='ocrx_word' id='word_1_97' title='bbox 299 739 347 775; x_wconf 77' lang='grc' dir='ltr'>τὴν</span> <span class='ocrx_word' id='word_1_98' title='bbox 362 741 401 772; x_wconf 84' lang='grc' dir='ltr'><strong>είς</strong></span> <span class='ocrx_word' id='word_1_99' title='bbox 416 740 548 775; x_wconf 81' lang='grc' dir='ltr'>οὐρανοὺς</span> <span class='ocrx_word' id='word_1_100' title='bbox 567 740 660 767; x_wconf 82' lang='grc' dir='ltr'><strong>ἄνοδον</strong></span> <span class='ocrx_word' id='word_1_101' title='bbox 685 739 732 765; x_wconf 77' lang='grc' dir='ltr'>τοῦ</span> <span class='ocrx_word' id='word_1_102' title='bbox 752 740 855 775; x_wconf 83' lang='grc' dir='ltr'>Κυρίου</span> 
     </span>
    </p>
   </div>
   <div class='ocr_carea' id='block_1_15' title="bbox 104 784 855 819">
    <p class='ocr_par' dir='ltr' id='par_1_15' title="bbox 104 784 855 819">
     <span class='ocr_line' id='line_1_15' title="bbox 104 784 855 819; baseline 0 -9"><span class='ocrx_word' id='word_1_103' title='bbox 104 784 247 811; x_wconf 78' lang='grc' dir='ltr'>ἐκδιδάσκει</span> <span class='ocrx_word' id='word_1_104' title='bbox 263 785 368 819; x_wconf 81' lang='grc' dir='ltr'><strong>σαφῶς.</strong></span> <span class='ocrx_word' id='word_1_105' title='bbox 401 784 508 817; x_wconf 81' lang='grc' dir='ltr'>Ἔξεστι</span> <span class='ocrx_word' id='word_1_106' title='bbox 523 785 551 812; x_wconf 80' lang='grc' dir='ltr'>δὲ</span> <span class='ocrx_word' id='word_1_107' title='bbox 567 785 653 811; x_wconf 76' lang='grc' dir='ltr'>ταῦτα</span> <span class='ocrx_word' id='word_1_108' title='bbox 675 785 765 810; x_wconf 79' lang='grc' dir='ltr'>πάντα</span> <span class='ocrx_word' id='word_1_109' title='bbox 784 784 855 811; x_wconf 73' lang='grc' dir='ltr'>κατὰ</span> 
     </span>
    </p>
   </div>
   <div class='ocr_carea' id='block_1_16' title="bbox 105 830 688 866">
    <p class='ocr_par' dir='ltr' id='par_1_16' title="bbox 105 830 688 866">
     <span class='ocr_line' id='line_1_16' title="bbox 105 830 688 866; baseline 0.002 -11"><span class='ocrx_word' id='word_1_110' title='bbox 105 830 179 864; x_wconf 82' lang='grc' dir='ltr'>μέρος</span> <span class='ocrx_word' id='word_1_111' title='bbox 198 831 253 861; x_wconf 82' lang='grc' dir='ltr'>τοῖς</span> <span class='ocrx_word' id='word_1_112' title='bbox 267 831 371 865; x_wconf 83' lang='grc' dir='ltr'>στίχοις</span> <span class='ocrx_word' id='word_1_113' title='bbox 386 830 549 857; x_wconf 72' lang='grc' dir='ltr'>ἐπιϐαλόντα</span> <span class='ocrx_word' id='word_1_114' title='bbox 565 830 688 866; x_wconf 83' lang='grc' dir='ltr'>θεωρεῖν.</span> 
     </span>
    </p>
   </div>
   <div class='ocr_carea' id='block_1_17' title="bbox 621 125 1155 155">
    <p class='ocr_par' dir='ltr' id='par_1_17' title="bbox 621 125 1155 155">
     <span class='ocr_line' id='line_1_17' title="bbox 621 125 1155 155; baseline 0.002 -2"><span class='ocrx_word' id='word_1_115' title='bbox 621 125 804 154; x_wconf 73' lang='lat' dir='ltr'><strong>EXPOSITIO</strong></span> <span class='ocrx_word' id='word_1_116' title='bbox 820 126 858 153; x_wconf 77' lang='grc' dir='ltr'>ἸΝ</span> <span class='ocrx_word' id='word_1_117' title='bbox 878 125 1043 154; x_wconf 68' lang='lat' dir='ltr'><strong>PSAMlUM</strong></span> <span class='ocrx_word' id='word_1_118' title='bbox 1062 127 1155 155; x_wconf 73' lang='lat' dir='ltr'><strong>LXVI.</strong></span> 
     </span>
    </p>
   </div>
   <div class='ocr_carea' id='block_1_18' title="bbox 1642 129 1696 157">
    <p class='ocr_par' dir='ltr' id='par_1_18' title="bbox 1642 129 1696 157">
     <span class='ocr_line' id='line_1_18' title="bbox 1642 129 1696 157; baseline -0.019 0"><span class='ocrx_word' id='word_1_119' title='bbox 1642 129 1696 157; x_wconf 72' lang='grc' dir='ltr'><strong>2οό</strong></span> 
     </span>
    </p>
   </div>
   <div class='ocr_carea' id='block_1_19' title="bbox 944 188 1692 224">
    <p class='ocr_par' dir='ltr' id='par_1_19' title="bbox 944 188 1692 224">
     <span class='ocr_line' id='line_1_19' title="bbox 944 188 1692 224; baseline 0.003 -10"><span class='ocrx_word' id='word_1_120' title='bbox 944 195 1015 220; x_wconf 82' lang='lat' dir='ltr'><strong>esse,</strong></span> <span class='ocrx_word' id='word_1_121' title='bbox 1034 188 1079 222; x_wconf 83' lang='lat' dir='ltr'><strong>qu-i</strong></span> <span class='ocrx_word' id='word_1_122' title='bbox 1101 188 1166 215; x_wconf 90' lang='lat' dir='ltr'><strong>olim</strong></span> <span class='ocrx_word' id='word_1_123' title='bbox 1182 188 1254 216; x_wconf 83' lang='lat' dir='ltr'><strong>ﬁlios</strong></span> <span class='ocrx_word' id='word_1_124' title='bbox 1272 188 1354 216; x_wconf 79' lang='lat' dir='ltr'><strong>lsracl</strong></span> <span class='ocrx_word' id='word_1_125' title='bbox 1369 197 1401 216; x_wconf 76' lang='lat' dir='ltr'><strong>ex</strong></span> <span class='ocrx_word' id='word_1_126' title='bbox 1419 188 1539 224; x_wconf 65' lang='lat' dir='ltr'><strong>Egypto</strong></span> <span class='ocrx_word' id='word_1_127' title='bbox 1557 190 1692 217; x_wconf 78' lang='lat' dir='ltr'><strong>eduxerit.</strong></span> 
     </span>
    </p>
   </div>
   <div class='ocr_carea' id='block_1_20' title="bbox 944 235 1695 270">
    <p class='ocr_par' dir='ltr' id='par_1_20' title="bbox 944 235 1695 270">
     <span class='ocr_line' id='line_1_20' title="bbox 944 235 1695 270; baseline 0.003 -10"><span class='ocrx_word' id='word_1_128' title='bbox 944 235 984 260; x_wconf 71' lang='grc' dir='ltr'><strong>Ατι</strong></span> <span class='ocrx_word' id='word_1_129' title='bbox 1002 235 1059 262; x_wconf 74' lang='lat' dir='ltr'><strong>[nec</strong></span> <span class='ocrx_word' id='word_1_130' title='bbox 1074 235 1165 261; x_wconf 82' lang='lat' dir='ltr'><strong>omnia</strong></span> <span class='ocrx_word' id='word_1_131' title='bbox 1182 235 1214 261; x_wconf 86' lang='lat' dir='ltr'><strong>iis</strong></span> <span class='ocrx_word' id='word_1_132' title='bbox 1231 235 1277 269; x_wconf 88' lang='lat' dir='ltr'><strong>qui</strong></span> <span class='ocrx_word' id='word_1_133' title='bbox 1295 235 1515 269; x_wconf 59' lang='lat' dir='ltr'><strong>praedicationem</strong></span> <span class='ocrx_word' id='word_1_134' title='bbox 1541 236 1695 270; x_wconf 78' lang='lat' dir='ltr'><strong>acceperint</strong></span> 
     </span>
    </p>
   </div>
   <div class='ocr_carea' id='block_1_21' title="bbox 946 279 1693 314">
    <p class='ocr_par' dir='ltr' id='par_1_21' title="bbox 946 279 1693 314">
     <span class='ocr_line' id='line_1_21' title="bbox 946 279 1693 314; baseline 0.001 -8"><span class='ocrx_word' id='word_1_135' title='bbox 946 279 1064 313; x_wconf 84' lang='lat' dir='ltr'><strong>Spiritus</strong></span> <span class='ocrx_word' id='word_1_136' title='bbox 1075 280 1160 306; x_wconf 87' lang='lat' dir='ltr'><strong>sancti</strong></span> <span class='ocrx_word' id='word_1_137' title='bbox 1179 280 1280 306; x_wconf 86' lang='lat' dir='ltr'><strong>donum</strong></span> <span class='ocrx_word' id='word_1_138' title='bbox 1299 280 1450 314; x_wconf 70' lang='lat' dir='ltr'><strong>pollicetur.</strong></span> <span class='ocrx_word' id='word_1_139' title='bbox 1465 280 1612 314; x_wconf 86' lang='lat' dir='ltr'><strong>Apostolos</strong></span> <span class='ocrx_word' id='word_1_140' title='bbox 1630 282 1693 307; x_wconf 82' lang='lat' dir='ltr'><strong>item</strong></span> 
     </span>
    </p>
   </div>
   <div class='ocr_carea' id='block_1_22' title="bbox 944 326 1694 360">
    <p class='ocr_par' dir='ltr' id='par_1_22' title="bbox 944 326 1694 360">
     <span class='ocr_line' id='line_1_22' title="bbox 944 326 1694 360; baseline 0.001 -9"><span class='ocrx_word' id='word_1_141' title='bbox 944 326 1111 357; x_wconf 74' lang='lat' dir='ltr'><strong>consolatur,</strong></span> <span class='ocrx_word' id='word_1_142' title='bbox 1131 326 1268 359; x_wconf 72' lang='lat' dir='ltr'><strong>pollicitus</strong></span> <span class='ocrx_word' id='word_1_143' title='bbox 1277 333 1386 352; x_wconf 84' lang='lat' dir='ltr'><strong>omnem</strong></span> <span class='ocrx_word' id='word_1_144' title='bbox 1399 326 1601 360; x_wconf 73' lang='lat' dir='ltr'><strong>prtedicalionis</strong></span> <span class='ocrx_word' id='word_1_145' title='bbox 1612 334 1694 353; x_wconf 80' lang='lat' dir='ltr'><strong>causa</strong></span> 
     </span>
    </p>
   </div>
   <div class='ocr_carea' id='block_1_23' title="bbox 944 371 1696 405">
    <p class='ocr_par' dir='ltr' id='par_1_23' title="bbox 944 371 1696 405">
     <span class='ocr_line' id='line_1_23' title="bbox 944 371 1696 405; baseline 0 -7"><span class='ocrx_word' id='word_1_146' title='bbox 944 377 1098 405; x_wconf 83' lang='lat' dir='ltr'><strong>susceptam</strong></span> <span class='ocrx_word' id='word_1_147' title='bbox 1114 371 1318 398; x_wconf 85' lang='lat' dir='ltr'><strong>tribulationem</strong></span> <span class='ocrx_word' id='word_1_148' title='bbox 1335 372 1526 398; x_wconf 75' lang='lat' dir='ltr'><strong>removendam</strong></span> <span class='ocrx_word' id='word_1_149' title='bbox 1544 372 1610 399; x_wconf 80' lang='lat' dir='ltr'><strong>fore.</strong></span> <span class='ocrx_word' id='word_1_150' title='bbox 1629 371 1696 398; x_wconf 83' lang='lat' dir='ltr'><strong>Pro-</strong></span> 
     </span>
    </p>
   </div>
   <div class='ocr_carea' id='block_1_24' title="bbox 943 417 1696 451">
    <p class='ocr_par' dir='ltr' id='par_1_24' title="bbox 943 417 1696 451">
     <span class='ocr_line' id='line_1_24' title="bbox 943 417 1696 451; baseline 0.001 -8"><span class='ocrx_word' id='word_1_151' title='bbox 943 417 1080 451; x_wconf 88' lang='lat' dir='ltr'><strong>ntittitque</strong></span> <span class='ocrx_word' id='word_1_152' title='bbox 1091 417 1238 443; x_wconf 88' lang='lat' dir='ltr'><strong>multorutn</strong></span> <span class='ocrx_word' id='word_1_153' title='bbox 1254 425 1285 444; x_wconf 82' lang='lat' dir='ltr'><strong>ex</strong></span> <span class='ocrx_word' id='word_1_154' title='bbox 1303 417 1336 444; x_wconf 86' lang='lat' dir='ltr'><strong>iis</strong></span> <span class='ocrx_word' id='word_1_155' title='bbox 1353 418 1399 451; x_wconf 92' lang='lat' dir='ltr'><strong>qui</strong></span> <span class='ocrx_word' id='word_1_156' title='bbox 1419 422 1481 444; x_wconf 88' lang='lat' dir='ltr'><strong>ante</strong></span> <span class='ocrx_word' id='word_1_157' title='bbox 1499 417 1532 444; x_wconf 90' lang='lat' dir='ltr'><strong>ad</strong></span> <span class='ocrx_word' id='word_1_158' title='bbox 1550 418 1617 444; x_wconf 89' lang='lat' dir='ltr'><strong>iratn</strong></span> <span class='ocrx_word' id='word_1_159' title='bbox 1629 425 1696 445; x_wconf 90' lang='lat' dir='ltr'><strong>con-</strong></span> 
     </span>
    </p>
   </div>
   <div class='ocr_carea' id='block_1_25' title="bbox 943 462 1694 495">
    <p class='ocr_par' dir='ltr' id='par_1_25' title="bbox 943 462 1694 495">
     <span class='ocr_line' id='line_1_25' title="bbox 943 462 1694 495; baseline 0.001 -6"><span class='ocrx_word' id='word_1_160' title='bbox 943 462 1064 489; x_wconf 86' lang='lat' dir='ltr'><strong>citabant</strong></span> <span class='ocrx_word' id='word_1_161' title='bbox 1087 462 1206 489; x_wconf 86' lang='lat' dir='ltr'><strong>futuram</strong></span> <span class='ocrx_word' id='word_1_162' title='bbox 1231 463 1450 495; x_wconf 84' lang='lat' dir='ltr'><strong>conversionem,</strong></span> <span class='ocrx_word' id='word_1_163' title='bbox 1469 471 1575 491; x_wconf 91' lang='lat' dir='ltr'><strong>necnon</strong></span> <span class='ocrx_word' id='word_1_164' title='bbox 1599 471 1694 490; x_wconf 82' lang='lat' dir='ltr'><strong>eorum</strong></span> 
     </span>
    </p>
   </div>
   <div class='ocr_carea' id='block_1_26' title="bbox 943 509 1696 544">
    <p class='ocr_par' dir='ltr' id='par_1_26' title="bbox 943 509 1696 544">
     <span class='ocr_line' id='line_1_26' title="bbox 943 509 1696 544; baseline 0.004 -10"><span class='ocrx_word' id='word_1_165' title='bbox 943 509 989 543; x_wconf 87' lang='lat' dir='ltr'><strong>qui</strong></span> <span class='ocrx_word' id='word_1_166' title='bbox 1008 509 1034 535; x_wconf 91' lang='lat' dir='ltr'><strong>in</strong></span> <span class='ocrx_word' id='word_1_167' title='bbox 1051 509 1216 543; x_wconf 78' lang='lat' dir='ltr'><strong>profundum</strong></span> <span class='ocrx_word' id='word_1_168' title='bbox 1229 509 1377 543; x_wconf 69' lang='lat' dir='ltr'><strong>voluptatis</strong></span> <span class='ocrx_word' id='word_1_169' title='bbox 1401 510 1512 544; x_wconf 76' lang='lat' dir='ltr'><strong>pelagus</strong></span> <span class='ocrx_word' id='word_1_170' title='bbox 1526 510 1642 537; x_wconf 79' lang='lat' dir='ltr'><strong>demersi</strong></span> <span class='ocrx_word' id='word_1_171' title='bbox 1656 518 1696 537; x_wconf 80' lang='lat' dir='ltr'><strong>es-</strong></span> 
     </span>
    </p>
   </div>
   <div class='ocr_carea' id='block_1_27' title="bbox 942 555 1693 588">
    <p class='ocr_par' dir='ltr' id='par_1_27' title="bbox 942 555 1693 588">
     <span class='ocr_line' id='line_1_27' title="bbox 942 555 1693 588; baseline 0.001 -7"><span class='ocrx_word' id='word_1_172' title='bbox 942 561 1013 582; x_wconf 88' lang='lat' dir='ltr'><strong>sent.</strong></span> <span class='ocrx_word' id='word_1_173' title='bbox 1036 555 1221 582; x_wconf 88' lang='lat' dir='ltr'><strong>Nihilominus</strong></span> <span class='ocrx_word' id='word_1_174' title='bbox 1240 561 1328 582; x_wconf 82' lang='lat' dir='ltr'><strong>autem</strong></span> <span class='ocrx_word' id='word_1_175' title='bbox 1354 557 1541 588; x_wconf 70' lang='lat' dir='ltr'><strong>apostolorum</strong></span> <span class='ocrx_word' id='word_1_176' title='bbox 1561 556 1693 583; x_wconf 84' lang='lat' dir='ltr'><strong>delectum</strong></span> 
     </span>
    </p>
   </div>
   <div class='ocr_carea' id='block_1_28' title="bbox 941 601 1695 636">
    <p class='ocr_par' dir='ltr' id='par_1_28' title="bbox 941 601 1695 636">
     <span class='ocr_line' id='line_1_28' title="bbox 941 601 1695 636; baseline 0 -9"><span class='ocrx_word' id='word_1_177' title='bbox 941 606 1062 633; x_wconf 84' lang='lat' dir='ltr'><strong>enarrat,</strong></span> <span class='ocrx_word' id='word_1_178' title='bbox 1085 606 1111 627; x_wconf 89' lang='lat' dir='ltr'><strong>ct</strong></span> <span class='ocrx_word' id='word_1_179' title='bbox 1127 601 1239 636; x_wconf 84' lang='lat' dir='ltr'><strong>quinam</strong></span> <span class='ocrx_word' id='word_1_180' title='bbox 1261 601 1387 635; x_wconf 85' lang='lat' dir='ltr'><strong>nndeque</strong></span> <span class='ocrx_word' id='word_1_181' title='bbox 1403 601 1515 627; x_wconf 74' lang='lat' dir='ltr'><strong>fuerint.</strong></span> <span class='ocrx_word' id='word_1_182' title='bbox 1543 601 1695 628; x_wconf 81' lang='lat' dir='ltr'><strong>Annunliat</strong></span> 
     </span>
    </p>
   </div>
   <div class='ocr_carea' id='block_1_29' title="bbox 941 638 1694 680">
    <p class='ocr_par' dir='ltr' id='par_1_29' title="bbox 941 638 1694 680">
     <span class='ocr_line' id='line_1_29' title="bbox 941 638 1694 680; baseline 0 -8"><span class='ocrx_word' id='word_1_183' title='bbox 941 645 1006 673; x_wconf 84' lang='lat' dir='ltr'><strong>item</strong></span> <span class='ocrx_word' id='word_1_184' title='bbox 1035 646 1155 673; x_wconf 77' lang='lat' dir='ltr'><strong>futuram</strong></span> <span class='ocrx_word' id='word_1_185' title='bbox 1177 646 1301 672; x_wconf 89' lang='lat' dir='ltr'><strong>omnium</strong></span> <span class='ocrx_word' id='word_1_186' title='bbox 1317 646 1439 680; x_wconf 77' lang='lat' dir='ltr'><strong>gentium</strong></span> <span class='ocrx_word' id='word_1_187' title='bbox 1459 646 1484 672; x_wconf 89' lang='lat' dir='ltr'><strong>in</strong></span> <span class='ocrx_word' id='word_1_188' title='bbox 1500 638 1644 672; x_wconf 68' lang='lat' dir='ltr'><strong>Dominum</strong></span> <span class='ocrx_word' id='word_1_189' title='bbox 1663 648 1694 672; x_wconf 90' lang='lat' dir='ltr'><strong>li-</strong></span> 
     </span>
    </p>
   </div>
   <div class='ocr_carea' id='block_1_30' title="bbox 942 691 1690 719">
    <p class='ocr_par' dir='ltr' id='par_1_30' title="bbox 942 691 1690 719">
     <span class='ocr_line' id='line_1_30' title="bbox 942 691 1690 719; baseline -0.001 0"><span class='ocrx_word' id='word_1_190' title='bbox 942 693 1015 719; x_wconf 88' lang='lat' dir='ltr'><strong>dcm.</strong></span> <span class='ocrx_word' id='word_1_191' title='bbox 1034 692 1074 719; x_wconf 89' lang='lat' dir='ltr'><strong>Ad</strong></span> <span class='ocrx_word' id='word_1_192' title='bbox 1091 693 1149 719; x_wconf 57' lang='lat' dir='ltr'><strong>hate</strong></span> <span class='ocrx_word' id='word_1_193' title='bbox 1164 692 1255 719; x_wconf 81' lang='lat' dir='ltr'><strong>omnia</strong></span> <span class='ocrx_word' id='word_1_194' title='bbox 1272 691 1378 718; x_wconf 89' lang='lat' dir='ltr'><strong>Domini</strong></span> <span class='ocrx_word' id='word_1_195' title='bbox 1396 693 1421 718; x_wconf 91' lang='lat' dir='ltr'><strong>in</strong></span> <span class='ocrx_word' id='word_1_196' title='bbox 1440 693 1524 719; x_wconf 66' lang='lat' dir='ltr'><strong>caelos</strong></span> <span class='ocrx_word' id='word_1_197' title='bbox 1546 700 1690 719; x_wconf 85' lang='lat' dir='ltr'><strong>ascensum</strong></span> 
     </span>
    </p>
   </div>
   <div class='ocr_carea' id='block_1_31' title="bbox 944 737 1693 773">
    <p class='ocr_par' dir='ltr' id='par_1_31' title="bbox 944 737 1693 773">
     <span class='ocr_line' id='line_1_31' title="bbox 944 737 1693 773; baseline 0.003 -9"><span class='ocrx_word' id='word_1_198' title='bbox 944 738 1032 773; x_wconf 86' lang='lat' dir='ltr'><strong>palam</strong></span> <span class='ocrx_word' id='word_1_199' title='bbox 1055 739 1159 765; x_wconf 85' lang='lat' dir='ltr'><strong>edocet.</strong></span> <span class='ocrx_word' id='word_1_200' title='bbox 1178 737 1252 764; x_wconf 79' lang='lat' dir='ltr'><strong>Licet</strong></span> <span class='ocrx_word' id='word_1_201' title='bbox 1272 743 1363 764; x_wconf 82' lang='lat' dir='ltr'><strong>autem</strong></span> <span class='ocrx_word' id='word_1_202' title='bbox 1384 738 1440 764; x_wconf 62' lang='lat' dir='ltr'><strong>haec</strong></span> <span class='ocrx_word' id='word_1_203' title='bbox 1465 739 1554 764; x_wconf 90' lang='lat' dir='ltr'><strong>omnia</strong></span> <span class='ocrx_word' id='word_1_204' title='bbox 1573 738 1693 771; x_wconf 75' lang='lat' dir='ltr'><strong>cuilibet,</strong></span> 
     </span>
    </p>
   </div>
   <div class='ocr_carea' id='block_1_32' title="bbox 941 784 1611 819">
    <p class='ocr_par' dir='ltr' id='par_1_32' title="bbox 941 784 1611 819">
     <span class='ocr_line' id='line_1_32' title="bbox 941 784 1611 819; baseline 0 -7"><span class='ocrx_word' id='word_1_205' title='bbox 941 785 1068 812; x_wconf 80' lang='lat' dir='ltr'><strong>versibus</strong></span> <span class='ocrx_word' id='word_1_206' title='bbox 1083 785 1197 819; x_wconf 56' lang='lat' dir='ltr'><strong>singulis</strong></span> <span class='ocrx_word' id='word_1_207' title='bbox 1214 785 1365 817; x_wconf 85' lang='lat' dir='ltr'><strong>insistenti,</strong></span> <span class='ocrx_word' id='word_1_208' title='bbox 1385 784 1611 812; x_wconf 74' lang='lat' dir='ltr'><strong>animadvertere.</strong></span> 
     </span>
    </p>
   </div>
   <div class='ocr_carea' id='block_1_33' title="bbox 108 859 851 910">
    <p class='ocr_par' dir='ltr' id='par_1_33' title="bbox 108 859 851 910">
     <span class='ocr_line' id='line_1_33' title="bbox 108 859 851 910; baseline 0.003 -9"><span class='ocrx_word' id='word_1_209' title='bbox 108 859 272 908; x_wconf 45' lang='grc' dir='ltr'><strong>ιΑκοιοντήέω</strong></span> <span class='ocrx_word' id='word_1_210' title='bbox 289 877 305 902; x_wconf 87' lang='grc' dir='ltr'>ο⁸</span> <span class='ocrx_word' id='word_1_211' title='bbox 314 859 406 909; x_wconf 50' lang='grc' dir='ltr'>’δείδω</span> <span class='ocrx_word' id='word_1_212' title='bbox 423 876 472 902; x_wconf 74' lang='grc' dir='ltr'>καὶ</span> <span class='ocrx_word' id='word_1_213' title='bbox 489 859 812 910; x_wconf 48' lang='grc' dir='ltr'>διασκορέῑισθήτωσαν</span> <span class='ocrx_word' id='word_1_214' title='bbox 827 878 851 903; x_wconf 85' lang='grc' dir='ltr'>οἱ</span> 
     </span>
    </p>
   </div>
   <div class='ocr_carea' id='block_1_34' title="bbox 913 859 1691 910">
    <p class='ocr_par' dir='ltr' id='par_1_34' title="bbox 939 874 1691 909">
     <span class='ocr_line' id='line_1_34' title="bbox 939 874 1691 909; baseline 0 -8"><span class='ocrx_word' id='word_1_215' title='bbox 939 875 966 901; x_wconf 72' lang='grc'><strong>2.</strong></span> <span class='ocrx_word' id='word_1_216' title='bbox 994 874 1126 909; x_wconf 71' lang='lat' dir='ltr'><strong>Exsurge!</strong></span> <span class='ocrx_word' id='word_1_217' title='bbox 1154 874 1233 907; x_wconf 78' lang='lat' dir='ltr'><strong>Deus,</strong></span> <span class='ocrx_word' id='word_1_218' title='bbox 1257 879 1281 901; x_wconf 82' lang='lat' dir='ltr'><strong>et</strong></span> <span class='ocrx_word' id='word_1_219' title='bbox 1306 874 1469 908; x_wconf 70' lang='lat' dir='ltr'><strong>dissipentur</strong></span> <span class='ocrx_word' id='word_1_220' title='bbox 1497 874 1602 900; x_wconf 78' lang='lat' dir='ltr'><strong>inimici</strong></span> <span class='ocrx_word' id='word_1_221' title='bbox 1624 875 1691 909; x_wconf 67' lang='lat' dir='ltr'><strong>ejus.</strong></span> 
     </span>
    </p>
   </div>
   <div class='ocr_carea' id='block_1_35' title="bbox 71 920 853 958">
    <p class='ocr_par' dir='ltr' id='par_1_35' title="bbox 71 920 853 958">
     <span class='ocr_line' id='line_1_35' title="bbox 71 920 853 958; baseline 0.003 -11"><span class='ocrx_word' id='word_1_222' title='bbox 71 920 161 954; x_wconf 78' lang='grc' dir='ltr'>ἐχθροί</span> <span class='ocrx_word' id='word_1_223' title='bbox 175 921 280 948; x_wconf 78' lang='grc' dir='ltr'>αὐτοῦ.</span> <span class='ocrx_word' id='word_1_224' title='bbox 307 921 363 957; x_wconf 82' lang='grc' dir='ltr'><strong>Τὴν</strong></span> <span class='ocrx_word' id='word_1_225' title='bbox 374 923 413 954; x_wconf 83' lang='grc' dir='ltr'>εἰς</span> <span class='ocrx_word' id='word_1_226' title='bbox 430 922 460 948; x_wconf 78' lang='grc' dir='ltr'>τὸ</span> <span class='ocrx_word' id='word_1_227' title='bbox 482 923 583 957; x_wconf 85' lang='grc' dir='ltr'>κρίνειν</span> <span class='ocrx_word' id='word_1_228' title='bbox 606 923 668 954; x_wconf 76' lang='grc' dir='ltr'>τοὺς</span> <span class='ocrx_word' id='word_1_229' title='bbox 683 922 853 958; x_wconf 77' lang='grc' dir='ltr'><strong>ἀκαθάρτους</strong></span> 
     </span>
    </p>
   </div>
   <div class='ocr_carea' id='block_1_36' title="bbox 71 966 850 1004">
    <p class='ocr_par' dir='ltr' id='par_1_36' title="bbox 71 966 850 1004">
     <span class='ocr_line' id='line_1_36' title="bbox 71 966 850 1004; baseline 0.004 -12"><span class='ocrx_word' id='word_1_230' title='bbox 71 966 186 1001; x_wconf 76' lang='grc' dir='ltr'>δαίμονας</span> <span class='ocrx_word' id='word_1_231' title='bbox 199 968 348 1003; x_wconf 84' lang='grc' dir='ltr'>παρορμὴν</span> <span class='ocrx_word' id='word_1_232' title='bbox 364 967 411 994; x_wconf 79' lang='grc' dir='ltr'><strong>τοῦ</strong></span> <span class='ocrx_word' id='word_1_233' title='bbox 425 967 491 994; x_wconf 77' lang='grc' dir='ltr'>Θεοῦ</span> <span class='ocrx_word' id='word_1_234' title='bbox 514 969 528 994; x_wconf 85' lang='grc' dir='ltr'><em>ὸ</em></span> <span class='ocrx_word' id='word_1_235' title='bbox 549 967 627 1002; x_wconf 79' lang='grc' dir='ltr'>λόγος</span> <span class='ocrx_word' id='word_1_236' title='bbox 642 969 778 1004; x_wconf 83' lang='grc' dir='ltr'>σημαίνει.</span> <span class='ocrx_word' id='word_1_237' title='bbox 813 969 850 1004; x_wconf 86' lang='grc' dir='ltr'><strong>Τῇ</strong></span> 
     </span>
    </p>
   </div>
   <div class='ocr_carea' id='block_1_37' title="bbox 72 1012 853 1051">
    <p class='ocr_par' dir='ltr' id='par_1_37' title="bbox 72 1012 853 1051">
     <span class='ocr_line' id='line_1_37' title="bbox 72 1012 853 1051; baseline 0.004 -13"><span class='ocrx_word' id='word_1_238' title='bbox 72 1012 119 1046; x_wconf 77' lang='grc' dir='ltr'>γὰρ</span> <span class='ocrx_word' id='word_1_239' title='bbox 132 1012 209 1039; x_wconf 73' lang='grc' dir='ltr'>αὑτοῦ</span> <span class='ocrx_word' id='word_1_240' title='bbox 228 1013 366 1049; x_wconf 75' lang='grc' dir='ltr'>παρουσίᾳ</span> <span class='ocrx_word' id='word_1_241' title='bbox 379 1013 429 1048; x_wconf 77' lang='grc' dir='ltr'>τῆς</span> <span class='ocrx_word' id='word_1_242' title='bbox 452 1013 506 1040; x_wconf 82' lang='grc' dir='ltr'>τῶν</span> <span class='ocrx_word' id='word_1_243' title='bbox 523 1013 674 1049; x_wconf 83' lang='grc' dir='ltr'>ἀνθρώπων</span> <span class='ocrx_word' id='word_1_244' title='bbox 695 1015 853 1051; x_wconf 74' lang='grc' dir='ltr'>τυραννίδος</span> 
     </span>
    </p>
   </div>
   <div class='ocr_carea' id='block_1_38' title="bbox 70 1055 236 1092">
    <p class='ocr_par' dir='ltr' id='par_1_38' title="bbox 70 1055 236 1092">
     <span class='ocr_line' id='line_1_38' title="bbox 70 1055 236 1092; baseline 0.012 -10"><span class='ocrx_word' id='word_1_245' title='bbox 70 1055 236 1092; x_wconf 73' lang='grc' dir='ltr'><strong>ἐξηλάθησαν.</strong></span> 
     </span>
    </p>
   </div>
   <div class='ocr_carea' id='block_1_39' title="bbox 106 1102 852 1140">
    <p class='ocr_par' dir='ltr' id='par_1_39' title="bbox 106 1102 852 1140">
     <span class='ocr_line' id='line_1_39' title="bbox 106 1102 852 1140; baseline 0.008 -12"><span class='ocrx_word' id='word_1_246' title='bbox 106 1102 314 1136; x_wconf 79' lang='grc' dir='ltr'>Ὀδοποιήσατε·</span> <span class='ocrx_word' id='word_1_247' title='bbox 328 1103 368 1136; x_wconf 82' lang='grc' dir='ltr'>τῷ</span> <span class='ocrx_word' id='word_1_248' title='bbox 381 1104 566 1138; x_wconf 76' lang='grc' dir='ltr'>ἐπιϐεϐηκότι</span> <span class='ocrx_word' id='word_1_249' title='bbox 577 1105 626 1132; x_wconf 77' lang='grc' dir='ltr'><strong>ἐπὶ</strong></span> <span class='ocrx_word' id='word_1_250' title='bbox 643 1105 777 1140; x_wconf 78' lang='grc' dir='ltr'><strong>δυσμῶν.</strong></span> <span class='ocrx_word' id='word_1_251' title='bbox 799 1107 852 1134; x_wconf 79' lang='grc' dir='ltr'><strong>Εὑ-</strong></span> 
     </span>
    </p>
   </div>
   <div class='ocr_carea' id='block_1_40' title="bbox 70 1149 851 1185">
    <p class='ocr_par' dir='ltr' id='par_1_40' title="bbox 70 1149 851 1185">
     <span class='ocr_line' id='line_1_40' title="bbox 70 1149 851 1185; baseline 0.006 -11"><span class='ocrx_word' id='word_1_252' title='bbox 70 1150 172 1183; x_wconf 79' lang='grc' dir='ltr'>πρεπεῑς</span> <span class='ocrx_word' id='word_1_253' title='bbox 190 1149 302 1182; x_wconf 78' lang='grc' dir='ltr'>γένεσθε</span> <span class='ocrx_word' id='word_1_254' title='bbox 316 1172 323 1182; x_wconf 86' lang='grc'>,</span> <span class='ocrx_word' id='word_1_255' title='bbox 341 1150 440 1185; x_wconf 81' lang='grc' dir='ltr'>φησὶν,</span> <span class='ocrx_word' id='word_1_256' title='bbox 458 1151 498 1182; x_wconf 84' lang='grc' dir='ltr'><strong>είς</strong></span> <span class='ocrx_word' id='word_1_257' title='bbox 525 1151 557 1177; x_wconf 80' lang='grc' dir='ltr'>τὸ</span> <span class='ocrx_word' id='word_1_258' title='bbox 583 1153 642 1183; x_wconf 80' lang='grc' dir='ltr'>ταῖς</span> <span class='ocrx_word' id='word_1_259' title='bbox 662 1152 732 1184; x_wconf 85' lang='grc' dir='ltr'><strong>όδοίς</strong></span> <span class='ocrx_word' id='word_1_260' title='bbox 747 1153 851 1180; x_wconf 77' lang='grc' dir='ltr'>ἐκείνου</span> 
     </span>
    </p>
   </div>
   <div class='ocr_carea' id='block_1_41' title="bbox 70 1194 852 1233">
    <p class='ocr_par' dir='ltr' id='par_1_41' title="bbox 70 1194 852 1233">
     <span class='ocr_line' id='line_1_41' title="bbox 70 1194 852 1233; baseline 0.008 -13"><span class='ocrx_word' id='word_1_261' title='bbox 70 1194 236 1229; x_wconf 78' lang='grc' dir='ltr'>πορεύεσθαι,</span> <span class='ocrx_word' id='word_1_262' title='bbox 253 1196 302 1222; x_wconf 77' lang='grc' dir='ltr'>τοῦ</span> <span class='ocrx_word' id='word_1_263' title='bbox 320 1196 362 1222; x_wconf 80' lang='grc' dir='ltr'><strong>ἐπ’</strong></span> <span class='ocrx_word' id='word_1_264' title='bbox 381 1196 495 1231; x_wconf 76' lang='grc' dir='ltr'>ἐσχάτου</span> <span class='ocrx_word' id='word_1_265' title='bbox 517 1197 572 1224; x_wconf 86' lang='grc' dir='ltr'><strong>τῶν</strong></span> <span class='ocrx_word' id='word_1_266' title='bbox 597 1198 700 1233; x_wconf 85' lang='grc' dir='ltr'>χρόνων</span> <span class='ocrx_word' id='word_1_267' title='bbox 726 1200 852 1233; x_wconf 79' lang='grc' dir='ltr'>ὀφθέντος</span> 
     </span>
    </p>
   </div>
   <div class='ocr_carea' id='block_1_42' title="bbox 69 1241 851 1277">
    <p class='ocr_par' dir='ltr' id='par_1_42' title="bbox 69 1241 851 1277">
     <span class='ocr_line' id='line_1_42' title="bbox 69 1241 851 1277; baseline 0.006 -11"><span class='ocrx_word' id='word_1_268' title='bbox 69 1241 94 1266; x_wconf 79' lang='grc' dir='ltr'>ἐν</span> <span class='ocrx_word' id='word_1_269' title='bbox 105 1241 179 1276; x_wconf 77' lang='grc' dir='ltr'>σαρκὶ</span> <span class='ocrx_word' id='word_1_270' title='bbox 192 1243 248 1273; x_wconf 81' lang='grc' dir='ltr'>τοῖς</span> <span class='ocrx_word' id='word_1_271' title='bbox 263 1242 311 1268; x_wconf 72' lang='grc' dir='ltr'><strong>ἐπὶ</strong></span> <span class='ocrx_word' id='word_1_272' title='bbox 326 1242 390 1276; x_wconf 82' lang='grc' dir='ltr'>γῆς.</span> <span class='ocrx_word' id='word_1_273' title='bbox 410 1242 445 1268; x_wconf 88' lang='grc' dir='ltr'><strong>Ἣ</strong></span> <span class='ocrx_word' id='word_1_274' title='bbox 459 1263 465 1274; x_wconf 89' lang='grc'>,</span> <span class='ocrx_word' id='word_1_275' title='bbox 482 1242 521 1275; x_wconf 85' lang='grc' dir='ltr'>τῷ</span> <span class='ocrx_word' id='word_1_276' title='bbox 534 1243 718 1277; x_wconf 76' lang='grc' dir='ltr'>ἐπιϐεϐηκότι</span> <span class='ocrx_word' id='word_1_277' title='bbox 734 1245 782 1270; x_wconf 80' lang='grc' dir='ltr'><strong>ἐπὶ</strong></span> <span class='ocrx_word' id='word_1_278' title='bbox 800 1245 851 1271; x_wconf 69' lang='grc' dir='ltr'>διγ-</span> 
     </span>
    </p>
   </div>
   <div class='ocr_carea' id='block_1_43' title="bbox 68 1286 852 1325">
    <p class='ocr_par' dir='ltr' id='par_1_43' title="bbox 68 1286 852 1325">
     <span class='ocr_line' id='line_1_43' title="bbox 68 1286 852 1325; baseline 0.006 -13"><span class='ocrx_word' id='word_1_279' title='bbox 68 1286 153 1320; x_wconf 73' lang='grc' dir='ltr'>σμιῖησ,</span> <span class='ocrx_word' id='word_1_280' title='bbox 169 1287 207 1322; x_wconf 86' lang='grc' dir='ltr'>τῷ</span> <span class='ocrx_word' id='word_1_281' title='bbox 222 1288 321 1323; x_wconf 83' lang='grc' dir='ltr'><strong>μέχρις</strong></span> <span class='ocrx_word' id='word_1_282' title='bbox 338 1287 401 1322; x_wconf 72' lang='grc' dir='ltr'>ᾅδου</span> <span class='ocrx_word' id='word_1_283' title='bbox 416 1289 592 1324; x_wconf 77' lang='grc' dir='ltr'><strong>πεποιημένῳ</strong></span> <span class='ocrx_word' id='word_1_284' title='bbox 609 1289 656 1325; x_wconf 81' lang='grc' dir='ltr'>τὴν</span> <span class='ocrx_word' id='word_1_285' title='bbox 668 1290 790 1317; x_wconf 74' lang='grc' dir='ltr'>κάθοδον.</span> <span class='ocrx_word' id='word_1_286' title='bbox 805 1293 852 1317; x_wconf 83' lang='lat' dir='ltr'><strong>Ta—</strong></span> 
     </span>
    </p>
   </div>
   <div class='ocr_carea' id='block_1_44' title="bbox 66 1332 851 1371">
    <p class='ocr_par' dir='ltr' id='par_1_44' title="bbox 66 1332 851 1371">
     <span class='ocr_line' id='line_1_44' title="bbox 66 1332 851 1371; baseline 0.005 -12"><span class='ocrx_word' id='word_1_287' title='bbox 66 1332 254 1367; x_wconf 77' lang='grc' dir='ltr'>ραχθήτωσαν</span> <span class='ocrx_word' id='word_1_288' title='bbox 267 1333 328 1361; x_wconf 77' lang='grc' dir='ltr'><strong>ἀπὸ</strong></span> <span class='ocrx_word' id='word_1_289' title='bbox 342 1334 504 1367; x_wconf 78' lang='grc' dir='ltr'>προσώπου</span> <span class='ocrx_word' id='word_1_290' title='bbox 524 1334 627 1362; x_wconf 82' lang='grc' dir='ltr'>αὐτοῦ.</span> <span class='ocrx_word' id='word_1_291' title='bbox 662 1337 702 1362; x_wconf 81' lang='grc' dir='ltr'><strong>Τὰ</strong></span> <span class='ocrx_word' id='word_1_292' title='bbox 717 1336 779 1371; x_wconf 70' lang='grc' dir='ltr'>ἔθνη</span> <span class='ocrx_word' id='word_1_293' title='bbox 797 1337 851 1363; x_wconf 74' lang='grc' dir='ltr'><strong>τῶν</strong></span> 
     </span>
    </p>
   </div>
   <div class='ocr_carea' id='block_1_45' title="bbox 67 1374 848 1415">
    <p class='ocr_par' dir='ltr' id='par_1_45' title="bbox 67 1374 848 1415">
     <span class='ocr_line' id='line_1_45' title="bbox 67 1374 848 1415; baseline 0.008 -13"><span class='ocrx_word' id='word_1_294' title='bbox 67 1374 188 1411; x_wconf 81' lang='grc' dir='ltr'>δαιμόνων</span> <span class='ocrx_word' id='word_1_295' title='bbox 211 1377 344 1413; x_wconf 84' lang='grc' dir='ltr'>δηλονότι.</span> <span class='ocrx_word' id='word_1_296' title='bbox 373 1378 428 1404; x_wconf 85' lang='grc' dir='ltr'><strong>Τοῦ</strong></span> <span class='ocrx_word' id='word_1_297' title='bbox 442 1379 555 1413; x_wconf 77' lang='grc' dir='ltr'>πατρὸς</span> <span class='ocrx_word' id='word_1_298' title='bbox 569 1379 708 1414; x_wconf 59' lang='grc' dir='ltr'>ὀρφανῶν</span> <span class='ocrx_word' id='word_1_299' title='bbox 722 1381 770 1407; x_wconf 77' lang='grc' dir='ltr'>καὶ</span> <span class='ocrx_word' id='word_1_300' title='bbox 789 1390 848 1415; x_wconf 78' lang='grc' dir='ltr'>κρι-</span> 
     </span>
    </p>
   </div>
   <div class='ocr_carea' id='block_1_46' title="bbox 67 1422 851 1462">
    <p class='ocr_par' dir='ltr' id='par_1_46' title="bbox 67 1422 851 1462">
     <span class='ocr_line' id='line_1_46' title="bbox 67 1422 851 1462; baseline 0.006 -14"><span class='ocrx_word' id='word_1_301' title='bbox 67 1422 113 1449; x_wconf 84' lang='grc' dir='ltr'>τοῦ</span> <span class='ocrx_word' id='word_1_302' title='bbox 127 1422 183 1449; x_wconf 81' lang='grc' dir='ltr'><strong>τῶν</strong></span> <span class='ocrx_word' id='word_1_303' title='bbox 197 1423 309 1458; x_wconf 78' lang='grc' dir='ltr'><strong>χηρῶν.</strong></span> <span class='ocrx_word' id='word_1_304' title='bbox 332 1424 473 1460; x_wconf 81' lang='grc' dir='ltr'>Ὀρφανῶν</span> <span class='ocrx_word' id='word_1_305' title='bbox 489 1425 538 1460; x_wconf 85' lang='grc' dir='ltr'><strong>μὲν</strong></span> <span class='ocrx_word' id='word_1_306' title='bbox 555 1426 609 1452; x_wconf 80' lang='grc' dir='ltr'>τῶν</span> <span class='ocrx_word' id='word_1_307' title='bbox 625 1427 851 1462; x_wconf 82' lang='grc' dir='ltr'>ἀπροστατεύτων</span> 
     </span>
    </p>
   </div>
   <div class='ocr_carea' id='block_1_47' title="bbox 67 1467 852 1508">
    <p class='ocr_par' dir='ltr' id='par_1_47' title="bbox 67 1467 852 1508">
     <span class='ocr_line' id='line_1_47' title="bbox 67 1467 852 1508; baseline 0.006 -14"><span class='ocrx_word' id='word_1_308' title='bbox 67 1467 140 1502; x_wconf 79' lang='grc' dir='ltr'>λέγει,</span> <span class='ocrx_word' id='word_1_309' title='bbox 151 1469 241 1505; x_wconf 84' lang='grc' dir='ltr'>χηρῶν</span> <span class='ocrx_word' id='word_1_310' title='bbox 255 1470 284 1496; x_wconf 78' lang='grc' dir='ltr'>δὲ</span> <span class='ocrx_word' id='word_1_311' title='bbox 298 1470 352 1496; x_wconf 86' lang='grc' dir='ltr'>τῶν</span> <span class='ocrx_word' id='word_1_312' title='bbox 363 1470 466 1506; x_wconf 80' lang='grc' dir='ltr'><strong>ψυχῶν,</strong></span> <span class='ocrx_word' id='word_1_313' title='bbox 478 1471 532 1498; x_wconf 83' lang='grc' dir='ltr'><strong>τῶν</strong></span> <span class='ocrx_word' id='word_1_314' title='bbox 547 1472 583 1507; x_wconf 82' lang='grc' dir='ltr'><strong>μὴ</strong></span> <span class='ocrx_word' id='word_1_315' title='bbox 596 1472 714 1507; x_wconf 76' lang='grc' dir='ltr'>ἐχουσῶν</span> <span class='ocrx_word' id='word_1_316' title='bbox 726 1473 771 1499; x_wconf 78' lang='grc' dir='ltr'>τὸν</span> <span class='ocrx_word' id='word_1_317' title='bbox 787 1482 852 1508; x_wconf 83' lang='grc' dir='ltr'>νυμ-</span> 
     </span>
    </p>
   </div>
   <div class='ocr_carea' id='block_1_48' title="bbox 67 1514 883 1554">
    <p class='ocr_par' dir='ltr' id='par_1_48' title="bbox 67 1514 883 1554">
     <span class='ocr_line' id='line_1_48' title="bbox 67 1514 883 1554; baseline 0.007 -14"><span class='ocrx_word' id='word_1_318' title='bbox 67 1514 120 1547; x_wconf 55' lang='grc' dir='ltr'>σίον</span> <span class='ocrx_word' id='word_1_319' title='bbox 134 1516 226 1550; x_wconf 87' lang='grc' dir='ltr'>Λόγον.</span> <span class='ocrx_word' id='word_1_320' title='bbox 256 1517 417 1553; x_wconf 81' lang='grc' dir='ltr'>Προστάτης</span> <span class='ocrx_word' id='word_1_321' title='bbox 439 1517 493 1554; x_wconf 85' lang='grc' dir='ltr'>γάρ</span> <span class='ocrx_word' id='word_1_322' title='bbox 514 1519 573 1544; x_wconf 78' lang='grc' dir='ltr'>ἐστι</span> <span class='ocrx_word' id='word_1_323' title='bbox 597 1519 651 1545; x_wconf 88' lang='grc' dir='ltr'>τῶν</span> <span class='ocrx_word' id='word_1_324' title='bbox 665 1519 786 1545; x_wconf 79' lang='grc' dir='ltr'>ἀσθενῶν</span> <span class='ocrx_word' id='word_1_325' title='bbox 803 1521 848 1546; x_wconf 74' lang='grc' dir='ltr'>καὶ</span> <span class='ocrx_word' id='word_1_326' title='bbox 863 1527 883 1554; x_wconf 78' lang='lat' dir='ltr'>C</span> 
     </span>
    </p>
   </div>
   <div class='ocr_carea' id='block_1_49' title="bbox 67 1558 848 1599">
    <p class='ocr_par' dir='ltr' id='par_1_49' title="bbox 67 1558 848 1599">
     <span class='ocr_line' id='line_1_49' title="bbox 67 1558 848 1599; baseline 0.008 -14"><span class='ocrx_word' id='word_1_327' title='bbox 67 1558 109 1594; x_wconf 80' lang='grc' dir='ltr'>τὴν</span> <span class='ocrx_word' id='word_1_328' title='bbox 122 1559 292 1597; x_wconf 79' lang='grc' dir='ltr'>ἀνθρωπίνην</span> <span class='ocrx_word' id='word_1_329' title='bbox 309 1562 358 1588; x_wconf 73' lang='grc' dir='ltr'>οὐκ</span> <span class='ocrx_word' id='word_1_330' title='bbox 374 1563 490 1597; x_wconf 80' lang='grc' dir='ltr'>ἐχόντων</span> <span class='ocrx_word' id='word_1_331' title='bbox 511 1563 654 1599; x_wconf 80' lang='grc' dir='ltr'>βοήθειαν,</span> <span class='ocrx_word' id='word_1_332' title='bbox 679 1562 734 1590; x_wconf 77' lang='grc' dir='ltr'>οἷον</span> <span class='ocrx_word' id='word_1_333' title='bbox 759 1565 848 1599; x_wconf 72' lang='grc' dir='ltr'>ἡμεῖς.</span> 
     </span>
    </p>
   </div>
   <div class='ocr_carea' id='block_1_50' title="bbox 69 1602 393 1639">
    <p class='ocr_par' dir='ltr' id='par_1_50' title="bbox 69 1602 393 1639">
     <span class='ocr_line' id='line_1_50' title="bbox 69 1602 393 1639; baseline 0.009 -10"><span class='ocrx_word' id='word_1_334' title='bbox 69 1603 111 1635; x_wconf 84' lang='grc' dir='ltr'>Τίς</span> <span class='ocrx_word' id='word_1_335' title='bbox 122 1604 149 1631; x_wconf 79' lang='grc' dir='ltr'>δὲ</span> <span class='ocrx_word' id='word_1_336' title='bbox 164 1602 241 1637; x_wconf 74' lang='grc' dir='ltr'>οὗτος</span> <span class='ocrx_word' id='word_1_337' title='bbox 257 1606 307 1632; x_wconf 77' lang='grc' dir='ltr'><strong>καὶ</strong></span> <span class='ocrx_word' id='word_1_338' title='bbox 319 1604 374 1638; x_wconf 82' lang='grc' dir='ltr'>οἷος</span> <span class='ocrx_word' id='word_1_339' title='bbox 386 1615 393 1639; x_wconf 90' lang='grc'>;</span> 
     </span>
    </p>
   </div>
   <div class='ocr_carea' id='block_1_51' title="bbox 102 1649 849 1689">
    <p class='ocr_par' dir='ltr' id='par_1_51' title="bbox 102 1649 849 1689">
     <span class='ocr_line' id='line_1_51' title="bbox 102 1649 849 1689; baseline 0.005 -12"><span class='ocrx_word' id='word_1_340' title='bbox 102 1649 131 1676; x_wconf 90' lang='lat'><strong>&#39;0</strong></span> <span class='ocrx_word' id='word_1_341' title='bbox 142 1651 210 1684; x_wconf 73' lang='grc' dir='ltr'>Θεὸς</span> <span class='ocrx_word' id='word_1_342' title='bbox 224 1652 259 1678; x_wconf 81' lang='grc' dir='ltr'><strong>ὲν</strong></span> <span class='ocrx_word' id='word_1_343' title='bbox 273 1652 354 1685; x_wconf 79' lang='grc' dir='ltr'>τόπῳ</span> <span class='ocrx_word' id='word_1_344' title='bbox 367 1653 439 1688; x_wconf 72' lang='grc' dir='ltr'><strong>ἁγίῳ</strong></span> <span class='ocrx_word' id='word_1_345' title='bbox 455 1652 560 1680; x_wconf 85' lang='grc' dir='ltr'>αὑτοῦ.</span> <span class='ocrx_word' id='word_1_346' title='bbox 583 1654 691 1689; x_wconf 83' lang='grc' dir='ltr'>Ἐπειδὴ</span> <span class='ocrx_word' id='word_1_347' title='bbox 709 1653 784 1681; x_wconf 79' lang='grc' dir='ltr'>εἶπεν</span> <span class='ocrx_word' id='word_1_348' title='bbox 801 1655 849 1681; x_wconf 76' lang='grc' dir='ltr'><strong>αὺ-</strong></span> 
     </span>
    </p>
   </div>
   <div class='ocr_carea' id='block_1_52' title="bbox 67 1694 850 1736">
    <p class='ocr_par' dir='ltr' id='par_1_52' title="bbox 67 1694 850 1736">
     <span class='ocr_line' id='line_1_52' title="bbox 67 1694 850 1736; baseline 0.008 -15"><span class='ocrx_word' id='word_1_349' title='bbox 67 1694 106 1721; x_wconf 81' lang='grc' dir='ltr'><strong>τδν</strong></span> <span class='ocrx_word' id='word_1_350' title='bbox 121 1696 301 1732; x_wconf 70' lang='grc' dir='ltr'>ἐπιϐεϐηκότα</span> <span class='ocrx_word' id='word_1_351' title='bbox 322 1699 382 1729; x_wconf 89' lang='grc' dir='ltr'>ταῖς</span> <span class='ocrx_word' id='word_1_352' title='bbox 398 1697 531 1733; x_wconf 81' lang='grc' dir='ltr'>δυσμαῖς.</span> <span class='ocrx_word' id='word_1_353' title='bbox 552 1701 676 1726; x_wconf 84' lang='grc' dir='ltr'>τουτέστι</span> <span class='ocrx_word' id='word_1_354' title='bbox 694 1700 775 1736; x_wconf 76' lang='grc' dir='ltr'>μέχρι</span> <span class='ocrx_word' id='word_1_355' title='bbox 796 1701 850 1727; x_wconf 84' lang='grc' dir='ltr'><strong>τῶν</strong></span> 
     </span>
    </p>
   </div>
   <div class='ocr_carea' id='block_1_53' title="bbox 68 1739 851 1782">
    <p class='ocr_par' dir='ltr' id='par_1_53' title="bbox 68 1739 851 1782">
     <span class='ocr_line' id='line_1_53' title="bbox 68 1739 851 1782; baseline 0.008 -15"><span class='ocrx_word' id='word_1_356' title='bbox 68 1739 123 1775; x_wconf 72' lang='grc' dir='ltr'>ᾆδον</span> <span class='ocrx_word' id='word_1_357' title='bbox 140 1742 230 1778; x_wconf 84' lang='grc' dir='ltr'>μυχῶν</span> <span class='ocrx_word' id='word_1_358' title='bbox 241 1764 249 1776; x_wconf 86' lang='grc'><em>,</em></span> <span class='ocrx_word' id='word_1_359' title='bbox 269 1741 391 1770; x_wconf 78' lang='grc' dir='ltr'>διδάσκει</span> <span class='ocrx_word' id='word_1_360' title='bbox 408 1744 489 1771; x_wconf 79' lang='grc' dir='ltr'>πάλιν</span> <span class='ocrx_word' id='word_1_361' title='bbox 499 1765 506 1777; x_wconf 84' lang='grc'><em>,</em></span> <span class='ocrx_word' id='word_1_362' title='bbox 521 1745 559 1777; x_wconf 87' lang='grc' dir='ltr'>ὡς</span> <span class='ocrx_word' id='word_1_363' title='bbox 581 1745 700 1772; x_wconf 86' lang='grc' dir='ltr'>ἀνελθὼν</span> <span class='ocrx_word' id='word_1_364' title='bbox 712 1747 752 1777; x_wconf 83' lang='grc' dir='ltr'>εἰς</span> <span class='ocrx_word' id='word_1_365' title='bbox 768 1747 851 1782; x_wconf 82' lang='grc' dir='ltr'>οὐρα-</span> 
     </span>
    </p>
   </div>
   <div class='ocr_carea' id='block_1_54' title="bbox 68 1786 849 1827">
    <p class='ocr_par' dir='ltr' id='par_1_54' title="bbox 68 1786 849 1827">
     <span class='ocr_line' id='line_1_54' title="bbox 68 1786 849 1827; baseline 0.008 -15"><span class='ocrx_word' id='word_1_366' title='bbox 68 1786 120 1817; x_wconf 72' lang='grc' dir='ltr'>νοὺς</span> <span class='ocrx_word' id='word_1_367' title='bbox 134 1787 161 1814; x_wconf 80' lang='grc' dir='ltr'>ὲν</span> <span class='ocrx_word' id='word_1_368' title='bbox 174 1789 229 1819; x_wconf 86' lang='grc' dir='ltr'>τοῖς</span> <span class='ocrx_word' id='word_1_369' title='bbox 245 1788 322 1820; x_wconf 76' lang='grc' dir='ltr'>ἰδίοις</span> <span class='ocrx_word' id='word_1_370' title='bbox 341 1789 433 1822; x_wconf 75' lang='grc' dir='ltr'>γέγονε</span> <span class='ocrx_word' id='word_1_371' title='bbox 448 1790 558 1821; x_wconf 84' lang='grc' dir='ltr'>τόποις·</span> <span class='ocrx_word' id='word_1_372' title='bbox 574 1791 598 1817; x_wconf 84' lang='grc' dir='ltr'>εἰ</span> <span class='ocrx_word' id='word_1_373' title='bbox 622 1791 669 1817; x_wconf 77' lang='grc' dir='ltr'>καὶ</span> <span class='ocrx_word' id='word_1_374' title='bbox 684 1791 718 1817; x_wconf 85' lang='grc' dir='ltr'><strong>τὰ</strong></span> <span class='ocrx_word' id='word_1_375' title='bbox 734 1791 849 1827; x_wconf 78' lang='grc' dir='ltr'>μάλιστα</span> 
     </span>
    </p>
   </div>
   <div class='ocr_carea' id='block_1_55' title="bbox 68 1829 845 1872">
    <p class='ocr_par' dir='ltr' id='par_1_55' title="bbox 68 1829 845 1872">
     <span class='ocr_line' id='line_1_55' title="bbox 68 1829 845 1872; baseline 0.009 -16"><span class='ocrx_word' id='word_1_376' title='bbox 68 1829 181 1858; x_wconf 78' lang='grc' dir='ltr'>οὐδέποτε</span> <span class='ocrx_word' id='word_1_377' title='bbox 203 1833 365 1869; x_wconf 66' lang='grc' dir='ltr'>ἀφειστήκει</span> <span class='ocrx_word' id='word_1_378' title='bbox 381 1835 470 1861; x_wconf 79' lang='grc' dir='ltr'>αὐτῶν</span> <span class='ocrx_word' id='word_1_379' title='bbox 484 1837 518 1871; x_wconf 85' lang='grc' dir='ltr'>τῇ</span> <span class='ocrx_word' id='word_1_380' title='bbox 533 1836 582 1871; x_wconf 85' lang='grc' dir='ltr'>τῆς</span> <span class='ocrx_word' id='word_1_381' title='bbox 606 1836 732 1872; x_wconf 85' lang='grc' dir='ltr'>θεότητος</span> <span class='ocrx_word' id='word_1_382' title='bbox 758 1837 845 1872; x_wconf 82' lang='grc' dir='ltr'>φύσει.</span> 
     </span>
    </p>
   </div>
   <div class='ocr_carea' id='block_1_56' title="bbox 73 1874 848 1914">
    <p class='ocr_par' dir='ltr' id='par_1_56' title="bbox 73 1874 848 1914">
     <span class='ocr_line' id='line_1_56' title="bbox 73 1874 848 1914; baseline 0.01 -13"><span class='ocrx_word' id='word_1_383' title='bbox 73 1874 100 1900; x_wconf 91' lang='lat'><strong>&#39;0</strong></span> <span class='ocrx_word' id='word_1_384' title='bbox 115 1877 180 1910; x_wconf 75' lang='grc' dir='ltr'>Θεὸς</span> <span class='ocrx_word' id='word_1_385' title='bbox 203 1878 360 1909; x_wconf 73' lang='grc' dir='ltr'>κατοικίζει</span> <span class='ocrx_word' id='word_1_386' title='bbox 372 1881 579 1914; x_wconf 80' lang='grc' dir='ltr'>μονοτρόπους</span> <span class='ocrx_word' id='word_1_387' title='bbox 594 1881 630 1908; x_wconf 87' lang='grc' dir='ltr'><strong>ἐν</strong></span> <span class='ocrx_word' id='word_1_388' title='bbox 644 1881 725 1914; x_wconf 73' lang='grc' dir='ltr'>οἴκῳ.</span> <span class='ocrx_word' id='word_1_389' title='bbox 760 1883 848 1908; x_wconf 86' lang='grc' dir='ltr'>Μονο-</span> 
     </span>
    </p>
   </div>
   <div class='ocr_carea' id='block_1_57' title="bbox 68 1922 848 1964">
    <p class='ocr_par' dir='ltr' id='par_1_57' title="bbox 68 1922 848 1964">
     <span class='ocr_line' id='line_1_57' title="bbox 68 1922 848 1964; baseline 0.009 -16"><span class='ocrx_word' id='word_1_390' title='bbox 68 1922 170 1957; x_wconf 75' lang='grc' dir='ltr'>τρότωυς</span> <span class='ocrx_word' id='word_1_391' title='bbox 182 1926 247 1960; x_wconf 74' lang='grc' dir='ltr'>φησὶ</span> <span class='ocrx_word' id='word_1_392' title='bbox 258 1925 321 1957; x_wconf 80' lang='grc' dir='ltr'>τοὺς</span> <span class='ocrx_word' id='word_1_393' title='bbox 331 1926 406 1961; x_wconf 77' lang='grc' dir='ltr'>αὐτῷ</span> <span class='ocrx_word' id='word_1_394' title='bbox 416 1927 463 1953; x_wconf 67' lang='grc' dir='ltr'><strong>καὶ</strong></span> <span class='ocrx_word' id='word_1_395' title='bbox 476 1927 549 1962; x_wconf 82' lang='grc' dir='ltr'>μόνῳ</span> <span class='ocrx_word' id='word_1_396' title='bbox 560 1927 706 1960; x_wconf 79' lang='grc' dir='ltr'>ἀναθέντας</span> <span class='ocrx_word' id='word_1_397' title='bbox 718 1927 767 1964; x_wconf 79' lang='grc' dir='ltr'>τὴν</span> <span class='ocrx_word' id='word_1_398' title='bbox 781 1928 848 1955; x_wconf 84' lang='grc' dir='ltr'>ἰδίαν</span> 
     </span>
    </p>
   </div>
   <div class='ocr_carea' id='block_1_58' title="bbox 70 1968 847 2010">
    <p class='ocr_par' dir='ltr' id='par_1_58' title="bbox 70 1968 847 2010">
     <span class='ocr_line' id='line_1_58' title="bbox 70 1968 847 2010; baseline 0.009 -15"><span class='ocrx_word' id='word_1_399' title='bbox 70 1968 141 2006; x_wconf 78' lang='grc' dir='ltr'>ζωὴν,</span> <span class='ocrx_word' id='word_1_400' title='bbox 155 1973 200 1998; x_wconf 77' lang='grc' dir='ltr'>καὶ</span> <span class='ocrx_word' id='word_1_401' title='bbox 214 1973 306 2008; x_wconf 74' lang='grc' dir='ltr'>πάσης</span> <span class='ocrx_word' id='word_1_402' title='bbox 321 1973 479 2008; x_wconf 68' lang='grc' dir='ltr'>διχοψυχίας</span> <span class='ocrx_word' id='word_1_403' title='bbox 492 1974 538 2001; x_wconf 72' lang='grc' dir='ltr'>καὶ</span> <span class='ocrx_word' id='word_1_404' title='bbox 555 1974 690 2010; x_wconf 80' lang='grc' dir='ltr'>κοσμικῆς</span> <span class='ocrx_word' id='word_1_405' title='bbox 702 1975 847 2010; x_wconf 81' lang='grc' dir='ltr'>ἐπιθυμίας</span> 
     </span>
    </p>
   </div>
   <div class='ocr_carea' id='block_1_59' title="bbox 70 2015 847 2057">
    <p class='ocr_par' dir='ltr' id='par_1_59' title="bbox 70 2015 847 2057">
     <span class='ocr_line' id='line_1_59' title="bbox 70 2015 847 2057; baseline 0.009 -16"><span class='ocrx_word' id='word_1_406' title='bbox 70 2015 141 2051; x_wconf 74' lang='grc' dir='ltr'>αὐτὴν</span> <span class='ocrx_word' id='word_1_407' title='bbox 149 2017 391 2053; x_wconf 75' lang='grc' dir='ltr'>ἀλλοτριώσαντας.</span> <span class='ocrx_word' id='word_1_408' title='bbox 404 2019 519 2051; x_wconf 82' lang='grc' dir='ltr'>Τούτους</span> <span class='ocrx_word' id='word_1_409' title='bbox 529 2020 560 2056; x_wconf 84' lang='grc' dir='ltr'>δὴ</span> <span class='ocrx_word' id='word_1_410' title='bbox 574 2018 620 2047; x_wconf 85' lang='grc' dir='ltr'>οὖν</span> <span class='ocrx_word' id='word_1_411' title='bbox 634 2022 680 2047; x_wconf 74' lang='grc' dir='ltr'>καὶ</span> <span class='ocrx_word' id='word_1_412' title='bbox 691 2022 720 2047; x_wconf 85' lang='grc' dir='ltr'>ὲν</span> <span class='ocrx_word' id='word_1_413' title='bbox 733 2021 771 2056; x_wconf 84' lang='grc' dir='ltr'>τῷ</span> <span class='ocrx_word' id='word_1_414' title='bbox 782 2021 847 2057; x_wconf 79' lang='grc' dir='ltr'><strong>οἴκῳ</strong></span> 
     </span>
    </p>
   </div>
   <div class='ocr_carea' id='block_1_60' title="bbox 71 2062 846 2100">
    <p class='ocr_par' dir='ltr' id='par_1_60' title="bbox 71 2062 846 2100">
     <span class='ocr_line' id='line_1_60' title="bbox 71 2062 846 2100; baseline 0.008 -13"><span class='ocrx_word' id='word_1_415' title='bbox 71 2062 140 2088; x_wconf 67' lang='grc' dir='ltr'>αὑτοῦ</span> <span class='ocrx_word' id='word_1_416' title='bbox 156 2065 186 2099; x_wconf 85' lang='grc' dir='ltr'>τῇ</span> <span class='ocrx_word' id='word_1_417' title='bbox 202 2065 357 2100; x_wconf 80' lang='grc' dir='ltr'>ἐπουρανίῳ</span> <span class='ocrx_word' id='word_1_418' title='bbox 372 2065 447 2091; x_wconf 81' lang='grc' dir='ltr'>πόλει</span> <span class='ocrx_word' id='word_1_419' title='bbox 461 2066 625 2098; x_wconf 74' lang='grc' dir='ltr'>κατοικίζειν</span> <span class='ocrx_word' id='word_1_420' title='bbox 637 2067 846 2100; x_wconf 79' lang='grc' dir='ltr'>ἐπαγγέλλεται.</span> 
     </span>
    </p>
   </div>
   <div class='ocr_carea' id='block_1_61' title="bbox 76 2107 847 2147">
    <p class='ocr_par' dir='ltr' id='par_1_61' title="bbox 76 2107 847 2147">
     <span class='ocr_line' id='line_1_61' title="bbox 76 2107 847 2147; baseline 0.006 -13"><span class='ocrx_word' id='word_1_421' title='bbox 76 2107 192 2143; x_wconf 65' lang='grc' dir='ltr'>Ἐξάγων</span> <span class='ocrx_word' id='word_1_422' title='bbox 212 2110 437 2145; x_wconf 74' lang='grc' dir='ltr'>πεπεδημένους</span> <span class='ocrx_word' id='word_1_423' title='bbox 460 2112 495 2138; x_wconf 77' lang='grc' dir='ltr'><strong>ἐν</strong></span> <span class='ocrx_word' id='word_1_424' title='bbox 516 2112 645 2146; x_wconf 74' lang='grc' dir='ltr'>ἀνδρείᾳ.</span> <span class='ocrx_word' id='word_1_425' title='bbox 680 2114 792 2147; x_wconf 88' lang='grc' dir='ltr'>Ὅμοιον</span> <span class='ocrx_word' id='word_1_426' title='bbox 808 2113 847 2147; x_wconf 84' lang='grc' dir='ltr'><strong>τῷ</strong></span> 
     </span>
    </p>
   </div>
   <div class='ocr_carea' id='block_1_62' title="bbox 72 2154 847 2192">
    <p class='ocr_par' dir='ltr' id='par_1_62' title="bbox 72 2154 847 2192">
     <span class='ocr_line' id='line_1_62' title="bbox 72 2154 847 2192; baseline 0.006 -12"><span class='ocrx_word' id='word_1_427' title='bbox 72 2154 208 2190; x_wconf 69' lang='grc' dir='ltr'>εἰρημένῳ·</span> <span class='ocrx_word' id='word_1_428' title='bbox 230 2156 294 2189; x_wconf 68' lang='grc' dir='ltr'>Τοῖς</span> <span class='ocrx_word' id='word_1_429' title='bbox 308 2157 343 2182; x_wconf 77' lang='grc' dir='ltr'><strong>ἐν</strong></span> <span class='ocrx_word' id='word_1_430' title='bbox 354 2157 474 2192; x_wconf 73' lang='grc' dir='ltr'>δεσμοῖς</span> <span class='ocrx_word' id='word_1_431' title='bbox 485 2177 492 2189; x_wconf 91' lang='grc'><em>,</em></span> <span class='ocrx_word' id='word_1_432' title='bbox 507 2158 643 2189; x_wconf 74' lang='grc' dir='ltr'><strong>ἐξέλθετε</strong></span> <span class='ocrx_word' id='word_1_433' title='bbox 653 2167 659 2173; x_wconf 94' lang='grc'><strong>·</strong></span> <span class='ocrx_word' id='word_1_434' title='bbox 674 2158 722 2184; x_wconf 75' lang='grc' dir='ltr'>καὶ</span> <span class='ocrx_word' id='word_1_435' title='bbox 735 2158 797 2191; x_wconf 79' lang='grc' dir='ltr'>τοῖς</span> <span class='ocrx_word' id='word_1_436' title='bbox 812 2159 847 2185; x_wconf 77' lang='grc' dir='ltr'><strong>ἐν</strong></span> 
     </span>
    </p>
   </div>
   <div class='ocr_carea' id='block_1_63' title="bbox 905 920 1691 955">
    <p class='ocr_par' dir='ltr' id='par_1_63' title="bbox 905 920 1691 955">
     <span class='ocr_line' id='line_1_63' title="bbox 905 920 1691 955; baseline -0.004 -6"><span class='ocrx_word' id='word_1_437' title='bbox 905 922 951 949; x_wconf 85' lang='lat' dir='ltr'><strong>Dei</strong></span> <span class='ocrx_word' id='word_1_438' title='bbox 967 922 1000 949; x_wconf 88' lang='lat' dir='ltr'><strong>ad</strong></span> <span class='ocrx_word' id='word_1_439' title='bbox 1022 920 1188 955; x_wconf 79' lang='lat' dir='ltr'><strong>judicantlos</strong></span> <span class='ocrx_word' id='word_1_440' title='bbox 1206 921 1328 954; x_wconf 88' lang='lat' dir='ltr'><strong>impuros</strong></span> <span class='ocrx_word' id='word_1_441' title='bbox 1343 922 1481 947; x_wconf 65' lang='lat' dir='ltr'><strong>daemones</strong></span> <span class='ocrx_word' id='word_1_442' title='bbox 1500 924 1590 947; x_wconf 87' lang='lat' dir='ltr'><strong>motus</strong></span> <span class='ocrx_word' id='word_1_443' title='bbox 1607 921 1691 955; x_wconf 70' lang='lat' dir='ltr'><strong>signi-</strong></span> 
     </span>
    </p>
   </div>
   <div class='ocr_carea' id='block_1_64' title="bbox 904 965 1692 1001">
    <p class='ocr_par' dir='ltr' id='par_1_64' title="bbox 904 965 1692 1001">
     <span class='ocr_line' id='line_1_64' title="bbox 904 965 1692 1001; baseline -0.001 -7"><span class='ocrx_word' id='word_1_444' title='bbox 904 968 1011 994; x_wconf 82' lang='lat' dir='ltr'><strong>ﬁcatur.</strong></span> <span class='ocrx_word' id='word_1_445' title='bbox 1026 965 1094 992; x_wconf 89' lang='lat' dir='ltr'><strong>Nam</strong></span> <span class='ocrx_word' id='word_1_446' title='bbox 1108 965 1167 1000; x_wconf 77' lang='lat' dir='ltr'><strong>ejus</strong></span> <span class='ocrx_word' id='word_1_447' title='bbox 1180 966 1297 992; x_wconf 82' lang='lat' dir='ltr'><strong>adventu</strong></span> <span class='ocrx_word' id='word_1_448' title='bbox 1313 974 1328 992; x_wconf 79' lang='grc' dir='ltr'>ιι</span> <span class='ocrx_word' id='word_1_449' title='bbox 1344 965 1487 1001; x_wconf 78' lang='lat' dir='ltr'><strong>tyrannide</strong></span> <span class='ocrx_word' id='word_1_450' title='bbox 1500 974 1553 1001; x_wconf 85' lang='lat' dir='ltr'><strong>qua</strong></span> <span class='ocrx_word' id='word_1_451' title='bbox 1568 966 1692 994; x_wconf 87' lang='lat' dir='ltr'><strong>homines</strong></span> 
     </span>
    </p>
   </div>
   <div class='ocr_carea' id='block_1_65' title="bbox 904 1012 1308 1048">
    <p class='ocr_par' dir='ltr' id='par_1_65' title="bbox 904 1012 1308 1048">
     <span class='ocr_line' id='line_1_65' title="bbox 904 1012 1308 1048; baseline -0.005 -8"><span class='ocrx_word' id='word_1_452' title='bbox 904 1012 1094 1048; x_wconf 82' lang='lat' dir='ltr'><strong>opprimebant</strong></span> <span class='ocrx_word' id='word_1_453' title='bbox 1113 1012 1218 1046; x_wconf 81' lang='lat' dir='ltr'><strong>expulsi</strong></span> <span class='ocrx_word' id='word_1_454' title='bbox 1234 1016 1308 1038; x_wconf 83' lang='lat' dir='ltr'><strong>sunt.</strong></span> 
     </span>
    </p>
   </div>
   <div class='ocr_carea' id='block_1_66' title="bbox 938 1100 1689 1142">
    <p class='ocr_par' dir='ltr' id='par_1_66' title="bbox 938 1100 1689 1142">
     <span class='ocr_line' id='line_1_66' title="bbox 938 1100 1689 1142; baseline 0.001 -14"><span class='ocrx_word' id='word_1_455' title='bbox 938 1101 965 1134; x_wconf 82' lang='lat'><strong>5,</strong></span> <span class='ocrx_word' id='word_1_456' title='bbox 980 1100 1006 1128; x_wconf 84' lang='lat'><strong>6.</strong></span> <span class='ocrx_word' id='word_1_457' title='bbox 1035 1100 1091 1127; x_wconf 83' lang='lat' dir='ltr'><strong>Iter</strong></span> <span class='ocrx_word' id='word_1_458' title='bbox 1108 1100 1188 1135; x_wconf 76' lang='lat' dir='ltr'><strong>fat-ite</strong></span> <span class='ocrx_word' id='word_1_459' title='bbox 1212 1102 1235 1128; x_wconf 82' lang='lat' dir='ltr'><strong>ci</strong></span> <span class='ocrx_word' id='word_1_460' title='bbox 1257 1102 1302 1142; x_wconf 80' lang='lat' dir='ltr'><strong>qni</strong></span> <span class='ocrx_word' id='word_1_461' title='bbox 1318 1102 1436 1128; x_wconf 81' lang='lat' dir='ltr'><strong>ascendit</strong></span> <span class='ocrx_word' id='word_1_462' title='bbox 1462 1111 1540 1136; x_wconf 80' lang='lat' dir='ltr'><strong>super</strong></span> <span class='ocrx_word' id='word_1_463' title='bbox 1559 1111 1689 1130; x_wconf 77' lang='lat' dir='ltr'><strong>occasum.</strong></span> 
     </span>
    </p>
   </div>
   <div class='ocr_carea' id='block_1_67' title="bbox 902 1146 1692 1183">
    <p class='ocr_par' dir='ltr' id='par_1_67' title="bbox 902 1146 1692 1183">
     <span class='ocr_line' id='line_1_67' title="bbox 902 1146 1692 1183; baseline 0 -10"><span class='ocrx_word' id='word_1_464' title='bbox 902 1146 1000 1178; x_wconf 86' lang='lat' dir='ltr'><strong>Probe,</strong></span> <span class='ocrx_word' id='word_1_465' title='bbox 1016 1147 1115 1181; x_wconf 83' lang='lat' dir='ltr'><strong>inquit,</strong></span> <span class='ocrx_word' id='word_1_466' title='bbox 1133 1147 1219 1181; x_wconf 89' lang='lat' dir='ltr'><strong>parati</strong></span> <span class='ocrx_word' id='word_1_467' title='bbox 1241 1152 1345 1179; x_wconf 78' lang='lat' dir='ltr'><strong>estote,</strong></span> <span class='ocrx_word' id='word_1_468' title='bbox 1365 1152 1393 1174; x_wconf 92' lang='lat' dir='ltr'><strong>ut</strong></span> <span class='ocrx_word' id='word_1_469' title='bbox 1410 1148 1436 1174; x_wconf 96' lang='lat' dir='ltr'><strong>in</strong></span> <span class='ocrx_word' id='word_1_470' title='bbox 1456 1148 1506 1175; x_wconf 72' lang='lat' dir='ltr'><strong>viis</strong></span> <span class='ocrx_word' id='word_1_471' title='bbox 1517 1149 1577 1183; x_wconf 88' lang='lat' dir='ltr'><strong>ejus</strong></span> <span class='ocrx_word' id='word_1_472' title='bbox 1594 1150 1692 1175; x_wconf 75' lang='lat' dir='ltr'><strong>anthn-</strong></span> 
     </span>
    </p>
   </div>
   <div class='ocr_carea' id='block_1_68' title="bbox 903 1192 1689 1228">
    <p class='ocr_par' dir='ltr' id='par_1_68' title="bbox 903 1192 1689 1228">
     <span class='ocr_line' id='line_1_68' title="bbox 903 1192 1689 1228; baseline 0.001 -9"><span class='ocrx_word' id='word_1_473' title='bbox 903 1193 974 1223; x_wconf 85' lang='lat' dir='ltr'><strong>letis,</strong></span> <span class='ocrx_word' id='word_1_474' title='bbox 992 1192 1038 1227; x_wconf 90' lang='lat' dir='ltr'><strong>qui</strong></span> <span class='ocrx_word' id='word_1_475' title='bbox 1057 1194 1083 1219; x_wconf 95' lang='lat' dir='ltr'><strong>in</strong></span> <span class='ocrx_word' id='word_1_476' title='bbox 1103 1193 1253 1220; x_wconf 83' lang='lat' dir='ltr'><strong>novissimo</strong></span> <span class='ocrx_word' id='word_1_477' title='bbox 1276 1198 1428 1227; x_wconf 76' lang='lat' dir='ltr'><strong>temporum</strong></span> <span class='ocrx_word' id='word_1_478' title='bbox 1447 1194 1480 1221; x_wconf 86' lang='lat' dir='ltr'><strong>iis</strong></span> <span class='ocrx_word' id='word_1_479' title='bbox 1495 1195 1542 1228; x_wconf 90' lang='lat' dir='ltr'><strong>qui</strong></span> <span class='ocrx_word' id='word_1_480' title='bbox 1565 1195 1590 1220; x_wconf 95' lang='lat' dir='ltr'><strong>in</strong></span> <span class='ocrx_word' id='word_1_481' title='bbox 1618 1199 1689 1221; x_wconf 80' lang='lat' dir='ltr'><strong>terra</strong></span> 
     </span>
    </p>
   </div>
   <div class='ocr_carea' id='block_1_69' title="bbox 902 1238 1690 1274">
    <p class='ocr_par' dir='ltr' id='par_1_69' title="bbox 902 1238 1690 1274">
     <span class='ocr_line' id='line_1_69' title="bbox 902 1238 1690 1274; baseline 0.001 -10"><span class='ocrx_word' id='word_1_482' title='bbox 902 1238 1035 1273; x_wconf 79' lang='lat' dir='ltr'><strong>degebant</strong></span> <span class='ocrx_word' id='word_1_483' title='bbox 1049 1239 1125 1264; x_wconf 83' lang='lat' dir='ltr'><strong>visus</strong></span> <span class='ocrx_word' id='word_1_484' title='bbox 1146 1243 1188 1265; x_wconf 84' lang='lat' dir='ltr'><strong>est</strong></span> <span class='ocrx_word' id='word_1_485' title='bbox 1209 1239 1234 1264; x_wconf 90' lang='lat' dir='ltr'><strong>in</strong></span> <span class='ocrx_word' id='word_1_486' title='bbox 1254 1246 1347 1265; x_wconf 80' lang='lat' dir='ltr'><strong>carne.</strong></span> <span class='ocrx_word' id='word_1_487' title='bbox 1376 1238 1449 1272; x_wconf 86' lang='lat' dir='ltr'><strong>Aut,</strong></span> <span class='ocrx_word' id='word_1_488' title='bbox 1473 1240 1497 1265; x_wconf 79' lang='lat' dir='ltr'><strong>ei</strong></span> <span class='ocrx_word' id='word_1_489' title='bbox 1513 1240 1558 1274; x_wconf 84' lang='lat' dir='ltr'><strong>qui</strong></span> <span class='ocrx_word' id='word_1_490' title='bbox 1572 1240 1690 1266; x_wconf 72' lang='lat' dir='ltr'><strong>ascendit</strong></span> 
     </span>
    </p>
   </div>
   <div class='ocr_carea' id='block_1_70' title="bbox 902 1285 1692 1318">
    <p class='ocr_par' dir='ltr' id='par_1_70' title="bbox 902 1285 1692 1318">
     <span class='ocr_line' id='line_1_70' title="bbox 902 1285 1692 1318; baseline 0.003 -8"><span class='ocrx_word' id='word_1_491' title='bbox 902 1292 979 1318; x_wconf 81' lang='lat' dir='ltr'><strong>super</strong></span> <span class='ocrx_word' id='word_1_492' title='bbox 1000 1293 1140 1315; x_wconf 81' lang='lat' dir='ltr'><strong>occasum,</strong></span> <span class='ocrx_word' id='word_1_493' title='bbox 1166 1285 1212 1318; x_wconf 88' lang='lat' dir='ltr'><strong>qui</strong></span> <span class='ocrx_word' id='word_1_494' title='bbox 1229 1292 1314 1318; x_wconf 87' lang='lat' dir='ltr'><strong>usque</strong></span> <span class='ocrx_word' id='word_1_495' title='bbox 1337 1285 1368 1311; x_wconf 86' lang='lat' dir='ltr'><strong>ad</strong></span> <span class='ocrx_word' id='word_1_496' title='bbox 1387 1285 1523 1312; x_wconf 74' lang='lat' dir='ltr'><strong>infernum</strong></span> <span class='ocrx_word' id='word_1_497' title='bbox 1545 1285 1692 1312; x_wconf 73' lang='lat' dir='ltr'><strong>dcscmde-</strong></span> 
     </span>
    </p>
   </div>
   <div class='ocr_carea' id='block_1_71' title="bbox 902 1327 1691 1363">
    <p class='ocr_par' dir='ltr' id='par_1_71' title="bbox 902 1327 1691 1363">
     <span class='ocr_line' id='line_1_71' title="bbox 902 1327 1691 1363; baseline 0.004 -9"><span class='ocrx_word' id='word_1_498' title='bbox 902 1333 954 1354; x_wconf 86' lang='lat' dir='ltr'><strong>rat.</strong></span> <span class='ocrx_word' id='word_1_499' title='bbox 974 1327 1123 1354; x_wconf 81' lang='lat' dir='ltr'><strong>Turbentur</strong></span> <span class='ocrx_word' id='word_1_500' title='bbox 1135 1337 1150 1354; x_wconf 87' lang='lat' dir='ltr'><strong>a</strong></span> <span class='ocrx_word' id='word_1_501' title='bbox 1165 1329 1232 1363; x_wconf 72' lang='lat' dir='ltr'><strong>[aria</strong></span> <span class='ocrx_word' id='word_1_502' title='bbox 1245 1329 1312 1363; x_wconf 76' lang='lat' dir='ltr'><strong>ejus.</strong></span> <span class='ocrx_word' id='word_1_503' title='bbox 1342 1329 1500 1356; x_wconf 62' lang='lat' dir='ltr'><strong>Dmtnonum</strong></span> <span class='ocrx_word' id='word_1_504' title='bbox 1515 1331 1619 1357; x_wconf 78' lang='lat' dir='ltr'><strong>scilicet</strong></span> <span class='ocrx_word' id='word_1_505' title='bbox 1632 1335 1691 1357; x_wconf 84' lang='lat' dir='ltr'><strong>tur—</strong></span> 
     </span>
    </p>
   </div>
   <div class='ocr_carea' id='block_1_72' title="bbox 903 1374 1691 1411">
    <p class='ocr_par' dir='ltr' id='par_1_72' title="bbox 903 1374 1691 1411">
     <span class='ocr_line' id='line_1_72' title="bbox 903 1374 1691 1411; baseline 0.004 -11"><span class='ocrx_word' id='word_1_506' title='bbox 903 1374 952 1401; x_wconf 60' lang='lat' dir='ltr'><strong>bat.</strong></span> <span class='ocrx_word' id='word_1_507' title='bbox 972 1374 1063 1401; x_wconf 76' lang='lat' dir='ltr'><strong>Patris</strong></span> <span class='ocrx_word' id='word_1_508' title='bbox 1075 1376 1253 1409; x_wconf 80' lang='lat' dir='ltr'><strong>orpltanorum</strong></span> <span class='ocrx_word' id='word_1_509' title='bbox 1269 1380 1293 1401; x_wconf 84' lang='lat' dir='ltr'><strong>et</strong></span> <span class='ocrx_word' id='word_1_510' title='bbox 1304 1376 1405 1409; x_wconf 80' lang='lat' dir='ltr'><strong>judicis</strong></span> <span class='ocrx_word' id='word_1_511' title='bbox 1417 1377 1568 1402; x_wconf 66' lang='lat' dir='ltr'><strong>viduarum.</strong></span> <span class='ocrx_word' id='word_1_512' title='bbox 1584 1377 1691 1411; x_wconf 87' lang='lat' dir='ltr'><strong>Orpha—</strong></span> 
     </span>
    </p>
   </div>
   <div class='ocr_carea' id='block_1_73' title="bbox 902 1420 1688 1456">
    <p class='ocr_par' dir='ltr' id='par_1_73' title="bbox 902 1420 1688 1456">
     <span class='ocr_line' id='line_1_73' title="bbox 902 1420 1688 1456; baseline 0.003 -10"><span class='ocrx_word' id='word_1_513' title='bbox 902 1427 1000 1446; x_wconf 88' lang='lat' dir='ltr'><strong>norum</strong></span> <span class='ocrx_word' id='word_1_514' title='bbox 1011 1440 1019 1452; x_wconf 86' lang='lat'><strong>,</strong></span> <span class='ocrx_word' id='word_1_515' title='bbox 1034 1420 1060 1447; x_wconf 88' lang='lat' dir='ltr'><strong>id</strong></span> <span class='ocrx_word' id='word_1_516' title='bbox 1073 1426 1129 1453; x_wconf 85' lang='lat' dir='ltr'><strong>est,</strong></span> <span class='ocrx_word' id='word_1_517' title='bbox 1142 1428 1236 1447; x_wconf 86' lang='lat' dir='ltr'><strong>eorum</strong></span> <span class='ocrx_word' id='word_1_518' title='bbox 1252 1422 1352 1454; x_wconf 80' lang='lat' dir='ltr'><strong>quibus</strong></span> <span class='ocrx_word' id='word_1_519' title='bbox 1368 1422 1472 1448; x_wconf 90' lang='lat' dir='ltr'><strong>nullum</strong></span> <span class='ocrx_word' id='word_1_520' title='bbox 1489 1423 1688 1456; x_wconf 84' lang='lat' dir='ltr'><strong>patrocinium;</strong></span> 
     </span>
    </p>
   </div>
   <div class='ocr_carea' id='block_1_74' title="bbox 902 1465 1688 1501">
    <p class='ocr_par' dir='ltr' id='par_1_74' title="bbox 902 1465 1688 1501">
     <span class='ocr_line' id='line_1_74' title="bbox 902 1465 1688 1501; baseline 0.003 -9"><span class='ocrx_word' id='word_1_521' title='bbox 902 1465 1044 1492; x_wconf 84' lang='lat' dir='ltr'><strong>viduarum</strong></span> <span class='ocrx_word' id='word_1_522' title='bbox 1060 1471 1149 1492; x_wconf 88' lang='lat' dir='ltr'><strong>autem</strong></span> <span class='ocrx_word' id='word_1_523' title='bbox 1162 1487 1168 1497; x_wconf 83' lang='lat'><strong>,</strong></span> <span class='ocrx_word' id='word_1_524' title='bbox 1187 1467 1211 1492; x_wconf 83' lang='lat' dir='ltr'><strong>id</strong></span> <span class='ocrx_word' id='word_1_525' title='bbox 1231 1471 1274 1493; x_wconf 84' lang='lat' dir='ltr'><strong>est</strong></span> <span class='ocrx_word' id='word_1_526' title='bbox 1300 1467 1471 1498; x_wconf 86' lang='lat' dir='ltr'><strong>animarum,</strong></span> <span class='ocrx_word' id='word_1_527' title='bbox 1496 1467 1596 1501; x_wconf 87' lang='lat' dir='ltr'><strong>quibus</strong></span> <span class='ocrx_word' id='word_1_528' title='bbox 1625 1469 1688 1494; x_wconf 70' lang='lat' dir='ltr'><strong>\&quot;er-</strong></span> 
     </span>
    </p>
   </div>
   <div class='ocr_carea' id='block_1_75' title="bbox 902 1511 1689 1546">
    <p class='ocr_par' dir='ltr' id='par_1_75' title="bbox 902 1511 1689 1546">
     <span class='ocr_line' id='line_1_75' title="bbox 902 1511 1689 1546; baseline 0.004 -9"><span class='ocrx_word' id='word_1_529' title='bbox 902 1511 967 1538; x_wconf 86' lang='lat' dir='ltr'><strong>bum</strong></span> <span class='ocrx_word' id='word_1_530' title='bbox 986 1519 1104 1546; x_wconf 78' lang='lat' dir='ltr'><strong>sponsus</strong></span> <span class='ocrx_word' id='word_1_531' title='bbox 1121 1519 1174 1538; x_wconf 87' lang='lat' dir='ltr'><strong>non</strong></span> <span class='ocrx_word' id='word_1_532' title='bbox 1189 1516 1246 1539; x_wconf 78' lang='lat' dir='ltr'><strong>est.</strong></span> <span class='ocrx_word' id='word_1_533' title='bbox 1263 1511 1399 1539; x_wconf 84' lang='lat' dir='ltr'><strong>Patronus</strong></span> <span class='ocrx_word' id='word_1_534' title='bbox 1415 1513 1486 1540; x_wconf 87' lang='lat' dir='ltr'><strong>enim</strong></span> <span class='ocrx_word' id='word_1_535' title='bbox 1509 1517 1551 1540; x_wconf 82' lang='lat' dir='ltr'><strong>est</strong></span> <span class='ocrx_word' id='word_1_536' title='bbox 1566 1513 1689 1540; x_wconf 84' lang='lat' dir='ltr'><strong>inﬁrmo-</strong></span> 
     </span>
    </p>
   </div>
   <div class='ocr_carea' id='block_1_76' title="bbox 903 1558 1690 1594">
    <p class='ocr_par' dir='ltr' id='par_1_76' title="bbox 903 1558 1690 1594">
     <span class='ocr_line' id='line_1_76' title="bbox 903 1558 1690 1594; baseline 0.005 -11"><span class='ocrx_word' id='word_1_537' title='bbox 903 1564 980 1587; x_wconf 84' lang='lat' dir='ltr'><strong>rum.</strong></span> <span class='ocrx_word' id='word_1_538' title='bbox 1001 1558 1046 1591; x_wconf 86' lang='lat' dir='ltr'><strong>qui</strong></span> <span class='ocrx_word' id='word_1_539' title='bbox 1065 1558 1210 1584; x_wconf 91' lang='lat' dir='ltr'><strong>humanum</strong></span> <span class='ocrx_word' id='word_1_540' title='bbox 1226 1558 1357 1584; x_wconf 80' lang='lat' dir='ltr'><strong>auxilium</strong></span> <span class='ocrx_word' id='word_1_541' title='bbox 1379 1566 1432 1585; x_wconf 92' lang='lat' dir='ltr'><strong>non</strong></span> <span class='ocrx_word' id='word_1_542' title='bbox 1450 1559 1567 1592; x_wconf 87' lang='lat' dir='ltr'><strong>habent,</strong></span> <span class='ocrx_word' id='word_1_543' title='bbox 1595 1561 1690 1594; x_wconf 86' lang='lat' dir='ltr'><strong>quales</strong></span> 
     </span>
    </p>
   </div>
   <div class='ocr_carea' id='block_1_77' title="bbox 902 1603 1548 1639">
    <p class='ocr_par' dir='ltr' id='par_1_77' title="bbox 902 1603 1548 1639">
     <span class='ocr_line' id='line_1_77' title="bbox 902 1603 1548 1639; baseline 0.002 -8"><span class='ocrx_word' id='word_1_544' title='bbox 902 1612 951 1631; x_wconf 86' lang='lat' dir='ltr'><strong>nos</strong></span> <span class='ocrx_word' id='word_1_545' title='bbox 968 1611 1075 1630; x_wconf 84' lang='lat' dir='ltr'><strong>sumus.</strong></span> <span class='ocrx_word' id='word_1_546' title='bbox 1092 1603 1159 1636; x_wconf 86' lang='lat' dir='ltr'><strong>Quis</strong></span> <span class='ocrx_word' id='word_1_547' title='bbox 1175 1609 1264 1630; x_wconf 79' lang='lat' dir='ltr'><strong>autem</strong></span> <span class='ocrx_word' id='word_1_548' title='bbox 1278 1609 1303 1631; x_wconf 84' lang='lat' dir='ltr'><strong>et</strong></span> <span class='ocrx_word' id='word_1_549' title='bbox 1319 1605 1408 1639; x_wconf 87' lang='lat' dir='ltr'><strong>qualis</strong></span> <span class='ocrx_word' id='word_1_550' title='bbox 1422 1610 1463 1632; x_wconf 86' lang='lat' dir='ltr'><strong>est</strong></span> <span class='ocrx_word' id='word_1_551' title='bbox 1484 1606 1548 1632; x_wconf 86' lang='lat' dir='ltr'><strong>hic?</strong></span> 
     </span>
    </p>
   </div>
   <div class='ocr_carea' id='block_1_78' title="bbox 937 1648 1686 1685">
    <p class='ocr_par' dir='ltr' id='par_1_78' title="bbox 937 1648 1686 1685">
     <span class='ocr_line' id='line_1_78' title="bbox 937 1648 1686 1685; baseline 0.005 -11"><span class='ocrx_word' id='word_1_552' title='bbox 937 1649 962 1675; x_wconf 86' lang='lat'><strong>7.</strong></span> <span class='ocrx_word' id='word_1_553' title='bbox 983 1648 1052 1682; x_wconf 75' lang='lat' dir='ltr'><strong>Deus</strong></span> <span class='ocrx_word' id='word_1_554' title='bbox 1066 1649 1092 1675; x_wconf 81' lang='lat' dir='ltr'><strong>in</strong></span> <span class='ocrx_word' id='word_1_555' title='bbox 1107 1650 1163 1675; x_wconf 78' lang='lat' dir='ltr'><strong>loro</strong></span> <span class='ocrx_word' id='word_1_556' title='bbox 1175 1655 1266 1675; x_wconf 73' lang='lat' dir='ltr'><strong>sancto</strong></span> <span class='ocrx_word' id='word_1_557' title='bbox 1280 1658 1337 1676; x_wconf 81' lang='lat' dir='ltr'><strong>suo.</strong></span> <span class='ocrx_word' id='word_1_558' title='bbox 1351 1649 1499 1685; x_wconf 84' lang='lat' dir='ltr'><strong>Postquam</strong></span> <span class='ocrx_word' id='word_1_559' title='bbox 1510 1651 1579 1677; x_wconf 85' lang='lat' dir='ltr'><strong>dixit</strong></span> <span class='ocrx_word' id='word_1_560' title='bbox 1599 1651 1686 1685; x_wconf 88' lang='lat' dir='ltr'><strong>ipsum</strong></span> 
     </span>
    </p>
   </div>
   <div class='ocr_carea' id='block_1_79' title="bbox 900 1695 1687 1730">
    <p class='ocr_par' dir='ltr' id='par_1_79' title="bbox 900 1695 1687 1730">
     <span class='ocr_line' id='line_1_79' title="bbox 900 1695 1687 1730; baseline 0.004 -9"><span class='ocrx_word' id='word_1_561' title='bbox 900 1695 1046 1722; x_wconf 85' lang='lat' dir='ltr'><strong>ascendere</strong></span> <span class='ocrx_word' id='word_1_562' title='bbox 1071 1703 1154 1729; x_wconf 83' lang='lat' dir='ltr'><strong>super</strong></span> <span class='ocrx_word' id='word_1_563' title='bbox 1172 1703 1299 1722; x_wconf 81' lang='lat' dir='ltr'><strong>occasum</strong></span> <span class='ocrx_word' id='word_1_564' title='bbox 1314 1715 1321 1727; x_wconf 88' lang='lat'><strong>,</strong></span> <span class='ocrx_word' id='word_1_565' title='bbox 1348 1695 1373 1722; x_wconf 89' lang='lat' dir='ltr'><strong>id</strong></span> <span class='ocrx_word' id='word_1_566' title='bbox 1396 1700 1438 1722; x_wconf 86' lang='lat' dir='ltr'><strong>cst</strong></span> <span class='ocrx_word' id='word_1_567' title='bbox 1455 1704 1542 1730; x_wconf 87' lang='lat' dir='ltr'><strong>usque</strong></span> <span class='ocrx_word' id='word_1_568' title='bbox 1557 1697 1589 1723; x_wconf 86' lang='lat' dir='ltr'><strong>ad</strong></span> <span class='ocrx_word' id='word_1_569' title='bbox 1607 1702 1687 1724; x_wconf 87' lang='lat' dir='ltr'><strong>antra</strong></span> 
     </span>
    </p>
   </div>
   <div class='ocr_carea' id='block_1_80' title="bbox 900 1739 1686 1771">
    <p class='ocr_par' dir='ltr' id='par_1_80' title="bbox 900 1739 1686 1771">
     <span class='ocr_line' id='line_1_80' title="bbox 900 1739 1686 1771; baseline 0.005 -6"><span class='ocrx_word' id='word_1_570' title='bbox 900 1739 999 1766; x_wconf 78' lang='lat' dir='ltr'><strong>inferni</strong></span> <span class='ocrx_word' id='word_1_571' title='bbox 1014 1747 1022 1766; x_wconf 88' lang='lat'><strong>:</strong></span> <span class='ocrx_word' id='word_1_572' title='bbox 1039 1740 1116 1766; x_wconf 80' lang='lat' dir='ltr'><strong>docet</strong></span> <span class='ocrx_word' id='word_1_573' title='bbox 1131 1741 1240 1771; x_wconf 81' lang='lat' dir='ltr'><strong>iterum,</strong></span> <span class='ocrx_word' id='word_1_574' title='bbox 1266 1748 1328 1766; x_wconf 87' lang='lat' dir='ltr'><strong>eum</strong></span> <span class='ocrx_word' id='word_1_575' title='bbox 1349 1748 1410 1766; x_wconf 92' lang='lat' dir='ltr'><strong>cum</strong></span> <span class='ocrx_word' id='word_1_576' title='bbox 1433 1742 1458 1767; x_wconf 94' lang='lat' dir='ltr'><strong>in</strong></span> <span class='ocrx_word' id='word_1_577' title='bbox 1484 1742 1567 1768; x_wconf 68' lang='lat' dir='ltr'><strong>caelos</strong></span> <span class='ocrx_word' id='word_1_578' title='bbox 1589 1750 1686 1769; x_wconf 74' lang='lat' dir='ltr'><strong>ascen-</strong></span> 
     </span>
    </p>
   </div>
   <div class='ocr_carea' id='block_1_81' title="bbox 900 1784 1686 1822">
    <p class='ocr_par' dir='ltr' id='par_1_81' title="bbox 900 1784 1686 1822">
     <span class='ocr_line' id='line_1_81' title="bbox 900 1784 1686 1822; baseline 0.004 -11"><span class='ocrx_word' id='word_1_579' title='bbox 900 1784 985 1811; x_wconf 85' lang='lat' dir='ltr'><strong>disset</strong></span> <span class='ocrx_word' id='word_1_580' title='bbox 1005 1785 1032 1810; x_wconf 92' lang='lat' dir='ltr'><strong>in</strong></span> <span class='ocrx_word' id='word_1_581' title='bbox 1053 1785 1173 1819; x_wconf 88' lang='lat' dir='ltr'><strong>propriis</strong></span> <span class='ocrx_word' id='word_1_582' title='bbox 1195 1785 1262 1812; x_wconf 85' lang='lat' dir='ltr'><strong>locis</strong></span> <span class='ocrx_word' id='word_1_583' title='bbox 1290 1785 1394 1817; x_wconf 80' lang='lat' dir='ltr'><strong>fuisse,</strong></span> <span class='ocrx_word' id='word_1_584' title='bbox 1423 1786 1530 1812; x_wconf 75' lang='lat' dir='ltr'><strong>etiamsi</strong></span> <span class='ocrx_word' id='word_1_585' title='bbox 1546 1795 1686 1822; x_wconf 87' lang='lat' dir='ltr'><strong>nunquam</strong></span> 
     </span>
    </p>
   </div>
   <div class='ocr_carea' id='block_1_82' title="bbox 900 1830 1687 1860">
    <p class='ocr_par' dir='ltr' id='par_1_82' title="bbox 900 1830 1687 1860">
     <span class='ocr_line' id='line_1_82' title="bbox 900 1830 1687 1860; baseline 0.003 -3"><span class='ocrx_word' id='word_1_586' title='bbox 900 1831 934 1857; x_wconf 89' lang='lat' dir='ltr'><strong>ab</strong></span> <span class='ocrx_word' id='word_1_587' title='bbox 949 1830 1003 1857; x_wconf 93' lang='lat' dir='ltr'><strong>illis</strong></span> <span class='ocrx_word' id='word_1_588' title='bbox 1018 1836 1139 1857; x_wconf 82' lang='lat' dir='ltr'><strong>remotus</strong></span> <span class='ocrx_word' id='word_1_589' title='bbox 1156 1831 1207 1857; x_wconf 84' lang='lat' dir='ltr'><strong>fuit</strong></span> <span class='ocrx_word' id='word_1_590' title='bbox 1219 1835 1316 1857; x_wconf 84' lang='lat' dir='ltr'><strong>natura</strong></span> <span class='ocrx_word' id='word_1_591' title='bbox 1338 1831 1500 1859; x_wconf 82' lang='lat' dir='ltr'><strong>divinitatis.</strong></span> <span class='ocrx_word' id='word_1_592' title='bbox 1521 1832 1590 1859; x_wconf 80' lang='lat' dir='ltr'><strong>Deus</strong></span> <span class='ocrx_word' id='word_1_593' title='bbox 1610 1834 1687 1860; x_wconf 82' lang='lat' dir='ltr'><strong>inha—</strong></span> 
     </span>
    </p>
   </div>
   <div class='ocr_carea' id='block_1_83' title="bbox 900 1875 1687 1912">
    <p class='ocr_par' dir='ltr' id='par_1_83' title="bbox 900 1875 1687 1912">
     <span class='ocr_line' id='line_1_83' title="bbox 900 1875 1687 1912; baseline 0.004 -10"><span class='ocrx_word' id='word_1_594' title='bbox 900 1875 984 1902; x_wconf 80' lang='lat' dir='ltr'><strong>bitare</strong></span> <span class='ocrx_word' id='word_1_595' title='bbox 998 1875 1063 1909; x_wconf 80' lang='lat' dir='ltr'><strong>facit</strong></span> <span class='ocrx_word' id='word_1_596' title='bbox 1075 1876 1153 1902; x_wconf 78' lang='lat' dir='ltr'><strong>unius</strong></span> <span class='ocrx_word' id='word_1_597' title='bbox 1168 1876 1248 1902; x_wconf 84' lang='lat' dir='ltr'><strong>moris</strong></span> <span class='ocrx_word' id='word_1_598' title='bbox 1262 1876 1289 1901; x_wconf 86' lang='lat' dir='ltr'><strong>in</strong></span> <span class='ocrx_word' id='word_1_599' title='bbox 1301 1876 1389 1902; x_wconf 84' lang='lat' dir='ltr'><strong>domo.</strong></span> <span class='ocrx_word' id='word_1_600' title='bbox 1411 1875 1494 1902; x_wconf 82' lang='lat' dir='ltr'><strong>Unius</strong></span> <span class='ocrx_word' id='word_1_601' title='bbox 1510 1878 1590 1904; x_wconf 78' lang='lat' dir='ltr'><strong>moris</strong></span> <span class='ocrx_word' id='word_1_602' title='bbox 1610 1883 1687 1912; x_wconf 65' lang='lat' dir='ltr'><strong>vocat</strong></span> 
     </span>
    </p>
   </div>
   <div class='ocr_carea' id='block_1_84' title="bbox 899 1922 1686 1959">
    <p class='ocr_par' dir='ltr' id='par_1_84' title="bbox 899 1922 1686 1959">
     <span class='ocr_line' id='line_1_84' title="bbox 899 1922 1686 1959; baseline 0.004 -11"><span class='ocrx_word' id='word_1_603' title='bbox 899 1929 946 1949; x_wconf 76' lang='lat' dir='ltr'><strong>eos</strong></span> <span class='ocrx_word' id='word_1_604' title='bbox 958 1923 1004 1957; x_wconf 92' lang='lat' dir='ltr'><strong>qui</strong></span> <span class='ocrx_word' id='word_1_605' title='bbox 1022 1922 1073 1956; x_wconf 84' lang='lat' dir='ltr'><strong>ipsi</strong></span> <span class='ocrx_word' id='word_1_606' title='bbox 1090 1922 1139 1949; x_wconf 91' lang='lat' dir='ltr'><strong>soli</strong></span> <span class='ocrx_word' id='word_1_607' title='bbox 1154 1922 1236 1948; x_wconf 85' lang='lat' dir='ltr'><strong>vitam</strong></span> <span class='ocrx_word' id='word_1_608' title='bbox 1253 1930 1330 1948; x_wconf 85' lang='lat' dir='ltr'><strong>suam</strong></span> <span class='ocrx_word' id='word_1_609' title='bbox 1354 1923 1531 1956; x_wconf 86' lang='lat' dir='ltr'><strong>obtulerunt,</strong></span> <span class='ocrx_word' id='word_1_610' title='bbox 1549 1929 1575 1950; x_wconf 89' lang='lat' dir='ltr'><strong>ct</strong></span> <span class='ocrx_word' id='word_1_611' title='bbox 1588 1933 1686 1959; x_wconf 88' lang='lat' dir='ltr'><strong>quam-</strong></span> 
     </span>
    </p>
   </div>
   <div class='ocr_carea' id='block_1_85' title="bbox 899 1968 1686 2005">
    <p class='ocr_par' dir='ltr' id='par_1_85' title="bbox 899 1968 1686 2005">
     <span class='ocr_line' id='line_1_85' title="bbox 899 1968 1686 2005; baseline 0.004 -11"><span class='ocrx_word' id='word_1_612' title='bbox 899 1968 964 1996; x_wconf 86' lang='lat' dir='ltr'><strong>libet</strong></span> <span class='ocrx_word' id='word_1_613' title='bbox 985 1969 1084 1995; x_wconf 88' lang='lat' dir='ltr'><strong>mentis</strong></span> <span class='ocrx_word' id='word_1_614' title='bbox 1105 1968 1290 2002; x_wconf 79' lang='lat' dir='ltr'><strong>duplicitatem</strong></span> <span class='ocrx_word' id='word_1_615' title='bbox 1312 1972 1340 1994; x_wconf 85' lang='lat' dir='ltr'><strong>et</strong></span> <span class='ocrx_word' id='word_1_616' title='bbox 1367 1969 1532 1995; x_wconf 84' lang='lat' dir='ltr'><strong>mundanam</strong></span> <span class='ocrx_word' id='word_1_617' title='bbox 1553 1971 1686 2005; x_wconf 79' lang='lat' dir='ltr'><strong>concupi-</strong></span> 
     </span>
    </p>
   </div>
   <div class='ocr_carea' id='block_1_86' title="bbox 898 2014 1684 2048">
    <p class='ocr_par' dir='ltr' id='par_1_86' title="bbox 898 2014 1684 2048">
     <span class='ocr_line' id='line_1_86' title="bbox 898 2014 1684 2048; baseline 0 -5"><span class='ocrx_word' id='word_1_618' title='bbox 898 2015 1030 2043; x_wconf 87' lang='lat' dir='ltr'><strong>scentiam</strong></span> <span class='ocrx_word' id='word_1_619' title='bbox 1053 2014 1221 2048; x_wconf 82' lang='lat' dir='ltr'><strong>ahjcecrunt.</strong></span> <span class='ocrx_word' id='word_1_620' title='bbox 1246 2014 1444 2048; x_wconf 82' lang='lat' dir='ltr'><strong>Polliceturque</strong></span> <span class='ocrx_word' id='word_1_621' title='bbox 1469 2014 1591 2042; x_wconf 78' lang='lat' dir='ltr'><strong>futurum</strong></span> <span class='ocrx_word' id='word_1_622' title='bbox 1614 2021 1643 2043; x_wconf 85' lang='lat' dir='ltr'><strong>ut</strong></span> <span class='ocrx_word' id='word_1_623' title='bbox 1665 2017 1684 2043; x_wconf 91' lang='lat' dir='ltr'><strong>ii</strong></span> 
     </span>
    </p>
   </div>
   <div class='ocr_carea' id='block_1_87' title="bbox 897 2059 1684 2094">
    <p class='ocr_par' dir='ltr' id='par_1_87' title="bbox 897 2059 1684 2094">
     <span class='ocr_line' id='line_1_87' title="bbox 897 2059 1684 2094; baseline 0.001 -8"><span class='ocrx_word' id='word_1_624' title='bbox 897 2061 924 2086; x_wconf 93' lang='lat' dir='ltr'><strong>in</strong></span> <span class='ocrx_word' id='word_1_625' title='bbox 940 2062 1021 2087; x_wconf 85' lang='lat' dir='ltr'><strong>domo</strong></span> <span class='ocrx_word' id='word_1_626' title='bbox 1040 2060 1143 2094; x_wconf 72' lang='lat' dir='ltr'><strong>ipsius,</strong></span> <span class='ocrx_word' id='word_1_627' title='bbox 1170 2059 1197 2086; x_wconf 91' lang='lat' dir='ltr'><strong>id</strong></span> <span class='ocrx_word' id='word_1_628' title='bbox 1220 2063 1262 2086; x_wconf 85' lang='lat' dir='ltr'><strong>est</strong></span> <span class='ocrx_word' id='word_1_629' title='bbox 1279 2059 1305 2085; x_wconf 92' lang='lat' dir='ltr'><strong>in</strong></span> <span class='ocrx_word' id='word_1_630' title='bbox 1319 2059 1423 2086; x_wconf 62' lang='lat' dir='ltr'><strong>(‘mlesti</strong></span> <span class='ocrx_word' id='word_1_631' title='bbox 1449 2060 1558 2087; x_wconf 78' lang='lat' dir='ltr'><strong>civitate</strong></span> <span class='ocrx_word' id='word_1_632' title='bbox 1574 2061 1684 2087; x_wconf 87' lang='lat' dir='ltr'><strong>inhabi-</strong></span> 
     </span>
    </p>
   </div>
   <div class='ocr_carea' id='block_1_88' title="bbox 897 2106 1685 2139">
    <p class='ocr_par' dir='ltr' id='par_1_88' title="bbox 897 2106 1685 2139">
     <span class='ocr_line' id='line_1_88' title="bbox 897 2106 1685 2139; baseline 0.001 -7"><span class='ocrx_word' id='word_1_633' title='bbox 897 2110 963 2133; x_wconf 88' lang='lat' dir='ltr'><strong>tent.</strong></span> <span class='ocrx_word' id='word_1_634' title='bbox 987 2106 1038 2138; x_wconf 84' lang='lat' dir='ltr'><strong>Qui</strong></span> <span class='ocrx_word' id='word_1_635' title='bbox 1059 2106 1147 2132; x_wconf 81' lang='lat' dir='ltr'><strong>educit</strong></span> <span class='ocrx_word' id='word_1_636' title='bbox 1168 2106 1267 2131; x_wconf 72' lang='lat' dir='ltr'><strong>vinctos</strong></span> <span class='ocrx_word' id='word_1_637' title='bbox 1282 2106 1309 2132; x_wconf 83' lang='lat' dir='ltr'><strong>in</strong></span> <span class='ocrx_word' id='word_1_638' title='bbox 1337 2106 1508 2139; x_wconf 77' lang='lat' dir='ltr'><strong>fortitudine.</strong></span> <span class='ocrx_word' id='word_1_639' title='bbox 1537 2106 1630 2133; x_wconf 78' lang='lat' dir='ltr'><strong>Simile</strong></span> <span class='ocrx_word' id='word_1_640' title='bbox 1642 2111 1685 2133; x_wconf 83' lang='lat' dir='ltr'><strong>est</strong></span> 
     </span>
    </p>
   </div>
   <div class='ocr_carea' id='block_1_89' title="bbox 897 2151 1683 2186">
    <p class='ocr_par' dir='ltr' id='par_1_89' title="bbox 897 2151 1683 2186">
     <span class='ocr_line' id='line_1_89' title="bbox 897 2151 1683 2186; baseline 0 -7"><span class='ocrx_word' id='word_1_641' title='bbox 897 2152 961 2179; x_wconf 90' lang='lat' dir='ltr'><strong>huic</strong></span> <span class='ocrx_word' id='word_1_642' title='bbox 973 2152 1047 2179; x_wconf 78' lang='lat' dir='ltr'><strong>dicto</strong></span> <span class='ocrx_word' id='word_1_643' title='bbox 1060 2161 1067 2179; x_wconf 84' lang='lat'><strong>:</strong></span> <span class='ocrx_word' id='word_1_644' title='bbox 1081 2151 1119 2178; x_wconf 74' lang='lat' dir='ltr'><strong>Iis</strong></span> <span class='ocrx_word' id='word_1_645' title='bbox 1136 2152 1180 2186; x_wconf 83' lang='lat' dir='ltr'><strong>qui</strong></span> <span class='ocrx_word' id='word_1_646' title='bbox 1193 2152 1273 2178; x_wconf 79' lang='lat' dir='ltr'><strong>vincti</strong></span> <span class='ocrx_word' id='word_1_647' title='bbox 1292 2156 1370 2183; x_wconf 86' lang='lat' dir='ltr'><strong>sunt,</strong></span> <span class='ocrx_word' id='word_1_648' title='bbox 1393 2152 1483 2178; x_wconf 68' lang='lat' dir='ltr'><strong>emite:</strong></span> <span class='ocrx_word' id='word_1_649' title='bbox 1499 2157 1523 2178; x_wconf 86' lang='lat' dir='ltr'><strong>et</strong></span> <span class='ocrx_word' id='word_1_650' title='bbox 1539 2151 1579 2178; x_wconf 83' lang='lat' dir='ltr'><strong>Itis</strong></span> <span class='ocrx_word' id='word_1_651' title='bbox 1597 2153 1641 2186; x_wconf 86' lang='lat' dir='ltr'><strong>qui</strong></span> <span class='ocrx_word' id='word_1_652' title='bbox 1655 2154 1683 2179; x_wconf 78' lang='lat' dir='ltr'><strong>in</strong></span> 
     </span>
    </p>
   </div>
   <div class='ocr_carea' id='block_1_90' title="bbox 72 2195 851 2237">
    <p class='ocr_par' dir='ltr' id='par_1_90' title="bbox 72 2197 846 2237">
     <span class='ocr_line' id='line_1_90' title="bbox 72 2197 846 2237; baseline 0.004 -12"><span class='ocrx_word' id='word_1_653' title='bbox 72 2197 104 2229; x_wconf 76' lang='grc' dir='ltr'>τῷ</span> <span class='ocrx_word' id='word_1_654' title='bbox 117 2200 220 2232; x_wconf 73' lang='grc' dir='ltr'>σκότει,</span> <span class='ocrx_word' id='word_1_655' title='bbox 237 2201 479 2235; x_wconf 58' lang='grc' dir='ltr'>ἀνακαλύφθητε.</span> <span class='ocrx_word' id='word_1_656' title='bbox 508 2202 628 2237; x_wconf 76' lang='grc' dir='ltr'>Δεσμοὺς</span> <span class='ocrx_word' id='word_1_657' title='bbox 642 2202 670 2228; x_wconf 80' lang='grc' dir='ltr'>δὲ</span> <span class='ocrx_word' id='word_1_658' title='bbox 688 2202 734 2229; x_wconf 66' lang='grc' dir='ltr'>καὶ</span> <span class='ocrx_word' id='word_1_659' title='bbox 752 2203 846 2234; x_wconf 83' lang='grc' dir='ltr'>σκότος</span> 
     </span>
    </p>
   </div>
   <div class='ocr_carea' id='block_1_91' title="bbox 913 2195 1684 2237">
    <p class='ocr_par' dir='ltr' id='par_1_91' title="bbox 913 2195 1684 2228">
     <span class='ocr_line' id='line_1_91' title="bbox 913 2195 1684 2228; baseline 0.001 -5"><span class='ocrx_word' id='word_1_660' title='bbox 913 2197 1008 2223; x_wconf 73' lang='lat' dir='ltr'><strong>enebris</strong></span> <span class='ocrx_word' id='word_1_661' title='bbox 1021 2217 1028 2228; x_wconf 83' lang='lat'><strong>,</strong></span> <span class='ocrx_word' id='word_1_662' title='bbox 1051 2196 1201 2223; x_wconf 80' lang='lat' dir='ltr'><strong>revelamini</strong></span> <span class='ocrx_word' id='word_1_663' title='bbox 1221 2196 1254 2222; x_wconf 86' lang='grc'><strong>²⁰.</strong></span> <span class='ocrx_word' id='word_1_664' title='bbox 1276 2195 1389 2222; x_wconf 84' lang='lat' dir='ltr'><strong>Vincula</strong></span> <span class='ocrx_word' id='word_1_665' title='bbox 1408 2201 1498 2223; x_wconf 86' lang='lat' dir='ltr'><strong>autem</strong></span> <span class='ocrx_word' id='word_1_666' title='bbox 1514 2201 1540 2224; x_wconf 90' lang='lat' dir='ltr'><strong>et</strong></span> <span class='ocrx_word' id='word_1_667' title='bbox 1557 2197 1684 2224; x_wconf 79' lang='lat' dir='ltr'><strong>tenebras</strong></span> 
     </span>
    </p>
   </div>
   <div class='ocr_carea' id='block_1_92' title="bbox 71 2243 848 2283">
    <p class='ocr_par' dir='ltr' id='par_1_92' title="bbox 71 2243 848 2283">
     <span class='ocr_line' id='line_1_92' title="bbox 71 2243 848 2283; baseline 0.006 -13"><span class='ocrx_word' id='word_1_668' title='bbox 71 2243 174 2278; x_wconf 80' lang='grc' dir='ltr'>τὴντῶν</span> <span class='ocrx_word' id='word_1_669' title='bbox 190 2246 324 2281; x_wconf 75' lang='grc' dir='ltr'>δαιμόνων</span> <span class='ocrx_word' id='word_1_670' title='bbox 347 2246 474 2283; x_wconf 82' lang='grc' dir='ltr'>λατρείαν</span> <span class='ocrx_word' id='word_1_671' title='bbox 502 2248 595 2283; x_wconf 80' lang='grc' dir='ltr'>φησίν.</span> <span class='ocrx_word' id='word_1_672' title='bbox 636 2249 753 2282; x_wconf 84' lang='grc' dir='ltr'>Ὁμοίως</span> <span class='ocrx_word' id='word_1_673' title='bbox 778 2248 848 2281; x_wconf 76' lang='grc' dir='ltr'>τοὺς</span> 
     </span>
    </p>
   </div>
   <div class='ocr_carea' id='block_1_93' title="bbox 72 2292 846 2328">
    <p class='ocr_par' dir='ltr' id='par_1_93' title="bbox 72 2292 846 2328">
     <span class='ocr_line' id='line_1_93' title="bbox 72 2292 846 2328; baseline 0.008 -13"><span class='ocrx_word' id='word_1_674' title='bbox 72 2293 345 2325; x_wconf 72' lang='grc' dir='ltr'>παραπικραίνσντας</span> <span class='ocrx_word' id='word_1_675' title='bbox 359 2292 430 2325; x_wconf 81' lang='grc' dir='ltr'>τοὺς</span> <span class='ocrx_word' id='word_1_676' title='bbox 451 2293 665 2326; x_wconf 81' lang='grc' dir='ltr'>κατοικοῦντας</span> <span class='ocrx_word' id='word_1_677' title='bbox 679 2294 714 2320; x_wconf 85' lang='grc' dir='ltr'><strong>ὲν</strong></span> <span class='ocrx_word' id='word_1_678' title='bbox 733 2293 846 2328; x_wconf 58' lang='grc' dir='ltr'>τάφοις.</span> 
     </span>
    </p>
   </div>
   <div class='ocr_carea' id='block_1_94' title="bbox 72 2333 848 2374">
    <p class='ocr_par' dir='ltr' id='par_1_94' title="bbox 72 2333 848 2374">
     <span class='ocr_line' id='line_1_94' title="bbox 72 2333 848 2374; baseline 0.008 -15"><span class='ocrx_word' id='word_1_679' title='bbox 72 2333 145 2361; x_wconf 76' lang='grc' dir='ltr'>Τοῦτό</span> <span class='ocrx_word' id='word_1_680' title='bbox 159 2345 237 2372; x_wconf 75' lang='grc' dir='ltr'>φησιν</span> <span class='ocrx_word' id='word_1_681' title='bbox 247 2357 255 2369; x_wconf 91' lang='grc'><strong>,</strong></span> <span class='ocrx_word' id='word_1_682' title='bbox 282 2337 339 2369; x_wconf 79' lang='grc' dir='ltr'>ὅτι,</span> <span class='ocrx_word' id='word_1_683' title='bbox 366 2338 414 2364; x_wconf 77' lang='grc' dir='ltr'>καὶ</span> <span class='ocrx_word' id='word_1_684' title='bbox 428 2338 457 2364; x_wconf 84' lang='grc' dir='ltr'>ἐν</span> <span class='ocrx_word' id='word_1_685' title='bbox 474 2338 537 2373; x_wconf 83' lang='grc' dir='ltr'>ᾇδου</span> <span class='ocrx_word' id='word_1_686' title='bbox 557 2339 714 2374; x_wconf 74' lang='grc' dir='ltr'>πορευθεὶς,</span> <span class='ocrx_word' id='word_1_687' title='bbox 731 2339 778 2365; x_wconf 74' lang='grc' dir='ltr'>καὶ</span> <span class='ocrx_word' id='word_1_688' title='bbox 793 2340 848 2370; x_wconf 84' lang='grc' dir='ltr'>τοῖς</span> 
     </span>
    </p>
   </div>
   <div class='ocr_carea' id='block_1_95' title="bbox 73 2379 846 2420">
    <p class='ocr_par' dir='ltr' id='par_1_95' title="bbox 73 2379 846 2420">
     <span class='ocr_line' id='line_1_95' title="bbox 73 2379 846 2420; baseline 0.006 -14"><span class='ocrx_word' id='word_1_689' title='bbox 73 2379 121 2406; x_wconf 66' lang='grc' dir='ltr'>ἐκεῖ</span> <span class='ocrx_word' id='word_1_690' title='bbox 136 2382 282 2418; x_wconf 77' lang='grc' dir='ltr'>πνεύμασιν</span> <span class='ocrx_word' id='word_1_691' title='bbox 297 2383 440 2419; x_wconf 70' lang='grc' dir='ltr'>ἐκήρυξεν.</span> <span class='ocrx_word' id='word_1_692' title='bbox 454 2384 619 2420; x_wconf 82' lang='grc' dir='ltr'>ἀπειθήσασί</span> <span class='ocrx_word' id='word_1_693' title='bbox 635 2394 708 2411; x_wconf 81' lang='grc' dir='ltr'>ποτε.</span> <span class='ocrx_word' id='word_1_694' title='bbox 729 2385 764 2411; x_wconf 78' lang='grc' dir='ltr'>Τὸ</span> <span class='ocrx_word' id='word_1_695' title='bbox 781 2384 846 2420; x_wconf 81' lang='grc' dir='ltr'>γὰρ,</span> 
     </span>
    </p>
   </div>
   <div class='ocr_carea' id='block_1_96' title="bbox 74 2429 843 2467">
    <p class='ocr_par' dir='ltr' id='par_1_96' title="bbox 74 2429 843 2467">
     <span class='ocr_line' id='line_1_96' title="bbox 74 2429 843 2467; baseline 0.005 -14"><span class='ocrx_word' id='word_1_696' title='bbox 74 2430 348 2462; x_wconf 68' lang='grc' dir='ltr'>παραπικραίνοντας</span> <span class='ocrx_word' id='word_1_697' title='bbox 361 2449 368 2461; x_wconf 87' lang='grc'>,</span> <span class='ocrx_word' id='word_1_698' title='bbox 391 2429 457 2467; x_wconf 38' lang='grc' dir='ltr'>ἀντὶ.</span> <span class='ocrx_word' id='word_1_699' title='bbox 477 2429 523 2457; x_wconf 74' lang='grc' dir='ltr'><strong>τοῦ</strong></span> <span class='ocrx_word' id='word_1_700' title='bbox 537 2450 543 2462; x_wconf 89' lang='grc'><em>,</em></span> <span class='ocrx_word' id='word_1_701' title='bbox 572 2431 843 2466; x_wconf 81' lang='grc' dir='ltr'>παραπικράναντας,</span> 
     </span>
    </p>
   </div>
   <div class='ocr_carea' id='block_1_97' title="bbox 73 2473 189 2501">
    <p class='ocr_par' dir='ltr' id='par_1_97' title="bbox 73 2473 189 2501">
     <span class='ocr_line' id='line_1_97' title="bbox 73 2473 189 2501; baseline 0.034 -4"><span class='ocrx_word' id='word_1_702' title='bbox 73 2473 189 2501; x_wconf 79' lang='grc' dir='ltr'>τέθεικεν.</span> 
     </span>
    </p>
   </div>
   <div class='ocr_carea' id='block_1_98' title="bbox 110 2521 845 2557">
    <p class='ocr_par' dir='ltr' id='par_1_98' title="bbox 110 2521 845 2557">
     <span class='ocr_line' id='line_1_98' title="bbox 110 2521 845 2557; baseline 0.004 -11"><span class='ocrx_word' id='word_1_703' title='bbox 110 2521 137 2546; x_wconf 84' lang='grc'><strong>’0</strong></span> <span class='ocrx_word' id='word_1_704' title='bbox 150 2523 233 2556; x_wconf 44' lang='lat' dir='ltr'><strong>(latr,</strong></span> <span class='ocrx_word' id='word_1_705' title='bbox 258 2524 293 2550; x_wconf 78' lang='grc' dir='ltr'><strong>ἐν</strong></span> <span class='ocrx_word' id='word_1_706' title='bbox 309 2523 346 2556; x_wconf 76' lang='grc' dir='ltr'>τῷ</span> <span class='ocrx_word' id='word_1_707' title='bbox 361 2523 574 2557; x_wconf 74' lang='grc' dir='ltr'>ἐκπορεύεσθαι</span> <span class='ocrx_word' id='word_1_708' title='bbox 592 2530 628 2549; x_wconf 84' lang='grc' dir='ltr'>σε</span> <span class='ocrx_word' id='word_1_709' title='bbox 642 2523 768 2550; x_wconf 70' lang='grc' dir='ltr'><strong>ἐνώπιον</strong></span> <span class='ocrx_word' id='word_1_710' title='bbox 792 2523 845 2550; x_wconf 78' lang='grc' dir='ltr'>τοῦ</span> 
     </span>
    </p>
   </div>
   <div class='ocr_carea' id='block_1_99' title="bbox 75 2566 845 2603">
    <p class='ocr_par' dir='ltr' id='par_1_99' title="bbox 75 2566 845 2603">
     <span class='ocr_line' id='line_1_99' title="bbox 75 2566 845 2603; baseline 0.001 -10"><span class='ocrx_word' id='word_1_711' title='bbox 75 2566 140 2593; x_wconf 70' lang='grc' dir='ltr'>λαοῦ</span> <span class='ocrx_word' id='word_1_712' title='bbox 156 2577 220 2600; x_wconf 78' lang='grc' dir='ltr'>σου,</span> <span class='ocrx_word' id='word_1_713' title='bbox 232 2569 266 2596; x_wconf 73' lang='grc' dir='ltr'>ἐν</span> <span class='ocrx_word' id='word_1_714' title='bbox 279 2569 317 2602; x_wconf 75' lang='grc' dir='ltr'>τῷ</span> <span class='ocrx_word' id='word_1_715' title='bbox 329 2569 490 2596; x_wconf 72' lang='grc' dir='ltr'>διαϐαίνειν</span> <span class='ocrx_word' id='word_1_716' title='bbox 503 2576 538 2595; x_wconf 86' lang='grc' dir='ltr'><strong>σε</strong></span> <span class='ocrx_word' id='word_1_717' title='bbox 553 2569 586 2595; x_wconf 82' lang='grc' dir='ltr'><em>ὲν</em></span> <span class='ocrx_word' id='word_1_718' title='bbox 601 2568 637 2603; x_wconf 75' lang='grc' dir='ltr'>τῇ</span> <span class='ocrx_word' id='word_1_719' title='bbox 653 2568 760 2603; x_wconf 77' lang='grc' dir='ltr'><strong>ἐρήμῳ.</strong></span> <span class='ocrx_word' id='word_1_720' title='bbox 787 2569 845 2595; x_wconf 86' lang='grc' dir='ltr'>Δεί-</span> 
     </span>
    </p>
   </div>
   <div class='ocr_carea' id='block_1_100' title="bbox 76 2614 844 2650">
    <p class='ocr_par' dir='ltr' id='par_1_100' title="bbox 76 2614 844 2650">
     <span class='ocr_line' id='line_1_100' title="bbox 76 2614 844 2650; baseline 0.004 -13"><span class='ocrx_word' id='word_1_721' title='bbox 76 2619 157 2638; x_wconf 75' lang='grc' dir='ltr'>κνυσιν</span> <span class='ocrx_word' id='word_1_722' title='bbox 167 2635 174 2645; x_wconf 87' lang='grc'>,</span> <span class='ocrx_word' id='word_1_723' title='bbox 197 2615 233 2645; x_wconf 80' lang='grc' dir='ltr'>ὡς</span> <span class='ocrx_word' id='word_1_724' title='bbox 246 2617 291 2641; x_wconf 60' lang='grc' dir='ltr'>καὶ</span> <span class='ocrx_word' id='word_1_725' title='bbox 304 2617 317 2641; x_wconf 75' lang='grc' dir='ltr'>ὁ</span> <span class='ocrx_word' id='word_1_726' title='bbox 335 2615 432 2650; x_wconf 72' lang='grc' dir='ltr'>μέχρις</span> <span class='ocrx_word' id='word_1_727' title='bbox 445 2615 508 2650; x_wconf 73' lang='grc' dir='ltr'>ᾅδου</span> <span class='ocrx_word' id='word_1_728' title='bbox 523 2614 643 2646; x_wconf 71' lang='grc' dir='ltr'>καταϐὰς</span> <span class='ocrx_word' id='word_1_729' title='bbox 652 2635 659 2646; x_wconf 82' lang='lat'><strong>,</strong></span> <span class='ocrx_word' id='word_1_730' title='bbox 676 2615 756 2646; x_wconf 75' lang='grc' dir='ltr'>αὑτός</span> <span class='ocrx_word' id='word_1_731' title='bbox 771 2615 844 2641; x_wconf 78' lang='grc' dir='ltr'>ἐστιν</span> 
     </span>
    </p>
   </div>
   <div class='ocr_carea' id='block_1_101' title="bbox 75 2656 844 2693">
    <p class='ocr_par' dir='ltr' id='par_1_101' title="bbox 75 2656 844 2693">
     <span class='ocr_line' id='line_1_101' title="bbox 75 2656 844 2693; baseline 0.004 -12"><span class='ocrx_word' id='word_1_732' title='bbox 75 2656 88 2681; x_wconf 77' lang='grc' dir='ltr'>ὁ</span> <span class='ocrx_word' id='word_1_733' title='bbox 102 2657 143 2683; x_wconf 77' lang='grc' dir='ltr'>καὶ</span> <span class='ocrx_word' id='word_1_734' title='bbox 154 2659 232 2685; x_wconf 75' lang='grc' dir='ltr'>πάλαι</span> <span class='ocrx_word' id='word_1_735' title='bbox 245 2660 288 2686; x_wconf 68' lang='grc' dir='ltr'><strong>διὰ</strong></span> <span class='ocrx_word' id='word_1_736' title='bbox 301 2660 421 2691; x_wconf 79' lang='grc' dir='ltr'>Μωσέως</span> <span class='ocrx_word' id='word_1_737' title='bbox 436 2659 577 2693; x_wconf 77' lang='grc' dir='ltr'>ἐξαγαγὼν</span> <span class='ocrx_word' id='word_1_738' title='bbox 602 2659 630 2692; x_wconf 72' lang='grc' dir='ltr'>ἐξ</span> <span class='ocrx_word' id='word_1_739' title='bbox 645 2659 781 2693; x_wconf 79' lang='grc' dir='ltr'>Αἰγύπτου</span> <span class='ocrx_word' id='word_1_740' title='bbox 798 2658 844 2685; x_wconf 79' lang='grc' dir='ltr'>τὸν</span> 
     </span>
    </p>
   </div>
   <div class='ocr_carea' id='block_1_102' title="bbox 82 2701 844 2744">
    <p class='ocr_par' dir='ltr' id='par_1_102' title="bbox 82 2701 844 2744">
     <span class='ocr_line' id='line_1_102' title="bbox 82 2701 844 2744; baseline 0.003 -16"><span class='ocrx_word' id='word_1_741' title='bbox 82 2701 186 2738; x_wconf 82' lang='grc' dir='ltr'>Ἰσραήλ.</span> <span class='ocrx_word' id='word_1_742' title='bbox 203 2705 281 2738; x_wconf 81' lang='grc' dir='ltr'>Λέγει</span> <span class='ocrx_word' id='word_1_743' title='bbox 295 2703 350 2736; x_wconf 80' lang='grc' dir='ltr'><strong>οὖν,</strong></span> <span class='ocrx_word' id='word_1_744' title='bbox 366 2706 415 2736; x_wconf 77' lang='grc' dir='ltr'>ὅτι,</span> <span class='ocrx_word' id='word_1_745' title='bbox 432 2706 460 2731; x_wconf 83' lang='grc' dir='ltr'>ἐν</span> <span class='ocrx_word' id='word_1_746' title='bbox 474 2705 513 2740; x_wconf 84' lang='grc' dir='ltr'>τῷ</span> <span class='ocrx_word' id='word_1_747' title='bbox 527 2704 741 2744; x_wconf 62' lang='grc' dir='ltr'>προπορεύεσθαί</span> <span class='ocrx_word' id='word_1_748' title='bbox 756 2713 784 2731; x_wconf 87' lang='grc' dir='ltr'><strong>σε</strong></span> <span class='ocrx_word' id='word_1_749' title='bbox 797 2704 844 2731; x_wconf 75' lang='grc' dir='ltr'>τοῦ</span> 
     </span>
    </p>
   </div>
   <div class='ocr_carea' id='block_1_103' title="bbox 78 2747 845 2787">
    <p class='ocr_par' dir='ltr' id='par_1_103' title="bbox 78 2747 845 2787">
     <span class='ocr_line' id='line_1_103' title="bbox 78 2747 845 2787; baseline 0.005 -14"><span class='ocrx_word' id='word_1_750' title='bbox 78 2747 249 2784; x_wconf 74' lang='grc' dir='ltr'>ἐξεληλυθότος</span> <span class='ocrx_word' id='word_1_751' title='bbox 258 2759 302 2777; x_wconf 80' lang='grc' dir='ltr'><strong>σου</strong></span> <span class='ocrx_word' id='word_1_752' title='bbox 312 2751 340 2784; x_wconf 70' lang='grc' dir='ltr'><strong>ἐξ</strong></span> <span class='ocrx_word' id='word_1_753' title='bbox 350 2751 487 2785; x_wconf 79' lang='grc' dir='ltr'>Αἰγύπτου</span> <span class='ocrx_word' id='word_1_754' title='bbox 501 2751 577 2785; x_wconf 78' lang='grc' dir='ltr'>λαοῦ,</span> <span class='ocrx_word' id='word_1_755' title='bbox 586 2751 622 2786; x_wconf 77' lang='grc' dir='ltr'><strong>γῆ</strong></span> <span class='ocrx_word' id='word_1_756' title='bbox 635 2751 755 2787; x_wconf 75' lang='grc' dir='ltr'>ἐσείσθη,</span> <span class='ocrx_word' id='word_1_757' title='bbox 770 2759 845 2777; x_wconf 83' lang='grc' dir='ltr'>τουτ-</span> 
     </span>
    </p>
   </div>
   <div class='ocr_carea' id='block_1_104' title="bbox 111 2843 320 2880">
    <p class='ocr_par' dir='ltr' id='par_1_104' title="bbox 111 2843 320 2880">
     <span class='ocr_line' id='line_1_104' title="bbox 111 2843 320 2880; baseline 0.01 -9"><span class='ocrx_word' id='word_1_758' title='bbox 111 2843 134 2859; x_wconf 86' lang='grc'><strong>¹⁶</strong></span> <span class='ocrx_word' id='word_1_759' title='bbox 146 2843 194 2872; x_wconf 86' lang='lat' dir='ltr'><strong>lsa.</strong></span> <span class='ocrx_word' id='word_1_760' title='bbox 208 2853 280 2880; x_wconf 78' lang='lat' dir='ltr'><strong>xux,</strong></span> <span class='ocrx_word' id='word_1_761' title='bbox 294 2846 320 2873; x_wconf 89' lang='lat'><strong>9.</strong></span> 
     </span>
    </p>
   </div>
   <div class='ocr_carea' id='block_1_105' title="bbox 899 2242 1684 2278">
    <p class='ocr_par' dir='ltr' id='par_1_105' title="bbox 899 2242 1684 2278">
     <span class='ocr_line' id='line_1_105' title="bbox 899 2242 1684 2278; baseline 0 -8"><span class='ocrx_word' id='word_1_762' title='bbox 899 2243 1051 2270; x_wconf 67' lang='lat' dir='ltr'><strong>dmmonum</strong></span> <span class='ocrx_word' id='word_1_763' title='bbox 1069 2243 1171 2269; x_wconf 87' lang='lat' dir='ltr'><strong>cultum</strong></span> <span class='ocrx_word' id='word_1_764' title='bbox 1187 2247 1275 2269; x_wconf 83' lang='lat' dir='ltr'><strong>vocat.</strong></span> <span class='ocrx_word' id='word_1_765' title='bbox 1303 2242 1433 2269; x_wconf 83' lang='lat' dir='ltr'><strong>Similiter</strong></span> <span class='ocrx_word' id='word_1_766' title='bbox 1453 2250 1496 2269; x_wconf 80' lang='lat' dir='ltr'><strong>eas</strong></span> <span class='ocrx_word' id='word_1_767' title='bbox 1510 2244 1554 2276; x_wconf 86' lang='lat' dir='ltr'><strong>qui</strong></span> <span class='ocrx_word' id='word_1_768' title='bbox 1575 2251 1684 2278; x_wconf 68' lang='lat' dir='ltr'><strong>exaspe-</strong></span> 
     </span>
    </p>
   </div>
   <div class='ocr_carea' id='block_1_106' title="bbox 899 2288 1683 2323">
    <p class='ocr_par' dir='ltr' id='par_1_106' title="bbox 899 2288 1683 2323">
     <span class='ocr_line' id='line_1_106' title="bbox 899 2288 1683 2323; baseline 0.001 -8"><span class='ocrx_word' id='word_1_769' title='bbox 899 2293 976 2322; x_wconf 82' lang='lat' dir='ltr'><strong>rant,</strong></span> <span class='ocrx_word' id='word_1_770' title='bbox 1003 2289 1048 2323; x_wconf 87' lang='lat' dir='ltr'><strong>qui</strong></span> <span class='ocrx_word' id='word_1_771' title='bbox 1064 2289 1184 2314; x_wconf 79' lang='lat' dir='ltr'><strong>habitant</strong></span> <span class='ocrx_word' id='word_1_772' title='bbox 1203 2289 1231 2314; x_wconf 85' lang='lat' dir='ltr'><strong>in</strong></span> <span class='ocrx_word' id='word_1_773' title='bbox 1245 2289 1382 2322; x_wconf 76' lang='lat' dir='ltr'><strong>sepulcris.</strong></span> <span class='ocrx_word' id='word_1_774' title='bbox 1399 2288 1456 2315; x_wconf 85' lang='lat' dir='ltr'><strong>Hoc</strong></span> <span class='ocrx_word' id='word_1_775' title='bbox 1469 2288 1507 2315; x_wconf 90' lang='lat' dir='ltr'><strong>ait</strong></span> <span class='ocrx_word' id='word_1_776' title='bbox 1520 2289 1583 2323; x_wconf 89' lang='lat' dir='ltr'><strong>quia</strong></span> <span class='ocrx_word' id='word_1_777' title='bbox 1598 2289 1625 2315; x_wconf 90' lang='lat' dir='ltr'><strong>in</strong></span> <span class='ocrx_word' id='word_1_778' title='bbox 1640 2289 1683 2316; x_wconf 90' lang='lat' dir='ltr'><strong>in-</strong></span> 
     </span>
    </p>
   </div>
   <div class='ocr_carea' id='block_1_107' title="bbox 897 2333 1684 2368">
    <p class='ocr_par' dir='ltr' id='par_1_107' title="bbox 897 2333 1684 2368">
     <span class='ocr_line' id='line_1_107' title="bbox 897 2333 1684 2368; baseline 0 -8"><span class='ocrx_word' id='word_1_779' title='bbox 897 2333 1004 2360; x_wconf 76' lang='lat' dir='ltr'><strong>fernum</strong></span> <span class='ocrx_word' id='word_1_780' title='bbox 1020 2333 1167 2368; x_wconf 82' lang='lat' dir='ltr'><strong>profectus,</strong></span> <span class='ocrx_word' id='word_1_781' title='bbox 1185 2333 1327 2367; x_wconf 74' lang='lat' dir='ltr'><strong>spiritibus</strong></span> <span class='ocrx_word' id='word_1_782' title='bbox 1344 2333 1406 2360; x_wconf 86' lang='lat' dir='ltr'><strong>istic</strong></span> <span class='ocrx_word' id='word_1_783' title='bbox 1425 2334 1599 2360; x_wconf 79' lang='lat' dir='ltr'><strong>versantibus</strong></span> <span class='ocrx_word' id='word_1_784' title='bbox 1615 2341 1684 2368; x_wconf 70' lang='lat' dir='ltr'><strong>prae-</strong></span> 
     </span>
    </p>
   </div>
   <div class='ocr_carea' id='block_1_108' title="bbox 898 2379 1683 2415">
    <p class='ocr_par' dir='ltr' id='par_1_108' title="bbox 898 2379 1683 2415">
     <span class='ocr_line' id='line_1_108' title="bbox 898 2379 1683 2415; baseline -0.003 -7"><span class='ocrx_word' id='word_1_785' title='bbox 898 2381 997 2408; x_wconf 85' lang='lat' dir='ltr'><strong>dicavit</strong></span> <span class='ocrx_word' id='word_1_786' title='bbox 1010 2380 1056 2415; x_wconf 92' lang='lat' dir='ltr'><strong>qui</strong></span> <span class='ocrx_word' id='word_1_787' title='bbox 1073 2380 1205 2406; x_wconf 85' lang='lat' dir='ltr'><strong>increduli</strong></span> <span class='ocrx_word' id='word_1_788' title='bbox 1226 2379 1291 2406; x_wconf 88' lang='lat' dir='ltr'><strong>olitn</strong></span> <span class='ocrx_word' id='word_1_789' title='bbox 1306 2379 1423 2406; x_wconf 78' lang='lat' dir='ltr'><strong>fuerant.</strong></span> <span class='ocrx_word' id='word_1_790' title='bbox 1444 2380 1509 2406; x_wconf 87' lang='lat' dir='ltr'><strong>Illud</strong></span> <span class='ocrx_word' id='word_1_791' title='bbox 1529 2381 1619 2412; x_wconf 84' lang='lat' dir='ltr'><strong>enim,</strong></span> <span class='ocrx_word' id='word_1_792' title='bbox 1638 2380 1683 2414; x_wconf 84' lang='lat' dir='ltr'><strong>qui</strong></span> 
     </span>
    </p>
   </div>
   <div class='ocr_carea' id='block_1_109' title="bbox 898 2426 1655 2462">
    <p class='ocr_par' dir='ltr' id='par_1_109' title="bbox 898 2426 1655 2462">
     <span class='ocr_line' id='line_1_109' title="bbox 898 2426 1655 2462; baseline 0 -9"><span class='ocrx_word' id='word_1_793' title='bbox 898 2433 1066 2462; x_wconf 73' lang='lat' dir='ltr'><strong>exasperant,</strong></span> <span class='ocrx_word' id='word_1_794' title='bbox 1084 2427 1202 2462; x_wconf 88' lang='lat' dir='ltr'><strong>positum</strong></span> <span class='ocrx_word' id='word_1_795' title='bbox 1219 2431 1259 2453; x_wconf 86' lang='lat' dir='ltr'><strong>est</strong></span> <span class='ocrx_word' id='word_1_796' title='bbox 1269 2433 1333 2461; x_wconf 89' lang='lat' dir='ltr'><strong>pro,</strong></span> <span class='ocrx_word' id='word_1_797' title='bbox 1352 2426 1398 2460; x_wconf 89' lang='lat' dir='ltr'><strong>qui</strong></span> <span class='ocrx_word' id='word_1_798' title='bbox 1413 2430 1655 2461; x_wconf 82' lang='lat' dir='ltr'><strong>exasperavernnt.</strong></span> 
     </span>
    </p>
   </div>
   <div class='ocr_carea' id='block_1_110' title="bbox 933 2513 1683 2549">
    <p class='ocr_par' dir='ltr' id='par_1_110' title="bbox 933 2513 1683 2549">
     <span class='ocr_line' id='line_1_110' title="bbox 933 2513 1683 2549; baseline -0.007 -5"><span class='ocrx_word' id='word_1_799' title='bbox 933 2517 960 2548; x_wconf 86' lang='lat'><strong>8,</strong></span> <span class='ocrx_word' id='word_1_800' title='bbox 976 2515 1003 2543; x_wconf 85' lang='lat'><strong>9.</strong></span> <span class='ocrx_word' id='word_1_801' title='bbox 1022 2515 1106 2547; x_wconf 80' lang='lat' dir='ltr'><strong>Deus,</strong></span> <span class='ocrx_word' id='word_1_802' title='bbox 1132 2522 1190 2540; x_wconf 82' lang='lat' dir='ltr'><strong>cum</strong></span> <span class='ocrx_word' id='word_1_803' title='bbox 1212 2513 1370 2549; x_wconf 78' lang='lat' dir='ltr'><strong>egredereris</strong></span> <span class='ocrx_word' id='word_1_804' title='bbox 1393 2515 1420 2540; x_wconf 82' lang='lat' dir='ltr'><strong>in</strong></span> <span class='ocrx_word' id='word_1_805' title='bbox 1441 2519 1577 2548; x_wconf 72' lang='lat' dir='ltr'><strong>compedit</strong></span> <span class='ocrx_word' id='word_1_806' title='bbox 1593 2514 1683 2548; x_wconf 81' lang='lat' dir='ltr'><strong>populi</strong></span> 
     </span>
    </p>
   </div>
   <div class='ocr_carea' id='block_1_111' title="bbox 898 2560 1682 2596">
    <p class='ocr_par' dir='ltr' id='par_1_111' title="bbox 898 2560 1682 2596">
     <span class='ocr_line' id='line_1_111' title="bbox 898 2560 1682 2596; baseline -0.003 -7"><span class='ocrx_word' id='word_1_807' title='bbox 898 2563 947 2596; x_wconf 85' lang='lat' dir='ltr'><strong>tui,</strong></span> <span class='ocrx_word' id='word_1_808' title='bbox 965 2571 1023 2589; x_wconf 80' lang='lat' dir='ltr'><strong>cum</strong></span> <span class='ocrx_word' id='word_1_809' title='bbox 1035 2562 1208 2596; x_wconf 72' lang='lat' dir='ltr'><strong>pertransires</strong></span> <span class='ocrx_word' id='word_1_810' title='bbox 1224 2561 1251 2587; x_wconf 81' lang='lat' dir='ltr'><strong>in</strong></span> <span class='ocrx_word' id='word_1_811' title='bbox 1267 2560 1380 2588; x_wconf 77' lang='lat' dir='ltr'><strong>deserto.</strong></span> <span class='ocrx_word' id='word_1_812' title='bbox 1398 2560 1520 2587; x_wconf 76' lang='lat' dir='ltr'><strong>Declarat</strong></span> <span class='ocrx_word' id='word_1_813' title='bbox 1533 2580 1540 2592; x_wconf 89' lang='lat'><strong>,</strong></span> <span class='ocrx_word' id='word_1_814' title='bbox 1561 2569 1622 2587; x_wconf 87' lang='lat' dir='ltr'><strong>eum</strong></span> <span class='ocrx_word' id='word_1_815' title='bbox 1636 2561 1682 2595; x_wconf 91' lang='lat' dir='ltr'><strong>qui</strong></span> 
     </span>
    </p>
   </div>
   <div class='ocr_carea' id='block_1_112' title="bbox 897 2607 1683 2642">
    <p class='ocr_par' dir='ltr' id='par_1_112' title="bbox 897 2607 1683 2642">
     <span class='ocr_line' id='line_1_112' title="bbox 897 2607 1683 2642; baseline -0.003 -6"><span class='ocrx_word' id='word_1_816' title='bbox 897 2609 930 2636; x_wconf 83' lang='lat' dir='ltr'><strong>ad</strong></span> <span class='ocrx_word' id='word_1_817' title='bbox 950 2608 1085 2635; x_wconf 81' lang='lat' dir='ltr'><strong>infernum</strong></span> <span class='ocrx_word' id='word_1_818' title='bbox 1099 2614 1186 2642; x_wconf 89' lang='lat' dir='ltr'><strong>usque</strong></span> <span class='ocrx_word' id='word_1_819' title='bbox 1208 2607 1365 2636; x_wconf 84' lang='lat' dir='ltr'><strong>descendit.</strong></span> <span class='ocrx_word' id='word_1_820' title='bbox 1382 2608 1506 2634; x_wconf 78' lang='lat' dir='ltr'><strong>eumdem</strong></span> <span class='ocrx_word' id='word_1_821' title='bbox 1524 2607 1609 2641; x_wconf 73' lang='lat' dir='ltr'><strong>ipsum</strong></span> <span class='ocrx_word' id='word_1_822' title='bbox 1622 2614 1683 2634; x_wconf 80' lang='lat' dir='ltr'><strong>esse</strong></span> 
     </span>
    </p>
   </div>
   <div class='ocr_carea' id='block_1_113' title="bbox 895 2651 1680 2690">
    <p class='ocr_par' dir='ltr' id='par_1_113' title="bbox 895 2651 1680 2690">
     <span class='ocr_line' id='line_1_113' title="bbox 895 2651 1680 2690; baseline -0.006 -8"><span class='ocrx_word' id='word_1_823' title='bbox 895 2655 941 2690; x_wconf 87' lang='lat' dir='ltr'><strong>qui</strong></span> <span class='ocrx_word' id='word_1_824' title='bbox 962 2654 1026 2682; x_wconf 91' lang='lat' dir='ltr'><strong>olim</strong></span> <span class='ocrx_word' id='word_1_825' title='bbox 1049 2661 1098 2688; x_wconf 86' lang='lat' dir='ltr'><strong>per</strong></span> <span class='ocrx_word' id='word_1_826' title='bbox 1118 2652 1220 2680; x_wconf 86' lang='lat' dir='ltr'><strong>Mosem</strong></span> <span class='ocrx_word' id='word_1_827' title='bbox 1246 2652 1340 2679; x_wconf 87' lang='lat' dir='ltr'><strong>eduxit</strong></span> <span class='ocrx_word' id='word_1_828' title='bbox 1364 2653 1488 2679; x_wconf 87' lang='lat' dir='ltr'><strong>lsraelem</strong></span> <span class='ocrx_word' id='word_1_829' title='bbox 1508 2660 1541 2678; x_wconf 80' lang='lat' dir='ltr'><strong>ex</strong></span> <span class='ocrx_word' id='word_1_830' title='bbox 1553 2651 1680 2686; x_wconf 68' lang='lat' dir='ltr'><strong>Egypto.</strong></span> 
     </span>
    </p>
   </div>
   <div class='ocr_carea' id='block_1_114' title="bbox 894 2697 1680 2736">
    <p class='ocr_par' dir='ltr' id='par_1_114' title="bbox 894 2697 1680 2736">
     <span class='ocr_line' id='line_1_114' title="bbox 894 2697 1680 2736; baseline -0.006 -8"><span class='ocrx_word' id='word_1_831' title='bbox 894 2702 939 2728; x_wconf 85' lang='lat' dir='ltr'><strong>Ait</strong></span> <span class='ocrx_word' id='word_1_832' title='bbox 954 2701 1036 2736; x_wconf 86' lang='lat' dir='ltr'><strong>igitur</strong></span> <span class='ocrx_word' id='word_1_833' title='bbox 1051 2709 1057 2727; x_wconf 89' lang='lat'>:</span> <span class='ocrx_word' id='word_1_834' title='bbox 1074 2700 1142 2727; x_wconf 88' lang='lat' dir='ltr'><strong>Cum</strong></span> <span class='ocrx_word' id='word_1_835' title='bbox 1157 2699 1287 2734; x_wconf 88' lang='lat' dir='ltr'><strong>populum</strong></span> <span class='ocrx_word' id='word_1_836' title='bbox 1309 2703 1384 2726; x_wconf 87' lang='lat' dir='ltr'><strong>tnutn</strong></span> <span class='ocrx_word' id='word_1_837' title='bbox 1405 2706 1436 2725; x_wconf 84' lang='lat' dir='ltr'><strong>ex</strong></span> <span class='ocrx_word' id='word_1_838' title='bbox 1450 2697 1567 2733; x_wconf 58' lang='lat' dir='ltr'><strong>(Egyplo</strong></span> <span class='ocrx_word' id='word_1_839' title='bbox 1587 2705 1680 2731; x_wconf 79' lang='lat' dir='ltr'><strong>egres-</strong></span> 
     </span>
    </p>
   </div>
   <div class='ocr_carea' id='block_1_115' title="bbox 897 2744 1679 2779">
    <p class='ocr_par' dir='ltr' id='par_1_115' title="bbox 897 2744 1679 2779">
     <span class='ocr_line' id='line_1_115' title="bbox 897 2744 1679 2779; baseline -0.006 -4"><span class='ocrx_word' id='word_1_840' title='bbox 897 2755 957 2776; x_wconf 81' lang='lat' dir='ltr'><strong>sum</strong></span> <span class='ocrx_word' id='word_1_841' title='bbox 974 2746 1150 2779; x_wconf 63' lang='grc' dir='ltr'><strong>παιδεύει-οε,</strong></span> <span class='ocrx_word' id='word_1_842' title='bbox 1168 2750 1240 2773; x_wconf 86' lang='lat' dir='ltr'><strong>terra</strong></span> <span class='ocrx_word' id='word_1_843' title='bbox 1262 2749 1334 2772; x_wconf 87' lang='lat' dir='ltr'><strong>mota</strong></span> <span class='ocrx_word' id='word_1_844' title='bbox 1351 2749 1402 2777; x_wconf 87' lang='lat' dir='ltr'><strong>est,</strong></span> <span class='ocrx_word' id='word_1_845' title='bbox 1414 2744 1440 2772; x_wconf 90' lang='lat' dir='ltr'><strong>id</strong></span> <span class='ocrx_word' id='word_1_846' title='bbox 1454 2749 1503 2776; x_wconf 85' lang='lat' dir='ltr'><strong>est,</strong></span> <span class='ocrx_word' id='word_1_847' title='bbox 1514 2752 1561 2779; x_wconf 86' lang='lat' dir='ltr'><strong>per</strong></span> <span class='ocrx_word' id='word_1_848' title='bbox 1571 2751 1679 2770; x_wconf 82' lang='lat' dir='ltr'><strong>omnem</strong></span> 
     </span>
    </p>
   </div>
  </div>
