1922 3057
205 113 261 142 9.95

617 110 646 137 S.
666 106 852 136 ATHANASII
871 105 947 134 OPP.
961 103 1054 137 PARS
1071 103 1114 132 ill.
1135 118 1170 124 —
1187 101 1396 131 EXECETICA:

1783 101 1842 130 296

209 176 306 197 terram
318 168 436 204 pervasit
449 167 522 196 fama
535 168 625 196 exitus
635 175 741 195 eorum.
764 165 846 193 Terra
858 170 930 192 mota
940 169 990 197 est,

1049 163 1116 190 ἱστιν
1140 163 1182 194 εἰς
1206 163 1296 189 πᾶσαν
1313 162 1362 198 τὴν
1375 163 1426 198 γῆν
1438 160 1601 194 ἐξάκουστος
1614 161 1632 196 ἡ
1650 161 1738 194 ἔξοδος
1752 161 1840 187 αὑτοῦ

208 217 304 244 ctenim
318 215 375 243 caeli
387 215 594 242 distillaverunt.
618 213 822 241 Distillaverunt
839 211 898 238 cteli
912 211 992 244 spiri-

210 261 309 289 tualem
324 269 414 289 escam
427 260 552 288 videlicet
562 279 569 292 .
592 260 618 287 id
633 264 675 287 est
690 266 800 286 marina.
822 257 843 284 Δ
864 257 931 291 facie
943 256 992 283 Dei

209 306 298 334 Siuai.
313 306 341 334 Id
357 311 417 339 est,
442 306 490 334 Dei
508 306 555 341 qui
572 307 599 333 in
618 310 710 333 monte
726 304 792 332 Sina
807 304 892 339 legem
907 303 990 330 dedit.

208 352 231 379 Λ
246 352 314 388 [acie
329 351 379 379 Dei
393 351 491 379 Itrael.
503 350 586 380 Israel
599 356 642 379 est
659 358 737 378 meus
750 349 834 377 Deum
848 349 953 376 videns.

243 479 288 506 10.
307 478 430 506 Pluviam
452 478 630 505 voluntariam
644 478 807 513 segrcgubis,
829 477 898 504 Deus
910 497 917 509 ,
937 477 993 504 Iuv-

207 525 317 552 reditati
330 530 393 552 tuas.
426 523 547 551 Pluviam
565 525 641 554 dicit.
664 524 849 559 evangelicum
867 523 991 554 verbum,

205 571 282 606 juxta
297 571 379 598 illud:
398 570 543 598 Descendet
556 571 624 597 sicut
638 571 728 605 pluvia
745 571 772 596 in
788 569 868 596 t'ellus
883 569 917 595 ¹¹.
942 567 992 594 Vo-

207 617 354 643 luntariam
367 622 457 644 autem
470 636 477 648 ,
497 616 531 643 ad
547 616 694 643 discrimen
717 615 811 650 legalis
827 615 927 642 eultus.
945 613 993 640 ille

207 662 280 690 enim
295 670 350 689 nou
365 662 535 690 voluntarius
548 667 606 689 erat
619 662 696 696 juxta
717 661 768 688 hoc
786 660 889 687 dictum
903 669 909 686 2
927 659 991 692 Qui:

206 708 276 735 enim
290 708 425 743 requisivit
444 709 502 742 ipsa
520 708 552 735 de
567 709 687 734 manibus
706 707 799 734 uestris
809 706 850 732 "7
865 710 892 733 et
904 706 969 732 illud
984 714 990 732 :

209 752 374 780 Holocausta
400 759 486 781 vestra
511 761 561 779 non
584 757 645 779 sunt
671 757 790 787 accepta,
812 756 838 778 et
857 751 992 785 sacriﬁcia

207 804 293 826 vestra
309 807 360 826 non
368 799 526 835 placuerunt
537 798 599 825 mihi
610 798 644 826 ’³.
659 813 694 818 --
705 798 737 825 Et
751 798 888 832 inﬁrmata
902 802 951 829 est,
963 802 990 823 tu

207 853 266 872 vero
291 846 425 880 perfeciin
451 854 520 873 eam.
552 845 708 877 lulirmala,
736 844 835 879 inquit,
859 849 902 871 est
927 844 991 871 olim
1008 838 1029 865 Β

207 899 270 919 eum
292 892 363 919 idola
385 892 493 920 coleret.
505 891 647 919 Periecisti
667 899 749 926 porro
761 898 833 923 eam,
847 898 895 925 per
908 898 993 918 evan-

207 936 322 971 gelicum
339 937 452 964 verbum
473 937 594 963 vocando
606 937 704 970 ipsam.

243 983 288 1010 11.
304 982 440 1009 Animalia
455 987 501 1009 tua
514 982 670 1009 habitabant
687 982 714 1008 in
728 989 769 1008 eo.
795 981 929 1008 Animalia
949 980 995 1007 hic

206 1032 287 1055 vocat
302 1035 349 1055 eos
362 1029 408 1063 qui
422 1028 556 1055 viviﬁcam
572 1035 663 1054 escam
688 1027 877 1062 degustarunt.
898 1024 932 1052 1η
950 1034 993 1057 ea.

208 1073 236 1100 in
252 1081 317 1108 qua,
335 1074 388 1102 nisi
404 1074 431 1101 in
445 1074 605 1101 haereditate
622 1073 726 1106 ipsius?
743 1073 852 1099 Parasti
867 1073 895 1098 in
905 1071 994 1098 dulce-

207 1119 268 1146 dine
283 1125 328 1146 tua
342 1121 463 1155 pauperi,
483 1119 563 1146 Deus.
580 1119 682 1154 Ecquid
704 1119 827 1154 paravit,
854 1117 912 1144 nisi.
925 1117 994 1151 quod

208 1165 299 1191 oculus
314 1173 364 1191 non
379 1165 454 1196 vidit.
471 1173 515 1192 nec
533 1167 606 1192 auris
621 1164 772 1191 audivit“?
798 1162 864 1196 Quis
881 1171 992 1197 pauper,

208 1210 262 1237 nisi
276 1210 309 1237 de
328 1218 383 1245 quo
401 1212 469 1238 dixit
482 1221 488 1238 :
505 1211 581 1237 Beati
599 1218 724 1245 pauperes
739 1209 835 1244 spiritu
846 1229 854 1242 ,
869 1210 992 1244 quoniam

208 1258 325 1292 ipsorum
339 1261 379 1284 est
391 1264 496 1292 regnum
509 1257 632 1283 (trimum
644 1257 666 1272 "
678 1257 690 1283 ἲ

245 1349 288 1376 12.
311 1348 440 1376 Dominus
453 1349 527 1375 dabit
552 1348 655 1375 verbum
670 1347 909 1382 erangelizantibus
942 1347 993 1372 t't'r-

210 1399 264 1421 tute
280 1394 372 1421 multa.
389 1394 458 1429 Ipse.
474 1395 572 1428 inquit,
588 1393 690 1420 sanctis
706 1392 837 1426 apostolis
849 1392 905 1418 suis
920 1391 993 1418 dabit

209 1441 327 1472 verbum,
347 1444 377 1467 ut
391 1440 494 1474 possint
509 1438 685 1472 Erangclium
710 1438 867 1473 praedicare.
899 1437 993 1464 Simile

209 1491 300 1513 autem
318 1491 360 1513 est
376 1485 440 1512 illud
457 1494 464 1511 :
482 1484 571 1511 Nolite
593 1485 709 1519 cogitare
724 1485 854 1519 quomodo
871 1488 917 1510 aut
930 1484 992 1518 quid

209 1532 355 1567 loquamini
368 1539 378 1558 :
393 1531 500 1558 dabitur
514 1532 584 1558 enim
596 1533 667 1558 vobis
682 1532 710 1558 in
727 1531 776 1558 illa
791 1531 856 1557 liora
873 1529 935 1565 quid
951 1530 993 1556 lo-

209 1577 338 1612 quamini.
354 1576 416 1603 Non
428 1577 496 1603 enim
510 1584 553 1603 vos
569 1576 632 1603 estis
647 1576 691 1611 qui
707 1575 856 1610 loquimini,
874 1575 918 1602 sed
935 1574 995 1610 δρία

210 1623 279 1649 ritus
294 1623 384 1649 Patris
397 1622 447 1649 mli
464 1623 508 1657 qui
523 1622 640 1658 loquitur
659 1623 685 1648 iu
699 1622 811 1648 vobis".
839 1621 906 1649 Illud
917 1642 923 1654 ,
942 1623 995 1649 vir-

211 1672 265 1695 tute
278 1668 362 1695 multo
373 1690 380 1700 ,
408 1668 523 1695 refertur
536 1668 570 1695 ad
591 1669 648 1696 haec
664 1668 762 1700 verba,
779 1668 907 1694 Dominus
921 1668 996 1694 dabit

210 1714 315 1741 verbum
326 1735 333 1746 ,
357 1722 411 1741 non
423 1718 513 1741 autem
528 1714 560 1741 ad
579 1714 644 1741 illud
655 1734 662 1746 ,
688 1714 927 1749 euangelizantilms
940 1735 947 1746 ,
966 1718 997 1741 ut

210 1761 319 1796 quidam
335 1761 514 1788 atstimarunl.
541 1760 682 1795 Signiﬁcat
696 1761 767 1788 enim
777 1780 786 1793 ,
807 1760 882 1796 quod
897 1768 995 1795 magna

209 1806 310 1833 virtute
325 1804 396 1832 Deus
408 1805 520 1833 verbum
543 1805 656 1832 dalurus
679 1805 715 1832 sit
736 1805 995 1840 evangelizantibus,

211 1851 238 1878 id
254 1855 311 1882 est,
337 1851 370 1878 iis
395 1851 442 1886 qui
462 1850 597 1878 voluerint
613 1851 685 1878 bona
706 1854 799 1878 nostra
823 1851 995 1882 annuntiare,

210 1897 270 1932 ipse
285 1903 439 1923 sermonem
453 1897 553 1932 prazbet
563 1916 570 1928 ,
591 1897 638 1932 qui
655 1896 857 1932 evangelizandi
873 1897 996 1923 occasio-

211 1950 274 1971 nem
288 1942 372 1971 dedit.

246 1988 290 2015 13.
312 1987 367 2015 Rea:
379 1988 506 2015 virtutum
529 1986 629 2015 dilecti.
662 1987 720 2022 Ipse
743 1987 847 2015 scilicet
864 1986 997 2014 Dominus

212 2034 259 2069 qui
273 2034 347 2061 dedit
358 2034 469 2061 verbum
486 2033 656 2060 initiantibus
670 2042 677 2060 :
694 2034 751 2067 ipse
766 2040 883 2067 namque
894 2037 936 2060 est
949 2040 996 2059 rex

213 2079 304 2108 dilecti
329 2079 442 2114 populi:
464 2079 520 2114 ipse
540 2079 604 2105 item
620 2083 663 2106 est
686 2079 772 2105 virtus
794 2077 862 2112 ejus.
896 2077 997 2111 Speciei

212 2125 306 2153 domus
323 2125 438 2152 dividere
453 2124 548 2159 spolia.
562 2124 665 2151 Domus
681 2127 745 2150 sunt
757 2131 804 2158 qui
817 2123 843 2150 in
855 2122 996 2150 Christum

213 2171 386 2199 crediderunt
400 2180 407 2198 :
425 2170 529 2205 species
541 2173 632 2196 autem
651 2169 766 2201 domus,
783 2169 869 2196 sancti
881 2168 940 2204 ejus
954 2168 996 2195 di-
1011 2174 1033 2202 ι)

214 2217 311 2252 scipuli
325 2220 353 2244 et
367 2215 492 2251 apostoli.
511 2215 557 2242 Ait
573 2214 665 2250 igitur.
683 2222 745 2242 eum
759 2214 935 2250 evangelistis
947 2214 997 2242 da-

213 2267 305 2289 turum
318 2269 379 2289 esse
398 2261 510 2289 verbum
521 2280 528 2292 ,
555 2265 586 2288 ut
603 2260 724 2288 dividant
737 2259 823 2295 spolia
836 2279 844 2292 ,
870 2260 896 2287 id
909 2264 952 2287 est
969 2263 998 2286 ut

214 2308 323 2335 trahant
335 2312 428 2342 gentes
442 2307 475 2334 ad
490 2307 580 2338 tidem,
600 2310 627 2333 et
638 2306 788 2341 exspolient
800 2305 940 2333 Satanam.

250 2442 294 2468 14.
315 2440 345 2468 Si
357 2440 493 2467 dormiatis
512 2442 580 2468 inter
598 2441 697 2467 medios
713 2441 806 2468 claros.
832 2441 871 2468 Ad
888 2446 998 2469 sanctos

216 2487 353 2522 apostolos
366 2494 456 2514 sermo
469 2487 594 2514 refertur.
620 2487 666 2519 Si,
682 2487 786 2522 inquit,
802 2494 852 2514 vos
864 2487 999 2522 accipiant

216 2533 291 2560 cleri.
306 2532 399 2560 Cieros
411 2536 502 2560 autem
514 2537 591 2560 vocat
603 2540 651 2560 eos
671 2533 718 2568 qui
736 2540 768 2560 ex
783 2532 891 2560 duobus
908 2541 997 2567 popu-

216 2580 250 2607 lis
260 2578 397 2607 credidere
410 2587 417 2605 :
433 2579 456 2606 si
474 2579 500 2605 iu
519 2578 586 2613 ipsis
600 2578 722 2613 requiem
737 2578 859 2606 habeatis
870 2599 877 2610 ,
890 2578 997 2605 (labun-

217 2630 261 2652 tur
274 2625 314 2652 eis
323 2631 413 2658 pennae
428 2623 566 2657 columboz,
582 2624 657 2659 cujus
668 2625 816 2659 posteriora
833 2624 906 2651 dorsi
919 2624 1000 2651 deau-

218 2675 277 2697 rata
293 2675 379 2697 erunt.
395 2670 440 2697 Ait
458 2674 546 2697 autem
567 2670 699 2705 Spiritum
721 2677 847 2698 sanctum
873 2675 999 2704 acceptu-

218 2724 263 2743 ros
273 2723 333 2744 esse
346 2715 392 2751 qui
404 2716 540 2751 apostolos
554 2716 715 2750 receperint.
740 2715 906 2751 Μετάφρενα
925 2723 999 2748 vero,

253 2808 273 2824 ¹¹
289 2807 446 2840 Psal.t.nt.
468 2807 494 2835 6.
523 2809 546 2824 ¹²
559 2808 613 2836 lsa.
634 2816 654 2841 I,
671 2808 714 2835 12.
748 2808 771 2824 ’⁸
785 2807 886 2835 Jerem.
905 2815 942 2840 vi,
963 2807 1008 2836 20.

1042 208 1197 242 γεγένηται.
1245 207 1290 240 Γῆ
1319 207 1460 240 ἐσείσθηι
1493 206 1542 232 καὶ
1571 206 1627 240 γὰρ
1656 207 1684 232 ol
1713 206 1841 240 οὐρανοὶ

1042 252 1184 284 ἕσταξαν.
1203 251 1337 284 Ἔσταξαν
1349 252 1373 278 oi
1388 250 1497 286 οὐρανοὶ
1508 250 1556 285 τὴν
1573 250 1761 285 πνευματικὴν
1774 258 1842 284 epo-

1042 297 1095 333 φὴν
1111 297 1252 332 δηλονότι·
1267 297 1342 330 λέγει
1359 296 1387 322 δὲ
1404 296 1451 322 καὶ
1479 295 1510 322 τὸ
1528 295 1628 330 μάννα.
1653 295 1719 322 Ἀπὸ
1741 303 1841 329 προσ·

1041 342 1124 369 ώπου
1136 343 1190 369 τοῦ
1210 342 1283 369 Θεοῦ
1304 341 1357 368 τοῦ
1370 340 1452 368 Σινά.
1477 341 1550 367 Ἀντὶ
1572 340 1619 367 τοῦ
1630 361 1638 372 ,
1655 341 1684 366 ἐν
1699 340 1756 375 δρει
1770 340 1841 366 Σινὰ

1042 387 1087 414 τὸν
1110 388 1192 423 νόμον
1224 388 1376 423 ὁρίσαντος.
1397 387 1469 414 Ἀπὸ
1496 386 1658 420 προσώπου
1683 386 1737 413 τοῦ
1759 386 1839 412 Θεοῦ

1049 432 1177 468 Ἰσραήλ.
1203 433 1311 469 Ἰσραὴλ
1324 433 1386 465 νοῦζ
1402 433 1472 468 ὁρῶν
1489 433 1565 460 Θεόν.

1077 479 1196 514 Προχὴν
1207 479 1352 506 ἑκουσίαν
1367 478 1509 514 ἀφοριεῖς,
1529 480 1546 505 ό
1561 478 1633 512 Θεὸς
1644 498 1651 511 ,
1668 478 1705 512 τῆ
1725 480 1840 512 κληρο-

1042 526 1130 560 νομίᾳ
1143 532 1212 552 σου.
1227 525 1332 561 Βροχὴν
1348 525 1397 560 μὲν
1412 525 1457 551 τὸν
1470 523 1647 559 εὐαγγελικὸν
1663 524 1742 558 λόγον
1755 525 1838 560 φησὶ,

1042 571 1114 598 κατὰ
1126 571 1157 597 τό
1166 578 1172 585 ·
1184 571 1389 605 Καταϐήσεται
1404 571 1444 604 ὡς
1457 571 1543 603 ὑετὸς
1553 571 1601 597 ἐπὶ
1613 571 1716 597 πόκον.
1735 571 1840 597 Ἐκενύ-

1042 624 1111 644 trior
1130 618 1158 644 δὲ
1174 617 1242 653 πρὸς
1267 617 1470 652 ἁντιδιαστολὴν
1492 617 1542 652 τῆς
1558 617 1673 652 νομικῆς
1695 617 1838 652 λατρείας.

1048 662 1155 689 Ἐκεῖνα
1171 665 1225 698 γὰρ
1240 663 1290 689 οὐκ
1304 661 1337 698 ἦν
1363 663 1438 698 αὐτῷ
1453 663 1565 690 ἑκούσια
1581 662 1652 689 κατὰ
1675 662 1705 689 τὸ
1722 664 1840 698 εἰρημέ-

1041 717 1103 735 νον·
1134 710 1181 742 τις
1205 709 1260 744 γὰρ
1284 708 1463 743 ἐξεζιξτησεν
1484 708 1560 736 αὐτὰ
1585 709 1620 736 ἐκ
1643 709 1702 735 τῶν
1726 709 1840 743 χειρῶν

1042 753 1144 788 ducor:
1164 754 1212 781 mi.
1224 754 1255 780 τό
1267 762 1274 770 ·
1303 755 1341 781 Τὰ
1367 754 1597 789 ὁλοκαυτώματά
1619 763 1676 781 σου
1703 756 1757 781 οὐχ
1775 755 1838 780 εΙσὶ

1041 798 1140 830 δεκτὰ,
1150 799 1199 825 καὶ
1215 801 1244 826 al
1259 800 1361 826 θυσίαι
1377 799 1460 834 ὑμῶν
1476 801 1532 835 οὐχ
1549 799 1665 833 ῆδυνάν
1675 802 1836 834 pem—Kal

1042 844 1206 879 ἠσθένησε.
1219 845 1260 872 σὺ
1275 845 1309 872 δὲ
1321 846 1486 880 κατηρτίσω
1498 846 1603 880 αὐτήν.
1624 847 1771 881 Ἠσθένησε
1788 846 1841 881 μὲν

1044 891 1146 922 πάλαι,
1168 891 1212 917 ὅτε
1237 891 1440 927 εἰδωλολάτρει“
1461 892 1618 926 κατηρτίσω
1631 892 1658 918 δὲ
1674 893 1774 928 αὐτὴν,
1793 893 1842 918 διὰ

1043 935 1090 962 τοῦ
1105 935 1281 969 εὐαγγελικοῦ
1298 935 1416 967 καλέσας
1432 937 1620 972 κηρύγματος.

1042 1002 1050 1015 ι
1082 980 1120 1008 Τὰ
1133 979 1188 1010 (did
1201 987 1260 1008 σου
1275 981 1467 1008 κατοικοῦσιν
1479 982 1514 1008 ἐν
1529 980 1615 1016 αὐτῇ.
1637 983 1699 1009 Ζῶα
1715 983 1840 1011 ἐνταῦθά

1043 1034 1110 1060 φησι
1126 1026 1188 1057 τοὺς
1203 1026 1254 1060 τῆς
1275 1025 1407 1057 ζωοποιοῦ
1423 1027 1525 1062 τροφῆς
1540 1028 1744 1063 μετειληφότας.
1785 1031 1840 1056 Ἐν

1043 1071 1121 1106 αὐτῇ
1133 1071 1172 1103 δὲ,
1199 1072 1281 1107 τίνιῆ
1299 1073 1333 1108 τῇ
1350 1071 1518 1108 κληρονομίᾳ
1536 1073 1634 1105 αὐτοῦς
1654 1073 1836 1108 Ἠτειξμασας

1043 1118 1078 1143 ἑπ-
1090 1117 1127 1151 τῇ
1139 1118 1322 1152 χρηστότητι
1338 1126 1396 1144 σου
1409 1117 1449 1150 τῷ
1464 1118 1581 1153 πτωχῷ,
1599 1120 1615 1145 ὁ
1630 1119 1711 1151 Θείς.
1741 1120 1798 1146 Καὶ
1811 1121 1839 1146 τί

1043 1163 1190 1198 ἡτοίμασεν
1220 1162 1237 1197 ἢ
1257 1162 1276 1189 ᾶ
1293 1162 1447 1198 ὀφθαλμὸς
1463 1165 1519 1190 οὐκ
1547 1162 1608 1191 εἶδε
1633 1164 1682 1191 καὶ
1698 1162 1754 1197 οὖς
1779 1167 1838 1192 οὐκ

1043 1207 1174 1241 ἤκουσεε
1190 1207 1237 1240 Τίς
1250 1208 1279 1234 δὲ
1290 1209 1304 1234 ὁ
1315 1207 1422 1243 πτωχὸς
1436 1208 1452 1244 ἢ
1467 1209 1532 1244 περὶ
1558 1205 1595 1235 ὧν
1608 1209 1701 1245 εἴρηκε
1711 1229 1720 1241 ,
1732 1210 1839 1236 Μακά-

1039 1262 1100 1288 ριοι
1115 1255 1142 1280 ol
1156 1253 1267 1288 πτωχοὶ
1284 1252 1324 1286 τῷ
1347 1254 1510 1290 πνεύματι,
1539 1255 1584 1282 ὅτι
1598 1255 1696 1283 αὐτῶν
1711 1256 1730 1290 ὴ
1744 1257 1840 1288 βασι-

1042 1300 1110 1326 λεία
1121 1298 1181 1326 τῶν
1195 1299 1349 1334 cupavo-(Br;

1078 1346 1187 1379 Κύριος
1201 1344 1291 1372 δώσει
1307 1345 1390 1380 ῥῆμα
1405 1345 1468 1379 τοῖς
1491 1347 1767 1382 εὐαγγελιζομένοις
1785 1348 1839 1376 δυ-

1043 1389 1129 1425 νάμει
1142 1390 1253 1425 πολλῆ.
1277 1391 1363 1422 Αὐτὸς
1373 1413 1380 1423 ,
1401 1393 1468 1427 φησι
1481 1411 1488 1423 ,
1503 1394 1559 1424 τοῖς
1574 1393 1661 1427 ἁγίοις
1676 1394 1839 1427 ἀποστόλοις

1043 1435 1125 1462 αὑτοῦ
1137 1435 1224 1462 δώσει
1238 1435 1330 1470 ῥῆμα,
1346 1438 1385 1467 εἰς
1396 1437 1428 1464 τὸ
1439 1437 1568 1465 δύνασθαι
1580 1438 1696 1475 κηρύξαι
1706 1439 1737 1466 τὸ
1747 1440 1840 1475 Εὐαγ-

1043 1481 1144 1515 γέλιον.
1161 1482 1272 1517 Ὅμοιον
1285 1483 1312 1510 δὲ
1325 1484 1370 1510 τό”
1394 1484 1442 1518 Μὴ
1457 1484 1661 1519 μεριμνήσητε
1677 1486 1705 1512 τί
1721 1486 1838 1521 εἴπητε,

1044 1526 1063 1561 ἢ
1075 1527 1104 1554 τί
1119 1528 1275 1562 λαλήσητε
1285 1537 1291 1544 ·
1309 1529 1469 1563 δοθήσεται
1480 1530 1536 1565 γὰρ
1550 1531 1621 1566 ὑμῖν
1635 1532 1671 1558 ἐν
1684 1533 1788 1567 ἐκείνῃ
1802 1533 1840 1568 τῇ

1044 1572 1105 1608 ῶρςι
1116 1575 1145 1601 τι
1161 1574 1272 1608 etanta.
1288 1576 1342 1602 Kal
1357 1577 1413 1610 οὐχ
1432 1576 1516 1610 ὑμεῖς
1532 1577 1602 1604 ἐστε
1616 1579 1642 1604 ot
1658 1579 1839 1612 λαλοῦντες,

1045 1621 1124 1645 ἀλλὰ
1138 1619 1172 1645 τὸ
1187 1620 1308 1654 Πνεῦμα
1331 1620 1384 1648 τοῦ
1401 1623 1517 1656 Πατρός
1529 1631 1589 1657 μου
1610 1623 1643 1649 τὸ
1662 1625 1782 1652 ,λαλοῦν
1805 1625 1840 1651 ἐν

1045 1663 1126 1698 ὑμῖν.
1146 1664 1198 1695 Τὸ,
1215 1664 1339 1696 δυνάμει
1354 1666 1466 1701 πολλῇ,
1479 1667 1547 1703 πρὸς
1560 1668 1601 1700 τὸ,
1617 1669 1726 1703 Κύριος
1749 1669 1842 1696 δώσει

1041 1709 1135 1744 ῥῆμα,
1153 1711 1182 1736 οὺ
1198 1711 1265 1746 πρὸς
1277 1711 1318 1744 τὸ,
1339 1712 1622 1748 εὐαγγελιζομένοις,
1639 1714 1677 1746 ὦς
1692 1723 1767 1747 τινες
1780 1716 1839 1742 ἐνό-

1048 1765 1139 1791 μισαν.
1151 1756 1280 1784 Βούλεται
1296 1757 1350 1793 γὰρ
1364 1759 1461 1790 εἰπεῖν,
1476 1759 1518 1785 ὅτι
1530 1759 1598 1794 μετὰ
1616 1760 1717 1795 πολλῆς
1739 1762 1753 1787 ὁ
1772 1761 1841 1793 Θεὸς

1046 1801 1095 1837 τῆς
1113 1802 1204 1837 ἰσχύος
1218 1802 1298 1829 δώσει
1313 1804 1387 1839 ῥῆμα
1400 1805 1456 1836 τοῖς
1472 1804 1740 1841 εὐαγγελιζομένοις,
1759 1815 1841 1833 τουτ-

1046 1847 1116 1878 έστι,
1132 1847 1180 1873 τοῦ
1195 1847 1363 1882 διαγγέλλειν
1376 1849 1410 1876 τὰ
1418 1849 1539 1885 ἡμέτερα
1550 1851 1641 1885 ἀγαθὰ
1651 1851 1840 1888 βουλομένοις,

1046 1892 1127 1924 αὐτὸς
1139 1893 1252 1928 παρέχει
1263 1894 1309 1920 τὸν
1320 1893 1408 1928 λόγον,
1417 1896 1431 1921 ὁ
1441 1895 1489 1922 καὶ
1502 1895 1550 1931 τὴν
1561 1897 1688 1933 ἀφορμὴν
1698 1898 1746 1924 τοῦ
1758 1898 1842 1934 εὐαγ-

1046 1937 1218 1972 γελίσασοαι.

1087 1983 1118 2010 ‘0
1129 1983 1280 2016 ,βασιλεὺς
1291 1984 1350 2012 τῶν
1359 1985 1515 2021 δυνάμεων
1527 1987 1581 2014 τοῦ
1594 1988 1760 2022 ἀγαπητοῦ.
1784 1990 1842 2016 Λύ-

1046 2030 1091 2062 τὺς
1107 2030 1209 2066 Κύριος
1223 2031 1237 2056 ὁ
1252 2032 1340 2063 διδοὺς
1357 2032 1431 2067 ῥῆμα
1449 2034 1506 2064 τοῖς
1523 2036 1730 2069 μυπαγωγοῖς·
1756 2036 1842 2068 αὐτὸς

1047 2076 1100 2112 γάρ
1124 2077 1196 2103 ἐστιν
1210 2077 1224 2103 ό
1242 2077 1367 2112 βασιλεὺς
1381 2078 1428 2104 τοῦ
1443 2079 1586 2114 ἀγαπητοῦ
1601 2079 1665 2106 λαοῦ
1676 2087 1684 2096 ⁸
1711 2081 1793 2113 αὐτὸς
1809 2082 1842 2108 δέ

1047 2123 1104 2149 ἐστι
1113 2123 1194 2149 πάλιν
1203 2123 1220 2158 ὴ
1234 2122 1348 2158 δύναμις
1358 2123 1450 2151 αὑτοῦ.
1469 2124 1509 2159 Τῇ
1519 2126 1672 2160 ὼραιότητι
1687 2127 1740 2154 τοῦ
1752 2127 1840 2155 οἴκου

1047 2167 1199 2196 διελέσθαι
1221 2169 1332 2197 σχύλα.
1357 2168 1438 2202 Οἶκος
1464 2171 1513 2206 μὲν
1533 2172 1558 2198 οι
1578 2171 1772 2204 πιστεύσαντες
1798 2174 1842 2205 εἰς

1046 2214 1177 2250 Χριστόν⁸
1200 2214 1334 2251 ὡραιότης
1351 2215 1380 2242 δὲ
1392 2216 1440 2242 τοῦ
1458 2217 1531 2243 οἴκου
1547 2218 1570 2244 οἱ
1588 2217 1659 2252 ἅγιοι
1676 2219 1760 2246 αὑτοῦ
1787 2228 1844 2254 μα-

1047 2259 1128 2296 θηταὶ
1140 2261 1188 2288 καὶ
1199 2262 1354 2289 ἀπόστολοι.
1367 2262 1449 2297 Λέγει
1462 2261 1519 2295 οὖν,
1530 2264 1571 2290 ὅτι
1583 2266 1615 2300 τῇ
1629 2265 1777 2301 ὡραιότητι
1790 2266 1842 2293 τοῦ

1048 2305 1123 2332 οῐκου
1134 2326 1142 2338 ,
1167 2307 1290 2334 τουτέστι
1304 2309 1360 2340 τοῖς
1376 2308 1592 2343 εὐαγγελισταῑς,
1605 2310 1686 2342 αὐτὸς
1696 2310 1777 2338 δώσει
1791 2312 1844 2347 ῥῆ-

1051 2360 1104 2387 μα,
1119 2352 1186 2388 πρὸς
1203 2353 1232 2380 τὺ
1257 2353 1390 2382 διελέσθαι
1408 2354 1492 2382 σκύλα
1503 2375 1510 2384 .
1527 2356 1666 2383 τουτέστιν
1680 2356 1790 2384 ἑλκῦσαι
1806 2358 1843 2385 τὰ

1049 2397 1112 2433 ἔθνη
1125 2400 1158 2434 τῇ
1174 2398 1274 2431 πίστει,
1289 2401 1335 2427 καὶ
1351 2400 1496 2428 σκυλεῦσαι
1511 2402 1557 2429 τὸν
1573 2403 1707 2430 Σατανᾶν.

1091 2443 1162 2471 Ἐὰν
1177 2446 1337 2480 κοιμηθῆτε
1349 2447 1407 2474 ἀνὰ
1420 2448 1518 2482 μέσον
1532 2448 1592 2475 τῶν
1603 2448 1733 2482 κλήρων.
1769 2449 1844 2485 Πρὸς

1047 2490 1111 2522 τοὺς
1125 2491 1218 2525 ἁγίους
1228 2492 1391 2525 ἀποστόλους
1406 2494 1420 2520 ὁ
1432 2493 1520 2528 λόγος.
1535 2494 1607 2526 Ἐὰν,
1623 2495 1701 2530 φησὶ,
1711 2495 1843 2527 δέξωνται

1049 2536 1121 2570 ὑμᾶς
1135 2537 1160 2563 οἱ
1177 2537 1282 2572 κλῆροι.
1312 2538 1437 2573 Κλήρους
1457 2539 1485 2566 δὲ
1500 2539 1563 2571 τοὺς
1585 2541 1617 2566 ἐκ
1636 2540 1690 2566 τῶν
1706 2541 1754 2567 δύο
1767 2541 1843 2568 λαῶν

1049 2581 1245 2614 πιστεύσαντας
1259 2583 1322 2618 ἔφη.
1341 2583 1403 2610 Ἐὰν
1420 2582 1476 2615 οὖν,
1493 2585 1585 2620 φησὶν,
1601 2585 1795 2620 ἁναπαύσησθε
1812 2588 1843 2613 ὲν

1048 2627 1149 2658 αὐτοῖς,
1166 2626 1322 2663 δοθήσονται
1335 2629 1425 2661 αὐτοῖς
1446 2629 1591 2665 πτέρυγες
1604 2631 1791 2666 περιστερᾶς,
1806 2632 1843 2658 τὰ

1046 2671 1214 2706 μετάφρενα
1230 2673 1362 2707 ἐχούσης
1384 2675 1674 2710 περικεχριπωμέγα.
1702 2677 1782 2711 Λέγει
1793 2677 1841 2711 λδὲ,

1049 2717 1085 2748 ὼς
1094 2717 1163 2744 [1νεὺ
1168 2726 1251 2753 ματος
1263 2719 1338 2753 ἁγίου
1350 2719 1545 2756 ἁξιωθήσονται
1558 2723 1581 2748 οἱ
1593 2723 1655 2754 τοὺς
1668 2723 1763 2758 ἁγίους
1774 2709 1842 2750 diio-

1059 2808 1099 2835 "l
1111 2808 1174 2837 Cor.
1190 2817 1220 2842 ιι,
1235 2810 1262 2838 9.
1297 2812 1320 2828 ’³
1338 2812 1429 2841 Matth.
1446 2821 1473 2847 v,
1487 2814 1514 2842 3.
1550 2814 1572 2831 "
1587 2814 1681 2842 Matth.
1699 2824 1727 2847 χ,
1740 2815 1782 2848 i9,
1793 2817 1841 2844 ΞΘ.
