1922 3057
42 129 82 158 SOI

40 236 81 262 ότι.
102 234 146 260 Ἐν
157 233 238 268 μέσῳ
250 233 392 260 νεανίδων·
402 233 651 268 τυμπανιστριῶν.
672 233 802 264 Νεάνιδάς

41 289 95 314 φησι
104 280 149 311 τὰς
161 280 202 306 διὰ
213 279 258 306 τοῦ
269 279 345 313 ἁγίου
356 279 513 314 Πνεύματος
529 279 641 314 ἰσχυρὰς
654 279 803 314 γενομένας

40 326 84 352 τῶν
104 325 296 352 πιστευσάντων
321 325 426 360 ψυχὰς,
449 324 497 356 τὰς
520 325 747 356 κατακτυπούσας
764 324 803 360 τῷ

40 371 190 406 εὖαγγελιχῷ
204 370 358 406 κηρύγματι
371 370 418 405 τὴν
430 371 475 396 ὑπ’
487 371 608 405 οὐρανόν.
626 368 675 396 Ὧν
688 371 716 396 ὲν
729 371 802 405 μέσῳ

40 416 165 451 γεγόνασιν
181 417 204 443 οἱ
220 417 291 450 ἅγιοι
307 416 467 449 ἀπόστολοι,
487 416 605 452 δηλονότι
616 417 664 452 τῆς
678 416 804 452 λατρείας

41 463 189 497 ἐξάρχοντες.

73 507 117 533 Ἐν
131 506 299 539 ἐκκλησίαις
319 505 471 539 εὐλογεῖτε
487 505 541 532 τὸν
557 506 631 532 Θεὸν
647 506 755 540 Κύριον
768 506 802 533 ἐκ

41 551 128 586 πηγῶν
143 550 267 584 Ἰσραήλ.
293 551 381 586 Πηγαὶ
399 551 447 586 μὲν
459 551 505 578 τοῦ
527 551 634 587 Ἰσραὴλ
646 550 700 578 εἷεν
725 551 757 578 ἂν
777 553 802 578 οἱ

42 596 152 631 μακάριοι
161 596 303 631 προφῆται,
313 597 359 623 καὶ
369 596 420 631 πρό
431 605 463 630 γε
474 595 575 623 τούτων
587 598 601 623 ὁ
615 597 706 632 νόμος.
720 597 802 630 Λέγει

41 640 87 673 οὖν,
100 642 132 673 ὡς
144 642 246 669 ἄλλοθεν
257 643 286 668 οὐ
298 642 434 677 προσῆκεν
447 643 511 677 ἡμῖν
525 642 570 668 τὸν
583 642 648 668 Θεὸν
663 642 679 678 ἧ
696 643 728 668 ὲκ
741 643 803 669 τού-

41 696 86 713 των
107 687 186 713 αὐτῶν
210 687 376 722 ἀρυομένους
394 686 560 721 ὑμνολογεῖν.
590 687 675 714 Τοῦτο
690 687 718 714 δέ
736 695 802 722 φησι

41 727 79 758 διὰ
92 732 121 759 τὰ
133 731 265 768 ἑτερόδοξα
279 732 334 758 τῶν
350 732 496 767 αἰρετικῶν
513 733 722 768 συγγράμματα.
755 733 802 759 Ἐκ

43 778 87 813 γὰρ
97 779 144 804 τῶν
162 776 276 813 νομικῶν
292 778 338 804 καὶ
359 777 533 813 προφητικῶν
548 777 663 813 Γραφῶν
676 779 690 804 ὁ
702 777 802 813 Κύριος

43 824 168 857 εὖλογεῖται
190 823 257 859 πρὸς
281 822 333 849 τῶν
353 822 508 858 δυναμένων
529 823 634 849 ἀντλεῖν
659 823 690 854 ἐξ
713 823 802 850 αὐτῶν

43 868 154 902 σωτηρίου
169 867 256 902 πηγὴν
274 867 360 893 οὐσῶν
374 868 432 902 μετ’
447 868 612 902 εὐφροσύνης
631 867 702 904 ὕδωρ
713 888 719 898 ,
737 869 801 903 περὶ
816 863 838 890 Β

42 910 66 939 οὗ
79 912 158 946 ἔλεγεν
175 914 188 939 ὁ
205 912 300 947 Σωτήρ
311 920 317 927 ·
346 913 397 944 Ὃς
410 911 435 938 δ’
451 912 488 938 ἂν
506 913 558 945 πίῃ
575 913 609 939 ἐκ
625 913 678 939 τοῦ
693 913 801 946 ὕδατος

42 956 71 985 οὗ
83 958 131 992 ἐγὼ
144 957 240 991 δίδωμι
253 956 344 989 αὐτῷ,
358 957 419 989 ἕξει
430 958 464 984 ὲν
474 957 568 989 ἐαυτῷ
580 957 681 992 πηγὴν
692 957 800 990 ὕδατος

43 1002 186 1036 ἁλλομένου
207 1003 250 1034 εἰς
269 1001 344 1035 ζωὴν
357 1001 484 1029 αίώνιον.
520 1001 675 1035 Ἐλεγκτέον
695 1002 723 1028 δὲ
739 1003 801 1034 τοὺς

43 1047 185 1081 διαιροῦντας
204 1047 253 1082 τὴν
276 1046 396 1073 Παλαιὰν
410 1047 457 1073 καὶ
479 1047 550 1073 Νέαν
568 1047 695 1083 Γραφὴν,
715 1047 753 1078 ὡς
770 1047 801 1073 οὑ

43 1092 144 1118 δύνανται
157 1093 184 1119 ἐν
204 1092 362 1126 ἐκκλησίαις
376 1092 495 1126 εὐλογεῖν
510 1093 554 1119 τὸν
569 1092 634 1118 Θεὸν
643 1113 649 1125 ,
663 1093 713 1119 οὐκ
727 1092 801 1127 ἔχον-

42 1145 77 1169 τες
90 1138 132 1169 τὰς
145 1138 188 1164 τοῦ
204 1138 313 1173 Ἰσραὴλ
327 1138 428 1172 πηγὰς,
445 1138 504 1165 οὐδὲ
514 1139 560 1165 τὸν
577 1138 678 1174 Κύριον
694 1138 799 1165 αὐτῶν·

42 1183 79 1209 ἅτε
92 1184 133 1210 καὶ
148 1184 193 1218 τὴν
209 1183 324 1218 θεότητα
340 1184 451 1219 διαιρεῖν
463 1184 625 1220 τολμῶντες.

67 1229 129 1255 Ἐκεῖ
137 1229 275 1263 Βενιαμὶν
283 1229 421 1263 νεώτερος
432 1229 466 1255 ἐν
477 1228 628 1257 ἐκστάσει.
637 1230 725 1262 Ἐκεῖ,
738 1230 800 1263 ποῦ,

41 1273 87 1308 ῆὲν
101 1275 166 1309 μέσῳ
175 1274 227 1300 τῶν
239 1274 411 1308 ψαλλόντων;
433 1275 448 1300 Γ
452 1274 475 1306 ίς
488 1274 515 1301 δὲ
528 1275 543 1300 ὁ
554 1275 708 1310 Βενιαμὶνῆ
724 1277 737 1302 ὁ
752 1283 802 1310 μα-

42 1319 118 1354 κάριος
132 1320 275 1351 ἀπόστολος
288 1319 405 1352 Παῦλος,
418 1321 432 1346 ὁ
447 1321 478 1346 ἐκ
497 1320 582 1356 φυλῆς
598 1321 740 1356 Βενιαμίν;
765 1321 801 1348 Τὸ

40 1364 62 1390 δὲ
75 1365 214 1399 νεώτερος,
235 1365 282 1392 διὰ
302 1365 332 1391 τὸ
354 1365 464 1401 ὕστερον
488 1365 561 1401 αὐτῷ
575 1366 628 1392 τῶν
645 1366 800 1393 ἀποστόλων

41 1411 134 1446 ὖφθῆναι
143 1412 185 1437 τὸν
199 1411 311 1446 Κύριον.
342 1412 393 1437 Ἐν
403 1411 545 1438 ἐκστάσει
559 1412 588 1438 δὲ
602 1412 645 1438 διὰ
655 1412 704 1444 τὰς
717 1413 801 1448 ὑπερ-

41 1456 105 1488 6ολὰς
116 1457 164 1482 τῶν
178 1455 374 1491 ἁποκαλύψεών
397 1465 480 1492 φησι,
505 1457 575 1483 κατὰ
591 1457 620 1484 τὸ
639 1458 703 1494 παρ’
719 1457 800 1484 αὐτοῦ

41 1502 173 1536 εἰρημένον·
190 1502 262 1529 Εἴτε
282 1502 448 1536 ἐξέστημεν
462 1501 538 1535 Θεῷ,
553 1503 613 1529 εἴτε
632 1503 801 1537 σωφρονοῦ-
815 1527 835 1556 C

39 1555 83 1580 μεν
93 1548 162 1582 ὑμῖν.
175 1549 294 1579 Εἰκότως
306 1548 333 1573 δὲ
347 1548 427 1573 αὑτοῦ
442 1548 548 1583 πρώτου
558 1548 611 1575 τῶν
624 1548 710 1575 ἄλλων
721 1549 802 1583 ὲμνη-

43 1591 162 1625 μόνευσεν,
175 1593 220 1619 an:
234 1592 427 1627 περισσότερον
440 1592 494 1618 τῶν
510 1592 595 1619 ἄλλων
610 1593 800 1625 κοπιάσαντος.

43 1637 174 1670 Ἄρχοντες
192 1638 286 1665 Ἰούδα
297 1636 439 1672 ἡγεμόνες
451 1636 558 1664 αὐτῶν.
576 1638 721 1673 ’Ἄρχοντες
737 1638 801 1665 Ὶού-

41 1680 150 1709 lla-516v
161 1683 212 1710 τῶν
223 1683 379 1718 ψαλλόντων
395 1683 536 1718 ἡγεμόνες,
552 1684 627 1718 φησὶ,
642 1684 689 1710 καὶ
702 1683 800 1719 ἄρχον-

41 1736 76 1760 τες
88 1729 326 1765 ὲχειρστονήθησαν.
346 1729 398 1755 Ἐκ
413 1737 442 1754 τε
453 1728 503 1763 τῆς
521 1728 604 1754 Ἰούδα
615 1728 700 1762 φυλῆς
710 1749 718 1761 ,
729 1728 760 1754 ἔκ
771 1737 800 1755 τε

42 1774 80 1808 τῆς
89 1775 227 1807 Ζαϐουλὼν,
244 1775 277 1801 ἐκ
293 1783 323 1800 τε
334 1774 383 1809 τῆς
395 1773 560 1808 Νεφθαλείμ.
576 1774 630 1800 Καὶ
642 1775 674 1800 ὲκ
686 1774 734 1808 μὲν
749 1774 799 1800 Ζα-

42 1819 125 1846 ϐουλὼν
137 1820 179 1846 καὶ
192 1819 350 1854 Νεφθαλεὶμ
367 1819 467 1853 Πέτρος
483 1820 530 1845 καὶ
546 1817 670 1854 Ἀνδρὲις
685 1820 730 1845 καὶ
747 1819 799 1846 Ἰά-

42 1865 112 1897 κωϐος
123 1867 166 1892 καὶ
183 1866 309 1900 Ἰωάννης
320 1885 326 1896 ,
347 1864 414 1891 καθὸ
427 1864 458 1890 τὺ
482 1864 645 1898 Εὐαγγέλιον
663 1864 752 1900 δηλοῖ·
767 1866 800 1892 ὲκ

42 1909 64 1935 δὲ
75 1911 148 1937 Ἰούδα
161 1913 175 1938 ὁ
188 1911 251 1938 Λευϊ
262 1931 270 1943 ,
297 1911 355 1946 ἦτοι
380 1909 526 1942 Ματθαῐος,
542 1910 588 1936 καὶ
603 1910 627 1936 ol
644 1910 730 1947 ἕτεροι
746 1911 800 1938 τῶν

42 1955 182 1984 ἀποστόλων.
431 1982 435 1990 ,

72 2001 212 2034 Ἕντεινῖαι,
225 2004 241 2029 ό
254 2001 337 2035 Θεὸς,
351 2001 388 2036 τῇ
403 2000 526 2036 δυνάμει
538 2009 605 2028 σου.
620 2001 738 2037 Δύναμιν
752 2004 798 2031 τοῦ
814 2004 837 2032 D

44 2046 128 2082 Πατρδς
151 2049 194 2075 τὸν
216 2049 280 2076 Υἰόν
297 2057 381 2084 φησι,
406 2048 475 2074 κατὰ
498 2048 538 2074 τό·
569 2049 695 2082 Χριστὸς
723 2051 796 2078 Θεοῦ

44 2091 145 2127 δύναμις
165 2094 212 2121 καὶ
230 2094 305 2121 Θεσῦ
331 2094 433 2128 σοφία.
461 2093 619 2128 Παρακαλεῖ
643 2095 732 2121 τοίνυν
751 2095 798 2122 τὸν

45 2136 153 2173 Πατέραὸ
165 2139 340 2171 ἀποστολικὸς
356 2139 445 2174 χορὸς,
464 2139 507 2165 ἵνα
527 2139 672 2176 δυναμώσῃ
697 2141 800 2174 αὺτοῖς,

45 2181 56 2206 ὃ
69 2184 227 2218 κατήρτισεν
238 2185 349 2218 αὐτοῖς.
375 2185 407 2211 Τί
419 2185 447 2211 δὲ
461 2185 623 2220 κατήρτισεν
636 2187 727 2218 αὐτοῖς
742 2187 758 2222 ἢ
772 2187 803 2214 τὸ

45 2227 120 2262 σῶμας
145 2230 265 2257 Αίτοῦσιν
282 2229 327 2258 οὖν
359 2230 408 2265 τῆς
423 2230 525 2265 φθορᾶς
541 2231 733 2264 ἀπαλλάξαντα
753 2233 802 2268 τὴν

44 2272 172 2309 ἀφθαρσίαν
185 2276 301 2307 ἐνδῦσαι,
315 2275 328 2301 ὃ
343 2276 389 2302 καὶ
400 2276 506 2310 ποιήσει
524 2277 538 2302 6
560 2276 660 2311 Κύριος
683 2277 727 2303 ὅτε
751 2286 801 2305 κα-

43 2317 166 2353 ταῦήσεται
180 2322 208 2354 ἐξ
222 2321 346 2357 οὐρανοῦ,
375 2321 421 2347 καὶ
449 2321 474 2346 οἱ
495 2322 586 2356 νεκροὶ
609 2321 801 2358 ἐγερθήσονται

42 2362 160 2399 ἂφθαρτοι.
275 2366 279 2370 ”

75 2409 132 2437 Ἀπὸ
140 2411 189 2439 τοῦ
198 2412 273 2439 ναοῦ
286 2420 343 2439 σου
353 2411 401 2438 ἐπὶ
416 2412 607 2446 Ἰερουσαλήμ
619 2419 669 2439 σοι
680 2412 801 2439 οἴσουσι

42 2453 160 2490 βασιλεῖς
175 2456 259 2491 δῶρα.
284 2457 357 2484 Ναὸν
386 2457 435 2493 μὲν
451 2457 532 2484 αὐτοῦ
560 2458 610 2490 τὴν
638 2458 801 2492 Ἐκκλησίαν

44 2501 107 2534 φησὶ,
122 2501 240 2536 βασιλέας
265 2503 292 2530 δὲ
313 2503 375 2535 τοὺς
399 2502 594 2534 πιστεύσαντας
616 2504 656 2534 είς
685 2503 801 2538 Χριστὸν

43 2542 111 2578 λέγει,
123 2548 187 2575 κατὰ
197 2548 227 2574 τὸ
240 2548 381 2585 εἰρημένον
398 2549 489 2580 αὐτοῖς
504 2557 511 2563 ”
533 2548 633 2583 Ὑμεῖς
660 2548 694 2574 δὲ
709 2548 801 2580 ,βασι-

43 2590 112 2617 λειογ
122 2593 275 2628 ίεράτευμα.
291 2594 374 2629 Φησὶν
385 2591 442 2625 οὖν,
466 2593 504 2626 ὡς
519 2594 543 2619 οἱ
566 2592 728 2629 κεκλημένοι
755 2591 799 2619 διὰ

43 2635 84 2669 τῆς
96 2637 201 2671 πίστεως
223 2640 274 2666 ἀπὸ
297 2639 343 2666 τοῦ
366 2639 485 2673 ἐπιγείου
511 2638 584 2670 ναοῦ,
615 2638 735 2666 τουτέστι
751 2638 799 2673 τῆς

48 2677 197 2719 Ἐκκλησίας,
212 2686 251 2717 είς
276 2686 324 2721 τὴν
350 2685 406 2712 ἄνω
428 2684 602 2721 Ἰερουσαλὴμ
628 2684 702 2719 δῶρα
725 2683 800 2719 αὑτῷ

43 2729 239 2763 προσκομίσουσι·
256 2731 332 2766 δῆλον
343 2731 382 2764 δὲ,
393 2731 434 2758 ὃτι
443 2731 535 2766 νοητά.

74 2790 92 2807 ⁸³
103 2792 174 2833 {oar}
188 2804 226 2828 ιν,
240 2798 285 2825 et.
338 2799 360 2815 ³·
374 2799 438 2827 ibid.
454 2799 496 2833 i5,
513 2799 555 2827 tt.

44 2798 92 2852 ml"
103 2798 174 2844 ‘J’oan.
188 2804 226 2828 IV,
240 2798 285 2825 τι.
338 2799 360 2815 ³⁸
374 2799 438 2827 ibid.
454 2799 496 2833 I5,
513 2799 555 2827 η.
606 2800 627 2816 ’⁷
642 2798 661 2826 Il
675 2799 738 2828 Cor.
750 2798 832 2832 v,fl3.

133 2829 222 2859 lPetr.
243 2840 272 2866 ιι,
288 2833 315 2861 9.

530 129 712 160 EXPOSITIO
732 133 765 160 IN
783 134 947 164 PSALMUM
966 138 1068 168 LXVII.

42 197 96 224 ματι
106 188 149 215 καὶ
164 187 273 223 ἀληθείᾳ
288 187 424 223 λατρείας,
440 187 490 223 τῆς
504 188 683 222 εὺαηελικῆς
709 188 802 222 δηλον-
817 191 840 218 Α
853 203 880 226 ει
891 200 1003 227 veritate
1012 199 1034 215 u

1585 131 1638 161 503

1038 220 1045 232 ,
1068 200 1092 226 id
1103 205 1145 227 est
1160 200 1352 232 evangelicam.
1365 200 1399 228 In
1414 201 1497 228 medio
1509 209 1637 236 Juvencu-

852 246 939 271 Iarum
952 246 1205 280 tympanistriarum.
1215 245 1378 274 Juveuculas
1387 246 1453 274 dicit
1465 247 1634 274 credentium

852 289 967 322 animas,
989 297 1049 324 quae
1070 298 1117 325 per
1138 289 1268 325 Spiritum
1295 295 1419 318 sanetum
1438 291 1520 318 fortes
1536 291 1636 318 effecta:

853 339 925 366 sunt,
941 343 1000 370 quas
1014 343 1081 373 sono
1095 336 1257 371 evangelicae
1270 337 1471 371 praedicationis
1488 337 1580 363 orbem
1597 344 1637 363 re-

852 381 1001 415 pleverunt.
1020 381 1048 408 In
1067 389 1182 416 quarum
1203 382 1293 409 medio
1315 381 1391 408 fuere
1409 382 1495 409 sancti
1510 381 1634 416 apostoli,

853 430 946 461 utpote
960 426 1128 454 adorationis
1142 427 1290 461 principes.

891 515 935 542 27.
952 513 986 541 In
997 515 1111 542 ecclesiis
1128 515 1267 542 benedicite
1280 515 1333 541 Dea
1348 515 1459 542 Domino
1473 515 1504 542 de
1519 515 1634 550 fontibus

854 560 948 588 Israel.
960 560 1060 588 Fontes
1077 561 1158 588 Israel
1171 560 1271 588 fuerint
1284 561 1355 587 beati
1372 563 1519 597 prophetae,
1532 565 1558 588 et
1573 566 1635 588 ante

852 614 899 634 eos
916 607 969 633 lex.
989 607 1057 633 Dicit
1072 607 1164 641 igitur,
1182 614 1354 641 nequaquam
1375 614 1423 640 par
1441 613 1501 633 esse
1521 608 1634 640 hymnos

852 651 962 678 aliunde
976 658 1057 686 quam
1079 658 1112 677 ex
1129 651 1162 678 iis
1178 651 1290 678 haustos
1315 650 1412 677 offerre
1426 649 1491 678 Deo.
1512 649 1570 677 Hoc
1584 657 1633 676 au-

852 702 908 725 tem
931 698 968 724 ait
991 702 1100 732 propter
1125 697 1289 724 heterodoxa
1314 697 1504 723 limreticorum
1522 697 1633 731 scripta.

852 742 890 769 Ex
907 742 1039 777 legalibus
1058 743 1157 776 quippe
1179 742 1399 776 propheticisque
1415 741 1564 776 Scripturis
1583 741 1636 767 Do-

852 788 926 815 mino
938 787 1106 815 benedicitur
1114 788 1148 814 ab
1160 787 1194 814 iis
1206 787 1252 822 qui
1264 791 1379 821 possunt
1391 794 1424 813 ex
1438 787 1490 814 illis
1501 794 1561 821 qua:
1572 791 1635 813 sunt

853 832 914 860 fons
931 833 1036 863 salutis,
1059 840 1156 867 aquam
1180 840 1241 860 cum
1269 832 1362 859 laetitia
1385 832 1505 864 haurire,
1524 831 1557 858 de
1580 839 1633 866 qua

853 879 918 906 dicit
938 878 1061 905 Salvator
1077 878 1119 905 '5:
1138 877 1190 910 Qui
1208 877 1297 904 biberit
1311 885 1343 904 ea;
1365 885 1434 912 aqua
1447 885 1525 912 quam
1543 885 1588 912 ego
1600 877 1633 903 do

852 924 886 956 ei,
904 924 1005 950 habebit
1026 924 1054 950 in
1070 924 1154 957 seipso
1175 923 1273 957 fontem
1295 924 1355 950 vita?
1375 923 1495 949 salientis
1513 923 1541 949 in
1554 923 1634 949 vitam

852 974 987 997 (sternam.
1014 969 1183 1003 Cnarguendi
1216 973 1306 996 autem
1339 973 1404 996 sunt
1436 969 1483 1003 qui
1511 968 1634 995 dividunt

853 1020 967 1042 veterem
986 1015 1152 1049 Seripturam
1180 1022 1196 1041 a
1216 1007 1303 1047 nova,
1326 1014 1399 1049 quod
1418 1022 1470 1041 non
1486 1013 1592 1049 possint
1607 1014 1632 1040 in

852 1061 973 1089 ecclesiis
991 1060 1151 1088 benedicere
1170 1059 1234 1092 Deo,
1256 1067 1317 1086 cum
1335 1067 1390 1086 non
1409 1059 1527 1086 habeant
1546 1058 1634 1086 fontes

851 1106 971 1139 Israelis,
980 1113 1068 1141 neque
1076 1102 1221 1133 Dominum
1231 1112 1335 1138 eorum,
1347 1109 1438 1140 utpote
1451 1105 1497 1139 qui
1505 1104 1631 1132 deitatem

851 1152 971 1180 dividere
985 1159 1038 1179 non
1053 1152 1180 1179 audeant.

887 1242 931 1270 28.
948 1242 962 1269 1
966 1243 990 1269 bi
1000 1242 1139 1277 Benjamin
1149 1241 1359 1268 adolescentulus
1369 1241 1397 1268 in
1412 1241 1505 1268 mentis
1515 1248 1631 1268 excessu.

852 1286 904 1319 Ibi,
919 1287 1029 1314 ubinam
1043 1287 1095 1314 nisi
1110 1287 1138 1314 in
1147 1285 1235 1313 medio
1247 1285 1443 1320 psallentium?
1454 1286 1521 1319 Quis
1534 1291 1575 1313 est
1586 1293 1634 1313 au-

850 1338 904 1360 tem
917 1332 1066 1366 Beniamin,
1078 1331 1130 1358 nisi
1144 1331 1238 1359 beatus
1254 1330 1355 1358 Paulus
1366 1331 1412 1365 qui
1425 1339 1459 1358 ex
1474 1331 1544 1358 tribu
1562 1331 1633 1359 Ben-

848 1377 934 1412 jamin
959 1377 1037 1404 erat?
1060 1376 1126 1404 Illud
1149 1381 1250 1409 autem,
1273 1376 1494 1409 adolescentulus,
1522 1377 1632 1408 dicitur.

851 1423 915 1458 quia
928 1422 978 1458 ipsi
990 1426 1051 1457 post
1061 1422 1130 1450 alios
1142 1422 1279 1457 apostolos
1295 1422 1371 1449 visus
1383 1425 1426 1449 est
1440 1421 1584 1450 Dominus.
1599 1421 1632 1449 In

851 1475 956 1495 excessu
966 1472 1054 1495 autem
1067 1467 1175 1500 dicitur,
1185 1468 1219 1494 ob
1228 1468 1419 1494 revelationum
1433 1468 1632 1500 excellentiam,

850 1514 926 1548 juxta
940 1514 1004 1540 illud
1017 1514 1051 1540 ab
1063 1521 1095 1541 eo
1104 1513 1204 1541 dictum
1216 1523 1223 1541 :
1237 1512 1296 1540 Sive
1313 1518 1395 1540 mente
1409 1513 1556 1541 excedimus
1566 1513 1631 1546 Deo,

851 1562 904 1590 sive
917 1563 1045 1597 sapientes
1060 1570 1149 1588 sumus
1161 1561 1232 1588 vobis
1244 1560 1277 1588 ³⁷.
1289 1560 1354 1588 Jure
1365 1567 1455 1588 autem
1467 1561 1542 1588 illum
1558 1562 1634 1596 prius

833 1613 932 1644 'quam
952 1608 1020 1635 alios
1044 1611 1187 1639 memorat,
1204 1606 1269 1641 quia
1289 1606 1472 1634 abundantius
1487 1614 1568 1641 quam
1587 1607 1632 1634 alii

851 1653 993 1680 laboravit.
1018 1651 1152 1684 Principes
1175 1650 1248 1677 Juda
1272 1650 1350 1676 duces
1373 1658 1474 1677 eorum.
1492 1650 1632 1684 Principes

850 1697 928 1728 Juda.
946 1697 1117 1732 psallentium
1138 1697 1232 1727 duces,
1250 1696 1348 1730 inquit,
1363 1700 1391 1722 et
1412 1695 1547 1730 principes
1566 1703 1633 1722 con-

852 1745 940 1773 stituti
956 1749 1029 1772 sunt.
1044 1743 1084 1770 Ex
1097 1743 1169 1770 tribu
1186 1742 1267 1776 Juda,
1283 1750 1316 1769 ex
1335 1742 1406 1769 tribu
1423 1741 1543 1768 Zabulon
1560 1745 1587 1768 et
1599 1749 1632 1769 ex

853 1791 924 1819 tribu
946 1789 1100 1824 Nephthali.
1126 1787 1159 1815 Et
1182 1796 1215 1815 ex
1235 1788 1307 1815 tribu
1330 1787 1438 1821 quidem
1466 1786 1586 1814 Zabulon
1606 1792 1633 1815 et

852 1836 974 1872 Nephtali
987 1841 1062 1862 erant
1073 1835 1178 1867 Petrus,
1190 1833 1322 1866 Andreas,
1336 1833 1455 1861 Jacobus
1467 1838 1493 1860 et
1503 1832 1630 1864 Joannes.

852 1883 923 1910 sicut
934 1881 1107 1915 Evangelium
1130 1879 1250 1906 declarat
1266 1879 1298 1905 ³⁸.
1313 1878 1352 1905 Ex
1370 1878 1442 1905 tribu
1458 1877 1539 1911 Juda,
1555 1877 1631 1911 Levi,

852 1927 910 1963 sive
921 1926 1073 1957 Matthwus,
1087 1929 1114 1952 et
1128 1925 1173 1951 alii
1191 1923 1317 1959 apostoli.

884 2004 930 2032 ‘29.
943 2002 1053 2032 Munda.
1071 2001 1150 2033 Deus,
1162 2000 1253 2027 virtuti
1269 2003 1330 2026 tuae.
1341 1998 1474 2025 Virtutem
1484 1997 1574 2025 Patris
1583 1997 1631 2025 Fi-

851 2053 917 2080 lium
945 2050 1110 2084 dieit,juxta
1132 2047 1217 2075 illud:
1235 2046 1355 2074 Christus
1378 2045 1426 2072 Dei
1439 2046 1520 2072 virtus
1534 2050 1559 2072 et
1581 2045 1630 2072 De"

849 2098 980 2133 sapientia
992 2097 1025 2122 ³⁸.
1046 2095 1133 2129 Rogat
1148 2094 1240 2128 itaque
1256 2093 1362 2119 Patrem
1380 2091 1546 2126 apostolicus
1564 2091 1631 2119 cho-

853 2150 901 2170 rus
922 2146 952 2168 ut
975 2140 1117 2168 conﬁrmet
1142 2139 1169 2165 in
1195 2138 1245 2171 eis,
1261 2137 1329 2172 quod
1347 2141 1468 2171 operatus
1483 2141 1521 2163 est
1539 2138 1566 2163 in
1582 2137 1631 2164 eis.

853 2187 922 2221 Quid
936 2191 1064 2221 operatus
1083 2189 1125 2212 est
1141 2184 1197 2211 sive
1210 2182 1324 2218 perfecit
1339 2183 1367 2209 in
1380 2182 1431 2214 eis,
1444 2182 1496 2208 nisi
1513 2181 1633 2217 corpus?

852 2233 991 2261 Postulant
1008 2232 1099 2265 itaque
1123 2233 1152 2256 ut
1166 2229 1263 2256 liberet
1290 2228 1363 2262 ipsos
1377 2235 1394 2254 a
1408 2227 1590 2262 corruptione,
1606 2234 1633 2255 et

852 2278 946 2305 induat
962 2274 1203 2310 incorruptionem,
1216 2273 1288 2308 quod
1305 2272 1424 2300 facturus
1442 2271 1574 2299 Dominus
1591 2277 1633 2299 est

853 2332 914 2351 cum
927 2322 1073 2350 descendet
1091 2328 1125 2348 ex
1139 2320 1208 2348 cmlo
1222 2323 1248 2347 et
1262 2319 1362 2346 mortui
1377 2323 1521 2353 resurgent
1542 2319 1632 2346 ineor-

852 2369 926 2404 rupli
936 2369 968 2395 ⁸ο.

888 2415 932 2442 50.
948 2414 970 2440 Α
987 2413 1083 2448 templo
1100 2418 1145 2439 tuo
1166 2413 1194 2438 in
1212 2410 1360 2438 Jerusalem
1377 2410 1424 2438 tibi
1439 2411 1547 2445 olferznt
1561 2419 1631 2445 reges

851 2468 969 2488 munera.
990 2458 1130 2493 Templum
1155 2464 1234 2485 suum
1262 2457 1328 2484 dicit
1355 2450 1528 2489 Ecclesiam;
1555 2464 1631 2491 reges

851 2512 926 2537 vero,
947 2511 995 2531 eos
1012 2503 1058 2536 qui
1079 2502 1253 2530 crediderunt
1276 2501 1304 2528 in
1325 2500 1484 2533 Christum;
1509 2500 1588 2536 juxta
1606 2501 1630 2527 id

850 2550 923 2584 quod
938 2550 1039 2577 dictum
1054 2552 1096 2576 est
1109 2548 1162 2575 illis
1173 2547 1213 2574 δίε
1233 2547 1283 2574 Vos
1300 2552 1387 2574 autem
1403 2546 1491 2582 regale
1508 2546 1631 2573 sacerdo—

851 2597 927 2623 tium.
941 2595 986 2622 Ait
1001 2595 1083 2629 igitur
1093 2602 1141 2622 eos
1153 2594 1199 2629 qui
1212 2601 1259 2629 per
1272 2594 1352 2621 tidem
1364 2593 1452 2620 vocati
1468 2597 1531 2620 sunt
1545 2599 1559 2619 a
1575 2597 1630 2618 ter-

850 2649 917 2668 reno
928 2640 1038 2675 templo.
1048 2639 1074 2667 id
1085 2643 1126 2667 est
1136 2639 1267 2671 Ecclesia,
1277 2638 1309 2665 ad
1325 2645 1470 2673 supernam
1480 2636 1630 2664 Jerusalem

850 2685 922 2713 dona
938 2685 990 2720 ipsi
1004 2684 1145 2712 oblaturos
1158 2691 1230 2712 esse.
1245 2683 1374 2710 nimirum
1392 2681 1554 2717 spiritualia.

875 2798 898 2814 "
915 2796 1011 2825 Matth.
1031 2804 1068 2829 iv,
1084 2796 1127 2823 15.
1187 2795 1209 2811 ³⁹
1222 2793 1232 2821 I
1244 2793 1308 2822 Cor.
1323 2802 1342 2827 ι,
1364 2792 1417 2820 τι.
1435 2791 1459 2807 ⁵*
1479 2789 1568 2820 ICor.
1582 2796 1630 2824 xv,
