1922 3057
54 143 98 170 505
556 143 737 173 EXPOSlTlO
756 143 790 171 IN
809 143 976 173 PSALHUM
995 144 1110 171 LXVIII.

1602 143 1653 170 506

60 201 164 234 Ἰσραὴλ
175 201 193 234 ὴ
203 201 438 236 μεγαλοπρέπεια
445 202 547 235 αὐτοῦ,
559 202 610 230 καὶ
618 204 636 237 ἡ
645 203 770 238 δύναμις
778 204 820 230 αὐι

883 207 900 229 ἰ
915 204 996 230 uirtus
1011 203 1067 238 ejus
1087 204 1112 229 in
1134 201 1255 230 nubibus.
1271 202 1404 229 Mirabilis
1427 201 1495 229 Deus
1512 202 1540 228 in
1557 204 1655 230 sanctis

54 247 100 274 τοῦ
115 247 147 274 ὲν
160 247 222 280 ταῖς
238 247 385 282 νεφέλαις.
402 249 576 283 Θαυμαστὸς
592 251 608 276 ὁ
625 250 695 282 Θεὸς
714 249 748 276 ἐν
762 249 825 282 τοῖς

54 293 137 327 ἁγίοις
146 293 245 324 αὐτοῦ,
259 295 274 320 ὁ
290 293 361 326 Θεὸς
373 294 490 328 Ἰσραὴλ
501 295 590 327 αὐτὸς
599 295 686 322 δώσει
698 295 824 329 δύναμιν

53 339 95 366 καὶ
107 339 278 373 κραταίωσιν
289 338 328 372 τῷ
342 339 404 372 λαῷ
415 340 519 372 αὑτοῦ,
539 342 701 375 εὐλογητὸς
709 343 725 368 ό
737 342 816 374 Θεός.

59 385 154 420 Ἐπειδὴ
160 385 207 420 τῆς
213 385 339 420 δευτέρας
349 385 429 411 αὑτοῦ
440 386 591 422 παρουσίας
605 387 713 423 μνήμην
723 389 736 414 ὸ
745 387 822 421 λόγος

54 430 193 465 πεποίηται,
209 430 268 457 καθ¹
292 431 324 466 ἣν
348 431 450 463 πάντας
463 432 609 468 ἀναστήσει
622 434 684 464 τοὺς
699 434 821 468 νεκροὺς,

53 476 134 502 τούτου
148 476 223 512 χάριν
238 477 283 502 καὶ
300 477 349 508 τὰς
370 477 505 512 διαφόρως
517 477 753 513 ἀποδοθησομένας
765 480 822 510 τοῖς

53 522 128 556 ἁγίοις
155 522 233 557 τιμὰς
258 523 333 557 ἡμᾶς
355 523 485 555 διδάσκει,
514 523 559 550 καὶ
583 523 616 549 τὰ
642 523 756 559 διάεξορα
769 523 822 550 τῶν

54 567 127 600 ἁγίων
149 568 283 603 τάγματα.
310 569 365 595 Καὶ
389 568 423 594 τὰ
444 568 492 604 μὲν
523 569 650 604 τάγματα
666 569 711 595 διά
732 578 762 595 τε
774 569 820 595 τοῦ

59 615 161 649 Ἰσραὴλ,
177 614 219 641 διά
229 623 259 640 τε
271 614 323 640 τῶν
338 615 466 649 νεφελῶν,
483 614 527 641 διά
547 623 577 641 τε
599 614 653 641 τῶν
667 615 762 649 ἁγίων,
777 615 820 642 διά

54 667 78 685 τε
91 659 131 685 τοῦ
142 659 202 686 λαοῦ
217 660 427 694 κατασημαίνει·
459 660 507 691 τὰς
521 660 550 687 δὲ
566 660 649 695 τιμὰς
664 659 708 687 διά
728 668 756 686 τε
770 659 820 694 τῆς

56 706 280 742 μεγαλοπρεπείας,
292 706 336 732 διά
352 714 380 732 τε
395 706 445 740 τῆς
466 706 615 742 δυνάμεως,
645 706 689 732 διὰ
717 714 747 732 τε
772 705 819 732 τοῦ

55 751 181 786 Θαύματος,
203 751 246 777 διά
273 760 301 778 τε
326 751 373 778 τοῦ
398 752 515 789 κράτους
541 751 728 778 διαδείκνυσιν.
760 751 820 778 Ἐπὶ

54 799 110 824 πᾶσι
124 798 148 824 δὲ
159 798 259 830 τούτοις
284 798 427 834 εὐλογητὺν
440 799 485 825 τὸν
498 798 563 826 Θεόν
576 807 657 834 φησιν
671 796 750 825 εἶναι.
765 797 819 832 Δῆ-

874 249 942 282 ejus,
958 248 1025 275 Deus
1047 247 1130 275 Israel
1142 249 1195 282 ipse
1213 249 1285 275 dabit
1304 249 1425 274 uirtutem
1438 252 1463 274 et
1476 248 1657 282 fortitudinem

873 292 941 327 plebi
955 300 1019 324 suae,
1043 292 1189 319 benedictus
1215 292 1293 318 Deus.
1308 291 1444 324 Quoniam
1467 291 1578 318 secundi
1598 291 1656 325 ejus

874 338 1005 365 adventus
1015 338 1115 364 mentio
1127 337 1198 364 facta
1214 341 1265 369 est,
1281 345 1335 372 quo
1350 342 1472 371 tempore
1482 344 1576 369 omnes
1588 343 1658 363 mor-

872 389 934 411 tuos
957 383 1109 414 suscitabit,
1126 383 1187 410 ideo
1210 383 1328 410 honores
1351 383 1453 410 sanctis
1476 382 1554 409 vario
1574 381 1656 408 modo

872 430 1058 457 conccdendos
1086 437 1134 456 nos
1157 429 1268 461 edocet,
1292 434 1374 463 atque
1399 429 1519 456 diversos
1546 431 1655 455 sancto-

871 484 931 503 rum
947 476 1065 503 ordines.
1083 475 1138 502 Hos
1151 481 1241 502 autem
1258 475 1378 506 ordines,
1397 482 1444 509 per
1460 474 1595 507 lsraclem,
1608 481 1655 508 per

871 522 968 553 nubes,
984 529 1032 557 per
1047 526 1156 548 sanctos
1168 525 1195 548 et
1211 528 1259 555 per
1280 520 1408 555 populum
1435 520 1579 555 signiﬁcat.
1599 518 1655 546 llo-

871 575 952 601 nores
966 572 1055 594 autem
1071 574 1118 601 per
1136 565 1375 600 magniﬁcentiam,
1389 573 1435 600 per
1452 565 1592 597 virtutem,
1609 572 1657 599 per

873 613 1035 640 miraculum
1049 617 1075 639 et
1090 620 1137 647 per
1153 611 1338 639 fortitudinem
1357 611 1468 638 indicat.
1483 611 1523 638 Ad
1537 612 1593 638 haec
1605 619 1655 638 au-

873 664 927 686 tem
955 659 1063 692 omnia,
1087 658 1259 686 benedictum
1280 658 1347 685 dicit
1369 657 1465 684 Deum.
1480 656 1656 684 Manifestum

873 705 945 732 enim
965 709 1007 732 est
1035 709 1144 732 sanctos
1164 704 1190 730 in
1215 703 1372 731 coelestibus
1391 703 1443 731 illis
1465 702 1656 730 mansionibus

874 750 1047 781 constitutos,
1068 749 1126 776 sine
1141 749 1193 776 ﬁne
1215 749 1404 776 benedicturos
1420 755 1480 775 esse
1500 747 1595 780 Deum,
1610 755 1656 773 su-

874 803 1016 830 pernorum
1030 795 1171 829 spirituum
1190 795 1313 822 ordinem
1331 795 1460 822 imitatos.

54 842 92 869 λον
118 843 175 878 γὰρ,
198 843 238 869 ὅτι
262 844 291 869 ἐν
316 843 433 874 ἐκείναις
463 843 602 879 γενόμενοι
628 844 653 869 ol
683 843 754 878 ἅγιοι
780 842 839 873 ταῖς
860 841 968 876 μοναῖς,
995 840 1053 871 ταῖς
1077 840 1247 876 ἐπουρανίοις
1274 839 1303 866 δὲ
1329 838 1459 874 δηλονότι,
1479 837 1656 868 ἀδιαλείπτως

53 888 205 925 ιὺλογήσουσι
216 890 262 916 τὸν
278 890 354 923 Θεὸν,
370 889 419 925 τὴν
431 890 551 917 τῶνᾶνω
563 890 724 926 πνευμάτων
741 889 818 922 τάξιν
838 887 1008 924 μιμούμενοι.

54 938 96 970 Είς
121 938 152 964 τὸ
171 938 257 970 τέλος
280 937 356 972 ὑπὲρ
382 937 440 964 τῶν
451 937 749 973 ἀλλοιωθησομένων,
777 935 817 971 τῷ

887 955 894 962 .
908 936 943 963 lu
956 935 1035 970 ﬁnem
1048 943 1096 969 pro
1115 935 1149 962 iis
1166 935 1212 970 qui
1231 932 1472 966 commutabantur,
1491 932 1541 967 ipsi
1559 930 1655 959 Damd.

233 982 336 1010 Δαυΐδ.
366 984 520 1010 ΨΑΛΜΟΣ
544 983 610 1011 ΞΗ.

351 1028 357 1037 '
363 1028 516 1060 Υπόθεσις.

54 1071 160 1108 Περιεχει
174 1075 188 1100 ὁ
211 1073 319 1109 ψαλμδς
341 1073 493 1109 προσευχὴν
517 1071 592 1108 παρὰ
619 1072 673 1100 τοῦ,
695 1071 820 1108 Σωτῆρος

81 1118 108 1143 ἐκ
122 1117 260 1152 προσώπου
277 1118 327 1153 τῆς
347 1118 554 1154 ἀνθρωπότητος
583 1118 819 1154 προσφερομένην,

80 1163 122 1194 τάς
135 1172 162 1190 τε
176 1165 266 1195 αἰτίας
294 1164 326 1190 δι’
352 1163 385 1195 ἃς
411 1163 485 1199 αὐτῷ
505 1164 551 1190 τὸν
565 1164 612 1190 ἐπὶ
641 1164 687 1190 τοῦ
703 1163 819 1199 σταυροῦ

81 1211 257 1244 προσήνεγκαν
281 1209 403 1237 Θάνατον.
434 1210 495 1236 Ἔτι
520 1218 550 1236 τε
578 1209 644 1236 αὐτὸ
676 1209 706 1236 τὸ
736 1209 820 1240 πάθος

79 1253 198 1289 διηγεῖται
228 1255 334 1290 σαφῶς,
362 1256 410 1282 καὶ
440 1255 489 1287 τὰς
515 1254 585 1291 μετὰ
604 1256 635 1282 τὸ
664 1254 749 1286 πάθος
765 1257 820 1286 τοῖς

85 1300 209 1333 Ἰουδαίοις
224 1309 258 1327 συ
264 1300 435 1336 μϐησομένας
452 1299 603 1336 συμφοράς·
632 1300 700 1335 πρὸς
716 1300 744 1326 δὲ
758 1299 820 1326 τού-

81 1353 127 1377 τοις
136 1347 179 1372 καὶ
192 1347 345 1382 εἰσαγωγὴν
355 1347 404 1381 τῆς
418 1346 598 1381 εὐαγγελικῆς
613 1346 760 1377 πολιτείας,
770 1345 820 1380 τῆς

79 1399 104 1416 τε
118 1392 144 1418 ἐν
157 1392 293 1427 πνεύματι
309 1393 355 1418 καὶ
367 1391 479 1427 ἀληθείᾳ
494 1392 618 1428 λατρείας
634 1391 682 1427 τὴν
698 1391 821 1418 διδασκα-

78 1436 139 1469 λίαν,
152 1439 190 1468 είς
210 1439 242 1473 ἣν
259 1438 307 1464 καὶ
318 1438 483 1473 περιγράφει
502 1437 547 1464 τὸν
571 1437 688 1472 ψαλμόν.
707 1437 767 1463 Ὅτι
791 1436 819 1462 δὲ

79 1483 159 1510 πᾶσαν
169 1484 201 1518 ἣν
213 1483 315 1519 ηὔξατο
324 1484 337 1510 ὀ
349 1484 442 1519 Σωτὴρ
454 1484 617 1519 προσευχὴν,
629 1484 662 1510 ἐκ
674 1482 820 1518 προσώπου

79 1529 120 1563 τῆς
135 1529 276 1565 ἀνθρώπου
294 1529 401 1564 φύσεως
416 1529 528 1564 ηὔξατο,
541 1529 621 1555 τοῦτο
645 1528 820 1564 ἐπισημαίνει

79 1574 119 1600 ἐπὶ
139 1574 175 1610 τῷ
198 1575 273 1606 τέλει
292 1575 338 1601 τοῦ
359 1575 481 1610 ψαλμοῦ,
506 1575 552 1602 καί
569 1583 660 1610 φησιν,
678 1575 742 1601 ’Ότι
764 1574 818 1609 ἐξή

80 1627 161 1647 κουσε
177 1620 235 1647 τῶν
250 1620 386 1654 πενήτων
396 1621 534 1654 ὀΚύριος,
545 1620 593 1646 καὶ
606 1620 677 1652 τοὺς
690 1619 818 1654 aeneam

77 1663 175 1699 μένους
186 1666 280 1693 αὑτοῦ
300 1667 355 1693 οὐκ
380 1665 592 1698 ἑξουδένωσεν.

81 1710 174 1738 Σῶσόν
181 1720 227 1746 με,
250 1713 267 1738 o’
285 1712 367 1744 Θεὸς,
393 1711 437 1738 ὅτι
453 1709 639 1746 είσήλθοσαν
651 1711 745 1738 ὕδατα
766 1711 821 1744 ἓως

53 1755 142 1791 ψυχῆς
161 1767 229 1792 μου.
250 1758 360 1794 Ἐπειδὴ
383 1757 430 1790 τὰς
446 1757 583 1793 ἁμαρτίας
604 1757 683 1792 ἡμῶν
696 1757 820 1790 ἀνέλαϐε,

54 1802 106 1837 περὶ
135 1803 208 1838 ἡμῶν
237 1804 379 1830 ὀδυνᾶται·
413 1803 524 1835 εἰκότως
559 1803 606 1829 καὶ
641 1803 822 1838 προσεύχεται

54 1847 166 1883 ρυσθῆναι
177 1850 208 1876 ἐκ
220 1850 275 1876 τῶν
290 1848 461 1885 πειρασμῶν,
471 1848 620 1885 χειμάρῤου
632 1848 709 1884 δίκην
721 1848 822 1876 κυκλωυ

55 1891 142 1919 σάντων
152 1894 230 1921 αὑτοῦ
244 1894 294 1930 τὴν
311 1894 409 1930 ψυχήν.

86 1939 241 1974 Ἐνεπάγην
250 1941 295 1973 εὶς
305 1940 383 1973 ὕλην
391 1939 499 1972 βυθοῦ,
513 1939 563 1966 καί
575 1940 630 1966 οὐκ
644 1939 730 1967 ἐστιν
745 1941 820 1968 ὑπό-

54 1988 153 2016 στασις.
166 1984 257 2011 Ταῦτα
272 1984 326 2020 γὰρ
341 1985 357 2020 ἡ
387 1984 543 2020 ἀνθρωπεία
556 1983 636 2018 φύσις
663 1983 819 2017 ἐπεπόνθει,

55 2030 224 2064 κατενεχθεῖσα
242 2031 295 2057 ὑπὸ
308 2031 356 2066 τῆς
371 2030 507 2066 ἁμαρτίας
533 2031 572 2062 εἰς
585 2030 708 2064 θάνατον,
724 2031 769 2058 καὶ
781 2032 821 2063 εἰς

55 2073 119 2100 αὑτὸν
133 2075 175 2101 τὸν
190 2076 236 2102 τοῦ
265 2076 328 2112 ᾅδου
340 2076 436 2112 χῶρον·
455 2076 484 2102 ὃν
510 2077 556 2103 καὶ
585 2076 650 2112 ὓλην
677 2076 758 2112 βυθοῦ
773 2077 820 2103 καὶ

55 2118 172 2156 θαλάσσης
183 2122 264 2157 βάθος
275 2123 304 2149 ἐν
318 2123 374 2154 τοῖς
391 2121 523 2157 παροῦσιν
533 2121 668 2157 ὀνομάζει.

88 2167 240 2195 Ἐχοπίασα
277 2167 399 2202 κράζων,
431 2169 629 2202 ἐϐραγχίασεν
656 2169 673 2195 ὁ
704 2168 819 2203 λάρυγξ

53 2219 109 2245 μου.
121 2213 181 2240 τίνα
194 2212 228 2250 ἦν
243 2214 261 2240 ἆ
278 2213 386 2249 ἕκραξε,
401 2214 448 2240 καὶ
461 2214 507 2240 ἐπὶ
535 2214 617 2246 τίσιν,
639 2215 668 2240 ἐν
681 2216 738 2246 τοῖς
754 2214 819 2250 ἑξῆς

55 2258 131 2291 σαφῶς
143 2260 265 2293 ἐδίδαξεν,
280 2259 373 2286 εἰπών·
398 2260 551 2294 Ῥυσθείην
568 2260 603 2287 ἐκ
618 2259 678 2286 τῶν
694 2261 818 2295 μισούν-

53 2309 102 2329 των
113 2313 157 2338 με,
167 2305 215 2332 καὶ
228 2306 262 2332 ἑκ
272 2305 325 2332 τοῦ
338 2305 453 2338 βάθους
472 2305 530 2331 τῶν
542 2305 668 2338 ὑδάτων,
685 2306 741 2338 καὶ,
767 2306 816 2340 Μή

51 2355 83 2380 με
93 2350 325 2378 καταποντισάτω
347 2350 480 2385 uarat-fle
501 2351 620 2384 ὕδατος,
637 2351 684 2377 καὶ
703 2352 737 2377 τὰ
755 2350 817 2386 ἑξῆς

53 2393 223 2430 ἐπιλεγόμενα.
243 2395 347 2432 Ηῦχετο
374 2395 438 2431 γὰρ,
465 2396 502 2428 ὡς
518 2396 596 2431 ἔφην,
615 2396 684 2431 ὑπὲρ
702 2397 751 2432 τῆς
770 2397 817 2423 ἀν-

53 2438 146 2474 ῡρώπου
175 2442 287 2476 φύσεως·
320 2443 393 2474 ὅπως
421 2442 580 2478 καταργηθῇ
593 2442 639 2469 τοῦ
659 2442 773 2470 θανάτου
786 2442 817 2469 τὸ

54 2485 147 2519 κράτος,
172 2488 206 2523 μὴ
234 2488 420 2523 συγκλείοντος
439 2489 498 2514 κατ’
519 2488 604 2522 αὐτῆς
620 2488 649 2514 τὸ
665 2488 752 2523 στόμα
770 2487 817 2514 τοῦ

52 2529 116 2562 71.5w-
129 2532 165 2558 διὸ
180 2534 226 2559 καὶ
241 2533 322 2568 λέγει·
349 2533 432 2568 Μηδὲ
440 2533 580 2567 συσχέτω
601 2533 646 2560 ἐπ’
663 2533 715 2568 ἐμὲ
727 2533 819 2568 φρέαρ

52 2574 79 2600 τὸ
92 2578 180 2611 στόμα
191 2579 291 2606 αὑτοῦ,

86 2622 324 2658 Ἔπληθύνθησαν·
341 2625 417 2659 ὑπὲρ
427 2625 481 2658 τὰς
500 2625 604 2660 τρίχας
617 2624 672 2659 τῆς
684 2623 819 2660 κεφαλῆς

50 2674 99 2698 μου
112 2669 136 2693 οὶ
148 2669 305 2703 μισοῦντές
327 2679 365 2705 με
395 2670 518 2703 δωρεάν.
542 2670 639 2697 Πολλοὶ
661 2670 715 2705 γὰρ
729 2671 753 2696 οἰ
769 2670 818 2705 τῆς

53 2709 208 2745 ἀνθρωπείας
239 2714 343 2749 φύσεως
372 2714 510 2741 ἐπίϐουλοι
533 2714 668 2750 δαίμονες,
686 2716 710 2741 οι
736 2715 817 2750 μηδὲν

52 2755 194 2791 ἠδικημένοι
221 2760 283 2796 παρ’
305 2760 401 2796 ἡμῶν,
432 2761 478 2788 καὶ
514 2760 672 2793 σπεύδοντες
703 2760 814 2787 ἀνελεῖν.

1105 979 1272 1007 PSALMUS
1295 978 1344 1005 LX
1353 977 1435 1006 VIII.

1164 1025 1364 1060 Argumentum.

869 1071 996 1100 Continet
1015 1072 1138 1107 psalmus
1162 1071 1346 1107 precationem
1368 1069 1528 1101 Salvatoris,
1545 1076 1577 1096 ex
1593 1076 1656 1104 per-

906 1126 973 1146 sona
999 1119 1178 1146 humanitatis
1199 1118 1329 1151 oblatam,
1345 1121 1372 1145 et
1386 1120 1479 1144 narrat
1491 1123 1552 1151 quae
1567 1123 1657 1143 causa;

905 1163 1006 1191 fuerint
1017 1164 1090 1199 quod
1102 1164 1126 1191 ei
1140 1168 1255 1191 mortem
1268 1163 1358 1191 crucis
1371 1161 1528 1190 obtulerint.
1544 1161 1656 1196 Insuper

906 1209 991 1244 ipsam
1004 1210 1158 1244 passionem
1172 1209 1244 1236 clare
1255 1212 1357 1242 narrat,
1369 1215 1475 1235 necnon
1488 1206 1656 1234 calamitates

906 1262 975 1289 quas
992 1257 1053 1288 post
1071 1254 1224 1289 passionem
1244 1253 1344 1281 Judzeis
1362 1253 1518 1288 contingere
1535 1251 1654 1279 futurum

904 1303 955 1327 est.
975 1299 1015 1326 Ad
1033 1299 1091 1327 haec
1113 1299 1196 1326 etiam
1214 1298 1442 1325 introducendum
1464 1305 1524 1324 esse
1537 1303 1655 1332 evange-

906 1345 988 1372 licum
1008 1345 1174 1377 institutum,
1191 1348 1273 1379 atque
1291 1344 1443 1371 doctrinam
1464 1343 1555 1370 cultus
1567 1342 1654 1378 quiin

906 1390 1001 1425 spiritu
1012 1394 1038 1417 et
1052 1391 1165 1417 veritate
1178 1390 1239 1421 erit,
1253 1389 1281 1416 in
1294 1389 1372 1424 cujus
1383 1389 1420 1416 rei
1435 1389 1566 1416 limitibus
1582 1388 1654 1423 psal-

905 1443 980 1462 mum
995 1434 1203 1462 circumscribit.
1213 1434 1290 1467 Quod
1300 1439 1389 1465 autem
1402 1434 1554 1462 orationem
1569 1437 1654 1460 totam

907 1480 1034 1508 Salvator
1056 1488 1089 1507 ex
1104 1481 1232 1507 humanae
1256 1485 1360 1507 naturae
1385 1487 1500 1516 persona
1517 1479 1653 1511 obtulerit,

910 1526 936 1553 id
954 1526 980 1553 in
997 1526 1049 1553 ﬁne
1063 1526 1159 1561 psalmi
1174 1525 1319 1560 signiﬁcat,
1335 1524 1444 1559 aitque:
1463 1524 1593 1557 Quoniam
1607 1532 1654 1550 ex-

907 1571 1007 1598 audivit
1019 1579 1145 1606 pauperes
1161 1570 1299 1603 Dominus,
1318 1575 1342 1596 et
1354 1570 1452 1596 vinctos
1466 1577 1526 1596 suos
1544 1578 1594 1596 non
1609 1569 1655 1596 de-

906 1622 1000 1652 spexit.

906 1707 932 1733 ‘2.
943 1706 1052 1734 Salvum
1063 1713 1104 1732 me
1115 1705 1168 1739 fac,
1181 1704 1262 1737 Deus,
1271 1704 1395 1739 quoniam
1408 1703 1570 1729 intraverunt
1580 1709 1654 1737 aqum

871 1760 951 1787 usque
975 1751 1009 1778 ad
1028 1752 1145 1778 animam
1162 1757 1257 1776 meam.
1277 1748 1412 1782 Quoniam
1434 1751 1543 1782 peccata
1560 1751 1654 1774 nostra
1675 1780 1678 1783 Δ

871 1798 1000 1833 suscepit,
1016 1804 1065 1831 pro
1079 1796 1158 1823 nobis
1171 1796 1308 1824 cruciatur
1319 1794 1342 1810 “
1354 1803 1360 1821 :
1376 1801 1408 1821 ac
1420 1793 1482 1828 jure
1498 1797 1574 1828 rogat
1586 1792 1655 1826 eripi

871 1851 901 1871 se
925 1851 940 1870 a
967 1842 1172 1875 tentationibus,
1188 1849 1249 1876 quae
1274 1840 1402 1868 torrentis
1425 1840 1513 1866 instar
1535 1839 1654 1866 animam

871 1887 931 1922 ejus
947 1887 1193 1914 circumdederunt.

905 1935 933 1962 5.
948 1934 1051 1968 Ιηβπιιδ
1065 1933 1163 1960 tumin
1180 1932 1243 1958 limo
1255 1930 1396 1966 profundi,
1417 1933 1442 1956 et
1466 1937 1516 1956 non
1533 1934 1571 1956 est
1594 1929 1655 1956 sub-

871 1981 982 2014 stantia,
998 1984 1051 2007 etc.
1075 1977 1136 2006 Haac
1149 1978 1221 2005 enim
1239 1977 1392 2011 patiebatur
1411 1976 1528 2002 humana
1545 1979 1653 2006 natura,

871 2027 985 2054 deducta
1009 2034 1055 2061 per
1077 2029 1218 2060 peccatum
1238 2024 1265 2051 in
1279 2027 1443 2055 mortem,et
1458 2023 1484 2049 in
1504 2023 1593 2057 ipsum
1612 2022 1655 2048 in-

870 2072 940 2100 ferui
952 2073 1053 2104 locum,
1067 2078 1148 2106 quem
1164 2070 1258 2097 limum
1273 2068 1399 2104 profundi
1418 2072 1446 2095 et
1462 2067 1546 2095 maris
1561 2067 1653 2094 altitu—

870 2118 960 2145 dinem
977 2117 1022 2144 hic
1037 2121 1126 2143 vocat.

906 2165 933 2192 4.
945 2164 1075 2191 Laboran
1086 2165 1216 2195 clamans,
1224 2170 1311 2190 raucw
1321 2162 1399 2197 facta:
1410 2165 1470 2188 sunt
1482 2160 1569 2195 fauces
1578 2167 1651 2187 mete.

870 2210 999 2244 Quaenam
1018 2209 1160 2237 clamando
1179 2209 1278 2236 dixerit
1301 2213 1328 2235 et.
1344 2207 1444 2243 quibus
1459 2207 1492 2234 de
1506 2206 1608 2238 causis,
1625 2206 1653 2232 in

871 2257 1047 2293 sequentibus
1064 2261 1156 2291 aperte
1170 2257 1249 2283 docet
1263 2256 1377 2283 dicendo
1391 2265 1397 2282 :
1414 2254 1509 2282 Libera
1525 2262 1566 2281 me
1576 2253 1608 2280 ab
1620 2253 1653 2280 iis

869 2306 914 2342 qui
925 2306 1079 2333 oderuntme
1090 2305 1156 2332 etde
1165 2305 1302 2340 profundis
1313 2303 1529 2340 aquarum“,et:
1544 2302 1603 2329 Non
1614 2311 1654 2329 me

870 2354 1002 2387 demergat
1016 2356 1153 2387 tempestas
1168 2360 1242 2387 aqum
1255 2351 1288 2383 ⁸⁷,
1302 2356 1354 2378 etc.
1371 2350 1494 2385 Rogabat
1507 2349 1653 2384 siquidem,

870 2398 910 2425 uti
933 2397 990 2432 jam
1015 2397 1084 2429 dixi,
1098 2404 1148 2432 pro
1163 2396 1281 2423 hominis
1299 2401 1406 2426 natura,
1423 2399 1453 2422 ut
1470 2395 1653 2421 destrueretur

870 2443 967 2471 mortis
985 2443 1141 2478 imperium,
1155 2442 1262 2469 inferno
1274 2449 1304 2469 os
1318 2449 1397 2469 suum
1414 2445 1475 2476 post
1494 2441 1582 2474 ipsum
1599 2447 1652 2466 non

871 2489 1028 2522 claudente,
1055 2489 1232 2524 quamobrem
1246 2487 1328 2521 dicit,
1345 2495 1424 2522 neque
1443 2485 1552 2512 claudat
1577 2492 1652 2520 super

871 2542 910 2561 me
921 2539 1013 2569 puteus
1027 2543 1055 2562 os
1069 2542 1145 2561 suum
1161 2533 1194 2560 ‘8.

906 2622 933 2649 5.
949 2621 1123 2657 Multiplicati
1138 2625 1199 2648 sunt
1213 2629 1291 2656 super
1307 2621 1416 2656 capillos
1431 2619 1526 2655 capitis
1540 2619 1590 2645 mei
1608 2620 1652 2653 qui

871 2668 983 2695 oderunt
996 2669 1143 2703 megratis.
1159 2667 1234 2694 Multi
1247 2675 1364 2702 namque
1375 2667 1512 2694 daemones
1528 2665 1652 2692 humanae

869 2717 972 2741 naturae
992 2714 1164 2744 insidiantur,
1184 2713 1231 2748 qui
1253 2713 1321 2740 nihil
1337 2719 1352 2739 a
1370 2712 1448 2739 nobis
1462 2711 1518 2738 laesi
1534 2709 1651 2741 fuerant,

868 2764 895 2788 et
908 2763 997 2787 tamen
1022 2767 1116 2788 necem
1141 2759 1291 2787 moliuntur
1311 2758 1399 2786 nobis.
1420 2756 1570 2793 Canfortati
1591 2760 1650 2782 sunt

85 2827 104 2842 θ’
116 2827 164 2855 lsa.
181 2831 264 2863 ιιιι,4
281 2839 337 2866 seq.
365 2832 387 2848 ⁸⁸
403 2832 479 2861 Vers.
495 2833 537 2860 15.
570 2833 590 2849 ⁵⁷
605 2831 681 2861 Vers.
701 2832 743 2861 16.
776 2832 798 2849 ⁸⁸
811 2831 877 2860 Ibid.
