1922 3057
253 147 305 176 301

662 146 690 173 ὃ.
711 145 897 173 ATHANASII
917 144 992 172 OPP.
1013 144 1105 173 PARS
1124 144 1169 174 Ill.
1182 159 1217 166 —
1237 143 1442 172 EXEGETICA.

1834 140 1880 168 308

253 207 300 242 qui
316 205 446 240 persecuti
462 209 524 232 sunt
546 213 587 231 me
603 205 705 232 inimici
729 206 778 232 mei
795 205 902 240 injuste.
919 204 1043 233 Deelarat

1100 203 1356 238 Ἐκραταιώθησαν
1378 204 1406 230 οι
1429 203 1530 238 ἐχθροί
1552 211 1623 236 μου,
1648 203 1676 228 οι
1694 199 1882 234 summa

253 259 338 286 quam
349 251 451 285 injuste
465 251 599 279 sententia
613 257 707 279 contra
723 259 785 278 eum
796 251 850 279 lata
866 253 912 280 sit.

293 329 320 356 6.
335 327 417 361 Deﬁ.
434 333 462 356 tu
476 330 527 356 scis
546 330 727 364 insipientiam
747 338 842 357 meam.
856 329 1042 365 lusipientiam

255 375 334 408 dicit,
351 383 412 403 eam
430 383 492 410 quat
508 376 570 403 talis
587 376 697 404 videtur
712 377 880 410 hominibus,
898 377 1041 404 stultitiam

256 421 318 450 dico
334 421 481 457 passionis.
500 421 582 450 Facta
601 423 673 450 enim
686 428 736 454 est,
751 423 827 458 juxta
846 431 954 450 sacrum
970 423 1042 458 Apo-

256 468 356 494 stolutn
371 468 404 500 ",
419 476 488 496 crux
506 469 613 496 Domini
628 469 728 497 Iudaeis
746 469 855 502 quidem
871 469 1041 502 scandalum,

257 513 383 550 gentibus
397 521 487 543 autem
503 516 628 543 stultitia.
644 515 685 542 Tu
701 516 793 550 igitur,
807 524 823 543 ο
836 516 925 549 Pater,
940 516 1041 551 inquit,

257 562 328 589 nosti
343 563 525 590 oeconomiam
548 563 647 590 crucis.
665 562 723 590 Hoc
743 568 833 590 autem
851 563 888 589 ait
906 563 968 597 quia
985 562 1044 596 ,fuit

257 608 387 636 obediens
402 608 474 636 Patri
502 617 589 644 usque
611 609 645 636 ad
668 615 802 642 mortem,
820 613 934 636 mortem
952 613 1042 635 autem

256 654 357 682 erucis.
376 654 410 681 Et
425 655 523 682 delicta
535 663 591 682 mea
604 663 620 682 a
638 660 661 682 te
674 663 727 682 non
743 659 803 682 sunt
819 655 986 682 abscondita.
1001 655 1044 682 Si-

256 700 320 728 mile
344 705 386 728 est
409 701 490 728 huic:
504 701 557 734 Qui
579 710 630 728 non
652 703 723 728 novit
745 706 892 736 peccatum,
907 705 1042 736 percolunt

256 755 303 782 pro
315 748 389 774 nobis
401 748 512 782 fecit";
529 753 610 784 atque
629 749 681 776 hoc
697 752 739 776 est
755 749 828 784 quod
843 748 943 776 dicitur
957 757 964 775 :
981 748 1003 775 Α
1021 752 1044 775 te

256 800 309 819 non
321 797 382 819 sunt
397 793 562 820 abscondita.

291 838 317 865 7.
329 838 390 866 Non
405 839 558 866 erubescant
570 840 597 866 in
607 848 646 866 me
658 840 704 875 qui
712 844 861 875 exspectant
873 844 908 873 te,
920 838 1041 870 Domina,

256 884 368 912 Domine
382 886 517 912 virtutum.
533 884 611 918 Illud,
628 886 656 912 in
670 894 720 918 me,
737 886 763 913 id
781 890 834 918 est.
850 893 899 920 per
915 892 969 916 me,
984 885 1040 912 sive
1057 884 1078 914 Β

257 938 304 965 per
316 938 403 962 meam
416 939 465 966 pro
478 931 512 959 iis
525 931 692 966 passionem.
708 930 776 958 lllud
789 938 891 962 autem.
906 931 966 958 Non
977 940 1040 958 eru~

257 977 373 1009 bescant,
387 976 466 1011 quasi
483 976 569 1008 tricas,
585 984 617 1004 ne
630 977 701 1004 ultra
716 977 879 1015 erubescant
893 976 962 1004 sicut
975 977 1040 1004 olim

256 1025 367 1058 quando
384 1026 420 1052 ob
434 1025 637 1060 corruptionem
655 1032 735 1060 quam
748 1024 922 1060 patiebantur
937 1024 1042 1060 pudore

257 1070 346 1098 allecti
360 1075 448 1098 erant.
465 1070 528 1098 Hrec
539 1076 629 1098 autem
639 1071 774 1098 sententia
787 1080 794 1097 :
810 1070 1041 1105 Quando,inquit,

256 1124 307 1151 ego
320 1116 346 1143 id
364 1116 390 1144 in
405 1124 448 1144 me
465 1116 584 1152 suscepi,
594 1121 624 1143 ut
635 1124 684 1151 pro
701 1117 754 1144 illis
767 1122 879 1144 mortem
892 1121 1041 1151 gustarem,

256 1163 399 1192 abolentur
414 1164 458 1191 illa
476 1172 523 1200 per
543 1169 659 1191 mortem
673 1164 740 1199 ipsis
754 1164 818 1191 olim
834 1164 906 1190 illata
919 1163 1041 1191 infamia.

256 1209 324 1238 Nam
343 1218 419 1238 mors
438 1218 502 1238 vere
515 1210 628 1238 infamia
643 1215 713 1241 erat,
731 1211 758 1237 in
774 1210 911 1237 hominem
924 1211 957 1237 ad
973 1211 1042 1237 ima-

256 1257 347 1291 ginem
363 1256 408 1284 Dei
420 1260 541 1284 creatum
560 1264 674 1290 regnum
690 1256 828 1285 obtinens.
842 1255 982 1289 Signiﬁcat
995 1256 1043 1283 ita-

256 1309 309 1336 que
319 1309 367 1336 per
374 1301 433 1336 ejus
444 1301 671 1331 resurrectionem
683 1301 717 1328 de
728 1301 816 1328 medio
828 1301 972 1329 tollendam
983 1309 1043 1330 esse

256 1351 383 1376 mortem.
399 1346 468 1376 lluic
484 1347 699 1383 interpretationi
716 1347 873 1386 adiungitur
888 1356 983 1375 versus
999 1348 1042 1375 isti

257 1395 408 1423 consimilis
423 1404 429 1422 :
447 1395 510 1422 Non
528 1395 726 1428 confundantur
746 1403 824 1430 super
841 1403 880 1422 me
900 1395 945 1430 qui
970 1403 1043 1430 quec-

257 1446 319 1468 runt
330 1441 489 1469 te.Pulchre
501 1441 628 1475 superius
644 1445 671 1468 et
685 1441 735 1468 hoc
749 1441 811 1468 item
831 1441 890 1469 loco
906 1441 983 1474 dixit,
998 1450 1043 1468 su-

256 1495 302 1521 per
315 1495 365 1514 me.
381 1487 451 1520 Quia
466 1487 540 1515 enim
559 1487 616 1521 ipse
631 1491 691 1514 erat
711 1487 758 1522 qui
775 1487 949 1520 concitabat;
965 1487 988 1514 si
1003 1487 1043 1514 vi-

256 1538 317 1560 ctus
335 1532 442 1564 fuisset.
459 1533 591 1568 pudorem
603 1533 736 1565 allaturus
750 1537 809 1560 erat
820 1532 854 1560 iis
868 1533 915 1567 qui
930 1532 981 1559 sibi
994 1532 1043 1559 ob.

256 1581 464 1613 temperassent,
479 1583 571 1614 utpote
584 1578 630 1614 qui
645 1586 694 1614 per
707 1577 830 1605 fraudem
846 1582 874 1606 et
885 1577 1042 1606 facilitatem

256 1623 341 1650 animi
353 1623 474 1658 pericula
488 1623 631 1651 adiissent.

294 1668 322 1702 8,
334 1668 361 1697 9.
372 1668 504 1704 Quoniam
513 1674 621 1704 propter
632 1673 657 1696 te
671 1668 786 1696 sustinui
798 1668 977 1703 opprobrium.
990 1667 1043 1695 Po-

257 1716 340 1749 stulo,
358 1716 458 1750 inquit,
471 1719 502 1743 ut
522 1723 597 1744 mors
610 1715 643 1743 da
658 1715 750 1742 medio
772 1715 898 1748 tollatur,
913 1715 1043 1750 quoniam

257 1761 387 1788 obediens
402 1761 450 1788 tibi
465 1760 555 1790 factus
569 1761 656 1796 ipsam
669 1759 772 1795 accepi.
789 1759 941 1788 Eatraneus
957 1761 1043 1795 factus

257 1815 315 1834 sum
328 1806 457 1842 fratribus
475 1807 549 1836 meis.
566 1806 623 1834 Hoc
640 1806 679 1837 ait
691 1806 756 1841 quia
772 1810 894 1841 tempore
907 1806 1044 1841 passionis

257 1855 292 1881 ab
304 1853 433 1881 omnibus
449 1853 595 1882 derelictus
607 1858 658 1882 est.

294 1942 337 1970 10.
351 1943 483 1976 Quoniam
496 1944 566 1971 zelus
579 1944 673 1971 domus
687 1948 740 1972 tute
754 1944 865 1971 comedit
878 1952 926 1971 me.
943 1943 984 1971 Me
994 1943 1043 1971 ab-

258 1995 401 2025 negarunt,
417 1990 518 2025 inquit,
532 1991 596 2026 quia
610 1991 791 2025 coarguebam
807 1999 855 2018 eos
875 1991 948 2026 quod
967 1991 1044 2026 impii

257 2036 284 2063 in
300 2036 411 2067 domum
429 2041 504 2065 tuam
529 2041 632 2065 essent.
651 2037 768 2064 Enarrat
787 2042 879 2064 autem
899 2037 1044 2065 historiam

257 2082 358 2110 diserte
367 2081 498 2114 Joannes,
508 2083 580 2117 quod
595 2082 701 2117 ﬂagello
721 2083 831 2117 ejecerit
849 2090 897 2111 aes
919 2083 953 2110 de
976 2087 1045 2110 tem-

256 2128 301 2163 plo
308 2127 383 2160 “.Et
390 2128 528 2163 opprobria
536 2129 750 2163 exprobrantium
759 2129 805 2155 tibi
814 2129 961 2156 ceciderunt
968 2137 1045 2163 super

258 2183 308 2202 me.
327 2174 387 2202 Non
400 2174 494 2208 modo,
509 2174 609 2210 inquit,
620 2179 765 2202 extraneus
780 2174 868 2202 factus
882 2183 942 2202 sum
955 2179 982 2202 et
997 2182 1044 2209 pe—

257 2220 394 2255 regrinus,
407 2220 453 2248 sed
468 2220 551 2247 etiam
564 2220 709 2255 opprobria
722 2219 891 2248 sustinebam
904 2220 939 2248 ab
953 2221 985 2248 iis
997 2220 1043 2255 qui

255 2274 305 2300 per
319 2267 390 2294 mala
403 2274 484 2302 opera
502 2266 704 2302 exprobrabant
720 2266 780 2294 tibi.
792 2265 871 2293 Nulla
887 2272 978 2294 autem
991 2267 1042 2294 alia

255 2313 290 2340 de
307 2320 391 2341 causa
417 2313 443 2340 id
471 2313 604 2348 patiebar,
630 2313 683 2341 nisi
699 2317 809 2348 propter
832 2313 920 2340 zelum
945 2313 1044 2341 domus

256 2363 321 2385 tuze.

295 2405 389 2433 ll-l3.
406 2404 441 2435 Et
455 2404 547 2440 operui
562 2405 590 2431 in
611 2403 715 2441 jejunio
741 2405 858 2432 animum
879 2412 974 2437 meum,
990 2409 1042 2432 etc.

257 2450 370 2483 Dolens,
380 2450 479 2486 inquit,
494 2450 528 2478 de
540 2449 631 2478 futura
641 2450 793 2481 animarum
803 2457 896 2477 eorum
915 2450 1045 2484 pernicie,

257 2496 309 2522 hoc
323 2500 407 2530 atque
427 2495 495 2522 illud
517 2494 641 2530 agebam.
655 2494 696 2522 llli
709 2502 774 2523 vero
787 2502 836 2531 pro
856 2494 956 2530 quibus
971 2495 1045 2529 ejus-

256 2540 330 2568 modi
356 2548 400 2568 res
423 2540 585 2573 eﬂiciebam,
599 2540 674 2567 omni
696 2543 818 2575 tempore
837 2544 864 2566 et
882 2539 944 2566 loco
960 2539 1043 2566 mein

256 2593 305 2614 ore
319 2586 477 2619 versabant,
493 2585 689 2620 exprobrantes
713 2585 781 2612 mihi
797 2585 995 2614 macerationes
1012 2584 1044 2612 il-

257 2633 299 2659 las
312 2639 381 2667 quas
393 2639 488 2659 eorum
501 2639 584 2659 causa
596 2630 778 2659 sustinebam.

296 2676 339 2704 ιι.
365 2675 421 2712 Ego
443 2684 503 2704 vero
528 2677 674 2704 orationem
700 2684 786 2703 meam
809 2676 843 2703 ad
868 2681 901 2710 te,
920 2675 1042 2704 Domine.

258 2723 384 2756 Etiamsi,
399 2722 498 2758 inquit,
515 2723 701 2753 retribuerunt
724 2722 790 2749 mihi
801 2722 871 2749 mala
890 2729 940 2757 pro
953 2722 1043 2754 bonis,

257 2774 285 2795 at
298 2775 349 2803 ego
363 2775 418 2796 non
437 2762 519 2796 ﬁnein
531 2767 602 2796 facio
613 2775 709 2804 preces
726 2774 775 2802 pro
799 2767 832 2794 iis
847 2765 988 2794 oﬂerendi.
1011 2765 1045 2792 Et

289 2857 334 2885 "1
352 2858 415 2886 Cor.
433 2865 452 2891 ι,
466 2857 509 2886 25.
552 2857 574 2873 ⁸ο
589 2855 599 2884 Ι
613 2856 675 2884 Cor.
692 2864 717 2889 ν,
734 2855 780 2884 2i.
811 2855 831 2872 ³¹
849 2853 926 2882 Joan.
947 2861 974 2888 ιι,
988 2853 1031 2882 15.

1091 258 1129 285 με
1144 250 1263 282 ἀδίκως.
1271 249 1426 281 Δείκνυσιν,
1438 249 1476 280 ὡς
1489 247 1588 279 ἀδίκως
1599 248 1616 283 ἡ
1632 246 1692 273 κατ’
1703 245 1786 272 αὐτοῦ
1798 246 1882 281 ψῆςκις

1093 295 1276 330 ἐξενήνεκται.

1134 340 1165 368 '0
1184 340 1265 373 Θεὸς,
1277 340 1317 367 σὺ
1331 340 1424 374 ἔγνως
1439 339 1497 373 τὴν
1513 339 1692 373 ἀφροσύνην
1701 346 1771 372 μου.
1795 338 1878 372 ’Δφρο

1093 387 1177 422 σύνην
1198 387 1264 422 φησὶ
1281 386 1330 422 τὴν
1345 386 1519 421 νομισθεῖσαν
1547 383 1622 420 παρᾶ
1645 385 1702 416 τοῖς
1732 383 1881 419 evomam;

1095 433 1213 470 μωρίαν,
1226 433 1274 468 τὴν
1287 433 1333 459 τοῦ
1347 432 1450 464 πάθους
1461 431 1542 467 φημί,
1555 431 1653 464 Γέγονε
1667 430 1731 467 γὰρ,
1753 430 1828 456 κατὰ
1843 430 1882 457 tim

1094 481 1165 517 ἱερὸν
1188 479 1357 511 ’Λπόστο).ον,
1376 481 1390 506 ὁ
1412 479 1460 505 τοῦ
1483 479 1586 513 Κυρίου
1603 477 1719 513 σταυρὸς
1749 476 1883 509 Ἰουδαίοις

1095 527 1143 563 μὲν
1159 526 1317 558 σκάνδαλον,
1335 525 1424 552 ἔθνεσι
1441 525 1470 551 δὲ
1488 525 1589 560 μωρία.
1610 524 1646 550 Σὺ
1658 521 1716 555 οὖν,
1742 520 1764 550 ὦ
1783 524 1881 558 Πάτερ,

1093 572 1186 607 φησὶν,
1203 571 1288 605 ἔγνως
1303 571 1354 606 τὴν
1368 571 1411 596 διὰ
1425 570 1471 596 τοῦ
1486 569 1603 606 σταυροῦ
1619 569 1787 604 οἰκονομίαν.
1803 569 1882 595 Τοῦτο

1092 618 1120 644 δὲ
1139 617 1223 652 λέγει,
1251 617 1346 654 ἐπειδὴ
1361 616 1472 650 γέγονεν
1489 616 1608 651 ὑπήκοος
1627 615 1666 650 τῷ
1692 615 1781 650 Πατρὶ
1808 615 1882 649 μέχρι

1093 664 1219 695 θανάτου,
1235 663 1349 690 θανάτου
1366 663 1393 694 δὲ
1409 662 1536 698 σταυροῦ.
1559 662 1613 689 Καὶ
1638 663 1668 688 αἱ
1684 661 1882 697 πλημμέλειαι

1090 719 1150 744 μου
1166 709 1224 736 ἀπὸ
1238 708 1296 736 σοῦ
1313 709 1368 735 οὐκ
1395 708 1616 742 ἀπεκρύϐησαν.
1636 708 1747 742 Ὅμοιον
1759 707 1812 742 τῷ·
1834 708 1882 733 Τὸν

1090 755 1133 790 μὴ
1144 755 1255 790 γνόντα
1265 755 1410 789 ἁμαρτίαν
1417 754 1561 788 ἁμαρτίαν
1568 752 1643 787 ὑπὲρ
1654 752 1737 787 ἡμῶν
1746 754 1881 787 ἐποιησε.

1092 802 1148 829 Καὶ
1163 801 1241 828 τοῦτό
1257 801 1314 827 ἐστι
1327 801 1366 827 τό·
1392 799 1456 826 Ἀπὸ
1471 799 1528 826 σοῦ
1542 800 1597 826 οὐκ
1608 799 1792 834 ἐνρύσησαν.

1129 848 1176 882 Μὴ
1202 847 1442 882 αἰσχυνθείησαν
1458 846 1505 873 ἐπ’
1517 846 1570 881 ἐμὲ
1584 848 1611 873 οι
1624 846 1831 880 tinctu-ﬁrmet:
1840 855 1882 878 σε,

1091 895 1190 929 Κύριε,
1209 895 1297 929 Κύριε
1309 893 1368 920 τῶν
1386 892 1551 928 δυνάμεων.
1567 892 1604 919 Τὸ
1619 893 1677 928 μὲν,
1692 893 1738 920 ἐπ’
1755 892 1820 928 ἐμὲ.
1841 894 1883 919 ἀν-

1091 942 1118 968 τὶ
1127 940 1185 973 τοῦ,
1199 940 1232 967 δι’
1243 940 1371 976 ὲμὲ,ἢτοι
1385 939 1429 966 διὰ
1438 939 1485 966 τοῦ
1500 939 1567 974 ἐμοῦ
1581 939 1650 974 ὑπὲρ
1667 939 1756 966 αὐτῶν
1770 939 1882 970 πάθως’

1091 987 1121 1013 τὸ
1137 987 1176 1017 δὲ,
1202 986 1250 1020 Μὴ
1276 985 1527 1020 αἰσχυνθείησαν,
1554 985 1614 1011 ἀντὶ
1632 984 1691 1017 τοῦ,
1722 985 1824 1020 μηκέτι
1845 987 1883 1011 αἱ·

1092 1032 1281 1068 σχυνθειησαν,
1307 1031 1345 1063 ὡς
1369 1031 1452 1058 πάλαι
1478 1031 1567 1057 αὐτῶν
1592 1031 1784 1066 ᾑσχυνομένων
1798 1031 1832 1058 δι’
1855 1033 1884 1066 ἦν

1092 1078 1240 1113 ὑπέμειναν
1259 1077 1372 1113 φθοράν.
1392 1077 1420 1104 '0
1440 1077 1468 1104 δὲ
1489 1076 1551 1107 νοῦς
1569 1073 1656 1108 οὗτος
1681 1076 1791 1112 Ἐπειδὴ
1821 1077 1882 1111 ἐγὼ,

1093 1125 1168 1160 φησι,
1181 1123 1366 1159 κατεδεξὰμην
1384 1123 1454 1159 ὑπὲρ
1472 1123 1561 1150 αὐτῶν
1581 1123 1728 1157 γεύσασθαι
1756 1123 1883 1155 θανάτου,

1093 1169 1248 1205 ἀναιρεθείη
1273 1170 1290 1205 ἡ
1314 1168 1398 1195 πάλαι
1425 1170 1485 1195 κατ’
1502 1168 1592 1195 αὐτῶν
1618 1169 1750 1204 γενομένη
1773 1168 1820 1194 διὰ
1843 1169 1884 1195 τὸν

1093 1215 1207 1242 θάνατον
1227 1214 1352 1250 αἰσχύνη.
1377 1215 1496 1250 Αἰσχύννη
1525 1213 1628 1250 γὰρῆν
1645 1215 1692 1242 τοῦ
1719 1216 1780 1242 κατ’
1795 1216 1884 1242 εἰκόνα

1093 1261 1160 1287 Θεοῦ
1172 1261 1328 1293 κτισθέντος
1342 1260 1487 1296 ἀνθρώπου
1504 1260 1653 1296 βασιλεύων
1665 1261 1678 1287 ὁ
1693 1261 1820 1292 θάνατος.
1836 1261 1884 1295 Ση-

1095 1307 1186 1341 μαίνει
1200 1304 1258 1339 οὖν,
1269 1306 1306 1338 ὡς
1322 1306 1365 1333 διὰ
1380 1307 1428 1342 τῆς
1456 1306 1539 1333 αὐτοῦ
1564 1307 1739 1339 ἀναστάσεως
1753 1307 1787 1333 ἐκ
1805 1307 1883 1342 μέσον

1097 1353 1241 1387 γενήσεται
1264 1353 1278 1379 ὁ
1303 1352 1426 1384 θάνατος.
1445 1353 1583 1388 Συνῆπται
1605 1350 1653 1378 οὖν
1681 1353 1709 1378 ὲν
1737 1352 1827 1388 ταύτῃ
1851 1354 1882 1387 τῇ

1094 1397 1226 1433 ἑρμηνείᾳ
1241 1397 1287 1424 καὶ
1309 1399 1323 1424 ὀ
1344 1398 1436 1433 ἕτερος
1449 1398 1552 1433 στίχοςι
1574 1398 1695 1425 ότούτου
1724 1399 1882 1434 παρόμοιος·

1094 1443 1176 1476 Μηδὲ
1199 1444 1422 1478 ἐντραπείησαν
1447 1444 1492 1470 ἐπ’
1521 1443 1574 1478 ἐμὲ
1601 1445 1629 1471 οι
1656 1443 1816 1477 ζητοῦντές
1839 1452 1881 1472 σε.

1095 1489 1192 1522 Καλῶς
1205 1490 1251 1516 καὶ
1265 1490 1320 1517 ἄνω
1334 1488 1394 1517 εἷπε
1419 1491 1459 1522 τὸ,
1473 1490 1519 1516 ἐπ’
1535 1489 1597 1525 ἐμὲ,
1627 1490 1674 1516 καὶ
1689 1488 1751 1517 ὦδε.
1776 1490 1883 1524 Ἐπειδὴ

1095 1537 1148 1572 γὰρ
1177 1536 1259 1568 αὐτὸς
1281 1534 1315 1572 ἦν
1347 1537 1361 1563 ὁ
1393 1536 1565 1572 προτρέψας,
1596 1536 1721 1572 ἡττηθεὶς
1750 1536 1882 1572 αἰσχύνην

1096 1582 1176 1617 ἔφερε
1193 1582 1249 1612 τοῖς
1275 1581 1436 1613 πεισθεῖσιν,
1461 1581 1499 1613 ὡς
1523 1582 1614 1617 ἀπάτῃ
1639 1581 1685 1607 καὶ
1703 1581 1816 1616 εὐκολίᾳ
1843 1582 1884 1607 τὸν

1096 1626 1216 1652 κίνδυνον
1231 1625 1376 1660 ἑλομένοις.

1133 1671 1197 1698 ’Ὅτι
1213 1671 1303 1698 ἕνεκά
1326 1679 1384 1698 σου
1411 1671 1567 1705 ὑπήνεγκα
1595 1671 1780 1706 ὀνειδισμόν,
1802 1669 1883 1701 Ain},

1097 1718 1188 1753 φησὶν,
1211 1717 1332 1744 ἐκποδὼν
1355 1717 1480 1751 γενέσθαι
1505 1717 1550 1743 τὸν
1582 1717 1707 1743 Θάνατον·
1731 1717 1827 1753 ἐπειδὴ
1843 1717 1885 1743 καί

1097 1772 1138 1790 σοι
1151 1763 1271 1798 γεγονὼς
1289 1763 1418 1800 ὑπήκοος.
1435 1763 1516 1790 αὑτὸν
1527 1763 1728 1798 ἁναδὲδειγμαι.
1742 1764 1887 1797 Ἀπηλλα-

1098 1809 1255 1844 τριωμένος
1274 1809 1423 1844 ἐγενήθην
1453 1808 1515 1841 τοῖς
1537 1808 1680 1843 ἀδελφοῖς
1704 1819 1776 1844 μου.
1804 1810 1888 1836 Τοῦτό

1097 1863 1164 1890 φησι
1178 1854 1222 1881 διὰ
1233 1855 1282 1890 τὴν
1297 1854 1445 1890 γενομένην
1460 1854 1535 1890 αὑτῷ
1559 1854 1604 1880 ἐπὶ
1619 1853 1666 1881 τοῦ
1684 1855 1790 1886 πάθους
1816 1856 1886 1891 παρὰ

1098 1900 1205 1927 πάντων
1222 1900 1423 1935 ὲγκατὰλειψιν.

1134 1946 1198 1972 ’Ὅτι
1211 1947 1227 1972 ὀ
1241 1945 1329 1979 ζῆλος
1345 1946 1398 1972 τοῦ
1410 1946 1494 1973 οἴκου
1506 1955 1563 1973 σου
1575 1946 1722 1981 κατέφαγέ
1730 1954 1779 1980 με.
1796 1946 1889 1982 Ἦρνῄ

1098 1991 1179 2018 σαντό
1194 2000 1238 2026 με,
1252 1991 1344 2028 φησιν,
1358 1991 1452 2027 ἐπειδὴ
1467 1993 1580 2028 ἤλεγχον
1607 1993 1715 2024 ἀσεϐεῖς
1729 1993 1830 2024 αὐτοὺς
1846 2001 1887 2026 γε-

1098 2037 1226 2072 νομένους
1249 2037 1313 2072 περὶ
1335 2037 1380 2063 τὸν
1403 2035 1475 2063 οἷκον
1492 2037 1536 2064 τὸν
1562 2038 1615 2064 σόν.
1634 2038 1773 2072 Διηγεῖται
1799 2037 1828 2064 δὲ
1843 2036 1887 2071 τὴν

1099 2082 1218 2118 ἱστορίαν
1235 2082 1329 2117 σαφῶς
1345 2083 1359 2109 ὁ
1377 2083 1512 2118 Ἰωάννης·
1527 2083 1571 2109 ὅτε
1595 2083 1704 2116 ἐξέϐαλε
1721 2082 1793 2118 μετὰ
1808 2091 1890 2118 φραγ-

1097 2128 1188 2162 γελίου
1207 2129 1238 2154 ἐκ
1249 2129 1295 2155 τοῦ
1308 2128 1391 2163 ἱεροῦ.
1406 2129 1459 2155 Καὶ
1486 2130 1513 2155 οὶ
1534 2129 1697 2163 ὀνειδισμοὶ
1732 2129 1795 2155 τῶν
1814 2129 1888 2155 ἐνει-

1097 2174 1237 2204 διζόντων
1257 2182 1294 2201 σε
1314 2174 1466 2208 ἐπέπεσον
1488 2174 1533 2200 ἐπ’
1551 2175 1611 2209 ἐμέ.
1640 2175 1677 2201 Οὺ
1700 2174 1783 2209 μόνον
1815 2174 1889 2207 ξένος

1097 2220 1243 2255 ἐγενήθηνί
1266 2221 1344 2256 φησὶ,
1372 2221 1419 2247 καὶ
1447 2220 1712 2256 ἁπηλλοτριωμένος,
1742 2220 1814 2247 ἀλλὰ
1846 2221 1889 2246 καὶ

1097 2266 1274 2301 ὠνειδιζόμην
1288 2266 1316 2299 ἐξ
1333 2267 1445 2294 ἐκείνων
1477 2266 1525 2293 τῶν
1551 2267 1605 2292 ἀπὸ
1619 2265 1745 2301 πονηρῶν
1761 2265 1889 2301 πράξεων

1097 2311 1277 2344 ὀνειδιζόντων
1310 2320 1350 2339 σε.
1375 2312 1504 2338 Διόὐδὲν
1533 2312 1560 2338 δὲ
1587 2311 1679 2347 ἕτερον
1715 2311 1749 2337 τὰ
1777 2311 1890 2338 τοιαῦτα

1097 2357 1215 2392 ἔπασχον
1225 2357 1241 2393 ἤ
1253 2357 1297 2383 διὰ
1316 2357 1361 2383 τὸν
1373 2357 1454 2392 ζῆλον
1476 2357 1524 2384 ’τοῦ
1538 2357 1612 2384 οἴκου
1628 2365 1684 2384 σου.

1133 2403 1189 2430 Καὶ
1203 2403 1402 2438 συνεκάλυψιι
1418 2404 1453 2430 ἑν
1473 2404 1597 2437 νηστείᾳ
1609 2402 1666 2436 τὴν
1690 2402 1801 2437 ψυχήν
1819 2411 1888 2436 μου.

1103 2449 1215 2484 Ἀλγῶν,
1244 2450 1320 2485 φησὶ,
1350 2449 1392 2476 διὰ
1411 2450 1460 2485 τὴν
1477 2449 1607 2484 ἐσομένην
1630 2448 1721 2474 αὐτῶν
1750 2447 1889 2474 ἀπώλειαν

1095 2493 1148 2520 τῶν
1158 2494 1263 2530 ψυχῶν,
1277 2494 1308 2521 τὺ
1335 2494 1430 2521 καὶτὸ
1450 2494 1568 2521 ἐποίουν.
1595 2494 1625 2520 Οἱ
1650 2493 1678 2519 δὲ
1700 2493 1773 2528 ὑπὲρ
1795 2490 1834 2519 ὧν
1859 2493 1889 2518 τὰ

1095 2539 1208 2566 τοιαῦτα
1224 2540 1356 2575 ἐδρων,ὲν
1371 2539 1452 2565 παντὶ
1469 2539 1557 2575 καιρῷ
1575 2539 1622 2565 καὶ
1636 2538 1710 2573 τόπῳ
1725 2538 1772 2564 ὲπὶ
1790 2537 1887 2572 στόμα·

1094 2593 1139 2616 τος
1156 2585 1206 2620 ἐμὲ
1223 2585 1330 2620 ἔφερον,
1345 2584 1378 2617 ἃς
1399 2585 1469 2622 ὑπὲρ
1485 2585 1574 2613 αὐτῶν
1599 2584 1749 2619 ἐποιούμην
1767 2591 1889 2610 κακοπα-

1097 2630 1172 2662 θειας
1187 2630 1361 2663 ὀνειδίζοντές
1379 2640 1423 2666 με.

1139 2676 1213 2712 Ἐγὼ
1224 2676 1257 2703 δὲ
1274 2676 1311 2710 τῇ
1324 2677 1481 2712 προσευχῇ
1508 2685 1568 2712 μου
1583 2676 1657 2711 πρὸς
1679 2676 1727 2708 σὲ,
1745 2676 1845 2710 Κύριε.
1859 2673 1887 2700 Εἰ

1098 2722 1145 2749 καὶ
1159 2722 1274 2758 πονηρὰ,
1289 2722 1381 2757 φησιν,
1395 2722 1606 2750 ὰνταπεδίδοσὰν
1623 2731 1667 2757 μοι
1686 2721 1748 2755 ἀντὶ
1769 2720 1886 2755 ἀγαθῶν,

1098 2768 1155 2794 ἀλλ’
1169 2766 1214 2795 οὖν
1225 2767 1275 2800 τὰς
1289 2769 1359 2804 ὑπὲρ
1375 2769 1466 2797 αὐτῶν
1487 2769 1542 2804 ἐγὼ
1566 2769 1596 2796 οὐ
1615 2768 1740 2804 παύομαι
1761 2766 1885 2802 notantia?
