1922 3057
78 106 128 134 309

605 100 786 129 EXPOSITIO
805 99 836 127 IN
857 96 1020 126 PSALMUM
1041 94 1156 123 LXVIII.

1638 84 1690 113 δίο

79 147 299 194 νος-προσευχάς.
324 158 378 185 Καὶ
393 156 472 184 τοῦτο
498 156 577 190 δῆλον
602 156 631 190 ἐξ
649 153 686 184 ὧν
705 154 861 191 παρέθηκεν

932 161 965 181 oc
989 152 1163 180 manifestum
1184 152 1240 180 est,
1255 147 1328 183 quod
1353 144 1518 181 evangelista
1529 149 1591 170 eum
1611 140 1692 168 nobis

77 203 156 242 αὐτὸν
171 205 186 231 ὁ
199 203 402 239 εὐαγγελιστὴς,
427 203 473 229 καὶ
495 202 569 242 παρὰ
603 201 641 237 τῷ
666 200 774 237 σταυρῷ
789 201 858 235 ὑπὲρ

79 250 130 277 τῶν
140 250 324 285 σταυροὺντων
338 249 492 284 εὐχόμενον,
509 239 615 282 Κάιρὸς
637 248 784 280 εὐδοκίας.
795 247 859 272 Ὅτε

79 294 149 330 ἦλθε
165 295 197 321 τὸ
214 294 358 329 πλήρωμα
385 294 438 321 τοῦ
465 295 588 328 χρόνου,
606 293 821 325 ἐξαπέστειλεν
843 292 859 318 ὁ

81 342 149 374 Θεὸς
157 342 212 368 τὸν
229 341 296 367 Υὶὸν
310 340 403 367 αὑτοῦ
425 340 588 374 γενόμενον
599 339 633 365 ἐκ
646 339 798 373 γυναικὸς,
813 346 860 372 τεο

80 388 204 421 νόμενον
216 386 274 414 ὑπὸ
291 387 394 420 νόμον,
411 386 460 412 ἵνα
488 385 559 418 τοὺς
574 384 631 412 ὑπὸ
651 385 745 418 νόμον·
758 384 861 418 ἐξαγο-

81 431 165 465 ράσῃ.
185 431 214 458 Ὀ
231 433 270 462 εἰς
282 430 362 457 τοῦτο
390 429 473 458 ἐλθών
498 437 574 465 φησι*
590 429 698 463 Καιρὸς
711 428 861 461 εὐδοκίας,

82 479 97 504 ὁ
111 477 189 509 Θεός.

114 522 216 552 Σῷσόν
224 531 263 557 με
275 522 334 549 ἀπὸ
361 521 471 556 πηλοῦ,
487 521 537 547 ἵνα
553 520 596 555 μὴ
620 519 749 555 ἐμπαγῶ.
769 519 863 548 Ταῦτα

82 566 142 604 ἦνᾶ
170 570 214 595 καὶ
236 569 452 605 προσευχόμενος
480 568 549 603 ὑπὲρ
573 567 623 602 τῆς
655 566 863 602 ἀνθρωπότητος

85 614 204 649 ἔκραζεν,
225 615 263 646 ὡς
288 615 335 641 καὶ
357 614 445 648 λέγειν
476 613 572 640 αὐτόν·
606 613 821 647 Ἐϐραγ-χίασεν
847 613 864 639 ὁ

85 660 193 695 λάρυγξ
216 670 287 695 μου.
305 660 341 687 Τὸ
365 661 404 692 δὲ,
427 659 658 695 ὲϐραγχίασε,τὺ
684 659 791 691 ἐκτενὲς
815 659 886 694 τῆς,-

87 707 230 742 προοευχῆς
249 707 458 742 κατασημαίνει.

119 753 162 787 Μή
174 762 211 787 με
225 753 472 780 καταποντισάτω
497 751 630 786 καταιγὶς
643 751 761 784 ὕδατος,
789 751 866 785 μηδὲ

87 798 242 825 καταπιέτω
259 807 298 834 με
318 798 425 832 βυθός.
440 798 524 834 ’Ὀρου
543 798 591 827 καὶ
611 798 733 832 κατάρας
750 797 865 832 φρικτῆς

87 844 274 880 προκειμένης,
291 844 333 871 ἵνα
350 844 401 870 κᾶν
417 843 531 878 ἄγγελος
544 842 765 877 εὐαγγελίσηται,
791 841 807 877 ἢ
825 842 865 868 δι-

87 890 146 926 δάξῃ
156 892 228 937 ημᾶς
241 891 307 927 παρ’
324 891 337 918 ὃ
354 892 368 917 ὁ
382 891 485 923 Παῦλος
502 889 629 922 ἐδίδαξεν,
646 888 770 923 ἀνάθεμα
785 887 864 913 ἔστω.

88 936 131 968 Τίς
141 933 212 962 tit-tv
233 937 248 962 6
267 936 489 972 ὑπερκεφαλῆσαι
507 934 622 968 Παῦλρν,
646 933 745 969 μᾶλλον
770 933 798 960 δὲ
821 933 867 960 τὸν

89 985 114 1009 ὲν
125 982 194 1018 αὺτῴ
205 982 340 1010 λαλοῦντα
367 982 483 1018 Χριατὺν
513 981 674 1016 δυνάμενος
704 979 808 1007 Οὐκοῦν
821 979 869 1012 καὶ

89 1030 124 1061 εἰς
143 1030 235 1056 ἑαυτὸν
253 1030 304 1065 τὴν
314 1028 441 1064 τοιαύτην
471 1027 552 1062 εὐχὴν
578 1026 716 1060 ἀναφέρει,
731 1026 779 1052 καὶ
799 1033 870 1060 μαρ-

88 1074 158 1108 τυρεί
172 1073 305 1108 λέγωνκὲν
331 1074 372 1108 τῇ
386 1072 454 1108 πρὸς
483 1071 623 1107 Ἐῧραίους
651 1071 805 1105 Ἐπιστολῇ,
829 1071 870 1096 ὅτι

89 1118 120 1144 ὲν
131 1119 192 1151 ταῖς
209 1118 334 1153 ἡμέραις
346 1118 400 1153 τῆς
416 1117 528 1152 σαρκὸς
544 1116 648 1148 αὐτοῦ,
675 1116 812 1143 τουτέστιν
825 1115 871 1142 ἐπὶ

89 1163 130 1190 τὸν
146 1164 260 1199 σταυρον
279 1164 434 1200 ἐρχόμενος,
460 1163 580 1197 δεήσεις
599 1171 630 1189 τε
655 1162 704 1189 καὶ
724 1161 872 1196 ἱκετηρίας

90 1209 152 1244 πρὸς
165 1210 210 1236 τὸν
225 1210 375 1246 δυνάμενον
386 1209 481 1242 σώζειν
493 1210 574 1236 αὐτὸν
603 1210 636 1235 ἐκ
659 1208 784 1240 Θανάτου,
796 1216 873 1234 τουτ-

91 1254 142 1281 έστι
157 1256 222 1291 πρὸς
245 1256 294 1282 τὸν
311 1256 429 1291 Πατέρα,
442 1255 516 1290 μετὰ
532 1253 666 1289 κραυγῆς
683 1252 810 1288 ἰσχυρᾶς
823 1252 873 1278 καὶ

90 1300 218 1336 δακρύων
235 1303 417 1338 προσήνεγκε,
437 1303 486 1330 καὶ
514 1301 722 1333 εἰσακουσθεὶς
745 1299 803 1326 ἀπὸ
820 1299 874 1333 τῆς

92 1349 255 1382 εὐλαϐείας·
274 1349 376 1384 καίπερ
396 1348 434 1375 ὢν
464 1348 538 1380 Υἱὸς,
561 1347 660 1383 ἔμαθεν
678 1346 723 1380 ἀφ’
740 1342 776 1372 ὧν
789 1345 873 1372 ἔπαθε

94 1395 139 1433 τὴν
149 1395 283 1430 ὑπακοήν.
301 1394 434 1421 Ἐνταῦθα
448 1393 564 1425 Παῦλος,
578 1392 675 1428 μᾶλλον
693 1391 721 1418 δὲ
733 1392 746 1418 ὁ
758 1392 786 1418 ἐν
801 1390 874 1426 αὐτῷ

93 1437 176 1464 λαλῶν
192 1438 322 1473 Χριστὸς,
334 1439 381 1464 καὶ
396 1438 431 1465 τὰ
446 1438 611 1473 σεσιγημένα
623 1438 670 1464 καὶ
681 1437 807 1463 λείποντα
819 1437 874 1467 τοῖς

910 201 936 227 in
960 207 1040 226 cruce
1059 205 1109 233 pro
1130 193 1352 230 cruciﬁgentibus
1373 196 1494 219 orantem
1508 190 1690 224 repraesentet.

911 246 1022 281 Tempus
1040 242 1204 278 beueplaciti,
1217 241 1296 267 Deus.
1317 238 1366 266 Ubi
1385 238 1451 265 venit
1472 233 1607 271 plenitudo
1628 238 1693 259 tem-

909 293 992 327 poris,
1008 291 1079 318 misit
1097 290 1166 316 Deus
1194 287 1294 314 Filium
1316 292 1392 312 suum
1415 284 1514 318 factum
1527 287 1559 307 ea:
1573 277 1691 307 muliere,

911 322 1012 374 factum
1037 337 1085 363 sub
1108 335 1178 370 lege,
1204 337 1232 360 ut
1253 340 1296 359 eos
1318 331 1363 366 qui
1387 328 1434 356 sub
1454 329 1508 363 tege
1526 329 1600 353 erant
1623 322 1694 350 redi-

910 367 990 409 meret
1003 382 1043 410 "._
1056 380 1108 414 Qui
1124 367 1156 406 ad
1171 379 1222 406 hoc
1237 377 1310 405 venit
1323 375 1361 403 ait
1377 385 1384 402 :
1401 374 1512 408 Tempus
1527 367 1693 405 beneplaeiti,

911 427 991 455 Deus.

947 513 990 540 l5.
1007 511 1086 542 Eripe
1101 519 1141 537 me
1152 510 1183 537 de
1195 510 1250 536 luto
1272 512 1300 535 ut
1317 515 1370 534 non
1388 505 1493 540 inﬁgar.
1516 501 1579 529 Ilrcc
1591 501 1695 528 clama-

912 559 959 586 bat
973 566 1034 586 cum
1051 564 1100 592 pro
1115 558 1232 583 humana
1245 558 1342 581 natura
1356 555 1525 588 precaretur,
1544 548 1580 575 ita
1602 551 1633 574 ut
1652 545 1695 572 di-

913 610 986 633 ceret
1006 613 1012 631 :
1029 603 1126 630 Rauca:
1148 602 1225 637 factm
1239 605 1300 627 sunt
1320 599 1408 634 fauces
1421 604 1494 623 mete.
1510 594 1576 621 Illud
1594 597 1695 623 autem,

914 651 1011 679 Rauca:
1034 650 1112 685 facta
1134 653 1205 682 sunt,
1237 645 1434 674 vehementiam
1459 640 1591 669 orationis
1614 637 1697 673 signi-

913 696 985 724 ticat.

949 742 992 774 16,
1009 737 1052 768 I7.
1073 738 1134 767 Non
1149 746 1188 765 me
1209 737 1341 771 demerget
1362 738 1500 768 tempestas
1521 738 1606 767 aqua,
1618 735 1699 764 neque

916 785 1052 814 absorbent
1065 793 1105 812 me
1114 782 1286 819 profundum.
1300 781 1368 809 Cum
1388 780 1524 807 decretum
1541 780 1568 804 et
1587 774 1700 802 maledi-

917 832 970 860 ctio
985 830 1123 866 proposita
1139 829 1203 862 sint,
1215 832 1245 854 ut
1258 827 1281 854 si
1294 827 1335 853 vel
1351 824 1464 859 angelus
1476 820 1642 857 evangelizet
1654 823 1701 846 aut

917 865 1014 905 doceat
1028 883 1078 905 nos
1096 878 1192 910 praeter
1206 881 1237 900 ea
1248 879 1307 908 quae
1317 870 1418 898 Paulus
1435 868 1538 900 docuit,
1556 865 1700 893 anathema

918 923 964 956 sit,
981 923 1043 958 quis
1055 926 1098 950 est
1111 921 1158 956 qui
1168 919 1253 948 Paulo
1270 919 1326 946 sive
1338 917 1430 952 potius
1442 915 1551 942 Christo
1567 913 1594 939 in
1609 918 1641 939 eo
1659 911 1700 937 lo-

918 956 1012 1005 quenti
1029 967 1154 1003 superior
1176 973 1237 993 esse
1259 961 1415 999 possit?Ad
1436 968 1497 988 sese
1512 959 1595 994 igitur
1609 956 1701 990 (Chri-
1755 984 1758 989 ,

919 1002 988 1050 sws)
1003 1015 1071 1040 hanc
1096 1010 1279 1047 peecationem
1294 1007 1388 1040 refert,
1405 1010 1434 1033 ut
1455 1004 1614 1032 testiﬁcatur
1630 1002 1702 1036 Apo-

920 1061 1006 1089 stolus
1020 1060 1047 1087 in
1062 1057 1184 1094 Epistula
1199 1055 1233 1083 ad
1252 1054 1390 1085 Hebraeos,
1407 1051 1479 1087 quod
1495 1051 1521 1077 in
1534 1050 1625 1077 diebus
1644 1055 1703 1074 car-

921 1109 962 1136 nis
975 1115 1040 1138 sum.
1058 1106 1110 1132 hoc
1125 1108 1167 1131 est
1181 1110 1243 1130 cum
1259 1101 1292 1129 ad
1307 1107 1414 1128 crucem
1431 1097 1568 1128 venisset,
1585 1096 1704 1122 obsecra-

923 1155 1004 1183 tiones
1020 1157 1044 1180 et
1056 1149 1259 1186 supplicationes
1271 1155 1330 1174 cum
1341 1145 1429 1172 valido
1450 1144 1563 1171 clamore
1578 1147 1653 1176 atque
1665 1139 1705 1166 la-

922 1199 1017 1234 crymis
1043 1196 1167 1231 offerebat
1191 1194 1215 1221 ei
1241 1193 1287 1228 qui
1316 1195 1422 1226 poterat
1443 1190 1532 1224 ipsum
1557 1187 1672 1214 liberare
1690 1193 1705 1211 ιι

923 1249 1020 1275 morte,
1037 1243 1063 1270 id
1088 1246 1130 1269 est
1144 1240 1226 1273 Patri,
1241 1243 1268 1266 ct
1287 1237 1430 1272 etpattditus
1448 1241 1486 1262 est
1500 1242 1547 1269 pro
1567 1240 1614 1260 sua
1637 1239 1707 1258 reve-

923 1292 1008 1320 rentia
1019 1290 1057 1316 ⁵²ε
1072 1289 1134 1316 licet
1146 1287 1232 1314 Filius
1246 1289 1328 1316 esset,
1344 1282 1455 1310 edidicit
1469 1289 1501 1308 ex
1514 1279 1643 1316 passione
1657 1284 1707 1305 sua

924 1335 1118 1366 obedientiam.
1136 1332 1185 1359 llic
1204 1331 1320 1362 Paulus,
1338 1329 1393 1356 imo
1415 1327 1506 1362 potius
1532 1324 1577 1359 qui
1604 1324 1630 1350 in
1648 1323 1708 1357 ipso

924 1383 1084 1419 loquebatur
1097 1379 1231 1410 Christus,
1244 1384 1305 1412 quae
1317 1375 1344 1402 in
1355 1373 1508 1409 Evangeliis
1523 1370 1630 1398 silentio
1641 1375 1710 1404 prae-

926 1429 1051 1458 termissa
1066 1431 1141 1460 sunt,
1160 1433 1210 1452 nos
1227 1423 1344 1454 edocuit,
1362 1420 1473 1457 quando
1487 1418 1565 1451 dixit,
1582 1425 1641 1444 cum
1655 1415 1712 1442 cla-

94 1483 293 1517 ιῢαγγελισταῐς
306 1484 378 1518 ἡμᾶς
394 1464 591 1518 ὲδίδαξε,¹μ;ετὰ
603 1482 735 1517 κραυγῆς
751 1464 875 1517 ἰσχυρᾶς

929 1485 998 1504 more
1020 1475 1105 1502 valido
1122 1478 1146 1500 et
1161 1471 1285 1507 lacrymis
1308 1469 1438 1498 emissam
1460 1466 1545 1494 fuisse
1559 1464 1711 1492 orationem

95 1528 140 1557 καὶ
157 1529 296 1564 δακρύων
317 1529 403 1564 λέγων
418 1530 543 1564 γενέσθαι
558 1529 607 1565 τὴν
634 1528 797 1564 προσευχὴν,
817 1527 875 1558 τοῦ,

95 1574 193 1610 Πάτερ,
213 1575 385 1610 παρελθέτω
414 1576 462 1603 ἀπ’
481 1575 553 1610 ἐμοῦ
566 1575 598 1602 τὸ
610 1575 752 1609 ποτήριον
778 1574 876 1606 τοῦτο,

96 1621 141 1648 οὐκ
151 1623 179 1647 ὲν
193 1622 348 1658 ὑποκρίσει,
361 1623 410 1648 οὐκ
425 1622 471 1648 ἐπὶ
486 1621 518 1648 τὸ
532 1621 656 1648 δελεάσαι
676 1621 721 1647 τὸν
744 1620 877 1651 Σατανᾶν,

97 1657 129 1692 οδ
139 1666 168 1692 τὸ
184 1667 228 1694 τοῦ
238 1657 343 1702 κόνει-μου
357 1666 538 1703 οἰκειούμενος
549 1666 662 1702 θέλημα·
671 1666 727 1692 ἀλλ’
737 1665 765 1699 ἐξ
779 1665 878 1692 οἰκείου

98 1713 236 1747 προσώπου
265 1714 281 1740 ὁ
297 1713 413 1748 Χριστὸς
425 1712 601 1748 οἰκονομικῶς
617 1712 746 1743 ἑκουσίως
762 1712 879 1747 προσεύ-

99 1766 168 1793 χεται
183 1759 252 1794 μετὰ
268 1759 401 1794 κραυγῆς,
420 1758 489 1794 μετὰ
512 1758 647 1794 δακρύων,
677 1757 746 1794 μετὰ
761 1757 879 1794 ἱδρώτων

99 1805 141 1831 καὶ
153 1805 271 1841 Θρόμϐου
290 1806 415 1841 αἵματος,
430 1805 499 1840 μετὰ
510 1805 626 1839 ἀγγέλου
639 1804 816 1839 ὲνισχύοντος,
833 1804 881 1830 καὶ

99 1853 174 1880 οἱονεὶ
188 1853 411 1890 παρακαλοῦντος
424 1853 471 1879 καὶ
487 1851 706 1888 παρηγοροῦντος
717 1850 807 1882 αὑτὸν,
819 1851 881 1877 καί-

101 1907 150 1935 περ
173 1899 236 1932 Υἱὸς
264 1899 334 1926 Θεοῦ
367 1899 473 1934 ἀληθῶς
510 1898 650 1934 ὑπάρχων.
672 1897 752 1924 Ἀλλὰ
775 1899 822 1925 καὶ
847 1898 882 1925 ἐν

101 1945 205 1979 ἀγωνίᾳ
222 1946 385 1980 γενόμενος
401 1944 581 1980 προσηύχετο,
606 1944 644 1975 ὥς
671 1945 777 1979 φησινὸ
803 1944 884 1978 εὐαγ-

101 1991 232 2026 γελιστὴς,
250 1990 319 2017 ἀλλὰ
332 1991 378 2017 καὶ
388 1989 606 2023 ἐκτενέστερον,
619 1989 686 2016 ἀλλὰ
700 1990 746 2016 καὶ
762 1989 812 2021 δὶς,
837 1989 884 2015 καὶ

102 2035 156 2070 τρὶς
167 2037 215 2071 τὴν
230 2036 315 2071 εὐχὴν
331 2035 370 2071 τῷ
385 2036 471 2072 Πατρὶ
485 2036 628 2071 προσάγει.
644 2035 696 2061 Τοῦ
708 2033 753 2061 οὖν
766 2034 883 2067 Παύλου,

105 2081 198 2115 μᾶλλον
214 2083 242 2108 δὲ
255 2082 338 2108 πάλιν
348 2081 418 2116 λέγω
430 2081 476 2108 τοῦ
486 2080 615 2116 Χριστοῦ,
633 2081 680 2107 τοῦ
706 2082 734 2107 ὲν
761 2079 834 2115 αὐτῷ
850 2079 889 2114 τῷ

104 2127 196 2164 Παύλῳ
218 2128 373 2160 λαλοῦντος,
391 2128 430 2159 εὶς
456 2128 551 2154 ἑαυτὸν
572 2126 752 2161 ἀναφέροντος
777 2126 826 2162 τὴν
851 2124 979 2157 τοιαύτην
1001 2116 1176 2155 προσευχήν-⁸

928 1524 1000 1551 illam
1016 1532 1022 1549 :
1040 1521 1130 1551 Pater,
1145 1523 1260 1546 transeat
1274 1526 1290 1544 a
1306 1524 1346 1543 me
1365 1515 1437 1542 catis
1448 1514 1496 1540 iste
1507 1512 1540 1545 ⁸⁵,
1555 1518 1609 1538 non
1622 1510 1649 1536 in
1665 1508 1714 1544 hy-

928 1568 1040 1606 pocrisi,
1053 1574 1107 1594 non
1123 1569 1151 1592 ut
1166 1564 1295 1591 Satanam
1308 1563 1442 1589 inescaret
1458 1563 1485 1587 et
1498 1557 1643 1591 deciperet.
1658 1562 1713 1581 non

928 1600 1001 1651 quod
1019 1600 1113 1641 mundi
1136 1611 1304 1638 voluntatem
1327 1611 1357 1635 ut
1382 1605 1519 1641 propriam
1533 1602 1650 1634 efferret,
1666 1600 1714 1628 sed

929 1670 963 1689 ex
985 1659 1094 1695 propria
1117 1663 1235 1692 persona
1257 1653 1394 1684 Christus,
1409 1658 1457 1686 per
1473 1646 1714 1683 dispensationem,

933 1710 1028 1742 sponte
1040 1708 1174 1740 precatur,
1192 1708 1254 1730 cum
1273 1699 1402 1729 clamore,
1424 1703 1484 1724 cum
1500 1691 1638 1729 lacrymis,
1651 1697 1713 1718 cum

933 1737 1080 1781 sudore-et
1103 1753 1178 1785 gutta
1206 1745 1357 1781 sanguinis,
1372 1741 1544 1771 coniortante
1566 1737 1672 1772 angelo,
1689 1739 1717 1761 ct

933 1799 1012 1836 quasi
1025 1796 1183 1825 consolante
1207 1793 1294 1824 illum,
1309 1789 1416 1818 etiamsi
1433 1795 1497 1815 vere
1511 1785 1595 1812 Filius
1612 1783 1658 1810 Dei
1673 1789 1716 1809 es-

935 1827 1052 1874 set.'Sed
1073 1841 1154 1870 etiam
1179 1839 1264 1873 factus
1281 1837 1308 1863 in
1324 1834 1418 1870 agonia
1436 1831 1613 1867 precabatur,
1631 1832 1661 1855 ut
1681 1827 1719 1854 ait

934 1888 1099 1924 evangelista
1111 1887 1145 1918 ⁵⁸,
1159 1885 1215 1912 imo
1225 1890 1290 1910 vero
1307 1880 1448 1916 prolixius,
1463 1882 1490 1905 et
1508 1883 1595 1910 usque
1607 1874 1649 1901 bis
1664 1878 1717 1900 ter-

935 1945 989 1973 que
1004 1921 1157 1964 orationem
1176 1930 1248 1959 Patri
1265 1929 1355 1959 oll‘ert.
1372 1926 1455 1953 Paulo
1478 1925 1579 1958 itaque,
1596 1921 1651 1947 imo
1668 1925 1718 1954 po-

936 1970 992 2012 tius
1005 1984 1065 2018 ipso
1078 1980 1186 2008 Christo
1203 1976 1249 2011 qui
1263 1976 1289 2002 in
1306 1973 1391 2002 Paulo
1403 1970 1575 2005 loquebatur,
1585 1974 1644 1994 eam
1657 1971 1720 1992 ora-

939 2013 1040 2057 tionein
1059 2026 1093 2053 ad
1113 2032 1141 2052 se
1160 2022 1294 2050 referente
1308 2029 1314 2046 :
1330 2018 1392 2053 quis
1405 2021 1446 2044 est
1462 2015 1510 2050 qui
1522 2021 1554 2042 ea
1569 2013 1721 2040 adulterare

939 2074 1027 2111 possit
1037 2079 1098 2107 quae
1115 2070 1172 2105 ipse
1182 2067 1307 2097 Christus
1316 2064 1349 2092 de
1361 2070 1390 2091 se
1402 2061 1563 2089 testiﬁcatus
1576 2059 1636 2086 est?

1213 2113 1256 2144 τίς
1287 2113 1361 2138 ἐστιν
1381 2110 1395 2135 ὁ
1422 2105 1612 2143 παραχαράξαι
1643 2101 1723 2129 δυνά-

106 2182 194 2209 μενος,
220 2174 239 2201 ἃ
267 2173 347 2205 αὐτὸς
369 2174 383 2199 ὁ
404 2173 520 2208 Χριστὸς
551 2172 616 2208 περὶ
636 2170 732 2198 ἑαυτοῦ
762 2170 965 2206 ὲμαρτύρησεν;

134 2221 180 2255 Μὴ
203 2220 401 2255 ἁποστρέψῃς
424 2195 456 2246 τὸ
486 2195 647 2254 πρόσωὲεόν
671 2195 729 2245 σου

959 2195 964 2201 1
977 2211 1021 2240 l8.
1033 2209 1074 2237 Ne
1087 2210 1189 2235 avertas
1202 2204 1295 2240 faciem
1306 2206 1377 2229 tuam
1388 2207 1490 2235 apuero
1506 2203 1560 2224 tuo.
1573 2196 1641 2230 Quia
1652 2195 1724 2223 Deus

1214 2251 1220 2255 .
1239 2250 1245 2255 _
1295 2253 1299 2255 _
1407 2245 1537 2255 ﬂium
1576 2244 1722 2255 manu“

107 2266 206 2300 παιδός
221 2274 290 2293 σου.
315 2265 422 2300 Ἐπειδὴ
448 2265 634 2299 ἀποστραφεὶς
663 2262 698 2299 ἦν
717 2265 731 2290 ὁ
749 2263 814 2295 Θεὸς
842 2263 890 2290 καὶ

108 2312 197 2349 Πατὴρ
210 2313 254 2339 διὰ
267 2313 317 2348 τὴν
336 2313 365 2339 ὲν
394 2311 479 2346 Ἀδὰμ.
503 2311 657 2346 παράϐασιν
681 2310 731 2344 τὴν
747 2308 891 2345 ἀνθρώπου

109 2357 194 2391 φύσιν,
220 2358 317 2385 τούτου
341 2357 419 2393 χάριν
435 2356 515 2383 πάλιν
536 2356 614 2383 αὐτὸν
647 2355 808 2391 ἐπιστρέψαι
825 2353 893 2388 πρὸς

110 2402 188 2439 αὐτὴν
201 2403 232 2430 τὸ
251 2403 395 2438 πρόσωπον
408 2401 571 2437 παρακαλεῖ.

142 2450 278 2484 Πρόσχες
304 2449 340 2483 τῇ
363 2447 449 2483 ψυχῇ
459 2457 529 2482 μου,
549 2446 599 2474 καὶ
614 2447 763 2480 λύτρωσαι
786 2444 893 2478 αὐτήνν

110 2495 141 2522 ὲκ
151 2495 196 2522 τοῦ
208 2496 401 2531 κατασχόντος,
427 2494 548 2530 δηλονότι
580 2494 626 2520 τοῦ
647 2493 771 2520 θανάτου.
785 2492 895 2518 Ἕνεκα

113 2542 167 2569 τῶν
179 2542 295 2577 ἐχθρῶν
315 2551 374 2577 μου
397 2541 492 2576 ῥῦσαί
521 2548 570 2576 με.
602 2539 647 2571 Ἐξ
667 2537 701 2575 ἦς
723 2537 895 2572 πεπόνθαμεν

89 2623 92 2627 .
113 2587 213 2621 ἀδικίας
226 2588 303 2623 παρὰ
318 2588 373 2615 τῶν
388 2587 491 2622 νοητῶν
517 2585 632 2622 ἐχθρῶν,
654 2585 708 2612 ἀπὸ
728 2584 828 2618 ταύτης
848 2583 896 2609 ἐπὶ

114 2635 156 2662 τὸν
169 2636 240 2661 ἔλεον
253 2635 299 2661 τὸν
309 2635 443 2670 ἡμέτερον
456 2633 582 2668 διεγείρει
594 2632 639 2665 τὸν
652 2630 773 2665 Πατέρα.

148 2680 187 2707 Σὺ
203 2681 256 2715 γὰρ
273 2679 428 2715 γινώσκεις
446 2678 499 2705 τὸν
515 2676 685 2711 όνειδισμόν
702 2684 772 2710 μου.
785 2675 897 2708 ’Ὅμοιον

117 2725 153 2760 τῷ
174 2725 320 2761 εἰρημένῳ·
342 2726 403 2751 Ὅτι
430 2723 534 2751 ἕνεκέν
551 2729 609 2749 σου
634 2720 790 2754 ὑπήνεγκα
820 2720 896 2746 ὀνει-

157 2804 177 2821 ¹¹
194 2804 281 2832 Galat.
297 2812 332 2837 tv,
349 2803 375 2832 5.
411 2804 433 2820 "
447 2802 528 2831 Hebr.
543 2810 568 2835 ν,
602 2800 627 2827 7'.
663 2801 684 2816 "
697 2798 791 2826 Matth.
812 2795 943 2830 xxv1,'55.
988 2794 1009 2810 ³⁵
1026 2792 1090 2820 Luc.
1104 2797 1171 2822 XXII.
1187 2787 1228 2815 45-

938 2265 965 2287 et
977 2258 1067 2287 Pater,
1085 2257 1195 2290 propter
1207 2250 1271 2278 Adae
1293 2245 1556 2282 transgressionem,
1575 2244 1724 2270 humanam

939 2309 1065 2333 naturam
1079 2298 1266 2329 aversabatur,
1279 2295 1339 2323 ideo
1352 2297 1429 2329 rogat
1439 2296 1468 2320 ut
1477 2294 1617 2319 convertat
1629 2289 1725 2317 faciem

942 2358 1019 2379 suam
1034 2349 1067 2376 ad
1082 2354 1154 2376 eam,

978 2440 1022 2467 19.
1038 2436 1148 2465 Intende
1164 2434 1260 2462 animat
1272 2439 1336 2459 mea-
1347 2436 1371 2458 et
1384 2429 1468 2457 libera
1482 2436 1551 2461 eam,
1565 2435 1578 2454 a
1591 2430 1679 2453 morte
1689 2425 1720 2452 vi-

945 2485 1043 2513 delicet
1056 2485 1215 2516 occupante.
1238 2479 1349 2512 Propter
1370 2476 1490 2503 inimicos
1510 2481 1579 2500 meos
1593 2472 1664 2506 eripe
1678 2478 1724 2498 me.

947 2533 984 2559 Ex
1001 2529 1102 2565 injuria
1123 2515 1201 2554 nobis
1215 2533 1262 2561 per
1277 2524 1403 2551 inimicos
1420 2520 1576 2556 spirituales
1595 2518 1681 2548 illata,
1696 2515 1730 2543 ad

947 2573 1164 2605 misericordiam
1178 2570 1264 2598 nostri
1280 2569 1388 2596 Patrem
1403 2566 1514 2596 excitat.

985 2665 1082 2694 20-29.
1114 2663 1153 2690 Tu
1175 2661 1227 2689 scis
1250 2658 1435 2694 improperium
1457 2662 1552 2682 meum.
1578 2650 1672 2679 Simile
1691 2653 1733 2676 est

949 2712 1021 2740 dicto
1033 2711 1071 2738 illi
1082 2718 1088 2736 :
1102 2707 1235 2742 Quoniam
1242 2708 1352 2738 propter
1364 2707 1387 2729 te
1395 2699 1511 2729 sustinui
1522 2695 1690 2732 opprobrium
1698 2695 1733 2720 ".

1270 2785 1292 2802 ⁵⁸
1307 2782 1385 2811 Vcrs.
1407 2780 1433 2809 8.
