1922 3057
76 117 124 145 313

75 175 160 202 αὑτοῦ
181 176 235 203 οὐκ
249 176 441 208 ὲξουὸἐνωσε.
463 179 593 215 Διέρῤηξε
612 180 666 216 γὰρ
687 180 794 208 πάντων

75 220 163 255 δεσμὰ,
178 221 294 256 εἰρηκὼς
312 223 369 256 τοῖς
395 223 430 250 ἐν
449 223 581 259 δεσμοῖς,
613 226 771 258 Ἐξέλθετε·
797 228 845 254 καὶ

76 266 130 299 τοῖς
149 267 182 293 ὲν
206 266 246 299 τῷ
266 268 383 301 σκότει,
409 270 660 305 Ἀνακαλύφθητε.
690 273 746 300 Καὶ
775 273 846 307 τοὺς

75 311 287 347 πεπεδημένους
309 315 402 342 αὑτοῦ
425 317 481 343 οὐκ
508 317 703 350 ἐξουδένωσε.
734 319 790 346 Καὶ
814 319 844 346 οὺ

75 358 203 385 διέπτυσεν
219 360 289 395 ἡμᾶς
304 360 333 386 ὲν
348 364 499 398 συμφοραῖς
524 364 612 396 ὄντας,
639 365 729 397 καλῶς
752 365 780 392 δὲ
796 366 845 392 αὐ-

74 405 130 435 τοὺς
140 405 337 441 πεπεδημένους
355 405 415 434 εἷπε
433 408 465 435 δι’
476 406 513 435 ὧν
539 409 656 445 ἔπασχον
668 410 763 438 ταῦτα.

105 450 308 478 Αἱνεσὰτωσαν
321 452 415 479 αὐτὸν
428 455 456 480 οἱ
469 455 591 488 οὐρανοὶ
618 456 666 483 καὶ
693 457 712 491 ἡ
743 457 791 491 γῆ.
813 458 845 485 Εἰ

75 495 137 530 χαρὰ
159 496 260 529 γίνεται
282 497 312 524 ὲν
337 498 444 534 οὐρανῷ
472 501 517 526 ἐπὶ
543 501 583 528 ἐνὶ
600 502 750 538 ἁμαρτωλῷ
766 512 846 538 μετα-

75 539 176 571 νοοῦντι,
195 540 284 576 πολλῷ
298 542 379 569 πλέον
393 545 558 580 χαρήσονται
570 547 716 582 συμπάσης
741 547 846 574 ἐλευθε-

77 585 194 621 ρωθείσης
207 587 255 622 τῆς
269 588 332 623 γῆς.
362 590 394 616 Εἰ
418 590 447 616 δὲ
469 591 581 626 οὐρανὸς
604 592 650 619 ἐπὶ
677 594 710 628 τῇ
731 593 784 619 τῶν
799 594 845 620 ἀν-

76 630 177 665 Θρώπων
192 633 281 668 χαίρει
309 635 447 670 σωτηρίᾳ,
470 637 518 663 καὶ
532 638 601 664 αἰνεῖ
620 639 665 664 ἐπὶ
683 638 770 674 τούτῳ
799 639 844 666 τὸν

75 677 142 703 Θεόψ
157 678 240 714 πο).λῷ
259 680 359 715 μᾶλλον
377 682 423 708 καὶ
443 683 519 709 αὐτοὶ
532 684 555 709 οἱ
581 683 711 716 σωθέντες
724 685 770 711 ἐπὶ
794 685 844 720 τῆς

75 722 119 757 γῆς
128 725 253 752 alvis-auct
264 726 311 752 τὸν
327 726 461 754 σώσαντα·
473 728 512 754 διὸ
525 729 688 765 προσέθηκε¹
699 730 843 757 Θάλασσα

76 769 215 797 eulmina
238 771 275 797 τὰ
293 772 423 805 ἕρπον-τα
447 774 482 800 ἐν
504 774 615 807 αὐτοῖς.
643 775 727 802 Τοῦτό
750 785 841 812 φησιν,

74 814 152 850 ἐπειδὴ
164 816 208 842 καὶ
225 817 253 843 ὲν
272 819 334 849 ταῖς
353 819 444 853 νήσοις
460 819 571 854 ἔμελλον
584 820 616 847 τὺ
636 822 766 858 σωτήριον
795 822 842 849 τοῦ

74 859 132 886 θεοῦ
144 862 349 898 παραδέχεσθαι.
365 865 402 891 Τὸ
416 864 455 897 δὲ,
471 865 507 892 ὲν
518 866 630 900 αὐτοῖς,
647 868 694 894 καὶ
718 868 746 893 ὲν
759 869 793 903 τῇ
806 869 841 903 γῇ

73 904 112 930 καὶ
125 905 150 930 ἐν
161 906 191 940 τῇ
208 906 341 943 θαλάσσῃ.

102 948 158 975 ὀτι
178 951 193 976 ὁ
219 951 292 984 Θεὸς
316 951 408 979 σώσει
423 953 480 986 τὴν
499 954 586 986 Σιὼν,
607 955 656 982 καὶ
685 955 842 990 οἰκοδομη-

72 994 198 1028 θήσονται
221 998 250 1024 at
283 999 389 1031 πόλεις
421 998 475 1032 τῆς
495 999 647 1034 Ἰουδαίας.
671 1001 737 1028 Τίνα
760 1003 842 1037 φησὶν

71 1039 129 1067 εῖναι
140 1041 184 1077 τὴν
208 1042 278 1068 Σιὼν
292 1043 310 1077 ῆ
330 1043 378 1078 τὴν
391 1043 472 1078 ἁγίαν
491 1045 663 1080 Ἐκκλησίαν,
683 1043 716 1081 ἧς
740 1046 787 1072 καὶ
814 1047 841 1073 αἱ

72 1086 148 1118 πόλεις
162 1087 383 1124 ᾠκοδομήθησαν,
399 1090 426 1115 αἱ
440 1089 647 1126 διεγηγερμέναι
660 1091 777 1126 δηλονότι
788 1091 841 1118 τῶν

71 1130 204 1164 ἀνθρώπιον
220 1131 325 1167 dolat;
347 1132 480 1159 Πεσοῦσαι
502 1134 555 1169 γὰρ
584 1133 654 1170 ἦσαν
670 1136 713 1162 ὅτε
727 1135 841 1171 ἠγνόουν

69 1175 107 1202 τὸν
118 1175 187 1203 Θεόν.
207 1173 292 1204 Abeat
306 1177 335 1204 δέ
357 1179 425 1205 εἰσιν
444 1180 472 1205 αἱ
486 1179 530 1206 διὰ
550 1180 599 1216 τῆς
622 1180 841 1216 ὲξομολογήσεως

69 1220 248 1256 ἀνεγερθεῖσαι.
292 1222 406 1249 Ἰουδαία
439 1223 494 1260 γὰρ
529 1223 720 1260 ἐξομολόγησις
754 1226 840 1263 ἑρμη-

69 1273 106 1290 νευ
110 1274 169 1292 Ξται.

98 1311 145 1338 Καὶ
162 1312 399 1347 κατοικήσουσιν
412 1314 484 1346 ἐκεῖ,
495 1314 543 1341 καὶ
558 1315 840 1350 κληρονομήσουσιν

68 1355 158 1388 αὑτήν.
183 1358 213 1383 Οἱ
240 1357 300 1389 νῦν,
317 1359 408 1394 φησιν,
437 1359 614 1394 αἰχμάλωτοι,
631 1360 680 1396 τῆς
711 1361 838 1387 ἐπανόδου

68 1401 186 1435 vxor-tes,
206 1403 252 1428 καὶ
267 1402 319 1433 τὰς
331 1402 432 1434 οἰκείας
451 1403 656 1440 οἰκώομήσουσι
673 1404 774 1437 πόλεις,
793 1406 839 1432 καὶ

68 1448 258 1483 κατοικήσουσιν
273 1448 369 1480 αὐτάς.
385 1450 441 1475 Οὐκ
455 1449 532 1476 αὐτοὶ
558 1450 586 1476 δὲ
603 1450 687 1485 μόνοι,
703 1451 770 1478 ἀλλὰ
791 1451 839 1477 καὶ

67 1493 87 1517 οἱ
98 1493 189 1520 τούτων
214 1495 309 1526 παῖδες
328 1495 376 1521 καὶ
404 1495 429 1521 οἱ
461 1494 577 1529 ἔκγονοι·
605 1496 685 1523 τοῦτο
707 1497 762 1533 γὰρ
787 1497 838 1524 ὲπ-

67 1537 163 1572 ήγαγεν.

96 1584 143 1610 Καὶ
158 1585 188 1611 τὸ
201 1586 321 1621 σπέρμα
333 1585 391 1613 τῶν
402 1586 521 1614 δούλων
544 1587 637 1614 αὐτοῦ
658 1587 839 1620 καθέξουσιν

67 1629 158 1662 αὐτὴν,
173 1630 221 1658 mil
241 1633 269 1658 οὶ
300 1632 471 1667 ἀγαπῶντες
496 1632 529 1659 τὸ
549 1631 643 1667 ὄνομά
666 1641 724 1660 σου
748 1642 838 1660 κατα-

67 1674 262 1707 σκηνώσουσιν
287 1678 322 1703 ἐν
337 1678 424 1712 αὐτῇ,
442 1678 534 1704 Δοῦλοι
556 1679 605 1713 μὲν
619 1679 701 1705 αὑτοῦ
724 1680 748 1706 οἱ
766 1679 837 1714 ἅγιοι

67 1719 200 1752 ἀπόστολοι,
231 1722 269 1754 ὼς
307 1723 430 1756 Παῦλος,
462 1723 555 1755 δοῦλος
591 1724 678 1759 Ἰησοῦ
707 1725 835 1761 Χριστοῦ·

68 1764 162 1799 σπέρμα
176 1766 203 1794 δὲ
220 1767 310 1794 αὐτῶν
323 1769 348 1795 ol.
358 1769 392 1796 δι’
419 1768 508 1796 αὐτῶν
532 1770 571 1801 εἰς
584 1769 700 1806 Χριστὸν
725 1771 836 1801 πιστεύ-

68 1816 155 1842 σαντες.

152 1858 200 1891 Εις
215 1858 312 1892 τέλος,
331 1860 486 1888 ΨΑΛΜΟΣ
497 1859 537 1893 τῷ
551 1860 651 1892 Δαυῒδ,
667 1860 730 1895 ΞΘ,

120 1901 167 1933 Εὶς
187 1903 359 1938 ἀνάμνησιν
371 1906 415 1938 εἰς
428 1904 461 1932 τὸ
479 1905 578 1932 σῶσαι
594 1914 632 1940 με
647 1906 765 1940 Κύριον.

852 1521 873 1550 C

357 1995 518 2028 Ὑπόθεσις.

67 2032 150 2062 Τοῦτον
164 2036 218 2071 ᾅδει
229 2038 274 2064 τὸν
283 2038 388 2073 ψαλμὸν
400 2040 432 2066 ὲκ
446 2040 591 2075 προσώπου
600 2041 649 2076 τῆς
657 2040 705 2067 ἀνθ
709 2039 833 2075 ρωπότη-

93 2087 142 2112 τθς,
154 2080 280 2118 ἀξιούσης
296 2084 335 2115 εἰς
348 2084 379 2110 τὸ
396 2083 503 2120 βοηθεῖν
525 2086 591 2121 αὐτῇ
604 2085 778 2123 διαναστῆναι
788 2085 833 2111 τὸν

93 2125 159 2153 θεόν.
176 2128 252 2155 Οὕτω
266 2129 321 2165 γὰρ
332 2130 487 2157 συνέϐαινεν
504 2132 670 2167 ἐπιτραπῆναι
702 2131 751 2167 μὲν
771 2132 833 2163 τοὺς

94 2171 282 2209 ἀντικειμένους
300 2176 368 2211 αὐτῇ
390 2176 535 2211 πολεμίους
553 2177 691 2212 δαίμονας,
717 2177 832 2213 εὐφραν-
847 2185 870 2212 ι’)

94 2216 161 2252 θῆναι
170 2220 196 2246 δὲ
205 2222 267 2253 τοὺς
281 2222 338 2248 ὅσοι
354 2222 493 2257 χαίρουσιν
504 2223 550 2250 ἐπὶ
562 2225 594 2258 τῇ
607 2224 727 2259 σωτηρίᾳ
737 2224 831 2258 αὐτῆς.

98 2263 124 2289 ὀ
135 2265 210 2298 Θεὸς,
221 2268 264 2300 εἰς
278 2267 335 2301 τὴν
346 2268 492 2301 βοήθειάν
504 2278 563 2303 μου
578 2271 720 2304 πρόσχες,
730 2279 757 2297 κ.
769 2279 794 2297 τ.
806 2270 829 2296 λ.

96 2309 336 2344 Λισχυνθήτωσαν
364 2313 413 2341 καὶ
439 2314 679 2348 ἐντραπήτωσαν.
711 2316 831 2351 Διαμάρ-

65 2360 133 2386 τοιεν,
149 2358 235 2391 φησὶν,
247 2359 272 2384 ot
287 2359 335 2394 τῆς
357 2359 426 2394 ἐμῆς
439 2360 547 2395 σφαγῆς
560 2361 707 2396 ἐφιέμενοι,
721 2362 767 2388 καὶ
781 2361 830 2397 τὴν

64 2397 170 2427 ἐντεῦθεν
183 2403 311 2439 αἰσχύνην
328 2404 529 2439 καρπώσαιντο.

98 2444 371 2482 Ἁποστραρήτωσαν
376 2452 459 2483 εις-τὰ
469 2451 576 2483 ὀπίσω,
583 2460 639 2478 κατ.
648 2451 673 2479 λ.
681 2452 737 2479 Καὶ
747 2452 827 2480 πάλιν

65 2489 184 2519 κάνταῦθα
197 2495 225 2520 ἐν
241 2497 296 2527 τοῖς
307 2497 423 2532 παροῦσι
442 2498 544 2532 στίχοις
555 2499 691 2534 ἐπαρᾶται
710 2499 758 2534 μὲν
771 2501 827 2531 τοῖς

65 2535 132 2562 αῦτὺν
146 2538 353 2574 ἐπιϐουλεύουσι,
371 2544 417 2569 καὶ
437 2543 557 2570 θέλουσιν
572 2545 652 2571 αὐτὸν
666 2545 759 2576 κακῶς
775 2555 826 2572 πα-

65 2579 118 2606 θεῖν·
134 2584 178 2609 καὶ
196 2584 269 2619 λέγει
283 2588 349 2623 πρὸς
365 2590 471 2621 αὐτούς·
488 2591 521 2616 Οἱ
544 2592 599 2622 τοῖς
628 2592 704 2626 ἐμοῖς
732 2593 826 2623 κακοῖς

65 2625 204 2662 ὲΞθηδόμένοι
215 2633 359 2668 τράποιντο
380 2637 419 2667 εἰς
436 2637 523 2671 φυγὴν
539 2637 608 2671 μετὰ
622 2625 762 2673 αίσχύνης,
778 2638 825 2674 τὴν

65 2671 123 2707 ἐμὴν
137 2675 246 2710 ὁρῶντες
258 2680 416 2716 μεταϐολήν.
442 2671 734 2716 Ἀποστραςρήτωσανν
753 2671 825 2718 πειρ-

65 2719 156 2746 ιιιετίκα
179 2723 394 2760 ολσχυνόμενοι.
410 2727 441 2753 Ol
455 2727 500 2754 ἐπὶ
511 2727 549 2762 τῷ
557 2728 694 2763 γενομένῳ
710 2737 754 2764 μοι
771 2729 824 2756 πά-

66 2762 102 2788 λτι
115 2768 229 2803 πτώματι
255 2772 296 2800 διὰ
321 2775 369 2811 τὴν
383 2776 429 2802 τοῦ
447 2776 560 2804 θανάτου

94 2812 114 2830 '-’
132 2814 265 2852 153.11.“,
280 2821 305 2847 9.

586 120 769 149 EXPOSITIO
786 121 819 149 IN
839 121 1003 152 PSALMUM
1024 125 1116 154 LXIX.

1623 143 1675 170 3H

811 180 845 207 τὰ
859 185 882 211 Α
895 183 952 210 ait:
971 184 1004 211 Et
1029 187 1128 214 vinctos
1153 197 1215 216 suos
1240 199 1292 218 non
1316 193 1444 228 despexit.
1465 195 1582 232 Diripuit
1603 201 1675 228 enim

895 231 1017 258 omnium
1040 233 1149 262 vincula
1175 243 1237 264 cum
1262 238 1332 266 dixit
1353 240 1388 268 iis
1412 243 1457 276 qui
1486 245 1565 272 vincti
1603 255 1675 277 sunt.

897 275 973 304 Exite
1020 283 1046 305 et
1070 280 1103 306 iis
1131 282 1177 316 qui
1200 283 1228 310 in
1250 285 1382 318 tenebris,
1410 287 1571 318 Reuelamini
1591 293 1623 318 ".
1641 293 1674 320 Et

895 323 994 351 vinctos
1017 333 1080 352 suos
1098 334 1150 353 non
1168 328 1296 363 despexit.
1322 332 1356 360 Et
1377 341 1430 362 non
1455 338 1558 370 respuit
1581 347 1631 367 nos
1649 341 1674 367 in

896 369 1093 400 calamitatibus
1114 376 1366 412 constitutos;jure
1389 385 1478 409 autem
1500 369 1548 411 eos
1570 385 1675 413 vinctos

895 416 1013 449 appellat
1027 419 1098 452 quod
1114 420 1177 448 talia
1191 427 1359 456 paterentur.

929 461 974 488 55.
996 462 1118 492 Laudent
1138 466 1213 493 illum
1230 468 1287 495 caeli
1300 473 1324 495 et
1341 475 1422 497 terra.
1439 471 1467 498 Si
1485 473 1613 508 gaudium
1633 479 1675 502 est

895 507 922 534 in
939 508 1007 536 clelo
1026 517 1106 546 super
1122 520 1176 539 uno
1199 519 1342 548 peccatore
1363 517 1549 550 paenitentiam
1567 526 1672 556 agente,

894 555 981 582 multo
1000 556 1085 591 magis
1107 559 1263 594 gaudebunt
1281 561 1318 588 illi
1335 569 1397 589 cum
1413 568 1484 590 totus
1499 566 1574 593 orbis
1589 555 1675 594 terra-

894 608 954 628 rum
981 601 1112 632 liberatus
1137 603 1229 634 fuerit.
1255 606 1333 640 Quod
1357 609 1379 636 si
1402 610 1501 637 ccelum
1527 613 1626 647 gaudet
1641 614 1674 640 de

894 647 1034 677 hominum
1052 651 1149 683 salute,
1166 653 1235 681 etde
1253 654 1303 682 hac
1321 664 1350 683 re
1363 657 1454 684 laudat
1471 658 1575 694 Deum;
1588 660 1673 687 multo

893 696 980 729 magis
999 696 1016 722 ii
1039 697 1088 732 ipsi
1110 698 1156 732 qui
1173 700 1288 727 salutem
1311 709 1514 738 consequuntur
1538 706 1565 732 in
1590 711 1672 739 terra.

891 739 1041 770 laudabunt
1063 751 1125 771 eum
1160 746 1206 780 qui
1236 748 1349 775 salutem
1383 749 1483 777 dedit:
1509 756 1674 788 quapropter

891 787 966 814 addit
983 798 989 815 :
1006 789 1079 817 Mare
1101 797 1126 818 et
1141 794 1229 819 omnia
1244 794 1346 828 reptitiu
1362 796 1389 822 in
1409 797 1457 823 eis.
1479 796 1536 825 Hoc
1558 799 1595 825 ait
1610 787 1672 833 quia

893 831 1014 860 futurum
1032 840 1091 862 erat
1107 840 1137 862 ut
1153 837 1234 864 etiam
1255 838 1282 864 in
1301 839 1397 867 insulis
1420 842 1586 876 reciperetur
1601 844 1674 870 salu-

893 882 950 905 tare
967 878 1024 907 Dei.
1041 880 1109 909 Illud
1125 887 1227 916 autem,
1247 885 1274 912 in
1291 887 1339 917 eis,
1355 887 1379 914 id
1400 892 1442 915 est
1457 887 1483 914 in
1504 892 1577 916 terra
1598 893 1625 917 et
1646 890 1672 917 in

893 925 972 951 mari.

926 971 970 998 36.
995 971 1126 1004 Quoniam
1146 974 1216 1002 Deus
1236 977 1336 1004 saluam
1354 977 1432 1011 faciet
1453 978 1530 1011 Sion‘
1548 985 1571 1007 et
1585 981 1672 1016 aediﬁ-

891 1016 1021 1043 cabantur
1041 1018 1158 1046 civitates
1174 1019 1257 1046 Iuda.
1276 1020 1362 1054 Quam
1380 1030 1441 1051 esse
1462 1024 1499 1051 ait
1520 1023 1597 1058 Sion,
1620 1027 1672 1053 nisi

890 1066 1013 1088 sanctam
1029 1062 1189 1096 Ecclesiam,
1206 1065 1284 1100 cujus
1302 1067 1425 1095 civitates
1441 1063 1580 1098 aediﬁcatae
1598 1074 1671 1102 sunt,

890 1107 1014 1134 excitatae
1041 1108 1144 1136 scilicet
1178 1110 1320 1138 hominum
1355 1113 1482 1141 animae?
1513 1115 1672 1144 Ceciderunt

886 1142 962 1180 enim
985 1154 1096 1186 quando
1124 1155 1286 1189 ignorabant
1315 1156 1471 1187 Dominum.
1498 1161 1565 1196 Ipsae
1588 1170 1671 1197 porro

890 1203 937 1230 per
957 1197 1157 1226 confessionem
1182 1201 1305 1230 excitatae
1330 1208 1404 1232 sunt.
1433 1205 1525 1234 Juda-a
1555 1215 1671 1243 namque

889 1242 1018 1277 confessio
1033 1243 1236 1279 interpretatur.

924 1329 968 1357 37.
997 1329 1032 1357 Et
1055 1331 1240 1360 inhabitabant
1257 1335 1304 1367 ibi,
1324 1340 1348 1363 et
1366 1336 1518 1366 Ineredilale
1535 1341 1670 1375 acquirent

888 1382 957 1402 eam.
975 1375 1092 1410 Captivi,
1113 1378 1212 1413 inquit,
1235 1381 1281 1415 qui
1306 1390 1378 1410 nunc
1407 1384 1523 1411 reditum
1545 1385 1669 1413 obtinue-

889 1424 961 1452 runt,
978 1422 1101 1456 proprias
1131 1424 1212 1451 urbes
1234 1426 1407 1454 mdilicabunt
1430 1433 1457 1456 et
1479 1429 1669 1459 inhabitabant

888 1472 945 1493 eas.
959 1465 1014 1493 Nec
1027 1467 1078 1501 ipsi
1093 1469 1154 1502 soli,
1173 1470 1220 1497 sed
1232 1475 1260 1498 et
1275 1479 1371 1500 eorum
1389 1473 1437 1500 lilii
1452 1479 1479 1502 et
1493 1480 1604 1510 nepotes
1620 1486 1628 1511 ;
1643 1477 1668 1504 id

889 1511 960 1539 enim
975 1512 1124 1549 subjungit.

923 1598 957 1625 Et
969 1607 1055 1627 semen
1069 1609 1202 1629 servorum
1212 1603 1270 1638 ejus
1281 1605 1422 1640 possidebit
1434 1616 1503 1642 eam,
1515 1615 1539 1636 ct
1549 1612 1594 1645 qui
1606 1612 1668 1639 dili-

887 1649 950 1679 gum
961 1653 1053 1672 nomen
1071 1647 1127 1680 ejus
1146 1647 1302 1677 habitabant
1318 1651 1344 1677 in
1368 1659 1409 1680 ea.
1434 1652 1508 1681 Servi
1528 1655 1586 1689 ejus
1605 1662 1665 1684 sunt

887 1690 974 1717 sancti
996 1692 1122 1726 apostoli.
1140 1698 1170 1720 ut
1193 1693 1304 1727 Paulus,
1331 1704 1426 1726 servus
1455 1698 1516 1726 Iesu
1544 1701 1666 1730 Christi:

887 1743 977 1763 semen
991 1741 1081 1764 autem
1093 1746 1188 1766 eorum
1202 1745 1267 1767 sunt
1280 1741 1299 1768 ii
1313 1742 1359 1777 qui
1375 1750 1423 1777 per
1437 1744 1511 1779 ipsos
1539 1745 1568 1773 in
1585 1748 1667 1776 Chri-

886 1786 958 1808 stum
972 1784 1153 1812 crediderunt.

984 1864 1016 1890 In
1038 1864 1126 1899 finem,
1153 1865 1323 1896 PSALMUS
1346 1869 1443 1903 David,
1465 1871 1568 1899 LXIX.

939 1911 964 1938 Ι.
986 1911 1018 1940 1η
1038 1916 1279 1943 rememorationem
1301 1918 1371 1952 quod
1392 1919 1493 1947 salvum
1518 1922 1607 1956 fecerit

1177 1969 1216 1988 me
1230 1962 1370 1991 Dominus.

1173 2007 1374 2043 Argumentum.

885 2046 963 2074 llunc
977 2049 1051 2075 canit
1064 2050 1198 2084 psalmum
1216 2061 1249 2080 ex
1265 2062 1382 2088 persona
1402 2056 1528 2085 humana:
1549 2064 1664 2093 natura,

918 2094 1038 2127 rogantis
1057 2093 1139 2122 Deum
1158 2101 1187 2123 ut
1203 2103 1328 2133 exsurgat
1344 2100 1378 2126 ad
1395 2102 1526 2130 auxilium
1548 2104 1610 2139 ipsi.
1628 2105 1664 2132 Ita

918 2139 990 2165 enim
1023 2141 1134 2175 contigit
1166 2143 1269 2177 pudore
1301 2144 1370 2173 allici
1398 2146 1569 2177 adversarios
1605 2151 1665 2186 ejus

918 2184 1054 2214 daemones
1076 2188 1109 2214 ad
1129 2188 1228 2216 bellum
1260 2191 1406 2220 instructos
1427 2203 1433 2227 ;
1462 2195 1546 2223 laetari
1571 2184 1663 2225 autem

916 2237 963 2257 eos
977 2231 1023 2265 qui
1036 2233 1153 2266 gaudent
1163 2234 1196 2262 de
1207 2235 1295 2263 salute
1307 2238 1403 2272 ipsius.

916 2274 943 2301 2.
962 2275 1044 2309 Deus,
1056 2277 1083 2304 in
1097 2278 1261 2313 adjutorium
1278 2291 1363 2310 meum
1375 2285 1487 2317 intende,
1503 2292 1554 2315 etc.

916 2320 941 2347 ὅ.
959 2321 1164 2357 Confundantur
1175 2331 1199 2352 et
1208 2333 1385 2357 reuereantur.
1399 2330 1451 2363 Qui
1466 2340 1553 2360 meam
1569 2342 1663 2363 necem

879 2371 1007 2400 exoptant
1029 2371 1169 2404 proposito
1185 2371 1327 2407 labantur,
1349 2379 1430 2411 atque
1453 2377 1517 2406 hinc
1532 2380 1661 2414 pudorem

880 2417 1092 2445 consequantur.

913 2456 1121 2492 4.:Auertantur
1136 2467 1280 2489 retrorsum
1300 2469 1325 2491 et
1346 2466 1509 2502 erubescant,
1523 2474 1574 2497 etc.
1590 2470 1662 2497 Rur-

879 2509 939 2528 sum
959 2503 987 2530 in
1009 2507 1190 2539 praesentibus
1209 2509 1353 2538 versiculis
1368 2518 1526 2540 exsecratur
1549 2523 1595 2542 eos
1616 2516 1661 2549 qui

879 2546 992 2576 insidias
1011 2550 1062 2585 ipsi
1085 2557 1194 2586 parant,
1214 2558 1241 2581 et
1262 2556 1357 2583 volunt
1377 2564 1439 2584 eum
1469 2559 1549 2586 malis
1573 2560 1660 2592 allici,

878 2597 904 2620 et
921 2593 958 2620 ait
972 2594 1043 2622 illis:
1058 2595 1109 2629 Qui
1121 2597 1154 2624 de
1168 2599 1247 2626 malis
1261 2601 1329 2628 meis
1342 2603 1461 2637 gaudent
1476 2609 1616 2632 vertantur
1634 2606 1660 2633 in

878 2639 969 2674 fugam
985 2649 1046 2669 cum
1056 2645 1170 2678 pudore,
1179 2651 1320 2675 cernentes
1334 2648 1550 2676 immutationem
1560 2658 1658 2677 meam.

879 2686 1039 2715 Avertantur
1057 2691 1146 2717 statim
1171 2693 1358 2720 erubescentes.
1382 2694 1434 2728 Qui
1457 2695 1491 2722 de
1511 2703 1571 2724 mea
1595 2696 1659 2724 olim

876 2733 998 2766 pernicie
1007 2739 1034 2763 et
1049 2736 1081 2764 de
1097 2737 1240 2769 maledicto
1256 2740 1350 2768 mortis
1365 2740 1527 2776 gaudebant.

584 2776 704 2813 κατάραν
728 2778 913 2814 ἐπιχαρέντες.
