1922 3057
78 148 132 176 517

82 255 130 286 εἰς
143 262 203 288 μου
224 254 259 280 ἐκ
284 255 426 288 νεότητός
456 264 526 289 μου.
547 255 641 282 Ῥῦσαί
664 265 707 291 με,
728 257 820 291 φησιν,
836 256 865 289 es

83 298 161 325 αὐτοϋ
178 298 225 325 τοῦ
239 299 396 334 παρανόμου
413 299 489 331 λαοῦ,
507 300 572 326 διότι
594 301 642 327 καὶ
657 301 700 327 διὰ
713 302 742 327 σὲ
758 302 793 327 τὰ
808 309 865 327 τοι-

83 344 149 371 αῦτα
161 345 286 379 ὑπομένω
298 345 344 370 καὶ
354 345 398 371 διὰ
410 345 458 379 τὴν
473 346 512 376 εἰς
527 346 557 372 σὲ
571 346 676 376 ἐλπίδα,
686 347 719 382 ἣν
733 346 866 382 ἐδεξάμην

82 391 113 416 ὲκ
125 391 173 426 τῆς
185 390 294 426 πρώτης
309 391 356 417 καὶ
372 391 400 423 ἐξ
412 391 499 426 ἀρχῆς
514 400 565 426 μου
584 391 627 418 διὰ
640 391 685 418 σοῦ
704 393 864 427 γεννήσεως,

83 437 150 463 κατὰ
175 437 206 462 τὸ
229 437 382 472 εἰρημένον·
402 437 490 463 Ὅσοι
506 437 616 464 ἔλαϐον
637 438 739 469 αὑτὸν,
755 437 866 464 ἔδωκεν

83 481 180 513 αὐτοῖς
194 481 339 513 ἐξουσίαν
354 481 445 508 τέκνα
469 482 543 509 Θεοῦ
559 482 705 517 γενέσθαι.

122 526 184 554 Ἐπὶ
203 526 240 552 σὲ
263 527 486 560 ἑπεστηρίχθην
511 527 569 554 ἀπὸ
594 528 732 561 γαστρός.
757 528 865 555 Δείκνυ-

85 581 133 604 σιν,
145 573 181 604 ὼς
198 574 212 598 ὁ
223 573 340 607 Χριστὸς
353 573 384 598 δι’
400 573 431 599 ὃν
443 573 477 599 τὰ
496 573 609 600 τοιαῦτα
626 574 769 608 ὑπέμενον,
786 575 866 606 αὑτός

85 617 152 642 ἔστιν
166 616 182 641 ὁ
197 616 244 641 καὶ
266 615 306 641 ἔτι
328 616 475 650 κυομένους
491 617 589 648 αὐτοὺς
606 618 634 643 ἐν
649 619 748 654 γαστρὶ
760 621 791 655 τῇ
817 619 865 654 δη-

87 662 223 696 μιουργικῇ
249 660 345 687 ἑαυτοῦ
366 661 477 697 προνοίᾳ
496 661 636 696 ἐξαγαγὼν
662 665 702 695 εἰς
724 664 790 698 φῶς.
818 665 866 691 Ἐκ

86 707 192 739 κοιλίας
204 708 318 741 μητρός
330 716 389 741 μου
405 708 445 734 σύ
456 716 516 742 μου
527 706 555 735 εἴ
567 709 754 744 σκεπαστής.
777 711 866 737 Ἐπει-

85 752 124 788 δὴ,
137 753 208 788 φησὶ,
237 753 271 779 σὺ
295 753 375 784 αὐτὸς
402 755 416 780 ὁ
430 753 540 789 Κύριος,
559 755 605 781 καὶ
620 755 648 781 ὲν
664 757 697 791 τῇ
716 756 803 791 κοιλίᾳ
816 756 866 791 τῆς

88 799 180 834 μητρός
194 808 244 834 μου
259 799 299 825 ἔτι
327 798 391 825 ὅντα
409 799 525 832 ἐσκεπες
545 802 577 836 τῇ
602 801 661 837 θείᾳ
678 811 724 828 σου
742 802 864 838 δυνάμει,

86 846 127 872 καὶ
141 845 246 881 ὲρρύσω
260 847 292 873 ὲκ
303 846 350 872 τοῦ
366 846 587 882 παρανομοῦντος
615 847 689 874 λαοῦ·
708 838 802 875 τούτου
818 849 866 884 χά-

620 151 802 179 EXPOSITIO
818 151 851 178 IN
867 149 1036 181 PSALMUM
1057 153 1137 181 LXX.

117 209 181 235 Ὀτι
191 208 230 235 σὺ
242 207 272 236 εἴ
282 209 301 242 ἡ
316 210 452 244 ὑπομονὴ
461 218 532 245 μου,
554 211 651 244 Κύριε,
666 212 763 245 Κύριε,
779 212 797 245 ὴ
813 211 863 238 ἐνῖ-
882 213 903 240 Α

1651 153 1705 180 318

954 212 978 238 5.
997 212 1128 245 Quoniam
1138 217 1166 239 tu
1179 222 1205 241 es
1217 213 1348 247 patientia
1362 221 1429 246 mea,
1447 212 1565 245 Domine,
1584 211 1704 239 Domine.

919 265 976 290 spes
992 265 1048 284 mea
1061 267 1077 284 a
1093 259 1228 292 juventute
1243 267 1311 285 mea.
1326 258 1422 285 Libera
1443 265 1495 290 me,
1515 257 1612 291 inquit,
1628 265 1643 283 a
1654 264 1704 291 po-

919 303 982 337 pulo
1006 303 1059 330 isto
1086 303 1152 338 legis
1174 307 1388 338 transgressore,
1409 302 1472 337 quia
1498 307 1607 336 propter
1619 305 1654 333 te,
1678 304 1706 327 et

919 352 1028 382 propter
1041 355 1116 382 spem
1135 356 1216 382 quam
1237 348 1264 374 in
1286 352 1311 374 te
1330 347 1411 374 habui
1425 348 1459 374 ab
1473 347 1561 378 initio,
1576 350 1602 372 et
1618 353 1633 372 a
1645 352 1705 372 mea

920 400 967 427 per
983 399 1008 419 te
1020 392 1202 427 generatione,
1219 393 1263 419 illa
1280 393 1413 423 sustineo,
1425 392 1500 426 juxta
1520 391 1583 417 illud
1597 400 1602 417 :
1619 389 1704 422 Quot-

918 444 980 474 quot
997 443 1146 473 receperunt
1167 447 1224 465 eum
1245 439 1315 464 dedit
1337 438 1374 464 eis
1394 442 1550 472 potestatem
1570 436 1640 471 ﬁlios
1657 435 1705 463 Dei

919 485 976 517 ﬁeri
992 484 1024 510 σι.

954 528 981 555 6.
1009 527 1042 554 In
1056 532 1080 554 te
1092 527 1265 562 conﬁrmatus
1278 536 1334 554 sum
1349 535 1382 554 ea:
1393 531 1475 554 utero.
1490 526 1612 553 Declarat
1627 525 1705 552 Chri-

919 581 991 603 stqu
1008 580 1118 610 propter
1129 583 1208 609 quem
1226 575 1271 601 illa
1284 575 1466 605 sustinebant,
1481 574 1569 608 ipsum
1582 580 1643 599 esse
1658 572 1704 606 qui

920 623 1008 649 adhuc
1027 629 1074 648 eos
1087 621 1112 647 in
1129 625 1207 647 utero
1221 625 1339 654 gestatus
1353 620 1452 646 virtute
1468 627 1515 646 sua
1532 618 1664 645 creatrice
1677 617 1704 643 in

919 668 1006 694 lucem
1024 667 1125 694 eduxit.
1138 666 1177 693 De
1191 672 1279 692 ventre
1293 666 1387 692 matris
1404 673 1467 692 mea:
1485 669 1510 691 tu
1527 673 1553 690 es
1575 668 1707 698 protector

920 722 1000 740 meus.
1026 712 1261 747 Quandoquidem,
1291 712 1338 744 ait,
1363 717 1390 738 tu
1420 712 1478 746 ipse
1502 710 1633 737 Dominus
1650 717 1704 742 me,

919 759 983 786 dum
998 759 1086 785 adhuc
1105 759 1131 784 in
1146 762 1239 785 ventre
1258 758 1354 785 matris
1369 765 1469 788 essem,
1482 756 1644 791 protegebas
1661 754 1705 781 di-

919 806 981 832 vina
1000 810 1045 831 tua
1055 805 1165 838 virtute,
1189 810 1216 832 et
1236 804 1359 831 liberasti
1383 811 1426 830 me
1441 811 1473 829 ex
1492 802 1592 837 populo
1610 805 1706 828 contra

921 851 1006 886 legem
1019 857 1134 886 agente;
1149 852 1209 878 ideo
1221 859 1282 886 ego,
1303 854 1396 885 utpote
1413 850 1459 884 qui
1476 854 1529 876 tam
1553 847 1706 882 frequenter

87 899 123 926 ριν
135 892 179 917 καὶ
194 892 277 924 αὐτὸς
290 891 355 926 ἐγὼ,
366 893 413 919 ἅτε
425 893 475 928 τῆς
492 892 563 919 οὕτω
576 894 705 928 συνεχοῦς
718 894 868 930 ᾐσθημένος

924 901 966 924 tua
996 897 1128 924 senserim
1152 897 1293 930 beneﬁcia,
1330 904 1469 932 nunquam
1494 903 1570 923 cesso
1590 895 1706 930 hymnos

86 938 242 972 εὐεργεσίας,
255 939 286 964 οὑ
308 938 431 974 παύομαι
450 939 513 971 τοὺς
530 940 571 971 εἰς
586 939 616 966 σὲ
628 939 730 975 ὕμνους
743 942 868 977 ἀναπέμ-

85 992 136 1010 πων
149 984 290 1020 διηνεκῶς.

121 1030 168 1057 Ἐν
191 1030 240 1057 σοὶ
259 1032 278 1065 ἠ
302 1030 434 1065 ὕμνησίς
453 1039 510 1065 μου
534 1031 705 1065 διαπαντός.
727 1032 761 1058 Σὲ
776 1033 869 1068 ὑμνῶν

85 1076 126 1101 καὶ
144 1075 264 1108 δοξάζων
279 1076 403 1109 διατελῶ,
418 1077 465 1103 καὶ
480 1077 524 1104 διὰ
537 1078 587 1113 τῆς
602 1078 652 1113 σῆς
667 1078 794 1114 προνοίας
809 1080 870 1113 ἐγε-

84 1122 161 1157 νόμην
175 1123 367 1156 περίϐλεπτος.
376 1123 453 1150 Ὡσεὶ
468 1123 559 1157 τέρας(
569 1124 716 1159 ἐγενήθην
726 1125 787 1158 τοῖς
797 1127 870 1152 πολ-

83 1169 152 1201 λοῖς.
168 1169 258 1205 Τέρας
276 1169 325 1205 μὲν
339 1169 369 1196 τὸ
385 1170 536 1206 παράδοξον
551 1171 598 1196 καὶ
616 1171 687 1206 μέγα
702 1179 728 1197 τι
743 1171 839 1206 φησίνη
855 1171 869 1197 ὅ

84 1216 109 1241 δὲ
125 1216 193 1250 λέγει
218 1216 342 1244 τοιοῦτόν
368 1217 457 1244 ἐστιν·
474 1218 505 1244 Εἰ
520 1218 567 1244 καὶ
589 1218 675 1254 ἤρθην
697 1218 775 1253 ὑψοῦ,
791 1218 867 1253 φησὶ,

84 1260 126 1286 καὶ
143 1261 226 1295 μέγας
236 1269 282 1292 τις
294 1261 341 1287 καὶ
352 1261 491 1297 ἐξαίρετος
502 1262 531 1288 ἐν
545 1263 601 1294 τοῖς
618 1262 725 1294 πολλοῖς
737 1262 869 1298 τεθαρση-

86 1315 129 1340 μαι
155 1306 279 1333 ἐθνεςιν·
305 1307 361 1333 ἀλλ’
376 1307 426 1333 οὐκ
450 1308 538 1344 οἰκείᾳ
560 1308 671 1344 δυνάμει
698 1308 727 1335 τὺ
750 1308 868 1342 τοιοῦτον

84 1352 155 1387 ἔσχον
170 1352 284 1386 ἀγαθόν.
303 1353 338 1379 Σὺ
353 1353 408 1388 γὰρ
422 1351 456 1389 ἧς
469 1354 550 1385 αὐτὸς
569 1355 583 1380 ὁ
599 1354 743 1390 κράτιστόν
767 1363 800 1390 με
821 1355 870 1381 καὶ

84 1399 196 1430 γενναῖον
211 1397 259 1424 διὰ
272 1397 322 1434 τῆς
337 1398 435 1425 σαυτοῦ
452 1398 580 1435 βοηθείας
595 1399 690 1427 ποιῶν.

116 1486 298 1520 Πληρωθήτω
328 1486 360 1513 τὸ
391 1487 489 1521 στόμα
513 1495 573 1521 μου
600 1487 760 1520 αἰνέσεως,
788 1487 868 1520 ὅπως

85 1532 202 1566 ὑμνήσω
230 1533 291 1568 τὴν
324 1533 418 1565 δόξαν
443 1542 512 1560 σου.
533 1534 641 1570 Ἐπειδὴ
663 1534 716 1560 τῶν
739 1533 867 1560 τοιούτων

87 1579 269 1614 ὑπαρχθεισῶν
286 1587 330 1614 μοι
341 1579 516 1614 εὐεργεσιῶν,
532 1579 674 1614 ἄνθρωπος
685 1579 733 1611 ὢν,
744 1580 773 1605 οὐ
787 1580 867 1606 δύνα-

88 1633 131 1658 μαι
154 1625 202 1656 τὰς
223 1625 304 1658 ἀξίας
320 1624 464 1651 ἀποδοῦναι
481 1625 614 1660 ἁμοιϐάς’
630 1624 724 1652 τούτου
742 1625 820 1661 χάριν
836 1627 867 1652 ἐκ

87 1669 130 1704 τῆς
146 1670 192 1703 σῆς
209 1670 308 1704 σοφίας
329 1669 457 1701 αἰνέσεως
478 1678 529 1705 μου
544 1670 575 1696 τὸ
592 1670 679 1705 στόμα
693 1671 868 1706 πληρωθῆναι

87 1715 159 1748 ἀξιῶ·
176 1715 246 1743 οὕτω
263 1716 320 1751 γὰρ
340 1716 388 1742 καὶ
406 1716 481 1751 μόλις
504 1716 553 1752 τὴν
578 1716 626 1752 σὴν
648 1716 726 1749 δόξαν
748 1717 868 1752 ὑμνῆσαι

87 1761 332 1797 ὗυνήσομαι.”ολην
343 1761 401 1795 τὴν
414 1761 529 1795 ἡμέραν
543 1761 601 1795 τὴν
609 1762 869 1797 μεγαλοπρέπειάν

87 1814 147 1834 σου.
156 1808 290 1839 Ἐπειδὰν,
310 1807 499 1842 πληρωθέντος
520 1817 571 1843 μου
588 1808 634 1834 τοῦ
650 1808 781 1843 στόματος
798 1808 869 1835 αἰνέ-

88 1861 158 1885 σεως,
173 1854 248 1888 φησὶ,
268 1853 320 1888 τὴν
335 1854 382 1888 σὴν
399 1853 478 1885 δόξαν
501 1853 625 1890 ἄρξωμαι
636 1854 740 1888 ὑμνεῖν,
757 1855 869 1890 ὑμνήσω

87 1898 128 1923 xz‘t
138 1899 180 1925 διὰ
195 1899 291 1933 πάσης·
303 1898 410 1933 ἡμέρας
422 1898 471 1933 τὴν
486 1898 725 1933 μεγαλοπρέπειάν
743 1906 799 1924 σου.
822 1898 869 1924 Δό-

89 1941 130 1974 ξαν
144 1943 169 1969 δὲ
185 1943 217 1979 ἢν
235 1943 284 1970 ἐπὶ
301 1943 351 1977 γῆς
367 1944 513 1978 ἐποιήσατο
525 1943 681 1978 οἰκονομίαν
697 1943 773 1978 φησι,
790 1944 822 1969 δι’
836 1941 870 1979 ἦς

88 1988 219 2024 ἐπλήρωσε
233 1990 286 2024 τὴν
301 1989 352 2023 γῆν
364 1990 413 2024 τῆς
424 1989 503 2024 δόξης
516 1989 609 2015 αὐτοῦ.
622 1989 869 2025 Μεγαλοπρέπειαν

88 2033 112 2060 δὲ
127 2035 172 2071 τὴν
188 2035 304 2072 θεότητα
321 2035 405 2069 λέγει,
422 2036 454 2062 δι’
469 2033 503 2071 ἦς
519 2035 606 2063 πάντα
620 2037 712 2062 ἐκεῖνα
727 2036 869 2071 ἁνομαλῶς

90 2082 235 2123 εἰργάσατο.
691 2105 696 2110 .

120 2127 313 2164 [Πληρωθήτω
329 2128 361 2155 τὸ
384 2129 481 2163 στόμα
498 2137 558 2162 μου
581 2129 732 2162 αἰνέσεως.
754 2129 870 2155 Δυνατὸν

93 2174 135 2208 μὲν
152 2175 296 2207 διαπαντὸς
309 2176 393 2201 αἰνεῖν
405 2175 449 2201 τὸν
468 2175 543 2207 Θεὸν,
565 2177 612 2202 καὶ
634 2176 780 2207 διαπαντὸς
796 2175 871 2202 εὐλο-

91 2221 150 2252 γεῖν,
165 2221 210 2246 καὶ
225 2219 370 2251 διαπαντὸς
387 2222 534 2255 σωφρονεῖν
544 2229 551 2235 ⁸
571 2220 629 2252 πῶς
645 2221 673 2247 δὲ
689 2221 799 2247 δυνατὸν
812 2221 869 2247 δια-

92 2265 182 2296 παντὸς
203 2264 342 2296 ἐλπίζειν;
366 2264 394 2290 Ὀ
416 2264 468 2300 γὰρ
493 2264 610 2297 ἐλπίζων
623 2265 778 2296 διαπαντὸς,
792 2265 868 2291 οὐδέ-

92 2316 149 2335 ποτε
169 2311 298 2345 τυγχάνει
321 2308 366 2336 τοῦ
389 2310 549 2345 πράγματος
571 2311 686 2341 ἐκείνου,
709 2308 739 2337 οὗ
765 2311 868 2343 ἐλπίζει

91 2357 183 2390 τυχεῖν.
196 2357 251 2383 Καὶ
274 2358 288 2383 ό
313 2357 361 2391 μὲν
375 2358 432 2392 ἐρεῖ
443 2357 483 2388 τὸ,
500 2356 671 2390 διαπαντὸς,
688 2357 717 2383 οὐ
733 2357 802 2384 κατὰ
820 2357 867 2383 τοῦ

93 2401 199 2433 πλάτους
215 2402 268 2429 τῶν
286 2402 390 2429 αἰώνων
405 2401 550 2432 τεθεῖσθαι,
562 2402 631 2428 ἀλλὰ
647 2402 717 2429 κατὰ
731 2403 781 2437 τῆς
796 2402 868 2438 ζωῆς

92 2446 135 2480 τῆς
148 2447 276 2482 αἰσθητῆς
289 2456 296 2463 ·
312 2447 404 2482 ἕτερος
419 2447 448 2473 δὲ
465 2447 511 2473 καὶ
524 2447 594 2473 κατὰ
614 2447 660 2473 τοῦ
683 2447 800 2479 πλάτους
814 2448 868 2474 τῶν

93 2492 188 2519 αἰώνων
202 2494 232 2520 τὸ
251 2494 394 2525 διαπαντὸς
408 2493 564 2529 ἐκλήψεται,
579 2494 620 2520 ἵνα
667 2495 698 2520 τὸ
713 2495 798 2530 πέρας
820 2495 870 2530 τῆς

94 2537 189 2570 ἐλπίδος
204 2540 219 2574 ἡ
232 2539 332 2573 γνῶσις
344 2540 394 2575 τὴς
407 2540 487 2573 ἁγίοις
501 2540 641 2576 Τριάδος.]

124 2584 167 2619 Μὴ
181 2585 350 2620 demotum
367 2595 406 2621 με
425 2588 468 2620 εἰς
485 2587 588 2620 καιρὸν
599 2586 703 2622 γήρως.
720 2587 811 2622 Γῆρας
828 2588 870 2613 ὲν-

95 2630 172 2664 ταῦθα
182 2632 228 2667 τὴν
242 2633 382 2659 ἀσθένειάν
393 2641 468 2668 φησι.
484 2633 564 2666 Λέγει
576 2631 632 2664 οὖν,
643 2633 683 2659 ὅτι
695 2632 739 2669 Μὴ
752 2627 867 2667 γένοιτο,

94 2671 114 2700 ὦ
125 2676 248 2709 Δέσποτα,
265 2678 359 2713 καιρὸς
370 2679 430 2705 καθ’
445 2678 475 2704 ὃν
489 2678 603 2715 ἀσθενὴς
620 2678 657 2705 ὢν
671 2679 849 2715 ὲπιδειχθείην
861 2681 867 2706 ι

96 2719 202 2755 ῐῖὒχεται
215 2721 260 2749 οὖν
278 2723 410 2758 μηδέποτε
423 2723 473 2758 τῆς
489 2724 528 2754 εἰς
542 2723 659 2758 Χριστὸν
669 2723 773 2754 ἐλπίδος
787 2723 869 2749 ἐκπε-

98 2768 157 2793 σεῖν.
169 2768 250 2800 Αὐτὸς
269 2769 322 2804 γάρ
339 2770 413 2796 ἐστιν
431 2770 447 2805 ὴ
465 2770 540 2804 ἰσχὺς
557 2769 700 2804 ἡμῶν.Ὲν
721 2769 760 2802 τῷ
774 2770 869 2797 ἐκλεί-

130 2858 147 2872 ¹¹
164 2857 236 2886 Joan.
251 2861 322 2893 1,12.

921 943 968 970 tibi
985 943 1093 970 oﬂ'erre.

956 1033 982 1059 7.
1003 1032 1036 1059 In
1051 1036 1074 1059 te
1090 1031 1208 1058 cantatio
1225 1037 1282 1056 mea
1296 1036 1405 1063 semper.
1425 1027 1453 1055 ln
1475 1028 1585 1063 hymnis
1598 1033 1625 1054 et
1645 1027 1706 1054 lau-

920 1079 1001 1106 dibus
1013 1078 1067 1105 tuis
1085 1077 1257 1113 proferendis
1280 1082 1434 1110 persevero,
1451 1079 1478 1101 et
1496 1081 1544 1108 per
1563 1073 1707 1108 providen-

919 1127 984 1153 tiam
1005 1130 1079 1153 tuam
1101 1124 1251 1159 prmelarus
1282 1121 1367 1149 evasi.
1398 1119 1536 1155 Tanquam
1556 1119 1706 1154 prodigium

919 1173 1006 1206 factus
1026 1178 1084 1198 sum
1104 1169 1208 1196 multis.
1229 1168 1399 1203 Prodigium.
1416 1165 1664 1200 obstupescendum
1678 1171 1707 1191 et

919 1225 1047 1252 magnum
1075 1215 1177 1250 aliquid
1204 1214 1350 1250 signiﬁcat.
1374 1211 1537 1247 Huiusmodi
1561 1216 1651 1238 autem
1665 1215 1706 1238 est

918 1264 990 1299 quod
1008 1263 1046 1290 ait
1060 1272 1067 1289 ε
1083 1261 1196 1289 Etiamsi
1213 1261 1239 1288 in
1253 1260 1368 1288 sublime
1384 1259 1505 1285 elevatus
1519 1265 1591 1289 sum,
1607 1256 1706 1292 inquit,

918 1315 944 1337 et
961 1316 1076 1344 magnus
1090 1308 1302 1343 praeclarusque,
1317 1305 1388 1340 apud
1407 1304 1507 1331 multas
1525 1307 1620 1339 gentes
1636 1303 1707 1330 ﬁdu-

919 1357 960 1385 cia
976 1357 1073 1392 plenus
1087 1364 1147 1383 sum
1163 1365 1168 1382 :
1184 1356 1231 1383 sed
1250 1363 1303 1382 non
1328 1354 1437 1389 propria
1457 1361 1516 1380 mea
1533 1354 1633 1379 virtute
1646 1357 1706 1378 tan-

919 1408 975 1430 tum
997 1403 1060 1429 boni
1084 1403 1196 1436 adeptus
1214 1409 1286 1428 sum.
1305 1400 1344 1427 Tu
1366 1401 1438 1427 enim
1454 1408 1515 1427 eras
1539 1399 1585 1434 qui
1603 1402 1706 1425 metuo

918 1449 1019 1476 auxilio
1035 1453 1062 1476 et
1076 1448 1257 1475 fortissimum
1269 1452 1295 1474 et
1310 1454 1471 1482 generosum
1490 1445 1623 1472 elﬁciebas

954 1494 981 1521 8.
1008 1493 1149 1529 Repleatur
1173 1502 1200 1520 os
1226 1501 1312 1520 meum
1334 1493 1412 1519 laude
1431 1497 1459 1518 ut
1475 1497 1577 1518 cantent
1593 1491 1707 1529 gloriam

920 1545 1003 1566 luant.
1029 1539 1163 1577 Quoniam
1189 1539 1272 1565 tantis
1295 1537 1434 1564 beneﬁciis
1464 1536 1598 1569 alrectus,
1622 1528 1705 1562 homo

919 1593 980 1613 cum
993 1585 1056 1618 sim,
1076 1593 1129 1612 non
1151 1592 1262 1619 possum
1280 1584 1380 1619 dignas
1394 1583 1589 1610 retributiones
1608 1589 1707 1616 repen-

918 1630 981 1657 dere
998 1639 1005 1663 ;
1029 1630 1088 1657 ideo
1101 1637 1134 1657 ex
1153 1634 1196 1656 tua
1215 1629 1350 1663 sapientia
1371 1635 1437 1662 rogo
1463 1635 1494 1654 os
1513 1634 1603 1653 meum
1628 1626 1707 1652 laude

918 1675 1027 1710 repleri,
1039 1680 1118 1710 atque
1129 1675 1165 1701 ita
1178 1674 1221 1701 vix
1235 1679 1328 1709 potero
1340 1673 1453 1708 gloriam
1468 1671 1604 1699 celebrare
1619 1676 1704 1698 tuam.

920 1722 985 1749 Tota
1002 1723 1043 1749 die
1055 1722 1279 1757 magniﬁcentiam
1303 1726 1385 1748 tuam.
1401 1720 1560 1754 Postquam,
1577 1726 1624 1746 ore
1642 1726 1704 1746 meo

918 1767 998 1795 laude
1021 1769 1133 1803 repleto,
1158 1773 1232 1794 tuam
1261 1767 1399 1794 celebrare
1420 1767 1533 1801 gloriam
1557 1766 1703 1800 incmpero,

920 1819 974 1841 tota
989 1814 1032 1841 die
1053 1813 1283 1848 magniﬁcentiam
1305 1820 1414 1847 quoque
1431 1817 1504 1838 tuam
1530 1811 1680 1838 decaulaho
1697 1819 1703 1824 ·

919 1861 1032 1896 gloriam
1045 1865 1135 1887 autem
1150 1865 1239 1894 vocat,
1255 1859 1434 1888 (ncononiiam
1449 1866 1530 1893 quam
1545 1857 1704 1885 exhibuitiu

920 1910 1002 1937 terra,
1025 1913 1078 1941 qua
1105 1910 1204 1932 terram
1228 1905 1312 1940 gloria
1327 1912 1375 1931 sua
1395 1904 1515 1938 replevit.
1535 1903 1706 1938 Magniﬁcen-

919 1953 984 1980 tiam
1006 1957 1096 1980 autem
1117 1957 1195 1979 vocat
1217 1952 1355 1983 deitatem,
1373 1958 1422 1985 per
1442 1958 1524 1985 quam
1547 1942 1638 1977 omnia
1660 1949 1705 1976 illa

920 1998 1003 2026 variis
1018 1998 1106 2026 modis
1122 1998 1220 2025 elicuit.

957 2127 1117 2164 [Repleatur
1142 2135 1170 2153 os
1197 2133 1283 2152 meum
1308 2124 1394 2152 laude.
1419 2124 1573 2152 *‘ossumus
1596 2124 1705 2159 quidem

921 2175 1033 2202 laudare
1049 2181 1156 2208 semper
1175 2172 1270 2203 Deum,
1290 2179 1397 2206 semper
1412 2171 1582 2203 benedicere,
1601 2178 1707 2204 semper

885 2228 908 2256 υ
924 2224 1105 2254 temperanter
1122 2227 1170 2246 nos
1195 2227 1288 2254 gerere
1308 2228 1314 2245 :
1329 2223 1356 2245 at
1372 2217 1417 2252 qui
1433 2217 1561 2252 possibile
1576 2223 1618 2243 est
1636 2224 1708 2243 sem-

922 2275 969 2301 per
983 2266 1121 2300 ,sperarc?
1147 2265 1214 2291 Nam
1239 2265 1285 2299 qui
1313 2272 1420 2298 semper
1443 2268 1543 2298 sperat,
1567 2271 1706 2298 utinquam

923 2319 980 2338 rem
998 2318 1079 2345 quam
1103 2314 1194 2346 sperat
1219 2310 1405 2344 Consequitur.
1430 2308 1506 2336 Alius
1533 2309 1640 2343 quidem
1658 2309 1705 2340 ait,

923 2358 986 2385 illud
1003 2366 1113 2391 semper,
1130 2365 1183 2383 non
1201 2357 1361 2383 saeulorum
1378 2356 1493 2390 spatium
1507 2361 1638 2390 spectare,
1649 2356 1705 2382 -setl

922 2405 1004 2431 vitam
1018 2404 1105 2431 solum
1120 2404 1198 2430 istam
1222 2403 1376 2430 sensibile-nt
1392 2411 1398 2427 :
1418 2402 1485 2428 alter
1500 2402 1616 2436 spatium
1639 2408 1707 2435 quo-

920 2457 974 2484 quc
998 2449 1159 2476 smeulorum
1180 2447 1245 2474 illud
1263 2455 1362 2480 xeinper
1385 2451 1506 2480 spectare
1528 2446 1584 2477 ait,
1601 2449 1629 2472 ut
1650 2445 1706 2480 spei

920 2495 1054 2522 terminus
1065 2493 1101 2521 sit
1114 2493 1232 2527 cognitio
1244 2497 1344 2519 sancta:
1362 2489 1526 2526 Trinitatis]

958 2584 985 2611 9.
1012 2583 1054 2610 Ne
1077 2582 1202 2618 projicias
1225 2589 1265 2608 me
1282 2581 1310 2608 in
1328 2585 1440 2614 tempore
1455 2578 1603 2605 senectutis.
1623 2576 1707 2604 Sene-

922 2634 1023 2657 ctutem
1043 2629 1086 2655 hic
1104 2632 1183 2655 vocat
1203 2627 1399 2653 inﬁrmitatem.
1426 2626 1471 2652 Ait
1495 2625 1596 2659 igitur:
1617 2623 1704 2655 Absit,

922 2676 1047 2708 Domine,
1059 2679 1165 2709 tempus
1176 2674 1240 2701 illud
1257 2681 1310 2708 quo
1330 2672 1454 2699 inﬁrmus
1468 2678 1611 2706 appaream
1626 2670 1632 2696 !
1649 2669 1706 2696 lto-

922 2725 968 2757 gat
980 2722 1062 2757 igitur
1071 2725 1101 2748 ut
1115 2728 1254 2755 nunquam
1269 2727 1317 2747 sua
1333 2719 1360 2746 in
1375 2718 1513 2745 Christum
1529 2723 1576 2750 spe
1588 2715 1703 2742 labatur.

923 2761 982 2803 ipse
999 2775 1116 2803 namque
1131 2771 1173 2795 est
1186 2767 1272 2795 virtus
1287 2771 1390 2793 nostra.
1407 2764 1473 2792 Cum
1487 2763 1611 2797 defecerit
1622 2762 1705 2789 virtus
