1922 3057
50 171 98 199 δὶϐ

564 164 748 194 EXPOSITIO
768 164 800 191 IN
821 161 988 190 PSALMUM
1008 159 1102 188 LXXI.

1616 157 1669 181 ὃΞῦ

54 228 185 265 τερμάτων
208 227 262 262 τῆς
286 224 457 261 οἰκουμένης.
466 224 577 260 Ἐπειδὴ
593 224 648 260 γὰρ
674 225 761 259 πέραν
783 222 832 257 τῆς

899 220 957 247 tltra
981 219 1048 247 lines
1075 223 1155 246 terra:
1171 224 1269 252 magna
1284 221 1310 244 et
1333 216 1468 243 immensa
1496 214 1582 242 maria
1596 219 1671 247 sunt,

55 275 97 310 γῆς
120 274 154 300 τὰ
179 273 286 308 μεγάλα
311 271 357 298 καὶ
386 271 491 297 ἄπλετα
515 270 631 305 πελάγη,
660 270 739 297 ἅτινά
764 277 836 300 τινες

56 317 209 345 Ἀτλαντικὰ
234 317 372 349 καλοῦσιν,
381 316 517 348 Ὠκεανὸν,
539 316 665 351 ἑσπέριον
681 316 728 342 καὶ
751 314 834 350 ἑῷον·

53 365 156 396 εἰκότως
173 364 222 398 τῆς
239 363 401 398 οἰκουμένης
424 362 455 388 τδ
476 362 577 398 κράτος
598 364 658 393 ταῖς
675 362 773 395 ἔξωθεν
787 370 836 388 κυ-

54 410 172 442 κλούσαις
187 410 337 441 θαλάσσαις
358 409 475 444 ἐδήλωσε
486 418 492 424 ·
511 409 558 436 καὶ
576 408 655 435 τοῦτο
671 408 836 443 σαφέστερον

54 457 66 484 ὁ
80 457 144 492 μετὰ
157 456 259 483 τούτων
273 456 385 490 ἐποίησε
400 455 500 490 στίχος.

85 501 139 528 Καὶ
152 503 178 528 οὶ
190 501 291 535 ἐχθροὶ
303 500 396 528 αὑτοῦ
407 500 484 535 χοῦν
496 500 645 532 λείξουσι.
659 499 763 535 Σφόδρα
775 499 838 525 ὐπο-

55 550 207 583 ταγήσονται
227 548 251 573 οἱ
274 547 407 582 πολέμιοι,
425 547 462 578 ὡς
480 546 516 582 μὴ
533 546 646 582 ὁρᾶσθαι
663 547 752 582 μάχην
768 546 838 582 πρὸς

56 594 137 626 αὑτὸν,
149 595 179 620 ἐκ
193 595 351 629 μεταφορᾶς
365 593 419 620 τῶν
431 594 477 619 ἐπὶ
493 593 545 628 γῆς
558 593 711 619 πιπτόντων
727 593 774 619 καὶ
788 593 837 628 τὴν

57 641 185 675 ὑποταγὴν
198 649 230 676 ση
237 640 399 675 μαινὸντων.

52 705 54 708 -
91 687 151 713 Ὅτι
165 687 311 720 ἑρῤὐσατο
324 684 442 719 πτωχὸν
452 684 486 711 ἐκ
495 684 657 712 δυνάστου.
667 685 726 711 Ἀπ’
734 684 836 720 ἄκρων,

60 732 128 766 φησι,
144 734 267 768 περάτων
288 731 338 766 τῆς
356 731 517 766 οἰκουμένης
532 731 582 762 ἕως
602 730 694 765 ἄκρων
717 739 837 766 προσκυ-

59 778 173 811 νήσουσιν
194 775 268 811 αὐτῷ
295 776 330 802 τά
354 784 384 802 τε
405 776 467 811 ἔθνη
484 776 530 802 καὶ
547 776 570 801 οἱ
583 775 711 810 βασιλεῖς,
729 776 840 810 εὐχαρι-

61 821 174 853 στοῦντες
190 823 231 856 ἐφ’
248 819 292 853 οἷς
304 822 352 856 τῆς
367 821 595 852 καταδυναστείας
610 822 708 853 αὐτοὺς
722 820 839 857 ἐλυτρώ-

60 875 118 894 cuto
129 868 171 894 τοῦ
184 869 302 895 Σατανᾶ.
312 869 362 894 Ἐκ
379 869 468 894 τόκου
483 867 532 893 καὶ
545 867 578 899 ἐξ
590 867 708 900 ἀδικίας
728 866 839 900 λυτρώ-

63 921 135 940 σεται
148 913 198 947 τὰς
218 914 324 948 ψυχὰς
337 913 445 940 αὐτῶν.
455 912 618 947 Ἐξαλείφων
632 913 663 939 τὸ
677 913 737 939 κατ’
750 912 840 939 αὐτῶν

64 960 228 995 χειρόγραφον
244 962 293 987 καὶ
307 960 485 996 χαριζόμενος
504 961 552 987 καὶ
573 960 611 995 τῷ
625 959 658 986 τὰ
675 959 840 986 πεντακόσια

64 1007 101 1033 καὶ
122 1006 156 1042 τῷ
174 1006 207 1033 τὰ
228 1008 401 1042 πεντήκοντα
422 1007 564 1042 ὀφείλοντι.
588 1006 641 1033 Kal
667 1006 788 1040 ἔντιμον
807 1005 840 1032 τὸ

65 1052 145 1087 ὄνομα
171 1053 276 1080 αὑτοῦ.
295 1053 457 1089 Σεῦάσμιος,
478 1053 570 1089 φησὶν,
588 1052 663 1079 ἔσται
681 1051 756 1088 παρὰ
773 1052 841 1079 πᾶσι

65 1099 105 1124 καὶ
115 1099 222 1131 ἔνδοξος.

93 1143 143 1171 Καὶ
156 1145 285 1178 ζήσεται,
306 1146 354 1173 καὶ
370 1145 528 1179 δοθήσεται
541 1145 621 1178 αὐτῷ
640 1146 675 1172 ἐκ
697 1145 750 1172 τοῦ
772 1154 843 1180 χρυ-

65 1191 125 1218 σίου
135 1192 186 1226 τῆς
203 1192 445 1226 Ἀραϐίας.Ταῦτά
457 1201 522 1229 φησι
533 1192 576 1219 διὰ
592 1193 636 1218 τὸν
647 1192 842 1219 ἀποστείλαντα

69 1237 305 1273 Ἦριῦδηνάνελεῖν
318 1238 352 1265 τὰ
371 1239 468 1274 βρέφη.
495 1239 575 1272 Λέγει
592 1237 648 1271 οὖν,
665 1239 701 1270 ὡς
723 1239 753 1264 οὺ
774 1247 844 1274 συμ-

65 1283 285 1320 περιληφθήσεται
309 1286 364 1317 τοῖς
389 1285 595 1320 ἀναιρουμένοις
611 1285 737 1316 παιδίοις.
754 1285 790 1311 Τὸ
803 1285 842 1317 δὲ,
863 1302 868 1307 -

66 1329 114 1356 Καὶ
126 1331 282 1364 δοθήσεται
293 1330 372 1363 αὐτῷ
383 1332 511 1365 χρυσίον
529 1331 689 1365 Ἀραϐικὸν,
705 1330 779 1365 δηλοῖ
794 1339 843 1357 σα-

66 1376 115 1410 φῶς
129 1376 145 1403 ἃ
158 1378 350 1413 προσήνεγκαν
373 1378 397 1404 οἰ
424 1378 505 1412 μάγοι
526 1377 611 1412 δῶρα.
632 1376 689 1403 Καὶ
713 1378 843 1411 προσεύ-

67 1422 156 1454 ξονται
180 1425 245 1458 περὶ
268 1423 361 1451 αὑτοῦ
378 1423 550 1456 διαπαντός.
568 1423 654 1449 Αὐτὸν
667 1423 844 1456 ὀνομάζοντες

67 1468 90 1494 ὲν
107 1471 275 1505 προσευχαῖς,
293 1470 340 1496 καὶ
353 1470 385 1496 δι’
403 1469 485 1496 αὑτοῦ
499 1469 590 1495 δοῦναι
610 1469 656 1495 τὸν
669 1469 780 1505 Πατέρα
796 1470 845 1496 αὺ-

67 1515 113 1546 τοῖς
125 1514 257 1547 ἀξιοῦντες
271 1515 328 1542 τῶν
341 1515 450 1549 ἀγαθῶν
465 1515 513 1551 τὴν
529 1516 613 1542 δόσιν.

99 1561 195 1588 Ἔσται
211 1562 361 1596 στήριγμα
372 1561 406 1588 ἐν
422 1560 459 1595 τῇ
470 1561 518 1596 γῇ.
531 1562 586 1597 Τῆς
606 1561 779 1597 Ἑκκλησίας,
794 1571 845 1598 φη-

69 1606 100 1638 σὶ,
115 1608 157 1633 καὶ
169 1608 217 1642 τῆς
231 1608 405 1642 οἰκουμένης.
415 1608 476 1634 Ἐπ’
489 1608 587 1642 ἄκρων
603 1607 661 1634 τῶν·
675 1607 776 1642 ὀρέων,
791 1609 845 1635 τῶν

69 1650 208 1679 ἀποστόλων
221 1653 267 1679 καί
285 1653 441 1688 προφητῶν.
451 1653 695 1688 Ὺπεραρθήσεται
710 1653 786 1688 ὑπὲρ
796 1653 848 1681 τὸν

70 1697 186 1724 Λίϐανον
205 1699 350 1733 ό¹καρπὸς
364 1700 467 1726 αὑτοῦ.
480 1700 596 1731 Λίϐανος
612 1699 661 1734 μὲν
674 1700 690 1735 ὴ
713 1700 848 1736 Ἰερουσα-

70 1740 130 1778 λήμ’
146 1745 248 1779 καρπδς
274 1745 304 1771 δὲ
328 1745 410 1771 αὐτοῦ
432 1745 446 1771 6
469 1746 646 1781 εὐαγγελικὺς
663 1746 750 1780 λόγος.
766 1746 847 1780 Λέγει

72 1786 120 1821 οὖν,
130 1789 164 1821 ὡς
177 1790 245 1826 ὑπὲρ
261 1790 310 1826 τὴν
326 1790 397 1817 κατὰ
413 1790 495 1826 νόμον
512 1790 639 1825 λατρείαν
654 1791 729 1817 ἔσται
749 1791 779 1817 τὸ
799 1791 849 1826 κή-

74 1841 153 1870 ρυγμα
172 1836 201 1861 τὸ
224 1836 413 1870 εὐαγγελικόν.
429 1836 486 1863 Καὶ
505 1836 730 1870 ἐξανθήσουσιν
744 1837 778 1863 ἐκ
796 1837 848 1863 πό-

72 1880 137 1913 λεως
156 1881 224 1908 ὡσεὶ
247 1882 355 1916 χόρτος
368 1881 424 1916 τῆς
438 1881 504 1916 τῆς.
520 1882 600 1908 Πόλιν
615 1882 664 1918 τὴν
684 1883 848 1918 Ἐκκλησίαν

74 1925 194 1959 σημαίνει,
211 1928 276 1962 περῖ⁸
288 1925 323 1962 ἧς
334 1927 489 1961 γέγραπται
497 1935 503 1941 ⁸
519 1927 728 1963 Δεδοξασμὲνα
739 1927 849 1961 ἐλαλή-

75 1971 104 2003 θη
117 1973 177 2005 περὶ
190 1973 257 2004 σοῦ,
270 1974 290 2007 ὴ
307 1973 394 2005 πόλις
408 1972 460 1999 τοῦ
476 1973 560 1999 Θεοῦ.

104 2017 156 2051 Πρὸ
167 2018 217 2045 τοῦ
229 2019 319 2053 ἡλίου
333 2018 463 2052 διαμένει
478 2018 510 2044 τὸ
524 2018 616 2053 ὄνομα
629 2018 731 2046 αὑτοῦ.
743 2020 849 2046 Δείκνυ-

77 2069 120 2092 σιν,
134 2063 168 2095 ὡς
183 2062 259 2096 οὗτος
276 2065 290 2091 6
315 2063 351 2100 μὴ
368 2064 548 2096 ἀποκτανθεὶς
570 2064 638 2099 μετὰ
662 2064 716 2091 τῶν
741 2065 848 2101 βρεφῶν

76 2106 137 2134 ἐστιν
156 2110 169 2135 6
191 2110 243 2146 πρὸ
266 2109 420 2146 καταϐολῆς
445 2110 548 2146 κόσμου
565 2109 694 2146 ὑπάρχων
713 2111 781 2146 μετὰ
800 2111 847 2138 τοῦ

78 2153 179 2189 Πατρός.

106 2201 267 2235 Εὐλογητὸς
289 2202 306 2227 ό
323 2199 432 2234 Κύριος
447 2201 462 2226 ὁ
482 2199 553 2233 Θεὸς
570 2200 700 2235 Ἰσραὴλ,
717 2202 734 2227 ὁ
755 2199 848 2228 ποιῶν

78 2245 210 2279 θαιψάσια
220 2247 323 2281 μόνος.
339 2245 486 2278 Διεξελθὼν
506 2246 595 2273 πάντα
607 2245 624 2272 ἃ
637 2245 804 2281 κατορθώσει
818 2247 846 2272 ἐν

77 2291 105 2325 τῇ
115 2291 244 2328 οἰκονομίᾳ
254 2293 310 2324 τοῖς
323 2293 369 2319 ἐπὶ
379 2293 428 2328 τῆς
438 2292 499 2327 γῆς,
512 2291 596 2327 ὕμνον
606 2292 762 2327 ἀναπέμπει
774 2292 847 2327 αὐτῷ

78 2335 160 2370 λέγων,
172 2337 207 2370 ὡς
225 2339 307 2370 αὐτὸς
330 2338 372 2374 εῑη
392 2339 406 2364 6
421 2337 487 2369 Θεὸς
508 2337 624 2373 Ἰσραὴλ,
646 2339 659 2364 6
675 2338 754 2373 μόνος
769 2338 848 2373 δυνη‹

79 2381 125 2414 θεὶς
136 2383 215 2411 ταῦτα
234 2385 345 2420 ποιῆσαι
361 2383 394 2411 τὰ
409 2383 557 2419 θαύμάσια.
578 2385 645 2410 Ποῖα
657 2384 685 2410 δὲ
698 2383 846 2418 θαυμάσια,

79 2426 93 2461 ἢ
111 2428 138 2454 τὺ
156 2429 321 2464 καταργῆσαι
343 2428 392 2464 τὴν
416 2429 574 2455 δυναστείαν
599 2428 645 2454 τοῦ
666 2429 783 2460 Σατανᾶ,
801 2429 849 2455 καὶ

79 2471 201 2503 ἐξελέσθαι
213 2476 274 2506 τοὺς
289 2474 546 2510 ἐπιϐουλευομένους
567 2474 618 2509 τῆς
639 2473 692 2501 τῶν
715 2475 849 2510 δαιμόνων

81 2517 232 2550 τυραννίδος;
243 2518 341 2545 Σκόπει
351 2518 389 2551 δὲ,
403 2519 440 2550 ὡς
453 2519 502 2554 οὐχ
517 2519 633 2554 ἁρμόσει
643 2519 681 2554 τῷ
695 2519 849 2555 Σολομῶντι

81 2560 113 2595 τῷ
128 2563 157 2589 ὲκ
169 2564 215 2599 τῆς
237 2565 282 2591 τοῦ
300 2565 398 2601 Οὐρίου
414 2565 489 2592 οὐδὲν
505 2565 559 2592 τῶν
582 2566 734 2601 εἰρημένων
755 2567 784 2592 ὲν
809 2566 848 2602 τῷ

83 2606 166 2644 ψαλμῷ
177 2618 182 2624 ·
196 2609 255 2636 οὔτε
268 2611 297 2637 τό
308 2620 314 2626 ·
333 2611 394 2645 Πρὸ
406 2611 458 2638 τοῦ
474 2612 562 2645 ἡλίου
574 2611 606 2638 τὸ
625 2612 718 2646 ὄνομα
738 2611 830 2638 αὐτοῦ
840 2620 846 2626 ·

83 2652 134 2680 οὒτε
144 2655 186 2681 τόσ
202 2656 299 2683 Πάντα
313 2658 349 2684 τὰ
363 2657 436 2692 ἔθνη
448 2658 671 2685 δουλεύσουσιν
682 2657 775 2690 αὐτῷ·
790 2658 850 2684 οὐδὲ

83 2699 122 2725 τό·
138 2701 191 2735 Πρὸ
210 2702 263 2737 τῆς
284 2704 417 2737 σελήνης
433 2705 537 2739 γενεὰς
551 2704 725 2739 γενεῶν.Ἐκ
742 2704 849 2730 πάντων

83 2743 123 2771 οὖν
131 2747 224 2774 τούτων
242 2749 327 2785 δῆλον,
343 2749 384 2776 ὅτι
403 2750 443 2781 είς
461 2751 506 2777 τὸν
525 2750 627 2786 Κύριον
647 2750 725 2786 ἡμῶν
747 2749 848 2785 Ἰησοῦν

86 2789 186 2826 Χριστὸν
197 2795 323 2824 λέλεκται.

123 2881 144 2898 ⁵³
154 2881 241 2912 Matth.
255 2893 283 2917 ιι.
300 2887 342 2914 ll.
388 2887 410 2903 "
424 2886 493 2915 Psal.
511 2895 620 2920 LXXXVI.
635 2887 662 2914 5.

886 275 947 302 qua:
961 265 1095 293 Atlantica
1110 264 1221 300 quidam
1236 267 1347 297 vocant,
1364 262 1515 294 Oceanum,
1540 261 1668 288 occiden-

887 313 940 339 tale
958 316 985 339 et
1006 310 1155 342 orientale;
1177 310 1240 344 jure
1261 309 1338 336 orbis
1367 309 1511 342 imperium
1535 307 1674 351 ambit-nte

886 358 982 393 pelago
1005 356 1227 385 circumscribit:
1253 356 1326 390 quod
1351 356 1473 390 apertius
1496 349 1674 388 subsequenti

885 403 1022 431 versiculo
1030 403 1198 430 exolicatur.

922 482 949 510 9.
970 481 1004 508 Et
1020 481 1120 508 inimici
1131 481 1188 515 ejus
1213 485 1311 507 terram
1326 480 1436 515 lingent.
1462 477 1585 513 Suhjrcti
1599 477 1675 511 peni-

889 532 932 555 tus
949 528 974 555 ei
991 531 1071 555 erunt
1084 527 1200 560 inimici,
1214 532 1244 554 ut
1259 527 1327 553 nihil
1349 533 1445 562 pugna:
1465 525 1596 552 adversus
1611 531 1674 550 cum

887 575 1022 611 videatur,
1037 582 1069 601 ex
1084 574 1240 608 metaphora
1255 581 1349 600 eorum
1374 572 1422 607 qui
1441 571 1468 597 in
1495 576 1594 597 terrain
1610 577 1676 604 pro-

889 621 984 648 cidunt
998 620 1024 646 in
1039 619 1225 654 ohscqncntiw
1240 619 1359 653 signum.

924 666 1018 693 12-14.
1037 666 1107 698 Quia
1135 666 1257 692 liberabit
1282 673 1422 700 pauperem
1452 673 1468 690 α
1497 667 1610 698 potente.
1634 661 1676 689 Al)

888 713 1018 740 extremis
1029 713 1063 739 ad
1084 717 1221 739 extremos
1242 720 1329 746 usque
1344 712 1410 737 lines
1429 715 1508 737 terrae
1523 708 1677 736 adorabunt

888 765 950 784 eum
971 754 1064 792 gentes
1080 761 1161 792 atque
1181 764 1267 791 reges,
1281 756 1383 791 gratias
1400 760 1521 789 agentes,
1538 753 1611 788 quod
1627 759 1676 779 eos

889 810 904 830 a
919 804 1060 838 tyrannide
1077 802 1183 830 Satanae
1195 803 1359 830 liberaverit.
1383 801 1424 828 Ex
1439 801 1526 827 usuris
1537 805 1561 826 et
1577 798 1677 834 iniqui—

890 854 944 876 tate
964 851 1073 876 redimet
1101 850 1206 876 animas
1219 857 1319 876 eorum.
1337 849 1436 875 Delens
1463 846 1677 881 chirographum

857 902 876 929 Β
890 896 1022 923 adversus
1037 903 1084 923 eos
1115 896 1259 931 scriptum,
1287 899 1314 922 et
1330 895 1415 930 gratis
1432 894 1554 920 debitum
1580 892 1677 919 remit-

893 947 953 970 tens
970 943 995 970 ei
1019 943 1066 977 qui
1091 943 1240 977 quingenta
1259 947 1339 976 atque
1364 942 1389 968 ei
1413 941 1459 975 qui
1477 939 1677 974 quinquaginta

892 988 1016 1016 debebat.
1042 988 1077 1015 Et
1093 989 1246 1016 Itonorabile
1261 996 1355 1015 nomen
1389 995 1480 1014 eorum
1503 994 1593 1012 eorum
1619 985 1678 1012 illo.

892 1033 1082 1067 Venerandus,
1108 1035 1206 1069 inquit,
1225 1038 1252 1061 et
1269 1034 1406 1068 gloriosus
1425 1032 1496 1067 apud
1512 1031 1678 1058 omneserit.

931 1123 976 1150 15.
991 1122 1026 1149 Et
1039 1123 1105 1149 vivet
1122 1127 1145 1149 et
1171 1122 1278 1149 dabitur
1297 1123 1320 1149 ei
1345 1122 1378 1148 de
1395 1130 1459 1148 auro
1485 1122 1600 1148 Arabite.
1618 1120 1682 1148 Ηωο

893 1168 932 1195 ait
943 1174 1054 1204 propter
1067 1168 1202 1196 llerodem
1231 1169 1278 1203 qui
1305 1168 1380 1195 misit
1404 1168 1527 1195 occisum
1550 1166 1679 1194 infantes.

893 1215 937 1241 Ait
958 1215 1041 1250 igitur
1070 1222 1132 1241 eum
1164 1222 1218 1242 non
1242 1222 1296 1241 una
1324 1222 1387 1241 cum
1408 1214 1501 1248 pueris
1528 1213 1677 1240 enecandis

893 1261 1179 1296 comprehendendum
1194 1260 1263 1288 fore.
1281 1260 1348 1287 lllud
1368 1265 1458 1287 autem
1473 1269 1479 1287 :
1508 1259 1542 1286 Et
1576 1259 1682 1286 dabitur

893 1307 917 1332 ei
932 1314 1028 1332 aurum
1043 1307 1197 1339 Arabicum,
1211 1306 1332 1333 declarat
1355 1305 1501 1333 manifeste
1526 1313 1587 1340 qua:
1611 1304 1682 1339 Magi

894 1350 966 1378 dona
983 1351 1139 1378 obtulerunt
1154 1352 1187 1378 7'.
1209 1350 1245 1377 Et
1268 1351 1416 1378 adorabunt
1440 1351 1471 1377 de
1500 1351 1557 1386 ipso
1570 1358 1678 1385 semper.

895 1396 986 1431 ipsum
1004 1397 1199 1431 compellantes
1215 1397 1242 1424 in
1267 1397 1449 1429 orationibus,
1463 1401 1491 1424 et
1515 1404 1563 1432 per
1588 1405 1652 1424 eum
1666 1404 1683 1424 a

895 1441 976 1470 Patre
988 1442 1049 1470 dari
1065 1443 1117 1470 sibi
1133 1443 1269 1471 honorum
1284 1451 1400 1471 munera
1416 1449 1555 1479 rogantes.

932 1555 1039 1583 16.Erit
1051 1557 1247 1591 ﬁrmamentum
1261 1558 1289 1584 in
1309 1562 1388 1584 terra.
1404 1556 1534 1585 Ecclesia:
1549 1561 1576 1585 et
1591 1557 1682 1584 orbis:

898 1602 925 1627 in
936 1603 1044 1628 summis
1064 1603 1210 1636 montium,
1226 1603 1414 1637 apostolorum
1429 1607 1457 1630 et
1476 1604 1682 1638 prophetarum.

899 1647 1124 1682 Superertolletur
1136 1657 1214 1684 super
1225 1648 1354 1675 Libanum
1365 1650 1467 1684 [ructus
1484 1650 1552 1685 ejus.
1563 1649 1684 1677 Lihanus

898 1697 939 1719 est
950 1691 1121 1724 Jerusalem;
1147 1694 1252 1721 fructus
1269 1699 1359 1721 autem
1376 1695 1436 1729 ejus
1449 1695 1683 1730 estevangelicnm

897 1738 1023 1766 verbum.
1041 1739 1088 1766 Ait
1103 1739 1186 1774 igitur
1201 1740 1424 1774 praedicationem
1438 1743 1622 1777 evangelicum
1638 1750 1683 1769 su—

898 1784 1031 1818 periorem
1050 1784 1108 1812 fore
1123 1785 1201 1819 legali
1215 1785 1299 1812 cultu.
1321 1785 1353 1812 Et
1367 1786 1500 1820 ﬂorebunt
1522 1787 1554 1814 de
1574 1788 1682 1815 civitate

897 1831 966 1856 sicut
983 1830 1072 1864 fenum
1104 1835 1191 1858 terrm.
1212 1831 1263 1858 Per
1291 1832 1429 1860 civitatem
1456 1834 1580 1868 designat
1592 1833 1683 1861 Eccle-

898 1876 977 1907 siam,
993 1876 1027 1904 de
1043 1884 1095 1911 qua
1112 1878 1245 1912 scriptum
1260 1883 1318 1906 est:
1334 1879 1457 1906 Gloriosa
1484 1880 1557 1906 dicta
1576 1882 1638 1907 sunt
1652 1881 1684 1907 de

899 1927 933 1957 te,
950 1923 1042 1950 civitas
1057 1922 1106 1950 Dei
1123 1924 1147 1940 ⁷³

934 2010 979 2038 17.
992 2011 1060 2038 Ante
1086 2019 1166 2038 sarem
1193 2000 1328 2046 permanet
1352 2021 1447 2040 nomen
1475 2014 1544 2048 ejus.
1559 2013 1682 2046 Declarat

898 2064 960 2084 eum
974 2057 1021 2091 qui
1039 2065 1092 2084 non
1112 2065 1167 2084 una
1184 2065 1245 2085 cum
1278 2058 1428 2086 infantibus
1456 2060 1616 2087 interfectus
1632 2066 1683 2093 cst,

898 2103 1025 2130 eumdem
1043 2111 1104 2131 esse
1117 2105 1164 2139 qui
1180 2109 1243 2132 ante
1259 2105 1353 2133 mundi
1377 2106 1604 2134 constitutionem
1619 2115 1682 2134 cun

897 2147 977 2175 Patre
995 2148 1112 2176 exsistit.

932 2194 976 2221 18.
993 2194 1152 2221 Benedictus
1178 2194 1307 2222 Dominus
1331 2195 1401 2222 Deus
1425 2195 1520 2228 Israel,
1548 2197 1593 2230 qui
1618 2197 1684 2232 facit

898 2240 1035 2267 mirabilia
1064 2241 1145 2269 solus.
1171 2241 1319 2276 Postquam
1347 2243 1486 2270 recensuit
1515 2244 1607 2270 omnia
1623 2252 1685 2278 qua:

900 2292 1019 2322 tempore
1041 2289 1202 2315 meonomite
1218 2289 1347 2316 beneticia
1382 2290 1527 2324 terrigenis
1550 2291 1682 2324 cantaret,

899 2333 1030 2367 hymnum
1048 2334 1127 2360 oﬂ‘ert
1141 2334 1207 2366 Deo,
1239 2335 1314 2362 aiens
1329 2343 1390 2361 enm
1406 2343 1467 2363 esse
1489 2335 1574 2363 Deum
1590 2337 1682 2370 Israel,

899 2379 946 2413 qui
958 2379 1033 2406 solus
1048 2380 1136 2414 potuit
1151 2381 1208 2407 haec
1220 2380 1356 2407 mirabilia
1368 2380 1468 2408 facere.
1502 2382 1568 2415 Qua:
1598 2384 1682 2410 mira-

899 2425 975 2458 bilia,
993 2426 1044 2452 nisi
1060 2426 1201 2454 destruere
1222 2427 1366 2462 imperium
1385 2427 1502 2460 Satanae,
1526 2434 1552 2457 ct
1568 2429 1684 2457 liberare

898 2479 946 2499 cos
962 2472 1009 2507 qui
1026 2472 1134 2500 insidiis
1147 2478 1313 2508 appetuntur
1327 2482 1341 2501 a
1357 2474 1511 2502 daemonum
1523 2476 1685 2511 tyrannide!

898 2517 1089 2545 Animadverte
1104 2526 1185 2552 porro
1203 2519 1268 2545 nihil
1285 2526 1379 2546 corum
1397 2527 1457 2554 quae
1478 2520 1505 2547 in
1521 2521 1628 2555 psalmo
1641 2522 1683 2548 di-

901 2568 1003 2602 cuntur;
1020 2563 1157 2591 Salomoni
1175 2565 1267 2591 uxoris
1291 2563 1363 2592 Urire
1388 2566 1444 2592 lilio
1459 2567 1623 2594 convenire:
1639 2575 1684 2594 nc-

902 2616 954 2642 que
967 2609 1030 2635 illud
1045 2617 1052 2636 :
1070 2609 1136 2635 Ante
1150 2609 1229 2635 solem
1245 2615 1378 2644 permanet
1398 2619 1490 2636 numen
1506 2611 1580 2646 ejus;
1598 2619 1684 2646 neque

901 2654 985 2681 illud:
1001 2654 1096 2680 Omnes
1111 2659 1197 2689 gentes
1222 2655 1333 2682 servient
1360 2656 1403 2687 ei;
1434 2664 1541 2690 neque:
1560 2658 1626 2683 Ante
1644 2658 1683 2683 lu-

901 2708 964 2728 nam
984 2701 1010 2726 in
1022 2701 1215 2735 generationem:
1231 2705 1254 2727 et
1266 2703 1471 2736 generationem.
1486 2702 1524 2729 Ex
1539 2703 1581 2729 'nis
1594 2703 1683 2735 itaque

903 2746 1030 2773 omnibus
1045 2746 1131 2780 palam
1145 2751 1187 2772 est
1202 2747 1235 2773 de
1253 2746 1367 2774 Domino
1379 2751 1474 2775 nostro
1492 2747 1559 2775 Jcsu
1573 2748 1683 2776 tlhristo

903 2792 1004 2819 dictum
1021 2791 1106 2819 fuisse
1116 2793 1261 2827 psalmum.
