1922 3057
71 130 116 157 ετξ

594 127 776 157 EXPOSITIO
794 127 828 156 IN
848 127 1015 157 PSALMUM
1033 128 1137 157 LXXII.

1622 131 1676 158 530

103 186 271 219 Διήλθοσαν
282 187 324 218 εἰς
337 185 470 212 διάθεσιν
482 185 615 220 καρδίας.
640 186 672 212 ἰι
691 186 837 222 παράνομοι

913 203 915 205 -
934 186 960 213 7.
979 185 1150 213 Transierunt
1161 185 1187 212 in
1197 184 1319 220 a/fectum
1346 184 1443 212 cordis.
1459 183 1554 220 lniqua
1577 185 1620 212 illa
1637 186 1678 213 l‘e-

71 232 208 266 εὐημερία,
222 233 313 267 φησὶν,
327 231 382 264 ἕξιν
395 231 486 262 αὐτοῖς
496 231 616 266 πονηρὰν
627 231 771 266 εἰργάσατο
783 231 847 266 περὶ

69 279 116 313 τὴν
128 277 228 313 ψυχήνη
243 278 294 304 Καὶ
312 277 393 304 πόθεν
405 277 484 312 δῆλον
497 277 514 312 ἦ
526 278 558 304 ὲκ
569 277 614 304 τοῦ
623 277 783 305 διανοεῖσθαι
797 277 847 304 αὑ-

70 324 129 354 τοὺς
138 324 183 350 καὶ
195 323 286 350 λαλεῖν
299 324 428 358 πονηρίαν
441 331 448 355 ;

107 379 231 406 Ἀδικίαν
249 380 293 412 είς
306 378 337 406 τὸ
353 379 432 413 ὕψος
451 379 617 413 ἐλάλησαν.
643 379 847 414 Ἐπίτασιν.τῆς

70 425 193 460 πονηρίας
209 424 298 451 αὐτῶν
313 424 447 460 σημαίνει,
464 425 502 456 ὡς
518 423 612 451 λοιπὸν
635 424 682 451 καὶ
706 424 746 455 εἰς
766 423 846 450 αὑτὸν

69 471 110 498 τὸν
128 471 190 497 Θεὸν
212 470 357 506 ἀναφέρειν
380 469 428 506 τὴν
450 469 631 506 βλασιρημίαν.
659 470 778 496 Ἐθεντο
803 470 846 502 εἰς

69 517 190 551 οὐρανόν
211 516 246 542 τὸ
270 516 367 550 στόμα
379 515 487 543 αὐτῶν.
504 516 668 551 Βλάσφημα,
685 515 761 550 φησὶ,
779 523 845 550 προ-

70 561 159 597 ἐφερον
173 561 244 587 κατὰ
259 560 307 587 τοῦ
328 560 396 587 Θεοῦ
416 562 537 596 ῥήματα,
557 560 605 586 καὶ
623 558 710 586 ταῦτα
725 559 846 585 ταπεινοὶ

69 607 138 638 ὅντες
155 607 200 634 καὶ
214 607 264 642 τὴν
278 607 403 641 γλῶσσαν
418 607 463 633 ἐπὶ
478 606 531 641 γῆς
541 606 656 641 ἔχοντες.

100 662 240 689 Διὰτοῦτο
254 662 429 696 ἐπιστρέψει
441 663 457 688 d
468 663 542 694 λαός
552 671 621 696 μου.
634 662 684 689 Διὰ
695 662 774 689 τοῦτο
786 662 845 698 μέν·

69 717 104 735 τοι
120 709 284 745 ἐπαρθέντας
307 709 405 740 αὐτοὺς
426 708 639 744 καταϐληθῆναι.
657 711 666 721 ³
687 709 716 736 '0
736 709 764 736 δὲ
783 709 845 741 νοῦς

69 753 162 785 05:1»;-
185 754 312 789 Ὠφέλειά
328 763 380 786 τις,
402 754 477 790 φησὶ,
495 754 542 781 καὶ
559 755 708 791 ἐπιστροφὴ
729 755 768 790 τῷ
785 755 844 791 ἐμῷ

68 799 120 834 λαῷ
131 801 282 835 γενήσεται.
299 801 316 836 ἡ
334 799 435 826 τούτων
453 800 583 836 τιμωρία.
606 800 772 836 Ἐωρακότες
790 801 843 837 γὰρ

898 232 996 263 licitas.
1014 232 1113 267 inquit,
1131 231 1230 259 malum
1245 231 1313 266 ipsis
1331 231 1452 258 habitum
1478 230 1504 257 in
1521 230 1611 257 anima
1628 238 1675 265 pe-

896 277 976 312 perit.
998 276 1032 303 Et
1049 277 1192 304 .undenam
1212 276 1238 303 id
1264 275 1439 304 manifestum
1463 275 1525 308 erit,
1541 275 1596 302 nisi
1618 275 1678 310 ‘Hla

897 322 1017 356 cogitant
1033 326 1060 349 et
1073 322 1220 356 loquuntur
1236 321 1428 356 iniquitatem?

931 378 957 410 8,
970 378 997 406 9.
1010 377 1182 414 Iniquitatem
1197 379 1224 405 in
1243 377 1344 405 excelso
1360 378 1442 405 locuti
1457 382 1530 405 sunt.
1544 376 1678 412 Augmen-

897 428 952 451 tum
968 424 1121 458 iniquitatis
1135 431 1228 450 eorum
1250 423 1395 459 signiﬁcat,
1422 424 1459 450 ita
1483 427 1513 450 ut
1528 423 1570 450 vel
1584 423 1611 450 in
1638 423 1678 457 ip-

896 477 956 497 sum
975 469 1058 497 Deum
1072 470 1229 504 blaspliema
1245 469 1316 497 dicta
1330 468 1452 504 proferre
1472 469 1601 496 audeant.
1621 468 1676 496 Po-

895 520 1004 542 suerunt
1019 515 1046 541 in
1062 515 1155 541 malum
1167 522 1196 542 os
1209 523 1296 548 suum,
1311 519 1364 542 etc.
1383 513 1554 548 Blasplicma,
1575 514 1674 548 inquit,

895 561 976 587 verba
1007 560 1034 587 in
1060 559 1144 587 Deum
1162 559 1342 594 proferebant,
1370 559 1432 586 licet
1455 559 1522 586 viles
1544 565 1634 587 essent
1648 564 1676 586 et

895 606 1014 641 linguam
1032 607 1059 634 in
1074 611 1144 634 terra
1156 606 1296 633 haberent.

930 659 974 688 10.
995 650 1063 687 Μεθ’
1076 665 1238 687 converlelur
1251 661 1362 696 populus
1379 670 1450 689 meus
1472 662 1525 689 hic.
1547 661 1610 688 ldeo
1626 669 1674 688 eos

894 705 1020 740 superbia
1038 705 1124 732 elatos
1140 706 1218 741 dejici
1234 707 1381 742 continget.
1406 707 1508 735 Sensus
1525 711 1615 734 autem
1632 706 1675 734 hic

893 755 952 779 est:
969 751 1120 779 Utilitatem
1134 752 1278 786 quamdam
1308 758 1334 780 et
1349 752 1556 781 conversionem
1574 753 1674 788 popqu

893 804 954 824 meo
970 797 1063 824 ail‘eret
1076 805 1170 825 eorum
1184 798 1358 833 supplicium.
1377 798 1445 826 Cum
1463 798 1579 825 viderint
1601 799 1674 824 enim

68 841 118 870 οἷον
136 845 195 876 τοὺς
211 845 322 876 ἀσεϐεῖς
340 844 595 882 διαδέξεταιέτέλος,
614 846 663 872 οὐκ
676 846 708 873 ἄν
723 855 787 873 ποτε
803 848 837 878 εις

893 841 939 876 qui
951 842 1012 869 linis
1026 842 1141 878 excipiet
1157 843 1265 878 impios,
1283 851 1423 878 nunquam
1450 843 1483 870 ad
1499 843 1564 878 quid
1585 843 1674 870 simile

68 887 137 914 τοῦτο
152 889 262 921 ἔλθοιεν,
280 890 381 925 ὲφορᾷν
395 890 429 916 τὰ
443 880 599 924 ἀνθρώπινα
617 890 708 924 σαφῶς
723 891 842 925 ἐγνωκό-

68 942 107 965 τες
120 933 191 960 Θεόν.
204 935 260 961 Καὶ
272 934 379 969 ἡμέραι
390 934 514 969 πλήρεις
525 935 736 970 εὑρεθήσονται
747 935 781 962 ἐν
790 937 842 963 αὺ-

67 979 128 1012 τοῖς.
145 980 234 1012 Ὅταν,
253 981 332 1016 φησὶ,
348 981 397 1016 τὴν
412 980 538 1015 τοιαύτην
550 981 702 1016 κτήσωνται
719 981 840 1017 γνώμην,

67 1024 119 1051 1k:
128 1024 158 1060 δὴ
168 1025 227 1052 τότε
245 1025 298 1060 τῆς
309 1025 382 1061 ζωῆς
396 1025 485 1052 αὐτῶν
501 1025 546 1051 τὸν
563 1025 656 1061 χρόνον
672 1026 761 1058 καλῶς
777 1026 841 1053 ἀνα-

68 1069 244 1104 πληρώσουσι,
271 1070 342 1097 κατὰ
371 1070 402 1096 τὸ
429 1070 572 1106 εἰρημένον
597 1071 654 1097 ὃτι·
685 1071 840 1106 Έκοιμήθη

67 1114 174 1148 πλήρης
184 1114 304 1149 ἡμερῶν
313 1124 321 1131 ·
334 1115 456 1142 τουτέστι
470 1116 583 1152 πλήρεις
600 1117 626 1143 αἱ
641 1116 740 1153 ἡμέραι
753 1117 840 1145 αὐτῶν

66 1159 155 1191 παντὸς
171 1161 316 1195 γεγόνασιν
333 1161 444 1196 ἀγαθοῦ.

95 1216 143 1242 Καὶ
154 1215 250 1248 εἶπαν,
264 1216 330 1250 πῶς
343 1217 418 1252 ἔγνω
436 1219 452 1244 d
466 1219 556 1250 Θεός;
571 1219 600 1245 Ὀ
620 1219 668 1254 μὲν
682 1219 746 1254 ἐμὸς
765 1219 838 1252 λαὸς,

65 1261 136 1295 φησὶν
147 1281 154 1293 ,
168 1262 200 1288 ἐκ
217 1262 264 1289 τοῦ
282 1263 482 1299 καταϐληθῆναι
500 1265 563 1296 τοὺς
579 1265 684 1296 ἀσεϐεῖς
698 1265 839 1300 ὠφεληθή-

65 1314 140 1332 σεται.
156 1308 185 1334 Οἱ
200 1308 229 1334 δὲ
242 1308 439 1344 προλεχθέντες
455 1309 594 1342 δυσσεϐεῖς
605 1311 653 1337 καὶ
664 1310 738 1337 ἄθεοι
752 1310 838 1343 οὓτως

64 1349 178 1384 ὴπέὒουν,
193 1352 230 1384 ὡς
246 1352 394 1380 σκάνδαλον
408 1354 534 1388 γενέσθαι
554 1356 609 1386 τοῖς
624 1355 706 1391 ὁρῶσι
720 1355 765 1382 τὸν
781 1355 837 1390 βίον

65 1397 152 1428 αὐτῶν,
165 1398 210 1424 καὶ
220 1398 373 1434 ἀμηχανεῖν
387 1400 433 1426 καὶ
450 1399 540 1434 λέγειν
555 1408 562 1415 ³
577 1401 608 1427 Ei
633 1399 688 1436 ἄρα
705 1402 789 1437 ἐφορᾷ
803 1401 838 1428 τὰ

65 1442 207 1477 ανθρώπινα
225 1445 239 1470 ὁ
259 1445 343 1477 Θεός;
358 1445 394 1471 Τὸ
417 1445 482 1479 γὰρ,
501 1447 566 1479 Πὼς
587 1446 682 1481 ἔγνω,
697 1447 757 1473 ἀντὶ
777 1447 835 1480 τοῦ,

65 1487 118 1519 Πῶς
133 1489 274 1523 γινώσκειν
296 1489 330 1517 τὰ
353 1490 413 1518 καθ’
429 1491 502 1527 ἡμᾶς
517 1491 564 1518 καὶ
583 1491 692 1518 διοικεῖν
716 1492 835 1526 λέγεται,

66 1534 104 1559 καὶ
116 1535 170 1567 πῶς
182 1536 285 1570 γνῶσιν
297 1536 352 1572 ἔχει
366 1536 419 1563 τῶν
432 1537 572 1572 ἡμετέρων
583 1545 590 1570 ;

99 1635 164 1662 Ἰδοὺ
175 1634 258 1664 οὗτοι
272 1636 439 1671 ἁμαρτωλοὶ
456 1637 505 1663 καὶ
523 1636 722 1670 εὐθηνοῦντες
729 1637 772 1669 εὶς
784 1637 836 1663 τὸν

65 1679 144 1707 alim:
153 1682 303 1717 κατέσχον
320 1683 463 1709 πλούτου.
478 1682 515 1709 Τὸ
529 1683 612 1709 αἴτιον
626 1682 673 1709 τοῦ
687 1683 834 1709 σκανδάλου

65 1726 110 1751 τῶν
127 1727 246 1762 ὁρώντων
271 1728 485 1764 εὐθηνουμένους
508 1729 570 1760 τοὺς
589 1728 696 1761 ἀσεϐεῖς
721 1729 836 1764 παρατί-

66 1770 138 1798 θεται.
157 1773 238 1801 Τοῦτο
255 1774 285 1800 δέ
299 1775 358 1800 ἐστι
373 1774 403 1800 τὸ
421 1773 582 1806 διαιωνίζειν
595 1773 692 1805 αὐτοὺς
708 1773 779 1800 κατὰ
789 1774 835 1801 τὸν

65 1818 172 1853 παρόντα
187 1819 242 1854 βίον
255 1822 289 1856 τῇ
307 1821 452 1857 εὐημερίᾳ.
465 1820 519 1848 Καὶ
530 1818 614 1846 εἴπα-
632 1817 689 1854 ἇρα
703 1821 835 1854 ματαίως

64 1862 208 1892 ἐδικαίωσα
228 1866 286 1900 τὴν
305 1867 431 1901 καρδίαν
442 1875 512 1901 μου.
530 1865 615 1900 Κάγὼ
628 1885 636 1898 ,
651 1867 733 1901 φησὶ,
749 1865 834 1893 ταῦτα

65 1907 132 1942 ὀρῶν,
148 1909 332 1946 ἐθορυϐούμην
347 1913 402 1943 τοῖς
418 1912 566 1946 λογισμοῖς,
584 1911 643 1937 κατ’
657 1911 774 1946 ἐμαυτὸν
791 1911 833 1938 ὲν-

65 1952 138 1987 vatim,
155 1956 250 1991 μήπως
266 1956 320 1992 ἄρα
337 1957 351 1983 ὁ
368 1957 438 1991 ὑπὲρ
461 1956 561 1991 ἀρετῆς
584 1957 664 1988 πόνος
689 1956 763 1984 ἔσται
789 1965 832 1992 μοι

67 1997 171 2031 μάταιος.
189 1999 241 2028 Ἦν
260 2002 289 2028 δὲ
310 2003 324 2028 ὁ
338 2002 417 2034 πόνος
432 2003 462 2029 τὸ
479 2003 651 2038 δικαιοσύνην
665 2004 769 2035 ἀσκεῖν,
786 2003 833 2030 καὶ

65 2043 90 2069 τὺ
101 2045 251 2082 καθαρεύειν
277 2048 371 2075 ἀδίκου
395 2048 538 2084 πράξεως,
560 2050 608 2076 καὶ
629 2049 660 2076 τὸ
685 2049 755 2084 ὑπὲρ
777 2048 832 2075 τῶν

67 2091 187 2126 προτέρων
201 2093 406 2129 ἁμαρτημάτων
423 2095 518 2121 ἑαυτὸν
536 2095 675 2131 μαστίζειν
691 2097 723 2130 τῇ
739 2094 832 2130 ἐξομο-

67 2134 168 2171 λογήσει,
183 2140 228 2165 καὶ
244 2141 284 2171 εις
297 2139 375 2166 τοῦτο
386 2140 478 2176 ὥσπερ
491 2142 523 2167 ὲκ
538 2142 630 2176 κοίτης
648 2141 830 2168 διανίστασθαι

67 2180 99 2211 εις
107 2181 134 2207 τὸ
146 2183 212 2219 ὑπὲρ
223 2184 277 2211 τῶν
292 2186 496 2221 ἁμαρτημάτων
511 2186 612 2213 κακοῦν
625 2186 730 2212 ἑαυτόν.
846 2187 868 2214 D

95 2227 125 2254 El
141 2228 251 2264 ἔλεγον·
271 2231 455 2266 Διηγήσομαι
472 2232 581 2265 οὕτως·
599 2231 662 2259 ὶὸοὺ
683 2231 720 2266 τῇ
744 2231 832 2266 γενεᾷ

67 2271 127 2298 υιῶν
140 2283 194 2302 σου
218 2277 418 2310 ἠσυνθέτηκα.
447 2277 556 2311 Ταῦτα,
589 2278 682 2314 φησὶν,
711 2279 831 2305 ἐνενόουν

67 2318 116 2344 κατ’
130 2319 251 2354 ἐμαυτὸν,
265 2322 313 2354 ὼς,
330 2324 354 2349 εἰ
368 2322 478 2355 τούτους
489 2324 551 2355 τοὺς
565 2324 773 2356 ὑπεισελθόντας
787 2332 830 2359 μοι

67 2361 194 2406 λογισμοὺς
217 2368 319 2404 ἑτέροις
343 2369 498 2404 ὲπαγγείλω
523 2367 614 2405 (οὗτοι
636 2371 664 2397 δὲ
687 2369 758 2406 ἦσαν
782 2371 828 2397 τό·

67 2405 126 2443 Ἆρα
135 2414 259 2447 ματαίως
271 2414 430 2442 ἐδικαίωσα
442 2415 499 2450 τὴν
507 2416 633 2451 καρδίαν
638 2405 720 2452 μου),
730 2417 830 2448 παντὸς

68 2457 197 2484 σκανδάλου
219 2460 310 2490 αὐτοῖς
330 2461 459 2497 γενοίμην
482 2463 576 2494 αἴτιος.
597 2462 682 2490 Τοῦτο
697 2463 724 2489 δὲ
747 2463 830 2489 ποιῶν

68 2502 211 2535 ᾙρέὸαινον
228 2505 280 2532 τῶν
299 2506 352 2533 σῶν
378 2508 444 2534 υἱῶν
467 2507 517 2540 τὰς
540 2508 690 2544 συνθήκας,
709 2507 764 2534 τῶν
790 2508 846 2542 δι-,

69 2546 138 2573 καίων
155 2549 253 2586 ἀνδρῶν
271 2552 380 2588 δηλαδή.
398 2551 480 2580 Aine:
492 2553 520 2580 δὲ
533 2551 602 2589 ἦσαν
621 2554 675 2581 τῶν
694 2555 779 2588 ἁγίων
801 2555 830 2582 αἱ

69 2591 193 2628 συνθῆκαι.
203 2596 233 2623 τὸ
246 2597 282 2632 μὴ
295 2598 417 2633 ἀλλήλοις
432 2599 578 2626 σκανδάλου
595 2600 680 2631 αἴτιος
694 2599 828 2634 γίνεσθαι.

99 2637 145 2664 Καὶ
161 2641 307 2669 ὑπέλαϐον
319 2644 371 2670 τοῦ
389 2644 499 2679 γνῶναι
524 2646 621 2677 τοῦτο,
634 2646 728 2678 κόπος
745 2645 830 2671 ἐστὶν

70 2679 178 2710 θάλπων
193 2695 259 2720 μου.
291 2689 478 2725 Ὑπονοήσας,
498 2691 581 2725 φησὶ,
599 2690 633 2717 τὰ
654 2690 725 2716 οὕτω
746 2689 830 2725 βαθέα

71 2725 155 2758 γνῶναι
174 2732 304 2767 κρίματα,
329 2736 357 2762 ιν
375 2735 451 2770 κόπῳ
469 2736 612 2764 ἐνέϐαλλον
636 2736 764 2772 ἐμαυτὸν,
782 2735 829 2763 au

108 2804 128 2820 "
142 2805 204 2834 Gen.
215 2817 276 2843 xxv,
287 2811 313 2838 8.

174 2853 299 2888 Ρλτιιυι..
318 2857 378 2889 Gn.
403 2858 532 2890 XXVII.

893 888 1027 922 agendum
1053 889 1229 922 accesserint,
1243 889 1319 924 gnari
1349 889 1433 916 Deum
1447 889 1566 916 humana
1582 889 1673 916 omnia

892 934 1060 968 conspicere.
1073 933 1107 961 Et
1121 934 1177 961 die’s
1205 934 1278 969 pleni
1293 935 1459 961 invenientur
1485 934 1513 961 in
1538 934 1587 961 eis.
1601 933 1670 961 Cum

892 980 938 1007 tali
948 985 1038 1013 erunt,
1069 981 1168 1016 inquit,
1185 985 1274 1008 mente
1299 980 1437 1013 instructi,
1456 984 1521 1007 tunc
1537 979 1598 1006 vitae
1616 987 1673 1006 sua:

892 1030 998 1061 tempus
1013 1027 1097 1061 probe
1115 1026 1273 1057 conﬁcient.
1285 1027 1362 1062 juxta
1381 1025 1447 1053 illud
1467 1026 1586 1053 dictum:
1603 1024 1672 1052 Dor-

891 1073 964 1100 mivit
979 1073 1071 1107 plenus
1082 1073 1184 1100 dierum
1199 1073 1242 1106 1‘;
1255 1073 1283 1100 id
1301 1078 1354 1106 est,
1370 1079 1466 1100 omnes
1489 1079 1584 1100 eorum
1612 1071 1670 1098 dies

890 1118 967 1146 omni
980 1118 1052 1146 bono
1065 1118 1137 1153 pleni
1149 1117 1235 1146 fuere.

924 1224 967 1252 H.
986 1223 1021 1250 Et
1035 1225 1177 1252 dixerunt:
1204 1225 1340 1258 Quomodo
1363 1226 1412 1252 scit
1444 1224 1533 1253 Deus?
1552 1224 1671 1258 Populus

888 1278 976 1303 meus,
994 1271 1093 1305 inquit,
1109 1279 1170 1299 cum
1186 1271 1283 1306 dejecti
1296 1276 1323 1299 et
1340 1271 1475 1301 deturbati
1503 1271 1604 1298 fuerint
1617 1271 1671 1297 ini-

888 1316 936 1351 pii,
946 1316 1156 1344 hineutilitatem
1165 1317 1288 1352 aceipiel.
1298 1317 1338 1344 llli
1347 1321 1438 1344 autem
1453 1316 1603 1350 supradicti
1619 1316 1670 1343 im-

887 1362 925 1397 pii
939 1366 964 1390 et
981 1362 1053 1390 atbei
1069 1367 1145 1390 tanta
1163 1363 1300 1398 impietate
1314 1359 1436 1396 fuerunt,
1458 1367 1488 1389 ut
1516 1362 1671 1390 videntibus

887 1415 981 1435 eorum
998 1409 1081 1435 vitam
1095 1408 1257 1436 oil‘endiCulo
1270 1413 1372 1440 essent,
1390 1409 1427 1436 ita
1450 1413 1479 1436 ut
1498 1409 1526 1436 lii
1548 1408 1671 1436 dicerent

887 1454 960 1480 anxii
974 1458 1000 1481 et
1012 1454 1105 1481 dubii:
1122 1453 1191 1482 Num
1207 1454 1277 1482 Deus
1303 1454 1414 1490 respicit
1437 1454 1573 1482 humana?
1601 1454 1670 1481 Illud

887 1499 971 1531 enim,
987 1499 1123 1532 Quomodo
1139 1501 1200 1533 scit,
1216 1501 1244 1528 id
1255 1504 1307 1534 est,
1319 1500 1375 1528 Cur
1386 1501 1486 1528 dicitur
1497 1508 1528 1527 ea
1543 1507 1604 1535 quae
1616 1507 1667 1527 nos

886 1551 1008 1580 spectant
1023 1554 1188 1582 cognoscere
1214 1552 1241 1575 et
1259 1547 1465 1580 administrare,
1478 1551 1506 1574 et
1520 1554 1577 1582 quo
1590 1552 1670 1582 pacto

886 1599 976 1618 rerum
991 1599 1145 1620 nostrarum
1160 1594 1302 1621 scientiam
1313 1594 1414 1621 habet?

920 1647 977 1674 124
985 1648 1011 1675 4.
1033 1647 1100 1675 Ecce
1117 1648 1168 1682 ipsi
1181 1654 1329 1682 peccatores
1341 1653 1367 1676 et
1387 1649 1549 1676 abundantes
1575 1647 1602 1674 in
1618 1655 1669 1674 str-

885 1690 944 1716 culo
955 1690 1124 1718 obtinuerunt
1140 1690 1260 1718 divitias.
1292 1691 1409 1720 Causam
1435 1691 1556 1718 declarat
1579 1690 1666 1717 oﬂen-

885 1736 967 1764 diculi
988 1737 1139 1764 videntium
1165 1738 1266 1772 impios
1289 1739 1316 1765 in
1334 1738 1501 1765 abundantia
1522 1745 1592 1765 esse.
1610 1735 1668 1763 Hoc

885 1786 974 1809 autem
988 1782 1025 1810 ita
1042 1782 1150 1815 dicitur,
1174 1783 1238 1817 quia
1253 1783 1410 1810 diuturnam
1423 1783 1493 1810 lianc
1504 1783 1587 1810 vitam
1604 1790 1666 1809 eum

885 1825 1012 1854 felicitate
1022 1827 1135 1855 ducunt.
1146 1827 1181 1854 Et
1192 1828 1250 1854 dixi
1262 1837 1271 1855 :
1284 1827 1354 1863 Ergo
1364 1828 1420 1855 sine
1431 1835 1512 1854 causa
1521 1826 1667 1861 justiﬁmvi

884 1881 929 1899 cor
943 1881 1038 1906 mcum,
1052 1877 1104 1900 etc.
1116 1872 1182 1908 Ego,
1196 1873 1296 1908 inquit,
1321 1873 1363 1901 bis
1380 1873 1545 1908 conspectis,
1576 1876 1666 1899 mente

883 1919 1059 1954 perturbatus
1073 1927 1158 1951 eram,
1176 1927 1280 1946 mecum
1303 1924 1433 1953 reputans
1454 1927 1488 1946 ne
1503 1927 1552 1954 pro
1566 1919 1664 1946 virtute

883 1970 1024 1999 susceptus
1036 1960 1111 1992 labor
1125 1965 1229 1992 inutilis
1239 1969 1311 1992 esset
1335 1965 1414 1992 mihi.
1430 1965 1494 1992 Erat
1517 1968 1608 1991 autem
1623 1963 1664 1990 la-

882 2010 932 2037 hor
945 2010 1111 2044 huiusmodi,
1130 2010 1266 2045 justitiam
1292 2018 1437 2043 exercere,
1463 2010 1538 2037 omni
1566 2009 1664 2043 iniquo

882 2063 965 2090 opere
978 2063 1075 2090 purum
1095 2062 1166 2088 esse,
1181 2063 1231 2090 pro
1244 2056 1391 2091 pra-teritis
1403 2055 1522 2090 peccatis
1538 2062 1598 2082 sese
1613 2054 1663 2080 lla-

882 2101 983 2137 gellare
995 2101 1020 2128 in
1033 2100 1216 2134 confessione,
1233 2106 1260 2129 et
1275 2102 1309 2129 ad
1324 2109 1384 2129 eam
1402 2108 1458 2128 rem
1473 2101 1542 2128 lecto
1554 2107 1601 2128 sur
1610 2106 1666 2126 vere

882 2153 972 2177 mane,
999 2146 1032 2172 ad
1057 2153 1117 2173 sese
1136 2146 1239 2182 peccati
1264 2154 1346 2174 causa
1370 2145 1577 2173 macerandum.

919 2232 961 2258 l5.
976 2231 1005 2259 Si
1020 2232 1137 2259 dicebam
1150 2241 1159 2260 :
1176 2233 1299 2260 Narrabo
1314 2234 1371 2265 sic;
1386 2237 1585 2260 ectanattonem
1597 2232 1666 2267 ﬁlio-

883 2281 1058 2303 rumtuorum
1076 2278 1220 2313 rapi-abavi.
1235 2278 1308 2312 llmc,
1335 2279 1433 2314 inquit,
1459 2285 1565 2305 mecum
1588 2277 1664 2311 cogi-

882 2321 983 2353 tabam,
1011 2321 1034 2349 si
1061 2329 1107 2350 eas
1134 2323 1314 2357 cogitationes
1346 2331 1390 2350 me
1418 2322 1576 2350 invadentes
1604 2321 1664 2348 aliis

883 2367 1073 2394 renuntiavcro
1099 2372 1194 2401 (erant
1218 2374 1307 2396 autem
1324 2369 1376 2396 illa:
1397 2368 1490 2404 :Erga
1518 2368 1574 2394 sine
1601 2375 1665 2394 rau—

881 2419 911 2437 sa
928 2411 1070 2446 iusti/icnvi
1078 2422 1122 2440 cor
1138 2415 1245 2449 meum),
1263 2415 1417 2442 oliendiculi
1429 2415 1497 2450 ipsis
1508 2423 1589 2443 causa
1605 2422 1662 2442 ero.

882 2455 938 2483 lloc
951 2462 1042 2484 autem
1073 2466 1157 2492 agens
1187 2465 1265 2494 pacta
1287 2461 1404 2488 ﬁliorum
1421 2465 1530 2488 tuorum
1550 2464 1663 2495 praeter-

881 2509 992 2536 greSsus
1002 2511 1074 2536 sum,
1087 2504 1223 2538 iustorum
1235 2506 1360 2534 videlicet
1373 2507 1504 2533 virorum.
1533 2504 1597 2532 Haec
1611 2513 1662 2532 au-

881 2553 934 2576 tem
948 2555 1026 2577 erant
1038 2556 1116 2585 pacta
1132 2557 1301 2586 sam-torum,
1317 2558 1347 2581 ut
1366 2562 1420 2581 non
1437 2553 1489 2581 sibi
1502 2557 1597 2580 mutuo
1622 2553 1665 2579 οἵ..

880 2594 1007 2621 [endieuli
1023 2603 1104 2623 causa
1121 2602 1222 2625 essent.

916 2641 959 2669 16.
978 2641 1172 2670 Existimabam
1186 2649 1215 2671 ut
1238 2653 1417 2681 cognoscerem
1443 2645 1501 2677 hoc,
1531 2643 1606 2671 labor
1624 2648 1662 2669 est

879 2692 942 2713 ante
957 2695 1006 2714 me.
1026 2688 1093 2716 Cum
1109 2691 1306 2726 existimarem,
1333 2692 1433 2727 inquit,
1450 2696 1504 2718 tam
1529 2689 1662 2725 profunda

879 2732 981 2768 judicia
1007 2742 1050 2763 me
1080 2743 1257 2772 cognoscere,
1283 2738 1310 2765 in
1340 2738 1461 2766 laborem
1487 2743 1530 2764 me
1547 2734 1661 2770 conieci.

1482 2865 1518 2897 11
