1922 3057
257 106 306 133 55!

675 104 704 132 S.
724 104 910 132 ATHANASII
930 104 1005 133 OPP.
1027 104 1117 132 PARS
1137 104 1182 132 Ill.
1202 119 1236 125 -—-
1257 101 1461 131 EXEGETICA.

1830 105 1877 132 35‘]

257 168 319 187 cum
340 167 372 188 ea
388 159 455 188 sint‘
467 159 603 195 profunda
627 164 654 187 et
685 160 882 187 inserutahilia.
903 159 1036 187 Caeterum

1090 159 1193 194 βαθέων
1215 159 1299 185 ὄντων
1319 159 1364 184 καὶ
1381 158 1610 194 ἀνεξερευνήτων.
1628 159 1702 195 Πλὴν
1720 159 1768 186 τὸν
1786 159 1877 188 δέοντα

257 211 440 241 opportunum
454 207 521 234 mihi
541 207 575 234 ad
587 213 646 234 eam
674 205 856 241 cognitionem
869 211 974 241 tempus
993 214 1036 233 as-

257 251 431 286 lignari:est
441 258 531 280 autem
557 252 632 284 illud,
646 257 754 286 tempus
777 252 861 279 divini
879 252 1035 283 tribunalis,

257 297 365 331 quando
376 297 472 325 reddes
498 298 643 332 unicuique
669 297 818 325 secundum
842 305 923 330 opera
941 305 990 325 sua
1002 298 1035 325 ⁷⁸.

291 343 336 374 18,
353 343 396 370 l9.
405 343 588 370 Verumtamen
599 348 703 378 propter
713 343 787 370 dolos
805 344 917 378 posuisti
930 344 968 370 eis
981 352 1037 370 ma-

256 389 293 421 la,
303 393 354 416 etc.
369 388 434 423 Ego,
447 389 542 424 inquit.
552 393 735 424 opportunum
747 389 815 416 mihi
831 389 864 416 ad
881 394 1036 416 accuratam

249 441 349 461 earum
367 442 458 461 rerum
486 434 670 470 cognitionem
697 434 833 469 assignavi
856 433 977 462 futurum
997 435 1035 461 vi-

255 478 352 508 delicet
376 486 498 515 tempus;
517 488 549 508 ac
564 481 722 516 prophetico
740 481 837 516 spiritu
864 480 954 508 futura
968 488 1037 515 prte—

250 533 372 553 noscens
414 526 475 553 dico
513 526 623 554 dolosos
674 533 765 553 mores
813 526 1036 562 gravissimorum

256 573 323 607 ipsis
339 572 534 606 suppliciorum
549 573 575 599 in
600 580 682 599 causa
698 571 813 600 futuros.
834 571 893 598 Erit
918 579 1037 606 namque

255 618 308 645 illis
319 617 447 645 exaltatio
478 618 505 644 in
531 618 648 644 ruinam.
673 618 762 653 Atque
787 617 868 652 hujus
886 617 948 644 vitae
965 617 1036 644 divi-

255 664 298 691 tia:
315 664 425 699 perinde
451 663 505 691 illis
517 663 723 699 iudicabuntur,
738 669 819 699 atque
837 663 1035 692 somniantium

247 710 328 742 ‘visa,
344 709 442 737 inania
467 714 493 737 et
518 710 614 737 umbra
637 711 695 745 ipsa
716 710 877 737 iulirmiora.

285 755 329 782 9.0.
349 755 383 782 Et
393 756 419 781 in
438 756 541 782 civitate
569 761 616 783 tua
641 757 781 791 imaginem
802 755 920 790 ipsarum
947 755 981 782 ad
995 756 1036 782 ni-

254 801 337 828 hilum
352 801 461 835 rediges.
475 800 578 828 Civitas
592 801 697 828 Domini
715 809 833 836 superna
861 806 903 829 est
929 800 1037 828 Jerusa-

254 848 318 880 lem,
337 847 478 881 imaginem
501 847 628 881 ipsorum,
653 846 680 873 id
706 851 757 879 est,
786 847 897 874 terreni.
918 845 980 874 Haec
996 851 1037 874 est

253 900 344 923 autem
358 895 503 923 sententia.
531 893 767 928 Quandoquidem,
784 894 833 926 ait,
851 893 951 920 terreni
967 893 1036 920 inta-

252 943 342 978 ginem
357 945 507 976 gestarum,
524 945 551 967 et
564 947 618 967 non
629 940 748 967 ccclesiis
757 938 791 971 "',
800 939 860 966 ideo
872 938 904 965 ad
920 938 1036 965 nihilum

253 988 418 1023 redigentur,
428 987 539 1014 audient
549 987 621 1014 enim
633 993 666 1013 eo
675 991 796 1020 tempore
808 994 815 1012 :
828 983 924 1012 Nescio
939 993 982 1012 vos
994 984 1016 1000 ⁷⁷
1027 993 1034 1017 ;

254 1038 346 1069 utpote
363 1033 409 1068 qui
435 1041 488 1060 non
502 1037 597 1068 gerant
613 1031 731 1060 ccelestis
748 1031 903 1067 imaginem.

294 1119 383 1146 21-24.
413 1118 482 1151 Quia
495 1119 690 1153 inflammatum
704 1123 742 1145 est
765 1125 810 1145 cor
826 1125 909 1144 meum
921 1122 945 1144 et
963 1125 1035 1144 renes

253 1165 303 1190 mei
315 1164 467 1190 commutati
477 1167 547 1194 sunt,
560 1168 584 1189 et
599 1171 644 1198 ego
654 1163 688 1189 ad
703 1162 816 1189 nihilum
832 1162 953 1188 reduetus
966 1170 1035 1194 sum,

252 1214 276 1234 et
289 1209 396 1241 nesciri,
409 1213 463 1236 etc.
491 1207 626 1240 Quoniam
646 1207 702 1234 zelo
721 1207 822 1234 zelatur
840 1216 898 1234 sum
916 1215 963 1242 pro
980 1207 1035 1234 Da-

252 1254 324 1280 mino
341 1253 375 1287 ⁷⁸,
389 1254 426 1281 ita
440 1259 469 1281 ut
485 1261 565 1281 renes
585 1254 637 1281 mei
669 1254 847 1288 implerentur
867 1254 925 1281 zelo
953 1253 1033 1288 ignis,

251 1299 313 1326 ideo
324 1299 421 1334 dignus
443 1299 552 1326 habitus
577 1306 638 1326 sum
669 1299 715 1333 qui
731 1298 911 1331 illuminarer,
935 1303 961 1325 et
987 1305 1035 1325 co-

245 1353 410 1381 gnoscerem
424 1353 484 1380 qua:
501 1345 528 1371 in
557 1344 666 1372 civitate
695 1349 739 1372 tua
766 1349 910 1379 geruntur,
932 1348 959 1371 et
976 1351 1036 1378 quae

252 1389 397 1423 imaginem
423 1389 568 1424 impiorum
595 1393 729 1423 spectant.
758 1388 810 1417 Sed
829 1394 910 1416 antea
941 1394 970 1416 ut
991 1389 1035 1423 ju-

253 1439 373 1462 mentum
389 1435 520 1470 insipiens
535 1435 589 1461 vixi
607 1435 641 1467 ",
661 1442 723 1462 cum
739 1443 792 1462 non
812 1442 921 1469 possem
937 1434 1036 1462 divinat

250 1479 430 1516 providentia:
443 1481 563 1508 rationes
591 1481 734 1517 attingere.
752 1482 877 1508 Attamen
895 1488 949 1508 non
975 1488 990 1507 a
1010 1484 1035 1507 te

249 1527 323 1554 Deus
340 1534 426 1559 meus,
442 1526 590 1554 derelictus
603 1535 680 1560 sum,
697 1535 786 1561 neque
804 1527 893 1554 excidi
910 1533 1034 1562 spe-erga

254 1577 279 1599 te
294 1579 365 1605 mea,
377 1573 423 1600 sed
436 1581 536 1607 semper
548 1577 632 1600 tecum
648 1581 733 1601 eram.
748 1574 831 1609 quue
846 1582 900 1601 non
910 1582 969 1601 mea
984 1575 1035 1600 vir-

254 1623 319 1650 tute,
337 1618 384 1645 sed
399 1626 432 1645 ex
450 1623 495 1646 tua
511 1619 595 1653 gratia
614 1619 701 1647 elleci.
716 1619 757 1646 Tu
771 1620 843 1646 enim
863 1620 920 1654 ipse
935 1628 968 1647 ex
981 1620 1035 1647 cle-

254 1660 352 1688 mentia
367 1665 413 1688 tua
429 1668 516 1688 nteam
539 1662 678 1689 dexteram
704 1663 922 1697 apprehendens,
945 1664 1034 1691 tenui-

251 1706 285 1733 sti
314 1714 348 1733 ne
363 1711 526 1734 moveantur
542 1707 654 1742 vestigia
671 1715 742 1741 mea,
767 1715 856 1742 neque
878 1708 961 1742 pedes
981 1709 1034 1736 mei

251 1755 356 1783 nutent,
379 1758 429 1779 nec
450 1751 568 1786 amplius
587 1756 677 1779 tecum
700 1752 851 1780 consistere
863 1753 978 1788 possint.

289 1826 334 1859 25,
355 1826 401 1854 26.
415 1826 486 1860 Quid
499 1827 569 1854 enim
591 1828 656 1854 mihi
666 1833 704 1854 est
719 1827 746 1855 in
761 1828 834 1862 caelo,
860 1833 884 1855 et
896 1837 911 1855 a
927 1833 950 1856 te
971 1830 1033 1865 quia

249 1871 320 1898 volui
344 1879 422 1906 super
450 1874 641 1900 terram7etc.
671 1873 817 1906 Quoniam,
845 1875 944 1909 inquit.
967 1876 1034 1903 nihil

251 1916 316 1944 mihi
328 1917 357 1944 in
373 1918 444 1945 coelo
458 1923 500 1946 est
515 1923 613 1954 praeter
622 1924 648 1946 te
664 1920 764 1951 solum,
780 1920 844 1947 hinc
858 1928 1032 1955 consequen-

250 1967 291 1989 ter
303 1962 377 1989 nolui
390 1963 528 1997 quidpiam
542 1968 710 1992 terrenorum
731 1965 967 2001 accipere,utpote
974 1974 1034 2001 quae

252 2008 436 2043 corruptibilia
448 2009 538 2036 omnia
547 2010 602 2037 sint
616 2015 643 2037 et
655 2003 838 2045 temporanea.
851 2010 939 2039 Unum
947 2013 1034 2040 solum

250 2052 379 2086 consequi
395 2056 468 2087 opto,
478 2053 556 2088 cujus
566 2054 701 2082 desiderio
709 2057 899 2091 memetipsum
916 2065 1034 2085 macera-

252 2097 313 2124 bam
328 2097 354 2124 in
384 2103 470 2125 terra:
486 2099 551 2131 illud
564 2104 654 2126 autem
669 2103 722 2133 est,
741 2106 771 2128 ut
793 2105 821 2128 tu
850 2102 926 2130 solus
943 2104 1031 2138 portio

251 2150 310 2169 mea
324 2150 371 2170 SlS.

289 2186 334 2213 28.
351 2187 422 2220 Quia
433 2195 489 2214 ecce
503 2188 548 2222 qui
558 2187 680 2222 elongant
703 2196 730 2216 se
752 2197 768 2215 a
782 2194 804 2216 te
823 2191 956 2224 peribunt,
977 2197 1030 2219 etc.

249 2232 309 2259 Tibi
330 2233 440 2260 assidue
460 2234 663 2268 conjungimur,
686 2242 703 2261 ο
733 2235 857 2270 Domine,
884 2238 966 2272 idque
984 2238 1030 2274 ju-

248 2285 278 2304 re
301 2285 333 2305 ac
371 2279 480 2311 merito,
507 2280 584 2314 gnari
607 2279 710 2308 scilicet
743 2289 792 2309 eos
822 2283 867 2316 qui
896 2288 972 2310 extra
1004 2289 1030 2312 te

247 2323 400 2349 consistunt
417 2324 444 2350 in
462 2324 609 2358 perniciem
627 2325 714 2352 ituros
730 2325 757 2352 in
782 2326 846 2354 line.
863 2327 915 2361 Qui
939 2334 1028 2356 autem

247 2373 335 2395 tecum
350 2373 413 2395 sunt.
429 2368 527 2396 bonam
546 2371 699 2404 portionem
725 2379 937 2407 consequentur.
957 2374 1030 2402 Con-

246 2414 331 2448 tinget
357 2414 430 2440 enim
454 2414 507 2441 illis
533 2414 560 2441 in
581 2415 685 2443 caelesti
707 2415 856 2445 Jerusalem
881 2420 1022 2454 pulchram

245 2462 396 2496 portionem
414 2462 547 2489 obtinere.
564 2461 628 2490 Haec
644 2467 735 2491 autem
762 2469 816 2496 est.
847 2470 877 2493 ut
898 2467 953 2495 tuis
983 2476 1030 2496 ca-

245 2506 342 2534 nendis
366 2507 475 2542 hymnis
489 2515 597 2542 semper
619 2509 800 2537 delectentur.

401 2551 428 2578 1.
449 2551 600 2579 Intellectus
612 2554 711 2589 Asaplt.
730 2554 870 2584 LXXIII.

537 2599 736 2637 Argumentum.

243 2641 474 2677 Supplicationem
495 2644 569 2672 hisce
586 2645 659 2672 canit
672 2645 816 2681 Propheta,
832 2655 945 2677 cernens
964 2658 1029 2685 pos-

282 2690 509 2718 tremamlsraelis
517 2692 700 2726 captivitatem
711 2703 716 2720 :
731 2702 764 2720 ne
776 2702 889 2730 prorsus
898 2705 943 2724 eos
953 2706 967 2724 a
977 2706 1026 2726 sua

277 2736 445 2769 protectione
456 2736 573 2771 rejiciat,
585 2737 632 2765 sed
650 2738 789 2774 relinquat
811 2740 878 2775 ipsis
905 2743 1025 2778 aliquam

1048 1505 1069 1533 (Ξ

1086 206 1127 237 εἰς
1142 205 1191 240 τὴν
1206 204 1307 231 τούτων
1321 204 1420 238 γνῶσιν
1445 204 1614 240 πεπόρισμαι
1630 204 1742 240 ἐμαυτῷ
1763 206 1874 241 καιρόν-

1086 249 1162 282 οὗτος
1175 251 1203 276 δὲ
1218 248 1250 285 ἦν
1264 251 1277 276 ό
1291 249 1339 276 τοῦ
1353 249 1423 276 θείου
1438 249 1614 285 δικαστηρίου
1631 251 1738 287 καιρὸς,
1751 251 1798 277 ὅτε
1815 252 1877 278 ἀπο-

1086 295 1180 328 δώσεις
1195 295 1301 329 ἑκάστῳ
1311 294 1380 321 κατὰ
1391 294 1425 321 τὰ
1435 294 1502 330 ἔργα
1519 295 1612 322 αὑτοῦ.

1121 341 1208 376 Πλὴν
1228 341 1277 368 διὰ
1296 341 1350 373 τὰς
1370 340 1544 374 δολιότητας
1565 340 1664 367 αὐτῶν
1683 341 1756 368 ἔθου
1778 341 1875 373 αὐτοῖς

1086 387 1176 420 κακά,
1186 397 1212 414 κ.
1219 396 1243 414 τ.
1252 388 1276 415 λ.
1286 387 1355 422 Ἐγὼ
1363 386 1421 422 μὲν,
1429 387 1520 422 φησὶν,
1530 386 1681 421 ἐπιτήδειον
1689 386 1740 421 τῆς
1747 386 1874 422 ἀκριϐοῦς

1087 433 1265 469 περὶτούτων
1287 433 1412 468 γνώσεως
1429 432 1529 468 ἐθέμην
1551 432 1662 468 ἐμαυτῷ
1682 433 1728 459 τὸν
1748 433 1875 467 μέλλοντι

1086 480 1191 516 καιρόν·
1207 481 1291 512 ὅπως,
1308 479 1346 515 τῷ
1361 479 1521 516 προφητικῷ
1533 478 1668 514 πνεύματι
1676 480 1759 513 γνοὺς
1774 478 1810 504 τὰ
1826 478 1874 504 tif,

1088 537 1165 563 μενα,
1181 527 1261 562 φημὶ,
1274 527 1312 558 ὡς
1325 526 1399 553 αἰτία
1416 526 1521 561 πικρῶν
1538 526 1674 552 κολάσεων
1690 525 1784 556 αὐτοῖς
1798 525 1816 559 ἡ
1832 524 1872 550 τοῦ

1085 574 1185 609 τρόπου
1208 573 1329 607 δολιότης
1354 572 1509 607 γενήσεται.
1533 572 1630 598 Ἔσται
1652 571 1706 606 γὰρ
1730 570 1826 598 αὐτῶν
1839 572 1872 602 si;

1086 617 1188 645 πτῶσιν
1202 617 1233 644 τὸ
1247 617 1358 652 ὕψωμα.
1368 616 1423 643 Καὶ
1431 613 1508 648 οὗτος
1523 617 1537 643 ὁ
1552 615 1647 651 παρὼν
1659 617 1753 647 αὑτοῖς
1770 615 1872 650 κριθείη

1087 664 1202 696 πλοῦτος
1216 664 1308 699 ὥσπερ
1328 664 1361 690 ἂν
1380 663 1427 690 καὶ
1449 663 1502 689 τῶν
1519 662 1734 698 ὀνειρωττόντων
1755 663 1792 688 τὰ
1812 661 1871 695 φάς-

1087 719 1159 747 ματα
1176 711 1349 738 ἀνυπόστατα
1363 711 1409 737 καὶ
1426 710 1515 745 πάσης
1531 709 1610 740 σκιᾶς
1622 709 1819 743 ἀσθενέστερα.

1121 756 1177 783 Καὶ
1193 756 1227 782 ἐν
1240 755 1277 789 τῇ
1296 757 1382 782 πόλει
1398 762 1456 781 σου
1471 755 1528 788 τὴν
1551 754 1653 780 εἰκόνα
1675 753 1777 780 αὐτῶν
1791 753 1870 785 ἐξουη

1086 802 1237 835 ὃενὼσεις.
1249 801 1329 833 Πόλις
1345 801 1393 836 μὲν
1407 800 1453 827 τοῦ
1467 800 1570 835 Κυρίου
1585 801 1601 834 ἡ
1618 799 1673 826 ἂνω
1687 799 1871 835 Ἰερουσαλὴμ.

1087 847 1175 874 εἰκὼν
1193 847 1221 873 δὲ
1244 845 1343 873 αὐτῶν
1358 847 1374 881 ἡ
1391 845 1438 871 τοῦ
1455 844 1558 880 χοϊκοῦ.
1578 845 1610 869 Ὅ
1625 844 1652 870 δὲ
1666 844 1740 878 λέγει
1757 844 1872 870 τοιοῦτόν

1087 893 1160 919 ἐστιν
1170 900 1177 908 ·
1199 891 1307 926 Ἐπειδὴ
1323 890 1371 926 τὴν
1385 890 1431 916 τοῦ
1446 889 1539 924 χοϊκοῦ
1550 911 1557 923 ,
1579 890 1646 924 φησὶ
1657 910 1665 922 ,
1685 890 1872 925 πεφορήκασιν

1087 937 1196 969 εἰκόνα,
1213 937 1259 964 καὶ
1279 936 1309 962 οὐ
1325 936 1374 971 τὴν
1395 935 1442 962 τοῦ
1464 935 1634 971 ἐπουρανίου,
1658 935 1746 971 ταύτῃ
1764 943 1807 961 τοι
1832 935 1872 961 καὶ

1086 983 1356 1018 ἑξουδενωθήσονται·
1376 981 1536 1008 ἀκούσονται
1559 981 1612 1016 γὰρ
1636 981 1696 1007 κατ’
1715 982 1805 1007 ἐκεῖνο
1817 989 1873 1006 και-

1088 1028 1134 1064 ροῦ
1149 1037 1155 1043 ·
1173 1029 1233 1054 Οὺκ
1253 1025 1320 1054 οἶδα
1338 1027 1415 1062 ὑμᾶς
1427 1036 1434 1042 ·
1449 1028 1495 1054 ate
1511 1027 1549 1062 μὴ
1563 1026 1708 1062 φοροῦντες
1723 1027 1773 1062 τὴν
1794 1026 1872 1053 αὐτοῦ

1085 1074 1132 1101 τοῦ
1147 1073 1308 1109 ἐπουρανίου
1324 1073 1426 1100 εἰκόνα.

1122 1120 1181 1146 Ὅτι
1192 1119 1338 1152 ἐξεκαύθη
1357 1119 1376 1151 ἠ
1394 1118 1500 1153 καρδία
1507 1127 1576 1152 μου,
1591 1118 1640 1144 καὶ
1654 1119 1681 1145 οι
1696 1118 1801 1152 νεφροί
1816 1127 1871 1152 μου

1086 1162 1306 1196 ἡλλοιὼθησαν,
1323 1163 1402 1197 κάγὼ
1422 1161 1660 1197 ὲξουδενωμένος
1672 1183 1679 1193 ,
1703 1162 1751 1189 καὶ
1764 1164 1821 1189 οὐκ
1829 1163 1872 1197 ἕτ-

1085 1217 1154 1240 νων,
1165 1217 1190 1236 κ.
1198 1216 1223 1235 τ.
1230 1208 1254 1235 λ.
1263 1208 1370 1243 Ἐπειδὴ
1376 1207 1472 1242 (nam
1480 1208 1611 1242 éGiwaa
1621 1208 1772 1243 τῷΚῳίῳ,
1780 1209 1820 1241 ὡς
1830 1209 1872 1236 καὶ

1085 1254 1134 1289 τὴν
1150 1253 1261 1289 καρδίαν
1276 1254 1322 1280 καὶ
1338 1254 1400 1285 τοὺς
1416 1254 1530 1289 νεφροὺς
1546 1255 1721 1290 πληρωθῆναι
1739 1255 1814 1290 ζήλῳ
1828 1264 1871 1281 πυ-

1087 1299 1143 1335 ρὸς,
1160 1298 1253 1326 τούτου
1278 1300 1356 1335 χάριν
1370 1299 1489 1334 ἠξιώθην
1509 1300 1676 1334 φωτισῧῆναι
1701 1301 1749 1327 καὶ
1773 1300 1871 1334 γνῶναι

1086 1345 1119 1371 τὰ
1132 1346 1195 1380 περὶ
1207 1344 1256 1380 τῆς
1270 1345 1319 1380 σῆς
1334 1345 1437 1377 πόλεως
1451 1346 1631 1381 πεποιημένα,
1643 1347 1688 1372 καὶ
1702 1347 1736 1373 τὰ
1747 1347 1814 1382 περὶ
1827 1347 1870 1380 τῆς

1086 1390 1189 1421 εἰκόνος
1209 1390 1262 1417 τῶν
1288 1390 1404 1418 ἀσεῦὦν.
1427 1390 1507 1417 Ἀλλὰ
1530 1391 1609 1426 δίκην
1637 1393 1752 1427 κτήνους
1776 1392 1870 1424 ἀλόγου

1085 1436 1222 1462 διετέλεσα
1237 1436 1379 1472 πρότερον,
1397 1436 1433 1472 μὴ
1445 1436 1592 1471 δυνάμενος
1606 1437 1745 1463 ἐπιϐαλεῖν
1757 1439 1812 1470 τοῖς
1826 1438 1870 1473 τῆς

1087 1481 1217 1516 Προνοίας
1241 1481 1340 1515 λόγοις.
1368 1480 1463 1517 Ὅμως
1485 1482 1534 1509 οὐκ
1555 1482 1729 1519 ἀπελιπόμην
1757 1484 1804 1509 σοῦ
1826 1483 1868 1510 τοῦ

1085 1526 1163 1558 Θεοῦ,
1178 1527 1238 1552 οὐδὲ
1262 1526 1406 1559 ἐξέπιπτον
1431 1529 1479 1563 τῆς
1501 1528 1547 1555 ἐπὶ
1564 1528 1593 1555 σὲ
1609 1529 1714 1561 ἐλπίδος
1725 1535 1734 1545 ⁸
1751 1531 1869 1565 συνήμην

1085 1572 1113 1599 δέ
1128 1581 1178 1600 σοι
1192 1572 1365 1606 διαπαντός.
1381 1575 1436 1601 Καὶ
1450 1575 1528 1601 τοῦτο
1541 1575 1674 1610 ἔπραττον
1690 1576 1740 1602 οὐκ
1760 1576 1789 1609 ἐξ
1804 1577 1869 1611 ἐμῆς

1085 1618 1224 1652 δυνάμεως
1236 1639 1243 1652 ,
1262 1619 1318 1645 ἀλλ’
1332 1621 1364 1646 ἐκ
1379 1620 1428 1652 τῆς
1446 1620 1495 1654 σῆς
1517 1622 1636 1656 χάριτος.
1655 1621 1690 1648 Σὺ
1713 1621 1766 1657 γὰρ
1781 1622 1866 1653 αὐτὸς,

1084 1665 1117 1698 τῇ
1134 1664 1231 1690 σαυτοῦ
1249 1664 1437 1701 φιλανθρωπίᾳ
1456 1667 1507 1700 τῆς
1522 1667 1590 1702 ἐμῆς
1610 1666 1701 1699 δεξιᾶς
1713 1667 1868 1702 amissaa;-

1085 1716 1140 1739 νος,
1155 1709 1275 1743 συνεῖχες
1292 1709 1339 1735 καὶ
1354 1710 1528 1746 συνεκράτεις
1540 1711 1606 1747 πρὸς
1622 1712 1653 1738 τὸ
1671 1711 1708 1747 μὴ
1723 1712 1867 1747 διασεισθῆ-

1085 1753 1127 1779 ναί
1149 1762 1199 1788 μου
1215 1754 1248 1780 τὰ
1262 1754 1428 1790 διαδήματα,
1444 1757 1510 1792 μηδὲ
1526 1757 1588 1790 τοὺς
1604 1757 1687 1789 πόδας
1699 1767 1750 1793 μου
1763 1759 1866 1785 σαλεύε-

1087 1799 1147 1825 σθαι
1159 1800 1208 1834 τῆς
1223 1801 1297 1835 παρὰ
1311 1801 1353 1827 σοὶ
1368 1802 1499 1834 στάσεως.

1123 1845 1154 1871 Τί
1168 1844 1222 1879 γάρ
1230 1855 1279 1880 μοι
1288 1846 1411 1881 ὑπάρχει
1419 1849 1454 1874 ἐν
1465 1848 1505 1882 τῷ
1514 1850 1640 1884 οὐρανῷ.
1656 1852 1705 1878 καὶ
1719 1852 1800 1887 παρὰ
1814 1852 1865 1879 om?

1085 1889 1310 1924 τίήθέλησαέπὶ
1326 1892 1390 1927 γῆς,
1399 1902 1425 1920 κ.
1434 1903 1458 1920 τ.
1466 1894 1491 1922 λ.
1508 1895 1607 1932 Επειδὴ
1620 1896 1694 1923 οὐδέν
1709 1906 1765 1933 μοι,
1780 1900 1865 1933 φησιν,

1085 1936 1202 1971 ὑπάρχει
1218 1937 1246 1964 ὲν
1265 1937 1304 1972 τῷ
1319 1939 1435 1974 οὐρανῷ,
1451 1939 1520 1976 πλὴν
1535 1941 1581 1968 σοῦ
1604 1942 1695 1977 μόνου,
1716 1944 1867 1977 ἀναγκαίως

1084 1981 1143 2007 οὐδέ
1159 1990 1185 2008 τι
1198 1982 1252 2009 τῶν
1268 1984 1314 2010 ἐπὶ
1331 1984 1383 2019 γῆς
1403 1985 1523 2021 ἠθέλησα
1535 1987 1660 2020 δέξασθαι
1676 1988 1723 2015 ἆτε
1745 1989 1866 2025 φθαρτῶν

1084 2027 1167 2053 ὄντων
1188 2028 1315 2056 ἁπάντων
1330 2031 1375 2056 καὶ
1389 2032 1572 2068 προσκαίρων.
1595 2034 1668 2066 Ἐνὸς
1681 2035 1710 2061 δὲ
1729 2036 1812 2070 μόνου
1827 2036 1867 2070 ηὑ-

1085 2073 1170 2108 χόμην
1187 2075 1287 2109 τυχεῖν,
1302 2075 1348 2102 καὶ
1360 2076 1399 2111 τῷ
1411 2076 1505 2103 τούτου
1522 2077 1595 2113 πόθῳ
1610 2079 1777 2115 κατέτρυχον
1791 2082 1866 2115 tyrr

1083 2118 1129 2144 τὸν
1145 2118 1191 2144 ἐπὶ
1207 2119 1256 2153 τῆς
1269 2119 1334 2154 γῆς·
1353 2121 1430 2147 τοῦτο
1443 2121 1471 2148 δέ
1488 2122 1544 2148 ἐστι
1561 2122 1590 2148 τὸ
1603 2123 1631 2149 σὲ
1649 2124 1747 2159 μερίδα
1765 2133 1811 2158 μοι
1825 2126 1865 2151 καὶ

1049 2171 1070 2199 D
1087 2162 1169 2196 μόνην
1184 2163 1320 2196 γενέσθαι.

1126 2207 1197 2234 Ἰδοὺ
1210 2208 1254 2234 ὅτι
1267 2210 1294 2235 οἱ
1305 2211 1510 2244 μακρύνοντες
1522 2212 1646 2245 ἑαυτοὺς
1660 2213 1720 2240 ἀπὸ
1740 2214 1799 2241 σοῦ
1821 2214 1867 2240 ἀπ-

1084 2253 1233 2286 ολοῦνται,
1241 2263 1267 2281 κ.
1277 2263 1300 2280 ν.
1310 2254 1334 2283 λ.
1341 2255 1396 2290 Τῆς
1404 2256 1451 2290 σῆς
1459 2256 1783 2293 ἀντεχόμην,ὧΔέσπατα,
1794 2268 1867 2286 συνα-

1085 2299 1173 2333 φείας,
1194 2300 1268 2335 φησί·
1284 2302 1329 2327 καὶ
1342 2302 1420 2328 τοῦτο
1433 2303 1516 2334 καλῶ,
1532 2303 1619 2336 εἰδὼς,
1634 2305 1672 2336 ὡς
1684 2305 1739 2332 τῶν
1755 2305 1808 2337 ἔξω
1824 2305 1865 2331 σοῦ

1084 2345 1269 2379 τυγχανόντων
1286 2346 1395 2383 ὄλεθρος
1410 2348 1484 2375 ἔσται
1502 2349 1532 2375 τὸ
1544 2350 1681 2385 πέρας.οἱ
1699 2351 1727 2377 δὲ
1746 2352 1864 2382 συνόντες

1085 2388 1189 2422 ἀγαθὴν
1212 2389 1299 2422 ἕξουσι
1327 2391 1433 2426 μερίδα.
1453 2393 1625 2429 Συμῆήσεται
1641 2395 1696 2430 γὰρ
1715 2397 1826 2428 αὐτοῖς,
1840 2397 1864 2421 ἐν

1085 2433 1116 2467 τῇ
1144 2433 1294 2469 ἐπουρανίῳ
1316 2437 1470 2471 γενομένοις
1492 2439 1684 2475 Ἰερουσαλὴμ,
1712 2442 1761 2476 τὴν
1787 2442 1863 2476 καλὴν

1086 2477 1182 2512 μερίδα
1197 2479 1383 2516 κληρονομεῖν.
1397 2483 1470 2519 Αὕτη
1483 2484 1511 2512 δέ
1524 2485 1582 2511 ἐστι
1595 2486 1624 2512 τὺ
1636 2489 1692 2518 τοῖς
1706 2490 1763 2519 σοῖς
1777 2488 1862 2523 ὕμνοις

1084 2524 1218 2559 ὲντρυφᾷν
1234 2526 1288 2553 ἀεί.

1264 2571 1419 2606 Συνέσεως
1437 2575 1477 2607 τῷ
1498 2577 1600 2611 Ἀσάφ.
1623 2577 1688 2604 οΓ¹.

1394 2619 1554 2653 Ὑπόθεσις.

1087 2659 1236 2696 Ἵκετηρίαν
1257 2662 1286 2688 ἐν
1303 2663 1407 2696 τούτοις
1418 2666 1432 2690 ὁ
1449 2670 1591 2702 προφήτης
1604 2668 1672 2703 ᾄδει,
1691 2669 1740 2704 τὴν
1757 2670 1860 2704 ἔσχατον

1116 2706 1186 2741 ὀρῶν
1198 2708 1385 2743 αἰχμαλωσίαν
1396 2711 1443 2737 τοῦ
1465 2713 1585 2748 Ἰσραήλ·
1600 2714 1674 2745 ὅπως
1686 2715 1719 2742 ἂν
1736 2716 1773 2751 μὴ
1789 2717 1826 2745 εῖὲ
1835 2714 1859 2751 Ea

1118 2751 1245 2784 παντελὲς
1255 2753 1353 2786 αὐτοὺς
1365 2755 1442 2792 ἐξέλῃ
1456 2757 1505 2792 τῆς
1519 2758 1586 2792 πρὸς
1601 2759 1681 2786 αὑτὸν
1693 2747 1856 2790 οἰκειώσειιξ.

285 2800 310 2818 ⁷³
330 2801 407 2830 llom.
428 2811 459 2837 ιι,
475 2803 502 2832 6.
535 2805 581 2832 "l
597 2805 658 2834 Cor.
676 2815 719 2841 xv,
739 2807 784 2836 49.
823 2810 845 2826 ⁷⁷
864 2809 959 2840 Matth.
982 2821 1040 2848 xxv,

1090 2815 1111 2842 Β.
1139 2800 1172 2832 ’⁷⁸
1187 2817 1220 2845 ΙΙΙ
1239 2819 1304 2854 Reg.
1321 2821 1427 2853 xm“).
1467 2824 1489 2841 ⁷⁹
1507 2824 1577 2852 Psal.
1589 2832 1661 2852 Lm:
1688 2826 1732 2853 9.5.
