1922 3057
81 143 132 170 353

599 144 781 173 EXPOSI'I‘IO
800 145 834 172 IN
854 145 1017 174 PSALMUM
1036 146 1151 175 LXXIII.

1641 148 1693 175 35‘

113 198 262 234 καταλείπῃ
276 198 304 224 δέ
325 206 386 225 τινα
407 198 499 229 αὐτοῖς
517 199 556 230 εἰς
572 200 707 236 σωτηρίαν
720 202 844 237 ἀφορμήν

945 203 1040 231 salutis
1055 203 1138 230 viam.
1154 203 1286 232 Describit
1299 203 1381 239 porro
1402 204 1538 232 excidium
1559 204 1637 231 urbis
1656 211 1688 230 ac

112 243 258 279 Δια-γράφει
274 243 302 269 δὲ
316 244 362 269 καὶ
381 243 429 279 τὴν
447 244 547 271 ἅλωσιν
563 245 612 281 τὴν
633 246 774 282 συμϐᾶσαν
789 248 857 283 αὐτῇ

113 296 142 314 τε
156 289 188 323 τῇ
205 287 277 314 πόλει
293 288 339 314 καὶ
350 288 389 323 τῷ
404 288 469 324 θείῳ
486 289 552 326 ναῷ.

113 334 172 360 Ἵνα
186 335 223 366 τί,
238 335 254 360 ὁ
274 333 355 367 Θεὸς,
372 334 482 362 ἀπώσω
497 337 541 367 είς
557 336 660 370 τέλος;
675 337 786 373 Ὅμοιον
801 338 856 374 τῷ·

83 379 214 413 Ἕφθασεν
236 379 278 405 ἐπ’
296 380 393 411 αὐτοὺς
407 381 423 415 ἡ
437 381 504 416 ὀργὴ
519 381 569 416 ἤδη
590 383 629 414 εις
646 383 729 415 τέλος.
752 385 789 410 Οὐ
806 385 859 420 γὰρ

79 423 116 450 [rt
130 424 284 450 ἀνάπαυλαν
300 424 405 456 ἕξονται
420 425 473 452 τῶν
491 426 593 454 κακῶν.

112 470 262 504 Μνήσθητι
278 470 333 504 τῆς
352 471 532 506 συναγωγῆς
553 481 602 499 σοι
617 471 655 508 ἧς
670 473 787 507 ἐκτήσω
807 475 858 501 ἀπ’

77 515 178 550 ἀρχῆς.
204 516 254 542 Διὰ
271 516 325 542 τῶν
352 517 476 553 Ἀὖραὰμ
500 519 545 544 καὶ
563 519 654 546 Ἰσαὰκ
676 519 723 546 καὶ
750 520 856 548 Ἰακώϐ.

85 561 251 596 Ἐλυτρώσω
272 561 372 595 ῥάϐδῳ
396 563 454 597 τὴν
476 565 676 598 κληρονομίαν
698 573 765 592 σου.
792 566 857 593 Ἀπὸ

78 608 161 634 κοινοῦ
175 608 214 633 τό·
236 608 378 643 Μνήσθητι
395 606 430 644 ἦς
452 608 597 645 ὲλυτρώσω
621 610 711 646 ῥάϐδῳ
733 612 858 648 κληρονο-

80 653 139 687 μίας
153 659 197 678 σου
208 661 215 668 ·
233 653 356 678 τουτέστι
371 652 552 688 κληρονομίας
564 655 604 685 εἰς
615 654 747 689 βασίλειον
761 657 857 691 ηὐτρε-

79 699 211 733 πισμένης,
229 698 291 724 καθ’
303 698 317 723 ὃ
338 699 404 734 πρὸς
420 699 516 731 αὐτοὺς
532 700 648 736 εἴρηται·
677 701 790 727 Ἐσεσθέ
811 710 856 737 μοι

80 743 106 776 ἐξ
124 744 246 770 ἁπάντων
270 744 324 771 τῶν
349 744 434 771 ὲθνῶν
455 745 533 779 γένος
553 746 696 778 ἐκλεκτὸν,
722 747 855 782 βασίλειον

78 787 227 822 ἱεράτευμα.
255 789 341 822 Ὄρος
368 788 445 815 Σιὼν
469 789 558 816 τοῦτο
584 790 600 816 ὃ
623 791 855 825 κατεσκήνωσας

77 831 202 865 ἑναὺτῷ.
219 833 270 860 Διὰ
289 834 319 860 τὺ
340 834 530 868 ἐπιφαίνεσθαι
549 836 578 862 ὲν
595 836 634 871 τῷ
656 836 720 871 θείῳ
736 837 791 872 ναῷ
810 839 854 865 τὸν

75 877 147 905 Θεύν.

111 924 234 959 Ἔπαρον
247 925 302 958 τὰς
318 925 419 960 χεῷάς
433 933 491 953 σου
509 927 558 954 ἐπὶ
577 927 630 960 τὰς
646 929 850 962 ὑπερηφανίας

75 968 165 996 αὐτῶν
176 971 218 1002 είς
237 971 336 1003 τέλος.
357 970 417 998 Τῶν
442 973 756 1009 καταστρατευσαμένων
780 974 850 1000 κατὰ

76 1013 118 1040 τοῦ
131 1014 198 1040 θείου
211 1014 290 1041 ναοῦζ

112 1061 163 1086 Kal
176 1060 424 1094 ὲνεκαυχήσαντο
447 1063 474 1089 οι
499 1061 662 1096 μισοῦντές
674 1070 710 1090 σε
723 1063 849 1098 ἐνμέσῳ

76 1103 124 1138 τῆς
133 1104 235 1139 ἑορτῆς
254 1113 326 1133 σου.
339 1106 447 1142 Ἐπειδὴ
463 1108 491 1133 ὲν
505 1107 544 1142 τῷ
559 1108 656 1142 Πάσχα
665 1109 697 1144 τῇ
713 1109 792 1145 ἑορτῇ
803 1110 848 1136 τὸν
872 1131 875 1135 .

75 1150 137 1176 κατά
152 1150 197 1177 τοῦ
218 1151 324 1187 Κυρίου
339 1152 442 1187 ἤραντο
463 1153 590 1188 πόλεμον,
607 1153 701 1180 τούτου
725 1154 803 1190 χάριν
819 1156 848 1181 ὲν

75 1196 141 1231 αὐτῷ
161 1196 198 1231 τῷ
223 1197 313 1233 καιρῷ
336 1199 391 1230 τοῖς
420 1199 559 1234 πολεμίοις
585 1201 780 1236 παρεδόθησαν.
803 1201 848 1236 Τῷ

74 1241 122 1276 γὰρ
138 1242 230 1277 Πάσχα
252 1243 429 1278 συνηγμένων
454 1244 524 1271 κατὰ
549 1244 595 1271 τὸν
615 1246 695 1280 νόμον
711 1245 767 1272 τῶν
783 1247 847 1273 Ἰου-

74 1286 146 1313 δαίων
161 1288 299 1320 ἁπάντων,
319 1289 336 1322 ἡ
359 1289 500 1325 πολιορκία
520 1290 665 1326 γεγένηται
685 1291 795 1324 δικαίως
818 1293 846 1319 ὲν

73 1327 93 1364 ᾧ
107 1333 188 1368 καιρῷ
205 1333 249 1360 καὶ
267 1333 307 1369 τῷ
323 1335 431 1370 σταυρῷ
443 1335 487 1362 τὸν
502 1336 615 1370 Σωτῆρα
632 1337 819 1373 προσήλωσαν.

107 1378 218 1405 Ἔθεντο
234 1379 272 1406 τὰ
290 1380 398 1413 σημεῖα
413 1380 512 1407 αὐτῶν
528 1381 645 1416 σημεῖα.
664 1382 704 1409 Τὰ
727 1382 847 1418 σύμϐολα

75 1431 132 1458 φησι
145 1424 188 1450 τοῦ
206 1425 270 1451 πολέ
276 1433 341 1460 μουθ
356 1425 429 1460 λέγει
448 1426 476 1453 δὲ
488 1426 522 1453 τὰ
534 1427 687 1463 καλούμενα
704 1429 778 1461 παρὰ
791 1430 846 1462 τοῖς

76 1469 246 1504 στρατεύμασι
265 1469 355 1504 σῐγνα,
372 1471 412 1497 ὅτι
432 1471 523 1498 ἔθεντο
539 1473 578 1503 εἰς
593 1472 643 1507 τὴν
659 1472 716 1499 ὁδὸν
734 1472 783 1507 τῆς
796 1473 845 1499 πό-

74 1513 140 1546 λεως.
162 1516 213 1542 Καὶ
238 1517 270 1543 οὐ
302 1517 383 1552 μέχρι
411 1517 514 1544 τούτων
539 1518 676 1554 ἔστησαν·
706 1519 774 1546 ἀλλὰ
798 1520 845 1546 καὶ

75 1559 238 1595 ὑπερήλαντο,
259 1562 339 1596 φησι,
353 1562 476 1589 τουτέστι
491 1563 539 1589 καὶ
561 1564 601 1595 εἰς
616 1564 696 1590 αὐτὸν
716 1564 762 1590 τὸν
776 1565 845 1592 θεῖον
859 1556 880 1585 C

74 1604 128 1630 ναὸν
146 1607 335 1642 εἰσεπήδησαν,
353 1608 383 1634 οὐ
401 1608 579 1642 γινώσκοντες
591 1629 598 1640 ,
620 1610 661 1636 ὅτι
687 1609 751 1641 Θεὸς
774 1609 807 1645 ἦν
832 1611 846 1638 ὁ

75 1651 223 1685 παραδιδοὺς
236 1653 286 1688 τὴν
301 1653 378 1679 πόλιν
395 1654 485 1686 αὐτοῖς
502 1654 545 1680 διὰ
563 1654 613 1690 τὴν
636 1654 689 1682 τῶν
711 1656 846 1683 ἐνοικούν-

75 1703 121 1722 των
132 1696 260 1725 ἀσέϐειαν.
283 1699 350 1726 "At:
369 1700 400 1735 δὴ
417 1699 495 1726 τοῦτο
511 1701 693 1736 ἀγνοήσαντες
706 1721 713 1734 ,
732 1702 781 1737 τὴν
797 1703 845 1738 μὲν

74 1741 164 1769 οἰκείαν
176 1744 374 1780 ἀπεθαύμασαν
387 1745 510 1782 δύναμιν,
525 1746 666 1773 ἀσθένειαν
681 1747 709 1774 δὲ
724 1748 844 1783 κατεψη-

76 1787 169 1820 φίζοντο
191 1790 236 1817 τοῦ
256 1791 285 1817 ὲν
301 1791 341 1826 τῷ
362 1792 426 1827 θείῳ
439 1792 495 1827 ναῷ
509 1793 746 1828 προσκυνουμένου
765 1794 842 1820 Θεοῦ.

75 1833 114 1859 Διὸ
134 1835 230 1870 προϊών
250 1845 334 1872 φησιν
347 1845 355 1851 '
374 1838 448 1870 Ἕως
472 1838 557 1870 πότε,
576 1840 675 1872 Κύριε,
694 1840 814 1867 ὀνειδιεῖ
827 1843 844 1867 ὀ

75 1878 182 1913 ἐχθρός;
203 1883 240 1909 Τὸ
259 1883 289 1910 δὲ
308 1883 533 1910 ἀναδιπλασιάσαι
551 1884 580 1910 ἐν
595 1884 634 1920 τῷ
649 1886 844 1920 κατονομάζειν

75 1924 104 1950 τὰ
115 1927 206 1960 σημεῖα
222 1927 462 1963 ἀποθαυμάζοντος
474 1929 516 1965 εἴη
531 1929 589 1962 πῶς
600 1931 614 1957 ὁ
628 1930 697 1963 θεῖος
709 1932 771 1963 ναὸς
784 1933 844 1963 ταῖς

75 1968 120 1994 τῶν
133 1971 262 2006 πολεμίων
275 1972 409 2008 παρεδόθη
426 1973 528 2008 χερσίν.

108 2014 149 2048 Ὡς
164 2017 196 2043 ὲν
216 2017 318 2052 δρυμῷ
342 2017 443 2050 ξύλων
470 2018 586 2052 ἀξίναις
612 2019 762 2053 ἐξέκοψαν
790 2019 842 2053 τὰς

76 2060 154 2094 θύρας
168 2063 270 2098 αὐτῆς,
280 2073 307 2090 κ.
317 2073 342 2091 τ.
352 2064 382 2091 λ.’
394 2065 543 2100 Διαγράφει
556 2066 585 2092 ὲν
593 2065 841 2102 τοῖςπροκειμένοις

75 2105 116 2140 τῆς
131 2115 158 2133 τε
178 2108 278 2140 πόλεως
291 2109 338 2135 τοῦ
354 2118 384 2136 τε
405 2109 476 2136 θείου
494 2110 557 2136 ναοῦ
573 2110 621 2145 τὴν
638 2112 838 2146 καταστροφήν.

80 2152 246 2190 ’Υλοτομικοῖς
272 2157 320 2182 καὶ
345 2159 510 2189 τεκτονικοῖς
540 2157 664 2192 ὀργάνοις
686 2156 837 2192 χρώμενοι,

75 2199 114 2224 καὶ
128 2201 185 2232 τοὺς
199 2201 356 2236 περιῦόλους
380 2202 509 2228 κατέλυον
519 2223 526 2235 ,
540 2203 587 2229 καὶ
612 2202 665 2228 τῶν
682 2202 774 2229 οἰκιῶν
787 2201 837 2233 τὰς
852 2222 875 2250 D

76 2243 147 2279 Θύρας
170 2246 341 2279 συνέκοπτον,
355 2247 389 2273 τὰ
413 2246 441 2274 εὖ
463 2247 510 2274 καὶ
529 2247 619 2279 καλῶς
641 2248 782 2283 ἠσκημένα
798 2247 835 2279 ὠς

74 2287 161 2323 δρυμὸν
174 2289 380 2325 διαφθείροντες.

109 2332 292 2368 Ἐνεπύρισαν
299 2335 333 2361 ἐν
342 2335 411 2369 πυρὶ
422 2334 455 2362 τὸ
464 2334 656 2369 ἀτιαστήριόν
662 2343 730 2367 σου,
738 2344 764 2362 κ.
774 2343 798 2362 τ.
807 2335 832 2362 λ.

76 2377 140 2405 Μετὰ
154 2380 248 2416 πολλῆς
268 2381 424 2412 ἐπελθόντες
446 2383 510 2416 ἡμῖν
528 2382 577 2417 τῆς
597 2382 736 2417 συμφορᾶς
749 2402 756 2412 ,
787 2382 835 2408 ἕνα

76 2425 161 2452 σκοπὸν
174 2424 252 2461 εἶχον,
263 2427 307 2454 τὸν
316 2425 368 2454 ὑπὸ
379 2427 424 2453 σοῦ
434 2427 573 2463 δεδομένον
584 2427 733 2454 καταλῦσαι
741 2427 832 2462 νόμον.

75 2469 114 2495 Διὰ
121 2470 168 2506 γὰρ
176 2471 346 2506 τῶν-ἑορτῶν
352 2473 401 2508 τὴν
409 2474 477 2500 κατὰ
485 2475 565 2509 νόμον
571 2473 696 2508 λατρείαν
705 2473 831 2508 ἐδήλωσε.

75 2514 152 2542 Ταῦτα
164 2517 199 2546 δὲ,
216 2519 306 2554 φησιν,
319 2519 449 2555 ἐτόλμων,
465 2521 532 2555 μήτε
545 2519 595 2550 τὰς
609 2518 719 2545 ἐπὶτῶν
736 2519 834 2553 προγό-

74 2567 119 2584 νων
133 2562 204 2596 ήμῶν
225 2564 338 2598 ὁρῶντες
359 2565 585 2601 θαυματουργίας,
601 2566 668 2600 μήτε
690 2564 742 2591 ὑπὸ
765 2573 833 2599 προ-

75 2607 178 2642 φητικῆς
195 2608 361 2645 ἐλεγχόμενοι
381 2611 500 2646 χάριτος,
517 2611 539 2636 Τ
540 2601 624 2637 οὖτων
640 2610 694 2646 γὰρ
708 2610 833 2636 ἁπάντων

75 2649 185 2687 ἐξαίφνης
199 2656 364 2692 κατέστησαν
387 2657 494 2692 ἔρημοι.
511 2657 598 2683 Πάλαι
620 2656 673 2692 γὰρ
696 2656 743 2682 καὶ
765 2655 833 2691 μετὰ

74 2694 116 2729 τὴν
129 2697 246 2726 ἐπάνοδον
260 2701 335 2736 ἔσχον
347 2704 498 2738 προφήτας,
513 2703 559 2729 τὸν
577 2703 710 2737 Ἀγγαῖον,
725 2702 769 2729 τὸν
781 2703 833 2728 Ζα-

74 2742 173 2776 κερέαν,
186 2745 229 2771 τὸν
243 2747 393 2783 Μαλαχίαν.
408 2748 461 2776 Καὶ
476 2757 499 2775 οι
515 2749 616 2776 τούτων
635 2748 663 2775 δὲ
683 2748 832 2784 πρεσϐύτε-

104 2843 123 2859 '°
134 2844 143 2871 Ι
154 2845 220 2874 Petr.
234 2856 263 2882 ιι,
279 2850 305 2877 9.

945 249 1030 276 divini
1044 250 1147 285 templi.

945 335 979 363 Ut
1003 337 1075 372 quid,
1100 337 1181 371 Deus,
1208 338 1327 373 repulisti
1349 338 1377 365 in
1403 339 1503 373 liuent?
1529 337 1623 365 Simile
1647 342 1689 366 est

908 380 969 408 illi:
998 381 1123 409 Pervenit
1148 382 1181 408 ad
1209 390 1256 410 eos
1278 383 1317 410 ira
1342 383 1399 418 jam
1427 391 1513 418 usque
1542 384 1568 410 in
1591 383 1683 412 linem.

908 425 966 453 Non
991 426 1063 453 enim
1085 426 1203 461 amplius
1225 427 1347 462 requiem
1368 428 1633 456 habebuntamalis.

941 472 969 499 2.
990 472 1089 499 Memor
1101 478 1156 499 esto
1173 474 1382 508 congregationis
1400 479 1452 502 tua:
1462 483 1540 509 quam
1567 475 1686 510 possedi-

907 519 942 545 sti
959 518 991 545 ab
1006 519 1092 545 initio.
1110 519 1160 546 Per
1170 519 1317 552 Abraham,
1333 520 1407 548 Isaac
1430 526 1456 548 et
1482 521 1577 549 Jacob.
1601 521 1685 549 Rede-

907 564 978 590 miin
992 564 1064 600 virga
1084 565 1264 592 hwreditatem
1288 566 1372 604 tuam.
1394 566 1421 594 In
1435 574 1581 595 commune
1608 568 1686 603 poni-

906 613 950 636 tur
960 609 1041 636 illud:
1058 609 1161 637 Memor
1176 616 1234 638 esto
1248 611 1411 640 haereditatis
1435 618 1497 644 tuae,
1515 621 1597 648 quam
1611 614 1685 648 virga

906 654 1061 689 redemisti;
1075 655 1101 682 id
1119 656 1170 688 est,
1183 657 1349 685 hmreditatis
1359 659 1393 685 ad
1406 666 1518 694 regnum
1537 660 1685 692 adornatae,

905 705 935 727 ut
943 701 1043 728 dictum
1056 706 1097 729 est
1109 702 1161 729 illis
1171 703 1194 718 '°
1204 711 1210 729 :
1220 702 1301 731 Erilis
1310 704 1375 731 mihi
1385 712 1417 732 ex
1424 705 1552 733 omnibus
1561 706 1686 740 gentibus

905 754 989 782 genus
998 747 1124 781 electum,
1134 748 1222 783 regale
1231 750 1424 777 sacerdotium.
1438 749 1513 778 Mons
1523 750 1587 777 Sion
1597 751 1622 777 in
1631 759 1682 786 quo

905 791 1031 818 Itabitasti
1058 793 1085 819 in
1105 795 1148 820 ‘eo.
1174 792 1244 826 Quia
1264 793 1336 822 Deus
1355 795 1382 822 in
1407 795 1499 823 divino
1519 797 1617 831 templo
1637 804 1681 832 ap-

905 843 938 872 pa
943 837 1006 864 ruit.

866 881 888 908 B

938 939 965 966 5.
978 938 1047 966 Leva
1062 947 1154 968 manus
1173 945 1231 968 tuas
1247 943 1273 968 in
1290 942 1424 976 superbia:
1437 950 1526 970 eorum
1553 943 1580 970 in
1593 944 1681 978 ﬁnem.

903 981 1002 1009 Eorum
1019 983 1066 1017 qui
1083 989 1177 1011 contra
1194 985 1316 1012 divinum
1341 986 1470 1021 templum
1497 987 1598 1015 bellum
1616 996 1677 1023 ges-

902 1033 1006 1056 serunt.

936 1074 963 1102 4.
973 1074 1006 1101 Ει
1017 1075 1125 1109 gloriati
1139 1082 1198 1104 sunt
1211 1077 1255 1112 qui
1269 1077 1378 1104 oderunt
1392 1079 1451 1105 tein
1467 1079 1551 1105 medio
1558 1079 1683 1107 solemni-

902 1120 964 1146 tatis
979 1125 1040 1147 tute.
1050 1120 1118 1154 Quia
1128 1121 1155 1148 in
1173 1122 1343 1150 solemnitate
1354 1122 1465 1150 Pascha:
1476 1123 1575 1151 bellum
1588 1129 1682 1152 contra

901 1160 1046 1192 Dominum
1066 1167 1231 1199 excitarunt,
1248 1167 1308 1194 ideo
1324 1175 1356 1195 eo
1369 1168 1428 1203 ipso
1447 1173 1567 1204 tempore
1591 1170 1682 1197 inimi-

901 1211 940 1238 cis
955 1212 1011 1239 suis
1022 1213 1113 1240 traditi
1130 1217 1203 1240 sunt.
1215 1213 1283 1241 Nam
1307 1215 1335 1241 in
1353 1213 1485 1243 Paschate
1512 1215 1682 1252 congregatis

901 1258 1050 1285 secundum
1077 1259 1164 1294 legem
1191 1259 1292 1288 Iudaeis
1315 1261 1452 1294 omnibus,
1471 1262 1576 1290 obsidio
1592 1264 1680 1298 posita

899 1306 951 1334 est,
966 1303 1061 1337 etjure
1074 1303 1193 1338 quidem,
1209 1312 1241 1331 eo
1258 1305 1317 1339 ipso
1346 1309 1468 1340 tempore
1482 1313 1537 1341 quo
1559 1306 1682 1335 Salvato-

899 1352 955 1374 rem
973 1348 1046 1375 cruci
1062 1348 1212 1376 aﬂixerunt.

934 1393 961 1420 5.
978 1393 1126 1421 Posuei'unt
1140 1395 1215 1430 signa
1229 1403 1278 1422 sua
1294 1404 1379 1431 signa.
1394 1394 1460 1424 Belli
1471 1405 1592 1433 symoma
1604 1399 1679 1432 dicit,

899 1447 959 1474 quae
975 1440 1002 1467 in
1017 1441 1179 1469 exercitibus
1192 1442 1269 1476 signa
1291 1448 1434 1476 vocantur,
1456 1452 1516 1479 quae
1531 1451 1682 1480 posuerunt

899 1483 927 1510 in
940 1483 982 1510 via
999 1485 1124 1512 civitatis.
1154 1484 1247 1520 Neque
1270 1486 1314 1514 hic
1330 1488 1522 1522 constiterunt,
1539 1489 1588 1516 sed
1614 1490 1680 1518 inui-

899 1529 1007 1562 lierunt,
1026 1531 1052 1557 id
1066 1535 1107 1558 est
1121 1531 1149 1559 in
1164 1532 1253 1567 ipsum
1277 1534 1400 1561 divinum
1427 1536 1555 1570 templum
1573 1537 1679 1573 irrutﬁ-

896 1580 969 1609 runt,
983 1577 1069 1611 ignari
1087 1577 1170 1605 Deum
1188 1586 1249 1607 esse
1264 1579 1312 1614 qui
1333 1581 1450 1608 traderet
1465 1582 1519 1610 illis
1535 1583 1630 1611 urbem
1645 1584 1679 1611 ob

896 1622 1061 1656 impietatem
1093 1624 1203 1651 civium.
1237 1626 1335 1660 Utpote
1359 1627 1417 1654 haec
1444 1627 1600 1663 ignorantes
1615 1638 1679 1665 pro-

895 1668 981 1702 priam
995 1669 1121 1696 virtutem
1143 1671 1323 1704 mirabantur,
1353 1679 1380 1700 et
1397 1673 1564 1703 inﬁrmitatis
1583 1684 1678 1711 arguo—

894 1713 961 1740 bant
975 1714 1059 1742 Deum
1073 1716 1120 1750 qui
1136 1716 1163 1743 in
1179 1717 1271 1744 divino
1288 1719 1387 1753 templo
1398 1720 1572 1749 adorabatur.
1587 1721 1677 1755 Quare

895 1758 965 1785 ultra
977 1767 1145 1795 progressus,
1159 1762 1216 1789 ait:
1245 1762 1392 1798 Usquequo,
1408 1764 1527 1798 Domine,
1545 1767 1676 1803 imprope-

894 1805 964 1831 rabit
978 1806 1120 1833 inimicus?
1141 1806 1218 1840 Quod
1241 1813 1331 1835 autem
1349 1815 1451 1844 repetat
1470 1818 1574 1845 vocem,
1587 1814 1675 1848 signa.

894 1850 1018 1878 mirantis
1033 1859 1094 1879 esse
1106 1853 1224 1885 videtur,
1247 1854 1319 1888 quod
1346 1855 1467 1883 divinum
1482 1858 1610 1893 templum
1623 1859 1676 1886 ini-

894 1896 1027 1924 micorum
1047 1898 1173 1926 manibus
1189 1899 1318 1926 traditum
1337 1900 1428 1928 fuerit.

926 2032 952 2064 ὃ.
965 2036 1049 2068 Quasi
1073 2038 1101 2063 in
1126 2037 1193 2064 silva
1214 2038 1347 2073 lignorum
1362 2040 1496 2067 securibus
1519 2042 1673 2070 exciderunt

890 2083 985 2116 ianuas
999 2083 1066 2118 ejus,
1079 2088 1129 2111 etc.
1146 2083 1281 2112 Describit
1295 2086 1322 2112 in
1346 2087 1526 2120 praesentibus
1539 2088 1615 2116 urbis
1640 2097 1673 2116 ac

890 2129 981 2163 templi
1014 2130 1160 2157 excidium.
1189 2129 1344 2158 Fabrilihus
1366 2131 1557 2160 instrumentis
1578 2133 1630 2166 usi,
1645 2139 1672 2162 ct

889 2179 966 2208 septa
981 2174 1133 2206 diruerant,
1167 2180 1194 2202 et
1217 2177 1314 2203 aedium
1341 2177 1440 2211 januas
1469 2178 1671 2214 confregerunt,

889 2227 949 2254 qua;
963 2220 1075 2254 pulchre
1091 2225 1119 2248 et
1131 2221 1232 2249 alfabre
1257 2223 1395 2251 elaborata
1412 2229 1499 2257 erant,
1527 2226 1606 2260 quasi
1625 2226 1672 2254 sil-

886 2273 947 2292 vam
958 2266 1121 2294 excidentes.

921 2353 947 2385 7,
978 2353 1004 2381 8.
1030 2353 1204 2382 Incenderunt
1229 2364 1283 2391 tgm
1299 2361 1480 2384 sanetuartum
1498 2363 1583 2392 tuum,
1615 2364 1668 2388 etc.

884 2398 952 2426 Cum
969 2408 1065 2435 magna
1079 2402 1231 2429 calamitate
1256 2408 1349 2430 nostra
1370 2404 1561 2439 irrumpentes,
1583 2414 1666 2434 unum

885 2452 996 2480 scopum
1017 2447 1162 2479 habebant,
1176 2448 1261 2483 legem
1280 2449 1385 2476 scilicet
1399 2457 1414 2476 a
1436 2454 1461 2477 te
1483 2450 1572 2478 datam
1585 2453 1665 2479 abro-

885 2498 957 2525 gare.
970 2490 1038 2518 Nam
1051 2500 1097 2526 per
1113 2493 1168 2520 dies
1181 2494 1261 2528 festos
1273 2495 1376 2522 cultum
1403 2495 1515 2530 legalem
1529 2497 1667 2531 signiﬁca-

884 2537 932 2563 vit.
942 2536 1003 2564 Haec
1016 2543 1106 2565 autem
1119 2545 1286 2574 perpetrare.
1301 2541 1348 2573 ait,
1366 2541 1425 2569 ausi
1441 2547 1515 2574 sunt,
1533 2543 1598 2577 quia
1615 2551 1666 2570 nec

877 2583 1018 2610 ~mirabilia
1034 2589 1154 2619 tempore
1183 2590 1290 2619 patrum
1322 2591 1478 2614 nostrorum
1507 2588 1577 2615 edita
1593 2588 1666 2615 vide-

883 2633 955 2661 rant,
973 2637 1060 2663 neque
1076 2630 1233 2665 prophetica
1246 2632 1334 2666 gratia
1364 2633 1499 2666 redarguti
1515 2638 1588 2660 sunt.
1611 2632 1666 2660 Ho-

882 2682 942 2701 rum
982 2683 1100 2710 namque
1137 2678 1259 2704 omnium
1291 2678 1382 2705 subito
1419 2683 1544 2713 expertes
1579 2678 1663 2706 fuere.

883 2719 1021 2755 Siquidem
1051 2723 1116 2749 olim
1151 2723 1234 2750 etiam
1263 2728 1325 2759 post
1358 2724 1475 2751 reditum
1513 2732 1546 2751 ex
1579 2726 1666 2760 capti-

881 2766 974 2800 vitale,
988 2768 1137 2802 prophetas
1162 2769 1298 2804 habuere,
1328 2770 1468 2806 Aggaaum,
1492 2769 1663 2803 Zachariam,
