1922 3057
233 99 288 127 535

656 95 684 140 SI,
705 94 889 122 ATHANASH
909 95 983 122 OPP.
1003 95 1092 123 PARS
1111 95 1156 123 111.
1179 110 1211 116 -
1228 93 1432 122 ΕῚΕΟΕΤΙΟᾹ.

1799 92 1849 120 3‘56

234 155 404 183 Ilalacliiam.
414 155 446 181 Et
462 155 507 189 qui
525 155 584 182 istis
597 154 764 189 antiquiores
776 158 854 181 erant
863 155 1010 189 propheta,

1064 163 1104 190 ροι
1118 154 1254 190 προφῆται
1269 153 1306 188 τῷ
1330 151 1388 186 λαῷ
1405 152 1452 178 καὶ
1468 151 1525 182 τοῖς
1539 149 1680 186 βασιλεῦσι
1699 149 1851 185 προῦλεγον

233 202 334 238 populo
348 207 428 236 atque
444 202 552 236 regibus
565 201 654 228 l‘utura
670 201 899 235 praenuntiabant,
916 205 943 228 et
959 201 1012 227 ini-

233 248 366 276 micorum
379 247 491 275 insidias
504 248 591 282 palam
609 246 754 275 faciebant.
778 246 857 279 Quod
872 254 905 274 ex
928 246 1014 274 histo-

233 294 273 321 ria
284 293 403 322 ediscere
419 294 446 320 in
461 298 584 329 promptu
596 297 646 321 est.

268 339 296 366 9.
312 338 395 374 Signa
420 343 510 366 nostra
525 346 577 364 non
598 338 719 364 vidimus.
736 337 775 365 Illi
787 338 894 373 quidem
907 346 936 365 se
952 347 1013 365 mu-

233 390 281 412 tuo
293 384 477 416 concitabant,
494 389 523 411 ut
535 384 676 419 quiescere
691 383 810 412 facerent
824 384 909 412 festos
923 384 1014 412 Domi-

233 427 271 461 ni,
287 428 334 463 qui
350 428 440 455 adhuc
451 428 667 455 celebrabantur.
686 427 718 455 Et
729 436 792 456 vero
807 429 885 456 \crba
904 429 930 456 in
944 437 1013 464 opus

232 473 409 500 deducebant.
427 471 482 500 Nos
501 477 602 506 autem,
619 473 682 500 dum
698 473 755 501 haec
781 478 934 508 agerentur,
958 481 1012 500 non

232 520 350 547 vidimus
367 519 443 555 signa
459 519 503 546 illa
515 527 631 553 quorum
647 519 807 554 plerumque
824 519 850 546 in
876 520 1012 554 prioribus

233 565 310 593 bellis
322 570 404 593 testes
417 565 515 592 oculati
531 564 641 592 fuimus.
660 564 713 592 Ista
725 569 815 592 autem
830 565 906 600 signa
924 565 950 592 in
964 573 1012 592 au-

234 611 329 638 xilium
350 610 428 638 nobis
437 615 514 638 erant
527 611 656 638 adversus
682 611 812 638 instantes
835 611 1010 639 calamitates.

230 655 414 690 Quamobrem
429 660 521 691 utpote
533 655 579 690 qui
592 663 623 682 ea
638 663 691 682 non
709 656 857 683 viderimus
872 656 988 683 dicimus
1003 664 1010 683 :

233 702 266 729 Ut
280 702 353 738 quid,
371 702 448 734 Deus,
466 703 585 737 repulisti
599 703 625 729 in
637 703 714 737 ﬁnem
725 701 809 730 ?Jam
831 711 881 729 non
900 707 937 729 est
950 711 1012 737 pro-

229 749 320 782 pheta,
336 752 360 774 et
377 756 424 774 nos
437 756 487 775 non
503 752 637 782 cognoscet
646 747 770 782 amplius.
783 747 815 774 Et
827 748 877 775 hoc
893 747 1011 775 maxime

230 794 257 821 in
274 801 356 821 causa
371 798 413 821 est
429 793 501 828 quod
512 794 545 821 de
561 793 649 821 salute
664 793 850 828 desperemus,
865 793 937 828 quod
955 802 1009 821 non

1063 201 1097 226 τα
1111 200 1237 234 ἐσόμενα,
1258 198 1369 225 καὶτῶν
1386 197 1521 231 πολεμίων
1535 196 1584 228 τὰς
1603 195 1750 227 ὲπιΐουλὰς
1767 204 1852 222 κατα-

1062 245 1157 281 δήλους
1174 245 1290 271 ἐποίουν.
1306 244 1361 270 Καὶ
1377 243 1454 270 τοῦτο
1467 243 1499 268 ὲκ
1513 241 1564 276 τῆς
1581 241 1706 276 inopia;
1725 250 1852 277 καταμα-

1063 290 1119 317 θεῖν
1133 290 1258 322 εὐπετές.

1100 335 1138 362 Τὰ
1156 335 1262 370 σημεῖα
1275 333 1358 370 ἡμῶν
1374 334 1429 361 οὐκ
1443 332 1569 367 εἴδομεν.
1586 332 1700 359 Ἐκεῖνοι
1715 332 1768 367 μὲν
1781 341 1852 370 παρ-

1062 381 1163 414 ώξυνον
1187 381 1317 416 ἀλλήλους
1331 400 1338 412 ,
1369 381 1408 411 είς
1429 379 1458 406 τὸ
1481 379 1657 409 παύσειν.ἐτι
1685 369 1854 413 τελουμέναξ

1061 426 1110 457 τὰς
1124 426 1220 461 ἑορτὰς
1234 425 1280 452 τοῦ
1294 425 1408 460 Κυρίου,
1424 425 1470 451 καὶ
1484 425 1515 460 δὴ
1532 426 1588 456 τοῖς
1602 423 1692 458 λόγοις
1706 425 1852 459 προσήγα-

1062 480 1109 506 γον
1126 471 1160 498 τὰ
1181 471 1250 508 ἔργα
1262 480 1268 486 ·
1285 472 1364 506 ἡμεῖς
1380 471 1407 496 δὲ
1422 470 1481 497 καθ’
1494 470 1524 497 ὃν
1539 470 1623 497 ταῦτα
1644 468 1810 505 ἐπράττετο,
1824 470 1853 495 οὗ

1062 517 1212 552 γεγόναμεν
1225 517 1319 544 θεαταὶ
1334 517 1388 543 τῶν
1405 517 1524 552 σημείων
1537 516 1648 542 ἐκείνων
1663 513 1700 542 ὧν
1718 516 1854 547 πολλάκις

1061 564 1107 590 ἐπὶ
1120 564 1262 600 προτέροις
1274 564 1401 600 πολέμοις
1417 564 1547 590 αὐτόπται
1562 553 1746 599 γίγενήμεθα.
1758 564 1855 591 Ταῦτα

1061 610 1089 635 δὲ
1105 607 1138 644 ἦν
1151 609 1184 636 τὰ
1204 611 1314 645 σημεῖα,
1329 610 1475 646 ἐπικουρία
1490 610 1542 636 τῶν
1562 611 1726 645 συνεχόντων
1743 611 1852 638 δεινῶν.

1062 655 1107 681 Διὸ
1119 655 1151 690 δὴ
1164 655 1201 687 ὡς
1216 655 1317 682 τούτων
1332 656 1369 691 μὴ
1389 655 1527 690 γενόμενοι
1545 655 1638 682 θεαταί
1660 664 1750 691 φαμεν
1763 664 1769 669 ·
1790 657 1855 683 Ἵνα

1060 703 1088 729 τί
1103 704 1119 729 ό
1133 702 1204 735 Θεὸς
1217 702 1327 729 ἀπώσω
1343 703 1387 735 είς
1404 702 1512 736 τέλος;
1535 704 1596 728 οὐκ
1615 703 1704 732 ἔστιν,
1718 703 1763 729 ἔτι
1780 709 1855 736 προ-

1060 747 1167 782 φήτης,
1179 748 1227 775 καὶ
1243 748 1321 782 ἡμᾶς
1334 749 1369 775 οὺ
1386 748 1529 783 γνώσεται
1541 748 1594 775 ἔτι.
1612 748 1666 774 Καὶ
1678 748 1760 775 τοῦτο
1776 750 1854 784 ἡμεῖς

1063 793 1178 828 μάλιστα
1199 793 1357 820 ἀπευδοκεῖν
1381 794 1429 830 τῆς
1447 794 1581 830 σωτηρίας
1600 786 1688 827 ποιεῖ,
1702 794 1732 821 τὸ
1751 795 1853 830 μηκέτι

229 838 346 872 amplius
357 838 514 872 prophetam
527 838 667 866 videamus
699 838 726 865 in
743 843 820 874 gente
841 843 944 870 nostra,
962 838 1008 874 qui

1064 840 1089 865 ὲν
1110 838 1149 874 τῷ
1169 839 1239 866 ἔθνει
1268 840 1408 875 προφήτην
1435 839 1502 875 ὁρᾷν
1527 840 1573 866 τὸν
1599 839 1749 875 δυνάμενον
1779 840 1854 875 ὑάρ

229 883 315 918 possit
326 882 404 910 nobis
421 884 527 918 placare
543 882 639 910 Deum.

266 928 309 956 10.
329 927 474 963 Πεῳιειιιιο,
488 927 568 959 Deus,
583 927 768 963 improperabit
781 927 1008 956 inimicus?Post-

230 982 312 1010 quam
328 975 443 1002 absolvit
456 974 553 1002 excidii
567 974 777 1009 descriptionem
794 982 809 1001 a
838 973 905 1002 facie
918 974 1009 1001 inimi—

229 1028 335 1054 corum,
351 1020 433 1048 Deum
462 1025 541 1048 vocat
570 1020 603 1047 ad
625 1019 853 1053 miscricordiam,
880 1024 908 1047 et.
932 1024 1010 1055 rogat

228 1067 453 1100 animadvertere,
471 1067 529 1094 haec
552 1066 643 1094 omnia
672 1066 705 1093 ad
737 1065 783 1093 Dei
815 1066 1007 1093 contumeliam

228 1118 360 1148 spectare.
377 1113 444 1140 Cum
457 1112 534 1144 dicit,
550 1111 583 1139 In
600 1113 684 1139 medio
703 1113 877 1140 solemnitatis
893 1117 954 1144 tum,
970 1117 1008 1144 et,

228 1158 416 1186 Sanctuarium
432 1163 516 1190 tuum,
540 1163 577 1191 et,
594 1157 804 1185 Tabernaculum
826 1158 938 1184 nominis
956 1158 1007 1190 tui,

227 1208 263 1237 et,
279 1204 338 1232 Dies
348 1204 427 1238 festos
437 1203 553 1236 Domini,
563 1209 599 1237 et,
609 1203 710 1230 Nomen
723 1208 795 1230 tuum
808 1203 835 1229 in
849 1203 937 1237 finem.

264 1303 306 1330 l‘l.
336 1302 433 1338 thuid
448 1303 543 1330 avertis
568 1311 675 1330 manum
700 1309 783 1335 tuam,
803 1307 856 1331 etc.
881 1303 917 1331 Ut
943 1304 1007 1339 quid

228 1347 396 1383 praescindis,
417 1347 516 1382 inquit,
533 1347 666 1374 bonorum
680 1347 761 1381 dona,
775 1356 837 1383 qua:
850 1347 914 1375 olim
930 1349 1007 1383 quasi

227 1401 259 1421 ex
277 1393 339 1421 sinu
354 1397 402 1420 tuo
417 1392 579 1428 largiebaris
596 1393 685 1420 nobis.

262 1439 306 1467 12.
323 1438 392 1466 Deus
407 1443 494 1465 autem
509 1447 554 1466 rex
564 1443 650 1466 noster
662 1445 721 1466 ante
734 1439 842 1466 secula.
855 1438 942 1473 Nunc,
957 1439 1006 1471 ait,

227 1486 305 1513 nobis
319 1485 452 1512 bonorum
464 1485 569 1521 copiam
586 1486 744 1520 praescindis
765 1495 770 1512 :
788 1486 852 1513 olim
869 1494 933 1513 vero
945 1494 1007 1514 cum
1021 1501 1042 1530 ο

227 1538 253 1559 et
269 1531 340 1558 Deus
353 1536 445 1558 noster
456 1535 483 1559 et
494 1539 541 1559 rex
566 1537 658 1559 uoster
674 1531 765 1559 vocari
787 1532 949 1567 diguareris,
965 1537 1008 1559 ta-

227 1578 277 1604 lem
293 1576 371 1604 nobis
387 1576 501 1604 salutem
522 1581 650 1612 operatus
672 1584 712 1610 es,
742 1582 771 1604 ut
794 1578 896 1605 nemini
913 1578 1010 1606 lateret

227 1622 253 1648 in
265 1626 346 1649 terra.
361 1621 490 1657 Operatus
504 1627 542 1650 est
555 1622 667 1650 salutem
685 1623 713 1649 in
735 1624 820 1650 medio
839 1628 926 1651 teme.
941 1623 1010 1652 Hinc

226 1669 372 1695 occasione
396 1673 522 1703 accepta,
551 1668 661 1703 quidam
685 1668 880 1697 existimarunt
901 1669 1011 1703 Jeroso-

227 1712 325 1748 Iymam
338 1720 399 1741 esse
413 1718 490 1741 terra:
506 1713 627 1741 oculum.

262 1802 305 1830 15.
321 1802 359 1830 Tu
374 1803 537 1838 conﬁrmasti
553 1803 580 1830 in
596 1803 692 1831 uirtute
706 1808 752 1831 tua
766 1811 847 1836 mare,
863 1804 1008 1831 contrivisti

226 1849 315 1880 capita
325 1849 468 1876 draconum
483 1850 510 1876 in
537 1850 625 1885 aquis.
643 1849 778 1878 Describit
791 1850 833 1878 his
852 1850 942 1878 verbis
955 1857 1009 1885 quo

227 1899 306 1929 pacto
321 1894 385 1921 olim
400 1901 494 1922 eorum
510 1895 625 1922 salutem
648 1901 776 1930 operatus
791 1900 842 1923 est.
867 1895 900 1922 Et
920 1896 1008 1930 primo

227 1941 336 1976 quidem
353 1942 423 1977 quod
449 1942 623 1970 consolidatee
647 1943 702 1970 sint
724 1950 802 1977 aqua:
831 1943 913 1969 maris
929 1942 1008 1977 quasi

227 1995 333 2020 murus,
347 1988 455 2022 quando
465 1996 497 2016 ex
514 1987 630 2024 A‘Igypto
642 1989 745 2023 egressi
760 1992 834 2016 sunt.
855 1987 888 2014 Et
903 1988 955 2015 hoc
972 1988 1009 2015 si-

227 2033 337 2068 gnificat
353 2033 603 2067 illud,Cou/irmasti
615 2041 696 2060 mare.
711 2033 845 2066 Secundo,
855 2033 927 2068 quod
943 2040 1010 2060 con—

228 2079 289 2106 trita
302 2079 356 2106 sint
368 2079 457 2114 capita
473 2078 660 2114 [Egyptiorum
678 2079 705 2106 in
717 2079 804 2114 aquis,
821 2087 890 2114 quos
904 2079 939 2106 ob
955 2087 1009 2107 ma-

228 2125 378 2160 lignitatem
395 2125 493 2160 lingua:
505 2125 637 2152 dracones
652 2131 741 2152 vocat.
760 2125 799 2152 Ae
814 2133 876 2152 cum
899 2125 952 2152 illis
967 2133 1009 2152 re-

228 2169 269 2203 gis
280 2169 345 2204 ipsis
359 2169 517 2204 imperantis
545 2174 636 2204 caput.
659 2177 739 2204 quem
767 2177 857 2205 regem
881 2170 1006 2197 similiter
1023 2175 1047 2206 ι)

228 2214 373 2242 draconem
393 2215 518 2250 appellat.

263 2331 323 2368 [Tu
351 2331 515 2365 conﬁrmasti
538 2331 564 2357 in
597 2331 693 2358 virtute
719 2337 765 2358 tua
795 2341 875 2361 mare.
893 2333 1007 2367 Quando

227 2377 397 2405 Pharaonem
414 2384 477 2403 cum
500 2376 616 2404 ducibus
631 2383 658 2404 et
679 2378 806 2405 curribus
831 2379 867 2405 ob
895 2387 1004 2414 pravam

227 2427 344 2451 mentem
369 2429 402 2450 ac
425 2422 595 2457 propositum
627 2424 779 2452 contrivisti
806 2425 884 2460 quasi
917 2426 1006 2461 capita

226 2469 375 2496 draconum
386 2467 415 2495 in
430 2475 499 2502 aqua
517 2477 523 2495 :
536 2468 576 2496 sic
591 2467 734 2504 (Egyptios
748 2469 923 2505 Etliiopibus
939 2480 1007 2499 con-

228 2514 350 2543 terminis
367 2514 463 2542 dedisti
483 2514 510 2541 in
525 2521 626 2547 escam,
642 2515 718 2550 ipsos
730 2523 762 2543 ac
777 2523 866 2551 regem
884 2517 1005 2552 ipsorum

226 2561 315 2590 vicisti
330 2569 346 2589 a
361 2560 431 2589 facie
439 2559 621 2596 EthiopumJ

262 2648 306 2675 ﬂ.
324 2647 426 2676 Dedisti
435 2656 590 2676 euntescam
605 2650 708 2684 populis
732 2650 898 2686 dithiopum.
916 2651 1006 2688 Ipsum

226 2692 406 2726 Pharaonem,
422 2699 448 2722 et
460 2695 567 2729 quidem
585 2701 644 2730 post
654 2696 778 2724 bellicam
796 2699 1005 2732 expeditionem.

227 2737 345 2773 Populos
360 2745 449 2769 autem
466 2741 530 2769 dicit
546 2742 635 2769 avium
662 2747 794 2776 catervas,
807 2752 868 2778 qum
881 2746 950 2779 apud
964 2745 1007 2772 ln-

227 2786 277 2811 dos
291 2790 355 2813 sunt
368 2795 375 2814 :
391 2795 451 2822 quae
462 2787 649 2824 Egyptiorum
661 2798 774 2825 corpora
789 2799 837 2825 per
860 2792 942 2819 maris
958 2792 1007 2819 ﬂu-

227 2834 288 2857 ctus
304 2831 336 2859 ad
351 2831 426 2860 littus
438 2833 536 2868 reiecta
550 2840 688 2862 vorarunt.
721 2866 726 2871 _

1060 885 1075 919 ἠ
1080 884 1137 920 μῶν
1151 885 1316 912 ἑκδυσωπεῖν
1327 884 1372 911 τὸν
1389 884 1466 912 Θεόν.

1095 931 1168 963 Ἕως
1178 931 1260 962 πότε,
1274 932 1290 957 ὁ
1303 930 1385 963 Θεὸς,
1399 930 1520 957 ὀνειδιεῖ
1533 931 1550 957 ὁ
1559 931 1681 965 ἐχθρός;
1693 931 1851 967 Πληρώσας

1059 976 1107 1011 τὴν
1121 975 1271 1011 διαγραφὴν
1287 975 1336 1010 τῆς
1353 975 1478 1008 ἁλώσεως
1495 977 1548 1003 ἀπὸ
1565 976 1612 1002 τοῦ
1629 976 1778 1012 προσώπου
1795 976 1851 1002 τῶν

1059 1021 1162 1057 ἐχθρῶν
1175 1041 1183 1053 ,
1209 1022 1248 1052 είς
1272 1020 1346 1054 ἕλεος
1365 1021 1520 1048 ἐκκαλεῖται
1541 1021 1585 1049 τὸν
1606 1021 1690 1053 Θεὸν,
1707 1022 1756 1048 καὶ
1772 1016 1850 1053 Θέιὶν,

1059 1068 1117 1099 πῶς
1139 1067 1172 1094 τὰ
1190 1067 1319 1102 γινόμενα
1334 1067 1422 1094 πάντα
1439 1069 1479 1098 εἰς
1495 1067 1574 1104 ὕϐριν
1590 1067 1636 1094 τοῦ
1658 1067 1725 1094 Θεοῦ
1736 1076 1742 1082 ·
1764 1069 1805 1103 τῷ
1822 1077 1850 1094 τε

1059 1111 1146 1138 εἰπεῖν
1159 1118 1166 1125 ο
1189 1111 1236 1137 Ἐν
1252 1111 1336 1145 μέσῳ
1352 1111 1405 1144 τῆς
1419 1111 1526 1146 ἑορτῆς
1545 1119 1615 1143 σου,
1633 1112 1680 1138 καὶ
1694 1113 1735 1143 τὸ,
1757 1113 1850 1147 Ἀγια-

1058 1155 1183 1189 arripth
1194 1163 1262 1188 σου,
1276 1156 1323 1183 καὶ
1336 1156 1376 1189 τὸ,
1391 1156 1536 1191 Σκήνωμα
1549 1157 1602 1184 τοῦ
1615 1158 1763 1192 ὀνόματός
1777 1166 1849 1189 σειν,

1059 1200 1115 1232 καὶ,
1134 1199 1188 1233 Τὰς
1207 1200 1311 1234 ἑορτὰς
1332 1201 1387 1239 tu}
1410 1201 1531 1236 Kvplov,
1549 1202 1605 1233 καὶ,
1628 1202 1662 1228 Τὸ
1680 1202 1776 1238 ὄνομά
1790 1199 1851 1230 ἅου

1059 1246 1102 1278 εἰς
1118 1245 1214 1278 τέλος.

1095 1292 1156 1318 ’1ιά
1176 1292 1203 1318 τι
1220 1291 1418 1329 ἀςιοστρέφεις
1434 1292 1490 1325 τὴν
1512 1292 1595 1327 χεῖρά
1618 1300 1686 1322 σου,
1705 1302 1732 1320 κ.
1749 1302 1775 1320 τ.
1799 1294 1847 1326 λ.;

1059 1338 1117 1364 Ἵνα
1130 1337 1166 1370 τί,
1182 1339 1273 1374 φησὶν,
1291 1339 1452 1370 ἀνακόπτεις
1465 1338 1518 1365 τῶν
1534 1339 1643 1373 ἀγαθῶν
1651 1339 1700 1374 τὴν
1713 1339 1798 1372 δόσιν,
1812 1337 1850 1366 ὧν

1059 1383 1142 1410 πάλαι
1159 1383 1252 1419 ὥσπερ
1269 1384 1301 1410 ὲκ
1315 1384 1412 1410 κόλπου
1431 1385 1559 1419 παρεῖχες
1576 1386 1651 1420 ἡμῖν,

1100 1427 1126 1454 '0
1141 1427 1175 1454 δὲ
1197 1428 1269 1461 Θεὸς
1290 1429 1440 1462 ,βασιλεὺς
1464 1428 1548 1463 ἡμῶν
1569 1429 1626 1464 πρὸ
1654 1429 1772 1463 aliIn-cc.
1790 1430 1848 1456 Νῦν

1060 1474 1119 1508 μὲν,
1140 1474 1232 1509 φησὶν,
1254 1474 1417 1507 ἀνακόπτεις
1438 1474 1466 1507 ἐξ
1492 1474 1569 1510 ἡμῶν
1590 1475 1645 1502 τῶν
1669 1476 1778 1510 ἀγαθῶν
1797 1476 1847 1510 τὴν

1059 1519 1196 1554 ἀναφοράν
1207 1527 1213 1534 ⁸
1230 1519 1313 1546 πάλαι
1326 1520 1365 1551 δὲ,
1379 1520 1425 1546 καὶ
1442 1520 1507 1552 Θεὸς
1522 1520 1600 1555 ἡμῶν
1614 1521 1696 1554 ἀξιῶν
1707 1529 1846 1556 προσαγο-

1061 1562 1186 1599 ρεύεσὺαι
1205 1564 1251 1590 καὶ
1266 1563 1401 1598 βασιλεὺς,
1419 1563 1547 1600 τοιαύτην
1565 1565 1642 1600 ὴμῶν
1662 1566 1781 1600 ἐποιήσω
1796 1566 1845 1601 τὴν

1060 1607 1195 1643 σωτηρίαν
1209 1608 1247 1640 ὡς
1263 1608 1364 1644 μηδένα
1379 1608 1468 1635 λαθεῖν
1482 1609 1535 1636 τῶν
1547 1610 1591 1636 ἐπὶ
1603 1610 1664 1645 γῆς.
1678 1611 1846 1644 Εῑργὰσατο

1058 1653 1207 1687 σωτηρίαν
1229 1654 1264 1680 ὲν
1286 1653 1370 1688 μέσῳ
1391 1654 1446 1688 τῆς
1471 1654 1536 1690 γῆς.
1560 1655 1698 1682 Ἐντεῦθεν
1717 1656 1845 1689 λαὸόντες

1058 1698 1128 1729 τινὲς
1153 1698 1327 1733 ἀπεφήναντο
1358 1698 1392 1725 τὰ
1417 1699 1589 1734 Ὶεοοσόλυμα
1612 1698 1751 1735 ὀφθαλμὸν
1774 1699 1843 1728 εἷναι

1057 1743 1108 1778 τῆς
1121 1743 1183 1778 γῆς.

1094 1790 1135 1816 Σὺ
1155 1789 1356 1823 ἐκραταίωσας
1379 1790 1412 1817 ἐν
1434 1790 1471 1825 τῇ
1487 1790 1611 1826 δυνάμει
1633 1798 1692 1818 σου
1717 1792 1775 1826 τὴν
1795 1792 1844 1820 θά-

1058 1835 1190 1865 .ῐασσω·,
1213 1835 1253 1861 σὺ
1275 1835 1459 1869 συνέτριψας
1476 1835 1528 1869 τὰς
1551 1837 1686 1870 κεφαλὰς
1704 1837 1763 1864 τῶν
1779 1837 1844 1872 δρα-

1059 1880 1172 1906 κόντων
1189 1880 1237 1907 ἐπὶ
1260 1881 1312 1907 τοῦ
1336 1881 1454 1914 ὕδατος.
1478 1882 1628 1918 Διαγράφει
1643 1882 1683 1918 τῷ
1703 1883 1774 1918 λόγῳ
1790 1885 1843 1910 τίνι

1058 1927 1149 1962 τρόπῳ
1165 1926 1214 1961 τὴν
1237 1927 1319 1953 πάλαι
1343 1927 1432 1954 αὐτῶν
1461 1929 1597 1964 σωτηρίαν
1615 1929 1772 1964 εἰργάσατο.
1789 1931 1844 1957 Καὶ

1059 1973 1165 2009 πρῶτον
1184 1973 1232 2008 μὲν
1258 1973 1289 2000 τὺ
1314 1974 1433 2009 παγῆναι
1450 1975 1516 2001 ὡσεὶ
1540 1977 1628 2010 τεῖχος
1642 1977 1691 2011 τῆς
1706 1976 1844 2013 θαλάσσης

1058 2018 1092 2045 τὰ
1105 2018 1196 2051 ὕδατα,
1213 2019 1256 2045 ὅτε
1269 2019 1298 2051 ἐξ
1312 2019 1448 2054 Αἰγύπτου
1470 2021 1583 2057 ἐξῄεσαν
1597 2030 1604 2036 ·
1623 2023 1671 2048 καὶ
1690 2023 1769 2050 τοῦτὸ
1786 2025 1845 2051 ἐστι

1057 2063 1097 2096 to,
1115 2064 1329 2098 Ἐπραταιωσας
1350 2065 1407 2099 τὴν
1429 2066 1604 2094 θάλασσαν·
1619 2068 1746 2104 δεύτερον
1761 2069 1801 2100 δὲ,
1815 2070 1846 2096 τὸ

1059 2110 1232 2146 συντριϐῆναι
1246 2111 1296 2146 τὴν
1314 2112 1469 2146 Αἰγυπτίων
1491 2114 1536 2140 ἐπὶ
1557 2114 1612 2141 τῶν
1635 2115 1739 2142 ὑδάτων
1760 2124 1847 2150 κεφα-

1059 2155 1117 2191 λὴν,
1130 2155 1175 2187 οὓς
1189 2157 1236 2183 καὶ
1256 2157 1404 2192 δράκοντας
1420 2158 1464 2185 διὰ
1482 2159 1512 2185 τὸ
1526 2160 1643 2195 πονηρὸν
1655 2161 1705 2196 τῆς
1718 2160 1845 2197 γλώσσης

1060 2201 1185 2236 ὀνομὲεζει
1197 2209 1204 2216 ·
1221 2199 1281 2228 εἶτα
1294 2203 1351 2237 μετ’
1366 2204 1455 2230 αὐτῶν
1471 2204 1517 2231 καὶ
1531 2205 1612 2231 αὐτοῦ
1624 2205 1670 2232 τοῦ
1685 2206 1845 2242 ἐξάρχοντος

1060 2245 1149 2273 αὐτῶν
1164 2246 1305 2281 βασιλέως,
1317 2247 1346 2274 ὃν
1358 2248 1403 2274 καὶ
1416 2249 1494 2276 αὑτὸν
1505 2250 1604 2284 ὁμοίως
1613 2251 1748 2286 δράκοντα
1759 2261 1846 2287 1:90a-

1060 2291 1196 2326 αγορεύει.

1096 2336 1149 2372 [Σὺ
1160 2338 1362 2372 ὲκραταίωσας
1368 2339 1402 2366 ἐν
1411 2340 1447 2374 τῇ
1457 2340 1580 2375 δυνάμει
1593 2349 1652 2369 σου
1660 2342 1718 2376 τὴν
1732 2343 1846 2370 Hilam

1059 2391 1128 2411 σαν.
1136 2384 1187 2411 Τὸν
1195 2384 1293 2420 Φαραὼ
1304 2386 1351 2412 σὺν
1359 2388 1514 2420 τρισταταις
1522 2387 1569 2413 καὶ
1581 2387 1685 2422 ἇρμασι
1696 2389 1845 2424 συντρίψας

1059 2430 1096 2462 ὡς
1105 2429 1278 2472 δρακοντείας
1290 2431 1421 2465 κεφαλὰς,
1429 2431 1473 2458 διὰ
1483 2432 1513 2458 τὺ
1527 2433 1644 2468 πονηρὸν
1655 2433 1704 2468 τῆς
1719 2434 1842 2470 γνώμης,

1060 2475 1105 2513 ἐπὶ
1119 2474 1165 2501 τοῦ
1181 2475 1287 2507 ὓδατος·
1306 2476 1343 2508 ὡς
1365 2477 1428 2508 τοὺς
1453 2478 1616 2511 Αἰγυπτίους
1638 2479 1842 2515 πλησιοχώρους

1059 2521 1180 2556 Αἰθίοψιν
1198 2522 1276 2554 ὄντας
1296 2522 1456 2558 παρέδωκας
1477 2524 1568 2556 αὐτοῖς
1590 2525 1630 2555 είς
1652 2525 1839 2561 κατάερωμα,

1060 2567 1156 2598 αὐτοὺς
1175 2567 1221 2593 καὶ
1241 2567 1286 2594 τὸν
1301 2567 1413 2602 βασιλέα
1429 2568 1517 2596 αὐτῶν
1539 2570 1659 2605 ἤττησας
1680 2571 1736 2598 ἀπὸ
1759 2579 1841 2607 προσ-

1059 2611 1134 2638 ώπου
1150 2612 1309 2648 Αἰθιόπων.]

1096 2658 1225 2691 Ἕδωκῑις
1245 2659 1340 2686 αὑτὸν
1359 2659 1465 2695 βρῶμα
1490 2651 1576 2694 λαοῖς
1591 2663 1741 2696 Αἰθίοψιν.
1758 2663 1843 2690 Αὑτὸν

1059 2703 1104 2728 τον
1120 2702 1227 2738 Φαραὼ,
1245 2705 1313 2739 μετὰ
1334 2705 1383 2740 τῆς
1406 2708 1547 2741 στρατείας
1563 2707 1591 2734 δὲ
1606 2707 1736 2742 δηλονὸτι.
1756 2709 1844 2741 Aemi;

1059 2748 1087 2774 δὲ
1113 2749 1226 2776 ἐνταῦθα
1253 2751 1302 2782 τὰς
1325 2752 1378 2778 τῶν
1405 2753 1479 2788 παρὰ
1501 2754 1590 2785 Ἰνδοῖς
1617 2755 1719 2789 ὀρνέων
1744 2744 1842 2787 ἀγέλας

1060 2794 1156 2828 φησίν·
1173 2795 1199 2820 αἳ
1217 2796 1263 2822 καὶ
1280 2796 1333 2823 τῶν
1354 2798 1509 2832 Αἰγυπτίων
1523 2799 1668 2835 κατήσθιον
1685 2799 1721 2826 τὰ
1736 2800 1840 2837 σκηνώ-

1062 2848 1133 2873 ματα
1149 2840 1292 2875 ἐκριφέντα
1307 2842 1360 2868 ἀπὸ
1378 2844 1426 2879 τῆς
1445 2844 1580 2880 θαλάσσης
1595 2847 1623 2872 ὲν
1634 2847 1666 2882 τῇ
1684 2848 1731 2883 γῇ,
