1922 3057
69 174 113 201 357

566 163 746 203 ΕΧΡΟΞΙΤΙΟ
767 174 798 201 ΙΝ
819 173 983 201 PSALMUM
1003 173 1118 201 LXXIV.

1612 172 1664 200 338

98 231 135 258 Σὺ
146 230 295 265 διέρῤηξας
305 226 401 265 πηγᾶς
422 231 472 258 καὶ
500 232 686 266 χειμάρῤους.
701 233 740 259 Τὰ
757 234 785 259 ὲν
798 233 825 267 τῗ

919 233 962 260 15.
977 232 1016 260 Τιι
1032 232 1157 266 dirupisli
1170 232 1253 266 fontes
1269 235 1292 258 et
1311 235 1448 258 torrentes.
1477 230 1610 266 Loquitur
1626 231 1659 258 de

67 278 151 313 ἐρήμῳ
163 277 248 312 φησὶν,
261 277 302 303 ὅτε
321 278 428 304 ἐπότισε
450 277 495 304 τὸν
511 277 574 304 λαὸν
602 280 634 305 ἐκ
662 279 773 313 πέτρας.
790 279 831 305 Σὺ

66 324 199 358 ἐξιξρανας
222 323 371 358 ποταμοὺς
403 324 500 359 Ἠθάμ.
529 325 618 360 Ἦοὰμ
651 325 831 361 ἑρμηνεύεται

66 370 150 401 νότος·
170 369 207 400 εἰς
219 368 292 396 νότον
323 369 377 405 γὰρ
403 370 452 405 τῆς
474 371 605 398 Ἰουδαίων
616 371 707 406 χώρας
734 371 749 397 ό
768 371 833 406 ἰορ-

65 415 136 448 δάνης
148 416 238 441 κεῖται.

96 460 132 493 Eii
145 461 223 486 ἐστιν
238 461 256 495 ἠ
271 460 366 495 ἡμέρα
378 461 426 489 καὶ
438 461 479 496 σὴ
490 462 509 496 ἡ
525 461 593 494 νύξ.
602 462 638 488 Οὐ
657 461 744 497 μόνον,
755 469 830 496 φησι,

67 505 112 531 τῶν
123 506 148 531 ἐν
172 506 284 542 Ἐρυθρᾷ
297 505 420 540 θαλάσσῃ
432 507 480 534 καὶ
496 507 550 533 τῶν
574 508 602 533 ὲν
614 508 647 542 τῇ
667 507 762 542 ἐρήμῳ
784 505 831 540 γέη

66 559 135 584 γονας
156 551 228 586 ἡμῶν
252 551 377 587 χορηγόςο
392 552 459 579 ἀλλὰ
482 553 528 579 καὶ
557 552 693 588 σύμπαντι
717 552 770 578 τῶν
785 552 832 578 ἀν-

66 595 166 631 θρώπων
178 597 246 630 γένει
263 597 373 631 ἀγαθῶν
385 597 530 633 γεγένησαι
540 597 678 633 πρόξενος·
689 597 766 624 τοῦτο
783 597 831 632 μὲν

66 643 156 677 ἡμέραν
169 643 212 670 καὶ
228 643 313 670 νύκτα
328 644 544 680 δημιουργήσας,
562 644 639 671 τοῦτο
650 644 678 671 δὲ
693 644 768 679 ἥλιον
784 643 831 670 καὶ

66 690 173 725 σελήνην,
189 690 262 717 τοῦτο
275 690 304 717 δὲ
320 691 397 727 θέρος
407 692 453 718 καὶ
465 691 526 727 ἔαρ,
540 691 619 718 τοῦτο
632 691 659 718 δὲ
670 691 758 727 πήξας
769 691 831 726 ὅρια

64 736 88 761 ὲν
100 737 127 771 τῇ
141 737 182 771 γῇ.
197 736 288 763 Ταῦτα
300 737 328 763 δὲ
339 736 385 764 νῦν
403 746 467 773 φησι
483 738 530 764 καὶ
545 738 585 770 εἰς
604 737 652 773 τὴν
664 737 711 764 νῦν
725 739 831 764 ἐπικου-

65 783 116 816 ρίαν
128 783 199 810 αὑτὸν
213 783 438 819 ἐπικαλούμενος.
456 784 500 810 Διό
516 793 591 820 (mar
607 785 748 820 Μνήσθητι
764 785 830 811 ταύ-

63 836 104 862 της
118 829 160 864 τῆς
170 829 281 860 κτίσεώς
302 838 358 856 σου.
372 830 402 856 Εἰ
418 829 460 856 διὰ
476 830 538 862 τοὺς
565 830 733 866 ἀνθρώπους,
751 831 828 867 φησὶ,

62 873 102 908 τὴν
114 873 191 899 κτίσιν
201 874 343 910 ἐποίησας,
373 875 514 910 παράσχου
546 875 594 911 τὴν
613 877 770 912 ἐπικουρίαν
795 877 828 903 δι’

61 918 99 950 οὓς
112 920 126 954 ἡ
139 919 218 952 κτίσις
228 920 347 954 ἐγένετο.

88 965 229 1000 Μνήσθητι
243 967 365 1000 ταύτης,
382 968 399 993 ό
422 967 528 1001 ἐχθρὸς
551 967 688 995 ὠνείδισέ
702 975 749 1000 σε,
771 968 828 995 Κύ-

61 1019 104 1043 ριε.
119 1012 273 1039 Ἐπικαλεσα
279 1013 360 1048 μένου
379 1012 423 1039 διὰ
440 1013 488 1048 τῆς
501 1013 615 1046 κτίσεως
629 1015 667 1045 εἰς
680 1011 769 1040 οἶκτον
780 1014 827 1040 τοῦ

61 1056 112 1082 λαοῦ
128 1058 254 1085 τὸνθεόν·
271 1059 354 1085 πάλιν
368 1059 454 1095 ἑτέρῳ
467 1059 561 1095 τρόπῳ
580 1059 659 1086 αὑτὸν
676 1060 716 1091 είς
739 1057 828 1087 οἶκτον

61 1101 217 1130 ἐπικαλεῖται.
238 1101 323 1135 Οὗτος
345 1104 374 1130 δέ
389 1105 462 1130 ἐστιν
488 1105 502 1130 ὁ
516 1105 616 1141 τρόπος
631 1105 661 1132 τὺ
681 1106 751 1140 μέγα
765 1114 828 1141 φρο‹

59 1147 103 1172 νεῖν
126 1147 167 1174 τὸν
192 1149 298 1184 ἐχθρόν.
326 1149 382 1176 Καὶ
399 1149 474 1182 λαὸς
500 1149 602 1183 ἄφρων
624 1149 780 1184 παρώξυνε
794 1150 827 1176 τὸ

59 1191 136 1227 ὄνομά
149 1202 213 1222 σου.
227 1196 299 1230 Ὅρα
328 1195 408 1222 πάλιν
429 1195 522 1230 ἕτερον
549 1196 691 1232 οἰκτιρμοῦ
716 1197 826 1232 τρόπον,

58 1236 92 1264 6:3:
106 1239 131 1265 τὸ
143 1240 201 1272 τοὺς
211 1240 326 1275 ἐχθροὺς
342 1239 490 1276 παροξῦναι
515 1241 545 1267 τὸ
555 1241 638 1277 ὄνομα
651 1241 743 1268 αὑτοῦ.

85 1327 126 1364 Μὴ
140 1329 275 1363 “masc
288 1329 349 1362 τοῖς
371 1329 483 1364 θηρίοις
501 1329 607 1365 ψυχὴν
629 1330 827 1366 ἐξομολογου-

58 1373 135 1407 μένην
147 1383 202 1402 σοι.
219 1376 392 1402 Ἑπανέτεινε
411 1376 456 1403 τὸν
470 1375 570 1412 τρόπον
591 1376 645 1403 τῶν
664 1377 824 1412 οἰκτιρμῶν,

58 1417 125 1453 θηρία
137 1421 195 1452 τοὺς
211 1421 325 1457 ἐχθροὺς
340 1421 521 1453 ἀποκαλέσας·
542 1422 580 1454 ὼς
602 1422 713 1458 ἔχοντάς
723 1432 749 1450 τι
763 1424 826 1456 τοὺς

58 1465 228 1502 ἡμαρτηκότας
255 1467 421 1503 συγγνώμης
447 1469 491 1495 διὰ
522 1469 571 1503 τῆς
596 1469 823 1505 ὲξομολογήσεως.

57 1509 126 1536 Τοῦτο
153 1511 179 1537 δὲ
212 1511 321 1547 εὔχεται
355 1513 392 1548 μὴ
424 1513 581 1549 ὁμοτρόπως
608 1513 755 1541 ἀπολέσθαι
779 1515 824 1542 τὸν

62 1553 162 1590 Ἰσραὴλ,
174 1555 187 1582 ὃ
206 1557 314 1590 γέγονε.
339 1557 439 1584 Πολλαὶ
452 1559 506 1593 γὰρ
520 1559 566 1584 καὶ
583 1558 637 1584 τῶν
652 1559 824 1595 σταυρωσάνη-

58 1606 99 1626 tm
111 1602 228 1637 μυριάδες
241 1602 416 1635 ἐπίστευσαν,
433 1603 478 1630 καὶ
495 1603 646 1638 ἐσώθησαν.

89 1646 256 1682 Ἐπίϐλεψον
272 1649 316 1681 εἰς
328 1648 385 1682 τὴν
396 1649 543 1683 διαθήκην
557 1657 625 1677 σου.
645 1651 760 1686 ’Έτερος
776 1651 825 1677 πα-

57 1690 89 1717 λιν
99 1694 228 1728 οἰκτιρμοῦ
257 1694 369 1730 τρόπος
385 1694 430 1728 ἀφ’
443 1691 480 1721 ὦν
503 1695 557 1730 γὰρ
577 1695 677 1729 ἀγαθὸς
701 1697 765 1731 περὶ
777 1697 826 1723 αὺ-

56 1738 106 1769 τοὺς
121 1740 222 1772 ἐγένετο
243 1740 403 1775 διαθέμενος
421 1740 553 1777 διαθήκην
569 1742 670 1773 αὐτοῖς,
687 1742 741 1768 ἀπὸ
764 1742 825 1769 τού-

55 1790 98 1808 των
112 1784 274 1813 ἐπισπῶνται
296 1785 343 1812 τὸν
371 1785 455 1812 ἔλεον.
483 1786 547 1813 ’Ὁτι
563 1786 781 1820 ἐπληρώθησαν
797 1789 824 1815 ol

56 1827 240 1864 ἐσκοτωμένοι
268 1831 324 1865 τῆς
348 1831 405 1866 γῆς
428 1831 518 1858 οἴκων
532 1832 674 1866 ἀνομιῶν.
694 1834 727 1860 "O
749 1833 823 1867 λέγει

56 1874 156 1915 τοιοῦτόν
181 1877 262 1904 ἐστιν*
285 1877 318 1904 Εἰ
345 1878 391 1904 καὶ
406 1877 518 1913 πλήρεις
546 1879 657 1910 σκότους
682 1879 823 1913 γεγόνασιν

57 1916 111 1946 οἶκοι
125 1921 209 1948 πολλοὶ
218 1922 263 1949 διὰ
274 1923 325 1954 τὰς
338 1924 377 1954 εἰς
394 1923 434 1955 σὲ,
448 1923 544 1959 Κύριε,
562 1925 747 1960 γεγενημένας
758 1925 823 1960 παρ’

57 1964 129 1991 αὑτῶν
144 1968 264 2002 ἀνομίαςο
283 1967 352 1994 ἀλλὰ
374 1968 410 2004 μὴ
436 1969 489 2000 πᾶς
519 1970 533 1995 ὁ
562 1969 625 2001 λαδς
650 1970 822 2006 ἀποστραφῇ,

59 2011 111 2045 μηδὲ
124 2013 232 2051 αἰσχύνῃ
244 2014 396 2050 παραδοθῇ.
412 2013 490 2050 Εἶχον
510 2015 563 2051 γάρ
578 2025 649 2047 τινες
670 2017 698 2043 ἐν
718 2018 823 2049 ἑαυτοῖς

58 2059 172 2093 σωτηρῖας
184 2059 288 2092 ἐλπίδα,
316 2061 340 2087 οἳ
362 2061 408 2087 καὶ
427 2060 470 2087 διὰ
485 2061 538 2087 τῶν
553 2062 707 2089 ἀποστόλων
720 2063 823 2099 ἐσώθη-

59 2109 104 2132 σςιν,
119 2105 160 2130 καὶ
169 2105 283 2139 μάλιστα
299 2106 453 2142 διὰΠὲτρου
464 2107 492 2133 ὲν
508 2109 566 2138 ταῖς
579 2107 823 2144 πρώταιςδημηγο-

59 2147 124 2179 βίαις,
137 2150 171 2181 ὡς
184 2151 252 2177 κατὰ
268 2151 436 2187 τρισχιλίους
460 2152 508 2179 καὶ
524 2153 758 2188 πεντακισχιλίους
777 2154 822 2181 καὶ

58 2194 167 2228 μυριάδας
180 2197 277 2229 αὐτοὺς
288 2197 425 2231 γενέσθαι.

837 1583 858 1612 C

843 912 864 939 Β

854 2099 962 2133 Ἰοι-ιιηι
978 2114 1060 2141 opera
1087 2107 1202 2134 salutem
1227 2099 1387 2134 uacli'sunt
1415 2114 1422 2132 :

882 279 965 314 gestis
983 279 1010 305 in
1031 278 1149 309 deserto,
1165 277 1273 311 quando
1299 277 1427 312 populum
1448 284 1480 303 ex
1496 280 1571 311 petra
1585 281 1663 311 pota-

882 325 930 352 vit.
945 323 984 350 Tu
995 323 1102 350 siccasti
1116 322 1210 357 ﬂuvios
1226 321 1332 349 Etham.
1357 321 1453 349 Eth’am
1473 322 1665 356 interpretatur

882 377 989 403 auster;
1004 379 1066 398 nam
1079 371 1111 398 ad
1124 376 1246 397 austrum
1263 369 1419 397 Iudaeorum
1434 369 1551 405 regionis
1571 367 1665 396 Jorda-

882 419 924 446 uis
935 419 1003 446 situs
1021 422 1071 445 est.

918 463 1019 494 16.17.
1037 463 1107 489 Tuus
1124 467 1161 489 est
1174 462 1228 489 dies
1248 466 1272 488 et
1289 466 1335 488 tua
1356 464 1393 488 est
1417 468 1479 487 nox.
1502 459 1559 486 Non
1575 459 1660 486 solum

882 509 980 544 inquit,
999 509 1025 536 in
1043 509 1111 535 mari
1124 507 1217 535 Rubro
1232 511 1258 534 et
1286 507 1313 534 iu
1337 507 1444 534 deserto
1465 507 1532 533 bona
1551 506 1662 540 largitus

883 565 912 585 es
931 557 1028 589 nobis;
1051 557 1098 584 sed
1121 556 1202 583 etiam
1228 555 1277 582 toti
1302 553 1440 581 hominum
1469 553 1560 589 generi
1592 552 1661 579 bona

881 603 978 630 tribuis
992 611 998 630 :
1020 602 1076 630 sive
1087 601 1157 629 diem
1173 606 1254 636 atque
1272 603 1391 632 noctem,
1415 599 1472 626 sive
1483 598 1567 626 solem
1587 602 1613 624 et
1625 597 1663 624 lu-

882 656 944 675 nam
956 648 1093 681 condens;
1123 647 1180 675 sive
1204 651 1335 678 aestatem,
1353 650 1380 673 et
1398 651 1510 672 vernum
1537 648 1661 677 tempus,

881 693 937 721 sive
951 693 1081 721 terminos
1096 693 1123 720 in
1142 697 1212 720 terra
1224 692 1402 720 constituens.
1416 689 1473 717 Hoc
1485 694 1575 716 autem
1591 696 1663 715 nunc

881 740 962 768 aitad
979 746 1096 775 praesens
1109 738 1240 766 auxilium
1271 745 1396 765 evocans.
1414 736 1502 770 Quare
1518 736 1556 763 ait
1573 746 1579 762 :
1609 734 1663 762 Me-

880 795 940 814 mor
950 791 1009 814 esto
1033 786 1146 820 hujusce
1168 789 1298 812 creaturae
1311 787 1374 811 tum.
1400 783 1427 810 Si
1444 787 1553 818 propter
1573 781 1661 808 homi-

880 840 938 865 nes,
952 832 1051 866 inquit,
1079 834 1218 858 creaturas
1237 828 1394 859 condidisti,
1418 827 1508 863 praebe
1529 826 1661 853 auxilium

880 880 913 907 iis
928 886 1043 914 quorum
1062 885 1144 906 causa
1161 881 1292 904 creaturae
1305 875 1419 903 condita:
1434 879 1507 903 sunt.

915 968 958 996 18.
976 968 1077 996 Memor
1089 967 1243 1002 esto/tujus,
1257 967 1379 994 inimicus
1399 965 1584 1001 improperavit
1603 964 1659 997 tibi,

878 1015 999 1043 Domine.
1015 1013 1162 1048 Postquam
1193 1021 1241 1047 per
1257 1017 1388 1040 creaturae
1405 1016 1506 1038 statum
1533 1011 1566 1038 ad
1580 1010 1662 1038 mise-

877 1061 1009 1088 rationem
1021 1059 1111 1094 populi
1131 1058 1213 1085 Deum
1230 1058 1362 1090 evocavit,
1378 1057 1432 1084 alio
1447 1065 1556 1084 rursum
1580 1056 1660 1084 modo

877 1106 910 1134 ad
939 1105 1154 1133 misericordiam
1185 1108 1275 1131 vocat.
1297 1103 1346 1131 Hic
1378 1108 1469 1131 autem
1498 1103 1596 1131 modus
1620 1109 1661 1130 est

877 1152 949 1188 quod
962 1151 1089 1178 inimicus
1117 1150 1259 1186 magniﬁce
1285 1149 1393 1178 sentiat.
1412 1148 1446 1176 Et
1470 1148 1582 1184 populus
1594 1148 1660 1175 insi-

875 1198 1082 1234 pieusincitauit
1109 1205 1202 1224 nomen
1234 1201 1318 1223 tuum.
1348 1195 1415 1222 Vide
1442 1203 1551 1222 rursum
1579 1194 1659 1221 aliam

876 1241 1123 1270 commiseratiouis
1136 1242 1281 1273 rationem,
1300 1241 1365 1276 quia
1382 1240 1485 1269 scilicet
1499 1239 1601 1267 inimici
1617 1239 1660 1266 in-

875 1288 994 1315 citarunt
1006 1294 1105 1314 nomen
1121 1286 1190 1321 ejus.

912 1332 956 1360 i9.
973 1331 1014 1359 Ne
1041 1331 1134 1358 tradas
1161 1331 1250 1358 bestiis
1273 1331 1390 1357 animum
1412 1329 1575 1365 conﬁtentem
1601 1328 1657 1355 tibi.

875 1377 1004 1405 Extendit
1031 1377 1281 1404 eommiseralionis
1309 1384 1433 1410 causam,
1459 1375 1584 1403 inimicos
1609 1383 1658 1402 vo-

875 1431 943 1457 cans
951 1423 1063 1451 bestias.
1081 1422 1150 1456 Quia
1170 1423 1216 1458 qui
1233 1427 1380 1457 peccarunt
1396 1430 1444 1457 per
1458 1421 1657 1449 confessionem

874 1471 980 1498 veniam
993 1473 1206 1504 consequuntur.
1219 1468 1306 1504 Rogat
1317 1473 1406 1495 autem
1421 1473 1450 1496 ut
1462 1471 1496 1495 he
1507 1467 1564 1502 pari
1578 1467 1659 1494 modo

875 1516 963 1544 omnis
981 1515 1065 1544 Israel
1076 1519 1176 1550 pereat,
1191 1515 1264 1550 quod
1279 1515 1360 1542 etiam
1375 1513 1475 1542 factum
1489 1518 1542 1541 est.
1570 1512 1660 1540 Multa:

876 1570 992 1598 namque
1016 1561 1150 1597 myrindes
1173 1568 1268 1588 eorum
1284 1560 1330 1595 qui
1358 1560 1497 1588 Christum
1515 1559 1659 1587 crucitixe-

875 1611 949 1639 runt,
959 1611 1051 1642 postea
1066 1606 1240 1633 crediderunt
1249 1608 1276 1633 et
1288 1606 1401 1632 salutem
1418 1609 1571 1633 consecuta:
1584 1611 1658 1632 sunt.

908 1654 953 1681 20.
970 1653 1077 1688 Respice
1102 1652 1130 1679 in
1149 1656 1331 1679 testamentum
1354 1657 1437 1679 tuum.
1456 1651 1531 1679 Alius
1559 1651 1657 1678 iterum

874 1697 1120 1725 commiserationis
1143 1695 1242 1723 modus
1257 1695 1379 1728 affertur,
1397 1696 1470 1731 quod
1485 1696 1557 1723 enim
1588 1695 1659 1723 Deus

874 1751 938 1778 erga
952 1743 1012 1771 illos
1039 1743 1129 1770 bonus
1149 1746 1176 1769 et
1204 1742 1323 1769 clemens
1349 1741 1440 1775 fuerit,
1467 1745 1656 1769 testamentum

874 1788 942 1815 dans
954 1787 1019 1819 illis,
1036 1787 1101 1814 hinc
1111 1781 1324 1815 misericordiam
1338 1787 1388 1814 sibi
1412 1787 1548 1815 attrahere
1559 1795 1659 1815 couau-

875 1838 928 1861 tur.
946 1829 1017 1866 Q‘uia
1030 1832 1122 1867 repleti
1150 1836 1210 1859 sunt
1224 1833 1270 1868 qui
1283 1829 1421 1860 'abscurati
1435 1837 1495 1859 sunt
1521 1837 1598 1860 terra:
1611 1833 1659 1860 do—

874 1880 957 1907 mibus
973 1879 1154 1914 iniqttitatum.
1171 1878 1248 1912 Quod
1269 1878 1306 1906 ait
1318 1879 1451 1914 ejusmodi
1467 1882 1527 1906 est:
1546 1878 1657 1907 Etiamsi

874 1925 966 1953 multae
990 1925 1089 1953 domus
1101 1925 1136 1952 ob
1150 1925 1320 1960 iniquitatem
1338 1932 1401 1960 erga
1415 1928 1441 1952 te
1462 1925 1593 1959 ipsarum,
1618 1929 1659 1952 te-

873 1971 965 1999 nebris
979 1971 1065 2006 plena:
1080 1970 1202 1998 fuerunt:
1233 1975 1260 1997 at
1278 1977 1371 2005 quaeso
1391 1977 1425 1997 ne
1440 1970 1528 1998 omnis
1542 1971 1658 2006 populus

873 2017 1027 2052 abjieiatur,
1054 2021 1082 2044 et
1105 2016 1224 2044 infamiae
1247 2017 1382 2044 tradatur.
1401 2015 1563 2043 Habuerunt
1584 2017 1656 2044 enim

873 2062 983 2097 quidam
997 2062 1024 2089 in
1037 2062 1134 2097 seipsis
1148 2069 1222 2096 spem
1241 2061 1349 2100 salutis,
1367 2061 1415 2096 qui
1442 2061 1524 2088 etiam
1550 2067 1658 2096 aposto-

1453 2105 1574 2133 maxime
1594 2114 1657 2133 vero

873 2152 1011 2188 prioribus
1035 2151 1109 2179 Petri
1136 2151 1326 2184 concionibus,
1343 2151 1388 2178 ubi
1405 2151 1486 2178 modo
1508 2155 1549 2178 ter
1573 2151 1657 2185 mille,

873 2198 955 2225 modo
972 2198 1118 2233 quinquies
1133 2198 1215 2232 mille,
1227 2197 1309 2224 modo
1323 2196 1404 2224 etiam
1417 2196 1553 2233 myriades
1567 2205 1659 2225 acces-

837 2249 859 2277 ι’)
872 2250 932 2270 sere
943 2243 976 2270 ad
996 2243 1086 2270 ﬁdem.

84 2279 208 2317 [Πτωχὸς
232 2285 280 2311 καὶ
304 2285 398 2319 πένης
416 2286 572 2313 αἱνέσουσι
587 2287 620 2314 τὸ
635 2287 730 2323 ὄνομά
751 2297 820 2317 σου.

56 2323 188 2361 Σιοθέντων,
221 2331 298 2366 φησι,
321 2330 376 2357 τῶν
397 2331 532 2366 σωτηρίας
561 2332 653 2364 ἀξίων,
678 2335 692 2360 ὁ
718 2336 822 2370 πτωχὸς

56 2370 181 2405 πνεύματι,
191 2374 329 2401 τουτέστιν
345 2376 359 2401 ὁ
375 2375 427 2401 τῶν
453 2375 610 2402 ἀποστόλων
641 2377 730 2413 χορὸς,
753 2379 821 2405 κατὰ

54 2415 86 2446 τὸ.
99 2419 231 2454 Μακάριοι
246 2423 273 2448 οἱ
287 2421 398 2455 πτωχοὶ
416 2421 627 2457 τῷ-πνεύματι,
638 2424 686 2455 τὰς
698 2433 738 2451 σοι
757 2434 822 2460 πρε-

56 2462 141 2496 πούσας
154 2465 340 2502 ἁναπέμπουσι
352 2467 527 2504 δοξολογίας.]

88 2510 210 2543 Ἀνάστα,
231 2515 247 2539 ό
260 2514 341 2546 Θεὸς,
357 2514 485 2541 δι’)ιασον
501 2515 558 2550 τὴν
584 2515 673 2550 δίκην
692 2524 759 2544 σου.
775 2517 822 2549 Εἰς

54 2554 95 2603 ξ’]πδ
109 2557 156 2582 τῶν
169 2558 364 2594 ἀπατησάντων
378 2561 424 2587 τὸν
448 2561 511 2588 λαὸν
532 2562 666 2597 τιμωρίαν
694 2563 821 2590 ἱκετεύων

54 2599 185 2636 ita-timet
199 2603 241 2629 τὸν
251 2604 324 2631 Θεόν.
334 2605 489 2639 Μνήσθητι
501 2606 554 2633 τοῦ
568 2607 738 2642 όνειδισμοῦ
751 2617 818 2635 σου.

54 2643 125 2690 iii)“
140 2646 181 2673 διὰ
198 2648 244 2674 τοῦ
262 2649 341 2676 αὐτὸν
356 2651 533 2683 ρνειδίζεσθαι
554 2653 594 2684 εἰς
618 2650 707 2679 οἶκτον
724 2655 820 2681 ἐπικα-

56 2689 127 2716 λεῖται
136 2691 179 2719 τδν
197 2693 273 2721 Θεάν.

55 2732 99 2765 Εἰς
127 2735 157 2762 τὸ
190 2738 291 2773 τέλος,
327 2741 369 2775 μὴ
405 2741 596 2776 διαφθείρῃς,
637 2743 676 2777 τῷ
717 2745 819 2780 Ἀσάφ.

299 2788 460 2815 ΨΑΛΜΟΣ.
489 2790 549 2815 OA'.

344 2832 503 2866 ’Υπόθεσ‹ς.

143 2872 190 2902 ire)
209 2876 237 2902 τὸ
252 2878 389 2908 πρόσωπον
413 2879 465 2906 τῶν
483 2880 637 2907 ἀποτῖόλων
654 2881 819 2917 εἰσφέρεται,

61 2867 96 2894 Ἐἰ
112 2879 136 2897 το

909 2288 971 2324 [21.
998 2288 1104 2323 Pauper
1125 2293 1149 2315 et
1174 2289 1247 2323 inops
1274 2289 1420 2318 laudabunt
1447 2299 1540 2318 nomen
1572 2295 1657 2317 tuum.

872 2335 1032 2370 Postquam,
1062 2335 1161 2370 inquit,
1192 2336 1306 2363 salutem
1322 2336 1462 2365 consecuti
1485 2341 1549 2365 sunt
1561 2336 1606 2372 qui
1625 2344 1657 2363 ea

871 2380 946 2414 digni
964 2384 1038 2413 sunt,
1068 2387 1171 2415 pauper
1199 2381 1312 2415 spiritu,
1336 2382 1442 2410 scilicet
1469 2383 1656 2418 apostolorum

871 2426 972 2459 chorus
982 2446 989 2459 ,
1010 2426 1160 2454 secundum
1173 2426 1251 2460 illud,
1276 2427 1355 2455 Beati
1378 2436 1504 2464 pauperes
1515 2429 1612 2464 spiritu
1623 2429 1657 2461 “.

871 2475 1050 2505 congruentes
1066 2471 1113 2499 tibi
1128 2471 1222 2499 laudes
1233 2472 1356 2508 emittit.]

906 2516 949 2542 22.
974 2516 1104 2553 Exsurge,
1133 2517 1215 2550 Deus,
1243 2519 1340 2553 judice
1365 2527 1474 2547 causam
1495 2524 1579 2547 tuam.
1600 2519 1658 2547 "ac

871 2562 1069 2596 supplicatione
1095 2563 1180 2590 Deum
1201 2564 1303 2591 excitat
1326 2565 1359 2592 ad
1387 2566 1551 2601 supplicium
1574 2566 1607 2594 de
1622 2566 1656 2593 iis

871 2607 1032 2634 sumendum
1047 2608 1093 2643 qui
1127 2609 1256 2644 populum
1280 2610 1457 2645 deceperunt.
1486 2611 1587 2638 Memor
1601 2618 1657 2639 esto

871 2654 1022 2688 improperii
1049 2654 1097 2681 tui.
1130 2654 1249 2682 Rursum
1277 2656 1341 2690 quia
1380 2656 1438 2691 ipse
1458 2658 1656 2692 improperatus

872 2699 922 2726 fuit
937 2699 969 2726 ad
987 2699 1200 2728 misericordiam
1219 2700 1303 2728 Deum
1319 2707 1407 2730 vocat.

872 2745 897 2770 l.
914 2744 948 2771 In
974 2745 1064 2779 ﬁnem,
1091 2754 1122 2772 ne
1158 2755 1321 2781 corrumpas.
1357 2747 1527 2776 PSALJIUS
1555 2748 1654 2782 Amp/1.

1196 2793 1289 2820 LXXI
1300 2793 1327 2820 V.

1157 2839 1357 2873 Argumentum.

872 2882 899 2910 lu
929 2883 981 2912 hoc
1002 2884 1108 2919 psalmo
1133 2893 1249 2920 persona
1284 2885 1470 2920 apostolorum
1499 2886 1654 2920 inducitur,
