1922 3057
42 155 89 182 5ίό

566 155 749 185 ΕΧΡΟΞΙΤΙΟ
766 156 799 183 IN
817 156 983 185 PSALMUM
1003 157 1122 185 LXXVI.

1610 157 1662 185 346

43 213 115 248 μένα,
131 213 223 247 φησὶν,
250 213 328 240 ἔσται
345 213 374 240 ὲν
386 213 424 249 τῷ
451 213 515 250 θείῳ
532 214 710 252 δικαστηρίῳ,
728 216 815 243 τούτοι

878 225 907 244 ea
931 226 991 253 quae
1009 226 1093 254 supra
1110 218 1230 246 diximus
1255 218 1282 244 in
1299 217 1392 244 divino
1409 217 1536 245 tribunali
1556 217 1662 244 conlin-

42 259 114 293 χάριν
125 258 176 290 ἕως
189 259 253 285 me
269 261 299 286 ἑν
314 259 352 294 τῷ
370 260 483 296 παρόντι
509 260 569 296 βίῳ,
585 261 699 294 εὔξασθε
713 262 752 298 τῷ
766 263 824 289 Κυ-

44 305 87 339 ρίῳ
98 304 204 338 ἀγαθῶν
221 305 312 341 ἔργων
325 304 393 333 εἶναι
404 307 579 343 ἐπιμεληταὶ,
600 308 648 334 καὶ
668 308 769 335 τούτων
786 307 823 343 μὴ

43 348 182 385 βραδύνητε
197 351 363 384 ποιήσασθαι
378 351 427 387 τὴν
444 352 581 380 ἀπόδοσιν.
597 354 730 389 Κομιοῦσι
750 354 777 380 δὲ
789 354 824 380 τὰ

42 395 119 431 δῶρα,
136 395 187 422 ὑπὸ
212 396 268 423 τῶν
282 398 472 433 γεγενημένων
497 399 743 435 ὲκδειματωθέντες
757 399 823 426 θαυ-

45 442 138 477 μάτων.

76 486 115 520 Τῷ
125 488 236 522 φοϐερῷ
255 489 305 516 καί
324 489 531 525 ἀφαιρουμένῳ
543 491 696 526 πνεύματα
712 492 822 526 ἀρχόν-

44 543 104 561 των.
139 536 365 570 Ἐπαγγείλασθε,
390 538 482 572 φησὶν,
503 537 691 573 ἀγαθοεργεῖν,
711 538 821 571 εἰδότες,

43 581 76 613 ὡς
90 582 127 608 δεῖ
142 583 212 617 ὑμᾶς
226 584 255 609 ὲν
273 583 370 618 ἐκείνῳ
386 583 548 618 γενομένους
570 583 609 618 τῷ
631 584 717 619 τόπῳ,
741 584 822 610 οἱονεὶ

43 628 108 663 δῶρα
131 628 177 660 τὰς
200 628 308 655 ἑαυτῶν
334 628 448 664 πράξεις
473 631 657 665 προσαγαγεῖν
682 629 721 665 τῷ
750 629 819 664 Θεῷ.

45 674 126 706 Οὕτως
149 675 176 700 δὲ
191 675 204 700 ὁ
221 674 289 706 Θεὸς
305 674 418 710 φοὸερός
429 676 511 708 ἐστιν,
527 675 565 706 ὡς
578 675 624 701 καὶ
639 675 692 701 ἀπὸ
706 675 759 701 τῶν
772 675 821 701 πά-

45 720 82 746 λαι
103 719 233 756 ἀρξάντων
259 721 307 747 καὶ
328 721 481 756 γενομένων
511 721 636 756 πονηρῶν
662 720 692 747 τὸ
712 720 821 756 πνεῦμα

44 767 251 802 ἀφαιρεθήσεται.
278 767 324 793 Ἐν
338 767 393 802 γὰρ
412 767 508 802 ἐκείνῳ
521 767 559 802 τῷ
575 767 638 802 θείῳ
652 767 699 793 καὶ
713 767 820 803 φοῦερῷ

46 814 135 848 βήματι
155 814 183 847 ἐξ
196 814 313 840 ἑκάστου
327 813 382 840 τῶν
397 814 596 849 ἡμαρτηκότων
619 814 774 850 ἀφαιρεῖται
790 814 820 841 τὺ

44 860 108 886 δοθὲν
122 859 163 886 διὰ
176 860 221 886 τοῦ
239 860 438 895 βαπτίσματος.
461 861 513 887 Καὶ
524 861 602 887 τοῦτό
618 862 691 888 ἐστιν
702 862 716 888 ὅ
733 863 747 889 ὁ
760 862 818 888 Κύ-

877 269 950 298 gent,
965 265 1035 297 ideo,
1050 264 1115 292 dum
1132 264 1160 291 in
1180 264 1307 299 praesenti
1325 264 1378 290 vita
1399 263 1477 295 estis,
1497 267 1590 290 vovete
1608 262 1661 288 Do-

877 311 960 344 mino,
975 319 1023 339 vos
1036 312 1068 338 de
1081 311 1158 338 bonis
1173 311 1300 345 operibus
1316 310 1443 344 deinceps
1455 309 1566 337 edendis
1582 317 1662 336 ettra—

877 362 964 390 turos,
979 361 1006 384 et
1028 365 1061 384 ne
1078 356 1188 384 tardetis
1205 364 1238 384 ea
1257 361 1320 383 vota
1335 356 1457 390 implere.
1477 355 1596 382 All‘erent
1612 362 1661 382 au-

875 407 928 430 tem
948 410 1071 436 munera,
1091 402 1226 437 perterriti
1240 402 1273 428 de
1289 401 1459 428 mirabilibus
1475 400 1566 428 editis.

910 491 952 519 15.
970 491 1091 518 Terribili
1107 495 1131 518 et
1144 491 1167 518 ei
1186 491 1230 526 qui
1247 490 1333 524 aufert
1353 490 1475 525 spiritum
1500 490 1658 524 principum.

875 537 1038 569 Promittite,
1058 537 1155 572 inquit,
1171 545 1220 564 vos
1243 537 1313 563 bona
1329 544 1411 570 opera
1427 536 1560 567 edituros,
1583 534 1659 569 gnari

875 588 1000 617 oportere
1017 590 1066 609 vos
1087 582 1114 608 in
1133 581 1178 608 illo
1201 581 1260 608 loco
1287 581 1466 612 constitutos,
1486 579 1562 614 quasi
1588 579 1659 605 dona

874 635 956 662 opera
972 631 1060 655 vestra
1076 626 1173 654 offerre
1186 626 1250 653 Deo.
1271 625 1320 653 Hic
1337 631 1426 653 autem
1442 625 1514 652 Deus
1531 623 1660 651 terribilis

873 679 924 701 est.
941 673 1033 709 Itaque
1047 674 1081 700 ab
1100 673 1133 700 iis
1151 673 1197 708 qui
1220 673 1283 699 olim
1305 672 1475 707 imperarunt
1496 676 1522 698 et
1543 669 1660 705 improbi

873 720 984 747 fuerunt
1005 719 1117 754 spiritus
1140 718 1289 746 auferetur.
1318 717 1345 744 ln
1370 716 1462 744 divino
1486 723 1603 751 namque
1627 723 1660 742 ac

874 765 985 794 terribili
1008 765 1055 792 illo
1074 765 1202 792 tribunali
1222 771 1237 791 a
1264 763 1380 798 singulis
1401 762 1591 798 peccatoribus
1610 769 1660 788 au-

873 812 974 839 feretur
986 810 1099 846 spiritus
1119 817 1166 844 per
1187 809 1352 844 baptismum
1372 808 1459 846 datus.
1482 807 1515 834 Et
1536 807 1601 834 illud
1617 810 1659 834 est

872 858 943 894 quod
956 857 1087 884 Dominus
1100 856 1206 884 dicebat
1219 865 1225 883 :
1243 855 1383 882 Exscindet
1396 861 1496 880 seri-um
1512 852 1658 887 improbum

46 914 92 940 ριος
106 906 186 940 ἑλεγευ
203 906 403 941 Διχοτομήσει
418 906 473 932 τὸν
495 906 610 934 δοῦλον
621 907 674 933 τὸν
686 908 815 941 πονηρὸν

878 905 991 932 lominus
1006 903 1063 937 ejus
1084 903 1189 937 quando
1205 901 1315 934 uenerit,
1329 905 1354 928 et
1370 899 1515 935 portionem
1529 898 1586 933 ejus
1599 901 1657 932 post

44 951 127 978 ἐλθὼν
145 953 160 978 ὀ
177 951 280 986 κύριος
291 951 398 985 αὐτοῦ,
419 951 469 978 καὶ
483 951 515 978 τὸ
536 952 628 986 μέρος
641 953 734 980 αὐτοῦ
747 952 821 987 μετὰ

46 997 90 1024 τὸν
100 998 221 1025 ἄπιστον
236 997 337 1032 θήσει.

72 1043 116 1076 Εἰς
127 1043 156 1070 τὸ
177 1043 276 1076 τέλος,
306 1042 383 1077 ὑπὲρ
403 1042 542 1078 Ἰδιοοὺμ,
573 1045 727 1071 ΨΑΛΜΟΣ
745 1043 785 1076 τῷ

325 1092 431 1127 Ἀσάφ.
458 1094 520 1121 οΣ¹.

342 1138 349 1149 '
355 1140 377 1165 Υ
376 1140 509 1173 πόθεσις.

49 1179 162 1214 Ἀκούσας
179 1182 297 1219 ἾδιΘοὺμ
311 1184 345 1211 τὰ
366 1185 502 1220 λεγόμενα
529 1185 655 1221 περὶτοῦ
674 1185 738 1212 λαοῦ
764 1186 818 1212 τῶν

76 1225 205 1263 Ἑϐραίων·
220 1230 308 1257 ταῦτα
323 1231 350 1257 δὲ
359 1229 391 1267 ἦν
399 1232 472 1258 τάδε’
482 1232 549 1259 Ἵνα
558 1232 587 1258 τί
598 1234 614 1259 d
626 1232 697 1265 Θεὸς
709 1231 819 1259 ἀπώσω

72 1273 109 1305 εις
122 1273 225 1307 τέλος
251 1276 404 1311 ὑπερήλγει
421 1277 469 1303 καὶ
492 1278 665 1312 ἐταράττετο,
683 1277 731 1313 τὴν
750 1286 819 1304 παν-

71 1318 126 1354 τελῆ
142 1321 229 1347 αὐτῶν
245 1322 383 1358 ἀποϐολὴν
409 1323 525 1358 θρηνῶν.
562 1322 629 1350 Εἶτα
665 1324 817 1358 συντίθησιν

71 1365 135 1400 αὐτῷ
150 1367 163 1393 ὁ
184 1367 270 1402 Ἀσὰφ
283 1368 401 1403 ψαλμὸν,
418 1369 552 1396 διδάσκων
566 1370 658 1401 αὐτὸν,
671 1371 708 1402 ὡς
723 1372 752 1397 ὲν
762 1372 818 1402 τοῖς

73 1410 128 1444 περὶ
138 1411 236 1438 τούτων
251 1414 395 1449 πράγμασι
408 1414 475 1449 πρὸς
496 1414 576 1449 μόνον
591 1415 635 1442 τὸν
650 1415 716 1441 Θεὸν
732 1424 816 1442 κατα-

72 1455 171 1491 φεύγειν
184 1458 232 1490 δεῖ,
244 1459 374 1485 κάκεῖθεν
385 1460 433 1495 τὴν
444 1460 621 1496 παραμυθίαν
631 1461 815 1496 εὑρίσκεσθαι·

71 1501 159 1529 διὸκαὶ
173 1505 323 1540 ἁρχόμενός
342 1514 418 1541 φησι·

73 1548 148 1583 (lion-ﬁ
160 1558 217 1583 μου
241 1551 318 1585 πρὸς
334 1553 444 1586 Κίιριον
467 1552 632 1586 ἐκέκραξα,
653 1551 738 1587 φωνῇ
756 1562 815 1587 μου

45 1595 105 1627 πρὸς
118 1596 167 1622 τὸν
183 1597 268 1631 Θεὸν,
285 1598 335 1624 καὶ
352 1598 505 1633 προσέσχε
517 1608 578 1633 μοι.
594 1600 720 1626 Διδάσκει
735 1601 815 1636 ἀρχό-

47 1647 111 1672 μενος
122 1641 165 1668 τοῦ
179 1642 286 1678 ψαλμοῦ
304 1643 343 1678 τῷ
362 1643 488 1680 Ἱδιθοῖδμ,
502 1645 539 1676 ὡς
550 1646 633 1679 ἐγγὺς
646 1646 746 1681 Κυριος
759 1648 814 1678 τοῖς

46 1686 245 1721 ἐπικαλουμένοις
262 1689 355 1717 αὐτόν.

78 1732 121 1758 Ἔν
134 1735 224 1769 ᾑμέρᾳ
251 1735 384 1770 θλίψεως
407 1745 467 1771 μου
493 1736 547 1763 τὸν
564 1737 638 1764 Θεὸν
652 1737 816 1772 ἑξεζήτησα

46 1777 96 1810 ταῖς
106 1780 185 1813 χερσὶ
211 1790 270 1816 μου
288 1782 397 1815 νυκτὸς
416 1783 555 1808 ἐναντίον
574 1783 679 1814 αὑτοῦ,
695 1783 745 1810 καὶ
759 1784 815 1810 οὐκ

45 1822 189 1875 ἠπατήθηγ.
215 1828 352 1864 Τοσαύτη,
380 1829 457 1864 φησὶ,
475 1829 637 1864 περιέκλυσε
653 1829 741 1864 θλίψις
765 1830 815 1866 τὴν

46 1869 117 1903 Ψυχὴν
130 1879 186 1905 μου,
197 1872 233 1904 ὡς
248 1874 278 1899 οὐ
309 1873 388 1908 μόνον
415 1873 475 1908 μεθ’
491 1875 598 1910 ἡμέραν
618 1875 668 1906 τὰς
696 1875 815 1907 ἱκετείας

47 1915 169 1948 ποιεῖσθαι,
193 1918 260 1946 ἀλλὰ
280 1919 335 1953 γὰρ
350 1920 397 1946 καὶ
412 1920 492 1946 αὑτὸν
508 1921 552 1947 τὸν
565 1921 659 1956 καιρὸν
675 1921 728 1948 τῶν
749 1930 814 1947 νυκ-

47 1959 88 1985 τῶν
102 1964 298 1992 καταναλίσκειν
308 1967 347 1997 εἰς
363 1967 526 2002 προσευχάς.
536 1967 617 1994 Ἀλλά
626 1968 711 1994 ταῦτα
726 1968 813 2003 πράτ-

47 2009 149 2036 immoti):
159 2011 197 2042 εἰς
213 2011 291 2038 κενὸν
307 2012 434 2048 ἔδραμον,
449 2013 498 2039 οὐκ
516 2014 557 2044 είς
575 2013 653 2040 κενὸν
670 2013 811 2040 ἐκοπίασα·

48 2052 160 2082 καὶτοῦτο
174 2057 230 2084 ἐστι
241 2059 282 2088 to.
297 2060 357 2086 Οὐκ
371 2059 540 2093 ἠπατήθηνα

79 2098 243 2134 Ἀπηνήνατο
256 2105 486 2138 παρακληθῆναι
503 2107 521 2140 ἡ
536 2105 621 2140 ψυχή
633 2115 704 2140 μου,
722 2105 813 2140 ἐμνή-

50 2150 66 2167 σ
67 2145 111 2177 θην
121 2147 166 2174 τοῦ
175 2149 256 2183 Θεοῦ,
271 2151 320 2177 καὶ
334 2151 515 2185 εὐφράνθην.
527 2151 687 2186 ’Λνθρώπων
703 2152 750 2187 μὲν
763 2161 814 2178 πα-

51 2191 169 2226 Ραέιυθίας,
196 2197 287 2231 φησὶν,
302 2196 360 2223 οὐδὲ
376 2198 440 2232 μιᾶς
455 2197 619 2233 ἠνεσχόμην·
639 2197 705 2233 μόνη
724 2197 752 2224 δέ
768 2206 812 2232 μοι

871 950 1003 983 inﬁdelem
1016 953 1094 985 portet
1107 948 1141 976 ⁸⁵,

970 1042 996 1070 1.
1018 1041 1051 1068 In
1067 1041 1156 1076 ﬁnem,
1173 1048 1221 1075 pro
1239 1039 1369 1071 Iditlmm,
1388 1035 1557 1065 PSALMUS

1145 1087 1246 1121 Asupll.
1264 1084 1397 1113 LXXVI.

1162 1132 1362 1167 Argumentum.

869 1180 936 1207 (ium
955 1179 1076 1207 audisset
1099 1178 1216 1206 ldithum
1241 1185 1301 1213 quae
1324 1176 1485 1204 dicebantur
1501 1175 1534 1202 de
1556 1173 1656 1209 populo

905 1226 1093 1256 Hebraeorum,
1105 1232 1165 1259 quae
1181 1224 1276 1252 istlltec
1286 1227 1364 1251 erant
1380 1232 1386 1250 :
1403 1220 1501 1257 thuid
1520 1220 1591 1248 Deus
1613 1228 1655 1248 re-

903 1272 996 1307 pulisti
1010 1272 1039 1298 in
1053 1271 1131 1306 finem
1144 1271 1157 1297 7
1171 1277 1344 1304 summopere
1362 1268 1472 1296 dolebat
1485 1271 1513 1295 et
1527 1267 1656 1294 turbaba-

903 1322 958 1349 tur,
972 1317 1067 1352 lugens
1079 1315 1151 1351 quod
1169 1315 1281 1342 omnino
1297 1314 1395 1349 abjccti
1417 1313 1560 1348 fugissent.
1584 1311 1655 1339 Tum

904 1363 931 1390 in
946 1363 1006 1397 ejus
1016 1362 1133 1397 gratiam
1151 1360 1243 1395 Asaph
1267 1360 1401 1394 psalmum
1417 1359 1483 1390 edit,
1502 1359 1604 1386 docens
1619 1357 1654 1383 il-

903 1409 971 1440 lum,
987 1408 1013 1435 in
1027 1407 1162 1443 ejusmodi
1176 1406 1294 1441 negotiis
1315 1405 1348 1432 ad
1365 1405 1450 1432 Deum
1473 1411 1533 1431 esse
1556 1401 1654 1430 confu-

902 1454 1030 1490 giendum
1048 1474 1056 1486 ,
1087 1459 1168 1487 atque
1200 1453 1262 1479 inde
1294 1451 1508 1479 consolationem
1534 1449 1654 1486 mutuari

902 1505 1029 1535 oportere
1045 1509 1051 1526 ε
1071 1507 1157 1534 quare
1169 1499 1208 1525 sic
1221 1498 1327 1525 orditur
1344 1507 1350 1524 :

902 1545 929 1572 2.
952 1545 1018 1572 Voce
1035 1552 1092 1571 mea
1108 1544 1141 1570 ad
1158 1543 1299 1569 Dominum
1314 1542 1437 1574 clamavi,
1453 1548 1521 1568 'voce
1544 1547 1603 1566 mea
1618 1539 1653 1566 ad

830 1572 850 1600 C
869 1591 961 1623 Deum,
973 1595 998 1617 et
1013 1589 1126 1617 intendit
1145 1590 1219 1616 mihi.
1238 1588 1377 1616 Psalmum
1386 1587 1496 1614 ordiens
1509 1586 1587 1614 docet
1600 1586 1652 1613 ldi-

867 1637 955 1670 thum,
972 1636 1045 1672 quod
1062 1644 1148 1671 prope
1170 1635 1206 1663 sit
1217 1634 1350 1662 Dominus
1367 1633 1561 1661 invocantibus
1577 1639 1652 1659 eum.

904 1738 931 1765 5.
949 1737 982 1764 1η
997 1737 1039 1764 die
1056 1735 1238 1763 tribulationis
1257 1743 1319 1762 mete
1343 1733 1426 1760 Deum
1452 1731 1582 1768 exquisivi
1596 1739 1652 1757 ma-

866 1783 942 1810 nibus
960 1783 1023 1809 meis
1043 1787 1116 1808 nocte
1131 1786 1225 1807 contra
1242 1788 1313 1811 eum,
1331 1784 1355 1806 et
1367 1786 1418 1805 non
1438 1785 1496 1805 sum
1516 1777 1650 1810 deceptus.

867 1828 965 1860 Tanta,
985 1827 1084 1861 inquit,
1105 1826 1244 1854 tribulatio
1261 1826 1390 1853 demersit
1405 1825 1524 1852 animam
1552 1832 1639 1851 meam

866 1878 896 1900 ut
911 1881 964 1900 non
982 1873 1070 1900 solum
1091 1873 1135 1900 die
1153 1872 1367 1907 supplicationes
1386 1871 1523 1904 olferrem,
1549 1871 1596 1898 sed
1623 1877 1651 1898 e.‘

866 1921 956 1956 ipsum
971 1921 1092 1948 noctium
1109 1924 1216 1954 tempus
1233 1919 1259 1946 in
1273 1919 1400 1953 precibus
1413 1919 1587 1945 insumerem.
1597 1916 1651 1944 Ve—

865 1974 925 1994 rum
951 1967 1007 1993 haec
1036 1973 1120 2001 agens
1140 1973 1194 1992 non
1213 1965 1322 1991 cucurri
1342 1964 1369 1991 in
1389 1971 1501 1995 vanum,
1518 1971 1572 1991 non
1591 1964 1650 1990 fru-

865 2017 921 2041 stra
946 2013 1066 2040 laboravi
1081 2021 1087 2039 :
1104 2017 1185 2046 atque
1201 2011 1227 2039 id
1257 2011 1309 2039 sibi
1333 2011 1390 2038 vult
1408 2011 1492 2038 illud:
1510 2010 1573 2037 Non
1592 2018 1651 2037 sum

864 2058 995 2093 deceptus.

898 2103 926 2130 4.
941 2102 1036 2129 Renut't
1051 2101 1183 2128 consolari
1197 2102 1288 2128 animo
1302 2110 1370 2134 mea,
1389 2109 1489 2128 memor
1499 2100 1540 2136 fui
1554 2100 1612 2132 Dei,
1624 2104 1650 2127 et

864 2149 1010 2176 delectatus
1027 2156 1096 2176 sum.
1121 2147 1226 2181 Nullas,
1244 2148 1345 2183 inquit,
1361 2148 1503 2175 hominum
1524 2147 1650 2174 consola-

866 2195 953 2222 tiones
966 2193 1159 2221 admittebam:
1188 2193 1235 2221 sed
1261 2193 1318 2221 sola
1342 2193 1390 2220 Dei
1407 2194 1538 2220 memoria
1556 2192 1649 2220 laetitia

50 2234 110 2267 ἧτοῦ
121 2237 180 2265 Θεοῦ
196 2243 287 2277 μνήμη
302 2242 455 2278 εὐφροσύνη
469 2243 582 2279 καρδίας
599 2243 715 2276 ἐγένετο.
732 2243 813 2270 Ἡδο-

878 2240 956 2268 ‘ordis
968 2244 1026 2267 erat.
1044 2239 1123 2266 mihi.
1139 2239 1308 2266 Exercitalus
1324 2247 1392 2272 sum,
1409 2243 1433 2265 ot
1450 2239 1545 2274 defecit
1570 2239 1650 2273 spiri-

49 2280 172 2316 λέσχησα,
191 2287 239 2313 καὶ
251 2288 466 2322 ὠλιγοψύχησε
475 2289 507 2315 τὸ
520 2289 639 2323 πνεῦμά
652 2298 722 2324 μου.
735 2289 809 2322 Ὅτε,

50 2328 110 2374 ξὲητὶ.
127 2329 254 2367 λογισμοῖς
274 2333 455 2370 ἀνθρωπίνοις
481 2334 625 2371 ἐχρώμην·
648 2334 728 2360 τοῦτο
756 2334 810 2369 γάρ

50 2378 94 2423 εστι
106 2374 139 2408 τὸ,
158 2377 374 2414 Ἦδολέο-χησα,
390 2381 452 2407 τότε
475 2381 507 2416 δὴ
516 2382 576 2408 τότε
590 2381 637 2407 καὶ
653 2382 693 2412 είς
712 2380 808 2415 ὀλιγω-

52 2424 98 2450 Ρίαν
110 2426 296 2462 κατεφερόμην.

78 2466 314 2499 Προκατελιὶϐοντο
335 2473 476 2508 φυλακὰς
502 2475 528 2500 οὶ
560 2473 710 2508 ὀφθαλμοί
735 2482 807 2508 μου,

51 2509 189 2546 ετηράχθην
211 2516 258 2542 καὶ
276 2518 332 2544 οὐκ
348 2517 497 2551 ἐλάλησα.
519 2518 604 2544 Τοῦτο
631 2518 702 2554 γὰρ,
731 2519 807 2554 φησὶ,

51 2555 202 2602 ξιράττεσθαι
211 2564 280 2589 ποιεῖ
290 2563 343 2590 τῶν
360 2563 465 2598 ἐχθρῶν
481 2563 741 2600 προκαταλαϐόντων
754 2565 808 2590 τῶν

52 2601 167 2648 ηξιετέρων
185 2607 305 2640 φυλακῶν
332 2609 396 2640 τοὺς
413 2608 521 2640 τόπους·
535 2609 658 2636 τουτέστι
672 2609 726 2635 τῶν
753 2619 805 2636 τει-

52 2651 94 2676 λων
105 2648 146 2680 τὰς
159 2651 285 2687 ἐπάλξεις.

55 2733 59 2737 .
79 2691 269 2734 Αιελογισάμην
293 2701 405 2735 ἡμέρας
421 2701 557 2736 ἀρχαίας.
579 2702 696 2734 Ἐκεῖνα,
714 2702 806 2737 φησὶν,

53 2737 150 2786 ε’ξενξονν
163 2745 216 2769 κατ’
230 2746 356 2780 ἐμαυτὸν,
383 2747 430 2773 καὶ
444 2748 632 2783 ἐταραττόμην
651 2747 710 2779 πῶς
724 2748 806 2774 πάλαι

56 2783 179 2818 μένδῧεδς
198 2789 298 2826 ἐϐοήθει
313 2793 352 2828 τῷ
364 2793 431 2828 λαῷ,
454 2793 512 2820 νυνὶ
537 2794 564 2820 δὲ
586 2793 724 2821 ἀπώσατο.
750 2795 804 2822 Καὶ

83 2859 101 2874 ⁸⁸
113 2860 168 2892 Luc.
184 2875 227 2902 xu,
245 2869 286 2897 46.

863 2293 904 2313 tus
919 2295 1000 2313 meus.
1016 2286 1085 2313 Cum
1101 2286 1241 2318 humanis,
1256 2286 1356 2320 inquit,
1371 2285 1467 2313 utebar
1477 2285 1648 2318 ratiociniis;

863 2332 889 2358 id
906 2332 977 2358 enim
996 2332 1132 2366 signiﬁcat
1152 2331 1218 2358 illud
1234 2340 1240 2358 :
1259 2331 1430 2358 Exercitatus
1447 2339 1516 2364 sum,
1540 2335 1605 2359 tunc
1621 2332 1649 2359 iu

860 2377 1039 2406 defectionem
1052 2379 1137 2406 animi
1154 2379 1276 2414 deiectus
1293 2386 1364 2406 sum.

898 2478 924 2505 5.
943 2478 1159 2514 Anticipaverunt
1174 2479 1280 2514 vigilias
1296 2479 1366 2506 oculi
1381 2480 1441 2511 mei,
1457 2481 1577 2506 turbatus
1591 2487 1649 2506 sum

861 2530 886 2551 et
903 2533 955 2552 non
971 2533 1029 2552 sum
1048 2525 1161 2552 locutus.
1178 2525 1234 2552 Hoc
1251 2533 1311 2557 nos,
1327 2525 1425 2560 inquit,
1451 2527 1479 2553 in
1507 2526 1650 2560 perturba-

863 2571 962 2598 tionem
975 2572 1097 2606 conjicit,
1116 2572 1188 2606 quod
1205 2572 1307 2599 inimici
1324 2572 1512 2600 custodiarum
1540 2577 1650 2599 nostra-

861 2625 921 2644 rum
937 2618 996 2645 loca
1015 2622 1159 2653 occupent,
1171 2618 1196 2645 id
1212 2623 1264 2653 est,
1278 2626 1418 2646 murorum
1431 2618 1648 2654 propugnacula.

897 2705 922 2731 6.
943 2704 1065 2740 Cogitavi
1089 2706 1144 2733 dies
1163 2711 1296 2741 antiquos.
1322 2706 1381 2738 llla,
1413 2705 1511 2740 inquit.
1538 2711 1646 2731 mecum

861 2751 1026 2785 cogitabam,
1043 2757 1071 2779 et
1087 2753 1217 2780 turbabar
1227 2752 1395 2788 perpendens
1411 2759 1465 2786 quo
1479 2754 1559 2785 pacto
1574 2749 1647 2775 Deus

859 2797 923 2825 olim
941 2798 1042 2834 populo
1058 2799 1254 2833 auxiliaretur,
1284 2807 1357 2826 nunc
1384 2803 1476 2826 autem
1503 2795 1645 2832 repulerit.
