1922 3057
231 142 281 170 351

652 141 680 168 5.
702 140 887 169 ATHANASU
907 142 981 170 OPP.
1002 142 1094 171 PARS
1112 143 1156 171 ΠΙ.
1177 160 1211 164 -
1229 144 1434 174 ΕΧΕΟΕἸΊΟΑ.

1804 147 1865 175 552

232 197 278 225 sed
305 203 353 231 pro
381 195 444 224 [iliis
460 204 553 224 eorum
575 197 666 224 omnia
695 197 847 226 Salvatoris
875 199 1034 228 mirabiliat

1082 201 1150 227 ὑτῶν
1171 203 1260 229 πάντα
1280 203 1434 238 πέπρακται
1451 203 1484 229 τὰ
1505 206 1580 239 παρὰ
1594 203 1641 230 τοῦ
1663 203 1794 238 Σωτῆρος
1814 211 1867 237 με·

232 250 314 278 opera
331 247 436 277 patrata
451 248 529 270 sunt:
545 251 630 278 quare
647 251 700 270 non
718 250 862 272 cessarunt
874 245 941 280 ipsis
953 254 1016 273 uar-

233 293 321 316 rantes
335 288 426 316 laudes
442 288 547 316 Domini
563 295 588 316 et
601 291 709 316 virtutes
719 290 786 324 ejus.

269 380 296 407 5.
310 379 345 406 Et
361 380 442 414 legem
457 380 544 413 posuit
571 380 598 405 in
616 378 712 407 Israel.
730 379 840 414 Legem,
856 380 955 414 inquit.
970 380 1017 408 dc-

233 425 272 452 dit
299 425 420 460 patrihus
441 432 536 451 eorum
551 445 558 456 ,
576 429 603 451 et
622 425 828 452 tabernaculum
856 425 1015 458 testimonii,

235 471 380 497 instituens
396 477 443 498 eos
458 475 486 497 ut
503 478 549 504 per
569 471 656 505 legem
672 474 867 505 cognoscerent
892 469 1017 497 Salvato-

235 525 303 549 rem,
320 517 367 552 qui
382 517 408 544 in
423 521 546 552 tempore
557 516 591 543 ad
607 524 692 551 genus
707 517 848 543 hominum
861 516 979 544 advenit.

271 603 294 630 ϐι
316 602 381 630 Filii
392 605 437 638 qui
451 609 603 630 nascentur.
624 603 672 631 llis
685 603 819 638 signiﬁcat
831 609 942 631 sanctos
956 603 1017 631 Sal-

237 649 338 676 "atoris
352 649 513 684 discipulos,
525 650 571 684 qui
589 650 721 676 mirabilia
734 657 780 684 per
791 648 930 676 Christum
945 649 1018 676 edita

238 696 300 722 aliis
314 695 371 723 suis
387 696 565 729 annuntiant;
582 696 607 723 id
618 702 670 729 est,
684 695 718 723 iis
736 696 781 730 qui
798 696 918 730 ipsorum
935 703 1018 730 opera

237 742 269 768 ad
283 741 360 768 fidem
378 741 519 768 accedunt.

272 787 298 814 τ.
316 787 350 813 Et
375 796 426 814 non
446 787 636 814 obliviscantur
659 796 766 822 operum
788 787 845 814 Dei.
864 787 926 815 llzec
951 787 1019 822 ipsis

239 833 415 865 enarrabunt,
440 841 473 860 ex
496 834 594 868 quibus
619 834 686 861 solis
704 838 830 868 poterunt
854 833 938 860 Deum
966 834 1019 862 sibi

239 887 315 915 spem
328 880 476 906 ascribere.

273 925 300 952 8.
320 924 362 952 Ne
373 925 439 959 ﬁant
454 925 522 951 sicut
537 929 625 959 patres
637 932 737 951 eorum.
748 923 965 954 Annuntiabnnt.
978 923 1019 950 in-

239 971 307 1006 quit.
323 970 438 1005 apostoli
452 970 546 997 laudes
559 970 604 997 Dei
621 970 655 998 iis
673 970 720 1004 qui
737 978 784 1004 per
796 970 884 1004 ipsum
902 961 1023 996 instituti.

239 1021 319 1044 sunt:
338 1020 368 1043 ut
378 1016 523 1050 exquirant
533 1015 578 1043 Dei
595 1015 732 1048 mandata,
744 1021 770 1043 et
785 1023 818 1043 ne
833 1020 939 1050 patrum
957 1023 1022 1042 suo-

240 1070 299 1089 rum
317 1061 503 1090 infelicitatem
520 1062 671 1090 imitentur.
686 1062 733 1089 llla
749 1070 866 1097 namque
881 1061 1021 1096 generatio

240 1118 289 1137 cor
311 1115 413 1137 rectum
433 1118 487 1137 non
515 1110 610 1137 habuit
627 1117 691 1144 erga
709 1109 805 1141 Deum,
829 1117 917 1144 neque
939 1108 1020 1135 tidem

241 1155 336 1183 habuit
353 1164 413 1183 cum
429 1155 483 1183 Deo
510 1156 623 1190 spiritus
643 1156 712 1191 ejus.
731 1155 870 1182 Generatio
893 1164 952 1191 quae
972 1165 1023 1183 non

241 1202 338 1228 direxit
353 1210 398 1229 cor
411 1210 498 1228 suum.
516 1201 557 1228 llli
575 1209 692 1236 namque
709 1209 784 1236 spem
800 1201 828 1227 in
846 1201 899 1228 Deo
916 1201 1023 1228 ﬁrmam

242 1255 298 1274 non
328 1247 500 1279 habuerunt,
528 1246 593 1280 quia
618 1247 766 1273 noluerunt
791 1250 892 1273 rectam
921 1245 1024 1281 ingredi

242 1292 333 1322 viam;
357 1291 403 1318 sed
433 1291 594 1319 sententiam
619 1291 738 1318 habuere
757 1291 858 1319 divinis
876 1291 1024 1319 adversan-

244 1342 297 1364 tem
313 1337 426 1372 legibus.

278 1427 306 1455 9.
323 1425 388 1452 Filii
405 1425 531 1460 Epltraim
543 1425 703 1454 intendente:
718 1429 742 1451 et
758 1425 889 1451 mittentes
901 1425 1024 1452 arcubus.

245 1472 296 1499 Per
309 1471 393 1498 solam
411 1471 511 1497 tribum
537 1469 666 1504 Ephraim
690 1473 777 1496 totum
795 1469 924 1503 populum
942 1468 1026 1496 Israel

245 1525 259 1544 a
272 1516 340 1544 Juda
357 1521 525 1551 segregatum
539 1520 565 1543 et
577 1515 692 1542 divisum
705 1514 876 1550 signiﬁcavit.
891 1514 943 1548 Ipsi
953 1514 1025 1541 enim

244 1566 272 1590 et.
287 1562 385 1589 vitulos
400 1565 552 1593 erexerunt,
572 1565 598 1587 et
621 1569 636 1587 a
656 1560 736 1595 legali
751 1559 824 1587 cultu
839 1559 1024 1587 desciverunt.

245 1608 393 1642 Postquam
411 1611 473 1634 ante
489 1607 613 1641 tetigerat
627 1612 737 1641 patrum
754 1605 1027 1640 malignitatem,jam

246 1663 341 1682 eorum
369 1654 570 1689 improbitatem
591 1662 624 1681 ex
643 1654 750 1688 integro
778 1657 919 1685 recenset,
948 1656 1029 1686 atque

247 1702 380 1729 bonorum
393 1700 499 1735 copiam
515 1707 530 1726 a
550 1699 604 1726 Deo
620 1700 674 1727 illis
690 1706 864 1732 concessam;
879 1705 974 1725 eorum
989 1705 1030 1724 er-

248 1755 280 1781 ga
294 1747 378 1774 Deum
394 1746 591 1779 inﬁdelitatem,
607 1745 724 1780 denique
743 1744 890 1780 perniciem
911 1751 971 1778 qua:
987 1743 1029 1770 his

248 1792 281 1819 de
292 1792 384 1819 causis
397 1792 457 1818 illos
472 1791 587 1825 excepit.
612 1790 647 1818 Ut
671 1791 706 1818 iis
728 1790 856 1822 instituti,
870 1789 972 1816 malum
987 1796 1030 1815 ze-

249 1837 303 1865 lum
317 1837 475 1872 ell‘ugcrcnt.
491 1836 560 1864 Dicit
574 1842 663 1863 autem
691 1836 760 1863 tilios
785 1835 925 1869 Ephraim,
941 1834 969 1862 id
984 1839 1026 1861 est

251 1888 335 1910 totum
352 1883 478 1911 lsraelem
492 1903 499 1915 ,
513 1883 559 1918 qui
577 1882 731 1909 didicerunt
754 1889 816 1909 cum
841 1881 966 1915 malignis
980 1880 1031 1907 da:-

250 1929 376 1957 monibus
390 1936 518 1963 pugnare,
532 1933 612 1962 atque
628 1928 660 1954 ad
676 1935 735 1954 eam
749 1935 806 1954 rem
821 1927 848 1954 in
863 1927 972 1954 modum
987 1933 1032 1952 ar-

250 1984 299 2004 cus
312 1977 434 2004 adornati
452 1980 541 2008 erant,
567 1976 625 2010 ipso
649 1982 745 2010 pugna:
774 1979 897 2009 tempore
912 1978 1032 2001 mutasse

252 2024 432 2055 sententiam,
461 2027 543 2057 atque
570 2021 714 2048 Dominum
740 2026 766 2049 et
788 2021 871 2048 Deum
905 2027 1030 2055 negasse.

253 2069 424 2096 utvoluntate
437 2069 469 2096 ad
484 2067 647 2100 Barabbam,
660 2068 686 2095 id
699 2072 741 2095 est
752 2067 786 2095 ad
797 2066 937 2100 Satanam,
952 2065 1034 2096 decli-

253 2119 359 2142 narent.

287 2161 331 2188 lO.
357 2161 419 2188 Non
439 2161 620 2187 custodierunt
642 2164 826 2186 testamentum
854 2159 911 2186 Dei.
929 2158 1031 2186 Novam

1066 247 1202 282 γαλουργή
1208 256 1278 282 ματα
1287 256 1293 263 ·
1309 248 1347 274 διὸ
1358 248 1407 274 οὐκ
1419 247 1570 274 ἐπαύσαντο
1583 249 1675 279 αὐτοῖς
1691 247 1867 282 προαγγέλ-

1066 295 1171 325 dot-rec
1193 293 1244 325 τὰς
1268 293 1398 326 αένέσεις
1419 293 1472 320 τοῦ
1490 293 1598 327 Κιιοίου
1620 293 1669 320 καὶ
1690 293 1746 325 τὰς
1761 293 1866 320 δυνα-

1067 339 1169 371 στείας
1184 339 1287 365 αὑτοῦ.

1102 384 1155 410 Καὶ
1179 384 1272 418 νόμον
1297 383 1378 411 ἔθετο
1404 383 1439 410 ἐν
1469 383 1595 417 Ἰσραήλ.
1620 383 1727 419 Νόμαν,
1756 383 1864 418 φησὶν,

1068 429 1150 456 ἔδωκε
1175 431 1230 461 τοῖς
1256 430 1389 465 πατράσιν
1412 429 1513 462 αὐτῶν,
1536 430 1582 456 καὶ
1602 431 1650 465 τὴν
1676 431 1786 466 σκηνὴν
1813 429 1864 455 τοῦ

1069 475 1228 511 μαρτυρίου,
1249 475 1427 510 παιδαγωγῶν
1449 475 1546 507 αὐτοὺς
1562 476 1602 507 εἰς
1626 475 1657 501 τὸ
1679 476 1789 510 γνῶναι
1819 475 1866 501 διὰ

1068 519 1114 546 τοῦ
1132 520 1213 555 νόμου
1235 520 1281 546 τὸν
1296 520 1366 546 κατὰ
1388 521 1501 556 καιροὺς
1518 520 1721 556 ἐπιδημήσαντα
1737 520 1865 555 Σωτῆρα

1068 565 1106 600 τῷ
1123 565 1194 599 γένει
1207 565 1260 592 τῶν
1274 565 1432 600 ἀνθρώπων.

1109 609 1167 636 Υἱοὶ
1184 610 1404 644 τεχθησίμενοι.
1422 610 1551 645 Σημαίνει
1567 609 1596 637 δὲ
1614 609 1658 636 διὰ
1674 610 1783 637 τούτων
1796 611 1865 641 τοὺς

1069 655 1163 688 ἁγίους
1175 655 1220 681 τοῦ
1236 655 1362 690 Σωτῆρος
1378 655 1510 690 μαθητὰς,
1524 655 1620 686 οἵτινες
1633 655 1665 682 τὰ
1679 655 1829 690 Θαυμάσια
1849 656 1865 681 ἃ

1070 701 1248 737 κατώρθωσεν
1263 702 1277 727 ὁ
1293 701 1417 737 Χριστὸς,
1440 703 1495 733 τοῖς
1516 702 1583 733 υἱοῖς
1602 701 1689 727 αὐτῶν
1714 701 1866 734 ἀπαγγέλ-

1069 747 1155 773 λουσιο
1169 747 1290 773 τουτέστι
1301 749 1357 777 τοῖς
1370 746 1547 782 προσελθοῦσι
1558 747 1591 774 δι’
1605 747 1692 773 αὐτῶν
1702 748 1734 782 τῇ
1753 747 1863 772 πίστει.

1105 791 1159 818 Καὶ
1170 792 1212 826 μὴ
1225 792 1419 819 ἐπιλάθωνται
1431 792 1488 819 τῶν
1498 793 1592 826 ἔργων
1604 792 1656 819 τοῦ
1667 793 1751 820 Θεοῦ.
1764 792 1865 819 Ταῦτα

1070 838 1243 873 διηγήσονται
1267 838 1368 870 αὐτοῖς,
1383 838 1416 864 δι’
1436 835 1472 865 ὧν
1489 838 1645 874 δυνήσονται
1665 838 1745 874 μόνον
1763 839 1865 865 ἐλπίδα

1036 875 1056 902 Β
1071 883 1116 909 τὸν
1129 883 1195 909 θεὸν
1209 883 1421 919 ἐπιγράψας-θαι.

1106 928 1167 954 Ἵνα
1178 928 1220 962 μὴ
1233 928 1374 962 γένωνται
1389 928 1429 961 ὡς
1446 930 1472 955 οἱ
1488 929 1612 963 πατέρες
1626 928 1735 955 αὐτῶν.
1757 929 1865 961 Ἄπαγ-

1069 971 1188 1006 γελοῦσι,
1206 973 1281 1007 φησι,
1298 973 1347 1004 τὰς
1368 974 1484 1005 αἰνέσεις
1504 973 1550 1000 τοῦ
1566 974 1633 1000 Θεοῦ
1648 975 1705 1006 τοῖς
1719 973 1754 999 δι’
1777 973 1866 1000 αὑτῦῦ

1071 1017 1338 1053 παιδαγωγουμένοις
1352 1019 1375 1045 ot
1392 1019 1545 1045 ἀπόστολον
1561 1019 1605 1046 ἴνα
1620 1019 1667 1046 καὶ
1683 1019 1865 1054 ἐκζητήσωσι

1071 1062 1120 1094 τὰς
1133 1062 1180 1088 τοῦ
1194 1062 1261 1088 Θεοῦ
1277 1063 1396 1095 ἐντολὰς,
1412 1064 1459 1090 καὶ
1475 1063 1511 1099 μὴ
1527 1063 1575 1099 τὴν
1589 1063 1643 1090 τῶν
1662 1064 1794 1099 πατέρων
1814 1073 1866 1090 κα-

1072 1107 1244 1143 κοδαιμονίαν
1271 1110 1452 1144 μιμήσωνται.
1484 1109 1590 1144 Ἐκείνη
1614 1109 1684 1145 γὰρ,
1713 1110 1817 1150 φησὶν,
1848 1111 1864 1144 ἠ

1072 1152 1153 1186 γενεὰ
1174 1153 1223 1180 οὐκ
1244 1153 1321 1188 ἔσχεν
1344 1154 1408 1190 εὐθῆ
1424 1154 1473 1190 τὴν
1491 1154 1604 1191 καρδίαν
1620 1155 1688 1191 πρὸς
1704 1155 1784 1188 Θεὸν,
1802 1155 1865 1181 οὐδε

1073 1197 1163 1224 πίστιν
1180 1197 1242 1232 ἔσχε
1255 1198 1286 1224 τὸ
1299 1198 1407 1233 πνεῦμα
1423 1199 1507 1235 αὐτῆς
1528 1199 1595 1234 μετὰ
1608 1199 1656 1226 τοῦ
1669 1200 1747 1228 θεοῦ.
1763 1201 1865 1227 Γενεὰ

1074 1243 1139 1277 ἣτις
1162 1244 1197 1270 οὐ
1220 1244 1380 1271 κατεύθυνε
1402 1244 1459 1278 τὴν
1473 1245 1597 1279 καρδίαν
1617 1246 1722 1280 αὐτῆς,
1745 1247 1866 1274 Ἐκεῖνοι

1073 1287 1128 1323 γὰρ
1145 1288 1254 1323 βεϐαίαν
1268 1289 1317 1323 τὴν
1333 1290 1371 1321 εἰς
1390 1289 1436 1315 τὸν
1450 1290 1515 1316 Θεὸν
1529 1291 1579 1317 οὐκ
1595 1291 1742 1326 ἐκτήσαντο
1757 1292 1864 1321 πίστιν.

1074 1335 1122 1370 τὴν
1136 1334 1241 1361 εὐθεῖαν
1263 1335 1312 1362 οὐκ
1329 1335 1503 1371 ἐθελήσαντες
1524 1337 1634 1373 πορείαν
1651 1338 1771 1370 ὁδεῦσαι,
1794 1339 1867 1365 ἀλλὰ

1074 1381 1185 1416 γνώμην
1199 1381 1342 1416 ἐσχηκότες
1356 1383 1411 1413 τοῖς
1425 1381 1506 1413 θείοις
1518 1383 1722 1419 ἐναντιουμένην
1739 1384 1863 1420 θεσμοῖς.

1115 1426 1173 1452 Υἱοὶ
1191 1427 1217 1452 Ὲ
1219 1427 1290 1460 φραῒ
1287 1435 1310 1461 μ
1321 1427 1503 1460 ἐντείνοντες
1513 1428 1561 1454 καὶ
1575 1428 1741 1462 βάλλοντες
1751 1430 1863 1463 τόξοις.

1083 1471 1147 1497 ’Λπὸ
1168 1471 1250 1507 μόνης
1270 1473 1318 1507 τῆς
1341 1472 1426 1508 φυλῆς
1450 1473 1496 1500 τοῦ
1518 1473 1636 1510 Ἐφρατμ
1657 1474 1717 1502 ὅλον
1731 1475 1778 1502 τὸν
1801 1475 1865 1502 λαὸν

1076 1516 1122 1542 τοῦ
1145 1517 1251 1551 Ἰσραὴλ
1263 1517 1308 1543 τὸν
1328 1517 1526 1552 ἀποσχισθέντα
1546 1518 1593 1545 τοῦ
1613 1519 1696 1546 Ἰούδα
1717 1519 1864 1554 ὲδήλωτεν.

1078 1559 1156 1589 Οὗτοι
1172 1562 1226 1598 γὰρ
1241 1563 1287 1589 καὶ
1303 1563 1350 1594 τὰς
1365 1563 1493 1598 δαμάλεις
1511 1563 1637 1599 ἔστησαν,
1661 1565 1708 1591 καὶ
1726 1565 1779 1599 τῆς
1795 1566 1866 1592 κατὰ

1078 1608 1157 1643 νόμον
1170 1608 1297 1643 λατρείας
1321 1609 1489 1644 ἀπέστησαν.
1510 1609 1660 1645 Ἀψάμενος
1674 1612 1724 1645 τῆς
1743 1610 1798 1637 τῶν
1815 1619 1865 1637 πα-

1077 1654 1163 1688 τέρων
1178 1654 1317 1689 πονηρίας,
1335 1655 1432 1689 ἑφεξῆς
1444 1655 1586 1689 καταλέγει
1602 1656 1688 1682 πᾶσαν
1703 1657 1752 1691 τὴν
1769 1657 1866 1683 κακίαν

1079 1700 1178 1732 αὐτῶν,
1202 1701 1250 1736 τήν
1274 1709 1303 1727 τε
1328 1701 1402 1736 παρὰ
1422 1701 1468 1727 τοῦ
1492 1701 1560 1728 Θεοῦ
1579 1702 1619 1732 εἰς
1640 1703 1739 1733 αὐτοὺς
1756 1703 1866 1736 ἀγαθῶν

1078 1746 1228 1780 δαψίλειαν,
1252 1746 1301 1781 τήν
1321 1754 1351 1772 τε
1374 1746 1441 1782 πρὸς
1466 1746 1511 1772 τὸν
1532 1746 1598 1773 Θεὸν
1615 1746 1704 1772 αὐτῶν
1721 1747 1865 1777 ἀπιστίαν,

1079 1792 1125 1819 τόν
1139 1801 1168 1819 τε
1190 1792 1378 1827 διαδεξάμενον
1394 1793 1492 1824 αὐτοὺς
1507 1792 1550 1819 διὰ
1569 1793 1655 1819 ταῦτα
1676 1792 1804 1828 ὄλεθρον·
1827 1794 1865 1819 ἶνα

1079 1838 1124 1864 διὰ
1140 1837 1241 1865 τούτων
1263 1838 1529 1873 παιδαγωγηθέντες,
1554 1838 1600 1864 τδν
1623 1838 1741 1873 πονηρὸν
1762 1838 1866 1872 φύγωσι

1081 1883 1170 1918 ζῆλον.
1187 1883 1267 1917 Λέγει
1284 1883 1330 1916 δὲ,
1346 1883 1383 1914 ὡς
1399 1884 1423 1910 oi
1446 1883 1492 1910 τοῦ
1514 1883 1712 1919 Ἑφραῖμύἱοὶ,
1730 1885 1867 1910 τουτέστιν

1082 1929 1153 1960 ἅπας
1167 1929 1284 1964 Ἰσραὴλ,
1297 1930 1321 1955 οἱ
1333 1929 1516 1964 δεδιδαγμένοι
1528 1931 1582 1961 τοῖς
1596 1930 1722 1964 πονηροῖς
1735 1929 1866 1964 μάχεσθαι

1082 1975 1200 2009 δαίμοσι,
1213 1975 1258 2001 καὶ
1275 1976 1315 2007 εἰς
1331 1975 1410 2002 τοῦτο
1429 1975 1522 2010 ὥσπερ
1543 1974 1618 2006 τόξον
1635 1975 1857 2002 κατασκευασθέν

1081 2029 1137 2053 τες,
1155 2022 1220 2056 παρ’
1233 2021 1313 2047 αὑτὸν
1329 2021 1373 2047 τὸν
1395 2020 1440 2047 τοῦ
1457 2021 1572 2055 πολέμου
1589 2021 1683 2056 καιρὸν
1702 2020 1866 2056 μετεῦλήθη-

1083 2075 1142 2098 σαν,
1158 2067 1204 2092 τὸν
1222 2066 1270 2102 μὲν
1284 2066 1420 2100 Δεσπότην
1434 2066 1480 2092 καὶ
1493 2066 1559 2092 Θεὸν
1574 2065 1769 2101 ἀρνησάμενοι,
1787 2074 1865 2101 προπ-

1084 2112 1222 2144 κλίναντες
1235 2112 1345 2143 ἑαυτοὺς
1357 2112 1395 2147 τῷ
1411 2111 1550 2147 Βαραόϐᾷ,
1566 2112 1686 2138 τουτέστι
1698 2111 1738 2147 τῷ
1749 2113 1867 2146 Σατανᾷ.

1123 2159 1184 2185 Οὐκ
1205 2157 1360 2192 ἐφύλαξαν
1381 2157 1438 2191 τὴν
1461 2156 1607 2190 διαθήκην
1630 2157 1683 2184 τοῦ
1707 2158 1793 2184 Θεοῦ.
1815 2157 1867 2192 Τὴν

254 2206 391 2241 Evangelii
405 2206 579 2233 traditionem
595 2206 671 2237 dicit,
687 2211 768 2240 atque
790 2205 871 2232 illud:
893 2205 958 2231 Ecce
976 2205 1031 2231 dies

1084 2204 1179 2238 καινὴν
1192 2204 1238 2230 τοῦ
1250 2203 1414 2237 Εὑαγγελίου
1427 2203 1573 2238 παράδοσιν
1585 2212 1660 2238 ξησι,
1674 2203 1720 2230 καὶ
1737 2204 1777 2229 τό·
1797 2203 1868 2230 Ἰδοὺ

254 2252 331 2284 venit,
351 2256 375 2277 et
391 2252 530 2286 disponant
552 2259 611 2277 cum
630 2251 667 2277 eis
685 2254 869 2278 testamentum
889 2258 983 2277 novum
998 2250 1032 2278 ".

254 2297 343 2323 Causa
368 2302 458 2323 autem
483 2296 527 2323 hic
541 2296 671 2328 redditur,
695 2296 759 2330 quia
782 2295 849 2323 illud
865 2303 919 2322 non
943 2300 1035 2323 custo-

255 2342 369 2371 dientes.
396 2341 468 2374 quod
495 2347 537 2368 est
558 2349 626 2368 nova
650 2342 690 2370 lex
718 2341 777 2374 Dei,
795 2342 910 2368 conversi
929 2347 988 2368 sunt
1008 2343 1036 2368 in

254 2386 297 2412 die
308 2385 380 2412 belli.
396 2384 454 2412 Non
467 2386 539 2412 enim
561 2385 708 2413 credebant
732 2385 757 2413 ei
779 2385 901 2413 dicenti:
926 2385 982 2421 Ego
1003 2394 1035 2412 ea:

255 2434 336 2459 Putre
346 2432 414 2459 exivi
431 2436 455 2458 et
475 2431 547 2458 venio
564 2432 598 2459 ⁰⁶.
616 2431 683 2458 Cum
707 2432 779 2459 enim
798 2439 847 2466 par
865 2431 964 2459 fuisset
987 2432 1035 2459 ad-

255 2486 350 2506 versus
369 2485 416 2505 eos
433 2485 551 2512 pugnare
564 2478 610 2512 qui
631 2482 724 2505 contra
742 2477 827 2504 Deum
844 2477 943 2504 bellum
958 2485 1035 2512 gere-

255 2529 316 2552 rent
325 2524 383 2557 ,‘illi
398 2523 526 2551 adversus
539 2522 622 2550 Deum
633 2523 733 2550 bellum
746 2529 900 2550 moverunt.

292 2570 334 2597 ll.
351 2570 383 2596 Et
399 2569 473 2596 obliti
495 2575 555 2598 sunt
571 2569 766 2604 benefactorum
783 2569 848 2604 ejus.
870 2569 947 2597 Licet
960 2570 1032 2597 enim

255 2617 340 2643 multa
352 2615 482 2643 beneﬁcia
503 2616 670 2650 acceperint,
690 2615 780 2642 omnia
797 2623 810 2642 a
829 2615 960 2642 memoria
985 2623 1034 2642 sua

256 2662 423 2697 abiecerunt.
449 2661 481 2688 Et
507 2662 598 2696 ejusce
617 2661 656 2689 rei
677 2665 866 2696 argumentum
889 2661 955 2688 illud
982 2665 1036 2694 est,

256 2708 329 2743 quod
341 2715 402 2735 cum
418 2707 578 2734 tradiderint
594 2706 690 2734 Pilato.
711 2706 793 2733 Obliti
815 2711 878 2735 sunt
899 2706 1035 2741 quomodo

293 2841 316 2858 ⁹¹
327 2841 433 2870 Baruch
451 2848 480 2875 ll,
493 2841 536 2870 55.
575 2842 596 2858 "
611 2840 689 2869 Joan.
708 2848 763 2874 XVI,
779 2840 823 2869 27.

1061 2285 1069 2292 .
1086 2249 1180 2284 ἡμέρα
1195 2249 1324 2284 ἔρχεται,
1346 2249 1395 2275 καὶ
1411 2248 1586 2283 διαθήσομαι
1608 2249 1708 2282 αὐτοῖς
1725 2249 1867 2283 διαθήκην

1086 2294 1203 2328 καινήν.
1219 2295 1311 2326 Attia;
1324 2295 1353 2321 δέ
1376 2296 1449 2322 ἐστιν
1471 2296 1611 2327 ἀπόδοσις,
1633 2296 1691 2328 ὃτι,
1713 2296 1817 2330 ταύτην
1836 2295 1868 2331 μὶ·

1087 2341 1270 2375 φυλάξαντες,
1296 2341 1356 2375 ἥτις
1391 2341 1449 2367 ἐστὶ
1485 2341 1576 2373 καινὸς
1600 2341 1679 2376 νόμος
1707 2341 1755 2368 τοῦ
1784 2342 1867 2372 Θεοῦ,

1086 2386 1282 2420 ἐστράφησαν
1297 2387 1331 2413 ἐν
1343 2386 1437 2421 ἡμέρᾳ
1452 2387 1594 2421 πολέμου.
1610 2388 1647 2413 Οὐ
1660 2386 1715 2422 γὰρ
1729 2387 1867 2414 ἐπίστευον

1087 2432 1161 2467 αὐτῷ
1182 2432 1297 2466 λέγοντι⁸
1320 2432 1392 2466 Ἐγὼ
1414 2433 1448 2459 ἐκ
1470 2433 1522 2459 τοῦ
1540 2432 1653 2466 Πατρός
1668 2432 1802 2467 ἐξῆλθον
1821 2433 1866 2459 και

1087 2477 1159 2511 ἢκω.
1175 2478 1238 2504 Δέον
1260 2477 1313 2513 γὰρ
1339 2478 1443 2513 βάλλειν
1464 2479 1510 2504 καὶ
1526 2478 1652 2513 πολεμεῖν
1668 2479 1732 2510 τοὺς
1751 2478 1810 2513 Θεῷ
1825 2487 1866 2504 πο-

1085 2523 1113 2550 λε
1118 2523 1243 2559 μοῡντας·
1263 2525 1288 2550 οἱ
1301 2524 1329 2550 δὲ
1342 2524 1410 2551 κατὰ
1426 2524 1491 2550 Θεοῦ
1507 2525 1606 2560 ἤραντο
1619 2524 1747 2559 πόλεμον.

1120 2569 1175 2596 Kal
1187 2570 1367 2597 ἐπελάθοντο
1382 2569 1440 2596 τῶν
1453 2570 1630 2605 εὐεργεσιῶν
1645 2571 1750 2603 αὑτοῦ.
1764 2569 1865 2601 Καίτοι,

1089 2615 1164 2650 φησι,
1180 2614 1264 2641 πολλὰ
1279 2615 1496 2650 εὐεργετημένοι,
1514 2616 1601 2642 πάντα
1621 2615 1674 2642 ἀπὸ
1688 2616 1740 2650 τῆς
1764 2617 1865 2651 μνήμης

1089 2659 1277 2695 ἁνερῤίπισαν.
1300 2659 1356 2686 Καὶ
1375 2659 1468 2686 τούτου
1493 2659 1627 2693 ἀπόδειξις
1651 2660 1681 2686 τὸ
1706 2661 1865 2696 παραδοῦναι

1090 2705 1206 2741 Πιλάτῳ.
1227 2705 1403 2733 Ἐπελάοοντο
1420 2705 1449 2732 τὸ
1465 2706 1522 2738 πῶς
1535 2706 1641 2742 διῆλθεν
1655 2706 1808 2742 εὐεργετῶν
1824 2707 1865 2733 αὖ·
