  <div class='ocr_page' id='page_1' title='image "/cluster/home/n/w/nwhite01/storage/ocr_20150623/27/njp.32101010944609/202.png"; bbox 0 0 1922 3057; ppageno 0'>
   <div class='ocr_carea' id='block_1_1' title="bbox 54 126 1125 158">
    <p class='ocr_par' dir='ltr' id='par_1_1' title="bbox 54 126 1125 158">
     <span class='ocr_line' id='line_1_1' title="bbox 54 126 1125 158; baseline -0.003 -1"><span class='ocrx_word' id='word_1_1' title='bbox 54 131 99 158; x_wconf 72' lang='grc'><strong>357</strong></span> <span class='ocrx_word' id='word_1_2' title='bbox 547 127 730 155; x_wconf 70' lang='lat' dir='ltr'><strong>EXPOSITIO</strong></span> <span class='ocrx_word' id='word_1_3' title='bbox 745 126 779 154; x_wconf 87' lang='lat' dir='ltr'>IN</span> <span class='ocrx_word' id='word_1_4' title='bbox 796 127 963 156; x_wconf 74' lang='lat' dir='ltr'><strong>PSALMUM</strong></span> <span class='ocrx_word' id='word_1_5' title='bbox 984 127 1125 155; x_wconf 68' lang='lat' dir='ltr'><strong>LXXVIII.</strong></span> 
     </span>
    </p>
   </div>
   <div class='ocr_carea' id='block_1_2' title="bbox 1603 128 1658 158">
    <p class='ocr_par' dir='ltr' id='par_1_2' title="bbox 1603 128 1658 158">
     <span class='ocr_line' id='line_1_2' title="bbox 1603 128 1658 158; baseline 0.036 -2"><span class='ocrx_word' id='word_1_6' title='bbox 1603 128 1658 158; x_wconf 78' lang='lat'><strong>353</strong></span> 
     </span>
    </p>
   </div>
   <div class='ocr_carea' id='block_1_3' title="bbox 53 185 812 223">
    <p class='ocr_par' dir='ltr' id='par_1_3' title="bbox 53 185 812 223">
     <span class='ocr_line' id='line_1_3' title="bbox 53 185 812 223; baseline -0.004 -7"><span class='ocrx_word' id='word_1_7' title='bbox 53 191 88 216; x_wconf 76' lang='grc' dir='ltr'><strong>διὰ</strong></span> <span class='ocrx_word' id='word_1_8' title='bbox 106 190 134 215; x_wconf 76' lang='grc' dir='ltr'><strong>τὸ</strong></span> <span class='ocrx_word' id='word_1_9' title='bbox 150 189 195 223; x_wconf 82' lang='grc' dir='ltr'><strong>τὴν</strong></span> <span class='ocrx_word' id='word_1_10' title='bbox 213 187 308 223; x_wconf 86' lang='grc' dir='ltr'>Σηλὼμ</span> <span class='ocrx_word' id='word_1_11' title='bbox 333 187 362 213; x_wconf 77' lang='grc' dir='ltr'>ἐν</span> <span class='ocrx_word' id='word_1_12' title='bbox 384 187 417 222; x_wconf 83' lang='grc' dir='ltr'>τῇ</span> <span class='ocrx_word' id='word_1_13' title='bbox 437 186 524 222; x_wconf 79' lang='grc' dir='ltr'><strong>μερίδι</strong></span> <span class='ocrx_word' id='word_1_14' title='bbox 547 185 616 214; x_wconf 82' lang='grc' dir='ltr'>εἶναι</span> <span class='ocrx_word' id='word_1_15' title='bbox 636 187 682 214; x_wconf 82' lang='grc' dir='ltr'>τοῦ</span> <span class='ocrx_word' id='word_1_16' title='bbox 707 187 812 222; x_wconf 67' lang='grc' dir='ltr'><strong>Ἰωσήφε</strong></span> 
     </span>
    </p>
   </div>
   <div class='ocr_carea' id='block_1_4' title="bbox 871 185 1655 223">
    <p class='ocr_par' dir='ltr' id='par_1_4' title="bbox 871 187 1655 222">
     <span class='ocr_line' id='line_1_4' title="bbox 871 187 1655 222; baseline 0.003 -8"><span class='ocrx_word' id='word_1_17' title='bbox 871 187 954 214; x_wconf 90' lang='lat' dir='ltr'><strong>Silom</strong></span> <span class='ocrx_word' id='word_1_18' title='bbox 970 192 1028 214; x_wconf 91' lang='lat' dir='ltr'><strong>erat</strong></span> <span class='ocrx_word' id='word_1_19' title='bbox 1046 188 1073 214; x_wconf 93' lang='lat' dir='ltr'><strong>in</strong></span> <span class='ocrx_word' id='word_1_20' title='bbox 1091 187 1215 222; x_wconf 87' lang='lat' dir='ltr'><strong>portione</strong></span> <span class='ocrx_word' id='word_1_21' title='bbox 1229 187 1345 222; x_wconf 76' lang='lat' dir='ltr'><strong>Ioseph;</strong></span> <span class='ocrx_word' id='word_1_22' title='bbox 1362 187 1490 222; x_wconf 86' lang='lat' dir='ltr'><strong>Ephraim</strong></span> <span class='ocrx_word' id='word_1_23' title='bbox 1515 193 1604 216; x_wconf 87' lang='lat' dir='ltr'><strong>autem</strong></span> <span class='ocrx_word' id='word_1_24' title='bbox 1622 189 1655 216; x_wconf 86' lang='lat' dir='ltr'><strong>ti-</strong></span> 
     </span>
    </p>
   </div>
   <div class='ocr_carea' id='block_1_5' title="bbox 58 232 395 269">
    <p class='ocr_par' dir='ltr' id='par_1_5' title="bbox 58 232 395 269">
     <span class='ocr_line' id='line_1_5' title="bbox 58 232 395 269; baseline -0.012 -8"><span class='ocrx_word' id='word_1_25' title='bbox 58 233 161 269; x_wconf 79' lang='grc' dir='ltr'>Ὲφραῒμ</span> <span class='ocrx_word' id='word_1_26' title='bbox 172 233 198 259; x_wconf 80' lang='grc' dir='ltr'><strong>δὲ</strong></span> <span class='ocrx_word' id='word_1_27' title='bbox 214 232 268 264; x_wconf 76' lang='grc' dir='ltr'><strong>υἱὸς</strong></span> <span class='ocrx_word' id='word_1_28' title='bbox 288 232 395 267; x_wconf 77' lang='grc' dir='ltr'><strong>Ἰωσήφ.</strong></span> 
     </span>
    </p>
   </div>
   <div class='ocr_carea' id='block_1_6' title="bbox 81 277 816 314">
    <p class='ocr_par' dir='ltr' id='par_1_6' title="bbox 81 277 816 314">
     <span class='ocr_line' id='line_1_6' title="bbox 81 277 816 314; baseline 0 -9"><span class='ocrx_word' id='word_1_29' title='bbox 81 279 130 306; x_wconf 79' lang='lat' dir='ltr'><strong>Kal</strong></span> <span class='ocrx_word' id='word_1_30' title='bbox 147 278 299 311; x_wconf 77' lang='grc' dir='ltr'><strong>ἐξελέξατο</strong></span> <span class='ocrx_word' id='word_1_31' title='bbox 326 278 384 312; x_wconf 86' lang='grc' dir='ltr'><strong>τὴν</strong></span> <span class='ocrx_word' id='word_1_32' title='bbox 406 277 510 312; x_wconf 72' lang='grc' dir='ltr'><em>φυλὴν</em></span> <span class='ocrx_word' id='word_1_33' title='bbox 536 278 642 306; x_wconf 82' lang='grc' dir='ltr'><strong>Ἰούδα.</strong></span> <span class='ocrx_word' id='word_1_34' title='bbox 673 278 739 305; x_wconf 70' lang='grc' dir='ltr'><strong>Ἀπὸ</strong></span> <span class='ocrx_word' id='word_1_35' title='bbox 762 278 816 314; x_wconf 85' lang='grc' dir='ltr'>γὰρ</span> 
     </span>
    </p>
   </div>
   <div class='ocr_carea' id='block_1_7' title="bbox 52 321 815 361">
    <p class='ocr_par' dir='ltr' id='par_1_7' title="bbox 52 321 815 361">
     <span class='ocr_line' id='line_1_7' title="bbox 52 321 815 361; baseline 0 -9"><span class='ocrx_word' id='word_1_36' title='bbox 52 326 139 361; x_wconf 75' lang='grc' dir='ltr'>ταύτης</span> <span class='ocrx_word' id='word_1_37' title='bbox 157 325 216 356; x_wconf 78' lang='grc' dir='ltr'>τοὺς</span> <span class='ocrx_word' id='word_1_38' title='bbox 240 324 366 359; x_wconf 77' lang='grc' dir='ltr'><strong>βασιλέας</strong></span> <span class='ocrx_word' id='word_1_39' title='bbox 389 324 526 360; x_wconf 78' lang='grc' dir='ltr'>ἐποίησεν,</span> <span class='ocrx_word' id='word_1_40' title='bbox 542 321 580 351; x_wconf 80' lang='grc' dir='ltr'>ὧν</span> <span class='ocrx_word' id='word_1_41' title='bbox 595 325 702 360; x_wconf 81' lang='grc' dir='ltr'>πρῶτος</span> <span class='ocrx_word' id='word_1_42' title='bbox 724 325 815 352; x_wconf 78' lang='grc' dir='ltr'><strong>Δαυῖδ.</strong></span> 
     </span>
    </p>
   </div>
   <div class='ocr_carea' id='block_1_8' title="bbox 58 370 817 406">
    <p class='ocr_par' dir='ltr' id='par_1_8' title="bbox 58 370 817 406">
     <span class='ocr_line' id='line_1_8' title="bbox 58 370 817 406; baseline -0.001 -8"><span class='ocrx_word' id='word_1_43' title='bbox 58 372 143 398; x_wconf 82' lang='grc' dir='ltr'>Ίστέον</span> <span class='ocrx_word' id='word_1_44' title='bbox 162 371 204 403; x_wconf 81' lang='grc' dir='ltr'><strong>δὲ,</strong></span> <span class='ocrx_word' id='word_1_45' title='bbox 227 371 264 402; x_wconf 84' lang='grc' dir='ltr'>ὡς</span> <span class='ocrx_word' id='word_1_46' title='bbox 286 370 373 405; x_wconf 82' lang='grc' dir='ltr'>φυλὴν</span> <span class='ocrx_word' id='word_1_47' title='bbox 394 371 454 396; x_wconf 83' lang='grc' dir='ltr'>ἀντὶ</span> <span class='ocrx_word' id='word_1_48' title='bbox 479 371 564 405; x_wconf 86' lang='grc' dir='ltr'><strong>φυλῆς</strong></span> <span class='ocrx_word' id='word_1_49' title='bbox 589 370 745 404; x_wconf 79' lang='grc' dir='ltr'><strong>ἐξελέξατο,</strong></span> <span class='ocrx_word' id='word_1_50' title='bbox 768 371 817 406; x_wconf 81' lang='grc' dir='ltr'>τὴν</span> 
     </span>
    </p>
   </div>
   <div class='ocr_carea' id='block_1_9' title="bbox 58 415 817 451">
    <p class='ocr_par' dir='ltr' id='par_1_9' title="bbox 58 415 817 451">
     <span class='ocr_line' id='line_1_9' title="bbox 58 415 817 451; baseline 0.003 -9"><span class='ocrx_word' id='word_1_51' title='bbox 58 417 130 443; x_wconf 77' lang='grc' dir='ltr'><strong>’ἰούδα</strong></span> <span class='ocrx_word' id='word_1_52' title='bbox 150 415 205 443; x_wconf 74' lang='grc' dir='ltr'>ἀντὶ</span> <span class='ocrx_word' id='word_1_53' title='bbox 225 416 275 450; x_wconf 83' lang='grc' dir='ltr'>τῆς</span> <span class='ocrx_word' id='word_1_54' title='bbox 295 416 403 451; x_wconf 82' lang='grc' dir='ltr'><strong>Ἰωσήφ·</strong></span> <span class='ocrx_word' id='word_1_55' title='bbox 422 416 469 442; x_wconf 79' lang='grc' dir='ltr'><strong>καὶ</strong></span> <span class='ocrx_word' id='word_1_56' title='bbox 491 416 572 443; x_wconf 86' lang='grc' dir='ltr'>τόπον</span> <span class='ocrx_word' id='word_1_57' title='bbox 590 417 650 443; x_wconf 75' lang='grc' dir='ltr'>ἀντὶ</span> <span class='ocrx_word' id='word_1_58' title='bbox 673 417 771 449; x_wconf 83' lang='grc' dir='ltr'>τόπου,</span> <span class='ocrx_word' id='word_1_59' title='bbox 786 417 817 444; x_wconf 82' lang='grc' dir='ltr'>τὺ</span> 
     </span>
    </p>
   </div>
   <div class='ocr_carea' id='block_1_10' title="bbox 53 460 434 496">
    <p class='ocr_par' dir='ltr' id='par_1_10' title="bbox 53 460 434 496">
     <span class='ocr_line' id='line_1_10' title="bbox 53 460 434 496; baseline 0.003 -10"><span class='ocrx_word' id='word_1_60' title='bbox 53 462 103 496; x_wconf 72' lang='grc' dir='ltr'>ὅρος</span> <span class='ocrx_word' id='word_1_61' title='bbox 116 460 177 487; x_wconf 85' lang='grc' dir='ltr'>Σιὼν</span> <span class='ocrx_word' id='word_1_62' title='bbox 190 460 247 486; x_wconf 78' lang='grc' dir='ltr'>ἀντὶ</span> <span class='ocrx_word' id='word_1_63' title='bbox 263 460 312 495; x_wconf 81' lang='grc' dir='ltr'><strong>τῆς</strong></span> <span class='ocrx_word' id='word_1_64' title='bbox 327 460 434 496; x_wconf 83' lang='grc' dir='ltr'>Σηλὼμ.</span> 
     </span>
    </p>
   </div>
   <div class='ocr_carea' id='block_1_11' title="bbox 82 506 817 543">
    <p class='ocr_par' dir='ltr' id='par_1_11' title="bbox 82 506 817 543">
     <span class='ocr_line' id='line_1_11' title="bbox 82 506 817 543; baseline 0.005 -11"><span class='ocrx_word' id='word_1_65' title='bbox 82 506 130 534; x_wconf 79' lang='grc' dir='ltr'><strong>Καὶ</strong></span> <span class='ocrx_word' id='word_1_66' title='bbox 144 506 330 541; x_wconf 81' lang='grc' dir='ltr'><strong>ᾠκοδόμησεν</strong></span> <span class='ocrx_word' id='word_1_67' title='bbox 351 507 391 539; x_wconf 91' lang='grc' dir='ltr'>ὼς</span> <span class='ocrx_word' id='word_1_68' title='bbox 410 507 615 542; x_wconf 59' lang='grc' dir='ltr'>μονοκέξρωτσς</span> <span class='ocrx_word' id='word_1_69' title='bbox 636 509 669 535; x_wconf 84' lang='grc' dir='ltr'>τὸ</span> <span class='ocrx_word' id='word_1_70' title='bbox 685 509 817 543; x_wconf 78' lang='grc' dir='ltr'>ἁγίασμα</span> 
     </span>
    </p>
   </div>
   <div class='ocr_carea' id='block_1_12' title="bbox 52 552 816 591">
    <p class='ocr_par' dir='ltr' id='par_1_12' title="bbox 52 552 816 591">
     <span class='ocr_line' id='line_1_12' title="bbox 52 552 816 591; baseline 0.005 -13"><span class='ocrx_word' id='word_1_71' title='bbox 52 553 140 579; x_wconf 77' lang='grc' dir='ltr'>αὑτοῦ.</span> <span class='ocrx_word' id='word_1_72' title='bbox 165 552 295 588; x_wconf 78' lang='grc' dir='ltr'>’Λγίασμα</span> <span class='ocrx_word' id='word_1_73' title='bbox 330 553 378 588; x_wconf 81' lang='grc' dir='ltr'><strong>μὲν</strong></span> <span class='ocrx_word' id='word_1_74' title='bbox 409 554 454 580; x_wconf 71' lang='grc' dir='ltr'><strong>τὸν</strong></span> <span class='ocrx_word' id='word_1_75' title='bbox 482 554 552 581; x_wconf 81' lang='grc' dir='ltr'>θεῖον</span> <span class='ocrx_word' id='word_1_76' title='bbox 584 556 612 581; x_wconf 79' lang='grc' dir='ltr'>ὲν</span> <span class='ocrx_word' id='word_1_77' title='bbox 641 555 816 591; x_wconf 81' lang='grc' dir='ltr'>Ἰερουσαλὴμ</span> 
     </span>
    </p>
   </div>
   <div class='ocr_carea' id='block_1_13' title="bbox 54 598 816 635">
    <p class='ocr_par' dir='ltr' id='par_1_13' title="bbox 54 598 816 635">
     <span class='ocr_line' id='line_1_13' title="bbox 54 598 816 635; baseline 0.003 -11"><span class='ocrx_word' id='word_1_78' title='bbox 54 598 235 634; x_wconf 79' lang='grc' dir='ltr'>ᾡκοδομηθέντα</span> <span class='ocrx_word' id='word_1_79' title='bbox 246 598 319 632; x_wconf 83' lang='grc' dir='ltr'>λέγει</span> <span class='ocrx_word' id='word_1_80' title='bbox 333 598 405 625; x_wconf 84' lang='grc' dir='ltr'>ναόν·</span> <span class='ocrx_word' id='word_1_81' title='bbox 418 599 577 634; x_wconf 83' lang='grc' dir='ltr'>Μονόκερως</span> <span class='ocrx_word' id='word_1_82' title='bbox 591 599 619 626; x_wconf 79' lang='grc' dir='ltr'><strong>δὲ</strong></span> <span class='ocrx_word' id='word_1_83' title='bbox 636 599 728 635; x_wconf 83' lang='grc' dir='ltr'>θηρίον</span> <span class='ocrx_word' id='word_1_84' title='bbox 743 601 816 626; x_wconf 78' lang='grc' dir='ltr'>ἐστὶν</span> 
     </span>
    </p>
   </div>
   <div class='ocr_carea' id='block_1_14' title="bbox 53 645 814 682">
    <p class='ocr_par' dir='ltr' id='par_1_14' title="bbox 53 645 814 682">
     <span class='ocr_line' id='line_1_14' title="bbox 53 645 814 682; baseline 0.001 -11"><span class='ocrx_word' id='word_1_85' title='bbox 53 645 247 680; x_wconf 79' lang='grc' dir='ltr'>ἁκαταμάχητον,</span> <span class='ocrx_word' id='word_1_86' title='bbox 260 645 304 671; x_wconf 81' lang='grc' dir='ltr'>διὰ</span> <span class='ocrx_word' id='word_1_87' title='bbox 317 645 346 671; x_wconf 80' lang='grc' dir='ltr'>τὸ</span> <span class='ocrx_word' id='word_1_88' title='bbox 358 645 404 677; x_wconf 82' lang='grc' dir='ltr'><strong>ὀξὺ</strong></span> <span class='ocrx_word' id='word_1_89' title='bbox 419 645 502 682; x_wconf 81' lang='grc' dir='ltr'>κέρας</span> <span class='ocrx_word' id='word_1_90' title='bbox 515 646 559 672; x_wconf 79' lang='grc' dir='ltr'><strong>ὲπὶ</strong></span> <span class='ocrx_word' id='word_1_91' title='bbox 571 645 697 681; x_wconf 80' lang='grc' dir='ltr'>μετώπου</span> <span class='ocrx_word' id='word_1_92' title='bbox 711 646 814 681; x_wconf 80' lang='grc' dir='ltr'>φέρειν,</span> 
     </span>
    </p>
   </div>
   <div class='ocr_carea' id='block_1_15' title="bbox 55 690 815 727">
    <p class='ocr_par' dir='ltr' id='par_1_15' title="bbox 55 690 815 727">
     <span class='ocr_line' id='line_1_15' title="bbox 55 690 815 727; baseline 0.001 -10"><span class='ocrx_word' id='word_1_93' title='bbox 55 692 93 717; x_wconf 82' lang='grc' dir='ltr'>καὶ</span> <span class='ocrx_word' id='word_1_94' title='bbox 107 691 183 717; x_wconf 80' lang='grc' dir='ltr'>πάντα</span> <span class='ocrx_word' id='word_1_95' title='bbox 195 691 280 726; x_wconf 83' lang='grc' dir='ltr'>τούτῳ</span> <span class='ocrx_word' id='word_1_96' title='bbox 296 692 416 726; x_wconf 74' lang='grc' dir='ltr'><strong>ἀναιρεῖν</strong></span> <span class='ocrx_word' id='word_1_97' title='bbox 431 691 464 718; x_wconf 81' lang='grc' dir='ltr'>τὰ</span> <span class='ocrx_word' id='word_1_98' title='bbox 479 691 570 727; x_wconf 84' lang='grc' dir='ltr'>θηρία.</span> <span class='ocrx_word' id='word_1_99' title='bbox 584 692 665 726; x_wconf 80' lang='grc' dir='ltr'>Λέγει</span> <span class='ocrx_word' id='word_1_100' title='bbox 679 690 735 723; x_wconf 78' lang='grc' dir='ltr'><strong>οὖν⁷</strong></span> <span class='ocrx_word' id='word_1_101' title='bbox 751 693 815 718; x_wconf 78' lang='grc' dir='ltr'>Ὅτε</span> 
     </span>
    </p>
   </div>
   <div class='ocr_carea' id='block_1_16' title="bbox 53 735 814 774">
    <p class='ocr_par' dir='ltr' id='par_1_16' title="bbox 53 735 814 774">
     <span class='ocr_line' id='line_1_16' title="bbox 53 735 814 774; baseline 0.004 -13"><span class='ocrx_word' id='word_1_102' title='bbox 53 735 125 767; x_wconf 75' lang='grc' dir='ltr'>οὕτως</span> <span class='ocrx_word' id='word_1_103' title='bbox 142 737 155 761; x_wconf 84' lang='grc' dir='ltr'>ὁ</span> <span class='ocrx_word' id='word_1_104' title='bbox 172 736 238 768; x_wconf 80' lang='grc' dir='ltr'>θεῖος</span> <span class='ocrx_word' id='word_1_105' title='bbox 265 737 424 772; x_wconf 76' lang='grc' dir='ltr'><strong>ᾠκοδομήθη</strong></span> <span class='ocrx_word' id='word_1_106' title='bbox 450 737 523 770; x_wconf 75' lang='grc' dir='ltr'>ναὸς,</span> <span class='ocrx_word' id='word_1_107' title='bbox 545 737 582 769; x_wconf 85' lang='grc' dir='ltr'>ὼς</span> <span class='ocrx_word' id='word_1_108' title='bbox 605 738 692 764; x_wconf 81' lang='grc' dir='ltr'>πάντα</span> <span class='ocrx_word' id='word_1_109' title='bbox 706 738 740 764; x_wconf 76' lang='grc' dir='ltr'>τὰ</span> <span class='ocrx_word' id='word_1_110' title='bbox 753 738 814 774; x_wconf 72' lang='grc' dir='ltr'>ἔθνη</span> 
     </span>
    </p>
   </div>
   <div class='ocr_carea' id='block_1_17' title="bbox 52 782 735 818">
    <p class='ocr_par' dir='ltr' id='par_1_17' title="bbox 52 782 735 818">
     <span class='ocr_line' id='line_1_17' title="bbox 52 782 735 818; baseline 0.003 -10"><span class='ocrx_word' id='word_1_111' title='bbox 52 782 94 816; x_wconf 79' lang='grc' dir='ltr'>τῆς</span> <span class='ocrx_word' id='word_1_112' title='bbox 104 782 203 818; x_wconf 75' lang='grc' dir='ltr'><strong>ἐνούσης</strong></span> <span class='ocrx_word' id='word_1_113' title='bbox 215 784 244 810; x_wconf 81' lang='grc' dir='ltr'><strong>ἐν</strong></span> <span class='ocrx_word' id='word_1_114' title='bbox 261 783 335 818; x_wconf 80' lang='grc' dir='ltr'>αὐτῷ</span> <span class='ocrx_word' id='word_1_115' title='bbox 354 783 444 818; x_wconf 74' lang='grc' dir='ltr'>ίσχύος</span> <span class='ocrx_word' id='word_1_116' title='bbox 456 783 568 818; x_wconf 80' lang='grc' dir='ltr'>δεύτερα</span> <span class='ocrx_word' id='word_1_117' title='bbox 586 784 735 818; x_wconf 76' lang='grc' dir='ltr'>φαίνεσθαι.</span> 
     </span>
    </p>
   </div>
   <div class='ocr_carea' id='block_1_18' title="bbox 85 826 812 862">
    <p class='ocr_par' dir='ltr' id='par_1_18' title="bbox 85 826 812 862">
     <span class='ocr_line' id='line_1_18' title="bbox 85 826 812 862; baseline 0.006 -10"><span class='ocrx_word' id='word_1_118' title='bbox 85 826 240 858; x_wconf 80' lang='grc' dir='ltr'><strong>Ἐξόπισθεν</strong></span> <span class='ocrx_word' id='word_1_119' title='bbox 262 827 322 854; x_wconf 83' lang='grc' dir='ltr'><strong>τῶν</strong></span> <span class='ocrx_word' id='word_1_120' title='bbox 345 828 554 862; x_wconf 79' lang='grc' dir='ltr'>λοχευομένων</span> <span class='ocrx_word' id='word_1_121' title='bbox 579 829 688 856; x_wconf 77' lang='grc' dir='ltr'>ἔλαϐεν</span> <span class='ocrx_word' id='word_1_122' title='bbox 712 830 812 856; x_wconf 80' lang='grc' dir='ltr'>αὐτόν.</span> 
     </span>
    </p>
   </div>
   <div class='ocr_carea' id='block_1_19' title="bbox 51 872 812 912">
    <p class='ocr_par' dir='ltr' id='par_1_19' title="bbox 51 872 812 912">
     <span class='ocr_line' id='line_1_19' title="bbox 51 872 812 912; baseline 0.008 -14"><span class='ocrx_word' id='word_1_123' title='bbox 51 872 199 907; x_wconf 79' lang='grc' dir='ltr'>Τικτομένων</span> <span class='ocrx_word' id='word_1_124' title='bbox 212 875 257 900; x_wconf 81' lang='grc' dir='ltr'>καὶ</span> <span class='ocrx_word' id='word_1_125' title='bbox 273 875 457 910; x_wconf 74' lang='grc' dir='ltr'><strong>γεννωμένων.</strong></span> <span class='ocrx_word' id='word_1_126' title='bbox 481 875 547 902; x_wconf 82' lang='grc' dir='ltr'><strong>Ἀπὸ</strong></span> <span class='ocrx_word' id='word_1_127' title='bbox 561 876 610 911; x_wconf 82' lang='grc' dir='ltr'>τῆς</span> <span class='ocrx_word' id='word_1_128' title='bbox 622 877 812 912; x_wconf 75' lang='grc' dir='ltr'>ποιμαντικῆς,</span> 
     </span>
    </p>
   </div>
   <div class='ocr_carea' id='block_1_20' title="bbox 51 917 813 959">
    <p class='ocr_par' dir='ltr' id='par_1_20' title="bbox 51 917 813 959">
     <span class='ocr_line' id='line_1_20' title="bbox 51 917 813 959; baseline 0.008 -15"><span class='ocrx_word' id='word_1_129' title='bbox 51 917 132 952; x_wconf 78' lang='grc' dir='ltr'>φησὶν,</span> <span class='ocrx_word' id='word_1_130' title='bbox 155 920 316 955; x_wconf 76' lang='grc' dir='ltr'>ἐπιστήμης,</span> <span class='ocrx_word' id='word_1_131' title='bbox 339 921 384 947; x_wconf 79' lang='grc' dir='ltr'>καὶ</span> <span class='ocrx_word' id='word_1_132' title='bbox 408 921 455 947; x_wconf 79' lang='grc' dir='ltr'>τοῦ</span> <span class='ocrx_word' id='word_1_133' title='bbox 479 921 578 948; x_wconf 75' lang='grc' dir='ltr'>ειδέναι</span> <span class='ocrx_word' id='word_1_134' title='bbox 595 922 629 948; x_wconf 81' lang='grc' dir='ltr'>τὰ</span> <span class='ocrx_word' id='word_1_135' title='bbox 650 923 813 959; x_wconf 81' lang='grc' dir='ltr'><strong>λοχευόμενα</strong></span> 
     </span>
    </p>
   </div>
   <div class='ocr_carea' id='block_1_21' title="bbox 50 963 814 1001">
    <p class='ocr_par' dir='ltr' id='par_1_21' title="bbox 50 963 814 1001">
     <span class='ocr_line' id='line_1_21' title="bbox 50 963 814 1001; baseline 0.009 -12"><span class='ocrx_word' id='word_1_136' title='bbox 50 963 93 989; x_wconf 84' lang='grc' dir='ltr'><strong>τῶν</strong></span> <span class='ocrx_word' id='word_1_137' title='bbox 116 965 244 999; x_wconf 71' lang='grc' dir='ltr'>προϐάτων</span> <span class='ocrx_word' id='word_1_138' title='bbox 270 966 476 1001; x_wconf 72' lang='grc' dir='ltr'><strong>διαφυλάττειν,</strong></span> <span class='ocrx_word' id='word_1_139' title='bbox 499 968 587 1000; x_wconf 79' lang='grc' dir='ltr'>καλῶς</span> <span class='ocrx_word' id='word_1_140' title='bbox 610 969 750 996; x_wconf 78' lang='grc' dir='ltr'>ἀναλαϐὼν</span> <span class='ocrx_word' id='word_1_141' title='bbox 768 970 814 996; x_wconf 74' lang='grc' dir='ltr'>καὶ</span> 
     </span>
    </p>
   </div>
   <div class='ocr_carea' id='block_1_22' title="bbox 50 1009 813 1050">
    <p class='ocr_par' dir='ltr' id='par_1_22' title="bbox 50 1009 813 1050">
     <span class='ocr_line' id='line_1_22' title="bbox 50 1009 813 1050; baseline 0.009 -15"><span class='ocrx_word' id='word_1_142' title='bbox 50 1009 93 1035; x_wconf 79' lang='grc' dir='ltr'><strong>τῶν</strong></span> <span class='ocrx_word' id='word_1_143' title='bbox 106 1010 209 1044; x_wconf 81' lang='grc' dir='ltr'>λογικῶν</span> <span class='ocrx_word' id='word_1_144' title='bbox 223 1011 390 1048; x_wconf 82' lang='grc' dir='ltr'><strong>θρεμμάτων</strong></span> <span class='ocrx_word' id='word_1_145' title='bbox 404 1013 522 1047; x_wconf 82' lang='grc' dir='ltr'>ποιμένα</span> <span class='ocrx_word' id='word_1_146' title='bbox 538 1014 680 1050; x_wconf 81' lang='grc' dir='ltr'>πεποίηκε.</span> <span class='ocrx_word' id='word_1_147' title='bbox 695 1015 813 1050; x_wconf 75' lang='grc' dir='ltr'>Ποίμαι-</span> 
     </span>
    </p>
   </div>
   <div class='ocr_carea' id='block_1_23' title="bbox 50 1056 812 1091">
    <p class='ocr_par' dir='ltr' id='par_1_23' title="bbox 50 1056 812 1091">
     <span class='ocr_line' id='line_1_23' title="bbox 50 1056 812 1091; baseline 0.009 -10"><span class='ocrx_word' id='word_1_148' title='bbox 50 1063 102 1081; x_wconf 80' lang='grc' dir='ltr'>γειν</span> <span class='ocrx_word' id='word_1_149' title='bbox 121 1056 212 1084; x_wconf 81' lang='grc' dir='ltr'><strong>Ἰακὼὸ</strong></span> <span class='ocrx_word' id='word_1_150' title='bbox 222 1058 277 1084; x_wconf 79' lang='grc' dir='ltr'>τὸν</span> <span class='ocrx_word' id='word_1_151' title='bbox 289 1057 401 1085; x_wconf 83' lang='grc' dir='ltr'>δοῦλον</span> <span class='ocrx_word' id='word_1_152' title='bbox 417 1059 519 1086; x_wconf 82' lang='grc' dir='ltr'>αὐτοῦ.</span> <span class='ocrx_word' id='word_1_153' title='bbox 537 1060 673 1091; x_wconf 77' lang='grc' dir='ltr'><strong>Τουτέστι,</strong></span> <span class='ocrx_word' id='word_1_154' title='bbox 686 1061 812 1088; x_wconf 74' lang='grc' dir='ltr'><strong>διδάσκα-</strong></span> 
     </span>
    </p>
   </div>
   <div class='ocr_carea' id='block_1_24' title="bbox 50 1101 813 1141">
    <p class='ocr_par' dir='ltr' id='par_1_24' title="bbox 50 1101 813 1141">
     <span class='ocr_line' id='line_1_24' title="bbox 50 1101 813 1141; baseline 0.005 -12"><span class='ocrx_word' id='word_1_155' title='bbox 50 1101 84 1134; x_wconf 71' lang='grc' dir='ltr'><strong>λος</strong></span> <span class='ocrx_word' id='word_1_156' title='bbox 101 1103 181 1135; x_wconf 70' lang='grc' dir='ltr'>αὺτοῖς</span> <span class='ocrx_word' id='word_1_157' title='bbox 197 1105 306 1138; x_wconf 80' lang='grc' dir='ltr'>ἀγαθῶν</span> <span class='ocrx_word' id='word_1_158' title='bbox 328 1106 435 1141; x_wconf 81' lang='grc' dir='ltr'>τρόπων</span> <span class='ocrx_word' id='word_1_159' title='bbox 456 1106 572 1141; x_wconf 80' lang='grc' dir='ltr'>ἐγένετο,</span> <span class='ocrx_word' id='word_1_160' title='bbox 597 1107 629 1134; x_wconf 78' lang='grc' dir='ltr'><strong>δι’</strong></span> <span class='ocrx_word' id='word_1_161' title='bbox 651 1103 688 1133; x_wconf 84' lang='grc' dir='ltr'>ὧν</span> <span class='ocrx_word' id='word_1_162' title='bbox 711 1107 813 1133; x_wconf 75' lang='grc' dir='ltr'>ἐπεδεί-</span> 
     </span>
    </p>
   </div>
   <div class='ocr_carea' id='block_1_25' title="bbox 49 1149 383 1183">
    <p class='ocr_par' dir='ltr' id='par_1_25' title="bbox 49 1149 383 1183">
     <span class='ocr_line' id='line_1_25' title="bbox 49 1149 383 1183; baseline 0.018 -12"><span class='ocrx_word' id='word_1_163' title='bbox 49 1155 114 1174; x_wconf 77' lang='grc' dir='ltr'>κνυτο</span> <span class='ocrx_word' id='word_1_164' title='bbox 125 1149 264 1182; x_wconf 75' lang='grc' dir='ltr'><strong>παιδεύσας</strong></span> <span class='ocrx_word' id='word_1_165' title='bbox 277 1151 383 1183; x_wconf 82' lang='grc' dir='ltr'>αὐτούς.</span> 
     </span>
    </p>
   </div>
   <div class='ocr_carea' id='block_1_26' title="bbox 77 1192 812 1233">
    <p class='ocr_par' dir='ltr' id='par_1_26' title="bbox 77 1192 812 1233">
     <span class='ocr_line' id='line_1_26' title="bbox 77 1192 812 1233; baseline 0.007 -13"><span class='ocrx_word' id='word_1_166' title='bbox 77 1192 122 1220; x_wconf 74' lang='grc' dir='ltr'><strong>Καὶ</strong></span> <span class='ocrx_word' id='word_1_167' title='bbox 135 1194 167 1221; x_wconf 86' lang='grc' dir='ltr'>ἐν</span> <span class='ocrx_word' id='word_1_168' title='bbox 184 1195 246 1228; x_wconf 80' lang='grc' dir='ltr'>ταῖς</span> <span class='ocrx_word' id='word_1_169' title='bbox 270 1196 415 1223; x_wconf 80' lang='grc' dir='ltr'><strong>συνέσεσι</strong></span> <span class='ocrx_word' id='word_1_170' title='bbox 433 1196 492 1223; x_wconf 74' lang='grc' dir='ltr'>τῶν</span> <span class='ocrx_word' id='word_1_171' title='bbox 505 1197 611 1231; x_wconf 77' lang='grc' dir='ltr'>χειρῶν</span> <span class='ocrx_word' id='word_1_172' title='bbox 628 1198 720 1225; x_wconf 84' lang='grc' dir='ltr'>αὑτοῦ</span> <span class='ocrx_word' id='word_1_173' title='bbox 735 1197 812 1233; x_wconf 82' lang='grc' dir='ltr'><strong>ὡδή-</strong></span> 
     </span>
    </p>
   </div>
   <div class='ocr_carea' id='block_1_27' title="bbox 48 1241 812 1279">
    <p class='ocr_par' dir='ltr' id='par_1_27' title="bbox 48 1241 812 1279">
     <span class='ocr_line' id='line_1_27' title="bbox 48 1241 812 1279; baseline 0.008 -15"><span class='ocrx_word' id='word_1_174' title='bbox 48 1244 126 1270; x_wconf 78' lang='grc' dir='ltr'>γησεν</span> <span class='ocrx_word' id='word_1_175' title='bbox 142 1241 256 1274; x_wconf 82' lang='grc' dir='ltr'>αὐτούς.</span> <span class='ocrx_word' id='word_1_176' title='bbox 281 1241 392 1268; x_wconf 79' lang='grc' dir='ltr'>Σύνεσιν</span> <span class='ocrx_word' id='word_1_177' title='bbox 415 1242 513 1278; x_wconf 84' lang='grc' dir='ltr'>χειρῶν</span> <span class='ocrx_word' id='word_1_178' title='bbox 537 1243 626 1270; x_wconf 84' lang='grc' dir='ltr'>πᾶσαν</span> <span class='ocrx_word' id='word_1_179' title='bbox 647 1243 696 1279; x_wconf 80' lang='grc' dir='ltr'><strong>τὴν</strong></span> <span class='ocrx_word' id='word_1_180' title='bbox 719 1245 748 1270; x_wconf 76' lang='grc' dir='ltr'>ὲν</span> <span class='ocrx_word' id='word_1_181' title='bbox 774 1243 812 1279; x_wconf 85' lang='grc' dir='ltr'><strong>τῷ</strong></span> 
     </span>
    </p>
   </div>
   <div class='ocr_carea' id='block_1_28' title="bbox 48 1285 560 1324">
    <p class='ocr_par' dir='ltr' id='par_1_28' title="bbox 48 1285 560 1324">
     <span class='ocr_line' id='line_1_28' title="bbox 48 1285 560 1324; baseline 0.008 -13"><span class='ocrx_word' id='word_1_182' title='bbox 48 1285 188 1320; x_wconf 69' lang='grc' dir='ltr'>προσήκοντι</span> <span class='ocrx_word' id='word_1_183' title='bbox 199 1287 300 1321; x_wconf 76' lang='grc' dir='ltr'>πρᾶξιν</span> <span class='ocrx_word' id='word_1_184' title='bbox 312 1288 455 1323; x_wconf 85' lang='grc' dir='ltr'>γινομένην</span> <span class='ocrx_word' id='word_1_185' title='bbox 469 1289 560 1324; x_wconf 81' lang='grc' dir='ltr'>φησιν.</span> 
     </span>
    </p>
   </div>
   <div class='ocr_carea' id='block_1_29' title="bbox 210 1333 627 1368">
    <p class='ocr_par' dir='ltr' id='par_1_29' title="bbox 210 1333 627 1368">
     <span class='ocr_line' id='line_1_29' title="bbox 210 1333 627 1368; baseline 0.002 -9"><span class='ocrx_word' id='word_1_186' title='bbox 210 1334 366 1360; x_wconf 78' lang='grc' dir='ltr'><strong>ΨΑΛΜΟΣ</strong></span> <span class='ocrx_word' id='word_1_187' title='bbox 380 1333 420 1365; x_wconf 83' lang='grc' dir='ltr'>τῷ</span> <span class='ocrx_word' id='word_1_188' title='bbox 441 1333 542 1368; x_wconf 71' lang='grc' dir='ltr'><strong>Ἀσάφ.</strong></span> <span class='ocrx_word' id='word_1_189' title='bbox 562 1336 627 1362; x_wconf 83' lang='lat' dir='ltr'><strong>OH&#39;.</strong></span> 
     </span>
    </p>
   </div>
   <div class='ocr_carea' id='block_1_30' title="bbox 348 1380 508 1413">
    <p class='ocr_par' dir='ltr' id='par_1_30' title="bbox 348 1380 508 1413">
     <span class='ocr_line' id='line_1_30' title="bbox 348 1380 508 1413; baseline 0.006 -7"><span class='ocrx_word' id='word_1_190' title='bbox 348 1380 508 1413; x_wconf 82' lang='grc' dir='ltr'>Ύπόθεσις.</span> 
     </span>
    </p>
   </div>
   <div class='ocr_carea' id='block_1_31' title="bbox 48 1421 812 1463">
    <p class='ocr_par' dir='ltr' id='par_1_31' title="bbox 48 1421 812 1463">
     <span class='ocr_line' id='line_1_31' title="bbox 48 1421 812 1463; baseline 0.009 -15"><span class='ocrx_word' id='word_1_191' title='bbox 48 1421 129 1449; x_wconf 81' lang='grc' dir='ltr'>Τοῦτον</span> <span class='ocrx_word' id='word_1_192' title='bbox 144 1424 197 1460; x_wconf 77' lang='grc' dir='ltr'>ᾄδει</span> <span class='ocrx_word' id='word_1_193' title='bbox 212 1425 257 1452; x_wconf 82' lang='grc' dir='ltr'>τὸν</span> <span class='ocrx_word' id='word_1_194' title='bbox 277 1425 383 1461; x_wconf 71' lang='grc' dir='ltr'>ψαλμὸν</span> <span class='ocrx_word' id='word_1_195' title='bbox 400 1427 470 1462; x_wconf 76' lang='grc' dir='ltr'>ὑπὲρ</span> <span class='ocrx_word' id='word_1_196' title='bbox 491 1427 544 1454; x_wconf 86' lang='grc' dir='ltr'><strong>τῶν</strong></span> <span class='ocrx_word' id='word_1_197' title='bbox 558 1427 753 1463; x_wconf 80' lang='grc' dir='ltr'>ἀναιρεθέντων</span> <span class='ocrx_word' id='word_1_198' title='bbox 768 1438 812 1455; x_wconf 83' lang='grc' dir='ltr'>πι-</span> 
     </span>
    </p>
   </div>
   <div class='ocr_carea' id='block_1_32' title="bbox 76 1468 811 1508">
    <p class='ocr_par' dir='ltr' id='par_1_32' title="bbox 76 1468 811 1508">
     <span class='ocr_line' id='line_1_32' title="bbox 76 1468 811 1508; baseline 0.008 -13"><span class='ocrx_word' id='word_1_199' title='bbox 76 1468 138 1503; x_wconf 82' lang='grc' dir='ltr'>κρῶς</span> <span class='ocrx_word' id='word_1_200' title='bbox 157 1470 223 1497; x_wconf 75' lang='grc' dir='ltr'>κατὰ</span> <span class='ocrx_word' id='word_1_201' title='bbox 238 1472 302 1503; x_wconf 83' lang='grc' dir='ltr'>τοὺς</span> <span class='ocrx_word' id='word_1_202' title='bbox 323 1472 435 1507; x_wconf 74' lang='grc' dir='ltr'>καιροὺς</span> <span class='ocrx_word' id='word_1_203' title='bbox 451 1472 498 1499; x_wconf 82' lang='grc' dir='ltr'>τοῦ</span> <span class='ocrx_word' id='word_1_204' title='bbox 521 1473 668 1508; x_wconf 83' lang='grc' dir='ltr'>Ἀντιόχου·</span> <span class='ocrx_word' id='word_1_205' title='bbox 684 1474 766 1500; x_wconf 75' lang='grc' dir='ltr'>αἰτῶν</span> <span class='ocrx_word' id='word_1_206' title='bbox 781 1483 811 1501; x_wconf 82' lang='grc' dir='ltr'><strong>τε</strong></span> 
     </span>
    </p>
   </div>
   <div class='ocr_carea' id='block_1_33' title="bbox 74 1513 812 1553">
    <p class='ocr_par' dir='ltr' id='par_1_33' title="bbox 74 1513 812 1553">
     <span class='ocr_line' id='line_1_33' title="bbox 74 1513 812 1553; baseline 0.008 -13"><span class='ocrx_word' id='word_1_207' title='bbox 74 1513 111 1540; x_wconf 75' lang='grc' dir='ltr'><strong>διὰ</strong></span> <span class='ocrx_word' id='word_1_208' title='bbox 129 1515 175 1550; x_wconf 82' lang='grc' dir='ltr'>τῆς</span> <span class='ocrx_word' id='word_1_209' title='bbox 199 1517 316 1548; x_wconf 75' lang='grc' dir='ltr'>ἱκετείας</span> <span class='ocrx_word' id='word_1_210' title='bbox 338 1518 476 1553; x_wconf 82' lang='grc' dir='ltr'>ἐκδίκησιν</span> <span class='ocrx_word' id='word_1_211' title='bbox 504 1519 631 1553; x_wconf 85' lang='grc' dir='ltr'>γενέσθαι</span> <span class='ocrx_word' id='word_1_212' title='bbox 655 1519 705 1553; x_wconf 79' lang='grc' dir='ltr'><strong>τῆς</strong></span> <span class='ocrx_word' id='word_1_213' title='bbox 729 1521 768 1551; x_wconf 81' lang='grc' dir='ltr'>εὶς</span> <span class='ocrx_word' id='word_1_214' title='bbox 782 1521 812 1546; x_wconf 86' lang='grc' dir='ltr'>τὸ</span> 
     </span>
    </p>
   </div>
   <div class='ocr_carea' id='block_1_34' title="bbox 73 1559 813 1602">
    <p class='ocr_par' dir='ltr' id='par_1_34' title="bbox 73 1559 813 1602">
     <span class='ocr_line' id='line_1_34' title="bbox 73 1559 813 1602; baseline 0.009 -17"><span class='ocrx_word' id='word_1_215' title='bbox 73 1559 137 1592; x_wconf 78' lang='grc' dir='ltr'>ἔθνος</span> <span class='ocrx_word' id='word_1_216' title='bbox 154 1563 298 1599; x_wconf 74' lang='grc' dir='ltr'>γινομένης</span> <span class='ocrx_word' id='word_1_217' title='bbox 322 1564 485 1598; x_wconf 73' lang='grc' dir='ltr'>μιαιφονίας,</span> <span class='ocrx_word' id='word_1_218' title='bbox 509 1565 748 1601; x_wconf 75' lang='grc' dir='ltr'>μεταστραφεισῶν</span> <span class='ocrx_word' id='word_1_219' title='bbox 767 1565 813 1602; x_wconf 84' lang='grc' dir='ltr'><strong>δη-</strong></span> 
     </span>
    </p>
   </div>
   <div class='ocr_carea' id='block_1_35' title="bbox 73 1605 814 1645">
    <p class='ocr_par' dir='ltr' id='par_1_35' title="bbox 73 1605 814 1645">
     <span class='ocr_line' id='line_1_35' title="bbox 73 1605 814 1645; baseline 0.008 -13"><span class='ocrx_word' id='word_1_220' title='bbox 73 1605 147 1633; x_wconf 82' lang='grc' dir='ltr'>λονότι</span> <span class='ocrx_word' id='word_1_221' title='bbox 159 1608 210 1635; x_wconf 79' lang='grc' dir='ltr'><strong>τῶν</strong></span> <span class='ocrx_word' id='word_1_222' title='bbox 230 1609 379 1645; x_wconf 61' lang='grc' dir='ltr'>συμφορῶν</span> <span class='ocrx_word' id='word_1_223' title='bbox 401 1611 440 1642; x_wconf 77' lang='grc' dir='ltr'><strong>εἰς</strong></span> <span class='ocrx_word' id='word_1_224' title='bbox 459 1611 558 1642; x_wconf 79' lang='grc' dir='ltr'>αὐτοὺς</span> <span class='ocrx_word' id='word_1_225' title='bbox 581 1611 644 1643; x_wconf 77' lang='grc' dir='ltr'>τοὺς</span> <span class='ocrx_word' id='word_1_226' title='bbox 663 1612 814 1645; x_wconf 79' lang='grc' dir='ltr'>ἐπάγοντας</span> 
     </span>
    </p>
   </div>
   <div class='ocr_carea' id='block_1_36' title="bbox 74 1653 156 1686">
    <p class='ocr_par' dir='ltr' id='par_1_36' title="bbox 74 1653 156 1686">
     <span class='ocr_line' id='line_1_36' title="bbox 74 1653 156 1686; baseline 0.049 -8"><span class='ocrx_word' id='word_1_227' title='bbox 74 1653 156 1686; x_wconf 72' lang='grc' dir='ltr'>αὑτάς.</span> 
     </span>
    </p>
   </div>
   <div class='ocr_carea' id='block_1_37' title="bbox 79 1698 814 1738">
    <p class='ocr_par' dir='ltr' id='par_1_37' title="bbox 79 1698 814 1738">
     <span class='ocr_line' id='line_1_37' title="bbox 79 1698 814 1738; baseline 0.005 -12"><span class='ocrx_word' id='word_1_228' title='bbox 79 1698 101 1725; x_wconf 89' lang='lat'><em>&#39;0</em></span> <span class='ocrx_word' id='word_1_229' title='bbox 121 1701 196 1734; x_wconf 83' lang='grc' dir='ltr'><strong>Θεὸς,</strong></span> <span class='ocrx_word' id='word_1_230' title='bbox 214 1701 354 1737; x_wconf 72' lang='grc' dir='ltr'>ἤλθοσαν</span> <span class='ocrx_word' id='word_1_231' title='bbox 376 1703 448 1737; x_wconf 73' lang='grc' dir='ltr'>ἔθνη</span> <span class='ocrx_word' id='word_1_232' title='bbox 474 1704 518 1736; x_wconf 86' lang='grc' dir='ltr'><strong>είς</strong></span> <span class='ocrx_word' id='word_1_233' title='bbox 541 1703 597 1737; x_wconf 82' lang='grc' dir='ltr'>τὴν</span> <span class='ocrx_word' id='word_1_234' title='bbox 612 1704 814 1738; x_wconf 77' lang='grc' dir='ltr'>κληρονομίαν</span> 
     </span>
    </p>
   </div>
   <div class='ocr_carea' id='block_1_38' title="bbox 47 1747 813 1785">
    <p class='ocr_par' dir='ltr' id='par_1_38' title="bbox 47 1747 813 1785">
     <span class='ocr_line' id='line_1_38' title="bbox 47 1747 813 1785; baseline 0.005 -13"><span class='ocrx_word' id='word_1_235' title='bbox 47 1751 100 1772; x_wconf 80' lang='grc' dir='ltr'>σου.</span> <span class='ocrx_word' id='word_1_236' title='bbox 116 1747 224 1780; x_wconf 73' lang='grc' dir='ltr'>Πολλοὺς</span> <span class='ocrx_word' id='word_1_237' title='bbox 240 1749 296 1785; x_wconf 77' lang='grc' dir='ltr'>γὰρ</span> <span class='ocrx_word' id='word_1_238' title='bbox 315 1749 471 1784; x_wconf 79' lang='grc' dir='ltr'>εἰσαγαγὼν</span> <span class='ocrx_word' id='word_1_239' title='bbox 496 1751 510 1776; x_wconf 83' lang='grc' dir='ltr'><strong>ὸ</strong></span> <span class='ocrx_word' id='word_1_240' title='bbox 529 1750 674 1785; x_wconf 83' lang='grc' dir='ltr'>Ἀντίοχος,</span> <span class='ocrx_word' id='word_1_241' title='bbox 690 1750 813 1785; x_wconf 78' lang='grc' dir='ltr'>εἰσῆλθεν</span> 
     </span>
    </p>
   </div>
   <div class='ocr_carea' id='block_1_39' title="bbox 47 1791 814 1832">
    <p class='ocr_par' dir='ltr' id='par_1_39' title="bbox 47 1791 814 1832">
     <span class='ocr_line' id='line_1_39' title="bbox 47 1791 814 1832; baseline 0.003 -11"><span class='ocrx_word' id='word_1_242' title='bbox 47 1791 76 1821; x_wconf 67' lang='grc' dir='ltr'><strong>εἷς</strong></span> <span class='ocrx_word' id='word_1_243' title='bbox 94 1792 253 1830; x_wconf 71' lang='grc' dir='ltr'>Ἰεροσόλυμα</span> <span class='ocrx_word' id='word_1_244' title='bbox 266 1796 315 1823; x_wconf 74' lang='grc' dir='ltr'><strong>καὶ</strong></span> <span class='ocrx_word' id='word_1_245' title='bbox 333 1796 467 1832; x_wconf 81' lang='grc' dir='ltr'>ἐνέπρησε</span> <span class='ocrx_word' id='word_1_246' title='bbox 479 1796 524 1822; x_wconf 86' lang='grc' dir='ltr'><strong>τὸν</strong></span> <span class='ocrx_word' id='word_1_247' title='bbox 540 1796 610 1823; x_wconf 85' lang='grc' dir='ltr'>θεῖον</span> <span class='ocrx_word' id='word_1_248' title='bbox 624 1797 696 1823; x_wconf 87' lang='grc' dir='ltr'>ναόν.</span> <span class='ocrx_word' id='word_1_249' title='bbox 717 1797 814 1831; x_wconf 82' lang='grc' dir='ltr'>Ἐμία-</span> 
     </span>
    </p>
   </div>
   <div class='ocr_carea' id='block_1_40' title="bbox 46 1838 812 1877">
    <p class='ocr_par' dir='ltr' id='par_1_40' title="bbox 46 1838 812 1877">
     <span class='ocr_line' id='line_1_40' title="bbox 46 1838 812 1877; baseline 0.004 -13"><span class='ocrx_word' id='word_1_250' title='bbox 46 1843 92 1862; x_wconf 83' lang='grc' dir='ltr'><strong>ναν</strong></span> <span class='ocrx_word' id='word_1_251' title='bbox 103 1838 150 1865; x_wconf 85' lang='grc' dir='ltr'>τὸν</span> <span class='ocrx_word' id='word_1_252' title='bbox 159 1839 232 1867; x_wconf 80' lang='grc' dir='ltr'>ναὸν</span> <span class='ocrx_word' id='word_1_253' title='bbox 245 1841 301 1868; x_wconf 75' lang='grc' dir='ltr'>τὸν</span> <span class='ocrx_word' id='word_1_254' title='bbox 313 1841 398 1876; x_wconf 73' lang='grc' dir='ltr'>ἅγιόν</span> <span class='ocrx_word' id='word_1_255' title='bbox 414 1850 483 1869; x_wconf 85' lang='grc' dir='ltr'>σου.</span> <span class='ocrx_word' id='word_1_256' title='bbox 507 1842 583 1872; x_wconf 82' lang='grc' dir='ltr'>Ἰδοὺ,</span> <span class='ocrx_word' id='word_1_257' title='bbox 599 1842 676 1877; x_wconf 61' lang='grc' dir='ltr'>φησι,</span> <span class='ocrx_word' id='word_1_258' title='bbox 689 1841 741 1868; x_wconf 86' lang='grc' dir='ltr'><strong>τῶν</strong></span> <span class='ocrx_word' id='word_1_259' title='bbox 759 1842 812 1868; x_wconf 86' lang='grc' dir='ltr'>σῶν</span> 
     </span>
    </p>
   </div>
   <div class='ocr_carea' id='block_1_41' title="bbox 46 1881 812 1921">
    <p class='ocr_par' dir='ltr' id='par_1_41' title="bbox 46 1881 812 1921">
     <span class='ocr_line' id='line_1_41' title="bbox 46 1881 812 1921; baseline 0.008 -13"><span class='ocrx_word' id='word_1_260' title='bbox 46 1881 177 1918; x_wconf 67' lang='grc' dir='ltr'>ἐκράτησαν</span> <span class='ocrx_word' id='word_1_261' title='bbox 200 1885 284 1917; x_wconf 78' lang='grc' dir='ltr'>ἄλλοι,</span> <span class='ocrx_word' id='word_1_262' title='bbox 308 1887 355 1913; x_wconf 70' lang='grc' dir='ltr'><strong>καὶ</strong></span> <span class='ocrx_word' id='word_1_263' title='bbox 375 1887 410 1914; x_wconf 84' lang='grc' dir='ltr'>τὰ</span> <span class='ocrx_word' id='word_1_264' title='bbox 434 1886 469 1914; x_wconf 80' lang='grc' dir='ltr'><strong>σὰ</strong></span> <span class='ocrx_word' id='word_1_265' title='bbox 494 1887 546 1913; x_wconf 69' lang='grc' dir='ltr'><strong>ὑπὸ</strong></span> <span class='ocrx_word' id='word_1_266' title='bbox 567 1887 720 1921; x_wconf 75' lang='grc' dir='ltr'>ἀλλοφύλων</span> <span class='ocrx_word' id='word_1_267' title='bbox 747 1895 812 1914; x_wconf 83' lang='grc' dir='ltr'>κατ-</span> 
     </span>
    </p>
   </div>
   <div class='ocr_carea' id='block_1_42' title="bbox 46 1924 810 1967">
    <p class='ocr_par' dir='ltr' id='par_1_42' title="bbox 46 1924 810 1967">
     <span class='ocr_line' id='line_1_42' title="bbox 46 1924 810 1967; baseline 0.012 -15"><span class='ocrx_word' id='word_1_268' title='bbox 46 1924 130 1960; x_wconf 79' lang='grc' dir='ltr'>έχεται.</span> <span class='ocrx_word' id='word_1_269' title='bbox 146 1931 260 1958; x_wconf 69' lang='grc' dir='ltr'>Ἐθεντο</span> <span class='ocrx_word' id='word_1_270' title='bbox 278 1932 478 1967; x_wconf 77' lang='grc' dir='ltr'>Ἰερουσαλὴμ</span> <span class='ocrx_word' id='word_1_271' title='bbox 494 1934 539 1966; x_wconf 83' lang='grc' dir='ltr'>εἰς</span> <span class='ocrx_word' id='word_1_272' title='bbox 555 1933 810 1967; x_wconf 65' lang='grc' dir='ltr'><strong>όπωρορυλὰκιιγν.</strong></span> 
     </span>
    </p>
   </div>
   <div class='ocr_carea' id='block_1_43' title="bbox 45 1971 812 2014">
    <p class='ocr_par' dir='ltr' id='par_1_43' title="bbox 45 1971 812 2014">
     <span class='ocr_line' id='line_1_43' title="bbox 45 1971 812 2014; baseline 0.01 -17"><span class='ocrx_word' id='word_1_273' title='bbox 45 1971 177 2008; x_wconf 78' lang='grc' dir='ltr'>Διθολόγιος</span> <span class='ocrx_word' id='word_1_274' title='bbox 188 1977 269 2009; x_wconf 78' lang='grc' dir='ltr'>τόπος</span> <span class='ocrx_word' id='word_1_275' title='bbox 284 1977 350 2004; x_wconf 79' lang='grc' dir='ltr'><strong>ὅπου</strong></span> <span class='ocrx_word' id='word_1_276' title='bbox 367 1978 416 2013; x_wconf 87' lang='grc' dir='ltr'>τὴν</span> <span class='ocrx_word' id='word_1_277' title='bbox 431 1979 532 2014; x_wconf 75' lang='grc' dir='ltr'>σκηνὴν</span> <span class='ocrx_word' id='word_1_278' title='bbox 549 1978 604 2014; x_wconf 81' lang='grc' dir='ltr'>ἔχει</span> <span class='ocrx_word' id='word_1_279' title='bbox 615 1980 628 2005; x_wconf 85' lang='grc' dir='ltr'>ὁ</span> <span class='ocrx_word' id='word_1_280' title='bbox 643 1979 690 2010; x_wconf 82' lang='grc' dir='ltr'>τὰς</span> <span class='ocrx_word' id='word_1_281' title='bbox 701 1978 812 2014; x_wconf 83' lang='grc' dir='ltr'>ὀπώρας</span> 
     </span>
    </p>
   </div>
   <div class='ocr_carea' id='block_1_44' title="bbox 47 2017 178 2049">
    <p class='ocr_par' dir='ltr' id='par_1_44' title="bbox 47 2017 178 2049">
     <span class='ocr_line' id='line_1_44' title="bbox 47 2017 178 2049; baseline 0.031 -7"><span class='ocrx_word' id='word_1_282' title='bbox 47 2017 178 2049; x_wconf 57' lang='grc' dir='ltr'>(φυλάσσων.</span> 
     </span>
    </p>
   </div>
   <div class='ocr_carea' id='block_1_45' title="bbox 76 2063 810 2105">
    <p class='ocr_par' dir='ltr' id='par_1_45' title="bbox 76 2063 810 2105">
     <span class='ocr_line' id='line_1_45' title="bbox 76 2063 810 2105; baseline 0.011 -15"><span class='ocrx_word' id='word_1_283' title='bbox 76 2063 181 2092; x_wconf 78' lang='grc' dir='ltr'>Ἐ’θεντο</span> <span class='ocrx_word' id='word_1_284' title='bbox 199 2067 235 2094; x_wconf 83' lang='grc' dir='ltr'>τὰ</span> <span class='ocrx_word' id='word_1_285' title='bbox 258 2069 420 2103; x_wconf 74' lang='grc' dir='ltr'>θνησιμαῖα</span> <span class='ocrx_word' id='word_1_286' title='bbox 442 2069 502 2095; x_wconf 86' lang='grc' dir='ltr'>τῶν</span> <span class='ocrx_word' id='word_1_287' title='bbox 522 2069 640 2097; x_wconf 82' lang='grc' dir='ltr'>δούλων</span> <span class='ocrx_word' id='word_1_288' title='bbox 656 2079 713 2098; x_wconf 84' lang='grc' dir='ltr'><strong>σου</strong></span> <span class='ocrx_word' id='word_1_289' title='bbox 732 2072 810 2105; x_wconf 79' lang='grc' dir='ltr'><strong>βρώ-</strong></span> 
     </span>
    </p>
   </div>
   <div class='ocr_carea' id='block_1_46' title="bbox 45 2106 810 2151">
    <p class='ocr_par' dir='ltr' id='par_1_46' title="bbox 45 2106 810 2151">
     <span class='ocr_line' id='line_1_46' title="bbox 45 2106 810 2151; baseline 0.012 -17"><span class='ocrx_word' id='word_1_290' title='bbox 45 2113 108 2138; x_wconf 78' lang='grc' dir='ltr'>ματα</span> <span class='ocrx_word' id='word_1_291' title='bbox 121 2106 177 2142; x_wconf 81' lang='grc' dir='ltr'>τοῖς</span> <span class='ocrx_word' id='word_1_292' title='bbox 195 2112 341 2145; x_wconf 73' lang='grc' dir='ltr'>πετεινοῖς</span> <span class='ocrx_word' id='word_1_293' title='bbox 362 2113 415 2140; x_wconf 85' lang='grc' dir='ltr'>τοῦ</span> <span class='ocrx_word' id='word_1_294' title='bbox 435 2114 575 2147; x_wconf 71' lang='grc' dir='ltr'>οὐρανοῦ.</span> <span class='ocrx_word' id='word_1_295' title='bbox 593 2114 642 2141; x_wconf 65' lang='grc' dir='ltr'><strong>Διὰ</strong></span> <span class='ocrx_word' id='word_1_296' title='bbox 658 2116 712 2151; x_wconf 75' lang='grc' dir='ltr'>γὰρ</span> <span class='ocrx_word' id='word_1_297' title='bbox 727 2116 810 2151; x_wconf 85' lang='grc' dir='ltr'>ὑπερ-</span> 
     </span>
    </p>
   </div>
   <div class='ocr_carea' id='block_1_47' title="bbox 47 2150 808 2193">
    <p class='ocr_par' dir='ltr' id='par_1_47' title="bbox 47 2150 808 2193">
     <span class='ocr_line' id='line_1_47' title="bbox 47 2150 808 2193; baseline 0.009 -12"><span class='ocrx_word' id='word_1_298' title='bbox 47 2150 112 2187; x_wconf 67' lang='grc' dir='ltr'>ίολὴν</span> <span class='ocrx_word' id='word_1_299' title='bbox 130 2155 322 2192; x_wconf 81' lang='grc' dir='ltr'>ἀπανθρωπίας</span> <span class='ocrx_word' id='word_1_300' title='bbox 340 2159 399 2185; x_wconf 79' lang='grc' dir='ltr'><strong>οὐδὲ</strong></span> <span class='ocrx_word' id='word_1_301' title='bbox 425 2158 537 2186; x_wconf 83' lang='grc' dir='ltr'>θάπτειν</span> <span class='ocrx_word' id='word_1_302' title='bbox 566 2161 622 2192; x_wconf 82' lang='grc' dir='ltr'>τοῖς</span> <span class='ocrx_word' id='word_1_303' title='bbox 637 2150 747 2193; x_wconf 79' lang='grc' dir='ltr'>οἰκείοις</span> <span class='ocrx_word' id='word_1_304' title='bbox 761 2150 808 2188; x_wconf 55' lang='lat' dir='ltr'><strong>ti:-</strong></span> 
     </span>
    </p>
   </div>
   <div class='ocr_carea' id='block_1_48' title="bbox 868 232 1117 267">
    <p class='ocr_par' dir='ltr' id='par_1_48' title="bbox 868 232 1117 267">
     <span class='ocr_line' id='line_1_48' title="bbox 868 232 1117 267; baseline 0.004 -9"><span class='ocrx_word' id='word_1_305' title='bbox 868 232 921 259; x_wconf 89' lang='lat' dir='ltr'><strong>Iius</strong></span> <span class='ocrx_word' id='word_1_306' title='bbox 935 237 993 259; x_wconf 88' lang='lat' dir='ltr'><strong>erat</strong></span> <span class='ocrx_word' id='word_1_307' title='bbox 1004 232 1117 267; x_wconf 83' lang='lat' dir='ltr'><strong>Ioseph.</strong></span> 
     </span>
    </p>
   </div>
   <div class='ocr_carea' id='block_1_49' title="bbox 902 276 1656 314">
    <p class='ocr_par' dir='ltr' id='par_1_49' title="bbox 902 276 1656 314">
     <span class='ocr_line' id='line_1_49' title="bbox 902 276 1656 314; baseline 0.001 -10"><span class='ocrx_word' id='word_1_308' title='bbox 902 277 946 304; x_wconf 85' lang='lat'><strong>68.</strong></span> <span class='ocrx_word' id='word_1_309' title='bbox 967 276 1017 304; x_wconf 79' lang='lat' dir='ltr'><strong>Sed</strong></span> <span class='ocrx_word' id='word_1_310' title='bbox 1040 277 1118 312; x_wconf 81' lang='lat' dir='ltr'><strong>elegit</strong></span> <span class='ocrx_word' id='word_1_311' title='bbox 1141 277 1238 304; x_wconf 82' lang='lat' dir='ltr'><strong>tribum</strong></span> <span class='ocrx_word' id='word_1_312' title='bbox 1261 276 1344 304; x_wconf 74' lang='lat' dir='ltr'><strong>Iuda.</strong></span> <span class='ocrx_word' id='word_1_313' title='bbox 1366 277 1406 304; x_wconf 81' lang='lat' dir='ltr'><strong>Ex</strong></span> <span class='ocrx_word' id='word_1_314' title='bbox 1429 285 1460 305; x_wconf 86' lang='lat' dir='ltr'><strong>ea</strong></span> <span class='ocrx_word' id='word_1_315' title='bbox 1483 277 1555 304; x_wconf 81' lang='lat' dir='ltr'><strong>enim</strong></span> <span class='ocrx_word' id='word_1_316' title='bbox 1578 286 1656 314; x_wconf 72' lang='lat' dir='ltr'><strong>reges</strong></span> 
     </span>
    </p>
   </div>
   <div class='ocr_carea' id='block_1_50' title="bbox 866 324 1653 359">
    <p class='ocr_par' dir='ltr' id='par_1_50' title="bbox 866 324 1653 359">
     <span class='ocr_line' id='line_1_50' title="bbox 866 324 1653 359; baseline 0.001 -9"><span class='ocrx_word' id='word_1_317' title='bbox 866 324 1027 356; x_wconf 81' lang='lat' dir='ltr'><strong>constituit,</strong></span> <span class='ocrx_word' id='word_1_318' title='bbox 1048 331 1164 359; x_wconf 92' lang='lat' dir='ltr'><strong>quorum</strong></span> <span class='ocrx_word' id='word_1_319' title='bbox 1180 325 1284 359; x_wconf 91' lang='lat' dir='ltr'><strong>primus</strong></span> <span class='ocrx_word' id='word_1_320' title='bbox 1301 324 1350 351; x_wconf 81' lang='lat' dir='ltr'><strong>fuit</strong></span> <span class='ocrx_word' id='word_1_321' title='bbox 1380 324 1474 352; x_wconf 84' lang='lat' dir='ltr'><strong>David.</strong></span> <span class='ocrx_word' id='word_1_322' title='bbox 1505 324 1653 351; x_wconf 84' lang='lat' dir='ltr'><strong>Sciendum</strong></span> 
     </span>
    </p>
   </div>
   <div class='ocr_carea' id='block_1_51' title="bbox 867 369 1653 404">
    <p class='ocr_par' dir='ltr' id='par_1_51' title="bbox 867 369 1653 404">
     <span class='ocr_line' id='line_1_51' title="bbox 867 369 1653 404; baseline 0.001 -9"><span class='ocrx_word' id='word_1_323' title='bbox 867 373 956 396; x_wconf 92' lang='lat' dir='ltr'><strong>autem</strong></span> <span class='ocrx_word' id='word_1_324' title='bbox 971 369 1071 396; x_wconf 89' lang='lat' dir='ltr'><strong>tribum</strong></span> <span class='ocrx_word' id='word_1_325' title='bbox 1088 377 1136 404; x_wconf 92' lang='lat' dir='ltr'><strong>pro</strong></span> <span class='ocrx_word' id='word_1_326' title='bbox 1153 370 1223 396; x_wconf 93' lang='lat' dir='ltr'><strong>tribu</strong></span> <span class='ocrx_word' id='word_1_327' title='bbox 1234 370 1348 404; x_wconf 76' lang='lat' dir='ltr'><strong>elegisse</strong></span> <span class='ocrx_word' id='word_1_328' title='bbox 1361 369 1456 400; x_wconf 80' lang='lat' dir='ltr'><strong>Deum.</strong></span> <span class='ocrx_word' id='word_1_329' title='bbox 1469 370 1568 397; x_wconf 80' lang='lat' dir='ltr'><strong>tribum</strong></span> <span class='ocrx_word' id='word_1_330' title='bbox 1584 370 1653 397; x_wconf 78' lang='lat' dir='ltr'><strong>Iuda</strong></span> 
     </span>
    </p>
   </div>
   <div class='ocr_carea' id='block_1_52' title="bbox 867 414 1653 450">
    <p class='ocr_par' dir='ltr' id='par_1_52' title="bbox 867 414 1653 450">
     <span class='ocr_line' id='line_1_52' title="bbox 867 414 1653 450; baseline 0.004 -9"><span class='ocrx_word' id='word_1_331' title='bbox 867 422 916 449; x_wconf 88' lang='lat' dir='ltr'><strong>pro</strong></span> <span class='ocrx_word' id='word_1_332' title='bbox 931 415 1001 442; x_wconf 89' lang='lat' dir='ltr'><strong>tribu</strong></span> <span class='ocrx_word' id='word_1_333' title='bbox 1016 414 1144 450; x_wconf 75' lang='lat' dir='ltr'><strong>Iosephi;</strong></span> <span class='ocrx_word' id='word_1_334' title='bbox 1160 420 1186 443; x_wconf 89' lang='lat' dir='ltr'><strong>et</strong></span> <span class='ocrx_word' id='word_1_335' title='bbox 1201 416 1290 443; x_wconf 85' lang='lat' dir='ltr'><strong>locum</strong></span> <span class='ocrx_word' id='word_1_336' title='bbox 1307 423 1357 450; x_wconf 86' lang='lat' dir='ltr'><strong>pro</strong></span> <span class='ocrx_word' id='word_1_337' title='bbox 1369 416 1438 449; x_wconf 87' lang='lat' dir='ltr'><strong>loco,</strong></span> <span class='ocrx_word' id='word_1_338' title='bbox 1452 422 1571 443; x_wconf 78' lang='lat' dir='ltr'><strong>montem</strong></span> <span class='ocrx_word' id='word_1_339' title='bbox 1587 416 1653 444; x_wconf 86' lang='lat' dir='ltr'><strong>Sion</strong></span> 
     </span>
    </p>
   </div>
   <div class='ocr_carea' id='block_1_53' title="bbox 867 459 1027 495">
    <p class='ocr_par' dir='ltr' id='par_1_53' title="bbox 867 459 1027 495">
     <span class='ocr_line' id='line_1_53' title="bbox 867 459 1027 495; baseline 0.006 -9"><span class='ocrx_word' id='word_1_340' title='bbox 867 468 916 495; x_wconf 90' lang='lat' dir='ltr'><strong>pro</strong></span> <span class='ocrx_word' id='word_1_341' title='bbox 931 459 1027 487; x_wconf 89' lang='lat' dir='ltr'><strong>Silom.</strong></span> 
     </span>
    </p>
   </div>
   <div class='ocr_carea' id='block_1_54' title="bbox 901 506 1654 542">
    <p class='ocr_par' dir='ltr' id='par_1_54' title="bbox 901 506 1654 542">
     <span class='ocr_line' id='line_1_54' title="bbox 901 506 1654 542; baseline 0.003 -10"><span class='ocrx_word' id='word_1_342' title='bbox 901 506 945 533; x_wconf 87' lang='lat'><strong>69.</strong></span> <span class='ocrx_word' id='word_1_343' title='bbox 970 506 1003 532; x_wconf 84' lang='lat' dir='ltr'><strong>Et</strong></span> <span class='ocrx_word' id='word_1_344' title='bbox 1025 506 1168 540; x_wconf 65' lang='lat' dir='ltr'><strong>adi/icauit</strong></span> <span class='ocrx_word' id='word_1_345' title='bbox 1191 507 1259 533; x_wconf 75' lang='lat' dir='ltr'><strong>sicut</strong></span> <span class='ocrx_word' id='word_1_346' title='bbox 1283 507 1450 534; x_wconf 79' lang='lat' dir='ltr'><strong>unicornium</strong></span> <span class='ocrx_word' id='word_1_347' title='bbox 1477 507 1654 542; x_wconf 79' lang='lat' dir='ltr'><strong>sancti/icium</strong></span> 
     </span>
    </p>
   </div>
   <div class='ocr_carea' id='block_1_55' title="bbox 866 552 1653 584">
    <p class='ocr_par' dir='ltr' id='par_1_55' title="bbox 866 552 1653 584">
     <span class='ocr_line' id='line_1_55' title="bbox 866 552 1653 584; baseline 0.001 -5"><span class='ocrx_word' id='word_1_348' title='bbox 866 560 955 579; x_wconf 77' lang='lat' dir='ltr'><strong>suum.</strong></span> <span class='ocrx_word' id='word_1_349' title='bbox 968 552 1153 579; x_wconf 82' lang='lat' dir='ltr'><strong>Sanctiﬁcium</strong></span> <span class='ocrx_word' id='word_1_350' title='bbox 1168 553 1244 584; x_wconf 69' lang='lat' dir='ltr'><strong>dicit,</strong></span> <span class='ocrx_word' id='word_1_351' title='bbox 1257 553 1378 580; x_wconf 90' lang='lat' dir='ltr'><strong>divinum</strong></span> <span class='ocrx_word' id='word_1_352' title='bbox 1395 553 1422 580; x_wconf 93' lang='lat' dir='ltr'><strong>in</strong></span> <span class='ocrx_word' id='word_1_353' title='bbox 1437 552 1589 580; x_wconf 75' lang='lat' dir='ltr'><strong>Jerusalem</strong></span> <span class='ocrx_word' id='word_1_354' title='bbox 1605 562 1653 580; x_wconf 83' lang='lat' dir='ltr'><strong>ex-</strong></span> 
     </span>
    </p>
   </div>
   <div class='ocr_carea' id='block_1_56' title="bbox 867 596 1653 631">
    <p class='ocr_par' dir='ltr' id='par_1_56' title="bbox 867 596 1653 631">
     <span class='ocr_line' id='line_1_56' title="bbox 867 596 1653 631; baseline 0.004 -9"><span class='ocrx_word' id='word_1_355' title='bbox 867 596 977 623; x_wconf 87' lang='lat' dir='ltr'><strong>citatum</strong></span> <span class='ocrx_word' id='word_1_356' title='bbox 996 597 1136 631; x_wconf 69' lang='lat' dir='ltr'><strong>templum.</strong></span> <span class='ocrx_word' id='word_1_357' title='bbox 1154 596 1298 625; x_wconf 89' lang='lat' dir='ltr'><strong>Unicornis</strong></span> <span class='ocrx_word' id='word_1_358' title='bbox 1315 602 1404 625; x_wconf 83' lang='lat' dir='ltr'><strong>autem</strong></span> <span class='ocrx_word' id='word_1_359' title='bbox 1416 618 1423 631; x_wconf 90' lang='lat'><strong><em>,</em></strong></span> <span class='ocrx_word' id='word_1_360' title='bbox 1444 597 1500 625; x_wconf 80' lang='lat' dir='ltr'><strong>fera</strong></span> <span class='ocrx_word' id='word_1_361' title='bbox 1517 603 1558 625; x_wconf 89' lang='lat' dir='ltr'><strong>est</strong></span> <span class='ocrx_word' id='word_1_362' title='bbox 1577 599 1653 625; x_wconf 84' lang='lat' dir='ltr'><strong>inex—</strong></span> 
     </span>
    </p>
   </div>
   <div class='ocr_carea' id='block_1_57' title="bbox 865 642 1654 677">
    <p class='ocr_par' dir='ltr' id='par_1_57' title="bbox 865 642 1654 677">
     <span class='ocr_line' id='line_1_57' title="bbox 865 642 1654 677; baseline 0.003 -9"><span class='ocrx_word' id='word_1_363' title='bbox 865 642 1029 677; x_wconf 80' lang='lat' dir='ltr'><strong>pugnabilis.</strong></span> <span class='ocrx_word' id='word_1_364' title='bbox 1044 643 1108 676; x_wconf 90' lang='lat' dir='ltr'><strong>quia</strong></span> <span class='ocrx_word' id='word_1_365' title='bbox 1124 648 1233 670; x_wconf 81' lang='lat' dir='ltr'><strong>acutum</strong></span> <span class='ocrx_word' id='word_1_366' title='bbox 1250 643 1277 670; x_wconf 88' lang='lat' dir='ltr'><strong>in</strong></span> <span class='ocrx_word' id='word_1_367' title='bbox 1294 643 1384 670; x_wconf 78' lang='lat' dir='ltr'><strong>fronte</strong></span> <span class='ocrx_word' id='word_1_368' title='bbox 1399 651 1484 671; x_wconf 88' lang='lat' dir='ltr'><strong>cornu</strong></span> <span class='ocrx_word' id='word_1_369' title='bbox 1504 644 1595 675; x_wconf 82' lang='lat' dir='ltr'><strong>habet,</strong></span> <span class='ocrx_word' id='word_1_370' title='bbox 1612 649 1654 670; x_wconf 81' lang='lat' dir='ltr'><strong>at—</strong></span> 
     </span>
    </p>
   </div>
   <div class='ocr_carea' id='block_1_58' title="bbox 866 688 1649 725">
    <p class='ocr_par' dir='ltr' id='par_1_58' title="bbox 866 688 1649 725">
     <span class='ocr_line' id='line_1_58' title="bbox 866 688 1649 725; baseline 0.003 -11"><span class='ocrx_word' id='word_1_371' title='bbox 866 695 918 723; x_wconf 89' lang='lat' dir='ltr'><strong>que</strong></span> <span class='ocrx_word' id='word_1_372' title='bbox 941 688 988 715; x_wconf 87' lang='lat' dir='ltr'><strong>illo</strong></span> <span class='ocrx_word' id='word_1_373' title='bbox 1008 689 1111 716; x_wconf 81' lang='lat' dir='ltr'><strong>belluas</strong></span> <span class='ocrx_word' id='word_1_374' title='bbox 1134 697 1230 717; x_wconf 88' lang='lat' dir='ltr'><strong>omnes</strong></span> <span class='ocrx_word' id='word_1_375' title='bbox 1248 690 1382 718; x_wconf 72' lang='lat' dir='ltr'><strong>interficit.</strong></span> <span class='ocrx_word' id='word_1_376' title='bbox 1404 690 1449 717; x_wconf 83' lang='lat' dir='ltr'><strong>Ait</strong></span> <span class='ocrx_word' id='word_1_377' title='bbox 1466 690 1558 725; x_wconf 79' lang='lat' dir='ltr'><strong>igitur,</strong></span> <span class='ocrx_word' id='word_1_378' title='bbox 1579 690 1649 717; x_wconf 89' lang='lat' dir='ltr'><strong>Cum</strong></span> 
     </span>
    </p>
   </div>
   <div class='ocr_carea' id='block_1_59' title="bbox 866 735 1653 772">
    <p class='ocr_par' dir='ltr' id='par_1_59' title="bbox 866 735 1653 772">
     <span class='ocr_line' id='line_1_59' title="bbox 866 735 1653 772; baseline 0.004 -12"><span class='ocrx_word' id='word_1_379' title='bbox 866 739 1035 762; x_wconf 80' lang='lat' dir='ltr'><strong>exstructum</strong></span> <span class='ocrx_word' id='word_1_380' title='bbox 1055 735 1105 762; x_wconf 78' lang='lat' dir='ltr'><strong>fuit</strong></span> <span class='ocrx_word' id='word_1_381' title='bbox 1123 736 1251 770; x_wconf 79' lang='lat' dir='ltr'><strong>templum</strong></span> <span class='ocrx_word' id='word_1_382' title='bbox 1275 736 1352 770; x_wconf 85' lang='lat' dir='ltr'><strong>illud,</strong></span> <span class='ocrx_word' id='word_1_383' title='bbox 1370 745 1466 764; x_wconf 80' lang='lat' dir='ltr'><strong>omnes</strong></span> <span class='ocrx_word' id='word_1_384' title='bbox 1480 742 1574 772; x_wconf 80' lang='lat' dir='ltr'><strong>gentes</strong></span> <span class='ocrx_word' id='word_1_385' title='bbox 1595 737 1653 764; x_wconf 88' lang='lat' dir='ltr'><strong>vir-</strong></span> 
     </span>
    </p>
   </div>
   <div class='ocr_carea' id='block_1_60' title="bbox 866 781 1522 811">
    <p class='ocr_par' dir='ltr' id='par_1_60' title="bbox 866 781 1522 811">
     <span class='ocr_line' id='line_1_60' title="bbox 866 781 1522 811; baseline 0.008 -5"><span class='ocrx_word' id='word_1_386' title='bbox 866 785 922 807; x_wconf 85' lang='lat' dir='ltr'><strong>tute</strong></span> <span class='ocrx_word' id='word_1_387' title='bbox 935 781 961 807; x_wconf 90' lang='lat' dir='ltr'><strong>in</strong></span> <span class='ocrx_word' id='word_1_388' title='bbox 977 781 1022 808; x_wconf 91' lang='lat' dir='ltr'><strong>illo</strong></span> <span class='ocrx_word' id='word_1_389' title='bbox 1035 787 1162 810; x_wconf 90' lang='lat' dir='ltr'><strong>contenta</strong></span> <span class='ocrx_word' id='word_1_390' title='bbox 1178 781 1322 810; x_wconf 82' lang='lat' dir='ltr'><strong>inferiores</strong></span> <span class='ocrx_word' id='word_1_391' title='bbox 1339 783 1424 811; x_wconf 78' lang='lat' dir='ltr'><strong>fuisse</strong></span> <span class='ocrx_word' id='word_1_392' title='bbox 1439 785 1522 811; x_wconf 87' lang='lat' dir='ltr'><strong>visas.</strong></span> 
     </span>
    </p>
   </div>
   <div class='ocr_carea' id='block_1_61' title="bbox 904 825 1653 863">
    <p class='ocr_par' dir='ltr' id='par_1_61' title="bbox 904 825 1653 863">
     <span class='ocr_line' id='line_1_61' title="bbox 904 825 1653 863; baseline 0.007 -12"><span class='ocrx_word' id='word_1_393' title='bbox 904 825 948 857; x_wconf 84' lang='lat'><strong>70,</strong></span> <span class='ocrx_word' id='word_1_394' title='bbox 959 825 1003 853; x_wconf 81' lang='grc'><strong>71.</strong></span> <span class='ocrx_word' id='word_1_395' title='bbox 1013 826 1051 853; x_wconf 85' lang='lat' dir='ltr'><strong>De</strong></span> <span class='ocrx_word' id='word_1_396' title='bbox 1060 832 1118 861; x_wconf 81' lang='lat' dir='ltr'><strong>post</strong></span> <span class='ocrx_word' id='word_1_397' title='bbox 1126 827 1237 862; x_wconf 69' lang='lat' dir='ltr'><strong>[stantes</strong></span> <span class='ocrx_word' id='word_1_398' title='bbox 1249 829 1349 863; x_wconf 74' lang='lat' dir='ltr'><strong>accepit</strong></span> <span class='ocrx_word' id='word_1_399' title='bbox 1361 829 1576 857; x_wconf 84' lang='lat' dir='ltr'><strong>illum.Fetantes</strong></span> <span class='ocrx_word' id='word_1_400' title='bbox 1587 829 1653 856; x_wconf 81' lang='lat' dir='ltr'><strong>dicit</strong></span> 
     </span>
    </p>
   </div>
   <div class='ocr_carea' id='block_1_62' title="bbox 864 873 1652 911">
    <p class='ocr_par' dir='ltr' id='par_1_62' title="bbox 864 873 1652 911">
     <span class='ocr_line' id='line_1_62' title="bbox 864 873 1652 911; baseline 0.01 -14"><span class='ocrx_word' id='word_1_401' title='bbox 864 875 943 898; x_wconf 86' lang='lat' dir='ltr'><strong>natas</strong></span> <span class='ocrx_word' id='word_1_402' title='bbox 960 876 986 898; x_wconf 90' lang='lat' dir='ltr'><strong>et</strong></span> <span class='ocrx_word' id='word_1_403' title='bbox 997 880 1091 899; x_wconf 86' lang='lat' dir='ltr'><strong>recens</strong></span> <span class='ocrx_word' id='word_1_404' title='bbox 1102 873 1227 900; x_wconf 73' lang='lat' dir='ltr'><strong>emissas.</strong></span> <span class='ocrx_word' id='word_1_405' title='bbox 1239 873 1377 905; x_wconf 65' lang='lat' dir='ltr'><strong>Dat-idem,</strong></span> <span class='ocrx_word' id='word_1_406' title='bbox 1390 875 1462 909; x_wconf 88' lang='lat' dir='ltr'><strong>quod</strong></span> <span class='ocrx_word' id='word_1_407' title='bbox 1475 881 1547 903; x_wconf 87' lang='lat' dir='ltr'><strong>esset</strong></span> <span class='ocrx_word' id='word_1_408' title='bbox 1561 882 1652 911; x_wconf 89' lang='lat' dir='ltr'><strong>pasto-</strong></span> 
     </span>
    </p>
   </div>
   <div class='ocr_carea' id='block_1_63' title="bbox 864 917 1651 954">
    <p class='ocr_par' dir='ltr' id='par_1_63' title="bbox 864 917 1651 954">
     <span class='ocr_line' id='line_1_63' title="bbox 864 917 1651 954; baseline 0.009 -11"><span class='ocrx_word' id='word_1_409' title='bbox 864 917 933 943; x_wconf 66' lang='lat' dir='ltr'><strong>ritiae</strong></span> <span class='ocrx_word' id='word_1_410' title='bbox 949 917 1016 945; x_wconf 87' lang='lat' dir='ltr'><strong>artis</strong></span> <span class='ocrx_word' id='word_1_411' title='bbox 1033 918 1148 952; x_wconf 85' lang='lat' dir='ltr'><strong>peritus,</strong></span> <span class='ocrx_word' id='word_1_412' title='bbox 1172 923 1198 946; x_wconf 89' lang='lat' dir='ltr'><strong>et</strong></span> <span class='ocrx_word' id='word_1_413' title='bbox 1214 920 1279 954; x_wconf 84' lang='lat' dir='ltr'><strong>quia</strong></span> <span class='ocrx_word' id='word_1_414' title='bbox 1294 920 1377 947; x_wconf 88' lang='lat' dir='ltr'><strong>sciret</strong></span> <span class='ocrx_word' id='word_1_415' title='bbox 1392 920 1460 948; x_wconf 81' lang='lat' dir='ltr'><strong>fetas</strong></span> <span class='ocrx_word' id='word_1_416' title='bbox 1477 929 1542 950; x_wconf 85' lang='lat' dir='ltr'><strong>oves</strong></span> <span class='ocrx_word' id='word_1_417' title='bbox 1559 929 1651 950; x_wconf 89' lang='lat' dir='ltr'><strong>custo-</strong></span> 
     </span>
    </p>
   </div>
   <div class='ocr_carea' id='block_1_64' title="bbox 864 961 1650 999">
    <p class='ocr_par' dir='ltr' id='par_1_64' title="bbox 864 961 1650 999">
     <span class='ocr_line' id='line_1_64' title="bbox 864 961 1650 999; baseline 0.011 -11"><span class='ocrx_word' id='word_1_418' title='bbox 864 961 940 994; x_wconf 90' lang='lat' dir='ltr'><strong>dire,</strong></span> <span class='ocrx_word' id='word_1_419' title='bbox 963 963 1059 990; x_wconf 88' lang='lat' dir='ltr'><strong>merito</strong></span> <span class='ocrx_word' id='word_1_420' title='bbox 1085 966 1249 999; x_wconf 85' lang='lat' dir='ltr'><strong>assumpsit,</strong></span> <span class='ocrx_word' id='word_1_421' title='bbox 1273 971 1300 993; x_wconf 88' lang='lat' dir='ltr'><strong>et</strong></span> <span class='ocrx_word' id='word_1_422' title='bbox 1326 967 1531 995; x_wconf 79' lang='lat' dir='ltr'><strong>rationabilium</strong></span> <span class='ocrx_word' id='word_1_423' title='bbox 1558 970 1650 997; x_wconf 93' lang='lat' dir='ltr'><strong>ovium</strong></span> 
     </span>
    </p>
   </div>
   <div class='ocr_carea' id='block_1_65' title="bbox 863 1010 1651 1043">
    <p class='ocr_par' dir='ltr' id='par_1_65' title="bbox 863 1010 1651 1043">
     <span class='ocr_line' id='line_1_65' title="bbox 863 1010 1651 1043; baseline 0.011 -9"><span class='ocrx_word' id='word_1_424' title='bbox 863 1013 998 1042; x_wconf 81' lang='lat' dir='ltr'><strong>pastorem</strong></span> <span class='ocrx_word' id='word_1_425' title='bbox 1014 1010 1165 1037; x_wconf 86' lang='lat' dir='ltr'><strong>constituit.</strong></span> <span class='ocrx_word' id='word_1_426' title='bbox 1181 1011 1291 1038; x_wconf 78' lang='lat' dir='ltr'><strong>Pascere</strong></span> <span class='ocrx_word' id='word_1_427' title='bbox 1305 1012 1387 1039; x_wconf 80' lang='lat' dir='ltr'><strong>Iacob</strong></span> <span class='ocrx_word' id='word_1_428' title='bbox 1403 1021 1505 1040; x_wconf 75' lang='lat' dir='ltr'><strong>servum</strong></span> <span class='ocrx_word' id='word_1_429' title='bbox 1520 1024 1608 1042; x_wconf 82' lang='lat' dir='ltr'><strong>suum.</strong></span> <span class='ocrx_word' id='word_1_430' title='bbox 1623 1016 1651 1043; x_wconf 82' lang='lat' dir='ltr'><strong>Id</strong></span> 
     </span>
    </p>
   </div>
   <div class='ocr_carea' id='block_1_66' title="bbox 863 1054 1651 1096">
    <p class='ocr_par' dir='ltr' id='par_1_66' title="bbox 863 1054 1651 1096">
     <span class='ocr_line' id='line_1_66' title="bbox 863 1054 1651 1096; baseline 0.013 -16"><span class='ocrx_word' id='word_1_431' title='bbox 863 1058 914 1085; x_wconf 80' lang='lat' dir='ltr'><strong>est,</strong></span> <span class='ocrx_word' id='word_1_432' title='bbox 927 1054 1022 1081; x_wconf 88' lang='lat' dir='ltr'><strong>doctor</strong></span> <span class='ocrx_word' id='word_1_433' title='bbox 1040 1055 1106 1090; x_wconf 88' lang='lat' dir='ltr'><strong>ipsis</strong></span> <span class='ocrx_word' id='word_1_434' title='bbox 1120 1057 1269 1091; x_wconf 83' lang='lat' dir='ltr'><strong>proborum</strong></span> <span class='ocrx_word' id='word_1_435' title='bbox 1286 1067 1393 1086; x_wconf 86' lang='lat' dir='ltr'><strong>morum</strong></span> <span class='ocrx_word' id='word_1_436' title='bbox 1407 1061 1468 1094; x_wconf 81' lang='lat' dir='ltr'><strong>fuit,</strong></span> <span class='ocrx_word' id='word_1_437' title='bbox 1482 1069 1529 1095; x_wconf 87' lang='lat' dir='ltr'><strong>per</strong></span> <span class='ocrx_word' id='word_1_438' title='bbox 1542 1069 1573 1089; x_wconf 89' lang='lat' dir='ltr'><strong>ea</strong></span> <span class='ocrx_word' id='word_1_439' title='bbox 1589 1070 1651 1096; x_wconf 69' lang='lat' dir='ltr'><strong>qua:</strong></span> 
     </span>
    </p>
   </div>
   <div class='ocr_carea' id='block_1_67' title="bbox 863 1098 1137 1130">
    <p class='ocr_par' dir='ltr' id='par_1_67' title="bbox 863 1098 1137 1130">
     <span class='ocr_line' id='line_1_67' title="bbox 863 1098 1137 1130; baseline 0.011 -5"><span class='ocrx_word' id='word_1_440' title='bbox 863 1098 930 1126; x_wconf 77' lang='lat' dir='ltr'><strong>fecit</strong></span> <span class='ocrx_word' id='word_1_441' title='bbox 941 1100 1068 1128; x_wconf 86' lang='lat' dir='ltr'><strong>erudiens</strong></span> <span class='ocrx_word' id='word_1_442' title='bbox 1080 1109 1137 1130; x_wconf 87' lang='lat' dir='ltr'><strong>eos.</strong></span> 
     </span>
    </p>
   </div>
   <div class='ocr_carea' id='block_1_68' title="bbox 899 1189 1649 1221">
    <p class='ocr_par' dir='ltr' id='par_1_68' title="bbox 899 1189 1649 1221">
     <span class='ocr_line' id='line_1_68' title="bbox 899 1189 1649 1221; baseline 0.008 -6"><span class='ocrx_word' id='word_1_443' title='bbox 899 1189 941 1216; x_wconf 74' lang='grc'><strong>72.</strong></span> <span class='ocrx_word' id='word_1_444' title='bbox 963 1189 998 1216; x_wconf 87' lang='lat' dir='ltr'><strong>Et</strong></span> <span class='ocrx_word' id='word_1_445' title='bbox 1012 1191 1184 1219; x_wconf 72' lang='lat' dir='ltr'><strong>ian/cctibus</strong></span> <span class='ocrx_word' id='word_1_446' title='bbox 1200 1201 1326 1219; x_wconf 83' lang='lat' dir='ltr'><strong>manuum</strong></span> <span class='ocrx_word' id='word_1_447' title='bbox 1344 1201 1452 1220; x_wconf 78' lang='lat' dir='ltr'><strong>suorum</strong></span> <span class='ocrx_word' id='word_1_448' title='bbox 1470 1193 1581 1220; x_wconf 71' lang='lat' dir='ltr'><strong>deduxit</strong></span> <span class='ocrx_word' id='word_1_449' title='bbox 1595 1196 1649 1221; x_wconf 66' lang='lat' dir='ltr'><strong>eos.</strong></span> 
     </span>
    </p>
   </div>
   <div class='ocr_carea' id='block_1_69' title="bbox 863 1233 1649 1269">
    <p class='ocr_par' dir='ltr' id='par_1_69' title="bbox 863 1233 1649 1269">
     <span class='ocr_line' id='line_1_69' title="bbox 863 1233 1649 1269; baseline 0.008 -8"><span class='ocrx_word' id='word_1_450' title='bbox 863 1233 1028 1263; x_wconf 81' lang='lat' dir='ltr'><strong>Intellectum</strong></span> <span class='ocrx_word' id='word_1_451' title='bbox 1061 1245 1213 1269; x_wconf 86' lang='lat' dir='ltr'><strong>manuum,</strong></span> <span class='ocrx_word' id='word_1_452' title='bbox 1241 1247 1336 1266; x_wconf 86' lang='lat' dir='ltr'><strong>omnes</strong></span> <span class='ocrx_word' id='word_1_453' title='bbox 1369 1245 1447 1266; x_wconf 83' lang='lat' dir='ltr'><strong>actus</strong></span> <span class='ocrx_word' id='word_1_454' title='bbox 1476 1241 1649 1268; x_wconf 85' lang='lat' dir='ltr'><strong>conveniculi</strong></span> 
     </span>
    </p>
   </div>
   <div class='ocr_carea' id='block_1_70' title="bbox 863 1282 1175 1316">
    <p class='ocr_par' dir='ltr' id='par_1_70' title="bbox 863 1282 1175 1316">
     <span class='ocr_line' id='line_1_70' title="bbox 863 1282 1175 1316; baseline 0.01 -9"><span class='ocrx_word' id='word_1_455' title='bbox 863 1285 984 1316; x_wconf 82' lang='lat' dir='ltr'><strong>tempore</strong></span> <span class='ocrx_word' id='word_1_456' title='bbox 998 1282 1086 1309; x_wconf 81' lang='lat' dir='ltr'><strong>editos</strong></span> <span class='ocrx_word' id='word_1_457' title='bbox 1100 1283 1175 1311; x_wconf 80' lang='lat' dir='ltr'><strong>dicit.</strong></span> 
     </span>
    </p>
   </div>
   <div class='ocr_carea' id='block_1_71' title="bbox 1001 1327 1523 1364">
    <p class='ocr_par' dir='ltr' id='par_1_71' title="bbox 1001 1327 1523 1364">
     <span class='ocr_line' id='line_1_71' title="bbox 1001 1327 1523 1364; baseline 0.008 -10"><span class='ocrx_word' id='word_1_458' title='bbox 1001 1328 1026 1354; x_wconf 77' lang='grc'>1.</span> <span class='ocrx_word' id='word_1_459' title='bbox 1049 1327 1220 1356; x_wconf 71' lang='lat' dir='ltr'><strong>PSALJIUS</strong></span> <span class='ocrx_word' id='word_1_460' title='bbox 1236 1329 1336 1364; x_wconf 81' lang='lat' dir='ltr'><strong>Asaph.</strong></span> <span class='ocrx_word' id='word_1_461' title='bbox 1356 1330 1523 1359; x_wconf 81' lang='lat' dir='ltr'><strong>LXXVIII.</strong></span> 
     </span>
    </p>
   </div>
   <div class='ocr_carea' id='block_1_72' title="bbox 1150 1375 1351 1410">
    <p class='ocr_par' dir='ltr' id='par_1_72' title="bbox 1150 1375 1351 1410">
     <span class='ocr_line' id='line_1_72' title="bbox 1150 1375 1351 1410; baseline 0.01 -9"><span class='ocrx_word' id='word_1_462' title='bbox 1150 1375 1351 1410; x_wconf 76' lang='lat' dir='ltr'><strong>Argumentum.</strong></span> 
     </span>
    </p>
   </div>
   <div class='ocr_carea' id='block_1_73' title="bbox 862 1427 1649 1467">
    <p class='ocr_par' dir='ltr' id='par_1_73' title="bbox 862 1427 1649 1467">
     <span class='ocr_line' id='line_1_73' title="bbox 862 1427 1649 1467; baseline 0.009 -13"><span class='ocrx_word' id='word_1_463' title='bbox 862 1427 940 1456; x_wconf 81' lang='lat' dir='ltr'><strong>Hunc</strong></span> <span class='ocrx_word' id='word_1_464' title='bbox 952 1429 1026 1456; x_wconf 81' lang='lat' dir='ltr'><strong>canit</strong></span> <span class='ocrx_word' id='word_1_465' title='bbox 1041 1430 1176 1464; x_wconf 85' lang='lat' dir='ltr'><strong>psalmum</strong></span> <span class='ocrx_word' id='word_1_466' title='bbox 1192 1439 1241 1465; x_wconf 90' lang='lat' dir='ltr'><strong>pro</strong></span> <span class='ocrx_word' id='word_1_467' title='bbox 1258 1431 1291 1458; x_wconf 90' lang='lat' dir='ltr'><strong>iis</strong></span> <span class='ocrx_word' id='word_1_468' title='bbox 1306 1433 1353 1466; x_wconf 87' lang='lat' dir='ltr'><strong>qui</strong></span> <span class='ocrx_word' id='word_1_469' title='bbox 1375 1433 1402 1459; x_wconf 91' lang='lat' dir='ltr'><strong>in</strong></span> <span class='ocrx_word' id='word_1_470' title='bbox 1421 1437 1541 1467; x_wconf 84' lang='lat' dir='ltr'><strong>tempore</strong></span> <span class='ocrx_word' id='word_1_471' title='bbox 1554 1433 1649 1461; x_wconf 85' lang='lat' dir='ltr'><strong>Antio-</strong></span> 
     </span>
    </p>
   </div>
   <div class='ocr_carea' id='block_1_74' title="bbox 897 1475 1649 1513">
    <p class='ocr_par' dir='ltr' id='par_1_74' title="bbox 897 1475 1649 1513">
     <span class='ocr_line' id='line_1_74' title="bbox 897 1475 1649 1513; baseline 0.008 -12"><span class='ocrx_word' id='word_1_472' title='bbox 897 1475 942 1502; x_wconf 88' lang='lat' dir='ltr'><strong>chi</strong></span> <span class='ocrx_word' id='word_1_473' title='bbox 956 1475 1014 1502; x_wconf 85' lang='lat' dir='ltr'><strong>dire</strong></span> <span class='ocrx_word' id='word_1_474' title='bbox 1027 1477 1090 1503; x_wconf 62' lang='lat' dir='ltr'><strong>caesi</strong></span> <span class='ocrx_word' id='word_1_475' title='bbox 1107 1481 1180 1504; x_wconf 87' lang='lat' dir='ltr'><strong>sunt.</strong></span> <span class='ocrx_word' id='word_1_476' title='bbox 1198 1477 1308 1513; x_wconf 81' lang='lat' dir='ltr'><strong>Rogans</strong></span> <span class='ocrx_word' id='word_1_477' title='bbox 1323 1479 1524 1513; x_wconf 84' lang='lat' dir='ltr'><strong>supplicatione</strong></span> <span class='ocrx_word' id='word_1_478' title='bbox 1541 1487 1590 1507; x_wconf 85' lang='lat' dir='ltr'><strong>sua</strong></span> <span class='ocrx_word' id='word_1_479' title='bbox 1606 1480 1649 1507; x_wconf 89' lang='lat' dir='ltr'><strong>ul-</strong></span> 
     </span>
    </p>
   </div>
   <div class='ocr_carea' id='block_1_75' title="bbox 900 1521 1651 1559">
    <p class='ocr_par' dir='ltr' id='par_1_75' title="bbox 900 1521 1651 1559">
     <span class='ocr_line' id='line_1_75' title="bbox 900 1521 1651 1559; baseline 0.009 -11"><span class='ocrx_word' id='word_1_480' title='bbox 900 1521 1000 1548; x_wconf 87' lang='lat' dir='ltr'><strong>tionem</strong></span> <span class='ocrx_word' id='word_1_481' title='bbox 1015 1522 1098 1550; x_wconf 67' lang='lat' dir='ltr'><strong>catdis</strong></span> <span class='ocrx_word' id='word_1_482' title='bbox 1118 1524 1145 1550; x_wconf 94' lang='lat' dir='ltr'><strong>in</strong></span> <span class='ocrx_word' id='word_1_483' title='bbox 1167 1525 1267 1559; x_wconf 88' lang='lat' dir='ltr'><strong>populo</strong></span> <span class='ocrx_word' id='word_1_484' title='bbox 1283 1524 1376 1559; x_wconf 63' lang='lat' dir='ltr'><strong>iactat,</strong></span> <span class='ocrx_word' id='word_1_485' title='bbox 1391 1526 1532 1554; x_wconf 84' lang='lat' dir='ltr'><strong>conversis</strong></span> <span class='ocrx_word' id='word_1_486' title='bbox 1547 1526 1651 1555; x_wconf 79' lang='lat' dir='ltr'><strong>scilicet</strong></span> 
     </span>
    </p>
   </div>
   <div class='ocr_carea' id='block_1_76' title="bbox 899 1567 1534 1606">
    <p class='ocr_par' dir='ltr' id='par_1_76' title="bbox 899 1567 1534 1606">
     <span class='ocr_line' id='line_1_76' title="bbox 899 1567 1534 1606; baseline 0.011 -13"><span class='ocrx_word' id='word_1_487' title='bbox 899 1567 1099 1596; x_wconf 81' lang='lat' dir='ltr'><strong>calamitatibus</strong></span> <span class='ocrx_word' id='word_1_488' title='bbox 1117 1569 1144 1596; x_wconf 93' lang='lat' dir='ltr'><strong>in</strong></span> <span class='ocrx_word' id='word_1_489' title='bbox 1158 1577 1204 1597; x_wconf 90' lang='lat' dir='ltr'><strong>eos</strong></span> <span class='ocrx_word' id='word_1_490' title='bbox 1219 1571 1265 1606; x_wconf 90' lang='lat' dir='ltr'><strong>qui</strong></span> <span class='ocrx_word' id='word_1_491' title='bbox 1280 1571 1354 1606; x_wconf 86' lang='lat' dir='ltr'><strong>ipsas</strong></span> <span class='ocrx_word' id='word_1_492' title='bbox 1367 1572 1534 1600; x_wconf 88' lang='lat' dir='ltr'><strong>intulissent.</strong></span> 
     </span>
    </p>
   </div>
   <div class='ocr_carea' id='block_1_77' title="bbox 881 1691 1650 1734">
    <p class='ocr_par' dir='ltr' id='par_1_77' title="bbox 881 1691 1650 1734">
     <span class='ocr_line' id='line_1_77' title="bbox 881 1691 1650 1734; baseline 0.001 -7"><span class='ocrx_word' id='word_1_493' title='bbox 881 1691 886 1693; x_wconf 21' lang='grc' dir='ltr'>η</span> <span class='ocrx_word' id='word_1_494' title='bbox 899 1700 981 1734; x_wconf 73' lang='lat' dir='ltr'><strong>Deus,</strong></span> <span class='ocrx_word' id='word_1_495' title='bbox 1000 1703 1124 1727; x_wconf 80' lang='lat' dir='ltr'><strong>venerunt</strong></span> <span class='ocrx_word' id='word_1_496' title='bbox 1141 1704 1228 1734; x_wconf 80' lang='lat' dir='ltr'><strong>gemes</strong></span> <span class='ocrx_word' id='word_1_497' title='bbox 1243 1707 1270 1726; x_wconf 82' lang='grc' dir='ltr'>ιη</span> <span class='ocrx_word' id='word_1_498' title='bbox 1286 1700 1465 1727; x_wconf 71' lang='grc' dir='ltr'>Ιιιιινειίίιαιειη</span> <span class='ocrx_word' id='word_1_499' title='bbox 1483 1705 1566 1728; x_wconf 81' lang='lat' dir='ltr'><strong>tuam.</strong></span> <span class='ocrx_word' id='word_1_500' title='bbox 1581 1701 1650 1728; x_wconf 82' lang='lat' dir='ltr'><strong>Mul-</strong></span> 
     </span>
    </p>
   </div>
   <div class='ocr_carea' id='block_1_78' title="bbox 863 1746 1652 1781">
    <p class='ocr_par' dir='ltr' id='par_1_78' title="bbox 863 1746 1652 1781">
     <span class='ocr_line' id='line_1_78' title="bbox 863 1746 1652 1781; baseline 0.001 -7"><span class='ocrx_word' id='word_1_501' title='bbox 863 1752 904 1774; x_wconf 84' lang='lat' dir='ltr'><strong>tas</strong></span> <span class='ocrx_word' id='word_1_502' title='bbox 921 1747 992 1774; x_wconf 90' lang='lat' dir='ltr'><strong>enim</strong></span> <span class='ocrx_word' id='word_1_503' title='bbox 1006 1746 1144 1773; x_wconf 79' lang='lat' dir='ltr'><strong>adducens</strong></span> <span class='ocrx_word' id='word_1_504' title='bbox 1159 1751 1253 1779; x_wconf 79' lang='lat' dir='ltr'><strong>gentes</strong></span> <span class='ocrx_word' id='word_1_505' title='bbox 1276 1746 1437 1779; x_wconf 80' lang='lat' dir='ltr'><strong>Antiochus,</strong></span> <span class='ocrx_word' id='word_1_506' title='bbox 1455 1746 1593 1781; x_wconf 80' lang='lat' dir='ltr'><strong>ingressus</strong></span> <span class='ocrx_word' id='word_1_507' title='bbox 1608 1751 1652 1775; x_wconf 84' lang='lat' dir='ltr'><strong>est</strong></span> 
     </span>
    </p>
   </div>
   <div class='ocr_carea' id='block_1_79' title="bbox 862 1792 1650 1828">
    <p class='ocr_par' dir='ltr' id='par_1_79' title="bbox 862 1792 1650 1828">
     <span class='ocr_line' id='line_1_79' title="bbox 862 1792 1650 1828; baseline 0.001 -9"><span class='ocrx_word' id='word_1_508' title='bbox 862 1792 1070 1828; x_wconf 82' lang='lat' dir='ltr'><strong>Jerosolymam,</strong></span> <span class='ocrx_word' id='word_1_509' title='bbox 1084 1797 1110 1819; x_wconf 89' lang='lat' dir='ltr'><strong>et</strong></span> <span class='ocrx_word' id='word_1_510' title='bbox 1127 1792 1248 1818; x_wconf 90' lang='lat' dir='ltr'><strong>divinum</strong></span> <span class='ocrx_word' id='word_1_511' title='bbox 1260 1792 1388 1827; x_wconf 84' lang='lat' dir='ltr'><strong>templum</strong></span> <span class='ocrx_word' id='word_1_512' title='bbox 1401 1792 1532 1820; x_wconf 88' lang='lat' dir='ltr'><strong>incendit.</strong></span> <span class='ocrx_word' id='word_1_513' title='bbox 1543 1792 1650 1820; x_wconf 79' lang='lat' dir='ltr'><strong>Polluc-</strong></span> 
     </span>
    </p>
   </div>
   <div class='ocr_carea' id='block_1_80' title="bbox 862 1837 1649 1873">
    <p class='ocr_par' dir='ltr' id='par_1_80' title="bbox 862 1837 1649 1873">
     <span class='ocr_line' id='line_1_80' title="bbox 862 1837 1649 1873; baseline 0.001 -8"><span class='ocrx_word' id='word_1_514' title='bbox 862 1843 924 1865; x_wconf 85' lang='lat' dir='ltr'><strong>runt</strong></span> <span class='ocrx_word' id='word_1_515' title='bbox 940 1837 1066 1872; x_wconf 85' lang='lat' dir='ltr'><strong>templum</strong></span> <span class='ocrx_word' id='word_1_516' title='bbox 1081 1842 1199 1865; x_wconf 72' lang='lat' dir='ltr'><strong>sanctum</strong></span> <span class='ocrx_word' id='word_1_517' title='bbox 1220 1842 1302 1864; x_wconf 85' lang='lat' dir='ltr'><strong>tuum.</strong></span> <span class='ocrx_word' id='word_1_518' title='bbox 1320 1838 1404 1870; x_wconf 79' lang='lat' dir='ltr'><strong>Ecce,</strong></span> <span class='ocrx_word' id='word_1_519' title='bbox 1421 1838 1525 1873; x_wconf 86' lang='lat' dir='ltr'><strong>inquit,</strong></span> <span class='ocrx_word' id='word_1_520' title='bbox 1542 1843 1586 1866; x_wconf 86' lang='lat' dir='ltr'><strong>tua</strong></span> <span class='ocrx_word' id='word_1_521' title='bbox 1603 1839 1649 1866; x_wconf 83' lang='lat' dir='ltr'><strong>alii</strong></span> 
     </span>
    </p>
   </div>
   <div class='ocr_carea' id='block_1_81' title="bbox 862 1885 1650 1919">
    <p class='ocr_par' dir='ltr' id='par_1_81' title="bbox 862 1885 1650 1919">
     <span class='ocr_line' id='line_1_81' title="bbox 862 1885 1650 1919; baseline 0 -7"><span class='ocrx_word' id='word_1_522' title='bbox 862 1889 1043 1919; x_wconf 87' lang='lat' dir='ltr'><strong>occuparunt,</strong></span> <span class='ocrx_word' id='word_1_523' title='bbox 1065 1889 1092 1912; x_wconf 89' lang='lat' dir='ltr'><strong>et</strong></span> <span class='ocrx_word' id='word_1_524' title='bbox 1114 1891 1175 1919; x_wconf 59' lang='lat' dir='ltr'><strong>quae</strong></span> <span class='ocrx_word' id='word_1_525' title='bbox 1192 1888 1237 1911; x_wconf 84' lang='lat' dir='ltr'><strong>tua</strong></span> <span class='ocrx_word' id='word_1_526' title='bbox 1261 1889 1324 1911; x_wconf 90' lang='lat' dir='ltr'><strong>sunt</strong></span> <span class='ocrx_word' id='word_1_527' title='bbox 1344 1885 1378 1911; x_wconf 90' lang='lat' dir='ltr'><strong>ab</strong></span> <span class='ocrx_word' id='word_1_528' title='bbox 1398 1885 1557 1919; x_wconf 81' lang='lat' dir='ltr'><strong>alienigenis</strong></span> <span class='ocrx_word' id='word_1_529' title='bbox 1577 1885 1650 1913; x_wconf 82' lang='lat' dir='ltr'><strong>deti-</strong></span> 
     </span>
    </p>
   </div>
   <div class='ocr_carea' id='block_1_82' title="bbox 861 1929 1647 1964">
    <p class='ocr_par' dir='ltr' id='par_1_82' title="bbox 861 1929 1647 1964">
     <span class='ocr_line' id='line_1_82' title="bbox 861 1929 1647 1964; baseline 0.001 -6"><span class='ocrx_word' id='word_1_530' title='bbox 861 1935 971 1958; x_wconf 87' lang='lat' dir='ltr'><strong>nentur.</strong></span> <span class='ocrx_word' id='word_1_531' title='bbox 986 1930 1131 1957; x_wconf 79' lang='lat' dir='ltr'><strong>Posuerunt</strong></span> <span class='ocrx_word' id='word_1_532' title='bbox 1141 1929 1288 1957; x_wconf 83' lang='lat' dir='ltr'><strong>Jerusalem</strong></span> <span class='ocrx_word' id='word_1_533' title='bbox 1302 1931 1329 1957; x_wconf 85' lang='lat' dir='ltr'><strong>in</strong></span> <span class='ocrx_word' id='word_1_534' title='bbox 1338 1939 1476 1964; x_wconf 84' lang='lat' dir='ltr'><strong>pomorum</strong></span> <span class='ocrx_word' id='word_1_535' title='bbox 1488 1932 1647 1960; x_wconf 79' lang='lat' dir='ltr'><strong>custodiam.</strong></span> 
     </span>
    </p>
   </div>
   <div class='ocr_carea' id='block_1_83' title="bbox 861 1975 1650 2010">
    <p class='ocr_par' dir='ltr' id='par_1_83' title="bbox 861 1975 1650 2010">
     <span class='ocr_line' id='line_1_83' title="bbox 861 1975 1650 2010; baseline 0.004 -8"><span class='ocrx_word' id='word_1_536' title='bbox 861 1975 1010 2009; x_wconf 85' lang='lat' dir='ltr'><strong>Lapidibus</strong></span> <span class='ocrx_word' id='word_1_537' title='bbox 1034 1975 1128 2003; x_wconf 87' lang='lat' dir='ltr'><strong>electis</strong></span> <span class='ocrx_word' id='word_1_538' title='bbox 1143 1979 1317 2002; x_wconf 85' lang='lat' dir='ltr'><strong>constructus</strong></span> <span class='ocrx_word' id='word_1_539' title='bbox 1330 1979 1372 2002; x_wconf 83' lang='lat' dir='ltr'><strong>est</strong></span> <span class='ocrx_word' id='word_1_540' title='bbox 1387 1975 1463 2004; x_wconf 78' lang='lat' dir='ltr'><strong>locus</strong></span> <span class='ocrx_word' id='word_1_541' title='bbox 1473 1997 1480 2010; x_wconf 91' lang='lat'>,</span> <span class='ocrx_word' id='word_1_542' title='bbox 1496 1976 1542 2004; x_wconf 85' lang='lat' dir='ltr'><strong>ubi</strong></span> <span class='ocrx_word' id='word_1_543' title='bbox 1560 1977 1650 2005; x_wconf 85' lang='lat' dir='ltr'><strong>taber-</strong></span> 
     </span>
    </p>
   </div>
   <div class='ocr_carea' id='block_1_84' title="bbox 860 2021 1395 2056">
    <p class='ocr_par' dir='ltr' id='par_1_84' title="bbox 860 2021 1395 2056">
     <span class='ocr_line' id='line_1_84' title="bbox 860 2021 1395 2056; baseline 0.002 -9"><span class='ocrx_word' id='word_1_544' title='bbox 860 2021 988 2048; x_wconf 84' lang='lat' dir='ltr'><strong>naculum</strong></span> <span class='ocrx_word' id='word_1_545' title='bbox 1007 2021 1087 2048; x_wconf 85' lang='lat' dir='ltr'><strong>habet</strong></span> <span class='ocrx_word' id='word_1_546' title='bbox 1105 2022 1151 2056; x_wconf 87' lang='lat' dir='ltr'><strong>qui</strong></span> <span class='ocrx_word' id='word_1_547' title='bbox 1167 2029 1247 2056; x_wconf 89' lang='lat' dir='ltr'><strong>poma</strong></span> <span class='ocrx_word' id='word_1_548' title='bbox 1266 2022 1395 2049; x_wconf 86' lang='lat' dir='ltr'><strong>custodit.</strong></span> 
     </span>
    </p>
   </div>
   <div class='ocr_carea' id='block_1_85' title="bbox 893 2066 1648 2097">
    <p class='ocr_par' dir='ltr' id='par_1_85' title="bbox 893 2066 1648 2097">
     <span class='ocr_line' id='line_1_85' title="bbox 893 2066 1648 2097; baseline 0.005 -4"><span class='ocrx_word' id='word_1_549' title='bbox 893 2066 921 2097; x_wconf 76' lang='lat'><strong>‘2,</strong></span> <span class='ocrx_word' id='word_1_550' title='bbox 936 2067 962 2093; x_wconf 79' lang='grc'>5.</span> <span class='ocrx_word' id='word_1_551' title='bbox 984 2066 1132 2095; x_wconf 63' lang='lat' dir='ltr'><strong>Pasuarunt</strong></span> <span class='ocrx_word' id='word_1_552' title='bbox 1146 2067 1287 2093; x_wconf 80' lang='lat' dir='ltr'><strong>morticina</strong></span> <span class='ocrx_word' id='word_1_553' title='bbox 1302 2075 1435 2094; x_wconf 79' lang='lat' dir='ltr'><strong>servorum</strong></span> <span class='ocrx_word' id='word_1_554' title='bbox 1451 2072 1556 2095; x_wconf 83' lang='lat' dir='ltr'><strong>tuorum</strong></span> <span class='ocrx_word' id='word_1_555' title='bbox 1575 2077 1648 2097; x_wconf 76' lang='lat' dir='ltr'><strong>escas</strong></span> 
     </span>
    </p>
   </div>
   <div class='ocr_carea' id='block_1_86' title="bbox 860 2112 1649 2147">
    <p class='ocr_par' dir='ltr' id='par_1_86' title="bbox 860 2112 1649 2147">
     <span class='ocr_line' id='line_1_86' title="bbox 860 2112 1649 2147; baseline 0.006 -8"><span class='ocrx_word' id='word_1_556' title='bbox 860 2113 1012 2140; x_wconf 79' lang='lat' dir='ltr'><strong>volatilibus</strong></span> <span class='ocrx_word' id='word_1_557' title='bbox 1029 2113 1096 2140; x_wconf 66' lang='lat' dir='ltr'><strong>caeli.</strong></span> <span class='ocrx_word' id='word_1_558' title='bbox 1113 2112 1153 2140; x_wconf 95' lang='lat' dir='ltr'><strong>Ob</strong></span> <span class='ocrx_word' id='word_1_559' title='bbox 1168 2113 1377 2142; x_wconf 82' lang='lat' dir='ltr'><strong>inhumanitalis</strong></span> <span class='ocrx_word' id='word_1_560' title='bbox 1391 2115 1602 2147; x_wconf 86' lang='lat' dir='ltr'><strong>vehementiam,</strong></span> <span class='ocrx_word' id='word_1_561' title='bbox 1614 2124 1649 2144; x_wconf 85' lang='lat' dir='ltr'><strong>ne</strong></span> 
     </span>
    </p>
   </div>
   <div class='ocr_carea' id='block_1_87' title="bbox 860 2159 1648 2195">
    <p class='ocr_par' dir='ltr' id='par_1_87' title="bbox 860 2159 1648 2195">
     <span class='ocr_line' id='line_1_87' title="bbox 860 2159 1648 2195; baseline 0.005 -9"><span class='ocrx_word' id='word_1_562' title='bbox 860 2159 1046 2187; x_wconf 83' lang='lat' dir='ltr'><strong>concedebant</strong></span> <span class='ocrx_word' id='word_1_563' title='bbox 1056 2160 1164 2195; x_wconf 84' lang='lat' dir='ltr'><strong>quidem</strong></span> <span class='ocrx_word' id='word_1_564' title='bbox 1178 2160 1301 2194; x_wconf 83' lang='lat' dir='ltr'><strong>cognatis</strong></span> <span class='ocrx_word' id='word_1_565' title='bbox 1312 2165 1341 2188; x_wconf 87' lang='lat' dir='ltr'><strong>ut</strong></span> <span class='ocrx_word' id='word_1_566' title='bbox 1355 2165 1477 2189; x_wconf 89' lang='lat' dir='ltr'><strong>mortuos</strong></span> <span class='ocrx_word' id='word_1_567' title='bbox 1492 2162 1648 2190; x_wconf 88' lang='lat' dir='ltr'><strong>humarent.</strong></span> 
     </span>
    </p>
   </div>
   <div class='ocr_carea' id='block_1_88' title="bbox 47 2196 812 2240">
    <p class='ocr_par' dir='ltr' id='par_1_88' title="bbox 47 2196 810 2240">
     <span class='ocr_line' id='line_1_88' title="bbox 47 2196 810 2240; baseline 0.012 -15"><span class='ocrx_word' id='word_1_568' title='bbox 47 2196 139 2231; x_wconf 75' lang='grc' dir='ltr'>ἱτρεπον</span> <span class='ocrx_word' id='word_1_569' title='bbox 149 2201 172 2227; x_wconf 75' lang='grc' dir='ltr'><strong>οἱ</strong></span> <span class='ocrx_word' id='word_1_570' title='bbox 188 2202 311 2238; x_wconf 80' lang='grc' dir='ltr'>πολέμιοι</span> <span class='ocrx_word' id='word_1_571' title='bbox 323 2204 386 2235; x_wconf 78' lang='grc' dir='ltr'>τοὺς</span> <span class='ocrx_word' id='word_1_572' title='bbox 398 2205 520 2240; x_wconf 82' lang='grc' dir='ltr'>νεκρούς.</span> <span class='ocrx_word' id='word_1_573' title='bbox 543 2205 598 2238; x_wconf 89' lang='grc' dir='ltr'><strong>Τὰς</strong></span> <span class='ocrx_word' id='word_1_574' title='bbox 614 2206 731 2240; x_wconf 76' lang='grc' dir='ltr'>σάρκας</span> <span class='ocrx_word' id='word_1_575' title='bbox 751 2206 810 2233; x_wconf 78' lang='grc' dir='ltr'><strong>τῶν</strong></span> 
     </span>
    </p>
   </div>
   <div class='ocr_carea' id='block_1_89' title="bbox 871 2196 1648 2240">
    <p class='ocr_par' dir='ltr' id='par_1_89' title="bbox 871 2205 1648 2240">
     <span class='ocr_line' id='line_1_89' title="bbox 871 2205 1648 2240; baseline 0.004 -8"><span class='ocrx_word' id='word_1_576' title='bbox 871 2205 959 2232; x_wconf 71' lang='lat' dir='ltr'><strong>Iarnes</strong></span> <span class='ocrx_word' id='word_1_577' title='bbox 981 2210 1133 2232; x_wconf 78' lang='lat' dir='ltr'><strong>sanctorum</strong></span> <span class='ocrx_word' id='word_1_578' title='bbox 1157 2211 1262 2232; x_wconf 83' lang='lat' dir='ltr'><strong>tuorum</strong></span> <span class='ocrx_word' id='word_1_579' title='bbox 1285 2205 1374 2233; x_wconf 83' lang='lat' dir='ltr'><strong>bestiis</strong></span> <span class='ocrx_word' id='word_1_580' title='bbox 1397 2212 1483 2234; x_wconf 75' lang='lat' dir='ltr'><strong>term.</strong></span> <span class='ocrx_word' id='word_1_581' title='bbox 1505 2207 1648 2240; x_wconf 85' lang='lat' dir='ltr'><strong>Quomodo</strong></span> 
     </span>
    </p>
   </div>
   <div class='ocr_carea' id='block_1_90' title="bbox 46 2241 809 2288">
    <p class='ocr_par' dir='ltr' id='par_1_90' title="bbox 46 2241 809 2288">
     <span class='ocr_line' id='line_1_90' title="bbox 46 2241 809 2288; baseline 0.012 -18"><span class='ocrx_word' id='word_1_582' title='bbox 46 2241 122 2288; x_wconf 57' lang='grc' dir='ltr'><strong>ξῧσίων</strong></span> <span class='ocrx_word' id='word_1_583' title='bbox 142 2253 196 2273; x_wconf 87' lang='grc' dir='ltr'><strong>σου</strong></span> <span class='ocrx_word' id='word_1_584' title='bbox 221 2248 283 2280; x_wconf 77' lang='grc' dir='ltr'>τοῖς</span> <span class='ocrx_word' id='word_1_585' title='bbox 308 2249 421 2282; x_wconf 74' lang='grc' dir='ltr'>θηρίοις</span> <span class='ocrx_word' id='word_1_586' title='bbox 441 2248 496 2283; x_wconf 83' lang='grc' dir='ltr'>τῆς</span> <span class='ocrx_word' id='word_1_587' title='bbox 521 2250 588 2284; x_wconf 77' lang='grc' dir='ltr'>γῆς.</span> <span class='ocrx_word' id='word_1_588' title='bbox 604 2251 666 2282; x_wconf 85' lang='grc' dir='ltr'>Πῶς</span> <span class='ocrx_word' id='word_1_589' title='bbox 685 2251 738 2287; x_wconf 76' lang='grc' dir='ltr'><strong>γὰρ</strong></span> <span class='ocrx_word' id='word_1_590' title='bbox 761 2253 809 2288; x_wconf 86' lang='grc' dir='ltr'><strong>οὑχ</strong></span> 
     </span>
    </p>
   </div>
   <div class='ocr_carea' id='block_1_91' title="bbox 45 2285 809 2332">
    <p class='ocr_par' dir='ltr' id='par_1_91' title="bbox 45 2285 809 2332">
     <span class='ocr_line' id='line_1_91' title="bbox 45 2285 809 2332; baseline 0.013 -18"><span class='ocrx_word' id='word_1_591' title='bbox 45 2285 100 2332; x_wconf 44' lang='grc' dir='ltr'>ἔσιθι</span> <span class='ocrx_word' id='word_1_592' title='bbox 111 2291 133 2315; x_wconf 86' lang='grc' dir='ltr'>οἱ</span> <span class='ocrx_word' id='word_1_593' title='bbox 146 2292 174 2318; x_wconf 82' lang='grc' dir='ltr'>τὸ</span> <span class='ocrx_word' id='word_1_594' title='bbox 185 2290 254 2328; x_wconf 78' lang='grc' dir='ltr'>αἷμα</span> <span class='ocrx_word' id='word_1_595' title='bbox 268 2294 429 2328; x_wconf 73' lang='grc' dir='ltr'>ἐκχυθέντες</span> <span class='ocrx_word' id='word_1_596' title='bbox 448 2296 518 2330; x_wconf 86' lang='grc' dir='ltr'>ὑπὲρ</span> <span class='ocrx_word' id='word_1_597' title='bbox 534 2296 583 2330; x_wconf 84' lang='grc' dir='ltr'>τῆς</span> <span class='ocrx_word' id='word_1_598' title='bbox 595 2296 642 2323; x_wconf 77' lang='grc' dir='ltr'>τοῦ</span> <span class='ocrx_word' id='word_1_599' title='bbox 660 2285 741 2332; x_wconf 67' lang='grc' dir='ltr'>νόμοι)</span> <span class='ocrx_word' id='word_1_600' title='bbox 758 2285 809 2332; x_wconf 60' lang='grc' dir='ltr'><strong>φυζ</strong></span> 
     </span>
    </p>
   </div>
   <div class='ocr_carea' id='block_1_92' title="bbox 45 2331 481 2375">
    <p class='ocr_par' dir='ltr' id='par_1_92' title="bbox 45 2331 481 2375">
     <span class='ocr_line' id='line_1_92' title="bbox 45 2331 481 2375; baseline 0.023 -18"><span class='ocrx_word' id='word_1_601' title='bbox 45 2331 122 2370; x_wconf 65' lang='grc' dir='ltr'>λαιῆς,</span> <span class='ocrx_word' id='word_1_602' title='bbox 137 2334 171 2364; x_wconf 77' lang='grc' dir='ltr'><strong>ὧν</strong></span> <span class='ocrx_word' id='word_1_603' title='bbox 185 2336 255 2374; x_wconf 77' lang='grc' dir='ltr'>ἦταν</span> <span class='ocrx_word' id='word_1_604' title='bbox 270 2340 295 2366; x_wconf 85' lang='lat' dir='ltr'><strong>oi</strong></span> <span class='ocrx_word' id='word_1_605' title='bbox 311 2340 481 2375; x_wconf 58' lang='grc' dir='ltr'>Ινὶαχαὸαῖοις</span> 
     </span>
    </p>
   </div>
   <div class='ocr_carea' id='block_1_93' title="bbox 78 2379 807 2424">
    <p class='ocr_par' dir='ltr' id='par_1_93' title="bbox 78 2379 807 2424">
     <span class='ocr_line' id='line_1_93' title="bbox 78 2379 807 2424; baseline 0.01 -16"><span class='ocrx_word' id='word_1_606' title='bbox 78 2379 297 2418; x_wconf 77' lang='grc' dir='ltr'>Ἑκκαυθήσεται</span> <span class='ocrx_word' id='word_1_607' title='bbox 310 2386 350 2418; x_wconf 85' lang='grc' dir='ltr'>ὡς</span> <span class='ocrx_word' id='word_1_608' title='bbox 369 2385 427 2419; x_wconf 75' lang='grc' dir='ltr'><strong>πῦρ</strong></span> <span class='ocrx_word' id='word_1_609' title='bbox 443 2387 459 2412; x_wconf 80' lang='grc' dir='ltr'><em>ὀ</em></span> <span class='ocrx_word' id='word_1_610' title='bbox 478 2385 568 2421; x_wconf 70' lang='grc' dir='ltr'>ζῆλος</span> <span class='ocrx_word' id='word_1_611' title='bbox 587 2394 656 2414; x_wconf 86' lang='grc' dir='ltr'><strong>σου.</strong></span> <span class='ocrx_word' id='word_1_612' title='bbox 673 2388 807 2424; x_wconf 87' lang='grc' dir='ltr'>Ζήλωσον,</span> 
     </span>
    </p>
   </div>
   <div class='ocr_carea' id='block_1_94' title="bbox 45 2426 809 2470">
    <p class='ocr_par' dir='ltr' id='par_1_94' title="bbox 45 2426 809 2470">
     <span class='ocr_line' id='line_1_94' title="bbox 45 2426 809 2470; baseline 0.008 -15"><span class='ocrx_word' id='word_1_613' title='bbox 45 2426 107 2470; x_wconf 52' lang='grc' dir='ltr'><strong>φῇσῖ,</strong></span> <span class='ocrx_word' id='word_1_614' title='bbox 128 2428 169 2455; x_wconf 74' lang='grc' dir='ltr'><strong>διὰ</strong></span> <span class='ocrx_word' id='word_1_615' title='bbox 191 2430 221 2456; x_wconf 83' lang='grc' dir='ltr'>τὸ</span> <span class='ocrx_word' id='word_1_616' title='bbox 244 2431 289 2457; x_wconf 70' lang='grc' dir='ltr'><strong>σὺν</strong></span> <span class='ocrx_word' id='word_1_617' title='bbox 313 2431 398 2467; x_wconf 76' lang='grc' dir='ltr'>ὄνομα</span> <span class='ocrx_word' id='word_1_618' title='bbox 419 2431 450 2458; x_wconf 83' lang='grc' dir='ltr'>τὸ</span> <span class='ocrx_word' id='word_1_619' title='bbox 474 2432 717 2468; x_wconf 73' lang='grc' dir='ltr'>βλασφημούμενον</span> <span class='ocrx_word' id='word_1_620' title='bbox 732 2435 809 2470; x_wconf 78' lang='grc' dir='ltr'>παρὰ</span> 
     </span>
    </p>
   </div>
   <div class='ocr_carea' id='block_1_95' title="bbox 44 2467 204 2505">
    <p class='ocr_par' dir='ltr' id='par_1_95' title="bbox 44 2467 204 2505">
     <span class='ocr_line' id='line_1_95' title="bbox 44 2467 204 2505; baseline 0.056 -14"><span class='ocrx_word' id='word_1_621' title='bbox 44 2467 87 2493; x_wconf 78' lang='grc' dir='ltr'><strong>τῶν</strong></span> <span class='ocrx_word' id='word_1_622' title='bbox 100 2471 204 2505; x_wconf 77' lang='grc' dir='ltr'>ἐχθρῶν.</span> 
     </span>
    </p>
   </div>
   <div class='ocr_carea' id='block_1_96' title="bbox 71 2515 807 2558">
    <p class='ocr_par' dir='ltr' id='par_1_96' title="bbox 71 2515 807 2558">
     <span class='ocr_line' id='line_1_96' title="bbox 71 2515 807 2558; baseline 0.016 -18"><span class='ocrx_word' id='word_1_623' title='bbox 71 2515 112 2548; x_wconf 73' lang='grc' dir='ltr'><strong>Μὴ</strong></span> <span class='ocrx_word' id='word_1_624' title='bbox 129 2519 264 2554; x_wconf 79' lang='grc' dir='ltr'>μνησθῇς</span> <span class='ocrx_word' id='word_1_625' title='bbox 285 2521 369 2555; x_wconf 81' lang='grc' dir='ltr'>ἡμῶν</span> <span class='ocrx_word' id='word_1_626' title='bbox 385 2522 516 2557; x_wconf 80' lang='grc' dir='ltr'>ἀνομιῶν</span> <span class='ocrx_word' id='word_1_627' title='bbox 539 2523 679 2558; x_wconf 82' lang='grc' dir='ltr'>ἀρχαίων.</span> <span class='ocrx_word' id='word_1_628' title='bbox 702 2525 758 2556; x_wconf 83' lang='grc' dir='ltr'><strong>Τὰς</strong></span> <span class='ocrx_word' id='word_1_629' title='bbox 779 2526 807 2552; x_wconf 79' lang='grc' dir='ltr'>ἐν</span> 
     </span>
    </p>
   </div>
   <div class='ocr_carea' id='block_1_97' title="bbox 45 2558 529 2603">
    <p class='ocr_par' dir='ltr' id='par_1_97' title="bbox 45 2558 529 2603">
     <span class='ocr_line' id='line_1_97' title="bbox 45 2558 529 2603; baseline 0.004 -11"><span class='ocrx_word' id='word_1_630' title='bbox 45 2558 154 2598; x_wconf 60' lang='grc' dir='ltr'>Αἰγύπτῳ</span> <span class='ocrx_word' id='word_1_631' title='bbox 165 2563 236 2599; x_wconf 80' lang='grc' dir='ltr'>λέγει</span> <span class='ocrx_word' id='word_1_632' title='bbox 255 2566 389 2602; x_wconf 79' lang='grc' dir='ltr'>ἁμαρτίας</span> <span class='ocrx_word' id='word_1_633' title='bbox 404 2567 529 2603; x_wconf 83' lang='grc' dir='ltr'>ἀρχαίας.</span> 
     </span>
    </p>
   </div>
   <div class='ocr_carea' id='block_1_98' title="bbox 72 2649 808 2692">
    <p class='ocr_par' dir='ltr' id='par_1_98' title="bbox 72 2649 808 2692">
     <span class='ocr_line' id='line_1_98' title="bbox 72 2649 808 2692; baseline 0.019 -18"><span class='ocrx_word' id='word_1_634' title='bbox 72 2649 180 2683; x_wconf 76' lang='grc' dir='ltr'><strong>Μήποτε</strong></span> <span class='ocrx_word' id='word_1_635' title='bbox 194 2654 299 2681; x_wconf 79' lang='grc' dir='ltr'>εἴπωσι</span> <span class='ocrx_word' id='word_1_636' title='bbox 317 2658 353 2682; x_wconf 83' lang='grc' dir='ltr'>τὰ</span> <span class='ocrx_word' id='word_1_637' title='bbox 365 2656 448 2690; x_wconf 62' lang='grc' dir='ltr'>ἕθνιν</span> <span class='ocrx_word' id='word_1_638' title='bbox 463 2657 525 2684; x_wconf 88' lang='grc' dir='ltr'><strong>Ποῦ</strong></span> <span class='ocrx_word' id='word_1_639' title='bbox 540 2658 626 2685; x_wconf 80' lang='grc' dir='ltr'>ἐστιν</span> <span class='ocrx_word' id='word_1_640' title='bbox 638 2660 654 2685; x_wconf 83' lang='lat' dir='ltr'><strong>d</strong></span> <span class='ocrx_word' id='word_1_641' title='bbox 670 2658 741 2692; x_wconf 83' lang='grc' dir='ltr'><strong>Θεὸς</strong></span> <span class='ocrx_word' id='word_1_642' title='bbox 755 2660 808 2686; x_wconf 70' lang='grc' dir='ltr'><strong>αἰν-</strong></span> 
     </span>
    </p>
   </div>
   <div class='ocr_carea' id='block_1_99' title="bbox 45 2691 807 2739">
    <p class='ocr_par' dir='ltr' id='par_1_99' title="bbox 45 2691 807 2739">
     <span class='ocr_line' id='line_1_99' title="bbox 45 2691 807 2739; baseline 0.008 -15"><span class='ocrx_word' id='word_1_643' title='bbox 45 2691 148 2724; x_wconf 75' lang='grc' dir='ltr'><strong>τὼν;Ει</strong></span> <span class='ocrx_word' id='word_1_644' title='bbox 161 2698 207 2723; x_wconf 76' lang='grc' dir='ltr'><strong>καὶ</strong></span> <span class='ocrx_word' id='word_1_645' title='bbox 228 2699 376 2734; x_wconf 78' lang='grc' dir='ltr'>ἐμποδίζει,</span> <span class='ocrx_word' id='word_1_646' title='bbox 398 2702 474 2736; x_wconf 69' lang='grc' dir='ltr'>φησι,</span> <span class='ocrx_word' id='word_1_647' title='bbox 494 2703 527 2737; x_wconf 84' lang='grc' dir='ltr'>τῇ</span> <span class='ocrx_word' id='word_1_648' title='bbox 545 2703 667 2738; x_wconf 78' lang='grc' dir='ltr'>ἡμετέρᾳ</span> <span class='ocrx_word' id='word_1_649' title='bbox 684 2704 807 2739; x_wconf 70' lang='grc' dir='ltr'>σωτηρίᾳ</span> 
     </span>
    </p>
   </div>
   <div class='ocr_carea' id='block_1_100' title="bbox 44 2738 807 2784">
    <p class='ocr_par' dir='ltr' id='par_1_100' title="bbox 44 2738 807 2784">
     <span class='ocr_line' id='line_1_100' title="bbox 44 2738 807 2784; baseline 0.009 -14"><span class='ocrx_word' id='word_1_650' title='bbox 44 2738 170 2777; x_wconf 62' lang='grc' dir='ltr'><strong>τδ”πλῆῧος</strong></span> <span class='ocrx_word' id='word_1_651' title='bbox 182 2745 234 2771; x_wconf 84' lang='grc' dir='ltr'><strong>τῶν</strong></span> <span class='ocrx_word' id='word_1_652' title='bbox 249 2747 388 2783; x_wconf 78' lang='grc' dir='ltr'>ἡμετέρων</span> <span class='ocrx_word' id='word_1_653' title='bbox 405 2748 554 2784; x_wconf 81' lang='grc' dir='ltr'>ἁμαρτιῶν·</span> <span class='ocrx_word' id='word_1_654' title='bbox 573 2748 640 2776; x_wconf 73' lang='grc' dir='ltr'>ἀλλὰ</span> <span class='ocrx_word' id='word_1_655' title='bbox 658 2750 701 2776; x_wconf 79' lang='grc' dir='ltr'><strong>διὰ</strong></span> <span class='ocrx_word' id='word_1_656' title='bbox 716 2738 807 2777; x_wconf 17' lang='lat' dir='ltr'><strong>corcor</strong></span> 
     </span>
    </p>
   </div>
   <div class='ocr_carea' id='block_1_101' title="bbox 45 2783 806 2831">
    <p class='ocr_par' dir='ltr' id='par_1_101' title="bbox 45 2783 806 2831">
     <span class='ocr_line' id='line_1_101' title="bbox 45 2783 806 2831; baseline 0.012 -17"><span class='ocrx_word' id='word_1_657' title='bbox 45 2783 114 2821; x_wconf 70' lang='grc' dir='ltr'>δνῦμα</span> <span class='ocrx_word' id='word_1_658' title='bbox 129 2790 311 2826; x_wconf 64' lang='grc' dir='ltr'>ποίησον-ἡμῖν</span> <span class='ocrx_word' id='word_1_659' title='bbox 324 2793 367 2820; x_wconf 82' lang='grc' dir='ltr'><strong>διὰ</strong></span> <span class='ocrx_word' id='word_1_660' title='bbox 382 2794 426 2820; x_wconf 75' lang='grc' dir='ltr'>τὸν</span> <span class='ocrx_word' id='word_1_661' title='bbox 438 2795 588 2822; x_wconf 49' lang='lat' dir='ltr'><strong>autem»;</strong></span> <span class='ocrx_word' id='word_1_662' title='bbox 604 2795 632 2822; x_wconf 86' lang='grc' dir='ltr'>ὂν</span> <span class='ocrx_word' id='word_1_663' title='bbox 647 2796 806 2831; x_wconf 70' lang='grc' dir='ltr'>ἐπιφέρουσι</span> 
     </span>
    </p>
   </div>
   <div class='ocr_carea' id='block_1_102' title="bbox 860 2251 1648 2288">
    <p class='ocr_par' dir='ltr' id='par_1_102' title="bbox 860 2251 1648 2288">
     <span class='ocr_line' id='line_1_102' title="bbox 860 2251 1648 2288; baseline 0.004 -10"><span class='ocrx_word' id='word_1_664' title='bbox 860 2252 933 2278; x_wconf 90' lang='lat' dir='ltr'><strong>enim</strong></span> <span class='ocrx_word' id='word_1_665' title='bbox 960 2251 1046 2278; x_wconf 84' lang='lat' dir='ltr'><strong>sancti</strong></span> <span class='ocrx_word' id='word_1_666' title='bbox 1068 2259 1123 2278; x_wconf 90' lang='lat' dir='ltr'><strong>non</strong></span> <span class='ocrx_word' id='word_1_667' title='bbox 1148 2251 1250 2278; x_wconf 79' lang='lat' dir='ltr'><strong>fuerint</strong></span> <span class='ocrx_word' id='word_1_668' title='bbox 1275 2260 1394 2287; x_wconf 87' lang='lat' dir='ltr'><strong>quorum</strong></span> <span class='ocrx_word' id='word_1_669' title='bbox 1416 2253 1527 2288; x_wconf 78' lang='lat' dir='ltr'><strong>sanguis</strong></span> <span class='ocrx_word' id='word_1_670' title='bbox 1543 2253 1648 2282; x_wconf 77' lang='lat' dir='ltr'><strong>elTusus</strong></span> 
     </span>
    </p>
   </div>
   <div class='ocr_carea' id='block_1_103' title="bbox 860 2297 1650 2333">
    <p class='ocr_par' dir='ltr' id='par_1_103' title="bbox 860 2297 1650 2333">
     <span class='ocr_line' id='line_1_103' title="bbox 860 2297 1650 2333; baseline 0.004 -9"><span class='ocrx_word' id='word_1_671' title='bbox 860 2302 900 2325; x_wconf 88' lang='lat' dir='ltr'><strong>est</strong></span> <span class='ocrx_word' id='word_1_672' title='bbox 914 2305 963 2332; x_wconf 88' lang='lat' dir='ltr'><strong>pro</strong></span> <span class='ocrx_word' id='word_1_673' title='bbox 978 2298 1045 2332; x_wconf 81' lang='lat' dir='ltr'><strong>legis</strong></span> <span class='ocrx_word' id='word_1_674' title='bbox 1060 2297 1244 2332; x_wconf 82' lang='lat' dir='ltr'><strong>observantia,</strong></span> <span class='ocrx_word' id='word_1_675' title='bbox 1259 2305 1292 2325; x_wconf 81' lang='lat' dir='ltr'><strong>ex</strong></span> <span class='ocrx_word' id='word_1_676' title='bbox 1307 2305 1423 2333; x_wconf 86' lang='lat' dir='ltr'><strong>quorum</strong></span> <span class='ocrx_word' id='word_1_677' title='bbox 1440 2306 1519 2327; x_wconf 86' lang='lat' dir='ltr'><strong>erant</strong></span> <span class='ocrx_word' id='word_1_678' title='bbox 1536 2308 1650 2328; x_wconf 86' lang='lat' dir='ltr'><strong>numero</strong></span> 
     </span>
    </p>
   </div>
   <div class='ocr_carea' id='block_1_104' title="bbox 859 2343 1015 2370">
    <p class='ocr_par' dir='ltr' id='par_1_104' title="bbox 859 2343 1015 2370">
     <span class='ocr_line' id='line_1_104' title="bbox 859 2343 1015 2370; baseline 0 0"><span class='ocrx_word' id='word_1_679' title='bbox 859 2343 900 2370; x_wconf 78' lang='lat' dir='ltr'><strong>Ma</strong></span> <span class='ocrx_word' id='word_1_680' title='bbox 904 2344 1004 2370; x_wconf 67' lang='lat' dir='ltr'><strong>chabaei</strong></span> <span class='ocrx_word' id='word_1_681' title='bbox 1009 2363 1015 2370; x_wconf 88' lang='lat'><strong>.</strong></span> 
     </span>
    </p>
   </div>
   <div class='ocr_carea' id='block_1_105' title="bbox 895 2388 1650 2424">
    <p class='ocr_par' dir='ltr' id='par_1_105' title="bbox 895 2388 1650 2424">
     <span class='ocr_line' id='line_1_105' title="bbox 895 2388 1650 2424; baseline 0.005 -8"><span class='ocrx_word' id='word_1_682' title='bbox 895 2388 922 2421; x_wconf 85' lang='lat'><strong>5,</strong></span> <span class='ocrx_word' id='word_1_683' title='bbox 940 2388 966 2415; x_wconf 84' lang='lat'><strong>6.</strong></span> <span class='ocrx_word' id='word_1_684' title='bbox 988 2388 1148 2416; x_wconf 74' lang='lat' dir='ltr'><strong>Exardescet</strong></span> <span class='ocrx_word' id='word_1_685' title='bbox 1169 2390 1238 2416; x_wconf 76' lang='lat' dir='ltr'><strong>sicut</strong></span> <span class='ocrx_word' id='word_1_686' title='bbox 1254 2389 1323 2424; x_wconf 76' lang='lat' dir='ltr'><strong>ignis</strong></span> <span class='ocrx_word' id='word_1_687' title='bbox 1339 2389 1410 2416; x_wconf 68' lang='lat' dir='ltr'><strong>zelus</strong></span> <span class='ocrx_word' id='word_1_688' title='bbox 1430 2394 1501 2417; x_wconf 82' lang='lat' dir='ltr'><strong>tuus.</strong></span> <span class='ocrx_word' id='word_1_689' title='bbox 1525 2390 1588 2419; x_wconf 85' lang='lat' dir='ltr'><strong>Zeto</strong></span> <span class='ocrx_word' id='word_1_690' title='bbox 1603 2400 1650 2420; x_wconf 85' lang='lat' dir='ltr'><strong>ac-</strong></span> 
     </span>
    </p>
   </div>
   <div class='ocr_carea' id='block_1_106' title="bbox 859 2434 1650 2471">
    <p class='ocr_par' dir='ltr' id='par_1_106' title="bbox 859 2434 1650 2471">
     <span class='ocr_line' id='line_1_106' title="bbox 859 2434 1650 2471; baseline 0.006 -11"><span class='ocrx_word' id='word_1_691' title='bbox 859 2434 983 2468; x_wconf 86' lang='lat' dir='ltr'><strong>cendere,</strong></span> <span class='ocrx_word' id='word_1_692' title='bbox 1010 2435 1108 2470; x_wconf 87' lang='lat' dir='ltr'><strong>inquit,</strong></span> <span class='ocrx_word' id='word_1_693' title='bbox 1131 2440 1242 2471; x_wconf 89' lang='lat' dir='ltr'><strong>propter</strong></span> <span class='ocrx_word' id='word_1_694' title='bbox 1266 2443 1366 2463; x_wconf 85' lang='lat' dir='ltr'><strong>nomen</strong></span> <span class='ocrx_word' id='word_1_695' title='bbox 1381 2441 1458 2464; x_wconf 92' lang='lat' dir='ltr'><strong>tuum</strong></span> <span class='ocrx_word' id='word_1_696' title='bbox 1474 2437 1508 2464; x_wconf 85' lang='lat' dir='ltr'><strong>ab</strong></span> <span class='ocrx_word' id='word_1_697' title='bbox 1530 2437 1650 2466; x_wconf 87' lang='lat' dir='ltr'><strong>inimicis</strong></span> 
     </span>
    </p>
   </div>
   <div class='ocr_carea' id='block_1_107' title="bbox 859 2479 1087 2514">
    <p class='ocr_par' dir='ltr' id='par_1_107' title="bbox 859 2479 1087 2514">
     <span class='ocr_line' id='line_1_107' title="bbox 859 2479 1087 2514; baseline 0.004 -8"><span class='ocrx_word' id='word_1_698' title='bbox 859 2479 1087 2514; x_wconf 80' lang='lat' dir='ltr'><strong>blasphematum.</strong></span> 
     </span>
    </p>
   </div>
   <div class='ocr_carea' id='block_1_108' title="bbox 895 2524 1650 2562">
    <p class='ocr_par' dir='ltr' id='par_1_108' title="bbox 895 2524 1650 2562">
     <span class='ocr_line' id='line_1_108' title="bbox 895 2524 1650 2562; baseline 0.004 -11"><span class='ocrx_word' id='word_1_699' title='bbox 895 2525 922 2552; x_wconf 87' lang='lat'><strong>8.</strong></span> <span class='ocrx_word' id='word_1_700' title='bbox 944 2524 986 2551; x_wconf 85' lang='lat' dir='ltr'><strong>Ne</strong></span> <span class='ocrx_word' id='word_1_701' title='bbox 1002 2526 1151 2553; x_wconf 77' lang='lat' dir='ltr'><strong>memineris</strong></span> <span class='ocrx_word' id='word_1_702' title='bbox 1165 2526 1336 2561; x_wconf 69' lang='lat' dir='ltr'><strong>iniquitatium</strong></span> <span class='ocrx_word' id='word_1_703' title='bbox 1351 2532 1502 2554; x_wconf 81' lang='lat' dir='ltr'><strong>nostrarum</strong></span> <span class='ocrx_word' id='word_1_704' title='bbox 1525 2528 1650 2562; x_wconf 83' lang='lat' dir='ltr'><strong>antiqua-</strong></span> 
     </span>
    </p>
   </div>
   <div class='ocr_carea' id='block_1_109' title="bbox 859 2570 1647 2609">
    <p class='ocr_par' dir='ltr' id='par_1_109' title="bbox 859 2570 1647 2609">
     <span class='ocr_line' id='line_1_109' title="bbox 859 2570 1647 2609; baseline 0.004 -12"><span class='ocrx_word' id='word_1_705' title='bbox 859 2579 929 2598; x_wconf 86' lang='lat' dir='ltr'><strong>rum.</strong></span> <span class='ocrx_word' id='word_1_706' title='bbox 940 2570 1054 2603; x_wconf 85' lang='lat' dir='ltr'><strong>Peccata</strong></span> <span class='ocrx_word' id='word_1_707' title='bbox 1068 2571 1133 2599; x_wconf 91' lang='lat' dir='ltr'><strong>dicit</strong></span> <span class='ocrx_word' id='word_1_708' title='bbox 1147 2573 1258 2607; x_wconf 81' lang='lat' dir='ltr'><strong>antiqua</strong></span> <span class='ocrx_word' id='word_1_709' title='bbox 1276 2581 1336 2608; x_wconf 64' lang='lat' dir='ltr'><strong>quae</strong></span> <span class='ocrx_word' id='word_1_710' title='bbox 1352 2573 1378 2600; x_wconf 91' lang='lat' dir='ltr'><strong>in</strong></span> <span class='ocrx_word' id='word_1_711' title='bbox 1393 2573 1510 2609; x_wconf 61' lang='lat' dir='ltr'><strong>[Egypto</strong></span> <span class='ocrx_word' id='word_1_712' title='bbox 1527 2574 1647 2600; x_wconf 70' lang='lat' dir='ltr'><strong>admissa</strong></span> 
     </span>
    </p>
   </div>
   <div class='ocr_carea' id='block_1_110' title="bbox 858 2621 931 2644">
    <p class='ocr_par' dir='ltr' id='par_1_110' title="bbox 858 2621 931 2644">
     <span class='ocr_line' id='line_1_110' title="bbox 858 2621 931 2644; baseline -0.014 0"><span class='ocrx_word' id='word_1_713' title='bbox 858 2621 931 2644; x_wconf 78' lang='lat' dir='ltr'><strong>SUDL</strong></span> 
     </span>
    </p>
   </div>
   <div class='ocr_carea' id='block_1_111' title="bbox 896 2657 1649 2701">
    <p class='ocr_par' dir='ltr' id='par_1_111' title="bbox 896 2657 1649 2701">
     <span class='ocr_line' id='line_1_111' title="bbox 896 2657 1649 2701; baseline 0.008 -14"><span class='ocrx_word' id='word_1_714' title='bbox 896 2661 940 2688; x_wconf 78' lang='grc'><strong>10.</strong></span> <span class='ocrx_word' id='word_1_715' title='bbox 963 2657 1004 2688; x_wconf 77' lang='lat' dir='ltr'><strong>Ne</strong></span> <span class='ocrx_word' id='word_1_716' title='bbox 1019 2662 1086 2696; x_wconf 83' lang='lat' dir='ltr'><strong>forte</strong></span> <span class='ocrx_word' id='word_1_717' title='bbox 1097 2663 1188 2689; x_wconf 78' lang='lat' dir='ltr'><strong>dicunt</strong></span> <span class='ocrx_word' id='word_1_718' title='bbox 1205 2665 1231 2690; x_wconf 83' lang='lat' dir='ltr'><strong>in</strong></span> <span class='ocrx_word' id='word_1_719' title='bbox 1245 2664 1364 2699; x_wconf 78' lang='lat' dir='ltr'><strong>gentibus</strong></span> <span class='ocrx_word' id='word_1_720' title='bbox 1378 2673 1387 2691; x_wconf 90' lang='lat'><em>:</em></span> <span class='ocrx_word' id='word_1_721' title='bbox 1404 2664 1454 2692; x_wconf 85' lang='lat' dir='ltr'><strong>Ubi</strong></span> <span class='ocrx_word' id='word_1_722' title='bbox 1468 2670 1512 2701; x_wconf 56' lang='lat' dir='ltr'><strong>est,</strong></span> <span class='ocrx_word' id='word_1_723' title='bbox 1523 2665 1592 2692; x_wconf 73' lang='lat' dir='ltr'><strong>Deus</strong></span> <span class='ocrx_word' id='word_1_724' title='bbox 1604 2675 1649 2693; x_wconf 77' lang='grc' dir='ltr'><strong>εο-</strong></span> 
     </span>
    </p>
   </div>
   <div class='ocr_carea' id='block_1_112' title="bbox 859 2704 1650 2745">
    <p class='ocr_par' dir='ltr' id='par_1_112' title="bbox 859 2704 1650 2745">
     <span class='ocr_line' id='line_1_112' title="bbox 859 2704 1650 2745; baseline 0.005 -12"><span class='ocrx_word' id='word_1_725' title='bbox 859 2708 940 2734; x_wconf 82' lang='lat' dir='ltr'><strong>rum?</strong></span> <span class='ocrx_word' id='word_1_726' title='bbox 960 2707 1091 2741; x_wconf 85' lang='lat' dir='ltr'><strong>Etiamsi,</strong></span> <span class='ocrx_word' id='word_1_727' title='bbox 1116 2709 1223 2743; x_wconf 86' lang='lat' dir='ltr'><strong>inquit,</strong></span> <span class='ocrx_word' id='word_1_728' title='bbox 1246 2704 1391 2737; x_wconf 90' lang='lat' dir='ltr'><strong>multitudo</strong></span> <span class='ocrx_word' id='word_1_729' title='bbox 1407 2715 1580 2745; x_wconf 72' lang='lat' dir='ltr'><strong>peccatorum</strong></span> <span class='ocrx_word' id='word_1_730' title='bbox 1599 2720 1650 2737; x_wconf 88' lang='lat' dir='ltr'><strong>no-</strong></span> 
     </span>
    </p>
   </div>
   <div class='ocr_carea' id='block_1_113' title="bbox 859 2754 1648 2789">
    <p class='ocr_par' dir='ltr' id='par_1_113' title="bbox 859 2754 1648 2789">
     <span class='ocr_line' id='line_1_113' title="bbox 859 2754 1648 2789; baseline 0.005 -9"><span class='ocrx_word' id='word_1_731' title='bbox 859 2759 978 2781; x_wconf 88' lang='lat' dir='ltr'><strong>strorum</strong></span> <span class='ocrx_word' id='word_1_732' title='bbox 1002 2754 1225 2789; x_wconf 86' lang='lat' dir='ltr'><strong>impedimentum</strong></span> <span class='ocrx_word' id='word_1_733' title='bbox 1256 2761 1297 2783; x_wconf 84' lang='lat' dir='ltr'><strong>est</strong></span> <span class='ocrx_word' id='word_1_734' title='bbox 1320 2761 1420 2784; x_wconf 67' lang='lat' dir='ltr'><strong>nostrae</strong></span> <span class='ocrx_word' id='word_1_735' title='bbox 1451 2756 1546 2783; x_wconf 90' lang='lat' dir='ltr'><strong>salutis</strong></span> <span class='ocrx_word' id='word_1_736' title='bbox 1569 2764 1575 2781; x_wconf 87' lang='lat'>:</span> <span class='ocrx_word' id='word_1_737' title='bbox 1600 2757 1648 2784; x_wconf 86' lang='lat' dir='ltr'><strong>sed</strong></span> 
     </span>
    </p>
   </div>
   <div class='ocr_carea' id='block_1_114' title="bbox 860 2802 1649 2837">
    <p class='ocr_par' dir='ltr' id='par_1_114' title="bbox 860 2802 1649 2837">
     <span class='ocr_line' id='line_1_114' title="bbox 860 2802 1649 2837; baseline 0.001 -9"><span class='ocrx_word' id='word_1_738' title='bbox 860 2805 968 2836; x_wconf 81' lang='lat' dir='ltr'><strong>propter</strong></span> <span class='ocrx_word' id='word_1_739' title='bbox 989 2809 1087 2829; x_wconf 80' lang='lat' dir='ltr'><strong>nomen</strong></span> <span class='ocrx_word' id='word_1_740' title='bbox 1110 2807 1185 2829; x_wconf 88' lang='lat' dir='ltr'><strong>tuum</strong></span> <span class='ocrx_word' id='word_1_741' title='bbox 1212 2802 1309 2837; x_wconf 76' lang='lat' dir='ltr'><strong>adjuva</strong></span> <span class='ocrx_word' id='word_1_742' title='bbox 1333 2810 1395 2837; x_wconf 80' lang='lat' dir='ltr'><strong>nos,</strong></span> <span class='ocrx_word' id='word_1_743' title='bbox 1420 2806 1530 2837; x_wconf 80' lang='lat' dir='ltr'><strong>propter</strong></span> <span class='ocrx_word' id='word_1_744' title='bbox 1554 2803 1649 2830; x_wconf 84' lang='lat' dir='ltr'><strong>convi-</strong></span> 
     </span>
    </p>
   </div>
  </div>
