1891 3061
221 67 274 98 36$

221 126 278 154 rael
304 125 448 154 scnsibites
468 133 581 154 sumens
593 127 672 154 tubas
695 128 722 154 in
747 127 891 155 neomenia
915 126 1007 154 bucci-
1022 129 1046 157 Α

221 171 314 204 nabat,
329 171 394 206 quia
409 171 462 198 hoc
476 176 640 206 praeceptum
658 172 770 200 dederat
798 172 869 200 Deus
885 173 910 199 in
929 173 1007 200 testi-

220 217 343 244 monium
357 217 430 252 quod
447 217 553 245 liberati
569 218 685 245 fuissent
696 226 728 245 ex
746 218 906 254 Egyptiaca
920 218 1007 246 servi-

221 267 299 296 tute;
318 263 355 290 ita
371 268 398 290 et
413 271 500 291 novus
522 264 639 298 populus
664 265 820 299 evangelica
841 272 908 292 usus
931 264 1006 296 tuba,

221 309 302 344 cujus
327 317 412 336 sonus
439 310 466 337 in
488 317 597 336 omnem
623 314 722 337 terram
752 310 860 342 exivit,
879 310 955 345 jubet
979 310 1006 336 in

221 354 374 382 neomeniis
391 355 455 382 tuba
469 362 578 386 canere,
597 354 623 381 id
640 359 682 382 est
698 355 724 381 in
742 355 919 382 renovatione
931 362 1007 381 men-

222 400 259 428 tis
271 400 341 435 ejus,
357 401 490 428 confitens
506 401 563 434 ipse
579 405 661 434 atque
676 400 826 428 testilicans
841 401 913 436 quod
930 400 1006 427 illum

221 452 255 473 ex
272 446 407 481 spirituali
421 446 538 482 {Egypto
553 446 686 480 liberarit,
709 446 736 474 id
761 452 803 474 est
825 455 858 474 ex
875 451 1008 482 potestate

221 491 406 518 tenebrarum.

256 579 282 606 6.
297 578 427 614 Linguam
441 587 518 613 quam
535 587 587 605 non
612 583 717 605 noverat
740 578 851 604 audivit.
874 576 1005 612 Populus,

221 623 321 658 inquit,
336 630 463 657 egressus
476 631 508 650 ex
527 622 656 658 Egypto,
672 622 775 649 audivit
791 622 910 656 linguam
924 629 1006 656 quam

221 670 286 698 olim
313 677 368 696 non
391 673 481 696 norat.
500 668 592 703 Ecqua
606 668 651 695 illa
676 667 728 694 fuit
748 667 800 694 nisi
826 674 878 694 vox
906 665 953 693 Dei
980 666 1006 693 in

220 719 313 743 monte
328 716 361 743 ad
376 715 507 750 populum
529 715 630 742 emissa
643 714 655 740 Ἰ

257 762 283 789 7.
301 761 413 788 Divertit
425 761 456 788 ab
473 760 593 787 oneribus
610 760 719 786 dorsum
733 759 800 794 ejus.
822 758 906 791 Quasi
924 757 1005 790 dicat,

221 815 253 834 ex
269 806 409 834 oneribus.
422 805 492 833 Dicit
503 812 586 840 porro
599 804 671 839 quod
681 803 742 831 illos
757 811 772 830 a
783 803 899 831 sarcinis
910 802 1008 829 libera-

220 852 300 885 verit,
319 859 388 886 quas
400 851 558 878 deferebant
573 857 635 878 cum
649 853 823 877 exstruerth
837 848 918 875 urbes
933 847 1004 874 Pha-

220 897 325 926 raonis.
345 896 440 924 Manus
456 896 512 930 ejus
526 896 553 923 in
575 895 686 930 cophino
710 895 864 921 servierunt.
891 891 947 920 Hoc
969 893 1007 919 ait

1027 814 1047 841 Β

222 945 286 979 quia
303 943 391 971 lutum
405 947 432 970 et
451 942 544 978 paleas
567 941 596 969 in
612 941 738 977 copliiuis
758 941 790 968 ad
815 947 884 975 opus
899 938 1007 966 defere-

222 991 298 1018 bant.

259 1036 286 1064 8.
304 1035 337 1063 In
354 1035 525 1063 tribulatione
541 1035 670 1062 invocasti
684 1041 736 1065 me,
752 1037 777 1060 et
795 1032 902 1060 liberavi
915 1035 948 1058 te.
965 1029 1009 1057 Si-

224 1083 287 1111 mile
297 1087 339 1110 est
355 1082 392 1109 illi
413 1091 420 1109 :
438 1082 508 1114 Quia
525 1081 614 1108 audivi
638 1080 748 1116 gemitus
765 1086 855 1106 eorum
877 1082 901 1104 et
921 1083 1008 1104 uocem

223 1137 313 1156 eorum
323 1128 424 1161 audivi,
439 1132 463 1154 et
478 1121 599 1154 descendi
615 1126 650 1153 ad
664 1125 829 1152 liberandum
842 1131 884 1151 eos
899 1123 918 1150 ¹.

257 1173 387 1199 Επαιιάίυἱ
400 1176 423 1199 te
436 1172 462 1199 in
473 1171 628 1198 abscondito
641 1169 815 1204 tempestatis.
827 1168 913 1201 Quasi
924 1166 1008 1198 dicat,

223 1227 256 1246 ex
273 1226 370 1254 magna
386 1223 414 1246 et
429 1217 670 1245 vehementissima
688 1220 713 1243 le
736 1215 861 1250 angustia
883 1212 1007 1240 liberavi.

225 1263 339 1290 Probavi
353 1267 377 1289 te
391 1261 462 1296 apud
475 1269 573 1296 aquam
596 1259 824 1288 contradictionis.
845 1257 960 1291 Quando
973 1257 1010 1285 si—

226 1308 355 1336 tibundus
370 1308 487 1343 populus
502 1307 536 1335 ad
551 1306 662 1342 Moysen
675 1307 779 1334 diceret
795 1315 802 1333 :
818 1305 860 1331 Da
882 1304 955 1331 nobis
981 1311 1011 1329 a—

224 1364 303 1391 quam
312 1361 340 1382 ut
353 1346 484 1387 bibamus,
511 1354 667 1388 respondit:
679 1353 749 1386 Quid
764 1361 804 1380 me
816 1351 938 1379 conviciis
948 1358 1009 1377 one-

225 1401 292 1428 ratis
307 1405 332 1427 et
351 1400 456 1426 tentatis
473 1399 613 1425 Dominum
626 1399 658 1425 '?

260 1447 336 1474 9-H.
350 1446 431 1478 Audi,
461 1445 572 1480 populus
590 1453 673 1473 meus.
690 1444 822 1479 Populum
840 1443 1009 1475 cohortatur,

234 1497 257 1520 it
270 1497 346 1520 curet
359 1499 421 1519 eSse
434 1492 590 1526 obsequens
617 1491 667 1518 illi.
694 1489 762 1518 Nam
787 1490 811 1517 si
836 1489 887 1516 hoc
917 1488 1010 1520 faciat,
1026 1493 1046 1522 c

225 1545 398 1573 nequaquam
415 1537 515 1564 serviet
528 1537 574 1563 alii
592 1535 646 1563 Deo
660 1545 666 1562 :
685 1543 774 1570 neque
788 1535 840 1562 erit
852 1533 903 1569 ipsi
920 1533 1012 1561 Domi-

225 1592 278 1612 nus
291 1585 318 1610 in
333 1583 417 1610 Deum
431 1587 580 1610 recentem.
601 1581 662 1617 Ipse
679 1589 798 1616 namque
821 1585 863 1608 est
874 1580 921 1615 qui
947 1580 1012 1607 olim

225 1637 274 1656 eos
287 1635 319 1655 ex
337 1627 455 1663 Egypto
469 1627 595 1654 redemit.
611 1626 704 1653 Dilata
717 1634 745 1653 os
762 1631 846 1659 tuum,
861 1631 885 1652 et
901 1625 1012 1660 implebo

225 1673 304 1701 illud.
321 1673 460 1700 Promittit
473 1671 689 1707 obsequentibus
702 1670 826 1698 carnales
843 1674 870 1697 et
886 1670 1013 1704 spiritua-

225 1719 265 1748 les
284 1720 372 1747 cibos.

264 1809 361 1837 1Ξ-15.
378 1808 412 1835 Et
428 1815 479 1836 non
491 1808 591 1835 audivit
606 1806 718 1842 populus
729 1814 801 1833 meus
818 1814 904 1833 vocem
915 1813 1009 1836 meum,

227 1862 281 1884 etc.
299 1855 368 1889 Quia
385 1863 428 1882 me
443 1855 496 1883 hoc
517 1854 670 1890 pollicente,
703 1853 754 1888 ipsi
777 1852 853 1880 surdi
883 1851 1010 1884 fuerunt;

227 1901 288 1929 ideo
303 1901 444 1936 repudiavi
457 1908 516 1932 eos,
528 1900 679 1934 dignasque
690 1898 724 1926 de
737 1897 905 1926 facinoribus
917 1904 1011 1924 eorum

222 1954 323 1982 poenas
338 1946 454 1981 sumpsi.

263 1991 307 2019 16.
323 1991 431 2018 Inimici
448 1990 555 2018 Domini
571 1989 676 2018 mentiti
688 1994 749 2016 sunt
768 1989 802 2022 ei,
814 1993 838 2015 et
849 1989 898 2015 erit
913 1992 1011 2022 tempus

226 2045 317 2065 eorum
328 2037 354 2063 iu
366 2036 474 2064 swcula.
490 2035 573 2068 Quasi
591 2035 711 2070 apertius
729 2034 833 2061 diceret
848 2042 855 2060 :
879 2032 948 2065 Quia
963 2039 1012 2066 po-

227 2085 308 2119 pulus
327 2083 456 2110 mentitus
472 2087 513 2109 est
531 2081 658 2113 Domino,
673 2081 725 2108 erit
739 2079 763 2107 ei
777 2084 884 2114 tempus
907 2077 1009 2113 suppli-

227 2129 273 2162 cii,
289 2128 315 2155 id
333 2132 374 2155 est
387 2131 494 2161 tempus
508 2125 593 2152 futuri
609 2125 713 2152 saeculi.
1028 2161 1051 2188 Β

264 2218 310 2245 17.
325 2217 360 2244 Et
376 2216 471 2244 cibavit
490 2223 533 2242 eos
553 2223 584 2242 ex
595 2214 672 2248 adipe
686 2214 822 2249 frumenti.
847 2213 896 2245 Illi,
913 2210 1017 2247 inquit,

228 2263 333 2291 mentiti
350 2265 414 2289 sunt
430 2262 454 2288 ei
470 2269 476 2293 ;
496 2261 554 2295 ipse
571 2267 648 2292 vero,
669 2263 763 2294 utpote
784 2259 883 2290 bonus,
899 2258 1013 2293 replevit

228 2315 277 2335 eos
290 2306 425 2342 spirituali
440 2306 520 2333 cibo:
544 2306 590 2340 qui
615 2309 657 2332 est
684 2305 741 2340 ipse
763 2303 906 2337 Dominus,
935 2303 1012 2337 panis

229 2355 302 2381 uiuus
314 2353 359 2387 qui
370 2352 402 2379 de
415 2352 479 2379 σωιο
501 2351 645 2383 descendit,
670 2356 696 2378 et
710 2351 757 2378 dat
779 2351 861 2378 vitum
881 2350 978 2376 mundo
991 2349 1011 2375 ³.

230 2398 265 2425 Ει
278 2398 309 2425 de
325 2402 400 2432 petra
413 2397 489 2423 melle
512 2397 640 2424 saturavit
654 2405 708 2423 eos.
725 2395 804 2424 Petra
817 2400 860 2424 est
875 2395 933 2430 ipse
958 2394 1012 2421 Do-

230 2442 321 2469 minus
333 2441 364 2475 ‘;
380 2441 512 2476 me|,ejus
527 2441 619 2468 divina
631 2441 751 2477 eloquia.
767 2441 812 2468 Ait
825 2441 918 2476 igitur,
937 2440 1012 2475 quod

227 2495 277 2514 ens
294 2487 397 2515 sanctis
411 2487 527 2521 eloquiis
541 2487 598 2514 suis
615 2487 768 2522 repleverit.

406 2581 574 2610 PSALMUS
589 2582 688 2616 Asaph.
705 2580 805 2608 LXXX

529 2629 728 2663 Argumentum.

228 2672 378 2709 Poxtquam
388 2682 415 2701 in
425 2675 586 2704 antecedenti
599 2675 704 2709 psalmo
715 2673 748 2700 de
759 2673 850 2708 populi
862 2673 1013 2709 abjectione

266 2773 275 2791 '
289 2773 374 2802 Exod.
389 2782 419 2807 ιι,
434 2774 479 2802 21.
518 2775 528 2790 ¹
541 2773 626 2801 Exod.
642 2782 708 2807 xv”,
724 2776 750 2800 τὲ.
792 2775 888 2802 'Joau.
909 2783 945 2809 γι,
967 2776 1010 2802 55.

622 68 650 98 S.
671 69 854 99 ATHANASII
872 69 947 98 OPP.
966 67 1120 104 PARSJII.
1142 81 1176 87 -—
1195 64 1401 94 EXECETIGA.

1807 63 1859 92 565

1060 125 1123 151 ποτὲ
1133 125 1147 150 ὁ
1167 123 1273 160 Ἰσραὴλ
1286 122 1417 158 αίσθητὰς
1431 122 1578 157 λαμϐάνων
1601 121 1765 156 σάλπιγγας
1785 122 1818 148 ὲν
1832 124 1862 156 τῇ

1060 170 1189 206 νεομηνία
1203 169 1341 201 ὲσάλπιζε,
1354 168 1433 195 τοῦτο
1446 168 1610 204 πρόσταγμα
1632 167 1794 199 δεδωκότος
1818 169 1861 194 τοῦ

1059 215 1138 247 Θεοῦ,
1155 215 1201 241 καὶ
1218 214 1366 250 μαρτύριον
1378 213 1425 240 τοῦ
1447 213 1663 249 ὲλευθερωθῆνιι
1683 212 1794 244 αὐτοὺς
1817 213 1861 247 τῆς

1061 260 1090 293 ἐξ
1103 260 1241 294 Αἰγύπτου
1251 259 1372 290 δουλείας
1381 267 1388 273 '
1401 258 1471 285 οὕτω
1480 258 1527 284 καὶ
1540 257 1706 290 ὀνέοςλαὸς,
1722 259 1762 293 τῇ
1782 258 1862 291 sim?-

1060 307 1153 341 γελικῇ
1171 305 1312 342 χρώμενος
1333 305 1474 339 σάλπιγγι,
1495 301 1528 340 ἦς
1544 306 1558 331 ό
1577 304 1694 339 φθόγγος
1707 306 1753 336 εἰς
1773 305 1861 330 πᾶσιν

1060 352 1109 387 τὴν
1127 353 1178 386 γῆν
1193 351 1315 386 ἐξῆλθεν,
1327 350 1467 377 κελεύεται
1479 352 1507 377 ὲν
1519 352 1579 382 ταῖς
1594 350 1760 386 νεομηνίαις
1771 350 1861 376 σαλπξ.

1060 397 1132 430 ζειν,
1157 398 1296 424 τουτέστιν
1322 397 1351 423 ὲν
1368 398 1402 431 τῇ
1417 397 1587 424 ἁνακαινίσει
1603 395 1650 422 τοῦ
1674 396 1739 427 νοὸς
1760 395 1860 421 αὐτοῦ·

1059 443 1198 479 ὁμολογῶν
1213 443 1260 469 καὶ
1274 443 1356 474 αὐτὸς
1372 443 1419 469 καὶ
1433 442 1594 478 μαρτυρῶν,
1619 443 1660 468 ὅτι
1677 441 1710 477 δὴ
1725 441 1820 468 αὑτὸν
1833 442 1860 467 ἐκ

1059 490 1108 524 τῆς
1120 489 1218 524 νοητῆς
1232 488 1418 524 ἠλευθέρωσεν
1434 488 1583 523 Αίγύπτου,
1599 488 1744 514 τουτέστιν
1762 488 1799 513 ἐκ
1814 487 1860 522 τῆς

1060 534 1188 568 ἐξουσίας
1206 535 1252 561 τοῦ
1267 534 1390 566 σκότους.

1072 581 1246 608 δΓλῶσο-αν
1260 580 1300 614 ἢν
1312 581 1368 607 οὐκ
1382 581 1458 615 ἔγνω
1475 579 1620 614 ἤκουσεν.
1635 579 1663 606 '0
1671 579 1755 612 λαὸς,
1767 578 1860 613 φησιν.

1060 626 1178 660 ἐξελθὼν
1195 627 1226 653 ὲκ
1240 627 1288 659 τῆς
1303 626 1453 660 Αἰγύπτου,
1467 625 1567 660 ἤκουσε
1579 625 1705 659 γλῶσσαν
1719 625 1761 660 ἦν
1775 624 1859 651 πάλαι

1059 672 1109 698 οὐκ
1127 672 1207 706 ἔγνω.
1226 671 1282 698 Καὶ
1312 671 1376 698 ποία
1392 670 1461 706 αὕτη
1484 671 1501 705 ἢ
1527 672 1544 706 ἡ
1561 670 1608 697 τοῦ
1625 670 1692 697 Θεοῦ
1713 670 1793 706 πρὸς
1818 670 1861 696 τὸν

1060 716 1124 743 λαὸν
1138 716 1266 752 γινομένη
1278 718 1307 743 ὲν
1323 717 1361 752 τῷ
1373 717 1430 752 ὄρει
1446 718 1536 752 φωνῆς

1105 762 1287 796 Ἀπέστησεν
1298 762 1487 797 ἀπὸνᾶρσεων
1496 762 1551 789 τὸν
1559 763 1654 789 νῶτον
1664 762 1780 789 αὑτοῦ.
1790 762 1861 788 ’Δντὶ

1061 808 1120 841 τοῦ,
1138 809 1168 841 ἐξ
1182 809 1297 844 ἅρσεων.
1314 809 1395 843 Λέγει
1409 809 1447 841 δὲ,
1463 808 1570 835 ὅτιτῶν
1588 808 1799 844 βασταγμὰτων
1813 808 1861 835 αὐ-

1058 855 1122 886 τοὺς
1134 855 1333 890 ἠλευθέρωσεν,
1349 852 1386 881 ὧν
1407 855 1571 890 ἐπεφέροντο
1585 854 1800 890 οἰκοδομοῦντες
1813 854 1861 885 τὰς

1059 900 1151 932 πόλεις
1163 899 1201 935 τῷ
1215 900 1324 935 Φαραώ.
1340 901 1374 927 Δὶ
1392 900 1490 935 χεῖρες
1512 899 1605 926 αὐτοῦ
1628 900 1662 926 ὲν
1678 898 1719 932 τῷ
1742 900 1859 934 κοφίγῳ

1059 945 1258 973 ἐδούλευσαν.
1281 945 1367 972 Τοῦτό
1391 955 1457 981 φησι
1470 946 1537 973 διότι
1563 945 1608 972 τδν
1639 945 1725 981 πηλὸν
1754 946 1806 972 καὶ
1829 946 1861 971 ti

1060 992 1149 1028 ἄχυρα
1160 993 1188 1018 ὲν
1201 993 1321 1027 κοφίνοις
1334 993 1380 1019 ἐπὶ
1396 993 1425 1018 τὸ
1443 992 1522 1028 ἔργον
1534 991 1709 1028 ἐπεφέροντο.

1101 1038 1152 1065 Ἔν
1166 1038 1266 1072 θλίψει
1277 1038 1452 1065 ἐπεκαλέσω
1471 1046 1520 1072 με,
1536 1037 1587 1064 καὶ
1606 1036 1791 1072 ἐρῤυσάμην
1813 1044 1859 1065 σε.

1063 1083 1174 1118 Ὅμοιον
1185 1082 1234 1118 τῷ,
1251 1083 1317 1109 Ὅτι
1333 1082 1452 1116 ἥκουσα
1470 1081 1529 1108 τῶν
1546 1081 1724 1116 στεναγμῶν
1744 1081 1859 1111 αὐτῶν.

1061 1128 1111 1155 καὶ
1127 1127 1181 1162 τῆς
1200 1127 1302 1162 φωνῆς
1324 1128 1423 1156 αὐτῶν
1445 1128 1576 1163 ἤκουσα,
1592 1127 1641 1155 καὶ
1654 1128 1792 1161 κατέϐην
1807 1128 1860 1155 τοῦ

1061 1173 1219 1206 ἐξελέσθαι
1235 1174 1355 1206 αὐτούς.
1373 1172 1543 1206 Ἐπήχουσά
1561 1180 1619 1200 σου
1631 1173 1666 1199 ἐν
1690 1173 1862 1207 ἀποκρύφῳ

1061 1219 1116 1253 τῆς
1131 1219 1310 1254 καταιγίδος.
1332 1219 1404 1246 Ἀντὶ
1419 1218 1476 1251 τοῦ,
1497 1219 1544 1245 Ἐκ
1560 1218 1682 1254 μεγάλης
1707 1219 1758 1244 καὶ
1773 1219 1862 1254 ὑπερ-

1063 1264 1213 1300 ϐαλλούσης
1228 1265 1387 1300 ἐρρυσάμην
1408 1272 1437 1290 σε
1458 1263 1585 1298 θλίψεως.
1610 1263 1801 1297 Ἐδοκίμασά
1825 1271 1861 1290 σε

1063 1311 1112 1337 ἐπὶ
1128 1310 1237 1343 ῦδατος
1248 1310 1431 1344 ἀντιλογίας.
1450 1309 1516 1335 Ὀτε
1534 1309 1650 1344 διψήσας
1670 1309 1684 1334 ὁ
1700 1308 1768 1340 Aab;
1781 1308 1861 1342 ἔλεγε

1063 1356 1130 1391 πρὸς
1157 1356 1276 1391 Μωσῆν·
1289 1355 1345 1389 Δὸς
1357 1355 1429 1390 ἡμῖν
1444 1354 1522 1388 ὕδωρ
1547 1355 1597 1381 ἵνα
1611 1354 1724 1388 πίωμεν
1734 1374 1742 1387 ,
1760 1354 1860 1389 ἕλεγετ

1066 1401 1097 1428 Tl
1111 1400 1297 1434 λοιδορεῖσθέ
1306 1409 1345 1434 με
1359 1400 1409 1427 καὶ
1426 1397 1575 1432 πειράζετε
1588 1399 1640 1426 τίν
1658 1400 1771 1432 Κύριον
1776 1407 1788 1431 ;

1101 1447 1259 1479 Ἄκουσον,
1278 1446 1353 1479 λαός
1366 1455 1435 1480 μου.
1451 1445 1496 1480 Τῷ
1514 1444 1572 1479 λαῴ
1585 1444 1745 1479 παραίνεσιν
1766 1445 1860 1479 εἰσφέ-

1065 1501 1105 1528 ρει
1129 1492 1215 1527 λέγων
1230 1492 1450 1528 παρεσκευάσθαι
1470 1491 1589 1526 ἐπήκοον
1615 1491 1742 1525 γενέσθαι
1769 1490 1857 1525 αὐτῷ.

1063 1538 1118 1564 Καὶ
1133 1536 1198 1572 γὰρ,
1212 1538 1236 1563 ει
1260 1537 1339 1564 τοῦτο
1362 1538 1480 1572 ποιήσει,
1503 1537 1556 1563 οὐκ
1574 1536 1607 1563 ἂν
1631 1536 1716 1568 ἑτέρω
1741 1536 1860 1572 δουλεύει

1063 1583 1132 1618 Θεῷ,
1150 1583 1211 1610 οὐδὲ
1226 1584 1370 1618 γενήσεται
1383 1582 1456 1618 αὐτῷ
1469 1583 1550 1614 αὐτὸς
1571 1583 1586 1608 ὁ
1603 1580 1705 1618 Κύριος
1723 1583 1766 1614 εἰς
1791 1583 1861 1608 Θεὸν

1063 1629 1229 1664 πρόσφατον.
1247 1629 1332 1660 Αὐτὸς
1348 1628 1402 1664 γάρ
1428 1629 1502 1654 ἐστιν
1525 1629 1539 1653 ὁ
1555 1627 1602 1654 καὶ
1617 1627 1700 1654 πάλαι
1713 1627 1819 1659 αὐτοὺς
1832 1628 1860 1660 ἐξ

1062 1675 1199 1708 Αἰγύπτου
1210 1673 1428 1710 λυτρωσάμενος,
1445 1674 1604 1702 Πλὰτυνον
1616 1674 1650 1700 τὸ
1668 1674 1769 1708 στόμα
1783 1681 1859 1705 σου,

1063 1720 1111 1746 καὶ
1125 1719 1273 1754 πληρὼσω
1286 1721 1370 1748 αὑτό.
1391 1721 1578 1756 ’Υπισχνεῖται
1589 1721 1644 1752 τοῖς
1660 1719 1860 1755 πειθαρχοῦσιν

1062 1765 1138 1801 αὑτῷ
1152 1766 1199 1792 καὶ
1216 1765 1352 1801 σαρκικὰς
1367 1766 1470 1802 τροφὰς
1481 1767 1528 1793 καὶ
1545 1765 1746 1800 πνευματικὰς.

1096 1810 1217 1837 Καὶοὺκ
1236 1811 1369 1845 ἤκουσεν
1382 1813 1398 1838 ό
1415 1813 1490 1844 λαός
1506 1821 1565 1846 μου
1583 1811 1636 1846 τῆς
1658 1810 1766 1846 φωνῆς
1784 1820 1857 1846 μσυ.

1069 1856 1177 1892 Ἐπειδὴ
1191 1856 1279 1883 ταῦτα
1294 1857 1342 1892 μὲν
1354 1857 1512 1892 ὑπεσχόμην
1531 1857 1600 1891 ἐγὼ,
1614 1858 1691 1884 αὐτοὶ
1705 1857 1734 1884 δὲ
1750 1857 1786 1883 τὰ
1803 1855 1859 1884 ὧτε

1062 1902 1235 1936 ὲκώφευσαν·
1248 1902 1342 1929 τούτου
1359 1904 1439 1938 χάριν
1451 1903 1627 1938 ἀπεϐαλόμην
1649 1902 1761 1935 αὐτοὺς,
1775 1903 1856 1935 ἀξίαν

1061 1947 1117 1973 τῶν
1130 1947 1356 1983 ἐπιτηδευμάτων
1372 1949 1463 1980 αὐτοῖς
1477 1947 1526 1983 τὴν
1538 1948 1674 1983 τιμωρίαν
1688 1947 1790 1980 διδούς.

1096 1994 1128 2019 Οἱ
1141 1992 1241 2027 ἐχθροὶ
1254 1993 1365 2026 Κυρίου
1381 1993 1553 2026 ἐψεύσαντο
1571 1991 1667 2024 αὐτῷ,
1689 1994 1740 2020 καὶ
1772 1994 1858 2020 ἔσται

1063 2038 1079 2064 ὁ
1104 2037 1206 2071 καιρὸς
1216 2037 1315 2064 αὐτῶν
1330 2038 1374 2070 εις
1387 2037 1441 2063 τὸν
1463 2037 1565 2064 αἰῶνα.
1585 2037 1656 2063 Ὠσεὶ
1688 2037 1859 2073 σαφέστερον

1062 2083 1170 2117 ἔλεγεν·
1194 2083 1267 2109 ’Λντὶ
1292 2083 1336 2109 τοῦ
1351 2083 1502 2118 ψεύσασθαι
1530 2083 1569 2118 τῷ
1593 2083 1690 2118 Κυρίῳ
1715 2084 1765 2110 τδν
1781 2084 1857 2113 λαὸν,

1063 2129 1140 2155 ἔσται
1168 2129 1261 2165 καιρὸς
1288 2129 1363 2164 αὐτῷ
1383 2131 1532 2166 τιμωρίας·
1553 2127 1629 2162 οὗτος
1647 2130 1676 2156 δέ
1693 2131 1770 2157 ἐστιν
1784 2132 1799 2157 ὁ
1811 2131 1859 2158 τοῦ

1066 2175 1208 2210 μέλλοντος
1225 2174 1333 2206 αἰῶνος.

1100 2221 1155 2247 Καὶ
1169 2220 1321 2255 ἐψώμισεν
1333 2221 1444 2254 αὐτοὺς
1455 2221 1488 2248 ἐκ
1502 2222 1627 2254 στέατος
1649 2221 1761 2256 πυροῦ.
1776 2221 1860 2248 Αὐτοὶ

1068 2266 1126 2301 μὲν,
1142 2266 1234 2301 φησὶν,
1255 2266 1402 2301 ἐψεύσαντο
1428 2266 1516 2302 αὐτῷ·
1532 2267 1612 2298 αὐτὸς
1627 2267 1655 2293 δὲ
1665 2287 1672 2298 ,
1688 2267 1735 2293 ἅτε
1757 2266 1860 2301 ἀγαθὸς

1067 2313 1208 2347 ὑπάρχων,
1225 2312 1373 2348 ἐνέπλησεν
1384 2314 1482 2345 αὐτοὺς
1497 2313 1595 2348 νοητῆς
1606 2313 1710 2348 τροφῆς
1720 2321 1729 2328 ⁸
1746 2313 1816 2347 αὕτη
1829 2312 1859 2339 δέ

1067 2358 1142 2384 ἐστιν
1155 2357 1236 2389 αὐτὸς
1248 2358 1262 2384 ὁ
1276 2358 1388 2393 Κύριος,
1400 2361 1416 2386 ὁ
1429 2359 1518 2393 ἄρτος
1537 2361 1552 2386 ὁ
1569 2358 1633 2391 ζῶν,
1648 2360 1663 2385 ὁ
1678 2359 1714 2391 ἐξ
1725 2358 1858 2393 οὐραγοῦ

1067 2403 1206 2436 καταϐὰς,
1223 2402 1273 2429 καὶ
1289 2403 1365 2438 (tth
1379 2403 1481 2438 διδοὺς
1494 2404 1534 2438 τῷ
1547 2405 1659 2439 κόσμῳ.
1688 2407 1745 2433 Καὶ
1759 2407 1794 2433 ἐκ
1807 2406 1860 2433 πέ-

1066 2457 1136 2483 τρας
1151 2447 1220 2483 μέλι
1239 2449 1404 2484 ἑχόρτασεν
1421 2452 1541 2484 αὐτούς.
1560 2452 1653 2487 Πέτρα
1672 2452 1756 2484 αὐτὸς
1768 2454 1782 2479 ὁ
1800 2453 1858 2478 Κύ-

1068 2503 1135 2530 ριος,
1156 2494 1217 2529 μέλι
1241 2495 1269 2521 δὲ
1288 2495 1323 2521 τὰ
1343 2495 1401 2522 θεῖα
1419 2496 1501 2523 αὐτοῦ
1513 2496 1600 2530 λόγια.
1618 2496 1700 2530 Λέγει
1722 2497 1802 2532 γοῦν,
1817 2498 1857 2524 ὅτι

1066 2541 1120 2566 τῶν
1134 2540 1215 2567 ὁσίων
1228 2540 1308 2567 αὑτοῦ
1320 2541 1418 2575 λογίων
1433 2542 1579 2578 ἐνέπλησεν
1595 2542 1704 2574 αὐτούς.

1256 2587 1408 2614 ΨΑΛΜΟΣ
1423 2587 1462 2620 τῷ
1482 2587 1582 2622 Ἂσὰρ.
1598 2589 1660 2615 IlA'.

1380 2632 1511 2660 Ὑπόθεσι
1516 2644 1541 2666 ς.

1067 2676 1122 2711 Τὴν
1135 2676 1270 2713 ἀποϐολὴν
1286 2677 1334 2704 τοῦ
1346 2677 1410 2704 λαοῦ
1423 2679 1450 2705 ἐν
1463 2678 1501 2714 τῷ
1518 2679 1570 2714 πρὸ
1582 2678 1665 2706 αὑτοῦ
1686 2679 1799 2714 ψαλιιῶ.
1811 2677 1854 2706 ht-

1052 2777 1082 2804 ‘l
1100 2777 1163 2804 Cor.
1179 2785 1206 2811 ι,
1223 2778 1246 2804 4.
