1891 3061
20 113 88 142 3ῧ5

568 117 750 148 ΕΧΡΟδίΊῚΟ
765 119 798 148 ΙΝ
815 119 981 151 PSALMUM
1000 124 1129 153 LXXX".

1601 131 1654 161 566

63 173 158 201 ταῦοα
175 173 222 200 καὶ
242 173 291 205 τὰς
306 174 395 206 αἰτίας
412 175 577 212 σαφέστερον
597 176 730 210 ἐκδίδωσι,
743 178 775 204 δι’
789 180 794 205 ἰ

885 211 888 213 λ
911 180 1018 209 locutus
1030 189 1082 216 est,
1101 182 1146 210 hic
1160 190 1220 218 quae
1234 191 1324 212 causae
1339 185 1478 221 sintquod
1491 193 1507 214 a
1533 183 1587 215 Dio
1608 190 1655 217 ab-

62 218 168 249 αὑτοὺς
184 219 198 244 ὁ
209 217 274 249 Θεὸς
286 218 447 246 ἀπεϐάλετο.

68 262 107 289 Ὃ
129 262 200 295 Θεὸς
214 262 288 296 ἔστη
313 263 347 290 ἐν
367 265 529 301 συναγωγῇ
551 266 636 294 (letor;
664 268 745 300 Bsobg
760 270 822 300 τοὺς

17 309 167 343 ἄρχοντας
179 309 232 335 τῶν
252 309 386 336 Ἰουδαίων
401 311 525 344 ἐκάλεσε,
542 314 605 345 τοὺς
617 315 692 346 υἱοὺς
706 314 820 350 κληθέν-

17 361 78 384 τας
90 352 170 379 Θεοῦ.
191 354 274 389 Ἔστη
287 352 331 380 οὖν
348 355 376 380 ἐν
389 355 464 391 μέσῳ
479 357 567 384 αὐτῶν
584 360 599 385 ὁ
622 359 697 391 Θεὸς,
713 360 757 386 ὅτε
772 360 820 396 τὴν

19 399 168 434 σωτήριον
183 400 333 435 παρουσίαν
350 401 507 437 πεποίηται,
531 404 605 436 ὅπως
628 405 751 441 διακρίνῃ
776 407 821 433 αὺ-

17 445 104 476 τοὺς,
120 444 228 480 ἔλεγχον
241 445 295 472 τῶν
308 446 397 478 αὐτοῖς
408 449 611 484 πεπραγμένων
628 441 724 477 ποιῶν.

61 490 146 523 Ἕως
161 491 234 518 πότε
248 492 364 526 κρίνετε
377 493 515 526 ἀδικίαν-ς
528 495 583 529 Τὴν
597 495 703 522 ἀδικίαν
716 497 765 532 τὴν
776 505 819 531 γι-

18 536 148 570 νοιιὲνην
163 537 204 568 εἰς
214 536 259 563 τὸν
272 537 335 563 λαὸν
351 539 415 573 παρ’
428 539 516 566 αὐτῶν
531 541 570 572 εἰς
586 540 668 575 μέσον
679 541 751 575 ἄγει.

59 619 305 653 Σαλευθήτωσαν
322 622 420 649 πάντα
436 623 472 650 τὰ
488 624 608 658 θεμέλια
619 624 674 659 τῆς
690 626 756 660 γῆς.
768 627 818 653 Θε-

18 663 112 698 μέλια
131 664 182 700 τῆς
192 666 243 700 γῆς
255 666 318 698 τοὺς
329 666 461 702 ἄρχοντας
477 668 523 695 τοῦ
542 669 639 701 αἰῶνος
654 671 748 698 τούτου
766 681 817 707 φη-

18 709 90 735 σίνι·
108 710 206 741 οἵτινες
219 711 266 738 καὶ
283 713 335 747 πρό
347 721 378 747 γε
393 714 440 740 τοῦ
452 714 515 740 λαοῦ
532 715 585 742 τῶν
604 716 736 743 Ἰουδαίων
751 717 815 744 ἔδω-

18 764 75 782 καν
89 755 179 792 δίκην,
194 757 369 793 ἐκϐληθέντες
379 759 428 794 τῆς
439 760 498 786 καθ’
513 761 590 796 ἡμῶν
605 763 761 797 τυραννίδος
771 763 816 790 διὰ

16 801 70 827 τοῦ
83 802 227 837 λεχθέντος
239 805 306 840 πρὸς
320 806 392 840 ἡμᾶς
406 806 495 840 λογίου
509 815 515 821 ·
533 807 599 834 Νῦν
613 810 628 834 0'
643 808 742 843 ἄρχων
758 810 811 836 τοῦ

17 849 145 883 κόσμου
159 851 264 877 τούτου
277 851 493 885 ἐκϐληθήσεται
517 853 583 885 ἔξω.
617 855 814 892 Ἐσαλεύθησαν
830 847 851 875 Β

16 894 77 929 γὰρ
94 891 132 929 ἧς
146 895 230 922 πάλαι
249 896 314 923 ποτὲ
327 894 399 932 εἶχον
412 899 542 930 στάσεως.
561 900 624 926 "Are
643 900 675 936 δὴ
690 901 727 933 ὡς
739 901 815 937 πρώ-

17 947 75 973 τῳν
90 940 185 967 αὐτῶν
200 943 427 978 καταργηθέντων
447 945 490 971 διὰ
509 945 556 972 τοῦ
582 946 698 981 σταυροῦ
713 947 794 974 αὑτοῦ
804 967 812 981 ,

16 980 80 1012 εἶτα
95 986 148 1021 τῆς
162 987 277 1023 ἐκϐολῆς
296 989 443 1025 γενομένης
455 990 502 1017 τοῦ
521 991 629 1027 Ἰσραὴλ
643 980 712 1027 μετὰ
724 992 754 1019 τὸ
768 1002 815 1029 κη-

17 1032 158 1069 ρυχθῆναι
172 1034 212 1065 είς
227 1034 316 1062 πάντα
332 1036 366 1062 τὰ
383 1036 445 1072 sem
465 1037 495 1063 τὸ
509 1037 683 1072 Εὑαγγέλιον,
711 1039 814 1074 ἐπήγα-

15 1085 66 1110 γεν
79 1086 87 1093 -
110 1078 186 1113 Ἐγὼ
201 1077 271 1106 εἶπα
281 1088 288 1095 ·
303 1080 370 1107 Θεοί
382 1081 462 1109 ἐστε.
485 1081 578 1115 Ὑμεῖς
596 1082 630 1108 δὲ
645 1083 686 1116 ὡς
703 1083 814 1117 ἅνθρω-

15 1129 67 1149 ποι
81 1122 310 1158 ἀποθνήσκετε·
325 1126 447 1153 πίπτετε
468 1126 502 1153 δὲ
523 1127 571 1154 καὶ
583 1127 622 1160 ὡς
635 1126 679 1160 εἷς
690 1128 750 1155 τῶν
763 1129 813 1163 ἀρ-

13 1170 149 1202 χόντων.
169 1171 225 1197 Καὶ
237 1171 321 1198 ποίων
332 1172 480 1207 ἀρχόντων,
496 1173 512 1209 ἢ
527 1171 564 1201 ὧν
594 1174 685 1210 μικρῷ
716 1176 813 1211 πρότε-

15 1223 62 1250 ρον
79 1215 204 1251 ἐδήλωσε
214 1217 257 1244 διὰ
270 1217 323 1245 τῶν
332 1219 520 1254 σαλευομένων
534 1219 666 1256 θεμελίων
677 1221 728 1257 τῆς
740 1221 791 1257 γῆς
803 1230 811 1255 ;

175 1262 244 1297 mi;
268 1265 425 1292 ΨΑΑΜΟΥ
437 1266 477 1298 τῷ
489 1266 590 1301 Ἀσάφ.
601 1267 670 1295 Πιγ.

339 1311 502 1345 ’Υπόθεσις.

13 1353 106 1389 Εὒχὴν
125 1354 243 1382 ἐνταῦθα
257 1355 390 1383 ἀνατείνει
406 1357 474 1393 πρὸς
490 1357 566 1391 Θεὸν,
583 1359 634 1395 τῆς
650 1359 810 1392 ἀλαζονείας

46 1400 137 1432 ἀξιῶν
154 1400 190 1427 τὰ
205 1401 268 1437 ἔθνη
285 1403 495 1439 τιμωρήσασθαι
521 1404 557 1431 τὰ
577 1405 631 1432 τῶν
661 1406 810 1442 Ἀσσυρίων

49 1446 92 1477 εἰς
105 1445 153 1471 τὸν
170 1446 240 1473 κατὰ
255 1447 305 1482 τῆς
322 1448 500 1485 Ἰερουσαλὴμ
516 1451 715 1487 συμπράξαντα
728 1452 808 1478 πόλε-

909 226 997 260 jectus
1012 228 1094 256 fuerit
1106 228 1206 257 clarius
1226 235 1356 258 recenset.

906 273 932 299 1.
950 272 1021 300 Deus
1037 275 1108 301 stetit
1137 275 1164 301 in
1185 283 1317 310 synagoga
1343 276 1461 304 deorum.
1489 277 1560 306 Deos
1576 284 1655 308 vocat

873 316 1007 352 principes
1020 318 1186 352 Iudaeorum,
1202 321 1248 355 qui
1260 321 1307 348 lilii
1319 321 1367 348 Dei
1378 323 1555 351 vocabantur.
1572 325 1654 353 Stetit

872 361 953 397 igitur
967 363 994 390 in
1008 365 1096 391 medio
1112 372 1207 392 eorum
1231 365 1315 396 Deus.
1339 366 1366 393 in
1394 368 1507 396 salutari
1534 377 1584 397 suo
1602 371 1652 398 ad-

870 413 962 439 ventu,
980 413 1009 436 ut
1023 409 1160 443 judicaret
1183 418 1241 444 eos,
1267 410 1420 439 facinorum
1438 420 1534 441 eorum
1559 415 1653 443 convi-

870 454 985 481 ctionem
1001 455 1126 483 afferens.

901 499 928 531 2,
945 500 971 526 5.
998 499 1134 535 Usquequo
1147 501 1283 536 3judicatis
1305 503 1471 538 iniquitatem
1484 505 1497 531 Ζ)
1522 510 1574 533 etc.
1595 503 1650 534 lni-

868 546 1009 580 quitatem.
1028 554 1081 581 qua
1096 554 1159 583 erga
1175 549 1305 583 populum
1331 550 1374 577 usi
1397 556 1470 584 sunt,
1488 553 1514 579 in
1532 555 1651 582 medium

869 591 988 618 adducit.

904 637 966 664 5—7.
985 637 1141 665 Moneantur
1153 640 1242 667 omnia
1258 641 1429 675 fundamenta
1443 647 1528 670 teme.
1545 643 1652 672 Funda-

867 688 957 710 menta
976 688 1054 710 terra:
1068 684 1133 712 dicit
1147 686 1284 721 principes
1302 688 1393 715 saeculi
1407 688 1488 724 hujus
1500 708 1508 721 ,
1524 690 1570 725 qui
1587 695 1651 719 ante

866 727 1022 756 Iudaeorum
1039 731 1168 764 populum
1184 739 1280 766 poenas
1303 733 1448 766 dederunt,
1469 742 1484 762 a
1510 736 1652 771 tyrannide

867 783 921 809 qua
939 782 989 802 nos
1013 777 1201 811 opprimebant
1226 779 1344 813 expulsi,
1367 787 1416 814 per
1440 781 1507 808 illud
1524 782 1649 811 dictum:

875 821 953 847 Num:
963 822 1082 856 princeps
1095 822 1172 857 hujus
1192 818 1283 851 mundi
1299 825 1420 858 ejicietur
1433 826 1507 861 foras
1518 827 1538 854 '.
1556 827 1652 857 Exacll

866 872 930 894 sunt
946 876 961 895 a
983 868 1043 896 loco
1062 877 1145 904 quem
1158 870 1232 905 prius
1259 873 1438 908 occupabant.
1466 875 1534 903 Cum
1557 876 1649 912 itaque

865 914 941 948 prius
956 915 995 942 illi
1011 917 1162 950 compressi
1180 916 1298 945 fuissent
1317 926 1366 953 per
1381 927 1490 948 crucem
1515 921 1575 957 ejus
1587 941 1595 955 ,
1615 929 1648 951 ac

864 958 962 987 deinde
987 959 1110 995 abjectus
1136 961 1171 988 sit
1197 961 1280 990 Israel
1303 968 1449 999 postquam
1469 965 1645 1001 Evangelium

864 1011 912 1038 per
925 1009 1009 1032 totam
1022 1010 1122 1034 terram
1142 1007 1319 1042 prmdicatum
1335 1008 1396 1044 fuit,
1416 1010 1575 1046 subjunxit:
1589 1011 1646 1047 Ego

863 1049 938 1077 dixi:
957 1050 1002 1077 Dii
1015 1052 1087 1079 estis.
1105 1051 1152 1079 Vos
1164 1058 1252 1080 autem
1269 1055 1338 1081 sicut
1352 1055 1470 1083 homines
1485 1058 1645 1091 moriemini,

862 1100 887 1122 et
904 1097 973 1124 sicut
988 1106 1056 1125 unus
1069 1099 1101 1125 de
1110 1099 1274 1134 principibus
1286 1102 1398 1129 cadetis.
1413 1102 1446 1130 Et
1457 1103 1557 1139 quibus
1571 1104 1647 1140 prin-

863 1141 978 1178 cipibus,
1000 1143 1054 1172 nisi
1079 1145 1113 1173 iis
1130 1153 1200 1180 quos
1224 1147 1305 1182 paulo
1326 1153 1390 1176 ante
1418 1148 1581 1184 significavit
1596 1156 1646 1187 per

862 1195 999 1217 commota
1012 1190 1189 1219 fundamenta
1205 1198 1284 1221 terra:

946 1266 971 1292 1.
991 1266 1130 1295 Canticum
1146 1268 1287 1296 PSALM]
1300 1270 1400 1306 Amph.
1414 1270 1562 1300 LXXXII.

1151 1316 1351 1351 Argumentum.

859 1357 1049 1387 Precationem
1064 1360 1109 1388 hic
1133 1361 1248 1389 effundit
1265 1362 1299 1390 ad
1323 1362 1420 1397 Deum,
1445 1372 1544 1400 rogans
1559 1369 1589 1393 ut
1610 1365 1645 1394 de

897 1406 1054 1441 arrogantia
1076 1407 1209 1442 gentium,
1235 1416 1297 1443 qum
1319 1417 1382 1437 cum
1406 1410 1526 1446 Assyriis
1541 1411 1644 1440 bellum

859 1450 880 1484 Eg
895 1456 1036 1485 gesserant
1062 1453 1195 1481 adversus
1221 1453 1390 1489 Jerusalem,
1417 1461 1508 1484 sumat
1535 1465 1642 1492 poenas.

69 1500 114 1518 ον.
130 1488 212 1518 Οὗτοι
225 1492 254 1519 δὲ
266 1491 336 1529 ἦσαν
347 1495 371 1521 ot
386 1494 451 1530 ἑξῆς
465 1497 494 1522 ἐν
507 1496 546 1531 τῷ
559 1496 660 1532 ψαλμῷ
675 1497 793 1534 δηλούμε

895 1496 942 1524 Hae
956 1502 1047 1525 autem
1065 1502 1159 1533 gentes
1179 1498 1295 1527 inferius
1309 1501 1336 1527 in
1353 1488 1460 1536 psalmo
1476 1502 1642 1530 indicantur.

61 1546 102 1565 οι.

61 1586 84 1610 0
106 1583 192 1617 Θεὸς,
211 1584 257 1618 τίς
279 1586 494 1620 ὁμοιωθήσεται
513 1594 584 1618 dor;
602 1586 646 1622 μὴ
675 1587 807 1623 σιγήσῃς

9 1629 87 1663 μηδὲ
106 1632 333 1666 καταπραῠνῃς,
350 1634 366 1659 ὁ
381 1633 463 1666 Θεός.
476 1634 521 1660 Σοὶ
537 1634 596 1668 μὲν,
611 1635 703 1669 φησὶν,
720 1635 807 1667 οὐδεὶς

12 1675 86 1703 ἔσται
115 1676 228 1711 ὅμοιος,
261 1678 450 1713 ἀμνησίκακος
476 1679 523 1705 καὶ
550 1680 734 1715 μακροθυμῶν
761 1682 807 1707 ἐπὶ

11 1725 68 1754 ταῖς
83 1724 210 1756 ἀδικίαις
221 1732 228 1739 ·
244 1724 299 1759 ἐγὼ
312 1725 340 1751 δὲ
355 1724 469 1761 εὔχομαι
492 1726 529 1762 μὴ
554 1727 664 1762 σιγῆσαι
679 1727 725 1754 ἐπὶ
746 1727 807 1759 ταῖς

11 1770 69 1796 καθ’
89 1770 175 1805 ἡμῶν
200 1770 275 1806 παρὰ
299 1771 352 1799 τῶν
384 1771 488 1808 ἐχθρῶν
515 1773 676 1808 γενομέναις
701 1773 805 1804 ἀδίκοις

11 1816 130 1849 cis/MK.

44 1861 115 1888 Ὅτι
130 1861 198 1888 ιδοὺ
212 1863 238 1888 οἱ
254 1862 355 1896 ἐχθροί
370 1870 428 1890 σου
450 1863 583 1897 ἤχησαν.
612 1863 802 1897 Ἐξάκουστος,

11 1908 103 1942 φησὶν,
124 1908 142 1943 ἡ
157 1907 217 1934 καθ’
231 1909 309 1943 ἡμῶν
326 1910 390 1944 παρ’
401 1909 490 1935 αὐτῶν
506 1910 598 1936 ἀδικία
611 1911 766 1946 γεγένηται.

50 1955 265 1990 Ἐ’τενήθησαν
287 1957 328 1989 εὶς
345 1957 513 1990 ἀντίληψιν
538 1957 600 1990 τοῖς
624 1957 700 1990 υἱοῖς
728 1958 801 1985 Λώτ.

17 1999 222 2032 Ἀντελάϐοντο,
235 2001 311 2035 φησὶ,
324 2001 370 2028 καὶ
388 2003 610 2037 συνεμαχήσαντο
626 2004 665 2034 είς
680 2003 725 2029 τὸν
741 2003 802 2029 καθ’

11 2047 86 2081 ἡμῶν
101 2047 221 2081 πόλεμον
229 2048 254 2073 οἱ
267 2047 485 2083 προδηλωθέντες
499 2049 555 2080 τοῖς
570 2049 638 2079 υἱοῖς
653 2048 724 2075 Λώτ.
743 2049 803 2076 Υἱοὶ

11 2092 35 2118 δὲ
49 2093 114 2120 Λὼτ
130 2093 275 2120 Μωαϐῖται
290 2093 336 2120 καὶ
353 2094 528 2129 Ἀμμανῖται.
559 2093 698 2120 Ἐντεῦθεν
711 2094 739 2121 δὲ
758 2103 801 2128 γι-

11 2140 164 2174 νώτωμεν,
183 2140 223 2166 ὅτι
242 2139 456 2174 προσκαλοῦνται
472 2139 604 2174 ἀλλήλους
627 2140 651 2165 οἱ
674 2140 800 2174 δαίμονες

892 1585 918 1612 2.
935 1586 1015 1620 Deus,
1034 1588 1092 1622 quis
1106 1588 1201 1615 similis
1217 1590 1268 1616 erit
1292 1590 1360 1616 tibi?
1387 1599 1420 1617 ne
1448 1595 1535 1619 taceas
1561 1600 1642 1628 neque

857 1633 1042 1666 compescaris,
1057 1634 1136 1661 Deus.
1153 1633 1248 1667 Nemo,
1267 1635 1365 1670 inquit,
1383 1636 1432 1663 tibi
1457 1636 1556 1664 similis
1577 1638 1640 1669 erit,

857 1677 1001 1705 immemor
1014 1678 1139 1706 videlicet
1156 1679 1331 1714 injuriarum,
1345 1685 1372 1708 et
1394 1681 1581 1716 aequanimiter
1599 1687 1642 1710 ιο-

857 1722 946 1750 lerans
957 1723 1127 1758 iniquitates.
1139 1724 1196 1760 Ego
1209 1730 1301 1752 autem
1315 1733 1413 1761 precor
1429 1732 1460 1754 ut
1480 1735 1535 1755 non
1549 1732 1642 1756 taceas

856 1775 938 1803 super
970 1769 1073 1804 iniquis
1098 1770 1304 1799 incursionibus
1331 1772 1516 1806 inimicorum,
1540 1774 1640 1809 quibus

856 1820 906 1840 nos
921 1813 1092 1841 adoriuntur.

891 1859 917 1885 5.
936 1858 1067 1890 Quoniam
1082 1868 1139 1887 ecce
1150 1861 1252 1888 inimici
1265 1862 1304 1889 tui
1315 1868 1469 1891 sonuerunt.
1486 1863 1637 1899 Publicata,

855 1903 953 1938 inquit,
971 1903 1023 1931 fuit
1036 1913 1131 1932 eorum
1146 1907 1291 1934 adversum
1307 1915 1357 1935 nos
1373 1909 1513 1944 iniquitas.

891 1951 916 1978 9.
933 1951 1012 1978 Facti
1026 1958 1087 1979 sunt
1104 1953 1131 1979 in
1145 1953 1309 1987 adjutorium
1323 1954 1387 1988 ﬁliis
1404 1955 1463 1982 Lat.
1489 1956 1540 1989 Qui
1558 1965 1638 1991 supc-

853 1996 912 2023 rius
930 1998 1071 2024 memorati
1093 2002 1156 2025 sunt
1178 1999 1310 2026 auxilium
1331 2004 1358 2026 et
1383 2008 1462 2035 opem
1487 2002 1636 2030 attulerunt

854 2043 917 2070 filiis
933 2043 993 2070 Lot.
1014 2044 1075 2071 Filii
1087 2049 1177 2072 autem
1196 2044 1246 2072 Lot
1262 2050 1326 2073 sunt
1340 2046 1463 2074 Moabilaz
1484 2053 1510 2076 et
1524 2049 1638 2078 Ammo-

852 2089 925 2116 niun.
954 2089 1023 2116 Hinc
1054 2095 1144 2118 autem
1170 2092 1382 2126 cognoscimus,
1411 2093 1549 2122 daemones
1576 2103 1637 2123 sese

853 2139 949 2161 mutuo
963 2142 1113 2169 provocare
1126 2136 1158 2163 ad
1176 2137 1324 2170 perniciem
1340 2138 1448 2172 animm,
1464 2145 1494 2166 ut
1510 2148 1560 2167 nos
1572 2140 1635 2167 fun-

11 2185 50 2211 ὲπ⁵
66 2185 197 2219 ἀπωλείᾳ
210 2184 307 2220 ψυχῆς,
326 2185 512 2222 πανωλεθρίας
526 2187 592 2220 ἡμῖν
607 2185 721 2219 ἐπάγειν
732 2206 739 2218 ,
753 2187 794 2212 καὶ

872 2181 925 2208 itus
938 2181 1061 2215 perdant,
1079 2186 1106 2208 et
1123 2181 1258 2209 famosum
1275 2183 1351 2210 illum
1374 2183 1501 2212 lsraelem
1525 2186 1552 2212 in
1567 2186 1636 2214 obli-

11 2230 73 2268 λήϐῃ
93 2230 264 2267 παραδοῦναι
278 2231 322 2258 τὸν
344 2230 560 2267 πολυθρύλλητον
589 2231 707 2266 Ἰσραήλ.
731 2229 797 2258 Εἶτα

10 2277 156 2311 καταλέγει
168 2276 293 2311 ὁμόρους,
307 2277 351 2311 ὑφ’
367 2274 404 2303 ὧν
418 2275 614 2312 συγκληθέντες
625 2278 672 2304 καὶ
686 2278 710 2304 oi
722 2278 795 2304 ἄλλοι

11 2325 71 2359 συνῆ
75 2324 153 2350 λθον.

42 2370 179 2402 Ποίησον
194 2368 297 2402 αὐτοῖς
316 2369 356 2401 ὡς
374 2368 412 2402 τῇ
424 2369 540 2404 Μαδιὰμ
551 2369 599 2395 καὶ
616 2368 656 2401 τῷ
669 2368 793 2402 Σισάρα.

10 2414 114 2449 Ὠσπερ
135 2414 200 2441 ποτὲ
214 2414 327 2449 Μαδιάμ
338 2414 385 2441 καὶ
400 2415 414 2440 ό
424 2414 537 2449 Σισάρα,
552 2414 592 2440 ἔτι
608 2422 637 2439 τε
652 2415 698 2440 καὶ
711 2415 725 2440 ὁ
743 2415 795 2440 Ἰα-

10 2459 61 2485 εειν
72 2459 274 2491 ἐξαναστάντες
284 2460 355 2486 κατὰ
367 2459 414 2485 τοῦ
428 2459 535 2495 Ἰσραὴλ
549 2459 794 2494 ὲξωλοθρεύθησαν,

9 2506 30 2530 οἱ
44 2507 94 2540 μὲν
107 2507 137 2532 ἐν
151 2505 357 2541 τῷ’χειμάρῤῳ
377 2505 496 2536 Κισσὼν,
514 2506 539 2532 οἱ
563 2506 592 2532 δὲ
610 2506 639 2531 ἐν
658 2505 775 2541 Ἀενδώρ
788 2513 795 2520 ’

9 2551 49 2577 τὸν
66 2552 151 2579 αὑτὸν
170 2552 270 2587 τρόπον
287 2553 334 2579 καὶ
351 2553 374 2579 οἱ
400 2553 555 2588 ἐπιθέμενοι
574 2553 640 2587 ἡμῖν
663 2551 732 2587 μετὰ
748 2551 795 2578 τοῦ

16 2597 139 2634 ’Ᾱσςοὺμ
152 2598 202 2633 τῆς
217 2598 313 2632 ὁμοίας
326 2599 460 2634 τιμωρίας
483 2598 601 2634 τύχοιεν.
618 2598 720 2632 Σισάρα
746 2597 795 2632 μὲν

10 2642 98 2677 ἄρχων
110 2643 162 2677 τῆς
190 2642 340 2677 δυνάμεως,
362 2643 457 2670 Ἰαϐεὶν
478 2643 505 2670 δὲ
533 2643 657 2677 βασιλεὺς
672 2643 792 2669 Χαναὰν.

11 2687 176 2721 Τροποῦνται
195 2689 224 2713 ὲν
240 2687 279 2722 τῷ
294 2689 437 2724 χειμάρρῳ
452 2688 560 2715 Κισσὼν
575 2690 601 2715 ἐν
613 2689 792 2723 τοῐςιὶριταῖς

13 2732 36 2757 ἐν
50 2735 120 2767 χειρὶ
136 2732 253 2768 Βαραὰκ
266 2734 313 2759 καὶ
327 2733 447 2768 Δεὸόὸρα
463 2734 590 2768 γυναικὸς
617 2734 734 2769 Ἰσραήλ.

30 2825 124 2855 'Joan.
146 2834 197 2858 χιι,
216 2826 261 2853 3|.
300 2824 410 2853 ‘Judic.
431 2833 466 2859 Iv,
483 2825 524 2852 lt.

851 2227 960 2254 vionem
976 2227 1086 2254 ducant.
1106 2226 1208 2254 Deinde
1224 2228 1353 2257 finitimos
1368 2236 1519 2264 enumerat,
1544 2240 1558 2258 a
1574 2233 1635 2266 qui-

850 2273 901 2300 llus
916 2273 1020 2300 evocati
1034 2273 1079 2299 alii
1093 2278 1289 2302 convenerunt.

848 2365 856 2369 '
887 2361 930 2388 10.
947 2361 1002 2389 Fac
1017 2363 1072 2390 illis
1088 2364 1156 2390 sicut
1176 2363 1288 2391 Madian
1299 2369 1323 2391 et
1341 2364 1451 2398 Sisara,
1475 2371 1527 2394 etc.
1555 2366 1632 2396 Sicut

848 2410 912 2436 olim
929 2409 1045 2440 Madian,
1062 2409 1154 2437 Sisara
1169 2409 1283 2437 etJabin
1298 2411 1469 2446 insurgentes
1483 2418 1577 2440 contra
1590 2413 1632 2442 ls-

847 2457 946 2483 raelem
970 2456 1163 2491 disperierunt,
1191 2457 1237 2483 alii
1264 2457 1290 2483 in
1318 2462 1438 2486 torrente
1456 2457 1564 2491 Cisson,
1584 2459 1631 2487 alii

847 2502 875 2528 in
891 2501 1000 2535 Endor;
1017 2502 1112 2529 eodem
1131 2503 1212 2530 modo
1235 2503 1282 2537 qui
1314 2511 1377 2530 cum
1399 2504 1485 2531 Assur
1508 2513 1558 2531 nos
1580 2504 1630 2532 ad-

847 2547 973 2574 oriuntur
987 2548 1095 2575 easdem
1110 2555 1205 2582 pomus
1222 2549 1307 2576 luant.
1329 2548 1419 2576 Sisara
1429 2549 1484 2576 dux
1494 2549 1630 2578 exercitus

847 2599 905 2620 erat
919 2602 926 2626 ;
941 2592 1021 2621 Jabin
1035 2599 1125 2621 autem
1142 2602 1188 2621 rex
1199 2595 1342 2622 Chanaan.
1357 2595 1408 2628 Qui
1424 2595 1450 2622 in
1467 2595 1558 2631 fugam
1573 2603 1630 2623 ver-

848 2644 942 2666 tuntur
973 2640 1000 2666 in
1028 2644 1148 2667 torrente
1169 2640 1279 2673 Cisson,
1305 2641 1339 2668 de
1368 2649 1422 2675 qua
1449 2649 1479 2668 re
1505 2642 1532 2668 in
1560 2641 1630 2669 libro

845 2685 981 2720 Judicum,
999 2685 1089 2722 {manu
1115 2687 1200 2715 Barac
1216 2691 1242 2715 et
1267 2687 1378 2715 Dehorac
1404 2687 1527 2715 mulieris
1541 2687 1631 2716 Israe-

845 2734 898 2762 lita:
910 2733 925 2759 ⁸-
