1891 3061
20 175 91 204 369

544 179 729 209 EXPOSITIO
748 180 781 208 IN
803 181 970 213 PSALMUM
990 184 1135 215 LXXXIV.

1619 191 1672 218 570

70 233 220 267 Μακάριοι
234 236 262 261 oi
278 235 488 269 κατοικοῦντες
501 237 537 264 ἐν
556 237 596 271 τῷ
619 239 690 271 οικφ
704 247 762 268 σου
773 247 779 254 ·
796 241 821 267 τί

923 243 949 269 5.
966 243 1044 271 Beati
1063 246 1108 280 qui
1129 245 1251 272 habitant
1273 246 1301 273 in
1317 245 1395 274 domo
1410 252 1466 277 tua.
1482 248 1616 277 soirituali
1632 250 1673 276 vi-

22 280 37 304 ἐ
43 279 194 314 πουρανίῳ
208 279 340 314 δηλονότι.

69 325 226 360 Μακάριος
251 327 268 353 ὀ
289 325 367 361 ἀνὴρ
392 324 428 355 οὗ
453 327 540 356 ἐστιν
569 330 732 365 ἀντίληψις
753 330 833 364 αὐτῷ

23 374 121 408 παρὰ
147 374 214 401 σοι’
233 374 395 408 ἀναϐάσεις
418 376 454 402 ἐν
475 375 513 411 τῇ
535 377 642 412 καρδίᾳ
667 379 762 406 αὑτοῦ
789 379 833 406 δι-

25 418 140 447 έθετο.
169 420 212 452 Ὦς
237 421 432 457 ἁντιλήπτορα,
453 423 556 458 φησὶν,
581 424 832 460 ἐπιγεγραμμένος,

22 465 158 499 ἀγαθοὺς
173 465 321 501 λογισμοὺς
346 466 436 502 ἑαυτῷ
461 467 522 494 καθ’
546 469 664 504 ἑκάστην
685 469 830 504 οἰκοδομεῖ,

22 511 60 537 οὒ
67 520 166 543 πτινας
183 512 231 538 καὶ
241 512 387 545 ἁναὸάσεις
399 513 467 549 πρὸς
483 513 513 540 τὸ
524 514 610 550 παρὸν
627 515 732 550 εἴρηκε,
748 515 791 542 διὰ
803 516 833 543 τὸ

23 559 60 584 ὲν
89 558 182 590 αὐτοῖς
198 559 279 585 οίονεὶ
295 559 349 586 ἀπὸ
363 559 416 586 τῶν
441 560 543 594 γηΐνων
559 561 690 588 ἀνάϐασιν
707 559 776 588 εἶναι
793 564 833 595 εἰς

24 604 199 640 ὲπουράνια.
224 606 277 638 Είς
305 605 362 639 τὴν
389 605 517 632 κοιλάδα
546 607 599 633 τοῦ
623 608 830 642 κλαυθμῶνος.

25 650 156 678 Κοιλέιδα
167 650 214 677 τοῦ
230 650 407 686 κλαυθμῶνος
422 651 467 678 τὸν
483 651 580 688 θνητὸν
593 653 649 688 βίον
662 654 738 689 φησί.
751 655 832 690 Λέγει

23 695 81 723 οὖν
95 705 101 713 ·
126 697 170 724 Ἐν
188 697 227 732 τῷ
250 697 339 733 θνητῷ
361 697 411 732 βίῳ
428 698 542 733 πλήσεις
571 699 679 733 ἀγαθῶν
693 700 831 736 λογισμῶν

24 743 138 774 αὖτοὺς
150 742 323 778 καθεκάστην
333 743 492 779 οἰκοδομῶν.
502 744 632 780 Αἴσθησις
645 745 737 778 αὐτοῖς
751 747 831 781 γέγο-

24 797 78 815 νεν
96 789 130 815 ἐκ
149 789 199 824 τῆς
215 789 265 825 σῆς
277 789 457 825 ἀντιλήψεως.

66 835 129 862 Kal
147 834 202 870 γὰρ
213 835 353 870 εὐλογίας
364 835 453 864 δώσει
468 837 485 863 ὁ
510 837 678 872 νομοθετῶν
689 847 695 854 ·
725 840 830 873 πορεύ-

23 891 145 910 σονται
160 883 195 910 ἐκ
209 882 364 919 δυνάμεως
377 885 421 917 είς
433 883 572 919 δύναμιν.
592 885 732 921 Ἀμοιϐὰς,
750 887 828 922 φησι,

886 289 992 317 delicet.

921 334 948 366 6,
963 335 989 362 ’1.
1009 335 1105 363 Beatus
1122 337 1161 364 vir
1173 337 1248 371 cujus
1264 343 1302 365 est
1315 339 1447 366 auxilium
1460 339 1506 368 abs
1520 344 1561 367 te:
1580 348 1672 367 ascen-

885 381 972 408 siones
988 382 1017 408 in
1036 382 1113 410 corde
1126 391 1173 410 suo
1190 384 1330 418 disposuit.
1348 384 1399 418 Qui
1417 385 1480 417 sibi.
1499 385 1596 421 inquit.
1622 387 1670 414 ad—

882 427 1002 462 jutorem
1017 429 1152 464 ascripsit,
1175 429 1261 458 bonas
1278 431 1331 458 sibi
1349 432 1530 463 cogitationes
1550 432 1672 467 quotidie

885 473 1015 507 instituit,
1028 483 1097 510 quas
1111 484 1184 504 nunc
1199 478 1374 505 ascensiones
1388 478 1467 510 dixit,
1483 479 1547 514 quia
1563 479 1589 506 in
1605 479 1672 514 ipsis

884 524 926 547 est
940 521 1020 555 quasi
1034 529 1167 550 ascensus
1182 530 1196 550 a
1221 524 1336 551 terrenis
1358 524 1391 552 ad
1407 524 1538 552 coelestia.
1554 525 1586 552 1η
1603 525 1672 552 valle

885 566 1076 602 lacrymarum.
1097 567 1201 596 Vallem
1217 568 1400 605 lacrymarum
1420 571 1564 597 mortalem
1586 571 1670 598 vitam

883 612 960 641 dicit.
980 613 1024 640 Ait
1039 613 1131 647 igitur,
1147 615 1173 642 in
1196 615 1305 642 mortali
1323 614 1377 643 vita
1395 616 1512 650 replebis
1527 624 1575 643 eos
1592 615 1671 644 bouis

883 659 1106 694 cogitationibus,
1129 661 1251 695 quotidie
1275 661 1419 688 instituens
1445 661 1515 688 illos.
1536 661 1591 697 (35)
1605 659 1671 694 Qua:

884 705 936 733 sibi
951 713 983 733 ex
1000 711 1047 733 tuo
1064 707 1216 741 patroeinio
1230 706 1372 735 advenisse
1391 707 1462 735 bona
1475 711 1620 735 senserunt

917 837 944 864 8.
959 837 1064 864 Etenim
1077 837 1282 865 benedictionem
1293 837 1369 864 dabit
1380 837 1537 873 Iegislator;
1552 838 1625 865 ibunt
1638 838 1670 865 dc

881 882 978 909 uirtute
991 882 1018 908 in
1034 882 1168 910 virtutem.
1184 881 1397 916 Retributiones,
1412 883 1511 918 inquit,
1535 883 1669 911 bonarum

23 928 87 955 τῶν
99 928 198 955 καλῶν
210 929 348 964 λογισμῶν
359 929 439 956 δώσει
448 930 540 963 αὐτοῖς
549 932 563 957 ὁ
575 931 739 966 νομοθετῶν,
755 941 820 959 τουτ

902 928 1077 963 agitationum
1088 928 1164 956 dabit
1178 928 1231 956 illis
1247 929 1402 964 legislator,
1417 928 1445 956 id
1461 934 1503 957 est
1522 929 1569 964 qui
1583 929 1669 964 legem

23 974 107 1001 ἐστιν
126 975 141 1001 ὁ
155 974 200 1001 τὸν
212 974 292 1010 νόμον
303 975 396 1007 αὐτοῖς
408 975 459 1010 τῆς
474 975 581 1011 Καινῆς
595 976 722 1009 δεδωκὼς
736 977 830 1014 Διαοή-

24 1029 93 1055 κης.
113 1020 195 1052 Τίνες
206 1020 228 1047 δ’
249 1020 283 1048 ἂν
296 1018 395 1048 εἷεν-αἱ
411 1022 541 1056 εὐλογίαι,
560 1022 576 1058 ἢ
593 1023 624 1049 τὸ
640 1024 673 1050 ἐκ
689 1024 830 1059 δυνάμεως

23 1067 69 1098 εἰς
88 1065 209 1101 δύναμιν
225 1067 410 1102 πορευθῆναι;
425 1068 506 1102 Λέγει
522 1068 549 1095 δὲ
563 1068 617 1095 ἀπὸ
641 1070 690 1105 τῆς
713 1070 829 1097 ἐνταῦθα

23 1111 175 1143 πολιτείας
191 1111 241 1146 τῆς
259 1112 329 1138 κατὰ
344 1112 410 1139 Θεὸν
431 1114 472 1146 εις
489 1113 540 1150 τὴν
563 1115 620 1142 ἄνω
639 1115 827 1152 Ἰερουσαλὴμ,

21 1157 93 1183 ἔνθα
113 1157 163 1183 καὶ
179 1157 341 1189 ἀπελθόντες
357 1157 470 1193 ὄιῖκονται
487 1159 532 1186 τὸν
551 1160 618 1187 Θεὸν
635 1160 727 1193 καθώς
743 1163 826 1189 ἐστιν.

59 1203 253 1237 Ἐπίϐλεψ-ον
273 1204 316 1236 εις
335 1205 499 1238 πρόσωπον
520 1206 574 1233 τοῦ
598 1207 728 1241 Χριστοῦ
755 1216 826 1236 σου.

20 1242 151 1285 Χριστδν
166 1248 282 1276 ἐνταῦθα
296 1250 342 1276 τὸν
359 1250 528 1286 κεκλημένον
549 1252 614 1279 λαὸν
635 1254 676 1285 εἰς
693 1253 827 1289 βασίλειον

22 1295 186 1331 ἱεράτευμα
203 1304 279 1331 φησι.

60 1342 130 1368 Ὀτι
144 1342 297 1375 κρείσσων
317 1341 413 1376 ἡμέρα
425 1343 480 1377 μία
498 1343 533 1370 ἐν
558 1344 623 1377 ταῖς
645 1345 752 1378 αὐλαῖς
768 1353 826 1372 σου

19 1387 103 1422 ὑπὲρ
122 1386 272 1422 χιλιάδας.
291 1387 414 1423 Ἡμέραν
430 1388 495 1423 μίαν
509 1389 564 1416 τῶν
579 1390 669 1416 αὐλῶν
685 1390 731 1416 τοῦ
747 1390 825 1423 Θεοῦ,

18 1434 154 1460 τουτέστι
178 1432 232 1459 τῶν
252 1433 422 1468 ἐκκλησιῶν,
446 1434 495 1469 τὴν
516 1434 700 1470 ἀναστάσιμον
720 1436 825 1472 ἡμέραν

19 1479 68 1506 τοῦ
86 1479 220 1514 Σωτῆρος
242 1479 377 1515 ὑποδηλοῖ.
401 1480 531 1512 Χιλιάῧας
554 1481 582 1507 δὲ
595 1501 603 1514 ,
621 1482 680 1517 ἦτοι
707 1482 824 1517 χιλιάδα,

18 1525 96 1552 οὕτω
115 1524 171 1560 γὰρ
189 1524 304 1560 εὓρηται
320 1526 349 1552 ἐν
365 1527 397 1561 τῇ
420 1525 552 1562 Ἐϐραίων
565 1527 658 1563 Γραφῇ
670 1548 677 1560 ,
690 1528 739 1564 τὴν
756 1529 825 1556 κατὰ

19 1573 109 1607 νόμον
127 1571 258 1606 λατρείαν
274 1571 367 1606 φησιν,
384 1572 445 1607 ἥτις
470 1573 510 1604 εἰς
521 1573 627 1608 χιλιάδα
644 1574 712 1600 ἐτῶν
724 1575 825 1610 κεκρά-

18 1626 123 1654 τηκεν,
138 1617 280 1653 ἀρξαμένη
296 1618 350 1644 ἀπὸ
371 1617 426 1644 τῶν
451 1619 497 1645 τοῦ
518 1619 690 1654 Σολομῶντος
709 1620 823 1656 χρόνων,

19 1664 67 1698 ἅτθ’
82 1659 120 1690 οὗ
137 1662 336 1697 τεθεμελίωται
349 1663 441 1695 ὁθεῖος
449 1663 525 1697 ναὸς,
541 1664 623 1699 μέχρι
637 1664 688 1699 τῆς
706 1665 752 1691 τοῦ
770 1665 826 1692 Σω-

19 1711 108 1745 τῆρος
121 1708 284 1745 παρουσίας.
292 1708 434 1735 Δείκνυσιν
440 1707 497 1741 οὖν,
506 1709 544 1741 ὡς
551 1710 618 1736 πολὺ
628 1710 657 1736 τὸ
668 1709 760 1745 μεῖξον
768 1710 824 1746 (56)

19 1755 69 1791 τῆς
80 1754 270 1790 εὐαγγελικῆς
283 1754 351 1790 πρὸς
361 1755 410 1790 τὴν
418 1755 532 1790 νομικὴν
545 1755 683 1792 λατρείαν.
712 1755 826 1788 Ἐξελε-

20 1801 127 1836 ξάμην
137 1800 389 1834 παραριπτεῖσθαι
404 1801 439 1828 ὲν
453 1801 493 1834 τῷ
505 1801 578 1834 οἴκῳ
598 1802 650 1829 τοῦ
667 1802 741 1829 Θεοῦ
753 1811 823 1837 μου.

20 1845 83 1873 υἷον
104 1846 144 1878 ὡς
162 1846 273 1880 εἰλέγοι
285 1855 292 1861 ³
309 1847 416 1883 Μικρός
434 1855 475 1878 τις
487 1847 657 1883 καὶεῦτελὴς
676 1845 745 1874 εἶναι
758 1847 825 1883 μᾶλ-

19 1893 64 1920 λον
82 1893 121 1920 ἂν
136 1892 286 1928 βουλοίμην
299 1893 353 1919 τῶν
368 1894 398 1919 ὲν
414 1894 446 1927 τῇ
470 1892 617 1929 Ἐκκλησία
632 1893 648 1928 ἢ
673 1893 758 1928 μέγας
769 1893 824 1920 τῶν

20 1939 48 1965 ὲν
62 1938 106 1974 τῷ
123 1938 283 1974 ἁμαρτωλῷ
294 1938 361 1972 λαῷ.
377 1938 469 1964 Ταῦτα
480 1939 537 1970 τοῖς
549 1939 578 1965 ὲν
593 1937 732 1965 Βαϐυλῶνι
744 1939 825 1974 πρόσ-

20 1993 106 2020 φορα,
120 1983 172 2010 xal.
185 1983 251 2018 ἡμῖν
260 1983 409 2018 ἐπιτήδεια.
420 1983 475 2009 Καὶ
489 1983 542 2019 γὰρ
555 1983 674 2015 ἐκείνους
685 1984 824 2011 ἐδίδασκεν

20 2030 36 2064 ἡ
54 2031 140 2066 χάρις
167 2028 215 2055 τοῦ
234 2028 392 2064 Πνεύματος
411 2028 448 2064 μὴ
474 2028 662 2064 παραϐλέπειν
687 2029 734 2056 τοῦ
749 2029 822 2056 θείου

20 2077 98 2104 οἴκου
112 2076 166 2111 τὴν
180 2075 308 2111 ἐρημίαν,
331 2075 379 2101 καὶ
403 2075 484 2110 ἡμεῖς
499 2074 682 2110 παιδευόμεθα
703 2076 768 2107 τοὺς
783 2075 823 2111 τῷ

21 2121 80 2156 Θεῷ
98 2119 312 2155 ἀφιερωμένους
330 2120 430 2154 σηκοὺς
446 2120 488 2146 ἀεὶ
505 2119 597 2146 ποθεῖν
610 2121 657 2146 καὶ
670 2121 788 2156 ἀγαπᾷν.

55 2168 171 2199 Κύριος
191 2166 227 2192 οὐ
242 2165 384 2198 στερήσει
404 2166 439 2191 τὰ
459 2165 554 2200 ἀγαθὰ
576 2164 638 2198 τοῖς
663 2166 824 2201 πορευομέ-

22 2221 87 2245 νοις
100 2212 138 2238 ἐν
150 2211 270 2244 (imula.
284 2212 314 2237 Οἱ
329 2210 384 2246 γὰρ
398 2210 500 2246 ταύτην
514 2210 620 2246 ἔχοντες
634 2211 682 2246 τὴν
692 2211 821 2246 διάθεσιν,

880 973 948 1001 Novi
962 973 1129 1002 Testamenti
1141 975 1215 1002 dedit
1230 974 1294 1002 illis.
1311 974 1378 1008 Quae
1396 979 1486 1002 autem
1502 974 1603 1002 fuerint
1617 974 1670 1002 illa

880 1019 1094 1054 benedictiones,
1117 1020 1169 1048 nisi
1199 1020 1274 1056 quod
1300 1020 1334 1048 de
1356 1022 1458 1049 virtute
1486 1021 1514 1048 in
1540 1020 1668 1049 virtutem

879 1065 964 1092 cant?
978 1064 1006 1092 ld
1023 1071 1065 1093 est
1083 1066 1118 1093 ab
1133 1067 1185 1094 hoc
1200 1067 1263 1094 vita:
1279 1066 1403 1094 instituto
1417 1067 1567 1094 secundum
1582 1066 1667 1094 Deum

879 1115 952 1144 acto,
966 1111 999 1138 ad
1016 1119 1162 1146 supernam
1178 1111 1342 1145 Jerusalem,
1368 1120 1424 1148 quo
1447 1119 1510 1140 cum
1533 1119 1666 1146 pervene-

879 1157 946 1190 rint,
962 1157 1186 1185 videbuntDeum
1197 1158 1277 1186 sicuti
1291 1165 1343 1186 cst.

912 1202 955 1230 lO.
973 1202 1080 1235 Respice
1099 1204 1127 1230 in
1148 1203 1244 1238 facient
1265 1203 1365 1230 Christi
1389 1203 1438 1230 tui.
1465 1202 1604 1229 Christum
1623 1201 1668 1229 hic

879 1248 995 1283 appellat
1023 1249 1152 1284 populum
1186 1254 1312 1276 vocatum
1344 1249 1378 1276 ad
1418 1249 1506 1284 regale
1540 1247 1669 1276 sacerdo-

878 1295 958 1323 tium.

915 1343 958 1369 ll.
977 1341 1047 1374 Quia
1063 1341 1155 1368 melior
1167 1346 1205 1368 est
1224 1341 1279 1368 dies
1302 1349 1355 1368 una
1373 1342 1402 1367 in
1422 1341 1499 1367 atriis
1521 1341 1574 1367 tuis
1589 1348 1668 1374 super

878 1389 976 1415 millia.
995 1388 1058 1415 Dies
1073 1395 1127 1415 una
1148 1387 1174 1414 in
1189 1387 1266 1415 atriis
1282 1387 1402 1419 Domini,
1424 1387 1451 1414 id
1475 1391 1516 1414 est
1533 1386 1560 1413 in
1578 1386 1667 1414 eccle-

879 1435 939 1468 siis,
954 1435 1025 1462 diem
1039 1433 1247 1462 resurrectionis
1259 1433 1409 1460 Salvatoris
1424 1432 1569 1468 signiﬁcat.
1579 1431 1663 1458 Millia

877 1488 952 1513 vero,
975 1480 1032 1508 sive
1056 1480 1140 1512 mille,
1168 1479 1204 1506 ita
1229 1479 1302 1506 enim
1328 1479 1428 1514 legitur
1447 1479 1474 1505 in
1491 1478 1666 1505 llebra-orum
1702 1472 1703 1475 l

878 1525 1043 1560 Scriptura,
1064 1524 1177 1559 legalem
1205 1524 1308 1551 cultum
1329 1527 1418 1557 vocat,
1445 1523 1492 1558 qui
1518 1531 1566 1558 per
1592 1522 1666 1549 mille

877 1577 963 1597 annos
977 1570 1159 1604 perseveravit
1173 1577 1252 1596 orsus
1271 1577 1286 1596 ιι
1308 1569 1475 1603 temporibus
1497 1567 1666 1601 Salomonis,

876 1623 890 1642 a
910 1623 965 1650 quo
985 1615 1129 1642 fundatum
1155 1619 1197 1642 est
1217 1614 1338 1641 divinum
1362 1614 1492 1648 templum
1519 1622 1606 1649 usque
1631 1614 1665 1640 ad

876 1662 1021 1689 adventum
1046 1660 1207 1688 Salvatoris.
1235 1660 1359 1688 Declarat
1386 1661 1468 1696 igitur
1492 1661 1570 1695 longe
1597 1668 1652 1693 pra:

876 1707 1034 1734 stantiorem
1048 1714 1110 1733 esse
1121 1707 1306 1741 evangelicum
1320 1714 1403 1741 quam
1417 1706 1530 1741 legalem
1547 1706 1665 1733 cultum.

878 1752 952 1788 Elegi
964 1752 1082 1786 abjeetus
1097 1760 1152 1779 esse
1166 1752 1193 1778 in
1208 1751 1287 1778 domo
1300 1751 1347 1779 Dei
1361 1752 1421 1783 mei,
1436 1756 1488 1779 etc.
1504 1752 1543 1779 Ac
1556 1751 1579 1780 si
1596 1751 1656 1780 dice

876 1804 935 1826 ret:
954 1797 1025 1825 Malo
1037 1798 1154 1832 pusillus
1172 1802 1199 1825 et
1223 1798 1285 1826 vilis
1309 1805 1371 1826 esse
1388 1799 1415 1825 in
1433 1797 1565 1830 Ecclesia,
1582 1805 1664 1833 quam

875 1848 1028 1878 praepotens
1041 1843 1066 1869 in
1085 1843 1186 1878 populo
1209 1847 1361 1878 peccatore.
1376 1842 1439 1870 Ha‘c
1454 1843 1487 1870 iis
1509 1843 1557 1878 qui
1570 1843 1597 1870 in
1613 1842 1665 1870 Ba-

875 1888 974 1924 bylone
994 1891 1072 1915 erant
1098 1888 1195 1920 utilia,
1221 1892 1250 1915 et
1279 1888 1358 1916 uobis
1384 1889 1562 1923 congruentia
1588 1893 1663 1915 sunt.

874 1934 943 1961 Nam
964 1938 992 1961 et
1018 1934 1079 1962 illos
1101 1934 1233 1961 edocebat
1250 1935 1336 1969 gratia
1363 1935 1493 1970 Spiritus,
1517 1940 1548 1963 ut
1565 1935 1663 1963 divina

874 1980 973 2008 domus
990 1980 1145 2007 vastitatem
1159 1987 1193 2006 ne
1207 1979 1378 2014 despicerent
1392 1990 1398 2007 :
1414 1985 1441 2008 et
1458 1988 1509 2008 nos
1522 1981 1664 2009 erudimur

874 2029 904 2053 ut
924 2025 981 2052 Deo
1000 2033 1079 2053 sacra
1093 2025 1205 2061 .templa
1228 2033 1334 2060 semper
1357 2031 1528 2061 exoptemus,
1551 2031 1577 2054 et
1600 2026 1663 2054 dili-

873 2079 980 2107 gamus.

911 2169 955 2202 {9,
972 2170 1017 2197 15.
1036 2169 1242 2206 οοηιίιιιιδ“ίηοιι
1258 2172 1373 2206 priuabit
1391 2173 1464 2199 bonis
1479 2180 1522 2199 eos
1538 2173 1584 2208 qui
1601 2179 1660 2200 am-

874 2215 966 2242 bulant
979 2217 1006 2242 in
1025 2217 1184 2244 innocentia.
1203 2216 1272 2244 Nam
1296 2218 1343 2252 qui
1361 2217 1518 2253 hujusmodi
1534 2219 1659 2246 allectum

23 2259 130 2285 τούτων
144 2258 276 2284 ἁπάντων
284 2257 451 2284 ἀπολαύουσι
463 2257 518 2284 τῶν
532 2257 653 2292 ἀγαθῶν.
663 2258 757 2290 Ἔλεος
768 2259 821 2294 γὰρ

902 2262 986 2294 Ibent,
1010 2262 1054 2289 his
1077 2263 1205 2291 omnibus
1222 2263 1301 2291 bonis
1320 2263 1457 2291 fruuntur.
1476 2264 1661 2294 Misericordia

24 2306 54 2332 ἑκ
65 2305 124 2332 τῶν
135 2304 218 2331 θείων
232 2304 429 2331 ἀναϐλαστάνει
441 2304 544 2339 σηκῶν,
557 2306 605 2331 καὶ
619 2305 702 2340 πολλὴ
716 2306 820 2333 ἐκεῖθεν

21 2351 142 2385 ἀφθονος
159 2350 209 2384 τῆς
222 2349 351 2384 ἀληθείας
365 2351 381 2384 ὴ
397 2350 524 2385 χορηγία.
553 2351 674 2377 Ἐκεῖθεν
695 2351 751 2387 γὰρ
765 2351 820 2378 τῶν

22 2397 136 2431 ἀγαθῶν
153 2396 295 2431 δογμάτων
306 2396 354 2431 τὴν
365 2396 539 2423 διδασκαλίαν
548 2396 691 2433 δεχόμεθα,
710 2398 756 2424 καὶ
770 2398 819 2433 χά-

25 2451 65 2477 ριν
80 2443 110 2470 δὲ
129 2442 207 2468 θείαν
223 2442 319 2469 ἐκτῶν
335 2442 382 2468 τοῦ
404 2443 539 2477 παναγίου
557 2444 715 2479 Πνεύματος
738 2454 821 2481 κρου-

22 2489 74 2515 νῶν
91 2488 251 2524 ἀρυόμεθαν
274 2489 321 2515 καὶ
343 2489 434 2524 μέντοι
465 2490 512 2515 καὶ
534 2490 710 2524 περίϐλεπτοι
731 2491 822 2518 ἐντεῦ-

24 2535 67 2561 θεν
79 2534 226 2569 γινόμεθα,
254 2535 300 2562 καὶ
323 2535 382 2561 λίαν
401 2537 571 2571 περιφανεῖς,
595 2537 643 2563 καὶ
670 2537 820 2574 συλλήϐδην

23 2582 123 2611 εἰπεῖν,
138 2582 229 2607 πᾶσαν
240 2581 293 2608 τῶν
309 2581 420 2616 ἀγαθῶν
435 2581 570 2616 δεχόμεθα
593 2581 642 2618 τὴν
660 2583 819 2615 ἀπόλαυσιν,

24 2628 125 2659 κακίας
145 2627 194 2662 μὲν
210 2627 257 2653 καὶ
269 2627 401 2662 πονηρίας
419 2627 646 2663 ἀπαλλαττόμεθα
657 2650 664 2662 ,
686 2629 819 2666 ἁπλότητι

25 2673 52 2699 δὲ
65 2673 115 2700 καὶ
131 2672 246 2708 ἀληθείᾳ⁸
260 2673 345 2708 συςῇν
358 2673 581 2709 προαιρούμενοι.

78 2719 132 2751 Εἰς
141 2717 239 2750 τέλος,
252 2717 314 2750 τοῖς
327 2717 403 2750 υἱοῖς
422 2719 509 2752 Κορέ.
532 2720 686 2747 ΨΑΛΜΟΣ
701 2721 765 2747 ΠΝ.

340 2763 346 2772 ⁸
353 2764 507 2797 Υπόθεσις.

874 2309 947 2335 enim
963 2317 995 2336 ex
1010 2309 1109 2337 divinis
1125 2311 1232 2346 templis
1255 2312 1354 2344 oritur,
1380 2316 1462 2346 atque
1485 2312 1596 2348 largiter
1614 2320 1661 2340 ex-

875 2355 939 2382 hinc
952 2355 1053 2383 veritas
1069 2358 1266 2391 suppeditatur.
1282 2357 1365 2385 Istinc
1377 2359 1451 2386 enim
1465 2366 1594 2386 sanorum
1611 2360 1661 2387 do—

874 2406 995 2434 gmatum
1010 2401 1162 2428 doctrinam
1179 2403 1339 2438 accipimus,
1355 2407 1383 2430 et
1408 2403 1528 2431 divinam
1546 2404 1659 2440 gratiam

874 2454 906 2474 ex
936 2448 1103 2475 sanctissimi
1129 2447 1247 2483 Spiritus
1272 2449 1394 2478 fontibus
1425 2450 1577 2478 haurimus.
1602 2450 1659 2479 lmo

872 2492 971 2520 exinde
991 2493 1113 2527 praeclari
1133 2495 1284 2529 evadimus,
1302 2501 1329 2524 et
1341 2496 1419 2524 valde
1435 2497 1565 2531 illustres,
1580 2502 1618 2530 et,
1629 2504 1659 2525 ut

874 2547 929 2566 uno
944 2539 1027 2566 verbo
1042 2540 1141 2573 dicam,
1157 2542 1230 2568 omni
1247 2542 1382 2570 bonorum
1400 2543 1477 2578 copia
1492 2543 1618 2576 fruimur,
1632 2549 1659 2572 et

871 2592 887 2612 a
901 2586 1005 2613 malitia
1030 2586 1257 2621 itnprobitateque
1274 2587 1433 2620 liberamur,
1453 2589 1534 2616 vitam
1558 2590 1656 2624 eligen-

872 2635 912 2659 tes
926 2632 952 2659 in
967 2633 1140 2668 simplicitate
1155 2638 1183 2661 et
1197 2634 1310 2662 veritate
1324 2643 1413 2670 agere.
1659 2632 1661 2640 ⁸

905 2721 929 2749 1.
952 2721 983 2747 In
998 2722 1086 2756 linem,
1103 2723 1166 2758 (iliis
1181 2723 1256 2751 Core.
1273 2723 1444 2752 PSALMUS
1462 2724 1619 2752 LXXXIV.

1160 2769 1361 2805 Argumentum.

27 2809 73 2836 Διὰ
85 2808 183 2836 τούτου
198 2808 246 2835 τοῦ
257 2808 364 2844 ψαλμοῦ
380 2809 430 2845 τὴν
447 2809 542 2845 κλῆσιν
561 2809 614 2836 τῶν
630 2810 715 2837 ἐθνῶν
730 2811 815 2846 δηλοῖ,

902 2822 919 2840 :r
938 2814 1010 2842 hunc
1027 2814 1160 2849 psalmum
1179 2817 1347 2845 vocationem
1373 2818 1492 2854 gentium
1508 2817 1644 2853 signiﬁca:

59 2898 116 2934 (35)
136 2898 230 2926 Locus
241 2897 365 2926 vitiosus.

904 2901 960 2936 (56)
979 2901 1058 2930 Forte
1073 2902 1166 2937 μέσον.
