1891 3061
231 185 282 215 371

269 291 335 326 ipsis
349 297 517 318 concessam.
532 289 573 316 Ad
588 290 644 318 haec
655 290 759 318 inducit
773 290 916 318 Iudaicum
933 299 1018 326 popu-

269 337 341 368 lum,
354 336 400 372 qui
426 340 487 371 post
506 336 674 364 vocationem
692 337 810 371 gentium
833 341 944 372 peccata
969 345 1019 364 sua

269 383 422 416 conﬁtetur,
438 387 465 410 et
482 387 558 417 rogat
577 383 634 417 ipse
645 390 754 418 quoque
768 387 797 410 ut
815 391 862 418 per
879 383 1018 411 Christum

269 429 483 456 misericordiam
502 433 696 463 consequatur.

269 475 296 503 2.
318 475 492 509 Benedixisti,
510 475 631 508 Domine,
646 479 742 502 terram
765 480 846 502 tuam.
874 476 906 502 Et
926 483 1021 503 revera

234 521 307 549 Deus
318 526 345 549 et
361 521 440 549 Pater
456 521 605 553 benedixit,
623 521 680 549 sive
695 522 797 556 placuit
814 522 864 556 ipsi
880 521 971 549 omnia
993 522 1020 548 in

234 568 344 597 Christo
372 568 534 595 instaurare.
563 568 689 595 Averlisti
721 569 899 602 captivitatem
926 567 1020 594 Iacob.

233 614 302 642 Nam
316 622 377 642 cum
391 613 493 642 Iudaeis
509 615 626 649 primum
642 614 840 649 prmdicaverit,
858 614 957 641 multos
978 622 1022 641 re-

235 661 320 689 demit
336 669 351 688 a
369 661 502 696 spirituali
524 661 682 695 captivitate
697 661 723 688 in
740 668 822 696 quam
836 660 944 687 abducti
963 660 1022 687 iuc-

234 711 308 736 rant.
332 706 396 735 Haec
410 707 467 742 (37)
485 707 648 741 signiﬁcavit
663 706 797 734 Dominus
821 711 884 741 post
908 707 1024 741 prophe-

235 754 301 782 tiam
323 753 409 787 Isaiae,
427 762 487 789 quae
504 754 544 781 sic
562 754 644 781 habet
661 763 667 781 :
687 753 805 788 Spiritus
824 753 930 779 Domini
947 761 1024 787 super

236 809 286 834 me,
307 808 337 828 eo
363 800 432 835 quod
455 801 559 826 unIerit
583 808 639 832 me,
666 799 846 834 euangelizare
868 798 1023 833 pauperibus

236 845 308 872 misit
332 853 382 877 me,
398 844 542 880 prwdt't‘are
566 845 675 879 captivis
700 844 878 870 remissionem
900 848 923 870 et
947 843 1024 870 crocis

237 891 427 919 restitutionem
440 891 509 918 visus
518 891 539 906 ¹⁰
550 913 556 924 ,
573 891 666 918 dicens
681 899 686 916 :
701 889 785 916 Ilodie
796 890 903 924 impleta
916 894 953 916 est
964 898 1025 924 pro-

235 937 325 975 phetia
340 937 395 965 hac
409 937 438 964 in
451 937 559 964 auribus
575 938 666 965 vestris
677 937 707 963 ¹¹.
727 936 786 971 Ipse
812 936 884 963 enim
909 940 962 967 est,
975 936 1022 971 qui

236 991 288 1012 nos
306 991 321 1010 a
337 983 485 1011 multorum
501 983 614 1010 deorum
627 990 742 1010 crroneo
759 983 833 1010 cultu
851 988 877 1010 et
892 991 907 1009 a
922 982 1024 1009 daemo-

237 1036 302 1056 num
318 1029 448 1056 servitute
464 1028 598 1059 liberavit,
613 1032 639 1055 et
652 1032 763 1055 catenas
779 1033 952 1064 peccatorum
969 1027 1024 1054 sol-

236 1075 285 1102 vit.

274 1118 426 1154 Utrumque
446 1119 491 1147 hic
507 1119 640 1156 propheta
661 1119 794 1155 praedicit,
810 1119 928 1147 ﬁliorum
943 1120 1026 1148 Israel

237 1172 271 1195 ex
287 1163 424 1201 Babylone
435 1158 569 1198 reditum,
583 1171 608 1193 et
626 1166 741 1194 salutem
756 1166 849 1194 mundi
866 1176 872 1193 :
890 1174 922 1194 ac
936 1166 1026 1201 dupli-

238 1211 262 1238 ci
276 1204 358 1237 modo
375 1214 461 1241 totum
475 1215 597 1244 enarrat.
609 1211 713 1239 Sensus
727 1217 817 1239 autem
830 1217 871 1239 est
887 1221 893 1237 :
911 1212 966 1240 Deo
982 1220 1027 1239 ac-

237 1261 347 1291 ceptum
371 1261 413 1284 est
435 1263 483 1283 cor
497 1256 598 1284 bonum
618 1264 650 1284 ac
667 1257 832 1290 studiosum,
846 1258 919 1292 quod
941 1258 1026 1292 ipsius

239 1306 310 1330 terra
323 1306 376 1334 est,
387 1301 451 1337 quia
462 1302 560 1337 recipit
572 1303 632 1338 ejus
647 1311 751 1338 semen,
763 1311 795 1332 ac
807 1303 897 1333 reddit
907 1303 1026 1332 fructum

238 1347 405 1382 centuplum.

274 1437 303 1466 3.
322 1437 458 1465 Remisisti
477 1438 643 1472 iniquitate»:
663 1437 744 1473 plebis
764 1442 824 1466 tute.
843 1439 909 1471 Quae
926 1446 974 1474 per
994 1439 1026 1466 ﬁ-

241 1484 303 1517 dem
319 1484 353 1517 ad
368 1483 456 1519 ipsum
470 1484 599 1521 accessit,
614 1484 652 1511 ait
665 1488 756 1512 autem
773 1485 902 1519 populum
920 1492 953 1512 ex
966 1493 1029 1521 gen-

240 1530 314 1559 tibus
327 1535 464 1563 coactum,
479 1530 558 1566 juxta
575 1530 640 1557 illud
659 1538 674 1558 a
690 1529 821 1558 Zacharia
834 1531 965 1566 propheta
979 1531 1027 1558 di—

241 1581 315 1604 ctum
331 1585 339 1604 :
357 1575 390 1603 In
414 1575 462 1603 illa
487 1576 529 1603 die
556 1576 705 1611 confugient
723 1575 757 1603 ad
782 1575 925 1603 Dominum
939 1581 1026 1612 gentes

241 1621 342 1656 uiuite,
355 1629 380 1649 et
392 1625 469 1650 erunt
485 1621 537 1657 ipsi
549 1622 577 1648 in
589 1622 715 1657 populum
726 1622 757 1648 ¹¹.

276 1700 304 1728 5.
324 1698 450 1728 Converte
466 1707 523 1732 nos,
542 1699 611 1726 Deus
633 1699 759 1726 salutaris
779 1705 879 1727 noster.
897 1699 1031 1734 Depreca-

241 1747 345 1775 tionem
363 1746 442 1774 oﬂ'ert
456 1753 488 1773 ex
505 1753 622 1781 persona
635 1746 726 1781 populi
743 1745 910 1780 Judaaorum,
931 1753 1029 1781 rogan~

242 1792 314 1821 tium
325 1795 356 1819 ut
368 1795 396 1819 et
411 1791 464 1828 ipsi
477 1792 591 1827 gratiam
609 1796 824 1827 consequantur.

279 1881 334 1909 8-9.
358 1880 472 1908 Ostende
484 1881 570 1913 nobis,
587 1880 710 1915 Domine,
724 1881 934 1908 misericordiam
946 1887 1030 1908 tuam.

243 1926 314 1954 Cum
329 1926 416 1963 Cyrus
434 1926 581 1955 Persarum
596 1935 655 1960 rex,
669 1927 749 1962 juxta
761 1927 838 1955 Isaiae
851 1927 1032 1962 prophetiam,

243 1973 375 2001 redeundi
394 1977 556 2008 potestatem
572 1973 701 2005 dedisset,
717 1973 847 2000 festinant
861 1974 976 2008 patriam
995 1981 1033 2000 rc-

244 2023 338 2054 petere
360 2027 459 2053 suam,
483 2024 510 2047 et
531 2023 673 2054 propterea
697 2018 782 2046 Deum
819 2024 983 2054 precantur,
1006 2024 1034 2046 ut

245 2070 399 2102 promptam
424 2065 492 2101 ipsis
508 2073 556 2100 pro
570 2065 714 2092 clementia
732 2073 781 2093 sua
807 2065 922 2093 salutem
942 2064 1034 2092 confe-

246 2115 298 2139 rat.
315 2111 463 2144 Citissime,
481 2110 579 2145 inquit,
592 2118 607 2137 ο
621 2109 745 2143 Domine,
763 2115 837 2137 tuam
863 2111 941 2137 nobis
955 2110 1034 2137 boni-

245 2160 329 2184 tatem
345 2155 468 2188 ostende,
485 2160 516 2182 ut
543 2160 617 2183 tuam
641 2155 758 2182 salutem
782 2162 993 2191 consequamur,
1009 2160 1036 2182 et

246 2209 280 2230 ex
298 2202 342 2229 his
367 2201 435 2229 locis
459 2201 641 2236 commigrare
664 2201 815 2236 possimus.
828 2201 896 2228 Cum
918 2201 958 2228 sic
973 2209 1035 2236 pro-

247 2248 329 2282 pheta
345 2247 570 2283 supplicationem
594 2247 674 2282 quasl
690 2255 723 2274 ex
739 2247 848 2274 illorum
866 2255 980 2282 persona
997 2247 1035 2273 oi-

249 2292 327 2325 ierat,
347 2292 394 2319 Dei
419 2299 581 2327 responsum
605 2292 705 2326 accipit
724 2297 751 2319 et
766 2292 805 2319 ait
822 2302 828 2319 :
844 2292 960 2319 Audiam
972 2292 1034 2328 quid

247 2337 371 2373 loquatur
385 2339 413 2364 in
437 2346 477 2365 me
501 2337 629 2364 Dominus
653 2337 735 2367 Deus.
752 2337 821 2364 Cum
838 2337 916 2364 linem
931 2338 1034 2373 suppli-

247 2383 327 2412 candi
351 2383 461 2411 iecisset
482 2384 625 2419 propheta,
643 2391 805 2418 responsum
819 2391 833 2411 a
853 2383 955 2419 Spiritu
973 2392 1035 2412 cum

248 2429 357 2458 silentio
371 2429 482 2465 excipit.

284 2474 327 2502 I0.
355 2474 540 2503 Verumtamen
567 2483 649 2511 prope
673 2476 793 2504 timentes
830 2482 890 2502 eum
919 2474 1036 2502 salutare

248 2520 342 2552 ipsius.
358 2520 503 2556 Excipiens
529 2522 660 2557 propheta
686 2529 850 2557 responsum
867 2521 939 2556 quod
960 2522 1037 2548 audi.

250 2571 327 2598 turus
343 2571 401 2593 erat
416 2574 431 2593 a
448 2565 503 2594 Deo
518 2567 551 2594 de
566 2574 665 2602 genere
688 2574 738 2594 suo
749 2587 756 2599 ,
781 2567 847 2594 illud
862 2570 949 2596 notat.
964 2566 1037 2601 quod

248 2617 362 2647 paratus
378 2612 414 2640 sit
428 2612 556 2641 omnibus
572 2620 656 2649 prope
671 2613 779 2646 adesse,
797 2613 820 2641 si
839 2613 898 2648 ejus
914 2613 1036 2640 timorem

250 2658 367 2693 iltllpICXI
386 2658 486 2686 iuerint
506 2668 513 2686 :
529 2659 669 2695 continget
683 2663 773 2687 autem
790 2660 823 2687 iis
835 2659 883 2694 qui
897 2659 942 2686 Dei
956 2659 1037 2686 timo-

251 2714 307 2733 rem
322 2705 439 2740 amplexi
455 2705 567 2742 l'uerint,
583 2706 657 2741 quod
677 2707 703 2734 in
720 2707 805 2740 gloria
824 2706 985 2733 inhabitent.
1004 2705 1038 2732 Ut

251 2753 378 2783 inhabitet
396 2753 481 2788 gloria
500 2753 528 2780 in
548 2758 618 2780 terra
634 2759 736 2780 nostra.
752 2753 801 2782 His
815 2753 950 2789 signiﬁcat
966 2761 1039 2781 (eco-

228 2837 240 2858 ’
288 2840 310 2857 “
330 2841 380 2869 lsa.
397 2842 492 2883 L551.
532 2842 553 2858 ιι
574 2841 640 2870 Luc.
657 2849 693 2876 Iv,
707 2843 751 2870 2i.
793 2843 813 2859 "
835 2842 917 2870 Zach.
935 2849 964 2874 ιι,
979 2841 1019 2869 Η.

287 2898 345 2935 (57)
367 2897 428 2929 llaec
444 2898 526 2928 dubia
541 2902 615 2929 sunt.

642 183 670 211 S.
687 183 872 213 ATHANASII
890 185 966 214 Ol‘l’.
988 184 1080 212 PARS
1099 183 1140 213 III.
1164 199 1198 204 —
1218 181 1425 211 EXEGETICA.
1842 181 1885 207 573

269 251 296 273 et
309 253 496 274 remissmnem
513 245 548 272 ob
563 252 639 273 suam
655 245 689 272 ad
704 245 786 273 Deum
812 247 1016 274 conversionem
1034 248 1055 274 Α

1105 246 1152 272 καὶ
1162 245 1211 281 τὴν
1227 243 1377 278 γενομένην
1399 242 1492 273 αὐτοῖς
1519 241 1562 268 διὰ
1579 241 1630 276 τῆς
1647 241 1726 277 πρὸς
1755 240 1809 266 τὸν
1826 240 1885 266 Θεὲν

1104 291 1271 327 ἐπιστροφῆς
1284 290 1389 324 ἄφεσιν.
1409 288 1470 314 Ἔτι
1493 296 1523 314 τε
1538 287 1644 321 εἰσάγει
1662 287 1715 313 τὸν
1747 286 1885 312 Ἰουδαίων

1107 338 1170 365 λαὸν
1187 336 1256 372 μετὰ
1271 336 1319 370 τὴν
1333 334 1388 360 τῶν
1403 333 1488 360 ὲθνῶν
1500 333 1595 368 κλῆσιν
1619 331 1884 367 ὲξομολογούμεη

1106 383 1148 417 ἐφ’
1173 380 1214 413 οἷς
1227 382 1361 417 ἥμαρτεν,
1378 378 1506 411 ἀξιοῦντα
1531 378 1578 405 καὶ
1595 378 1679 405 αὐτὸν
1694 377 1756 404 τοῦ
1772 377 1822 403 διὰ
1848 376 1885 402 te}

1106 427 1226 463 Χριστοῦ
1241 427 1332 458 ἐλέους
1346 427 1448 461 τυχεῖν.

1107 474 1295 507 Εὐδόκησας,
1313 474 1411 507 Κύριε,
1435 472 1494 505 τὴν
1513 471 1572 506 γῆν
1581 479 1648 498 σου.
1665 471 1731 497 Καὶ
1743 471 1811 505 γὰρ

1073 520 1126 553 θῶς
1141 519 1287 555 εὐδόκησεν
1310 520 1324 546 ὁ
1345 518 1411 550 Θεὸς
1427 517 1475 545 καὶ
1502 517 1597 553 Πατὴρ
1622 516 1885 551 ἀνακεφαλαιώσα-

1074 564 1134 592 σθαι
1152 564 1186 591 τὰ
1198 564 1286 590 πάντα
1310 564 1339 590 ὲν
1371 563 1411 598 τῷ
1431 562 1552 598 Χριστῷ.
1585 562 1814 595 Ἀπέστρεψας
1837 562 1886 590 τὴν

1073 610 1283 644 αἰχμαλωσίαν
1301 609 1407 637 Ἰακώϐ.
1420 609 1517 640 Αὑτοίς
1540 608 1594 643 γὰρ
1624 607 1745 643 πρῶτον
1764 606 1884 642 κηρύξας

1073 655 1129 686 τοῖς
1149 654 1296 685 Ἰουδαίοις,
1310 654 1476 689 λελύτρωται
1492 653 1605 684 πολλοὺς
1623 652 1675 687 τῆς
1699 651 1884 678 καταλαεοῦ-

1075 709 1124 736 σης
1147 700 1246 731 αὐτοὺς
1263 700 1362 735 νοητῆς
1387 699 1585 734 αἰχμαλωσίας.
1611 699 1780 735 Ἐδήλωσεν
1808 699 1884 725 62w-

1073 747 1124 782 τὴρ
1147 747 1217 782 μετὰ
1235 747 1283 782 τὴν
1307 746 1417 773 Ἡσαΐου
1442 746 1625 782 προφητείαν,
1655 746 1708 780 τὴν
1741 746 1883 780 φήσασα-δ·

1074 792 1194 826 Πνεῦμα
1209 792 1321 826 Κυρίου
1348 790 1466 826 ἐπ’ἐμέ,
1492 789 1527 818 οὗ
1547 791 1662 818 εἵνεκεν
1688 790 1815 825 ἕχρισέ
1844 799 1883 823 pr.

1073 839 1327 873 εὐαγγελίσασθαι
1343 837 1471 872 πτωχοῖς
1489 836 1663 864 ἁπέσταλκέ
1677 845 1733 871 με,
1755 837 1885 871 κηρῦξαι

1075 883 1272 918 αἰχμαλώτοις
1298 882 1422 917 ἄφεσιν,
1457 882 1506 909 καὶ
1530 881 1656 916 τυφλοῖς
1693 882 1883 916 ἀνάϐλεψιν,

1040 931 1059 958 Β
1074 928 1168 955 εἰπών’
1185 928 1320 963 Σήμερον
1341 928 1535 961 πεπλήρωται
1564 927 1584 960 ἠ
1617 928 1802 961 προφητεία
1816 928 1884 958 αὕτη

1076 976 1111 1002 ὲν
1126 975 1188 1008 τοῖς
1206 975 1282 1001 ὠσὶν
1293 975 1386 1009 ὑμῶν.
1404 974 1490 1005 Αὐτὸς
1506 973 1560 1009 γὰρ
1573 975 1587 1000 ὁ
1599 973 1712 1005 παύσας
1744 974 1885 1000 60-31599;-

1076 1022 1208 1056 ταςὴμᾶς
1224 1020 1348 1055 πολυοὲῳ
1366 1020 1455 1056 πλάνῃ
1484 1020 1531 1046 καὶ
1557 1020 1678 1055 δαίμοσι,
1704 1020 1764 1052 τάς
1786 1029 1821 1046 τε
1838 1020 1885 1045 τῶι

1077 1067 1281 1103 ἁμαρτημάτων
1300 1066 1383 1097 λύσας
1399 1065 1500 1102 σειράς.

1118 1113 1272 1148 ’Λμφότερα
1291 1112 1409 1139 ἐνταῦθα
1434 1111 1634 1147 προφητεὺεται
1659 1112 1678 1147 ἦ
1693 1121 1727 1138 τε
1758 1113 1819 1140 ἀπὸ
1835 1115 1881 1140 Βι-

1077 1157 1195 1188 ϐυλῶνος
1210 1157 1264 1184 τῶν
1284 1157 1351 1183 υἱῶν
1371 1156 1481 1192 Ἰσραὴλ
1506 1156 1634 1187 ἐπάνοδος
1649 1158 1699 1183 καὶ
1722 1158 1782 1193 τῆς
1801 1160 1885 1185 051w-

1079 1203 1163 1239 μένης
1178 1202 1309 1238 σωτηρία·
1325 1203 1373 1229 καὶ
1389 1202 1485 1234 διττῶς
1507 1202 1566 1228 ὅλον
1585 1202 1742 1238 ἐξηγεῖται.
1770 1205 1848 1239 Πρὸς
1861 1206 1884 1231 δὲ

1076 1249 1204 1276 διάνοιαν·
1223 1248 1336 1275 Εὺδοκεί
1352 1247 1454 1284 Κύριος
1469 1249 1518 1283 τὴν
1536 1248 1642 1284 ἀγαθὴν
1657 1249 1707 1275 καὶ
1735 1251 1884 1277 atavi-ﬁas

1077 1294 1201 1330 καρδίαν,
1215 1294 1267 1329 γῆν
1296 1293 1378 1320 αὑτοῦ
1405 1294 1603 1328 τυγχάνουσαν,
1633 1293 1679 1320 διὰ
1701 1295 1737 1321 τὸ
1758 1295 1883 1330 δέχεσθαι

1075 1340 1122 1366 τὸν
1146 1340 1244 1375 σπόρον
1271 1339 1317 1366 τὸν
1338 1340 1403 1375 παρ’
1430 1339 1522 1371 αὑτοῦ,
1540 1340 1588 1366 καὶ
1608 1341 1882 1368 ἑκατονταπλασίονα

1077 1387 1272 1422 καρποφορεῖν.

1118 1433 1244 1468 Ἀφῆκας
1277 1433 1330 1466 τὰς
1349 1433 1475 1468 ἀνομίας
1498 1432 1538 1465 τῷ
1565 1432 1629 1465 λαῷ
1651 1441 1725 1460 σου.
1761 1435 1818 1461 Τοῦ
1840 1435 1878 1461 Eni

1076 1479 1126 1514 τῆς
1150 1479 1268 1511 πίστεως
1284 1478 1431 1514 γενομένου
1459 1478 1542 1506 αὑτοῦ
1559 1478 1634 1505 λαοῦ·
1657 1479 1738 1514 λέγει
1767 1481 1798 1507 δὲ
1812 1481 1841 1507 τὸ
1853 1481 1877 1513 ἐξ

1077 1524 1172 1557 ἐθνῶν,
1201 1525 1272 1552 κατὰ
1286 1525 1317 1552 τὺ
1330 1526 1475 1561 εἰρημένον
1505 1525 1558 1552 ὑπὸ
1588 1525 1728 1562 Ζαχαρίου
1746 1527 1798 1553 τοῦ
1817 1535 1879 1562 προ-

1078 1572 1174 1606 φήτοιν
1209 1572 1260 1598 Ἐν
1279 1572 1380 1606 ἐκείνῃ
1396 1571 1432 1605 τῇ
1448 1570 1542 1606 ἡμέρᾳ
1563 1572 1813 1606 καταφεύξονται
1834 1572 1879 1599 ἐπὶ

1041 1608 1063 1637 C
1080 1616 1135 1643 τὸν
1148 1617 1260 1650 Κύριον
1275 1616 1350 1651 ἔθνη
1375 1617 1486 1648 πολλὰ,
1508 1616 1558 1643 καὶ
1588 1616 1714 1644 ἔσονται
1739 1617 1825 1650 αὐτῷ
1842 1618 1882 1649 εις

1081 1663 1168 1689 λαόν.

1123 1707 1326 1741 Ἐπίστρεψον
1336 1706 1426 1742 ἡμᾶς,
1435 1708 1452 1734 ὁ
1462 1707 1534 1741 Θεὸς
1547 1708 1607 1735 τῶν
1616 1708 1777 1742 σωτηρίων
1790 1708 1880 1742 ἡμῶν.

1090 1752 1231 1779 Ἐντεῦθεν
1261 1752 1378 1779 ἱκετείαν
1405 1752 1561 1788 ἀναπέμπει
1596 1753 1629 1779 ὲκ
1657 1752 1812 1788 προσώπου
1839 1752 1879 1778 τοῦ

1087 1797 1149 1824 λαοῦ
1175 1798 1229 1824 τῶν
1262 1798 1407 1832 Ἰουδαίων,
1437 1798 1584 1832 ἀξιούντων
1601 1799 1648 1825 καὶ
1673 1799 1775 1830 αὐτοὺς
1794 1800 1880 1833 nisi:

1086 1845 1135 1880 τῆς
1154 1844 1274 1882 χάριτος.

1119 1891 1223 1922 Δεῖξον
1237 1890 1319 1925 ἡμῖν,
1333 1891 1432 1925 Κύριε,
1453 1890 1487 1917 τὸ
1516 1891 1604 1923 ἔλεός
1628 1899 1699 1918 σου.
1714 1891 1816 1926 Κύρου
1840 1890 1879 1916 τοῦ

1084 1937 1196 1972 Περσῶν
1227 1935 1443 1971 βασιλεύσαντος,
1462 1937 1533 1962 κατὰ
1547 1936 1595 1971 τὴν
1614 1936 1660 1962 τοῦ
1683 1936 1802 1963 Ἡσαΐου
1819 1944 1879 1971 προ-

1085 1982 1213 2017 φητείαν,
1246 1981 1393 2013 δεδωκῶτος
1425 1982 1474 2017 τῆς
1502 1981 1633 2008 ἐπανόδου
1661 1982 1711 2017 τὴν
1747 1982 1877 2014 ἐξουσίαν,

1086 2028 1239 2062 ἐπείγονται
1250 2027 1299 2063 τὴν
1314 2027 1478 2061 ὲνεγκοῦσαν
1496 2027 1670 2058 καταλαϐεῖν.
1688 2027 1741 2054 Διὰ
1759 2028 1796 2063 δὴ
1808 2028 1879 2054 τοῦτο

1084 2074 1129 2101 τὸν
1145 2074 1211 2100 Θεὸν
1237 2073 1397 2107 ἱκετεύουσι,
1415 2075 1528 2109 ταχεῖαν
1551 2075 1644 2105 αὐτοῖς
1666 2074 1711 2100 διὰ
1730 2074 1878 2110 φιλανθρικι

1086 2121 1150 2152 πίας
1166 2121 1318 2157 παρασχεῖν
1338 2121 1484 2156 σωτηρίαν.
1513 2121 1643 2156 Τὰχιστα,
1674 2121 1769 2156 φησὶν,
1798 2118 1877 2148 ὧΔέ-

1087 2176 1183 2199 amca,
1198 2167 1247 2202 τὴν
1263 2167 1312 2202 σὴν
1326 2167 1392 2201 ἡμῖν
1405 2167 1560 2201 ἀγαθότητα
1583 2167 1680 2200 δεῖξον,
1697 2168 1742 2194 ἵνα
1757 2167 1876 2202 τύχωμι

1086 2213 1134 2248 τῆς
1151 2213 1201 2248 σῆς
1216 2213 1352 2248 σωτηρίας
1363 2213 1410 2240 καὶ
1421 2213 1471 2248 τῆς
1482 2213 1606 2240 ἐντεῦθεν
1621 2213 1797 2249 ἀπαλλαγῆς.
1808 2214 1876 2240 Οὕτω

1086 2258 1134 2293 τὴν
1151 2258 1266 2284 ἱκετείαν
1278 2257 1315 2289 ὡς
1326 2257 1356 2289 ἐξ
1368 2257 1479 2284 ἐκείνων
1494 2259 1507 2284 ὁ
1519 2259 1660 2294 προφήτης
1676 2259 1875 2294 προσενεγκὼν,

1087 2304 1192 2339 δέχεται
1209 2303 1255 2330 τοῦ
1272 2303 1339 2330 Θεοῦ
1355 2304 1403 2339 τὴν
1414 2303 1559 2340 ἀπόκρισιν
1570 2304 1617 2331 καί
1629 2311 1721 2338 φησιν·
1743 2304 1876 2331 Ἀκούσι-

1083 2358 1137 2387 par.
1150 2350 1178 2376 τί
1189 2349 1318 2383 λαλήσει
1345 2350 1379 2376 ἐν
1391 2349 1455 2384 ἐμοὶ
1477 2350 1585 2384 Κύριος
1601 2351 1617 2376 ὀ
1630 2350 1712 2382 Θεός.
1734 2350 1875 2385 Παυσάμε-

1086 2403 1130 2426 νος
1147 2396 1161 2421 ὸ
1183 2395 1323 2430 προφήτης
1349 2395 1463 2427 ἱκεσίας,
1479 2395 1528 2431 τὴν
1551 2395 1626 2432 παρὰ
1658 2395 1705 2422 τοῦ
1721 2396 1875 2431 Πνεύματος

1087 2441 1230 2477 ἀπόκρισιν
1246 2442 1383 2477 ἐκδέχεται
1397 2443 1515 2469 σιωπῶν.

1123 2487 1210 2521 Πλὴν
1223 2487 1312 2522 ἐγγὺς
1328 2487 1386 2514 τῶν
1411 2487 1603 2522 φοϐοῖιιμένων·
1618 2488 1713 2515 αὐτὸν
1737 2488 1771 2515 τὸ
1787 2487 1872 2520 curti

1083 2542 1152 2567 ριον
1178 2534 1283 2560 αὐτοῦ.
1305 2534 1497 2569 Ἐκδεχόμενος
1512 2535 1526 2560 ὁ
1542 2534 1685 2570 προφήτης
1698 2534 1749 2570 τὴν
1765 2536 1871 2570 ἀπόκρι-

1089 2588 1140 2612 σιν,
1158 2580 1191 2614 ἦν
1204 2579 1356 2615 ἀκούσομαι
1369 2580 1433 2615 περὶ
1457 2579 1504 2606 τοῦ
1529 2580 1624 2614 γένους
1651 2589 1703 2615 μου
1729 2581 1806 2616 παρά
1833 2580 1869 2606 τοῦ

1088 2624 1166 2658 Θεοῦ,
1188 2626 1276 2652 ἐκεῖνο
1298 2625 1378 2660 ἔγνω,
1401 2625 1439 2658 ὡς
1461 2627 1543 2652 πᾶσιν
1565 2625 1675 2665 ἕτοιμος
1691 2626 1734 2661 εἴη
1755 2626 1868 2660 γενέσθαι

1088 2672 1181 2706 ἐγγὺς,
1197 2671 1224 2698 εἴ
1247 2673 1340 2707 γε’τὸν
1358 2672 1442 2699 αὐτοῦ
1469 2672 1551 2708 φόϐον
1577 2672 1754 2705 ἀσπάζοιντο·
1772 2673 1868 2708 mumi-

1090 2725 1164 2744 σεται
1188 2717 1216 2744 δὲ
1230 2719 1284 2750 τοῖς
1301 2718 1500 2754 ἀσπαζομένοις
1513 2718 1543 2744 τὸ
1565 2719 1595 2744 ὲν
1619 2717 1683 2755 δόξῃ
1696 2717 1867 2753 κακασκηνῶ-

1091 2772 1145 2791 σαι.
1163 2763 1217 2792 Τοῦ
1242 2766 1474 2800 κατασκηνῶσαι
1496 2764 1591 2797 δόξαν
1606 2765 1640 2792 ἐν
1664 2763 1704 2800 τῇ
1721 2764 1758 2801 τῇ
1783 2763 1864 2800 ἡμῶν.
