1891 3061
32 199 92 226 5τό

550 199 733 228 ΕΧΡΟΞΙἹΊΟ
752 199 784 226 IN
809 198 973 228 PSALMUM
994 199 1124 228 LXXXV.

1610 198 1661 224 374

33 255 97 290 Τὴν
116 253 184 290 μετὰ
209 254 310 290 σαρκὸς
335 255 488 291 οἰκονομιαν
512 256 559 282 τοῦ
590 255 758 290 Μονογενοῦς
783 256 816 283 διέ

906 258 997 284 ιωὶιιιη
1016 257 1152 292 Unigeniti
1180 264 1241 283 cum
1263 263 1354 283 carne.
1371 255 1451 283 Facta
1470 256 1567 290 quippe
1584 256 1661 285 nobis

32 299 143 327 τούτων
160 300 294 335 σημαίνει.
319 300 414 334 Γέγονε
430 300 484 336 γὰρ
508 302 575 336 ἡμῖν
592 302 668 337 παρὰ
690 301 736 328 τοῦ
759 301 826 328 Θεοῦ

33 347 88 374 καὶ
115 347 220 384 Πατρὺς
241 347 399 382 δικαιοσύνη
433 347 480 374 καὶ
496 349 591 384 εἰρήνη
621 348 668 374 κα)⁵
697 348 769 379 ἔλεος
781 348 827 375 καὶ

31 393 164 428 ἀλήθεια.
192 393 319 429 Ἐλεήσας
336 394 364 420 δὲ
386 395 460 430 ἡμᾶς
489 394 592 426 ἐδίδαξε
616 394 664 430 τὴν
687 394 825 430 ἀλήθειαν

32 439 85 465 καὶ
101 438 155 475 μὴν
168 439 214 466 καὶ
227 439 347 471 δικαίους
375 440 524 475 ἀπέφηνεν,
546 440 777 474 εἰρηνοποιήσας
792 440 828 467 τὰ

32 483 137 511 πάντα
151 484 186 511 ὲν
198 483 279 517 αὐτῷ
301 484 339 512 τά
350 494 383 512 τε
396 486 431 512 ἐν
455 484 495 518 τῷ
512 485 628 520 οὐρανῷ
649 486 698 513 καὶ
714 486 750 513 τὰ
777 485 825 512 ἐπὶ

30 527 93 562 τῆς
108 527 173 563 τῆς·

74 575 182 607 Ἔλεος
208 574 258 601 καὶ
273 574 399 608 ἀλήθεια
427 575 635 609 συνήντησαν.
663 576 760 611 Σαφῶς
777 576 827 612 τὴν

29 619 80 646 διὰ
93 620 142 655 τῆς
156 620 286 647 Θεοτόκου
301 621 347 647 καὶ
367 620 558 656 Ἀειπαρθὲνου
585 621 762 649 ἀνατείλασαν
787 621 827 657 τῷ

31 666 134 702 κόσμῳ
148 666 276 702 κηρύττει
300 667 439 703 ἀλήθειαν.
455 667 541 699 Αὐτὸς
561 668 615 703 γάρ
639 668 711 694 ἐστιν
726 669 742 704 ἡ
758 668 825 704 ἀλή-

30 712 108 745 θεια,
130 714 153 739 εἰ
172 713 219 740 καὶ
249 713 393 749 γεγένηται
423 715 455 740 ὲκ
483 714 623 748 γυναικός.
645 714 825 748 Δικαιοσύνη

29 759 91 795 γὰρ
103 759 152 786 καὶ
168 759 290 793 ἀλήθεια
323 760 531 794 κατεφίλησαν
558 759 652 794 σαφῶς
667 760 711 786 διὰ
728 760 776 795 τὴν
793 760 825 786 ὲκ

28 805 85 840 τῆς
107 805 296 841 Ἀειπαρθένου
312 806 442 833 Θεοτόκου
465 805 643 833 ἀνατείλασαν
667 806 706 842 τῷ
731 806 826 842 κόσμῳ

29 850 175 886 ἀλήθειαν.

69 897 126 923 Καὶ
153 897 330 932 δικαιοσύνη
358 898 392 924 ἐκ
432 898 486 925 τοῦ
517 897 648 932 οὐρανοῦ
670 896 823 931 διέκοψεν.

879 308 920 330 est
932 310 947 329 a
964 302 1020 330 Deo
1037 307 1063 329 et
1077 302 1156 329 Patre
1166 301 1271 336 iustitia
1285 305 1312 328 et
1323 308 1375 336 pax
1390 305 1416 328 et
1433 300 1618 328 misericordia
1636 306 1663 328 et

879 348 988 375 veritas.
1003 347 1114 382 Nosque
1127 347 1271 374 miseratus
1284 346 1376 374 docuit
1392 346 1550 379 veritatem;
1565 347 1619 373 imo
1636 352 1662 374 et

876 393 964 428 justos
976 392 1091 420 reddidit
1107 400 1167 425 nos,
1180 392 1323 427 paciﬁcans
1341 392 1430 418 omnia
1450 392 1477 418 in
1501 393 1584 427 seipso
1602 399 1661 428 qua:

877 441 904 466 in
925 439 988 466 caelo
1003 443 1027 466 et
1039 447 1097 474 quae
1113 439 1140 465 in
1158 438 1262 467 terra”.
1472 443 1476 446 '

877 571 894 584 ν’
916 571 960 599 ll.
981 570 1164 597 Misericordia
1181 576 1203 597 ct
1228 569 1324 597 veritas
1343 565 1508 597 obviaverunt
1533 569 1593 596 sibi.
1607 569 1661 597 Ve-

877 617 984 644 ritatem
1015 625 1075 652 qua
1102 624 1151 651 per
1178 616 1320 651 Deiparam
1351 621 1378 643 et
1400 623 1506 650 semper
1525 615 1661 650 Virginem

877 663 979 690 mundo
994 666 1089 690 exorta
1103 667 1146 690 est
1159 667 1251 697 aperte
1265 662 1401 697 praedicat.
1416 661 1475 696 Ipse
1491 669 1608 696 namque
1621 666 1663 689 est

877 709 986 742 veritas,
1002 709 1109 736 etiamsi
1124 716 1156 736 ex
1170 708 1283 736 muliere
1301 711 1381 735 natus
1401 707 1444 735 sit.
1459 706 1570 734 Iustitia
1589 707 1662 734 enim

876 761 900 782 et
917 764 970 790 pax
984 763 1046 783 vere
1070 755 1196 782 osculata
1218 759 1290 789 sunt,
1307 762 1356 790 per
1366 754 1506 781 veritatem
1533 753 1606 780 illam
1630 761 1662 781 ex

877 801 1108 837 semper‘Virgine
1122 800 1236 836 Deipara
1251 800 1352 828 mundo
1367 800 1510 828 orientem.

912 893 956 920 l2.
978 892 1011 920 Et
1034 893 1143 927 justitia
1166 893 1198 919 de
1226 892 1289 919 creto
1309 892 1452 926 prospexit.
1471 891 1565 918 Simile
1581 895 1622 918 est
1637 890 1663 918 id

29 942 148 977 Ὅμοιον
159 942 191 969 τὸ
207 930 351 979 εἰρημένον
383 943 451 979 πρὸς
469 944 518 979 τὴν
538 930 685 979 ΙῘαρΘένον·
706 930 816 978 Πνέῦμι

906 939 948 966 ιο(Ι
964 939 997 966 ad
1010 938 1149 973 Virginem
1164 939 1266 965 dictum
1280 938 1331 965 fuit
1345 947 1351 965 :
1364 937 1479 972 Spiritus
1494 941 1601 964 sanctus
1615 945 1661 964 suc

27 987 122 1021 ἄτιον
143 988 339 1015 ἐπελεύσεται
352 988 399 1015 ἐπὶ
418 988 464 1021 σὲ,
478 989 525 1015 καὶ
540 989 574 1015 τὰ
597 988 670 1023 ἑξῆς.

70 1031 126 1058 Kal
145 1031 202 1066 τὰρ
222 1033 238 1058 ὁ
263 1033 370 1066 Κύριος
389 1032 477 1059 δώσει
503 1033 701 1068 χρηστότητα.
729 1033 822 1063 Ὅταν,

27 1077 112 1112 φησὶ,
130 1077 192 1103 καθ’
215 1077 366 1113 ὑπερϐολὴν
395 1079 578 1114 χρηστότητος
602 1078 744 1114 ἐπιλάμψῃ
768 1080 824 1109 τοῖς

26 1122 78 1149 ἐπὶ
95 1122 145 1158 τῆς
157 1123 210 1158 γῆς
225 1123 240 1149 ὁ
255 1122 367 1158 Κύριος,
383 1125 443 1151 τότε
465 1125 512 1151 καὶ
525 1125 617 1160 ἡμεῖς,
632 1125 715 1160 νοητὴ
735 1125 823 1161 ὑπάρο

25 1176 126 1202 κοντες
139 1167 186 1202 γῆ,
207 1168 270 1200 τοὺς
283 1170 483 1204 πνευματικοὺς
510 1170 633 1205 καρποὺς
648 1169 823 1206 ἀποδώσομεν

24 1213 78 1248 τῆς
94 1213 279 1250 δικαιοσύνης.

63 1260 246 1294 Δικαιοσύνη
280 1260 408 1288 ἐνώπιον
443 1262 537 1289 αὑτοῦ
575 1264 822 1297 προπορεύσεται.

22 1305 133 1336 Εἰπὼν,
149 1305 187 1337 ὡς
201 1305 309 1342 δώσειὴ
324 1306 407 1341 νοητὴ
429 1306 466 1341 γῆ
494 1306 539 1333 τὸν
561 1307 678 1343 καρπὸν,
702 1308 823 1335 διδάσκει

23 1352 86 1384 πῶς
98 1352 193 1379 δώσει.
206 1352 269 1384 Πῶς
282 1352 311 1378 δὲ
330 1352 421 1384 δώσει,
447 1353 463 1388 ἢ
479 1353 542 1380 ὅταν
564 1354 646 1380 αὑτοῦ
666 1354 713 1381 τοῦ
739 1355 822 1391 ἐργα-

23 1397 146 1433 ζομένου
171 1397 202 1424 τὸ
225 1396 325 1431 ἀγαθὸν
340 1397 357 1432 ἡ
372 1397 544 1432 δικαιοσύνηι
567 1399 755 1434 προῦαδίσασα
783 1400 823 1432 εἰς

23 1445 74 1480 τὴν
87 1443 147 1471 ἄνω
161 1443 279 1478 ἄγουσαν
290 1443 358 1476 όδδν,
367 1444 517 1482 κατευθύνῃ
529 1445 576 1472 τοῦ
587 1445 671 1481 αὐτὴν
680 1446 824 1482 πορευομέ-

21 1498 72 1517 νου
88 1489 127 1517 τὰ
138 1489 309 1525 διαὸήματα;

118 1535 277 1570 Προσευχὴ
301 1536 341 1569 τῷ
366 1536 466 1563 Δαυΐδ.
487 1536 640 1564 ΨΑΛΜΟΣ
664 1537 733 1565 HE’.

342 1583 511 1616 Ὑπόθεσις.

21 1626 179 1659 Moesi;
194 1627 239 1654 διὰ
248 1627 296 1654 τοῦ
315 1628 474 1663 Πνεὺματος
486 1628 520 1655 τὰ
533 1628 596 1664 περὶ
611 1628 661 1663 τῆς
671 1629 822 1665 παρουσίας

59 1672 112 1701 τοῦ
136 1673 307 1708 Μονογενοῦς
329 1674 343 1700 ὁ
357 1674 491 1709 μακάριος
510 1674 601 1706 Δαυῒδ,
630 1675 677 1702 καὶ
702 1674 751 1710 τὴν
765 1676 824 1701 ἐσο-

59 1718 151 1754 μένην
178 1719 260 1745 παντὶ
289 1719 329 1754 τῷ
355 1719 553 1754 καταφεύγοντι
579 1719 648 1755 πρὸς
676 1720 756 1747 αὑτὸν
770 1720 823 1747 τῶν

57 1765 271 1800 ἁμαρτημάτων
289 1765 397 1800 ἄφεσιν,
425 1765 537 1797 εἰκότως
560 1765 718 1802 ἀναπέμπει
739 1775 824 1803 προσ-

57 1810 163 1846 ευχὴν,
189 1811 236 1838 ἕνα
258 1811 306 1838 καὶ
327 1811 409 1838 αὐτὸν
428 1811 511 1843 ἀξιῶν
533 1811 679 1848 εὑρεθῆναι
700 1813 755 1840 τῶν
773 1821 824 1839 σω-

60 1857 189 1892 ζομένων
203 1857 247 1884 διὰ
263 1857 312 1893 τῆς
330 1858 451 1893 χάριτος.

59 1902 190 1934 Κλῖνσν,
215 1903 314 1937 Κύριε,
336 1904 370 1930 τὸ
397 1901 452 1936 οὖς
484 1911 542 1930 σου
573 1904 623 1930 καὶ
650 1904 824 1932 ἐπάκουσον

21 1958 98 1984 μου.
115 1948 199 1982 Μέγα
219 1949 274 1984 γὰρ
289 1950 327 1980 ὼς
340 1949 449 1984 ἀληθῶς
465 1949 570 1984 ἐφόδιον
583 1949 650 1985 πρὸς
664 1950 694 1976 τὸ
711 1950 825 1986 εὐχόμε-

24 2003 74 2021 νον
92 1994 279 2021 ὲπικούεσθαι
301 1994 319 2029 ἡ
345 1995 590 2031 ταπεινοφροσύνῃ.
613 1995 677 2022 Ὅτι
707 1996 824 2030 πτωχὸς

24 2040 79 2068 καὶ
93 2039 191 2074 πένης
207 2039 266 2075 εἰμὶ
280 2039 346 2075 ἐτιὶ).
362 2041 655 2076 Ταπεινοφρονήματος
670 2041 720 2076 τῆς
738 2051 824 2077 προσ-

24 2086 114 2122 ευχῆς
141 2086 173 2112 τὸ
204 2086 355 2122 προοίμιον.
385 2086 441 2122 Τῆς
464 2087 519 2122 γὰρ
550 2087 722 2123 δικαιοσύνης
741 2089 823 2123 ἄμφω

23 2131 198 2167 κεκτημένοι
211 2131 257 2158 τὸν
272 2131 396 2165 πλοῦτον,
417 2132 471 2158 ὅτε
497 2132 577 2159 Δαυῗδ
599 2133 646 2160 κσι)⁸
663 2134 676 2160 ὁ
699 2133 823 2166 Ἐζεκίας

24 2177 99 2212 πρὸς
113 2176 209 2203 τοῦτον
227 2176 276 2212 μὲν
290 2177 340 2212 οὐχ
351 2177 455 2212 ἐώρων,
481 2178 520 2209 είς
543 2178 570 2204 δὲ
586 2178 635 2214 τὴν
647 2179 696 2214 τῆς
716 2178 822 2213 φύσεως

25 2222 127 2249 πενίαν
140 2222 304 2255 ἀπέϐλεπον,
314 2223 416 2249 καὶτὸν
424 2222 490 2249 Θεὸν
505 2223 682 2260 ἡντιΰόλησαν
692 2225 822 2260 οἰκτεῖραι

875 986 1003 1020 perveniet
1020 985 1047 1012 in
1063 985 1124 1019 te”,
1141 989 1194 1012 etc.

914 1033 957 1060 15.
978 1032 1081 1058 Etenim
1095 1032 1222 1058 Dominus
1236 1031 1309 1058 dabit
1321 1029 1517 1065 benignitatem.
1531 1028 1609 1060 Cum,
1621 1028 1663 1055 in-

875 1079 944 1114 quit,
968 1078 1003 1106 ob
1027 1086 1162 1106 summam
1179 1077 1385 1113 benignitatem,
1401 1084 1449 1104 eos
1465 1075 1512 1111 qui
1537 1075 1562 1102 in
1589 1079 1662 1101 terra

875 1130 938 1153 sunt
956 1124 1152 1152 illuminaverit
1176 1123 1307 1151 Dominus
1320 1144 1327 1156 ,
1345 1127 1410 1150 tunc
1426 1126 1453 1150 et
1464 1130 1514 1149 nos
1527 1121 1574 1156 qui
1589 1125 1662 1148 terra

874 1179 971 1199 sumus
985 1170 1146 1207 spiritualis,
1161 1170 1317 1205 spirituales
1335 1169 1449 1204 iustitia:
1462 1167 1568 1196 fructus
1582 1167 1661 1195 dabi-

873 1225 946 1245 mus.

909 1264 953 1291 M.
970 1263 1083 1290 Iustitia
1108 1268 1168 1290 ante
1199 1271 1258 1289 eum
1284 1261 1441 1289 ambulabit.
1464 1261 1532 1288 Cum
1549 1259 1663 1287 dixisset

873 1310 1041 1345 spiritualem
1070 1315 1169 1337 terram
1197 1309 1322 1336 daturam
1348 1315 1408 1335 esse
1423 1306 1542 1334 fructum
1569 1313 1661 1344 suum,

871 1357 927 1391 jam
944 1355 1023 1382 docet
1046 1362 1101 1390 quo
1127 1359 1206 1389 pacto
1231 1354 1330 1382 datura
1348 1354 1393 1381 sit.
1413 1352 1557 1386 Quomodo
1575 1352 1660 1381 dabit.

873 1402 925 1430 nisi
952 1409 1014 1429 cum
1041 1401 1147 1436 justitia
1171 1400 1384 1436 prmambulans,
1399 1408 1511 1436 gressus
1536 1400 1597 1435 ejus
1614 1400 1662 1435 qui

873 1453 1003 1483 operatur
1023 1448 1124 1475 bonum
1138 1451 1164 1474 et
1181 1447 1282 1474 incedit
1298 1447 1324 1474 in
1339 1447 1380 1474 via
1396 1454 1457 1481 quae
1475 1453 1586 1474 sursum
1603 1449 1662 1473 tcn<

872 1495 922 1529 dit,
940 1495 967 1522 in
983 1495 1041 1529 ipsa
1056 1494 1100 1521 via
1117 1493 1266 1521 direxerit?

955 1541 1048 1569 Oratio
1061 1541 1113 1576 ipsi
1131 1540 1228 1567 David.
1249 1537 1421 1566 PSALMUS
1439 1537 1541 1565 LXXX
1549 1537 1580 1564 V.

1166 1587 1368 1622 Argumentum.

874 1631 942 1659 Cum
958 1640 1006 1666 per
1023 1631 1155 1667 Spiritum
1172 1631 1343 1657 illuminatus
1355 1633 1449 1657 nosset
1466 1630 1564 1656 beatus
1577 1627 1662 1655 David

909 1685 969 1712 qua
991 1677 1137 1705 adventum
1153 1676 1290 1711 Unigeniti
1306 1676 1475 1711 spectabant,
1492 1680 1571 1710 atque
1586 1674 1661 1702 futu-

909 1731 968 1750 ram
992 1723 1120 1750 omnibus
1145 1722 1193 1757 qui
1218 1722 1252 1749 ad
1268 1730 1331 1749 eum
1348 1721 1526 1756 confugerent
1541 1725 1663 1755 peccato-

911 1777 971 1796 rum
991 1768 1192 1801 remissionem,
1205 1768 1266 1803 jure
1281 1767 1433 1794 orationem
1458 1766 1546 1800 olTert,
1561 1774 1662 1801 rogans

909 1819 939 1842 ut
957 1815 1015 1849 ipse
1030 1822 1102 1841 unus
1119 1821 1179 1841 esse
1192 1813 1412 1848 deprehendatur
1434 1820 1530 1840 eorum
1552 1813 1598 1848 qui
1615 1820 1662 1847 per

909 1861 1024 1896 gratiam
1042 1860 1157 1887 salutem
1173 1864 1387 1894 consequuntur.
1438 1852 1442 1854 ’

910 1907 934 1933 1.
958 1905 1072 1938 lnclina,
1096 1906 1217 1939 Domine,
1240 1913 1330 1932 aurem
1349 1909 1432 1938 tuam,
1447 1909 1472 1931 et
1494 1903 1591 1931 exaudi
1611 1911 1660 1930 me.

874 1952 1032 1988 Opportuna
1046 1960 1112 1980 sane
1126 1952 1168 1979 via
1184 1957 1213 1979 ut
1230 1951 1293 1987 quis
1307 1951 1481 1984 exaudiatur,
1495 1955 1537 1978 est
1551 1950 1662 1977 li-umili-

874 2003 924 2026 tas.
940 1998 1074 2030 Quoniam
1091 1998 1165 2031 inops
1180 2000 1204 2024 et
1222 2004 1322 2031 pauper
1341 2005 1400 2023 sum
1412 2004 1469 2031 ego.
1497 1995 1553 2031 (58)
1567 1994 1663 2022 Humi-

873 2045 958 2072 litatis
975 2049 1016 2072 est
1028 2044 1191 2080 procemium
1206 2043 1233 2070 in
1248 2041 1378 2070 oratione.
1394 2041 1463 2068 Nam
1477 2041 1591 2076 justitia
1603 2049 1663 2068 am-

873 2091 908 2119 ho
933 2091 1043 2118 divitias
1065 2090 1236 2125 possidentes
1263 2089 1348 2116 David
1370 2094 1451 2123 atque
1470 2088 1612 2121 Ezechias.
1627 2088 1662 2115 ad

873 2145 919 2166 eas
943 2145 998 2165 non
1020 2137 1212 2172 respiciebant,
1234 2136 1281 2164 sed
1305 2140 1409 2163 natura:
1422 2135 1542 2170 inopiam
1556 2139 1662 2170 specta-

872 2183 948 2216 bant,
967 2187 993 2211 ct
1010 2183 1066 2210 Deo
1079 2183 1269 2218 supplicabant
1284 2187 1314 2209 ut
1330 2190 1389 2210 eam
1414 2186 1573 2217 paupertate
1595 2182 1662 2209 aﬂ‘e—

873 2234 945 2257 etam
967 2229 1155 2257 miseraretur.
1178 2228 1243 2255 Illud
1262 2232 1351 2255 autem
1371 2227 1511 2262 :Inclina,
1536 2227 1660 2260 Domine,

23 2268 134 2304 ταύτην
159 2268 279 2305 πτωχείᾳ
305 2269 530 2304 συνεζευγμένην.
564 2270 600 2296 Τὸ
633 2271 681 2303 δὲ,
699 2271 816 2303 Κλῐνον,

906 2285 964 2303 :rem
985 2281 1068 2309 tuam,
1083 2284 1117 2304 ex
1134 2275 1293 2311 metaphora
1311 2275 1427 2310 positum
1453 2278 1504 2307 est,
1529 2275 1608 2310 quasi
1628 2283 1662 2302 ex

24 2315 129 2348 Κύριε,
146 2314 181 2339 τὸ
194 2311 248 2346 οὖς
262 2321 331 2346 σου,
359 2314 392 2341 ὲκ
414 2316 568 2351 μεταφορᾶς
592 2315 713 2342 τέθεικεν
729 2315 816 2352 appa—

906 2321 1029 2349 lirmitate
1052 2329 1105 2349 non
1133 2321 1219 2356 possit
1241 2321 1323 2348 altius
1340 2321 1469 2354 clamare,
1484 2325 1511 2349 et
1525 2321 1661 2350 medicum

24 2370 94 2388 στου
109 2360 184 2392 τινὸς
201 2359 253 2386 ὑπὸ
265 2359 407 2392 ἀσθενείας
420 2361 604 2398 γεγωνότερον
619 2362 650 2388 οὐ
671 2362 820 2397 δυναμένου

23 2407 132 2438 λαλεῖν,
149 2406 196 2432 καὶ
219 2405 265 2432 τὸν
279 2405 371 2441 ίατρὸν
388 2406 560 2442 προσκλίνειν
589 2406 629 2442 τῷ
642 2407 757 2442 στόματι
770 2407 820 2443 τὴν

24 2451 115 2487 ἁκσὴν
131 2450 341 2485 ἀναγκάζοντος.

62 2497 208 2529 Φύλαξον
237 2496 294 2531 τὴν
317 2497 422 2532 ψυχήν
451 2506 525 2532 μου,
554 2497 599 2524 ὅτι
634 2497 719 2531 ὅσιός
751 2499 819 2533 ειμι.

30 2542 94 2576 Ἀφ’
109 2537 148 2568 ὧν
163 2541 343 2577 κατώρθωσεν
357 2542 466 2576 ἀγαθῶν
488 2542 691 2579 ὲπακουσθῆναι
708 2543 818 2577 ἐξαιτεῖ.

24 2587 137 2614 Σῶσον
156 2586 210 2613 τὸν
222 2586 335 2614 δοῦλόν
349 2594 418 2619 σου,
440 2587 456 2613 ὁ
477 2587 548 2620 Θεός
573 2596 648 2622 μου,
668 2587 722 2615 τὸν
736 2589 821 2616 ἐλπι-

24 2632 117 2663 ζοντα
139 2631 189 2658 ἐπὶ
209 2631 270 2658 σοι.
293 2631 401 2667 Ἐπειδὴ
421 2632 493 2658 ὅσιον
515 2633 610 2660 ἑαυτὸν
626 2633 818 2669 ἀνηγόρευσεν,

23 2677 75 2705 ἐπὶ
90 2678 123 2704 τὸ
134 2677 261 2704 ταπεινὸν
282 2677 377 2704 πάλιν·
387 2677 535 2713 καταφέρει
552 2678 598 2705 τὸν
621 2677 708 2713 λόγον,
729 2679 820 2706 δοῦλον

25 2723 125 2749 ἑαυτὸν
141 2723 368 2758 ἀπογραφόμενος
381 2723 428 2750 τοῦ
444 2723 521 2755 Θεοῦ,
534 2723 582 2750 καὶ
601 2723 644 2750 ἐπ’
658 2724 732 2760 αὐτῷ
748 2725 819 2759 μόνῳ

25 2768 76 2804 τὴν
92 2768 191 2796 ἐλπίδα
204 2768 255 2804 τῆς
267 2768 403 2805 σωτηρίας
419 2768 490 2804 ἐχειν
505 2769 746 2805 ἐπαγγειλάμενος.

46 2845 69 2862 ⁸⁸
88 2845 198 2873 Coloss.
214 2853 234 2878 ι,
250 2845 295 2871 20.
334 2845 354 2860 “
373 2845 438 2873 Luc.
454 2854 474 2879 ι,
490 2846 534 2873 54.

874 2371 952 2402 cogat
967 2371 997 2394 ut
1012 2375 1092 2395 aures
1104 2367 1144 2394 ori
1160 2367 1312 2394 admoveat.

907 2497 932 2523 2.
955 2497 1065 2524 Custodi
1081 2498 1199 2524 animum
1219 2506 1312 2531 meam,
1329 2499 1454 2534 quoniam
1469 2504 1574 2526 sanctus
1590 2507 1658 2527 sum.

872 2542 912 2569 0b
927 2542 998 2569 bona
1011 2550 1094 2577 opera
1107 2551 1168 2578 qua:
1182 2544 1266 2570 edidit
1279 2545 1399 2578 postulat
1412 2545 1534 2572 exaudiri
1550 2552 1588 2572 se.
1598 2544 1661 2572 Sal-

871 2595 931 2614 vum
947 2587 990 2621 [ac
1006 2596 1107 2615 servum
1130 2594 1214 2622 tuum,
1229 2588 1299 2616 Deus
1317 2597 1400 2622 meus,
1421 2594 1568 2625 sperantem
1584 2590 1611 2616 in
1626 2585 1676 2619 teJ

872 2632 1018 2667 Postquam
1043 2641 1073 2660 se
1091 2638 1215 2661 sanctum
1242 2642 1302 2661 esse
1325 2635 1403 2668 dixit,
1419 2635 1453 2662 ad
1478 2625 1671 2662 humilitatem.

874 2686 983 2706 rursum
1003 2686 1157 2706 sermonem
1173 2680 1315 2714 convertit,
1333 2688 1442 2708 servum
1462 2688 1523 2709 sese
1545 2680 1661 2707 Domino

873 2724 1022 2757 ascribens,
1040 2730 1121 2760 atque
1138 2733 1213 2761 spem
1230 2726 1326 2755 salutis
1344 2727 1372 2754 in
1394 2727 1470 2754 illum
1485 2731 1591 2754 tantum
1611 2725 1658 2753 lia-

873 2771 937 2798 here
949 2778 979 2798 se
992 2771 1152 2800 testiﬁcatus

64 2903 121 2943 (38)
143 2902 236 2932 Locus
259 2907 409 2938 suspectus,
424 2908 465 2941 est
488 2905 514 2932 in
537 2911 592 2932 uno
607 2908 709 2933 tantum
725 2907 816 2936 codice
835 2906 945 2936 nomine
956 2906 1109 2934 Athanasii.
