1891 3061
242 176 292 205 575

243 279 376 306 Docemur
389 279 473 311 hisce,
489 287 550 306 eum
561 279 607 314 qui
619 287 635 306 a
649 278 704 306 Deo
717 279 855 314 quidpiam
871 279 935 306 boni
955 279 1027 306 acci-

242 333 306 360 pere
321 325 448 357 voluerit,
465 325 563 352 debere
585 325 756 353 incessanter
772 325 799 355 in
821 325 948 360 precibus
965 333 1027 352 ver-

243 372 309 399 sari.

278 417 304 444 5.
327 416 457 449 Quoniam
474 421 512 450 tu,
526 417 646 449 Domine,
656 418 744 444 suavis
757 422 781 445 et
795 417 969 445 mitis.Docet
979 424 1027 444 eos

243 463 290 498 qui
305 463 338 490 ad
353 463 436 490 Deum
448 463 591 495 accedunt,
602 467 631 490 ut
642 471 675 490 ne
689 464 763 490 anxii
780 464 844 492 sint.
854 464 875 490 si
890 463 1028 490 donatam

243 508 327 543 tisper
337 508 451 535 differat.
466 508 523 535 Erit
537 509 637 544 quippe
652 509 706 536 illis
723 509 867 544 propitius,
877 513 970 543 utpote
980 508 1026 546 qui

243 558 400 581 mansuetus
417 553 452 581 sit
467 558 495 582 et
509 553 586 581 dives
602 554 628 581 in
645 554 842 582 misericordia.

277 640 303 669 8.
325 640 387 669 Non
401 647 440 669 est
453 642 549 669 similis
572 643 611 670 lui
631 643 658 669 in
672 643 735 676 diis,
754 642 873 669 Domina.
895 641 963 669 Deos
978 649 1027 669 vo-

241 692 285 714 cat
311 692 420 715 sanctos
439 688 584 723 prophetas
608 688 642 716 ad
666 696 736 724 quos
760 696 850 716 sermo
865 688 972 715 Domini
987 688 1028 715 la-

241 738 311 761 ctus.
325 734 371 762 Ait
384 739 472 761 autem
489 735 624 762 neminem
639 735 830 770 prophetarum
850 736 971 770 potuisse
992 735 1026 762 li-

240 779 337 808 berare
358 780 483 808 homines
500 787 515 807 a
530 785 652 815 peccato,
676 781 728 808 nisi
756 781 844 808 solum
869 780 1025 812 Dominum,

237 824 317 859 juxta
338 824 364 852 id
384 825 457 859 quod
479 825 544 852 alibi
566 825 669 853 dictum
684 830 747 853 est:
767 825 828 852 Non
849 826 961 861 legatus,
975 833 1026 853 non

241 870 360 905 angelus,
376 870 422 898 sed
437 871 490 904 ipse
506 870 635 899 Dominus
649 871 761 898 saluauit
778 880 824 898 nos
835 871 866 899 ".

277 958 319 986 ﬂ.
340 957 456 986 Lwletur
468 967 513 985 cor
528 967 614 986 meum
627 964 656 986 ut
668 961 758 986 timeat
775 969 868 988 nomen
881 965 965 988 tuum.
974 959 1026 994 Qui

239 1004 338 1041 pietate
363 1012 427 1041 erga
452 1005 537 1033 Deum
564 1006 714 1041 instructus
731 1011 783 1038 est,
802 1007 950 1042 legitimum
966 1008 1028 1034 vita:

239 1051 394 1083 institutum
415 1053 596 1088 amplectitur.
612 1053 774 1086 Huiusmodi
787 1057 879 1080 autem
900 1054 955 1080 vita
970 1060 1027 1080 ma-

239 1102 281 1126 ter
303 1102 346 1126 est
371 1099 478 1127 laetitiae.
493 1099 588 1127 Merito
615 1100 707 1135 itaque
726 1099 860 1134 Propheta
885 1099 977 1126 divino
998 1098 1028 1126 ti-

239 1150 317 1171 more
340 1151 388 1171 cor
415 1152 494 1172 suum
518 1145 649 1173 laetificari
674 1152 753 1180 posse
769 1144 881 1179 putavit.
899 1143 937 1171 Ita
954 1144 1026 1171 enim

240 1188 304 1215 alibi
323 1196 432 1224 quoque
446 1190 484 1217 ait
494 1190 515 1205 "
530 1199 537 1217 :
555 1190 674 1218 Ltetelur
687 1198 733 1217 cor
748 1189 922 1224 quaerentium
936 1189 1028 1216 Domi-

240 1242 312 1267 num,
324 1239 352 1262 ct
365 1235 491 1262 iterum"
504 1242 511 1262 :
526 1235 627 1262 Memor
638 1236 678 1270 fui
694 1235 753 1268 Dei,
762 1241 785 1263 et
802 1235 945 1262 delectatus
957 1243 1026 1262 sum.

276 1322 475 1357 i2.Con/itebor
486 1322 544 1355 libi,
555 1322 665 1348 Domine
679 1321 748 1349 Deus
757 1329 839 1354 meus,
853 1322 879 1347 in
890 1326 941 1347 tote
951 1321 1028 1347 corde

241 1377 307 1396 meo.
337 1368 439 1396 Mutata
453 1373 565 1404 repente
578 1370 701 1396 oratione
717 1368 743 1395 in
759 1368 960 1396 confessionem
971 1387 979 1400 ,
996 1374 1028 1395 eo

240 1415 312 1450 quod
331 1415 463 1442 liberatus
479 1414 562 1441 fuerit
576 1414 612 1441 ab
623 1413 731 1441 inferno
742 1433 749 1446 ,
775 1421 888 1441 causam
905 1413 1029 1440 enuntiat

240 1468 290 1487 cur
305 1460 469 1495 peccaverit,
487 1460 603 1488 insidias
618 1459 766 1487 multorum
782 1464 865 1494 atque
877 1459 1027 1494 potentium

241 1513 461 1535 commemorans
473 1527 481 1538 ,
500 1506 590 1540 iisque
604 1506 771 1533 adumbrans
786 1505 936 1533 invisibiles
950 1509 1028 1540 pote-

241 1557 338 1586 states,
352 1560 412 1587 quae
426 1551 512 1580 Deum
528 1556 590 1581 ante
607 1552 704 1580 oculos
719 1559 774 1579 non
790 1551 971 1579 constituunt.
987 1551 1026 1578 Tu

241 1603 345 1631 autem,
362 1597 488 1631 Domine,
506 1597 553 1630 ait,
570 1597 733 1625 concessisti
748 1604 780 1625 ea
793 1605 853 1632 qua:
867 1597 978 1624 minime
991 1597 1026 1624 illi

241 1643 445 1679 exspectabant,
456 1647 504 1670 tua
517 1643 661 1670 clementia
674 1643 792 1670 liberans
807 1643 926 1669 animam
940 1650 1028 1669 meam

243 1697 274 1717 ex
300 1689 408 1717 inferno
437 1688 574 1716 inferiori.
608 1687 670 1716 Haec
700 1693 791 1715 autem
814 1688 881 1716 dicit
902 1688 1028 1716 Christus

243 1725 397 1765 astantibus
413 1735 523 1771 regibus
548 1740 627 1763 terrm
643 1739 670 1763 et
686 1734 854 1770 principibus
875 1735 977 1763 coactis
1001 1735 1028 1762 in

243 1791 328 1810 unum
343 1787 439 1810 contra
458 1782 560 1817 ipsum.

280 1829 322 1856 15.
357 1828 427 1861 Quia
454 1829 640 1856 misericordia
655 1833 702 1856 tua
717 1837 813 1864 magna
827 1834 864 1856 est
883 1837 962 1864 super
977 1837 1027 1856 me.

243 1875 327 1908 Quasi
355 1875 412 1910 jam
429 1880 595 1904 consecutus
619 1876 692 1911 quod
720 1876 845 1911 precibus
871 1876 1028 1911 postulavit,

244 1930 372 1957 magnam
390 1921 438 1949 Dei
455 1922 672 1951 misericordiam
691 1929 720 1950 se
737 1923 763 1950 in
791 1923 887 1950 samula
903 1923 1029 1950 laudatu-

243 1976 305 1995 rum
320 1968 369 2001 ait,
396 1968 460 2004 quia
478 1976 573 2001 eorum
591 1969 697 1997 animas
714 1969 747 1997 de
761 1977 844 1996 manu
862 1967 940 1996 inferi
961 1969 1029 1996 lihe-

243 2013 324 2041 ravit.

281 2060 324 2087 Η.
344 2059 435 2092 Deus,
464 2060 550 2095 iniqui
577 2060 777 2088 insurrexerunt
801 2068 879 2095 super
904 2069 953 2088 mc.
983 2060 1030 2089 His

244 2106 364 2134 ostendit
393 2113 423 2134 se
453 2106 480 2133 in
510 2111 652 2141 peccatum
678 2106 745 2133 illud
771 2107 910 2142 delapsum
936 2107 1029 2135 fuisse.

244 2151 390 2186 Quomodo
404 2156 493 2178 autem
505 2172 512 2183 ,
525 2152 576 2179 nisi
593 2152 658 2187 quia
675 2160 811 2188 synagoga
834 2147 1032 2188 quaedam'ma-

244 2197 380 2233 lignorum
392 2198 538 2232 spirituum
554 2198 714 2230 insurrexit,
729 2202 757 2226 et
771 2199 954 2234 supplantavit
969 2207 1031 2228 eum

246 2250 280 2270 ne
296 2243 405 2275 virtutis
421 2251 532 2273 cursum
553 2245 677 2272 teneret?

282 2289 329 2321 i5,
344 2289 388 2316 16.
407 2289 439 2316 Et
453 2295 499 2322 ιιι,
515 2289 626 2317 Domine
643 2290 714 2318 Deus
731 2299 815 2323 meus,
838 2292 994 2325 miseralor.
1011 2297 1035 2320 et

642 175 671 202 S.
691 174 877 202 ATHANASII
898 174 974 203 OPP.
994 174 1084 202 PARS
1104 174 1148 202 lll.
1170 189 1204 195 —
1222 173 1428 202 EXEGETICA.

277 234 303 261 '5.
324 233 447 260 Miserere
461 234 522 266 mei,
537 232 657 267 Domine,
670 234 795 269 quoniam
811 234 845 260 ad
859 238 883 260 te
895 234 1025 260 clamabo.
1040 236 1064 264 Α

1828 172 1874 199 Ξῖδ

1119 233 1266 266 Ἐλέησόν
1289 240 1337 267 με,
1353 232 1452 265 Κύριε,
1465 230 1509 257 ὅτι
1533 229 1606 265 πρὸς
1619 228 1657 256 σὲ
1673 228 1872 263 κεκράξομαιι

1077 279 1201 306 Διδάσκει
1216 279 1289 314 ἡμᾶς
1305 279 1320 304 ό
1338 278 1426 312 λόγος,
1447 276 1484 308 ὡς
1512 276 1557 302 τὸν
1575 274 1746 311 βουλόμενόν
1761 283 1793 300 τι
1805 275 1873 309 παρὰ

1077 323 1123 350 τοῦ
1136 323 1202 350 Θεοῦ
1211 323 1302 350 λαϐεῖν
1313 323 1426 357 ἀγαθὸν,
1437 321 1606 350 ἀδιάλειπτον
1616 321 1656 348 δεῖ
1663 318 1781 347 εἷναιὲν
1795 328 1873 355 tyn-

1077 370 1180 403 ενχαῖς.

1114 415 1175 441 ’Ὁτι
1187 414 1238 446 σὺ,
1255 415 1351 448 Κύριε,
1363 413 1497 448 χρηστὸς
1510 412 1557 439 καὶ
1577 409 1726 444 ἐπιεικής.
1746 410 1872 436 Διδάσκει

1076 459 1138 490 τοὺς
1150 459 1383 494 προσερχομένους
1399 457 1459 492 Θεῷ
1483 457 1520 493 μὴ
1546 457 1669 492 ἀκηδιᾷν,
1683 457 1708 482 εἰ
1732 456 1787 482 καὶ
1812 457 1872 490 πρὸς

1076 504 1166 538 ὀλίγον
1192 505 1241 539 τὴν
1265 505 1337 531 δόσιν
1363 503 1552 530 ἀναϐάλλεται.
1568 503 1664 529 Ἔσται
1676 502 1737 537 γὰρ
1762 502 1872 532 πάντως

1077 551 1167 582 αὐτοῖς
1185 550 1311 584 ἐπήκοος,
1337 549 1384 576 ᾶτε
1408 548 1525 584 χρηστὸς
1544 548 1582 574 ὢν
1606 549 1653 574 καὶ
1669 547 1743 574 πολὺ
1759 547 1827 573 λίαν
1840 548 1872 577 εἰς

1076 596 1150 627 ἔλεος
1167 595 1302 626 πλούσιος.

1113 643 1173 668 οὐκ
1186 641 1271 668 ἐστιν
1282 641 1382 676 ὅμοιός
1396 648 1444 668 σοι
1459 641 1494 667 ὲν
1508 639 1595 672 θεοῖς,
1610 640 1709 673 Κύριε.
1723 638 1819 669 Θεοὺς
1832 638 1871 672 μὲν

1077 689 1130 724 γὰρ
1145 689 1207 720 τοὺς
1223 688 1316 722 ἁγίους
1331 688 1472 723 προφήτας
1500 687 1577 722 φησὶ,
1598 687 1665 722 πρὸς
1689 685 1742 717 οὓς
1757 686 1774 712 ὁ
1799 685 1871 719 λόγος

1075 734 1122 761 τοῦ
1132 733 1198 760 Θεοῦ
1215 733 1332 768 ἐγένετο.
1346 734 1426 768 Λέγει
1439 733 1478 767 δὲ,
1495 734 1536 760 ὅτι
1552 732 1637 763 οὐδεὶς
1647 731 1701 758 τῶν
1719 731 1870 766 προφητέν,

1077 779 1213 812 ἐξελέσθαι
1228 780 1290 811 τοὺς
1317 779 1475 815 ἀνθρώπους
1494 779 1543 814 τῆς
1570 778 1706 814 ἁμαρτίας
1724 776 1869 812 ἴσχυσενῆ

1077 825 1157 860 μόνος
1171 825 1250 856 αὐτὸς
1265 825 1279 850 ὁ
1293 824 1404 860 Κύριος,
1421 824 1492 852 κατὰ
1517 824 1547 851 τὸ
1572 823 1719 859 εἰρημένον
1737 821 1868 857 auma-

1078 873 1118 899 οὐ
1135 871 1278 906 πρέσϐυς,
1296 872 1352 899 οὐκ
1377 871 1513 906 ἄγγελος,
1534 870 1603 898 ἀλλ’
1624 869 1718 901 αὐτὸς
1736 869 1753 896 ό
1765 869 1871 902 Κύριος

1040 907 1062 935 Β
1075 917 1192 944 ἔσωσεν
1203 916 1293 952 ἡμᾶς.

1111 962 1314 998 Εὑςορανθὴτω
1333 962 1352 996 ἠ
1372 962 1478 996 καρδία
1498 970 1568 996 μου,
1595 961 1649 988 τοῦ
1664 961 1831 995 φοϐεῖσθαι
1843 960 1870 986 τὸ

1077 1009 1169 1044 ὄνομά
1184 1017 1253 1036 σου.
1271 1009 1301 1035 ’0
1317 1008 1366 1043 τὴν
1381 1009 1445 1044 περὶ
1458 1008 1524 1034 Θεὸν
1538 1007 1680 1034 εὐλάϐειαν
1698 1005 1870 1042 κεκτημένος

1076 1056 1126 1091 τὴν
1139 1055 1250 1090 ἔννομον
1266 1054 1419 1086 ἀσπάζεται
1442 1053 1589 1080 πολιτείαν.
1604 1053 1704 1087 Μήτηρ
1724 1052 1755 1078 δὲ
1776 1053 1871 1086 εὐφρο-

1077 1100 1314 1137 σύνηςὴτοιαύτη
1332 1099 1396 1136 ζωή.
1421 1100 1541 1131 Εἰκότως
1569 1098 1658 1126 τοίνυν
1684 1099 1699 1124 ὸ
1728 1099 1870 1133 προφήτης

1076 1147 1115 1183 τῷ
1130 1147 1205 1183 φόϐῳ
1216 1147 1264 1183 τὴν
1281 1147 1383 1173 οἰκείαν
1398 1145 1581 1182 εὐφρανθῆναι
1593 1144 1706 1181 καρδίαν
1726 1143 1871 1170 umbrasu-

1079 1202 1133 1220 σεν.
1151 1193 1229 1220 Οὕτω
1254 1192 1308 1228 γὰρ
1336 1192 1383 1219 καὶ
1406 1191 1523 1226 ἀλλαχοῦ
1550 1199 1641 1226 φησιν·
1664 1189 1870 1224 Εὐφρανθήτω

1077 1239 1183 1273 καρδία
1193 1239 1358 1272 (metimur
1381 1238 1434 1264 τὸν
1452 1238 1571 1272 Κύριον·
1587 1238 1634 1264 καὶ
1653 1237 1748 1264 πάλιν·
1769 1235 1870 1271 Ἐμνή-

1077 1287 1157 1319 συην
1171 1285 1223 1312 τοῦ
1243 1285 1328 1317 Θεοῦ,
1342 1285 1390 1311 καὶ
1406 1284 1586 1319 εὐφράνθην.

1119 1331 1394 1366 Ἐξομολογνὶσομαί
1421 1339 1481 1363 σοι,
1506 1331 1595 1364 Κύριε
1610 1331 1626 1356 ὁ
1652 1329 1726 1362 Θεός
1738 1337 1812 1363 μου,
1838 1329 1870 1355 ἐγ

1078 1378 1134 1412 ὅλῃ
1148 1377 1253 1412 καρδίᾳ
1262 1386 1331 1412 μου.
1357 1376 1526 1404 Μεταὸαλὼν
1542 1377 1591 1412 τὴν
1620 1376 1780 1411 προσευχὴν
1794 1374 1869 1406 εὐθὺς

1077 1425 1118 1456 εἰς
1130 1424 1333 1460 ἐξομολόγησιν,
1350 1424 1391 1458 ἐφ’
1417 1421 1458 1455 οἶς
1483 1422 1603 1459 ὲρῥύσθη
1615 1421 1662 1448 τοῦ
1677 1421 1754 1457 ᾅδου,
1768 1421 1819 1456 τὴν
1831 1422 1869 1448 αἱ·

1077 1471 1138 1498 τίαν
1153 1470 1352 1506 ὲξαγορεύειδι’
1363 1471 1396 1506 ἣν
1412 1471 1529 1506 ἥμαρτε,
1545 1469 1633 1504 λέγων
1647 1468 1798 1503 ἐπιϐουλὴν
1811 1468 1870 1494 πολ-

1078 1518 1130 1544 λῶν
1141 1526 1170 1544 τε
1184 1518 1231 1544 καὶ
1247 1517 1394 1553 κραταιῶν,
1410 1516 1593 1551 αἰνιττόμενος
1607 1514 1657 1546 τὰς
1678 1515 1815 1550 ἁοράτους
1828 1514 1869 1540 ευρ

1078 1565 1185 1600 νάμεις,
1205 1563 1242 1599 μὴ
1257 1563 1374 1599 θεμένας
1397 1563 1450 1598 πρὸ
1476 1562 1530 1588 τῶν
1545 1560 1692 1596 ὀφθαλμῶν
1721 1560 1767 1586 τὸν
1796 1560 1868 1586 Θεόν.

1081 1611 1117 1637 Σὺ
1132 1611 1170 1641 δὲ,
1186 1609 1283 1645 Κύριε,
1299 1609 1391 1644 φησιν,
1407 1609 1479 1643 ἅπερ
1496 1608 1594 1634 ἐκεῖνοι
1615 1607 1652 1642 μὴ
1667 1606 1870 1641 προσεδόκησαν

1082 1656 1283 1692 συνεχώρησας,
1310 1656 1461 1692 ῥυσάμενος
1484 1654 1534 1689 τὴν
1565 1653 1654 1688 ψυχὴν
1685 1661 1736 1687 μου
1761 1652 1792 1685 ἐξ
1810 1652 1870 1686 ᾅδου

1081 1703 1238 1730 κατωτάτου
1251 1700 1443 1737 φιλανθρωπίᾳ
1455 1701 1488 1735 τῇ
1509 1701 1554 1734 σῇ.
1570 1699 1651 1732 Λέγει
1663 1698 1693 1724 δὲ
1711 1698 1798 1725 ταῦτα
1808 1698 1871 1732 Χρι-

1083 1749 1154 1782 στὸς,
1170 1748 1368 1784 παραστάντων
1380 1746 1434 1773 τῶν
1452 1745 1584 1781 βασιλέων
1608 1745 1658 1779 τῆς
1672 1744 1735 1778 γῆς,
1749 1744 1797 1770 καὶ
1820 1744 1871 1770 :Era

1082 1794 1218 1829 ἀρχόντων
1233 1792 1419 1828 συναχθέντων
1439 1792 1484 1818 ἐπὶ
1498 1792 1529 1818 τδ
1545 1790 1611 1817 αὐτὸ
1625 1791 1686 1816 κατ’
1697 1789 1791 1816 αὐτοῦ.

1118 1839 1182 1865 Ὅτι
1200 1837 1233 1864 τὸ
1251 1838 1338 1870 ἔλεός
1359 1845 1418 1864 σου
1439 1836 1517 1871 μέγα
1539 1835 1585 1862 ἐπ’
1610 1834 1671 1870 ἐμέ.
1696 1835 1739 1866 Ὧς
1768 1834 1818 1869 ἤδη
1834 1835 1870 1865 εἰς

1083 1884 1169 1920 πέρας
1195 1882 1284 1909 αὐτῶν
1309 1882 1439 1917 ἀχθείσης
1465 1882 1516 1916 τῆς
1543 1880 1710 1916 προσευχῆς,
1741 1879 1771 1905 τὸ
1802 1879 1870 1914 μέγα

1082 1929 1156 1961 ἕλεος
1166 1929 1213 1955 τοῦ
1226 1928 1293 1955 Θεοῦ
1306 1929 1345 1960 εἰς
1357 1929 1420 1959 τοὺς
1433 1927 1534 1958 αἰῶνας
1545 1927 1662 1953 αἱνέσειν
1680 1925 1771 1960 φησίν·
1788 1925 1828 1951 ὅτι
1840 1925 1870 1960 δὴ

1084 1976 1131 2003 καὶ
1143 1975 1234 2002 αὐτῶν
1249 1975 1281 2001 ἐκ
1299 1974 1389 2010 χειρὸς
1405 1974 1470 2009 ᾅδου
1483 1973 1532 2004 τὰς
1546 1972 1634 2007 ψυχὰς
1649 1970 1843 2006 ἠλευθέρωσεν.

1107 2063 1138 2089 '0
1147 2061 1229 2094 Θεὸς,
1239 2060 1401 2095 παράνομοι
1411 2060 1628 2093 ἐπανέστησαν·
1634 2058 1680 2085 ἐπ’
1686 2057 1745 2093 ἐμέ.
1752 2057 1871 2085 Δείκνυσι

1084 2108 1128 2135 διὰ
1140 2107 1299 2139 τούτων,ὼς
1318 2107 1358 2138 εἰς
1373 2105 1421 2141 τὴν
1438 2105 1574 2141 ἁμαρτίαν
1591 2105 1698 2139 ἐκείνην
1714 2104 1870 2131 κατέπεσεν.

1085 2154 1148 2186 Πῶς
1163 2154 1202 2185 δὲ,
1220 2153 1236 2188 ἦ
1251 2155 1283 2180 ἐκ
1291 2152 1339 2179 τοῦ
1353 2151 1514 2186 συναγωγήν
1535 2159 1596 2177 τινα
1616 2149 1741 2185 πονηρῶν
1754 2150 1871 2184 πνευμὰ-

1086 2209 1140 2227 των
1154 2200 1342 2235 ὲπαναστῆναι
1373 2199 1421 2225 καὶ
1445 2197 1622 2225 ὑποσκελίσαι
1640 2197 1722 2224 αὑτὸν
1743 2196 1792 2223 τοῦ
1815 2198 1871 2223 κατ’

1049 2245 1070 2273 D
1085 2246 1185 2282 ἀρετὴν
1202 2246 1299 2282 δρόμου
1308 2254 1316 2278 ;

1121 2293 1176 2320 Καὶ
1206 2292 1257 2325 σὺ,
1282 2292 1370 2329 Κύριε
1395 2293 1412 2318 ὁ
1442 2292 1514 2323 Θεος
1534 2299 1605 2325 μου,
1641 2289 1797 2324 οἰκτίρμων
1824 2291 1869 2316 καί

248 2335 397 2362 misericors
409 2355 416 2368 ,
434 2328 486 2375 etc.
505 2335 638 2369 Etiamsi,
659 2337 766 2372 inquit,
785 2338 989 2374 insurgentibus
1007 2340 1029 2367 in

1101 2337 1229 2373 λεήμιιιν.
1245 2338 1277 2364 Εἰ
1303 2338 1360 2370 καὶ,
1386 2336 1595 2364 ἐπαναστάντων
1612 2344 1656 2370 μοι
1672 2335 1726 2361 τῶν
1750 2335 1871 2370 πονηρῶν

247 2387 291 2420 ine
306 2372 603 2420 malignis'spiritibus,
619 2383 646 2410 in
663 2388 805 2418 peccatum
822 2372 942 2419 dejectus
961 2393 1034 2417 sum,

247 2433 280 2453 ac
295 2433 344 2461 per
359 2426 426 2454 illud
444 2427 471 2454 in
489 2427 626 2456 infernum
644 2429 721 2456 illum
744 2430 912 2463 inferiorem,
945 2432 992 2459 sed
1006 2436 1035 2459 tu

246 2470 324 2506 ipse,
342 2471 455 2500 Domine
467 2494 474 2506 ,
491 2478 552 2501 tuas
567 2475 628 2502 illas
643 2475 832 2504 miserationes
848 2476 875 2503 in
890 2484 933 2504 me
947 2476 1035 2504 eﬂun-

247 2516 316 2544 dens
331 2517 453 2546 liherasti
466 2519 587 2547 animam
605 2529 712 2554 meam;
729 2530 814 2557 quare
828 2530 939 2550 rursum
956 2523 1036 2550 mise-

248 2563 395 2592 ricordiam
408 2566 526 2600 postulo.
545 2566 640 2595 Veniet
649 2571 739 2596 autem
755 2568 822 2596 mihi
834 2568 1033 2602 misericordia,

248 2616 310 2635 eum
325 2618 367 2637 me
382 2612 522 2646 respicias.

286 2655 328 2682 17.
347 2655 403 2684 Fac
421 2666 522 2685 mecum
536 2660 642 2694 signum
658 2660 686 2687 in
701 2660 808 2688 bonum.
835 2660 912 2690 Sicut
924 2661 990 2689 olim
1009 2661 1036 2689 in

249 2700 368 2738 Egypto
386 2703 449 2731 liliis
466 2703 549 2732 Israel
567 2705 675 2741 signum
687 2706 761 2734 dedit
777 2706 921 2740 Dominus,
936 2711 967 2734 ut
981 2714 1036 2734 non

251 2747 469 2781 laeilerentur.ab
489 2751 716 2784 exterminatore;
743 2751 779 2779 ita
801 2756 830 2779 et
852 2752 902 2780 sibi
927 2751 1035 2787 signum

294 2880 314 2899 ·⁶
328 2883 380 2914 lsa.
398 2895 495 2917 natu.
512 2888 538 2916 2.

1088 2384 1262 2420 πνευμάτων,
1278 2384 1355 2419 φησὶ,
1368 2383 1538 2418 κατηνέχθην
1556 2383 1596 2413 εἰς
1612 2381 1758 2417 ἁμαρτίαν,
1771 2383 1817 2408 καὶ
1839 2382 1871 2408 δι’

1087 2431 1171 2466 αὐτῆς
1194 2431 1234 2463 εἰς
1254 2430 1299 2457 τὸν
1329 2430 1507 2466 προκείμενον
1534 2428 1690 2455 κατώτατον
1714 2428 1789 2464 ᾅδην·
1808 2428 1870 2456 ἀλλὰ

1088 2477 1132 2509 σὺ,
1147 2476 1243 2512 Κύριε,
1259 2476 1349 2509 αὐτὸς,
1366 2477 1429 2508 τοὺς
1451 2476 1567 2507 οἰκείους
1587 2474 1744 2509 οἰκτιρμοὶις
1759 2474 1806 2501 καὶ
1828 2475 1869 2500 ἐπ’

1088 2523 1149 2558 ἐμοὶ
1162 2522 1335 2558 ἑφαπλώσας,
1350 2523 1459 2559 ὲρῤύσω
1475 2523 1523 2557 τὴν
1535 2522 1623 2557 ψυχήν
1641 2529 1691 2556 μου
1714 2519 1752 2546 διὸ
1762 2520 1808 2547 καὶ
1821 2520 1869 2548 πά-

1087 2568 1128 2596 λιν
1145 2569 1278 2596 ἐλεεῖσθαι
1295 2569 1404 2603 ὲξσιτῶ.
1430 2569 1525 2595 Ἔσται
1551 2567 1579 2594 δέ
1598 2575 1644 2602 μοι
1656 2567 1670 2593 ὁ
1683 2565 1754 2597 ἕλεος
1769 2565 1812 2592 διὰ
1823 2565 1867 2592 τοῦ

1088 2614 1234 2650 ἔπιὸλέψαι
1251 2623 1280 2641 σε
1292 2616 1332 2647 εἰς
1341 2615 1399 2650 ἐμὲ.

1123 2661 1257 2695 Ποίησον
1271 2662 1336 2695 μετ’
1347 2660 1420 2696 ἐμοῦ
1434 2659 1561 2695 σημεῖον
1577 2660 1621 2691 εἰς
1630 2657 1751 2692 ἀγαθόν.
1767 2657 1867 2692 Ὠσπερ

1088 2705 1172 2733 πάλαι
1197 2706 1225 2732 ὲν
1248 2705 1380 2741 Αἰγύπτῳ
1408 2707 1465 2736 τοῖς
1485 2705 1553 2735 υἱοῖς
1580 2702 1688 2738 Ἰσραὴλ
1707 2703 1813 2737 σημεῖον
1826 2701 1867 2729 δέ-

1087 2752 1173 2779 δωκεν
1188 2753 1203 2779 ό
1217 2751 1294 2785 Θεὸς,
1306 2751 1352 2778 τοῦ
1367 2751 1405 2787 μὴ
1428 2749 1587 2786 ἀδικηθῆναι
1610 2747 1710 2779 αὐτοὺς
1733 2747 1805 2783 παρὰ
1820 2747 1864 2774 τοῦ

579 2890 599 2905 ²⁶
620 2887 692 2916 Psal.
709 2895 762 2917 Cl".
778 2887 803 2914 3.
844 2888 863 2904 "
886 2886 958 2915 Psal.
976 2895 1069 2917 ινιτ-ι.
1081 2887 1110 2916 Ξ.
