1891 3061
212 170 266 200 579

240 230 266 255 in
283 228 393 257 inferno
411 237 490 258 erant
506 232 699 266 praedicasset,
723 233 800 261 daret
815 235 994 262 resurrectio-
1010 238 1032 265 A

240 282 314 302 nem.
339 275 424 304 Deﬂet
439 282 528 304 autem
547 277 716 311 Jerusalem,
732 285 825 315 utpote
840 289 901 316 (tuae
917 282 994 309 exci—

241 321 351 349 disseta
366 330 413 357 spe
427 323 453 350 in
474 323 574 358 ipsum.
591 325 650 360 lpsa
666 331 756 354 autem
772 327 923 355 Jerusalem
938 328 995 355 sive

240 368 370 403 populus,
383 370 446 396 olim
460 378 508 398 ceu
523 371 633 405 quidam
647 373 748 400 chorus
761 379 829 407 erat,
843 376 994 402 secundum

238 414 310 448 quod
325 416 411 449 portio
424 421 450 443 et
463 425 524 444 sors
536 417 596 451 ejus
619 420 846 454 nuncupabatur;
863 421 994 455 quamob-

240 468 298 487 rem
321 469 371 495 pro
388 462 521 490 Maheleth
540 464 688 499 inscriptus
704 471 745 492 est
762 467 884 500 psalmus
895 488 902 500 ,
920 468 994 503 quod

239 506 350 539 dicitur,
367 507 474 536 choreae
492 510 549 537 sive
564 511 652 538 chori.
677 511 812 544 Quoniam
831 518 921 541 autem
935 523 996 550 pro-

241 551 356 580 fundum
379 559 421 581 est
442 554 544 583 Christi
560 558 720 592 mysterium
735 579 741 591 ,
759 560 837 587 valde
860 561 951 588 subtili
968 567 996 590 et

242 600 377 635 spirituali
395 607 484 630 mente
497 611 566 638 opus
583 610 625 631 est
639 605 672 632 ad
690 606 755 634 illud
769 607 972 642 intelligendum
986 619 993 642 ;

242 653 344 681 quare,
374 647 546 682 Intellectus,
573 651 741 680 inscribitur.
774 653 879 681 Dicitur
903 659 993 682 autem

237 693 361 726 psalmus
377 693 476 721 Etnan
491 703 552 722 esse
563 717 570 728 ,
588 697 614 724 in
631 697 748 732 Egypto
760 707 774 726 a
788 699 878 735 Moyse
896 700 992 728 factus.

239 737 289 766 Hic
305 745 396 766 autem
410 739 510 768 Emam
529 750 613 777 nepos
627 749 685 770 erat
700 744 808 771 lsraclis
820 767 826 778 ,
843 751 935 780 utpote
947 748 993 781 qui

237 783 414 813 descenderet
431 794 465 814 ex
495 787 577 822 Zara,
604 790 727 825 quierat
754 792 826 820 ﬁlius
853 793 929 821 Juda:
947 795 994 822 ﬁlii

235 828 354 857 lsraelis.

236 876 264 903 2.
285 875 393 904 Domine
424 878 492 906 Deus
517 883 613 908 multis
638 891 717 915 meae,
752 886 779 910 in
804 885 846 912 die
869 887 993 914 clamavi.

204 919 302 956 Utpote
313 922 401 950 bonus
412 944 419 956 ,
438 932 501 952 eum
513 926 617 953 videret
628 929 720 962 populi
740 930 844 964 lapsum
865 936 892 957 et
913 932 993 958 disci-

203 967 259 1001 puli
275 969 421 1002 perniciem
433 991 441 1002 ,
466 979 561 1005 preces
578 980 626 1006 pro
645 974 677 1001 iis
690 974 804 1002 eti'undit
818 977 850 1003 ad
871 976 992 1010 Patrem,

202 1017 241 1045 ut,
264 1013 448 1049 improbitatis
470 1017 582 1045 minime
597 1020 754 1055 participes,
771 1022 885 1050 salutem
903 1024 992 1059 etipsi

202 1065 248 1092 per
261 1066 324 1086 eum
341 1062 577 1091 nanciscerentur.

234 1150 262 1178 ι.
284 1151 354 1184 Quia
377 1153 476 1188 repleta
490 1159 529 1181 est
550 1156 628 1182 malis
648 1157 739 1183 anima
765 1166 834 1184 mea.
873 1158 993 1186 Tametsi

202 1195 260 1230 ipse
273 1201 385 1231 peccata
399 1203 491 1226 nostra
506 1201 628 1234 pertulit,
644 1206 671 1228 et
683 1209 732 1236 pro
745 1202 823 1230 nobis
835 1203 917 1235 dolet,
931 1204 994 1238 jure

201 1243 318 1270 lemalis
332 1244 463 1278 repletum
480 1245 527 1273 ait.
554 1245 587 1273 Et
602 1248 656 1274 vita
671 1255 728 1275 mea
741 1249 843 1283 inferno
856 1251 993 1285 appropin-

202 1289 300 1324 quavit.
323 1289 381 1317 Hoc
395 1290 433 1317 ait
447 1291 511 1326 quia
527 1299 574 1326 per
590 1294 705 1327 gratiam
728 1293 775 1321 Dei
792 1302 842 1329 pro
865 1296 994 1333 universo

202 1336 302 1364 mundo
317 1337 436 1372 gustavit
455 1344 583 1366 mortem.

234 1424 261 1453 5.
277 1424 377 1453 Factus
390 1435 449 1453 sum
462 1427 530 1454 sicut
543 1427 620 1455 homo
633 1429 690 1456 sine
701 1429 836 1464 adjutorio
849 1429 918 1457 inter
929 1439 996 1457 mor-

200 1477 260 1500 tuae
275 1472 353 1501 liber.
367 1473 449 1502 Solus
461 1474 541 1502 Jesus
555 1480 582 1503 et
594 1479 719 1503 mortuus
732 1481 773 1503 est
785 1484 834 1511 pro
845 1477 997 1512 iniquitati-

201 1525 250 1547 nua
262 1520 355 1554 populi
369 1519 469 1548 ductus
479 1521 512 1548 ad
526 1522 742 1557 mortem,‘juxta
759 1523 837 1550 Isaia!
848 1531 942 1551 vocem
953 1524 975 1539 ²⁰
987 1533 994 1550 :

201 1569 230 1592 et
241 1570 366 1593 mortuus
377 1573 440 1593 cum
451 1571 525 1594 esset
539 1568 615 1596 solus
628 1572 686 1595 erat
698 1569 767 1595 liber
775 1569 807 1594 ¹¹.
821 1568 911 1604 Neque
921 1570 994 1597 enim
1009 1588 1030 1617 ϐ

200 1615 341 1646 peccatum
358 1612 476 1640 habebat
489 1613 563 1647 quod
578 1614 666 1647 ipsum
685 1615 766 1641 morti
783 1615 886 1642 faceret
906 1616 993 1642 obno-

201 1657 284 1684 lium.
301 1657 471 1693 Quapropter
483 1658 581 1686 dixit“
595 1667 602 1686 :
618 1659 780 1688 Poteslatem
795 1661 878 1688 habeo
893 1670 991 1695 ponen-

200 1703 228 1730 ιίὶ
237 1703 354 1730 animum
371 1711 466 1736 meam,
478 1709 503 1731 et
517 1704 614 1732 iterum
622 1710 778 1740 potestatem
791 1707 873 1734 habeo
884 1715 991 1735 suman-

199 1748 228 1775 di
241 1757 311 1777 eam.

235 1794 262 1822 6.
288 1795 364 1823 Sicut
379 1797 509 1824 uulnerati
527 1797 685 1826 dormientes
702 1800 730 1826 in
745 1799 883 1834 sepulcris.
907 1800 990 1828 Simi-

200 1840 253 1874 lis,
272 1840 377 1876 inquit,
396 1842 485 1870 factus
502 1851 563 1871 sum
578 1844 735 1873 hominibus
749 1846 898 1874 vulneratis
910 1853 936 1874 et
949 1847 992 1882 ja-

199 1887 326 1915 cenlibus
341 1888 367 1914 in
386 1889 534 1922 sepulcris,
558 1890 603 1924 qui
621 1898 683 1917 cum
699 1895 774 1918 tuum
787 1893 918 1919 auxilium
936 1902 989 1919 non

200 1932 389 1967 accepissent,
406 1941 459 1960 non
477 1939 641 1969 acceperunt
663 1937 903 1964 resurrectionem.
933 1936 990 1972 Ego

199 1983 290 2006 autem
308 1979 468 2007 vulneratus
483 1988 556 2012 sum,
573 1981 673 2015 inquit,
691 1987 802 2016 propter
816 1986 927 2017 peccata
943 1991 990 2018 po-

198 2024 267 2060 puli,
284 2029 312 2052 et
325 2025 352 2052 in
370 2026 504 2060 sepulcris
519 2026 572 2058 fui,
591 2027 638 2054 sed
657 2035 711 2054 non
729 2028 765 2054 ibi
780 2029 910 2060 remansi,
925 2030 989 2063 quia

200 2075 229 2098 et
246 2075 309 2106 post
326 2071 554 2105 vulnerationem,
569 2077 596 2100 et
609 2077 670 2107 post
684 2073 881 2107 depositionem
898 2075 924 2101 in
945 2083 989 2102 se-

198 2117 311 2151 pulcro,
337 2117 391 2145 mei
418 2117 577 2146 meministi.
612 2118 759 2146 Besurrexi
784 2121 856 2147 enim
886 2121 990 2148 calt-ala

199 2168 299 2190 mone.

235 2209 261 2236 8.
284 2209 370 2244 Super
386 2217 426 2236 me
442 2201 614 2244 conﬁrmatus
628 2215 666 2236 est
679 2211 754 2244 furor
771 2215 841 2239 tuus.
856 2211 988 2239 Furorem

199 2253 248 2282 Dei
264 2259 344 2282 vocat
359 2255 578 2282 maledictionem
600 2257 713 2290 mortis,
737 2257 879 2284 hominum
897 2258 989 2292 generi
1007 2269 1030 2296 Ι)

198 2299 314 2327 illatam.
330 2299 400 2332 Quia
416 2300 499 2334 igitur
514 2300 668 2328 maledictio
684 2309 733 2336 pro
745 2302 824 2330 nobis
840 2302 928 2330 factus
939 2308 990 2337 est,

199 2345 262 2373 ideo
278 2344 398 2372 furorem
416 2345 464 2372 Dei
479 2354 561 2380 super
575 2354 604 2373 se
624 2348 817 2374 conﬁrmatum
834 2348 911 2376 dicit.

234 2436 269 2463 Et
280 2444 368 2463 omnes
381 2436 477 2471 fluctus
498 2441 555 2463 tuos
574 2436 705 2463 induisti
721 2444 800 2471 super
811 2445 860 2464 me.
880 2437 991 2466 Fluctus

199 2482 257 2511 sive
269 2482 402 2510 elationes
418 2486 514 2514 vocat,
531 2483 718 2510 vehementem
744 2491 852 2518 pmnam
869 2483 989 2510 homini—

199 2528 251 2556 bus
261 2527 496 2563 praevaricationis
510 2535 596 2556 causa
611 2527 752 2556 iuﬂictam.
769 2527 911 2563 Signiﬁcat
926 2528 990 2556 item

199 2579 328 2602 mortem.

236 2672 262 2699 9.
292 2670 380 2706 Longe
401 2670 488 2706 fecisti
501 2676 577 2699 notas
591 2679 662 2699 meos
676 2680 692 2698 a
707 2679 757 2699 me.
799 2671 857 2699 Hoc
874 2672 912 2699 ait
925 2673 990 2707 quia

199 2722 323 2752 tempore
336 2716 474 2751 passionis
485 2724 582 2744 omnes
600 2717 770 2752 reliquerunt
781 2718 868 2744 eum.‘
887 2715 989 2744 Parue-

200 2767 262 2790 ruut
276 2771 316 2790 me
330 2763 553 2790 ubaminationem
566 2763 628 2790 sibi.
656 2762 723 2790 Vide
737 2763 874 2798 quomodo
890 2763 989 2790 etiam-

623 173 651 201 S.
672 174 858 203 ATHANASII
877 176 951 204 OPP.
973 176 1063 204 PARS
1083 176 1126 205 Ill.
1145 191 1179 196 —
1198 174 1403 203 EXEGETICA.

1806 175 1855 202 ΞΜ

1081 235 1111 261 ὲν
1128 234 1192 270 ᾅδου
1208 233 1328 269 κηρύξας
1342 232 1478 267 πνεύμασι
1494 231 1651 267 δωρήσηται
1664 231 1719 266 τὴν
1731 231 1855 258 ἀνάστα-

1081 288 1133 307 σιν.
1155 279 1344 305 Ἀποκλαξεται
1358 278 1386 304 δὲ
1401 278 1448 304 καὶ
1469 276 1520 312 τὴν
1540 277 1736 312 Ἰερουσαλὴμ,
1754 276 1809 304 {ita
1825 278 1854 311 δή

1080 324 1285 358 ὲκπεσουμὲνην
1301 323 1351 358 τῆς
1370 322 1411 353 εἰς
1437 321 1519 347 αὑτὸν
1536 321 1652 352 ἐλπίδος.
1675 320 1763 355 Αὕτη
1795 320 1824 346 δὲ
1840 322 1853 355 ἠ

1086 370 1273 406 Ἰερουσαλὴμ,
1303 369 1362 405 ἢτοι
1384 369 1399 394 ὁ
1414 367 1489 399 λαὸς,
1515 367 1598 394 πάλαι
1627 365 1684 393 οἶόν
1701 376 1753 410 τις
1775 368 1854 402 χορὸς

1080 416 1125 453 ἦν,
1145 417 1212 444 καθὸ
1240 416 1287 442 καὶ
1304 415 1383 451 μερὶς
1399 414 1481 441 αὐτοῦ
1505 414 1552 440 καὶ
1577 414 1678 450 κλῆρος
1703 422 1854 450 προσηγο-

1080 463 1182 500 ρεύετο·
1196 462 1235 489 διὸ
1251 462 1298 489 καὶ
1316 462 1385 497 πρὸς
1409 460 1516 487 Multi)
1529 460 1741 495 ἐπιγέγραπται
1756 462 1773 487 ὁ

1082 509 1142 544 μὸς,
1157 509 1240 535 ὂὲστι
1260 508 1368 543 χορείας
1392 507 1451 542 ἦτοι
1477 506 1570 542 χοροῦ.
1596 506 1706 542 Ἐπειδὴ
1734 506 1768 533 δὲ
1787 506 1853 541 βαΘῦ

1079 555 1110 582 τὸ
1121 554 1240 590 Χριστοῦ
1259 554 1418 589 μυστήριον,
1432 552 1480 579 καὶ
1506 552 1565 578 λίαν
1589 553 1692 587 λεπτῆς
1724 553 1855 583 διανοίας

1080 601 1120 627 δεῖ
1144 599 1331 635 πνευματικῆς
1354 598 1423 636 πρὸς
1450 597 1479 623 τὸ
1505 598 1623 624 συνιέναι
1652 598 1736 624 αὐτό·
1751 598 1853 624 τούτου

1078 646 1159 681 χάριν
1174 645 1330 677 Συνέσεως
1343 643 1558 679 ἐπιγέγραπται.
1587 644 1706 677 Λέγεται
1741 644 1777 670 δὲ
1807 643 1852 670 τοῦ

1081 693 1170 727 Δίμὰν
1191 690 1260 718 εἶναι
1277 691 1291 716 ὁ
1313 690 1431 725 ψαλμὸς,
1444 690 1474 715 ὲν
1493 688 1623 724 Αἰγύπτῳ
1638 689 1708 724 πρὸς
1721 689 1853 720 Μωσέως

1081 738 1275 773 πεποιημένος.
1292 734 1376 768 Οὗτος
1393 735 1421 762 δὲ
1439 736 1454 762 ὁ
1473 735 1562 770 Αῐμὰν
1582 735 1637 770 (59)
1655 735 1803 769 ἀπόγονος
1820 733 1852 770 ἦν

1081 784 1128 811 τοῦ
1149 783 1268 819 Ἰσραὴλ,
1288 783 1335 810 {ita
1347 782 1456 816 ἔκγονος
1473 780 1511 807 ὣν
1525 780 1572 807 τοῦ
1589 781 1674 815 Ζαρὰ,
1689 781 1722 812 ὃς
1741 779 1781 814 ἦν
1796 782 1852 811 uio;

1079 830 1126 856 τοῦ
1143 830 1237 862 Ἰούδα,
1254 829 1303 855 τοῦ
1323 828 1380 855 υἱοῦ
1398 827 1518 863 Ἰσραήλ.

1080 877 1168 910 Κύριε
1183 877 1198 903 ό
1215 876 1286 908 Θεὸς
1297 875 1351 909 τῆς
1368 874 1518 908 σωτηρίας
1545 882 1616 908 μου,
1640 872 1764 907 ἡμέρας
1785 872 1850 899 ἐκέ-

1045 922 1149 956 κραξα.
1169 922 1235 948 "Are
1251 921 1353 955 ἀγαθὸς
1380 919 1428 952 ὢν,
1455 918 1533 950 εἰδὼς
1555 918 1604 954 τὴν
1626 915 1774 944 ἔκπτωσιν
1803 917 1849 944 τοῦ

1043 967 1108 994 λαοῦ
1125 967 1173 994 καὶ
1189 966 1237 1002 τὴν
1247 966 1295 992 τοῦ
1312 965 1434 1000 μαθητοῦ
1457 964 1606 995 ἀπώλειαν,
1624 963 1675 994 τὰς
1696 963 1776 999 ὑπὲρ
1803 963 1850 990 αὑ-

1043 1013 1098 1039 τῶν
1111 1013 1304 1047 ἀναπέμπεται
1319 1011 1388 1047 πρὸς
1405 1011 1451 1037 τὸν
1472 1010 1584 1045 Πατέρα
1595 1010 1690 1044 εὐχάς
1704 1009 1788 1041 ὅπως
1805 1009 1847 1040 ἂν,

1043 1059 1092 1094 τῆς
1109 1059 1209 1090 κακίας
1231 1058 1268 1093 μὴ
1295 1056 1504 1092 μεταλαϐόντες,
1527 1057 1575 1082 καὶ
1587 1056 1664 1082 αὐτοὶ
1677 1055 1731 1090 τῆς
1748 1055 1785 1081 δι’
1802 1056 1849 1082 αὑ-

1043 1105 1090 1131 τοῦ
1107 1105 1242 1140 σωτηρίας
1257 1104 1373 1140 τύχοιεν.

1081 1150 1145 1176 Ὅτι
1161 1148 1301 1182 ἐπλήσθη
1314 1148 1415 1176 κακῶν
1437 1148 1457 1181 ἢ
1480 1146 1566 1182 ψυχή
1587 1155 1657 1182 μου.
1686 1147 1720 1173 Et
1742 1146 1793 1173 καὶ
1805 1154 1847 1171 au-

1043 1196 1089 1228 τὸς
1105 1196 1154 1228 τὰς
1173 1195 1311 1231 ἁμαρτίας
1326 1195 1405 1230 ἡμῶν
1423 1194 1568 1226 ἐϐάστασε,
1597 1193 1644 1220 καὶ
1672 1193 1742 1228 περὶ
1768 1191 1846 1227 qui»;

1044 1243 1180 1275 ὸδυνᾶται,
1210 1243 1322 1274 εἰκότως
1342 1243 1389 1269 καὶ
1420 1242 1514 1268 κακῶν
1539 1240 1739 1276 ἐμπέπλησται
1768 1249 1845 1276 φησι.

1044 1290 1100 1317 Καὶ
1122 1290 1141 1323 ἡ
1171 1289 1226 1322 ζωή
1251 1298 1311 1324 μου
1336 1288 1377 1321 τῷ
1407 1288 1465 1323 ᾅδῃ
1481 1288 1599 1323 ﬁnias.
1632 1287 1722 1313 Τοῦτὸ
1750 1295 1842 1322 φησιν.

1045 1334 1139 1370 ἐπειδὴ
1166 1334 1237 1370 ὑπὲρ
1269 1334 1370 1366 παντὸς
1405 1334 1495 1369 χάριτι
1520 1333 1588 1360 Θεοῦ
1623 1333 1763 1367 ἐγεύσατο
1796 1332 1843 1359 ϐα-

1045 1381 1124 1408 νάτου
1129 1401 1135 1407 .

1088 1427 1252 1462 Ἐγενήθην
1271 1427 1343 1454 ὡσεὶ
1372 1427 1527 1462 ἅνθρωπος
1548 1427 1716 1461 ἀϐοήθητος
1746 1428 1783 1454 ἐν
1795 1436 1843 1455 rs-

1046 1473 1128 1507 κροῖς
1140 1474 1306 1508 ἐλεύθερος.
1328 1474 1416 1505 Μόνος
1438 1473 1541 1508 Ἰησοῦς
1558 1473 1605 1500 καὶ
1621 1473 1761 1500 ἀπέθανεν
1773 1474 1843 1507 ὑπὲρ

1046 1520 1101 1546 τῶν
1115 1519 1233 1555 ἀνομιῶν
1259 1519 1307 1546 τοῦ
1326 1519 1390 1546 λαοῦ
1413 1520 1548 1555 ἀγόμενος
1563 1521 1602 1551 εἰς
1620 1519 1750 1553 θάνατον,
1771 1529 1842 1547 κατα

1046 1564 1096 1599 τὴν
1112 1565 1223 1591 Ἡσαΐου
1237 1565 1338 1600 φωνήν·
1360 1565 1407 1591 καὶ
1425 1565 1523 1600 νεκρὸς
1538 1565 1571 1592 ἂν
1585 1565 1730 1600 ἐλεύθερος
1740 1563 1776 1602 ἦν
1799 1567 1842 1601 μό-

1046 1618 1108 1642 νοςν
1140 1611 1169 1637 οὐ
1195 1610 1250 1646 γὰρ
1278 1608 1351 1646 εἶχεν
1371 1611 1508 1646 ἁμαρτίαν
1535 1612 1586 1647 τὴν
1609 1603 1726 1647 κάτοχον
1761 1612 1842 1639 αὐτὸν

1045 1657 1175 1684 ποιοῦσαν
1189 1657 1307 1692 θανάτῳ.
1325 1657 1370 1684 Διὸ
1398 1657 1446 1684 καὶ
1469 1657 1572 1692 ἔλεγεν·
1595 1658 1762 1690 Ἐξουσίαν
1782 1660 1841 1694 ἔχω

1045 1704 1138 1731 θεῖναι
1153 1704 1210 1738 τὴν
1228 1705 1336 1740 ψυχήν
1345 1714 1416 1740 μου,
1431 1705 1480 1732 καὶ
1500 1705 1593 1732 πάλιν
1612 1705 1764 1737 ἐξουσίαν
1782 1707 1841 1741 ἔχω

1044 1748 1149 1776 λαϐεῖν
1162 1749 1267 1783 αὑτήν.

1086 1795 1164 1821 Ώσεὶ
1179 1795 1352 1830 τραυματίαι
1375 1796 1573 1830 καθεύδοντες
1592 1798 1629 1824 ἐν
1650 1798 1743 1832 τάφῳ.
1767 1798 1839 1834 Παρ-

1044 1841 1147 1875 όμοιος,
1164 1842 1241 1875 φησὶ,
1259 1842 1359 1876 γέγονα
1379 1842 1533 1878 ἀνθρώποις
1557 1845 1841 1880 τετραυματισμένοις

1044 1886 1092 1913 καὶ
1109 1887 1246 1922 κειμένοις
1260 1888 1288 1913 ἐν
1314 1888 1462 1923 μνήμασιν,
1487 1889 1522 1922 οἳ,
1538 1890 1588 1925 τῆς
1610 1891 1659 1926 σῆς
1689 1891 1728 1926 μὴ
1746 1891 1839 1926 τυχόν-

1044 1941 1088 1964 τες
1101 1933 1271 1968 ἐπικουρίας,
1295 1934 1325 1960 οὺ
1357 1935 1538 1970 τετυχήκασιν
1563 1936 1751 1969 ἀναστάσεως.
1771 1937 1840 1970 Ἐγὼ

1043 1978 1072 2004 δὲ
1098 1979 1347 2014 τετραυμάτισμαι,
1384 1980 1461 2016 φησὶ,
1491 1980 1535 2007 διὰ
1557 1981 1606 2013 τὰς
1632 1983 1772 2018 ἁμαρτίας
1793 1983 1839 2009 τοῦ

1043 2023 1108 2050 λαοῦ
1121 2044 1127 2055 ,
1144 2024 1192 2050 καὶ
1217 2025 1245 2050 ὲν
1263 2025 1360 2059 τάφοις
1378 2025 1494 2059 γέγονα,
1512 2027 1542 2053 οὐ
1561 2027 1614 2062 μὴν
1629 2029 1676 2054 καὶ
1688 2028 1838 2064 ἀπέμεινα·

1045 2071 1111 2097 διότι
1126 2079 1176 2105 μου
1189 2071 1235 2098 καὶ
1247 2071 1316 2106 μετὰ
1330 2071 1378 2107 τὴν
1398 2071 1500 2107 τρῶσιν
1520 2073 1568 2099 καὶ
1586 2073 1636 2108 τὴν
1653 2075 1682 2100 ἐν
1704 2075 1745 2110 τῷ
1762 2076 1838 2110 tis-rp

1044 2117 1191 2144 κατάθεσιν
1227 2117 1375 2154 ἐμνήσθης.
1404 2118 1532 2154 Ἀνέστην
1556 2119 1610 2154 γὰρ
1638 2122 1766 2156 πατήσας
1794 2122 1839 2148 τὶν

1043 2162 1166 2190 Θάνατον.

1085 2208 1147 2234 Ἐπ’
1161 2207 1213 2242 ἐμὲ
1227 2208 1428 2242 ἐπεστηρίχθη
1444 2210 1460 2235 ὀ
1485 2210 1578 2244 θυμός
1592 2218 1661 2236 σου.
1683 2211 1775 2246 Θυμδν
1792 2212 1837 2238 τοῦ

1043 2254 1110 2280 Θεοῦ
1123 2263 1189 2289 φησι
1203 2255 1253 2290 τὴν
1270 2255 1461 2290 ἐπενεχθεῖσαν
1485 2255 1524 2291 τῷ
1537 2256 1592 2282 τῶν
1612 2256 1766 2292 ἀνθρώπιον
1794 2259 1838 2291 γέ-

1045 2308 1085 2326 νει
1109 2299 1155 2326 τοῦ
1177 2300 1291 2327 Θανάτου
1317 2301 1451 2338 κατάραν.
1487 2301 1594 2338 Ἐπειδὴ
1620 2303 1712 2330 τοίνυν
1729 2304 1838 2338 γέγονεν

1046 2346 1117 2382 ὑπὲρ
1143 2346 1221 2382 ἡμῶν
1250 2347 1367 2382 κατάρα,
1393 2347 1488 2375 τούτου
1511 2348 1591 2384 χάριν
1618 2349 1665 2375 τὸν
1682 2349 1769 2385 θυμὸν
1793 2350 1836 2377 τοῦ

1045 2394 1111 2420 Θεοῦ
1128 2395 1170 2420 ὲπ⁷
1194 2394 1274 2420 αὐτὸν
1292 2391 1485 2430 ἐπεστηρίχθαι
1496 2397 1572 2431 φησι.

1081 2439 1135 2466 Καὶ
1150 2439 1265 2473 πάντας
1284 2440 1354 2473 τοὺς
1367 2442 1588 2476 μετεωρισμούς
1609 2449 1667 2469 σου
1689 2443 1836 2478 ἐπήγαγες

1044 2485 1090 2512 ἐπ’
1103 2485 1165 2520 ἐμέ.
1183 2486 1396 2522 Μετεωρισμοὺς
1415 2487 1464 2523 τὴν
1490 2488 1558 2523 μετὰ
1589 2488 1771 2524 σφοδρότητος
1788 2490 1835 2515 ὲπ-

1045 2531 1202 2567 ενεχθεῖσαν
1228 2532 1268 2567 τῷ
1283 2532 1338 2559 τῶν
1360 2532 1513 2569 ἀνθρώπων
1534 2535 1606 2569 γένει
1629 2535 1700 2571 ὑπὲρ
1717 2536 1769 2571 τῆς
1789 2544 1835 2562 πα-

1046 2577 1186 2612 ραϐάσεως
1203 2577 1281 2612 δίκην
1303 2577 1379 2614 φησί.
1406 2578 1537 2614 Σημαίνει
1561 2579 1589 2606 δὲ
1615 2580 1697 2607 πάλιν
1718 2581 1764 2608 τὸν
1787 2581 1833 2608 εᾶ-

1043 2632 1132 2650 νατον.
1603 2635 1608 2639 ’

1087 2669 1275 2703 Ἐμάκρυνας
1297 2669 1366 2703 τοὺς
1405 2672 1559 2706 γνωστούς
1587 2681 1647 2706 μου
1670 2672 1722 2699 ἀπ’
1752 2672 1830 2707 ἐμοῦ.

1043 2715 1129 2741 Τοῦτό
1147 2724 1240 2751 φησιν,
1257 2716 1350 2752 ἐπειδὴ
1371 2717 1471 2748 πάντες
1496 2718 1576 2744 αὑτὸν
1605 2718 1752 2744 κατέλιπον
1765 2719 1830 2744 κατὰ

1043 2762 1088 2789 τὸν
1103 2762 1150 2789 τοῦ
1168 2762 1270 2795 πάθους
1285 2763 1390 2798 καιρόν.
1405 2764 1527 2791 Ἐθεντό
1534 2772 1573 2798 με
1597 2764 1757 2801 βδέλυγμα
1767 2762 1833 2793 ἑαν-

241 2831 264 2848 ¹⁶
277 2832 329 2858 Isa.
348 2841 407 2865 LIII,
426 2832 452 2859 8.
492 2832 513 2848 ²¹
531 2831 604 2859 Psal.
622 2838 745 2865 uxxvtt,
763 2832 789 2858 6.
828 2833 851 2847 "
872 2830 951 2858 Joan.
971 2831 1055 2864 x,18.

238 2891 296 2926 (39)
316 2891 362 2920 Sic
385 2891 496 2928 Vulgata
520 2891 617 2919 Eman.
639 2892 695 2920 Sed
709 2891 803 2920 Graeca
821 2891 990 2921 Psalmorum
1011 2892 1291 2929 exemplaria,‘E0dg..
