1891 3061
31 182 92 210 33!

570 182 751 209 EXPOSITIO
772 181 804 208 IN
824 180 988 210 PSALMUM
1008 182 1151 209 LXXXVII

1616 185 1668 212 383

30 241 117 274 τοῖς.
132 241 203 275 ’Ὀρα
220 239 278 270 πῶς
291 239 338 265 καὶ
358 238 439 274 μέχρι
455 239 501 266 νῦν
523 240 643 267 Ἰουδαῖοι
668 241 700 266 τὸ
715 240 828 276 Χριστοῦ

915 249 948 267 Im
962 240 1047 268 Judaei
1072 239 1173 268 Christi
1191 248 1290 268 nomen
1313 245 1518 280 exsecrentur“
1542 241 1669 270 Traditus

29 288 130 322 ὄνομα
150 285 346 321 βδελύσσονται.
367 284 550 319 Παρεδόθην,
575 285 625 312 καί
650 287 705 313 οὐκ
727 286 832 318 ἐξεπο-

25 333 184 366 ρευόμην.
202 331 286 358 Τοῦτό
306 340 382 366 φησι,
395 331 438 357 διὰ
452 331 482 358 τὸ
493 331 683 359 κατάκλειστον
698 333 778 360 αὑτὸν
788 341 834 367 γε-

30 378 137 405 νέσθαι
151 379 180 404 ὲν
194 379 227 413 τῇ
242 377 316 412 οίκίᾳ
328 377 374 404 τοῦ
389 377 622 413 ἀρχισυναγώγου.

75 426 113 451 Ol
136 424 284 459 ὀφθαλμοί
305 433 365 458 μου
388 425 565 459 ήσθένησαν
591 425 650 452 ἀπὸ
675 425 832 459 πτωχείας.

39 470 259 505 ’Δπεκλαιόμην,
278 471 370 505 φησὶν,
385 471 455 507 ὑπὲρ
475 471 522 497 τοῦ
547 471 624 503 λαοῦ,
647 471 708 498 ἰδὼν
736 472 834 503 αὐτοὺς

31 517 88 544 τοῦ
104 517 176 544 κατὰ
196 517 262 544 Θεὸν
276 518 390 544 πλούτου
407 518 624 552 ἐκπεσουμένους
640 519 685 544 καὶ
707 519 746 549 εἰς
761 526 834 544 πτω-

33 573 70 599 χε
75 565 120 591 ίαν
135 564 387 599 κατενηνεγμένους
402 564 529 600 ἐσχάτην.

83 609 249 643 Ἐκέκραξα
264 609 338 644 πρὸς
353 609 401 639 σὲ,
418 610 515 643 Κύριε,
530 610 606 642 ὅλην
629 609 686 643 τὴν
707 609 831 643 ἡμέραν.

36 656 114 682 Ἕνα
138 656 230 683 τοίνυν
247 657 329 691 πόρον
353 655 397 687 δὸς
418 656 469 690 τῆς
486 655 539 682 τῶν
555 655 647 681 δεινῶν
661 655 831 690 ἀπαλλαγῆς,

33 702 91 738 ¹τὴν
119 702 180 737 σὴν,
195 702 328 733 Δέσποτα,
346 702 525 737 προμηθείαν.
545 702 688 728 Ἐκτείνων
712 702 767 737 γὰρ
790 702 833 728 ἀεὶ

35 747 90 780 τὰς
109 749 202 784 χεῖρας
221 747 351 774 ἀντιϐολῶ
368 756 407 773 σε.
423 747 477 782 Τὴν
501 747 601 782 πικρὰν
623 747 651 773 δὲ
676 747 725 782 τῆς
746 747 833 782 ψυχῆς

34 794 140 828 ὀδύνην
160 793 239 820 τοῦτο
257 793 287 820 τὸ
304 793 397 828 σχῆμα
421 793 581 828 δηλοῖ.”Υπὸ
608 792 661 828 γὰρ
679 793 725 828 τῆς
740 793 833 829 χρείας

34 840 274 875 ἀναγκαζόμενος,
287 839 443 866 σπουδαιότε
448 839 492 875 ρόν
502 849 543 871 τις
555 839 670 866 ἱκετεύει
681 839 726 865 τὸν
732 838 833 866 ’δοῦναι

35 886 204 921 δυνάμενον.

885 295 954 317 sum.
969 292 993 313 et
1008 295 1060 313 non
1073 287 1234 322 egrediebar.
1255 287 1314 314 Hoc
1329 287 1367 314 ait
1380 288 1444 323 quia
1459 288 1606 316 conclusus
1618 289 1670 316 fuit

885 331 911 358 in
927 331 1007 358 domo
1022 332 1153 366 principis
1168 339 1319 366 synagoga.

923 421 965 447 10.
987 420 1065 448 Oculi
1094 421 1144 447 mei
1167 421 1325 456 languerth
1351 429 1406 455 prta
1423 421 1524 456 inopia.
1547 420 1668 456 Flebam,

884 467 982 501 inquit,
1003 474 1052 500 pro
1067 467 1170 501 populo
1187 473 1302 494 cernens
1317 474 1364 493 eos
1379 474 1393 493 a
1412 466 1513 493 divitiis
1523 487 1530 499 ,
1553 474 1613 501 quae
1627 474 1670 493 se-

886 513 1006 540 cundum
1019 511 1103 539 Deum
1121 517 1195 545 sunt,
1212 512 1245 539 ad
1260 517 1410 539 extremam
1425 517 1611 547 paupertatem
1623 513 1670 540 de-

883 558 984 593 lapsos.

919 604 963 630 11.
976 603 1096 631 Clamavi
1109 603 1143 630 ad
1156 609 1190 636 te,
1204 603 1324 637 Domine,
1342 609 1397 631 tota
1412 604 1465 631 die.
1485 603 1575 631 Unum
1590 604 1669 632 nobis

884 649 985 676 exitum
1005 653 1035 676 ut
1055 657 1069 676 a
1085 649 1163 676 malis
1178 649 1326 676 liberemur
1348 648 1478 683 prabeto,
1504 653 1590 680 tuam,
1613 647 1669 675 Do-

883 696 968 727 mine,
980 695 1190 730 providentiam.
1208 694 1275 721 Nam
1294 702 1401 729 semper
1412 703 1509 722 manus
1521 695 1670 722 extendens

883 747 910 769 te
925 742 1066 775 deprecor.
1083 741 1132 768 Hic
1151 748 1234 776 porro
1249 740 1360 768 ltabitus
1373 741 1501 767 acerbum
1522 741 1605 767 animi
1621 741 1670 767 do-

883 788 968 815 lorem
987 788 1098 814 indicat.
1126 787 1291 814 Necessitate
1311 787 1411 822 quippe
1433 791 1543 814 coactus
1556 787 1670 820 quilibet

883 833 976 864 homo,
996 833 1145 860 ferventius
1156 833 1181 860 ei
1191 833 1324 868 supplicat
1335 833 1381 868 qui
1396 833 1421 860 id
1439 832 1555 860 tribuere
1569 837 1667 867 potest.

74 914 126 965 Mi)
153 932 216 965 τοῖς
240 932 357 966 νεκροῖς
379 931 516 964 ποιήσεις
543 931 712 966 θαυμάσια;
732 931 828 964 Ἰατροὶ

920 931 962 957 12.
978 929 1105 964 Nunquid
1121 930 1231 957 mortuis
1241 930 1322 964 facies
1335 929 1469 956 mirabilia
1479 930 1490 955 2’
1500 929 1595 956 Mediri
1609 937 1669 956 sus—

35 977 273 1010 ἁνιιστὴσουσι;
286 978 341 1009 Τὰς
358 978 447 1009 αἰτίας
455 979 528 1013 ἡμᾶς
539 977 658 1004 διδάσκει
669 977 719 1012 τῆς
734 978 774 1008 είς
786 978 832 1004 τὸν

37 1024 159 1050 θανατον
185 1023 268 1049 αὑτοῦ
295 1023 420 1055 καθόδου,
436 1023 574 1058 μονονουχὶ
596 1023 698 1056 λέγων·
722 1023 831 1058 Ἐπειδὴ

35 1069 102 1096 οὔτε
126 1070 234 1104 νεκροῖς
261 1069 381 1102 δυνατὸν,
397 1070 474 1105 φησὶ,
493 1070 658 1106 ποιήσασθαι
681 1060 830 1105 Θαυμάσιά,

35 1115 103 1142 οὔτε
125 1116 229 1151 ίατροῖς
242 1116 413 1150 ’άναστῆσαι,
438 1116 480 1142 ἵνα
502 1115 750 1151 ὲξομολογήσωνταί
778 1125 830 1148 σοι,

34 1161 102 1188 οὒτε
119 1162 174 1196 μὴν
189 1162 213 1188 οἱ
230 1162 259 1188 ἐν
272 1163 305 1197 τῇ
320 1162 443 1197 ἀπωλείᾳ
455 1161 562 1188 δυνατοὶ
577 1160 646 1197 ἦσαν
669 1162 771 1196 γνῶναι
785 1170 830 1188 σου

33 1206 86 1241 τὴν
111 1206 256 1241 ἀλήθειαν
276 1206 371 1233 τούτου
394 1207 482 1242 χάριν,
496 1204 519 1234 ὦ
535 1207 635 1243 Πάτερ,
650 1207 697 1234 καὶ
722 1209 778 1239 τοῖς
802 1208 831 1234 ὲν

34 1252 104 1287 ᾅδου
121 1252 351 1288 καταλελόγισμαι
362 1261 369 1268 υ
392 1253 436 1279 ἴνα
452 1253 617 1284 ἀναστάντες
632 1253 656 1280 οἱ
672 1254 701 1279 ὲν
721 1254 754 1288 τῇ
773 1254 831 1279 ἐπι-

33 1298 196 1335 )ελησμένῃ
221 1300 256 1334 γῇ
279 1299 326 1326 καὶ
347 1299 403 1326 τῶν
428 1299 588 1334 θαυμασίων
609 1308 656 1326 σου
671 1300 767 1335 πεῖραν
781 1299 830 1327 λά-

33 1344 125 1376 ϐοιεν,
143 1345 191 1371 καὶ
212 1344 396 1380 διηγήσωνται
418 1346 444 1372 οἱ
471 1346 554 1373 πάλαι
577 1346 606 1372 ὲν
621 1345 661 1381 τῷ
675 1345 766 1372 σκότει
781 1346 830 1382 τὴν

33 1389 171 1424 ἀλήθειάν
185 1397 242 1417 σου.

71 1435 125 1470 Μὴ
140 1435 315 1470 διητήσεται
333 1445 378 1470 τις
396 1436 432 1464 ἐν
447 1437 487 1470 τῷ
502 1437 583 1472 τάφῳ
594 1437 635 1472 tu)
654 1437 740 1471 ἔλεός
755 1445 830 1470 σου;

33 1480 83 1516 Μὴ
98 1481 222 1513 δυνατὸν,
236 1481 312 1517 φησὶ,
321 1482 383 1513 τοὺς
395 1482 435 1513 εἰς
445 1481 518 1508 κόνιν
532 1481 705 1513 διαλυθέντας
718 1483 830 1518 νεκροὺς

33 1527 87 1554 καὶ
105 1528 135 1554 ὲν
158 1527 197 1562 τῷ
214 1526 287 1562 ζόφῳ
311 1527 358 1553 τοῦ
385 1527 500 1554 Θανάτου
527 1528 680 1562 διάγοντας,
697 1528 744 1555 καὶ
760 1528 829 1564 λήθῃ

883 976 1022 1003 citabunt?
1041 975 1096 1003 Nos
1109 976 1204 1003 edocet
1224 984 1285 1010 qua:
1305 983 1386 1003 causa
1408 976 1444 1003 sit
1476 975 1546 1010 quod
1575 976 1669 1002 mortis

882 1029 1004 1058 tempore
1031 1022 1212 1053 descenderit,
1246 1026 1350 1049 tantum
1382 1029 1436 1048 non
1466 1021 1502 1048 ita
1534 1020 1666 1055 loquens:

883 1070 1027 1103 Quoniam,
1051 1068 1149 1104 inquit,
1166 1075 1254 1103 neque
1270 1067 1372 1094 mortui
1395 1072 1510 1101 possunt
1533 1066 1668 1094 mirabilia

882 1118 981 1150 facere,
999 1124 1086 1152 neque
1102 1116 1199 1144 medici
1215 1115 1347 1143 suscitare
1361 1118 1390 1140 ut
1405 1108 1586 1140 confiteantur
1596 1111 1645 1139 tibi
1659 1130 1668 1143 ,

881 1171 970 1199 neque
981 1163 999 1190 ii
1015 1163 1061 1198 qui
1076 1162 1104 1189 in
1120 1161 1240 1197 pernicie
1256 1164 1334 1188 erant
1356 1166 1437 1187 nosse
1455 1157 1669 1193 poterant_veri-

882 1215 964 1238 tatem
985 1214 1071 1242 tuam,
1101 1207 1184 1243 hujus
1209 1207 1247 1234 rei
1263 1206 1360 1242 gratia,
1375 1213 1392 1232 ο
1413 1204 1510 1237 Pater,
1526 1207 1670 1238 reputatus

881 1264 942 1284 sum
966 1263 1028 1283 cum
1053 1255 1087 1282 iis
1099 1254 1146 1290 qui
1163 1258 1228 1281 sunt
1252 1253 1280 1280 itt
1306 1251 1434 1284 inferno;
1451 1255 1484 1278 ut
1495 1249 1620 1278 suscitati
1647 1249 1668 1276 ii

881 1302 928 1336 qui
947 1305 1011 1328 sunt
1030 1300 1058 1327 in
1078 1304 1150 1328 terra
1178 1298 1336 1330 oblivionis,
1362 1296 1530 1324 mirabilium
1557 1300 1667 1322 tuorum

880 1347 1095 1382 experimentum
1122 1346 1267 1380 accipiant,
1292 1349 1319 1371 et
1336 1343 1383 1378 qui
1412 1342 1477 1371 olim
1496 1343 1524 1370 in
1547 1342 1668 1370 tenebris

880 1397 958 1422 erant
969 1397 1096 1421 enarrent
1110 1393 1250 1419 veritatem
1266 1397 1351 1418 luant.

917 1440 961 1467 15.
978 1439 1106 1474 Nunquid
1117 1438 1251 1465 enarrabit
1266 1437 1363 1472 aliquis
1378 1437 1405 1464 iu
1430 1435 1550 1471 sepulcro
1564 1434 1668 1461 miseri-

881 1485 999 1513 cordiam
1014 1490 1087 1512 tuam
1098 1486 1110 1511 .9
1121 1483 1190 1512 Num
1208 1488 1307 1519 potest,
1321 1483 1421 1518 inquit,
1436 1482 1504 1515 ﬁeri,
1521 1487 1550 1509 ut
1566 1481 1668 1510 mortui

880 1531 908 1559 in
927 1532 1065 1567 pulverem
1084 1531 1184 1558 redacti
1208 1531 1255 1565 qui
1278 1531 1306 1557 in
1326 1530 1422 1557 umbra
1441 1529 1537 1556 mortis
1553 1529 1666 1563 degunt.

32 1572 282 1609 παραδεδομένους,
297 1573 348 1609 τῆς
363 1574 413 1609 σῆς
427 1573 538 1600 ἔσεσθαι
553 1573 766 1610 φιλανθρωπίας,
783 1575 828 1601 καὶ

924 1578 1055 1605 oblivioni
1066 1577 1157 1604 traditi
1171 1581 1244 1610 sunt,
1257 1580 1309 1604 tua:
1323 1576 1378 1604 sittt
1392 1575 1543 1604 clementiae
1555 1574 1669 1610 partici-

31 1619 93 1646 τῶν
108 1619 163 1645 σῶν
173 1619 319 1654 θαυμάτων
334 1619 432 1652 θεατὰς
444 1619 614 1654 καταστῆσαι
628 1628 635 1653 ;

71 1667 126 1701 Μὴ
152 1666 360 1701 γνωσθήσεται
381 1668 417 1694 ἐν
439 1666 479 1699 τῷ
500 1667 601 1694 σκότει
621 1666 658 1693 τὰ
681 1665 831 1701 θαυμάσιά

33 1720 117 1744 σου;
131 1712 237 1747 Ὥσπερ
257 1712 286 1738 ἐν
307 1712 364 1743 τοῖς
376 1710 542 1738 ἀπολωλόσιν
556 1711 605 1738 οὐκ
619 1710 691 1737 ἔστιν
707 1710 829 1747 ἀλήθεια,

32 1756 125 1788 οὕτως
149 1757 178 1782 ὲν
199 1757 255 1788 τοῖς
269 1756 470 1792 ὲσκοτισμένοις
485 1756 536 1782 οὐκ
550 1755 607 1782 ἐστι
622 1755 771 1792 θαυμάσια.
790 1757 828 1791 Γῆ

33 1802 238 1838 ἑπιλελησμένη
254 1802 312 1828 ἐπὶ
324 1802 397 1838 ψυχὴ
413 1801 509 1838 λογικὴ
525 1802 581 1828 τῶν
592 1801 640 1829 τοῦ
653 1802 731 1836 ἁγίου
742 1802 829 1829 Πνεύ-

33 1856 126 1884 ματος
141 1848 238 1883 ἑστερη
244 1848 311 1883 μένη
325 1848 449 1884 καρπῶν.

71 1895 138 1922 Ἵνα
160 1895 199 1926 τι,
220 1895 318 1929 Κύριε,
338 1894 464 1928 ἀπωθεῗς
479 1895 537 1928 τὴν
552 1895 658 1930 ψυχήν
671 1904 741 1930 μου,
755 1895 828 1922 ἀπο-

33 1940 178 1975 στρέφεις
191 1939 225 1966 τὸ
239 1941 400 1974 πρόσωπόν
415 1947 473 1968 σου
485 1941 535 1967 ἀπ’
547 1941 635 1976 ἐμοῦ;
652 1941 681 1968 '0
700 1941 748 1976 μὲν
760 1941 829 1977 ὑπὲρ

32 1985 83 2012 τοῦ
100 1984 167 2011 λαοῦ
186 1983 365 2020 προσηύχετο,
376 1985 400 2011 οἱ
413 1984 440 2011 δὲ
454 1985 578 2017 ἀναξίους
593 1986 704 2017 ἑαυτοὺς
717 1986 766 2021 τῆς
778 1994 830 2012 σω-

32 2032 136 2067 τηρίας
159 2030 192 2056 δι’
209 2029 362 2066 ὑπερϐολὴν
389 2030 488 2062 κακίας
512 2032 721 2066 ἀποφαίνονται·
748 2032 829 2058 οἱονεὶ

35 2085 180 2114 ιπρακτον
204 2075 288 2103 αὑτοῦ
311 2075 359 2112 τὴν
383 2077 453 2112 ὑπὲρ
476 2077 564 2104 αὐτῶν
591 2077 771 2109 καθιστῶντες
785 2079 828 2104 εὺ-

34 2133 98 2159 χην-

70 2169 193 2204 Πτωκός
206 2170 263 2203 εἰμι
275 2169 332 2204 ἐγὼ
341 2169 390 2196 καὶ
402 2169 436 2196 ἐν
447 2170 551 2202 κόποις
561 2169 594 2196 ἐκ
606 2170 747 2204 νεότητός
755 2179 826 2204 μου.

33 2216 148 2252 Πτωχὸς
162 2216 211 2251 μὲν
224 2215 268 2242 διὰ
282 2216 312 2241 τὸ
327 2215 419 2242 δούλου
434 2212 525 2242 λαϐεῖν
543 2217 665 2251 μορφήν
683 2217 712 2242 ὲν
732 2216 825 2248 κόποις

880 1631 937 1658 pes.
951 1628 979 1650 et
998 1627 1106 1650 tuorum
1123 1623 1288 1650 mirabiliutn
1301 1621 1508 1655 speculatores?

916 1667 961 1696 Η.
980 1667 1109 1702 Nunquid
1136 1672 1324 1702 cognoscentur
1349 1667 1377 1693 in
1398 1665 1510 1692 tenebris
1530 1665 1667 1692 mirabilia

881 1714 948 1741 tua?
969 1712 1201 1747 Quemadmodum
1220 1712 1291 1748 apud
1310 1719 1357 1740 eos
1384 1712 1430 1747 qui
1445 1712 1586 1747 perierunt
1612 1720 1666 1739 non

879 1764 921 1787 est
930 1759 1045 1791 veritas;
1059 1759 1095 1786 ita
1109 1759 1178 1793 apud
1191 1766 1238 1786 eos
1255 1758 1302 1792 qui
1329 1758 1356 1784 in
1381 1757 1500 1785 tenebris
1517 1764 1591 1789 sunt,
1610 1765 1666 1785 tton

880 1809 945 1833 sunt
956 1805 1100 1832 mirabilia.
1117 1804 1201 1831 Terra
1213 1804 1368 1837 oblivionis,
1381 1808 1424 1831 est
1436 1804 1526 1831 anima
1543 1804 1665 1831 rationa-

879 1851 913 1878 lis
927 1850 1061 1878 fructibus
1079 1849 1197 1885 Spiritus
1211 1850 1299 1877 sancti
1317 1850 1429 1884 privata‘.

916 1896 959 1923 15.
981 1895 1090 1931 thuid,
1115 1896 1243 1928 Domine,
1269 1895 1372 1929 repellis
1401 1895 1545 1922 orationem
1569 1903 1664 1923 nteant.

880 1943 976 1970 avertis
993 1942 1088 1977 facient
1103 1946 1176 1968 tuam
1188 1950 1204 1967 a
1220 1941 1281 1967 me?
1296 1941 1343 1968 Ille
1365 1941 1475 1975 quidem
1499 1948 1549 1976 pro
1566 1941 1666 1975 populo

879 1989 1052 2024 precabatur,
1078 1987 1128 2022 ipsi
1153 1994 1218 2013 vero
1240 1986 1274 2014 ob
1292 1987 1427 2020 ingentem
1455 1986 1587 2013 malitiam
1605 1993 1666 2013 sese

879 2035 966 2062 salute
982 2034 1109 2067 indignos
1127 2033 1253 2065 redduttt,
1271 2032 1309 2059 ita
1326 2036 1355 2058 ut
1368 2031 1428 2066 ejus
1444 2032 1596 2059 orationem
1614 2039 1665 2066 pro

879 2079 945 2112 ipsis
959 2078 1078 2105 oblatam
1092 2077 1170 2112 quasi
1188 2076 1310 2104 inutilem
1325 2075 1452 2103 eﬂieiant.

915 2166 958 2194 16.
981 2166 1088 2202 Pauper
1104 2174 1162 2194 sum
1186 2175 1232 2202 ego
1245 2171 1269 2193 et
1289 2167 1317 2193 in
1339 2166 1474 2193 laboribus
1494 2175 1510 2193 a
1526 2171 1666 2201 juventute

878 2221 946 2240 mea.
967 2213 1073 2248 Pauper
1084 2213 1194 2248 quidem
1212 2213 1276 2247 quia
1301 2213 1370 2241 servi
1397 2213 1513 2240 fortnam
1540 2215 1663 2249 accepit;

31 2264 61 2290 δὲ
78 2264 110 2289 ἐκ
125 2263 261 2297 νεότητος,
283 2262 349 2287 διότι
371 2262 402 2288 ὲκ
426 2261 590 2296 σπαργάνων
613 2261 702 2288 αὐτῶν
715 2262 827 2288 ἐπεϐου-

922 2261 1062 2288 laboribus
1081 2266 1171 2287 autent
1198 2268 1212 2287 a
1227 2260 1379 2295 iuventute,
1398 2261 1462 2296 quia
1480 2262 1514 2289 ab
1531 2262 1598 2296 ipsis
1619 2263 1663 2290 itt—

32 2310 129 2336 λεύετο
152 2309 230 2344 παρά
255 2317 285 2334 τε
315 2307 432 2343 Ἡρώδου
462 2307 509 2334 καὶ
537 2308 590 2334 τῶν
616 2309 715 2343 ὁμοίων
741 2309 823 2344 αὐτῷ.

38 2355 179 2390 Ὑψωθείς
197 2354 232 2381 δὲ
246 2353 445 2387 ἐταπεινώθην
464 2354 513 2380 καὶ
530 2353 826 2389 ἐξηπορήθην.’¹Υψω-

33 2411 76 2429 σιν
93 2402 142 2438 μὲν
157 2401 207 2438 τὴν
231 2401 278 2427 ἐπὶ
300 2399 347 2427 τοῦ
365 2400 480 2435 σταυροῦ
502 2399 594 2427 ἄνοδόν
612 2409 688 2435 φησι,
709 2401 778 2427 κατὰ
796 2399 824 2427 τὸ

32 2449 180 2485 εἰρημένον
193 2446 330 2474 ὑπἀὐτοῦ
339 2455 346 2462 ⁸
364 2447 453 2473 Ὅταν
465 2445 608 2480 ὑψώσητε
621 2446 676 2472 τὸν
693 2446 763 2472 Υὶόν
770 2446 823 2473 τοῦ

32 2494 202 2529 ἀνθρώπου.
225 2494 261 2520 Τὸ
284 2493 322 2525 δὲ,
348 2492 558 2526 ὲταπεινώθην,
584 2491 627 2518 διὰ
651 2492 700 2528 τὴν
728 2491 824 2527 μέχρις

34 2541 97 2567 iam.)
113 2539 228 2566 κάθοδον
244 2538 330 2572 λέγει.

72 2586 132 2612 Ἐπ’
144 2584 199 2619 ἐμὲ
220 2583 347 2618 διῆλθον
370 2585 400 2610 al
422 2583 506 2617 ὀργαί
521 2591 589 2610 σου.
608 2583 712 2614 Πᾶσαν,
731 2582 823 2617 φησὶν,

35 2632 163 2667 ὲκίνησας
186 2631 246 2657 κατ’
262 2629 329 2666 ἐμοῦ
344 2630 392 2665 τὴν
406 2630 489 2665 ὀργήν
499 2637 506 2644 ”
530 2630 576 2656 καὶ
596 2631 654 2660 ταῖς
668 2628 824 2664 φοϐερωτά-

32 2684 90 2707 ταις
106 2684 139 2711 με
157 2675 319 2711 διετάραξας
332 2675 488 2710 τιμωρίαις,
501 2675 547 2701 καὶ
566 2675 677 2706 ταύταις
697 2675 822 2710 καθάπερ

33 2721 124 2749 ὕδασιν
139 2721 304 2758 ὑποϐρύχιόν
320 2731 353 2758 με
370 2721 533 2756 πεποίηκας.

0 2762 30 2782 "’
72 2768 256 2804 Ἐμάκριννας
267 2768 318 2796 ἀπ’
335 2767 408 2803 ἐμοῦ
426 2768 517 2802 φίλον
538 2767 586 2797 καί
610 2768 743 2802 πλησίον
768 2768 817 2797 καί

61 2878 86 2897 ³⁸
96 2877 178 2907 Joan.
192 2886 250 2912 vm,
263 2878 308 2905 28.

877 2307 1031 2340 cunabulis,
1045 2306 1161 2334 Herodis
1176 2312 1203 2334 et
1219 2308 1349 2335 similium
1365 2308 1416 2343 ipsi
1437 2309 1578 2335 hominum
1593 2309 1645 2336 insi
1656 2324 1663 2329 -

875 2353 929 2394 aliis
946 2354 1082 2388 appetitus
1101 2357 1153 2380 est.
1177 2353 1320 2381 Exaltatus
1336 2359 1424 2381 autem
1438 2355 1594 2382 humiliatus
1603 2362 1663 2382 sum

872 2398 900 2424 ἐι
931 2398 1112 2425 conturbatus.
1139 2399 1335 2426 Exaltationem
1363 2400 1428 2427 dicit
1452 2408 1596 2428 ascensum
1627 2401 1661 2427 ad

875 2452 982 2472 crucem
996 2467 1002 2478 ,
1019 2445 1097 2480 juxta
1120 2445 1145 2472 id
1167 2446 1238 2480 quod
1257 2446 1291 2472 ab
1305 2446 1351 2472 illo
1379 2447 1482 2473 dictum
1509 2451 1551 2474 est
1570 2456 1576 2474 :
1594 2446 1661 2474 Cum

872 2491 1052 2518 exultaveritis
1071 2490 1168 2518 Filium
1186 2491 1300 2518 hominis
1317 2492 1348 2518 η.
1365 2491 1432 2519 lllud
1447 2497 1550 2525 autent,
1571 2492 1660 2520 Immi-

873 2538 954 2565 liatus
969 2546 1038 2571 sum,
1053 2538 1088 2566 de
1100 2546 1151 2565 suo
1167 2538 1194 2565 in
1211 2538 1348 2565 infernum
1363 2539 1495 2566 descensu
1512 2540 1560 2566 ait.

909 2584 954 2616 l7,
976 2584 1018 2610 18.
1035 2583 1068 2610 In
1088 2592 1128 2610 me
1151 2585 1311 2611 transierunt
1327 2585 1376 2612 ira:
1390 2591 1452 2617 tute,
1470 2590 1523 2612 etc.
1544 2585 1658 2612 Omnem

872 2630 952 2662 iram,
967 2630 1066 2665 inquit,
1080 2630 1226 2657 adversum
1248 2638 1292 2657 tne
1306 2631 1429 2658 exeitasti
1443 2640 1450 2664 ;
1472 2636 1498 2658 et
1518 2631 1660 2658 terribilis-

874 2676 951 2703 sintis
973 2683 1018 2702 me
1041 2676 1181 2710 suppliciis
1207 2677 1389 2708 conturbasti,
1412 2677 1501 2711 iisque
1516 2684 1564 2703 ceu
1577 2677 1658 2710 aquis

873 2729 916 2748 tne
932 2721 1094 2750 demersisti.

907 2768 950 2796 19.
966 2768 1105 2804 Elongatti
1118 2778 1133 2796 a
1149 2777 1188 2796 me
1202 2769 1317 2797 amicum
1330 2774 1355 2796 et
1373 2769 1532 2804 proximum,
1544 2772 1568 2795 et
1579 2771 1657 2796 ttat/eo
