1891 3061
23 133 86 161 585

540 131 722 159 EXPOSI'I'IO
737 130 771 158 IN
793 130 958 158 PSALMUM
979 130 1148 158 LXXXVIII.

1606 127 1660 156 386

23 194 96 225 τοὺς
121 191 255 227 ἀγγέλους
281 191 503 226 εὐαγγελίζεσθαι
515 191 658 226 λέγοντας·
680 192 744 218 Ὀτι
761 191 814 218 ἑτέ

891 191 1000 218 ιιινθτίιιι
1011 191 1132 218 dicentes
1148 197 1155 216 :
1177 189 1247 222 Quia
1258 193 1336 216 natus
1347 193 1386 216 est
1400 187 1473 215 nobis
1488 186 1565 214 hodie
1579 185 1659 214 Chri-

22 241 91 273 χθη
104 238 177 273 ἡμῖν
185 237 450 272 σήμερονΧριστὸς
457 238 564 272 Κύριος
574 238 608 264 ἐν
622 237 707 264 πόλει
722 237 821 264 Δαυΐδ.

24 285 90 312 Καὶ
103 285 198 321 ἐτέρας
212 284 240 311 δὲ
253 284 417 320 ἐπουρανίου
431 284 575 320 στρατείας
592 283 694 318 πλῆθος
711 283 824 318 ὀφθῆναι

24 330 184 365 λεγόντων”
198 331 276 362 Δόξα
289 330 325 357 ἐν
338 331 479 364 ὑψίστοις
496 329 567 362 Θεῷ,
582 330 631 356 χιιι
645 329 693 356 ἐπὶ
712 328 767 364 τῆς
784 330 824 356 ει-

19 376 124 412 ,σύνη-

71 424 136 450 ”οτι
149 423 193 456 τίς
206 422 241 450 ὲν
254 421 396 457 νεφέλαις
415 421 593 455 [σωθήσεται
610 420 650 454 τῷ
667 421 779 455 Κυρίῳ;
794 421 825 447 Εἰ

26 470 80 496 καὶ
95 469 206 504 γέγονεν
223 468 376 505 ἄνθρωπος.
394 469 486 504 φησὶν,
499 469 512 494 6
524 467 688 503 Μονογενὴς,
702 467 748 494 καὶ
763 467 826 494 καθ-

26 517 98 551 ῆκεν
113 515 211 542 ἑαυτὸν
231 516 272 547 εἰς
290 515 414 542 ἑκούσιον
426 515 552 547 κένωσιν,
567 515 613 541 καὶ
629 514 707 541 ἔλαϐε
719 514 767 550 τὴν
778 513 825 540 τοῦ

26 562 130 589 δούλου
147 563 269 597 μορφήν·
289 561 358 588 ἀλλὰ
384 562 430 588 καὶ
456 561 542 594 οὕτως
567 562 640 587 ἐστὶν
663 561 826 596 ἀσύγκριτος

28 608 106 643 ὑπὲρ
118 607 222 639 πάντας
235 608 281 634 καὶ
294 608 435 643 οὐρανίους
454 608 580 643 δυνάμεις
589 616 595 622 ”
607 608 635 634 αἱ
654 608 702 643 μὲν
716 607 770 644 γὰρ
786 608 826 634 οι-

29 652 144 679 κετικὸν
165 652 254 687 ἔχουσι
269 652 378 687 τάγμα·
398 654 412 679 ὁ
424 653 453 679 δὲ
468 653 604 688 Δεσπότης
622 653 676 679 τῶν
690 653 757 679 ὅλων
769 653 827 679 ἐστὶ

29 700 82 725 καί
97 698 202 734 κύριος.
219 698 299 726 Ἀλλὰ
315 699 368 735 μὴν
381 700 441 734 οὐδὲ
457 700 491 726 ἐν
503 699 578 733 υἱοῖς
596 699 669 727 Θεοῦ
683 700 774 734 ὅμοιός
786 700 826 732 τίς

28 745 110 770 ἐστιν
135 743 220 778 αὐτῷ.
237 744 292 771 Καὶ
314 744 392 771 τοῦτο
409 745 485 771 αὐτοὶ
507 745 674 781 μαρτυροῦσι
692 745 825 779 λέγοντες,

28 791 74 816 ὅτι
96 791 148 817 Ἐκ
161 790 214 817 τοῦ
225 790 420 826 πληρώματος
429 792 521 819 αὐτοῦ
535 792 646 826 πάντες
659 792 745 827 ἡμεῖς
758 792 827 819 ἐλά-

29 837 135 872 σομεν.
147 837 251 864 Οὐκοῦν
263 839 277 864 ὁ
292 837 341 873 μὲν
351 838 460 865 δίδωσιν
471 838 509 870 ὡς
521 838 597 871 Θεὸς,
608 839 633 865 οἱ
642 839 670 865 δὲ
683 839 826 865 πλουτοῦσι

28 883 65 910 τὰ
78 885 147 919 παρ’
163 883 257 910 αὑτοῦ.

73 929 102 956 ’0
117 929 191 962 Θεὸς
207 929 437 965 ἐνδοξαζόμενος
455 930 490 957 ἐν
500 929 603 965 ,ϐουλῇ
617 931 718 965 ἁγίων,
732 929 826 965 μέγας

29 973 82 1000 καὶ
116 975 252 1008 φοσερός.
267 975 372 1010 Ὥσπερ
396 976 421 1001 oi
449 975 572 1002 ἁσύνετοι
609 976 828 1008 σκανδαλίζονται

29 1018 156 1054 ὁρῶντες
173 1019 255 1046 αὐτὸν
270 1021 298 1046 ὲν
314 1021 348 1055 τῇ
377 1020 424 1047 τοῦ
446 1020 537 1048 δούλου
564 1024 666 1057 μορφῇ,
683 1022 827 1055 ἀκούοντες

29 1064 60 1090 δὲ
72 1064 202 1099 λέγοντος
220 1065 303 1092 αὐτοῦ
316 1074 323 1081 ·
345 1066 418 1102 Ἐγώ
433 1068 492 1101 ειμι
508 1068 527 1101 ἠ
545 1067 684 1101 ἀλήθεια·
698 1069 754 1101 καὶ,
767 1068 828 1103 Πρὸ

29 1112 86 1139 τοῦ
105 1112 231 1147 Ἀϐραὰμ
256 1114 395 1148 γενέσθαι
420 1114 477 1148 ἐγώ
501 1115 579 1148 εἰμι·
598 1114 684 1146 οὕτως
704 1115 728 1142 οἱ
756 1116 827 1149 ἅγιοι

29 1158 189 1193 τοῦμπαλιν
206 1158 361 1192 δοξάζουσιν
379 1159 469 1192 αὐτὸν,
484 1160 530 1187 καὶ
555 1161 642 1196 μέγαν
653 1161 700 1187 καὶ
714 1161 828 1196 φοϐερὸν

29 1205 160 1231 καλοῦσι.
171 1205 225 1232 Καὶ
241 1205 320 1232 τοῦτο
332 1206 436 1233 ἐκεῖθεν
449 1206 537 1241 δῆλον,
555 1207 586 1233 ἐκ
601 1206 647 1233 τοῦ
660 1207 705 1234 τὸν
718 1208 765 1242 μὲν
777 1208 827 1234 Πέ-

28 1259 97 1286 τρον
121 1250 220 1286 ὥσπερ
243 1251 284 1279 ἐκ.
303 1251 435 1287 στόματος
459 1253 588 1279 ἁπάντων
616 1253 695 1288 βοᾷν·
717 1254 758 1280 Σὺ
772 1253 827 1281 εἷό

29 1297 165 1331 Χριστὸς
181 1299 198 1324 ὀ
220 1299 286 1331 Υιὸς
309 1299 362 1325 τοῦ
387 1299 461 1325 Θεοῦ
487 1298 540 1325 τοῦ
562 1298 683 1332 ζῶντος·
705 1300 785 1326 πάλιν
799 1301 828 1327 δὲ

28 1345 97 1375 τοὺς
122 1344 246 1375 πάντας
270 1344 396 1378 Ἀληθῶς
421 1345 494 1372 Θεοῦ
516 1344 582 1378 Υἱὸς
597 1343 640 1372 εἷ·
656 1346 700 1372 ὅτε
726 1347 759 1381 τῇ
785 1345 829 1372 θαο

29 1389 123 1425 λάτσῃ
142 1390 191 1416 καὶ
207 1391 263 1421 τοῖς
279 1389 389 1424 ἀνέμοις
403 1389 580 1426 ἐπετίμησεν.

67 1435 208 1468 Δυνατὸς
219 1433 256 1467 εἷ,
273 1436 371 1469 Κύριε,
391 1436 439 1462 καὶ
455 1437 474 1470 ἢ
491 1436 616 1469 ἀλήθειά
645 1445 703 1464 σου
727 1438 829 1470 κύκλῳ

29 1488 108 1509 σου·
134 1481 178 1508 σὺ
194 1481 347 1514 ὃεσπόζεις
362 1482 414 1508 τοῦ
435 1482 562 1516 κράτους
583 1482 636 1516 τῆς
658 1483 827 1517 θαλάσσης.

874 241 931 263 stus
944 236 1071 262 Dominus
1089 236 1115 262 in
1131 235 1235 261 civitate
1261 233 1346 260 David
1360 233 1393 260 ".
1413 231 1446 259 Et
1463 231 1534 266 quod
1547 229 1661 257 alterius

874 283 993 310 cmlestis
1003 282 1139 309 exercitus
1154 280 1299 307 multitudo
1313 279 1371 306 visa
1386 277 1469 305 fuerit
1487 277 1637 305 dicentium
1652 285 1660 302 :

875 328 966 356 Gloria
978 330 1004 355 in
1019 328 1128 355 excelsis
1145 327 1206 360 Deo,
1218 331 1242 353 et
1261 327 1288 353 in
1300 331 1371 352 terra
1382 333 1436 359 pax
1451 324 1484 351 ’⁸.

912 427 936 453 7.
950 426 1080 459 Quoniam
1095 426 1153 461 quis
1177 425 1204 452 in
1219 425 1331 452 nubibus
1358 425 1506 460 aequabitur
1530 424 1661 451 Domino?

875 471 1001 504 Etiamsi,
1018 472 1115 506 inquit,
1135 469 1298 506 Unigenitus
1311 470 1401 498 factus
1418 471 1452 498 sit
1467 471 1560 503 homo,
1577 475 1604 497 et
1615 469 1661 496 de-

877 518 950 545 misit
966 525 996 545 se
1011 518 1043 545 ad
1060 517 1244 544 voluntariam
1261 516 1477 549 evacuationem,
1490 521 1569 550 atque
1585 523 1661 543 acce-

877 566 914 600 pit
929 565 999 592 servi
1013 564 1139 597 formam,
1157 564 1231 598 atqui
1247 564 1328 590 etiam
1345 563 1384 590 sic
1407 567 1450 590 est
1465 561 1661 596 incomparabi-

876 612 920 644 lis,
936 615 963 638 et
977 618 1072 638 omnes
1086 611 1167 638 etiam
1180 610 1304 638 cmlestus
1317 610 1430 636 virtutes
1445 608 1592 635 antecellit.
1607 607 1661 635 Illa

877 665 994 692 namque
1009 657 1190 684 domesticum
1206 660 1233 683 et
1247 655 1452 683 ministerialem
1470 655 1571 681 habent
1589 654 1662 681 σι’.ιὶ-

877 711 955 736 nent;
974 703 1104 730 Dominus
1118 707 1207 729 autem
1223 702 1412 728 universorum
1435 706 1476 728 est
1495 700 1662 728 dominator.

877 749 934 776 Imo
949 756 1012 775 vero
1024 756 1111 783 neque
1125 749 1151 775 in
1167 748 1230 783 ﬁliis
1244 748 1292 774 Dei
1310 747 1446 782 quispiam
1462 747 1561 774 similis
1569 746 1594 773 ei
1609 751 1661 773 est.

878 797 910 823 Et
926 797 977 824 hoc
999 797 1048 831 ipsi
1067 796 1251 823 testificantur
1267 795 1408 823 dicentes:
1436 793 1477 820 Ea:
1500 793 1666 828 plenitudine

877 842 933 876 ejus
951 850 996 868 nos
1015 849 1103 868 omnes
1133 841 1280 875 accepimus
1303 841 1335 867 ”.
1363 839 1397 866 Et
1421 840 1465 866 ille
1479 840 1590 875 quidem
1617 839 1662 866 dat

879 893 969 922 utpote
986 887 1069 919 Deus,
1087 887 1113 913 hi
1129 894 1193 914 vero
1207 887 1267 921 ejus
1283 886 1363 913 donis
1376 886 1475 912 divites
1495 889 1568 912 sunt.

912 933 939 961 8.
965 932 1035 960 Deus
1051 933 1095 968 qui
1121 933 1288 967 gloriﬁcatur
1305 932 1334 958 in
1364 930 1474 958 consilio
1500 934 1663 962 sanctorum,

878 989 988 1016 magnus
1010 985 1034 1007 et
1064 980 1202 1007 terribilis.
1218 978 1453 1012 Quemadmodum
1479 977 1666 1012 imprudentes

878 1028 1097 1057 scandalizantur
1105 1026 1226 1053 videntes
1239 1033 1300 1052 eum
1312 1025 1338 1052 in
1353 1024 1424 1052 servi
1441 1024 1539 1057 forma,
1555 1024 1664 1051 audien-

877 1080 972 1109 tesque
1001 1077 1090 1100 tamen
1117 1079 1179 1099 eum
1196 1071 1348 1098 dicentem:
1370 1069 1426 1105 Ego
1442 1078 1500 1096 sum
1511 1070 1607 1096 veritas
1621 1068 1662 1101 ³⁶;

877 1125 903 1148 et
919 1129 926 1148 :
953 1121 1101 1154 Antequam
1125 1117 1258 1144 Abraham
1280 1117 1353 1151 ﬁeret
1371 1124 1417 1151 ego
1436 1123 1495 1142 sum
1515 1115 1553 1148 ³¹;
1569 1119 1665 1142 contra

878 1166 964 1194 sancti
980 1165 1132 1200 gloriticant
1158 1171 1232 1195 eum,
1248 1169 1434 1197 magnumque
1459 1168 1490 1188 ac
1514 1160 1664 1188 terribilem

877 1216 984 1238 vocant.
998 1210 1075 1242 Quod
1093 1209 1157 1236 hinc
1172 1209 1261 1243 palam
1275 1212 1326 1240 est,
1349 1208 1421 1241 quod
1444 1207 1542 1234 Petrus
1561 1214 1610 1233 ceu
1629 1214 1664 1233 ex

878 1258 999 1284 omnium
1009 1263 1056 1283 ore
1066 1256 1178 1283 clamet:
1193 1254 1231 1280 Tu
1243 1263 1268 1281 es
1277 1253 1398 1281 C/tris'us
1415 1253 1500 1280 Filius
1509 1252 1557 1279 Dei
1568 1252 1619 1279 uiui
1628 1252 1664 1285 ⁸¹;

878 1309 1027 1336 omnesque
1047 1308 1156 1328 rursum
1175 1307 1181 1324 :
1201 1298 1262 1326 Vere
1284 1298 1373 1325 Filius
1395 1297 1444 1324 Dei
1461 1305 1487 1324 es
1503 1296 1537 1330 ³³,
1555 1295 1669 1331 quando

878 1355 953 1375 mare
965 1352 993 1375 et
1007 1352 1100 1374 ventos
1115 1345 1274 1381 increpavit.

912 1445 996 1479 9,10.
1016 1447 1114 1472 Potens
1134 1453 1171 1476 es,
1194 1443 1316 1476 Domine,
1330 1448 1354 1470 et
1371 1442 1465 1468 veritas
1478 1446 1525 1468 tua
1554 1441 1583 1468 in
1609 1440 1663 1467 cir-

878 1494 951 1520 cuitu
963 1497 1016 1519 tuo.
1036 1492 1074 1519 Tu
1092 1491 1237 1518 dominaris
1252 1490 1378 1524 potestati
1392 1489 1483 1515 maris.
1506 1487 1668 1514 Declaratur

30 1529 180 1555 Δεικνυσιν
194 1529 208 1554 6
220 1528 307 1562 λόγος,
324 1529 362 1561 ὡς
378 1529 457 1561 αὐτὸς
470 1530 484 1556 ό
501 1530 530 1556 ἐν
547 1531 579 1565 τῇ
591 1529 638 1556 τοῦ
654 1529 746 1556 δούλου
763 1538 814 1565 μορ

891 1548 940 1567 :um
956 1539 1002 1574 qui
1025 1539 1052 1565 in
1067 1538 1153 1565 forma
1178 1537 1249 1564 servi
1264 1537 1321 1567 cst',
1347 1535 1471 1561 eumdem
1488 1534 1578 1569 ipsum
1603 1539 1664 1560 esse

30 1577 70 1610 φῇ
85 1575 166 1601 ἐστιν
179 1575 193 1601 ὁ
210 1575 257 1601 καὶ
271 1575 319 1610 τὴν
334 1575 420 1612 ὑγρὰν
439 1576 468 1609 ἐξ
491 1576 577 1611 ἀρχῆς
593 1576 762 1611 παραγαγὼν
780 1577 825 1602 οὑ-

30 1615 116 1647 σίαν’
134 1621 183 1647 καὶ
200 1621 280 1653 αὑτός
302 1621 374 1649 ἐστιν
397 1622 412 1648 6
435 1621 564 1653 τεθεικὼς
586 1622 678 1658 ἄμμον
698 1623 770 1657 ὁριον
792 1624 824 1658 τῇ

31 1666 171 1702 θαλάσσῃ.
187 1666 233 1693 καὶ
243 1666 361 1701 εἰρηκὼς
376 1668 444 1702 αὐτῇ
456 1676 462 1683 ·
477 1667 689 1702 Μέχριτούτου
702 1668 825 1702 ὲλεύσῃ,

31 1713 82 1739 καὶ
96 1715 157 1746 οὐχ
169 1713 444 1748 ύπερϐἠσῃ.¹Εδειξε
454 1714 482 1740 δὲ
491 1714 569 1741 τοῦτο
584 1714 704 1750 ὑπάρχον
716 1714 825 1750 ἀληθὲς,

31 1759 207 1794 ἐπιτιμήσας
229 1759 277 1787 καὶ
300 1761 334 1795 τῇ
359 1759 480 1795 θαλάσσῃ
495 1760 543 1787 καὶ
565 1762 622 1792 τοῖς
644 1760 763 1796 ἀνέμοις,
781 1762 826 1787 ὅτε

33 1805 107 1841 μετὰ
138 1805 195 1832 τῶν
224 1805 352 1841 μαθητῶν
379 1806 518 1833 συνέπλεε.
535 1807 591 1834 Τὸν
609 1806 643 1833 δὲ
657 1806 755 1835 σάλον
769 1806 828 1834 τῶν

32 1851 181 1886 κυμάτων
198 1851 292 1885 αὐτῆς
304 1851 344 1878 σὺ
361 1852 586 1886 καταπραΰνεις.
609 1851 651 1879 Σὺ
669 1852 827 1879 ἐταπείνω-

32 1905 95 1930 σας
111 1897 156 1929 ὡς
171 1897 353 1930 τραυματίαν
377 1897 429 1924 τὸν
451 1896 656 1932 ὑπερήφανον.
677 1897 762 1929 Αὐτὸς
773 1897 827 1934 γάρ

33 1944 112 1969 ἐστιν
128 1943 144 1969 ό
163 1942 248 1976 δήσας
261 1943 307 1968 τὸν
324 1942 432 1978 ἰσχυρὸν
447 1943 494 1969 καὶ
512 1943 558 1969 τὸν
580 1943 763 1978 ὑπερήφανον,
780 1943 828 1970 καὶ

33 1987 176 2021 δεδωκὼς
184 1988 240 2019 τοῖς
251 1987 333 2014 αὲτοῧ
349 1988 453 2014 πατεῖν
464 1988 564 2015 ἐπάνω
575 1989 672 2024 ὄφεων
685 1989 734 2016 καὶ
744 1997 829 2023 σκορ-

35 2034 115 2060 πίων
127 2033 179 2059 καὶ
191 2032 241 2059 ἐπὶ
254 2031 357 2059 πᾶσαν
375 2032 432 2066 τὴν
449 2031 578 2066 δύναμιν
593 2033 646 2059 τοῦ
661 2034 780 2068 ἐχθροῦ.

73 2079 127 2105 Σοί
138 2079 218 2104 εἰσιν
236 2079 262 2104 οι
277 2077 408 2111 οὐρανοὶ,
420 2077 468 2104 καὶ
482 2077 523 2111 σή
536 2077 622 2104 ἐστιν
638 2078 657 2111 ἢ
673 2077 828 2114 γῆ.’¹Ωσπερ

35 2126 89 2161 τῆς
101 2125 240 2160 θαλάσσης
252 2124 389 2159 Δεσπότης
402 2124 485 2156 ἐστὶν,
502 2123 572 2150 οὕτω
584 2124 630 2151 καὶ
643 2124 696 2151 τῶν
708 2125 828 2160 οὐρανῶν

37 2172 156 2207 ποιητὴς
179 2172 227 2198 καὶ
248 2172 298 2206 γῆς
319 2171 437 2206 ἁπάσης.
455 2172 515 2205 Τὴν
532 2171 713 2206 οἰκουμένην
729 2173 777 2198 καὶ
795 2172 827 2199 τὸ

37 2200 187 2253 adripuisti
199 2200 296 2252 aur-1";
306 2218 346 2244 σὺ
358 2200 564 2252 “sitella-ioue.
582 2200 638 2244 re}
650 2200 766 2252 βορῤᾶν
779 2219 827 2251 καὶ
844 2200 866 2228 D

37 2265 98 2298 τὴν
114 2264 275 2291 θάλασσαν
300 2264 341 2291 σὺ
363 2265 495 2297 ἔκτισας.
517 2263 618 2298 Θαϐὼρ
639 2264 690 2291 καὶ
707 2265 827 2299 Ἑρμῶν.

38 2310 81 2337 Τὰ
97 2310 218 2346 τέσσαρα
235 2310 305 2345 μέρη
321 2310 369 2345 τῆς
385 2310 546 2345 οἰκουμένης
557 2309 600 2336 διὰ
611 2309 713 2336 τούτων
730 2310 829 2345 σημαί-

38 2366 96 2384 νει·
113 2357 157 2384 διὰ
175 2357 224 2391 μὲν
241 2356 288 2383 τοῦ
304 2356 390 2392 βορρᾶ
404 2356 438 2383 τὰ
455 2355 566 2392 ἀρκτῷα
588 2356 669 2392 μέρη,
684 2356 728 2382 διὰ
739 2355 767 2382 δὲ
779 2356 828 2391 τῆς

39 2403 179 2437 θαλάσσης
191 2402 226 2429 τὰ
247 2402 297 2437 τῆς
316 2403 442 2437 ἑσπέρας.
459 2402 600 2429 Θάλασσαν
615 2401 670 2437 γὰρ
693 2402 710 2436 ἡ
734 2401 827 2437 Γραφὴ

39 2450 89 2484 τὴν
102 2448 223 2484 ἑσπέραν
236 2449 313 2475 καλεῖ
325 2456 332 2464 ·
346 2448 390 2475 διὰ
401 2448 430 2475 δὲ
445 2448 493 2474 τοῦ
513 2447 619 2483 Ἑρμὼν
633 2448 712 2483 ὅρους
724 2447 770 2473 τὸν
783 2447 828 2474 v6-

39 2504 85 2522 τον
94 2503 102 2511 ·
119 2494 165 2521 διὰ
175 2495 204 2521 δὲ
214 2495 261 2521 τοῦ
278 2494 375 2530 Θαὸὼρ
389 2494 468 2530 ὅρους
482 2495 561 2522 πάλιν
576 2494 624 2529 τὴν
638 2494 780 2530 ἀνατολήν.

77 2541 136 2574 Σὸς
149 2542 166 2568 ὁ
179 2541 314 2575 βραχίων
334 2541 408 2576 μετὰ
430 2541 659 2573 δυναστείας-,Ὀ
676 2540 731 2572 σὸς,
743 2537 766 2566 ὦ
781 2539 830 2566 Δέ-

42 2595 139 2617 σποτα,
156 2586 284 2622 βραχίων,
299 2586 392 2621 φησὶν,
405 2585 568 2621 ὲπιδειχθείη
589 2586 644 2617 τοῖς
667 2586 733 2612 πᾶσι
762 2584 830 2620 μετὰ

40 2632 207 2663 δυναστείας.
223 2631 321 2667 Εἰ.γὰρ
332 2632 378 2658 καὶ
388 2631 498 2665 γέγονεν
510 2631 653 2666 ἄνθρωπος
665 2632 712 2657 καὶ
724 2630 827 2665 πέφηνε

40 2678 102 2706 καθ’
121 2678 207 2713 ἡμᾶς,
227 2677 285 2704 ἀλλ’
295 2677 418 2713 ἐμφανὴς
430 2677 574 2713 κατέστηὴ
588 2677 639 2713 τῆς
653 2676 828 2712 μεγαλειότη-

82 2798 104 2813 "
129 2796 196 2824 Luc.
214 2804 245 2829 ιι,
262 2796 305 2822 ll.
336 2795 359 2811 “
375 2795 441 2823 ibid.
455 2795 497 2822 Η.
540 2795 562 2810 ’⁸
577 2794 692 2827 103ml,
710 2794 753 2822 16.
795 2793 814 2809 ³⁸

891 2802 908 2820 I.
932 2794 1030 2829 “v.76.

876 1585 922 1619 qui
936 1584 1076 1611 humidam
1089 1582 1270 1610 substantiam
1282 1580 1429 1615 produxit;
1441 1584 1523 1613 atque
1535 1578 1662 1605 eumdem

877 1631 966 1664 ipsum
981 1637 1041 1655 esse
1055 1629 1100 1662 qui
1117 1628 1208 1661 posuit
1232 1634 1342 1652 arenam
1356 1627 1382 1651 in
1398 1625 1544 1650 terminum
1561 1623 1645 1649 maris

876 1679 903 1703 et.
918 1675 987 1702 dixit
1010 1674 1036 1701 ei
1053 1682 1060 1700 :
1081 1672 1223 1707 Hucusque
1249 1671 1345 1703 venies,
1371 1677 1417 1696 nec
1432 1667 1605 1704 pertransibis
1627 1667 1660 1695 “.

877 1722 934 1750 Hoc
947 1726 1036 1748 autem
1053 1727 1145 1747 verum
1159 1727 1220 1747 esse
1239 1716 1467 1745 commonstravit
1485 1714 1595 1750 quando
1619 1713 1661 1740 in-

877 1769 997 1804 crepavit
1024 1775 1100 1795 mare
1113 1771 1141 1794 et
1154 1770 1259 1798 ventos,
1285 1772 1347 1792 cum
1376 1763 1515 1798 navigaret
1528 1769 1582 1789 una
1597 1768 1660 1788 eum

876 1814 1028 1849 discipulis.
1045 1813 1148 1839 Malunt
1163 1815 1250 1838 autem
1268 1811 1397 1845 [luctuum
1414 1808 1471 1843 ejus
1495 1813 1524 1834 tu
1543 1808 1661 1842 mitigas.

879 1861 918 1889 Tu
930 1859 1078 1887 Itumiliasti
1089 1858 1157 1885 sicut
1174 1856 1339 1883 uulneratum
1350 1855 1500 1890 superbum.
1511 1853 1571 1888 Ipse
1583 1860 1663 1879 nam-

877 1914 930 1941 que
946 1910 988 1934 est
1008 1905 1055 1940 qui
1076 1903 1170 1938 ligavit
1185 1902 1282 1930 fortem
1298 1906 1325 1929 et
1337 1900 1485 1935 superbum
1504 1899 1538 1931 ",
1563 1903 1590 1926 et
1603 1898 1663 1926 suis

878 1952 949 1978 dedit
961 1954 1115 1985 potestatem
1131 1948 1253 1975 calcandi
1268 1955 1345 1982 super
1356 1950 1487 1980 serpentes
1508 1949 1532 1972 et
1545 1944 1661 1978 scorpio.

877 2007 932 2030 nes,
948 2002 970 2024 et
987 2005 1065 2031 super
1075 2004 1175 2022 onmem
1190 1995 1310 2022 uirtutem
1324 1993 1426 2020 inimici
1441 1992 1474 2018 ".

913 2042 958 2073 12,
974 2041 1017 2068 15.
1033 2040 1081 2067 Tui
1097 2045 1157 2066 sunt
1179 2039 1247 2070 caeli,
1260 2044 1285 2065 et
1298 2043 1344 2064 tua
1356 2042 1395 2064 est
1413 2041 1494 2063 terra.
1514 2034 1590 2062 Sicut
1604 2041 1661 2061 ma-

879 2090 917 2116 ris
927 2093 968 2115 est
983 2086 1126 2118 Dominus,
1141 2086 1176 2112 ita
1191 2089 1218 2111 et
1238 2084 1370 2111 caelorum
1387 2087 1413 2110 et
1432 2082 1566 2108 universae
1582 2085 1663 2106 terra:

879 2134 1013 2161 cenditor.
1031 2132 1124 2160 Orbem
1141 2135 1217 2157 terra:
1234 2135 1258 2157 et
1277 2129 1468 2164 plenitudinem
1484 2127 1540 2162 ejus
1557 2132 1585 2153 tu
1600 2126 1661 2161 [un-

880 2179 958 2205 dasti.
975 2178 1130 2212 Aquilonem
1147 2181 1170 2204 et
1184 2184 1255 2203 mare
1269 2180 1296 2202 tu
1313 2175 1418 2202 creasti.
1434 2173 1538 2200 Tltabor
1555 2177 1579 2200 et
1594 2171 1662 2199 Her—

881 2233 951 2251 mon.
968 2223 1047 2251 Hisce
1068 2223 1156 2250 verbis
1174 2227 1292 2258 quatuor
1312 2227 1390 2248 terra:
1411 2225 1501 2255 partes
1516 2218 1663 2255 signiﬁcat,

879 2277 928 2304 per
942 2269 1106 2304 aquilonem,
1119 2267 1345 2302 septentrionales
1359 2267 1484 2301 regiones
1497 2273 1504 2298 ;
1518 2272 1566 2300 per
1576 2271 1663 2296 mare,

879 2315 1071 2343 occidentales.
1097 2314 1170 2341 Mare
1191 2321 1309 2348 namque
1326 2313 1466 2347 Scriptura
1486 2315 1565 2338 vocat
1588 2311 1662 2339 occi-

878 2363 1007 2390 dentem:
1037 2369 1085 2400 per
1113 2365 1231 2388 montem
1262 2360 1397 2392 Hermon,
1424 2359 1587 2393 meridiem;
1615 2365 1663 2393 per

879 2408 998 2440 Thabor,
1012 2407 1154 2435 orientem.

916 2539 958 2566 14.
972 2538 1058 2566 Tuum
1071 2537 1207 2564 brachium
1219 2544 1279 2563 cum
1290 2536 1417 2570 potentia,
1434 2540 1485 2562 etc.
1504 2533 1603 2566 Tuum,
1620 2533 1662 2559 in-

879 2585 948 2620 quit,
968 2584 1088 2613 Domine.
1107 2582 1250 2610 brachium
1272 2581 1400 2608 omnibus
1422 2580 1581 2608 ostendatur
1599 2585 1662 2605 cum

881 2629 1011 2666 potentia.
1031 2628 1144 2656 Etiamsi
1163 2628 1237 2655 enim
1256 2627 1340 2654 homo
1356 2626 1445 2654 factus
1461 2626 1506 2657 sit,
1527 2629 1553 2652 et
1564 2624 1662 2652 similis

883 2676 962 2705 nobis
986 2675 1161 2710 apparuerit;
1184 2678 1213 2702 at
1233 2674 1375 2709 perspicua
1398 2672 1450 2702 fuit
1466 2666 1669 2706 magnitudinis‘

1084 2793 1105 2809 "
1121 2793 1202 2821 Joan.
1217 2801 1274 2826 vni,
1295 2793 1340 2821 bo.
1381 2793 1402 2809 "
1418 2791 1511 2818 Manu.
1533 2797 1589 2822 xvt,
1617 2789 1660 2818 16.

43 2833 66 2850 ⁸³
81 2833 176 2860 Matth.
193 2840 250 2864 xtv,
262 2831 306 2858 53.
351 2831 374 2846 “
386 2830 437 2858 Job
451 2838 565 2864 xxxvut,
582 2831 626 2858 ll.
655 2830 676 2846 "
693 2829 787 2857 Matth.
809 2835 857 2861 xu,
870 2829 916 2857 29.
950 2829 972 2845 "
986 2828 1052 2856 Luc.
1069 2837 1096 2860 ι,
1112 2829 1155 2856 l9.
