1891 3061
221 89 273 116 387

641 89 670 116 S.
690 88 877 116 ATHANASII
897 88 974 116 OPP.
993 88 1083 117 PARS
1099 89 1144 117 ΙΙΙ.
1162 105 1197 110 -
1213 87 1420 117 EXEGETICA.

1808 87 1855 115 588

222 153 281 181 ειυς
296 146 462 181 prtestantia.
477 145 566 181 Atque
586 145 612 173 id
629 146 680 173 sibi
694 146 751 173 vnlt
765 147 830 174 illud
845 155 852 173 :
868 145 1004 174 Firmetur
1018 152 1033 178 Α

1074 156 1099 179 ος
1110 146 1193 174 αὑτοῦ
1211 147 1342 181 ὑπεροχή.
1358 147 1413 172 Καὶ
1429 144 1508 172 τοῦτό
1522 146 1579 173 ἐστι
1593 144 1639 172 τό·
1659 144 1855 180 Κραταιωθήι

221 198 315 217 manus
327 195 384 222 tua,
401 189 533 217 exultetur
545 190 652 217 dextera
666 195 721 218 tua.

257 235 301 268 16,
317 235 359 262 l7.
372 235 469 263 Beatus
482 236 593 271 populus
607 237 652 270 qui
662 236 918 271 scitjubilationem.
932 236 1006 264 Post-

220 289 303 316 quam
330 281 487 316 prredicavit
515 281 730 308 incarnationem
767 281 916 317 Unigeniti,
943 282 1007 316 jure

222 328 315 354 beatos
327 327 458 362 praedicat
468 335 515 354 eos
527 327 573 362 qui
593 327 644 354 hoc
657 328 817 362 mysterium
833 328 1004 355 edidicerint.

221 372 279 400 Hoc
291 377 380 401 autem
395 378 437 401 est
451 374 571 400 victoriae
585 373 707 400 carmina
719 374 769 408 ipsi
780 381 887 401 canere.
904 373 1007 401 Jubila-

221 420 260 446 tio
274 421 347 446 enim
369 425 411 447 est
430 419 569 446 «anticum
592 420 626 447 de
643 421 788 455 prostratis
811 420 929 447 inimicis
950 420 1004 447 edi-

222 469 290 492 tum.
313 465 364 492 Pro
387 466 465 492 nobis
480 467 552 492 enim
576 473 694 500 pugnam
710 465 848 493 commisit
868 473 900 492 ac
910 465 1008 492 devicit

221 511 391 538 adversarias
402 516 559 545 potestates.
571 512 692 543 Domine,
707 512 734 538 in
747 512 846 538 lumine
863 512 949 538 vultus
969 511 1008 538 tui

221 557 404 590 ambulabunt,
419 563 444 584 et
463 558 490 584 in
514 559 619 585 nomine
642 564 685 585 tuo
698 558 876 584 exsultabant.
892 557 1007 585 Sanctos

221 604 359 640 apostolor.
382 612 446 631 suos
470 605 563 632 beatos
595 605 733 639 praedicat,
760 605 823 638 quia
848 603 958 630 nomine
981 607 1008 630 et

221 650 318 677 virtute
331 649 391 685 ejus
404 651 537 685 stupenda
552 650 598 677 illa
615 658 698 685 opera
715 649 842 677 edeb'ant.

256 738 301 767 18.
321 738 354 765 Et
380 739 407 765 in
432 739 593 772 beneplacito
617 743 662 765 tuo
683 738 846 765 exaltabitur
861 746 942 765 cornu
962 746 1009 765 no—

219 790 314 814 strum.
345 784 437 812 Cornu
467 786 534 813 dicit
560 785 685 819 gloriam.
714 785 784 812 Dicit
815 785 897 820 igitur
928 784 1006 819 quasi

1056 202 1096 220 τω
1112 193 1128 227 ὴ
1141 193 1205 226 χείρ
1219 200 1277 219 σου
1289 200 1295 207 ⁵
1310 191 1456 226 ὑψωθήτω
1470 192 1488 226 ἠ
1501 191 1584 223 δεξιά
1599 199 1668 218 σου.

1091 237 1241 272 Μακάριος
1258 239 1274 264 ὀ
1288 237 1363 270 λαὸς
1381 238 1397 263 ό
1416 236 1570 271 γινώσκων
1586 235 1789 271 ἀλαλατμόν.
1803 235 1858 270 Κη-

1058 283 1140 319 ρύξας
1160 283 1209 319 τὴν
1232 282 1440 318 ὲνανθρώπησιν
1465 282 1513 309 τοῦ
1533 281 1716 316 Μονογενοῦς,
1746 281 1859 312 εἰκότως

1059 329 1204 365 μακαρίζει
1229 329 1292 361 τοὺς
1316 329 1348 355 τὺ
1377 328 1459 355 αὐτοῦ
1486 328 1656 364 ἐκμαθόντας
1691 327 1858 365 μυστήριον.

1057 362 1142 402 Ϋοῦτο
1159 375 1187 401 δέ
1202 376 1260 401 ἐστι
1278 375 1308 401 τὸ
1320 375 1382 406 τοὺς
1395 362 1542 405 ὲπινικίοιές
1557 374 1628 409 ᾄδειν
1643 373 1737 408 αὐτῷ.
1748 362 1859 398 ’Ἀκαλα-

1057 420 1126 456 γμὺς
1145 420 1200 455 γάρ
1211 421 1284 447 ἐστιν
1298 421 1314 455 ἡ
1331 420 1376 446 ἐπὶ
1388 421 1443 451 τοῖς
1456 419 1585 446 πεσοῦσιν
1595 418 1706 454 ἐχθροῖς
1722 417 1857 452 γινομένη

1057 466 1122 502 ᾠδή.
1140 465 1314 501 Παρετάξατο
1335 466 1364 492 δὲ
1387 465 1457 501 ὑπὲρ
1480 466 1569 501 ἡμῶν,
1584 465 1632 492 καὶ
1651 464 1795 498 νενίκηκε
1815 463 1858 494 τὰς

1058 512 1246 547 ἀντικειμένας
1257 511 1394 546 δυνάμεις.
1401 511 1498 544 Κύριε,
1511 512 1546 538 ἐν
1555 510 1595 543 τῷ
1604 510 1680 545 φωτὶ
1695 509 1757 536 τοῦ
1769 509 1859 542 προόν-

1057 558 1139 584 ώπου
1163 566 1220 584 σου
1238 558 1445 592 πορεύσονται,
1466 557 1515 583 καὶ
1538 557 1573 583 ὲν·
1594 555 1634 588 τῷ
1653 555 1792 589 ὀνόματί
1804 562 1857 580 σαι

1057 603 1303 639 ἀγαλλιάσονται.
1317 604 1384 635 Τοὺς
1402 603 1495 637 ἁγίους
1511 602 1592 629 αὐτοῦ
1612 601 1790 631 ἀποστόλους
1807 609 1855 634 μα-

1058 651 1165 686 καρίζει
1176 671 1183 682 ,
1201 651 1241 676 ὅτι
1254 650 1285 686 δὴ
1299 650 1337 685 τῷ
1352 650 1462 685 ὀνόματι
1475 649 1558 676 αὑτοῦ
1569 649 1616 675 καὶ
1629 649 1660 683 τῇ
1676 647 1802 681 δυνάμει
1812 647 1854 673 αὐ-

1058 696 1105 722 τοῦ
1121 696 1228 722 ἐποίουν
1242 696 1293 722 ὅσα
1311 695 1418 721 ὲποιουν
1430 693 1579 730 παράδοξα.

1094 742 1147 769 Καὶ
1173 743 1208 769 ἐν
1228 742 1265 776 τῇ
1285 742 1406 775 εὐδοκίᾳ
1426 748 1483 768 σου
1502 739 1696 774 ὑψωθήσεται
1707 739 1747 765 τὸ
1768 738 1854 772 κέρας

1060 788 1154 824 ἡμῶν.
1171 788 1261 824 Κέρας
1272 788 1320 823 τὴν
1330 787 1408 820 δόξαν
1419 786 1495 822 φησί.
1511 786 1591 820 Λέγει
1605 783 1660 818 οὖν,
1670 785 1710 816 ὡς
1725 784 1801 820 πρὸς
1814 784 1853 810 re.

219 831 327 859 Patrem
355 831 497 866 alloquens
516 841 522 858 :
538 831 673 864 Quoniam
703 831 751 859 tibi
778 831 880 866 placuit
902 829 1033 858 mittere]

1074 834 1168 869 Ιατὲρα
1177 843 1184 848 -
1201 833 1308 869 Ἐπειδὴ
1320 833 1351 859 σὺ
1365 833 1517 868 ηὑδόκησας
1533 830 1692 858 ἀποστεῖλαι
1706 830 1758 855 τὸν
1772 830 1854 856 Μονο-

220 878 406 914 Unigenitum,
432 878 493 905 ideo
515 879 600 914 gloria
621 884 713 906 nostra
735 878 851 906 excitata
876 882 927 904 est.
943 877 1007 904 Glo-

219 925 317 952 ritlcati
331 925 404 952 enim
423 931 519 952 sumus
535 925 742 953 conresuscitati
755 931 819 951 cum
841 922 962 956 Christo,
979 927 1007 951 et

220 973 366 1004 regnantes
378 977 440 996 cum
453 969 499 996 illo
514 968 547 996 ³⁷.

255 1015 300 1043 20.
317 1015 389 1042 Tunc
412 1015 514 1042 locutus
536 1023 563 1042 es
586 1015 613 1041 in
631 1014 728 1041 visione
749 1014 813 1049 ﬁliis
835 1015 898 1042 tuis.
918 1013 1005 1046 Tunc,

221 1063 290 1097 sive,
306 1063 383 1096 olim,
398 1063 447 1095 ait,
463 1070 511 1098 per
524 1062 642 1090 visiones
664 1062 850 1096 propheticas,
867 1061 930 1089 ﬁliis
942 1063 1006 1094 tuis,

219 1109 254 1137 iis
282 1110 386 1138 scilicet
410 1110 457 1144 qui
490 1110 524 1137 ad
548 1109 667 1137 ﬁliorum
702 1108 751 1136 Dei
782 1109 956 1143 adoptionem
980 1113 1007 1135 et

220 1155 381 1190 dignitatem
408 1155 497 1182 vocati
520 1159 594 1187 sunt,
618 1155 727 1182 locutus
753 1161 792 1181 es.
817 1153 889 1187 Quid
915 1158 1006 1181 autem

220 1201 330 1230 locutus
342 1209 373 1229 es
386 1201 438 1228 nisi
456 1200 522 1228 illud
537 1209 544 1228 ι
561 1201 644 1228 Posui
658 1200 822 1240 adjutorium
836 1200 866 1227 in
878 1206 982 1235 potente
995 1201 1009 1227 7

221 1247 339 1275 Perinde
356 1252 446 1274 autem
465 1251 506 1282 est
521 1255 552 1274 ac
566 1247 589 1274 si
604 1247 706 1274 diceret
724 1257 730 1273 :
747 1246 810 1273 Dedi
831 1247 964 1274 auxilium
981 1247 1007 1274 in

222 1298 333 1329 potente
346 1293 462 1320 inlirmis
474 1299 501 1321 et
513 1301 527 1320 a
542 1293 650 1320 Satanae
662 1291 806 1327 tyrannide
814 1293 966 1327 oppressis,
980 1297 1009 1320 ut

222 1339 400 1375 confugerent
415 1339 449 1366 ad
467 1344 615 1374 potentem.
632 1339 732 1366 Potens
751 1344 841 1366 autem
857 1339 912 1371 ille,
927 1347 1008 1374 quem

222 1387 295 1414 dedit
321 1386 400 1413 nobis
421 1385 500 1413 Pater
521 1385 556 1412 ad
576 1385 719 1418 auxilium,
746 1386 873 1414 Christus
897 1387 1009 1414 omnino

220 1437 280 1464 est;
296 1440 359 1458 nam
372 1436 413 1459 est
427 1431 560 1459 Dominus
574 1431 746 1458 virtutum“.
762 1431 887 1459 Exaltavi
899 1433 1008 1459 electum

221 1479 253 1505 de
268 1477 338 1512 plebe
350 1486 417 1505 mea.
434 1476 527 1505 Inveni
548 1477 634 1504 David
650 1486 754 1505 seruum
772 1486 867 1505 meum.
888 1478 1009 1513 lntellige

221 1523 360 1550 Christum
375 1531 407 1550 ex
425 1524 530 1551 semine
543 1522 638 1555 David,
652 1524 699 1558 qui
713 1524 815 1551 electus
833 1529 944 1551 vocatus
957 1529 1008 1556 est,

220 1573 329 1604 propter
346 1569 414 1604 quod
439 1573 463 1596 et
485 1569 555 1596 Deus
573 1571 698 1597 exultavit
709 1569 786 1596 illum
805 1569 838 1596 “.
856 1569 1010 1604 lterumque

221 1619 303 1642 vocat
324 1615 398 1641 illum
421 1614 551 1641 Davidem
574 1620 710 1648 quatenus
734 1620 775 1641 ex'
799 1616 904 1642 semine
926 1615 1011 1642 David

222 1664 281 1687 erat
292 1660 338 1693 ⁵ος
359 1667 468 1686 servum
492 1659 567 1691 item,
591 1660 656 1694 quia
680 1661 706 1687 in
727 1659 815 1687 forma
840 1661 910 1688 servi
929 1669 1011 1695 appa-

222 1706 278 1733 ruit
296 1706 329 1733 ⁸¹.
347 1705 410 1733 Oleo
435 1710 526 1733 sancto
554 1715 610 1734 meo
633 1707 781 1734 unxieum.
797 1707 864 1735 Cum
891 1707 1010 1735 Verbum

222 1757 294 1781 esset
311 1753 390 1785 Deus,
404 1757 484 1781 natus
501 1758 542 1781 est
559 1755 708 1781 secundum
725 1762 835 1782 carnem
846 1762 880 1782 ex
897 1755 1011 1782 muliere

223 1805 251 1827 et
267 1800 348 1828 homo
370 1800 480 1835 prodiit,
499 1808 612 1828 manens
631 1800 702 1828 Deus
713 1806 742 1828 ut
763 1807 841 1829 erat:
858 1807 924 1829 tunc
936 1802 1010 1836 judi-

224 1845 296 1872 cium
314 1853 361 1880 per
383 1849 410 1872 te
436 1845 584 1880 accipiens,
612 1852 786 1881 nuncupatus
805 1852 847 1875 est
869 1847 1008 1875 Christus.

223 1889 292 1918 Nam
309 1898 370 1917 cum
386 1890 504 1917 Verbum
519 1894 591 1918 esset
601 1890 672 1919 Deus
683 1896 710 1919 et
725 1899 772 1919 rex
789 1896 851 1919 ante
865 1893 964 1919 saecula
976 1893 1009 1924 “,

224 1943 286 1971 quae
296 1940 387 1963 nostra
401 1941 480 1963 erant
491 1936 543 1963 sibi
559 1937 668 1971 propria
683 1937 782 1971 effecit,
797 1942 827 1965 ut
842 1945 891 1965 nos
903 1938 937 1965 iis
950 1946 1011 1973 qua:

223 1982 275 2016 ipsi
290 1982 398 2016 propria
413 1986 492 2009 erant
507 1982 605 2009 divites
622 1991 758 2012 essemus.

258 2026 302 2053 22.
327 2025 422 2053 Manus
436 2027 506 2053 enim
527 2035 584 2053 mea
605 2027 783 2054 auxiliabitur
803 2029 838 2056 ei.
855 2028 901 2055 Ait
917 2028 1011 2056 Salva-

223 2074 290 2098 tor:
309 2071 395 2106 Opera
411 2079 469 2106 qua:
489 2071 560 2098 dedit
585 2072 649 2098 milii
670 2071 753 2099 Pater
775 2077 804 2100 ut
826 2074 936 2107 ludam,
953 2074 1010 2108 ipsa

223 2124 303 2151 opera
318 2117 494 2151 testiﬁcantur
507 2119 539 2143 de
556 2125 606 2149 me,
623 2117 686 2152 quia
703 2119 758 2152 ipse
774 2120 845 2145 misit
869 2128 908 2146 me
927 2119 960 2146 ⁸³.
978 2119 1010 2146 Et

1058 880 1133 914 γενῆ,
1151 879 1246 906 τούτου
1263 879 1341 914 χάριν
1357 878 1373 913 ή
1389 877 1452 909 δόξα
1467 876 1545 912 ἡμῶν
1561 875 1752 910 διεγήγερται.
1784 873 1852 899 Ἐδο-

1058 926 1195 961 ξάσθημεν
1214 925 1268 961 γὰρ
1292 923 1498 960 συνεγερθέντες
1518 921 1638 958 Χριστῷ,
1654 920 1703 948 καὶ
1719 919 1853 955 συμϐασι-

1057 972 1201 1003 λεύσαντες
1215 971 1298 1006 αὐτῷ.

1096 1019 1164 1045 Τότε
1180 1017 1334 1051 ἐλάλησας
1347 1015 1382 1042 ἐν
1401 1014 1503 1049 όρὰσει
1517 1013 1579 1047 τοῖς
1591 1013 1668 1046 υἱοῖς
1684 1020 1759 1040 σου.
1777 1012 1852 1042 Τότε,

1057 1065 1117 1092 ἀντὶ
1135 1063 1193 1096 τοῦ,
1208 1063 1302 1095 πάλαι,
1317 1063 1395 1097 φησὶ,
1415 1060 1447 1087 δι’
1460 1059 1582 1096 όράσεων
1601 1057 1785 1094 προφητικῶν
1802 1057 1853 1087 τοῖς

1058 1112 1125 1143 υῑοίς
1139 1118 1197 1142 σου,
1214 1109 1290 1143 λέγει
1303 1109 1333 1135 δὲ
1345 1109 1402 1140 τοῖς
1413 1106 1592 1142 κεκλημένοις
1605 1106 1644 1137 εις
1658 1104 1689 1130 τὸ
1699 1103 1753 1138 τῆς
1767 1103 1852 1129 υἱοθεο

1059 1158 1119 1189 σίας
1138 1156 1256 1191 ἀξίωμα,
1274 1155 1416 1190 ὲλὰλησας.
1431 1153 1502 1181 Τίὸὲ
1518 1152 1652 1187 ὲλάλησας
1667 1150 1685 1186 ἢ
1702 1150 1735 1176 τό
1746 1158 1753 1165 ·
1777 1149 1852 1176 tot-

1055 1212 1119 1238 μην
1131 1202 1277 1236 βοήθειαν
1289 1201 1337 1228 ἐπὶ
1353 1199 1498 1231 δυνατόν-ς
1513 1199 1625 1233 Ὅμοιον
1640 1196 1669 1223 δὲ
1685 1195 1756 1222 ὡσεὶ
1769 1195 1851 1229 λέγοι·

1058 1249 1177 1280 Δέδωκα,
1196 1247 1272 1283 φησὶ,
1293 1246 1418 1282 βοήθειαν
1437 1245 1483 1271 ἐπὶ
1507 1243 1619 1270 δυνατὸν
1643 1243 1701 1274 τοῖς
1716 1241 1853 1276 [ἀσθενέσι

1059 1296 1106 1322 καὶ
1126 1291 1380 1328 πλεονεκτουμένοις
1399 1290 1452 1317 ὑπὸ
1465 1289 1511 1316 τοῦ
1528 1289 1645 1321 Σατανᾶ,
1662 1287 1711 1314 τοῦ
1727 1295 1852 1321 καταφυ-

1059 1343 1117 1376 γεῖν
1140 1341 1186 1367 ἐπὶ
1202 1338 1361 1366 δυνατόν.”0
1374 1337 1402 1363 δέ
1414 1345 1445 1370 γε
1461 1336 1582 1367 δυνατὸς,
1595 1335 1624 1361 ὃν
1645 1334 1767 1361 δέδωκεν
1790 1333 1852 1368 ἡμῖν

1059 1388 1099 1418 εἰς
1114 1386 1238 1422 βοήθειαν
1254 1385 1268 1411 ό
1284 1383 1390 1419 Πατὴρ,
1403 1381 1520 1418 Χριστός
1530 1389 1582 1408 που
1597 1381 1706 1410 πάντως
1717 1378 1779 1405 ἐστι
1791 1386 1797 1393 ·
1810 1378 1852 1404 καὶ

1059 1434 1113 1469 γάρ
1137 1434 1194 1458 ἐστι
1216 1431 1357 1466 δυνάμεων
1375 1429 1493 1465 Κύριος²
1509 1428 1631 1462 ’Υψωσα
1653 1424 1804 1452 ἐκλεκτὸν
1820 1424 1850 1450 ἐκ

1060 1480 1114 1508 τοῦ
1132 1479 1209 1507 ,Ζαοῦ
1228 1487 1297 1513 μου⁷
1317 1475 1407 1512 εὗρον
1419 1475 1509 1504 Δαυῒδ
1527 1474 1579 1502 τὸν
1591 1473 1706 1501 δοῦλόν
1716 1473 1851 1509 μου.Ὲν-

1060 1527 1114 1554 νόει
1128 1525 1244 1561 Χριστὸν
1267 1524 1314 1550 τδν
1336 1525 1368 1550 ὲκ
1391 1522 1548 1558 σπέρματος
1563 1519 1654 1552 Δαυῒδ,
1669 1519 1800 1546 ἐκλεκτὸν
1813 1527 1851 1545 κε·

1060 1571 1203 1607 κλημένον,
1217 1570 1263 1597 διὸ
1275 1569 1325 1596 καὶ
1340 1570 1356 1596 ό
1372 1568 1443 1601 Θεὸς
1456 1566 1549 1594 αὑτὸν
1559 1566 1753 1600 ὑπερύψωσε.
1773 1563 1851 1603 Aab?

1060 1618 1088 1644 δὲ
1117 1617 1197 1644 πάλιν
1228 1615 1308 1643 αὑτὸν
1333 1613 1470 1649 ὀνομάζει,
1489 1612 1555 1640 καθὸ
1580 1613 1613 1638 ἐκ
1640 1611 1800 1647 σπέρματος
1820 1608 1850 1645 ἦν

1060 1662 1157 1689 Δαυτδο
1176 1662 1223 1689 καὶ
1240 1662 1293 1697 μὴν
1310 1660 1357 1687 καὶ
1368 1659 1471 1692 δοῦλον,
1487 1659 1530 1685 διὰ
1553 1658 1583 1684 τὸ
1603 1659 1632 1684 ὲν
1646 1659 1679 1693 τῇ
1693 1657 1742 1684 τοῦ
1761 1656 1849 1683 δούλου

1062 1708 1151 1743 μορφῇ
1172 1706 1330 1742 πεφηνέναι.
1340 1706 1390 1733 Ἑν
1401 1705 1492 1738 ἐλαίῳ
1508 1704 1581 1738 ἁγίῳ
1598 1712 1658 1738 μου
1673 1704 1781 1737 ἐχρισα
1800 1704 1850 1729 ut"-

1059 1755 1190 1781 τόν.”οτε
1205 1753 1271 1784 Θεὸς
1284 1750 1317 1788 ἦν
1337 1753 1351 1779 ὁ
1365 1752 1460 1785 Λόγος,
1479 1749 1609 1785 ἐγεννήθη
1628 1751 1700 1776 κατὰ
1716 1748 1805 1784 σάρκα
1821 1749 1849 1774 ὲκ

1059 1799 1196 1834 γυναικὸς,
1208 1800 1255 1826 καὶ
1267 1797 1400 1834 προῆλθεν
1412 1796 1565 1831 ἄνθρωπος,
1580 1795 1666 1830 μένων
1677 1795 1716 1825 ὡς
1726 1793 1762 1829 ἦν
1774 1794 1847 1825 Θεός·

1059 1846 1130 1877 τότε,
1148 1845 1196 1880 τὴν
1220 1844 1310 1881 κρίσιν
1323 1844 1367 1870 διὰ
1391 1845 1420 1870 σὲ
1444 1843 1546 1874 λαϐὼν,
1559 1841 1707 1876 ὠνομάσθη
1723 1840 1847 1876 Χριστὸς.

1059 1892 1125 1923 Θεὸς
1138 1891 1192 1925 γὰρ
1202 1890 1239 1917 ὢν
1253 1892 1267 1917 ὁ
1278 1891 1364 1924 Λόγος
1375 1890 1422 1916 καὶ
1437 1889 1562 1923 βασιλεὺς
1577 1888 1630 1923 πρὸ
1644 1887 1752 1913 αἰώνων
1763 1886 1847 1919 ὑπαρ-

1059 1947 1124 1973 χων,
1143 1937 1323 1971 ὶδιοποιήσατο
1339 1937 1374 1963 τὰ
1386 1936 1518 1971 ἡμέτερα,
1529 1935 1573 1961 ἵνα
1590 1935 1637 1959 καὶ
1657 1933 1738 1967 ἡμεῖς
1755 1931 1789 1958 τὰ
1802 1932 1847 1958 αὖ-

1059 1984 1106 2010 τοῦ
1119 1984 1325 2018 πλουτήσωμεν.

1100 2030 1131 2057 Ἠ
1142 2030 1196 2064 γὰρ
1218 2029 1282 2062 χείρ
1298 2035 1357 2061 μου
1377 2024 1635 2059 συναντιλήψεται
1652 2023 1779 2056 αὑτῷ.¹ο
1794 2023 1846 2050 Σω-

1060 2075 1111 2110 τὴρ
1125 2075 1227 2108 ἔφασκε
1239 2081 1245 2088 '
1263 2073 1301 2100 Τὰ
1322 2073 1395 2106 ἔργα
1415 2072 1435 2098 ἁ
1451 2070 1560 2098 δέδωκέ
1571 2079 1622 2104 μοι
1643 2071 1659 2096 ὀ
1677 2069 1777 2103 Πατὴρ
1801 2069 1846 2095 ἵνα

1061 2121 1186 2155 ποιήσω,
1204 2120 1280 2147 αὐτὰ
1301 2119 1336 2145 τὰ
1360 2119 1431 2153 ἔργα
1453 2116 1597 2152 μαρτυρεῖ
1616 2115 1683 2149 περὶ
1705 2115 1787 2150 ἐμοῦ,
1806 2115 1846 2141 ὅτι

223 2163 341 2190 iterum:
358 2163 379 2190 Α
399 2164 496 2198 meipso
514 2163 582 2189 nihil
601 2163 703 2198 loquor.
725 2163 807 2191 Pater
823 2170 910 2191 autent
930 2165 957 2191 in
971 2173 1010 2192 me
1027 2177 1033 2204 ι

1074 2166 1153 2199 ιὺτός
1172 2174 1210 2200 με
1239 2164 1428 2192 ἀπέσταλκε·
1454 2163 1501 2189 καὶ
1525 2162 1605 2189 πάλιν
1618 2169 1625 2177 ·
1649 2161 1708 2187 Ἀπ’
1722 2160 1846 2195 ἐμαυτοῦ

223 2216 330 2235 manens
346 2209 400 2243 ipse
415 2208 480 2243 facit
499 2217 579 2243 opera
601 2208 633 2235 “.
657 2209 690 2236 Et
706 2210 756 2237 hoc
778 2210 866 2244 ipsum
881 2216 921 2238 est.
938 2212 1011 2246 quod

224 2261 297 2280 nunc
308 2253 389 2281 Pater
403 2254 436 2280 de
450 2254 497 2280 illo
514 2254 580 2281 dicit
599 2264 604 2280 :
624 2254 720 2282 Manus
732 2256 801 2281 enim
822 2264 880 2282 mea
898 2256 1014 2284 auxilia-

225 2299 295 2326 bitur
308 2301 341 2332 ei,
357 2305 381 2326 et
397 2300 534 2326 brachium
552 2309 635 2327 meum
654 2302 815 2335 confortabit
831 2310 901 2329 eum.

260 2385 304 2412 25.
325 2385 401 2412 Nihil
417 2386 538 2420 proﬁciet
553 2388 676 2414 inimicus
696 2389 722 2415 in
741 2397 781 2416 eo.
799 2387 913 2417 Etiamsi
937 2391 1012 2418 dixe-

227 2433 278 2460 rint
300 2442 305 2459 :
333 2431 432 2464 Venite,
458 2433 606 2460 ocridamus
632 2442 703 2466 eum,
723 2440 747 2462 et
775 2435 917 2462 habeamus
936 2437 1010 2464 nobis

225 2478 405 2505 hwreditatem
420 2479 475 2514 ejus
495 2479 528 2506 ⁸⁸.
549 2479 601 2507 Sed
617 2480 773 2515 hujusmodi
791 2482 936 2509 consilium
953 2487 1008 2510 tam

225 2522 332 2550 Satanae
343 2531 426 2558 quam
447 2523 548 2552 Judaais
566 2526 662 2553 inutile
675 2531 744 2558 erat,
767 2532 794 2554 et.
814 2526 915 2554 frustra
927 2529 1010 2557 cessit

224 2569 276 2598 illis
296 2570 412 2598 facinus.
430 2570 588 2599 Resurrexit
599 2572 700 2607 quippe
716 2573 841 2600 Salvator
855 2575 934 2601 tertia
952 2575 1007 2608 die,

223 2620 368 2650 postquam
383 2620 497 2643 mortem
519 2617 706 2645 conculcasset
717 2624 744 2645 et
765 2619 911 2654 spoliasset
924 2619 1008 2647 infer-

224 2668 288 2688 num
303 2670 311 2694 ;
326 2666 350 2688 et
367 2661 488 2689 ascendit
501 2663 535 2689 ad
555 2661 663 2691 Patrem
686 2669 714 2692 et
741 2665 826 2693 Deum
848 2667 894 2701 qui
921 2671 963 2694 est
979 2667 1006 2694 in

224 2707 321 2735 caelis:
343 2712 439 2743 estque
464 2708 491 2735 in
515 2708 626 2737 dextera
649 2711 739 2739 throni
765 2713 962 2747 magnitudinis
979 2714 1007 2739 in

255 2762 277 2802 _"
293 2763 391 2802 Ephes.
409 2772 438 2797 ιι,
452 2764 494 2802 6.
513 2765 533 2781 ³⁸
546 2765 617 2802 Psal.
637 2774 715 2799 xxi",
739 2767 782 2793 10.
818 2767 840 2782 ³³
859 2767 966 2802 Dhilipp

1062 2212 1145 2241 λαλῶ
1161 2210 1299 2238 οὺδέν.”0
1320 2210 1355 2236 δὲ
1375 2209 1475 2243 Πατὴρ
1494 2210 1510 2235 ό
1529 2209 1563 2235 ὲν
1581 2206 1646 2242 ἐμοὶ
1661 2206 1762 2241 μένων
1774 2205 1847 2233 ποιεῖ

1062 2259 1099 2285 τὰ
1110 2258 1181 2293 ἔργα
1195 2257 1295 2290 αὑτός,
1312 2257 1367 2283 Καὶ
1381 2255 1459 2282 τοῦτό
1470 2255 1544 2281 ἐστιν
1558 2254 1572 2280 ὃ
1585 2253 1659 2287 λέγει
1670 2253 1718 2278 νῦν
1731 2254 1746 2279 ὁ
1758 2253 1844 2287 Πατὴρ

1063 2303 1128 2337 περὶ
1141 2301 1222 2329 αὑτοῦ
1233 2310 1239 2316 ·
1263 2302 1293 2328 Ἠ
1309 2301 1363 2336 γὰρ
1377 2301 1441 2335 χείρ
1453 2309 1512 2335 μου
1527 2298 1781 2332 συναντμλήψεται
1795 2300 1844 2324 αὐ-

1063 2348 1113 2381 τῷ,
1131 2348 1181 2375 καὶ
1195 2350 1211 2375 ὀ
1223 2347 1359 2382 βραχίων
1373 2355 1432 2381 μου
1449 2345 1626 2380 κατισχύσει
1642 2345 1745 2371 αὐτόν.

1099 2395 1160 2421 Οὐκ
1174 2392 1324 2428 ὠφελήσει
1336 2392 1442 2426 ἐχθρὸς
1458 2391 1493 2418 ἐν
1507 2390 1596 2423 αὐτῷ.
1612 2391 1644 2416 El
1657 2391 1704 2416 xu).
1713 2390 1842 2425 εἰρήκασι·

1061 2439 1159 2471 Δεῦτε,
1180 2439 1401 2472 ἀποκτείνωμεν
1421 2436 1525 2469 αὑτὸν,
1547 2435 1597 2462 καὶ
1615 2435 1737 2470 σχῶμεν
1749 2435 1843 2466 αὐτοῖς

1062 2485 1120 2519 τὴν
1140 2484 1342 2519 κληρονομίαν
1364 2482 1456 2510 αὐτοῦ
1465 2491 1472 2497 ·
1488 2483 1544 2509 ἀλλ’
1557 2480 1591 2517 ἦν
1605 2482 1734 2516 ἀνόνητος
1748 2481 1784 2516 τῷ
1798 2481 1844 2507 Σα-

1062 2531 1131 2566 τανᾷ
1152 2531 1200 2557 καὶ
1215 2531 1271 2561 τοῖς
1289 2529 1426 2560 Ἰουδαίοις
1441 2529 1457 2563 ἡ
1474 2528 1581 2562 σκέψις,
1598 2528 1644 2554 καὶ
1661 2528 1700 2559 εἰς
1714 2528 1842 2562 ἄφρακτον

1063 2577 1213 2612 ὲκὸέὸηκεν
1227 2576 1317 2607 αὐτοῖς
1339 2575 1368 2601 τὸ
1393 2574 1556 2610 ἐγχείρημα.
1566 2573 1678 2600 Ἀνεὸίω
1696 2573 1749 2609 γὰρ
1762 2574 1774 2598 ὸ
1790 2573 1828 2598 Σω

1062 2623 1114 2658 τὴρ
1127 2623 1284 2658 τριήμερος,
1298 2621 1423 2656 πατήσας
1441 2621 1487 2646 τὸν
1508 2620 1623 2647 θάνατον
1638 2620 1685 2646 καὶ
1703 2619 1841 2650 σκυλεύσας

1063 2667 1107 2692 τὸν
1127 2665 1208 2701 ᾅδην
1227 2666 1274 2692 καὶ
1294 2665 1377 2700 ὰνέῦη
1404 2665 1470 2700 πρὸς
1491 2664 1538 2691 τὸν
1561 2666 1589 2691 ἐν
1609 2665 1732 2700 οὐρανοῖς
1743 2663 1840 2698 Πατέρα

1061 2712 1108 2738 καὶ
1127 2711 1192 2737 Θεόν
1203 2719 1210 2726 ⁸
1229 2711 1276 2738 καὶ
1299 2711 1371 2737 ἔστιν
1387 2711 1416 2736 ἐν
1432 2709 1506 2746 δεξιᾷ
1522 2710 1568 2737 τοῦ
1584 2710 1679 2746 θρόνου
1694 2709 1743 2744 τῆς
1763 2717 1838 2744 μεγα-

1112 2767 1134 2782 ⁸⁰
1150 2767 1250 2794 Rom.|
1276 2767 1303 2794 5.
1324 2767 1346 2783 ⁸³
1370 2766 1486 2802 Philipp.
1509 2775 1540 2795 ιι.
1555 2766 1580 2792 7.
1618 2767 1638 2781 δ’
1665 2765 1735 2793 Psnl,
1751 2772 1836 2796 nutu,

227 2791 269 2826 ‘2-
306 2791 506 2834 “suamne.
546 2791 793 2834 “imitri-{la
825 2791 1083 2836 uix'.‘t.'.'.’:’;;.;ss.
