1891 3061
39 95 80 124 389

506 89 686 118 EXPOSITIO
705 89 738 117 IN
757 88 923 117 PSALMUM
944 87 1108 115 LXXXVIII.

1574 85 1627 113 390

39 153 139 188 λωσύνης
160 154 186 178 ὲν
206 151 325 186 ὑψηλοῖς,
348 150 455 178 πάντων
479 151 623 186 κατάρχων
652 148 721 185 μετὰ
744 147 791 175 τοῦ

870 148 969 180 :celsis,
988 146 1117 174 omnibus
1131 153 1270 180 imperans
1284 153 1346 173 cum
1362 145 1486 180 genitore
1499 151 1559 171 suo.
1572 143 1627 171 Ve-

40 200 92 227 ιδίου
110 199 265 234 γεννήτορος.
281 196 383 223 Οὐκοῦν
406 197 505 232 ἀληθὲς
527 198 558 224 τὸ
578 196 732 233 εἰρημένον,
750 195 791 221 ὅτι

41 247 89 273 οὐκ
101 244 231 279 ὠφελήσει
243 243 349 278 ἐχθρὸς
360 243 396 270 ἐν
414 243 503 276 αὐτῷ.

66 290 113 318 Kal
128 291 259 323 συγ-κόψω
277 289 336 316 ἀπὸ
353 289 406 316 τοῦ
426 288 588 323 προσώπου
608 287 702 315 αὐτοῦ
721 287 792 319 τοὺς

38 336 143 371 ἐχθροὺς
168 335 264 362 αὐτοῦ.
291 335 488 370 Παραδέδονται
510 335 564 371 γὰρ
587 335 620 370 τῇ
649 333 792 369 Ῥωμαίων

39 382 154 418 στρατείᾳ,
165 382 205 408 καὶ
218 381 361 408 διολώλασι
375 381 524 412 παντελῶς.

67 427 112 455 Καὶ
122 428 138 460 ἠ
150 426 265 460 ἀλήθειά
273 435 332 461 μου
344 427 392 453 καὶ
404 426 437 453 τὸ
446 420 532 459 ἔλεός
541 435 600 460 μου
613 426 677 460 μετ’
688 424 792 452 αὑτοῦ.

44 473 161 508 Ἀλήθειαν
170 472 213 503 τὴν
223 473 251 498 ὲν
264 472 398 508 πνεύματι
415 473 461 499 καὶ
473 472 585 507 ἀληθείᾳ
601 471 728 507 λατρείαν
743 479 794 506 φη-

40 521 90 553 σὶν,
105 520 132 555 ἣν
144 521 298 555 εἰσηγήσατο
312 521 376 555 ἡμῖν
389 521 404 546 ὁ
417 520 534 554 Χριστὸς
551 520 619 547 κατὰ
637 519 667 546 τὸ
684 518 794 554 είρημέ›

38 574 74 591 νον
93 565 150 600 πρὸς
171 565 215 600 τὴν
239 566 267 591 εν
289 566 321 600 τῇ
344 565 484 600 Σαμαρείᾳ
496 567 626 599 γυναῖκα·
640 565 761 599 Πνεῦμα
779 568 794 593 ό

40 610 107 643 Θεὸς,
120 610 242 643 καὶτοὺς
263 610 510 644 προσκυνοῦντας
528 610 630 642 αὑτὸν,
652 611 687 637 ἐν
705 612 796 638 πνεύ-

38 662 94 687 ματι
106 654 147 680 καὶ
158 654 276 688 ἀληθείᾳ
289 654 336 681 δεῖ
351 655 542 688 προσκυνεῖν.
561 656 615 682 Καὶ
631 656 661 682 τὺ
680 655 753 688 ἕλεος
767 656 795 682 δὲ

38 699 64 724 οὐ
77 699 104 725 δι’
116 699 184 726 ἄλλου
207 701 357 735 πεποίηκεν
375 702 389 727 ὁ
411 701 475 732 Θεὸς
498 702 537 733 είς
560 702 635 736 ἡμᾶς
655 701 730 737 ἢδιὰ
748 703 796 729 τοῦ

40 745 174 779 μονογενοῦς
187 746 266 773 αὑτοῦ
281 747 355 773 Υίοῦ.
371 747 409 773 Δι’
423 747 505 773 αὐτοῦ
522 747 576 783 γὰρ
593 748 672 783 μόνου
687 749 733 775 καὶ
747 749 797 784 τὴν

39 790 62 815 ἐν
75 790 189 825 πνεύματι
201 791 247 818 καὶ
266 791 379 827 ἀληθείᾳ
394 792 531 826 ἐμάθομεν
547 792 741 828 προσκύνησιν,
751 793 798 819 καὶ

39 835 227 871 κατηλεήθημεν,
247 837 437 872 ἀναιρεθέντος
454 827 581 870 θανάτους
604 839 650 865 καὶ
730 839 796 874 φθο-
815 827 833 853 Β

40 882 79 915 ρᾶς
98 882 125 908 ἐκ
144 882 219 917 μέσου
234 883 394 919 γενομένης.
410 884 466 911 Καὶ
483 884 518 911 ἐν·
533 883 573 917 τῷ
596 885 718 919 ὀνόματι
737 894 796 920 μου

38 927 201 961 ὑψωθήσεται
221 929 254 955 τὸ
273 929 361 963 κέρας
379 930 482 958 αὺτοῦ.
498 931 559 962 Τοῖς
581 930 636 967 γὰρ
658 931 796 967 ὀνόμασιν,

39 970 70 1004 οἷς
87 974 187 1008 μάλιστα
205 975 340 1010 πρέπουσι
361 975 399 1011 τῷ
417 977 514 1012 Πατρὶ,
535 977 582 1003 καὶ
608 977 688 1010 αὐτὸς
705 979 718 1004 ὁ
735 978 798 1010 Υίδς

38 1016 168 1049 δοξάζεται·
190 1019 243 1047 οἷόν
270 1020 294 1047 τί
316 1029 400 1056 φημι·
425 1021 490 1053 Θεὸς
513 1021 638 1057 ἀληθινὸς
654 1023 668 1048 ὀ
682 1023 796 1058 Πατήρ·

38 1063 101 1090 τοῦτὸ
110 1065 160 1091 ἐπι
170 1067 214 1093 καὶ
228 1067 292 1098 Υἱός
303 1075 309 1082 ·
328 1067 408 1099 αὐτὸς
422 1069 476 1103 γάρ
489 1069 562 1096 ἐστιν
574 1070 590 1104 ἡ
604 1068 731 1104 ἀλήθεια·
752 1069 799 1096 καὶ

38 1109 108 1145 ἠζωὴ
120 1111 182 1138 κατὰ
197 1112 278 1146 φύσιν
295 1113 309 1139 ὀ
324 1113 418 1150 Πατήρ
436 1115 494 1140 ἐστι
508 1123 538 1141 τε
551 1114 598 1141 καὶ
619 1114 780 1150 ὀνομάζεται
790 1136 798 1146 ,

37 1155 101 1182 τοῦτο
118 1156 144 1183 δὲ
161 1158 237 1185 πάλιν
252 1159 300 1186 καὶ
311 1161 325 1186 ὁ
336 1160 416 1191 Υἱός·
435 1161 516 1191 αὐτὸς
532 1160 586 1195 γάρ
603 1169 702 1196 φησιν·
728 1161 800 1196 Ἐγώ

37 1202 82 1236 εἰμι
92 1203 108 1237 ἠ
119 1203 279 1238 ἀνάστασις
296 1207 343 1233 καὶ
358 1206 378 1239 ἠ
392 1206 459 1242 ζωή.
475 1206 530 1243 (39)
545 1207 629 1234 Τοῦτο
641 1207 718 1241 ἔλεγε
731 1208 800 1243 πρὸς

36 1247 72 1274 τὸν
83 1248 168 1277 ἑαυτοῦ
181 1252 299 1287 Πατέρα,
318 1253 358 1279 ὅτι
375 1252 477 1280 Πάντα
492 1253 528 1280 τὰ
544 1253 600 1288 ἐμὰ
611 1253 652 1280 σά
662 1254 739 1288 ἐστι,
750 1255 798 1281 καὶ

37 1292 66 1320 τὰ
73 1294 108 1321 σὰ
118 1295 177 1330 ἐμά.

66 1340 110 1366 Καὶ
130 1341 253 1376 θήσομαι
273 1343 308 1370 ἐν
325 1343 465 1379 θαλάσσῃ
479 1345 563 1380 χοῷα
576 1345 679 1373 αὐτοῦ.
696 1345 800 1373 Θάλασ-

38 1390 77 1409 σαν
92 1385 144 1419 μὲν,
157 1386 193 1419 ὠς
215 1389 432 1424 προειρήκαμεν,
451 1390 499 1425 τὴν
522 1391 550 1416 ὲν
573 1391 688 1426 δυσμαῖς
710 1391 801 1427 χώραν

37 1431 103 1464 φησί·
120 1434 251 1469 ποταμοὺς
275 1434 304 1463 δὲ
323 1436 372 1471 τὴν
395 1435 480 1471 μέσην
495 1437 548 1463 τῶν
563 1438 693 1473 ποταμῶν
716 1438 800 1472 λέγει,

843 201 903 220 rum
923 193 1014 227 itaque
1033 196 1074 219 est
1091 191 1162 226 quod
1179 191 1298 218 dicitur:
1315 189 1391 217 Nihil
1404 189 1522 225 proﬁciet
1537 189 1627 215 inimi-

841 246 888 266 cus
904 239 932 265 in
948 246 989 265 eo.

876 285 921 314 24.
943 284 978 310 Et
988 282 1123 310 concidam
1138 290 1155 309 a
1168 282 1235 316 facie
1245 281 1327 316 ipsius
1341 281 1463 308 inimicos
1478 282 1546 317 ejus.
1562 281 1630 309 Tra-

843 330 892 357 diti
912 337 1030 364 namque
1046 332 1111 356 sunt
1122 327 1314 355 Romanorum
1329 328 1472 361 exercitui,
1493 333 1520 356 et
1537 328 1629 356 fundi—

843 379 887 402 tus
901 374 1051 410 perierunt.

938 420 971 447 Et
986 421 1082 448 ueritas
1102 427 1161 446 utea
1176 424 1200 445 et
1214 419 1395 446 misericordia
1413 427 1471 446 mea
1485 427 1544 446 cum
1561 420 1630 454 ipso.

844 466 991 494 Veritatem
1007 466 1072 493 dicit
1083 465 1186 493 cultum
1208 465 1234 491 in
1255 465 1353 500 spiritu
1371 469 1398 492 et
1413 466 1535 499 veritate,
1549 473 1631 500 quem

845 513 951 540 induxit
967 513 1044 540 nobis
1062 512 1196 544 Christus,
1210 511 1286 546 juxta
1300 511 1327 538 id
1343 511 1415 546 quod
1430 511 1532 538 dictum
1546 515 1588 538 est
1598 511 1631 538 ad

846 559 1046 586 Samaritanam
1065 558 1206 585 mulierem
1223 567 1230 583 :
1252 556 1368 592 Spiritus
1387 562 1425 583 est
1448 557 1530 588 Deus,
1544 561 1570 583 et
1587 558 1633 592 qui

845 604 958 630 adorant
972 611 1032 630 eum
1043 603 1071 629 in
1083 603 1181 637 spiritu
1191 607 1215 629 et
1238 603 1347 628 veritate
1364 606 1466 636 oportet
1479 602 1590 628 adorare
1598 601 1632 629 “.

846 648 1061 676 Misericordiam
1083 655 1147 675 vero
1159 655 1221 677 inon
1244 655 1293 681 per
1314 647 1398 674 alium
1421 647 1500 674 nobis
1518 647 1634 674 contulit

846 696 918 722 Deus
939 703 1020 730 qnam
1038 702 1085 729 per
1109 694 1280 729 unigenitum
1300 693 1398 720 Filium
1416 702 1508 721 suum.
1525 693 1577 721 Per
1591 693 1632 729 ip-

847 749 908 769 sum
921 742 993 768 enim
1012 741 1099 769 solum
1114 745 1140 768 et
1157 741 1342 768 adorationem
1359 741 1386 767 in
1411 741 1509 775 spiritu
1521 745 1549 767 et
1564 741 1635 768 veri-

849 791 903 814 tate
919 786 1092 817 edidicimus,
1109 790 1136 813 et
1151 785 1365 813 misericordiam
1378 786 1518 813 eonsecuti
1527 793 1634 818 sumus,

849 833 935 860 deleta
951 836 1038 859 morte
1050 837 1077 859 et
1088 832 1263 866 corruptione
1273 832 1306 859 de
1322 833 1413 860 medio
1424 833 1540 860 sublata.
1556 831 1591 859 Et
1607 833 1634 859 in

849 879 954 906 nomine
967 886 1022 905 meo
1032 877 1195 905 exaltubitur
1209 886 1290 905 cornu
1306 878 1373 912 ejus.
1390 878 1551 906 Nominibus
1562 878 1634 905 enim

849 932 909 960 quae
926 924 1044 952 maxime
1062 923 1136 950 Patri
1151 924 1325 956 conveniunt,
1347 925 1404 958 ipse
1423 931 1534 958 quoque
1548 923 1635 950 Filius

849 976 961 998 ornatur
982 980 988 997 :
1011 970 1127 1005 exempli
1156 977 1239 997 causa
1263 970 1325 997 dico
1349 979 1355 997 :
1384 969 1456 998 Deus
1485 977 1566 997 verus
1593 975 1635 997 est

849 1016 945 1049 Pater;
970 1016 1088 1051 idipsum
1108 1022 1150 1043 est
1167 1015 1252 1043 Filius
1269 1026 1276 1042 :
1294 1017 1351 1051 ipse
1368 1024 1487 1051 namque
1505 1020 1548 1043 est
1561 1016 1634 1043 veri-

849 1067 890 1090 tas
905 1071 911 1089 :
925 1067 952 1090 et
963 1063 1016 1089 vita
1034 1062 1183 1090 secundum
1208 1066 1333 1089 naturam
1350 1062 1430 1089 Pater
1443 1065 1486 1089 est
1510 1065 1537 1089 et
1553 1068 1636 1089 voca-

851 1113 905 1142 tur,
923 1109 988 1136 illud
1010 1109 1074 1136 item
1097 1113 1138 1136 est
1158 1108 1244 1136 Filius
1263 1118 1270 1136 :
1291 1109 1350 1144 ipse
1363 1116 1483 1143 namque
1499 1108 1537 1135 ait
1556 1117 1562 1135 :
1579 1107 1636 1143 Ego

850 1162 907 1181 sum
917 1154 1074 1181 resurrectio
1093 1159 1116 1181 et
1133 1154 1195 1182 vita.
1209 1153 1266 1190 (59)
1282 1153 1340 1182 Hoc
1353 1153 1459 1182 dicebat
1477 1152 1522 1181 ille
1536 1153 1570 1180 ad
1585 1152 1637 1180 Pa-

851 1204 929 1227 trem:
945 1199 1043 1227 Omnia
1058 1207 1116 1227 mea
1134 1204 1181 1227 tua
1193 1204 1264 1234 sunt,
1284 1204 1309 1227 et
1324 1204 1371 1227 tua
1381 1206 1439 1227 mea
1451 1204 1512 1227 sunt
1527 1199 1560 1227 ⁸⁷.

885 1351 932 1378 26.
962 1350 997 1378 Et
1010 1359 1106 1386 ponam
1120 1351 1148 1378 in
1159 1352 1227 1378 mari
1239 1359 1344 1378 manum
1360 1351 1428 1386 ejus.
1440 1351 1525 1384 Mare,
1538 1351 1578 1380 uti
1591 1359 1638 1380 su-

852 1404 900 1430 pra
910 1397 1040 1429 diximus,
1059 1397 1253 1425 occidentalem
1276 1397 1414 1432 regionem
1433 1401 1513 1425 vocat
1527 1406 1534 1431 ;
1549 1397 1640 1424 ﬁumi-

853 1451 888 1470 na
909 1451 974 1470 vero
1002 1442 1225 1478 Mesopotamiam
1251 1443 1308 1470 sive
1335 1443 1466 1471 orientem
1488 1447 1637 1478 nuncupat.

36 1476 84 1510 ῆτοι
102 1478 147 1514 τὴν
166 1479 308 1516 ἀνατολήν.
324 1482 407 1516 Φησὶν
420 1480 475 1514 οὖν,
490 1482 531 1509 ὅτι
544 1483 584 1514 εἰς
597 1484 686 1510 πᾶσαν
704 1483 753 1519 τὴν
764 1484 800 1510 οἰ-

870 1488 897 1515 .it
907 1488 998 1523 itaque
1013 1496 1061 1523 per
1077 1496 1185 1516 omnem
1206 1493 1304 1516 terram
1326 1488 1385 1523 ejus
1407 1495 1476 1523 opus
1494 1492 1639 1516 extensum

36 1523 150 1559 κουμένην
164 1526 179 1560 ἡ
194 1525 278 1552 αὑτοῦ
301 1527 400 1562 πρᾶξις
418 1528 607 1563 ἐκταθήσεται.
630 1529 684 1556 Kal
707 1530 741 1556 ἐν
753 1536 803 1556 πο-

36 1567 120 1602 rauci;
132 1569 229 1602 δεξιὰν
243 1571 349 1598 αὺτοῦ.
360 1572 403 1597 Ἐν
418 1573 466 1607 μὲν
481 1574 514 1608 τῇ
531 1573 651 1610 θαλάσσῃ
665 1573 767 1602 τίθεται
785 1575 801 1610 ή

36 1613 84 1646 χεὶρ
95 1614 136 1640 τοῦ
150 1615 279 1651 Χριστοῦ,
291 1617 320 1643 ὲν
333 1617 360 1643 δὲ
377 1618 432 1649 τοῖς
446 1620 577 1654 ποταμοῖς
590 1620 607 1654 ἡ
619 1619 694 1652 δεξιὰ
709 1619 802 1646 αὑτοῦ.

35 1657 94 1694 Πλὴν
108 1660 150 1686 ἐὰν
165 1661 274 1699 Θελήσῃ,
292 1663 307 1698 ἡ
325 1663 446 1689 θάλασσα
467 1665 570 1698 γίνεται
593 1665 732 1699 ποταμός·
756 1665 804 1690 καὶ

35 1704 101 1731 πάλιν
114 1707 126 1732 ὁ
144 1708 275 1743 ποταμὸς,
287 1708 334 1735 ἐὰν
347 1710 454 1745 τηρήσῃ
474 1710 519 1736 τὸν
534 1712 566 1737 ὲκ
579 1711 629 1746 τῆς
643 1711 745 1743 κοιλίας
759 1712 805 1738 αὺ-

34 1749 72 1774 τοῦ
87 1751 172 1786 ῥέοντα
189 1753 322 1789 ποταμὸν,
334 1754 381 1780 τοῦ
402 1754 503 1787 ζῶντος
527 1755 621 1788 ὕδατος
634 1757 739 1790 γίνεται
756 1757 804 1783 θά-

35 1800 115 1824 λασσα.

63 1842 148 1875 Αὐτὸς
169 1845 381 1874 ἐπικαλέσεται
404 1855 456 1882 με·
483 1847 584 1882 Πατήρ
602 1850 668 1883 ’μου
698 1847 726 1875 εἷ
752 1849 802 1881 σὺ,

36 1886 94 1919 Θεός
103 1898 168 1922 μου.
186 1892 270 1919 Πάλιν
290 1892 407 1919 ἐνταῦθα
425 1893 604 1929 οἰκονομικῶς
629 1895 643 1921 ό
666 1903 806 1930 σεσαρκω-

35 1931 101 1964 μένος
109 1934 170 1962 Θεὸν
183 1937 280 1963 ἑαυτοῦ
287 1938 332 1964 τὸν
341 1939 451 1975 Πατέρα
465 1939 551 1972 καλεῖ,
568 1939 654 1974 λέγων
666 1948 673 1955 ·
686 1941 807 1974 Πορεύο-

33 1985 76 2008 μαι
88 1981 155 2014 πρὸς
175 1982 228 2008 τὸν
243 1982 361 2016 Πατέρα
374 1992 434 2017 μου
451 1985 499 2011 καὶ
518 1985 633 2020 Παῖέρα
645 1986 737 2021 ὑμῶν,
755 1986 805 2014 καὶ

38 2024 97 2052 Θεόν
113 2035 168 2060 μου
184 2029 233 2055 καὶ
254 2029 330 2056 Θεὸν
343 2029 473 2063 worse
494 2030 548 2065 γὰρ
574 2034 716 2068 προφήτης
739 2033 805 2068 φησὶ

36 2071 88 2105 περὶ
110 2073 198 2107 αὐτοῦ,
211 2075 320 2101 παιδίον
343 2074 510 2110 γεννώμενον
534 2077 719 2111 προφητεύων,
739 2079 805 2104 Θεὸν

37 2114 128 2151 lippo)
141 2119 231 2154 ἔλεγεν
249 2121 342 2152 αὑτὸν,
357 2121 467 2156 Πατέρα
481 2122 528 2148 τοῦ
543 2122 683 2157 μέλλοντος
697 2123 803 2155 αἰῶνος.

852 1534 897 1560 iri.
910 1533 944 1560 Et
956 1535 983 1561 in
999 1534 1152 1568 ﬂuminibus
1167 1534 1301 1561 dexteram
1314 1534 1381 1568 ejus.
1394 1535 1424 1561 In
1439 1533 1508 1561 mari
1528 1534 1639 1568 ponitur

853 1587 951 1607 manus
965 1578 1079 1612 Christi,
1101 1579 1128 1606 in
1142 1579 1299 1607 ﬂuminibus
1317 1584 1410 1605 autem
1431 1579 1543 1605 dextera
1565 1577 1636 1614 ejus.

853 1625 953 1652 Verum
967 1625 990 1650 si
1004 1625 1076 1655 velit,
1090 1631 1164 1651 mare
1177 1624 1291 1651 efficitur
1303 1623 1402 1651 ﬁumen
1419 1633 1424 1651 :
1442 1628 1469 1651 et
1482 1629 1576 1652 contra
1587 1624 1639 1651 llu-

854 1677 914 1697 men
929 1669 951 1696 si
969 1669 1038 1697 alvei
1058 1670 1099 1697 sui
1119 1677 1217 1705 aquam
1235 1670 1360 1702 retine'at,
1375 1677 1453 1706 aqua:
1475 1669 1543 1698 viva
1555 1678 1637 1698 mare

853 1715 976 1743 ellicitur.

889 1847 934 1874 27.
958 1845 1019 1879 Ipse
1035 1845 1166 1872 invocabit
1184 1853 1224 1871 me
1240 1853 1249 1871 :
1270 1844 1353 1872 Pater
1373 1853 1444 1872 meus
1464 1854 1491 1873 es
1507 1850 1545 1878 lu,
1568 1845 1639 1874 Deus

855 1900 938 1919 meus.
957 1891 1015 1919 Iloc
1028 1892 1089 1919 loco
1103 1890 1150 1925 qui
1166 1891 1323 1918 incarnatus
1339 1896 1380 1918 est
1393 1899 1441 1926 per
1457 1895 1638 1921 meonomiam

856 1938 940 1966 Deum
958 1942 1036 1965 vocat
1050 1937 1157 1964 Patrem
1175 1944 1254 1963 suum
1267 1937 1359 1964 dicens
1373 1947 1379 1964 :
1399 1937 1473 1964 Vado
1484 1939 1518 1965 ad
1530 1939 1640 1967 Patrem

855 1993 942 2012 meum
966 1989 991 2011 et
1014 1984 1123 2011 Patrem
1147 1988 1271 2016 vestrum,
1294 1982 1378 2010 Deum
1403 1992 1487 2011 meum
1512 1990 1537 2012 et
1557 1985 1640 2013 Deum

855 2036 970 2058 vestrum
987 2030 1020 2057 ‘3.
1039 2028 1107 2056 Nam
1131 2029 1261 2064 propheta
1276 2029 1309 2056 de
1325 2030 1372 2057 illo
1387 2030 1518 2064 loquitur,
1531 2039 1592 2058 cum
1608 2032 1641 2060 de

855 2084 938 2111 puero
965 2080 1028 2103 nato
1052 2075 1254 2110 praenuntians,
1286 2076 1371 2103 Deum
1402 2075 1500 2104 fortem
1534 2079 1641 2105 vocavit

857 2123 942 2153 illum,
957 2122 1063 2148 Patrem
1078 2122 1161 2149 futuri
1176 2121 1267 2148 saeculi
1280 2121 1312 2148 ”.

64 2164 107 2195 Εἰς
120 2164 169 2191 τὸν
180 2166 275 2193 αἰῶνα
288 2166 412 2201 φυλάξω
426 2167 506 2199 αὑτῷ
521 2168 553 2194 τὸ
573 2169 663 2201 ἔλεός,
677 2178 737 2203 μου
759 2178 800 2196 και

892 2168 938 2194 29,
960 2167 994 2193 In
1006 2172 1132 2194 wternum
1147 2168 1253 2194 servabo
1273 2167 1314 2194 illi
1332 2168 1541 2195 misericordiam
1556 2177 1640 2196 meam

35 2205 167 2252 διαθήκηη
174 2221 244 2245 μου,
259 2212 339 2247 Αὐτῷ
353 2213 401 2247 μὲν
415 2213 454 2248 τῷ
470 2214 659 2241 πεπιστευκότι
675 2214 708 2240 δι’
721 2215 803 2242 αὐτοῦ

35 2251 80 2288 λαῷ
95 2251 282 2291 φησιν.”Ελεος
297 2259 326 2285 δὲ
339 2260 388 2294 τὴν
406 2259 449 2286 διὰ
470 2260 588 2291 πίστεως
604 2260 699 2294 ἄφεσιν
719 2261 803 2295 λέγει.

35 2300 152 2337 Διιθήκην
173 2304 201 2330 δὲ
223 2306 273 2340 τὴν
297 2305 360 2332 νέαν
385 2306 476 2340 φησὶν,
493 2307 525 2341 ἣν
546 2307 592 2332 καὶ
607 2306 706 2341 πιστὴν
723 2305 802 2340 εἶναι,

34 2344 84 2371 ἀντὶ
98 2347 156 2380 τῶν,
171 2350 280 2385 ἀσφαλῆ
304 2351 350 2377 καὶ
367 2350 477 2385 βεϐαίαν
493 2352 539 2378 καὶ
555 2352 696 2386 μένουσαν.
707 2352 738 2378 Ἡ
755 2353 805 2388 μὲν

34 2390 78 2425 γὰρ
91 2393 177 2430 πρώτη
195 2396 315 2431 διαθήκη
337 2397 472 2423 πέπαυται
494 2397 538 2424 διὰ
550 2398 580 2423 τὺ
594 2398 679 2433 αὐτῆς
695 2398 805 2431 ἀσθενὲς

35 2436 73 2461 καὶ
82 2439 210 2474 ἀνωφελές
220 2450 227 2456 ·
242 2441 319 2469 οὐδὲν
333 2442 387 2477 γὰρ
400 2442 555 2469 ἐτελείωσεν
567 2444 581 2470 ὁ
594 2443 685 2478 νόμος.

63 2529 110 2556 Καὶ
122 2531 250 2567 θήσομαι
261 2535 307 2566 εὶς
319 2534 373 2561 τὸν
385 2534 477 2562 αἰῶνα
488 2535 540 2562 τοῦ
553 2535 659 2569 αἰῶνος
671 2536 704 2562 τὸ
717 2536 809 2571 σπέρ-

31 2581 67 2605 tta
76 2576 170 2604 αὐτοῦ.
184 2580 222 2605 Οὐ
240 2580 375 2606 παύσεται
394 2581 448 2616 γὰρ
472 2581 502 2608 τὺ
522 2581 692 2616 Χριστιανῶν
711 2582 806 2617 ὄνομα,

34 2620 131 2657 καὶτῆς
144 2624 325 2661 εὐαγγελικῆι
343 2627 469 2662 λατρείας
494 2627 509 2662 ἡ
534 2627 662 2663 δύναμις·
680 2628 808 2663 διηνεκὴς

70 2667 160 2700 μᾶλλον
173 2671 249 2698 ἔσται
263 2672 313 2698 καὶ
326 2672 523 2708 ἀκατάληκτος.

856 2217 880 2240 et
896 2217 1081 2240 testamentum
1096 2221 1192 2239 meum.
1215 2213 1269 2247 Ipsi
1291 2213 1394 2240 scilicet
1411 2214 1512 2248 populo
1532 2215 1578 2249 qui
1595 2222 1643 2250 per

856 2267 917 2286 eum
938 2259 1062 2286 credidit.
1075 2258 1290 2286 Misericordiam
1303 2263 1392 2285 autem
1409 2264 1487 2286 vocat
1501 2261 1643 2288 remissio-

857 2313 918 2332 nem
931 2313 992 2339 qnae
1014 2312 1062 2339 per
1084 2305 1163 2331 ﬁdem
1184 2304 1331 2331 obtinetur.
1353 2304 1556 2333 Testamentum
1578 2314 1643 2334 vero

859 2358 959 2377 novum
974 2351 1023 2382 ait,
1037 2351 1109 2385 quod
1125 2350 1203 2377 fidele
1220 2350 1295 2383 dicit,
1310 2351 1413 2378 scilicet
1427 2351 1546 2386 ﬁrmum,
1563 2361 1643 2381 secu-

858 2404 919 2424 rum
934 2401 960 2423 et
976 2404 1100 2423 tnanens.
1114 2396 1180 2423 Nam
1192 2398 1309 2431 primum
1326 2398 1392 2424 illud
1405 2403 1595 2426 testamentum
1609 2400 1644 2426 ob

858 2441 1044 2469 inﬁrmitatem
1057 2446 1083 2469 et
1096 2441 1270 2469 inutilitatem
1285 2450 1362 2470 suam
1381 2443 1473 2471 desiit.
1484 2443 1557 2471 Nihil
1570 2444 1644 2472 enim

858 2487 891 2514 ad
906 2487 1054 2521 perfectum
1068 2487 1181 2514 deduxit
1192 2488 1244 2515 lex.

895 2533 938 2560 50.
968 2533 1002 2560 Et
1024 2542 1120 2568 ponam
1144 2534 1172 2560 in
1195 2534 1321 2560 swculum
1346 2534 1437 2561 stt'culi
1460 2542 1546 2561 semen
1575 2537 1642 2570 ejus.

860 2580 1004 2614 Nunquam
1021 2580 1139 2607 cessabit
1159 2580 1231 2607 enim
1251 2580 1471 2608 Christianorum
1491 2589 1602 2615 nomen,
1618 2587 1645 2609 et

860 2627 948 2654 virtus
966 2626 1117 2659 evangelici
1137 2627 1244 2659 cultus;
1265 2627 1321 2655 imo
1342 2626 1433 2661 potius
1451 2631 1580 2662 perpetua
1593 2627 1645 2655 erit

858 2677 885 2700 et
896 2672 1116 2700 interminabilis.

64 2733 221 2771 "I.Ioan.tv,
238 2739 286 2766 24.
307 2739 328 2756 ⁸⁷
343 2740 421 2768 Joan.
445 2749 511 2776 xvn,
528 2741 571 2769 IO.
604 2743 633 2779 _"
651 2741 729 2772 Joan.
749 2751 794 2776 xx,
820 2743 862 2770 Π.
901 2743 922 2759 ⁸³³
942 2742 992 2770 Isa.
1014 2742 1096 2778 tx,'_6.

64 2791 114 2828 (59)
133 2793 180 2824 I‘Iic
191 2796 284 2824 deﬁcit
299 2803 451 2825 contextus.
