1891 3061
53 118 111 147 595

566 117 745 148 EXPOSITIO
765 119 800 148 IN
817 118 984 148 PSALMUM
1004 116 1170 147 LXXXVIII.

1623 118 1675 149 394

54 179 182 213 ἐχθροὺς
199 179 303 206 αὐτοῦ.
332 180 459 215 Ἔχαιρον
484 188 538 216 γαρ
563 181 608 208 καὶ
630 181 751 208 ὲπέσειον
770 181 844 217 αὐτῷ

905 182 1014 210 nimico:
1027 181 1095 216 ejus.
1112 180 1272 208 Gaudebant
1297 180 1368 208 cnim
1386 184 1413 206 et
1430 180 1572 209 movebant
1587 182 1675 218 capi!)

54 223 107 255 τὰς
119 223 241 257 κεφαλὰς
253 244 260 256 ,
275 224 391 260 ὁρῶντες
406 225 486 252 αὑτὸν
500 225 546 252 ἐπὶ
561 225 639 258 ξύλου
660 227 841 262 κρεμάμενον.

101 269 306 304 Ἀπὲστρεψας
325 270 381 304 τὴν
392 271 546 305 ,βοήθειαν
561 271 616 306 τῆς
628 273 777 307 ῥομφαίας
792 273 844 299 αὐ-

55 315 124 343 τοῦ.
146 317 252 352 Ἐπειδὴ
264 316 356 354 ἀξίους
372 317 449 349 ὄντας
465 318 514 354 τὴν
530 319 646 353 ἐσχάτην
662 319 738 355 δίκην
752 319 843 345 ἀποτῖ-

57 370 106 388 σαι
128 363 190 394 τοὺς
212 362 422 398 σταυρώσαντας
437 364 482 390 τὸν
508 365 636 400 μονογενῆ
653 365 699 390 τοῦ
715 364 780 391 Θεοῦ
798 366 844 391 καὶ

56 407 166 451 Πατρρς
179 408 243 434 Υίὺν
259 409 290 435 οὐ
306 409 491 444 τετιμώρηται
512 412 681 446 παραχρῆμα
691 432 697 443 ,
723 412 765 438 διὰ
782 413 846 439 πολ-

56 448 327 489 λὴνλῷιλανθρωπίαν
342 457 435 491 καιρὸν
450 457 592 491 μετανοίας
603 477 611 489 ,
624 457 669 484 τὸν
682 458 726 484 διὰ
751 458 846 493 βαπτί-

58 508 172 535 σματος,
189 501 236 527 καὶ
252 502 343 533 αὐτοῖς
358 502 534 538 χαριζόμενος
545 511 551 517 ·
566 503 659 530 τούτου
684 504 763 539 χάριν
778 505 846 531 ἁπο-

58 546 173 582 στρέψαι
195 547 301 581 λέγεται
319 547 368 583 τὴν
384 548 508 584 βοήθειαν
523 549 572 584 τῆς
598 550 732 585 ῥομφαίας
751 549 844 577 αὑτοῦ.

58 592 96 617 Τὸ
107 592 148 623 δὲ,
164 592 367 627 ἀπέστρεψας,
384 593 458 625 ἀντὶ,
476 594 601 629 ἐπέσχες.

93 637 272 671 Κατέλυσας
296 638 354 665 ἀπὸ
374 640 558 674 καθαρισμοῦ
574 641 676 668 αὑτοῦ.
694 641 748 674 Τὸ,
776 649 846 668 κατ-

57 683 184 716 έλυσας,
194 684 253 710 ἀντὶ
267 684 325 717 τοῦ,
340 686 520 720 κατήνεγκας.
531 686 710 722 Κατήνεγκας
725 685 781 719 οὖν,
795 696 847 722 φη-

58 730 119 762 σὶν,
136 731 195 765 ῆτοι
209 731 416 766 παρεσκεύασας
432 732 473 764 είς
487 732 517 758 τὺ
535 732 724 764 πιστεύεσθαι,
741 734 781 760 ὅτι
796 741 846 760 κα-

57 775 143 811 θαρός
161 777 245 803 ἐστιν.
278 777 423 813 Ἐπενοήθη
439 778 492 815 γὰρ
504 777 573 806 εἶναι
591 780 726 815 πονηρὸς,
749 780 794 806 καὶ
810 780 847 812 ὡς

57 822 222 858 ἁμαρτωλὸς
238 823 387 859 κατεκρίθη
401 843 407 854 ,
432 823 481 850 καὶ
496 824 531 850 έν
545 823 607 857 τοῖς
633 825 754 859 ἀνόμοις
780 826 848 852 Mm

894 233 955 259 sua,
971 226 1092 253 videntes
1106 233 1167 253 eum
1181 226 1208 252 in
1223 225 1296 260 ligno
1315 226 1477 260 pendentem
1485 227 1519 254 ".

928 273 974 300 44.
1002 272 1126 299 Avertisti
1149 271 1313 305 adjutorium
1336 271 1419 306 gladii
1444 273 1510 305 eius.
1541 272 1676 305 Quoniam

894 326 941 346 eos
955 319 1001 353 qui
1017 318 1185 353 unigenitum
1200 316 1247 344 Dei
1263 321 1290 344 et
1311 316 1399 345 Patris
1417 316 1516 344 Filium
1534 318 1677 345 crucifixe-

895 367 970 395 runt,
990 367 1111 390 extremo
1129 361 1264 397 supplicio
1278 362 1394 397 dignos,
1419 370 1474 389 non
1493 363 1585 390 statim
1604 363 1677 390 ultus

895 413 953 438 est;
971 408 1017 436 sed
1033 416 1081 443 per
1097 416 1232 435 summam
1246 408 1414 435 clementiam
1427 413 1532 443 tempus
1545 409 1679 443 paeniten-

895 455 940 482 tiae
955 462 1002 490 per
1014 454 1178 489 baptismum
1190 454 1263 482 dedit
1277 454 1348 487 illis;
1373 454 1433 481 ideo
1457 454 1522 481 dicit
1547 454 1679 481 avertisse

896 502 1059 536 adiutorium
1073 501 1153 536 gladii
1167 501 1225 535 ejus
1239 509 1246 533 ;
1263 500 1329 528 illud
1343 505 1444 533 autem,
1460 501 1590 532 avertisli,
1606 500 1679 527 acci‘

897 548 968 583 pitur
983 554 1042 582 pro,
1057 547 1204 574 retinuisti.

932 636 977 664 45.
994 635 1158 663 Destruxisti
1176 643 1234 662 eum
1252 634 1284 661 ab
1303 634 1496 662 emundalione.
1524 633 1609 664 Illud,
1631 632 1678 659 de-

898 681 1030 716 atruxisti,
1048 689 1108 716 pro,
1125 680 1256 716 dejecisti,
1273 680 1391 716 positum
1407 685 1459 711 est,
1474 679 1501 706 id
1515 682 1567 712 est,
1587 679 1678 713 provi-

899 727 961 755 disti
988 732 1017 754 ut
1040 727 1195 754 crederetur
1216 734 1312 761 purus.
1344 725 1411 752 Nam
1427 725 1557 760 putabant
1575 724 1677 751 malum

897 781 968 805 esse,
985 778 1012 800 et
1027 772 1106 808 quasi
1121 776 1247 807 peccator
1261 772 1405 799 damnatus
1421 775 1477 802 est,
1500 775 1525 797 et
1548 771 1616 797 inter
1627 770 1678 797 ini-

898 828 963 855 quos
975 823 1111 854 reputatus
1126 818 1161 845 ⁵⁸.
1178 817 1311 845 Thronum
1324 818 1380 852 ejus
1390 818 1418 843 in
1433 821 1531 844 terram
1545 816 1677 843 collisiui.

57 869 161 902 τέσθη.
177 867 232 894 Τὸν
240 869 348 901 θρόνον
358 858 451 894 αὺτοῦ
460 869 503 901 εις
513 868 570 902 τὴν
579 868 638 903 γῆν
651 858 844 903 κατέρῤαξας.

904 866 964 899 Quia
979 865 1125 893 carnaliter
1139 872 1236 899 passus
1250 869 1301 894 est,
1319 868 1345 890 et
1361 862 1450 890 factus
1464 866 1507 890 est
1520 862 1591 889 inter
1605 869 1680 888 mor-

62 913 175 948 Ἐπειδὴ
192 913 309 940 πέπονθε
327 914 480 949 σαρκικῶς,
504 915 552 941 καὶ
571 915 682 949 γέγονεν
696 917 725 942 ἐν
741 917 846 952 νεκροῖς

56 959 213 995 ἐλεύθερος·
229 959 388 995 νομίσαντες
401 961 424 987 οἱ
441 961 662 996 σταυρώσαντες,
689 961 730 988 ὅτι
746 971 846 989 πεπον-

57 1005 114 1038 Θὼς
129 1006 288 1042 συνεστάλη,
301 1006 349 1032 καὶ
364 1006 500 1033 πέπαυται
517 1007 564 1034 τοῦ
577 1008 624 1034 καὶ
634 1008 703 1040 ὅλως
716 1006 785 1035 εἶναι
799 1009 846 1035 καὶ

55 1051 239 1087 ὀνομάζεσθαι
249 1060 256 1068 ·
273 1052 316 1078 διὰ
327 1051 405 1078 τοῦτο
420 1053 470 1084 τὰς
481 1052 536 1079 τῶν
549 1053 760 1089 σταυρωσάντων
781 1055 846 1081 ὐπο-

56 1096 135 1129 νοίας
151 1097 322 1133 διερμηνεύει
338 1098 441 1133 λέγων·
473 1098 529 1126 Τὸν
553 1100 661 1134 θρόνον
685 1100 779 1127 αὐτοῦ
803 1102 846 1134 εἰς

55 1143 117 1177 τὴν
129 1142 190 1177 γῆν
203 1144 395 1178 κατέρῤαξας.
567 1147 572 1152 ”

96 1190 172 1222 Ἕως
184 1190 265 1222 πότε,
279 1191 376 1225 Κύριε,
390 1191 565 1226 ἀποστρέφῃ
580 1193 623 1224 εἰς
637 1191 732 1225 τέλος,
744 1191 848 1219 ἐκκαυ-

55 1234 184 1268 θήσεται
200 1235 239 1267 ὼς
254 1235 349 1269 πῦρ”ή
366 1235 438 1270 ὀργή
454 1243 528 1267 σου;
542 1235 679 1269 Τουτέστι,
696 1237 784 1273 Μέχρι
805 1237 846 1263 τί-

54 1289 104 1312 νος
122 1279 225 1315 ίσχύσει
245 1280 280 1307 τὰ
295 1280 348 1308 τῶν
375 1281 507 1309 Ἰουδαίων
520 1282 681 1318 τολμήματα
692 1302 700 1313 ,
716 1283 845 1309 ἐπισπου-

54 1325 195 1357 δαζόντων
216 1325 265 1360 τὴν
289 1325 336 1352 τοῦ
362 1326 530 1360 Μονογενοῦς
555 1327 602 1353 καὶ
620 1327 746 1362 Σωτῆρος
767 1327 846 1362 ἡμῶν

56 1369 232 1406 nationis-tv;
262 1371 291 1397 '0
303 1371 332 1397 δὲ
347 1371 492 1407 Σύμμαχος
503 1379 509 1386 ·
541 1372 614 1404 Ἕως
632 1373 729 1405 τίνος,
746 1373 845 1407 Κύριε,

55 1416 258 1450 ἀποκρυόήσῃ
271 1418 314 1450 εἰς
327 1417 427 1450 τέλος,
442 1418 624 1452 φλεγήσεται
637 1417 677 1451 ὡς
694 1418 754 1452 πῦρ
767 1420 783 1445 ό
797 1420 846 1446 θυ-

51 1462 118 1496 μός
133 1469 210 1494 σου;
223 1463 311 1498 Μέχρι
326 1463 398 1495 τινος
408 1484 415 1495 ,
434 1464 510 1499 φησὶ,
528 1464 665 1497 Δέσποτα,
680 1465 730 1491 οὐκ
745 1465 846 1497 ἐθέλεις

58 1508 128 1557 ἰδεῖν
145 1506 195 1538 τὰς
216 1508 352 1557 ἡμετέρας
364 1508 459 1540 ὀδύνας
469 1529 475 1541 ,
491 1509 544 1535 οὐδ’
562 1509 691 1545 ἐπιφαίνῃ
715 1510 761 1536 καὶ
774 1509 846 1542 λύεις
859 1528 880 1557 C

54 1554 110 1585 τὰς
125 1553 265 1588 συμφοράς
276 1562 283 1569 ·
295 1554 363 1581 ἀλλά
377 1554 501 1590 καθάπερ
513 1554 568 1590 πῦρ
579 1555 629 1591 τὴν
641 1556 724 1591 ὀργὴν
735 1557 768 1592 τῇ
782 1557 846 1592 μνή-

57 1608 102 1636 μῃ
116 1599 255 1636 ἡμετέρων
271 1601 435 1636 ἁμαρτάδων
450 1600 587 1635 ἐκκαίεις;

96 1645 252 1680 Μνήσθητι
275 1647 321 1679 τίς
330 1655 390 1681 μου
412 1647 432 1681 ὴ
450 1647 626 1680 ὑπόστασις.
666 1648 723 1674 Ἐπ’
739 1647 845 1684 ἀφθαρ-

56 1691 122 1727 σίᾳ,
141 1691 224 1726 φησὶ,
242 1692 286 1718 τὸν
302 1692 443 1728 ἄνθρωπον
460 1694 626 1729 πεποίηκας,
640 1694 687 1720 καὶ
701 1694 760 1720 κατ’
776 1693 846 1720 εἰκό-

56 1746 96 1764 να
110 1737 162 1773 τὴν
177 1737 224 1773 σὴν
243 1738 362 1770 ἔπλασας
376 1739 455 1765 αὐτόν
465 1747 472 1754 ·
501 1739 569 1765 ἀλλὰ
582 1739 692 1773 γέγονεν
712 1739 764 1766 ὑπὸ
782 1739 846 1774 φθο-

57 1782 113 1818 ρὰν
129 1782 159 1814 ἐξ
176 1782 295 1818 ἀπάτης,
307 1783 398 1818 φησιν.
410 1784 512 1810 Οὐκοῦν
528 1783 576 1820 τὴν
590 1784 742 1821 ἀφθαρσίαν
757 1785 847 1817 ἐπίδος

57 1827 106 1854 ῐνα
121 1826 269 1860 σώζωνται,
283 1828 406 1863 καθάπερ
420 1828 539 1864 ἐπλάσθη
557 1829 587 1855 τὸ
601 1830 716 1865 ποίημα.

98 1915 149 1948 Τις
159 1915 244 1942 ἐστιν
257 1915 410 1950 ἄνθρωπος
422 1916 456 1949 ὃς
469 1915 587 1950 ζήσεται
603 1918 651 1945 καὶ
667 1919 722 1945 οὐκ
742 1918 846 1952 ὄψεται

56 1960 209 1993 mirator;
223 1960 316 1993 Οὐδεὶς
325 1981 332 1993 ,
349 1962 444 1997 φησὶν,
460 1961 521 1988 οὔτε
530 1962 645 1990 θανάτου
653 1964 785 1999 κρείττων
799 1972 845 1998 γε-

56 2006 181 2042 νήσεται,
192 2006 253 2033 οὔτε
267 2008 319 2043 μὴν
329 2007 363 2034 ἐκ
374 2007 473 2041 χειρὸς
483 2007 557 2040 ᾅδου
570 2008 627 2042 τὴν
638 2009 744 2044 ψυχὴν
753 2009 846 2036 αὐτοῦ

53 2052 193 2086 ῥύσεται,
207 2053 231 2078 εί
246 2052 284 2088 μὴ
298 2053 341 2086 σὺ,
353 2053 444 2088 φησὶν,
456 2051 479 2080 ὦ
490 2053 622 2086 Δέσποτα,
640 2054 689 2089 τὴν
700 2055 846 2082 ἀνάστασιν

56 2096 170 2131 ὲπιδῷς.

92 2144 156 2171 Ποῦ
168 2145 228 2170 εισι
242 2144 279 2170 τὰ
299 2143 368 2178 ἐλέη
381 2152 439 2170 σου
459 2144 496 2171 τὰ
510 2142 632 2179 ἀρχίιῗα,
648 2145 755 2179 Κύριε;
784 2146 846 2181 Ἀρ-

897 917 958 939 tuos
972 912 1051 943 liber,
1070 910 1121 937 rati
1141 910 1187 945 qui
1206 908 1398 937 crucifixcr'unt
1417 915 1478 936 eum
1490 927 1497 940 ,
1518 914 1678 942 oppressum

897 956 982 984 fuisse
994 964 1043 991 per
1064 955 1229 991 passionem,
1257 962 1289 982 ac
1302 954 1414 982 omnino
1428 954 1509 981 ﬁnem
1533 953 1679 981 exsistendi

897 1002 993 1030 fecisse
1008 1009 1058 1029 nec
1071 1001 1140 1028 ultra
1155 1000 1350 1028 nominandum
1369 1000 1442 1027 fore:
1461 999 1522 1027 ideo
1532 999 1678 1034 Propheta,

897 1055 993 1075 eorum
1015 1047 1061 1082 qui
1078 1046 1273 1075 cruciﬁxerunt
1297 1045 1526 1073 existimationem
1544 1045 1680 1080 interpre-

897 1097 969 1120 tatur
983 1093 1075 1120 dicens
1090 1102 1096 1120 :
1113 1091 1246 1119 Thronum
1258 1091 1315 1126 ejus
1328 1091 1355 1118 in
1372 1095 1468 1118 terram
1479 1091 1611 1118 collisisti.

929 1193 973 1220 47.
991 1192 1137 1228 Usquequo,
1153 1190 1280 1223 Domine,
1303 1192 1397 1218 avertis
1411 1191 1439 1218 in
1459 1191 1551 1226 ﬁnem,
1572 1191 1680 1217 exarde-

896 1243 949 1266 scet
971 1240 1039 1266 sicut
1055 1239 1124 1273 ignis
1140 1239 1183 1264 ira
1201 1238 1269 1264 tua?
1299 1237 1327 1265 Id
1341 1241 1392 1270 est,
1410 1235 1557 1272 Usquequo
1570 1235 1678 1264 Judaeu-

896 1293 957 1313 rum
974 1292 1057 1312 ausus
1078 1284 1278 1319 praevalebunt,
1302 1283 1349 1318 qui
1361 1287 1458 1311 curant
1473 1286 1502 1309 ut
1516 1281 1678 1317 Unigenitus

896 1335 923 1358 et
937 1329 1061 1357 Salvator
1072 1333 1164 1357 noster
1175 1328 1367 1364 crucifigatur?
1378 1327 1558 1363 Symmachus
1568 1332 1658 1354 autem
1671 1336 1676 1354 :

898 1375 1035 1411 Usquequo
1047 1395 1055 1407 ,
1070 1375 1198 1409 Domine,
1220 1374 1386 1401 absconderis
1410 1374 1437 1400 in
1453 1373 1547 1408 ﬁnem,
1570 1373 1680 1399 mordeo

896 1428 948 1449 seet
965 1427 993 1449 ut
1007 1422 1074 1458 ignis
1088 1422 1164 1456 furor
1178 1426 1237 1448 tuus
1247 1421 1425 1456 ?Usquequo,
1441 1419 1540 1454 inquit,
1555 1418 1680 1452 Domine,

897 1476 951 1496 non
964 1468 1006 1496 vis
1022 1468 1157 1503 respicere
1180 1467 1288 1495 dolores
1309 1471 1431 1499 nostros,
1458 1473 1547 1500 neque
1566 1473 1681 1501 appares

896 1520 924 1543 et
937 1515 1011 1542 eruis
1026 1521 1076 1542 nos
1093 1521 1109 1541 a
1122 1513 1341 1546 calamitatibus;
1364 1512 1411 1540 sed
1424 1512 1502 1547 quasi
1525 1511 1596 1547 ignis
1611 1512 1679 1538 iram

898 1566 972 1588 tuam
992 1568 1040 1595 per
1065 1563 1240 1595 peccatorum
1265 1563 1424 1588 nostrorum
1449 1559 1609 1587 memoriam
1635 1567 1681 1586 ac-

897 1606 1009 1635 cendis?

930 1651 975 1680 48.
1000 1651 1146 1679 Memorare
1166 1659 1224 1687 qua:
1242 1659 1299 1678 mea
1313 1651 1472 1679 substantia.
1505 1651 1534 1678 In
1557 1651 1682 1678 incorru-

897 1698 999 1734 ptione,
1023 1698 1121 1733 inquit,
1145 1698 1284 1725 hominem
1307 1697 1415 1730 fecisti,
1434 1701 1461 1725 et
1485 1697 1519 1725 ad
1534 1697 1681 1732 imaginem

897 1747 972 1771 tuam
994 1743 1118 1771 formasti
1141 1751 1223 1775 eum;
1254 1743 1300 1772 sed
1319 1743 1414 1772 fraude
1438 1742 1640 1771 circumventus
1655 1743 1682 1770 in

897 1790 1100 1825 corruptionem
1119 1789 1229 1817 decidit.
1253 1789 1346 1825 Itaque
1361 1791 1425 1817 dato
1443 1789 1482 1817 illi
1497 1788 1681 1824 incorruptio—

898 1844 970 1868 nem,
987 1840 1017 1863 ut
1035 1836 1149 1863 salutem
1163 1840 1364 1870 consequatur,
1374 1837 1410 1863 'in
1419 1843 1499 1871 quem
1512 1836 1594 1863 finem
1610 1843 1681 1870 opus

898 1881 964 1908 illud
981 1879 1105 1908 effectum
1123 1883 1174 1907 est.
1197 1915 1200 1918 Α

933 1926 977 1954 49.
995 1926 1061 1959 Quis
1072 1931 1109 1953 est
1122 1926 1198 1952 homo
1210 1925 1256 1960 qui
1268 1924 1333 1952 vivet
1341 1929 1365 1952 et
1379 1933 1429 1951 non
1440 1924 1536 1952 uidebit
1550 1931 1658 1953 mortem
1669 1927 1683 1954 7

898 1971 994 2005 Nemo,
1012 1972 1119 2006 inquit,
1133 1975 1180 1998 aut
1193 1975 1281 1998 morte
1293 1971 1417 2005 superior
1429 1971 1498 2004 erit,
1513 1975 1560 1998 aut
1572 1972 1682 1999 redime:

898 2018 1015 2044 animum
1026 2025 1101 2044 suam
1115 2017 1146 2044 de
1162 2025 1241 2043 manu
1256 2016 1352 2051 inferi,
1371 2016 1424 2044 nisi
1437 2020 1467 2043 tu
1477 2037 1485 2051 ,
1506 2017 1606 2052 inquit,
1629 2017 1682 2045 Do-

899 2063 981 2098 mine,
997 2069 1058 2091 resu
1064 2060 1227 2091 rrecliencm
1239 2063 1420 2091 concesseris.

933 2143 977 2170 50.
996 2142 1045 2170 Ubi
1058 2147 1118 2170 sunt
1131 2142 1320 2169 misericordia:
1337 2146 1390 2169 tua!
1407 2142 1532 2177 antiqua,
1547 2140 1658 2169 Domine
1670 2143 1683 2169 1

56 2192 124 2225 χαῖα
138 2190 200 2225 ἐλέη
216 2188 264 2215 τοῦ
278 2188 356 2220 Θεοῦ,
373 2190 465 2224 φησὶν,
483 2190 500 2225 ἡ
514 2190 567 2224 πρὸ
581 2190 732 2226 καταϐολῆς
745 2190 846 2226 κόσμου

904 2189 1030 2224 Antiquas
1056 2188 1103 2216 Dei
1132 2188 1337 2216 misericordias
1351 2192 1447 2221 vocat,
1478 2187 1681 2215 renovationem

57 2235 200 2272 ὡρισμένη
217 2235 257 2266 είς
270 2235 422 2271 ἀφθαρσίαν
437 2236 666 2271 ἀναστοιχείωσις.

93 2326 253 2360 Μνήσθητι
263 2344 272 2358 ,
288 2325 387 2358 Κύριε,
404 2325 458 2352 τοῦ
476 2325 646 2361 όνειδισμοῦ
660 2325 719 2352 τῶν·
730 2325 847 2353 δούλων

57 2381 128 2401 σου.
150 2371 260 2406 Ἐηιδὴ
272 2370 430 2398 ὡνείδισάν
443 2379 477 2406 με
486 2391 494 2403 ,
507 2371 593 2406 Κύριε
603 2390 610 2402 ,
622 2373 649 2397 οἱ
661 2372 761 2406 ἐχθροί
775 2380 841 2405 σου,

56 2419 211 2454 φάσκοντες
232 2417 337 2451 ψευδεῖς
357 2415 425 2443 εἶναι
441 2416 491 2448 τὰς
507 2417 571 2452 περὶ
593 2415 660 2452 ἐμοῦ
680 2419 737 2449 τοῖς
760 2417 848 2445 ἔθνεσι

54 2463 205 2499 δεδομένας
221 2462 402 2496 ἐπαγγελίας*
429 2458 509 2488 αὗται
531 2462 560 2489 δὲ
579 2460 648 2498 ἦσαν
673 2462 704 2489 τὸ
728 2463 846 2498 σωθῆναι

54 2510 138 2541 αὐτὰ,
154 2508 203 2536 καὶ
211 2508 400 2544 ἀπαλλαγῆναι
411 2508 525 2535 θανάτου
537 2508 584 2535 καὶ
596 2509 749 2544 ἁμαρτίας·
771 2509 847 2537 ὠνεί-

54 2556 133 2583 δισαν
149 2555 179 2582 δὲ
199 2554 354 2590 ἀφορῶντες
370 2554 411 2586 εζς
435 2554 480 2580 τὸν
507 2553 621 2581 θάνατον
637 2554 682 2581 τὸν
703 2554 783 2590 ἐμόν·
801 2556 848 2582 καὶ

55 2601 193 2636 ματαίους
215 2599 300 2631 αὑτὰς
315 2597 385 2626 εἶναι
399 2598 557 2634 ἀπέφηναν·
575 2599 668 2626 τούτου
686 2600 766 2635 χάριν
780 2600 847 2627 αἰτῶ

55 2655 96 2674 σοι
110 2645 283 2682 μνησθῆναι·
304 2645 338 2672 τὸ
350 2645 404 2681 γὰρ
437 2644 632 2679 ἀντάλλαγμα
654 2645 705 2672 τοῦ
718 2646 847 2679 Χριστοῦ

53 2702 113 2721 σου
127 2692 301 2725 ὠνείδισαν,
317 2691 408 2727 φησιν.
436 2691 485 2726 Εῐη
499 2691 528 2718 δὲ
540 2690 571 2717 τὸ
580 2690 755 2727 ἀντάλλαγμα
764 2691 846 2718 αὑτοῦ

53 2739 67 2765 ὁ
82 2738 204 2768 θάνατος
221 2736 304 2763 αὑτοῦ
320 2737 366 2763 καὶ
382 2736 411 2762 τὸ
423 2733 507 2768 uiua,
521 2735 551 2762 τὸ
568 2735 724 2772 ἀντίλυτρον
739 2737 847 2773 δεδομέ-

89 2827 114 2843 ⁵¹
132 2825 231 2853 Matth.
244 2831 334 2855 xxvii.
347 2824 391 2851 59.
427 2825 450 2840 ¹⁶
469 2823 521 2850 lsa.
537 2830 595 2855 Lm.
610 2824 652 2851 ἱεὶς

218 2873 352 2903 Panos.
374 2872 433 2903 Gn.
457 2872 589 2904 XXVII.

898 2234 972 2261 illam
981 2234 1009 2261 in
1021 2233 1262 2268 incorruptionem,
1272 2239 1334 2261 ante
1348 2233 1444 2260 mundi
1459 2232 1681 2260 constitutionem

898 2281 1046 2308 deﬁnitam.

935 2328 980 2354 51.
997 2327 1098 2354 Memor
1110 2332 1175 2358 esto,
1190 2325 1310 2359 Domine,
1332 2325 1466 2361 opprobrii
1476 2333 1610 2353 seruorum
1624 2331 1684 2352 tuo-

901 2379 971 2398 rum.
994 2369 1063 2403 Quia
1083 2370 1170 2403 mihi,
1190 2369 1322 2403 Domine,
1338 2370 1562 2405 exprobrauerunt
1580 2370 1682 2397 inimici

900 2417 949 2448 tui,
964 2416 1085 2444 dicentes
1099 2416 1182 2444 falsas
1201 2424 1262 2444 esse
1275 2417 1471 2452 promissiones
1493 2417 1619 2452 gentibus
1632 2417 1684 2444 da-

899 2467 941 2490 tas
967 2471 1028 2498 qua:
1048 2471 1092 2490 me
1116 2464 1284 2498 spectabant.
1310 2463 1395 2491 Erant
1413 2469 1503 2491 autem
1517 2463 1571 2490 ille
1583 2463 1681 2497 hujus-

900 2508 992 2540 modi,
1013 2509 1085 2544 quod
1111 2508 1214 2536 scilicet
1235 2509 1350 2536 salutem
1370 2514 1558 2537 consecutura
1579 2513 1681 2539 essent,

899 2557 926 2581 et
945 2554 1091 2582 liberanda:
1110 2561 1126 2581 a
1143 2559 1231 2581 monte
1243 2558 1270 2581 et
1282 2561 1296 2581 a
1309 2558 1429 2589 peccato.
1442 2553 1684 2589 Exprobraverunt

901 2603 990 2626 autem
1003 2619 1011 2631 ,
1029 2604 1143 2627 mortem
1159 2607 1246 2628 meam
1270 2600 1458 2635 respicientes,
1474 2605 1501 2627 et
1513 2606 1596 2627 vanas
1621 2605 1683 2626 esse

899 2645 1098 2680 promissiones
1113 2645 1174 2674 illas
1193 2646 1377 2674 declararunt.
1406 2645 1470 2674 Ideo
1494 2652 1561 2680 rogo
1583 2649 1628 2676 te,
1651 2648 1683 2670 ut

900 2698 1005 2718 memor
1015 2691 1068 2724 sis;
1079 2699 1152 2726 nam,
1162 2691 1260 2727 inquit,
1267 2692 1486 2727 exprobrauerunt
1497 2688 1682 2717 commutatio-

900 2744 957 2764 nem
973 2735 1073 2764 Christi
1088 2737 1137 2764 tui.
1162 2736 1344 2765 Commutatio
1368 2740 1457 2763 autem
1473 2735 1549 2770 ejus,
1575 2732 1682 2760 videtur

1441 2867 1480 2898 13
