1891 3061
215 146 271 176 395

641 141 669 169 S.
690 139 873 168 ATIIANASII
892 137 968 166 OPP.
989 136 1078 164 PARS
1096 135 1139 163 lll.
1159 149 1194 156 ——
1212 134 1418 163 EXEGETICA.

1789 133 1839 162 396

219 210 281 231 esse
296 208 369 229 mors
383 204 411 228 et
426 199 537 234 sanguis
552 198 652 234 ipsius,
673 198 719 232 qui
742 197 822 225 datus
838 200 880 224 est
894 196 921 223 in
935 202 998 230 pre-
1013 209 1019 225 Α

1081 202 1093 218 ν
1106 192 1156 227 τῆς
1169 192 1216 218 τοῦ
1231 192 1333 227 κόσμου
1346 192 1480 226 σωτηρίας
1490 200 1496 207 ·
1508 191 1523 217 ὃ
1537 193 1584 218 καὶ
1597 191 1742 218 ὠνείδισαν
1755 210 1762 223 ,
1777 191 1840 218 om»

221 249 288 276 tium
303 254 353 282 pro
369 245 461 273 mundi
485 244 581 272 salute.
604 243 745 278 Ejusmodi
767 242 883 277 pretium
901 241 939 269 illi
951 249 1000 269 ex-

220 293 427 329 probraverunt,
454 290 583 324 suspicati
604 297 666 316 cum
693 289 745 316 sub
766 289 862 316 mortis
889 287 1002 322 imperio

221 339 314 366 fuisse.
345 336 396 364 Sed
409 343 463 363 non
481 335 612 362 remansit
627 335 655 361 in
667 341 699 361 ea
716 334 762 369 qui
787 337 828 361 est
847 333 916 360 inter
930 339 1003 359 mor-

220 389 283 411 tuos
298 383 382 414 liber,
402 381 448 409 sed
469 381 558 415 potius
579 379 656 407 tertia
670 379 713 406 die
730 378 888 406 resurrexit.
913 376 1003 410 Quare

222 433 309 456 totum
329 428 454 462 obsignat
473 425 607 461 psalmum
620 425 647 451 in
664 425 720 452 haec
736 424 816 451 verba
832 421 1001 450 desinendo:

258 474 302 501 55.
329 473 486 501 Benedictus
503 471 631 498 Dominus
654 471 681 497 in
698 474 841 502 wternum,
862 469 921 504 ﬁat,
943 468 1003 502 fiat.

218 519 305 554 Quasi
318 519 440 546 videlicet
452 518 496 545 ille
509 517 565 552 jam
577 520 757 544 resurrexertt
771 521 798 543 et
811 514 963 543 ascenderit
976 513 1002 540 in

223 565 317 598 ctelos,
334 569 361 592 et
370 563 527 591 benedictus
542 562 641 594 fuerit,
658 562 684 589 id
700 566 759 593 est,
775 560 946 588 confessione
960 566 1004 586 ce-

225 611 342 638 lebratus
358 610 440 636 fuerit
457 609 483 636 in
498 608 597 636 εδει-υἱέι
607 616 668 635 cum
679 606 759 634 Patre
773 615 833 634 suo.

293 657 318 684 1.
342 656 435 684 Oratio
452 655 551 691 Moysi;
568 655 682 681 hominis
698 653 757 680 Dei.
775 646 932 679 ΕΧΧΧΙΧ.

512 701 712 735 Argumentum.

223 749 310 782 Hanc,
332 748 379 779 ait,
399 747 551 774 orationem
574 746 600 772 in
615 746 722 772 arcanis
736 743 912 777 descripsisse
930 742 1004 778 Moy-

259 802 322 825 sen,
350 798 379 820 ut
401 793 447 828 qui
475 791 705 826 consequentibus
728 790 898 825 temporibus
920 789 1005 817 futuri

257 843 336 867 erant
358 842 486 869 nossent,
508 837 647 872 quomodo
670 840 807 871 oporteret
819 835 941 863 conlitcri
957 835 1004 862 de-

1051 239 1233 274 λαμῧάνοντες
1252 239 1332 265 αὐτὸν
1348 237 1532 273 κεκρατῆσθαι
1548 237 1665 272 θανάτῳ.
1704 238 1777 264 Ἀλλ’
1793 239 1841 264 οὐκ

1052 285 1198 319 ἁπέμεινεν
1213 285 1227 310 ὁ
1241 284 1269 310 ἐν
1284 285 1388 319 νεκροῖς
1403 283 1542 319 ἐλεύθερος
1552 291 1559 299 ·
1576 283 1677 317 ἀνέστη
1692 283 1722 309 δὲ
1743 283 1841 319 μᾶλλον

1053 331 1208 368 τριήμερος.
1224 330 1269 356 Διὸ
1284 330 1330 357 καὶ
1346 329 1536 365 ἐπισφραγίζει
1546 331 1560 357 ὁ
1575 329 1682 364 ψαλμὸς
1695 329 1730 356 τό
1740 337 1748 343 ·

1089 463 1261 502 Εὐλογητὸς
1273 467 1379 500 Κύριος
1395 467 1438 499 εις
1457 466 1510 493 τὸν
1523 466 1615 493 αιῶνα
1624 487 1631 500 ,
1645 467 1765 502 γένοιτο
1775 488 1783 499 ,
1799 469 1844 502 γέ-

1054 521 1145 540 νοιτο.
1170 512 1213 544 Ὠς
1226 511 1388 543 ἀναστάντος
1403 511 1453 547 ἤδη
1471 512 1553 538 αὑτοῦ
1569 512 1614 539 καὶ
1628 513 1792 545 ἀνελθόντος
1810 516 1845 545 si;

1053 559 1116 590 τοὺς
1134 558 1274 593 οὐρανοὺς,
1298 558 1344 584 καὶ
1358 557 1566 592 εὐλογουμένου,
1584 558 1643 592 ἢτοι
1666 558 1845 593 ἐξομολογου-

1055 604 1136 639 μένου
1153 604 1192 634 εἰς
1206 603 1268 634 τοὺς
1283 602 1385 633 αιῶνας
1403 602 1470 637 μετὰ
1485 603 1532 628 τοῦ
1547 602 1611 629 ἰδίου
1627 604 1746 639 Πατρός.

1072 647 1229 682 Προσευχὴ
1245 647 1394 680 Μωϋσέως
1405 647 1561 682 ἀνθρώπου
1578 649 1630 675 τοῦ
1647 649 1736 677 Θεοῦ.
1756 651 1829 677 ΠΘ’.

1368 694 1375 703 ”
1382 695 1535 727 Υπόθεσις.

1055 740 1162 775 Ταύτην
1172 761 1179 773 ,
1194 739 1275 774 φησὶ,
1290 739 1338 775 τὴν
1356 740 1508 776 προσευχὴν
1525 741 1552 766 ἐν
1566 740 1736 775 ἀπορρήτοις
1750 741 1847 774 ἀνατε-

1091 785 1213 821 γραφότα
1227 784 1273 811 τὸν
1286 784 1388 811 Μωσέα
1410 784 1592 820 παραδοῦναι·
1615 786 1689 816 ὅπως
1711 785 1746 812 ἂν
1761 785 1846 820 ἔχοιεν

1091 831 1116 857 οἱ
1131 830 1202 857 κατὰ
1217 830 1329 866 καιροὺς
1342 829 1440 856 ειδέναι
1450 850 1457 862 ,
1476 830 1533 862 πῶς
1547 830 1586 857 δεῖ
1600 830 1700 862 αὐτοὺς
1722 831 1847 865 sicut-.19—

258 885 348 919 lapsos
361 883 388 910 in
404 882 583 914 calamitates,
597 889 658 916 qua:
671 881 737 916 ipsis
753 881 780 908 in
791 880 921 908 extremis
939 885 1006 907 tem-

1088 875 1194 911 γεῖσοαι
1209 876 1403 912 περιπεσόντας
1419 877 1478 908 ταῖς
1494 877 1645 912 συμφοραζ
1655 896 1663 908 ,
1687 877 1716 903 αἳ
1733 877 1844 911 γεγόνει-

259 929 371 964 poribus
396 927 572 959 acciderunt,
596 931 738 962 postquam
762 925 877 953 Domino
899 925 1007 953 inobse-

258 978 373 1010 quentes
390 973 501 1000 fuerunt
513 973 644 1008 illumque
665 972 833 1000 occiderunt.
859 970 895 998 Ut
911 979 944 999 ne
957 979 1007 998 au-

259 1027 313 1050 tem
327 1029 374 1057 per
391 1021 521 1056 temporis
536 1020 742 1048 diuturnitatem
766 1018 897 1046 oblivioni
917 1018 1007 1046 trade-

260 1073 345 1099 retur,
362 1066 478 1094 Psalmis
493 1066 594 1094 inserta
612 1065 676 1097 fuit,
692 1065 786 1099 etjure
800 1068 861 1099 post
872 1063 1007 1099 psalmum

260 1113 455 1148 octogesimum
470 1117 595 1140 octavum
610 1111 657 1147 qui
673 1111 826 1146 passionem
846 1109 954 1137 Domini
971 1109 1009 1136 si-

261 1159 382 1194 gniﬁcat.

263 1204 392 1235 Domine,
417 1203 546 1237 refugium
569 1202 656 1236 factus
683 1209 709 1228 es
743 1201 834 1232 nobis,
858 1209 874 1227 a
904 1208 1010 1236 genera-

228 1250 296 1276 tione
310 1249 338 1276 in
352 1248 554 1283 generationem.
570 1246 777 1280 _lmpioraturus
791 1245 838 1272 Dei
855 1246 1010 1273 misericor-

228 1294 300 1321 diam
311 1314 318 1327 ,
336 1293 398 1328 jure
412 1292 576 1328 prooemium
589 1291 663 1318 ducit
676 1298 690 1318 a
712 1291 852 1318 beneﬁciis
868 1290 924 1326 jam
939 1299 1010 1326 saepe

228 1339 279 1367 sibi
295 1339 410 1367 collatis.
428 1337 494 1371 Quae
508 1342 598 1364 autem
610 1337 742 1365 benelicia
757 1338 932 1372 generatione
946 1346 1011 1366 con-

229 1385 336 1417 tulerit,
363 1385 502 1412 advertere
521 1384 583 1411 licet
604 1391 637 1411 ex
657 1384 691 1411 iis
705 1391 765 1418 qua:
785 1384 836 1411 sub
857 1383 1010 1417 Pharaone,

229 1438 289 1466 quae
307 1430 359 1458 sub
374 1429 438 1457 Jesu
451 1450 459 1464 ,
482 1434 508 1457 et
518 1436 551 1457 ex
566 1429 601 1457 iis
613 1437 674 1464 quae
691 1430 718 1456 in
733 1429 872 1466 Babylone
887 1431 1011 1466 contige-

228 1482 301 1503 runt.

263 1521 291 1548 ‘2.
309 1520 467 1555 Priusquam
479 1523 578 1547 montes
593 1519 696 1554 ﬁerent,
716 1524 741 1547 et
753 1520 913 1555 [armaretur
928 1526 1008 1549 terra.

229 1567 298 1601 Quia
309 1574 419 1594 carnem
433 1565 541 1594 Domini
562 1569 714 1601 spectantes
724 1586 732 1599 ,
750 1573 856 1593 merum
869 1567 1008 1595 hominem
1023 1557 1044 1586 (ἶ

229 1621 290 1641 esse
301 1613 440 1648 putabant,
455 1611 648 1647 dicebantque:
667 1610 787 1646 Triginta
801 1620 883 1639 annos
894 1613 1010 1640 nondum

230 1658 307 1685 habet
326 1663 351 1685 et
368 1657 502 1685 Abraham
517 1657 604 1684 vidisti
614 1657 635 1672 ⁵⁷
649 1657 661 1683 ?
679 1656 713 1684 Et
726 1657 779 1684 hoc
793 1658 911 1685 maxime
923 1659 1010 1686 ruinze

230 1711 312 1731 causa
327 1702 378 1730 fuit
390 1703 453 1735 illis,
469 1703 543 1737 quod
555 1702 711 1737 ignorarent
725 1703 864 1731 deitatem.
887 1703 1011 1739 Quapro-

230 1755 290 1785 pter
311 1750 365 1784 jam
381 1748 542 1777 conﬁtentes
556 1749 650 1776 dicunt
668 1756 730 1776 eum
745 1754 807 1778 ante
827 1750 918 1778 omnia
934 1751 1012 1785 opili-

231 1796 273 1823 cia
282 1795 356 1823 Patri
370 1795 544 1824 coexsistere.

265 1885 292 1912 5.
310 1884 352 1911 Ne
365 1889 467 1911 avertas
487 1885 616 1911 hominem
630 1885 658 1911 in
671 1884 858 1912 humilitatem.
884 1884 926 1915 Ab
950 1884 1014 1911 hinc

232 1927 413 1957 confessionis
435 1928 578 1956 exordium
600 1929 720 1957 ducitur.
750 1929 838 1964 Rogat
863 1933 955 1956 autem
985 1933 1015 1956 ut

233 1974 342 2009 quando
363 1978 456 2009 gentes
471 1980 565 2002 omnes
579 1974 612 2001 ad
632 1974 812 2010 cognitionem
828 1974 949 2002 veritatis
965 1982 1015 2002 vo-

233 2020 314 2051 cavit,
331 2020 389 2054 ipse
402 2026 509 2054 quoque
525 2023 708 2047 convertatur.
726 2019 766 2046 Tu
786 2020 897 2051 dixisti,
912 2019 1012 2055 inquit,

233 2065 347 2093 Domine
361 2074 368 2092 :
384 2064 580 2096 Convertimini,
597 2065 647 2098 filii
661 2069 835 2097 convertentcs
846 2085 853 2098 ,
873 2070 898 2092 et
911 2065 1012 2092 sonabo

233 2111 402 2139 contritiones
416 2115 516 2138 vestras
528 2111 560 2136 ³⁵.
578 2109 647 2142 Quia
663 2110 745 2145 igitur
763 2111 889 2138 conversi
908 2119 1013 2144 sumus,

1094 931 1135 949 σιν
1149 923 1238 953 αὐτοῖς
1253 922 1296 948 ἐπ’
1311 921 1432 956 ἐσχάτων
1447 921 1501 947 τῶν
1517 921 1620 956 χρόνων
1635 922 1706 957 μετὰ
1719 922 1770 958 τὴν
1782 923 1847 948 κατὰ

1092 968 1138 995 τοῦ
1151 968 1251 1004 Κυρίου
1263 967 1404 995 ἀπείθειαν
1415 976 1444 994 τε
1458 968 1504 994 καὶ
1517 967 1672 1002 μιαιφονίαν
1685 969 1846 1004 γενομένην.

1091 1015 1184 1046 Ὅπως
1197 1014 1225 1040 δὲ
1237 1014 1273 1050 μὴ
1288 1014 1357 1050 λήθῃ
1369 1014 1507 1049 παραδοθῇ
1523 1014 1562 1050 τῷ
1574 1014 1674 1050 χρόνῳ,
1686 1015 1847 1042 ἐντέταχται

1094 1062 1122 1087 ἐν
1134 1061 1189 1092 τοῖς
1205 1061 1328 1095 Ψαλμοῖς
1338 1069 1344 1076 ·
1359 1061 1406 1087 καὶ
1420 1060 1532 1092 εἰκότως
1544 1060 1614 1095 μετὰ
1624 1061 1670 1088 τὸν
1685 1065 1744 1097 πη’,
1759 1063 1790 1095 ὃς
1806 1065 1848 1090 καὶ

1094 1105 1124 1133 τὸ
1139 1106 1223 1137 πάθος
1237 1105 1283 1132 τοῦ
1297 1106 1399 1142 Κυρίου
1414 1107 1622 1142 κατασημαῡιει.

1095 1193 1199 1226 Κύριε,
1219 1191 1376 1226 καταφυγὴ
1395 1191 1540 1225 ἐγενήθης
1554 1191 1625 1226 ’ἡμῖν
1636 1191 1671 1218 ὲν
1690 1190 1782 1226 γενεᾷ
1805 1193 1846 1218 καὶ

1059 1237 1156 1272 γενεᾷ.
1169 1236 1280 1264 Μῶαλων
1291 1235 1477 1263 ἐπικαλεῖσθαι
1487 1236 1532 1262 τὸν
1543 1236 1608 1262 Θεὸν
1622 1237 1662 1267 εἰς
1679 1236 1769 1269 ἔλεον,
1786 1237 1849 1262 εἰκὸ-

1060 1292 1113 1315 τως
1129 1282 1158 1315 ἐξ
1175 1279 1212 1310 ὧν
1227 1282 1277 1318 ήδη
1294 1281 1423 1313 πολλάκις
1441 1281 1607 1317 εὐηργέτησε
1624 1283 1696 1308 ποιεῖ
1714 1282 1746 1308 τὸ
1761 1282 1848 1317 προοί-

1062 1338 1131 1364 μιον.
1148 1328 1210 1360 Πῶς
1224 1328 1253 1355 δὲ
1267 1327 1338 1354 κατὰ
1350 1327 1446 1362 γενεὰν
1466 1327 1643 1363 εὐηργέτησε,
1656 1327 1738 1354 τοῦτο
1750 1328 1800 1354 ἵὼι
1813 1336 1847 1358 τις

1061 1374 1100 1406 εἷς
1114 1383 1143 1400 τε
1157 1374 1190 1400 τὰ
1206 1373 1252 1400 ἐπὶ¹
1265 1372 1311 1400 τοῦ
1329 1372 1428 1408 Φαραὼ
1444 1373 1598 1407 ἀποϐλέψας
1633 1373 1673 1404 εἴς
1696 1381 1728 1399 τε
1748 1372 1785 1399 τὰ
1808 1373 1848 1398 ἐπὶ

1067 1419 1164 1454 Ἰησοῦ,
1179 1419 1218 1450 εἷς
1230 1427 1260 1445 τε
1274 1418 1308 1445 τὰ
1324 1418 1369 1445 ἐπὶ
1385 1418 1552 1450 Βαῧυλῷνος.

1097 1518 1156 1552 Πρὸ
1180 1518 1232 1545 τοῦ
1255 1518 1308 1552 ὄρη
1327 1517 1505 1553 γενηθῆναι,
1526 1517 1576 1544 καὶ
1598 1518 1775 1552 πλασθῆναι
1796 1519 1847 1552 τὴν

1060 1565 1129 1600 γῆν.
1164 1565 1272 1599 Ἐπειδὴ
1297 1565 1336 1596 εἰς
1355 1565 1403 1600 τὴν
1421 1565 1509 1599 σάρκα
1532 1564 1649 1599 ὁρῶντες
1665 1565 1713 1591 τοῦ
1736 1566 1847 1600 Κυρίου,

1060 1612 1136 1647 ψιλὸν
1152 1612 1293 1647 ἄνθρωπον
1308 1610 1432 1646 ἐνόμιζον
1450 1610 1574 1645 λέγοντες
1586 1618 1592 1624 ·
1613 1610 1701 1636 Οὔπω
1714 1619 1847 1645 τριακον-

1060 1654 1166 1689 ταετὴς
1181 1655 1316 1690 γέγονας,
1330 1655 1380 1682 καὶ
1400 1655 1527 1688 Ἀϐραὰμ
1539 1654 1690 1688 ἑώρακας;
1707 1655 1763 1682 Καὶ
1777 1656 1848 1682 τοῦτο

1062 1702 1153 1733 αὐτοῖς
1168 1701 1284 1736 μάλιστα.
1305 1700 1390 1727 αἴτιον
1416 1700 1464 1736 τῆς
1491 1699 1652 1732 ἐκπτώσεως
1680 1701 1796 1735 γέγονε,
1822 1702 1848 1727 se

1062 1748 1170 1781 ἀγνοεῖν
1183 1747 1232 1782 τὴν
1243 1747 1366 1782 θεότητα.
1383 1746 1432 1773 Διὰ
1447 1746 1526 1773 τοῦτο
1541 1745 1588 1773 νῦν
1600 1746 1846 1782 ἐξομολογούμενοι,

1064 1793 1155 1828 σαφῶς
1172 1793 1252 1820 αὐτὸν
1268 1791 1338 1819 εἶναι
1361 1792 1469 1827 λέγουσι
1493 1792 1539 1819 τὸν
1563 1791 1615 1828 πρὸ
1630 1792 1723 1828 πάσης
1737 1793 1848 1824 κτίσεως

1064 1839 1178 1865 συνόντα
1192 1838 1232 1872 τῷ
1251 1839 1349 1874 Πατρί.

1097 1884 1146 1918 Μὴ
1184 1883 1379 1918 ἀποστρέψῃς
1410 1883 1565 1918 ἄνθρωπον
1593 1884 1636 1916 εἰς
1661 1884 1847 1910 ταπείνωσιν.

1070 1929 1207 1957 Ἐντεῦθεν
1223 1931 1239 1964 ἡ
1257 1928 1459 1964 ἐξομολόγησις.
1491 1929 1574 1961 Ἀξιοῖ
1587 1929 1615 1955 δὲ
1639 1929 1686 1963 ἀφ’
1702 1925 1740 1956 ὧν
1765 1930 1849 1956 πάντα

1062 1975 1097 2001 τὰ
1113 1974 1176 2010 ἔθνη
1193 1975 1232 2006 εἰς
1249 1974 1396 2008 ἐπίγνωσιν
1411 1974 1540 2009 ἀληθείας
1555 1974 1685 2006 ἐκάλεσε,
1710 1975 1757 2001 καὶ
1773 1976 1848 2007 αὐτὸς

1064 2020 1273 2055 ἐπιστραφῆναι.
1292 2020 1329 2046 Σὺ
1347 2018 1436 2051 εἴπας,
1455 2019 1537 2055 φησὶν
1548 2039 1555 2052 ,
1571 2017 1593 2046 ὦ
1606 2019 1746 2046 Δέσποτα*
1779 2021 1850 2046 Ἐπι-

1064 2065 1222 2099 στρέψατε,
1234 2066 1291 2093 υἱοὶ
1300 2064 1540 2099 ἐπιστρέφοντες,
1550 2065 1598 2091 καὶ
1608 2065 1729 2100 ἰάσομαι
1740 2066 1776 2093 τὰ
1785 2076 1849 2093 σινγ-

1064 2112 1207 2147 τρίμματα
1222 2112 1314 2147 ὑμῶν.
1344 2112 1450 2147 Ἐπειδὴ
1467 2111 1555 2138 τοίνυν
1573 2111 1797 2148 ἐπεστρέψαμεν,
1815 2114 1849 2148 μὴ

233 2165 267 2186 ne
277 2161 420 2186 convertas
432 2164 482 2184 nos
497 2157 526 2184 in
542 2157 722 2184 humilitatem
738 2164 786 2184 seu
799 2157 987 2193 abjectionem.

1081 2157 1236 2193 mocosam;
1251 2158 1323 2193 ἡμᾶς
1337 2158 1376 2189 εἰς
1389 2157 1564 2184 ταπείνωσιν.

268 2203 295 2231 4.
311 2203 444 2236 Quoniam
458 2202 530 2230 mille
543 2203 607 2230 anni
617 2207 678 2230 ante
693 2203 781 2230 oculos
798 2208 856 2231 tuos
868 2224 875 2237 ,
891 2203 1011 2236 Domine.

234 2253 287 2276 etc.
300 2248 419 2284 Tempus
429 2249 524 2284 legalis
539 2249 630 2276 cultus
646 2249 746 2276 indicat
758 2269 766 2282 ,
782 2257 831 2283 per
850 2249 929 2284 cujus
950 2257 1014 2284 spa-

237 2295 304 2322 tium
321 2295 446 2322 absoluto
457 2293 576 2321 maxime
592 2294 692 2328 templo
708 2294 809 2322 ﬂoruit.
828 2294 850 2321 A
862 2294 1015 2323 Salomonis

235 2341 308 2367 enim
322 2340 369 2374 qui
383 2341 494 2367 domum
509 2339 636 2367 excitavit
652 2344 773 2374 tempore
787 2340 821 2367 ad
837 2347 922 2375 usque
942 2340 1016 2368 obsi-

236 2385 361 2419 dionem,
384 2392 444 2420 quae
468 2389 529 2420 post
550 2385 730 2413 venerabilem
753 2391 862 2412 crucem
891 2386 1014 2420 contigit,

236 2435 429 2467 computantur
451 2432 515 2459 anni
538 2431 621 2459 mille.
653 2432 706 2459 Sed
721 2431 784 2464 isti,
810 2430 914 2465 inquit,
941 2431 1016 2459 mille

236 2478 312 2510 anni,
328 2482 359 2506 ut
369 2486 424 2506 una
439 2478 497 2506 dies
511 2478 538 2505 in
551 2481 696 2512 conspectu
721 2480 769 2505 tuo
786 2476 940 2511 computari
952 2484 1016 2512 pos-

237 2528 318 2556 sunt,
347 2524 402 2551 imo
425 2531 490 2551 vero
512 2522 618 2550 modica
632 2522 687 2551 diei
702 2530 777 2558 pars.
807 2521 904 2549 Merito
925 2526 1016 2549 autem

236 2570 310 2598 nocti
329 2573 482 2604 comparat,
504 2574 609 2604 tempus
625 2569 780 2604 praeedens
799 2566 948 2595 Salvatoris
969 2567 1017 2595 ad-

236 2620 360 2648 ventum,
371 2615 479 2650 eoquod
496 2615 523 2642 in
536 2615 654 2643 tenebris
666 2619 693 2643 et
707 2615 734 2642 iu
750 2613 910 2642 confusione
922 2621 1016 2641 omnes

237 2661 362 2689 hemines
377 2664 479 2694 essent,
492 2661 556 2696 quia
568 2661 688 2690 nondum
703 2661 770 2696 ipsis
781 2664 895 2689 exortus
905 2664 963 2688 erat
974 2660 1015 2688 sol

234 2706 357 2742 iustitia.

272 2838 295 2855 "’
315 2838 382 2866 Luc.
398 2846 459 2873 vm,
475 2839 520 2868 57.
555 2839 577 2856 ⁵⁸
593 2839 691 2867 Jerem.
706 2846 746 2872 tu,
761 2838 804 2866 M.

1103 2204 1167 2230 Ὅτι
1180 2205 1262 2238 χίλια
1275 2203 1327 2237 ἔτη
1342 2204 1376 2230 ἐν
1388 2203 1552 2238 ὀφθαλμοῖς
1567 2211 1625 2230 σου
1635 2223 1641 2235 ,
1662 2204 1762 2237 Κύριε.
1803 2205 1849 2230 Τὸν

1068 2248 1162 2284 καιρὸν
1176 2249 1225 2283 τῆς
1237 2249 1266 2275 ὲν
1281 2248 1354 2284 νόμῳ
1368 2248 1494 2284 λατρείας
1511 2249 1577 2284 φησι
1587 2267 1595 2280 ,
1617 2248 1677 2275 καθ’
1690 2248 1720 2275 ὃν
1738 2249 1850 2284 μάλιστα

1068 2294 1283 2325 ἐπιτελεσθέντος
1305 2294 1352 2320 τοῦ
1369 2293 1440 2320 θείου
1465 2294 1528 2321 ναοῦ
1550 2294 1676 2330 ἤνθησεν.
1716 2295 1783 2321 ’Λπὸ
1801 2294 1851 2329 γὰρ

1068 2339 1239 2374 Σολομῶντος
1253 2339 1299 2366 τοῦ
1313 2340 1358 2366 τὸν
1371 2338 1443 2367 οἷκον
1464 2341 1619 2376 ἐγείραντος
1636 2340 1718 2375 μέχρι
1732 2340 1784 2375 τῆς
1806 2349 1849 2366 πο-

1068 2385 1190 2422 λιορκίας
1202 2386 1251 2421 τῆς
1269 2386 1339 2421 μετὰ
1352 2386 1398 2413 τὸν
1414 2386 1504 2422 τίμιον
1518 2387 1668 2421 γενομένης
1683 2387 1800 2422 σταυρὸν
1814 2389 1851 2417 εἰς

1067 2430 1145 2458 τοῦτο
1161 2431 1290 2458 συντείνει
1305 2432 1352 2468 ἐτη
1366 2432 1448 2468 χίλια.
1467 2433 1546 2459 Ἀλλὰ
1558 2432 1654 2464 ταῦτα,
1673 2433 1748 2468 φησὶ,
1767 2434 1801 2460 τὰ
1813 2434 1850 2467 χί-

1068 2477 1113 2504 λια
1135 2477 1182 2512 ἔτη
1204 2478 1251 2513 μία
1265 2478 1356 2514 ἡμέρα
1371 2478 1507 2514 λογισθείη
1525 2478 1638 2505 ἐνώπιόν
1662 2487 1709 2505 σου
1723 2486 1731 2494 ”
1755 2479 1849 2514 μᾶλλον

1071 2523 1119 2559 μὲν
1143 2521 1189 2550 οὖν
1208 2524 1304 2559 μικρὸν
1330 2524 1434 2560 ἡμέρας
1462 2525 1563 2560 μόριον.
1592 2524 1713 2556 Εἰκότως
1734 2524 1762 2551 δὲ
1779 2526 1849 2552 νυκτὶ

1070 2569 1230 2605 παρεικάζει
1243 2570 1287 2596 τὸν
1299 2570 1352 2606 πρὸ
1362 2570 1410 2606 τῆς
1425 2570 1570 2606 ἐπιδημίας
1588 2570 1636 2597 τοῦ
1654 2571 1780 2606 Σωτῆρος
1795 2580 1850 2597 και-

1072 2614 1116 2650 ρόν
1126 2624 1132 2630 ·
1146 2615 1192 2642 ἅτε
1207 2615 1244 2647 ὡς
1257 2616 1286 2642 ἐν
1311 2615 1399 2652 ἀωρίᾳ
1415 2616 1462 2643 καὶ
1477 2616 1604 2652 συγχύσει
1621 2616 1730 2643 πάντων
1745 2616 1849 2652 ἀνθρὼ-

1069 2669 1128 2687 πων
1140 2661 1223 2688 οντων
1233 2681 1240 2694 ,
1256 2662 1300 2689 διὰ
1314 2663 1345 2689 τὸ
1361 2663 1442 2699 μήπω
1456 2663 1547 2695 αὐτοῖς
1565 2662 1704 2690 ἀνατεῖλαι
1717 2662 1763 2690 τὸν
1780 2663 1849 2698 ἣλιον

1068 2707 1117 2742 τῆς
1130 2707 1310 2744 δικαιοσύνης.
