1891 3061
41 159 87 187 59⁵1

557 162 736 191 EXPOSITIO
755 162 788 191 IN
807 164 969 193 PSALMUM
989 165 1131 193 LXXXIX.

1606 172 1659 200 598

75 220 112 247 Τὰ
125 219 348 255 ἐξουδενώματα
362 221 462 248 αὐτῶν
476 222 528 257 ἐτη
545 223 667 251 ἔσονται
682 224 716 251 τὸ
736 225 817 259 πρωῑῖ

907 225 933 254 5.
955 227 1022 259 Quae
1043 235 1090 262 pro
1116 226 1200 254 nihilo
1223 227 1362 263 habentur,
1387 235 1477 256 eorum
1498 229 1563 257 anni
1583 236 1659 258 erunt

46 266 114 292 Ὠσεὶ
128 266 291 302 σαφέστερον
306 266 381 302 ἔλεγε
393 275 400 282 θ
423 268 463 295 Τὰ
481 267 529 304 ἐτη
545 269 651 301 αὐτῶν,
665 270 720 297 τῶν
738 271 822 307 ἀρνη-

42 311 160 346 σαμένων
182 320 212 338 σε
228 312 367 348 δηλονότι.
391 314 420 340 ἐν
442 314 611 351 ἑξουθενήσει
635 316 710 343 ἔσται
726 318 820 354 πολλῇ.

44 359 168 393 Γεγόνασι
180 359 234 395 γὰρ
249 360 433 396 καταπάτημα
447 362 494 389 καὶ
509 362 658 398 ἀνθρώπων
672 365 718 391 καὶ
729 365 823 401 δαιμό-

41 414 99 438 νων,
116 406 161 432 ἇτε
176 406 221 433 τὸν
233 406 329 443 λυτρού
334 416 413 442 μενον
427 408 475 435 καὶ
493 408 614 441 σώζοντα
627 411 726 443 αὐτοὺς
738 411 822 448 ἀρνη-

42 451 154 487 σάμενοι.

74 497 107 525 Τὸ
121 497 194 532 πρωϊ
213 498 345 532 ἀνθῆσαι
362 499 413 526 καὶ
431 500 582 535 παρέλθοι.
604 504 682 537 Πρωι
709 504 758 539 μὲν
773 504 821 532 τὸν

41 544 127 580 καιρὸν
141 545 189 580 τῆς
201 545 351 581 γενομένης
366 547 457 578 αὐτοῖς
473 548 633 582 ἐπιφανείας
653 548 772 585 Χριστοῦ
791 552 820 577 ὲν

41 588 75 623 τῷ
89 590 143 626 ὄρει
153 591 218 618 Σινᾶ
230 593 476 628 κατασημαίνουσι.
489 595 590 628 Χλόην
605 595 634 622 δὲ
645 596 694 631 τὴν
707 596 820 633 νομικὴν

41 634 155 670 λατρείαν
167 636 251 671 δηλοῖ,
267 638 314 664 ars
326 639 424 674 μικρὸν
436 639 549 675 ὕστερον
564 641 742 677 μαραίνεσθαι
757 644 820 678 μέλ-

41 680 136 707 λουσαν.
161 682 194 707 Τὸ
207 681 338 716 ἑσπέρας
360 684 510 712 ἀποπέσοι
522 706 530 717 ,
543 688 746 722 σκληρυνθείη
769 689 818 716 καὶ

41 725 196 761 ἔξηβον-θείη.
216 727 351 764 Ἑσπέραν
363 729 430 764 φησὶ
443 730 488 757 τὸν
504 730 548 757 ἐπ’
559 732 681 767 ἐσχάτων
695 733 742 760 τοῦ
755 734 820 760 αἰῶ-

41 779 80 802 νος
97 772 186 807 καιρὸν
197 792 205 804 ,
222 772 285 800 καθ’
299 774 328 800 ὃν
344 775 391 801 καὶ
407 775 541 810 ἐπέφανεν
564 777 578 802 ὁ
601 778 772 814 Μονογενής·
789 780 820 807 ἐν

40 812 59 849 ᾧ
75 816 103 852 δὴ
116 818 159 843 καὶ
173 818 312 854 παρῆλθεν
327 820 343 856 η
360 821 409 856 τῆς
421 821 492 848 κατὰ
509 822 590 857 νόμον
602 822 728 860 λατρείας
735 812 820 862 ’ἄνθη-

41 869 86 893 σις,
101 863 295 899 σχληρυνθεῖσα
308 866 399 902 ἀπάτῃ
415 867 462 902 τῆς
477 868 626 901 ἀπειθείας.

73 909 127 936 Ὀτι
149 909 329 945 ἐξελίπομεν
356 901 398 939 ἐνί
418 901 456 947 τῆ
473 914 546 949 ὀργῇ
561 922 629 942 σου.
656 916 753 952 Σαφῶς
769 916 817 950 τὰς
832 901 854 928 Β

41 954 215 990 ἐπενεχθείσας
238 957 331 990 αὐτοῖς
354 959 495 994 συμφορὰς
516 960 560 986 διὰ
575 960 609 987 τὰ
625 961 678 989 ῐδια
694 963 818 1000 ἁμαρτή-

42 1008 104 1034 ματα
115 1001 309 1037 διαγορεύουσι.
325 1004 380 1030 Καὶ
397 1004 534 1038 Ἰουδαίοις
545 1007 646 1039 ταῦτα,
669 1009 715 1035 καὶ
735 1011 817 1037 πᾶσιν

41 1045 178 1081 ἀνθρώποις
192 1048 321 1083 ἁρμόδια.
336 1050 390 1076 Καὶ
402 1050 456 1086 γὰρ
467 1051 521 1077 τῶν
533 1051 684 1088 ἀνθρώπων
695 1055 711 1090 ἡ
725 1055 815 1091 φύσις,

41 1093 194 1128 παρανομίας
208 1094 320 1121 τίνουσα
334 1096 420 1128 δίκας,
432 1097 572 1133 ὑπεϐλήθη
583 1100 642 1131 ταῖς
654 1103 816 1137 συμφοραῖς,

41 1137 81 1163 καὶ
93 1140 149 1170 ταῖς
165 1140 351 1173 παντοδαπαῖς
367 1142 560 1178 περικλύζεται
577 1146 745 1180 τρικυμίαις.
762 1148 817 1175 Καὶ

46 1183 162 1218 Ἰουδαῖοι,
179 1186 223 1213 διὰ
234 1186 285 1222 τὴν
303 1188 432 1224 πονηρίαν
448 1189 498 1225 τῆς
512 1189 635 1226 γνώμης,
649 1192 700 1228 τῆς
712 1193 818 1221 ἐλευθε-

41 1227 93 1261 ρίας
108 1229 242 1261 ἐξέπεσον.

62 1273 150 1305 ,Ἕθου
163 1275 215 1309 τὰς
223 1276 351 1311 ἀνομίας
363 1277 447 1312 ἡμῶν
460 1278 599 1306 ἐναντιον
611 1288 678 1308 σου.
693 1282 730 1308 Οὐ
747 1291 817 1319 παρ-

39 1317 124 1351 ῆλθες,
138 1322 211 1355 φησὶ,
226 1322 278 1353 τὰς
290 1322 405 1358 ἀνομίας
418 1323 507 1358 ἡμῶν,
537 1324 584 1351 ἅτε
597 1326 675 1362 ἡμῶν
690 1317 817 1355 ἐπικαλε-

41 1364 150 1399 σαμένων
163 1367 248 1400 αὐτὰς
265 1368 305 1399 είς
318 1368 366 1400 τὰς
379 1369 481 1397 ἑαυτῶν
494 1371 614 1406 κεφαλὰς
624 1393 631 1405 ,
643 1373 687 1400 διὰ
699 1374 730 1400 τὺ
740 1374 816 1410 εἰρη-

40 1409 119 1436 κέναι·
137 1411 170 1438 Τὸ
183 1410 257 1447 αἷμα
273 1414 424 1449 αὑτοῦέφ⁹
440 1415 519 1450 ἡμᾶς
533 1417 582 1444 καὶ
596 1417 645 1444 ἐπὶ
670 1418 706 1445 τὰ
725 1409 816 1447 rem

39 1455 121 1489 ἡμῶν.
147 1458 176 1484 '0
188 1458 263 1486 αἰὼν
274 1459 357 1493 ἡμῶν
369 1462 412 1494 είς
422 1462 575 1497 φωτισμὸν
586 1464 639 1490 τοῦ
653 1464 815 1498 προσώπου

40 1506 97 1529 σου.
133 1503 202 1530 Ὠσεὶ.
224 1505 336 1539 ἔλεγεν·
358 1507 387 1533 Ὀ
404 1506 461 1542 βίος
475 1508 554 1543 ἡμῶν
578 1509 624 1536 καὶ
641 1510 669 1536 αἱ
696 1512 725 1537 ὲν
742 1511 816 1547 αὺτῷ

39 1549 138 1584 πράξεις
151 1553 267 1588 πονηραὶ
282 1553 419 1588 φαίνονται
439 1554 477 1590 τῷ
489 1555 628 1591 προσώπῳ
643 1565 700 1584 σου.
733 1557 815 1585 οὐδὲν

40 1595 85 1631 γὰρ
102 1597 232 1633 ἠγνόησας
243 1599 298 1625 τῶν
317 1599 346 1626 ὲν
360 1600 425 1636 ἡμῖν
442 1602 644 1637 πεπραγμένων
666 1603 712 1629 ἀπ’
727 1604 813 1640 ἀρχῆς

42 1640 110 1677 μέχρι
123 1642 222 1675 τέλους.

71 1686 126 1713 Ὅτι
140 1687 231 1715 πᾶσαι
247 1690 278 1715 αἱ
289 1689 393 1723 ἡμέραι
407 1690 491 1724 ἡμῶν
503 1690 654 1724 ἐξέλιπον,
664 1692 713 1719 καὶ
728 1693 763 1719 ἐν
776 1692 815 1728 τῇ

41 1730 102 1766 ὀργῇ
122 1741 176 1760 σου
194 1734 384 1769 ἐξελίπομεν.
415 1736 446 1762 Ἡ
459 1737 580 1772 ἁμαρτία
589 1758 596 1770 ,
609 1738 675 1773 φησὶ
684 1758 691 1770 ,
704 1738 752 1774 τὴν
766 1739 815 1774 σὴν

40 1776 111 1812 ὀργὴν
126 1779 230 1816 ἐκίνησε
259 1781 319 1807 καθ’
335 1781 412 1816 ἡμῶν
424 1790 431 1797 ·
456 1783 472 1818 ἡ
489 1783 516 1809 δὲ
531 1782 598 1819 ὀργὴ
619 1783 668 1820 τὴν
681 1784 815 1822 τιμωρίαν

41 1822 162 1859 ἐπήγαγεν
175 1835 180 1840 -
199 1828 216 1861 ὴ
227 1827 259 1853 δὲ
270 1828 389 1863 τιμωρία
401 1828 450 1860 τὰς
462 1828 556 1862 ὀδύνας
576 1830 737 1865 ἐπήνεγκεν.
770 1831 815 1859 Ἐν

40 1868 130 1902 ὀδύναις
143 1874 194 1907 γὰρ
211 1867 260 1899 τὸν
277 1873 365 1907 ὀλίγον
380 1874 458 1909 ἡμῶν
476 1875 664 1911 διετελέσαμεν
682 1876 748 1911 βίον.
777 1878 816 1905 Τὰ

40 1915 82 1946 ἔτη
97 1916 175 1950 ἡμῶν
190 1919 263 1945 ὡσεὶ
278 1919 393 1953 ἀράχνῃ
410 1919 567 1954 ἐμελέτων.
598 1921 680 1948 Οὐδὲν
696 1922 813 1957 βέϐαιον,

42 1962 118 1995 φησὶν,
131 1963 187 1989 οὐδὲ
200 1965 335 2000 στατηρὸν
347 1967 363 2001 ἡ
381 1966 536 2002 ἀνθρωπεία
550 1966 629 2002 φύσις
645 1968 700 2003 ἔχει
709 1977 716 1984 ·
738 1969 814 2005 δίκην

42 2006 146 2044 ἀράχνης
160 2010 308 2037 διασπᾶται
328 2012 438 2047 ῥᾳδίως.

71 2054 100 2080 Δί
111 2053 209 2088 ἡμέραι
220 2054 281 2082 τῶν
294 2056 369 2083 ἑτῶν
379 2057 463 2091 ἡμῶν
475 2058 509 2083 ἐν
520 2058 622 2091 αὐτοῖς
636 2058 815 2093 ἑϐδομήκον-

42 2104 71 2122 τα
81 2097 137 2133 ἐτη.
169 2101 261 2128 Ἔοικε
278 2101 364 2129 ταῦτα
376 2104 431 2134 τοῖς
448 2103 500 2129 ὑπὸ
513 2103 560 2130 τοῦ
575 2105 744 2140 πατριάρχου
761 2106 813 2132 Ἰα-

43 2141 90 2168 κὼῦ
107 2146 255 2181 εἰρημένοις
266 2156 272 2162 ·
291 2150 326 2174 Αἱ
339 2147 444 2182 ἡμέραι
455 2157 515 2183 μου
529 2149 630 2184 μικραὶ
656 2151 705 2177 καὶ
721 2159 814 2186 πονη-

40 2188 81 2221 ραὶ
89 2191 137 2218 οὐκ
146 2192 281 2226 ἔφθασαν
291 2195 333 2226 εὶς
344 2193 397 2226 τὰς
409 2193 520 2228 ἡμέρας
530 2194 589 2222 τῶν
600 2195 734 2230 πατέρων
742 2205 812 2231 μου.

43 2231 93 2260 Eiet
106 2235 150 2269 μὲν
162 2235 206 2263 οὖν
219 2239 243 2264 οἳ
260 2238 308 2264 καὶ
324 2238 433 2265 πλείονα
448 2239 495 2265 τοῦ
518 2239 662 2274 εἰρημένου
679 2240 813 2268 διαϐιοῦσι
830 2250 851 2278 ι)

42 2279 135 2311 Χρόνον·
149 2281 203 2309 ἀλλ’
218 2285 306 2311 ἐκεῖνο
319 2285 362 2310 ἐπ’
382 2284 479 2318 ὀλίγων
494 2285 644 2321 συμϐαίνει.
663 2286 700 2312 Τὸ
713 2287 741 2313 δὲ
755 2295 813 2313 κοι-

43 2324 79 2350 νὺν
90 2326 132 2353 καὶ
143 2328 179 2360 ὡς
191 2330 236 2356 ἐπὶ
248 2329 302 2356 τῶν
316 2330 449 2357 πλείστων
473 2331 590 2366 κρατοῦν
611 2332 727 2359 ἐνταῦθα
742 2333 814 2360 atad-

45 2377 101 2398 σκει.
120 2373 218 2411 Ὥσπερ
229 2376 284 2412 γὰρ
293 2376 347 2403 τῶν
361 2377 484 2412 πρόωρον
496 2377 647 2413 δεχομένων
662 2378 711 2414 τὴν
722 2379 814 2405 τελευ-

44 2415 82 2451 τὴν
93 2419 136 2446 οὐκ
149 2422 292 2458 ἐποιήσατο
304 2424 430 2459 μνήμην,
446 2423 516 2450 οὓτω
531 2433 584 2450 των
597 2424 699 2460 σφόδρα
720 2425 814 2460 γερόν-

43 2470 87 2489 των
97 2466 130 2500 τῷ
145 2469 282 2504 μακροϐίῳ
295 2468 508 2496 καταλέλοιπεν(
537 2469 603 2496 Ἀλλ’
617 2470 691 2505 ὅμως
702 2491 709 2503 ,
734 2471 811 2506 φησὶ,

44 2509 82 2535 καὶ
93 2511 105 2537 ὁ
118 2512 214 2549 βραχὺς
228 2512 304 2547 οὗτος
325 2516 421 2552 χρόνος
440 2516 536 2552 ὀδύνης
555 2517 602 2544 καὶ
624 2517 713 2544 πόνων
728 2517 814 2552 ἐμπέ-

45 2555 155 2591 πλησται.
174 2561 235 2588 Ὅτι
252 2562 364 2596 ἐπῆλθε
382 2563 514 2597 πραότης
525 2563 572 2597 ἐφ’
583 2562 671 2597 ἡμᾶς,
686 2562 736 2589 καὶ
749 2570 815 2589 παι-

45 2601 237 2640 δευθησόμεθα.
259 2609 367 2645 Ἐπειδὴ
381 2610 477 2644 νεκρός
489 2618 531 2641 τις
544 2609 590 2635 καὶ
606 2608 717 2644 εὐτελὴς
728 2610 742 2635 ό
758 2609 813 2644 βίος

44 2647 120 2681 ἡμῶν,
134 2652 178 2678 καὶ
191 2653 221 2679 οὐ
234 2654 402 2690 γινώσκομεν
413 2655 440 2681 τί
459 2655 534 2681 ἔσται
554 2655 619 2689 ἡμῖν
639 2653 707 2689 μετὰ
727 2654 814 2681 ταῦτα.

46 2692 90 2719 ἀπὸ
101 2696 143 2722 τοῦ
158 2699 271 2733 κράτους
292 2709 355 2727 σου-
384 2700 478 2727 τούτου
497 2700 576 2736 χάριν
604 2699 717 2735 πράως,
736 2700 813 2735 φησὶ,

48 2739 172 2771 παίδευσον
185 2746 266 2780 ἡμᾶς.
281 2747 318 2774 Τὸ
329 2748 394 2783 γὰρ,
411 2747 545 2782 ἐπῆλθεν
555 2767 561 2778 ,
574 2746 639 2772 ἀντὶ
657 2746 704 2773 τοῦ
717 2766 724 2778 ,
739 2746 815 2773 E1157.-

25 2914 29 2918 ~
77 2878 97 2894 "
115 2879 202 2910 Matth.
219 2891 299 2919 ιιι-ιι,
313 2886 358 2913 25.
398 2887 419 2902 ‘°
439 2887 506 2914 Gen.
525 2894 607 2922 nm,
627 2887 651 2915 9.

873 278 958 298 mane.
976 270 1059 303 Quasi
1084 271 1203 306 apertius
1224 272 1326 300 diceret
1341 281 1348 300 :
1363 273 1435 301 Anni
1456 281 1551 302 eorum
1571 276 1618 310 qui
1634 281 1660 303 te

871 316 1093 351 abnegavcrunt,
1116 318 1144 344 in
1175 321 1360 353 contemptum
1385 326 1512 354 magnum
1537 321 1656 349 venient.

872 360 993 388 Fuerunt
1015 362 1088 389 enim
1109 362 1137 389 in
1158 363 1392 392 conculcationem
1411 369 1439 392 et
1452 365 1610 395 hominibus
1631 372 1658 395 et

872 407 1051 441 daemonibus,
1068 412 1161 443 utpote
1177 409 1224 444 qui
1240 417 1303 437 eum
1317 410 1364 446 qui
1380 411 1454 446 ipsos
1473 412 1618 440 redimeret
1630 418 1657 441 et

872 453 962 481 salvos
978 453 1078 482 faceret
1094 455 1296 491 abnegaverint.

906 499 933 526 6.
954 499 1033 527 Mane
1045 500 1138 534 ﬂoreat
1150 506 1175 528 et
1187 506 1313 530 transeat.
1327 501 1379 530 Per
1394 511 1499 535 vocem,
1515 513 1601 537 mane,
1617 505 1656 534 si-

871 545 1001 580 gniﬁcant
1029 551 1135 581 tempus
1162 555 1216 582 quo
1243 549 1368 583 apparuit
1393 549 1448 576 illis
1477 549 1610 578 Dominus
1627 551 1654 578 in

871 594 964 617 monte
976 590 1051 618 Sina.
1065 590 1154 618 Herba
1166 597 1255 620 autem
1268 593 1403 628 signiﬁcat
1413 594 1525 627 legalem
1539 594 1654 629 cultum,

871 640 965 671 utpote
989 637 1036 672 qui
1065 637 1137 665 haud
1160 638 1245 666 multo
1271 643 1331 673 post
1342 646 1466 669 arescere
1479 639 1584 668 debeat.
1603 639 1654 668 Ve-

870 688 942 715 spere
966 681 1081 716 decidat,
1101 683 1206 710 induret
1226 688 1252 711 et
1278 690 1401 711 arescat:
1414 692 1554 720 vesperam
1576 693 1656 714 vocat

870 732 978 763 tempus
1004 728 1032 755 in
1055 728 1109 756 ﬁne
1120 730 1212 766 seculi
1226 729 1360 763 futurum,
1376 739 1432 766 quo
1448 732 1572 766 apparuit
1586 730 1655 760 Uni-

869 773 976 808 genitus
989 781 996 799 :
1011 774 1038 800 in
1051 781 1105 809 quo
1118 764 1274 809 peitransiit
1286 774 1337 803 llos
1350 764 1444 811 leg-alis
1460 764 1560 809 cultus.
1576 776 1654 805 falla-

869 819 911 846 cia
926 819 1139 855 inobsequentiaz
1154 820 1308 849 induratus.

903 916 930 943 7.
952 916 1022 950 Quia
1032 918 1174 953 defecimus
1189 919 1217 946 in
1231 920 1272 946 ira
1287 924 1343 948 tua.
1359 920 1460 956 Aperte
1475 926 1589 950 narrant
1608 930 1656 951 ca-

868 962 1004 991 lamitates
1026 964 1092 999 ipsis
1112 965 1148 992 ob
1169 965 1278 1000 propria
1297 971 1408 1000 peccata
1431 967 1532 996 illatas.
1547 967 1581 996 Et
1595 967 1654 997 haec

868 1017 929 1036 cum
949 1008 1060 1043 Iudaeis,
1074 1015 1131 1037 tum
1153 1011 1280 1038 omnibus
1299 1011 1456 1040 hominibus
1476 1014 1651 1042 conveniunt.

868 1053 1015 1082 Hominum
1043 1056 1143 1091 quippe
1166 1061 1272 1090 natura,
1295 1064 1389 1092 peltas
1413 1058 1482 1086 dans
1503 1059 1654 1095 iniquitatis

867 1106 934 1131 suae,
950 1100 1152 1128 calamitatibus
1164 1101 1287 1137 subjecta
1299 1106 1342 1130 est
1355 1107 1382 1130 et
1392 1103 1551 1132 decumanis
1563 1104 1653 1134 ﬂucti-

868 1145 919 1173 bus
934 1145 1109 1181 demergitur.
1124 1146 1210 1175 Judaei
1225 1155 1287 1175 vero
1309 1148 1344 1176 ob
1367 1149 1466 1178 mentis
1482 1150 1652 1182 malitiarum

868 1189 991 1218 libertate
1007 1191 1076 1226 lapsi
1089 1195 1163 1218 sunt.

901 1288 928 1316 8.
950 1288 1068 1317 Posuisti
1092 1291 1244 1327 iniquitates
1272 1298 1377 1322 nostras
1401 1295 1429 1322 in
1442 1301 1580 1332 conspectu
1596 1302 1653 1327 tuo.

866 1332 926 1362 Non
952 1337 1172 1371 prattermisisti,
1197 1338 1306 1375 inquit,
1336 1340 1494 1376 iniquitates
1521 1347 1652 1376 nostras,

866 1379 966 1415 quippe
979 1389 1041 1409 cum
1059 1390 1109 1410 nos
1131 1383 1182 1418 ipsi
1196 1391 1244 1412 eas
1258 1385 1284 1412 in
1297 1386 1385 1421 capita
1399 1391 1493 1416 nostra
1507 1396 1653 1417 revocave-

866 1424 963 1457 rimus,
981 1427 1044 1461 quia
1063 1427 1202 1456 diximus:
1218 1429 1331 1466 Sanguis
1344 1432 1400 1466 ejus
1414 1440 1491 1467 super
1506 1442 1554 1460 nos
1567 1439 1592 1461 et
1607 1442 1653 1462 su-

865 1477 911 1504 per
934 1471 1005 1506 filios
1026 1474 1168 1501 nostros".
1185 1474 1318 1503 Saeculum
1334 1483 1452 1505 nostrum
1472 1479 1499 1505 in
1514 1479 1652 1507 illumina-

868 1515 935 1543 tione
951 1518 1038 1545 uultus
1057 1519 1105 1546 tui.
1120 1519 1160 1546 Ac
1176 1520 1198 1547 si
1214 1521 1316 1548 diceret
1333 1521 1414 1550 :Vita
1433 1527 1527 1551 nostra
1544 1527 1572 1552 et
1591 1524 1651 1559 eius

867 1569 959 1596 opera,
969 1563 1041 1590 mala
1057 1564 1184 1592 videntur
1197 1566 1225 1593 in
1242 1572 1388 1602 conspectu
1400 1573 1457 1596 tuo.
1466 1568 1540 1597 Nihil
1550 1571 1651 1606 quippe

865 1607 975 1642 ignoras
998 1616 1093 1636 eorum
1110 1618 1171 1645 qua:
1194 1611 1221 1638 in
1246 1612 1326 1640 nobis
1348 1618 1407 1641 acta
1434 1621 1499 1642 sunt
1517 1616 1553 1643 ab
1571 1616 1651 1644 initio

866 1662 954 1689 usque
966 1655 999 1682 ad
1015 1655 1107 1683 ﬁnem.

901 1700 927 1728 9.
949 1700 1081 1734 Quoniam
1092 1711 1179 1730 omnes
1193 1703 1247 1730 dies
1259 1706 1344 1731 nostri
1359 1705 1521 1740 defecerunt.
1535 1707 1597 1734 etin
1609 1708 1651 1735 im

866 1751 912 1774 tua
924 1747 1077 1782 defecimus.
1095 1747 1250 1783 Peccatum,
1268 1750 1367 1785 inquit,
1385 1751 1453 1778 iram
1468 1756 1543 1780 tuam
1556 1753 1652 1780 adver-

865 1800 925 1820 sum
951 1801 1002 1821 nos
1028 1794 1192 1828 concitavit;
1214 1795 1254 1822 ira
1277 1803 1341 1823 vero
1365 1797 1526 1832 supplicium
1543 1799 1650 1833 intulit;

866 1839 1028 1873 supplicium
1058 1840 1167 1867 dolores
1191 1841 1308 1868 induxit.
1325 1841 1356 1868 In
1382 1841 1525 1871 doloribus
1550 1845 1650 1880 quippe

865 1884 1003 1912 modicum
1022 1885 1084 1913 vitae
1108 1890 1209 1913 nostra:
1233 1891 1339 1922 tempus
1363 1889 1557 1924 transegimus.
1580 1891 1651 1918 Anni

865 1931 948 1957 nostri
965 1931 1034 1958 sicut
1046 1939 1143 1958 aranea
1158 1932 1363 1960 meditabantur.
1379 1931 1452 1960 Nihil
1469 1934 1589 1967 ﬁrmum.
1607 1936 1652 1964 in-

864 1976 934 2012 quit,
950 1977 1018 2004 nihil
1032 1977 1128 2005 stabile
1141 1983 1245 2005 natum:
1257 1983 1356 2006 nostra:
1371 1980 1443 2008 inest
1459 1989 1466 2007 :
1484 1981 1571 2009 instar
1590 1990 1651 2010 ara-

865 2029 923 2049 nea:
937 2023 1015 2050 facile
1029 2023 1199 2058 discerpitur.

900 2069 943 2096 10.
964 2069 1026 2096 Dies
1049 2078 1178 2097 annorum
1200 2075 1349 2098 nostrorum
1362 2072 1389 2099 in
1403 2073 1468 2108 ipsis
1486 2075 1651 2109 septuaginta

865 2116 940 2148 anni,
955 2119 1007 2143 etc.
1024 2114 1120 2143 lsthaec
1134 2116 1234 2144 similia
1252 2121 1316 2144 sunt
1334 2117 1367 2145 iis
1378 2125 1439 2152 quae
1450 2118 1518 2146 dixit
1535 2121 1651 2154 patriar-

865 2160 915 2187 cha
932 2159 1016 2188 Jacob
1030 2171 1037 2188 ε
1054 2160 1116 2188 Dies
1134 2162 1184 2188 mei
1195 2162 1273 2196 pauci
1287 2167 1311 2189 et
1327 2163 1402 2196 mali,
1422 2172 1473 2190 non
1483 2171 1650 2198 pervenerunt

864 2205 899 2231 ad
918 2206 973 2232 dies
995 2211 1102 2240 patrum
1125 2207 1282 2234 meorum“.
1301 2207 1370 2235 Sunt
1393 2209 1485 2244 itaque
1510 2211 1557 2246 qui
1581 2211 1650 2239 ultra

866 2251 1024 2286 pradictum
1041 2258 1146 2287 tempus
1161 2253 1242 2280 vitam
1265 2254 1427 2287 extrahunt;
1451 2255 1499 2283 sed
1517 2256 1543 2283 id
1558 2258 1651 2291 paucis

865 2297 1008 2333 contingit.
1018 2297 1068 2325 Hic
1080 2303 1170 2325 autem
1185 2297 1321 2333 signiﬁcat
1334 2300 1405 2334 quod
1421 2300 1501 2335 vulgo
1514 2302 1613 2335 evenit,
1625 2308 1648 2330 et

864 2342 891 2368 in
912 2342 1036 2377 pluribus
1057 2343 1215 2379 contingere
1236 2344 1313 2372 solet.
1329 2344 1561 2378 Quemadmodum
1577 2350 1649 2376 enim

864 2388 1030 2416 mentionem
1054 2397 1108 2416 non
1134 2389 1200 2417 fecit
1219 2398 1313 2418 eorum
1328 2392 1374 2426 qui
1386 2398 1548 2427 praematura
1564 2400 1650 2422 morte

863 2434 1010 2467 tolluntur,
1028 2436 1067 2463 sic
1084 2443 1131 2463 eos
1147 2436 1194 2471 qui
1210 2437 1242 2464 ad
1257 2441 1405 2465 extremam
1422 2444 1589 2467 senectutem
1601 2448 1649 2468 νο-

863 2480 952 2512 ηἰυηι,
974 2486 1065 2516 utpote
1078 2483 1237 2517 grandaevos
1254 2485 1437 2518 praetermisit.
1450 2486 1590 2518 Attamen,
1606 2487 1649 2513 in-

863 2527 932 2561 quit,
948 2528 1078 2561 perbreve
1089 2528 1155 2555 illud
1165 2533 1286 2564 tempus,
1299 2530 1403 2558 doloris
1415 2535 1442 2558 et
1453 2531 1577 2559 laborum
1593 2533 1648 2567 ple-

864 2581 928 2599 num
946 2578 996 2600 est.
1011 2573 1144 2606 Quoniam
1160 2577 1307 2609 supervenit
1319 2577 1501 2610 mansuetudo,
1523 2583 1548 2604 et
1569 2580 1643 2605 corri-

863 2619 974 2653 piemur.
992 2618 1126 2652 Quoniam
1145 2628 1194 2648 ceu
1208 2627 1314 2649 mortua
1331 2628 1357 2649 et
1371 2623 1517 2650 admodum
1534 2623 1595 2651 vilis
1609 2616 1647 2650 est

864 2665 918 2691 vita
935 2670 1038 2698 nostra,
1059 2672 1086 2694 et
1108 2666 1265 2701 ignoramus
1287 2668 1352 2703 quid
1371 2669 1449 2696 nobis
1466 2673 1528 2703 post
1545 2669 1602 2696 inec
1617 2671 1648 2696 ab

864 2711 979 2746 imperio
1003 2716 1050 2740 tuo
1073 2712 1196 2741 futurum
1212 2715 1265 2748 sit;
1291 2715 1362 2749 ideo,
1378 2715 1476 2750 inquit.
1492 2722 1553 2742 eum
1572 2722 1635 2741 man

864 2759 1008 2788 suetudine
1029 2759 1137 2795 corripe
1152 2768 1213 2789 nos.
1237 2760 1305 2789 Nam
1323 2761 1399 2796 illud,
1420 2762 1577 2795 supervenit,
1591 2768 1647 2796 pro.
