1891 3061
29 129 79 156 ιηδ

584 125 761 154 EXPOSITIO
780 125 814 154 IN
833 125 999 154 PSALMUM
1019 124 1096 153 XCII.

1594 125 1655 154 ιος

27 187 130 214 τούτων
159 185 232 212 οὐδὲν
258 185 395 219 γινώσκει,
415 184 476 211 οὔτε
503 186 556 221 μὴν
580 185 725 212 ἀκούσεται
747 187 812 222 περὶ

890 184 1040 220 ιιεΙιίςεηιὶο
1057 190 1171 216 vacuus,
1186 183 1252 210 nihil
1275 182 1372 210 horum
1396 182 1544 217 cognoscit,
1559 190 1646 217 neque

28 240 140 260 τουτων.

71 277 123 304 ‘Er
149 275 189 308 τῷ
208 273 360 302 ἀνατεῖλαι
386 274 577 309 ἁμαρτωλοὺς
597 274 669 302 ὡσεὶ
693 275 811 309 χόρτον.

32 324 62 349 Ol
76 322 113 357 μὴ
125 321 266 352 συνιέντες,
291 321 358 355 φησὶ
371 341 378 353 ,
394 321 425 347 τὸ
443 321 593 356 μυστήριον
616 321 692 356 δίκην
716 320 812 356 χόρτου

32 367 146 397 ἔσονται,
163 365 199 401 μὴ
212 366 319 401 ἔχοντες
334 366 362 392 τὸ
371 366 452 401 βάθος
463 366 571 402 δηλαδὴ,
584 367 631 393 καὶ
645 366 750 401 ταχέως
763 374 813 392 πε-

33 412 138 438 σοῦνται
154 412 202 438 καὶ
215 411 438 446 ξηρανθήσονται.

67 458 118 484 Kal
132 457 326 492 ὑψωθήσεται
335 458 374 489 ὡς
381 456 584 491 μονοκέρωτος
601 456 633 483 τὸ
649 457 813 491 κέραςμου.

33 504 124 534 Ὅταν,
147 503 239 538 φησιν,
258 503 420 530 ἀπολοῦνται
437 504 461 530 οἱ
478 503 570 539 ἐχθροὶ
590 503 636 530 καὶ
657 503 815 539 διασκορπι-

35 549 183 583 σθήσονται,
201 549 260 575 τότε
275 549 308 584 δὴ
323 549 383 576 τότε
399 549 430 575 τὸ
441 549 506 584 ὲμδν
519 549 612 584 κέρας,
633 549 770 575 τουτέστιν
796 550 812 584 ἡ

35 594 172 629 βασιλείαὴ
184 594 383 630 ἡτοιμασμένη,
394 594 544 630 περιφανὴς
553 595 706 630 γενήσεται.
722 595 814 630 Ἡμεῖς

35 642 60 668 δὲ
74 634 97 668 οἱ
112 641 161 677 τὴν
186 641 238 677 σὴν
256 642 402 676 ἐπίγνωσιν
422 642 538 677 ἔχοντες,
566 642 615 677 τὴν
639 642 693 668 τῶν
710 641 815 677 ἐχθρῶν

36 695 80 714 σου
94 687 241 714 κατάλυσιν
258 687 420 722 θεασάμενοι
429 708 436 719 ,
457 687 641 724 γαυριάσομεν
655 689 700 714 ἐπὶ
714 689 754 714 σοὶ
769 688 816 714 καὶ

38 733 103 767 μέγα
129 734 319 769 φρονήσομεν·
349 733 397 760 an
424 733 455 769 δὴ
481 734 532 769 τῆς
557 732 687 760 πολυοέου
712 734 816 768 πλάνης

37 778 242 813 ἀπηλλαγμένοι,
260 778 306 805 καί
322 787 351 805 σε
370 778 416 805 τὸν
432 779 495 806 ὄντα
510 779 725 814 προσκυνοῦντες
739 779 815 806 Θεόν.

38 824 86 851 Τὸν
101 824 152 860 γὰρ
169 825 323 860 μονόκερων
338 824 453 852 ἐνταῦθα
470 825 550 852 πάλιν
570 826 746 861 παρήγαγεν,
773 825 816 852 ἵνα

38 869 76 895 διὰ
95 869 139 896 τοῦ
165 870 223 902 ἑνὸς
251 870 364 906 κέρατος
389 871 433 897 τὸν
456 870 503 896 ἕνα
531 871 716 908 παραδηλώσῃ
739 871 815 898 Θεὸν.
831 862 853 888 Β

40 916 136 951 Ὥσπερ
152 915 206 951 γὰρ
220 917 309 942 ἐκεῖνο
331 917 361 942 τὸ
382 915 450 948 ζῶον
466 916 494 942 ἓν
511 915 590 942 ἑλαῦε
613 916 688 957 mp?
702 917 750 951 τῆς
766 916 816 950 φύ-

40 968 100 992 ιεως
123 961 205 997 κέρας
220 969 227 976 ·
249 960 321 988 οὕτω
344 962 394 996 τῆς
408 961 548 993 εὐσεὸείας
564 961 589 988 οί
599 961 725 997 τρόφιμοι
752 962 816 997 μίαν

41 1006 250 1040 προσκυνήσουσι
260 1005 382 1040 θεότητα.
396 1006 451 1032 Καὶ
463 1006 495 1032 τὸ
507 1006 602 1041 γῆράς
609 1014 668 1040 μου
681 1007 715 1033 ὲν
728 1006 818 1040 ἐλαίῳ

42 1052 122 1078 πίονι.
136 1051 213 1078 Μετὰ
228 1051 293 1083 τοὺς
309 1051 418 1083 πόνους,
436 1051 528 1086 φησὶν,
542 1051 588 1083 οὓς
603 1052 740 1087 ὑπομένω,
757 1052 817 1079 τότε

41 1093 69 1129 δὴ
85 1094 161 1120 οἱονεὶ
175 1094 261 1130 ἐλαίῳ
283 1095 421 1130 χρήσομαι
435 1096 475 1127 εἰς
498 1095 630 1130 βασίλειον
651 1097 815 1132 ἱεράτευμα·

44 1139 84 1166 καὶ
97 1139 171 1166 τοῦτό
192 1148 238 1174 μοι
253 1139 330 1166 ἔσται
342 1140 396 1166 τῶν
411 1140 524 1176 μακρῶν
535 1141 623 1168 πόνων
638 1142 668 1168 τὸ
686 1142 780 1177 γέρας.

72 1185 121 1212 Kal
135 1185 257 1213 ἐπεῖδεν
277 1187 460 1221 ὀύφθαλμός
483 1196 541 1222 μου
561 1187 596 1214 ἑυν-
625 1188 686 1221 τοῖς
702 1188 818 1222 ἐχθροῖς

42 1239 101 1263 μου.
117 1232 209 1259 Ἔσται
227 1240 275 1266 μοι
302 1231 380 1258 τοῦτο
405 1232 474 1268 μετὰ
491 1233 545 1259 τῶν
564 1233 650 1260 ἄλλων
674 1233 774 1265 καλῶν,
788 1233 819 1260 τὸ

41 1276 129 1312 (δεκτήν
151 1285 185 1312 με
205 1276 334 1312 γενέσθαι
357 1278 513 1305 πιπτόντων
532 1278 587 1305 τῶν
600 1278 750 1306 ἐπιϐούλων
767 1287 818 1314 μου

44 1322 87 1357 τῆς
100 1322 194 1359 ψυχῆς.

75 1369 287 1404 Περυτευμένοι
301 1369 336 1396 ὲν
347 1369 385 1402 τῷ
399 1370 470 1402 οἴκῳ
483 1371 603 1404 Κυρίου.
625 1368 704 1398 Οὗτοι
714 1370 753 1402 δὲ,
768 1379 820 1405 φη-

46 1414 91 1444 σὶν,
106 1415 128 1440 οἰ
139 1413 243 1446 τούτοις
260 1415 454 1450 ἁπεικασμένοι
467 1417 521 1447 τοῖς
539 1415 655 1451 κέδροις,
670 1416 820 1451 φυτουργὸν

47 1459 89 1492 μὲν
105 1459 189 1494 ἔχουσι
207 1460 256 1487 τὸν
277 1460 352 1493 Θεὸν,
375 1461 536 1496 παράδεισον
550 1461 578 1488 δὲ
591 1461 636 1488 τὸν
653 1462 724 1488 Θεῖον
741 1461 819 1488 νεών.

52 1502 93 1528 Ἐν
102 1503 162 1536 ταῖς
179 1504 290 1537 αὐλαῖς
302 1504 355 1531 τοῦ
369 1505 443 1532 Θεοῦ
459 1505 544 1540 ἡμῶν
554 1505 752 1538 ἀνθήσουσιν.
775 1507 819 1533 Ἐν

861 231 1001 266 quidpiam
1016 230 1049 258 de
1062 229 1104 257 his
1117 229 1218 256 audiet.

898 277 925 304 8.
942 277 1007 304 Cum
1018 276 1103 304 exorti
1117 276 1217 311 fuerint
1227 280 1374 310 peccatores
1398 275 1579 309 sicubfenum.
1595 273 1646 307 Qui

863 328 918 348 non
933 320 1087 354 intelligunt
1101 320 1272 355 mysterium,
1286 320 1334 354 ait,
1347 320 1426 355 quasi
1449 319 1540 347 fenum
1555 325 1646 350 erunt,

864 373 919 393 non
945 365 1075 393 habentes
1101 364 1324 400 profunditatem,
1349 372 1382 392 ac
1414 365 1468 393 cito
1490 365 1599 396 cadent,
1621 369 1648 391 et

863 415 998 439 arescent.

900 457 943 483 Η.
961 455 996 483 Et
1021 455 1184 483 exaltabitur
1200 455 1267 483 sicut
1289 456 1422 483 unicorm's
1449 464 1530 483 cornu
1551 464 1646 483 meum.

865 502 989 536 Quando,
1005 503 1102 537 inquit,
1119 503 1245 537 peribunt
1272 501 1375 530 inimici
1403 507 1429 530 et
1449 503 1648 537 dispergentur,

865 554 931 577 tunc
952 556 1037 577 cornu
1053 556 1155 580 meum,
1186 549 1309 576 videlicet
1330 556 1444 583 regnum
1457 547 1649 583 praeparatum,

865 595 1026 630 praeclarum
1046 594 1107 622 erit.
1123 593 1178 622 Nos
1197 599 1298 627 autem,
1325 594 1373 630 qui
1386 599 1432 622 tua
1446 602 1541 622 sumus
1559 595 1650 629 cogni-

866 640 939 668 tione
965 640 1102 673 instructi,
1129 648 1191 667 cum
1214 640 1321 667 ruinam
1347 639 1519 667 inimicorum
1542 644 1649 666 tuorum

865 687 1024 718 viderimus,
1033 686 1211 720 gloriabimur
1227 690 1253 713 et
1265 686 1348 712 altum
1365 686 1504 720 sapiemus
1517 685 1544 712 in
1558 689 1594 719 te,
1608 690 1651 712 ut-

866 738 928 768 pote
942 740 957 760 a
970 733 1084 759 deorum
1099 732 1249 759 multorum
1276 739 1368 759 errore
1388 731 1506 764 liberati,
1523 736 1550 759 et
1563 736 1590 759 te
1603 732 1651 766 qui

866 786 929 806 vere
943 779 1014 806 Deus
1031 785 1061 805 es
1079 778 1234 806 adorantes.
1249 777 1317 805 Nam
1343 778 1475 806 unicornu
1490 778 1535 806 hic
1555 778 1651 805 iterum

867 823 1019 859 proposuit,
1035 827 1065 851 ut
1079 831 1128 858 per
1152 831 1238 850 unum
1265 830 1362 856 cornu,
1378 831 1463 850 unum
1488 822 1651 858 signiﬁcaret

868 870 963 898 Deum.
975 870 1211 904 Quemadmodum
1230 870 1301 897 enim
1318 869 1385 902 illud
1400 869 1510 901 animal,
1538 875 1621 896 unum
1636 876 1651 895 a

867 921 965 944 natura
989 925 1075 944 cornu
1103 917 1228 952 accepit;
1245 916 1284 943 sic
1306 916 1408 943 alumni
1438 915 1547 951 pietatis
1569 923 1651 942 unam

867 962 1020 989 adorabunt
1033 962 1169 989 deitatem.
1188 961 1221 988 Et
1235 966 1352 989 senectus
1369 970 1426 988 mea
1451 962 1477 988 in
1489 962 1543 988 olea
1553 960 1650 996 pingui.

867 1006 931 1033 Post
943 1006 1051 1033 labores
1077 1013 1148 1041 quos
1174 1006 1303 1038 sustinui,
1325 1006 1424 1041 inquit,
1450 1011 1514 1033 tunc
1527 1013 1576 1033 ceu
1593 1005 1653 1032 oleo

868 1057 928 1079 utar
945 1052 978 1079 ad
993 1052 1083 1087 regale
1112 1052 1313 1085 sacerdotium;
1335 1056 1363 1079 et
1384 1052 1436 1079 hoc
1461 1052 1513 1080 erit
1538 1050 1606 1079 mihi
1626 1052 1652 1078 in

867 1098 1058 1125 diuturnorum
1073 1098 1194 1125 laborum
1211 1098 1365 1132 praemium.

904 1176 947 1202 12.
978 1175 1011 1202 Et
1036 1176 1147 1210 respexit
1173 1176 1262 1202 oculus
1284 1183 1355 1202 meus
1384 1174 1503 1202 inimicos
1527 1182 1607 1201 meos.
1623 1172 1653 1201 lJ

869 1222 934 1250 mihi
951 1223 1020 1249 inter
1033 1222 1085 1249 alia
1098 1221 1169 1249 bona
1185 1221 1397 1256 compulabitur,
1408 1220 1480 1256 quod
1495 1220 1654 1248 cadentibus

870 1268 1074 1296 insidiatoribus
1089 1268 1186 1295 anima:
1218 1275 1294 1300 mete,
1320 1267 1434 1309 liujusce
1452 1267 1490 1294 rei
1519 1271 1654 1302 spectator

868 1323 917 1350 ego
937 1314 1045 1341 fuerim.

907 1361 951 1391 15,
968 1360 1011 1387 Η.
1025 1359 1144 1386 Plantati
1160 1360 1187 1386 in
1206 1359 1283 1386 domo
1297 1359 1414 1386 Domini.
1431 1359 1474 1391 lli,
1494 1359 1592 1395 inquit,
1608 1359 1654 1395 qui

871 1406 959 1433 ccdris
973 1406 1026 1433 illis
1042 1407 1145 1434 similes
1163 1412 1237 1439 sunt,
1270 1406 1402 1434 cultorem
1427 1406 1528 1434 habent
1554 1406 1653 1437 Deum;

871 1451 1027 1486 paradisum
1043 1459 1118 1483 vero,
1140 1452 1261 1479 divinum
1290 1451 1431 1486 templum.
1459 1450 1493 1478 In
1514 1451 1591 1478 atriis
1608 1451 1656 1478 Dei

872 1497 956 1524 nostri
971 1497 1111 1531 ﬂorebunt.
1124 1498 1152 1524 In
1176 1497 1302 1532 supernis
1331 1497 1433 1525 scilicet
1458 1497 1655 1529 mansionibus,

46 1549 97 1580 ταῖς
109 1548 160 1576 ἄνω
170 1550 294 1586 δηλονότι
306 1551 409 1586 μοναῖς,
421 1551 453 1583 ἃς
467 1537 514 1578 iiut
525 1551 610 1583 αὐλὰς
623 1537 693 1579 εἶναι
706 1551 752 1579 τοῦ
766 1553 819 1578 Κυ-

890 1551 938 1570 uas
950 1543 1019 1570 atria
1033 1550 1094 1570 esse
1104 1542 1211 1570 Domini
1228 1542 1303 1570 dicit.

49 1593 98 1627 ρίου
110 1595 197 1630 φησιν.

80 1639 139 1666 Ἔτι
152 1640 420 1675 πληθυνθήσονται
433 1641 468 1668 ἐν
482 1641 560 1676 γήρᾳ
580 1642 661 1669 etlam
671 1662 678 1674 ,
699 1642 748 1670 καί
770 1643 822 1670 εὑ-

49 1686 199 1720 παθοῦντες
213 1688 352 1714 ἔσονται.
368 1687 414 1720 To,
431 1687 627 1720 εὐπαθοῦντες,
641 1688 700 1715 ἀντὶ
715 1688 773 1720 τοῦ,
791 1687 820 1715 εὗ

50 1729 193 1764 πάσχοντες.
216 1731 426 1766 ’Λποδοθήσεται
447 1731 501 1767 γὰρ
517 1732 608 1764 αὐτοῖς
627 1731 647 1759 ἅ
670 1733 823 1768 ὀφθαλμὸς

51 1774 97 1800 οὐκ
106 1773 170 1808 εἶδε,
187 1776 236 1803 καὶ
250 1773 306 1808 οὖς
318 1777 372 1802 οὐκ
384 1775 527 1810 ἤκουσεν.

83 1820 138 1847 Ὀτι
152 1822 243 1855 εὺθὴς
257 1824 274 1849 ὁ
295 1823 400 1856 Κύριος
413 1824 429 1849 ὁ
446 1822 517 1855 Θεὸς
531 1822 624 1857 ἡμῶν.
653 1823 778 1850 Ἐπειδὰν
795 1824 823 1849 ὲν

52 1866 102 1897 ταῖς
122 1866 174 1894 ἄνω
200 1869 296 1902 μοναῖς
322 1868 460 1904 γενόμενοι
485 1869 642 1896 ἀπολαύωσι
666 1869 700 1896 τὰ
712 1870 824 1904 ἡτοιμα-

53 1912 126 1946 σμένα
139 1914 236 1948 ἀγαθὰ,
251 1914 314 1940 τότε
329 1914 361 1950 δὴ
375 1914 434 1941 τότε
450 1915 498 1942 καὶ
524 1914 625 1950 ταύτην
644 1914 824 1949 ἀναγγελοῦσι

53 1957 94 1992 τὴν
103 1960 196 1996 φωνὴν,
212 1960 249 1993 ὡς
259 1961 364 1992 δίκαιος
380 1961 427 1988 καὶ
440 1960 522 1997 εὐθὴς
533 1961 610 1988 ἔσται
631 1962 644 1988 ὁ
662 1961 774 1997 Κύριος,
795 1961 824 1993 ὃς

54 2004 106 2036 τοὺς
122 2006 169 2039 μὲν
182 2006 358 2042 παρανόμους
370 2007 417 2033 καὶ
432 2006 540 2038 ἀσεϐεῖς
554 2006 632 2042 δίκην
649 2006 745 2041 χόρτου
757 2007 825 2033 ἁπο-

56 2048 204 2086 ξηρέινθῆναι
216 2051 405 2088 παρεσκεύασε
418 2060 425 2067 ·
442 2052 505 2083 τοὺς
517 2051 546 2078 δὲ
555 2047 733 2083 διχαίουξκαὶ
746 2051 824 2078 εὐσε-

56 2094 103 2126 6ιίς
117 2093 158 2123 οἷα
178 2098 292 2133 κέδρους
313 2098 359 2124 καὶ
375 2097 497 2132 φοίνικας
513 2098 541 2124 ὲν
557 2098 617 2129 ταῖς
628 2097 689 2124 -ἄνω
706 2097 826 2132 κατεφύ·

56 2146 121 2166 rtus:
138 2143 258 2177 σκηναῖς.
283 2142 390 2168 Ἀδικία
406 2143 461 2169 οὐκ
475 2142 539 2168 ἔστι
559 2142 635 2178 παρὰ.
645 2141 684 2177 τῷ
697 2142 765 2178 Θεῷ,
782 2142 826 2170 διὰ

57 2183 82 2209 τὸ
92 2183 153 2213 εἶναι
167 2187 247 2213 αὑτὸν
263 2187 362 2218 καόιίας
374 2187 556 2214 ἀνεπίδεκτον.
729 2185 735 2190 ’

58 2229 98 2263 ὶῖ(
111 2230 164 2265 tin-
177 2232 292 2266 ἡμέραν
303 2232 356 2259 τοῦ
366 2232 422 2266 πρὸ
438 2232 492 2259 τοῦ
511 2232 673 2264 Σαϐϐἀτου,
694 2232 743 2258 ὅτε
758 2241 827 2259 κατ-

115 2276 218 2308 (buturo
236 2280 254 2313 ἡ
274 2278 322 2314 γῆ,
339 2279 423 2311 αἶνος
438 2277 516 2312 ᾠδῆς
528 2277 568 2310 τῷ
581 2278 681 2305 Δαυΐδ.
701 2279 757 2311 ιιΒι.

351 2323 511 2356 ’λ’πόθεσις.

60 2366 102 2399 Εἲς
112 2367 140 2394 τὸ
152 2369 301 2396 Σάϐϐατόν
314 2370 343 2395 ὲν
354 2368 391 2404 τῷ
405 2368 565 2405 προλαϐόντι
588 2367 687 2404 ψαλμῷ
700 2367 826 2403 δηλοῦται

89 2414 222 2451 ἡδευτὲρα
236 2417 371 2452 παρουσία
387 2413 433 2444 τοῦ
448 2416 562 2451 Κυρίου,
586 2416 646 2444 καθ’
659 2416 693 2451 ἧν
713 2417 760 2443 καὶ
777 2416 825 2452 βα-

90 2459 196 2488 σιλεύσει
221 2463 268 2488 τοῦ
288 2463 347 2489 νέου
364 2462 461 2494 αἰῶνος
477 2461 546 2498 μετὰ
559 2461 612 2488 τῶν
628 2461 714 2496 ἁγίων
732 2461 825 2489 αὑτοῦ.

90 2505 204 2541 Δηλονόςι
217 2508 257 2540 τὸ,
275 2508 330 2542 πρὸ
346 2507 508 2540 Σαϐϐάτου,
528 2508 562 2534 ἂν
575 2507 618 2542 εἴη
634 2508 651 2543 ἡ
667 2506 760 2543 πρώτη
777 2508 826 2533 αὺ-

92 2550 133 2577 τοῦ
144 2554 285 2587 παρουσία,
301 2554 344 2580 ὅτε
357 2553 403 2580 καὶ
416 2554 432 2589 ἡ
447 2553 482 2588 γῆ
498 2553 675 2588 κατῴκισται,
689 2551 827 2578 τουτέστιν

93 2595 158 2632 ὁτιή
174 2598 404 2634 Ἐκκλησίαπάσῃ
417 2600 451 2634 τῇ
463 2598 608 2634 οἰκουμένῃ
626 2596 828 2632 τεθεμελίωται,

94 2640 141 2667 τῶν
150 2642 230 2675 ἁγίων
249 2643 402 2671 ἀποστόλων
415 2643 534 2679 δηλονότι
555 2643 602 2670 καὶ
626 2641 828 2676 εὐαγγελιστῶν

95 2684 134 2711 τὸν
147 2688 207 2722 περὶ
224 2688 338 2724 Χριστοῦ
351 2689 586 2724 καταγγειλάντων
600 2690 632 2724 τῇ
643 2689 678 2724 γῇ
693 2688 780 2722 λόγον.

101 2816 121 2832 “
139 2817 218 2846 lCor.
241 2828 271 2854 ll,
285 2820 310 2848 9.

908 1631 950 1658 l5.
970 1631 1061 1658 Adhuc
1078 1631 1324 1666 multiplicabuntur
1346 1631 1374 1658 in
1388 1635 1491 1658 senecta
1519 1630 1604 1662 uberi,
1631 1635 1656 1658 et

872 1677 933 1704 bene
942 1679 1068 1711 patientes
1081 1682 1168 1704 erunt.
1179 1677 1249 1704 Bene
1259 1677 1401 1711 patientes,
1412 1676 1580 1712 quasidicas,
1588 1677 1658 1704 bene

873 1723 1029 1751 tolerantes.
1045 1723 1184 1751 Dabuntur
1199 1724 1270 1750 enim
1286 1723 1340 1750 illis
1361 1731 1420 1758 quae
1432 1722 1524 1750 oculus
1545 1731 1599 1750 non
1619 1723 1644 1750 vi

872 1770 922 1802 dit,
946 1778 992 1797 nec
1006 1771 1080 1797 auris
1093 1769 1192 1797 audivit
1204 1769 1235 1796 ⁵⁵.

908 1815 952 1842 16.
965 1814 1098 1847 Quoniam
1119 1820 1205 1842 rectus
1231 1814 1360 1840 Dominus
1383 1813 1453 1841 Deus
1466 1819 1564 1841 noster.
1579 1812 1658 1841 Post-

873 1867 955 1895 quam
980 1860 1008 1887 in
1040 1860 1165 1895 supernis
1185 1859 1371 1887 mansionibus
1399 1859 1535 1887 constituti
1563 1863 1656 1894 parata

875 1906 945 1932 bona
960 1905 1031 1933 nacti
1045 1905 1156 1937 fuerint,
1175 1905 1245 1932 hanc
1256 1904 1456 1932 annuntiabunt
1471 1911 1575 1937 vocem,
1586 1904 1658 1938 quod

873 1952 964 1987 justus
980 1956 1006 1978 et
1024 1956 1114 1978 rectus
1129 1951 1164 1978 sit
1175 1950 1319 1983 Dominus,
1331 1951 1377 1984 qui
1392 1950 1502 1985 iniquos
1517 1954 1545 1978 et
1559 1950 1658 1985 impios

876 2005 924 2024 ceu
948 1997 1038 2024 l‘enum
1066 2003 1189 2024 arescere
1208 1996 1287 2029 lecit;
1311 1995 1401 2030 justos
1425 2000 1515 2023 autem
1537 1999 1565 2023 et
1587 1995 1657 2030 pios,

875 2042 953 2077 quasi
971 2042 1067 2069 cedros
1095 2047 1122 2068 et
1138 2041 1257 2076 palmas,
1284 2041 1311 2068 in
1327 2042 1451 2076 supernis
1476 2041 1659 2069 tabernaculis

877 2088 1019 2123 plantavit.
1041 2087 1075 2114 Et
1089 2095 1139 2115 non
1149 2091 1188 2115 est
1205 2087 1332 2122 iniquitas
1349 2086 1375 2114 in
1393 2085 1456 2120 Deo,
1471 2086 1534 2122 quia
1549 2086 1660 2114 malitiae

876 2142 961 2169 capax
974 2142 1029 2161 non
1040 2139 1091 2161 est.

842 2211 865 2239 D
878 2211 910 2239 In
929 2212 998 2239 diem
1020 2216 1080 2239 ante
1101 2211 1254 2243 Subbatum,
1270 2211 1374 2246 quando
1390 2210 1502 2245 fundata
1519 2214 1556 2238 est
1578 2214 1658 2245 terra,

1029 2257 1088 2284 laus
1112 2257 1208 2284 cantici
1230 2257 1279 2290 ipsi
1294 2253 1389 2288 David,
1409 2254 1502 2283 XCII.

1168 2303 1368 2338 Argumentum.

876 2347 905 2374 ln
918 2348 1078 2382 praecedenti
1089 2348 1194 2383 psalmo
1207 2355 1254 2382 per
1268 2347 1325 2374 haec
1333 2346 1413 2374 verba
1430 2355 1437 2374 :
1459 2345 1491 2373 In
1505 2346 1573 2373 diem
1590 2345 1658 2373 Sab-

912 2395 977 2428 bati,
994 2395 1147 2422 declaratur
1171 2393 1308 2421 secundus
1339 2392 1489 2420 Salvatoris
1516 2393 1658 2424 adventus,

913 2440 1023 2475 quando
1037 2440 1160 2476 regnabit
1170 2439 1198 2466 in
1214 2446 1314 2466 novum
1328 2437 1456 2466 saeculum
1483 2444 1545 2464 cum
1558 2437 1660 2464 sanctis

915 2486 982 2513 suis.
996 2484 1088 2512 Palam
1105 2489 1195 2526 autem
1210 2489 1250 2512 cst
1268 2484 1343 2516 illud,
1359 2487 1419 2510 ante
1434 2481 1591 2514 Sabbatum,
1613 2481 1659 2509 de-

915 2532 1022 2566 signare
1049 2527 1179 2566 priorem"
1195 2530 1254 2565 ejus
1282 2529 1436 2560 adventum,
1463 2527 1571 2563 quando
1588 2531 1658 2554 terra

915 2577 1039 2604 habitata
1054 2581 1105 2611 est,
1121 2576 1148 2604 id
1168 2581 1209 2604 est
1225 2575 1334 2611 quando
1345 2573 1466 2602 Ecclesia
1481 2573 1508 2600 in
1523 2576 1580 2600 toto
1592 2572 1658 2599 orbe

919 2622 1032 2651 fundata
1049 2627 1099 2655 est,
1113 2621 1214 2650 sanctis
1229 2620 1360 2656 apostolis
1378 2623 1404 2647 et
1428 2617 1601 2654 evangelistis
1626 2617 1660 2643 de

916 2671 1026 2698 Christo
1058 2675 1209 2698 sermonem
1234 2675 1282 2703 per
1307 2670 1392 2694 totum
1431 2665 1523 2692 orbem
1558 2669 1659 2690 renun-

917 2715 1054 2745 tiantibus.
