1891 3061
225 101 276 128 ιοτ

226 207 374 234 humanum
387 215 473 242 genus
487 209 634 237 abscedens
647 218 661 237 a
675 218 758 244 regno
774 209 831 241 Dei,
850 211 901 237 sub
916 215 1006 246 tyran-.

227 254 289 280 uide
301 253 409 281 Satanae
424 254 485 286 fuit,
502 256 562 282 Ideo
575 256 682 283 advenit
706 255 876 291 Unigenitus,
892 262 922 284 ιιι
939 257 1005 285 illud

226 307 334 327 rursum
350 301 458 335 proprio
473 306 578 336 sceptro
591 302 745 336 subjiceret.
766 302 811 330 Dei
823 308 911 330 autem
923 303 1004 331 deco-

225 353 295 377 rt-m,
308 346 394 381 ipsius
406 347 513 382 generis
534 348 648 374 salutem
671 356 733 376 esse
746 349 822 376 dicit.
849 349 906 376 Nisi
932 350 1004 378 enim

226 391 383 419 incarnatus
403 392 517 425 fuisset,
531 399 670 429 assumpta
691 399 787 429 praeter
799 400 938 430 peccatum
957 404 1005 424 na-

226 442 287 465 tura
301 442 404 472 nostra,
419 439 491 466 nulla
509 447 575 467 sane
587 441 666 467 nobis
683 441 756 468 salus
775 441 880 469 fuisset.
897 442 1005 476 Oportet

226 485 295 511 enim
314 493 372 511 eum
388 493 495 520 regnare
511 486 591 513 donec
605 492 685 520 ponat
702 495 789 514 omnes
804 489 924 514 inimicos
943 496 1004 515 suos

226 530 273 556 sub
288 530 395 564 pedibus
412 531 469 557 suis
483 531 515 558 ⁸⁵.
530 531 642 559 Indutus
655 537 694 559 est
717 532 843 560 Dominus
867 534 1004 567 fortitudi-

227 583 283 602 nem
298 580 323 602 et
332 577 470 610 praciuxit
482 585 518 603 se.
534 575 613 604 Hisce
624 570 786 611 reportatum
796 578 829 605 de
843 579 1005 606 adversariis

226 621 404 656 potestatibus
430 623 571 649 victoriam
600 622 677 650 nobis
700 623 843 657 signiﬁcat,
861 631 942 657 quam
955 631 1004 652 ceu

226 667 389 695 militaribus
412 669 497 695 armis
510 668 658 697 instructus
670 670 769 696 retulit.
789 669 892 697 Etenim
913 671 1006 705 ﬁrma-

225 713 260 739 rit
274 713 361 740 orbam
382 719 458 741 terra
476 716 520 749 qui
545 724 597 742 non
621 716 832 743 commovebitur.
858 715 1004 752 Postquam

225 759 298 790 illos,
325 761 495 788 adversarios
516 762 620 789 scilicet
643 762 790 794 dmmones,
818 763 1004 798 proﬂigasset,

226 805 374 834 Ecclesiam
401 808 543 835 constituit
570 816 651 842 supra
677 813 800 843 petram,
825 809 868 836 cui
885 817 918 837 ne
942 810 1006 844 ipse

225 853 334 886 quidem
346 858 431 888 por-tm
445 853 522 881 inferi
538 855 730 890 prtevalt-bunt.

258 989 285 1017 ε.
300 989 418 1018 Paratus
437 991 546 1018 thronus
567 997 628 1019 tuus
643 1001 676 1020 ea:
690 997 761 1020 tunc.
780 993 837 1022 Hoc
852 995 891 1023 ait
910 996 973 1031 quia
989 1005 1004 1024 a

223 1037 419 1065 constitutione
429 1037 523 1065 mundi
538 1038 657 1066 futuram
670 1047 718 1074 per
734 1041 848 1068 salutem
862 1041 946 1076 ipsius
954 1043 1003 1070 de-

224 1083 330 1110 ﬁnierat
346 1083 485 1111 hominum
496 1085 602 1120 generis
613 1086 737 1114 salutem.
748 1086 887 1115 Thronum
905 1088 1005 1124 quippe

224 1128 428 1163 aitpotestatem
439 1129 579 1165 judicandi
596 1131 768 1159 adversarios
779 1138 887 1161 nostros
903 1134 1004 1162 daemo-

223 1181 281 1200 nes.
305 1172 543 1202 Resurrectionem
570 1180 660 1203 autem
685 1177 821 1212 signiﬁcat
851 1177 1001 1214 Unigeniti.

223 1215 265 1244 'l'u
285 1218 366 1252 igitur
382 1219 450 1253 ipse,
473 1220 522 1252 ait,
538 1219 663 1253 Domine,
676 1222 722 1256 qui
741 1230 813 1250 nunc
827 1223 860 1250 ad
875 1231 934 1250 cam
947 1231 1002 1251 rem

223 1264 301 1298 quasi
316 1264 342 1290 in
353 1264 474 1299 judiciali
491 1266 589 1293 throno
607 1267 695 1299 sedes,
714 1268 884 1302 utjudicium
902 1270 1004 1298 scilicet

225 1307 298 1337 feras
313 1313 341 1336 et
355 1317 406 1337 nos
420 1310 551 1344 vindices,
565 1316 628 1339 ante
643 1313 741 1340 smcula
756 1313 837 1342 Deus.

257 1399 283 1425 5.
300 1398 473 1427 Elevaverunt
489 1401 611 1435 ﬂumina,
630 1403 754 1437 Domine,
770 1404 932 1433 (levaverunt
949 1408 1002 1441 ﬂu-

223 1445 294 1470 mina
311 1453 395 1472 vocem
407 1454 492 1474 suam.
509 1447 633 1475 Flumina
650 1449 693 1476 hic
705 1454 814 1477 sanctos
825 1451 961 1485 apostolos
976 1456 1003 1478 et

221 1491 402 1525 evangelistas
416 1491 492 1526 dicit,
512 1494 559 1528 qui
576 1494 621 1521 Dei
642 1494 790 1522 Ecclesiam
816 1497 1002 1530 spiritualibus
1016 1509 1036 1538 ο

222 1535 332 1563 ﬂuentis
343 1536 524 1565 lzetillcarunt.
539 1538 644 1567 Dictum
661 1548 778 1575 namque
787 1541 837 1568 fuit
852 1542 923 1570 illis:
938 1542 1003 1569 Flu-

221 1583 294 1608 mina
312 1583 344 1609 de
361 1588 447 1610 ventre
461 1584 517 1619 ejus
533 1585 613 1619 ﬂuent
628 1595 704 1621 aqua:
718 1587 782 1614 vim:
791 1587 824 1615 ".

256 1661 282 1688 ι.
301 1661 438 1690 Mirabile:
453 1663 578 1690 elationes
594 1664 684 1691 maris.
702 1664 804 1699 Mulae,
829 1665 927 1701 inquit,
945 1675 1003 1702 my-

221 1708 360 1743 stagogia,
371 1710 512 1737 sententia:
525 1711 710 1744 apostolorum
726 1716 753 1739 et
773 1712 1001 1747 evangelistarum

221 1752 333 1786 ﬂuenta,
348 1754 487 1783 mirabiles
496 1755 645 1784 effecerunt
665 1757 796 1785 elationes
819 1759 913 1786 maris.
928 1758 1002 1787 Mare

221 1801 312 1824 autem
321 1803 409 1830 vocat,
419 1800 538 1835 gentium
545 1808 605 1835 qum
610 1801 783 1829 crediderunt
790 1803 1001 1836 multitudinem,

220 1850 336 1877 quarum
350 1845 492 1877 elationes,
506 1845 532 1873 id
546 1850 588 1874 est
599 1847 780 1875 sublimitates
792 1855 900 1881 sensus,
922 1849 1002 1876 mira-

219 1888 288 1916 biles
303 1888 388 1917 l‘uere.
400 1889 458 1918 Non
473 1892 547 1919 enim
560 1893 630 1920 ultra
644 1901 726 1928 parva
738 1898 765 1922 et
777 1894 888 1922 humilia
898 1895 931 1922 dc
945 1895 1000 1923 Deo

219 1936 350 1969 sentiunt,
367 1936 415 1964 sed
427 1945 524 1972 magna
536 1942 563 1966 et
575 1939 719 1967 mirabilia.

253 2083 280 2112 5.
302 2082 464 2111 Testimonia
474 2089 520 2111 tua
532 2085 667 2113 credibilia
678 2086 749 2121 facta
762 2093 822 2115 sunt
840 2089 930 2118 nimis.
946 2090 999 2119 Te-

217 2129 345 2163 stimonia
360 2128 426 2157 dicit
440 2130 575 2164 promissa
590 2138 638 2164 per
653 2137 762 2160 sanctos
773 2134 918 2169 prophetas
933 2143 999 2170 geu-

218 2175 290 2210 tibus
305 2175 387 2211 facta,
397 2184 457 2211 quae
473 2177 562 2204 ﬁdelia
578 2181 605 2204 et
620 2177 699 2207 ﬁrma
711 2187 772 2207 esse
796 2180 823 2207 in
840 2182 996 2210 novissimis
1011 2190 1034 2217 υ

217 2220 312 2248 diebus
328 2222 457 2252 ostendit,
474 2229 526 2255 sua,
540 2223 683 2256 praesentia
695 2225 828 2258 promissa
847 2227 994 2262 complens.

217 2265 329 2293 Domum
347 2271 420 2293 tuam
434 2267 504 2293 decet
518 2269 680 2301 sanctitudo,
693 2269 812 2297 Domine.
826 2271 926 2300 Domus
937 2273 996 2308 ejus

639 102 667 130 S.
688 102 874 132 ATHANASH
892 101 968 133 OPP.
988 101 1076 134 PARS
1104 101 1147 130 111.
1166 117 1200 123 -
1218 101 1423 131 EXEGETICA.

259 161 272 186 1
280 179 287 187 .
298 160 424 188 Dominus
438 166 564 197 regnans,
576 164 693 190 decorem
700 164 807 191 indutus
815 169 862 192 est.
870 164 1004 197 Quoniam
1021 166 1043 195 Α

1019 836 1041 869 Β

1797 100 1848 130 ιω

1098 165 1128 191 '0
1138 165 1245 198 Κύριος
1258 164 1467 196 ἐϐασίλευσεν,
1476 162 1657 197 εὐπρέπειαν
1665 162 1846 190 ἐνεδύσατο.

1063 210 1170 246 Ἐπειδὴ
1184 211 1213 237 τὸ
1227 210 1394 246 ἀνθρώπινον
1408 210 1496 244 γένος,
1509 209 1630 236 ἀποστὰν
1645 209 1695 244 τῆς
1709 209 1765 235 ὑπὸ
1779 208 1847 235 Θεοῦ

1057 256 1212 291 βασιλείας,ο
1228 257 1280 283 ὑπὸ
1299 256 1347 292 τὴν
1365 256 1508 291 τυραννίδα
1531 256 1625 290 γέγονε
1651 254 1700 281 τοῦ
1726 255 1846 287 Σατανᾶ,

1054 301 1149 328 τούτου
1164 302 1244 337 χάριν
1269 302 1439 338 ἐπεδήμησεν
1463 303 1477 328 ὸ
1499 301 1664 337 Μονογενὴς,
1694 302 1742 328 ἵνα
1764 302 1847 328 πάλιν

1055 347 1120 374 αὐτὸ
1136 349 1191 379 τοῖς
1206 348 1281 380 ἰδίοις
1292 348 1412 383 ὑποτάξῃ
1433 348 1592 383 σκήπτροις,
1609 348 1623 374 ὃ
1646 348 1694 374 καὶ
1715 348 1846 381 ἐγένετο·

1055 393 1121 421 Θεοῦ
1139 394 1304 430 εὐπρέπειαν
1321 395 1349 421 δὲ
1366 394 1414 430 τὴν
1435 395 1571 430 σωτηρίαν
1590 394 1672 421 αὐτοῦ
1685 394 1736 420 τοῦ
1750 394 1848 428 γένους

1055 440 1146 475 φησίν.
1161 441 1192 467 Εἰ
1211 441 1247 476 μὴ
1263 441 1317 476 γὰρ
1334 441 1504 476 σεσάρκωται
1516 461 1524 474 ,
1545 441 1594 476 τὴν
1617 440 1759 476 ἡμετέραν
1787 440 1848 474 δίχα

1055 485 1105 520 τῆς
1119 486 1253 522 ἁμαρτίας
1273 485 1361 512 λασὼν
1385 486 1482 520 φύσιν,
1498 485 1619 521 δηλονότι
1642 486 1694 512 οὐκ
1720 485 1755 512 ἇν
1781 485 1848 520 ἡμῖν

1055 533 1071 566 ἡ
1096 532 1215 567 σωτηρία
1246 532 1362 566 ἐγένετο.
1389 531 1436 558 Δεῖ
1466 532 1523 566 γὰρ
1549 531 1642 558 αὐτὸν
1660 531 1848 563 βασιλεύειν

1055 576 1142 611 ἄχρις
1160 576 1195 605 οὗ
1213 577 1250 604 ἂν
1272 577 1311 610 θῇ
1326 577 1440 610 πάντας
1452 577 1521 610 τοὺς
1542 577 1668 611 ἐχθροὺς
1693 576 1757 603 ὑπὸ
1774 576 1847 616 τοὺς

1056 625 1151 657 πόδας
1167 623 1269 650 αὑτοῦ.
1299 622 1478 650 Ἐνεδύσιιτο
1505 623 1611 657 Κύριος
1632 622 1766 656 δύναμιν
1798 622 1847 647 καί

1055 669 1256 704 περιεζώσατο.
1277 669 1326 695 Διὰ
1340 668 1442 694 τούτων
1457 669 1506 703 τὴν
1521 667 1681 702 καθαίρεσιν
1702 668 1774 702 ἡμῖν
1793 667 1846 693 τῶν

1055 715 1250 750 ἀντικειμένων
1274 714 1400 749 σημαίνει
1426 713 1584 749 δυνάμεων,
1611 713 1644 748 ῆν
1670 713 1844 747 πεποίηται,

1056 762 1149 797 ὥσπερ
1175 761 1367 796 στρατιωτικὸν
1395 760 1488 795 σχῆμα
1515 759 1665 786 ἀναλαϐών.
1704 759 1762 786 Καὶ
1791 759 1845 792 τὰρ

1056 806 1218 841 ὲστερέωσε
1232 806 1288 840 τὴν
1303 807 1491 840 οικουμέγην,
1505 805 1570 839 ἣτις
1592 807 1629 832 οὐ
1650 805 1844 839 σαλευθήσε-

1055 862 1109 880 ται.
1128 852 1261 884 Ἐκείνους
1272 852 1436 888 προανελὼν,
1448 853 1510 883 τοὺς
1522 852 1728 887 ἀντικειμένους
1745 852 1842 886 δηλον-

1053 900 1094 926 ότι
1120 899 1259 934 δαίμονας,
1276 899 1388 934 ἔστησεν
1401 898 1447 925 ἐπὶ
1463 898 1566 933 πέτραν
1584 898 1633 933 τὴν
1663 897 1841 933 Ἐκκλησίαν,

1053 944 1087 981 ἧς
1100 945 1159 971 οὐδὲ
1169 945 1249 972 αὑταὶ
1264 945 1471 980 κατισχύσουσιν
1485 945 1513 970 αἱ
1527 944 1574 971 τοῦ
1589 943 1652 979 ᾅδου
1668 943 1767 970 πύλαι.

1090 992 1227 1026 Ἔτοιμος
1238 992 1255 1018 ὁ
1266 992 1372 1026 θρόνος
1382 998 1440 1017 σου
1450 990 1508 1017 ἀπὸ
1522 990 1596 1016 τότε.
1610 989 1695 1016 Τοῦτό
1707 997 1788 1024 φησι,
1801 989 1841 1015 διὰ

1053 1038 1084 1065 τὸ
1099 1037 1302 1074 προωρίσασθαι
1314 1037 1368 1064 ἀπὸ
1384 1037 1537 1071 καταϐολῆς
1550 1036 1651 1071 κόσμου
1665 1035 1715 1070 τὴν
1725 1035 1776 1061 τοῦ
1795 1036 1841 1061 ἀνι

1054 1083 1190 1118 ορωπίνου
1202 1082 1296 1117 γένους
1309 1082 1444 1117 σωτηρίαν
1458 1081 1590 1116 ἐσομένην
1610 1080 1655 1106 διὰ
1678 1080 1729 1115 τῆς
1751 1088 1841 1115 unum.

1055 1129 1115 1164 ρίας
1130 1128 1222 1154 αὑτοῦ.
1239 1128 1338 1163 Θρόνον
1352 1127 1406 1162 γὰρ
1420 1127 1470 1163 τὴν
1484 1128 1525 1158 είς
1540 1127 1571 1153 τὺ
1586 1126 1688 1162 κρίνειν
1707 1126 1773 1157 τοὺς
1784 1125 1840 1152 ἀδι-

1054 1175 1190 1209 κήσαντας
1214 1175 1287 1210 ἡμᾶς
1313 1174 1442 1209 δαίμονας
1456 1181 1464 1189 ·
1487 1173 1635 1200 ἀνάστασιν
1657 1172 1686 1198 δὲ
1710 1171 1839 1207 σημαίνει

1053 1219 1099 1246 τοῦ
1112 1218 1289 1253 Μονογενοῢς,
1306 1219 1343 1246 Σὺ
1356 1216 1402 1245 οὖν
1418 1218 1509 1250 αὐτὸς,
1523 1218 1613 1253 φησὶν,
1636 1214 1659 1243 ὧ
1669 1217 1810 1247 Δέσποτα.
1824 1217 1838 1242 ὁ

1053 1265 1099 1292 νῦν
1113 1266 1152 1296 είς
1165 1265 1244 1292 τοῦτο
1259 1264 1350 1300 ὥσπερ
1363 1264 1410 1290 ἐπὶ
1421 1262 1574 1290 δικαστικοῦ
1591 1262 1685 1298 θρόνου
1709 1261 1836 1292 καθίσας,

1053 1312 1093 1342 εἰς
1108 1311 1138 1337 τὸ
1149 1310 1251 1345 κρίνειν
1264 1310 1384 1345 δηλονότι
1399 1310 1446 1336 καὶ
1455 1309 1571 1336 ἐκδικεῖν
1585 1309 1674 1344 ἡμᾶς,
1703 1307 1838 1342 ὑπάρχεις

1053 1358 1067 1383 ὀ
1079 1356 1132 1392 προ
1143 1356 1196 1383 τῶν
1213 1355 1316 1382 αἰώνων
1331 1355 1405 1387 Θεός.

1095 1402 1227 1436 Ἐπῆραν
1241 1403 1267 1428 οι
1283 1401 1418 1436 ποταμοί,
1434 1401 1532 1434 Κύριε,
1546 1399 1661 1434 ἐπῆραν
1671 1401 1698 1427 ot
1711 1397 1838 1433 ποταμοί

1054 1449 1154 1483 φωνὰς
1166 1447 1274 1475 αὐτῶν.
1291 1447 1432 1483 Ποταμοὺς
1446 1446 1562 1474 ἐνταῦθα
1576 1447 1638 1476 τοὺς
1658 1445 1754 1479 ἁγίους
1771 1446 1837 1471 ἀπο-

1055 1493 1162 1525 στόλους
1175 1493 1222 1520 καὶ
1231 1492 1424 1527 εὐαγγελιστάς
1437 1500 1529 1527 φησιν,
1543 1492 1567 1518 οἳ
1583 1492 1630 1518 καὶ
1643 1491 1692 1526 τὴν
1707 1490 1754 1517 τοῦ
1771 1490 1836 1517 Θεοῦ

1061 1539 1221 1575 Ἐκκλησίαν
1231 1540 1286 1569 τοῖς
1301 1531 1493 1573 πνευματικοῖς
1507 1537 1697 1572 κατεύφραναν
1708 1536 1836 1571 νάμασιν.

1054 1587 1165 1621 Εἴρηται
1175 1585 1229 1620 γὰρ
1243 1585 1311 1620 πρὸς
1321 1584 1432 1616 αὐτούς·
1450 1583 1578 1618 Ποταμοῖ
1598 1583 1633 1610 ἐκ
1649 1582 1714 1618 τῆςι
1721 1583 1836 1615 κοιλίας

1053 1631 1145 1658 αὑτοῦ
1151 1631 1318 1665 ῥεύσουσιν
1328 1630 1437 1662 ὓδατος
1449 1629 1564 1661 ζῶντος.

1089 1676 1258 1710 Θαυμαστοί
1278 1677 1305 1703 al
1322 1675 1514 1710 μετεωρισμοὶ
1535 1674 1590 1708 τῆς
1603 1674 1773 1707 θαλάσσης.
1803 1675 1835 1701 Δί

1053 1723 1158 1754 πολλαὶ,
1182 1722 1266 1758 φησι,
1292 1721 1489 1757 μυσταγωγίαι,
1506 1721 1552 1747 καὶ
1577 1720 1612 1746 τὰ
1638 1721 1760 1755 νοήματα
1781 1720 1836 1746 τιῖιν

1052 1767 1206 1794 ἀποστόλων
1228 1767 1276 1794 καὶ
1305 1766 1503 1801 εὐαγγελιστῶν
1519 1766 1643 1801 νάματα,
1662 1765 1836 1800 Θαυμαοτοὺς

1053 1813 1184 1847 πεποίηκε
1195 1812 1244 1847 τῆς
1259 1811 1398 1846 Θαλάσσης
1409 1811 1471 1842 τοὺς
1492 1809 1706 1845 μετεωρισμούς.
1726 1809 1833 1836 Θάλασ-

1053 1867 1102 1884 σαν
1114 1857 1142 1884 δὲ
1157 1857 1230 1891 λέγει
1243 1857 1296 1883 τῶν
1309 1856 1392 1883 ὲθνῶν
1399 1856 1453 1883 τῶν
1467 1856 1668 1882 πιστευσάντων
1681 1855 1715 1882 τὰ
1732 1855 1832 1892 πλήθη,

1050 1901 1087 1930 ὧν
1102 1904 1149 1931 καὶ
1165 1905 1188 1930 οἱ
1219 1903 1419 1939 μετεωρισμοὶ,
1440 1902 1577 1929 τουτέστιν
1603 1902 1631 1928 αἱ
1648 1902 1766 1937 ύψώσεις
1787 1902 1833 1929 τοῦ

1051 1950 1233 1985 φρονήματος,
1248 1949 1403 1984 θαυμασταὶ
1415 1948 1566 1983 γεγόνασιν.
1592 1949 1690 1975 Οὐκέτι
1710 1948 1765 1984 γὰρ
1790 1957 1835 1984 μι-

1050 1996 1104 2032 κρά
1117 1996 1163 2023 καὶ
1186 1996 1302 2023 ταπεινά
1316 1995 1443 2032 φρονοῦσι
1463 1996 1526 2031 περὶ
1540 1995 1618 2027 Θεοῦ,
1643 1995 1711 2022 ἀλλὰ
1727 1996 1833 2031 μεγάλα

1050 2042 1097 2069 καὶ
1110 2042 1262 2077 θαυμαστά.

1087 2089 1125 2115 Τὰ
1135 2088 1281 2123 μαρτύριά
1302 2097 1360 2115 σου
1370 2087 1580 2121 ἐπιστώθησαν
1596 2087 1724 2122 σφόδρα.
1751 2089 1831 2124 Μαρ-

1049 2135 1128 2171 τύρια
1146 2136 1195 2167 τὰς
1206 2134 1370 2169 ἐπαγγελίας
1387 2134 1468 2169 φησὶν
1486 2133 1518 2165 ἃς
1541 2133 1585 2160 διὰ
1598 2134 1651 2160 τῶν
1663 2133 1747 2167 ἁγίων
1765 2142 1832 2169 προ-

1050 2181 1140 2216 φητῶν
1156 2182 1211 2213 τοῖς
1225 2180 1328 2207 ἔθνεσιν
1346 2180 1526 2215 ἐπηγγείλατο
1538 2201 1545 2212 ,
1560 2179 1592 2211 ἃς
1613 2180 1660 2206 καὶ
1677 2179 1776 2211 πιστὰς
1788 2180 1831 2206 ἐπ’

1049 2228 1169 2263 ἐσχάτων
1182 2227 1335 2260 ἐπεδείξατο
1347 2226 1400 2253 τῶν
1414 2226 1534 2264 ἡμερῶν,
1548 2227 1581 2261 τῇ
1591 2226 1680 2261 οἰκείᾳ
1694 2226 1832 2261 παρουσίᾳ

1047 2275 1121 2310 ἔργῳ
1135 2273 1255 2310 πληρῶν.
1277 2272 1318 2305 Τῷ
1333 2273 1405 2304 οἴκῳ
1417 2280 1474 2298 σου
1493 2271 1598 2305 πρέπει
1617 2271 1760 2305 ἀγίασμα,
1772 2271 1831 2299 Κύ-

217 2310 336 2338 Ecclesia
359 2316 416 2346 est,
436 2312 479 2339 cui
495 2313 622 2339 convenit
639 2314 711 2348 quod
726 2315 761 2341 sit
776 2321 880 2349 sancta,
896 2318 998 2352 quippe

1066 2329 1099 2347 Is.
1127 2317 1207 2351 Οἶκος
1233 2319 1281 2354 μὲν
1295 2317 1376 2345 αὐτοῦ
1395 2318 1411 2353 ἡ
1432 2316 1587 2353 Ἐκκλησία,
1607 2316 1705 2352 πρέπει
1718 2316 1740 2342 δ’
1755 2316 1833 2361 αὐτῇ.

217 2364 278 2390 qum
300 2364 362 2383 eum
388 2357 585 2387 inhabitautem
615 2358 771 2394 habeatqui
788 2361 862 2388 solus
885 2368 997 2391 sanctus

216 2407 276 2434 est;
290 2409 351 2429 cum
363 2406 452 2429 autem
464 2402 491 2429 id
506 2402 606 2430 factum
624 2404 715 2437 fuerit,
733 2410 811 2433 nacta
829 2409 995 2442 perpetuita-

217 2452 270 2475 tem
286 2448 500 2476 sanctiﬁcatione
515 2448 628 2477 fruetur.

253 2492 421 2522 PSALMUS
435 2494 531 2527 David,
544 2501 639 2530 quarta
656 2495 838 2528 Sabbalorum.
848 2497 958 2527 XCIII.

506 2541 704 2576 Argumentum.

216 2585 255 2620 De
270 2586 438 2621 providentia
459 2587 503 2614 hic
515 2595 666 2615 sermonem
685 2589 774 2622 habet,
792 2590 893 2619 docens
909 2596 938 2619 ut
961 2600 995 2620 ne

251 2633 324 2660 anxii
358 2633 460 2664 simus,
490 2641 578 2669 neque
604 2634 724 2662 animum
753 2636 993 2671 despondeamus,

250 2678 357 2706 etiamsi
377 2678 410 2705 ad
424 2678 560 2712 quoddam
578 2680 707 2714 temporis
727 2681 842 2715 spatium
857 2684 994 2718 peccanti-

251 2725 302 2756 bus
326 2725 504 2759 prosperitas,
525 2724 576 2759 piis
603 2726 755 2759 persecutio
779 2729 892 2756 eveniat.
922 2728 994 2756 Nihil

254 2809 301 2844 ιιι
318 2811 381 2844 Cor.
399 2819 444 2846 xv,
459 2812 503 2839 25.
534 2811 554 2827 “
567 2810 644 2838 Joau.
662 2820 696 2839 vn
713 2832 719 2843 ,
740 2812 783 2838 5%.

1046 2365 1076 2391 τὸ
1091 2365 1156 2398 ἁγία
1168 2365 1248 2395 εἶναι,
1261 2363 1308 2390 an
1319 2363 1364 2390 τὸν
1376 2363 1455 2398 μόνον
1468 2363 1543 2396 ἇγιον
1552 2362 1650 2396 ἔχουσα
1662 2360 1829 2388 ἐνοικοῦνταν

1046 2410 1156 2437 ἐπειδὰν
1169 2410 1197 2436 δὲ
1211 2410 1289 2436 τοῦτο
1303 2410 1425 2444 γένηται,
1446 2408 1493 2435 καὶ
1510 2407 1688 2442 ἀτελευτήτου
1711 2406 1830 2441 μεταλα-

1046 2458 1129 2484 ϐοῦσα
1142 2458 1288 2484 ἀπολαύσει
1299 2458 1344 2484 τοῦ
1359 2458 1536 2491 ἀγιάσματος.

1101 2504 1254 2531 ΨΑΛΜΟΣ
1267 2502 1306 2536 τῷ
1315 2503 1403 2529 Δαυτὸ
1414 2502 1532 2536 τετράδι·
1540 2500 1704 2528 Σαϐϐἁτων.
1717 2501 1774 2534 L_l".

1355 2549 1517 2580 Ύπόθεσις.

1045 2595 1096 2621 Τὸν
1114 2595 1177 2629 περὶ
1189 2595 1315 2629 προνοίας
1332 2596 1360 2621 ἐν
1371 2594 1457 2629 τούτῳ
1472 2594 1576 2628 εἰσάγει
1593 2593 1681 2626 λόγον,
1692 2591 1826 2620 διδάσκων

1081 2640 1118 2676 μὴ
1144 2640 1280 2667 θλίϐεσθαι
1295 2641 1341 2667 καὶ
1357 2641 1509 2676 ἀδημονεῖν,
1522 2639 1571 2667 κᾶν
1591 2641 1615 2665 εί.
1641 2639 1709 2674 πρὸς
1731 2641 1823 2675 καιρὸν

1079 2687 1183 2720 γένοιτο
1196 2687 1243 2713 καὶ
1256 2688 1311 2719 τοῖς
1330 2688 1529 2722 ἁμαρτάνουσιν
1547 2686 1691 2721 εὐημερία,
1711 2685 1759 2712 καὶ
1771 2688 1824 2716 τοῖς

1080 2733 1200 2759 εὐσεϐέσι
1216 2733 1343 2768 διωγμὸς.
1357 2733 1439 2759 Οὐδὲν
1449 2732 1504 2768 γὰρ
1516 2732 1618 2759 τούτων
1634 2730 1764 2762 ὡσαύτως
1779 2730 1821 2766 μέμ
