1891 3061
40 111 88 141 409

70 177 118 202 νει,
129 168 195 196 ἀλλά
208 167 396 204 μεταϐαλεῖται
407 174 414 182 ·
428 167 483 198 τοῖς
499 167 548 202 μὲν
561 169 578 203 ἡ
592 167 681 202 θλίψις
694 169 735 200 εἰς
744 168 810 198 αἰὼ-
825 173 849 201 Α

70 223 121 243 νιον
136 215 280 242 ἀπόλαυσιν
294 213 402 246 ἀγαθῶν
412 233 419 245 ,
433 215 488 245 τοῖς
496 213 524 239 δὲ
537 214 606 248 μετὰ
622 215 653 240 τὸ
670 215 764 241 δοκοῦν
776 216 811 242 τὰ

70 260 170 296 χρηστὰ
187 260 225 291 εἰς
244 259 438 294 ἁτελευτήτους
461 259 562 291 αἰῶνας
581 261 597 296 ἡ
621 260 743 292 κόλασις.
763 262 812 288 Te-

70 305 157 340 τράδα
168 305 194 331 δὲ
208 304 364 332 Σαόϐἁτων
377 304 578 340 ἐπιγέγραπται
588 325 596 338 ,
623 305 668 332 διὰ
683 306 714 332 τὸ
728 307 757 333 ὲν
772 306 810 342 τῷ

70 350 183 385 τετάρτῳ
202 350 281 385 μηνί·
306 349 367 377 ἀντὶ
394 349 449 385 γὰρ
472 350 518 376 τοῦ
536 351 619 387 μηνὸς
635 350 683 386 τὴν
704 352 810 387 ἡμέραν

69 395 182 422 τέθεικεν
196 396 225 422 ὲν
275 396 308 430 τῇ
323 394 370 422 τοῦ
385 395 454 421 Θεοῦ
471 396 547 422 πόλει
570 397 619 432 τὴν
635 397 722 432 ἀρχὴν
735 398 810 432 γενέ-

69 441 126 468 σθαι
135 441 186 467 τῶν
200 440 360 476 συμφορῶν,
377 441 406 467 ἐν
431 441 518 477 τούτῳ
539 443 809 478 ἐπιστρατευσάντων

68 485 244 517 Βαϐυλωνίων,
254 485 292 517 ὡς
309 485 441 520 Ἱερεμίας
456 487 568 522 ἱστορεῖ.

67 575 132 608 Θεὸς
150 575 330 617 sudarit/rso”
359 576 476 609 Κύριος,
494 577 510 602 ό
531 575 603 609 Θεὸς
624 575 809 608 mammam-

38 621 277 655 ὲπαρῤησιάσατο.
300 621 405 657 Ὠσπερ
427 621 494 653 Θεὸς
509 621 657 656 οἰκτίρμων
676 623 743 653 εστὶ,
762 623 808 648 καὶ

38 666 96 697 Θεὸς
108 666 309 702 παρακλήσεων,
325 667 395 693 οὕτω
406 667 452 693 καὶ
466 665 532 698 Θεὸς
547 666 724 702 ὲκδικήσεων.
753 667 809 693 Καὶ

38 712 119 743 πάλιν,
144 712 220 738 τοῦτο
236 712 265 739 δὲ
279 713 309 739 ἐν
337 712 471 748 προοιμίῳ
493 711 666 748 παραμυθίαν
689 712 808 748 μεγάλην

38 759 84 788 τοῖς
97 758 126 784 ὲκ
135 757 186 783 τῶν
203 757 318 793 θλίψεων
331 758 509 794 ὰκηδιάσασιν
523 758 753 795 ἀπεργαζόμενος.
772 759 808 786 Τὸ

37 804 62 830 δὲ
71 823 77 835 ,
91 803 326 838 ἐπαρρησιάσατο
336 825 343 838 ,
364 804 413 840 τὴν
427 804 496 840 μετὰ
511 804 597 830 ταῦτα
608 804 654 831 επὶ
672 804 720 831 τοῦ
735 804 806 831 θείου

35 849 193 885 δικαστηρίου
211 850 360 885 γενομένην
385 850 522 884 ἀπόφασιν
541 849 612 876 κατὰ
628 850 682 877 τῶν
701 850 807 877 ἀσεϐῶν
822 858 843 886 Β

36 895 109 930 δηλοῖ,
127 893 232 932 ᾖφησι·
247 896 415 930 Πορεύεσθε
426 895 476 923 ἀπ’
499 895 582 930 ἐμοῦ,
598 897 624 922 al
641 896 804 931 κατηραμέ-

37 949 86 967 νοι.

70 986 179 1020 Ἀπόδος
193 986 401 1015 ἀνταπόδοσιν
430 987 492 1020 τοῖς
514 987 727 1023 ὑπερηφάνοις.
751 988 804 1014 Εὐ-

36 1031 77 1066 χὴν
89 1032 153 1068 ὑπὲρ
165 1032 218 1059 τῶν
231 1031 398 1066 θλιϐομένων
419 1031 576 1067 ἀναπέμπει
587 1052 593 1064 ,
617 1031 699 1058 αἰτῶν
715 1031 805 1063 αὐτοῖς

36 1078 176 1113 ἐπικουρίαν
189 1077 240 1113 τὴν
261 1077 337 1113 παρὰ
347 1077 394 1103 τοῦ
410 1077 489 1112 μόνου
505 1077 640 1112 ἰσχύοντος
655 1077 732 1104 Θεοῦ.

65 1124 133 1156 Ἕως
145 1123 215 1150 πότε
230 1123 401 1158 ἀμαρτωλοί
416 1122 641 1157 καυχήσονται;
665 1123 720 1158 Τὴν
740 1132 805 1158 σφο-

35 1169 90 1203 δρὰν
115 1169 313 1205 ἁμνησικακίαν
335 1169 383 1196 καὶ
404 1168 624 1204 ὑπερϐάλλουσαν
643 1169 687 1196 διὰ
702 1169 804 1196 τούτων

35 1216 216 1251 κατασημαίνει
230 1215 280 1242 τοῦ
291 1214 369 1242 Θεοῦ.

65 1260 115 1288 Τὸν
125 1262 198 1289 λαόν
208 1270 280 1293 σου,
302 1261 388 1295 Κίφιε
399 1281 406 1293 ,
423 1260 639 1288 ἐταπείνωσαν.
659 1262 706 1293 Εἰς
724 1261 803 1297 ζῆλον

34 1306 71 1332 τὸν
84 1306 148 1333 κατὰ
162 1306 215 1333 τῶν
225 1306 332 1342 ἐχθρῶν
348 1307 475 1342 διεγείρει
491 1307 537 1334 τὸν
548 1307 624 1340 Θεὸν,
644 1307 707 1334 λαὸν
721 1308 802 1334 αὑτοῦ

35 1352 72 1378 καὶ
88 1352 263 1388 κληρονομίαν
278 1351 346 1379 εἰναι
365 1352 450 1386 λέγων
472 1351 521 1388 τὴν
541 1353 712 1389 κακουμένην
729 1354 803 1390 παρὰ

36 1398 79 1424 τῶν
92 1398 200 1434 ἐχθρῶν.

63 1443 153 1478 Χήραν
167 1443 214 1471 καί
226 1444 362 1479 ὀρφανὸν
373 1444 560 1471 ἀπέκτειναν.
573 1445 681 1472 Τούτων
696 1445 802 1482 εἴρηται

34 1489 47 1524 ἡ
62 1490 180 1524 ἑρμηνεία
194 1490 222 1516 ὲν
236 1489 278 1525 τῷ
293 1489 421 1526 ἀνωτέρῳ
440 1489 533 1525 στίχῳ,
552 1490 626 1525 ὅμως
642 1489 801 1525 λεχθήσεται

34 1536 73 1561 καὶ
84 1533 163 1568 αὖθις.
177 1536 274 1572 Χήραν
289 1535 378 1571 ψυχὴν
400 1536 448 1562 καὶ
465 1535 634 1572 προσήλυτον
655 1534 717 1562 νοῦν
736 1535 802 1562 ἀπο·
815 1542 838 1572 C

34 1581 238 1614 κτείνειόκακῶς
257 1581 306 1613 τὰς
321 1581 396 1611 θείας
409 1580 519 1616 Γραφὰς
535 1580 726 1616 ἐξηγούμενος.
741 1580 802 1615 Ὀρ-

34 1627 103 1660 pavo;
111 1627 138 1654 δέ
147 1627 203 1653 ἐστι
218 1627 283 1658 νοῦς
296 1627 477 1662 ἐστερημένος
490 1627 616 1662 οὐρανίου
630 1625 748 1661 Πατρός.

63 1725 156 1760 Κίφιος
166 1725 303 1760 γινώσκει
314 1724 384 1758 τοὺς
393 1724 608 1760 διαλογισμοὺς
619 1724 679 1751 τῶν
692 1723 803 1759 ἀνθρώ·

33 1776 95 1801 πων,
110 1770 151 1797 ὅτι
169 1771 226 1798 alat
248 1770 378 1805 μάταιοι.
396 1770 458 1802 Πῶς
476 1769 530 1805 γὰρ
553 1769 602 1797 οῦκ
619 1770 673 1796 εἰσι
691 1769 803 1805 ματαιό-

32 1823 99 1852 τητος
113 1817 221 1854 πλήρεις
231 1817 264 1844 αἱ
276 1816 417 1852 αἰσθήσεις
428 1817 530 1843 ἐκεῖναι
540 1836 547 1848 ,
564 1817 591 1843 αἱ
607 1816 657 1851 τῆς
675 1816 803 1852 προνοίας

32 1862 58 1889 τὺ
69 1863 194 1899 ὠφέλιμον
207 1863 342 1899 ἐξορίζειν
354 1861 543 1898 ὲπιχειροῦσαι
555 1861 602 1888 τοῦ
617 1862 714 1896 λόγους

62 1909 198 1944 Μακάριος
211 1909 367 1943 ἅνθρωπος
385 1908 422 1934 ὃν
440 1907 479 1934 ἂν
502 1907 680 1941 παιδεύσῃς,
703 1907 800 1942 Κύριε.

40 1955 135 1982 Ἐκεῖνοι
146 1956 193 1991 μὲν
204 1955 290 1983 ἄθλιοι
299 1955 346 1981 καὶ
355 1954 486 1986 ταπεινοὶ,
497 1955 589 1990 φησὶν,
599 1955 624 1981 οι
636 1954 687 1990 τὴν
701 1954 751 1990 σὴν
764 1954 801 1990 μὴ

33 1999 153 2036 δεχόμενοι
165 2001 299 2028 παιδείαν.
311 2000 448 2036 Μακάριοι
461 2000 490 2026 δὲ
502 2001 527 2027 οἰ
539 2000 616 2036 παρὰ
630 2000 679 2027 σοῦ
693 2000 801 2027 παιδευ-

33 2046 120 2079 θέντες,
135 2048 180 2075 καὶ
198 2049 230 2075 ὲκ
243 2047 291 2074 τοῦ
310 2047 358 2073 σοῦ
370 2046 538 2082 διδαχθέντες
548 2047 641 2082 νόμον.
656 2043 736 2074 Οὗτοι
747 2046 801 2082 γὰρ

33 2091 59 2126 δὴ
70 2094 110 2119 καὶ
127 2094 154 2120 ὲν
167 2095 227 2126 ταῖς
242 2093 349 2128 θλίψεσι
373 2093 556 2128 πραϋνθέντες
575 2093 800 2128 κουφισθήσονται

34 2137 77 2163 τῶν
88 2138 208 2175 ἀνιαρῶν,
225 2139 335 2170 εἰδότες,
353 2138 393 2164 ὄτι
411 2138 438 2164 αἱ
453 2137 558 2173 θλίψεις
583 2138 622 2169 είς
640 2137 741 2172 ἀγαθὸν
754 2147 800 2164 τε-

33 2181 146 2211 λευτῶσαι
159 2185 330 2220 ὲκϐήσονται.
356 2184 476 2220 Ἡμέρας
493 2184 614 2219 πονηρὰς
633 2183 683 2216 τὰς
694 2184 800 2220 ἡμέρας

33 2228 72 2263 *ἧς
82 2231 188 2265 κρίσεως
203 2231 288 2265 λέγει.

61 2274 129 2307 Ἕως
144 2274 179 2303 οὗ
203 2274 303 2310 ὠρυγῇ
322 2274 362 2307 τῷ
378 2273 540 2309 ἁμαρτωλῷ
563 2274 683 2308 βόθρος.
707 2274 796 2310 Μέχρι

33 2319 151 2352 τοσούτου,
167 2322 259 2357 φησιν,
271 2322 294 2348 οἰ
310 2320 499 2352 παιδευθέντες
515 2319 681 2355 θαρροῦντες
700 2320 798 2354 ὑπομε-

33 2364 96 2391 νοῦσι
108 2366 153 2398 τὰς
167 2367 279 2402 θλίψεις,
293 2367 398 2402 μέχρις
421 2364 458 2394 οὗ
475 2365 514 2398 τῷ
528 2366 689 2400 ἁμαρτωλῷ
698 2365 797 2401 ὠρυγῇ

31 2409 135 2445 βόθρος.
146 2414 292 2445 τουτέστιν,
319 2414 358 2443 εἰς
379 2413 408 2439 τὸ
419 2411 617 2448 ἡτοιμασμένον
632 2411 704 2446 αὐτῷ
719 2412 798 2438 κολα-

34 2457 126 2491 στήριον
140 2460 153 2485 ὁ
162 2459 320 2495 ἁμαρτωλδς
334 2459 438 2494 βαδίσῃ.
458 2457 631 2494 Ἀμαρτωλὸν
641 2458 669 2484 δὲ
682 2459 726 2484 τὸν
747 2459 798 2484 Ea.

33 2502 103 2528 τανᾶν
117 2511 205 2539 φησιν,
218 2505 276 2540 ἢτοι
288 2506 377 2532 πᾶσαν
393 2504 580 2539 ἀντικειμένην
592 2504 716 2540 δύναμιν.

61 2547 118 2575 ὀτι
139 2552 192 2577 οὐκ
218 2551 366 2578 ἀπώσεται
383 2551 489 2585 Κύριος
513 2550 567 2577 τὸν
592 2550 669 2578 λαὸν
690 2551 783 2577 αὐτοῦ

33 2591 104 2620 Τοῦτο
114 2595 211 2624 ἐκείνου
225 2597 257 2624 ἂν
268 2597 310 2632 εἴη
326 2597 451 2628 ἀπόδοσις
468 2596 514 2622 τοῦ
534 2597 679 2632 εἰρημένου
698 2597 726 2623 ὲν
740 2598 793 2628 τοῖς

32 2635 160 2673 ἀνωτέρω’
177 2641 231 2667 Τὸν
244 2643 319 2669 .Iao'r
330 2649 398 2673 σου,
414 2642 510 2675 Κύριε,
528 2641 732 2668 ἐταπείνωσαν
746 2641 794 2668 καὶ

33 2679 80 2712 τὴν
95 2685 288 2721 κληρονομίαν
308 2695 366 2715 σου
384 2687 550 2714 ἐκάκωσαν.
574 2687 629 2713 Καὶ
648 2686 705 2720 τὴν
722 2689 794 2720 κλη-

31 2729 158 2761 ρονομίαν
167 2732 256 2759 αὐτοῦ
275 2734 330 2760 οὐκ
348 2732 566 2767 ἐγκαταλείψει.
583 2731 668 2759 Τοῦτο
681 2732 725 2758 τοῦ
741 2732 796 2759 ἅνω

59 2813 78 2827 ⁸⁷
99 2814 186 2843 Matth.
208 2824 268 2849 xxv,
284 2817 326 2845 Il.
367 2817 388 2834 ⁸⁸
402 2824 472 2844 vers.
489 2816 514 2843 ε.

577 110 760 140 ΕΧΡΟδΙΤΙΟ
779 112 812 139 IN
831 113 996 141 PSALMUM
1017 112 1109 141 XCIII.

1592 115 1644 142 ιιο

896 178 992 198 eorum
1009 171 1110 206 quippe
1123 170 1218 198 eadem
1238 170 1394 198 conditione
1405 174 1506 202 manet,
1521 171 1568 199 sed
1583 180 1644 200 mu-

897 222 970 244 tatur
983 227 989 244 :
1006 218 1048 246 his
1063 217 1184 252 quidem,
1204 217 1329 251 angustia
1343 217 1368 243 in
1387 222 1544 252 perpetuam
1557 218 1644 246 bono-

897 271 957 290 rum
974 264 1193 298 possessionem;
1208 263 1262 290 illis
1273 268 1363 290 autcm
1378 271 1427 298 pro
1440 263 1519 291 bonis
1531 272 1591 298 qua:
1606 265 1644 291 ri.

895 309 1030 337 dabantur
1045 310 1155 341 habere,
1174 309 1337 344 supplicium
1366 309 1393 336 in
1407 310 1512 338 inﬁnita
1533 311 1642 338 saecula.

897 354 1000 387 Quarta
1023 359 1111 382 autem
1137 353 1313 381 Sabbatorum
1337 355 1485 389 inscriptus
1504 360 1546 382 est
1570 356 1643 390 psal-

895 407 956 427 mus
968 419 975 431 ,
1005 399 1069 434 quia
1087 404 1185 434 quarto
1202 407 1297 426 mense
1320 399 1433 434 contigit
1452 400 1512 433 (die
1540 401 1643 428 scilicet

895 453 944 480 pro
959 452 1052 472 mense
1068 445 1180 479 posito),
1195 449 1225 471 ut
1239 445 1340 471 civitati
1354 444 1401 471 Dei
1414 445 1520 472 initium
1532 446 1643 473 calami-

896 494 980 516 tatum
997 489 1109 520 veniret.
1125 489 1314 517 obsidentibus
1326 489 1491 525 Babyloniis,
1505 495 1535 518 ut
1549 499 1642 520 narrat

893 534 1035 562 Jeremias.

889 581 915 608 1.
929 580 997 607 Deus
1010 581 1140 607 ultionum
1155 579 1283 607 Dominus
1295 599 1303 611 ,
1319 579 1388 607 Deus
1411 580 1543 607 ultionum
1561 581 1642 609 libere

858 628 919 662 egit.
942 626 1178 660 Quemadmodum
1207 632 1249 654 est
1273 626 1344 654 Deus
1367 627 1586 660 miserationum,
1616 635 1641 656 et

859 673 930 701 Deus
951 673 1181 703 eonsolationutn,
1199 673 1234 699 ita
1262 677 1289 700 et
1318 672 1389 700 Deus
1415 673 1558 700 ultionum.
1585 674 1642 702 Hoc

858 723 949 746 autem
966 719 992 746 in
1005 718 1138 754 prommio
1157 718 1276 752 positum
1291 725 1416 752 magnam
1432 719 1464 746 iis
1475 720 1640 747 consolatio-

858 772 919 792 nem
943 764 1021 792 all‘ert
1041 764 1087 800 qui
1103 764 1128 791 vi
1154 764 1338 790 calamitatum
1361 764 1387 790 in
1410 772 1537 799 angorem
1555 766 1641 800 conji-

857 809 977 838 ciuntur.
1006 810 1073 837 Illud
1089 814 1178 837 autem
1198 819 1204 836 :
1225 809 1317 836 Libere
1340 809 1403 844 egit.
1425 810 1586 838 sententiam
1613 812 1640 838 in

857 855 949 883 divino
966 855 1095 882 tribunali
1112 859 1206 882 contra
1223 855 1322 890 impios
1339 861 1432 890 postea
1451 855 1589 884 ferendam
1603 858 1640 885 si-

855 899 1036 936 gniﬁcat,qua
1050 900 1089 927 ait
1105 908 1111 925 :
1129 899 1258 926 Discedite
1270 909 1286 926 a
1303 908 1352 932 me,
1369 900 1503 928 maledicti
1518 901 1550 928 ⁸⁷.

890 990 918 1017 2.
936 989 1024 1017 Redde
1040 989 1236 1016 retributionem
1249 990 1376 1024 superbis.
1395 990 1446 1018 Pro
1461 990 1565 1018 alllictis
1578 999 1640 1026 pre-

854 1041 943 1069 catur,
960 1044 1060 1072 rogans
1073 1044 1113 1063 ets
1132 1036 1264 1063 auxilium
1285 1044 1300 1063 a
1320 1036 1376 1064 Deo
1398 1037 1444 1071 qui
1469 1037 1544 1064 solus
1568 1037 1640 1065 valet

854 1090 933 1117 opem
947 1082 1028 1109 ferre.

891 1129 917 1156 5.
935 1130 1068 1164 Usquequo
1090 1134 1237 1164 peccatores
1263 1130 1467 1165 gloriabuntur?
1496 1129 1575 1157 Hisce
1597 1131 1637 1157 in-

854 1180 961 1210 gentem
979 1174 1026 1201 Dci
1051 1175 1222 1202 clementiam
1246 1181 1273 1202 et
1294 1175 1455 1210 iniuriarum
1472 1175 1636 1202 oblivionem

854 1219 998 1255 signiﬁcat.

890 1265 916 1292 5.
940 1264 1072 1299 Populum
1104 1270 1188 1298 tuum,
1218 1264 1338 1298 Domine,
1359 1266 1570 1293 Itumiliaverunt.
1597 1266 1636 1293 Ad

854 1311 922 1338 iram
941 1311 1072 1338 adversus
1100 1310 1226 1339 ininiieos
1252 1311 1340 1338 Deum
1366 1312 1495 1345 concitat,
1512 1311 1576 1339 dum
1599 1314 1638 1339 ait

853 1357 982 1392 populum
997 1361 1024 1384 et
1040 1357 1224 1384 hareditatem
1237 1357 1297 1393 ejus
1311 1365 1371 1385 esse
1386 1365 1447 1392 qua:
1463 1357 1590 1392 allligitur
1603 1357 1637 1384 ab

853 1403 981 1430 inimicis.

888 1450 916 1477 6.
938 1448 1048 1476 Viduam
1060 1454 1086 1476 et
1107 1450 1234 1476 advenam
1257 1449 1454 1483 interfecerunt.
1472 1448 1574 1476 Horum
1596 1449 1637 1476 in-

853 1496 1011 1530 terpretatio
1032 1495 1114 1523 allata
1131 1499 1174 1523 est
1193 1496 1221 1522 in
1244 1496 1378 1530 superiori
1403 1503 1496 1529 versu,
1516 1502 1638 1524 attamen

853 1542 935 1569 etiam
953 1550 1026 1569 nunc
1047 1542 1166 1569 dabitur.
1181 1541 1296 1569 Viduam
1316 1543 1434 1569 animam
1459 1547 1486 1569 et
1503 1543 1637 1570 advenam

852 1592 970 1616 mentem
983 1587 1120 1620 interﬁcit,
1137 1589 1183 1623 qui
1200 1595 1282 1622 prave
1293 1587 1399 1615 divinas
1421 1587 1576 1623 Scripturas
1592 1589 1637 1616 in-

853 1639 1028 1669 terpretatur.
1046 1633 1171 1669 Pupillus
1186 1638 1277 1661 autem
1297 1639 1338 1661 est
1351 1634 1459 1661 animus
1471 1634 1573 1661 cmlesti
1590 1634 1637 1661 Pa-

852 1685 893 1707 tre
907 1681 1038 1714 privatus.

889 1725 931 1753 ll.
947 1726 1075 1752 Dominus
1086 1726 1135 1753 scit
1154 1725 1323 1760 cogitationes
1339 1726 1488 1757 hominum,
1511 1726 1636 1760 quoniam

852 1780 926 1799 venit
938 1776 1009 1798 sunt.
1023 1771 1166 1804 Quomodo
1179 1777 1268 1799 autent
1281 1779 1335 1798 non
1347 1776 1410 1799 sunt
1423 1772 1542 1798 vanitate
1551 1771 1636 1806 plenae

852 1818 1032 1854 cogitationes
1049 1817 1112 1849 illae,
1125 1825 1186 1852 qua:
1205 1817 1381 1852 providentiae
1397 1818 1541 1845 utilitatem
1556 1825 1636 1852 repu-

851 1864 927 1891 diare
937 1863 1046 1891 student
1059 1870 1074 1889 a
1086 1863 1230 1890 sermone?

886 1910 930 1938 19.
954 1909 1052 1937 Beatus
1075 1910 1151 1936 homo
1172 1917 1246 1944 quem
1257 1914 1285 1935 tu
1298 1908 1436 1942 erudieris,
1454 1909 1572 1936 Domine.
1583 1907 1634 1938 Hii.

852 1957 952 1991 inquit,
971 1955 1064 1982 miseri
1090 1959 1117 1982 et
1132 1955 1242 1989 abjecti,
1269 1955 1317 1989 qui
1337 1959 1410 1982 tuam
1436 1955 1635 1983 institutionem

852 2011 906 2030 non
921 2001 1079 2029 admittunt.
1091 1999 1165 2028 Beati
1179 2005 1268 2027 autem
1281 2004 1345 2027 sunt
1361 2000 1408 2035 qui
1431 2009 1446 2027 a
1467 2004 1492 2027 te
1505 2000 1635 2027 erudiun-

852 2053 906 2080 tur,
921 2052 948 2076 et
959 2055 993 2075 ex
1007 2052 1051 2074 tua
1065 2047 1122 2082 lege
1137 2047 1295 2074 edocentur.
1314 2047 1354 2074 Illi
1365 2048 1440 2074 enim
1463 2047 1490 2074 in
1504 2047 1635 2075 aerumnis

852 2094 1051 2121 mansuetiores
1072 2093 1159 2121 eﬂecti
1173 2113 1180 2126 ,
1199 2093 1362 2120 levabuntur
1386 2093 1531 2126 molestiis,
1557 2094 1635 2128 gnari

852 2140 1041 2168 tribulationes
1057 2139 1118 2166 illas
1132 2139 1240 2166 tandem
1256 2139 1283 2166 in
1298 2139 1400 2166 bonum
1419 2146 1556 2167 cessuras.
1572 2139 1635 2167 Dies

852 2186 940 2214 malos
951 2185 1016 2213 dicit
1031 2185 1089 2212 dies
1101 2184 1208 2219 judicii.

887 2274 929 2302 l5.
943 2273 1028 2299 Donec
1038 2272 1156 2306 fodiatur
1166 2271 1296 2305 pet-calori
1312 2270 1395 2305 fovea.
1417 2270 1573 2306 IIucusque,
1594 2271 1634 2298 in-

849 2320 918 2355 quit,
933 2320 979 2354 qui
989 2318 1152 2346 erudiuntur
1163 2326 1224 2345 cum
1242 2318 1340 2344 ﬁducia
1356 2325 1493 2345 atrumnas
1505 2318 1632 2350 tolerant,

850 2366 931 2392 donec
950 2365 1071 2400 fodiatur
1083 2364 1214 2399 peccalot‘i
1229 2363 1343 2398 fovea,id
1360 2368 1412 2394 est,
1431 2363 1518 2390 donec
1534 2363 1567 2390 ad
1586 2363 1633 2390 de~

850 2415 973 2447 putatum
990 2409 1041 2444 ipsi
1066 2409 1228 2444 supplicium
1248 2414 1374 2443 peccator
1394 2409 1515 2437 accedat.
1532 2409 1631 2436 Pecca-

852 2463 936 2484 torcm
951 2460 1040 2484 autem
1054 2455 1120 2482 dicit
1141 2455 1282 2486 Satanam,
1297 2455 1353 2482 sive
1379 2463 1488 2482 omnem
1506 2455 1633 2482 adversa-

851 2504 918 2530 riam
930 2505 1102 2537 potestatem.

882 2548 924 2576 H.
941 2547 1009 2580 Quia
1027 2555 1078 2574 non
1094 2545 1197 2579 repellet
1213 2545 1341 2572 Dominus
1362 2545 1461 2579 plebem
1477 2553 1562 2571 suam.
1577 2544 1633 2572 Hoc

847 2597 947 2622 donum
957 2595 1008 2621 erit
1019 2593 1079 2627 ejus
1087 2593 1184 2627 dequo
1195 2593 1221 2619 in
1234 2592 1421 2626 superioribus
1432 2592 1454 2606 "‘
1462 2591 1564 2618 dictum
1573 2595 1615 2617 est
1623 2599 1632 2619 ετ

847 2639 979 2675 Populum
993 2644 1077 2671 tuum,
1093 2638 1215 2670 Domine,
1229 2637 1433 2664 humiliueerunt
1445 2642 1469 2664 et
1486 2636 1629 2663 hwredita-

848 2691 899 2712 tem
927 2690 999 2711 tuam
1029 2688 1194 2711 vexavernnt.
1219 2683 1253 2710 Et
1276 2683 1457 2710 haereditate":
1479 2690 1555 2709 suam
1579 2689 1633 2710 non

848 2731 1017 2766 derelinquat.
1039 2731 1096 2759 Iloe
1109 2738 1141 2759 ex
1157 2730 1297 2765 superiore
1313 2737 1392 2757 versu
1407 2729 1505 2757 oendet
1523 2737 1530 2755 :
1560 2727 1631 2761 Quid
