1891 3061
18 141 41 168 4
48 142 60 169 Ι
67 142 91 169 3
618 138 797 166 EXPOSITIO
817 138 849 165 ΗΝ

870 139 1030 165 ΡδΑωιωι
1056 139 1143 166 λων.
1619 143 1671 168 MA

19 196 136 232 Αἶνος
146 196 228 231 ᾠδῆς
240 196 384 230 τῷΔαυῒδ,
393 196 594 230 ἀνεπίγραφος
601 197 668 232 παρ’
682 197 821 231 Ἑϐραίοις

899 195 958 222 Laus
970 196 1066 222 cantici
1085 196 1136 227 ipsi
1156 195 1250 227 Dauid,
1267 201 1337 222 caret
1351 197 1520 230 inscriptione
1533 198 1602 232 apud
1616 197 1670 225 He-

336 243 489 268 ΨΑΑΜΟΣ
504 242 558 275 μιν.

363 297 524 328 Ὺπόθεσις.

32 355 194 382 Ἐντεῦθεν
210 354 287 381 ὁτῶν
301 353 386 388 ἁγίων
402 353 481 389 χορὸς
497 353 544 380 καὶ
558 353 621 384 τοὺς
646 352 767 384 ἀπειθεῖς
789 353 834 379 τοῦ

77 401 198 438 Ἰσραὴλ
214 400 396 436 προτρέπεται
413 400 459 425 ἐπὶ
477 398 526 434 τὴν
544 398 587 425 διὰ
607 398 725 433 Χριστοῦ
748 406 835 433 σωτη-

70 447 143 484 ρίαν
160 447 246 473 ἐλθεῖν
256 454 262 460 “
277 446 392 477 δεικνὺς,
411 445 449 476 ὡς
465 444 659 476 ἐπακούσεται,
675 445 699 470 εί
713 444 834 480 προσπέ-

70 502 154 520 σοιεν
170 492 260 528 αὐτῷ,
289 492 336 518 ἆτε
351 491 431 522 αὐτὸς
447 490 484 516 ὢν
500 490 614 525 ποιητὴς
625 509 632 521 ,
659 490 706 516 καὶ⁴
723 489 754 516 τὺ
770 490 832 516 ῐδιον

69 539 162 574 ἔργον
176 537 299 572 ἀγαπῶν.
323 537 483 572 Εῑσφέρεται
497 536 525 562 δὲ
540 537 608 570 μετᾶ
618 536 667 571 τὴν
677 536 730 562 τῶν
748 535 831 569 ἁγίων

67 585 241 620 παραίνεσιν
258 584 304 610 καὶ
318 582 400 609 αὑτοῦ
416 582 462 609 τοῦ
478 582 556 616 ἁγίου
573 581 729 616 Πνεύματος
749 582 832 617 πρόσ-

67 639 164 662 ωπον,
176 630 266 660 αὐτοῖς
280 630 336 660 τοῖς
364 628 488 655 ἀπειθέα-ι
511 627 764 663 παρακελευόμενον
792 627 830 663 μὴ

66 676 126 711 τὴν
143 676 199 703 τῶν
219 675 344 710 πατέρων
360 673 530 710 μιμήσασθαι
547 673 687 700 ἀπιστίαν.

67 732 170 759 Δεῦτε
185 731 432 766 ἁγαλλιασώμεθα
447 729 485 762 τῷ
498 730 605 763 Κυρίῳ.
623 730 667 761 Ὡς
678 730 723 755 ἐπὶ
733 728 830 764 ἑορτὴν

24 778 129 804 ἐλθεῖν
147 778 210 808 τοὺς
227 776 349 807 ἀπειθεῖς
367 775 609 810 παρακελεύονται,
621 775 660 806 εἰς
671 773 830 808 ἀγαλλίασιν

24 824 139 855 αὐτοὺς
156 822 310 854 καλοῦντες,
324 823 366 848 ἵνα
381 821 425 848 διὰ
448 821 550 848 τούτων
563 821 687 847 πείσωσι.
709 819 829 847 Ἀλαλά-

1071 243 1164 268 brwos.
1183 241 1353 268 PSALMUS
1367 241 1470 270 XCIV.

1174 297 1194 323 Α
1200 303 1374 332 rgumentum.

884 353 933 381 His
954 359 1111 381 sanctorum
1135 355 1236 382 chorus
1253 363 1300 382 eos
1322 356 1367 390 qui
1385 357 1517 383 increduli
1543 362 1620 385 erant
1642 359 1667 386 in

919 400 1018 428 fsraefe
1039 401 1200 428 cohortatur
1222 407 1251 428 ut
1274 402 1306 428 ad
1323 403 1437 429 salutem
1464 411 1513 437 per
1528 403 1668 431 Christum

917 447 1024 473 allatam
1055 447 1203 480 accedant,
1229 448 1370 475 declarans
1391 456 1453 475 eum
1478 450 1668 479 cxaudilurum

916 501 976 521 esse
989 494 1011 521 si
1025 494 1169 528 procidant
1181 499 1243 522 ante
1258 496 1346 527 illum.
1362 497 1426 531 quia
1440 497 1497 532 ipse
1508 503 1550 526 est
1564 499 1667 533 opifex,

921 547 1058 574 suumque.
1080 546 1151 567 amat
1177 540 1325 575 opificium.
1355 542 1419 569 Post
1442 543 1514 569 illam
1541 550 1629 571 autem
1651 553 1667 572 a

917 585 1018 612 sanctis
1032 584 1122 611 datam
1140 585 1320 612 hortationem
1332 607 1338 618 ,
1355 587 1491 614 inducitur
1508 588 1566 622 ipsa
1579 590 1666 615 sancti

916 628 1034 662 Spiritus
1045 637 1160 663 persona
1169 638 1175 655 :
1187 637 1246 664 quae
1255 639 1307 657 non
1317 631 1567 666 obtemperantibus
1576 635 1667 668 praeci-

916 675 964 709 pit,
975 679 1159 709 utnepatrum
1171 676 1663 706 suorumincredulitatemimitentur.

916 731 942 757 f.
968 730 1072 763 Venite,
1093 731 1255 759 exsultemus
1275 732 1395 759 Domino.
1415 733 1497 766 Quasi
1517 736 1549 762 ad
1567 735 1664 762 festum

880 777 1008 808 accedere
1030 778 1209 804 cohortantur
1221 786 1268 806 eos
1285 779 1331 813 qui
1356 787 1410 806 non
1436 781 1664 815 obtemperarent,

879 823 912 850 ad
929 823 1047 850 laetitiam
1063 829 1192 851 vocantes
1206 832 1264 855 eos,
1280 829 1309 851 ut
1327 825 1361 852 ita
1381 827 1572 860 persuadeant.
1585 825 1663 853 iubi-

25 870 140 905 ξωμεν
152 868 192 901 τῷ
203 868 262 900 Θεῷ
281 867 320 900 τῷ
332 867 443 901 Σωτῆρι
454 867 547 901 ἡμῶν.
566 864 603 893 Εὖ
618 866 657 898 τὸ,
671 865 821 897 ἀλαλάξωε

899 878 961 896 unus
980 869 1032 896 Deo
1050 869 1164 896 salutari
1181 876 1282 897 nostra.
1306 870 1392 898 Probe
1409 872 1489 904 dicit,
1508 871 1663 905 jubilemus.

22 924 107 950 μεν,
135 915 231 948 λέγει,
258 914 290 949 δὴ
306 913 419 948 ἥκοντες
446 914 507 944 τοὺς
536 912 684 941 ἐπινικίους
715 910 824 945 ᾄδωμεν

27 962 153 997 ὕμνους.
179 961 207 987 ’0
220 960 273 995 γὰρ
290 959 445 994 ἀλαλαγμὸς
461 958 543 993 ὕμνος
555 957 628 984 ἐστὶν
646 957 692 983 ἐπὶ
716 965 825 982 πεπτω-

26 1009 113 1035 κόσιν
129 1007 247 1042 ἐχθροῖς.
260 1005 391 1041 Σημαίνει
406 1005 434 1031 δὲ
445 1004 488 1031 διὰ
504 1004 617 1036 τούτων,
631 1003 668 1035 ὡς
688 1003 737 1034 τὰς
752 1003 826 1029 ἀντι-

26 1053 169 1088 κειμένας
183 1053 309 1087 ὂυνάμεις
319 1050 475 1086 πολεμήσας
491 1050 560 1085 ὑπὲρ
577 1049 654 1085 ἡμῶν
669 1050 683 1076 ὁ
697 1048 824 1084 Χριστὸς,

26 1100 64 1125 ὲκ
81 1098 170 1134 μέσου
187 1097 346 1132 πεποίηκεν.

66 1143 296 1178 Προφθάσωμεν
306 1143 337 1169 τὸ
354 1143 516 1178 πρόσωπον
529 1142 622 1169 αὐτοῦ
636 1142 670 1168 ἐν
680 1140 824 1175 ἐξομολο-

26 1189 135 1223 γήσει.
154 1188 226 1214 Ὠσεὶ
236 1188 309 1222 λέγοι
318 1197 325 1204 ·
342 1188 410 1223 Πρὶν
419 1188 459 1219 εἰς
472 1186 562 1222 κρίσιν
574 1186 684 1222 καθίσῃ,
698 1186 728 1213 τὸ
739 1185 824 1222 πρόσ-

26 1243 110 1262 ωπον
122 1234 222 1266 αὑτοῦ,
240 1235 298 1260 ἐστι
313 1234 342 1261 δὲ
354 1235 367 1261 ό
380 1234 446 1265 υίὸς,
458 1234 491 1269 τῇ
506 1232 699 1268 ἐξομολογήσει
723 1232 824 1268 προλά-

26 1281 142 1315 ϐωμεν,
156 1281 203 1307 καὶ
216 1280 328 1316 εὐμενὲς
339 1280 430 1311 αὐτοῖς
441 1279 666 1314 καταστήσωμεν.
683 1278 760 1305 Οὕτω
769 1277 824 1314 γὰρ

26 1326 99 1360 ὑμῖν
115 1326 285 1361 συμῦήσεται
297 1327 336 1357 εἰς
349 1325 440 1359 ἀγαθὰ
455 1324 584 1360 τελευτᾷν
595 1333 601 1339 ·
623 1325 640 1359 ή
660 1323 714 1359 γὰρ
728 1324 824 1358 ἐξομο-

26 1372 149 1407 λόγησις
162 1371 262 1406 ἀγαθὸν
277 1372 332 1406 ἔχει
349 1371 379 1398 τὸ
392 1371 478 1407 πέρας
487 1380 493 1386 ·
512 1371 560 1398 καὶ
573 1370 652 1397 τοῦτο
666 1370 741 1406 δηλοῖ
753 1370 784 1397 τὸ
794 1369 823 1396 ὲν

26 1418 163 1452 Ψαλμοῖς
174 1426 180 1431 ·
197 1417 402 1452 Ἁλαλάξωμεν
415 1417 504 1450 αὐτῷ.

66 1463 126 1491 Καὶ
148 1463 297 1496 βασιλεὺς
319 1463 412 1497 μέγας
434 1463 484 1489 ἐπὶ
509 1462 624 1496 πάντας
636 1462 707 1496 τοὺς
724 1462 820 1495 θεούς.

28 1509 141 1544 Δηλαδὴ
152 1509 214 1540 τοὺς
227 1508 441 1541 πιστεύσαντας,
468 1509 515 1535 καὶ
535 1507 630 1543 ὥσπερ
649 1507 821 1542 ἀντιμισθίαν

28 1556 131 1583 τούτου
146 1556 277 1591 λαχόντας
290 1556 320 1582 τὸ
330 1556 424 1592 ὄνομα,
447 1556 477 1583 τδ
501 1556 642 1583 καλεῖσθαι
657 1556 722 1588 θεοὶ,
751 1556 822 1583 κατὰ
835 1546 856 1576 C

29 1602 62 1629 τὸ
76 1602 221 1638 εἰρημένον
232 1611 238 1618 ·
255 1602 329 1629 Θεὸν
339 1602 452 1629 δέδωκά
464 1610 501 1630 σε
511 1602 551 1635 τῷ
564 1602 678 1637 Φαραώ.
701 1603 762 1630 Ἐὰν
773 1602 822 1638 τὴν

31 1648 228 1683 ἐξομολόγησιν
245 1649 481 1684 προσενέγκωμεν,
508 1649 601 1684 φησιν,
614 1650 664 1675 οὐκ
678 1648 823 1682 ἀποτευξό-

33 1694 124 1729 μεθα·
141 1694 305 1729 οίκτειρήσει
324 1693 377 1730 γὰρ
393 1694 431 1725 ὡς
451 1694 517 1721 ἴδιον
529 1694 612 1721 αὑτοῦ
629 1694 703 1721 λαόν.

70 1741 133 1766 Ὅτι
148 1740 240 1766 αὐτοῦ
251 1740 335 1766 ἐστιν
345 1741 364 1774 ἡ
376 1740 528 1767 θάλασσα.
548 1739 698 1772 Δείκνυσιν,
712 1740 749 1771 ὡς
771 1741 821 1766 αὒ-

32 1786 96 1818 τὸς,
118 1785 155 1811 ὣν
177 1785 340 1820 δημιουργὸς
362 1786 452 1820 πάσης
476 1786 590 1817 κτίσεως
609 1786 709 1821 ὁρατῆς
720 1794 748 1812 τε
775 1786 821 1813 καὶ

33 1831 161 1866 ἀοράτου,
172 1831 221 1856 οὐκ
241 1830 272 1857 ἂν
288 1831 386 1867 παρίδῃ
399 1830 430 1857 τὸ
446 1830 511 1858 ἴδιον
529 1830 634 1866 ποίημα
651 1832 820 1867 προσπῖπτον

33 1877 67 1904 δι’
79 1876 225 1911 ἑξομολογή
230 1884 306 1907 σεως.

69 1923 158 1950 Δεῦτε
165 1921 424 1956 προσκυνήσωμεν
434 1921 483 1948 καὶ
497 1922 715 1956 προσπέσωμεν
728 1921 818 1954 αὐτῷ.

34 1970 90 1996 Καὶ
104 1969 215 2000 ἑαυτοὺς
229 1968 284 1994 τῶν
296 1968 518 2004 προσκυνούντων
528 1969 576 1995 καὶ
588 1969 735 1996 κλαιόντων
750 1965 819 1994 εἶναι

35 2024 126 2050 φασιν,
141 2016 215 2046 ὅπως
227 2014 260 2041 ἂν
273 2014 491 2049 προθυμοτέρους
506 2015 546 2046 εἰς
561 2014 609 2050 τὴν
627 2008 818 2050 ἐξομολόγησιν

35 2058 264 2093 παρασκευάσωσι
277 2057 340 2089 τοὺς
353 2057 511 2089 ἀκούοντας.

69 2103 201 2137 Σήμερον
216 2103 271 2133 ἐὰν
281 2103 336 2137 τῆς
353 2103 456 2137 φωνῆς
468 2103 561 2130 αὐτοῦ
581 2103 742 2138 ἀκούσητε.
759 2105 818 2132 Ἐν-

35 2149 126 2176 τεῦθεν
143 2149 338 2184 παραινοῦνται
353 2149 417 2185 παρ’
442 2149 524 2176 αὑτοῦ
539 2149 587 2176 τοῦ
605 2151 707 2185 Κυρίου
726 2151 818 2177 εὐπει-

36 2197 90 2228 Osi;
105 2194 184 2228 εἶναι,
201 2196 249 2222 καὶ
273 2196 309 2230 μὴ
320 2195 433 2222 τοιοῦτοι
446 2192 496 2222 οἷοι
512 2196 540 2221 ἐν
552 2196 586 2230 τῇ
605 2195 702 2231 ἐρήμῳ
722 2196 746 2222 οἱ
765 2205 818 2223 πα-

34 2242 110 2277 τέρες
124 2240 212 2266 αὐτῶν
223 2239 427 2274 ὲπεδείχθησαν.

69 2286 149 2314 Κατὰ
164 2286 221 2319 τὴν
233 2285 348 2320 ἡμέραν
360 2284 413 2311 τοῦ
426 2284 592 2319 πειρασμοῦ
608 2284 642 2311 ἐν
656 2284 693 2319 τῇ
706 2284 814 2320 ἐρήμῳ,

35 2331 68 2360 εὖ
84 2331 245 2367 ἐπείρασάν
260 2340 298 2366 με
321 2333 347 2358 of
369 2331 492 2365 πατέρες
502 2329 595 2365 ὑμῶν.
622 2330 815 2367 Ἐξεπείρασαν

35 2378 86 2413 γὰρ
102 2377 145 2404 τὸν
160 2377 225 2404 Θεὸν
241 2376 334 2403 ἄλλοτε
345 2376 427 2411 ἄλλην
441 2376 617 2412 πορευόμενοι
628 2376 696 2408 ὁδὸν,
706 2377 753 2403 καὶ
764 2378 814 2404 οὐκ

35 2423 137 2449 εὐθεῖαν
149 2423 197 2458 τὴν
212 2422 259 2448 τοῦ
272 2421 386 2457 Κυρίου.

73 2469 120 2500 Ὠς
127 2468 228 2503 ὤμοσα
243 2469 278 2495 ἐν
288 2467 325 2502 τῇ
339 2466 488 2502 ὀργῇμου,
500 2467 527 2494 sl
533 2466 757 2494 εὶσελεύσονται
771 2468 815 2500 είς

37 2515 90 2549 τὴν
107 2514 297 2542 κατάπαυσίν
305 2522 375 2548 μου.
391 2513 471 2549 Τρεῖς
484 2514 551 2549 ἡμῖν
561 2513 574 2540 ὁ
586 2513 664 2547 λόγος
675 2513 817 2540 καταπαύ-

39 2570 90 2593 est;
100 2560 225 2596 σημαίνει
235 2568 242 2576 ·
257 2560 321 2596 μίαν
336 2559 385 2596 τὴν
397 2560 531 2595 σαρκικὴν
542 2560 592 2595 τὴν
605 2559 652 2586 τοῦ
664 2559 815 2591 Σαϐϐάτου,

39 2609 81 2634 καὶ
96 2607 188 2643 ἑτέραν
201 2607 251 2642 τὴν
265 2606 366 2632 εἴσοδον
378 2605 428 2641 τὴν
440 2606 480 2636 εἰς
495 2605 545 2640 τὴν
559 2605 610 2640 γῆν
631 2605 680 2639 τῆς
699 2605 817 2638 ἐπαγγε-

38 2654 102 2686 λίας,
156 2652 261 2689 Ἰησοῦς
279 2653 452 2679 κατέπαυσεν
471 2651 584 2682 αὐτούς’
598 2651 645 2677 καὶ
658 2650 752 2687 τρίτην
768 2650 816 2686 τὴν

40 2699 198 2734 ἐπουράνιον,
213 2698 248 2733 ἢν
261 2696 307 2724 νῦν
319 2697 384 2732 ἡμῖν
397 2697 411 2723 ὁ
427 2696 504 2734 λόγρς
517 2696 662 2732 σημαίνει·
676 2695 725 2722 οὐκ
739 2695 771 2721 ἂν
787 2695 816 2721 δὲ

41 2744 127 2780 ἑτέρας
137 2744 274 2779 ἐμέμνητο
286 2742 412 2777 ἐνταῦθα,
421 2744 444 2769 εἰ
453 2742 559 2778 ἀληθῶς
567 2742 658 2777 ἐκείνη
673 2743 719 2777 ἐνῇ
732 2741 816 2769 κατά-

87 2844 107 2859 "
126 2842 210 2871 Exod.
233 2849 282 2875 vn,
305 2842 326 2867 f.

877 916 1000 944 videlicet
1014 917 1151 943 venientes
1168 924 1298 943 canamus
1313 917 1434 944 victoriae
1448 918 1563 944 cantica.
1589 917 1665 944 Julii-

877 961 943 988 latio
964 961 1052 993 enim,
1074 966 1116 988 est
1136 962 1253 996 hymnus
1270 962 1305 988 ob
1321 962 1442 989 devictos
1456 963 1548 989 hostes
1563 963 1662 989 editus.

876 1005 925 1033 His
946 1011 1036 1033 autem
1061 1007 1196 1041 signiﬁcat
1220 1007 1378 1039 Christum,
1403 1008 1472 1034 bello
1499 1008 1664 1036 adversariis

875 1052 1053 1088 potestatibus
1065 1060 1115 1087 pro
1130 1053 1208 1080 nobis
1223 1053 1308 1086 illato,
1324 1053 1397 1088 ipsas
1413 1054 1446 1081 de
1464 1053 1553 1080 medio
1571 1059 1664 1081 sustu-

876 1099 950 1126 fisse.

910 1144 939 1171 2.
961 1145 1176 1181 Prwoccupemus
1190 1146 1282 1180 faciem
1299 1146 1356 1180 ejus
1369 1147 1396 1173 in
1408 1146 1624 1180 coufessiane.Ac
1638 1146 1661 1173 si

873 1189 1161 1226 diceret:Priusquam
1177 1192 1277 1223 sedeat,
1290 1191 1385 1219 faciem
1403 1193 1462 1226 ejus
1476 1191 1523 1226 qui
1535 1196 1576 1218 est
1591 1192 1662 1219 ﬁlius

874 1237 1048 1265 confessione
1062 1245 1292 1273 praeoccupemus,
1308 1242 1335 1265 ct
1345 1239 1489 1274 propitiam
1507 1239 1586 1266 nobis
1602 1238 1662 1265 red-

873 1282 980 1310 damus.
997 1282 1035 1310 lta
1050 1283 1122 1310 enim
1151 1283 1289 1318 continget
1307 1284 1384 1311 vobis
1402 1288 1431 1311 ut
1447 1285 1472 1311 iu
1498 1285 1597 1312 bonum
1614 1284 1661 1311 de-

873 1328 984 1359 sinatis;
1006 1336 1068 1355 nam
1087 1328 1224 1356 confessio
1239 1323 1339 1356 bonum
1362 1330 1443 1357 liabet
1461 1330 1619 1362 terminum,
1633 1334 1660 1357 et

873 1372 924 1400 hoc
939 1374 1027 1408 palam
1044 1374 1110 1401 facit
1126 1375 1190 1402 illud
1205 1376 1231 1402 iu
1249 1375 1375 1405 Psalmis.
1387 1375 1533 1410 jubifemus
1546 1375 1580 1402 ei.

910 1461 936 1489 5.
960 1461 994 1488 Et
1010 1470 1056 1489 rea;
1077 1470 1188 1497 magnus
1203 1471 1282 1498 super
1294 1471 1382 1490 omnes
1396 1463 1468 1490 deos.
1486 1463 1594 1491 Scilicet
1610 1470 1658 1490 eos

871 1507 918 1542 qui
936 1508 1068 1539 credunt,
1087 1508 1135 1543 qui
1151 1508 1178 1535 in
1195 1509 1345 1536 mercedem
1369 1510 1421 1536 hoc
1437 1509 1577 1537 consecuti
1594 1513 1658 1536 sunt

873 1553 947 1580 utdii
959 1553 1137 1588 appellentur,
1152 1554 1229 1587 juxta
1243 1554 1344 1582 dictum
1359 1555 1424 1582 illud
1439 1564 1446 1582 :
1463 1555 1528 1582 Dedi
1540 1560 1563 1582 te
1575 1555 1658 1582 Deum

874 1597 1063 1625 Pharaonis“.
1088 1598 1116 1626 Si
1141 1599 1342 1627 confessionem
1369 1600 1531 1632 offeramus,
1554 1600 1656 1634 inquit,

872 1651 925 1670 non
940 1651 987 1678 spe
999 1643 1122 1671 labemur
1137 1654 1142 1671 :
1161 1653 1222 1672 nam
1241 1653 1293 1672 nos
1308 1650 1336 1672 ut
1348 1646 1487 1680 proprium
1503 1646 1553 1681 ipsi
1568 1653 1656 1681 popu-

871 1688 926 1716 lum
944 1689 1127 1716 miscrabitur.

905 1732 932 1760 5.
954 1733 1087 1765 Quoniam
1102 1734 1184 1767 ipsius
1208 1739 1247 1760 est
1270 1743 1352 1762 mare.
1380 1734 1503 1762 Ostendit
1517 1742 1578 1762 eum
1594 1742 1655 1761 cum

870 1779 906 1806 sit
921 1779 1012 1813 opifex
1029 1780 1113 1807 totius
1127 1785 1258 1807 creatura:
1275 1781 1389 1808 visibilis
1405 1785 1486 1815 atque
1499 1780 1655 1810 inviSibiIis.

870 1832 1009 1860 nunquam
1021 1825 1212 1860 despecturum
1224 1834 1285 1854 esse
1297 1834 1366 1861 opus
1379 1835 1471 1859 suum,
1480 1826 1502 1853 si
1516 1826 1577 1861 quis
1590 1833 1656 1853 con-

870 1871 970 1898 fitendo
984 1871 1108 1905 procidat
1122 1876 1185 1898 ante
1199 1879 1274 1899 eum.

907 1915 934 1943 6.
961 1915 1060 1947 Venite,
1074 1916 1213 1942 adoremus
1226 1921 1250 1943 ιιι
1265 1916 1433 1950 procidamus
1451 1921 1511 1944 aute
1521 1917 1607 1944 illum.
1620 1917 1655 1944 Sc

869 1970 902 1990 ex
919 1963 1091 1990 adorantium
1113 1967 1140 1988 et
1163 1962 1326 1996 plorantium
1346 1971 1459 1990 numero
1474 1971 1533 1990 esse
1546 1963 1653 1996 dicunt,

869 2013 900 2036 ut
913 2007 1051 2035 auditores
1065 2007 1098 2034 ad
1115 2007 1316 2035 confessionem
1329 2010 1511 2043 promptiores
1525 2008 1652 2036 efficiant.

904 2103 931 2131 8.
952 2103 1037 2130 Hodie
1050 2104 1074 2130 si
1089 2111 1174 2130 vocem
1189 2103 1245 2138 ejus
1260 2104 1408 2131 audieritis.
1421 2102 1468 2131 llis
1483 2104 1517 2131 ab
1530 2104 1589 2139 ipso
1602 2102 1654 2130 Do-

869 2150 945 2176 mino
959 2153 1104 2179 mouentur
1119 2154 1148 2176 ut
1166 2149 1382 2184 obtemperantes
1398 2150 1464 2181 sint,
1485 2157 1572 2184 neque
1588 2149 1654 2176 tales

869 2194 964 2226 quales
979 2198 1068 2228 patres
1084 2201 1178 2221 eorum
1196 2194 1222 2221 in
1237 2195 1343 2222 deserto
1358 2194 1475 2221 fuerant.

903 2284 930 2311 9.
949 2283 1097 2317 Secundum
1113 2285 1182 2311 diem
1199 2285 1360 2311 tentationis-
1372 2284 1399 2310 in
1415 2285 1526 2316 deserto,
1539 2283 1584 2311 ubi
1597 2289 1653 2311 len-

869 2335 990 2357 taueruut
1006 2339 1046 2357 me
1062 2336 1150 2365 patres
1168 2331 1256 2358 vestri.
1277 2330 1460 2358 Tcntaverunt
1474 2331 1546 2358 enim
1566 2330 1652 2358 Deum

867 2376 936 2404 alias
955 2376 982 2403 in
1008 2376 1088 2403 aliam
1114 2377 1269 2404 incedentes
1284 2376 1365 2409 viam,
1382 2377 1430 2404 sed
1446 2383 1500 2403 non
1520 2376 1593 2403 illam
1610 2385 1653 2404 re-

867 2425 937 2448 ctam
952 2420 1024 2447 viam
1041 2420 1159 2447 Domini.

903 2466 946 2493 Η.
957 2465 1126 2502 Sicutjuravi
1139 2466 1166 2492 in
1180 2466 1222 2493 ira
1234 2474 1301 2499 mea,
1313 2467 1335 2493 si
1343 2466 1487 2493 introibant
1500 2466 1526 2492 in
1539 2466 1651 2501 requiem

866 2520 962 2540 meam.
987 2511 1052 2540 Tres
1075 2512 1155 2539 nobis
1185 2512 1288 2546 requiei
1311 2513 1415 2547 species
1437 2512 1649 2546 significantur:

866 2559 984 2586 carnalis
999 2566 1052 2585 una
1068 2566 1129 2593 qua:
1144 2563 1186 2585 est
1203 2558 1333 2591 Sabhati;
1358 2558 1440 2585 altera
1454 2562 1496 2584 est
1511 2557 1652 2592 ingressus

866 2604 894 2630 in
920 2608 1019 2631 terram
1045 2604 1245 2639 promissionis,
1269 2612 1322 2638 qua
1340 2603 1399 2630 illos
1425 2603 1564 2638 quiescere
1589 2603 1651 2629 fecit

866 2648 946 2677 .Iesus
960 2648 1051 2682 Nave;
1071 2650 1149 2676 tertia
1171 2650 1300 2682 cmlestis,
1321 2657 1379 2684 quae
1403 2649 1446 2676 hic
1467 2650 1523 2683 jam
1539 2649 1651 2676 denota-

868 2699 923 2726 tur,
941 2703 994 2722 non
1010 2695 1122 2723 alterius
1135 2696 1206 2723 enim
1222 2696 1266 2723 hic
1279 2696 1382 2723 mentio
1396 2700 1447 2727 est,
1464 2702 1486 2722 ει
1502 2701 1590 2722 tamen
1605 2693 1648 2720 illa

871 2748 934 2768 \‘cra
955 2742 1061 2776 requies
1086 2742 1131 2769 sit.
1156 2740 1312 2769 Ostenditur
1333 2743 1423 2777 itaque
1445 2749 1507 2769 vere
1530 2740 1648 2774 requiem
