1891 3061
9 146 48 173 21

192 202 240 228 ΨΑ
246 201 346 228 ΛΜοΣ
366 199 405 231 τῷ
429 197 528 225 Δαυΐδ.
544 198 604 232 sua

317 245 480 278 Ὑπόθεσις.

3 296 59 324 (αἱ
76 291 151 325 οὗτος
166 293 213 328 τὴν
229 291 346 328 Χριστοῦ
371 290 509 326 βασιλείαν
536 289 662 324 σημαίνει
677 287 723 314 καὶ
739 287 790 321 τὴν

194 339 247 365 τῶν
271 336 421 374 ἀρχιερέων
441 335 593 362 αὐθάδειαν.

43 387 75 413 ’0
101 386 207 419 Κύριος
231 383 440 415 ἐϐασίλευσεν,
465 380 680 415 ὀργιζέσθωσαν
711 379 788 406 λαοί.

3 432 35 459 ’θ
48 431 168 468 Χριστός
184 432 257 456 ἐστιν
269 426 300 456 οὗ
322 428 372 463 τὴν
392 427 528 463 βασιλείαν
547 427 577 453 οὺ
596 426 790 462 παραδέχονται

3 477 134 503 Ἰουδαῖοι
147 475 329 511 ὀργιζόμενοι.
351 473 381 499 '0
398 471 565 515 παρήμενος
589 471 639 498 ἐπὶ
659 470 718 498 τῶν
741 479 791 504 χε-

3 522 122 556 οσυϐὶμ,
140 519 315 553 σαλευθήτω
331 520 350 553 ἡ
367 519 415 553 τῆ.
439 514 524 550 Αὐτὸς
553 517 606 554 γὰρ
627 514 703 548 οὗτος
718 518 732 544 ὁ
746 517 792 552 βα-

3 567 138 596 σιλεύσων
150 568 192 594 ἐπ’
208 566 330 602 ἐσχάτων
352 565 406 592 τῶν
420 564 524 600 χρόνων
538 564 590 590 τῶν
606 564 653 590 ἐπὶ
677 562 726 598 τῆς
741 563 793 598 γῆς

3 617 93 645 ἐστιν.
118 614 132 640 ὀ
143 613 189 640 καὶ
200 614 256 644 τοῖς
267 611 398 648 χερουϐὶμ
413 610 604 646 ἐποχούμενος,
630 609 674 643 ὑφ’
690 607 720 636 οὗ
746 609 792 635 καὶ

3 659 141 694 ἐσαλεύθη
163 660 179 693 ὴ
197 658 244 692 γῆ.
258 657 341 692 Φησὶν
359 654 415 683 οὖν·
432 656 467 683 Σὺ
477 654 502 682 εἴ
515 655 558 682 ἐπὶ
581 655 634 682 τῶν
650 654 792 690 χερουΰὶμ,

3 708 14 731 ὁ
39 706 92 732 καὶ
110 705 159 739 τὴν
183 704 228 730 ἐπὶ
251 703 328 738 κακῷ
348 703 441 730 στάσιν
472 702 654 737 μετακινήσας
670 701 720 736 τῆς
730 701 792 735 γῆς,

3 749 130 784 γεγονὼς
145 749 205 776 καθ’
220 750 302 784 ἡμᾶς.
316 748 414 776 Στάσιν
429 746 476 775 οὖν
498 748 572 782 λέγει
587 747 636 783 τὴν
651 747 698 782 τῆς
716 747 793 774 εἰδω-

3 795 178 830 λολατρείας.

39 842 153 874 Κύριος
163 840 194 867 ἐν
216 839 291 867 Σιὼν
313 839 417 874 μέγας.
432 837 501 865 Σιών
513 839 586 864 ἐστιν
601 838 617 873 ἡ
635 837 792 872 Ἐκκλησία,

4 888 34 912 ἐν
48 884 219 923 ᾖδοξάζεται
235 886 282 912 καὶ
296 885 408 920 ὑψοῦται
425 885 550 920 Χριστὸς,
580 883 650 910 κατὰ
663 883 694 910 τὸ
717 884 794 919 εἰρη-

7 933 107 968 μένον·
132 933 256 967 Ὑψώσω
284 939 331 964 σε,
353 933 370 958 ὀ
404 931 475 963 Θεός
497 939 573 964 μου,
603 931 619 956 ὀ
634 929 795 962 ’,βασιλεύς

5 987 73 1012 μου.

48 1020 400 1056 Ἐξομολογησὰσθωσαν
422 1020 461 1052 τῷ
478 1020 599 1054 ὀνόματι
611 1027 670 1047 σου
695 1019 736 1052 τῷ
745 1029 796 1054 με·

8 1069 101 1102 τάλῳ.
122 1067 200 1101 Μέγα
214 1066 294 1094 αὑτοῦ
311 1067 341 1093 τὸ
365 1066 449 1102 ὄνομα
467 1067 508 1098 τὸ,
532 1066 643 1102 Ἰησοῦς,
666 1066 734 1092 καθὸ
749 1066 796 1092 καὶ

9 1113 134 1149 σωτηρία
153 1113 217 1139 λαοῦ
231 1112 420 1148 ἑρμηνεύεται.
435 1113 513 1146 Μέγα
526 1112 606 1139 πάλιν
628 1113 657 1139 τὺ
668 1112 752 1148 ὄνομα
766 1111 797 1138 τὸ

9 1159 78 1193 ὑπὲρ
107 1159 161 1184 πᾶν
184 1157 278 1192 ὗνομα,
341 1156 431 1192 μέλλει
448 1157 555 1192 κάμψαι
573 1157 626 1183 πᾶν
643 1157 718 1191 γόνυ,
750 1157 797 1183 καὶ

9 1204 84 1230 πᾶσα
110 1202 337 1238 ἐξομολογήσεται
362 1202 482 1236 γλῶσσα,
499 1202 540 1229 ὅτι
563 1202 664 1237 Κύριος
695 1202 797 1238 Ἰησοῦς

10 1249 141 1284 Χριστός.
158 1249 221 1275 Ὀτι
247 1248 373 1282 φοϐερὸν
403 1248 449 1276 καὶ
474 1247 560 1283 ἅγιόν
577 1249 653 1275 ἐστι.
683 1248 798 1284 Φοΰερὸν

11 1296 59 1330 μὲν
74 1294 150 1322 κατὰ
162 1294 215 1321 τῶν
231 1294 413 1329 ὀργιζομένων
429 1293 500 1321 λαῶν
528 1295 575 1321 καὶ
597 1294 634 1330 μὴ
652 1294 798 1329 προσδεχο-

12 1340 100 1375 μένων
122 1339 204 1366 αὑτοῦ
219 1339 267 1374 τὴν
282 1339 428 1374 βασιλείαν·
445 1339 522 1373 ἅγιον
535 1339 563 1366 δὲ
586 1341 643 1371 τοῖς
656 1339 800 1366 πιστεύου-

11 1394 51 1412 σιν
63 1386 107 1417 εἰς
126 1385 217 1412 αὐτόν.
232 1385 288 1412 Καὶ
313 1385 381 1420 τιμὴ
401 1384 554 1418 ,βασιλέως
575 1385 676 1419 κρίσιν
690 1384 798 1419 ἀγαπᾷ.

17 1429 128 1466 Ἐπειδὴ
155 1430 250 1466 ἡτιμὴ
277 1431 336 1466 ἦτοι
360 1432 376 1466 ὴ
400 1431 463 1464 δόξα
477 1431 524 1458 τοῦ
549 1431 681 1466 βασιλέως
707 1432 801 1468 ἀγαπᾷ

12 1478 59 1512 τὴν
73 1476 260 1511 δικαιοσύνην,
273 1477 332 1511 ἥτις
343 1475 386 1503 διὰ
410 1477 460 1512 τῆς
475 1476 592 1512 κρίσεως
610 1477 798 1513 ἑρμηνεύεται·

13 1521 106 1548 τούτου
121 1521 204 1557 χάριν
217 1523 271 1553 τοῖς
285 1523 333 1557 μὲν
348 1522 510 1558 ἀπειθήσασι
527 1522 557 1548 τὸ
576 1523 738 1558 πρόσταγμα
754 1524 802 1550 αὺ-

506 139 689 168 EXPOSITIO
708 138 740 164 lN
760 136 923 165 PSALMUM
944 135 1058 163 XCVIII.

805 198 826 224 Α
983 189 1152 220 I’S.1LMUS
1169 189 1220 224 ipsi
1237 188 1331 215 David.
1349 183 1488 214 XCVIII.

1129 237 1150 264 Α
1155 239 1330 272 rgumentum.

839 284 873 312 Et
891 283 934 311 hic
946 291 1056 318 quoque
1082 283 1204 317 psalmus
1220 281 1323 309 Christi
1342 286 1455 315 regnum
1474 277 1620 313 signiﬁcat.

876 335 957 365 atque
969 330 1121 364 principum
1133 328 1305 356 sacerdotum
1323 324 1519 361 arrogantiam.

876 377 902 404 1.
916 376 1044 404 Dominus
1071 376 1196 410 regnavit,
1211 375 1362 401 irascamur
1384 372 1484 408 populi.
1497 370 1622 398 Christus

841 428 882 450 est
893 422 971 456 cujus
987 429 1099 456 regnum
1116 420 1200 448 Judaei
1224 419 1286 446 irati
1313 426 1367 446 non
1395 417 1542 452 accipiunt.
1570 414 1622 448 Qui

841 467 911 495 sedet
925 475 1003 502 super
1026 466 1169 498 cherubim,
1192 470 1325 492 moveatur
1339 469 1418 491 terra.
1436 463 1461 490 ls
1479 463 1551 490 enim
1567 461 1624 496 ipse

841 518 884 541 est
897 514 944 549 qui
958 514 984 540 in
1002 512 1160 540 novissimis
1179 511 1347 546 temporibus
1358 509 1481 544 regnabit
1497 508 1524 535 in
1539 513 1622 537 terra.

842 559 889 594 qui
904 566 985 594 super
1003 558 1144 585 cherubim
1162 557 1278 589 vehitur,
1303 561 1329 584 et
1351 556 1402 583 sub
1418 562 1473 590 quo
1493 558 1566 581 mota
1583 558 1624 580 est

844 609 924 631 terra.
941 603 986 630 Ait
1012 603 1115 637 igitur:
1136 601 1177 629 Tu
1200 609 1230 628 es
1251 609 1333 636 super
1360 599 1513 632 cherubim,
1533 598 1579 633 qui
1595 602 1622 625 et

843 650 944 677 malum
959 654 1037 676 terrae
1054 652 1154 676 statum
1171 647 1356 679 commutasti,
1375 653 1437 673 cum
1455 645 1488 672 ad
1503 648 1623 672 nostram

844 693 1050 721 similitudinem
1068 692 1155 720 factus
1170 699 1209 720 es.
1223 691 1261 719 De
1275 696 1347 719 statu
1362 690 1522 718 idololatria:
1534 689 1625 724 loqui—

844 744 899 766 tur.

879 825 907 852 Ξ.
928 824 1057 852 Dominus
1070 825 1098 852 in
1117 824 1182 852 Sion
1200 833 1321 860 magnus.
1335 823 1401 851 Sion
1427 827 1469 851 est
1494 823 1626 855 Ecclesia,

810 869 830 896 Β
846 871 871 897 in
883 879 935 906 qua
950 871 1119 906 glorificatur
1132 875 1159 899 et
1173 871 1308 898 exaltatur
1322 870 1460 901 Christus,
1485 869 1562 904 juxta
1585 869 1628 896 di-

845 922 918 944 ctum
939 917 1021 944 illud:
1042 916 1174 943 Exaltabo
1190 921 1223 948 te,
1237 916 1306 943 Deus
1322 924 1404 949 meus,
1418 923 1463 943 rex
1482 924 1553 942 meus
1568 916 1604 943 ".

881 1005 908 1037 5.
927 1005 954 1033 4.
976 1003 1160 1040 Conﬁteantur
1181 1006 1282 1032 nomini
1306 1009 1351 1032 tuo
1378 1013 1484 1040 magno,
1506 1008 1559 1032 etc.
1573 1003 1629 1032 Ma-

849 1059 930 1086 gnum
943 1055 985 1078 est
999 1058 1098 1078 nomen
1111 1050 1171 1086 ejus
1182 1051 1259 1084 illud,
1273 1049 1364 1084 Iesus,
1373 1051 1437 1085 quia
1452 1050 1526 1078 salus
1538 1050 1630 1085 populi

847 1096 994 1132 signiﬁcat.
1010 1096 1137 1131 Magnum
1150 1104 1246 1124 rursus
1260 1104 1358 1124 nomen
1373 1096 1438 1123 illud
1449 1096 1522 1131 quod
1534 1100 1577 1123 est
1588 1104 1631 1123 su-

847 1150 894 1176 per
903 1150 982 1169 omne
991 1150 1100 1175 nomen,
1109 1143 1152 1169 cui
1163 1143 1321 1170 curvabitur
1329 1149 1409 1170 omne
1418 1150 1498 1177 genu,
1507 1147 1534 1169 et
1541 1142 1631 1169 omnis

848 1189 941 1224 lingua
950 1188 1132 1221 conﬁtebitur,
1145 1188 1208 1223 quia
1219 1188 1351 1216 Dominus
1362 1188 1442 1215 Jesus
1460 1188 1585 1216 Christus
1596 1189 1630 1221 ⁷⁸,

848 1239 900 1262 etc.
916 1234 1047 1268 Quoniam
1060 1235 1175 1262 terribile
1190 1239 1215 1261 et
1232 1239 1353 1262 sanctum
1368 1240 1418 1262 est.
1435 1233 1570 1262 Terribile
1584 1235 1633 1262 ad-

850 1288 944 1308 versus
957 1285 1050 1315 gentes
1069 1281 1152 1308 iratas
1169 1288 1231 1316 quae
1252 1288 1307 1308 non
1332 1285 1493 1316 receperunt
1506 1281 1566 1316 ejus
1589 1289 1632 1308 re-

850 1334 950 1361 gnum;
971 1331 1096 1354 sanctum
1109 1331 1200 1354 autem
1216 1327 1390 1355 credentibus
1406 1328 1434 1355 in
1449 1335 1522 1356 eum.
1536 1327 1571 1354 Et
1585 1328 1633 1354 lio-

851 1381 899 1399 nor
916 1373 981 1408 regis
991 1373 1123 1407 judicium
1137 1373 1235 1408 diligit.
1258 1372 1392 1406 Quoniam
1409 1374 1497 1402 honor
1515 1382 1562 1403 seu
1579 1373 1634 1409 glo-

850 1420 891 1446 ria
906 1419 976 1454 regis
991 1419 1125 1454 justitiam
1139 1419 1238 1454 diligit,
1254 1427 1315 1454 qua:
1331 1427 1379 1454 per
1399 1419 1532 1455 judicium
1558 1420 1634 1447 intel-

851 1465 960 1499 ligitur;
979 1465 1038 1492 ideo
1064 1465 1307 1501 inobsequentihus
1327 1465 1484 1493 mandatum
1509 1466 1569 1501 ejus
1583 1470 1634 1493 ter-

852 1510 931 1537 ribile
943 1515 993 1542 est,
1010 1515 1134 1538 sanctum
1155 1516 1246 1539 autem
1260 1512 1434 1540 credentibus
1451 1513 1478 1540 in
1501 1520 1575 1540 eum.
1594 1511 1633 1539 Tu

122 1549 138 1557 Α
162 1549 168 1557 _
261 1549 268 1553 ,
285 1549 291 1557 _
440 1549 445 1558 ι
599 1549 604 1558 _
687 1549 707 1558 ,ι
757 1549 762 1550 ,

14 1567 58 1593 τοῦ
72 1567 140 1602 φοϐε
146 1567 202 1602 ρὸν,
215 1568 270 1598 τοῖς
282 1566 311 1592 δὲ
325 1568 506 1594 ὑπακούουσιν
521 1567 607 1602 ἆγιον.
625 1568 667 1595 Σὺ
682 1569 803 1602 ἡτοίμα-

858 1555 956 1587 parasti
971 1555 1136 1583 directiones.
1154 1555 1183 1582 In
1195 1556 1302 1592 justitia
1315 1557 1388 1584 enim
1403 1557 1576 1593 judicaturus
1594 1567 1635 1587 est

15 1621 70 1646 σας
80 1614 259 1647 εὐθύτητας.
278 1613 321 1639 Ἐν
337 1614 491 1649 δικαιοσύνῃ
516 1614 569 1649 γὰρ
596 1614 686 1650 μέλλει
701 1615 803 1651 κρίνειν

16 1659 62 1694 τὴν
72 1660 248 1694 οἰκουμένην.

57 1704 191 1739 Ὑψοῦτε
209 1705 319 1738 Κύριον
334 1705 387 1732 τὸν
400 1704 475 1732 Θεόν
493 1705 587 1739 ἡμῶν.
612 1706 641 1732 '0
657 1706 757 1741 ὑψηλὸς
767 1707 803 1738 ὡς

18 1750 80 1782 Θεὸς
97 1750 147 1777 καῖ¹
166 1750 218 1776 ὑπὸ
233 1751 315 1782 πόδας
331 1750 399 1786 ἔχων
421 1752 510 1778 πᾶσαν
526 1751 574 1786 τὴν
591 1752 680 1778 κτίσιν
694 1753 804 1786 γέγονεν

20 1796 163 1830 ἀτρέπτως
178 1796 328 1832 ἄνθρωπος.
356 1796 455 1823 Τοῦτον
481 1794 537 1828 οὖν,
569 1798 645 1832 φησὶ,
669 1797 714 1824 τὸν
727 1799 804 1832 γενό-

21 1850 96 1875 μενον
121 1840 266 1876 ἀτρέπτως
290 1841 432 1878 ἄνθρωπον
449 1842 559 1877 ὑψοῦτε,
591 1843 804 1878 προσκυνοῦντες

21 1887 96 1913 αὑτὸν
115 1887 169 1922 μιᾷ
182 1887 362 1922 προσκυνήσει
377 1887 446 1922 μετὰ
457 1887 507 1922 τῆς
521 1887 589 1919 ἰδίας
605 1889 713 1924 σαρκός.

53 1964 187 1998 Μωῐισῆς
203 1965 250 1991 καὶ
270 1964 377 1998 Ἀαρὼν
401 1964 436 1991 ἐν
459 1964 521 1996 τοῖς
547 1965 678 1998 ἱερεῦσιν
701 1965 804 1992 αὑτοῦ.

22 2007 112 2041 Οὗτος,
131 2010 227 2045 φησιν,
244 2011 258 2035 ὁ
275 2009 332 2041 νῦν,
348 2009 415 2036 καθὸ
429 2009 550 2044 πέφυκεν
562 2009 713 2044 ἅνθρωπος,
731 2010 806 2045 βασι-

22 2054 114 2087 λεύσας
128 2054 185 2081 τῶν
206 2055 252 2081 ἐπὶ
272 2055 323 2090 γῆς
336 2053 379 2090 ἦν’
395 2055 424 2080 ὃν
449 2055 496 2081 καὶ
511 2055 593 2081 πάλαι
614 2056 734 2091 Μωῦσῆς
760 2057 806 2084 καὶ

28 2101 130 2136 Ἀαρὼν
143 2100 192 2127 καὶ
205 2099 331 2134 Σαμουὴλ
357 2099 548 2127 ἐπεκαλοῦντο.
575 2100 666 2126 Εἰπὼν
689 2098 744 2133 οὖν,
765 2101 805 2127 ὅτι

24 2145 222 2180 Προσκυνεῖτε
236 2145 275 2178 τῷ
289 2145 450 2179 ὑποποδίῳ,
468 2145 515 2172 καὶ
529 2146 577 2181 τὴν
602 2146 805 2182 ὲνανθρὼπησιν

24 2192 66 2218 καὶ
79 2193 128 2228 τὴν
148 2191 302 2226 οἰκονομίαν
327 2190 458 2226 κηρύξας,
487 2190 567 2224 πάλιν
593 2191 805 2226 ἀσφαλιζόμενος

854 1600 956 1627 orbem.

889 1690 916 1717 5.
934 1689 1060 1718 Ezaltate
1075 1690 1217 1718 Dominum
1232 1690 1315 1718 Deum
1330 1695 1460 1718 nostrum.
1482 1690 1533 1724 Qui
1546 1692 1636 1718 excel-

855 1743 903 1763 sus
916 1740 958 1763 est
972 1740 1064 1771 utpote
1080 1735 1162 1768 Deus,
1186 1741 1213 1764 et
1236 1737 1288 1764 sub
1308 1738 1388 1772 pedes
1421 1737 1500 1765 habet
1526 1746 1634 1765 omnem

855 1786 1021 1815 creaturam,
1042 1781 1100 1808 sine
1111 1783 1260 1809 mutatione
1278 1782 1366 1810 factus
1384 1787 1426 1810 est
1443 1784 1536 1811 homo.
1557 1783 1636 1811 Hune

856 1827 956 1862 itaque,
981 1827 1029 1859 ait,
1055 1828 1101 1862 qui
1117 1828 1174 1855 sine
1197 1829 1348 1856 mutatione
1369 1828 1458 1857 factus
1481 1835 1523 1857 est
1543 1831 1634 1862 homo,

856 1873 986 1904 exattate,
1003 1873 1147 1902 adorantes
1162 1882 1224 1901 eum
1243 1882 1296 1901 una
1318 1875 1475 1902 adoratione
1501 1884 1563 1904 cum
1584 1885 1633 1905 sua

855 1925 946 1944 carne.

891 1963 917 1990 6.
937 1963 1038 1998 Moyses
1053 1968 1078 1990 et
1093 1964 1181 1990 Aaron
1197 1965 1224 1991 in
1242 1965 1421 1992 sacerdotibus
1434 1966 1502 1996 eius.
1520 1965 1582 2000 Hic,
1597 1968 1638 1994 in—

855 2008 925 2043 quit,
941 2009 987 2042 qui
1008 2016 1080 2036 nunc
1094 2014 1229 2043 quatenus
1248 2009 1330 2037 homo
1352 2009 1440 2038 factus
1453 2015 1496 2039 est
1516 2013 1638 2046 regnavit

856 2055 882 2081 in
898 2060 1015 2086 terrena,
1034 2056 1057 2082 is
1070 2055 1128 2090 ipse
1143 2059 1202 2082 erat
1217 2062 1298 2090 quem
1311 2055 1374 2082 olim
1387 2055 1493 2092 Moyses
1506 2062 1532 2084 et
1547 2057 1637 2084 Aaron

855 2104 882 2126 et
892 2100 1000 2127 Samuel
1015 2099 1187 2127 invocabant.
1202 2099 1346 2134 Postquam
1357 2100 1424 2127 dixit
1439 2102 1550 2136 itaque:
1567 2102 1638 2129 Ado-

857 2150 913 2172 rale
929 2146 1069 2172 scabellum
1080 2145 1176 2180 pedum
1187 2146 1244 2180 ejus
1253 2145 1320 2181 (41),
1332 2151 1413 2181 atque
1425 2147 1637 2176 incarnationem

856 2191 1090 2226 ceconomiamque
1101 2191 1266 2226 praedicavit,
1279 2199 1388 2219 rursum
1398 2199 1448 2220 nos
1463 2192 1638 2224 conﬁrmans,

23 2239 103 2272 ἡμᾶς,
128 2237 179 2272 τὴν
201 2236 313 2272 Θεότητα
350 2237 476 2273 σημαίνει
497 2236 541 2263 διὰ
571 2236 616 2263 τοῦ
646 2237 803 2272 animost-.0;

860 2237 1029 2264 divinitatem
1050 2245 1097 2272 per
1117 2241 1236 2264 montem
1250 2238 1325 2264 illum
1340 2238 1473 2273 signiﬁcat
1487 2247 1494 2265 :
1509 2238 1640 2265 remansit

24 2284 108 2318 5999;.
136 2283 285 2318 Μεμένηκε
301 2283 355 2318 γὰρ
378 2283 452 2314 Θεὸς,
480 2284 504 2310 ει
530 2284 577 2309 καὶ
600 2283 678 2310 ἔλαϐε
695 2283 744 2319 τὴν
760 2284 806 2311 τοῦ

19 2329 112 2357 ,δούλου
132 2329 240 2364 μορφὴν
250 2329 294 2354 διὰ
310 2329 358 2363 τὴν
371 2328 449 2364 ἡμῶν
465 2329 611 2364 σωτηρίαν.

58 2376 146 2409 Κύριε
160 2377 175 2402 ό
195 2376 266 2408 Θεὲς
281 2375 374 2409 ἡμῶν,
388 2374 428 2401 σὺ
447 2374 621 2407 ἐπήκουσας
641 2375 760 2408 αὐτούς.
776 2375 807 2402 ΕΞ

26 2422 70 2446 καὶ
82 2421 175 2454 ἔδοξάν
201 2429 227 2447 τι
244 2419 410 2455 ἁμαρτάνειν
434 2420 471 2451 ὡς
486 2419 631 2455 ἄνθρωποι,
656 2420 686 2446 οὐ
701 2419 808 2455 παρεώ-

29 2475 121 2501 ρακας,
137 2467 228 2502 φησιν.
254 2467 397 2501 Ἦλέγχετο
415 2464 461 2493 οὖν
485 2466 529 2492 ἐπὶ
544 2465 591 2492 τοῦ
607 2466 705 2501 μόσχου
721 2467 810 2502 ἁμαρ-

28 2513 111 2540 τάνων
134 2513 238 2550 Ἀαρὼν
254 2514 300 2540 καὶ
313 2513 433 2548 Μωῦσῆς
450 2513 496 2539 ἐπὶ
507 2512 552 2539 τοῦ
579 2512 674 2544 ὓδατος
698 2513 748 2548 τῆς
762 2513 809 2539 ἁν-

28 2559 154 2593 τιλογίας.

63 2605 117 2632 Καὶ
129 2605 323 2640 προσκυνεῖτε
341 2606 384 2638 εὶς
396 2604 464 2639 ὄρος
487 2605 572 2639 ἅγιον
590 2604 692 2632 αὑτοῦ.
711 2605 746 2630 Ἢ
760 2605 808 2640 τὴν

32 2652 75 2679 ἐπὶ
98 2652 150 2687 γῆς
173 2652 190 2688 ἢ
221 2652 269 2687 τὴν
294 2651 453 2687 ἐπουράνιον
484 2650 659 2686 Ἰερουσαλήμ
687 2649 809 2685 φησιν-ἢ

32 2696 90 2731 ὅρος
103 2697 182 2724 πάλιν
206 2698 286 2724 αὑτὸν
304 2697 411 2732 νοητέον
436 2697 482 2723 τὸν
507 2697 656 2732 Μονογενῆ,
680 2696 750 2723 κατὰ
764 2696 806 2722 τό·

39 2741 160 2777 Ἐτμήθη
174 2744 256 2776 λίθος
267 2743 300 2775 ἐξ
313 2743 400 2777 ὅρους
412 2742 484 2770 ἄνευ
503 2741 616 2777 χειρῶν.

67 2800 89 2816 ⁷⁷
102 2800 174 2827 Psal.
191 2808 278 2833 cxuv,
296 2800 321 2826 1.
356 2800 379 2816 ⁷⁸
393 2799 507 2834 Philipp.
523 2809 552 2832 ιι,
568 2800 610 2832 10,
631 2801 672 2827 Η.

70 2846 126 2878 (Μ.)
141 2845 202 2874 Haec
214 2847 349 2878 pertinent
365 2846 397 2873 ad
412 2854 518 2874 versum
535 2847 561 2874 9.

711 2801 734 2816 "’
754 2800 822 2827 Dan.

860 2282 959 2317 quippe
972 2281 1054 2313 Deus,
1068 2282 1176 2309 etiamsi
1192 2287 1301 2317 propter
1318 2288 1438 2310 nostram
1451 2283 1565 2311 salutem
1584 2291 1642 2311 ear-

862 2336 923 2355 nem
936 2329 1125 2363 assumpserit.

898 2374 925 2401 8.
942 2375 1054 2401 Domine
1067 2374 1136 2401 Deus
1152 2379 1247 2408 noster,
1262 2381 1289 2402 tu
1300 2375 1458 2402 exaudiebas
1470 2383 1523 2402 eos.
1541 2374 1643 2402 Etiam-

862 2420 884 2447 si
900 2420 927 2447 in
942 2420 1033 2455 aliquo
1057 2428 1169 2455 peccare
1186 2421 1234 2448 visi
1252 2426 1315 2449 sunt
1335 2425 1426 2456 utpote
1445 2421 1568 2448 homines
1581 2441 1589 2453 ,
1615 2426 1642 2446 tu

865 2471 954 2493 tamen
969 2475 1022 2494 non
1035 2467 1221 2501 contempsisti
1239 2475 1295 2494 eos.
1311 2467 1415 2495 Peecali
1437 2468 1526 2502 itaque
1547 2475 1643 2501 argue-

863 2512 943 2539 batur
952 2513 1042 2539 Aaron
1056 2513 1091 2540 ob
1107 2512 1220 2540 vitulum
1230 2532 1238 2543 .
1252 2518 1278 2539 et
1289 2512 1393 2548 Moyses
1412 2517 1521 2547 propter
1544 2519 1642 2547 aquam

862 2558 1092 2586 contradictionis.

898 2604 924 2630 9.
941 2603 975 2630 Et
990 2604 1098 2631 adorato
1117 2605 1143 2631 in
1158 2609 1243 2631 monte
1257 2609 1348 2631 sancto
1362 2604 1426 2640 ejus.
1441 2603 1494 2631 Aut
1510 2608 1641 2630 terrenam

864 2654 911 2677 aut
927 2650 1064 2678 caelestem
1089 2650 1240 2678 Jerusalem
1257 2651 1322 2678 dicit
1338 2660 1344 2676 :
1363 2655 1410 2677 aut
1434 2658 1545 2677 rursum
1563 2656 1642 2676 mon-

864 2699 917 2721 tem
933 2695 1080 2732 intelligere
1094 2704 1240 2731 possumus
1251 2695 1424 2731 Unigenitum
1437 2716 1444 2728 ,
1457 2696 1534 2730 juxta
1548 2693 1614 2722 illud
1634 2701 1640 2719 :

864 2741 977 2770 Excisa:
990 2747 1026 2770 est
1043 2743 1111 2778 lapis
1128 2744 1158 2770 de
1173 2748 1259 2771 monte
1273 2744 1328 2771 sine
1341 2743 1459 2770 manibus
1466 2744 1498 2771 ".

851 2807 880 2833 ιι,
901 2801 944 2827 δι.
