1891 3061
3 150 57 178 ῈΞΞ

567 148 748 178 EXPOSITIO
767 149 801 177 IN
822 149 986 177 PSALMUM
1006 148 1047 176 Cl.

1569 149 1622 176 4‘26

3 207 102 242 Ξσῆπαι
121 205 185 241 πρὸς
198 205 244 231 τὸν
265 205 340 232 θεόν·
357 206 430 232 Πότε
449 204 534 239 ἣξεις
550 205 624 241 πρὸς
641 205 698 241 μέ;
719 207 791 234 ’Λντὶ
807 232 808 236 η

871 211 928 234 aret
941 206 973 234 ad
991 205 1075 233 Deum
1093 215 1098 232 :
1117 205 1229 238 Quando
1245 206 1328 232 ueniet
1343 205 1378 232 ad
1397 205 1456 232 me?
1472 212 1503 232 ac
1517 205 1540 233 si
1552 206 1626 234 dice-

3 253 63 284 ῖοῦ.
79 251 209 288 Εὺπρεπῆ
223 260 264 278 σοι
281 251 314 278 τὰ
327 251 449 286 βασίλεια
474 251 640 287 κατέστησα,
658 252 734 279 ποθῶ
746 261 792 279 σου

3 299 56 333 τὴν
68 297 225 333 παρουσίαν,
247 294 270 324 ὧ
283 297 414 330 Δέσποτα,
434 297 574 334 ἱμείρομαι
595 306 639 325 σου
666 298 716 334 τῆς
734 299 794 324 ἐπι-

3 343 130 377 μαγείαις⁸
143 343 210 369 ἀλλὰ
220 343 265 374 δὸς
279 343 309 370 τὸ
326 343 502 378 ποθούμενον.
530 345 748 379 Διεπορευὸμην
759 345 795 371 ἐν

3 389 118 421 ὶκαχίᾳ
134 387 256 422 καρδίας
278 397 337 422 μου
358 389 394 415 ἐν
417 389 501 423 μέσῳ
531 390 584 416 τοῦ
611 390 696 416 οἴκου
722 398 793 424 μου.

3 433 120 465 )ὑδένα,
134 432 226 469 φησὶν,
239 428 317 469 ἔσχον
340 434 434 461 ἄδικον
456 435 630 462 συνοικοῦντα
655 435 794 470 λογισμόν*

3 479 64 505 αλλ’
76 479 144 511 ὅλως
161 479 272 515 ἐμαυτῷ
290 479 359 514 μετὰ
375 480 562 516 καθαρότητος
588 481 794 517 διεπορευόμην.

3 524 174 558 Ποιοῦντας
187 525 369 559 παραϐάσεις
381 526 522 561 ἐμίσησα.
541 528 586 554 Δεῖ
596 527 650 563 γὰρ
666 528 703 563 μὴ
717 528 797 563 μόνον

3 571 157 606 ὶπέχεσθαι
169 571 223 598 τῶν
249 571 386 607 πονηρῶν,
407 572 475 600 ἀλλὰ
489 574 611 606 καὶτοὺς
624 574 658 601 τὰ
684 574 797 602 τοιαῦτα

3 617 152 648 ποιοῦντας
165 617 394 653 ἀποστρέφεσθαι.

41 664 105 689 οὐκ
137 663 289 697 ἐκολλήθη
316 673 367 698 μοι
398 663 504 700 καρδία
533 665 663 700 σκαμϐή.
685 665 725 692 Τὰ
750 664 796 692 τοῦ

3 706 131 733 Ξιαϐὀλον
158 708 348 744 βουλεύματα,
379 709 426 736 ἆτε
460 710 543 745 μηδὲν
583 710 660 741 εὺθὲς
691 709 797 745 ἔχοντα,

3 752 123 788 suum
133 753 162 780 τέ
177 755 230 780 εισι
247 754 294 780 καὶ
313 755 524 790 διεστραμμένα,
543 756 615 791 ἅπερ
629 755 754 782 οὐδέποτε
769 757 798 782 ἐν

3 799 37 832 τῇ
57 799 155 834 καρδίᾳ
165 799 344 834 εισδέδεγμαι.
373 801 581 833 Ἐκκλὶνοντος
601 801 651 827 ἀπ’
663 801 735 835 ἐμοῦ
746 800 800 827 τοῦ

3 844 145 878 πονηροῦ
166 846 221 871 οὐκ
233 845 407 879 ἐγίνωσκον.
428 845 516 878 Οὕτω,
541 847 634 882 φησὶν,
660 847 689 873 ἐν
713 847 800 873 οὐδενὶ

843 255 884 279 ret
904 261 910 278 :
928 251 1040 286 Regiam
1057 251 1105 278 tibi
1129 255 1286 278 exornatam
1310 258 1342 278 ac
1364 251 1503 278 decentem
1521 251 1626 285 paravi.

843 300 918 323 tuam
935 300 1034 331 exopto
1051 295 1235 330 praasentiam,
1252 302 1269 322 ο
1282 295 1411 327 Domine,
1433 300 1509 322 tuum
1526 295 1626 323 adven—

844 347 901 370 tum
917 346 1024 377 expeto,
1040 346 1160 377 optatum
1176 341 1303 369 concede.
1319 341 1539 368 Perambulabam
1549 343 1576 368 in
1589 342 1627 368 in-

845 389 965 416 nocentia
978 387 1064 414 cardis
1076 388 1126 414 mei
1136 388 1164 414 in
1180 387 1264 414 medio
1279 387 1372 414 domus
1386 395 1463 421 mete,
1485 392 1537 415 etc.
1562 386 1628 415 Nul-

845 433 910 465 l'am,
921 433 1019 468 inquit,
1035 432 1164 467 injustam
1178 432 1372 467 cogitationem
1386 440 1491 460 meeum
1506 433 1630 460 habitare

845 480 1039 512 concedebam,
1055 479 1102 506 sed
1116 486 1177 506 cum
1189 479 1306 513 puritate
1317 479 1501 505 ambulabam.
1516 478 1630 506 Facien-

847 532 884 554 ιρις
901 526 1129 560 prwuaricationes
1146 525 1226 551 adici.
1254 523 1367 559 Oportet
1381 524 1453 552 enim
1470 532 1523 551 non
1541 525 1629 552 solum

846 573 983 601 abstinere
997 579 1012 599 a
1029 571 1106 598 malis
1117 591 1125 603 ,
1146 571 1193 599 sed
1209 571 1291 598 etiam
1311 571 1430 598 aversari
1454 578 1502 598 θος
1523 570 1570 606 qui
1586 570 1631 598 illa

847 623 941 655 agunt.

882 665 910 692 4.
925 664 986 691 Non
1002 664 1113 692 adiuuit
1127 663 1192 690 mihi
1208 671 1252 690 cor
1268 671 1389 698 pratum.
1413 663 1517 690 Diaboli
1542 663 1633 691 consio

848 712 885 738 lia
897 732 903 744 ,
921 715 1012 745 utpote
1023 718 1083 745 quae
1099 711 1164 737 recti
1181 710 1248 736 nihil
1264 710 1389 742 habeant,
1415 717 1496 744 prava
1516 714 1580 736 sunt
1606 713 1634 736 et

850 762 987 791 perversa,
1000 763 1060 789 quae
1071 762 1210 789 nunquam
1236 755 1264 781 in
1278 755 1359 782 corde
1370 754 1477 781 admisi.
1493 754 1634 781 Dec-linan-

852 808 902 828 tem
915 810 931 827 a
945 809 985 827 nte
999 800 1144 835 malignum
1166 808 1217 827 non
1238 800 1432 835 cognoscebam.
1462 799 1499 827 Ita
1511 821 1518 832 ,
1535 801 1634 834 inquit,

851 847 927 874 nihili
940 845 1071 874 faciebam
1084 846 1232 881 malignos,
1245 850 1274 872 ut
1287 847 1381 872 eorut‘n
1398 846 1454 872 sive
1465 845 1635 880 praesentiant

3 890 90 924 μέρει
122 890 271 925 ἐποιούμην
290 891 352 922 τοὺς
367 892 510 926 πονηροὺς,
541 891 578 923 ὡς
605 893 651 918 καὶ
663 891 711 927 τὴν
735 900 801 927 παρη

871 894 909 920 ive
926 893 1078 920 absentiam
1091 893 1256 927 ignorarem.
1275 892 1365 925 Quare
1379 892 1586 918 abscedentibus
1603 891 1636 917 il—

3 936 107 961 ουσίαν
130 936 176 962 καὶ
197 936 247 970 τὴν
274 936 407 963 ἀπουσίαν
432 937 521 963 αὐτῶν
547 937 663 971 ἀγνοεῖν·
689 937 729 964 διὸ
754 939 801 964 ra!

4 981 188 1017 ἁπαιρόντων
212 982 261 1008 οὐκ
284 983 442 1017 ἐγίνωσκον,
459 983 555 1010 οὐκοῦν
580 984 640 1011 οὐδὲ
661 985 801 1020 παρόντων

4 1027 32 1051 εἰ
50 1026 180 1061 παρῆσαν
192 1027 347 1061 ἐγίνωσκον.
364 1028 476 1063 Γνώμης
488 1028 516 1055 δὲ
533 1029 669 1061 ἀπόδειξις
696 1031 803 1057 ἀνακει-

6 1072 98 1107 μένης
118 1072 177 1107 Θεῷ
192 1073 223 1098 τὸ
232 1073 284 1099 τῶν
299 1074 374 1100 κάτω
390 1074 490 1110 μηδένα
509 1075 644 1102 ποιεῖσθαι
669 1076 746 1110 λόγον
759 1077 803 1112 διᾲ

5 1119 60 1153 τὴν
74 1117 179 1144 ἄνωθεν
199 1121 334 1155 προσοχὴν

47 1163 110 1190 Τὸν
122 1165 352 1192 καταλαλοῡντα
367 1165 463 1200 λάθρα
480 1166 533 1194 τοῦ
553 1167 688 1202 πλησίον
698 1169 802 1201 αὑτοῦ,

7 1209 124 1236 τοῦτον
140 1209 310 1241 ὲξεδίωκον.
328 1211 384 1243 Τὰς
403 1212 432 1238 δὲ
454 1212 541 1248 λάϐρα
568 1214 712 1248 γινομένας
737 1223 803 1241 κατ-

7 1256 131 1292 ηγορίας
141 1257 171 1282 οὐ
184 1257 345 1293 προσιέμην,
361 1258 429 1285 ἀλλὰ
447 1259 510 1290 τοὺς
525 1259 604 1286 τοῦτο
620 1260 686 1296 δρᾷν
702 1269 804 1297 πειρω·

10 1304 116 1337 μένους
147 1302 302 1338 ἐξήλαυνον.
345 1305 541 1339 ’Υπερηφάνψ
579 1306 722 1341 ὀφθαλμῷ
754 1307 804 1334 καὶ

8 1347 165 1380 ἀπλήστῳ
181 1348 296 1382 καρδίᾳ,
311 1349 405 1382 τούτῳ
416 1350 452 1376 οὐ
470 1350 650 1385 συνήσθιον.
668 1351 736 1378 Οὔτε
752 1352 805 1388 μὴν

8 1395 76 1425 τοὺς
102 1393 248 1430 ἀλαζονείᾳ
263 1395 310 1422 καὶ
331 1395 473 1432 πλεονεξίᾳ
486 1397 643 1432 χρωμένους
656 1399 805 1434 ἐποιούμην

11 1439 172 1471 συσσίτους.
462 1472 464 1474 τ

48 1487 82 1512 ολ
98 1486 249 1520 ὀφθαλμοί
260 1495 321 1521 μου
349 1487 398 1514 ἐπὶ
430 1487 501 1521 τσὺς
517 1489 644 1522 πιστοὺς
675 1489 729 1524 τῆς
750 1489 806 1525 γῆς

10 1532 66 1560 τοῦ
83 1533 296 1567 συλλ-καθῆσθαι
309 1534 419 1567 αὐτοὺς
429 1536 493 1569 μετ’
511 1535 594 1570 ἐμοῦ.
615 1537 764 1572 Συνεδρίων
776 1537 806 1564 δὲ

13 1587 58 1613 μοι
90 1579 139 1605 καὶ
157 1579 253 1614 βουλῆς
270 1579 428 1607 ἐκοινώνουν
442 1582 467 1607 οἰ
491 1582 580 1608 πίστει
609 1582 801 1618 κοσμούμενοι,

12 1626 60 1652 xxi.
79 1626 148 1661 περὶ
165 1625 261 1652 πολλοῦ
272 1626 305 1653 τὰ
316 1626 374 1653 θεῖα
390 1627 555 1663 ποιούμενοι.
572 1628 603 1654 Οἱ
623 1628 652 1654 δὲ
669 1629 706 1664 μὴ
719 1629 804 1660 οὕτως

12 1671 195 1705 διακείμενοι,
213 1670 280 1697 ἀλλὰ
290 1671 416 1699 τάναντία
433 1673 593 1708 φρονοῦντες
619 1675 806 1710 ὐπερηφανείᾳ

14 1716 86 1750 λέγω
103 1718 153 1743 καὶ
168 1717 259 1752 ἀδικίᾳ
276 1718 324 1745 καὶ
338 1718 522 1753 ὲξουδενώσει,
551 1721 646 1756 πόρρω
670 1721 805 1747 ἀπέὸαλον

15 1763 61 1789 ἀπ’
78 1763 162 1798 ἐμοῦ,
174 1763 244 1790 ὥστε
259 1765 296 1800 μὴ
320 1766 386 1800 ὁρᾷν
399 1766 507 1798 αὐτούς.

51 1810 106 1842 Εἰς
113 1809 172 1842 τὰς
183 1810 484 1843 πρωΐαςρὰπέκτεινον
498 1811 613 1845 πάντας
627 1813 698 1845 τοὺς
715 1813 806 1847 ἀμαρ-

16 1855 134 1888 τωλοὺς
146 1855 204 1890 τῆς
217 1855 282 1890 τῆς.
304 1856 493 1892 Ἀμαρτωλοὺς
508 1867 572 1893 φησι
596 1859 658 1890 τοὺς
673 1861 806 1895 πονηροὺς

18 1898 176 1936 λογισμοὺς,
191 1900 237 1932 οὓς
248 1902 441 1935 ταῖςέωθιναῖς
455 1906 618 1939 προσευχαῖς
629 1906 674 1931 καὶ
690 1906 722 1940 τῇ
739 1906 806 1940 πρὶς

18 1946 81 1974 Θεὸν
98 1947 249 1983 προσεδρίᾳ
261 1948 381 1980 ἐκόλαζε,
400 1950 455 1976 Τοῦ
475 1950 687 1984 ἐξοιίοθρεῦσαι
709 1951 743 1977 ἐκ
756 1952 807 1977 πί-

20 1995 93 2027 λεως
124 1995 236 2028 Κυρίου
263 1995 379 2028 πάντας
411 1996 480 2028 τοὺς
509 1996 720 2031 ἐργαζομένους
751 1997 808 2030 τὴν

20 2039 160 2074 ἀνομίαν.
178 2040 258 2067 Πόλιν
274 2041 378 2076 Κυρίου
391 2042 438 2077 τὴν
451 2042 532 2076 ἁγίαν
547 2044 614 2078 φησὶ
624 2043 722 2079 ψυχὴν,
737 2044 808 2070 κατὰ

20 2084 48 2111 τδ
63 2085 222 2120 είρημένον·
239 2086 448 2122 Δεδοξασμένα
465 2088 598 2122 ἐλαλήθη
610 2089 676 2123 περὶ
692 2089 760 2121 σοῦ,
787 2089 808 2123 ἡ

21 2132 109 2164 πόλις
124 2131 177 2158 τοῦ
192 2131 275 2159 Θεοῦ.

23 2178 182 2212 Προσευχὴ
194 2178 234 2211 τῷ
249 2178 364 2213 πτωχῷ,
385 2179 457 2206 ὅταν
480 2179 640 2214 ἁκηδιάσῃ,
660 2181 709 2207 καὶ
724 2181 811 2208 ἐναν-

72 2225 140 2251 τίον
153 2224 264 2258 Κυρίου
277 2225 367 2259 ἐκχέῃ
384 2225 441 2259 τὴν
455 2225 562 2259 δέησιν
575 2225 677 2253 αὐτοῦ.
691 2228 755 2254 ΡΑ¹.

337 2271 344 2280 '
350 2271 502 2304 Υπόθεσις.

29 2316 56 2342 '0
69 2316 142 2344 κατὰ
155 2315 222 2342 Θεὸν
236 2317 352 2352 πτωχὸς,
364 2317 502 2343 τουτέστιν
513 2318 528 2344 ὁ
539 2317 593 2344 τῶν
608 2317 753 2353 προφητῶν
768 2327 813 2353 χο-

59 2362 116 2396 ρὸς,
130 2361 145 2387 ὁ
170 2360 257 2394 λύπης
274 2360 487 2396 πεπληρωμένος
512 2362 557 2388 ἐπὶ
575 2363 606 2397 τῇ
630 2361 677 2388 τοῦ
703 2362 811 2397 πρώτου

57 2406 122 2432 λαοῦ
139 2408 328 2442 καταστροφῇ,
360 2406 540 2441 προσέρχεται
631 2407 726 2442 Κυρίῳ
741 2407 811 2442 ὑπὲρ

59 2452 153 2485 αὑτοῦ,
169 2451 216 2478 τοῦ
228 2451 292 2478 λαοῦ
302 2452 431 2487 δηλονότι,
444 2452 612 2487 ἀναπέμπων
624 2452 729 2487 δεήσεις
742 2452 811 2486 μετὰ

59 2499 188 2535 νηστείας
200 2499 248 2525 καὶ
265 2498 401 2534 δακρύων,
415 2499 489 2530 ὅπως
504 2498 538 2525 ἂν
555 2499 602 2525 καὶ
616 2498 697 2530 αὐτὸς
709 2499 809 2524 οἰκτει-

61 2545 129 2581 ρηθῇ
142 2546 158 2571 ὸ
169 2544 242 2576 λαός.
256 2545 393 2580 Κηρύττει
406 2545 434 2571 δὲ
448 2545 496 2572 καὶ
510 2545 560 2580 τὴν
576 2544 629 2571 τῶν
647 2544 731 2571 ἐθνῶν
744 2544 810 2579 κλῆ-

61 2598 112 2622 σιν,
129 2589 181 2625 τὴν
190 2590 340 2625 γενομένην
356 2591 385 2616 ἐν
398 2592 430 2626 τῇ
457 2590 603 2625 ἐπιφανείᾳ
625 2590 671 2616 τοῦ
686 2590 810 2626 Σωτῆρος

62 2635 139 2669 ἡμῶν
158 2634 245 2670 Ἰησοῦ
261 2634 389 2670 Χριστοῦ.

63 2680 161 2714 Κύριε,
184 2679 368 2707 εισάκουσον
393 2679 448 2714 τῆς
477 2679 650 2714 προσευχῆς
675 2689 745 2714 μου.
773 2680 813 2707 Τὰ

33 2726 170 2759 συμϐάντα
203 2725 243 2760 τῷ
272 2725 329 2760 λαῷ
361 2726 562 2753 οίκειοποιεϊται
596 2726 610 2752 ό
645 2726 814 2762 προφητικὸς

33 2772 115 2806 χορός.

69 2862 89 2878 ⁸³
103 2864 175 2892 Psal.
195 2870 295 2890 Luxu
305 2881 313 2895 ,
327 2861 353 2887 '5.

191 2911 327 2942 ΡΔτιιοι..
343 2909 401 2939 Gn.
414 2907 544 2939 XXVII.

854 937 886 964 lis
898 943 951 962 non
967 936 1175 971 cognoscebam.
1190 943 1222 963 ac
1234 937 1360 963 similiter
1373 936 1479 963 etiamsi
1490 940 1636 970 praesentes

852 984 953 1011 essent.
972 980 998 1008 id
1014 981 1183 1015 ignorabam.
1218 981 1314 1009 Mentis
1328 985 1418 1009 autem
1434 981 1460 1008 in
1477 980 1532 1009 Deo
1549 982 1636 1008 consi-

854 1027 950 1054 stentis
972 1032 1162 1062 argumentum
1177 1031 1235 1059 est,
1252 1033 1372 1055 terrenas
1386 1035 1431 1055 res
1446 1028 1513 1054 nihil
1529 1035 1636 1060 curare,

853 1073 889 1100 ob
903 1073 1023 1100 studium
1036 1074 1198 1101 cwlestiunt.

891 1172 918 1199 5.
941 1172 1126 1199 Detrahentem
1138 1177 1238 1199 secreto
1251 1173 1371 1206 proximo
1387 1181 1450 1204 suo,
1471 1172 1539 1198 Itum
1552 1180 1639 1207 perse-

854 1217 962 1253 quebar.
989 1218 1185 1245 Accusationes
1208 1219 1313 1245 occulte
1337 1218 1422 1245 factas
1436 1225 1490 1245 non
1512 1218 1638 1245 admitte-

855 1265 929 1296 bam,
949 1264 1003 1291 into
1017 1271 1081 1291 vero
1095 1272 1143 1291 eos
1158 1264 1204 1298 qui
1217 1264 1281 1291 huic
1299 1264 1336 1291 rei
1351 1264 1453 1291 dabant
1465 1270 1574 1298 operam
1589 1271 1639 1291 cx-

855 1310 998 1345 pellebam.
1012 1308 1128 1344 Superbo
1139 1310 1215 1336 oculo
1223 1316 1245 1336 et
1257 1309 1404 1336 insatiabili
1417 1310 1504 1342 corde,
1519 1318 1579 1336 cum
1591 1310 1639 1336 hoc

857 1365 908 1383 non
921 1358 1040 1384 edebam.
1059 1355 1239 1391 Nequaquam
1255 1363 1303 1383 eos
1315 1356 1361 1391 qui
1375 1356 1529 1391 arrogantia
1550 1361 1576 1383 et
1593 1363 1640 1382 su-

857 1402 950 1438 perbia
963 1402 1114 1435 tumebant,
1128 1402 1257 1430 convivas
1270 1402 1456 1430 admittebant.

892 1498 919 1526 6.
939 1497 1014 1525 Oculi
1035 1498 1086 1524 mei
1104 1496 1138 1524 ad
1154 1497 1244 1532 ﬁdeles
1257 1502 1334 1524 terra:
1358 1502 1385 1523 ut
1407 1497 1513 1524 sedeant
1528 1505 1639 1524 mecum.

857 1544 1010 1572 Consessus
1028 1548 1108 1578 atque
1131 1543 1240 1570 consilii
1264 1550 1372 1570 mecum
1398 1542 1543 1578 participes
1564 1547 1643 1570 erant

858 1591 906 1625 qui
921 1590 974 1617 ﬁde
990 1594 1067 1616 erant
1092 1590 1199 1622 ornati,
1224 1594 1251 1617 et
1275 1589 1365 1616 divina
1385 1589 1474 1624 magni
1492 1589 1640 1617 faciebant.

855 1636 909 1663 Eos
928 1640 1019 1662 autem
1034 1635 1080 1669 qui
1092 1643 1146 1662 non
1167 1635 1205 1661 ita
1220 1634 1415 1667 aﬂ‘ectierant,
1439 1635 1486 1662 sed
1505 1635 1643 1662 contraria

856 1682 1004 1709 sentientes
1016 1681 1149 1716 superbiae
1160 1701 1168 1714 ,
1184 1675 1325 1714 injustitite
1345 1685 1371 1707 et
1385 1680 1570 1708 humiliationi
1595 1681 1644 1708 da-

856 1727 922 1754 bant
935 1734 1055 1762 operam,
1070 1727 1148 1761 longe
1160 1733 1175 1753 a
1189 1733 1232 1753 me
1243 1726 1395 1761 exigebam,
1410 1726 1446 1753 ita
1461 1731 1492 1753 ut
1509 1733 1544 1753 ne
1556 1726 1644 1760 respi-

855 1781 943 1800 cerent
959 1773 1070 1807 quidem
1091 1772 1164 1799 illos.

891 1818 918 1846 8.
936 1817 970 1845 In
986 1818 1115 1844 matutino
1125 1817 1314 1852 interﬁciebam
1329 1825 1416 1844 omnes
1429 1822 1577 1852 peccatores
1592 1822 1644 1844 ter-

857 1873 903 1892 ra’.
931 1864 1091 1896 Peccatores
1105 1869 1185 1890 vocat
1198 1863 1282 1890 malas
1295 1864 1484 1898 cogitationes,
1499 1871 1568 1898 quas
1581 1871 1644 1891 cum

858 1910 1000 1937 matutinis
1013 1909 1198 1941 orationibus,
1214 1916 1271 1936 tum
1286 1909 1313 1936 in
1328 1909 1376 1936 Dei
1393 1910 1538 1944 prtesentia
1552 1910 1646 1937 consi-

858 1956 954 1984 stendo
967 1956 1126 1990 castigabat.
1141 1955 1172 1982 Ut
1184 1955 1361 1990 disperdercm
1375 1956 1407 1982 de
1422 1956 1525 1982 civitate
1537 1955 1645 1982 Domini

859 2011 945 2030 omnes
960 2006 1094 2036 operantes
1105 2002 1281 2037 iniquitatem.
1295 2001 1438 2029 Civitatem
1453 2001 1562 2029 Domini
1579 2009 1645 2029 san—

858 2053 929 2076 ctam
941 2048 1007 2075 dicit
1029 2048 1164 2080 animam,
1177 2047 1255 2082 juxta
1269 2047 1371 2074 dictum
1386 2047 1452 2075 illud
1463 2047 1486 2065 ⁸²
1501 2056 1507 2073 :
1523 2046 1646 2074 Gloriosa
1696 2036 1703 2047 “

859 2094 931 2121 dicta
947 2098 1006 2120 sunt
1021 2093 1054 2120 de
1065 2098 1102 2126 te,
1115 2093 1206 2119 civitas
1224 2092 1282 2119 Dei.

862 2183 888 2210 Ι.
915 2181 1008 2210 Oratio
1027 2182 1149 2216 pauperis
1165 2189 1224 2207 cum
1248 2181 1343 2208 anxius
1363 2180 1463 2215 fuerit,
1488 2183 1513 2206 et
1538 2180 1566 2206 in
1582 2187 1645 2206 con-

827 2246 849 2273 θ
898 2232 986 2263 specta
1001 2227 1108 2254 Domitii
1119 2226 1241 2261 e/fuderit
1254 2234 1355 2260 precem
1369 2234 1455 2253 suam.
1473 2225 1521 2254 CI.

1155 2273 1176 2299 A
1181 2277 1355 2308 rgumentum.

865 2320 917 2353 Qui
931 2327 1033 2356 pauper
1048 2320 1196 2347 secundum
1213 2318 1299 2346 Deum
1315 2322 1374 2352 est,
1401 2318 1428 2346 id
1442 2323 1484 2346 est
1503 2318 1648 2353 propheta-

900 2374 960 2394 rum
975 2366 1086 2399 chorus,
1101 2366 1219 2400 repletus
1232 2365 1325 2393 dolore
1335 2365 1369 2392 ob
1383 2365 1484 2400 prioris
1499 2365 1590 2400 populi
1604 2372 1649 2391 ex-

900 2412 1001 2439 cidium
1015 2431 1022 2444 ,
1039 2411 1072 2438 ad
1087 2410 1233 2438 Dominum
1257 2411 1381 2443 accedit,
1400 2418 1451 2446 pro
1474 2411 1533 2445 ipso
1549 2410 1649 2445 populo

900 2465 993 2492 preces
1008 2457 1149 2485 eﬁ'undens
1163 2465 1224 2484 cum
1236 2457 1343 2492 jejunio
1355 2461 1382 2484 et
1394 2457 1531 2491 lacrymis,
1549 2460 1577 2483 ut
1591 2456 1649 2490 ipse

898 2502 1015 2537 populus
1029 2502 1240 2530 misericorditer
1259 2501 1421 2536 excipiatur.
1436 2500 1570 2528 Ρι-κιιίοςιι
1583 2500 1648 2526 item

899 2548 945 2575 hic
970 2547 1092 2582 psalmus
1116 2547 1287 2574 vocationem
1311 2547 1451 2581 gentium,
1480 2546 1508 2573 in
1531 2545 1649 2572 adventu

901 2591 1050 2619 Salvatoris
1062 2591 1146 2619 nostri
1163 2590 1227 2619 Jesu
1247 2591 1350 2619 Christi
1365 2591 1485 2618 futuram

899 2679 927 2706 2.
945 2678 1072 2712 Domine,
1085 2679 1182 2706 exaudi
1196 2680 1343 2706 oralionem
1358 2687 1453 2706 meam.
1474 2679 1539 2711 Quae
1549 2677 1647 2712 populo

866 2726 1037 2761 contigerunt
1062 2725 1114 2754 sibi
1141 2726 1219 2760 quasi
1247 2725 1357 2760 propria
1387 2724 1500 2752 ascribit
1531 2723 1646 2758 proohe-

866 2771 936 2799 ticus
951 2771 1062 2805 chorus.

1508 2900 1546 2930 ib
