1891 3061
16 139 82 166 ‘33

599 132 777 161 EXPOSITIO
794 131 826 159 IN
847 132 1012 162 PSALMUM
1032 133 1098 162 CIII.

1596 141 1649 171 434

67 195 163 225 Ποιῶν
182 196 389 230 ἐλεημοσύνας
405 196 421 222 ὀ
437 196 543 229 Κύριος
560 194 609 220 καὶ
627 193 715 227 κρῖμα
744 191 808 219 πᾶσ

904 191 932 218 6.
954 191 1068 219 Faciem
1088 188 1283 221 misericordias
1305 193 1452 227 Dominus.
1475 200 1500 222 et
1516 187 1649 231 judicium

18 245 93 278 τοῖς
119 242 337 277 ἀδικουμένοις.
365 238 457 273 οὗτος,
474 241 565 275 φησιν,
592 241 606 266 ὁ
628 239 730 274 Κύριος
749 240 763 265 ὁ
777 238 816 273 τῷ

18 291 114 318 αὑτοῦ
130 290 199 316 ἐλέει
219 289 254 315 τὰ
278 287 464 324 προειρημένα
479 287 544 322 ἡμῖν
560 285 752 321 χαρισάμενος,
767 284 816 311 σὺ-

17 338 76 369 τός
90 339 164 364 ἐστιν
180 337 193 362 ὁ
208 336 255 363 καὶ
283 335 365 361 πάλαι
393 333 494 360 δίκαιον
525 334 611 368 κρῖμα
635 332 740 367 κρίνας,
768 331 815 358 καὶ

17 383 237 419 λυτρωσάμενος
254 380 284 412 ἑξ
299 379 438 414 Αἰγύπτου
460 379 523 410 τοὺς
537 379 611 410 υἱοὺς
634 377 752 414 Ἰσραὴλ,
767 377 814 404 καὶ

17 429 90 461 δοὺς
105 428 144 463 τῷ
165 436 194 454 τε
220 427 321 461 Μωῡσῇ
338 426 384 452 καὶ
408 425 489 451 παντὶ
508 424 546 459 τῷ
562 423 619 459 λαῷ
646 423 746 458 γνῶσιν
761 423 815 449 τῶν

20 473 112 501 αὑτοῦ
130 472 254 499 ἐντολῶν.

66 520 231 554 Οὶκτίρμων
245 518 293 544 καὶ
307 517 439 551 ἐλεήμων
456 517 473 543 δ
497 516 612 549 Κύριος.
640 515 732 541 Ταῦτα
760 514 814 549 γὰρ

18 568 75 593 καὶ
89 567 140 600 τῆς
152 565 279 599 τοιαύτης
295 563 454 597 εὐεργεσίας
472 563 518 589 καὶ
532 562 615 589 πάλαι
636 561 684 588 καὶ
707 560 754 587 νῦν
768 559 814 594 γέ-

17 621 107 647 γονεν
120 612 202 643 αἰτία,
214 612 347 646 φήσαντος
357 610 405 636 καὶ
415 609 553 640 Μωῦσέως
565 617 571 623 ·
586 608 695 641 Κύριος
703 607 813 641 μακρό-

19 662 131 692 θυμος,
158 656 207 683 καὶ
234 655 401 688 πολυέλεος
416 675 424 685 .
454 654 503 681 καὶ
531 653 674 688 ἀληθινός
692 661 700 668 ο
720 651 813 678 ποιῶν

17 704 115 736 ἕλεοῤ
127 705 170 735 είς
185 702 329 737 χιλιάδας.
348 701 455 732 Ταύτας
468 698 513 727 οὖν
527 700 607 727 αὑτοῦ
619 699 670 732 τὰς
683 698 812 734 δυνάμεις

19 748 161 784 ἐγνώρισε
179 748 217 783 τῷ
243 742 366 783 Μωῦσῖμ
395 747 543 782 λεγομένας
569 746 664 777 ὁδοὺς,
692 744 739 771 καὶ
764 744 812 775 τὰς

18 795 129 830 ἀρετὰς
144 793 205 820 καθ’
220 793 254 825 ἃς
268 793 302 819 τὰ
315 794 401 820 πάντα
414 793 511 819 διέπει.
531 792 591 819 Οὐκ
607 793 650 824 εἰς
663 790 750 822 τέλος
764 789 809 823 ὀρ-

16 840 214 874 ιμσθήσεται.
223 840 255 866 Εἰ
267 839 314 865 καὶ
325 838 458 873 ὠργίσθη,
470 837 547 872 φησὶ,
563 836 606 863 διὰ
615 837 663 872 τὴν
678 838 706 862 ὲν
725 835 811 869 Ἀδὰμ

17 885 193 922 παράϐασιν,
210 885 258 912 καὶ
274 885 435 912 κατεδίκασε
461 883 567 919 θανάτῳ
582 883 612 909 τὸ
624 883 702 918 γένος
719 891 725 896 ·
752 881 809 908 ἀλλ’

16 933 73 960 οὐκ
90 932 207 959 ἐκτείνει
219 933 259 963 εἰς
270 932 348 963 τέλος
361 931 410 966 τὴν
424 931 508 966 ὀργήν
518 939 525 946 ο
538 929 679 965 ἐπέλαμψε
698 929 750 964 γὰρ
767 929 808 955 ἐπ’

16 979 148 1014 ἐσχάτων
164 978 217 1004 τῶν
228 978 330 1012 χρόνων
345 977 384 1008 είς
399 976 527 1011 ἀθέτησιν
541 976 591 1010 τῆς
603 975 716 1009 φθορᾶς.

57 1025 130 1050 Ὀτι
153 1023 246 1056 αὐτὸς
265 1022 341 1057 ἕγτνω
372 1022 406 1048 τὸ
434 1021 558 1056 πλάσμα
573 1020 666 1055 ἡμῶν.
691 1020 734 1051 Ὡς
756 1019 810 1055 γὰρ

17 1071 89 1098 ὤιον
107 1071 221 1105 πλάσμα,
235 1070 283 1097 καὶ
297 1068 364 1104 ἔργα
376 1068 428 1096 τῶν
442 1068 542 1103 χειρῶν
559 1067 640 1094 αὐτοῦ
663 1066 810 1101 κατῳκτεί-

19 1125 120 1152 ρησεν.

53 1163 93 1190 Τὸ
105 1162 139 1189 δὲ
152 1163 240 1194 ἕλεος
253 1161 363 1195 Κυρίου
374 1159 433 1187 ἀπὸ
444 1159 497 1192 τοῦ
508 1159 624 1192 αἰῶνος.
640 1159 749 1194 Ὅμοιον
762 1159 808 1185 τό-

16 1209 76 1235 Kal
99 1207 196 1234 ποιῶν
218 1207 304 1240 ἕλεος
325 1208 368 1239 είς
384 1206 521 1241 χιλιάδας
537 1206 599 1239 τοῖς
613 1205 809 1241 φοϐουμένοις

37 1263 66 1281 ε.

13 1263 112 1327 μεΚιιὶ
129 1300 149 1333 ἡ
167 1298 344 1331 δικαιοσύνη
363 1297 457 1325 αὑτοῦ
472 1297 521 1324 ἐπὶ
545 1297 630 1330 υἱοὺς
655 1297 729 1324 υίῶν
746 1297 809 1330 τοῖς

15 1345 223 1379 φυλάσσουσι
237 1344 293 1378 τὴν
308 1343 455 1378 διαθήκην
466 1344 568 1371 αὑτοῦ.
588 1344 681 1378 ’Ἄγιος
691 1343 744 1379 γὰρ
759 1344 806 1375 ὢν,

15 1392 46 1418 ὲν
63 1390 158 1425 ἁγίοις
171 1391 350 1422 ἀναπαύεται,
365 1391 425 1421 ταῖς
448 1389 605 1424 ἀγγελικαῖς
618 1389 738 1425 δηλονότι
761 1389 807 1415 δυ-

16 1436 151 1471 νὰμεσιν.

51 1483 168 1516 Κύριος
182 1482 217 1508 ἐν
235 1481 273 1514 τῷ
284 1481 401 1516 οὐρανῷ
416 1482 560 1516 ἡτοίμασε
574 1481 625 1508 τὸν
640 1482 747 1515 θρόνον
756 1482 808 1508 αὺ-

17 1528 82 1556 τοῦ.
107 1527 326 1554 Ἐπανατιαύεται
354 1528 413 1563 μὲν,
429 1528 507 1563 φησι,
527 1528 584 1559 τοῖς
609 1526 665 1554 ἄνω
684 1527 806 1562 πνεύμα-
822 1546 844 1576 c

18 1583 61 1601 σιν
73 1583 81 1590 ·
98 1575 130 1601 οὐ
160 1575 214 1610 μὴν
228 1574 287 1600 οὐδὲ
301 1574 336 1600 τὰ
356 1575 401 1601 ἐπὶ
425 1574 487 1609 7%,;-
500 1574 550 1610 τῆς
565 1573 647 1600 αὐτοῦ
673 1573 809 1609 βασιλείας

17 1620 189 1655 ὰᾳέστηκεν.
213 1620 298 1651 Αὐτὸς
323 1620 376 1654 γάρ
397 1621 469 1646 ἐστιν
490 1620 504 1645 ὁ
519 1620 734 1652 κατεξουσιάζων
755 1620 809 1646 τῶν

18 1666 88 1692 ὅλων
108 1665 148 1697 ὡς
165 1665 240 1696 Θεός.
253 1666 307 1692 Καὶ
325 1667 344 1699 ἠ
353 1666 499 1697 βασιλεία
517 1666 610 1692 αὐτοῦ
624 1665 744 1692 πάντων
760 1665 808 1692 δε-

18 1711 136 1742 σπόζει.
167 1711 312 1743 Δεσπόζειν
329 1711 357 1737 δὲ
373 1712 498 1745 πάντων,
523 1711 579 1738 ἀλλ’
602 1712 632 1738 οὐ
658 1711 810 1747 βασιλεύειν

19 1757 145 1793 εἴρηται,
166 1757 226 1783 ἐπεὶ
244 1757 281 1792 μὴ
297 1757 397 1788 πάντες
414 1757 484 1789 ἄξιοι
501 1758 549 1792 τῆς
563 1757 645 1784 αὐτοῦ
662 1757 808 1792 βασιλείας.

20 1805 66 1830 Διὸ
88 1805 147 1835 τοῖς
172 1804 218 1831 τὸν
234 1804 407 1838 εὐαγγελιχὺν
421 1803 583 1839 κατορθοῦσι
606 1803 662 1838 βίον
689 1803 737 1838 τὴν
755 1804 809 1829 τῶν

20 1850 148 1885 οὐρανῶν
162 1849 299 1884 βασιλείαν
312 1851 326 1876 ὁ
342 1850 437 1885 Σωτὴρ
448 1850 640 1885 ἐπηγγείλατο.
657 1851 761 1885 Κρατεῖ
781 1849 816 1890 δὲλ-

21 1897 68 1923 καὶ
81 1895 140 1922 τῶν
155 1894 237 1927 ἀξίων
251 1896 266 1921 ὀ
280 1895 391 1931 Κύριος.

52 1941 218 1975 Εὐλοτεῖτε
242 1941 294 1967 τὸν
315 1942 423 1975 Κύριον
439 1941 549 1974 πάντες
565 1943 592 1968 ot
621 1941 739 1976 ἄγγελοι
757 1943 811 1968 αὐ-

20 1988 86 2014 τοῦ.
103 1987 231 2013 Διδάσκει
245 1987 288 2013 τὸν
305 1987 449 2022 προσιόντα
474 1989 507 2023 τῇ
531 1988 621 2014 πίστει
642 1988 715 2019 λαὸν,
740 1988 776 2019 ὡς
796 1989 810 2014 ὁ

20 2034 66 2060 τὸν
98 2033 185 2067 ὕμνον
208 2033 374 2068 ἐπιτηδεύων
389 2033 420 2059 τὸ
437 2034 502 2060 αὐτὸ
525 2034 580 2065 τοῖς
603 2033 729 2068 ἀγγέλοις
755 2033 810 2065 ἕξει

21 2078 147 2112 ἀξίωμα.
164 2078 196 2103 Ei
209 2078 263 2112 γὰρ
279 2078 348 2113 αὕτη
370 2078 481 2104 ἐκείνων
498 2079 514 2112 ή
531 2079 698 2113 λειτουργία,
714 2079 745 2105 τὸ
765 2080 809 2105 αἰ-

21 2126 76 2150 νεῖν
92 2124 142 2150 καὶ
155 2123 275 2155 δοξάζειν
297 2124 342 2150 τὸν
356 2124 420 2150 Θεόν
433 2133 440 2139 ·
456 2124 521 2150 αὺτδ
535 2124 563 2150 δὲ
581 2124 660 2151 τοῦτο
674 2125 810 2160 προστάτ-

21 2178 100 2196 τεται
117 2171 203 2195 ποιεῖν
220 2170 237 2204 ἡ
261 2169 343 2205 ψυχὴ,
359 2170 402 2196 ἀεὶ
424 2170 456 2205 δὴ
478 2170 564 2204 λέγων
589 2170 635 2196 καὶ
651 2170 808 2204 δοξολογεῖν,

20 2215 148 2250 δηλονότι
164 2216 212 2251 τῆς
237 2215 321 2250 αὐτῆς
344 2215 422 2247 ἀξίας
445 2217 545 2251 τυχεῖν.
571 2212 621 2242 Ὧν
643 2216 697 2251 γὰρ
718 2217 811 2251 ἐπιτή-
825 2217 854 2245 B-

22 2262 112 2298 δευμα
128 2262 159 2288 τὸ
174 2262 250 2293 αὐτὸ,
264 2262 365 2288 τούτων
375 2262 422 2288 καὶ
433 2262 463 2289 τὸ
476 2262 583 2297 ἀξίωμα
596 2262 626 2288 τὸ
639 2262 714 2289 αὑτό,

57 2309 222 2343 Εὑλοτεῗτε
245 2308 300 2336 τὸν
313 2309 422 2343 Κύριον
442 2307 537 2336 πᾶσαι
556 2310 586 2336 at
598 2308 740 2343 δυνάμεις
756 2309 809 2335 αὺ-

22 2354 90 2381 τοῦ.
120 2354 158 2380 υὺ
178 2353 256 2389 μόνον
283 2354 393 2388 ἄγγελοι
419 2355 458 2386 είς
482 2355 528 2381 τὸν
556 2352 630 2381 αἶνον
654 2354 809 2386 καλοῦνται,

23 2399 95 2427 ἀλλὰ
111 2399 160 2426 καὶ
180 2400 208 2425 εί
226 2408 252 2426 τι
273 2400 364 2435 ἕτερόν
389 2400 463 2426 ἐστιν
488 2400 611 2436 οὐράνιον
626 2400 729 2435 τάγμα,
755 2400 810 2426 εἴτε

25 2446 128 2481 θρόνοι,
146 2446 200 2472 εἴτε
212 2446 304 2481 ἁρχαὶ,
319 2445 374 2472 εἴτε
401 2445 531 2478 ἐξουσίαι,
555 2446 610 2473 εἴτε
640 2446 809 2482 κυριότητες.

25 2492 119 2518 Ταῦτα
130 2491 160 2518 δὲ
177 2492 265 2518 πάντα
279 2492 313 2518 τὰ
327 2492 455 2526 τάγματα
469 2491 512 2519 διὰ
528 2492 582 2519 τῶν
593 2493 733 2528 δυνάμεων
745 2493 811 2528 ἡμῖν

27 2546 92 2563 κατε
96 2538 131 2573 σή
136 2546 229 2573 μανεν.

99 2593 157 2620 Τοῦ
168 2593 258 2620 Δαυῒδ
267 2594 315 2620 ἐπὶ
327 2594 381 2628 τῆς
392 2594 445 2621 τοῦ
456 2595 571 2629 κόσμου
586 2595 739 2630 γενέσεως.

149 2639 357 2674 Ἀνεπίῃοαφος
374 2641 442 2674 παρ’
458 2641 610 2675 Ἑϐραίοις.
630 2642 694 2668 PI".

347 2687 506 2719 Ὺπόθεσις.

30 2741 144 2774 Διδάξας
157 2741 201 2768 διὰ
212 2743 258 2768 τοῦ
269 2743 448 2778 προλαϐόντος
458 2743 564 2779 ψαλμοῦ
584 2745 629 2771 τὸν
648 2744 810 2780 προελθόντα

66 2829 89 2844 ⁵³
108 2828 194 2857 Exod.
208 2838 300 2865 “xlv,
316 2832 342 2859 6.

868 237 988 265 omnibus
1001 239 1127 273 injuriam
1145 240 1312 274 patientibus.
1327 240 1378 269 Hic
1395 241 1536 276 Dominus,
1551 244 1648 277 inquit,

868 283 915 318 qui
938 291 988 311 sua
1011 286 1197 314 misericordia
1220 294 1281 321 qua:
1302 287 1373 315 dicta
1396 292 1459 315 sunt
1473 289 1546 316 dedit
1560 290 1649 322 nobis,

868 327 927 363 ipse
942 334 984 356 est
999 330 1045 364 qui
1062 330 1125 358 olim
1144 331 1247 366 justum
1262 332 1394 366 judicium
1411 333 1481 367 tulit,
1499 338 1525 360 et
1537 334 1650 364 redemit

867 382 901 416 ex
916 374 1031 411 (Egypto
1051 377 1122 404 ﬁlios
1142 376 1234 408 Israel.
1251 386 1284 405 ac
1301 377 1384 414 Moysi
1407 380 1536 415 omnique
1549 382 1648 416 populo

868 412 944 448 dedit
959 422 1083 449 notitiam
1100 423 1289 450 mandatorum
1305 412 1428 452 suorum.

872 540 874 543 π
906 509 932 543 7,
949 510 977 538 8.
998 510 1140 539 Miseralor
1156 517 1179 540 et
1200 515 1347 542 misericors
1362 515 1500 551 Dominus,
1519 523 1571 546 etc.
1587 518 1649 546 Haec

866 556 1023 591 Itujusmodi
1050 558 1173 587 beneﬁcii
1195 566 1222 588 et.
1234 561 1299 588 olim
1321 567 1349 590 et
1369 571 1441 591 nunc
1465 572 1547 592 causa
1562 565 1649 597 fuere.

866 600 971 629 dicente
984 601 1075 638 Moyse
1090 613 1096 630 :
1113 603 1243 632 Dominus
1257 606 1424 641 longanimis,
1441 609 1531 636 multa:
1546 611 1649 637 miseri--

866 647 963 674 cordia:
977 653 1002 674 et
1021 657 1114 682 verum;
1130 650 1229 685 faciens
1248 653 1456 688 misericordiam
1471 656 1498 682 in
1515 656 1601 683 millia
1613 658 1647 685 ⁸⁸.

866 691 920 734 ξῘὲὶΒ
933 694 1016 728 igitur
1032 695 1233 724 misericordias
1243 705 1307 725 suas
1318 703 1396 726 notas
1408 699 1471 727 fecit
1481 701 1577 736 Moysi,
1589 711 1649 738 qua:

865 743 996 766 vocantur
1012 740 1062 767 vite
1073 745 1100 767 et
1114 741 1227 770 virtutes
1241 743 1341 778 quibus
1357 745 1446 772 omnia
1467 747 1647 777 administrat.

865 782 927 810 Non
938 785 966 810 in
976 791 1127 820 perpetuum
1146 787 1285 815 irascetur.
1302 788 1429 823 Etiamsi,
1443 791 1543 826 inquit,
1561 793 1649 822 iratus

863 833 905 855 est
919 829 954 856 ob
966 831 1063 857 Adami
1085 834 1349 868 prmvaricationem,
1372 841 1397 863 et
1420 844 1505 872 genus
1525 843 1648 867 nostrum

863 879 950 901 morte
972 875 1128 909 damnavit;
1141 878 1188 904 sed
1203 885 1259 905 non
1274 887 1360 914 usque
1382 880 1409 906 in
1423 880 1504 908 ﬁnem
1521 882 1648 910 extendet

863 923 932 949 iram
946 930 1024 950 suam
1041 933 1047 950 :
1064 924 1152 951 illuxit
1172 925 1243 952 enim
1259 926 1288 954 in
1304 925 1464 955 novissimis
1478 928 1647 963 temporibus

863 968 895 995 ad
911 969 1122 997 destructionem
1136 972 1331 1007 corruptionis.

888 1012 930 1039 M.
949 1012 1080 1045 Quoniam
1096 1015 1150 1049 ipse
1165 1017 1283 1051 cognovit
1300 1017 1454 1052 ﬁgmentum
1468 1024 1598 1046 nostrum.
1611 1019 1647 1048 Ut

862 1057 1019 1092 ﬁgmentum
1033 1067 1112 1087 suum
1130 1065 1156 1088 et
1170 1069 1252 1096 opera
1266 1070 1395 1100 manuum
1409 1071 1520 1092 suarum
1533 1072 1583 1092 nos
1595 1065 1646 1092 mi-

861 1108 968 1131 seratus
982 1109 1034 1131 est.

897 1149 941 1176 i7.
958 1150 1140 1179 Misericordia
1155 1157 1243 1182 autem
1258 1153 1366 1182 Domini
1378 1155 1410 1182 ab
1425 1160 1532 1184 (eterna.
1551 1155 1645 1186 Simile

861 1199 902 1223 est
916 1196 982 1223 illud
996 1205 1004 1224 :
1018 1196 1051 1224 Et
1066 1198 1165 1232 faciens
1182 1200 1390 1228 misericordiam
1410 1202 1438 1228 in
1449 1202 1535 1229 millia
1549 1203 1644 1231 timen-

862 1240 930 1266 tibus
945 1249 995 1268 me.

898 1285 943 1314 18.
959 1286 993 1313 Ει
1011 1287 1121 1322 justilia
1142 1289 1216 1316 illius
1239 1291 1267 1317 in
1289 1290 1359 1324 ﬁlios
1383 1291 1516 1326 ﬁliorum,
1539 1293 1579 1320 his
1599 1301 1644 1327 qut

860 1336 964 1358 servant
992 1336 1174 1361 testamentum
1202 1335 1269 1369 ejus.
1286 1334 1402 1364 Sanctus
1426 1338 1498 1364 enim
1520 1345 1581 1366 cum
1597 1339 1643 1373 sit,

861 1378 887 1404 in
914 1379 1015 1406 sanctis
1039 1380 1194 1414 requiescit,
1213 1381 1241 1408 in
1258 1382 1388 1417 angelicis
1408 1383 1533 1412 videlicet
1559 1386 1645 1414 virtu-

861 1424 943 1451 tibus.

896 1471 939 1498 i9.
953 1470 1079 1498 Dominus
1095 1472 1122 1498 in
1137 1471 1200 1498 cwlo
1211 1474 1314 1507 paravit
1327 1474 1413 1501 sedem
1427 1483 1513 1502 suam.
1530 1475 1646 1511 Requie-

861 1516 921 1550 scit,
935 1517 1038 1551 inquit,
1055 1517 1083 1544 in
1099 1518 1254 1545 ccelcstibus
1270 1519 1409 1554 spiritibus
1424 1530 1430 1548 :
1451 1529 1538 1556 neque
1553 1526 1643 1551 tamen

861 1567 967 1590 terrena
985 1563 1019 1590 ab
1033 1564 1092 1598 ejus
1104 1571 1188 1599 regno
1199 1569 1262 1592 sunt
1272 1565 1376 1593 avulsa.
1389 1565 1448 1600 Ipse
1461 1567 1532 1594 enim
1546 1573 1586 1596 est
1595 1569 1642 1604 qui

860 1613 953 1644 utpote
964 1609 1036 1638 Deus
1050 1611 1172 1638 omnium
1194 1611 1360 1639 dominatur.
1378 1612 1414 1639 Et
1433 1622 1539 1648 regnum
1560 1615 1643 1649 ipsius

860 1656 979 1682 omnibus
991 1656 1181 1684 dominabitur.
1194 1656 1330 1684 Dominari
1346 1658 1483 1691 omnibus,
1496 1664 1524 1686 at
1535 1666 1588 1686 non
1601 1667 1644 1687 re-

860 1709 953 1737 gnare,
965 1702 1067 1729 dictum
1082 1706 1133 1735 est,
1147 1703 1365 1737 quandoquidem
1383 1711 1436 1731 non
1452 1712 1546 1732 omnes
1560 1713 1643 1740 regno

860 1748 919 1782 ejus
940 1747 1014 1782 digni
1040 1752 1114 1774 sunt.
1138 1746 1308 1783 Quapropter
1329 1750 1363 1777 iis
1391 1750 1437 1784 qui
1459 1750 1641 1785 evangelicam

860 1795 944 1828 agunt
965 1793 1059 1826 vitam,
1077 1800 1190 1828 regnum
1208 1794 1340 1822 cmlorum
1360 1795 1485 1823 Salvator
1505 1795 1642 1830 pollicitus

859 1843 912 1866 est.
926 1838 1040 1873 Imperat
1055 1843 1144 1866 autem
1157 1839 1289 1868 Dominus
1303 1841 1336 1868 iis
1349 1841 1395 1876 qui
1410 1841 1484 1876 digni
1498 1846 1571 1869 sunt.

893 1928 938 1955 9.0.
957 1928 1106 1955 Benedicite
1128 1930 1252 1962 Domino,
1266 1938 1354 1958 omnes
1377 1931 1463 1966 angeli
1477 1931 1543 1966 ejus.
1559 1931 1643 1959 Docet

861 1973 990 2007 populum
1003 1974 1048 2008 qui
1065 1975 1169 2002 accedit
1183 1976 1216 2002 ad
1235 1975 1324 2009 ﬁdem,
1339 1983 1400 2003 eum
1415 1977 1461 2011 qui
1478 1976 1585 2012 hymnis
1594 1984 1643 2003 va-

861 2023 920 2051 cat,
938 2020 1060 2047 eamdem
1086 2028 1166 2055 quam
1188 2022 1275 2056 angeli
1295 2022 1452 2056 dignitatem
1476 2023 1641 2051 habiturum.

860 2063 928 2092 Nam
943 2065 966 2092 si
983 2067 1036 2093 hoc
1051 2073 1146 2094 eorum
1168 2067 1350 2095 ministerium
1362 2073 1414 2100 est,
1432 2069 1543 2097 laudare
1558 2074 1583 2097 et
1599 2077 1642 2096 ce-

861 2112 967 2140 lebrare
980 2112 1078 2145 Deum,
1095 2118 1121 2141 et
1135 2114 1187 2141 hoc
1201 2114 1289 2149 ipsum
1306 2116 1396 2143 anima
1412 2115 1500 2143 facere
1513 2116 1641 2151 jubetur;

862 2165 924 2185 cum
937 2159 981 2185 illa
996 2159 1148 2194 gloriﬁcare
1168 2167 1276 2195 semper
1290 2160 1372 2188 Deum
1392 2162 1511 2194 dicatur,
1532 2163 1644 2190 manife-

862 2208 934 2232 stum
945 2209 985 2232 est
996 2207 1118 2233 eamdem
1127 2207 1257 2242 consequi
1269 2207 1436 2242 dignitatem.
1448 2207 1515 2235 Nam
1526 2217 1643 2244 quorum

861 2251 932 2278 idem
948 2251 1076 2285 ofﬁcium,
1090 2253 1182 2279 eadem
1200 2257 1226 2280 et
1239 2253 1365 2289 dignitas.

893 2297 938 2324 2L
951 2297 1100 2325 Benedicite
1124 2298 1245 2331 Domino,
1261 2307 1349 2326 omrws
1372 2301 1480 2328 uirtutes
1501 2301 1566 2335 ejus.
1583 2300 1642 2327 Non

861 2344 949 2371 solum
969 2344 1056 2379 angeli
1075 2345 1107 2372 ad
1132 2345 1238 2372 laudem
1265 2351 1410 2379 vocantur,
1430 2354 1523 2374 verum
1541 2347 1563 2373 si
1582 2347 1643 2381 quis

861 2389 932 2418 alius
946 2395 987 2418 est
1001 2391 1120 2418 caelestis
1136 2391 1212 2423 ordo,
1231 2392 1288 2419 sive
1312 2393 1419 2425 throni,
1434 2393 1491 2421 sive
1506 2393 1642 2428 principa-

860 2441 915 2469 tus,
928 2437 984 2464 sive
998 2442 1156 2472 potestates,
1172 2438 1229 2465 sive
1249 2439 1459 2466 dominationes.
1486 2439 1541 2466 Hos
1563 2439 1635 2466 nimi-

861 2490 921 2509 rum
944 2483 1053 2510 ordines
1071 2491 1166 2511 omnes
1178 2492 1226 2518 per
1241 2485 1354 2513 virtutes
1377 2485 1455 2512 nobis
1470 2486 1633 2520 signiﬁcavit

862 2593 888 2619 1.
910 2591 1017 2620 Dauidis
1032 2593 1063 2620 de
1080 2593 1170 2620 mundi
1189 2598 1259 2622 ortu.
1275 2592 1353 2620 Caret
1377 2594 1547 2627 inscriptione
1569 2593 1639 2627 apud

1138 2638 1272 2666 Hebraeos.
1289 2639 1370 2666 CIII.

1153 2687 1354 2720 Argumentum.

861 2741 1008 2779 Postquam
1024 2741 1051 2771 in
1066 2742 1226 2779 praecedenti
1242 2742 1346 2778 psalmo
1360 2741 1489 2777 populum
1504 2739 1549 2776 qui
1564 2746 1634 2767 aere.
