1891 3061
31 149 92 179 657

608 141 787 174 EXPOSITIO
808 140 841 168 IN
860 139 1026 169 PSALMUM
1045 137 1113 167 Clll.

1603 129 1657 158 ιδε

32 207 168 241 ἀνέμων.
197 203 347 234 Δείκνυσιν,
364 203 402 234 ὡς
429 202 522 236 esset)
547 201 601 228 τῶν
621 200 728 235 ἀνέμων
753 198 823 233 φορά

890 205 928 224 ηοη
951 202 1052 224 temere
1074 195 1139 224 ferri
1157 198 1298 221 ventorum
1323 192 1471 226 impetum;
1492 189 1540 219 sed
1568 190 1658 225 ipsum

31 253 102 287 εἰκῆ
119 251 227 287 φέρεται
239 259 245 265 ν
262 250 319 276 ἀλλ’
335 249 415 281 αὑτός
440 250 513 275 ἐστιν
533 248 627 283 ὥσπερ
651 255 692 278 τις
718 246 824 280 ἡνίοχος

33 297 132 325 αὐτῶν
156 296 311 331 γινόμενος,
343 294 393 322 διὰ.
409 294 456 321 τοῦ
479 295 539 326 ταῖς
562 293 651 320 αὐτῶν
676 291 824 318 ὲπιῦαίνειν

33 345 93 372 πτέ
99 344 183 379 ρυξιν.

83 391 116 417 '0
137 389 229 416 ποιῶν
245 388 316 419 τοὺς
341 387 488 422 ἀγγέλους
505 386 597 413 αὑτοῦ
613 385 775 418 πνεύματα.
795 383 824 408 ὐ

34 437 170 471 κούφους,
184 436 261 470 φησι,
275 435 322 461 καὶ
337 434 498 469 μεταρσίους
511 433 572 464 τοὺς
586 431 716 466 ἀγγέλους
730 429 823 456 ποιῶν.

34 483 95 509 Καὶ
111 481 181 513 τοὺς
194 480 385 514 λειτουργοὺς
406 478 497 506 αὑτοῦ
512 479 572 512 πῦρ
594 477 715 512 glarea.
733 475 826 506 Οὕτως

36 525 95 553 εἶδε
111 527 274 561 Μωῦσῆς-ὲν
293 525 360 561 πυρὶ
376 525 473 559 φλογὸς
498 524 542 551 τὸν
567 523 680 557 ἄγγελον
696 521 826 548 λαλοῦντα

35 582 127 609 αυτῳ.

82 620 116 646 '0
126 618 270 654 θεμελιῶν·
281 618 338 652 τὴν
354 618 412 653 γῆν
427 617 475 644 ἐπὶ
487 617 545 651 τὴν
558 615 736 650 ἀσφάλειαν.
750 611 827 640 Μετὰ

34 666 69 691 τὸ
84 665 171 698 δεῖξαι
186 665 234 700 τὴν
258 665 287 692 ὲν
308 665 346 699 τῷ
362 664 467 700 οὐρανῷ
488 664 615 699 πρόνοιαν
628 661 674 688 τοῦ
696 661 826 695 δημιουρ-

35 710 103 744 γοῦ,
121 710 227 745 πρόεισι
240 710 286 736 καὶ
300 710 364 744 περὶ
380 709 433 735 τῶν
450 709 480 735 ὲν
497 710 530 744 τῇ
541 709 577 743 γῇ
591 707 718 742 πρόνοιαν
732 703 825 731 αὑτοῦ.

36 756 114 782 Αὐτὸ
129 756 208 782 τοῦτο
228 756 276 788 τὸ,
297 755 410 791 στερεὰν
438 754 524 790 αὐτὴν
546 751 627 780 οὖσαν
653 752 700 779 καὶ
718 751 827 786 βαρεῖαν

40 803 87 836 ἐφ’
103 803 189 837 ὑγρᾶς
208 801 370 837 ἑδρασθῆναι
384 801 487 833 οὐσίας.

81 848 230 880 Ἀϐυσσος
249 848 289 879 ὼς
316 847 430 882 ἱμάτιον
454 846 489 872 τὸ
512 845 701 879 περιϐόλαιον
722 841 824 869 αὑτοῦ.

36 892 130 918 Δὺτοῦ
143 892 192 927 μὲν
207 892 253 918 τοῦ
267 893 315 926 τῆς
333 893 384 927 γῆς
399 891 531 926 στοιχείου
549 889 624 925 φησί.
641 888 722 921 Λέγει
736 887 774 918 δὲ,
786 886 826 912 ὅτι

37 936 138 972 ὥσπερ
152 937 252 972 ἱματίῳ
266 936 410 972 περιέϐαλε
420 937 453 971 τῇ
469 935 579 970 ἀϐύσσῳ
596 934 646 969 τὴν
656 934 716 968 γῆν,
729 931 826 965 ἔξωθεν

37 984 135 1009 πᾶσαν
143 982 316 1019 περικυοιλῶν
328 982 413 1008 ὕδατι.
424 981 488 1008 Ἐπὶ
499 980 559 1007 τῶν
564 979 656 1014 ὀρέων
662 977 828 1010 στήσονται

36 1027 149 1059 ὕδατα,
167 1037 194 1055 κ.
205 1036 230 1053 τ.
245 1027 270 1054 λ.
289 1027 332 1058 Ὡς
347 1027 408 1062 ὅρη,
431 1027 508 1061 φησὶ,
525 1026 559 1053 τὰ
574 1025 625 1060 τῆς
641 1024 760 1051 ἀϐύσσου
783 1024 829 1048 ἀν-

39 1073 172 1100 ιστῶνται
185 1073 268 1099 ὕδατα
284 1073 434 1108 ὺῲούμενα,
452 1073 499 1099 καὶ
514 1071 595 1098 οἱονεὶ
603 1070 765 1097 ἀπειλοῦντα
778 1076 828 1094 κα-

39 1116 178 1143 τακλῦσαι
200 1117 250 1152 τὴν
264 1116 332 1151 γῆν·
351 1116 418 1143 ἀλλὰ
432 1116 470 1152 τῷ
494 1116 532 1151 σῷ
545 1115 659 1150 νεύματι
676 1114 723 1141 καὶ
747 1115 778 1148 τῇ
796 1114 828 1148 σῇ

36 1161 169 1197 δυνάμει,
181 1162 241 1197 ἥτις
254 1162 301 1188 καὶ
317 1161 361 1188 διὰ
375 1162 425 1196 τῆς
446 1162 558 1197 βροντῆς
575 1160 745 1196 σημαίνεται,
765 1159 829 1185 ἀνα-

38 1207 174 1242 χωροῦσι,
191 1207 272 1242 φησίν
285 1216 291 1222 ·
306 1208 322 1243 ἢ
339 1208 410 1243 τάχα
423 1209 469 1234 καὶ
484 1208 533 1240 τὰς
553 1207 666 1243 βροντὰς
683 1207 727 1233 διὰ
752 1205 830 1232 τοῦτο

38 1253 209 1288 γεγενῆσθαί
220 1263 296 1290 φησι,
310 1254 377 1290 πρὸς
393 1254 422 1280 τὸ
437 1253 519 1288 φόϐον
537 1253 598 1280 τινὰ
616 1252 764 1287 λαμϐάνειν
778 1250 831 1277 ἀπὸ

38 1300 98 1326 τῶν
114 1301 264 1335 γινομένων
283 1301 333 1335 τῆς
355 1300 475 1327 ἀϐύσσου
488 1300 522 1327 τὰ
538 1300 631 1327 ὕδατα.
646 1301 677 1326 Ei
695 1299 722 1325 δὲ
739 1299 831 1324 ἐκεῖνα

38 1345 123 1373 τοῦτο
139 1347 282 1382 ὑπομένει,
302 1347 393 1382 πολλῷ
417 1347 496 1374 πλέον
513 1347 544 1373 τὸ
563 1346 682 1373 τοιοῦτον
696 1345 736 1371 δεῖ
758 1345 831 1379 ἡμᾶς

41 1392 154 1419 παθεῖν.

83 1439 315 1466 Ἀναϐαίνουσειν
336 1439 388 1473 ὅρη
415 1439 465 1466 καὶ
493 1438 708 1465 καταϐαίνουσι
733 1436 830 1464 πεδία.

47 1484 217 1519 ’Υψούμενα,
233 1485 308 1520 φησὶ,
324 1485 358 1511 τὰ
370 1485 454 1511 ὕδατα
465 1484 659 1520 παρεικασθείη
672 1484 705 1511 ἂν
717 1484 808 1519 ὄρεσιν
823 1491 831 1498 σ

874 250 933 270 esse
945 243 1024 277 quasi
1038 242 1161 276 aurigam
1177 239 1332 275 quemdam,
1344 237 1416 272 quod
1430 235 1562 264 ascendat.
1577 242 1658 270 super

872 295 976 323 pennas
989 286 1059 321 ejus.

911 377 937 404 5.
959 377 1012 409 Qui
1033 377 1098 411 facit
1120 374 1224 410 angelos
1241 381 1302 400 suos
1319 373 1440 406 spiritus.
1462 370 1514 403 Qui
1536 367 1657 403 angelos,

875 423 973 458 inquit,
995 423 1067 450 leves
1084 426 1111 449 et
1134 420 1265 448 sublimes
1289 418 1362 445 facit.
1386 415 1419 443 Et
1444 416 1578 442 ministros
1597 421 1658 440 suos

876 469 960 503 ignem
981 473 1109 494 urentem.
1130 465 1168 492 lla
1189 464 1257 491 vidit
1277 463 1383 498 Moyses
1398 462 1427 488 in
1449 461 1556 488 ﬂamma
1588 458 1659 493 ignis

876 514 1001 549 angelum
1017 513 1069 541 sibi
1083 515 1248 547 loquentem.

914 612 965 645 Qui
991 610 1113 645 fundavit
1151 613 1248 635 terram
1273 614 1351 641 super
1375 604 1546 632 stabilitatem
1575 608 1659 628 suam.

877 657 1031 691 Postquam
1040 654 1162 682 ostendit
1171 652 1322 680 conditoris
1334 651 1361 677 in
1373 650 1442 677 cmlo
1451 646 1660 684 providentiam,

877 702 1052 738 progreditur
1079 700 1112 726 ad
1140 697 1336 733 providentiam
1366 695 1425 730 ejus
1453 700 1516 727 erga
1544 696 1660 718 terrena.

877 736 955 782 Quod
969 748 1047 774 ﬁrma
1066 746 1112 773 illa
1126 750 1153 772 et
1169 744 1260 779 gravis
1273 750 1335 770 cum
1352 742 1397 772 sit,
1415 741 1442 767 in
1458 738 1569 766 humida
1596 736 1661 764 sub—

878 794 977 822 stantia
992 793 1103 820 fundata
1119 791 1210 818 fuerit.

914 840 942 872 6,
961 840 986 866 7.
1003 839 1117 873 Abyssus
1130 838 1197 864 sicut
1211 837 1391 863 uestimentum
1402 833 1515 859 amictus
1527 830 1595 865 ejus,
1611 828 1663 855 ele-

878 886 963 914 menti
977 886 1082 913 scilicet
1097 884 1209 912 terreni.
1233 883 1278 910 Ait
1293 882 1384 917 igitur,
1399 880 1498 915 abysso
1512 885 1562 905 ceu
1578 876 1661 904 vesti-

879 937 971 959 mento
986 929 1201 958 circumdedisse
1217 932 1327 958 terram,
1345 931 1429 954 totam
1449 923 1568 952 exterius
1583 921 1661 956 aquis

879 977 1012 1005 ambiens.
1031 976 1115 1010 Super
1134 967 1234 1002 montes
1256 973 1362 1000 stabunt
1387 978 1471 1006 aquw,
1496 972 1549 996 etc.
1563 967 1660 1003 Abyssi

879 1031 967 1059 aqua,
980 1023 1027 1056 ait,
1048 1023 1135 1049 instar
1152 1021 1287 1048 montium
1302 1019 1433 1047 sublimes
1456 1017 1609 1050 insurgunt,
1635 1018 1663 1039 et

880 1069 957 1104 quasi
973 1070 1135 1096 minitantur
1152 1068 1325 1101 submergere
1348 1070 1459 1096 terram,
1480 1062 1526 1090 sed
1551 1065 1617 1088 nutu
1635 1064 1663 1086 et

879 1119 1013 1150 potestate
1029 1120 1086 1146 tua,
1101 1121 1162 1148 qua:
1182 1120 1229 1148 per
1257 1111 1359 1139 tonitru
1383 1109 1560 1144 signiﬁcatur,
1587 1113 1662 1133 rece-

880 1162 967 1189 dunt:
984 1165 1031 1187 aut
1044 1160 1160 1187 fortasse
1173 1160 1234 1186 ideo
1250 1157 1372 1184 tonitrua
1387 1155 1445 1182 ﬁeri
1465 1154 1511 1186 ait,
1529 1156 1559 1179 ut
1571 1159 1604 1179 ex
1616 1158 1663 1185 ge-

881 1208 931 1235 stis
948 1207 1031 1234 rebus
1046 1206 1144 1236 timore
1160 1204 1277 1239 quodam
1303 1203 1455 1230 afﬁciantur
1469 1207 1546 1234 aqua:
1561 1198 1661 1233 abyssi.

881 1252 958 1286 Quod
979 1253 1002 1280 si
1019 1253 1044 1280 id
1064 1252 1116 1279 illis
1133 1251 1250 1284 eveniat,
1274 1250 1361 1277 multo
1374 1247 1462 1282 magis
1483 1245 1571 1273 simile
1585 1243 1664 1271 nobis

881 1299 1039 1334 contingere
1052 1306 1163 1326 necesse
1174 1301 1225 1325 est.

919 1430 945 1462 8,
960 1429 986 1456 9.
1003 1428 1153 1455 Ascendunt
1167 1431 1268 1453 montes
1287 1429 1311 1452 et
1328 1424 1485 1452 descendunt
1500 1423 1597 1458 campi.
1615 1423 1667 1449 Ex-

884 1476 985 1507 altataa,
1006 1475 1054 1507 ait,
1071 1481 1148 1509 aqua)
1160 1474 1222 1509 jure
1237 1472 1378 1500 montibus
1394 1474 1597 1506 comparentur,
1620 1469 1667 1496 sed

41 1530 102 1556 ἀλλ’
120 1529 278 1564 ἀπλούμενα
295 1529 375 1556 πάλιν
391 1529 444 1555 ὑπὸ
456 1529 502 1555 τοῦ
518 1528 564 1555 σοῦ
581 1516 674 1562 φόὸου,
685 1516 766 1555 οἱονεὶ
782 1536 828 1554 πε-

890 1522 995 1552 scdatre,
1010 1521 1110 1555 inquit,
1126 1527 1172 1554 per
1189 1520 1316 1546 timorem
1337 1522 1426 1548 tuum,
1449 1516 1529 1551 quasi
1556 1522 1668 1550 campus

39 1576 105 1608 ὃιὰς
125 1576 172 1602 καὶ
190 1575 278 1610 ὁμαλὴ
299 1576 404 1610 γίνεται
421 1575 467 1610 γῆ.
490 1574 687 1610 Ἐθεμελίωσας
709 1575 763 1610 γὰρ
785 1574 832 1601 αὑ-
851 1583 855 1586 ·

39 1624 101 1653 τοῖς
113 1621 195 1648 τόπον
210 1621 239 1648 δν
250 1622 299 1657 οὐχ
307 1619 362 1648 οἷόν
372 1630 401 1648 τε
410 1620 583 1656 ὑπερϐαίνειν
594 1621 672 1648 αὑτά.
686 1621 741 1647 Καὶ
754 1621 833 1647 τοῦτὸ

39 1668 115 1696 ἐστι.
131 1667 178 1693 τό⁸
207 1667 309 1701 Ὅριον
330 1667 400 1694 ἔθου
424 1667 439 1692 ὃ
462 1667 498 1693 οὐ
524 1667 771 1700 παρελεύσονται.
788 1667 833 1693 Διὸ

40 1713 107 1740 υύδὲ
119 1712 264 1739 ἐπικλῦσαι
275 1713 399 1740 δύνανται
413 1713 462 1748 τὴν
476 1714 538 1749 γῆν.
553 1714 663 1749 Ὅμοιον
675 1712 702 1739 δὲ
721 1713 751 1739 τὸ
765 1713 834 1748 πρὸς

40 1759 96 1794 τὴν
109 1758 245 1785 θάλασσαν
262 1759 407 1794 εἰρημένον
424 1759 469 1786 διὰ
487 1759 534 1786 τοῦ
556 1760 696 1794 προφήτου
709 1767 717 1774 ⁸
739 1759 833 1793 Μέχρι

40 1805 155 1831 τούτου
169 1804 283 1838 στήσῃ,
300 1805 348 1832 καὶ
360 1806 415 1840 οὐχ
428 1806 596 1841 -ὺπερϐήσῃ,
615 1806 690 1833 Ἀλλ’
701 1805 735 1832 ἐν
745 1812 834 1832 σεαυ-

41 1851 84 1886 τῆ
101 1851 357 1886 συντριϐήσονταί
373 1859 431 1879 σου
446 1853 482 1879 τὰ
495 1854 621 1887 κύματα.

89 1897 158 1924 Ἀνὰ
168 1897 267 1931 μέσον
294 1897 352 1924 τῶν
377 1897 468 1931 ὀρέων
496 1898 702 1925 διελεύσονται
728 1897 832 1924 ὕδατα.

41 1942 127 1971 Κατὰ
144 1943 227 1979 μέρος
249 1943 395 1977 δοξολογῶν
422 1944 569 1979 ἐπέρχεται
592 1945 625 1979 τῇ
645 1943 766 1978 προνοίᾳ,
788 1943 834 1969 καὶ

41 1988 96 2023 τὴν
120 1988 190 2022 μετὰ
212 1988 307 2022 σοφίας
332 1988 503 2024 τεθαύμακεν
526 1988 692 2023 ἀγαθότητα,
716 1987 762 2014 καὶ
785 1989 833 2022 τῆς

43 2034 102 2060 τῶν
119 2033 226 2067 ἀλόγων
242 2033 319 2065 ζώων
331 2034 541 2069 πεφροπικότος
551 2034 682 2069 διαμονῆς
698 2033 744 2059 τοῦ
755 2032 832 2059 Θεοῦ’

43 2080 165 2114 ποιήσας
191 2079 246 2114 γὰρ
265 2079 345 2110 αὐτὰ,
361 2080 409 2106 καὶ
433 2080 527 2115 τρέφει
542 2080 589 2106 καὶ
605 2079 719 2111 ποτίζει.
742 2079 786 2104 Διὺ
801 2078 835 2104 τὰ

43 2127 98 2161 ὅρη
112 2125 214 2160 τεμὼν,
232 2125 347 2160 πάροδον
367 2127 422 2157 τοῖς
438 2125 531 2151 ὕδασιν
546 2125 718 2160 ἐτεκτήνατο.

83 2212 228 2240 Ποτιοῦσι
243 2212 340 2239 πάντα
354 2213 390 2239 τὰ
404 2213 490 2247 θηρία
508 2212 561 2239 τοῦ
574 2212 677 2247 ἀγροῦ.
695 2212 773 2238 Οὕτω
787 2212 834 2238 καὶ
848 2208 872 2236 D

44 2259 103 2285 τῶν
115 2259 220 2296 ἀλόγων
238 2257 314 2290 ζώων
329 2259 376 2285 καὶ
401 2259 523 2294 ἑρπετῶν
539 2259 585 2286 καὶ
599 2259 700 2294 θηρίων
716 2260 834 2294 προνοεῖ,

45 2306 87 2337 ὡς
103 2305 152 2332 καὶ
168 2305 272 2337 τούτοις
288 2305 319 2332 τὺ
334 2305 402 2340 πρὸς
415 2305 487 2341 ζωὴν
500 2306 634 2341 χρήσιμον
650 2306 834 2340 ἐπιχορηγεῖν.

46 2350 272 2384 Προσδέξονται
283 2350 403 2385 ὄναγροι
415 2351 458 2383 εἱς
468 2350 562 2385 δίψαν
573 2351 681 2378 αὐτῶν.
694 2351 748 2376 Καὶ
758 2350 836 2376 τοῦτο

45 2397 98 2432 τῆς
113 2396 164 2430 σῆς
184 2396 310 2431 προνοίας
331 2396 405 2422 ἐστὶν
419 2396 508 2432 ἔργον,
526 2396 555 2423 τὸ
578 2397 615 2432 μὴ
632 2397 712 2432 μόνον
727 2396 770 2422 διὰ
787 2396 836 2428 τὰς

47 2443 114 2477 περὶ
125 2442 292 2478 χειμάρρους
307 2441 380 2478 ὥραις
396 2443 424 2468 ἐν
439 2443 498 2473 ταῖς
515 2442 634 2478 φάραγξι
645 2442 691 2469 καὶ
708 2443 764 2473 τοῖς
774 2441 836 2468 θάλ-

47 2496 134 2514 πουσι
158 2487 252 2520 τόποις
269 2487 353 2514 ὕδατα
366 2487 494 2519 δίδοσθαι,
509 2487 576 2514 ἀλλὰ
586 2488 639 2523 γὰρ
653 2487 700 2514 καὶ
720 2487 772 2514 ἀνὰ
790 2487 837 2522 μέ-

48 2541 96 2559 σον
108 2531 164 2578 τιῖξν
179 2532 274 2568 ὀρέων,
290 2533 362 2564 ὅπως
377 2532 410 2560 ἂν
426 2532 480 2559 τῶν
493 2533 596 2568 ἀγρίων
609 2532 686 2565 ζώων
697 2532 731 2558 τὰ
745 2532 837 2567 ἥμερα

47 2578 276 2614 ὃιιόράσκωνται,
295 2579 324 2604 ἐν
334 2578 393 2614 ὥρᾳ
408 2578 655 2605 διαναπαύσωνται.

86 2624 216 2654 Ποτίζων
240 2624 293 2658 ὄρη
314 2624 347 2651 ἐκ
364 2618 423 2651 ἐῶν
445 2624 586 2658 ὑπερῴων
609 2624 710 2651 αὐτοῦ.
730 2624 836 2656 ﬂeti-tet

49 2664 106 2705 γὰρ
121 2668 172 2704 ὂρη
190 2670 237 2696 καὶ
261 2670 338 2695 πεδία
361 2670 410 2696 οὐκ
436 2670 488 2696 ἀπὸ
513 2671 566 2696 τῶν
589 2671 617 2696 ἐν
634 2672 694 2701 ταῖς
718 2669 836 2706 φάραγξι

50 2715 158 2750 πηγῶν,
176 2715 192 2749 ἢ
218 2715 272 2741 τῶν
291 2716 447 2751 φερομένων
461 2715 531 2742 κατὰ
547 2715 599 2750 γῆς
616 2715 755 2751 ποταμῶν,
779 2716 836 2742 ἀλλ’

50 2760 155 2788 ἄνωθεν
168 2761 231 2792 τοὺς
246 2761 394 2796 αὐτάρκεις
418 2760 542 2797 χορηγῶν
560 2761 663 2793 ὑετούς.
684 2761 749 2788 Ἀπὸ
767 2769 837 2795 καρ-

91 2849 115 2872 ³³
125 2849 176 2878 Job
197 2858 312 2882 xxxviii,
339 2851 375 2878 ll.

884 1574 910 1596 et
931 1573 1010 1595 terra:
1024 1567 1153 1602 planities
1167 1566 1330 1593 cﬂiciuntur.
1343 1563 1474 1592 Fundasti
1487 1562 1586 1598 quippe
1602 1561 1668 1596 ipsis

884 1616 987 1648 locum,
1001 1622 1082 1649 quem
1100 1612 1272 1648 pra’tergredi
1286 1619 1340 1638 non
1356 1615 1480 1645 possunt.
1502 1609 1589 1643 Atque
1603 1607 1669 1635 illud

884 1666 926 1688 est
953 1660 1025 1696 quod
1053 1659 1177 1686 dicitur:
1205 1657 1358 1684 Terminunt
1387 1654 1496 1690 posuisti
1515 1660 1591 1688 quem
1617 1659 1670 1681 ηοιι

886 1706 1127 1742 lransgt'edieulur.
1146 1704 1236 1738 Quare
1256 1702 1389 1730 inundare
1409 1705 1506 1727 terram
1528 1705 1581 1725 non
1607 1705 1670 1732 pos-

885 1757 959 1781 sunt.
982 1752 1078 1779 Simile
1092 1756 1181 1778 autem
1198 1749 1263 1776 illud
1281 1753 1323 1775 est
1337 1747 1408 1782 quod
1426 1745 1494 1773 mari
1518 1744 1584 1771 dicit
1606 1751 1669 1778 pro—

885 1800 966 1834 pheta
981 1808 987 1826 :
1008 1799 1143 1825 Hactenus
1158 1796 1251 1827 stabis,
1264 1802 1345 1829 neque
1358 1792 1501 1819 transilies.
1525 1789 1576 1818 Sed
1596 1791 1622 1818 iu
1645 1795 1668 1816 te

885 1847 942 1880 ipso
959 1850 1125 1872 conterentur
1140 1844 1236 1878 ﬂuctus
1250 1842 1289 1868 tui
1301 1841 1333 1867 ⁸⁸.

921 1892 964 1919 10.
980 1891 1055 1918 Inter
1073 1891 1187 1917 medium
1215 1888 1342 1915 montium
1366 1884 1563 1922 pertransibunt
1584 1890 1668 1918 aqua.

885 1938 1090 1966 Providentiam
1109 1931 1228 1963 celébrat
1242 1933 1397 1961 minutatim
1412 1935 1486 1967 gesta
1501 1930 1560 1965 ejus
1579 1936 1672 1963 perse-

886 1991 984 2020 quens,
1006 1983 1112 2011 scilicet
1124 1981 1273 2009 bonitatem
1296 1979 1355 2013 ejus
1372 1985 1433 2005 cum
1454 1975 1586 2010 sapientia
1607 1981 1672 2001 con-

885 2031 1008 2066 junctam
1031 2029 1155 2060 miratur,
1189 2034 1294 2054 necnon
1314 2022 1545 2059 perseverantiam
1573 2020 1621 2048 Dei
1643 2020 1672 2047 in

886 2077 1016 2105 curandis
1030 2075 1121 2103 brutis
1146 2072 1348 2101 animantibus:
1366 2077 1428 2097 nam
1453 2073 1596 2104 postquam
1613 2067 1671 2100 ipsa

886 2123 1025 2155 condidit,
1052 2121 1147 2149 eadem
1172 2119 1258 2147 nutrit
1280 2122 1307 2145 et
1335 2120 1419 2152 potat.
1449 2115 1538 2148 Quare
1565 2117 1671 2140 montes

888 2159 1026 2202 scindens,
1042 2167 1121 2202 aquis
1134 2166 1279 2194 transitum
1294 2163 1444 2191 fabricatus
1461 2165 1513 2189 est.

924 2217 968 2244 Η.
986 2215 1122 2242 Putabant
1135 2221 1222 2240 omnes
1243 2211 1332 2238 bestia:
1346 2210 1414 2245 agri.
1438 2210 1477 2235 ita
1502 2207 1589 2235 brutis
1614 2206 1674 2233 aui-

887 2262 1027 2291 mantibus
1052 2264 1107 2287 tam
1131 2258 1274 2293 reptilibus
1301 2264 1384 2291 quam
1410 2255 1476 2282 feris
1492 2253 1626 2288 pmvidet,
1644 2256 1674 2279 ut

887 2309 954 2344 ipsis
975 2306 1129 2335 necessaria
1146 2305 1178 2332 ad
1197 2304 1279 2331 vitam
1296 2302 1458 2337 suppeditet.
1478 2299 1674 2334 Exspectabam

888 2354 982 2388 onagri
995 2354 1022 2379 in
1035 2352 1080 2379 siti
1096 2359 1155 2378 sua.
1171 2350 1204 2376 Et
1219 2349 1283 2376 illud
1300 2355 1409 2383 quoque
1428 2345 1606 2381 providentia:
1623 2351 1676 2371 tua:

888 2407 957 2436 opus
971 2403 1024 2432 est,
1039 2404 1070 2426 ut
1082 2405 1136 2425 non
1153 2396 1241 2423 solum
1258 2396 1290 2423 ad
1306 2395 1431 2422 decorem
1446 2393 1549 2420 circum
1573 2396 1675 2418 torren-

889 2451 930 2474 tes
941 2451 1022 2481 atque
1038 2445 1066 2472 in
1082 2443 1199 2471 vallibus
1220 2450 1252 2470 ac
1273 2441 1425 2469 virentibus
1442 2439 1510 2467 locis
1533 2445 1610 2472 aqua:
1625 2437 1674 2463 da-

887 2497 1108 2526 rentur;verum
1129 2491 1210 2518 etiam
1232 2489 1303 2516 inter
1323 2487 1443 2515 medium
1459 2484 1603 2516 montium,
1619 2491 1674 2517 quo

887 2540 1035 2574 agrestium
1065 2537 1245 2565 animantium
1271 2533 1456 2562 mansuetiora
1473 2530 1631 2565 confugiant
1648 2533 1674 2555 et

887 2586 914 2612 in
931 2584 1056 2619 specioso
1072 2583 1132 2610 loco
1146 2581 1298 2616 quiescant.

883 2642 886 2649 π
926 2631 968 2658 i5.
990 2630 1090 2665 Riguus
1104 2633 1205 2655 montes
1225 2627 1256 2654 de
1276 2625 1454 2661 superioribus
1469 2624 1535 2650 suis.
1552 2622 1631 2656 Rigat
1645 2628 1674 2646 c-

888 2677 945 2704 nim
959 2664 1067 2703 montes
1082 2679 1110 2702 et
1122 2681 1242 2708 campos,
1256 2679 1311 2699 non
1325 2679 1357 2697 es
1374 2669 1496 2696 fontibus
1506 2666 1551 2701 qui
1567 2665 1593 2692 in
1608 2671 1674 2690 con-
1698 2664 1702 2669 '

887 2722 1006 2750 vallibus
1022 2725 1094 2753 sunt,
1111 2723 1158 2747 aut
1175 2727 1207 2747 ex
1222 2718 1382 2746 ﬂuminibus
1397 2716 1423 2742 in
1438 2720 1511 2741 terra
1534 2709 1670 2738 mananti-

888 2769 950 2802 bus,
965 2767 1012 2796 sed
1037 2767 1154 2801 desuper
1171 2765 1340 2793 abundantes
1361 2760 1539 2797 suppeditans
1557 2756 1672 2792 pluxias.
