1926 3051
234 126 287 154 439

655 127 683 154 S.
704 126 890 155 ATHANASH
909 127 985 156 OPP.
1004 128 1096 157 PARS
1115 129 1160 157 Ill.
1177 144 1213 150 —
1232 128 1436 158 EXEGETICA.

1797 129 1846 157 διο

237 185 273 212 hc
297 185 384 219 {ructu
407 193 515 219 operum
539 189 642 212 tuorum
664 186 807 212 satiabitur
826 191 907 213 terra.
940 186 1017 214 Sicut

1072 187 1126 214 ποῦ
1138 187 1198 214 τῶν
1211 187 1306 222 ἔργων
1319 194 1378 215 σου
1393 187 1629 223 χορτασθήσεται
1641 187 1660 222 ἠ
1676 187 1724 222 γῆ.
1745 188 1845 224 Ὥσπερ

235 238 367 266 aquarum
384 231 489 265 copiam
505 231 588 263 dedit,
609 232 645 258 ita
659 235 686 258 et
707 231 864 258 alimentum
889 239 922 259 ex
945 236 1016 260 terra

235 277 352 312 paravit.
884 298 887 301 .

273 323 316 355 Η,
338 323 381 350 l5.
410 322 561 350 Producens
584 323 672 357 fenum
691 323 840 357 jumentis,
859 328 885 350 et
910 323 1016 350 herbam

235 369 356 396 servituti
388 368 532 396 hominum.
569 367 732 396 Servitu‘tem
763 369 905 396 hominum
937 362 1016 396 vocat

237 419 379 442 mansueta
398 414 536 447 animalia,
553 419 583 441 ut
597 419 661 442 Sunt
675 414 734 446 bos,
751 415 845 442 asinus
865 419 893 442 et
905 415 1013 442 similia.

237 460 271 487 Ut
287 461 384 487 educas
395 469 487 494 panem
501 461 533 489 dc
554 466 636 487 terra.
660 460 732 493 Ideo,
756 461 855 496 inquit,
876 461 1015 496 jumento—

235 514 295 533 rum
312 514 404 533 curam
421 506 550 539 habuisti,
573 511 602 533 ut
618 507 761 534 arantibus
781 507 835 534 illis
861 507 1016 534 necessaria

234 552 268 577 ad
293 551 393 579 victum
412 551 593 580 inveniamus.
616 551 707 579 Nostri
729 553 801 580 enim
818 553 903 588 gratia
922 553 1015 580 omnia

234 597 280 624 illa
293 596 423 624 beneﬁcia
438 596 552 624 confert.

271 643 376 674 16,17.
402 643 603 675 Saturubuntur
626 643 699 679 ligna
723 645 819 678 campi.
847 643 968 672 Declarat
983 652 1014 671 ea

233 697 294 724 quae
314 690 341 716 in
359 690 435 716 silvis
454 693 579 724 vegetant
591 690 674 725 ligna,
687 690 762 717 verbi
786 690 882 725 gratia,
908 691 1014 721 cedros,

233 739 261 762 et
276 739 381 767 uetera,
397 735 457 769 ejus
475 740 540 762 nutu
555 735 677 770 augenda
694 735 762 763 fore.
779 736 861 763 Facta
886 740 949 763 sunt
964 743 1014 762 au-

233 785 287 808 tem
306 781 350 808 illa
368 786 395 807 et
408 785 518 816 propter
530 781 583 808 alia
604 782 739 816 quadam,
767 789 884 816 quorum
907 782 1015 816 experi-

234 831 356 854 mentum
377 827 510 855 habemus
522 848 529 859 ,
553 832 581 855 et
599 828 633 855 ad
651 828 731 855 nidos
747 835 900 862 passerum.
921 827 1015 854 Erodii

1067 231 1120 257 τῶν
1136 231 1239 258 ὑδάτων
1253 231 1351 258 δέδωκε
1368 231 1416 267 τὴν
1440 232 1572 268 χορηγίαν
1586 252 1593 265 ,
1617 232 1703 264 οὕτως
1724 233 1771 258 καὶ
1795 233 1846 259 ἀπὺ

1017 299 1019 303 .
1066 276 1117 310 γῆς
1131 275 1276 310 τρέφεσθαι
1293 276 1507 309 παρεσκεύασεν.

1107 322 1134 347 '0
1153 322 1362 354 éEaratéJJwr
1375 324 1483 356 χόρτοι·
1498 323 1560 355 τοῖς
1573 322 1706 355 κτήνεσι,
1720 323 1769 358 καὶ
1780 324 1847 358 χλό-

1067 376 1106 401 ην
1115 367 1152 402 τῇ
1166 367 1287 401 δουλείᾳ
1295 368 1355 395 τῶν
1365 368 1535 403 ἀνθρώπων.
1546 369 1625 395 Δουλε
1630 369 1670 395 ίαν
1680 369 1733 395 τῶν
1746 369 1846 405 ἀνθρὼ-

1067 423 1124 440 πων
1140 415 1174 441 τὰ
1188 415 1279 450 ἥμερα
1291 414 1344 441 τῶν
1356 415 1461 450 κτηνῶν
1476 423 1567 450 φησιν,
1579 413 1634 441 οἷον
1650 414 1712 450 βοῦς
1728 416 1776 442 καὶ
1791 415 1847 446 ὄνος

1067 460 1112 486 καὶ
1126 460 1160 486 τὰ
1176 461 1265 495 ὃμοια.
1283 460 1338 487 Τοῦ
1359 460 1515 495 ἐξαγαγεῖν
1536 460 1626 494 ἄρτον
1648 461 1682 487 ἐκ
1705 459 1760 494 τῆς
1783 460 1846 496 τῆς.

1066 505 1114 531 Διὰ
1128 505 1216 536 τοῦτο,
1240 505 1331 539 φησὶν,
1353 505 1515 541 ἐφρόντισας
1539 505 1592 532 τῶν
1622 504 1738 540 κτηνῶν,
1756 505 1801 531 ἵνα
1817 506 1846 532 δι’

1066 550 1156 577 αὐτῶν
1169 551 1364 586 γεωργούντων
1377 550 1409 577 τὰ
1426 551 1493 586 πρὸς
1510 550 1581 586 ζωὴν
1595 550 1730 586 εὕρωμεν.
1757 551 1849 578 Πάντα

1065 593 1119 628 γὰρ
1138 594 1228 620 ἐκεῖνα
1242 593 1320 629 ἡμῶν
1336 594 1415 630 χάριν
1428 595 1574 630 εὐεργετεῖ.

1100 638 1341 672 Χορτασθήσεται
1359 640 1395 666 τίι
1409 639 1488 672 ξύλα
1509 639 1561 666 τοῦ
1588 640 1702 667 πεδίου.
1724 641 1849 667 Διίκνυσι

1065 684 1112 709 καὶ
1126 682 1160 709 τὰ
1174 683 1204 709 ἐν
1218 683 1313 718 δρυμῷ
1328 682 1444 715 αὔξοντα
1457 683 1532 716 ξύλα,
1548 681 1603 710 οἷον
1623 685 1734 720 κέδρους
1750 685 1798 712 καὶ
1816 686 1849 712 τὰ

1064 727 1155 763 ἕτερα,
1169 729 1225 759 τοῖς
1238 727 1321 754 αὑτοῦ
1333 727 1463 763 νεύμασιν
1480 728 1686 764 αὑξηθήσονται.
1705 729 1806 763 Γέγονε
1823 729 1850 756 δὲ

1065 774 1151 801 ταῦτα
1166 775 1213 801 καὶ
1237 775 1271 801 δι’
1293 775 1374 811 ἕτερα
1394 775 1442 810 μὲν
1456 775 1580 808 πλεῖστα,
1598 772 1635 802 ὧν
1657 776 1705 802 καὶ
1724 777 1774 812 τὴν
1791 778 1850 803 πεῖ-

1068 827 1117 854 ραν
1133 819 1239 855 ἔχομεν,
1257 820 1304 846 καὶ
1323 820 1378 847 τῶν
1392 820 1538 855 στρουθίων
1554 820 1582 846 δὲ
1601 822 1640 852 εἰς
1660 821 1768 852 καλιάς.
1797 821 1850 849 Τοῦ

234 873 329 900 domus
343 873 399 900 dux
413 878 451 900 est
472 881 572 900 carum.
599 873 722 908 Ipsorum
746 881 885 909 passerum
906 874 944 900 ait
965 874 1014 900 du-

1072 864 1186 899 !‘pwo‘toﬁ
1202 865 1221 899 ἠ
1237 865 1318 892 οἰκία
1338 865 1451 900 ἡγεῖται
1475 865 1583 893 αὐτῶν.
1606 866 1700 893 Αὐτῶν
1725 867 1777 902 μὲν
1797 866 1850 894 τῶν

234 926 294 946 cem
309 926 370 946 esse
395 926 443 946 seu
465 924 593 953 praestare
610 919 677 954 ipsis
703 919 790 946 erodii
816 919 922 946 nidum.
946 918 1015 951 Quia

233 964 328 992 electis
342 964 469 990 arborum
491 964 660 996 eelsissimis,
686 964 713 991 in
736 964 872 992 abietibus
893 965 1015 991 omnium

234 1009 393 1037 editissimis
408 1014 438 1037 ut
452 1009 600 1043 plurimum
618 1009 770 1036 nidificant.

270 1095 313 1124 18.
331 1095 432 1123 Montes
443 1096 538 1124 excelsi
556 1097 649 1124 cerris.
666 1096 761 1123 Cervis
773 1103 894 1130 quoque,
919 1095 966 1128 ait,
988 1095 1016 1122 in

233 1142 370 1178 refugium
391 1147 498 1170 montes
514 1143 598 1176 dedit,
611 1147 641 1169 ut
662 1150 695 1170 eo
717 1142 894 1176 confugerent
912 1149 928 1168 a
944 1141 1017 1169 fero-

234 1189 354 1216 cioribus
383 1190 578 1217 animantibus.
610 1189 691 1216 Petra
718 1189 847 1224 refugium
864 1188 1015 1215 herinaciis.

235 1235 469 1268 Quemadmodum
487 1236 575 1263 cervis
599 1241 706 1263 montes
732 1235 808 1262 dedit
830 1235 864 1262 ad
880 1234 993 1262 salutem
1007 1255 1015 1266 ,

237 1282 275 1308 ita
291 1286 318 1308 et
335 1288 459 1308 recessus
474 1285 613 1316 petrarum
630 1281 777 1308 herinaeiis
800 1281 857 1308 sive
882 1280 1017 1308 cuniculis

236 1327 318 1355 dedit.
336 1327 425 1360 Quare
440 1327 656 1354 incolumitatem
672 1327 745 1354 nacti
771 1327 820 1360 illi,
849 1331 877 1354 ut
891 1327 1017 1361 superius

236 1372 339 1400 dictum
358 1377 417 1400 est:
432 1372 470 1399 De
484 1373 568 1399 medio
587 1377 722 1407 petrarum
737 1373 838 1399 dabunt
853 1380 935 1399 voces.
949 1371 1018 1399 Lau-

234 1419 295 1447 dem
312 1419 437 1446 videlicet
451 1418 546 1446 dantes
563 1419 680 1447 servanti
697 1420 780 1454 ipsos.

270 1499 313 1526 l9.
335 1498 408 1525 Fecit
427 1499 518 1525 tunam
540 1499 568 1525 in
583 1503 710 1533 tempora.
729 1498 855 1526 Recurrit
872 1499 968 1526 iterum
983 1499 1016 1526 ad

1067 910 1213 946 στρουθίων
1228 911 1352 947 ἡγεῖσθαί
1374 920 1455 947 φησιν
1469 912 1528 947 ἤτοι
1545 912 1594 947 τὴν
1607 911 1703 939 καλιὰν
1719 912 1768 939 τοῦ
1783 913 1850 947 ἐρω-

1065 956 1134 989 διοῦ,
1147 956 1191 983 διὰ
1205 956 1235 983 τὸ
1251 957 1283 983 τὰ
1299 957 1453 992 ὑψηλότατα
1473 957 1527 984 τῶν
1541 957 1655 992 δένδρων
1675 958 1852 992 καταλαμϐά-

1066 1011 1144 1029 νοντα
1156 1003 1303 1029 νεοττεύειν
1319 1003 1356 1035 ib;
1378 1004 1478 1030 ἐπίπαν
1497 1004 1527 1029 ὲν
1544 1003 1652 1035 ἐλάταις
1672 1005 1733 1036 ταῖς
1756 1004 1851 1031 πασῶν

1067 1048 1248 1084 ὑψηλοτάταις
1263 1049 1316 1075 τῶν
1331 1049 1448 1084 δένδρων

1103 1095 1175 1128 ὀρη
1188 1094 1223 1121 τὰ
1235 1094 1340 1128 ὑψηλὰ
1354 1094 1416 1128 ταῖς
1428 1095 1561 1130 ἐλάφοις.
1579 1095 1635 1122 Καὶ
1650 1095 1709 1126 ταῖς
1730 1094 1848 1128 ἐλάφοις,

1066 1141 1142 1175 φησὶ,
1159 1140 1258 1167 δέδωκε
1280 1140 1314 1167 τὰ
1338 1141 1388 1176 ὅρη
1413 1141 1573 1181 καταφυγὴχ
1597 1141 1643 1167 ἐπὶ
1666 1141 1697 1167 τὸ
1721 1141 1850 1174 ἐκφυγεῖν

1065 1186 1119 1213 τῶν
1141 1186 1217 1218 ζώων
1234 1185 1269 1213 τὰ
1293 1186 1458 1222 ἀγριώτερα.
1490 1186 1587 1221 Πέτρα
1610 1185 1766 1220 καταφυγὴ
1789 1185 1850 1217 τοῖς

1065 1232 1202 1267 λαγωοῖς.
1230 1233 1336 1268 ’Ὠσπερ
1359 1233 1392 1259 τὰ
1417 1233 1467 1268 ὅρη
1488 1233 1527 1264 εἰς
1548 1232 1683 1267 σωτηρίαν
1710 1233 1772 1264 ταῖς
1791 1231 1851 1258 ἐλά-

1065 1285 1126 1312 φοις
1147 1277 1297 1309 ἀπέδωκεν,
1320 1276 1406 1309 οὕτως
1421 1277 1468 1309 καὶ
1490 1277 1540 1308 τὰς
1557 1276 1716 1308 καταδύσεις
1732 1276 1786 1302 τῶν
1802 1284 1850 1302 ’πε⁸

1065 1323 1138 1358 τρῶν
1165 1324 1221 1354 τοῖς
1240 1322 1364 1357 λαγωοῖς.
1397 1323 1441 1349 Διὸ
1463 1322 1495 1358 δὴ
1520 1323 1567 1349 καὶ
1589 1323 1668 1350 αὐτοὶ
1689 1323 1722 1348 ἐκ
1747 1322 1850 1348 τούτων

1067 1368 1214 1404 σωζόμενοι
1229 1369 1258 1395 ὲν
1272 1370 1327 1400 τοῖς
1339 1369 1426 1395 ὀπίσω
1442 1368 1535 1402 ἔλεγον
1549 1369 1578 1395 τό
1592 1377 1599 1383 ·
1620 1368 1667 1394 Ἐκ
1677 1367 1777 1401 μέσου
1791 1366 1850 1394 τῶν

1066 1414 1182 1450 πετρῶν
1197 1414 1333 1441 δώσουσι
1359 1414 1471 1449 φωνάς.
1492 1414 1635 1446 Δίνοῦντες
1652 1413 1782 1449 δηλονότι
1806 1413 1851 1439 τὸν

1066 1461 1196 1493 σώζοντα.

1107 1508 1244 1541 Ἐποίησε
1260 1506 1397 1540 σελήνην
1417 1507 1461 1539 εὶς
1474 1507 1604 1541 καιρούς.
1628 1506 1784 1542 Ἀνατρέχει
1799 1505 1849 1531 πά-

231 1545 433 1582 ντονίάθηῑίτιῐι)
449 1553 510 1580 qua?
533 1546 560 1572 Ῐη
576 1547 651 1574 unus
675 1551 796 1581 ³ΡΡ²¹¹¹εῐο
812 1546 844 1574 Et
864 1547 899 1574 οἱ)
914 1547 1014 1573 "uuam
1029 1540 1049 1570 Ο
1066 1553 1106 1580 λιν
1127 1554 1173 1580 ἐπὶ
1186 1540 1235 1588 τὴν
1251 1554 1280 1579 ὲν
1295 1554 1351 1584 τοῖς
1367 1553 1492 1588 οὐρανοῖς
1514 1540 1650 1588 πρόνοιαν.
1669 1540 1715 1578 Διί
1728 1551 1805 1578 οὐδὲν
1823 1551 1850 1578 δὲ

233 1593 314 1619 aliam
329 1599 441 1619 causam
459 1593 557 1619 factam
570 1600 632 1620 esse
647 1593 739 1619 lunam
759 1592 834 1624 dicit,
850 1593 903 1620 nisi
916 1593 950 1619 ad
968 1601 1016 1620 nu—

234 1645 340 1666 merum
367 1644 394 1665 et
408 1639 612 1666 distinctionem
629 1640 764 1666 mensium
790 1643 871 1674 atque
895 1639 1014 1667 dierum.

235 1684 282 1712 Sal
297 1685 414 1720 cognouit
429 1693 552 1712 occasum
563 1693 649 1713 suum.
665 1685 761 1713 Divino
774 1689 801 1713 et
815 1686 874 1720 ipse
888 1685 1016 1714 mandato

233 1730 434 1765 obtemperans.

272 1775 316 1802 20.
335 1775 455 1802 Posuisti
470 1776 588 1803 tenebras
599 1781 624 1803 et
640 1776 713 1810 facta
725 1783 761 1804 est
775 1785 838 1804 nox.
853 1776 910 1805 Hoc
925 1778 973 1809 ait.
987 1782 1016 1804 ut

233 1829 268 1848 ne
294 1821 378 1848 alium
392 1821 456 1854 diei,
485 1822 568 1849 alium
593 1822 683 1850 noctis
709 1822 833 1858 opiﬁcem
855 1831 916 1851 esse
940 1824 1015 1851 arbi-

233 1873 347 1895 tremur.

268 1914 313 1942 25.
328 1914 420 1941 Exibit
437 1915 514 1942 homo
530 1915 564 1941 ad
586 1924 650 1950 opus
672 1913 760 1942 suum.
778 1915 909 1943 Homines
936 1922 1016 1943 noue

232 1960 450 1995 impediebantur
479 1961 626 1995 quominus
653 1969 701 1996 per
728 1962 786 1988 vias
817 1962 849 1988 ad
875 1961 1014 1989 colendam

233 2011 332 2033 terram
347 2011 498 2041 pergerent.
517 2007 570 2034 Sed
587 2007 642 2041 jam
660 2012 726 2034 eunt
753 2008 896 2042 qumsitum
913 2015 1015 2040 escam,

233 2052 364 2087 quoniam
381 2060 435 2079 non
457 2053 511 2080 illis
533 2058 605 2080 terra
627 2053 755 2088 producit
775 2053 867 2080 fenum
891 2058 938 2081 aut
952 2055 1016 2081 her—

232 2099 307 2126 bam.

265 2144 312 2175 24,
330 2144 375 2171 25.
394 2144 481 2177 Quam
504 2145 674 2178 magniﬁcam
699 2150 761 2172 sunt
779 2154 859 2180 opera
883 2150 939 2178 tua,
961 2146 1016 2173 Do-

232 2191 310 2217 mine.
327 2189 477 2224 Postquam
491 2198 644 2218 sermonem
661 2191 693 2218 de
709 2192 877 2225 providentia
893 2193 1014 2227 comple-

232 2235 280 2267 vit,
293 2236 327 2263 ad
343 2236 534 2264 celebrandum
548 2244 610 2263 cum
624 2237 670 2272 qui
685 2237 734 2264 ista
751 2238 936 2272 condiditjam
950 2246 1016 2266 con—

231 2282 358 2314 vertitur,
383 2282 446 2308 hine
468 2282 582 2309 auribus
603 2283 724 2317 requiem
739 2291 848 2318 parans.
864 2283 965 2312 Deinde
981 2285 1014 2311 ad

233 2328 315 2355 aliam
331 2328 507 2362 providentiae
519 2335 622 2363 partem
637 2330 818 2364 progreditur,
837 2330 956 2358 humida:
971 2339 1016 2358 na-

233 2378 302 2400 tum
326 2373 470 2400 transitum
494 2381 647 2401 enarrans:
672 2382 733 2408 qua:
758 2383 898 2410 nunquam
922 2376 1017 2411 hujus-

234 2418 307 2445 modi
319 2417 425 2451 fuisset,
442 2418 494 2445 nisi
509 2418 555 2446 Dei
568 2420 736 2454 providentia
747 2421 896 2455 gubernata
908 2421 1015 2449 fuisset.

236 2463 332 2492 Omnia
347 2465 376 2490 in
387 2465 519 2499 sapientia
534 2465 630 2500 fecisti.
655 2466 778 2493 Mirabile
800 2467 851 2494 hoc
865 2471 916 2499 est,
942 2472 972 2495 ut
989 2474 1017 2496 et

235 2510 377 2546 sapientia.
385 2519 438 2546 qua
451 2511 504 2538 hoc
515 2511 619 2540 effecit:
635 2516 678 2540 est
691 2514 763 2541 enim
772 2514 897 2542 Christus
908 2514 955 2542 Dei
963 2516 1017 2542 vir-

235 2561 280 2583 tus
293 2561 319 2582 et
339 2555 386 2583 Dei
397 2556 541 2592 sapientia.

268 2601 314 2628 26.
330 2601 415 2628 Draco
437 2603 486 2630 iste
507 2610 583 2644 quem
604 2604 726 2638 formasti
747 2605 782 2631 ad
802 2605 966 2633 illudendum
980 2607 1014 2635 ei.

235 2647 383 2682 Postquam
412 2648 446 2676 de
476 2650 545 2677 mari
574 2650 656 2678 verba
685 2649 749 2678 fecit
770 2651 897 2679 draconis
924 2653 1017 2688 injecit

234 2695 414 2728 memoriam,
436 2703 498 2723 eum
521 2695 596 2723 inulla
615 2696 668 2724 alia
691 2697 724 2724 de
750 2705 832 2725 causa
855 2698 1016 2732 productum

235 2740 311 2769 aiens
325 2749 406 2776 quam
419 2746 449 2769 ut
463 2741 633 2770 illuderetur.
644 2741 746 2777 l-ltjure
758 2743 866 2778 quidem
890 2743 923 2771 de
948 2743 1016 2771 mari

235 2787 346 2822 loquens
363 2787 445 2823 hujus
467 2788 602 2822 meminit,
628 2789 692 2824 quia
709 2793 766 2817 tota
783 2790 834 2817 vita
851 2795 942 2818 nostra
967 2798 1015 2818 ceu

1065 1600 1159 1635 ἕτερον
1173 1599 1336 1634 γεγενῆσθαι
1344 1599 1393 1634 τὴν
1405 1598 1520 1634 σελήνην
1528 1598 1609 1634 φησὶν
1620 1599 1636 1633 ἢ
1653 1598 1722 1633 πρὸς
1736 1597 1852 1633 ἀριθμὺν

1066 1646 1113 1672 καὶ
1126 1646 1269 1680 διάγνωσιν
1289 1645 1380 1679 μηνῶν
1390 1653 1420 1670 τε
1432 1644 1480 1671 καὶ
1489 1643 1611 1680 ἡμερῶν.
1623 1644 1655 1669 '0
1674 1643 1762 1676 ἣλιος
1777 1643 1853 1676 ἔγνω

1066 1690 1123 1725 τὴν
1131 1690 1221 1717 δύσιν
1228 1689 1331 1716 αὑτοῦ.
1341 1688 1409 1724 Θείῳ
1419 1689 1464 1715 καὶ
1471 1689 1553 1721 αὐτὸς
1561 1688 1751 1724 προστάγματι
1760 1687 1852 1714 πειθό-

1068 1743 1157 1770 μενος.

1102 1780 1194 1807 Ἕθου
1208 1779 1318 1811 σκότος
1338 1779 1386 1805 καὶ
1412 1777 1531 1812 ἐγένετο
1553 1777 1622 1810 νύξ.
1650 1776 1736 1804 Τοῦτό
1759 1785 1851 1812 φησιν,

1066 1825 1110 1852 ἴνα
1129 1824 1165 1860 μὴ
1180 1825 1258 1851 ἄλλον
1271 1824 1435 1859 δημιουργὸν
1451 1824 1500 1858 τῆς
1515 1823 1630 1859 ἡμέρας,
1649 1823 1696 1849 καὶ
1710 1823 1788 1849 ἄλλον
1804 1823 1851 1857 τῆς

1066 1869 1162 1900 νυκτὸς
1178 1868 1348 1904 λογισώμεθα
1365 1866 1444 1895 εἶναι.

1108 1915 1316 1947 Ἐξελεύσεται
1339 1914 1493 1948 ἄνθρωπος
1511 1913 1560 1940 ἐπὶ
1585 1913 1618 1940 τὸ
1637 1913 1727 1947 ἔργον
1747 1913 1851 1939 αὑτοῦ.

1066 1959 1097 1985 Οἰ
1111 1958 1248 1993 ἅνθρωποι
1261 1959 1359 1992 ἐξιέναι
1370 1952 1400 1984 τέ
1414 1959 1481 1994 πρὸς
1491 1959 1567 1989 ὁδοὺς
1585 1959 1631 1986 καὶ
1648 1958 1699 1993 γῆς
1722 1958 1852 1993 ἐργασίαν

1068 2004 1228 2031 ἐκωλύοντο.
1247 2004 1335 2031 Τανῦν
1355 2004 1383 2030 δὲ
1406 2004 1501 2036 νυκτὸς
1518 2004 1600 2037 ἔξεισι
1619 2004 1764 2038 ζητοῦντες
1782 2004 1853 2039 βρῶ-

1067 2059 1109 2077 σιν
1121 2051 1195 2087 παρὰ
1211 2050 1279 2078 Θεοῦ
1292 2060 1299 2066 ·
1316 2052 1375 2078 ἐπεὶ
1392 2052 1429 2087 μὴ
1444 2051 1490 2078 καὶ
1503 2052 1593 2082 αὐτοῖς
1605 2051 1770 2083 ἐξανέτειλεν
1784 2053 1801 2086 ἡ
1817 2052 1850 2086 γῆ

1067 2098 1162 2134 χόρτον
1181 2098 1197 2133 ἢ
1210 2098 1301 2133 χλόην.

1108 2144 1156 2176 Ὠς
1171 2144 1357 2179 ἐμεταλύνθη
1370 2143 1405 2170 τὰ
1420 2143 1492 2177 ἔργα
1505 2151 1574 2174 σου,
1590 2143 1688 2177 Κύριε.
1710 2142 1763 2168 Τὸν
1789 2143 1853 2177 περὶ

1067 2191 1116 2225 τῆς
1130 2190 1257 2225 προνοίας
1272 2188 1412 2222 διεξελθὼν
1423 2189 1512 2222 λόγον.
1528 2189 1574 2215 ἐπὶ
1586 2187 1669 2224 ὕμνον
1683 2187 1730 2214 τοῦ
1743 2186 1853 2213 κτίσαν-

1067 2242 1111 2266 τος
1131 2234 1177 2260 τὸν
1194 2234 1271 2268 λόγον
1293 2233 1435 2268 μετέϐαλε,
1447 2233 1619 2260 διαναπαύων
1631 2232 1725 2268 ὥσπερ
1737 2231 1780 2258 διὰ
1791 2231 1853 2257 τοὺ-

1066 2289 1112 2307 του
1138 2280 1186 2315 τὴν
1206 2280 1302 2314 ἀκοήν.
1325 2277 1393 2306 Εἶτα
1416 2279 1497 2306 πάλιν
1518 2279 1560 2313 ἐφ’
1575 2278 1668 2314 ἓτερον
1686 2273 1780 2313 μέρος
1803 2277 1853 2312 τῆς

1067 2326 1194 2362 προνοίας
1219 2325 1337 2361 ἔρχεται,
1355 2325 1405 2360 τὴν
1422 2326 1450 2351 ὲν
1460 2326 1492 2360 τῇ
1509 2325 1581 2360 ὑγρᾷ
1595 2323 1706 2360 πορείαν
1722 2323 1854 2357 ἀναγγελ-

1067 2371 1119 2397 λων
1138 2371 1203 2405 ἡμῖν
1216 2378 1222 2385 ·
1248 2370 1309 2404 ἥτις
1331 2370 1381 2396 οὐκ
1403 2369 1436 2396 ἂν
1450 2369 1559 2403 ἐγένετό
1577 2377 1654 2400 ποτε,
1680 2368 1718 2403 μὴ
1737 2368 1786 2402 τῆς
1805 2368 1852 2394 τοῦ

1066 2415 1134 2442 Θεοῦ
1149 2416 1177 2442 ὲν
1203 2414 1277 2450 αὒτῷ
1295 2413 1513 2450 διακυϐερνώσης
1529 2413 1664 2449 προνοίας.
1691 2412 1793 2439 Πάντα
1818 2414 1854 2440 ἐν

1066 2462 1159 2496 σοφίᾳ
1174 2461 1330 2495 ἐποίησας.
1347 2460 1539 2496 Θαυμαστικὸν
1551 2459 1583 2495 δὴ
1597 2460 1637 2492 τὸ,
1648 2459 1686 2491 ὡς
1706 2459 1754 2485 καὶ
1772 2459 1853 2493 σοφία

1066 2509 1096 2534 ὲν
1145 2508 1234 2535 πάντα
1248 2507 1375 2543 ἐποίησεν
1396 2507 1410 2532 ὁ
1435 2507 1554 2542 Κύριος·
1576 2506 1633 2532 ἔστι
1658 2505 1713 2541 γὰρ
1736 2506 1852 2540 Χριστὸς

1066 2554 1133 2580 Θεοῦ
1145 2553 1259 2588 δύναμις
1272 2554 1319 2579 καὶ
1334 2552 1402 2579 θεοῦ
1417 2553 1507 2587 σοφία.

1097 2599 1215 2632 Δράκων
1229 2597 1315 2631 οὗτος
1323 2598 1358 2625 ὃν
1368 2599 1503 2631 ἔπλασας
1514 2597 1663 2633 ἐμπαίζειν
1674 2597 1764 2630 αὐτῷ.
1778 2597 1852 2632 Παρ-

1067 2644 1177 2671 ενέῧαλε
1203 2644 1242 2679 τῷ
1255 2644 1306 2679 τῆς
1322 2643 1455 2679 θαλάττης
1472 2643 1542 2678 λόγῳ
1561 2643 1610 2678 τὴν
1632 2643 1696 2678 περὶ
1718 2642 1767 2669 τοῦ
1787 2642 1854 2677 δρά-

1067 2698 1158 2721 κοντος
1173 2690 1284 2725 μνήμην
1297 2689 1476 2724 γεγενῆσοαι·
1494 2689 1527 2714 δι’
1555 2689 1631 2716 οὐδὲν
1653 2689 1746 2724 ἕτερον
1763 2689 1853 2724 φήσας

1067 2734 1205 2771 παρῆχθαι
1219 2735 1309 2763 αὑτὸν.
1322 2734 1337 2770 ἢ
1358 2736 1396 2766 εἰς
1408 2734 1439 2761 τὸ
1453 2733 1677 2766 καταπαίζεσθαι.
1705 2734 1760 2760 Καὶ
1779 2733 1854 2759 εἰκός

1067 2789 1120 2812 τως
1138 2782 1166 2807 ὲν
1178 2779 1216 2815 τῷ
1233 2780 1296 2815 περὶ
1312 2780 1360 2816 τῆς
1381 2779 1517 2815 θαλάσσης
1532 2779 1603 2814 λόγῳ
1618 2779 1712 2806 τούτου
1732 2777 1855 2813 ἐμνημό-
