1926 3051
249 142 304 169 435

666 141 694 168 S.
715 140 900 169 ATHANASII
920 140 996 168 OPP.
1018 139 1107 166 PARS
1127 140 1169 168 Ill.
1190 155 1224 161 -—-
1244 140 1449 170 EXEGETICA.

1821 143 1868 170 456

249 205 311 225 rum
326 203 353 224 et
363 196 583 230 distributurum,
608 201 637 224 ut
650 197 867 232 praestantiorem
885 196 959 223 illam
972 195 1034 222 novi

1095 197 1161 231 τρεῖν
1186 197 1234 223 καὶ
1256 196 1376 233 μερίζειν
1396 197 1604 231 ἐπαγγέλλεται·
1620 196 1664 224 ἵνα
1675 197 1724 233 τὴν
1738 197 1871 234 ἐξαίρετον

248 244 348 279 Ioseph
367 243 467 271 Christi
484 244 667 272 haereditatem
689 245 803 280 ﬁgurate
817 243 953 278 intelligas
966 250 1034 277 gen-

250 291 323 318 tibus
334 289 506 317 dividendam
519 297 590 317 esse.

339 334 360 362 Ι.
377 333 410 361 In
425 335 513 369 ﬁnem,
530 333 698 361 PSALMUS
713 332 807 359 David.
823 329 934 359 CVIII.

542 381 743 416 Argumentum.

247 426 370 454 Praesens
386 427 507 461 psalmus
530 427 672 461 passiones
686 425 788 453 Christi
805 424 952 459 signiﬁcat,
970 431 1034 451 nec-

282 481 336 500 non
353 473 484 508 supplieia
503 473 536 500 de
555 472 624 500 Juda
643 477 670 500 ct
694 473 728 499 de
749 471 849 506 populo
861 470 974 498 Judaico
987 478 1034 497 su-

283 519 389 546 menda.
402 519 576 553 Quaecunque
591 518 709 552 porroin
726 517 779 544 hoc
792 516 898 551 psalmo
913 514 1033 550 optando

280 565 419 597 dicuntur,
432 565 588 599 prophetica
598 564 690 591 omnia
704 563 776 590 dicta
792 562 877 590 fuisse
891 561 1033 590 sciendum

280 616 332 638 est.
351 610 386 638 Ut
405 618 466 637 cum
488 611 553 638 dicit
569 620 576 637 τ
592 610 718 637 Diabolus
737 613 787 636 stet
806 617 823 634 a
847 608 946 635 dextris
963 607 1031 639 eius,

280 656 391 690 perinde
405 663 445 683 est
456 664 487 683 ac
503 657 526 683 si
536 656 637 683 diceret
654 665 660 682 :
677 655 775 682 Stabit.
792 653 851 681 Non
868 655 941 681 enim
957 658 1033 688 optat

280 707 310 730 ut
328 703 353 730 id
375 703 499 736 eveniat;
516 703 565 730 sed
583 710 645 737 quae
664 703 723 736 ejus
743 701 930 735 improbitatis
949 707 1031 727 causa

280 754 412 776 eventura
435 749 490 776 sint
515 749 572 784 ipse
591 748 756 783 praenuntiat
776 756 782 774 :
803 747 876 782 quod
894 746 977 773 etiam
999 745 1033 772 de

278 795 341 823 aliis
366 796 491 823 similiter
518 795 675 822 dicendum.
701 793 826 821 Habeant
854 793 903 826 illi,
932 792 1030 826 inquit,

279 842 504 872 calumniatores,
513 841 559 874 qui
573 848 625 867 non
638 840 787 867 abscedant
799 839 833 866 ab
846 839 896 866 eis.
906 837 935 865 Si
950 845 1030 872 porro

274 886 444 921 judicentur,
463 887 497 913 ab
518 887 571 913 illis
594 886 767 912 damnentur.
788 885 844 912 lmo
866 885 948 911 etiam
968 883 990 910 si
1007 887 1032 910 te

281 932 308 958 in
323 937 444 966 tempore
461 932 594 966 angustia:
608 931 843 963 invocaverint,“
858 930 911 957 illis
927 930 954 956 in
969 937 1032 963 pec—

275 982 368 1004 catum
382 982 563 1011 computetur,
577 981 701 1003 revocata
714 981 888 1010 peccatorum
907 975 1029 1010 ipsorum

278 1023 422 1050 memoria.
446 1024 509 1050 Dies
529 1030 624 1050 eorum
651 1021 789 1053 abbrevia,
808 1025 837 1048 ut
852 1021 919 1056 ipsis
941 1020 1031 1047 adhuc

278 1069 431 1096 viventibus
457 1077 489 1095 at:
511 1069 676 1100 videntibus,
696 1068 854 1102 dignitatem
875 1067 950 1097 illam
976 1073 1031 1100 qua

278 1122 418 1149 nunquam
443 1122 507 1142 vere
529 1116 607 1149 potiti
628 1119 693 1142 sunt
715 1115 785 1142 alter
802 1113 901 1148 rapiat.
927 1111 1030 1139 Deinde

276 1169 350 1196 .psos
365 1161 427 1187 tolle
437 1161 470 1188 de
484 1160 586 1193 medio.
600 1161 637 1188 ita
657 1165 687 1188 ut
706 1161 828 1195 ipsorum
843 1158 984 1186 calamitas
996 1157 1030 1184 ad

274 1214 369 1233 eorum
387 1211 510 1241 posteros
527 1207 709 1240 devolvatur;
732 1211 759 1234 et
782 1206 830 1233 ﬁlii
852 1212 949 1232 eorum
973 1203 1030 1230 sint

277 1252 403 1286 orphani,
421 1256 448 1279 et
466 1256 534 1279 u'xor
556 1260 653 1279 eorum
673 1253 806 1280 viduitate
825 1251 980 1286 alﬁigatur;
998 1257 1030 1276 ac

276 1296 324 1324 ﬁlii
340 1297 364 1323 vi
384 1297 512 1331 pertracti
526 1302 608 1332 atque
624 1297 733 1332 raptati,
750 1297 784 1324 de
797 1301 905 1331 patrum
919 1294 1029 1322 sceleri-

277 1343 329 1370 bus
343 1350 437 1376 poenas
454 1343 541 1370 luant.

276 1388 302 1415 2.
329 1388 411 1420 Deus,
430 1389 536 1415 laudem
556 1395 641 1414 meam
659 1395 690 1413 ne
705 1389 828 1413 tacueris.
849 1387 879 1414 In
898 1386 1029 1417 Ecclesiis

240 1434 343 1461 Christi
357 1439 599 1469 quantumcunque
611 1439 658 1468 per
666 1433 760 1460 orbem
778 1433 994 1467 multiplicemur
1002 1437 1030 1461 et

240 1480 408 1512 exoriantur,
431 1480 524 1507 laudat
549 1479 621 1507 Deus
640 1478 739 1506 Filium
762 1486 853 1506 suum.
877 1479 921 1506 Ait
946 1479 1030 1515 igitur

241 1526 316 1553 Patri
333 1534 383 1553 suo
404 1525 530 1553 Chrislus
547 1535 553 1552 :
572 1524 685 1552 Etiamsi
703 1523 786 1552 Judas
803 1532 866 1552 cum
884 1532 926 1552 me
943 1526 1028 1553 tradi-
1041 1545 1064 1574 ϐ

240 1572 279 1600 dit
291 1573 365 1599 visus
381 1573 430 1599 sibi
452 1572 532 1600 fuerit
544 1572 676 1606 impedire
692 1571 801 1599 laudent
820 1578 908 1599 meam
926 1579 933 1604 ;
950 1577 978 1599 at
998 1577 1026 1599 tu

240 1626 284 1645 me
303 1618 422 1650 laudato,
439 1618 587 1653 deitatique
613 1625 680 1644 mea:
707 1616 796 1652 praebe
823 1617 1025 1650 testimonium,

239 1670 321 1697 quam
335 1664 398 1697 quia
415 1671 468 1690 non
485 1664 600 1691 credidit
613 1663 708 1696 ludas,
720 1671 763 1690 me
777 1663 896 1690 tradidit.
913 1663 982 1695 Quia
997 1673 1025 1692 os

238 1710 384 1744 peccatoris
403 1714 426 1736 et
439 1717 466 1736 os
480 1709 565 1735 dolosi
584 1717 663 1744 super
672 1717 713 1737 me
730 1714 850 1744 apertum
868 1714 916 1736 est.
931 1708 1029 1737 Pecca-

240 1755 316 1788 toris,
330 1755 434 1782 scilicet
448 1755 549 1782 diaboli
563 1764 570 1788 ;
587 1755 645 1790 ipse
659 1763 777 1789 namque
786 1759 912 1790 peccator
931 1755 1027 1783 adver-

238 1807 286 1828 sus
305 1801 446 1828 veritatem
470 1810 476 1827 :
497 1801 584 1827 dolosi
608 1804 709 1832 autem,
723 1799 799 1828 Iudae
814 1808 930 1836 nempe;
945 1802 1026 1829 ambo

237 1845 310 1872 enim
328 1850 420 1872 contra
433 1845 571 1872 Christum
586 1845 669 1872 locuti
685 1849 758 1872 sunt.

273 1891 300 1923 5,
315 1891 342 1921 4,
353 1890 379 1917 5'.
394 1890 445 1917 Pro
458 1899 486 1918 eo
497 1895 525 1917 ut
534 1899 573 1917 me
581 1891 719 1926 diligerent
731 1891 902 1918 detrahebant
913 1891 1023 1918 mihi....

237 1940 262 1963 et
277 1941 418 1971 posuerunt
429 1936 566 1967 adversum
578 1944 617 1964 me
630 1936 701 1969 mala
715 1944 762 1970 pro
776 1936 862 1968 bonis,
878 1935 1026 1964 elc.Verba

238 1982 291 2009 alia
307 1983 409 2010 amoris
423 1987 496 2014 sunt,
512 1983 565 2009 alia
581 1982 647 2015 odii,
679 1982 733 2009 alia
749 1982 783 2009 ad
800 1987 927 2009 neutrum
939 1983 1024 2017 perti-

238 2033 312 2055 nent.
325 2028 623 2062 Adulabatunnamque
636 2028 684 2055 ille
695 2035 745 2055 ceu
759 2028 930 2062 magistrum,
942 2032 1025 2063 atque

237 2073 308 2101 dolis
323 2074 347 2100 id
365 2074 545 2101 contendebat
559 2078 588 2101 ut
599 2074 761 2108 magistrum
772 2074 909 2108 proderet.

274 2119 300 2146 6.
320 2119 456 2146 Constitue
469 2127 548 2154 super
565 2127 624 2145 eunt
636 2122 809 2154 peccator-em.
831 2118 963 2146 Peccator
983 2124 1024 2147 est

237 2165 295 2200 ipse
309 2165 412 2200 peccati
431 2164 556 2192 inventor
577 2163 704 2191 Satanas.
720 2163 790 2191 Illud
805 2169 908 2198 autem,
924 2165 1023 2191 consti-

1085 242 1132 268 τοῦ
1149 242 1209 268 νέου
1229 242 1326 278 Ἰωσὴφ
1350 243 1397 270 τοῦ
1423 242 1542 278 Χριστοῦ
1561 243 1744 278 κληρονομίαν
1770 244 1870 279 μερίζε-

1087 287 1148 314 σθαι
1165 288 1334 323 συμϐολικῶς
1349 289 1448 325 νοήσῃς
1464 290 1520 320 τοῖς
1534 288 1649 316 ἔθνεσιν.

1160 336 1212 367 Εἰς
1227 335 1262 361 τὸ
1277 334 1373 368 τέλος,
1390 336 1544 362 ΨΑΛΜΟΣ
1559 335 1599 368 τῷ
1613 335 1713 363 Δαυΐδ.
1735 337 1802 364 PII.

1176 404 1182 409 .
1400 381 1561 414 Ὑπόθεσις.

1090 426 1119 451 '0
1134 425 1229 462 παρὼν
1245 426 1350 462 ψαλμδς
1365 426 1400 453 τὰ
1417 426 1489 462 πάοη
1505 426 1553 453 τοῦ
1571 427 1689 462 Χριστοῦ
1703 429 1870 463 κατασημαί-

1120 480 1171 503 νει,
1193 472 1241 503 τάς
1262 481 1291 499 τε
1304 473 1435 508 ἐσομένας
1448 472 1582 508 τιμωρίας
1597 474 1666 500 κατά
1678 482 1707 500 τε
1722 473 1771 500 τοῦ
1794 473 1872 500 Ἰούδα

1119 519 1165 544 καὶ
1177 519 1258 545 αὐτοῦ
1273 519 1320 546 τοῦ
1340 518 1471 546 Ἰουδαίων
1487 519 1636 546 λαοῦ.’⁷οσα
1646 519 1673 546 δὲ
1684 520 1820 551 εὐκτικῶς
1831 521 1871 547 λέ-

1118 563 1212 590 λεκται
1222 565 1251 590 ἐν
1263 564 1301 600 τῷ
1310 563 1421 599 ψαλμῷ,
1434 564 1531 595 ἰστέον,
1543 565 1584 591 ὅτι
1595 566 1774 600 προφητικῶς
1787 566 1872 592 πάντα

1117 610 1234 644 εἴρηται.
1249 607 1310 636 Οἷον
1322 611 1385 637 ὅταν
1398 610 1484 644 λέγει·
1503 611 1646 643 Διάϐολος
1660 610 1761 644 στήτω
1775 612 1811 638 ἐκ
1826 612 1872 638 δε-

1118 654 1191 687 ξιῶν
1208 656 1314 688 αὐτοῦς
1333 656 1393 682 ἀντὶ
1415 656 1472 688 τοῦ,
1487 657 1642 690 στήσεται,
1661 657 1744 690 λέγει.
1760 658 1798 684 Οὐ
1821 658 1873 693 γὰρ

1118 701 1229 736 εὔχεται
1242 703 1321 728 τοῦτο
1332 702 1458 736 γενέσθαι
1468 711 1474 717 ·
1490 702 1548 729 ἀλλ’
1562 702 1576 729 ὅ
1591 703 1666 737 μέλει
1681 702 1820 738 συμϐῆναι
1833 704 1873 730 διὰ

1117 747 1165 782 τὴν
1179 747 1282 774 ἐκείνου
1295 748 1394 774 κακίαν
1407 747 1485 774 τοῦτο
1498 747 1690 783 προαγορεύει·
1704 748 1751 774 καὶ
1765 749 1812 774 ἐπὶ
1822 749 1873 775 sint

1117 793 1204 820 ἄλλων
1220 793 1248 820 δὲ
1263 793 1522 826 ὡσαύτως.’¹Εξοιεν,
1541 794 1616 829 φησὶ,
1640 793 1686 819 καὶ
1711 791 1783 820 οἷτοι
1813 794 1873 826 τοὺς

1117 838 1319 870 διαϐάλλοντας,
1334 839 1380 864 καὶ
1399 838 1435 874 μὴ
1458 839 1603 865 ἀποσταῖεν
1616 839 1715 865 αὐτῶν.
1729 839 1761 865 Εἰ
1774 839 1803 865 δὲ
1820 841 1875 875 κρί-

1117 893 1214 914 νοιντο,
1241 884 1309 920 πρὸς
1332 884 1430 915 αὐτοὺς
1455 884 1654 919 κατακριθεῖεν.
1669 884 1750 911 Ἀλλὰ
1779 885 1826 911 καὶ
1850 886 1874 911 εἰ

1117 931 1314 957 ἐπεκαλέσαντο
1331 939 1371 962 σε,
1384 930 1476 966 φησὶν,
1489 931 1517 956 ὲν
1528 930 1566 965 τῷ
1576 930 1664 966 καιρῷ
1677 931 1726 966 τῆς
1738 931 1872 965 ἀνάγκης,

1116 977 1156 1007 εἰς
1172 976 1310 1011 ἁμαρτίαν
1326 977 1417 1007 αὐτοῖς
1433 975 1582 1010 λογισθείη,
1600 977 1709 1011 μνήμης
1724 977 1874 1011 γενομένης

1115 1021 1152 1049 ὧν
1170 1022 1441 1058 ἥμαρτον.,Σύντεμε
1462 1022 1490 1048 δὲ
1513 1023 1561 1054 τὰς
1575 1023 1682 1058 ἡμέρας
1699 1023 1801 1055 αὐτῶν,
1819 1024 1873 1053 ἵνα,

1115 1067 1223 1099 ζώντων
1246 1068 1293 1094 καὶ
1316 1067 1440 1102 ὁρώντων
1467 1067 1566 1099 αὐτῶν,
1582 1067 1631 1101 τὴν
1655 1065 1743 1098 ἀξίαν,
1759 1068 1791 1102 ἧν
1812 1068 1872 1093 οὐδὲ

1113 1113 1197 1145 ὅντως
1210 1113 1360 1149 ὠνήσαντο,
1375 1114 1467 1149 ἕτερος
1481 1113 1764 1149 ἀφαρπὰσῃ.”Επειτα
1780 1113 1809 1139 δὲ
1828 1114 1873 1139 καὶ

1113 1159 1211 1191 αὐτοὺς
1227 1159 1313 1189 ἄνελε,
1328 1159 1366 1190 ὡς
1379 1159 1503 1194 διαϐῆναι
1523 1159 1572 1194 τὴν
1587 1159 1729 1195 συμφορὰν
1751 1161 1791 1192 εἰς
1808 1161 1872 1191 τοὺς

1114 1205 1144 1238 ἐξ
1165 1205 1274 1232 ἐκείνων
1285 1214 1291 1220 ·
1305 1204 1375 1231 ὥστε
1391 1205 1580 1240 ὸρφανωθῆναι
1598 1205 1647 1241 μὲν
1666 1206 1729 1237 τοὺς
1741 1207 1817 1238 υἱοὺς
1830 1207 1875 1232 αὖ·

1114 1250 1179 1281 τῶν,
1195 1250 1294 1285 χηρείᾳ
1309 1250 1338 1276 δὲ
1352 1250 1495 1285 ἐκδοθῆναι
1510 1250 1559 1286 τὴν
1573 1252 1690 1285 γυναῖκα
1700 1260 1706 1265 ·
1725 1250 1796 1277 ὥστε
1808 1253 1874 1282 ’τοὺς

1114 1296 1188 1327 υἱοὺς
1202 1295 1377 1332 βιαζομένους
1391 1296 1439 1322 καὶ
1461 1297 1628 1332 συρομένους
1642 1297 1712 1332 ὑπὲρ
1737 1297 1874 1333 πατρῴων

1115 1343 1356 1378 παρανομημάτων
1370 1343 1447 1375 δίκας
1464 1343 1582 1378 ὑφέξειν.

1123 1387 1152 1414 '0
1170 1387 1252 1420 Θεὸς,
1269 1388 1326 1422 τὴν
1339 1388 1458 1415 αῖνεσίν
1475 1397 1534 1423 μου
1557 1388 1599 1423 μὴ
1621 1388 1874 1423 παρασιωπήσῃς.

1079 1429 1162 1458 ’Ὀσον
1178 1433 1207 1459 αί
1231 1433 1390 1468 Ἐκκλησίαι
1402 1433 1520 1468 Χριστοῦ
1537 1433 1700 1460 συνεστῶσιν
1718 1434 1746 1459 αἱ
1762 1434 1875 1460 ἀνατέλ-

1078 1478 1172 1504 λουσαι
1189 1477 1336 1512 πανταχοῦ,
1357 1478 1427 1504 αἰνεῖ
1449 1479 1463 1504 ὀ
1490 1478 1556 1510 Θεὸς
1573 1479 1601 1504 ἐν
1618 1479 1714 1509 αὑταῖς
1735 1478 1782 1504 τὸν
1798 1478 1873 1504 Υίὸν.

1079 1524 1160 1558 Λέγει
1173 1521 1218 1550 οὖν
1231 1525 1245 1550 ὁ
1258 1524 1376 1559 Χριστὸς
1388 1523 1457 1559 πρὸς
1473 1523 1517 1550 τὸν
1527 1523 1640 1559 Πατέρα
1649 1531 1656 1537 ⁸
1676 1524 1708 1550 Εἰ
1721 1524 1769 1550 καὶ
1785 1524 1876 1559 προδι-

1080 1568 1141 1600 δούς
1167 1577 1200 1604 με
1219 1570 1232 1595 ὁ
1255 1568 1362 1600 Ἰούδας,
1380 1567 1449 1600 δόξει
1463 1568 1618 1604 ἐμποδίζειν
1641 1568 1686 1594 τὸν
1702 1566 1776 1594 αἷνὸν
1802 1577 1853 1603 μου
1866 1578 1873 1584 ·

1079 1614 1166 1646 οὕτως
1182 1615 1210 1641 δὲ
1230 1614 1335 1641 αἴνεσόν
1354 1623 1398 1650 με,
1417 1614 1563 1650 μαρτυρῶν
1578 1623 1628 1649 μου
1650 1615 1684 1649 τῇ
1706 1614 1825 1649 Oak-qu,
1840 1614 1875 1650 ἦν

1081 1661 1118 1696 μὴ
1143 1661 1290 1693 πιστεύσας
1315 1662 1343 1688 ὲν
1369 1662 1429 1697 ἐμοὶ
1448 1661 1557 1693 Ἰούδας,
1579 1661 1732 1697 προδέδωκέ
1761 1661 1875 1696 tufam

1080 1709 1176 1742 στόμα
1191 1708 1367 1742 ἀμαρτωλοῦ
1384 1707 1432 1734 καὶ
1445 1708 1541 1741 στόμα
1553 1707 1657 1734 ὀολίου
1670 1707 1777 1741 ἑπ“ἑμὲ
1789 1708 1873 1741 ἠνοί-

1079 1756 1146 1788 χθη.
1156 1753 1339 1788 Ἁμαρτωλοῦ
1361 1753 1407 1780 τοῦ
1429 1753 1550 1779 διαϐόλου
1560 1761 1567 1767 ·
1582 1753 1663 1784 αὐτὸς
1678 1753 1732 1788 γὰρ
1747 1754 1874 1787 ἁμαρτω-

1079 1800 1123 1832 λὸς
1135 1800 1202 1836 πρὸς
1212 1799 1351 1835 ἀλήθειαν·
1365 1799 1468 1826 δολίου
1479 1799 1526 1825 τοῦ
1535 1798 1628 1825 Ἰούδα·
1642 1798 1726 1833 ἄμφω
1737 1798 1790 1834 γὰρ
1802 1799 1874 1825 κατὰ

1078 1845 1125 1872 τοῦ
1138 1844 1256 1880 Χριστοῦ
1270 1844 1350 1879 ὲλάλη
1355 1852 1413 1870 σαν.

1120 1890 1193 1918 Ἀντὶ
1209 1890 1263 1917 τοῦ
1286 1888 1405 1924 ἀγαπᾷν
1425 1898 1464 1923 με
1488 1889 1683 1916 ἐνδιέϐαιιλόν
1703 1897 1772 1922 με..
1787 1909 1794 1915 .
1821 1889 1873 1916 καὶ

1078 1935 1179 1963 ἔθεντο
1192 1934 1335 1969 κατ’ἐμοῆ
1349 1934 1425 1961 κακὰ
1439 1935 1505 1961 ἀντὶ
1513 1934 1639 1969 ἀγαθῶν,
1648 1943 1675 1961 κ,
1684 1943 1708 1961 τ.
1716 1934 1741 1960 λ.
1752 1934 1813 1960 Τῶν
1830 1934 1861 1960 λό

1078 1991 1134 2015 γων
1147 1983 1170 2008 οξ
1182 1975 1305 2016 μένείσιν
1314 1981 1435 2015 ἀγάπης,
1445 1982 1468 2007 oi
1478 1981 1507 2007 δὲ
1517 1981 1622 2016 μίσους,
1631 1981 1655 2006 οἱ
1667 1981 1696 2006 δὲ
1707 1980 1763 2017 ουδ’
1770 1981 1873 2016 ἑτέρως

1077 2028 1194 2063 ἔχοντες.
1204 2027 1364 2054 Ἐκολάκευε
1378 2027 1432 2062 γὰρ
1447 2027 1485 2058 ὡς
1501 2026 1670 2057 διδάσκαλον,
1687 2027 1735 2052 καὶ
1750 2026 1790 2061 τῷ
1803 2027 1873 2061 δόλῳ

1077 2074 1115 2105 ὡς
1129 2073 1215 2100 ἐδόκει
1230 2073 1379 2108 ἠγωνίζετο
1395 2074 1435 2105 εἰς
1449 2072 1592 2108 προδοσίαν
1606 2072 1653 2098 τοῦ
1669 2072 1843 2099 διδασκάλου.

1112 2118 1312 2152 Κατάστησον
1335 2119 1381 2145 ἐπ’
1394 2118 1488 2145 αὑτὸν
1501 2118 1686 2152 ἀμαρτωλόν.
1696 2118 1871 2154 ’Ᾱμαρτωλὸς

1078 2165 1127 2200 μὲν
1141 2164 1222 2196 αὐτὸς
1239 2165 1253 2191 ὁ
1265 2165 1313 2199 τῆς
1327 2164 1462 2200 ἁμαρτίας
1477 2164 1590 2200 εὑρετὴς
1604 2165 1618 2190 ὁ
1631 2164 1753 2195 Σατανᾶς
1763 2173 1769 2178 ·
1785 2164 1817 2190 τὺ
1829 2165 1870 2197 δὲ,

238 2216 292 2243 tue,
309 2211 428 2245 positum
447 2214 489 2237 est
507 2217 567 2245 pro,
588 2209 711 2236 futurum
729 2213 770 2236 est
786 2214 815 2236 ut
828 2210 1022 2237 constituatur.

1096 2210 1279 2243 ατάστησον,
1295 2211 1354 2237 ἀντὶ
1367 2210 1424 2241 τοῦ,
1441 2210 1533 2245 μέλλει
1549 2209 1738 2236 καθίστασθαι.
1749 2210 1873 2236 Ἐπ“αὐ-

238 2257 323 2291 Super
345 2264 415 2288 eum,
439 2263 521 2291 super
540 2263 620 2290 quem
643 2255 696 2282 nisi
718 2255 885 2289 proditorem
902 2255 1024 2282 Judam?

239 2301 274 2328 Et
287 2301 408 2328 diabolus
421 2305 501 2334 stega
520 2300 620 2327 dextris
633 2299 701 2333 ejus.
720 2299 748 2325 ln
763 2299 896 2326 Zacharia
913 2306 1024 2333 quoque

237 2344 368 2378 scriptum
391 2348 432 2371 est
448 2344 469 2358 “
487 2353 493 2371 :
510 2343 544 2370 Et
566 2344 680 2370 ostendit
700 2343 766 2369 mihi
787 2343 916 2369 Dominus
930 2343 1024 2370 Jesunt

237 2389 399 2416 sacerdotem
424 2397 564 2424 magnum,
593 2394 708 2416 stantem
735 2394 796 2415 ante
819 2388 914 2422 faciem
937 2388 1023 2423 angeli

238 2435 361 2467 Domini,
381 2440 405 2462 et
418 2435 537 2462 diabolus
552 2435 640 2462 stabat
658 2443 674 2460 a
691 2424 790 2460 dextris
806 2435 875 2469 ejus,
891 2439 920 2460 ut
933 2435 1024 2461 adver-

236 2487 341 2509 saretur
356 2482 416 2516 ipsi.
431 2480 490 2508 Non
505 2482 666 2508 adversatur
682 2485 774 2507 autem
788 2479 876 2506 Judae.

274 2525 299 2553 7.
312 2525 378 2564 Cum
388 2525 529 2560 judicatur
548 2529 630 2562 exeat
644 2524 842 2551 condemnatus.
869 2523 898 2551 In
920 2523 1022 2558 futuro,

238 2573 337 2608 inquit,
353 2572 481 2600 tribunali
499 2572 599 2599 nullam
617 2571 727 2598 habebit
747 2571 915 2608 delensionis
938 2572 1023 2598 ratio-

237 2626 310 2646 nem.
327 2617 362 2644 Et
379 2618 464 2644 oratio
475 2617 532 2652 ejus
550 2617 597 2652 ﬁat
611 2618 640 2644 in
659 2621 804 2652 peccatum.
822 2617 938 2650 Quidam
958 2623 1024 2645 sunt

235 2672 353 2699 quorum
366 2664 408 2690 vel
419 2663 477 2698 ipsa
487 2663 573 2698 oratio
584 2663 611 2691 in
625 2666 765 2698 peccatum
775 2663 876 2697 evadit,
885 2669 924 2696 ut,
934 2670 1023 2690 exem-

237 2700 272 2745 pli
285 2718 377 2742 causa,
392 2709 544 2745 gentilium,
560 2709 607 2744 qui
623 2709 703 2737 idolis
717 2709 760 2737 vel
780 2711 912 2738 creatura:
928 2717 1023 2745 preces

235 2757 375 2790 tundunt;
392 2761 419 2784 et
440 2755 596 2784 Judaeorum
617 2756 666 2792 qui
685 2755 771 2785 Deum
794 2756 906 2792 quidem
930 2760 1022 2791 orant,

280 2845 292 2862 ι
311 2845 391 2873 Zaeh.
406 2854 446 2874 HI.
461 2847 481 2873 Ι.

1074 2254 1128 2284 τόν
1141 2257 1169 2283 δὲ
1183 2257 1243 2283 τίνα
1263 2256 1279 2291 ἢ
1302 2256 1346 2282 τὸν
1367 2256 1499 2292 προδότην
1522 2255 1638 2287 Ἰούδαν;
1656 2256 1712 2282 Καὶ
1727 2255 1870 2289 διάϐολος

1075 2302 1174 2336 στήτω
1196 2301 1231 2328 ἐκ
1254 2300 1361 2332 δεξιῶν
1376 2301 1479 2327 αὑτοῦ.
1499 2301 1553 2326 Καὶ
1578 2301 1606 2326 ἐν
1630 2299 1668 2335 τῷ
1694 2300 1819 2335 Ζαχαρία
1839 2301 1869 2326 δε

1075 2353 1156 2381 φησι’
1179 2345 1234 2371 Καὶ
1258 2344 1354 2376 ἕδειξέ
1375 2353 1426 2379 μοι
1448 2346 1555 2379 Κύριος
1575 2344 1692 2378 Ἰησοῦν
1714 2345 1769 2371 τὸν
1789 2345 1870 2379 ἱερέα

1074 2391 1128 2417 τὸν
1139 2390 1246 2425 μέγαν,
1261 2390 1365 2416 ἑστῶτα
1386 2391 1437 2426 πρδ
1453 2390 1597 2426 προσώπου
1613 2391 1730 2424 ἀγγέλου
1750 2391 1867 2426 Κυρίου,

1075 2436 1121 2462 καὶ
1134 2435 1255 2467 διάϐολος
1270 2437 1390 2472 εἱστήκει
1414 2438 1446 2462 ἐκ
1468 2436 1561 2468 δεξιῶν
1575 2436 1668 2467 αὐτοῦ,
1687 2437 1733 2463 τοῦ
1748 2437 1869 2463 ἀντικεῖ-

1076 2481 1136 2507 σθαι
1149 2481 1235 2517 αὐτῷ.
1251 2482 1307 2508 Οὐκ
1321 2483 1470 2509 ἀντίκειται
1484 2482 1512 2508 δὲ
1529 2482 1566 2517 τῷ
1585 2481 1679 2518 Ἰούδᾳ.

1115 2527 1164 2554 Ἐν
1180 2527 1220 2560 τῷ
1243 2528 1398 2562 κρίνεσθαι
1418 2528 1510 2554 αὐτὸν
1531 2527 1648 2559 ἐξέλθοι
1670 2526 1867 2560 καταδεδικα-

1074 2572 1249 2608 σμένος-,Ἐν
1275 2573 1313 2609 τῷ
1339 2573 1472 2608 μέλλοντι,
1490 2574 1566 2608 φησὶ,
1585 2573 1754 2608 δικαστηρίῳ
1768 2572 1866 2599 οὐδένα

1074 2618 1129 2652 ἕξει
1151 2619 1229 2654 λόγον
1251 2619 1408 2653 ἀπολογίας.
1425 2620 1479 2646 Kal
1501 2619 1520 2652 ἡ
1544 2618 1699 2653 προσευχὴ
1715 2617 1808 2645 αὑτοῦ
1822 2627 1867 2653 γε-

1074 2664 1171 2691 νέσθω
1182 2665 1225 2697 εὶς
1241 2664 1397 2699 ἁμαρτίαν.
1413 2665 1472 2691 Είσί
1483 2673 1553 2696 τινες
1562 2661 1599 2692 ὧν
1611 2664 1680 2699 αὐτὴ
1693 2664 1710 2699 ὴ
1725 2665 1865 2699 προσευχὴ

1074 2711 1114 2742 είς
1133 2711 1270 2746 ἁμαρτίαν
1287 2710 1400 2744 γίνεται,
1416 2711 1454 2742 ὡς
1473 2710 1556 2736 ἐθνῶν
1574 2709 1800 2744 προσευχομένων
1823 2709 1862 2733 εί-

1073 2755 1195 2791 δώλοις,ἢ
1209 2757 1241 2792 τῇ
1256 2755 1359 2782 κτίσει·
1374 2756 1420 2782 καὶ
1441 2755 1574 2782 Ἰουδαίων
1589 2755 1618 2780 οὐ
1635 2753 1678 2780 διὰ
1696 2752 1782 2788 Ἰησοῦ
1792 2751 1865 2788 Χριμ
