1926 3051
267 127 320 157 £59

681 125 710 152 ε.
730 116 914 153 ΑτιιΑΝΑειι
938 124 1012 154 ore.
1032 126 1122 154 PARS
1143 125 1186 153 ill.
1209 142 1242 147 —
1261 125 1456 157 exeamus

1833 127 1884 156 £60

267 187 374 215 dolebat
391 186 464 214 enim
479 185 572 213 videns
584 191 679 213 eorum
693 185 852 220 perniciem.
870 184 949 213 Hunc
966 185 1047 221 igitur

1099 185 1164 218 τοῦ,
1175 185 1344 221 λυπούμενον
1353 194 1360 200 '
1387 184 1510 212 ἐλυπεῖτο
1522 183 1576 219 γὰρ
1591 182 1662 219 ὀρῶν
1675 182 1764 210 αὐτῶν
1776 183 1828 220 τὴν
1839 186 1888 211 άπ-

265 234 313 270 qui
328 237 438 269 propter
454 240 502 260 eos
517 232 625 260 dolebat
639 232 673 260 ad
685 236 800 259 mortem
815 232 983 267 quaerebant.

303 325 392 358 18,19.
401 325 436 352 Et
443 324 536 352 dilexit
543 323 799 351 maledictionem....
807 329 832 351 et
841 324 928 351 induit
937 324 1048 351 maledi-

264 372 376 399 ctionem
398 371 465 398 sicut
482 371 671 398 vestimentum.
694 369 820 403 Quando,
843 370 941 405 inquit,
965 370 1046 397 linem

264 418 394 445 facientes
409 425 453 444 me
466 416 653 449 benediceudi,
675 416 841 443 maledicunt
863 416 929 443 mihi
953 416 1046 451 quoti-

263 465 307 491 die
321 473 328 491 :
347 464 374 492 id
392 471 509 498 namque
526 463 560 490 ad
573 463 646 490 hunc
662 469 749 497 usque
761 463 833 490 diem
845 461 930 489 Judaei
945 467 1045 497 agunt;

263 510 324 538 ideo
341 509 434 538 omnia
452 509 578 544 superius
595 514 745 536 memorata
762 509 888 536 evenient
912 509 989 544 ipsis.
1010 508 1045 536 Et

262 557 369 584 intravit
395 557 462 584 sicut
485 564 554 592 aqua
579 556 607 583 in
635 556 762 583 interiora
791 555 858 590 ejus.
879 554 938 582 Non
964 555 1045 582 modo

262 603 335 630 enim
348 602 470 630 exterius
486 602 534 630 sed
544 602 625 630 etiam
645 601 761 629 interius
778 601 984 628 circumsistunt
996 607 1046 628 nos

262 649 333 676 mala
351 648 521 675 inundantia.
547 647 582 675 Et
601 648 669 674 sicut
694 647 778 674 oleum
799 647 826 673 in
845 647 947 674 ossibus
962 646 1042 688 ‘ejus.

261 694 356 722 Oleum
367 695 438 722 enim
451 694 533 722 habet
548 691 671 721 stiihilem
693 693 891 729 liumiditatem.
911 692 1044 720 Malorum

262 748 345 775 porro
360 740 504 768 colluviem
517 739 593 767 dicit.
606 739 746 774 Siquidem
760 747 830 774 aqua
844 739 1044 766 vehementiam

260 787 392 820 denotat;
410 786 500 814 oleum
511 790 601 813 autem
619 785 805 813 stabilitatem.
826 784 932 818 Quibus
955 785 1044 820 inquit

261 832 340 860 malis
367 832 447 867 quasi
468 831 631 860 vestimento
654 832 803 866 operiatur,
830 834 858 858 et
879 830 957 866 quasi
974 837 1042 858 zona

260 877 452 913 pracingatur.

295 923 340 951 20.
359 923 417 950 Hoc
439 931 503 958 opus
525 931 615 950 eorum
643 923 688 958 qui
712 922 854 950 detrahunt
881 922 946 949 mihi
971 921 1042 956 apud

259 969 415 1001 Dominum,
429 974 454 995 et
472 969 517 1004 qui
532 968 676 1003 loquuntur
697 968 770 995 male
785 969 910 996 adversus
925 969 1042 995 animam

260 1023 356 1043 meam.
374 1013 431 1042 ﬂos
442 1014 592 1050 percipient
605 1013 709 1042 fructus
722 1014 769 1049 qui
785 1014 878 1042 odium
896 1013 1040 1041 adversum

259 1069 304 1089 me
323 1065 513 1096 susceperunt,
530 1065 558 1088 et
567 1059 690 1096 proditor
708 1060 756 1095 qui
768 1067 863 1088 eorum
882 1059 1042 1088 administer

259 1107 321 1135 fuit.
344 1107 414 1135 Cum
433 1107 505 1135 enim
522 1114 586 1134 eum
605 1106 660 1134 Deo
681 1105 867 1134 adversarium
887 1113 918 1133 ac
935 1113 1040 1140 praeva-

258 1155 403 1181 ricatorem
424 1157 563 1186 vocarent,
581 1152 643 1188 jure
670 1152 728 1179 ait:
745 1151 798 1184 Qui
815 1151 956 1178 detrahunt
975 1151 1040 1178 mihi

257 1199 327 1234 apud
341 1197 493 1225 Dominum.

293 1244 337 1271 2i.
355 1244 390 1271 Et
407 1249 446 1278 tu,
471 1243 593 1276 Domine,
614 1243 735 1276 Domine,
757 1243 801 1278 [ac
820 1251 922 1270 mecum
934 1248 1040 1278 propter

255 1298 349 1317 nomen
369 1294 454 1317 tuum.
482 1289 546 1317 Haec
569 1290 636 1316 item
653 1289 784 1317 Dominus
798 1289 926 1317 Christus
940 1297 1040 1317 secun-

255 1335 322 1363 dum
346 1335 544 1363 humanitatem
561 1335 694 1370 loquitur.
711 1334 836 1363 Humana
851 1335 924 1362 enim
948 1336 1038 1362 omnia

254 1385 352 1416 praeter
374 1386 514 1416 peccatum
530 1381 661 1416 implevit.
684 1380 770 1410 Natus
784 1382 857 1409 enim
879 1386 921 1410 est
938 1389 1037 1409 secun-

254 1427 320 1453 dum
336 1430 440 1454 natura:
453 1426 550 1462 legem.
566 1425 646 1454 Nasci
660 1427 732 1454 enim
747 1434 780 1454 ex
797 1427 922 1461 muliere,
940 1427 968 1455 id
983 1427 1038 1454 hu-

254 1478 342 1499 manae
357 1476 462 1500 naturae
476 1477 534 1506 est;
550 1480 632 1508 supra
642 1473 789 1500 humanam
805 1477 896 1500 autem
909 1477 1037 1501 naturam

253 1522 307 1548 est,
325 1516 400 1544 nasci
417 1524 451 1544 ex
469 1517 584 1552 virgine.
600 1518 718 1546 Admisit
732 1526 838 1553 pannos
851 1524 879 1545 et
891 1518 1036 1546 circumci-

253 1562 371 1596 sionem,
388 1570 494 1590 necnon
509 1563 588 1591 iactis
602 1563 781 1591 alimentum:
804 1564 908 1592 hostias
925 1565 1034 1599 obtulit,

250 1607 396 1642 jejunavit,
416 1608 540 1641 esurivit,
565 1609 660 1640 sitivit.
684 1609 774 1637 lassus
793 1609 864 1642 fuit;
888 1609 925 1637 ita
940 1609 986 1637 diu
1003 1618 1036 1637 o-

252 1661 331 1682 rasse
350 1654 426 1682 illum
438 1655 465 1682 in
481 1654 567 1682 sacris
582 1654 735 1691 Evangeliis
747 1656 879 1691 scriptum
893 1661 945 1684 est.
962 1657 1036 1684 Pari-

253 1705 350 1735 terque
369 1708 442 1728 nunc
461 1702 582 1728 humano
610 1709 688 1729 more
701 1701 824 1729 divinum
847 1702 973 1737 implorat
985 1710 1035 1730 au-

251 1745 358 1772 xilium.

286 1791 331 1819 22.
347 1791 444 1818 Libera
459 1800 498 1818 me
513 1792 574 1827 quia
585 1800 680 1827 egenus
689 1797 712 1819 et
723 1801 822 1828 pauper
832 1801 878 1828 ego
891 1801 960 1821 sum.
978 1792 1036 1821 Hoc

250 1837 285 1865 ab
301 1838 362 1873 ipso
377 1838 404 1865 in
415 1839 502 1866 sacris
515 1837 669 1874 Evangeliis
686 1839 967 1867 dictum'invenimus.
983 1839 1036 1868 Ac-

250 1891 380 1911 cessurus
391 1884 463 1911 enim
479 1884 511 1911 ad
527 1885 682 1918 passionem
700 1885 739 1912 ait
752 1894 758 1912 :
778 1884 858 1912 Nunc
872 1887 963 1912 anima
977 1894 1035 1913 mea

249 1930 356 1959 turbata
373 1935 422 1958 est.
436 1930 470 1958 Et
483 1931 547 1966 quid
564 1932 653 1958 dicam
666 1933 678 1958 ?
692 1932 783 1965 Pater,
798 1932 872 1960 salva
887 1941 926 1960 me
940 1941 973 1960 ea:
985 1933 1034 1960 hac

247 1977 324 2004 liora.
338 1976 425 2009 Abba,
441 1982 579 2012 propterea
596 1978 653 2004 veni
665 1977 691 2004 in
707 1977 775 2004 hanc
790 1977 883 2005 harant
896 1979 927 2005 ".

282 2063 328 2091 25.
349 2063 422 2090 Sicut
438 2064 532 2090 umbra
551 2071 611 2090 cum
629 2064 745 2091 declinat
765 2064 870 2091 ablatus
884 2073 951 2091 cum.
969 2064 1036 2092 Per-

248 2109 312 2136 inde
331 2114 413 2144 atque
433 2109 530 2136 umbra
549 2110 701 2142 declinans,
727 2110 809 2138 linem
830 2110 893 2138 vitae
917 2111 1008 2138 inveni
1026 2120 1032 2138 :

247 2154 294 2182 sed
308 2158 335 2181 et
350 2155 438 2181 inSIar
452 2154 620 2182 locustarum
635 2163 650 2181 a
666 2160 747 2182 vento
763 2155 976 2192 circumquaque
990 2165 1034 2184 ra-

1097 231 1203 259 ώλειαν.
1215 231 1315 259 Τοῦτον
1329 230 1375 258 οὖν
1388 231 1434 258 τὸν
1448 230 1482 258 δι“
1490 230 1587 262 αὐτοὺς
1597 229 1766 265 λυπούμενον
1777 230 1887 258 ἐδίωκον

1097 278 1260 305 θανατῶσαι.

1137 324 1341 359 Καὶὴγάπησε
1355 324 1488 359 κατάραν
1506 343 1514 351 .
1528 345 1534 350 .
1550 345 1556 352 .
1571 344 1577 350 .
1592 343 1599 350 .
1614 344 1620 350 .
1636 343 1642 350 .
1659 323 1709 350 καὶ
1721 323 1887 350 ἐνεδύσατο

1096 369 1230 404 κατάραν
1244 371 1316 397 ὡσεὶ
1332 370 1457 405 Ιμάτιον.
1479 371 1599 406 Ἐπειδὴ,
1614 371 1695 406 φησὶν
1705 391 1712 403 ,
1727 371 1847 405 ἀφέντες
1861 371 1887 397 τὸ

1096 415 1216 450 εὐλογεῖν
1226 416 1286 452 ἐμὲ,
1301 417 1360 443 καθ’
1373 416 1491 452 ἑκάστην
1505 417 1611 452 ἡμέραν
1623 417 1800 452 καταρῶνται
1811 427 1818 434 ·
1831 408 1885 443 τοί-

1070 467 1076 475 ⁶
1095 470 1126 488 το
1137 461 1191 497 γὰρ
1205 462 1286 497 μέχρι
1298 463 1348 497 τῆς
1358 462 1477 498 σήμερον
1495 462 1630 489 Ἰουδαίων
1641 462 1734 494 παῖδες
1749 462 1887 488 ποιοῦσιν·

1095 507 1190 534 τούτου
1205 507 1284 543 χάριν
1297 508 1386 534 πάντα
1400 508 1491 540 αὐτοῖς
1506 508 1539 535 τὰ
1556 508 1761 544 προλελεγμένα
1777 509 1887 544 γενήσει

1095 561 1149 579 ται.
1172 553 1226 580 Καὶ
1242 553 1387 587 εἰσῆλθεν
1399 554 1470 581 ὡσεὶ
1488 554 1565 588 ὕδωρ
1581 556 1624 588 είς
1642 555 1678 582 τὰ
1697 555 1813 589 ἔγκατα
1836 556 1886 581 αὐ-

1095 598 1159 625 τοῦ.
1173 599 1210 624 Οὐ
1221 599 1274 634 γὰρ
1285 599 1383 631 ἔξωθεν
1396 600 1486 635 μόνον,
1495 600 1562 627 ἀλλὰ
1575 601 1621 627 καὶ
1630 599 1734 627 ἔνδοθεν
1749 601 1887 636 περίκειν-

1094 652 1139 670 ται
1154 643 1188 670 τὰ
1199 645 1272 671 κακὰ
1286 645 1492 681 περικλύζοντα.
1509 647 1563 674 Καὶ
1575 646 1646 673 ὡσεὶ
1657 646 1762 674 ἔλαιον
1778 648 1816 674 ἐν
1827 647 1887 680 τοῖς

1095 690 1212 723 ὀστέοις
1230 691 1332 718 αὐτοῦ.
1365 692 1450 719 Τοῦτο
1464 693 1518 728 γὰρ
1535 693 1591 728 ἔχει
1610 693 1722 728 μόνιμον
1736 693 1786 729 τὴν
1805 694 1887 730 ὑγρό-

1094 744 1173 770 τητα.
1189 737 1277 773 Φορὰν
1290 737 1318 763 δέ
1335 746 1401 773 φησι
1416 739 1519 770 κακῶν,
1536 740 1582 766 τοῦ
1600 740 1649 774 μὲν
1664 739 1761 772 ὓδατος
1774 740 1807 767 τὸ
1822 749 1886 774 σφο-

1093 781 1155 817 δρὸν
1167 781 1325 818 δηλοῦντος,
1347 783 1393 809 τοῦ
1408 784 1437 810 δὲ
1451 784 1541 811 ὲλαίου
1555 785 1585 810 τὸ
1602 784 1724 819 μόνιμον,
1761 785 1823 820 Ὑφ’
1839 782 1885 817 ὦν,

1095 826 1172 862 φησὶ,
1187 828 1233 855 καὶ
1248 829 1286 861 ὡς
1300 830 1329 856 ἐν
1341 829 1435 866 ἐσθῆτι
1451 830 1639 864 καλυπτέσθω,
1649 830 1696 857 καὶ
1709 831 1748 863 ὡς
1762 831 1885 868 ζωστῆρι

1058 869 1080 897 Β
1095 874 1262 908 σφιγγέσθω.

1131 920 1222 947 Τοῦτο
1245 921 1279 947 τὸ
1300 921 1390 957 ἔργον
1401 921 1460 949 τῶν
1473 922 1730 951 ὼδιαϐαμόντων
1751 923 1802 951 καὶ
1827 923 1886 950 τῶν

1092 967 1268 993 λαλούντων
1278 968 1394 1002 πονηρὰ
1408 968 1462 1002 τῆς
1476 967 1581 1003 ψυχῆς
1591 978 1660 1004 μου.
1685 969 1804 1001 Τούτους
1818 978 1883 1010 τρυ-

1091 1012 1204 1047 γήσουσι
1221 1013 1283 1044 τοὺς
1298 1013 1421 1049 καρποὺς
1433 1014 1458 1039 ot
1471 1013 1503 1039 τὸ
1517 1013 1585 1049 πρὸς
1600 1014 1649 1049 ἐμὲ
1665 1015 1742 1050 μῖσος
1754 1014 1885 1047 ἀναδεξά-

1093 1066 1178 1093 μενοι,
1192 1058 1238 1084 καὶ
1252 1059 1266 1085 ὁ
1280 1058 1384 1090 τούτοις
1400 1059 1577 1095 ὑπουργήσας
1591 1059 1736 1095 προδότης.
1770 1060 1882 1095 Ἐπειδὴ

1091 1103 1145 1139 γὰρ
1161 1103 1283 1130 ἀντίθεον
1299 1104 1380 1132 αὐτὸν
1396 1105 1442 1132 καὶ
1456 1105 1612 1141 παράνομον
1628 1107 1752 1138 ἐκάλουν,
1769 1107 1883 1138 εἰκότως

1091 1147 1150 1176 εἷπε
1161 1157 1167 1164 ·
1189 1150 1249 1178 Τῶν
1261 1150 1518 1178 ἐι-διαϐαλλόντων
1526 1160 1565 1186 με
1581 1153 1660 1186 παρὰ
1671 1153 1792 1186 Kvpt’ov.

1124 1240 1178 1268 Καὶ
1195 1241 1247 1274 σὺ,
1262 1243 1366 1276 Κύριε,
1383 1244 1487 1277 Κύριε,
1506 1243 1635 1277 ποίησον
1648 1244 1711 1278 μετ’
1725 1244 1799 1279 ἐμοῦ
1816 1245 1881 1272 ἓνε-

1089 1295 1142 1313 κεν
1151 1287 1205 1314 τοῦ
1217 1288 1363 1322 ὀνόματός
1373 1296 1443 1316 σου.
1455 1289 1510 1315 Καὶ
1520 1289 1605 1316 ταῦτα
1617 1289 1794 1326 ἀνθρωπίνως
1806 1292 1881 1327 εἴρη-

1089 1341 1136 1359 κεν
1152 1333 1169 1358 -ὁ
1184 1333 1322 1369 Δεσπότης
1335 1335 1461 1370 Χριστός.
1491 1335 1583 1362 Πάντα
1605 1335 1659 1371 γὰρ
1673 1336 1707 1362 τὰ
1721 1337 1880 1372 ἀνθρώπινα

1089 1377 1158 1413 πλὴν
1174 1378 1310 1414 ἁμαρτίας
1325 1378 1515 1415 πεπλήρωκεν.
1545 1380 1656 1415 Ἐτὲχθη
1679 1381 1733 1416 γὰρ
1747 1382 1818 1408 κατὰ
1835 1383 1879 1408 v6-

1089 1433 1139 1459 μον
1155 1423 1271 1458 φύσεως.
1289 1424 1325 1450 Τὸ
1339 1424 1388 1460 μὲν
1402 1425 1456 1460 γὰρ
1473 1426 1505 1451 ὲκ
1519 1426 1660 1459 γυναικὸς,
1676 1427 1726 1462 τῆς
1739 1427 1878 1462 ἀνθρωπί-

1087 1478 1136 1505 νης
1150 1470 1257 1505 φύσεως
1267 1479 1273 1485 ·
1289 1470 1360 1505 ὑπὲρ
1369 1470 1471 1506 ταύτην
1484 1472 1523 1504 δὲ,
1538 1473 1570 1498 ὲκ
1582 1473 1731 1508 Παρθένου.
1754 1474 1880 1507 Ἐδέξατο

1089 1516 1235 1552 σπάργανα
1250 1516 1297 1543 καὶ
1312 1516 1463 1552 περιτομὴν
1474 1537 1481 1550 ,
1502 1518 1548 1544 καὶ
1561 1518 1609 1553 τὴν
1625 1520 1657 1545 ὲκ
1668 1519 1805 1552 γάλακτος
1816 1528 1879 1556 τρο-

1089 1563 1142 1597 φήν
1154 1571 1160 1577 ·
1173 1562 1221 1589 καὶ
1233 1562 1327 1594 θυσίας
1342 1562 1497 1597 ἐξήνεγκεν,
1511 1563 1666 1599 ὲνήστευσε,
1680 1565 1727 1590 καὶ
1737 1565 1877 1600 ἐπείνησε,

1087 1608 1135 1635 καὶ
1149 1607 1270 1643 ὲδίιισησε,
1283 1609 1330 1635 καὶ
1346 1609 1490 1635 ἐκοπίασεν
1499 1618 1505 1624 ·
1517 1609 1587 1636 οὕτω
1598 1610 1645 1636 καὶ
1659 1611 1879 1646 προσευχόμενος

1087 1654 1116 1680 ἐν
1139 1655 1195 1686 τοῖς
1214 1654 1302 1688 ἁγίοις
1317 1653 1491 1688 Εὐαγγελίοις
1508 1655 1639 1691 διηνεκῶς
1657 1656 1876 1693 ἀναγέγραπται.

1087 1699 1276 1742 Καὶβνταῦοα
1293 1700 1471 1736 ἀνθρωπίνως
1479 1701 1529 1737 τὴν
1544 1701 1618 1728 θείαν
1632 1702 1805 1730 ἐπικαλεῖται
1819 1703 1879 1738 βοή-

1087 1745 1171 1772 θειαν.
1465 1760 1468 1762 -

1127 1791 1234 1819 Ῥῦσαι
1247 1800 1304 1826 με,
1334 1791 1378 1818 ὅτι
1398 1792 1516 1827 πτωχὸς
1541 1793 1590 1820 καὶ
1614 1793 1709 1827 πένης
1733 1795 1793 1829 ειμι
1808 1795 1874 1829 ἐγώ.

1086 1837 1171 1864 τοῦτο
1184 1837 1231 1864 καὶ
1245 1838 1291 1863 ὑπ’
1316 1837 1400 1865 αὑτοῦ
1414 1839 1443 1865 ὲν
1457 1839 1513 1870 τοῖς
1527 1839 1609 1874 ἱεροῖς
1619 1839 1795 1874 Εὐαγγελίοις
1807 1841 1876 1876 εὑρί-

1086 1890 1187 1918 σκομεν
1203 1883 1356 1919 εἰρημένον.
1379 1884 1493 1911 Μέλλων
1508 1885 1562 1920 γὰρ
1577 1885 1718 1920 προσιέναι
1737 1887 1778 1922 τῷ
1795 1887 1873 1914 πάθει

1086 1926 1146 1954 εἷπε
1156 1936 1163 1942 ·
1180 1927 1246 1955 Νῦν
1260 1929 1278 1962 ἡ
1295 1929 1380 1964 ψυχή
1394 1938 1454 1963 μου
1469 1930 1652 1965 τετάρακται.
1668 1933 1724 1960 Καὶ
1740 1935 1771 1960 τί
1782 1935 1852 1960 εἵκω
1865 1942 1873 1964 ;

1085 1973 1191 2008 Πάτερ,
1205 1974 1311 2002 σῶσόν
1320 1976 1401 2010 μεὲκ
1417 1976 1472 2011 τῆς
1486 1977 1564 2012 ὥρας
1575 1979 1695 2013 ταύτης.
1715 1980 1811 2013 Ἀϐϐὰ,
1826 1980 1874 2008 διὰ

1085 2021 1173 2048 τοῦτο
1187 2021 1322 2054 ἐλήλυθα
1338 2023 1381 2055 εις
1395 2022 1452 2057 τὴν
1467 2023 1547 2057 ὥραν
1565 2025 1687 2058 ταύτην.

1126 2068 1206 2094 Ὠσεὶ
1218 2068 1288 2095 σκιὰ
1299 2068 1334 2094 ὲν
1345 2068 1385 2101 τῷ
1398 2069 1532 2096 ἐκκλῖναι
1545 2070 1643 2104 αὐτὴν
1655 2071 1870 2106 ἁντιτνῃρέθην.

1085 2114 1154 2149 Σκιᾷ
1167 2113 1289 2150 meum
1302 2114 1501 2150 παραπλησίως
1513 2115 1646 2152 ἐδεξάμην
1658 2117 1704 2143 τοῦ
1721 2117 1778 2152 βίου
1789 2119 1818 2144 τὸ
1827 2119 1871 2145 τέ-

1085 2159 1130 2191 λος
1139 2169 1145 2175 ’
1160 2159 1227 2186 ἀλλὰ
1239 2160 1285 2186 καὶ
1295 2159 1372 2196 δίκην
1384 2161 1607 2196 περιφερομένων
1619 2163 1664 2188 ὑπ’
1675 2163 1784 2198 ἀνέμων
1794 2164 1858 2199 ἀκρί
1865 2179 1872 2185 -

249 2205 369 2234 ptarum,
384 2201 467 2227 vitam
485 2201 538 2236 egi,
566 2209 621 2228 non
645 2203 750 2236 urbem,
773 2210 827 2230 non
851 2203 952 2236 vicum,
977 2212 1032 2232 non

1096 2207 1136 2231 ῑων
1153 2205 1290 2231 διετέλεσα
1303 2205 1334 2232 οὺ
1351 2205 1428 2232 πόλιν
1445 2205 1524 2241 ἔχων,
1537 2207 1567 2233 οὐ
1583 2206 1695 2242 κώμην,
1707 2209 1759 2235 οὐκ
1773 2209 1870 2241 οὶκίαν,

252 2246 364 2273 domum
388 2246 501 2278 habens,
521 2246 587 2274 alias
600 2246 634 2274 ad
656 2247 709 2275 alia
733 2248 793 2276 loca
815 2253 842 2276 et
866 2249 900 2276 ad
926 2255 1033 2278 montes

249 2291 442 2325 commigrans,
454 2292 590 2320 interdum
603 2293 636 2320 ad
648 2293 786 2321 desertum
801 2302 960 2324 accurrens.

284 2335 320 2362 ‘25
352 2335 478 2363 Viderunt
493 2345 533 2363 me
547 2341 570 2363 et
587 2343 720 2364 moverunt
732 2339 821 2373 capita
837 2347 896 2367 sua.
920 2339 976 2368 Hoc
994 2341 1033 2369 ait

247 2381 312 2416 quia
325 2381 390 2408 dum
406 2382 433 2408 in
450 2389 530 2409 cruce
549 2387 633 2417 esset,
654 2384 799 2412 movebant
815 2385 902 2419 capita
927 2394 987 2419 sua,
1004 2391 1032 2415 et

247 2427 391 2455 dicebant:
419 2428 451 2455 ui
471 2427 626 2463 Qtemplum
657 2430 758 2463 solvis,
790 2431 897 2458 salvum
924 2431 967 2460 fac
992 2437 1032 2460 te-

246 2475 393 2510 metipsum
408 2475 439 2501 “.

281 2521 326 2548 27,
341 2521 375 2548 Et
391 2523 476 2549 sciant
491 2524 554 2558 quia
571 2531 665 2550 manus
687 2527 733 2549 tua
753 2523 818 2550 hazc.
834 2522 932 2552 Manus
953 2531 1032 2553 voca.

246 2576 315 2603 opus
334 2568 400 2595 illud
417 2575 471 2604 quo
489 2576 591 2596 seseex
611 2570 726 2596 mortuis
742 2569 880 2597 excitavit.

280 2655 325 2682 98.
340 2655 498 2684 Maledicent
513 2657 565 2689 illi,
581 2663 606 2685 et
621 2662 649 2684 tu
665 2657 816 2690 benedicos;
831 2659 876 2694 qui
891 2659 1031 2694 insurgunt

245 2701 321 2727 inme
333 2701 540 2735 confundantur.
550 2701 617 2729 Nam
630 2703 732 2737 pudore
745 2703 833 2730 arrecti
846 2707 910 2730 sunt
919 2710 1029 2736 omnes,

244 2745 317 2780 quod
332 2753 387 2772 non
401 2751 473 2774 esset
488 2746 555 2782 ipsis
570 2748 709 2780 sacerdos,
722 2756 772 2776 nec
784 2748 963 2783 sacriﬁcium,
978 2756 1031 2777 nec

298 2825 409 2855 ".Ioan.
431 2835 479 2862 xu,
499 2827 544 2856 27.
584 2828 709 2857 “Matth.
723 2837 807 2864 xxvu,
824 2829 874 2859 -ιο,

1085 2250 1178 2277 ἄλλοτε
1194 2250 1223 2276 δὲ
1238 2250 1354 2285 ἀλλαχοῦ
1370 2251 1417 2277 καὶ
1430 2251 1470 2282 εις
1484 2251 1534 2286 ὅρη
1556 2252 1742 2287 μεταϐαίνων,
1756 2254 1811 2280 ἐσθ’
1828 2255 1872 2282 ὅτι

1085 2295 1132 2322 καὶ
1147 2295 1252 2331 τρέχων
1266 2297 1305 2327 είς
1321 2295 1433 2331 ἔρημον.

1120 2341 1254 2368 Εἵδοσάν
1274 2350 1311 2375 με
1336 2341 1386 2368 καὶ
1401 2341 1576 2370 ἐσώιευσαν
1601 2344 1738 2378 κεφαλὰς
1763 2343 1869 2373 αὐτῶν.

1085 2386 1170 2413 Τοῦτό
1187 2395 1253 2421 φησι
1275 2387 1318 2413 διὰ
1336 2387 1366 2413 τὸ
1382 2388 1428 2413 ἐπὶ
1449 2387 1488 2423 τῷ
1511 2388 1619 2424 σταυρῷ
1631 2389 1688 2415 δντι
1702 2389 1777 2425 αὐτῷ
1787 2392 1870 2417 κινεῖν

1084 2430 1134 2462 τὰς
1146 2430 1277 2465 κεφαλὰς,
1294 2431 1340 2457 καὶ
1352 2430 1442 2465 λέγειν
1454 2440 1460 2446 ”
1479 2433 1508 2458 '0
1524 2432 1665 2459 καταλύων
1680 2433 1726 2460 τὸν
1738 2434 1809 2466 ναὸν,
1824 2435 1872 2460 σῶ-

1085 2484 1132 2502 σον
1150 2476 1274 2502 σεαυτόν.

1120 2522 1176 2548 Καὶ
1199 2522 1361 2557 ⁴γνώτωσαν·
1372 2543 1379 2554 ,
1398 2523 1442 2550 ὅτι
1456 2523 1475 2558 ἡ
1492 2524 1556 2558 χειζο
1575 2531 1634 2551 σου
1650 2525 1740 2560 αὕτη.
1773 2526 1870 2562 Χεῖρας

1084 2567 1203 2595 ἐνταῦθα
1215 2567 1263 2604 τὴν
1276 2568 1375 2604 πρᾶξίν
1392 2577 1473 2605 φησιν
1483 2590 1491 2602 ,
1509 2571 1542 2605 ἥν
1557 2571 1705 2606 εἰργάσατο
1718 2572 1870 2607 ἀναστήσας

1076 2613 1178 2659 ,ἑαυτὸν
1195 2614 1227 2639 ὲκ
1240 2613 1354 2649 νεκρῶν.

1120 2659 1345 2693 Καταράσονται
1370 2660 1471 2692 αὐτοὶ,
1499 2661 1605 2688 καὶσὺ
1621 2663 1814 2697 εὐλογήσας,
1842 2665 1870 2690 σι

1084 2704 1316 2739 ἐπανιστάμενοι
1325 2714 1376 2739 μοι
1388 2706 1649 2740 αίσχυνθήτωσαν.
1676 2708 1869 2745 Κατησχύνθη-

1086 2757 1137 2777 σαν
1149 2749 1202 2786 γὰρ
1214 2751 1342 2793 ᾅπαντες,
1355 2750 1404 2778 οὑκ
1415 2751 1491 2784 ὄντος
1501 2753 1592 2785 αὺτοῖς
1603 2753 1707 2790 ἱερέως,
1717 2754 1776 2781 οὐδὲ
1787 2754 1869 2790 οὔσης
