  <div class='ocr_page' id='page_1' title='image "/cluster/home/n/w/nwhite01/storage/ocr_20150623/27/njp.32101010944609/254.png"; bbox 0 0 1926 3051; ppageno 0'>
   <div class='ocr_carea' id='block_1_1' title="bbox 76 153 126 181">
    <p class='ocr_par' dir='ltr' id='par_1_1' title="bbox 76 153 126 181">
     <span class='ocr_line' id='line_1_1' title="bbox 76 153 126 181; baseline -0.02 0"><span class='ocrx_word' id='word_1_1' title='bbox 76 153 126 181; x_wconf 65' lang='lat' dir='ltr'><strong>“ii</strong></span> 
     </span>
    </p>
   </div>
   <div class='ocr_carea' id='block_1_2' title="bbox 637 146 1141 178">
    <p class='ocr_par' dir='ltr' id='par_1_2' title="bbox 637 146 1141 178">
     <span class='ocr_line' id='line_1_2' title="bbox 637 146 1141 178; baseline 0 -2"><span class='ocrx_word' id='word_1_2' title='bbox 637 148 818 178; x_wconf 82' lang='lat' dir='ltr'><strong>EXPOSITIO</strong></span> <span class='ocrx_word' id='word_1_3' title='bbox 837 148 873 176; x_wconf 60' lang='grc' dir='ltr'><strong>ἸΝ</strong></span> <span class='ocrx_word' id='word_1_4' title='bbox 892 146 1056 176; x_wconf 78' lang='lat' dir='ltr'><strong>PSALMUM</strong></span> <span class='ocrx_word' id='word_1_5' title='bbox 1075 146 1141 176; x_wconf 87' lang='lat' dir='ltr'><strong>CIX.</strong></span> 
     </span>
    </p>
   </div>
   <div class='ocr_carea' id='block_1_3' title="bbox 1637 146 1691 176">
    <p class='ocr_par' dir='ltr' id='par_1_3' title="bbox 1637 146 1691 176">
     <span class='ocr_line' id='line_1_3' title="bbox 1637 146 1691 176; baseline 0.019 -1"><span class='ocrx_word' id='word_1_6' title='bbox 1637 146 1691 176; x_wconf 74' lang='grc'><strong>462</strong></span> 
     </span>
    </p>
   </div>
   <div class='ocr_carea' id='block_1_4' title="bbox 77 204 866 246">
    <p class='ocr_par' dir='ltr' id='par_1_4' title="bbox 77 209 862 246">
     <span class='ocr_line' id='line_1_4' title="bbox 77 209 862 246; baseline -0.003 -8"><span class='ocrx_word' id='word_1_7' title='bbox 77 211 174 243; x_wconf 84' lang='grc' dir='ltr'>θυσίας</span> <span class='ocrx_word' id='word_1_8' title='bbox 186 231 194 243; x_wconf 84' lang='grc'><strong><em>,</em></strong></span> <span class='ocrx_word' id='word_1_9' title='bbox 214 210 278 237; x_wconf 75' lang='grc' dir='ltr'>οὔτε</span> <span class='ocrx_word' id='word_1_10' title='bbox 292 210 425 246; x_wconf 78' lang='grc' dir='ltr'>ἱερατείας</span> <span class='ocrx_word' id='word_1_11' title='bbox 437 230 444 243; x_wconf 89' lang='grc'>,</span> <span class='ocrx_word' id='word_1_12' title='bbox 467 209 527 237; x_wconf 76' lang='grc' dir='ltr'>οὔτε</span> <span class='ocrx_word' id='word_1_13' title='bbox 543 209 631 245; x_wconf 84' lang='grc' dir='ltr'><strong>λογίου</strong></span> <span class='ocrx_word' id='word_1_14' title='bbox 644 230 651 242; x_wconf 84' lang='grc'>,</span> <span class='ocrx_word' id='word_1_15' title='bbox 668 210 737 237; x_wconf 78' lang='grc' dir='ltr'>κατὰ</span> <span class='ocrx_word' id='word_1_16' title='bbox 750 209 800 246; x_wconf 77' lang='grc' dir='ltr'><strong>τὴν</strong></span> <span class='ocrx_word' id='word_1_17' title='bbox 815 209 862 237; x_wconf 83' lang='grc' dir='ltr'><strong>τοῦ</strong></span> 
     </span>
    </p>
   </div>
   <div class='ocr_carea' id='block_1_5' title="bbox 923 204 1690 246">
    <p class='ocr_par' dir='ltr' id='par_1_5' title="bbox 923 204 1690 242">
     <span class='ocr_line' id='line_1_5' title="bbox 923 204 1690 242; baseline -0.004 -4"><span class='ocrx_word' id='word_1_18' title='bbox 923 211 1007 242; x_wconf 79' lang='lat' dir='ltr'><strong>iltare,</strong></span> <span class='ocrx_word' id='word_1_19' title='bbox 1039 216 1089 236; x_wconf 90' lang='lat' dir='ltr'><strong>nec</strong></span> <span class='ocrx_word' id='word_1_20' title='bbox 1113 206 1306 241; x_wconf 73' lang='lat' dir='ltr'><strong>sacerdotium,</strong></span> <span class='ocrx_word' id='word_1_21' title='bbox 1322 205 1425 242; x_wconf 51' lang='lat' dir='ltr'><strong>’neque</strong></span> <span class='ocrx_word' id='word_1_22' title='bbox 1449 204 1592 238; x_wconf 76' lang='lat' dir='ltr'><strong>rationale,</strong></span> <span class='ocrx_word' id='word_1_23' title='bbox 1613 205 1690 241; x_wconf 78' lang='lat' dir='ltr'><strong>juxta</strong></span> 
     </span>
    </p>
   </div>
   <div class='ocr_carea' id='block_1_6' title="bbox 77 256 862 294">
    <p class='ocr_par' dir='ltr' id='par_1_6' title="bbox 77 256 862 294">
     <span class='ocr_line' id='line_1_6' title="bbox 77 256 862 294; baseline -0.001 -10"><span class='ocrx_word' id='word_1_24' title='bbox 77 258 216 294; x_wconf 74' lang='grc' dir='ltr'><strong>προφήτου</strong></span> <span class='ocrx_word' id='word_1_25' title='bbox 230 257 332 293; x_wconf 80' lang='grc' dir='ltr'>φωνήν.</span> <span class='ocrx_word' id='word_1_26' title='bbox 369 257 400 283; x_wconf 85' lang='grc' dir='ltr'>Ὃ</span> <span class='ocrx_word' id='word_1_27' title='bbox 414 256 448 282; x_wconf 83' lang='grc' dir='ltr'><strong>δὲ</strong></span> <span class='ocrx_word' id='word_1_28' title='bbox 462 256 572 289; x_wconf 80' lang='grc' dir='ltr'><strong>δοῦλός</strong></span> <span class='ocrx_word' id='word_1_29' title='bbox 588 263 645 283; x_wconf 86' lang='grc' dir='ltr'><strong>σου</strong></span> <span class='ocrx_word' id='word_1_30' title='bbox 660 256 862 291; x_wconf 69' lang='grc' dir='ltr'><strong>εὐφρανθήσε-</strong></span> 
     </span>
    </p>
   </div>
   <div class='ocr_carea' id='block_1_7' title="bbox 78 300 863 336">
    <p class='ocr_par' dir='ltr' id='par_1_7' title="bbox 78 300 863 336">
     <span class='ocr_line' id='line_1_7' title="bbox 78 300 863 336; baseline -0.003 -8"><span class='ocrx_word' id='word_1_31' title='bbox 78 310 134 329; x_wconf 72' lang='lat' dir='ltr'><strong>nu.</strong></span> <span class='ocrx_word' id='word_1_32' title='bbox 149 301 214 328; x_wconf 76' lang='grc' dir='ltr'><strong>οὐδὲ</strong></span> <span class='ocrx_word' id='word_1_33' title='bbox 229 301 309 327; x_wconf 78' lang='grc' dir='ltr'>τοῦτο</span> <span class='ocrx_word' id='word_1_34' title='bbox 321 301 394 336; x_wconf 78' lang='grc' dir='ltr'><strong>ἡμᾶς</strong></span> <span class='ocrx_word' id='word_1_35' title='bbox 406 300 436 327; x_wconf 82' lang='grc' dir='ltr'><strong>τὸ</strong></span> <span class='ocrx_word' id='word_1_36' title='bbox 451 301 524 336; x_wconf 77' lang='grc' dir='ltr'><strong>ῥῆμα</strong></span> <span class='ocrx_word' id='word_1_37' title='bbox 536 300 627 327; x_wconf 77' lang='grc' dir='ltr'>λαϐεῖν</span> <span class='ocrx_word' id='word_1_38' title='bbox 640 301 679 332; x_wconf 86' lang='grc' dir='ltr'><strong>είς</strong></span> <span class='ocrx_word' id='word_1_39' title='bbox 692 301 788 336; x_wconf 78' lang='grc' dir='ltr'><strong>ἑτέραν</strong></span> <span class='ocrx_word' id='word_1_40' title='bbox 803 300 863 326; x_wconf 82' lang='grc' dir='ltr'><strong>ὑπό-</strong></span> 
     </span>
    </p>
   </div>
   <div class='ocr_carea' id='block_1_8' title="bbox 78 339 863 382">
    <p class='ocr_par' dir='ltr' id='par_1_8' title="bbox 78 339 863 382">
     <span class='ocr_line' id='line_1_8' title="bbox 78 339 863 382; baseline -0.003 -8"><span class='ocrx_word' id='word_1_41' title='bbox 78 347 153 374; x_wconf 83' lang='grc' dir='ltr'>θεσιν</span> <span class='ocrx_word' id='word_1_42' title='bbox 169 347 336 382; x_wconf 77' lang='grc' dir='ltr'>ἀναγκάσει·</span> <span class='ocrx_word' id='word_1_43' title='bbox 365 347 471 373; x_wconf 83' lang='grc' dir='ltr'>Παύλου</span> <span class='ocrx_word' id='word_1_44' title='bbox 485 346 609 380; x_wconf 82' lang='grc' dir='ltr'>λέγοντος</span> <span class='ocrx_word' id='word_1_45' title='bbox 622 356 628 362; x_wconf 83' lang='grc'><strong>·</strong></span> <span class='ocrx_word' id='word_1_46' title='bbox 657 339 739 374; x_wconf 62' lang='grc' dir='ltr'><strong>Ἀλλ’</strong></span> <span class='ocrx_word' id='word_1_47' title='bbox 755 346 863 373; x_wconf 75' lang='grc' dir='ltr'><strong>ἑαυτὸν</strong></span> 
     </span>
    </p>
   </div>
   <div class='ocr_carea' id='block_1_9' title="bbox 77 391 859 428">
    <p class='ocr_par' dir='ltr' id='par_1_9' title="bbox 77 391 859 428">
     <span class='ocr_line' id='line_1_9' title="bbox 77 391 859 428; baseline -0.003 -8"><span class='ocrx_word' id='word_1_48' title='bbox 77 393 206 421; x_wconf 78' lang='grc' dir='ltr'><strong>ἐκένωσε</strong></span> <span class='ocrx_word' id='word_1_49' title='bbox 229 393 354 428; x_wconf 69' lang='grc' dir='ltr'><em>μορφὴν</em></span> <span class='ocrx_word' id='word_1_50' title='bbox 381 393 492 420; x_wconf 77' lang='grc' dir='ltr'><strong>δούλου</strong></span> <span class='ocrx_word' id='word_1_51' title='bbox 520 391 634 420; x_wconf 75' lang='grc' dir='ltr'><strong>λαϐὼν·</strong></span> <span class='ocrx_word' id='word_1_52' title='bbox 661 393 708 419; x_wconf 76' lang='grc' dir='ltr'>καὶ</span> <span class='ocrx_word' id='word_1_53' title='bbox 735 393 859 419; x_wconf 79' lang='grc' dir='ltr'>Ἦσαῖου’</span> 
     </span>
    </p>
   </div>
   <div class='ocr_carea' id='block_1_10' title="bbox 80 438 863 474">
    <p class='ocr_par' dir='ltr' id='par_1_10' title="bbox 80 438 863 474">
     <span class='ocr_line' id='line_1_10' title="bbox 80 438 863 474; baseline -0.003 -8"><span class='ocrx_word' id='word_1_54' title='bbox 80 440 178 472; x_wconf 79' lang='grc' dir='ltr'>οὕτως</span> <span class='ocrx_word' id='word_1_55' title='bbox 191 439 274 474; x_wconf 81' lang='grc' dir='ltr'><strong>λέγει</strong></span> <span class='ocrx_word' id='word_1_56' title='bbox 288 440 394 473; x_wconf 82' lang='grc' dir='ltr'><strong>Κύριος</strong></span> <span class='ocrx_word' id='word_1_57' title='bbox 413 440 429 466; x_wconf 85' lang='grc' dir='ltr'><em>ὀ</em></span> <span class='ocrx_word' id='word_1_58' title='bbox 445 438 565 471; x_wconf 76' lang='grc' dir='ltr'><strong>πλάσας</strong></span> <span class='ocrx_word' id='word_1_59' title='bbox 578 447 616 473; x_wconf 81' lang='grc' dir='ltr'><strong>με</strong></span> <span class='ocrx_word' id='word_1_60' title='bbox 635 439 669 464; x_wconf 82' lang='grc' dir='ltr'><strong>ἐν</strong></span> <span class='ocrx_word' id='word_1_61' title='bbox 681 438 778 472; x_wconf 80' lang='grc' dir='ltr'>κοιλίᾳ</span> <span class='ocrx_word' id='word_1_62' title='bbox 793 438 863 465; x_wconf 87' lang='grc' dir='ltr'><strong>δοῦ-</strong></span> 
     </span>
    </p>
   </div>
   <div class='ocr_carea' id='block_1_11' title="bbox 77 483 863 520">
    <p class='ocr_par' dir='ltr' id='par_1_11' title="bbox 77 483 863 520">
     <span class='ocr_line' id='line_1_11' title="bbox 77 483 863 520; baseline -0.003 -8"><span class='ocrx_word' id='word_1_63' title='bbox 77 487 134 512; x_wconf 74' lang='grc' dir='ltr'><em>λον</em></span> <span class='ocrx_word' id='word_1_64' title='bbox 147 486 259 518; x_wconf 71' lang='grc' dir='ltr'><strong>ἑαυτῷ·</strong></span> <span class='ocrx_word' id='word_1_65' title='bbox 282 486 329 512; x_wconf 74' lang='grc' dir='ltr'>καὶ</span> <span class='ocrx_word' id='word_1_66' title='bbox 344 485 423 517; x_wconf 77' lang='grc' dir='ltr'>αὐτὸς</span> <span class='ocrx_word' id='word_1_67' title='bbox 437 485 464 511; x_wconf 82' lang='grc' dir='ltr'><strong>δέ</strong></span> <span class='ocrx_word' id='word_1_68' title='bbox 478 493 560 520; x_wconf 80' lang='grc' dir='ltr'>φησιν</span> <span class='ocrx_word' id='word_1_69' title='bbox 575 485 604 510; x_wconf 87' lang='grc' dir='ltr'>ὲν</span> <span class='ocrx_word' id='word_1_70' title='bbox 621 483 811 518; x_wconf 75' lang='grc' dir='ltr'>Εὑαγγελίοις,</span> <span class='ocrx_word' id='word_1_71' title='bbox 826 484 863 516; x_wconf 85' lang='grc' dir='ltr'>ὡς</span> 
     </span>
    </p>
   </div>
   <div class='ocr_carea' id='block_1_12' title="bbox 85 528 861 565">
    <p class='ocr_par' dir='ltr' id='par_1_12' title="bbox 85 528 861 565">
     <span class='ocr_line' id='line_1_12' title="bbox 85 528 861 565; baseline -0.001 -8"><span class='ocrx_word' id='word_1_72' title='bbox 85 531 115 557; x_wconf 91' lang='lat'><strong>&#39;0</strong></span> <span class='ocrx_word' id='word_1_73' title='bbox 141 530 209 563; x_wconf 76' lang='grc' dir='ltr'><strong>Υἱὸς</strong></span> <span class='ocrx_word' id='word_1_74' title='bbox 224 530 277 557; x_wconf 87' lang='grc' dir='ltr'><strong>τοῦ</strong></span> <span class='ocrx_word' id='word_1_75' title='bbox 300 529 456 564; x_wconf 79' lang='grc' dir='ltr'>ἀνθρώπου</span> <span class='ocrx_word' id='word_1_76' title='bbox 473 530 529 556; x_wconf 80' lang='grc' dir='ltr'><strong>οὐκ</strong></span> <span class='ocrx_word' id='word_1_77' title='bbox 544 528 618 565; x_wconf 77' lang='grc' dir='ltr'><strong>ἦλθε</strong></span> <span class='ocrx_word' id='word_1_78' title='bbox 638 528 861 563; x_wconf 78' lang='grc' dir='ltr'><strong>διακονηθῆναι,</strong></span> 
     </span>
    </p>
   </div>
   <div class='ocr_carea' id='block_1_13' title="bbox 78 575 362 610">
    <p class='ocr_par' dir='ltr' id='par_1_13' title="bbox 78 575 362 610">
     <span class='ocr_line' id='line_1_13' title="bbox 78 575 362 610; baseline -0.007 -6"><span class='ocrx_word' id='word_1_79' title='bbox 78 577 158 604; x_wconf 66' lang='grc' dir='ltr'><em>ἀλλὰ</em></span> <span class='ocrx_word' id='word_1_80' title='bbox 172 575 362 610; x_wconf 77' lang='grc' dir='ltr'><strong>διακονῆσαι.</strong></span> 
     </span>
    </p>
   </div>
   <div class='ocr_carea' id='block_1_14' title="bbox 120 621 863 655">
    <p class='ocr_par' dir='ltr' id='par_1_14' title="bbox 120 621 863 655">
     <span class='ocr_line' id='line_1_14' title="bbox 120 621 863 655; baseline -0.003 -6"><span class='ocrx_word' id='word_1_81' title='bbox 120 622 374 649; x_wconf 74' lang='grc' dir='ltr'><strong>Ἐνδυσάσθωσαν</strong></span> <span class='ocrx_word' id='word_1_82' title='bbox 394 623 421 648; x_wconf 84' lang='lat' dir='ltr'><strong>cl</strong></span> <span class='ocrx_word' id='word_1_83' title='bbox 441 621 686 653; x_wconf 68' lang='grc' dir='ltr'><strong>ἐνδιαϐάλλοντές</strong></span> <span class='ocrx_word' id='word_1_84' title='bbox 707 629 745 655; x_wconf 84' lang='grc' dir='ltr'><strong>με</strong></span> <span class='ocrx_word' id='word_1_85' title='bbox 765 621 863 654; x_wconf 79' lang='grc' dir='ltr'><strong>ἐντρο-</strong></span> 
     </span>
    </p>
   </div>
   <div class='ocr_carea' id='block_1_15' title="bbox 77 666 863 703">
    <p class='ocr_par' dir='ltr' id='par_1_15' title="bbox 77 666 863 703">
     <span class='ocr_line' id='line_1_15' title="bbox 77 666 863 703; baseline -0.001 -9"><span class='ocrx_word' id='word_1_86' title='bbox 77 667 150 701; x_wconf 65' lang='grc' dir='ltr'><strong>πὴν.</strong></span> <span class='ocrx_word' id='word_1_87' title='bbox 167 668 235 694; x_wconf 84' lang='grc' dir='ltr'>Ποία</span> <span class='ocrx_word' id='word_1_88' title='bbox 248 668 301 703; x_wconf 84' lang='grc' dir='ltr'><strong>γὰρ</strong></span> <span class='ocrx_word' id='word_1_89' title='bbox 313 668 362 694; x_wconf 78' lang='grc' dir='ltr'>οὐκ</span> <span class='ocrx_word' id='word_1_90' title='bbox 376 667 449 693; x_wconf 78' lang='grc' dir='ltr'>ἔστιν</span> <span class='ocrx_word' id='word_1_91' title='bbox 465 667 600 699; x_wconf 81' lang='grc' dir='ltr'>Ἰουδαίοις</span> <span class='ocrx_word' id='word_1_92' title='bbox 613 666 727 702; x_wconf 80' lang='grc' dir='ltr'>αἰσχύνη</span> <span class='ocrx_word' id='word_1_93' title='bbox 739 675 745 699; x_wconf 90' lang='grc'>;</span> <span class='ocrx_word' id='word_1_94' title='bbox 759 667 799 693; x_wconf 83' lang='grc' dir='ltr'><strong>Τὰ</strong></span> <span class='ocrx_word' id='word_1_95' title='bbox 814 667 863 702; x_wconf 79' lang='grc' dir='ltr'><strong>μὲν</strong></span> 
     </span>
    </p>
   </div>
   <div class='ocr_carea' id='block_1_16' title="bbox 77 712 863 748">
    <p class='ocr_par' dir='ltr' id='par_1_16' title="bbox 77 712 863 748">
     <span class='ocr_line' id='line_1_16' title="bbox 77 712 863 748; baseline -0.003 -8"><span class='ocrx_word' id='word_1_96' title='bbox 77 714 144 748; x_wconf 79' lang='grc' dir='ltr'>ἂγια</span> <span class='ocrx_word' id='word_1_97' title='bbox 158 714 193 740; x_wconf 78' lang='grc' dir='ltr'><strong>τὰ</strong></span> <span class='ocrx_word' id='word_1_98' title='bbox 205 713 310 741; x_wconf 74' lang='grc' dir='ltr'>ἑαυτῶν</span> <span class='ocrx_word' id='word_1_99' title='bbox 324 713 421 748; x_wconf 83' lang='grc' dir='ltr'>ὁρῶσιν</span> <span class='ocrx_word' id='word_1_100' title='bbox 435 714 466 740; x_wconf 84' lang='grc' dir='ltr'>ὲκ</span> <span class='ocrx_word' id='word_1_101' title='bbox 479 712 585 748; x_wconf 81' lang='grc' dir='ltr'><strong>βάθρων</strong></span> <span class='ocrx_word' id='word_1_102' title='bbox 598 712 771 747; x_wconf 77' lang='grc' dir='ltr'>ἠφανισμένα</span> <span class='ocrx_word' id='word_1_103' title='bbox 781 720 787 727; x_wconf 92' lang='grc'><strong>·</strong></span> <span class='ocrx_word' id='word_1_104' title='bbox 802 712 863 738; x_wconf 81' lang='grc' dir='ltr'><strong>τοῦ-</strong></span> 
     </span>
    </p>
   </div>
   <div class='ocr_carea' id='block_1_17' title="bbox 77 757 863 794">
    <p class='ocr_par' dir='ltr' id='par_1_17' title="bbox 77 757 863 794">
     <span class='ocr_line' id='line_1_17' title="bbox 77 757 863 794; baseline 0 -10"><span class='ocrx_word' id='word_1_105' title='bbox 77 759 108 785; x_wconf 63' lang='grc' dir='ltr'>σὸ</span> <span class='ocrx_word' id='word_1_106' title='bbox 125 767 154 784; x_wconf 77' lang='grc' dir='ltr'>τε</span> <span class='ocrx_word' id='word_1_107' title='bbox 173 758 220 784; x_wconf 73' lang='grc' dir='ltr'><strong>τοῦ</strong></span> <span class='ocrx_word' id='word_1_108' title='bbox 238 759 304 794; x_wconf 76' lang='grc' dir='ltr'>παρ’</span> <span class='ocrx_word' id='word_1_109' title='bbox 322 757 409 785; x_wconf 72' lang='grc' dir='ltr'>αὐτῶν</span> <span class='ocrx_word' id='word_1_110' title='bbox 423 757 617 793; x_wconf 81' lang='grc' dir='ltr'>ἀτιμασθέντος</span> <span class='ocrx_word' id='word_1_111' title='bbox 629 758 676 784; x_wconf 72' lang='grc' dir='ltr'>καὶ</span> <span class='ocrx_word' id='word_1_112' title='bbox 692 757 863 794; x_wconf 78' lang='grc' dir='ltr'>σταυρωθέν-</span> 
     </span>
    </p>
   </div>
   <div class='ocr_carea' id='block_1_18' title="bbox 76 803 862 839">
    <p class='ocr_par' dir='ltr' id='par_1_18' title="bbox 76 803 862 839">
     <span class='ocr_line' id='line_1_18' title="bbox 76 803 862 839; baseline 0 -9"><span class='ocrx_word' id='word_1_113' title='bbox 76 812 123 835; x_wconf 77' lang='grc' dir='ltr'>τος</span> <span class='ocrx_word' id='word_1_114' title='bbox 135 804 284 839; x_wconf 83' lang='grc' dir='ltr'>προσκυνοῦ</span> <span class='ocrx_word' id='word_1_115' title='bbox 289 812 368 839; x_wconf 84' lang='grc' dir='ltr'>μενον</span> <span class='ocrx_word' id='word_1_116' title='bbox 376 804 427 839; x_wconf 80' lang='grc' dir='ltr'><strong>μνῆ</strong></span> <span class='ocrx_word' id='word_1_117' title='bbox 432 812 469 838; x_wconf 88' lang='grc' dir='ltr'><strong>μα</strong></span> <span class='ocrx_word' id='word_1_118' title='bbox 476 811 484 817; x_wconf 79' lang='grc'><strong>’</strong></span> <span class='ocrx_word' id='word_1_119' title='bbox 496 803 542 830; x_wconf 71' lang='grc' dir='ltr'>καὶ</span> <span class='ocrx_word' id='word_1_120' title='bbox 549 803 598 834; x_wconf 78' lang='grc' dir='ltr'><strong>τὰς</strong></span> <span class='ocrx_word' id='word_1_121' title='bbox 606 803 769 839; x_wconf 81' lang='grc' dir='ltr'>Ἐκκλησίας</span> <span class='ocrx_word' id='word_1_122' title='bbox 781 803 862 830; x_wconf 78' lang='grc' dir='ltr'>αὐτοῦ</span> 
     </span>
    </p>
   </div>
   <div class='ocr_carea' id='block_1_19' title="bbox 78 848 862 884">
    <p class='ocr_par' dir='ltr' id='par_1_19' title="bbox 78 848 862 884">
     <span class='ocr_line' id='line_1_19' title="bbox 78 848 862 884; baseline 0 -8"><span class='ocrx_word' id='word_1_123' title='bbox 78 849 217 884; x_wconf 76' lang='grc' dir='ltr'>πανταχοῦ</span> <span class='ocrx_word' id='word_1_124' title='bbox 244 848 371 876; x_wconf 81' lang='grc' dir='ltr'>τοσοῦτον</span> <span class='ocrx_word' id='word_1_125' title='bbox 396 848 564 881; x_wconf 73' lang='grc' dir='ltr'><strong>ἐπιδιδούσας</strong></span> <span class='ocrx_word' id='word_1_126' title='bbox 581 849 622 881; x_wconf 78' lang='grc' dir='ltr'><strong>είς</strong></span> <span class='ocrx_word' id='word_1_127' title='bbox 647 858 677 875; x_wconf 85' lang='grc' dir='ltr'>τε</span> <span class='ocrx_word' id='word_1_128' title='bbox 698 849 800 884; x_wconf 80' lang='grc' dir='ltr'>πλῆθος</span> <span class='ocrx_word' id='word_1_129' title='bbox 817 850 862 876; x_wconf 71' lang='grc' dir='ltr'>καὶ</span> 
     </span>
    </p>
   </div>
   <div class='ocr_carea' id='block_1_20' title="bbox 77 894 253 927">
    <p class='ocr_par' dir='ltr' id='par_1_20' title="bbox 77 894 253 927">
     <span class='ocr_line' id='line_1_20' title="bbox 77 894 253 927; baseline -0.006 -6"><span class='ocrx_word' id='word_1_130' title='bbox 77 894 166 927; x_wconf 68' lang='grc' dir='ltr'>δόξαν.</span> <span class='ocrx_word' id='word_1_131' title='bbox 250 920 253 926; x_wconf 69' lang='grc'><strong><em>,</em></strong></span> 
     </span>
    </p>
   </div>
   <div class='ocr_carea' id='block_1_21' title="bbox 121 939 864 975">
    <p class='ocr_par' dir='ltr' id='par_1_21' title="bbox 121 939 864 975">
     <span class='ocr_line' id='line_1_21' title="bbox 121 939 864 975; baseline 0 -8"><span class='ocrx_word' id='word_1_132' title='bbox 121 941 393 975; x_wconf 72' lang='grc' dir='ltr'><strong>Ἐξομολογιήσομαι</strong></span> <span class='ocrx_word' id='word_1_133' title='bbox 407 940 446 974; x_wconf 87' lang='grc' dir='ltr'><strong>τῷ</strong></span> <span class='ocrx_word' id='word_1_134' title='bbox 458 941 555 975; x_wconf 78' lang='lat' dir='ltr'><strong>Kvpltp</strong></span> <span class='ocrx_word' id='word_1_135' title='bbox 565 939 683 975; x_wconf 67' lang='grc' dir='ltr'><strong>σφόδρα</strong></span> <span class='ocrx_word' id='word_1_136' title='bbox 693 940 728 967; x_wconf 85' lang='grc' dir='ltr'><strong>ἐν</strong></span> <span class='ocrx_word' id='word_1_137' title='bbox 742 940 782 973; x_wconf 83' lang='grc' dir='ltr'><strong>τῷ</strong></span> <span class='ocrx_word' id='word_1_138' title='bbox 794 942 864 968; x_wconf 82' lang='grc' dir='ltr'><strong>στό-</strong></span> 
     </span>
    </p>
   </div>
   <div class='ocr_carea' id='block_1_22' title="bbox 75 985 864 1022">
    <p class='ocr_par' dir='ltr' id='par_1_22' title="bbox 75 985 864 1022">
     <span class='ocr_line' id='line_1_22' title="bbox 75 985 864 1022; baseline -0.001 -9"><span class='ocrx_word' id='word_1_139' title='bbox 75 986 149 1021; x_wconf 80' lang='grc' dir='ltr'><strong>ματί</strong></span> <span class='ocrx_word' id='word_1_140' title='bbox 160 995 230 1021; x_wconf 80' lang='grc' dir='ltr'><strong>μου.</strong></span> <span class='ocrx_word' id='word_1_141' title='bbox 252 986 285 1012; x_wconf 89' lang='grc' dir='ltr'><em>Ἡ</em></span> <span class='ocrx_word' id='word_1_142' title='bbox 308 986 499 1022; x_wconf 76' lang='grc' dir='ltr'>ἐξομολόγησις</span> <span class='ocrx_word' id='word_1_143' title='bbox 512 985 560 1021; x_wconf 74' lang='grc' dir='ltr'><strong>τὴν</strong></span> <span class='ocrx_word' id='word_1_144' title='bbox 574 986 748 1021; x_wconf 75' lang='grc' dir='ltr'>εὐχαριστίαν</span> <span class='ocrx_word' id='word_1_145' title='bbox 765 985 864 1021; x_wconf 84' lang='grc' dir='ltr'>σημαί-</span> 
     </span>
    </p>
   </div>
   <div class='ocr_carea' id='block_1_23' title="bbox 78 1032 864 1067">
    <p class='ocr_par' dir='ltr' id='par_1_23' title="bbox 78 1032 864 1067">
     <span class='ocr_line' id='line_1_23' title="bbox 78 1032 864 1067; baseline 0 -9"><span class='ocrx_word' id='word_1_146' title='bbox 78 1041 129 1064; x_wconf 85' lang='grc' dir='ltr'><strong>νει,</strong></span> <span class='ocrx_word' id='word_1_147' title='bbox 145 1033 177 1067; x_wconf 80' lang='grc' dir='ltr'>ἦν</span> <span class='ocrx_word' id='word_1_148' title='bbox 191 1033 307 1058; x_wconf 83' lang='grc' dir='ltr'>ποιεῖται</span> <span class='ocrx_word' id='word_1_149' title='bbox 321 1032 364 1059; x_wconf 82' lang='grc' dir='ltr'><strong>διὰ</strong></span> <span class='ocrx_word' id='word_1_150' title='bbox 375 1032 429 1059; x_wconf 82' lang='grc' dir='ltr'>τῶν</span> <span class='ocrx_word' id='word_1_151' title='bbox 440 1032 524 1059; x_wconf 78' lang='grc' dir='ltr'>ἐθνῶν</span> <span class='ocrx_word' id='word_1_152' title='bbox 538 1033 551 1059; x_wconf 85' lang='grc' dir='ltr'><strong>ό</strong></span> <span class='ocrx_word' id='word_1_153' title='bbox 566 1032 639 1064; x_wconf 77' lang='grc' dir='ltr'>Υἱός.</span> <span class='ocrx_word' id='word_1_154' title='bbox 665 1033 720 1059; x_wconf 81' lang='lat' dir='ltr'><strong>Kal</strong></span> <span class='ocrx_word' id='word_1_155' title='bbox 735 1032 770 1058; x_wconf 79' lang='grc' dir='ltr'><strong>ἐν</strong></span> <span class='ocrx_word' id='word_1_156' title='bbox 781 1032 864 1066; x_wconf 80' lang='grc' dir='ltr'><strong>μέσῳ</strong></span> 
     </span>
    </p>
   </div>
   <div class='ocr_carea' id='block_1_24' title="bbox 79 1077 865 1114">
    <p class='ocr_par' dir='ltr' id='par_1_24' title="bbox 79 1077 865 1114">
     <span class='ocr_line' id='line_1_24' title="bbox 79 1077 865 1114; baseline -0.001 -9"><span class='ocrx_word' id='word_1_157' title='bbox 79 1078 203 1105; x_wconf 73' lang='grc' dir='ltr'><strong>πολλῶν</strong></span> <span class='ocrx_word' id='word_1_158' title='bbox 209 1078 320 1105; x_wconf 74' lang='grc' dir='ltr'><strong>αἰνέσω</strong></span> <span class='ocrx_word' id='word_1_159' title='bbox 329 1079 431 1105; x_wconf 81' lang='grc' dir='ltr'><strong>αὐτόν.</strong></span> <span class='ocrx_word' id='word_1_160' title='bbox 440 1077 490 1104; x_wconf 82' lang='grc' dir='ltr'>Διὰ</span> <span class='ocrx_word' id='word_1_161' title='bbox 498 1077 553 1114; x_wconf 84' lang='grc' dir='ltr'>γὰρ</span> <span class='ocrx_word' id='word_1_162' title='bbox 564 1078 612 1113; x_wconf 84' lang='grc' dir='ltr'><strong>τῆς</strong></span> <span class='ocrx_word' id='word_1_163' title='bbox 625 1078 786 1113; x_wconf 76' lang='grc' dir='ltr'>Ἑκκλησέας</span> <span class='ocrx_word' id='word_1_164' title='bbox 796 1079 865 1105; x_wconf 86' lang='grc' dir='ltr'>αἰνεῖ</span> 
     </span>
    </p>
   </div>
   <div class='ocr_carea' id='block_1_25' title="bbox 78 1120 259 1159">
    <p class='ocr_par' dir='ltr' id='par_1_25' title="bbox 78 1120 259 1159">
     <span class='ocr_line' id='line_1_25' title="bbox 78 1120 259 1159; baseline 0.006 -9"><span class='ocrx_word' id='word_1_165' title='bbox 78 1124 123 1150; x_wconf 71' lang='grc' dir='ltr'><strong>τὸν</strong></span> <span class='ocrx_word' id='word_1_166' title='bbox 139 1120 259 1159; x_wconf 77' lang='grc' dir='ltr'>Πατέρα.</span> 
     </span>
    </p>
   </div>
   <div class='ocr_carea' id='block_1_26' title="bbox 359 1170 589 1196">
    <p class='ocr_par' dir='ltr' id='par_1_26' title="bbox 359 1170 589 1196">
     <span class='ocr_line' id='line_1_26' title="bbox 359 1170 589 1196; baseline -0.004 0"><span class='ocrx_word' id='word_1_167' title='bbox 359 1170 512 1196; x_wconf 78' lang='grc' dir='ltr'><strong>ΨΑΛΜΟΣ</strong></span> <span class='ocrx_word' id='word_1_168' title='bbox 534 1170 589 1196; x_wconf 77' lang='lat' dir='ltr'><strong>PG’</strong></span> 
     </span>
    </p>
   </div>
   <div class='ocr_carea' id='block_1_27' title="bbox 115 1212 863 1249">
    <p class='ocr_par' dir='ltr' id='par_1_27' title="bbox 115 1212 863 1249">
     <span class='ocr_line' id='line_1_27' title="bbox 115 1212 863 1249; baseline 0 -8"><span class='ocrx_word' id='word_1_169' title='bbox 115 1212 210 1241; x_wconf 76' lang='grc' dir='ltr'><strong>Εἶπεν</strong></span> <span class='ocrx_word' id='word_1_170' title='bbox 225 1215 242 1241; x_wconf 80' lang='grc' dir='ltr'><em>ὁ</em></span> <span class='ocrx_word' id='word_1_171' title='bbox 262 1215 371 1248; x_wconf 79' lang='grc' dir='ltr'>Κύριος</span> <span class='ocrx_word' id='word_1_172' title='bbox 386 1214 427 1247; x_wconf 84' lang='grc' dir='ltr'><strong>τῷ</strong></span> <span class='ocrx_word' id='word_1_173' title='bbox 441 1215 538 1248; x_wconf 81' lang='grc' dir='ltr'><strong>Κυρίῳ</strong></span> <span class='ocrx_word' id='word_1_174' title='bbox 554 1223 613 1249; x_wconf 87' lang='grc' dir='ltr'><strong>μου</strong></span> <span class='ocrx_word' id='word_1_175' title='bbox 623 1223 630 1230; x_wconf 92' lang='grc'><strong>·</strong></span> <span class='ocrx_word' id='word_1_176' title='bbox 649 1214 747 1242; x_wconf 83' lang='grc' dir='ltr'><em>Κάθου</em></span> <span class='ocrx_word' id='word_1_177' title='bbox 762 1215 797 1241; x_wconf 78' lang='grc' dir='ltr'>ἐκ</span> <span class='ocrx_word' id='word_1_178' title='bbox 816 1214 863 1241; x_wconf 76' lang='grc' dir='ltr'><strong>δε-</strong></span> 
     </span>
    </p>
   </div>
   <div class='ocr_carea' id='block_1_28' title="bbox 79 1259 862 1296">
    <p class='ocr_par' dir='ltr' id='par_1_28' title="bbox 79 1259 862 1296">
     <span class='ocr_line' id='line_1_28' title="bbox 79 1259 862 1296; baseline 0.001 -10"><span class='ocrx_word' id='word_1_179' title='bbox 79 1259 154 1291; x_wconf 76' lang='grc' dir='ltr'><strong>ξιῶν</strong></span> <span class='ocrx_word' id='word_1_180' title='bbox 173 1268 243 1294; x_wconf 84' lang='grc' dir='ltr'><strong>μου.</strong></span> <span class='ocrx_word' id='word_1_181' title='bbox 273 1259 328 1295; x_wconf 81' lang='grc' dir='ltr'>Τὴν</span> <span class='ocrx_word' id='word_1_182' title='bbox 354 1259 425 1286; x_wconf 81' lang='grc' dir='ltr'>κατὰ</span> <span class='ocrx_word' id='word_1_183' title='bbox 441 1260 530 1295; x_wconf 82' lang='grc' dir='ltr'>σάρκα</span> <span class='ocrx_word' id='word_1_184' title='bbox 555 1259 680 1295; x_wconf 82' lang='grc' dir='ltr'><strong>γέννησιν</strong></span> <span class='ocrx_word' id='word_1_185' title='bbox 694 1260 741 1287; x_wconf 76' lang='grc' dir='ltr'><strong>τοῦ</strong></span> <span class='ocrx_word' id='word_1_186' title='bbox 760 1261 862 1296; x_wconf 85' lang='grc' dir='ltr'>Κυρίου</span> 
     </span>
    </p>
   </div>
   <div class='ocr_carea' id='block_1_29' title="bbox 76 1305 865 1342">
    <p class='ocr_par' dir='ltr' id='par_1_29' title="bbox 76 1305 865 1342">
     <span class='ocr_line' id='line_1_29' title="bbox 76 1305 865 1342; baseline 0.003 -10"><span class='ocrx_word' id='word_1_187' title='bbox 76 1305 123 1332; x_wconf 77' lang='grc' dir='ltr'><strong>διὰ</strong></span> <span class='ocrx_word' id='word_1_188' title='bbox 137 1305 191 1331; x_wconf 79' lang='grc' dir='ltr'><strong>τῶν</strong></span> <span class='ocrx_word' id='word_1_189' title='bbox 208 1305 349 1341; x_wconf 82' lang='grc' dir='ltr'>παρόντων</span> <span class='ocrx_word' id='word_1_190' title='bbox 373 1305 571 1341; x_wconf 84' lang='grc' dir='ltr'>κατασημαίνει</span> <span class='ocrx_word' id='word_1_191' title='bbox 582 1325 589 1338; x_wconf 93' lang='grc'><em>,</em></span> <span class='ocrx_word' id='word_1_192' title='bbox 603 1307 648 1333; x_wconf 80' lang='grc' dir='ltr'>καὶ</span> <span class='ocrx_word' id='word_1_193' title='bbox 664 1306 709 1333; x_wconf 78' lang='grc' dir='ltr'><strong>τὸν</strong></span> <span class='ocrx_word' id='word_1_194' title='bbox 725 1308 865 1342; x_wconf 79' lang='grc' dir='ltr'>εὐαγγελι-</span> 
     </span>
    </p>
   </div>
   <div class='ocr_carea' id='block_1_30' title="bbox 78 1351 864 1388">
    <p class='ocr_par' dir='ltr' id='par_1_30' title="bbox 78 1351 864 1388">
     <span class='ocr_line' id='line_1_30' title="bbox 78 1351 864 1388; baseline 0.003 -10"><span class='ocrx_word' id='word_1_195' title='bbox 78 1352 127 1378; x_wconf 81' lang='grc' dir='ltr'>κδν</span> <span class='ocrx_word' id='word_1_196' title='bbox 147 1351 229 1378; x_wconf 77' lang='grc' dir='ltr'>αὑτοῦ</span> <span class='ocrx_word' id='word_1_197' title='bbox 244 1351 339 1385; x_wconf 87' lang='grc' dir='ltr'>λόγον,</span> <span class='ocrx_word' id='word_1_198' title='bbox 362 1352 406 1379; x_wconf 84' lang='grc' dir='ltr'><strong>τὸν</strong></span> <span class='ocrx_word' id='word_1_199' title='bbox 422 1352 529 1378; x_wconf 81' lang='grc' dir='ltr'>πάντων</span> <span class='ocrx_word' id='word_1_200' title='bbox 545 1352 794 1388; x_wconf 78' lang='grc' dir='ltr'>κατακυριεύσαντα</span> <span class='ocrx_word' id='word_1_201' title='bbox 809 1353 864 1380; x_wconf 77' lang='grc' dir='ltr'>τῶν</span> 
     </span>
    </p>
   </div>
   <div class='ocr_carea' id='block_1_31' title="bbox 79 1397 864 1435">
    <p class='ocr_par' dir='ltr' id='par_1_31' title="bbox 79 1397 864 1435">
     <span class='ocr_line' id='line_1_31' title="bbox 79 1397 864 1435; baseline 0.001 -10"><span class='ocrx_word' id='word_1_202' title='bbox 79 1398 178 1430; x_wconf 73' lang='grc' dir='ltr'>ἐθνῶν,</span> <span class='ocrx_word' id='word_1_203' title='bbox 195 1399 241 1425; x_wconf 76' lang='grc' dir='ltr'><strong>καὶ</strong></span> <span class='ocrx_word' id='word_1_204' title='bbox 257 1398 306 1434; x_wconf 82' lang='grc' dir='ltr'><strong>τὴν</strong></span> <span class='ocrx_word' id='word_1_205' title='bbox 322 1399 360 1430; x_wconf 82' lang='grc' dir='ltr'><strong>είς</strong></span> <span class='ocrx_word' id='word_1_206' title='bbox 370 1398 499 1434; x_wconf 76' lang='grc' dir='ltr'>οὐρανοὺς</span> <span class='ocrx_word' id='word_1_207' title='bbox 511 1398 593 1425; x_wconf 78' lang='grc' dir='ltr'>αὑτοῦ</span> <span class='ocrx_word' id='word_1_208' title='bbox 604 1399 706 1431; x_wconf 79' lang='grc' dir='ltr'><strong>ἄνοδον,</strong></span> <span class='ocrx_word' id='word_1_209' title='bbox 717 1397 750 1435; x_wconf 77' lang='grc' dir='ltr'>ἦς</span> <span class='ocrx_word' id='word_1_210' title='bbox 763 1400 864 1435; x_wconf 73' lang='grc' dir='ltr'>κατάρ-</span> 
     </span>
    </p>
   </div>
   <div class='ocr_carea' id='block_1_32' title="bbox 78 1441 863 1478">
    <p class='ocr_par' dir='ltr' id='par_1_32' title="bbox 78 1441 863 1478">
     <span class='ocr_line' id='line_1_32' title="bbox 78 1441 863 1478; baseline 0.001 -9"><span class='ocrx_word' id='word_1_211' title='bbox 78 1451 158 1478; x_wconf 75' lang='grc' dir='ltr'>χεται</span> <span class='ocrx_word' id='word_1_212' title='bbox 172 1444 186 1470; x_wconf 74' lang='grc' dir='ltr'>ὁ</span> <span class='ocrx_word' id='word_1_213' title='bbox 199 1443 305 1478; x_wconf 70' lang='grc' dir='ltr'>ψαλμὸς</span> <span class='ocrx_word' id='word_1_214' title='bbox 319 1443 405 1477; x_wconf 86' lang='grc' dir='ltr'>λέγων</span> <span class='ocrx_word' id='word_1_215' title='bbox 414 1451 421 1457; x_wconf 92' lang='grc'><strong>·</strong></span> <span class='ocrx_word' id='word_1_216' title='bbox 439 1441 531 1470; x_wconf 73' lang='grc' dir='ltr'><strong>Εἶπεν</strong></span> <span class='ocrx_word' id='word_1_217' title='bbox 553 1445 569 1469; x_wconf 79' lang='grc' dir='ltr'><em>ὁ</em></span> <span class='ocrx_word' id='word_1_218' title='bbox 595 1444 701 1478; x_wconf 82' lang='grc' dir='ltr'>Κύριος</span> <span class='ocrx_word' id='word_1_219' title='bbox 717 1443 756 1476; x_wconf 72' lang='grc' dir='ltr'><strong>τῷ</strong></span> <span class='ocrx_word' id='word_1_220' title='bbox 767 1445 863 1478; x_wconf 73' lang='grc' dir='ltr'>Κυρίῳ</span> 
     </span>
    </p>
   </div>
   <div class='ocr_carea' id='block_1_33' title="bbox 75 1489 527 1524">
    <p class='ocr_par' dir='ltr' id='par_1_33' title="bbox 75 1489 527 1524">
     <span class='ocr_line' id='line_1_33' title="bbox 75 1489 527 1524; baseline 0 -8"><span class='ocrx_word' id='word_1_221' title='bbox 75 1498 152 1524; x_wconf 78' lang='grc' dir='ltr'><strong>μου·</strong></span> <span class='ocrx_word' id='word_1_222' title='bbox 171 1489 268 1517; x_wconf 82' lang='grc' dir='ltr'>Κάθου</span> <span class='ocrx_word' id='word_1_223' title='bbox 287 1491 322 1516; x_wconf 72' lang='grc' dir='ltr'>ἐκ</span> <span class='ocrx_word' id='word_1_224' title='bbox 337 1489 443 1522; x_wconf 69' lang='grc' dir='ltr'><strong>δεξιῶν</strong></span> <span class='ocrx_word' id='word_1_225' title='bbox 457 1499 527 1524; x_wconf 77' lang='grc' dir='ltr'><strong>μου.</strong></span> 
     </span>
    </p>
   </div>
   <div class='ocr_carea' id='block_1_34' title="bbox 117 1536 899 1576">
    <p class='ocr_par' dir='ltr' id='par_1_34' title="bbox 117 1536 899 1576">
     <span class='ocr_line' id='line_1_34' title="bbox 117 1536 899 1576; baseline 0.003 -13"><span class='ocrx_word' id='word_1_226' title='bbox 117 1537 192 1570; x_wconf 85' lang='grc' dir='ltr'>Ἕως</span> <span class='ocrx_word' id='word_1_227' title='bbox 207 1537 245 1563; x_wconf 82' lang='grc' dir='ltr'><strong>ἂν</strong></span> <span class='ocrx_word' id='word_1_228' title='bbox 259 1536 299 1564; x_wconf 88' lang='grc' dir='ltr'>θῶ</span> <span class='ocrx_word' id='word_1_229' title='bbox 315 1536 385 1569; x_wconf 85' lang='grc' dir='ltr'><strong>τοὺς</strong></span> <span class='ocrx_word' id='word_1_230' title='bbox 404 1537 528 1571; x_wconf 78' lang='grc' dir='ltr'><strong>ἐχθρούς</strong></span> <span class='ocrx_word' id='word_1_231' title='bbox 549 1543 606 1563; x_wconf 88' lang='grc' dir='ltr'><strong>σου</strong></span> <span class='ocrx_word' id='word_1_232' title='bbox 620 1537 786 1565; x_wconf 78' lang='grc' dir='ltr'><em>ὑποπόδιον</em></span> <span class='ocrx_word' id='word_1_233' title='bbox 806 1537 865 1565; x_wconf 83' lang='grc' dir='ltr'><strong>τῶν</strong></span> <span class='ocrx_word' id='word_1_234' title='bbox 878 1548 899 1576; x_wconf 77' lang='lat' dir='ltr'>c</span> 
     </span>
    </p>
   </div>
   <div class='ocr_carea' id='block_1_35' title="bbox 79 1579 865 1618">
    <p class='ocr_par' dir='ltr' id='par_1_35' title="bbox 79 1579 865 1618">
     <span class='ocr_line' id='line_1_35' title="bbox 79 1579 865 1618; baseline 0.001 -9"><span class='ocrx_word' id='word_1_235' title='bbox 79 1582 183 1609; x_wconf 68' lang='grc' dir='ltr'><strong>ποδῶν</strong></span> <span class='ocrx_word' id='word_1_236' title='bbox 196 1590 265 1609; x_wconf 87' lang='grc' dir='ltr'><em>σου.</em></span> <span class='ocrx_word' id='word_1_237' title='bbox 289 1582 344 1608; x_wconf 76' lang='grc' dir='ltr'>Καὶ</span> <span class='ocrx_word' id='word_1_238' title='bbox 359 1581 431 1613; x_wconf 77' lang='grc' dir='ltr'>τίνες</span> <span class='ocrx_word' id='word_1_239' title='bbox 447 1582 479 1608; x_wconf 87' lang='grc' dir='ltr'>ἂν</span> <span class='ocrx_word' id='word_1_240' title='bbox 494 1579 548 1608; x_wconf 81' lang='grc' dir='ltr'>εἶεν</span> <span class='ocrx_word' id='word_1_241' title='bbox 560 1582 585 1608; x_wconf 83' lang='grc' dir='ltr'>οἱ</span> <span class='ocrx_word' id='word_1_242' title='bbox 599 1582 691 1618; x_wconf 74' lang='grc' dir='ltr'>ἐχθροὶ</span> <span class='ocrx_word' id='word_1_243' title='bbox 707 1583 721 1609; x_wconf 84' lang='grc' dir='ltr'>ὁ</span> <span class='ocrx_word' id='word_1_244' title='bbox 742 1583 865 1610; x_wconf 79' lang='grc' dir='ltr'><strong>’Δπόστο-</strong></span> 
     </span>
    </p>
   </div>
   <div class='ocr_carea' id='block_1_36' title="bbox 78 1625 864 1662">
    <p class='ocr_par' dir='ltr' id='par_1_36' title="bbox 78 1625 864 1662">
     <span class='ocr_line' id='line_1_36' title="bbox 78 1625 864 1662; baseline 0.003 -9"><span class='ocrx_word' id='word_1_245' title='bbox 78 1627 126 1658; x_wconf 77' lang='grc' dir='ltr'><strong>λος</strong></span> <span class='ocrx_word' id='word_1_246' title='bbox 141 1626 217 1662; x_wconf 79' lang='grc' dir='ltr'>δηλοῖ</span> <span class='ocrx_word' id='word_1_247' title='bbox 233 1626 317 1660; x_wconf 84' lang='grc' dir='ltr'>βοῶν·</span> <span class='ocrx_word' id='word_1_248' title='bbox 334 1627 421 1653; x_wconf 85' lang='grc' dir='ltr'><em>Ὅταν</em></span> <span class='ocrx_word' id='word_1_249' title='bbox 439 1625 611 1661; x_wconf 70' lang='grc' dir='ltr'><strong>καταργήσῃ</strong></span> <span class='ocrx_word' id='word_1_250' title='bbox 633 1627 686 1660; x_wconf 85' lang='grc' dir='ltr'><em>τὰς</em></span> <span class='ocrx_word' id='word_1_251' title='bbox 703 1627 797 1662; x_wconf 83' lang='grc' dir='ltr'>ἀρχὰς</span> <span class='ocrx_word' id='word_1_252' title='bbox 816 1629 864 1655; x_wconf 70' lang='grc' dir='ltr'><strong>καὶ</strong></span> 
     </span>
    </p>
   </div>
   <div class='ocr_carea' id='block_1_37' title="bbox 79 1670 866 1707">
    <p class='ocr_par' dir='ltr' id='par_1_37' title="bbox 79 1670 866 1707">
     <span class='ocr_line' id='line_1_37' title="bbox 79 1670 866 1707; baseline 0.001 -9"><span class='ocrx_word' id='word_1_253' title='bbox 79 1672 135 1704; x_wconf 78' lang='grc' dir='ltr'><strong>τὰς</strong></span> <span class='ocrx_word' id='word_1_254' title='bbox 151 1671 304 1704; x_wconf 76' lang='grc' dir='ltr'>ἐξουσίας,</span> <span class='ocrx_word' id='word_1_255' title='bbox 318 1671 366 1697; x_wconf 79' lang='grc' dir='ltr'><strong>καὶ</strong></span> <span class='ocrx_word' id='word_1_256' title='bbox 379 1670 449 1703; x_wconf 77' lang='grc' dir='ltr'>τοὺς</span> <span class='ocrx_word' id='word_1_257' title='bbox 463 1671 704 1706; x_wconf 70' lang='grc' dir='ltr'>κοσμοκράτορας</span> <span class='ocrx_word' id='word_1_258' title='bbox 714 1691 720 1703; x_wconf 90' lang='grc'><em>,</em></span> <span class='ocrx_word' id='word_1_259' title='bbox 737 1672 866 1707; x_wconf 79' lang='grc' dir='ltr'><strong>ἔσχατος</strong></span> 
     </span>
    </p>
   </div>
   <div class='ocr_carea' id='block_1_38' title="bbox 79 1716 572 1752">
    <p class='ocr_par' dir='ltr' id='par_1_38' title="bbox 79 1716 572 1752">
     <span class='ocr_line' id='line_1_38' title="bbox 79 1716 572 1752; baseline 0 -8"><span class='ocrx_word' id='word_1_260' title='bbox 79 1717 188 1752; x_wconf 78' lang='grc' dir='ltr'>ἐχθρὸς</span> <span class='ocrx_word' id='word_1_261' title='bbox 202 1716 388 1751; x_wconf 73' lang='grc' dir='ltr'><strong>καταργεῖται</strong></span> <span class='ocrx_word' id='word_1_262' title='bbox 404 1717 420 1742; x_wconf 84' lang='grc' dir='ltr'><em>ὀ</em></span> <span class='ocrx_word' id='word_1_263' title='bbox 430 1716 572 1750; x_wconf 78' lang='grc' dir='ltr'><strong>’θάνατος.</strong></span> 
     </span>
    </p>
   </div>
   <div class='ocr_carea' id='block_1_39' title="bbox 121 1761 866 1797">
    <p class='ocr_par' dir='ltr' id='par_1_39' title="bbox 121 1761 866 1797">
     <span class='ocr_line' id='line_1_39' title="bbox 121 1761 866 1797; baseline 0 -7"><span class='ocrx_word' id='word_1_264' title='bbox 121 1763 246 1790; x_wconf 72' lang='grc' dir='ltr'>Ῥὰϐδογ</span> <span class='ocrx_word' id='word_1_265' title='bbox 259 1761 412 1797; x_wconf 77' lang='grc' dir='ltr'><strong>δυνάμεως</strong></span> <span class='ocrx_word' id='word_1_266' title='bbox 427 1762 626 1794; x_wconf 69' lang='grc' dir='ltr'><strong>ἑξαποστελεῖ</strong></span> <span class='ocrx_word' id='word_1_267' title='bbox 645 1770 694 1789; x_wconf 88' lang='grc' dir='ltr'><em>σοι</em></span> <span class='ocrx_word' id='word_1_268' title='bbox 707 1764 813 1797; x_wconf 81' lang='grc' dir='ltr'>Κύριος</span> <span class='ocrx_word' id='word_1_269' title='bbox 832 1764 866 1790; x_wconf 76' lang='grc' dir='ltr'>ἐκ</span> 
     </span>
    </p>
   </div>
   <div class='ocr_carea' id='block_1_40' title="bbox 81 1806 868 1844">
    <p class='ocr_par' dir='ltr' id='par_1_40' title="bbox 81 1806 868 1844">
     <span class='ocr_line' id='line_1_40' title="bbox 81 1806 868 1844; baseline 0.001 -9"><span class='ocrx_word' id='word_1_270' title='bbox 81 1807 169 1836; x_wconf 82' lang='grc' dir='ltr'><strong>Σιών.</strong></span> <span class='ocrx_word' id='word_1_271' title='bbox 196 1808 252 1835; x_wconf 76' lang='grc' dir='ltr'><strong>,Τὸν</strong></span> <span class='ocrx_word' id='word_1_272' title='bbox 267 1806 442 1842; x_wconf 76' lang='grc' dir='ltr'>εὐαγγελικόν</span> <span class='ocrx_word' id='word_1_273' title='bbox 457 1815 523 1843; x_wconf 76' lang='grc' dir='ltr'>φησι</span> <span class='ocrx_word' id='word_1_274' title='bbox 537 1807 614 1841; x_wconf 78' lang='grc' dir='ltr'>λόγον</span> <span class='ocrx_word' id='word_1_275' title='bbox 635 1807 680 1834; x_wconf 79' lang='grc' dir='ltr'><strong>τὸν</strong></span> <span class='ocrx_word' id='word_1_276' title='bbox 697 1808 868 1844; x_wconf 81' lang='grc' dir='ltr'><strong>ἀπεσταλμέ-</strong></span> 
     </span>
    </p>
   </div>
   <div class='ocr_carea' id='block_1_41' title="bbox 80 1853 740 1889">
    <p class='ocr_par' dir='ltr' id='par_1_41' title="bbox 80 1853 740 1889">
     <span class='ocr_line' id='line_1_41' title="bbox 80 1853 740 1889; baseline -0.002 -7"><span class='ocrx_word' id='word_1_277' title='bbox 80 1864 137 1887; x_wconf 77' lang='grc' dir='ltr'>νον,</span> <span class='ocrx_word' id='word_1_278' title='bbox 153 1854 182 1886; x_wconf 82' lang='grc' dir='ltr'>ὃς</span> <span class='ocrx_word' id='word_1_279' title='bbox 197 1854 243 1880; x_wconf 71' lang='grc' dir='ltr'><strong>καὶ</strong></span> <span class='ocrx_word' id='word_1_280' title='bbox 259 1854 366 1880; x_wconf 76' lang='grc' dir='ltr'>πάντων</span> <span class='ocrx_word' id='word_1_281' title='bbox 382 1853 436 1880; x_wconf 80' lang='grc' dir='ltr'><strong>τῶν</strong></span> <span class='ocrx_word' id='word_1_282' title='bbox 450 1853 555 1889; x_wconf 76' lang='grc' dir='ltr'>ἐχθρῶν</span> <span class='ocrx_word' id='word_1_283' title='bbox 571 1854 740 1889; x_wconf 74' lang='grc' dir='ltr'>ἐκυρίευσεν.</span> 
     </span>
    </p>
   </div>
   <div class='ocr_carea' id='block_1_42' title="bbox 117 1897 866 1933">
    <p class='ocr_par' dir='ltr' id='par_1_42' title="bbox 117 1897 866 1933">
     <span class='ocr_line' id='line_1_42' title="bbox 117 1897 866 1933; baseline 0 -8"><span class='ocrx_word' id='word_1_284' title='bbox 117 1898 199 1925; x_wconf 80' lang='grc' dir='ltr'><strong>Μετὰ</strong></span> <span class='ocrx_word' id='word_1_285' title='bbox 214 1898 271 1924; x_wconf 88' lang='grc' dir='ltr'><strong>σοῦ</strong></span> <span class='ocrx_word' id='word_1_286' title='bbox 283 1897 302 1931; x_wconf 80' lang='grc' dir='ltr'><strong><em>ἡ</em></strong></span> <span class='ocrx_word' id='word_1_287' title='bbox 320 1897 398 1932; x_wconf 82' lang='grc' dir='ltr'><strong>ἀρχὴ</strong></span> <span class='ocrx_word' id='word_1_288' title='bbox 413 1897 448 1924; x_wconf 82' lang='grc' dir='ltr'><strong>ἐν</strong></span> <span class='ocrx_word' id='word_1_289' title='bbox 459 1898 553 1932; x_wconf 72' lang='grc' dir='ltr'><strong>ἡμέρᾳ</strong></span> <span class='ocrx_word' id='word_1_290' title='bbox 566 1897 622 1931; x_wconf 82' lang='grc' dir='ltr'><strong>τῆς</strong></span> <span class='ocrx_word' id='word_1_291' title='bbox 632 1897 785 1933; x_wconf 52' lang='lat' dir='ltr'><strong>timuiwa</strong></span> <span class='ocrx_word' id='word_1_292' title='bbox 797 1905 866 1926; x_wconf 88' lang='grc' dir='ltr'><strong>σου.</strong></span> 
     </span>
    </p>
   </div>
   <div class='ocr_carea' id='block_1_43' title="bbox 82 1944 867 1980">
    <p class='ocr_par' dir='ltr' id='par_1_43' title="bbox 82 1944 867 1980">
     <span class='ocr_line' id='line_1_43' title="bbox 82 1944 867 1980; baseline 0 -9"><span class='ocrx_word' id='word_1_293' title='bbox 82 1945 120 1971; x_wconf 77' lang='grc' dir='ltr'><strong><em>Ἦ</em></strong></span> <span class='ocrx_word' id='word_1_294' title='bbox 135 1946 181 1972; x_wconf 81' lang='grc' dir='ltr'><strong>τὸν</strong></span> <span class='ocrx_word' id='word_1_295' title='bbox 198 1945 293 1980; x_wconf 72' lang='grc' dir='ltr'>καιρὺν</span> <span class='ocrx_word' id='word_1_296' title='bbox 308 1945 357 1979; x_wconf 84' lang='grc' dir='ltr'><strong>τῆς</strong></span> <span class='ocrx_word' id='word_1_297' title='bbox 372 1945 489 1979; x_wconf 79' lang='grc' dir='ltr'>κρίσεως</span> <span class='ocrx_word' id='word_1_298' title='bbox 502 1944 545 1971; x_wconf 86' lang='grc' dir='ltr'>διὰ</span> <span class='ocrx_word' id='word_1_299' title='bbox 559 1944 660 1971; x_wconf 82' lang='grc' dir='ltr'>τούτων</span> <span class='ocrx_word' id='word_1_300' title='bbox 675 1946 801 1980; x_wconf 72' lang='grc' dir='ltr'>σημαίνει</span> <span class='ocrx_word' id='word_1_301' title='bbox 813 1966 821 1978; x_wconf 90' lang='grc'>,</span> <span class='ocrx_word' id='word_1_302' title='bbox 839 1946 867 1971; x_wconf 78' lang='grc' dir='ltr'>ἐν</span> 
     </span>
    </p>
   </div>
   <div class='ocr_carea' id='block_1_44' title="bbox 80 1988 868 2027">
    <p class='ocr_par' dir='ltr' id='par_1_44' title="bbox 80 1988 868 2027">
     <span class='ocr_line' id='line_1_44' title="bbox 80 1988 868 2027; baseline 0 -10"><span class='ocrx_word' id='word_1_303' title='bbox 80 1988 103 2024; x_wconf 75' lang='grc' dir='ltr'>ᾧ</span> <span class='ocrx_word' id='word_1_304' title='bbox 115 1990 229 2025; x_wconf 79' lang='grc' dir='ltr'>δυνάμει</span> <span class='ocrx_word' id='word_1_305' title='bbox 243 1990 304 2025; x_wconf 74' lang='grc' dir='ltr'>θείᾳ</span> <span class='ocrx_word' id='word_1_306' title='bbox 317 1990 420 2022; x_wconf 83' lang='grc' dir='ltr'>πάντας</span> <span class='ocrx_word' id='word_1_307' title='bbox 435 1990 522 2027; x_wconf 89' lang='grc' dir='ltr'>κρινεῖ</span> <span class='ocrx_word' id='word_1_308' title='bbox 534 1989 618 2016; x_wconf 79' lang='grc' dir='ltr'>ἐλθὼν</span> <span class='ocrx_word' id='word_1_309' title='bbox 631 1990 701 2026; x_wconf 82' lang='grc' dir='ltr'>μετὰ</span> <span class='ocrx_word' id='word_1_310' title='bbox 717 1991 771 2017; x_wconf 86' lang='grc' dir='ltr'><strong>τῶν</strong></span> <span class='ocrx_word' id='word_1_311' title='bbox 785 1991 868 2025; x_wconf 82' lang='grc' dir='ltr'>ἁγίων</span> 
     </span>
    </p>
   </div>
   <div class='ocr_carea' id='block_1_45' title="bbox 81 2036 867 2076">
    <p class='ocr_par' dir='ltr' id='par_1_45' title="bbox 81 2036 867 2076">
     <span class='ocr_line' id='line_1_45' title="bbox 81 2036 867 2076; baseline -0.006 -8"><span class='ocrx_word' id='word_1_312' title='bbox 81 2041 207 2076; x_wconf 76' lang='grc' dir='ltr'>ἀγγέλων</span> <span class='ocrx_word' id='word_1_313' title='bbox 217 2040 315 2068; x_wconf 78' lang='grc' dir='ltr'><strong>αὐτοῦ·</strong></span> <span class='ocrx_word' id='word_1_314' title='bbox 330 2041 346 2076; x_wconf 86' lang='grc' dir='ltr'>ἢ</span> <span class='ocrx_word' id='word_1_315' title='bbox 363 2040 409 2067; x_wconf 79' lang='grc' dir='ltr'><strong>τὸν</strong></span> <span class='ocrx_word' id='word_1_316' title='bbox 425 2039 520 2075; x_wconf 81' lang='grc' dir='ltr'>καιρὸν</span> <span class='ocrx_word' id='word_1_317' title='bbox 537 2039 587 2074; x_wconf 82' lang='grc' dir='ltr'><strong>τῆς</strong></span> <span class='ocrx_word' id='word_1_318' title='bbox 603 2039 756 2073; x_wconf 80' lang='grc' dir='ltr'><strong>γεννήσεως</strong></span> <span class='ocrx_word' id='word_1_319' title='bbox 772 2036 867 2070; x_wconf 81' lang='grc' dir='ltr'><strong>αὐτοῦ,</strong></span> 
     </span>
    </p>
   </div>
   <div class='ocr_carea' id='block_1_46' title="bbox 80 2083 868 2122">
    <p class='ocr_par' dir='ltr' id='par_1_46' title="bbox 80 2083 868 2122">
     <span class='ocr_line' id='line_1_46' title="bbox 80 2083 868 2122; baseline -0.004 -10"><span class='ocrx_word' id='word_1_320' title='bbox 80 2087 143 2122; x_wconf 76' lang='grc' dir='ltr'>ἣτις</span> <span class='ocrx_word' id='word_1_321' title='bbox 156 2086 204 2112; x_wconf 76' lang='grc' dir='ltr'>καὶ</span> <span class='ocrx_word' id='word_1_322' title='bbox 212 2086 303 2121; x_wconf 75' lang='grc' dir='ltr'>ἡμέρα</span> <span class='ocrx_word' id='word_1_323' title='bbox 317 2086 457 2118; x_wconf 73' lang='grc' dir='ltr'>δυνάμεως</span> <span class='ocrx_word' id='word_1_324' title='bbox 472 2083 713 2120; x_wconf 84' lang='grc' dir='ltr'>προσαγορεύεται.</span> <span class='ocrx_word' id='word_1_325' title='bbox 729 2083 806 2110; x_wconf 81' lang='grc' dir='ltr'>Μετὰ</span> <span class='ocrx_word' id='word_1_326' title='bbox 821 2083 868 2109; x_wconf 84' lang='grc' dir='ltr'>σοῦ</span> 
     </span>
    </p>
   </div>
   <div class='ocr_carea' id='block_1_47' title="bbox 81 2128 869 2167">
    <p class='ocr_par' dir='ltr' id='par_1_47' title="bbox 81 2128 869 2167">
     <span class='ocr_line' id='line_1_47' title="bbox 81 2128 869 2167; baseline -0.006 -9"><span class='ocrx_word' id='word_1_327' title='bbox 81 2132 138 2167; x_wconf 76' lang='grc' dir='ltr'>γὰρ</span> <span class='ocrx_word' id='word_1_328' title='bbox 154 2131 233 2158; x_wconf 72' lang='grc' dir='ltr'>ἔσται</span> <span class='ocrx_word' id='word_1_329' title='bbox 249 2132 265 2166; x_wconf 85' lang='grc' dir='ltr'>ὴ</span> <span class='ocrx_word' id='word_1_330' title='bbox 283 2132 363 2166; x_wconf 79' lang='grc' dir='ltr'><strong>ἀρχή.</strong></span> <span class='ocrx_word' id='word_1_331' title='bbox 383 2130 595 2163; x_wconf 78' lang='grc' dir='ltr'>Κατεξουσιάζει</span> <span class='ocrx_word' id='word_1_332' title='bbox 612 2129 666 2164; x_wconf 80' lang='grc' dir='ltr'>γὰρ</span> <span class='ocrx_word' id='word_1_333' title='bbox 683 2128 736 2155; x_wconf 80' lang='grc' dir='ltr'>τῶν</span> <span class='ocrx_word' id='word_1_334' title='bbox 752 2128 830 2160; x_wconf 65' lang='grc' dir='ltr'>ὅλων,</span> <span class='ocrx_word' id='word_1_335' title='bbox 845 2129 869 2153; x_wconf 81' lang='grc' dir='ltr'>εἰ</span> 
     </span>
    </p>
   </div>
   <div class='ocr_carea' id='block_1_48' title="bbox 83 2173 870 2212">
    <p class='ocr_par' dir='ltr' id='par_1_48' title="bbox 83 2173 870 2212">
     <span class='ocr_line' id='line_1_48' title="bbox 83 2173 870 2212; baseline -0.006 -8"><span class='ocrx_word' id='word_1_336' title='bbox 83 2178 131 2205; x_wconf 72' lang='grc' dir='ltr'>καὶ</span> <span class='ocrx_word' id='word_1_337' title='bbox 152 2177 263 2211; x_wconf 84' lang='grc' dir='ltr'>γέγονεν</span> <span class='ocrx_word' id='word_1_338' title='bbox 289 2177 439 2212; x_wconf 76' lang='grc' dir='ltr'>ἅνθρωπος.</span> <span class='ocrx_word' id='word_1_339' title='bbox 465 2177 515 2204; x_wconf 81' lang='grc' dir='ltr'><strong>Ἐν</strong></span> <span class='ocrx_word' id='word_1_340' title='bbox 529 2175 593 2208; x_wconf 79' lang='grc' dir='ltr'><strong>ταῖς</strong></span> <span class='ocrx_word' id='word_1_341' title='bbox 607 2175 796 2209; x_wconf 79' lang='grc' dir='ltr'><em>λαμπρότησι</em></span> <span class='ocrx_word' id='word_1_342' title='bbox 811 2173 870 2200; x_wconf 80' lang='grc' dir='ltr'><strong>τῶν·</strong></span> 
     </span>
    </p>
   </div>
   <div class='ocr_carea' id='block_1_49' title="bbox 80 2219 909 2259">
    <p class='ocr_par' dir='ltr' id='par_1_49' title="bbox 80 2219 909 2259">
     <span class='ocr_line' id='line_1_49' title="bbox 80 2219 909 2259; baseline -0.004 -10"><span class='ocrx_word' id='word_1_343' title='bbox 80 2223 177 2259; x_wconf 58' lang='grc' dir='ltr'><strong>ἀτίωτῖ</strong></span> <span class='ocrx_word' id='word_1_344' title='bbox 187 2230 254 2249; x_wconf 85' lang='grc' dir='ltr'>σου.</span> <span class='ocrx_word' id='word_1_345' title='bbox 268 2222 304 2248; x_wconf 79' lang='grc' dir='ltr'><strong>Τὸ</strong></span> <span class='ocrx_word' id='word_1_346' title='bbox 316 2222 355 2253; x_wconf 81' lang='grc' dir='ltr'><strong>δὲ,</strong></span> <span class='ocrx_word' id='word_1_347' title='bbox 373 2223 421 2248; x_wconf 77' lang='grc' dir='ltr'><strong>Ἐν</strong></span> <span class='ocrx_word' id='word_1_348' title='bbox 430 2222 494 2254; x_wconf 86' lang='grc' dir='ltr'><strong>ταῖς</strong></span> <span class='ocrx_word' id='word_1_349' title='bbox 508 2221 696 2256; x_wconf 78' lang='grc' dir='ltr'><strong>λαμπρότησι</strong></span> <span class='ocrx_word' id='word_1_350' title='bbox 707 2220 765 2246; x_wconf 79' lang='grc' dir='ltr'><strong>τῶν</strong></span> <span class='ocrx_word' id='word_1_351' title='bbox 779 2219 870 2254; x_wconf 79' lang='grc' dir='ltr'>ἁγίων</span> <span class='ocrx_word' id='word_1_352' title='bbox 887 2219 909 2246; x_wconf 88' lang='lat' dir='ltr'><strong>D</strong></span> 
     </span>
    </p>
   </div>
   <div class='ocr_carea' id='block_1_50' title="bbox 83 2265 869 2303">
    <p class='ocr_par' dir='ltr' id='par_1_50' title="bbox 83 2265 869 2303">
     <span class='ocr_line' id='line_1_50' title="bbox 83 2265 869 2303; baseline -0.004 -9"><span class='ocrx_word' id='word_1_353' title='bbox 83 2275 159 2299; x_wconf 83' lang='grc' dir='ltr'>σου,</span> <span class='ocrx_word' id='word_1_354' title='bbox 175 2267 251 2294; x_wconf 79' lang='grc' dir='ltr'>οὐδὲν</span> <span class='ocrx_word' id='word_1_355' title='bbox 266 2268 358 2303; x_wconf 76' lang='grc' dir='ltr'>ἕτερον</span> <span class='ocrx_word' id='word_1_356' title='bbox 373 2267 389 2302; x_wconf 83' lang='grc' dir='ltr'><strong>ἢ</strong></span> <span class='ocrx_word' id='word_1_357' title='bbox 406 2267 455 2298; x_wconf 78' lang='grc' dir='ltr'>τὰς</span> <span class='ocrx_word' id='word_1_358' title='bbox 470 2265 578 2302; x_wconf 81' lang='grc' dir='ltr'>χορείας</span> <span class='ocrx_word' id='word_1_359' title='bbox 594 2266 700 2297; x_wconf 84' lang='grc' dir='ltr'>ὲκείνας</span> <span class='ocrx_word' id='word_1_360' title='bbox 713 2265 767 2292; x_wconf 82' lang='grc' dir='ltr'><strong>τῶν</strong></span> <span class='ocrx_word' id='word_1_361' title='bbox 784 2265 869 2298; x_wconf 81' lang='grc' dir='ltr'>ἁγίων</span> 
     </span>
    </p>
   </div>
   <div class='ocr_carea' id='block_1_51' title="bbox 85 2310 872 2348">
    <p class='ocr_par' dir='ltr' id='par_1_51' title="bbox 85 2310 872 2348">
     <span class='ocr_line' id='line_1_51' title="bbox 85 2310 872 2348; baseline -0.004 -9"><span class='ocrx_word' id='word_1_362' title='bbox 85 2313 211 2348; x_wconf 72' lang='grc' dir='ltr'>ἀγγέλων</span> <span class='ocrx_word' id='word_1_363' title='bbox 227 2314 294 2348; x_wconf 82' lang='grc' dir='ltr'><strong>ἡμῖν</strong></span> <span class='ocrx_word' id='word_1_364' title='bbox 317 2312 533 2348; x_wconf 68' lang='grc' dir='ltr'>κατασημαίνει,</span> <span class='ocrx_word' id='word_1_365' title='bbox 558 2311 607 2344; x_wconf 75' lang='grc' dir='ltr'>τὰς</span> <span class='ocrx_word' id='word_1_366' title='bbox 624 2311 699 2346; x_wconf 80' lang='grc' dir='ltr'>παρὰ</span> <span class='ocrx_word' id='word_1_367' title='bbox 721 2312 771 2346; x_wconf 82' lang='grc' dir='ltr'><strong>τὴν</strong></span> <span class='ocrx_word' id='word_1_368' title='bbox 786 2310 872 2337; x_wconf 82' lang='grc' dir='ltr'>νύκτα</span> 
     </span>
    </p>
   </div>
   <div class='ocr_carea' id='block_1_52' title="bbox 85 2356 873 2394">
    <p class='ocr_par' dir='ltr' id='par_1_52' title="bbox 85 2356 873 2394">
     <span class='ocr_line' id='line_1_52' title="bbox 85 2356 873 2394; baseline -0.005 -8"><span class='ocrx_word' id='word_1_369' title='bbox 85 2359 194 2393; x_wconf 70' lang='grc' dir='ltr'>ἐκείνην</span> <span class='ocrx_word' id='word_1_370' title='bbox 208 2358 268 2385; x_wconf 75' lang='grc' dir='ltr'>καθ’</span> <span class='ocrx_word' id='word_1_371' title='bbox 292 2359 325 2394; x_wconf 72' lang='grc' dir='ltr'>ἢν</span> <span class='ocrx_word' id='word_1_372' title='bbox 338 2358 469 2394; x_wconf 77' lang='grc' dir='ltr'>ἐγεννήθη</span> <span class='ocrx_word' id='word_1_373' title='bbox 486 2359 500 2384; x_wconf 85' lang='grc' dir='ltr'>ὁ</span> <span class='ocrx_word' id='word_1_374' title='bbox 516 2357 633 2394; x_wconf 80' lang='grc' dir='ltr'>Χριστὸς</span> <span class='ocrx_word' id='word_1_375' title='bbox 649 2356 768 2392; x_wconf 83' lang='grc' dir='ltr'>βοώσας·</span> <span class='ocrx_word' id='word_1_376' title='bbox 797 2356 873 2388; x_wconf 82' lang='grc' dir='ltr'><strong>Δόξα</strong></span> 
     </span>
    </p>
   </div>
   <div class='ocr_carea' id='block_1_53' title="bbox 84 2401 874 2438">
    <p class='ocr_par' dir='ltr' id='par_1_53' title="bbox 84 2401 874 2438">
     <span class='ocr_line' id='line_1_53' title="bbox 84 2401 874 2438; baseline -0.005 -7"><span class='ocrx_word' id='word_1_377' title='bbox 84 2414 118 2432; x_wconf 70' lang='grc' dir='ltr'><strong>ειν</strong></span> <span class='ocrx_word' id='word_1_378' title='bbox 128 2404 271 2438; x_wconf 70' lang='grc' dir='ltr'><em>ὑψίστοις</em></span> <span class='ocrx_word' id='word_1_379' title='bbox 285 2404 345 2437; x_wconf 85' lang='grc' dir='ltr'><strong>Θεῷ</strong></span> <span class='ocrx_word' id='word_1_380' title='bbox 359 2404 408 2431; x_wconf 78' lang='grc' dir='ltr'><strong>καί</strong></span> <span class='ocrx_word' id='word_1_381' title='bbox 418 2403 467 2430; x_wconf 79' lang='grc' dir='ltr'><strong><em>ἐπὶ</em></strong></span> <span class='ocrx_word' id='word_1_382' title='bbox 481 2403 537 2438; x_wconf 86' lang='grc' dir='ltr'>Τῆς</span> <span class='ocrx_word' id='word_1_383' title='bbox 551 2402 665 2436; x_wconf 75' lang='grc' dir='ltr'><strong>εἰρήνη.</strong></span> <span class='ocrx_word' id='word_1_384' title='bbox 687 2402 734 2428; x_wconf 84' lang='grc' dir='ltr'>Ἐκ</span> <span class='ocrx_word' id='word_1_385' title='bbox 746 2401 874 2435; x_wconf 75' lang='grc' dir='ltr'>γαστρὸς</span> 
     </span>
    </p>
   </div>
   <div class='ocr_carea' id='block_1_54' title="bbox 85 2446 872 2484">
    <p class='ocr_par' dir='ltr' id='par_1_54' title="bbox 85 2446 872 2484">
     <span class='ocr_line' id='line_1_54' title="bbox 85 2446 872 2484; baseline -0.006 -7"><span class='ocrx_word' id='word_1_386' title='bbox 85 2450 143 2484; x_wconf 74' lang='grc' dir='ltr'><strong>πρὸ</strong></span> <span class='ocrx_word' id='word_1_387' title='bbox 160 2450 315 2484; x_wconf 64' lang='grc' dir='ltr'>ἑωσφόρου</span> <span class='ocrx_word' id='word_1_388' title='bbox 334 2449 483 2484; x_wconf 69' lang='grc' dir='ltr'><strong>ὲγένιυησά</strong></span> <span class='ocrx_word' id='word_1_389' title='bbox 498 2457 544 2475; x_wconf 80' lang='grc' dir='ltr'><strong>σε.</strong></span> <span class='ocrx_word' id='word_1_390' title='bbox 569 2449 639 2483; x_wconf 85' lang='grc' dir='ltr'><strong>Ὅρα</strong></span> <span class='ocrx_word' id='word_1_391' title='bbox 651 2447 709 2479; x_wconf 84' lang='grc' dir='ltr'><strong>πῶς</strong></span> <span class='ocrx_word' id='word_1_392' title='bbox 728 2446 872 2473; x_wconf 81' lang='grc' dir='ltr'>οἰκειοῦται</span> 
     </span>
    </p>
   </div>
   <div class='ocr_carea' id='block_1_55' title="bbox 85 2491 870 2530">
    <p class='ocr_par' dir='ltr' id='par_1_55' title="bbox 85 2491 870 2530">
     <span class='ocr_line' id='line_1_55' title="bbox 85 2491 870 2530; baseline -0.006 -8"><span class='ocrx_word' id='word_1_393' title='bbox 85 2497 134 2530; x_wconf 78' lang='grc' dir='ltr'><strong>τὴν</strong></span> <span class='ocrx_word' id='word_1_394' title='bbox 149 2495 220 2522; x_wconf 78' lang='grc' dir='ltr'>κατὰ</span> <span class='ocrx_word' id='word_1_395' title='bbox 234 2495 322 2530; x_wconf 81' lang='grc' dir='ltr'>σάρκα</span> <span class='ocrx_word' id='word_1_396' title='bbox 336 2494 461 2530; x_wconf 80' lang='grc' dir='ltr'>γέννησιν</span> <span class='ocrx_word' id='word_1_397' title='bbox 483 2494 530 2521; x_wconf 79' lang='grc' dir='ltr'>τοῦ</span> <span class='ocrx_word' id='word_1_398' title='bbox 546 2492 714 2527; x_wconf 82' lang='grc' dir='ltr'>Μονογενοῦς</span> <span class='ocrx_word' id='word_1_399' title='bbox 728 2493 742 2518; x_wconf 86' lang='grc' dir='ltr'><strong>ὁ</strong></span> <span class='ocrx_word' id='word_1_400' title='bbox 765 2491 870 2526; x_wconf 81' lang='grc' dir='ltr'><strong>Πατήρ.</strong></span> 
     </span>
    </p>
   </div>
   <div class='ocr_carea' id='block_1_56' title="bbox 85 2537 873 2577">
    <p class='ocr_par' dir='ltr' id='par_1_56' title="bbox 85 2537 873 2577">
     <span class='ocr_line' id='line_1_56' title="bbox 85 2537 873 2577; baseline -0.006 -9"><span class='ocrx_word' id='word_1_401' title='bbox 85 2542 154 2576; x_wconf 77' lang='grc' dir='ltr'>Φησὶ</span> <span class='ocrx_word' id='word_1_402' title='bbox 171 2541 226 2577; x_wconf 82' lang='grc' dir='ltr'><strong>γὰρ</strong></span> <span class='ocrx_word' id='word_1_403' title='bbox 240 2541 254 2566; x_wconf 81' lang='grc' dir='ltr'>ὁ</span> <span class='ocrx_word' id='word_1_404' title='bbox 264 2541 359 2576; x_wconf 82' lang='grc' dir='ltr'>Πατὴρ</span> <span class='ocrx_word' id='word_1_405' title='bbox 375 2541 442 2576; x_wconf 82' lang='grc' dir='ltr'>πρὸς</span> <span class='ocrx_word' id='word_1_406' title='bbox 456 2540 500 2567; x_wconf 79' lang='grc' dir='ltr'><strong>τὸν</strong></span> <span class='ocrx_word' id='word_1_407' title='bbox 514 2539 577 2566; x_wconf 81' lang='grc' dir='ltr'>Υίόν</span> <span class='ocrx_word' id='word_1_408' title='bbox 586 2548 593 2555; x_wconf 92' lang='grc'>·</span> <span class='ocrx_word' id='word_1_409' title='bbox 610 2539 666 2575; x_wconf 87' lang='grc' dir='ltr'><strong>Πρὸ</strong></span> <span class='ocrx_word' id='word_1_410' title='bbox 679 2538 732 2573; x_wconf 82' lang='grc' dir='ltr'><strong>γὰρ</strong></span> <span class='ocrx_word' id='word_1_411' title='bbox 744 2537 789 2564; x_wconf 82' lang='grc' dir='ltr'>τοῦ</span> <span class='ocrx_word' id='word_1_412' title='bbox 805 2538 873 2572; x_wconf 83' lang='grc' dir='ltr'>ὁρω-</span> 
     </span>
    </p>
   </div>
   <div class='ocr_carea' id='block_1_57' title="bbox 87 2583 871 2623">
    <p class='ocr_par' dir='ltr' id='par_1_57' title="bbox 87 2583 871 2623">
     <span class='ocr_line' id='line_1_57' title="bbox 87 2583 871 2623; baseline -0.006 -9"><span class='ocrx_word' id='word_1_413' title='bbox 87 2587 173 2622; x_wconf 78' lang='grc' dir='ltr'>μένου</span> <span class='ocrx_word' id='word_1_414' title='bbox 185 2587 288 2623; x_wconf 80' lang='grc' dir='ltr'>κόσμου</span> <span class='ocrx_word' id='word_1_415' title='bbox 303 2587 395 2614; x_wconf 80' lang='grc' dir='ltr'>τούτου</span> <span class='ocrx_word' id='word_1_416' title='bbox 412 2587 459 2613; x_wconf 74' lang='grc' dir='ltr'>καὶ</span> <span class='ocrx_word' id='word_1_417' title='bbox 472 2585 598 2620; x_wconf 82' lang='grc' dir='ltr'>διαυγοῦς</span> <span class='ocrx_word' id='word_1_418' title='bbox 612 2585 699 2620; x_wconf 75' lang='grc' dir='ltr'>φωτὸς</span> <span class='ocrx_word' id='word_1_419' title='bbox 711 2583 871 2618; x_wconf 78' lang='grc' dir='ltr'>γεννήσεως,</span> 
     </span>
    </p>
   </div>
   <div class='ocr_carea' id='block_1_58' title="bbox 86 2628 873 2668">
    <p class='ocr_par' dir='ltr' id='par_1_58' title="bbox 86 2628 873 2668">
     <span class='ocr_line' id='line_1_58' title="bbox 86 2628 873 2668; baseline -0.003 -11"><span class='ocrx_word' id='word_1_420' title='bbox 86 2632 142 2665; x_wconf 73' lang='grc' dir='ltr'>ὶγὼ</span> <span class='ocrx_word' id='word_1_421' title='bbox 155 2632 308 2668; x_wconf 77' lang='grc' dir='ltr'>γεγέννηκά</span> <span class='ocrx_word' id='word_1_422' title='bbox 322 2632 425 2667; x_wconf 85' lang='grc' dir='ltr'>σε.οὺχ</span> <span class='ocrx_word' id='word_1_423' title='bbox 439 2632 480 2658; x_wconf 81' lang='grc' dir='ltr'><strong>ὅτι</strong></span> <span class='ocrx_word' id='word_1_424' title='bbox 494 2632 613 2666; x_wconf 79' lang='grc' dir='ltr'>γαστέρα</span> <span class='ocrx_word' id='word_1_425' title='bbox 624 2630 679 2665; x_wconf 81' lang='grc' dir='ltr'>ἔχει</span> <span class='ocrx_word' id='word_1_426' title='bbox 693 2630 708 2656; x_wconf 88' lang='grc' dir='ltr'><strong>ὁ</strong></span> <span class='ocrx_word' id='word_1_427' title='bbox 720 2629 785 2661; x_wconf 84' lang='grc' dir='ltr'><strong>Θεός</strong></span> <span class='ocrx_word' id='word_1_428' title='bbox 794 2637 801 2644; x_wconf 73' lang='grc' dir='ltr'><strong>ο</strong></span> <span class='ocrx_word' id='word_1_429' title='bbox 816 2628 873 2664; x_wconf 64' lang='grc' dir='ltr'><strong>ἀλλ’</strong></span> 
     </span>
    </p>
   </div>
   <div class='ocr_carea' id='block_1_59' title="bbox 913 251 1690 291">
    <p class='ocr_par' dir='ltr' id='par_1_59' title="bbox 913 251 1690 291">
     <span class='ocr_line' id='line_1_59' title="bbox 913 251 1690 291; baseline -0.006 -7"><span class='ocrx_word' id='word_1_430' title='bbox 913 257 1053 291; x_wconf 68' lang='lat' dir='ltr'><strong>Propheta:</strong></span> <span class='ocrx_word' id='word_1_431' title='bbox 1068 262 1170 282; x_wconf 78' lang='lat' dir='ltr'><strong>vocem.</strong></span> <span class='ocrx_word' id='word_1_432' title='bbox 1190 253 1283 281; x_wconf 78' lang='lat' dir='ltr'><strong>Servus</strong></span> <span class='ocrx_word' id='word_1_433' title='bbox 1297 257 1384 280; x_wconf 87' lang='lat' dir='ltr'><strong>autem</strong></span> <span class='ocrx_word' id='word_1_434' title='bbox 1400 257 1461 280; x_wconf 78' lang='lat' dir='ltr'><strong>tuus</strong></span> <span class='ocrx_word' id='word_1_435' title='bbox 1476 251 1619 279; x_wconf 71' lang='lat' dir='ltr'><strong>latabitur.</strong></span> <span class='ocrx_word' id='word_1_436' title='bbox 1637 251 1690 279; x_wconf 81' lang='lat' dir='ltr'><strong>Ne-</strong></span> 
     </span>
    </p>
   </div>
   <div class='ocr_carea' id='block_1_60' title="bbox 913 296 1692 337">
    <p class='ocr_par' dir='ltr' id='par_1_60' title="bbox 913 296 1692 337">
     <span class='ocr_line' id='line_1_60' title="bbox 913 296 1692 337; baseline -0.008 -7"><span class='ocrx_word' id='word_1_437' title='bbox 913 309 966 337; x_wconf 93' lang='lat' dir='ltr'><strong>que</strong></span> <span class='ocrx_word' id='word_1_438' title='bbox 981 302 1033 329; x_wconf 90' lang='lat' dir='ltr'><strong>hoc</strong></span> <span class='ocrx_word' id='word_1_439' title='bbox 1047 301 1148 329; x_wconf 89' lang='lat' dir='ltr'><strong>dictum</strong></span> <span class='ocrx_word' id='word_1_440' title='bbox 1171 300 1205 327; x_wconf 86' lang='lat' dir='ltr'><strong>a’d</strong></span> <span class='ocrx_word' id='word_1_441' title='bbox 1227 298 1301 326; x_wconf 86' lang='lat' dir='ltr'><strong>aliud</strong></span> <span class='ocrx_word' id='word_1_442' title='bbox 1328 302 1517 333; x_wconf 78' lang='lat' dir='ltr'><strong>argumentum</strong></span> <span class='ocrx_word' id='word_1_443' title='bbox 1543 296 1692 325; x_wconf 78' lang='lat' dir='ltr'><strong>transferre</strong></span> 
     </span>
    </p>
   </div>
   <div class='ocr_carea' id='block_1_61' title="bbox 914 342 1690 378">
    <p class='ocr_par' dir='ltr' id='par_1_61' title="bbox 914 342 1690 378">
     <span class='ocr_line' id='line_1_61' title="bbox 914 342 1690 378; baseline -0.008 -3"><span class='ocrx_word' id='word_1_444' title='bbox 914 354 1024 375; x_wconf 87' lang='lat' dir='ltr'><strong>necesse</strong></span> <span class='ocrx_word' id='word_1_445' title='bbox 1038 346 1117 374; x_wconf 85' lang='lat' dir='ltr'><strong>nobis</strong></span> <span class='ocrx_word' id='word_1_446' title='bbox 1134 349 1175 373; x_wconf 91' lang='lat' dir='ltr'><strong>est</strong></span> <span class='ocrx_word' id='word_1_447' title='bbox 1191 353 1198 378; x_wconf 89' lang='lat'>;</span> <span class='ocrx_word' id='word_1_448' title='bbox 1219 352 1280 371; x_wconf 88' lang='lat' dir='ltr'><strong>cum</strong></span> <span class='ocrx_word' id='word_1_449' title='bbox 1296 343 1397 371; x_wconf 81' lang='lat' dir='ltr'><strong>Paulus</strong></span> <span class='ocrx_word' id='word_1_450' title='bbox 1413 343 1485 371; x_wconf 81' lang='lat' dir='ltr'><strong>dicat</strong></span> <span class='ocrx_word' id='word_1_451' title='bbox 1499 352 1506 370; x_wconf 95' lang='lat'>:</span> <span class='ocrx_word' id='word_1_452' title='bbox 1524 342 1576 370; x_wconf 91' lang='lat' dir='ltr'><strong>Sed</strong></span> <span class='ocrx_word' id='word_1_453' title='bbox 1596 346 1690 369; x_wconf 84' lang='lat' dir='ltr'><strong>semet-</strong></span> 
     </span>
    </p>
   </div>
   <div class='ocr_carea' id='block_1_62' title="bbox 913 389 1691 427">
    <p class='ocr_par' dir='ltr' id='par_1_62' title="bbox 913 389 1691 427">
     <span class='ocr_line' id='line_1_62' title="bbox 913 389 1691 427; baseline -0.005 -8"><span class='ocrx_word' id='word_1_454' title='bbox 913 393 999 427; x_wconf 75' lang='lat' dir='ltr'><strong>ipsum</strong></span> <span class='ocrx_word' id='word_1_455' title='bbox 1026 391 1171 419; x_wconf 69' lang='lat' dir='ltr'><strong>exinanivit</strong></span> <span class='ocrx_word' id='word_1_456' title='bbox 1207 391 1320 425; x_wconf 80' lang='lat' dir='ltr'><strong>formum</strong></span> <span class='ocrx_word' id='word_1_457' title='bbox 1347 392 1416 417; x_wconf 72' lang='lat' dir='ltr'><strong>servi</strong></span> <span class='ocrx_word' id='word_1_458' title='bbox 1447 389 1577 424; x_wconf 72' lang='lat' dir='ltr'><strong>accipietis</strong></span> <span class='ocrx_word' id='word_1_459' title='bbox 1598 389 1636 421; x_wconf 85' lang='lat'><strong>&quot;&#39;;</strong></span> <span class='ocrx_word' id='word_1_460' title='bbox 1663 391 1691 415; x_wconf 79' lang='lat' dir='ltr'><strong>et</strong></span> 
     </span>
    </p>
   </div>
   <div class='ocr_carea' id='block_1_63' title="bbox 915 435 1690 471">
    <p class='ocr_par' dir='ltr' id='par_1_63' title="bbox 915 435 1690 471">
     <span class='ocr_line' id='line_1_63' title="bbox 915 435 1690 471; baseline -0.008 -5"><span class='ocrx_word' id='word_1_461' title='bbox 915 438 997 466; x_wconf 89' lang='lat' dir='ltr'><strong>Isaias</strong></span> <span class='ocrx_word' id='word_1_462' title='bbox 1010 447 1016 465; x_wconf 87' lang='lat'>:</span> <span class='ocrx_word' id='word_1_463' title='bbox 1035 437 1080 465; x_wconf 89' lang='lat' dir='ltr'><strong>Sic</strong></span> <span class='ocrx_word' id='word_1_464' title='bbox 1093 437 1159 464; x_wconf 82' lang='lat' dir='ltr'><strong>dicit</strong></span> <span class='ocrx_word' id='word_1_465' title='bbox 1175 436 1302 464; x_wconf 76' lang='lat' dir='ltr'><strong>Dominus</strong></span> <span class='ocrx_word' id='word_1_466' title='bbox 1316 436 1361 471; x_wconf 85' lang='lat' dir='ltr'><strong>qui</strong></span> <span class='ocrx_word' id='word_1_467' title='bbox 1375 435 1498 470; x_wconf 73' lang='lat' dir='ltr'><strong>formavit</strong></span> <span class='ocrx_word' id='word_1_468' title='bbox 1511 443 1551 461; x_wconf 89' lang='lat' dir='ltr'><strong>me</strong></span> <span class='ocrx_word' id='word_1_469' title='bbox 1570 441 1602 461; x_wconf 77' lang='lat' dir='ltr'><strong>ea:</strong></span> <span class='ocrx_word' id='word_1_470' title='bbox 1615 438 1690 460; x_wconf 86' lang='lat' dir='ltr'><strong>utero</strong></span> 
     </span>
    </p>
   </div>
   <div class='ocr_carea' id='block_1_64' title="bbox 913 478 1692 517">
    <p class='ocr_par' dir='ltr' id='par_1_64' title="bbox 913 478 1692 517">
     <span class='ocr_line' id='line_1_64' title="bbox 913 478 1692 517; baseline -0.006 -7"><span class='ocrx_word' id='word_1_471' title='bbox 913 491 1014 510; x_wconf 72' lang='lat' dir='ltr'><strong>servum</strong></span> <span class='ocrx_word' id='word_1_472' title='bbox 1028 483 1078 510; x_wconf 78' lang='lat' dir='ltr'><strong>sibi</strong></span> <span class='ocrx_word' id='word_1_473' title='bbox 1090 483 1111 498; x_wconf 78' lang='lat'>&quot;</span> <span class='ocrx_word' id='word_1_474' title='bbox 1124 491 1131 510; x_wconf 87' lang='lat'><strong>:</strong></span> <span class='ocrx_word' id='word_1_475' title='bbox 1143 486 1169 510; x_wconf 91' lang='lat' dir='ltr'><strong>et</strong></span> <span class='ocrx_word' id='word_1_476' title='bbox 1185 482 1243 517; x_wconf 85' lang='lat' dir='ltr'><strong>ipse</strong></span> <span class='ocrx_word' id='word_1_477' title='bbox 1255 481 1281 508; x_wconf 91' lang='lat' dir='ltr'><strong>in</strong></span> <span class='ocrx_word' id='word_1_478' title='bbox 1297 480 1450 516; x_wconf 84' lang='lat' dir='ltr'><strong>Evangeliis</strong></span> <span class='ocrx_word' id='word_1_479' title='bbox 1469 480 1526 507; x_wconf 85' lang='lat' dir='ltr'><strong>ait:</strong></span> <span class='ocrx_word' id='word_1_480' title='bbox 1545 478 1633 506; x_wconf 78' lang='lat' dir='ltr'><strong>Filius</strong></span> <span class='ocrx_word' id='word_1_481' title='bbox 1647 479 1692 505; x_wconf 88' lang='lat' dir='ltr'><strong>Iw-</strong></span> 
     </span>
    </p>
   </div>
   <div class='ocr_carea' id='block_1_65' title="bbox 914 526 1584 560">
    <p class='ocr_par' dir='ltr' id='par_1_65' title="bbox 914 526 1584 560">
     <span class='ocr_line' id='line_1_65' title="bbox 914 526 1584 560; baseline -0.004 -5"><span class='ocrx_word' id='word_1_482' title='bbox 914 530 993 556; x_wconf 70' lang='lat' dir='ltr'><strong>minis</strong></span> <span class='ocrx_word' id='word_1_483' title='bbox 1010 537 1061 555; x_wconf 89' lang='lat' dir='ltr'><strong>non</strong></span> <span class='ocrx_word' id='word_1_484' title='bbox 1076 528 1143 555; x_wconf 75' lang='lat' dir='ltr'><strong>venit</strong></span> <span class='ocrx_word' id='word_1_485' title='bbox 1159 527 1317 560; x_wconf 74' lang='lat' dir='ltr'><strong>ministrari,</strong></span> <span class='ocrx_word' id='word_1_486' title='bbox 1337 526 1382 554; x_wconf 78' lang='lat' dir='ltr'><strong>sed</strong></span> <span class='ocrx_word' id='word_1_487' title='bbox 1391 527 1541 553; x_wconf 79' lang='lat' dir='ltr'><strong>ministrare</strong></span> <span class='ocrx_word' id='word_1_488' title='bbox 1552 526 1584 551; x_wconf 86' lang='lat'><strong>&quot;.</strong></span> 
     </span>
    </p>
   </div>
   <div class='ocr_carea' id='block_1_66' title="bbox 948 611 1689 651">
    <p class='ocr_par' dir='ltr' id='par_1_66' title="bbox 948 611 1689 651">
     <span class='ocr_line' id='line_1_66' title="bbox 948 611 1689 651; baseline -0.007 -7"><span class='ocrx_word' id='word_1_489' title='bbox 948 617 993 644; x_wconf 74' lang='grc'><strong>29.</strong></span> <span class='ocrx_word' id='word_1_490' title='bbox 1006 616 1157 643; x_wconf 85' lang='lat' dir='ltr'><strong>Induanlur</strong></span> <span class='ocrx_word' id='word_1_491' title='bbox 1167 616 1212 651; x_wconf 85' lang='lat' dir='ltr'><strong>qui</strong></span> <span class='ocrx_word' id='word_1_492' title='bbox 1227 615 1367 642; x_wconf 87' lang='lat' dir='ltr'><strong>detrahunt</strong></span> <span class='ocrx_word' id='word_1_493' title='bbox 1379 614 1443 642; x_wconf 79' lang='lat' dir='ltr'><strong>mihi</strong></span> <span class='ocrx_word' id='word_1_494' title='bbox 1458 614 1566 649; x_wconf 77' lang='lat' dir='ltr'><strong>pudore.</strong></span> <span class='ocrx_word' id='word_1_495' title='bbox 1580 611 1689 647; x_wconf 86' lang='lat' dir='ltr'><strong>Ecquod</strong></span> 
     </span>
    </p>
   </div>
   <div class='ocr_carea' id='block_1_67' title="bbox 915 658 1693 697">
    <p class='ocr_par' dir='ltr' id='par_1_67' title="bbox 915 658 1693 697">
     <span class='ocr_line' id='line_1_67' title="bbox 915 658 1693 697; baseline -0.005 -8"><span class='ocrx_word' id='word_1_496' title='bbox 915 670 970 689; x_wconf 87' lang='lat' dir='ltr'><strong>non</strong></span> <span class='ocrx_word' id='word_1_497' title='bbox 988 667 1030 690; x_wconf 90' lang='lat' dir='ltr'><strong>est</strong></span> <span class='ocrx_word' id='word_1_498' title='bbox 1048 662 1149 690; x_wconf 63' lang='lat' dir='ltr'><strong>ludatis</strong></span> <span class='ocrx_word' id='word_1_499' title='bbox 1166 661 1278 697; x_wconf 89' lang='lat' dir='ltr'><strong>pudoris</strong></span> <span class='ocrx_word' id='word_1_500' title='bbox 1300 660 1408 696; x_wconf 82' lang='lat' dir='ltr'><strong>genus?</strong></span> <span class='ocrx_word' id='word_1_501' title='bbox 1422 660 1520 687; x_wconf 85' lang='lat' dir='ltr'><strong>Sancta</strong></span> <span class='ocrx_word' id='word_1_502' title='bbox 1537 666 1586 687; x_wconf 89' lang='lat' dir='ltr'><strong>sua</strong></span> <span class='ocrx_word' id='word_1_503' title='bbox 1602 658 1693 686; x_wconf 84' lang='lat' dir='ltr'><strong>vident</strong></span> 
     </span>
    </p>
   </div>
   <div class='ocr_carea' id='block_1_68' title="bbox 914 704 1692 742">
    <p class='ocr_par' dir='ltr' id='par_1_68' title="bbox 914 704 1692 742">
     <span class='ocr_line' id='line_1_68' title="bbox 914 704 1692 742; baseline -0.006 -6"><span class='ocrx_word' id='word_1_504' title='bbox 914 717 929 736; x_wconf 88' lang='lat' dir='ltr'><strong>a</strong></span> <span class='ocrx_word' id='word_1_505' title='bbox 945 708 1128 736; x_wconf 83' lang='lat' dir='ltr'><strong>fundamentis</strong></span> <span class='ocrx_word' id='word_1_506' title='bbox 1151 708 1262 735; x_wconf 86' lang='lat' dir='ltr'><strong>diruta:</strong></span> <span class='ocrx_word' id='word_1_507' title='bbox 1281 707 1436 742; x_wconf 87' lang='lat' dir='ltr'><strong>sepulcrum</strong></span> <span class='ocrx_word' id='word_1_508' title='bbox 1452 709 1541 733; x_wconf 90' lang='lat' dir='ltr'><strong>autem</strong></span> <span class='ocrx_word' id='word_1_509' title='bbox 1565 705 1625 740; x_wconf 82' lang='lat' dir='ltr'><strong>ejus</strong></span> <span class='ocrx_word' id='word_1_510' title='bbox 1645 704 1692 739; x_wconf 91' lang='lat' dir='ltr'><strong>qui</strong></span> 
     </span>
    </p>
   </div>
   <div class='ocr_carea' id='block_1_69' title="bbox 914 750 1690 789">
    <p class='ocr_par' dir='ltr' id='par_1_69' title="bbox 914 750 1690 789">
     <span class='ocr_line' id='line_1_69' title="bbox 914 750 1690 789; baseline -0.006 -7"><span class='ocrx_word' id='word_1_511' title='bbox 914 755 948 782; x_wconf 83' lang='lat' dir='ltr'><strong>ab</strong></span> <span class='ocrx_word' id='word_1_512' title='bbox 961 754 1027 789; x_wconf 88' lang='lat' dir='ltr'><strong>ipsis</strong></span> <span class='ocrx_word' id='word_1_513' title='bbox 1040 753 1177 789; x_wconf 85' lang='lat' dir='ltr'><strong>despectui</strong></span> <span class='ocrx_word' id='word_1_514' title='bbox 1194 753 1303 781; x_wconf 87' lang='lat' dir='ltr'><strong>habitus</strong></span> <span class='ocrx_word' id='word_1_515' title='bbox 1315 760 1347 780; x_wconf 88' lang='lat' dir='ltr'><strong>ac</strong></span> <span class='ocrx_word' id='word_1_516' title='bbox 1355 752 1502 780; x_wconf 75' lang='lat' dir='ltr'><strong>cruciﬁxus</strong></span> <span class='ocrx_word' id='word_1_517' title='bbox 1511 755 1553 779; x_wconf 90' lang='lat' dir='ltr'><strong>est</strong></span> <span class='ocrx_word' id='word_1_518' title='bbox 1566 750 1690 778; x_wconf 89' lang='lat' dir='ltr'><strong>adorari:</strong></span> 
     </span>
    </p>
   </div>
   <div class='ocr_carea' id='block_1_70' title="bbox 913 799 1692 835">
    <p class='ocr_par' dir='ltr' id='par_1_70' title="bbox 913 799 1692 835">
     <span class='ocr_line' id='line_1_70' title="bbox 913 799 1692 835; baseline -0.006 -7"><span class='ocrx_word' id='word_1_519' title='bbox 913 800 1103 833; x_wconf 78' lang='lat' dir='ltr'><strong>Ecclesiasque</strong></span> <span class='ocrx_word' id='word_1_520' title='bbox 1116 800 1175 834; x_wconf 85' lang='lat' dir='ltr'><strong>ejus</strong></span> <span class='ocrx_word' id='word_1_521' title='bbox 1189 799 1290 835; x_wconf 75' lang='lat' dir='ltr'><strong>ubique</strong></span> <span class='ocrx_word' id='word_1_522' title='bbox 1310 803 1442 827; x_wconf 88' lang='lat' dir='ltr'><strong>terrarum</strong></span> <span class='ocrx_word' id='word_1_523' title='bbox 1458 801 1563 825; x_wconf 90' lang='lat' dir='ltr'><strong>tantum</strong></span> <span class='ocrx_word' id='word_1_524' title='bbox 1577 803 1692 824; x_wconf 88' lang='lat' dir='ltr'><strong>numero</strong></span> 
     </span>
    </p>
   </div>
   <div class='ocr_carea' id='block_1_71' title="bbox 914 845 1161 881">
    <p class='ocr_par' dir='ltr' id='par_1_71' title="bbox 914 845 1161 881">
     <span class='ocr_line' id='line_1_71' title="bbox 914 845 1161 881; baseline -0.004 -8"><span class='ocrx_word' id='word_1_525' title='bbox 914 851 940 874; x_wconf 82' lang='lat' dir='ltr'><strong>et</strong></span> <span class='ocrx_word' id='word_1_526' title='bbox 957 846 1042 881; x_wconf 80' lang='lat' dir='ltr'><strong>gloria</strong></span> <span class='ocrx_word' id='word_1_527' title='bbox 1057 845 1161 880; x_wconf 78' lang='lat' dir='ltr'><strong>augeri.</strong></span> 
     </span>
    </p>
   </div>
   <div class='ocr_carea' id='block_1_72' title="bbox 950 928 1692 968">
    <p class='ocr_par' dir='ltr' id='par_1_72' title="bbox 950 928 1692 968">
     <span class='ocr_line' id='line_1_72' title="bbox 950 928 1692 968; baseline -0.007 -8"><span class='ocrx_word' id='word_1_528' title='bbox 950 933 995 960; x_wconf 81' lang='grc'><strong>50.</strong></span> <span class='ocrx_word' id='word_1_529' title='bbox 1013 933 1163 968; x_wconf 82' lang='lat' dir='ltr'><strong>Conﬁtebor</strong></span> <span class='ocrx_word' id='word_1_530' title='bbox 1177 932 1290 960; x_wconf 88' lang='lat' dir='ltr'><strong>Domino</strong></span> <span class='ocrx_word' id='word_1_531' title='bbox 1310 931 1386 959; x_wconf 70' lang='lat' dir='ltr'><strong>nimii</strong></span> <span class='ocrx_word' id='word_1_532' title='bbox 1400 931 1426 958; x_wconf 86' lang='lat' dir='ltr'><strong>in</strong></span> <span class='ocrx_word' id='word_1_533' title='bbox 1443 939 1487 957; x_wconf 88' lang='lat' dir='ltr'><strong>ore</strong></span> <span class='ocrx_word' id='word_1_534' title='bbox 1499 937 1566 957; x_wconf 87' lang='lat' dir='ltr'><strong>meo.</strong></span> <span class='ocrx_word' id='word_1_535' title='bbox 1579 928 1692 957; x_wconf 82' lang='lat' dir='ltr'><strong>Confes-</strong></span> 
     </span>
    </p>
   </div>
   <div class='ocr_carea' id='block_1_73' title="bbox 914 977 1691 1014">
    <p class='ocr_par' dir='ltr' id='par_1_73' title="bbox 914 977 1691 1014">
     <span class='ocr_line' id='line_1_73' title="bbox 914 977 1691 1014; baseline -0.005 -8"><span class='ocrx_word' id='word_1_536' title='bbox 914 978 956 1007; x_wconf 91' lang='lat' dir='ltr'><strong>sio</strong></span> <span class='ocrx_word' id='word_1_537' title='bbox 967 979 1115 1014; x_wconf 73' lang='lat' dir='ltr'><strong>gratiarum</strong></span> <span class='ocrx_word' id='word_1_538' title='bbox 1133 978 1266 1006; x_wconf 78' lang='lat' dir='ltr'><strong>actionem</strong></span> <span class='ocrx_word' id='word_1_539' title='bbox 1281 977 1426 1013; x_wconf 84' lang='lat' dir='ltr'><strong>signiﬁcat,</strong></span> <span class='ocrx_word' id='word_1_540' title='bbox 1441 984 1521 1012; x_wconf 85' lang='lat' dir='ltr'><strong>quam</strong></span> <span class='ocrx_word' id='word_1_541' title='bbox 1538 983 1586 1010; x_wconf 91' lang='lat' dir='ltr'><strong>per</strong></span> <span class='ocrx_word' id='word_1_542' title='bbox 1597 979 1691 1011; x_wconf 81' lang='lat' dir='ltr'><strong>gentes</strong></span> 
     </span>
    </p>
   </div>
   <div class='ocr_carea' id='block_1_74' title="bbox 914 1020 1690 1051">
    <p class='ocr_par' dir='ltr' id='par_1_74' title="bbox 914 1020 1690 1051">
     <span class='ocr_line' id='line_1_74' title="bbox 914 1020 1690 1051; baseline -0.005 -1"><span class='ocrx_word' id='word_1_543' title='bbox 914 1023 998 1051; x_wconf 82' lang='lat' dir='ltr'><strong>Filius</strong></span> <span class='ocrx_word' id='word_1_544' title='bbox 1020 1023 1116 1050; x_wconf 90' lang='lat' dir='ltr'><strong>reddit.</strong></span> <span class='ocrx_word' id='word_1_545' title='bbox 1133 1023 1167 1050; x_wconf 87' lang='lat' dir='ltr'><strong>Et</strong></span> <span class='ocrx_word' id='word_1_546' title='bbox 1183 1024 1210 1049; x_wconf 87' lang='lat' dir='ltr'><strong>in</strong></span> <span class='ocrx_word' id='word_1_547' title='bbox 1235 1023 1318 1050; x_wconf 80' lang='lat' dir='ltr'><strong>medie</strong></span> <span class='ocrx_word' id='word_1_548' title='bbox 1335 1022 1479 1049; x_wconf 79' lang='lat' dir='ltr'><strong>multorum</strong></span> <span class='ocrx_word' id='word_1_549' title='bbox 1494 1020 1607 1049; x_wconf 82' lang='lat' dir='ltr'><strong>laudabo</strong></span> <span class='ocrx_word' id='word_1_550' title='bbox 1621 1028 1690 1048; x_wconf 83' lang='lat' dir='ltr'><strong>eum.</strong></span> 
     </span>
    </p>
   </div>
   <div class='ocr_carea' id='block_1_75' title="bbox 913 1068 1499 1103">
    <p class='ocr_par' dir='ltr' id='par_1_75' title="bbox 913 1068 1499 1103">
     <span class='ocr_line' id='line_1_75' title="bbox 913 1068 1499 1103; baseline -0.003 -7"><span class='ocrx_word' id='word_1_551' title='bbox 913 1069 965 1096; x_wconf 80' lang='lat' dir='ltr'><strong>Per</strong></span> <span class='ocrx_word' id='word_1_552' title='bbox 985 1069 1133 1097; x_wconf 74' lang='lat' dir='ltr'><strong>Ecclesium</strong></span> <span class='ocrx_word' id='word_1_553' title='bbox 1147 1076 1264 1103; x_wconf 84' lang='lat' dir='ltr'><strong>namque</strong></span> <span class='ocrx_word' id='word_1_554' title='bbox 1275 1068 1381 1095; x_wconf 87' lang='lat' dir='ltr'><strong>Patrem</strong></span> <span class='ocrx_word' id='word_1_555' title='bbox 1396 1068 1499 1095; x_wconf 81' lang='lat' dir='ltr'><strong>laudat.</strong></span> 
     </span>
    </p>
   </div>
   <div class='ocr_carea' id='block_1_76' title="bbox 1171 1155 1430 1185">
    <p class='ocr_par' dir='ltr' id='par_1_76' title="bbox 1171 1155 1430 1185">
     <span class='ocr_line' id='line_1_76' title="bbox 1171 1155 1430 1185; baseline -0.004 -1"><span class='ocrx_word' id='word_1_556' title='bbox 1171 1155 1338 1185; x_wconf 78' lang='lat' dir='ltr'><strong>PSALMUS</strong></span> <span class='ocrx_word' id='word_1_557' title='bbox 1354 1155 1430 1184; x_wconf 74' lang='lat' dir='ltr'><strong>CIX.</strong></span> 
     </span>
    </p>
   </div>
   <div class='ocr_carea' id='block_1_77' title="bbox 949 1201 1691 1232">
    <p class='ocr_par' dir='ltr' id='par_1_77' title="bbox 949 1201 1691 1232">
     <span class='ocr_line' id='line_1_77' title="bbox 949 1201 1691 1232; baseline -0.007 0"><span class='ocrx_word' id='word_1_558' title='bbox 949 1202 1063 1232; x_wconf 72' lang='lat' dir='ltr'><strong>LDixit</strong></span> <span class='ocrx_word' id='word_1_559' title='bbox 1086 1203 1213 1231; x_wconf 74' lang='lat' dir='ltr'><strong>Dominus</strong></span> <span class='ocrx_word' id='word_1_560' title='bbox 1242 1203 1355 1230; x_wconf 86' lang='lat' dir='ltr'><strong>Domino</strong></span> <span class='ocrx_word' id='word_1_561' title='bbox 1378 1201 1534 1229; x_wconf 85' lang='lat' dir='ltr'><strong>meo:Sede</strong></span> <span class='ocrx_word' id='word_1_562' title='bbox 1552 1209 1568 1228; x_wconf 82' lang='grc' dir='ltr'>α</span> <span class='ocrx_word' id='word_1_563' title='bbox 1591 1201 1691 1228; x_wconf 66' lang='lat' dir='ltr'><strong>dextris</strong></span> 
     </span>
    </p>
   </div>
   <div class='ocr_carea' id='block_1_78' title="bbox 914 1246 1692 1283">
    <p class='ocr_par' dir='ltr' id='par_1_78' title="bbox 914 1246 1692 1283">
     <span class='ocr_line' id='line_1_78' title="bbox 914 1246 1692 1283; baseline -0.005 -6"><span class='ocrx_word' id='word_1_564' title='bbox 914 1251 988 1278; x_wconf 75' lang='lat' dir='ltr'><strong>meis.</strong></span> <span class='ocrx_word' id='word_1_565' title='bbox 1007 1248 1087 1277; x_wconf 85' lang='lat' dir='ltr'><strong>Hisce</strong></span> <span class='ocrx_word' id='word_1_566' title='bbox 1098 1249 1188 1276; x_wconf 87' lang='lat' dir='ltr'><strong>verbis</strong></span> <span class='ocrx_word' id='word_1_567' title='bbox 1205 1248 1405 1283; x_wconf 83' lang='lat' dir='ltr'><strong>generationem</strong></span> <span class='ocrx_word' id='word_1_568' title='bbox 1420 1247 1526 1274; x_wconf 87' lang='lat' dir='ltr'><strong>Domini</strong></span> <span class='ocrx_word' id='word_1_569' title='bbox 1541 1246 1692 1274; x_wconf 87' lang='lat' dir='ltr'><strong>secundum</strong></span> 
     </span>
    </p>
   </div>
   <div class='ocr_carea' id='block_1_79' title="bbox 914 1292 1692 1330">
    <p class='ocr_par' dir='ltr' id='par_1_79' title="bbox 914 1292 1692 1330">
     <span class='ocr_line' id='line_1_79' title="bbox 914 1292 1692 1330; baseline -0.008 -6"><span class='ocrx_word' id='word_1_570' title='bbox 914 1303 1024 1324; x_wconf 85' lang='lat' dir='ltr'><strong>carnem</strong></span> <span class='ocrx_word' id='word_1_571' title='bbox 1056 1294 1201 1330; x_wconf 81' lang='lat' dir='ltr'><strong>signiﬁcat,</strong></span> <span class='ocrx_word' id='word_1_572' title='bbox 1226 1298 1254 1321; x_wconf 88' lang='lat' dir='ltr'><strong>et</strong></span> <span class='ocrx_word' id='word_1_573' title='bbox 1277 1293 1461 1328; x_wconf 77' lang='lat' dir='ltr'><strong>evangelicum</strong></span> <span class='ocrx_word' id='word_1_574' title='bbox 1484 1292 1543 1327; x_wconf 89' lang='lat' dir='ltr'><strong>ejus</strong></span> <span class='ocrx_word' id='word_1_575' title='bbox 1567 1292 1692 1325; x_wconf 79' lang='lat' dir='ltr'><strong>verbum,</strong></span> 
     </span>
    </p>
   </div>
   <div class='ocr_carea' id='block_1_80' title="bbox 913 1337 1695 1377">
    <p class='ocr_par' dir='ltr' id='par_1_80' title="bbox 913 1337 1695 1377">
     <span class='ocr_line' id='line_1_80' title="bbox 913 1337 1695 1377; baseline -0.008 -8"><span class='ocrx_word' id='word_1_576' title='bbox 913 1341 987 1377; x_wconf 86' lang='lat' dir='ltr'><strong>quod</strong></span> <span class='ocrx_word' id='word_1_577' title='bbox 1009 1340 1136 1368; x_wconf 86' lang='lat' dir='ltr'><strong>omnibus</strong></span> <span class='ocrx_word' id='word_1_578' title='bbox 1153 1338 1278 1375; x_wconf 81' lang='lat' dir='ltr'><strong>gentibus</strong></span> <span class='ocrx_word' id='word_1_579' title='bbox 1292 1338 1469 1366; x_wconf 85' lang='lat' dir='ltr'><strong>dominatur:</strong></span> <span class='ocrx_word' id='word_1_580' title='bbox 1485 1341 1513 1364; x_wconf 87' lang='lat' dir='ltr'><strong>et</strong></span> <span class='ocrx_word' id='word_1_581' title='bbox 1523 1337 1584 1371; x_wconf 87' lang='lat' dir='ltr'><strong>ejus</strong></span> <span class='ocrx_word' id='word_1_582' title='bbox 1597 1343 1695 1363; x_wconf 81' lang='lat' dir='ltr'><strong>ascen-</strong></span> 
     </span>
    </p>
   </div>
   <div class='ocr_carea' id='block_1_81' title="bbox 914 1380 1692 1418">
    <p class='ocr_par' dir='ltr' id='par_1_81' title="bbox 914 1380 1692 1418">
     <span class='ocr_line' id='line_1_81' title="bbox 914 1380 1692 1418; baseline -0.009 -4"><span class='ocrx_word' id='word_1_583' title='bbox 914 1394 974 1414; x_wconf 90' lang='lat' dir='ltr'><strong>sum</strong></span> <span class='ocrx_word' id='word_1_584' title='bbox 1000 1386 1028 1412; x_wconf 88' lang='lat' dir='ltr'><strong>in</strong></span> <span class='ocrx_word' id='word_1_585' title='bbox 1057 1384 1160 1417; x_wconf 67' lang='lat' dir='ltr'><strong>caelos.</strong></span> <span class='ocrx_word' id='word_1_586' title='bbox 1183 1391 1263 1418; x_wconf 89' lang='lat' dir='ltr'><strong>quem</strong></span> <span class='ocrx_word' id='word_1_587' title='bbox 1280 1385 1389 1410; x_wconf 86' lang='lat' dir='ltr'><strong>enarrat</strong></span> <span class='ocrx_word' id='word_1_588' title='bbox 1412 1381 1533 1417; x_wconf 87' lang='lat' dir='ltr'><strong>psalmus</strong></span> <span class='ocrx_word' id='word_1_589' title='bbox 1556 1380 1692 1408; x_wconf 82' lang='lat' dir='ltr'><strong>dicendo:</strong></span> 
     </span>
    </p>
   </div>
   <div class='ocr_carea' id='block_1_82' title="bbox 917 1425 1664 1457">
    <p class='ocr_par' dir='ltr' id='par_1_82' title="bbox 917 1425 1664 1457">
     <span class='ocr_line' id='line_1_82' title="bbox 917 1425 1664 1457; baseline -0.007 0"><span class='ocrx_word' id='word_1_590' title='bbox 917 1430 989 1457; x_wconf 78' lang='lat' dir='ltr'><strong>Dixit</strong></span> <span class='ocrx_word' id='word_1_591' title='bbox 1002 1430 1130 1457; x_wconf 74' lang='lat' dir='ltr'><strong>Dominus</strong></span> <span class='ocrx_word' id='word_1_592' title='bbox 1149 1428 1261 1455; x_wconf 87' lang='lat' dir='ltr'><strong>Domino</strong></span> <span class='ocrx_word' id='word_1_593' title='bbox 1272 1435 1347 1454; x_wconf 86' lang='lat' dir='ltr'><strong>meo:</strong></span> <span class='ocrx_word' id='word_1_594' title='bbox 1363 1426 1428 1454; x_wconf 86' lang='lat' dir='ltr'><strong>Sede</strong></span> <span class='ocrx_word' id='word_1_595' title='bbox 1441 1435 1457 1453; x_wconf 87' lang='lat' dir='ltr'><strong>a</strong></span> <span class='ocrx_word' id='word_1_596' title='bbox 1475 1426 1574 1454; x_wconf 66' lang='lat' dir='ltr'><strong>dextris</strong></span> <span class='ocrx_word' id='word_1_597' title='bbox 1589 1425 1664 1452; x_wconf 74' lang='lat' dir='ltr'><strong>meis.</strong></span> 
     </span>
    </p>
   </div>
   <div class='ocr_carea' id='block_1_83' title="bbox 951 1513 1695 1551">
    <p class='ocr_par' dir='ltr' id='par_1_83' title="bbox 951 1513 1695 1551">
     <span class='ocr_line' id='line_1_83' title="bbox 951 1513 1695 1551; baseline -0.004 -8"><span class='ocrx_word' id='word_1_598' title='bbox 951 1515 1038 1543; x_wconf 85' lang='lat' dir='ltr'><strong>Donec</strong></span> <span class='ocrx_word' id='word_1_599' title='bbox 1049 1524 1144 1551; x_wconf 85' lang='lat' dir='ltr'><strong>ponam</strong></span> <span class='ocrx_word' id='word_1_600' title='bbox 1158 1516 1281 1543; x_wconf 70' lang='lat' dir='ltr'><strong>inimicos</strong></span> <span class='ocrx_word' id='word_1_601' title='bbox 1295 1519 1353 1542; x_wconf 77' lang='lat' dir='ltr'><strong>tuos</strong></span> <span class='ocrx_word' id='word_1_602' title='bbox 1364 1513 1506 1542; x_wconf 76' lang='lat' dir='ltr'><strong>scabellum</strong></span> <span class='ocrx_word' id='word_1_603' title='bbox 1520 1513 1614 1548; x_wconf 85' lang='lat' dir='ltr'><strong>pedum</strong></span> <span class='ocrx_word' id='word_1_604' title='bbox 1635 1516 1695 1540; x_wconf 80' lang='lat' dir='ltr'><strong>tuo-</strong></span> 
     </span>
    </p>
   </div>
   <div class='ocr_carea' id='block_1_84' title="bbox 917 1560 1693 1596">
    <p class='ocr_par' dir='ltr' id='par_1_84' title="bbox 917 1560 1693 1596">
     <span class='ocr_line' id='line_1_84' title="bbox 917 1560 1693 1596; baseline -0.004 -7"><span class='ocrx_word' id='word_1_605' title='bbox 917 1570 986 1589; x_wconf 90' lang='lat' dir='ltr'><strong>rum.</strong></span> <span class='ocrx_word' id='word_1_606' title='bbox 1009 1562 1125 1595; x_wconf 84' lang='lat' dir='ltr'><strong>Quinam</strong></span> <span class='ocrx_word' id='word_1_607' title='bbox 1140 1562 1232 1590; x_wconf 87' lang='lat' dir='ltr'><strong>hostes</strong></span> <span class='ocrx_word' id='word_1_608' title='bbox 1249 1562 1304 1590; x_wconf 91' lang='lat' dir='ltr'><strong>sint</strong></span> <span class='ocrx_word' id='word_1_609' title='bbox 1326 1561 1446 1589; x_wconf 85' lang='lat' dir='ltr'><strong>declarat</strong></span> <span class='ocrx_word' id='word_1_610' title='bbox 1461 1560 1608 1596; x_wconf 81' lang='lat' dir='ltr'><strong>Apostolus</strong></span> <span class='ocrx_word' id='word_1_611' title='bbox 1631 1566 1693 1587; x_wconf 91' lang='lat' dir='ltr'><strong>cum</strong></span> 
     </span>
    </p>
   </div>
   <div class='ocr_carea' id='block_1_85' title="bbox 916 1607 1694 1642">
    <p class='ocr_par' dir='ltr' id='par_1_85' title="bbox 916 1607 1694 1642">
     <span class='ocr_line' id='line_1_85' title="bbox 916 1607 1694 1642; baseline -0.006 -6"><span class='ocrx_word' id='word_1_612' title='bbox 916 1608 1034 1636; x_wconf 87' lang='lat' dir='ltr'><strong>clamat:</strong></span> <span class='ocrx_word' id='word_1_613' title='bbox 1051 1607 1118 1635; x_wconf 86' lang='lat' dir='ltr'><strong>Cum</strong></span> <span class='ocrx_word' id='word_1_614' title='bbox 1129 1607 1290 1634; x_wconf 79' lang='lat' dir='ltr'><strong>evacuaverit</strong></span> <span class='ocrx_word' id='word_1_615' title='bbox 1308 1607 1485 1642; x_wconf 82' lang='lat' dir='ltr'><strong>principatum</strong></span> <span class='ocrx_word' id='word_1_616' title='bbox 1504 1610 1529 1632; x_wconf 89' lang='lat' dir='ltr'><strong>et</strong></span> <span class='ocrx_word' id='word_1_617' title='bbox 1554 1608 1694 1640; x_wconf 68' lang='lat' dir='ltr'><strong>potestate:</strong></span> 
     </span>
    </p>
   </div>
   <div class='ocr_carea' id='block_1_86' title="bbox 915 1650 1694 1686">
    <p class='ocr_par' dir='ltr' id='par_1_86' title="bbox 915 1650 1694 1686">
     <span class='ocr_line' id='line_1_86' title="bbox 915 1650 1694 1686; baseline -0.006 -6"><span class='ocrx_word' id='word_1_618' title='bbox 915 1658 941 1680; x_wconf 87' lang='lat' dir='ltr'><strong>et</strong></span> <span class='ocrx_word' id='word_1_619' title='bbox 958 1658 1071 1680; x_wconf 81' lang='lat' dir='ltr'><strong>rectores</strong></span> <span class='ocrx_word' id='word_1_620' title='bbox 1087 1653 1189 1686; x_wconf 88' lang='lat' dir='ltr'><strong>mundi,</strong></span> <span class='ocrx_word' id='word_1_621' title='bbox 1206 1652 1348 1679; x_wconf 73' lang='lat' dir='ltr'><strong>novissima</strong></span> <span class='ocrx_word' id='word_1_622' title='bbox 1365 1651 1482 1678; x_wconf 84' lang='lat' dir='ltr'><strong>omnium</strong></span> <span class='ocrx_word' id='word_1_623' title='bbox 1499 1650 1608 1676; x_wconf 83' lang='lat' dir='ltr'><strong>inimica</strong></span> <span class='ocrx_word' id='word_1_624' title='bbox 1624 1657 1694 1676; x_wconf 78' lang='lat' dir='ltr'><strong>mors</strong></span> 
     </span>
    </p>
   </div>
   <div class='ocr_carea' id='block_1_87' title="bbox 919 1699 1112 1726">
    <p class='ocr_par' dir='ltr' id='par_1_87' title="bbox 919 1699 1112 1726">
     <span class='ocr_line' id='line_1_87' title="bbox 919 1699 1112 1726; baseline 0.01 -2"><span class='ocrx_word' id='word_1_625' title='bbox 919 1699 1067 1726; x_wconf 74' lang='lat' dir='ltr'><strong>destruetur</strong></span> <span class='ocrx_word' id='word_1_626' title='bbox 1079 1699 1112 1726; x_wconf 82' lang='lat'><strong>’°.</strong></span> 
     </span>
    </p>
   </div>
   <div class='ocr_carea' id='block_1_88' title="bbox 952 1738 1693 1778">
    <p class='ocr_par' dir='ltr' id='par_1_88' title="bbox 952 1738 1693 1778">
     <span class='ocr_line' id='line_1_88' title="bbox 952 1738 1693 1778; baseline -0.005 -7"><span class='ocrx_word' id='word_1_627' title='bbox 952 1744 981 1771; x_wconf 77' lang='grc'><strong>2.</strong></span> <span class='ocrx_word' id='word_1_628' title='bbox 1004 1743 1111 1778; x_wconf 84' lang='lat' dir='ltr'><strong>Virgam</strong></span> <span class='ocrx_word' id='word_1_629' title='bbox 1131 1744 1300 1771; x_wconf 76' lang='lat' dir='ltr'><strong>uirtutistuu:</strong></span> <span class='ocrx_word' id='word_1_630' title='bbox 1321 1743 1419 1770; x_wconf 82' lang='lat' dir='ltr'><strong>emittet</strong></span> <span class='ocrx_word' id='word_1_631' title='bbox 1438 1741 1567 1768; x_wconf 79' lang='lat' dir='ltr'><strong>Dominus</strong></span> <span class='ocrx_word' id='word_1_632' title='bbox 1578 1747 1611 1766; x_wconf 76' lang='lat' dir='ltr'><strong>ea:</strong></span> <span class='ocrx_word' id='word_1_633' title='bbox 1620 1738 1693 1767; x_wconf 86' lang='lat' dir='ltr'><strong>Sion.</strong></span> 
     </span>
    </p>
   </div>
   <div class='ocr_carea' id='block_1_89' title="bbox 917 1784 1696 1824">
    <p class='ocr_par' dir='ltr' id='par_1_89' title="bbox 917 1784 1696 1824">
     <span class='ocr_line' id='line_1_89' title="bbox 917 1784 1696 1824; baseline -0.006 -8"><span class='ocrx_word' id='word_1_634' title='bbox 917 1789 1108 1824; x_wconf 87' lang='lat' dir='ltr'><strong>Evangeiicum</strong></span> <span class='ocrx_word' id='word_1_635' title='bbox 1123 1788 1189 1817; x_wconf 86' lang='lat' dir='ltr'><strong>dicit</strong></span> <span class='ocrx_word' id='word_1_636' title='bbox 1203 1789 1325 1821; x_wconf 84' lang='lat' dir='ltr'><strong>verbum,</strong></span> <span class='ocrx_word' id='word_1_637' title='bbox 1341 1786 1414 1822; x_wconf 89' lang='lat' dir='ltr'><strong>quod</strong></span> <span class='ocrx_word' id='word_1_638' title='bbox 1431 1785 1561 1815; x_wconf 85' lang='lat' dir='ltr'><strong>emissum</strong></span> <span class='ocrx_word' id='word_1_639' title='bbox 1578 1784 1696 1812; x_wconf 85' lang='lat' dir='ltr'><strong>inimicis</strong></span> 
     </span>
    </p>
   </div>
   <div class='ocr_carea' id='block_1_90' title="bbox 919 1835 1297 1863">
    <p class='ocr_par' dir='ltr' id='par_1_90' title="bbox 919 1835 1297 1863">
     <span class='ocr_line' id='line_1_90' title="bbox 919 1835 1297 1863; baseline -0.003 0"><span class='ocrx_word' id='word_1_640' title='bbox 919 1836 1046 1863; x_wconf 90' lang='lat' dir='ltr'><strong>omnibus</strong></span> <span class='ocrx_word' id='word_1_641' title='bbox 1058 1835 1225 1863; x_wconf 82' lang='lat' dir='ltr'><strong>dominatum</strong></span> <span class='ocrx_word' id='word_1_642' title='bbox 1245 1839 1297 1862; x_wconf 80' lang='lat' dir='ltr'><strong>est.</strong></span> 
     </span>
    </p>
   </div>
   <div class='ocr_carea' id='block_1_91' title="bbox 953 1874 1697 1916">
    <p class='ocr_par' dir='ltr' id='par_1_91' title="bbox 953 1874 1697 1916">
     <span class='ocr_line' id='line_1_91' title="bbox 953 1874 1697 1916; baseline -0.009 -8"><span class='ocrx_word' id='word_1_643' title='bbox 953 1882 980 1909; x_wconf 78' lang='grc'><strong>5.</strong></span> <span class='ocrx_word' id='word_1_644' title='bbox 998 1881 1092 1908; x_wconf 81' lang='lat' dir='ltr'><strong>Tecum</strong></span> <span class='ocrx_word' id='word_1_645' title='bbox 1108 1881 1267 1916; x_wconf 76' lang='lat' dir='ltr'><strong>principium</strong></span> <span class='ocrx_word' id='word_1_646' title='bbox 1280 1879 1308 1906; x_wconf 85' lang='lat' dir='ltr'><strong>in</strong></span> <span class='ocrx_word' id='word_1_647' title='bbox 1326 1879 1369 1905; x_wconf 88' lang='lat' dir='ltr'><strong>die</strong></span> <span class='ocrx_word' id='word_1_648' title='bbox 1386 1877 1491 1904; x_wconf 72' lang='lat' dir='ltr'><strong>virtutis</strong></span> <span class='ocrx_word' id='word_1_649' title='bbox 1512 1881 1574 1903; x_wconf 70' lang='lat' dir='ltr'><strong>tum.</strong></span> <span class='ocrx_word' id='word_1_650' title='bbox 1595 1874 1643 1905; x_wconf 77' lang='lat' dir='ltr'><strong>llis</strong></span> <span class='ocrx_word' id='word_1_651' title='bbox 1659 1875 1697 1902; x_wconf 82' lang='lat' dir='ltr'><strong>si-</strong></span> 
     </span>
    </p>
   </div>
   <div class='ocr_carea' id='block_1_92' title="bbox 920 1921 1698 1964">
    <p class='ocr_par' dir='ltr' id='par_1_92' title="bbox 920 1921 1698 1964">
     <span class='ocr_line' id='line_1_92' title="bbox 920 1921 1698 1964; baseline -0.012 -9"><span class='ocrx_word' id='word_1_652' title='bbox 920 1927 1029 1964; x_wconf 79' lang='lat' dir='ltr'><strong>gniﬁcat</strong></span> <span class='ocrx_word' id='word_1_653' title='bbox 1042 1931 1090 1954; x_wconf 90' lang='lat' dir='ltr'><strong>aut</strong></span> <span class='ocrx_word' id='word_1_654' title='bbox 1101 1926 1197 1961; x_wconf 85' lang='lat' dir='ltr'><strong>judicii</strong></span> <span class='ocrx_word' id='word_1_655' title='bbox 1217 1929 1333 1960; x_wconf 89' lang='lat' dir='ltr'><strong>tempus,</strong></span> <span class='ocrx_word' id='word_1_656' title='bbox 1345 1931 1399 1958; x_wconf 89' lang='lat' dir='ltr'><strong>quo</strong></span> <span class='ocrx_word' id='word_1_657' title='bbox 1416 1923 1515 1949; x_wconf 87' lang='lat' dir='ltr'><strong>virtute</strong></span> <span class='ocrx_word' id='word_1_658' title='bbox 1529 1921 1618 1949; x_wconf 87' lang='lat' dir='ltr'><strong>divina</strong></span> <span class='ocrx_word' id='word_1_659' title='bbox 1630 1927 1698 1947; x_wconf 90' lang='lat' dir='ltr'><strong>om—</strong></span> 
     </span>
    </p>
   </div>
   <div class='ocr_carea' id='block_1_93' title="bbox 919 1964 1696 2006">
    <p class='ocr_par' dir='ltr' id='par_1_93' title="bbox 919 1964 1696 2006">
     <span class='ocr_line' id='line_1_93' title="bbox 919 1964 1696 2006; baseline -0.008 -7"><span class='ocrx_word' id='word_1_660' title='bbox 919 1979 968 1999; x_wconf 88' lang='lat' dir='ltr'><strong>nes</strong></span> <span class='ocrx_word' id='word_1_661' title='bbox 989 1971 1120 2006; x_wconf 82' lang='lat' dir='ltr'><strong>judicabit</strong></span> <span class='ocrx_word' id='word_1_662' title='bbox 1145 1970 1258 1997; x_wconf 87' lang='lat' dir='ltr'><strong>veniens</strong></span> <span class='ocrx_word' id='word_1_663' title='bbox 1289 1975 1351 1996; x_wconf 92' lang='lat' dir='ltr'><strong>cum</strong></span> <span class='ocrx_word' id='word_1_664' title='bbox 1370 1967 1471 1995; x_wconf 86' lang='lat' dir='ltr'><strong>sanctis</strong></span> <span class='ocrx_word' id='word_1_665' title='bbox 1494 1964 1597 2001; x_wconf 78' lang='lat' dir='ltr'><strong>angelis</strong></span> <span class='ocrx_word' id='word_1_666' title='bbox 1621 1964 1696 1993; x_wconf 82' lang='lat' dir='ltr'><strong>suis:</strong></span> 
     </span>
    </p>
   </div>
   <div class='ocr_carea' id='block_1_94' title="bbox 920 2009 1698 2051">
    <p class='ocr_par' dir='ltr' id='par_1_94' title="bbox 920 2009 1698 2051">
     <span class='ocr_line' id='line_1_94' title="bbox 920 2009 1698 2051; baseline -0.013 -6"><span class='ocrx_word' id='word_1_667' title='bbox 920 2022 966 2045; x_wconf 86' lang='lat' dir='ltr'><strong>aut</strong></span> <span class='ocrx_word' id='word_1_668' title='bbox 982 2021 1086 2051; x_wconf 84' lang='lat' dir='ltr'><strong>tempus</strong></span> <span class='ocrx_word' id='word_1_669' title='bbox 1100 2014 1283 2051; x_wconf 83' lang='lat' dir='ltr'><strong>generationis</strong></span> <span class='ocrx_word' id='word_1_670' title='bbox 1300 2013 1383 2046; x_wconf 84' lang='lat' dir='ltr'><strong>illius,</strong></span> <span class='ocrx_word' id='word_1_671' title='bbox 1400 2019 1461 2047; x_wconf 68' lang='lat' dir='ltr'><strong>quae</strong></span> <span class='ocrx_word' id='word_1_672' title='bbox 1477 2011 1558 2038; x_wconf 91' lang='lat' dir='ltr'><strong>etiam</strong></span> <span class='ocrx_word' id='word_1_673' title='bbox 1577 2009 1636 2037; x_wconf 89' lang='lat' dir='ltr'><strong>dies</strong></span> <span class='ocrx_word' id='word_1_674' title='bbox 1647 2009 1698 2035; x_wconf 90' lang='lat' dir='ltr'><strong>vir-</strong></span> 
     </span>
    </p>
   </div>
   <div class='ocr_carea' id='block_1_95' title="bbox 920 2051 1697 2097">
    <p class='ocr_par' dir='ltr' id='par_1_95' title="bbox 920 2051 1697 2097">
     <span class='ocr_line' id='line_1_95' title="bbox 920 2051 1697 2097; baseline -0.014 -7"><span class='ocrx_word' id='word_1_675' title='bbox 920 2063 985 2090; x_wconf 88' lang='lat' dir='ltr'><strong>tutis</strong></span> <span class='ocrx_word' id='word_1_676' title='bbox 999 2062 1159 2097; x_wconf 88' lang='lat' dir='ltr'><strong>appellatur.</strong></span> <span class='ocrx_word' id='word_1_677' title='bbox 1177 2060 1278 2088; x_wconf 90' lang='lat' dir='ltr'><strong>Tecum</strong></span> <span class='ocrx_word' id='word_1_678' title='bbox 1293 2057 1364 2085; x_wconf 87' lang='lat' dir='ltr'><strong>enim</strong></span> <span class='ocrx_word' id='word_1_679' title='bbox 1377 2057 1428 2084; x_wconf 88' lang='lat' dir='ltr'><strong>erit</strong></span> <span class='ocrx_word' id='word_1_680' title='bbox 1442 2055 1617 2091; x_wconf 86' lang='lat' dir='ltr'><strong>principium.</strong></span> <span class='ocrx_word' id='word_1_681' title='bbox 1629 2051 1697 2080; x_wconf 87' lang='lat' dir='ltr'><strong>Nam</strong></span> 
     </span>
    </p>
   </div>
   <div class='ocr_carea' id='block_1_96' title="bbox 920 2098 1698 2137">
    <p class='ocr_par' dir='ltr' id='par_1_96' title="bbox 920 2098 1698 2137">
     <span class='ocr_line' id='line_1_96' title="bbox 920 2098 1698 2137; baseline -0.014 0"><span class='ocrx_word' id='word_1_682' title='bbox 920 2109 1077 2137; x_wconf 85' lang='lat' dir='ltr'><strong>dominatur</strong></span> <span class='ocrx_word' id='word_1_683' title='bbox 1096 2106 1232 2134; x_wconf 89' lang='lat' dir='ltr'><strong>universis</strong></span> <span class='ocrx_word' id='word_1_684' title='bbox 1255 2104 1360 2132; x_wconf 86' lang='lat' dir='ltr'><strong>etiamsi</strong></span> <span class='ocrx_word' id='word_1_685' title='bbox 1384 2102 1473 2130; x_wconf 84' lang='lat' dir='ltr'><strong>factus</strong></span> <span class='ocrx_word' id='word_1_686' title='bbox 1497 2101 1533 2128; x_wconf 83' lang='lat' dir='ltr'><strong>sit</strong></span> <span class='ocrx_word' id='word_1_687' title='bbox 1555 2100 1647 2128; x_wconf 90' lang='lat' dir='ltr'><strong>homo.</strong></span> <span class='ocrx_word' id='word_1_688' title='bbox 1665 2098 1698 2126; x_wconf 85' lang='lat' dir='ltr'><strong>In</strong></span> 
     </span>
    </p>
   </div>
   <div class='ocr_carea' id='block_1_97' title="bbox 921 2144 1700 2189">
    <p class='ocr_par' dir='ltr' id='par_1_97' title="bbox 921 2144 1700 2189">
     <span class='ocr_line' id='line_1_97' title="bbox 921 2144 1700 2189; baseline -0.015 -7"><span class='ocrx_word' id='word_1_689' title='bbox 921 2153 1100 2189; x_wconf 73' lang='lat' dir='ltr'><strong>splendoribus</strong></span> <span class='ocrx_word' id='word_1_690' title='bbox 1118 2157 1268 2179; x_wconf 78' lang='lat' dir='ltr'><strong>sanctorum</strong></span> <span class='ocrx_word' id='word_1_691' title='bbox 1276 2155 1391 2176; x_wconf 89' lang='lat' dir='ltr'><strong>tuorum.</strong></span> <span class='ocrx_word' id='word_1_692' title='bbox 1409 2147 1475 2175; x_wconf 92' lang='lat' dir='ltr'><strong>Illud</strong></span> <span class='ocrx_word' id='word_1_693' title='bbox 1490 2155 1496 2174; x_wconf 89' lang='lat'>:</span> <span class='ocrx_word' id='word_1_694' title='bbox 1511 2145 1545 2173; x_wconf 84' lang='lat' dir='ltr'><strong>In</strong></span> <span class='ocrx_word' id='word_1_695' title='bbox 1557 2144 1700 2181; x_wconf 72' lang='lat' dir='ltr'><strong>splendori-</strong></span> 
     </span>
    </p>
   </div>
   <div class='ocr_carea' id='block_1_98' title="bbox 923 2192 1699 2228">
    <p class='ocr_par' dir='ltr' id='par_1_98' title="bbox 923 2192 1699 2228">
     <span class='ocr_line' id='line_1_98' title="bbox 923 2192 1699 2228; baseline -0.012 -2"><span class='ocrx_word' id='word_1_696' title='bbox 923 2200 970 2226; x_wconf 79' lang='lat' dir='ltr'><strong>bus</strong></span> <span class='ocrx_word' id='word_1_697' title='bbox 984 2203 1136 2226; x_wconf 74' lang='lat' dir='ltr'><strong>sanctorum</strong></span> <span class='ocrx_word' id='word_1_698' title='bbox 1153 2203 1278 2227; x_wconf 58' lang='lat' dir='ltr'><strong>tuorum,»</strong></span> <span class='ocrx_word' id='word_1_699' title='bbox 1290 2194 1358 2222; x_wconf 86' lang='lat' dir='ltr'><strong>nihil</strong></span> <span class='ocrx_word' id='word_1_700' title='bbox 1372 2193 1444 2221; x_wconf 90' lang='lat' dir='ltr'><strong>aliud</strong></span> <span class='ocrx_word' id='word_1_701' title='bbox 1465 2192 1600 2228; x_wconf 81' lang='lat' dir='ltr'><strong>signiﬁcat</strong></span> <span class='ocrx_word' id='word_1_702' title='bbox 1616 2198 1699 2225; x_wconf 90' lang='lat' dir='ltr'><strong>quam</strong></span> 
     </span>
    </p>
   </div>
   <div class='ocr_carea' id='block_1_99' title="bbox 921 2238 1700 2275">
    <p class='ocr_par' dir='ltr' id='par_1_99' title="bbox 921 2238 1700 2275">
     <span class='ocr_line' id='line_1_99' title="bbox 921 2238 1700 2275; baseline -0.013 -2"><span class='ocrx_word' id='word_1_703' title='bbox 921 2245 1035 2273; x_wconf 86' lang='lat' dir='ltr'><strong>choreas</strong></span> <span class='ocrx_word' id='word_1_704' title='bbox 1047 2244 1108 2271; x_wconf 84' lang='lat' dir='ltr'><strong>illas</strong></span> <span class='ocrx_word' id='word_1_705' title='bbox 1125 2247 1283 2270; x_wconf 89' lang='lat' dir='ltr'><strong>sanctorum</strong></span> <span class='ocrx_word' id='word_1_706' title='bbox 1300 2240 1469 2275; x_wconf 85' lang='lat' dir='ltr'><strong>angelorum.</strong></span> <span class='ocrx_word' id='word_1_707' title='bbox 1486 2238 1635 2265; x_wconf 81' lang='lat' dir='ltr'><strong>clamantes</strong></span> <span class='ocrx_word' id='word_1_708' title='bbox 1645 2243 1700 2271; x_wconf 84' lang='lat' dir='ltr'><strong>qua</strong></span> 
     </span>
    </p>
   </div>
   <div class='ocr_carea' id='block_1_100' title="bbox 921 2281 1700 2319">
    <p class='ocr_par' dir='ltr' id='par_1_100' title="bbox 921 2281 1700 2319">
     <span class='ocr_line' id='line_1_100' title="bbox 921 2281 1700 2319; baseline -0.015 0"><span class='ocrx_word' id='word_1_709' title='bbox 921 2296 1000 2319; x_wconf 91' lang='lat' dir='ltr'><strong>nocte</strong></span> <span class='ocrx_word' id='word_1_710' title='bbox 1015 2295 1097 2318; x_wconf 87' lang='lat' dir='ltr'><strong>natus</strong></span> <span class='ocrx_word' id='word_1_711' title='bbox 1124 2288 1250 2316; x_wconf 88' lang='lat' dir='ltr'><strong>Christus</strong></span> <span class='ocrx_word' id='word_1_712' title='bbox 1264 2291 1306 2314; x_wconf 87' lang='lat' dir='ltr'><strong>est</strong></span> <span class='ocrx_word' id='word_1_713' title='bbox 1319 2295 1325 2313; x_wconf 97' lang='lat'>:</span> <span class='ocrx_word' id='word_1_714' title='bbox 1341 2285 1433 2312; x_wconf 85' lang='lat' dir='ltr'><strong>Gloria</strong></span> <span class='ocrx_word' id='word_1_715' title='bbox 1453 2284 1482 2310; x_wconf 85' lang='lat' dir='ltr'><strong>in</strong></span> <span class='ocrx_word' id='word_1_716' title='bbox 1502 2282 1611 2310; x_wconf 72' lang='lat' dir='ltr'><strong>excelsis</strong></span> <span class='ocrx_word' id='word_1_717' title='bbox 1627 2281 1680 2308; x_wconf 87' lang='lat' dir='ltr'><strong>Deo</strong></span> <span class='ocrx_word' id='word_1_718' title='bbox 1691 2300 1700 2310; x_wconf 79' lang='lat'><strong>.</strong></span> 
     </span>
    </p>
   </div>
   <div class='ocr_carea' id='block_1_101' title="bbox 921 2327 1699 2370">
    <p class='ocr_par' dir='ltr' id='par_1_101' title="bbox 921 2327 1699 2370">
     <span class='ocr_line' id='line_1_101' title="bbox 921 2327 1699 2370; baseline -0.015 -5"><span class='ocrx_word' id='word_1_719' title='bbox 921 2343 946 2365; x_wconf 91' lang='lat' dir='ltr'><strong>et</strong></span> <span class='ocrx_word' id='word_1_720' title='bbox 963 2338 991 2364; x_wconf 89' lang='lat' dir='ltr'><strong>in</strong></span> <span class='ocrx_word' id='word_1_721' title='bbox 1001 2342 1073 2364; x_wconf 80' lang='lat' dir='ltr'><strong>terra</strong></span> <span class='ocrx_word' id='word_1_722' title='bbox 1082 2343 1134 2370; x_wconf 74' lang='lat' dir='ltr'><strong>pax</strong></span> <span class='ocrx_word' id='word_1_723' title='bbox 1146 2335 1178 2361; x_wconf 83' lang='lat'><strong>“.</strong></span> <span class='ocrx_word' id='word_1_724' title='bbox 1195 2333 1237 2360; x_wconf 78' lang='lat' dir='ltr'><strong>Ea;</strong></span> <span class='ocrx_word' id='word_1_725' title='bbox 1255 2337 1329 2360; x_wconf 85' lang='lat' dir='ltr'><strong>utero</strong></span> <span class='ocrx_word' id='word_1_726' title='bbox 1345 2335 1404 2358; x_wconf 82' lang='lat' dir='ltr'><strong>ante</strong></span> <span class='ocrx_word' id='word_1_727' title='bbox 1419 2329 1559 2364; x_wconf 82' lang='lat' dir='ltr'><strong>luciferum</strong></span> <span class='ocrx_word' id='word_1_728' title='bbox 1574 2327 1651 2363; x_wconf 82' lang='lat' dir='ltr'><strong>genui</strong></span> <span class='ocrx_word' id='word_1_729' title='bbox 1665 2332 1699 2354; x_wconf 67' lang='lat' dir='ltr'><strong>te.</strong></span> 
     </span>
    </p>
   </div>
   <div class='ocr_carea' id='block_1_102' title="bbox 923 2373 1703 2417">
    <p class='ocr_par' dir='ltr' id='par_1_102' title="bbox 923 2373 1703 2417">
     <span class='ocr_line' id='line_1_102' title="bbox 923 2373 1703 2417; baseline -0.015 -7"><span class='ocrx_word' id='word_1_730' title='bbox 923 2382 991 2410; x_wconf 72' lang='lat' dir='ltr'><strong>Vide</strong></span> <span class='ocrx_word' id='word_1_731' title='bbox 1006 2389 1059 2417; x_wconf 86' lang='lat' dir='ltr'><strong>quo</strong></span> <span class='ocrx_word' id='word_1_732' title='bbox 1074 2385 1153 2416; x_wconf 90' lang='lat' dir='ltr'><strong>pacto</strong></span> <span class='ocrx_word' id='word_1_733' title='bbox 1176 2378 1258 2406; x_wconf 86' lang='lat' dir='ltr'><strong>Pater</strong></span> <span class='ocrx_word' id='word_1_734' title='bbox 1273 2376 1412 2412; x_wconf 88' lang='lat' dir='ltr'><strong>Unigeniti</strong></span> <span class='ocrx_word' id='word_1_735' title='bbox 1439 2373 1640 2409; x_wconf 85' lang='lat' dir='ltr'><strong>generationem</strong></span> <span class='ocrx_word' id='word_1_736' title='bbox 1663 2379 1703 2400; x_wconf 86' lang='lat' dir='ltr'><strong>se-</strong></span> 
     </span>
    </p>
   </div>
   <div class='ocr_carea' id='block_1_103' title="bbox 924 2419 1701 2458">
    <p class='ocr_par' dir='ltr' id='par_1_103' title="bbox 924 2419 1701 2458">
     <span class='ocr_line' id='line_1_103' title="bbox 924 2419 1701 2458; baseline -0.013 -3"><span class='ocrx_word' id='word_1_737' title='bbox 924 2427 1042 2456; x_wconf 90' lang='lat' dir='ltr'><strong>cundum</strong></span> <span class='ocrx_word' id='word_1_738' title='bbox 1072 2432 1178 2453; x_wconf 88' lang='lat' dir='ltr'><strong>carnem</strong></span> <span class='ocrx_word' id='word_1_739' title='bbox 1206 2424 1258 2451; x_wconf 88' lang='lat' dir='ltr'><strong>sibi</strong></span> <span class='ocrx_word' id='word_1_740' title='bbox 1283 2423 1419 2458; x_wconf 87' lang='lat' dir='ltr'><strong>propriam</strong></span> <span class='ocrx_word' id='word_1_741' title='bbox 1447 2420 1539 2448; x_wconf 77' lang='lat' dir='ltr'><strong>cﬂicit.</strong></span> <span class='ocrx_word' id='word_1_742' title='bbox 1568 2419 1613 2446; x_wconf 82' lang='lat' dir='ltr'><strong>Ait</strong></span> <span class='ocrx_word' id='word_1_743' title='bbox 1629 2419 1701 2447; x_wconf 88' lang='lat' dir='ltr'><strong>enim</strong></span> 
     </span>
    </p>
   </div>
   <div class='ocr_carea' id='block_1_104' title="bbox 923 2465 1705 2500">
    <p class='ocr_par' dir='ltr' id='par_1_104' title="bbox 923 2465 1705 2500">
     <span class='ocr_line' id='line_1_104' title="bbox 923 2465 1705 2500; baseline -0.014 1"><span class='ocrx_word' id='word_1_744' title='bbox 923 2473 1004 2500; x_wconf 86' lang='lat' dir='ltr'><strong>Pater</strong></span> <span class='ocrx_word' id='word_1_745' title='bbox 1017 2472 1051 2500; x_wconf 90' lang='lat' dir='ltr'><strong>ad</strong></span> <span class='ocrx_word' id='word_1_746' title='bbox 1065 2471 1163 2498; x_wconf 86' lang='lat' dir='ltr'><strong>Filium</strong></span> <span class='ocrx_word' id='word_1_747' title='bbox 1177 2480 1184 2497; x_wconf 70' lang='grc' dir='ltr'><strong>ι</strong></span> <span class='ocrx_word' id='word_1_748' title='bbox 1199 2470 1268 2496; x_wconf 87' lang='lat' dir='ltr'><strong>Ante</strong></span> <span class='ocrx_word' id='word_1_749' title='bbox 1282 2468 1412 2495; x_wconf 89' lang='lat' dir='ltr'><strong>mundum</strong></span> <span class='ocrx_word' id='word_1_750' title='bbox 1428 2467 1500 2493; x_wconf 90' lang='lat' dir='ltr'><strong>hunc</strong></span> <span class='ocrx_word' id='word_1_751' title='bbox 1512 2465 1660 2497; x_wconf 85' lang='lat' dir='ltr'><strong>visibilem,</strong></span> <span class='ocrx_word' id='word_1_752' title='bbox 1677 2470 1705 2491; x_wconf 85' lang='lat' dir='ltr'><strong>et</strong></span> 
     </span>
    </p>
   </div>
   <div class='ocr_carea' id='block_1_105' title="bbox 924 2511 1703 2554">
    <p class='ocr_par' dir='ltr' id='par_1_105' title="bbox 924 2511 1703 2554">
     <span class='ocr_line' id='line_1_105' title="bbox 924 2511 1703 2554; baseline -0.014 -7"><span class='ocrx_word' id='word_1_753' title='bbox 924 2518 1095 2554; x_wconf 88' lang='lat' dir='ltr'><strong>splendidum</strong></span> <span class='ocrx_word' id='word_1_754' title='bbox 1113 2518 1204 2544; x_wconf 89' lang='lat' dir='ltr'><strong>lumen</strong></span> <span class='ocrx_word' id='word_1_755' title='bbox 1219 2522 1270 2550; x_wconf 85' lang='lat' dir='ltr'><strong>ego</strong></span> <span class='ocrx_word' id='word_1_756' title='bbox 1281 2519 1307 2542; x_wconf 90' lang='lat' dir='ltr'><strong>te</strong></span> <span class='ocrx_word' id='word_1_757' title='bbox 1321 2512 1480 2549; x_wconf 85' lang='lat' dir='ltr'><strong>genui.Non</strong></span> <span class='ocrx_word' id='word_1_758' title='bbox 1496 2511 1568 2546; x_wconf 85' lang='lat' dir='ltr'><strong>quod</strong></span> <span class='ocrx_word' id='word_1_759' title='bbox 1582 2514 1703 2538; x_wconf 84' lang='lat' dir='ltr'><strong>ventrem</strong></span> 
     </span>
    </p>
   </div>
   <div class='ocr_carea' id='block_1_106' title="bbox 924 2555 1703 2595">
    <p class='ocr_par' dir='ltr' id='par_1_106' title="bbox 924 2555 1703 2595">
     <span class='ocr_line' id='line_1_106' title="bbox 924 2555 1703 2595; baseline -0.015 -3"><span class='ocrx_word' id='word_1_760' title='bbox 924 2565 996 2592; x_wconf 87' lang='lat' dir='ltr'><strong>Deus</strong></span> <span class='ocrx_word' id='word_1_761' title='bbox 1007 2564 1125 2595; x_wconf 81' lang='lat' dir='ltr'><strong>habeat;</strong></span> <span class='ocrx_word' id='word_1_762' title='bbox 1139 2561 1185 2589; x_wconf 89' lang='lat' dir='ltr'><strong>sed</strong></span> <span class='ocrx_word' id='word_1_763' title='bbox 1200 2561 1265 2595; x_wconf 87' lang='lat' dir='ltr'><strong>quia</strong></span> <span class='ocrx_word' id='word_1_764' title='bbox 1281 2566 1420 2595; x_wconf 83' lang='lat' dir='ltr'><strong>germana,</strong></span> <span class='ocrx_word' id='word_1_765' title='bbox 1434 2561 1461 2585; x_wconf 84' lang='lat' dir='ltr'><strong>et</strong></span> <span class='ocrx_word' id='word_1_766' title='bbox 1476 2563 1531 2584; x_wconf 91' lang='lat' dir='ltr'><strong>non</strong></span> <span class='ocrx_word' id='word_1_767' title='bbox 1547 2555 1652 2590; x_wconf 86' lang='lat' dir='ltr'><strong>spuria,</strong></span> <span class='ocrx_word' id='word_1_768' title='bbox 1671 2561 1703 2581; x_wconf 77' lang='lat' dir='ltr'><strong>ex</strong></span> 
     </span>
    </p>
   </div>
   <div class='ocr_carea' id='block_1_107' title="bbox 924 2605 1445 2644">
    <p class='ocr_par' dir='ltr' id='par_1_107' title="bbox 924 2605 1445 2644">
     <span class='ocr_line' id='line_1_107' title="bbox 924 2605 1445 2644; baseline -0.015 -6"><span class='ocrx_word' id='word_1_769' title='bbox 924 2614 1017 2639; x_wconf 89' lang='lat' dir='ltr'><strong>ventre</strong></span> <span class='ocrx_word' id='word_1_770' title='bbox 1034 2607 1254 2644; x_wconf 68' lang='lat' dir='ltr'><strong>primogenitum</strong></span> <span class='ocrx_word' id='word_1_771' title='bbox 1270 2605 1336 2633; x_wconf 89' lang='lat' dir='ltr'><strong>oriri</strong></span> <span class='ocrx_word' id='word_1_772' title='bbox 1348 2605 1445 2632; x_wconf 87' lang='lat' dir='ltr'><strong>solent.</strong></span> 
     </span>
    </p>
   </div>
   <div class='ocr_carea' id='block_1_108' title="bbox 86 2674 920 2712">
    <p class='ocr_par' dir='ltr' id='par_1_108' title="bbox 86 2674 920 2712">
     <span class='ocr_line' id='line_1_108' title="bbox 86 2674 920 2712; baseline 0 -10"><span class='ocrx_word' id='word_1_773' title='bbox 86 2676 181 2711; x_wconf 68' lang='grc' dir='ltr'>ἐπειδὴ</span> <span class='ocrx_word' id='word_1_774' title='bbox 197 2677 232 2703; x_wconf 80' lang='grc' dir='ltr'><strong>τὰ</strong></span> <span class='ocrx_word' id='word_1_775' title='bbox 247 2677 344 2712; x_wconf 83' lang='grc' dir='ltr'>γνήσια</span> <span class='ocrx_word' id='word_1_776' title='bbox 355 2697 362 2708; x_wconf 78' lang='lat'><strong>,</strong></span> <span class='ocrx_word' id='word_1_777' title='bbox 378 2678 425 2704; x_wconf 72' lang='grc' dir='ltr'>καὶ</span> <span class='ocrx_word' id='word_1_778' title='bbox 446 2677 477 2703; x_wconf 76' lang='grc' dir='ltr'>οὐ</span> <span class='ocrx_word' id='word_1_779' title='bbox 491 2676 555 2703; x_wconf 85' lang='grc' dir='ltr'>νόθα</span> <span class='ocrx_word' id='word_1_780' title='bbox 565 2696 572 2708; x_wconf 90' lang='lat'><em>,</em></span> <span class='ocrx_word' id='word_1_781' title='bbox 589 2676 621 2702; x_wconf 80' lang='grc' dir='ltr'>ἐκ</span> <span class='ocrx_word' id='word_1_782' title='bbox 635 2674 752 2710; x_wconf 82' lang='grc' dir='ltr'>γαστρὸς</span> <span class='ocrx_word' id='word_1_783' title='bbox 768 2681 873 2709; x_wconf 79' lang='grc' dir='ltr'>πρωτο-</span> <span class='ocrx_word' id='word_1_784' title='bbox 916 2697 920 2702; x_wconf 96' lang='grc'>.</span> 
     </span>
    </p>
   </div>
   <div class='ocr_carea' id='block_1_109' title="bbox 87 2723 366 2757">
    <p class='ocr_par' dir='ltr' id='par_1_109' title="bbox 87 2723 366 2757">
     <span class='ocr_line' id='line_1_109' title="bbox 87 2723 366 2757; baseline -0.004 -7"><span class='ocrx_word' id='word_1_785' title='bbox 87 2723 186 2750; x_wconf 75' lang='grc' dir='ltr'>τοκίων</span> <span class='ocrx_word' id='word_1_786' title='bbox 202 2723 366 2757; x_wconf 69' lang='grc' dir='ltr'>πεφύκασιν.</span> 
     </span>
    </p>
   </div>
   <div class='ocr_carea' id='block_1_110' title="bbox 123 2765 873 2803">
    <p class='ocr_par' dir='ltr' id='par_1_110' title="bbox 123 2765 873 2803">
     <span class='ocr_line' id='line_1_110' title="bbox 123 2765 873 2803; baseline -0.007 -8"><span class='ocrx_word' id='word_1_787' title='bbox 123 2768 236 2802; x_wconf 83' lang='grc' dir='ltr'><strong>Ὠμοσε</strong></span> <span class='ocrx_word' id='word_1_788' title='bbox 259 2769 380 2803; x_wconf 81' lang='grc' dir='ltr'><strong>Κύριος,</strong></span> <span class='ocrx_word' id='word_1_789' title='bbox 396 2768 445 2795; x_wconf 77' lang='grc' dir='ltr'>καὶ</span> <span class='ocrx_word' id='word_1_790' title='bbox 468 2768 504 2794; x_wconf 87' lang='grc' dir='ltr'><strong>οὺ</strong></span> <span class='ocrx_word' id='word_1_791' title='bbox 527 2766 810 2803; x_wconf 74' lang='grc' dir='ltr'><strong>μεταμεληθήσεται.</strong></span> <span class='ocrx_word' id='word_1_792' title='bbox 852 2765 873 2790; x_wconf 90' lang='lat'><strong>0</strong></span> 
     </span>
    </p>
   </div>
   <div class='ocr_carea' id='block_1_111' title="bbox 960 2749 1705 2791">
    <p class='ocr_par' dir='ltr' id='par_1_111' title="bbox 960 2749 1705 2791">
     <span class='ocr_line' id='line_1_111' title="bbox 960 2749 1705 2791; baseline -0.015 -2"><span class='ocrx_word' id='word_1_793' title='bbox 960 2763 986 2789; x_wconf 75' lang='grc' dir='ltr'><strong>ι.</strong></span> <span class='ocrx_word' id='word_1_794' title='bbox 1005 2761 1109 2788; x_wconf 74' lang='lat' dir='ltr'><strong>Iuravit</strong></span> <span class='ocrx_word' id='word_1_795' title='bbox 1128 2760 1255 2787; x_wconf 80' lang='lat' dir='ltr'><strong>Dominus</strong></span> <span class='ocrx_word' id='word_1_796' title='bbox 1271 2763 1294 2785; x_wconf 75' lang='lat' dir='ltr'><strong>et</strong></span> <span class='ocrx_word' id='word_1_797' title='bbox 1314 2765 1365 2784; x_wconf 87' lang='lat' dir='ltr'><strong>non</strong></span> <span class='ocrx_word' id='word_1_798' title='bbox 1387 2755 1606 2791; x_wconf 65' lang='lat' dir='ltr'><strong>panitebit_eum.</strong></span> <span class='ocrx_word' id='word_1_799' title='bbox 1628 2749 1705 2780; x_wconf 65' lang='lat' dir='ltr'><strong>Jun-</strong></span> 
     </span>
    </p>
   </div>
   <div class='ocr_carea' id='block_1_112' title="bbox 118 2843 1481 2897">
    <p class='ocr_par' dir='ltr' id='par_1_112' title="bbox 118 2843 1481 2897">
     <span class='ocr_line' id='line_1_112' title="bbox 118 2843 1481 2897; baseline -0.011 -12"><span class='ocrx_word' id='word_1_800' title='bbox 118 2856 148 2897; x_wconf 14' lang='lat'><strong>,&quot;</strong></span> <span class='ocrx_word' id='word_1_801' title='bbox 162 2856 369 2893; x_wconf 84' lang='lat' dir='ltr'><strong>Philipp._n,7.</strong></span> <span class='ocrx_word' id='word_1_802' title='bbox 393 2856 494 2894; x_wconf 82' lang='lat' dir='ltr'><strong>_&quot;lsa.</strong></span> <span class='ocrx_word' id='word_1_803' title='bbox 511 2863 584 2890; x_wconf 78' lang='lat' dir='ltr'><strong>xm,</strong></span> <span class='ocrx_word' id='word_1_804' title='bbox 603 2856 648 2893; x_wconf 77' lang='lat'><strong>5._</strong></span> <span class='ocrx_word' id='word_1_805' title='bbox 670 2856 690 2871; x_wconf 77' lang='grc' dir='ltr'><strong>ι’</strong></span> <span class='ocrx_word' id='word_1_806' title='bbox 703 2850 795 2882; x_wconf 71' lang='lat' dir='ltr'><strong>Matth’.</strong></span> <span class='ocrx_word' id='word_1_807' title='bbox 811 2860 858 2886; x_wconf 77' lang='lat' dir='ltr'><strong>xx,</strong></span> <span class='ocrx_word' id='word_1_808' title='bbox 876 2851 920 2879; x_wconf 67' lang='lat'><strong>28.</strong></span> <span class='ocrx_word' id='word_1_809' title='bbox 940 2849 980 2892; x_wconf 58' lang='lat'><strong>&quot;’</strong></span> <span class='ocrx_word' id='word_1_810' title='bbox 997 2849 1006 2876; x_wconf 92' lang='grc' dir='ltr'>ι</span> <span class='ocrx_word' id='word_1_811' title='bbox 1022 2849 1085 2876; x_wconf 88' lang='lat' dir='ltr'><strong>Cor.</strong></span> <span class='ocrx_word' id='word_1_812' title='bbox 1108 2855 1152 2882; x_wconf 73' lang='lat' dir='ltr'><strong>xv,</strong></span> <span class='ocrx_word' id='word_1_813' title='bbox 1172 2847 1216 2875; x_wconf 75' lang='lat'><strong>26.</strong></span> <span class='ocrx_word' id='word_1_814' title='bbox 1236 2847 1274 2889; x_wconf 30' lang='lat' dir='ltr'><strong>ﬁ&quot;</strong></span> <span class='ocrx_word' id='word_1_815' title='bbox 1296 2846 1362 2874; x_wconf 84' lang='lat' dir='ltr'><strong>Luc.</strong></span> <span class='ocrx_word' id='word_1_816' title='bbox 1388 2852 1418 2876; x_wconf 74' lang='grc' dir='ltr'>ιι,</span> <span class='ocrx_word' id='word_1_817' title='bbox 1438 2843 1481 2870; x_wconf 78' lang='grc' dir='ltr'><strong>Η.</strong></span> 
     </span>
    </p>
   </div>
  </div>
