1926 3051
223 155 275 182 467

645 158 673 186 s.
694 157 879 186 ATHANASII
897 146 972 186 Opp.
993 159 1081 187 mas
1099 158 1143 187 Ill.
1163 173 1196 179 —
1215 159 1418 190 EXEGETICA.

1782 163 1830 191 468

224 216 317 239 noster
337 217 494 247 assumptus
517 202 557 241 sit.
575 213 602 240 in
623 213 731 242 dextera
757 215 867 255 Patris,
883 220 1020 246 attamen.

1070 217 1154 252 λήφθη
1163 219 1177 244 ὁ
1190 218 1290 253 Κύριος
1303 218 1391 254 ἡμῶν,
1406 219 1452 245 καὶ
1463 218 1534 245 ἐστιν
1546 220 1574 245 ἐν
1581 218 1653 254 δεξιᾷ
1664 219 1710 246 τοῦ
1719 218 1833 255 Πάτρδς,

224 258 306 284 etiam
323 266 396 285 nunc
412 258 517 293 plenam
537 267 596 288 esse
613 268 719 288 omnem
736 266 835 289 terram
850 266 877 289 et
892 262 944 289 frui
960 263 1001 289 vi-

226 303 353 330 sitatione
368 304 437 338 ejus.

262 348 287 374 7.
306 347 445 376 Suscilans
466 358 482 376 ιι
501 355 570 376 terra
594 351 706 386 inopem.
723 351 852 380 Videlicet
882 352 1003 388 gentium

225 393 366 428 populum.

262 439 289 467 9.
307 439 358 472 Qui
385 440 503 468 habitare
531 441 596 475 facit
612 443 726 470 sterilem
738 443 766 470 in
789 443 875 472 domo.
900 444 1005 471 Sterilis

226 482 278 511 fuit
294 484 413 520 gentium
429 485 584 520 multitudo,
596 495 657 521 qua:
673 487 770 515 domus
784 487 834 514 fuit
846 487 1004 523 spiritualis,

227 533 321 564 utpote
337 537 398 564 qum
412 529 557 558 Dominum
579 532 776 560 inbabitantem
793 533 927 560 habuerit.
944 533 1007 561 Fuit

227 574 309 602 etiam
324 575 471 602 multorum
488 576 606 604 ﬁliorum
623 582 710 605 mater
735 586 796 606 cum
814 579 915 606 laetitia.
939 578 1006 606 Nam

228 619 276 647 lilii
288 620 348 654 ejus
363 628 411 655 per
422 621 501 648 ﬁdem
518 622 544 648 in
556 621 696 650 Christum
711 624 826 651 salutem
849 624 921 652 nacti
932 629 1005 652 sunt.

228 662 285 691 Hoc
299 670 388 692 autem
403 665 547 694 discrimen
560 672 601 695 est
616 668 684 695 inter
702 675 761 695 eam
784 675 810 696 et
827 668 1006 705 Synagogam,

228 711 300 744 quod
323 711 465 747 Synagoga
481 712 515 740 de
533 713 596 741 tiliis
618 714 706 742 laetata
730 722 783 742 non
805 715 897 748 fuerit,
917 721 1008 752 utpote

227 757 356 790 perniciei
374 758 493 786 traditis.

404 836 573 866 PSALMUS
585 839 693 868 CXIII.
712 841 835 869 Alleluia.

521 916 720 952 Argumentum.

230 980 258 1008 ln
274 982 326 1009 hoc
342 982 405 1010 item
435 984 540 1018 psalmo
556 984 676 1019 gentium
699 985 807 1012 vocatio
831 985 1008 1020 signiﬁcatur.

264 1027 305 1054 Ad
319 1028 386 1060 haec,
401 1028 526 1056 doctrina
537 1030 570 1056 ad
587 1037 636 1058 eos
645 1031 691 1065 qui
710 1031 825 1058 salutem
838 1038 1010 1065 consequun-

263 1077 328 1105 tur;
346 1074 420 1108 quod
432 1079 509 1102 vetus
534 1080 735 1108 testamentum,
760 1076 807 1103 Dei
831 1083 891 1104 esse
911 1084 1011 1111 cogno-

263 1122 351 1151 scant,
367 1123 395 1145 et
410 1120 552 1153 pristinam
569 1121 643 1148 illam
661 1122 775 1148 salutem
797 1121 889 1156 populi
906 1128 939 1148 ex
954 1121 1010 1148 cir-

263 1164 441 1198 cumcisione,
456 1173 503 1200 per
517 1166 662 1193 Dominum
677 1167 775 1194 factam
793 1174 862 1194 esse.

266 1209 293 1235 1.
311 1208 344 1235 In
356 1210 427 1236 exitu
441 1210 528 1238 Israel
544 1211 576 1238 de
585 1211 747 1246 ngypto....
763 1210 848 1238 Facta
860 1216 897 1238 est
915 1210 1011 1238 Judwa

230 1255 406 1289 sanctiﬁcatio
416 1256 483 1289 ejus.
496 1257 576 1288 Cum.
591 1259 688 1292 tnquit,
701 1258 831 1285 liberatus
843 1262 885 1286 est
896 1258 1011 1293 populus

232 1308 247 1326 a
262 1301 393 1328 servitute
407 1301 594 1337 Egyptian-um
608 1313 614 1336 ;
630 1308 694 1331 tunc
709 1303 801 1331 Judaza
815 1303 885 1330 facta
900 1308 941 1331 est
952 1311 1012 1331 san-

231 1348 362 1375 ctiﬁcatio
378 1347 447 1382 ejus.
469 1347 528 1376 Non
546 1350 572 1376 in
591 1351 680 1377 soluat
707 1355 796 1378 autem
818 1350 943 1378 lsraelem
958 1350 1011 1377 im-

232 1393 347 1428 peravit,
374 1394 420 1421 sed
444 1394 511 1429 jam,
538 1395 594 1428 ait,
622 1396 748 1424 omnibus
776 1396 900 1431 gentibus
926 1397 1011 1431 gratia

233 1439 321 1466 datur.

268 1483 295 1510 4.
316 1483 417 1511 Montes
432 1485 626 1513 exsultat-erunt
641 1491 669 1513 ut
684 1487 791 1514 arietes.
806 1486 873 1514 Cum
888 1487 959 1515 Deus
985 1488 1010 1514 in

233 1529 300 1563 ipsis
311 1530 448 1558 montibus
458 1537 607 1566 appareret,
616 1533 694 1568 quasi
704 1532 875 1560 exsultabant
886 1533 919 1560 de
929 1533 1013 1561 Israe-

234 1575 267 1603 iis
283 1577 380 1604 salute.

270 1621 296 1648 5.
312 1622 382 1654 Quid
393 1627 432 1649 est
448 1623 507 1656 tibi,
524 1631 605 1654 mare,
617 1624 686 1659 quod
709 1624 811 1659 fugisti,
828 1630 852 1652 et
873 1631 901 1652 tu
911 1625 1019 1653 larda--

234 1668 286 1700 nil,
299 1669 361 1703 quia
376 1678 510 1697 conversus
528 1678 553 1697 es
569 1675 710 1697 retrorsum
723 1671 736 1698 ν
755 1670 887 1704 Quoniam
908 1672 953 1699 illa
978 1673 1012 1699 ir-

233 1715 402 1742 rationabilia
414 1720 441 1743 et
450 1716 598 1743 inanimata
609 1721 696 1750 erant,
711 1716 769 1751 ipse
783 1724 878 1744 eorum
895 1717 952 1745 vice
969 1725 1012 1745 re-

234 1761 359 1796 spondet.

270 1807 295 1834 7.
315 1807 334 1833 Α
360 1808 428 1842 facie
445 1808 552 1836 Domini
568 1814 638 1836 mota
651 1815 687 1836 est
705 1814 784 1842 terra,
804 1814 856 1838 etc.
879 1809 941 1838 Haec
955 1810 1012 1837 sin—

233 1852 304 1887 gula,
318 1852 366 1885 ait,
378 1852 412 1880 ob
422 1853 608 1881 advenientem
630 1854 775 1882 Dominum
787 1855 857 1883 facta
869 1859 941 1883 sunt.
959 1855 1014 1883 Hac

233 1897 266 1924 de
281 1905 362 1925 causa
374 1897 425 1925 fuit
441 1903 519 1926 terrae
535 1900 683 1927 commotio
694 1904 721 1927 et
734 1900 831 1928 divisio
845 1901 938 1928 maris.
955 1902 1014 1935 Ipse

233 1951 350 1978 namque
360 1944 484 1972 sterilem
506 1950 621 1980 petram,
647 1954 680 1974 ac
701 1947 866 1974 humiditate
880 1947 953 1974 omni
971 1955 1014 1974 va-

233 1995 324 2021 cuam,
340 1997 402 2023 quae
421 1997 456 2016 ne
471 1990 632 2018 incisionem
649 1992 758 2026 quidem
778 1993 814 2019 oh
828 1992 954 2020 duritiem
970 1993 1014 2020 ad-

233 2033 367 2066 mittebat,
391 2042 524 2069 aquarum
549 2037 626 2071 copia
650 2037 803 2070 inundavit,
824 2037 961 2072 iussitque
985 2042 1014 2065 ut

233 2079 298 2106 hinc
308 2079 426 2114 copiosa:
440 2088 573 2115 aquarum
589 2082 772 2117 scaturigines
786 2087 955 2110 emanarent.
971 2083 1015 2110 Ni-

233 2123 272 2151 hil
296 2124 389 2160 igitur,
413 2126 460 2159 ait,
477 2126 577 2153 mirum
596 2127 705 2154 evenit:
729 2127 812 2162 jussit
832 2128 903 2155 enim
925 2129 1014 2164 opifex

232 2173 259 2196 et
275 2169 392 2198 divisum
404 2176 446 2198 est
464 2179 550 2205 tnare,
574 2179 606 2199 ac
628 2179 763 2208 prter-apta
780 2178 855 2208 petra
873 2175 1015 2203 scaturivit

1054 261 1111 288 ἀλλ’
1125 260 1170 289 οὖν
1184 264 1230 289 καὶ
1245 264 1330 296 οὕτως
1345 264 1450 300 πλήρης
1465 265 1523 292 ἐστὶ
1538 266 1611 292 πᾶσα
1621 266 1638 300 ἡ
1647 265 1703 301 γῆλ
1713 266 1759 291 καί
1773 266 1835 291 ἁπο-

1055 306 1130 335 λαύει
1145 309 1193 344 τῆς
1209 310 1361 345 ἐπισκοπῆς
1377 310 1468 337 αὐτοῦ.

1094 354 1125 381 '0
1144 354 1264 390 ἐγείρων
1290 355 1349 382 ἀπὸ
1376 355 1431 391 γῆς
1463 357 1589 392 πτωχόν.
1619 356 1670 383 Τὸν
1696 355 1836 383 τῶνὲθνῶν

1054 399 1173 435 δηλονότι
1189 401 1261 429 λαόν.

1095 445 1127 472 '0
1136 446 1306 477 κατοικίζων
1315 447 1438 481 στείραν
1449 447 1484 474 ἐν
1494 448 1575 481 οἴκῳ.
1589 448 1686 484 Στείρα
1700 449 1749 484 μὲν
1760 450 1776 484 ἡ
1787 449 1838 475 τῶν

1056 491 1139 518 ἐθνῶν
1163 492 1267 527 πληθὺς
1280 512 1287 524 ,
1311 493 1372 528 ἥτις
1387 493 1434 520 καὶ
1449 492 1521 525 οἶκος
1537 494 1631 528 γέγονε
1647 495 1838 530 πνευματικδς.

1057 537 1105 563 ﬁre
1118 538 1164 564 τὸν
1178 538 1280 574 Κύριον
1294 539 1396 566 ἕνοικον
1409 539 1517 574 ἔχουσα.
1548 540 1644 574 Γέγονε
1663 541 1692 567 δὲ
1708 542 1757 567 καὶ
1777 541 1839 567 πολ-

1055 582 1110 610 λῶν
1123 583 1224 610 τέκνων
1239 585 1332 621 μήτηρ,
1342 585 1399 620 μετ’
1413 585 1589 621 εὐφροσύνης.
1609 585 1712 622 Ἐσώθη
1725 586 1786 622 γὰρ.
1796 588 1841 612 αὑ-

1057 629 1106 664 τῆς
1119 629 1153 656 τὰ
1165 629 1246 656 τέκνα
1256 630 1299 656 διὰ
1312 631 1361 666 τῆς
1373 631 1489 663 πίστεως
1501 632 1550 667 τῆς
1564 633 1603 664 εἰς
1621 632 1748 668 Χριστόν.
1765 633 1840 666 Ἔχει

1057 675 1086 701 δέ
1100 684 1159 701 τινα
1179 676 1226 702 καὶ
1240 676 1440 711 ἀντιδιαστολὴν
1464 677 1530 712 πρὸς
1542 677 1591 713 τὴν
1606 677 1767 713 συναγωγὴν
1779 697 1786 709 ,
1801 678 1840 704 ὅτι

1058 721 1148 756 ἐκείνη
1164 721 1213 747 οὐκ
1226 721 1363 757 εὐφράνθη
1379 722 1425 748 ἐπὶ
1446 723 1502 753 τοῖς
1514 723 1634 755 τέκνοις,
1656 723 1703 750 an
1719 723 1841 758 ἀπωλείᾳ

1059 775 1095 793 πα
1099 767 1293 803 ραδεδομένοις.

1221 845 1370 871 ΨΑΛΜΟΣ
1386 845 1469 871 PII".
1509 845 1692 873 Ἀλληλούῖα.

1370 923 1376 932 ”
1383 924 1442 950 1⁸πό
1444 925 1536 956 θεσις.

1060 993 1114 1019 Καὶ
1130 992 1158 1018 ἐν
1174 990 1262 1026 τούτῳ
1282 992 1298 1026 ἠ
1319 990 1412 1026 κλῆσις
1434 990 1487 1017 τῶν
1501 990 1586 1017 ἐθνῶν
1598 991 1843 1027 κατασημαίνεται.

1095 1036 1257 1063 Διδασκαλία
1269 1044 1299 1061 τε
1312 1035 1380 1071 πρὸς
1394 1035 1473 1061 τοῦτο
1485 1035 1575 1066 αὐτοῖς
1598 1036 1654 1066 τοῖς
1681 1035 1845 1070 σωζομένοις

1095 1082 1141 1108 ἐπὶ
1162 1081 1200 1116 τῷ
1217 1081 1263 1107 καὶ
1278 1080 1327 1116 τὴν
1341 1079 1461 1107 Παλαιὰν
1477 1080 1573 1106 εἰδέναι
1591 1080 1744 1115 Διαθήκην,
1763 1079 1848 1107 οὖσαν

1095 1126 1162 1154 Θεοῦ
1173 1147 1180 1159 ,
1197 1127 1242 1153 καὶ
1255 1126 1303 1161 τὴν
1318 1125 1454 1161 προτέραν
1477 1125 1609 1161 σωτηρίαν
1624 1125 1670 1152 τοῦ
1687 1126 1719 1152 ὲκ
1739 1135 1846 1162 περιτο-

1097 1173 1150 1208 μῆς
1167 1172 1246 1205 λαοῦ,
1263 1171 1307 1198 διὰ
1319 1171 1366 1197 τοῦ
1379 1171 1480 1207 Κυρίου
1495 1170 1688 1206 γεγενημένην.

1102 1220 1149 1245 Ἐν
1160 1218 1253 1251 ἐξόδῳ
1270 1217 1390 1251 Ἰσραήλ
1403 1238 1410 1244 .
1423 1237 1430 1243 .
1443 1236 1450 1243 .
1464 1236 1472 1243 .
1485 1237 1492 1243 .
1506 1236 1514 1242 .
1526 1236 1534 1243 .
1547 1237 1553 1243 .
1568 1236 1574 1243 .
1588 1237 1595 1244 .
1613 1217 1756 1251 Ἐγενήθη
1777 1217 1848 1244 ἰοινί

1061 1265 1130 1292 data
1148 1264 1278 1298 ἀτίασμα
1295 1262 1397 1290 αὑτοῦ.
1426 1262 1507 1294 Ὅτε,
1527 1262 1624 1297 φησὶν,
1639 1262 1784 1298 ἀπηλλάγη
1797 1263 1848 1297 τῆς

1061 1311 1115 1338 τῶν
1141 1309 1295 1344 Αἰγυπτίων
1320 1308 1456 1340 δουλείας·
1471 1308 1532 1334 τότε
1549 1309 1566 1343 ἡ
1588 1308 1699 1334 Ἰουδαία
1721 1309 1847 1344 ἁγίασμα

1061 1353 1143 1381 αὑτοῦ
1159 1353 1279 1387 γέγονεν.
1311 1352 1367 1378 Οὐκ
1388 1351 1469 1378 αὑτοῦ
1491 1351 1519 1378 δὲ
1541 1352 1646 1387 Ἰσραὴλ
1668 1349 1736 1387 ἦρξε
1753 1352 1847 1387 μόνον,

1061 1397 1130 1424 ἀλλὰ
1145 1396 1191 1424 νῦν
1201 1417 1208 1428 ,
1223 1397 1304 1432 φησὶν
1313 1416 1320 1428 ,
1334 1396 1373 1428 εἰς
1390 1396 1479 1423 πάντα
1491 1396 1525 1422 τὰ
1535 1396 1598 1432 ἔθνη
1613 1397 1629 1432 ἡ
1643 1397 1723 1432 χάρις
1733 1397 1844 1424 δίδοται.

1098 1483 1138 1511 Τὰ
1153 1485 1206 1519 ὄρη
1230 1485 1416 1518 ἐσκίρτησαν
1432 1484 1502 1511 ὡσεὶ
1517 1484 1602 1518 κριοί.
1637 1484 1689 1511 Τοῦ
1713 1485 1783 1512 Θεοῦ
1798 1485 1848 1516 τὰς

1062 1531 1221 1565 ἐπιφανείας
1236 1532 1265 1558 ἐν
1277 1531 1367 1563 αὐτοῖς
1378 1531 1548 1566 ποιουμένου,
1563 1531 1643 1557 οἱονεὶ
1656 1531 1790 1566 ἐσκίρτων
1802 1531 1847 1557 ἐπὶ

1062 1578 1094 1612 τῇ
1110 1576 1157 1603 τοῦ
1180 1577 1287 1612 Ἰσραὴλ
1304 1577 1434 1612 σωτηρίᾳ.

1100 1623 1130 1649 TI
1143 1622 1194 1649 σοί
1205 1623 1281 1654 ἐστι,
1295 1621 1444 1653 θάλασσα,
1456 1621 1500 1648 ὅτι
1516 1621 1633 1656 ἔφυγες,
1646 1621 1695 1649 καὶ
1707 1621 1760 1654 σὺ,
1775 1623 1850 1656 Ἰορο

1062 1668 1148 1702 δάνη,
1167 1668 1211 1695 ὅτι
1229 1667 1380 1702 ἐστράφης
1392 1669 1435 1700 εἰς
1448 1668 1484 1694 τὰ
1505 1668 1619 1699 dalata;
1640 1668 1749 1703 Ἐπειδὴ
1764 1668 1848 1701 ἄλογα.

1061 1713 1095 1750 ἦν
1111 1716 1202 1741 ἐκεῖνα
1220 1715 1267 1741 καὶ
1279 1714 1380 1750 ἄψυχα,
1394 1714 1474 1746 αὐτὸς
1487 1715 1601 1741 ποιεῖται
1613 1714 1681 1750 ὑπὲρ
1696 1715 1787 1741 αὐτῶν
1798 1715 1849 1751 τὴν

1062 1759 1217 1794 ἀπόκρισιν.

1105 1805 1176 1832 Ἀπὸ
1191 1805 1351 1840 προσώπου
1370 1805 1480 1839 Kvplov
1494 1805 1643 1838 ἐσαλεύθη
1662 1805 1680 1838 ἡ
1698 1805 1746 1840 γῆ.
1763 1804 1849 1832 Τοῦτο

1063 1851 1186 1883 ἕκαστον,
1198 1851 1274 1887 φησὶ,
1283 1852 1326 1878 διὰ
1336 1851 1381 1878 τὸν
1393 1852 1556 1886 ἐπιφανέντα
1573 1853 1717 1887 γεγένηται
1734 1852 1846 1888 Κύριον.

1064 1896 1171 1931 Ταύτην
1186 1897 1274 1923 αἰτίαν
1288 1897 1337 1932 τῆς
1351 1897 1403 1931 γῆς
1417 1898 1430 1923 ὁ
1443 1897 1536 1929 κλόνος
1554 1898 1598 1924 καὶ
1615 1899 1630 1933 ἡ
1647 1898 1695 1933 τῆς
1710 1897 1848 1933 θαλάσσης

1064 1941 1205 1977 διαίρεσις.
1223 1941 1308 1973 Αὐτὸς
1324 1941 1378 1977 γὰρ
1390 1942 1437 1968 καὶ
1450 1942 1502 1977 τὴν
1511 1942 1607 1976 ἄγονον
1620 1943 1722 1978 πέτραν
1733 1942 1783 1979 τὴν
1797 1943 1850 1969 πά-

1065 1995 1115 2022 σης
1139 1987 1251 2022 ἰκμάδος
1275 1987 1458 2024 ἐστερημένην
1471 2008 1478 2019 ,
1506 1989 1552 2014 καὶ
1567 1988 1634 2024 μηδὲ
1662 1989 1748 2024 τομῆς
1762 1988 1806 2015 διὰ
1819 1988 1853 2021 τὸ,

1065 2032 1220 2068 στερέμνιον
1240 2033 1423 2068 ἁνεχομένην,
1451 2034 1484 2068 τῇ
1508 2033 1655 2069 προσχύσει
1675 2033 1730 2060 τῶν
1745 2034 1850 2061 ὑδάτων

1065 2079 1216 2111 ἐπέκλυσεν,
1243 2080 1334 2114 πηγὰς
1346 2079 1448 2106 ἐκεῖθεν
1460 2079 1562 2106 ὑδάτων
1574 2080 1706 2115 ἀφθόνους
1720 2080 1851 2116 ἀναδοθῆ-

1065 2133 1108 2152 ναι
1122 2125 1263 2157 κελεύσας.
1281 2125 1365 2155 Οὐδὲν
1375 2123 1438 2157 οὖν,
1454 2126 1537 2161 φησὶ,
1553 2125 1708 2160 θαυμαστὸν
1735 2126 1851 2160 γεγένη-

1064 2180 1122 2199 ται·
1139 2170 1289 2207 προσέταξε
1304 2169 1357 2206 γὰρ
1372 2171 1386 2196 ὁ
1403 2170 1526 2205 ποιητὴς,
1540 2170 1587 2196 καὶ
1599 2169 1709 2205 διῃρέθη
1722 2170 1753 2196 τὸ
1768 2170 1850 2197 πέλα-

234 2223 332 2251 aquam
346 2227 353 2244 :
373 2217 474 2245 coelum
490 2225 589 2244 manna
603 2219 796 2253 suppeditavit,
817 2222 890 2248 venti
909 2225 1015 2256 ortygo—

1070 2226 1113 2252 γος
1124 2239 1132 2250 ,
1149 2217 1194 2243 καὶ
1207 2218 1223 2251 ἡ
1238 2216 1390 2251 ἀκρότομος
1404 2215 1499 2243 ἔϐλυσε
1512 2215 1599 2251 πέτρα
1609 2235 1617 2248 ,
1640 2215 1688 2241 καὶ
1708 2216 1727 2241 ὸ»
1737 2215 1853 2251 οὐρανὸς

233 2267 348 2290 metram
365 2269 609 2299 congregaverunt,
623 2269 650 2292 et
663 2265 765 2301 reliqua
781 2267 872 2294 omnia
889 2267 947 2302 ipso
963 2276 1013 2295 an—

234 2313 334 2336 nuente
349 2308 419 2336 facta
440 2315 514 2337 sunt.
544 2313 547 2315 ’

268 2399 289 2428 Ι.
310 2399 370 2426 Non
391 2400 476 2434 nobis,
492 2401 610 2435 Domine,
625 2409 675 2429 non
694 2402 780 2436 nobis,
795 2403 840 2430 sed
857 2404 957 2432 nomini
968 2409 1010 2432 tuo

232 2446 269 2473 da
289 2445 409 2481 gloriam.
433 2446 544 2475 Videtur
562 2448 723 2476 adumbrare
744 2449 848 2484 lapsum
867 2451 959 2485 populi
979 2459 1013 2478 ex

231 2491 443 2520 circumcisione
459 2492 464 2519 Ξ
477 2493 682 2529 orationemque
699 2494 765 2530 ipsis
780 2495 886 2522 tradere
899 2496 932 2523 ad
947 2503 1013 2523 con-

232 2537 390 2571 fessionem,
411 2543 504 2574 utpote
519 2540 566 2574 qui
584 2540 703 2567 divinam
723 2541 850 2568 virtutem
870 2542 1012 2576 inspectri-

232 2590 290 2610 cem
304 2591 336 2611 ac
350 2585 533 2618 providentem
547 2585 616 2613 ultra
631 2593 684 2613 non
697 2587 821 2614 habeant.
832 2586 914 2614 Docet
923 2592 1012 2615 autem

230 2637 279 2657 eos
290 2629 379 2657 dicere.
395 2639 401 2656 :
416 2629 470 2658 Nos
484 2631 594 2665 quidem
618 2631 721 2666 indigni
739 2631 825 2667 gratia
841 2640 937 2660 sumus
958 2641 1012 2668 qua

230 2681 324 2710 gentes
348 2683 443 2703 omnes
457 2676 546 2711 digna:
565 2677 663 2704 habitat
685 2683 758 2704 sunt.
784 2676 883 2705 Verum
903 2683 1012 2713 propter

229 2730 329 2750 nomen
347 2727 436 2752 tuum.
458 2722 531 2757 quod
553 2722 587 2750 ab
604 2723 681 2751 initio
703 2723 857 2751 invocatum
874 2727 916 2751 est
932 2731 1023 2761 super.

230 2776 291 2801 nos,
304 2769 369 2796 illud
383 2776 458 2805 agas.
471 2769 524 2797 Sed
538 2777 572 2797 ne
580 2769 658 2797 nobis
667 2769 779 2805 justitiae
790 2774 842 2797 tuae
855 2770 1011 2797 retributio-

229 2820 291 2840 nem
304 2813 423 2848 dederis,
436 2818 463 2842 tu
479 2815 525 2850 qui
536 2821 600 2844 vere
608 2815 679 2844 Deus
688 2823 728 2849 es,
741 2820 767 2843 et
781 2823 836 2843 non
848 2815 918 2843 sicut
927 2814 996 2843 idola
1005 2834 1012 2847 ,

230 2865 395 2896 quapropter
410 2860 548 2897 sulvjnngit
562 2871 567 2888 :

1067 2263 1220 2299 ἐχορήγησε
1249 2261 1354 2297 μάννα,
1385 2261 1410 2287 οἱ
1441 2261 1534 2295 ἄνεμοι
1563 2260 1612 2296 τὴν
1641 2260 1851 2296 ὀρτυγομήτραν

1068 2309 1263 2345 συνήθροισαν·
1289 2307 1337 2334 καὶ
1362 2306 1445 2334 τᾶλλα
1470 2306 1558 2333 πάντα
1585 2306 1666 2332 αὐτοῦ
1705 2307 1852 2342 γεγένηται

1066 2356 1218 2386 νεύσαντος.

1099 2401 1147 2435 Μὴ
1170 2400 1252 2435 ἡμῖν,
1269 2396 1366 2433 Κύριε,
1379 2398 1422 2433 μὴ
1444 2398 1525 2433 ἡμῖν,
1540 2398 1608 2425 ἀλλ’
1621 2397 1640 2432 ἣ
1664 2397 1706 2430 τῷ
1729 2398 1853 2432 ὀνόματι

1065 2455 1123 2474 σου
1148 2446 1201 2479 δὸς
1223 2445 1437 2478 δόξαν.¹Εοικεν
1451 2443 1615 2471 ὀιίνίττεσθαι
1629 2442 1676 2469 τοῦ
1696 2443 1729 2469 ὲκ
1743 2451 1851 2478 περιτο-

1067 2493 1121 2528 μῆς
1131 2491 1196 2519 λαοῦ
1209 2491 1258 2527 τὴν
1273 2491 1430 2517 ἀπόπτωσιν
1439 2498 1446 2505 -
1455 2489 1538 2525 εὐχήν
1549 2497 1579 2515 τε
1589 2488 1694 2519 τούτοις
1708 2488 1838 2524 παραδιδό
1845 2502 1852 2509 ι

1065 2547 1108 2565 ναι
1123 2537 1190 2573 πρὸς
1202 2535 1403 2572 ἐξομολόγησιν,
1420 2535 1457 2566 ὡς
1480 2534 1576 2569 μηκέτι
1589 2535 1637 2568 τὴν
1649 2532 1852 2560 ἐπισκοποῦσαν

1063 2583 1138 2610 θείαν
1159 2583 1249 2618 ἔχουσι
1274 2581 1397 2616 δύναμιν.
1416 2580 1540 2608 Διδάσκει
1563 2579 1595 2615 δὴ
1613 2579 1702 2612 λέγειν
1718 2578 1756 2610 ὡς
1771 2580 1852 2613 ἡμεῖς

1060 2630 1113 2665 ,μὲν
1125 2628 1228 2662 ἀνάξιοι
1241 2628 1289 2664 τῆς
1304 2627 1414 2663 χάριτος
1424 2625 1458 2664 ἦς
1474 2627 1546 2654 ἃπαν
1560 2625 1634 2657 ἔθνος
1646 2625 1770 2660 ἠξίωται.
1780 2625 1852 2669 init»

1061 2674 1106 2700 διὰ
1118 2674 1148 2700 τὸ
1163 2673 1208 2701 σὺν
1223 2673 1308 2708 ὄνομα
1324 2673 1434 2707 ποίησον
1446 2672 1475 2698 τδ
1491 2671 1520 2704 ἐξ
1544 2671 1630 2707 ἀρχῆς
1645 2669 1792 2704 ἐπικληθὲν
1809 2670 1850 2702 ἐφ’

1066 2721 1148 2756 ἡμᾶς.
1159 2720 1226 2746 Ἀλλ’
1241 2719 1272 2746 οὐ
1294 2718 1464 2753 δικαιοσύνης
1485 2717 1570 2749 διδοὺς
1592 2716 1719 2752 ἀμοιϐὰς,
1734 2715 1800 2746 Θὲδς
1814 2714 1852 2742 ὢν

1067 2767 1201 2802 ἀληθινὸς,
1216 2766 1272 2794 ἀλλ’
1288 2766 1336 2798 οὐγ
1350 2763 1393 2792 οἷοι
1415 2765 1447 2791 τὰ
1463 2764 1572 2800 εἴδωλα]
1591 2763 1686 2799 διόπερ
1701 2762 1849 2798 ἐπήγαγεν·
