1926 3051
57 153 109 184 ιϐθ

609 155 791 185 EXPOSITIO
811 157 844 185 IN
863 157 1029 186 PSALMUM
1048 156 1141 187 CXIV.

1634 155 1686 184 ιτθ

95 213 136 241 Τὰ
157 213 269 240 stantia
291 212 350 239 τῶν
369 209 463 240 ἐθὶθῶν
485 213 625 248 ἀργύριον
645 215 695 241 καί
713 215 852 249 χρυσίον,

940 216 967 242 4.
983 214 1133 242 Simulacra
1150 213 1264 249 gentium
1282 215 1418 248 argentum
1435 215 1459 239 et
1480 219 1587 244 aurum,
1607 219 1686 246 opera

58 258 136 292 ἔργα
152 256 257 292 χειρῶν
268 257 439 291 ἀνθρώπων.
455 258 541 286 Τινῶν
553 259 606 286 τῶν
618 260 790 295 ἀντιγράφων
801 262 852 297 ἁρ-

59 304 114 338 χὴν
127 303 182 337 ἔχει
197 302 284 329 ταῦτα
300 303 392 338 ἐτέρου
410 303 527 338 ψαλμοῦ,
543 304 579 335 ὡς
598 302 666 331 εἶναι
683 305 776 332 τοῦτον
790 306 854 332 ἐκα-

58 348 159 375 τοστδν
181 348 586 384 τεσσαρετκαιδέκατον.Ἡμεῖς
602 350 640 382 δὲ,
658 349 697 385 τῷ
719 350 853 386 Ἐὂραῖκῷ

60 394 250 430 παρεπόμενοι
266 394 354 430 μέρει,
373 392 442 421 εἶναι
455 395 539 422 ταῦτα
554 395 684 431 τιθέμεθα
697 396 744 423 τοῦ
761 398 855 423 ἑκατο-

61 439 127 466 στοῦ
142 440 376 475 τρισκαιδεκάτου.
394 441 570 468 Παιδεύονται
583 442 637 478 γὰρ
659 443 683 468 οἱ
707 443 800 474 παῖδες
814 439 854 474 οἷς

61 486 155 520 ἔλεγεν
167 494 174 501 ·
193 486 317 518 Αινεῖτε,
331 486 444 519 παῖδες.
458 488 583 521 Κύριον”
600 488 737 515 τουτέστιν
760 490 774 515 ὁ
796 488 855 521 νέος

61 530 137 562 λαός.
159 530 238 557 Πθῖσν
250 530 352 566 Κύριον
370 532 504 567 προσῆκόν
518 533 591 559 ἐστιν
605 533 705 566 αἱνεῖν;
723 533 808 561 Αὑτὸν
822 534 854 570 δὴ

61 577 107 602 τὸν
121 576 170 602 ἐπὶ
188 576 243 603 τῶν
262 577 292 609 ἐξ
313 578 449 612 Αἰγύπτου
461 578 578 606 τοσαῦτα
591 580 854 616 τερατουργήσαντα,

65 622 136 657 μετὰ
151 620 200 648 τοῦ
217 621 314 657 μαθεῖν
325 623 412 649 ὁποῖοί
426 632 497 656 τινες
511 622 581 660 ἦσαν
604 625 629 650 οἱ
650 625 734 651 πάλαι
753 626 856 652 τούτων

63 667 130 695 Θεοί.
151 667 193 694 Τὰ
206 667 261 703 γὰρ
275 667 372 694 εἴδωλα
385 669 416 694 οὺ
434 669 512 704 μόνον
534 669 614 696 οὐδὲν
630 667 704 705 εἶχον
714 670 806 705 ὅμοιον
818 669 857 705 τῷ

64 713 325 750 παραδοξοποιοῦντι
348 714 417 750 Θεῷ,
433 715 489 741 ἀλλ’
502 715 562 742 οὐδὲ
589 717 644 747 τοῖς
663 715 716 742 τῶν
728 716 857 752 ἐμψύχων

65 756 203 793 ἐσχάτοις,
218 755 258 790 οἷς
282 759 434 795 αἰσθήσεως
453 761 571 796 μετέχει.
587 761 709 788 Κάκείνα
727 761 775 797 μὲν
789 761 858 797 ἔργα

65 804 145 835 Θεοῦ,
160 803 247 831 ταῦτα
258 804 287 830 δὲ
299 804 396 840 τέχνης
408 806 455 832 ἀνθ
461 806 568 841 ρώπων.
583 807 758 835 Διδάσκονται
772 807 801 834 δὲ
813 807 857 833 λέ-

66 859 140 884 γειν·
160 851 269 886 Ὅμοιοι
289 852 391 885 αὐτοῖς
410 852 553 887 γένοιντο.
566 853 622 880 Οὐκ
636 853 788 889 ἀνθρώποις
807 855 856 881 ὲπ-

66 895 214 932 αρώμενοι.
230 897 409 933 Μανθάνομεν
423 898 451 924 δὲ
462 896 516 925 οἷον
530 899 560 925 τὺ
575 899 624 934 τῆς
640 886 856 935 εἰδωλολατρείας
873 886 894 915 B

66 941 143 973 τέλος
156 942 312 970 ἀπόκειται.
330 943 361 969 Οἱ
373 943 427 979 γὰρ
440 944 607 980 ἀναισθήτως
623 945 800 980 ἐπανέχοντες
813 945 859 971 οὐ·

64 986 112 1014 τὲν
128 987 217 1014 αὐτῶν
230 988 302 1015 κατὰ
314 988 426 1024 γνώμην
439 989 592 1017 διοίσουσιν.
602 990 741 1026 Τοσαύτην
757 990 859 1026 βλάϐην

69 1033 160 1065 αὐτοῖς
170 1034 220 1069 τῆς
228 1034 437 1070 ὲμφωλευούσης
444 1035 602 1071 δαιμονικῆς
611 1036 750 1072 ἐνεργείας
766 1037 859 1064 ποιού-

71 1085 130 1112 σης·
730 1090 733 1094 τ

76 1216 79 1218 Ι
107 1177 221 1212 Ὅμοιοι
245 1178 349 1211 αὐτοῖς
373 1178 508 1213 γένοιντο
533 1180 560 1206 οι
588 1180 746 1214 ποιοῦντες
773 1180 859 1208 αὐτά.

71 1223 199 1249 Ἔσονται
216 1223 302 1255 οὕτως
320 1224 509 1260 ἀπολλύμενοι,
527 1225 564 1257 ὡς
580 1225 615 1253 τὰ
629 1227 759 1262 χρήματα
777 1228 824 1254 καὶ
837 1228 861 1253 οἱ

69 1268 280 1304 θησαυρίζοντες
296 1269 382 1297 αὐτάρ

107 1311 196 1346 οἶκος
216 1313 340 1348 Ἰσραὴλ
358 1315 489 1349 ἤλπισεν
506 1315 556 1342 ἐπὶ
578 1315 698 1350 Κύριον.
715 1316 806 1343 Ταῦτα
828 1316 863 1344 τὰ

68 1358 134 1395 ἔθνη
157 1360 250 1393 φασὶν,
282 1360 333 1392 ὅτι,
365 1361 459 1396 ὥσπερ
488 1362 571 1389 πάλαι
598 1362 781 1390 πιστεύσαντα
817 1363 863 1390 τὸν

75 1403 183 1440 Ἰσραὴλ
195 1404 306 1438 ἔσωσεν,
323 1405 393 1433 οὕτω
404 1407 451 1433 καὶ
462 1407 509 1434 νῦν
530 1407 564 1433 τὰ
578 1407 640 1443 ἔθνη
657 1408 748 1436 σώσει.
766 1411 798 1436 οι
808 1408 863 1444 γὰρ

68 1450 249 1484 φοϐούμενοι
274 1451 328 1478 τὸν
349 1451 469 1486 Κύριον,
486 1452 519 1479 τὰ
533 1453 596 1488 ἔθνη
612 1451 667 1480 εἷεν
683 1454 724 1482 ἄν.
734 1454 862 1488 ’Υπεξαι-

70 1496 204 1531 ρουμένου
217 1496 272 1532 γὰρ
286 1497 332 1523 τοῦ
343 1497 418 1524 οἴκου
436 1498 553 1533 Ἰσραὴλ,
564 1499 685 1525 τουτέστι
702 1499 802 1531 παντὸς
816 1500 862 1527 τοῦ

69 1541 202 1577 πλήθους,
221 1543 268 1569 καὶ
283 1543 330 1569 τοῦ
343 1543 418 1570 οἴκου
436 1543 540 1580 Ἀαρὼν
557 1544 605 1571 καὶ
623 1544 670 1571 τοῦ
687 1545 761 1572 οἴκου
778 1546 861 1572 Λευῖ-

68 1587 148 1619 τίνας
164 1588 273 1624 ἑτέρους
294 1587 363 1615 εἶναι
378 1589 520 1624 συμϐαίνει
539 1591 602 1621 τοὺς
621 1590 804 1626 φοϐουμένους
818 1591 864 1618 τὸν

70 1632 185 1668 Κύριον,
199 1633 216 1668 ἦ
231 1633 276 1660 τὸν
291 1634 320 1667 ἐξ
336 1634 420 1661 ἐθνῶν
435 1634 515 1668 λαόνς

105 1679 255 1712 Προσθείη
280 1678 388 1713 Κύριος
407 1680 454 1714 ἐφ’
471 1680 559 1715 ἡμᾶς,
574 1680 620 1715 ἐφ’
637 1681 716 1716 ἡμᾶς
741 1682 789 1708 καὶ
814 1683 864 1709 ἐπὶ

69 1724 143 1758 τοὺς
158 1725 242 1758 υἱοὺς
254 1725 347 1760 ἡμῶν.
368 1727 453 1759 Αὐτὸς
469 1728 523 1763 γάρ
536 1728 608 1754 ἐστιν
631 1725 661 1754 οὗ
685 1729 747 1757 τοὺς
766 1729 865 1764 νόμους

70 1771 315 1807 φυλάττομεν.’¹ῐν;ι
329 1772 383 1808 γὰρ
401 1772 438 1809 μὴ
449 1774 547 1810 νομίσῃ
561 1783 602 1806 τις
614 1774 693 1801 ἄλλου
705 1775 778 1806 τινος
795 1774 865 1802 εἶναι

70 1818 120 1852 τὴν
131 1816 175 1843 διὰ
188 1817 327 1850 Μωῦσέως
342 1819 512 1853 νομοθεσίαν,
524 1819 577 1855 πρὸ
591 1820 640 1855 τῆς
653 1819 754 1846 τούτων
765 1821 865 1853 δόσεως

68 1861 106 1886 τὰ
132 1861 197 1896 περὶ
212 1862 263 1897 τῆς
279 1863 459 1897 κοσμοποιίας
471 1865 613 1899 παρέδωκε
625 1873 631 1880 ⁸
645 1865 678 1891 δι’
690 1863 723 1900 ἦς
737 1865 785 1892 ἕνα
798 1866 864 1894 Θεὸν

69 1905 141 1934 εἶναι
156 1905 288 1940 διδάσκει,
302 1908 336 1935 τὰ
352 1909 381 1936 δὲ
394 1909 475 1936 λοιπὰ
488 1910 599 1945 γενητὰ.

109 1954 172 1987 οὺχ
200 1955 227 1980 οἱ
254 1955 354 1989 νεκροὶ
376 1955 535 1984 αἱνέσουσι
556 1964 604 1988 σε,
629 1958 727 1993 Κύριε.
742 1958 864 1994 Νεκροὺς

70 1999 152 2026 καλεῖ
163 2000 227 2032 τοὺς
243 2001 296 2027 τῶν
311 2001 444 2036 δαιμόνων
462 2002 643 2038 Θεραπευτὰς,
656 2005 719 2036 τοὺς
734 2004 770 2040 μὴ
787 2004 865 2038 ἔχον-

71 2054 120 2078 τας
132 2048 162 2073 ἐν
175 2047 266 2079 αὐτοῖς
281 2048 331 2084 τὴν
346 2048 429 2084 ζωὴν,
442 2049 565 2077 τουτέστι
580 2050 629 2086 τὴν
645 2051 744 2085 γνῶσιν
755 2050 800 2078 τοῦ
818 2051 866 2087 μό-

72 2101 119 2119 νου
135 2092 213 2119 Θεοῦ.

245 2139 432 2174 ’Λλλτιλούϊα.
451 2142 606 2169 ΨΑΛΜΟΣ
620 2143 697 2169 ΡΙΔ’.

391 2187 552 2221 Ύπόθεο-ις.

905 268 1031 288 manuum
1051 261 1194 287 hominum.
1218 258 1247 286 In
1263 258 1436 294 'quibusdam
1463 257 1686 292 exemplaribus,

904 306 961 333 haec
972 310 1036 334 sunt
1053 305 1159 332 initium
1174 305 1287 332 alterius
1300 304 1409 339 psalmi,
1426 303 1463 330 ita
1475 307 1505 331 ut
1519 303 1565 330 hic
1578 303 1614 330 sit
1623 310 1688 330 cen-

905 351 1019 379 tesimus
1041 351 1164 379 decimus
1184 354 1309 386 quartus.
1333 349 1390 377 Nos
1407 354 1497 377 autem
1521 349 1687 376 llebraieum

905 403 1059 434 sequentes,
1076 399 1133 427 haec
1147 403 1251 435 partem
1266 407 1326 427 esse
1341 399 1487 426 statuimus
1504 397 1603 433 psalmi
1625 404 1689 424 cen-
1716 427 1719 431 _

905 443 994 470 tesimi
1008 444 1106 471 decimi
1124 444 1206 471 tertii.
1223 443 1359 472 Doeentur
1370 444 1443 471 enim
1457 443 1534 478 pueri
1545 442 1644 478 quibus
1653 442 1690 469 di-

905 489 946 518 xit
963 490 1114 524 :Laudate,
1130 492 1224 526 'pueri,
1251 491 1391 517 Dominum
1411 490 1432 506 ¹⁷
1451 498 1459 522 ;
1476 489 1503 516 id
1527 493 1579 521 est,
1601 496 1690 516 novus

906 535 1034 570 populus.
1064 535 1183 571 Ecquem
1212 536 1359 564 Dominum
1390 534 1502 562 laudare
1534 534 1664 561 convenit
1677 533 1697 571 ?_,

906 565 997 616 Ipsum
1012 589 1087 613 sane,
1103 565 1149 617 qui
1164 582 1191 609 in
1206 581 1348 617 [Egyptios
1364 585 1439 608 tanta
1453 579 1577 616 prodigia
1594 565 1699 618 edidit:

907 630 1051 659 postquam
1076 625 1227 653 didicerunt
1253 626 1348 661 quales
1371 625 1471 653 fuerint
1489 625 1554 652 olim
1580 625 1691 652 illorum

907 669 954 697 dii.
973 669 1048 698 Idola
1060 670 1133 698 enim
1151 670 1250 698 nedum
1262 671 1412 705 quidquam
1427 669 1515 698 simile
1528 670 1583 697 Deo
1595 669 1691 704 prodi~

907 716 951 750 gia
967 716 1092 751 operanti
1108 717 1250 748 haberent,
1266 724 1300 744 ne
1321 716 1423 744 inlimis
1442 715 1551 750 quidem
1568 714 1694 742 animali-

908 762 960 790 bus
974 763 1075 797 quibus
1090 770 1188 790 sensus
1209 767 1251 790 est
1267 762 1418 797 quidpiam,
1433 763 1510 796 paria
1524 765 1611 789 erant.
1624 760 1693 788 Nam

909 809 954 837 illa
966 806 1077 845 quidem
1093 814 1157 837 sunt
1175 809 1221 836 Dei
1236 816 1329 843 opera.
1347 809 1406 836 haec
1424 813 1515 835 autem
1528 807 1611 839 idola,
1626 807 1693 834 artis

910 855 1056 882 humanze:
1072 855 1207 882 docentur
1223 859 1314 881 autem
1332 853 1422 881 dicere
1441 862 1449 880 :
1468 853 1575 880 Similes
1594 852 1647 879 illi:
1661 853 1695 887 ﬁ-

910 906 965 927 ant.
981 899 1040 927 Non
1057 900 1129 935 quod
1143 899 1301 927 hominibus
1323 899 1394 926 mala
1415 903 1570 934 precentur.
1587 897 1696 924 Edisci»

910 954 972 974 mus
986 951 1076 974 autem
1098 946 1145 981 qui
1160 946 1223 974 ﬁnis
1243 945 1405 973 idololatriae
1420 945 1564 980 deputatus
1581 945 1626 971 sit.
1645 943 1696 976 Qui

911 992 984 1018 enim
1001 991 1080 1026 quasi
1094 998 1178 1019 sensu
1189 995 1314 1019 carerent
1325 990 1406 1017 idolis
1423 990 1544 1017 animum
1556 988 1696 1020 adhibent,

912 1035 981 1062 nihil
999 1035 1034 1063 ab
1051 1036 1092 1063 eis
1108 1035 1260 1063 secundum
1284 1040 1405 1063 mentem
1421 1034 1558 1062 diﬂ‘crunt.
1580 1033 1697 1060 Tantum

912 1081 1017 1108 scilicet
1030 1081 1097 1116 ipsis
1111 1081 1267 1109 nocumenti
1288 1081 1405 1109 afferunt
1417 1080 1572 1108 daemonum
1592 1079 1645 1106 illa:
1659 1078 1698 1105 la-

911 1127 1021 1154 titantes
1039 1127 1153 1155 insidiae.

946 1173 972 1200 8.
988 1172 1093 1201 Similes
1113 1173 1167 1201 illis
1193 1173 1260 1208 ﬁant
1281 1174 1326 1208 qui
1348 1173 1449 1207 faciunt
1473 1180 1516 1199 ea.
1533 1170 1651 1198 Perinde
1670 1170 1698 1197 in

912 1220 1061 1255 perniciem
1084 1220 1173 1253 ibunt,
1191 1224 1274 1256 atque
1285 1219 1385 1247 divitia:
1401 1223 1429 1247 et
1445 1218 1462 1245 ii
1482 1218 1530 1253 qui
1547 1217 1700 1245 recondunt

913 1270 984 1297 illas.

948 1316 974 1343 9.
996 1314 1094 1342 Domus
1109 1313 1197 1340 Israel
1212 1313 1325 1348 speravit
1337 1312 1366 1338 in
1377 1311 1501 1344 Domino,
1514 1314 1567 1338 etc.
1582 1309 1645 1337 Haec
1658 1309 1701 1336 di-

913 1365 979 1390 cunt
993 1365 1087 1395 gentes
1106 1369 1112 1387 :
1124 1359 1198 1395 quod
1212 1359 1317 1387 scilicet
1327 1357 1558 1393 quemadmodum
1568 1356 1632 1383 olim
1643 1363 1701 1383 cre-

912 1408 1018 1435 dentem
1037 1407 1121 1435 lsracl
1141 1407 1246 1434 salvum
1267 1404 1352 1438 fecit;
1375 1404 1412 1432 ita
1436 1406 1463 1431 et
1479 1410 1553 1430 nunc
1575 1401 1706 1436 gentibus.

913 1455 1028 1482 salutem
1047 1453 1157 1481 tribuet.
1177 1452 1244 1480 Nam
1262 1453 1305 1488 qui
1319 1452 1408 1478 timent
1434 1449 1585 1482 Dominum,
1600 1449 1618 1476 ii
1634 1455 1701 1483 gen-

915 1503 955 1526 tes
971 1498 1082 1526 fuerint.
1100 1497 1212 1525 Sublata
1226 1497 1326 1532 quippe
1340 1497 1423 1524 domo
1434 1495 1526 1527 Israel,
1541 1495 1566 1522 id
1575 1499 1618 1522 est
1626 1493 1703 1521 omni

914 1543 1099 1575 multitudine,
1123 1547 1150 1569 et
1172 1542 1254 1569 domo
1276 1541 1367 1568 Aaron
1389 1545 1472 1575 atque
1489 1539 1554 1567 Levi
1572 1539 1639 1574 ;qui
1655 1538 1702 1565 alii

915 1596 975 1616 csse
989 1588 1094 1623 possint
1104 1588 1151 1623 qui
1167 1588 1263 1616 timent
1279 1587 1435 1619 Dominum,
1453 1586 1507 1614 nisi
1528 1585 1636 1621 gentilis
1650 1592 1701 1619 po-

914 1635 1005 1670 pulus.

951 1681 995 1708 Η.
1013 1680 1130 1714 Adjiciat
1146 1679 1274 1706 Dominus
1289 1687 1367 1714 super
1385 1687 1441 1711 nos,
1458 1686 1535 1713 super
1555 1685 1600 1704 nos
1615 1682 1643 1703 et
1657 1685 1702 1703 su-

915 1734 960 1760 per
971 1725 1040 1760 ﬁlios
1057 1729 1170 1751 nostros.
1194 1723 1253 1759 Ipse
1271 1729 1388 1758 namque
1401 1727 1443 1750 est
1462 1722 1541 1757 cujus
1564 1721 1636 1756 leges
1651 1721 1702 1748 ob-

915 1779 1065 1800 servamus.
1092 1770 1132 1799 Ne
1157 1771 1258 1805 cogitet
1284 1770 1357 1797 enim
1381 1769 1517 1804 quispiam
1542 1767 1613 1795 alius
1641 1775 1702 1795 esse

915 1818 1002 1853 legem
1022 1816 1124 1852 Moysis
1142 1825 1149 1849 ;
1166 1821 1229 1843 ante
1243 1816 1327 1850 leges,
1344 1815 1439 1842 mundi
1457 1814 1625 1842 creationem
1647 1818 1702 1841 tra-

915 1863 983 1890 didit
1000 1872 1007 1890 :
1023 1870 1070 1897 per
1091 1869 1173 1897 quam
1190 1861 1270 1888 docet
1290 1868 1375 1888 unum
1396 1867 1458 1888 esse
1479 1859 1576 1892 Deum,
1596 1859 1702 1895 reliqua

915 1917 980 1937 vero
997 1908 1079 1936 facta.

951 1955 995 1982 l7.
1015 1954 1076 1982 Non
1098 1954 1196 1981 mortui
1214 1952 1359 1980 laudabunt
1381 1956 1415 1983 te,
1438 1951 1558 1978 Domine.
1580 1950 1702 1978 Mortuos

915 2004 995 2027 vocat
1009 2000 1165 2027 daamonum
1186 1998 1317 2029 cultores,
1332 1997 1379 2032 qui
1391 2005 1446 2024 non
1460 1997 1561 2025 habent
1575 1997 1602 2024 in
1618 2003 1647 2024 se
1661 1995 1702 2023 vi-

917 2051 982 2080 tam,
999 2045 1026 2074 id
1039 2050 1080 2074 est
1100 2045 1186 2073 solius
1198 2044 1245 2072 Dei
1262 2043 1456 2079 cognitionem.

1099 2137 1222 2167 Alleluia.
1240 2133 1410 2164 PSALMUS
1424 2133 1526 2162 CXIV.

1208 2185 1408 2219 Argumentum.

79 2230 124 2258 'Ev
137 2230 225 2266 τούτῳ
234 2231 328 2265 ἀγῶνα
340 2232 394 2258 τῶν
403 2233 451 2268 τὴν
461 2232 641 2269 εὐαγγελικὴν
653 2234 789 2261 πολιτείαν
803 2244 861 2270 μετ-

918 2231 945 2259 In
965 2232 1017 2260 hoc
1033 2230 1169 2267 signiﬁcat
1186 2235 1326 2257 certamen
1340 2236 1436 2257 eorum
1452 2227 1498 2263 qui
1518 2226 1704 2262 evangelicum

107 2276 265 2311 ερχομένων
281 2278 418 2312 σημαίνει,
436 2279 482 2306 καὶ
494 2279 543 2314 τὴν
559 2279 629 2306 κατὰ
641 2280 706 2306 Θεὸν
721 2280 810 2307 αὐτῶν
826 2281 865 2307 νί-

108 2331 171 2358 κην,
189 2323 236 2350 καὶ
251 2323 296 2350 τὸν
311 2324 438 2359 ἐσόμενον
454 2325 523 2366 ὑπὲρ
544 2326 598 2354 τῶν
618 2327 705 2353 πόνων
723 2327 863 2361 στέφανον.
883 2338 886 2341 ί

114 2368 279 2404 Ὴγάττησα,
293 2369 336 2395 ὅτι
352 2372 560 2398 εὶσακούσεται
573 2373 679 2405 Κύριος
693 2372 748 2406 τῆς
762 2373 865 2407 φωνῆς

72 2416 129 2449 τῆς
145 2416 277 2450 δεήσεώς
287 2426 357 2451 μου.
375 2418 430 2444 Καὶ
445 2417 665 2453 τίνα-ὴγάπησε;
690 2418 792 2454 Κύριον
818 2417 864 2445 τὸν

72 2463 140 2488 Θεὸν
163 2462 194 2494 ἐξ
216 2463 279 2498 ὅλης
296 2464 419 2499 καρδίας,
437 2464 483 2490 καὶ
501 2464 530 2497 ἐξ
545 2465 610 2500 ὅλης
629 2464 756 2496 διανοίας,
773 2463 820 2491 καὶ
834 2463 864 2496 ἐξ

72 2509 138 2544 ὅλης
159 2508 264 2544 ἰσχύος·
292 2510 339 2536 καὶ
365 2510 414 2545 τῆς
435 2510 543 2546 ἀγάπης
568 2510 662 2545 μισθὸν
687 2511 793 2544 ἐδέξατο
815 2511 864 2546 τὴν

73 2556 206 2590 ὑπακοήν.

110 2599 165 2627 Καὶ
184 2600 219 2626 ἐν
241 2600 307 2634 ταῖς
329 2601 454 2635 ἡμέραις
472 2611 532 2636 μου
555 2602 782 2637 ἐπικαλέσομαι.
810 2603 864 2629 Καὶ

73 2644 166 2676 ποίαις
181 2645 310 2681 ἡμέραις,
325 2646 342 2682 ἢ
361 2648 419 2678 ταῖς
434 2647 479 2673 τοῦ
493 2647 608 2682 ἀγῶνος,
621 2648 664 2674 ὅτε
680 2648 864 2674 ἐκινδύνευσεν

74 2690 157 2716 ιι)τοῦ
172 2691 189 2725 ἡ
206 2691 279 2726 ψυχή
292 2700 299 2723 ;

111 2734 278 2769 Περιέσχον
298 2744 337 2769 με
361 2735 464 2769 ὠδῖνες
485 2737 624 2765 θανάτου.
640 2738 695 2773 Τὴν
713 2738 865 2774 ὑπερϐολὴν

77 2780 278 2815 κατασημαίνει
291 2781 344 2807 τῶν
357 2781 483 2816 θλίψεων,
503 2783 556 2811 τῶν
571 2784 721 2820 γενομένων
734 2784 808 2820 αὑτῷ
821 2785 865 2812 διὰ

117 2866 137 2883 ¹¹¹
157 2865 230 2894 Psal.
247 2874 314 2898 exn,
331 2867 355 2894 I.

955 2279 1017 2306 vitae
1035 2277 1189 2305 institutum
1214 2276 1329 2312 ingressi
1354 2279 1429 2307 sunt,
1452 2280 1603 2308 eorumque
1620 2272 1706 2301 victo—

953 2324 1023 2351 riam
1040 2322 1088 2349 Dei
1105 2326 1172 2349 nutu
1196 2326 1370 2357 reportatum,
1383 2324 1410 2348 et
1425 2319 1546 2347 futuram
1563 2325 1612 2353 pro
1628 2318 1705 2346 [al.0-

955 2370 1031 2397 ribus
1047 2375 1186 2397 coronam.

954 2416 1053 2449 Dilexi,
1070 2416 1195 2450 quoniam
1210 2414 1332 2441 exaudiet
1345 2413 1474 2440 Dominus
1486 2419 1571 2439 vocem
1580 2411 1706 2439 arationis

917 2469 992 2489 meae.
1017 2461 1137 2496 Ecquem
1161 2460 1282 2488 dilexit?
1305 2459 1450 2487 Dominum
1483 2458 1569 2485 Deum
1593 2465 1625 2484 ex
1649 2461 1707 2484 toto

917 2508 998 2535 corde
1020 2512 1047 2534 et
1060 2514 1095 2534 ex
1116 2511 1171 2534 tota
1188 2510 1287 2538 mente,
1304 2509 1332 2533 et
1354 2513 1387 2533 ex
1412 2509 1468 2532 tota
1485 2504 1583 2531 virtute
1599 2511 1611 2536 ς
1632 2507 1659 2529 et
1678 2503 1705 2529 iu

919 2553 1074 2581 dilectionis
1090 2553 1231 2587 puerilium
1247 2551 1387 2580 exaudivit
1402 2551 1479 2578 illum
1501 2549 1582 2577 Deus.
1709 2548 1717 2569 ί

952 2600 979 2626 2.
997 2599 1030 2626 Et
1045 2600 1072 2626 in
1092 2598 1182 2626 diebus
1198 2600 1262 2626 meis
1278 2598 1414 2626 invocabo.
1432 2598 1465 2625 Et
1484 2597 1512 2624 in
1529 2596 1630 2631 quibus
1647 2594 1705 2621 die—

917 2647 969 2675 bus
984 2655 991 2680 ;
1007 2647 1058 2674 nisi
1080 2646 1106 2673 in
1128 2647 1225 2674 diebus
1240 2645 1400 2674 certaminis
1417 2653 1480 2673 cum
1497 2644 1557 2680 ejus
1572 2642 1663 2670 anima
1679 2642 1705 2668 ll

916 2692 1038 2727 pericqu
1051 2692 1211 2719 versabatur
1223 2691 1235 2718 τ

916 2753 928 2763 ιη
952 2738 978 2765 3.
997 2736 1231 2765 Circumdederunl
1245 2744 1286 2763 me
1305 2735 1407 2762 dolores
1430 2733 1531 2761 mortis.
1556 2729 1704 2757 Vehemen-

920 2783 985 2811 tiam
1001 2782 1137 2819 signiﬁcat
1152 2782 1339 2816 alllietionum,
1358 2788 1418 2817 quze
1434 2779 1485 2814 ipsi
1498 2775 1705 2813 pietatis-causa
