1926 3051
25 165 76 192 ΓΠ

573 162 756 191 ΕΧΡΟΞΙΤΙΟ
775 160 809 189 IN
830 161 999 191 PSALMUM
1020 163 1125 192 CXVII.

1608 165 1662 195 ιτς

26 233 82 257 τοις
96 222 320 254 ἐπιϐουλεύοντες
336 222 473 259 ἄνθρωποι
490 223 584 258 μόναις
601 223 747 260 θαρροῦσιν
770 224 818 260 ἀρ-

878 224 986 257 liantes,
1004 225 1071 253 solis
1082 232 1131 252 con
1137 224 1222 252 ﬁdunt
1235 225 1434 261 principalibus
1443 231 1469 253 et
1480 227 1661 261 potestatibus

26 272 88 307 χαῖς
113 278 143 297 τε
167 269 214 296 καὶ
238 269 409 301 δυναστείαις
425 269 586 305 ἀνθρώπων.
604 270 641 296 Τὸ
663 270 701 302 δὲ,
725 270 823 296 πάντα

26 318 62 347 τὰ
79 317 164 351 ἔθνη,
176 315 369 351 ὑπερϐολικὸν·
386 315 434 351 τὴν
449 316 503 351 γὰρ
521 316 648 343 Ἰουδαίαν
661 317 750 343 πᾶσαν
761 316 824 342 ἐκύ-

26 364 110 390 κλουν
142 362 233 389 πάντα
259 362 294 389 τὰ
319 361 440 397 ἐθνη.“Η
470 362 602 398 παρέοικε
625 362 679 398 τῆν
696 363 748 395 Εἰς
770 362 823 394 τὰς

27 409 140 443 αρωΐας
154 409 333 436 ἀπέκτεινον
347 408 462 441 πάντας
474 409 546 441 τοὺς
560 408 752 443 ἁμαρτωλοὺς
768 407 823 442 τῆς

27 454 99 490 τῆς·
115 455 216 491 δηλαδὴ
235 455 298 486 τοὺς
312 454 445 490 ἐμπαθεῖς
461 454 608 490 λογισμοὺς
621 455 674 480 ὑπὸ
688 453 823 489 δαιμόνων

29 503 238 537 ἐπαγομένους,
271 502 318 528 καὶ
345 501 440 536 λόγους
481 502 611 536 ὲπαφεῖεν
639 501 823 536 σοφιστιχοὺς.

29 550 122 577 Ταῦτα
138 549 193 585 γὰρ
207 548 357 584 ἀνατρέψει
369 547 404 574 τὰ
414 546 570 582 ἔθνη.Ἐσθ¹
584 547 628 573 ὅτε
644 547 689 573 καὶ
705 546 824 581 ἀναιρεῖ-

29 605 73 623 ται
98 595 213 626 τούτους
238 594 382 629 ἐπικλήσει
403 593 481 626 Θεοῦ,
500 592 550 624 τὰς
573 592 726 628 παθητικὰς
742 591 822 618 ἐκκό-

30 651 105 669 πτων
122 641 220 677 ὁρμὰς,
237 641 285 667 καὶ
302 639 398 674 λόγους
414 638 574 674 ἀνατρέπων
595 637 776 672 σοφιστικούς.
792 638 822 663 Οἱ

29 689 57 715 δὲ
73 687 208 724 κηφῆνες,
225 687 286 718 ταῖς
302 685 438 721 μελίτταις
454 684 641 720 παρεοικότες,
651 683 687 715 ὼς
700 683 746 709 καὶ
761 682 823 708 λαν-

31 734 123 760 θάνειν
140 733 204 764 τοὺς
220 731 394 766 ἀγνοοῦντας,
409 731 439 756 οὺ
453 729 565 766 κέντρον
579 728 696 764 ἔχουσιν,
712 728 761 754 οὐκ
775 728 823 763 ὲρ-

31 779 160 814 τάξονται
175 777 256 812 μέλι’
274 776 353 812 σῶμα
370 775 398 802 δὲ
421 775 512 810 μεῖζον
529 774 645 810 ἔχοντες,
663 773 717 800 τῶν
733 773 824 808 μελιτ-

31 825 84 852 τῶν
103 825 136 852 τὸ
156 825 237 860 ἔργον
259 822 407 849 ἐσθίουσιν·
430 820 477 853 οὒς
497 821 544 847 καὶ
564 819 748 855 διαφθείρουσι
764 819 822 854 μετ’

32 871 154 907 ἀλλήλων
170 870 198 896 αἱ
217 869 339 905 μέλιτται
355 866 657 902 συνιστάμεναι.¹Εστιν
674 863 720 891 οὖν
734 865 750 900 ἡ
766 865 824 891 Ἐκ-

32 916 130 952 χλησὶα
156 915 288 951 μέλισσα·
307 912 498 950 μελιττουργὸς
522 912 550 938 δὲ
571 912 588 947 ἡ
611 912 662 947 τὴν
684 910 730 937 τοῦ
754 910 822 937 Θεοῦ

33 962 194 999 προτιμῶσα
206 961 301 996 σσγρίαν
310 969 317 975 ·
328 958 362 996 ἦς
372 960 435 991 τοὺς
448 959 545 990 πόνους
559 958 676 993 βασιλεῖς
690 957 738 985 καὶ
751 951 832 984 ίδιῶτ⁶

33 1017 76 1035 ται
93 1008 162 1043 πρὸς
177 1007 273 1042 ὑγείαν
289 1006 499 1042 προσφέρονται,
517 1004 618 1039 καίπερ
635 1003 764 1034 ἀσθενοῦς
776 1002 822 1030 ob-

34 1062 97 1090 σης·
120 1053 192 1080 κατὰ
207 1053 249 1084 τὺ,
264 1052 313 1086 Μὴ
329 1053 363 1079 ἑν
385 1051 483 1078 πειθοῖ
503 1051 613 1086 σοφίας
635 1050 824 1085 ἀνθρωπίνης

33 1102 104 1136 ἔχειν
117 1100 149 1127 τὸ
162 1100 402 1135 κήρυγμα.”ομως
416 1098 472 1134 ἔχει
490 1098 520 1124 τὸ
541 1098 652 1133 κέντρον
673 1098 702 1125 ὲν
715 1096 825 1124 ἀποδεί-

34 1147 73 1181 ξει
87 1146 242 1182 πνεύματος
263 1146 309 1173 καὶ
331 1145 472 1181 δυνάμεως
489 1144 567 1176 Θεοῦ,
581 1143 627 1171 τὸν
643 1144 692 1178 τῆς
708 1143 826 1174 πίστεως

32 1193 130 1229 ἔχουσα
141 1193 220 1227 λόγον
230 1200 237 1207 “
251 1192 289 1224 ὡς
301 1192 347 1218 καὶ
358 1192 480 1227 ἀναιρεῖν
493 1191 543 1223 τὰς
557 1191 685 1226 αἱρέσεις,
700 1189 826 1224 καθάπερ

33 1239 170 1274 κηφῆνας,
187 1238 292 1273 ἐλέγχῳ
304 1237 408 1269 ταύτας·
419 1236 600 1272 διχοτομοῦσα
613 1236 663 1271 τῆς
677 1235 805 1270 ἀληθείας
818 1255 824 1261 .

32 1285 88 1311 Μία
103 1284 153 1319 μὲν
167 1285 184 1318 ή
202 1284 342 1318 τιμήσασα
362 1282 412 1318 τὴν
433 1282 528 1317 σοφίαν
542 1282 591 1308 τοῦ
611 1281 676 1308 Θεοῦ
692 1281 806 1317 μέλισσα
817 1289 825 1296 ·

33 1329 127 1356 πολλαὶ
140 1329 169 1355 δὲ
183 1329 231 1364 τῆς
246 1328 293 1354 τοῦ
306 1327 374 1354 Θεοῦ
390 1327 485 1362 σοφίας
499 1327 673 1362 ἀπέστησαν·
691 1326 721 1352 οὐ
739 1326 827 1361 μέλισ-

33 1384 88 1407 σαι,
106 1375 164 1402 ἀλλ’
180 1375 218 1406 ὡς
236 1375 362 1410 μέλισσαι
379 1374 504 1410 κηφῆνες
527 1373 714 1408 ὑπάρχουσαι·
732 1373 827 1408 βουλό-

33 1430 109 1457 μενοι
132 1422 184 1456 τῆς
208 1422 273 1457 μιᾶς
294 1421 431 1448 ἀναλῶσαι
453 1420 484 1447 τὸ
503 1420 575 1456 μέλι,
589 1420 636 1447 καὶ
650 1420 715 1446 ὡσεὶ
731 1419 786 1455 πῦρ
800 1421 829 1447 ὲν

31 1469 164 1500 ἀκάνθαις
187 1468 359 1495 ὲκκαίονταιθ
375 1467 406 1494 τὸ
427 1467 480 1503 γὰρ
504 1467 615 1502 αἰσχρὸν
638 1465 791 1502 ἐπιθυμιῶν
803 1467 828 1493 oi

35 1514 90 1541 ἀπὸ
111 1514 166 1541 τῶν
192 1514 324 1550 αἱρέσεων
350 1513 491 1540 ὲκκαίουσι
516 1512 591 1548 πῦρο
605 1511 696 1543 καθώς
718 1520 800 1547 φησιν
814 1511 828 1537 ὁ

807 895 860 923 :B

875 270 1028 298 hominum.
1045 270 1113 298 Illud
1140 275 1241 304 autem.
1271 279 1359 298 omnes
1379 277 1477 307 gentes,
1491 272 1663 308 hyperbolice

874 317 975 344 dictum
995 326 1001 344 :
1018 325 1080 344 nam
1103 317 1224 344 Judaeum
1243 325 1350 344 omnem
1377 319 1584 346 circumdabant
1604 327 1664 346 om-

874 371 923 390 nes
937 368 1040 398 gentes.
1061 364 1100 392 Ac
1111 364 1199 391 simile
1213 369 1255 392 est
1268 364 1341 391 dicto
1355 364 1392 391 illi
1411 374 1417 391 :
1432 364 1466 391 In
1479 366 1608 392 matutino
1620 366 1663 392 in-

875 410 1034 444 trrﬁciebam
1053 419 1140 437 omnes
1152 415 1299 445 peccatores
1315 415 1407 443 terrm;
1424 411 1449 438 id
1462 415 1504 439 cst
1522 412 1664 446 cogitatio-

875 465 924 484 nes
938 462 965 484 et
978 457 1090 485 allectus
1107 466 1154 492 per
1175 457 1312 485 daemones
1328 457 1476 489 immissos,
1499 462 1527 484 et
1549 457 1663 484 subdola

874 503 956 530 verba
973 503 1006 529 ab
1018 503 1051 530 iis
1068 502 1258 530 inducta.Hazc
1274 502 1346 530 enim
1364 507 1457 537 gentes
1468 502 1661 537 proﬂigabunt.

874 548 1012 584 Contingit
1027 553 1116 576 autem
1136 549 1283 584 aliquando
1300 554 1329 576 ut
1340 556 1387 576 eas
1401 557 1449 583 per
1465 548 1663 575 invocationem

875 594 921 622 Dei
945 595 979 623 de
1006 595 1096 623 medio
1121 596 1211 628 tollat;
1227 595 1385 631 passionum
1401 595 1532 629 impetum
1555 594 1665 622 exscin-

874 640 952 673 dens,
970 645 997 668 et
1012 641 1106 668 dolosa
1123 641 1205 668 verba
1223 640 1377 676 proﬂigatis.
1388 639 1484 674 Vespze
1497 643 1586 666 autem
1603 645 1664 672 quas

874 687 971 722 apibus
996 688 1032 715 ita
1055 688 1159 716 similes
1182 692 1258 722 sunt,
1276 692 1306 715 ut
1323 687 1368 722 qui
1383 695 1429 714 eas
1446 685 1529 721 probe
1544 693 1599 713 non
1614 692 1665 712 no-

875 728 930 760 rint
943 733 1022 762 facile
1035 734 1123 769 decipi
1140 734 1256 769 possint,
1273 733 1407 768 spiculum
1421 740 1475 759 non
1491 731 1601 764 habent,
1617 738 1665 757 nc-

874 786 927 814 que
949 779 1003 806 mel
1022 784 1183 815 operantur;
1207 779 1254 806 sed
1279 786 1340 806 cum
1361 777 1497 805 crassiore
1511 777 1566 804 sint
1581 783 1664 811 quam

875 834 939 861 apes
961 825 1043 858 mole,
1059 833 1128 860 opus
1151 825 1299 857 comedunt
1315 833 1321 850 :
1337 831 1406 859 quos
1423 822 1477 858 (45)
1499 829 1583 848 unum
1603 825 1664 856 post

875 873 958 899 alium
974 871 1134 898 interimunt
1148 878 1212 905 apes
1227 877 1281 896 una
1294 873 1405 897 coactze.
1423 867 1488 902 Apis
1505 871 1547 894 est
1569 865 1663 894 Eccle-

875 919 914 946 sia
929 927 937 946 :
954 918 1007 945 mel
1024 922 1115 945 autem
1130 920 1271 952 operatur,
1284 924 1345 951 qua:
1367 915 1413 942 Dei
1433 913 1593 948 sapientiam
1608 912 1665 947 plu-

876 965 937 992 rimi
955 964 1028 992 facit.
1042 963 1128 998 Cujus
1140 963 1246 990 labores
1258 967 1314 989 tam
1330 969 1406 994 reges
1421 968 1502 995 quam
1518 958 1615 994 privati
1630 959 1664 986 ad

874 1011 1019 1040 sanitatem
1043 1009 1170 1042 afferunt,
1184 1008 1290 1035 etiamsi
1304 1007 1417 1047 linlirma
1441 1007 1476 1034 sit
1490 1025 1497 1038 ,
1515 1005 1665 1033 secundum

875 1058 940 1086 illud
959 1067 966 1085 :
980 1056 1040 1084 Non
1054 1056 1080 1082 in
1090 1053 1308 1090 persuasibilibus
1318 1053 1440 1079 humana:
1459 1052 1595 1086 sapientia:
1607 1058 1665 1077 ver-

876 1104 944 1131 bis"
959 1102 1116 1139 praedicatio
1141 1101 1265 1128 elIicitur.
1283 1099 1409 1127 Attamen
1430 1098 1563 1133 spiculum
1584 1096 1666 1124 habet

876 1151 904 1178 in
927 1150 1114 1178 ostensionem
1142 1148 1255 1183 spiritus
1281 1152 1308 1174 et
1332 1146 1440 1174 vit-Iutis
1456 1144 1589 1177 Dci,cum
1603 1143 1665 1170 tidei

877 1203 1031 1224 sermonem
1054 1195 1168 1227 habeat;
1185 1194 1222 1221 ita
1243 1197 1273 1220 ut
1297 1193 1426 1224 haereses,
1441 1199 1492 1218 ceu
1511 1198 1610 1225 vespas
1633 1189 1668 1217 de

877 1242 968 1270 medio
985 1241 1072 1274 tollat,
1091 1241 1231 1268 dissecaus
1259 1239 1320 1266 illas
1347 1241 1509 1272 argumento
1531 1236 1665 1264 veritatis.

878 1288 941 1316 Sola
964 1287 1023 1322 apis
1039 1290 1081 1315 est
1094 1294 1154 1321 qua:
1168 1284 1329 1320 sapientiam
1355 1283 1401 1310 Dei
1421 1282 1546 1309 honorat.
1576 1280 1668 1308 Multae

877 1339 968 1363 autem
982 1342 996 1361 a
1010 1333 1058 1361 Dei
1071 1332 1202 1368 sapientia
1217 1330 1385 1362 defecerunt,
1399 1336 1452 1356 nou
1468 1336 1532 1363 apes
1546 1328 1666 1363 quidem.

877 1381 925 1409 sed
939 1387 1027 1414 vespa:
1049 1378 1082 1406 ad
1107 1377 1312 1405 similitudinem
1327 1383 1418 1411 apum.
1437 1374 1502 1408 Qua:
1515 1381 1604 1408 vespae
1621 1373 1668 1402 ubi

879 1428 972 1454 volunt
987 1427 1067 1454 unius
1083 1425 1141 1460 apis
1153 1425 1206 1451 mel
1221 1424 1376 1456 absumere,
1390 1422 1469 1457 quasi
1487 1422 1554 1457 ignis
1569 1421 1596 1447 in
1612 1421 1668 1456 spi-

878 1473 918 1500 nis
932 1471 1140 1499 comburuntur.
1151 1468 1217 1496 Nam
1234 1467 1352 1495 lireretici
1368 1472 1472 1500 turpem
1487 1464 1666 1499 cupiditatum

880 1518 967 1553 ignem
986 1517 1148 1547 accendunt,
1174 1513 1405 1548 quemadmodum
1421 1511 1522 1538 Paulus
1537 1511 1574 1536 ait
1585 1509 1668 1541 :Qua:

33 1557 154 1588 Παῦλος·
177 1557 218 1584 Τὰ
243 1559 298 1593 γὰρ
324 1557 423 1592 κρυερῆ
439 1557 579 1592 γινόμενα
598 1557 648 1583 ὑπ’
663 1556 762 1583 αὐτῶν
780 1557 824 1583 αἱ-

878 1563 948 1590 enim
963 1563 990 1589 in
1012 1561 1115 1588 occulto
1135 1560 1203 1594 ﬁunt
1219 1558 1250 1584 ab
1266 1557 1340 1592 ipsis,
1359 1562 1432 1598 tu'rpe
1448 1560 1486 1582 est
1499 1560 1524 1581 et
1540 1553 1666 1580 dicere".

32 1605 129 1639 σχρὸν
143 1604 210 1631 ἐστι
224 1604 274 1630 καί
289 1603 400 1638 λέγειν.
410 1604 542 1636 ’Δκάνθας
557 1603 584 1630 δὲ
600 1603 649 1635 τὰς
663 1603 759 1639 ἡδονὰς
776 1604 825 1639 ἡρ-

34 1651 152 1685 μήνευσε
168 1649 200 1676 τὸ
214 1649 394 1684 Εὑαγγέλιον⁴
409 1646 446 1676 ὧν
461 1649 524 1680 τοὺς
546 1649 641 1682 λόγους
658 1650 672 1675 ὁ
695 1649 740 1675 τὸν
759 1649 824 1675 Θεὸν

32 1696 123 1724 καλῶν
150 1696 306 1732 ἀνατρέπει.
321 1695 362 1722 Τὰ
381 1696 435 1731 γὰρ
459 1695 529 1722 ὅπλα
553 1694 635 1721 αὑτοῦ
647 1695 678 1722 οὐ
694 1695 823 1730 σαρκικὰ,

32 1742 113 1770 «tuo
132 1741 247 1769 δυνατὰ
273 1741 314 1774 τῷ
336 1741 397 1774 Θεῷ
416 1741 615 1775 καθαιροῦντα
636 1740 697 1767 πᾶν
717 1740 825 1775 ὕψωμα

32 1788 229 1822 ἐπαιρόμενον
241 1786 315 1813 κατὰ
328 1785 383 1820 τῆς
396 1784 532 1821 γνώσεως
548 1784 601 1812 τοῦ
615 1785 699 1812 Θεοῦ.

66 1833 156 1867 Φωνὴ
170 1831 377 1867 ἀγαλλιάσεως
402 1831 452 1858 καὶ
480 1831 625 1865 σωτηρίας
639 1831 674 1857 ἐν
696 1829 826 1864 σκηναῖς

33 1878 165 1906 δικαίων.
195 1877 238 1909 Ὧς
252 1876 302 1913 ἤδη
328 1877 508 1913 ἀνῃρημένων
523 1877 577 1903 τῶν
601 1875 704 1911 νοητῶν
721 1875 826 1911 ἐχθρῶν

33 1925 86 1951 τῶν
111 1924 184 1951 κατὰ
197 1924 310 1959 καιροὺς
320 1923 472 1956 διωξάντων
487 1923 533 1949 τὸν
547 1923 594 1950 τοῦ
610 1922 677 1949 Θεοῦ
701 1922 776 1955 λαὸν,
789 1922 827 1948 εἰ·

35 1970 121 2001 κὸτως
145 1969 240 1995 λοιπὸν
262 1969 312 2004 τῆς
335 1968 520 2002 ἀγαλλιάσεως
542 1969 569 1995 al
601 1968 689 2002 φωναὶ
712 1967 825 1994 ἀκούον-

33 2021 92 2048 ται,
109 2015 156 2042 καὶ
187 2015 237 2050 οὐχ
259 2015 372 2050 ἑτέρωθί
395 2023 446 2041 που
477 2015 494 2050 ἢ
509 2015 539 2041 ἐν
554 2015 615 2046 ταῖς
635 2014 690 2040 τῶν
715 2013 827 2041 δικαίων

36 2063 158 2097 σκηναῖς.

68 2108 158 2140 Δεξιὰ
183 2108 293 2142 Κυρίου
323 2107 449 2141 ἐποίησε
472 2107 609 2143 δύναμιν.
639 2108 712 2144 Αῦτη
733 2109 749 2144 ὴ
778 2108 827 2144 τῆς

36 2154 222 2188 ἀγαλλιάσεως
235 2153 310 2188 φωνὴ
325 2154 341 2188 ἡ
355 2154 488 2190 γενομένη
504 2154 578 2190 παρὰ
590 2154 640 2189 τὴν
652 2154 825 2189 Ἐκκλησίαν,

36 2201 64 2227 τὸ
81 2200 234 2235 ὁμολογεῖν,
253 2200 293 2226 ὅτι
317 2199 385 2235 αὑτὴ
417 2199 484 2235 μόνη
513 2201 529 2236 ὴ
548 2200 594 2226 τοῦ
622 2200 723 2236 Κυρίου
749 2200 827 2226 δῦνα-

879 1608 977 1643 Spinas
995 1612 1085 1634 autem
1099 1606 1251 1640 voluptates
1266 1611 1326 1630 csse
1350 1606 1474 1629 sanctum
1491 1599 1666 1634 Evangelium

879 1654 1281 1688 interpretatumestzquorum
1305 1648 1385 1675 verba
1412 1645 1510 1674 evertit
1523 1645 1569 1680 qui
1582 1645 1666 1671 Deum

879 1703 967 1726 vocat.
982 1698 1065 1725 Arma
1078 1701 1169 1724 autem
1184 1695 1244 1730 ejus
1265 1702 1319 1721 non
1342 1693 1473 1724 carnalia,
1490 1691 1535 1719 sed
1550 1690 1667 1725 potentia

879 1745 934 1772 Ι)εο
952 1744 986 1771 ad
1006 1743 1193 1770 destruendam
1207 1748 1308 1767 onmem
1322 1738 1490 1766 altitudinem
1502 1736 1667 1764 extollentem

879 1801 905 1820 se
922 1792 1046 1819 adversus
1060 1791 1199 1818 scientiam
1215 1789 1260 1815 Dei
1268 1788 1301 1815 ⁵ο.

913 1840 956 1867 15.
983 1837 1039 1865 Voa:
1060 1836 1246 1864 exsultationis
1271 1839 1295 1861 et
1321 1833 1416 1860 salutis
1438 1834 1466 1860 in
1490 1830 1666 1859 tabernaculis

875 1880 1332 1920 justorum.Ulpotejamdcmcdio
1348 1879 1463 1907 sublatis
1479 1877 1667 1913 spiritualibus

880 1930 1008 1963 inimicis,
1021 1929 1069 1964 qui
1085 1928 1167 1955 variis
1184 1926 1352 1962 temporibus
1364 1925 1411 1952 Dei
1425 1925 1555 1960 populum
1571 1930 1664 1959 perse-

880 1977 938 2005 cuti
956 1975 1074 2008 fuerant,
1088 1974 1150 2009 iure
1168 1973 1296 2008 deinceps
1313 1971 1461 1999 audiuntur
1476 1978 1557 1998 voces
1571 1969 1666 1996 exsul-

881 2022 1003 2054 tatiouis,
1017 2029 1070 2048 nou
1083 2020 1138 2047 alio
1156 2020 1182 2047 in
1198 2019 1258 2046 loco
1274 2026 1356 2054 quam
1377 2018 1404 2045 in
1426 2015 1608 2045 tabernaculis
1620 2015 1665 2050 ju-

880 2074 995 2097 storum.
1450 2098 1522 2104 ___“
1571 2100 1574 2102 ἓ

919 2115 962 2143 16.
981 2113 1096 2141 Dextera
1114 2113 1220 2140 Domini
1238 2111 1299 2146 fecit
1320 2101 1524 2142 virtutemjtc.
1545 2101 1608 2136 Haec
1624 2110 1667 2135 est

881 2169 934 2188 vox
951 2159 1141 2188 exsultationis
1163 2158 1234 2186 edita
1251 2158 1278 2184 in
1299 2156 1428 2189 Ecclesia,
1444 2164 1496 2191 qua
1525 2155 1668 2182 conﬁtetur

881 2207 967 2242 ipsam
986 2206 1072 2240 solam
1094 2203 1201 2232 Domini
1218 2203 1345 2230 virtutem
1370 2204 1558 2229 concertanles
1578 2199 1668 2227 salvos

37 2255 80 2281 μις
96 2247 162 2277 τοὺς
192 2245 412 2280 ἀγωνιζομένους
430 2245 542 2272 διέσωσε
573 2245 620 2272 καὶ
644 2244 824 2281 ὑψηλοτέρους

878 2252 975 2280 fecisse
993 2259 1024 2278 ac
1037 2251 1154 2278 inimicis
1169 2249 1333 2277 excelsiores
1351 2248 1518 2275 exhibuisse.

36 2292 185 2326 ἀπέδειξεν.

79 2338 294 2372 Ἀνοίξατέμοι
309 2338 409 2370 πύλας
439 2338 644 2372 δικαιοσύνης.
671 2337 762 2369 Πύλας
785 2337 826 2363 δι-

36 2384 182 2420 καιοσύνης
207 2384 257 2416 τὰς
286 2385 346 2411 κατ’
363 2383 463 2420 ἀρετὴν
479 2385 586 2420 νοήσεις
616 2383 768 2419 προκοπὰς,
794 2383 826 2416 ἃς

37 2431 79 2457 καὶ
96 2430 235 2457 ὁδεύουσιν
247 2430 271 2456 οἱ
290 2431 353 2462 τοὺς
378 2431 492 2465 καιροὺς
513 2430 566 2456 τῶν
583 2430 698 2464 θλίψεων
709 2430 826 2465 ὑπομεί-

36 2484 139 2508 ναντες.
153 2475 235 2517 ᾼῦτη
250 2475 270 2509 ἡ
284 2476 365 2508 πύλη
377 2474 430 2502 τοῦ
444 2474 683 2509 Κυρίου,δίκαιοι
694 2475 827 2502 εἰσελεύ-

36 2530 139 2550 σονται
151 2522 187 2548 ἐν
198 2521 286 2556 αὐτῇ.
302 2522 333 2548 Οἱ
347 2521 393 2548 διὰ
415 2521 469 2548 τῶν
489 2521 594 2556 ἀρετῶν
613 2520 827 2557 περιπατοῦντες

38 2569 74 2600 εἰς
88 2568 196 2603 ἐκείνην
208 2568 394 2603 ἀπαντήσουσι
413 2567 462 2603 τὴν
489 2567 587 2602 πύλην,
605 2568 656 2602 τὴν
681 2569 722 2600 εἰς
741 2567 826 2603 αὐτὴν

37 2614 152 2646 ἄγουσαν
166 2614 216 2649 τὴν
233 2613 281 2640 τοῦ
294 2613 395 2648 Κυρίου
412 2613 538 2648 θεωρίαν.
562 2613 617 2640 Καὶ
634 2614 698 2640 ποία
713 2613 792 2650 αὑτὴ,
808 2614 825 2650 ῆ

38 2659 82 2694 τῆς
96 2659 210 2695 καρδίας
236 2659 408 2694 καθαρὸτης;
436 2659 579 2694 Μακάριοι
593 2662 618 2687 οἱ
646 2661 767 2695 καθαροὶ
787 2660 826 2695 τῇ

38 2705 150 2740 καρδίᾳ,
163 2705 209 2732 ὅτι
223 2705 278 2738 τὸν
290 2705 364 2733 Θεὸν
377 2706 513 2740 ὄψονται.

69 2793 92 2809 ³⁸
111 2793 200 2822 lCor.
220 2802 250 2828 Il,
265 2794 292 2820 4.
329 2794 352 2810 ³⁹
372 2793 471 2830 Ephcs.
488 2803 513 2829 ν,
529 2795 569 2824 12.
609 2796 631 2813 ⁸⁸
650 2797 672 2824 ll
686 2798 747 2826 Cor.
766 2806 790 2832 ς,
802 2798 827 2826 5.

71 2886 126 2923 (43)
148 2888 238 2916 [.nt‘us
255 2888 380 2924 vitiatus;

877 2325 1009 2364 3-19,:20.
1020 2327 1204 2366 Aperite‘mihi
1216 2328 1434 2364 portasjustl’tiac.
1448 2325 1671 2360 cth’ortasjus-

879 2379 945 2406 tilia:
967 2378 1101 2412 intelligas
1122 2376 1272 2412 profectum
1287 2375 1313 2402 in
1329 2374 1487 2406 virtutibus,
1506 2381 1587 2408 quem
1601 2372 1672 2399 obti-

881 2430 946 2453 nent
959 2425 1005 2460 qui
1022 2423 1199 2451 alllictionum
1214 2427 1337 2456 tempora
1353 2420 1500 2447 sustinent.
1516 2418 1580 2445 llwc
1594 2423 1670 2452 porta

882 2469 1000 2501 Domini,
1017 2469 1086 2503 justi
1111 2467 1248 2495 intrabunt
1274 2467 1300 2493 in
1326 2474 1394 2493 eam.
1422 2464 1474 2498 Qui
1497 2471 1544 2498 per
1559 2463 1671 2490 virtutes

881 2515 1019 2546 incedunt,
1032 2514 1065 2541 ad
1076 2514 1148 2540 illam
1164 2513 1321 2547 pervenient
1336 2516 1454 2546 portam,
1472 2517 1532 2544 quae
1547 2509 1623 2536 ducit
1637 2508 1670 2534 ad

881 2563 968 2596 ipsam
995 2560 1104 2588 Domini
1134 2558 1400 2594 contemplationem.
1427 2556 1590 2591 Ecquzuam
1623 2555 1669 2581 illa

880 2613 921 2636 est
937 2607 989 2634 nisi
1003 2607 1093 2634 cordis
1108 2606 1228 2641 pur-itas?
1240 2605 1316 2633 Beati
1327 2604 1424 2632 mundo
1440 2603 1528 2636 corde,
1542 2603 1605 2638 quia
1619 2602 1669 2636 ipsi

880 2655 965 2682 Deum
980 2653 1102 2681 videbunt
1116 2653 1148 2681 δ’.

886 2798 905 2814 ⁸¹
925 2797 1007 2826 Matth
1038 2806 1064 2831 ν,
1077 2799 1104 2824 8.
