1926 3051
65 99 118 128 485

609 102 790 132 EXPOSITIO
810 104 843 131 IN
863 104 1027 133 PSALMUM
1046 104 1161 133 CXVI".

1636 113 1690 142 4&6

66 167 126 192 φειν
140 166 187 184 ουν
211 157 259 184 καὶ
279 159 425 194 γρηγορεῖν
442 159 494 194 χρὴ
517 159 562 186 διὰ
582 160 627 186 τὸν
645 160 763 188 εἰπόνταθ
780 163 854 196 Γρη-

910 170 988 197 agere
1001 167 1027 189 et
1042 162 1154 197 vigilare
1166 163 1292 190 convenit
1304 169 1413 199 propter
1429 172 1491 192 eum
1513 174 1560 201 qui
1571 167 1637 196 dicit
1647 169 1668 186 ⁸⁷
1681 179 1689 197 :

65 202 178 238 τορεῖτε
193 203 242 229 καὶ
263 204 476 238 προσεύχεσθε.

107 248 196 275 Ὀδὸν
225 248 541 285 ἀδικίας’άπόστησον
564 251 613 278 ἀπ’
636 252 720 287 ἐμοῦ,
739 254 788 280 καὶ
817 253 857 286 τῷ

64 296 148 329 νόμῳ
159 303 217 321 σου
232 294 364 328 ἐλέησόν
388 305 435 330 με.
457 297 542 324 Ὀδὸν
553 298 693 331 ἀληθείας
720 300 858 333 {menmi-

61 349 137 374 μην.
156 339 192 366 Τὸ
208 340 256 375 μὲν
268 341 339 367 αἰτεῖ
353 342 427 377 παρὰ
441 342 518 375 Θεοῦ,
533 343 563 369 τὸ
574 343 602 369 δὲ
619 343 706 379 ἑαυτῷ
721 345 856 380 εἰσφέρειν

63 385 203 420 ὁμολογεῖ.

109 432 317 466 Ἀπόστρεψον
347 433 417 466 τοὺς
446 434 618 470 ὀφθαλμούς
645 445 705 471 μου
738 437 791 463 τοῦ
812 436 855 471 μὴ

66 477 143 504 ἰδεῖν
155 479 347 511 paraturum.
361 479 516 515 Ματαιότης
540 482 612 507 ἐστὶν
624 482 640 517 ἡ
654 482 716 518 περὶ
730 482 778 514 τὰς
793 482 856 514 θέας

67 523 162 558 μανία,
178 526 194 560 ἡ
213 525 342 560 περὶτῶν
359 526 395 561 μὴ
406 526 518 553 δεόντων
542 527 651 563 θεωρία,
677 529 723 555 καὶ
742 530 758 564 ὴ
786 529 856 556 κατὰ

65 566 186 597 διάνοιαν
213 571 241 597 δὲ
265 571 364 604 ἄτοπος
383 573 527 606 φαντασία,
554 574 587 609 ὴν
616 575 662 600 καὶ
689 575 856 610 σαφηνίζειὸ

67 615 174 648 Παῦλος
188 616 284 650 λέγων·
308 617 358 643 Ἐν
387 619 561 652 ματαιότητι
592 620 645 646 τοῦ
661 620 732 654 νοὸς
757 621 857 648 αὐτῶν

64 662 265 695 ἐσκοτωμένοι
280 662 317 696 τῇ
333 662 448 697 διανοίᾳ
465 664 559 698 ὄντες,
585 666 856 701 ἀπηλλοτριωμένοι

66 708 122 741 τῆς
136 707 211 741 ζωῆς
223 709 277 736 τοῦ
296 709 380 736 Θεοῦ.
404 710 475 746 Ὅρα
490 712 658 747 ματαιότητα
672 713 731 744 νοὸς
743 713 857 748 λεγομέ-

65 762 126 788 νην,
142 754 181 780 ὅτ’
194 753 228 780 ἂν
246 756 296 790 σχῇ
314 763 355 787 τις
369 755 441 787 νοῦν,
460 757 506 783 καὶ
533 757 628 784 τούτου
657 759 694 794 μὴ
721 761 856 796 χρήσηται

65 800 134 835 πρὸς
148 800 197 835 τὴν
208 799 263 826 τῶν
277 800 385 836 ἀληθῶν
409 801 534 837 θεωρίαν,
549 804 617 830 ἀλλὰ
639 805 752 840 παρέχει
776 806 856 833 αὑτὸν

914 210 1025 245 Vigilate
1041 215 1064 237 et
1079 215 1162 238 orate.

945 256 992 288 29,
1006 256 1049 283 50.
1073 256 1148 283 Viam
1169 257 1318 292 iniquitatis
1335 266 1423 285 amove
1444 268 1459 285 a
1483 268 1533 291 me,
1547 260 1618 287 etde
1638 249 1708 296 lege'1

908 306 954 329 tua
968 302 1087 328 miserere
1097 303 1156 329 mei.
1175 302 1250 329 Viam
1265 304 1383 330 veritatis
1399 304 1474 339 elegi.
1495 305 1562 332 Illud
1580 305 1691 340 quidem

906 356 920 376 a
937 348 992 377 Deo
1007 349 1134 383 postulat,
1147 349 1198 377 hoc
1210 357 1239 377 se
1251 350 1301 377 sibi
1316 350 1452 378 ascribere
1466 351 1619 379 conﬁtetur.

942 432 986 460 57.
1003 433 1093 460 Aperte
1106 433 1195 460 oculos
1221 441 1289 460 meos
1304 441 1334 460 ne
1349 432 1452 460 videant
1471 433 1625 460 vanitatem.
1637 432 1693 460 Va-

906 469 977 506 riitas
985 482 1026 506 est
1037 479 1253 514 spectaculorum
1269 479 1380 506 insanus
1393 486 1481 512 amor,
1493 479 1586 506 illicita
1600 487 1692 507 rerum

907 525 1073 560 speculatio,
1097 525 1218 552 absurda
1241 525 1383 559 phantasia
1405 525 1432 552 in
1460 529 1549 552 mente
1572 531 1691 560 recepta,

906 578 987 606 quam
1000 571 1134 606 signiﬁcat
1146 570 1247 598 Paulus
1263 571 1304 598 his
1320 571 1409 598 verbis
1423 580 1430 598 :
1447 571 1480 598 In
1491 571 1605 598 vanitate
1618 579 1692 598 mea-

907 617 940 644 tis
967 625 1039 649 suat,
1057 617 1168 644 tenebris
1190 617 1358 644 obscuratum
1379 617 1500 644 [tabentes
1519 617 1692 650 intellectum,

907 655 1016 690 alienati
1030 672 1046 690 a
1062 663 1115 690 vita
1130 663 1177 690 Dei
1188 664 1222 690 “'.
1237 664 1429 691 Animadverte
1437 664 1583 691 vanitatem
1594 664 1693 691 mentis

907 709 971 740 dici,
984 716 1046 735 cum
1063 707 1124 742 quis
1143 712 1232 735 mente
1250 708 1365 743 pollens,
1378 715 1410 735 ea
1425 715 1478 735 non
1499 708 1583 735 utitur
1598 708 1631 735 ad
1647 715 1694 735 ve-

906 754 996 781 ritatis
1028 754 1282 789 contemplationem
1297 763 1303 786 ;
1320 754 1366 781 sed
1387 754 1488 789 prmbet
1507 761 1566 780 eam
1585 752 1694 781 Satanae

908 800 1055 835 colliganti.
1084 799 1141 827 Hoc
1159 800 1242 835 igitur
1259 800 1396 835 precando
1411 800 1449 826 ait
1464 809 1472 826 :
1489 799 1580 827 Averte
1604 800 1693 827 oculos

64 844 105 879 τῷ
128 844 285 880 ﬁssus-30w:
312 847 427 882 Σατανᾷ.
446 847 531 875 Τοῦτο
544 846 791 885 τοίνυνεὺχόμενός
805 861 854 886 φη-

910 853 977 872 meos
998 854 1029 872 ne
1051 846 1155 872 videant
1177 846 1317 873 vanitates.
1341 845 1408 872 Nam
1424 850 1448 872 et
1466 845 1530 873 illud
1546 846 1631 880 gratia
1647 845 1695 873 Dei

66 898 118 916 σιν·
144 890 352 925 Ἀπόστρεψον
373 893 444 925 τοὺς
468 894 640 929 ὀφθαλμούς
660 905 720 930 μου
735 897 788 923 τοῦ
812 890 855 932 μὴ

64 935 142 962 ἰδεῖν
161 937 371 971 ματαιότητας.
398 939 453 965 Καὶ
478 939 557 966 τοῦτο
586 941 640 976 γὰρ
669 943 747 977 χάρις
777 942 855 969 Θεοῦ.

68 981 124 1008 Τοῦ
144 984 246 1010 αὑτοῦ.
267 983 306 1010 Τὰ
328 985 357 1010 ἐν
370 984 476 1020 σώματι
486 986 574 1022 ὡραῖα
590 988 636 1014 καὶ
648 988 748 1023 σαρκὸς
759 988 857 1023 ὀφθαλ-

66 1029 128 1062 μοῖς
146 1028 293 1063 φαινόμενα
306 1029 386 1062 καλὰ,
400 1031 565 1066 ματαιότητα
576 1032 716 1059 ἀποκαλεῖ.

100 1075 220 1110 Στῆσνοι·
241 1077 282 1109 τῷ
304 1077 403 1112 δούλῳ
420 1086 478 1106 σου
498 1079 530 1106 τὸ
547 1080 651 1115 λόγιόν
668 1090 725 1108 σου
738 1082 781 1114 εὶς
803 1081 857 1108 τὸν

64 1122 160 1155 φόϐον
182 1130 251 1149 σου,
276 1123 385 1160 Ἐπειδὴ
404 1125 578 1159 παιδαγωγοῦ
592 1125 669 1162 δίκην
681 1127 827 1161 ἀναγκαῖος
843 1128 856 1153 ό

65 1166 148 1200 φοὸος
162 1167 208 1193 τοῦ
224 1167 292 1194 Θεοῦ
315 1170 344 1195 ἐν
369 1170 470 1202 πάσαις
493 1171 621 1203 ἐντολαῖς·
659 1171 754 1199 τούτου
777 1173 856 1208 χάριν

65 1211 209 1244 ὲᾳιπάναι
235 1213 310 1248 αὐτῷ
339 1214 418 1241 αὐτὸν
448 1215 556 1251 εὔχεται
581 1216 626 1243 τὸν
655 1217 730 1244 Θεὸν.
756 1218 792 1244 Τὸ
816 1218 854 1249 δὲ,

64 1257 187 1290 Περίελε
203 1257 258 1284 τόν
282 1259 454 1294 ὀγειδισμόν
471 1269 542 1295 μου,
567 1261 636 1296 μετὰ
655 1262 686 1288 τὸ
711 1263 855 1298 ἐπιστῆσαι

65 1302 160 1338 ὥσπερ
182 1304 243 1330 τινὰ
265 1304 372 1339 φύλακα
402 1306 455 1332 τῶν
484 1307 561 1333 θείων
579 1308 677 1343 νόμων.
707 1309 762 1335 Καὶ
790 1309 855 1345 τιερδ⁹

65 1345 101 1375 ὧν
119 1349 172 1384 ἢδη
201 1350 333 1386 πρότερον
359 1352 478 1387 συνέγνω
495 1354 588 1380 ἑαυτὸν
603 1354 711 1381 ὀνειδῶν
730 1355 854 1390 ἐξομολο-

66 1397 164 1428 γεῖται.

101 1442 224 1476 Στῆσον
242 1442 283 1476 τῷ
298 1443 396 1480 δούλῳ
414 1452 472 1474 σου
499 1446 532 1472 τὸ
558 1447 662 1482 λόγιόν
677 1455 746 1474 σου.
779 1449 855 1475 Ἐπεὶ

908 896 959 919 est.
978 891 1116 926 Ejusdem.
1130 891 1266 926 Corporea
1279 899 1339 926 qua:
1350 891 1472 926 speciosa
1493 896 1571 924 sunt,
1585 896 1613 919 et
1626 899 1678 921 ocu
1692 906 1696 911 -

908 938 941 966 lis
953 938 1044 966 carnis
1057 938 1173 972 pulchra
1187 938 1321 970 videntur,
1337 937 1484 964 vanitatem
1499 937 1625 972 appellat.

945 1069 989 1098 58.
1003 1070 1095 1098 Statue
1108 1078 1181 1096 servo
1197 1074 1241 1096 tuo
1256 1069 1388 1104 eloquium
1401 1075 1474 1096 tuum
1486 1071 1515 1096 in
1531 1070 1624 1097 timore
1636 1074 1692 1099 tuo.

907 1116 1040 1150 Quoniam
1056 1117 1082 1143 in
1097 1117 1224 1144 omnibus
1241 1117 1382 1152 praeceptis
1397 1117 1479 1144 timor
1495 1117 1541 1145 Dei
1556 1118 1695 1154 paedagogi

909 1161 994 1189 instar
1015 1162 1187 1190 necessarius
1203 1167 1245 1190 est
1256 1184 1262 1196 ,
1280 1163 1340 1190 ideo
1359 1168 1436 1198 rogat
1450 1163 1534 1190 Deum
1551 1167 1581 1190 ut
1592 1168 1696 1191 statuat

907 1207 959 1235 sibi
974 1207 1060 1235 illum.
1076 1208 1143 1236 Illud
1163 1213 1252 1236 autem
1264 1218 1271 1236 :
1283 1209 1397 1244 Amputa
1412 1209 1580 1244 opprobrium
1596 1218 1693 1243 meum,

906 1254 1125 1289 dicitpostquam
1147 1256 1291 1290 quemdam
1306 1263 1355 1283 ceu
1377 1256 1518 1283 custodem
1536 1256 1693 1284 divinarum

905 1300 996 1336 legum
1022 1301 1174 1329 constituit.
1197 1301 1229 1328 Et
1239 1302 1294 1336 jam
1312 1302 1410 1329 iterum
1427 1303 1572 1329 confitetur
1594 1310 1694 1337 oppro-

905 1347 965 1375 bria
976 1347 1010 1375 de
1025 1348 1125 1383 quibus
1141 1348 1218 1383 prius
1233 1356 1263 1376 se
1277 1349 1327 1376 sibi
1347 1349 1489 1377 conscium
1501 1356 1561 1377 esse
1575 1349 1692 1377 dixerat.

943 1446 1037 1473 Statue
1047 1454 1120 1473 servo
1134 1450 1178 1473 tuo
1192 1446 1324 1481 eloquium
1339 1451 1424 1474 tuum.
1438 1445 1507 1480 Quia
1522 1454 1617 1474 servus
1628 1451 1692 1474 tuus

65 1487 158 1519 δοῦλός
172 1495 220 1514 σου
234 1489 375 1522 τυγχάνων
403 1489 538 1525 φοϐοῦμαί
553 1498 592 1523 σε,
608 1490 737 1526 βούλομαι
760 1492 788 1518 δὲ
811 1493 854 1519 λο-

910 1499 968 1519 cum
982 1492 1044 1523 sim.
1063 1492 1144 1519 timeo
1163 1497 1198 1523 te,
1212 1492 1326 1526 voloque
1341 1492 1539 1519 rationabiliter
1551 1497 1578 1519 el.
1594 1499 1694 1520 secun-

65 1534 149 1566 γικῶς
161 1534 208 1560 καὶ
232 1534 303 1560 κατὰ
329 1535 374 1561 τὸν
399 1535 476 1570 λόγον
501 1536 582 1570 φόϐον
599 1536 685 1571 ἔχειν,
703 1538 799 1573 στῆσον
824 1538 854 1564 τὺ

910 1538 969 1565 dum
981 1537 1092 1564 verbum
1105 1538 1228 1564 timorem
1242 1537 1352 1568 habere,
1363 1541 1450 1564 statue
1464 1537 1603 1572 eloquium
1617 1542 1694 1564 tuum

65 1579 153 1613 λόγιόν
170 1587 219 1606 σου
233 1580 273 1611 εἰς
286 1580 331 1606 τὸν
353 1581 434 1615 φὸἣον
452 1589 509 1613 σου,
521 1582 565 1608 τὸν
580 1582 643 1609 ὅντα
667 1583 723 1616 σὺν,
737 1584 788 1610 οὐκ
808 1584 853 1618 ἀφ’

910 1580 933 1607 in
953 1580 1078 1607 timorem
1103 1584 1178 1607 tuum
1196 1589 1202 1606 :
1218 1580 1264 1614 qui
1280 1587 1374 1606 revura
1399 1584 1463 1607 tuus
1487 1585 1539 1613 est,
1554 1588 1606 1607 non
1619 1582 1694 1615 quod

64 1621 94 1650 οὗ
108 1625 178 1660 φοϐῇ
196 1625 240 1657 σὺ,
255 1625 310 1652 ἀλλ’
326 1626 372 1659 ἀφ’
388 1624 417 1653 οὗ
445 1626 500 1660 ἐγὼ
524 1626 659 1662 φοϐοῦμαί
685 1637 724 1654 σε.
742 1629 801 1655 Ἵνα
817 1629 854 1665 μὴ

910 1630 934 1653 tu
950 1627 1056 1659 timeas,
1070 1626 1116 1653 sed
1127 1626 1190 1660 quia
1203 1634 1253 1660 ego
1267 1626 1349 1653 timeo
1365 1630 1400 1653 te.
1419 1625 1452 1653 Ut
1464 1631 1553 1654 autem
1570 1634 1620 1653 nec
1632 1627 1692 1654 sine

65 1670 91 1696 δὲ
101 1671 165 1697 ἄνευ
180 1670 260 1704 λόγου
278 1671 369 1705 φόϐον,
386 1672 452 1707 μηδὲ
471 1672 534 1699 ἄνευ
548 1673 630 1706 φόϐου
645 1673 723 1708 λόγον
738 1674 852 1710 ἔχωμενι

910 1671 986 1698 verbo
999 1671 1134 1704 timorem,
1151 1679 1202 1698 nec
1215 1671 1274 1698 sine
1288 1671 1387 1698 timore
1401 1671 1513 1698 verbum
1528 1671 1692 1703 habeamus,

66 1715 155 1750 ἵστησι
167 1715 195 1741 δὲ
212 1717 226 1741 ὁ
242 1715 308 1747 Θεὸς
319 1716 347 1742 τὸ
365 1716 452 1751 λόγιον
478 1717 561 1744 αὑτοῦ
586 1719 625 1750 είς
645 1719 690 1745 τὸν
712 1719 793 1754 φόϐον
807 1720 854 1746 αὺ-

910 1717 1001 1744 statuit
1015 1724 1082 1744 sane
1094 1716 1165 1744 Deus
1176 1716 1314 1751 eloquium
1324 1724 1405 1743 suum
1422 1716 1447 1743 in
1461 1717 1585 1743 timorem
1599 1723 1692 1748 suum,

65 1760 122 1791 τοῦ,
149 1761 265 1795 βεϐαιῶν
284 1762 316 1788 δι’
342 1763 504 1795 ἀποδείξεως
532 1765 598 1791 αὐτὸ
614 1767 671 1796 τοῖς
700 1767 853 1794 εὐλαϐέσιν.

910 1770 952 1797 per
964 1766 1036 1790 certa
1054 1766 1212 1797 argumenta
1228 1762 1340 1789 lirmans
1355 1762 1419 1789 illud
1434 1762 1504 1796 apud
1523 1762 1584 1797 pios
1601 1762 1691 1789 homi-

65 1806 172 1842 Ὠιι-περ
189 1807 243 1842 γάρ
258 1807 328 1839 τινές
347 1809 415 1835 εἰσιν
432 1809 539 1844 ἔχοντες
553 1809 643 1844 ζῆλον,
668 1810 725 1837 ἀλλ’
742 1811 772 1837 οὑ
794 1812 854 1838 κατ’

64 1853 223 1886 ἐπίγνωσιν,
247 1853 333 1886 οὕτως
354 1854 407 1881 εἰσί
430 1863 503 1887 τινες
532 1855 639 1891 ἔχοντες
667 1857 749 1888 φόϐον
773 1857 853 1889 Θεοῦ,

21 1910 26 1914 -
63 1899 165 1925 ἀλλὀὐ
191 1900 252 1925 κατ’
267 1899 423 1934 ἐπίγνωσιν.
442 1902 565 1935 Περίελε
595 1903 648 1930 τὸν
683 1903 855 1938 ὀνειδισμόν

59 1953 121 1978 μου
131 1944 168 1970 ὃν
179 1944 371 1972 ὑπώπτευσα.
386 1946 506 1982 Ποιήσας
517 1948 531 1973 ὁ
548 1949 690 1984 προφήτης
701 1948 739 1980 ὡς
755 1949 855 1984 ἄνθρω-

63 1999 114 2021 πος
129 1990 279 2025 ἁμαρτίαν,
303 1992 466 2027 παρακαλεῖ,
493 1993 554 2020 ἐπεὶ
573 1995 623 2030 ὁρᾷ
641 1994 684 2020 τὸν
703 1995 855 2030 ὀνειδισμὸν

63 2035 319 2070 παρακολουθοῦντα
334 2037 362 2062 ὲν
384 2037 423 2072 τῷ
439 2037 503 2073 θείῳ
527 2038 693 2075 δικαστηρίῳ
710 2039 778 2074 μετὰ
806 2040 854 2075 τὴν

62 2081 221 2114 ἀνάστασιν,
246 2082 295 2108 καὶ
311 2081 384 2116 λέγει
409 2083 454 2110 τὸν
469 2084 644 2119 προκείμενον
672 2085 772 2120 στίχον.
799 2086 855 2112 Οὐκ

62 2127 96 2152 ἂν
109 2126 138 2153 δὲ
146 2126 236 2161 λέγοις
249 2127 329 2154 τοῦτο
342 2128 439 2163 λέγων·
449 2130 561 2165 Περίελε
573 2130 618 2156 τὸν
628 2130 780 2165 ὐνειδισμόν
795 2139 852 2157 σου.

63 2172 150 2199 Ὅταν
164 2173 219 2208 γὰρ
237 2173 399 2209 ὀνειδίζομαι
423 2174 468 2201 διὰ
490 2175 535 2201 τὸν
555 2176 689 2211 Χριστὸν,
716 2177 818 2207 ἐκεῖνος
840 2177 854 2202 ὁ

62 2218 215 2253 ὀνειδισμὸς
225 2218 275 2244 οὐκ
292 2218 364 2245 ἐστιν
382 2219 457 2254 ἐμὸς,
481 2219 550 2246 ἀλλὰ
564 2220 611 2246 τοῦ
634 2220 763 2256 Χριστοῦ·
789 2222 853 2248 ὃταν

61 2265 91 2290 δὲ
107 2264 272 2300 ὀνειδῐζομαι
284 2265 328 2292 διὰ
341 2265 390 2298 τὰς
405 2267 474 2302 ἐμὰς
491 2267 637 2302 ἁμαρτίας,
655 2268 702 2294 καὶ
717 2268 754 2304 μὴ
770 2277 852 2303 μετα-

62 2309 127 2342 νοῶ,
139 2310 189 2336 οὐκ
205 2310 305 2344 ὀψείλω
329 2311 428 2345 λέγειν’
455 2313 578 2346 Περίελε
601 2313 656 2339 τὸν
681 2313 852 2348 dread/Ultor

58 2365 121 2390 μου
148 2356 199 2383 ἀπ’
214 2356 298 2391 ἐμοῦ,
315 2357 351 2383 ὃν
379 2356 571 2390 ὑπώπτευσα,
596 2358 640 2385 ὅτι
669 2359 853 2394 τὰγκρίματά

60 2409 121 2429 σου
135 2402 261 2436 χρηστά.

104 2446 178 2474 Ἰδοὺ
189 2447 364 2481 ἐπεθύμησα
376 2447 428 2481 τὰς
437 2448 563 2482 ἐντολάς
573 2456 642 2481 σου,
655 2449 690 2475 ὲν
699 2449 737 2484 τῇ
743 2449 853 2476 δικαιο-

60 2493 143 2526 σύνῃ
170 2499 228 2519 σου
250 2491 344 2526 ζῆσόν
361 2502 408 2528 με.
432 2494 560 2529 Ἀμοιῦὴν
582 2496 653 2521 αἰτεῖ
676 2495 725 2531 τὴν
745 2495 852 2522 δικαίαν

60 2538 135 2574 ζωὴν
149 2539 196 2565 καὶ
213 2539 273 2565 κατ’
287 2539 397 2575 ἀρετὴν,
419 2540 449 2567 οὐ
474 2541 553 2575 μόνον
571 2541 690 2576 φυλάξας
707 2542 756 2573 τὰς
779 2542 853 2568 ἐντο-

60 2583 120 2614 λὰς,
139 2583 207 2609 ἀλλὰ
223 2584 270 2610 καὶ
287 2585 425 2618 ἐρωτικῶς
437 2586 499 2620 περὶ
513 2586 597 2618 αὐτὰς
609 2587 790 2622 διακείμενος,
805 2587 851 2613 καὶ

60 2629 112 2655 οὐκ
129 2628 217 2655 ἄλλων
230 2630 319 2665 χάριν,
341 2631 399 2657 ἀλλ’
411 2632 496 2663 αὑτὰς
509 2633 556 2658 καὶ
574 2632 607 2658 δι’
623 2633 707 2665 αὑτὰς
722 2632 849 2661 ἐκτελῶν.

60 2674 117 2701 Καὶ
134 2675 196 2701 ἐπεὶ
211 2675 367 2711 δικαιοσύνη
383 2677 429 2703 τοῦ
458 2678 564 2714 Harpe;
586 2680 600 2705 ὁ
626 2679 697 2712 Υἱὸς,
723 2681 737 2706 ὁ
751 2681 780 2706 ἐν
793 2680 851 2716 fit?)

59 2719 143 2754 ζῆσαι
158 2719 319 2755 βουλόμενος
330 2721 407 2747 τοῦτό
421 2730 496 2757 φησι.

904 1817 962 1837 nes.
978 1809 1210 1843 Quemadmodum
1235 1809 1307 1836 enim
1326 1809 1436 1844 quidam
1450 1814 1513 1836 sunt
1535 1809 1621 1836 zelum
1641 1809 1692 1837 ha-

904 1855 1009 1888 bentes,
1032 1854 1079 1882 sed
1099 1862 1155 1882 non
1182 1855 1332 1882 secundum
1353 1855 1495 1882 scientiam
1518 1854 1558 1887 δ’,
1576 1855 1612 1882 ita
1629 1859 1694 1883 sunt

904 1898 1014 1932 quidam
1030 1899 1159 1926 habentes
1183 1899 1308 1926 timerent
1326 1899 1388 1932 Dei,
1411 1899 1458 1926 sed
1472 1907 1524 1926 non
1542 1900 1692 1927 secundum

905 1944 1056 1971 scientiam.
1072 1944 1185 1979 Amputa
1203 1944 1368 1979 opprobrium
1390 1953 1492 1977 meum,
1510 1945 1579 1980 quod
1604 1946 1692 1981 suspi-

905 1994 979 2015 catus
993 1997 1060 2017 sum.
1075 1989 1141 2016 Cum
1160 1989 1292 2024 Propheta
1315 1995 1456 2025 peccasset
1479 1995 1508 2018 ut
1523 1991 1617 2023 homo,
1633 1996 1694 2019 orat

904 2039 931 2061 et
946 2034 1107 2069 deprecatur
1124 2035 1299 2070 opprobrium
1317 2036 1390 2071 quod
1406 2035 1526 2064 futurum
1544 2037 1616 2064 videt
1631 2042 1694 2072 post

905 2081 1135 2108 resurrectionem
1159 2082 1185 2108 in
1208 2082 1301 2109 divino
1320 2082 1460 2114 tribunali,
1476 2087 1503 2110 et
1513 2083 1693 2112 reritathunc

905 2135 1027 2155 versum.
1044 2127 1137 2162 Neque
1149 2128 1250 2155 dixeris
1266 2129 1316 2155 hoc
1332 2129 1411 2156 modo
1429 2138 1436 2156 :
1451 2129 1569 2164 Amputa
1589 2137 1691 2164 oppro-
1717 2164 1724 2171 .

868 2192 893 2221 υ
906 2173 996 2200 brium
1015 2178 1101 2200 tuum.
1117 2172 1185 2200 Nam
1202 2179 1262 2201 cum
1282 2175 1436 2209 opprobriis
1459 2175 1561 2203 aﬂicior
1583 2180 1693 2210 propter

905 2217 1058 2250 Christum.
1082 2219 1147 2246 illud
1170 2219 1345 2254 opprobrium
1375 2227 1429 2247 non
1458 2224 1500 2247 est
1524 2228 1626 2253 meum,
1645 2222 1693 2249 sed

905 2264 1009 2291 Christi
1021 2269 1083 2291 est:
1101 2272 1162 2292 cum
1179 2269 1268 2292 autem
1287 2265 1441 2300 opprobriis
1463 2266 1564 2293 aﬂieior
1584 2271 1694 2302 propter

905 2314 1015 2344 peccata
1033 2317 1104 2342 mea,
1122 2318 1210 2344 neque
1232 2311 1420 2345 paenitentiam
1436 2319 1497 2346 ago.
1517 2320 1570 2339 non
1588 2317 1693 2347 oportet

905 2348 950 2382 me
965 2355 1077 2383 dicere:
1095 2356 1211 2390 Amputa
1235 2357 1402 2391 opprobrium
1423 2365 1508 2384 meum
1526 2367 1541 2385 α
1554 2366 1603 2392 me,
1623 2358 1692 2394 quod

906 2403 1054 2436 suspicatus
1073 2411 1143 2435 sum,
1154 2404 1216 2438 quia
1225 2403 1329 2437 judirin
1347 2408 1392 2429 tua
1403 2404 1534 2438 jucunda.

945 2447 989 2474 40.
1004 2447 1072 2474 Ecce
1092 2449 1227 2481 concupiui
1242 2449 1368 2475 mandata
1388 2453 1444 2481 tua,
1458 2449 1485 2475 in
1509 2450 1630 2485 mquitate
1646 2454 1692 2476 tua

905 2493 1009 2527 vit-iﬁca
1035 2502 1085 2521 me.
1108 2493 1225 2520 Probum
1244 2499 1270 2522 et
1290 2495 1316 2521 in
1336 2495 1436 2522 virtute
1455 2500 1543 2522 actam
1561 2495 1643 2522 vitam
1664 2496 1692 2531 ip

909 2539 1052 2573 praemium
1073 2539 1193 2574 postulat
1207 2549 1213 2566 :
1229 2548 1283 2567 non
1305 2541 1392 2568 solum
1407 2541 1470 2575 quia
1485 2545 1619 2575 praecepta
1635 2549 1693 2567 ser—

905 2584 986 2615 vavit,
1008 2585 1054 2612 sed
1070 2585 1133 2619 quia
1151 2585 1253 2612 amoris
1265 2585 1362 2613 aﬂectu
1376 2586 1421 2612 illa
1433 2586 1632 2620 complectitur.
1642 2593 1691 2613 nec

904 2630 1017 2657 alterius
1031 2631 1070 2658 rei
1086 2638 1180 2663 causa,
1197 2631 1243 2658 sed
1262 2631 1307 2658 illa
1331 2631 1419 2658 solum
1439 2639 1565 2665 quaerens
1583 2635 1609 2658 et
1628 2639 1690 2663 pro-

903 2680 962 2710 pter
978 2675 1022 2702 illa
1041 2683 1132 2710 agens.
1151 2676 1182 2703 Et
1195 2676 1258 2711 quia
1276 2676 1361 2704 Filius
1374 2677 1530 2712 estjustitia
1544 2675 1643 2707 Patris,
1657 2674 1689 2701 it-

902 2722 948 2750 lud
964 2723 1000 2749 ait
1011 2722 1058 2757 qui
1074 2722 1100 2749 in
1115 2721 1190 2760 Fili};
1199 2723 1282 2750 vitam
1298 2731 1376 2758 agere
1389 2723 1457 2750 vult.

99 2824 121 2841 ⁸⁷
141 2823 238 2853 Matth.
256 2832 329 2860 xm,
350 2826 395 2854 ﬂ.
431 2826 454 2842 "
474 2825 573 2865 Ephes.
593 2833 629 2860 tv,
649 2825 694 2861 17,
709 2826 751 2854 18.
790 2827 811 2842 ⁸³
827 2825 854 2853 [ὶι

919 2834 947 2860 x,
962 2826 987 2853 2.
