1926 3051
54 110 113 136 ιω

607 114 788 144 EXPOSlTlO
807 117 841 144 IN
861 118 1025 147 PSALML'M
1045 120 1162 148 CXVIII.

1627 127 1678 153 ιον

55 165 106 191 σὺν
118 165 204 200 ἀρετῇ
217 165 267 200 ζῇν
275 166 398 193 ἐνταῦθα·
409 169 477 203 μετὰ
488 169 571 196 ταῦτα
581 169 608 196 δὲ
621 172 668 198 καὶ
679 172 727 208 τὴν
738 173 827 201 αῐώνιο

56 209 96 218 μ..
170 209 183 218 ν
214 211 219 218 ,

896 184 956 204 cum
976 177 1074 207 virtute
1095 180 1122 206 in
1139 179 1190 207 bac
1204 184 1258 208 vita
1277 189 1372 218 agere;
1390 186 1451 217 post
1466 182 1524 211 hac
1544 188 1635 212 autem
1649 190 1677 213 et

54 209 151 236 δίδωσι
167 209 250 245 ζωήν.

98 255 294 290 Ὑπερήφανοι
309 259 503 294 παρηνόμουν
516 260 571 294 ἕως
589 263 716 297 σφόδρα,
732 265 792 291 ἀπὸ
812 265 847 293 δὲ

53 300 110 327 τοῦ
130 302 223 335 νόμου
238 310 296 329 σου
317 305 373 331 οὐκ
393 305 540 337 ἐξέκλινα.
563 308 606 334 Ἐν
622 309 695 344 αύτῷ
711 310 764 346 γὰρ
780 312 845 338 ὲπο-

52 346 204 382 λιτευόμην
220 349 310 384 τηρῶν
323 350 352 376 τὸ
365 351 528 386 ἡγεμονικόν
545 363 606 389 μου,
623 355 666 382 ἵνα
680 356 717 392 μὴ
735 357 845 392 γένηται

52 393 134 428 ῥῆμα
151 396 271 430 κρυπτὸν
283 396 312 422 ἐν
324 398 357 432 τῇ
373 398 469 433 καρδίᾳ
485 408 536 434 μου
553 401 694 436 ἀνόμιμον.
718 403 844 430 Ἐκείνων

50 439 109 475 γὰρ
134 440 195 467 λίαν
220 443 465 477 παρανομούντων,
480 445 541 472 οὐδὲ
564 447 634 473 κατὰ
663 449 761 484 μικρὸν
788 450 844 483 ἐγὼ

47 485 98 511 τὸν
112 485 195 520 νόμον
212 495 259 513 σου
272 488 446 523 παρέϐαινον.
542 518 547 522 _

87 531 262 565 Ἐμνήσθην
267 533 325 559 τῶν
333 534 544 568 κριμάτωνσου
554 544 596 563 απ
616 537 733 571 αἰῶνος,
743 540 840 574 Κύριε,

48 576 102 602 καὶ
109 577 314 612 παρεκλήθην.
324 579 364 605 Me
369 588 420 615 μνη
425 581 504 615 μένος
512 582 565 617 γὰρ
573 582 625 608 τῶν
636 583 681 609 ἀπ’
690 584 786 616 αἰῶνος
794 585 842 611 καὶ

47 622 102 653 ἕως
118 622 218 654 αἰῶνος
238 624 480 660 ἀποδυθησομένων
502 626 623 662 ἑκάστῳ,
640 628 839 663 παρακαλεῖται

46 668 97 693 καὶ
123 667 226 699 ἄλυπος
249 670 264 695 ὁ
282 670 384 702 δίκαιος
403 670 478 705 μένει
504 671 607 706 λέγων·
632 675 692 700 οὐκ
716 674 786 707 ἄξια
805 674 840 701 τὰ

45 714 211 748 παθήματα
225 715 277 741 τοῦ
292 715 348 742 νῦν
363 717 467 751 καιροῦ
487 718 562 752 πρὸς
582 718 640 753 τὴν
660 719 839 754 μέλλουσαν

43 759 146 792 δόξαν
159 761 407 797 ἀποκαλυφθῆναι
419 765 462 796 εις
477 765 564 799 ἡμᾶς.
576 764 626 793 Ὧν
641 767 772 802 ἐποίησας
785 769 837 795 πά-

43 805 91 832 λαι
108 807 167 838 τοῖς
184 807 305 834 ἀδικοῦσι
326 809 371 835 τὸν
389 810 506 845 Ἰσραὴλ,
523 812 713 847 μνημονεύσας
734 813 836 849 κριμά-

896 223 981 251 vitam
993 223 1107 259 largitur
1121 230 1260 254 aeternam.

927 269 969 296 5i.
992 269 1102 305 Superbi
1129 271 1216 306 inique
1238 271 1348 307 agebant
1370 281 1567 309 usquequaque,
1586 284 1602 302 a
1622 275 1677 311 lege

895 318 982 340 autem
995 319 1041 341 tua
1055 323 1105 341 non
1117 315 1255 342 declinavi.
1275 316 1302 343 ln
1319 317 1362 344 illa
1377 318 1448 345 enim
1466 319 1549 346 vitam
1563 320 1675 354 agebam

895 357 1043 385 observans
1053 358 1106 385 vim
1119 359 1216 386 animae
1227 360 1412 396 principalem,
1422 370 1455 389 ne
1467 363 1543 390 ﬁeret
1557 364 1583 391 in
1595 365 1677 392 corde

894 409 955 429 meo
970 404 1080 431 verbum
1107 405 1295 433 absconditum
1326 407 1506 442 illegitimum.
1522 408 1576 437 lllis
1602 410 1675 438 enim

893 447 1061 482 iniquissime
1078 451 1228 486 agentibus,
1246 459 1279 479 ne
1291 453 1426 480 tantillum
1441 454 1550 489 quidem
1569 463 1619 490 ego
1636 456 1675 484 le-

892 501 951 529 gem
967 499 1041 522 tuam
1057 500 1240 532 transgressus
1254 505 1326 525 sum.

932 539 976 566 52.
991 539 1093 567 Memor
1115 542 1154 575 [ui
1176 542 1334 575 iudiciorum
1351 548 1455 571 tuorum
1471 553 1487 572 a
1498 545 1604 579 uetula,
1619 546 1674 574 Do-

890 583 970 614 mine,
985 589 1010 610 et
1027 586 1177 613 consolatus
1192 594 1259 615 sum.
1276 587 1378 615 Memor
1388 590 1460 617 enim
1474 597 1569 618 eorum
1586 599 1646 626 qua:
1656 599 1672 619 a

890 630 989 656 saeculo
1004 638 1090 664 usque
1106 631 1132 658 in
1149 633 1276 659 saeculum
1289 634 1403 669 lingulis
1416 635 1503 663 danda
1520 642 1592 670 sunt,
1606 645 1672 664 con-

889 673 1047 701 solationem
1062 675 1153 709 justus
1172 677 1286 712 accipit,
1303 686 1353 706 nec
1372 679 1404 706 in‘
1423 681 1530 708 tristitia
1551 683 1615 717 agit,
1631 682 1671 710 di-

889 725 954 744 cens
970 727 976 745 :
997 718 1057 745 Non
1072 725 1132 746 sunt
1155 721 1290 756 condignw
1303 723 1436 756 passiones
1452 724 1529 759 hujus
1547 727 1671 760 temporis

888 763 923 789 ad
935 763 1050 797 futuram
1060 765 1171 800 gloriam
1183 775 1240 801 qua:
1250 768 1405 794 revelabitur
1419 769 1446 795 in
1456 769 1529 796 nobis
1537 770 1570 797 '°.
1583 771 1669 806 (Alius

887 808 991 844 codex.)
1005 808 1109 836 Mcinor
1121 810 1285 844 judiciorum
1296 820 1356 846 quae
1364 813 1427 840 olim
1443 815 1527 842 tulisti
1538 816 1670 845 adversus

41 859 111 883 των,
126 852 318 888 παρεκλήθην·
332 853 419 886 εἰδὼς,
437 855 475 887 ὡς
491 856 549 882 οὐδὲ
563 857 643 889 αὐτὸς
657 858 686 884 ἐν
702 859 757 889 τοῖς
769 858 827 884 διω-

886 859 933 879 eos
956 854 1001 888 qui
1017 854 1142 889 injuriant
1159 856 1276 884 facerent
1290 857 1393 890 lsraeli,
1411 861 1567 889 consolatus
1579 870 1640 890 sum
1659 872 1666 890 :

41 897 127 930 γμοίς
142 897 419 934 ὲγκαταληιρθήσομαι
432 919 438 931 ,
454 900 500 927 καὶ
518 901 556 933 ὡς
576 901 666 929 πάντα
681 903 751 930 κατὰ
768 903 835 931 Θεοῦ

42 942 138 976 κρίσιν
154 943 210 973 τοῖς
222 942 374 978 ἀνθρώποις
389 946 542 980 ουμσαίνει.

84 1034 205 1069 Ἄθυμία
218 1036 346 1070 κατέσχε
355 1046 393 1071 με
407 1037 466 1064 ἀπὸ
480 1039 661 1073 ἁμαρτωλῶν
678 1040 737 1067 τῶν
748 1042 834 1076 ἐνκα-

40 1082 292 1116 riu/Marones)“
309 1084 362 1109 τὸν
374 1084 468 1117 νόμον
477 1092 544 1111 σου.
565 1086 627 1112 Ἐπὶ
639 1087 691 1112 τῶν
705 1087 833 1122 ἁμαρτω-

41 1125 106 1158 λῶν,
124 1128 148 1153 οἱ
165 1127 214 1162 μὲν
229 1128 338 1163 ἀνόμως
353 1129 550 1164 ἁμαρτάνουσι,
569 1131 607 1166 τῷ
630 1132 697 1166 μηδὲ
717 1133 766 1167 τὴν
783 1134 833 1168 ἀρ-

42 1171 91 1205 χὴν
115 1173 296 1208 πειρασθῆναι
319 1174 423 1209 νόμων·
442 1176 466 1201 οἱ
489 1176 517 1202 δὲ
536 1177 564 1202 ἐν
583 1177 667 1212 νόμῳ,
683 1178 721 1213 τῷ
741 1187 831 1214 παρα-

41 1216 145 1244 ϐαίνειν
171 1219 262 1245 αὐτόν.
286 1220 339 1246 Καὶ
359 1221 421 1255 μετ’
442 1221 543 1256 ὀλίγα·
561 1223 594 1248 Εἴ
610 1232 636 1249 τι
652 1223 705 1259 γὰρ
731 1224 830 1259 πάσχει

41 1263 70 1289 ἓν
85 1264 177 1298 μέλος,
194 1265 348 1301 συμπάσχει
362 1267 449 1294 πάντα
465 1267 498 1293 τὰ
519 1268 586 1304 μέλη
599 1277 605 1283 ·
624 1270 671 1296 καὶ
685 1270 732 1297 ἐὰν
748 1270 827 1303 δοξά-

41 1309 121 1344 ζηται
136 1310 166 1336 ἓν
184 1310 275 1346 μέλος,
293 1313 433 1348 συγχαίρει
453 1314 542 1341 πάντα
558 1315 592 1341 τὰ
610 1315 689 1351 μέλη.
708 1315 762 1342 Καὶ
782 1316 829 1343 ἐπὶ

40 1356 96 1386 τοῖς
110 1355 235 1389 ἀδελφοῖς
249 1353 295 1382 οὖν
310 1356 386 1391 ἡμῶν
400 1358 455 1388 τοῖς
472 1358 667 1393 ἁμαρτάνουσι,
685 1359 827 1387 λυπεῖσθαι

41 1400 168 1436 καθήκει,
183 1402 225 1428 ὅτι
239 1401 354 1429 τοιοῦτοί
368 1404 432 1434 εἰσι,
445 1403 492 1430 καὶ
508 1403 577 1430 οὕτω
592 1404 743 1432 διακεῖσθαι
756 1405 827 1433 κατὰ

40 1447 85 1473 τον
102 1448 180 1482 ᾰγιον
195 1449 298 1476 τοῦτον.

78 1494 183 1521 Tala}
197 1493 278 1530 ἦσάν
292 1505 344 1530 μοι
361 1495 397 1522 τὰ
414 1496 591 1531 δικαιώματά
613 1506 671 1525 σου
692 1498 729 1525 ἐν
745 1499 826 1532 τόπῳ

887 907 1006 933 gnarus.
1031 908 1118 935 neque
1137 909 1178 928 me
1195 902 1220 928 in
1239 905 1471 937 persecutionibus
1489 910 1667 943 comprehen-

886 944 1002 971 dendum
1021 946 1086 978 fore,
1102 951 1182 981 atque
1197 948 1287 975 omnia
1299 951 1447 979 secundum
1464 952 1511 980 Dei
1530 954 1663 989 judicium

886 988 1041 1017 hominibus
1056 992 1222 1027 contingere.

921 1035 965 1062 55.
983 1035 1098 1070 Defectio
1121 1040 1203 1066 lenuit
1224 1049 1262 1067 me
1283 1049 1329 1075 pro
1349 1045 1525 1076 peccatoribus
1552 1046 1665 1074 derelin-

883 1081 1019 1114 quentibus
1035 1082 1115 1117 legem
1132 1089 1214 1113 luant.
1228 1084 1397 1120 Pcccatores,
1420 1089 1466 1116 alii
1488 1090 1591 1126 absque
1607 1092 1665 1127 lege

882 1132 994 1160 peccant
1016 1129 1062 1163 qui
1082 1137 1218 1164 nunquam
1243 1132 1316 1166 leges
1341 1134 1383 1160 vel
1405 1135 1538 1162 tantillum
1560 1138 1663 1171 experti

881 1176 962 1204 sunt;
980 1172 1025 1199 alii
1048 1173 1074 1200 in
1094 1174 1151 1208 lege
1173 1181 1284 1210 peccant
1297 1185 1357 1205 cum
1374 1181 1610 1215 transgrediuntur
1629 1182 1664 1209 il-

880 1215 944 1244 lam.
961 1216 996 1244 Et
1006 1225 1063 1253 post
1078 1228 1182 1254 pauca:
1195 1220 1222 1249 Si
1235 1223 1299 1258 quid
1314 1223 1386 1251 enim
1401 1226 1502 1260 patitur
1510 1228 1662 1255 membrum

879 1270 973 1297 unum,
990 1273 1043 1293 una
1059 1267 1199 1302 patiuntur
1214 1270 1304 1296 omnia
1328 1271 1459 1298 membra.
1478 1271 1508 1299 Ει
1527 1273 1549 1300 si
1570 1273 1663 1300 laude-

879 1312 923 1336 tur
934 1317 1016 1337 unum
1031 1313 1194 1346 membrum,
1207 1316 1376 1350 congaudent
1389 1317 1480 1344 omnia
1496 1317 1616 1345 membra
1627 1318 1661 1346 ⁸¹.

878 1353 930 1380 Par
943 1359 985 1382 est
999 1363 1063 1391 ergo
1077 1357 1110 1384 de
1122 1357 1250 1387 fratribus
1266 1361 1347 1387 etiam
1369 1362 1470 1388 nastris
1487 1362 1533 1396 qui
1548 1368 1663 1397 peccant

876 1399 977 1432 dolere,
992 1402 1056 1436 quia
1074 1403 1178 1431 scilicet
1196 1405 1263 1432 tales
1279 1411 1362 1439 sunt;
1378 1411 1405 1434 et
1419 1407 1477 1441 pari
1499 1408 1580 1436 modo
1596 1409 1662 1437 aﬂ‘e-

876 1449 935 1473 ctos
949 1454 1000 1474 nos
1016 1455 1088 1481 esse,
1101 1457 1156 1482 quo
1172 1455 1283 1478 sanctus
1299 1451 1353 1478 ille.

911 1487 955 1515 54.
965 1488 1117 1518 Cantabiles
1128 1492 1192 1518 mihi
1202 1497 1276 1519 erant
1287 1494 1492 1528 justiﬁcaliones
1501 1499 1554 1522 tua:
1565 1496 1592 1522 in
1603 1495 1660 1523 loto

39 1540 197 1573 παροικίας
208 1549 278 1574 μου.
297 1542 384 1568 Τόπον
408 1543 552 1578 παροικίας
567 1543 612 1569 τὸν
631 1544 752 1580 παρόντα
767 1544 825 1580 βίον

884 1534 1090 1570 ιιι-εςνίηαιίοηὶε
1103 1544 1175 1564 ntere.
1188 1537 1289 1566 Locum
1301 1539 1528 1574 peregrinationis
1539 1549 1659 1576 presen-

39 1585 125 1619 φησί·
151 1586 222 1612 κατὰ
246 1586 290 1613 to"
319 1586 448 1620 Εὶδότες,
466 1586 511 1614 ὅτι
531 1587 612 1619 ξένοι
628 1588 678 1615 καὶ
700 1590 824 1624 παρεπι-

37 1629 125 1664 δημοι
142 1630 225 1664 ἦσαν
237 1631 287 1658 ἐπὶ
301 1630 356 1665 τῆς
374 1631 439 1667 γῆς.
464 1632 508 1658 Ἐν
522 1628 544 1666 ᾧ
554 1632 698 1669 εὐρύθμως
709 1634 824 1669 εὐφραι-

36 1674 123 1709 νύμην
135 1675 223 1709 λέγων
237 1675 271 1702 τὰ
280 1676 450 1712 δικαιώματά
463 1685 509 1704 σου
522 1686 529 1693 ·
544 1678 622 1705 τοῦτο
638 1679 688 1714 μὲν
701 1679 821 1716 θεωρῶν,

37 1720 117 1746 τοῦτο
129 1721 158 1747 δὲ
174 1721 301 1757 πράττων
313 1722 392 1750 αὐτὰ.

71 1766 290 1802 Διελοτισάμην
307 1767 361 1801 τὰς
382 1767 471 1802 ὁδούς
488 1777 560 1801 σου,
581 1770 628 1796 καὶ
651 1769 822 1806 ἐπέστρεψα

36 1811 108 1845 τοὺς
128 1812 225 1846 πόδας
247 1822 307 1848 μου
328 1815 371 1847 εἰς
395 1814 431 1842 τὰ
451 1815 597 1850 μαρτύριά
621 1824 689 1843 σου.
714 1817 820 1854 Ἐπειδὴ

36 1859 127 1885 πᾶσαν
144 1858 194 1893 τὴν
208 1858 319 1895 γνώμην
333 1861 373 1892 είς
388 1860 437 1892 τὰς
452 1860 516 1894 σὰς,
528 1862 609 1896 φησὶν
619 1882 626 1894 ,
645 1862 764 1898 ἀνέθηκα
780 1865 822 1889 ὲν-

34 1905 126 1937 τολὰς,
140 1905 235 1932 τούτου
252 1906 331 1941 χάριν
347 1907 401 1933 τῶν
424 1907 582 1943 μαρτυρίων
602 1909 752 1945 ἐπορεύθην
772 1910 821 1945 τὴν

35 1951 104 1977 ὀδόν.

75 1996 276 2031 Ἠτοιμάσθην
291 1998 341 2024 καὶ
355 1999 411 2026 οὐκ
431 1999 608 2034 ἐταράχθην.
626 1999 712 2032 Είδὼς
732 2001 762 2028 τὸ
779 2003 818 2028 ει-

37 2042 153 2077 ρημένον
165 2050 172 2057 '
194 2042 312 2075 Τέκνον,
325 2044 350 2070 εὶ
368 2043 521 2078 προσέρχῃ
535 2043 692 2072 δουλεύειν
703 2044 745 2078 τῷ
759 2047 819 2072 Κυ-

31 2089 96 2121 ρίῳ,
115 2088 277 2123 ἐτοίιιαλγον
296 2089 353 2123 τὴν
371 2089 475 2123 ψυχήν
494 2097 552 2117 σου
573 2091 616 2123 εἰς
633 2093 798 2126 πειρασμόν
810 2100 816 2107 ·

35 2135 81 2160 καὶ
99 2134 179 2160 τοῦτο
200 2134 320 2170 μελετῶν
343 2135 490 2167 διαπαντὸς
514 2137 542 2162 ἐν
565 2138 625 2167 ταῖς
648 2137 752 2170 ἐφόδοις
768 2137 818 2164 ούκ

34 2180 231 2215 ἐταραττόμην,
249 2180 297 2207 ἆτε
320 2180 514 2217 μεμελετηκὼς
537 2180 621 2212 αὐτὰς
644 2180 737 2216 φέρειν
756 2190 817 2215 γεν-

35 2226 126 2257 ναίως.

66 2272 189 2306 Σχοινέα
208 2258 388 2307 ἁμαρτωλῶν
408 2273 653 2308 περιεπλάκησάν
673 2283 734 2308 μοι.
761 2274 815 2301 Καὶ

32 2316 90 2343 τίνα
105 2315 140 2351 ἧν
154 2317 189 2343 τὰ
207 2317 309 2352 σχοινία
322 2338 329 2349 ,
349 2317 366 2353 ἢ
388 2318 410 2344 οἱ
435 2319 547 2354 πονηροὶ
570 2318 704 2354 λογισμοὶ,
729 2318 762 2345 δι’
779 2315 815 2345 ὧν

30 2362 79 2398 τῆς
93 2362 164 2389 κατὰ
177 2362 242 2388 Θεὸν
258 2364 378 2395 στάσεως
391 2364 548 2400 ἐπεχείρουν
561 2363 724 2392 καταϐαλεῖν
736 2372 744 2397 ;

64 2408 270 2434 Μεσονύκτιον
279 2408 467 2444 ὲγεγειρόμην
477 2409 529 2436 τοῦ
538 2409 816 2444 ἐξομολογήσασθαί

30 2462 88 2481 σοι.
107 2453 145 2480 Οὐ
161 2453 216 2489 γὰρ
232 2453 291 2489 μεθ’
308 2455 413 2490 ἡμέραν
428 2456 517 2491 μόνον,
535 2455 605 2482 ἀλλὰ
626 2456 672 2482 καὶ
697 2455 814 2490 νύκτωρ,

30 2501 90 2526 κατ’
111 2499 176 2526 αὐτὸ
191 2500 240 2535 τῆς
266 2501 363 2532 νυκτὸς
391 2501 421 2527 τὸ
447 2501 619 2536 μεσαίτατον,
643 2501 673 2527 ἐν
694 2497 716 2535 ᾧ
746 2501 815 2536 μετὰ

29 2544 150 2576 πλείονος
163 2545 261 2581 ἡδονῆς
275 2546 290 2572 ὁ
315 2545 398 2578 ὕπνος
411 2548 467 2578 τοῖς
483 2547 636 2582 ἀνθρώποις
659 2546 814 2581 ἐπέρχεται,

29 2590 120 2626 ῠμνῶν
145 2599 176 2617 σε
201 2590 342 2623 διετέλουν,
374 2593 422 2618 καὶ
443 2593 493 2624 τὰς
517 2592 623 2624 δικαίας
649 2601 694 2619 σου
710 2592 816 2627 ψήφους

27 2637 215 2672 ἀνηυφήμουν.
233 2637 317 2664 Τοῦτο
332 2638 378 2664 καὶ
393 2639 407 2665 ὁ
423 2638 494 2670 θεῖος
513 2637 672 2669 Ἀπόστολος
687 2638 756 2672 μετὰ
768 2636 814 2663 τοῦ

28 2682 91 2710 Σίλα
104 2683 249 2718 πεποίηκε,
270 2683 318 2710 καὶ
344 2683 390 2710 τὸν
406 2683 474 2710 πόδα
489 2684 570 2711 κάκεῖ
593 2682 813 2720 προσδεδεμένος,

29 2728 96 2762 μετὰ
110 2728 202 2760 αἰκίας
216 2729 264 2756 καὶ
279 2729 409 2763 μάστιγος
419 2730 453 2764 τῇ
469 2730 604 2764 προσευχῇ
617 2729 665 2764 τὴν
678 2728 813 2764 ὑμνῳδίαν

63 2816 85 2831 ⁵⁸
97 2816 174 2844 Rom.
189 2822 251 2846 vui,
263 2815 305 2842 18.
342 2816 364 2832 ⁸·
380 2815 389 2841 l
405 2816 468 2842 Cor.
484 2823 533 2848 xu,
548 2816 592 2843 26.
629 2816 650 2832 ¹²
664 2814 746 2843 llcbr.
768 2815 860 2846 “.15.

187 2863 320 2893 ΡΑτιιοι..
341 2863 398 2894 Gn.
420 2863 553 2895 XXVII.

873 1582 927 1606 tem
950 1579 1032 1608 vitam
1057 1581 1136 1615 dicit;
1155 1583 1231 1618 juxta
1254 1584 1340 1611 illud:
1358 1584 1474 1613 Scientes
1499 1587 1562 1622 quia
1582 1595 1658 1622 pere-

872 1625 942 1660 griui
954 1631 978 1653 et
992 1627 1106 1662 hospites
1123 1634 1198 1655 erant
1218 1638 1296 1664 super
1309 1635 1405 1657 terram
1416 1631 1449 1658 ".
1469 1631 1498 1659 In
1521 1639 1576 1667 quo
1599 1640 1659 1661 mo—

872 1670 1081 1700 dulatelaatabar
1093 1675 1424 1710 narransjustilicaiiones
1435 1682 1506 1705 tuas.
1519 1677 1582 1706 Sive
1593 1685 1657 1708 con-

872 1716 1016 1750 templans,
1029 1718 1086 1746 sive
1098 1726 1215 1753 operans
1230 1720 1302 1749 illas.

907 1761 951 1789 59.
971 1761 1090 1798 Cogitavi
1109 1765 1164 1791 vias
1189 1770 1258 1799 tuas,
1272 1770 1297 1792 et
1319 1767 1432 1794 converti
1451 1766 1529 1801 pedes
1542 1775 1612 1795 meos
1628 1769 1657 1795 in

873 1809 1021 1835 testimonia
1050 1814 1104 1836 tua.
1134 1810 1284 1845 Quoniam,
1308 1812 1407 1848 inquit,
1428 1818 1511 1841 totam
1535 1818 1655 1842 mentem

871 1854 1012 1888 praeceptis
1039 1855 1092 1882 luis
1118 1855 1224 1889 addixi,
1241 1857 1301 1884 ideo
1326 1858 1352 1884 in
1366 1858 1408 1885 via
1433 1858 1652 1887 testimoniorum

872 1902 980 1926 tuorum
997 1900 1108 1928 incessi.

904 1989 948 2017 60.
962 1990 1077 2019 Paratus
1087 1997 1174 2018 sumat
1185 2001 1233 2019 non
1243 2001 1299 2019 sum
1308 1994 1513 2023 turbatus.Cum
1524 1997 1608 2024 sciam
1619 1997 1652 2025 il-

870 2036 915 2063 lud
930 2046 935 2062 :
952 2036 1023 2070 Fili,
1040 2038 1064 2064 si
1084 2038 1185 2065 accedis
1209 2038 1243 2065 ad
1266 2041 1429 2067 seruiendum
1444 2041 1568 2077 Domino,
1582 2051 1652 2078 pra:-

869 2090 935 2115 ραι-α
954 2083 1071 2109 animam
1091 2087 1163 2110 tuum
1177 2084 1212 2110 ad
1234 2085 1401 2125 tentationens
1414 2086 1456 2113 ⁵³ε
1472 2087 1529 2114 haec
1545 2095 1652 2124 semper

870 2128 1014 2160 meditans,
1035 2129 1062 2156 in
1081 2129 1234 2158 incursibus
1254 2130 1426 2159 inimicorum
1444 2140 1497 2159 non
1513 2141 1573 2161 sum
1595 2138 1652 2162 tur-

870 2174 958 2205 batus,
971 2179 1063 2210 utpote
1076 2176 1249 2204 meditatione
1263 2181 1373 2211 paratus
1389 2178 1422 2205 ad
1443 2186 1473 2206 ea
1492 2178 1598 2207 fortiter
1611 2179 1652 2207 fe-

832 2215 856 2244 D
869 2220 963 2247 renda.

904 2266 948 2293 6!.
963 2266 1050 2293 Funes
1072 2272 1238 2302 peccatorum
1262 2268 1433 2303 circumplezi
1456 2275 1517 2297 sunt
1544 2280 1593 2300 me.
1618 2273 1651 2301 Et

869 2312 979 2348 quinam
1005 2313 1093 2345 funes,
1109 2313 1160 2341 nisi
1178 2314 1255 2340 male
1278 2314 1473 2349 cogitationes,
1488 2317 1592 2351 quibus
1607 2328 1649 2348 me

869 2367 883 2385 a
896 2359 941 2386 Dei
956 2360 1042 2394 gratia
1057 2359 1201 2387 deturbare
1216 2361 1406 2388 conabantur?

903 2405 947 2432 62.
971 2404 1060 2432 Media
1083 2410 1157 2432 nocte
1179 2407 1316 2441 surgebant
1335 2407 1370 2433 ad
1389 2408 1565 2442 conﬁtendum
1590 2410 1648 2439 tibi.

868 2450 926 2478 Non
943 2452 1014 2478 enim
1028 2452 1071 2479 die
1084 2456 1201 2484 tantum,
1215 2444 1265 2480 sed
1278 2453 1359 2480 etiam
1376 2459 1470 2488 noctu,
1487 2459 1515 2482 et
1533 2455 1585 2483 sub
1607 2456 1648 2490 ip-

867 2504 927 2524 sum
940 2497 1027 2524 noctis
1041 2497 1194 2529 dimidium,
1207 2505 1261 2533 quo
1275 2499 1376 2533 majore
1387 2499 1523 2534 voluptate
1534 2508 1647 2529 somnus

866 2543 990 2570 homines
1013 2548 1137 2578 occupat,
1158 2544 1265 2578 hymnis
1283 2544 1314 2571 ad
1338 2545 1375 2572 tui
1390 2545 1496 2573 laudem
1516 2547 1646 2574 canendis

865 2589 1005 2621 vacabam.
1021 2595 1047 2617 et
1060 2590 1127 2624 iusta
1147 2590 1248 2624 judicia
1269 2595 1314 2618 tua
1331 2591 1519 2620 decantabam.
1532 2591 1590 2619 Hoc
1604 2592 1646 2619 di-

865 2636 945 2663 vinus
970 2636 1051 2663 etiam
1071 2636 1217 2671 Apostolus
1233 2645 1294 2664 cum
1316 2637 1371 2664 Sila
1389 2636 1462 2670 fecit,
1478 2643 1505 2665 et
1518 2638 1646 2671 alligatus

866 2680 943 2715 pede,
952 2680 1108 2707 vulneribus
1121 2686 1146 2708 et
1156 2681 1247 2716 ﬂagris
1255 2685 1392 2714 oneratus,
1401 2682 1549 2710 orationem
1563 2682 1644 2716 bymu

866 2733 962 2753 norum
978 2730 1057 2754 cantu
1076 2728 1242 2762 temperavit,
1263 2732 1289 2755 et
1308 2727 1470 2763 optimarmn
1489 2726 1642 2762 vigiliarum

897 2814 920 2830 "
936 2813 1018 2843 Eccli.
1037 2822 1066 2848 ll,
1087 2815 1108 2841 I.

1446 2863 1481 2890 16
