1926 3051
250 129 299 156 ἇθὶ

665 128 701 172 ᾗ.
722 125 903 152 ATHANASII
925 125 999 153 OPP.
1020 125 1111 153 PARS
1130 126 1174 153 Ill.
1193 142 1224 148 —
1238 125 1446 154 EXEGETICA.

1808 126 1861 155 ιειι

251 189 368 229 fructum
391 187 508 223 percepit
518 188 549 214 ".
576 186 677 214 Divina:
698 194 815 222 namque
838 187 1050 216 muniﬁcentiaal

1099 186 1200 222 ιέρασε,
1217 186 1323 221 καὶτῆς
1332 186 1415 221 καλῆς
1431 187 1581 222 ἀγρυπνίας
1594 185 1726 220 ἐτρύγησε
1738 183 1785 212 τὸν
1797 193 1862 221 καρ-

252 234 331 261 donis
344 238 440 260 auctus
451 236 502 259 est.

287 277 332 306 65.
363 277 497 311 Particeps
526 285 571 311 ego
594 284 651 302 sum
676 275 789 301 omnium
818 274 962 301 timentium
995 278 1028 300 te.

252 324 393 351 Perfectus
415 323 497 350 homo
521 323 654 357 particeps
668 321 768 348 Christi
786 320 881 353 tuerit,
894 320 971 355 juxta
987 319 1030 346 di-

254 375 328 397 ttum
349 369 413 396 illud
428 378 435 396 :
450 368 519 395 Nam
542 368 640 395 Christi
653 368 793 402 participes
809 367 876 400 facti
897 374 985 393 sumus
996 366 1030 394 ".

255 413 303 442 llic
317 418 405 441 autem
422 414 499 448 quasi
518 413 650 445 initiatus,
666 420 695 440 se
719 413 870 439 timentium
887 411 1031 439 Dominum

255 459 411 495 participem
426 466 485 486 esse
499 455 581 492 dicit;
596 466 683 493 neque
698 463 800 485 tantum
815 458 977 490 timentium,
987 457 1032 484 sed

254 506 336 533 etiam
345 513 439 532 eorum
450 505 495 540 qui
507 508 617 539 propter
629 505 753 532 timorem
767 503 814 531 Dei
826 504 885 538 ejus
901 508 1033 539 praecepta

255 557 372 579 servant.
387 551 583 586 Argumentum
598 556 688 578 autem
707 551 811 578 timoris
825 551 871 578 Dei
886 555 927 578 est
941 550 1034 577 obser-

255 596 326 623 vatio
336 601 545 631 praceptorum.

291 640 337 668 6!.
350 640 532 668 Misericordia
547 645 602 672 tua,
615 640 735 674 Domine,
750 642 827 675 plena
837 644 876 667 est
891 644 970 666 terra.
985 639 1033 665 Ju-

255 687 426 721 stiﬁcationes
453 691 511 713 tuas
537 687 599 714 dote
617 695 667 714 me.
691 686 849 720 Prophetice
865 693 924 720 qua
945 685 1035 712 futura

256 738 320 761 sunt
331 733 466 765 enuntiat,
485 733 590 768 plenam
611 733 714 760 scilicet
739 731 798 759 fore
814 732 968 758 universam
982 735 1036 758 ter—

257 787 315 807 ram
330 779 483 806 timentium
506 778 661 805 Dominum.
676 777 710 805 Et
733 778 794 809 hoc,
813 777 910 812 inquit,
930 784 984 804 non
1003 783 1036 803 ex

257 826 310 852 alio
322 833 372 852 usu
387 832 469 860 quam
485 832 519 851 ex
537 828 582 852 tua
595 823 797 856 misericordia;
814 830 877 850 nam
894 827 922 849 tu
937 823 993 857 ipse
1010 821 1037 849 id

257 870 468 898 misericorditer
491 869 569 903 facis,
592 870 708 904 teipsum
733 869 802 896 dans
818 868 973 896 hominibus
989 868 1038 895 do-

258 921 372 944 ctorem.

293 961 337 990 65.
354 961 503 989 Bonitatem
518 961 602 996 fecisti
623 969 681 988 eum
697 969 769 988 servo
782 966 837 995 tuo,
851 961 971 988 Domine.
988 960 1040 988 Do-

259 1013 334 1036 cetur
347 1008 394 1043 qui
404 1008 504 1036 divinis
523 1009 638 1043 eloquiis
656 1008 779 1036 eruditus
801 1013 852 1040 est,
869 1016 903 1036 ne
918 1009 1040 1043 ingratus

259 1055 295 1082 sit
308 1054 334 1081 in
352 1053 435 1081 Deum
452 1053 581 1081 beneﬁcia
596 1052 789 1081 conferentem.
808 1053 951 1088 Nunquam
967 1053 1038 1080 enim

260 1108 275 1127 a
288 1100 407 1135 peccatis
421 1099 553 1127 liberatus
573 1099 678 1130 fuisset,
695 1103 723 1126 et
740 1104 935 1126 annumeratus
954 1097 1040 1126 servis

261 1144 320 1178 Dei,
329 1145 382 1172 nisi
396 1144 486 1172 divina
499 1144 622 1180 quaedam
633 1145 719 1179 gratia
731 1151 823 1171 eorum
839 1144 905 1178 ipsis
920 1144 947 1170 in
959 1150 1041 1170 causa

261 1189 366 1218 fuisset.

278 1235 338 1262 '67.
356 1234 514 1270 Priusquam
541 1236 695 1262 humiliarer
718 1243 763 1269 ego
781 1235 888 1270 deliqui.
902 1234 1041 1268 Traditus,

262 1280 361 1315 inquit,
375 1281 410 1308 ob
431 1281 542 1315 pristina
565 1285 675 1315 peccata
700 1288 770 1313 mea,
788 1280 945 1308 humiliatus
969 1288 1042 1315 sum,

264 1327 316 1354 hoc
336 1334 369 1353 ex
390 1327 464 1362 justo
480 1325 525 1353 Dei
545 1326 647 1360 judicio
668 1333 775 1361 passus.
793 1326 907 1360 Ideoque
929 1327 1043 1362 castiga-

263 1372 330 1399 tioni
345 1371 470 1403 traditus,
486 1379 553 1406 rogo
568 1372 634 1398 mihi
650 1371 801 1399 doctrinam
816 1372 935 1403 immitti,
948 1377 978 1399 ut
997 1379 1042 1399 oo-

263 1425 391 1453 gnoscam
404 1417 618 1445 humiliationem
629 1417 702 1444 illam
718 1418 784 1445 mihi
798 1425 845 1453 per
859 1417 1006 1446 bonitatem
1017 1421 1044 1445 et

264 1464 298 1492 ad
310 1464 514 1499 castigationem
528 1465 662 1493 evenisse.

289 1553 344 1581 '68.
358 1553 447 1580 Bonus
469 1561 495 1580 es
514 1557 551 1585 tu,
571 1552 690 1582 Domine.
711 1553 762 1586 Qui
779 1554 869 1588 justus
884 1558 924 1581 cst
940 1554 966 1581 in
981 1562 1039 1581 om—

266 1599 358 1631 nibus,
371 1599 544 1633 quantumvis
559 1599 671 1626 molesta
687 1599 742 1626 sint
755 1607 813 1634 qua:
830 1599 964 1632 accidunt,
978 1600 1043 1626 dicit

265 1644 321 1672 Deo
337 1655 343 1672 :
358 1645 445 1671 Bonus
453 1654 478 1672 es
488 1650 525 1672 lu.
541 1645 634 1673 Simile
643 1650 682 1673 est
696 1646 761 1673 illud
772 1647 941 1673 :Benedicam
950 1645 1043 1673 Domi-

266 1697 328 1715 num
338 1690 364 1716 in
378 1690 447 1717 omni
461 1695 571 1724 tempore
584 1690 658 1717 “.—-
667 1690 701 1717 Et
712 1691 739 1717 in
750 1691 863 1717 bonitate
876 1696 920 1717 tua
932 1690 994 1717 doce
1004 1699 1044 1718 me

263 1733 464 1768 iustiﬁcationes
481 1740 550 1761 tuas.
566 1734 599 1761 Et
612 1740 689 1770 rogat
704 1743 720 1762 a
735 1735 854 1762 bonitate
868 1735 915 1762 Dei
925 1736 1043 1768 edoceri,

266 1779 329 1814 quia
351 1779 426 1806 bona:
449 1785 512 1806 sunt
532 1779 739 1814 justilicationes
762 1780 826 1813 Dei,
853 1781 885 1808 ad
912 1780 1045 1816 cujusque

266 1825 392 1851 meritum
414 1825 642 1853 accommodatae:
665 1825 699 1853 de
727 1826 826 1860 quibus
840 1829 900 1861 apte
919 1826 1043 1853 dicatur:

267 1868 302 1896 Et
312 1870 460 1904 justiﬁcata
473 1875 533 1897 sunt
543 1870 647 1905 judicia
658 1875 714 1903 tua,
732 1870 802 1898 Deus
813 1871 850 1898 ".

301 1915 346 1949 69,
363 1916 406 1943 70.
423 1916 598 1952 Multiplicata
609 1923 647 1944 est
669 1925 746 1952 super
761 1926 800 1944 me
819 1918 945 1953 iniquitas
957 1926 1046 1953 super-
1067 1942 1070 1943 ,

267 1962 369 1989 borum.
391 1962 428 1990 E0
453 1971 548 1998 usque,
576 1964 622 1997 ait,
639 1963 771 1998 superbia:
794 1970 995 2004 processerunt,
1017 1969 1046 1992 ut

268 2007 343 2034 cordi
358 2014 452 2034 eorum
466 2008 493 2035 id
506 2008 576 2043 quod
589 2008 710 2044 sequitur
721 2008 861 2035 acciderit.
870 2008 1045 2043 Coaqulatum

266 2059 304 2080 est
319 2054 384 2080 sicut
401 2053 442 2080 iac
463 2062 508 2080 cor
522 2062 620 2080 eorum.
635 2053 840 2081 Tentationibus
859 2055 939 2083 malis
958 2055 1046 2090 gravi-

267 2099 372 2135 busque
387 2100 511 2133 traderis,
526 2100 625 2135 quibus
639 2100 667 2126 in
678 2101 733 2127 vita
748 2100 945 2129 humiliaberis.
956 2100 990 2128 Et
1002 2101 1047 2128 do-

267 2146 368 2173 cebunt
393 2149 420 2172 te
440 2153 539 2179 corpus
560 2149 635 2172 tuum
660 2145 792 2180 castigare
806 2150 832 2173 et
849 2147 875 2173 in
891 2146 1046 2174 servitutem

268 2191 399 2226 redigere,
414 2198 464 2218 nec
476 2189 598 2217 incedere
613 2190 640 2216 in
654 2189 708 2217 lata
722 2194 749 2217 et
764 2190 883 2227 spatiosa
898 2191 942 2218 via
954 2198 1048 2225 super-
1065 2186 1086 2212 Ι)

268 2236 376 2269 borum,
392 2235 439 2263 sed
452 2236 479 2262 in
493 2239 608 2270 angusta
622 2237 648 2262 et
663 2239 746 2263 arcta.
760 2235 828 2264 Nam
849 2241 929 2264 tenue
946 2242 986 2264 cst
1003 2245 1048 2264 cor

268 2287 436 2313 sanctorum,
451 2287 498 2308 cor
515 2284 606 2308 autem
621 2281 800 2316 superborum
810 2282 920 2316 pingue.

300 2369 347 2396 Ἦ.
359 2370 463 2397 Bonum
478 2371 541 2397 mihi
550 2371 613 2405 quia
623 2371 769 2399 humiliasti
782 2380 831 2398 me.
846 2372 884 2398 Ac
896 2372 919 2399 si
929 2372 1044 2400 diceret:

271 2417 336 2444 Mihi
348 2417 439 2452 placeo
451 2417 478 2444 in
495 2417 705 2449 iulirmitatibus,
718 2418 746 2444 in
759 2417 942 2449 contumeliis,
959 2418 986 2445 in
1002 2427 1050 2446 ne-

270 2463 458 2496 cessitatibus,
485 2463 513 2490 in
538 2464 783 2498 persecutionibus,
807 2463 835 2490 in
858 2464 1006 2499 angustiis,
1021 2469 1051 2492 ut

270 2509 368 2545 dignus
379 2510 468 2538 videar
475 2510 716 2545 justiﬁeationibus
730 2510 794 2541 tuis,
806 2516 930 2544 quaerens
944 2517 975 2537 ea
989 2517 1050 2545 qua:

268 2556 338 2584 alias
351 2555 433 2583 edisci
447 2564 500 2583 non
516 2560 638 2591 possunt.

306 2602 349 2629 72.
368 2602 470 2630 Bonum
490 2602 554 2629 mihi
568 2602 609 2628 lea:
624 2601 676 2628 oris
691 2600 742 2631 tui,
757 2607 834 2634 super
846 2599 933 2626 millia
944 2600 1004 2626 auri
1023 2605 1049 2626 et

272 2649 382 2683 argenti.
399 2648 501 2676 Ediscit
524 2647 647 2675 initiatus
672 2646 755 2673 homo
770 2650 873 2681 quanto
893 2645 929 2673 sit
947 2645 1050 2673 honore

272 2694 398 2721 donatus.

307 2739 351 2766 75.
368 2738 462 2765 Manut
474 2744 524 2765 tua:
535 2737 651 2772 fecerunt
667 2745 715 2764 me.
729 2736 818 2764 Altera
836 2736 964 2771 dignitas,
976 2737 1050 2771 quod

1081 232 1140 258 πον.
1155 232 1209 267 Τῆς
1223 232 1297 264 θείας
1309 232 1363 267 γὰρ
1379 231 1532 266 φιλοτιμίας
1546 230 1707 260 ἀπέλαυσεν,

1115 277 1247 310 Μέτοχος
1261 275 1316 311 ἐγώ
1336 277 1394 310 ειμι
1415 275 1534 302 πάντων
1544 275 1602 302 τῶν
1613 275 1806 310 φοϐουμένων
1817 283 1862 303 σε.

1088 323 1117 349 ὐ
1134 323 1183 358 μὲν
1211 323 1312 354 τέλειος
1330 322 1446 358 Χριστοῦ
1471 322 1504 349 ἂν
1521 322 1564 357 εἴη
1597 323 1718 358 μέτοχος,
1741 323 1813 349 κατὰ
1836 324 1866 349 τὸ

1082 367 1232 403 εἰρημένον·
1248 368 1371 402 Μέτοχοι
1389 368 1444 401 γὰρ
1467 367 1519 394 τοῦ
1546 367 1672 402 Χριστοῦ
1692 369 1864 403 γεγόναμεν.

1088 415 1116 441 '0
1130 414 1158 441 δὲ
1173 414 1277 451 παρὼν,
1292 414 1329 445 ὡς
1352 414 1541 449 εἰσαγόμενος,
1558 414 1611 440 τῶν
1630 414 1806 449 φοϐουμένων
1822 415 1866 440 τὸν

1082 463 1185 498 Κύριον
1217 462 1327 497 μέτοχον
1355 461 1449 488 ἑαυτὸν
1474 459 1542 487 εἶναι
1569 460 1652 495 λέγει⁸
1668 461 1716 496 οὐχ
1731 460 1824 492 ἁπλῶς
1840 459 1867 486 δὲ

1083 509 1136 535 τῶν
1153 509 1336 543 φοϐουμένων,
1351 507 1417 534 ἀλλὰ
1435 507 1489 534 τῶν
1503 507 1547 534 διὰ
1559 507 1588 533 τὸ
1600 506 1739 541 φοϐεῖσθαι
1764 507 1867 540 φυλασ-

1085 555 1184 581 σόντων
1199 554 1248 585 τὰς
1261 553 1369 586 ἐντολὰς
1389 553 1435 580 τοῦ
1451 553 1528 579 Θεοῦ.
1559 553 1662 588 Δεῖγμα
1689 552 1718 579 δὲ
1732 552 1780 579 τοῦ
1794 551 1866 578 θείου

1085 600 1165 634 φόϐου
1182 600 1198 634 ὴ
1213 599 1266 625 τῶν
1280 598 1393 625 ἐντολῶν
1410 597 1526 632 φυλακή.

1124 645 1177 672 Τοῦ
1189 645 1294 677 ἐλέους
1322 652 1391 675 σου,
1413 644 1511 677 Κύριε,
1527 642 1645 677 πλήρης
1666 643 1685 676 ἡ
1704 642 1755 677 γῆ.
1771 644 1811 670 Τὰ
1826 642 1869 669 δι-

1086 690 1233 725 καιώματὰ
1244 698 1301 717 σου
1313 689 1436 720 δίδαξόν
1447 697 1494 723 με.
1507 687 1686 724 Προφητικῶς
1707 688 1741 715 τά
1753 687 1870 723 ὲσομενᾶ

1087 745 1178 771 φησιν,
1195 736 1232 767 ὡς
1249 736 1323 761 ἔσται
1338 734 1439 768 πᾶσα-ἡ
1454 733 1489 768 γῆ
1503 733 1609 768 πλήρης
1623 733 1676 759 τῶν
1696 732 1871 768 φοϐουμένων

1086 782 1131 808 τὸν
1142 781 1254 816 Κύριον.
1271 781 1326 808 Καὶ
1337 780 1386 807 οὐκ
1399 778 1429 811 ἐξ
1442 778 1537 814 ἑτέρας
1553 778 1618 813 φησὶ
1630 778 1707 805 τοῦτο
1721 778 1815 814 χρείας
1827 786 1872 811 γε-

1087 829 1197 864 νήσεται
1214 828 1230 863 ἢ
1245 829 1277 854 ὲκ
1294 826 1342 854 τοῦ
1365 826 1411 853 σοῦ
1425 825 1524 856 ἐλέους·
1552 825 1598 852 καὶ
1613 825 1694 856 αὐτὸς
1715 825 1769 860 γὰρ
1794 824 1872 851 τοῦτο

1088 873 1234 909 ὲλεητικῶς
1261 873 1358 906 ποιεῖς,
1385 873 1520 904 ἐπιδιδοὺς
1536 871 1630 898 ἑαυτὸν
1646 870 1699 897 τῶν
1720 870 1873 906 ἀνθρώπων

1088 917 1157 946 εἶναι
1172 919 1340 946 διδάσκαλον.

1125 966 1319 1000 Χρηστότητα
1340 964 1485 999 ἐποίησας
1495 963 1569 999 μετὰ
1597 963 1650 990 τοῦ
1675 962 1787 990 δούλου
1803 969 1874 993 σου,

1089 1013 1186 1046 Κύριε.
1202 1011 1361 1038 Διδάσκεται
1383 1011 1397 1037 ὁ
1415 1010 1449 1037 τὰ
1473 1009 1533 1036 θεῖα
1563 1009 1639 1043 λόγια
1661 1007 1876 1042 πεπαιδευμένος

1091 1059 1128 1094 μὴ
1143 1057 1312 1092 ἀναισθήτως
1322 1056 1393 1091 ἔχειν
1412 1055 1462 1087 τὰς
1485 1054 1548 1089 τοῦὶ
1558 1055 1625 1081 θεοῦ
1648 1053 1815 1088 εὐεργεσίας.
1836 1053 1874 1078 Οὐ

1090 1105 1143 1140 γὰρ
1156 1104 1242 1135 ἄλλως
1251 1102 1404 1138 ἀπήλλακτο
1416 1101 1466 1136 μὲν
1473 1101 1523 1136 τῆς
1531 1100 1675 1135 ἁμαρτίας,
1686 1098 1876 1134 κατηρίθμητο

1090 1151 1117 1178 δὲ
1132 1152 1160 1178 ὲν
1175 1149 1277 1181 δούλοις
1290 1148 1402 1185 Κυρίου,
1428 1149 1453 1174 εί
1479 1147 1516 1182 μὴ
1538 1146 1597 1174 θεία
1612 1155 1652 1178 τις
1679 1145 1758 1181 χάρις
1773 1144 1877 1171 τούτων

1091 1197 1164 1232 αὐτῷ
1179 1196 1252 1224 αἰτία
1263 1195 1384 1230 γέγονεν.

1127 1239 1187 1274 Πρὸ
1211 1239 1264 1266 τοῦ
1280 1247 1318 1273 με
1328 1236 1542 1271 ταπεινωθῆναι
1565 1236 1624 1271 ἐγὼ
1645 1235 1876 1270 ἐπλημμέλησα.

1092 1284 1142 1311 Διὰ
1163 1284 1212 1316 τὰς
1229 1283 1363 1320 προτέρας
1382 1291 1442 1318 μου,
1468 1282 1545 1317 φησὶ,
1558 1281 1724 1317 πραχθείσας
1738 1281 1878 1316 ἁμαρτίας

1092 1329 1263 1366 παραδοθεὶς.
1293 1328 1487 1362 ὲταπεινώθην,
1507 1327 1595 1363 κρίσει
1621 1327 1711 1362 δικαίᾳ
1734 1326 1782 1353 τοῦ
1809 1326 1878 1353 Θεοῦ

1092 1378 1171 1405 τοῦτο
1186 1374 1289 1402 παθών.
1313 1370 1350 1401 Οὗ
1371 1374 1402 1409 δὴ
1417 1374 1464 1400 καὶ
1483 1374 1564 1409 χάριν
1585 1372 1690 1408 παιδείᾳ
1704 1372 1878 1407 παραδοθεὶς,

1092 1422 1187 1458 δέομαι
1209 1419 1381 1452 διδασκαλίας
1405 1419 1443 1452 ὡς
1466 1418 1499 1446 ἂν
1515 1418 1581 1453 γνῶ,
1609 1419 1650 1445 ὅτι
1673 1418 1690 1453 ἦ
1715 1417 1878 1448 ταπείνωσις

1093 1469 1110 1503 ἡ
1138 1466 1271 1502 γενομένη
1306 1474 1350 1500 μοι
1382 1465 1451 1492 κατὰ
1486 1464 1656 1500 χρηστότητα
1685 1463 1734 1491 καὶ
1755 1462 1879 1489 παιδείαν

1049 1520 1078 1549 ,c
1094 1513 1209 1548 ἐγένετο.

1129 1557 1263 1591 Χρηστὸς
1277 1555 1305 1583 εἶ
1317 1556 1368 1588 σὺ,
1385 1556 1482 1590 Κύριε.
1507 1555 1537 1581 '0
1548 1554 1650 1585 δίκαιος
1670 1553 1717 1579 ἐπὶ
1737 1554 1818 1585 πᾶσι,
1830 1553 1880 1579 κᾶν

1093 1601 1110 1638 ᾗ
1127 1602 1213 1639 πικρά
1226 1603 1260 1628 τὰ.
1275 1601 1468 1636 συμϐαίνοντα,
1496 1600 1569 1634 λέγει
1599 1599 1638 1634 τῷ
1661 1598 1729 1634 Θεῷ·
1742 1598 1881 1632 Χρηστὺς

1093 1646 1121 1673 εἷ
1133 1648 1184 1674 σύ.
1197 1646 1320 1673 Τοιοῦτον
1337 1645 1384 1672 καὶ
1397 1646 1436 1672 τό·
1456 1645 1620 1679 Εὺλυγιήσω
1643 1643 1695 1670 τὸν
1711 1644 1822 1677 Κύριον
1847 1644 1882 1669 ἐν

1094 1692 1183 1719 παντὶ
1199 1691 1299 1726 καιρῷ.
1326 1691 1381 1718 Καὶ
1399 1692 1433 1718 ὲν
1446 1691 1483 1724 τῇ
1510 1690 1693 1725 χρηστότητι
1711 1696 1770 1716 σου
1799 1689 1880 1716 δίδα-

1095 1737 1150 1770 ξόν
1162 1745 1200 1772 με
1217 1737 1253 1764 τὰ
1272 1735 1448 1771 δικαιώματά
1462 1743 1531 1764 σου.
1549 1736 1604 1762 Καὶ
1621 1735 1703 1761 δεῖται
1719 1734 1750 1760 τὸ
1770 1734 1882 1770 χρηστῷ

1095 1783 1161 1810 Θεοῦ
1175 1783 1339 1818 διδαχθῆναι·
1355 1783 1395 1809 ὅτι
1412 1782 1517 1817 χρηστὰ
1527 1781 1562 1808 τὰ
1576 1780 1746 1816 δικαιώματα
1756 1780 1805 1807 τοῦ
1815 1780 1882 1806 Θεοῦ

1096 1829 1162 1864 πρὸς
1190 1829 1238 1864 τὴν
1261 1829 1338 1861 ἀξίαν
1363 1829 1477 1855 ἑκάστου
1499 1828 1636 1863 γινόμενα·
1667 1827 1709 1861 ἐφ’
1725 1824 1768 1858 οἷς
1793 1826 1883 1860 λέγειν

1097 1874 1180 1907 ἄξιοψ
1201 1873 1372 1907 Ἐδικαιώθη
1385 1874 1421 1900 τὰ
1430 1873 1556 1907 χρίματὰ
1564 1880 1631 1905 σου,
1643 1873 1659 1899 ό
1668 1872 1750 1904 Θεός.

1136 1919 1304 1954 Ἑπληρώθη
1322 1919 1367 1946 ἐπ’
1391 1919 1443 1953 ἐμὲ
1466 1919 1566 1945 ἀδικία
1581 1917 1791 1952 ὑπερηφάνων.
1809 1917 1884 1944 -Ἐπὶ

1095 1965 1230 1996 τοσοῦτον,
1246 1965 1336 2000 φησὶν,
1366 1964 1468 1999 ἤλασαν
1484 1964 1681 1999 ὑπερηφανίας,
1701 1962 1737 1994 ὡς
1755 1962 1883 1996 γενέσθαι

1095 2012 1143 2047 τὴν
1159 2011 1271 2047 καρδίαν
1284 2012 1312 2037 ὲν
1326 2011 1428 2041 αὐτοῖς.
1457 2009 1602 2044 Ἐτυρώθη
1624 2009 1664 2042 ὡς
1686 2008 1765 2042 γάλα
1778 2009 1798 2042 ἡ
1815 2017 1884 2043 θαιρ-

1095 2057 1146 2084 δία
1160 2057 1268 2084 αὐτῶν.
1277 2057 1339 2089 Τοῖς
1354 2057 1482 2092 πονηροῖς
1497 2056 1544 2082 καὶ
1559 2056 1704 2091 μοχθηροῖς
1719 2056 1884 2091 πειρασμοῖς

1096 2103 1270 2140 παραδοθήσῃ
1300 2103 1349 2138 βίῳ
1371 2102 1418 2129 καὶ
1441 2102 1562 2137 πολιτείᾳ
1589 2100 1757 2132 ταπεινοῦσι,
1776 2101 1826 2128 καὶ
1844 2101 1883 2127 δι-

1098 2150 1242 2177 δάσκουσιν
1257 2148 1418 2181 ὑποπιάζειν
1431 2148 1461 2174 τὸ
1471 2147 1550 2183 σῶμα
1566 2147 1613 2174 καὶ¹
1625 2146 1820 2182 δουλαγωγεῖν,
1838 2147 1885 2174 καὶ

1102 2195 1139 2231 μὴ
1166 2194 1267 2222 ὁδεύειν
1292 2193 1341 2229 τὴν
1368 2194 1496 2220 πλατεῖαν
1507 2193 1557 2219 καὶ
1583 2192 1735 2228 εὐρύχωρον
1759 2193 1810 2228 τὴν
1831 2193 1885 2220 τῶν

1101 2239 1297 2275 ὑπερηφάνων,
1320 2238 1396 2270 ,ἀλλά
1427 2238 1474 2274 τὴν
1501 2237 1593 2273 στενὴν
1618 2239 1665 2264 καὶ
1690 2237 1885 2274 τεθλιμμένην·

1100 2285 1184 2320 λεπτὴ
1202 2284 1313 2320 μὲνγὰρ
1328 2284 1346 2319 ἡ
1359 2283 1413 2310 τῶν
1431 2283 1526 2317 ἁγίων,
1550 2283 1619 2310 πίων
1634 2283 1663 2310 δὲ
1683 2284 1700 2318 ἡ
1725 2283 1780 2309 τῶν
1803 2284 1887 2319 ὑπερ-

1099 2331 1209 2366 ηφάνων
1220 2331 1326 2366 καρδία.

1142 2376 1265 2410 Ἀγαθήν
1272 2384 1333 2410 μοι,
1346 2375 1392 2402 ὅτι
1405 2375 1607 2408 ἐταπείνωσὰς
1620 2384 1668 2410 με.
1693 2375 1766 2402 Ὢσεὶ
1783 2375 1885 2410 ἔλεγεν-

1103 2420 1210 2447 Εὑδοκῶ
1226 2421 1254 2447 ὲν
1275 2420 1435 2453 ἀσθενείαις,
1463 2422 1492 2447 ὲν
1509 2421 1626 2456 ὕϐρεσιν,
1651 2421 1680 2447 ὲν
1700 2421 1845 2456 ἀνάγκαις,
1861 2423 1887 2448 ὲν

1100 2466 1238 2502 διωγμοῖς,
1264 2468 1293 2492 ὲν
1309 2467 1509 2502 στενοχωρίαις,
1529 2467 1603 2500 aeto;
1625 2466 1740 2502 ὀφθῆναι
1755 2468 1811 2494 τῶν
1835 2469 1887 2494 σῶν

1099 2511 1308 2547 δικαιωμάτων,
1337 2511 1426 2548 ζητῶν
1452 2512 1524 2548 ἅπερ
1552 2513 1602 2539 οὐκ
1626 2513 1698 2540 ἐστιν
1721 2513 1811 2545 ἄλλως
1839 2523 1887 2549 μα-

1100 2557 1166 2584 θεῖν.

1142 2604 1264 2638 Ἀγαθός
1286 2611 1338 2638 μοι
1354 2604 1370 2630 d
1385 2604 1476 2638 νόμος
1497 2605 1549 2631 τοῦ
1575 2604 1721 2639 στόματός
1733 2612 1794 2632 σου
1812 2606 1885 2639 ὑπὲρ

1103 2648 1238 2682 χιλιάδας
1254 2649 1383 2683 χρυσίου
1397 2649 1446 2676 καὶ
1466 2649 1620 2684 ἀργυρίου.
1638 2650 1723 2685 Ὅσης
1746 2650 1863 2684 ἠξίωται

1102 2694 1243 2730 ἄνθρωπος
1257 2695 1409 2721 διδάσκεται
1420 2695 1604 2731 εἰσαγόμενος.

1139 2740 1174 2765 Al
1189 2738 1286 2773 χεῖρές
1296 2747 1354 2766 σου
1368 2739 1517 2772 ἐποίησάν
1533 2748 1581 2774 με.
1595 2739 1706 2775 Ἕτερον
1729 2738 1841 2774 ἀξίωμα
1859 2739 1887 2765 τὸ

301 2829 323 2844 ⁵³
337 2828 396 2855 Act.
416 2835 470 2862 ινι,
485 2826 547 2856 25.Δ
577 2829 600 2845 ⁵⁸
614 2827 696 2857 Hebr.
717 2836 758 2864 ιιι,
775 2828 839 2865 1ιῆ
857 2829 880 2846 ⁸⁸
894 2828 967 2857 Psal.
985 2836 1050 2856 xui

1099 2828 1121 2855 2.
1160 2829 1181 2845 ⁵⁷
1197 2827 1268 2857 Psal.
1285 2837 1362 2862 ινιιι,
1380 2829 1422 2856 l0.
