1926 3051
55 109 106 136 ι’ῖῗ)

585 106 770 134 EXPOSITIO
788 105 819 132 IN
840 105 1004 134 PSALMUM
1024 107 1138 135 CXVIII.

1627 107 1678 135 ιθι

55 168 176 194 ὂεκτικδν
192 168 274 194 αὐτὸν
286 165 355 195 εἶναι
372 168 418 194 καὶ
435 167 588 204 χωρητικὸν
618 168 667 202 τῆς
682 167 764 194 αὑτοῦ
787 167 844 193 δια-

910 167 930 193 it
955 175 1039 202 capax
1057 169 1120 196 talis
1144 169 1335 204 intelligentize.
1355 169 1396 195 Da
1421 169 1483 195 mihi
1507 168 1679 202 intellectum,

58 213 139 244 νοίας.
157 213 322 240 Συνέτισόν
336 221 384 248 με,
400 213 450 240 καὶ
462 212 635 248 μαθήσομαι
651 212 705 246 τὰς
720 212 846 244 ἐντολάς

56 265 125 286 σου.
136 258 174 293 Τῇ
186 258 232 283 ἐπὶ
248 258 298 293 τῆς
310 259 443 294 ποιήσεως
454 258 614 294 εὐχαριστίᾳ
626 257 684 284 λίαν
694 257 846 289 ἀκολούθως

56 304 74 339 ή
87 303 139 338 τῆς
151 304 278 338 νοητικῆς
292 303 432 338 δυνάμεως
453 304 502 338 τῆς
520 304 638 331 συνιέναι
659 303 787 338 ποιούσης
797 304 846 336 τὰς

57 349 179 380 ἐντολάς.

93 396 126 421 οι
133 395 311 428 φοϐούμενοί
319 401 365 427 σε,
378 394 503 428 ὅψονταί
511 402 559 427 σε,
570 395 618 421 καὶ
628 394 847 429 εὐφρανθήσον-

54 446 112 465 ται.
137 438 272 472 Διδάσκει,
286 438 323 470 ὡς
338 438 388 465 οὐκ
413 439 495 470 αὐτὸς
509 438 589 474 μόνος
614 439 721 471 καθέξει
746 439 776 465 τὸ
799 439 847 474 χά-

57 491 155 519 ρισμα,
175 483 272 518 φθάσει
285 484 313 510 δὲ
330 484 375 511 καὶ¹
398 485 438 515 εἰς
459 484 563 517 πάντας
588 485 652 517 τοὺς
666 484 847 520 φοϐουμένους

54 529 101 555 τὸν
114 529 226 564 Κύριον.
241 530 303 561 Τοῖς
326 529 381 565 γὰρ
408 530 531 557 εὐσεϐέσι
558 531 649 566 μόνοις
670 531 745 557 ἐστὶν
770 531 846 565 ήδὺς,

55 574 193 610 αἰσθητῶς
211 575 239 602 δὲ
257 575 365 610 όραθεὶς
383 576 429 602 καὶ
456 575 527 603 κατὰ
544 576 589 602 τὺν
616 575 695 610 λόγον
714 575 761 602 καὶ
777 575 847 602 κατὰ

54 619 90 646 τὰ
102 621 224 654 νοήματα
239 620 290 655 τῆς
302 621 396 655 σοφίας
408 622 441 656 ἠν
453 621 518 656 ἔχει·
538 623 593 653 τοῖς
611 621 639 647 δὲ
660 621 749 653 ἄλλοις
763 622 848 657 βαρύς

54 665 113 691 ἐστι
131 665 178 691 καὶ
193 665 366 700 βλεπόμενος.
381 667 441 693 Ὅτι
452 667 576 702 ἀνόμοιος
591 668 647 698 τοῖς
661 667 750 699 ἄλλοις
763 667 777 693 ὁ
793 667 847 702 βίος

54 709 138 736 αὑτοῦ
154 710 201 737 καὶ
218 711 415 747 ἐξηλλαγμέναι
429 712 458 738 αἰ
480 712 566 748 τρίὸοι
594 711 687 746 αὑτοῦ,
709 712 753 739 διὰ
770 712 848 739 τοῦτο

53 757 82 782 δέ
95 765 189 792 φησιν·
211 756 489 791 Εὐφρανθήσονται,
508 758 552 784 ὅτι
568 759 612 791 εἰς
640 758 710 791 τοὺς
739 758 849 792 λόγους

54 811 113 831 σου
128 803 296 837 ἐπήλπισα.

898 218 928 239 ut
939 213 1039 240 discam
1053 215 1180 242 mandata
1196 220 1251 242 tua.
1266 215 1331 243 Post
1343 207 1498 251 gratiarum.
1508 215 1628 243 actiones
1647 216 1680 243 de

897 259 1034 287 creatione
1046 268 1105 293 sua,
1124 261 1201 288 valde
1215 265 1411 296 consequenter
1425 265 1605 288 annectuntur
1616 267 1680 295 gra-

897 304 995 331 tiarum
1021 305 1141 333 actiones
1165 313 1213 340 pro
1229 306 1291 333 datu
1310 306 1445 341 cogitandi
1468 305 1604 337 iacullate,
1619 313 1681 340 quae

897 349 1024 376 mandata
1037 349 1184 384 intelligere
1200 349 1274 377 facit.

934 393 977 420 74.
993 393 1045 425 Qui
1063 395 1154 421 timent
1170 400 1192 421 te
1218 395 1337 421 videbunt
1357 399 1390 427 te,
1404 398 1428 421 et
1446 394 1615 421 lwtabuntur.
1627 391 1678 419 Do—

899 443 941 467 cet
956 447 1010 467 non
1032 447 1061 467 se
1074 441 1162 468 solum
1180 448 1239 468 eam
1260 441 1376 476 gratiam
1400 445 1618 472 consecuturum,
1633 439 1678 466 sed

897 492 958 512 eam
976 486 1102 514 omnibus
1121 486 1280 514 timentibus
1303 486 1387 513 Deum
1406 487 1590 514 obventuram.
1611 484 1679 512 Nam

898 530 951 564 piis
972 531 1061 558 solum
1082 531 1238 558 hominibus
1255 531 1342 559 dulcis
1356 536 1413 565 est;
1425 532 1462 558 ita
1479 536 1508 558 ut
1522 531 1603 558 etiam
1617 537 1679 558 sen-

898 575 1011 603 sibiliter
1023 576 1154 608 videatur,
1164 580 1190 603 et
1203 577 1351 604 secundum
1363 577 1521 609 verbum,et
1531 575 1680 603 secundum

898 621 1075 655 cogitationes
1088 621 1228 656 sapientiae
1238 629 1320 657 quam
1331 622 1412 649 habet
1424 629 1431 654 ;
1444 621 1503 649 aliis
1516 625 1606 648 autem
1619 628 1680 656 gra-

898 665 939 693 vis
953 670 980 693 et
992 666 1077 694 durus
1091 670 1142 699 est,
1160 667 1267 695 etiamsi
1285 667 1416 695 videatur.
1437 666 1506 700 Quia
1525 666 1585 693 aliis
1599 665 1680 693 dissi-

899 712 971 739 milis
987 712 1095 740 estvita
1107 714 1166 748 ejus
1184 718 1211 741 et
1229 713 1343 741 diversae
1362 713 1413 741 via:
1432 713 1503 748 ejus,
1517 712 1577 740 ideo
1595 711 1680 740 dicit:

899 758 1082 792 Latabuntur,
1100 760 1163 794 quia
1177 760 1204 786 in
1216 760 1299 787 verbis
1315 760 1366 786 tuis
1377 759 1568 794 supersperat'i.

92 850 218 884 Ἔγνων,
231 851 327 884 Κύριε,
343 849 387 876 ὅτι
402 850 578 884 δικαιοσύνη
591 850 627 877 τὰ
639 850 764 885 κρίματὰ
778 857 845 877 σου.

933 849 977 876 75.
998 849 1123 885 Cognovi,
1145 850 1263 884 Domine,
1277 851 1339 886 quia
1363 851 1473 886 aquilas
1493 850 1599 885 judicia
1623 853 1680 879 tua.

55 896 255 931 Διδασκόμεθα,
274 897 312 928 ὡς
323 896 411 923 πάντα
425 897 491 932 ἡμῖν
507 897 522 923 ὀ
548 897 614 928 Θεὸς
627 897 738 928 δικαίως
753 896 849 931 ἐπιφέ-

59 952 108 978 ρει*
139 942 211 969 ὥστε
237 943 385 976 ἀναγκαῖον
418 942 455 978 μὴ
482 942 625 978 ὀλιγωρεῖν
651 942 727 977 ἡμᾶς
746 943 774 968 ἐν
791 943 850 973 ταῖς

58 989 207 1020 παιδείαις,
232 989 413 1024 προσπίπτειν
440 988 468 1015 δὲ
484 988 593 1023 μᾶλλον,
610 988 658 1014 καὶ
685 988 718 1014 ὲκ
739 988 788 1023 τῆς
801 987 849 1014 τοῦ

57 1036 140 1070 νόμου
153 1035 279 1069 φυλακῆς
293 1034 338 1061 τὸν
353 1034 426 1060 ἔλεον
439 1033 566 1066 ἐξαιτεῖν.

94 1080 254 1113 Γενηθήτω
281 1079 320 1113 δὴ
345 1080 378 1106 τὸ
406 1079 491 1111 ἔλεός
504 1087 562 1105 σου
581 1078 632 1105 τοῦ
645 1077 850 1112 παρακαλέσαι

58 1135 104 1162 με.
125 1127 219 1158 Ἔλεος
235 1125 283 1152 τοῦ
298 1125 403 1160 Πατρὺς
419 1126 433 1151 ὁ
455 1124 529 1156 Υἰὸς,
544 1124 574 1156 ὃς
602 1124 649 1150 καὶ
667 1123 850 1158 παρεκάλεσεν

60 1172 139 1207 ἡμῶν
154 1172 204 1203 τὰς
220 1171 346 1207 καρδίαςι
362 1170 579 1206 τυραννουμένας
603 1169 655 1196 ὑπό
671 1168 718 1195 τοῦ
734 1169 849 1195 Σατανᾶ.

64 1217 99 1243 Ἦ
118 1217 166 1243 καὶ
182 1215 278 1246 οὕτως·
295 1215 395 1250 Δέομαι
410 1214 480 1242 κατὰ
494 1214 540 1241 τὸν
560 1215 606 1240 σὸν
626 1214 710 1247 Λόγον
727 1214 789 1248 ἐμοὶ
813 1213 851 1248 τῷ

64 1261 149 1296 δούλῳ
162 1269 208 1287 σου
222 1261 267 1286 ἐπὶ
284 1260 453 1296 παρακλήσει
475 1259 523 1285 καὶ
542 1257 702 1293 παραμυθία
728 1257 758 1283 τὸ
778 1256 850 1288 ἔλεός

64 1316 111 1335 σου
135 1307 272 1341 γενέσθαι.
304 1306 399 1332 Πολλοὶ
419 1306 473 1341 γὰρ
505 1305 703 1340 παρακλήσεως
726 1303 850 1338 τυχόντες

61 1353 231 1383 ἀπατῶνται,
249 1351 286 1382 ὡς
302 1350 331 1383 ἐξ
349 1350 415 1382 ἰδίας
428 1350 585 1385 φρονήσεως
608 1349 680 1375 τοῦτ’
695 1348 849 1383 ἐσχηκέναι.

62 1399 159 1430 ὀπως
173 1398 209 1434 μὴ
223 1396 353 1428 ὡσαύτως
374 1396 477 1428 τούτοις
490 1395 629 1432 πλανηθῶ,
646 1396 658 1420 ὲ
663 1395 707 1429 μοὶ
717 1393 756 1429 τῷ
769 1393 852 1428 δούλῳ

61 1451 111 1470 σου
126 1443 156 1469 τὸ
169 1443 242 1473 ἔλεός
262 1450 320 1473 σου,
335 1441 406 1468 κατὰ
417 1441 447 1467 τὸ
462 1441 552 1475 λόγιόν
569 1448 626 1471 σου,
644 1439 774 1474 γενέσθω.

103 1486 291 1516 Ἐλθέτωσάν
304 1495 355 1521 μοι
367 1487 393 1513 οὶ
407 1486 552 1520 οἰκτιρμοί
568 1492 637 1516 σου,
653 1484 701 1511 καὶ
717 1479 851 1517 (ﬂauum.

62 1536 169 1570 Ὠσπερ
178 1520 310 1568 ὑπέσχου,
317 1532 393 1568 φησὶ,
401 1532 450 1567 τὴν
458 1531 628 1567 παράκλησιν
636 1529 722 1561 οὕτως
729 1529 851 1564 ποίησον,
867 1520 888 1548 C

60 1581 126 1613 τοὺς
142 1581 205 1612 σοὺς
220 1579 361 1615 οἰκτείρων
377 1578 495 1609 οἰκέτας.

97 1624 357 1661 Αἰσχυνθήτωσαν
368 1623 565 1658 ὑπερήφανοι,
579 1621 622 1648 ὅτι
649 1620 758 1653 ἀδίκως
782 1620 853 1653 ἡνό-

59 1680 167 1708 μησαν
187 1673 232 1704 εἰς
246 1670 307 1706 ἐμὲ.
335 1671 366 1697 Et
387 1670 505 1706 τύχοιμι,
534 1668 611 1703 φησὶ,
637 1667 688 1702 τῆς
710 1666 786 1702 παρὰ
807 1665 853 1692 σοῦ
866 1696 872 1704 Ι

63 1718 204 1754 βοηθείας,
220 1716 281 1743 τότε
305 1717 329 1742 οἱ
358 1715 471 1751 πονηροὶ
483 1713 587 1749 δηλαδή
599 1712 724 1747 δαίμονες
737 1712 784 1738 καὶ
809 1711 854 1738 ἆν-

63 1764 169 1800 ορωποι
190 1761 392 1798 τῆςνὰληθείας
411 1761 502 1796 ἐχθροὶ
520 1758 752 1795 αἰοχυνθήσονται.
786 1757 856 1791 Ἐγὼ

62 1809 103 1842 δὲ,
115 1808 228 1835 ἐκείνων
253 1807 466 1842 αἰσχυνομένων,
498 1806 547 1832 οὐκ
575 1804 774 1839 ὲπαρθήσομαι·
797 1801 854 1829 ἀλλ’

61 1855 99 1882 ἐν
109 1854 175 1887 ταῖς
193 1853 330 1886 ἐντολαῖς
345 1859 403 1879 σου
419 1849 627 1885 ἁδολεσχήσω.

104 1897 392 1933 Ἔπιστρεψάτωσάν
405 1906 456 1932 μοι
480 1898 507 1923 οὶ
534 1895 712 1930 φοϐούμενοί
728 1900 773 1921 σε.
801 1894 856 1929 Τῆς

62 1946 142 1982 παρὰ
154 1945 209 1971 τῶν
223 1944 276 1971 σῶν
291 1944 403 1970 οἰκετῶν
418 1942 592 1974 διδασκαλίας
615 1941 735 1976 τύχοιμι.
761 1941 856 1967 Ἐστα.

63 1991 229 2026 simam,
245 1989 289 2017 οἶα
304 1990 350 2017 καὶ
378 1988 552 2024 ἐπιστρέφειν
582 1986 668 2013 εἰδυῖα
691 1985 790 2021 ψυχὰς,
813 1986 856 2013 διὰ

64 2039 96 2065 τὺ
115 2037 241 2064 πλουτεῖν
251 2036 297 2063 τὸν
311 2034 392 2071 φόϐον
403 2034 448 2060 τὸν
463 2033 519 2061 σόν.

100 2082 261 2117 Γενηθήτω
273 2081 293 2114 ἡ
310 2079 417 2114 καρδία
425 2087 485 2113 μου
511 2078 639 2112 ἄμωμος.
666 2076 723 2103 Οὐκ
734 2076 767 2104 ἂν
789 2076 858 2111 μετὰ

66 2129 187 2156 τοσαῦτα
200 2128 268 2163 ἔχων
279 2126 392 2162 καρδίαν
417 2117 530 2160 ἄμωμον
545 2123 631 2156 ἔλεγε·
655 2121 812 2156 Γενηθήτω
836 2121 856 2154 ἡ

65 2175 176 2210 καρδία
188 2182 247 2208 μου
261 2172 390 2208 ἄμωμος.
404 2171 497 2205 Τούτῳ
510 2168 711 2205 παραπλήσιον-
726 2167 857 2213 Καρδίαν
872 2184 895 2213 D

67 2219 204 2254 καθαρὰν
225 2219 331 2246 κτίσον
343 2218 378 2244 ὲν
389 2216 464 2251 ἐμοὶ.
480 2218 497 2243 ὁ
508 2215 590 2248 Θεός.
619 2213 686 2240 Τότε
702 2213 758 2248 γὰρ
778 2212 857 2248 μόνον

67 2267 119 2293 οὐκ
138 2265 366 2300 αἰσχυνθήσομαι,
380 2263 443 2289 ὅταν
465 2261 587 2297 ἀμώμως
597 2259 647 2292 τὰς
663 2259 709 2286 τοῦ
726 2258 793 2285 Θεοῦ
807 2266 858 2293 φυ-

67 2312 144 2345 λάξω
157 2310 275 2342 ἐντολάς.

113 2355 258 2383 Έκιιείπει
271 2355 315 2387 εἰς
326 2354 360 2380 τὸ
371 2352 520 2386 σωτήριόν
529 2359 587 2378 σου
599 2351 618 2384 ἠ
630 2349 714 2384 ψυχή
726 2358 796 2384 μου,
810 2349 859 2375 καὶ

69 2403 115 2435 εἰς
131 2401 186 2428 τὸν
202 2401 295 2434 λόγον
321 2406 380 2426 σου
408 2397 574 2431 ἐπήλπισα.
599 2396 725 2423 Διδάσκει
752 2395 825 2430 ἡμᾶς
845 2396 859 2421 ὁ

70 2447 220 2483 Προφήτης
232 2445 375 2480 ἐπιθυμεῖν
389 2443 434 2470 τοῦ
454 2443 544 2477 λόγου,
561 2442 608 2469 καί
636 2440 773 2477 ἐρωτικῶς
788 2440 858 2475 ἔχειν

71 2493 142 2529 πρὸς
156 2493 187 2518 τὸ
203 2492 335 2527 σωτήριον
347 2490 393 2516 τοῦ
409 2488 485 2515 Θεοῦ.
500 2488 556 2515 Καὶ
569 2487 595 2514 τί
606 2486 639 2514 ἂν
655 2486 697 2522 εῑη
724 2486 817 2521 ἕτερον
830 2485 860 2511 τὺ

72 2539 208 2574 σωτήριον
224 2537 240 2573 ἤ
258 2538 275 2573 ἡ
293 2536 427 2572 παρουσία
442 2534 489 2561 τοῦ
506 2534 625 2570 Κυρίου;
642 2534 692 2566 Εἰς
704 2532 757 2559 τὸν
769 2531 861 2565 λόγον

72 2591 133 2611 σου
149 2583 314 2617 ἐπήλπισα.
329 2581 393 2608 Νόει
404 2581 463 2607 ἀντὶ
480 2579 538 2612 τοῦ,
553 2579 603 2615 τὴν
618 2577 790 2612 ἐπαγγελίαν.
808 2575 861 2602 Λέ-

72 2638 152 2665 γεται
169 2629 197 2656 δὲ
210 2629 300 2663 λόγιον
316 2628 363 2654 καὶ
379 2628 396 2663 ή
416 2627 591 2658 θεόπνευστος
605 2625 708 2661 Γραφή.
727 2622 862 2650 Ἐκλείπει

73 2676 165 2704 τοίνυν
175 2675 205 2702 οὐ
222 2675 302 2702 ιιόνον
312 2675 328 2701 ὀ
336 2674 386 2709 τὴν
397 2673 543 2708 ὑπόσχεσιν
554 2672 605 2707 τὴν
623 2670 698 2699 θείαν
710 2668 861 2706 ἀναμένων,

107 2764 132 2781 ’⁸
144 2763 217 2792 Psal.
230 2773 257 2794 ι,
275 2763 321 2790 ιτ.

110 2813 165 2845 MS)
181 2812 270 2841 Locus
283 2810 405 2838 vitiatus.

900 893 1035 922 Docemur
1050 889 1133 923 Deum
1155 897 1234 925 nobis
1254 897 1343 924 omnia
1356 897 1430 932 juste
1448 890 1588 930 conferre;
1603 897 1640 924 ita
1654 900 1683 924 ut

899 941 1051 968 consultum
1067 941 1111 973 sit,
1126 950 1176 970 nos
1191 950 1245 970 non
1261 943 1353 970 animo
1370 943 1513 971 concidere
1529 943 1557 970 in
1570 943 1683 978 castiga-

900 985 1031 1020 tionibus,
1047 987 1094 1014 sed
1108 995 1153 1014 eas
1165 988 1254 1022 potius
1268 988 1404 1023 amplecti,
1416 993 1497 1024 atque
1514 996 1548 1015 ex
1559 988 1626 1024 legis
1636 995 1684 1016 cu-

900 1031 987 1058 stodia
1002 1031 1216 1060 misericordiam
1228 1033 1377 1068 postulare.

936 1076 978 1104 76.
1000 1077 1063 1104 Fiat
1076 1079 1258 1106 misericordia
1274 1084 1320 1106 tua
1334 1084 1362 1105 ut
1375 1079 1525 1106 consoletur
1540 1087 1589 1106 me.
1603 1078 1684 1106 Mise-

902 1123 1016 1151 ricordia
1033 1124 1119 1152 I’atris
1134 1124 1228 1158 Filius,
1245 1125 1290 1160 qui
1308 1125 1464 1153 consolatus
1478 1131 1519 1153 est
1538 1125 1621 1152 corda
1633 1133 1685 1152 no-

903 1173 958 1195 stra
986 1169 1095 1197 Satanae
1120 1170 1263 1205 tyrannide
1292 1171 1493 1205 nppressa.Vel
1516 1171 1598 1198 etiam
1623 1171 1685 1198 sic:

904 1213 1023 1242 Obsecro
1038 1220 1072 1248 te,
1083 1224 1131 1250 per
1145 1215 1263 1243 Verbum
1278 1221 1364 1250 tuum,
1377 1220 1407 1244 ut
1421 1216 1486 1243 mihi
1499 1224 1577 1244 servo
1593 1221 1638 1244 tuo
1651 1216 1687 1244 ad

905 1261 1119 1289 consolationem
1136 1262 1320 1289 misericordia
1334 1267 1379 1290 tua
1394 1262 1513 1290 accedat.
1526 1261 1603 1289 Multi
1614 1269 1688 1290 nam-

906 1313 957 1341 que
971 1307 1017 1341 qui
1033 1307 1234 1334 consolationes
1251 1308 1388 1341 aceipiunt
1401 1307 1583 1342 decipiuntur,
1607 1307 1688 1342 quali

905 1358 938 1378 ex
954 1359 1003 1378 sua
1016 1352 1156 1386 prudentia
1171 1352 1198 1379 id
1210 1350 1282 1379 nac'ti
1295 1352 1406 1379 fuerint.
1419 1351 1457 1379 Ne
1470 1351 1560 1386 itaque
1569 1351 1628 1386 pari
1637 1358 1688 1387 ego

906 1396 987 1423 modo
1011 1398 1145 1429 aberrem,
1166 1396 1231 1423 mihi
1256 1403 1335 1423 servo
1354 1400 1402 1423 tuo
1430 1395 1478 1423 ﬁat
1501 1395 1688 1424 misericordia

906 1445 962 1473 tua,
980 1442 1129 1469 secundum
1146 1441 1284 1474 eloquium
1301 1445 1389 1468 tuum.

943 1486 985 1513 77.
995 1486 1104 1514 Veniant
1111 1487 1175 1514 milii
1185 1487 1363 1514 miserationes
1376 1491 1438 1519 tute,
1450 1490 1474 1513 et
1484 1487 1578 1513 uiuam.
1588 1485 1690 1519 Quem-

906 1533 1063 1565 admodum,
1073 1533 1171 1568 inquit,
1182 1533 1396 1560 consolationem
1406 1533 1568 1568 promisisti,
1578 1532 1615 1560 ita
1629 1540 1690 1567 pro-

905 1579 1018 1606 missum
1033 1579 1124 1614 imple,
1139 1587 1170 1606 ac
1184 1579 1313 1606 miserere
1327 1579 1495 1606 domesticos
1509 1583 1571 1606 tuos

940 1623 983 1650 78.
996 1623 1199 1658 Confundantur
1212 1623 1326 1659 superbi,
1337 1624 1399 1659 quia
1414 1623 1511 1658 injuste
1523 1624 1690 1659 iniquitatem

905 1667 1020 1701 fecerunt
1042 1668 1071 1694 in
1096 1675 1145 1694 me.
1160 1667 1188 1694 Si
1211 1672 1305 1700 tuum,
1323 1668 1419 1703 inquit,
1443 1667 1574 1695 auxilium
1593 1675 1691 1696 conse-

905 1719 982 1746 quar,
1003 1717 1068 1739 tunc
1095 1712 1206 1747 maligni
1227 1713 1364 1740 daemones
1376 1717 1403 1740 et
1425 1713 1548 1740 homines
1568 1713 1690 1741 veritatis

906 1757 1008 1784 inimici
1016 1756 1225 1784 coniundentur.
1234 1756 1290 1792 Ego
1300 1762 1401 1791 autem,
1417 1758 1449 1785 iis
1462 1759 1564 1793 pudore
1575 1757 1689 1791 affectis,

906 1809 961 1830 non
971 1802 1092 1830 extollar.
1109 1801 1163 1829 Sed
1177 1802 1206 1828 in
1220 1802 1354 1830 manda‘ir
1368 1803 1421 1829 tuis
1434 1803 1582 1830 exercebar.

943 1899 985 1927 79.
1003 1900 1195 1927 Convertuntur
1209 1900 1274 1926 mihi
1290 1900 1408 1927 timentes
1425 1905 1459 1928 te.
1476 1899 1691 1929 Domesticorum

907 1950 1015 1972 tuorum
1036 1945 1158 1972 doctrina
1177 1944 1298 1977 imbuar,
1313 1953 1374 1980 quae
1395 1946 1458 1973 talis
1475 1945 1542 1978 erit,
1564 1950 1594 1973 ut
1623 1945 1692 1974 sciat

907 1990 1013 2018 animas
1025 1995 1191 2023 convertere,
1209 1990 1273 2025 quia
1288 1991 1384 2018 timore
1400 1995 1446 2018 tuo
1460 1991 1535 2019 dives
1549 1996 1600 2019 est.

942 2078 986 2105 80.
1003 2077 1066 2105 Fiat
1076 2087 1121 2105 cur
1131 2086 1217 2106 meum
1229 2079 1441 2106 immaculatum.
1451 2079 1507 2114 (48)
1520 2078 1630 2107 Etiamsi
1644 2087 1692 2107 cor

907 2130 1005 2158 purum
1024 2123 1138 2155 habeat,
1155 2123 1213 2151 ait:
1231 2123 1294 2150 Fiat
1317 2132 1362 2151 cor
1378 2132 1463 2151 meum
1479 2125 1690 2153 immaculatum.

909 2168 978 2195 lluic
1000 2168 1088 2195 simile
1104 2172 1143 2195 est
1157 2177 1164 2194 :
1181 2168 1232 2195 Cor
1243 2169 1369 2195 mundum
1386 2177 1446 2196 crea
1469 2169 1497 2196 in
1509 2178 1559 2203 me,
1579 2170 1646 2198 Deus
1657 2171 1691 2198 ".

910 2214 996 2249 (Atius
1005 2214 1109 2249 codex.)
1123 2213 1210 2247 'I'unc,
1229 2214 1326 2249 inquit,
1339 2223 1392 2242 non
1408 2215 1567 2250 confundar,
1585 2217 1693 2251 quando

910 2259 1083 2287 immaculato
1099 2260 1144 2286 Dei
1163 2264 1294 2295 praecepta
1314 2261 1440 2288 servabo.

945 2347 990 2374 Si.
1003 2347 1097 2381 Deficit
1109 2348 1135 2374 in
1153 2347 1270 2373 salutare
1283 2352 1355 2374 tuum
1374 2348 1463 2375 anima
1478 2357 1544 2382 mea,
1558 2354 1584 2377 et
1597 2351 1625 2377 in
1639 2359 1697 2378 ver-

911 2393 971 2420 bum
988 2398 1062 2419 tuum
1077 2395 1268 2427 supersperaui.
1280 2393 1363 2421 Docet
1375 2401 1424 2421 nos
1439 2393 1574 2429 Propheta
1591 2396 1698 2423 deside-

912 2447 974 2467 rare
986 2440 1107 2470 verbum.
1120 2443 1147 2466 et
1161 2439 1313 2467 vehementi
1331 2447 1423 2467 amore
1443 2441 1562 2468 salutare
1574 2441 1620 2468 Dei
1632 2449 1697 2476 pro—

913 2486 1000 2520 sequi.
1016 2484 1120 2520 Ecquid
1135 2484 1207 2512 aliud
1222 2484 1304 2512 fuerit
1317 2485 1436 2512 salutare
1456 2485 1514 2518 Dei,
1526 2486 1578 2513 nisi
1596 2487 1698 2513 adven-

912 2534 957 2558 tus
968 2530 1095 2557 Domini?
1111 2531 1143 2556 In
1158 2529 1262 2556 verbum
1276 2535 1349 2556 tuum
1365 2531 1552 2564 supersperavi,
1566 2531 1694 2566 intellige.

915 2576 942 2603 in
963 2575 1179 2610 promissionem.
1198 2574 1347 2610 ‘Eloquium
1369 2580 1458 2602 autem
1479 2580 1593 2602 vocatur
1613 2576 1696 2603 etiam

915 2619 1055 2655 Scriptura
1072 2619 1200 2647 divinitus
1221 2619 1362 2654 inspirata.
1379 2618 1474 2647 Deﬁcit
1493 2626 1558 2654 ergo
1577 2626 1631 2646 non
1648 2625 1695 2646 so-

915 2667 971 2695 lum
987 2665 1035 2701 qui
1047 2665 1166 2694 divinam
1185 2665 1395 2700 promissionem
1424 2669 1572 2700 exspectat,
1589 2669 1696 2691 necnon
