1926 3051
243 102 297 130 495

660 101 688 128 S.
710 100 895 127 ATHANASII
914 99 988 127 OPP.
1010 98 1099 126 PARS
1117 97 1160 126 Ill.
1183 113 1216 119 —
1236 96 1444 126 EXEGETICA.

1808 97 1857 125 ‘96

245 161 403 190 instantium
417 166 548 186 maiorum
562 159 723 186 solutionem
736 167 743 191 ;
761 157 809 185 sed
823 158 905 185 etiam
918 157 965 192 qui
982 156 1024 183 di-

1078 156 1123 183 καὶ
1136 155 1184 192 τὴν
1210 155 1286 182 λύσιν
1311 155 1365 182 τῶν
1377 154 1558 189 ἐπικειμένων
1571 162 1663 182 κακων
1678 153 1858 190 προσδεχόμε-

243 205 308 234 vina
327 204 392 240 legit
410 203 528 238 eloquia,
543 207 570 230 et
592 202 637 237 qui
651 209 746 230 eorum
766 208 883 230 mentem
900 206 1026 229 accurate

244 250 364 279 ediscere
374 253 492 284 exoptat,
504 254 529 276 et
539 248 752 276 consolationem
765 247 1026 282 oblectationemque

243 297 330 324 animi
341 295 423 324 habet
434 303 496 323 cum
509 294 651 322 invenerit.

279 382 323 409 82.
333 381 485 416 Defecerunt
500 380 569 407 oculi
582 381 632 407 mei
647 381 674 407 in
686 380 817 415 eloquium
831 385 914 407 tuum.
930 379 959 407 In
972 379 1025 407 Do-

244 427 348 454 minum
371 426 494 454 videlicet
515 429 640 453 nostrum
654 425 746 454 Jesum
761 425 910 457 Christum,
926 425 1023 461 inquit.

244 471 332 507 Ipsum
349 471 596 506 namqueliabemus
611 471 766 499 advocatum
782 472 852 506 apud
866 471 985 505 Patrem,
999 476 1024 499 et

243 518 298 553 ipse
307 523 344 544 est
360 517 511 552 propitiatio
521 525 569 552 pro
579 517 692 552 peccatis
704 517 810 549 nostris,
824 518 900 552 juxta
912 517 1025 552 apostoli

241 562 376 591 vocem”.
399 562 531 595 Dicentcs,
550 563 655 598 quando
683 562 857 589 consolabcris
883 563 942 589 me?
957 562 1023 589 Cum

241 609 353 636 verbum
369 608 497 637 adveniet
519 609 602 642 mihi,
630 613 695 636 tunc
716 608 931 636 consolationem
950 608 1023 635 acci-

240 655 324 690 piam.

275 701 320 727 83.
335 701 404 732 Quia
418 700 505 735 factus
515 708 574 727 sum
583 700 649 727 sicut
661 704 718 726 uter
728 700 756 726 in
771 699 877 734 pruina.
894 698 963 726 Justi
972 698 1023 726 etsi

240 746 362 774 viventes
378 746 442 779 sint,
460 746 539 781 quasi
552 747 651 773 mortui
667 754 699 773 ex
713 745 842 773 aerumnis
856 744 1021 776 eﬁiciuntur,

240 792 277 819 ita
295 797 325 819 ut
341 792 448 819 utribus
461 792 547 826 magis
568 799 649 826 quam
669 791 825 818 hominibus
841 790 942 818 similes
957 790 1021 823 sint,

1076 210 1130 234 νος,
1145 202 1212 229 ἀλλὰ
1228 201 1275 228 καὶ
1290 202 1368 233 ὁτοῖς
1382 200 1463 232 θείοις
1492 200 1661 235 ἐντυγχάνων
1688 199 1799 234 λογίοις,
1816 200 1859 227 καὶ

1075 247 1124 282 τὴν
1134 247 1237 274 τούτων
1248 247 1366 274 διάνοιαν
1390 246 1558 282 καταμαθεῖν
1573 245 1693 281 ἀκριϐῶς
1709 246 1858 281 ἐφιέμενος,

1075 293 1122 319 καὶ
1137 292 1309 328 παράκλησιν
1337 292 1384 319 καὶ
1406 291 1582 327 ψυχαγωγίαν
1607 291 1796 327 ὺπολαμὸάνει
1816 291 1859 326 τὴν

1074 337 1191 372 εὕρεσιν.

1115 382 1272 414 Ἐξέλιπον
1285 382 1313 409 οἱ
1328 381 1479 416 ὀφθαλμοί¹
1482 389 1542 416 μου
1561 381 1605 414 είς
1617 381 1651 408 τὸ
1677 381 1782 416 λόγιόν
1793 389 1858 408 σου.

1074 427 1121 459 Εἰς
1132 427 1177 455 τὸν
1193 427 1294 464 Κύριον
1304 426 1382 462 ἡμῶν
1405 427 1507 462 Ἰησοῦν
1518 427 1646 462 Χριστὸν,
1669 427 1762 461 φησίν.
1778 427 1861 453 Αὐτὸν

1076 473 1130 509 γὰρ
1144 473 1253 508 ἔχομεν
1275 471 1467 507 παράκλητον
1489 472 1564 506 πρὸς
1586 472 1640 499 τὸν
1653 471 1779 506 Πατέρα,
1793 472 1862 498 κατὰ

1073 519 1122 556 τὴν
1140 520 1187 546 τοῦ
1199 519 1346 546 ἀποστόλου
1368 519 1473 554 φωνήν·
1493 518 1542 545 καὶ
1554 518 1645 550 αὐτὸς
1658 517 1786 552 ἱλασμός
1798 518 1863 544 ἐστι

1073 565 1140 599 περὶ
1154 564 1213 592 τῶν
1229 564 1378 599 ἁμαρτιῶν
1389 563 1484 599 ἡμῶν,
1500 563 1655 598 Λέγοντες,
1680 563 1753 589 πότε
1767 570 1861 596 παρα-

1073 611 1212 644 καλέσεις
1224 619 1284 646 ys;
1298 611 1382 638 Ὅταν
1398 610 1451 645 γὰρ
1461 610 1624 645 ὲπιδημήσει
1640 617 1684 644 μοι
1695 609 1785 642 λόγος,
1801 609 1863 635 τότε

1073 656 1295 693 παρακαλοῦμαι.

1110 703 1175 729 Ὀτι
1188 701 1335 738 ἐγενήθην
1347 701 1419 729 ὡσεί
1437 701 1535 734 ἀσκὸς
1560 701 1594 727 ὲν
1619 699 1733 734 πάχνη.
1758 701 1863 735 Nmpe!

1070 748 1123 784 -μὲν
1135 748 1233 784 μᾶλλον
1243 749 1268 775 οι
1284 747 1384 780 ζῶντες
1395 748 1447 774 ὑπὸ
1460 747 1514 774 τῶν
1534 745 1680 774 κακώσεων
1702 746 1825 780 γίνονται
1839 748 1863 773 οἱ

1072 793 1181 827 δίκαιοι,
1195 794 1233 826 ὡς
1246 795 1339 826 ἀσκοῖς
1353 794 1470 821 ἐοικέναι
1486 793 1585 829 μᾶλλον
1599 793 1615 828 ἢ
1628 792 1782 828 ἀνθρώποις
1796 793 1864 820 ἀπο-

239 838 447 872 rel'rigescentes
460 836 538 871 quasi
555 836 650 871 pruina
665 836 815 871 congelata,
832 835 880 870 qui
898 835 1022 862 ardorem

1078 840 1216 875 puxdttsvm
1228 839 1352 875 καθάπερ
1366 840 1455 876 πάχνη
1469 838 1705 875 περιπηγνυμένη.
1716 839 1746 866 τὺ
1762 839 1863 875 θερμὸν

239 882 367 916 practica:
385 882 446 908 vita:
459 881 622 916 delegerunt.
639 880 775 916 Ejusdem.
798 879 864 908 Uter
881 881 907 907 in
924 880 1022 914 pruina

239 926 371 960 eﬂicitur,‘
380 927 427 962 qui
441 933 551 954 carnem
569 934 648 954 suam
667 927 796 958 exsiccat,
811 931 838 953 et
862 926 929 953 nihil
947 926 974 953 in
988 933 1022 953 ea

240 973 346 1000 ardoris
362 977 390 1000 et
403 972 629 1008 concupiscentia:
650 972 788 1008 relinquit,
809 971 855 1000 sed
870 979 929 999 eam
943 971 1022 1008 quasi

240 1019 393 1054 refrigerat.

275 1064 318 1092 84.
335 1064 405 1097 Quot
421 1068 481 1091 sunt
494 1063 550 1091 dies
562 1064 631 1091 serui
645 1063 792 1091 tui5’Pauci
803 1063 876 1091 enim
887 1066 951 1090 sunt
963 1062 1022 1090 dies

241 1110 382 1137 hominum
394 1116 476 1144 super
486 1113 596 1141 terram,
609 1108 744 1144 inquibus
760 1111 838 1143 rogat
854 1107 943 1135 statim
956 1113 1023 1134 con-

239 1156 289 1184 teri
307 1155 433 1182 Satanam
451 1155 502 1182 sub
517 1154 631 1190 pedibus
656 1155 727 1189 ejus,
745 1157 776 1182 ut
789 1154 880 1181 anima
894 1152 1022 1188 subjicia-

239 1206 283 1229 tur
298 1201 389 1228 divino
401 1199 488 1227 Verbo
502 1200 528 1227 in
544 1207 604 1227 eam
618 1200 752 1227 immisso.

274 1289 319 1316 85.
333 1288 514 1315 Narraverunt
522 1288 585 1315 mihi
599 1288 683 1323 iniqui
695 1288 882 1323 fabulationes.
898 1287 952 1314 Aut
963 1294 1022 1313 ant-

240 1335 279 1362 les
299 1334 404 1362 fabtilas
425 1340 504 1362 vocat
524 1333 679 1362 Iudaeorum
706 1333 869 1365 doctrinam,
889 1337 938 1361 aut
953 1340 1022 1368 pra?-

240 1383 317 1413 cepta
344 1378 485 1406 hominum
513 1382 540 1405 et
566 1385 651 1413 nugas
671 1377 834 1413 sapientium
862 1377 944 1412 hujus
972 1384 1022 1405 sae-

240 1425 305 1452 culi.

276 1470 320 1498 86.
341 1469 436 1497 Omnia
456 1470 582 1497 mandata
597 1474 643 1496 tua
658 1469 765 1502 veritas,
784 1469 872 1503 inique
893 1468 1022 1503 persecuti

238 1520 299 1542 sunt
318 1523 367 1546 me,
384 1514 480 1550 adjuva
492 1522 542 1542 me.
567 1513 675 1542 Gnarus
696 1513 764 1541 sein
786 1513 878 1540 divino
893 1511 1021 1539 tribunali
1034 1504 1057 1536 α

240 1559 391 1586 mercedem
414 1563 586 1594 accepturum
610 1566 660 1594 pro
681 1558 715 1586 iis
729 1565 790 1593 quae
803 1557 904 1593 injuste
924 1564 1022 1593 passus

238 1610 291 1637 est,
300 1606 380 1641 gestit
391 1605 456 1633 illud
469 1610 572 1641 tempus
585 1605 687 1633 videre.

274 1651 318 1679 87.
332 1650 417 1678 Paulo
429 1652 515 1678 minus
526 1655 770 1678 consummaverunt
785 1658 824 1678 me
835 1651 863 1677 in
875 1655 956 1678 terra.
967 1649 1021 1676 Pa-

239 1705 299 1724 rum
314 1697 401 1724 abfuit
413 1698 480 1732 quin
497 1705 530 1724 ex
551 1704 601 1725 sua
617 1697 805 1732 persecutione
827 1704 872 1725 me
892 1704 1022 1724 consum-

241 1747 356 1770 marent.
380 1736 415 1760 ³⁵η

274 1788 317 1815 88.
333 1787 481 1815 Secundum
495 1787 705 1815 misericordiam
724 1792 798 1814 tuam
815 1788 919 1822 uitiﬁea
933 1795 983 1820 me,
995 1791 1021 1814 et

239 1834 386 1860 custodiam
400 1834 549 1860 testimonia
563 1833 615 1860 oris
630 1833 678 1860 tui.
691 1831 728 1860 Os
745 1832 792 1860 Dei
807 1836 870 1859 sunt
884 1832 1021 1867 prophetae

239 1882 285 1918 qui
298 1882 489 1910 administrant
503 1882 668 1915 testimonia,
685 1885 830 1916 praecepta,
844 1880 1019 1915 justiticatio-

239 1935 288 1955 nes
303 1927 371 1962 ejus.

272 1972 456 2006 In'tzternum,
473 1972 595 2006 Domine,
613 1973 718 1999 verbum
743 1977 817 1998 tuum
838 1975 970 2005 permanet
991 1971 1019 1998 in

240 2021 314 2048 caelo.
337 2021 366 2048 In
382 2020 505 2056 profectu
527 2024 665 2051 versatur,
681 2022 708 2045 et
721 2017 880 2045 sublimiora
896 2017 1021 2053 dogmata

239 2067 364 2102 attingit,
383 2071 464 2101 atque
481 2069 612 2093 aeternum
628 2063 717 2091 Patris
738 2062 856 2090 Verbum
886 2063 1019 2096 meminit,

240 2117 266 2139 et
283 2116 388 2139 tantum
410 2119 464 2138 non
483 2110 549 2137 illud
566 2119 573 2135 :
591 2108 625 2135 In
647 2107 775 2142 principio
794 2111 852 2134 erat
875 2106 987 2134 Verbum
996 2107 1019 2123 ‘°

238 2157 319 2191 dicit;
331 2158 418 2192 deque
431 2155 550 2182 universi
563 2158 658 2181 ornatu
676 2153 805 2187 loquitur,
817 2158 845 2180 et
859 2152 930 2180 clare
940 2157 1020 2180 natu-

239 2211 296 2230 ram
311 2210 401 2230 rerum
418 2208 525 2228 omnem
541 2207 645 2227 servam
660 2199 719 2233 ejus
734 2203 821 2226 vocat.

271 2290 316 2318 89.
328 2290 361 2317 In
376 2289 566 2325 generationem
587 2292 613 2314 et
634 2286 825 2322 generationem
848 2286 944 2312 veritas
959 2290 1017 2312 tua.

238 2336 303 2364 Dote
317 2340 381 2363 sunt
390 2334 577 2370 generationes
591 2339 652 2367 quae
663 2331 710 2359 Dei
728 2331 870 2358 veritatem
885 2331 996 2365 capiunt
1009 2339 1016 2357 :

237 2382 391 2410 Iudaeorum
407 2379 533 2415 populus,
547 2378 594 2414 qui
613 2377 693 2404 habet
712 2377 798 2412 legem
813 2380 840 2404 et
855 2376 1017 2411 prophetas,

238 2431 266 2454 et
280 2426 411 2454 Ecclesia.
424 2424 484 2452 Non
499 2425 526 2451 in
540 2423 727 2459 generationes
739 2423 830 2458 itaque
845 2422 945 2449 veritas
959 2421 1017 2454 Dei,

239 2472 286 2499 sed
298 2472 324 2499 in
341 2471 540 2506 generationem
554 2469 670 2505 primam
682 2473 709 2496 et
723 2469 751 2496 in
763 2468 963 2504 generationem
977 2476 1014 2496 se-

239 2517 366 2545 cundam.
387 2516 453 2543 Alia:
472 2520 562 2542 autem
586 2518 679 2550 gentes
702 2513 729 2541 in
745 2521 839 2541 errore
863 2517 1016 2541 versantur.

237 2564 306 2592 Cum
318 2567 406 2590 autem
425 2562 499 2597 prior
510 2561 554 2588 illa
576 2560 714 2596 generatio
725 2559 819 2595 rejecit
836 2560 975 2587 veritatem
990 2563 1018 2586 et

237 2609 324 2636 dixit:
340 2608 422 2640 Tolle,
449 2607 510 2634 tolle
522 2607 543 2622 “
568 2607 601 2634 de
621 2611 692 2633 terra
705 2605 875 2641 hujusmodi,
891 2605 1017 2633 transivit

237 2655 337 2682 veritas
351 2654 385 2680 ab
400 2653 444 2680 illa
457 2653 483 2680 in
498 2653 568 2680 hanc
583 2651 796 2688 generationem.
814 2651 944 2678 Fundasti
962 2656 1015 2678 ter-

237 2708 295 2727 ram
305 2705 329 2727 ει
340 2704 482 2733 permanet.
496 2697 552 2725 Hae
567 2698 678 2725 veritate
702 2701 774 2724 terra
794 2696 902 2723 fundata
915 2700 966 2724 est.
987 2696 1015 2722 ln

237 2746 288 2772 hoc
308 2745 379 2772 enim
391 2744 514 2780 anguiari
539 2742 629 2778 lapide
649 2744 677 2770 in
694 2741 899 2769 fundamentum
915 2742 1014 2776 posito,

270 2800 294 2816 "
308 2799 406 2828 Hoan.
422 2808 451 2832 tt,
465 2800 492 2826 2.
530 2799 551 2815 ‘°
563 2797 639 2825 Joan.
656 2805 674 2830 ι,
691 2797 716 2824 1.
744 2797 765 2812 ⁶¹
780 2795 860 2823 Joan.
877 2804 932 2824 λιιι.
950 2797 993 2823 ιε.

1073 885 1121 911 καὶ
1138 885 1286 921 πρακτικὸν
1312 884 1532 920 προαιρούμενοι.
1562 883 1617 910 Τοῦ
1639 884 1742 910 αὐτοῦ.
1766 884 1864 916 Ἀσκὸς

1073 931 1101 956 ὲν
1117 930 1207 967 πάχνη
1221 931 1349 964 γίνεταιὸ
1360 931 1409 966 τὴν
1422 930 1518 958 ἑαυτοῦ
1534 929 1623 966 σάρκα
1637 928 1801 964 κατατήεας,
1813 931 1863 956 καί

1075 977 1157 1012 μηδὲν
1173 978 1201 1003 ὲν
1215 976 1290 1011 αὑτῷ
1302 976 1427 1012 πυρῶδες
1453 975 1499 1003 καὶ
1516 975 1711 1011 ἐπιθυμητικὸν
1725 975 1788 1007 ὲῶν,
1803 975 1863 1002 ἀλλ’

1073 1021 1213 1056 ἀποψύξας
1226 1020 1319 1057 ὥσπερ
1334 1021 1430 1056 αὐτήν.
1478 1032 1483 1038 ι

1106 1069 1202 1094 Πόσαι
1217 1067 1296 1094 εἰσιν
1311 1068 1339 1093 al
1348 1066 1453 1101 ἡμέραι
1465 1065 1518 1092 τοῦ
1529 1065 1640 1093 δούλου
1654 1073 1731 1098 σου;
1757 1065 1862 1100 Ὀλίγαι

1073 1113 1127 1148 γὰρ
1141 1113 1169 1139 αι
1183 1112 1237 1139 τῶν
1251 1111 1402 1148 ἀνθρώπων
1418 1111 1521 1147 ἡμέραι
1544 1111 1590 1138 ἐπὶ
1603 1111 1652 1146 τῆς
1668 1111 1730 1146 γῆς,
1756 1112 1785 1137 ἐν
1814 1108 1861 1142 αἷς

1073 1158 1181 1194 εὔχεται
1204 1157 1304 1190 εὐθέως
1325 1157 1498 1193 συντριϐῆναι
1513 1156 1558 1183 τὸν
1579 1157 1700 1183 Σατανᾶν
1725 1156 1777 1183 ὑπὸ
1797 1157 1862 1188 τοὺς

1073 1204 1158 1235 πόδας
1171 1203 1263 1236 αὐτοῦ,
1279 1203 1317 1235 ὡς
1330 1203 1362 1230 ἂν
1378 1203 1554 1230 ὑποτάσσοιτο
1565 1201 1613 1237 τὴν
1626 1201 1714 1237 ψυχὴν
1729 1201 1775 1228 τοῦ
1787 1201 1862 1228 θείου

1073 1250 1160 1284 Λόγου
1173 1249 1313 1283 γεγονότος
1329 1243 1357 1275 ὲν
1367 1248 1446 1284 αὐτῇ.

1108 1294 1295 1330 Διηγήσαντό
1327 1303 1379 1329 μοι
1404 1293 1569 1328 παράνομοι
1598 1292 1790 1327 ἀδολεσχίας.
1819 1292 1858 1319 Ἦ

1073 1341 1135 1373 τοὺς
1148 1340 1280 1377 γραώδεις
1294 1339 1394 1375 μύθους
1405 1339 1459 1366 τῶν
1480 1339 1613 1366 Ἰουδαίων
1634 1339 1701 1374 φησὶ
1724 1338 1773 1371 τὰς
1785 1338 1860 1366 διδα-

1074 1387 1197 1419 σκαλίας,
1210 1387 1227 1423 ἢ
1242 1387 1289 1414 καὶ
1300 1386 1334 1414 τὰ
1343 1386 1496 1421 ἐντάλματα
1505 1385 1559 1412 τῶν
1574 1384 1735 1420 ἀνθρώπων,
1751 1390 1800 1411 και
1810 1388 1862 1416 τας

1074 1431 1206 1468 φλυαρίας
1221 1432 1274 1458 τῶν
1294 1431 1382 1466 σοφῶν
1395 1431 1442 1458 τοῦ
1453 1430 1549 1462 αἰῶνος
1561 1430 1666 1457 τούτου.

1108 1476 1205 1504 Πᾶσαι
1228 1478 1257 1504 al
1272 1477 1391 1504 ἑντολαί
1403 1484 1461 1504 σου
1477 1475 1618 1510 ἀλήθεια⁴
1646 1475 1756 1509 ἀδίκως
1776 1483 1861 1502 κατε-

1073 1523 1184 1555 δίωξάν
1204 1531 1252 1558 με’
1271 1522 1430 1556 ,βοήθησόν
1455 1531 1516 1557 μοι.
1541 1521 1636 1554 Εἰδὼς,
1655 1522 1693 1553 ὡς
1703 1522 1733 1548 ὲν
1744 1521 1784 1557 τῷ
1796 1521 1863 1557 θείῳ

1072 1569 1238 1605 δικαστηρίῳ
1250 1569 1417 1604 ἀπολήψεται
1430 1569 1499 1605 ὑπὲρ
1515 1566 1552 1596 ὧν
1575 1568 1708 1596 πέπονθεν
1734 1568 1862 1601 ἀδικιῶν,

1071 1614 1226 1641 ὲπισπεύδει
1240 1614 1303 1641 ιδεῖν
1318 1614 1410 1650 καιρὸν
1422 1614 1534 1642 ἐκεῖνον.

1105 1660 1188 1694 Παρὰ
1201 1659 1301 1693 ,ϐραχὺ
1316 1659 1522 1687 συνετέλεσαν
1533 1668 1572 1694 με
1585 1659 1620 1686 ἐν
1633 1658 1671 1694 τῇ
1685 1658 1734 1694 τῇ.
1750 1659 1861 1694 Μικροῦ

1070 1705 1123 1732 δεῖν
1139 1705 1171 1732 ἐκ
1183 1705 1229 1733 τοῦ
1244 1705 1363 1741 διωγμοῦ
1375 1705 1473 1733 αὐτῶν.

1105 1784 1186 1811 Κατὰ
1199 1783 1232 1811 τὸ
1251 1783 1336 1817 ἔλεός
1353 1791 1411 1811 σου
1422 1783 1514 1818 ζῆσόν
1528 1791 1576 1818 με,
1602 1782 1652 1809 καὶ
1669 1781 1796 1816 φυλάξω
1824 1781 1862 1807 τὰ

1068 1830 1214 1864 μαρτύρια
1242 1830 1294 1857 τοῦ
1312 1829 1461 1864 στόματός
1478 1837 1546 1856 σου.
1564 1829 1655 1865 Στὸμα
1671 1827 1738 1854 Θεοῦ
1752 1827 1861 1854 οἱδια-

1071 1876 1233 1910 κονήσαντες
1254 1875 1392 1911 προφῆται
1412 1876 1468 1906 τοῖς
1485 1874 1653 1911 μαρτυρίοις,
1668 1873 1713 1900 καὶ
1725 1873 1858 1906 ἐντολαῖς,

1070 1921 1126 1952 τοῖς
1139 1920 1318 1956 δικαιώμασιν
1333 1920 1426 1948 αὑτοῦ,

1102 1966 1154 1998 Εἰς
1177 1966 1231 1993 τὸν
1253 1966 1354 2000 αἰῶνα,
1378 1967 1476 2000 Κύριε,
1494 1968 1510 1993 ὁ
1526 1965 1619 2000 λόγος
1639 1972 1698 1992 σου
1729 1964 1862 1999 διαμένει

1069 2011 1159 2047 ἐνὲτῷ
1174 2012 1300 2046 οὐρανῷ.
1321 2012 1366 2038 Ἐν
1382 2012 1506 2047 προκοπῇ
1524 2011 1674 2046 γινόμενος,
1699 2009 1747 2036 καὶ
1761 2010 1861 2046 ὑψηλο-

1070 2057 1157 2093 τέρων
1171 2057 1283 2084 ἅπτεται
1307 2057 1460 2093 δογμάτων,
1484 2056 1530 2083 τοῦ
1548 2065 1577 2083 τε
1609 2055 1693 2082 ἀϊδίου
1711 2056 1798 2090 Λόγου
1811 2055 1860 2082 τοῦ

1071 2104 1175 2140 Πατρὺς
1203 2104 1387 2140 μνημονεύων,
1405 2103 1451 2129 καὶ
1475 2102 1615 2138 μονονουχὶ
1631 2102 1672 2128 τό·
1705 2101 1755 2128 Ἐν
1779 2101 1859 2137 ἀρχῇ

1070 2147 1109 2184 ἦν
1121 2151 1137 2176 ὁ
1152 2149 1256 2184 Λόγος,
1277 2149 1374 2182 λέγων,
1390 2149 1437 2175 καὶ
1456 2148 1503 2183 τῆς
1513 2147 1717 2182 διακοσμήσεως
1727 2145 1775 2172 τοῦ
1790 2155 1860 2173 παν-

1070 2195 1124 2227 τὸς,
1140 2194 1232 2229 σαφῶς
1257 2203 1288 2221 τε
1310 2194 1406 2229 δούλην
1426 2192 1508 2220 αὐτοῦ
1523 2192 1571 2227 τὴν
1593 2192 1741 2227 σύμπασαν
1767 2185 1860 2217 κτεσίν

1069 2242 1209 2269 ἀποκαλεῖ.

1104 2291 1156 2322 Εις
1176 2289 1282 2324 γενεὰν
1294 2288 1342 2315 καὶ
1356 2287 1464 2322 γενεὰν
1475 2287 1494 2321 ἠ
1509 2284 1633 2318 ἀλήθειά
1645 2291 1714 2311 σου.
1730 2283 1783 2310 Δύο
1805 2284 1861 2310 εἰσὶ

1067 2336 1169 2370 γενεαὶ,
1195 2336 1222 2362 αῐ
1238 2335 1397 2371 χωρήσας-αι
1409 2333 1457 2368 τὴν
1473 2332 1518 2359 τοῦ
1543 2330 1608 2358 Θεοῦ
1634 2329 1776 2364 ἀλήθειαν,
1795 2329 1810 2355 δ
1827 2337 1858 2354 τε

1067 2381 1121 2407 τῶν
1139 2380 1274 2407 Ἰουδαίων
1303 2379 1365 2411 λαὸς
1384 2379 1452 2414 ἔχων
1467 2379 1512 2405 τὸν
1533 2376 1613 2412 νόμον
1643 2375 1690 2402 καὶ
1709 2375 1773 2406 τοὺς
1788 2382 1858 2409 προ-

1068 2426 1166 2461 φήτας.
1179 2426 1225 2453 καὶ
1238 2426 1255 2462 ἡ
1275 2424 1421 2460 Ἐκκλησία
1460 2423 1516 2450 Οὐκ
1531 2423 1571 2454 εἰς
1587 2420 1683 2456 γενεὰς
1698 2418 1745 2447 οὖν
1757 2421 1775 2456 ἡ
1791 2419 1859 2455 ἀλή-

1068 2471 1128 2498 θεια
1142 2471 1188 2498 τοῦ
1203 2471 1281 2503 Θεοῦ,
1295 2471 1402 2502 ἀλλὀεἰς
1414 2469 1510 2504 γενεὰν
1527 2468 1576 2504 τὴν
1600 2465 1736 2502 προτέραν
1756 2465 1805 2492 καὶ
1817 2466 1859 2496 εἰς

1067 2517 1163 2552 γενεὰν
1176 2518 1224 2554 τὴν
1239 2517 1376 2552 δευτέραν.
1394 2516 1434 2544 Τὰ
1452 2516 1481 2542 δὲ
1497 2514 1562 2542 ἄλλα
1577 2513 1641 2549 ἔθνη
1658 2511 1857 2547 πεπλάνηνται.

1068 2564 1132 2590 Ὅτε
1143 2563 1171 2590 δὲ
1185 2555 1230 2590 καὶ
1242 2565 1259 2598 ὴ
1275 2562 1394 2598 προτέρα
1407 2560 1489 2597 γενεὰ
1516 2559 1627 2593 ἐξέϐαλε
1649 2557 1699 2594 τὴν
1715 2557 1857 2594 ἀλήθειαν,

1067 2609 1114 2635 καὶ
1131 2607 1217 2636 εἶπεν·
1236 2609 1315 2640 Ατοε,
1329 2606 1393 2642 αἶρε
1414 2607 1468 2634 ἀπὺ
1484 2606 1534 2642 τῆς
1567 2605 1618 2641 γῆς
1643 2603 1689 2630 τὺν
1714 2601 1836 2629 τοιοῦτον
1850 2629 1856 2633 ,

1068 2655 1252 2690 μεταϐέϐηκεν
1265 2655 1281 2690 ή
1292 2654 1403 2690 ἀλήθεια
1431 2653 1477 2680 ἀπ’
1492 2652 1599 2687 ἐκείνης
1623 2649 1672 2686 τῆς
1693 2649 1790 2683 γενεᾶς
1807 2647 1858 2674 ἐπὶ

1065 2700 1167 2736 ταύτην
1188 2701 1237 2736 τὴν
1264 2700 1362 2734 γενεάν
1391 2698 1603 2729 Ἐθειιειὶίωσας
1634 2694 1693 2729 τὴν
1719 2693 1780 2729 γῆν
1804 2693 1856 2720 καί

1065 2746 1204 2781 διαμένει.
1223 2747 1314 2782 Ταυτῃ
1330 2746 1358 2773 δὲ
1374 2747 1406 2781 τῇ
1434 2744 1575 2780 ἁληθειᾳή
1595 2742 1630 2778 γῆ
1647 2739 1855 2776 τεθεμελίωται.
