1926 3051
65 161 116 189 497

608 153 792 184 ΕΧΡΟΒΓΠΟ
811 154 844 182 lN
863 153 1029 182 PSALMUM
1048 151 1164 181 CXVIII.

1637 149 1692 178 £98

73 218 134 244 Ἐπὶ
144 218 232 245 τούτω
242 216 297 252 γὰρ
306 216 344 251 τῷ
356 215 542 252 ἀκρογωνιαίῳ
553 215 618 251 λίθῳ
627 213 779 249 καταϐεσλη
784 213 856 249 μένῳ

912 212 1074 240 adiﬁcantur
1083 217 1178 238 omnes
1189 208 1330 244 terrigenae
1343 207 1390 243 qui
1400 206 1517 235 salutem
1531 205 1602 234 nacti
1613 209 1687 233 sunt.

67 262 185 298 θεμελίῳ
198 262 400 297 οἰκοδομοῦνται
423 261 523 293 πάντες
535 261 559 288 οἱ
575 262 606 288 ἐκ
629 260 680 296 γῆς
697 259 853 294 σωζόμενοι.

68 309 150 337 Ὅθεν
175 309 220 335 καὶ
237 308 359 343 διαμένει
373 308 389 343 ὴ
404 308 452 343 γῆ,
468 307 577 343 ἀρῤαγῆ
590 307 637 333 καὶ
661 306 768 341 ἀσφαλῆ
786 314 838 341 κρη

68 355 134 381 πίδα
147 355 194 381 καὶ
206 354 330 390 Θεμέλιον
346 353 454 389 ἔχουσα.
478 352 557 379 Ἀλλὰ
573 353 620 380 καὶ
643 352 695 388 γῆν
716 351 856 387 φωτίσασα

67 401 85 437 ἡ
106 400 219 436 ἀλήθεια
249 400 356 436 ἡμέραν
389 400 521 435 ἐποίησε,
549 398 616 426 Θεοῦ
654 398 855 433 ἐπιλάμψαντος

67 447 163 481 αὐτήν.
610 470 612 473 .

104 492 145 526 Τῇ
160 491 292 524 διατάξει
305 499 363 519 σου
385 491 515 525 διαμένει
541 489 645 525 ἡμέρα,
673 489 717 516 ὅτι
731 488 767 516 τὰ
779 488 854 523 σύμ-

66 546 168 565 παντα
191 537 287 564 δοῦλά
316 546 376 564 σοι.
406 537 462 563 Οὐκ
484 535 680 570 ἀλλαττομένη,
698 534 758 561 οὐδὲ
779 534 856 565 τέλος

64 584 254 619 λαμϐάνουσα,
279 582 317 614 ὥς
343 583 358 609 ὁ
379 583 448 609 κατὰ
461 582 510 618 τὴν
538 581 658 608 Παλαιὰν
677 580 786 616 Γραφὴν
799 588 855 614 φω-

66 629 173 664 τισμός.
198 629 274 656 Ἐπεὶ
288 629 335 655 καὶ
348 628 429 663 μέχρι
447 626 544 663 καιροῦ
561 626 728 662 διορθώσεως
741 625 853 652 τέθειτο.

67 674 160 702 Ταῦτα
173 675 201 701 δὲ
216 675 303 702 πάντα
317 674 369 701 ὑπὸ
389 672 456 700 Θεοῦ
475 673 623 708 ὑπῆρκται.
656 671 784 706 Ἐπείπερ
798 671 856 698 κτι-

67 729 133 747 στου
150 721 198 747 καὶ
220 719 369 756 προνοητῶ
380 719 466 752 ὄντος,
479 719 559 746 δοῦλα
571 719 605 746 τὰ
622 718 767 754 σύμπαντά
781 719 855 745 ἐστιν

65 767 150 794 αὑτοῦ
155 787 161 793 .

99 813 135 839 ει
145 811 189 847 μὴ
202 813 219 839 ὁ
230 811 323 846 νόμος
339 819 397 839 σου
419 812 532 846 μελέτη
544 811 603 845 μού
616 810 681 837 ἐστι
691 831 699 843 ,
728 810 794 837 τότε
817 809 855 836 ἂν

65 858 232 892 ἀπωλόμην
260 857 294 884 ἑν
308 857 345 892 τῇ
359 857 536 885 ταπεινώσει
559 865 629 891 μου.
657 855 854 887 Εισϐαλόντων,

67 905 145 940 φησὶ,
163 904 216 932 τῶν
230 904 356 939 πονηρῶν
367 903 514 939 λογισμῶν,
526 904 574 930 καὶ
592 903 647 930 τῶν
663 903 855 938 ἀντικειμένων

66 951 208 985 δυνάμεων
225 950 414 985 πολεμούντων
431 949 503 985 ἐμοὶ,
516 948 589 984 εἶχον
603 948 636 975 ἃν
650 947 806 980 ἀπολέσθαι,
831 948 855 974 εί

68 996 107 1031 μὴ
116 996 131 1022 ὁ
146 995 191 1028 σδς
204 995 286 1031 νόμος
301 996 341 1027 εἰς
356 995 496 1031 στήριγμα
507 994 626 1029 ἐγένετο.

101 1042 155 1075 Εἰς
166 1041 218 1068 τὸν
230 1040 323 1068 αἰῶνα
338 1042 374 1068 οὺ
399 1041 442 1075 μὴ
455 1041 639 1075 ἐπιλάθωμαι
661 1039 720 1067 τῶν
743 1039 856 1066 δικαιω-

64 1086 167 1120 μάτων
181 1092 249 1118 σου,
273 1085 319 1111 ὅτι
345 1085 380 1112 ἐν
395 1085 497 1117 αὐτοῖς
518 1085 627 1119 ἐζησάς
649 1093 695 1119 με.
723 1085 785 1116 Τοῖς
799 1085 855 1116 σοῖς

66 1131 160 1166 νόμοις
173 1131 285 1166 ὂψομαι,
302 1131 394 1166 φησιν·
414 1131 467 1163 ἔξω
483 1130 538 1167 γὰρ
552 1131 581 1157 ὲν
600 1131 693 1163 αὐτοῖς
708 1130 756 1166 τὴν
771 1129 854 1165 ζωὴν,

66 1176 139 1204 καθὰ
149 1177 179 1213 δή
192 1185 236 1212 μοι
251 1176 298 1203 καὶ
312 1176 436 1212 εἴρηκας,
458 1177 501 1203 ὅτι
525 1178 541 1204 ὁ
562 1176 692 1211 ποιήσας
711 1175 787 1204 αὐτὰ
805 1177 856 1203 ἇν-

65 1225 182 1258 θρωπος
204 1222 323 1258 ζήσεται
349 1223 384 1250 ἐν
403 1223 515 1256 αὐτοῖς.
544 1222 602 1250 Ζῶν
625 1220 670 1250 οὖν
697 1222 855 1258 μόνοςόδί-

65 1278 155 1302 καιος,
172 1269 225 1296 κᾶν
240 1269 399 1304 τεθνηκέναι
412 1269 486 1305 δοκῇ·
498 1269 591 1305 νεκροὶ
606 1269 634 1296 δὲ
649 1269 674 1296 οι
693 1269 790 1302 ἄδικοι,
803 1268 855 1296 κᾶν

64 1313 116 1348 ζῇν
133 1312 292 1347 φαίνωνται.
317 1312 430 1338 Ἐκεῖνοι
459 1311 508 1346 μὲν
527 1311 582 1347 γὰρ
596 1310 645 1347 τὴν
660 1311 708 1346 τῆς
722 1309 795 1346 ζωῆς
810 1310 856 1338 σύ-

65 1366 163 1386 στασιν
178 1359 209 1385 ἐν
223 1358 329 1389 ἑαυτοῖς
342 1357 443 1393 ἔχουσι.
454 1358 503 1392 τὴν
519 1357 698 1392 δικαιοσύνηνο
710 1357 734 1383 οἰ
749 1356 778 1383 δὲ
791 1356 856 1384 ταύ-

65 1412 117 1439 την
133 1404 184 1430 οὐκ
194 1403 300 1441 ἔχοντες
316 1405 371 1435 τοῖς
398 1403 427 1430 οὐ
450 1403 516 1439 παρ’
537 1401 651 1434 ἑαυτῶν,
678 1401 736 1429 ἀλλ’
757 1402 859 1438 ἔξωθεν

64 1450 236 1484 κινουμένοις
251 1449 364 1485 ἀψύχοις
377 1449 505 1476 ἐοίκασιν.

100 1495 161 1527 Σός
179 1494 317 1530 ειμιέγὼ,
341 1494 445 1522 σῶσόν
465 1503 514 1530 με.
541 1495 781 1531 Προσυπακούεται
805 1494 854 1530 τῷ,

67 1541 114 1572 σός
124 1542 182 1576 ειμι
199 1540 301 1574 δοῦλος,
320 1541 365 1573 σός
375 1542 432 1577 είμι
457 1542 528 1568 κατὰ
543 1541 622 1578 χάριν
642 1541 710 1573 υίὸς,
729 1542 786 1577 εἰμὶ
809 1541 855 1573 σδς
868 1561 889 1591 c

66 1587 208 1622 Θεράπων.

111 1632 178 1667 Ἐμὲ
193 1632 357 1667 ὑπέμειναν
374 1633 541 1668 ἁμαρτωλοὶ
561 1633 615 1661 τοῦ
639 1633 787 1661 ἀπολέσαι
805 1642 852 1668 με·

67 1677 106 1704 τὰ
113 1677 260 1712 μαρτύριά
284 1685 342 1706 σου
363 1677 493 1712 συνῆκα.
525 1679 597 1705 Ἀντὶ
613 1678 671 1711 τοῦ,
695 1679 854 1714 ὲμελέτησα,

69 1719 118 1747 καὶ
131 1719 238 1755 διὰιτῆς
252 1721 301 1755 σῆς
321 1719 436 1756 μελέτης
462 1720 600 1756 ἄπρακτον
615 1720 703 1747 αὐτῶν
729 1720 857 1755 ἀπέφηνα

68 1765 120 1800 τὴν
132 1765 286 1800 ἐπιϐουλήν.

108 1810 211 1844 Πάσης
224 1812 402 1844 συντελείας
414 1811 496 1839 εἶδον
512 1812 615 1846 πέρας,
637 1812 762 1840 πλατεῖα
776 1813 795 1847 ὴ
808 1813 857 1840 ὲν-

69 1856 145 1889 τολή
157 1864 216 1884 σου
227 1856 354 1891 σφόδρα.
370 1857 526 1884 Συντέλειαν
542 1857 592 1893 τὴν
620 1858 765 1893 ὲπιὸουλήν
791 1867 857 1894 φησι

68 1901 121 1937 τὴν
148 1902 226 1937 παρὰ
250 1901 305 1929 τῶν
325 1902 468 1937 δαιμόνων.
498 1901 605 1938 Ταύτης
633 1901 703 1930 εἶδον
729 1903 758 1930 τὸ
772 1903 858 1939 πέρας

70 1946 156 1973 ὲκόὰν
169 1948 210 1978 εἱς
227 1946 312 1978 οὐδὲν,
329 1947 373 1973 ὅτε
388 1947 435 1973 καὶ
460 1946 574 1974 πλατεῖὰ
590 1956 635 1983 μοι
658 1947 768 1982 γέγονεν
780 1948 797 1983 ὴ
816 1949 859 1974 ὲν-

70 1992 145 2027 τολή.
160 1991 246 2018 Τοῦτο
258 1991 305 2018 τοῦ
319 1991 362 2018 διὰ
388 1992 478 2028 πάσης
502 1993 642 2028 προκοπῆς
667 1994 707 2024 είς
727 1993 758 2020 τὸ
783 1993 858 2026 τέλος

71 2037 223 2072 ἀφιγμένου
238 2037 288 2072 τῆς
315 2037 425 2073 ἀρετῆς,
445 2037 491 2065 ἐπὶ
513 2038 543 2065 τὸ
559 2038 659 2065 τέλειον
680 2039 781 2073 ἀγαθὸν
801 2039 859 2066 δια-

72 2082 220 2114 ϐαίνοντος
234 2081 333 2113 πολλὰς
345 2082 431 2117 ἀρχὰς
447 2081 494 2108 καὶ
519 2082 582 2118 τέλη
612 2082 857 2118 καταϐαλλομένου.

77 2127 176 2164 Ἡγάρ
188 2127 238 2163 τῆς
261 2127 395 2163 προτέρας
417 2127 581 2163 βελτιώσεως
612 2129 766 2164 περιγραφὴ
789 2128 860 2165 ἀρχὴ

71 2175 124 2210 τῆς
136 2175 268 2210 ἐχομένης
281 2174 348 2205 ἐστὶ,
366 2173 436 2201 κατὰ
451 2174 492 2200 τό·
507 2174 600 2202 ’Ὅταν
623 2175 793 2210 συντελέσῃ
807 2176 860 2202 ἇν-

72 2223 198 2257 θρωπος,
212 2221 279 2248 τότε
292 2220 420 2255 ἄρχεται.

115 2268 165 2300 Ὧς
176 2267 320 2302 ἠγάπησα
336 2267 389 2294 τὸν
403 2267 496 2303 νόμον
507 2275 576 2300 σου,
595 2268 699 2302 Κύριε;
712 2268 789 2303 ὅλην
802 2269 859 2303 τὴν

73 2313 191 2348 ἡμέραν
205 2312 316 2348 μελέτη
333 2313 392 2347 μού
404 2313 498 2340 ἐστιν.
521 2313 550 2340 '0
567 2313 656 2340 πάντα
679 2314 749 2341 κατὰ
761 2314 807 2341 τὸν
818 2314 861 2341 νό-

76 2365 127 2392 μον
142 2357 189 2383 καί¹
200 2356 287 2391 λέγων
312 2358 360 2384 καὶ
383 2357 509 2393 πράττων
525 2357 623 2394 μελετᾷ
648 2358 694 2385 τὸν
719 2359 799 2395 νόμον
813 2358 859 2386 τοῦ

76 2403 155 2430 Θεοῦ.
177 2404 220 2430 Ἐν
232 2404 259 2430 δὲ
271 2403 311 2439 τῷ
322 2403 421 2440 πρώτῳ
444 2404 543 2439 ψαλμῷ
557 2406 589 2440 τῇ
616 2404 708 2440 ἡμέρᾳ
730 2405 799 2441 πρὸς
812 2405 861 2441 τὴν

78 2448 194 2484 μελέτην
215 2449 262 2475 καὶ
279 2448 327 2484 τὴν
340 2448 425 2476 νύκτα
439 2449 590 2485 προσέθηκε
610 2449 648 2485 τῷ
675 2450 801 2486 μακαρίῳ
815 2459 862 2485 γε-

77 2493 229 2529 νησομένῳ.
251 2494 393 2529 Ἑλέγομεν
413 2494 477 2530 γὰρ,
488 2494 525 2526 ὡς
539 2495 633 2530 μικτός
660 2495 733 2522 ἐστιν
745 2495 862 2523 ἐνταῦθα

78 2539 133 2566 τῶν
145 2539 296 2575 ἀνθρώπων
311 2540 325 2566 ὁ
348 2539 415 2575 βίος.
441 2541 485 2567 Διὸ
509 2539 556 2567 νῦν
571 2540 668 2576 ἔχομεν
693 2541 799 2577 ἡμέραν
816 2542 863 2569 καὶ

79 2585 175 2612 νύκτα⁴
193 2585 352 2621 γενομένους
377 2585 405 2611 δὲ
428 2585 522 2619 ἁγίους
538 2586 568 2612 οὺ
584 2585 730 2619 διαδέξεται
745 2586 803 2619 νύξ.
833 2587 862 2614 '0

80 2632 170 2659 τοίνυν
183 2632 345 2667 προκόπτων
367 2631 473 2667 ἡμέραν
492 2631 540 2667 μὲν
561 2631 620 2666 ἄγει
634 2631 703 2659 κατὰ.
714 2632 759 2659 τὸν
782 2633 862 2668 νόμον

83 2677 166 2712 βιούς·
180 2676 265 2704 νύκτα
277 2677 317 2709 δὲ,
333 2677 376 2704 ὅτε
392 2677 429 2714 μὴ
453 2677 552 2713 μελετᾷ
564 2678 592 2704 ὲν
602 2677 650 2713 ὅλῃ
661 2678 759 2714 καρδίᾳ.
770 2679 869 2705 αὐτοῠι

81 2723 130 2757 Μὴ
144 2723 259 2758 πράττῃ
271 2731 298 2749 τι
309 2723 392 2750 κατὰ.
408 2743 415 2750 .
433 2743 439 2750 .
457 2743 464 2750 .

116 2769 171 2796 ,Ἕκ
184 2769 288 2803 πάσης
303 2769 373 2796 ὀδοῦ
384 2768 517 2802 πονηρᾶς
529 2768 668 2796 ἐκώλυσα
686 2769 756 2803 τοὺς
770 2770 870 2803 πόδας,

121 2858 142 2874 ⁶¹
153 2857 240 2886 Lem.
254 2865 332 2891 xvut,
343 2859 369 2886 5.
404 2859 426 2874 "
441 2857 523 2887 Eccli.
533 2866 610 2892 xvm,
630 2859 655 2887 6.

904 258 1087 292 Quamobrem
1100 259 1221 284 remanet
1234 258 1318 288 terra,
1335 252 1478 296 infractam
1494 256 1522 280 et
1541 252 1690 279 inconcus—

905 312 963 333 sam
976 303 1054 332 basin
1069 310 1101 331 ac
1111 301 1319 330 fundamentum
1333 300 1446 328 habens.
1465 298 1523 326 Imo
1533 297 1616 326 etiam
1629 297 1689 332 ipsa

903 351 1004 379 veritas
1026 354 1124 378 terram
1146 348 1286 376 illustrans
1309 347 1380 375 diem
1398 346 1502 379 eﬂ‘ecit,
1533 343 1589 373 Deo
1613 344 1688 372 illam

904 397 1052 425 emittente.

937 493 981 521 9i.
1000 493 1172 521 Ordinatione
1190 496 1236 519 tua
1250 495 1395 526 perseverat
1418 490 1485 523 dies,
1495 490 1621 526 quoniam
1632 496 1688 516 om-

905 539 951 566 nia
965 539 1081 566 serviunt
1094 538 1152 565 tibi.
1165 537 1223 565 Non
1235 541 1337 565 mutata
1347 543 1434 571 neque
1446 535 1527 562 linem
1538 534 1687 569 accipiens,

905 585 978 612 sicut
995 583 1158 612 illuminatio
1180 583 1226 610 illa
1242 590 1303 618 quae
1315 582 1343 610 in
1357 581 1448 609 Veteri
1468 580 1610 616 Scriptura
1628 587 1688 607 me-

905 634 1038 658 moratur.
1052 628 1277 664 Quandoquidem
1289 635 1377 663 usque
1389 627 1422 655 ad
1433 626 1609 655 correctionis
1621 631 1688 653 tem-

905 682 956 709 pus
967 674 1058 709 posita
1069 678 1121 701 est.
1134 672 1197 701 Haec
1207 677 1296 701 autem
1308 673 1400 700 omnia
1411 671 1467 699 Deo
1475 671 1598 706 subjecta
1612 675 1686 698 sunt.

903 719 971 748 Nam
985 728 1046 748 cum
1058 724 1164 748 creator
1174 719 1352 755 provisorque
1363 719 1409 752 sit,
1424 718 1516 746 omnia
1532 717 1584 752 ipsi
1597 716 1687 744 famu-

905 767 1005 794 lantur.

940 811 985 840 92.
1000 811 1062 838 Nisi
1084 811 1153 846 quod
1176 810 1217 837 lex
1240 814 1287 837 tua
1308 809 1448 837 meditatio
1470 816 1529 835 mea
1553 811 1603 840 est,
1626 811 1689 834 tunc

905 858 972 893 forte
994 857 1129 891 periissem
1145 856 1174 883 in
1198 855 1348 882 humilitate
1365 862 1434 882 mea.
1461 852 1687 888 Irrumpentibus,

908 903 1006 939 inquit,
1020 902 1099 930 malis
1115 901 1336 938 cogitationibus,
1352 905 1379 929 et
1390 899 1554 928 adversariis
1568 903 1688 935 potesta-

907 949 981 976 tibus
995 956 1038 976 me
1054 948 1283 983 oppugnantibus,
1300 946 1421 974 futurum
1435 950 1494 974 erat
1508 950 1539 974 ut
1557 946 1584 973 in
1600 945 1690 981 perni-

908 994 977 1023 ciem
993 993 1072 1026 irem,
1087 993 1140 1021 nisi
1153 993 1196 1021 lex
1215 997 1260 1021 tua
1279 993 1306 1020 in
1317 991 1434 1020 fulcrum
1446 991 1514 1019 mihi
1528 991 1634 1019 fuisset.

942 1041 986 1068 93.
1002 1039 1036 1068 In
1054 1045 1180 1067 internum
1190 1047 1241 1067 non
1255 1039 1394 1067 obliviscar
1403 1038 1606 1072 iustiﬁcationes
1619 1042 1688 1070 tuas,

907 1087 969 1122 quia
988 1087 1016 1114 in
1035 1087 1099 1121 ipsis
1114 1085 1252 1120 vivi/icain
1270 1092 1320 1111 me.
1342 1083 1426 1117 Tuas,
1445 1083 1543 1118 inquit,
1558 1082 1631 1117 leges
1646 1090 1690 1110 re-

908 1133 1020 1168 spiciam
1036 1142 1042 1159 :
1057 1132 1084 1159 in
1099 1131 1165 1167 ipsis
1183 1131 1256 1158 enim
1278 1131 1332 1157 vita
1354 1129 1439 1163 fruar,
1460 1128 1688 1164 quemadmodum

908 1183 936 1206 tu
952 1178 1010 1214 ipse
1020 1177 1112 1206 dixisti
1125 1177 1204 1212 mihi,
1216 1177 1278 1212 quia
1292 1176 1337 1212 qui
1351 1176 1441 1210 fecerit
1450 1183 1481 1202 ea
1494 1175 1571 1202 homo
1585 1175 1648 1202 uiuet
1660 1175 1690 1201 in

907 1224 962 1252 illis
973 1225 1006 1251 ".
1024 1223 1105 1252 Solus
1125 1224 1217 1259 itaque
1233 1223 1325 1259 justus
1346 1223 1421 1256 vivit,
1437 1222 1544 1249 etiamsi
1566 1225 1690 1249 mortuus

907 1277 968 1299 esse
987 1270 1112 1298 videatur
1126 1279 1133 1297 :
1149 1269 1244 1305 injusti
1261 1274 1351 1296 autem
1369 1267 1470 1296 mortui
1484 1272 1565 1300 sunt,
1581 1267 1690 1295 etiamsi

907 1317 998 1344 vivere
1020 1316 1175 1344 videantur.
1195 1314 1236 1342 Illi
1250 1322 1370 1350 namque
1385 1314 1448 1346 vitae
1465 1314 1690 1342 constitutionem

908 1362 936 1390 in
952 1370 982 1390 se
994 1362 1104 1393 habent.
1117 1361 1253 1397 justitiam
1278 1361 1401 1394 scilicet;
1416 1360 1444 1388 hi
1468 1364 1562 1389 contra
1577 1367 1639 1388 cum
1655 1360 1689 1388 il-

907 1409 961 1436 lam
979 1416 1034 1436 non
1056 1408 1183 1441 habeant,
1197 1407 1280 1435 rebus
1298 1405 1465 1439 inanimatis,
1481 1413 1535 1433 non
1552 1413 1567 1433 a
1581 1413 1621 1439 se,
1643 1407 1690 1434 sed

906 1453 1076 1483 extrinsecus
1091 1453 1173 1480 vitam
1188 1451 1361 1484 habentibus,
1377 1451 1482 1479 similes
1494 1454 1568 1479 sunt.

943 1499 987 1527 9L.
1007 1497 1078 1526 Tuus
1096 1506 1154 1525 sum
1172 1505 1229 1533 ego,
1243 1497 1345 1525 salvum
1371 1505 1413 1524 me
1432 1497 1485 1532 fac.
1511 1497 1689 1530 Subauditur,

907 1551 1002 1573 servus
1025 1548 1089 1572 tuus
1106 1551 1180 1577 sum,
1196 1542 1268 1571 ﬁlius
1288 1547 1351 1571 tuus
1365 1550 1413 1578 per
1431 1543 1557 1579 gratiam,
1572 1543 1691 1571 famulus

906 1595 979 1618 ῑυιιε.

942 1637 987 1665 95.
1002 1635 1045 1664 Me
1057 1639 1269 1670 exspectaverunt
1282 1640 1429 1669 peccatores
1445 1639 1472 1662 ut
1482 1635 1618 1669 perderent
1629 1643 1689 1668 me;

906 1682 1057 1710 testimonia
1083 1686 1128 1708 tua
1154 1680 1282 1708 intellexi.
1302 1679 1331 1707 Id
1351 1684 1403 1712 est,
1417 1681 1563 1708 meditatus
1575 1688 1651 1714 .sum,
1664 1686 1690 1708 et

905 1735 954 1762 per
970 1727 1173 1755 meditationem
1189 1726 1357 1761 hujusmodi,
1371 1726 1484 1754 insidias
1497 1734 1591 1754 eorum
1605 1735 1690 1755 vanas

906 1773 992 1802 eﬂ‘eci.

942 1819 987 1848 96.
1000 1818 1092 1847 0mm:
1101 1818 1334 1845 consummationit
1349 1818 1401 1846 vidi
1411 1818 1501 1853 finem,
1517 1819 1601 1846 latum
1611 1827 1688 1846 man-

907 1865 998 1892 datum
1021 1870 1094 1892 tuum
1107 1864 1195 1890 nimis.
1213 1864 1481 1892 Consummationem
1494 1865 1560 1892 dicit
1577 1865 1690 1894 insidias

907 1911 1072 1938 daemonum.
1091 1909 1193 1937 Harum
1213 1909 1294 1936 tinem
1311 1909 1364 1936 vidi
1384 1910 1418 1937 ad
1438 1910 1552 1937 nihilum
1565 1911 1687 1944 evadere,

908 1964 971 1984 cum
988 1957 1071 1984 latum
1092 1956 1159 1984 mihi
1178 1956 1280 1983 factum
1299 1961 1341 1984 est
1357 1957 1515 1983 mandatum
1530 1961 1617 1985 tuum.
1634 1956 1691 1986 Hoc

908 2007 998 2031 autem
1013 2002 1046 2030 ad
1059 2010 1120 2030 eum
1136 2003 1260 2037 pertinet,
1275 2002 1322 2037 qui
1337 2003 1410 2029 omni
1427 2003 1549 2038 profectu
1565 2003 1597 2031 ad
1610 2004 1689 2031 linem

908 2048 1017 2076 virtutis
1032 2049 1165 2083 pervenit,
1180 2052 1206 2075 et
1227 2048 1260 2075 ad
1282 2048 1432 2082 perlectum
1449 2048 1550 2076 bonum
1564 2051 1691 2082 accessit,

909 2095 955 2130 qui
969 2095 1054 2122 multa
1068 2094 1143 2121 initia
1157 2098 1183 2121 et
1196 2094 1296 2121 multos
1309 2094 1376 2122 ﬁnes
1391 2095 1493 2129 posuit.
1508 2094 1574 2122 Nam
1592 2096 1692 2130 prioris

908 2139 1046 2175 profectus
1063 2139 1281 2174 circumscriptio
1303 2139 1412 2167 initium
1431 2145 1472 2168 est
1485 2141 1690 2176 subsequentis,

908 2185 985 2220 juxta
998 2185 1061 2212 illud
1076 2193 1082 2210 :
1096 2184 1161 2212 Cum
1170 2189 1367 2219 consummatur
1377 2186 1464 2220 homo,
1478 2191 1539 2214 tum:
1556 2188 1648 2222 incipit
1657 2189 1690 2218 ⁸³.

907 2274 933 2309 Γ
944 2274 988 2302 97,
1008 2274 1144 2306 μαθητοάο
1160 2275 1242 2302 Δίιεαὶ
1262 2276 1343 2310 legem
1367 2279 1456 2309 tuam,
1480 2275 1590 2304 Domine
1599 2278 1615 2305 Ρ,
1636 2282 1693 2305 tota

909 2320 951 2347 die
962 2320 1099 2348 meditatio
1123 2329 1180 2347 mea
1192 2325 1251 2356 ‘est.
1265 2320 1317 2354 Qui
1337 2321 1430 2349 omnia
1443 2322 1592 2350 secundum
1605 2323 1691 2359 legem

909 2364 975 2392 dicit
990 2369 1016 2392 et
1030 2364 1144 2399 perlicit,
1163 2365 1187 2392 is
1208 2365 1354 2393 meditatur
1373 2366 1458 2402 legem
1467 2367 1532 2395 Dei.
1556 2368 1585 2395 In
1604 2369 1694 2404 primo

909 2414 998 2437 autem
1019 2410 1136 2445 psalmo,
1154 2411 1187 2438 ad
1204 2411 1404 2440 meditationem
1426 2413 1480 2440 diei
1501 2418 1607 2441 noctem
1624 2415 1692 2450 adji-

910 2456 958 2489 cit,
971 2456 1005 2484 iis
1024 2456 1072 2492 qui
1093 2457 1166 2485 beati
1191 2456 1277 2485 futuri
1296 2463 1370 2487 sunt.
1381 2458 1543 2488 Dieebamus
1556 2461 1629 2488 enim
1648 2462 1693 2489 hic

910 2502 1068 2536 permistam
1081 2510 1143 2531 esse
1154 2503 1296 2532 hominum
1313 2505 1409 2532 vitam.
1424 2504 1607 2538 Quamobrem
1620 2515 1692 2535 nunc

911 2547 1044 2577 habemus
1061 2549 1132 2576 diem
1149 2556 1181 2576 ac
1196 2554 1321 2583 noctem;
1343 2555 1484 2586 postquam
1501 2555 1589 2578 autem
1605 2553 1690 2580 sancti

911 2594 1057 2628 evasimus,
1074 2595 1147 2623 nulla
1162 2596 1337 2631 subsequitur
1352 2604 1417 2624 nox.
1427 2596 1480 2630 Qui
1491 2597 1573 2633 igitur
1586 2598 1692 2632 prolicit

911 2639 983 2667 diem
1000 2640 1056 2675 agit
1069 2640 1134 2668 dum
1147 2642 1296 2669 secundum
1314 2642 1400 2678 legem
1416 2643 1501 2670 vivit:
1516 2648 1622 2670 noctem
1640 2650 1692 2669 au-

912 2690 977 2719 tem,
991 2693 1053 2713 cum
1069 2693 1124 2714 non
1139 2687 1284 2716 meditatur
1297 2695 1357 2716 eam
1372 2696 1405 2716 ex
1423 2693 1478 2716 toto
1492 2688 1628 2716 corde..."
1640 2687 1693 2714 Hic

912 2731 999 2766 deﬁcit
1011 2735 1104 2759 textus.

949 2776 1008 2804 101.
1024 2776 1064 2804 Ab
1079 2778 1149 2805 omni
1169 2779 1213 2806 via
1226 2779 1297 2806 mala
1310 2779 1437 2814 prohibui.
1449 2779 1524 2814 pedes
1541 2784 1619 2804 meos.
1634 2775 1694 2805 Hoc
