1926 3051
246 195 299 225 699

666 191 696 219 S.
716 181 903 219 ATHANASll
922 186 997 215 OPP.
1019 184 1108 213 PARS
1127 179 1227 213 ηιξ-4
1246 182 1456 212 EXEGETICA.

1820 177 1874 205 500

247 258 290 283 est
311 254 384 281 enim
403 252 540 281 custodire
559 250 677 278 divinam
704 249 803 285 legem,
823 247 951 283 operibus
971 251 1054 274 eami

1108 251 1151 270 nu.
1175 241 1260 268 Τοῦτο
1271 241 1325 277 γάρ
1339 242 1397 267 ἔστι
1415 239 1447 267 τὸ
1461 238 1576 274 φυλάξαι
1589 237 1634 264 τδν
1654 237 1725 264 θεῖον
1739 236 1832 272 νόμον,
1841 238 1873 264 τὺ

251 300 372 336 implere.

285 346 346 374 102.
363 348 383 373 Α
396 345 506 380 judiciis
530 344 582 371 tui:
606 351 656 370 non
677 341 815 369 declinavi.
844 340 956 374 Semper
977 345 1035 366 me-

251 392 320 420 mini
337 392 420 419 divini
434 390 587 418 tribunalis.

286 439 348 468 {03.
369 439 454 471 Quam
468 437 558 464 dulcia
576 435 697 470 faucibus
718 434 782 460 meis
793 433 897 468 eloquia
911 431 975 458 tua!
991 438 1035 458 suo

255 494 302 521 per
318 485 369 512 mel
381 485 422 511 ori
436 492 502 511 meo.
532 483 626 510 Dulcia
653 482 689 509 ob
712 480 900 508 rationabilem
925 479 952 504 in
981 477 1036 505 illis

259 532 377 567 positam
406 531 572 565 voluptatem
593 539 599 556 :
625 528 679 555 imo
700 535 777 558 super
800 526 860 558 niel,
891 533 939 560 per
962 523 1034 559 quod

252 577 345 605 omnia
360 576 449 604 dulcia
460 575 531 610 apud
548 575 672 602 homines
683 573 880 608 signiﬁcantur.

288 622 350 649 105.
367 621 485 648 Lucerna
510 620 618 654 pedibus
642 619 705 646 meis
730 618 835 644 verbum
858 621 942 642 tuum.
969 613 1037 641 Nam

254 668 301 703 qui
318 668 345 694 in
359 667 463 694 lumine
475 666 574 694 divine
589 666 657 700 legis
672 664 803 696 ambulat,
820 667 924 690 rectum
949 665 976 688 et
993 661 1038 687 in-

254 712 388 741 oﬁ‘ensum
402 719 514 740 cursum
527 712 588 738 vita:
601 711 722 738 conlicit.

292 758 353 785 “2.
365 757 528 784 Humiliatua
544 765 603 783 sum
617 763 810 790 usquequaque.
838 754 893 782 Aut
908 753 1038 788 spiritua-

258 804 325 832 lium
342 803 516 830 inimicorum
539 801 748 836 irruptionibus,
773 805 820 828 aut
844 798 1040 827 macerationi-

255 849 308 877 bus
318 856 352 876 ex
365 848 477 884 propria
492 848 632 874 voluntate
644 846 790 881 susceptis.

292 895 354 923 H3.
372 894 482 930 Iniqua:
498 894 561 921 odio
588 894 679 926 habui,
693 898 718 920 et
737 893 818 928 legem
844 896 917 919 tuam
946 891 1039 918 dilexi.

257 941 400 977 Sapientes
433 940 515 976 hujus
530 940 623 968 saeculi
637 933 675 967 ait
693 943 721 967 et
745 939 936 966 haereticorum
961 937 1038 973 prin-

257 989 344 1024 cipes.

293 1035 355 1062 H5.
375 1033 509 1061 Declinute
520 1040 541 1059 ο
553 1040 604 1064 me,
618 1031 738 1066 maligni.
763 1031 818 1058 Aut
828 1030 916 1058 malas
935 1031 1039 1065 cogita-

259 1080 350 1108 tiones
371 1079 420 1112 ait,
436 1084 483 1106 aut
494 1078 639 1114 praedictos
653 1077 812 1112 magistros.

293 1170 355 1198 H'l.
385 1170 489 1204 Adjuva
509 1177 548 1197 me
565 1174 589 1196 et
611 1169 700 1197 salvus
720 1177 775 1196 ero.
802 1167 927 1199 Etiamsi,
944 1167 1042 1202 inquit,

258 1215 368 1251 adiutor
378 1223 455 1243 meus
471 1220 499 1242 et
516 1221 662 1250 Susceptor
673 1223 753 1243 meus
768 1222 799 1242 es
821 1219 861 1247 tu,
882 1218 911 1240 at
943 1213 1044 1240 indesi-

258 1262 335 1290 nenti
357 1261 460 1288 auxilio
475 1266 518 1288 est
530 1268 610 1296 opus.
636 1261 747 1294 Quanto
759 1261 831 1288 enim
861 1265 984 1294 tempore
998 1259 1043 1287 hic

258 1314 368 1340 sumus,
384 1306 506 1334 nondum
528 1306 680 1341 perlectum
698 1311 740 1334 est
768 1306 845 1339 illud,
872 1306 961 1333 salvus
987 1314 1042 1334 cro.

259 1351 315 1380 Sed
331 1352 377 1380 ubi
391 1360 452 1379 cum
467 1352 572 1387 angelis
593 1352 640 1379 Dei
663 1353 796 1384 vivemus,
817 1357 883 1380 tunc
903 1352 1044 1379 meditatio

257 1397 486 1432 justiﬁeationum
499 1398 551 1424 erit
562 1397 631 1425 facie
643 1398 678 1425 ad
695 1397 806 1431 faciem,
817 1406 871 1425 non
888 1398 916 1425 in
933 1398 1042 1430 umbra,

261 1443 310 1471 sed
326 1443 355 1470 in
370 1443 493 1470 veritate.

298 1490 360 1517 HS.
374 1490 501 1524 Sprevisti
523 1497 610 1516 omnes
631 1489 791 1516 discedentes
816 1498 832 1516 α
851 1490 962 1525 judiciin
981 1491 1044 1518 tuis.

263 1535 314 1564 Hic
327 1535 390 1564 linis
402 1540 540 1570 exspectat
552 1543 599 1563 eos
611 1535 658 1570 qui
674 1535 721 1562 Dei
736 1535 823 1569 legem
838 1541 1026 1563 contemnunt.

299 1623 361 1651 M9.
375 1623 583 1651 Prwvaricanles
597 1624 714 1658 reputavi
726 1631 815 1651 omnes
828 1629 976 1658 peccatores
990 1629 1044 1651 ter-

265 1677 319 1702 rte;
332 1670 391 1696 ideo
405 1669 488 1696 dilexi
502 1670 651 1696 testimonia
667 1675 723 1696 tua.
753 1669 978 1704 (Praevaricantes
992 1671 1047 1698 sci-

264 1715 340 1747 licet)
358 1715 424 1750 quia
447 1715 568 1742 divinam
588 1716 675 1750 legem
691 1715 852 1743 coneulcare
875 1716 985 1744 vellent.

300 1760 362 1788 120.
380 1759 486 1795 Con/iga
503 1761 646 1787 timoretuo
656 1769 747 1787 carnes
758 1768 837 1787 meas.
852 1759 1046 1796 l'llud,conﬁge,

265 1806 383 1842 positum
398 1814 464 1841 pro,
482 1806 595 1833 obdura.
611 1805 719 1833 Obdura
736 1807 828 1841 igitur,
842 1806 940 1841 inquit,
953 1807 987 1834 ad
1003 1815 1047 1834 ea-

266 1851 385 1879 stitatem
398 1859 494 1879 carnes
512 1860 596 1879 meas.
613 1852 677 1886 lloc,’
686 1852 757 1879 enim
773 1853 943 1880 solummodo
959 1853 1049 1880 dicere

267 1897 377 1925 Christo
390 1902 498 1932 potero:
514 1897 538 1913 “
555 1897 680 1932 Conﬁsus
694 1906 751 1924 sum
763 1898 844 1924 cruci.
862 1913 894 1918 —
910 1898 1048 1933 Ajudiciis

266 1942 335 1969 enim
352 1943 404 1970 tuis
421 1943 507 1970 timui.
526 1942 651 1970 Divinam
665 1943 771 1970 scilicet
785 1943 869 1977 legem
891 1943 978 1970 timui.
989 1943 1047 1970 Non

268 1988 341 2015 enim
369 1993 508 2023 peccatum
523 1988 585 2023 quis
603 1988 732 2020 admittit,
751 1989 804 2015 nisi
818 1996 879 2016 sese
893 1994 956 2016 ante
971 1993 1048 2017 extra

269 2033 318 2062 Dei
336 2035 460 2062 timorem
473 2034 657 2063 collocaverit.

306 2080 367 2107 125.
389 2080 465 2108 Oculi
479 2081 529 2107 mei
545 2081 696 2114 defecerunt
722 2080 750 2106 in
782 2080 898 2107 salutare
921 2085 1004 2107 tuum.
1021 2080 1049 2108 In

270 2126 393 2154 divinum
413 2125 569 2158 adventum,
589 2126 687 2161 inquit.
707 2133 762 2160 quo
778 2126 904 2160 sperabat
917 2130 944 2153 et
963 2135 993 2153 se
1017 2132 1044 2155 et

271 2177 358 2200 totum
386 2172 535 2200 humanum
559 2180 645 2207 genus
681 2173 796 2200 salutem
828 2177 1048 2200 consecuturum.

272 2218 307 2246 Et
320 2219 349 2246 in
364 2218 496 2253 eloquium
504 2217 617 2252 justitite
633 2222 695 2245 tum.
708 2217 822 2246 Etiamsi
837 2218 946 2253 quidam
959 2218 1051 2253 inique

1083 289 1172 325 ἔργοις
1189 288 1268 315 αὑτὸν
1281 286 1485 323 ἀποπληρῶσαι.

1126 335 1197 361 Ἀπὸ
1211 334 1269 361 τῶν
1281 333 1428 368 χριμάτων
1441 339 1499 359 σου
1515 332 1572 359 οὐκ
1586 330 1736 363 ἐξέκλινα.
1756 330 1874 356 Διαπανο

1086 380 1130 413 τὸς
1139 381 1301 418 ὲμεμνῄμην
1314 379 1360 406 τοῦ
1377 378 1448 405 θείου
1461 377 1648 413 δικαστηρίου.

1127 429 1175 461 Ὠς
1188 427 1301 463 γλυκέα
1313 426 1352 459 τῷ
1363 425 1489 460 λάρυγτί
1500 433 1559 459 μου
1573 424 1610 450 τὰ
1622 421 1710 457 λότιὰ
1722 421 1804 449 σου]
1817 422 1875 447 Γλυ-

1086 476 1136 502 χέα
1153 474 1196 502 διὰ
1219 474 1268 509 τὴν
1295 474 1336 499 ἐπ’
1353 473 1444 503 αὐτοῖς
1460 470 1572 504 λογικὴν
1594 469 1703 505 τέρψιν·
1722 468 1781 495 ἀλλ’
1801 467 1876 500 ὑπὲρ

1084 522 1155 557 μέλι
1168 543 1176 555 ,
1205 521 1259 547 τῶν
1276 519 1340 555 παρ’
1352 517 1505 553 ἀνθρώποις
1522 516 1631 543 πάντων
1642 514 1727 550 ἡδέων
1744 513 1779 540 δι’
1795 511 1875 540 αὐτοῦ

1088 568 1169 604 ὃηλου
1174 566 1260 602 μένων
1265 585 1271 592 .

1124 611 1241 644 Λύχνος
1257 609 1318 641 τοῖς
1331 608 1404 634 πυσί
1414 616 1474 642 μου
1487 607 1503 633 ὁ
1518 606 1608 640 νόμος
1622 613 1692 631 σου.
1719 605 1750 630 ’0
1767 603 1823 640 γὰρ
1839 603 1876 638 τῷ

1089 657 1158 691 φωτὶ
1170 655 1216 682 τοῦ
1234 655 1308 682 θείου
1320 654 1402 689 νόμου
1417 653 1573 687 περιπατῶν
1587 652 1668 686 ὀρθὴν
1681 651 1727 678 καὶ
1738 650 1876 684 ἀπρόσκο-

1088 711 1140 729 πον
1152 702 1201 737 τὴν
1213 701 1324 736 πορείαν
1338 700 1456 726 ποιεῖται
1466 697 1515 724 τοῦ
1530 697 1598 732 βίου.

1130 745 1343 780 Ἐταπεινώθην
1355 745 1410 777 ἕως
1423 743 1550 778 σφόδρα.
1577 742 1612 768 Ἦ
1624 742 1684 772 ταῖς
1699 740 1753 767 τῶν
1772 739 1877 774 νοητῶν

1090 793 1195 830 ἐχθρῶν
1209 792 1380 824 ἐπιθέσεσιν,
1394 790 1411 826 ἢ
1433 791 1492 822 ταῖς
1513 789 1566 824 ίδίᾳ
1578 787 1625 814 καὶ
1645 788 1677 813 ὲκ
1692 786 1879 817 προαιρέσεως

1090 839 1247 874 γινομέναις
1270 834 1500 872 σχληραγωγίαις.

1126 885 1322 919 Παρανόμους
1331 882 1473 916 ἐμίσησα,
1486 879 1540 906 τὸν
1550 878 1583 906 δὲ
1593 879 1686 913 νόμον
1696 885 1753 904 σου
1765 876 1881 910 ὑπήχη-

1094 939 1145 959 σα.
1174 931 1244 962 Τοὺς
1257 929 1355 963 σοφοὺς
1371 927 1416 954 τοῦ
1439 925 1536 957 αἰῶνός
1552 933 1618 960 φησι
1632 923 1678 950 καὶ
1692 923 1755 954 τοὺς
1770 922 1825 948 τῶν
1838 922 1881 948 αἱ-

1095 976 1232 1013 ρεσιωτῶν
1246 974 1389 1011 ἄρχοντας.

1135 1021 1306 1048 Ἑκκλίνατε
1323 1020 1373 1047 ἀπ’
1385 1018 1458 1053 ἐμοῦ
1470 1037 1478 1049 ,
1493 1015 1735 1050 πονηρευόμενοι.
1768 1014 1804 1040 Ἦ
1819 1014 1883 1045 τοὺς

1095 1069 1230 1103 πονηροὺς
1255 1064 1401 1101 λογισμούς
1425 1071 1523 1098 φησιν,
1547 1062 1564 1097 ἦ
1583 1061 1646 1093 τοὺς
1667 1059 1883 1095 προειρημένους

1096 1113 1283 1144 διδασκάλους.

1131 1159 1289 1193 Βοήθησόν
1297 1166 1359 1192 μοι,
1371 1155 1420 1182 καὶ
1430 1154 1612 1188 σωθήσομαι.
1627 1153 1658 1179 Ei
1672 1151 1726 1187 γὰρ
1742 1151 1804 1182 καὶ,
1818 1150 1883 1186 ἔφη,

1097 1206 1192 1242 βοηθός
1209 1213 1258 1240 μου
1277 1203 1324 1230 καὶ
1351 1202 1523 1236 ἀντιλήπτωρ
1540 1208 1588 1235 μου
1605 1196 1630 1224 εἶ
1646 1198 1695 1229 σὺ,
1710 1197 1779 1223 ἀλλὰ
1799 1197 1884 1223 δεῖται

1097 1241 1221 1288 βοηθείας
1243 1248 1424 1276 ἀδιαλείπτου.
1453 1246 1497 1272 Ἐν
1511 1245 1565 1279 ὅσῳ
1590 1244 1643 1279 γάρ
1659 1244 1742 1278 ἐσμεν
1755 1241 1883 1275 ἐνταῦθα,

1096 1298 1173 1326 οἷνπω
1188 1296 1290 1324 τέλειον
1304 1295 1334 1322 τὺ
1346 1315 1353 1326 ,
1367 1292 1542 1326 σωθήσομαι
1551 1299 1563 1306 ·λ
1587 1289 1644 1316 ἀλλ’
1661 1289 1724 1316 ὅταν
1740 1288 1808 1324 μετὰ
1830 1288 1885 1314 τῶν

1098 1343 1220 1379 ἀγγέλων
1235 1343 1362 1377 ζήσωμεν
1374 1339 1422 1366 τοῦ
1434 1337 1513 1369 Θεοῦ,
1529 1337 1590 1363 τότε
1607 1335 1660 1371 γὰρ
1676 1335 1723 1362 καὶ
1735 1334 1834 1370 μελέτη
1850 1333 1886 1360 δι’

1097 1391 1263 1426 καιωμάτων
1278 1388 1422 1424 πρόσωπον
1439 1384 1509 1420 πρὸς
1525 1383 1684 1418 πρόσωπον,
1706 1381 1737 1407 οὐ
1752 1380 1822 1407 κατὰ
1835 1379 1886 1406 sive

1082 1463 1087 1468 ,
1099 1438 1190 1468 σκιὰν,
1206 1435 1273 1463 ἀλλὰ
1288 1434 1359 1461 κατὰ
1372 1433 1422 1468 τὴν
1435 1430 1574 1466 ἀλήθειαν.

1140 1481 1363 1515 Ἐξουδένωσας
1372 1478 1487 1510 πάντας
1495 1476 1566 1509 τοὺς
1575 1472 1819 1504 ἁποστατοῦντας
1826 1471 1885 1498 ἀπὺ

1098 1528 1157 1555 τῶν
1183 1525 1385 1560 δικαιωμάτων
1410 1531 1478 1550 σου.
1515 1521 1599 1548 Τοῦτο
1614 1520 1669 1555 γὰρ
1688 1518 1833 1554 περιμένει
1855 1516 1886 1543 τὸ

1099 1575 1173 1605 τέλος
1186 1573 1249 1604 τοὺς
1261 1572 1306 1598 τὸν
1321 1571 1401 1606 νόμον
1418 1568 1580 1599 ἀθετοῦντας
1595 1567 1642 1593 τοῦ
1660 1566 1738 1592 Θεοῦ.

1135 1619 1374 1654 Παραϐαίνοντας
1390 1615 1574 1650 ἐλογισάμην
1585 1613 1700 1645 πάντας
1715 1611 1786 1644 τοὺς
1799 1611 1887 1645 ἀμαρ-

1099 1666 1211 1699 τωλοὺς
1228 1664 1282 1699 τῆς
1294 1663 1362 1699 γῆς·
1376 1661 1422 1688 διὰ
1441 1661 1528 1688 τοῦτο
1544 1659 1685 1695 ἠγάπησα
1699 1658 1734 1685 τὰ
1742 1656 1889 1692 μαρτύριά

1100 1719 1167 1739 σου.
1184 1711 1221 1738 Τὸ
1238 1710 1358 1744 πατῆσαι
1374 1707 1515 1744 βούλεσθαι
1528 1706 1573 1732 τὸν
1587 1705 1657 1731 θεῖον
1669 1704 1761 1738 νόμον.

1137 1753 1320 1787 Καθήλωσον
1332 1753 1365 1779 ἐκ
1377 1751 1430 1778 τοῦ
1444 1751 1538 1784 φόϐου
1554 1757 1611 1775 σου
1623 1748 1678 1780 τὰς
1690 1747 1807 1781 σάρκας
1816 1755 1886 1780 μου.

1102 1799 1148 1831 Τὸ,
1162 1798 1350 1831 καθήλωσον,
1364 1797 1424 1823 ἀντὶ
1431 1795 1489 1827 τοῦ,
1507 1794 1601 1830 πῆξον.
1616 1792 1704 1828 Πῆξον
1717 1790 1764 1819 οὖν
1773 1813 1781 1823 ,
1795 1792 1887 1827 φησιν,

1101 1847 1141 1877 είς
1156 1845 1265 1879 ἁγνείαν
1277 1843 1325 1875 τὰς
1338 1843 1440 1879 σάρκας
1458 1850 1518 1877 μου.
1534 1840 1626 1871 Οὕτως
1641 1839 1695 1874 γὰρ
1711 1838 1799 1874 μόνως
1809 1839 1889 1871 δυνη-

1102 1892 1172 1918 θεῖεν
1189 1892 1274 1917 εἰπεῖν
1284 1889 1393 1925 Χριστῷ
1402 1897 1409 1903 '
1422 1887 1669 1921 Συνεσταύρωμαι
1677 1894 1684 1900 ·
1698 1884 1758 1912 ἀπὸ
1766 1884 1819 1919 γὰρ
1830 1883 1889 1910 τῶν

1102 1936 1248 1971 κριμάτων
1260 1943 1318 1962 σου
1331 1933 1491 1969 ἐφοϐήθην.
1510 1933 1561 1959 Τὸν
1575 1931 1644 1958 θεῖον
1660 1930 1781 1965 δηλονότι
1795 1937 1888 1964 νομον.

1103 1982 1140 2008 Οὐ
1159 1981 1213 2016 γὰρ
1226 1981 1313 2012 ἄλλως
1336 1988 1377 2011 τις
1393 1979 1512 2006 ἐπιτελεῖ
1523 1978 1571 2013 τὴν
1588 1976 1724 2011 ἁμαρτίαν
1736 1995 1743 2007 ,
1773 1975 1811 2011 μὴ
1837 1975 1890 2008 ἔξω

1103 2027 1198 2054 ἑαυτὸν
1216 2026 1348 2062 πρότερον
1360 2025 1532 2059 καταστήσας
1542 2022 1588 2049 τοῦ
1602 2022 1682 2057 φόὃου
1697 2020 1744 2048 τοῦ
1757 2021 1836 2048 Θεοῦ.

1140 2074 1171 2099 Ol
1182 2072 1328 2107 ὀφθαλμοί
1338 2080 1396 2106 μου
1411 2070 1551 2103 ἐξέλιπον
1560 2069 1602 2102 εις
1616 2068 1650 2095 τὸ
1660 2067 1809 2101 σωτήριόν
1818 2074 1886 2094 σου,

1103 2120 1151 2150 Ei:
1161 2119 1211 2154 τὴν
1225 2117 1300 2144 θείαν
1317 2117 1485 2151 ἐπιφάνειαν,
1501 2115 1578 2150 φησὶ,
1590 2113 1622 2140 δι’
1639 2111 1672 2148 ἦς
1685 2113 1783 2148 ἤλπιζε
1799 2112 1887 2147 σωθή-

1105 2164 1198 2190 σεσθαι
1214 2164 1260 2190 καὶ
1278 2163 1357 2194 αὐτὸς
1372 2163 1418 2189 καὶ
1433 2162 1504 2188 ἅπαν
1519 2161 1573 2186 τῶν
1592 2158 1742 2195 ἀνθρώπων
1754 2159 1785 2185 τὸ
1796 2158 1884 2191 γένος.

1104 2211 1158 2238 Καὶ
1173 2212 1216 2243 είς
1231 2210 1263 2237 τὸ
1276 2211 1379 2245 λόγιον
1396 2209 1448 2243 τῆς
1472 2208 1666 2241 δικαιοσύνης
1688 2213 1758 2233 σου.
1786 2205 1817 2231 Ei
1840 2204 1887 2230 καὶ

272 2269 394 2300 agentes,
405 2271 496 2299 neque
509 2264 634 2291 timorem
646 2268 723 2291 tuum
748 2269 811 2292 ante
839 2251 934 2292 oculos
949 2251 1052 2292 haben-

1108 2256 1323 2292 mpwtopoiv'cég
1336 2263 1406 2286 τινες
1415 2275 1422 2287 ,
1439 2255 1484 2281 καὶ
1499 2254 1543 2281 τὸν
1555 2254 1600 2280 σὺν
1612 2252 1663 2288 πρὸ
1673 2251 1821 2286 ὀφθαλμῶν
1836 2251 1886 2276 οὐκ

272 2316 324 2343 tes,
336 2310 421 2345 legem
435 2314 508 2336 tuam
518 2309 550 2336 de
563 2309 654 2337 medio
667 2311 845 2343 sustulerint;
862 2316 890 2338 at
900 2319 951 2347 ego
976 2312 1051 2339 omni

273 2360 395 2390 tempore
413 2355 483 2383 hanc
494 2363 576 2383 unam
602 2356 690 2391 legem
715 2357 895 2392 exscquebar,
924 2357 997 2392 quod
1021 2358 1051 2385 in

273 2400 447 2429 meditatione
461 2405 591 2436 perpetuo
608 2409 740 2429 versarer.

308 2446 371 2474 H5.
386 2446 482 2474 Servus
501 2452 562 2474 tuus
577 2455 637 2474 sum
648 2455 703 2482 ego,
716 2447 751 2473 da
764 2447 829 2474 mihi
839 2447 1011 2481 intellectum,
1028 2454 1053 2476 et

272 2494 356 2522 aciem
372 2494 522 2521 testimonia
552 2497 607 2520 tua.
641 2492 693 2526 Qui
710 2493 864 2522 nullatenus
892 2502 987 2522 servus
1012 2499 1054 2523 est

273 2539 388 2574 peocati,
401 2539 489 2567 dicat:
505 2539 601 2567 Servus
627 2545 688 2566 tuus
702 2547 760 2566 sum
773 2548 829 2574 ego.
841 2539 991 2568 Mercedem
1005 2549 1054 2568 au-

274 2591 327 2613 tem
340 2585 489 2618 servitutis,
502 2585 706 2621 intelligentiam
731 2593 829 2620 nempe
845 2587 975 2621 postulat,
991 2595 1053 2622 quae

273 2631 355 2674 datur
368 2639 384 2658 a
396 2630 450 2659 Deo
465 2651 473 2664 ,
490 2636 517 2659 et
532 2632 603 2667 apud
615 2639 677 2659 eum
691 2632 768 2667 quasi
790 2632 818 2660 in
837 2633 958 2661 thesauri
973 2634 1053 2661 theca

274 2677 441 2705 reconditur.
455 2677 523 2704 Nam
536 2678 652 2713 Spiritus
665 2679 806 2713 sapientiae
816 2682 843 2706 et
856 2679 1010 2707 intellectus
1022 2683 1049 2707 et

275 2725 382 2760 reliqua
393 2729 459 2752 sunt
470 2725 604 2753 bonorum
620 2734 745 2754 munera.
760 2726 834 2754 lnter
853 2726 928 2754 enim
946 2727 1017 2754 hanc
1027 2729 1055 2753 et

274 2770 357 2798 aliam
373 2771 537 2806 sapientiam
565 2771 745 2800 differentiam
772 2771 953 2807 constituens,
976 2772 1013 2800 ait
1027 2772 1055 2799 in

313 2901 434 2930 “Galat.
453 2911 482 2937 ιι,
504 2903 535 2932 l9

1104 2303 1209 2338 ἔχοντες
1225 2301 1305 2337 φόϐον
1317 2322 1324 2334 ,
1338 2301 1385 2328 τόν
1401 2309 1447 2326 σου
1465 2301 1498 2326 ὲκ
1514 2300 1594 2335 μέσου
1609 2299 1770 2334 πεποίηνται
1787 2297 1883 2332 νόμον·

1102 2349 1159 2376 ἀλλ’
1173 2348 1228 2383 ἐγὼ
1243 2348 1288 2374 τὸν
1306 2348 1392 2374 πάντα
1413 2347 1506 2383 καιρὸν
1516 2347 1562 2373 Eva
1578 2345 1726 2380 ἐποιούμην
1738 2344 1843 2377 τοῦτον,
1858 2344 1885 2369 ἐν

1105 2395 1204 2431 μελέτῃ
1220 2394 1289 2429 έχων
1302 2393 1455 2424 διαπαντός.
1770 2428 1775 2432 _

1137 2439 1250 2471 Δοῦλός
1262 2445 1320 2465 σου
1331 2437 1399 2472 ειμὶ,
1411 2436 1572 2464 συνέτισόν
1588 2444 1642 2470 με,
1665 2433 1714 2461 καὶ
1736 2433 1885 2468 γνώσομαι

1103 2484 1139 2511 τὰ
1162 2483 1307 2519 μαρτύριά
1332 2490 1400 2510 σου.
1443 2483 1472 2509 ’0
1489 2483 1525 2518 μὴ
1541 2481 1670 2508 δουλεύων
1688 2479 1747 2507 κατ’
1764 2479 1838 2506 οὐδὲν
1853 2479 1883 2513 τῇ

1104 2530 1225 2566 ἁμαρτίᾳ
1239 2530 1341 2564 λεγέτω
1350 2537 1356 2544 '
1380 2528 1492 2561 Δοῦλός
1506 2535 1563 2555 σου
1577 2527 1635 2561 εἰμὶ
1743 2525 1846 2552 Μισθὺν
1857 2524 1884 2550 δὲ

1103 2576 1224 2608 δουλείας
1235 2577 1284 2612 τὴν
1302 2575 1408 2602 σύνεσιν
1430 2574 1541 2601 ἀπαιτεῖ
1562 2572 1702 2608 διδομένην
1718 2571 1793 2607 παρὰ
1807 2569 1883 2614 Θεοῦ,

1104 2620 1151 2647 καὶ
1173 2621 1238 2655 παρ’
1267 2619 1339 2654 αὐτῷ
1367 2619 1495 2654 κειμένην
1511 2618 1549 2649 ὠς
1580 2619 1608 2643 ὲν
1632 2615 1882 2651 θησαυροφυλακεῳ.

1105 2665 1216 2701 Πνεῦμα
1239 2665 1292 2701 γὰρ
1308 2665 1404 2699 σοφίας
1427 2664 1474 2691 καὶ
1491 2664 1622 2695 συνέσεως
1646 2662 1692 2689 καὶ
1708 2661 1743 2688 τὰ
1757 2661 1821 2696 ἑξῆς
1834 2660 1885 2698 τῷν

1105 2710 1214 2744 ἀγαθῶν
1226 2710 1260 2737 τὰ
1273 2710 1437 2746 χαρίσματα.
1451 2709 1522 2745 ΙῙρὺς
1533 2709 1628 2743 ἑτέραν
1639 2706 1693 2742 γὰρ
1707 2704 1885 2732 ἀντιδιαστέλ-

1105 2755 1168 2790 λων,
1183 2756 1212 2783 ὲν
1227 2755 1365 2792 Παροιμίᾳ
1378 2755 1457 2791 φησί’
1475 2755 1600 2787 Σύνεσις
1614 2752 1648 2780 δὲ
1667 2750 1764 2787 ἀγαθὴ
1783 2750 1884 2777 δίδωσι
