1926 3051
61 111 126 148 sui

606 114 786 143 EXPOSITIO
806 115 841 143 IN
856 115 1023 145 PSALMUM
1043 116 1157 146 CXVIII;

1637 118 1704 147 502..

76 171 174 208 χάριν.
191 172 222 198 El
233 172 288 208 γὰρ
301 172 373 199 πᾶσα
388 181 493 205 συνεσις
507 173 606 209 ἀγαθὴ,
619 174 668 200 οὐκ
677 173 710 201 ἂν
725 174 859 210 προσέθη-

933 174 1054 202 roverbio
1068 175 1106 202 "z
1124 174 1301 210 Inlelligentia
1313 178 1399 201 autem
1413 174 1480 201 bona
1500 174 1547 201 dat
1561 175 1688 209 gratiam.

76 226 126 245 κεν
141 217 241 253 ἀγαθὴ.

115 305 223 339 Καιρὸς
232 305 286 333 τοῦ
299 305 422 341 ποιῆσαι
432 305 471 340 τῷ
482 307 588 342 Κυρίῳ,
601 308 800 336 διεσκέδασαν
810 310 863 337 τὸν

77 351 174 384 ’νόμον
188 358 254 377 σου.
281 350 350 384 Ἐγὼ
367 352 415 387 μὲν
431 352 546 388 ἐποίησα
561 355 647 389 κρῖμα
663 354 708 381 xal.
728 355 864 382 δικαιοσύ-

77 404 130 431 νην
140 405 146 411 ·
163 396 238 423 ἔσται
253 397 282 423 δέ
298 405 362 423 ποτε
377 397 424 424 καί
438 407 479 424 σοι
494 399 588 434 καιρὸς
600 399 638 434 τῷ
651 399 709 436 Θεῷ
722 400 767 427 τοῦ
786 401 864 436 ποιῆ-

79 449 128 468 σαι
140 442 260 477 δηλονότι
274 443 361 478 κρῖμα
370 443 417 470 καὶ
429 444 601 480 δικαιοσύνην
613 445 683 472 κατὰ
697 446 750 472 τῶν
760 446 865 473 διασκε-

77 487 219 514 δασάντων
234 488 279 514 τὸν
295 489 375 524 νόμον
387 497 444 516 σου.

113 534 166 561 Διὰ
181 534 269 561 τοῦτο
287 535 431 570 ἠγάπησα
444 535 498 569 τὰς
517 536 642 570 ἐντολάς
660 543 718 564 σου
736 537 811 571 ὑπὲρ
831 537 866 564 τὸ

78 580 211 614 χρυσίον
226 581 275 608 καὶ
295 581 441 612 familiar.
466 582 558 610 Ταῦτα
575 583 682 619 συνᾴδει
696 583 751 619 τῷ·
782 584 866 618 Ἀγα-

78 627 135 653 θόν
147 635 198 661 μοι
214 628 230 653 ό
247 628 338 662 νόμος
361 628 415 655 τοῦ
438 629 585 663 στόματός
601 636 659 656 σου
676 629 752 663 ὑπὲρ
769 629 864 664 χιλιά-

80 671 137 705 δας
148 674 277 707 χρυσίου
293 674 340 700 καὶ
364 674 521 709 ἀργυρίου·
541 676 587 702 καὶ
603 675 640 710 τῷ
651 682 658 690 ⁸
681 675 790 703 Λάϐετε
805 684 867 703 παι-

79 716 176 750 δείαν,
189 718 238 745 καὶ
247 718 290 753 μὴ
306 719 454 754 ἀργύριον,
471 719 519 747 καὶ
532 720 644 755 γνῶσιν
652 722 727 756 ὑπὲρ
740 722 867 755 χρυσίον

78 762 345 798 δεδοκιμασμένον.
371 758 525 799 Κρείάσων
537 765 591 801 γὰρ
607 767 699 801 σοφία
715 767 806 794 λίθων
819 773 868 794 πο-

80 808 218 835 λυτελῶν
229 817 236 824 '
260 809 321 837 πᾶν
331 810 364 836 δὲ
377 811 474 845 τίμιον
489 812 545 838 οὐκ
557 811 643 844 ἄξιον
655 811 748 846 αὐτῆς
771 813 864 840 ἐστιν.

912 219 979 247 Nam
992 220 1015 248 si
1030 221 1120 248 omnis
1133 220 1309 256 intelligentia
1333 220 1405 248 bona
1419 225 1500 253 esset,
1518 227 1689 256 nequaquam

912 266 1046 302 posuisset
1069 266 1151 294 bona.

949 312 1008 339 1‘26.
1027 311 1137 346 Tempus
1148 311 1261 346 faciendi
1274 310 1397 344 Domino,
1409 310 1600 346 dissipaverunt
1609 311 1690 346 legem

914 359 996 382 tuam.
1009 354 1065 390 Ego
1082 355 1189 390 quidem
1210 354 1261 382 feci
1271 355 1402 389 judicium
1431 359 1458 382 et
1470 354 1621 390 justitiam:
1639 355 1691 382 erit

914 405 1003 428 autem
1017 401 1065 428 tibi
1083 408 1192 436 quoque
1204 399 1258 427 Deo
1270 404 1376 434 tempus
1390 399 1506 428 faciendi
1519 400 1651 435 judicium
1667 406 1694 427 et

911 446 1056 482 justitiam,
1072 450 1166 474 contra
1178 453 1225 474 eos
1239 445 1286 480 qui
1297 445 1497 480 dissipaverunt
1512 445 1596 480 legem
1607 450 1691 472 tuam.

951 538 1011 565 127.
1028 537 1092 565 Ideo
1105 538 1186 565 dilexi
1202 538 1328 565 mandata
1337 542 1382 564 tua
1400 545 1477 572 super
1496 545 1591 564 aurum
1613 542 1638 564 et
1654 541 1694 563 to—

913 585 1017 619 pazion.
1036 583 1098 611 Htec
1114 584 1259 611 concinunt
1277 583 1315 610 illi
1330 583 1402 611 dicto
1424 592 1430 610 :
1453 583 1554 610 Bonum
1571 582 1635 609 mihi
1654 582 1696 609 lea:

915 631 968 657 oris
989 629 1028 656 tui
1042 638 1119 664 super
1134 629 1217 656 millia
1225 629 1284 656 auri
1295 634 1319 655 et
1336 629 1437 664 argenti
1452 629 1492 656 “:
1506 633 1532 656 et
1545 628 1608 656 huic
1621 638 1627 655 :
1643 629 1694 655 Ac-

915 675 992 710 cipite
1006 675 1178 702 eruditionem
1189 679 1275 702 etnon
1295 679 1443 710 argentum,
1471 680 1495 702 et
1523 674 1694 709 cognitionem

914 730 992 756 super
998 729 1090 748 aurum
1101 721 1244 756 probatum.
1251 720 1320 748 Nam
1330 720 1464 748 meliorest
1476 720 1606 754 sapientia
1614 719 1694 746 uariis

914 768 1062 803 lapidibus:
1078 772 1102 795 et
1114 775 1188 794 omne
1195 767 1336 802 pretiosum
1345 774 1397 793 non
1407 770 1444 793 est
1457 766 1505 793 illa
1513 766 1621 801 dignum
1632 765 1666 793 ".

115 854 168 881 Διὰ
181 854 268 881 τοῦτο
288 855 361 890 πρὸς
375 856 476 890 πάσας
485 857 538 890 τὰς
550 857 675 891 ἐντολάς
686 866 743 886 σου
761 867 867 893 κατωρ-

951 856 1012 885 128.
1028 855 1170 890 Propterea
1185 856 1219 882 ad
1235 856 1325 882 omnia
1348 854 1474 882 mandata
1484 857 1529 881 tua
1553 854 1694 889 dirigebar.

80 900 207 933 θούμην.
224 901 275 928 Διὰ
285 901 384 934 τοῦτο,
402 903 492 936 ποῖον,
517 903 533 939 ἥ
553 903 583 930 τὸ
598 904 711 940 μελέτην
725 904 796 940 ἔχειν
808 905 866 932 δια-

79 946 183 977 παντὸς
198 946 245 973 τοῦ
265 947 347 983 νόμου
360 958 366 981 ;

117 992 171 1018 Καὶ
185 993 320 1020 συνετιεῖ
326 994 428 1027 νήπια.
441 995 535 1031 Νήπια
544 996 650 1032 νοήσεις
660 997 722 1028 τοὺς
734 997 762 1023 ἐν
772 997 868 1032 ἀγνοίᾳ

80 1038 282 1073 κατεχομένους
297 1040 344 1066 καὶ
359 1040 485 1075 βρέφεσιν
501 1042 632 1074 ἐοικότας.
649 1042 767 1074 Τούτους
783 1043 837 1079 γὰρ
855 1044 869 1069 ὁ

78 1083 162 1118 λόγος
176 1093 221 1111 σου
234 1105 240 1116 ,
255 1086 322 1120 φησὶ
331 1106 338 1118 ,
353 1086 393 1121 τῷ
406 1087 444 1122 σῷ
459 1088 714 1124 καταυγαςομένους
727 1090 796 1124 φωτὶ
809 1098 869 1116 συν-

81 1129 170 1161 έσεως
187 1130 314 1166 ὲμφορεῖ.

118 1175 157 1201 Τὸ
180 1175 278 1210 στόμα
301 1185 361 1210 μου
378 1176 495 1210 iii-eral,
514 1178 563 1204 καὶ
591 1179 719 1206 είλκυσα
743 1180 868 1214 πνεῦμα.

81 1221 244 1254 Διανοίξεως
257 1222 286 1248 δὲ
302 1223 387 1249 δεῖται
402 1224 435 1251 τὰ
450 1224 538 1258 λόγια.
563 1225 608 1251 Διὸ
621 1226 668 1252 καὶ
680 1227 693 1252 ὁ
707 1225 800 1262 Σωτὴρ
813 1227 869 1262 διή-

81 1267 154 1300 νοιξε
170 1267 216 1293 τὺν
230 1267 292 1294 νοῦν
305 1268 361 1295 τῶν
385 1269 513 1306 μαθητῶν
529 1270 576 1297 τοῦ
598 1271 718 1298 συνιέναι
733 1272 782 1304 τὰς
802 1273 870 1308 Γρα-

82 1312 146 1346 φάς.
171 1313 226 1339 Καὶ
241 1313 292 1348 τὴν
308 1313 342 1339 δι’
357 1314 482 1350 ἠδονῆςῆ
506 1316 583 1351 δόξης
605 1316 711 1352 ἀπάτην
727 1318 743 1352 ὴ
759 1317 802 1344 διὰ
817 1317 870 1344 τῶν

83 1356 172 1391 λόγων
186 1357 295 1390 σύνεσις
308 1359 464 1395 ὲνδιδομένη
481 1360 589 1387 κωλύει.

113 1403 296 1438 Ἐπίϐλεψον
303 1405 348 1431 ἐπ’
357 1405 418 1440 ἐμὲ,
427 1406 475 1432 καὶ
483 1406 613 1440 ἐλέησόν
617 1415 664 1441 με,
673 1415 701 1435 κ.
710 1416 735 1434 τ.
744 1408 768 1434 λ.
778 1407 820 1440 Ὠς
828 1408 872 1435 κέ-

84 1457 194 1485 κρικας,
204 1450 302 1485 φησὶνμ
309 1451 463 1486 ἐπιϐλέψαι,
475 1452 522 1478 καὶ
528 1452 628 1488 πολλῆς
638 1454 787 1489 ἐπισκοπῆς
796 1455 873 1488 ἀξιῶ-

86 1503 130 1522 σαι
146 1496 210 1528 τοὺς
224 1496 388 1531 ἀγαπῶντας
401 1498 431 1524 τὸ
449 1498 535 1533 ὕνομά
550 1507 596 1525 σου
608 1508 614 1513 -
630 1499 699 1526 οὕτω
717 1509 750 1535 με
763 1501 811 1535 τῆς
825 1501 873 1527 αὐ-

84 1542 265 1583 τῆς-ἀξίωσον
282 1544 452 1579 ἐπισκοπῆς,
469 1544 516 1571 τοῦ
533 1545 615 1572 αὑτοῦ
632 1545 733 1577 ἐλέους.

124 1631 163 1658 Τὰ
178 1632 345 1668 Bias-ripam
355 1641 415 1667 μου
427 1633 611 1660 κατεύθυνον
626 1632 701 1660 κατὰ
719 1633 752 1660 τὸ
772 1634 874 1669 λόγιόν

87 1685 156 1705 σου.
189 1678 268 1705 Κατὰ
285 1679 316 1705 τὸ
332 1679 420 1714 λόγιον
439 1679 521 1706 αὑτοῦ
536 1680 550 1706 ὁ
571 1679 637 1711 Θεὸς
659 1679 817 1706 κατευθύνει
840 1679 875 1707 τὰ

88 1724 246 1760 διαδήματα
267 1724 314 1751 τοῦ
330 1725 383 1751 ἀπὸ
399 1725 497 1757 κακίας
517 1725 564 1752 καὶ
586 1724 696 1759 ἀγνοίας
719 1725 757 1756 είς
775 1725 875 1761 ἀρετὴν

88 1770 136 1796 καὶ
152 1770 252 1804 γνῶσιν
269 1770 463 1803 διαϐαίνοντος.
498 1770 527 1797 '0
549 1770 603 1805 γὰρ
619 1770 698 1806 ὀρθὸς
720 1769 798 1804 λόγος
822 1770 875 1797 τῶν

87 1815 216 1843 τοιούτων
228 1817 346 1852 ἡγεῖται·
366 1817 396 1843 Ol
409 1817 446 1852 μὴ
459 1815 599 1848 ποιοῦντες
613 1815 660 1852 τὴν
680 1816 816 1852 ἁμαρτίαν
826 1816 876 1843 οὐκ

87 1861 143 1889 alat
156 1862 244 1888 δοῦλοι
253 1862 306 1898 τῆς
320 1863 465 1898 ἁμαρτίας.

124 1908 281 1942 Λύτρωσαί
292 1917 330 1942 με
343 1908 401 1935 ἀπὸ
419 1908 623 1943 συκοφαντίας
634 1908 804 1942 ἀνθρώπων.
826 1907 877 1934 Συ-

89 1954 238 1988 κοφαντίαν
251 1954 402 1990 ἀνθρώπων
418 1954 466 1989 τὴν
481 1954 535 1981 τῶν
549 1955 694 1990 αῐρετικῶν
706 1953 876 1982 διδασκαλίαν

90 1999 167 2034 φησὶ,
179 1999 227 2025 καὶ
239 1998 288 2034 τὴν
304 1999 357 2026 τῶν
372 2000 460 2034 σοφῶν
473 2000 519 2026 τοῦ
532 2000 629 2031 αἰῶνος
644 2000 748 2026 τούτου.
776 1999 876 2026 Τούτου

90 2043 240 2080 τετύχηκεν
255 2043 392 2079 αἰσθητῶς
410 2044 507 2080 Ἰωσὴφ
520 2045 566 2071 καὶ
580 2043 876 2078 Σωσάννα.,Τροπικῶς

90 2089 119 2116 δὲ
136 2089 298 2125 ἀνθρώπους
321 2089 370 2121 τὰς
395 2090 516 2126 πονηρὰς
529 2090 602 2124 λέγει
617 2089 746 2127 δυνάμεις
757 2109 765 2122 ,
780 2091 826 2124 ἀφ’
841 2087 878 2117 ὧν

91 2135 142 2171 τῆς
159 2136 342 2170 συκοφαντίας
357 2136 437 2170 μόνου
453 2135 615 2171 λυτροῦσθαι
631 2135 710 2162 Θεοῦ.

917 902 1072 936 Propterea,
1093 910 1176 937 quare
1209 901 1262 929 nisi
1289 900 1352 936 quia
1366 907 1473 935 semper
1492 900 1644 928 meditabar
1658 901 1696 928 le-

917 956 975 984 gem
985 948 997 974 ?

952 994 1012 1021 150.
1030 993 1064 1020 ΕΙ
1087 993 1247 1020 intellectum
1262 992 1308 1019 dat
1322 991 1449 1027 parvulis.
1471 990 1602 1018 Parvulos
1617 991 1696 1019 intel-

918 1039 984 1074 liges
1006 1046 1053 1067 eos
1067 1040 1114 1074 qui
1140 1039 1167 1066 in
1191 1038 1345 1074 ignorantia
1361 1039 1527 1069 detinentur,
1544 1042 1571 1064 et
1587 1036 1698 1064 infanti-

919 1085 969 1112 bus
982 1085 1086 1112 similes
1098 1089 1172 1112 sunt.
1185 1083 1240 1111 Hos
1259 1084 1342 1115 enim,
1356 1084 1454 1119 inquit,
1478 1084 1592 1111 verbum
1606 1087 1696 1115 tuum,

918 1135 965 1158 tuo
978 1131 1127 1159 illustratos
1140 1129 1434 1165 lumine'intelligentia
1444 1129 1539 1164 replet.

956 1176 1015 1203 151.
1027 1175 1063 1203 Os
1078 1183 1163 1203 meum
1176 1175 1268 1210 aperui
1280 1180 1305 1202 et
1315 1175 1416 1202 attraxi
1428 1175 1562 1210 spiritum.
1572 1173 1698 1208 Apertio-

919 1230 952 1248 ne
962 1221 1081 1256 indigent
1094 1221 1210 1256 eloquia.
1220 1220 1310 1253 Quare
1320 1219 1448 1247 Salvator
1462 1219 1569 1255 aperuit
1581 1218 1700 1254 discipur

920 1268 1007 1295 lorum
1023 1271 1139 1295 mentem
1156 1271 1186 1293 ut
1201 1266 1379 1301 intelligerent
1397 1264 1606 1300 Scripturas.Et
1620 1263 1698 1291 frau~

920 1313 982 1339 dem
999 1319 1060 1347 qua:
1074 1316 1121 1339 aut
1144 1318 1192 1346 per
1211 1310 1377 1345 voluptatem
1396 1313 1443 1337 aut
1453 1316 1502 1344 per
1519 1308 1634 1344 gloriam
1653 1314 1701 1342 par

921 1356 1193 1391 ratur,intelligentia
1207 1362 1269 1391 quae
1298 1362 1347 1390 per
1360 1354 1444 1382 verba
1465 1354 1546 1382 datur
1569 1352 1694 1388 impedit.

958 1403 1020 1430 152.
1033 1402 1140 1437 Respice
1157 1402 1184 1428 in
1196 1409 1246 1433 me,
1265 1405 1291 1427 et
1306 1401 1430 1428 miserere
1449 1400 1510 1433 mei,
1525 1404 1578 1427 etc.
1597 1399 1700 1432 Quem-

923 1449 1080 1481 admodum,
1098 1449 1145 1481 ait,
1161 1447 1305 1475 decrevisti
1324 1454 1366 1475 me
1396 1446 1543 1482 respicere,
1559 1451 1586 1474 et
1603 1453 1702 1482 magna

923 1494 1091 1529 providentia
1101 1499 1147 1521 tua
1155 1493 1260 1528 dignari
1271 1493 1372 1528 eosqui
1380 1492 1496 1528 diligunt
1504 1498 1604 1520 nomen
1613 1495 1700 1523 tuum.l

925 1542 966 1567 ita:
974 1547 1017 1568 me
1030 1539 1124 1567 eadem
1139 1538 1320 1574 providentia,
1337 1538 1436 1567 eadem,
1447 1537 1637 1567 misericordia
1657 1537 1700 1567 die

923 1594 1023 1622 gneris.

960 1639 1010 1666 155
1051 1638 1161 1666 Gressus
1189 1646 1257 1665 meos
1285 1637 1373 1673 dirige
1402 1636 1545 1664 secundum
1573 1636 1705 1672 eloquium

925 1690 1008 1712 tuum.
1033 1684 1190 1713 Secundum
1222 1683 1361 1719 eloquium
1390 1690 1470 1711 suum
1494 1682 1566 1711 Deus
1593 1689 1704 1718 gressus

923 1729 1015 1765 dirigit
1025 1730 1085 1764 ejus
1102 1729 1147 1764 qui
1165 1736 1180 1756 a
1193 1729 1295 1756 malitia
1311 1733 1338 1755 et
1361 1726 1516 1763 ignorantia
1546 1726 1580 1754 ad
1602 1726 1704 1754 verita-

923 1781 977 1804 tem
996 1780 1023 1803 et
1032 1775 1065 1802 ad
1081 1774 1226 1802 scientiam
1254 1773 1373 1802 transiit.
1389 1772 1489 1801 Rectus
1515 1772 1589 1800 enim
1612 1779 1705 1800 sermo

924 1820 1057 1856 ejusmodi
1071 1820 1153 1848 rebus
1165 1819 1250 1847 anteit
1263 1829 1270 1848 ς
1291 1818 1343 1853 Qui
1359 1826 1413 1846 non
1429 1819 1535 1846 faciunt
1559 1822 1703 1853 peccatum

877 1868 882 1875 ‘
924 1875 979 1895 non
988 1871 1052 1896 sunt
1063 1866 1134 1894 servi
1146 1865 1258 1901 peccati.

962 1913 1024 1940 154.
1043 1911 1149 1939 Redime
1171 1919 1242 1938 mea
1263 1910 1399 1938 calumnia
1426 1910 1570 1937 hominum.
1594 1909 1706 1937 Calum-

925 1959 999 1987 niam
1028 1959 1171 1986 hominum
1200 1962 1280 1985 vocat
1308 1955 1506 1989 haereticorum,
1530 1963 1636 1984 necnon
1661 1963 1706 1983 sa-

926 2003 1058 2040 pientium
1068 2003 1151 2038 huius
1166 2001 1269 2035 saeculi,
1281 2000 1444 2028 doctrinam.
1458 1998 1516 2027 Hoc
1528 1998 1630 2027 bonum
1644 2005 1708 2026 sen-

927 2049 999 2078 sibili
1015 2048 1097 2076 modo
1116 2051 1214 2075 nactus
1229 2051 1272 2074 est
1282 2045 1383 2081 Joseph
1396 2045 1570 2073 et~Susanna.
1590 2043 1710 2079 Tropice

928 2100 1016 2123 autem
1031 2094 1154 2122 homines
1165 2096 1244 2120 vocat
1260 2091 1394 2127 malignas
1414 2094 1573 2126 potestates,
1602 2097 1618 2118 a
1639 2097 1709 2125 qua,

927 2147 987 2167 rnm
999 2139 1137 2168 calumnia
1151 2138 1266 2166 liberare
1274 2137 1359 2165 solius
1372 2136 1420 2164 Dei
1436 2139 1488 2164 est.

130 2181 166 2208 Τὸ
176 2182 339 2216 πρόσωπόν
347 2189 405 2208 σου
413 2181 561 2216 ἐπΙφανον
571 2181 620 2209 ἐπὶ
628 2181 682 2208 τὸν
690 2181 802 2208 δοῦλόν
809 2188 872 2208 σου.

964 2185 1025 2212 155.
1041 2184 1149 2211 Faciem
1175 2188 1247 2210 tuam
1270 2183 1393 2209 illumina
1420 2189 1496 2217 super
1510 2189 1611 2208 servum
1622 2185 1707 2208 tuum;

91 2227 149 2263 Τὴν
165 2228 316 2263 παρουσίαν
334 2227 459 2254 ἐπιποθεί
474 2227 521 2254 τοῦ
534 2228 637 2262 Κυρίου
654 2227 811 2254 θεάσασθαι.
826 2227 879 2253 Λύ-

91 2275 137 2307 τὸς
151 2275 204 2310 γάρ
220 2276 293 2302 ἐστιν
304 2276 318 2301 ὁ
329 2274 471 2310 χαρακτὴρ
490 2273 537 2303 τοῦ
554 2274 670 2310 Πατρός.
682 2274 738 2301 Kal
755 2273 879 2306 δίδαξον

89 2330 129 2356 με
145 2321 182 2348 τὰ
194 2320 374 2355 δικαιώματά
394 2327 462 2347 σου.
486 2320 541 2355 Τὴν
556 2320 629 2347 Νέαν
643 2320 779 2355 Διαθήκην
801 2320 878 2354 φησὶ,

90 2367 125 2393 δι’
139 2364 174 2403 ἧς
197 2367 371 2394 δεδικαίωκεν
393 2367 407 2392 ὁ
422 2367 487 2398 Θεὸς
504 2366 552 2392 καὶ
565 2366 659 2401 Πατὴρ
675 2366 737 2397 τοὺς
763 2366 809 2392 ἐπὶ
829 2365 878 2401 τῆς

91 2421 156 2448 της-

129 2458 288 2490 Διεξόδους
297 2457 415 2484 ὑδάτων
429 2457 598 2492 κατέϐησαν
608 2458 636 2483 ol
650 2457 796 2491 ὀφθαλμοί
809 2465 879 2491 μου.

93 2504 201 2540 Πλῆθος
217 2504 307 2539 ἠφίειν
320 2503 445 2539 δακρύων
463 2504 525 2535 τοὺς
543 2503 589 2530 τὸν
605 2502 650 2530 σὺν
666 2502 882 2538 παραϐαίνοντας

91 2549 174 2584 νόμον
191 2548 362 2584 ἀποθρηνᾶΝ.

129 2595 249 2628 Δίκαιος
263 2592 300 2626 εἴ,
317 2594 416 2628 Κύριε,
426 2594 474 2622 καὶ
491 2593 584 2627 εῠθὴς
597 2594 615 2628 ἡ
631 2594 728 2627 κρίσις
741 2599 809 2620 σου.
826 2592 881 2628 Τὴν

94 2642 186 2668 αἰτίαν
200 2642 362 2673 ἀποδίδωσι,
386 2641 418 2667 δι’
439 2641 468 2676 ἢν
486 2640 648 2667 ἀπεκλαίετο
666 2641 727 2672 τοὺς
746 2639 881 2675 παραϐαί-

95 2697 191 2720 νοντας
203 2687 248 2715 τὸν
259 2687 307 2714 τοῦ
320 2683 387 2714 Θεοῦ
402 2687 482 2723 νόμον
492 2696 498 2702 '
516 2688 557 2714 ὅτι
571 2687 603 2722 δὴ
612 2687 669 2718 τοῖς
683 2686 777 2712 τοῦτον
794 2694 883 2721 παρα-

97 2734 235 2764 ϐαίνωσιν
251 2736 280 2762 ὲν
290 2734 329 2768 τῷ
344 2734 409 2769 θείῳ
417 2734 582 2762 δικασττιοίω
591 2733 727 2763 τιμωρίαν
740 2732 881 2767 ἠπείλησε,

931 2231 1038 2259 Domini
1065 2231 1212 2258 adventum
1238 2229 1331 2256 videre
1363 2231 1483 2263 exoptat.
1507 2227 1568 2262 Ipse
1590 2235 1710 2262 namque

929 2282 972 2306 est
997 2277 1137 2305 character
1160 2275 1259 2303 Patris.
1295 2274 1331 2301 Et
1356 2274 1419 2302 doce
1445 2281 1486 2301 me
1503 2273 1710 2308 justiﬁcationes

931 2329 1001 2351 tuas.
1018 2321 1124 2350 Novum
1136 2321 1340 2350 Testamentum
1354 2321 1430 2354 dicit,
1445 2327 1500 2355 quo
1518 2319 1589 2347 Deus
1610 2324 1638 2347 et
1658 2318 1711 2346 Pa-

930 2374 971 2396 ter
996 2375 1044 2395 eos
1065 2367 1113 2402 qui
1133 2374 1214 2402 super
1243 2372 1345 2394 terram
1368 2370 1450 2398 erant
1469 2364 1639 2400 justillcavit.

977 2456 1038 2484 136.
1053 2455 1148 2483 Exitus
1161 2462 1290 2491 aquarum
1309 2454 1474 2482 deduxerunt
1490 2453 1560 2480 oculi
1578 2453 1640 2480 mei.
1661 2451 1717 2478 Laa

932 2508 1085 2538 nrymarum
1093 2500 1148 2528 vim
1162 2500 1329 2533 eminebam,
1345 2499 1489 2535 deplorans
1501 2505 1549 2526 eos
1562 2498 1609 2533 qui
1621 2503 1712 2525 trans~

932 2547 1108 2583 grederentur
1124 2546 1208 2582 legem
1221 2550 1307 2574 tuam.

970 2593 1032 2624 157,
1046 2592 1106 2620 liis.
1120 2591 1214 2620 Justus
1225 2600 1262 2626 es,
1280 2591 1402 2624 Domine,
1423 2595 1449 2619 et
1464 2595 1563 2618 rectum
1580 2589 1711 2625 judicium

936 2643 1020 2665 tuum.
1036 2637 1152 2666 Causam
1162 2638 1261 2671 reddit,
1271 2646 1326 2665 our.
1335 2637 1488 2672 deplorarct
1502 2644 1551 2664 eos
1564 2635 1610 2670 qui
1625 2638 1713 2660 trans-

936 2684 1112 2720 grederentur
1122 2684 1208 2720 legem
1229 2684 1288 2719 Dei,
1298 2683 1363 2719 quia
1377 2682 1482 2711 scilicet
1494 2689 1554 2709 eam
1575 2684 1712 2712 transgre-

935 2730 1071 2759 dientibus
1082 2737 1179 2767 pinnas
1194 2730 1262 2766 sein
1283 2729 1375 2759 divino
1390 2728 1436 2756 illo
1451 2725 1580 2755 tribunali
1594 2722 1722 2757 inﬂictu-.

137 2814 158 2829 "
172 2813 255 2843 Prov.
272 2820 336 2846 xm,
350 2812 392 2839 15.
433 2813 454 2829 ⁸⁸
479 2820 549 2840 vers.
569 2812 612 2839 72.
651 2811 760 2839 "Prov.
777 2818 837 2845 vui,
855 2809 897 2843 10,
915 2809 958 2836 ll.
