1926 3051
247 137 301 167 ωδ

669 145 697 172 S.
717 145 901 175 ATHANASII
922 148 997 177 OPP.
1017 150 1108 179 PARS
1124 151 1166 180 ΙΙΙ.
1188 169 1221 173 -
1242 153 1449 183 EXEGETICA.

1809 155 1857 182 504

248 206 310 226 rum
327 201 518 235 comminatus,
533 206 561 230 et
573 203 628 238 jam
640 205 713 240 ipsas
724 205 865 235 adfuturas
876 215 938 236 esse
952 209 1026 236 testi-

1078 212 1124 237 καὶ
1131 212 1233 248 ταύτην
1247 213 1372 241 ἐντεῦθεν
1380 215 1429 250 ἤδη
1437 215 1645 252 διεμαρτύρατο.
1659 218 1809 246 Ἐνετεαω
1821 220 1846 247 δι
1852 236 1858 241 -

250 246 347 275 ﬂcatus
361 247 405 275 sit.
423 247 556 276 Mandasti
566 250 703 284 justitiam
728 254 878 281 testimonia
898 259 959 289 tua,
971 261 1024 284 etc.

249 292 379 326 Quaenam
400 294 464 327 alia,
487 296 603 324 testibus
633 298 702 326 coelo
730 303 757 326 et
786 304 868 332 terra.
892 302 1026 330 mandasti

248 337 413 372 testimonia,
425 346 486 373 qua:
497 340 550 367 sint
559 341 665 376 justitia
681 347 708 370 et
720 344 820 371 veritas
835 346 1026 379 apertissima?

250 383 302 410 Sed
320 391 373 412 non
386 385 528 413 occultasti
539 394 581 419 ea,
598 388 700 416 scilicet
726 391 884 418 rectissima:
900 396 964 419 sunt
983 392 1027 427 ju-

249 428 380 456 diciorum
395 434 503 458 tuorum
524 434 633 467 regulae,
656 442 716 468 quze
739 439 813 462 tuam
837 436 972 471 justitiam
987 438 1026 464 si-

250 472 387 508 gniﬁcant.
401 473 493 510 Itaque
506 477 662 506 testimonia
676 484 722 506 tua
730 484 793 507 sunt
807 488 890 508 sacrae
905 481 1026 516 Scriptu-

250 525 296 551 rae,
310 526 370 553 quae
381 524 445 547 sunt
473 522 578 556 iustitia
601 524 709 558 quidem
740 526 890 553 secundum
913 529 1026 556 moralia

248 570 381 600 praecepta
392 585 399 598 ,
413 567 515 595 veritas
527 573 619 596 autem
643 571 792 598 secundum
814 573 1026 607 speculationem

248 611 403 640 verborum.

289 657 351 685 159.
370 657 511 687 Tabescere
534 669 574 688 me
601 662 663 696 fecit
676 664 746 690 zelus
768 668 840 697 tuus,
875 665 936 700 quia
951 665 1026 692 obliti

247 706 309 729 sunt
318 703 395 730 verba
407 709 453 732 tua
469 706 571 733 inimici
587 708 645 734 mei.
662 707 775 741 Qualem
791 710 901 745 suscepi
926 711 1025 745 zelum,

246 748 271 775 si
283 756 364 783 quem
376 750 494 779 viderem
508 753 654 788 aliquando
667 755 814 783 verborum
835 761 945 784 tuorum
975 757 1026 785 im-

246 801 405 823 memorem.
422 795 513 832 Neque
542 798 703 833 simpliciter
717 801 817 834 zelum,
833 802 880 829 sed
895 802 977 830 talem
994 807 1024 830 ut

246 839 412 868 tabescerem
428 842 462 870 ab
472 843 626 878 hujusmodi
638 846 696 873 zelo
717 853 766 880 pro
792 851 818 873 te
841 852 978 882 suscepto,
1002 848 1025 876 si

245 892 316 920 quos
331 887 449 915 viderem
460 894 616 917 sermonum
640 895 748 918 tuorum
766 892 950 922 immemores.
969 893 1025 921 Hu-
1040 883 1062 913 Β

243 931 291 966 jus
304 932 354 959 zeli
368 934 500 961 recordati
519 940 583 962 sunt
594 936 733 971 discipuli,
746 938 780 965 de
791 946 845 974 quo
860 947 893 966 ex
907 947 1025 974 persona

246 976 353 1005 Domini
370 978 398 1006 in
428 980 533 1014 psalmo
546 981 812 1015 dicitur:0uoniam
838 985 909 1012 zelus
933 986 1025 1014 domus

246 1024 417 1051 tuccomedit
434 1033 474 1052 me
491 1026 524 1052 “.

289 1069 351 1097 140.
378 1069 496 1106 Ignitum
519 1072 649 1108 eloquium
672 1078 746 1101 tuum
770 1076 939 1104 vehementer.
962 1076 1025 1105 Elo-

244 1115 340 1150 quium
354 1114 460 1144 Domini
482 1117 597 1152 ignitum
621 1124 664 1147 est
683 1121 868 1153 vehementer.
892 1123 1022 1157 sublime,

243 1161 320 1188 omni
332 1162 492 1197 probatione
502 1165 636 1199 superius.
663 1165 697 1194 Et
716 1167 739 1194 si
761 1168 824 1203 quis
841 1169 893 1196 hoc
909 1169 1024 1204 ignitum

243 1207 384 1242 eloquium
404 1208 512 1242 habeat,
532 1210 556 1237 is
586 1211 678 1239 omnia
703 1211 807 1248 iudicat
824 1217 851 1241 et
868 1222 884 1241 a
913 1215 1022 1244 nemine

241 1251 390 1286 indicatur.

278 1297 341 1325 ut.
352 1298 568 1327 Adulescentulus
579 1308 637 1329 tum
657 1310 703 1338 ego
722 1308 746 1331 et
768 1309 939 1340 contemptus.
952 1306 1023 1334 Ado-

243 1342 410 1371 lescentulus
427 1345 536 1379 quidem
553 1351 594 1374 est
612 1347 660 1382 qui
671 1348 770 1376 divinis
780 1350 896 1385 eloquiis
907 1359 955 1378 ceu
967 1352 1022 1379 ele-

244 1388 344 1416 mentis
356 1389 496 1424 initiatur,
513 1395 685 1427 contemptus
712 1399 803 1422 autem
817 1396 882 1431 quia
898 1404 958 1425 sese
973 1397 1023 1425 hu-

243 1434 341 1462 miliat.

282 1481 344 1509 142.
357 1481 469 1510 Iustitia
484 1487 529 1510 tua
537 1484 647 1519 justitia
661 1485 690 1512 in
701 1490 841 1514 veternum.
858 1485 925 1514 Nam
939 1487 1022 1523 justi-

243 1525 282 1553 tia
296 1526 438 1554 hominum
454 1529 499 1563 qui
511 1529 587 1564 juste
598 1529 733 1565 judicarrt,
749 1531 782 1558 ad
812 1531 895 1559 breve
915 1537 1022 1568 tempus

241 1571 376 1606 judicium
389 1573 461 1606 fert,
483 1574 588 1609 iustitia
601 1580 690 1603 autem
708 1576 753 1604 Dei
776 1576 910 1612 judicium
935 1579 1023 1606 reddit

242 1622 345 1645 aeternu
350 1627 374 1645 m
379 1639 385 1645 .

287 1663 348 1690 “5.
365 1663 558 1692 Tribulaliones
569 1670 595 1692 et
610 1667 901 1701 angusticinvenerunt
927 1677 977 1696 me.
991 1669 1022 1697 ln

242 1709 411 1743 quibuslibet
428 1711 630 1744 occasionibus,
642 1713 690 1746 ait,
709 1712 776 1748 legis
787 1718 840 1741 tua:
867 1714 1022 1742 meditatio-

243 1761 306 1781 nem
322 1761 375 1781 non
392 1755 580 1790 neglexerunt.

285 1799 346 1826 144.
363 1799 489 1835 Αἲφιὶιαι
505 1803 655 1829 testimonia
681 1807 728 1830 tua
750 1804 779 1830 in
801 1809 938 1832 mentum.
956 1805 1022 1838 Quae

242 1845 340 1874 dedisti
354 1847 421 1874 mihi
437 1848 602 1880 testimonia.
617 1849 716 1884 inquit,
733 1857 787 1877 non
802 1851 835 1878 ad
861 1853 941 1879 breve
957 1855 1022 1880 tem-

241 1899 293 1926 pus
308 1892 395 1924 utilia,
405 1893 512 1927 justitia
528 1899 591 1922 sunt
604 1895 629 1921 in
639 1901 781 1927 aeternum,
795 1903 857 1923 nam
872 1896 1022 1932 justlﬂcant

241 1944 303 1964 eum
316 1938 362 1972 qui
371 1938 469 1966 affectu
484 1939 519 1967 ad
531 1939 588 1975 ipsa
600 1940 713 1969 accedit.
724 1940 889 1968 Intellectum
899 1943 934 1969 da
945 1943 1020 1976 mihi,

182 2002 187 2006 .
240 1988 265 2010 et
277 1984 380 2018 viviﬁca
390 1993 439 2011 me.
449 1984 516 2012 Nam
525 1986 630 2020 justitia
640 1994 720 2021 quam
730 1987 756 2014 in
766 1988 1022 2024 praesentitempore

240 2039 410 2064 exercemus,
425 2033 584 2060 retribuitnr
597 2034 685 2065 nobis,
704 2041 758 2060 non
772 2034 806 2061 ad
835 2042 936 2070 paucos
950 2036 1020 2069 dies,

240 2077 289 2105 sed
302 2077 330 2104 in
347 2082 489 2105 aeternum.
507 2078 559 2105 Sed
578 2079 680 2112 vivam,
700 2079 798 2114 inquit,
814 2080 838 2107 si
852 2080 1019 2108 intellectum

240 2123 347 2152 dederis
360 2125 438 2151 mihi.
451 2124 479 2151 In
498 2124 570 2151 illam
584 2125 656 2151 enim
673 2125 779 2152 beatam
792 2126 875 2153 vitam
891 2127 1021 2162 insipiens

240 2175 295 2195 non
312 2168 470 2203 ingreditur.
488 2167 652 2196 Postulanda
668 2169 751 2204 igitur
773 2170 952 2206 intelligentia
978 2176 1021 2200 est

1076 259 1243 292 καιοσύνην
1250 256 1431 294 τὰμαρτύρῖά
1445 269 1514 294 σου,
1523 271 1549 288 κ.
1560 271 1584 289 τ.
1594 262 1668 290 λ,Τά
1682 264 1753 299 μετά
1765 267 1858 301 papa?

1076 311 1130 338 ρων
1138 303 1251 339 οὐρανοῦ
1259 305 1306 331 καὶ
1318 305 1370 340 γῆς
1385 306 1465 332 τινῶν
1476 306 1562 335 ἄλλων
1574 309 1698 335 ἐνετείλω
1713 311 1856 346 μαρτύριαγ

1075 347 1245 384 δικαιοσύνην
1253 350 1316 377 ὄντα
1330 351 1377 377 καὶ
1389 351 1518 386 ἀλήθειαν
1529 354 1705 389 τρανωτάτην
1715 355 1804 387 ;’Δλλ“
1815 357 1857 383 οὐκ

1075 394 1214 430 ἡμαύρους
1223 403 1230 410 ·
1243 396 1326 431 ἤγουν
1341 396 1483 424 εὐθύτατοι
1496 398 1551 425 τῶν
1566 399 1620 426 σῶν
1633 401 1777 436 χριμάτων
1788 404 1859 429 κανό-

1076 449 1120 472 νες
1135 441 1183 476 τὴν
1202 442 1250 477 σὴν
1266 442 1439 479 δικαιοσύνην
1457 444 1598 480 μηνύουσι.
1620 446 1660 472 Τὰ
1674 444 1721 474 οὖν
1741 448 1776 475 σὰ
1794 458 1858 484 μαρ-

1074 485 1155 521 τύρια
1169 487 1197 513 αἱ
1216 486 1286 514 θεῖαι
1298 488 1419 523 Γραφαί·
1436 489 1592 526 δικαιοσύνη
1609 492 1657 526 μὲν
1670 493 1740 519 κατὰ
1754 494 1790 520 τὰ
1805 494 1860 529 nec.

1075 532 1111 558 κὰ
1125 533 1284 568 τυγχάνουσι
1298 535 1531 571 παραγγέλματα,
1548 537 1659 573 ἀλήθεια
1677 538 1705 565 δὲ
1725 539 1797 566 κατὰ
1815 539 1860 575 τὴν

1076 577 1192 614 Θεωρίαν
1209 579 1262 606 τῶν
1274 579 1370 615 λόγων.

1119 667 1253 701 Έξέτηξέ
1264 678 1302 704 με
1319 671 1336 698 ὀ
1349 669 1438 704 ξῆλός
1452 679 1520 703 σου,
1541 673 1585 699 ὅτι
1607 673 1792 702 ἐπελάθοντο
1804 675 1860 702 τῶν

1074 714 1172 748 λόγων
1185 722 1243 741 σου
1253 717 1280 742 ol
1292 716 1392 750 ἐχθροί
1403 726 1472 751 μου.
1492 716 1554 744 Οἷον
1568 718 1647 753 ζῆλον
1662 719 1858 754 ἀνελάμϐανον,

1074 759 1101 785 εῐ
1114 767 1177 786 ποτε
1199 759 1291 795 ἐώρων
1307 762 1367 789 τινὰ
1383 763 1594 799 ἐπιλελησμένον
1609 764 1662 791 τῶν
1684 765 1739 792 σῶν
1762 765 1860 800 λόγων.

1074 804 1129 831 Καὶ
1140 805 1189 841 οὐχ
1203 806 1295 839 ἁπλῶς
1310 807 1390 843 ζῆλον
1400 828 1407 840 ,
1431 809 1498 836 ἀλλά
1513 810 1557 837 διά
1570 810 1615 837 τὸν
1631 811 1737 838 τιθέντα
1755 821 1801 846 μοι
1817 813 1860 838 ὲκ-

1075 851 1206 886 τήκεσθαι
1220 853 1273 879 ἀπὸ
1289 853 1336 879 τοῦ
1349 853 1429 890 ζήλου
1442 855 1489 881 τοῦ
1502 856 1570 891 πρὸς
1584 857 1623 888 σὲ,
1636 858 1660 883 ει
1673 857 1810 893 ἐθεώρουν
1824 866 1861 884 τι-

1076 896 1122 929 νὰς
1139 897 1399 934 ἐπιλανθανομένους
1414 908 1460 926 σου
1477 901 1530 927 τῶν
1549 901 1644 936 λόγων.
1675 903 1743 938 Περὶ
1764 904 1860 930 τούτου

1075 942 1121 969 τοῦ
1137 943 1218 979 ζήλου
1233 944 1407 980 ἐμνήσθησαν
1420 946 1445 971 οἱ
1461 946 1595 982 μαθηταὶ,
1612 949 1643 974 ὲκ
1657 948 1804 983 προσώπου
1815 949 1860 976 τοῦ

1074 989 1176 1024 Κυρίου
1194 991 1223 1016 ὲν
1234 989 1334 1025 ψαλμῷ
1347 991 1501 1027 εἰρημένου.
1530 993 1593 1019 Ὅτι
1612 995 1629 1020 ὁ
1643 993 1731 1027 ζῆλος
1748 994 1804 1021 τοῦ
1821 996 1861 1021 οι-

1074 1043 1128 1062 κου
1141 1043 1199 1062 σου
1216 1037 1361 1071 κατέφαγέ
1370 1046 1419 1071 με,

1108 1081 1324 1117 Πεπυρωμένον
1337 1083 1370 1110 τὸ
1384 1084 1488 1118 λόγιόν
1501 1092 1560 1111 σου
1579 1085 1706 1120 σφόδρα.
1722 1087 1760 1112 Τὸ
1773 1087 1860 1122 λόγων

1073 1126 1120 1153 τοῦ
1134 1127 1201 1154 Θεοῦ
1217 1129 1413 1164 πεπυρωμένον
1429 1130 1486 1156 ἐστὶ
1501 1131 1602 1166 σφόδρα
1616 1131 1662 1157 καὶ
1672 1131 1859 1167 ἐξιστάμενον,

1073 1173 1120 1200 καὶ
1132 1173 1207 1210 πάσῃ
1224 1174 1331 1209 βασάνῳ
1344 1175 1514 1210 ἀνέλεγκτον.
1538 1177 1593 1203 Καὶ
1606 1176 1684 1209 εἴτις
1700 1177 1759 1212 ἔχει
1773 1187 1860 1205 πεπυ-

1074 1218 1195 1255 ρωμένον
1205 1219 1283 1246 τοῦτο
1296 1221 1326 1247 τὸ
1334 1220 1432 1255 λόγιον.
1449 1222 1587 1258 ἀνακρίνει
1603 1222 1652 1258 μὲν
1669 1223 1770 1256 πάντα,
1781 1225 1860 1256 αὐτὸς

1072 1265 1100 1292 δὲ
1113 1265 1159 1292 ὑπ’
1171 1266 1277 1298 οὐδενὸς
1288 1267 1474 1302 ἀνακρίνεται.

1106 1312 1253 1346 Νεώτερος
1266 1312 1322 1347 ἐγώ
1331 1314 1388 1348 εἰμι
1397 1314 1446 1340 καὶ
1459 1313 1705 1348 ἐξουδενωμένος.
1719 1315 1860 1351 Kuh-.599;

1074 1356 1122 1391 μὲν
1134 1358 1147 1383 ό
1161 1359 1219 1389 τοῖς
1233 1357 1316 1389 θείοις
1328 1358 1419 1393 λόγοις
1437 1359 1662 1395 στοιχειούμενος,
1678 1360 1858 1396 ὲξουδενωμέ-

1073 1411 1116 1434 νος
1129 1402 1157 1429 δὲ
1174 1402 1217 1429 διὰ
1227 1403 1257 1430 τὸ
1270 1403 1413 1431 ταπεινοῦν
1427 1405 1533 1432 ἑαυτόν.

1113 1488 1144 1516 Ἡ
1158 1487 1333 1522 δικαιοσύνη
1349 1496 1407 1516 σου
1428 1489 1603 1523 δικαιοσύνη
1619 1490 1663 1522 εις
1685 1489 1739 1517 τὸν
1754 1490 1857 1517 αἰῶνα.

1078 1533 1110 1560 Ἡ
1128 1533 1177 1569 μὲν
1201 1534 1255 1570 γάρ
1278 1534 1343 1569 παρ’
1356 1533 1508 1569 ἀνθρώποις
1523 1533 1678 1568 δικαιοσύνη
1690 1534 1759 1570 πρὸς
1770 1535 1859 1569 ὀλίγον

1072 1578 1218 1614 ψηφίζεται
1231 1579 1324 1615 χρόνον
1337 1579 1376 1614 τῷ
1391 1579 1543 1615 κρινομένῳ
1558 1580 1588 1606 τὸ
1601 1580 1719 1611 δίκαιον,
1734 1581 1752 1614 ἡ
1769 1580 1799 1607 δὲ
1811 1580 1858 1607 τοό

1073 1625 1139 1652 Θεοῦ
1152 1626 1201 1660 τὴν
1215 1626 1304 1661 κρίσιν
1318 1625 1424 1652 αἰώνιον
1438 1625 1609 1652 ἀποδίδωσιν.

1109 1672 1231 1706 autem
1243 1671 1293 1698 καὶ
1310 1671 1435 1707 ἀνάγκαι
1448 1671 1578 1705 εὕρεο-ἀν
1595 1680 1642 1705 με.
1671 1671 1738 1698 οὐδὲ
1755 1672 1785 1698 ὲν
1797 1672 1858 1703 ταῖς

1073 1718 1264 1753 περιστάσεσι,
1292 1718 1377 1754 φησὶ,
1401 1717 1449 1744 τοῦ
1460 1717 1504 1744 τὸν
1521 1717 1565 1743 σὺν
1578 1717 1693 1752 μελετᾷν
1716 1717 1858 1753 ἠμέλησαν

1072 1764 1161 1791 νόμον.

1123 1773 1161 1790 ον.

1102 1773 1285 1842 immemori;
1304 1808 1341 1835 τὰ
1359 1807 1505 1843 μαρτύριά
1529 1816 1587 1835 σου
1610 1810 1653 1841 είς
1676 1807 1729 1834 τὸν
1751 1808 1856 1835 αἰῶνα.

1073 1854 1108 1880 Ἀ
1122 1854 1239 1885 δέδωκάς
1255 1862 1311 1889 μοι,
1331 1853 1407 1889 φησὶ,
1426 1853 1571 1889 μαρτύρια,
1587 1854 1617 1880 οὐ
1631 1853 1698 1889 πρὸς
1710 1853 1800 1887 ὀλίγον
1814 1853 1858 1880 ὗν-

1070 1907 1104 1926 τα
1117 1898 1253 1934 ὠφέλιμα,
1267 1898 1424 1933 δικαιοσύνη
1440 1899 1480 1930 είς
1503 1899 1548 1925 τὸν
1571 1898 1655 1925 αἰῶνα
1674 1899 1855 1934 τυγχάνουσι,

1070 1944 1226 1971 δικαιοῦντα
1239 1944 1285 1971 τὸν
1297 1944 1414 1971 διαθέσει
1428 1944 1619 1979 συνεγγίζοντα
1637 1946 1738 1976 αὺτοῖς.
1779 1947 1858 1972 Συν-

1069 1991 1171 2019 ἐτισόν
1180 1999 1234 2025 με,
1253 1991 1301 2017 καὶ
1318 1989 1410 2025 ζῆσόν
1421 1999 1469 2025 με.
1498 1991 1549 2017 Ἦν
1570 1991 1623 2026 γὰρ
1646 1991 1785 2025 ἀσκοῦμεν
1809 1991 1857 2017 ἐπὶ

1069 2036 1114 2063 τοῦ
1131 2036 1263 2071 παρόντος
1276 2035 1447 2071 δικαιοσύνην
1462 2035 1614 2062 ἀποδίδοται
1632 2036 1682 2070 oin:
1699 2036 1728 2062 ἐν
1751 2036 1856 2070 ὀλίγαις

1069 2081 1187 2118 ἡμέραις
1202 2082 1281 2117 ἡμῶν
1293 2102 1300 2114 ,
1318 2081 1375 2108 ἀλλ’
1392 2083 1432 2114 είς
1444 2082 1490 2108 τὸν
1502 2082 1596 2109 αἰῶνα.
1618 2081 1696 2108 Ἀλλὰ
1713 2082 1761 2108 καὶ
1776 2081 1857 2117 ζήσο-

1071 2135 1119 2160 μαι
1130 2145 1136 2157 ,
1152 2125 1233 2159 φησὶν
1245 2145 1251 2157 ,
1272 2125 1319 2152 ἐάν
1334 2135 1367 2160 με
1385 2126 1542 2162 συμετισῃς·
1558 2128 1598 2158 εἰς
1613 2126 1720 2161 ἐκείνην
1733 2127 1788 2162 γὰρ
1806 2127 1857 2162 τὴν

1070 2172 1208 2208 μακαρίαν
1223 2171 1295 2206 ζωὴν
1307 2171 1417 2207 ἀνόητος
1427 2173 1477 2198 οὐκ
1488 2172 1648 2207 εἰσέρχεται.
1666 2172 1796 2207 Αἰτητέον
1807 2170 1857 2199 οὖν

240 2214 275 2241 ab
291 2221 324 2241 eo
335 2214 381 2249 qui
398 2215 445 2242 dat
459 2215 586 2243 omnibus
599 2219 656 2242 toto
681 2216 773 2244 animo
803 2218 1016 2252 postulantibus.

1078 2217 1176 2244 ῖύνεσιν
1195 2217 1270 2253 παρὰ
1287 2217 1333 2243 τοῦ
1348 2217 1463 2249 διδόντος
1479 2219 1545 2244 πᾶσι
1560 2219 1616 2249 τοῖς
1632 2217 1661 2250 ἐξ
1679 2217 1743 2253 ὅλης
1764 2219 1856 2254 ψυχῆς

275 2303 337 2335 Η-ὅ,
360 2303 420 2330 “6.
445 2302 565 2330 Clamavi
586 2303 614 2330 in
627 2308 681 2331 toto
702 2305 780 2331 corde
803 2313 869 2333 meo.
906 2304 1020 2334 Psimo:

239 2346 359 2374 Clumuui
378 2348 405 2374 in
426 2352 480 2374 toto
505 2348 582 2375 corde
607 2356 672 2382 meo,
698 2349 796 2376 exaudi
819 2358 870 2382 me,
886 2349 996 2378 Domine
1009 2358 1019 2377 :

234 2392 439 2427 justiﬁeationet
456 2398 517 2421 tuas
533 2394 673 2428 requiram.
687 2394 814 2422 Secundo
827 2404 834 2422 :
850 2395 969 2423 Clamaei
984 2396 1019 2423 ad

239 2443 274 2471 te,
292 2437 393 2465 salvum
412 2447 451 2465 me
472 2439 524 2474 fac.
545 2438 611 2466 Nam
632 2440 705 2475 quod
721 2440 850 2475 loquebar
869 2442 1017 2469 secundum

238 2484 401 2520 praecipuam
423 2484 507 2512 animi
530 2490 644 2520 partem,
667 2485 736 2524 nihil
762 2485 837 2513 aliud
854 2490 913 2513 erat
934 2494 1016 2521 quam

238 2529 321 2557 Deus.
340 2528 436 2565 Magna
459 2529 541 2565 igitur
561 2537 628 2557 voce
641 2533 667 2557 te
684 2529 823 2563 invocans,
840 2537 936 2566 magna
952 2538 1018 2559 voce

214 2593 217 2596 ‹
238 2575 366 2610 promitto
380 2583 424 2602 me
436 2580 480 2602 tua
495 2580 626 2610 praecepta
641 2576 858 2604 observaturum.

272 2621 334 2648 M7.
353 2621 474 2649 Prmeni
489 2623 516 2648 in
531 2622 684 2649 maturitate
698 2626 723 2650 et
738 2623 860 2650 clamavi.
876 2623 1016 2651 Maturita—

236 2671 290 2694 tem
309 2667 353 2694 hic
373 2672 452 2695 vocat
473 2667 607 2701 tenebras,
623 2668 682 2696 sive
700 2676 790 2695 rerum
811 2669 1013 2697 confusionem.

236 2712 299 2742 Haec
312 2717 402 2741 autem
413 2713 470 2740 ait:
495 2713 608 2742 Etiamsi
633 2715 748 2750 improbi
772 2723 835 2743 cum
854 2715 1015 2744 confusione

234 2760 325 2787 omnia
335 2764 454 2795 agerent,
476 2760 561 2787 multa
580 2760 607 2788 in
628 2765 674 2789 tua
690 2761 748 2796 lege
762 2761 888 2790 incedens
900 2770 1012 2794 perase-

235 2805 308 2832 bam.

270 2862 293 2878 "
306 2861 377 2890 Psal.
391 2871 482 2896 ιιι-ιιι,
503 2864 542 2891 10.

1068 2264 1189 2291 αἰτοῦσιν
1204 2263 1294 2290 αὐτόν.

1110 2309 1269 2344 Ἐκέκραξιι
1278 2309 1313 2336 ἐν
1327 2308 1384 2344 ὅλῃ
1401 2309 1508 2344 καρδίᾳ
1520 2318 1591 2344 μου.
1606 2309 1757 2345 Πρότερον·
1776 2311 1855 2338 Ὲκέ-

1067 2355 1161 2389 κραξα
1174 2355 1208 2382 ὲν
1221 2355 1279 2389 ὅλῃ
1290 2355 1396 2389 καρδίῃ
1404 2365 1473 2390 μου,
1485 2355 1719 2390 ὲπάκουσόνμου
1728 2375 1734 2387 ,
1746 2357 1833 2391 Κύριε
1843 2366 1852 2372 -

1066 2401 1103 2428 τὰ
1116 2400 1294 2436 δικαιώματὰ
1308 2409 1365 2428 σου
1374 2400 1535 2435 ὲκζητήσω.
1555 2400 1701 2435 Δεύτεροψ
1721 2402 1855 2437 Ἐχέκρα-

1066 2445 1105 2478 ξά
1118 2453 1166 2473 σοι
1176 2467 1183 2479 ,
1198 2446 1301 2473 σῶσόν
1311 2455 1359 2481 με.
1387 2447 1420 2473 Ὃ
1432 2446 1486 2481 γὰρ
1502 2446 1613 2473 ἐλάλουν
1625 2447 1694 2473 κατὰ
1706 2447 1737 2473 τὸ
1748 2447 1853 2482 ἡγεμο-

1066 2491 1149 2524 νικὸν,
1164 2492 1213 2518 οὐκ
1225 2492 1289 2519 ἀλλο
1303 2501 1329 2518 τι
1345 2490 1379 2528 ἦν
1392 2492 1408 2527 ἢ
1425 2494 1439 2518 ὁ
1453 2492 1527 2523 Θεός.
1553 2492 1686 2526 Μεγάλως
1698 2491 1745 2519 οὖν
1758 2501 1787 2519 σε
1800 2502 1851 2519 κα-

1065 2538 1145 2570 λέσας
1155 2559 1162 2571 ,
1177 2538 1301 2574 μεγάλως
1319 2538 1519 2574 ἐπαγγέλλομαι
1543 2539 1623 2573 τὰ.σά
1645 2538 1763 2573 φυλάξαι
1779 2547 1852 2575 μαρ-

1064 2593 1154 2611 τυοια.

1098 2593 1276 2664 ῗέοέφθασα
1300 2630 1335 2656 ἐν
1357 2630 1447 2664 ἀωριᾳ
1464 2629 1512 2656 καὶ
1540 2629 1697 2663 ἐκέκραξα,
1733 2629 1832 2664 Ἀωρία

1063 2675 1110 2702 τὸν
1123 2676 1226 2708 σκότον,
1244 2676 1302 2711 ἢτοι
1313 2676 1362 2712 τὴν
1377 2676 1505 2711 σύγχυσιν
1526 2675 1580 2702 τῶν
1603 2677 1775 2711 πραγμάτων
1797 2684 1850 2711 φη-

1064 2722 1100 2748 σί.
1126 2721 1218 2748 Ταῦτα
1231 2722 1259 2749 δὲ
1275 2722 1362 2757 λέγει·
1379 2722 1474 2749 Καίτοι
1489 2721 1543 2748 τῶν
1558 2722 1725 2757 παρανόμων
1739 2722 1769 2748 ἐν
1783 2729 1848 2755 συγ-

1062 2767 1139 2803 χύσει
1155 2767 1242 2795 πάντα
1256 2769 1412 2800 ποιούντων,
1429 2767 1513 2795 πολλὰ
1528 2769 1557 2794 ὲν
1570 2767 1609 2802 τῷ
1622 2767 1661 2802 σῷ
1676 2768 1751 2803 νόμῳ
1762 2767 1849 2794 ἑποι-

1061 2821 1136 2848 κουν.
