1926 3051
46 152 104 179 509

597 145 776 174 EXPOSITIO
794 144 827 172 1N
847 143 1011 173 PSALMUM
1027 145 1108 174 CXX.
1155 175 1157 177 _

1625 137 1676 168 510

45 212 81 240 τὺ
96 212 239 246 σωτήριον.
258 210 290 237 οξ
306 210 360 245 γὰρ
375 209 467 236 πολλοὶ
480 208 510 235 τὸ
525 208 595 234 κατὰ
612 208 701 243 σάρκα.
716 206 839 233 ποθοῦσι.

909 206 1011 234 alutare
1044 206 1100 233 Dei.
1127 205 1202 232 Multi
1223 204 1295 232 enim
1315 211 1375 239 quae
1395 201 1545 230 secundum
1566 207 1677 228 carnem

46 256 89 283 Τδ
101 257 131 284 δὲ
141 256 188 283 τοῦ
202 255 281 287 Θεοῦ,
289 255 320 282 τὸ
330 255 359 281 ὲν
375 253 448 289 αὐτῷ
460 253 593 288 σωθῆναι,
609 254 639 280 τὸ
652 254 680 279 ὲν
696 252 769 287 αὐτῷ
781 253 842 279 ἀνα-

47 302 203 334 παύεσθαι,
219 300 421 336 κληρονομῆσαι
435 299 470 326 τὰ
488 299 561 333 ἅγια.
578 299 662 325 Τοῦτο
675 298 729 334 γάρ
743 299 800 324 εστι
812 297 843 324 τὸ

48 348 188 383 σωτήριον
199 346 246 373 τοῦ
260 345 337 377 Θεοῦ,
347 347 364 381 ἡ
381 344 487 376 αἰώνιος
499 345 566 379 ζωή.
586 344 667 370 Ἀλλὰ
676 345 722 370 καὶ
740 343 843 378 Ἰησοῦς

47 394 60 419 ὲ
67 401 84 428 ρ
89 392 237 428 μηνεύεται
253 391 326 418 Θεοῦ
333 390 491 425 σωτήριον,
501 389 637 425 πεμφθεὶς
652 390 718 424 ἡμῖν
733 389 779 415 ἐπὶ
788 397 842 415 σω-

47 439 137 474 τηρίᾳ
149 447 155 453 ·
174 433 205 464 οὗ
217 437 286 474 πρὸς
299 437 345 465 τὸν
361 436 442 465 πόθον
455 437 470 463 ὁ
479 437 563 464 θέλων
579 435 687 463 ὁδεῦσαι
701 435 842 470 μελετήσει

48 485 98 511 τὸν
115 484 209 519 νόμον.

90 571 221 605 Ζήσεται
250 571 270 605 ἡ
288 570 373 605 ψυχή
385 578 456 604 μου,
488 569 539 597 καὶ
559 569 673 596 αἰνέσει
701 577 748 596 σε.
778 568 844 603 Περὶ

53 617 207 653 μελλούσης
218 617 292 651 λέγει
305 617 388 651 ζωῆς.
412 616 443 643 'H
452 615 507 651 γὰρ
518 615 573 649 ζωὴ
585 615 670 650 ἡμῶν
683 615 843 649 κέκρυπται

51 664 116 691 σὺν
138 663 177 696 τῷ
197 661 313 697 Χριστῷ
326 663 360 689 ἐν
374 662 414 695 τῷ
428 661 498 694 Θεῷ.
525 661 591 688 Τότε
617 661 723 697 κυρίως.
734 660 842 692 αἰνέσω,

51 711 116 738 τότε
136 710 269 745 βοηθῆσαί
293 717 354 745 μοι·
370 709 404 736 τὰ
420 708 550 743 ἐπιὸόητα
566 708 698 742 γενόμενα
713 705 766 732 τῶν
782 714 843 740 κρι-

53 757 178 791 νομένων
194 765 236 782 σοι
252 756 373 791 κρίματα
388 754 427 790 τῷ
441 755 489 790 μὲν
501 754 598 789 δικαίῳ
612 753 696 790 χωρὶς
709 752 843 788 βασάνων,

54 803 95 839 τῷ
107 803 138 829 δὲ
155 802 275 838 δεομένῳ
289 802 332 829 διὰ
347 801 480 837 βασάνων.

96 849 292 883 Ἐπλανήθην
304 848 344 881 ὡς
359 848 508 882 πρόϐατον
523 846 690 877 ἀπωλολός.
723 843 801 871 Μετὰ
815 842 846 870 τὺ

892 257 958 280 sunt
974 252 1181 287 concupiscunt.
1205 250 1283 283 Quod
1304 253 1394 276 autem
1415 247 1563 276 secundum
1580 245 1677 278 Deum,

893 302 945 331 est,
960 299 986 325 in
1008 298 1066 333 ipso
1084 298 1198 324 salutem
1214 295 1357 330 consequi,
1370 295 1399 321 in
1419 294 1479 328 ipso
1495 292 1676 327 requiescere,

893 349 986 372 sancta
1002 345 1028 372 in
1051 343 1234 371 [nereditatem
1258 341 1390 375 accipere.
1415 339 1482 366 lllud
1493 344 1612 372 namque
1636 339 1680 363 est

893 391 1012 418 salutare
1024 390 1082 423 Dei,
1091 393 1191 417 aeterna
1200 388 1262 414 vita.
1274 387 1331 414 lmo
1343 386 1423 413 etiam
1436 383 1515 411 Jesus
1528 383 1680 417 explicatur

892 435 944 462 Dei
957 435 1084 466 salutare,
1097 433 1159 468 quia
1175 433 1277 459 missus
1297 434 1338 457 est
1353 429 1431 456 nobis
1446 427 1479 455 ad
1498 428 1624 454 salutem.
1636 425 1678 451 Ad

893 479 973 514 cujus
984 479 1150 507 desiderium
1162 478 1185 505 si
1201 477 1263 512 quis
1278 475 1403 502 incedere
1413 473 1488 505 velit,
1502 471 1679 499 meditabitur

893 524 990 559 legem.

931 570 992 596 175.
1014 568 1085 596 Vivet
1110 567 1201 594 anima
1221 574 1280 592 mea
1294 569 1318 591 et
1332 563 1453 590 laudabit
1471 567 1504 589 te.
1522 561 1561 588 De
1584 560 1678 587 futura

893 617 947 645 vita
968 615 1096 650 loquitur.
1114 613 1185 640 Nam
1203 614 1256 639 vita
1278 616 1368 638 ucstra
1390 609 1544 637 abscondita
1565 611 1602 634 est
1618 615 1678 634 cum

894 662 997 689 Christo
1021 661 1048 687 in
1073 659 1127 686 Deo
1156 659 1188 684 ⁷⁷.
1215 657 1291 685 Tunc
1317 656 1425 692 proprie
1458 654 1590 685 laudabo,
1615 657 1680 679 tunc

894 707 1027 734 auxiliare
1053 704 1131 731 mihi.
1155 702 1285 730 Laudabo
1309 701 1413 729 scilicet
1435 699 1538 734 judicia
1562 702 1606 724 tua
1634 697 1679 724 illa

895 753 1047 782 decantata,
1072 751 1104 777 de
1120 750 1194 785 justo
1208 749 1262 776 lata
1279 748 1339 775 sine
1356 745 1498 774 tormentis
1512 765 1519 777 ,
1542 744 1575 771 de
1597 743 1679 770 noxio

895 807 957 827 cum
970 797 1124 825 tormentis.

933 843 992 871 I76.
1011 842 1105 870 Erravi
1116 842 1183 869 sicut
1197 840 1251 867 ovis
1264 847 1322 874 qua:
1332 838 1420 873 periit.
1437 833 1584 871 Pestquam
1597 841 1681 869 opera

53 897 144 923 εἰπεῖν
157 895 221 930 περὶ
232 893 314 921 αὐτοῦ
329 893 397 929 ἔργα
409 892 611 928 κατορθωκότος
620 911 629 923 ,
654 891 736 918 πάλιν
747 890 845 924 πρόϐα-

909 895 970 918 'ecte
982 897 996 917 a
1010 898 1039 917 se
1050 893 1123 924 gesta
1137 887 1269 918 narravit,
1281 892 1391 913 rursum
1405 884 1443 911 ait
1453 891 1481 911 se
1496 889 1573 909 ovem
1586 888 1682 908 erran-

54 950 102 969 τον
115 941 213 968 ἑαυτὸν
229 939 435 975 πεπλανημένον
450 936 520 964 εἶναι
535 938 619 971 λέγει,
630 934 843 971 ταπεινοφροσύ-

55 996 105 1022 νην
123 985 309 1021 ἐπιτηδεύων,
339 984 410 1011 κατὰ
425 984 456 1011 τδ
480 983 623 1019 εἰρημένον
647 981 699 1008 ὑπὸ
722 980 843 1016 Κυρίου·

56 1031 154 1057 ὀταν
163 1029 262 1056 πάντα
271 1028 485 1063 καθορθώσητε,
497 1027 599 1062 λέγετε
609 1035 615 1042 ·
628 1027 733 1054 Δοῦλοι
746 1024 839 1060 ἀχρεῖ-

57 1076 87 1103 οι
103 1076 209 1111 ἐσμεν.

239 1120 301 1156 ῼδὴ
318 1119 378 1147 τῶν
398 1118 584 1153 ἀναϐαθμῶν.
605 1119 684 1145 ΡΙΘ.

373 1165 380 1174 ”
386 1165 539 1196 Υπόθεσις.

57 1212 115 1239 Τι’-ν
131 1211 243 1247 πρόηην
265 1211 338 1246 ᾠδὴν
354 1210 407 1237 τῶν
426 1209 589 1245 ἀναϐαθμῶν
615 1208 672 1245 ᾅδει
692 1207 732 1243 τῷ
758 1207 816 1243 Θεῷ
832 1207 846 1233 6

95 1257 126 1283 ἐν
149 1255 289 1282 Βαϐυλῶνι
312 1255 385 1287 λαὸς,
411 1254 552 1290 ἀδημονῶν
575 1254 622 1280 ἐπὶ
641 1253 680 1289 τῷ
693 1254 774 1289 μήκει
796 1252 846 1288 τῆς

95 1301 296 1336 αἰχμαλωσίας,
314 1302 361 1328 na).
376 1300 520 1336 εὐχόμενος
533 1299 757 1335 ἐλευθερωοῆναι.

93 1347 176 1381 Πρὸς
189 1347 297 1381 Κύριον
308 1346 343 1373 ἐν
356 1345 396 1378 τῷ
410 1346 564 1373 θλίϐεσθαι
582 1354 617 1379 με
631 1344 779 1379 ἐκέκραξα

57 1393 151 1427 Κύριε
163 1412 170 1424 ,
184 1391 279 1427 ῥῦσαι
300 1391 357 1426 τὴν
369 1391 475 1427 ψυχήν
487 1400 547 1425 μου
566 1391 625 1418 ἀπὸ
643 1390 766 1426 χειλέων
783 1390 847 1418 ἀδί-

59 1446 124 1465 κων
140 1437 190 1464 καὶ
206 1437 265 1465 ἀπὸ
282 1437 425 1472 γλώσσης
439 1437 552 1471 δολίας.
570 1437 633 1468 Πῶς
643 1437 696 1472 γὰρ
708 1437 757 1463 οὐκ
769 1437 849 1464 ἄδικα

60 1483 140 1519 χείλη
154 1482 208 1510 τῶν
224 1483 412 1515 Βαϐυλωνίων,
425 1483 459 1510 τὰ
471 1483 521 1518 τὴν
533 1482 752 1518 εἰδωλολατρείαν
775 1482 848 1517 ὡμο-

60 1528 209 1564 λογηκότα,
224 1529 298 1565 Αὐτὴ
314 1529 342 1556 δὲ
361 1529 406 1556 καὶ
422 1528 532 1562 γλῶσσα
553 1528 666 1563 κληθείη
682 1527 757 1554 δολία
767 1547 775 1560 ,
800 1527 848 1553 ἇτε

63 1573 152 1610 μηδὲν
168 1574 247 1606 suos;
264 1575 384 1602 λαλοῦσα
399 1575 464 1610 περὶ
477 1574 556 1602 Θεοῦ.

100 1621 133 1648 Τί
156 1620 255 1654 δοθείη
283 1628 351 1653 σοι,
375 1621 424 1647 καὶ
449 1621 478 1647 τι
502 1620 678 1655 προστεθείη
705 1628 755 1646 σοι
779 1619 853 1654 πρὸς

61 1666 212 1702 γλῶσσαν
224 1666 330 1693 δολίαν
336 1675 346 1698 ;
372 1666 410 1694 Τὰ
427 1665 506 1700 ,ϐέλη
525 1666 579 1693 τοῦ
599 1665 728 1693 δυνατοῦ
746 1665 855 1698 ἠκονη-

59 1712 151 1747 μένα.
170 1712 203 1738 Τί
216 1711 298 1738 πλέον
311 1711 419 1747 δοθῆναί
433 1720 474 1739 σοι
498 1712 583 1743 αἰτεῖς
596 1732 604 1744 ,
621 1712 718 1747 φησὶν,
737 1711 754 1746 ἢ
768 1710 794 1736 τί
810 1710 854 1737 θέ-

63 1759 123 1789 λεις
141 1757 235 1792 ἕτερον
247 1756 428 1792 προστεθῆναι
439 1765 479 1784 σοι
489 1757 537 1784 τοῦ
550 1756 621 1784 κατὰ
635 1756 689 1783 τῶν
700 1756 793 1782 δολίων
803 1763 856 1790 χει-

63 1805 154 1838 λέων;
172 1804 242 1839 Βέλη
257 1803 343 1839 πυρὸς
357 1803 444 1839 μεστὰ
460 1803 609 1838 ἐξαφθῆναι
624 1802 700 1836 παρὰ
714 1801 762 1828 τοῦ
778 1801 857 1827 δυνα-

62 1850 126 1876 τοῦ.
145 1849 278 1884 Σημαίνει
301 1848 330 1875 δὲ
349 1848 398 1884 τὴν
425 1847 497 1875 κατὰ
521 1849 574 1875 τῶν
598 1846 774 1874 Βαϐυλωνίων
794 1846 855 1872 ὅσον

64 1895 144 1923 οΰπω
154 1894 293 1930 τιμωρίαν
308 1894 451 1930 ἐσομένην.

103 1942 139 1969 οἵ
148 1950 211 1977 μοι,
223 1941 270 1967 ὅτι
288 1941 307 1974 ἠ
322 1940 462 1974 παροικία
471 1948 530 1975 μου
545 1939 725 1974 ἐμακρύνθη.
746 1938 858 1974 Ἑτέραν

65 1989 173 2022 αἰτησιν
187 1985 298 2022 εὔχεται
313 1985 389 2021 παρὰ
410 1985 477 2012 Θεοῦ
490 2007 497 2019 ,
521 1986 571 2021 τῆς
590 1985 734 2020 παροικίας
751 1983 858 2010 ἐλευθε-

70 2032 199 2068 ρωθῆναι.
223 2031 448 2065 Κατεσκήνωσα
477 2031 552 2066 μετὰ
576 2030 635 2058 τῶν
656 2030 860 2065 σκηνωμάτων

70 2077 179 2112 Κηδὰρ.
195 2076 280 2112 Χὼρα
293 2084 335 2108 τις
345 2076 418 2102 ἐστὶν
433 2077 450 2111 ἡ
465 2075 561 2111 Κηδὰρ
573 2076 619 2102 ἐπὶ
633 2076 738 2111 τῆςὲρή
744 2083 794 2110 μου
810 2075 859 2110 τῆς

71 2125 140 2160 πρὸς
157 2123 291 2155 ἀνατολὰς
307 2123 420 2158 κειμένη
431 2141 438 2154 ,
457 2121 504 2148 καὶ
524 2122 604 2158 μέχρι
619 2122 670 2157 τῆς
683 2121 795 2157 Περσῶν
809 2129 861 2148 παρ

69 2171 241 2208 ρατείνουσα,
258 2170 291 2205 ἥν
307 2169 384 2204 γένος
399 2163 566 2204 Σαρακηνῶν
580 2169 659 2196 οἰκεῖ.
671 2168 774 2195 Πολλὰ
787 2176 862 2202 παρ-

69 2218 188 2252 ῴκησεν
201 2217 220 2251 ἡ
238 2216 324 2250 ψυχή
337 2224 407 2250 μου·

897 941 951 964 tem
973 935 1068 966 fuisse,
1092 933 1238 960 humilitati
1257 939 1369 963 vacans,
1384 930 1461 965 juxta
1484 928 1550 955 illud
1572 925 1680 953 Domini

897 983 1018 1010 dictum:
1033 980 1099 1008 Cum
1114 980 1201 1007 omnia
1212 978 1385 1014 perfecerilt's,
1399 976 1499 1003 dicite:
1516 973 1588 1001 Servi
1601 971 1682 998 inuti-

898 1030 936 1057 les
955 1035 1045 1056 sumus
1061 1027 1095 1053 ⁷⁸.

1072 1111 1210 1139 Canticum
1229 1108 1368 1144 graduum.
1401 1103 1493 1133 CXIX

1194 1156 1393 1189 Argumentum.

899 1205 1020 1232 Primam
1033 1201 1165 1238 graduum
1188 1199 1331 1230 canticumf
1351 1197 1405 1224 Deo
1430 1195 1504 1222 canit
1524 1193 1642 1229 populus
1657 1192 1685 1220 in

935 1249 1075 1285 Babylone
1091 1246 1266 1278 constitutus,
1281 1248 1412 1280 pertaesus
1426 1239 1687 1276 diuturmejcaptivi-

935 1295 1010 1327 tatis,
1028 1297 1056 1321 et
1075 1299 1176 1327 rogans
1193 1291 1355 1317 libertatem.

936 1342 962 1373 1,
975 1340 1003 1367 2.
1021 1339 1062 1366 Ad
1093 1337 1235 1365 Dominum
1258 1343 1316 1362 cum
1340 1333 1482 1361 tribularer
1508 1330 1620 1358 clamavi
1633 1350 1640 1357 .
1656 1349 1664 1356 .
1677 1349 1685 1357 .

900 1385 1027 1415 Domine.
1048 1382 1263 1417 liberajanimam
1280 1387 1364 1406 meam
1377 1387 1393 1405 a
1408 1378 1485 1404 labiis
1502 1376 1599 1411 iniquis
1609 1397 1616 1408 ,
1632 1381 1657 1402 et
1670 1383 1688 1402 α

902 1432 993 1466 lingua
1003 1430 1104 1456 dolosa.
1124 1428 1184 1462 Quo
1196 1431 1274 1462 pacto
1288 1434 1341 1453 non
1356 1424 1461 1458 iniqua}
1475 1422 1686 1458 Babyloniorum

901 1476 973 1503 labia
985 1495 992 1508 ,
1010 1481 1070 1511 quae
1087 1472 1267 1501 idololatriam
1280 1468 1498 1506 proﬁtebantur?
1516 1466 1578 1494 Haec
1598 1471 1687 1493 autem

902 1522 994 1556 lingua
1010 1524 1083 1548 recte
1097 1519 1193 1546 dolosa
1211 1521 1341 1550 vocetur,
1367 1518 1459 1550 utpote
1472 1521 1533 1548 quae
1553 1512 1621 1540 nihil
1646 1519 1690 1539 re-

865 1576 887 1605 c
903 1573 977 1596 ctum
992 1568 1025 1596 de
1042 1567 1098 1594 Deo
1111 1566 1248 1600 loquatur.

938 1614 965 1647 5,
980 1613 1007 1639 Δ.
1029 1611 1099 1644 Quid
1120 1611 1196 1637 detur
1212 1609 1270 1641 tibi,
1288 1612 1334 1634 aut
1349 1606 1410 1642 quid
1425 1609 1573 1640 apponatur
1589 1603 1635 1631 tibi
1655 1603 1690 1630 ad

905 1658 1021 1692 linguam
1045 1656 1188 1683 dolosam?
1212 1653 1323 1688 Sagittte
1350 1651 1463 1686 potentis
1485 1654 1580 1676 acutte.
1619 1647 1691 1681 Quid

904 1703 975 1730 ultra
991 1702 1049 1730 dari
1065 1701 1112 1728 tibi
1127 1700 1267 1736 postulas,
1292 1697 1397 1732 inquit,
1415 1700 1462 1723 aut
1479 1695 1544 1731 quid
1560 1694 1631 1721 aliud
1650 1693 1691 1720 vis

906 1748 989 1783 adjici
1004 1748 1053 1775 tibi
1069 1747 1201 1775 adversus
1222 1745 1329 1780 linguas
1344 1743 1471 1771 dolosas?
1495 1741 1612 1777 Sagittas
1629 1740 1692 1774 igne

908 1796 1003 1831 plenas
1017 1802 1032 1821 a
1047 1798 1156 1829 potente
1173 1792 1311 1819 incensas.
1339 1788 1479 1824 Signiﬁcat
1497 1792 1587 1814 autem
1603 1785 1693 1821 Baby-

908 1841 1046 1868 loniorum
1062 1839 1193 1866 ultionem
1209 1844 1270 1864 mox
1286 1836 1416 1863 futuram.

943 1930 970 1962 5,
987 1928 1012 1956 6.
1028 1927 1087 1955 Heu
1102 1927 1183 1959 mihi,
1200 1926 1263 1961 quia
1281 1925 1412 1952 incolatu;
1437 1931 1508 1950 meus
1523 1922 1694 1957 prolongalus

908 1977 967 2005 est!
982 1975 1063 2003 Aliud
1076 1982 1090 2001 a
1104 1974 1160 2001 Deo
1175 1973 1293 2008 postulat
1306 1993 1314 2005 ,
1331 1971 1460 1998 nimirum
1478 1974 1507 1996 ut
1526 1970 1560 1996 ab
1574 1968 1693 1995 incolatu

910 2023 1049 2050 liberetur.
1074 2019 1202 2047 Habitari
1218 2027 1277 2045 cum
1294 2015 1501 2044 habitationibus
1517 2014 1611 2042 Cedar.
1640 2013 1692 2041 (Σο-

910 2069 960 2097 dar
975 2067 1050 2104 regio
1066 2066 1189 2102 quaadam
1201 2069 1242 2092 cst
1256 2064 1289 2092 ad
1303 2070 1424 2091 eremum
1444 2069 1540 2089 versus
1561 2061 1694 2102 orientem

912 2115 976 2147 sita,
993 2095 1021 2141 εἴ
1037 2095 1126 2147 usque
1145 2111 1179 2139 ad
1201 2109 1339 2137 Persidem
1360 2108 1518 2143 pertingens
1529 2127 1537 2139 ,
1554 2095 1635 2141 qdam
1650 2105 1695 2132 in-

911 2161 976 2189 colit
986 2159 1185 2187 Saracenorum
1198 2164 1294 2192 genus.
1311 2155 1425 2182 Multum
1440 2153 1527 2181 incola
1542 2153 1593 2187 fuit
1605 2151 1696 2178 anima

912 2213 979 2233 mea.

103 2241 184 2290 Diem
198 2241 258 2288 τὲγῐ
269 2241 440 2296 aliquantam
457 2257 582 2293 εἰρήνην
600 2256 682 2292 ἤμην
701 2258 849 2291 εἰρηνικός

949 2251 975 2278 7.
989 2250 1056 2278 Cum
1074 2250 1114 2276 his
1126 2249 1170 2283 qui
1184 2248 1294 2274 oderunt
1304 2254 1393 2281 pacem
1406 2253 1478 2272 eram
1490 2243 1615 2279 paciﬁcus
1627 2241 1694 2276 (50).

70 2309 161 2336 Κακία
185 2306 363 2334 Βαϐυλωνίων
386 2305 416 2332 τὸ
439 2305 568 2339 πολεμεῖν
598 2303 655 2329 ἀντ’
680 2302 785 2335 οὐδενὸς
806 2305 877 2334 τοῖςς

71 2354 270 2391 εἰρηνεύουσιν.
293 2353 324 2379 Εἰ
337 2353 373 2388 μή
391 2361 417 2378 τι
429 2352 483 2378 δέοι
505 2349 632 2386 κριτικῆς
649 2349 781 2384 τιμωρίας
794 2368 800 2380 ,
829 2349 862 2384 ἣν

72 2401 142 2428 κατὰ
154 2399 318 2427 Χαναναίων
339 2399 386 2425 καὶ
403 2397 574 2433 Ἀμορραίων
597 2395 745 2422 ἐπέταττεν
758 2396 772 2421 ὁ
785 2395 859 2427 Θεὸς,

70 2447 122 2483 τὴν
144 2446 212 2481 πρὸς
231 2445 329 2476 αὐτοὺς
350 2443 531 2480 ἀπαγορεύων
554 2442 654 2477 φιλίαν.
674 2442 705 2468 ΟΞ
721 2441 749 2466 δὲ
765 2440 851 2474 φαῦλο

71 2492 141 2528 πρὸς
150 2492 262 2522 τούτους
274 2490 436 2526 ἀσύμῦατοι,
454 2489 504 2524 τὴν
519 2488 671 2515 θεοσέϐειαν
687 2486 861 2522 βδελυττόμε-

72 2545 124 2564 νοι.
148 2537 241 2563 Ὅταν
261 2535 394 2562 ἐλάλουν
417 2534 535 2567 αὐτοῖς,
558 2533 726 2568 ἐπολέμουν
748 2541 787 2566 με
808 2532 848 2558 δω

69 2581 155 2617 ρεάν.

251 2626 322 2661 ᾮδὴ
339 2626 398 2653 τῶν
413 2623 600 2659 ἀναϐαθμῶν.
623 2623 689 2651 PK'.

390 2671 396 2680 '
403 2672 555 2703 Υπόθεσις.

75 2717 131 2754 Τὴν
145 2717 275 2753 δευτέραν
288 2716 359 2752 ᾠδὴν
374 2715 442 2751 ᾀδει,
460 2713 657 2750 προαπολυθεὶς
681 2713 729 2749 μὲν
747 2714 797 2748 τῆς
819 2714 860 2740 αἱ-

111 2763 282 2799 χμαλωσίας,
300 2762 329 2789 ὲν
341 2761 434 2796 ὁδῴ.δὲ
445 2759 543 2787 ὁδεύων
555 2760 603 2794 τῆς
621 2760 727 2794 μακρᾶς
743 2760 803 2786 ὀδοῦ
815 2760 863 2795 τῆς

111 2815 134 2832 ⁷⁷
149 2815 258 2842 Coloss.
275 2821 316 2845 ιιι,
331 2813 359 2840 5.
396 2813 419 2828 "
434 2812 499 2841 Luc.
512 2820 575 2845 xvn,
592 2811 633 2839 l0.

111 2861 168 2894 (50)
185 2860 309 2888 Incertus
326 2859 411 2886 locus.

915 2297 952 2325 Ea
964 2301 1023 2324 erat
1044 2296 1144 2323 malitia
1156 2293 1378 2329 Babyloniorum,
1392 2296 1422 2318 ut
1433 2291 1507 2318 nulla
1522 2291 1554 2316 de
1568 2297 1648 2316 causa
1662 2288 1697 2315 iis

913 2345 961 2380 qui
977 2351 1070 2379 pacem
1089 2342 1215 2370 colebant
1227 2339 1327 2367 bellum
1344 2337 1486 2365 inferrent.
1510 2335 1566 2363 Nisi
1582 2335 1697 2362 fortasse

914 2389 1043 2424 respiciat
1061 2386 1223 2422 supplicium
1239 2384 1311 2419 quod
1332 2383 1364 2410 de
1381 2381 1543 2410 Chananacis
1560 2384 1587 2406 et
1601 2380 1698 2406 Amer-

913 2436 995 2463 rhaeis
1009 2434 1080 2462 sumi
1095 2433 1223 2468 praecepit
1234 2431 1315 2462 Deus,
1330 2433 1424 2457 vetans
1437 2436 1471 2455 ne
1486 2427 1634 2454 amicitiam
1656 2426 1698 2451 in-

914 2483 985 2509 irent
1001 2488 1063 2508 cum
1079 2479 1144 2506 illis.
1161 2477 1239 2504 Nulla
1256 2481 1346 2503 autem
1366 2479 1408 2502 cst
1420 2474 1486 2509 ipsis
1502 2473 1619 2500 amicitia
1636 2479 1698 2498 cum

915 2527 1046 2562 improbis
1064 2525 1111 2559 qui
1128 2531 1220 2551 veram
1236 2522 1394 2556 religionem
1410 2523 1601 2547 exsecrantur.
1631 2517 1698 2544 Cum

912 2572 1037 2608 loquebar
1053 2571 1118 2602 illis,
1136 2568 1325 2604 impugnabant
1340 2575 1378 2593 me
1395 2566 1489 2601 gratis.

1073 2617 1098 2643 1.
1127 2615 1267 2643 Canticum
1281 2613 1419 2649 graduum.
1456 2610 1538 2640 CXX.

1203 2661 1223 2688 A
1229 2665 1404 2695 rgumentum.

916 2708 1073 2738 Secundum
1092 2707 1250 2735 modulatur
1267 2705 1416 2736 canticum,
1428 2703 1492 2729 dum
1507 2703 1567 2734 post
1580 2697 1698 2724 solutam

951 2756 1133 2791 captivitatem
1154 2755 1262 2789 longum
1288 2753 1338 2779 iter
1355 2753 1445 2785 ageret
1466 2745 1598 2775 Babvlone
1619 2741 1700 2770 δεινο-
