1926 3051
244 141 296 173 5H

650 139 679 168 S.
699 139 885 167 ATJIANASII
905 137 982 166 ()PP.
1000 136 1089 164 PARS
1107 135 1152 165 Ill.
1173 151 1208 156 —-
1228 132 1434 162 EXEGETICA.

1819 129 1877 156 5|!

281 204 425 239 solymam.
450 201 539 236 Atque
560 201 629 228 inter
646 200 765 227 medium
791 200 923 227 ntontium
945 199 1052 228 inter-1

1116 196 1217 232 μεταξὺ
1229 194 1386 224 Βαϐυλῶνος
1397 193 1444 220 καὶ
1466 191 1651 228 Ἰερουσαλήμ.
1671 191 1738 222 ⁸ος,
1757 189 1813 217 καὶ
1830 189 1879 225 μι-

279 256 376 285 ceptus
386 268 393 281 ,
405 252 483 283 rogat
496 246 625 274 auxilium
641 246 691 274 sibi
705 245 835 280 impendi,
848 252 928 280 quem
945 251 1028 272 exau-

281 296 359 325 diens
373 293 550 329 propheticus
574 292 693 327 Spiritus
715 291 861 326 respondet
876 299 883 318 :
900 290 1028 318 Dominus

280 342 409 371 custodiet
424 341 562 367 introitum
578 343 654 366 tuum
671 344 695 366 et
712 340 812 365 exitum
827 343 909 365 tuum.

285 421 310 452 Ι,
321 420 349 447 ‘2.
365 418 459 446 Levavi
484 417 573 444 oculos
588 425 658 444 meo:
683 417 711 443 in
726 421 824 443 montes
837 436 845 444 .
859 437 866 444 .
880 436 887 443 .
901 415 1030 442 auxilium

247 471 333 491 meum
352 473 369 490 α
385 463 508 495 Domino,
524 463 568 497 qui
583 462 644 496 fecit
661 462 752 488 uelum
766 467 790 489 et
812 467 918 488 terram.
934 460 1031 488 Osten-

247 509 314 537 dens
328 508 375 536 Dei
388 507 537 544 potentiam
549 507 587 534 ait
601 515 608 533 :
624 506 676 539 Qui
692 507 753 542 fecit
777 507 868 534 caelum
884 511 908 533 et
922 511 1029 533 terram.

284 648 311 682 5,
325 648 353 675 4.
373 647 434 674 Νοη
454 648 496 679 άει
513 648 540 673 in
556 647 755 674 commotionem
770 646 858 679 pedem
881 651 969 678 tuum,
986 654 1031 672 ne-

247 702 298 730 que
312 695 436 721 dormitet
454 695 498 729 qui
516 693 630 720 custodit
649 698 683 720 te.
719 693 785 719 Ecce
803 701 853 719 non
868 693 1031 726 domitabit,

247 745 302 768 etc.
316 741 390 768 llauc
406 741 504 767 habeto
520 748 606 774 spem,
623 744 649 767 et
665 739 826 767 salvaberis.
852 739 917 766 Illud
929 744 1033 772 autem,

249 795 300 814 non
316 787 486 819 dormitabit,
501 794 554 812 non
568 786 688 813 laborem
705 793 800 813 eorum
817 785 863 820 qui
878 786 1035 813 custodiunt

249 832 398 865 exercitus,
419 832 516 864 urbes,
543 831 645 864 ovilia;
677 832 723 859 sed
740 832 966 866 impatibilitatem
986 830 1033 858 Dei

1115 251 1161 274 σος
1173 242 1228 268 τῶν
1242 241 1327 277 ὀρέων
1342 238 1520 275 ἀποληφθεὶς,
1534 237 1640 272 εὔχεται
1654 236 1730 271 αὐτῷ
1740 235 1877 271 βοήθειαν

1113 288 1239 322 γενέσθαι
1249 296 1257 305 ·
1270 283 1300 314 οὗ
1311 287 1358 314 καὶ
1375 285 1539 318 ἐπακούσας,
1549 283 1580 310 τὸ
1594 283 1705 318 Πνεῦμα
1715 282 1746 309 τὸ
1764 291 1878 318 προφη-

1112 334 1188 361 τιχὸν
1207 333 1408 368 ἀποφθέγγεται
1420 340 1427 347 ·
1450 331 1557 365 Κύριος
1579 328 1706 364 φυλάξει
1726 327 1794 363 τὴν
1810 328 1877 355 εἵσ-

1113 380 1186 407 οδὸν
1201 386 1259 406 σου
1272 378 1321 406 καὶ
1331 378 1388 412 τὴν
1401 376 1508 410 ἐξοδόν
1520 383 1587 403 σου.

1114 424 1187 460 Ἥρα
1196 425 1267 458 τοὺς
1281 424 1453 459 ὀφθαλμούς
1465 431 1523 458 μου
1533 423 1576 455 είς
1587 422 1624 448 τὰ
1637 421 1689 456 ὅρη
1703 441 1709 448 .
1725 440 1732 447 .
1748 440 1756 447 .
1774 440 1782 447 .
1800 439 1808 447 .
1824 442 1833 448 .
1847 441 1854 446 .
1870 440 1875 445 .

1086 471 1116 499 Ἡ
1127 469 1252 504 ,βοήθειά
1264 478 1323 504 μου
1339 468 1416 502 παρὰ
1427 467 1535 501 Κυρίου
1550 466 1601 493 τοῦ
1615 466 1809 498 ποιήσαντος
1825 465 1877 490 τίν

1080 516 1210 551 οὐρανὸν
1226 515 1276 542 καί
1293 514 1352 548 τὴν
1366 513 1434 549 γῆν.
1463 512 1517 539 Τοῦ
1531 511 1598 538 Θεοῦ
1612 510 1767 542 δεικνύντος
1785 509 1820 536 τδ
1834 509 1876 535 δυ-

1080 562 1176 594 νατὸν,
1198 561 1254 588 Τοῦ
1267 559 1469 594 ποιήσαντος,
1484 557 1550 592 φησὶ
1561 577 1568 590 ,
1586 556 1639 584 τὸν
1663 555 1803 590 οὐρανὸν
1829 554 1876 581 καὶ

1080 607 1139 642 τὴν
1154 607 1222 642 γῆν.

1117 653 1165 688 Μὴ
1181 652 1240 686 δῴη
1256 652 1300 684 εις
1312 650 1411 678 σάλον
1424 649 1478 676 τὴν
1491 648 1568 675 πόδα
1580 654 1649 678 σου,
1664 647 1743 682 μηδὲ
1760 645 1878 673 νυστόο

1083 699 1120 733 (in
1137 700 1153 726 ὀ
1168 697 1337 733 φυλάσσων
1351 702 1398 723 σε.
1436 694 1543 729 Ταύτην
1556 693 1600 728 ἔχε
1618 692 1666 728 τὴν
1689 692 1790 718 ἐλπίδα
1804 712 1812 723 ,
1832 692 1878 718 καὶ

1085 743 1168 778 σώζῃ.
1184 743 1221 769 Τὺ
1233 743 1272 774 δὲ,
1290 743 1326 768 οὺ
1340 740 1493 773 νυστάζει,
1510 740 1540 766 οὐ
1555 738 1584 765 ea
1600 738 1727 764 ἐπίπονον
1745 737 1808 764 ἀπὸ
1824 737 1878 763 τῶν

1085 789 1270 825 φυλαττόντων
1285 788 1334 819 τὰς
1357 787 1487 823 στρατιὰς
1504 786 1550 812 καὶ
1573 785 1662 816 πόλεις
1676 784 1724 811 καὶ
1746 784 1878 819 ποίμνια,

1085 835 1152 863 ἀλλὰ
1164 835 1194 862 τὸ
1207 834 1310 865 ἀπαθὲς
1319 833 1350 859 τὸ
1362 833 1437 859 Θεϊον
1447 832 1521 867 δηλοῖ
1532 831 1572 864 τὸ,
1590 831 1626 857 οὐ
1640 829 1791 862 νυστάξει
1807 829 1880 856 οὐδὲ

250 878 385 914 signiﬁcat
401 879 467 905 illud
481 887 487 905 :
503 877 562 904 Non
584 878 738 904 dormitabit
760 885 839 912 neque
855 878 966 904 dormiet
992 877 1036 912 qui

1103 881 1219 908 nmium
1231 881 1247 906 ὁ
1260 878 1429 914 φυλάσσων
1446 876 1574 911 Ἰσραήλ.
1587 876 1666 902 Δοκεῖ
1675 875 1703 901 δὲ
1716 874 1878 906 νυστάζειν,

250 925 365 952 custodit
383 924 478 951 Israel.
498 923 608 951 Videtur
624 928 713 951 autem
727 924 875 951 dormitare
885 931 955 952 ,cum
977 929 1036 951 lur-

251 970 372 998 bulentis
398 970 480 1004 hujus
497 970 558 997 vita:
574 970 690 1005 negotiis
714 976 740 997 et
765 970 873 997 insidiis
890 971 1034 1004 agitamur.

288 1017 314 1044 ὅ.
332 1015 459 1042 Dominus
473 1015 605 1043 custodiat
621 1020 644 1042 te
656 1036 664 1048 ,
684 1015 810 1042 Dominus
829 1017 953 1050 proiectio
979 1020 1035 1049 tua,

252 1069 331 1096 super
348 1069 453 1087 manum
478 1061 614 1087 dexteram
639 1065 722 1087 tuam.
749 1059 867 1094 ldipsum
886 1060 914 1086 in
931 1059 1037 1086 decimo

252 1107 350 1142 quinto
373 1106 478 1141 psalmo
501 1107 557 1134 ait:
573 1105 745 1133 Providebam
771 1105 911 1132 Dominum
926 1105 954 1131 in
977 1113 1038 1132 con-

252 1156 342 1187 spectu
360 1161 415 1179 meo
432 1161 549 1186 semper,
567 1153 692 1187 quoniam
705 1160 721 1178 ο
736 1151 838 1178 dextris
849 1156 888 1178 est
909 1151 991 1183 mihi,
1007 1158 1039 1177 ne

252 1205 417 1225 commoveor
429 1196 462 1225 ".
479 1196 511 1223 Et
529 1198 581 1224 hoc
596 1197 659 1224 item
674 1197 735 1224 loco
750 1196 817 1223 dicit
829 1205 836 1222 :
848 1195 888 1223 Ad
901 1195 1038 1222 dexteram

254 1251 367 1272 manum
384 1247 458 1270 tuam
475 1243 652 1276 constitutus,
667 1247 694 1270 et
705 1247 837 1278 proteget,
855 1246 883 1270 et
893 1242 1038 1273 custodiet,

254 1293 282 1316 et
299 1288 374 1316 omni
388 1288 558 1323 providentia
573 1289 739 1323 dignabitur.

433 1332 571 1361 Canticum
586 1334 726 1368 graduum.
760 1333 864 1361 CXXI.

549 1379 749 1414 Argumentum.

256 1426 379 1455 Tertium
399 1425 536 1454 canticum
563 1425 615 1452 iter
643 1425 786 1459 agentibus
805 1425 934 1460 praedicat
957 1428 987 1451 ut
1014 1423 1041 1450 in

293 1472 404 1500 domum
419 1470 467 1498 Dei
481 1469 641 1498 cottcedant.
670 1469 760 1503 Quare
776 1470 816 1497 sic
829 1469 959 1505 loquitur.

294 1561 322 1588 Ι.
341 1559 461 1588 Ltetatus
486 1568 544 1586 sum
561 1560 590 1586 in
608 1559 641 1586 iis
666 1567 725 1595 quc
743 1559 814 1586 dicta
831 1565 892 1587 sunt
918 1559 980 1586 mihi
994 1567 1004 1585 :
1016 1560 1043 1586 in

258 1606 366 1633 domum
385 1605 493 1632 Domini
517 1605 624 1632 ibimus.
799 1633 803 1636 ,

293 1651 321 1679 2.
336 1651 444 1679 Stante:
464 1656 538 1678 erant
552 1651 627 1685 pedes
652 1649 737 1676 nostri
757 1651 784 1676 in
799 1650 875 1677 atriis
890 1651 954 1683 tuis,
969 1650 1047 1676 Jeru-

259 1697 354 1725 salem.
381 1697 439 1725 Vox
454 1705 550 1725 senum
565 1697 622 1725 haec
637 1702 688 1730 est,
708 1697 753 1732 qui
771 1697 954 1732 captivitatem
969 1697 1048 1730 susti-

261 1748 395 1776 nuerunt,
424 1747 452 1770 et
472 1747 585 1770 narrant
612 1742 694 1778 pedes
720 1750 786 1770 suos
811 1743 911 1770 ouibus
924 1743 981 1778 jam
998 1742 1048 1769 iter

261 1796 374 1826 agerent
385 1790 450 1817 olim
465 1790 574 1817 stetisse
592 1789 619 1816 in
636 1788 799 1816 Jerusalem.

300 1878 327 1905 3.
344 1877 492 1905 Jerusalem
502 1898 509 1910 ,
523 1886 581 1912 quw
593 1878 743 1912 trdiﬁcatur
758 1882 787 1904 ut
804 1878 905 1905 ciuitas.
937 1876 978 1904 Ita
989 1897 997 1909 ,
1009 1876 1050 1903 in-

267 1924 337 1959 quit,
353 1924 450 1952 civitas
465 1924 530 1951 olim
542 1927 617 1956 erat;
632 1932 685 1951 non
701 1923 764 1951 hinc
780 1923 841 1951 inde
855 1923 986 1958 dispersa,
1002 1922 1049 1949 sed

263 1969 302 1996 ἔτι
331 1974 489 1997 constructa
500 1988 508 2001 ,
535 1973 565 1996 ut
592 1969 729 1996 videretur
744 1976 797 1996 una
812 1968 910 1996 domus
925 1974 1000 2000 esse,
1017 1974 1050 1995 ex

263 2015 408 2042 domorum
424 2015 555 2042 continua
573 2015 644 2042 serie
656 2014 891 2042 et'concinnitate.

301 2104 328 2132 ι.
353 2103 423 2131 Illuc
437 2104 506 2131 enim
519 2103 691 2130 ascenderunt
706 2103 801 2131 tribus.
832 2102 933 2131 Omnes
950 2103 1049 2136 tribus,

265 2151 366 2186 inquit,
388 2158 448 2186 qu:e
460 2158 492 2178 ex
509 2149 624 2184 Egypto
635 2157 682 2184 per
698 2150 826 2177 virtutem
843 2148 951 2176 Domini
963 2157 1051 2184 egres-

266 2204 304 2224 sae
322 2200 395 2228 sunt,
414 2195 447 2222 ad
460 2202 519 2222 eam
534 2195 628 2221 urbem
645 2194 833 2228 properabant,
853 2194 887 2221 ad
906 2193 1047 2221 ferendum
1068 2211 1091 2238 ι)

267 2241 470 2274 testimonium,
487 2241 543 2268 sive
557 2241 590 2267 ad
612 2241 711 2275 gratias
733 2240 853 2275 agendas
878 2239 934 2268 Deo
955 2239 1049 2268 Israel.

267 2288 310 2315 Ad
326 2288 503 2322 conﬁtendum
517 2287 616 2313 nomini
630 2286 745 2314 Domini.
761 2286 801 2314 Eo
815 2286 888 2321 quod
901 2286 1053 2322 impleverit

268 2333 455 2362 admirabilem
476 2333 686 2368 promissionem
703 2339 792 2360 suam.
819 2332 945 2360 Thronos
961 2337 1051 2360 autem

268 2380 367 2408 domus
383 2379 465 2406 David
483 2386 565 2414 super
577 2386 636 2406 eam
651 2378 778 2406 fundatas
790 2386 851 2405 esse
864 2378 911 2411 ait,
923 2379 1052 2413 quoniam

269 2425 372 2453 scilicet
389 2433 501 2459 regnum
522 2425 550 2452 in
565 2431 660 2452 omnes
682 2424 846 2458 prtenuntiat
872 2423 967 2452 David.
994 2423 1053 2452 Non

269 2471 354 2498 unius
368 2470 512 2504 imperium
531 2476 699 2502 memorans,
715 2469 762 2496 sed
776 2476 932 2502 commune,
948 2469 975 2495 in
990 2470 1056 2504 opti-

271 2525 332 2544 mos
346 2521 372 2545 et
387 2517 608 2552 religiosissimos
623 2523 746 2550 quosque
759 2535 767 2548 ,
784 2523 799 2542 ιι
822 2515 921 2549 quibus
942 2522 1054 2550 regnum

272 2564 383 2591 Davidis
396 2564 509 2599 erigitur
524 2571 570 2598 per
585 2562 699 2597 gratiam
714 2561 815 2589 Christi
830 2571 836 2588 :
851 2561 898 2596 qui
913 2561 1054 2589 duodecim

274 2611 403 2646 apostolis
413 2631 421 2643 ,
438 2617 519 2644 super
534 2608 677 2636 duodecim
691 2608 805 2635 thronos
820 2607 976 2635 sedentibus
986 2627 994 2640 ,
1008 2615 1057 2642 po-

272 2662 398 2685 testatem
415 2656 488 2683 dedit
504 2655 643 2690 judicandi
656 2654 792 2681 lsraelem.

310 2703 337 2730 5.
349 2703 418 2734 Quia
433 2701 488 2728 illic
499 2701 619 2728 sederunt
634 2700 720 2727 throni
737 2700 763 2726 in
773 2699 888 2733 judicio.
904 2698 1057 2727 Secundum

276 2747 418 2776 historiam
437 2746 492 2773 illic
509 2745 582 2780 regia
608 2744 674 2777 fuit,
691 2744 746 2772 illic
763 2743 933 2772 sacerdotqu
949 2742 1058 2773 throni;

309 2838 332 2854 "
344 2837 413 2864 Psul.
432 2846 475 2867 xv.
493 2837 508 2862 8

1085 928 1194 955 ὲπειδὰν
1200 929 1255 959 τοῖς
1262 926 1388 958 ἀστάτοις
1400 924 1446 951 τοῦ
1461 924 1518 960 βίου
1534 921 1704 957 σαλευόμεθα
1714 921 1877 957 πράγμασι,

1086 976 1146 1006 ταῖς
1158 974 1218 1001 καθ’
1232 973 1309 1008 ἡμῶν
1322 971 1487 1001 ὲπιὸουλαῖς.

1121 1021 1229 1055 Κύριος
1243 1018 1375 1054 φυλάξαι
1390 1024 1437 1047 σε,
1447 1016 1554 1050 Κύριος
1561 1013 1658 1048 σκέπη
1674 1022 1735 1044 σοι,
1747 1012 1801 1039 ἐπὶ
1819 1011 1877 1045 χεῖ-

1085 1075 1124 1101 pa
1138 1065 1241 1097 δεξιάν
1257 1072 1326 1091 σου.
1352 1062 1439 1089 Τοῦτο
1459 1061 1506 1088 καὶ
1530 1061 1558 1086 ὲν
1572 1059 1610 1095 τῷ
1628 1062 1664 1085 ιε’
1679 1059 1731 1094 ἔφη
1756 1056 1860 1093 ψαλμῷ
1874 1064 1878 1070 “

1087 1111 1285 1145 Προεωρώμην
1300 1109 1354 1136 τὸν
1368 1108 1476 1141 Κύριον
1486 1105 1614 1132 ἐνώπιόν
1626 1113 1685 1139 μου
1700 1102 1878 1134 διαπαντός,

1088 1157 1133 1184 ὅτι
1144 1157 1179 1183 ἐκ
1193 1154 1300 1187 δεξιῶν
1308 1154 1367 1189 μού
1381 1154 1475 1183 ἐστιν,
1492 1152 1542 1178 ἵνα
1551 1150 1594 1186 μὴ
1604 1149 1754 1178 σαλευθῶ,
1772 1149 1831 1176 Καὶ
1842 1148 1880 1174 ὲν-

1088 1201 1175 1229 ταῦθα
1193 1201 1273 1228 πάλιν
1291 1199 1388 1235 φησὶν,
1413 1198 1454 1224 ὅτι
1473 1197 1552 1233 Παρὰ
1565 1196 1614 1232 τὴν
1628 1194 1717 1227 δεξιάν
1734 1202 1782 1220 σοι
1802 1194 1880 1229 χεῖρα

1089 1247 1242 1282 γενόμενος,
1261 1244 1308 1270 καὶ
1324 1242 1454 1270 σκεπάσει
1463 1261 1471 1275 ,
1487 1241 1534 1268 καὶ
1548 1240 1714 1276 φρουρήσει,
1727 1239 1778 1266 καὶ
1790 1237 1880 1273 πάσης

1091 1291 1202 1324 ἀξιώσει
1216 1289 1354 1326 προνοίας.

1262 1334 1331 1370 ᾯδὴ
1349 1332 1408 1360 τῶν
1424 1329 1610 1366 ἀναϐαθμῶν.
1629 1330 1719 1357 PKA’.

1403 1378 1410 1387 '
1415 1372 1570 1410 Υπόθεσις.

1097 1427 1130 1454 Ἦ
1148 1426 1227 1462 τρίτη
1241 1425 1295 1461 ᾠδὴ
1308 1425 1371 1456 τοὺς
1387 1423 1426 1450 ἔτι
1447 1421 1652 1459 ὁδοιποροῦντας
1664 1420 1878 1455 εὐαγγελίζεται,

1127 1473 1176 1507 τὴν
1192 1473 1231 1503 εἰς
1244 1471 1289 1498 τὸν
1301 1468 1374 1497 οἷκον
1387 1469 1434 1496 τοῦ
1444 1468 1510 1496 Θεοῦ
1521 1468 1622 1504 ἄφιξιν.
1635 1467 1680 1494 Διδ
1686 1466 1880 1502 xui-tivaer-

1127 1525 1215 1552 γεται.

1125 1563 1307 1598 Ηὺφράνθην
1322 1562 1372 1589 ἐπὶ
1395 1560 1458 1594 τοῖς
1476 1560 1611 1596 εἰρηκόσι
1631 1567 1698 1594 μοι·
1732 1559 1778 1592 εις
1799 1556 1880 1586 οἴχον-

1094 1611 1205 1645 Κυρίου
1219 1609 1434 1644 πορευσόμεθα.

1136 1654 1278 1687 Ἐστῶτες
1293 1652 1374 1689 ἦσαν
1389 1654 1416 1680 οἱ
1438 1651 1529 1685 πόδες
1547 1650 1630 1686 ἡμῶν
1644 1651 1679 1677 ἐν
1695 1649 1760 1683 ταῖς
1774 1649 1880 1683 αὐλαῖς

1096 1708 1167 1733 σου,
1187 1698 1392 1735 Ἰερουσαλήμ.
1405 1697 1478 1733 Αὕτη
1493 1697 1547 1724 τῶν
1560 1695 1753 1732 γεγηρακότων
1765 1697 1782 1732 ἡ
1796 1695 1879 1731 φωνὴ,

1097 1747 1150 1774 τῶν
1164 1746 1210 1773 καὶ
1226 1746 1276 1782 τὴν
1292 1745 1478 1780 αἰχμαλωσίαν
1492 1743 1711 1778 ὑπομεινάντων,
1738 1742 1879 1778 διηγουμέ-

1098 1801 1162 1825 νων,
1175 1792 1212 1823 ὡς
1226 1792 1280 1826 ἄρα
1293 1790 1382 1817 αὐτῶν
1396 1790 1420 1816 oi
1434 1790 1523 1821 πόδες,
1540 1789 1565 1815 οί
1578 1788 1625 1815 νῦν
1638 1788 1688 1824 τὴν
1698 1789 1810 1821 πορείαν
1820 1797 1879 1815 ποι-

1097 1837 1218 1873 ούμενοι,
1232 1836 1316 1863 πάλαι
1333 1836 1448 1870 ἔστησαν
1462 1836 1490 1862 ὲν
1507 1834 1693 1870 Ἰερουσαλήμ.

1138 1882 1331 1918 Ἰερουσαλὴμ
1354 1880 1587 1916 οἰκοδομουμένη
1603 1881 1643 1913 ὠς
1668 1880 1766 1912 πόλις.
1795 1879 1879 1911 οὕτω,

1099 1930 1180 1965 φησὶν
1192 1950 1200 1961 ,
1214 1927 1247 1965 ἦν
1263 1928 1346 1955 πάλαι
1366 1928 1404 1960 ὼς
1419 1927 1495 1959 πόλις
1508 1948 1516 1961 ,
1531 1927 1561 1954 οὐ
1575 1926 1758 1961 διεσπαρμένη
1773 1922 1822 1952 ὦδε
1835 1935 1879 1952 κα-

1100 1978 1174 2004 κείσε
1185 1985 1192 1992 ·
1213 1976 1270 2003 ἀλλ’
1282 1975 1367 2007 οὕτως
1379 1972 1414 2010 ἦν
1426 1973 1585 2010 ἡρμοσμὲνη
1598 1992 1605 2004 ,
1619 1972 1656 2003 ὡς
1666 1971 1740 2003 δόξαι
1754 1971 1800 1998 ἕνα
1812 1971 1879 1998 οἶκον

1101 2021 1172 2050 εἶναι
1188 2023 1221 2059 τῇ
1239 2021 1369 2057 συναφείᾳ
1383 2021 1430 2048 καὶ
1444 2021 1478 2056 τῇ
1491 2019 1607 2056 ἁρμονίᾳ
1628 2019 1683 2046 τῶν
1701 2018 1878 2057 οῑκώομημά·

1099 2078 1164 2097 των.

1142 2114 1223 2141 Ἕκεῖ
1231 2114 1287 2149 γὰρ
1301 2113 1454 2146 ἀνέϐησαν
1469 2112 1499 2138 αἱ
1512 2109 1616 2145 φυλαί.
1630 2109 1721 2136 Πᾶσαι
1744 2110 1770 2136 ai
1792 2109 1877 2144 eum.

1102 2160 1184 2196 φησὶν
1193 2179 1201 2192 ,
1217 2159 1247 2192 ἐξ
1261 2158 1399 2193 Αἰγύπτου
1410 2156 1522 2191 δυνάμει
1537 2154 1640 2191 Κυρίου
1654 2153 1806 2187 ἐξελθοῦσαι
1819 2174 1826 2185 ,
1841 2154 1878 2185 είς

1103 2206 1187 2242 αὐτὴν
1199 2205 1326 2232 ἔσπευδον
1339 2204 1389 2239 τὴν
1402 2202 1478 2229 πόλιν
1494 2201 1666 2238 μαρτυρῆσαι
1678 2220 1686 2233 ,
1702 2200 1760 2235 ἤτοι
1776 2200 1878 2235 εὐχαριο

1103 2251 1201 2286 στῆσαι
1214 2250 1255 2286 τῷ
1265 2249 1324 2285 Θεῷ
1334 2249 1381 2276 τοῦ
1402 2248 1520 2285 Ἰσραήλ.
1541 2246 1596 2274 Τοῦ
1609 2246 1877 2281 ἐξομολογήσασθαι

1101 2297 1141 2330 τῷ
1157 2298 1278 2332 ὀνόματι
1294 2296 1415 2331 Κυρίου.
1436 2295 1495 2330 Ἐφ’
1511 2291 1552 2325 οἷς
1568 2293 1708 2328 ἐπλήρωσε
1721 2292 1767 2327 τὴν
1781 2292 1877 2326 θαυμα-

1103 2343 1163 2370 σίαν
1180 2342 1336 2378 ὑπόσχεσιν,
1351 2341 1462 2377 θρόνους
1477 2347 1506 2366 τε
1518 2338 1565 2365 τοῦ
1580 2338 1655 2365 οίκου
1671 2336 1752 2364 Δαυῖδ
1765 2336 1876 2372 ἱδρυνθῆ-

1103 2389 1147 2417 ναί
1163 2398 1245 2426 φησιν
1260 2389 1303 2415 ἐπ’
1324 2388 1408 2422 αὐτῆς
1418 2395 1425 2403 ·
1451 2386 1512 2414 ἐπεὶ
1527 2385 1574 2412 καὶ
1597 2384 1734 2420 βασιλείαν
1751 2383 1850 2410 πάντων
1864 2383 1876 2409 ό

1104 2435 1184 2463 Δαυῒδ
1198 2434 1363 2471 προφητεύει
1376 2441 1382 2448 ·
1398 2433 1446 2467 οὐχ
1459 2432 1517 2463 ὲνδς
1529 2431 1616 2465 λέγων
1629 2429 1714 2465 ἀρχὴν
1726 2449 1733 2460 ,
1749 2428 1810 2471 ἀλλὰ
1829 2436 1875 2454 κοι-

1104 2482 1152 2509 νὴν
1162 2501 1170 2513 ,
1183 2469 1253 2516 ὑπερ
1269 2469 1386 2516 ἀρίστων
1401 2478 1448 2504 καὶ
1464 2475 1694 2503 Θεοσεὸεστάτωνι
1710 2473 1742 2500 δι’
1758 2469 1791 2499 ὧν
1803 2473 1819 2508 ὴ
1833 2471 1874 2506 βα-

1106 2527 1193 2554 σιλεία
1203 2525 1284 2554 Δαυῖδ
1294 2524 1452 2561 ἁνορθοῦται
1466 2523 1557 2558 χάριτι
1570 2520 1616 2547 τοῦ
1630 2519 1757 2556 Χριστοῦ,
1771 2519 1822 2550 τοῖς
1833 2517 1874 2544 δώ⁶

1105 2574 1171 2600 δεκα
1185 2572 1330 2603 δεδωκότος
1345 2570 1517 2601 ἀποστόλοις,
1534 2569 1590 2599 τοῖς
1605 2567 1651 2593 ἐπὶ
1666 2565 1767 2592 δώδεκα
1783 2565 1873 2595 θοόνοις

1106 2618 1298 2654 καθεζομένοις
1312 2618 1414 2653 κρίνειν
1427 2616 1472 2642 τὸν
1491 2613 1607 2651 Ἰσραήλ.

1146 2697 1210 2724 ὀτι
1225 2695 1289 2723 ἐκεῖ
1300 2695 1445 2723 ἐκάθισαν
1456 2693 1555 2727 θρόνοι
1567 2692 1611 2723 είς
1625 2690 1734 2724 κρίσιν.
1753 2687 1804 2714 Καὶ
1814 2684 1873 2714 κατὰ

1108 2743 1157 2780 τὴν
1172 2742 1292 2770 ἱστορίαν
1305 2741 1363 2768 ἐκεῖ
1373 2740 1408 2768 τὰ
1421 2738 1552 2775 βασίλεια,
1564 2736 1611 2764 καὶ
1621 2735 1675 2763 τῶν
1684 2733 1776 2770 ἱερέων
1788 2733 1811 2760 οι
1822 2731 1873 2770 θρό-
