1926 3051
40 127 108 155 513

598 124 781 153 EXPOSlTlO
802 124 834 152 IN
854 125 1018 154 PSALMUM
1039 125 1156 154 CXXIV.

1623 127 1678 157 5M

38 193 90 212 νοι
100 194 108 200 ·
128 185 220 221 ὥςπερ
234 185 286 212 τινὶ
299 184 384 220 διπλῷ
396 185 518 220 στεφάνῳ
528 184 575 211 καὶ
584 185 729 220 διαδήματι
742 184 833 212 καλλω

899 185 1002 212 :ivitate
1012 192 1060 212 seu
1073 185 1189 220 quadam
1200 185 1302 219 duplici
1314 192 1414 212 corona
1426 193 1458 213 ac
1468 185 1620 213 diademate
1631 194 1676 214 or-

38 231 206 266 πιζομένης
216 230 266 266 τῆς
279 231 392 262 πόλεως.
409 230 466 257 Νῦν
475 230 503 257 δὲ
516 229 623 257 πάντων
638 230 782 262 ἔκπτωσις,
795 230 843 256 καὶ

37 277 104 312 τῆς
122 277 240 307 παλαιᾶς
257 276 428 312 εὐδαιμονίας
449 276 575 311 ἐλάχιστα
591 275 714 310 λείψανα.
739 275 843 310 Θρόνοι

39 322 102 350 ἐπὶ
115 323 200 349 οἷκον
210 321 309 349 Δαυΐδ.
328 322 371 348 Ἐν
381 321 477 357 ταύτῃ,
490 321 566 358 φησι,
580 322 612 356 τῇ
624 321 710 353 πόλει,
722 320 842 347 τουτέστι

37 369 80 403 τῇ
113 367 299 403 Ἰερουσαλὴμ,
314 367 403 402 θρόνοι
416 366 546 402 ἐτέθησαν
559 366 692 402 βασιλικοὶ
707 367 792 402 κρῖμα
805 365 843 392 δί-

38 422 132 440 καιον
149 413 287 448 κρίνοντες
299 422 305 428 -
326 409 363 440 ὧν
378 413 485 449 πρῶτος
501 412 618 447 κατῆρξε
633 412 713 438 Δαυῖδ
723 432 730 444 ,
747 411 843 438 ἔπειτα

37 459 69 486 οι
88 459 124 492 ἐξ
136 458 219 485 αὐτοῦ
240 458 311 485 κατὰ
328 458 427 494 σάρκα.
442 458 487 485 Διὸ
503 459 550 485 καὶ
563 456 635 485 οἷκον
648 457 731 485 αὐτοῦ
742 457 843 494 ὀνομά-

39 504 90 536 ζει
112 504 158 531 τοῦ
174 504 266 531 Δαυῖδ.

90 548 280 583 Ἐρωτήσατε
300 548 338 582 δὴ
354 547 391 575 τὰ
405 549 447 581 εις
468 547 592 582 εἰρήνην
615 548 672 583 τὴν
693 548 842 582 Ἰερουσα-

39 593 122 628 λήμ.
139 593 298 626 Μαθὸντες,
318 592 341 619 ὦ
355 589 444 624 οὗτοι,
461 592 502 624 τίς
521 601 586 619 ποτε
599 590 633 629 ἦν
654 593 839 629 Ἰερουσαλὴμ,

40 639 165 674 εὔχεσθε
180 639 249 674 ὑπὲρ
262 640 311 675 τῆς
327 639 438 675 εἰρήνης
453 639 553 676 αὐτῆς,
569 639 650 674 μηδὲν
665 638 840 675 ὲκζητοῦντες

39 685 145 721 ἕτερον
159 685 175 720 ἢ
190 685 224 710 τὰ
236 685 305 720 πρδς
323 685 434 720 εἰρήνην
447 684 531 720 αὐτῆς
548 685 734 712 συντελοῦντα.

83 732 229 758 Γενὲσθω
244 730 283 765 δὴ
296 731 399 766 εἰρήνη
409 731 444 757 ἐν
456 730 494 765 τῇ
505 730 630 765 δυνάμει
645 738 713 763 σου,
727 729 776 757 καὶ
792 730 839 757 εὐ-

40 776 138 809 θηνία
153 776 190 802 ἐν
206 775 266 808 τοῖς
279 775 479 810 πυργοϐάρεσι
489 783 557 802 σου.
579 776 650 803 ’Δντὶ
666 775 723 808 τοῦ,
741 777 770 802 ἐν
784 777 839 807 τοῖς

41 821 199 856 βασιλείοις
210 830 267 848 σου.
279 820 399 856 Εὗχομαι
414 830 464 854 σοι,
480 821 556 857 φησὶ,
573 821 608 848 τὰ
620 819 710 855 ἀγαθὰ
722 821 765 848 διὰ
776 821 839 852 τοὺς

41 867 222 899 ἰνοικοῧντας
239 868 268 893 ὲν
285 867 336 899 σοὶ,
347 867 458 902 πλησίον
469 867 548 899 ὄντας
558 867 606 894 καὶ
617 867 756 902 ἀδελφούς.
772 866 839 893 Ταῦ-
853 859 874 886 Β

41 922 79 940 τα
94 914 153 948 γὰρ
169 914 194 940 οἱ
209 913 393 948 γεγηρακότες
405 912 530 949 εὔχονται
545 915 579 949 τῇ
600 912 791 948 Ἰερουσαλὴμ,
807 912 838 939 τδ

42 960 73 986 ἐν
89 960 151 991 τοῖς
166 959 286 993 τείχεσιν
300 959 385 994 αὐτῆς
401 957 471 986 εἶναι
490 959 611 995 εἰρήνην.
641 959 768 994 Δυνάμει
784 959 837 994 γὰρ

41 1004 79 1029 τὰ
96 1003 177 1038 τείχη
193 1003 289 1039 φησιν·
317 1003 333 1039 ῆ
350 1004 412 1030 καθ’
434 1004 527 1039 ἕτερον
543 1004 621 1038 λόγον
642 1004 705 1036 τοὺς
720 1005 748 1031 ὲν
769 1004 836 1041 αὐτῇ

44 1050 159 1083 ἁγίους.

81 1096 193 1122 Ἕνεκα
215 1095 268 1122 τοῦ
285 1095 370 1123 οἴκου
399 1096 509 1130 Κυρίου
526 1097 579 1123 τοῦ
594 1096 667 1124 Θεοῦ
686 1095 772 1131 ἡμῶν
786 1095 837 1129 ἐξ·

41 1139 179 1175 utﬁt-nera
197 1140 292 1176 ἀγαθά
305 1148 364 1167 σοι.
383 1140 457 1167 Ἐπεὶ
469 1141 498 1168 ἐν
512 1142 553 1168 σοί
567 1142 651 1173 ἐστιν,
663 1138 686 1168 ὦ
700 1141 836 1177 Ἰερουσα-

42 1184 215 1222 λὴμ,ὁοῖκος
227 1186 276 1214 τοῦ
284 1186 352 1214 Θεοῦ
362 1187 452 1222 ἡμῶν,
465 1187 645 1223 ἀμειϐόμενος
659 1195 689 1214 σε
701 1186 838 1222 ἐξεζήτηο

42 1241 86 1260 σα
93 1233 193 1268 ἀγαθά
199 1241 260 1260 σοι.

220 1277 283 1314 ῼδὴ
297 1277 357 1306 τῶν
371 1276 558 1312 ἀναϐαθμῶν.
577 1279 672 1306 PKB'.

127 1341 132 1346 .
360 1323 522 1355 Ύπόθεσις.

47 1370 82 1395 Ἦ
103 1368 223 1404 τετάρτη
246 1368 302 1403 ᾠδὴ
318 1368 400 1404 εὐχὴν
423 1369 544 1404 περιέχει
559 1367 613 1395 τῶν
629 1368 659 1395 ὲν
677 1369 713 1404 τῇ
731 1368 836 1396 ὁδοιπο-

80 1413 131 1449 ρίᾳ
158 1412 204 1439 διὰ
221 1411 324 1439 Ιιιιολλῶν
350 1411 418 1439 ἑτῶν
434 1411 483 1447 τὴν
499 1411 628 1440 ἐπάνοδον
655 1413 833 1448 ποιουμένων.

78 1460 115 1488 οξ
130 1460 178 1486 καὶ
187 1478 196 1492 ,
209 1458 342 1494 καμόντες
352 1458 423 1485 κατὰ
431 1458 481 1494 τὴν
495 1457 569 1491 ὁδὸν,
584 1458 676 1490 ἐλέους
686 1458 734 1485 καὶ
742 1458 834 1486 οῐκτου

76 1507 188 1534 δέονται
200 1506 291 1540 τυχεῖν
311 1504 386 1540 παρὰ
400 1504 448 1531 τοῦ
468 1504 536 1532 Θεοῦ
546 1504 611 1551 ,ᾉὼς
627 1504 833 1540 ὲξουθενημένοι
847 1521 869 1551 c
887 1506 897 1515 "

78 1551 160 1588 παρὰ
177 1550 232 1578 τῶν
249 1550 344 1578 ἐθνῶν.
362 1550 408 1577 Διὸ
423 1550 468 1577 καὶ
483 1549 684 1585 ἀναφθέγγεται
699 1550 769 1586 πρὸς
784 1551 835 1578 αὺ-

77 1597 144 1629 τοὺς
157 1596 402 1633 παραμυθούμενον
414 1596 445 1623 τὸ
461 1595 583 1631 Πνεῦμα,
599 1596 646 1623 καὶ
657 1595 734 1631 λέγον
742 1603 758 1631 ἰ
770 1596 835 1630 Τοῖς

77 1642 249 1678 εὐθηνοῦσι
265 1641 298 1669 τὸ
313 1641 436 1675 ὄνειδος.

75 1689 160 1723 Πρὸς
171 1688 210 1715 σὲ
222 1686 280 1722 ἦρα
292 1687 362 1721 τοὺς
377 1688 549 1722 ὀφθαλμούς
565 1696 625 1721 μου
636 1708 643 1720 ,
661 1688 714 1715 τὸν
736 1696 833 1715 κατοι-

40 1735 158 1763 κοῦντα
171 1734 206 1760 ἐν
218 1733 259 1766 τῷ
273 1733 397 1767 οὐρανῷ.
418 1733 490 1761 Ἰδοὺ
505 1733 545 1766 ὡς
555 1733 702 1767 ὀφθαλμοὶ
715 1733 835 1761 δούλων

40 1783 87 1815 εις
103 1781 207 1816 χεῷας
229 1779 289 1807 τῶν
309 1780 419 1814 κυρίων
440 1778 548 1807 αὐτῶν.
575 1779 635 1806 Τῶν
652 1779 702 1814 μὲν
718 1779 834 1815 ἐχόντων

42 1827 73 1854 τὸ
87 1827 199 1862 πνεῦμα
215 1826 263 1861 τῆς
278 1825 397 1857 δουλείας
418 1825 458 1857 εἰς
474 1825 557 1860 φὸὃον
575 1824 709 1860 ὀφθαλμοὶ
722 1825 762 1857 εις
776 1826 833 1860 χεῖ-

42 1883 94 1908 ρας
112 1873 214 1909 κυρίων
236 1881 267 1899 τε
289 1873 335 1899 καὶ
360 1871 472 1907 κυρίας·
488 1870 535 1898 τοῦ
553 1871 582 1898 δὲ
605 1871 637 1897 τὸ
654 1870 761 1906 πνεῦμα
783 1871 833 1906 τῆς

42 1919 182 1950 υἱοθεσίας
195 1918 312 1953 ἔχοντος,
327 1918 394 1953 πρὸς
407 1917 508 1952 Κύριον
524 1916 569 1943 τὸν
583 1916 659 1942 Θεὸν.

86 1964 237 1997 Ἐλέησον
250 1962 338 1997 ἡμᾶς,
355 1963 452 1996 Κύριε,
467 1961 599 1995 ἐλέησον
612 1961 701 1996 ἡμᾶς.
724 1961 753 1987 '0
768 1961 832 1987 ἀνα-

39 2010 245 2045 διπλασιασμὸς
258 2008 333 2045 δηλοῖ
344 2008 374 2034 τὸ
386 2009 486 2044 θερμὺν
503 2009 554 2043 τῆς
567 2008 701 2043 αἰτήσεως
711 2027 718 2040 ,
732 2007 780 2042 οὐχ
794 2007 832 2039 ὼς

41 2056 114 2089 ἄξιοι
125 2056 172 2082 τὸν
194 2055 268 2082 ἔλεον
288 2054 416 2089 αἰτοῦμεν
426 2073 434 2086 ,
448 2053 504 2080 ἀλλ’
526 2053 563 2085 ὡς
581 2052 756 2080 ὲπονείδιστοι
771 2052 832 2080 λίαν

41 2102 197 2138 γενόμενοι.

210 2146 279 2182 ’ῼδὴ
296 2145 355 2173 τῶν
367 2144 552 2180 ἀναϐαθμῶν.
569 2145 666 2172 ΡΚΓ¹.

200 2194 236 2220 Et
247 2192 290 2227 μὴ
305 2192 349 2219 ὅτι
360 2192 468 2225 Κύριος
481 2189 522 2226 ἦν
540 2191 574 2217 ὲν
588 2189 670 2225 ἡμῖν.

359 2239 388 2264 Ὺ
386 2238 518 2269 πόθεσις.

39 2283 99 2319 Τὴν
109 2283 239 2318 πέμπτην
250 2282 321 2318 ᾠδὴν
330 2282 437 2318 ᾄδοντες
447 2282 472 2308 ot
485 2281 627 2312 ἐπιϐάντες
637 2281 686 2316 τῆς
700 2279 829 2311 Ἰουδαίας

76 2328 139 2363 τῆς,
153 2327 236 2362 εὐχὰς
252 2328 469 2362 ἀναπέμτωυσιν,
484 2328 526 2360 ἐφ’
536 2324 577 2358 οἷς
590 2325 762 2362 ὲῤῥύσθησαν
776 2325 829 2351 ἀπὸ

75 2373 126 2409 τῆς
145 2373 334 2408 αἰχμαλωσίας
349 2373 393 2400 καὶ
408 2373 461 2400 τῶν
479 2372 579 2408 μεταξὺ
596 2372 711 2408 ἐχθρῶν.

199 2419 270 2454 ’ῼδὴ
289 2418 348 2445 τῶν
362 2418 548 2453 ἀναϐαθμῶν.
581 2419 651 2445 ΡΚΔ
661 2421 677 2444 ’.

105 2466 138 2492 οι
152 2465 327 2498 πεποιθότες
343 2464 392 2491 ἐπὶ
409 2465 518 2498 Κύριον
533 2464 573 2497 ὡς
587 2463 655 2498 ὅρος
670 2463 756 2491 Σιών.

353 2509 360 2519 '
367 2510 519 2541 Υπόθεσις.
557 2533 560 2537 .

41 2556 97 2592 Τὴν
111 2556 193 2592 ἕκτην
205 2556 277 2591 ᾠδὴν
292 2555 398 2591 ᾅδουσιν
413 2555 455 2582 ἐπ’
467 2555 534 2582 αὐτὸ
546 2554 576 2581 τδ
587 2554 753 2590 ποθούμενον
766 2554 828 2589 ὅρος

76 2603 227 2638 γενόμενοι.
257 2599 323 2628 Εἶτα
362 2601 477 2636 ὁρῶντες
494 2600 543 2636 τὴν
565 2601 641 2627 πόλιν
665 2600 826 2636 ἀτείχιστον,

77 2650 166 2684 τεῖχος
179 2649 250 2683 αὐτῇ
264 2648 314 2683 τὴν
337 2647 384 2674 τοῦ
409 2648 512 2683 Κυρίου
527 2647 685 2682 ἐπικουρίαν
702 2646 827 2682 εὔχονται

74 2694 211 2729 γενέσθαι,
228 2693 306 2728 φησὶ,
318 2693 365 2719 καὶ
381 2692 435 2728 μὴν
448 2694 495 2719 καὶ
507 2693 562 2719 τῶν
576 2692 682 2728 ἐχθρῶν
696 2692 826 2728 θαρροῦσι

74 2740 215 2776 διαφυγεῖν
231 2739 282 2770 τὰς
296 2738 453 2770 ὲπισουλάς·
470 2738 498 2771 ἐξ
513 2739 598 2774 αὐτῆς
611 2738 638 2764 δὲ
650 2738 698 2773 τῆς
715 2740 824 2765 ἐπικου-

75 2820 96 2836 ¹⁶
109 2819 191 2846 Rom.
208 2825 271 2849 vui,
289 2816 332 2844 l5.
371 2816 392 2832 ⁸¹
407 2816 470 2850 ibid.

895 235 967 257 nata.
992 229 1052 257 Jam
1065 237 1129 258 vero
1141 231 1262 258 omnium
1278 231 1354 258 ruina
1379 232 1498 258 cernitur
1513 235 1539 259 et
1556 231 1677 266 pristinae

894 275 1031 303 felicitatis
1056 276 1177 311 reliquiae
1200 277 1313 312 exiguae.
1347 276 1444 303 Throni
1467 285 1544 312 super
1570 278 1677 304 domum

895 321 989 348 David.
1007 322 1036 349 in
1051 322 1112 355 hac,
1128 322 1228 357 inquit,
1244 323 1366 356 civitate,
1381 322 1406 349 id
1419 327 1461 350 est
1476 323 1502 350 in
1514 322 1674 355 Jerusalem,

894 369 983 396 throni
1003 369 1069 402 regii
1083 369 1164 404 positi
1184 373 1265 402 sunt,
1281 369 1308 395 in
1326 369 1427 403 quibus
1445 369 1581 403 justorum
1599 369 1675 403 judi-

892 416 964 443 cium
983 416 1114 444 redditur.
1159 416 1233 449 Quos
1262 416 1337 451 prior
1353 417 1495 450 occupavit
1522 415 1624 450 David,
1644 424 1676 444 ac

891 462 989 490 deinde
1014 464 1061 497 qui
1086 470 1119 490 ex
1138 462 1185 490 illo
1216 462 1364 489 secundum
1387 470 1496 489 carnem
1524 463 1575 490 orti
1600 467 1674 490 sunt.

892 506 1061 543 Quapropter
1071 508 1183 535 domum
1197 508 1283 542 ipsius
1301 507 1383 534 David
1402 511 1550 542 nuncupat.

925 552 952 580 6.
967 553 1068 588 Rogate
1081 561 1139 588 quin
1157 553 1190 579 ad
1211 561 1301 588 pacem
1326 558 1387 580 sunt
1412 552 1570 580 Jerusalem.
1602 552 1675 581 Heus

890 607 952 630 vos.
971 607 1033 627 cum
1045 599 1195 627 didiceritis
1206 607 1330 634 quaenam
1344 599 1408 626 olim
1424 598 1574 627 Jerusalem
1589 604 1673 631 esset,

890 646 1041 680 precamini
1059 653 1109 679 pro
1134 653 1200 681 pace
1225 646 1286 681 ejus
1299 665 1306 678 ,
1324 645 1391 672 nihil
1408 645 1480 672 aliud
1505 645 1674 680 requirentes

890 698 972 726 quam
987 699 1048 726 qua:
1062 692 1095 718 ad
1111 698 1203 726 pacem
1214 691 1274 726 ejus
1291 691 1445 718 conducunt

925 739 951 767 7.
969 738 1033 766 Fiat
1047 747 1100 774 pax
1112 740 1139 766 in
1155 740 1251 766 virtute
1273 743 1319 766 tua
1332 759 1339 771 ,
1354 744 1379 765 et
1397 737 1562 765 abundantia
1575 738 1603 764 in
1617 742 1674 765 tur-

889 785 961 811 ribus
977 785 1040 812 tuis.
1059 785 1097 812 Ac
1112 785 1134 812 si
1151 785 1238 816 dicat.
1254 784 1281 811 in
1301 784 1373 819 regia
1391 789 1445 812 tua.
1466 783 1540 818 Rogo
1551 803 1558 815 ,
1574 783 1672 818 inquit,

891 831 938 858 tibi
952 831 1031 863 bona,
1045 834 1155 865 propter
1168 830 1352 858 inhabitantes
1364 831 1391 856 in
1408 835 1434 857 te
1446 849 1454 863 ,
1469 830 1514 864 qui
1528 829 1673 864 propinqui

888 881 915 904 et
930 875 1028 904 fratres
1048 877 1088 903 tui
1105 881 1178 905 sunt.
1194 876 1255 904 Haec
1269 884 1347 904 senes
1371 876 1546 911 Jerosolymm
1560 883 1673 910 precan-

888 927 943 956 tur,
955 927 984 950 ut
997 923 1101 950 scilicet
1111 930 1163 958 pax
1180 923 1214 950 sit
1229 923 1256 949 in
1270 923 1354 950 muris
1366 923 1442 957 ejus:
1455 930 1503 956 per
1517 922 1574 949 hau:
1586 921 1670 953 enim,

887 969 921 996 In
940 970 1050 1002 uirtute,
1063 977 1158 997 muros
1178 970 1312 1004 intelligit.
1343 971 1397 997 Aut
1421 970 1569 998 secundum
1590 970 1671 997 aliam

887 1015 1020 1044 rationem
1031 1035 1039 1048 ,
1054 1020 1164 1043 sanctos
1176 1016 1222 1051 qui
1238 1016 1265 1043 in
1279 1016 1336 1051 ipsa
1353 1021 1439 1043 erant.

921 1093 948 1122 9.
963 1093 1074 1129 Propter
1084 1095 1191 1122 domum
1206 1095 1313 1122 Domini
1327 1094 1374 1122 Dei
1389 1096 1473 1122 nostri
1486 1096 1595 1131 quesivi
1605 1097 1671 1124 bona

887 1139 946 1167 tibi.
982 1139 1069 1174 Quia,
1091 1141 1197 1175 inquit,
1219 1148 1236 1168 ο
1249 1140 1399 1168 Jerusalem
1411 1162 1418 1173 ,
1436 1141 1463 1169 in
1480 1145 1506 1169 te
1519 1147 1560 1169 est
1573 1142 1671 1170 domus

886 1185 933 1213 Dei
953 1185 1050 1218 nostri,
1068 1190 1179 1220 accepta
1193 1185 1314 1214 referens
1331 1186 1462 1214 beneficia
1477 1187 1586 1221 quasivi
1603 1187 1671 1214 bona

886 1231 945 1259 tibi.

1048 1285 1188 1314 Canticum
1211 1286 1353 1322 graduum.
1382 1285 1503 1314 CXXII.

1179 1331 1380 1366 Argumentum.

885 1377 1018 1411 Quartum
1037 1378 1172 1406 canticum
1187 1378 1339 1405 orationem
1356 1378 1480 1406 continet
1503 1385 1598 1406 eorum
1621 1380 1669 1415 qui

920 1424 1098 1459 remigrantes
1109 1424 1202 1452 multis
1210 1423 1289 1451 annis
1300 1424 1326 1450 in
1336 1423 1432 1451 itinere
1441 1425 1541 1452 versati
1551 1424 1669 1452 fuerant,

918 1468 971 1502 Qui
983 1468 1082 1496 defessi
1098 1469 1126 1495 in
1136 1468 1189 1502 via,
1201 1468 1416 1496 misericordiam
1429 1473 1456 1496 et
1466 1468 1670 1497 miserationem

919 1522 935 1541 a
950 1514 1005 1542 Deo
1017 1514 1137 1549 impendi
1158 1514 1210 1542 sibi
1222 1514 1370 1549 postulant,
1385 1518 1476 1550 utpote
1489 1513 1536 1550 qui
1549 1522 1565 1542 a
1580 1515 1669 1550 genti-

919 1559 972 1587 bus
996 1559 1073 1586 nihili
1091 1559 1281 1594 penderentur.
1311 1559 1401 1592 Quare
1427 1561 1574 1588 consolans
1596 1561 1670 1595 ipsos

920 1603 1038 1639 Spiritus
1055 1608 1184 1636 sanctus,
1210 1604 1355 1639 respondet
1378 1609 1405 1632 et
1421 1605 1478 1632 ait:
1494 1604 1668 1640 Opprobrium

919 1650 1123 1676 abundantibus.

918 1695 945 1728 Ι,
961 1695 986 1722 2.
1005 1695 1046 1722 Ad
1062 1700 1087 1722 te
1098 1694 1180 1722 levavi
1191 1694 1280 1722 oculos
1294 1702 1376 1728 meos,
1399 1695 1445 1729 qui
1457 1694 1561 1722 habitas
1574 1695 1601 1722 in
1616 1703 1668 1722 εω-

883 1741 927 1768 lis.
941 1740 1007 1768 Ecce
1016 1741 1085 1767 sicut
1098 1740 1167 1767 oculi
1179 1748 1313 1767 seruorum
1327 1740 1355 1766 in
1369 1740 1488 1767 manibus
1501 1739 1667 1767 dominorum

883 1794 1000 1814 suorum.
1012 1785 1090 1813 Oculi
1101 1792 1196 1813 eorum
1211 1784 1258 1820 qui
1273 1784 1372 1811 habent
1384 1784 1510 1819 spiritum
1525 1785 1667 1812 servitutis

883 1833 909 1859 in
923 1833 1021 1859 timore
1028 1831 1050 1847 '°
1063 1836 1126 1859 sunt
1138 1831 1165 1858 in
1177 1830 1302 1858 manibus
1311 1830 1484 1858 dominorum
1493 1835 1520 1858 et
1531 1830 1665 1864 domina;

882 1877 942 1912 ejus
958 1881 1048 1904 autem
1063 1877 1110 1911 qui
1125 1876 1251 1911 spiritum
1261 1875 1417 1910 adoptionis
1427 1875 1449 1892 ⁸¹
1462 1875 1554 1908 habet,
1566 1876 1600 1903 ad
1613 1875 1667 1903 Do-

881 1923 986 1950 minum
1004 1921 1100 1950 Deum.

917 1967 944 1995 3.
970 1966 1093 1993 Miserere
1108 1966 1208 1998 nostri,
1224 1964 1345 1996 Domine,
1366 1965 1488 1992 miserere
1503 1967 1598 1994 nostri.
1613 1965 1667 1993 Rc—

881 2011 1028 2046 duplicatio
1042 2011 1175 2038 fervorem
1190 2009 1353 2044 precationis
1370 2010 1502 2037 ostendit:
1511 2009 1570 2037 Non
1585 2012 1665 2045 quasi

881 2058 955 2092 digni
971 2057 1056 2084 simus
1070 2055 1285 2084 misericordiam
1307 2056 1489 2091 postulamus,
1509 2057 1557 2084 sed
1574 2062 1668 2092 utpote

881 2102 1034 2138 opprobriis
1052 2103 1169 2129 onerati.

1032 2147 1171 2176 Canticum
1199 2148 1339 2183 graduum.
1368 2147 1505 2176 CXXIII.

1019 2193 1081 2221 Nisi
1099 2194 1162 2229 quia
1178 2194 1306 2221 Dominus
1322 2194 1420 2221 eratin
1440 2193 1523 2220 nobis.

1170 2240 1370 2274 Argumentum.

879 2284 1008 2318 Quintum
1023 2284 1159 2312 canticum
1173 2290 1302 2313 canentes
1317 2285 1364 2320 qui
1379 2285 1406 2312 in
1428 2286 1548 2313 Judaaam
1568 2293 1667 2314 ascen«

913 2330 1020 2359 derunt.
1040 2337 1132 2364 preces
1151 2331 1287 2364 emittunt,
1312 2338 1345 2358 eo
1365 2331 1436 2366 quod
1455 2331 1560 2358 liberati
1576 2331 1631 2358 sint
1651 2338 1666 2357 a

912 2375 1074 2411 captivitate,
1087 2380 1114 2403 et
1127 2375 1161 2402 ab
1173 2376 1291 2404 inimicis
1299 2384 1367 2411 quos
1384 2381 1475 2411 postea
1488 2381 1664 2412 superarunt.

1036 2421 1174 2448 Canticum
1199 2422 1340 2457 graduum.
1368 2422 1498 2449 CXXIV.

948 2467 999 2501 ριη
1015 2468 1150 2502 conﬁdunt
1163 2469 1189 2495 in
1203 2468 1315 2495 Domino
1329 2469 1396 2496 sicut
1419 2477 1493 2496 mons
1515 2468 1588 2496 Sion.

1166 2514 1365 2549 Argumentum.

878 2560 989 2587 Sextum
1005 2561 1141 2588 canticum
1155 2566 1268 2594 canunt,
1284 2565 1429 2596 postquam
1439 2560 1473 2588 ad
1491 2560 1579 2595 ipsum
1588 2559 1666 2588 desi-

911 2606 1033 2633 deratum
1058 2611 1178 2634 montem
1201 2610 1389 2641 pervenerant.
1415 2605 1516 2633 Deinde
1538 2605 1662 2632 videntes

911 2652 1006 2679 urbem
1023 2652 1125 2686 absque
1140 2652 1237 2685 muris,
1255 2659 1365 2679 murum
1379 2651 1430 2686 ipsi
1452 2650 1511 2678 fore
1523 2649 1661 2685 postulant

912 2698 1020 2725 Domini
1035 2699 1179 2731 auxilium,
1192 2699 1292 2734 inquit,
1309 2706 1342 2727 ac
1355 2698 1528 2726 inimicorum
1543 2695 1660 2723 insidias

910 2744 1028 2780 cli‘ugere
1035 2752 1115 2780 posse
1123 2745 1263 2773 conﬁdunt
1275 2753 1323 2774 :ex
1332 2745 1426 2773 eodem
1436 2742 1564 2771 nimirum
1578 2740 1661 2767 auxi-
