1926 3051
242 126 295 155 515
655 125 683 151 S.
707 121 894 150 ATllANASll
914 121 989 148 OPP.
1011 119 1102 147 PARS
1122 119 1164 146 111.
1185 133 1217 138 —
1237 117 1441 146 EXEGETICA.
1813 114 1871 145 5ε6

274 187 313 215 lio
328 186 384 220 Dei,
403 195 411 212 ι
439 186 486 221 qui
501 193 556 213 non
571 186 699 220 relinquit
719 185 823 219 virgam
849 188 1028 217 peccatorum

1122 180 1181 216 pia;
1195 179 1276 206 πάλιν
1284 180 1330 206 τοῦ
1338 179 1418 211 Θεοῦ,
1434 188 1443 204 ι
1458 178 1494 214 μὴ
1511 177 1636 212 ἀφιέντος
1643 176 1693 212 τὴν
1708 176 1810 211 ῥάϐδον
1823 177 1878 203 τῶν

279 240 360 267 super
370 237 471 259 sortem
481 232 615 266 iustorum
633 236 660 258 et
671 235 828 258 sanctorum
841 235 955 255 suorum
969 226 1004 251 ⁸⁸.
1021 235 1030 252 ι

1121 225 1291 260 ἁμαρτωλῶν
1309 225 1355 251 ἐπὶ
1376 224 1421 251 τὸν
1436 223 1537 259 κλῆρον
1555 223 1609 250 τῶν
1631 222 1744 249 δικαίων
1760 222 1811 248 καὶ
1824 221 1877 247 τῶν

1119 272 1204 298 ἁγίων
1218 271 1311 297 αὑτοῦ.
1330 281 1339 297 ι

279 319 305 347 5.
335 318 396 346 Pax
410 326 486 353 super
501 317 596 345 Israel.
619 317 675 344 Pax
691 316 763 343 enim
779 323 841 350 quas
860 321 970 342 omnem
986 321 1035 341 su-

1119 280 1204 305 αγιων
1218 280 1311 297 αυτοῦ.
1330 281 1339 297 ι

1121 317 1234 351 Είρήνη
1251 316 1301 343 ἐπὶ
1328 315 1382 342 τὸν
1406 314 1534 350 Ἰσραήλ.
1568 314 1601 341 Ἦ
1624 313 1677 349 γὰρ
1686 311 1877 349 ’ὑπερέχουσα

244 372 321 402 perat
335 372 452 394 mentem
475 367 513 400 ⁸³,
528 367 552 394 ei
580 367 631 394 soli
660 366 743 393 datur
769 364 816 400 qui
842 367 935 391 mente
952 362 1004 390 vale

1116 362 1176 389 ἱντα
1187 362 1250 389 νοῦν
1264 362 1357 397 εἰρήνη
1370 361 1441 396 μόνῳ
1451 361 1489 396 τῷ
1500 361 1562 387 νοῦν
1575 360 1660 395 ἔχοντι
1672 359 1783 386 δίδοται.
1796 358 1876 385 Ἀλλὰ

244 413 302 440 lmo
320 413 401 440 etiam
419 412 514 441 deletis
527 413 645 440 inimicis
661 412 689 439 hi
703 419 771 447 pace
789 409 965 437 fruebantur.

1115 409 1131 435 ιὶ
1146 406 1197 435 τῶ.
1214 408 1350 443 πολεμίων
1364 407 1542 434 ἀπολωλότων
1552 427 1560 439 ,
1589 402 1662 432 οὗτοι
1682 405 1734 440 τῆς
1762 405 1875 441 εἰρήνης

1084 454 1255 490 ἀπήλαυσαν.

416 500 552 528 Canticum
578 501 717 535 graduum.
752 498 864 528 CXXV.

1247 499 1316 534 ᾭδὴ
1328 498 1387 526 τῶν
1401 496 1586 531 ἀναϐαθμῶν.
1608 497 1705 524 PKE'.

540 546 742 581 Argumentum.
958 540 964 547 ’

958 540 964 547 ’
1392 544 1559 576 ’Υπόθεσις.

247 589 398 626 Septimum
412 591 549 619 canticum
569 596 670 618 canunt
686 591 732 626 qui
749 598 811 618 cum
833 590 866 618 ad
882 590 970 626 ipsam
985 598 1007 617 ω

1114 594 1140 627 ην
1157 591 1274 627 ἑϐδόμην
1290 588 1397 626 ᾅδουσιν
1413 589 1482 625 ᾠδὴν
1501 590 1524 615 οἱ
1540 588 1571 615 τὸ
1592 587 1710 622 ἀσφαλὲς
1723 586 1874 622 ἐσχηκότες

282 635 342 662 bern
357 636 539 670 pervenerim,
554 636 724 663 liberationis
741 643 755 662 a
779 636 937 670 captivitate
951 635 1035 663 certi-

1121 638 1170 672 τῆς
1185 636 1342 672 λυτρώσεως
1356 636 1401 663 διὰ
1415 636 1490 670 τδῖὲν
1507 635 1576 670 αὐτῇ
1596 633 1758 669 γεγενῆσθαι
1775 634 1810 668 τῇ
1828 633 1875 659 πό-

282 681 404 708 tudinem
427 681 537 708 habent.
554 680 660 715 Rogant
679 685 770 708 autem
788 688 838 715 pro
855 680 968 715 reliquis
987 680 1035 714 qui

1119 683 1170 710 λει.
1191 682 1382 716 Παρακαλοῦσι
1397 681 1426 708 δὲ
1451 681 1520 716 ὑπὲρ
1542 681 1596 707 τῶν
1614 679 1731 711 λοιπῶν,
1758 679 1816 705 τῶν
1835 679 1874 705 ἔτι

283 727 374 754 adhuc
397 730 477 754 erant
498 727 526 754 in
552 726 700 762 Babylone,
729 730 759 753 ut
784 726 836 762 ipsi
860 726 943 754 etiam
960 725 1034 753 redi-

1120 728 1203 754 δντων
1219 729 1248 754 ὲν
1261 729 1295 762 τῇ
1312 726 1451 754 Βαὸυλῶνι
1461 746 1468 759 ,
1482 726 1556 758 ὅπως
1571 725 1604 752 ἂν
1618 725 1664 752 καὶ
1677 724 1755 751 αὐτοὶ
1767 724 1873 759 λυτρω-

283 776 433 800 merentur.

1102 774 1111 809 ζ
1122 773 1214 800 θῶσιν.

282 820 314 852 il.
340 818 374 845 In
395 818 565 846 convertenda
582 818 710 845 Dominus
725 818 904 853 captivitatem
917 817 982 844 Sion
996 817 1035 852 [α-

1128 819 1179 846 Ἐν
1196 817 1237 850 τῷ
1258 818 1436 852 ἐπιστρέψαι
1457 818 1565 852 Κύριον
1586 816 1644 851 τὴν
1664 815 1874 850 αὶχμαλευσίαν

249 865 387 891 ctisumun
410 864 480 891 sicut
502 864 643 891 consolati.
674 863 736 890 [lato
763 863 877 898 apostoli
910 870 1009 898 ρι-ιεηυι

1113 863 1162 890 ιὼν
1176 863 1358 898 ἐγενήθημεν
1371 862 1717 897 ἀπεὶπαρακεκλημένοι.
1745 862 1776 888 0i
1807 862 1873 888 ἀπό-

248 911 319 937 tiant
331 910 365 936 de
381 910 479 944 seipsis
495 915 522 936 et
544 909 576 936 de
594 909 729 944 gentibus.
754 907 821 935 Nam
841 908 951 936 Davidis
970 913 1008 935 ten

1113 908 1174 934 τολοι
1187 907 1272 934 ταῦτα
1292 907 1505 943 προφητεύονται
1518 907 1582 942 περὶ
1595 907 1699 933 ἑαυτῶν
1711 907 1759 933 καὶ
1772 907 1830 933 τῶν
1845 907 1873 933 ὲν

248 961 315 988 pore
328 954 401 981 nulla
424 955 568 989 captivitas
588 958 657 981 erat.
682 953 808 981 Fortasse
832 961 898 981 vero
923 955 980 981 hac
1003 963 1008 980 ε

1113 955 1140 985 ﬁt“;
1154 953 1253 980 ἔθνεσι,
1284 953 1362 980 Κατὰ
1377 953 1432 988 γὰρ
1448 953 1511 984 τοὺς
1525 953 1574 980 τοῦ
1589 952 1670 979 Δαυῒδ
1684 953 1800 988 χρόνους
1824 953 1873 980 οὐκ

250 999 385 1034 spirituali
418 1000 577 1035 captivitate
602 999 678 1026 dicit.
716 999 783 1027 lllud
809 999 882 1027 enim
897 1021 905 1034 ,
929 1000 1010 1027 dicent

1112 997 1312 1033 ιαὶχμαλωσία.
1341 998 1417 1033 Τάχα
1435 995 1481 1024 οὖν
1508 998 1571 1033 περὶ
1597 997 1646 1032 τῆς
1664 998 1764 1032 νοητῆς
1786 997 1872 1024 ταῦτὰ

250 1045 373 1073 futurum
388 1045 545 1081 prophetice
559 1046 704 1081 signiﬁcat.

1112 1052 1162 1080 ησι.
1190 1043 1227 1070 Τὸ
1242 1043 1312 1079 γὰρ,
1339 1043 1458 1078 ἐροῦσι,
1480 1043 1654 1079 προφητικῶς
1667 1043 1697 1069 τὸ
1715 1043 1813 1078 μέλλον
1826 1044 1872 1078 δη-

1085 1090 1188 1117 λοῦται.

284 1134 342 1161 2-4.
370 1134 442 1161 Tunc
453 1134 539 1161 dicent
559 1134 628 1161 inter
647 1139 734 1169 gentes
747 1142 756 1160 :
776 1133 956 1169 Magniﬁcavit
979 1132 1036 1160 Do-

1123 1135 1190 1161 Τότε
1204 1134 1327 1169 ἐροῦσιν
1342 1134 1377 1161 ἐν
1391 1134 1454 1167 τοῖς
1469 1134 1603 1161 ἔθνεσιν·
1620 1132 1804 1168 Ἐμετάλννε
1818 1132 1873 1158 Κύ-

251 1181 349 1212 minus,
369 1184 420 1207 etc.
440 1179 497 1207 Hoc
511 1187 562 1207 nos
585 1180 680 1207 multis
704 1180 834 1215 lacrymis
856 1179 1011 1214 deplorandi

1111 1189 1157 1214 ος,
1166 1188 1194 1208 κ.
1204 1188 1230 1207 τ.
1240 1179 1264 1206 λ.
1274 1179 1359 1207 Τοῦτο
1366 1179 1393 1206 δὲ
1401 1181 1474 1215 ἡμᾶς
1481 1179 1698 1215 πολυθρηνήτους
1705 1177 1784 1214 παρὰ
1790 1178 1871 1204 πᾶσιν

251 1233 311 1253 esse
325 1225 359 1252 ab
374 1225 501 1252 omnibus
522 1225 667 1260 signiﬁcat.
687 1223 789 1252 Omnes
812 1225 884 1252 enim
910 1224 957 1251 Dei
981 1232 1008 1251 m

1111 1224 1234 1260 πέφηνεν.
1248 1225 1385 1256 ’Δπαντες
1399 1224 1453 1259 γὰρ
1467 1224 1515 1260 τὴν
1531 1223 1577 1251 τοῦ
1590 1223 1658 1250 Θεοῦ
1672 1221 1871 1259 μεγαλουργίαν

251 1270 434 1305 guilicentiam
458 1269 604 1303 mirantur,
633 1270 707 1304 quod
733 1277 784 1298 nos
810 1277 844 1297 ex
870 1271 967 1297 acerba
990 1270 1009 1296 il

1110 1270 1284 1305 ιυμάζουσιν,
1305 1271 1348 1297 ὅτι
1361 1270 1410 1305 τῆς
1426 1271 1527 1306 πικρᾶς
1540 1270 1646 1305 ἐκείνης
1658 1270 1732 1304 ἡμᾶς
1752 1269 1870 1299 δουλείας

252 1316 384 1342 servitute
397 1315 565 1343 liberaverit.
578 1314 612 1342 Et
622 1322 671 1342 nos
688 1315 798 1349 quidem
811 1315 974 1347 clamamus,
988 1323 1012 1342 nt

1110 1315 1223 1351 ιιι-ἢλλαξε
1232 1324 1239 1331 ·
1253 1316 1300 1343 καὶ
1310 1316 1390 1351 ἡμεῖς
1404 1316 1495 1351 μέντοι
1506 1315 1623 1351 βοῶμεν,
1636 1315 1666 1342 οὐ
1678 1315 1733 1350 γὰρ
1747 1314 1870 1349 ἀναισθη-

253 1367 308 1393 que
321 1361 395 1388 enim
417 1367 547 1388 vacamus
567 1367 662 1392 sensu,
688 1368 750 1388 cum
781 1361 901 1396 reliquos
914 1362 1013 1397 captiw

1110 1361 1186 1396 δῦμεν
1197 1381 1204 1393 ,
1223 1362 1247 1387 εί
1265 1361 1312 1388 καὶ
1331 1362 1367 1397 μὴ
1382 1361 1445 1393 τοὺς
1460 1362 1569 1393 λοιποὺς
1584 1361 1792 1396 ἀπειλήφαμεν·
1811 1360 1870 1395 περὶ

255 1407 376 1434 nondum
405 1407 600 1441 receperimus,
626 1414 676 1442 pro
704 1408 805 1442 quibus
834 1409 871 1435 ita
901 1409 1015 1443 supplic:

1110 1416 1122 1433 ν
1137 1407 1293 1443 ἱκετεύομεν
1304 1407 1428 1441 λέγοντες
1440 1415 1447 1422 ·
1468 1407 1678 1441 Ἐπίστρεψον,
1694 1407 1801 1441 Κύριε,
1817 1406 1870 1440 τὴν

253 1460 315 1479 mus
329 1461 336 1478 :
353 1451 486 1484 Converte,
496 1451 614 1484 Domine,
635 1453 815 1487 captivitatem
828 1458 948 1480 nostram
968 1453 1013 1480 sict

1106 1454 1292 1488 ὶχμαλωσίαν
1314 1453 1400 1488 ήμῶν
1421 1454 1461 1486 ὡς
1479 1453 1656 1488 χειμάρρους
1670 1453 1705 1479 ἐν
1727 1450 1770 1484 τῷ
1785 1453 1866 1485 νότῳ.

255 1503 356 1524 torrens
371 1497 398 1524 in
427 1502 526 1524 austro.
552 1496 600 1524 His
625 1497 778 1532 signiﬁcant
801 1505 926 1533 magnam
947 1499 1015 1526 adhu

1108 1499 1199 1534 ηλοῦσι
1213 1498 1244 1525 τὸ
1267 1498 1334 1525 πολὺ
1350 1498 1452 1533 πλῆθος
1468 1499 1646 1534 ὲναπομεϊναν
1669 1499 1697 1524 ὲν
1719 1498 1868 1528 Βαϐυλῶνι,

255 1544 456 1571 multitudinem
472 1544 498 1570 in
516 1543 652 1578 Babylone
667 1551 821 1576 remanere,
836 1545 872 1571 ita
886 1548 917 1571 ut
933 1544 1015 1571 reditu

1117 1525 1123 1534 .
1399 1525 1404 1533 .
1442 1525 1450 1530 .
1554 1525 1560 1534 .
1864 1525 1868 1528 ,

1110 1544 1184 1584 ςνκαὶ
1197 1545 1246 1580 τὴν
1262 1544 1427 1580 ἐπιστροφὴν
1452 1543 1533 1571 αὐτοῦ
1544 1565 1551 1577 ,
1577 1544 1755 1580 παρεικὰζιιν
1776 1544 1870 1574 αὐτοὺς

254 1591 314 1626 ejus
338 1590 457 1626 Egyptii
481 1590 602 1618 ﬂuminis
636 1591 762 1618 decursui
798 1591 895 1618 similis
920 1590 1010 1618 dicatu

1111 1589 1124 1625 ί)
1139 1589 1255 1625 ῥεύματι
1270 1589 1317 1616 τοῦ
1333 1589 1483 1624 Αἰγυπτίου
1499 1589 1633 1625 ποταμοῦ.
1657 1589 1742 1616 Νότον
1756 1590 1811 1624 τὰρ
1823 1590 1871 1624 τὴν

256 1638 356 1665 Auster
370 1637 414 1664 hic
428 1636 566 1664 desertum
583 1636 691 1663 dicitur.

539 1644 566 1663 m
583 1636 691 1663 dicitur.
1087 1635 1189 1671 ἔρημόν
1205 1644 1296 1671 φησιν.

291 1683 317 1715 5,
344 1682 371 1710 6.
399 1682 452 1715 Qui
476 1683 606 1710 seminam
629 1683 656 1708 in
672 1681 795 1716 lacrymis
812 1682 839 1708 in
863 1681 1039 1708 exsultatione

1125 1683 1157 1708 Ol
1172 1682 1347 1716 σπείροντες
1361 1681 1396 1708 ἐν
1411 1681 1472 1714 τοῖς
1484 1680 1632 1716 δάκρυσιν
1646 1681 1681 1708 ἐν
1695 1681 1870 1715 ἀγαλλιάσει

255 1734 359 1755 metent.
376 1727 474 1754 Euntes
494 1728 566 1754 ibant
584 1732 608 1754 et
622 1727 729 1762 ﬂebant.
747 1727 917 1762 Rogantibus
932 1734 981 1761 pro
993 1735 1015 1754 Γ(

1108 1726 1228 1760 εριοῦσι.
1261 1727 1457 1761 Πορευόμενοι
1477 1726 1654 1761 ἐπορεύοντο
1674 1727 1723 1753 καὶ
1739 1727 1868 1754 ἔκλαιον.

255 1775 346 1809 liquiis
361 1774 540 1809 captivorum,
558 1773 703 1807 respondet
717 1772 834 1807 Spiritus
854 1772 1015 1807 propheticu:

1110 1773 1151 1804 οῖς
1174 1772 1332 1807 εὐξαμένοις
1355 1772 1419 1806 περὶ
1440 1771 1494 1798 τῶν
1512 1772 1684 1798 καταλοίπων
1696 1772 1869 1807 ἀποκρίνεται

255 1825 283 1846 et
296 1820 352 1846 ait:
369 1819 398 1847 Si
416 1819 539 1847 ﬂeverint
554 1827 603 1854 pro
618 1820 652 1846 iis
674 1819 721 1854 qui
739 1818 767 1845 in
789 1818 926 1854 Babylone
944 1826 1015 1854 supel

1110 1821 1117 1842 δ
1131 1818 1298 1852 προφητικὸν
1312 1816 1433 1852 Πνεῦμα,
1448 1816 1496 1844 καί
1509 1825 1600 1853 φησιν,
1614 1817 1666 1848 ὅτι,
1682 1817 1714 1843 El
1727 1817 1870 1844 κλαύσαιεν

255 1869 331 1898 sunt,
347 1865 451 1892 reditus
470 1864 523 1892 illis
536 1864 708 1892 concedetur.

1108 1862 1157 1898 πὲρ
1183 1862 1238 1888 τῶν
1262 1864 1291 1889 ὲν
1322 1862 1477 1897 Βαϐυλῶνι,
1506 1862 1581 1889 ἔσται
1603 1863 1651 1889 καὶ
1663 1863 1756 1894 αὐτοῖς
1771 1865 1788 1899 ἡ
1812 1864 1868 1889 Em.

1089 1909 1205 1945 στροφὴ.

337 1953 475 1980 Canticum
499 1955 630 1989 graduum
657 1953 804 1982 Salomoni.
831 1954 961 1983 CXXVI.

1132 1953 1201 1989 ᾬδὴ
1218 1954 1278 1981 τῶν
1291 1954 1469 1990 ἀναϐαθμῶν
1481 1954 1522 1987 τῷ
1535 1954 1697 1989 Σολομῶνι.
1726 1954 1806 1987 Ρκς
1821 1972 1828 1980 .

543 2000 744 2035 Argumentum.

1396 2001 1404 2010 '
1409 2001 1549 2033 Υπόθεσις

256 2045 385 2072 Octavum
399 2045 506 2073 canitur
525 2046 661 2073 canticum
677 2047 759 2081 iactis
772 2046 956 2074 fundamentis
971 2050 1016 2074 ten

1109 2047 1128 2073 Η
1143 2046 1222 2082 ὀγδόη
1236 2047 1327 2082 ᾅδεται
1344 2047 1408 2082 ᾠδὴ,
1423 2046 1669 2081 καταὸεὸλημένων
1685 2046 1747 2081 ἠδη
1762 2045 1817 2072 τῶν
1830 2046 1869 2072 θε-

291 2090 340 2125 pli,
360 2090 536 2125 sperantibus
548 2090 649 2118 ludatis
662 2090 721 2118 fore
737 2096 767 2118 ut
780 2091 924 2119 aediﬁcium
940 2093 1039 2119 immo-

1124 2092 1223 2127 μελίων
1246 2092 1293 2119 τοῦ
1318 2092 1391 2128 ἱεροῦ
1404 2101 1410 2107 ·
1428 2092 1592 2124 ἐλπιζόντων
1608 2091 1778 2118 ἁδιάσειστον
1803 2089 1869 2118 εἶναι

292 2140 351 2162 tum
370 2143 478 2170 semper
501 2141 632 2163 maneret.
656 2136 784 2164 Latenter
806 2137 888 2172 igitur
913 2145 1040 2173 praenun-

1122 2136 1154 2163 τὸ
1169 2137 1307 2172 τείχισμα.
1329 2136 1486 2172 Λεληθότως
1504 2133 1550 2163 οὖν
1568 2135 1732 2171 προφητεύει
1747 2135 1797 2170 τὴν
1813 2135 1868 2161 ἐσο-

297 2182 348 2209 tiat
361 2181 483 2209 futurum
498 2182 557 2216 ejus
571 2182 660 2208 denuo
680 2183 730 2210 sub
745 2182 876 2210 Romanis
890 2183 1036 2210 excidium.
1050 2192 1057 2223 ι

1125 2181 1209 2217 μένην
1226 2182 1308 2208 αὑτοῦ
1329 2182 1432 2208 πτῶσιν
1447 2181 1526 2208 πάλιν
1541 2181 1587 2207 ἐπὶ
1602 2180 1650 2215 τῆς
1668 2180 1811 2215 Ῥωμαίων
1824 2180 1868 2215 ἀρ-

292 2227 444 2262 Adjicitque
466 2227 634 2261 prophetiam
661 2227 693 2254 de
716 2227 817 2255 Christi
834 2227 966 2256 Ecclesia.
989 2227 1038 2256 Ca-

1124 2227 1185 2262 χῆς.
1209 2227 1343 2253 Συνάπτει
1356 2226 1385 2253 δὲ
1408 2226 1454 2253 καὶ
1477 2225 1643 2262 προφητείαν
1663 2225 1791 2261 περὶτῆς
1806 2225 1867 2261 Χρι-

297 2273 372 2299 nitur
389 2280 469 2307 porro
485 2273 641 2307 prophetice
654 2280 669 2300 a
687 2272 842 2301 Salomone.
860 2273 936 2301 Sicut
954 2274 1038 2301 etiam

1125 2273 1188 2300 στοῦ
1209 2273 1379 2308 Ἐκκλησίας·
1399 2273 1509 2308 ’ᾼδεται
1522 2272 1551 2299 δὲ
1567 2271 1743 2308 προφητικῶς
1756 2271 1808 2298 ὑπὸ
1825 2271 1867 2298 τοῦ

299 2324 393 2343 revera
417 2317 502 2351 aliqui
524 2317 622 2351 psalmi
650 2317 788 2345 Zachariae
815 2322 880 2346 sunt
894 2323 921 2345 et
935 2318 1035 2353 Aggai.

1124 2319 1292 2354 Σολομῶνος·
1319 2319 1444 2354 καθάπερ
1474 2318 1569 2354 ἀμέλει
1591 2318 1639 2344 καὶ
1660 2317 1793 2353 Ζαχαρίου
1819 2317 1868 2344 εἰσὶ

299 2362 398 2390 Octava
417 2368 507 2390 autem
521 2363 582 2397 jure
599 2363 766 2398 intelligatur
787 2372 848 2392 esse
872 2364 1037 2399 principium

1123 2364 1226 2399 ψαλμοὶ
1238 2365 1283 2390 καὶ
1302 2364 1439 2398 Ἀγγαίου.
1475 2364 1509 2390 Ἦ
1523 2363 1552 2390 δὲ
1573 2362 1653 2398 ὀγδόη
1675 2363 1789 2394 εἰκότως
1802 2362 1867 2398 ἀρχὴ

298 2407 366 2435 Novi
387 2407 564 2436 Testamenti.

1124 2410 1173 2446 τῆς
1187 2410 1259 2442 Νέας
1272 2410 1417 2446 Διαθήκης.

292 2454 318 2481 Ι.
349 2453 411 2481 Nisi
438 2454 566 2481 Dominus
581 2455 751 2490 wdiﬁcaverit
767 2455 886 2488 domum,
901 2457 930 2483 in
941 2465 1039 2485 vanum

1129 2456 1200 2483 Ἐὰν·
1213 2456 1256 2491 μὴ
1272 2457 1380 2490 Κύριος
1393 2455 1576 2490 οἱκοδομήσῃ
1591 2453 1692 2487 οῚκον,
1707 2456 1752 2488 εις
1774 2454 1867 2489 μάτην

257 2501 440 2542 laboraverunt
452 2501 496 2535 qui
515 2501 650 2535 ludiﬁcant
663 2510 730 2529 eam.
747 2501 810 2529 Haec
825 2500 926 2530 Iudaeis
942 2503 990 2537 ait,
1005 2503 1017 2531 d

1106 2501 1253 2529 κοπίασαν
1266 2503 1292 2528 at
1306 2501 1540 2536 οἰκοδομοῦντες.
1554 2501 1597 2533 Ὧς
1613 2501 1684 2536 μέγα
1705 2500 1866 2535 φρονούντων

257 2546 384 2575 ﬁrmitate
397 2547 504 2575 aediﬁcii
518 2548 561 2575 sui
574 2548 628 2575 alte
645 2548 836 2576 sentientibus.

1105 2547 1140 2573 ὦν
1160 2547 1295 2574 Ἰουδαίων
1324 2547 1370 2574 ἐπὶ
1388 2547 1429 2582 τῷ
1448 2546 1550 2582 στερεῷ
1574 2547 1625 2582 τῆς
1650 2546 1808 2581 οἰκοδομῆς.
1835 2545 1865 2571 τὰ

248 2595 252 2597 ’
1086 2591 1196 2619 τοιαῦτά
1207 2601 1298 2627 φησιν.

290 2636 318 2663 5.
333 2635 399 2663 Cum
411 2636 510 2663 dederit
519 2637 623 2664 dilectis
631 2637 685 2664 suis
693 2646 822 2670 somnum.
832 2646 889 2666 ecce
895 2638 1036 2667 hwreditas

1126 2637 1219 2664 ὀταν
1235 2636 1277 2669 δῷ
1293 2637 1355 2670 τοῖς
1378 2638 1541 2672 ἁταπητοις
1558 2636 1653 2665 αὐτοῦ
1677 2636 1787 2669 ὕπνον,
1807 2634 1863 2662 loci:

257 2681 374 2715 Domini,
390 2681 450 2717 filii.
466 2682 525 2709 Alte
539 2683 572 2710 dc
592 2684 692 2718 templo
708 2684 791 2711 nolite
808 2684 918 2718 sentire,
938 2685 1017 2721 inqui:

1101 2683 1306 2717 ἧκληρονομια
1329 2684 1439 2717 Κυρίου
1453 2703 1461 2714 ,
1488 2683 1556 2710 υἱοί.
1580 2682 1626 2718 Μὴ
1644 2682 1714 2718 μέγα
1739 2683 1861 2717 φρονεῖτε.

257 2728 336 2762 quasi
353 2728 380 2755 in
397 2728 444 2755 illo
458 2728 535 2756 vobis
556 2729 699 2758 hmreditas
723 2730 795 2763 data:
812 2731 857 2758 sit.
879 2730 981 2759 Verum
1004 2739 1017 2759 e

1103 2729 1174 2764 mal»
1185 2749 1193 2761 ,
1207 2729 1254 2755 ἐπὶ
1276 2729 1316 2765 τῷ
1332 2729 1416 2765 ίερῷ,
1436 2729 1474 2761 ὡς
1496 2730 1524 2756 ὲν
1538 2728 1612 2764 αὐτῷ
1625 2728 1676 2764 τῆς
1693 2727 1863 2764 κληρονομίας

297 2824 320 2841 ⁸⁵
345 2824 420 2853 Vers.
438 2827 464 2854 5.
506 2827 528 2842 ⁸³
553 2826 669 2862 Philipp.
702 2836 738 2859 ιγ,
757 2830 781 2854 7.
