1926 3051
36 123 97 152 317

591 122 776 151 EXPOSITIO
790 121 826 149 IN
846 121 1014 150 PSALMUM
1034 121 1152 149 CXXIX.

1616 120 1670 147 518

44 182 123 218 ὑμῶν
133 181 287 217 διδομένης.
305 181 341 208 οὺ
358 181 412 217 γὰρ
424 181 496 208 ἐστιν
512 181 590 218 αὕτη.
615 182 685 208 Ἀλλ’
696 183 759 209 ὅταν
769 183 834 209 ἀνα-

896 182 1028 209 uercditas
1050 188 1112 208 vere
1127 188 1180 207 non
1204 185 1254 207 est.
1275 181 1309 206 At
1332 187 1393 207 cum
1410 180 1523 207 dilectos
1545 186 1610 205 suos
1634 185 1669 205 ex

44 228 137 263 παύσῃ
162 229 225 259 τοὺς
251 228 443 263 ἡγαπημένους
469 227 550 254 αὑτοῦ
578 229 611 254 ἐκ
626 227 673 255 τοῦ
701 228 833 264 προτέρου

42 274 131 306 λαοῦ,
156 274 278 300 τουτέστι
303 273 366 304 τοὺς
392 274 550 309 προφήτας·
568 274 628 300 τότε
651 275 707 305 τοῖς
729 275 832 300 ἐκείνου

42 319 116 346 υἱέσι
135 319 183 354 τὴν
197 319 379 354 κληρονομίαν
391 318 480 346 δώσει.
510 319 588 350 Τίνες
599 319 620 345 δ’
632 318 664 345 ἂν
681 317 735 345 εἶεν
759 316 832 345 οὗτοι

41 364 59 400 ἢ
77 365 103 391 oi
121 365 258 400 μαθηταίς
277 364 382 399 ((Ιονά.)
405 365 437 391 Ἡ
454 365 508 400 γὰρ
523 365 581 391 θεία
609 365 769 400 ὑπόσχεσις,
785 365 832 392 καὶ

42 412 59 445 ὴ
71 411 138 446 περὶ
150 412 212 442 τοὺς
228 410 324 443 παῖδας
339 410 458 444 εὐλογία,
474 411 598 447 καθάπερ
612 420 653 442 τις
668 411 761 446 μισθὸς
777 412 833 442 τοῖς

42 457 88 482 ἐπ’
106 456 187 483 αὑτὸν
203 456 331 491 ἠλπικόσι
347 456 505 492 δεδώρηται.
527 457 558 483 '0
569 457 678 491 μισθὸς
693 457 746 484 τοῦ
765 465 833 491 καρ-

42 501 104 528 ποῦ
130 501 185 535 τῆς
205 503 345 536 γαστρός.
379 502 409 527 '0
424 502 528 536 καρπὸς
542 502 592 537 τῆς
607 503 723 538 γαστρὸς
738 502 779 538 εἴη
799 503 832 530 ἂν

43 548 59 582 ἡ
78 548 202 582 σωτηρία
228 547 276 574 τοῦ
293 547 458 583 πνεύματος,
470 548 540 574 κατὰ
558 547 602 574 τό·
636 547 833 583 Ὠδινήσαμεν

43 593 92 618 καὶ
116 592 258 627 ἐτέκομεν
273 593 390 627 πνεῦμα
413 593 580 626 σωτηρίας,
610 592 626 619 ὃ
646 593 833 628 ἐποιήσαμεν

885 227 976 262 priore
991 227 1092 261 populo
1107 226 1276 260 requiescere
1291 224 1395 258 fecerit,
1410 225 1436 252 id
1449 229 1490 252 est
1505 224 1666 259 prophetas,

885 278 951 300 tunc
976 273 1039 300 filiis
1070 273 1127 300 suis
1151 272 1334 299 harreditatem
1359 272 1473 299 daturus
1494 275 1546 298 est.
1568 269 1670 304 Ecqui-

884 327 947 346 nam
976 320 994 346 ii
1008 318 1117 351 fuerint,
1133 318 1185 345 nisi
1202 317 1352 352 discipuli?
1369 317 1474 352 (Cord.)
1488 315 1555 343 Nam
1577 315 1669 342 divina

885 365 1044 400 promissio,
1063 369 1090 391 et
1114 371 1262 399 puerorum
1288 363 1450 397 benedictio,
1479 370 1530 389 ccu
1546 361 1668 396 quaedam

885 418 991 437 merces
1005 410 1180 445 sperantibus
1200 409 1227 436 in
1252 416 1314 437 eum
1335 409 1397 436 data
1412 412 1463 436 est.
1489 407 1588 434 Merces
1613 406 1671 441 fru-

885 461 942 483 ctus
960 457 1066 483 ventris.
1098 455 1215 483 Fructus
1242 455 1345 482 ventris
1370 459 1411 482 est
1441 454 1517 481 salus
1543 453 1670 488 spiritus,

883 503 961 538 juxta
986 503 1074 530 illud:
1100 502 1296 529 Parturivimuc
1326 506 1350 528 et
1375 501 1521 536 peperimus
1547 499 1670 533 spiritum

885 548 992 581 salutis,
1012 556 1088 583 quem
1116 548 1224 582 fecimus
1240 548 1267 574 in
1285 552 1355 574 terra
1371 546 1403 573 ".
1422 545 1541 580 Hujusce
1564 544 1671 570 fructus

885 602 1001 627 merces,
1015 599 1044 622 ut
1057 597 1083 621 et
1098 594 1243 621 haareditas
1256 593 1376 625 dabitur,
1397 593 1502 620 scilicet
1512 589 1634 625 adoptio.

41 636 92 663 ἐπὶ
107 636 165 671 τῆς
177 637 244 672 τῆς.
269 637 369 665 Τούτου
387 636 432 663 τοῦ
447 637 553 673 καρποῦ
572 637 665 673 μισθὸς
678 637 771 673 ὥσπερ
783 638 831 665 καὶ
846 639 1012 675 κληρονομία
1026 639 1166 674 δοθήσεται
1179 640 1194 674 ή
1210 639 1339 666 υἱοθεσία.

84 682 167 710 Ὠσεὶ
192 683 272 718 βέλη
298 684 333 710 ἐν
358 685 432 719 χειρὶ
455 685 603 717 δυνατοῦ,
619 684 711 717 οὓτως
733 686 758 711 ol
772 684 829 710 υἱοὶ

43 728 103 754 τῶν
119 728 382 763 ἐκτετιναγμένων.
401 729 657 765 Ἐκτετιναγμένους
671 730 733 762 τοὺς
744 731 833 766 ’ἀπορ-

43 775 176 809 ριςέντας
188 775 254 810 φησὶ
266 775 312 802 τοῦ
328 776 461 812 προτέρου
471 776 536 803 λαοῦ
549 785 555 791 ·
570 773 607 804 ὧν
623 777 648 802 οἱ
667 778 719 803 uio‘t
731 797 738 809 ,
756 785 834 803 τουτ-
852 802 858 807 ,

42 821 117 847 ἐστιν
131 821 158 847 οἱ
173 821 331 856 ἀπόστολοι,
346 823 472 857 γεγόνασι
490 823 553 859 βέλη
568 823 618 850 τοῦ
633 822 756 850 δυνατοῦ.
792 823 830 849 Δι’

43 867 134 893 αὐτῶν
149 868 198 899 τὰς
211 869 399 904 ἀντικειμένας
413 869 541 904 δυνάμεις
558 869 760 902 κατετόξευσεν.

78 913 230 948 Μακάριος
245 914 279 948 ὃς
291 915 441 949 πληρώσει
455 915 513 949 τὴν
524 915 682 950 ἐπιθυμίαν
693 915 786 942 αὐτοῦ
797 915 832 947 ἐξ

43 957 154 984 αὐτῶν.
190 959 234 992 Ἐξ
252 959 341 986 αὐτῶν
357 960 502 995 μακαρίζει
520 961 584 992 τοὺς
600 962 632 987 ἐκ
643 961 692 995 τῆς
706 961 833 987 διδασκα-

43 1003 103 1035 λίας
126 1004 397 1041 ὠφεληθησομένους.
442 1007 483 1033 οὐ
509 1006 831 1041 καταισχυνθήσονται,

43 1048 116 1075 ὅταν
144 1049 261 1077 λαλῶσι
296 1051 359 1084 τοῖς
383 1051 501 1086 ἐχθροῖς
523 1051 622 1078 αὐτῶν
648 1051 684 1078 ἐν
710 1051 831 1084 πύλαις.

45 1094 143 1130 Σαφῶς
156 1095 205 1131 τὴν
218 1097 370 1131 παρουσίαν
382 1098 429 1124 τοῦ
445 1096 619 1133 κηρύγματος
632 1096 716 1131 δηλοῖ.

208 1142 279 1177 ’ῼδὴ
295 1142 354 1169 τῶν
369 1141 555 1178 ἀναϐαθμῶν.
583 1143 672 1169 ΡΚΖ’.

355 1191 362 1200 '
368 1191 522 1223 Υπόθεσις.

49 1236 81 1262 Ἠ
97 1236 197 1270 ὲννάτη
209 1235 266 1271 ᾠδὴ
283 1235 428 1272 μακαρίζει
442 1236 488 1262 τὸν
507 1235 688 1271 προσελθόντα
706 1235 745 1271 τῷ
758 1235 833 1271 φόϐῳ

82 1280 130 1307 τοῦ
143 1280 224 1307 Θεοῦ.
239 1281 360 1314 Εἰκότως
369 1281 398 1308 δὲ
413 1281 482 1317 μετὰ
494 1281 542 1317 τὴν
556 1281 690 1314 ἀνάδειξιν
704 1282 758 1309 τῶν
770 1282 835 1309 ἀπο-

83 1326 186 1354 στόλων
204 1327 350 1363 μακαρίζει
365 1328 429 1360 τοὺς
442 1327 648 1361 πιστεύσαντας.

77 1416 224 1451 Μακάριοι
241 1417 352 1451 πάντες
364 1419 392 1444 οι
405 1419 582 1453 φοϐούμενοι
593 1419 647 1446 τὸν
660 1420 778 1454 Κύριον.
793 1419 798 1422 ”

85 1463 121 1488 Ἡ
131 1461 210 1496 γυνή
224 1470 282 1489 trav
295 1463 334 1495 ὡς
345 1463 479 1497 ἄμπελος
488 1464 668 1498 abem-often.
682 1464 727 1499 Τῷ
737 1464 834 1499 φοϐου-

44 1507 119 1542 μένῳ
130 1507 178 1534 τὸν
189 1507 292 1543 Κύριον
308 1507 394 1543 δῶρον
410 1508 507 1535 δίδοται
528 1509 576 1543 οὐχ
592 1510 609 1544 ἡ
620 1509 738 1544 τυχοῦσα
751 1509 831 1545 γυνὴ,

919 686 946 713 4.
979 685 1055 713 Sicut
1080 686 1184 720 sagitta:
1198 685 1226 711 in
1251 693 1331 711 manu
1344 683 1465 719 potentir,
1483 683 1522 710 ita
1546 682 1597 716 ﬁlii
1621 689 1670 709 cx-

885 739 1030 758 cuscarum.
1063 731 1200 758 Excussos
1227 734 1308 758 vocat
1330 737 1377 757 eos
1401 737 1433 756 ex
1457 730 1547 764 priore
1572 727 1672 762 popqu

884 778 930 813 qui
956 777 1055 812 abjecti
1084 781 1158 805 sunt.
1185 775 1308 809 Quorum
1338 776 1397 807 ﬁlii,
1415 775 1519 803 scilicet
1542 774 1670 809 apostoli,

879 823 960 850 fuere
972 823 1077 854 sagittae
1093 823 1220 857 potentis.
1241 821 1320 850 Hisce
1340 821 1413 849 enim
1431 820 1603 848 adversarias
1618 827 1670 855 po-

883 874 995 897 testates
1013 869 1090 904 quasi
1111 868 1220 904 sagittis
1242 868 1371 896 confecit.

917 915 945 942 5.
969 914 1067 941 Beatus
1090 916 1131 941 uir
1153 915 1198 949 qui
1219 914 1334 948 implevit
1353 913 1513 940 desiderium
1535 921 1613 941 suum
1638 922 1670 942 ea:

881 959 955 994 ipsis.
969 959 1065 987 Beatos
1077 959 1207 994 praedicat
1219 967 1266 986 eos
1280 959 1327 994 qui
1341 965 1375 985 ex
1384 958 1508 985 doctrina
1523 959 1669 986 utilitatem

882 1004 1040 1039 percipient.
1057 1003 1120 1030 Non
1135 1004 1329 1038 confundeutur
1349 1011 1409 1029 cum
1423 1003 1562 1037 loquentur
1581 1004 1669 1030 inimi-

881 1051 920 1078 ci:
932 1051 987 1077 uti:
1010 1051 1039 1077 in
1061 1051 1156 1085 portis.
1181 1050 1282 1085 Aperte
1304 1049 1506 1084 praedicationis
1520 1049 1668 1077 adventum

883 1096 1028 1132 signiﬁcat.

1039 1141 1179 1169 Canticum
1204 1141 1346 1177 graduum.
1363 1140 1438 1169 CXX
1445 1140 1501 1168 γιι

1175 1187 1375 1222 Argumentum.

882 1233 989 1262 Nonum
1002 1233 1140 1262 canticum
1154 1233 1263 1261 beatum
1278 1233 1407 1268 praedicat
1421 1240 1484 1260 eum
1504 1233 1551 1268 qui
1567 1233 1673 1261 accedit

918 1279 952 1307 ad
968 1279 1095 1307 timorem
1111 1279 1168 1307 Dei.
1183 1278 1248 1306 Jure
1263 1283 1356 1306 autem
1376 1283 1520 1314 postquam
1533 1279 1672 1314 apostolos

919 1324 1028 1353 futuros
1041 1325 1201 1359 declaravit,
1216 1325 1312 1352 beatos
1326 1324 1458 1360 pmdicat
1473 1316 1522 1352 eos
1543 1325 1592 1360 qui
1612 1333 1673 1353 cre-

917 1371 1056 1399 diderunt.

917 1417 944 1444 ί.
973 1417 1051 1444 Beati
1071 1425 1160 1444 omnes
1182 1416 1228 1452 qui
1250 1416 1342 1443 timent
1365 1415 1520 1446 Dominum.

917 1463 944 1490 3.
973 1462 1046 1490 Uxor
1061 1467 1108 1489 tua
1121 1463 1190 1490 sicut
1206 1462 1266 1489 vitis
1287 1462 1434 1490 abundans.
1454 1462 1571 1491 Timenti
1587 1463 1673 1492 Deum

884 1507 956 1535 dono
969 1502 1050 1536 datur
1078 1515 1134 1536 non
1162 1508 1264 1543 quaevis
1293 1508 1401 1542 mulier,
1430 1509 1476 1536 sed
1502 1516 1564 1544 qua
1593 1509 1673 1538 bonis

43 1553 102 1579 ἁλλ’
113 1555 130 1588 ἡ
144 1554 260 1589 καρποῖς
270 1554 382 1588 ἀγαθοῖς
396 1554 601 1590 κεκοσμημένη,
616 1554 688 1590 Γυνὴ
700 1554 754 1590 γὰρ
766 1555 834 1589 ἀγα‹

896 1554 1021 1582 'ructibus
1051 1559 1147 1582 ornata
1179 1555 1226 1583 sit.
1254 1553 1323 1582 Nam
1353 1556 1423 1582 bona
1452 1556 1568 1588 mulier,
1601 1556 1673 1584 bona

45 1598 78 1633 δὴ
94 1599 176 1634 μερὶς
190 1598 290 1634 ἀγαθή.

79 1643 135 1670 Καὶ
165 1642 242 1676 ἴδοις
266 1644 303 1671 τὰ
324 1644 420 1679 ἀγαθὰ
447 1643 646 1679 Ἰερουσαλὴμ
665 1644 766 1678 πάσας
781 1644 835 1678 τὰς

44 1689 160 1724 ἡμέρας
183 1689 240 1725 τῆς
265 1689 339 1724 ζωῆς
366 1697 436 1719 σου.
466 1690 508 1717 Τὰ
531 1690 613 1726 νοητὰ
641 1690 777 1726 δηλονότι’
799 1691 835 1718 Ἃ

47 1735 203 1771 geuge;-
220 1736 277 1762 οὐκ
293 1733 365 1768 οἶδε,
378 1735 470 1762 καὶτὰ
489 1735 562 1771 ἑξῆς.

81 1780 135 1807 Καὶ
155 1780 230 1813 ἴδοις
245 1780 329 1813 υἱοὺς
342 1780 402 1807 τῶν
421 1779 494 1808 υιῶν
505 1789 581 1813 σου,
596 1780 698 1816 εἰρήνη
721 1780 770 1807 ἐπὶ
783 1780 836 1807 τὸν

55 1825 188 1859 Ἰσραήλ.
205 1825 260 1856 Τὰς
277 1826 442 1860 ἐπαγγελίας
460 1826 543 1860 λέγει.
575 1826 679 1862 ’Ὠσπερ
695 1825 750 1861 γὰρ
762 1825 838 1861 πρῶ-

46 1880 87 1898 τοι
105 1871 208 1906 καρποὶ
224 1871 273 1906 τῆς
291 1871 430 1906 θεοφιλοῦς
448 1871 536 1907 ψυχῆς
555 1872 608 1898 είσι
621 1871 655 1898 τὰ
668 1872 836 1908 γεννήματα,

46 1917 133 1949 οὓτως
151 1917 199 1944 καὶ
217 1917 338 1953 δεύτεροι
354 1919 381 1944 αί
399 1917 570 1952 ἐπαγγελίαι.

215 1963 284 1998 ’ῼδὴ
300 1963 359 1990 τῶν
373 1963 560 1998 ἀναϐαθμῶν.
585 1964 678 1991 ΡΚΗ’.

363 2007 370 2016 ¹
377 2008 531 2040 Υπόθεσις.

57 2053 87 2081 Ἦ
99 2054 203 2089 δεκάτη
214 2053 270 2089 ᾠδὴ
283 2052 346 2085 τοὺς
359 2053 472 2085 πολλοὺς
497 2053 631 2089 διωγμοὺς
655 2055 695 2090 τῷ
720 2055 838 2090 Χριστοῦ

84 2099 141 2135 λαῷ
159 2099 328 2131 ἐκδιδάσκει,
353 2098 401 2125 καὶ
426 2098 520 2134 ὥσπερ
539 2099 628 2126 πάντα
651 2100 838 2136 ὐπερπηδήσει

84 2145 218 2182 κρείττων
229 2145 274 2172 ἀεὶ
283 2144 336 2171 τῶν
350 2144 576 2172 ἐπιϐουλευόντων
591 2146 745 2181 γενόμενος.
770 2145 839 2173 Τοῦ-

82 2192 113 2220 τό
125 2200 195 2228 φησι
211 2191 255 2219 διὰ
264 2191 294 2218 τὸ
309 2192 357 2218 ἀπ’
366 2191 453 2227 ἀρχῆς
467 2191 515 2218 τοῦ
525 2191 703 2228 κηρύγματος
712 2192 838 2228 γενέσθαι

82 2239 147 2270 τοὺς
165 2236 312 2272 διιυγμοὺς.

83 2282 252 2316 ausorum
280 2281 474 2317 ἐπολέμησάν
494 2291 532 2318 με
550 2302 558 2310 .
575 2303 583 2310 .
604 2302 612 2311 .
630 2303 637 2310 .
661 2283 769 2318 Κύριος
794 2283 838 2310 δί-

49 2338 132 2363 νιιιος
155 2329 340 2364 συνέτριψεν
362 2328 494 2363 αὐχένας
518 2329 710 2363 ἁμαρτωλῶν.
734 2329 838 2362 Πάντες

50 2375 105 2411 γὰρ
117 2377 142 2402 οἱ
157 2374 303 2407 διώξαντες
315 2373 394 2401 κακοὶ
411 2374 503 2405 κακῶς
515 2373 690 2402 ἀπολοῦνται.

216 2420 287 2456 mi;
304 2419 362 2447 τῶν
379 2419 564 2455 ἀναϐαθμῶν.
581 2421 671 2448 Ρκθσ.

366 2466 373 2475 ⁸
380 2466 536 2499 Υπόθεσις.

56 2512 91 2539 Ἦ
107 2512 241 2547 ἑνδεκάτη
247 2511 303 2547 ᾠδὴ
319 2511 402 2548 εὐχὴν
412 2511 534 2547 περιέχει
545 2512 700 2548 μαρτύρων,
715 2513 762 2540 καὶ
771 2512 841 2540 διδα-

89 2558 201 2585 σκαλίαν
226 2558 444 2593 ἐξομολογήσεως
465 2557 505 2593 τῷ
520 2558 574 2593 νέῳ
596 2557 663 2594 λαῷ.
690 2558 787 2593 Σαφῶς
810 2558 841 2585 δὲ

87 2605 190 2640 ἀρετῆς
214 2604 327 2640 ἱλασμὸν
350 2604 494 2639 κηρύσσει,
510 2604 540 2636 ὃς
564 2605 622 2631 ἐστι
646 2605 774 2640 Χριστός.
789 2605 841 2631 Ile-

87 2651 118 2686 ρὶ
130 2650 214 2677 αὑτοῦ
229 2650 284 2686 γὰρ
299 2650 422 2686 είρηταν
441 2651 496 2678 Kal
513 2650 604 2684 αὐτὸς
624 2652 752 2685 ἱλασμός
775 2651 841 2678 ἐστι

89 2697 159 2732 περὶ
169 2697 230 2724 τῶν
240 2698 390 2732 ἁμαρτιῶν
403 2698 498 2732 ἡμῶν.

95 2743 148 2772 Ἕκ
158 2744 279 2777 βαθέων
292 2743 440 2779 ὲξέκραξά
458 2751 526 2777 σοι,
544 2744 632 2778 Κύριε
648 2764 654 2770 .
675 2765 680 2771 .
698 2764 705 2771 .
723 2764 730 2771 .
751 2765 758 2772 .
779 2764 786 2770 .
804 2764 810 2771 .
831 2761 840 2772 .

100 2831 126 2849 ⁸⁸
147 2833 199 2861 lsa.
228 2841 303 2867 un,
326 2833 367 2861 18.
421 2835 442 2851 ³⁸
468 2835 476 2861 l
501 2834 564 2862 Cor.
592 2843 627 2867 ll,
654 2836 680 2862 9.

906 1599 987 1627 ortio.

906 1607 987 1627 oruo.

886 1607 904 1635 Ρ
921 1646 947 1673 5.
965 1645 999 1673 Et
1020 1646 1109 1673 videas
1125 1646 1192 1673 bona
1202 1645 1352 1674 Jerusalem
1372 1647 1493 1673 omnibus
1507 1647 1599 1674 diebus
1613 1648 1674 1674 vita

886 1697 948 1720 tum.
971 1691 1127 1727 Spiritualia
1153 1692 1257 1720 scilicet
1271 1692 1353 1727 bona,
1375 1700 1434 1727 qute
1449 1692 1541 1719 oculus
1558 1701 1609 1719 non
1634 1694 1674 1720 ri-

885 1738 925 1765 dit
945 1737 968 1753 ⁸⁸
977 1759 984 1771 ,
1005 1742 1058 1766 etc.

871 1811 873 1814 γ
921 1783 948 1810 6.
968 1783 1103 1811 Ειυὶἀεαε
1129 1783 1200 1818 ﬁlios
1227 1784 1344 1818 ﬁliorum
1367 1788 1483 1816 tuorum,
1517 1792 1571 1817 pas:
1595 1791 1674 1818 super

886 1829 984 1857 Israel.
999 1829 1200 1857 Promissiones
1214 1830 1291 1857 dicit.
1305 1829 1381 1857 Sicut
1391 1830 1464 1857 enim
1476 1830 1555 1864 primi
1569 1829 1674 1857 fructus

886 1875 984 1902 animat
996 1882 1060 1910 erga
1070 1874 1157 1902 Deum
1172 1874 1307 1909 religiosas
1321 1877 1385 1901 sunt
1397 1873 1468 1901 fetus
1488 1873 1558 1908 ejus,
1576 1873 1615 1901 sic
1629 1880 1675 1900 se-

887 1921 970 1948 cundi
983 1925 1047 1948 sunt
1062 1920 1268 1955 promissiones.

1012 1965 1164 2000 Canticum
1193 1964 1334 2000 graduum.
1367 1962 1532 1991 CXXVIII.

1183 2011 1383 2045 Argumentum.

888 2058 1031 2087 Decimum
1051 2057 1187 2084 canticum
1214 2056 1300 2083 multa
1327 2055 1548 2090 persecutionum
1576 2061 1675 2089 genera
1710 2083 1714 2087 ,

888 2128 906 2140 ι,
917 2104 1021 2132 Christi
1044 2103 1174 2139 populum
1191 2103 1298 2135 edocet,
1309 2106 1336 2129 et
1349 2109 1404 2136 quo
1421 2106 1502 2137 pacto
1520 2100 1612 2128 omnia
1626 2107 1676 2127 su-

923 2154 1069 2186 peraturus
1082 2150 1128 2184 sit,
1143 2148 1351 2176 insidiatoribus
1370 2154 1478 2182 semper
1494 2146 1620 2181 superior
1632 2145 1675 2173 ef-

924 2196 1021 2224 fectus.
1037 2195 1096 2223 Hoc
1109 2200 1200 2222 autem
1216 2195 1255 2221 ait
1267 2194 1331 2229 quia
1347 2193 1382 2220 ab
1404 2193 1482 2220 initio
1505 2191 1677 2227 praedicatio-

925 2242 969 2270 nis
983 2241 1187 2277 persecutiones
1203 2240 1325 2267 fuerunt.

924 2287 987 2321 1,4.
1007 2286 1082 2322 Stepe
1100 2289 1314 2322 expugnaverunt
1335 2293 1422 2312 me....
1442 2283 1571 2310 Dominus
1585 2283 1678 2318 justus

889 2334 1010 2361 contrivit
1033 2333 1142 2360 cervices
1162 2338 1337 2367 peccatorum.
1353 2330 1421 2358 Nam
1436 2337 1533 2357 omnes
1552 2329 1599 2364 qui
1619 2336 1679 2363 per-

888 2379 975 2408 secuti
991 2383 1056 2407 sunt
1069 2379 1131 2406 mali
1146 2379 1218 2406 male
1232 2378 1370 2413 peribunt.

1064 2424 1204 2453 Canticum
1217 2425 1358 2460 graduum.
1371 2422 1502 2451 CXXIX.

1184 2470 1385 2505 Argumentum.

893 2515 1072 2544 Undecimum
1080 2516 1216 2544 canticum
1229 2515 1381 2543 orationem
1399 2512 1589 2548 complectitur
1607 2518 1682 2538 mar-

928 2567 1018 2598 tyrum
1032 2566 1059 2589 et
1070 2562 1221 2590 doctrinam
1237 2561 1419 2589 confessionis
1433 2565 1506 2586 novo
1519 2557 1620 2594 populo
1632 2557 1681 2584 da-

930 2613 995 2636 tam.
1011 2608 1090 2636 Clare
1106 2612 1197 2635 autem
1210 2607 1321 2635 virtutis
1338 2605 1559 2642 propitiationem
1579 2601 1680 2638 praedi-

930 2658 983 2687 cat,
992 2660 1054 2688 qute
1061 2653 1187 2681 Christus
1195 2657 1245 2680 est.
1259 2653 1297 2680 De
1305 2653 1364 2687 ipso
1374 2658 1491 2686 namque
1499 2650 1601 2677 dictum
1614 2651 1658 2675 est
1669 2654 1679 2674 ε

930 2699 964 2726 Et
975 2700 1030 2734 ipse
1039 2699 1194 2734 propitiatio
1209 2703 1248 2726 est
1262 2707 1310 2734 pro
1323 2698 1436 2733 peccatis
1450 2695 1547 2723 nostris
1556 2693 1588 2718 ⁸⁸.

931 2745 956 2772 1.
971 2745 1007 2773 De
1022 2745 1160 2781 profundis
1175 2745 1289 2772 clamavi
1305 2744 1339 2772 ad
1351 2749 1385 2776 te,
1400 2742 1552 2770 Dominam.

731 2835 752 2851 "'
767 2835 776 2861 l
789 2834 866 2862 Joan.
884 2843 912 2868 I.,
929 2835 955 2861 2.
