1926 3051
60 140 111 168 52!

597 136 776 164 EXPOSITIO
797 137 830 163 IN
847 137 1013 164 PSALMUM
1029 137 1146 165 CXXXI.

1631 136 1682 164 59.2

59 199 161 234 ἄφεσιν
174 198 262 230 διδοὺς
272 199 326 226 τῶν
340 199 443 226 πολλῶν
467 199 682 234 ἁμαρτημάτων,
695 199 743 225 καὶ
767 199 847 230 αὐτὸς

916 199 1043 226 nullorum
1056 204 1227 233 peccatorum
1244 197 1442 230 nemissionem,
1459 200 1486 223 et
1509 203 1569 224 cum
1589 203 1649 230 sper
1668 210 1682 215 -

60 244 236 280 σωθήσεσθαι
257 245 302 271 διὰ
327 244 429 279 ταύτης
453 244 566 275 ἐλπίσας
581 264 589 276 ,
618 244 726 271 σπεύδει
755 245 849 280 μαθεῖν

61 290 130 316 πότε
150 289 235 322 ἔσται,
256 290 303 316 καὶ
317 289 368 316 ποῦ
383 290 538 325 γενήσεται,
553 289 614 315 τίνα
625 289 654 315 δὲ
669 289 767 324 τρόπον
790 290 850 315 ὲπι-

61 334 191 370 δημήσει.
207 334 299 361 Ταῦτα
311 335 411 369 γνῶναι
432 334 532 366 ποθῶν,
550 335 589 366 είς
604 334 738 370 τοσαύτην
756 335 850 361 ἑαυτὸν

63 382 185 409 ὑπέϐαλε
198 382 328 414 κάκωσιν,
344 382 381 414 ὡς
390 382 479 409 πᾶσαν
495 382 543 418 μὲν
557 382 746 418 παραιτεῖσθαι
763 391 851 418 στρω-

66 427 145 463 μνὴν,
164 427 350 459 ἀποτάξασθαι
362 428 390 454 δὲ
404 427 443 463 τῷ
459 428 536 463 οῐκῳ,
554 427 660 455 κεῖσθαι
674 428 702 454 δὲ
725 428 778 464 πρὸ
803 427 849 454 τοῦ

63 470 134 499 Θεοῦ
159 473 229 499 κατὰ
247 473 390 508 πρόσωπον
411 473 458 500 τοῦ
474 474 643 509 ἁγιάσματος
659 474 701 500 ὲπ*
718 473 831 508 ἐδάφους
842 493 850 506 ,

64 518 140 554 ὅρκῳ
155 518 306 553 βεϐαιώσας
333 519 369 555 μὴ
386 519 533 554 ἀναστῆναι
554 519 618 555 πρὶν
631 519 717 546 ταῦτα
746 519 850 555 μαθεῖν.

71 563 134 590 Ἐπὶ
146 563 175 589 δὲ
190 565 224 599 τῇ
241 563 336 590 τούτου
350 564 456 599 εὐτονία
468 563 556 590 λαὸὼν
567 562 656 591 οἶκτον
672 564 686 591 ό
709 564 774 596 Θεὸς
790 565 852 591 ἑπι-

64 609 140 636 νεύει
152 616 160 623 °
175 609 213 640 ὡς
230 610 258 635 ἐν
272 610 344 643 ἅπαξ
360 610 470 646 ὠμόσας
488 611 526 646 μὴ
555 610 692 645 ψεύσατο’
720 611 782 638 ὅθεν
803 611 852 638 ἐπ-

63 655 197 691 ήνεγκεν·
223 655 300 682 Ἰδοὺ
319 656 492 690 ἠκούσαμεν
511 656 608 691 αὐτὴν
625 657 660 683 ἐν
671 656 832 691 Εὐφρανθά
843 665 850 671 ⁸

65 699 136 736 αὕτη
151 701 224 728 ἐστὶν
247 701 264 736 ἠ
283 700 414 736 Βηθλεέμ.
436 701 503 727 Τίνα
521 700 550 728 δὲ
573 701 658 736 αὐτὴν
679 701 696 736 ἢ
720 701 771 737 τὴν
790 701 854 736 μέλα

64 744 165 771 λουσαν
177 744 287 771 ἔσεσθαι
301 745 402 780 Κυρίου
418 744 538 778 ἕλευσιν;

100 790 236 824 Εὕρομεν
251 791 350 825 αὐτὴν
370 791 405 817 ἐν
427 790 488 823 τοῖς
515 791 629 824 πεδίοις
653 791 706 818 τοῦ
728 790 852 826 δρυμοῦ.

66 832 104 862 Th
117 835 173 871 γὰρ
194 836 325 872 σπήλαιον
341 837 370 863 ὲν
384 833 406 870 ᾧ
422 837 566 872 γεγένηται
583 837 597 864 ὀ
613 837 730 872 Χριστὸς
753 837 782 864 ὲν
803 846 852 863 πε-

65 883 134 914 δίοις
148 883 232 915 ἐστὶν,
252 883 311 918 ἦτοι
324 885 380 916 τοῖς
397 885 502 920 ἀγροῖς.

103 929 347 964 Εἰσελευσόμεθα
359 931 403 964 εὶς
416 931 453 958 τὰ
471 931 654 972 σκηνιὶῃιαταΔ
671 930 774 958 αὑτοῦ.
799 930 854 962 Τὰς

66 975 139 1003 κατὰ
155 976 250 1011 καιρὸν
270 976 403 1012 ἐσομένας
425 977 588 1012 ῖΕκκλησίας
604 976 743 1012 σημαίνει.
759 978 853 1011 Προσ-

67 1021 242 1056 κυνὴσομεν
263 1023 307 1055 εις
327 1022 381 1048 τὸν
403 1023 496 1049 τόπον
513 1020 548 1050 οὗ
564 1022 701 1056 ἔστησαν
719 1024 746 1050 al
763 1022 854 1055 πόδες

66 1067 172 1094 αὑτοῦ.
191 1068 227 1093 Τὸ
246 1067 309 1102 ὅρος
319 1066 373 1094 τῶν
392 1067 503 1094 Ἐλαιῶν
519 1076 612 1103 φησιν,
636 1067 699 1094 ἔνθα
712 1068 764 1100 πᾶς
782 1076 852 1103 παρ-

69 1113 214 1150 ερχόμενος
229 1114 387 1149 προσκυνεῖ.

113 1158 284 1192 Ἀνάστηθι,
297 1159 393 1193 Κύριε,
405 1160 448 1192 εἰς
462 1159 520 1193 τὴν
528 1159 703 1187 ἀνάπαυσιν
716 1168 784 1187 σου.
799 1161 855 1195 Τὴν

70 1205 111 1236 είς
122 1205 254 1241 οὐρανοὺς
267 1205 399 1240 ἀνάληψιν
416 1205 622 1232 ὲπισπεύδουσιν
640 1205 733 1232 αὐτοῦ.
750 1206 791 1232 Σὺ
805 1205 855 1232 καὶ

68 1250 88 1283 ἠ
103 1249 225 1282 κιϐωτὸς
238 1249 290 1276 τοῦ
303 1250 486 1284 ἀγιάσματός
504 1258 573 1277 σου.
590 1250 712 1277 Κιὸωτὺν
722 1250 768 1277 τοῦ
780 1251 856 1285 ἁγιά-

70 1304 172 1332 σματος
187 1297 237 1332 τὴν
251 1297 331 1330 ἁγίαν
347 1297 429 1323 αὑτοῦ
445 1297 532 1332 σάρκα
546 1298 638 1332 φησίν.

106 1343 141 1369 οι
165 1342 252 1376 ἱερεῖς
274 1350 332 1369 σου
346 1342 523 1370 ἐνδύσανται
547 1342 755 1376 δικαιοσύνην.
783 1343 854 1369 Οὐκ-

69 1386 121 1418 έτι,
137 1388 214 1422 φησὶ,
228 1387 297 1413 κατὰ
309 1387 353 1414 τὸν
369 1387 451 1422 νόμον
467 1387 572 1419 στολὰς,
585 1388 641 1414 ἀλλ’
655 1388 740 1423 αὐτὴν
753 1387 800 1422 τὴν
813 1388 854 1414 δι-

67 1431 227 1467 καιοσύνην.
246 1431 407 1467 Δικαιοσύνη
421 1431 449 1458 δὲ
463 1433 476 1458 ὁ
489 1432 615 1467 Χριστός.

105 1477 231 1504 Ἕνεκεν
243 1477 332 1504 Δαυῒδ
342 1477 394 1504 τοῦ
410 1477 522 1504 δούλου
537 1485 595 1505 σου
604 1476 646 1512 μὴ
660 1477 856 1512 ἁποστρέψῃς

69 1523 103 1549 τὸ
116 1524 279 1556 πρόσωπον
290 1523 340 1550 τοῦ
355 1523 482 1557 Χριστοῦ
495 1531 563 1550 σου.
578 1523 655 1550 Μετὰ
667 1523 717 1557 τῆς
734 1524 773 1554 είς
791 1523 857 1550 πάν-

903 249 944 271 ret
961 243 1018 278 ipse
1032 251 1081 278 per
1093 243 1152 278 cjus
1168 243 1311 270 adventum
1336 243 1448 270 salutem
1472 249 1501 269 se
1521 247 1682 269 consecutu-

903 299 975 324 rum,
991 291 1111 319 ediscere
1125 291 1214 326 gestit,
1228 291 1400 326 quandouam
1416 290 1443 317 id
1460 290 1522 321 erit.
1537 294 1564 317 ct
1578 289 1622 316 ubi
1636 289 1683 316 ad-

903 342 1034 364 venturus
1050 337 1095 370 sit,
1108 341 1135 364 et
1149 344 1269 372 quonam
1282 337 1362 364 modo
1379 336 1611 371 peregrinaturus.
1622 334 1684 362 "azc

904 381 1012 409 edoceri
1033 387 1173 416 exoptans.
1192 382 1219 409 in
1236 387 1337 409 tantam
1352 389 1412 409 sese
1430 381 1600 408 alllictionem
1617 388 1684 408 cou-

901 426 976 461 jecit,
999 432 1029 454 ut
1055 428 1154 455 lectum
1173 435 1280 455 omnem
1308 427 1484 459 recusaverit,
1505 426 1598 454 domui
1625 426 1684 454 vale

904 472 1012 500 dixerit.
1026 479 1052 500 et
1077 477 1140 500 ante
1162 472 1245 500 Deum
1266 473 1349 501 iaceat
1365 473 1438 500 humi
1460 477 1609 501 prostratus
1622 477 1685 499 ante

906 518 1002 546 faelem
1017 520 1289 554 sanctuarii,juratus
1301 527 1329 546 se
1344 526 1482 554 nunquam
1498 523 1665 545 surrectur...
1676 536 1684 544 .

906 564 958 592 nisi
975 565 1032 592 haec
1046 565 1187 592 edisceret.
1205 564 1246 592 Ob
1258 564 1317 599 ejus
1334 564 1560 599 perseverantiam
1579 564 1686 590 miseri-

906 609 998 637 cordia
1012 614 1102 638 motus
1114 609 1196 642 Deus,
1207 610 1304 637 annuit
1318 610 1367 645 ipsi
1381 617 1389 636 :
1401 618 1433 636 ac.
1445 613 1588 644 postquam
1601 609 1683 636 semel

904 655 1006 689 juravit
1029 663 1083 682 non
1099 655 1283 684 irustrabitur.
1299 655 1387 688 Quare
1403 655 1511 681 intulit:
1527 653 1592 680 Ecce
1609 654 1686 680 audi-

907 700 990 727 vimus
999 707 1057 726 eam
1066 700 1092 726 in
1104 699 1251 734 Eplmulta,
1265 701 1323 735 ipsa
1335 705 1378 727 est
1392 698 1558 726 Bethleliem.
1567 699 1684 733 Ecquam

907 745 1010 772 audivit
1024 745 1075 772 nisi
1093 745 1209 772 futuram
1222 745 1464 780 peregrinationem
1477 743 1601 771 Domini?

960 789 985 816 6.
998 789 1146 816 Invenimus
1157 797 1215 816 eam
1227 790 1254 815 in
1269 789 1368 823 campis
1385 788 1468 815 silvaz.
1479 786 1546 814 Nam
1560 787 1686 822 spelunca

907 838 954 866 ubi
978 843 1057 866 natus
1083 843 1125 865 est
1143 838 1266 866 Christus
1290 837 1317 864 in
1342 837 1462 872 planitie,
1477 843 1525 863 seu
1543 836 1569 863 in
1584 835 1687 870 campis

870 880 891 908 Β
904 888 954 911 est.

942 931 968 958 7.
996 929 1168 958 Introibimus
1190 930 1217 956 in
1239 927 1437 956 tabernaculum
1459 926 1525 961 ejus.
1553 924 1688 952 Ecclesias

907 976 1081 1012 subsequenti
1095 980 1217 1010 tempore
1233 974 1340 1002 futuras
1354 973 1497 1009 signiﬁcat.
1513 971 1687 999 Adorabimus

907 1023 934 1048 in
949 1021 1006 1048 loco
1029 1021 1072 1048 ubi
1096 1024 1222 1047 steterunt
1233 1019 1310 1054 pedes
1329 1019 1398 1054 ejus.
1415 1017 1532 1045 Montem
1550 1016 1686 1044 Olivarum

907 1067 982 1101 dicit,
997 1067 1043 1094 ubi
1054 1067 1145 1094 omnis
1160 1066 1206 1101 qui
1222 1065 1368 1101 pertransit
1390 1064 1495 1092 adorat.

942 1157 969 1184 8.
985 1156 1079 1192 Surge,
1093 1155 1211 1187 Domine,
1224 1156 1250 1182 in
1263 1155 1374 1189 requiem
1389 1158 1473 1181 tuam.
1487 1153 1552 1188 Ejus
1567 1154 1593 1180 in
1605 1153 1688 1181 ccelos

908 1209 1051 1230 ascensum
1074 1201 1165 1228 videre
1180 1200 1305 1236 gestiunt.
1325 1198 1364 1226 Tu
1378 1204 1403 1226 et
1426 1207 1488 1226 arca
1500 1198 1689 1233 sanctiﬁcatio-

909 1247 949 1275 nis
963 1252 1024 1275 tuae.
1046 1247 1144 1273 Arcam
1169 1245 1392 1272 sanctiﬁcationis
1411 1247 1532 1272 sanctam
1548 1243 1607 1279 ejus
1627 1251 1688 1270 car-

908 1300 969 1319 nem
982 1296 1069 1318 νοεαῑ.

945 1335 970 1362 9.
986 1335 1139 1362 Sacerdotes
1157 1334 1194 1361 tui
1211 1333 1352 1360 induentur
1364 1333 1509 1368 justitiam.
1530 1332 1588 1360 Non
1609 1333 1690 1361 vesti-

908 1385 998 1407 menta
1009 1380 1042 1407 de
1055 1387 1140 1411 more,
1151 1379 1247 1413 inquit,
1263 1378 1310 1405 sed
1322 1379 1408 1413 ipsam
1419 1378 1568 1412 justitiam;
1584 1378 1690 1413 justitia

909 1431 998 1454 autem
1012 1430 1054 1453 est
1067 1425 1203 1452 Christus.

946 1472 988 1498 10.
1014 1471 1125 1506 Propter
1143 1471 1226 1497 David
1249 1478 1350 1498 seruum
1369 1475 1442 1497 tuum
1463 1478 1514 1496 non
1530 1474 1631 1497 avertas
1649 1469 1691 1504 {a-

909 1517 974 1544 ciem
999 1516 1099 1544 Christi
1120 1517 1169 1544 tui.
1195 1516 1251 1551 (51)
1267 1515 1336 1543 Cum
1356 1515 1548 1543 beneﬁciorum
1563 1515 1691 1542 omnibus

69 1577 119 1600 τας
135 1568 295 1604 ἀνθρώπους
311 1568 469 1604 εὐεργεσίας
485 1569 531 1596 καὶ
545 1568 592 1595 τοῦ
605 1568 686 1596 Δαυῖδ
699 1569 832 1605 μνήσθητι
847 1590 854 1602 ,

915 1563 1064 1591 nominibus
1077 1564 1245 1595 collatorum,
1262 1566 1318 1589 tum
1334 1561 1441 1589 Davidis
1453 1567 1598 1595 memento,
1610 1569 1690 1597 quem

68 1614 85 1639 ὁ
102 1613 218 1647 ποιήσας
231 1612 313 1639 αὑτὸν
326 1613 499 1649 ἐπιστρέφειν
513 1612 558 1639 διά
571 1612 620 1648 τὴν
635 1613 782 1648 ἁμαρτίαν.
798 1613 858 1640 Δοῦ-

69 1659 116 1691 λος
132 1659 186 1694 γὰρ
203 1659 217 1683 6
231 1658 261 1690 ἐξ
275 1658 356 1685 αὐτοῦ
371 1658 440 1685 κατά
459 1658 548 1694 σάρκα
559 1658 648 1686 λαϐὼν
667 1659 717 1694 τὴν
735 1659 782 1686 τοῦ
796 1659 859 1686 δού-

70 1705 118 1731 λου
136 1705 254 1741 μορφήν.

110 1751 222 1784 Ὧμοσε
240 1749 350 1785 Κύριος
370 1750 410 1784 τῷ
435 1750 525 1778 Δαυῖδ
549 1750 702 1784 ἀλήθειαν.
726 1752 781 1779 Καὶ
795 1752 858 1788 ,ποῦ

71 1796 112 1828 τὸ,
127 1796 249 1831 dignam;
272 1798 301 1823 ὲν
322 1797 362 1832 τῷ
383 1798 469 1824 εἰπεῖν
489 1803 556 1833 προς
576 1798 673 1824 αὐτόν·
690 1797 746 1825 Kal
760 1798 857 1831 ἔσται,

71 1842 147 1869 ὅταν
163 1841 361 1876 πληρωθῶσιν
376 1844 406 1869 al
419 1843 525 1877 ἡμέραι
536 1851 607 1876 σου,
624 1844 674 1871 καὶ
688 1845 857 1880 κοιμηθήσῃ

67 1887 146 1921 μετὰ
157 1887 215 1914 τῶν
225 1887 359 1921 πατέρων
368 1896 436 1919 σου,
449 1888 651 1921 ἀναστήσεται
658 1889 692 1914 ἐκ
705 1889 757 1915 τοῦ
767 1889 858 1923 σπέρο

67 1933 165 1967 μητός
180 1941 238 1960 σου
254 1933 359 1966 ἄλλος,
383 1933 416 1966 ὃς
432 1934 517 1960 ἔσται
533 1934 567 1961 ὲκ
588 1933 642 1968 τῆς
661 1935 776 1967 κοιλίας
787 1942 856 1962 σου.

71 1977 129 2005 Kal
141 1978 288 2013 ἑτοιμάσω
303 1981 347 2012 εὶς
360 1979 413 2005 τὸν
430 1978 523 2006 αἰῶνα
541 1979 600 2014 τὴν
617 1980 783 2012 ,βασιλείαν
805 1981 859 2007 αὺ-

70 2024 136 2051 τοῦ.
158 2024 254 2057 Αὐτὸς
273 2024 463 2059 οἰκοδομήσει
485 2025 569 2052 οἷκον
592 2025 631 2058 τῷ
649 2027 771 2061 ὀνόματί
785 2035 855 2062 μου·

72 2072 123 2100 καὶ
146 2070 305 2104 ἀνορθώσω
335 2069 392 2105 τὴν
414 2071 578 2103 βασιλείαν
605 2071 698 2098 αὑτοῦ
726 2074 767 2105 εὶς
806 2072 859 2099 τὸν

71 2116 176 2143 anime.
196 2114 266 2150 Ἐγὼ
279 2115 385 2149 ἔσομαι
398 2115 478 2149 αὐτῷ
493 2118 536 2143 alo
553 2116 680 2151 πατέρα.
697 2117 746 2144 καὶ
767 2117 858 2145 αὑτὸν

71 2163 159 2188 ἕσται
173 2169 224 2195 μοι
240 2161 283 2192 εὶς
296 2161 373 2187 υἱόν.

115 2205 187 2232 Ἐὰν
214 2204 403 2239 φυλάξωνται
426 2207 452 2232 οἰ
474 2206 533 2233 υἱοί
554 2214 612 2234 σου
636 2207 693 2242 τὴν
711 2207 857 2242 διαθήκην

70 2260 141 2286 μου.
159 2251 215 2286 Τὴν
235 2250 382 2286 μέλλουσαν
398 2251 491 2286 σαφῶς
506 2251 690 2288 ἀνακηρύττει
712 2253 855 2289 διαθήκην,

72 2298 106 2332 ἢν
121 2297 147 2324 ει
162 2294 232 2332 ἦσαν
244 2296 410 2331 φυλάξαντες
423 2298 446 2323 οἱ
458 2297 528 2324 κατὰ
542 2297 630 2333 σάρκα
641 2299 693 2325 υίοὶ
707 2299 752 2326 τοῦ
765 2299 857 2333 Δαυτδ,

72 2342 185 2377 ἔμελλον
207 2342 240 2368 ἂν
262 2342 300 2377 μὴ
328 2343 453 2368 ἐκπεσεῖν
477 2342 527 2378 τῆς
549 2344 753 2380 ήτοιμασμένης
781 2345 858 2380 βασι-

75 2387 158 2419 λείας.

106 2434 190 2467 Αὕτη
214 2434 234 2468 ἡ
256 2433 445 2467 κατάπαυσις
457 2443 517 2469 μου
532 2435 576 2468 εὶς
596 2435 698 2462 αἰῶνα.
721 2436 753 2462 El.
772 2436 826 2463 γὰο
845 2437 859 2462 ὁ

74 2480 156 2506 παλαι
169 2479 233 2511 ναὸς
248 2480 350 2515 ἔρημος
364 2480 407 2507 διὰ
433 2480 532 2516 μανίαν
555 2481 608 2507 τῶν
636 2481 782 2515 Ἰουδαιων,
799 2482 857 2508 αλλ’

73 2521 118 2550 οὖν
131 2525 192 2550 ἐκεῖ
202 2524 284 2550 πάλιν
299 2525 346 2552 καὶ
359 2524 406 2550 τοῦ
419 2525 546 2560 σταυροῦ,
555 2526 602 2552 καὶ
613 2526 661 2559 τῆς
675 2527 858 2559 ἀναστάσεως.

74 2569 120 2595 καὶ
135 2569 185 2603 τῆς
200 2568 360 2604 ἀναλήψεως
371 2569 406 2596 τὰ
424 2570 512 2605 χωρία
524 2569 575 2605 τῆς
591 2570 664 2602 θείας
681 2571 794 2606 ἠξίωται
810 2575 859 2608 χά-

76 2622 159 2650 ριτος.

111 2660 172 2694 Τὴν
184 2659 279 2694 θήραν
294 2659 389 2694 αὐτῆς
397 2662 531 2696 εὑλοτιων
546 2661 713 2697 εὐλογήσω.
727 2663 859 2691 Ἕκαστος

75 2706 128 2742 τὰρ
141 2705 195 2732 τῶν
210 2705 347 2739 τοιούτων,
364 2706 468 2733 δικαίου
495 2707 606 2743 σπέρμα
628 2709 785 2744 τυγχάνων.
810 2711 860 2737 οὐκ

109 2783 130 2798 ⁸⁸
147 2782 168 2809 ll
183 2781 250 2817 Reg.
264 2789 312 2813 vn,
331 2781 422 2810 12—”.

112 2862 168 2897 (5|)
183 2861 340 2896 lmplicatus
352 2863 436 2890 locus.

217 2903 315 2938 l’nn.
344 2908 402 2939 Gn.
431 2908 564 2940 XXVII.

909 1612 1020 1643 propter
1036 1613 1175 1643 peccatum
1195 1607 1229 1634 ad
1244 1606 1448 1634 conversionem
1463 1606 1608 1634 adduxisti.
1628 1605 1676 1633 Ser

909 1662 959 1681 vus
974 1654 1073 1689 quippe
1088 1658 1128 1681 est
1149 1653 1196 1688 qui
1211 1659 1244 1680 ex
1261 1652 1308 1679 illo
1330 1651 1480 1678 secundum
1496 1659 1604 1679 carnem
1620 1651 1691 1679 seni

909 1700 1024 1728 formam
1042 1700 1154 1734 accepit.

946 1746 988 1773 Η.
1000 1745 1105 1773 Jurauit
1118 1745 1245 1772 Dominus
1265 1745 1348 1772 David
1361 1747 1505 1773 ceritatem.
1525 1743 1558 1771 Et
1569 1743 1691 1778 quando-

909 1799 971 1819 nam
981 1791 1098 1826 juravit‘l
1110 1798 1171 1818 cum
1181 1791 1281 1818 diceret
1292 1792 1315 1817 ei
1325 1791 1364 1818 ‘9:
1383 1791 1416 1818 Et
1427 1791 1477 1818 erit
1488 1794 1626 1825 postquam
1638 1790 1674 1816 im
1685 1804 1691 1809 -

908 1837 970 1872 pleti
983 1837 1080 1871 fuerint
1094 1836 1150 1862 dies
1167 1837 1215 1870 tui,
1232 1841 1257 1862 et
1273 1835 1412 1863 dormieris
1426 1843 1484 1862 cum
1495 1834 1614 1869 patribus
1625 1835 1691 1867 tuis,

910 1887 1030 1917 exsurge!
1047 1889 1078 1908 ex
1095 1881 1191 1908 semine
1210 1886 1254 1907 tuo
1275 1881 1344 1907 alius
1355 1881 1400 1915 qui
1417 1881 1467 1907 erit
1485 1887 1517 1907 ex
1530 1885 1616 1906 ventre
1628 1885 1690 1906 tuo:

909 1934 934 1954 et
951 1927 1105 1962 prteparubo
1122 1927 1149 1952 in
1162 1925 1287 1953 swculum
1303 1933 1409 1960 regnum
1423 1925 1491 1959 ejus,
1508 1924 1562 1958 ipse
1575 1924 1692 1959 aediﬁca—

911 1973 948 2000 bit
968 1975 1074 1999 domum
1091 1971 1191 1998 nomini
1207 1979 1262 1998 meo
1279 1979 1289 1998 :
1304 1975 1330 1998 et
1350 1970 1450 2005 erigam
1466 1978 1573 2005 regnum
1594 1970 1650 2005 ejus
1664 1971 1691 1997 in

909 2016 1046 2046 saeuiunt.
1060 2017 1115 2053 Ego
1128 2026 1173 2045 ero
1186 2017 1226 2044 illi
1247 2018 1273 2043 in
1288 2021 1401 2051 patrem,
1413 2021 1437 2043 et
1450 2016 1504 2050 ipse
1518 2017 1570 2042 erit
1585 2017 1647 2042 mihi
1663 2018 1691 2043 iu

910 2065 1006 2099 ﬁlium.

945 2216 989 2243 12.
1005 2216 1034 2244 Si
1059 2217 1229 2244 custodierint
1252 2217 1301 2251 ﬁlii
1327 2218 1365 2244 uti
1392 2223 1575 2244 testamentum
1593 2225 1690 2246 meum.

909 2262 1044 2290 Futurum
1068 2267 1260 2290 testamentum
1279 2269 1370 2299 aperte
1390 2264 1563 2298 praenuntiat,
1577 2264 1650 2299 quod
1666 2264 1691 2292 si

909 2309 1092 2336 custodissent
1102 2309 1150 2344 qui
1162 2316 1196 2336 ex
1205 2308 1305 2337 Davide
1314 2310 1463 2337 secundum
1479 2317 1589 2338 carnem
1601 2316 1689 2342 erant,

909 2352 1030 2380 futurum
1051 2357 1111 2381 erat
1136 2358 1166 2382 ut
1187 2362 1203 2381 a
1223 2359 1318 2390 parato
1340 2355 1392 2383 sibi
1408 2362 1492 2391 regno
1507 2362 1560 2383 non
1581 2355 1691 2383 excidt-.-

909 2403 977 2428 rent.

947 2444 988 2471 Η.
1003 2444 1066 2472 llaec
1088 2446 1187 2480 requies
1207 2454 1265 2473 mea
1288 2446 1314 2473 in
1336 2447 1472 2474 secutum.
1490 2448 1559 2475 Nam
1583 2447 1606 2475 si
1621 2447 1693 2475 auti-

909 2497 993 2524 quum
1009 2490 1075 2518 illud
1093 2492 1234 2526 templum,
1245 2492 1280 2519 ob
1294 2491 1449 2520 Iudaeorum
1463 2493 1583 2521 furorem
1599 2493 1692 2521 deser-

910 2541 967 2563 tum
982 2537 1027 2567 sit,
1037 2543 1065 2564 at
1078 2536 1175 2565 ibidem
1189 2538 1246 2565 loca
1257 2540 1357 2573 crucis,
1367 2540 1584 2572 resurrectionis,
1595 2546 1692 2566 ascen-

909 2581 996 2609 sionis
1013 2581 1104 2609 divina
1119 2582 1205 2617 gratia
1222 2583 1322 2611 donata
1333 2589 1407 2612 sunt.

948 2659 989 2687 l5.
1006 2659 1102 2687 Escam
1121 2661 1177 2695 ejus
1200 2663 1350 2690 benedicens
1373 2662 1532 2690 benedicam.
1560 2660 1691 2694 Ρααρετεε

911 2704 967 2739 ejus
978 2707 1104 2733 saturabo
1120 2708 1242 2742 panibus.
1259 2708 1364 2744 Singuli
1384 2715 1502 2737 namoue
1519 2712 1613 2734 eorum
1624 2705 1691 2739 justi

1478 2902 1515 2930 17
