  <div class='ocr_page' id='page_1' title='image "/cluster/home/n/w/nwhite01/storage/ocr_20150623/27/njp.32101010944609/285.png"; bbox 0 0 1926 3051; ppageno 0'>
   <div class='ocr_carea' id='block_1_1' title="bbox 244 111 295 138">
    <p class='ocr_par' dir='ltr' id='par_1_1' title="bbox 244 111 295 138">
     <span class='ocr_line' id='line_1_1' title="bbox 244 111 295 138; baseline 0 0"><span class='ocrx_word' id='word_1_1' title='bbox 244 111 295 138; x_wconf 72' lang='lat'><strong>523</strong></span> 
     </span>
    </p>
   </div>
   <div class='ocr_carea' id='block_1_2' title="bbox 663 106 1451 136">
    <p class='ocr_par' dir='ltr' id='par_1_2' title="bbox 663 106 1451 136">
     <span class='ocr_line' id='line_1_2' title="bbox 663 106 1451 136; baseline -0.001 -1"><span class='ocrx_word' id='word_1_2' title='bbox 663 108 690 135; x_wconf 92' lang='lat' dir='ltr'><strong>S.</strong></span> <span class='ocrx_word' id='word_1_3' title='bbox 712 107 899 136; x_wconf 70' lang='lat' dir='ltr'><strong>ATHANASII</strong></span> <span class='ocrx_word' id='word_1_4' title='bbox 918 106 993 134; x_wconf 71' lang='lat' dir='ltr'><strong>OI‘P.</strong></span> <span class='ocrx_word' id='word_1_5' title='bbox 1016 106 1106 134; x_wconf 77' lang='lat' dir='ltr'><strong>PARS</strong></span> <span class='ocrx_word' id='word_1_6' title='bbox 1126 106 1171 135; x_wconf 92' lang='lat' dir='ltr'><strong>lll.</strong></span> <span class='ocrx_word' id='word_1_7' title='bbox 1192 122 1228 129; x_wconf 89' lang='lat'><strong>—-</strong></span> <span class='ocrx_word' id='word_1_8' title='bbox 1248 106 1451 134; x_wconf 69' lang='lat' dir='ltr'><strong>EKEGETICA.</strong></span> 
     </span>
    </p>
   </div>
   <div class='ocr_carea' id='block_1_3' title="bbox 1807 107 1855 134">
    <p class='ocr_par' dir='ltr' id='par_1_3' title="bbox 1807 107 1855 134">
     <span class='ocr_line' id='line_1_3' title="bbox 1807 107 1855 134; baseline 0 0"><span class='ocrx_word' id='word_1_9' title='bbox 1807 107 1855 134; x_wconf 64' lang='lat'><strong>5‘25</strong></span> 
     </span>
    </p>
   </div>
   <div class='ocr_carea' id='block_1_4' title="bbox 247 166 1026 203">
    <p class='ocr_par' dir='ltr' id='par_1_4' title="bbox 247 168 1021 203">
     <span class='ocr_line' id='line_1_4' title="bbox 247 168 1021 203; baseline -0.003 -7"><span class='ocrx_word' id='word_1_10' title='bbox 247 178 334 197; x_wconf 82' lang='lat' dir='ltr'><strong>:emen</strong></span> <span class='ocrx_word' id='word_1_11' title='bbox 354 177 415 196; x_wconf 78' lang='lat' dir='ltr'><strong>cum</strong></span> <span class='ocrx_word' id='word_1_12' title='bbox 431 169 484 196; x_wconf 86' lang='lat' dir='ltr'><strong>sint</strong></span> <span class='ocrx_word' id='word_1_13' title='bbox 500 176 551 195; x_wconf 91' lang='lat' dir='ltr'><strong>non</strong></span> <span class='ocrx_word' id='word_1_14' title='bbox 568 174 646 203; x_wconf 82' lang='lat' dir='ltr'><strong>egent</strong></span> <span class='ocrx_word' id='word_1_15' title='bbox 663 169 788 203; x_wconf 86' lang='lat' dir='ltr'><strong>panibus.</strong></span> <span class='ocrx_word' id='word_1_16' title='bbox 807 168 941 196; x_wconf 85' lang='lat' dir='ltr'><strong>Scribitur</strong></span> <span class='ocrx_word' id='word_1_17' title='bbox 952 175 1021 202; x_wconf 89' lang='lat' dir='ltr'><strong>quo-</strong></span> 
     </span>
    </p>
   </div>
   <div class='ocr_carea' id='block_1_5' title="bbox 1077 166 1855 203">
    <p class='ocr_par' dir='ltr' id='par_1_5' title="bbox 1077 166 1855 203">
     <span class='ocr_line' id='line_1_5' title="bbox 1077 166 1855 203; baseline -0.001 -10"><span class='ocrx_word' id='word_1_18' title='bbox 1077 167 1230 194; x_wconf 69' lang='grc' dir='ltr'>ἐλαττοῦται</span> <span class='ocrx_word' id='word_1_19' title='bbox 1242 167 1344 203; x_wconf 69' lang='grc' dir='ltr'><strong>ἄρτοις.</strong></span> <span class='ocrx_word' id='word_1_20' title='bbox 1361 167 1497 203; x_wconf 79' lang='grc' dir='ltr'>Γράφεται</span> <span class='ocrx_word' id='word_1_21' title='bbox 1509 166 1537 193; x_wconf 79' lang='grc' dir='ltr'><strong>δὲ</strong></span> <span class='ocrx_word' id='word_1_22' title='bbox 1555 167 1611 198; x_wconf 75' lang='grc' dir='ltr'><strong>καὶ,</strong></span> <span class='ocrx_word' id='word_1_23' title='bbox 1627 166 1686 200; x_wconf 81' lang='grc' dir='ltr'><strong>Τὴν</strong></span> <span class='ocrx_word' id='word_1_24' title='bbox 1703 166 1855 201; x_wconf 78' lang='grc' dir='ltr'><strong>χήραναὺ-</strong></span> 
     </span>
    </p>
   </div>
   <div class='ocr_carea' id='block_1_6' title="bbox 244 213 1022 251">
    <p class='ocr_par' dir='ltr' id='par_1_6' title="bbox 244 213 1022 251">
     <span class='ocr_line' id='line_1_6' title="bbox 244 213 1022 251; baseline -0.004 -8"><span class='ocrx_word' id='word_1_25' title='bbox 244 224 319 251; x_wconf 79' lang='grc' dir='ltr'>.ιιιε;</span> <span class='ocrx_word' id='word_1_26' title='bbox 347 215 458 242; x_wconf 83' lang='lat' dir='ltr'><strong>Viduam</strong></span> <span class='ocrx_word' id='word_1_27' title='bbox 483 216 557 250; x_wconf 81' lang='lat' dir='ltr'><strong>ejus,</strong></span> <span class='ocrx_word' id='word_1_28' title='bbox 579 215 683 242; x_wconf 84' lang='lat' dir='ltr'><strong>scilicet</strong></span> <span class='ocrx_word' id='word_1_29' title='bbox 705 222 765 242; x_wconf 89' lang='lat' dir='ltr'><strong>eam</strong></span> <span class='ocrx_word' id='word_1_30' title='bbox 787 222 848 249; x_wconf 70' lang='lat' dir='ltr'><strong>qua:</strong></span> <span class='ocrx_word' id='word_1_31' title='bbox 870 213 1022 249; x_wconf 85' lang='lat' dir='ltr'><strong>patrocinio</strong></span> 
     </span>
    </p>
   </div>
   <div class='ocr_carea' id='block_1_7' title="bbox 243 258 1021 295">
    <p class='ocr_par' dir='ltr' id='par_1_7' title="bbox 243 258 1021 295">
     <span class='ocr_line' id='line_1_7' title="bbox 243 258 1021 295; baseline -0.004 -7"><span class='ocrx_word' id='word_1_32' title='bbox 243 266 327 289; x_wconf 84' lang='lat' dir='ltr'><strong>caret.</strong></span> <span class='ocrx_word' id='word_1_33' title='bbox 340 260 469 289; x_wconf 78' lang='lat' dir='ltr'><strong>Pauueres</strong></span> <span class='ocrx_word' id='word_1_34' title='bbox 480 261 536 295; x_wconf 79' lang='lat' dir='ltr'><strong>ejus</strong></span> <span class='ocrx_word' id='word_1_35' title='bbox 546 260 671 286; x_wconf 73' lang='lat' dir='ltr'><strong>saturabo</strong></span> <span class='ocrx_word' id='word_1_36' title='bbox 680 260 802 294; x_wconf 72' lang='lat' dir='ltr'><strong>panibus.</strong></span> <span class='ocrx_word' id='word_1_37' title='bbox 814 259 843 286; x_wconf 92' lang='lat' dir='ltr'><strong>ld</strong></span> <span class='ocrx_word' id='word_1_38' title='bbox 854 264 905 292; x_wconf 88' lang='lat' dir='ltr'><strong>est,</strong></span> <span class='ocrx_word' id='word_1_39' title='bbox 917 266 964 286; x_wconf 87' lang='lat' dir='ltr'><strong>eos</strong></span> <span class='ocrx_word' id='word_1_40' title='bbox 975 258 1021 293; x_wconf 88' lang='lat' dir='ltr'><strong>qui</strong></span> 
     </span>
    </p>
   </div>
   <div class='ocr_carea' id='block_1_8' title="bbox 243 303 1022 339">
    <p class='ocr_par' dir='ltr' id='par_1_8' title="bbox 243 303 1022 339">
     <span class='ocr_line' id='line_1_8' title="bbox 243 303 1022 339; baseline -0.003 -7"><span class='ocrx_word' id='word_1_41' title='bbox 243 305 390 333; x_wconf 85' lang='lat' dir='ltr'><strong>secundum</strong></span> <span class='ocrx_word' id='word_1_42' title='bbox 417 304 500 331; x_wconf 86' lang='lat' dir='ltr'><strong>Deum</strong></span> <span class='ocrx_word' id='word_1_43' title='bbox 526 311 658 339; x_wconf 78' lang='lat' dir='ltr'><strong>pauperes</strong></span> <span class='ocrx_word' id='word_1_44' title='bbox 679 309 753 332; x_wconf 88' lang='lat' dir='ltr'><strong>sunt.</strong></span> <span class='ocrx_word' id='word_1_45' title='bbox 781 303 902 331; x_wconf 86' lang='lat' dir='ltr'><strong>Panibus</strong></span> <span class='ocrx_word' id='word_1_46' title='bbox 930 308 1022 331; x_wconf 85' lang='lat' dir='ltr'><strong>autem</strong></span> 
     </span>
    </p>
   </div>
   <div class='ocr_carea' id='block_1_9' title="bbox 241 350 438 386">
    <p class='ocr_par' dir='ltr' id='par_1_9' title="bbox 241 350 438 386">
     <span class='ocr_line' id='line_1_9' title="bbox 241 350 438 386; baseline -0.005 -9"><span class='ocrx_word' id='word_1_47' title='bbox 241 350 438 386; x_wconf 86' lang='lat' dir='ltr'><strong>spiritualibus.</strong></span> 
     </span>
    </p>
   </div>
   <div class='ocr_carea' id='block_1_10' title="bbox 230 393 1019 429">
    <p class='ocr_par' dir='ltr' id='par_1_10' title="bbox 230 393 1019 429">
     <span class='ocr_line' id='line_1_10' title="bbox 230 393 1019 429; baseline -0.005 -6"><span class='ocrx_word' id='word_1_48' title='bbox 230 399 233 402; x_wconf 74' lang='lat'><em>‘</em></span> <span class='ocrx_word' id='word_1_49' title='bbox 277 396 319 423; x_wconf 82' lang='grc'><strong>16.</strong></span> <span class='ocrx_word' id='word_1_50' title='bbox 341 395 491 423; x_wconf 79' lang='lat' dir='ltr'><strong>Sacerdotes</strong></span> <span class='ocrx_word' id='word_1_51' title='bbox 514 395 571 429; x_wconf 80' lang='lat' dir='ltr'><strong>ejus</strong></span> <span class='ocrx_word' id='word_1_52' title='bbox 602 395 711 421; x_wconf 80' lang='lat' dir='ltr'><strong>induam</strong></span> <span class='ocrx_word' id='word_1_53' title='bbox 736 394 861 421; x_wconf 78' lang='lat' dir='ltr'><strong>salutari.</strong></span> <span class='ocrx_word' id='word_1_54' title='bbox 878 394 940 428; x_wconf 85' lang='lat' dir='ltr'><strong>Ipse</strong></span> <span class='ocrx_word' id='word_1_55' title='bbox 953 393 1019 420; x_wconf 77' lang='lat' dir='ltr'><strong>item</strong></span> 
     </span>
    </p>
   </div>
   <div class='ocr_carea' id='block_1_11' title="bbox 242 439 1020 476">
    <p class='ocr_par' dir='ltr' id='par_1_11' title="bbox 242 439 1020 476">
     <span class='ocr_line' id='line_1_11' title="bbox 242 439 1020 476; baseline -0.006 -8"><span class='ocrx_word' id='word_1_56' title='bbox 242 441 366 468; x_wconf 78' lang='lat' dir='ltr'><strong>Christus</strong></span> <span class='ocrx_word' id='word_1_57' title='bbox 380 446 432 472; x_wconf 86' lang='lat' dir='ltr'><strong>est,</strong></span> <span class='ocrx_word' id='word_1_58' title='bbox 448 441 493 476; x_wconf 88' lang='lat' dir='ltr'><strong>qui</strong></span> <span class='ocrx_word' id='word_1_59' title='bbox 507 441 625 468; x_wconf 81' lang='lat' dir='ltr'><strong>salutare</strong></span> <span class='ocrx_word' id='word_1_60' title='bbox 637 444 688 472; x_wconf 87' lang='lat' dir='ltr'><strong>est,</strong></span> <span class='ocrx_word' id='word_1_61' title='bbox 699 439 802 474; x_wconf 87' lang='lat' dir='ltr'><strong>justitia</strong></span> <span class='ocrx_word' id='word_1_62' title='bbox 813 446 922 474; x_wconf 83' lang='lat' dir='ltr'><strong>quoque</strong></span> <span class='ocrx_word' id='word_1_63' title='bbox 939 444 1020 472; x_wconf 81' lang='lat' dir='ltr'><strong>supra</strong></span> 
     </span>
    </p>
   </div>
   <div class='ocr_carea' id='block_1_12' title="bbox 240 492 361 514">
    <p class='ocr_par' dir='ltr' id='par_1_12' title="bbox 240 492 361 514">
     <span class='ocr_line' id='line_1_12' title="bbox 240 492 361 514; baseline -0.008 0"><span class='ocrx_word' id='word_1_64' title='bbox 240 492 361 514; x_wconf 74' lang='grc' dir='ltr'>νυοοιυε.</span> 
     </span>
    </p>
   </div>
   <div class='ocr_carea' id='block_1_13' title="bbox 274 529 1021 566">
    <p class='ocr_par' dir='ltr' id='par_1_13' title="bbox 274 529 1021 566">
     <span class='ocr_line' id='line_1_13' title="bbox 274 529 1021 566; baseline -0.003 -8"><span class='ocrx_word' id='word_1_65' title='bbox 274 532 314 558; x_wconf 86' lang='lat' dir='ltr'><strong>l7.</strong></span> <span class='ocrx_word' id='word_1_66' title='bbox 328 532 397 559; x_wconf 84' lang='lat' dir='ltr'><strong>Illuc</strong></span> <span class='ocrx_word' id='word_1_67' title='bbox 410 534 552 566; x_wconf 80' lang='lat' dir='ltr'><strong>producam</strong></span> <span class='ocrx_word' id='word_1_68' title='bbox 567 539 646 559; x_wconf 75' lang='lat' dir='ltr'><strong>cornu</strong></span> <span class='ocrx_word' id='word_1_69' title='bbox 662 530 755 558; x_wconf 84' lang='lat' dir='ltr'><strong>David.</strong></span> <span class='ocrx_word' id='word_1_70' title='bbox 770 529 830 564; x_wconf 86' lang='lat' dir='ltr'><strong>Quo</strong></span> <span class='ocrx_word' id='word_1_71' title='bbox 842 535 963 564; x_wconf 82' lang='lat' dir='ltr'><strong>tempore</strong></span> <span class='ocrx_word' id='word_1_72' title='bbox 976 536 1021 556; x_wconf 86' lang='lat' dir='ltr'><strong>sa-</strong></span> 
     </span>
    </p>
   </div>
   <div class='ocr_carea' id='block_1_14' title="bbox 238 575 1019 614">
    <p class='ocr_par' dir='ltr' id='par_1_14' title="bbox 238 575 1019 614">
     <span class='ocr_line' id='line_1_14' title="bbox 238 575 1019 614; baseline -0.006 -8"><span class='ocrx_word' id='word_1_73' title='bbox 238 579 324 606; x_wconf 57' lang='lat' dir='ltr'><strong>lutare</strong></span> <span class='ocrx_word' id='word_1_74' title='bbox 338 579 486 614; x_wconf 84' lang='lat' dir='ltr'><strong>apparebit,</strong></span> <span class='ocrx_word' id='word_1_75' title='bbox 502 578 586 614; x_wconf 82' lang='lat' dir='ltr'><strong>gloria</strong></span> <span class='ocrx_word' id='word_1_76' title='bbox 601 577 709 605; x_wconf 86' lang='lat' dir='ltr'><strong>Davidis</strong></span> <span class='ocrx_word' id='word_1_77' title='bbox 725 577 838 604; x_wconf 85' lang='lat' dir='ltr'><strong>orietur.</strong></span> <span class='ocrx_word' id='word_1_78' title='bbox 859 576 954 603; x_wconf 78' lang='lat' dir='ltr'><strong>Paraui</strong></span> <span class='ocrx_word' id='word_1_79' title='bbox 976 575 1019 602; x_wconf 92' lang='lat' dir='ltr'><strong>lu-</strong></span> 
     </span>
    </p>
   </div>
   <div class='ocr_carea' id='block_1_15' title="bbox 241 621 1019 658">
    <p class='ocr_par' dir='ltr' id='par_1_15' title="bbox 241 621 1019 658">
     <span class='ocr_line' id='line_1_15' title="bbox 241 621 1019 658; baseline -0.003 -8"><span class='ocrx_word' id='word_1_80' title='bbox 241 631 340 650; x_wconf 83' lang='lat' dir='ltr'><strong>&#39;ernam</strong></span> <span class='ocrx_word' id='word_1_81' title='bbox 352 623 457 651; x_wconf 75' lang='lat' dir='ltr'><strong>Christo</strong></span> <span class='ocrx_word' id='word_1_82' title='bbox 481 633 546 651; x_wconf 87' lang='lat' dir='ltr'><strong>meo.</strong></span> <span class='ocrx_word' id='word_1_83' title='bbox 573 623 629 651; x_wconf 90' lang='lat' dir='ltr'><strong>Hoc</strong></span> <span class='ocrx_word' id='word_1_84' title='bbox 645 624 679 651; x_wconf 89' lang='lat' dir='ltr'><strong>de</strong></span> <span class='ocrx_word' id='word_1_85' title='bbox 696 623 801 650; x_wconf 87' lang='lat' dir='ltr'><strong>Joanne</strong></span> <span class='ocrx_word' id='word_1_86' title='bbox 815 623 862 655; x_wconf 89' lang='lat' dir='ltr'><strong>ait,</strong></span> <span class='ocrx_word' id='word_1_87' title='bbox 875 623 952 658; x_wconf 78' lang='lat' dir='ltr'><strong>juxta</strong></span> <span class='ocrx_word' id='word_1_88' title='bbox 964 621 1019 648; x_wconf 91' lang='lat' dir='ltr'><strong>Do-</strong></span> 
     </span>
    </p>
   </div>
   <div class='ocr_carea' id='block_1_16' title="bbox 237 667 1016 704">
    <p class='ocr_par' dir='ltr' id='par_1_16' title="bbox 237 667 1016 704">
     <span class='ocr_line' id='line_1_16' title="bbox 237 667 1016 704; baseline -0.003 -8"><span class='ocrx_word' id='word_1_89' title='bbox 237 669 302 697; x_wconf 87' lang='lat' dir='ltr'><strong>mini</strong></span> <span class='ocrx_word' id='word_1_90' title='bbox 319 670 421 697; x_wconf 89' lang='lat' dir='ltr'><strong>dictum</strong></span> <span class='ocrx_word' id='word_1_91' title='bbox 435 679 441 696; x_wconf 92' lang='lat'><strong>:</strong></span> <span class='ocrx_word' id='word_1_92' title='bbox 460 669 521 704; x_wconf 82' lang='lat' dir='ltr'><strong>Ipse</strong></span> <span class='ocrx_word' id='word_1_93' title='bbox 535 674 592 696; x_wconf 87' lang='lat' dir='ltr'><strong>erat</strong></span> <span class='ocrx_word' id='word_1_94' title='bbox 606 669 713 696; x_wconf 84' lang='lat' dir='ltr'><strong>lucerna</strong></span> <span class='ocrx_word' id='word_1_95' title='bbox 729 669 823 696; x_wconf 71' lang='lat' dir='ltr'><strong>ardens</strong></span> <span class='ocrx_word' id='word_1_96' title='bbox 839 673 863 696; x_wconf 83' lang='lat' dir='ltr'><strong>et</strong></span> <span class='ocrx_word' id='word_1_97' title='bbox 880 669 969 695; x_wconf 72' lang='lat' dir='ltr'><strong>lucens</strong></span> <span class='ocrx_word' id='word_1_98' title='bbox 983 667 1016 694; x_wconf 80' lang='lat'><strong>”.</strong></span> 
     </span>
    </p>
   </div>
   <div class='ocr_carea' id='block_1_17' title="bbox 404 803 859 840">
    <p class='ocr_par' dir='ltr' id='par_1_17' title="bbox 404 803 859 840">
     <span class='ocr_line' id='line_1_17' title="bbox 404 803 859 840; baseline -0.004 -8"><span class='ocrx_word' id='word_1_99' title='bbox 404 804 542 832; x_wconf 71' lang='lat' dir='ltr'><strong>Canticum</strong></span> <span class='ocrx_word' id='word_1_100' title='bbox 555 813 693 840; x_wconf 84' lang='lat' dir='ltr'><strong>graauum.</strong></span> <span class='ocrx_word' id='word_1_101' title='bbox 712 803 859 832; x_wconf 78' lang='lat' dir='ltr'><strong>CXXXII.</strong></span> 
     </span>
    </p>
   </div>
   <div class='ocr_carea' id='block_1_18' title="bbox 524 851 726 886">
    <p class='ocr_par' dir='ltr' id='par_1_18' title="bbox 524 851 726 886">
     <span class='ocr_line' id='line_1_18' title="bbox 524 851 726 886; baseline 0.005 -9"><span class='ocrx_word' id='word_1_102' title='bbox 524 851 726 886; x_wconf 76' lang='lat' dir='ltr'><strong>Argumentum.</strong></span> 
     </span>
    </p>
   </div>
   <div class='ocr_carea' id='block_1_19' title="bbox 234 897 1018 932">
    <p class='ocr_par' dir='ltr' id='par_1_19' title="bbox 234 897 1018 932">
     <span class='ocr_line' id='line_1_19' title="bbox 234 897 1018 932; baseline -0.001 -7"><span class='ocrx_word' id='word_1_103' title='bbox 234 898 372 926; x_wconf 78' lang='lat' dir='ltr'><strong>Decimum</strong></span> <span class='ocrx_word' id='word_1_104' title='bbox 387 902 514 932; x_wconf 87' lang='lat' dir='ltr'><strong>quartum</strong></span> <span class='ocrx_word' id='word_1_105' title='bbox 528 899 662 924; x_wconf 75' lang='lat' dir='ltr'><strong>canticum</strong></span> <span class='ocrx_word' id='word_1_106' title='bbox 676 897 795 925; x_wconf 85' lang='lat' dir='ltr'><strong>declarat</strong></span> <span class='ocrx_word' id='word_1_107' title='bbox 806 898 907 925; x_wconf 92' lang='lat' dir='ltr'><strong>bonum</strong></span> <span class='ocrx_word' id='word_1_108' title='bbox 924 905 938 924; x_wconf 90' lang='lat' dir='ltr'><strong>a</strong></span> <span class='ocrx_word' id='word_1_109' title='bbox 956 897 1018 924; x_wconf 81' lang='lat' dir='ltr'><strong>Sal-</strong></span> 
     </span>
    </p>
   </div>
   <div class='ocr_carea' id='block_1_20' title="bbox 268 943 1016 978">
    <p class='ocr_par' dir='ltr' id='par_1_20' title="bbox 268 943 1016 978">
     <span class='ocr_line' id='line_1_20' title="bbox 268 943 1016 978; baseline 0 -8"><span class='ocrx_word' id='word_1_110' title='bbox 268 950 376 976; x_wconf 76' lang='lat' dir='ltr'><strong>vatore,</strong></span> <span class='ocrx_word' id='word_1_111' title='bbox 396 947 542 978; x_wconf 84' lang='lat' dir='ltr'><strong>postquam</strong></span> <span class='ocrx_word' id='word_1_112' title='bbox 569 943 658 971; x_wconf 73' lang='lat' dir='ltr'><strong>illuxit</strong></span> <span class='ocrx_word' id='word_1_113' title='bbox 680 943 854 976; x_wconf 87' lang='lat' dir='ltr'><strong>hominibus,</strong></span> <span class='ocrx_word' id='word_1_114' title='bbox 879 943 1016 977; x_wconf 81' lang='lat' dir='ltr'><strong>collatum,</strong></span> 
     </span>
    </p>
   </div>
   <div class='ocr_carea' id='block_1_21' title="bbox 266 990 384 1016">
    <p class='ocr_par' dir='ltr' id='par_1_21' title="bbox 266 990 384 1016">
     <span class='ocr_line' id='line_1_21' title="bbox 266 990 384 1016; baseline 0 0"><span class='ocrx_word' id='word_1_115' title='bbox 266 990 360 1016; x_wconf 88' lang='lat' dir='ltr'><strong>dicens</strong></span> <span class='ocrx_word' id='word_1_116' title='bbox 377 998 384 1016; x_wconf 94' lang='lat'>:</span> 
     </span>
    </p>
   </div>
   <div class='ocr_carea' id='block_1_22' title="bbox 267 1034 1016 1070">
    <p class='ocr_par' dir='ltr' id='par_1_22' title="bbox 267 1034 1016 1070">
     <span class='ocr_line' id='line_1_22' title="bbox 267 1034 1016 1070; baseline -0.001 -8"><span class='ocrx_word' id='word_1_117' title='bbox 267 1035 292 1068; x_wconf 75' lang='grc'><strong>1,</strong></span> <span class='ocrx_word' id='word_1_118' title='bbox 303 1034 329 1062; x_wconf 81' lang='grc'><strong>2.</strong></span> <span class='ocrx_word' id='word_1_119' title='bbox 348 1034 414 1062; x_wconf 83' lang='lat' dir='ltr'><strong>Ecce</strong></span> <span class='ocrx_word' id='word_1_120' title='bbox 432 1043 515 1070; x_wconf 79' lang='lat' dir='ltr'><strong>quam</strong></span> <span class='ocrx_word' id='word_1_121' title='bbox 523 1034 622 1062; x_wconf 63' lang='lat' dir='ltr'><strong>bonum</strong></span> <span class='ocrx_word' id='word_1_122' title='bbox 635 1039 659 1062; x_wconf 83' lang='lat' dir='ltr'><strong>et</strong></span> <span class='ocrx_word' id='word_1_123' title='bbox 676 1043 756 1068; x_wconf 86' lang='lat' dir='ltr'><strong>quam</strong></span> <span class='ocrx_word' id='word_1_124' title='bbox 764 1035 921 1070; x_wconf 86' lang='lat' dir='ltr'><strong>jucundum.</strong></span> <span class='ocrx_word' id='word_1_125' title='bbox 942 1034 1016 1062; x_wconf 87' lang='lat' dir='ltr'><strong>Sicut</strong></span> 
     </span>
    </p>
   </div>
   <div class='ocr_carea' id='block_1_23' title="bbox 231 1079 1016 1116">
    <p class='ocr_par' dir='ltr' id='par_1_23' title="bbox 231 1079 1016 1116">
     <span class='ocr_line' id='line_1_23' title="bbox 231 1079 1016 1116; baseline -0.003 -8"><span class='ocrx_word' id='word_1_126' title='bbox 231 1085 390 1115; x_wconf 75' lang='lat' dir='ltr'><strong>unguentum</strong></span> <span class='ocrx_word' id='word_1_127' title='bbox 405 1081 432 1106; x_wconf 90' lang='lat' dir='ltr'><strong>in</strong></span> <span class='ocrx_word' id='word_1_128' title='bbox 446 1080 619 1116; x_wconf 83' lang='lat' dir='ltr'><strong>capite,quad</strong></span> <span class='ocrx_word' id='word_1_129' title='bbox 632 1080 763 1107; x_wconf 70' lang='lat' dir='ltr'><strong>descendit</strong></span> <span class='ocrx_word' id='word_1_130' title='bbox 778 1080 806 1106; x_wconf 88' lang='lat' dir='ltr'><strong>in</strong></span> <span class='ocrx_word' id='word_1_131' title='bbox 819 1079 937 1106; x_wconf 85' lang='lat' dir='ltr'><strong>barbam.</strong></span> <span class='ocrx_word' id='word_1_132' title='bbox 947 1079 1016 1107; x_wconf 86' lang='lat' dir='ltr'><strong>Cum</strong></span> 
     </span>
    </p>
   </div>
   <div class='ocr_carea' id='block_1_24' title="bbox 231 1125 1016 1162">
    <p class='ocr_par' dir='ltr' id='par_1_24' title="bbox 231 1125 1016 1162">
     <span class='ocr_line' id='line_1_24' title="bbox 231 1125 1016 1162; baseline -0.003 -8"><span class='ocrx_word' id='word_1_133' title='bbox 231 1131 392 1162; x_wconf 77' lang='lat' dir='ltr'><strong>congregata</strong></span> <span class='ocrx_word' id='word_1_134' title='bbox 403 1145 411 1158; x_wconf 86' lang='lat'><strong>,</strong></span> <span class='ocrx_word' id='word_1_135' title='bbox 443 1127 530 1161; x_wconf 80' lang='lat' dir='ltr'><strong>inquit</strong></span> <span class='ocrx_word' id='word_1_136' title='bbox 542 1146 549 1158; x_wconf 91' lang='lat'><strong>,</strong></span> <span class='ocrx_word' id='word_1_137' title='bbox 566 1126 648 1153; x_wconf 88' lang='lat' dir='ltr'><strong>fuerit</strong></span> <span class='ocrx_word' id='word_1_138' title='bbox 675 1125 794 1153; x_wconf 84' lang='lat' dir='ltr'><strong>Ecclesia</strong></span> <span class='ocrx_word' id='word_1_139' title='bbox 807 1146 813 1158; x_wconf 93' lang='lat'><strong>,</strong></span> <span class='ocrx_word' id='word_1_140' title='bbox 827 1130 854 1153; x_wconf 91' lang='lat' dir='ltr'><strong>et</strong></span> <span class='ocrx_word' id='word_1_141' title='bbox 871 1126 1016 1160; x_wconf 80' lang='lat' dir='ltr'><strong>quemdam</strong></span> 
     </span>
    </p>
   </div>
   <div class='ocr_carea' id='block_1_25' title="bbox 230 1171 1016 1207">
    <p class='ocr_par' dir='ltr' id='par_1_25' title="bbox 230 1171 1016 1207">
     <span class='ocr_line' id='line_1_25' title="bbox 230 1171 1016 1207; baseline -0.004 -6"><span class='ocrx_word' id='word_1_142' title='bbox 230 1180 280 1201; x_wconf 82' lang='lat' dir='ltr'><strong>ceu</strong></span> <span class='ocrx_word' id='word_1_143' title='bbox 293 1177 452 1200; x_wconf 83' lang='lat' dir='ltr'><strong>concentum</strong></span> <span class='ocrx_word' id='word_1_144' title='bbox 472 1172 583 1200; x_wconf 81' lang='lat' dir='ltr'><strong>fecerit:</strong></span> <span class='ocrx_word' id='word_1_145' title='bbox 603 1177 659 1199; x_wconf 90' lang='lat' dir='ltr'><strong>tum</strong></span> <span class='ocrx_word' id='word_1_146' title='bbox 677 1172 770 1199; x_wconf 88' lang='lat' dir='ltr'><strong>unctio</strong></span> <span class='ocrx_word' id='word_1_147' title='bbox 794 1172 882 1199; x_wconf 87' lang='lat' dir='ltr'><strong>sancti</strong></span> <span class='ocrx_word' id='word_1_148' title='bbox 896 1171 1016 1207; x_wconf 83' lang='lat' dir='ltr'><strong>Spiritus</strong></span> 
     </span>
    </p>
   </div>
   <div class='ocr_carea' id='block_1_26' title="bbox 231 1218 1016 1253">
    <p class='ocr_par' dir='ltr' id='par_1_26' title="bbox 231 1218 1016 1253">
     <span class='ocr_line' id='line_1_26' title="bbox 231 1218 1016 1253; baseline -0.004 -6"><span class='ocrx_word' id='word_1_149' title='bbox 231 1227 264 1246; x_wconf 86' lang='lat' dir='ltr'><strong>ac</strong></span> <span class='ocrx_word' id='word_1_150' title='bbox 277 1219 457 1247; x_wconf 84' lang='lat' dir='ltr'><strong>sacerdotium</strong></span> <span class='ocrx_word' id='word_1_151' title='bbox 470 1218 622 1249; x_wconf 82' lang='lat' dir='ltr'><strong>inducetur,</strong></span> <span class='ocrx_word' id='word_1_152' title='bbox 636 1218 753 1253; x_wconf 87' lang='lat' dir='ltr'><strong>primum</strong></span> <span class='ocrx_word' id='word_1_153' title='bbox 768 1218 877 1252; x_wconf 89' lang='lat' dir='ltr'><strong>quidem</strong></span> <span class='ocrx_word' id='word_1_154' title='bbox 893 1218 920 1245; x_wconf 94' lang='lat' dir='ltr'><strong>in</strong></span> <span class='ocrx_word' id='word_1_155' title='bbox 935 1222 1016 1252; x_wconf 86' lang='lat' dir='ltr'><strong>caput</strong></span> 
     </span>
    </p>
   </div>
   <div class='ocr_carea' id='block_1_27' title="bbox 233 1263 1013 1299">
    <p class='ocr_par' dir='ltr' id='par_1_27' title="bbox 233 1263 1013 1299">
     <span class='ocr_line' id='line_1_27' title="bbox 233 1263 1013 1299; baseline -0.001 -7"><span class='ocrx_word' id='word_1_156' title='bbox 233 1264 375 1298; x_wconf 61' lang='lat' dir='ltr'><strong>Ecclesiae,</strong></span> <span class='ocrx_word' id='word_1_157' title='bbox 395 1264 468 1299; x_wconf 90' lang='lat' dir='ltr'><strong>quod</strong></span> <span class='ocrx_word' id='word_1_158' title='bbox 492 1268 534 1291; x_wconf 84' lang='lat' dir='ltr'><strong>est</strong></span> <span class='ocrx_word' id='word_1_159' title='bbox 553 1263 680 1291; x_wconf 86' lang='lat' dir='ltr'><strong>Christus</strong></span> <span class='ocrx_word' id='word_1_160' title='bbox 701 1264 819 1292; x_wconf 89' lang='lat' dir='ltr'><strong>:deinde</strong></span> <span class='ocrx_word' id='word_1_161' title='bbox 843 1264 870 1291; x_wconf 92' lang='lat' dir='ltr'><strong>in</strong></span> <span class='ocrx_word' id='word_1_162' title='bbox 891 1264 1013 1297; x_wconf 84' lang='lat' dir='ltr'><strong>barbam,</strong></span> 
     </span>
    </p>
   </div>
   <div class='ocr_carea' id='block_1_28' title="bbox 230 1307 1015 1344">
    <p class='ocr_par' dir='ltr' id='par_1_28' title="bbox 230 1307 1015 1344">
     <span class='ocr_line' id='line_1_28' title="bbox 230 1307 1015 1344; baseline 0 -8"><span class='ocrx_word' id='word_1_163' title='bbox 230 1316 292 1344; x_wconf 77' lang='lat' dir='ltr'><strong>qua:</strong></span> <span class='ocrx_word' id='word_1_164' title='bbox 315 1313 357 1336; x_wconf 86' lang='lat' dir='ltr'><strong>est</strong></span> <span class='ocrx_word' id='word_1_165' title='bbox 378 1309 461 1336; x_wconf 83' lang='lat' dir='ltr'><strong>decor</strong></span> <span class='ocrx_word' id='word_1_166' title='bbox 481 1307 560 1335; x_wconf 80' lang='lat' dir='ltr'><strong>faciei</strong></span> <span class='ocrx_word' id='word_1_167' title='bbox 576 1307 713 1336; x_wconf 67' lang='lat' dir='ltr'><strong>Ecclesiae.</strong></span> <span class='ocrx_word' id='word_1_168' title='bbox 730 1307 779 1335; x_wconf 89' lang='lat' dir='ltr'><strong>Hic</strong></span> <span class='ocrx_word' id='word_1_169' title='bbox 798 1314 889 1336; x_wconf 73' lang='lat' dir='ltr'><strong>autem</strong></span> <span class='ocrx_word' id='word_1_170' title='bbox 913 1310 1015 1336; x_wconf 86' lang='lat' dir='ltr'><strong>intelli-</strong></span> 
     </span>
    </p>
   </div>
   <div class='ocr_carea' id='block_1_29' title="bbox 232 1353 1014 1390">
    <p class='ocr_par' dir='ltr' id='par_1_29' title="bbox 232 1353 1014 1390">
     <span class='ocr_line' id='line_1_29' title="bbox 232 1353 1014 1390; baseline 0.003 -9"><span class='ocrx_word' id='word_1_171' title='bbox 232 1358 333 1389; x_wconf 73' lang='lat' dir='ltr'><strong>guntur</strong></span> <span class='ocrx_word' id='word_1_172' title='bbox 356 1354 481 1388; x_wconf 82' lang='lat' dir='ltr'><strong>apostoli.</strong></span> <span class='ocrx_word' id='word_1_173' title='bbox 496 1353 636 1381; x_wconf 81' lang='lat' dir='ltr'><strong>Postremo</strong></span> <span class='ocrx_word' id='word_1_174' title='bbox 657 1359 746 1382; x_wconf 87' lang='lat' dir='ltr'><strong>autem</strong></span> <span class='ocrx_word' id='word_1_175' title='bbox 762 1355 795 1382; x_wconf 89' lang='lat' dir='ltr'><strong>ad</strong></span> <span class='ocrx_word' id='word_1_176' title='bbox 810 1360 896 1382; x_wconf 86' lang='lat' dir='ltr'><strong>totum</strong></span> <span class='ocrx_word' id='word_1_177' title='bbox 915 1363 1014 1390; x_wconf 81' lang='lat' dir='ltr'><strong>corpus</strong></span> 
     </span>
    </p>
   </div>
   <div class='ocr_carea' id='block_1_30' title="bbox 231 1400 1014 1436">
    <p class='ocr_par' dir='ltr' id='par_1_30' title="bbox 231 1400 1014 1436">
     <span class='ocr_line' id='line_1_30' title="bbox 231 1400 1014 1436; baseline 0.004 -10"><span class='ocrx_word' id='word_1_178' title='bbox 231 1400 398 1434; x_wconf 83' lang='lat' dir='ltr'><strong>pertransiit,</strong></span> <span class='ocrx_word' id='word_1_179' title='bbox 412 1400 438 1426; x_wconf 89' lang='lat' dir='ltr'><strong>id</strong></span> <span class='ocrx_word' id='word_1_180' title='bbox 463 1404 505 1427; x_wconf 89' lang='lat' dir='ltr'><strong>est</strong></span> <span class='ocrx_word' id='word_1_181' title='bbox 519 1400 552 1427; x_wconf 87' lang='lat' dir='ltr'><strong>ad</strong></span> <span class='ocrx_word' id='word_1_182' title='bbox 575 1408 669 1428; x_wconf 85' lang='lat' dir='ltr'><strong>omnes</strong></span> <span class='ocrx_word' id='word_1_183' title='bbox 686 1403 731 1436; x_wconf 84' lang='lat' dir='ltr'><strong>qui</strong></span> <span class='ocrx_word' id='word_1_184' title='bbox 749 1401 776 1428; x_wconf 89' lang='lat' dir='ltr'><strong>in</strong></span> <span class='ocrx_word' id='word_1_185' title='bbox 796 1400 917 1429; x_wconf 81' lang='lat' dir='ltr'><strong>Ecclesia</strong></span> <span class='ocrx_word' id='word_1_186' title='bbox 933 1401 1014 1430; x_wconf 68' lang='lat' dir='ltr'><strong>Chri-</strong></span> 
     </span>
    </p>
   </div>
   <div class='ocr_carea' id='block_1_31' title="bbox 230 1445 475 1472">
    <p class='ocr_par' dir='ltr' id='par_1_31' title="bbox 230 1445 475 1472">
     <span class='ocr_line' id='line_1_31' title="bbox 230 1445 475 1472; baseline -0.004 0"><span class='ocrx_word' id='word_1_187' title='bbox 230 1449 303 1472; x_wconf 87' lang='lat' dir='ltr'><strong>stum</strong></span> <span class='ocrx_word' id='word_1_188' title='bbox 318 1445 475 1472; x_wconf 82' lang='lat' dir='ltr'><strong>induerunt.</strong></span> 
     </span>
    </p>
   </div>
   <div class='ocr_carea' id='block_1_32' title="bbox 265 1533 1012 1570">
    <p class='ocr_par' dir='ltr' id='par_1_32' title="bbox 265 1533 1012 1570">
     <span class='ocr_line' id='line_1_32' title="bbox 265 1533 1012 1570; baseline 0.003 -10"><span class='ocrx_word' id='word_1_189' title='bbox 265 1534 293 1563; x_wconf 76' lang='lat'><strong>5.</strong></span> <span class='ocrx_word' id='word_1_190' title='bbox 302 1534 433 1566; x_wconf 77' lang='lat' dir='ltr'><strong>Quoniam</strong></span> <span class='ocrx_word' id='word_1_191' title='bbox 443 1535 498 1562; x_wconf 80' lang='lat' dir='ltr'><strong>illic</strong></span> <span class='ocrx_word' id='word_1_192' title='bbox 509 1535 644 1562; x_wconf 75' lang='lat' dir='ltr'><strong>mandavit</strong></span> <span class='ocrx_word' id='word_1_193' title='bbox 658 1533 786 1562; x_wconf 77' lang='lat' dir='ltr'><strong>Dominus</strong></span> <span class='ocrx_word' id='word_1_194' title='bbox 798 1535 1012 1570; x_wconf 73' lang='lat' dir='ltr'><strong>benedictionem,</strong></span> 
     </span>
    </p>
   </div>
   <div class='ocr_carea' id='block_1_33' title="bbox 227 1579 1013 1616">
    <p class='ocr_par' dir='ltr' id='par_1_33' title="bbox 227 1579 1013 1616">
     <span class='ocr_line' id='line_1_33' title="bbox 227 1579 1013 1616; baseline 0.001 -9"><span class='ocrx_word' id='word_1_195' title='bbox 227 1583 255 1607; x_wconf 73' lang='lat' dir='ltr'><strong>et</strong></span> <span class='ocrx_word' id='word_1_196' title='bbox 267 1580 349 1607; x_wconf 78' lang='lat' dir='ltr'><strong>vitam</strong></span> <span class='ocrx_word' id='word_1_197' title='bbox 364 1588 443 1615; x_wconf 79' lang='lat' dir='ltr'><strong>usque</strong></span> <span class='ocrx_word' id='word_1_198' title='bbox 458 1581 485 1606; x_wconf 89' lang='lat' dir='ltr'><strong>in</strong></span> <span class='ocrx_word' id='word_1_199' title='bbox 496 1581 631 1608; x_wconf 74' lang='lat' dir='ltr'><strong>swculum.</strong></span> <span class='ocrx_word' id='word_1_200' title='bbox 647 1579 724 1613; x_wconf 78' lang='lat' dir='ltr'><strong>Illic,</strong></span> <span class='ocrx_word' id='word_1_201' title='bbox 738 1581 792 1612; x_wconf 86' lang='lat' dir='ltr'><strong>ait,</strong></span> <span class='ocrx_word' id='word_1_202' title='bbox 807 1581 930 1608; x_wconf 84' lang='lat' dir='ltr'><strong>videlicet</strong></span> <span class='ocrx_word' id='word_1_203' title='bbox 943 1582 1013 1616; x_wconf 84' lang='lat' dir='ltr'><strong>apud</strong></span> 
     </span>
    </p>
   </div>
   <div class='ocr_carea' id='block_1_34' title="bbox 229 1625 1014 1661">
    <p class='ocr_par' dir='ltr' id='par_1_34' title="bbox 229 1625 1014 1661">
     <span class='ocr_line' id='line_1_34' title="bbox 229 1625 1014 1661; baseline 0.003 -9"><span class='ocrx_word' id='word_1_204' title='bbox 229 1625 327 1654; x_wconf 81' lang='lat' dir='ltr'><strong>fratres</strong></span> <span class='ocrx_word' id='word_1_205' title='bbox 342 1627 494 1654; x_wconf 82' lang='lat' dir='ltr'><strong>habitantes</strong></span> <span class='ocrx_word' id='word_1_206' title='bbox 515 1627 543 1654; x_wconf 92' lang='lat' dir='ltr'><strong>in</strong></span> <span class='ocrx_word' id='word_1_207' title='bbox 560 1635 642 1654; x_wconf 89' lang='lat' dir='ltr'><strong>unum</strong></span> <span class='ocrx_word' id='word_1_208' title='bbox 658 1636 665 1659; x_wconf 88' lang='lat'><strong>;</strong></span> <span class='ocrx_word' id='word_1_209' title='bbox 682 1631 706 1654; x_wconf 82' lang='lat' dir='ltr'><strong>et</strong></span> <span class='ocrx_word' id='word_1_210' title='bbox 728 1627 830 1659; x_wconf 73' lang='lat' dir='ltr'><strong>vitam;</strong></span> <span class='ocrx_word' id='word_1_211' title='bbox 847 1635 900 1654; x_wconf 92' lang='lat' dir='ltr'><strong>non</strong></span> <span class='ocrx_word' id='word_1_212' title='bbox 919 1635 1014 1661; x_wconf 85' lang='lat' dir='ltr'><strong>quam-</strong></span> 
     </span>
    </p>
   </div>
   <div class='ocr_carea' id='block_1_35' title="bbox 229 1670 1014 1703">
    <p class='ocr_par' dir='ltr' id='par_1_35' title="bbox 229 1670 1014 1703">
     <span class='ocr_line' id='line_1_35' title="bbox 229 1670 1014 1703; baseline 0.003 -5"><span class='ocrx_word' id='word_1_213' title='bbox 229 1670 305 1703; x_wconf 83' lang='lat' dir='ltr'><strong>libet,</strong></span> <span class='ocrx_word' id='word_1_214' title='bbox 329 1672 376 1699; x_wconf 87' lang='lat' dir='ltr'><strong>sed</strong></span> <span class='ocrx_word' id='word_1_215' title='bbox 399 1672 590 1699; x_wconf 85' lang='lat' dir='ltr'><strong>immortalem.</strong></span> <span class='ocrx_word' id='word_1_216' title='bbox 610 1672 637 1699; x_wconf 93' lang='lat' dir='ltr'><strong>In</strong></span> <span class='ocrx_word' id='word_1_217' title='bbox 662 1671 726 1699; x_wconf 89' lang='lat' dir='ltr'><strong>Sion</strong></span> <span class='ocrx_word' id='word_1_218' title='bbox 754 1673 826 1699; x_wconf 89' lang='lat' dir='ltr'><strong>enim</strong></span> <span class='ocrx_word' id='word_1_219' title='bbox 847 1673 1014 1700; x_wconf 82' lang='lat' dir='ltr'><strong>sanctissimi</strong></span> 
     </span>
    </p>
   </div>
   <div class='ocr_carea' id='block_1_36' title="bbox 230 1716 1014 1754">
    <p class='ocr_par' dir='ltr' id='par_1_36' title="bbox 230 1716 1014 1754">
     <span class='ocr_line' id='line_1_36' title="bbox 230 1716 1014 1754; baseline 0.004 -10"><span class='ocrx_word' id='word_1_220' title='bbox 230 1716 348 1750; x_wconf 84' lang='lat' dir='ltr'><strong>Spiritus</strong></span> <span class='ocrx_word' id='word_1_221' title='bbox 363 1726 409 1746; x_wconf 89' lang='lat' dir='ltr'><strong>ros</strong></span> <span class='ocrx_word' id='word_1_222' title='bbox 425 1719 549 1746; x_wconf 83' lang='lat' dir='ltr'><strong>vivificus</strong></span> <span class='ocrx_word' id='word_1_223' title='bbox 566 1719 593 1746; x_wconf 92' lang='lat' dir='ltr'><strong>in</strong></span> <span class='ocrx_word' id='word_1_224' title='bbox 611 1726 705 1746; x_wconf 88' lang='lat' dir='ltr'><strong>sacros</strong></span> <span class='ocrx_word' id='word_1_225' title='bbox 724 1719 862 1754; x_wconf 81' lang='lat' dir='ltr'><strong>apostolos</strong></span> <span class='ocrx_word' id='word_1_226' title='bbox 878 1719 1014 1747; x_wconf 87' lang='lat' dir='ltr'><strong>demissus</strong></span> 
     </span>
    </p>
   </div>
   <div class='ocr_carea' id='block_1_37' title="bbox 228 1765 1012 1800">
    <p class='ocr_par' dir='ltr' id='par_1_37' title="bbox 228 1765 1012 1800">
     <span class='ocr_line' id='line_1_37' title="bbox 228 1765 1012 1800; baseline 0.003 -10"><span class='ocrx_word' id='word_1_227' title='bbox 228 1768 281 1797; x_wconf 87' lang='lat' dir='ltr'><strong>est,</strong></span> <span class='ocrx_word' id='word_1_228' title='bbox 296 1772 344 1798; x_wconf 86' lang='lat' dir='ltr'><strong>per</strong></span> <span class='ocrx_word' id='word_1_229' title='bbox 361 1772 442 1800; x_wconf 87' lang='lat' dir='ltr'><strong>quem</strong></span> <span class='ocrx_word' id='word_1_230' title='bbox 467 1772 562 1792; x_wconf 88' lang='lat' dir='ltr'><strong>omnes</strong></span> <span class='ocrx_word' id='word_1_231' title='bbox 586 1765 633 1800; x_wconf 90' lang='lat' dir='ltr'><strong>qui</strong></span> <span class='ocrx_word' id='word_1_232' title='bbox 657 1765 771 1792; x_wconf 89' lang='lat' dir='ltr'><strong>credunt</strong></span> <span class='ocrx_word' id='word_1_233' title='bbox 795 1765 1012 1793; x_wconf 78' lang='lat' dir='ltr'><strong>benedictionem</strong></span> 
     </span>
    </p>
   </div>
   <div class='ocr_carea' id='block_1_38' title="bbox 227 1810 1013 1845">
    <p class='ocr_par' dir='ltr' id='par_1_38' title="bbox 227 1810 1013 1845">
     <span class='ocr_line' id='line_1_38' title="bbox 227 1810 1013 1845; baseline 0.001 -8"><span class='ocrx_word' id='word_1_234' title='bbox 227 1813 355 1837; x_wconf 59' lang='lat' dir='ltr'><strong>aeternam</strong></span> <span class='ocrx_word' id='word_1_235' title='bbox 371 1815 584 1845; x_wconf 87' lang='lat' dir='ltr'><strong>consequuntur.</strong></span> <span class='ocrx_word' id='word_1_236' title='bbox 604 1810 715 1838; x_wconf 86' lang='lat' dir='ltr'><strong>Illorum</strong></span> <span class='ocrx_word' id='word_1_237' title='bbox 728 1810 800 1837; x_wconf 87' lang='lat' dir='ltr'><strong>enim</strong></span> <span class='ocrx_word' id='word_1_238' title='bbox 819 1818 865 1838; x_wconf 91' lang='lat' dir='ltr'><strong>cor</strong></span> <span class='ocrx_word' id='word_1_239' title='bbox 880 1815 907 1838; x_wconf 85' lang='lat' dir='ltr'><strong>et</strong></span> <span class='ocrx_word' id='word_1_240' title='bbox 921 1811 1013 1838; x_wconf 81' lang='lat' dir='ltr'><strong>anima</strong></span> 
     </span>
    </p>
   </div>
   <div class='ocr_carea' id='block_1_39' title="bbox 228 1861 294 1883">
    <p class='ocr_par' dir='ltr' id='par_1_39' title="bbox 228 1861 294 1883">
     <span class='ocr_line' id='line_1_39' title="bbox 228 1861 294 1883; baseline -0.015 0"><span class='ocrx_word' id='word_1_241' title='bbox 228 1861 294 1883; x_wconf 85' lang='lat' dir='ltr'><strong>una.</strong></span> 
     </span>
    </p>
   </div>
   <div class='ocr_carea' id='block_1_40' title="bbox 385 1945 853 1982">
    <p class='ocr_par' dir='ltr' id='par_1_40' title="bbox 385 1945 853 1982">
     <span class='ocr_line' id='line_1_40' title="bbox 385 1945 853 1982; baseline 0.004 -9"><span class='ocrx_word' id='word_1_242' title='bbox 385 1945 523 1974; x_wconf 84' lang='lat' dir='ltr'><strong>Canticum</strong></span> <span class='ocrx_word' id='word_1_243' title='bbox 540 1948 678 1982; x_wconf 83' lang='lat' dir='ltr'><strong>graduum.</strong></span> <span class='ocrx_word' id='word_1_244' title='bbox 689 1946 853 1975; x_wconf 78' lang='lat' dir='ltr'><strong>CXXXIII.</strong></span> 
     </span>
    </p>
   </div>
   <div class='ocr_carea' id='block_1_41' title="bbox 261 1990 1012 2027">
    <p class='ocr_par' dir='ltr' id='par_1_41' title="bbox 261 1990 1012 2027">
     <span class='ocr_line' id='line_1_41' title="bbox 261 1990 1012 2027; baseline 0.008 -10"><span class='ocrx_word' id='word_1_245' title='bbox 261 1991 288 2019; x_wconf 79' lang='grc'><strong>1.</strong></span> <span class='ocrx_word' id='word_1_246' title='bbox 313 1990 379 2019; x_wconf 85' lang='lat' dir='ltr'><strong>Ecce</strong></span> <span class='ocrx_word' id='word_1_247' title='bbox 400 2001 468 2021; x_wconf 85' lang='lat' dir='ltr'><strong>nunc</strong></span> <span class='ocrx_word' id='word_1_248' title='bbox 490 1994 630 2022; x_wconf 83' lang='lat' dir='ltr'><strong>benedicite</strong></span> <span class='ocrx_word' id='word_1_249' title='bbox 655 1994 814 2027; x_wconf 84' lang='lat' dir='ltr'><strong>Dominum,</strong></span> <span class='ocrx_word' id='word_1_250' title='bbox 835 2002 923 2021; x_wconf 78' lang='lat' dir='ltr'><strong>omnes</strong></span> <span class='ocrx_word' id='word_1_251' title='bbox 945 1994 1012 2023; x_wconf 69' lang='lat' dir='ltr'><strong>servi</strong></span> 
     </span>
    </p>
   </div>
   <div class='ocr_carea' id='block_1_42' title="bbox 229 2035 346 2065">
    <p class='ocr_par' dir='ltr' id='par_1_42' title="bbox 229 2035 346 2065">
     <span class='ocr_line' id='line_1_42' title="bbox 229 2035 346 2065; baseline 0.017 -2"><span class='ocrx_word' id='word_1_252' title='bbox 229 2035 346 2065; x_wconf 86' lang='lat' dir='ltr'><strong>Domini.</strong></span> 
     </span>
    </p>
   </div>
   <div class='ocr_carea' id='block_1_43' title="bbox 517 2084 718 2119">
    <p class='ocr_par' dir='ltr' id='par_1_43' title="bbox 517 2084 718 2119">
     <span class='ocr_line' id='line_1_43' title="bbox 517 2084 718 2119; baseline 0.005 -9"><span class='ocrx_word' id='word_1_253' title='bbox 517 2084 718 2119; x_wconf 69' lang='lat' dir='ltr'><strong>Argumentum.</strong></span> 
     </span>
    </p>
   </div>
   <div class='ocr_carea' id='block_1_44' title="bbox 227 2125 1012 2166">
    <p class='ocr_par' dir='ltr' id='par_1_44' title="bbox 227 2125 1012 2166">
     <span class='ocr_line' id='line_1_44' title="bbox 227 2125 1012 2166; baseline 0.003 -10"><span class='ocrx_word' id='word_1_254' title='bbox 227 2125 367 2157; x_wconf 77' lang='lat' dir='ltr'><strong>Decimum</strong></span> <span class='ocrx_word' id='word_1_255' title='bbox 381 2129 507 2164; x_wconf 88' lang='lat' dir='ltr'><strong>quintum</strong></span> <span class='ocrx_word' id='word_1_256' title='bbox 523 2130 672 2161; x_wconf 83' lang='lat' dir='ltr'><strong>canticum,</strong></span> <span class='ocrx_word' id='word_1_257' title='bbox 689 2129 766 2164; x_wconf 83' lang='lat' dir='ltr'><strong>jubet</strong></span> <span class='ocrx_word' id='word_1_258' title='bbox 786 2138 834 2158; x_wconf 89' lang='lat' dir='ltr'><strong>eos</strong></span> <span class='ocrx_word' id='word_1_259' title='bbox 859 2130 905 2166; x_wconf 91' lang='lat' dir='ltr'><strong>qui</strong></span> <span class='ocrx_word' id='word_1_260' title='bbox 922 2130 1012 2158; x_wconf 85' lang='lat' dir='ltr'><strong>adhuc</strong></span> 
     </span>
    </p>
   </div>
   <div class='ocr_carea' id='block_1_45' title="bbox 263 2173 1050 2206">
    <p class='ocr_par' dir='ltr' id='par_1_45' title="bbox 263 2173 1050 2206">
     <span class='ocr_line' id='line_1_45' title="bbox 263 2173 1050 2206; baseline 0.003 -6"><span class='ocrx_word' id='word_1_261' title='bbox 263 2173 292 2201; x_wconf 74' lang='lat' dir='ltr'><strong>in</strong></span> <span class='ocrx_word' id='word_1_262' title='bbox 304 2173 425 2202; x_wconf 86' lang='lat' dir='ltr'><strong>Ecclesia</strong></span> <span class='ocrx_word' id='word_1_263' title='bbox 438 2175 628 2202; x_wconf 85' lang='lat' dir='ltr'><strong>catechumeni</strong></span> <span class='ocrx_word' id='word_1_264' title='bbox 639 2181 704 2202; x_wconf 85' lang='lat' dir='ltr'><strong>sunt</strong></span> <span class='ocrx_word' id='word_1_265' title='bbox 718 2175 828 2202; x_wconf 85' lang='lat' dir='ltr'><strong>laudare</strong></span> <span class='ocrx_word' id='word_1_266' title='bbox 839 2174 935 2202; x_wconf 89' lang='lat' dir='ltr'><strong>Deum.</strong></span> <span class='ocrx_word' id='word_1_267' title='bbox 949 2174 1013 2202; x_wconf 85' lang='lat' dir='ltr'><strong>Ser-</strong></span> <span class='ocrx_word' id='word_1_268' title='bbox 1028 2178 1050 2206; x_wconf 83' lang='grc' dir='ltr'>ι)</span> 
     </span>
    </p>
   </div>
   <div class='ocr_carea' id='block_1_46' title="bbox 261 2220 1012 2256">
    <p class='ocr_par' dir='ltr' id='par_1_46' title="bbox 261 2220 1012 2256">
     <span class='ocr_line' id='line_1_46' title="bbox 261 2220 1012 2256; baseline 0.003 -10"><span class='ocrx_word' id='word_1_269' title='bbox 261 2226 312 2246; x_wconf 73' lang='lat' dir='ltr'><strong>vos</strong></span> <span class='ocrx_word' id='word_1_270' title='bbox 327 2224 417 2247; x_wconf 77' lang='lat' dir='ltr'><strong>autem</strong></span> <span class='ocrx_word' id='word_1_271' title='bbox 435 2224 514 2246; x_wconf 90' lang='lat' dir='ltr'><strong>vocat</strong></span> <span class='ocrx_word' id='word_1_272' title='bbox 538 2220 630 2255; x_wconf 84' lang='lat' dir='ltr'><strong>ipsos,</strong></span> <span class='ocrx_word' id='word_1_273' title='bbox 648 2224 741 2255; x_wconf 83' lang='lat' dir='ltr'><strong>utpote</strong></span> <span class='ocrx_word' id='word_1_274' title='bbox 758 2221 804 2256; x_wconf 91' lang='lat' dir='ltr'><strong>qui</strong></span> <span class='ocrx_word' id='word_1_275' title='bbox 822 2221 943 2248; x_wconf 91' lang='lat' dir='ltr'><strong>nondum</strong></span> <span class='ocrx_word' id='word_1_276' title='bbox 966 2220 1012 2248; x_wconf 83' lang='lat' dir='ltr'><strong>ad-</strong></span> 
     </span>
    </p>
   </div>
   <div class='ocr_carea' id='block_1_47' title="bbox 262 2267 1012 2302">
    <p class='ocr_par' dir='ltr' id='par_1_47' title="bbox 262 2267 1012 2302">
     <span class='ocr_line' id='line_1_47' title="bbox 262 2267 1012 2302; baseline 0.001 -8"><span class='ocrx_word' id='word_1_277' title='bbox 262 2267 373 2302; x_wconf 88' lang='lat' dir='ltr'><strong>optione</strong></span> <span class='ocrx_word' id='word_1_278' title='bbox 385 2267 486 2302; x_wconf 76' lang='lat' dir='ltr'><strong>dignali</strong></span> <span class='ocrx_word' id='word_1_279' title='bbox 497 2267 561 2294; x_wconf 89' lang='lat' dir='ltr'><strong>sint.</strong></span> <span class='ocrx_word' id='word_1_280' title='bbox 573 2267 600 2294; x_wconf 72' lang='lat'><strong>2.</strong></span> <span class='ocrx_word' id='word_1_281' title='bbox 615 2267 648 2294; x_wconf 85' lang='lat' dir='ltr'><strong><em>In</em></strong></span> <span class='ocrx_word' id='word_1_282' title='bbox 657 2268 777 2296; x_wconf 85' lang='lat' dir='ltr'><strong>noctibus</strong></span> <span class='ocrx_word' id='word_1_283' title='bbox 789 2268 905 2295; x_wconf 70' lang='lat' dir='ltr'><strong>cxtollite</strong></span> <span class='ocrx_word' id='word_1_284' title='bbox 918 2276 1012 2295; x_wconf 70' lang='lat' dir='ltr'><strong>manus</strong></span> 
     </span>
    </p>
   </div>
   <div class='ocr_carea' id='block_1_48' title="bbox 261 2312 1013 2341">
    <p class='ocr_par' dir='ltr' id='par_1_48' title="bbox 261 2312 1013 2341">
     <span class='ocr_line' id='line_1_48' title="bbox 261 2312 1013 2341; baseline 0.003 -3"><span class='ocrx_word' id='word_1_285' title='bbox 261 2316 361 2339; x_wconf 76' lang='lat' dir='ltr'><strong>uestras</strong></span> <span class='ocrx_word' id='word_1_286' title='bbox 381 2312 409 2338; x_wconf 83' lang='lat' dir='ltr'><strong>in</strong></span> <span class='ocrx_word' id='word_1_287' title='bbox 425 2317 528 2340; x_wconf 80' lang='lat' dir='ltr'><strong>sancta.</strong></span> <span class='ocrx_word' id='word_1_288' title='bbox 555 2312 581 2339; x_wconf 96' lang='lat' dir='ltr'><strong>In</strong></span> <span class='ocrx_word' id='word_1_289' title='bbox 605 2314 729 2341; x_wconf 86' lang='lat' dir='ltr'><strong>noctibus</strong></span> <span class='ocrx_word' id='word_1_290' title='bbox 751 2314 841 2341; x_wconf 87' lang='lat' dir='ltr'><strong>adhuc</strong></span> <span class='ocrx_word' id='word_1_291' title='bbox 863 2313 1013 2341; x_wconf 83' lang='lat' dir='ltr'><strong>consistere</strong></span> 
     </span>
    </p>
   </div>
   <div class='ocr_carea' id='block_1_49' title="bbox 262 2358 1012 2395">
    <p class='ocr_par' dir='ltr' id='par_1_49' title="bbox 262 2358 1012 2395">
     <span class='ocr_line' id='line_1_49' title="bbox 262 2358 1012 2395; baseline 0.003 -10"><span class='ocrx_word' id='word_1_292' title='bbox 262 2358 325 2386; x_wconf 82' lang='lat' dir='ltr'><strong>illos</strong></span> <span class='ocrx_word' id='word_1_293' title='bbox 342 2358 390 2390; x_wconf 91' lang='lat' dir='ltr'><strong>ait.</strong></span> <span class='ocrx_word' id='word_1_294' title='bbox 406 2359 470 2393; x_wconf 87' lang='lat' dir='ltr'><strong>quia</strong></span> <span class='ocrx_word' id='word_1_295' title='bbox 491 2360 610 2386; x_wconf 88' lang='lat' dir='ltr'><strong>nondum</strong></span> <span class='ocrx_word' id='word_1_296' title='bbox 626 2359 744 2395; x_wconf 88' lang='lat' dir='ltr'><strong>Spiritus</strong></span> <span class='ocrx_word' id='word_1_297' title='bbox 766 2360 854 2387; x_wconf 87' lang='lat' dir='ltr'><strong>sancti</strong></span> <span class='ocrx_word' id='word_1_298' title='bbox 873 2360 1012 2387; x_wconf 86' lang='lat' dir='ltr'><strong>illumina-</strong></span> 
     </span>
    </p>
   </div>
   <div class='ocr_carea' id='block_1_50' title="bbox 261 2404 521 2433">
    <p class='ocr_par' dir='ltr' id='par_1_50' title="bbox 261 2404 521 2433">
     <span class='ocr_line' id='line_1_50' title="bbox 261 2404 521 2433; baseline 0.004 -2"><span class='ocrx_word' id='word_1_299' title='bbox 261 2404 336 2432; x_wconf 86' lang='lat' dir='ltr'><strong>tione</strong></span> <span class='ocrx_word' id='word_1_300' title='bbox 346 2404 436 2433; x_wconf 88' lang='lat' dir='ltr'><strong>donati</strong></span> <span class='ocrx_word' id='word_1_301' title='bbox 448 2410 521 2433; x_wconf 86' lang='lat' dir='ltr'><strong>sunt.</strong></span> 
     </span>
    </p>
   </div>
   <div class='ocr_carea' id='block_1_51' title="bbox 261 2449 1011 2480">
    <p class='ocr_par' dir='ltr' id='par_1_51' title="bbox 261 2449 1011 2480">
     <span class='ocr_line' id='line_1_51' title="bbox 261 2449 1011 2480; baseline 0 -3"><span class='ocrx_word' id='word_1_302' title='bbox 261 2450 290 2480; x_wconf 75' lang='lat'><strong>3.</strong></span> <span class='ocrx_word' id='word_1_303' title='bbox 305 2449 447 2478; x_wconf 81' lang='lat' dir='ltr'><strong>Benedicut</strong></span> <span class='ocrx_word' id='word_1_304' title='bbox 463 2455 486 2478; x_wconf 83' lang='lat' dir='ltr'><strong>te</strong></span> <span class='ocrx_word' id='word_1_305' title='bbox 500 2451 626 2479; x_wconf 75' lang='lat' dir='ltr'><strong>Dominus</strong></span> <span class='ocrx_word' id='word_1_306' title='bbox 638 2459 670 2478; x_wconf 73' lang='lat' dir='ltr'><strong>ea:</strong></span> <span class='ocrx_word' id='word_1_307' title='bbox 688 2450 762 2478; x_wconf 77' lang='lat' dir='ltr'><strong>Sion.</strong></span> <span class='ocrx_word' id='word_1_308' title='bbox 781 2450 820 2477; x_wconf 83' lang='lat' dir='ltr'><strong>Ex</strong></span> <span class='ocrx_word' id='word_1_309' title='bbox 840 2449 905 2477; x_wconf 91' lang='lat' dir='ltr'><strong>Sion</strong></span> <span class='ocrx_word' id='word_1_310' title='bbox 923 2450 989 2477; x_wconf 87' lang='lat' dir='ltr'><strong>dicit</strong></span> <span class='ocrx_word' id='word_1_311' title='bbox 1004 2459 1011 2477; x_wconf 92' lang='lat'><strong>:</strong></span> 
     </span>
    </p>
   </div>
   <div class='ocr_carea' id='block_1_52' title="bbox 226 2495 1012 2531">
    <p class='ocr_par' dir='ltr' id='par_1_52' title="bbox 226 2495 1012 2531">
     <span class='ocr_line' id='line_1_52' title="bbox 226 2495 1012 2531; baseline 0 -8"><span class='ocrx_word' id='word_1_312' title='bbox 226 2495 291 2529; x_wconf 82' lang='lat' dir='ltr'><strong>quia</strong></span> <span class='ocrx_word' id='word_1_313' title='bbox 311 2495 364 2524; x_wconf 86' lang='lat' dir='ltr'><strong>hoc</strong></span> <span class='ocrx_word' id='word_1_314' title='bbox 386 2503 485 2524; x_wconf 92' lang='lat' dir='ltr'><strong>nomen</strong></span> <span class='ocrx_word' id='word_1_315' title='bbox 501 2497 617 2524; x_wconf 85' lang='lat' dir='ltr'><strong>amabile</strong></span> <span class='ocrx_word' id='word_1_316' title='bbox 635 2495 701 2531; x_wconf 83' lang='lat' dir='ltr'><strong>ipsis</strong></span> <span class='ocrx_word' id='word_1_317' title='bbox 720 2499 788 2527; x_wconf 87' lang='lat' dir='ltr'><strong>erat,</strong></span> <span class='ocrx_word' id='word_1_318' title='bbox 803 2495 848 2522; x_wconf 86' lang='lat' dir='ltr'><strong>ubi</strong></span> <span class='ocrx_word' id='word_1_319' title='bbox 871 2500 929 2523; x_wconf 88' lang='lat' dir='ltr'><strong>erat</strong></span> <span class='ocrx_word' id='word_1_320' title='bbox 944 2495 1012 2530; x_wconf 83' lang='lat' dir='ltr'><strong>ipsis</strong></span> 
     </span>
    </p>
   </div>
   <div class='ocr_carea' id='block_1_53' title="bbox 225 2541 1012 2578">
    <p class='ocr_par' dir='ltr' id='par_1_53' title="bbox 225 2541 1012 2578">
     <span class='ocr_line' id='line_1_53' title="bbox 225 2541 1012 2578; baseline 0 -10"><span class='ocrx_word' id='word_1_321' title='bbox 225 2542 317 2569; x_wconf 83' lang='lat' dir='ltr'><strong>omnis</strong></span> <span class='ocrx_word' id='word_1_322' title='bbox 339 2543 563 2570; x_wconf 81' lang='lat' dir='ltr'><strong>sanctiﬁcationis</strong></span> <span class='ocrx_word' id='word_1_323' title='bbox 593 2545 795 2578; x_wconf 75' lang='lat' dir='ltr'><strong>argumentum.</strong></span> <span class='ocrx_word' id='word_1_324' title='bbox 821 2541 925 2569; x_wconf 85' lang='lat' dir='ltr'><strong>Exinde</strong></span> <span class='ocrx_word' id='word_1_325' title='bbox 947 2549 1012 2569; x_wconf 85' lang='lat' dir='ltr'><strong>vero</strong></span> 
     </span>
    </p>
   </div>
   <div class='ocr_carea' id='block_1_54' title="bbox 226 2587 1009 2624">
    <p class='ocr_par' dir='ltr' id='par_1_54' title="bbox 226 2587 1009 2624">
     <span class='ocr_line' id='line_1_54' title="bbox 226 2587 1009 2624; baseline 0 -9"><span class='ocrx_word' id='word_1_326' title='bbox 226 2588 304 2616; x_wconf 90' lang='lat' dir='ltr'><strong>docet</strong></span> <span class='ocrx_word' id='word_1_327' title='bbox 317 2596 351 2616; x_wconf 79' lang='lat' dir='ltr'><strong>ex</strong></span> <span class='ocrx_word' id='word_1_328' title='bbox 363 2597 526 2624; x_wconf 85' lang='lat' dir='ltr'><strong>quocunque</strong></span> <span class='ocrx_word' id='word_1_329' title='bbox 534 2590 595 2617; x_wconf 91' lang='lat' dir='ltr'><strong>loco</strong></span> <span class='ocrx_word' id='word_1_330' title='bbox 610 2589 793 2618; x_wconf 81' lang='lat' dir='ltr'><strong>invocandum</strong></span> <span class='ocrx_word' id='word_1_331' title='bbox 810 2596 879 2622; x_wconf 61' lang='lat' dir='ltr'><strong>esse,</strong></span> <span class='ocrx_word' id='word_1_332' title='bbox 895 2587 988 2616; x_wconf 88' lang='lat' dir='ltr'><strong>dicens</strong></span> <span class='ocrx_word' id='word_1_333' title='bbox 1002 2596 1009 2615; x_wconf 92' lang='lat'>:</span> 
     </span>
    </p>
   </div>
   <div class='ocr_carea' id='block_1_55' title="bbox 225 2634 631 2670">
    <p class='ocr_par' dir='ltr' id='par_1_55' title="bbox 225 2634 631 2670">
     <span class='ocr_line' id='line_1_55' title="bbox 225 2634 631 2670; baseline -0.002 -7"><span class='ocrx_word' id='word_1_334' title='bbox 225 2634 279 2670; x_wconf 78' lang='lat' dir='ltr'><strong>Qui</strong></span> <span class='ocrx_word' id='word_1_335' title='bbox 296 2635 357 2670; x_wconf 83' lang='lat' dir='ltr'><strong>fecit</strong></span> <span class='ocrx_word' id='word_1_336' title='bbox 372 2635 464 2662; x_wconf 70' lang='lat' dir='ltr'><strong>uelum</strong></span> <span class='ocrx_word' id='word_1_337' title='bbox 482 2641 506 2662; x_wconf 86' lang='lat' dir='ltr'><strong>et</strong></span> <span class='ocrx_word' id='word_1_338' title='bbox 523 2640 631 2662; x_wconf 82' lang='lat' dir='ltr'><strong>terram.</strong></span> 
     </span>
    </p>
   </div>
   <div class='ocr_carea' id='block_1_56' title="bbox 478 2680 774 2708">
    <p class='ocr_par' dir='ltr' id='par_1_56' title="bbox 478 2680 774 2708">
     <span class='ocr_line' id='line_1_56' title="bbox 478 2680 774 2708; baseline 0.007 -2"><span class='ocrx_word' id='word_1_339' title='bbox 478 2681 603 2708; x_wconf 83' lang='lat' dir='ltr'><strong>Alleluia.</strong></span> <span class='ocrx_word' id='word_1_340' title='bbox 618 2680 774 2708; x_wconf 83' lang='lat' dir='ltr'><strong><em>CXXXIV.</em></strong></span> 
     </span>
    </p>
   </div>
   <div class='ocr_carea' id='block_1_57' title="bbox 261 2726 1011 2760">
    <p class='ocr_par' dir='ltr' id='par_1_57' title="bbox 261 2726 1011 2760">
     <span class='ocr_line' id='line_1_57' title="bbox 261 2726 1011 2760; baseline -0.001 -6"><span class='ocrx_word' id='word_1_341' title='bbox 261 2727 287 2754; x_wconf 82' lang='grc'><strong>1.</strong></span> <span class='ocrx_word' id='word_1_342' title='bbox 303 2727 421 2754; x_wconf 78' lang='lat' dir='ltr'><strong>Laudate</strong></span> <span class='ocrx_word' id='word_1_343' title='bbox 443 2735 536 2754; x_wconf 83' lang='lat' dir='ltr'><strong>nomen</strong></span> <span class='ocrx_word' id='word_1_344' title='bbox 559 2727 674 2760; x_wconf 85' lang='lat' dir='ltr'><strong>Domini,</strong></span> <span class='ocrx_word' id='word_1_345' title='bbox 688 2726 806 2760; x_wconf 82' lang='lat' dir='ltr'><strong>laudate,</strong></span> <span class='ocrx_word' id='word_1_346' title='bbox 824 2727 899 2760; x_wconf 74' lang='lat' dir='ltr'><strong>servi,</strong></span> <span class='ocrx_word' id='word_1_347' title='bbox 919 2726 1011 2754; x_wconf 89' lang='lat' dir='ltr'><strong>Domi-</strong></span> 
     </span>
    </p>
   </div>
   <div class='ocr_carea' id='block_1_58' title="bbox 261 2804 481 2839">
    <p class='ocr_par' dir='ltr' id='par_1_58' title="bbox 261 2804 481 2839">
     <span class='ocr_line' id='line_1_58' title="bbox 261 2804 481 2839; baseline 0.005 -7"><span class='ocrx_word' id='word_1_348' title='bbox 261 2806 285 2823; x_wconf 80' lang='lat'><strong>”</strong></span> <span class='ocrx_word' id='word_1_349' title='bbox 297 2804 376 2833; x_wconf 81' lang='lat' dir='ltr'><strong>Joan.</strong></span> <span class='ocrx_word' id='word_1_350' title='bbox 393 2813 421 2839; x_wconf 77' lang='grc' dir='ltr'>ν,</span> <span class='ocrx_word' id='word_1_351' title='bbox 436 2805 481 2833; x_wconf 78' lang='lat'><strong>35.</strong></span> 
     </span>
    </p>
   </div>
   <div class='ocr_carea' id='block_1_59' title="bbox 1073 213 1855 249">
    <p class='ocr_par' dir='ltr' id='par_1_59' title="bbox 1073 213 1855 249">
     <span class='ocr_line' id='line_1_59' title="bbox 1073 213 1855 249; baseline 0 -10"><span class='ocrx_word' id='word_1_352' title='bbox 1073 213 1137 248; x_wconf 80' lang='grc' dir='ltr'><strong>τῆς,</strong></span> <span class='ocrx_word' id='word_1_353' title='bbox 1146 215 1192 241; x_wconf 70' lang='grc' dir='ltr'><strong>καὶ</strong></span> <span class='ocrx_word' id='word_1_354' title='bbox 1201 213 1322 249; x_wconf 84' lang='grc' dir='ltr'><strong>δηλονότι</strong></span> <span class='ocrx_word' id='word_1_355' title='bbox 1333 214 1382 249; x_wconf 78' lang='grc' dir='ltr'><strong>τὴν</strong></span> <span class='ocrx_word' id='word_1_356' title='bbox 1392 214 1631 249; x_wconf 81' lang='grc' dir='ltr'><strong>ἀπροστασίαστον.</strong></span> <span class='ocrx_word' id='word_1_357' title='bbox 1645 213 1718 246; x_wconf 86' lang='grc' dir='ltr'><em>Τοὺς</em></span> <span class='ocrx_word' id='word_1_358' title='bbox 1724 213 1855 247; x_wconf 80' lang='grc' dir='ltr'><strong>πτωχοὺς</strong></span> 
     </span>
    </p>
   </div>
   <div class='ocr_carea' id='block_1_60' title="bbox 1072 259 1854 294">
    <p class='ocr_par' dir='ltr' id='par_1_60' title="bbox 1072 259 1854 294">
     <span class='ocr_line' id='line_1_60' title="bbox 1072 259 1854 294; baseline -0.001 -8"><span class='ocrx_word' id='word_1_359' title='bbox 1072 259 1166 294; x_wconf 84' lang='grc' dir='ltr'><em>αὐτῆς</em></span> <span class='ocrx_word' id='word_1_360' title='bbox 1182 259 1317 294; x_wconf 83' lang='grc' dir='ltr'><strong>χορτάσω</strong></span> <span class='ocrx_word' id='word_1_361' title='bbox 1330 260 1436 294; x_wconf 82' lang='grc' dir='ltr'><strong>ἄρτων.</strong></span> <span class='ocrx_word' id='word_1_362' title='bbox 1453 260 1522 290; x_wconf 78' lang='grc' dir='ltr'><strong>Τοὺς</strong></span> <span class='ocrx_word' id='word_1_363' title='bbox 1535 259 1606 285; x_wconf 81' lang='grc' dir='ltr'>κατὰ</span> <span class='ocrx_word' id='word_1_364' title='bbox 1621 259 1686 285; x_wconf 79' lang='grc' dir='ltr'>Θεὸν</span> <span class='ocrx_word' id='word_1_365' title='bbox 1712 259 1763 294; x_wconf 77' lang='grc' dir='ltr'><strong>μὲν</strong></span> <span class='ocrx_word' id='word_1_366' title='bbox 1788 267 1854 285; x_wconf 81' lang='grc' dir='ltr'>πτω-</span> 
     </span>
    </p>
   </div>
   <div class='ocr_carea' id='block_1_61' title="bbox 1073 304 1589 341">
    <p class='ocr_par' dir='ltr' id='par_1_61' title="bbox 1073 304 1589 341">
     <span class='ocr_line' id='line_1_61' title="bbox 1073 304 1589 341; baseline 0.002 -10"><span class='ocrx_word' id='word_1_367' title='bbox 1073 304 1220 340; x_wconf 74' lang='grc' dir='ltr'>χεύσαντας</span> <span class='ocrx_word' id='word_1_368' title='bbox 1231 313 1238 321; x_wconf 89' lang='grc'><strong>·</strong></span> <span class='ocrx_word' id='word_1_369' title='bbox 1255 306 1343 341; x_wconf 78' lang='grc' dir='ltr'>ἄρτων</span> <span class='ocrx_word' id='word_1_370' title='bbox 1359 305 1387 332; x_wconf 83' lang='grc' dir='ltr'><strong>δὲ</strong></span> <span class='ocrx_word' id='word_1_371' title='bbox 1404 304 1457 332; x_wconf 83' lang='grc' dir='ltr'><strong>τῶν</strong></span> <span class='ocrx_word' id='word_1_372' title='bbox 1478 305 1589 339; x_wconf 81' lang='grc' dir='ltr'>νοητῶν.</span> 
     </span>
    </p>
   </div>
   <div class='ocr_carea' id='block_1_62' title="bbox 1110 393 1855 430">
    <p class='ocr_par' dir='ltr' id='par_1_62' title="bbox 1110 393 1855 430">
     <span class='ocr_line' id='line_1_62' title="bbox 1110 393 1855 430; baseline -0.005 -8"><span class='ocrx_word' id='word_1_373' title='bbox 1110 396 1181 428; x_wconf 85' lang='grc' dir='ltr'><em>Τοὺς</em></span> <span class='ocrx_word' id='word_1_374' title='bbox 1197 395 1284 430; x_wconf 80' lang='grc' dir='ltr'><strong>ἱερεῖς</strong></span> <span class='ocrx_word' id='word_1_375' title='bbox 1298 395 1392 429; x_wconf 84' lang='grc' dir='ltr'><em>αὐτῆς</em></span> <span class='ocrx_word' id='word_1_376' title='bbox 1402 394 1519 421; x_wconf 83' lang='grc' dir='ltr'><strong>ἐνδύσω</strong></span> <span class='ocrx_word' id='word_1_377' title='bbox 1532 393 1691 427; x_wconf 79' lang='grc' dir='ltr'><strong>σωτηρίαν.</strong></span> <span class='ocrx_word' id='word_1_378' title='bbox 1703 393 1790 424; x_wconf 80' lang='grc' dir='ltr'>Αὐτός</span> <span class='ocrx_word' id='word_1_379' title='bbox 1800 393 1855 418; x_wconf 76' lang='grc' dir='ltr'>ἐστι</span> 
     </span>
    </p>
   </div>
   <div class='ocr_carea' id='block_1_63' title="bbox 1073 439 1854 476">
    <p class='ocr_par' dir='ltr' id='par_1_63' title="bbox 1073 439 1854 476">
     <span class='ocr_line' id='line_1_63' title="bbox 1073 439 1854 476; baseline -0.005 -8"><span class='ocrx_word' id='word_1_380' title='bbox 1073 441 1154 468; x_wconf 79' lang='grc' dir='ltr'>πάλιν</span> <span class='ocrx_word' id='word_1_381' title='bbox 1165 442 1178 468; x_wconf 84' lang='grc' dir='ltr'>ὁ</span> <span class='ocrx_word' id='word_1_382' title='bbox 1192 441 1308 476; x_wconf 77' lang='grc' dir='ltr'><strong>Χριστος</strong></span> <span class='ocrx_word' id='word_1_383' title='bbox 1320 442 1337 476; x_wconf 81' lang='grc' dir='ltr'>ἡ</span> <span class='ocrx_word' id='word_1_384' title='bbox 1351 441 1480 476; x_wconf 79' lang='grc' dir='ltr'><strong>σωτηρία,</strong></span> <span class='ocrx_word' id='word_1_385' title='bbox 1495 440 1510 466; x_wconf 84' lang='grc' dir='ltr'><strong>ὁ</strong></span> <span class='ocrx_word' id='word_1_386' title='bbox 1527 439 1574 466; x_wconf 79' lang='grc' dir='ltr'>καὶ</span> <span class='ocrx_word' id='word_1_387' title='bbox 1585 439 1743 474; x_wconf 75' lang='grc' dir='ltr'><strong>δικαιοσύνη</strong></span> <span class='ocrx_word' id='word_1_388' title='bbox 1758 439 1786 465; x_wconf 81' lang='grc' dir='ltr'>ὲν</span> <span class='ocrx_word' id='word_1_389' title='bbox 1804 439 1854 470; x_wconf 74' lang='grc' dir='ltr'><strong>τοῖς</strong></span> 
     </span>
    </p>
   </div>
   <div class='ocr_carea' id='block_1_64' title="bbox 1071 487 1434 523">
    <p class='ocr_par' dir='ltr' id='par_1_64' title="bbox 1071 487 1434 523">
     <span class='ocr_line' id='line_1_64' title="bbox 1071 487 1434 523; baseline -0.006 -9"><span class='ocrx_word' id='word_1_390' title='bbox 1071 488 1216 523; x_wconf 82' lang='grc' dir='ltr'><strong>ἀνωτέροις</strong></span> <span class='ocrx_word' id='word_1_391' title='bbox 1230 487 1434 522; x_wconf 80' lang='grc' dir='ltr'>ὠνομασμένος.</span> 
     </span>
    </p>
   </div>
   <div class='ocr_carea' id='block_1_65' title="bbox 1112 530 1854 566">
    <p class='ocr_par' dir='ltr' id='par_1_65' title="bbox 1112 530 1854 566">
     <span class='ocr_line' id='line_1_65' title="bbox 1112 530 1854 566; baseline -0.008 -6"><span class='ocrx_word' id='word_1_392' title='bbox 1112 533 1191 560; x_wconf 72' lang='grc' dir='ltr'><strong>Ἐκεῖ</strong></span> <span class='ocrx_word' id='word_1_393' title='bbox 1202 532 1369 565; x_wconf 80' lang='grc' dir='ltr'><strong>ἐξανατελῶ</strong></span> <span class='ocrx_word' id='word_1_394' title='bbox 1383 531 1472 566; x_wconf 81' lang='grc' dir='ltr'><em>κέρας</em></span> <span class='ocrx_word' id='word_1_395' title='bbox 1485 530 1525 563; x_wconf 81' lang='grc' dir='ltr'>τῷ</span> <span class='ocrx_word' id='word_1_396' title='bbox 1542 530 1642 557; x_wconf 81' lang='grc' dir='ltr'><strong>Δαυΐδ.</strong></span> <span class='ocrx_word' id='word_1_397' title='bbox 1670 531 1738 556; x_wconf 84' lang='grc' dir='ltr'>Κατ’</span> <span class='ocrx_word' id='word_1_398' title='bbox 1754 530 1854 555; x_wconf 69' lang='grc' dir='ltr'>ἐκεῖνον</span> 
     </span>
    </p>
   </div>
   <div class='ocr_carea' id='block_1_66' title="bbox 1069 575 1853 614">
    <p class='ocr_par' dir='ltr' id='par_1_66' title="bbox 1069 575 1853 614">
     <span class='ocr_line' id='line_1_66' title="bbox 1069 575 1853 614; baseline -0.006 -9"><span class='ocrx_word' id='word_1_399' title='bbox 1069 578 1115 605; x_wconf 80' lang='grc' dir='ltr'><strong>τὸν</strong></span> <span class='ocrx_word' id='word_1_400' title='bbox 1127 578 1220 614; x_wconf 80' lang='grc' dir='ltr'>χρόνον</span> <span class='ocrx_word' id='word_1_401' title='bbox 1233 578 1291 604; x_wconf 81' lang='grc' dir='ltr'>καθ’</span> <span class='ocrx_word' id='word_1_402' title='bbox 1305 578 1335 604; x_wconf 81' lang='grc' dir='ltr'>ὃν</span> <span class='ocrx_word' id='word_1_403' title='bbox 1352 578 1478 612; x_wconf 73' lang='grc' dir='ltr'><strong>ἐπιφανεῖ</strong></span> <span class='ocrx_word' id='word_1_404' title='bbox 1490 576 1519 603; x_wconf 84' lang='grc' dir='ltr'>τὸ</span> <span class='ocrx_word' id='word_1_405' title='bbox 1536 577 1668 612; x_wconf 86' lang='grc' dir='ltr'><strong>σωτήριον</strong></span> <span class='ocrx_word' id='word_1_406' title='bbox 1678 595 1684 607; x_wconf 84' lang='lat'><strong>,</strong></span> <span class='ocrx_word' id='word_1_407' title='bbox 1700 575 1822 610; x_wconf 77' lang='grc' dir='ltr'><strong>δηλονότι</strong></span> <span class='ocrx_word' id='word_1_408' title='bbox 1838 575 1853 610; x_wconf 85' lang='grc' dir='ltr'><strong>ἡ</strong></span> 
     </span>
    </p>
   </div>
   <div class='ocr_carea' id='block_1_67' title="bbox 1069 620 1855 657">
    <p class='ocr_par' dir='ltr' id='par_1_67' title="bbox 1069 620 1855 657">
     <span class='ocr_line' id='line_1_67' title="bbox 1069 620 1855 657; baseline -0.005 -7"><span class='ocrx_word' id='word_1_409' title='bbox 1069 623 1132 656; x_wconf 78' lang='grc' dir='ltr'><strong>δόξα</strong></span> <span class='ocrx_word' id='word_1_410' title='bbox 1140 624 1261 650; x_wconf 84' lang='grc' dir='ltr'>ἀνατελεῖ</span> <span class='ocrx_word' id='word_1_411' title='bbox 1276 623 1322 650; x_wconf 84' lang='grc' dir='ltr'>τοῦ</span> <span class='ocrx_word' id='word_1_412' title='bbox 1338 623 1429 650; x_wconf 84' lang='grc' dir='ltr'><strong>Δαυῖδ.</strong></span> <span class='ocrx_word' id='word_1_413' title='bbox 1442 622 1726 657; x_wconf 79' lang='grc' dir='ltr'><strong>Ἠτοίμασαλύχνον</strong></span> <span class='ocrx_word' id='word_1_414' title='bbox 1740 620 1782 653; x_wconf 81' lang='grc' dir='ltr'>τῷ</span> <span class='ocrx_word' id='word_1_415' title='bbox 1796 622 1855 654; x_wconf 83' lang='grc' dir='ltr'><strong>Χρι-</strong></span> 
     </span>
    </p>
   </div>
   <div class='ocr_carea' id='block_1_68' title="bbox 1069 667 1855 705">
    <p class='ocr_par' dir='ltr' id='par_1_68' title="bbox 1069 667 1855 705">
     <span class='ocr_line' id='line_1_68' title="bbox 1069 667 1855 705; baseline -0.006 -8"><span class='ocrx_word' id='word_1_416' title='bbox 1069 669 1131 702; x_wconf 79' lang='grc' dir='ltr'><strong>στῷ</strong></span> <span class='ocrx_word' id='word_1_417' title='bbox 1135 679 1204 704; x_wconf 88' lang='grc' dir='ltr'>μου.</span> <span class='ocrx_word' id='word_1_418' title='bbox 1213 669 1298 696; x_wconf 85' lang='grc' dir='ltr'>Τοῦτο</span> <span class='ocrx_word' id='word_1_419' title='bbox 1306 669 1369 705; x_wconf 77' lang='grc' dir='ltr'>περὶ</span> <span class='ocrx_word' id='word_1_420' title='bbox 1381 669 1503 695; x_wconf 80' lang='grc' dir='ltr'><strong>Ἰωάννου</strong></span> <span class='ocrx_word' id='word_1_421' title='bbox 1511 668 1586 704; x_wconf 79' lang='grc' dir='ltr'><strong>φησὶ,</strong></span> <span class='ocrx_word' id='word_1_422' title='bbox 1596 667 1666 694; x_wconf 82' lang='grc' dir='ltr'>κατὰ</span> <span class='ocrx_word' id='word_1_423' title='bbox 1676 667 1706 693; x_wconf 77' lang='grc' dir='ltr'>τὸ</span> <span class='ocrx_word' id='word_1_424' title='bbox 1713 667 1855 702; x_wconf 72' lang='grc' dir='ltr'>εἰρημένου</span> 
     </span>
    </p>
   </div>
   <div class='ocr_carea' id='block_1_69' title="bbox 1069 712 1855 752">
    <p class='ocr_par' dir='ltr' id='par_1_69' title="bbox 1069 712 1855 752">
     <span class='ocr_line' id='line_1_69' title="bbox 1069 712 1855 752; baseline -0.005 -10"><span class='ocrx_word' id='word_1_425' title='bbox 1069 716 1144 752; x_wconf 82' lang='grc' dir='ltr'><strong>παρᾶ</strong></span> <span class='ocrx_word' id='word_1_426' title='bbox 1165 715 1211 742; x_wconf 79' lang='grc' dir='ltr'><strong>τοῦ</strong></span> <span class='ocrx_word' id='word_1_427' title='bbox 1234 716 1347 751; x_wconf 82' lang='grc' dir='ltr'><strong>Κυρίου·</strong></span> <span class='ocrx_word' id='word_1_428' title='bbox 1370 715 1499 748; x_wconf 82' lang='grc' dir='ltr'><em>Ἐκεῖνος</em></span> <span class='ocrx_word' id='word_1_429' title='bbox 1515 712 1554 749; x_wconf 82' lang='grc' dir='ltr'><strong>ἦν</strong></span> <span class='ocrx_word' id='word_1_430' title='bbox 1571 716 1587 741; x_wconf 81' lang='grc' dir='ltr'><em>ὀ</em></span> <span class='ocrx_word' id='word_1_431' title='bbox 1601 714 1715 748; x_wconf 76' lang='grc' dir='ltr'><em>λύχνος</em></span> <span class='ocrx_word' id='word_1_432' title='bbox 1739 715 1756 740; x_wconf 86' lang='grc' dir='ltr'><strong><em>ό</em></strong></span> <span class='ocrx_word' id='word_1_433' title='bbox 1778 713 1855 739; x_wconf 82' lang='grc' dir='ltr'><em>καιό-</em></span> 
     </span>
    </p>
   </div>
   <div class='ocr_carea' id='block_1_70' title="bbox 1066 761 1436 796">
    <p class='ocr_par' dir='ltr' id='par_1_70' title="bbox 1066 761 1436 796">
     <span class='ocr_line' id='line_1_70' title="bbox 1066 761 1436 796; baseline 0 -8"><span class='ocrx_word' id='word_1_434' title='bbox 1066 770 1158 796; x_wconf 82' lang='grc' dir='ltr'><em>μενος</em></span> <span class='ocrx_word' id='word_1_435' title='bbox 1183 761 1232 788; x_wconf 70' lang='lat' dir='ltr'><strong>atat</strong></span> <span class='ocrx_word' id='word_1_436' title='bbox 1247 762 1436 796; x_wconf 64' lang='grc' dir='ltr'><em>φαινόμενος.</em></span> 
     </span>
    </p>
   </div>
   <div class='ocr_carea' id='block_1_71' title="bbox 1232 803 1687 843">
    <p class='ocr_par' dir='ltr' id='par_1_71' title="bbox 1232 803 1687 843">
     <span class='ocr_line' id='line_1_71' title="bbox 1232 803 1687 843; baseline -0.009 -9"><span class='ocrx_word' id='word_1_437' title='bbox 1232 807 1300 843; x_wconf 78' lang='grc' dir='ltr'><strong>ᾨΰὴ</strong></span> <span class='ocrx_word' id='word_1_438' title='bbox 1317 807 1376 834; x_wconf 86' lang='grc' dir='ltr'><strong>τῶν</strong></span> <span class='ocrx_word' id='word_1_439' title='bbox 1395 805 1583 840; x_wconf 79' lang='grc' dir='ltr'><strong>ἀναϐαθμῶν.</strong></span> <span class='ocrx_word' id='word_1_440' title='bbox 1598 803 1687 831; x_wconf 72' lang='lat' dir='ltr'><strong>PAB’.</strong></span> 
     </span>
    </p>
   </div>
   <div class='ocr_carea' id='block_1_72' title="bbox 1377 852 1546 884">
    <p class='ocr_par' dir='ltr' id='par_1_72' title="bbox 1377 852 1546 884">
     <span class='ocr_line' id='line_1_72' title="bbox 1377 852 1546 884; baseline -0.006 -6"><span class='ocrx_word' id='word_1_441' title='bbox 1377 852 1383 861; x_wconf 94' lang='lat'>&#39;</span> <span class='ocrx_word' id='word_1_442' title='bbox 1390 852 1546 884; x_wconf 79' lang='grc' dir='ltr'><strong>Υπόθεσις.</strong></span> 
     </span>
    </p>
   </div>
   <div class='ocr_carea' id='block_1_73' title="bbox 1073 895 1856 941">
    <p class='ocr_par' dir='ltr' id='par_1_73' title="bbox 1073 895 1856 941">
     <span class='ocr_line' id='line_1_73' title="bbox 1073 895 1856 941; baseline -0.006 -16"><span class='ocrx_word' id='word_1_443' title='bbox 1073 898 1106 924; x_wconf 86' lang='grc' dir='ltr'><strong>Ἥ</strong></span> <span class='ocrx_word' id='word_1_444' title='bbox 1129 898 1411 941; x_wconf 61' lang='grc' dir='ltr'>τεσσαρεσξαιδεκάτη</span> <span class='ocrx_word' id='word_1_445' title='bbox 1428 898 1483 933; x_wconf 77' lang='grc' dir='ltr'><strong>ᾠδὴ</strong></span> <span class='ocrx_word' id='word_1_446' title='bbox 1501 897 1653 928; x_wconf 81' lang='grc' dir='ltr'><strong>ἀκολούθως</strong></span> <span class='ocrx_word' id='word_1_447' title='bbox 1676 897 1709 931; x_wconf 77' lang='grc' dir='ltr'>τῇ</span> <span class='ocrx_word' id='word_1_448' title='bbox 1733 895 1781 922; x_wconf 86' lang='grc' dir='ltr'>τοῦ</span> <span class='ocrx_word' id='word_1_449' title='bbox 1806 895 1856 921; x_wconf 85' lang='grc' dir='ltr'><strong>Σω-</strong></span> 
     </span>
    </p>
   </div>
   <div class='ocr_carea' id='block_1_74' title="bbox 1102 942 1855 980">
    <p class='ocr_par' dir='ltr' id='par_1_74' title="bbox 1102 942 1855 980">
     <span class='ocr_line' id='line_1_74' title="bbox 1102 942 1855 980; baseline -0.005 -10"><span class='ocrx_word' id='word_1_450' title='bbox 1102 945 1184 980; x_wconf 78' lang='grc' dir='ltr'>τῆρος</span> <span class='ocrx_word' id='word_1_451' title='bbox 1197 944 1344 980; x_wconf 75' lang='grc' dir='ltr'>ὲπιλάμψει</span> <span class='ocrx_word' id='word_1_452' title='bbox 1357 944 1387 970; x_wconf 85' lang='grc' dir='ltr'>τὺ</span> <span class='ocrx_word' id='word_1_453' title='bbox 1409 943 1439 976; x_wconf 75' lang='grc' dir='ltr'>ἐξ</span> <span class='ocrx_word' id='word_1_454' title='bbox 1456 942 1537 970; x_wconf 84' lang='grc' dir='ltr'>αὑτοῦ</span> <span class='ocrx_word' id='word_1_455' title='bbox 1553 942 1722 978; x_wconf 83' lang='grc' dir='ltr'><strong>δωρούμενον</strong></span> <span class='ocrx_word' id='word_1_456' title='bbox 1738 942 1796 972; x_wconf 83' lang='grc' dir='ltr'>τοῖς</span> <span class='ocrx_word' id='word_1_457' title='bbox 1811 942 1855 967; x_wconf 82' lang='grc' dir='ltr'><strong>ἀν-</strong></span> 
     </span>
    </p>
   </div>
   <div class='ocr_carea' id='block_1_75' title="bbox 1102 988 1679 1026">
    <p class='ocr_par' dir='ltr' id='par_1_75' title="bbox 1102 988 1679 1026">
     <span class='ocr_line' id='line_1_75' title="bbox 1102 988 1679 1026; baseline -0.005 -10"><span class='ocrx_word' id='word_1_458' title='bbox 1102 989 1221 1026; x_wconf 84' lang='grc' dir='ltr'><strong>θρώποις</strong></span> <span class='ocrx_word' id='word_1_459' title='bbox 1240 990 1320 1016; x_wconf 78' lang='grc' dir='ltr'>καλὸν</span> <span class='ocrx_word' id='word_1_460' title='bbox 1334 989 1450 1024; x_wconf 83' lang='grc' dir='ltr'>φανερὸν</span> <span class='ocrx_word' id='word_1_461' title='bbox 1466 989 1538 1015; x_wconf 81' lang='grc' dir='ltr'>ποιεῖ</span> <span class='ocrx_word' id='word_1_462' title='bbox 1553 988 1679 1022; x_wconf 78' lang='grc' dir='ltr'><strong>λέγουσα.</strong></span> 
     </span>
    </p>
   </div>
   <div class='ocr_carea' id='block_1_76' title="bbox 1108 1031 1855 1069">
    <p class='ocr_par' dir='ltr' id='par_1_76' title="bbox 1108 1031 1855 1069">
     <span class='ocr_line' id='line_1_76' title="bbox 1108 1031 1855 1069; baseline -0.008 -6"><span class='ocrx_word' id='word_1_463' title='bbox 1108 1035 1184 1063; x_wconf 83' lang='grc' dir='ltr'><strong>Ἰδοὺ</strong></span> <span class='ocrx_word' id='word_1_464' title='bbox 1206 1035 1244 1069; x_wconf 78' lang='grc' dir='ltr'><em>δὴ</em></span> <span class='ocrx_word' id='word_1_465' title='bbox 1266 1035 1294 1062; x_wconf 80' lang='grc' dir='ltr'>τί</span> <span class='ocrx_word' id='word_1_466' title='bbox 1311 1036 1417 1068; x_wconf 77' lang='grc' dir='ltr'><em>καλὸν,</em></span> <span class='ocrx_word' id='word_1_467' title='bbox 1439 1035 1459 1068; x_wconf 82' lang='grc' dir='ltr'><em>ἣ</em></span> <span class='ocrx_word' id='word_1_468' title='bbox 1482 1035 1510 1060; x_wconf 82' lang='grc' dir='ltr'>τι</span> <span class='ocrx_word' id='word_1_469' title='bbox 1529 1034 1668 1068; x_wconf 79' lang='grc' dir='ltr'><strong>τερπνόν.</strong></span> <span class='ocrx_word' id='word_1_470' title='bbox 1689 1032 1737 1064; x_wconf 88' lang='grc' dir='ltr'><strong>Ὡς</strong></span> <span class='ocrx_word' id='word_1_471' title='bbox 1757 1031 1855 1065; x_wconf 62' lang='grc' dir='ltr'><em>μύρον</em></span> 
     </span>
    </p>
   </div>
   <div class='ocr_carea' id='block_1_77' title="bbox 1065 1078 1854 1116">
    <p class='ocr_par' dir='ltr' id='par_1_77' title="bbox 1065 1078 1854 1116">
     <span class='ocr_line' id='line_1_77' title="bbox 1065 1078 1854 1116; baseline -0.009 -7"><span class='ocrx_word' id='word_1_472' title='bbox 1065 1083 1113 1109; x_wconf 73' lang='grc' dir='ltr'><strong>ἐπὶ</strong></span> <span class='ocrx_word' id='word_1_473' title='bbox 1132 1080 1267 1116; x_wconf 64' lang='grc' dir='ltr'><em>κεφαλῆς</em></span> <span class='ocrx_word' id='word_1_474' title='bbox 1291 1081 1324 1107; x_wconf 86' lang='grc' dir='ltr'>τὸ</span> <span class='ocrx_word' id='word_1_475' title='bbox 1343 1080 1523 1107; x_wconf 74' lang='grc' dir='ltr'><em>καταϐαῖνον</em></span> <span class='ocrx_word' id='word_1_476' title='bbox 1536 1079 1585 1106; x_wconf 73' lang='grc' dir='ltr'><strong>ἐπὶ</strong></span> <span class='ocrx_word' id='word_1_477' title='bbox 1601 1078 1736 1113; x_wconf 68' lang='grc' dir='ltr'><strong>πώγωνα.</strong></span> <span class='ocrx_word' id='word_1_478' title='bbox 1764 1078 1854 1103; x_wconf 80' lang='grc' dir='ltr'>Ἐπει-</span> 
     </span>
    </p>
   </div>
   <div class='ocr_carea' id='block_1_78' title="bbox 1064 1123 1854 1162">
    <p class='ocr_par' dir='ltr' id='par_1_78' title="bbox 1064 1123 1854 1162">
     <span class='ocr_line' id='line_1_78' title="bbox 1064 1123 1854 1162; baseline -0.005 -8"><span class='ocrx_word' id='word_1_479' title='bbox 1064 1128 1123 1160; x_wconf 75' lang='grc' dir='ltr'><strong>δὰν,</strong></span> <span class='ocrx_word' id='word_1_480' title='bbox 1138 1127 1213 1162; x_wconf 79' lang='grc' dir='ltr'><strong>φησὶ,</strong></span> <span class='ocrx_word' id='word_1_481' title='bbox 1231 1127 1376 1161; x_wconf 81' lang='grc' dir='ltr'><strong>συναχθείη</strong></span> <span class='ocrx_word' id='word_1_482' title='bbox 1390 1127 1406 1161; x_wconf 84' lang='grc' dir='ltr'>ἡ</span> <span class='ocrx_word' id='word_1_483' title='bbox 1431 1126 1596 1161; x_wconf 75' lang='grc' dir='ltr'><strong>Ἐκκλησία⁷</strong></span> <span class='ocrx_word' id='word_1_484' title='bbox 1615 1125 1661 1151; x_wconf 77' lang='grc' dir='ltr'>καὶ</span> <span class='ocrx_word' id='word_1_485' title='bbox 1679 1124 1744 1159; x_wconf 84' lang='grc' dir='ltr'>μίαν</span> <span class='ocrx_word' id='word_1_486' title='bbox 1760 1123 1854 1158; x_wconf 63' lang='grc' dir='ltr'>ὥσπερ</span> 
     </span>
    </p>
   </div>
   <div class='ocr_carea' id='block_1_79' title="bbox 1065 1170 1854 1209">
    <p class='ocr_par' dir='ltr' id='par_1_79' title="bbox 1065 1170 1854 1209">
     <span class='ocr_line' id='line_1_79' title="bbox 1065 1170 1854 1209; baseline -0.006 -9"><span class='ocrx_word' id='word_1_487' title='bbox 1065 1173 1126 1200; x_wconf 82' lang='grc' dir='ltr'>τινὰ</span> <span class='ocrx_word' id='word_1_488' title='bbox 1148 1173 1281 1208; x_wconf 71' lang='grc' dir='ltr'>ἁρμονίαν</span> <span class='ocrx_word' id='word_1_489' title='bbox 1309 1173 1464 1209; x_wconf 78' lang='grc' dir='ltr'><strong>ποιήσηται,</strong></span> <span class='ocrx_word' id='word_1_490' title='bbox 1480 1172 1540 1198; x_wconf 86' lang='grc' dir='ltr'>τότε</span> <span class='ocrx_word' id='word_1_491' title='bbox 1557 1171 1589 1207; x_wconf 89' lang='grc' dir='ltr'><strong>δὴ</strong></span> <span class='ocrx_word' id='word_1_492' title='bbox 1617 1171 1676 1197; x_wconf 80' lang='grc' dir='ltr'>τότε</span> <span class='ocrx_word' id='word_1_493' title='bbox 1693 1171 1741 1196; x_wconf 67' lang='grc' dir='ltr'><strong>καὶ</strong></span> <span class='ocrx_word' id='word_1_494' title='bbox 1766 1170 1854 1205; x_wconf 74' lang='grc' dir='ltr'><strong>χρίσις</strong></span> 
     </span>
    </p>
   </div>
   <div class='ocr_carea' id='block_1_80' title="bbox 1065 1216 1855 1254">
    <p class='ocr_par' dir='ltr' id='par_1_80' title="bbox 1065 1216 1855 1254">
     <span class='ocr_line' id='line_1_80' title="bbox 1065 1216 1855 1254; baseline -0.006 -8"><span class='ocrx_word' id='word_1_495' title='bbox 1065 1219 1111 1246; x_wconf 75' lang='grc' dir='ltr'>τοῦ</span> <span class='ocrx_word' id='word_1_496' title='bbox 1132 1219 1208 1254; x_wconf 80' lang='grc' dir='ltr'><strong>ἁγίου</strong></span> <span class='ocrx_word' id='word_1_497' title='bbox 1220 1219 1379 1254; x_wconf 80' lang='grc' dir='ltr'>Πνεύματος</span> <span class='ocrx_word' id='word_1_498' title='bbox 1395 1219 1442 1245; x_wconf 71' lang='grc' dir='ltr'><strong>καὶ</strong></span> <span class='ocrx_word' id='word_1_499' title='bbox 1460 1218 1607 1254; x_wconf 74' lang='grc' dir='ltr'><strong>ἱεράτευμα</strong></span> <span class='ocrx_word' id='word_1_500' title='bbox 1622 1216 1764 1253; x_wconf 80' lang='grc' dir='ltr'><strong>προσαχθῇ</strong></span> <span class='ocrx_word' id='word_1_501' title='bbox 1780 1216 1855 1251; x_wconf 81' lang='grc' dir='ltr'><strong>πρῶ-</strong></span> 
     </span>
    </p>
   </div>
   <div class='ocr_carea' id='block_1_81' title="bbox 1064 1262 1851 1301">
    <p class='ocr_par' dir='ltr' id='par_1_81' title="bbox 1064 1262 1851 1301">
     <span class='ocr_line' id='line_1_81' title="bbox 1064 1262 1851 1301; baseline -0.005 -10"><span class='ocrx_word' id='word_1_502' title='bbox 1064 1274 1109 1291; x_wconf 82' lang='grc' dir='ltr'><strong>τον</strong></span> <span class='ocrx_word' id='word_1_503' title='bbox 1123 1265 1170 1301; x_wconf 80' lang='grc' dir='ltr'>μὲν</span> <span class='ocrx_word' id='word_1_504' title='bbox 1186 1265 1232 1291; x_wconf 73' lang='grc' dir='ltr'><strong>ἐπὶ</strong></span> <span class='ocrx_word' id='word_1_505' title='bbox 1245 1265 1295 1300; x_wconf 85' lang='grc' dir='ltr'>τὴν</span> <span class='ocrx_word' id='word_1_506' title='bbox 1310 1263 1430 1300; x_wconf 81' lang='grc' dir='ltr'>κεφαλὴν</span> <span class='ocrx_word' id='word_1_507' title='bbox 1447 1265 1495 1298; x_wconf 83' lang='grc' dir='ltr'><strong>τῆς</strong></span> <span class='ocrx_word' id='word_1_508' title='bbox 1514 1262 1686 1298; x_wconf 82' lang='grc' dir='ltr'><strong>Ἐκκλησίας,</strong></span> <span class='ocrx_word' id='word_1_509' title='bbox 1701 1262 1762 1296; x_wconf 75' lang='grc' dir='ltr'>ἣτις</span> <span class='ocrx_word' id='word_1_510' title='bbox 1777 1262 1851 1288; x_wconf 73' lang='grc' dir='ltr'>ἐστὶν</span> 
     </span>
    </p>
   </div>
   <div class='ocr_carea' id='block_1_82' title="bbox 1065 1307 1855 1348">
    <p class='ocr_par' dir='ltr' id='par_1_82' title="bbox 1065 1307 1855 1348">
     <span class='ocr_line' id='line_1_82' title="bbox 1065 1307 1855 1348; baseline -0.008 -9"><span class='ocrx_word' id='word_1_511' title='bbox 1065 1314 1079 1340; x_wconf 87' lang='grc' dir='ltr'>ὁ</span> <span class='ocrx_word' id='word_1_512' title='bbox 1095 1313 1223 1348; x_wconf 80' lang='grc' dir='ltr'><strong>Χριστὸς,</strong></span> <span class='ocrx_word' id='word_1_513' title='bbox 1241 1313 1337 1339; x_wconf 71' lang='grc' dir='ltr'>ἔπειτα</span> <span class='ocrx_word' id='word_1_514' title='bbox 1361 1313 1407 1339; x_wconf 77' lang='grc' dir='ltr'><strong>καὶ</strong></span> <span class='ocrx_word' id='word_1_515' title='bbox 1423 1313 1464 1344; x_wconf 75' lang='grc' dir='ltr'>εἰς</span> <span class='ocrx_word' id='word_1_516' title='bbox 1475 1312 1519 1338; x_wconf 79' lang='grc' dir='ltr'><strong>τὸν</strong></span> <span class='ocrx_word' id='word_1_517' title='bbox 1535 1310 1663 1344; x_wconf 69' lang='grc' dir='ltr'><strong>πώγωνα,</strong></span> <span class='ocrx_word' id='word_1_518' title='bbox 1679 1309 1709 1340; x_wconf 81' lang='grc' dir='ltr'><strong>ὃς</strong></span> <span class='ocrx_word' id='word_1_519' title='bbox 1723 1310 1797 1334; x_wconf 79' lang='grc' dir='ltr'>ἐστιν</span> <span class='ocrx_word' id='word_1_520' title='bbox 1809 1307 1855 1333; x_wconf 73' lang='grc' dir='ltr'><strong>εὖ-</strong></span> 
     </span>
    </p>
   </div>
   <div class='ocr_carea' id='block_1_83' title="bbox 1066 1352 1854 1393">
    <p class='ocr_par' dir='ltr' id='par_1_83' title="bbox 1066 1352 1854 1393">
     <span class='ocr_line' id='line_1_83' title="bbox 1066 1352 1854 1393; baseline -0.009 -8"><span class='ocrx_word' id='word_1_521' title='bbox 1066 1358 1183 1393; x_wconf 80' lang='grc' dir='ltr'><strong>πρέπεια.</strong></span> <span class='ocrx_word' id='word_1_522' title='bbox 1197 1358 1245 1384; x_wconf 77' lang='grc' dir='ltr'><strong>τοῦ</strong></span> <span class='ocrx_word' id='word_1_523' title='bbox 1261 1357 1407 1393; x_wconf 80' lang='grc' dir='ltr'><strong>προσώπου</strong></span> <span class='ocrx_word' id='word_1_524' title='bbox 1421 1357 1470 1392; x_wconf 81' lang='grc' dir='ltr'>τῆς</span> <span class='ocrx_word' id='word_1_525' title='bbox 1491 1355 1662 1390; x_wconf 77' lang='grc' dir='ltr'><strong>Ἑκκλησίας.</strong></span> <span class='ocrx_word' id='word_1_526' title='bbox 1678 1353 1811 1380; x_wconf 80' lang='grc' dir='ltr'>Νοοῦνται</span> <span class='ocrx_word' id='word_1_527' title='bbox 1825 1352 1854 1378; x_wconf 78' lang='grc' dir='ltr'><strong>δὲ</strong></span> 
     </span>
    </p>
   </div>
   <div class='ocr_carea' id='block_1_84' title="bbox 1064 1398 1854 1430">
    <p class='ocr_par' dir='ltr' id='par_1_84' title="bbox 1064 1398 1854 1430">
     <span class='ocr_line' id='line_1_84' title="bbox 1064 1398 1854 1430; baseline -0.009 0"><span class='ocrx_word' id='word_1_528' title='bbox 1064 1404 1108 1430; x_wconf 82' lang='grc' dir='ltr'><strong>διὰ</strong></span> <span class='ocrx_word' id='word_1_529' title='bbox 1122 1403 1215 1430; x_wconf 84' lang='grc' dir='ltr'>τούτου</span> <span class='ocrx_word' id='word_1_530' title='bbox 1233 1404 1256 1430; x_wconf 89' lang='grc' dir='ltr'><strong>οἱ</strong></span> <span class='ocrx_word' id='word_1_531' title='bbox 1274 1403 1429 1430; x_wconf 79' lang='grc' dir='ltr'><strong>ἀπόστολοι.</strong></span> <span class='ocrx_word' id='word_1_532' title='bbox 1458 1402 1494 1428; x_wconf 80' lang='grc' dir='ltr'><strong>Τὺ</strong></span> <span class='ocrx_word' id='word_1_533' title='bbox 1516 1401 1668 1428; x_wconf 85' lang='grc' dir='ltr'>τελευταῖον</span> <span class='ocrx_word' id='word_1_534' title='bbox 1692 1399 1721 1425; x_wconf 77' lang='grc' dir='ltr'><strong>δὲ</strong></span> <span class='ocrx_word' id='word_1_535' title='bbox 1745 1398 1792 1425; x_wconf 76' lang='grc' dir='ltr'><strong>καὶ</strong></span> <span class='ocrx_word' id='word_1_536' title='bbox 1814 1399 1854 1429; x_wconf 79' lang='grc' dir='ltr'><strong>εἰς</strong></span> 
     </span>
    </p>
   </div>
   <div class='ocr_carea' id='block_1_85' title="bbox 1064 1444 1853 1484">
    <p class='ocr_par' dir='ltr' id='par_1_85' title="bbox 1064 1444 1853 1484">
     <span class='ocr_line' id='line_1_85' title="bbox 1064 1444 1853 1484; baseline -0.01 -8"><span class='ocrx_word' id='word_1_537' title='bbox 1064 1449 1124 1476; x_wconf 84' lang='grc' dir='ltr'><strong>ὅλον</strong></span> <span class='ocrx_word' id='word_1_538' title='bbox 1139 1450 1170 1475; x_wconf 80' lang='grc' dir='ltr'>τὸ</span> <span class='ocrx_word' id='word_1_539' title='bbox 1186 1449 1264 1483; x_wconf 81' lang='grc' dir='ltr'>σῶμα</span> <span class='ocrx_word' id='word_1_540' title='bbox 1294 1448 1478 1484; x_wconf 77' lang='grc' dir='ltr'>μεταϐέϐηκε,</span> <span class='ocrx_word' id='word_1_541' title='bbox 1503 1446 1641 1473; x_wconf 79' lang='grc' dir='ltr'><strong>τουτέστιν</strong></span> <span class='ocrx_word' id='word_1_542' title='bbox 1664 1445 1704 1475; x_wconf 76' lang='grc' dir='ltr'>εἰς</span> <span class='ocrx_word' id='word_1_543' title='bbox 1730 1444 1853 1473; x_wconf 77' lang='grc' dir='ltr'>ἅπαντας</span> 
     </span>
    </p>
   </div>
   <div class='ocr_carea' id='block_1_86' title="bbox 1064 1490 1736 1530">
    <p class='ocr_par' dir='ltr' id='par_1_86' title="bbox 1064 1490 1736 1530">
     <span class='ocr_line' id='line_1_86' title="bbox 1064 1490 1736 1530; baseline -0.007 -9"><span class='ocrx_word' id='word_1_544' title='bbox 1064 1495 1127 1526; x_wconf 78' lang='grc' dir='ltr'>τοὺς</span> <span class='ocrx_word' id='word_1_545' title='bbox 1141 1495 1169 1521; x_wconf 85' lang='grc' dir='ltr'>ὲν</span> <span class='ocrx_word' id='word_1_546' title='bbox 1235 1493 1381 1529; x_wconf 69' lang='grc' dir='ltr'>Ἐκκλησία</span> <span class='ocrx_word' id='word_1_547' title='bbox 1395 1492 1584 1528; x_wconf 80' lang='grc' dir='ltr'>ὲνδεδυμένους</span> <span class='ocrx_word' id='word_1_548' title='bbox 1607 1490 1736 1526; x_wconf 81' lang='grc' dir='ltr'><strong>Χριστόν.</strong></span> 
     </span>
    </p>
   </div>
   <div class='ocr_carea' id='block_1_87' title="bbox 1102 1536 1854 1572">
    <p class='ocr_par' dir='ltr' id='par_1_87' title="bbox 1102 1536 1854 1572">
     <span class='ocr_line' id='line_1_87' title="bbox 1102 1536 1854 1572; baseline -0.007 -5"><span class='ocrx_word' id='word_1_549' title='bbox 1102 1541 1164 1567; x_wconf 82' lang='grc' dir='ltr'>Ὅτι</span> <span class='ocrx_word' id='word_1_550' title='bbox 1174 1540 1237 1567; x_wconf 79' lang='grc' dir='ltr'><strong>ἐκεῖ</strong></span> <span class='ocrx_word' id='word_1_551' title='bbox 1247 1540 1415 1566; x_wconf 78' lang='grc' dir='ltr'>ἐνετείλατο</span> <span class='ocrx_word' id='word_1_552' title='bbox 1431 1537 1539 1572; x_wconf 80' lang='grc' dir='ltr'><em>Κύριος</em></span> <span class='ocrx_word' id='word_1_553' title='bbox 1558 1537 1615 1572; x_wconf 81' lang='grc' dir='ltr'><strong>τὴν</strong></span> <span class='ocrx_word' id='word_1_554' title='bbox 1630 1536 1785 1571; x_wconf 78' lang='grc' dir='ltr'><strong>εὐλογίαν,</strong></span> <span class='ocrx_word' id='word_1_555' title='bbox 1803 1536 1854 1562; x_wconf 75' lang='grc' dir='ltr'><em>καὶ</em></span> 
     </span>
    </p>
   </div>
   <div class='ocr_carea' id='block_1_88' title="bbox 1065 1581 1856 1620">
    <p class='ocr_par' dir='ltr' id='par_1_88' title="bbox 1065 1581 1856 1620">
     <span class='ocr_line' id='line_1_88' title="bbox 1065 1581 1856 1620; baseline -0.008 -8"><span class='ocrx_word' id='word_1_556' title='bbox 1065 1585 1141 1620; x_wconf 78' lang='grc' dir='ltr'><strong>ζωὴν</strong></span> <span class='ocrx_word' id='word_1_557' title='bbox 1160 1585 1214 1618; x_wconf 81' lang='grc' dir='ltr'><strong>ἓως</strong></span> <span class='ocrx_word' id='word_1_558' title='bbox 1235 1585 1287 1612; x_wconf 84' lang='grc' dir='ltr'><strong>τοῦ</strong></span> <span class='ocrx_word' id='word_1_559' title='bbox 1303 1584 1417 1616; x_wconf 74' lang='grc' dir='ltr'><em>αἰῶνος.</em></span> <span class='ocrx_word' id='word_1_560' title='bbox 1438 1583 1526 1616; x_wconf 79' lang='grc' dir='ltr'><strong>Ἐκεῖ,</strong></span> <span class='ocrx_word' id='word_1_561' title='bbox 1548 1582 1613 1617; x_wconf 75' lang='grc' dir='ltr'><strong>φησί</strong></span> <span class='ocrx_word' id='word_1_562' title='bbox 1629 1591 1636 1597; x_wconf 85' lang='grc'>·</span> <span class='ocrx_word' id='word_1_563' title='bbox 1653 1581 1732 1616; x_wconf 78' lang='grc' dir='ltr'>δῆλον</span> <span class='ocrx_word' id='word_1_564' title='bbox 1749 1581 1788 1612; x_wconf 84' lang='grc' dir='ltr'><strong>δὲ,</strong></span> <span class='ocrx_word' id='word_1_565' title='bbox 1812 1581 1856 1607; x_wconf 71' lang='grc' dir='ltr'><strong>ἕπε</strong></span> 
     </span>
    </p>
   </div>
   <div class='ocr_carea' id='block_1_89' title="bbox 1064 1625 1855 1667">
    <p class='ocr_par' dir='ltr' id='par_1_89' title="bbox 1064 1625 1855 1667">
     <span class='ocr_line' id='line_1_89' title="bbox 1064 1625 1855 1667; baseline -0.009 -10"><span class='ocrx_word' id='word_1_566' title='bbox 1064 1630 1128 1667; x_wconf 82' lang='grc' dir='ltr'>παρ’</span> <span class='ocrx_word' id='word_1_567' title='bbox 1147 1631 1238 1662; x_wconf 78' lang='grc' dir='ltr'>αὐτοῖς</span> <span class='ocrx_word' id='word_1_568' title='bbox 1254 1631 1309 1661; x_wconf 81' lang='grc' dir='ltr'>τοῖς</span> <span class='ocrx_word' id='word_1_569' title='bbox 1328 1628 1500 1655; x_wconf 80' lang='grc' dir='ltr'><strong>κατοικοῦσιν</strong></span> <span class='ocrx_word' id='word_1_570' title='bbox 1517 1626 1640 1660; x_wconf 82' lang='grc' dir='ltr'><strong>ἀδελφοῖς</strong></span> <span class='ocrx_word' id='word_1_571' title='bbox 1657 1627 1702 1652; x_wconf 70' lang='grc' dir='ltr'><strong>ἐπὶ</strong></span> <span class='ocrx_word' id='word_1_572' title='bbox 1719 1625 1749 1651; x_wconf 77' lang='grc' dir='ltr'>τὸ</span> <span class='ocrx_word' id='word_1_573' title='bbox 1765 1625 1833 1651; x_wconf 72' lang='grc' dir='ltr'>αὐτό</span> <span class='ocrx_word' id='word_1_574' title='bbox 1848 1636 1855 1641; x_wconf 90' lang='grc'><strong>·</strong></span> 
     </span>
    </p>
   </div>
   <div class='ocr_carea' id='block_1_90' title="bbox 1064 1671 1853 1711">
    <p class='ocr_par' dir='ltr' id='par_1_90' title="bbox 1064 1671 1853 1711">
     <span class='ocr_line' id='line_1_90' title="bbox 1064 1671 1853 1711; baseline -0.006 -8"><span class='ocrx_word' id='word_1_575' title='bbox 1064 1677 1112 1703; x_wconf 79' lang='grc' dir='ltr'><em>καὶ</em></span> <span class='ocrx_word' id='word_1_576' title='bbox 1128 1675 1221 1709; x_wconf 85' lang='grc' dir='ltr'><em>ζωήν·</em></span> <span class='ocrx_word' id='word_1_577' title='bbox 1245 1675 1276 1701; x_wconf 84' lang='grc' dir='ltr'>οὺ</span> <span class='ocrx_word' id='word_1_578' title='bbox 1300 1675 1350 1710; x_wconf 77' lang='grc' dir='ltr'>τὴν</span> <span class='ocrx_word' id='word_1_579' title='bbox 1371 1673 1521 1710; x_wconf 79' lang='grc' dir='ltr'><strong>τυχοῦσαν,</strong></span> <span class='ocrx_word' id='word_1_580' title='bbox 1542 1673 1610 1711; x_wconf 56' lang='grc' dir='ltr'><strong>ἀλλὰ</strong></span> <span class='ocrx_word' id='word_1_581' title='bbox 1635 1672 1684 1707; x_wconf 77' lang='grc' dir='ltr'>τὴν</span> <span class='ocrx_word' id='word_1_582' title='bbox 1707 1671 1853 1698; x_wconf 79' lang='grc' dir='ltr'>ἀθάνατον.</span> 
     </span>
    </p>
   </div>
   <div class='ocr_carea' id='block_1_91' title="bbox 1070 1717 1855 1757">
    <p class='ocr_par' dir='ltr' id='par_1_91' title="bbox 1070 1717 1855 1757">
     <span class='ocr_line' id='line_1_91' title="bbox 1070 1717 1855 1757; baseline -0.008 -9"><span class='ocrx_word' id='word_1_583' title='bbox 1070 1722 1131 1748; x_wconf 69' lang='grc' dir='ltr'><strong>Ἐπὶ</strong></span> <span class='ocrx_word' id='word_1_584' title='bbox 1143 1722 1192 1757; x_wconf 89' lang='grc' dir='ltr'>τὴν</span> <span class='ocrx_word' id='word_1_585' title='bbox 1212 1720 1282 1747; x_wconf 89' lang='grc' dir='ltr'><strong>Σιὼν</strong></span> <span class='ocrx_word' id='word_1_586' title='bbox 1299 1720 1353 1755; x_wconf 79' lang='grc' dir='ltr'><strong>γὰρ</strong></span> <span class='ocrx_word' id='word_1_587' title='bbox 1368 1721 1385 1756; x_wconf 82' lang='grc' dir='ltr'><strong>ἡ</strong></span> <span class='ocrx_word' id='word_1_588' title='bbox 1399 1719 1446 1747; x_wconf 82' lang='grc' dir='ltr'><strong>τοῦ</strong></span> <span class='ocrx_word' id='word_1_589' title='bbox 1463 1719 1595 1754; x_wconf 81' lang='grc' dir='ltr'>παναγίου</span> <span class='ocrx_word' id='word_1_590' title='bbox 1622 1718 1781 1752; x_wconf 84' lang='grc' dir='ltr'>Πνεὺματος</span> <span class='ocrx_word' id='word_1_591' title='bbox 1805 1717 1855 1743; x_wconf 73' lang='grc' dir='ltr'><strong>ἐπὶ</strong></span> 
     </span>
    </p>
   </div>
   <div class='ocr_carea' id='block_1_92' title="bbox 1062 1762 1854 1802">
    <p class='ocr_par' dir='ltr' id='par_1_92' title="bbox 1062 1762 1854 1802">
     <span class='ocr_line' id='line_1_92' title="bbox 1062 1762 1854 1802; baseline -0.006 -8"><span class='ocrx_word' id='word_1_592' title='bbox 1062 1768 1126 1799; x_wconf 81' lang='grc' dir='ltr'>τοὺς</span> <span class='ocrx_word' id='word_1_593' title='bbox 1151 1768 1239 1802; x_wconf 85' lang='grc' dir='ltr'>ἱεροὺς</span> <span class='ocrx_word' id='word_1_594' title='bbox 1254 1766 1419 1798; x_wconf 79' lang='grc' dir='ltr'><strong>ἀποστόλους</strong></span> <span class='ocrx_word' id='word_1_595' title='bbox 1440 1764 1569 1797; x_wconf 80' lang='grc' dir='ltr'><strong>ζωοποιὸς</strong></span> <span class='ocrx_word' id='word_1_596' title='bbox 1588 1763 1769 1798; x_wconf 64' lang='grc' dir='ltr'>κατεπέμφθη</span> <span class='ocrx_word' id='word_1_597' title='bbox 1789 1762 1854 1798; x_wconf 81' lang='grc' dir='ltr'><strong>δρό-</strong></span> 
     </span>
    </p>
   </div>
   <div class='ocr_carea' id='block_1_93' title="bbox 1064 1810 1854 1849">
    <p class='ocr_par' dir='ltr' id='par_1_93' title="bbox 1064 1810 1854 1849">
     <span class='ocr_line' id='line_1_93' title="bbox 1064 1810 1854 1849; baseline -0.006 -9"><span class='ocrx_word' id='word_1_598' title='bbox 1064 1822 1119 1845; x_wconf 80' lang='grc' dir='ltr'><strong>σος,</strong></span> <span class='ocrx_word' id='word_1_599' title='bbox 1133 1814 1166 1840; x_wconf 85' lang='grc' dir='ltr'><strong>δι’</strong></span> <span class='ocrx_word' id='word_1_600' title='bbox 1184 1812 1218 1849; x_wconf 84' lang='grc' dir='ltr'><strong>ἦς</strong></span> <span class='ocrx_word' id='word_1_601' title='bbox 1235 1813 1353 1844; x_wconf 73' lang='grc' dir='ltr'>ἅπαντες</span> <span class='ocrx_word' id='word_1_602' title='bbox 1375 1813 1400 1839; x_wconf 86' lang='grc' dir='ltr'><strong>οἱ</strong></span> <span class='ocrx_word' id='word_1_603' title='bbox 1422 1812 1594 1843; x_wconf 79' lang='grc' dir='ltr'>πιστεύοντες</span> <span class='ocrx_word' id='word_1_604' title='bbox 1613 1812 1663 1846; x_wconf 81' lang='grc' dir='ltr'><strong>τὴν</strong></span> <span class='ocrx_word' id='word_1_605' title='bbox 1678 1810 1788 1837; x_wconf 74' lang='grc' dir='ltr'>αἰώνιον</span> <span class='ocrx_word' id='word_1_606' title='bbox 1807 1810 1854 1836; x_wconf 83' lang='grc' dir='ltr'><strong>εὑ-</strong></span> 
     </span>
    </p>
   </div>
   <div class='ocr_carea' id='block_1_94' title="bbox 1062 1853 1852 1892">
    <p class='ocr_par' dir='ltr' id='par_1_94' title="bbox 1062 1853 1852 1892">
     <span class='ocr_line' id='line_1_94' title="bbox 1062 1853 1852 1892; baseline -0.006 -8"><span class='ocrx_word' id='word_1_607' title='bbox 1062 1858 1154 1892; x_wconf 72' lang='grc' dir='ltr'>λογῐαν</span> <span class='ocrx_word' id='word_1_608' title='bbox 1178 1858 1358 1892; x_wconf 78' lang='grc' dir='ltr'><strong>καρποῦνται.</strong></span> <span class='ocrx_word' id='word_1_609' title='bbox 1380 1857 1506 1883; x_wconf 85' lang='grc' dir='ltr'>Ἐκείνων</span> <span class='ocrx_word' id='word_1_610' title='bbox 1520 1856 1574 1891; x_wconf 80' lang='grc' dir='ltr'><strong>γὰρ</strong></span> <span class='ocrx_word' id='word_1_611' title='bbox 1586 1853 1619 1890; x_wconf 84' lang='grc' dir='ltr'>ἦν</span> <span class='ocrx_word' id='word_1_612' title='bbox 1633 1856 1649 1889; x_wconf 88' lang='grc' dir='ltr'>ἡ</span> <span class='ocrx_word' id='word_1_613' title='bbox 1662 1854 1760 1889; x_wconf 77' lang='grc' dir='ltr'><strong>καρδία</strong></span> <span class='ocrx_word' id='word_1_614' title='bbox 1776 1854 1822 1880; x_wconf 78' lang='grc' dir='ltr'>καὶ</span> <span class='ocrx_word' id='word_1_615' title='bbox 1833 1855 1852 1889; x_wconf 85' lang='grc' dir='ltr'><strong>ἠ</strong></span> 
     </span>
    </p>
   </div>
   <div class='ocr_carea' id='block_1_95' title="bbox 1062 1903 1206 1939">
    <p class='ocr_par' dir='ltr' id='par_1_95' title="bbox 1062 1903 1206 1939">
     <span class='ocr_line' id='line_1_95' title="bbox 1062 1903 1206 1939; baseline 0 0"><span class='ocrx_word' id='word_1_616' title='bbox 1062 1903 1135 1939; x_wconf 82' lang='grc' dir='ltr'><strong>ψυχὴ</strong></span> <span class='ocrx_word' id='word_1_617' title='bbox 1148 1903 1206 1939; x_wconf 82' lang='grc' dir='ltr'><strong>μία-</strong></span> 
     </span>
    </p>
   </div>
   <div class='ocr_carea' id='block_1_96' title="bbox 1228 1947 1692 1984">
    <p class='ocr_par' dir='ltr' id='par_1_96' title="bbox 1228 1947 1692 1984">
     <span class='ocr_line' id='line_1_96' title="bbox 1228 1947 1692 1984; baseline -0.009 -8"><span class='ocrx_word' id='word_1_618' title='bbox 1228 1949 1297 1984; x_wconf 80' lang='grc' dir='ltr'><em>’ῼδὴ</em></span> <span class='ocrx_word' id='word_1_619' title='bbox 1320 1948 1378 1975; x_wconf 82' lang='grc' dir='ltr'><strong>τῶν</strong></span> <span class='ocrx_word' id='word_1_620' title='bbox 1397 1947 1583 1982; x_wconf 77' lang='grc' dir='ltr'><strong>ἀναϐαθμῶν.</strong></span> <span class='ocrx_word' id='word_1_621' title='bbox 1599 1947 1692 1973; x_wconf 82' lang='lat' dir='ltr'><strong>PAI&quot;.</strong></span> 
     </span>
    </p>
   </div>
   <div class='ocr_carea' id='block_1_97' title="bbox 1104 1990 1854 2028">
    <p class='ocr_par' dir='ltr' id='par_1_97' title="bbox 1104 1990 1854 2028">
     <span class='ocr_line' id='line_1_97' title="bbox 1104 1990 1854 2028; baseline -0.001 -8"><span class='ocrx_word' id='word_1_622' title='bbox 1104 1993 1177 2020; x_wconf 82' lang='grc' dir='ltr'><strong>Ἰδοὺ</strong></span> <span class='ocrx_word' id='word_1_623' title='bbox 1192 1993 1230 2027; x_wconf 78' lang='grc' dir='ltr'><strong>δὴ</strong></span> <span class='ocrx_word' id='word_1_624' title='bbox 1245 1993 1395 2028; x_wconf 74' lang='grc' dir='ltr'><strong>εὐλογεῖτε</strong></span> <span class='ocrx_word' id='word_1_625' title='bbox 1412 1992 1466 2019; x_wconf 85' lang='grc' dir='ltr'><strong>τὸν</strong></span> <span class='ocrx_word' id='word_1_626' title='bbox 1482 1993 1601 2026; x_wconf 83' lang='grc' dir='ltr'><strong>Κύριον,</strong></span> <span class='ocrx_word' id='word_1_627' title='bbox 1617 1991 1730 2024; x_wconf 77' lang='grc' dir='ltr'><em>πάντες</em></span> <span class='ocrx_word' id='word_1_628' title='bbox 1740 1993 1768 2018; x_wconf 79' lang='grc' dir='ltr'><em>οι</em></span> <span class='ocrx_word' id='word_1_629' title='bbox 1784 1990 1854 2019; x_wconf 69' lang='grc' dir='ltr'><strong>δοῦο</strong></span> 
     </span>
    </p>
   </div>
   <div class='ocr_carea' id='block_1_98' title="bbox 1062 2041 1244 2074">
    <p class='ocr_par' dir='ltr' id='par_1_98' title="bbox 1062 2041 1244 2074">
     <span class='ocr_line' id='line_1_98' title="bbox 1062 2041 1244 2074; baseline -0.016 -6"><span class='ocrx_word' id='word_1_630' title='bbox 1062 2042 1111 2068; x_wconf 72' lang='grc' dir='ltr'><em>,ποι</em></span> <span class='ocrx_word' id='word_1_631' title='bbox 1123 2041 1244 2074; x_wconf 80' lang='grc' dir='ltr'><strong>Κυρίου.</strong></span> 
     </span>
    </p>
   </div>
   <div class='ocr_carea' id='block_1_99' title="bbox 1374 2085 1542 2117">
    <p class='ocr_par' dir='ltr' id='par_1_99' title="bbox 1374 2085 1542 2117">
     <span class='ocr_line' id='line_1_99' title="bbox 1374 2085 1542 2117; baseline -0.006 -6"><span class='ocrx_word' id='word_1_632' title='bbox 1374 2085 1380 2093; x_wconf 85' lang='grc'><strong>’</strong></span> <span class='ocrx_word' id='word_1_633' title='bbox 1388 2086 1542 2117; x_wconf 80' lang='grc' dir='ltr'><strong>Υπόθεσις.</strong></span> 
     </span>
    </p>
   </div>
   <div class='ocr_carea' id='block_1_100' title="bbox 1068 2129 1856 2166">
    <p class='ocr_par' dir='ltr' id='par_1_100' title="bbox 1068 2129 1856 2166">
     <span class='ocr_line' id='line_1_100' title="bbox 1068 2129 1856 2166; baseline -0.004 -8"><span class='ocrx_word' id='word_1_634' title='bbox 1068 2131 1101 2158; x_wconf 85' lang='grc' dir='ltr'><strong>Ἦ</strong></span> <span class='ocrx_word' id='word_1_635' title='bbox 1123 2130 1351 2166; x_wconf 77' lang='grc' dir='ltr'>πεντεκαιδεκάτη</span> <span class='ocrx_word' id='word_1_636' title='bbox 1366 2130 1420 2166; x_wconf 82' lang='grc' dir='ltr'><strong>ᾠδὴ</strong></span> <span class='ocrx_word' id='word_1_637' title='bbox 1435 2132 1492 2161; x_wconf 81' lang='grc' dir='ltr'>τοῖς</span> <span class='ocrx_word' id='word_1_638' title='bbox 1516 2130 1555 2156; x_wconf 76' lang='grc' dir='ltr'>ἐτι</span> <span class='ocrx_word' id='word_1_639' title='bbox 1583 2129 1798 2165; x_wconf 79' lang='grc' dir='ltr'><strong>κατηχουμένοις</strong></span> <span class='ocrx_word' id='word_1_640' title='bbox 1822 2129 1856 2156; x_wconf 80' lang='grc' dir='ltr'>ὲν</span> 
     </span>
    </p>
   </div>
   <div class='ocr_carea' id='block_1_101' title="bbox 1099 2175 1857 2214">
    <p class='ocr_par' dir='ltr' id='par_1_101' title="bbox 1099 2175 1857 2214">
     <span class='ocr_line' id='line_1_101' title="bbox 1099 2175 1857 2214; baseline -0.004 -10"><span class='ocrx_word' id='word_1_641' title='bbox 1099 2179 1132 2214; x_wconf 81' lang='grc' dir='ltr'>τῇ</span> <span class='ocrx_word' id='word_1_642' title='bbox 1154 2177 1301 2213; x_wconf 73' lang='grc' dir='ltr'><strong>Ἐκκλησία</strong></span> <span class='ocrx_word' id='word_1_643' title='bbox 1317 2178 1401 2203; x_wconf 69' lang='grc' dir='ltr'>αἰνεῖν</span> <span class='ocrx_word' id='word_1_644' title='bbox 1413 2177 1458 2203; x_wconf 85' lang='grc' dir='ltr'><strong>τὸν</strong></span> <span class='ocrx_word' id='word_1_645' title='bbox 1470 2176 1536 2202; x_wconf 75' lang='grc' dir='ltr'>Θεὸν</span> <span class='ocrx_word' id='word_1_646' title='bbox 1544 2175 1771 2212; x_wconf 81' lang='grc' dir='ltr'>παρακελεύεται.</span> <span class='ocrx_word' id='word_1_647' title='bbox 1785 2175 1857 2201; x_wconf 83' lang='grc' dir='ltr'><strong>Δού-</strong></span> 
     </span>
    </p>
   </div>
   <div class='ocr_carea' id='block_1_102' title="bbox 1100 2221 1856 2258">
    <p class='ocr_par' dir='ltr' id='par_1_102' title="bbox 1100 2221 1856 2258">
     <span class='ocr_line' id='line_1_102' title="bbox 1100 2221 1856 2258; baseline -0.004 -8"><span class='ocrx_word' id='word_1_648' title='bbox 1100 2223 1161 2254; x_wconf 92' lang='grc' dir='ltr'>λους</span> <span class='ocrx_word' id='word_1_649' title='bbox 1169 2223 1197 2249; x_wconf 83' lang='grc' dir='ltr'><strong>δὲ</strong></span> <span class='ocrx_word' id='word_1_650' title='bbox 1206 2224 1303 2254; x_wconf 71' lang='grc' dir='ltr'>αὐτοὺς</span> <span class='ocrx_word' id='word_1_651' title='bbox 1311 2223 1396 2255; x_wconf 83' lang='grc' dir='ltr'>καλεῖ,</span> <span class='ocrx_word' id='word_1_652' title='bbox 1408 2223 1456 2249; x_wconf 77' lang='grc' dir='ltr'><strong>ἅτε</strong></span> <span class='ocrx_word' id='word_1_653' title='bbox 1466 2223 1549 2258; x_wconf 83' lang='grc' dir='ltr'>μήπω</span> <span class='ocrx_word' id='word_1_654' title='bbox 1558 2223 1606 2257; x_wconf 86' lang='grc' dir='ltr'><strong>τῆς</strong></span> <span class='ocrx_word' id='word_1_655' title='bbox 1618 2221 1758 2253; x_wconf 78' lang='grc' dir='ltr'>υἱοθεσίας</span> <span class='ocrx_word' id='word_1_656' title='bbox 1769 2221 1856 2256; x_wconf 67' lang='grc' dir='ltr'><strong>ἠξιωο</strong></span> 
     </span>
    </p>
   </div>
   <div class='ocr_carea' id='block_1_103' title="bbox 1100 2267 1856 2306">
    <p class='ocr_par' dir='ltr' id='par_1_103' title="bbox 1100 2267 1856 2306">
     <span class='ocr_line' id='line_1_103' title="bbox 1100 2267 1856 2306; baseline -0.004 -10"><span class='ocrx_word' id='word_1_657' title='bbox 1100 2270 1207 2306; x_wconf 84' lang='grc' dir='ltr'>μένους.</span> <span class='ocrx_word' id='word_1_658' title='bbox 1217 2270 1265 2296; x_wconf 89' lang='grc' dir='ltr'><strong>Ἐν</strong></span> <span class='ocrx_word' id='word_1_659' title='bbox 1278 2269 1343 2302; x_wconf 84' lang='grc' dir='ltr'><em>ταῖς</em></span> <span class='ocrx_word' id='word_1_660' title='bbox 1352 2269 1442 2301; x_wconf 75' lang='grc' dir='ltr'><strong>νυξὶν</strong></span> <span class='ocrx_word' id='word_1_661' title='bbox 1455 2268 1582 2302; x_wconf 80' lang='grc' dir='ltr'><strong>ἐπάρατε</strong></span> <span class='ocrx_word' id='word_1_662' title='bbox 1593 2268 1645 2300; x_wconf 83' lang='grc' dir='ltr'><em>τὰς</em></span> <span class='ocrx_word' id='word_1_663' title='bbox 1653 2269 1755 2302; x_wconf 79' lang='grc' dir='ltr'><strong>χεῖρας</strong></span> <span class='ocrx_word' id='word_1_664' title='bbox 1767 2267 1856 2302; x_wconf 71' lang='grc' dir='ltr'>ὑμῶν</span> 
     </span>
    </p>
   </div>
   <div class='ocr_carea' id='block_1_104' title="bbox 1099 2313 1856 2350">
    <p class='ocr_par' dir='ltr' id='par_1_104' title="bbox 1099 2313 1856 2350">
     <span class='ocr_line' id='line_1_104' title="bbox 1099 2313 1856 2350; baseline -0.004 -7"><span class='ocrx_word' id='word_1_665' title='bbox 1099 2318 1141 2349; x_wconf 83' lang='grc' dir='ltr'><em>εις</em></span> <span class='ocrx_word' id='word_1_666' title='bbox 1157 2316 1193 2343; x_wconf 86' lang='grc' dir='ltr'>τὰ</span> <span class='ocrx_word' id='word_1_667' title='bbox 1206 2315 1283 2350; x_wconf 76' lang='grc' dir='ltr'><em>ἅγια.</em></span> <span class='ocrx_word' id='word_1_668' title='bbox 1312 2316 1355 2342; x_wconf 90' lang='grc' dir='ltr'>Ἐν</span> <span class='ocrx_word' id='word_1_669' title='bbox 1367 2316 1446 2342; x_wconf 77' lang='grc' dir='ltr'>νυκτὶ</span> <span class='ocrx_word' id='word_1_670' title='bbox 1462 2315 1502 2342; x_wconf 81' lang='grc' dir='ltr'><strong>ἑτι</strong></span> <span class='ocrx_word' id='word_1_671' title='bbox 1516 2315 1625 2341; x_wconf 81' lang='grc' dir='ltr'>ἑστάναι</span> <span class='ocrx_word' id='word_1_672' title='bbox 1642 2313 1743 2345; x_wconf 82' lang='grc' dir='ltr'>αὐτούς</span> <span class='ocrx_word' id='word_1_673' title='bbox 1757 2322 1856 2349; x_wconf 86' lang='grc' dir='ltr'><strong>φησιν,</strong></span> 
     </span>
    </p>
   </div>
   <div class='ocr_carea' id='block_1_105' title="bbox 1098 2359 1856 2398">
    <p class='ocr_par' dir='ltr' id='par_1_105' title="bbox 1098 2359 1856 2398">
     <span class='ocr_line' id='line_1_105' title="bbox 1098 2359 1856 2398; baseline -0.005 -9"><span class='ocrx_word' id='word_1_674' title='bbox 1098 2362 1145 2389; x_wconf 82' lang='grc' dir='ltr'>ἆτε</span> <span class='ocrx_word' id='word_1_675' title='bbox 1170 2362 1207 2398; x_wconf 83' lang='grc' dir='ltr'>μὴ</span> <span class='ocrx_word' id='word_1_676' title='bbox 1230 2362 1403 2397; x_wconf 82' lang='grc' dir='ltr'>φωτίσματος</span> <span class='ocrx_word' id='word_1_677' title='bbox 1421 2362 1467 2388; x_wconf 79' lang='grc' dir='ltr'>τοῦ</span> <span class='ocrx_word' id='word_1_678' title='bbox 1491 2361 1569 2395; x_wconf 80' lang='grc' dir='ltr'>ἁγίου</span> <span class='ocrx_word' id='word_1_679' title='bbox 1593 2359 1753 2396; x_wconf 82' lang='grc' dir='ltr'>Πνεὺματος</span> <span class='ocrx_word' id='word_1_680' title='bbox 1769 2359 1856 2395; x_wconf 72' lang='grc' dir='ltr'><strong>ἠξιω-</strong></span> 
     </span>
    </p>
   </div>
   <div class='ocr_carea' id='block_1_106' title="bbox 1100 2408 1206 2443">
    <p class='ocr_par' dir='ltr' id='par_1_106' title="bbox 1100 2408 1206 2443">
     <span class='ocr_line' id='line_1_106' title="bbox 1100 2408 1206 2443; baseline 0.009 -9"><span class='ocrx_word' id='word_1_681' title='bbox 1100 2408 1206 2443; x_wconf 83' lang='grc' dir='ltr'><strong>μένους.</strong></span> 
     </span>
    </p>
   </div>
   <div class='ocr_carea' id='block_1_107' title="bbox 1095 2449 1856 2487">
    <p class='ocr_par' dir='ltr' id='par_1_107' title="bbox 1095 2449 1856 2487">
     <span class='ocr_line' id='line_1_107' title="bbox 1095 2449 1856 2487; baseline -0.004 -8"><span class='ocrx_word' id='word_1_682' title='bbox 1095 2452 1267 2487; x_wconf 82' lang='grc' dir='ltr'><strong>Εὐλογήσαι</strong></span> <span class='ocrx_word' id='word_1_683' title='bbox 1286 2461 1322 2479; x_wconf 83' lang='grc' dir='ltr'>σε</span> <span class='ocrx_word' id='word_1_684' title='bbox 1346 2453 1455 2486; x_wconf 84' lang='grc' dir='ltr'><em>Κύριος</em></span> <span class='ocrx_word' id='word_1_685' title='bbox 1479 2452 1514 2478; x_wconf 84' lang='grc' dir='ltr'><strong><em>ἐκ</em></strong></span> <span class='ocrx_word' id='word_1_686' title='bbox 1541 2451 1626 2478; x_wconf 81' lang='grc' dir='ltr'><strong>Σιών.</strong></span> <span class='ocrx_word' id='word_1_687' title='bbox 1654 2451 1702 2477; x_wconf 85' lang='grc' dir='ltr'><strong>Ἐκ</strong></span> <span class='ocrx_word' id='word_1_688' title='bbox 1727 2450 1798 2477; x_wconf 87' lang='grc' dir='ltr'><strong>Σιὼν</strong></span> <span class='ocrx_word' id='word_1_689' title='bbox 1822 2449 1856 2477; x_wconf 83' lang='grc' dir='ltr'><strong>δέ</strong></span> 
     </span>
    </p>
   </div>
   <div class='ocr_carea' id='block_1_108' title="bbox 1063 2496 1855 2533">
    <p class='ocr_par' dir='ltr' id='par_1_108' title="bbox 1063 2496 1855 2533">
     <span class='ocr_line' id='line_1_108' title="bbox 1063 2496 1855 2533; baseline -0.004 -9"><span class='ocrx_word' id='word_1_690' title='bbox 1063 2506 1145 2533; x_wconf 84' lang='grc' dir='ltr'><strong>φησιν</strong></span> <span class='ocrx_word' id='word_1_691' title='bbox 1154 2506 1162 2513; x_wconf 88' lang='grc'><strong>·</strong></span> <span class='ocrx_word' id='word_1_692' title='bbox 1179 2497 1272 2532; x_wconf 81' lang='grc' dir='ltr'><strong>ἐπειδὴ</strong></span> <span class='ocrx_word' id='word_1_693' title='bbox 1287 2497 1334 2524; x_wconf 74' lang='grc' dir='ltr'>καὶ</span> <span class='ocrx_word' id='word_1_694' title='bbox 1343 2497 1461 2533; x_wconf 76' lang='grc' dir='ltr'>τοῦνομα</span> <span class='ocrx_word' id='word_1_695' title='bbox 1475 2496 1598 2523; x_wconf 84' lang='grc' dir='ltr'>ποθεινὸν</span> <span class='ocrx_word' id='word_1_696' title='bbox 1610 2497 1734 2531; x_wconf 81' lang='grc' dir='ltr'><strong>ὑπῆρχεν</strong></span> <span class='ocrx_word' id='word_1_697' title='bbox 1748 2497 1855 2527; x_wconf 78' lang='grc' dir='ltr'>αὐτοῖς,</span> 
     </span>
    </p>
   </div>
   <div class='ocr_carea' id='block_1_109' title="bbox 1062 2540 1854 2580">
    <p class='ocr_par' dir='ltr' id='par_1_109' title="bbox 1062 2540 1854 2580">
     <span class='ocr_line' id='line_1_109' title="bbox 1062 2540 1854 2580; baseline -0.003 -10"><span class='ocrx_word' id='word_1_698' title='bbox 1062 2544 1126 2572; x_wconf 75' lang='grc' dir='ltr'>ἔνθα</span> <span class='ocrx_word' id='word_1_699' title='bbox 1150 2544 1240 2580; x_wconf 84' lang='grc' dir='ltr'><strong>πάσης</strong></span> <span class='ocrx_word' id='word_1_700' title='bbox 1262 2544 1402 2578; x_wconf 79' lang='grc' dir='ltr'>ἁγιστείας</span> <span class='ocrx_word' id='word_1_701' title='bbox 1425 2543 1552 2575; x_wconf 83' lang='grc' dir='ltr'><strong>ὑπόθεσις</strong></span> <span class='ocrx_word' id='word_1_702' title='bbox 1575 2540 1621 2578; x_wconf 76' lang='grc' dir='ltr'><strong>ἦν.</strong></span> <span class='ocrx_word' id='word_1_703' title='bbox 1639 2540 1707 2569; x_wconf 75' lang='grc' dir='ltr'>Εἶτα</span> <span class='ocrx_word' id='word_1_704' title='bbox 1730 2542 1854 2569; x_wconf 81' lang='grc' dir='ltr'><strong>διδάσκει</strong></span> 
     </span>
    </p>
   </div>
   <div class='ocr_carea' id='block_1_110' title="bbox 1063 2587 1853 2624">
    <p class='ocr_par' dir='ltr' id='par_1_110' title="bbox 1063 2587 1853 2624">
     <span class='ocr_line' id='line_1_110' title="bbox 1063 2587 1853 2624; baseline 0 -10"><span class='ocrx_word' id='word_1_705' title='bbox 1063 2588 1230 2624; x_wconf 83' lang='grc' dir='ltr'>πανταχόθεν</span> <span class='ocrx_word' id='word_1_706' title='bbox 1246 2589 1338 2615; x_wconf 84' lang='grc' dir='ltr'>καλεῖν</span> <span class='ocrx_word' id='word_1_707' title='bbox 1356 2587 1442 2622; x_wconf 81' lang='grc' dir='ltr'>λέγων</span> <span class='ocrx_word' id='word_1_708' title='bbox 1454 2595 1460 2602; x_wconf 74' lang='grc'><strong><em>³</em></strong></span> <span class='ocrx_word' id='word_1_709' title='bbox 1482 2588 1513 2614; x_wconf 85' lang='lat'><strong>&#39;0</strong></span> <span class='ocrx_word' id='word_1_710' title='bbox 1538 2587 1669 2622; x_wconf 81' lang='grc' dir='ltr'><em>ποιήσας</em></span> <span class='ocrx_word' id='word_1_711' title='bbox 1694 2587 1749 2614; x_wconf 74' lang='grc' dir='ltr'><strong>τὸν</strong></span> <span class='ocrx_word' id='word_1_712' title='bbox 1764 2588 1853 2620; x_wconf 75' lang='grc' dir='ltr'><em>οὐρα-</em></span> 
     </span>
    </p>
   </div>
   <div class='ocr_carea' id='block_1_111' title="bbox 1061 2633 1340 2669">
    <p class='ocr_par' dir='ltr' id='par_1_111' title="bbox 1061 2633 1340 2669">
     <span class='ocr_line' id='line_1_111' title="bbox 1061 2633 1340 2669; baseline 0.004 -9"><span class='ocrx_word' id='word_1_713' title='bbox 1061 2633 1117 2661; x_wconf 79' lang='grc' dir='ltr'><strong>γὸν</strong></span> <span class='ocrx_word' id='word_1_714' title='bbox 1136 2634 1185 2661; x_wconf 77' lang='grc' dir='ltr'><em>καὶ</em></span> <span class='ocrx_word' id='word_1_715' title='bbox 1200 2634 1258 2668; x_wconf 76' lang='grc' dir='ltr'><strong>τὴν</strong></span> <span class='ocrx_word' id='word_1_716' title='bbox 1271 2634 1340 2669; x_wconf 76' lang='grc' dir='ltr'><strong>γῆν.</strong></span> 
     </span>
    </p>
   </div>
   <div class='ocr_carea' id='block_1_112' title="bbox 1311 2679 1600 2712">
    <p class='ocr_par' dir='ltr' id='par_1_112' title="bbox 1311 2679 1600 2712">
     <span class='ocr_line' id='line_1_112' title="bbox 1311 2679 1600 2712; baseline -0.003 -6"><span class='ocrx_word' id='word_1_717' title='bbox 1311 2679 1498 2712; x_wconf 76' lang='grc' dir='ltr'><strong>Ἆλληλούϊα.</strong></span> <span class='ocrx_word' id='word_1_718' title='bbox 1513 2680 1581 2705; x_wconf 73' lang='grc' dir='ltr'><strong>ΡΛΔ</strong></span> <span class='ocrx_word' id='word_1_719' title='bbox 1594 2699 1600 2705; x_wconf 98' lang='grc'>.</span> 
     </span>
    </p>
   </div>
   <div class='ocr_carea' id='block_1_113' title="bbox 1097 2721 1854 2759">
    <p class='ocr_par' dir='ltr' id='par_1_113' title="bbox 1097 2721 1854 2759">
     <span class='ocr_line' id='line_1_113' title="bbox 1097 2721 1854 2759; baseline -0.003 -8"><span class='ocrx_word' id='word_1_720' title='bbox 1097 2723 1210 2752; x_wconf 79' lang='grc' dir='ltr'>Αἰνεῖτε</span> <span class='ocrx_word' id='word_1_721' title='bbox 1224 2725 1257 2752; x_wconf 75' lang='grc' dir='ltr'>τὸ</span> <span class='ocrx_word' id='word_1_722' title='bbox 1273 2725 1365 2759; x_wconf 83' lang='grc' dir='ltr'><em>ὄνομα</em></span> <span class='ocrx_word' id='word_1_723' title='bbox 1380 2723 1502 2758; x_wconf 78' lang='lat' dir='ltr'><strong>Kuplov,</strong></span> <span class='ocrx_word' id='word_1_724' title='bbox 1522 2723 1645 2756; x_wconf 80' lang='grc' dir='ltr'><strong>αὶνεῖτε,</strong></span> <span class='ocrx_word' id='word_1_725' title='bbox 1658 2723 1773 2754; x_wconf 69' lang='grc' dir='ltr'><em>δοῦλοι,</em></span> <span class='ocrx_word' id='word_1_726' title='bbox 1792 2721 1854 2750; x_wconf 77' lang='grc' dir='ltr'><strong>Κύ-</strong></span> 
     </span>
    </p>
   </div>
  </div>
